|j|☆ViveCodin
|j|☆Casco Dentado
|html|ViveCodinCasco Dentado    
|uhtml|bestof|Game 3 of a best-of-3
|t:|1756054195
|gametype|doubles
|player|p1|ViveCodin|harmony|1213
|player|p2|Casco Dentado|will|1378
|gen|9
|tier|[Gen 9] VGC 2025 Reg H (Bo3)
|rated|
|rule|Species Clause: Limit one of each Pokémon
|rule|Item Clause: Limit 1 of each item
|clearpoke
|poke|p1|Volcarona, L50, M|
|poke|p1|Rillaboom, L50, F|
|poke|p1|Gholdengo, L50|
|poke|p1|Sneasler, L50, M|
|poke|p1|Dragonite, L50, F|
|poke|p1|Sinistcha-Masterpiece, L50|
|poke|p2|Maushold-Four, L50|
|poke|p2|Annihilape, L50, F|
|poke|p2|Klefki, L50, M|
|poke|p2|Sneasler, L50, M|
|poke|p2|Indeedee, L50, M|
|poke|p2|Meowscarada, L50, M|
|teampreview|4
|showteam|p1|Volcarona||CovertCloak|FlameBody|QuiverDance,HeatWave,TeraBlast,Protect|||M|||50|,,,,,Fairy]Rillaboom||AssaultVest|GrassySurge|Uturn,WoodHammer,GrassyGlide,FakeOut|||F|||50|,,,,,Fire]Gholdengo||MetalCoat|GoodasGold|MakeItRain,ShadowBall,NastyPlot,Protect||||||50|,,,,,Dragon]Sneasler||FocusSash|Unburden|DireClaw,CloseCombat,FakeOut,Protect|||M|||50|,,,,,Stellar]Dragonite||LoadedDice|Multiscale|ScaleShot,Tailwind,Haze,Protect|||F|||50|,,,,,Fairy]Sinistcha-Masterpiece||RockyHelmet|Hospitality|MatchaGotcha,RagePowder,TrickRoom,Imprison||||||50|,,,,,Dark
|showteam|p2|Maushold-Four||SafetyGoggles|FriendGuard|Protect,FollowMe,Taunt,BeatUp||||||50|,,,,,Ghost]Annihilape||Leftovers|Defiant|Protect,BulkUp,RageFist,DrainPunch|||F|||50|,,,,,Fire]Klefki||LightClay|Prankster|Reflect,LightScreen,ThunderWave,DazzlingGleam|||M|||50|,,,,,Ghost]Sneasler||PsychicSeed|Unburden|Protect,CloseCombat,DireClaw,ThroatChop|||M|||50|,,,,,Dark]Indeedee||FocusSash|PsychicSurge|TrickRoom,Imprison,ExpandingForce,HelpingHand|||M|||50|,,,,,Psychic]Meowscarada||ChoiceBand|Protean|FlowerTrick,TripleAxel,KnockOff,Uturn|||M|||50|,,,,,Grass
|inactive|Battle timer is ON: inactive players will automatically lose when time's up. (requested by ViveCodin)
|j| primarinamasona
|
|t:|1756054209
|teamsize|p1|4
|teamsize|p2|4
|start
|switch|p1a: Sneasler|Sneasler, L50, M|100/100
|switch|p1b: Dragonite|Dragonite, L50, F|100/100
|switch|p2a: 沁み込む|Klefki, L50, M|100/100
|switch|p2b: 雨景色|Annihilape, L50, F|100/100
|turn|1
|c|☆ViveCodin|tienes miedo al garra nocilla
|
|t:|1756054225
|switch|p1a: Gholdengo|Gholdengo, L50|100/100
|move|p2a: 沁み込む|Reflect|p2a: 沁み込む
|-sidestart|p2: Casco Dentado|Reflect
|move|p2b: 雨景色|Bulk Up|p2b: 雨景色
|-boost|p2b: 雨景色|atk|1
|-boost|p2b: 雨景色|def|1
|move|p1b: Dragonite|Tailwind|p1b: Dragonite
|-sidestart|p1: ViveCodin|move: Tailwind
|
|upkeep
|turn|2
|c|☆Casco Dentado|Mucho
|
|t:|1756054241
|-terastallize|p2b: 雨景色|Fire
|move|p2a: 沁み込む|Thunder Wave|p1b: Dragonite
|-status|p1b: Dragonite|par
|move|p1a: Gholdengo|Nasty Plot|p1a: Gholdengo
|-boost|p1a: Gholdengo|spa|2
|move|p2b: 雨景色|Rage Fist|p1a: Gholdengo
|-supereffective|p1a: Gholdengo
|-damage|p1a: Gholdengo|49/100
|move|p1b: Dragonite|Haze|p1b: Dragonite
|-clearallboost
|
|upkeep
|turn|3
|c|☆ViveCodin|voltereta
|c|☆Casco Dentado|???
|c| primarinamasona|xd
|c|☆ViveCodin|XDDDDD
|inactive|ViveCodin has 30 seconds left.
|inactive|Casco Dentado has 30 seconds left.
|
|t:|1756054269
|switch|p1b: Sinistcha|Sinistcha-Masterpiece, L50|100/100
|-heal|p1a: Gholdengo|74/100|[from] ability: Hospitality|[of] p1b: Sinistcha
|move|p2a: 沁み込む|Light Screen|p2a: 沁み込む
|-sidestart|p2: Casco Dentado|move: Light Screen
|move|p1a: Gholdengo|Nasty Plot|p1a: Gholdengo
|-boost|p1a: Gholdengo|spa|2
|move|p2b: 雨景色|Bulk Up|p2b: 雨景色
|-boost|p2b: 雨景色|atk|1
|-boost|p2b: 雨景色|def|1
|
|upkeep
|turn|4
|c|☆Casco Dentado|Jugada esquizofrenica
|
|t:|1756054293
|move|p1b: Sinistcha|Rage Powder|p1b: Sinistcha
|-singleturn|p1b: Sinistcha|move: Rage Powder
|move|p1a: Gholdengo|Nasty Plot|p1a: Gholdengo
|-boost|p1a: Gholdengo|spa|2
|move|p2b: 雨景色|Rage Fist|p1b: Sinistcha
|-supereffective|p1b: Sinistcha
|-damage|p1b: Sinistcha|47/100
|-damage|p2b: 雨景色|84/100|[from] item: Rocky Helmet|[of] p1b: Sinistcha
|move|p2a: 沁み込む|Dazzling Gleam|p1b: Sinistcha|[spread] p1a,p1b
|-resisted|p1a: Gholdengo
|-damage|p1a: Gholdengo|66/100
|-damage|p1b: Sinistcha|30/100
|
|-heal|p2b: 雨景色|90/100|[from] item: Leftovers
|-sideend|p1: ViveCodin|move: Tailwind
|upkeep
|turn|5
|c|☆ViveCodin|estoy locoooo
|
|t:|1756054319
|switch|p2a: くになる|Indeedee, L50, M|100/100
|-fieldstart|move: Psychic Terrain|[from] ability: Psychic Surge|[of] p2a: くになる
|move|p2b: 雨景色|Protect|p2b: 雨景色
|-singleturn|p2b: 雨景色|Protect
|move|p1b: Sinistcha|Rage Powder|p1b: Sinistcha
|-singleturn|p1b: Sinistcha|move: Rage Powder
|move|p1a: Gholdengo|Shadow Ball|p2b: 雨景色
|-activate|p2b: 雨景色|move: Protect
|
|-heal|p2b: 雨景色|97/100|[from] item: Leftovers
|upkeep
|turn|6
|
|t:|1756054343
|-terastallize|p1b: Sinistcha|Dark
|move|p1a: Gholdengo|Protect|p1a: Gholdengo
|-singleturn|p1a: Gholdengo|Protect
|move|p2a: くになる|Expanding Force|p1a: Gholdengo|[spread] 
|-activate|p1a: Gholdengo|move: Protect
|-immune|p1b: Sinistcha
|move|p2b: 雨景色|Rage Fist|p1a: Gholdengo
|-activate|p1a: Gholdengo|move: Protect
|move|p1b: Sinistcha|Trick Room|p1b: Sinistcha
|-fieldstart|move: Trick Room|[of] p1b: Sinistcha
|
|-heal|p2b: 雨景色|100/100|[from] item: Leftovers
|upkeep
|turn|7
|c| primarinamasona|porque a sinischa se le cuelgan los 2 huevos y se le mueven tanto?
|c|☆ViveCodin|ESTOY LOCOOOOOO
|
|t:|1756054363
|move|p2b: 雨景色|Protect|p2b: 雨景色
|-singleturn|p2b: 雨景色|Protect
|move|p1b: Sinistcha|Matcha Gotcha|p2a: くになる|[spread] p2a
|-activate|p2b: 雨景色|move: Protect
|-damage|p2a: くになる|80/100
|-heal|p1b: Sinistcha|38/100|[from] drain|[of] p2a: くになる
|-status|p2a: くになる|brn
|move|p1a: Gholdengo|Shadow Ball|p2b: 雨景色
|-activate|p2b: 雨景色|move: Protect
|move|p2a: くになる|Trick Room|p2a: くになる
|-fieldend|move: Trick Room
|
|-damage|p2a: くになる|74/100 brn|[from] brn
|upkeep
|turn|8
|c| primarinamasona|diablo
|inactive|ViveCodin has 30 seconds left.
|
|t:|1756054389
|move|p1b: Sinistcha|Rage Powder|p1b: Sinistcha
|-singleturn|p1b: Sinistcha|move: Rage Powder
|move|p2a: くになる|Expanding Force|p1a: Gholdengo|[spread] p1a
|-immune|p1b: Sinistcha
|-resisted|p1a: Gholdengo
|-damage|p1a: Gholdengo|40/100
|move|p2b: 雨景色|Drain Punch|p1b: Sinistcha
|-supereffective|p1b: Sinistcha
|-damage|p1b: Sinistcha|0 fnt
|-damage|p2b: 雨景色|84/100|[from] item: Rocky Helmet|[of] p1b: Sinistcha
|faint|p1b: Sinistcha
|move|p1a: Gholdengo|Make It Rain|p2a: くになる|[spread] p2a,p2b
|-resisted|p2b: 雨景色
|-crit|p2b: 雨景色
|-damage|p2a: くになる|0 fnt
|-damage|p2b: 雨景色|0 fnt
|-unboost|p1a: Gholdengo|spa|1
|faint|p2a: くになる
|faint|p2b: 雨景色
|
|-sideend|p2: Casco Dentado|Reflect
|upkeep
|c|☆Casco Dentado|Po na vaya por dios
|c| primarinamasona|pickpocket
|c| primarinamasona|pickpocket
|c|☆ViveCodin|attenzionne pickpocket
|
|t:|1756054414
|switch|p2a: 沁み込む|Klefki, L50, M|100/100
|switch|p2b: アンコールダンス|Sneasler, L50, M|100/100
|switch|p1b: Dragonite|Dragonite, L50, F|100/100 par
|-enditem|p2b: アンコールダンス|Psychic Seed
|-boost|p2b: アンコールダンス|spd|1|[from] item: Psychic Seed
|turn|9
|
|t:|1756054422
|move|p1a: Gholdengo|Protect|p1a: Gholdengo
|-singleturn|p1a: Gholdengo|Protect
|move|p2b: アンコールダンス|Throat Chop|p1a: Gholdengo
|-activate|p1a: Gholdengo|move: Protect
|move|p2a: 沁み込む|Dazzling Gleam|p1b: Dragonite|[spread] p1b
|-activate|p1a: Gholdengo|move: Protect
|-supereffective|p1b: Dragonite
|-damage|p1b: Dragonite|82/100 par
|cant|p1b: Dragonite|par
|
|-fieldend|move: Psychic Terrain
|upkeep
|turn|10
|
|t:|1756054437
|switch|p1a: Sneasler|Sneasler, L50, M|100/100
|move|p2b: アンコールダンス|Throat Chop|p1a: Sneasler
|-resisted|p1a: Sneasler
|-damage|p1a: Sneasler|74/100
|-start|p1a: Sneasler|Throat Chop|[silent]
|move|p2a: 沁み込む|Dazzling Gleam|p1a: Sneasler|[spread] p1a,p1b
|-supereffective|p1b: Dragonite
|-damage|p1a: Sneasler|49/100
|-damage|p1b: Dragonite|45/100 par
|move|p1b: Dragonite|Scale Shot|p2b: アンコールダンス
|-damage|p2b: アンコールダンス|77/100
|-damage|p2b: アンコールダンス|52/100
|-damage|p2b: アンコールダンス|27/100
|-damage|p2b: アンコールダンス|2/100
|-damage|p2b: アンコールダンス|0 fnt
|faint|p2b: アンコールダンス
|-hitcount|p2: アンコールダンス|5
|-unboost|p1b: Dragonite|def|1
|-boost|p1b: Dragonite|spe|1
|
|-sideend|p2: Casco Dentado|move: Light Screen
|upkeep
|turn|11
|
|t:|1756054453
|switch|p1b: Gholdengo|Gholdengo, L50|40/100
|move|p1a: Sneasler|Fake Out|p2a: 沁み込む
|-resisted|p2a: 沁み込む
|-damage|p2a: 沁み込む|94/100
|cant|p2a: 沁み込む|flinch
|
|-end|p1a: Sneasler|Throat Chop|[silent]
|upkeep
|turn|12
|c|☆Casco Dentado|A veces la vida no es como queremos
|
|t:|1756054461
|move|p1a: Sneasler|Close Combat|p2a: 沁み込む
|-damage|p2a: 沁み込む|39/100
|-unboost|p1a: Sneasler|def|1
|-unboost|p1a: Sneasler|spd|1
|move|p1b: Gholdengo|Nasty Plot|p1b: Gholdengo
|-boost|p1b: Gholdengo|spa|2
|move|p2a: 沁み込む|Dazzling Gleam|p1b: Gholdengo|[spread] p1a,p1b
|-resisted|p1b: Gholdengo
|-damage|p1a: Sneasler|11/100
|-damage|p1b: Gholdengo|30/100
|
|upkeep
|turn|13
|c|☆Casco Dentado|GG
|
|t:|1756054468
|move|p1a: Sneasler|Close Combat|p2a: 沁み込む
|-damage|p2a: 沁み込む|0 fnt
|-unboost|p1a: Sneasler|def|1
|-unboost|p1a: Sneasler|spd|1
|faint|p2a: 沁み込む
|
|win|ViveCodin
|raw|ViveCodin's rating: 1213 → 1249(+36 for winning)
|raw|Casco Dentado's rating: 1378 → 1349(-29 for losing)
|c| primarinamasona|Que divertida es reg h🗣️🔥
|c|☆ViveCodin|GG
|c|☆ViveCodin|sorry por la robada mesopotamica
|c|☆Casco Dentado|A mamar mardrago
|c|☆ViveCodin|AKJSKASJKAS
|c| primarinamasona|:(
|c|☆Casco Dentado|A jugar hasta noviembre :p
|l|☆Casco Dentado
|player|p2|
|c| primarinamasona|valep
