|j|☆fashoooo
|j|☆GUY FROM INSIDIOUS
|html|fashooooGUY FROM INSIDIOUS    
|uhtml|bestof|Game 2 of a best-of-3
|t:|1784764638
|gametype|doubles
|player|p1|fashoooo|grisham|1060
|player|p2|GUY FROM INSIDIOUS|ogreclan|1183
|gen|9
|tier|[Gen 9 Champions] VGC 2026 Reg M-B (Bo3)
|rated|
|rule|Species Clause: Limit one of each Pokémon
|rule|Item Clause: Limit 1 of each item
|clearpoke
|poke|p1|Tyranitar, L50, F|
|poke|p1|Excadrill, L50, F|
|poke|p1|Milotic, L50, F|
|poke|p1|Sinistcha, L50|
|poke|p1|Staraptor, L50, F|
|poke|p1|Gholdengo, L50|
|poke|p2|Metagross, L50, shiny|
|poke|p2|Basculegion, L50, M|
|poke|p2|Incineroar, L50, F|
|poke|p2|Floette-Eternal, L50, F|
|poke|p2|Hippowdon, L50, F, shiny|
|poke|p2|Lycanroc, L50, F, shiny|
|teampreview|4
|showteam|p1|Tyranitar||Tyranitarite|SandStream|KnockOff,RockSlide,HighHorsepower,Protect|Jolly||F|||50|]Excadrill||FocusSash|SandRush|Earthquake,IronHead,RockSlide,Protect|Adamant||F|||50|]Milotic||SitrusBerry|Competitive|Scald,IcyWind,Haze,Protect|Calm||F|||50|]Sinistcha||ColburBerry|Hospitality|MatchaGotcha,ShadowBall,Protect,RagePowder|Bold|||||50|]Staraptor||Staraptite|Intimidate|CloseCombat,BraveBird,Tailwind,Protect|Jolly||F|||50|]Gholdengo||LifeOrb|GoodasGold|MakeItRain,ShadowBall,NastyPlot,Protect|Modest|||||50|
|showteam|p2|Metagross||Metagrossite|ClearBody|BodyPress,CosmicPower,PsychicFangs,Protect|Careful|||||50|]Basculegion||FocusSash|Adaptability|Protect,Liquidation,LastRespects,AquaJet|Jolly||M|||50|]Incineroar||SitrusBerry|Intimidate|FakeOut,Protect,PartingShot,DarkestLariat|Impish||F|||50|]Floette-Eternal||Floettite|FlowerVeil|DazzlingGleam,Moonblast,CalmMind,Protect|Modest||F|||50|]Hippowdon||Leftovers|SandStream|Yawn,IronHead,RockSlide,Protect|Careful||F|||50|]Lycanroc||LifeOrb|SandRush|Accelerock,CloseCombat,Endeavor,RockSlide|Jolly||F|||50|
|inactive|Battle timer is ON: inactive players will automatically lose when time's up. (requested by GUY FROM INSIDIOUS)
|inactive|GUY FROM INSIDIOUS has 60 seconds left.
|
|t:|1784764674
|teamsize|p1|4
|teamsize|p2|4
|start
|switch|p1a: Gholdengo|Gholdengo, L50|100/100
|switch|p1b: Staraptor|Staraptor, L50, F|100/100
|switch|p2a: Metagross|Metagross, L50, shiny|100/100
|switch|p2b: Incineroar|Incineroar, L50, F|100/100
|-ability|p1b: Staraptor|Intimidate|boost
|-fail|p2a: Metagross|unboost|[from] ability: Clear Body|[of] p2a: Metagross
|-unboost|p2b: Incineroar|atk|1
|-ability|p2b: Incineroar|Intimidate|boost
|-unboost|p1a: Gholdengo|atk|1
|-unboost|p1b: Staraptor|atk|1
|turn|1
|inactive|fashoooo has 30 seconds left.
|inactive|fashoooo has 20 seconds left.
|inactive|fashoooo has 15 seconds left.
|inactive|fashoooo has 10 seconds left.
|
|t:|1784764722
|detailschange|p1b: Staraptor|Staraptor-Mega, L50, F
|-mega|p1b: Staraptor|Staraptor|Staraptite
|detailschange|p2a: Metagross|Metagross-Mega, L50, shiny
|-mega|p2a: Metagross|Metagross|Metagrossite
|move|p1b: Staraptor|Tailwind|p1b: Staraptor
|-sidestart|p1: fashoooo|move: Tailwind
|move|p1a: Gholdengo|Nasty Plot|p1a: Gholdengo
|-boost|p1a: Gholdengo|spa|2
|move|p2a: Metagross|Cosmic Power|p2a: Metagross
|-boost|p2a: Metagross|def|1
|-boost|p2a: Metagross|spd|1
|move|p2b: Incineroar|Darkest Lariat|p1a: Gholdengo
|-supereffective|p1a: Gholdengo|1
|-damage|p1a: Gholdengo|60/100
|
|upkeep
|turn|2
|inactive|GUY FROM INSIDIOUS has 30 seconds left.
|inactive|GUY FROM INSIDIOUS has 20 seconds left.
|inactive|GUY FROM INSIDIOUS has 15 seconds left.
|
|t:|1784764765
|switch|p2b: Hippowdon|Hippowdon, L50, F, shiny|100/100
|-weather|Sandstorm|[from] ability: Sand Stream|[of] p2b: Hippowdon
|move|p1b: Staraptor|Close Combat|p2b: Hippowdon
|-damage|p2b: Hippowdon|74/100
|-boost|p1b: Staraptor|def|1
|-boost|p1b: Staraptor|spd|1
|move|p1a: Gholdengo|Shadow Ball|p2a: Metagross
|-supereffective|p2a: Metagross|1
|-damage|p2a: Metagross|0 fnt
|faint|p2a: Metagross
|-damage|p1a: Gholdengo|51/100|[from] item: Life Orb
|
|-weather|Sandstorm|[upkeep]
|-damage|p1b: Staraptor|94/100|[from] Sandstorm
|-heal|p2b: Hippowdon|80/100|[from] item: Leftovers
|upkeep
|
|t:|1784764782
|switch|p2a: Incineroar|Incineroar, L50, F|100/100
|-ability|p2a: Incineroar|Intimidate|boost
|-unboost|p1a: Gholdengo|atk|1
|-boost|p1b: Staraptor|atk|1
|turn|3
|
|t:|1784764797
|move|p1b: Staraptor|Protect|p1b: Staraptor
|-singleturn|p1b: Staraptor|Protect
|move|p2a: Incineroar|Fake Out|p1b: Staraptor
|-activate|p1b: Staraptor|move: Protect
|move|p1a: Gholdengo|Shadow Ball|p2b: Hippowdon
|-damage|p2b: Hippowdon|13/100
|-unboost|p2b: Hippowdon|spd|1
|-damage|p1a: Gholdengo|41/100|[from] item: Life Orb
|move|p2b: Hippowdon|Rock Slide|p1b: Staraptor|[spread] p1a
|-activate|p1b: Staraptor|move: Protect
|-resisted|p1a: Gholdengo|1
|-damage|p1a: Gholdengo|35/100
|
|-weather|Sandstorm|[upkeep]
|-damage|p1b: Staraptor|88/100|[from] Sandstorm
|-damage|p2a: Incineroar|94/100|[from] Sandstorm
|-heal|p2b: Hippowdon|19/100|[from] item: Leftovers
|upkeep
|turn|4
|inactive|fashoooo has 30 seconds left.
|
|t:|1784764834
|switch|p2a: Basculegion|Basculegion, L50, M|100/100
|move|p1b: Staraptor|Close Combat|p2a: Basculegion
|-immune|p2a: Basculegion
|move|p1a: Gholdengo|Shadow Ball|p2b: Hippowdon
|-damage|p2b: Hippowdon|0 fnt
|faint|p2b: Hippowdon
|-damage|p1a: Gholdengo|25/100|[from] item: Life Orb
|
|-weather|Sandstorm|[upkeep]
|-damage|p1b: Staraptor|82/100|[from] Sandstorm
|-damage|p2a: Basculegion|93/100|[from] Sandstorm
|-sideend|p1: fashoooo|move: Tailwind
|upkeep
|
|t:|1784764847
|switch|p2b: Incineroar|Incineroar, L50, F|94/100
|-ability|p2b: Incineroar|Intimidate|boost
|-unboost|p1a: Gholdengo|atk|1
|-boost|p1b: Staraptor|atk|1
|turn|5
|inactive|GUY FROM INSIDIOUS has 30 seconds left.
|
|t:|1784764877
|move|p1b: Staraptor|Protect|p1b: Staraptor
|-singleturn|p1b: Staraptor|Protect
|move|p2b: Incineroar|Fake Out|p1b: Staraptor
|-activate|p1b: Staraptor|move: Protect
|move|p2a: Basculegion|Last Respects|p1a: Gholdengo
|-supereffective|p1a: Gholdengo|1
|-damage|p1a: Gholdengo|0 fnt
|faint|p1a: Gholdengo
|
|-weather|Sandstorm|[upkeep]
|-damage|p1b: Staraptor|76/100|[from] Sandstorm
|-damage|p2a: Basculegion|87/100|[from] Sandstorm
|-damage|p2b: Incineroar|88/100|[from] Sandstorm
|upkeep
|
|t:|1784764889
|switch|p1a: Sinistcha|Sinistcha, L50|100/100
|-heal|p1b: Staraptor|100/100|[from] ability: Hospitality|[of] p1a: Sinistcha
|turn|6
|
|t:|1784764899
|move|p1a: Sinistcha|Protect|p1a: Sinistcha
|-singleturn|p1a: Sinistcha|Protect
|move|p1b: Staraptor|Tailwind|p1b: Staraptor
|-sidestart|p1: fashoooo|move: Tailwind
|move|p2a: Basculegion|Last Respects|p1a: Sinistcha
|-activate|p1a: Sinistcha|move: Protect
|move|p2b: Incineroar|Darkest Lariat|p1a: Sinistcha
|-activate|p1a: Sinistcha|move: Protect
|
|-weather|none
|upkeep
|turn|7
|
|t:|1784764923
|move|p1b: Staraptor|Close Combat|p2b: Incineroar
|-supereffective|p2b: Incineroar|1
|-damage|p2b: Incineroar|0 fnt
|-boost|p1b: Staraptor|def|1
|-boost|p1b: Staraptor|spd|1
|faint|p2b: Incineroar
|move|p1a: Sinistcha|Matcha Gotcha|p2a: Basculegion
|-supereffective|p2a: Basculegion|1
|-damage|p2a: Basculegion|7/100
|move|p2a: Basculegion|Last Respects|p1a: Sinistcha
|-supereffective|p1a: Sinistcha|1
|-damage|p1a: Sinistcha|0 fnt
|faint|p1a: Sinistcha
|
|upkeep
|
|t:|1784764936
|switch|p1a: Tyranitar|Tyranitar, L50, F|100/100
|-weather|Sandstorm|[from] ability: Sand Stream|[of] p1a: Tyranitar
|turn|8
|-message|GUY FROM INSIDIOUS forfeited.
|
|win|fashoooo
