|j|â˜†Ayyofred
|j|â˜†TheDomainOfCheese
|html|AyyofredTheDomainOfCheese    
|uhtml|bestof|Game 1 of a best-of-3
|t:|1757644868
|gametype|doubles
|player|p1|Ayyofred|juggler|1112
|player|p2|TheDomainOfCheese|cynthia-gen4|1002
|gen|9
|tier|[Gen 9] VGC 2025 Reg H (Bo3)
|rated|
|rule|Species Clause: Limit one of each PokÃ©mon
|rule|Item Clause: Limit 1 of each item
|clearpoke
|poke|p1|Sneasler, L50, M|
|poke|p1|Rillaboom, L50, F|
|poke|p1|Dragapult, L50, M|
|poke|p1|Volcarona, L50, M|
|poke|p1|Whimsicott, L50, M|
|poke|p1|Primarina, L50, F|
|poke|p2|Incineroar, L50, M|
|poke|p2|Ursaluna, L50, M|
|poke|p2|Amoonguss, L50, M|
|poke|p2|Dragonite, L50, F|
|poke|p2|Rillaboom, L50, M|
|poke|p2|Medicham, L50, M|
|teampreview|4
|showteam|p1|Sneasler||FocusSash|PoisonTouch|FakeOut,CloseCombat,DireClaw,ThroatChop|||M|||50|,,,,,Grass]Rillaboom||RockyHelmet|GrassySurge|Protect,FakeOut,WoodHammer,HighHorsepower|||F|||50|,,,,,Fire]Dragapult||LifeOrb|ClearBody|Protect,DragonDarts,PhantomForce,SuckerPunch|||M|||50|,,,,,Fairy]Volcarona||Leftovers|FlameBody|Protect,QuiverDance,HeatWave,BugBuzz|||M|||50|,,,,,Steel]Whimsicott||CovertCloak|Prankster|Tailwind,SunnyDay,Encore,Endeavor|||M|||50|,,,,,Dark]Primarina||SitrusBerry|LiquidVoice|Protect,Moonblast,IceBeam,HyperVoice|||F|||50|,,,,,Poison
|showteam|p2|Incineroar||SafetyGoggles|Intimidate|FakeOut,KnockOff,PartingShot,FlareBlitz|||M|||50|,,,,,Grass]Ursaluna||FlameOrb|Guts|Facade,HeadlongRush,Earthquake,Protect|||M|||50|,,,,,Ghost]Amoonguss||SitrusBerry|Regenerator|Spore,RagePowder,PollenPuff,Protect|||M|||50|,,,,,Water]Dragonite||LoadedDice|Multiscale|Tailwind,ScaleShot,ExtremeSpeed,Protect|||F|||50|,,,,,Fairy]Rillaboom||AssaultVest|GrassySurge|FakeOut,GrassyGlide,WoodHammer,HighHorsepower|||M|||50|,,,,,Bug]Medicham||FocusSash|PurePower|FakeOut,TrickRoom,CloseCombat,PsychoCut|||M|||50|,,,,,Normal
|inactive|Battle timer is ON: inactive players will automatically lose when time's up. (requested by TheDomainOfCheese)
|inactive|Ayyofred has 60 seconds left.
|inactive|TheDomainOfCheese has 60 seconds left.
|inactive|Ayyofred has 30 seconds left.
|
|t:|1757644929
|teamsize|p1|4
|teamsize|p2|4
|start
|switch|p1a: Volcarona|Volcarona, L50, M|100/100
|switch|p1b: Primarina|Primarina, L50, F|100/100
|switch|p2a: Incineroar|Incineroar, L50, M|100/100
|switch|p2b: Medicham|Medicham, L50, M|100/100
|-ability|p2a: Incineroar|Intimidate|boost
|-unboost|p1a: Volcarona|atk|1
|-unboost|p1b: Primarina|atk|1
|turn|1
|
|t:|1757644951
|move|p1a: Volcarona|Protect|p1a: Volcarona
|-singleturn|p1a: Volcarona|Protect
|move|p1b: Primarina|Protect|p1b: Primarina
|-singleturn|p1b: Primarina|Protect
|move|p2a: Incineroar|Fake Out|p1b: Primarina
|-activate|p1b: Primarina|move: Protect
|move|p2b: Medicham|Trick Room|p2b: Medicham
|-fieldstart|move: Trick Room|[of] p2b: Medicham
|
|upkeep
|turn|2
|inactive|Ayyofred has 30 seconds left.
|inactive|TheDomainOfCheese has 30 seconds left.
|inactive|Ayyofred has 20 seconds left.
|inactive|Ayyofred has 15 seconds left.
|
|t:|1757644994
|switch|p1a: Sneasler|Sneasler, L50, M|100/100
|move|p2a: Incineroar|Parting Shot|p1b: Primarina
|-unboost|p1b: Primarina|atk|1
|-unboost|p1b: Primarina|spa|1
|
|t:|1757645000
|switch|p2a: Amoonguss|Amoonguss, L50, M|100/100|[from] Parting Shot
|move|p1b: Primarina|Hyper Voice|p2a: Amoonguss|[spread] p2a,p2b
|-resisted|p2a: Amoonguss
|-damage|p2a: Amoonguss|90/100
|-damage|p2b: Medicham|56/100
|move|p2b: Medicham|Psycho Cut|p1a: Sneasler
|-supereffective|p1a: Sneasler
|-enditem|p1a: Sneasler|Focus Sash
|-damage|p1a: Sneasler|1/100
|
|upkeep
|turn|3
|
|t:|1757645018
|move|p1a: Sneasler|Fake Out|p2a: Amoonguss
|-damage|p2a: Amoonguss|80/100
|cant|p2a: Amoonguss|flinch
|move|p1b: Primarina|Moonblast|p2b: Medicham
|-supereffective|p2b: Medicham
|-damage|p2b: Medicham|0 fnt
|faint|p2b: Medicham
|
|upkeep
|
|t:|1757645027
|switch|p2b: Incineroar|Incineroar, L50, M|100/100
|-ability|p2b: Incineroar|Intimidate|boost
|-unboost|p1a: Sneasler|atk|1
|-unboost|p1b: Primarina|atk|1
|turn|4
|
|t:|1757645036
|move|p1b: Primarina|Protect|p1b: Primarina
|-singleturn|p1b: Primarina|Protect
|move|p2b: Incineroar|Fake Out|p1a: Sneasler
|-damage|p1a: Sneasler|0 fnt
|faint|p1a: Sneasler
|move|p2a: Amoonguss|Spore|p1b: Primarina
|-activate|p1b: Primarina|move: Protect
|
|upkeep
|
|t:|1757645045
|switch|p1a: Volcarona|Volcarona, L50, M|100/100
|turn|5
|
|t:|1757645054
|move|p1a: Volcarona|Protect|p1a: Volcarona
|-singleturn|p1a: Volcarona|Protect
|move|p2a: Amoonguss|Spore|p1b: Primarina
|-status|p1b: Primarina|slp|[from] move: Spore
|move|p2b: Incineroar|Parting Shot|p1a: Volcarona
|-activate|p1a: Volcarona|move: Protect
|cant|p1b: Primarina|slp
|
|-fieldend|move: Trick Room
|upkeep
|turn|6
|
|t:|1757645077
|move|p2a: Amoonguss|Protect|p2a: Amoonguss
|-singleturn|p2a: Amoonguss|Protect
|move|p1a: Volcarona|Heat Wave|p2b: Incineroar|[spread] p2b
|-activate|p2a: Amoonguss|move: Protect
|-resisted|p2b: Incineroar
|-damage|p2b: Incineroar|87/100
|cant|p1b: Primarina|slp
|move|p2b: Incineroar|Parting Shot|p1a: Volcarona
|-unboost|p1a: Volcarona|atk|1
|-unboost|p1a: Volcarona|spa|1
|
|t:|1757645087
|switch|p2b: Ursaluna|Ursaluna, L50, M, shiny|100/100|[from] Parting Shot
|
|-status|p2b: Ursaluna|brn|[from] item: Flame Orb
|upkeep
|turn|7
|inactive|TheDomainOfCheese has 30 seconds left.
|
|t:|1757645113
|move|p1a: Volcarona|Protect|p1a: Volcarona
|-singleturn|p1a: Volcarona|Protect
|cant|p1b: Primarina|slp
|move|p2a: Amoonguss|Rage Powder|p2a: Amoonguss
|-singleturn|p2a: Amoonguss|move: Rage Powder
|move|p2b: Ursaluna|Facade|p1b: Primarina
|-damage|p1b: Primarina|0 fnt
|faint|p1b: Primarina
|
|-damage|p2b: Ursaluna|95/100 brn|[from] brn
|upkeep
|
|t:|1757645123
|switch|p1b: Dragapult|Dragapult, L50, M|100/100
|turn|8
|inactive|Ayyofred has 30 seconds left.
|
|t:|1757645150
|switch|p2a: Incineroar|Incineroar, L50, M|87/100
|-ability|p2a: Incineroar|Intimidate|boost
|-unboost|p1a: Volcarona|atk|1
|-fail|p1b: Dragapult|unboost|[from] ability: Clear Body|[of] p1b: Dragapult
|move|p2b: Ursaluna|Protect|p2b: Ursaluna
|-singleturn|p2b: Ursaluna|Protect
|move|p1b: Dragapult|Phantom Force||[still]
|-prepare|p1b: Dragapult|Phantom Force
|move|p1a: Volcarona|Heat Wave|p2a: Incineroar|[spread] p2a
|-activate|p2b: Ursaluna|move: Protect
|-resisted|p2a: Incineroar
|-damage|p2a: Incineroar|79/100
|
|-damage|p2b: Ursaluna|89/100 brn|[from] brn
|upkeep
|turn|9
|
|t:|1757645166
|move|p1a: Volcarona|Protect|p1a: Volcarona
|-singleturn|p1a: Volcarona|Protect
|move|p2a: Incineroar|Fake Out|p1a: Volcarona
|-activate|p1a: Volcarona|move: Protect
|move|p1b: Dragapult|Phantom Force|p2a: Incineroar|[from] lockedmove
|-resisted|p2a: Incineroar
|-damage|p2a: Incineroar|51/100
|-damage|p1b: Dragapult|91/100|[from] item: Life Orb
|move|p2b: Ursaluna|Headlong Rush|p1b: Dragapult
|-damage|p1b: Dragapult|0 fnt
|-unboost|p2b: Ursaluna|def|1
|-unboost|p2b: Ursaluna|spd|1
|faint|p1b: Dragapult
|
|-damage|p2b: Ursaluna|83/100 brn|[from] brn
|upkeep
|turn|10
|
|t:|1757645187
|move|p1a: Volcarona|Bug Buzz|p2b: Ursaluna
|-damage|p2b: Ursaluna|41/100 brn
|move|p2b: Ursaluna|Facade|p1a: Volcarona
|-damage|p1a: Volcarona|0 fnt
|faint|p1a: Volcarona
|
|win|TheDomainOfCheese
|l|â˜†Ayyofred
|player|p1|
||TheDomainOfCheese is ready for game 2.
||Ayyofred is ready for game 2.
|uhtml|next|Next: Game 2 of 3
|l|â˜†TheDomainOfCheese
|player|p2|
