|j|☆wittraid
|j|☆chalizhou
|html|wittraidchalizhou    
|uhtml|bestof|Game 1 of a best-of-3
|t:|1756913604
|gametype|doubles
|player|p1|wittraid|1|1160
|player|p2|chalizhou|rosa|1175
|gen|9
|tier|[Gen 9] VGC 2025 Reg H (Bo3)
|rated|
|rule|Species Clause: Limit one of each Pokémon
|rule|Item Clause: Limit 1 of each item
|clearpoke
|poke|p1|Pelipper, L50, F|
|poke|p1|Archaludon, L50, F|
|poke|p1|Basculegion, L50, M|
|poke|p1|Incineroar, L50, F|
|poke|p1|Sinistcha-Masterpiece, L50|
|poke|p1|Dragonite, L50, F|
|poke|p2|Flamigo, L50, F|
|poke|p2|Falinks, L50|
|poke|p2|Smeargle, L50, M|
|poke|p2|Rillaboom, L50, M|
|poke|p2|Incineroar, L50, F|
|poke|p2|Dragonite, L50, M|
|teampreview|4
|showteam|p1|Pelipper||FocusSash|Drizzle|Tailwind,WideGuard,Hurricane,Protect|||F|||50|,,,,,Ghost]Archaludon||AssaultVest|Stamina|ElectroShot,DragonPulse,BodyPress,Snarl|||F|||50|,,,,,Grass]Basculegion||ChoiceBand|SwiftSwim|WaveCrash,LastRespects,AquaJet,FlipTurn|||M|||50|,,,,,Grass]Incineroar||SafetyGoggles|Intimidate|FakeOut,KnockOff,Taunt,PartingShot|||F|||50|,,,,,Ghost]Sinistcha-Masterpiece||SitrusBerry|Hospitality|RagePowder,MatchaGotcha,TrickRoom,Protect||||||50|,,,,,Fairy]Dragonite||LoadedDice|InnerFocus|ScaleShot,ExtremeSpeed,Haze,Protect|||F|||50|,,,,,Normal
|showteam|p2|Flamigo||ChoiceScarf|Costar|LowKick,DualWingbeat,Lunge,ThroatChop|||F|||50|,,,,,Stellar]Falinks||AguavBerry|Defiant|CloseCombat,RockSlide,Protect,NoRetreat||||||50|,,,,,Ground]Smeargle||FocusSash|OwnTempo|Spore,Decorate,FakeOut,Tailwind|||M|||50|,,,,,Normal]Rillaboom||MiracleSeed|GrassySurge|WoodHammer,FakeOut,Protect,GrassyGlide|||M|||50|,,,,,Grass]Incineroar||AssaultVest|Intimidate|FakeOut,FlareBlitz,KnockOff,Uturn|||F|||50|,,,,,Water]Dragonite||LoadedDice|Multiscale|Roost,Tailwind,ScaleShot,Haze|||M|||50|,,,,,Dragon
|inactive|Battle timer is ON: inactive players will automatically lose when time's up. (requested by wittraid)
|inactive|wittraid has 60 seconds left.
|
|t:|1756913643
|teamsize|p1|4
|teamsize|p2|4
|start
|switch|p1a: Pelipper|Pelipper, L50, F|100/100
|switch|p1b: Archaludon|Archaludon, L50, F|100/100
|switch|p2a: Falinks|Falinks, L50|100/100
|switch|p2b: Smeargle|Smeargle, L50, M, shiny|100/100
|-weather|RainDance|[from] ability: Drizzle|[of] p1a: Pelipper
|turn|1
|
|t:|1756913662
|-terastallize|p1b: Archaludon|Grass
|move|p2a: Falinks|Protect|p2a: Falinks
|-singleturn|p2a: Falinks|Protect
|move|p2b: Smeargle|Decorate|p2a: Falinks
|-boost|p2a: Falinks|atk|2
|-boost|p2a: Falinks|spa|2
|move|p1b: Archaludon|Electro Shot||[still]
|-prepare|p1b: Archaludon|Electro Shot
|-boost|p1b: Archaludon|spa|1
|-anim|p1b: Archaludon|Electro Shot|p2b: Smeargle
|-enditem|p2b: Smeargle|Focus Sash
|-damage|p2b: Smeargle|1/100
|move|p1a: Pelipper|Hurricane|p2a: Falinks
|-activate|p2a: Falinks|move: Protect
|
|-weather|RainDance|[upkeep]
|upkeep
|turn|2
|inactive|chalizhou has 30 seconds left.
|inactive|chalizhou has 20 seconds left.
|inactive|chalizhou has 15 seconds left.
|
|t:|1756913702
|move|p2b: Smeargle|Spore|p1a: Pelipper
|-status|p1a: Pelipper|slp|[from] move: Spore
|move|p2a: Falinks|No Retreat|p2a: Falinks
|-boost|p2a: Falinks|atk|1
|-boost|p2a: Falinks|def|1
|-boost|p2a: Falinks|spa|1
|-boost|p2a: Falinks|spd|1
|-boost|p2a: Falinks|spe|1
|-start|p2a: Falinks|move: No Retreat
|move|p1b: Archaludon|Electro Shot||[still]
|-prepare|p1b: Archaludon|Electro Shot
|-boost|p1b: Archaludon|spa|1
|-anim|p1b: Archaludon|Electro Shot|p2a: Falinks
|-damage|p2a: Falinks|10/100
|-enditem|p2a: Falinks|Aguav Berry|[eat]
|-heal|p2a: Falinks|43/100|[from] item: Aguav Berry
|cant|p1a: Pelipper|slp
|
|-weather|RainDance|[upkeep]
|upkeep
|turn|3
|inactive|chalizhou has 30 seconds left.
|
|t:|1756913731
|switch|p2b: Flamigo|Flamigo, L50, F|100/100
|-copyboost|p2b: Flamigo|p2a: Falinks|[from] ability: Costar
|move|p2a: Falinks|Close Combat|p1b: Archaludon
|-damage|p1b: Archaludon|3/100
|-unboost|p2a: Falinks|def|1
|-unboost|p2a: Falinks|spd|1
|-ability|p1b: Archaludon|Stamina|boost
|-boost|p1b: Archaludon|def|1
|move|p1b: Archaludon|Electro Shot||[still]
|-prepare|p1b: Archaludon|Electro Shot
|-boost|p1b: Archaludon|spa|1
|-anim|p1b: Archaludon|Electro Shot|p2a: Falinks
|-damage|p2a: Falinks|0 fnt
|faint|p2a: Falinks
|cant|p1a: Pelipper|slp
|
|-weather|RainDance|[upkeep]
|upkeep
|
|t:|1756913744
|switch|p2a: Smeargle|Smeargle, L50, M, shiny|1/100
|turn|4
|
|t:|1756913762
|move|p2a: Smeargle|Fake Out|p1b: Archaludon
|-damage|p1b: Archaludon|1/100
|-ability|p1b: Archaludon|Stamina|boost
|-boost|p1b: Archaludon|def|1
|move|p2b: Flamigo|Dual Wingbeat|p1a: Pelipper
|-damage|p1a: Pelipper|55/100 slp
|-damage|p1a: Pelipper|4/100 slp
|-hitcount|p1a: Pelipper|2
|cant|p1b: Archaludon|flinch
|-curestatus|p1a: Pelipper|slp|[msg]
|move|p1a: Pelipper|Hurricane|p2b: Flamigo
|-supereffective|p2b: Flamigo
|-damage|p2b: Flamigo|0 fnt
|faint|p2b: Flamigo
|
|-weather|RainDance|[upkeep]
|upkeep
|
|t:|1756913777
|switch|p2b: Dragonite|Dragonite, L50, M|100/100
|turn|5
|
|t:|1756913787
|switch|p1a: Incineroar|Incineroar, L50, F|100/100
|-ability|p1a: Incineroar|Intimidate|boost
|-fail|p2a: Smeargle|unboost|Attack|[from] ability: Own Tempo|[of] p2a: Smeargle
|-unboost|p2b: Dragonite|atk|1
|move|p2a: Smeargle|Tailwind|p2a: Smeargle
|-sidestart|p2: chalizhou|move: Tailwind
|move|p2b: Dragonite|Scale Shot|p1a: Incineroar
|-damage|p1a: Incineroar|93/100
|-damage|p1a: Incineroar|85/100
|-damage|p1a: Incineroar|78/100
|-damage|p1a: Incineroar|70/100
|-damage|p1a: Incineroar|62/100
|-hitcount|p1a: Incineroar|5
|-unboost|p2b: Dragonite|def|1
|-boost|p2b: Dragonite|spe|1
|move|p1b: Archaludon|Snarl|p2b: Dragonite|[spread] p2a,p2b
|-damage|p2a: Smeargle|0 fnt
|-damage|p2b: Dragonite|86/100
|-unboost|p2b: Dragonite|spa|1
|faint|p2a: Smeargle
|
|-weather|none
|upkeep
|turn|6
|-message|chalizhou forfeited.
|
|win|wittraid
|l|☆chalizhou
|player|p2|
||chalizhou is ready for game 2.
|inactive|wittraid has 30 seconds to confirm battle start!
||wittraid is ready for game 2.
|uhtml|next|Next: Game 2 of 3
