|j|☆Miggle SoCal
|j|☆SFmrmimers
|html|Miggle SoCalSFmrmimers    
|uhtml|bestof|Game 1 of a best-of-3
|t:|1757822413
|gametype|doubles
|player|p1|Miggle SoCal|lucas|1123
|player|p2|SFmrmimers|n|1061
|gen|9
|tier|[Gen 9] VGC 2025 Reg H (Bo3)
|rated|
|rule|Species Clause: Limit one of each Pokémon
|rule|Item Clause: Limit 1 of each item
|clearpoke
|poke|p1|Ninetales-Alola, L50, F|
|poke|p1|Kommo-o, L50, M|
|poke|p1|Arcanine-Hisui, L50, F|
|poke|p1|Basculegion, L50, M|
|poke|p1|Kingambit, L50, M|
|poke|p1|Rillaboom, L50, F|
|poke|p2|Tyranitar, L50, M|
|poke|p2|Excadrill, L50, M|
|poke|p2|Incineroar, L50, M|
|poke|p2|Amoonguss, L50, F|
|poke|p2|Basculegion, L50, M|
|poke|p2|Kommo-o, L50, M|
|teampreview|4
|showteam|p1|Ninetales-Alola||FocusSash|SnowWarning|Blizzard,Encore,IcyWind,AuroraVeil|||F|||50|,,,,,Ghost]Kommo-o||ThroatSpray|Overcoat|ClangingScales,Flamethrower,ClangorousSoul,Protect|||M|||50|,,,,,Fire]Arcanine-Hisui||ChoiceBand|Intimidate|FlareBlitz,RockSlide,ExtremeSpeed,HeadSmash|||F|||50|,,,,,Ghost]Basculegion||ChoiceScarf|Adaptability|WaveCrash,LastRespects,FlipTurn,AquaJet|||M|||50|,,,,,Water]Kingambit||AssaultVest|Defiant|SuckerPunch,KowtowCleave,LowKick,IronHead|||M|||50|,,,,,Water]Rillaboom||MiracleSeed|GrassySurge|GrassyGlide,WoodHammer,FakeOut,Taunt|||F|||50|,,,,,Grass
|showteam|p2|Tyranitar||AssaultVest|SandStream|RockSlide,KnockOff,TeraBlast,LowKick|||M|||50|,,,,,Flying]Excadrill||FocusSash|SandRush|Earthquake,HighHorsepower,IronHead,Protect|||M|||50|,,,,,Ground]Incineroar||SafetyGoggles|Intimidate|FakeOut,PartingShot,KnockOff,FlareBlitz|||M|||50|,,,,,Ghost]Amoonguss||SitrusBerry|Regenerator|Spore,RagePowder,PollenPuff,ClearSmog|||F|||50|,,,,,Water]Basculegion||ChoiceScarf|Adaptability|WaveCrash,LastRespects,TeraBlast,FlipTurn|||M|||50|,,,,,Grass]Kommo-o||ThroatSpray|Overcoat|ClangorousSoul,ClangingScales,AuraSphere,Protect|||M|||50|,,,,,Steel
|inactive|Battle timer is ON: inactive players will automatically lose when time's up. (requested by SFmrmimers)
|
|t:|1757822462
|teamsize|p1|4
|teamsize|p2|4
|start
|switch|p1a: Kommo-o|Kommo-o, L50, M|100/100
|switch|p1b: Basculegion|Basculegion, L50, M|100/100
|switch|p2a: Excadrill|Excadrill, L50, M, shiny|100/100
|switch|p2b: Basculegion|Basculegion, L50, M, shiny|100/100
|turn|1
|inactive|Miggle SoCal has 30 seconds left.
|
|t:|1757822490
|move|p2a: Excadrill|Protect|p2a: Excadrill
|-singleturn|p2a: Excadrill|Protect
|move|p1b: Basculegion|Flip Turn|p2a: Excadrill
|-activate|p2a: Excadrill|move: Protect
|move|p2b: Basculegion|Flip Turn|p1a: Kommo-o
|-resisted|p1a: Kommo-o
|-damage|p1a: Kommo-o|81/100
|inactive|SFmrmimers has 30 seconds left.
|inactive|SFmrmimers has 20 seconds left.
|
|t:|1757822529
|switch|p2b: Tyranitar|Tyranitar, L50, M|100/100|[from] Flip Turn
|-weather|Sandstorm|[from] ability: Sand Stream|[of] p2b: Tyranitar
|move|p1a: Kommo-o|Clangorous Soul|p1a: Kommo-o
|-boost|p1a: Kommo-o|atk|1
|-boost|p1a: Kommo-o|def|1
|-boost|p1a: Kommo-o|spa|1
|-boost|p1a: Kommo-o|spd|1
|-boost|p1a: Kommo-o|spe|1
|-damage|p1a: Kommo-o|49/100
|-enditem|p1a: Kommo-o|Throat Spray
|-boost|p1a: Kommo-o|spa|1|[from] item: Throat Spray
|
|-weather|Sandstorm|[upkeep]
|-damage|p1b: Basculegion|94/100|[from] Sandstorm
|upkeep
|turn|2
|
|t:|1757822547
|-terastallize|p2b: Tyranitar|Flying
|move|p1a: Kommo-o|Protect|p1a: Kommo-o
|-singleturn|p1a: Kommo-o|Protect
|move|p2a: Excadrill|Earthquake|p1b: Basculegion|[spread] p1b
|-activate|p1a: Kommo-o|move: Protect
|-immune|p2b: Tyranitar
|-damage|p1b: Basculegion|36/100
|move|p1b: Basculegion|Flip Turn|p2a: Excadrill
|-supereffective|p2a: Excadrill
|-enditem|p2a: Excadrill|Focus Sash
|-damage|p2a: Excadrill|1/100
|inactive|Miggle SoCal has 30 seconds left.
|
|t:|1757822574
|switch|p1b: Arcanine|Arcanine-Hisui, L50, F|100/100|[from] Flip Turn
|-ability|p1b: Arcanine|Intimidate|boost
|-unboost|p2a: Excadrill|atk|1
|-unboost|p2b: Tyranitar|atk|1
|move|p2b: Tyranitar|Tera Blast|p1a: Kommo-o|[anim] Tera Blast Flying
|-activate|p1a: Kommo-o|move: Protect
|
|-weather|Sandstorm|[upkeep]
|-damage|p2b: Tyranitar|95/100|[from] Sandstorm
|upkeep
|turn|3
|
|t:|1757822589
|switch|p2a: Basculegion|Basculegion, L50, M, shiny|100/100
|switch|p1b: Ninetales|Ninetales-Alola, L50, F|100/100
|-weather|Snowscape|[from] ability: Snow Warning|[of] p1b: Ninetales
|move|p1a: Kommo-o|Clanging Scales|p2b: Tyranitar|[spread] p2a,p2b
|-damage|p2a: Basculegion|4/100
|-damage|p2b: Tyranitar|48/100
|-unboost|p1a: Kommo-o|def|1
|move|p2b: Tyranitar|Tera Blast|p1a: Kommo-o|[anim] Tera Blast Flying
|-supereffective|p1a: Kommo-o
|-damage|p1a: Kommo-o|0 fnt
|faint|p1a: Kommo-o
|
|-weather|Snowscape|[upkeep]
|upkeep
|
|t:|1757822599
|switch|p1a: Basculegion|Basculegion, L50, M|36/100
|turn|4
|
|t:|1757822615
|move|p1a: Basculegion|Flip Turn|p2b: Tyranitar
|-damage|p2b: Tyranitar|17/100
|
|t:|1757822617
|switch|p1a: Arcanine|Arcanine-Hisui, L50, F|100/100|[from] Flip Turn
|-ability|p1a: Arcanine|Intimidate|boost
|-unboost|p2a: Basculegion|atk|1
|-unboost|p2b: Tyranitar|atk|1
|move|p2a: Basculegion|Flip Turn|p1b: Ninetales
|-damage|p1b: Ninetales|72/100
|
|t:|1757822625
|switch|p2a: Kommo-o|Kommo-o, L50, M|100/100|[from] Flip Turn
|move|p1b: Ninetales|Blizzard|p2a: Kommo-o|[spread] p2a,p2b
|-supereffective|p2a: Kommo-o
|-supereffective|p2b: Tyranitar
|-damage|p2a: Kommo-o|36/100
|-damage|p2b: Tyranitar|0 fnt
|faint|p2b: Tyranitar
|
|-weather|Snowscape|[upkeep]
|upkeep
|
|t:|1757822636
|switch|p2b: Basculegion|Basculegion, L50, M, shiny|4/100
|turn|5
|
|t:|1757822655
|-terastallize|p1a: Arcanine|Ghost
|move|p2a: Kommo-o|Protect|p2a: Kommo-o
|-singleturn|p2a: Kommo-o|Protect
|move|p2b: Basculegion|Flip Turn|p1a: Arcanine
|-damage|p1a: Arcanine|50/100
|
|t:|1757822669
|switch|p2b: Excadrill|Excadrill, L50, M, shiny|1/100|[from] Flip Turn
|move|p1b: Ninetales|Blizzard|p2a: Kommo-o|[spread] p2b
|-activate|p2a: Kommo-o|move: Protect
|-damage|p2b: Excadrill|0 fnt
|faint|p2b: Excadrill
|move|p1a: Arcanine|Rock Slide|p2a: Kommo-o
|-activate|p2a: Kommo-o|move: Protect
|
|-weather|Snowscape|[upkeep]
|upkeep
|
|t:|1757822680
|switch|p2b: Basculegion|Basculegion, L50, M, shiny|4/100
|turn|6
|
|t:|1757822700
|move|p2b: Basculegion|Last Respects|p1a: Arcanine
|-supereffective|p1a: Arcanine
|-damage|p1a: Arcanine|0 fnt
|faint|p1a: Arcanine
|move|p1b: Ninetales|Blizzard|p2b: Basculegion|[spread] p2a,p2b
|-supereffective|p2a: Kommo-o
|-resisted|p2b: Basculegion
|-crit|p2b: Basculegion
|-damage|p2a: Kommo-o|0 fnt
|-damage|p2b: Basculegion|0 fnt
|faint|p2a: Kommo-o
|faint|p2b: Basculegion
|
|win|Miggle SoCal
||SFmrmimers is ready for game 2.
|inactive|Miggle SoCal has 30 seconds to confirm battle start!
||Miggle SoCal is ready for game 2.
|uhtml|next|Next: Game 2 of 3
