|j|☆chrisyute696969
|j|☆bioraza
|html|chrisyute696969bioraza    
|uhtml|bestof|Game 2 of a best-of-3
|t:|1782383126
|gametype|doubles
|player|p1|chrisyute696969|170|1100
|player|p2|bioraza|n-masters|1098
|gen|9
|tier|[Gen 9 Champions] VGC 2026 Reg M-B (Bo3)
|rated|
|rule|Species Clause: Limit one of each Pokémon
|rule|Item Clause: Limit 1 of each item
|clearpoke
|poke|p1|Dragalge, L50, M|
|poke|p1|Maushold, L50|
|poke|p1|Sinistcha-Masterpiece, L50|
|poke|p1|Sneasler, L50, F|
|poke|p1|Slowbro, L50, F|
|poke|p1|Clawitzer, L50, M|
|poke|p2|Torkoal, L50, F|
|poke|p2|Farigiraf, L50, M|
|poke|p2|Mamoswine, L50, F|
|poke|p2|Venusaur, L50, M|
|poke|p2|Scrafty, L50, F|
|poke|p2|Pyroar, L50, F|
|teampreview|4
|showteam|p1|Dragalge||Dragalgite|PoisonPoint|AcidArmor,Scald,SludgeWave,DracoMeteor|Modest||M|||50|]Maushold||WideLens|FriendGuard|FollowMe,Crunch,ThunderWave,PopulationBomb|Jolly|||||50|]Sinistcha-Masterpiece||SitrusBerry|Hospitality|MatchaGotcha,Hex,Scald,LifeDew|Modest|||||50|]Sneasler||WhiteHerb|Unburden|CloseCombat,DireClaw,ThroatChop,FakeOut|Adamant||F|||50|]Slowbro||Slowbronite|Oblivious|Scald,CalmMind,IceBeam,Psyshock|Sassy||F|||50|]Clawitzer||FocusSash|MegaLauncher|HealPulse,DarkPulse,AuraSphere,WaterPulse|Modest||M|||50|
|showteam|p2|Torkoal||HeatRock|Drought|Eruption,WeatherBall,HelpingHand,Protect|Quiet||F|||50|]Farigiraf||SitrusBerry|ArmorTail|Psychic,Thunder,TrickRoom,Protect|Quiet||M|||50|]Mamoswine||FocusSash|Oblivious|HighHorsepower,RockSlide,IceShard,Protect|Jolly||F|||50|]Venusaur||LifeOrb|Chlorophyll|EnergyBall,SludgeBomb,EarthPower,Protect|Modest||M|||50|]Scrafty||Scraftinite|Intimidate|KnockOff,DrainPunch,FakeOut,IcePunch|Adamant||F|||50|]Pyroar||Pyroarite|Unnerve|HeatWave,Overheat,Yawn,Protect|Timid||F|||50|
|inactive|Battle timer is ON: inactive players will automatically lose when time's up. (requested by bioraza)
|inactive|bioraza has 60 seconds left.
|
|t:|1782383157
|teamsize|p1|4
|teamsize|p2|4
|start
|switch|p1a: Slowbro|Slowbro, L50, F|100/100
|switch|p1b: Sneasler|Sneasler, L50, F|100/100
|switch|p2a: Torkoal|Torkoal, L50, F|100/100
|switch|p2b: Farigiraf|Farigiraf, L50, M|100/100
|-weather|SunnyDay|[from] ability: Drought|[of] p2a: Torkoal
|turn|1
|
|t:|1782383171
|detailschange|p1a: Slowbro|Slowbro-Mega, L50, F
|-mega|p1a: Slowbro|Slowbro|Slowbronite
|move|p1b: Sneasler|Close Combat|p2b: Farigiraf
|-damage|p2b: Farigiraf|40/100
|-unboost|p1b: Sneasler|def|1
|-unboost|p1b: Sneasler|spd|1
|-enditem|p2b: Farigiraf|Sitrus Berry|[eat]
|-heal|p2b: Farigiraf|65/100|[from] item: Sitrus Berry
|-enditem|p1b: Sneasler|White Herb
|-clearnegativeboost|p1b: Sneasler|[silent]
|move|p2b: Farigiraf|Psychic|p1b: Sneasler
|-supereffective|p1b: Sneasler|2
|-damage|p1b: Sneasler|0 fnt
|faint|p1b: Sneasler
|move|p1a: Slowbro|Calm Mind|p1a: Slowbro
|-boost|p1a: Slowbro|spa|1
|-boost|p1a: Slowbro|spd|1
|move|p2a: Torkoal|Eruption|p1a: Slowbro
|-resisted|p1a: Slowbro|1
|-damage|p1a: Slowbro|72/100
|
|-weather|SunnyDay|[upkeep]
|upkeep
|
|t:|1782383183
|switch|p1b: Sinistcha|Sinistcha-Masterpiece, L50|100/100
|-heal|p1a: Slowbro|97/100|[from] ability: Hospitality|[of] p1b: Sinistcha
|turn|2
|
|t:|1782383196
|move|p1b: Sinistcha|Life Dew||[still]|[spread] p1a,p1b
|-heal|p1a: Slowbro|100/100
|-fail|p1b: Sinistcha|heal
|move|p2b: Farigiraf|Thunder|p1a: Slowbro|[miss]
|-miss|p2b: Farigiraf|p1a: Slowbro
|move|p1a: Slowbro|Scald|p2a: Torkoal
|-supereffective|p2a: Torkoal|1
|-damage|p2a: Torkoal|32/100
|move|p2a: Torkoal|Eruption|p1a: Slowbro|[spread] p1a,p1b
|-resisted|p1a: Slowbro|1
|-supereffective|p1b: Sinistcha|1
|-damage|p1a: Slowbro|93/100
|-damage|p1b: Sinistcha|46/100
|-enditem|p1b: Sinistcha|Sitrus Berry|[eat]
|-heal|p1b: Sinistcha|71/100|[from] item: Sitrus Berry
|
|-weather|SunnyDay|[upkeep]
|upkeep
|turn|3
|
|t:|1782383220
|move|p1b: Sinistcha|Matcha Gotcha|p2b: Farigiraf|[spread] p2a,p2b
|-resisted|p2a: Torkoal|1
|-damage|p2a: Torkoal|11/100
|-heal|p1b: Sinistcha|84/100|[from] drain|[of] p2a: Torkoal
|-damage|p2b: Farigiraf|34/100
|-heal|p1b: Sinistcha|100/100|[from] drain|[of] p2b: Farigiraf
|move|p2b: Farigiraf|Thunder|p1a: Slowbro|[miss]
|-miss|p2b: Farigiraf|p1a: Slowbro
|move|p1a: Slowbro|Ice Beam|p2b: Farigiraf
|-damage|p2b: Farigiraf|0 fnt
|faint|p2b: Farigiraf
|move|p2a: Torkoal|Weather Ball|p1b: Sinistcha
|-supereffective|p1b: Sinistcha|1
|-damage|p1b: Sinistcha|0 fnt
|faint|p1b: Sinistcha
|
|-weather|SunnyDay|[upkeep]
|upkeep
|
|t:|1782383235
|switch|p1b: Maushold|Maushold, L50|100/100
|switch|p2b: Venusaur|Venusaur, L50, M|100/100
|turn|4
|
|t:|1782383243
|move|p2a: Torkoal|Helping Hand|p2b: Venusaur
|-singleturn|p2b: Venusaur|Helping Hand|[of] p2a: Torkoal
|move|p1b: Maushold|Follow Me|p1b: Maushold
|-singleturn|p1b: Maushold|move: Follow Me
|move|p2b: Venusaur|Energy Ball|p1b: Maushold
|-damage|p1b: Maushold|9/100
|-damage|p2b: Venusaur|90/100|[from] item: Life Orb
|move|p1a: Slowbro|Psyshock|p2b: Venusaur
|-supereffective|p2b: Venusaur|1
|-damage|p2b: Venusaur|0 fnt
|faint|p2b: Venusaur
|
|-weather|SunnyDay|[upkeep]
|upkeep
|
|t:|1782383252
|switch|p2b: Pyroar|Pyroar, L50, F|100/100
|-ability|p2b: Pyroar|Unnerve
|turn|5
|
|t:|1782383260
|detailschange|p2b: Pyroar|Pyroar-Mega, L50, F
|-mega|p2b: Pyroar|Pyroar|Pyroarite
|move|p2a: Torkoal|Helping Hand|p2b: Pyroar
|-singleturn|p2b: Pyroar|Helping Hand|[of] p2a: Torkoal
|move|p1b: Maushold|Follow Me|p1b: Maushold
|-singleturn|p1b: Maushold|move: Follow Me
|move|p2b: Pyroar|Heat Wave|p1b: Maushold|[spread] p1a,p1b
|-resisted|p1a: Slowbro|1
|-damage|p1a: Slowbro|66/100
|-damage|p1b: Maushold|0 fnt
|faint|p1b: Maushold
|move|p1a: Slowbro|Scald|p2b: Pyroar
|-supereffective|p2b: Pyroar|1
|-damage|p2b: Pyroar|36/100
|
|-weather|SunnyDay|[upkeep]
|upkeep
|turn|6
|
|t:|1782383280
|move|p2a: Torkoal|Helping Hand|p2b: Pyroar
|-singleturn|p2b: Pyroar|Helping Hand|[of] p2a: Torkoal
|move|p2b: Pyroar|Overheat|p1a: Slowbro
|-resisted|p1a: Slowbro|1
|-damage|p1a: Slowbro|0 fnt
|-unboost|p2b: Pyroar|spa|2
|faint|p1a: Slowbro
|
|win|bioraza
|raw|chrisyute696969's rating: 1100 → 1075(-25 for losing)
|raw|bioraza's rating: 1098 → 1123(+25 for winning)
