|j|☆spiritneko666
|j|☆jaflako
|html|spiritneko666jaflako    
|uhtml|bestof|Game 2 of a best-of-3
|t:|1756269435
|gametype|doubles
|player|p1|spiritneko666|psychic-gen4|1186
|player|p2|jaflako|barry|1096
|gen|9
|tier|[Gen 9] VGC 2025 Reg H (Bo3)
|rated|
|rule|Species Clause: Limit one of each Pokémon
|rule|Item Clause: Limit 1 of each item
|clearpoke
|poke|p1|Sneasler, L50, M|
|poke|p1|Indeedee, L50, M|
|poke|p1|Ursaluna-Bloodmoon, L50, M|
|poke|p1|Talonflame, L50, M|
|poke|p1|Electabuzz, L50, F|
|poke|p1|Incineroar, L50, F|
|poke|p2|Skeledirge, L50, M|
|poke|p2|Ninetales-Alola, L50, M|
|poke|p2|Sneasler, L50, F|
|poke|p2|Rillaboom, L50, F|
|poke|p2|Electabuzz, L50, F|
|poke|p2|Ribombee, L50, M|
|teampreview|4
|showteam|p1|Sneasler||PsychicSeed|Unburden|CloseCombat,DireClaw,ThroatChop,Protect|||M|||50|,,,,,Dark]Indeedee||FocusSash|PsychicSurge|ExpandingForce,TrickRoom,HelpingHand,Protect|||M|||50|,,,,,Psychic]Ursaluna-Bloodmoon||LifeOrb|MindsEye|BloodMoon,HyperVoice,EarthPower,Protect|||M|||50|,,,,,Normal]Talonflame||CovertCloak|GaleWings|FlareBlitz,DualWingbeat,WillOWisp,Tailwind|||M|||50|,,,,,Fairy]Electabuzz||Eviolite|VitalSpirit|Electroweb,FollowMe,Taunt,Protect|||F|||50|,,,,,Dragon]Incineroar||SafetyGoggles|Intimidate|FlareBlitz,KnockOff,PartingShot,FakeOut|||F|||50|,,,,,Ghost
|showteam|p2|Skeledirge||ThroatSpray|Unaware|HyperVoice,TorchSong,ShadowBall,Protect|||M|||50|,,,,,Normal]Ninetales-Alola||LightClay|SnowWarning|Blizzard,Protect,AuroraVeil,NastyPlot|||M|||50|,,,,,Ghost]Sneasler||FocusSash|Unburden|DireClaw,CloseCombat,Protect,FakeOut|||F|||50|,,,,,Dark]Rillaboom||AssaultVest|GrassySurge|Uturn,WoodHammer,FakeOut,HighHorsepower|||F|||50|,,,,,Fire]Electabuzz||Eviolite|VitalSpirit|FollowMe,VoltSwitch,Thunderbolt,KnockOff|||F|||50|,,,,,Dark]Ribombee||GrassySeed|SweetVeil|Protect,Trick,Tailwind,PollenPuff|||M|||50|,,,,,Water
|inactive|Battle timer is ON: inactive players will automatically lose when time's up. (requested by spiritneko666)
|inactive|spiritneko666 has 60 seconds left.
|
|t:|1756269486
|teamsize|p1|4
|teamsize|p2|4
|start
|switch|p1a: Sneasler|Sneasler, L50, M|100/100
|switch|p1b: Incineroar|Incineroar, L50, F|100/100
|switch|p2a: Electabuzz|Electabuzz, L50, F|100/100
|switch|p2b: Skeledirge|Skeledirge, L50, M|100/100
|-ability|p1b: Incineroar|Intimidate|boost
|-unboost|p2a: Electabuzz|atk|1
|-unboost|p2b: Skeledirge|atk|1
|turn|1
|inactive|jaflako has 30 seconds left.
|inactive|jaflako has 20 seconds left.
|
|t:|1756269522
|move|p1b: Incineroar|Fake Out|p2a: Electabuzz
|-damage|p2a: Electabuzz|86/100
|cant|p2a: Electabuzz|flinch
|move|p1a: Sneasler|Throat Chop|p2b: Skeledirge
|-supereffective|p2b: Skeledirge
|-damage|p2b: Skeledirge|54/100
|-start|p2b: Skeledirge|Throat Chop|[silent]
|cant|p2b: Skeledirge|move: Throat Chop
|
|upkeep
|turn|2
|
|t:|1756269540
|switch|p1a: Indeedee|Indeedee, L50, M|100/100
|-fieldstart|move: Psychic Terrain|[from] ability: Psychic Surge|[of] p1a: Indeedee
|move|p2b: Skeledirge|Protect|p2b: Skeledirge
|-singleturn|p2b: Skeledirge|Protect
|move|p2a: Electabuzz|Thunderbolt|p1a: Indeedee
|-damage|p1a: Indeedee|62/100
|move|p1b: Incineroar|Knock Off|p2a: Electabuzz
|-damage|p2a: Electabuzz|35/100
|-enditem|p2a: Electabuzz|Eviolite|[from] move: Knock Off|[of] p1b: Incineroar
|
|-end|p2b: Skeledirge|Throat Chop|[silent]
|upkeep
|turn|3
|
|t:|1756269564
|move|p2a: Electabuzz|Follow Me|p2a: Electabuzz
|-singleturn|p2a: Electabuzz|move: Follow Me
|move|p1a: Indeedee|Expanding Force|p2a: Electabuzz|[spread] p2a,p2b
|-crit|p2a: Electabuzz
|-damage|p2a: Electabuzz|0 fnt
|-damage|p2b: Skeledirge|0 fnt
|faint|p2a: Electabuzz
|faint|p2b: Skeledirge
|move|p1b: Incineroar|Flare Blitz|p2: Electabuzz|[notarget]
|-fail|p1b: Incineroar
|
|upkeep
|
|t:|1756269573
|switch|p2a: Sneasler|Sneasler, L50, F|100/100
|switch|p2b: Rillaboom|Rillaboom, L50, F|100/100
|-fieldstart|move: Grassy Terrain|[from] ability: Grassy Surge|[of] p2b: Rillaboom
|turn|4
|
|t:|1756269590
|move|p1a: Indeedee|Protect|p1a: Indeedee
|-singleturn|p1a: Indeedee|Protect
|move|p2a: Sneasler|Fake Out|p1a: Indeedee
|-activate|p1a: Indeedee|move: Protect
|move|p2b: Rillaboom|High Horsepower|p1b: Incineroar
|-supereffective|p1b: Incineroar
|-damage|p1b: Incineroar|38/100
|move|p1b: Incineroar|Parting Shot|p2a: Sneasler
|-unboost|p2a: Sneasler|atk|1
|-unboost|p2a: Sneasler|spa|1
|
|t:|1756269599
|switch|p1b: Ursaluna|Ursaluna-Bloodmoon, L50, M|100/100|[from] Parting Shot
|
|-heal|p1a: Indeedee|68/100|[from] Grassy Terrain
|upkeep
|turn|5
|
|t:|1756269616
|switch|p1a: Incineroar|Incineroar, L50, F|38/100
|-ability|p1a: Incineroar|Intimidate|boost
|-unboost|p2a: Sneasler|atk|1
|-unboost|p2b: Rillaboom|atk|1
|move|p1b: Ursaluna|Protect|p1b: Ursaluna
|-singleturn|p1b: Ursaluna|Protect
|move|p2a: Sneasler|Close Combat|p1a: Incineroar
|-supereffective|p1a: Incineroar
|-crit|p1a: Incineroar
|-damage|p1a: Incineroar|0 fnt
|-unboost|p2a: Sneasler|def|1
|-unboost|p2a: Sneasler|spd|1
|faint|p1a: Incineroar
|move|p2b: Rillaboom|Wood Hammer|p1b: Ursaluna
|-activate|p1b: Ursaluna|move: Protect
|
|upkeep
|
|t:|1756269636
|switch|p1a: Indeedee|Indeedee, L50, M|68/100
|-fieldstart|move: Psychic Terrain|[from] ability: Psychic Surge|[of] p1a: Indeedee
|turn|6
|
|t:|1756269652
|-terastallize|p2a: Sneasler|Dark
|move|p1b: Ursaluna|Protect|p1b: Ursaluna
|-singleturn|p1b: Ursaluna|Protect
|move|p2a: Sneasler|Dire Claw|p1b: Ursaluna
|-activate|p1b: Ursaluna|move: Protect
|move|p1a: Indeedee|Expanding Force|p2a: Sneasler|[spread] p2b
|-immune|p2a: Sneasler
|-damage|p2b: Rillaboom|64/100
|move|p2b: Rillaboom|Wood Hammer|p1b: Ursaluna
|-activate|p1b: Ursaluna|move: Protect
|
|upkeep
|turn|7
|c|☆jaflako|woah
|
|t:|1756269675
|-terastallize|p1b: Ursaluna|Normal
|move|p2a: Sneasler|Close Combat|p1a: Indeedee
|-damage|p1a: Indeedee|0 fnt
|-unboost|p2a: Sneasler|def|1
|-unboost|p2a: Sneasler|spd|1
|faint|p1a: Indeedee
|move|p2b: Rillaboom|Wood Hammer|p1b: Ursaluna
|-damage|p1b: Ursaluna|69/100
|-damage|p2b: Rillaboom|54/100|[from] Recoil
|move|p1b: Ursaluna|Hyper Voice|p2a: Sneasler|[spread] p2a,p2b
|-enditem|p2a: Sneasler|Focus Sash
|-damage|p2a: Sneasler|1/100
|-damage|p2b: Rillaboom|6/100
|-damage|p1b: Ursaluna|59/100|[from] item: Life Orb
|
|upkeep
|
|t:|1756269683
|switch|p1a: Sneasler|Sneasler, L50, M|100/100
|-enditem|p1a: Sneasler|Psychic Seed
|-boost|p1a: Sneasler|spd|1|[from] item: Psychic Seed
|turn|8
|
|t:|1756269702
|move|p2a: Sneasler|Protect|p2a: Sneasler
|-singleturn|p2a: Sneasler|Protect
|move|p1a: Sneasler|Dire Claw|p2b: Rillaboom
|-supereffective|p2b: Rillaboom
|-damage|p2b: Rillaboom|0 fnt
|faint|p2b: Rillaboom
|move|p1b: Ursaluna|Blood Moon|p2a: Sneasler
|-activate|p2a: Sneasler|move: Protect
|
|upkeep
|turn|9
|
|t:|1756269713
|move|p1a: Sneasler|Close Combat|p2a: Sneasler
|-supereffective|p2a: Sneasler
|-damage|p2a: Sneasler|0 fnt
|-unboost|p1a: Sneasler|def|1
|-unboost|p1a: Sneasler|spd|1
|faint|p2a: Sneasler
|
|win|spiritneko666
|raw|spiritneko666's rating: 1186 → 1205(+19 for winning)
|raw|jaflako's rating: 1096 → 1078(-18 for losing)
|c|☆jaflako|GG
