|j|☆CrystalGem02
|j|☆liamvgc1
|html|CrystalGem02liamvgc1    
|uhtml|bestof|Game 2 of a best-of-3
|t:|1757856119
|gametype|doubles
|player|p1|CrystalGem02|valerie|1415
|player|p2|liamvgc1|unknown|1476
|gen|9
|tier|[Gen 9] VGC 2025 Reg H (Bo3)
|rated|
|rule|Species Clause: Limit one of each Pokémon
|rule|Item Clause: Limit 1 of each item
|clearpoke
|poke|p1|Electabuzz, L50, F|
|poke|p1|Kingambit, L50, M|
|poke|p1|Volcarona, L50, M|
|poke|p1|Dragonite, L50, F|
|poke|p1|Sneasler, L50, M|
|poke|p1|Rillaboom, L50, F|
|poke|p2|Incineroar, L50, M|
|poke|p2|Gholdengo, L50|
|poke|p2|Whimsicott, L50, F|
|poke|p2|Dragonite, L50, F|
|poke|p2|Garchomp, L50, M|
|poke|p2|Sneasler, L50, F|
|teampreview|4
|showteam|p1|Electabuzz||Eviolite|VitalSpirit|Thunderbolt,FollowMe,Taunt,Protect|||F|||50|,,,,,Ghost]Kingambit||BlackGlasses|Defiant|KowtowCleave,SuckerPunch,SwordsDance,Protect|||M|||50|,,,,,Dark]Volcarona||Leftovers|FlameBody|HeatWave,TeraBlast,QuiverDance,Protect|||M|||50|,,,,,Fairy]Dragonite||LoadedDice|Multiscale|ScaleShot,ExtremeSpeed,Haze,Protect|||F|||50|,,,,,Fairy]Sneasler||FocusSash|Unburden|DireClaw,CloseCombat,Coaching,FakeOut|||M|||50|,,,,,Stellar]Rillaboom||AssaultVest|GrassySurge|WoodHammer,GrassyGlide,HighHorsepower,FakeOut|||F|||50|,,,,,Fire
|showteam|p2|Incineroar||AssaultVest|Intimidate|FakeOut,KnockOff,FlareBlitz,Uturn|||M|||50|,,,,,Ghost]Gholdengo||ChoiceSpecs|GoodasGold|MakeItRain,ShadowBall,PowerGem,Trick||||||50|,,,,,Steel]Whimsicott||FocusSash|Prankster|Tailwind,Encore,Protect,Moonblast|||F|||50|,,,,,Ghost]Dragonite||ChoiceBand|InnerFocus|Outrage,StompingTantrum,ExtremeSpeed,IceSpinner|||F|||50|,,,,,Normal]Garchomp||LifeOrb|RoughSkin|Earthquake,StompingTantrum,DragonClaw,Protect|||M|||50|,,,,,Ground]Sneasler||WhiteHerb|Unburden|FakeOut,DireClaw,CloseCombat,Protect|||F|||50|,,,,,Stellar
|inactive|Battle timer is ON: inactive players will automatically lose when time's up. (requested by liamvgc1)
|inactive|CrystalGem02 has 60 seconds left.
|
|t:|1757856171
|teamsize|p1|4
|teamsize|p2|4
|start
|switch|p1a: Rillaboom|Rillaboom, L50, F, shiny|100/100
|switch|p1b: Volcarona|Volcarona, L50, M, shiny|100/100
|switch|p2a: Garchomp|Garchomp, L50, M|100/100
|switch|p2b: Sneasler|Sneasler, L50, F|100/100
|-fieldstart|move: Grassy Terrain|[from] ability: Grassy Surge|[of] p1a: Rillaboom
|turn|1
|
|t:|1757856192
|move|p1b: Volcarona|Protect|p1b: Volcarona
|-singleturn|p1b: Volcarona|Protect
|move|p2b: Sneasler|Fake Out|p1b: Volcarona
|-activate|p1b: Volcarona|move: Protect
|move|p2a: Garchomp|Dragon Claw|p1a: Rillaboom
|-damage|p1a: Rillaboom|52/100
|-damage|p2a: Garchomp|91/100|[from] item: Life Orb
|move|p1a: Rillaboom|High Horsepower|p2b: Sneasler
|-supereffective|p2b: Sneasler
|-damage|p2b: Sneasler|0 fnt
|faint|p2b: Sneasler
|
|-heal|p2a: Garchomp|97/100|[from] Grassy Terrain
|-heal|p1a: Rillaboom|58/100|[from] Grassy Terrain
|upkeep
|
|t:|1757856196
|switch|p2b: Dragonite|Dragonite, L50, F|100/100
|turn|2
|inactive|CrystalGem02 has 30 seconds left.
|
|t:|1757856223
|-terastallize|p2b: Dragonite|Normal
|move|p2b: Dragonite|Extreme Speed|p1a: Rillaboom
|-damage|p1a: Rillaboom|0 fnt
|faint|p1a: Rillaboom
|move|p2a: Garchomp|Stomping Tantrum|p1b: Volcarona
|-damage|p1b: Volcarona|42/100
|-damage|p2a: Garchomp|87/100|[from] item: Life Orb
|move|p1b: Volcarona|Quiver Dance|p1b: Volcarona
|-boost|p1b: Volcarona|spa|1
|-boost|p1b: Volcarona|spd|1
|-boost|p1b: Volcarona|spe|1
|
|-heal|p1b: Volcarona|48/100|[from] Grassy Terrain
|-heal|p1b: Volcarona|54/100|[from] item: Leftovers
|-heal|p2a: Garchomp|93/100|[from] Grassy Terrain
|upkeep
|
|t:|1757856246
|switch|p1a: Sneasler|Sneasler, L50, M|100/100
|turn|3
|
|t:|1757856262
|switch|p2b: Gholdengo|Gholdengo, L50|100/100
|move|p1b: Volcarona|Protect|p1b: Volcarona
|-singleturn|p1b: Volcarona|Protect
|move|p2a: Garchomp|Protect|p2a: Garchomp
|-singleturn|p2a: Garchomp|Protect
|move|p1a: Sneasler|Close Combat|p2b: Gholdengo
|-immune|p2b: Gholdengo
|
|-heal|p1b: Volcarona|60/100|[from] Grassy Terrain
|-heal|p1b: Volcarona|67/100|[from] item: Leftovers
|-heal|p2a: Garchomp|99/100|[from] Grassy Terrain
|upkeep
|turn|4
|inactive|CrystalGem02 has 30 seconds left.
|
|t:|1757856288
|switch|p1a: Dragonite|Dragonite, L50, F, shiny|100/100
|move|p1b: Volcarona|Heat Wave|p2b: Gholdengo|[spread] p2b
|-miss|p1b: Volcarona|p2a: Garchomp
|-supereffective|p2b: Gholdengo
|-damage|p2b: Gholdengo|0 fnt
|faint|p2b: Gholdengo
|move|p2a: Garchomp|Stomping Tantrum|p1b: Volcarona
|-damage|p1b: Volcarona|12/100
|-damage|p2a: Garchomp|89/100|[from] item: Life Orb
|
|-heal|p1b: Volcarona|18/100|[from] Grassy Terrain
|-heal|p1b: Volcarona|24/100|[from] item: Leftovers
|-heal|p2a: Garchomp|95/100|[from] Grassy Terrain
|upkeep
|
|t:|1757856294
|switch|p2b: Dragonite|Dragonite, L50, F, tera:Normal|100/100
|turn|5
|
|t:|1757856313
|-terastallize|p1a: Dragonite|Fairy
|move|p2a: Garchomp|Protect|p2a: Garchomp
|-singleturn|p2a: Garchomp|Protect
|move|p2b: Dragonite|Extreme Speed|p1b: Volcarona
|-damage|p1b: Volcarona|0 fnt
|faint|p1b: Volcarona
|move|p1a: Dragonite|Scale Shot|p2a: Garchomp
|-activate|p2a: Garchomp|move: Protect
|
|-heal|p2a: Garchomp|100/100|[from] Grassy Terrain
|-fieldend|move: Grassy Terrain
|upkeep
|
|t:|1757856320
|switch|p1b: Sneasler|Sneasler, L50, M|100/100
|turn|6
|
|t:|1757856327
|move|p2b: Dragonite|Extreme Speed|p1a: Dragonite
|-damage|p1a: Dragonite|61/100
|move|p1b: Sneasler|Close Combat|p2b: Dragonite
|-supereffective|p2b: Dragonite
|-damage|p2b: Dragonite|0 fnt
|-unboost|p1b: Sneasler|def|1
|-unboost|p1b: Sneasler|spd|1
|faint|p2b: Dragonite
|move|p2a: Garchomp|Earthquake|p1a: Dragonite|[spread] p1a,p1b
|-supereffective|p1b: Sneasler
|-damage|p1a: Dragonite|0 fnt
|-enditem|p1b: Sneasler|Focus Sash
|-damage|p1b: Sneasler|1/100
|faint|p1a: Dragonite
|-damage|p2a: Garchomp|91/100|[from] item: Life Orb
|
|upkeep
|turn|7
|
|t:|1757856344
|move|p1b: Sneasler|Close Combat|p2a: Garchomp
|-damage|p2a: Garchomp|24/100
|-unboost|p1b: Sneasler|def|1
|-unboost|p1b: Sneasler|spd|1
|-damage|p1b: Sneasler|0 fnt|[from] ability: Rough Skin|[of] p2a: Garchomp
|faint|p1b: Sneasler
|
|win|liamvgc1
|raw|CrystalGem02's rating: 1415 → 1398(-17 for losing)
|raw|liamvgc1's rating: 1476 → 1493(+17 for winning)
