|j|☆Duca_tommy
|j|☆LentoEats
|html|Duca_tommyLentoEats    
|uhtml|bestof|Game 2 of a best-of-3
|t:|1757696827
|gametype|doubles
|player|p1|Duca_tommy|169|1165
|player|p2|LentoEats|265|1123
|gen|9
|tier|[Gen 9] VGC 2025 Reg H (Bo3)
|rated|
|rule|Species Clause: Limit one of each Pokémon
|rule|Item Clause: Limit 1 of each item
|clearpoke
|poke|p1|Hydrapple, L50, F|
|poke|p1|Indeedee-F, L50, F|
|poke|p1|Gallade, L50, M|
|poke|p1|Torkoal, L50, M|
|poke|p1|Zoroark-Hisui, L50, F|
|poke|p1|Hatterene, L50, F|
|poke|p2|Dragonite, L50, F|
|poke|p2|Ursaluna-Bloodmoon, L50, M|
|poke|p2|Gholdengo, L50|
|poke|p2|Milotic, L50, F|
|poke|p2|Incineroar, L50, M|
|poke|p2|Rillaboom, L50, F|
|teampreview|4
|showteam|p1|Hydrapple||AssaultVest|Regenerator|PollenPuff,SolarBeam,EnergyBall,FickleBeam|||F|||50|,,,,,Poison]Indeedee-F||PsychicSeed|PsychicSurge|TrickRoom,FollowMe,HelpingHand,Psychic|||F|||50|,,,,,Grass]Gallade||ClearAmulet|Sharpness|PsychoCut,SacredSword,WideGuard,TrickRoom|||M|||50|,,,,,Grass]Torkoal||Charcoal|Drought|Eruption,HeatWave,WeatherBall,Protect|||M|||50|,,,,,Fire]Zoroark-Hisui||ChoiceSpecs|Illusion|HyperBeam,HyperVoice,BitterMalice,ShadowBall|||F|||50|,,,,,Normal]Hatterene||LifeOrb|MagicBounce|TrickRoom,ExpandingForce,DazzlingGleam,Protect|||F|||50|,,,,,Fire
|showteam|p2|Dragonite||LoadedDice|InnerFocus|Tailwind,Protect,ScaleShot,ExtremeSpeed|||F|||50|,,,,,Normal]Ursaluna-Bloodmoon||AssaultVest|MindsEye|BloodMoon,HyperVoice,VacuumWave,EarthPower|||M|||50|,,,,,Water]Gholdengo||LifeOrb|GoodasGold|MakeItRain,ShadowBall,NastyPlot,Protect||||||50|,,,,,Water]Milotic||SitrusBerry|Competitive|Scald,IcyWind,Haze,Protect|||F|||50|,,,,,Fairy]Incineroar||SafetyGoggles|Intimidate|FakeOut,FlareBlitz,KnockOff,PartingShot|||M|||50|,,,,,Bug]Rillaboom||MiracleSeed|GrassySurge|WoodHammer,GrassyGlide,FakeOut,Uturn|||F|||50|,,,,,Fire
|inactive|Battle timer is ON: inactive players will automatically lose when time's up. (requested by Duca_tommy)
|
|t:|1757696844
|teamsize|p1|4
|teamsize|p2|4
|start
|switch|p1a: Indeedee|Indeedee-F, L50, F|100/100
|switch|p1b: Gallade|Gallade, L50, M|100/100
|switch|p2a: Gholdengo|Gholdengo, L50|100/100
|switch|p2b: Ursaluna|Ursaluna-Bloodmoon, L50, M|100/100
|-fieldstart|move: Psychic Terrain|[from] ability: Psychic Surge|[of] p1a: Indeedee
|-enditem|p1a: Indeedee|Psychic Seed
|-boost|p1a: Indeedee|spd|1|[from] item: Psychic Seed
|turn|1
|inactive|Duca_tommy has 30 seconds left.
|inactive|LentoEats has 30 seconds left.
|
|t:|1757696874
|move|p1b: Gallade|Wide Guard|p1b: Gallade
|-singleturn|p1b: Gallade|Wide Guard
|move|p2a: Gholdengo|Make It Rain|p1b: Gallade|[spread] 
|-activate|p1a: Indeedee|move: Wide Guard
|-activate|p1b: Gallade|move: Wide Guard
|move|p2b: Ursaluna|Blood Moon|p1a: Indeedee
|-damage|p1a: Indeedee|52/100
|move|p1a: Indeedee|Trick Room|p1a: Indeedee
|-fieldstart|move: Trick Room|[of] p1a: Indeedee
|
|upkeep
|turn|2
|inactive|Duca_tommy has 30 seconds left.
|inactive|LentoEats has 30 seconds left.
|inactive|Duca_tommy has 20 seconds left.
|inactive|Duca_tommy has 15 seconds left.
|inactive|Duca_tommy has 10 seconds left.
|
|t:|1757696920
|switch|p1a: Torkoal|Torkoal, L50, M|100/100
|-weather|SunnyDay|[from] ability: Drought|[of] p1a: Torkoal
|move|p1b: Gallade|Wide Guard|p1b: Gallade
|-singleturn|p1b: Gallade|Wide Guard
|move|p2b: Ursaluna|Earth Power|p1b: Gallade
|-damage|p1b: Gallade|59/100
|move|p2a: Gholdengo|Nasty Plot|p2a: Gholdengo
|-boost|p2a: Gholdengo|spa|2
|
|-weather|SunnyDay|[upkeep]
|upkeep
|turn|3
|
|t:|1757696938
|-terastallize|p1a: Torkoal|Fire
|-terastallize|p2b: Ursaluna|Water
|move|p2a: Gholdengo|Protect|p2a: Gholdengo
|-singleturn|p2a: Gholdengo|Protect
|move|p1a: Torkoal|Eruption|p2a: Gholdengo|[spread] p2b
|-activate|p2a: Gholdengo|move: Protect
|-resisted|p2b: Ursaluna
|-damage|p2b: Ursaluna|62/100
|move|p2b: Ursaluna|Blood Moon|p1a: Torkoal
|-damage|p1a: Torkoal|9/100
|move|p1b: Gallade|Sacred Sword|p2b: Ursaluna
|-damage|p2b: Ursaluna|8/100
|
|-weather|SunnyDay|[upkeep]
|upkeep
|turn|4
|inactive|LentoEats has 30 seconds left.
|
|t:|1757696964
|switch|p2b: Milotic|Milotic, L50, F|100/100
|switch|p2a: Incineroar|Incineroar, L50, M|100/100
|-ability|p2a: Incineroar|Intimidate|boost
|-unboost|p1a: Torkoal|atk|1
|-fail|p1b: Gallade|unboost|[from] item: Clear Amulet|[of] p1b: Gallade
|move|p1a: Torkoal|Heat Wave|p2b: Milotic|[spread] p2a
|-miss|p1a: Torkoal|p2b: Milotic
|-resisted|p2a: Incineroar
|-damage|p2a: Incineroar|68/100
|move|p1b: Gallade|Psycho Cut|p2a: Incineroar
|-immune|p2a: Incineroar
|
|-weather|SunnyDay|[upkeep]
|upkeep
|turn|5
|inactive|LentoEats has 30 seconds left.
|inactive|Duca_tommy has 30 seconds left.
|inactive|LentoEats has 20 seconds left.
|
|t:|1757697008
|move|p1a: Torkoal|Protect|p1a: Torkoal
|-singleturn|p1a: Torkoal|Protect
|move|p2a: Incineroar|Flare Blitz|p1b: Gallade
|-damage|p1b: Gallade|0 fnt
|faint|p1b: Gallade
|-damage|p2a: Incineroar|50/100|[from] Recoil
|move|p2b: Milotic|Scald|p1a: Torkoal
|-activate|p1a: Torkoal|move: Protect
|
|-weather|SunnyDay|[upkeep]
|-fieldend|move: Trick Room
|-fieldend|move: Psychic Terrain
|upkeep
|
|t:|1757697018
|switch|p1b: Indeedee|Indeedee-F, L50, F|52/100
|-fieldstart|move: Psychic Terrain|[from] ability: Psychic Surge|[of] p1b: Indeedee
|turn|6
|
|t:|1757697030
|switch|p1a: Hydrapple|Hydrapple, L50, F|100/100
|move|p2b: Milotic|Scald|p1b: Indeedee
|-damage|p1b: Indeedee|37/100
|move|p2a: Incineroar|Flare Blitz|p1b: Indeedee
|-damage|p1b: Indeedee|0 fnt
|faint|p1b: Indeedee
|-damage|p2a: Incineroar|40/100|[from] Recoil
|
|-weather|none
|upkeep
|
|t:|1757697032
|switch|p1b: Torkoal|Torkoal, L50, M, tera:Fire|9/100
|-weather|SunnyDay|[from] ability: Drought|[of] p1b: Torkoal
|turn|7
|
|t:|1757697048
|move|p2b: Milotic|Icy Wind|p1a: Hydrapple|[spread] p1a,p1b
|-supereffective|p1a: Hydrapple
|-resisted|p1b: Torkoal
|-damage|p1a: Hydrapple|69/100
|-damage|p1b: Torkoal|0 fnt
|-unboost|p1a: Hydrapple|spe|1
|faint|p1b: Torkoal
|move|p2a: Incineroar|Flare Blitz|p1a: Hydrapple
|-damage|p1a: Hydrapple|12/100
|-damage|p2a: Incineroar|19/100|[from] Recoil
|move|p1a: Hydrapple|Solar Beam||[still]
|-prepare|p1a: Hydrapple|Solar Beam
|-anim|p1a: Hydrapple|Solar Beam|p2b: Milotic
|-supereffective|p2b: Milotic
|-damage|p2b: Milotic|3/100
|-enditem|p2b: Milotic|Sitrus Berry|[eat]
|-heal|p2b: Milotic|28/100|[from] item: Sitrus Berry
|
|-weather|SunnyDay|[upkeep]
|upkeep
|turn|8
|
|t:|1757697061
|move|p2b: Milotic|Scald|p1a: Hydrapple
|-resisted|p1a: Hydrapple
|-damage|p1a: Hydrapple|9/100
|move|p2a: Incineroar|Knock Off|p1a: Hydrapple
|-damage|p1a: Hydrapple|0 fnt
|-enditem|p1a: Hydrapple|Assault Vest|[from] move: Knock Off|[of] p2a: Incineroar
|faint|p1a: Hydrapple
|
|win|LentoEats
||Duca_tommy is ready for game 3.
|inactive|LentoEats has 30 seconds to confirm battle start!
||LentoEats is ready for game 3.
|uhtml|next|Next: Game 3 of 3
