|j|☆ufhednarvgc
|j|☆musthaveamusty
|html|ufhednarvgcmusthaveamusty    
|uhtml|bestof|Game 3 of a best-of-3
|t:|1786126991
|gametype|doubles
|player|p1|ufhednarvgc|lance|1192
|player|p2|musthaveamusty|265|1262
|gen|9
|tier|[Gen 9 Champions] VGC 2026 Reg M-B (Bo3)
|rated|
|rule|Species Clause: Limit one of each Pokémon
|rule|Item Clause: Limit 1 of each item
|clearpoke
|poke|p1|Arcanine-Hisui, L50, M|
|poke|p1|Kingambit, L50, M|
|poke|p1|Raichu, L50, F|
|poke|p1|Farigiraf, L50, F|
|poke|p1|Sylveon, L50, M|
|poke|p1|Staraptor, L50, M|
|poke|p2|Metagross, L50|
|poke|p2|Garchomp, L50, F|
|poke|p2|Typhlosion-Hisui, L50, M|
|poke|p2|Charizard, L50, M|
|poke|p2|Whimsicott, L50, M|
|poke|p2|Sneasler, L50, F|
|teampreview|4
|showteam|p1|Arcanine-Hisui||FocusSash|RockHead|FlareBlitz,HeadSmash,ExtremeSpeed,Protect|Jolly||M|||50|]Kingambit||LifeOrb|Defiant|KowtowCleave,SuckerPunch,SwordsDance,Protect|Adamant||M|||50|]Raichu||RaichuniteY|LightningRod|ZapCannon,FocusBlast,FakeOut,Protect|Timid||F|||50|]Farigiraf||SitrusBerry|ArmorTail|Psychic,HelpingHand,TrickRoom,Protect|Modest||F|||50|]Sylveon||FairyFeather|Pixilate|HyperVoice,HyperBeam,QuickAttack,Detect|Modest||M|||50|]Staraptor||Staraptite|Intimidate|CloseCombat,DualWingbeat,Tailwind,Protect|Jolly||M|||50|
|showteam|p2|Metagross||Metagrossite|ClearBody|Protect,IcePunch,IronHead,PsychicFangs|Jolly|||||50|]Garchomp||LifeOrb|RoughSkin|Protect,DragonClaw,Earthquake,RockSlide|Jolly||F|||50|]Typhlosion-Hisui||ChoiceScarf|Blaze|Eruption,Overheat,HeatWave,ShadowBall|Modest||M|||50|]Charizard||CharizarditeY|Blaze|Protect,HeatWave,Overheat,AirSlash|Modest||M|||50|]Whimsicott||FocusSash|Prankster|Tailwind,Moonblast,SunnyDay,Encore|Careful||M|||50|]Sneasler||WhiteHerb|Unburden|CloseCombat,DireClaw,Protect,FakeOut|Adamant||F|||50|
|
|t:|1786127031
|teamsize|p1|4
|teamsize|p2|4
|start
|switch|p1a: Raichu|Raichu, L50, F|100/100
|switch|p1b: Farigiraf|Farigiraf, L50, F|100/100
|switch|p2a: Charizard|Charizard, L50, M|100/100
|switch|p2b: Typhlosion|Typhlosion-Hisui, L50, M|100/100
|turn|1
|
|t:|1786127044
|detailschange|p2a: Charizard|Charizard-Mega-Y, L50, M
|-mega|p2a: Charizard|Charizard|Charizardite Y
|-weather|SunnyDay|[from] ability: Drought|[of] p2a: Charizard
|move|p1a: Raichu|Protect|p1a: Raichu
|-singleturn|p1a: Raichu|Protect
|move|p2a: Charizard|Protect|p2a: Charizard
|-singleturn|p2a: Charizard|Protect
|move|p2b: Typhlosion|Overheat|p1b: Farigiraf
|-damage|p1b: Farigiraf|7/100
|-unboost|p2b: Typhlosion|spa|2
|-enditem|p1b: Farigiraf|Sitrus Berry|[eat]
|-heal|p1b: Farigiraf|32/100|[from] item: Sitrus Berry
|move|p1b: Farigiraf|Trick Room|p1b: Farigiraf
|-fieldstart|move: Trick Room|[of] p1b: Farigiraf
|
|-weather|SunnyDay|[upkeep]
|upkeep
|turn|2
|
|t:|1786127068
|switch|p2b: Garchomp|Garchomp, L50, F|100/100
|detailschange|p1a: Raichu|Raichu-Mega-Y, L50, F
|-mega|p1a: Raichu|Raichu|Raichunite Y
|move|p1b: Farigiraf|Protect|p1b: Farigiraf
|-singleturn|p1b: Farigiraf|Protect
|move|p2a: Charizard|Heat Wave|p1a: Raichu|[spread] p1a
|-activate|p1b: Farigiraf|move: Protect
|-damage|p1a: Raichu|9/100
|move|p1a: Raichu|Zap Cannon|p2a: Charizard
|-supereffective|p2a: Charizard|1
|-damage|p2a: Charizard|0 fnt
|faint|p2a: Charizard
|
|-weather|SunnyDay|[upkeep]
|upkeep
|
|t:|1786127078
|switch|p2a: Sneasler|Sneasler, L50, F|100/100
|turn|3
|
|t:|1786127095
|switch|p1b: Sylveon|Sylveon, L50, M|100/100
|move|p1a: Raichu|Protect|p1a: Raichu
|-singleturn|p1a: Raichu|Protect
|move|p2b: Garchomp|Rock Slide|p1b: Sylveon|[spread] p1b
|-activate|p1a: Raichu|move: Protect
|-damage|p1b: Sylveon|71/100
|-damage|p2b: Garchomp|90/100|[from] item: Life Orb
|move|p2a: Sneasler|Close Combat|p1b: Sylveon
|-resisted|p1b: Sylveon|1
|-damage|p1b: Sylveon|30/100
|-unboost|p2a: Sneasler|def|1
|-unboost|p2a: Sneasler|spd|1
|-enditem|p2a: Sneasler|White Herb
|-clearnegativeboost|p2a: Sneasler|[silent]
|
|-weather|SunnyDay|[upkeep]
|upkeep
|turn|4
|
|t:|1786127119
|switch|p2b: Typhlosion|Typhlosion-Hisui, L50, M|100/100
|move|p2a: Sneasler|Protect|p2a: Sneasler
|-singleturn|p2a: Sneasler|Protect
|move|p1b: Sylveon|Hyper Voice|p2b: Typhlosion|[spread] p2b
|-activate|p2a: Sneasler|move: Protect
|-resisted|p2b: Typhlosion|1
|-damage|p2b: Typhlosion|70/100
|move|p1a: Raichu|Zap Cannon|p2a: Sneasler
|-activate|p2a: Sneasler|move: Protect
|
|-weather|SunnyDay|[upkeep]
|upkeep
|turn|5
|
|t:|1786127146
|move|p1b: Sylveon|Hyper Voice|p2a: Sneasler|[spread] p2a,p2b
|-resisted|p2b: Typhlosion|1
|-damage|p2a: Sneasler|31/100
|-damage|p2b: Typhlosion|38/100
|move|p1a: Raichu|Zap Cannon|p2a: Sneasler
|-crit|p2a: Sneasler
|-damage|p2a: Sneasler|0 fnt
|faint|p2a: Sneasler
|move|p2b: Typhlosion|Heat Wave|p1a: Raichu|[spread] p1a,p1b
|-damage|p1a: Raichu|0 fnt
|-damage|p1b: Sylveon|0 fnt
|faint|p1a: Raichu
|faint|p1b: Sylveon
|
|-weather|none
|-fieldend|move: Trick Room
|upkeep
|
|t:|1786127158
|switch|p1a: Farigiraf|Farigiraf, L50, F|32/100
|switch|p2a: Garchomp|Garchomp, L50, F|90/100
|switch|p1b: Kingambit|Kingambit, L50, M|100/100
|turn|6
|
|t:|1786127167
|move|p1a: Farigiraf|Helping Hand|p1b: Kingambit
|-singleturn|p1b: Kingambit|Helping Hand|[of] p1a: Farigiraf
|move|p1b: Kingambit|Sucker Punch|p2a: Garchomp
|-damage|p2a: Garchomp|7/100
|-damage|p1b: Kingambit|87/100|[from] ability: Rough Skin|[of] p2a: Garchomp
|-damage|p1b: Kingambit|78/100|[from] item: Life Orb
|move|p2b: Typhlosion|Heat Wave|p1a: Farigiraf|[spread] p1a,p1b
|-supereffective|p1b: Kingambit|1
|-damage|p1a: Farigiraf|0 fnt
|-damage|p1b: Kingambit|5/100
|faint|p1a: Farigiraf
|move|p2a: Garchomp|Earthquake|p1b: Kingambit|[spread] p2b,p1b
|-supereffective|p2b: Typhlosion|1
|-supereffective|p1b: Kingambit|1
|-damage|p2b: Typhlosion|0 fnt
|-damage|p1b: Kingambit|0 fnt
|faint|p2b: Typhlosion
|faint|p1b: Kingambit
|-damage|p2a: Garchomp|0 fnt|[from] item: Life Orb
|faint|p2a: Garchomp
|
|win|musthaveamusty
|raw|ufhednarvgc's rating: 1192 → 1172(-20 for losing)
|raw|musthaveamusty's rating: 1262 → 1282(+20 for winning)
|c|☆musthaveamusty|GGWP
