|j|☆mixxserenade
|j|☆leontief47
|html|mixxserenadeleontief47    
|uhtml|bestof|Game 2 of a best-of-3
|t:|1782700432
|gametype|doubles
|player|p1|mixxserenade|2|1033
|player|p2|leontief47|169|1065
|gen|9
|tier|[Gen 9 Champions] VGC 2026 Reg M-B (Bo3)
|rated|
|rule|Species Clause: Limit one of each Pokémon
|rule|Item Clause: Limit 1 of each item
|clearpoke
|poke|p1|Floette-Eternal, L50, F|
|poke|p1|Whimsicott, L50, F|
|poke|p1|Basculegion, L50, M|
|poke|p1|Charizard, L50, M|
|poke|p1|Kingambit, L50, M|
|poke|p1|Garchomp, L50, F|
|poke|p2|Incineroar, L50, F|
|poke|p2|Basculegion, L50, M|
|poke|p2|Whimsicott, L50, M|
|poke|p2|Kingambit, L50, M|
|poke|p2|Staraptor, L50, M|
|poke|p2|Glimmora, L50, F|
|teampreview|4
|showteam|p1|Floette-Eternal||Floettite|FlowerVeil|DazzlingGleam,Moonblast,LightofRuin,Protect|Timid||F|||50|]Whimsicott||FocusSash|Prankster|Moonblast,Encore,Tailwind,Protect|Timid||F|||50|]Basculegion||MysticWater|Adaptability|WaveCrash,AquaJet,LastRespects,Protect|Adamant||M|||50|]Charizard||CharizarditeY|Blaze|HeatWave,WeatherBall,SolarBeam,Protect|Modest||M|||50|]Kingambit||OccaBerry|Defiant|KowtowCleave,SuckerPunch,IronHead,Protect|Adamant||M|||50|]Garchomp||RoseliBerry|RoughSkin|Earthquake,DragonClaw,RockSlide,PoisonJab|Jolly||F|||50|
|showteam|p2|Incineroar||SitrusBerry|Intimidate|FakeOut,FlareBlitz,DarkestLariat,PartingShot|Careful||F|||50|]Basculegion||ChoiceScarf|Adaptability|AquaJet,LastRespects,WaveCrash,FlipTurn|Jolly||M|||50|]Whimsicott||FocusSash|Prankster|Moonblast,Tailwind,Charm,Protect|Calm||M|||50|]Kingambit||Leftovers|Defiant|KowtowCleave,IronHead,SuckerPunch,Protect|Adamant||M|||50|]Staraptor||Staraptite|Intimidate|BraveBird,CloseCombat,BlazeKick,Protect|Jolly||M|||50|]Glimmora||Glimmoranite|ToxicDebris|SludgeBomb,PowerGem,SludgeWave,SpikyShield|Timid||F|||50|
|
|t:|1782700444
|teamsize|p1|4
|teamsize|p2|4
|start
|switch|p1a: Charizard|Charizard, L50, M|100/100
|switch|p1b: Garchomp|Garchomp, L50, F|100/100
|switch|p2a: Whimsicott|Whimsicott, L50, M|100/100
|switch|p2b: Glimmora|Glimmora, L50, F|100/100
|turn|1
|inactive|Battle timer is ON: inactive players will automatically lose when time's up. (requested by leontief47)
|
|t:|1782700481
|detailschange|p2b: Glimmora|Glimmora-Mega, L50, F
|-mega|p2b: Glimmora|Glimmora|Glimmoranite
|move|p2b: Glimmora|Spiky Shield|p2b: Glimmora
|-singleturn|p2b: Glimmora|move: Protect
|move|p1a: Charizard|Protect|p1a: Charizard
|-singleturn|p1a: Charizard|Protect
|move|p2a: Whimsicott|Tailwind|p2a: Whimsicott
|-sidestart|p2: leontief47|move: Tailwind
|move|p1b: Garchomp|Earthquake|p2a: Whimsicott|[spread] p2a
|-activate|p1a: Charizard|move: Protect
|-activate|p2b: Glimmora|move: Protect
|-resisted|p2a: Whimsicott|1
|-damage|p2a: Whimsicott|82/100
|
|upkeep
|turn|2
|inactive|mixxserenade has 30 seconds left.
|
|t:|1782700509
|move|p1a: Charizard|Protect||[still]
|-fail|p1a: Charizard
|move|p2a: Whimsicott|Charm|p1b: Garchomp
|-unboost|p1b: Garchomp|atk|2
|move|p2b: Glimmora|Power Gem|p1a: Charizard
|-supereffective|p1a: Charizard|2
|-damage|p1a: Charizard|0 fnt
|faint|p1a: Charizard
|move|p1b: Garchomp|Earthquake|p2b: Glimmora|[spread] p2a,p2b
|-resisted|p2a: Whimsicott|1
|-supereffective|p2b: Glimmora|2
|-damage|p2a: Whimsicott|72/100
|-damage|p2b: Glimmora|29/100
|
|upkeep
|
|t:|1782700523
|switch|p1a: Basculegion|Basculegion, L50, M|100/100
|turn|3
|
|t:|1782700531
|move|p2b: Glimmora|Spiky Shield|p2b: Glimmora
|-singleturn|p2b: Glimmora|move: Protect
|move|p1a: Basculegion|Aqua Jet|p2b: Glimmora
|-activate|p2b: Glimmora|move: Protect
|-damage|p1a: Basculegion|87/100|[from] Spiky Shield|[of] p2b: Glimmora
|move|p2a: Whimsicott|Moonblast|p1b: Garchomp
|-supereffective|p1b: Garchomp|1
|-enditem|p1b: Garchomp|Roseli Berry|[eat]
|-enditem|p1b: Garchomp|Roseli Berry|[weaken]
|-damage|p1b: Garchomp|58/100
|-unboost|p1b: Garchomp|spa|1
|move|p1b: Garchomp|Poison Jab|p2a: Whimsicott
|-supereffective|p2a: Whimsicott|2
|-damage|p2a: Whimsicott|17/100
|
|upkeep
|turn|4
|inactive|mixxserenade has 30 seconds left.
|inactive|leontief47 has 30 seconds left.
|inactive|mixxserenade has 20 seconds left.
|
|t:|1782700570
|move|p1a: Basculegion|Aqua Jet|p2b: Glimmora
|-supereffective|p2b: Glimmora|1
|-damage|p2b: Glimmora|0 fnt
|faint|p2b: Glimmora
|move|p2a: Whimsicott|Moonblast|p1b: Garchomp
|-supereffective|p1b: Garchomp|1
|-damage|p1b: Garchomp|0 fnt
|faint|p1b: Garchomp
|
|-sideend|p2: leontief47|move: Tailwind
|upkeep
|inactive|mixxserenade has 30 seconds left.
|inactive|mixxserenade has 20 seconds left.
|inactive|mixxserenade has 15 seconds left.
|
|t:|1782700613
|switch|p2b: Incineroar|Incineroar, L50, F|100/100
|switch|p1b: Floette|Floette-Eternal, L50, F|100/100
|-ability|p2b: Incineroar|Intimidate|boost
|-unboost|p1a: Basculegion|atk|1
|-unboost|p1b: Floette|atk|1
|turn|5
|
|t:|1782700634
|detailschange|p1b: Floette|Floette-Mega, L50, F
|-mega|p1b: Floette|Floette|Floettite
|-ability|p1b: Floette|Fairy Aura
|move|p1a: Basculegion|Protect|p1a: Basculegion
|-singleturn|p1a: Basculegion|Protect
|move|p2b: Incineroar|Fake Out|p1b: Floette
|-damage|p1b: Floette|84/100
|move|p2a: Whimsicott|Charm|p1a: Basculegion
|-activate|p1a: Basculegion|move: Protect
|cant|p1b: Floette|flinch
|
|upkeep
|turn|6
|inactive|mixxserenade has 30 seconds left.
|
|t:|1782700664
|move|p2a: Whimsicott|Charm|p1a: Basculegion
|-unboost|p1a: Basculegion|atk|2
|move|p1b: Floette|Dazzling Gleam|p2b: Incineroar|[spread] p2a,p2b
|-damage|p2a: Whimsicott|0 fnt
|-damage|p2b: Incineroar|72/100
|faint|p2a: Whimsicott
|move|p1a: Basculegion|Wave Crash|p2b: Incineroar
|-supereffective|p2b: Incineroar|1
|-damage|p2b: Incineroar|9/100
|-enditem|p2b: Incineroar|Sitrus Berry|[eat]
|-heal|p2b: Incineroar|34/100|[from] item: Sitrus Berry
|-damage|p1a: Basculegion|66/100|[from] Recoil
|move|p2b: Incineroar|Parting Shot|p1b: Floette
|-unboost|p1b: Floette|atk|1
|-unboost|p1b: Floette|spa|1
|
|t:|1782700672
|switch|p2b: Basculegion|Basculegion, L50, M|100/100|[from] Parting Shot
|
|upkeep
|
|t:|1782700673
|switch|p2a: Incineroar|Incineroar, L50, F|34/100
|-ability|p2a: Incineroar|Intimidate|boost
|-unboost|p1a: Basculegion|atk|1
|-unboost|p1b: Floette|atk|1
|turn|7
|inactive|mixxserenade has 30 seconds left.
|inactive|mixxserenade has 20 seconds left.
|inactive|mixxserenade has 15 seconds left.
|
|t:|1782700715
|move|p2a: Incineroar|Fake Out|p1b: Floette
|-damage|p1b: Floette|70/100
|move|p1a: Basculegion|Aqua Jet|p2a: Incineroar
|-supereffective|p2a: Incineroar|1
|-crit|p2a: Incineroar
|-damage|p2a: Incineroar|0 fnt
|faint|p2a: Incineroar
|move|p2b: Basculegion|Last Respects|p1a: Basculegion
|-supereffective|p1a: Basculegion|1
|-crit|p1a: Basculegion
|-damage|p1a: Basculegion|0 fnt
|faint|p1a: Basculegion
|cant|p1b: Floette|flinch
|
|upkeep
|turn|8
|
|t:|1782700730
|move|p2b: Basculegion|Last Respects|p1b: Floette
|-damage|p1b: Floette|0 fnt
|faint|p1b: Floette
|
|win|leontief47
||leontief47 is ready for game 3.
|c|☆leontief47|gg
|inactive|mixxserenade has 30 seconds to confirm battle start!
|inactive|mixxserenade has 20 seconds to confirm battle start!
