|j|☆marix_ou
|j|‽Juaner95
|html|marix_ouJuaner95    
|uhtml|bestof|Game 3 of a best-of-3
|t:|1783002396
|gametype|doubles
|player|p1|marix_ou|wattson|1079
|player|p2|Juaner95|may-masters4|1160
|gen|9
|tier|[Gen 9 Champions] VGC 2026 Reg M-B (Bo3)
|rated|
|rule|Species Clause: Limit one of each Pokémon
|rule|Item Clause: Limit 1 of each item
|clearpoke
|poke|p1|Floette-Eternal, L50, F|
|poke|p1|Charizard, L50, F|
|poke|p1|Kingambit, L50, M|
|poke|p1|Whimsicott, L50, M|
|poke|p1|Basculegion, L50, M|
|poke|p1|Garchomp, L50, F|
|poke|p2|Scovillain, L50, M|
|poke|p2|Basculegion, L50, M, shiny|
|poke|p2|Sylveon, L50, F, shiny|
|poke|p2|Garchomp, L50, M|
|poke|p2|Aerodactyl, L50, M|
|poke|p2|Kingambit, L50, M|
|teampreview|4
|showteam|p1|Floette-Eternal||Floettite|FlowerVeil|LightofRuin,Moonblast,DazzlingGleam,Protect|Modest||F|||50|]Charizard||CharizarditeY|Blaze|SolarBeam,HeatWave,WeatherBall,Protect|Modest||F|||50|]Kingambit||BlackGlasses|Defiant|IronHead,Protect,KowtowCleave,SuckerPunch|Careful||M|||50|]Whimsicott||FocusSash|Prankster|Moonblast,Tailwind,Encore,Protect|Timid||M|||50|]Basculegion||MysticWater|Adaptability|WaveCrash,Protect,LastRespects,AquaJet|Jolly||M|||50|]Garchomp||LifeOrb|RoughSkin|Earthquake,RockSlide,Protect,DragonClaw|Jolly||F|||50|
|showteam|p2|Scovillain||Scovillainite|Moody|Overheat,LeechSeed,RagePowder,Protect|Calm||M|||50|]Basculegion||ChoiceScarf|Adaptability|WaveCrash,LastRespects,FlipTurn,AquaJet|Jolly||M|||50|]Sylveon||FairyFeather|Pixilate|HyperVoice,HyperBeam,QuickAttack,Detect|Modest||F|||50|]Garchomp||SitrusBerry|RoughSkin|Earthquake,DragonClaw,PoisonJab,Protect|Adamant||M|||50|]Aerodactyl||Aerodactylite|Unnerve|RockSlide,DualWingbeat,Tailwind,Protect|Jolly||M|||50|]Kingambit||FocusSash|Defiant|KowtowCleave,IronHead,LowKick,SuckerPunch|Adamant||M|||50|
|inactive|Battle timer is ON: inactive players will automatically lose when time's up. (requested by marix_ou)
|inactive|marix_ou has 60 seconds left.
|inactive|Juaner95 has 60 seconds left.
|inactive|Juaner95 has 30 seconds left.
|inactive|Juaner95 has 20 seconds left.
|inactive|Juaner95 has 15 seconds left.
|inactive|Juaner95 has 10 seconds left.
|inactive|Juaner95 has 5 seconds left.
|
|t:|1783002504
|teamsize|p1|4
|teamsize|p2|4
|start
|switch|p1a: Whimsicott|Whimsicott, L50, M|100/100
|switch|p1b: Floette|Floette-Eternal, L50, F|100/100
|switch|p2a: Scovillain|Scovillain, L50, M|100/100
|switch|p2b: Basculegion|Basculegion, L50, M, shiny|100/100
|turn|1
|inactive|marix_ou has 30 seconds left.
|inactive|Juaner95 has 30 seconds left.
|inactive|marix_ou has 20 seconds left.
|inactive|Juaner95 has 20 seconds left.
|inactive|marix_ou has 15 seconds left.
|inactive|marix_ou has 10 seconds left.
|inactive|marix_ou has 5 seconds left.
|
|t:|1783002559
|move|p2a: Scovillain|Protect|p2a: Scovillain
|-singleturn|p2a: Scovillain|Protect
|move|p2b: Basculegion|Flip Turn|p1b: Floette
|-damage|p1b: Floette|41/100
|
|t:|1783002566
|switch|p2b: Sylveon|Sylveon, L50, F, shiny|100/100|[from] Flip Turn
|move|p1a: Whimsicott|Moonblast|p2b: Sylveon
|-damage|p2b: Sylveon|72/100
|move|p1b: Floette|Light of Ruin|p2b: Sylveon
|-damage|p2b: Sylveon|18/100
|-damage|p1b: Floette|5/100|[from] Recoil
|
|-ability|p2a: Scovillain|Moody|boost
|-boost|p2a: Scovillain|def|2
|-unboost|p2a: Scovillain|spe|1
|upkeep
|turn|2
|inactive|Juaner95 has 30 seconds left.
|
|t:|1783002596
|detailschange|p1b: Floette|Floette-Mega, L50, F
|-mega|p1b: Floette|Floette|Floettite
|-ability|p1b: Floette|Fairy Aura
|detailschange|p2a: Scovillain|Scovillain-Mega, L50, M
|-mega|p2a: Scovillain|Scovillain|Scovillainite
|move|p2a: Scovillain|Rage Powder|p2a: Scovillain
|-singleturn|p2a: Scovillain|move: Rage Powder
|move|p1a: Whimsicott|Encore|p2a: Scovillain
|-start|p2a: Scovillain|Encore
|move|p1b: Floette|Dazzling Gleam|p2a: Scovillain|[spread] p2a,p2b
|-resisted|p2a: Scovillain|1
|-damage|p2a: Scovillain|74/100
|-damage|p2b: Sylveon|0 fnt
|-status|p1b: Floette|brn|[from] ability: Spicy Spray|[of] p2a: Scovillain
|faint|p2b: Sylveon
|
|-damage|p1b: Floette|0 fnt|[from] brn
|faint|p1b: Floette
|upkeep
|
|t:|1783002613
|switch|p1b: Charizard|Charizard, L50, F|100/100
|switch|p2b: Basculegion|Basculegion, L50, M, shiny|100/100
|turn|3
|
|t:|1783002631
|switch|p1b: Kingambit|Kingambit, L50, M|100/100
|move|p2a: Scovillain|Rage Powder|p2a: Scovillain
|-singleturn|p2a: Scovillain|move: Rage Powder
|move|p2b: Basculegion|Flip Turn|p1b: Kingambit
|-damage|p1b: Kingambit|70/100
|
|t:|1783002637
|switch|p2b: Garchomp|Garchomp, L50, M|100/100|[from] Flip Turn
|move|p1a: Whimsicott|Moonblast|p2b: Garchomp
|-supereffective|p2b: Garchomp|1
|-damage|p2b: Garchomp|34/100
|-enditem|p2b: Garchomp|Sitrus Berry|[eat]
|-heal|p2b: Garchomp|59/100|[from] item: Sitrus Berry
|
|upkeep
|turn|4
|c|☆marix_ou|i am stupid
|
|t:|1783002657
|move|p2a: Scovillain|Rage Powder|p2a: Scovillain
|-singleturn|p2a: Scovillain|move: Rage Powder
|move|p1a: Whimsicott|Moonblast|p2b: Garchomp
|-supereffective|p2b: Garchomp|1
|-damage|p2b: Garchomp|0 fnt
|faint|p2b: Garchomp
|move|p1b: Kingambit|Kowtow Cleave|p2a: Scovillain
|-damage|p2a: Scovillain|47/100
|-status|p1b: Kingambit|brn|[from] ability: Spicy Spray|[of] p2a: Scovillain
|
|-damage|p1b: Kingambit|64/100 brn|[from] brn
|upkeep
|
|t:|1783002665
|switch|p2b: Basculegion|Basculegion, L50, M, shiny|100/100
|turn|5
|
|t:|1783002679
|move|p1b: Kingambit|Protect|p1b: Kingambit
|-singleturn|p1b: Kingambit|Protect
|move|p2a: Scovillain|Rage Powder|p2a: Scovillain
|-singleturn|p2a: Scovillain|move: Rage Powder
|move|p2b: Basculegion|Last Respects|p1a: Whimsicott
|-enditem|p1a: Whimsicott|Focus Sash
|-damage|p1a: Whimsicott|1/100
|move|p1a: Whimsicott|Moonblast|p2b: Basculegion
|-damage|p2b: Basculegion|57/100
|
|-damage|p1b: Kingambit|58/100 brn|[from] brn
|-end|p2a: Scovillain|Encore
|upkeep
|turn|6
|
|t:|1783002698
|switch|p1a: Charizard|Charizard, L50, F|100/100
|move|p2b: Basculegion|Last Respects|p1a: Charizard
|-damage|p1a: Charizard|0 fnt
|faint|p1a: Charizard
|move|p1b: Kingambit|Kowtow Cleave|p2b: Basculegion
|-supereffective|p2b: Basculegion|1
|-damage|p2b: Basculegion|0 fnt
|faint|p2b: Basculegion
|move|p2a: Scovillain|Overheat|p1b: Kingambit
|-supereffective|p1b: Kingambit|1
|-damage|p1b: Kingambit|0 fnt
|-unboost|p2a: Scovillain|spa|2
|faint|p1b: Kingambit
|
|upkeep
|
|t:|1783002709
|switch|p1a: Whimsicott|Whimsicott, L50, M|1/100
|turn|7
|
|t:|1783002715
|move|p1a: Whimsicott|Moonblast|p2a: Scovillain
|-resisted|p2a: Scovillain|1
|-damage|p2a: Scovillain|31/100
|-status|p1a: Whimsicott|brn|[from] ability: Spicy Spray|[of] p2a: Scovillain
|move|p2a: Scovillain|Overheat|p1a: Whimsicott
|-supereffective|p1a: Whimsicott|1
|-damage|p1a: Whimsicott|0 fnt
|-unboost|p2a: Scovillain|spa|2
|faint|p1a: Whimsicott
|
|win|Juaner95
|raw|marix_ou's rating: 1079 → 1062(-17 for losing)
|raw|Juaner95's rating: 1160 → 1179(+19 for winning)
|c|☆marix_ou|gg}
