|j|☆elmono11
|j|☆A_TerroneVGC
|html|elmono11A_TerroneVGC    
|uhtml|bestof|Game 3 of a best-of-3
|t:|1784146364
|gametype|doubles
|player|p1|elmono11|266|1454
|player|p2|A_TerroneVGC|265|1316
|gen|9
|tier|[Gen 9 Champions] VGC 2026 Reg M-B (Bo3)
|rated|
|rule|Species Clause: Limit one of each Pokémon
|rule|Item Clause: Limit 1 of each item
|clearpoke
|poke|p1|Dragonite, L50, F|
|poke|p1|Sneasler, L50, F|
|poke|p1|Sinistcha, L50|
|poke|p1|Incineroar, L50, M|
|poke|p1|Floette-Eternal, L50, F|
|poke|p1|Kingambit, L50, F|
|poke|p2|Charizard, L50, M|
|poke|p2|Basculegion, L50, M|
|poke|p2|Venusaur, L50, M|
|poke|p2|Archaludon, L50, M|
|poke|p2|Pelipper, L50, M|
|poke|p2|Grimmsnarl, L50, M|
|teampreview|4
|showteam|p1|Dragonite||LumBerry|Multiscale|DragonClaw,ExtremeSpeed,FirePunch,Protect|Adamant||F|||50|]Sneasler||FocusSash|PoisonTouch|FakeOut,CloseCombat,PoisonJab,Coaching|Jolly||F|||50|]Sinistcha||Leftovers|Hospitality|TrickRoom,MatchaGotcha,RagePowder,Protect|Bold|||||50|]Incineroar||SitrusBerry|Intimidate|FlareBlitz,DarkestLariat,PartingShot,FakeOut|Careful||M|||50|]Floette-Eternal||Floettite|FlowerVeil|DazzlingGleam,DrainingKiss,CalmMind,Protect|Modest||F|||50|]Kingambit||BlackGlasses|Defiant|KowtowCleave,SwordsDance,SuckerPunch,Protect|Adamant||F|||50|
|showteam|p2|Charizard||CharizarditeY|Blaze|HeatWave,SolarBeam,WeatherBall,Protect|Modest||M|||50|]Basculegion||ChoiceScarf|Adaptability|WaveCrash,LastRespects,FlipTurn,AquaJet|Jolly||M|||50|]Venusaur||FocusSash|Chlorophyll|SludgeBomb,EarthPower,SleepPowder,Protect|Modest||M|||50|]Archaludon||Leftovers|Stamina|FlashCannon,DragonPulse,ElectroShot,Protect|Calm||M|||50|]Pelipper||SitrusBerry|Drizzle|WeatherBall,Hurricane,Tailwind,WideGuard|Modest||M|||50|]Grimmsnarl||LightClay|Prankster|SpiritBreak,PartingShot,Reflect,LightScreen|Sassy||M|||50|
|inactive|Battle timer is ON: inactive players will automatically lose when time's up. (requested by elmono11)
|
|t:|1784146386
|teamsize|p1|4
|teamsize|p2|4
|start
|switch|p1a: Dragonite|Dragonite, L50, F|100/100
|switch|p1b: Sneasler|Sneasler, L50, F|100/100
|switch|p2a: Grimmsnarl|Grimmsnarl, L50, M|100/100
|switch|p2b: Charizard|Charizard, L50, M|100/100
|turn|1
|
|t:|1784146401
|detailschange|p2b: Charizard|Charizard-Mega-Y, L50, M
|-mega|p2b: Charizard|Charizard|Charizardite Y
|-weather|SunnyDay|[from] ability: Drought|[of] p2b: Charizard
|move|p2a: Grimmsnarl|Reflect|p2a: Grimmsnarl
|-sidestart|p2: A_TerroneVGC|Reflect
|move|p1b: Sneasler|Coaching|p1a: Dragonite
|-boost|p1a: Dragonite|atk|1
|-boost|p1a: Dragonite|def|1
|move|p2b: Charizard|Heat Wave|p1b: Sneasler|[spread] p1a,p1b
|-resisted|p1a: Dragonite|1
|-damage|p1a: Dragonite|83/100
|-damage|p1b: Sneasler|2/100
|move|p1a: Dragonite|Fire Punch|p2a: Grimmsnarl
|-damage|p2a: Grimmsnarl|54/100
|
|-weather|SunnyDay|[upkeep]
|upkeep
|turn|2
|inactive|A_TerroneVGC has 30 seconds left.
|
|t:|1784146427
|move|p1a: Dragonite|Protect|p1a: Dragonite
|-singleturn|p1a: Dragonite|Protect
|move|p2a: Grimmsnarl|Parting Shot|p1a: Dragonite
|-activate|p1a: Dragonite|move: Protect
|move|p1b: Sneasler|Poison Jab|p2b: Charizard
|-damage|p2b: Charizard|69/100
|-status|p2b: Charizard|psn
|move|p2b: Charizard|Heat Wave|p1a: Dragonite|[spread] p1b
|-activate|p1a: Dragonite|move: Protect
|-damage|p1b: Sneasler|0 fnt
|faint|p1b: Sneasler
|
|-weather|SunnyDay|[upkeep]
|-damage|p2b: Charizard|57/100 psn|[from] psn
|upkeep
|
|t:|1784146434
|switch|p1b: Sinistcha|Sinistcha, L50|100/100
|-heal|p1a: Dragonite|100/100|[from] ability: Hospitality|[of] p1b: Sinistcha
|turn|3
|
|t:|1784146448
|move|p1b: Sinistcha|Protect|p1b: Sinistcha
|-singleturn|p1b: Sinistcha|Protect
|move|p2a: Grimmsnarl|Parting Shot|p1a: Dragonite
|-unboost|p1a: Dragonite|atk|1
|-unboost|p1a: Dragonite|spa|1
|
|t:|1784146457
|switch|p2a: Basculegion|Basculegion, L50, M|100/100|[from] Parting Shot
|move|p2b: Charizard|Heat Wave|p1b: Sinistcha|[spread] p1a
|-activate|p1b: Sinistcha|move: Protect
|-resisted|p1a: Dragonite|1
|-damage|p1a: Dragonite|84/100
|move|p1a: Dragonite|Dragon Claw|p2b: Charizard
|-crit|p2b: Charizard
|-damage|p2b: Charizard|0 fnt
|faint|p2b: Charizard
|
|-weather|SunnyDay|[upkeep]
|upkeep
|
|t:|1784146472
|switch|p2b: Venusaur|Venusaur, L50, M|100/100
|turn|4
|inactive|elmono11 has 30 seconds left.
|
|t:|1784146503
|switch|p1b: Kingambit|Kingambit, L50, F|100/100
|move|p2b: Venusaur|Sludge Bomb|p1b: Kingambit
|-immune|p1b: Kingambit
|move|p2a: Basculegion|Last Respects|p1b: Kingambit
|-resisted|p1b: Kingambit|1
|-damage|p1b: Kingambit|77/100
|move|p1a: Dragonite|Fire Punch|p2b: Venusaur
|-supereffective|p2b: Venusaur|1
|-damage|p2b: Venusaur|21/100
|
|-weather|SunnyDay|[upkeep]
|upkeep
|turn|5
|
|t:|1784146517
|switch|p2a: Grimmsnarl|Grimmsnarl, L50, M|54/100
|move|p1a: Dragonite|Extreme Speed|p2b: Venusaur
|-damage|p2b: Venusaur|0 fnt
|faint|p2b: Venusaur
|move|p1b: Kingambit|Kowtow Cleave|p2a: Grimmsnarl
|-resisted|p2a: Grimmsnarl|2
|-damage|p2a: Grimmsnarl|44/100
|
|-weather|none
|upkeep
|
|t:|1784146527
|switch|p2b: Basculegion|Basculegion, L50, M|100/100
|turn|6
|
|t:|1784146545
|move|p1b: Kingambit|Protect|p1b: Kingambit
|-singleturn|p1b: Kingambit|Protect
|move|p2b: Basculegion|Wave Crash|p1b: Kingambit
|-activate|p1b: Kingambit|move: Protect
|move|p1a: Dragonite|Dragon Claw|p2b: Basculegion
|-damage|p2b: Basculegion|67/100
|move|p2a: Grimmsnarl|Spirit Break|p1a: Dragonite
|-supereffective|p1a: Dragonite|1
|-damage|p1a: Dragonite|45/100
|-unboost|p1a: Dragonite|spa|1
|
|upkeep
|turn|7
|
|t:|1784146562
|move|p1b: Kingambit|Sucker Punch|p2b: Basculegion
|-supereffective|p2b: Basculegion|1
|-damage|p2b: Basculegion|0 fnt
|faint|p2b: Basculegion
|move|p1a: Dragonite|Fire Punch|p2a: Grimmsnarl
|-damage|p2a: Grimmsnarl|25/100
|move|p2a: Grimmsnarl|Spirit Break|p1a: Dragonite
|-supereffective|p1a: Dragonite|1
|-damage|p1a: Dragonite|4/100
|-unboost|p1a: Dragonite|spa|1
|
|upkeep
|turn|8
|
|t:|1784146565
|move|p1a: Dragonite|Fire Punch|p2a: Grimmsnarl
|-damage|p2a: Grimmsnarl|6/100
|-status|p2a: Grimmsnarl|brn
|move|p2a: Grimmsnarl|Spirit Break|p1a: Dragonite
|-supereffective|p1a: Dragonite|1
|-crit|p1a: Dragonite
|-damage|p1a: Dragonite|0 fnt
|faint|p1a: Dragonite
|move|p1b: Kingambit|Kowtow Cleave|p2a: Grimmsnarl
|-resisted|p2a: Grimmsnarl|2
|-damage|p2a: Grimmsnarl|0 fnt
|faint|p2a: Grimmsnarl
|
|win|elmono11
|raw|elmono11's rating: 1454 → 1466(+12 for winning)
|raw|A_TerroneVGC's rating: 1316 → 1304(-12 for losing)
