|j|☆kasumidate
|j|☆no name kiru
|html|kasumidateno name kiru    
|uhtml|bestof|Game 2 of a best-of-3
|t:|1785270563
|gametype|doubles
|player|p1|kasumidate|cynthia|
|player|p2|no name kiru|101|
|gen|9
|tier|[Gen 9 Champions] VGC 2026 Reg M-B (Bo3)
|rule|Species Clause: Limit one of each Pokémon
|rule|Item Clause: Limit 1 of each item
|clearpoke
|poke|p1|Pyroar, L50, F|
|poke|p1|Gallade, L50, M|
|poke|p1|Farigiraf, L50, F|
|poke|p1|Kangaskhan, L50, F|
|poke|p1|Torkoal, L50, F|
|poke|p1|Mawile, L50, M|
|poke|p2|Metagross, L50|
|poke|p2|Floette-Eternal, L50, F|
|poke|p2|Talonflame, L50, F|
|poke|p2|Garchomp, L50, M|
|poke|p2|Ceruledge, L50, M|
|poke|p2|Ninetales-Alola, L50, M|
|teampreview|4
|showteam|p1|Pyroar||Pyroarite|Unnerve|Overheat,HeatWave,SolarBeam,Protect|Timid||F|||50|]Gallade||IronBall|Sharpness|SacredSword,PsychoCut,LeafBlade,TrickRoom|Brave||M|||50|]Farigiraf||SitrusBerry|ArmorTail|TrickRoom,HelpingHand,PsychicFangs,Thunderbolt|Sassy||F|||50|]Kangaskhan||LifeOrb|Scrappy|FakeOut,DoubleEdge,IcePunch,HammerArm|Jolly||F|||50|]Torkoal||Charcoal|Drought|Eruption,WeatherBall,HelpingHand,Protect|Bold||F|||50|]Mawile||Mawilite|Intimidate|SwordsDance,PlayRough,SuckerPunch,RockSlide|Adamant||M|||50|
|showteam|p2|Metagross||Metagrossite|ClearBody|IronHead,ThunderPunch,PsychicFangs,Protect|Jolly|||||50|]Floette-Eternal||Floettite|FlowerVeil|Moonblast,DazzlingGleam,LightofRuin,Protect|Timid||F|||50|]Talonflame||SharpBeak|GaleWings|Tailwind,DualWingbeat,FlareBlitz,Protect|Jolly||F|||50|]Garchomp||LifeOrb|RoughSkin|DragonClaw,RockSlide,Earthquake,Protect|Jolly||M|||50|]Ceruledge||SitrusBerry|FlashFire|BitterBlade,BulkUp,ShadowSneak,Protect|Jolly||M|||50|]Ninetales-Alola||NeverMeltIce|SnowWarning|Blizzard,FreezeDry,Encore,Protect|Timid||M|||50|
|
|t:|1785270619
|teamsize|p1|4
|teamsize|p2|4
|start
|switch|p1a: Farigiraf|Farigiraf, L50, F|100/100
|switch|p1b: Gallade|Gallade, L50, M|100/100
|switch|p2a: Garchomp|Garchomp, L50, M|100/100
|switch|p2b: Talonflame|Talonflame, L50, F|100/100
|turn|1
|
|t:|1785270640
|move|p2b: Talonflame|Tailwind|p2b: Talonflame
|-sidestart|p2: no name kiru|move: Tailwind
|move|p2a: Garchomp|Dragon Claw|p1a: Farigiraf
|-damage|p1a: Farigiraf|44/100
|-enditem|p1a: Farigiraf|Sitrus Berry|[eat]
|-heal|p1a: Farigiraf|69/100|[from] item: Sitrus Berry
|-damage|p2a: Garchomp|90/100|[from] item: Life Orb
|move|p1a: Farigiraf|Thunderbolt|p2b: Talonflame
|-supereffective|p2b: Talonflame|1
|-damage|p2b: Talonflame|26/100
|move|p1b: Gallade|Trick Room|p1b: Gallade
|-fieldstart|move: Trick Room|[of] p1b: Gallade
|
|upkeep
|turn|2
|j| soulmoonvgc
|
|t:|1785270667
|move|p1b: Gallade|Psycho Cut|p2a: Garchomp
|-damage|p2a: Garchomp|31/100
|move|p1a: Farigiraf|Thunderbolt|p2b: Talonflame
|-supereffective|p2b: Talonflame|1
|-damage|p2b: Talonflame|0 fnt
|faint|p2b: Talonflame
|move|p2a: Garchomp|Earthquake|p1a: Farigiraf|[spread] p1a,p1b
|-crit|p1a: Farigiraf
|-damage|p1a: Farigiraf|0 fnt
|-damage|p1b: Gallade|32/100
|faint|p1a: Farigiraf
|-damage|p2a: Garchomp|22/100|[from] item: Life Orb
|
|upkeep
|
|t:|1785270680
|switch|p1a: Mawile|Mawile, L50, M|100/100
|switch|p2b: Metagross|Metagross, L50|100/100
|-ability|p1a: Mawile|Intimidate|boost
|-unboost|p2a: Garchomp|atk|1
|-fail|p2b: Metagross|unboost|[from] ability: Clear Body|[of] p2b: Metagross
|turn|3
|
|t:|1785270700
|detailschange|p1a: Mawile|Mawile-Mega, L50, M
|-mega|p1a: Mawile|Mawile|Mawilite
|detailschange|p2b: Metagross|Metagross-Mega, L50
|-mega|p2b: Metagross|Metagross|Metagrossite
|move|p1b: Gallade|Psycho Cut|p2a: Garchomp
|-crit|p2a: Garchomp
|-damage|p2a: Garchomp|0 fnt
|faint|p2a: Garchomp
|move|p1a: Mawile|Swords Dance|p1a: Mawile
|-boost|p1a: Mawile|atk|2
|move|p2b: Metagross|Psychic Fangs|p1a: Mawile
|-resisted|p1a: Mawile|1
|-damage|p1a: Mawile|71/100
|
|upkeep
|
|t:|1785270723
|switch|p2a: Ceruledge|Ceruledge, L50, M|100/100
|turn|4
|
|t:|1785270745
|move|p1b: Gallade|Sacred Sword|p2a: Ceruledge
|-immune|p2a: Ceruledge
|move|p1a: Mawile|Rock Slide|p2b: Metagross|[spread] p2a,p2b
|-supereffective|p2a: Ceruledge|1
|-resisted|p2b: Metagross|1
|-damage|p2a: Ceruledge|0 fnt
|-damage|p2b: Metagross|71/100
|faint|p2a: Ceruledge
|cant|p2b: Metagross|flinch
|
|-sideend|p2: no name kiru|move: Tailwind
|upkeep
|turn|5
|
|t:|1785270776
|move|p1a: Mawile|Sucker Punch|p2b: Metagross
|-supereffective|p2b: Metagross|1
|-damage|p2b: Metagross|0 fnt
|faint|p2b: Metagross
|
|win|kasumidate
