|j|☆ProfessorSorin
|j|☆bpecina03
|html|ProfessorSorinbpecina03    
|uhtml|bestof|Game 3 of a best-of-3
|t:|1784518365
|gametype|doubles
|player|p1|ProfessorSorin|169|1109
|player|p2|bpecina03|169|1229
|gen|9
|tier|[Gen 9 Champions] VGC 2026 Reg M-B (Bo3)
|rated|
|rule|Species Clause: Limit one of each Pokémon
|rule|Item Clause: Limit 1 of each item
|clearpoke
|poke|p1|Farigiraf, L50, M, shiny|
|poke|p1|Blastoise, L50, F, shiny|
|poke|p1|Sylveon, L50, M, shiny|
|poke|p1|Torkoal, L50, F, shiny|
|poke|p1|Vileplume, L50, M, shiny|
|poke|p1|Kingambit, L50, M, shiny|
|poke|p2|Delphox, L50, F|
|poke|p2|Meowscarada, L50, F|
|poke|p2|Kingambit, L50, F|
|poke|p2|Aerodactyl, L50, F|
|poke|p2|Sylveon, L50, M|
|poke|p2|Basculegion, L50, M|
|teampreview|4
|showteam|p1|Farigiraf||SitrusBerry|ArmorTail|TrickRoom,Protect,Imprison,Psychic|Relaxed||M|||50|]Blastoise||Blastoisinite|RainDish|WaterSpout,AuraSphere,DarkPulse,FakeOut|Quiet||F|||50|]Sylveon||FairyFeather|Pixilate|HyperVoice,MysticalFire,CalmMind,Detect|Quiet||M|||50|]Torkoal||Charcoal|Drought|Eruption,HeatWave,Protect,WeatherBall|Quiet||F|||50|]Vileplume||FocusSash|Chlorophyll|AfterYou,EnergyBall,SludgeBomb,SleepPowder|Timid||M|||50|]Kingambit||BlackGlasses|Defiant|KowtowCleave,IronHead,SuckerPunch,Protect|Brave||M|||50|
|showteam|p2|Delphox||Delphoxite|Blaze|Protect,Encore,HeatWave,Psychic|Timid||F|||50|]Meowscarada||ChoiceScarf|Protean|TripleAxel,KnockOff,FlowerTrick,Uturn|Adamant||F|||50|]Kingambit||LifeOrb|Defiant|KowtowCleave,IronHead,SuckerPunch,Protect|Adamant||F|||50|]Aerodactyl||Aerodactylite|Unnerve|RockSlide,Tailwind,Protect,DualWingbeat|Jolly||F|||50|]Sylveon||FairyFeather|Pixilate|Protect,HyperVoice,HyperBeam,QuickAttack|Modest||M|||50|]Basculegion||FocusSash|Adaptability|LastRespects,Liquidation,AquaJet,Protect|Jolly||M|||50|
|
|t:|1784518385
|teamsize|p1|4
|teamsize|p2|4
|start
|switch|p1a: Farigiraf|Farigiraf, L50, M, shiny|100/100
|switch|p1b: Blastoise|Blastoise, L50, F, shiny|100/100
|switch|p2a: Meowscarada|Meowscarada, L50, F|100/100
|switch|p2b: Kingambit|Kingambit, L50, F|100/100
|turn|1
|
|t:|1784518395
|detailschange|p1b: Blastoise|Blastoise-Mega, L50, F, shiny
|-mega|p1b: Blastoise|Blastoise|Blastoisinite
|move|p1b: Blastoise|Fake Out|p2b: Kingambit
|-resisted|p2b: Kingambit|1
|-damage|p2b: Kingambit|96/100
|move|p2a: Meowscarada|U-turn|p1a: Farigiraf
|-start|p2a: Meowscarada|typechange|Bug|[from] ability: Protean
|-supereffective|p1a: Farigiraf|1
|-damage|p1a: Farigiraf|44/100
|-enditem|p1a: Farigiraf|Sitrus Berry|[eat]
|-heal|p1a: Farigiraf|69/100|[from] item: Sitrus Berry
|
|t:|1784518405
|switch|p2a: Sylveon|Sylveon, L50, M|100/100|[from] U-turn
|cant|p2b: Kingambit|flinch
|move|p1a: Farigiraf|Trick Room|p1a: Farigiraf
|-fieldstart|move: Trick Room|[of] p1a: Farigiraf
|
|upkeep
|turn|2
|
|t:|1784518426
|move|p2b: Kingambit|Kowtow Cleave|p1a: Farigiraf
|-supereffective|p1a: Farigiraf|1
|-damage|p1a: Farigiraf|0 fnt
|faint|p1a: Farigiraf
|-damage|p2b: Kingambit|86/100|[from] item: Life Orb
|move|p2a: Sylveon|Hyper Beam|p1b: Blastoise
|-damage|p1b: Blastoise|1/100
|-mustrecharge|p2a: Sylveon
|move|p1b: Blastoise|Aura Sphere|p2b: Kingambit
|-supereffective|p2b: Kingambit|2
|-damage|p2b: Kingambit|0 fnt
|faint|p2b: Kingambit
|
|upkeep
|
|t:|1784518438
|switch|p2b: Basculegion|Basculegion, L50, M|100/100
|switch|p1a: Torkoal|Torkoal, L50, F, shiny|100/100
|-weather|SunnyDay|[from] ability: Drought|[of] p1a: Torkoal
|turn|3
|
|t:|1784518460
|switch|p1b: Sylveon|Sylveon, L50, M, shiny|100/100
|move|p2b: Basculegion|Aqua Jet|p1b: Sylveon
|-crit|p1b: Sylveon
|-damage|p1b: Sylveon|79/100
|move|p1a: Torkoal|Eruption|p2a: Sylveon|[spread] p2a,p2b
|-resisted|p2b: Basculegion|1
|-damage|p2a: Sylveon|30/100
|-damage|p2b: Basculegion|52/100
|cant|p2a: Sylveon|recharge
|
|-weather|SunnyDay|[upkeep]
|upkeep
|turn|4
|
|t:|1784518477
|move|p2a: Sylveon|Protect|p2a: Sylveon
|-singleturn|p2a: Sylveon|Protect
|move|p2b: Basculegion|Protect|p2b: Basculegion
|-singleturn|p2b: Basculegion|Protect
|move|p1a: Torkoal|Eruption|p2a: Sylveon|[spread] 
|-activate|p2a: Sylveon|move: Protect
|-activate|p2b: Basculegion|move: Protect
|move|p1b: Sylveon|Hyper Voice|p2a: Sylveon|[spread] 
|-activate|p2a: Sylveon|move: Protect
|-activate|p2b: Basculegion|move: Protect
|
|-weather|SunnyDay|[upkeep]
|upkeep
|turn|5
|
|t:|1784518492
|move|p2a: Sylveon|Quick Attack|p1a: Torkoal
|-resisted|p1a: Torkoal|1
|-damage|p1a: Torkoal|94/100
|move|p2b: Basculegion|Aqua Jet|p1a: Torkoal
|-supereffective|p1a: Torkoal|1
|-damage|p1a: Torkoal|74/100
|move|p1a: Torkoal|Eruption|p2a: Sylveon|[spread] p2a,p2b
|-resisted|p2b: Basculegion|1
|-damage|p2a: Sylveon|0 fnt
|-damage|p2b: Basculegion|14/100
|faint|p2a: Sylveon
|move|p1b: Sylveon|Hyper Voice|p2b: Basculegion
|-damage|p2b: Basculegion|0 fnt
|faint|p2b: Basculegion
|
|-weather|SunnyDay|[upkeep]
|-fieldend|move: Trick Room
|upkeep
|
|t:|1784518506
|switch|p2b: Meowscarada|Meowscarada, L50, F|100/100
|turn|6
|
|t:|1784518517
|move|p2b: Meowscarada|Knock Off|p1a: Torkoal
|-start|p2b: Meowscarada|typechange|Dark|[from] ability: Protean
|-damage|p1a: Torkoal|38/100
|-enditem|p1a: Torkoal|Charcoal|[from] move: Knock Off|[of] p2b: Meowscarada
|move|p1b: Sylveon|Hyper Voice|p2b: Meowscarada
|-supereffective|p2b: Meowscarada|1
|-damage|p2b: Meowscarada|0 fnt
|faint|p2b: Meowscarada
|
|win|ProfessorSorin
|raw|ProfessorSorin's rating: 1109 → 1142(+33 for winning)
|raw|bpecina03's rating: 1229 → 1196(-33 for losing)
|l|☆bpecina03
|player|p2|
