|j|☆robby w
|j|☆YoungSinatra44
|html|robby wYoungSinatra44    
|uhtml|bestof|Game 1 of a best-of-3
|t:|1756579562
|gametype|doubles
|player|p1|robby w|pokekid|1323
|player|p2|YoungSinatra44|170|1214
|gen|9
|tier|[Gen 9] VGC 2025 Reg H (Bo3)
|rated|
|rule|Species Clause: Limit one of each Pokémon
|rule|Item Clause: Limit 1 of each item
|clearpoke
|poke|p1|Dondozo, L50, F|
|poke|p1|Tatsugiri, L50, M|
|poke|p1|Sneasler, L50, F|
|poke|p1|Indeedee, L50, M|
|poke|p1|Annihilape, L50, M|
|poke|p1|Gholdengo, L50|
|poke|p2|Indeedee, L50, M|
|poke|p2|Ursaluna-Bloodmoon, L50, M|
|poke|p2|Whimsicott, L50, M|
|poke|p2|Typhlosion-Hisui, L50, F|
|poke|p2|Annihilape, L50, M|
|poke|p2|Electabuzz, L50, M|
|teampreview|4
|showteam|p1|Dondozo||Leftovers|Unaware|Protect,WaveCrash,Earthquake,OrderUp|||F|||50|,,,,,Grass]Tatsugiri||ChoiceScarf|Commander|DragonPulse,IcyWind,DracoMeteor,MuddyWater|||M|||50|,,,,,Stellar]Sneasler||PsychicSeed|Unburden|DireClaw,CloseCombat,Protect,ThroatChop|||F|||50|,,,,,Dark]Indeedee||FocusSash|PsychicSurge|DazzlingGleam,HelpingHand,ExpandingForce,Protect|||M|||50|,,,,,Fairy]Annihilape||SafetyGoggles|Defiant|CloseCombat,RageFist,Protect,Taunt|||M|||50|,,,,,Fighting]Gholdengo||LifeOrb|GoodasGold|MakeItRain,Protect,NastyPlot,ShadowBall||||||50|,,,,,Fire
|showteam|p2|Indeedee||FocusSash|PsychicSurge|ExpandingForce,TeraBlast,DazzlingGleam,Protect|||M|||50|,,,,,Psychic]Ursaluna-Bloodmoon||LifeOrb|MindsEye|HyperVoice,EarthPower,BloodMoon,Protect|||M|||50|,,,,,Normal]Whimsicott||CovertCloak|Prankster|Moonblast,Tailwind,FakeTears,SunnyDay|||M|||50|,,,,,Dark]Typhlosion-Hisui||ChoiceScarf|Blaze|Eruption,HeatWave,ShadowBall,Overheat|||F|||50|,,,,,Fire]Annihilape||Leftovers|Defiant|DrainPunch,RageFist,BulkUp,Protect|||M|||50|,,,,,Steel]Electabuzz||Eviolite|VitalSpirit|Electroweb,FollowMe,Taunt,Protect|||M|||50|,,,,,Ghost
|inactive|Battle timer is ON: inactive players will automatically lose when time's up. (requested by robby w)
|inactive|YoungSinatra44 has 60 seconds left.
|
|t:|1756579621
|teamsize|p1|4
|teamsize|p2|4
|start
|switch|p1a: Sneasler|Sneasler, L50, F|100/100
|switch|p1b: Dondozo|Dondozo, L50, F, shiny|100/100
|switch|p2a: Indeedee|Indeedee, L50, M|100/100
|switch|p2b: Typhlosion|Typhlosion-Hisui, L50, F|100/100
|-fieldstart|move: Psychic Terrain|[from] ability: Psychic Surge|[of] p2a: Indeedee
|-enditem|p1a: Sneasler|Psychic Seed
|-boost|p1a: Sneasler|spd|1|[from] item: Psychic Seed
|turn|1
|inactive|robby w has 30 seconds left.
|inactive|robby w has 20 seconds left.
|
|t:|1756579660
|-terastallize|p1a: Sneasler|Dark
|move|p1a: Sneasler|Throat Chop|p2b: Typhlosion
|-supereffective|p2b: Typhlosion
|-damage|p2b: Typhlosion|0 fnt
|faint|p2b: Typhlosion
|move|p2a: Indeedee|Expanding Force|p1a: Sneasler|[spread] p1b
|-immune|p1a: Sneasler
|-damage|p1b: Dondozo|37/100
|move|p1b: Dondozo|Wave Crash|p2a: Indeedee
|-enditem|p2a: Indeedee|Focus Sash
|-damage|p2a: Indeedee|1/100
|-damage|p1b: Dondozo|17/100|[from] Recoil
|
|-heal|p1b: Dondozo|24/100|[from] item: Leftovers
|upkeep
|
|t:|1756579673
|switch|p2b: Electabuzz|Electabuzz, L50, M|100/100
|turn|2
|
|t:|1756579687
|switch|p1a: Tatsugiri|Tatsugiri, L50, M|100/100
|-activate|p1a: Tatsugiri|ability: Commander|[of] p1b: Dondozo
|-boost|p1b: Dondozo|atk|2
|-boost|p1b: Dondozo|spa|2
|-boost|p1b: Dondozo|spe|2
|-boost|p1b: Dondozo|def|2
|-boost|p1b: Dondozo|spd|2
|move|p2a: Indeedee|Protect|p2a: Indeedee
|-singleturn|p2a: Indeedee|Protect
|move|p1b: Dondozo|Earthquake|p2b: Electabuzz|[spread] p2b
|-miss|p1b: Dondozo|p1a: Tatsugiri
|-activate|p2a: Indeedee|move: Protect
|-supereffective|p2b: Electabuzz
|-damage|p2b: Electabuzz|19/100
|move|p2b: Electabuzz|Electroweb|p1a: Tatsugiri|[spread] p1b
|-miss|p2b: Electabuzz|p1a: Tatsugiri
|-supereffective|p1b: Dondozo
|-damage|p1b: Dondozo|9/100
|-unboost|p1b: Dondozo|spe|1
|
|-heal|p1b: Dondozo|16/100|[from] item: Leftovers
|upkeep
|turn|3
|inactive|YoungSinatra44 has 30 seconds left.
|
|t:|1756579716
|move|p2a: Indeedee|Expanding Force|p1b: Dondozo|[spread] p1b
|-miss|p2a: Indeedee|p1a: Tatsugiri
|-damage|p1b: Dondozo|0 fnt
|faint|p1b: Dondozo
|move|p2b: Electabuzz|Electroweb|p1a: Tatsugiri
|-damage|p1a: Tatsugiri|75/100
|-unboost|p1a: Tatsugiri|spe|1
|
|upkeep
|
|t:|1756579731
|switch|p1b: Sneasler|Sneasler, L50, F, tera:Dark|100/100
|turn|4
|
|t:|1756579752
|move|p2b: Electabuzz|Follow Me|p2b: Electabuzz
|-singleturn|p2b: Electabuzz|move: Follow Me
|move|p1b: Sneasler|Throat Chop|p2b: Electabuzz
|-damage|p2b: Electabuzz|0 fnt
|faint|p2b: Electabuzz
|move|p2a: Indeedee|Expanding Force|p1a: Tatsugiri|[spread] p1a
|-immune|p1b: Sneasler
|-damage|p1a: Tatsugiri|3/100
|move|p1a: Tatsugiri|Icy Wind|p2a: Indeedee
|-damage|p2a: Indeedee|0 fnt
|faint|p2a: Indeedee
|
|upkeep
|
|t:|1756579757
|switch|p2b: Whimsicott|Whimsicott, L50, M|100/100
|turn|5
|
|t:|1756579769
|-terastallize|p2b: Whimsicott|Dark
|move|p2b: Whimsicott|Moonblast|p1b: Sneasler
|-supereffective|p1b: Sneasler
|-damage|p1b: Sneasler|10/100
|move|p1b: Sneasler|Dire Claw|p2b: Whimsicott
|-damage|p2b: Whimsicott|28/100
|move|p1a: Tatsugiri|Icy Wind|p2b: Whimsicott
|-damage|p2b: Whimsicott|0 fnt
|faint|p2b: Whimsicott
|
|win|robby w
||YoungSinatra44 is ready for game 2.
|l|☆YoungSinatra44
|player|p2|
|inactive|robby w has 30 seconds to confirm battle start!
||robby w is ready for game 2.
|uhtml|next|Next: Game 2 of 3
