|j|☆lettitripppp
|j|☆Roncolaenjoyer
|html|lettitrippppRoncolaenjoyer    
|uhtml|bestof|Game 2 of a best-of-3
|t:|1783894422
|gametype|doubles
|player|p1|lettitripppp|lucas|1280
|player|p2|Roncolaenjoyer|nate|1501
|gen|9
|tier|[Gen 9 Champions] VGC 2026 Reg M-B (Bo3)
|rated|
|rule|Species Clause: Limit one of each Pokémon
|rule|Item Clause: Limit 1 of each item
|clearpoke
|poke|p1|Charizard, L50, F|
|poke|p1|Floette-Eternal, L50, F|
|poke|p1|Basculegion, L50, M|
|poke|p1|Whimsicott, L50, M, shiny|
|poke|p1|Garchomp, L50, M, shiny|
|poke|p1|Kingambit, L50, F, shiny|
|poke|p2|Charizard, L50, M|
|poke|p2|Sylveon, L50, F|
|poke|p2|Farigiraf, L50, M|
|poke|p2|Aerodactyl, L50, F|
|poke|p2|Kingambit, L50, M|
|poke|p2|Garchomp, L50, F|
|teampreview|4
|showteam|p1|Charizard||CharizarditeY|Blaze|WeatherBall,SolarBeam,HeatWave,Protect|Modest||F|||50|]Floette-Eternal||Floettite|FlowerVeil|DazzlingGleam,LightofRuin,Moonblast,Protect|Modest||F|||50|]Basculegion||MysticWater|Adaptability|LastRespects,WaveCrash,AquaJet,Protect|Adamant||M|||50|]Whimsicott||FocusSash|Prankster|Moonblast,Tailwind,Encore,Protect|Timid||M|||50|]Garchomp||LifeOrb|RoughSkin|DragonClaw,Earthquake,RockSlide,Protect|Jolly||M|||50|]Kingambit||ChopleBerry|Defiant|KowtowCleave,SuckerPunch,IronHead,LowKick|Adamant||F|||50|
|showteam|p2|Charizard||CharizarditeY|SolarPower|Protect,WeatherBall,SolarBeam,HeatWave|Modest||M|||50|]Sylveon||FairyFeather|Pixilate|Detect,HyperVoice,QuickAttack,HyperBeam|Modest||F|||50|]Farigiraf||SitrusBerry|ArmorTail|Thunderbolt,TwinBeam,Roar,TrickRoom|Bold||M|||50|]Aerodactyl||Aerodactylite|Unnerve|RockSlide,DualWingbeat,IceFang,Tailwind|Jolly||F|||50|]Kingambit||FocusSash|Defiant|KowtowCleave,SuckerPunch,IronHead,LowKick|Adamant||M|||50|]Garchomp||LifeOrb|RoughSkin|Earthquake,StompingTantrum,DragonClaw,Protect|Jolly||F|||50|
|inactive|Battle timer is ON: inactive players will automatically lose when time's up. (requested by lettitripppp)
|inactive|Roncolaenjoyer also wants the timer to be on.
|
|t:|1783894434
|teamsize|p1|4
|teamsize|p2|4
|start
|switch|p1a: RUINOUS LIGHT|Floette-Eternal, L50, F|100/100
|switch|p1b: LETS GO GO|Whimsicott, L50, M, shiny|100/100
|switch|p2a: Charizard|Charizard, L50, M|100/100
|switch|p2b: Sylveon|Sylveon, L50, F|100/100
|turn|1
|inactive|lettitripppp has 30 seconds left.
|inactive|lettitripppp has 20 seconds left.
|
|t:|1783894469
|detailschange|p2a: Charizard|Charizard-Mega-Y, L50, M
|-mega|p2a: Charizard|Charizard|Charizardite Y
|-weather|SunnyDay|[from] ability: Drought|[of] p2a: Charizard
|move|p1b: LETS GO GO|Protect|p1b: LETS GO GO
|-singleturn|p1b: LETS GO GO|Protect
|move|p1a: RUINOUS LIGHT|Protect|p1a: RUINOUS LIGHT
|-singleturn|p1a: RUINOUS LIGHT|Protect
|move|p2a: Charizard|Heat Wave|p1a: RUINOUS LIGHT|[spread] 
|-activate|p1a: RUINOUS LIGHT|move: Protect
|-activate|p1b: LETS GO GO|move: Protect
|move|p2b: Sylveon|Hyper Voice|p1a: RUINOUS LIGHT|[spread] 
|-activate|p1a: RUINOUS LIGHT|move: Protect
|-activate|p1b: LETS GO GO|move: Protect
|
|-weather|SunnyDay|[upkeep]
|upkeep
|turn|2
|inactive|lettitripppp has 30 seconds left.
|inactive|lettitripppp has 20 seconds left.
|inactive|lettitripppp has 15 seconds left.
|
|t:|1783894510
|detailschange|p1a: RUINOUS LIGHT|Floette-Mega, L50, F
|-mega|p1a: RUINOUS LIGHT|Floette|Floettite
|-ability|p1a: RUINOUS LIGHT|Fairy Aura
|move|p2b: Sylveon|Detect|p2b: Sylveon
|-singleturn|p2b: Sylveon|Protect
|move|p1b: LETS GO GO|Moonblast|p2b: Sylveon
|-activate|p2b: Sylveon|move: Protect
|move|p1a: RUINOUS LIGHT|Moonblast|p2b: Sylveon
|-activate|p2b: Sylveon|move: Protect
|move|p2a: Charizard|Heat Wave|p1b: LETS GO GO|[spread] p1a,p1b
|-supereffective|p1b: LETS GO GO|1
|-damage|p1a: RUINOUS LIGHT|47/100
|-enditem|p1b: LETS GO GO|Focus Sash
|-damage|p1b: LETS GO GO|1/100
|
|-weather|SunnyDay|[upkeep]
|upkeep
|turn|3
|inactive|Roncolaenjoyer has 30 seconds left.
|
|t:|1783894544
|switch|p2b: Farigiraf|Farigiraf, L50, M|100/100
|move|p1a: RUINOUS LIGHT|Protect|p1a: RUINOUS LIGHT
|-singleturn|p1a: RUINOUS LIGHT|Protect
|move|p1b: LETS GO GO|Tailwind|p1b: LETS GO GO
|-sidestart|p1: lettitripppp|move: Tailwind
|move|p2a: Charizard|Heat Wave|p1b: LETS GO GO|[spread] p1b
|-activate|p1a: RUINOUS LIGHT|move: Protect
|-supereffective|p1b: LETS GO GO|1
|-damage|p1b: LETS GO GO|0 fnt
|faint|p1b: LETS GO GO
|
|-weather|SunnyDay|[upkeep]
|upkeep
|
|t:|1783894559
|switch|p1b: CRUSH SHARK|Garchomp, L50, M, shiny|100/100
|turn|4
|inactive|Roncolaenjoyer has 30 seconds left.
|
|t:|1783894584
|move|p2a: Charizard|Protect|p2a: Charizard
|-singleturn|p2a: Charizard|Protect
|move|p1b: CRUSH SHARK|Rock Slide|p2b: Farigiraf|[spread] p2b
|-activate|p2a: Charizard|move: Protect
|-damage|p2b: Farigiraf|80/100
|-damage|p1b: CRUSH SHARK|90/100|[from] item: Life Orb
|move|p1a: RUINOUS LIGHT|Moonblast|p2b: Farigiraf
|-damage|p2b: Farigiraf|8/100
|-unboost|p2b: Farigiraf|spa|1
|-enditem|p2b: Farigiraf|Sitrus Berry|[eat]
|-heal|p2b: Farigiraf|33/100|[from] item: Sitrus Berry
|move|p2b: Farigiraf|Trick Room|p2b: Farigiraf
|-fieldstart|move: Trick Room|[of] p2b: Farigiraf
|
|-weather|SunnyDay|[upkeep]
|upkeep
|turn|5
|
|t:|1783894601
|move|p1a: RUINOUS LIGHT|Protect|p1a: RUINOUS LIGHT
|-singleturn|p1a: RUINOUS LIGHT|Protect
|move|p2b: Farigiraf|Twin Beam|p1b: CRUSH SHARK
|-damage|p1b: CRUSH SHARK|80/100
|-damage|p1b: CRUSH SHARK|68/100
|-hitcount|p1b: CRUSH SHARK|2
|move|p2a: Charizard|Heat Wave|p1a: RUINOUS LIGHT|[spread] p1b
|-activate|p1a: RUINOUS LIGHT|move: Protect
|-resisted|p1b: CRUSH SHARK|1
|-damage|p1b: CRUSH SHARK|37/100
|move|p1b: CRUSH SHARK|Rock Slide|p2a: Charizard|[spread] p2a,p2b
|-supereffective|p2a: Charizard|2
|-damage|p2a: Charizard|0 fnt
|-damage|p2b: Farigiraf|13/100
|faint|p2a: Charizard
|-damage|p1b: CRUSH SHARK|27/100|[from] item: Life Orb
|
|-weather|none
|upkeep
|
|t:|1783894604
|switch|p2a: Sylveon|Sylveon, L50, F|100/100
|turn|6
|
|t:|1783894615
|switch|p1a: GENERAL BLADUS|Kingambit, L50, F, shiny|100/100
|move|p1b: CRUSH SHARK|Protect|p1b: CRUSH SHARK
|-singleturn|p1b: CRUSH SHARK|Protect
|move|p2b: Farigiraf|Thunderbolt|p1a: GENERAL BLADUS
|-damage|p1a: GENERAL BLADUS|84/100
|move|p2a: Sylveon|Hyper Voice|p1b: CRUSH SHARK|[spread] p1a
|-activate|p1b: CRUSH SHARK|move: Protect
|-damage|p1a: GENERAL BLADUS|36/100
|
|-sideend|p1: lettitripppp|move: Tailwind
|upkeep
|turn|7
|inactive|Roncolaenjoyer has 30 seconds left.
|
|t:|1783894644
|switch|p1b: RUINOUS LIGHT|Floette-Mega, L50, F|47/100
|-ability|p1b: RUINOUS LIGHT|Fairy Aura
|move|p2a: Sylveon|Detect|p2a: Sylveon
|-singleturn|p2a: Sylveon|Protect
|move|p1a: GENERAL BLADUS|Iron Head|p2a: Sylveon
|-activate|p2a: Sylveon|move: Protect
|move|p2b: Farigiraf|Thunderbolt|p1a: GENERAL BLADUS
|-damage|p1a: GENERAL BLADUS|20/100y
|
|upkeep
|turn|8
|inactive|Roncolaenjoyer has 30 seconds left.
|
|t:|1783894673
|switch|p2a: Kingambit|Kingambit, L50, M|100/100
|move|p1a: GENERAL BLADUS|Iron Head|p2a: Kingambit
|-resisted|p2a: Kingambit|1
|-damage|p2a: Kingambit|79/100
|move|p2b: Farigiraf|Thunderbolt|p1a: GENERAL BLADUS
|-damage|p1a: GENERAL BLADUS|4/100
|move|p1b: RUINOUS LIGHT|Dazzling Gleam|p2a: Kingambit|[spread] p2a,p2b
|-damage|p2a: Kingambit|21/100
|-damage|p2b: Farigiraf|0 fnt
|faint|p2b: Farigiraf
|
|-fieldend|move: Trick Room
|upkeep
|
|t:|1783894685
|switch|p2b: Sylveon|Sylveon, L50, F|100/100
|turn|9
|
|t:|1783894707
|move|p2a: Kingambit|Sucker Punch|p1b: RUINOUS LIGHT
|-resisted|p1b: RUINOUS LIGHT|1
|-damage|p1b: RUINOUS LIGHT|18/100
|move|p2b: Sylveon|Quick Attack|p1b: RUINOUS LIGHT
|-damage|p1b: RUINOUS LIGHT|0 fnt
|faint|p1b: RUINOUS LIGHT
|move|p1a: GENERAL BLADUS|Iron Head|p2b: Sylveon
|-supereffective|p2b: Sylveon|1
|-damage|p2b: Sylveon|0 fnt
|faint|p2b: Sylveon
|
|upkeep
|
|t:|1783894714
|switch|p1b: CRUSH SHARK|Garchomp, L50, M, shiny|27/100
|turn|10
|
|t:|1783894725
|move|p2a: Kingambit|Sucker Punch|p1b: CRUSH SHARK
|-damage|p1b: CRUSH SHARK|0 fnt
|-damage|p2a: Kingambit|9/100|[from] ability: Rough Skin|[of] p1b: CRUSH SHARK
|faint|p1b: CRUSH SHARK
|move|p1a: GENERAL BLADUS|Low Kick|p2a: Kingambit
|-supereffective|p2a: Kingambit|2
|-crit|p2a: Kingambit
|-damage|p2a: Kingambit|0 fnt
|faint|p2a: Kingambit
|
|win|lettitripppp
|raw|lettitripppp's rating: 1280 → 1319(+39 for winning)
|raw|Roncolaenjoyer's rating: 1501 → 1470(-31 for losing)
