|j|☆goldenchimchar
|j|☆latios66
|html|goldenchimcharlatios66    
|uhtml|bestof|Game 2 of a best-of-3
|t:|1756412299
|gametype|doubles
|player|p1|goldenchimchar|hilbert|1047
|player|p2|latios66|170|1085
|gen|9
|tier|[Gen 9] VGC 2025 Reg H (Bo3)
|rated|
|rule|Species Clause: Limit one of each Pokémon
|rule|Item Clause: Limit 1 of each item
|clearpoke
|poke|p1|Annihilape, L50, F|
|poke|p1|Dragonite, L50, F|
|poke|p1|Gholdengo, L50|
|poke|p1|Ursaluna-Bloodmoon, L50, M|
|poke|p1|Incineroar, L50, F|
|poke|p1|Rillaboom, L50, M|
|poke|p2|Sneasler, L50, F|
|poke|p2|Indeedee, L50, M|
|poke|p2|Pelipper, L50, M|
|poke|p2|Archaludon, L50, F|
|poke|p2|Basculegion, L50, M|
|poke|p2|Greninja-*, L50, F|
|teampreview|4
|showteam|p1|Annihilape||SitrusBerry|Defiant|RageFist,Protect,DrainPunch,BulkUp|||F|||50|,,,,,Fire]Dragonite||LoadedDice|Multiscale|ScaleShot,Protect,Haze,Tailwind|||F|||50|,,,,,Fairy]Gholdengo||MetalCoat|GoodasGold|MakeItRain,ShadowBall,Protect,NastyPlot||||||50|,,,,,Water]Ursaluna-Bloodmoon||LifeOrb|MindsEye|EarthPower,BloodMoon,HyperVoice,Protect|||M|||50|,,,,,Normal]Incineroar||SafetyGoggles|Intimidate|FakeOut,KnockOff,PartingShot,FlareBlitz|||F|||50|,,,,,Ghost]Rillaboom||AssaultVest|GrassySurge|GrassyGlide,FakeOut,WoodHammer,Uturn|||M|||50|,,,,,Fire
|showteam|p2|Sneasler||PsychicSeed|Unburden|DireClaw,CloseCombat,Protect,AcidSpray|||F|||50|,,,,,Dark]Indeedee||ChoiceScarf|PsychicSurge|ExpandingForce,TeraBlast,Trick,DazzlingGleam|||M|||50|,,,,,Ground]Pelipper||FocusSash|Drizzle|Tailwind,Hurricane,WeatherBall,HelpingHand|||M|||50|,,,,,Steel]Archaludon||AssaultVest|Stamina|ElectroShot,BodyPress,DarkPulse,DracoMeteor|||F|||50|,,,,,Grass]Basculegion||ChoiceBand|SwiftSwim|FlipTurn,LastRespects,WaveCrash,AquaJet|||M|||50|,,,,,Poison]Greninja||LoadedDice|Torrent|WaterShuriken,DarkPulse,Taunt,Protect|||F|||50|,,,,,Ghost
|
|t:|1756412330
|teamsize|p1|4
|teamsize|p2|4
|start
|switch|p1a: Rillaboom|Rillaboom, L50, M|100/100
|switch|p1b: Dragonite|Dragonite, L50, F|100/100
|switch|p2a: Indeedee|Indeedee, L50, M|100/100
|switch|p2b: Pelipper|Pelipper, L50, M|100/100
|-fieldstart|move: Psychic Terrain|[from] ability: Psychic Surge|[of] p2a: Indeedee
|-fieldstart|move: Grassy Terrain|[from] ability: Grassy Surge|[of] p1a: Rillaboom
|-weather|RainDance|[from] ability: Drizzle|[of] p2b: Pelipper
|turn|1
|
|t:|1756412365
|switch|p2a: Archaludon|Archaludon, L50, F|100/100
|move|p1a: Rillaboom|Fake Out|p2b: Pelipper
|-damage|p2b: Pelipper|89/100
|move|p1b: Dragonite|Scale Shot|p2a: Archaludon
|-damage|p2a: Archaludon|91/100
|-ability|p2a: Archaludon|Stamina|boost
|-boost|p2a: Archaludon|def|1
|-damage|p2a: Archaludon|84/100
|-ability|p2a: Archaludon|Stamina|boost
|-boost|p2a: Archaludon|def|1
|-damage|p2a: Archaludon|79/100
|-ability|p2a: Archaludon|Stamina|boost
|-boost|p2a: Archaludon|def|1
|-damage|p2a: Archaludon|74/100
|-ability|p2a: Archaludon|Stamina|boost
|-boost|p2a: Archaludon|def|1
|-damage|p2a: Archaludon|70/100
|-ability|p2a: Archaludon|Stamina|boost
|-boost|p2a: Archaludon|def|1
|-hitcount|p2a: Archaludon|5
|-unboost|p1b: Dragonite|def|1
|-boost|p1b: Dragonite|spe|1
|cant|p2b: Pelipper|flinch
|
|-weather|RainDance|[upkeep]
|-heal|p2a: Archaludon|77/100|[from] Grassy Terrain
|upkeep
|turn|2
|
|t:|1756412397
|move|p1b: Dragonite|Haze|p1b: Dragonite
|-clearallboost
|move|p1a: Rillaboom|U-turn|p2b: Pelipper
|-resisted|p2b: Pelipper
|-damage|p2b: Pelipper|78/100
|
|t:|1756412405
|switch|p1a: Incineroar|Incineroar, L50, F|100/100|[from] U-turn
|-ability|p1a: Incineroar|Intimidate|boost
|-unboost|p2a: Archaludon|atk|1
|-unboost|p2b: Pelipper|atk|1
|move|p2a: Archaludon|Electro Shot||[still]
|-prepare|p2a: Archaludon|Electro Shot
|-boost|p2a: Archaludon|spa|1
|-anim|p2a: Archaludon|Electro Shot|p1a: Incineroar
|-damage|p1a: Incineroar|42/100
|move|p2b: Pelipper|Hurricane|p1a: Incineroar
|-damage|p1a: Incineroar|9/100
|-start|p1a: Incineroar|confusion
|
|-weather|RainDance|[upkeep]
|-heal|p2a: Archaludon|83/100|[from] Grassy Terrain
|-heal|p1a: Incineroar|15/100|[from] Grassy Terrain
|upkeep
|turn|3
|
|t:|1756412429
|switch|p2b: Indeedee|Indeedee, L50, M|100/100
|-fieldstart|move: Psychic Terrain|[from] ability: Psychic Surge|[of] p2b: Indeedee
|-activate|p1a: Incineroar|confusion
|move|p1a: Incineroar|Fake Out|p2b: Indeedee
|-activate|p2b: Indeedee|move: Psychic Terrain
|move|p1b: Dragonite|Tailwind|p1b: Dragonite
|-sidestart|p1: goldenchimchar|move: Tailwind
|move|p2a: Archaludon|Electro Shot||[still]
|-prepare|p2a: Archaludon|Electro Shot
|-boost|p2a: Archaludon|spa|1
|-anim|p2a: Archaludon|Electro Shot|p1b: Dragonite
|-crit|p1b: Dragonite
|-damage|p1b: Dragonite|41/100
|
|-weather|RainDance|[upkeep]
|upkeep
|turn|4
|
|t:|1756412452
|switch|p1a: Rillaboom|Rillaboom, L50, M|100/100
|-fieldstart|move: Grassy Terrain|[from] ability: Grassy Surge|[of] p1a: Rillaboom
|move|p1b: Dragonite|Haze|p1b: Dragonite
|-clearallboost
|move|p2b: Indeedee|Dazzling Gleam|p1b: Dragonite|[spread] p1a,p1b
|-supereffective|p1b: Dragonite
|-damage|p1a: Rillaboom|88/100
|-damage|p1b: Dragonite|2/100
|move|p2a: Archaludon|Electro Shot||[still]
|-prepare|p2a: Archaludon|Electro Shot
|-boost|p2a: Archaludon|spa|1
|-anim|p2a: Archaludon|Electro Shot|p1b: Dragonite
|-damage|p1b: Dragonite|0 fnt
|faint|p1b: Dragonite
|
|-weather|RainDance|[upkeep]
|-heal|p1a: Rillaboom|94/100|[from] Grassy Terrain
|-heal|p2a: Archaludon|89/100|[from] Grassy Terrain
|upkeep
|
|t:|1756412454
|switch|p1b: Ursaluna|Ursaluna-Bloodmoon, L50, M|100/100
|turn|5
|
|t:|1756412489
|move|p1b: Ursaluna|Protect|p1b: Ursaluna
|-singleturn|p1b: Ursaluna|Protect
|move|p2b: Indeedee|Dazzling Gleam|p1b: Ursaluna|[spread] p1a
|-activate|p1b: Ursaluna|move: Protect
|-damage|p1a: Rillaboom|82/100
|move|p1a: Rillaboom|Wood Hammer|p2b: Indeedee
|-damage|p2b: Indeedee|0 fnt
|faint|p2b: Indeedee
|-damage|p1a: Rillaboom|60/100|[from] Recoil
|move|p2a: Archaludon|Draco Meteor|p1b: Ursaluna
|-activate|p1b: Ursaluna|move: Protect
|
|-weather|none
|-heal|p1a: Rillaboom|66/100|[from] Grassy Terrain
|-heal|p2a: Archaludon|95/100|[from] Grassy Terrain
|upkeep
|
|t:|1756412497
|switch|p2b: Pelipper|Pelipper, L50, M|78/100
|-weather|RainDance|[from] ability: Drizzle|[of] p2b: Pelipper
|turn|6
|
|t:|1756412536
|-terastallize|p2b: Pelipper|Steel
|move|p1a: Rillaboom|Wood Hammer|p2b: Pelipper
|-resisted|p2b: Pelipper
|-damage|p2b: Pelipper|40/100
|-damage|p1a: Rillaboom|56/100|[from] Recoil
|move|p1b: Ursaluna|Earth Power|p2a: Archaludon
|-supereffective|p2a: Archaludon
|-damage|p2a: Archaludon|3/100
|-ability|p2a: Archaludon|Stamina|boost
|-boost|p2a: Archaludon|def|1
|-damage|p1b: Ursaluna|91/100|[from] item: Life Orb
|move|p2a: Archaludon|Electro Shot||[still]
|-prepare|p2a: Archaludon|Electro Shot
|-boost|p2a: Archaludon|spa|1
|-anim|p2a: Archaludon|Electro Shot|p1a: Rillaboom
|-resisted|p1a: Rillaboom
|-damage|p1a: Rillaboom|26/100
|move|p2b: Pelipper|Weather Ball|p1b: Ursaluna
|-supereffective|p1b: Ursaluna
|-damage|p1b: Ursaluna|0 fnt
|faint|p1b: Ursaluna
|
|-weather|RainDance|[upkeep]
|-heal|p1a: Rillaboom|31/100|[from] Grassy Terrain
|-heal|p2a: Archaludon|9/100|[from] Grassy Terrain
|-heal|p2b: Pelipper|46/100|[from] Grassy Terrain
|-sideend|p1: goldenchimchar|move: Tailwind
|upkeep
|
|t:|1756412545
|switch|p1b: Incineroar|Incineroar, L50, F|15/100
|-ability|p1b: Incineroar|Intimidate|boost
|-unboost|p2a: Archaludon|atk|1
|-unboost|p2b: Pelipper|atk|1
|turn|7
|
|t:|1756412572
|move|p1b: Incineroar|Fake Out|p2b: Pelipper
|-resisted|p2b: Pelipper
|-damage|p2b: Pelipper|41/100
|move|p1a: Rillaboom|Wood Hammer|p2a: Archaludon
|-resisted|p2a: Archaludon
|-damage|p2a: Archaludon|0 fnt
|faint|p2a: Archaludon
|-damage|p1a: Rillaboom|29/100|[from] Recoil
|cant|p2b: Pelipper|flinch
|
|-weather|RainDance|[upkeep]
|-heal|p1a: Rillaboom|35/100|[from] Grassy Terrain
|-heal|p1b: Incineroar|21/100|[from] Grassy Terrain
|-heal|p2b: Pelipper|47/100|[from] Grassy Terrain
|upkeep
|
|t:|1756412575
|switch|p2a: Basculegion|Basculegion, L50, M, shiny|100/100
|turn|8
|
|t:|1756412586
|move|p2a: Basculegion|Aqua Jet|p1b: Incineroar
|-supereffective|p1b: Incineroar
|-damage|p1b: Incineroar|0 fnt
|faint|p1b: Incineroar
|move|p1a: Rillaboom|Grassy Glide|p2a: Basculegion
|-supereffective|p2a: Basculegion
|-damage|p2a: Basculegion|10/100
|move|p2b: Pelipper|Hurricane|p1a: Rillaboom
|-supereffective|p1a: Rillaboom
|-damage|p1a: Rillaboom|0 fnt
|faint|p1a: Rillaboom
|
|win|latios66
|inactive|goldenchimchar has 30 seconds to confirm battle start!
|inactive|latios66 has 30 seconds to confirm battle start!
