|j|☆wodaiogien
|j|☆BigDives
|html|wodaiogienBigDives    
|uhtml|bestof|Game 1 of a best-of-3
|t:|1782309783
|gametype|doubles
|player|p1|wodaiogien|170|1078
|player|p2|BigDives|266|1011
|gen|9
|tier|[Gen 9 Champions] VGC 2026 Reg M-B (Bo3)
|rated|
|rule|Species Clause: Limit one of each Pokémon
|rule|Item Clause: Limit 1 of each item
|clearpoke
|poke|p1|Ninetales-Alola, L50, M|
|poke|p1|Raichu, L50, F|
|poke|p1|Basculegion, L50, M|
|poke|p1|Incineroar, L50, M|
|poke|p1|Kingambit, L50, M|
|poke|p1|Farigiraf, L50, M|
|poke|p2|Swampert, L50, F|
|poke|p2|Archaludon, L50, M|
|poke|p2|Sinistcha, L50|
|poke|p2|Pelipper, L50, M|
|poke|p2|Incineroar, L50, F|
|poke|p2|Annihilape, L50, F|
|teampreview|4
|showteam|p1|Ninetales-Alola||FocusSash|SnowWarning|Blizzard,FreezeDry,Encore,Protect|Timid||M|||50|]Raichu||RaichuniteY|LightningRod|ZapCannon,FocusBlast,FakeOut,Protect|Timid||F|||50|]Basculegion||LifeOrb|Adaptability|WaveCrash,AquaJet,LastRespects,Protect|Adamant||M|||50|]Incineroar||ShucaBerry|Intimidate|FlareBlitz,PartingShot,FakeOut,DarkestLariat|Careful||M|||50|]Kingambit||ChopleBerry|Defiant|KowtowCleave,SuckerPunch,IronHead,LowKick|Adamant||M|||50|]Farigiraf||SitrusBerry|ArmorTail|TwinBeam,TrickRoom,HelpingHand,Protect|Relaxed||M|||50|
|showteam|p2|Swampert||Swampertite|Torrent|Protect,WaveCrash,IcePunch,Earthquake|Adamant||F|||50|]Archaludon|||Stamina|ElectroShot,DracoMeteor,Protect,FlashCannon|Modest||M|||50|]Sinistcha|||Hospitality|RagePowder,MatchaGotcha,TrickRoom,Protect|Bold|||||50|]Pelipper|||Drizzle|Hurricane,Tailwind,WideGuard,WeatherBall|Timid||M|||50|]Incineroar|||Intimidate|FakeOut,PartingShot,FlareBlitz,Protect|Careful||F|||50|]Annihilape|||Defiant|RageFist,Protect,DrainPunch,PoisonJab|Jolly||F|||50|
|inactive|Battle timer is ON: inactive players will automatically lose when time's up. (requested by wodaiogien)
|inactive|wodaiogien has 60 seconds left.
|
|t:|1782309825
|teamsize|p1|4
|teamsize|p2|4
|start
|switch|p1a: Ninetales|Ninetales-Alola, L50, M|100/100
|switch|p1b: Raichu|Raichu, L50, F|100/100
|switch|p2a: Pelipper|Pelipper, L50, M|100/100
|switch|p2b: Swampert|Swampert, L50, F|100/100
|-weather|Snowscape|[from] ability: Snow Warning|[of] p1a: Ninetales
|-weather|RainDance|[from] ability: Drizzle|[of] p2a: Pelipper
|turn|1
|
|t:|1782309847
|detailschange|p1b: Raichu|Raichu-Mega-Y, L50, F
|-mega|p1b: Raichu|Raichu|Raichunite Y
|detailschange|p2b: Swampert|Swampert-Mega, L50, F
|-mega|p2b: Swampert|Swampert|Swampertite
|move|p2b: Swampert|Earthquake|p1a: Ninetales|[spread] p1a,p1b
|-immune|p2a: Pelipper
|-supereffective|p1b: Raichu|1
|-damage|p1a: Ninetales|31/100
|-damage|p1b: Raichu|0 fnt
|faint|p1b: Raichu
|move|p1a: Ninetales|Freeze-Dry|p2b: Swampert
|-supereffective|p2b: Swampert|2
|-damage|p2b: Swampert|10/100
|move|p2a: Pelipper|Tailwind|p2a: Pelipper
|-sidestart|p2: BigDives|move: Tailwind
|
|-weather|RainDance|[upkeep]
|upkeep
|
|t:|1782309856
|switch|p1b: Basculegion|Basculegion, L50, M|100/100
|turn|2
|
|t:|1782309872
|switch|p2a: Sinistcha|Sinistcha, L50|100/100
|-heal|p2b: Swampert|34/100|[from] ability: Hospitality|[of] p2a: Sinistcha
|move|p1b: Basculegion|Aqua Jet|p2b: Swampert
|-damage|p2b: Swampert|0 fnt
|faint|p2b: Swampert
|-damage|p1b: Basculegion|90/100|[from] item: Life Orb
|move|p1a: Ninetales|Freeze-Dry|p2a: Sinistcha
|-supereffective|p2a: Sinistcha|1
|-damage|p2a: Sinistcha|46/100
|
|-weather|RainDance|[upkeep]
|upkeep
|
|t:|1782309884
|switch|p2b: Annihilape|Annihilape, L50, F|100/100
|turn|3
|
|t:|1782309903
|move|p1a: Ninetales|Protect|p1a: Ninetales
|-singleturn|p1a: Ninetales|Protect
|move|p1b: Basculegion|Protect|p1b: Basculegion
|-singleturn|p1b: Basculegion|Protect
|move|p2b: Annihilape|Rage Fist|p1b: Basculegion
|-activate|p1b: Basculegion|move: Protect
|move|p2a: Sinistcha|Matcha Gotcha|p1b: Basculegion|[spread] 
|-activate|p1a: Ninetales|move: Protect
|-activate|p1b: Basculegion|move: Protect
|
|-weather|RainDance|[upkeep]
|upkeep
|turn|4
|
|t:|1782309928
|switch|p1a: Kingambit|Kingambit, L50, M|100/100
|move|p2b: Annihilape|Poison Jab|p1a: Kingambit
|-immune|p1a: Kingambit
|move|p2a: Sinistcha|Matcha Gotcha|p1b: Basculegion|[spread] p1a,p1b
|-resisted|p1a: Kingambit|1
|-supereffective|p1b: Basculegion|1
|-damage|p1a: Kingambit|88/100
|-heal|p2a: Sinistcha|52/100|[from] drain|[of] p1a: Kingambit
|-damage|p1b: Basculegion|42/100
|-heal|p2a: Sinistcha|81/100|[from] drain|[of] p1b: Basculegion
|move|p1b: Basculegion|Last Respects|p2b: Annihilape
|-supereffective|p2b: Annihilape|1
|-damage|p2b: Annihilape|0 fnt
|faint|p2b: Annihilape
|-damage|p1b: Basculegion|33/100|[from] item: Life Orb
|
|-weather|RainDance|[upkeep]
|-sideend|p2: BigDives|move: Tailwind
|upkeep
|
|t:|1782309947
|switch|p2b: Pelipper|Pelipper, L50, M|100/100
|turn|5
|
|t:|1782309957
|move|p1b: Basculegion|Protect|p1b: Basculegion
|-singleturn|p1b: Basculegion|Protect
|move|p2b: Pelipper|Weather Ball|p1a: Kingambit
|-damage|p1a: Kingambit|33/100
|move|p2a: Sinistcha|Matcha Gotcha|p1a: Kingambit|[spread] 
|-activate|p1b: Basculegion|move: Protect
|-miss|p2a: Sinistcha|p1a: Kingambit
|move|p1a: Kingambit|Kowtow Cleave|p2a: Sinistcha
|-supereffective|p2a: Sinistcha|1
|-damage|p2a: Sinistcha|10/100
|
|-weather|none
|upkeep
|turn|6
|
|t:|1782309979
|move|p1b: Basculegion|Aqua Jet|p2a: Sinistcha
|-resisted|p2a: Sinistcha|1
|-damage|p2a: Sinistcha|0 fnt
|faint|p2a: Sinistcha
|-damage|p1b: Basculegion|23/100|[from] item: Life Orb
|move|p1a: Kingambit|Sucker Punch||[still]
|-fail|p1a: Kingambit
|move|p2b: Pelipper|Tailwind|p2b: Pelipper
|-sidestart|p2: BigDives|move: Tailwind
|
|upkeep
|turn|7
|
|t:|1782309995
|move|p1b: Basculegion|Aqua Jet|p2b: Pelipper
|-resisted|p2b: Pelipper|1
|-damage|p2b: Pelipper|80/100
|-damage|p1b: Basculegion|13/100|[from] item: Life Orb
|move|p1a: Kingambit|Sucker Punch|p2b: Pelipper
|-damage|p2b: Pelipper|41/100
|move|p2b: Pelipper|Hurricane|p1a: Kingambit
|-resisted|p1a: Kingambit|1
|-damage|p1a: Kingambit|15/100
|-start|p1a: Kingambit|confusion
|
|upkeep
|turn|8
|
|t:|1782310010
|move|p1b: Basculegion|Aqua Jet|p2b: Pelipper
|-resisted|p2b: Pelipper|1
|-damage|p2b: Pelipper|21/100
|-damage|p1b: Basculegion|3/100|[from] item: Life Orb
|-activate|p1a: Kingambit|confusion
|move|p1a: Kingambit|Sucker Punch|p2b: Pelipper
|-damage|p2b: Pelipper|0 fnt
|faint|p2b: Pelipper
|
|win|wodaiogien
