|j|☆RagCheese
|j|☆jiaco5
|html|RagCheesejiaco5    
|uhtml|bestof|Game 1 of a best-of-3
|t:|1783992996
|gametype|doubles
|player|p1|RagCheese|bellelba|1135
|player|p2|jiaco5|102|1191
|gen|9
|tier|[Gen 9 Champions] VGC 2026 Reg M-B (Bo3)
|rated|
|rule|Species Clause: Limit one of each Pokémon
|rule|Item Clause: Limit 1 of each item
|clearpoke
|poke|p1|Raichu, L50, M|
|poke|p1|Pelipper, L50, M|
|poke|p1|Garchomp, L50, F|
|poke|p1|Reuniclus, L50, M|
|poke|p1|Gyarados, L50, M|
|poke|p1|Araquanid, L50, F|
|poke|p2|Blastoise, L50, F|
|poke|p2|Sinistcha, L50|
|poke|p2|Delphox, L50, M|
|poke|p2|Sneasler, L50, F|
|poke|p2|Incineroar, L50, F|
|poke|p2|Kingambit, L50, M|
|teampreview|4
|showteam|p1|Raichu||RaichuniteX|LightningRod|Protect,FakeOut,PlayRough,RisingVoltage|Quiet||M|||50|]Pelipper||FocusSash|Drizzle|Hurricane,WeatherBall,Tailwind,WideGuard|Modest||M|||50|]Garchomp||Leftovers|RoughSkin|Earthquake,DragonClaw,SwordsDance,RockSlide|Adamant||F|||50|]Reuniclus||LifeOrb|Regenerator|AllySwitch,Psychic,TrickRoom,PainSplit|Quiet||M|||50|]Gyarados||WhiteHerb|Intimidate|DragonDance,IcyWind,Protect,Waterfall|Adamant||M|||50|]Araquanid||CobaBerry|WaterBubble|Entrainment,HydroPump,Protect,WideGuard|Relaxed||F|||50|
|showteam|p2|Blastoise||Blastoisinite|RainDish|WaterSpout,DarkPulse,ShellSmash,Protect|Modest||F|||50|]Sinistcha||OccaBerry|Hospitality|MatchaGotcha,TrickRoom,RagePowder,Protect|Relaxed|||||50|]Delphox||Delphoxite|Blaze|HeatWave,Psyshock,NastyPlot,Protect|Timid||M|||50|]Sneasler||FocusSash|PoisonTouch|CloseCombat,DireClaw,FakeOut,QuickGuard|Jolly||F|||50|]Incineroar||SitrusBerry|Intimidate|FlareBlitz,FakeOut,ThroatChop,PartingShot|Impish||F|||50|]Kingambit||LifeOrb|Defiant|KowtowCleave,SuckerPunch,SwordsDance,Protect|Adamant||M|||50|
|inactive|Battle timer is ON: inactive players will automatically lose when time's up. (requested by jiaco5)
|inactive|RagCheese has 60 seconds left.
|inactive|jiaco5 has 60 seconds left.
|inactive|RagCheese has 30 seconds left.
|inactive|RagCheese has 20 seconds left.
|
|t:|1783993071
|teamsize|p1|4
|teamsize|p2|4
|start
|switch|p1a: Pelipper|Pelipper, L50, M|100/100
|switch|p1b: Raichu|Raichu, L50, M|100/100
|switch|p2a: Kingambit|Kingambit, L50, M|100/100
|switch|p2b: Sneasler|Sneasler, L50, F|100/100
|-weather|RainDance|[from] ability: Drizzle|[of] p1a: Pelipper
|turn|1
|
|t:|1783993085
|detailschange|p1b: Raichu|Raichu-Mega-X, L50, M
|-mega|p1b: Raichu|Raichu|Raichunite X
|-fieldstart|move: Electric Terrain|[from] ability: Electric Surge|[of] p1b: Raichu
|move|p2b: Sneasler|Fake Out|p1b: Raichu
|-damage|p1b: Raichu|85/100
|-status|p1b: Raichu|psn|[from] ability: Poison Touch|[of] p2b: Sneasler
|cant|p1b: Raichu|flinch
|move|p1a: Pelipper|Tailwind|p1a: Pelipper
|-sidestart|p1: RagCheese|move: Tailwind
|move|p2a: Kingambit|Swords Dance|p2a: Kingambit
|-boost|p2a: Kingambit|atk|2
|
|-weather|RainDance|[upkeep]
|-damage|p1b: Raichu|73/100 psn|[from] psn
|upkeep
|turn|2
|
|t:|1783993106
|move|p2a: Kingambit|Sucker Punch|p1b: Raichu
|-damage|p1b: Raichu|0 fnt
|faint|p1b: Raichu
|-damage|p2a: Kingambit|90/100|[from] item: Life Orb
|move|p1a: Pelipper|Weather Ball|p2a: Kingambit
|-damage|p2a: Kingambit|23/100
|move|p2b: Sneasler|Dire Claw|p1a: Pelipper
|-damage|p1a: Pelipper|48/100
|-status|p1a: Pelipper|psn|[from] ability: Poison Touch|[of] p2b: Sneasler
|
|-weather|RainDance|[upkeep]
|-damage|p1a: Pelipper|36/100 psn|[from] psn
|upkeep
|
|t:|1783993125
|switch|p1b: Garchomp|Garchomp, L50, F|100/100
|turn|3
|
|t:|1783993135
|move|p2a: Kingambit|Sucker Punch|p1b: Garchomp
|-damage|p1b: Garchomp|1/100
|-damage|p2a: Kingambit|11/100|[from] ability: Rough Skin|[of] p1b: Garchomp
|-damage|p2a: Kingambit|1/100|[from] item: Life Orb
|move|p1b: Garchomp|Earthquake|p2b: Sneasler|[spread] p2a,p2b
|-immune|p1a: Pelipper
|-supereffective|p2a: Kingambit|1
|-supereffective|p2b: Sneasler|1
|-damage|p2a: Kingambit|0 fnt
|-enditem|p2b: Sneasler|Focus Sash
|-damage|p2b: Sneasler|1/100
|faint|p2a: Kingambit
|move|p1a: Pelipper|Weather Ball|p2b: Sneasler
|-damage|p2b: Sneasler|0 fnt
|faint|p2b: Sneasler
|
|-weather|RainDance|[upkeep]
|-heal|p1b: Garchomp|7/100|[from] item: Leftovers
|-damage|p1a: Pelipper|24/100 psn|[from] psn
|upkeep
|
|t:|1783993144
|switch|p2b: Sinistcha|Sinistcha, L50|100/100
|switch|p2a: Incineroar|Incineroar, L50, F|100/100
|-ability|p2a: Incineroar|Intimidate|boost
|-unboost|p1a: Pelipper|atk|1
|-unboost|p1b: Garchomp|atk|1
|turn|4
|inactive|RagCheese has 30 seconds left.
|inactive|RagCheese has 20 seconds left.
|
|t:|1783993182
|move|p2a: Incineroar|Fake Out|p1a: Pelipper
|-damage|p1a: Pelipper|10/100 psn
|move|p1b: Garchomp|Earthquake|p2a: Incineroar|[spread] p2a,p2b
|-immune|p1a: Pelipper
|-supereffective|p2a: Incineroar|1
|-resisted|p2b: Sinistcha|1
|-damage|p2a: Incineroar|60/100
|-damage|p2b: Sinistcha|88/100
|cant|p1a: Pelipper|flinch
|move|p2b: Sinistcha|Matcha Gotcha|p1b: Garchomp|[spread] p1a,p1b
|-crit|p1a: Pelipper
|-damage|p1a: Pelipper|0 fnt
|-heal|p2b: Sinistcha|92/100|[from] drain|[of] p1a: Pelipper
|-damage|p1b: Garchomp|0 fnt
|-heal|p2b: Sinistcha|96/100|[from] drain|[of] p1b: Garchomp
|faint|p1a: Pelipper
|faint|p1b: Garchomp
|
|-weather|RainDance|[upkeep]
|-sideend|p1: RagCheese|move: Tailwind
|upkeep
|
|t:|1783993195
|switch|p1b: Gyarados|Gyarados, L50, M|100/100
|-ability|p1b: Gyarados|Intimidate|boost
|-unboost|p2a: Incineroar|atk|1
|-unboost|p2b: Sinistcha|atk|1
|turn|5
|
|t:|1783993212
|move|p1b: Gyarados|Waterfall|p2a: Incineroar
|-supereffective|p2a: Incineroar|1
|-damage|p2a: Incineroar|0 fnt
|faint|p2a: Incineroar
|move|p2b: Sinistcha|Trick Room|p2b: Sinistcha
|-fieldstart|move: Trick Room|[of] p2b: Sinistcha
|
|-weather|none
|-fieldend|move: Electric Terrain
|upkeep
|turn|6
|
|t:|1783993226
|move|p2b: Sinistcha|Matcha Gotcha|p1b: Gyarados
|-damage|p1b: Gyarados|67/100
|-heal|p2b: Sinistcha|100/100|[from] drain|[of] p1b: Gyarados
|-status|p1b: Gyarados|brn
|move|p1b: Gyarados|Waterfall|p2b: Sinistcha
|-resisted|p2b: Sinistcha|1
|-damage|p2b: Sinistcha|91/100
|
|-damage|p1b: Gyarados|61/100 brn|[from] brn
|upkeep
|turn|7
|
|t:|1783993236
|move|p2b: Sinistcha|Matcha Gotcha|p1b: Gyarados
|-damage|p1b: Gyarados|29/100 brn
|-heal|p2b: Sinistcha|100/100|[from] drain|[of] p1b: Gyarados
|move|p1b: Gyarados|Dragon Dance|p1b: Gyarados
|-boost|p1b: Gyarados|atk|1
|-boost|p1b: Gyarados|spe|1
|
|-damage|p1b: Gyarados|23/100 brn|[from] brn
|upkeep
|turn|8
|
|t:|1783993242
|move|p2b: Sinistcha|Matcha Gotcha|p1b: Gyarados
|-damage|p1b: Gyarados|0 fnt
|faint|p1b: Gyarados
|
|win|jiaco5
||RagCheese is ready for game 2.
||jiaco5 is ready for game 2.
|uhtml|next|Next: Game 2 of 3
|l|☆RagCheese
|player|p1|
