|j|☆failandimprove3
|j|☆kheld
|html|failandimprove3kheld    
|uhtml|bestof|Game 2 of a best-of-3
|t:|1784226682
|gametype|doubles
|player|p1|failandimprove3|265|1428
|player|p2|kheld|170|1363
|gen|9
|tier|[Gen 9 Champions] VGC 2026 Reg M-B (Bo3)
|rated|
|rule|Species Clause: Limit one of each Pokémon
|rule|Item Clause: Limit 1 of each item
|clearpoke
|poke|p1|Tyranitar, L50, M|
|poke|p1|Staraptor, L50, F|
|poke|p1|Excadrill, L50, F|
|poke|p1|Sinistcha, L50|
|poke|p1|Gholdengo, L50|
|poke|p1|Milotic, L50, M|
|poke|p2|Gardevoir, L50, M, shiny|
|poke|p2|Basculegion, L50, M|
|poke|p2|Talonflame, L50, M|
|poke|p2|Kingambit, L50, F|
|poke|p2|Kommo-o, L50, M|
|poke|p2|Maushold, L50|
|teampreview|4
|showteam|p1|Tyranitar||Tyranitarite|SandStream|KnockOff,RockSlide,LowKick,Protect|Adamant||M|||50|]Staraptor||Staraptite|Intimidate|BraveBird,CloseCombat,Tailwind,Protect|Jolly||F|||50|]Excadrill||FocusSash|SandRush|HighHorsepower,IronHead,RockSlide,Protect|Adamant||F|||50|]Sinistcha||ColburBerry|Hospitality|MatchaGotcha,RagePowder,TrickRoom,Protect|Calm|||||50|]Gholdengo||LifeOrb|GoodasGold|MakeItRain,ShadowBall,NastyPlot,Protect|Timid|||||50|]Milotic||SitrusBerry|Competitive|Scald,Haze,IcyWind,Protect|Modest||M|||50|
|showteam|p2|Gardevoir||Gardevoirite|Trace|HyperVoice,Psychic,Thunderbolt,Protect|Modest||M|||50|]Basculegion||ChoiceScarf|Adaptability|WaveCrash,LastRespects,FlipTurn,AquaJet|Jolly||M|||50|]Talonflame||SharpBeak|GaleWings|DualWingbeat,FlareBlitz,Tailwind,Protect|Jolly||M|||50|]Kingambit||ExpertBelt|Defiant|KowtowCleave,SuckerPunch,IronHead,LowKick|Jolly||F|||50|]Kommo-o||LifeOrb|Soundproof|ClangingScales,DracoMeteor,AuraSphere,Protect|Modest||M|||50|]Maushold||FocusSash|FriendGuard|SuperFang,Feint,FollowMe,Protect|Jolly|||||50|
|inactive|Battle timer is ON: inactive players will automatically lose when time's up. (requested by failandimprove3)
|inactive|failandimprove3 has 60 seconds left.
|inactive|kheld has 60 seconds left.
|inactive|kheld has 30 seconds left.
|
|t:|1784226744
|teamsize|p1|4
|teamsize|p2|4
|start
|switch|p1a: Gholdengo|Gholdengo, L50|100/100
|switch|p1b: Staraptor|Staraptor, L50, F|100/100
|switch|p2a: Gardevoir|Gardevoir, L50, M, shiny|100/100
|switch|p2b: Maushold|Maushold, L50|100/100
|-ability|p1b: Staraptor|Intimidate|boost
|-unboost|p2a: Gardevoir|atk|1
|-unboost|p2b: Maushold|atk|1
|-ability|p2a: Gardevoir|Intimidate|Trace|[from] ability: Trace|[of] p1b: Staraptor
|-ability|p2a: Gardevoir|Intimidate|boost
|-unboost|p1a: Gholdengo|atk|1
|-unboost|p1b: Staraptor|atk|1
|turn|1
|inactive|failandimprove3 has 30 seconds left.
|inactive|failandimprove3 has 20 seconds left.
|
|t:|1784226781
|switch|p1b: Excadrill|Excadrill, L50, F|100/100
|move|p2a: Gardevoir|Protect|p2a: Gardevoir
|-singleturn|p2a: Gardevoir|Protect
|move|p2b: Maushold|Super Fang|p1b: Excadrill
|-damage|p1b: Excadrill|50/100g
|move|p1a: Gholdengo|Make It Rain|p2b: Maushold|[spread] 
|-activate|p2a: Gardevoir|move: Protect
|-miss|p1a: Gholdengo|p2b: Maushold
|
|upkeep
|turn|2
|inactive|failandimprove3 has 30 seconds left.
|inactive|kheld has 30 seconds left.
|
|t:|1784226810
|switch|p2a: Talonflame|Talonflame, L50, M|100/100
|move|p2b: Maushold|Super Fang|p1b: Excadrill
|-damage|p1b: Excadrill|25/100
|move|p1a: Gholdengo|Nasty Plot|p1a: Gholdengo
|-boost|p1a: Gholdengo|spa|2
|move|p1b: Excadrill|Iron Head|p2a: Talonflame
|-resisted|p2a: Talonflame|1
|-damage|p2a: Talonflame|76/100
|
|upkeep
|turn|3
|inactive|kheld has 30 seconds left.
|
|t:|1784226837
|move|p1a: Gholdengo|Protect|p1a: Gholdengo
|-singleturn|p1a: Gholdengo|Protect
|move|p2a: Talonflame|Flare Blitz|p1a: Gholdengo
|-activate|p1a: Gholdengo|move: Protect
|move|p2b: Maushold|Super Fang|p1b: Excadrill
|-damage|p1b: Excadrill|12/100
|move|p1b: Excadrill|Rock Slide|p2b: Maushold|[spread] p2a,p2b
|-supereffective|p2a: Talonflame|2
|-damage|p2a: Talonflame|0 fnt
|-damage|p2b: Maushold|73/100
|faint|p2a: Talonflame
|
|upkeep
|
|t:|1784226845
|switch|p2a: Basculegion|Basculegion, L50, M|100/100
|turn|4
|
|t:|1784226864
|switch|p1b: Staraptor|Staraptor, L50, F|100/100
|-ability|p1b: Staraptor|Intimidate|boost
|-unboost|p2a: Basculegion|atk|1
|-unboost|p2b: Maushold|atk|1
|move|p2b: Maushold|Protect|p2b: Maushold
|-singleturn|p2b: Maushold|Protect
|move|p2a: Basculegion|Last Respects|p1b: Staraptor
|-immune|p1b: Staraptor
|move|p1a: Gholdengo|Make It Rain|p2a: Basculegion|[spread] p2a
|-activate|p2b: Maushold|move: Protect
|-resisted|p2a: Basculegion|1
|-damage|p2a: Basculegion|54/100
|-unboost|p1a: Gholdengo|spa|2
|-damage|p1a: Gholdengo|90/100|[from] item: Life Orb
|
|upkeep
|turn|5
|
|t:|1784226886
|move|p1a: Gholdengo|Protect|p1a: Gholdengo
|-singleturn|p1a: Gholdengo|Protect
|move|p2a: Basculegion|Last Respects|p1a: Gholdengo
|-activate|p1a: Gholdengo|move: Protect
|move|p2b: Maushold|Super Fang|p1b: Staraptor|[miss]
|-miss|p2b: Maushold|p1b: Staraptor
|move|p1b: Staraptor|Tailwind|p1b: Staraptor
|-sidestart|p1: failandimprove3|move: Tailwind
|
|upkeep
|turn|6
|inactive|kheld has 30 seconds left.
|
|t:|1784226914
|detailschange|p1b: Staraptor|Staraptor-Mega, L50, F
|-mega|p1b: Staraptor|Staraptor|Staraptite
|move|p1b: Staraptor|Close Combat|p2b: Maushold
|-supereffective|p2b: Maushold|1
|-damage|p2b: Maushold|0 fnt
|-boost|p1b: Staraptor|def|1
|-boost|p1b: Staraptor|spd|1
|faint|p2b: Maushold
|move|p1a: Gholdengo|Shadow Ball|p2a: Basculegion
|-supereffective|p2a: Basculegion|1
|-damage|p2a: Basculegion|0 fnt
|faint|p2a: Basculegion
|-damage|p1a: Gholdengo|80/100|[from] item: Life Orb
|
|upkeep
|-message|kheld forfeited.
|
|win|failandimprove3
|raw|failandimprove3's rating: 1428 → 1444(+16 for winning)
|raw|kheld's rating: 1363 → 1347(-16 for losing)
