|j|☆Panexeri
|j|☆Franz Slowdived
|html|PanexeriFranz Slowdived    
|uhtml|bestof|Game 2 of a best-of-3
|t:|1756934176
|gametype|doubles
|player|p1|Panexeri|guitarist|1128
|player|p2|Franz Slowdived|2|1048
|gen|9
|tier|[Gen 9] VGC 2025 Reg H (Bo3)
|rated|
|rule|Species Clause: Limit one of each Pokémon
|rule|Item Clause: Limit 1 of each item
|clearpoke
|poke|p1|Incineroar, L50, M|
|poke|p1|Amoonguss, L50, M|
|poke|p1|Sneasler, L50, M|
|poke|p1|Gholdengo, L50|
|poke|p1|Porygon2, L50|
|poke|p1|Ursaluna, L50, F|
|poke|p2|Goodra-Hisui, L50, F|
|poke|p2|Grimmsnarl, L50, M|
|poke|p2|Primarina, L50, F|
|poke|p2|Rillaboom, L50, F|
|poke|p2|Volcarona, L50, F|
|poke|p2|Salamence, L50, F|
|teampreview|4
|showteam|p1|Incineroar||SafetyGoggles|Intimidate|FlareBlitz,KnockOff,PartingShot,FakeOut|||M|||50|,,,,,Ghost]Amoonguss||RockyHelmet|Regenerator|Protect,PollenPuff,RagePowder,Spore|||M|||50|,,,,,Water]Sneasler||FocusSash|Unburden|DireClaw,CloseCombat,ThroatChop,Protect|||M|||50|,,,,,Dark]Gholdengo||LifeOrb|GoodasGold|Protect,NastyPlot,MakeItRain,ShadowBall||||||50|,,,,,Dragon]Porygon2||Eviolite|Download|TeraBlast,IceBeam,Recover,TrickRoom||||||50|,,,,,Fighting]Ursaluna||FlameOrb|Guts|Protect,Facade,HeadlongRush,Substitute|||F|||50|,,,,,Ghost
|showteam|p2|Goodra-Hisui||Leftovers|ShellArmor|BodyPress,HeavySlam,Shelter,Protect|||F|||50|,,,,,Bug]Grimmsnarl||LightClay|Prankster|SpiritBreak,Reflect,LightScreen,MistyTerrain|||M|||50|,,,,,Ghost]Primarina||ThroatSpray|LiquidVoice|HyperVoice,Moonblast,Haze,Protect|||F|||50|,,,,,Poison]Rillaboom||MiracleSeed|GrassySurge|WoodHammer,GrassyGlide,HighHorsepower,FakeOut|||F|||50|,,,,,Grass]Volcarona||SitrusBerry|FlameBody|HeatWave,WillOWisp,RagePowder,Tailwind|||F|||50|,,,,,Electric]Salamence||ChoiceBand|Intimidate|DualWingbeat,DragonClaw,RockSlide,Crunch|||F|||50|,,,,,Stellar
|inactive|Battle timer is ON: inactive players will automatically lose when time's up. (requested by Panexeri)
|
|t:|1756934221
|teamsize|p1|4
|teamsize|p2|4
|start
|switch|p1a: Incineroar|Incineroar, L50, M, shiny|100/100
|switch|p1b: Gholdengo|Gholdengo, L50|100/100
|switch|p2a: Grimmsnarl|Grimmsnarl, L50, M|100/100
|switch|p2b: Volcarona|Volcarona, L50, F|100/100
|-ability|p1a: Incineroar|Intimidate|boost
|-unboost|p2a: Grimmsnarl|atk|1
|-unboost|p2b: Volcarona|atk|1
|turn|1
|inactive|Panexeri has 30 seconds left.
|inactive|Franz Slowdived has 30 seconds left.
|inactive|Franz Slowdived has 20 seconds left.
|inactive|Panexeri has 20 seconds left.
|inactive|Franz Slowdived has 15 seconds left.
|inactive|Panexeri has 15 seconds left.
|
|t:|1756934271
|move|p1a: Incineroar|Fake Out|p2b: Volcarona
|-damage|p2b: Volcarona|87/100
|move|p2a: Grimmsnarl|Light Screen|p2a: Grimmsnarl
|-sidestart|p2: Franz Slowdived|move: Light Screen
|cant|p2b: Volcarona|flinch
|move|p1b: Gholdengo|Nasty Plot|p1b: Gholdengo
|-boost|p1b: Gholdengo|spa|2
|
|upkeep
|turn|2
|inactive|Franz Slowdived has 30 seconds left.
|
|t:|1756934300
|switch|p2a: Primarina|Primarina, L50, F|100/100
|move|p1b: Gholdengo|Protect|p1b: Gholdengo
|-singleturn|p1b: Gholdengo|Protect
|move|p2b: Volcarona|Heat Wave|p1a: Incineroar|[spread] p1a
|-activate|p1b: Gholdengo|move: Protect
|-resisted|p1a: Incineroar
|-damage|p1a: Incineroar|89/100
|move|p1a: Incineroar|Knock Off|p2b: Volcarona
|-damage|p2b: Volcarona|42/100
|-enditem|p2b: Volcarona|Sitrus Berry|[from] move: Knock Off|[of] p1a: Incineroar
|
|upkeep
|turn|3
|inactive|Panexeri has 30 seconds left.
|
|t:|1756934327
|-terastallize|p1b: Gholdengo|Dragon
|move|p2b: Volcarona|Heat Wave|p1a: Incineroar|[spread] p1a
|-miss|p2b: Volcarona|p1b: Gholdengo
|-resisted|p1a: Incineroar
|-damage|p1a: Incineroar|77/100
|move|p1b: Gholdengo|Make It Rain|p2a: Primarina|[spread] p2a,p2b
|-resisted|p2b: Volcarona
|-damage|p2a: Primarina|42/100
|-damage|p2b: Volcarona|8/100
|-unboost|p1b: Gholdengo|spa|1
|-damage|p1b: Gholdengo|91/100|[from] item: Life Orb
|move|p2a: Primarina|Haze|p2a: Primarina
|-clearallboost
|move|p1a: Incineroar|Parting Shot|p2a: Primarina
|-unboost|p2a: Primarina|atk|1
|-unboost|p2a: Primarina|spa|1
|
|t:|1756934347
|switch|p1a: Sneasler|Sneasler, L50, M|100/100|[from] Parting Shot
|
|upkeep
|turn|4
|inactive|Franz Slowdived has 30 seconds left.
|inactive|Franz Slowdived has 20 seconds left.
|
|t:|1756934385
|switch|p1a: Incineroar|Incineroar, L50, M, shiny|77/100
|-ability|p1a: Incineroar|Intimidate|boost
|-unboost|p2a: Primarina|atk|1
|-unboost|p2b: Volcarona|atk|1
|switch|p2a: Grimmsnarl|Grimmsnarl, L50, M|100/100
|move|p1b: Gholdengo|Protect|p1b: Gholdengo
|-singleturn|p1b: Gholdengo|Protect
|move|p2b: Volcarona|Tailwind|p2b: Volcarona
|-sidestart|p2: Franz Slowdived|move: Tailwind
|
|upkeep
|turn|5
|inactive|Franz Slowdived has 30 seconds left.
|
|t:|1756934418
|switch|p2b: Primarina|Primarina, L50, F|42/100
|move|p1a: Incineroar|Fake Out|p2a: Grimmsnarl
|-damage|p2a: Grimmsnarl|91/100
|cant|p2a: Grimmsnarl|flinch
|move|p1b: Gholdengo|Make It Rain|p2a: Grimmsnarl|[spread] p2a,p2b
|-supereffective|p2a: Grimmsnarl
|-damage|p2a: Grimmsnarl|8/100
|-damage|p2b: Primarina|13/100
|-unboost|p1b: Gholdengo|spa|1
|-damage|p1b: Gholdengo|82/100|[from] item: Life Orb
|
|upkeep
|turn|6
|
|t:|1756934439
|switch|p1a: Amoonguss|Amoonguss, L50, M, shiny|100/100
|move|p1b: Gholdengo|Protect|p1b: Gholdengo
|-singleturn|p1b: Gholdengo|Protect
|move|p2b: Primarina|Hyper Voice|p1b: Gholdengo|[spread] p1a
|-activate|p1b: Gholdengo|move: Protect
|-resisted|p1a: Amoonguss
|-damage|p1a: Amoonguss|87/100
|-enditem|p2b: Primarina|Throat Spray
|-boost|p2b: Primarina|spa|1|[from] item: Throat Spray
|move|p2a: Grimmsnarl|Spirit Break|p1b: Gholdengo
|-activate|p1b: Gholdengo|move: Protect
|
|upkeep
|turn|7
|
|t:|1756934459
|move|p1a: Amoonguss|Rage Powder|p1a: Amoonguss
|-singleturn|p1a: Amoonguss|move: Rage Powder
|move|p2a: Grimmsnarl|Misty Terrain|p2a: Grimmsnarl
|-fieldstart|move: Misty Terrain
|move|p2b: Primarina|Moonblast|p1a: Amoonguss
|-resisted|p1a: Amoonguss
|-damage|p1a: Amoonguss|56/100
|move|p1b: Gholdengo|Make It Rain|p2b: Primarina|[spread] p2a,p2b
|-supereffective|p2a: Grimmsnarl
|-damage|p2a: Grimmsnarl|0 fnt
|-damage|p2b: Primarina|0 fnt
|-unboost|p1b: Gholdengo|spa|1
|faint|p2a: Grimmsnarl
|faint|p2b: Primarina
|-damage|p1b: Gholdengo|72/100|[from] item: Life Orb
|
|-sideend|p2: Franz Slowdived|move: Tailwind
|upkeep
|
|t:|1756934474
|switch|p2b: Volcarona|Volcarona, L50, F|8/100
|switch|p2a: Goodra|Goodra-Hisui, L50, F|100/100
|turn|8
|inactive|Panexeri has 30 seconds left.
|
|t:|1756934505
|switch|p1a: Incineroar|Incineroar, L50, M, shiny|77/100
|-ability|p1a: Incineroar|Intimidate|boost
|-unboost|p2a: Goodra|atk|1
|-unboost|p2b: Volcarona|atk|1
|move|p2b: Volcarona|Rage Powder|p2b: Volcarona
|-singleturn|p2b: Volcarona|move: Rage Powder
|move|p1b: Gholdengo|Make It Rain|p2a: Goodra|[spread] p2a,p2b
|-resisted|p2a: Goodra
|-resisted|p2b: Volcarona
|-damage|p2a: Goodra|94/100
|-damage|p2b: Volcarona|0 fnt
|-unboost|p1b: Gholdengo|spa|1
|faint|p2b: Volcarona
|-damage|p1b: Gholdengo|63/100|[from] item: Life Orb
|move|p2a: Goodra|Shelter|p2a: Goodra
|-boost|p2a: Goodra|def|2
|
|-heal|p2a: Goodra|99/100|[from] item: Leftovers
|-sideend|p2: Franz Slowdived|move: Light Screen
|upkeep
|turn|9
|
|t:|1756934531
|switch|p1b: Sneasler|Sneasler, L50, M|100/100
|move|p2a: Goodra|Protect|p2a: Goodra
|-singleturn|p2a: Goodra|Protect
|move|p1a: Incineroar|Fake Out|p2a: Goodra
|-activate|p2a: Goodra|move: Protect
|
|-heal|p2a: Goodra|100/100|[from] item: Leftovers
|upkeep
|turn|10
|inactive|Franz Slowdived has 30 seconds left.
|
|t:|1756934557
|-terastallize|p2a: Goodra|Bug
|move|p1b: Sneasler|Close Combat|p2a: Goodra
|-resisted|p2a: Goodra
|-damage|p2a: Goodra|86/100
|-unboost|p1b: Sneasler|def|1
|-unboost|p1b: Sneasler|spd|1
|move|p1a: Incineroar|Knock Off|p2a: Goodra
|-damage|p2a: Goodra|73/100
|-enditem|p2a: Goodra|Leftovers|[from] move: Knock Off|[of] p1a: Incineroar
|move|p2a: Goodra|Body Press|p1a: Incineroar
|-supereffective|p1a: Incineroar
|-damage|p1a: Incineroar|0 fnt
|faint|p1a: Incineroar
|
|upkeep
|
|t:|1756934580
|switch|p1a: Gholdengo|Gholdengo, L50, tera:Dragon|63/100
|turn|11
|
|t:|1756934601
|switch|p1a: Amoonguss|Amoonguss, L50, M, shiny|89/100
|move|p1b: Sneasler|Dire Claw|p2a: Goodra
|-damage|p2a: Goodra|55/100
|move|p2a: Goodra|Body Press|p1a: Amoonguss
|-resisted|p1a: Amoonguss
|-crit|p1a: Amoonguss
|-damage|p1a: Amoonguss|58/100
|-damage|p2a: Goodra|38/100|[from] item: Rocky Helmet|[of] p1a: Amoonguss
|
|-fieldend|Misty Terrain
|upkeep
|turn|12
|
|t:|1756934617
|move|p1b: Sneasler|Dire Claw|p2a: Goodra
|-damage|p2a: Goodra|22/100
|-status|p2a: Goodra|slp
|cant|p2a: Goodra|slp
|move|p1a: Amoonguss|Spore|p2a: Goodra
|-fail|p2a: Goodra|slp
|
|upkeep
|turn|13
|-message|Franz Slowdived forfeited.
|
|win|Panexeri
|l|☆Franz Slowdived
|player|p2|
||Franz Slowdived is ready for game 3.
||Panexeri is ready for game 3.
|uhtml|next|Next: Game 3 of 3
