|j|☆1OO% Jesus
|j|☆Kap2122
|html|1OO% JesusKap2122    
|uhtml|bestof|Game 1 of a best-of-3
|t:|1783604132
|gametype|doubles
|player|p1|1OO% Jesus|lillie-z|1206
|player|p2|Kap2122|hugh|1230
|gen|9
|tier|[Gen 9 Champions] VGC 2026 Reg M-B (Bo3)
|rated|
|rule|Species Clause: Limit one of each Pokémon
|rule|Item Clause: Limit 1 of each item
|clearpoke
|poke|p1|Delphox, L50, F|
|poke|p1|Sneasler, L50, M|
|poke|p1|Incineroar, L50, F|
|poke|p1|Sinistcha, L50|
|poke|p1|Maushold-Four, L50|
|poke|p1|Blastoise, L50, M|
|poke|p2|Garchomp, L50, F|
|poke|p2|Charizard, L50, M|
|poke|p2|Farigiraf, L50, F|
|poke|p2|Toxapex, L50, F|
|poke|p2|Incineroar, L50, M|
|poke|p2|Whimsicott, L50, M|
|teampreview|4
|showteam|p1|Delphox||Delphoxite|Blaze|HeatWave,Psyshock,NastyPlot,Protect|Timid||F|||50|]Sneasler||FocusSash|PoisonTouch|CloseCombat,PoisonJab,FakeOut,QuickGuard|Jolly||M|||50|]Incineroar||SitrusBerry|Intimidate|FlareBlitz,ThroatChop,FakeOut,PartingShot|Impish||F|||50|]Sinistcha||OccaBerry|Hospitality|MatchaGotcha,RagePowder,LifeDew,Protect|Bold|||||50|]Maushold-Four||ChopleBerry|FriendGuard|FollowMe,Feint,SuperFang,Protect|Impish|||||50|]Blastoise||Blastoisinite|RainDish|WaterSpout,DarkPulse,ShellSmash,Protect|Modest||M|||50|
|showteam|p2|Garchomp||HabanBerry|RoughSkin|DragonClaw,Earthquake,RockSlide,Protect|Jolly||F|||50|]Charizard||CharizarditeY|SolarPower|Overheat,HeatWave,SolarBeam,Protect|Timid||M|||50|]Farigiraf||ColburBerry|ArmorTail|TwinBeam,TrickRoom,Thunderbolt,Roar|Calm||F|||50|]Toxapex||Leftovers|Regenerator|Toxic,Infestation,WideGuard,BanefulBunker|Bold||F|||50|]Incineroar||SitrusBerry|Intimidate|FakeOut,PartingShot,Taunt,FlareBlitz|Impish||M|||50|]Whimsicott||FocusSash|Prankster|Moonblast,Encore,Tailwind,Protect|Timid||M|||50|
|inactive|Battle timer is ON: inactive players will automatically lose when time's up. (requested by Kap2122)
|inactive|1OO% Jesus has 60 seconds left.
|inactive|1OO% Jesus has 30 seconds left.
|inactive|1OO% Jesus has 20 seconds left.
|inactive|1OO% Jesus has 15 seconds left.
|inactive|1OO% Jesus has 10 seconds left.
|
|t:|1783604217
|teamsize|p1|4
|teamsize|p2|4
|start
|switch|p1a: Incineroar|Incineroar, L50, F|100/100
|switch|p1b: Maushold|Maushold-Four, L50|100/100
|switch|p2a: Garchomp|Garchomp, L50, F|100/100
|switch|p2b: Whimsicott|Whimsicott, L50, M|100/100
|-ability|p1a: Incineroar|Intimidate|boost
|-unboost|p2a: Garchomp|atk|1
|-unboost|p2b: Whimsicott|atk|1
|turn|1
|j| lukoog
|inactive|1OO% Jesus has 30 seconds left.
|
|t:|1783604248
|switch|p2a: Incineroar|Incineroar, L50, M|100/100
|-ability|p2a: Incineroar|Intimidate|boost
|-unboost|p1a: Incineroar|atk|1
|-unboost|p1b: Maushold|atk|1
|move|p2b: Whimsicott|Protect|p2b: Whimsicott
|-singleturn|p2b: Whimsicott|Protect
|move|p1a: Incineroar|Fake Out|p2b: Whimsicott
|-activate|p2b: Whimsicott|move: Protect
|move|p1b: Maushold|Super Fang|p2a: Incineroar
|-damage|p2a: Incineroar|50/100y
|-enditem|p2a: Incineroar|Sitrus Berry|[eat]
|-heal|p2a: Incineroar|74/100|[from] item: Sitrus Berry
|
|upkeep
|turn|2
|inactive|1OO% Jesus has 30 seconds left.
|inactive|1OO% Jesus has 20 seconds left.
|
|t:|1783604283
|switch|p1b: Delphox|Delphox, L50, F|100/100
|move|p2b: Whimsicott|Tailwind|p2b: Whimsicott
|-sidestart|p2: Kap2122|move: Tailwind
|move|p2a: Incineroar|Taunt|p1b: Delphox
|-start|p1b: Delphox|move: Taunt
|move|p1a: Incineroar|Flare Blitz|p2b: Whimsicott
|-supereffective|p2b: Whimsicott|1
|-damage|p2b: Whimsicott|18/100
|-damage|p1a: Incineroar|80/100|[from] Recoil
|
|upkeep
|turn|3
|
|t:|1783604305
|switch|p2b: Garchomp|Garchomp, L50, F|100/100
|switch|p1b: Sinistcha|Sinistcha, L50|100/100
|-heal|p1a: Incineroar|100/100|[from] ability: Hospitality|[of] p1b: Sinistcha
|move|p2a: Incineroar|Parting Shot|p1a: Incineroar
|-unboost|p1a: Incineroar|atk|1
|-unboost|p1a: Incineroar|spa|1
|
|t:|1783604316
|switch|p2a: Farigiraf|Farigiraf, L50, F|100/100|[from] Parting Shot
|move|p1a: Incineroar|Parting Shot|p2a: Farigiraf
|-unboost|p2a: Farigiraf|atk|1
|-unboost|p2a: Farigiraf|spa|1
|inactive|1OO% Jesus has 30 seconds left.
|inactive|1OO% Jesus has 20 seconds left.
|
|t:|1783604351
|switch|p1a: Delphox|Delphox, L50, F|100/100|[from] Parting Shot
|
|upkeep
|turn|4
|
|t:|1783604364
|switch|p1b: Incineroar|Incineroar, L50, F|100/100
|-ability|p1b: Incineroar|Intimidate|boost
|-unboost|p2a: Farigiraf|atk|1
|-unboost|p2b: Garchomp|atk|1
|detailschange|p1a: Delphox|Delphox-Mega, L50, F
|-mega|p1a: Delphox|Delphox|Delphoxite
|move|p1a: Delphox|Protect|p1a: Delphox
|-singleturn|p1a: Delphox|Protect
|move|p2b: Garchomp|Rock Slide|p1b: Incineroar|[spread] p1b
|-activate|p1a: Delphox|move: Protect
|-supereffective|p1b: Incineroar|1
|-damage|p1b: Incineroar|79/100
|move|p2a: Farigiraf|Trick Room|p2a: Farigiraf
|-fieldstart|move: Trick Room|[of] p2a: Farigiraf
|
|upkeep
|turn|5
|inactive|1OO% Jesus has 30 seconds left.
|
|t:|1783604391
|move|p1b: Incineroar|Parting Shot|p2b: Garchomp
|-unboost|p2b: Garchomp|atk|1
|-unboost|p2b: Garchomp|spa|1
|
|t:|1783604396
|switch|p1b: Maushold|Maushold-Four, L50|100/100|[from] Parting Shot
|move|p1a: Delphox|Nasty Plot|p1a: Delphox
|-boost|p1a: Delphox|spa|2
|move|p2b: Garchomp|Rock Slide|p1b: Maushold|[spread] p1a,p1b
|-supereffective|p1a: Delphox|1
|-damage|p1a: Delphox|80/100
|-damage|p1b: Maushold|90/100
|move|p2a: Farigiraf|Roar|p2b: Garchomp
|drag|p2b: Incineroar|Incineroar, L50, M|74/100
|-ability|p2b: Incineroar|Intimidate|boost
|-unboost|p1a: Delphox|atk|1
|-unboost|p1b: Maushold|atk|1
|
|-sideend|p2: Kap2122|move: Tailwind
|upkeep
|turn|6
|c| lukoog|trick toom plus tailwind is interesting
|
|t:|1783604417
|move|p1a: Delphox|Protect|p1a: Delphox
|-singleturn|p1a: Delphox|Protect
|move|p2b: Incineroar|Fake Out|p1b: Maushold
|-damage|p1b: Maushold|80/100
|cant|p1b: Maushold|flinch
|move|p2a: Farigiraf|Roar|p1a: Delphox
|drag|p1a: Sinistcha|Sinistcha, L50|100/100
|-heal|p1b: Maushold|100/100|[from] ability: Hospitality|[of] p1a: Sinistcha
|
|upkeep
|turn|7
|
|t:|1783604433
|switch|p1a: Incineroar|Incineroar, L50, F|79/100
|-ability|p1a: Incineroar|Intimidate|boost
|-unboost|p2a: Farigiraf|atk|1
|-unboost|p2b: Incineroar|atk|1
|move|p2a: Farigiraf|Twin Beam|p1b: Maushold
|-damage|p1b: Maushold|89/100
|-damage|p1b: Maushold|79/100
|-hitcount|p1b: Maushold|2
|move|p2b: Incineroar|Parting Shot|p1a: Incineroar
|-unboost|p1a: Incineroar|atk|1
|-unboost|p1a: Incineroar|spa|1
|
|t:|1783604439
|switch|p2b: Garchomp|Garchomp, L50, F|100/100|[from] Parting Shot
|move|p1b: Maushold|Super Fang|p2a: Farigiraf
|-damage|p2a: Farigiraf|50/100g
|
|upkeep
|turn|8
|l| lukoog
|inactive|1OO% Jesus has 30 seconds left.
|
|t:|1783604468
|move|p1b: Maushold|Protect|p1b: Maushold
|-singleturn|p1b: Maushold|Protect
|move|p1a: Incineroar|Parting Shot|p2b: Garchomp
|-unboost|p2b: Garchomp|atk|1
|-unboost|p2b: Garchomp|spa|1
|
|t:|1783604474
|switch|p1a: Sinistcha|Sinistcha, L50|100/100|[from] Parting Shot
|-heal|p1b: Maushold|100/100|[from] ability: Hospitality|[of] p1a: Sinistcha
|move|p2b: Garchomp|Rock Slide|p1a: Sinistcha|[spread] 
|-activate|p1b: Maushold|move: Protect
|-miss|p2b: Garchomp|p1a: Sinistcha
|move|p2a: Farigiraf|Roar|p2b: Garchomp
|drag|p2b: Incineroar|Incineroar, L50, M|74/100
|-ability|p2b: Incineroar|Intimidate|boost
|-unboost|p1a: Sinistcha|atk|1
|-unboost|p1b: Maushold|atk|1
|
|-fieldend|move: Trick Room
|upkeep
|turn|9
|inactive|1OO% Jesus has 30 seconds left.
|inactive|1OO% Jesus has 20 seconds left.
|
|t:|1783604511
|move|p2b: Incineroar|Fake Out|p1b: Maushold
|-damage|p1b: Maushold|88/100
|cant|p1b: Maushold|flinch
|move|p1a: Sinistcha|Matcha Gotcha|p2b: Incineroar|[spread] p2a,p2b
|-resisted|p2b: Incineroar|1
|-damage|p2a: Farigiraf|32/100
|-damage|p2b: Incineroar|62/100
|-status|p2a: Farigiraf|brn
|move|p2a: Farigiraf|Roar|p2b: Incineroar
|drag|p2b: Whimsicott|Whimsicott, L50, M|18/100
|
|-damage|p2a: Farigiraf|26/100 brn|[from] brn
|upkeep
|turn|10
|-message|Kap2122 forfeited.
|
|win|1OO% Jesus
|l|☆Kap2122
|player|p2|
||Kap2122 is ready for game 2.
||1OO% Jesus is ready for game 2.
|uhtml|next|Next: Game 2 of 3
