|j|☆f63 JSelCK
|j|☆lettitripppp
|html|f63 JSelCKlettitripppp    
|uhtml|bestof|Game 1 of a best-of-3
|t:|1784238797
|gametype|doubles
|player|p1|f63 JSelCK|hilbert|1279
|player|p2|lettitripppp|lucas|1207
|gen|9
|tier|[Gen 9 Champions] VGC 2026 Reg M-B (Bo3)
|rated|
|rule|Species Clause: Limit one of each Pokémon
|rule|Item Clause: Limit 1 of each item
|clearpoke
|poke|p1|Charizard, L50, M|
|poke|p1|Grimmsnarl, L50, M|
|poke|p1|Pelipper, L50, M|
|poke|p1|Archaludon, L50, M|
|poke|p1|Basculegion, L50, M|
|poke|p1|Venusaur, L50, M|
|poke|p2|Charizard, L50, F, shiny|
|poke|p2|Basculegion, L50, M, shiny|
|poke|p2|Pelipper, L50, F|
|poke|p2|Venusaur, L50, F|
|poke|p2|Archaludon, L50, M|
|poke|p2|Grimmsnarl, L50, M, shiny|
|teampreview|4
|showteam|p1|Charizard||CharizarditeY|Blaze|Protect,HeatWave,WeatherBall,SolarBeam|Timid||M|||50|]Grimmsnarl||LightClay|Prankster|SpiritBreak,Reflect,LightScreen,PartingShot|Serious||M|||50|]Pelipper||SitrusBerry|Drizzle|Hurricane,WeatherBall,Tailwind,WideGuard|Bold||M|||50|]Archaludon||Leftovers|Stamina|Protect,ElectroShot,DragonPulse,FlashCannon|Modest||M|||50|]Basculegion||ChoiceScarf|Adaptability|FlipTurn,WaveCrash,AquaJet,LastRespects|Adamant||M|||50|]Venusaur||FocusSash|Chlorophyll|Protect,SleepPowder,SludgeBomb,EarthPower|Modest||M|||50|
|showteam|p2|Charizard||CharizarditeY|Blaze|WeatherBall,SolarBeam,HeatWave,Protect|Modest||F|||50|]Basculegion||ChoiceScarf|Adaptability|LastRespects,WaveCrash,FlipTurn,AquaJet|Jolly||M|||50|]Pelipper||SitrusBerry|Drizzle|WeatherBall,WideGuard,Hurricane,Tailwind|Modest||F|||50|]Venusaur||FocusSash|Chlorophyll|SleepPowder,SludgeBomb,EarthPower,Protect|Modest||F|||50|]Archaludon||Leftovers|Stamina|FlashCannon,DragonPulse,ElectroShot,Protect|Calm||M|||50|]Grimmsnarl||LightClay|Prankster|PartingShot,LightScreen,SpiritBreak,Reflect|Relaxed||M|||50|
|inactive|Battle timer is ON: inactive players will automatically lose when time's up. (requested by lettitripppp)
|inactive|f63 JSelCK also wants the timer to be on.
|inactive|f63 JSelCK has 60 seconds left.
|j| f27 bufflucario
|inactive|f63 JSelCK has 30 seconds left.
|j| f09 Ton
|inactive|f63 JSelCK has 20 seconds left.
|inactive|f63 JSelCK has 15 seconds left.
|
|t:|1784238873
|teamsize|p1|4
|teamsize|p2|4
|start
|switch|p1a: Charizard|Charizard, L50, M|100/100
|switch|p1b: Venusaur|Venusaur, L50, M|100/100
|switch|p2a: GHOSTWAVE|Basculegion, L50, M, shiny|100/100
|switch|p2b: GO JOHAN|Grimmsnarl, L50, M, shiny|100/100
|turn|1
|j| BygameJorge
|inactive|f63 JSelCK has 30 seconds left.
|inactive|f63 JSelCK has 20 seconds left.
|inactive|f63 JSelCK has 15 seconds left.
|inactive|f63 JSelCK has 10 seconds left.
|
|t:|1784238922
|move|p1a: Charizard|Protect|p1a: Charizard
|-singleturn|p1a: Charizard|Protect
|move|p2b: GO JOHAN|Parting Shot|p1b: Venusaur
|-unboost|p1b: Venusaur|atk|1
|-unboost|p1b: Venusaur|spa|1
|
|t:|1784238929
|switch|p2b: BEYOND BRIDGE|Archaludon, L50, M|100/100|[from] Parting Shot
|move|p2a: GHOSTWAVE|Flip Turn|p1a: Charizard
|-activate|p1a: Charizard|move: Protect
|move|p1b: Venusaur|Sleep Powder|p2a: GHOSTWAVE
|-status|p2a: GHOSTWAVE|slp|[from] move: Sleep Powder
|
|upkeep
|turn|2
|inactive|f63 JSelCK has 30 seconds left.
|
|t:|1784238961
|switch|p2b: GO JOHAN|Grimmsnarl, L50, M, shiny|100/100
|detailschange|p1a: Charizard|Charizard-Mega-Y, L50, M
|-mega|p1a: Charizard|Charizard|Charizardite Y
|-weather|SunnyDay|[from] ability: Drought|[of] p1a: Charizard
|move|p1b: Venusaur|Earth Power|p2b: GO JOHAN
|-damage|p2b: GO JOHAN|81/100
|cant|p2a: GHOSTWAVE|slp
|move|p1a: Charizard|Heat Wave|p2a: GHOSTWAVE|[spread] p2a,p2b
|-resisted|p2a: GHOSTWAVE|1
|-damage|p2a: GHOSTWAVE|64/100 slp
|-damage|p2b: GO JOHAN|14/100
|
|-weather|SunnyDay|[upkeep]
|upkeep
|turn|3
|j| f50 NemesisVGC
|inactive|f63 JSelCK has 30 seconds left.
|
|t:|1784238994
|move|p2b: GO JOHAN|Parting Shot|p1a: Charizard
|-unboost|p1a: Charizard|atk|1
|-unboost|p1a: Charizard|spa|1
|
|t:|1784238998
|switch|p2b: WET-BEAK|Pelipper, L50, F|100/100|[from] Parting Shot
|-weather|RainDance|[from] ability: Drizzle|[of] p2b: WET-BEAK
|cant|p2a: GHOSTWAVE|slp
|move|p1a: Charizard|Solar Beam||[still]
|-prepare|p1a: Charizard|Solar Beam
|move|p1b: Venusaur|Earth Power|p2b: WET-BEAK
|-immune|p2b: WET-BEAK
|
|-weather|RainDance|[upkeep]
|upkeep
|turn|4
|inactive|f63 JSelCK has 30 seconds left.
|
|t:|1784239025
|-curestatus|p2a: GHOSTWAVE|slp|[msg]
|move|p2a: GHOSTWAVE|Flip Turn|p1a: Charizard
|-supereffective|p1a: Charizard|1
|-damage|p1a: Charizard|0 fnt
|faint|p1a: Charizard
|
|t:|1784239031
|switch|p2a: GO JOHAN|Grimmsnarl, L50, M, shiny|14/100|[from] Flip Turn
|move|p1b: Venusaur|Sleep Powder|p2b: WET-BEAK|[miss]
|-miss|p1b: Venusaur|p2b: WET-BEAK
|move|p2b: WET-BEAK|Tailwind|p2b: WET-BEAK
|-sidestart|p2: lettitripppp|move: Tailwind
|
|-weather|RainDance|[upkeep]
|upkeep
|
|t:|1784239044
|switch|p1a: Pelipper|Pelipper, L50, M|100/100
|turn|5
|
|t:|1784239059
|move|p1b: Venusaur|Protect|p1b: Venusaur
|-singleturn|p1b: Venusaur|Protect
|move|p2a: GO JOHAN|Parting Shot|p1a: Pelipper
|-unboost|p1a: Pelipper|atk|1
|-unboost|p1a: Pelipper|spa|1
|
|t:|1784239063
|switch|p2a: BEYOND BRIDGE|Archaludon, L50, M|100/100|[from] Parting Shot
|move|p2b: WET-BEAK|Hurricane|p1b: Venusaur
|-activate|p1b: Venusaur|move: Protect
|move|p1a: Pelipper|Tailwind|p1a: Pelipper
|-sidestart|p1: f63 JSelCK|move: Tailwind
|
|-weather|RainDance|[upkeep]
|upkeep
|turn|6
|inactive|f63 JSelCK has 30 seconds left.
|inactive|f63 JSelCK has 20 seconds left.
|inactive|f63 JSelCK has 15 seconds left.
|inactive|f63 JSelCK has 10 seconds left.
|inactive|f63 JSelCK has 5 seconds left.
|
|t:|1784239118
|move|p1b: Venusaur|Protect|p1b: Venusaur
|-singleturn|p1b: Venusaur|Protect
|move|p2a: BEYOND BRIDGE|Electro Shot||[still]
|-prepare|p2a: BEYOND BRIDGE|Electro Shot
|-boost|p2a: BEYOND BRIDGE|spa|1
|-anim|p2a: BEYOND BRIDGE|Electro Shot|p1a: Pelipper
|-supereffective|p1a: Pelipper|2
|-damage|p1a: Pelipper|0 fnt
|faint|p1a: Pelipper
|move|p2b: WET-BEAK|Hurricane|p1b: Venusaur
|-activate|p1b: Venusaur|move: Protect
|
|-weather|RainDance|[upkeep]
|upkeep
|inactive|f63 JSelCK has 30 seconds left.
|
|t:|1784239149
|switch|p1a: Basculegion|Basculegion, L50, M|100/100
|turn|7
|
|t:|1784239160
|move|p1a: Basculegion|Wave Crash|p2b: WET-BEAK
|-resisted|p2b: WET-BEAK|1
|-damage|p2b: WET-BEAK|29/100
|-enditem|p2b: WET-BEAK|Sitrus Berry|[eat]
|-heal|p2b: WET-BEAK|53/100|[from] item: Sitrus Berry
|-damage|p1a: Basculegion|80/100|[from] Recoil
|move|p1b: Venusaur|Sleep Powder|p2a: BEYOND BRIDGE
|-status|p2a: BEYOND BRIDGE|slp|[from] move: Sleep Powder
|cant|p2a: BEYOND BRIDGE|slp
|move|p2b: WET-BEAK|Hurricane|p1b: Venusaur
|-supereffective|p1b: Venusaur|1
|-enditem|p1b: Venusaur|Focus Sash
|-damage|p1b: Venusaur|1/100
|-start|p1b: Venusaur|confusion
|
|-weather|none
|-sideend|p2: lettitripppp|move: Tailwind
|upkeep
|turn|8
|inactive|f63 JSelCK has 30 seconds left.
|inactive|f63 JSelCK has 20 seconds left.
|inactive|f63 JSelCK has 15 seconds left.
|inactive|f63 JSelCK has 10 seconds left.
|inactive|f63 JSelCK has 5 seconds left.
|
|t:|1784239215
|switch|p2a: GHOSTWAVE|Basculegion, L50, M, shiny|64/100
|switch|p2b: GO JOHAN|Grimmsnarl, L50, M, shiny|14/100
|-activate|p1b: Venusaur|confusion
|-damage|p1b: Venusaur|0 fnt|[from] confusion
|faint|p1b: Venusaur
|move|p1a: Basculegion|Wave Crash|p2a: GHOSTWAVE
|-resisted|p2a: GHOSTWAVE|1
|-damage|p2a: GHOSTWAVE|11/100
|-damage|p1a: Basculegion|62/100|[from] Recoil
|
|-sideend|p1: f63 JSelCK|move: Tailwind
|upkeep
|turn|9
|inactive|f63 JSelCK has 30 seconds left.
|inactive|f63 JSelCK has 20 seconds left.
|inactive|f63 JSelCK has 15 seconds left.
|
|t:|1784239260
|move|p2b: GO JOHAN|Parting Shot|p1a: Basculegion
|-unboost|p1a: Basculegion|atk|1
|-unboost|p1a: Basculegion|spa|1
|
|t:|1784239264
|switch|p2b: BEYOND BRIDGE|Archaludon, L50, M|100/100 slp|[from] Parting Shot
|move|p2a: GHOSTWAVE|Flip Turn|p1a: Basculegion
|-resisted|p1a: Basculegion|1
|-damage|p1a: Basculegion|37/100
|
|t:|1784239270
|switch|p2a: WET-BEAK|Pelipper, L50, F|53/100|[from] Flip Turn
|-weather|RainDance|[from] ability: Drizzle|[of] p2a: WET-BEAK
|move|p1a: Basculegion|Wave Crash|p2a: WET-BEAK
|-resisted|p2a: WET-BEAK|1
|-damage|p2a: WET-BEAK|5/100
|-damage|p1a: Basculegion|24/100|[from] Recoil
|
|-weather|RainDance|[upkeep]
|upkeep
|turn|10
|inactive|f63 JSelCK has 30 seconds left.
|inactive|f63 JSelCK has 20 seconds left.
|inactive|f63 JSelCK has 15 seconds left.
|inactive|f63 JSelCK has 10 seconds left.
|inactive|f63 JSelCK has 5 seconds left.
|
|t:|1784239325
|move|p1a: Basculegion|Wave Crash|p2a: WET-BEAK
|-resisted|p2a: WET-BEAK|1
|-damage|p2a: WET-BEAK|0 fnt
|faint|p2a: WET-BEAK
|-damage|p1a: Basculegion|22/100|[from] Recoil
|cant|p2b: BEYOND BRIDGE|slp
|
|-weather|RainDance|[upkeep]
|upkeep
|
|t:|1784239332
|switch|p2a: GO JOHAN|Grimmsnarl, L50, M, shiny|14/100
|turn|11
|
|t:|1784239341
|move|p2a: GO JOHAN|Parting Shot|p1a: Basculegion
|-unboost|p1a: Basculegion|atk|1
|-unboost|p1a: Basculegion|spa|1
|
|t:|1784239344
|switch|p2a: GHOSTWAVE|Basculegion, L50, M, shiny|11/100|[from] Parting Shot
|move|p1a: Basculegion|Wave Crash|p2a: GHOSTWAVE
|-resisted|p2a: GHOSTWAVE|1
|-damage|p2a: GHOSTWAVE|0 fnt
|faint|p2a: GHOSTWAVE
|-damage|p1a: Basculegion|19/100|[from] Recoil
|-curestatus|p2b: BEYOND BRIDGE|slp|[msg]
|move|p2b: BEYOND BRIDGE|Electro Shot||[still]
|-prepare|p2b: BEYOND BRIDGE|Electro Shot
|-boost|p2b: BEYOND BRIDGE|spa|1
|-anim|p2b: BEYOND BRIDGE|Electro Shot|p1a: Basculegion
|-supereffective|p1a: Basculegion|1
|-crit|p1a: Basculegion
|-damage|p1a: Basculegion|0 fnt
|faint|p1a: Basculegion
|
|win|lettitripppp
|l| BygameJorge
|inactive|f63 JSelCK has 30 seconds to confirm battle start!
|inactive|lettitripppp has 30 seconds to confirm battle start!
