|j|☆CretaceousDraconid
|j|☆TheMaoriGamer
|html|CretaceousDraconidTheMaoriGamer    
|uhtml|bestof|Game 2 of a best-of-3
|t:|1756622809
|gametype|doubles
|player|p1|CretaceousDraconid|zinnia-masters|
|player|p2|TheMaoriGamer|2|
|gen|9
|tier|[Gen 9] VGC 2025 Reg H (Bo3)
|rule|Species Clause: Limit one of each Pokémon
|rule|Item Clause: Limit 1 of each item
|clearpoke
|poke|p1|Tyranitar, L50, M|
|poke|p1|Salamence, L50, M|
|poke|p1|Basculegion, L50, M|
|poke|p1|Electabuzz, L50, F|
|poke|p1|Excadrill, L50, M|
|poke|p1|Corviknight, L50, M|
|poke|p2|Gholdengo, L50|
|poke|p2|Incineroar, L50, M|
|poke|p2|Amoonguss, L50, M|
|poke|p2|Archaludon, L50, F|
|poke|p2|Pelipper, L50, M|
|poke|p2|Basculegion, L50, M|
|teampreview|4
|showteam|p1|Tyranitar||AssaultVest|SandStream|TeraBlast,LowKick,KnockOff,RockSlide|||M|||50|,,,,,Flying]Salamence||SafetyGoggles|Intimidate|HeatWave,Hurricane,Protect,DracoMeteor|||M|||50|,,,,,Fire]Basculegion||ChoiceScarf|Adaptability|FlipTurn,LastRespects,AquaJet,WaveCrash|||M|||50|,,,,,Water]Electabuzz||Eviolite|VitalSpirit|Electroweb,Protect,Taunt,FollowMe|||F|||50|,,,,,Dragon]Excadrill||ClearAmulet|SandRush|Protect,IronHead,HighHorsepower,Earthquake|||M|||50|,,,,,Ghost]Corviknight||CovertCloak|MirrorArmor|BulkUp,Tailwind,BraveBird,Roost|||M|||50|,,,,,Fire
|showteam|p2|Gholdengo||LifeOrb|GoodasGold|MakeItRain,ShadowBall,NastyPlot,Protect||||||50|,,,,,Water]Incineroar||MirrorHerb|Intimidate|Taunt,KnockOff,PartingShot,FakeOut|||M|||50|,,,,,Ghost]Amoonguss||RockyHelmet|Regenerator|PollenPuff,Spore,RagePowder,Protect|||M|||50|,,,,,Water]Archaludon||AssaultVest|Stamina|DragonPulse,FlashCannon,ElectroShot,BodyPress|||F|||50|,,,,,Bug]Pelipper||FocusSash|Drizzle|WeatherBall,Hurricane,Tailwind,Protect|||M|||50|,,,,,Ground]Basculegion||ChoiceBand|SwiftSwim|WaveCrash,LastRespects,FlipTurn,AquaJet|||M|||50|,,,,,Water
|inactive|Battle timer is ON: inactive players will automatically lose when time's up. (requested by TheMaoriGamer)
|inactive|CretaceousDraconid has 60 seconds left.
|inactive|TheMaoriGamer has 60 seconds left.
|inactive|TheMaoriGamer has 30 seconds left.
|inactive|TheMaoriGamer has 20 seconds left.
|inactive|TheMaoriGamer has 15 seconds left.
|inactive|TheMaoriGamer has 10 seconds left.
|
|t:|1756622891
|teamsize|p1|4
|teamsize|p2|4
|start
|switch|p1a: Renegade|Excadrill, L50, M|100/100
|switch|p1b: Rebel Heart|Salamence, L50, M|100/100
|switch|p2a: Archaludon|Archaludon, L50, F|100/100
|switch|p2b: Pelipper|Pelipper, L50, M|100/100
|-ability|p1b: Rebel Heart|Intimidate|boost
|-unboost|p2a: Archaludon|atk|1
|-unboost|p2b: Pelipper|atk|1
|-weather|RainDance|[from] ability: Drizzle|[of] p2b: Pelipper
|turn|1
|inactive|TheMaoriGamer has 30 seconds left.
|inactive|CretaceousDraconid has 30 seconds left.
|inactive|TheMaoriGamer has 20 seconds left.
|inactive|CretaceousDraconid has 20 seconds left.
|inactive|TheMaoriGamer has 15 seconds left.
|inactive|CretaceousDraconid has 15 seconds left.
|
|t:|1756622937
|move|p2b: Pelipper|Protect|p2b: Pelipper
|-singleturn|p2b: Pelipper|Protect
|move|p1b: Rebel Heart|Draco Meteor|p2a: Archaludon
|-damage|p2a: Archaludon|56/100
|-unboost|p1b: Rebel Heart|spa|2
|-ability|p2a: Archaludon|Stamina|boost
|-boost|p2a: Archaludon|def|1
|move|p1a: Renegade|High Horsepower|p2a: Archaludon
|-supereffective|p2a: Archaludon
|-damage|p2a: Archaludon|0 fnt
|faint|p2a: Archaludon
|
|-weather|RainDance|[upkeep]
|upkeep
|
|t:|1756622951
|switch|p2a: Basculegion|Basculegion, L50, M|100/100
|turn|2
|
|t:|1756622973
|switch|p2b: Amoonguss|Amoonguss, L50, M|100/100
|move|p1a: Renegade|Protect|p1a: Renegade
|-singleturn|p1a: Renegade|Protect
|move|p2a: Basculegion|Flip Turn|p1b: Rebel Heart
|-resisted|p1b: Rebel Heart
|-damage|p1b: Rebel Heart|59/100
|
|t:|1756622980
|switch|p2a: Pelipper|Pelipper, L50, M|100/100|[from] Flip Turn
|move|p1b: Rebel Heart|Hurricane|p2b: Amoonguss
|-supereffective|p2b: Amoonguss
|-damage|p2b: Amoonguss|57/100
|
|-weather|RainDance|[upkeep]
|upkeep
|turn|3
|
|t:|1756622997
|switch|p1b: Wasteland|Tyranitar, L50, M|100/100
|-weather|Sandstorm|[from] ability: Sand Stream|[of] p1b: Wasteland
|move|p2b: Amoonguss|Protect|p2b: Amoonguss
|-singleturn|p2b: Amoonguss|Protect
|move|p1a: Renegade|High Horsepower|p2b: Amoonguss
|-activate|p2b: Amoonguss|move: Protect
|move|p2a: Pelipper|Tailwind|p2a: Pelipper
|-sidestart|p2: TheMaoriGamer|move: Tailwind
|
|-weather|Sandstorm|[upkeep]
|-damage|p2a: Pelipper|95/100|[from] Sandstorm
|-damage|p2b: Amoonguss|51/100|[from] Sandstorm
|upkeep
|turn|4
|inactive|TheMaoriGamer has 30 seconds left.
|
|t:|1756623030
|switch|p2a: Basculegion|Basculegion, L50, M|100/100
|move|p2b: Amoonguss|Rage Powder|p2b: Amoonguss
|-singleturn|p2b: Amoonguss|move: Rage Powder
|move|p1a: Renegade|High Horsepower|p2b: Amoonguss
|-damage|p2b: Amoonguss|5/100
|-damage|p1a: Renegade|84/100|[from] item: Rocky Helmet|[of] p2b: Amoonguss
|move|p1b: Wasteland|Knock Off|p2b: Amoonguss
|-damage|p2b: Amoonguss|0 fnt
|-damage|p1b: Wasteland|84/100|[from] item: Rocky Helmet|[of] p2b: Amoonguss
|-enditem|p2b: Amoonguss|Rocky Helmet|[from] move: Knock Off|[of] p1b: Wasteland
|faint|p2b: Amoonguss
|
|-weather|Sandstorm|[upkeep]
|-damage|p2a: Basculegion|94/100|[from] Sandstorm
|upkeep
|
|t:|1756623043
|switch|p2b: Pelipper|Pelipper, L50, M|95/100
|-weather|RainDance|[from] ability: Drizzle|[of] p2b: Pelipper
|turn|5
|inactive|TheMaoriGamer has 30 seconds left.
|
|t:|1756623073
|switch|p1b: Cocktail Molotov|Basculegion, L50, M|100/100
|move|p1a: Renegade|Protect|p1a: Renegade
|-singleturn|p1a: Renegade|Protect
|move|p2a: Basculegion|Last Respects|p1b: Cocktail Molotov
|-supereffective|p1b: Cocktail Molotov
|-damage|p1b: Cocktail Molotov|0 fnt
|faint|p1b: Cocktail Molotov
|move|p2b: Pelipper|Hurricane|p1a: Renegade
|-activate|p1a: Renegade|move: Protect
|
|-weather|RainDance|[upkeep]
|upkeep
|
|t:|1756623081
|switch|p1b: Wasteland|Tyranitar, L50, M|84/100
|-weather|Sandstorm|[from] ability: Sand Stream|[of] p1b: Wasteland
|turn|6
|
|t:|1756623096
|switch|p1a: Rebel Heart|Salamence, L50, M|59/100
|-ability|p1a: Rebel Heart|Intimidate|boost
|-unboost|p2a: Basculegion|atk|1
|-unboost|p2b: Pelipper|atk|1
|-terastallize|p2a: Basculegion|Water
|move|p2a: Basculegion|Last Respects|p1a: Rebel Heart
|-damage|p1a: Rebel Heart|0 fnt
|faint|p1a: Rebel Heart
|move|p2b: Pelipper|Hurricane|p1b: Wasteland
|-resisted|p1b: Wasteland
|-damage|p1b: Wasteland|74/100
|-start|p1b: Wasteland|confusion
|-activate|p1b: Wasteland|confusion
|-damage|p1b: Wasteland|63/100|[from] confusion
|
|-weather|Sandstorm|[upkeep]
|-damage|p2a: Basculegion|88/100|[from] Sandstorm
|-damage|p2b: Pelipper|89/100|[from] Sandstorm
|-sideend|p2: TheMaoriGamer|move: Tailwind
|upkeep
|
|t:|1756623109
|switch|p1a: Renegade|Excadrill, L50, M|84/100
|turn|7
|
|t:|1756623123
|move|p1a: Renegade|Protect|p1a: Renegade
|-singleturn|p1a: Renegade|Protect
|move|p2a: Basculegion|Last Respects|p1a: Renegade
|-activate|p1a: Renegade|move: Protect
|move|p2b: Pelipper|Tailwind|p2b: Pelipper
|-sidestart|p2: TheMaoriGamer|move: Tailwind
|-activate|p1b: Wasteland|confusion
|-damage|p1b: Wasteland|50/100|[from] confusion
|
|-weather|Sandstorm|[upkeep]
|-damage|p2a: Basculegion|82/100|[from] Sandstorm
|-damage|p2b: Pelipper|83/100|[from] Sandstorm
|upkeep
|turn|8
|c|☆CretaceousDraconid|ttar
|c|☆CretaceousDraconid|lock in
|
|t:|1756623146
|move|p1a: Renegade|High Horsepower|p2a: Basculegion
|-damage|p2a: Basculegion|15/100
|move|p2a: Basculegion|Last Respects|p1a: Renegade
|-damage|p1a: Renegade|0 fnt
|faint|p1a: Renegade
|move|p2b: Pelipper|Hurricane|p1b: Wasteland
|-resisted|p1b: Wasteland
|-damage|p1b: Wasteland|41/100
|-activate|p1b: Wasteland|confusion
|-damage|p1b: Wasteland|28/100|[from] confusion
|
|-weather|Sandstorm|[upkeep]
|-damage|p2a: Basculegion|9/100|[from] Sandstorm
|-damage|p2b: Pelipper|77/100|[from] Sandstorm
|upkeep
|turn|9
|
|t:|1756623162
|move|p2a: Basculegion|Last Respects|p1b: Wasteland
|-resisted|p1b: Wasteland
|-damage|p1b: Wasteland|0 fnt
|faint|p1b: Wasteland
|
|win|TheMaoriGamer
|c|☆TheMaoriGamer|wow
|c|☆CretaceousDraconid|ggs
|c|☆TheMaoriGamer|that was so lucky
|c|☆TheMaoriGamer|hggs
|c|☆TheMaoriGamer|*ggs
|l|☆CretaceousDraconid
|player|p1|
