|j|☆HikariRock
|j|☆janbenet
|html|HikariRockjanbenet    
|uhtml|bestof|Game 1 of a best-of-3
|t:|1783530710
|gametype|doubles
|player|p1|HikariRock|riley|1213
|player|p2|janbenet|101|1297
|gen|9
|tier|[Gen 9 Champions] VGC 2026 Reg M-B (Bo3)
|rated|
|rule|Species Clause: Limit one of each Pokémon
|rule|Item Clause: Limit 1 of each item
|clearpoke
|poke|p1|Tyranitar, L50, M|
|poke|p1|Excadrill, L50, F|
|poke|p1|Staraptor, L50, M|
|poke|p1|Sylveon, L50, M|
|poke|p1|Sinistcha, L50|
|poke|p1|Rotom-Wash, L50|
|poke|p2|Kingambit, L50, M|
|poke|p2|Charizard, L50, M|
|poke|p2|Aerodactyl, L50, F|
|poke|p2|Farigiraf, L50, M|
|poke|p2|Garchomp, L50, F|
|poke|p2|Sylveon, L50, M|
|teampreview|4
|showteam|p1|Tyranitar||Tyranitarite|SandStream|RockSlide,KnockOff,LowKick,Protect|Adamant||M|||50|]Excadrill||FocusSash|SandRush|Earthquake,IronHead,RockSlide,Protect|Adamant||F|||50|]Staraptor||Staraptite|Intimidate|BraveBird,CloseCombat,Tailwind,Protect|Jolly||M|||50|]Sylveon||LifeOrb|Pixilate|HyperBeam,HyperVoice,QuickAttack,Detect|Modest||M|||50|]Sinistcha||KasibBerry|Hospitality|MatchaGotcha,TrickRoom,Protect,RagePowder|Bold|||||50|]Rotom-Wash||SitrusBerry|Levitate|HydroPump,Thunderbolt,WillOWisp,Protect|Modest|||||50|
|showteam|p2|Kingambit||FocusSash|Defiant|KowtowCleave,IronHead,SuckerPunch,LowKick|Adamant||M|||50|]Charizard||CharizarditeY|SolarPower|Protect,HeatWave,WeatherBall,SolarBeam|Modest||M|||50|]Aerodactyl||Aerodactylite|Unnerve|RockSlide,DualWingbeat,Tailwind,IceFang|Jolly||F|||50|]Farigiraf||SitrusBerry|ArmorTail|Psychic,Thunderbolt,TrickRoom,Roar|Bold||M|||50|]Garchomp||LifeOrb|RoughSkin|Earthquake,StompingTantrum,DragonClaw,Protect|Jolly||F|||50|]Sylveon||FairyFeather|Pixilate|HyperVoice,HyperBeam,QuickAttack,Detect|Modest||M|||50|
|inactive|Battle timer is ON: inactive players will automatically lose when time's up. (requested by janbenet)
|
|t:|1783530744
|teamsize|p1|4
|teamsize|p2|4
|start
|switch|p1a: Sylveon|Sylveon, L50, M|100/100
|switch|p1b: Tyranitar|Tyranitar, L50, M|100/100
|switch|p2a: Sylveon|Sylveon, L50, M|100/100
|switch|p2b: Garchomp|Garchomp, L50, F|100/100
|-weather|Sandstorm|[from] ability: Sand Stream|[of] p1b: Tyranitar
|turn|1
|
|t:|1783530758
|move|p2b: Garchomp|Protect|p2b: Garchomp
|-singleturn|p2b: Garchomp|Protect
|move|p1b: Tyranitar|Protect|p1b: Tyranitar
|-singleturn|p1b: Tyranitar|Protect
|move|p1a: Sylveon|Hyper Voice|p2b: Garchomp|[spread] p2a
|-activate|p2b: Garchomp|move: Protect
|-damage|p2a: Sylveon|60/100
|-damage|p1a: Sylveon|90/100|[from] item: Life Orb
|move|p2a: Sylveon|Hyper Voice|p1b: Tyranitar|[spread] p1a
|-activate|p1b: Tyranitar|move: Protect
|-damage|p1a: Sylveon|51/100
|
|-weather|Sandstorm|[upkeep]
|-damage|p1a: Sylveon|44/100|[from] Sandstorm
|-damage|p2a: Sylveon|54/100|[from] Sandstorm
|upkeep
|turn|2
|
|t:|1783530775
|switch|p1b: Rotom|Rotom-Wash, L50|100/100
|move|p2a: Sylveon|Detect|p2a: Sylveon
|-singleturn|p2a: Sylveon|Protect
|move|p2b: Garchomp|Earthquake|p1b: Rotom|[spread] p1a
|-activate|p2a: Sylveon|move: Protect
|-immune|p1b: Rotom|[from] ability: Levitate
|-damage|p1a: Sylveon|0 fnt
|faint|p1a: Sylveon
|-damage|p2b: Garchomp|90/100|[from] item: Life Orb
|
|-weather|Sandstorm|[upkeep]
|-damage|p1b: Rotom|94/100|[from] Sandstorm
|-damage|p2a: Sylveon|48/100|[from] Sandstorm
|upkeep
|
|t:|1783530782
|switch|p1a: Excadrill|Excadrill, L50, F|100/100
|turn|3
|
|t:|1783530791
|move|p1a: Excadrill|Protect|p1a: Excadrill
|-singleturn|p1a: Excadrill|Protect
|move|p2a: Sylveon|Quick Attack|p1a: Excadrill
|-activate|p1a: Excadrill|move: Protect
|move|p2b: Garchomp|Stomping Tantrum|p1a: Excadrill
|-activate|p1a: Excadrill|move: Protect
|move|p1b: Rotom|Will-O-Wisp|p2b: Garchomp
|-status|p2b: Garchomp|brn
|
|-weather|Sandstorm|[upkeep]
|-damage|p1b: Rotom|88/100|[from] Sandstorm
|-damage|p2a: Sylveon|41/100|[from] Sandstorm
|-damage|p2b: Garchomp|84/100 brn|[from] brn
|upkeep
|turn|4
|
|t:|1783530805
|move|p2a: Sylveon|Quick Attack|p1a: Excadrill
|-resisted|p1a: Excadrill|1
|-damage|p1a: Excadrill|91/100
|move|p1a: Excadrill|Earthquake|p2a: Sylveon|[spread] p2a,p2b
|-immune|p1b: Rotom|[from] ability: Levitate
|-damage|p2a: Sylveon|0 fnt
|-damage|p2b: Garchomp|40/100 brn
|faint|p2a: Sylveon
|move|p2b: Garchomp|Stomping Tantrum|p1a: Excadrill
|-supereffective|p1a: Excadrill|1
|-damage|p1a: Excadrill|21/100
|-damage|p2b: Garchomp|30/100 brn|[from] item: Life Orb
|move|p1b: Rotom|Hydro Pump|p2b: Garchomp
|-damage|p2b: Garchomp|0 fnt
|faint|p2b: Garchomp
|
|-weather|Sandstorm|[upkeep]
|-damage|p1b: Rotom|82/100|[from] Sandstorm
|upkeep
|
|t:|1783530817
|switch|p2b: Charizard|Charizard, L50, M|100/100
|switch|p2a: Farigiraf|Farigiraf, L50, M|100/100
|turn|5
|inactive|janbenet has 30 seconds left.
|inactive|janbenet has 20 seconds left.
|
|t:|1783530855
|detailschange|p2b: Charizard|Charizard-Mega-Y, L50, M
|-mega|p2b: Charizard|Charizard|Charizardite Y
|-weather|SunnyDay|[from] ability: Drought|[of] p2b: Charizard
|move|p1a: Excadrill|Protect|p1a: Excadrill
|-singleturn|p1a: Excadrill|Protect
|move|p1b: Rotom|Protect|p1b: Rotom
|-singleturn|p1b: Rotom|Protect
|move|p2b: Charizard|Heat Wave|p1b: Rotom|[spread] 
|-activate|p1a: Excadrill|move: Protect
|-activate|p1b: Rotom|move: Protect
|move|p2a: Farigiraf|Roar|p1b: Rotom
|drag|p1b: Tyranitar|Tyranitar, L50, M|100/100
|-weather|Sandstorm|[from] ability: Sand Stream|[of] p1b: Tyranitar
|
|-weather|Sandstorm|[upkeep]
|-damage|p2b: Charizard|94/100|[from] Sandstorm
|-damage|p2a: Farigiraf|94/100|[from] Sandstorm
|upkeep
|turn|6
|-message|janbenet forfeited.
|
|win|HikariRock
||janbenet is ready for game 2.
||HikariRock is ready for game 2.
|uhtml|next|Next: Game 2 of 3
