|j|☆sig.kire
|j|☆starpekka121
|html|sig.kirestarpekka121    
|uhtml|bestof|Game 3 of a best-of-3
|t:|1782640895
|gametype|doubles
|player|p1|sig.kire|ghetsis-gen5bw|1227
|player|p2|starpekka121|2|1000
|gen|9
|tier|[Gen 9 Champions] VGC 2026 Reg M-B (Bo3)
|rated|
|rule|Species Clause: Limit one of each Pokémon
|rule|Item Clause: Limit 1 of each item
|clearpoke
|poke|p1|Ceruledge, L50, M|
|poke|p1|Floette-Eternal, L50, F|
|poke|p1|Sinistcha-Masterpiece, L50|
|poke|p1|Milotic, L50, F|
|poke|p1|Scrafty, L50, F|
|poke|p1|Raichu, L50, F|
|poke|p2|Venusaur, L50, F|
|poke|p2|Dragonite, L50, F|
|poke|p2|Metagross, L50, shiny|
|poke|p2|Scrafty, L50, M|
|poke|p2|Garchomp, L50, M|
|poke|p2|Primarina, L50, M|
|teampreview|4
|showteam|p1|Ceruledge||ColburBerry|FlashFire|BitterBlade,ShadowSneak,BulkUp,Protect|Adamant||M|||50|]Floette-Eternal||Floettite|FlowerVeil|DazzlingGleam,DrainingKiss,CalmMind,Protect|Modest||F|||50|]Sinistcha-Masterpiece||SitrusBerry|Hospitality|Protect,MatchaGotcha,RagePowder,LifeDew|Relaxed|||||50|]Milotic||Leftovers|Competitive|Coil,MuddyWater,Hypnosis,Protect|Calm||F|||50|]Scrafty||Scraftinite|Intimidate|CloseCombat,KnockOff,FakeOut,Protect|Adamant||F|||50|]Raichu||FocusSash|LightningRod|FakeOut,GrassKnot,Nuzzle,VoltSwitch|Timid||F|||50|
|showteam|p2|Venusaur||Venusaurite|Chlorophyll|EarthPower,GigaDrain,SleepPowder,Protect|Quiet||F|||50|]Dragonite||DragonFang|InnerFocus|ExtremeSpeed,Tailwind,DragonClaw,Protect|Jolly||F|||50|]Metagross||Metagrossite|ClearBody|IcePunch,PsychicFangs,IronHead,Protect|Jolly|||||50|]Scrafty||RoseliBerry|Intimidate|FakeOut,FoulPlay,SuperFang,Protect|Calm||M|||50|]Garchomp||LifeOrb|RoughSkin|StompingTantrum,RockSlide,DragonClaw,Protect|Jolly||M|||50|]Primarina||FairyFeather|LiquidVoice|DrainingKiss,HyperVoice,Protect,CalmMind|Serious||M|||50|
|
|t:|1782640916
|teamsize|p1|4
|teamsize|p2|4
|start
|switch|p1a: Floette|Floette-Eternal, L50, F|100/100
|switch|p1b: Raichu|Raichu, L50, F|100/100
|switch|p2a: Garchomp|Garchomp, L50, M|100/100
|switch|p2b: Metagross|Metagross, L50, shiny|100/100
|turn|1
|
|t:|1782640931
|detailschange|p2b: Metagross|Metagross-Mega, L50, shiny
|-mega|p2b: Metagross|Metagross|Metagrossite
|detailschange|p1a: Floette|Floette-Mega, L50, F
|-mega|p1a: Floette|Floette|Floettite
|-ability|p1a: Floette|Fairy Aura
|move|p1b: Raichu|Fake Out|p2b: Metagross
|-resisted|p2b: Metagross|1
|-damage|p2b: Metagross|97/100
|cant|p2b: Metagross|flinch
|move|p2a: Garchomp|Stomping Tantrum|p1b: Raichu
|-supereffective|p1b: Raichu|1
|-enditem|p1b: Raichu|Focus Sash
|-damage|p1b: Raichu|1/100
|-damage|p2a: Garchomp|90/100|[from] item: Life Orb
|move|p1a: Floette|Calm Mind|p1a: Floette
|-boost|p1a: Floette|spa|1
|-boost|p1a: Floette|spd|1
|
|upkeep
|turn|2
|
|t:|1782640954
|switch|p1b: Scrafty|Scrafty, L50, F|100/100
|-ability|p1b: Scrafty|Intimidate|boost
|-unboost|p2a: Garchomp|atk|1
|-unboost|p2b: Metagross|atk|1
|move|p2a: Garchomp|Protect|p2a: Garchomp
|-singleturn|p2a: Garchomp|Protect
|move|p2b: Metagross|Iron Head|p1a: Floette
|-supereffective|p1a: Floette|1
|-damage|p1a: Floette|27/100
|move|p1a: Floette|Dazzling Gleam|p2b: Metagross|[spread] p2b
|-activate|p2a: Garchomp|move: Protect
|-resisted|p2b: Metagross|1
|-damage|p2b: Metagross|62/100
|
|upkeep
|turn|3
|
|t:|1782640977
|switch|p2a: Primarina|Primarina, L50, M|100/100
|switch|p1b: Sinistcha|Sinistcha-Masterpiece, L50|100/100
|-heal|p1a: Floette|51/100|[from] ability: Hospitality|[of] p1b: Sinistcha
|move|p2b: Metagross|Protect|p2b: Metagross
|-singleturn|p2b: Metagross|Protect
|move|p1a: Floette|Protect||[still]
|-fail|p1a: Floette
|
|upkeep
|turn|4
|
|t:|1782641002
|move|p1b: Sinistcha|Rage Powder|p1b: Sinistcha
|-singleturn|p1b: Sinistcha|move: Rage Powder
|move|p2b: Metagross|Iron Head|p1b: Sinistcha
|-damage|p1b: Sinistcha|67/100
|move|p1a: Floette|Draining Kiss|p2a: Primarina
|-damage|p2a: Primarina|42/100
|-heal|p1a: Floette|92/100|[from] drain|[of] p2a: Primarina
|move|p2a: Primarina|Calm Mind|p2a: Primarina
|-boost|p2a: Primarina|spa|1
|-boost|p2a: Primarina|spd|1
|
|upkeep
|turn|5
|
|t:|1782641019
|move|p1b: Sinistcha|Rage Powder|p1b: Sinistcha
|-singleturn|p1b: Sinistcha|move: Rage Powder
|move|p2b: Metagross|Ice Punch|p1b: Sinistcha
|-supereffective|p1b: Sinistcha|1
|-damage|p1b: Sinistcha|30/100
|-enditem|p1b: Sinistcha|Sitrus Berry|[eat]
|-heal|p1b: Sinistcha|55/100|[from] item: Sitrus Berry
|move|p1a: Floette|Dazzling Gleam|p2a: Primarina|[spread] p2a,p2b
|-resisted|p2b: Metagross|1
|-damage|p2a: Primarina|1/100
|-damage|p2b: Metagross|30/100
|move|p2a: Primarina|Draining Kiss|p1b: Sinistcha
|-damage|p1b: Sinistcha|0 fnt
|-heal|p2a: Primarina|45/100|[from] drain|[of] p1b: Sinistcha
|faint|p1b: Sinistcha
|
|upkeep
|
|t:|1782641021
|switch|p1b: Raichu|Raichu, L50, F|1/100
|turn|6
|
|t:|1782641039
|move|p2a: Primarina|Protect|p2a: Primarina
|-singleturn|p2a: Primarina|Protect
|move|p1b: Raichu|Fake Out|p2a: Primarina
|-activate|p2a: Primarina|move: Protect
|move|p2b: Metagross|Iron Head|p1a: Floette
|-supereffective|p1a: Floette|1
|-crit|p1a: Floette
|-damage|p1a: Floette|0 fnt
|faint|p1a: Floette
|
|upkeep
|
|t:|1782641043
|switch|p1a: Scrafty|Scrafty, L50, F|100/100
|-ability|p1a: Scrafty|Intimidate|boost
|-unboost|p2a: Primarina|atk|1
|-unboost|p2b: Metagross|atk|1
|turn|7
|
|t:|1782641060
|switch|p2b: Scrafty|Scrafty, L50, M|100/100
|-ability|p2b: Scrafty|Intimidate|boost
|-unboost|p1a: Scrafty|atk|1
|-unboost|p1b: Raichu|atk|1
|switch|p2a: Garchomp|Garchomp, L50, M|90/100
|move|p1a: Scrafty|Fake Out|p2a: Garchomp
|-damage|p2a: Garchomp|81/100
|-damage|p1a: Scrafty|87/100|[from] ability: Rough Skin|[of] p2a: Garchomp
|move|p1b: Raichu|Volt Switch|p2b: Scrafty
|-damage|p2b: Scrafty|80/100
|
|upkeep
|turn|8
|-message|sig.kire forfeited.
|
|win|starpekka121
|raw|sig.kire's rating: 1227 → 1188(-39 for losing)
|raw|starpekka121's rating: 1000 → 1063(+63 for winning)
|l|☆sig.kire
|player|p1|
