|badge|p1|bronze|gen9ou|100-6
|uhtml|medal-msg|Curious what those medals under the avatar are? PS now has Ladder Seasons! For more information, check out the thread on Smogon.
|j|☆JackRG1
|j|☆Squ1dge_
|html|JackRG1Squ1dge_    
|uhtml|bestof|Game 2 of a best-of-3
|t:|1757639347
|gametype|doubles
|player|p1|JackRG1|dawn-gen4pt|1293
|player|p2|Squ1dge_|1|1439
|gen|9
|tier|[Gen 9] VGC 2025 Reg H (Bo3)
|rated|
|rule|Species Clause: Limit one of each Pokémon
|rule|Item Clause: Limit 1 of each item
|clearpoke
|poke|p1|Tyranitar, L50, F|
|poke|p1|Excadrill, L50, M|
|poke|p1|Milotic, L50, F|
|poke|p1|Reuniclus, L50, F|
|poke|p1|Indeedee-F, L50, F|
|poke|p1|Volcarona, L50, M|
|poke|p2|Gholdengo, L50|
|poke|p2|Sneasler, L50, M|
|poke|p2|Rillaboom, L50, M|
|poke|p2|Dragonite, L50, M|
|poke|p2|Ninetales-Alola, L50, F|
|poke|p2|Arcanine-Hisui, L50, F|
|teampreview|4
|showteam|p1|Tyranitar||AssaultVest|SandStream|RockSlide,KnockOff,LowKick,TeraBlast|||F|||50|,,,,,Flying]Excadrill||FocusSash|SandRush|Earthquake,HighHorsepower,IronHead,Protect|||M|||50|,,,,,Stellar]Milotic||CovertCloak|Competitive|Scald,IcyWind,Haze,Protect|||F|||50|,,,,,Grass]Reuniclus||LifeOrb|MagicGuard|ExpandingForce,TrickRoom,Protect,TeraBlast|||F|||50|,,,,,Fighting]Indeedee-F||SafetyGoggles|PsychicSurge|TrickRoom,Protect,Psychic,FollowMe|||F|||50|,,,,,Fairy]Volcarona||Leftovers|FlameBody|Protect,HeatWave,QuiverDance,GigaDrain|||M|||50|,,,,,Grass
|showteam|p2|Gholdengo||GrassySeed|GoodasGold|NastyPlot,MakeItRain,ShadowBall,Protect||||||50|,,,,,Water]Sneasler||WhiteHerb|Unburden|CloseCombat,DireClaw,Coaching,Protect|||M|||50|,,,,,Ghost]Rillaboom||AssaultVest|GrassySurge|FakeOut,GrassyGlide,DrumBeating,HighHorsepower|||M|||50|,,,,,Fire]Dragonite||LoadedDice|Multiscale|ScaleShot,StompingTantrum,Tailwind,Protect|||M|||50|,,,,,Ground]Ninetales-Alola||FocusSash|SnowWarning|Blizzard,IcyWind,Encore,AuroraVeil|||F|||50|,,,,,Ghost]Arcanine-Hisui||ClearAmulet|Intimidate|RockSlide,FlareBlitz,ExtremeSpeed,Protect|||F|||50|,,,,,Water
|inactive|Battle timer is ON: inactive players will automatically lose when time's up. (requested by JackRG1)
|
|t:|1757639360
|teamsize|p1|4
|teamsize|p2|4
|start
|switch|p1a: Milotic|Milotic, L50, F|100/100
|switch|p1b: Reuniclus|Reuniclus, L50, F|100/100
|switch|p2a: Gholdengo|Gholdengo, L50|100/100
|switch|p2b: Rillaboom|Rillaboom, L50, M|100/100
|-fieldstart|move: Grassy Terrain|[from] ability: Grassy Surge|[of] p2b: Rillaboom
|-enditem|p2a: Gholdengo|Grassy Seed
|-boost|p2a: Gholdengo|def|1|[from] item: Grassy Seed
|turn|1
|inactive|Squ1dge_ has 30 seconds left.
|
|t:|1757639387
|switch|p2b: Ninetales|Ninetales-Alola, L50, F|100/100
|-weather|Snowscape|[from] ability: Snow Warning|[of] p2b: Ninetales
|switch|p1a: Indeedee|Indeedee-F, L50, F|100/100
|-fieldstart|move: Psychic Terrain|[from] ability: Psychic Surge|[of] p1a: Indeedee
|move|p2a: Gholdengo|Shadow Ball|p1b: Reuniclus
|-supereffective|p1b: Reuniclus
|-damage|p1b: Reuniclus|37/100
|move|p1b: Reuniclus|Trick Room|p1b: Reuniclus
|-fieldstart|move: Trick Room|[of] p1b: Reuniclus
|
|-weather|Snowscape|[upkeep]
|upkeep
|turn|2
|
|t:|1757639405
|switch|p1a: Tyranitar|Tyranitar, L50, F|100/100
|-weather|Sandstorm|[from] ability: Sand Stream|[of] p1a: Tyranitar
|switch|p2b: Rillaboom|Rillaboom, L50, M|100/100
|-fieldstart|move: Grassy Terrain|[from] ability: Grassy Surge|[of] p2b: Rillaboom
|move|p1b: Reuniclus|Protect|p1b: Reuniclus
|-singleturn|p1b: Reuniclus|Protect
|move|p2a: Gholdengo|Nasty Plot|p2a: Gholdengo
|-boost|p2a: Gholdengo|spa|2
|
|-weather|Sandstorm|[upkeep]
|-damage|p2b: Rillaboom|95/100|[from] Sandstorm
|-heal|p1b: Reuniclus|43/100|[from] Grassy Terrain
|-heal|p2b: Rillaboom|100/100|[from] Grassy Terrain
|upkeep
|turn|3
|inactive|Squ1dge_ has 30 seconds left.
|
|t:|1757639432
|switch|p1a: Indeedee|Indeedee-F, L50, F|100/100
|-fieldstart|move: Psychic Terrain|[from] ability: Psychic Surge|[of] p1a: Indeedee
|-terastallize|p2a: Gholdengo|Water
|move|p1b: Reuniclus|Expanding Force|p2a: Gholdengo|[spread] p2a,p2b
|-damage|p2a: Gholdengo|25/100
|-damage|p2b: Rillaboom|32/100
|move|p2a: Gholdengo|Make It Rain|p1b: Reuniclus|[spread] p1a,p1b
|-damage|p1a: Indeedee|17/100
|-damage|p1b: Reuniclus|0 fnt
|-unboost|p2a: Gholdengo|spa|1
|faint|p1b: Reuniclus
|move|p2b: Rillaboom|Drum Beating|p1a: Indeedee
|-damage|p1a: Indeedee|0 fnt
|faint|p1a: Indeedee
|
|-weather|Sandstorm|[upkeep]
|-damage|p2a: Gholdengo|19/100|[from] Sandstorm
|-damage|p2b: Rillaboom|26/100|[from] Sandstorm
|upkeep
|
|t:|1757639442
|switch|p1b: Milotic|Milotic, L50, F|100/100
|switch|p1a: Tyranitar|Tyranitar, L50, F|100/100
|turn|4
|
|t:|1757639448
|switch|p2b: Ninetales|Ninetales-Alola, L50, F|100/100
|-weather|Snowscape|[from] ability: Snow Warning|[of] p2b: Ninetales
|-terastallize|p1a: Tyranitar|Flying
|move|p1b: Milotic|Protect|p1b: Milotic
|-singleturn|p1b: Milotic|Protect
|move|p2a: Gholdengo|Protect|p2a: Gholdengo
|-singleturn|p2a: Gholdengo|Protect
|move|p1a: Tyranitar|Rock Slide|p2b: Ninetales|[spread] p2b
|-activate|p2a: Gholdengo|move: Protect
|-supereffective|p2b: Ninetales
|-damage|p2b: Ninetales|32/100
|
|-weather|Snowscape|[upkeep]
|upkeep
|turn|5
|inactive|Squ1dge_ has 30 seconds left.
|inactive|Squ1dge_ has 20 seconds left.
|
|t:|1757639484
|move|p1a: Tyranitar|Rock Slide|p2a: Gholdengo|[spread] p2a,p2b
|-supereffective|p2b: Ninetales
|-damage|p2a: Gholdengo|0 fnt
|-damage|p2b: Ninetales|0 fnt
|faint|p2a: Gholdengo
|faint|p2b: Ninetales
|move|p1b: Milotic|Scald|p2: Gholdengo|[notarget]
|-fail|p1b: Milotic
|
|-weather|Snowscape|[upkeep]
|-fieldend|move: Trick Room
|upkeep
|
|t:|1757639486
|switch|p2b: Rillaboom|Rillaboom, L50, M|26/100
|switch|p2a: Arcanine|Arcanine-Hisui, L50, F|100/100
|-ability|p2a: Arcanine|Intimidate|boost
|-unboost|p1a: Tyranitar|atk|1
|-unboost|p1b: Milotic|atk|1
|-ability|p1b: Milotic|Competitive|boost
|-boost|p1b: Milotic|spa|2
|-fieldstart|move: Grassy Terrain|[from] ability: Grassy Surge|[of] p2b: Rillaboom
|turn|6
|
|t:|1757639505
|move|p2a: Arcanine|Rock Slide|p1a: Tyranitar|[spread] p1b
|-miss|p2a: Arcanine|p1a: Tyranitar
|-damage|p1b: Milotic|78/100
|move|p2b: Rillaboom|Drum Beating|p1b: Milotic
|-supereffective|p1b: Milotic
|-damage|p1b: Milotic|0 fnt
|faint|p1b: Milotic
|move|p1a: Tyranitar|Rock Slide|p2b: Rillaboom|[spread] p2b
|-miss|p1a: Tyranitar|p2a: Arcanine
|-damage|p2b: Rillaboom|6/100
|
|-weather|Snowscape|[upkeep]
|-heal|p2b: Rillaboom|12/100|[from] Grassy Terrain
|upkeep
|turn|7
|
|t:|1757639518
|move|p2a: Arcanine|Rock Slide|p1a: Tyranitar|[miss]
|-miss|p2a: Arcanine|p1a: Tyranitar
|move|p2b: Rillaboom|Drum Beating|p1a: Tyranitar
|-resisted|p1a: Tyranitar
|-damage|p1a: Tyranitar|83/100
|-unboost|p1a: Tyranitar|spe|1
|move|p1a: Tyranitar|Rock Slide|p2b: Rillaboom|[spread] p2a,p2b
|-supereffective|p2a: Arcanine
|-damage|p2a: Arcanine|48/100
|-damage|p2b: Rillaboom|0 fnt
|faint|p2b: Rillaboom
|
|-weather|Snowscape|[upkeep]
|-heal|p2a: Arcanine|54/100|[from] Grassy Terrain
|upkeep
|turn|8
|
|t:|1757639526
|move|p2a: Arcanine|Rock Slide|p1a: Tyranitar
|-supereffective|p1a: Tyranitar
|-damage|p1a: Tyranitar|24/100
|cant|p1a: Tyranitar|flinch
|
|-weather|none
|-heal|p2a: Arcanine|60/100|[from] Grassy Terrain
|upkeep
|turn|9
|
|t:|1757639530
|move|p2a: Arcanine|Rock Slide|p1a: Tyranitar
|-supereffective|p1a: Tyranitar
|-damage|p1a: Tyranitar|0 fnt
|faint|p1a: Tyranitar
|
|win|Squ1dge_
|l|☆JackRG1
|player|p1|
||JackRG1 is ready for game 3.
||Squ1dge_ is ready for game 3.
|uhtml|next|Next: Game 3 of 3
