|j|☆habeebomarali123
|j|☆BackpackerRaden
|html|habeebomarali123BackpackerRaden    
|uhtml|bestof|Game 1 of a best-of-3
|t:|1757905131
|gametype|doubles
|player|p1|habeebomarali123|giovanni|1232
|player|p2|BackpackerRaden|backpacker|1257
|gen|9
|tier|[Gen 9] VGC 2025 Reg H (Bo3)
|rated|
|rule|Species Clause: Limit one of each Pokémon
|rule|Item Clause: Limit 1 of each item
|clearpoke
|poke|p1|Rillaboom, L50, M|
|poke|p1|Volcarona, L50, M|
|poke|p1|Dragonite, L50, M|
|poke|p1|Gastrodon, L50, M|
|poke|p1|Sneasler, L50, M|
|poke|p1|Incineroar, L50, M|
|poke|p2|Amoonguss, L50, M|
|poke|p2|Tyranitar, L50, M|
|poke|p2|Volcarona, L50, M|
|poke|p2|Corviknight, L50, F|
|poke|p2|Pawmot, L50, M|
|teampreview|4
|showteam|p1|Rillaboom||AssaultVest|GrassySurge|FakeOut,GrassyGlide,HighHorsepower,WoodHammer|||M|||50|,,,,,Fire]Volcarona||GrassySeed|FlameBody|Protect,QuiverDance,TeraBlast,HeatWave|||M|||50|,,,,,Fairy]Dragonite||LoadedDice|Multiscale|Tailwind,Protect,Haze,ScaleShot|||M|||50|,,,,,Fairy]Gastrodon||Leftovers|StormDrain|Recover,Yawn,IceBeam,EarthPower|||M|||50|,,,,,Grass]Sneasler||FocusSash|Unburden|Protect,DireClaw,CloseCombat,ThroatChop|||M|||50|,,,,,Ghost]Incineroar||SafetyGoggles|Intimidate|KnockOff,FlareBlitz,PartingShot,FakeOut|||M|||50|,,,,,Ghost
|showteam|p2|Amoonguss||RockyHelmet|Regenerator|Spore,RagePowder,Protect,SludgeBomb|||M|||50|,,,,,Fairy]Tyranitar||AssaultVest|SandStream|RockSlide,KnockOff,LowKick,TeraBlast|||M|||50|,,,,,Fairy]Volcarona||CovertCloak|FlameBody|HeatWave,QuiverDance,Protect,GigaDrain|||M|||50|,,,,,Grass]Corviknight||Leftovers|MirrorArmor|BraveBird,Tailwind,IronHead,Roost|||F|||50|,,,,,Dragon]Pawmot||SafetyGoggles|VoltAbsorb|FakeOut,DoubleShock,CloseCombat,Protect|||M|||50|,,,,,Electric
|
|t:|1757905184
|teamsize|p1|4
|teamsize|p2|4
|start
|switch|p1a: Volcarona|Volcarona, L50, M|100/100
|switch|p1b: Dragonite|Dragonite, L50, M|100/100
|switch|p2a: Volcarona|Volcarona, L50, M, shiny|100/100
|switch|p2b: Amoonguss|Amoonguss, L50, M|100/100
|turn|1
|inactive|Battle timer is ON: inactive players will automatically lose when time's up. (requested by habeebomarali123)
|
|t:|1757905196
|move|p2a: Volcarona|Quiver Dance|p2a: Volcarona
|-boost|p2a: Volcarona|spa|1
|-boost|p2a: Volcarona|spd|1
|-boost|p2a: Volcarona|spe|1
|move|p1b: Dragonite|Scale Shot|p2b: Amoonguss
|-damage|p2b: Amoonguss|90/100
|-damage|p2b: Amoonguss|79/100
|-damage|p2b: Amoonguss|66/100
|-damage|p2b: Amoonguss|54/100
|-damage|p2b: Amoonguss|42/100
|-hitcount|p2b: Amoonguss|5
|-unboost|p1b: Dragonite|def|1
|-boost|p1b: Dragonite|spe|1
|move|p1a: Volcarona|Heat Wave|p2b: Amoonguss|[spread] p2a
|-miss|p1a: Volcarona|p2b: Amoonguss
|-damage|p2a: Volcarona|72/100
|move|p2b: Amoonguss|Spore|p1b: Dragonite
|-status|p1b: Dragonite|slp|[from] move: Spore
|
|upkeep
|turn|2
|
|t:|1757905215
|switch|p2b: Tyranitar|Tyranitar, L50, M|100/100
|-weather|Sandstorm|[from] ability: Sand Stream|[of] p2b: Tyranitar
|cant|p1b: Dragonite|slp
|move|p2a: Volcarona|Heat Wave|p1b: Dragonite|[spread] p1a,p1b
|-resisted|p1b: Dragonite
|-damage|p1a: Volcarona|44/100
|-damage|p1b: Dragonite|83/100 slp
|move|p1a: Volcarona|Heat Wave|p2a: Volcarona|[spread] p2a,p2b
|-resisted|p2b: Tyranitar
|-damage|p2a: Volcarona|41/100
|-damage|p2b: Tyranitar|92/100
|-status|p2b: Tyranitar|brn
|
|-weather|Sandstorm|[upkeep]
|-damage|p2a: Volcarona|35/100|[from] Sandstorm
|-damage|p1b: Dragonite|77/100 slp|[from] Sandstorm
|-damage|p1a: Volcarona|38/100|[from] Sandstorm
|-damage|p2b: Tyranitar|86/100 brn|[from] brn
|upkeep
|turn|3
|
|t:|1757905229
|switch|p1a: Incineroar|Incineroar, L50, M, shiny|100/100
|-ability|p1a: Incineroar|Intimidate|boost
|-unboost|p2a: Volcarona|atk|1
|-unboost|p2b: Tyranitar|atk|1
|move|p2a: Volcarona|Heat Wave|p1a: Incineroar|[spread] 
|-miss|p2a: Volcarona|p1a: Incineroar
|-miss|p2a: Volcarona|p1b: Dragonite
|-curestatus|p1b: Dragonite|slp|[msg]
|move|p1b: Dragonite|Scale Shot|p2a: Volcarona
|-damage|p2a: Volcarona|12/100
|-damage|p2a: Volcarona|0 fnt
|faint|p2a: Volcarona
|-hitcount|p2: Volcarona|2
|-unboost|p1b: Dragonite|def|1
|-boost|p1b: Dragonite|spe|1
|move|p2b: Tyranitar|Rock Slide|p1b: Dragonite|[spread] p1a,p1b
|-supereffective|p1a: Incineroar
|-supereffective|p1b: Dragonite
|-damage|p1a: Incineroar|81/100
|-damage|p1b: Dragonite|34/100
|
|-weather|Sandstorm|[upkeep]
|-damage|p1b: Dragonite|28/100|[from] Sandstorm
|-damage|p2b: Tyranitar|80/100 brn|[from] brn
|upkeep
|
|t:|1757905235
|switch|p2a: Corviknight|Corviknight, L50, F|100/100
|turn|4
|
|t:|1757905251
|move|p1b: Dragonite|Tailwind|p1b: Dragonite
|-sidestart|p1: habeebomarali123|move: Tailwind
|move|p1a: Incineroar|Flare Blitz|p2a: Corviknight
|-supereffective|p2a: Corviknight
|-damage|p2a: Corviknight|16/100
|-damage|p1a: Incineroar|53/100|[from] Recoil
|move|p2a: Corviknight|Tailwind|p2a: Corviknight
|-sidestart|p2: BackpackerRaden|move: Tailwind
|move|p2b: Tyranitar|Rock Slide|p1a: Incineroar|[spread] p1a
|-miss|p2b: Tyranitar|p1b: Dragonite
|-supereffective|p1a: Incineroar
|-damage|p1a: Incineroar|35/100
|
|-weather|Sandstorm|[upkeep]
|-damage|p1b: Dragonite|22/100|[from] Sandstorm
|-heal|p2a: Corviknight|21/100|[from] item: Leftovers
|-damage|p2b: Tyranitar|75/100 brn|[from] brn
|upkeep
|turn|5
|
|t:|1757905268
|move|p1b: Dragonite|Scale Shot|p2b: Tyranitar
|-damage|p2b: Tyranitar|63/100 brn
|-damage|p2b: Tyranitar|52/100 brn
|-damage|p2b: Tyranitar|42/100 brn
|-damage|p2b: Tyranitar|31/100 brn
|-hitcount|p2b: Tyranitar|4
|-unboost|p1b: Dragonite|def|1
|-boost|p1b: Dragonite|spe|1
|move|p2a: Corviknight|Roost|p2a: Corviknight
|-heal|p2a: Corviknight|72/100
|-singleturn|p2a: Corviknight|move: Roost
|move|p2b: Tyranitar|Rock Slide|p1b: Dragonite|[spread] p1a
|-miss|p2b: Tyranitar|p1b: Dragonite
|-supereffective|p1a: Incineroar
|-crit|p1a: Incineroar
|-damage|p1a: Incineroar|0 fnt
|faint|p1a: Incineroar
|
|-weather|Sandstorm|[upkeep]
|-damage|p1b: Dragonite|16/100|[from] Sandstorm
|-heal|p2a: Corviknight|78/100|[from] item: Leftovers
|-damage|p2b: Tyranitar|25/100 brn|[from] brn
|upkeep
|
|t:|1757905287
|switch|p1a: Rillaboom|Rillaboom, L50, M|100/100
|-fieldstart|move: Grassy Terrain|[from] ability: Grassy Surge|[of] p1a: Rillaboom
|turn|6
|
|t:|1757905293
|switch|p2b: Amoonguss|Amoonguss, L50, M|75/100
|move|p1a: Rillaboom|Fake Out|p2a: Corviknight
|-resisted|p2a: Corviknight
|-damage|p2a: Corviknight|72/100
|move|p1b: Dragonite|Scale Shot|p2b: Amoonguss
|-crit|p2b: Amoonguss
|-damage|p2b: Amoonguss|58/100
|-damage|p2b: Amoonguss|46/100
|-damage|p2b: Amoonguss|35/100
|-damage|p2b: Amoonguss|24/100
|-hitcount|p2b: Amoonguss|4
|-unboost|p1b: Dragonite|def|1
|-boost|p1b: Dragonite|spe|1
|cant|p2a: Corviknight|flinch
|
|-weather|none
|-heal|p2a: Corviknight|78/100|[from] item: Leftovers
|-heal|p2b: Amoonguss|30/100|[from] Grassy Terrain
|upkeep
|turn|7
|inactive|habeebomarali123 has 30 seconds left.
|inactive|BackpackerRaden has 30 seconds left.
|
|t:|1757905323
|move|p1b: Dragonite|Protect|p1b: Dragonite
|-singleturn|p1b: Dragonite|Protect
|move|p2b: Amoonguss|Protect|p2b: Amoonguss
|-singleturn|p2b: Amoonguss|Protect
|move|p1a: Rillaboom|Wood Hammer|p2b: Amoonguss
|-activate|p2b: Amoonguss|move: Protect
|move|p2a: Corviknight|Brave Bird|p1b: Dragonite
|-activate|p1b: Dragonite|move: Protect
|
|-heal|p2a: Corviknight|84/100|[from] item: Leftovers
|-heal|p2b: Amoonguss|36/100|[from] Grassy Terrain
|-sideend|p2: BackpackerRaden|move: Tailwind
|-sideend|p1: habeebomarali123|move: Tailwind
|upkeep
|turn|8
|
|t:|1757905336
|switch|p2b: Tyranitar|Tyranitar, L50, M|25/100 brn
|-weather|Sandstorm|[from] ability: Sand Stream|[of] p2b: Tyranitar
|move|p1b: Dragonite|Tailwind|p1b: Dragonite
|-sidestart|p1: habeebomarali123|move: Tailwind
|move|p1a: Rillaboom|Wood Hammer|p2b: Tyranitar
|-supereffective|p2b: Tyranitar
|-damage|p2b: Tyranitar|0 fnt
|faint|p2b: Tyranitar
|-damage|p1a: Rillaboom|92/100|[from] Recoil
|move|p2a: Corviknight|Brave Bird|p1b: Dragonite
|-damage|p1b: Dragonite|0 fnt
|faint|p1b: Dragonite
|-damage|p2a: Corviknight|80/100|[from] Recoil
|
|-weather|Sandstorm|[upkeep]
|-damage|p1a: Rillaboom|86/100|[from] Sandstorm
|-heal|p1a: Rillaboom|92/100|[from] Grassy Terrain
|-heal|p2a: Corviknight|85/100|[from] item: Leftovers
|upkeep
|
|t:|1757905343
|switch|p1b: Volcarona|Volcarona, L50, M|38/100
|switch|p2b: Amoonguss|Amoonguss, L50, M|69/100
|-enditem|p1b: Volcarona|Grassy Seed
|-boost|p1b: Volcarona|def|1|[from] item: Grassy Seed
|turn|9
|
|t:|1757905355
|-terastallize|p1a: Rillaboom|Fire
|-terastallize|p2a: Corviknight|Dragon
|move|p1b: Volcarona|Heat Wave|p2a: Corviknight|[spread] p2a,p2b
|-resisted|p2a: Corviknight
|-supereffective|p2b: Amoonguss
|-damage|p2a: Corviknight|67/100
|-damage|p2b: Amoonguss|0 fnt
|faint|p2b: Amoonguss
|move|p1a: Rillaboom|Wood Hammer|p2a: Corviknight
|-resisted|p2a: Corviknight
|-damage|p2a: Corviknight|33/100
|-damage|p1a: Rillaboom|81/100|[from] Recoil
|move|p2a: Corviknight|Brave Bird|p1b: Volcarona
|-supereffective|p1b: Volcarona
|-damage|p1b: Volcarona|0 fnt
|faint|p1b: Volcarona
|-damage|p2a: Corviknight|22/100|[from] Recoil
|
|-weather|Sandstorm|[upkeep]
|-damage|p1a: Rillaboom|75/100|[from] Sandstorm
|-damage|p2a: Corviknight|17/100|[from] Sandstorm
|-heal|p1a: Rillaboom|81/100|[from] Grassy Terrain
|-heal|p2a: Corviknight|22/100|[from] Grassy Terrain
|-heal|p2a: Corviknight|28/100|[from] item: Leftovers
|upkeep
|turn|10
|
|t:|1757905364
|move|p1a: Rillaboom|High Horsepower|p2a: Corviknight
|-damage|p2a: Corviknight|0 fnt
|faint|p2a: Corviknight
|
|win|habeebomarali123
||BackpackerRaden is ready for game 2.
||habeebomarali123 is ready for game 2.
|uhtml|next|Next: Game 2 of 3
|l|☆BackpackerRaden
|player|p2|
|l|☆habeebomarali123
|player|p1|
