|j|☆Jakobtc
|j|☆LuciusWish123
|html|JakobtcLuciusWish123    
|uhtml|bestof|Game 2 of a best-of-3
|t:|1784524096
|gametype|doubles
|player|p1|Jakobtc|riley|1079
|player|p2|LuciusWish123|tate|1000
|gen|9
|tier|[Gen 9 Champions] VGC 2026 Reg M-B (Bo3)
|rated|
|rule|Species Clause: Limit one of each Pokémon
|rule|Item Clause: Limit 1 of each item
|clearpoke
|poke|p1|Zoroark-Hisui, L50, M|
|poke|p1|Charizard, L50, M|
|poke|p1|Whimsicott, L50, F|
|poke|p1|Gholdengo, L50|
|poke|p1|Incineroar, L50, M|
|poke|p1|Dragonite, L50, M|
|poke|p2|Whimsicott, L50, F|
|poke|p2|Maushold-Four, L50|
|poke|p2|Pelipper, L50, F|
|poke|p2|Archaludon, L50, M|
|poke|p2|Beedrill, L50, M|
|poke|p2|Milotic, L50, F|
|teampreview|4
|showteam|p1|Zoroark-Hisui||FocusSash|Illusion|BitterMalice,IcyWind,Taunt,Protect|Timid||M|||50|]Charizard||CharizarditeY|Blaze|HeatWave,WeatherBall,SolarBeam,Protect|Modest||M|||50|]Whimsicott||MentalHerb|Prankster|Moonblast,Tailwind,FakeTears,Encore|Timid||F|||50|]Gholdengo||MetalCoat|GoodasGold|MakeItRain,ShadowBall,NastyPlot,Protect|Modest|||||50|]Incineroar||SitrusBerry|Intimidate|FakeOut,FlareBlitz,DarkestLariat,PartingShot|Adamant||M|||50|]Dragonite||DragonFang|Multiscale|ScaleShot,ExtremeSpeed,LowKick,Protect|Adamant||M|||50|
|showteam|p2|Whimsicott||FocusSash|Prankster|Moonblast,Encore,Tailwind,EnergyBall|Timid||F|||50|]Maushold-Four||WideLens|Technician|TidyUp,PopulationBomb,BulletSeed,Protect|Jolly|||||50|]Pelipper||DampRock|Drizzle|Hurricane,Uturn,Tailwind,WeatherBall|Bold||F|||50|]Archaludon||Leftovers|Stamina|DragonPulse,ElectroShot,FlashCannon,AuraSphere|Timid||M|||50|]Beedrill||Beedrillite|Sniper|CrossPoison,DrillRun,KnockOff,Uturn|Jolly||M|||50|]Milotic||SitrusBerry|Competitive|Coil,Recover,Hypnosis,MuddyWater|Modest||F|||50|
|inactive|Battle timer is ON: inactive players will automatically lose when time's up. (requested by Jakobtc)
|
|t:|1784524126
|teamsize|p1|4
|teamsize|p2|4
|start
|switch|p1a: Whimsicott|Whimsicott, L50, F|100/100
|switch|p1b: Gholdengo|Gholdengo, L50|100/100
|switch|p2a: Milotic|Milotic, L50, F|100/100
|switch|p2b: Pelipper|Pelipper, L50, F|100/100
|-weather|RainDance|[from] ability: Drizzle|[of] p2b: Pelipper
|turn|1
|
|t:|1784524145
|move|p1a: Whimsicott|Taunt|p2a: Milotic
|-start|p2a: Milotic|move: Taunt
|move|p1b: Gholdengo|Nasty Plot|p1b: Gholdengo
|-boost|p1b: Gholdengo|spa|2
|cant|p2a: Milotic|move: Taunt|Coil
|move|p2b: Pelipper|Hurricane|p1a: Whimsicott
|-damage|p1a: Whimsicott|25/100
|replace|p1a: Zoroark|Zoroark-Hisui, L50, M
|-end|p1a: Zoroark|Illusion
|
|-weather|RainDance|[upkeep]
|upkeep
|turn|2
|inactive|Jakobtc has 30 seconds left.
|
|t:|1784524172
|move|p1a: Zoroark|Bitter Malice|p2b: Pelipper
|-damage|p2b: Pelipper|47/100
|-unboost|p2b: Pelipper|atk|1
|move|p1b: Gholdengo|Shadow Ball|p2b: Pelipper
|-damage|p2b: Pelipper|0 fnt
|faint|p2b: Pelipper
|move|p2a: Milotic|Muddy Water|p1b: Gholdengo|[spread] p1a,p1b
|-damage|p1a: Zoroark|0 fnt
|-damage|p1b: Gholdengo|44/100
|faint|p1a: Zoroark
|
|-weather|RainDance|[upkeep]
|upkeep
|inactive|LuciusWish123 has 30 seconds left.
|
|t:|1784524201
|switch|p1a: Charizard|Charizard, L50, M|100/100
|switch|p2b: Archaludon|Archaludon, L50, M|100/100
|turn|3
|
|t:|1784524216
|detailschange|p1a: Charizard|Charizard-Mega-Y, L50, M
|-mega|p1a: Charizard|Charizard|Charizardite Y
|-weather|SunnyDay|[from] ability: Drought|[of] p1a: Charizard
|move|p1a: Charizard|Solar Beam||[still]
|-prepare|p1a: Charizard|Solar Beam
|-anim|p1a: Charizard|Solar Beam|p2a: Milotic
|-supereffective|p2a: Milotic|1
|-damage|p2a: Milotic|19/100
|-enditem|p2a: Milotic|Sitrus Berry|[eat]
|-heal|p2a: Milotic|44/100|[from] item: Sitrus Berry
|move|p2b: Archaludon|Dragon Pulse|p1b: Gholdengo
|-resisted|p1b: Gholdengo|1
|-damage|p1b: Gholdengo|18/100
|move|p1b: Gholdengo|Shadow Ball|p2a: Milotic
|-damage|p2a: Milotic|0 fnt
|faint|p2a: Milotic
|
|-weather|SunnyDay|[upkeep]
|upkeep
|
|t:|1784524229
|switch|p2a: Beedrill|Beedrill, L50, M|100/100
|turn|4
|
|t:|1784524242
|detailschange|p2a: Beedrill|Beedrill-Mega, L50, M
|-mega|p2a: Beedrill|Beedrill|Beedrillite
|move|p1a: Charizard|Protect|p1a: Charizard
|-singleturn|p1a: Charizard|Protect
|move|p2a: Beedrill|Knock Off|p1b: Gholdengo
|-supereffective|p1b: Gholdengo|1
|-crit|p1b: Gholdengo
|-damage|p1b: Gholdengo|0 fnt
|-enditem|p1b: Gholdengo|Metal Coat|[from] move: Knock Off|[of] p2a: Beedrill
|faint|p1b: Gholdengo
|move|p2b: Archaludon|Electro Shot||[still]
|-prepare|p2b: Archaludon|Electro Shot
|-boost|p2b: Archaludon|spa|1
|
|-weather|SunnyDay|[upkeep]
|upkeep
|
|t:|1784524253
|switch|p1b: Whimsicott|Whimsicott, L50, F|100/100
|turn|5
|
|t:|1784524262
|move|p1b: Whimsicott|Fake Tears|p2b: Archaludon
|-unboost|p2b: Archaludon|spd|2
|move|p2a: Beedrill|Knock Off|p1a: Charizard
|-damage|p1a: Charizard|63/100
|move|p1a: Charizard|Weather Ball|p2b: Archaludon
|-damage|p2b: Archaludon|0 fnt
|faint|p2b: Archaludon
|
|-weather|SunnyDay|[upkeep]
|upkeep
|turn|6
|
|t:|1784524273
|move|p1b: Whimsicott|Tailwind|p1b: Whimsicott
|-sidestart|p1: Jakobtc|move: Tailwind
|move|p1a: Charizard|Weather Ball|p2a: Beedrill
|-supereffective|p2a: Beedrill|1
|-damage|p2a: Beedrill|0 fnt
|faint|p2a: Beedrill
|
|win|Jakobtc
|raw|Jakobtc's rating: 1079 → 1101(+22 for winning)
|raw|LuciusWish123's rating: 1000 → 1000(+0 for losing)
|l|☆LuciusWish123
|player|p2|
