|j|☆washingtongargacha
|j|☆Truevillany123
|html|washingtongargachaTruevillany123    
|uhtml|bestof|Game 2 of a best-of-3
|t:|1757728452
|gametype|doubles
|player|p1|washingtongargacha|101|1168
|player|p2|Truevillany123|266|1101
|gen|9
|tier|[Gen 9] VGC 2025 Reg H (Bo3)
|rated|
|rule|Species Clause: Limit one of each Pokémon
|rule|Item Clause: Limit 1 of each item
|clearpoke
|poke|p1|Ursaluna-Bloodmoon, L50, M|
|poke|p1|Porygon2, L50|
|poke|p1|Amoonguss, L50, M|
|poke|p1|Incineroar, L50, F|
|poke|p1|Dragapult, L50, F|
|poke|p1|Sneasler, L50, F|
|poke|p2|Dragonite, L50, F|
|poke|p2|Ursaluna-Bloodmoon, L50, M|
|poke|p2|Gholdengo, L50|
|poke|p2|Annihilape, L50, M|
|poke|p2|Ninetales-Alola, L50, F|
|poke|p2|Rillaboom, L50, F|
|teampreview|4
|showteam|p1|Ursaluna-Bloodmoon||AssaultVest|MindsEye|BloodMoon,HyperVoice,EarthPower,VacuumWave|||M|||50|,,,,,Normal]Porygon2||Eviolite|Trace|IceBeam,Thunderbolt,Recover,TrickRoom||||||50|,,,,,Ghost]Amoonguss||CovertCloak|Regenerator|Spore,RagePowder,PollenPuff,SludgeBomb|||M|||50|,,,,,Water]Incineroar||SafetyGoggles|Intimidate|KnockOff,FakeOut,PartingShot,FlareBlitz|||F|||50|,,,,,Ghost]Dragapult||ChoiceBand|ClearBody|DragonDarts,Outrage,PhantomForce,Uturn|||F|||50|,,,,,Dragon]Sneasler||FocusSash|PoisonTouch|CloseCombat,DireClaw,ThroatChop,FakeOut|||F|||50|,,,,,Dark
|showteam|p2|Dragonite||LoadedDice|Multiscale|ScaleShot,Protect,Haze,Tailwind|||F|||50|,,,,,Fairy]Ursaluna-Bloodmoon||LifeOrb|MindsEye|BloodMoon,HyperVoice,EarthPower,Protect|||M|||50|,,,,,Normal]Gholdengo||ChoiceSpecs|GoodasGold|MakeItRain,ShadowBall,PowerGem,Trick||||||50|,,,,,Water]Annihilape||SafetyGoggles|Defiant|DrainPunch,RageFist,Protect,BulkUp|||M|||50|,,,,,Fire]Ninetales-Alola||FocusSash|SnowWarning|FreezeDry,AuroraVeil,Encore,IcicleSpear|||F|||50|,,,,,Ghost]Rillaboom||AssaultVest|GrassySurge|FakeOut,WoodHammer,HighHorsepower,Uturn|||F|||50|,,,,,Fire
|
|t:|1757728490
|teamsize|p1|4
|teamsize|p2|4
|start
|switch|p1a: Amoonguss|Amoonguss, L50, M|100/100
|switch|p1b: Dragapult|Dragapult, L50, F|100/100
|switch|p2a: Ninetales|Ninetales-Alola, L50, F|100/100
|switch|p2b: Annihilape|Annihilape, L50, M|100/100
|-weather|Snowscape|[from] ability: Snow Warning|[of] p2a: Ninetales
|turn|1
|
|t:|1757728510
|move|p1b: Dragapult|U-turn|p2a: Ninetales
|-resisted|p2a: Ninetales
|-damage|p2a: Ninetales|80/100
|
|t:|1757728514
|switch|p1b: Sneasler|Sneasler, L50, F|100/100|[from] U-turn
|move|p2a: Ninetales|Aurora Veil|p2a: Ninetales
|-sidestart|p2: Truevillany123|move: Aurora Veil
|move|p2b: Annihilape|Bulk Up|p2b: Annihilape
|-boost|p2b: Annihilape|atk|1
|-boost|p2b: Annihilape|def|1
|move|p1a: Amoonguss|Spore|p2a: Ninetales
|-status|p2a: Ninetales|slp|[from] move: Spore
|
|-weather|Snowscape|[upkeep]
|upkeep
|turn|2
|
|t:|1757728543
|-terastallize|p1b: Sneasler|Dark
|move|p1b: Sneasler|Throat Chop|p2b: Annihilape
|-damage|p2b: Annihilape|82/100
|-start|p2b: Annihilape|Throat Chop|[silent]
|cant|p2a: Ninetales|slp
|move|p2b: Annihilape|Rage Fist|p1b: Sneasler
|-resisted|p1b: Sneasler
|-damage|p1b: Sneasler|50/100
|move|p1a: Amoonguss|Sludge Bomb|p2b: Annihilape
|-resisted|p2b: Annihilape
|-damage|p2b: Annihilape|73/100
|
|-weather|Snowscape|[upkeep]
|upkeep
|turn|3
|
|t:|1757728572
|switch|p1b: Dragapult|Dragapult, L50, F|100/100
|-curestatus|p2a: Ninetales|slp|[msg]
|move|p2a: Ninetales|Freeze-Dry|p1b: Dragapult
|-supereffective|p1b: Dragapult
|-damage|p1b: Dragapult|27/100
|move|p2b: Annihilape|Drain Punch|p1b: Dragapult
|-immune|p1b: Dragapult
|move|p1a: Amoonguss|Pollen Puff|p1b: Dragapult
|-heal|p1b: Dragapult|77/100
|
|-weather|Snowscape|[upkeep]
|-end|p2b: Annihilape|Throat Chop|[silent]
|upkeep
|turn|4
|
|t:|1757728605
|move|p1a: Amoonguss|Rage Powder|p1a: Amoonguss
|-singleturn|p1a: Amoonguss|move: Rage Powder
|move|p1b: Dragapult|Dragon Darts|p2b: Annihilape
|-damage|p2b: Annihilape|56/100
|-anim|p1b: Dragapult|Dragon Darts|p2b: Annihilape
|-damage|p2b: Annihilape|36/100
|move|p2a: Ninetales|Freeze-Dry|p1a: Amoonguss
|-supereffective|p1a: Amoonguss
|-damage|p1a: Amoonguss|56/100
|move|p2b: Annihilape|Bulk Up|p2b: Annihilape
|-boost|p2b: Annihilape|atk|1
|-boost|p2b: Annihilape|def|1
|
|-weather|Snowscape|[upkeep]
|upkeep
|turn|5
|
|t:|1757728632
|move|p1a: Amoonguss|Rage Powder|p1a: Amoonguss
|-singleturn|p1a: Amoonguss|move: Rage Powder
|move|p1b: Dragapult|Dragon Darts|p2b: Annihilape
|-damage|p2b: Annihilape|23/100
|-anim|p1b: Dragapult|Dragon Darts|p2b: Annihilape
|-damage|p2b: Annihilape|8/100
|move|p2a: Ninetales|Freeze-Dry|p1a: Amoonguss
|-supereffective|p1a: Amoonguss
|-crit|p1a: Amoonguss
|-damage|p1a: Amoonguss|0 fnt
|faint|p1a: Amoonguss
|move|p2b: Annihilape|Rage Fist|p1b: Dragapult
|-supereffective|p1b: Dragapult
|-damage|p1b: Dragapult|0 fnt
|faint|p1b: Dragapult
|
|-weather|none
|-sideend|p2: Truevillany123|move: Aurora Veil
|upkeep
|
|t:|1757728647
|switch|p1b: Sneasler|Sneasler, L50, F, tera:Dark|50/100
|switch|p1a: Incineroar|Incineroar, L50, F|100/100
|-ability|p1a: Incineroar|Intimidate|boost
|-unboost|p2a: Ninetales|atk|1
|-unboost|p2b: Annihilape|atk|1
|-ability|p2b: Annihilape|Defiant|boost
|-boost|p2b: Annihilape|atk|2
|turn|6
|
|t:|1757728664
|-terastallize|p2a: Ninetales|Ghost
|move|p1a: Incineroar|Fake Out|p2a: Ninetales
|-immune|p2a: Ninetales
|move|p1b: Sneasler|Throat Chop|p2b: Annihilape
|-damage|p2b: Annihilape|0 fnt
|faint|p2b: Annihilape
|move|p2a: Ninetales|Aurora Veil||[still]
|-fail|p2a: Ninetales
|
|upkeep
|
|t:|1757728672
|switch|p2b: Dragonite|Dragonite, L50, F, shiny|100/100
|turn|7
|
|t:|1757728681
|move|p2b: Dragonite|Protect|p2b: Dragonite
|-singleturn|p2b: Dragonite|Protect
|move|p1b: Sneasler|Dire Claw|p2b: Dragonite
|-activate|p2b: Dragonite|move: Protect
|move|p2a: Ninetales|Encore|p1a: Incineroar
|-start|p1a: Incineroar|Encore
|move|p1a: Incineroar|Fake Out||[still]
|-hint|Fake Out only works on your first turn out.
|-fail|p1a: Incineroar
|
|upkeep
|turn|8
|
|t:|1757728693
|move|p1a: Incineroar|Fake Out||[still]
|-hint|Fake Out only works on your first turn out.
|-fail|p1a: Incineroar
|move|p1b: Sneasler|Dire Claw|p2b: Dragonite
|-damage|p2b: Dragonite|77/100
|move|p2a: Ninetales|Freeze-Dry|p1b: Sneasler
|-damage|p1b: Sneasler|11/100
|move|p2b: Dragonite|Tailwind|p2b: Dragonite
|-sidestart|p2: Truevillany123|move: Tailwind
|
|upkeep
|turn|9
|
|t:|1757728705
|move|p1a: Incineroar|Fake Out||[still]
|-hint|Fake Out only works on your first turn out.
|-fail|p1a: Incineroar
|move|p2a: Ninetales|Freeze-Dry|p1b: Sneasler
|-damage|p1b: Sneasler|0 fnt
|faint|p1b: Sneasler
|move|p2b: Dragonite|Scale Shot|p1a: Incineroar
|-damage|p1a: Incineroar|86/100
|-damage|p1a: Incineroar|73/100
|-damage|p1a: Incineroar|58/100
|-damage|p1a: Incineroar|45/100
|-damage|p1a: Incineroar|31/100
|-hitcount|p1a: Incineroar|5
|-unboost|p2b: Dragonite|def|1
|-boost|p2b: Dragonite|spe|1
|
|-end|p1a: Incineroar|Encore
|upkeep
|turn|10
|-message|washingtongargacha forfeited.
|
|win|Truevillany123
|raw|washingtongargacha's rating: 1168 → 1138(-30 for losing)
|raw|Truevillany123's rating: 1101 → 1131(+30 for winning)
|l|☆washingtongargacha
|player|p1|
