|j|☆Bliffopilc
|j|☆naibot2814
|html|Bliffopilcnaibot2814    
|uhtml|bestof|Game 2 of a best-of-3
|t:|1784736696
|gametype|doubles
|player|p1|Bliffopilc|170|1283
|player|p2|naibot2814|colress|1365
|gen|9
|tier|[Gen 9 Champions] VGC 2026 Reg M-B (Bo3)
|rated|
|rule|Species Clause: Limit one of each Pokémon
|rule|Item Clause: Limit 1 of each item
|clearpoke
|poke|p1|Morpeko, L50, M|
|poke|p1|Staraptor, L50, F|
|poke|p1|Milotic, L50, M|
|poke|p1|Delphox, L50, M|
|poke|p1|Garchomp, L50, M|
|poke|p1|Sinistcha-Masterpiece, L50|
|poke|p2|Charizard, L50, M|
|poke|p2|Whimsicott, L50, F|
|poke|p2|Kingambit, L50, M, shiny|
|poke|p2|Basculegion, L50, M|
|poke|p2|Garchomp, L50, M, shiny|
|poke|p2|Floette-Eternal, L50, F|
|teampreview|4
|showteam|p1|Morpeko||FocusSash|HungerSwitch|AuraWheel,FakeOut,Endeavor,Protect|Adamant||M|||50|]Staraptor||Staraptite|Intimidate|CloseCombat,BraveBird,Tailwind,Protect|Jolly||F|||50|]Milotic||Leftovers|Competitive|MuddyWater,Coil,Protect,Hypnosis|Calm||M|||50|]Delphox||Delphoxite|Blaze|HeatWave,Psyshock,NastyPlot,Protect|Modest||M|||50|]Garchomp||LifeOrb|RoughSkin|Earthquake,DragonClaw,RockSlide,Protect|Jolly||M|||50|]Sinistcha-Masterpiece||ColburBerry|Hospitality|MatchaGotcha,ShadowBall,RagePowder,Protect|Calm|||||50|
|showteam|p2|Charizard||CharizarditeY|Blaze|HeatWave,WeatherBall,SolarBeam,Protect|Modest||M|||50|]Whimsicott||FocusSash|Prankster|Protect,Moonblast,Encore,Tailwind|Timid||F|||50|]Kingambit||BlackGlasses|Defiant|KowtowCleave,SuckerPunch,IronHead,Protect|Adamant||M|||50|]Basculegion||MysticWater|Adaptability|WaveCrash,LastRespects,AquaJet,Protect|Adamant||M|||50|]Garchomp||LifeOrb|RoughSkin|Earthquake,RockSlide,DragonClaw,Protect|Jolly||M|||50|]Floette-Eternal||Floettite|FlowerVeil|Moonblast,DazzlingGleam,LightofRuin,Protect|Modest||F|||50|
|inactive|Battle timer is ON: inactive players will automatically lose when time's up. (requested by Bliffopilc)
|inactive|naibot2814 has 60 seconds left.
|
|t:|1784736741
|teamsize|p1|4
|teamsize|p2|4
|start
|switch|p1a: Morpeko|Morpeko, L50, M|100/100
|switch|p1b: Delphox|Delphox, L50, M|100/100
|switch|p2a: Kingambit|Kingambit, L50, M, shiny|100/100
|switch|p2b: Floette|Floette-Eternal, L50, F|100/100
|turn|1
|inactive|naibot2814 has 30 seconds left.
|
|t:|1784736768
|switch|p2a: Garchomp|Garchomp, L50, M, shiny|100/100
|detailschange|p1b: Delphox|Delphox-Mega, L50, M
|-mega|p1b: Delphox|Delphox|Delphoxite
|detailschange|p2b: Floette|Floette-Mega, L50, F
|-mega|p2b: Floette|Floette|Floettite
|-ability|p2b: Floette|Fairy Aura
|move|p1b: Delphox|Protect|p1b: Delphox
|-singleturn|p1b: Delphox|Protect
|move|p2b: Floette|Dazzling Gleam|p1b: Delphox|[spread] p1a
|-activate|p1b: Delphox|move: Protect
|-supereffective|p1a: Morpeko|1
|-enditem|p1a: Morpeko|Focus Sash
|-damage|p1a: Morpeko|1/100
|move|p1a: Morpeko|Aura Wheel|p2a: Garchomp
|-immune|p2a: Garchomp
|
|-formechange|p1a: Morpeko|Morpeko-Hangry|
|upkeep
|turn|2
|inactive|Bliffopilc has 30 seconds left.
|inactive|naibot2814 has 30 seconds left.
|
|t:|1784736796
|move|p1a: Morpeko|Protect|p1a: Morpeko
|-singleturn|p1a: Morpeko|Protect
|move|p1b: Delphox|Psyshock|p2b: Floette
|-damage|p2b: Floette|42/100
|move|p2a: Garchomp|Rock Slide|p1b: Delphox|[spread] p1b
|-activate|p1a: Morpeko|move: Protect
|-supereffective|p1b: Delphox|1
|-damage|p1b: Delphox|40/100
|-damage|p2a: Garchomp|90/100|[from] item: Life Orb
|move|p2b: Floette|Light of Ruin|p1b: Delphox
|-resisted|p1b: Delphox|1
|-damage|p1b: Delphox|0 fnt
|faint|p1b: Delphox
|-damage|p2b: Floette|18/100|[from] Recoil
|
|-formechange|p1a: Morpeko|Morpeko|
|upkeep
|
|t:|1784736811
|switch|p1b: Garchomp|Garchomp, L50, M|100/100
|turn|3
|
|t:|1784736828
|switch|p2b: Whimsicott|Whimsicott, L50, F|100/100
|move|p2a: Garchomp|Protect|p2a: Garchomp
|-singleturn|p2a: Garchomp|Protect
|move|p1b: Garchomp|Dragon Claw|p2a: Garchomp
|-activate|p2a: Garchomp|move: Protect
|move|p1a: Morpeko|Aura Wheel|p2b: Whimsicott
|-resisted|p2b: Whimsicott|1
|-damage|p2b: Whimsicott|60/100
|-boost|p1a: Morpeko|spe|1
|
|-formechange|p1a: Morpeko|Morpeko-Hangry|
|upkeep
|turn|4
|
|t:|1784736846
|move|p1b: Garchomp|Protect|p1b: Garchomp
|-singleturn|p1b: Garchomp|Protect
|move|p2b: Whimsicott|Tailwind|p2b: Whimsicott
|-sidestart|p2: naibot2814|move: Tailwind
|move|p2a: Garchomp|Dragon Claw|p1b: Garchomp
|-activate|p1b: Garchomp|move: Protect
|move|p1a: Morpeko|Endeavor|p2a: Garchomp
|-damage|p2a: Garchomp|1/100
|-damage|p1a: Morpeko|0 fnt|[from] ability: Rough Skin|[of] p2a: Garchomp
|faint|p1a: Morpeko
|
|upkeep
|
|t:|1784736851
|switch|p1a: Sinistcha|Sinistcha-Masterpiece, L50|100/100
|turn|5
|
|t:|1784736865
|move|p2a: Garchomp|Protect|p2a: Garchomp
|-singleturn|p2a: Garchomp|Protect
|move|p1a: Sinistcha|Rage Powder|p1a: Sinistcha
|-singleturn|p1a: Sinistcha|move: Rage Powder
|move|p2b: Whimsicott|Moonblast|p1b: Garchomp
|-supereffective|p1b: Garchomp|1
|-damage|p1b: Garchomp|17/100
|move|p1b: Garchomp|Rock Slide|p2a: Garchomp|[spread] p2b
|-activate|p2a: Garchomp|move: Protect
|-damage|p2b: Whimsicott|25/100
|-damage|p1b: Garchomp|8/100|[from] item: Life Orb
|
|upkeep
|turn|6
|
|t:|1784736876
|move|p1b: Garchomp|Protect|p1b: Garchomp
|-singleturn|p1b: Garchomp|Protect
|move|p2b: Whimsicott|Moonblast|p1b: Garchomp
|-activate|p1b: Garchomp|move: Protect
|move|p2a: Garchomp|Dragon Claw|p1a: Sinistcha
|-damage|p1a: Sinistcha|53/100
|-damage|p2a: Garchomp|0 fnt|[from] item: Life Orb
|faint|p2a: Garchomp
|move|p1a: Sinistcha|Matcha Gotcha|p2b: Whimsicott|[miss]
|-miss|p1a: Sinistcha|p2b: Whimsicott
|
|upkeep
|
|t:|1784736881
|switch|p2a: Kingambit|Kingambit, L50, M, shiny|100/100
|turn|7
|-message|Bliffopilc forfeited.
|
|win|naibot2814
|l|☆Bliffopilc
|player|p1|
||Bliffopilc is ready for game 3.
|inactive|naibot2814 has 30 seconds to confirm battle start!
||naibot2814 is ready for game 3.
|uhtml|next|Next: Game 3 of 3
