|j|☆copicentrovgc
|j|☆cuduchi
|html|copicentrovgccuduchi    
|uhtml|bestof|Game 1 of a best-of-3
|t:|1756174962
|gametype|doubles
|player|p1|copicentrovgc|ingo|1104
|player|p2|cuduchi|hilbert|1000
|gen|9
|tier|[Gen 9] VGC 2025 Reg H (Bo3)
|rated|
|rule|Species Clause: Limit one of each Pokémon
|rule|Item Clause: Limit 1 of each item
|clearpoke
|poke|p1|Garganacl, L50, M|
|poke|p1|Dondozo, L50, M|
|poke|p1|Sneasler, L50, M|
|poke|p1|Gholdengo, L50|
|poke|p1|Ninetales-Alola, L50, F|
|poke|p1|Incineroar, L50, F|
|poke|p2|Tatsugiri, L50, M|
|poke|p2|Dondozo, L50, F|
|poke|p2|Flamigo, L50, F|
|poke|p2|Annihilape, L50, M|
|poke|p2|Cetitan, L50, M|
|poke|p2|Maushold-Four, L50|
|teampreview|4
|showteam|p1|Garganacl||MarangaBerry|PurifyingSalt|SaltCure,StealthRock,Protect,Recover|||M|||50|,,,,,Flying]Dondozo||Leftovers|Unaware|Liquidation,Yawn,Curse,Protect|||M|||50|,,,,,Poison]Sneasler||FocusSash|PoisonTouch|DireClaw,CloseCombat,Coaching,Protect|||M|||50|,,,,,Ghost]Gholdengo||ChoiceScarf|GoodasGold|MakeItRain,ShadowBall,Trick,PowerGem||||||50|,,,,,Steel]Ninetales-Alola||NeverMeltIce|SnowWarning|Blizzard,FreezeDry,Protect,AuroraVeil|||F|||50|,,,,,Ice]Incineroar||AssaultVest|Intimidate|FlareBlitz,KnockOff,FakeOut,DrainPunch|||F|||50|,,,,,Grass
|showteam|p2|Tatsugiri||ToxicOrb|Commander|Protect,MuddyWater,DracoMeteor,Endure|||M|||50|,,,,,Grass]Dondozo||Leftovers|Unaware|Substitute,WaveCrash,OrderUp,Protect|||F|||50|,,,,,Dragon]Flamigo||WhiteHerb|Costar|CloseCombat,BraveBird,Detect,Roost|||F|||50|,,,,,Steel]Annihilape||ChoiceScarf|VitalSpirit|FinalGambit,CloseCombat,RageFist,PhantomForce|||M|||50|,,,,,Ghost]Cetitan||SitrusBerry|ThickFat|BellyDrum,IceShard,Earthquake,Protect|||M|||50|,,,,,Water]Maushold-Four||FocusSash|FriendGuard|Protect,FollowMe,Encore,SuperFang||||||50|,,,,,Grass
|
|t:|1756175048
|teamsize|p1|4
|teamsize|p2|4
|start
|switch|p1a: Ninetales|Ninetales-Alola, L50, F|100/100
|switch|p1b: Gholdengo|Gholdengo, L50|100/100
|switch|p2a: Annihilape|Annihilape, L50, M|100/100
|switch|p2b: Cetitan|Cetitan, L50, M, shiny|100/100
|-weather|Snowscape|[from] ability: Snow Warning|[of] p1a: Ninetales
|turn|1
|
|t:|1756175078
|move|p2b: Cetitan|Protect|p2b: Cetitan
|-singleturn|p2b: Cetitan|Protect
|move|p2a: Annihilape|Final Gambit|p1a: Ninetales
|-damage|p1a: Ninetales|0 fnt
|faint|p2a: Annihilape
|faint|p1a: Ninetales
|move|p1b: Gholdengo|Trick|p2b: Cetitan
|-activate|p2b: Cetitan|move: Protect
|
|-weather|Snowscape|[upkeep]
|upkeep
|
|t:|1756175091
|switch|p1a: Dondozo|Dondozo, L50, M|100/100
|switch|p2a: Maushold|Maushold-Four, L50|100/100
|turn|2
|
|t:|1756175108
|-terastallize|p2b: Cetitan|Water
|move|p2a: Maushold|Follow Me|p2a: Maushold
|-singleturn|p2a: Maushold|move: Follow Me
|move|p1b: Gholdengo|Trick|p2a: Maushold
|-activate|p1b: Gholdengo|move: Trick|[of] p2a: Maushold
|-item|p2a: Maushold|Choice Scarf|[from] move: Trick
|-item|p1b: Gholdengo|Focus Sash|[from] move: Trick
|move|p2b: Cetitan|Belly Drum|p2b: Cetitan
|-damage|p2b: Cetitan|50/100
|-setboost|p2b: Cetitan|atk|6|[from] move: Belly Drum
|-enditem|p2b: Cetitan|Sitrus Berry|[eat]
|-heal|p2b: Cetitan|75/100|[from] item: Sitrus Berry
|move|p1a: Dondozo|Curse|p1a: Dondozo
|-unboost|p1a: Dondozo|spe|1
|-boost|p1a: Dondozo|atk|1
|-boost|p1a: Dondozo|def|1
|
|-weather|Snowscape|[upkeep]
|upkeep
|turn|3
|
|t:|1756175154
|move|p2b: Cetitan|Protect|p2b: Cetitan
|-singleturn|p2b: Cetitan|Protect
|move|p2a: Maushold|Encore|p1a: Dondozo
|-start|p1a: Dondozo|Encore
|move|p1b: Gholdengo|Make It Rain|p2a: Maushold|[spread] p2a
|-activate|p2b: Cetitan|move: Protect
|-damage|p2a: Maushold|37/100
|-unboost|p1b: Gholdengo|spa|1
|move|p1a: Dondozo|Curse|p1a: Dondozo
|-unboost|p1a: Dondozo|spe|1
|-boost|p1a: Dondozo|atk|1
|-boost|p1a: Dondozo|def|1
|
|-weather|Snowscape|[upkeep]
|upkeep
|turn|4
|
|t:|1756175189
|switch|p2a: Flamigo|Flamigo, L50, F|100/100
|-copyboost|p2a: Flamigo|p2b: Cetitan|[from] ability: Costar
|move|p2b: Cetitan|Ice Shard|p1b: Gholdengo
|-resisted|p1b: Gholdengo
|-damage|p1b: Gholdengo|56/100
|move|p1b: Gholdengo|Make It Rain|p2a: Flamigo|[spread] p2a,p2b
|-resisted|p2b: Cetitan
|-damage|p2a: Flamigo|45/100
|-damage|p2b: Cetitan|61/100
|-unboost|p1b: Gholdengo|spa|1
|move|p1a: Dondozo|Curse|p1a: Dondozo
|-unboost|p1a: Dondozo|spe|1
|-boost|p1a: Dondozo|atk|1
|-boost|p1a: Dondozo|def|1
|
|-weather|Snowscape|[upkeep]
|upkeep
|turn|5
|
|t:|1756175220
|move|p2b: Cetitan|Ice Shard|p1b: Gholdengo
|-resisted|p1b: Gholdengo
|-damage|p1b: Gholdengo|10/100
|move|p2a: Flamigo|Brave Bird|p1b: Gholdengo
|-resisted|p1b: Gholdengo
|-damage|p1b: Gholdengo|0 fnt
|faint|p1b: Gholdengo
|-damage|p2a: Flamigo|42/100|[from] Recoil
|move|p1a: Dondozo|Curse|p1a: Dondozo
|-unboost|p1a: Dondozo|spe|1
|-boost|p1a: Dondozo|atk|1
|-boost|p1a: Dondozo|def|1
|
|-weather|none
|-end|p1a: Dondozo|Encore
|upkeep
|
|t:|1756175233
|switch|p1b: Incineroar|Incineroar, L50, F|100/100
|-ability|p1b: Incineroar|Intimidate|boost
|-unboost|p2a: Flamigo|atk|1
|-unboost|p2b: Cetitan|atk|1
|turn|6
|
|t:|1756175252
|move|p2a: Flamigo|Detect|p2a: Flamigo
|-singleturn|p2a: Flamigo|Protect
|move|p2b: Cetitan|Protect|p2b: Cetitan
|-singleturn|p2b: Cetitan|Protect
|move|p1b: Incineroar|Fake Out|p2b: Cetitan
|-activate|p2b: Cetitan|move: Protect
|move|p1a: Dondozo|Liquidation|p2a: Flamigo
|-activate|p2a: Flamigo|move: Protect
|
|upkeep
|turn|7
|
|t:|1756175280
|-terastallize|p1b: Incineroar|Grass
|move|p2b: Cetitan|Ice Shard|p1a: Dondozo
|-resisted|p1a: Dondozo
|-damage|p1a: Dondozo|98/100
|move|p2a: Flamigo|Close Combat|p1b: Incineroar
|-damage|p1b: Incineroar|0 fnt
|-unboost|p2a: Flamigo|def|1
|-unboost|p2a: Flamigo|spd|1
|faint|p1b: Incineroar
|-enditem|p2a: Flamigo|White Herb
|-clearnegativeboost|p2a: Flamigo|[silent]
|move|p1a: Dondozo|Liquidation|p2a: Flamigo
|-damage|p2a: Flamigo|0 fnt
|faint|p2a: Flamigo
|
|-heal|p1a: Dondozo|100/100|[from] item: Leftovers
|upkeep
|
|t:|1756175295
|switch|p2a: Maushold|Maushold-Four, L50|37/100
|turn|8
|
|t:|1756175308
|move|p2b: Cetitan|Protect|p2b: Cetitan
|-singleturn|p2b: Cetitan|Protect
|move|p2a: Maushold|Super Fang|p1a: Dondozo
|-damage|p1a: Dondozo|50/100
|move|p1a: Dondozo|Liquidation|p2a: Maushold
|-damage|p2a: Maushold|0 fnt
|faint|p2a: Maushold
|
|-heal|p1a: Dondozo|57/100|[from] item: Leftovers
|upkeep
|turn|9
|
|t:|1756175320
|move|p2b: Cetitan|Earthquake|p1a: Dondozo
|-damage|p1a: Dondozo|48/100
|move|p1a: Dondozo|Yawn|p2b: Cetitan
|-start|p2b: Cetitan|move: Yawn|[of] p1a: Dondozo
|
|-heal|p1a: Dondozo|54/100|[from] item: Leftovers
|upkeep
|turn|10
|
|t:|1756175330
|move|p2b: Cetitan|Earthquake|p1a: Dondozo
|-damage|p1a: Dondozo|47/100
|move|p1a: Dondozo|Liquidation|p2b: Cetitan
|-resisted|p2b: Cetitan
|-damage|p2b: Cetitan|11/100
|
|-heal|p1a: Dondozo|53/100|[from] item: Leftovers
|-end|p2b: Cetitan|move: Yawn|[silent]
|-status|p2b: Cetitan|slp
|upkeep
|turn|11
|
|t:|1756175339
|cant|p2b: Cetitan|slp
|move|p1a: Dondozo|Liquidation|p2b: Cetitan
|-resisted|p2b: Cetitan
|-damage|p2b: Cetitan|0 fnt
|faint|p2b: Cetitan
|
|win|copicentrovgc
|raw|copicentrovgc's rating: 1104 → 1122(+18 for winning)
|raw|cuduchi's rating: 1000 → 1000(+0 for losing)
|l|☆cuduchi
|player|p2|
