|j|☆ShoukoKun
|j|☆teyvgc
|html|ShoukoKunteyvgc    
|uhtml|bestof|Game 2 of a best-of-3
|t:|1782619083
|gametype|doubles
|player|p1|ShoukoKun|veteranf|1149
|player|p2|teyvgc|rood|1221
|gen|9
|tier|[Gen 9 Champions] VGC 2026 Reg M-B (Bo3)
|rated|
|rule|Species Clause: Limit one of each Pokémon
|rule|Item Clause: Limit 1 of each item
|clearpoke
|poke|p1|Floette-Eternal, L50, F|
|poke|p1|Venusaur, L50, F|
|poke|p1|Kingambit, L50, F|
|poke|p1|Sinistcha, L50|
|poke|p1|Incineroar, L50, F|
|poke|p1|Basculegion, L50, M|
|poke|p2|Houndstone, L50, F|
|poke|p2|Tyranitar, L50, M|
|poke|p2|Incineroar, L50, F|
|poke|p2|Farigiraf, L50, F, shiny|
|poke|p2|Garchomp, L50, F, shiny|
|poke|p2|Gholdengo, L50|
|teampreview|4
|showteam|p1|Floette-Eternal||Floettite|FlowerVeil|Moonblast,DazzlingGleam,CalmMind,Protect|Modest||F|||50|]Venusaur||Venusaurite|Chlorophyll|GigaDrain,SludgeBomb,EarthPower,Protect|Modest||F|||50|]Kingambit||BlackGlasses|Defiant|KowtowCleave,SuckerPunch,SwordsDance,Protect|Adamant||F|||50|]Sinistcha||Leftovers|Hospitality|MatchaGotcha,RagePowder,TrickRoom,Protect|Bold|||||50|]Incineroar||PasshoBerry|Intimidate|FakeOut,FlareBlitz,ThroatChop,PartingShot|Careful||F|||50|]Basculegion||ChoiceScarf|Adaptability|AquaJet,WaveCrash,FlipTurn,LastRespects|Jolly||M|||50|
|showteam|p2|Houndstone||LifeOrb|SandRush|PsychicFangs,Poltergeist,LastRespects,Protect|Adamant||F|||50|]Tyranitar||Tyranitarite|SandStream|RockSlide,KnockOff,LowKick,Protect|Adamant||M|||50|]Incineroar||PasshoBerry|Intimidate|FlareBlitz,DarkestLariat,FakeOut,PartingShot|Adamant||F|||50|]Farigiraf||TwistedSpoon|ArmorTail|HyperVoice,TwinBeam,TrickRoom,HelpingHand|Quiet||F|||50|]Garchomp||Garchompite|RoughSkin|StompingTantrum,DragonClaw,RockSlide,Protect|Brave||F|||50|]Gholdengo||ChoiceScarf|GoodasGold|MakeItRain,ShadowBall,Trick,Thunderbolt|Modest|||||50|
|
|t:|1782619113
|teamsize|p1|4
|teamsize|p2|4
|start
|switch|p1a: Floette|Floette-Eternal, L50, F|100/100
|switch|p1b: Basculegion|Basculegion, L50, M|100/100
|switch|p2a: Gholdengo|Gholdengo, L50|100/100
|switch|p2b: Incineroar|Incineroar, L50, F|100/100
|-ability|p2b: Incineroar|Intimidate|boost
|-unboost|p1a: Floette|atk|1
|-unboost|p1b: Basculegion|atk|1
|turn|1
|
|t:|1782619143
|detailschange|p1a: Floette|Floette-Mega, L50, F
|-mega|p1a: Floette|Floette|Floettite
|-ability|p1a: Floette|Fairy Aura
|move|p1a: Floette|Protect|p1a: Floette
|-singleturn|p1a: Floette|Protect
|move|p1b: Basculegion|Last Respects|p2a: Gholdengo
|-supereffective|p2a: Gholdengo|1
|-damage|p2a: Gholdengo|51/100
|move|p2a: Gholdengo|Shadow Ball|p1b: Basculegion
|-supereffective|p1b: Basculegion|1
|-crit|p1b: Basculegion
|-damage|p1b: Basculegion|0 fnt
|faint|p1b: Basculegion
|move|p2b: Incineroar|Parting Shot|p1a: Floette
|-activate|p1a: Floette|move: Protect
|
|upkeep
|
|t:|1782619157
|switch|p1b: Incineroar|Incineroar, L50, F|100/100
|-ability|p1b: Incineroar|Intimidate|boost
|-unboost|p2a: Gholdengo|atk|1
|-unboost|p2b: Incineroar|atk|1
|turn|2
|
|t:|1782619164
|switch|p2a: Tyranitar|Tyranitar, L50, M|100/100
|-weather|Sandstorm|[from] ability: Sand Stream|[of] p2a: Tyranitar
|move|p1b: Incineroar|Fake Out|p2b: Incineroar
|-damage|p2b: Incineroar|90/100
|move|p1a: Floette|Dazzling Gleam|p2a: Tyranitar|[spread] p2a,p2b
|-supereffective|p2a: Tyranitar|1
|-damage|p2a: Tyranitar|49/100
|-damage|p2b: Incineroar|46/100
|cant|p2b: Incineroar|flinch
|
|-weather|Sandstorm|[upkeep]
|-damage|p1a: Floette|94/100|[from] Sandstorm
|-damage|p1b: Incineroar|94/100|[from] Sandstorm
|-damage|p2b: Incineroar|40/100|[from] Sandstorm
|upkeep
|turn|3
|
|t:|1782619184
|move|p2a: Tyranitar|Protect|p2a: Tyranitar
|-singleturn|p2a: Tyranitar|Protect
|move|p1a: Floette|Dazzling Gleam|p2a: Tyranitar|[spread] p2b
|-activate|p2a: Tyranitar|move: Protect
|-damage|p2b: Incineroar|0 fnt
|faint|p2b: Incineroar
|move|p1b: Incineroar|Throat Chop|p2a: Tyranitar
|-activate|p2a: Tyranitar|move: Protect
|
|-weather|Sandstorm|[upkeep]
|-damage|p1a: Floette|88/100|[from] Sandstorm
|-damage|p1b: Incineroar|88/100|[from] Sandstorm
|upkeep
|
|t:|1782619192
|switch|p2b: Gholdengo|Gholdengo, L50|51/100
|turn|4
|
|t:|1782619230
|detailschange|p2a: Tyranitar|Tyranitar-Mega, L50, M
|-mega|p2a: Tyranitar|Tyranitar|Tyranitarite
|move|p1a: Floette|Protect|p1a: Floette
|-singleturn|p1a: Floette|Protect
|move|p2b: Gholdengo|Thunderbolt|p1b: Incineroar
|-damage|p1b: Incineroar|62/100
|move|p2a: Tyranitar|Rock Slide|p1b: Incineroar|[spread] p1b
|-activate|p1a: Floette|move: Protect
|-supereffective|p1b: Incineroar|1
|-damage|p1b: Incineroar|0 fnt
|faint|p1b: Incineroar
|
|-weather|Sandstorm|[upkeep]
|-damage|p1a: Floette|82/100|[from] Sandstorm
|upkeep
|
|t:|1782619242
|switch|p1b: Sinistcha|Sinistcha, L50|100/100
|-heal|p1a: Floette|100/100|[from] ability: Hospitality|[of] p1b: Sinistcha
|turn|5
|
|t:|1782619266
|switch|p2b: Houndstone|Houndstone, L50, F|100/100
|move|p1a: Floette|Dazzling Gleam|p2b: Houndstone|[spread] p2a,p2b
|-supereffective|p2a: Tyranitar|1
|-damage|p2a: Tyranitar|1/100
|-damage|p2b: Houndstone|48/100
|move|p2a: Tyranitar|Knock Off|p1b: Sinistcha
|-supereffective|p1b: Sinistcha|1
|-damage|p1b: Sinistcha|1/100
|-enditem|p1b: Sinistcha|Leftovers|[from] move: Knock Off|[of] p2a: Tyranitar
|move|p1b: Sinistcha|Matcha Gotcha|p2a: Tyranitar|[spread] p2a,p2b
|-supereffective|p2a: Tyranitar|1
|-damage|p2a: Tyranitar|0 fnt
|-heal|p1b: Sinistcha|2/100|[from] drain|[of] p2a: Tyranitar
|-damage|p2b: Houndstone|18/100
|-heal|p1b: Sinistcha|15/100|[from] drain|[of] p2b: Houndstone
|-status|p2b: Houndstone|brn
|faint|p2a: Tyranitar
|
|-weather|Sandstorm|[upkeep]
|-damage|p1a: Floette|94/100|[from] Sandstorm
|-damage|p1b: Sinistcha|9/100|[from] Sandstorm
|-damage|p2b: Houndstone|12/100 brn|[from] brn
|upkeep
|
|t:|1782619289
|switch|p2a: Gholdengo|Gholdengo, L50|51/100
|turn|6
|
|t:|1782619315
|move|p1a: Floette|Protect|p1a: Floette
|-singleturn|p1a: Floette|Protect
|move|p2b: Houndstone|Last Respects|p1b: Sinistcha
|-supereffective|p1b: Sinistcha|1
|-damage|p1b: Sinistcha|0 fnt
|faint|p1b: Sinistcha
|-damage|p2b: Houndstone|3/100 brn|[from] item: Life Orb
|move|p2a: Gholdengo|Trick|p2b: Houndstone
|-activate|p2a: Gholdengo|move: Trick|[of] p2b: Houndstone
|-item|p2b: Houndstone|Choice Scarf|[from] move: Trick
|-item|p2a: Gholdengo|Life Orb|[from] move: Trick
|
|-weather|none
|-damage|p2b: Houndstone|0 fnt|[from] brn
|faint|p2b: Houndstone
|upkeep
|turn|7
|
|t:|1782619331
|move|p2a: Gholdengo|Make It Rain|p1a: Floette
|-supereffective|p1a: Floette|1
|-damage|p1a: Floette|0 fnt
|-unboost|p2a: Gholdengo|spa|2
|faint|p1a: Floette
|-damage|p2a: Gholdengo|41/100|[from] item: Life Orb
|
|win|teyvgc
||ShoukoKun is ready for game 3.
|inactive|teyvgc has 30 seconds to confirm battle start!
