|j|☆epic17x
|j|☆gianisking
|html|epic17xgianisking    
|uhtml|bestof|Game 3 of a best-of-3
|t:|1756925225
|gametype|doubles
|player|p1|epic17x|steven|1384
|player|p2|gianisking|bugcatcher-gen4dp|1486
|gen|9
|tier|[Gen 9] VGC 2025 Reg H (Bo3)
|rated|
|rule|Species Clause: Limit one of each Pokémon
|rule|Item Clause: Limit 1 of each item
|clearpoke
|poke|p1|Ninetales-Alola, L50, F|
|poke|p1|Rillaboom, L50, F|
|poke|p1|Magmar, L50, F|
|poke|p1|Sneasler, L50, F|
|poke|p1|Kingambit, L50, M|
|poke|p1|Basculegion, L50, M|
|poke|p2|Archaludon, L50, F|
|poke|p2|Pelipper, L50, M|
|poke|p2|Ursaluna, L50, M|
|poke|p2|Amoonguss, L50, M|
|poke|p2|Incineroar, L50, F|
|poke|p2|Kommo-o, L50, M|
|teampreview|4
|showteam|p1|Ninetales-Alola||NeverMeltIce|SnowWarning|Blizzard,FreezeDry,Encore,Protect|||F|||50|,,,,,Ghost]Rillaboom||AssaultVest|GrassySurge|WoodHammer,FakeOut,Uturn,GrassyGlide|||F|||50|,,,,,Ghost]Magmar||Eviolite|VitalSpirit|Protect,HeatWave,WillOWisp,FollowMe|||F|||50|,,,,,Ghost]Sneasler||FocusSash|PoisonTouch|FakeOut,DireClaw,CloseCombat,Protect|||F|||50|,,,,,Ghost]Kingambit||BlackGlasses|Defiant|KowtowCleave,SwordsDance,SuckerPunch,Protect|||M|||50|,,,,,Fire]Basculegion||ChoiceScarf|Adaptability|WaveCrash,FlipTurn,TeraBlast,LastRespects|||M|||50|,,,,,Fighting
|showteam|p2|Archaludon||AssaultVest|Stamina|ElectroShot,BodyPress,FlashCannon,DragonPulse|||F|||50|,,,,,Bug]Pelipper||FocusSash|Drizzle|WeatherBall,Tailwind,Hurricane,Protect|||M|||50|,,,,,Ghost]Ursaluna||FlameOrb|Guts|Facade,HeadlongRush,Earthquake,Protect|||M|||50|,,,,,Ghost]Amoonguss||SitrusBerry|Regenerator|Spore,RagePowder,PollenPuff,Protect|||M|||50|,,,,,Fairy]Incineroar||SafetyGoggles|Intimidate|KnockOff,PartingShot,FakeOut,FlareBlitz|||F|||50|,,,,,Ghost]Kommo-o||ThroatSpray|Overcoat|Protect,ClangorousSoul,AuraSphere,ClangingScales|||M|||50|,,,,,Fairy
|inactive|Battle timer is ON: inactive players will automatically lose when time's up. (requested by epic17x)
|
|t:|1756925244
|teamsize|p1|4
|teamsize|p2|4
|start
|switch|p1a: Magmar|Magmar, L50, F|100/100
|switch|p1b: Kingambit|Kingambit, L50, M|100/100
|switch|p2a: Ursaluna|Ursaluna, L50, M|100/100
|switch|p2b: Archaludon|Archaludon, L50, F|100/100
|turn|1
|
|t:|1756925264
|switch|p2b: Pelipper|Pelipper, L50, M|100/100
|-weather|RainDance|[from] ability: Drizzle|[of] p2b: Pelipper
|move|p1a: Magmar|Follow Me|p1a: Magmar
|-singleturn|p1a: Magmar|move: Follow Me
|move|p2a: Ursaluna|Earthquake|p1b: Kingambit|[spread] p1a,p1b
|-immune|p2b: Pelipper
|-supereffective|p1a: Magmar
|-supereffective|p1b: Kingambit
|-damage|p1a: Magmar|36/100
|-damage|p1b: Kingambit|30/100
|move|p1b: Kingambit|Swords Dance|p1b: Kingambit
|-boost|p1b: Kingambit|atk|2
|
|-weather|RainDance|[upkeep]
|-status|p2a: Ursaluna|brn|[from] item: Flame Orb
|upkeep
|turn|2
|
|t:|1756925280
|move|p1b: Kingambit|Protect|p1b: Kingambit
|-singleturn|p1b: Kingambit|Protect
|move|p1a: Magmar|Heat Wave|p2a: Ursaluna|[spread] p2a
|-miss|p1a: Magmar|p2b: Pelipper
|-damage|p2a: Ursaluna|90/100 brn
|move|p2b: Pelipper|Tailwind|p2b: Pelipper
|-sidestart|p2: gianisking|move: Tailwind
|move|p2a: Ursaluna|Earthquake|p1b: Kingambit|[spread] p1a
|-activate|p1b: Kingambit|move: Protect
|-immune|p2b: Pelipper
|-supereffective|p1a: Magmar
|-damage|p1a: Magmar|0 fnt
|faint|p1a: Magmar
|
|-weather|RainDance|[upkeep]
|-damage|p2a: Ursaluna|84/100 brn|[from] brn
|upkeep
|
|t:|1756925289
|switch|p1a: Sneasler|Sneasler, L50, F|100/100
|turn|3
|
|t:|1756925309
|-terastallize|p2b: Pelipper|Ghost
|move|p1a: Sneasler|Fake Out|p2b: Pelipper
|-immune|p2b: Pelipper
|move|p1b: Kingambit|Sucker Punch|p2a: Ursaluna
|-damage|p2a: Ursaluna|14/100 brn
|move|p2b: Pelipper|Weather Ball|p1b: Kingambit
|-damage|p1b: Kingambit|0 fnt
|faint|p1b: Kingambit
|move|p2a: Ursaluna|Earthquake|p1a: Sneasler|[spread] p2b,p1a
|-supereffective|p1a: Sneasler
|-damage|p2b: Pelipper|20/100
|-enditem|p1a: Sneasler|Focus Sash
|-damage|p1a: Sneasler|1/100
|
|-weather|RainDance|[upkeep]
|-damage|p2a: Ursaluna|8/100 brn|[from] brn
|upkeep
|
|t:|1756925316
|switch|p1b: Ninetales|Ninetales-Alola, L50, F|100/100
|-weather|Snowscape|[from] ability: Snow Warning|[of] p1b: Ninetales
|turn|4
|inactive|epic17x has 30 seconds left.
|
|t:|1756925349
|move|p2b: Pelipper|Protect|p2b: Pelipper
|-singleturn|p2b: Pelipper|Protect
|move|p1a: Sneasler|Close Combat|p2a: Ursaluna
|-supereffective|p2a: Ursaluna
|-damage|p2a: Ursaluna|0 fnt
|-unboost|p1a: Sneasler|def|1
|-unboost|p1a: Sneasler|spd|1
|faint|p2a: Ursaluna
|move|p1b: Ninetales|Blizzard|p2b: Pelipper
|-activate|p2b: Pelipper|move: Protect
|
|-weather|Snowscape|[upkeep]
|upkeep
|
|t:|1756925357
|switch|p2a: Archaludon|Archaludon, L50, F|100/100
|turn|5
|
|t:|1756925377
|switch|p2b: Amoonguss|Amoonguss, L50, M|100/100
|-terastallize|p1b: Ninetales|Ghost
|move|p1a: Sneasler|Protect|p1a: Sneasler
|-singleturn|p1a: Sneasler|Protect
|move|p2a: Archaludon|Flash Cannon|p1a: Sneasler
|-activate|p1a: Sneasler|move: Protect
|move|p1b: Ninetales|Blizzard|p2a: Archaludon|[spread] p2a,p2b
|-supereffective|p2b: Amoonguss
|-damage|p2a: Archaludon|73/100
|-damage|p2b: Amoonguss|35/100
|-ability|p2a: Archaludon|Stamina|boost
|-boost|p2a: Archaludon|def|1
|-enditem|p2b: Amoonguss|Sitrus Berry|[eat]
|-heal|p2b: Amoonguss|60/100|[from] item: Sitrus Berry
|
|-weather|Snowscape|[upkeep]
|-sideend|p2: gianisking|move: Tailwind
|upkeep
|turn|6
|
|t:|1756925391
|move|p1a: Sneasler|Protect||[still]
|-fail|p1a: Sneasler
|move|p2b: Amoonguss|Rage Powder|p2b: Amoonguss
|-singleturn|p2b: Amoonguss|move: Rage Powder
|move|p1b: Ninetales|Blizzard|p2a: Archaludon|[spread] p2a,p2b
|-supereffective|p2b: Amoonguss
|-damage|p2a: Archaludon|47/100
|-damage|p2b: Amoonguss|0 fnt
|-ability|p2a: Archaludon|Stamina|boost
|-boost|p2a: Archaludon|def|1
|faint|p2b: Amoonguss
|move|p2a: Archaludon|Flash Cannon|p1a: Sneasler
|-damage|p1a: Sneasler|0 fnt
|faint|p1a: Sneasler
|
|-weather|Snowscape|[upkeep]
|upkeep
|
|t:|1756925394
|switch|p2b: Pelipper|Pelipper, L50, M, tera:Ghost|20/100
|-weather|RainDance|[from] ability: Drizzle|[of] p2b: Pelipper
|turn|7
|
|t:|1756925405
|move|p2b: Pelipper|Protect|p2b: Pelipper
|-singleturn|p2b: Pelipper|Protect
|move|p1b: Ninetales|Blizzard|p2a: Archaludon|[spread] p2a
|-activate|p2b: Pelipper|move: Protect
|-damage|p2a: Archaludon|17/100
|-ability|p2a: Archaludon|Stamina|boost
|-boost|p2a: Archaludon|def|1
|move|p2a: Archaludon|Dragon Pulse|p1b: Ninetales
|-damage|p1b: Ninetales|55/100
|
|-weather|RainDance|[upkeep]
|upkeep
|turn|8
|
|t:|1756925421
|move|p1b: Ninetales|Blizzard|p2a: Archaludon|[spread] p2a
|-miss|p1b: Ninetales|p2b: Pelipper
|-damage|p2a: Archaludon|0 fnt
|faint|p2a: Archaludon
|move|p2b: Pelipper|Weather Ball|p1b: Ninetales
|-damage|p1b: Ninetales|0 fnt
|faint|p1b: Ninetales
|
|win|gianisking
|raw|epic17x's rating: 1384 → 1370(-14 for losing)
|raw|gianisking's rating: 1486 → 1500(+14 for winning)
