|j|☆Daniw9
|j|☆Money03
|html|Daniw9Money03    
|uhtml|bestof|Game 1 of a best-of-3
|t:|1756652865
|gametype|doubles
|player|p1|Daniw9|2|1237
|player|p2|Money03|wattson|1292
|gen|9
|tier|[Gen 9] VGC 2025 Reg H (Bo3)
|rated|
|rule|Species Clause: Limit one of each Pokémon
|rule|Item Clause: Limit 1 of each item
|clearpoke
|poke|p1|Garchomp, L50, M|
|poke|p1|Tyranitar, L50, F|
|poke|p1|Talonflame, L50, M|
|poke|p1|Gholdengo, L50|
|poke|p1|Primarina, L50, F|
|poke|p1|Indeedee, L50, M|
|poke|p2|Ninetales-Alola, L50, F|
|poke|p2|Frosmoth, L50, F|
|poke|p2|Incineroar, L50, F|
|poke|p2|Annihilape, L50, M|
|poke|p2|Maushold, L50|
|poke|p2|Rillaboom, L50, M|
|teampreview|4
|showteam|p1|Garchomp||LifeOrb|SandVeil|Earthquake,StompingTantrum,Protect,DragonClaw|||M|||50|,,,,,Steel]Tyranitar||AssaultVest|SandStream|RockSlide,TeraBlast,KnockOff,LowKick|||F|||50|,,,,,Flying]Talonflame||CovertCloak|GaleWings|Tailwind,DualWingbeat,FlareBlitz,WillOWisp|||M|||50|,,,,,Flying]Gholdengo||MetalCoat|GoodasGold|MakeItRain,ShadowBall,NastyPlot,Protect||||||50|,,,,,Water]Primarina||ThroatSpray|LiquidVoice|Moonblast,HyperVoice,Protect,Haze|||F|||50|,,,,,Water]Indeedee||FocusSash|PsychicSurge|Imprison,TrickRoom,ExpandingForce,Protect|||M|||50|,,,,,Psychic
|showteam|p2|Ninetales-Alola||CovertCloak|SnowWarning|AuroraVeil,Moonblast,Encore,Disable|||F|||50|,,,,,Fire]Frosmoth||Leftovers|IceScales|QuiverDance,Blizzard,TeraBlast,Protect|||F|||50|,,,,,Water]Incineroar||SafetyGoggles|Intimidate|FakeOut,KnockOff,FlareBlitz,PartingShot|||F|||50|,,,,,Fairy]Annihilape||SitrusBerry|Defiant|DrainPunch,RageFist,BulkUp,Protect|||M|||50|,,,,,Fire]Maushold||MentalHerb|FriendGuard|BeatUp,FollowMe,Taunt,HelpingHand||||||50|,,,,,Ghost]Rillaboom||AssaultVest|GrassySurge|FakeOut,WoodHammer,GrassyGlide,Uturn|||M|||50|,,,,,Fire
|
|t:|1756652911
|teamsize|p1|4
|teamsize|p2|4
|start
|switch|p1a: Gholdengo|Gholdengo, L50|100/100
|switch|p1b: Talonflame|Talonflame, L50, M|100/100
|switch|p2a: Frosmoth|Frosmoth, L50, F|100/100
|switch|p2b: Incineroar|Incineroar, L50, F|100/100
|-ability|p2b: Incineroar|Intimidate|boost
|-unboost|p1a: Gholdengo|atk|1
|-unboost|p1b: Talonflame|atk|1
|turn|1
|inactive|Battle timer is ON: inactive players will automatically lose when time's up. (requested by Money03)
|inactive|Money03 has 60 seconds left.
|
|t:|1756652955
|-terastallize|p1a: Gholdengo|Water
|-terastallize|p2a: Frosmoth|Water
|move|p1b: Talonflame|Flare Blitz|p2a: Frosmoth
|-resisted|p2a: Frosmoth
|-damage|p2a: Frosmoth|80/100
|-damage|p1b: Talonflame|94/100|[from] Recoil
|move|p1a: Gholdengo|Nasty Plot|p1a: Gholdengo
|-boost|p1a: Gholdengo|spa|2
|move|p2a: Frosmoth|Quiver Dance|p2a: Frosmoth
|-boost|p2a: Frosmoth|spa|1
|-boost|p2a: Frosmoth|spd|1
|-boost|p2a: Frosmoth|spe|1
|move|p2b: Incineroar|Knock Off|p1a: Gholdengo
|-damage|p1a: Gholdengo|65/100
|-enditem|p1a: Gholdengo|Metal Coat|[from] move: Knock Off|[of] p2b: Incineroar
|
|-heal|p2a: Frosmoth|86/100|[from] item: Leftovers
|upkeep
|turn|2
|inactive|Money03 has 30 seconds left.
|inactive|Money03 has 20 seconds left.
|inactive|Money03 has 15 seconds left.
|inactive|Money03 has 10 seconds left.
|inactive|Money03 has 5 seconds left.
|
|t:|1756653007
|switch|p2b: Rillaboom|Rillaboom, L50, M|100/100
|-fieldstart|move: Grassy Terrain|[from] ability: Grassy Surge|[of] p2b: Rillaboom
|move|p1a: Gholdengo|Protect|p1a: Gholdengo
|-singleturn|p1a: Gholdengo|Protect
|move|p1b: Talonflame|Tailwind|p1b: Talonflame
|-sidestart|p1: Daniw9|move: Tailwind
|move|p2a: Frosmoth|Tera Blast|p1b: Talonflame|[anim] Tera Blast Water
|-supereffective|p1b: Talonflame
|-damage|p1b: Talonflame|0 fnt
|faint|p1b: Talonflame
|
|-heal|p1a: Gholdengo|71/100|[from] Grassy Terrain
|-heal|p2a: Frosmoth|91/100|[from] Grassy Terrain
|-heal|p2a: Frosmoth|97/100|[from] item: Leftovers
|upkeep
|
|t:|1756653018
|switch|p1b: Indeedee|Indeedee, L50, M|100/100
|-fieldstart|move: Psychic Terrain|[from] ability: Psychic Surge|[of] p1b: Indeedee
|turn|3
|
|t:|1756653033
|switch|p2b: Incineroar|Incineroar, L50, F|100/100
|-ability|p2b: Incineroar|Intimidate|boost
|-unboost|p1a: Gholdengo|atk|1
|-unboost|p1b: Indeedee|atk|1
|move|p2a: Frosmoth|Protect|p2a: Frosmoth
|-singleturn|p2a: Frosmoth|Protect
|move|p1b: Indeedee|Expanding Force|p2a: Frosmoth|[spread] 
|-activate|p2a: Frosmoth|move: Protect
|-immune|p2b: Incineroar
|move|p1a: Gholdengo|Make It Rain|p2b: Incineroar|[spread] p2b
|-activate|p2a: Frosmoth|move: Protect
|-resisted|p2b: Incineroar
|-damage|p2b: Incineroar|68/100
|-unboost|p1a: Gholdengo|spa|1
|
|-heal|p2a: Frosmoth|100/100|[from] item: Leftovers
|upkeep
|turn|4
|inactive|Money03 has 30 seconds left.
|
|t:|1756653064
|switch|p1b: Tyranitar|Tyranitar, L50, F|100/100
|-weather|Sandstorm|[from] ability: Sand Stream|[of] p1b: Tyranitar
|move|p1a: Gholdengo|Nasty Plot|p1a: Gholdengo
|-boost|p1a: Gholdengo|spa|2
|move|p2a: Frosmoth|Blizzard|p1a: Gholdengo|[spread] p1a,p1b
|-resisted|p1a: Gholdengo
|-damage|p1a: Gholdengo|41/100
|-damage|p1b: Tyranitar|78/100
|move|p2b: Incineroar|Parting Shot|p1b: Tyranitar
|-unboost|p1b: Tyranitar|atk|1
|-unboost|p1b: Tyranitar|spa|1
|
|t:|1756653075
|switch|p2b: Rillaboom|Rillaboom, L50, M|100/100|[from] Parting Shot
|-fieldstart|move: Grassy Terrain|[from] ability: Grassy Surge|[of] p2b: Rillaboom
|
|-weather|Sandstorm|[upkeep]
|-damage|p1a: Gholdengo|35/100|[from] Sandstorm
|-damage|p2a: Frosmoth|95/100|[from] Sandstorm
|-damage|p2b: Rillaboom|94/100|[from] Sandstorm
|-heal|p1a: Gholdengo|41/100|[from] Grassy Terrain
|-heal|p1b: Tyranitar|84/100|[from] Grassy Terrain
|-heal|p2a: Frosmoth|100/100|[from] Grassy Terrain
|-heal|p2b: Rillaboom|100/100|[from] Grassy Terrain
|upkeep
|turn|5
|
|t:|1756653093
|switch|p1b: Indeedee|Indeedee, L50, M|100/100
|-fieldstart|move: Psychic Terrain|[from] ability: Psychic Surge|[of] p1b: Indeedee
|move|p1a: Gholdengo|Shadow Ball|p2a: Frosmoth
|-damage|p2a: Frosmoth|60/100
|move|p2a: Frosmoth|Tera Blast|p1b: Indeedee|[anim] Tera Blast Water
|-damage|p1b: Indeedee|18/100
|move|p2b: Rillaboom|Wood Hammer|p1a: Gholdengo
|-supereffective|p1a: Gholdengo
|-damage|p1a: Gholdengo|0 fnt
|faint|p1a: Gholdengo
|-damage|p2b: Rillaboom|87/100|[from] Recoil
|
|-weather|Sandstorm|[upkeep]
|-damage|p1b: Indeedee|12/100|[from] Sandstorm
|-damage|p2a: Frosmoth|54/100|[from] Sandstorm
|-damage|p2b: Rillaboom|81/100|[from] Sandstorm
|-heal|p2a: Frosmoth|60/100|[from] item: Leftovers
|-sideend|p1: Daniw9|move: Tailwind
|upkeep
|
|t:|1756653104
|switch|p1a: Tyranitar|Tyranitar, L50, F|84/100
|turn|6
|
|t:|1756653120
|move|p2a: Frosmoth|Protect|p2a: Frosmoth
|-singleturn|p2a: Frosmoth|Protect
|move|p1b: Indeedee|Expanding Force|p2b: Rillaboom|[spread] p2b
|-activate|p2a: Frosmoth|move: Protect
|-damage|p2b: Rillaboom|45/100
|move|p2b: Rillaboom|U-turn|p1b: Indeedee
|-supereffective|p1b: Indeedee
|-damage|p1b: Indeedee|0 fnt
|faint|p1b: Indeedee
|
|t:|1756653129
|switch|p2b: Incineroar|Incineroar, L50, F|68/100|[from] U-turn
|-ability|p2b: Incineroar|Intimidate|boost
|-unboost|p1a: Tyranitar|atk|1
|move|p1a: Tyranitar|Knock Off|p2a: Frosmoth
|-activate|p2a: Frosmoth|move: Protect
|
|-weather|Sandstorm|[upkeep]
|-damage|p2a: Frosmoth|54/100|[from] Sandstorm
|-heal|p2a: Frosmoth|60/100|[from] item: Leftovers
|upkeep
|turn|7
|-message|Daniw9 forfeited.
|
|win|Money03
|l|☆Daniw9
|player|p1|
|raw|Daniw9's rating: 1237 → 1216(-21 for losing)
|raw|Money03's rating: 1292 → 1313(+21 for winning)
