|j|☆balancebro
|j|☆mausholdmerchant
|html|balancebromausholdmerchant    
|uhtml|bestof|Game 2 of a best-of-3
|t:|1756441675
|gametype|doubles
|player|p1|balancebro|buck|1054
|player|p2|mausholdmerchant|265|1033
|gen|9
|tier|[Gen 9] VGC 2025 Reg H (Bo3)
|rated|
|rule|Species Clause: Limit one of each Pokémon
|rule|Item Clause: Limit 1 of each item
|clearpoke
|poke|p1|Pelipper, L50, F|
|poke|p1|Basculegion, L50, M|
|poke|p1|Bronzong, L50|
|poke|p1|Amoonguss, L50, M|
|poke|p1|Ursaluna, L50, M|
|poke|p1|Hydreigon, L50, M|
|poke|p2|Ursaluna-Bloodmoon, L50, M|
|poke|p2|Farigiraf, L50, F|
|poke|p2|Amoonguss, L50, F|
|poke|p2|Incineroar, L50, M|
|poke|p2|Illumise, L50, F|
|poke|p2|Basculegion, L50, M|
|teampreview|4
|showteam|p1|Pelipper||FocusSash|Drizzle|MuddyWater,Hurricane,Tailwind,Protect|||F|||50|,,,,,Stellar]Basculegion||ChoiceBand|SwiftSwim|WaveCrash,LastRespects,AquaJet,FlipTurn|||M|||50|,,,,,Water]Bronzong||Leftovers|Levitate|BodyPress,GyroBall,IronDefense,TrickRoom||||||50|,,,,,Fighting]Amoonguss||RockyHelmet|Regenerator|RagePowder,Spore,PollenPuff,ClearSmog|||M|||50|,,,,,Water]Ursaluna||FlameOrb|Guts|Facade,Earthquake,HeadlongRush,Protect|||M|||50|,,,,,Ghost]Hydreigon||ChoiceSpecs|Levitate|Snarl,DarkPulse,DracoMeteor,EarthPower|||M|||50|,,,,,Ghost
|showteam|p2|Ursaluna-Bloodmoon||LifeOrb|MindsEye|BloodMoon,HyperVoice,EarthPower,Protect|||M|||50|,,,,,Normal]Farigiraf||ThroatSpray|ArmorTail|HyperVoice,PsychicNoise,TrickRoom,Protect|||F|||50|,,,,,Fairy]Amoonguss||SitrusBerry|Regenerator|RagePowder,PollenPuff,Spore,Protect|||F|||50|,,,,,Water]Incineroar||SafetyGoggles|Intimidate|FakeOut,PartingShot,KnockOff,FlareBlitz|||M|||50|,,,,,Grass]Illumise||FocusSash|Prankster|RainDance,Tailwind,Encore,Protect|||F|||50|,,,,,Water]Basculegion||ChoiceBand|SwiftSwim|FlipTurn,WaveCrash,AquaJet,LastRespects|||M|||50|,,,,,Water
|inactive|Battle timer is ON: inactive players will automatically lose when time's up. (requested by balancebro)
|
|t:|1756441736
|teamsize|p1|4
|teamsize|p2|4
|start
|switch|p1a: Pelipper|Pelipper, L50, F|100/100
|switch|p1b: Hydreigon|Hydreigon, L50, M|100/100
|switch|p2a: Ursaluna|Ursaluna-Bloodmoon, L50, M|100/100
|switch|p2b: Amoonguss|Amoonguss, L50, F|100/100
|-weather|RainDance|[from] ability: Drizzle|[of] p1a: Pelipper
|turn|1
|inactive|mausholdmerchant has 30 seconds left.
|
|t:|1756441767
|-terastallize|p2b: Amoonguss|Water
|move|p2a: Ursaluna|Protect|p2a: Ursaluna
|-singleturn|p2a: Ursaluna|Protect
|move|p1b: Hydreigon|Dark Pulse|p2b: Amoonguss
|-damage|p2b: Amoonguss|56/100
|move|p1a: Pelipper|Hurricane|p2b: Amoonguss
|-damage|p2b: Amoonguss|23/100
|-enditem|p2b: Amoonguss|Sitrus Berry|[eat]
|-heal|p2b: Amoonguss|48/100|[from] item: Sitrus Berry
|move|p2b: Amoonguss|Spore|p1a: Pelipper
|-status|p1a: Pelipper|slp|[from] move: Spore
|
|-weather|RainDance|[upkeep]
|upkeep
|turn|2
|inactive|balancebro has 30 seconds left.
|
|t:|1756441792
|switch|p1a: Amoonguss|Amoonguss, L50, M|100/100
|move|p2b: Amoonguss|Rage Powder|p2b: Amoonguss
|-singleturn|p2b: Amoonguss|move: Rage Powder
|move|p1b: Hydreigon|Dark Pulse|p2b: Amoonguss
|-damage|p2b: Amoonguss|7/100
|move|p2a: Ursaluna|Hyper Voice|p1b: Hydreigon|[spread] p1a,p1b
|-damage|p1a: Amoonguss|63/100
|-damage|p1b: Hydreigon|45/100
|-damage|p2a: Ursaluna|90/100|[from] item: Life Orb
|
|-weather|RainDance|[upkeep]
|upkeep
|turn|3
|
|t:|1756441814
|move|p2b: Amoonguss|Rage Powder|p2b: Amoonguss
|-singleturn|p2b: Amoonguss|move: Rage Powder
|move|p1b: Hydreigon|Dark Pulse|p2b: Amoonguss
|-damage|p2b: Amoonguss|0 fnt
|faint|p2b: Amoonguss
|move|p2a: Ursaluna|Blood Moon|p1a: Amoonguss
|-damage|p1a: Amoonguss|0 fnt
|faint|p1a: Amoonguss
|-damage|p2a: Ursaluna|80/100|[from] item: Life Orb
|
|-weather|RainDance|[upkeep]
|upkeep
|
|t:|1756441827
|switch|p2b: Incineroar|Incineroar, L50, M|100/100
|switch|p1a: Bronzong|Bronzong, L50|100/100
|-ability|p2b: Incineroar|Intimidate|boost
|-unboost|p1a: Bronzong|atk|1
|-unboost|p1b: Hydreigon|atk|1
|turn|4
|
|t:|1756441850
|-terastallize|p1b: Hydreigon|Ghost
|move|p2b: Incineroar|Fake Out|p1b: Hydreigon
|-immune|p1b: Hydreigon
|move|p1b: Hydreigon|Dark Pulse|p2a: Ursaluna
|-damage|p2a: Ursaluna|11/100
|move|p2a: Ursaluna|Hyper Voice|p1b: Hydreigon|[spread] p1a,p1b
|-resisted|p1a: Bronzong
|-damage|p1a: Bronzong|78/100
|-damage|p1b: Hydreigon|0 fnt
|faint|p1b: Hydreigon
|-damage|p2a: Ursaluna|1/100|[from] item: Life Orb
|move|p1a: Bronzong|Iron Defense|p1a: Bronzong
|-boost|p1a: Bronzong|def|2
|
|-weather|RainDance|[upkeep]
|-heal|p1a: Bronzong|84/100|[from] item: Leftovers
|upkeep
|
|t:|1756441865
|switch|p1b: Pelipper|Pelipper, L50, F|100/100 slp
|turn|5
|
|t:|1756441877
|cant|p1b: Pelipper|slp
|move|p2b: Incineroar|Knock Off|p1a: Bronzong
|-supereffective|p1a: Bronzong
|-damage|p1a: Bronzong|48/100
|-enditem|p1a: Bronzong|Leftovers|[from] move: Knock Off|[of] p2b: Incineroar
|move|p2a: Ursaluna|Blood Moon|p1b: Pelipper
|-enditem|p1b: Pelipper|Focus Sash
|-damage|p1b: Pelipper|1/100 slp
|-damage|p2a: Ursaluna|0 fnt|[from] item: Life Orb
|faint|p2a: Ursaluna
|move|p1a: Bronzong|Body Press|p2b: Incineroar
|-supereffective|p2b: Incineroar
|-damage|p2b: Incineroar|0 fnt
|faint|p2b: Incineroar
|
|-weather|none
|upkeep
|
|t:|1756441894
|switch|p2a: Farigiraf|Farigiraf, L50, F|100/100
|turn|6
|
|t:|1756441903
|cant|p1b: Pelipper|slp
|move|p2a: Farigiraf|Hyper Voice|p1a: Bronzong|[spread] p1a,p1b
|-resisted|p1a: Bronzong
|-damage|p1a: Bronzong|37/100
|-damage|p1b: Pelipper|0 fnt
|faint|p1b: Pelipper
|-enditem|p2a: Farigiraf|Throat Spray
|-boost|p2a: Farigiraf|spa|1|[from] item: Throat Spray
|move|p1a: Bronzong|Body Press|p2a: Farigiraf
|-damage|p2a: Farigiraf|41/100
|
|upkeep
|turn|7
|
|t:|1756441915
|move|p2a: Farigiraf|Hyper Voice|p1a: Bronzong
|-resisted|p1a: Bronzong
|-damage|p1a: Bronzong|15/100
|move|p1a: Bronzong|Body Press|p2a: Farigiraf
|-damage|p2a: Farigiraf|0 fnt
|faint|p2a: Farigiraf
|
|win|balancebro
|raw|balancebro's rating: 1054 → 1084(+30 for winning)
|raw|mausholdmerchant's rating: 1033 → 1019(-14 for losing)
