|j|☆mynamegrassgreen
|j|‽Juaner95
|html|mynamegrassgreenJuaner95    
|uhtml|bestof|Game 2 of a best-of-3
|t:|1784443265
|gametype|doubles
|player|p1|mynamegrassgreen|ingo-masters|1163
|player|p2|Juaner95|ash-hoenn|1138
|gen|9
|tier|[Gen 9 Champions] VGC 2026 Reg M-B (Bo3)
|rated|
|rule|Species Clause: Limit one of each Pokémon
|rule|Item Clause: Limit 1 of each item
|clearpoke
|poke|p1|Blaziken, L50, M, shiny|
|poke|p1|Kingambit, L50, M|
|poke|p1|Basculegion, L50, M|
|poke|p1|Ninetales-Alola, L50, F, shiny|
|poke|p1|Venusaur, L50, F|
|poke|p1|Lycanroc-Dusk, L50, M|
|poke|p2|Scrafty, L50, M|
|poke|p2|Vileplume, L50, M, shiny|
|poke|p2|Oranguru, L50, M|
|poke|p2|Torkoal, L50, M, shiny|
|poke|p2|Gholdengo, L50, shiny|
|poke|p2|Lucario, L50, M|
|teampreview|4
|showteam|p1|Blaziken||Blazikenite|SpeedBoost|CloseCombat,FlareBlitz,RockSlide,Detect|Adamant||M|||50|]Kingambit||LifeOrb|Defiant|KowtowCleave,SuckerPunch,IronHead,Protect|Adamant||M|||50|]Basculegion||ChoiceScarf|Adaptability|WaveCrash,LastRespects,AquaJet,FlipTurn|Jolly||M|||50|]Ninetales-Alola||NeverMeltIce|SnowWarning|Blizzard,FreezeDry,Encore,Protect|Timid||F|||50|]Venusaur||Venusaurite|Chlorophyll|GigaDrain,SludgeBomb,EarthPower,Protect|Modest||F|||50|]Lycanroc-Dusk||FocusSash|ToughClaws|RockSlide,Accelerock,CloseCombat,Protect|Jolly||M|||50|
|showteam|p2|Scrafty||Scraftinite|Intimidate|FakeOut,KnockOff,DrainPunch,RockSlide|Brave||M|||50|]Vileplume||FocusSash|Chlorophyll|AfterYou,SludgeBomb,LeafStorm,Protect|Modest||M|||50|]Oranguru||MentalHerb|InnerFocus|Instruct,Encore,TrickRoom,Protect|Bold||M|||50|]Torkoal||Charcoal|Drought|Eruption,EarthPower,HeatWave,Protect|Quiet||M|||50|]Gholdengo||LifeOrb|GoodasGold|ShadowBall,MakeItRain,NastyPlot,Protect|Timid|||||50|]Lucario||ChoiceScarf|InnerFocus|FinalGambit,HelpingHand,SunnyDay,HealPulse|Timid||M|||50|
|inactive|Battle timer is ON: inactive players will automatically lose when time's up. (requested by mynamegrassgreen)
|inactive|Juaner95 has 60 seconds left.
|inactive|Juaner95 has 30 seconds left.
|inactive|Juaner95 has 20 seconds left.
|
|t:|1784443354
|teamsize|p1|4
|teamsize|p2|4
|start
|switch|p1a: The King|Kingambit, L50, M|100/100
|switch|p1b: Blazing Spirits!|Blaziken, L50, M, shiny|100/100
|switch|p2a: Lucario|Lucario, L50, M|100/100
|switch|p2b: Torkoal|Torkoal, L50, M, shiny|100/100
|-weather|SunnyDay|[from] ability: Drought|[of] p2b: Torkoal
|turn|1
|inactive|mynamegrassgreen has 30 seconds left.
|
|t:|1784443386
|detailschange|p1b: Blazing Spirits!|Blaziken-Mega, L50, M, shiny
|-mega|p1b: Blazing Spirits!|Blaziken|Blazikenite
|move|p1b: Blazing Spirits!|Detect|p1b: Blazing Spirits!
|-singleturn|p1b: Blazing Spirits!|Protect
|move|p1a: The King|Protect|p1a: The King
|-singleturn|p1a: The King|Protect
|move|p2b: Torkoal|Protect|p2b: Torkoal
|-singleturn|p2b: Torkoal|Protect
|move|p2a: Lucario|Final Gambit|p1a: The King
|-activate|p1a: The King|move: Protect
|
|-weather|SunnyDay|[upkeep]
|-ability|p1b: Blazing Spirits!|Speed Boost|boost
|-boost|p1b: Blazing Spirits!|spe|1
|upkeep
|turn|2
|
|t:|1784443402
|move|p1a: The King|Sucker Punch|p2b: Torkoal
|-damage|p2b: Torkoal|57/100
|-damage|p1a: The King|90/100|[from] item: Life Orb
|move|p2a: Lucario|Final Gambit|p1b: Blazing Spirits!
|-damage|p1b: Blazing Spirits!|0 fnt
|faint|p2a: Lucario
|faint|p1b: Blazing Spirits!
|move|p2b: Torkoal|Eruption|p1a: The King
|-supereffective|p1a: The King|1
|-damage|p1a: The King|0 fnt
|faint|p1a: The King
|
|-weather|SunnyDay|[upkeep]
|upkeep
|
|t:|1784443413
|switch|p2a: Vileplume|Vileplume, L50, M, shiny|100/100
|switch|p1b: Crumble|Lycanroc-Dusk, L50, M|100/100
|switch|p1a: Nightmare|Basculegion, L50, M|100/100
|turn|3
|
|t:|1784443424
|move|p1a: Nightmare|Last Respects|p2a: Vileplume
|-enditem|p2a: Vileplume|Focus Sash
|-damage|p2a: Vileplume|1/100
|move|p2a: Vileplume|After You|p2b: Torkoal
|-activate|p2b: Torkoal|move: After You
|move|p2b: Torkoal|Earth Power|p1b: Crumble
|-supereffective|p1b: Crumble|1
|-damage|p1b: Crumble|16/100
|move|p1b: Crumble|Rock Slide|p2a: Vileplume|[spread] p2a,p2b
|-supereffective|p2b: Torkoal|1
|-damage|p2a: Vileplume|0 fnt
|-damage|p2b: Torkoal|13/100
|faint|p2a: Vileplume
|
|-weather|SunnyDay|[upkeep]
|upkeep
|
|t:|1784443434
|switch|p2a: Scrafty|Scrafty, L50, M|100/100
|-ability|p2a: Scrafty|Intimidate|boost
|-unboost|p1a: Nightmare|atk|1
|-unboost|p1b: Crumble|atk|1
|turn|4
|
|t:|1784443443
|detailschange|p2a: Scrafty|Scrafty-Mega, L50, M
|-mega|p2a: Scrafty|Scrafty|Scraftinite
|-ability|p2a: Scrafty|Intimidate|boost
|-unboost|p1a: Nightmare|atk|1
|-unboost|p1b: Crumble|atk|1
|move|p2a: Scrafty|Fake Out|p1b: Crumble
|-resisted|p1b: Crumble|1
|-damage|p1b: Crumble|5/100
|move|p1a: Nightmare|Last Respects|p2b: Torkoal
|-crit|p2b: Torkoal
|-damage|p2b: Torkoal|0 fnt
|faint|p2b: Torkoal
|cant|p1b: Crumble|flinch
|
|-weather|SunnyDay|[upkeep]
|upkeep
|turn|5
|
|t:|1784443454
|move|p1a: Nightmare|Last Respects|p2a: Scrafty
|-resisted|p2a: Scrafty|1
|-damage|p2a: Scrafty|81/100
|move|p1b: Crumble|Close Combat|p2a: Scrafty
|-supereffective|p2a: Scrafty|1
|-damage|p2a: Scrafty|43/100
|-unboost|p1b: Crumble|def|1
|-unboost|p1b: Crumble|spd|1
|move|p2a: Scrafty|Rock Slide|p1b: Crumble|[spread] p1a,p1b
|-damage|p1a: Nightmare|76/100
|-damage|p1b: Crumble|0 fnt
|faint|p1b: Crumble
|
|-weather|none
|upkeep
|turn|6
|
|t:|1784443465
|move|p1a: Nightmare|Last Respects|p2a: Scrafty
|-resisted|p2a: Scrafty|1
|-damage|p2a: Scrafty|19/100
|move|p2a: Scrafty|Knock Off|p1a: Nightmare
|-supereffective|p1a: Nightmare|1
|-damage|p1a: Nightmare|0 fnt
|-enditem|p1a: Nightmare|Choice Scarf|[from] move: Knock Off|[of] p2a: Scrafty
|faint|p1a: Nightmare
|
|win|Juaner95
||mynamegrassgreen is ready for game 3.
|inactive|Juaner95 has 30 seconds to confirm battle start!
|inactive|Juaner95 has 20 seconds to confirm battle start!
|inactive|Juaner95 has 10 seconds to confirm battle start!
|uhtml|next|Next: Game 3 of 3
|l|☆mynamegrassgreen
|player|p1|
