|j|☆chrisjhall12
|j|☆Flinflox
|html|chrisjhall12Flinflox    
|uhtml|bestof|Game 1 of a best-of-3
|t:|1782759063
|gametype|doubles
|player|p1|chrisjhall12|dawn|1266
|player|p2|Flinflox|steven|1295
|gen|9
|tier|[Gen 9 Champions] VGC 2026 Reg M-B (Bo3)
|rated|
|rule|Species Clause: Limit one of each Pokémon
|rule|Item Clause: Limit 1 of each item
|clearpoke
|poke|p1|Mawile, L50, M|
|poke|p1|Farigiraf, L50, F|
|poke|p1|Charizard, L50, F|
|poke|p1|Garchomp, L50, F|
|poke|p1|Incineroar, L50, M|
|poke|p1|Aerodactyl, L50, M|
|poke|p2|Metagross, L50|
|poke|p2|Venusaur, L50, F|
|poke|p2|Incineroar, L50, M, shiny|
|poke|p2|Aerodactyl, L50, F|
|poke|p2|Kommo-o, L50, F|
|poke|p2|Milotic, L50, M|
|teampreview|4
|showteam|p1|Mawile||Mawilite|HyperCutter|SwordsDance,PlayRough,SuckerPunch,Protect|Adamant||M|||50|]Farigiraf||SitrusBerry|ArmorTail|TrickRoom,PsychicNoise,GrassKnot,SunnyDay|Bold||F|||50|]Charizard||CharizarditeY|Blaze|WeatherBall,HeatWave,SolarBeam,Protect|Modest||F|||50|]Garchomp||LifeOrb|RoughSkin|RockSlide,DragonClaw,Earthquake,Protect|Jolly||F|||50|]Incineroar||Leftovers|Intimidate|FakeOut,ThroatChop,FlareBlitz,PartingShot|Impish||M|||50|]Aerodactyl||FocusSash|Unnerve|Tailwind,SunnyDay,RockSlide,WideGuard|Jolly||M|||50|
|showteam|p2|Metagross||Metagrossite|ClearBody|IronHead,PsychicFangs,Protect,ThunderPunch|Jolly|||||50|]Venusaur||Venusaurite|Chlorophyll|GigaDrain,EarthPower,Protect,LeechSeed|Modest||F|||50|]Incineroar||ChopleBerry|Intimidate|FlareBlitz,DarkestLariat,FakeOut,PartingShot|Careful||M|||50|]Aerodactyl||FocusSash|Unnerve|RockSlide,DualWingbeat,WideGuard,Tailwind|Jolly||F|||50|]Kommo-o||Leftovers|Soundproof|ClangingScales,AuraSphere,Protect,ClangorousSoul|Timid||F|||50|]Milotic||SitrusBerry|Competitive|Scald,IcyWind,Protect,LifeDew|Bold||M|||50|
|
|t:|1782759112
|teamsize|p1|4
|teamsize|p2|4
|start
|switch|p1a: Mawile|Mawile, L50, M|100/100
|switch|p1b: Garchomp|Garchomp, L50, F|100/100
|switch|p2a: Aerodactyl|Aerodactyl, L50, F|100/100
|switch|p2b: Metagross|Metagross, L50|100/100
|-ability|p2a: Aerodactyl|Unnerve
|turn|1
|
|t:|1782759140
|detailschange|p2b: Metagross|Metagross-Mega, L50
|-mega|p2b: Metagross|Metagross|Metagrossite
|move|p1a: Mawile|Protect|p1a: Mawile
|-singleturn|p1a: Mawile|Protect
|move|p2a: Aerodactyl|Rock Slide|p1a: Mawile|[spread] p1b
|-activate|p1a: Mawile|move: Protect
|-resisted|p1b: Garchomp|1
|-damage|p1b: Garchomp|87/100
|move|p2b: Metagross|Iron Head|p1a: Mawile
|-activate|p1a: Mawile|move: Protect
|cant|p1b: Garchomp|flinch
|
|upkeep
|turn|2
|
|t:|1782759157
|switch|p1b: Incineroar|Incineroar, L50, M|100/100
|-ability|p1b: Incineroar|Intimidate|boost
|-unboost|p2a: Aerodactyl|atk|1
|-unboost|p2b: Metagross|atk|1
|detailschange|p1a: Mawile|Mawile-Mega, L50, M
|-mega|p1a: Mawile|Mawile|Mawilite
|move|p2a: Aerodactyl|Rock Slide|p1a: Mawile|[spread] p1a,p1b
|-resisted|p1a: Mawile|1
|-supereffective|p1b: Incineroar|1
|-damage|p1a: Mawile|92/100
|-damage|p1b: Incineroar|73/100
|move|p2b: Metagross|Iron Head|p1a: Mawile
|-damage|p1a: Mawile|51/100
|move|p1a: Mawile|Swords Dance|p1a: Mawile
|-boost|p1a: Mawile|atk|2
|
|-heal|p1b: Incineroar|79/100|[from] item: Leftovers
|upkeep
|turn|3
|
|t:|1782759177
|switch|p2a: Kommo-o|Kommo-o, L50, F|100/100
|switch|p2b: Milotic|Milotic, L50, M|100/100
|move|p1a: Mawile|Sucker Punch||[still]
|-fail|p1a: Mawile
|move|p1b: Incineroar|Parting Shot|p2a: Kommo-o
|-immune|p2a: Kommo-o|[from] ability: Soundproof
|
|-heal|p1b: Incineroar|85/100|[from] item: Leftovers
|upkeep
|turn|4
|
|t:|1782759191
|move|p2a: Kommo-o|Clangorous Soul|p2a: Kommo-o
|-boost|p2a: Kommo-o|atk|1
|-boost|p2a: Kommo-o|def|1
|-boost|p2a: Kommo-o|spa|1
|-boost|p2a: Kommo-o|spd|1
|-boost|p2a: Kommo-o|spe|1
|-damage|p2a: Kommo-o|67/100
|move|p2b: Milotic|Scald|p1a: Mawile
|-damage|p1a: Mawile|14/100
|move|p1b: Incineroar|Throat Chop|p2b: Milotic
|-damage|p2b: Milotic|76/100
|-start|p2b: Milotic|Throat Chop|[silent]
|move|p1a: Mawile|Play Rough|p2a: Kommo-o
|-supereffective|p2a: Kommo-o|2
|-damage|p2a: Kommo-o|0 fnt
|faint|p2a: Kommo-o
|
|-heal|p1b: Incineroar|91/100|[from] item: Leftovers
|upkeep
|
|t:|1782759196
|switch|p2a: Metagross|Metagross-Mega, L50|100/100
|turn|5
|
|t:|1782759211
|switch|p2a: Aerodactyl|Aerodactyl, L50, F|100/100
|-ability|p2a: Aerodactyl|Unnerve
|move|p1a: Mawile|Protect|p1a: Mawile
|-singleturn|p1a: Mawile|Protect
|move|p2b: Milotic|Scald|p1a: Mawile
|-activate|p1a: Mawile|move: Protect
|move|p1b: Incineroar|Parting Shot|p2a: Aerodactyl
|-unboost|p2a: Aerodactyl|atk|1
|-unboost|p2a: Aerodactyl|spa|1
|
|t:|1782759227
|switch|p1b: Garchomp|Garchomp, L50, F|87/100|[from] Parting Shot
|
|-end|p2b: Milotic|Throat Chop|[silent]
|upkeep
|turn|6
|
|t:|1782759250
|move|p1a: Mawile|Sucker Punch|p2b: Milotic
|-crit|p2b: Milotic
|-damage|p2b: Milotic|0 fnt
|faint|p2b: Milotic
|move|p2a: Aerodactyl|Rock Slide|p1b: Garchomp|[spread] p1a,p1b
|-resisted|p1a: Mawile|1
|-resisted|p1b: Garchomp|1
|-damage|p1a: Mawile|6/100
|-damage|p1b: Garchomp|79/100
|cant|p1b: Garchomp|flinch
|
|upkeep
|
|t:|1782759253
|switch|p2b: Metagross|Metagross-Mega, L50|100/100
|turn|7
|
|t:|1782759261
|move|p1a: Mawile|Sucker Punch|p2b: Metagross
|-supereffective|p2b: Metagross|1
|-damage|p2b: Metagross|0 fnt
|faint|p2b: Metagross
|move|p2a: Aerodactyl|Rock Slide|p1b: Garchomp|[spread] p1a,p1b
|-resisted|p1a: Mawile|1
|-resisted|p1b: Garchomp|1
|-crit|p1b: Garchomp
|-damage|p1a: Mawile|0 fnt
|-damage|p1b: Garchomp|59/100
|faint|p1a: Mawile
|move|p1b: Garchomp|Rock Slide|p2a: Aerodactyl
|-supereffective|p2a: Aerodactyl|1
|-enditem|p2a: Aerodactyl|Focus Sash
|-damage|p2a: Aerodactyl|1/100
|-damage|p1b: Garchomp|50/100g|[from] item: Life Orb
|
|upkeep
|-message|Flinflox forfeited.
|
|win|chrisjhall12
|l|☆Flinflox
|player|p2|
||Flinflox is ready for game 2.
||chrisjhall12 is ready for game 2.
|uhtml|next|Next: Game 2 of 3
