|j|☆platanoso
|j|☆platinumflare
|html|platanosoplatinumflare    
|uhtml|bestof|Game 2 of a best-of-3
|t:|1782337418
|gametype|doubles
|player|p1|platanoso|madame-gen4|1097
|player|p2|platinumflare|lance|1113
|gen|9
|tier|[Gen 9 Champions] VGC 2026 Reg M-B (Bo3)
|rated|
|rule|Species Clause: Limit one of each Pokémon
|rule|Item Clause: Limit 1 of each item
|clearpoke
|poke|p1|Raichu, L50, M|
|poke|p1|Floette-Eternal, L50, F|
|poke|p1|Sinistcha, L50|
|poke|p1|Ceruledge, L50, M|
|poke|p1|Milotic, L50, F|
|poke|p1|Incineroar, L50, F|
|poke|p2|Meowscarada, L50, F|
|poke|p2|Talonflame, L50, M|
|poke|p2|Basculegion, L50, M|
|poke|p2|Sneasler, L50, F|
|poke|p2|Garchomp, L50, M|
|poke|p2|Metagross, L50|
|teampreview|4
|showteam|p1|Raichu||RaichuniteY|LightningRod|ZapCannon,FocusBlast,FakeOut,Protect|Timid||M|||50|]Floette-Eternal||Floettite|FlowerVeil|Protect,DrainingKiss,DazzlingGleam,CalmMind|Timid||F|||50|]Sinistcha||KasibBerry|Hospitality|MatchaGotcha,LifeDew,RagePowder,Protect|Relaxed|||||50|]Ceruledge||ColburBerry|FlashFire|BitterBlade,ShadowSneak,BulkUp,Protect|Adamant||M|||50|]Milotic||Leftovers|Competitive|MuddyWater,Coil,Hypnosis,Protect|Calm||F|||50|]Incineroar||SitrusBerry|Intimidate|FlareBlitz,ThroatChop,FakeOut,PartingShot|Impish||F|||50|
|showteam|p2|Meowscarada||ChoiceScarf|Protean|FlowerTrick,TripleAxel,Uturn,ThroatChop|Adamant||F|||50|]Talonflame||FocusSash|GaleWings|Tailwind,DualWingbeat,Protect,BlazeKick|Jolly||M|||50|]Basculegion||LifeOrb|Adaptability|LastRespects,AquaJet,WaveCrash,Protect|Adamant||M|||50|]Sneasler||WhiteHerb|Unburden|FakeOut,CloseCombat,GunkShot,Protect|Jolly||F|||50|]Garchomp||SitrusBerry|RoughSkin|Earthquake,RockSlide,Protect,DragonClaw|Adamant||M|||50|]Metagross||Metagrossite|ClearBody|IronHead,PsychicFangs,Protect,StompingTantrum|Jolly|||||50|
|inactive|Battle timer is ON: inactive players will automatically lose when time's up. (requested by platinumflare)
|inactive|platinumflare has 60 seconds left.
|inactive|platinumflare has 30 seconds left.
|inactive|platinumflare has 20 seconds left.
|
|t:|1782337493
|teamsize|p1|4
|teamsize|p2|4
|start
|switch|p1a: Milotic|Milotic, L50, F|100/100
|switch|p1b: Incineroar|Incineroar, L50, F|100/100
|switch|p2a: Sneasler|Sneasler, L50, F|100/100
|switch|p2b: Meowscarada|Meowscarada, L50, F|100/100
|-ability|p1b: Incineroar|Intimidate|boost
|-unboost|p2a: Sneasler|atk|1
|-unboost|p2b: Meowscarada|atk|1
|-enditem|p2a: Sneasler|White Herb
|-clearnegativeboost|p2a: Sneasler|[silent]
|turn|1
|inactive|platanoso has 30 seconds left.
|
|t:|1782337521
|switch|p1a: Ceruledge|Ceruledge, L50, M|100/100
|move|p2a: Sneasler|Fake Out|p1b: Incineroar
|-damage|p1b: Incineroar|90/100
|move|p2b: Meowscarada|Flower Trick|p1a: Ceruledge
|-start|p2b: Meowscarada|typechange|Grass|[from] ability: Protean
|-resisted|p1a: Ceruledge|1
|-crit|p1a: Ceruledge
|-damage|p1a: Ceruledge|73/100
|cant|p1b: Incineroar|flinch
|
|upkeep
|turn|2
|
|t:|1782337543
|switch|p2b: Basculegion|Basculegion, L50, M|100/100
|switch|p1b: Milotic|Milotic, L50, F|100/100
|move|p2a: Sneasler|Close Combat|p1b: Milotic
|-damage|p1b: Milotic|46/100
|-unboost|p2a: Sneasler|def|1
|-unboost|p2a: Sneasler|spd|1
|move|p1a: Ceruledge|Bulk Up|p1a: Ceruledge
|-boost|p1a: Ceruledge|atk|1
|-boost|p1a: Ceruledge|def|1
|
|-heal|p1b: Milotic|51/100|[from] item: Leftovers
|upkeep
|turn|3
|inactive|platanoso has 30 seconds left.
|inactive|platanoso has 20 seconds left.
|
|t:|1782337580
|move|p1a: Ceruledge|Protect|p1a: Ceruledge
|-singleturn|p1a: Ceruledge|Protect
|move|p2b: Basculegion|Aqua Jet|p1a: Ceruledge
|-activate|p1a: Ceruledge|move: Protect
|move|p2a: Sneasler|Close Combat|p1b: Milotic
|-damage|p1b: Milotic|2/100
|-unboost|p2a: Sneasler|def|1
|-unboost|p2a: Sneasler|spd|1
|move|p1b: Milotic|Coil|p1b: Milotic
|-boost|p1b: Milotic|atk|1
|-boost|p1b: Milotic|def|1
|-boost|p1b: Milotic|accuracy|1
|
|-heal|p1b: Milotic|8/100|[from] item: Leftovers
|upkeep
|turn|4
|
|t:|1782337600
|switch|p1b: Incineroar|Incineroar, L50, F|90/100
|-ability|p1b: Incineroar|Intimidate|boost
|-unboost|p2a: Sneasler|atk|1
|-unboost|p2b: Basculegion|atk|1
|move|p2b: Basculegion|Aqua Jet|p1a: Ceruledge
|-supereffective|p1a: Ceruledge|1
|-damage|p1a: Ceruledge|35/100
|-damage|p2b: Basculegion|90/100|[from] item: Life Orb
|move|p1a: Ceruledge|Shadow Sneak|p2a: Sneasler
|-damage|p2a: Sneasler|0 fnt
|faint|p2a: Sneasler
|
|upkeep
|
|t:|1782337612
|switch|p2a: Metagross|Metagross, L50|100/100
|turn|5
|
|t:|1782337632
|detailschange|p2a: Metagross|Metagross-Mega, L50
|-mega|p2a: Metagross|Metagross|Metagrossite
|move|p2b: Basculegion|Protect|p2b: Basculegion
|-singleturn|p2b: Basculegion|Protect
|move|p1b: Incineroar|Fake Out|p2a: Metagross
|-resisted|p2a: Metagross|1
|-damage|p2a: Metagross|96/100
|move|p1a: Ceruledge|Shadow Sneak|p2b: Basculegion
|-activate|p2b: Basculegion|move: Protect
|cant|p2a: Metagross|flinch
|
|upkeep
|turn|6
|
|t:|1782337645
|move|p1a: Ceruledge|Protect|p1a: Ceruledge
|-singleturn|p1a: Ceruledge|Protect
|move|p2b: Basculegion|Aqua Jet|p1b: Incineroar
|-supereffective|p1b: Incineroar|1
|-damage|p1b: Incineroar|53/100
|-damage|p2b: Basculegion|80/100|[from] item: Life Orb
|move|p2a: Metagross|Stomping Tantrum|p1a: Ceruledge
|-activate|p1a: Ceruledge|move: Protect
|move|p1b: Incineroar|Parting Shot|p2b: Basculegion
|-unboost|p2b: Basculegion|atk|1
|-unboost|p2b: Basculegion|spa|1
|
|t:|1782337657
|switch|p1b: Raichu|Raichu, L50, M|100/100|[from] Parting Shot
|
|upkeep
|turn|7
|
|t:|1782337678
|detailschange|p1b: Raichu|Raichu-Mega-Y, L50, M
|-mega|p1b: Raichu|Raichu|Raichunite Y
|move|p1b: Raichu|Fake Out|p2a: Metagross
|-resisted|p2a: Metagross|1
|-damage|p2a: Metagross|92/100
|move|p2b: Basculegion|Aqua Jet|p1a: Ceruledge
|-supereffective|p1a: Ceruledge|1
|-damage|p1a: Ceruledge|7/100
|-damage|p2b: Basculegion|71/100|[from] item: Life Orb
|cant|p2a: Metagross|flinch
|move|p1a: Ceruledge|Bulk Up|p1a: Ceruledge
|-boost|p1a: Ceruledge|atk|1
|-boost|p1a: Ceruledge|def|1
|
|upkeep
|turn|8
|
|t:|1782337700
|move|p2b: Basculegion|Aqua Jet|p1a: Ceruledge
|-supereffective|p1a: Ceruledge|1
|-damage|p1a: Ceruledge|0 fnt
|faint|p1a: Ceruledge
|-damage|p2b: Basculegion|61/100|[from] item: Life Orb
|move|p1b: Raichu|Zap Cannon|p2b: Basculegion
|-supereffective|p2b: Basculegion|1
|-damage|p2b: Basculegion|0 fnt
|faint|p2b: Basculegion
|move|p2a: Metagross|Stomping Tantrum|p1b: Raichu
|-supereffective|p1b: Raichu|1
|-damage|p1b: Raichu|0 fnt
|faint|p1b: Raichu
|
|upkeep
|
|t:|1782337708
|switch|p1b: Incineroar|Incineroar, L50, F|53/100
|switch|p2b: Meowscarada|Meowscarada, L50, F|100/100
|switch|p1a: Milotic|Milotic, L50, F|8/100
|-ability|p1b: Incineroar|Intimidate|boost
|-unboost|p2a: Metagross|atk|1
|-unboost|p2b: Meowscarada|atk|1
|turn|9
|
|t:|1782337721
|move|p1b: Incineroar|Fake Out|p2b: Meowscarada
|-damage|p2b: Meowscarada|83/100
|cant|p2b: Meowscarada|flinch
|move|p2a: Metagross|Stomping Tantrum|p1b: Incineroar
|-supereffective|p1b: Incineroar|1
|-damage|p1b: Incineroar|16/100
|-enditem|p1b: Incineroar|Sitrus Berry|[eat]
|-heal|p1b: Incineroar|41/100|[from] item: Sitrus Berry
|move|p1a: Milotic|Hypnosis|p2a: Metagross|[miss]
|-miss|p1a: Milotic|p2a: Metagross
|
|-heal|p1a: Milotic|14/100|[from] item: Leftovers
|upkeep
|turn|10
|-message|platanoso forfeited.
|
|win|platinumflare
