|j|☆MrMrvz
|j|☆Imperial Bagel
|html|MrMrvzImperial Bagel    
|uhtml|bestof|Game 2 of a best-of-3
|t:|1785947946
|gametype|doubles
|player|p1|MrMrvz|ethan|1148
|player|p2|Imperial Bagel|169|1109
|gen|9
|tier|[Gen 9 Champions] VGC 2026 Reg M-B (Bo3)
|rated|
|rule|Species Clause: Limit one of each Pokémon
|rule|Item Clause: Limit 1 of each item
|clearpoke
|poke|p1|Feraligatr, L50, M, shiny|
|poke|p1|Staraptor, L50, M|
|poke|p1|Whimsicott, L50, M|
|poke|p1|Glimmora, L50, F|
|poke|p1|Delphox, L50, M|
|poke|p1|Kingambit, L50, M, shiny|
|poke|p2|Gengar, L50, F|
|poke|p2|Gholdengo, L50|
|poke|p2|Sneasler, L50, F|
|poke|p2|Corviknight, L50, M|
|poke|p2|Incineroar, L50, M|
|poke|p2|Meganium, L50, M|
|teampreview|4
|showteam|p1|Feraligatr||LifeOrb|SheerForce|Liquidation,RockSlide,IcePunch,AquaJet|Adamant||M|||50|]Staraptor||Staraptite|Intimidate|BraveBird,CloseCombat,Roost,Protect|Jolly||M|||50|]Whimsicott||OccaBerry|Prankster|Tailwind,Moonblast,Charm,LightScreen|Timid||M|||50|]Glimmora||FocusSash|ToxicDebris|PowerGem,SludgeBomb,EarthPower,SpikyShield|Modest||F|||50|]Delphox||Delphoxite|Blaze|HeatWave,Psychic,Encore,Protect|Timid||M|||50|]Kingambit||ChopleBerry|Defiant|KowtowCleave,IronHead,LowKick,SuckerPunch|Adamant||M|||50|
|showteam|p2|Gengar||Gengarite|CursedBody|Disable,Protect,SludgeWave,ShadowBall|Modest||F|||50|]Gholdengo||LifeOrb|GoodasGold|MakeItRain,NastyPlot,Protect,PowerGem|Modest|||||50|]Sneasler||WhiteHerb|Unburden|DireClaw,CloseCombat,Protect,FakeOut|Adamant||F|||50|]Corviknight||Leftovers|MirrorArmor|Tailwind,BulkUp,BodyPress,BraveBird|Adamant||M|||50|]Incineroar||BrightPowder|Intimidate|FakeOut,PartingShot,FlareBlitz,Taunt|Adamant||M|||50|]Meganium||Meganiumite|Overgrow|Substitute,GigaDrain,DazzlingGleam,LeechSeed|Modest||M|||50|
|inactive|Battle timer is ON: inactive players will automatically lose when time's up. (requested by MrMrvz)
|
|t:|1785947981
|teamsize|p1|4
|teamsize|p2|4
|start
|switch|p1a: Delphox|Delphox, L50, M|100/100
|switch|p1b: Whimsicott|Whimsicott, L50, M|100/100
|switch|p2a: Corviknight|Corviknight, L50, M|100/100
|switch|p2b: Incineroar|Incineroar, L50, M|100/100
|-ability|p2b: Incineroar|Intimidate|boost
|-unboost|p1a: Delphox|atk|1
|-unboost|p1b: Whimsicott|atk|1
|turn|1
|inactive|MrMrvz has 30 seconds left.
|
|t:|1785948009
|detailschange|p1a: Delphox|Delphox-Mega, L50, M
|-mega|p1a: Delphox|Delphox|Delphoxite
|move|p2b: Incineroar|Fake Out|p1a: Delphox
|-damage|p1a: Delphox|78/100
|move|p1b: Whimsicott|Charm|p2b: Incineroar
|-hint|Since gen 7, Dark is immune to Prankster moves.
|-immune|p2b: Incineroar
|cant|p1a: Delphox|flinch
|move|p2a: Corviknight|Tailwind|p2a: Corviknight
|-sidestart|p2: Imperial Bagel|move: Tailwind
|
|upkeep
|turn|2
|inactive|Imperial Bagel has 30 seconds left.
|
|t:|1785948039
|move|p1b: Whimsicott|Tailwind|p1b: Whimsicott
|-sidestart|p1: MrMrvz|move: Tailwind
|move|p1a: Delphox|Heat Wave|p2b: Incineroar|[spread] p2a,p2b
|-supereffective|p2a: Corviknight|1
|-resisted|p2b: Incineroar|1
|-damage|p2a: Corviknight|20/100r
|-damage|p2b: Incineroar|82/100
|move|p2a: Corviknight|Brave Bird|p1b: Whimsicott
|-supereffective|p1b: Whimsicott|1
|-damage|p1b: Whimsicott|0 fnt
|faint|p1b: Whimsicott
|-damage|p2a: Corviknight|0 fnt|[from] Recoil
|faint|p2a: Corviknight
|move|p2b: Incineroar|Parting Shot|p1a: Delphox
|-unboost|p1a: Delphox|atk|1
|-unboost|p1a: Delphox|spa|1
|inactive|Imperial Bagel has 30 seconds left.
|
|t:|1785948065
|switch|p2b: Gholdengo|Gholdengo, L50|100/100|[from] Parting Shot
|
|upkeep
|
|t:|1785948078
|switch|p1b: Glimmora|Glimmora, L50, F|100/100
|switch|p2a: Incineroar|Incineroar, L50, M|82/100
|-ability|p2a: Incineroar|Intimidate|boost
|-unboost|p1a: Delphox|atk|1
|-unboost|p1b: Glimmora|atk|1
|turn|3
|inactive|MrMrvz has 30 seconds left.
|inactive|Imperial Bagel has 30 seconds left.
|inactive|Imperial Bagel has 20 seconds left.
|inactive|Imperial Bagel has 15 seconds left.
|inactive|Imperial Bagel has 10 seconds left.
|
|t:|1785948125
|move|p1a: Delphox|Protect|p1a: Delphox
|-singleturn|p1a: Delphox|Protect
|move|p2b: Gholdengo|Protect|p2b: Gholdengo
|-singleturn|p2b: Gholdengo|Protect
|move|p2a: Incineroar|Fake Out|p1a: Delphox
|-activate|p1a: Delphox|move: Protect
|move|p1b: Glimmora|Power Gem|p2a: Incineroar
|-supereffective|p2a: Incineroar|1
|-damage|p2a: Incineroar|1/100
|
|upkeep
|turn|4
|inactive|Imperial Bagel has 30 seconds left.
|
|t:|1785948154
|move|p1a: Delphox|Heat Wave|p2a: Incineroar|[spread] p2b
|-miss|p1a: Delphox|p2a: Incineroar
|-supereffective|p2b: Gholdengo|1
|-damage|p2b: Gholdengo|36/100
|move|p1b: Glimmora|Earth Power|p2b: Gholdengo
|-supereffective|p2b: Gholdengo|1
|-damage|p2b: Gholdengo|0 fnt
|faint|p2b: Gholdengo
|move|p2a: Incineroar|Parting Shot|p1b: Glimmora
|-unboost|p1b: Glimmora|atk|1
|-unboost|p1b: Glimmora|spa|1
|
|t:|1785948164
|switch|p2a: Gengar|Gengar, L50, F|100/100|[from] Parting Shot
|
|-sideend|p2: Imperial Bagel|move: Tailwind
|upkeep
|
|t:|1785948166
|switch|p2b: Incineroar|Incineroar, L50, M|1/100
|-ability|p2b: Incineroar|Intimidate|boost
|-unboost|p1a: Delphox|atk|1
|-unboost|p1b: Glimmora|atk|1
|turn|5
|inactive|MrMrvz has 30 seconds left.
|inactive|MrMrvz has 20 seconds left.
|inactive|MrMrvz has 15 seconds left.
|inactive|MrMrvz has 10 seconds left.
|
|t:|1785948213
|switch|p1a: Kingambit|Kingambit, L50, M, shiny|100/100
|detailschange|p2a: Gengar|Gengar-Mega, L50, F
|-mega|p2a: Gengar|Gengar|Gengarite
|move|p2a: Gengar|Protect|p2a: Gengar
|-singleturn|p2a: Gengar|Protect
|move|p2b: Incineroar|Fake Out|p1a: Kingambit
|-resisted|p1a: Kingambit|1
|-crit|p1a: Kingambit
|-damage|p1a: Kingambit|91/100
|move|p1b: Glimmora|Earth Power|p2a: Gengar
|-activate|p2a: Gengar|move: Protect
|
|-sideend|p1: MrMrvz|move: Tailwind
|upkeep
|turn|6
|inactive|MrMrvz has 30 seconds left.
|inactive|Imperial Bagel has 30 seconds left.
|
|t:|1785948244
|move|p2a: Gengar|Shadow Ball|p1b: Glimmora
|-damage|p1b: Glimmora|25/100
|-unboost|p1b: Glimmora|spd|1
|move|p1b: Glimmora|Power Gem|p2b: Incineroar
|-supereffective|p2b: Incineroar|1
|-damage|p2b: Incineroar|0 fnt
|faint|p2b: Incineroar
|move|p1a: Kingambit|Kowtow Cleave|p2a: Gengar
|-supereffective|p2a: Gengar|1
|-damage|p2a: Gengar|0 fnt
|faint|p2a: Gengar
|
|win|MrMrvz
|raw|MrMrvz's rating: 1148 → 1170(+22 for winning)
|raw|Imperial Bagel's rating: 1109 → 1087(-22 for losing)
|l|☆Imperial Bagel
|player|p2|
