|j|☆RosieAndJim
|j|☆AviDotWav
|html|RosieAndJimAviDotWav    
|uhtml|bestof|Game 1 of a best-of-3
|t:|1756217559
|gametype|doubles
|player|p1|RosieAndJim|1|1149
|player|p2|AviDotWav|lady-gen4|1097
|gen|9
|tier|[Gen 9] VGC 2025 Reg H (Bo3)
|rated|
|rule|Species Clause: Limit one of each Pokémon
|rule|Item Clause: Limit 1 of each item
|clearpoke
|poke|p1|Inteleon, L50, F|
|poke|p1|Archaludon, L50, M|
|poke|p1|Garchomp, L50, F|
|poke|p1|Incineroar, L50, M|
|poke|p1|Pelipper, L50, F|
|poke|p1|Talonflame, L50, F|
|poke|p2|Weezing-Galar, L50, M|
|poke|p2|Whimsicott, L50, F|
|poke|p2|Incineroar, L50, M|
|poke|p2|Annihilape, L50, M|
|poke|p2|Palafin, L50, M|
|poke|p2|Dragonite, L50, F|
|teampreview|4
|showteam|p1|Inteleon||ChoiceSpecs|Sniper|SnipeShot,Scald,ShadowBall,FlipTurn|||F|||50|,,,,,Water]Archaludon||AssaultVest|Stamina|ElectroShot,DragonPulse,BodyPress,Snarl|||M|||50|,,,,,Grass]Garchomp||LifeOrb|RoughSkin|Earthquake,DragonClaw,StompingTantrum,Protect|||F|||50|,,,,,Ground]Incineroar||SafetyGoggles|Intimidate|FlareBlitz,KnockOff,PartingShot,FakeOut|||M|||50|,,,,,Ghost]Pelipper||FocusSash|Drizzle|WeatherBall,Hurricane,Tailwind,Protect|||F|||50|,,,,,Stellar]Talonflame||CovertCloak|GaleWings|BraveBird,Tailwind,Taunt,RainDance|||F|||50|,,,,,Flying
|showteam|p2|Weezing-Galar||ChoiceSpecs|MistySurge|SludgeBomb,StrangeSteam,DazzlingGleam,Flamethrower|||M|||50|,,,,,Fire]Whimsicott||FocusSash|Prankster|Tailwind,Moonblast,Encore,HelpingHand|||F|||50|,,,,,Water]Incineroar||AssaultVest|Intimidate|FlareBlitz,KnockOff,FakeOut,Uturn|||M|||50|,,,,,Grass]Annihilape||Leftovers|Defiant|DrainPunch,RageFist,BulkUp,Protect|||M|||50|,,,,,Water]Palafin||ChoiceBand|ZerotoHero|JetPunch,WaveCrash,FlipTurn,CloseCombat|||M|||50|,,,,,Water]Dragonite||LoadedDice|InnerFocus|StompingTantrum,ScaleShot,Tailwind,Haze|||F|||50|,,,,,Fairy
|inactive|Battle timer is ON: inactive players will automatically lose when time's up. (requested by AviDotWav)
|inactive|RosieAndJim has 60 seconds left.
|inactive|AviDotWav has 60 seconds left.
|
|t:|1756217616
|teamsize|p1|4
|teamsize|p2|4
|start
|switch|p1a: Talonflame|Talonflame, L50, F|100/100
|switch|p1b: Garchomp|Garchomp, L50, F|100/100
|switch|p2a: Whimsicott|Whimsicott, L50, F|100/100
|switch|p2b: Palafin|Palafin, L50, M|100/100
|turn|1
|inactive|RosieAndJim has 30 seconds left.
|
|t:|1756217647
|move|p1a: Talonflame|Brave Bird|p2a: Whimsicott
|-supereffective|p2a: Whimsicott
|-enditem|p2a: Whimsicott|Focus Sash
|-damage|p2a: Whimsicott|1/100
|-damage|p1a: Talonflame|72/100|[from] Recoil
|move|p2a: Whimsicott|Tailwind|p2a: Whimsicott
|-sidestart|p2: AviDotWav|move: Tailwind
|move|p2b: Palafin|Flip Turn|p1a: Talonflame
|-supereffective|p1a: Talonflame
|-damage|p1a: Talonflame|0 fnt
|faint|p1a: Talonflame
|
|t:|1756217664
|detailschange|p2b: Palafin|Palafin-Hero, L50, M
|switch|p2b: Annihilape|Annihilape, L50, M|100/100|[from] Flip Turn
|move|p1b: Garchomp|Earthquake|p2a: Whimsicott|[spread] p2a,p2b
|-resisted|p2a: Whimsicott
|-damage|p2a: Whimsicott|0 fnt
|-damage|p2b: Annihilape|46/100
|faint|p2a: Whimsicott
|-damage|p1b: Garchomp|91/100|[from] item: Life Orb
|
|-heal|p2b: Annihilape|53/100|[from] item: Leftovers
|upkeep
|
|t:|1756217677
|switch|p1a: Archaludon|Archaludon, L50, M|100/100
|switch|p2a: Weezing|Weezing-Galar, L50, M|100/100
|-fieldstart|move: Misty Terrain|[from] ability: Misty Surge|[of] p2a: Weezing
|turn|2
|inactive|RosieAndJim has 30 seconds left.
|inactive|RosieAndJim has 20 seconds left.
|inactive|RosieAndJim has 15 seconds left.
|inactive|AviDotWav has 30 seconds left.
|inactive|RosieAndJim has 10 seconds left.
|
|t:|1756217725
|move|p2b: Annihilape|Protect|p2b: Annihilape
|-singleturn|p2b: Annihilape|Protect
|move|p1b: Garchomp|Stomping Tantrum|p2a: Weezing
|-supereffective|p2a: Weezing
|-damage|p2a: Weezing|0 fnt
|faint|p2a: Weezing
|-damage|p1b: Garchomp|81/100|[from] item: Life Orb
|move|p1a: Archaludon|Dragon Pulse|p2b: Annihilape
|-activate|p2b: Annihilape|move: Protect
|
|-heal|p2b: Annihilape|59/100|[from] item: Leftovers
|upkeep
|
|t:|1756217730
|switch|p2a: Palafin|Palafin-Hero, L50, M|100/100
|-activate|p2a: Palafin|ability: Zero to Hero
|turn|3
|inactive|RosieAndJim has 30 seconds left.
|inactive|AviDotWav has 30 seconds left.
|
|t:|1756217766
|-terastallize|p1a: Archaludon|Grass
|move|p1b: Garchomp|Protect|p1b: Garchomp
|-singleturn|p1b: Garchomp|Protect
|move|p2a: Palafin|Wave Crash|p1b: Garchomp
|-activate|p1b: Garchomp|move: Protect
|move|p2b: Annihilape|Drain Punch|p1a: Archaludon
|-damage|p1a: Archaludon|80/100
|-heal|p2b: Annihilape|69/100|[from] drain|[of] p1a: Archaludon
|-ability|p1a: Archaludon|Stamina|boost
|-boost|p1a: Archaludon|def|1
|move|p1a: Archaludon|Electro Shot||[still]
|-prepare|p1a: Archaludon|Electro Shot
|-boost|p1a: Archaludon|spa|1
|
|-heal|p2b: Annihilape|75/100|[from] item: Leftovers
|upkeep
|turn|4
|inactive|RosieAndJim has 30 seconds left.
|
|t:|1756217796
|move|p2a: Palafin|Wave Crash|p1b: Garchomp
|-damage|p1b: Garchomp|0 fnt
|-damage|p2a: Palafin|88/100|[from] ability: Rough Skin|[of] p1b: Garchomp
|faint|p1b: Garchomp
|-damage|p2a: Palafin|60/100|[from] Recoil
|move|p2b: Annihilape|Bulk Up|p2b: Annihilape
|-boost|p2b: Annihilape|atk|1
|-boost|p2b: Annihilape|def|1
|move|p1a: Archaludon|Electro Shot|p2a: Palafin|[from] lockedmove
|-supereffective|p2a: Palafin
|-damage|p2a: Palafin|0 fnt
|faint|p2a: Palafin
|
|-heal|p2b: Annihilape|81/100|[from] item: Leftovers
|-sideend|p2: AviDotWav|move: Tailwind
|upkeep
|
|t:|1756217810
|switch|p1b: Inteleon|Inteleon, L50, F|100/100
|turn|5
|
|t:|1756217824
|-terastallize|p2b: Annihilape|Water
|move|p1b: Inteleon|Snipe Shot|p2b: Annihilape
|-resisted|p2b: Annihilape
|-damage|p2b: Annihilape|54/100
|move|p2b: Annihilape|Rage Fist|p1b: Inteleon
|-damage|p1b: Inteleon|0 fnt
|faint|p1b: Inteleon
|move|p1a: Archaludon|Dragon Pulse|p2b: Annihilape
|-damage|p2b: Annihilape|28/100
|
|-heal|p2b: Annihilape|35/100|[from] item: Leftovers
|upkeep
|turn|6
|
|t:|1756217845
|move|p2b: Annihilape|Protect|p2b: Annihilape
|-singleturn|p2b: Annihilape|Protect
|move|p1a: Archaludon|Electro Shot||[still]
|-prepare|p1a: Archaludon|Electro Shot
|-boost|p1a: Archaludon|spa|1
|
|-heal|p2b: Annihilape|41/100|[from] item: Leftovers
|-fieldend|Misty Terrain
|upkeep
|turn|7
|
|t:|1756217852
|move|p2b: Annihilape|Rage Fist|p1a: Archaludon
|-damage|p1a: Archaludon|19/100
|-ability|p1a: Archaludon|Stamina|boost
|-boost|p1a: Archaludon|def|1
|move|p1a: Archaludon|Electro Shot|p2b: Annihilape|[from] lockedmove
|-supereffective|p2b: Annihilape
|-crit|p2b: Annihilape
|-damage|p2b: Annihilape|0 fnt
|faint|p2b: Annihilape
|
|win|RosieAndJim
