|j|☆Iceman5687
|j|☆gluconfix
|html|Iceman5687gluconfix    
|uhtml|bestof|Game 2 of a best-of-3
|t:|1782390845
|gametype|doubles
|player|p1|Iceman5687|266|1135
|player|p2|gluconfix|proton|1038
|gen|9
|tier|[Gen 9 Champions] VGC 2026 Reg M-B (Bo3)
|rated|
|rule|Species Clause: Limit one of each Pokémon
|rule|Item Clause: Limit 1 of each item
|clearpoke
|poke|p1|Floette-Eternal, L50, F|
|poke|p1|Charizard, L50, F|
|poke|p1|Kingambit, L50, F|
|poke|p1|Whimsicott, L50, F|
|poke|p1|Basculegion, L50, M|
|poke|p1|Garchomp, L50, M|
|poke|p2|Froslass, L50, F, shiny|
|poke|p2|Drampa, L50, M|
|poke|p2|Charizard, L50, M, shiny|
|poke|p2|Ceruledge, L50, F, shiny|
|poke|p2|Politoed, L50, M|
|poke|p2|Palafin, L50, M, shiny|
|teampreview|4
|showteam|p1|Floette-Eternal||Floettite|FlowerVeil|LightofRuin,Moonblast,DazzlingGleam,Protect|Modest||F|||50|]Charizard||CharizarditeY|Blaze|SolarBeam,HeatWave,WeatherBall,Protect|Modest||F|||50|]Kingambit||ChopleBerry|Defiant|IronHead,LowKick,KowtowCleave,SuckerPunch|Adamant||F|||50|]Whimsicott||FocusSash|Prankster|Moonblast,Tailwind,Encore,Protect|Timid||F|||50|]Basculegion||LifeOrb|Adaptability|WaveCrash,Protect,LastRespects,AquaJet|Adamant||M|||50|]Garchomp||RoseliBerry|RoughSkin|Earthquake,RockSlide,PoisonJab,DragonClaw|Adamant||M|||50|
|showteam|p2|Froslass||Froslassite|CursedBody|AuroraVeil,Blizzard,IcyWind,WillOWisp|Timid||F|||50|]Drampa||LifeOrb|Berserk|Blizzard,CalmMind,HeatWave,Hurricane|Modest||M|||50|]Charizard||CharizarditeY|Blaze|Protect,Roost,HeatWave,ScorchingSands|Modest||M|||50|]Ceruledge||ExpertBelt|WeakArmor|BitterBlade,CloseCombat,Curse,Poltergeist|Jolly||F|||50|]Politoed||Leftovers|Drizzle|HydroPump,Haze,Protect,IceBeam|Calm||M|||50|]Palafin||ChoiceScarf|ZerotoHero|FlipTurn,Liquidation,BodySlam,DrainPunch|Jolly||M|||50|
|inactive|Battle timer is ON: inactive players will automatically lose when time's up. (requested by gluconfix)
|
|t:|1782390868
|teamsize|p1|4
|teamsize|p2|4
|start
|switch|p1a: Whimsicott|Whimsicott, L50, F|100/100
|switch|p1b: Basculegion|Basculegion, L50, M|100/100
|switch|p2a: Politoed|Politoed, L50, M|100/100
|switch|p2b: Palafin|Palafin, L50, M, shiny|100/100
|-weather|RainDance|[from] ability: Drizzle|[of] p2a: Politoed
|turn|1
|
|t:|1782390888
|move|p2b: Palafin|Flip Turn|p1a: Whimsicott
|-resisted|p1a: Whimsicott|1
|-damage|p1a: Whimsicott|83/100
|
|t:|1782390892
|detailschange|p2b: Palafin|Palafin-Hero, L50, M, shiny
|switch|p2b: Drampa|Drampa, L50, M|100/100|[from] Flip Turn
|move|p1a: Whimsicott|Moonblast|p2a: Politoed
|-damage|p2a: Politoed|82/100
|-unboost|p2a: Politoed|spa|1
|move|p1b: Basculegion|Wave Crash|p2a: Politoed
|-resisted|p2a: Politoed|1
|-damage|p2a: Politoed|0 fnt
|faint|p2a: Politoed
|-damage|p1b: Basculegion|72/100|[from] Recoil
|-damage|p1b: Basculegion|62/100|[from] item: Life Orb
|
|-weather|RainDance|[upkeep]
|upkeep
|
|t:|1782390904
|switch|p2a: Palafin|Palafin-Hero, L50, M, shiny|100/100
|-activate|p2a: Palafin|ability: Zero to Hero
|turn|2
|
|t:|1782390919
|move|p2a: Palafin|Body Slam|p1a: Whimsicott
|-damage|p1a: Whimsicott|46/100
|move|p1a: Whimsicott|Moonblast|p2b: Drampa
|-supereffective|p2b: Drampa|1
|-damage|p2b: Drampa|43/100
|-ability|p2b: Drampa|Berserk|boost
|-boost|p2b: Drampa|spa|1
|move|p1b: Basculegion|Wave Crash|p2b: Drampa
|-resisted|p2b: Drampa|1
|-crit|p2b: Drampa
|-damage|p2b: Drampa|0 fnt
|faint|p2b: Drampa
|-damage|p1b: Basculegion|48/100|[from] Recoil
|-damage|p1b: Basculegion|38/100|[from] item: Life Orb
|
|-weather|RainDance|[upkeep]
|upkeep
|
|t:|1782390927
|switch|p2b: Froslass|Froslass, L50, F, shiny|100/100
|turn|3
|
|t:|1782390940
|detailschange|p2b: Froslass|Froslass-Mega, L50, F, shiny
|-mega|p2b: Froslass|Froslass|Froslassite
|-weather|Snowscape|[from] ability: Snow Warning|[of] p2b: Froslass
|move|p1a: Whimsicott|Tailwind|p1a: Whimsicott
|-sidestart|p1: Iceman5687|move: Tailwind
|move|p2a: Palafin|Body Slam|p1a: Whimsicott
|-damage|p1a: Whimsicott|5/100
|move|p1b: Basculegion|Wave Crash|p2b: Froslass
|-damage|p2b: Froslass|0 fnt
|faint|p2b: Froslass
|-damage|p1b: Basculegion|13/100|[from] Recoil
|-damage|p1b: Basculegion|4/100|[from] item: Life Orb
|
|-weather|Snowscape|[upkeep]
|upkeep
|turn|4
|
|t:|1782390964
|move|p1a: Whimsicott|Moonblast|p2a: Palafin
|-damage|p2a: Palafin|71/100
|move|p2a: Palafin|Body Slam|p1a: Whimsicott
|-damage|p1a: Whimsicott|0 fnt
|faint|p1a: Whimsicott
|move|p1b: Basculegion|Wave Crash|p2a: Palafin
|-resisted|p2a: Palafin|1
|-damage|p2a: Palafin|18/100
|-damage|p1b: Basculegion|0 fnt|[from] Recoil
|faint|p1b: Basculegion
|
|-weather|Snowscape|[upkeep]
|upkeep
|
|t:|1782390969
|switch|p1a: Charizard|Charizard, L50, F|100/100
|switch|p1b: Garchomp|Garchomp, L50, M|100/100
|turn|5
|
|t:|1782390987
|detailschange|p1a: Charizard|Charizard-Mega-Y, L50, F
|-mega|p1a: Charizard|Charizard|Charizardite Y
|-weather|SunnyDay|[from] ability: Drought|[of] p1a: Charizard
|move|p1b: Garchomp|Earthquake|p2a: Palafin|[spread] p2a
|-immune|p1a: Charizard
|-damage|p2a: Palafin|0 fnt
|faint|p2a: Palafin
|
|win|Iceman5687
|raw|Iceman5687's rating: 1135 → 1153(+18 for winning)
|raw|gluconfix's rating: 1038 → 1027(-11 for losing)
