|j|☆TheCrazyMonkey14
|j|☆AnotherDreamer
|html|TheCrazyMonkey14AnotherDreamer    
|uhtml|bestof|Game 2 of a best-of-3
|t:|1756417205
|gametype|doubles
|player|p1|TheCrazyMonkey14|benga|1113
|player|p2|AnotherDreamer|266|1105
|gen|9
|tier|[Gen 9] VGC 2025 Reg H (Bo3)
|rated|
|rule|Species Clause: Limit one of each Pokémon
|rule|Item Clause: Limit 1 of each item
|clearpoke
|poke|p1|Gholdengo, L50|
|poke|p1|Amoonguss, L50, F|
|poke|p1|Basculegion, L50, M|
|poke|p1|Pelipper, L50, F|
|poke|p1|Incineroar, L50, M|
|poke|p1|Archaludon, L50, F|
|poke|p2|Archaludon, L50, M|
|poke|p2|Pelipper, L50, F|
|poke|p2|Basculegion, L50, M|
|poke|p2|Amoonguss, L50, M|
|poke|p2|Rillaboom, L50, M|
|poke|p2|Gholdengo, L50|
|teampreview|4
|showteam|p1|Gholdengo||LifeOrb|GoodasGold|MakeItRain,ShadowBall,NastyPlot,Protect||||||50|,,,,,Water]Amoonguss||SitrusBerry|Regenerator|Spore,RagePowder,PollenPuff,Protect|||F|||50|,,,,,Psychic]Basculegion||ChoiceBand|SwiftSwim|WaveCrash,FlipTurn,LastRespects,AquaJet|||M|||50|,,,,,Water]Pelipper||FocusSash|Drizzle|WeatherBall,Hurricane,Tailwind,Protect|||F|||50|,,,,,Ground]Incineroar||SafetyGoggles|Intimidate|FlareBlitz,KnockOff,PartingShot,FakeOut|||M|||50|,,,,,Ghost]Archaludon||AssaultVest|Stamina|ElectroShot,FlashCannon,DracoMeteor,BodyPress|||F|||50|,,,,,Bug
|showteam|p2|Archaludon||AssaultVest|Stamina|DragonPulse,ElectroShot,FlashCannon,BodyPress|||M|||50|,,,,,Bug]Pelipper||FocusSash|Drizzle|WeatherBall,Hurricane,Tailwind,Protect|||F|||50|,,,,,Ground]Basculegion||ChoiceBand|SwiftSwim|WaveCrash,LastRespects,AquaJet,FlipTurn|||M|||50|,,,,,Grass]Amoonguss||CovertCloak|Regenerator|PollenPuff,RagePowder,Spore,Protect|||M|||50|,,,,,Water]Rillaboom||RockyHelmet|GrassySurge|FakeOut,KnockOff,Uturn,GrassyGlide|||M|||50|,,,,,Fire]Gholdengo||LifeOrb|GoodasGold|MakeItRain,ShadowBall,NastyPlot,Protect||||||50|,,,,,Water
|inactive|Battle timer is ON: inactive players will automatically lose when time's up. (requested by AnotherDreamer)
|
|t:|1756417255
|teamsize|p1|4
|teamsize|p2|4
|start
|switch|p1a: Incineroar|Incineroar, L50, M|100/100
|switch|p1b: Pelipper|Pelipper, L50, F|100/100
|switch|p2a: Gholdengo|Gholdengo, L50|100/100
|switch|p2b: Rillaboom|Rillaboom, L50, M|100/100
|-fieldstart|move: Grassy Terrain|[from] ability: Grassy Surge|[of] p2b: Rillaboom
|-weather|RainDance|[from] ability: Drizzle|[of] p1b: Pelipper
|-ability|p1a: Incineroar|Intimidate|boost
|-unboost|p2a: Gholdengo|atk|1
|-unboost|p2b: Rillaboom|atk|1
|turn|1
|inactive|TheCrazyMonkey14 has 30 seconds left.
|
|t:|1756417281
|move|p1b: Pelipper|Protect|p1b: Pelipper
|-singleturn|p1b: Pelipper|Protect
|move|p2b: Rillaboom|Fake Out|p1b: Pelipper
|-activate|p1b: Pelipper|move: Protect
|move|p2a: Gholdengo|Nasty Plot|p2a: Gholdengo
|-boost|p2a: Gholdengo|spa|2
|move|p1a: Incineroar|Knock Off|p2a: Gholdengo
|-supereffective|p2a: Gholdengo
|-damage|p2a: Gholdengo|8/100
|-enditem|p2a: Gholdengo|Life Orb|[from] move: Knock Off|[of] p1a: Incineroar
|
|-weather|RainDance|[upkeep]
|-heal|p2a: Gholdengo|14/100|[from] Grassy Terrain
|upkeep
|turn|2
|
|t:|1756417304
|switch|p1b: Archaludon|Archaludon, L50, F|100/100
|move|p2a: Gholdengo|Make It Rain|p1b: Archaludon|[spread] p1a,p1b
|-resisted|p1a: Incineroar
|-resisted|p1b: Archaludon
|-damage|p1a: Incineroar|59/100
|-damage|p1b: Archaludon|66/100
|-unboost|p2a: Gholdengo|spa|1
|-ability|p1b: Archaludon|Stamina|boost
|-boost|p1b: Archaludon|def|1
|move|p2b: Rillaboom|U-turn|p1b: Archaludon
|-resisted|p1b: Archaludon
|-damage|p1b: Archaludon|62/100
|-ability|p1b: Archaludon|Stamina|boost
|-boost|p1b: Archaludon|def|1
|
|t:|1756417309
|switch|p2b: Amoonguss|Amoonguss, L50, M|100/100|[from] U-turn
|move|p1a: Incineroar|Flare Blitz|p2b: Amoonguss
|-supereffective|p2b: Amoonguss
|-crit|p2b: Amoonguss
|-damage|p2b: Amoonguss|37/100
|-damage|p1a: Incineroar|36/100|[from] Recoil
|
|-weather|RainDance|[upkeep]
|-heal|p2a: Gholdengo|20/100|[from] Grassy Terrain
|-heal|p1b: Archaludon|68/100|[from] Grassy Terrain
|-heal|p1a: Incineroar|42/100|[from] Grassy Terrain
|-heal|p2b: Amoonguss|43/100|[from] Grassy Terrain
|upkeep
|turn|3
|inactive|AnotherDreamer has 30 seconds left.
|inactive|TheCrazyMonkey14 has 30 seconds left.
|
|t:|1756417343
|move|p2a: Gholdengo|Protect|p2a: Gholdengo
|-singleturn|p2a: Gholdengo|Protect
|move|p1b: Archaludon|Electro Shot||[still]
|-prepare|p1b: Archaludon|Electro Shot
|-boost|p1b: Archaludon|spa|1
|-anim|p1b: Archaludon|Electro Shot|p2a: Gholdengo
|-activate|p2a: Gholdengo|move: Protect
|move|p1a: Incineroar|Flare Blitz|p2b: Amoonguss
|-supereffective|p2b: Amoonguss
|-damage|p2b: Amoonguss|2/100
|-damage|p1a: Incineroar|27/100|[from] Recoil
|move|p2b: Amoonguss|Pollen Puff|p1a: Incineroar
|-damage|p1a: Incineroar|10/100
|
|-weather|RainDance|[upkeep]
|-heal|p2a: Gholdengo|26/100|[from] Grassy Terrain
|-heal|p1b: Archaludon|74/100|[from] Grassy Terrain
|-heal|p1a: Incineroar|16/100|[from] Grassy Terrain
|-heal|p2b: Amoonguss|8/100|[from] Grassy Terrain
|upkeep
|turn|4
|
|t:|1756417365
|move|p2b: Amoonguss|Rage Powder|p2b: Amoonguss
|-singleturn|p2b: Amoonguss|move: Rage Powder
|move|p2a: Gholdengo|Make It Rain|p1b: Archaludon|[spread] p1a,p1b
|-resisted|p1a: Incineroar
|-resisted|p1b: Archaludon
|-damage|p1a: Incineroar|0 fnt
|-damage|p1b: Archaludon|51/100
|-unboost|p2a: Gholdengo|spa|1
|-ability|p1b: Archaludon|Stamina|boost
|-boost|p1b: Archaludon|def|1
|faint|p1a: Incineroar
|move|p1b: Archaludon|Electro Shot||[still]
|-prepare|p1b: Archaludon|Electro Shot
|-boost|p1b: Archaludon|spa|1
|-anim|p1b: Archaludon|Electro Shot|p2b: Amoonguss
|-resisted|p2b: Amoonguss
|-damage|p2b: Amoonguss|0 fnt
|faint|p2b: Amoonguss
|
|-weather|RainDance|[upkeep]
|-heal|p2a: Gholdengo|32/100|[from] Grassy Terrain
|-heal|p1b: Archaludon|57/100|[from] Grassy Terrain
|upkeep
|inactive|TheCrazyMonkey14 has 30 seconds left.
|inactive|TheCrazyMonkey14 has 20 seconds left.
|inactive|TheCrazyMonkey14 has 15 seconds left.
|
|t:|1756417407
|switch|p1a: Basculegion|Basculegion, L50, M|100/100
|switch|p2b: Rillaboom|Rillaboom, L50, M|100/100
|turn|5
|
|t:|1756417423
|-terastallize|p1a: Basculegion|Water
|move|p1a: Basculegion|Aqua Jet|p2a: Gholdengo
|-damage|p2a: Gholdengo|0 fnt
|faint|p2a: Gholdengo
|move|p2b: Rillaboom|Grassy Glide|p1a: Basculegion
|-supereffective|p1a: Basculegion
|-damage|p1a: Basculegion|8/100
|move|p1b: Archaludon|Flash Cannon|p2b: Rillaboom
|-damage|p2b: Rillaboom|10/100
|
|-weather|none
|-heal|p1a: Basculegion|14/100|[from] Grassy Terrain
|-heal|p1b: Archaludon|63/100|[from] Grassy Terrain
|-heal|p2b: Rillaboom|16/100|[from] Grassy Terrain
|-fieldend|move: Grassy Terrain
|upkeep
|
|t:|1756417427
|switch|p2a: Basculegion|Basculegion, L50, M|100/100
|turn|6
|inactive|TheCrazyMonkey14 has 30 seconds left.
|inactive|TheCrazyMonkey14 has 20 seconds left.
|inactive|TheCrazyMonkey14 has 15 seconds left.
|inactive|TheCrazyMonkey14 has 10 seconds left.
|
|t:|1756417477
|-terastallize|p2a: Basculegion|Grass
|move|p1a: Basculegion|Aqua Jet|p2b: Rillaboom
|-resisted|p2b: Rillaboom
|-damage|p2b: Rillaboom|0 fnt
|-damage|p1a: Basculegion|0 fnt|[from] item: Rocky Helmet|[of] p2b: Rillaboom
|faint|p2b: Rillaboom
|faint|p1a: Basculegion
|move|p1b: Archaludon|Electro Shot||[still]
|-prepare|p1b: Archaludon|Electro Shot
|-boost|p1b: Archaludon|spa|1
|move|p2a: Basculegion|Last Respects|p1b: Archaludon
|-damage|p1b: Archaludon|20/100
|-ability|p1b: Archaludon|Stamina|boost
|-boost|p1b: Archaludon|def|1
|
|upkeep
|
|t:|1756417490
|switch|p1a: Pelipper|Pelipper, L50, F|100/100
|-weather|RainDance|[from] ability: Drizzle|[of] p1a: Pelipper
|turn|7
|
|t:|1756417496
|move|p2a: Basculegion|Last Respects|p1b: Archaludon
|-damage|p1b: Archaludon|0 fnt
|faint|p1b: Archaludon
|move|p1a: Pelipper|Hurricane|p2a: Basculegion
|-supereffective|p2a: Basculegion
|-damage|p2a: Basculegion|0 fnt
|faint|p2a: Basculegion
|
|win|TheCrazyMonkey14
|l|☆AnotherDreamer
|player|p2|
||AnotherDreamer is ready for game 3.
||TheCrazyMonkey14 is ready for game 3.
|uhtml|next|Next: Game 3 of 3
