|j|☆CongoBrazzaSoldier
|j|☆RajSpeedTieDesai
|html|CongoBrazzaSoldierRajSpeedTieDesai    
|uhtml|bestof|Game 1 of a best-of-3
|t:|1783166785
|gametype|doubles
|player|p1|CongoBrazzaSoldier|1|1239
|player|p2|RajSpeedTieDesai|170|1225
|gen|9
|tier|[Gen 9 Champions] VGC 2026 Reg M-B (Bo3)
|rated|
|rule|Species Clause: Limit one of each Pokémon
|rule|Item Clause: Limit 1 of each item
|clearpoke
|poke|p1|Incineroar, L50, F|
|poke|p1|Delphox, L50, F|
|poke|p1|Sneasler, L50, F|
|poke|p1|Sinistcha, L50|
|poke|p1|Floette-Eternal, L50, F|
|poke|p1|Kingambit, L50, M|
|poke|p2|Gengar, L50, M|
|poke|p2|Sylveon, L50, F|
|poke|p2|Incineroar, L50, M|
|poke|p2|Politoed, L50, M|
|poke|p2|Archaludon, L50, F|
|poke|p2|Vivillon, L50, F|
|teampreview|4
|showteam|p1|Incineroar||SitrusBerry|Intimidate|FakeOut,FlareBlitz,ThroatChop,PartingShot|Impish||F|||50|]Delphox||Delphoxite|Blaze|HeatWave,NastyPlot,Protect,Psyshock|Timid||F|||50|]Sneasler||FocusSash|Unburden|FakeOut,CloseCombat,QuickGuard,PoisonJab|Jolly||F|||50|]Sinistcha||KasibBerry|Hospitality|MatchaGotcha,RagePowder,TrickRoom,Protect|Bold|||||50|]Floette-Eternal||Floettite|FlowerVeil|Moonblast,DazzlingGleam,Protect,LightofRuin|Modest||F|||50|]Kingambit||ChopleBerry|Defiant|SuckerPunch,KowtowCleave,IronHead,Protect|Adamant||M|||50|
|showteam|p2|Gengar||Gengarite|CursedBody|ShadowBall,PerishSong,SludgeBomb,Protect|Timid||M|||50|]Sylveon||FairyFeather|Pixilate|HyperVoice,HyperBeam,Yawn,Detect|Modest||F|||50|]Incineroar||PasshoBerry|Intimidate|DarkestLariat,PartingShot,FakeOut,Protect|Sassy||M|||50|]Politoed||SitrusBerry|Drizzle|WeatherBall,PerishSong,Encore,Protect|Calm||M|||50|]Archaludon||Leftovers|Stamina|DragonPulse,FlashCannon,ElectroShot,Protect|Bold||F|||50|]Vivillon||FocusSash|CompoundEyes|Hurricane,SleepPowder,RagePowder,Protect|Timid||F|||50|
|inactive|Battle timer is ON: inactive players will automatically lose when time's up. (requested by RajSpeedTieDesai)
|l|☆RajSpeedTieDesai
|inactive|RajSpeedTieDesai disconnected and has a minute to reconnect!
|player|p2|
|inactive|CongoBrazzaSoldier has 60 seconds left.
|j|☆RajSpeedTieDesai
|inactive|RajSpeedTieDesai reconnected and has 60 seconds left.
|player|p2|RajSpeedTieDesai|170|
|
|t:|1783166829
|teamsize|p1|4
|teamsize|p2|4
|start
|switch|p1a: Incineroar|Incineroar, L50, F|100/100
|switch|p1b: Delphox|Delphox, L50, F|100/100
|switch|p2a: Politoed|Politoed, L50, M|100/100
|switch|p2b: Incineroar|Incineroar, L50, M|100/100
|-weather|RainDance|[from] ability: Drizzle|[of] p2a: Politoed
|-ability|p1a: Incineroar|Intimidate|boost
|-unboost|p2a: Politoed|atk|1
|-unboost|p2b: Incineroar|atk|1
|-ability|p2b: Incineroar|Intimidate|boost
|-unboost|p1a: Incineroar|atk|1
|-unboost|p1b: Delphox|atk|1
|turn|1
|
|t:|1783166854
|detailschange|p1b: Delphox|Delphox-Mega, L50, F
|-mega|p1b: Delphox|Delphox|Delphoxite
|move|p1a: Incineroar|Fake Out|p2a: Politoed
|-damage|p2a: Politoed|93/100
|move|p1b: Delphox|Nasty Plot|p1b: Delphox
|-boost|p1b: Delphox|spa|2
|cant|p2a: Politoed|flinch
|move|p2b: Incineroar|Parting Shot|p1b: Delphox
|-unboost|p1b: Delphox|atk|1
|-unboost|p1b: Delphox|spa|1
|
|t:|1783166857
|switch|p2b: Archaludon|Archaludon, L50, F|100/100|[from] Parting Shot
|
|-weather|RainDance|[upkeep]
|upkeep
|turn|2
|
|t:|1783166877
|move|p1b: Delphox|Protect|p1b: Delphox
|-singleturn|p1b: Delphox|Protect
|move|p2b: Archaludon|Electro Shot||[still]
|-prepare|p2b: Archaludon|Electro Shot
|-boost|p2b: Archaludon|spa|1
|-anim|p2b: Archaludon|Electro Shot|p1a: Incineroar
|-damage|p1a: Incineroar|50/100y
|-enditem|p1a: Incineroar|Sitrus Berry|[eat]
|-heal|p1a: Incineroar|74/100|[from] item: Sitrus Berry
|move|p2a: Politoed|Weather Ball|p1a: Incineroar
|-supereffective|p1a: Incineroar|1
|-damage|p1a: Incineroar|0 fnt
|faint|p1a: Incineroar
|
|-weather|RainDance|[upkeep]
|upkeep
|
|t:|1783166890
|switch|p1a: Sinistcha|Sinistcha, L50|100/100
|turn|3
|
|t:|1783166899
|move|p1a: Sinistcha|Rage Powder|p1a: Sinistcha
|-singleturn|p1a: Sinistcha|move: Rage Powder
|move|p1b: Delphox|Nasty Plot|p1b: Delphox
|-boost|p1b: Delphox|spa|2
|move|p2b: Archaludon|Flash Cannon|p1a: Sinistcha
|-damage|p1a: Sinistcha|46/100
|move|p2a: Politoed|Perish Song|p2a: Politoed
|-start|p1a: Sinistcha|perish3|[silent]
|-start|p1b: Delphox|perish3|[silent]
|-start|p2a: Politoed|perish3|[silent]
|-start|p2b: Archaludon|perish3|[silent]
|-fieldactivate|move: Perish Song
|
|-weather|RainDance|[upkeep]
|-start|p1b: Delphox|perish3
|-start|p2b: Archaludon|perish3
|-start|p2a: Politoed|perish3
|-start|p1a: Sinistcha|perish3
|upkeep
|turn|4
|
|t:|1783166913
|move|p1b: Delphox|Psyshock|p2a: Politoed
|-damage|p2a: Politoed|0 fnt
|faint|p2a: Politoed
|move|p2b: Archaludon|Electro Shot||[still]
|-prepare|p2b: Archaludon|Electro Shot
|-boost|p2b: Archaludon|spa|1
|-anim|p2b: Archaludon|Electro Shot|p1a: Sinistcha
|-resisted|p1a: Sinistcha|1
|-damage|p1a: Sinistcha|5/100
|move|p1a: Sinistcha|Matcha Gotcha|p2b: Archaludon
|-resisted|p2b: Archaludon|2
|-damage|p2b: Archaludon|92/100
|-heal|p1a: Sinistcha|10/100|[from] drain|[of] p2b: Archaludon
|-status|p2b: Archaludon|brn
|-ability|p2b: Archaludon|Stamina|boost
|-boost|p2b: Archaludon|def|1
|
|-weather|RainDance|[upkeep]
|-heal|p2b: Archaludon|98/100 brn|[from] item: Leftovers
|-damage|p2b: Archaludon|92/100 brn|[from] brn
|-start|p1b: Delphox|perish2
|-start|p2b: Archaludon|perish2
|-start|p1a: Sinistcha|perish2
|upkeep
|
|t:|1783166918
|switch|p2a: Incineroar|Incineroar, L50, M|100/100
|-ability|p2a: Incineroar|Intimidate|boost
|-unboost|p1a: Sinistcha|atk|1
|-unboost|p1b: Delphox|atk|1
|turn|5
|inactive|RajSpeedTieDesai has 30 seconds left.
|
|t:|1783166946
|switch|p2a: Gengar|Gengar, L50, M|100/100
|move|p1b: Delphox|Protect|p1b: Delphox
|-singleturn|p1b: Delphox|Protect
|move|p1a: Sinistcha|Protect|p1a: Sinistcha
|-singleturn|p1a: Sinistcha|Protect
|move|p2b: Archaludon|Electro Shot||[still]
|-prepare|p2b: Archaludon|Electro Shot
|-boost|p2b: Archaludon|spa|1
|-anim|p2b: Archaludon|Electro Shot|p1a: Sinistcha
|-activate|p1a: Sinistcha|move: Protect
|
|-weather|none
|-heal|p2b: Archaludon|98/100 brn|[from] item: Leftovers
|-damage|p2b: Archaludon|92/100 brn|[from] brn
|-start|p1b: Delphox|perish1
|-start|p2b: Archaludon|perish1
|-start|p1a: Sinistcha|perish1
|upkeep
|turn|6
|
|t:|1783166961
|switch|p1b: Sneasler|Sneasler, L50, F|100/100
|switch|p2b: Incineroar|Incineroar, L50, M|100/100
|-ability|p2b: Incineroar|Intimidate|boost
|-unboost|p1a: Sinistcha|atk|1
|-unboost|p1b: Sneasler|atk|1
|detailschange|p2a: Gengar|Gengar-Mega, L50, M
|-mega|p2a: Gengar|Gengar|Gengarite
|move|p2a: Gengar|Perish Song|p2a: Gengar
|-start|p1b: Sneasler|perish3|[silent]
|-start|p2a: Gengar|perish3|[silent]
|-start|p2b: Incineroar|perish3|[silent]
|-fieldactivate|move: Perish Song
|move|p1a: Sinistcha|Matcha Gotcha|p2b: Incineroar|[spread] p2a,p2b
|-resisted|p2a: Gengar|1
|-resisted|p2b: Incineroar|1
|-damage|p2a: Gengar|88/100
|-heal|p1a: Sinistcha|15/100|[from] drain|[of] p2a: Gengar
|-damage|p2b: Incineroar|90/100
|-heal|p1a: Sinistcha|21/100|[from] drain|[of] p2b: Incineroar
|
|-start|p1b: Sneasler|perish3
|-start|p2a: Gengar|perish3
|-start|p1a: Sinistcha|perish0
|-start|p2b: Incineroar|perish3
|faint|p1a: Sinistcha
|upkeep
|
|t:|1783166977
|switch|p1a: Delphox|Delphox-Mega, L50, F|100/100
|turn|7
|
|t:|1783166986
|switch|p2b: Archaludon|Archaludon, L50, F|92/100 brn
|move|p2a: Gengar|Protect|p2a: Gengar
|-singleturn|p2a: Gengar|Protect
|move|p1b: Sneasler|Fake Out|p2b: Archaludon
|-resisted|p2b: Archaludon|1
|-damage|p2b: Archaludon|89/100 brn
|-ability|p2b: Archaludon|Stamina|boost
|-boost|p2b: Archaludon|def|1
|move|p1a: Delphox|Psyshock|p2a: Gengar
|-activate|p2a: Gengar|move: Protect
|
|-heal|p2b: Archaludon|95/100 brn|[from] item: Leftovers
|-damage|p2b: Archaludon|89/100 brn|[from] brn
|-start|p1b: Sneasler|perish2
|-start|p2a: Gengar|perish2
|upkeep
|turn|8
|
|t:|1783166994
|switch|p2a: Incineroar|Incineroar, L50, M|90/100
|-ability|p2a: Incineroar|Intimidate|boost
|-unboost|p1a: Delphox|atk|1
|-unboost|p1b: Sneasler|atk|1
|move|p2b: Archaludon|Protect|p2b: Archaludon
|-singleturn|p2b: Archaludon|Protect
|move|p1a: Delphox|Nasty Plot|p1a: Delphox
|-boost|p1a: Delphox|spa|2
|move|p1b: Sneasler|Close Combat|p2b: Archaludon
|-activate|p2b: Archaludon|move: Protect
|
|-heal|p2b: Archaludon|95/100 brn|[from] item: Leftovers
|-damage|p2b: Archaludon|89/100 brn|[from] brn
|-start|p1b: Sneasler|perish1
|upkeep
|turn|9
|
|t:|1783167009
|move|p1b: Sneasler|Quick Guard|p1b: Sneasler
|-singleturn|p1b: Sneasler|Quick Guard
|move|p2a: Incineroar|Fake Out|p1b: Sneasler
|-activate|p1b: Sneasler|move: Quick Guard
|move|p1a: Delphox|Nasty Plot|p1a: Delphox
|-boost|p1a: Delphox|spa|2
|move|p2b: Archaludon|Dragon Pulse|p1a: Delphox
|-damage|p1a: Delphox|68/100
|
|-heal|p2b: Archaludon|95/100 brn|[from] item: Leftovers
|-damage|p2b: Archaludon|89/100 brn|[from] brn
|-start|p1b: Sneasler|perish0
|faint|p1b: Sneasler
|upkeep
|turn|10
|
|t:|1783167021
|move|p1a: Delphox|Protect|p1a: Delphox
|-singleturn|p1a: Delphox|Protect
|move|p2b: Archaludon|Dragon Pulse|p1a: Delphox
|-activate|p1a: Delphox|move: Protect
|move|p2a: Incineroar|Darkest Lariat|p1a: Delphox
|-activate|p1a: Delphox|move: Protect
|
|-heal|p2b: Archaludon|95/100 brn|[from] item: Leftovers
|-damage|p2b: Archaludon|89/100 brn|[from] brn
|upkeep
|turn|11
|
|t:|1783167025
|move|p1a: Delphox|Heat Wave|p2b: Archaludon|[spread] p2a,p2b
|-resisted|p2a: Incineroar|1
|-damage|p2a: Incineroar|46/100
|-damage|p2b: Archaludon|0 fnt
|faint|p2b: Archaludon
|move|p2a: Incineroar|Darkest Lariat|p1a: Delphox
|-supereffective|p1a: Delphox|1
|-damage|p1a: Delphox|0 fnt
|faint|p1a: Delphox
|
|win|RajSpeedTieDesai
||RajSpeedTieDesai is ready for game 2.
||CongoBrazzaSoldier is ready for game 2.
|uhtml|next|Next: Game 2 of 3
|l|☆CongoBrazzaSoldier
|player|p1|
