|j|☆insuff1cient
|j|☆vpandur
|html|insuff1cientvpandur    
|uhtml|bestof|Game 3 of a best-of-3
|t:|1785381783
|gametype|doubles
|player|p1|insuff1cient|1|
|player|p2|vpandur|101|
|gen|9
|tier|[Gen 9 Champions] VGC 2026 Reg M-B (Bo3)
|rule|Species Clause: Limit one of each Pokémon
|rule|Item Clause: Limit 1 of each item
|clearpoke
|poke|p1|Torkoal, L50, M|
|poke|p1|Venusaur, L50, F|
|poke|p1|Hydreigon, L50, M|
|poke|p1|Milotic, L50, M|
|poke|p1|Tinkaton, L50, F|
|poke|p1|Gliscor, L50, F|
|poke|p2|Incineroar, L50, F|
|poke|p2|Palafin, L50, F|
|poke|p2|Floette-Eternal, L50, F|
|poke|p2|Kingambit, L50, M|
|poke|p2|Rotom-Fan, L50|
|poke|p2|Toxicroak, L50, M|
|teampreview|4
|showteam|p1|Torkoal||Charcoal|Drought|Eruption,HeatWave,AncientPower,Protect|Quiet||M|||50|]Venusaur||LifeOrb|Chlorophyll|GigaDrain,SludgeBomb,SleepPowder,Protect|Modest||F|||50|]Hydreigon||ExpertBelt|Levitate|DarkPulse,DracoMeteor,HeatWave,Protect|Timid||M|||50|]Milotic||Leftovers|Competitive|Scald,IceBeam,Recover,Protect|Bold||M|||50|]Tinkaton||SitrusBerry|MoldBreaker|GigatonHammer,KnockOff,FakeOut,Protect|Jolly||F|||50|]Gliscor||YacheBerry|HyperCutter|Earthquake,DualWingbeat,Protect,SwordsDance|Serious||F|||50|
|showteam|p2|Incineroar||Leftovers|Intimidate|FakeOut,FlareBlitz,PartingShot,Protect|Adamant||F|||50|]Palafin||MysticWater|ZerotoHero|WaveCrash,JetPunch,FlipTurn,Protect|Jolly||F|||50|]Floette-Eternal||Floettite|FlowerVeil|CalmMind,DazzlingGleam,DrainingKiss,Protect|Modest||F|||50|]Kingambit||BlackGlasses|Defiant|SuckerPunch,KowtowCleave,SwordsDance,Protect|Adamant||M|||50|]Rotom-Fan||LifeOrb|Levitate|Thunderbolt,AirSlash,Protect,WillOWisp|Timid|||||50|]Toxicroak||FocusSash|Anticipation|BulletPunch,StoneEdge,FakeOut,PoisonJab|Jolly||M|||50|
|
|t:|1785381808
|teamsize|p1|4
|teamsize|p2|4
|start
|switch|p1a: Torkoal|Torkoal, L50, M|100/100
|switch|p1b: Venusaur|Venusaur, L50, F|100/100
|switch|p2a: Rotom|Rotom-Fan, L50|100/100
|switch|p2b: Incineroar|Incineroar, L50, F|100/100
|-ability|p2b: Incineroar|Intimidate|boost
|-unboost|p1a: Torkoal|atk|1
|-unboost|p1b: Venusaur|atk|1
|-weather|SunnyDay|[from] ability: Drought|[of] p1a: Torkoal
|turn|1
|
|t:|1785381831
|move|p1b: Venusaur|Protect|p1b: Venusaur
|-singleturn|p1b: Venusaur|Protect
|move|p2b: Incineroar|Fake Out|p1a: Torkoal
|-damage|p1a: Torkoal|88/100
|move|p2a: Rotom|Air Slash|p1b: Venusaur
|-activate|p1b: Venusaur|move: Protect
|cant|p1a: Torkoal|flinch
|
|-weather|SunnyDay|[upkeep]
|upkeep
|turn|2
|
|t:|1785381900
|switch|p1b: Hydreigon|Hydreigon, L50, M|100/100
|move|p2b: Incineroar|Protect|p2b: Incineroar
|-singleturn|p2b: Incineroar|Protect
|move|p2a: Rotom|Thunderbolt|p1a: Torkoal
|-damage|p1a: Torkoal|10/100
|-damage|p2a: Rotom|90/100|[from] item: Life Orb
|move|p1a: Torkoal|Ancient Power|p2b: Incineroar
|-activate|p2b: Incineroar|move: Protect
|
|-weather|SunnyDay|[upkeep]
|upkeep
|turn|3
|
|t:|1785381957
|switch|p2b: Palafin|Palafin, L50, F|100/100
|switch|p1a: Tinkaton|Tinkaton, L50, F|100/100
|-ability|p1a: Tinkaton|Mold Breaker
|move|p2a: Rotom|Protect|p2a: Rotom
|-singleturn|p2a: Rotom|Protect
|move|p1b: Hydreigon|Heat Wave|p2b: Palafin|[spread] p2b
|-activate|p2a: Rotom|move: Protect
|-resisted|p2b: Palafin|1
|-damage|p2b: Palafin|73/100
|-status|p2b: Palafin|brn
|
|-weather|SunnyDay|[upkeep]
|-damage|p2b: Palafin|67/100 brn|[from] brn
|upkeep
|turn|4
|
|t:|1785382055
|detailschange|p2b: Palafin|Palafin-Hero, L50, F
|switch|p2b: Incineroar|Incineroar, L50, F|100/100
|-ability|p2b: Incineroar|Intimidate|boost
|-unboost|p1a: Tinkaton|atk|1
|-unboost|p1b: Hydreigon|atk|1
|move|p1a: Tinkaton|Fake Out|p2a: Rotom
|-damage|p2a: Rotom|83/100
|move|p1b: Hydreigon|Dark Pulse|p2b: Incineroar
|-resisted|p2b: Incineroar|1
|-damage|p2b: Incineroar|79/100
|cant|p2a: Rotom|flinch
|
|-weather|SunnyDay|[upkeep]
|-heal|p2b: Incineroar|85/100|[from] item: Leftovers
|upkeep
|turn|5
|
|t:|1785382156
|move|p1a: Tinkaton|Protect|p1a: Tinkaton
|-singleturn|p1a: Tinkaton|Protect
|move|p2b: Incineroar|Fake Out|p1b: Hydreigon
|-damage|p1b: Hydreigon|84/100
|cant|p1b: Hydreigon|flinch
|move|p2a: Rotom|Thunderbolt|p1a: Tinkaton
|-activate|p1a: Tinkaton|move: Protect
|
|-weather|none
|-heal|p2b: Incineroar|91/100|[from] item: Leftovers
|upkeep
|turn|6
|
|t:|1785382198
|switch|p1a: Torkoal|Torkoal, L50, M|10/100
|-weather|SunnyDay|[from] ability: Drought|[of] p1a: Torkoal
|move|p1b: Hydreigon|Draco Meteor|p2b: Incineroar
|-damage|p2b: Incineroar|24/100
|-unboost|p1b: Hydreigon|spa|2
|move|p2a: Rotom|Thunderbolt|p1a: Torkoal
|-damage|p1a: Torkoal|0 fnt
|faint|p1a: Torkoal
|-damage|p2a: Rotom|73/100|[from] item: Life Orb
|move|p2b: Incineroar|Flare Blitz|p1b: Hydreigon
|-resisted|p1b: Hydreigon|1
|-damage|p1b: Hydreigon|26/100
|-damage|p2b: Incineroar|8/100|[from] Recoil
|
|-weather|SunnyDay|[upkeep]
|-heal|p2b: Incineroar|14/100|[from] item: Leftovers
|upkeep
|
|t:|1785382216
|switch|p1a: Tinkaton|Tinkaton, L50, F|100/100
|-ability|p1a: Tinkaton|Mold Breaker
|turn|7
|
|t:|1785382229
|move|p2b: Incineroar|Protect|p2b: Incineroar
|-singleturn|p2b: Incineroar|Protect
|move|p1a: Tinkaton|Fake Out|p2a: Rotom
|-crit|p2a: Rotom
|-damage|p2a: Rotom|56/100
|move|p1b: Hydreigon|Draco Meteor|p2b: Incineroar
|-activate|p2b: Incineroar|move: Protect
|cant|p2a: Rotom|flinch
|
|-weather|SunnyDay|[upkeep]
|-heal|p2b: Incineroar|20/100y|[from] item: Leftovers
|upkeep
|turn|8
|
|t:|1785382251
|move|p1b: Hydreigon|Draco Meteor|p2b: Incineroar
|-damage|p2b: Incineroar|0 fnt
|-unboost|p1b: Hydreigon|spa|2
|faint|p2b: Incineroar
|move|p2a: Rotom|Air Slash|p1b: Hydreigon
|-damage|p1b: Hydreigon|0 fnt
|faint|p1b: Hydreigon
|-damage|p2a: Rotom|47/100|[from] item: Life Orb
|move|p1a: Tinkaton|Knock Off|p2a: Rotom
|-damage|p2a: Rotom|21/100
|-enditem|p2a: Rotom|Life Orb|[from] move: Knock Off|[of] p1a: Tinkaton
|
|-weather|SunnyDay|[upkeep]
|upkeep
|
|t:|1785382283
|switch|p1b: Venusaur|Venusaur, L50, F|100/100
|switch|p2b: Palafin|Palafin-Hero, L50, F|67/100 brn
|-activate|p2b: Palafin|ability: Zero to Hero
|turn|9
|
|t:|1785382349
|move|p2b: Palafin|Protect|p2b: Palafin
|-singleturn|p2b: Palafin|Protect
|move|p1b: Venusaur|Giga Drain|p2b: Palafin
|-activate|p2b: Palafin|move: Protect
|move|p2a: Rotom|Will-O-Wisp|p1a: Tinkaton|[miss]
|-miss|p2a: Rotom|p1a: Tinkaton
|move|p1a: Tinkaton|Gigaton Hammer|p2a: Rotom
|-resisted|p2a: Rotom|1
|-damage|p2a: Rotom|0 fnt
|faint|p2a: Rotom
|
|-weather|SunnyDay|[upkeep]
|-damage|p2b: Palafin|61/100 brn|[from] brn
|upkeep
|
|t:|1785382360
|switch|p2a: Floette|Floette-Eternal, L50, F|100/100
|turn|10
|
|t:|1785382390
|detailschange|p2a: Floette|Floette-Mega, L50, F
|-mega|p2a: Floette|Floette|Floettite
|-ability|p2a: Floette|Fairy Aura
|move|p2a: Floette|Protect|p2a: Floette
|-singleturn|p2a: Floette|Protect
|move|p1a: Tinkaton|Protect|p1a: Tinkaton
|-singleturn|p1a: Tinkaton|Protect
|move|p1b: Venusaur|Giga Drain|p2b: Palafin
|-supereffective|p2b: Palafin|1
|-damage|p2b: Palafin|0 fnt
|faint|p2b: Palafin
|-damage|p1b: Venusaur|90/100|[from] item: Life Orb
|
|-weather|none
|upkeep
|turn|11
|
|t:|1785382417
|move|p2a: Floette|Draining Kiss|p1a: Tinkaton
|-resisted|p1a: Tinkaton|1
|-damage|p1a: Tinkaton|78/100
|move|p1a: Tinkaton|Gigaton Hammer|p2a: Floette
|-supereffective|p2a: Floette|1
|-damage|p2a: Floette|0 fnt
|faint|p2a: Floette
|
|win|insuff1cient
|l|☆insuff1cient
|player|p1|
