|j|☆SuperDialga1275
|j|☆failandimprove2
|html|SuperDialga1275failandimprove2    
|uhtml|bestof|Game 2 of a best-of-3
|t:|1783195648
|gametype|doubles
|player|p1|SuperDialga1275|giovanni|1337
|player|p2|failandimprove2|102|1402
|gen|9
|tier|[Gen 9 Champions] VGC 2026 Reg M-B (Bo3)
|rated|
|rule|Species Clause: Limit one of each Pokémon
|rule|Item Clause: Limit 1 of each item
|clearpoke
|poke|p1|Charizard, L50, M, shiny|
|poke|p1|Whimsicott, L50, F, shiny|
|poke|p1|Garchomp, L50, F, shiny|
|poke|p1|Basculegion, L50, M, shiny|
|poke|p1|Sylveon, L50, M, shiny|
|poke|p1|Hydreigon, L50, M|
|poke|p2|Floette-Eternal, L50, F|
|poke|p2|Kingambit, L50, F|
|poke|p2|Garchomp, L50, F|
|poke|p2|Sneasler, L50, F|
|poke|p2|Sinistcha-Masterpiece, L50|
|poke|p2|Incineroar, L50, F|
|teampreview|4
|showteam|p1|Charizard||CharizarditeY|Blaze|WeatherBall,HeatWave,SolarBeam,Protect|Modest||M|||50|]Whimsicott||FocusSash|Prankster|Moonblast,Tailwind,Protect,Encore|Timid||F|||50|]Garchomp||LifeOrb|RoughSkin|DragonClaw,Earthquake,RockSlide,Protect|Jolly||F|||50|]Basculegion||MysticWater|Adaptability|AquaJet,WaveCrash,LastRespects,Protect|Jolly||M|||50|]Sylveon||FairyFeather|Pixilate|HyperVoice,HyperBeam,QuickAttack,Protect|Modest||M|||50|]Hydreigon||ChoiceScarf|Levitate|DracoMeteor,DarkPulse,Snarl,EarthPower|Modest||M|||50|
|showteam|p2|Floette-Eternal||Floettite|FlowerVeil|DazzlingGleam,DrainingKiss,CalmMind,Protect|Timid||F|||50|]Kingambit||ChopleBerry|Defiant|KowtowCleave,SuckerPunch,IronHead,Protect|Adamant||F|||50|]Garchomp||Garchompite|RoughSkin|RockSlide,StompingTantrum,Earthquake,Protect|Adamant||F|||50|]Sneasler||FocusSash|Unburden|FakeOut,CloseCombat,DireClaw,Coaching|Naive||F|||50|]Sinistcha-Masterpiece||KasibBerry|Hospitality|MatchaGotcha,TrickRoom,RagePowder,Protect|Bold|||||50|]Incineroar||SitrusBerry|Intimidate|FakeOut,PartingShot,FlareBlitz,HelpingHand|Sassy||F|||50|
|inactive|Battle timer is ON: inactive players will automatically lose when time's up. (requested by SuperDialga1275)
|inactive|failandimprove2 also wants the timer to be on.
|
|t:|1783195664
|teamsize|p1|4
|teamsize|p2|4
|start
|switch|p1a: Charizard|Charizard, L50, M, shiny|100/100
|switch|p1b: Whimsicott|Whimsicott, L50, F, shiny|100/100
|switch|p2a: Floette|Floette-Eternal, L50, F|100/100
|switch|p2b: Incineroar|Incineroar, L50, F|100/100
|-ability|p2b: Incineroar|Intimidate|boost
|-unboost|p1a: Charizard|atk|1
|-unboost|p1b: Whimsicott|atk|1
|turn|1
|
|t:|1783195682
|detailschange|p2a: Floette|Floette-Mega, L50, F
|-mega|p2a: Floette|Floette|Floettite
|-ability|p2a: Floette|Fairy Aura
|detailschange|p1a: Charizard|Charizard-Mega-Y, L50, M, shiny
|-mega|p1a: Charizard|Charizard|Charizardite Y
|-weather|SunnyDay|[from] ability: Drought|[of] p1a: Charizard
|move|p2b: Incineroar|Fake Out|p1a: Charizard
|-damage|p1a: Charizard|86/100
|move|p1b: Whimsicott|Tailwind|p1b: Whimsicott
|-sidestart|p1: SuperDialga1275|move: Tailwind
|cant|p1a: Charizard|flinch
|move|p2a: Floette|Calm Mind|p2a: Floette
|-boost|p2a: Floette|spa|1
|-boost|p2a: Floette|spd|1
|
|-weather|SunnyDay|[upkeep]
|upkeep
|turn|2
|
|t:|1783195702
|move|p1b: Whimsicott|Protect|p1b: Whimsicott
|-singleturn|p1b: Whimsicott|Protect
|move|p1a: Charizard|Protect|p1a: Charizard
|-singleturn|p1a: Charizard|Protect
|move|p2a: Floette|Protect|p2a: Floette
|-singleturn|p2a: Floette|Protect
|move|p2b: Incineroar|Parting Shot|p1b: Whimsicott
|-activate|p1b: Whimsicott|move: Protect
|
|-weather|SunnyDay|[upkeep]
|upkeep
|turn|3
|
|t:|1783195714
|switch|p2a: Sneasler|Sneasler, L50, F|100/100
|move|p1b: Whimsicott|Encore||[still]
|-fail|p1b: Whimsicott
|move|p1a: Charizard|Weather Ball|p2b: Incineroar
|-resisted|p2b: Incineroar|1
|-damage|p2b: Incineroar|66/100
|move|p2b: Incineroar|Parting Shot|p1a: Charizard
|-unboost|p1a: Charizard|atk|1
|-unboost|p1a: Charizard|spa|1
|
|t:|1783195720
|switch|p2b: Floette|Floette-Mega, L50, F|100/100|[from] Parting Shot
|-ability|p2b: Floette|Fairy Aura
|
|-weather|SunnyDay|[upkeep]
|upkeep
|turn|4
|
|t:|1783195734
|move|p2a: Sneasler|Fake Out|p1a: Charizard
|-damage|p1a: Charizard|69/100
|move|p1b: Whimsicott|Moonblast|p2a: Sneasler
|-damage|p2a: Sneasler|22/100
|cant|p1a: Charizard|flinch
|move|p2b: Floette|Dazzling Gleam|p1b: Whimsicott|[spread] p1a,p1b
|-resisted|p1a: Charizard|1
|-damage|p1a: Charizard|52/100
|-damage|p1b: Whimsicott|31/100
|
|-weather|SunnyDay|[upkeep]
|-sideend|p1: SuperDialga1275|move: Tailwind
|upkeep
|turn|5
|
|t:|1783195747
|switch|p2a: Incineroar|Incineroar, L50, F|66/100
|-ability|p2a: Incineroar|Intimidate|boost
|-unboost|p1a: Charizard|atk|1
|-unboost|p1b: Whimsicott|atk|1
|move|p1b: Whimsicott|Tailwind|p1b: Whimsicott
|-sidestart|p1: SuperDialga1275|move: Tailwind
|move|p1a: Charizard|Heat Wave|p2a: Incineroar|[spread] 
|-miss|p1a: Charizard|p2a: Incineroar
|-miss|p1a: Charizard|p2b: Floette
|move|p2b: Floette|Dazzling Gleam|p1a: Charizard|[spread] p1a,p1b
|-resisted|p1a: Charizard|1
|-damage|p1a: Charizard|35/100
|-damage|p1b: Whimsicott|0 fnt
|faint|p1b: Whimsicott
|
|-weather|none
|upkeep
|
|t:|1783195757
|switch|p1b: Sylveon|Sylveon, L50, M, shiny|100/100
|turn|6
|
|t:|1783195764
|move|p2a: Incineroar|Fake Out|p1b: Sylveon
|-crit|p1b: Sylveon
|-damage|p1b: Sylveon|81/100
|move|p1a: Charizard|Heat Wave|p2a: Incineroar|[spread] p2a,p2b
|-resisted|p2a: Incineroar|1
|-crit|p2b: Floette
|-damage|p2a: Incineroar|55/100
|-damage|p2b: Floette|48/100
|cant|p1b: Sylveon|flinch
|move|p2b: Floette|Calm Mind|p2b: Floette
|-boost|p2b: Floette|spa|1
|-boost|p2b: Floette|spd|1
|
|upkeep
|turn|7
|
|t:|1783195772
|switch|p2a: Sinistcha|Sinistcha-Masterpiece, L50|100/100
|-heal|p2b: Floette|73/100|[from] ability: Hospitality|[of] p2a: Sinistcha
|move|p2b: Floette|Protect|p2b: Floette
|-singleturn|p2b: Floette|Protect
|move|p1a: Charizard|Heat Wave|p2a: Sinistcha|[spread] 
|-activate|p2b: Floette|move: Protect
|-miss|p1a: Charizard|p2a: Sinistcha
|move|p1b: Sylveon|Hyper Voice|p2a: Sinistcha|[spread] p2a
|-activate|p2b: Floette|move: Protect
|-damage|p2a: Sinistcha|44/100
|
|upkeep
|turn|8
|inactive|failandimprove2 has 30 seconds left.
|inactive|failandimprove2 has 20 seconds left.
|
|t:|1783195811
|move|p2a: Sinistcha|Rage Powder|p2a: Sinistcha
|-singleturn|p2a: Sinistcha|move: Rage Powder
|move|p1a: Charizard|Heat Wave|p2a: Sinistcha|[spread] p2a,p2b
|-supereffective|p2a: Sinistcha|1
|-damage|p2a: Sinistcha|0 fnt
|-damage|p2b: Floette|56/100
|faint|p2a: Sinistcha
|move|p1b: Sylveon|Hyper Voice|p2b: Floette
|-damage|p2b: Floette|12/100
|move|p2b: Floette|Draining Kiss|p1b: Sylveon
|-damage|p1b: Sylveon|43/100
|-heal|p2b: Floette|48/100|[from] drain|[of] p1b: Sylveon
|
|-sideend|p1: SuperDialga1275|move: Tailwind
|upkeep
|
|t:|1783195825
|switch|p2a: Incineroar|Incineroar, L50, F|55/100
|-ability|p2a: Incineroar|Intimidate|boost
|-unboost|p1a: Charizard|atk|1
|-unboost|p1b: Sylveon|atk|1
|turn|9
|
|t:|1783195832
|switch|p1a: Basculegion|Basculegion, L50, M, shiny|100/100
|move|p2a: Incineroar|Helping Hand|p2b: Floette
|-singleturn|p2b: Floette|Helping Hand|[of] p2a: Incineroar
|move|p1b: Sylveon|Protect|p1b: Sylveon
|-singleturn|p1b: Sylveon|Protect
|move|p2b: Floette|Dazzling Gleam|p1a: Basculegion|[spread] p1a
|-activate|p1b: Sylveon|move: Protect
|-damage|p1a: Basculegion|0 fnt
|faint|p1a: Basculegion
|
|upkeep
|
|t:|1783195841
|switch|p1a: Charizard|Charizard-Mega-Y, L50, M, shiny|35/100
|-weather|SunnyDay|[from] ability: Drought|[of] p1a: Charizard
|turn|10
|
|t:|1783195849
|move|p2a: Incineroar|Helping Hand|p2b: Floette
|-singleturn|p2b: Floette|Helping Hand|[of] p2a: Incineroar
|move|p2b: Floette|Dazzling Gleam|p1a: Charizard|[spread] p1a,p1b
|-resisted|p1a: Charizard|1
|-damage|p1a: Charizard|0 fnt
|-damage|p1b: Sylveon|0 fnt
|faint|p1a: Charizard
|faint|p1b: Sylveon
|
|win|failandimprove2
|raw|SuperDialga1275's rating: 1337 → 1321(-16 for losing)
|raw|failandimprove2's rating: 1402 → 1418(+16 for winning)
