|j|☆wolfeglick'sson
|j|☆fgmnb bmnxcder
|html|wolfeglick'ssonfgmnb bmnxcder    
|uhtml|bestof|Game 2 of a best-of-3
|t:|1784800662
|gametype|doubles
|player|p1|wolfeglick'sson|cynthia|1090
|player|p2|fgmnb bmnxcder|170|1000
|gen|9
|tier|[Gen 9 Champions] VGC 2026 Reg M-B (Bo3)
|rated|
|rule|Species Clause: Limit one of each Pokémon
|rule|Item Clause: Limit 1 of each item
|clearpoke
|poke|p1|Metagross, L50|
|poke|p1|Sinistcha-Masterpiece, L50|
|poke|p1|Incineroar, L50, F|
|poke|p1|Rotom-Wash, L50|
|poke|p1|Dragalge, L50, F|
|poke|p1|Hatterene, L50, F|
|poke|p2|Talonflame, L50, M|
|poke|p2|Tsareena, L50, F|
|poke|p2|Charizard, L50, M|
|poke|p2|Basculegion, L50, M|
|poke|p2|Garchomp, L50, F|
|poke|p2|Sylveon, L50, F|
|teampreview|4
|showteam|p1|Metagross||Metagrossite|ClearBody|IronHead,PsychicFangs,StompingTantrum,Protect|Adamant|||||50|]Sinistcha-Masterpiece||ColburBerry|Hospitality|MatchaGotcha,ShadowBall,TrickRoom,Protect|Calm|||||50|]Incineroar||SitrusBerry|Intimidate|FakeOut,FlareBlitz,DarkestLariat,PartingShot|Impish||F|||50|]Rotom-Wash||Leftovers|Levitate|Thunderbolt,WillOWisp,HydroPump,Protect|Calm|||||50|]Dragalge||Dragalgite|Adaptability|DragonPulse,SludgeBomb,ToxicSpikes,Protect|Relaxed||F|||50|]Hatterene||FocusSash|MagicBounce|Psychic,DazzlingGleam,TrickRoom,Protect|Modest||F|||50|
|showteam|p2|Talonflame||SharpBeak|GaleWings|DualWingbeat,Tailwind,WillOWisp,Protect|Jolly||M|||50|]Tsareena||WideLens|QueenlyMajesty|TripleAxel,PowerWhip,HighJumpKick,Protect|Adamant||F|||50|]Charizard||CharizarditeY|SolarPower|WeatherBall,HeatWave,Protect,SolarBeam|Modest||M|||50|]Basculegion||ChoiceScarf|SwiftSwim|WaveCrash,AquaJet,LastRespects,FlipTurn|Jolly||M|||50|]Garchomp||LifeOrb|RoughSkin|Earthquake,DragonClaw,RockSlide,Protect|Jolly||F|||50|]Sylveon||FairyFeather|Pixilate|HyperVoice,HyperBeam,QuickAttack,Protect|Modest||F|||50|
|inactive|Battle timer is ON: inactive players will automatically lose when time's up. (requested by fgmnb bmnxcder)
|inactive|wolfeglick'sson also wants the timer to be on.
|
|t:|1784800681
|teamsize|p1|4
|teamsize|p2|4
|start
|switch|p1a: Incineroar|Incineroar, L50, F|100/100
|switch|p1b: Hatterene|Hatterene, L50, F|100/100
|switch|p2a: Charizard|Charizard, L50, M|100/100
|switch|p2b: Garchomp|Garchomp, L50, F|100/100
|-ability|p1a: Incineroar|Intimidate|boost
|-unboost|p2a: Charizard|atk|1
|-unboost|p2b: Garchomp|atk|1
|turn|1
|
|t:|1784800701
|detailschange|p2a: Charizard|Charizard-Mega-Y, L50, M
|-mega|p2a: Charizard|Charizard|Charizardite Y
|-weather|SunnyDay|[from] ability: Drought|[of] p2a: Charizard
|move|p1a: Incineroar|Fake Out|p2b: Garchomp
|-damage|p2b: Garchomp|87/100
|-damage|p1a: Incineroar|87/100|[from] ability: Rough Skin|[of] p2b: Garchomp
|cant|p2b: Garchomp|flinch
|move|p2a: Charizard|Heat Wave|p1b: Hatterene|[spread] p1a
|-miss|p2a: Charizard|p1b: Hatterene
|-resisted|p1a: Incineroar|1
|-damage|p1a: Incineroar|54/100
|move|p1b: Hatterene|Trick Room|p1b: Hatterene
|-fieldstart|move: Trick Room|[of] p1b: Hatterene
|
|-weather|SunnyDay|[upkeep]
|upkeep
|turn|2
|j| probboffet yt3
|l| probboffet yt3
|
|t:|1784800725
|move|p2b: Garchomp|Protect|p2b: Garchomp
|-singleturn|p2b: Garchomp|Protect
|move|p1b: Hatterene|Dazzling Gleam|p2a: Charizard|[spread] p2a
|-activate|p2b: Garchomp|move: Protect
|-resisted|p2a: Charizard|1
|-damage|p2a: Charizard|83/100
|move|p1a: Incineroar|Parting Shot|p2a: Charizard
|-unboost|p2a: Charizard|atk|1
|-unboost|p2a: Charizard|spa|1
|
|t:|1784800738
|switch|p1a: Dragalge|Dragalge, L50, F|100/100|[from] Parting Shot
|move|p2a: Charizard|Heat Wave|p1b: Hatterene|[spread] p1a
|-miss|p2a: Charizard|p1b: Hatterene
|-resisted|p1a: Dragalge|1
|-damage|p1a: Dragalge|78/100
|
|-weather|SunnyDay|[upkeep]
|upkeep
|turn|3
|
|t:|1784800757
|switch|p2b: Sylveon|Sylveon, L50, F|100/100
|detailschange|p1a: Dragalge|Dragalge-Mega, L50, F
|-mega|p1a: Dragalge|Dragalge|Dragalgite
|move|p1b: Hatterene|Dazzling Gleam|p2a: Charizard|[spread] p2a,p2b
|-resisted|p2a: Charizard|1
|-damage|p2a: Charizard|66/100
|-damage|p2b: Sylveon|75/100
|move|p1a: Dragalge|Dragon Pulse|p2a: Charizard
|-damage|p2a: Charizard|25/100
|move|p2a: Charizard|Heat Wave|p1b: Hatterene|[spread] p1a
|-miss|p2a: Charizard|p1b: Hatterene
|-resisted|p1a: Dragalge|1
|-damage|p1a: Dragalge|60/100
|
|-weather|SunnyDay|[upkeep]
|upkeep
|turn|4
|inactive|wolfeglick'sson has 30 seconds left.
|inactive|fgmnb bmnxcder has 30 seconds left.
|
|t:|1784800786
|switch|p2a: Garchomp|Garchomp, L50, F|87/100
|move|p2b: Sylveon|Protect|p2b: Sylveon
|-singleturn|p2b: Sylveon|Protect
|move|p1b: Hatterene|Psychic|p2a: Garchomp
|-crit|p2a: Garchomp
|-damage|p2a: Garchomp|0 fnt
|faint|p2a: Garchomp
|move|p1a: Dragalge|Sludge Bomb|p2b: Sylveon
|-activate|p2b: Sylveon|move: Protect
|
|-weather|SunnyDay|[upkeep]
|upkeep
|
|t:|1784800799
|switch|p2a: Charizard|Charizard-Mega-Y, L50, M|25/100
|turn|5
|
|t:|1784800808
|switch|p2b: Basculegion|Basculegion, L50, M|100/100
|move|p2a: Charizard|Protect|p2a: Charizard
|-singleturn|p2a: Charizard|Protect
|move|p1b: Hatterene|Dazzling Gleam|p2b: Basculegion|[spread] p2b
|-activate|p2a: Charizard|move: Protect
|-damage|p2b: Basculegion|61/100
|move|p1a: Dragalge|Sludge Bomb|p2b: Basculegion
|-resisted|p2b: Basculegion|1
|-damage|p2b: Basculegion|39/100
|
|-weather|none
|-fieldend|move: Trick Room
|upkeep
|turn|6
|
|t:|1784800828
|-heal|p1a: Dragalge|94/100|[from] ability: Regenerator|[silent]
|switch|p1a: Incineroar|Incineroar, L50, F|54/100
|-ability|p1a: Incineroar|Intimidate|boost
|-unboost|p2a: Charizard|atk|1
|-unboost|p2b: Basculegion|atk|1
|move|p2b: Basculegion|Last Respects|p1b: Hatterene
|-supereffective|p1b: Hatterene|1
|-damage|p1b: Hatterene|25/100
|move|p2a: Charizard|Weather Ball|p1b: Hatterene
|-damage|p1b: Hatterene|0 fnt
|faint|p1b: Hatterene
|
|upkeep
|
|t:|1784800841
|switch|p1b: Dragalge|Dragalge-Mega, L50, F|94/100
|turn|7
|
|t:|1784800848
|switch|p2b: Sylveon|Sylveon, L50, F|75/100
|move|p2a: Charizard|Protect|p2a: Charizard
|-singleturn|p2a: Charizard|Protect
|move|p1a: Incineroar|Fake Out|p2a: Charizard
|-activate|p2a: Charizard|move: Protect
|move|p1b: Dragalge|Dragon Pulse|p2b: Sylveon
|-immune|p2b: Sylveon
|
|upkeep
|turn|8
|
|t:|1784800862
|switch|p2a: Basculegion|Basculegion, L50, M|39/100
|move|p2b: Sylveon|Hyper Beam|p1a: Incineroar
|-damage|p1a: Incineroar|0 fnt
|-mustrecharge|p2b: Sylveon
|faint|p1a: Incineroar
|move|p1b: Dragalge|Sludge Bomb|p2b: Sylveon
|-supereffective|p2b: Sylveon|1
|-damage|p2b: Sylveon|7/100
|
|upkeep
|
|t:|1784800871
|switch|p1a: Rotom|Rotom-Wash, L50|100/100
|turn|9
|
|t:|1784800894
|switch|p2a: Charizard|Charizard-Mega-Y, L50, M|25/100
|-weather|SunnyDay|[from] ability: Drought|[of] p2a: Charizard
|move|p1a: Rotom|Thunderbolt|p2a: Charizard
|-supereffective|p2a: Charizard|1
|-damage|p2a: Charizard|0 fnt
|faint|p2a: Charizard
|cant|p2b: Sylveon|recharge
|move|p1b: Dragalge|Sludge Bomb|p2b: Sylveon
|-supereffective|p2b: Sylveon|1
|-damage|p2b: Sylveon|0 fnt
|faint|p2b: Sylveon
|
|-weather|SunnyDay|[upkeep]
|upkeep
|
|t:|1784800910
|switch|p2b: Basculegion|Basculegion, L50, M|39/100
|turn|10
|
|t:|1784800917
|move|p2b: Basculegion|Last Respects|p1b: Dragalge
|-damage|p1b: Dragalge|16/100
|move|p1a: Rotom|Will-O-Wisp|p2b: Basculegion
|-status|p2b: Basculegion|brn
|move|p1b: Dragalge|Dragon Pulse|p2b: Basculegion
|-damage|p2b: Basculegion|0 fnt
|faint|p2b: Basculegion
|
|win|wolfeglick'sson
|raw|wolfeglick'sson's rating: 1090 → 1110(+20 for winning)
|raw|fgmnb bmnxcder's rating: 1000 → 1000(+0 for losing)
