|j|☆Frakub
|j|☆tessa scarlet
|html|Frakubtessa scarlet    
|uhtml|bestof|Game 2 of a best-of-3
|t:|1756463596
|gametype|doubles
|player|p1|Frakub|acetrainer-gen4dp|1235
|player|p2|tessa scarlet|102|1343
|gen|9
|tier|[Gen 9] VGC 2025 Reg H (Bo3)
|rated|
|rule|Species Clause: Limit one of each Pokémon
|rule|Item Clause: Limit 1 of each item
|clearpoke
|poke|p1|Kingambit, L50, F|
|poke|p1|Rillaboom, L50, F|
|poke|p1|Ninetales-Alola, L50, M|
|poke|p1|Dragonite, L50, M|
|poke|p1|Magmar, L50, F|
|poke|p1|Sneasler, L50, F|
|poke|p2|Gholdengo, L50|
|poke|p2|Sneasler, L50, M|
|poke|p2|Rillaboom, L50, M|
|poke|p2|Dragonite, L50, F|
|poke|p2|Ninetales-Alola, L50, M|
|poke|p2|Arcanine-Hisui, L50, F|
|teampreview|4
|showteam|p1|Kingambit||BlackGlasses|Defiant|KowtowCleave,SuckerPunch,SwordsDance,Protect|||F|||50|,,,,,Dark]Rillaboom||AssaultVest|GrassySurge|WoodHammer,GrassyGlide,HighHorsepower,FakeOut|||F|||50|,,,,,Fire]Ninetales-Alola||LightClay|SnowWarning|Blizzard,FreezeDry,Protect,AuroraVeil|||M|||50|,,,,,Ghost]Dragonite||LoadedDice|Multiscale|ScaleShot,ExtremeSpeed,Haze,Protect|||M|||50|,,,,,Steel]Magmar||Eviolite|VitalSpirit|Taunt,Overheat,FollowMe,Protect|||F|||50|,,,,,Ghost]Sneasler||FocusSash|PoisonTouch|FakeOut,DireClaw,CloseCombat,Protect|||F|||50|,,,,,Ghost
|showteam|p2|Gholdengo||GrassySeed|GoodasGold|NastyPlot,MakeItRain,ShadowBall,Protect||||||50|,,,,,Water]Sneasler||WhiteHerb|Unburden|CloseCombat,DireClaw,Coaching,Protect|||M|||50|,,,,,Ghost]Rillaboom||AssaultVest|GrassySurge|FakeOut,GrassyGlide,DrumBeating,HighHorsepower|||M|||50|,,,,,Fire]Dragonite||LoadedDice|Multiscale|ScaleShot,StompingTantrum,Tailwind,Protect|||F|||50|,,,,,Ground]Ninetales-Alola||FocusSash|SnowWarning|Blizzard,IcyWind,Encore,AuroraVeil|||M|||50|,,,,,Ghost]Arcanine-Hisui||ClearAmulet|Intimidate|RockSlide,FlareBlitz,ExtremeSpeed,Protect|||F|||50|,,,,,Water
|inactive|Battle timer is ON: inactive players will automatically lose when time's up. (requested by Frakub)
|inactive|tessa scarlet has 60 seconds left.
|
|t:|1756463629
|teamsize|p1|4
|teamsize|p2|4
|start
|switch|p1a: Dragonite|Dragonite, L50, M|100/100
|switch|p1b: Sneasler|Sneasler, L50, F|100/100
|switch|p2a: Gholdengo|Gholdengo, L50|100/100
|switch|p2b: Rillaboom|Rillaboom, L50, M|100/100
|-fieldstart|move: Grassy Terrain|[from] ability: Grassy Surge|[of] p2b: Rillaboom
|-enditem|p2a: Gholdengo|Grassy Seed
|-boost|p2a: Gholdengo|def|1|[from] item: Grassy Seed
|turn|1
|
|t:|1756463648
|move|p1b: Sneasler|Fake Out|p2b: Rillaboom
|-damage|p2b: Rillaboom|86/100
|-status|p2b: Rillaboom|psn|[from] ability: Poison Touch|[of] p1b: Sneasler
|cant|p2b: Rillaboom|flinch
|move|p2a: Gholdengo|Nasty Plot|p2a: Gholdengo
|-boost|p2a: Gholdengo|spa|2
|move|p1a: Dragonite|Scale Shot|p2b: Rillaboom
|-damage|p2b: Rillaboom|69/100 psn
|-damage|p2b: Rillaboom|54/100 psn
|-damage|p2b: Rillaboom|40/100 psn
|-damage|p2b: Rillaboom|24/100 psn
|-damage|p2b: Rillaboom|9/100 psn
|-hitcount|p2b: Rillaboom|5
|-unboost|p1a: Dragonite|def|1
|-boost|p1a: Dragonite|spe|1
|
|-heal|p2b: Rillaboom|15/100 psn|[from] Grassy Terrain
|-damage|p2b: Rillaboom|3/100 psn|[from] psn
|upkeep
|turn|2
|
|t:|1756463663
|switch|p1b: Magmar|Magmar, L50, F|100/100
|move|p1a: Dragonite|Extreme Speed|p2b: Rillaboom
|-damage|p2b: Rillaboom|0 fnt
|faint|p2b: Rillaboom
|move|p2a: Gholdengo|Make It Rain|p1a: Dragonite|[spread] p1a,p1b
|-resisted|p1b: Magmar
|-damage|p1a: Dragonite|51/100
|-damage|p1b: Magmar|64/100
|-unboost|p2a: Gholdengo|spa|1
|
|-heal|p1b: Magmar|70/100|[from] Grassy Terrain
|upkeep
|inactive|tessa scarlet has 30 seconds left.
|
|t:|1756463694
|switch|p2b: Dragonite|Dragonite, L50, F|100/100
|turn|3
|
|t:|1756463716
|switch|p2b: Ninetales|Ninetales-Alola, L50, M|100/100
|-weather|Snowscape|[from] ability: Snow Warning|[of] p2b: Ninetales
|move|p1a: Dragonite|Scale Shot|p2b: Ninetales
|-immune|p2b: Ninetales
|move|p2a: Gholdengo|Make It Rain|p1b: Magmar|[spread] p1a,p1b
|-resisted|p1b: Magmar
|-damage|p1a: Dragonite|0 fnt
|-damage|p1b: Magmar|42/100
|-unboost|p2a: Gholdengo|spa|1
|faint|p1a: Dragonite
|move|p1b: Magmar|Overheat|p2a: Gholdengo
|-supereffective|p2a: Gholdengo
|-damage|p2a: Gholdengo|3/100
|-unboost|p1b: Magmar|spa|2
|
|-weather|Snowscape|[upkeep]
|-heal|p2a: Gholdengo|9/100|[from] Grassy Terrain
|-heal|p1b: Magmar|48/100|[from] Grassy Terrain
|upkeep
|
|t:|1756463734
|switch|p1a: Sneasler|Sneasler, L50, F|100/100
|turn|4
|
|t:|1756463741
|-terastallize|p2b: Ninetales|Ghost
|move|p1a: Sneasler|Dire Claw|p2b: Ninetales
|-resisted|p2b: Ninetales
|-damage|p2b: Ninetales|67/100
|-status|p2b: Ninetales|psn|[from] ability: Poison Touch|[of] p1a: Sneasler
|move|p2b: Ninetales|Blizzard|p1b: Magmar|[spread] p1a,p1b
|-resisted|p1b: Magmar
|-damage|p1a: Sneasler|60/100
|-damage|p1b: Magmar|35/100
|move|p2a: Gholdengo|Make It Rain|p1a: Sneasler|[spread] p1a,p1b
|-resisted|p1b: Magmar
|-damage|p1a: Sneasler|0 fnt
|-damage|p1b: Magmar|19/100
|-unboost|p2a: Gholdengo|spa|1
|faint|p1a: Sneasler
|move|p1b: Magmar|Overheat|p2a: Gholdengo
|-supereffective|p2a: Gholdengo
|-damage|p2a: Gholdengo|0 fnt
|-unboost|p1b: Magmar|spa|2
|faint|p2a: Gholdengo
|
|-weather|Snowscape|[upkeep]
|-heal|p2b: Ninetales|73/100 psn|[from] Grassy Terrain
|-heal|p1b: Magmar|25/100|[from] Grassy Terrain
|-damage|p2b: Ninetales|61/100 psn|[from] psn
|upkeep
|
|t:|1756463751
|switch|p1a: Kingambit|Kingambit, L50, F|100/100
|switch|p2a: Dragonite|Dragonite, L50, F|100/100
|turn|5
|
|t:|1756463774
|move|p1b: Magmar|Follow Me|p1b: Magmar
|-singleturn|p1b: Magmar|move: Follow Me
|move|p2b: Ninetales|Aurora Veil|p2b: Ninetales
|-sidestart|p2: tessa scarlet|move: Aurora Veil
|move|p2a: Dragonite|Stomping Tantrum|p1b: Magmar
|-supereffective|p1b: Magmar
|-damage|p1b: Magmar|0 fnt
|faint|p1b: Magmar
|move|p1a: Kingambit|Kowtow Cleave|p2b: Ninetales
|-supereffective|p2b: Ninetales
|-crit|p2b: Ninetales
|-damage|p2b: Ninetales|0 fnt
|faint|p2b: Ninetales
|
|-weather|Snowscape|[upkeep]
|-fieldend|move: Grassy Terrain
|upkeep
|turn|6
|
|t:|1756463784
|-terastallize|p1a: Kingambit|Dark
|move|p2a: Dragonite|Stomping Tantrum|p1a: Kingambit
|-damage|p1a: Kingambit|77/100
|move|p1a: Kingambit|Kowtow Cleave|p2a: Dragonite
|-damage|p2a: Dragonite|72/100
|
|-weather|Snowscape|[upkeep]
|upkeep
|turn|7
|
|t:|1756463793
|move|p2a: Dragonite|Stomping Tantrum|p1a: Kingambit
|-damage|p1a: Kingambit|53/100
|move|p1a: Kingambit|Kowtow Cleave|p2a: Dragonite
|-damage|p2a: Dragonite|15/100
|
|-weather|none
|upkeep
|turn|8
|
|t:|1756463804
|move|p1a: Kingambit|Sucker Punch|p2a: Dragonite
|-crit|p2a: Dragonite
|-damage|p2a: Dragonite|0 fnt
|faint|p2a: Dragonite
|
|win|Frakub
||tessa scarlet is ready for game 3.
||Frakub is ready for game 3.
|uhtml|next|Next: Game 3 of 3
|l|☆tessa scarlet
|player|p2|
