|j|☆andrewdoesstuff
|j|☆N0PE2050
|html|andrewdoesstuffN0PE2050    
|uhtml|bestof|Game 1 of a best-of-3
|t:|1784772421
|gametype|doubles
|player|p1|andrewdoesstuff|norman|1000
|player|p2|N0PE2050|doctor|1095
|gen|9
|tier|[Gen 9 Champions] VGC 2026 Reg M-B (Bo3)
|rated|
|rule|Species Clause: Limit one of each Pokémon
|rule|Item Clause: Limit 1 of each item
|clearpoke
|poke|p1|Whimsicott, L50, M, shiny|
|poke|p1|Raichu, L50, F, shiny|
|poke|p1|Rotom-Wash, L50|
|poke|p1|Garchomp, L50, F|
|poke|p1|Incineroar, L50, M|
|poke|p1|Charizard, L50, F|
|poke|p2|Zoroark-Hisui, L50, M|
|poke|p2|Tyranitar, L50, M|
|poke|p2|Whimsicott, L50, M|
|poke|p2|Charizard, L50, F|
|poke|p2|Greninja, L50, M|
|poke|p2|Archaludon, L50, F|
|teampreview|4
|showteam|p1|Whimsicott||FocusSash|Prankster|Protect,Moonblast,Encore,Tailwind|Timid||M|||50|]Raichu||RaichuniteY|LightningRod|FakeOut,Protect,FocusBlast,ZapCannon|Timid||F|||50|]Rotom-Wash||ChoiceScarf|Levitate|Discharge,Electroweb,VoltSwitch,Trick|Timid|||||50|]Garchomp||LifeOrb|RoughSkin|RockSlide,Earthquake,Protect,DragonClaw|Adamant||F|||50|]Incineroar||SitrusBerry|Intimidate|FakeOut,PartingShot,FlareBlitz,DarkestLariat|Careful||M|||50|]Charizard||CharizarditeY|Blaze|Protect,WeatherBall,SolarBeam,HeatWave|Timid||F|||50|
|showteam|p2|Zoroark-Hisui||FocusSash|Illusion|Snowscape,RainDance,BitterMalice,IcyWind|Timid||M|||50|]Tyranitar||ChopleBerry|SandStream|RockSlide,Superpower,KnockOff,Protect|Impish||M|||50|]Whimsicott||KebiaBerry|Prankster|Tailwind,SunnyDay,Moonblast,Encore|Timid||M|||50|]Charizard||CharizarditeY|SolarPower|HeatWave,WeatherBall,SolarBeam,Protect|Timid||F|||50|]Greninja||Greninjite|Protean|WeatherBall,SludgeWave,DarkPulse,Protect|Modest||M|||50|]Archaludon||Leftovers|Stamina|ElectroShot,DracoMeteor,FlashCannon,Protect|Calm||F|||50|
|
|t:|1784772504
|teamsize|p1|4
|teamsize|p2|4
|start
|switch|p1a: Charizard|Charizard, L50, F|100/100
|switch|p1b: Rotom|Rotom-Wash, L50|100/100
|switch|p2a: THE BRIDGE|Archaludon, L50, F|100/100
|switch|p2b: G-man|Greninja, L50, M|100/100
|turn|1
|
|t:|1784772531
|detailschange|p1a: Charizard|Charizard-Mega-Y, L50, F
|-mega|p1a: Charizard|Charizard|Charizardite Y
|-weather|SunnyDay|[from] ability: Drought|[of] p1a: Charizard
|move|p1b: Rotom|Electroweb|p2a: THE BRIDGE|[spread] p2a,p2b
|-resisted|p2a: THE BRIDGE|1
|-damage|p2a: THE BRIDGE|92/100
|-damage|p2b: G-man|70/100
|-unboost|p2a: THE BRIDGE|spe|1
|-unboost|p2b: G-man|spe|1
|-ability|p2a: THE BRIDGE|Stamina|boost
|-boost|p2a: THE BRIDGE|def|1
|replace|p2b: Zoroark|Zoroark-Hisui, L50, M
|-end|p2b: Zoroark|Illusion
|move|p1a: Charizard|Solar Beam||[still]
|-prepare|p1a: Charizard|Solar Beam
|-anim|p1a: Charizard|Solar Beam|p2b: Zoroark
|-damage|p2b: Zoroark|0 fnt
|faint|p2b: Zoroark
|move|p2a: THE BRIDGE|Electro Shot||[still]
|-prepare|p2a: THE BRIDGE|Electro Shot
|-boost|p2a: THE BRIDGE|spa|1
|
|-weather|SunnyDay|[upkeep]
|-heal|p2a: THE BRIDGE|98/100|[from] item: Leftovers
|upkeep
|
|t:|1784772555
|switch|p2b: Whimsicott|Whimsicott, L50, M|100/100
|turn|2
|
|t:|1784772566
|switch|p1b: Garchomp|Garchomp, L50, F|100/100
|move|p1a: Charizard|Protect|p1a: Charizard
|-singleturn|p1a: Charizard|Protect
|move|p2b: Whimsicott|Tailwind|p2b: Whimsicott
|-sidestart|p2: N0PE2050|move: Tailwind
|move|p2a: THE BRIDGE|Electro Shot|p1b: Garchomp|[from] lockedmove
|-immune|p1b: Garchomp
|
|-weather|SunnyDay|[upkeep]
|-heal|p2a: THE BRIDGE|100/100|[from] item: Leftovers
|upkeep
|turn|3
|
|t:|1784772590
|move|p2b: Whimsicott|Encore|p1a: Charizard
|-start|p1a: Charizard|Encore
|move|p1a: Charizard|Protect||[still]
|-fail|p1a: Charizard
|move|p1b: Garchomp|Earthquake|p2b: Whimsicott|[spread] p2a,p2b
|-immune|p1a: Charizard
|-supereffective|p2a: THE BRIDGE|1
|-resisted|p2b: Whimsicott|1
|-damage|p2a: THE BRIDGE|41/100
|-damage|p2b: Whimsicott|69/100
|-ability|p2a: THE BRIDGE|Stamina|boost
|-boost|p2a: THE BRIDGE|def|1
|-damage|p1b: Garchomp|90/100|[from] item: Life Orb
|move|p2a: THE BRIDGE|Draco Meteor|p1a: Charizard
|-damage|p1a: Charizard|0 fnt
|-unboost|p2a: THE BRIDGE|spa|2
|faint|p1a: Charizard
|
|-weather|SunnyDay|[upkeep]
|-heal|p2a: THE BRIDGE|47/100|[from] item: Leftovers
|upkeep
|
|t:|1784772614
|switch|p1a: Rotom|Rotom-Wash, L50|100/100
|turn|4
|
|t:|1784772662
|move|p1b: Garchomp|Protect|p1b: Garchomp
|-singleturn|p1b: Garchomp|Protect
|move|p2a: THE BRIDGE|Protect|p2a: THE BRIDGE
|-singleturn|p2a: THE BRIDGE|Protect
|move|p2b: Whimsicott|Moonblast|p1b: Garchomp
|-activate|p1b: Garchomp|move: Protect
|move|p1a: Rotom|Volt Switch|p2b: Whimsicott
|-resisted|p2b: Whimsicott|1
|-damage|p2b: Whimsicott|55/100
|
|t:|1784772672
|switch|p1a: Incineroar|Incineroar, L50, M|100/100|[from] Volt Switch
|-ability|p1a: Incineroar|Intimidate|boost
|-unboost|p2a: THE BRIDGE|atk|1
|-unboost|p2b: Whimsicott|atk|1
|
|-weather|SunnyDay|[upkeep]
|-heal|p2a: THE BRIDGE|53/100|[from] item: Leftovers
|upkeep
|turn|5
|
|t:|1784772702
|switch|p2a: G-man|Greninja, L50, M|100/100
|move|p1a: Incineroar|Fake Out|p2b: Whimsicott
|-damage|p2b: Whimsicott|41/100
|cant|p2b: Whimsicott|flinch
|move|p1b: Garchomp|Dragon Claw|p2a: G-man
|-damage|p2a: G-man|17/100
|-damage|p1b: Garchomp|80/100|[from] item: Life Orb
|
|-weather|none
|-sideend|p2: N0PE2050|move: Tailwind
|upkeep
|turn|6
|
|t:|1784772752
|switch|p1a: Rotom|Rotom-Wash, L50|100/100
|move|p1b: Garchomp|Protect|p1b: Garchomp
|-singleturn|p1b: Garchomp|Protect
|move|p2b: Whimsicott|Moonblast|p1b: Garchomp
|-activate|p1b: Garchomp|move: Protect
|move|p2a: G-man|Sludge Wave|p1a: Rotom|[spread] p2b,p1a
|-start|p2a: G-man|typechange|Poison|[from] ability: Protean
|-activate|p1b: Garchomp|move: Protect
|-supereffective|p2b: Whimsicott|2
|-enditem|p2b: Whimsicott|Kebia Berry|[eat]
|-enditem|p2b: Whimsicott|Kebia Berry|[weaken]
|-crit|p1a: Rotom
|-damage|p2b: Whimsicott|0 fnt
|-damage|p1a: Rotom|40/100
|faint|p2b: Whimsicott
|
|upkeep
|
|t:|1784772767
|switch|p2b: THE BRIDGE|Archaludon, L50, F|53/100
|turn|7
|
|t:|1784772789
|detailschange|p2a: G-man|Greninja-Mega, L50, M
|-mega|p2a: G-man|Greninja|Greninjite
|move|p2b: THE BRIDGE|Protect|p2b: THE BRIDGE
|-singleturn|p2b: THE BRIDGE|Protect
|move|p1a: Rotom|Discharge|p2a: G-man|[spread] p2a
|-activate|p2b: THE BRIDGE|move: Protect
|-immune|p1b: Garchomp
|-supereffective|p2a: G-man|1
|-damage|p2a: G-man|0 fnt
|faint|p2a: G-man
|move|p1b: Garchomp|Earthquake|p2b: THE BRIDGE|[spread] 
|-activate|p2b: THE BRIDGE|move: Protect
|-immune|p1a: Rotom|[from] ability: Levitate
|
|-heal|p2b: THE BRIDGE|60/100|[from] item: Leftovers
|upkeep
|turn|8
|
|t:|1784772805
|move|p1a: Rotom|Discharge|p2b: THE BRIDGE|[spread] p2b
|-immune|p1b: Garchomp
|-resisted|p2b: THE BRIDGE|1
|-damage|p2b: THE BRIDGE|50/100g
|-ability|p2b: THE BRIDGE|Stamina|boost
|-boost|p2b: THE BRIDGE|def|1
|move|p1b: Garchomp|Earthquake|p2b: THE BRIDGE|[spread] p2b
|-immune|p1a: Rotom|[from] ability: Levitate
|-supereffective|p2b: THE BRIDGE|1
|-damage|p2b: THE BRIDGE|0 fnt
|faint|p2b: THE BRIDGE
|-damage|p1b: Garchomp|70/100|[from] item: Life Orb
|
|win|andrewdoesstuff
||N0PE2050 is ready for game 2.
|inactive|andrewdoesstuff has 30 seconds to confirm battle start!
|inactive|andrewdoesstuff has 20 seconds to confirm battle start!
||andrewdoesstuff is ready for game 2.
|uhtml|next|Next: Game 2 of 3
|l|☆N0PE2050
|player|p2|
