|j|☆newsoapy
|j|☆yairmeron
|html|newsoapyyairmeron    
|uhtml|bestof|Game 1 of a best-of-3
|t:|1786205545
|gametype|doubles
|player|p1|newsoapy|169|1119
|player|p2|yairmeron|1|1066
|gen|9
|tier|[Gen 9 Champions] VGC 2026 Reg M-B (Bo3)
|rated|
|rule|Species Clause: Limit one of each Pokémon
|rule|Item Clause: Limit 1 of each item
|clearpoke
|poke|p1|Incineroar, L50, F|
|poke|p1|Delphox, L50, F|
|poke|p1|Sneasler, L50, F|
|poke|p1|Sinistcha, L50|
|poke|p1|Kingambit, L50, F|
|poke|p1|Blastoise, L50, F|
|poke|p2|Raichu, L50, F|
|poke|p2|Archaludon, L50, F|
|poke|p2|Pelipper, L50, F|
|poke|p2|Basculegion, L50, M|
|poke|p2|Ceruledge, L50, F|
|poke|p2|Incineroar, L50, F|
|teampreview|4
|showteam|p1|Incineroar||SitrusBerry|Intimidate|FakeOut,FlareBlitz,ThroatChop,PartingShot|Impish||F|||50|]Delphox||Delphoxite|Blaze|HeatWave,NastyPlot,Protect,Psychic|Timid||F|||50|]Sneasler||FocusSash|PoisonTouch|FakeOut,CloseCombat,QuickGuard,PoisonJab|Jolly||F|||50|]Sinistcha||OccaBerry|Hospitality|MatchaGotcha,RagePowder,TrickRoom,Protect|Bold|||||50|]Kingambit||LifeOrb|Defiant|SuckerPunch,KowtowCleave,SwordsDance,Protect|Adamant||F|||50|]Blastoise||Blastoisinite|RainDish|ShellSmash,Protect,WaterSpout,DarkPulse|Modest||F|||50|
|showteam|p2|Raichu||RaichuniteY|LightningRod|FakeOut,Encore,Protect,ZapCannon|Timid||F|||50|]Archaludon||Leftovers|Stamina|ElectroShot,FlashCannon,Protect,DragonPulse|Modest||F|||50|]Pelipper||FocusSash|Drizzle|Hurricane,WeatherBall,Protect,Tailwind|Modest||F|||50|]Basculegion||ChoiceScarf|SwiftSwim|WaveCrash,LastRespects,AquaJet,FlipTurn|Adamant||M|||50|]Ceruledge||LifeOrb|WeakArmor|BitterBlade,BulkUp,Protect,Poltergeist|Adamant||F|||50|]Incineroar||ChopleBerry|Intimidate|FakeOut,PartingShot,FlareBlitz,DarkestLariat|Adamant||F|||50|
|inactive|Battle timer is ON: inactive players will automatically lose when time's up. (requested by yairmeron)
|inactive|newsoapy has 60 seconds left.
|inactive|yairmeron has 60 seconds left.
|
|t:|1786205584
|teamsize|p1|4
|teamsize|p2|4
|start
|switch|p1a: Blastoise|Blastoise, L50, F|100/100
|switch|p1b: Sneasler|Sneasler, L50, F|100/100
|switch|p2a: Ceruledge|Ceruledge, L50, F|100/100
|switch|p2b: Raichu|Raichu, L50, F|100/100
|turn|1
|
|t:|1786205601
|switch|p1a: Incineroar|Incineroar, L50, F|100/100
|-ability|p1a: Incineroar|Intimidate|boost
|-unboost|p2a: Ceruledge|atk|1
|-unboost|p2b: Raichu|atk|1
|detailschange|p2b: Raichu|Raichu-Mega-Y, L50, F
|-mega|p2b: Raichu|Raichu|Raichunite Y
|move|p1b: Sneasler|Fake Out|p2b: Raichu
|-damage|p2b: Raichu|71/100
|-status|p2b: Raichu|psn|[from] ability: Poison Touch|[of] p1b: Sneasler
|cant|p2b: Raichu|flinch
|move|p2a: Ceruledge|Bulk Up|p2a: Ceruledge
|-boost|p2a: Ceruledge|atk|1
|-boost|p2a: Ceruledge|def|1
|
|-damage|p2b: Raichu|59/100 psn|[from] psn
|upkeep
|turn|2
|inactive|yairmeron has 30 seconds left.
|
|t:|1786205630
|switch|p2a: Archaludon|Archaludon, L50, F|100/100
|move|p1a: Incineroar|Fake Out|p2b: Raichu
|-damage|p2b: Raichu|35/100 psn
|cant|p2b: Raichu|flinch
|move|p1b: Sneasler|Poison Jab|p2a: Archaludon
|-immune|p2a: Archaludon
|
|-damage|p2b: Raichu|23/100 psn|[from] psn
|upkeep
|turn|3
|
|t:|1786205654
|move|p2b: Raichu|Zap Cannon|p1b: Sneasler
|-enditem|p1b: Sneasler|Focus Sash
|-damage|p1b: Sneasler|1/100
|-status|p1b: Sneasler|par
|move|p2a: Archaludon|Dragon Pulse|p1a: Incineroar
|-damage|p1a: Incineroar|62/100
|cant|p1b: Sneasler|par
|move|p1a: Incineroar|Parting Shot|p2a: Archaludon
|-unboost|p2a: Archaludon|atk|1
|-unboost|p2a: Archaludon|spa|1
|
|t:|1786205659
|switch|p1a: Sinistcha|Sinistcha, L50|100/100|[from] Parting Shot
|-heal|p1b: Sneasler|25/100 par|[from] ability: Hospitality|[of] p1a: Sinistcha
|
|-damage|p2b: Raichu|10/100 psn|[from] psn
|upkeep
|turn|4
|
|t:|1786205685
|move|p1a: Sinistcha|Protect|p1a: Sinistcha
|-singleturn|p1a: Sinistcha|Protect
|move|p2b: Raichu|Zap Cannon|p1a: Sinistcha
|-activate|p1a: Sinistcha|move: Protect
|move|p2a: Archaludon|Dragon Pulse|p1b: Sneasler
|-damage|p1b: Sneasler|0 fnt
|faint|p1b: Sneasler
|
|-damage|p2b: Raichu|0 fnt|[from] psn
|faint|p2b: Raichu
|upkeep
|
|t:|1786205699
|switch|p2b: Basculegion|Basculegion, L50, M|100/100
|switch|p1b: Blastoise|Blastoise, L50, F|100/100
|turn|5
|
|t:|1786205710
|switch|p2a: Ceruledge|Ceruledge, L50, F|100/100
|switch|p1a: Incineroar|Incineroar, L50, F|62/100
|-ability|p1a: Incineroar|Intimidate|boost
|-unboost|p2a: Ceruledge|atk|1
|-unboost|p2b: Basculegion|atk|1
|detailschange|p1b: Blastoise|Blastoise-Mega, L50, F
|-mega|p1b: Blastoise|Blastoise|Blastoisinite
|move|p2b: Basculegion|Last Respects|p1a: Incineroar
|-resisted|p1a: Incineroar|1
|-damage|p1a: Incineroar|50/100y
|-enditem|p1a: Incineroar|Sitrus Berry|[eat]
|-heal|p1a: Incineroar|74/100|[from] item: Sitrus Berry
|move|p1b: Blastoise|Dark Pulse|p2b: Basculegion
|-supereffective|p2b: Basculegion|1
|-crit|p2b: Basculegion
|-damage|p2b: Basculegion|0 fnt
|faint|p2b: Basculegion
|
|upkeep
|l|☆yairmeron
|inactive|yairmeron disconnected and has a minute to reconnect!
|player|p2|
|inactive|yairmeron has 30 seconds left.
|inactive|yairmeron has 20 seconds left.
|inactive|yairmeron has 15 seconds left.
|inactive|yairmeron has 10 seconds left.
|inactive|yairmeron has 5 seconds left.
|-message|yairmeron lost due to inactivity.
|
|win|newsoapy
