|j|☆sogreenitslime
|j|☆Zifilalgf
|html|sogreenitslimeZifilalgf    
|uhtml|bestof|Game 1 of a best-of-3
|t:|1756174484
|gametype|doubles
|player|p1|sogreenitslime|102|1082
|player|p2|Zifilalgf|266|1199
|gen|9
|tier|[Gen 9] VGC 2025 Reg H (Bo3)
|rated|
|rule|Species Clause: Limit one of each Pokémon
|rule|Item Clause: Limit 1 of each item
|clearpoke
|poke|p1|Garchomp, L50, F|
|poke|p1|Glimmora, L50, F|
|poke|p1|Amoonguss, L50, M|
|poke|p1|Primarina, L50, F|
|poke|p1|Kingambit, L50, F|
|poke|p1|Incineroar, L50, M|
|poke|p2|Rillaboom, L50, F|
|poke|p2|Kingambit, L50, F|
|poke|p2|Sneasler, L50, M|
|poke|p2|Dragonite, L50, F|
|poke|p2|Magmar, L50, F|
|poke|p2|Dondozo, L50, M|
|teampreview|4
|showteam|p1|Garchomp||RockyHelmet|RoughSkin|RockSlide,DragonClaw,StompingTantrum,PoisonJab|||F|||50|,,,,,Water]Glimmora||AssaultVest|ToxicDebris|PowerGem,SludgeBomb,EnergyBall,MortalSpin|||F|||50|,,,,,Grass]Amoonguss||SitrusBerry|Regenerator|PollenPuff,Spore,RagePowder,ClearSmog|||M|||50|,,,,,Water]Primarina||ThroatSpray|LiquidVoice|HyperVoice,Moonblast,Haze,Protect|||F|||50|,,,,,Poison]Kingambit||BlackGlasses|Defiant|SuckerPunch,KowtowCleave,IronHead,Protect|||F|||50|,,,,,Dark]Incineroar||SafetyGoggles|Intimidate|FakeOut,FlareBlitz,PartingShot,KnockOff|||M|||50|,,,,,Fire
|showteam|p2|Rillaboom||AssaultVest|GrassySurge|WoodHammer,GrassyGlide,HighHorsepower,FakeOut|||F|||50|,,,,,Water]Kingambit||BlackGlasses|Defiant|KowtowCleave,SuckerPunch,SwordsDance,Protect|||F|||50|,,,,,Ghost]Sneasler||FocusSash|Unburden|DireClaw,CloseCombat,Coaching,Protect|||M|||50|,,,,,Stellar]Dragonite||LoadedDice|Multiscale|ScaleShot,StompingTantrum,Haze,Protect|||F|||50|,,,,,Fairy]Magmar||Eviolite|FlameBody|Overheat,WillOWisp,FollowMe,Protect|||F|||50|,,,,,Ghost]Dondozo||Leftovers|Unaware|Liquidation,Fissure,Yawn,Protect|||M|||50|,,,,,Bug
|
|t:|1756174526
|teamsize|p1|4
|teamsize|p2|4
|start
|switch|p1a: Garchomp|Garchomp, L50, F|100/100
|switch|p1b: Glimmora|Glimmora, L50, F|100/100
|switch|p2a: Kingambit|Kingambit, L50, F|100/100
|switch|p2b: Sneasler|Sneasler, L50, M|100/100
|turn|1
|
|t:|1756174570
|move|p2a: Kingambit|Sucker Punch|p1b: Glimmora
|-damage|p1b: Glimmora|43/100
|-activate|p1b: Glimmora|ability: Toxic Debris
|-sidestart|p2: Zifilalgf|move: Toxic Spikes
|move|p2b: Sneasler|Close Combat|p1b: Glimmora
|-damage|p1b: Glimmora|0 fnt
|-unboost|p2b: Sneasler|def|1
|-unboost|p2b: Sneasler|spd|1
|-activate|p1b: Glimmora|ability: Toxic Debris
|-sidestart|p2: Zifilalgf|move: Toxic Spikes
|faint|p1b: Glimmora
|move|p1a: Garchomp|Stomping Tantrum|p2b: Sneasler
|-supereffective|p2b: Sneasler
|-enditem|p2b: Sneasler|Focus Sash
|-damage|p2b: Sneasler|1/100
|
|upkeep
|
|t:|1756174585
|switch|p1b: Incineroar|Incineroar, L50, M|100/100
|-ability|p1b: Incineroar|Intimidate|boost
|-unboost|p2a: Kingambit|atk|1
|-ability|p2a: Kingambit|Defiant|boost
|-boost|p2a: Kingambit|atk|2
|-unboost|p2b: Sneasler|atk|1
|turn|2
|
|t:|1756174608
|move|p2b: Sneasler|Protect|p2b: Sneasler
|-singleturn|p2b: Sneasler|Protect
|move|p2a: Kingambit|Protect|p2a: Kingambit
|-singleturn|p2a: Kingambit|Protect
|move|p1a: Garchomp|Rock Slide|p2b: Sneasler|[spread] 
|-activate|p2a: Kingambit|move: Protect
|-activate|p2b: Sneasler|move: Protect
|move|p1b: Incineroar|Flare Blitz|p2a: Kingambit
|-activate|p2a: Kingambit|move: Protect
|
|upkeep
|turn|3
|
|t:|1756174628
|switch|p1b: Primarina|Primarina, L50, F|100/100
|-terastallize|p2a: Kingambit|Ghost
|move|p2a: Kingambit|Sucker Punch|p1a: Garchomp
|-damage|p1a: Garchomp|30/100
|-damage|p2a: Kingambit|88/100|[from] ability: Rough Skin|[of] p1a: Garchomp
|-damage|p2a: Kingambit|72/100|[from] item: Rocky Helmet|[of] p1a: Garchomp
|move|p2b: Sneasler|Coaching|p2a: Kingambit
|-boost|p2a: Kingambit|atk|1
|-boost|p2a: Kingambit|def|1
|move|p1a: Garchomp|Rock Slide|p2a: Kingambit|[spread] p2a,p2b
|-resisted|p2b: Sneasler
|-damage|p2a: Kingambit|63/100
|-damage|p2b: Sneasler|0 fnt
|faint|p2b: Sneasler
|
|upkeep
|
|t:|1756174641
|switch|p2b: Rillaboom|Rillaboom, L50, F|100/100
|-status|p2b: Rillaboom|tox
|-fieldstart|move: Grassy Terrain|[from] ability: Grassy Surge|[of] p2b: Rillaboom
|turn|4
|
|t:|1756174672
|switch|p1b: Incineroar|Incineroar, L50, M|100/100
|-ability|p1b: Incineroar|Intimidate|boost
|-unboost|p2a: Kingambit|atk|1
|-ability|p2a: Kingambit|Defiant|boost
|-boost|p2a: Kingambit|atk|2
|-unboost|p2b: Rillaboom|atk|1
|move|p2b: Rillaboom|Grassy Glide|p1a: Garchomp
|-damage|p1a: Garchomp|8/100
|-damage|p2b: Rillaboom|88/100 tox|[from] ability: Rough Skin|[of] p1a: Garchomp
|-damage|p2b: Rillaboom|71/100 tox|[from] item: Rocky Helmet|[of] p1a: Garchomp
|move|p2a: Kingambit|Sucker Punch||[still]
|-fail|p2a: Kingambit
|move|p1a: Garchomp|Poison Jab|p2b: Rillaboom
|-supereffective|p2b: Rillaboom
|-damage|p2b: Rillaboom|15/100 tox
|
|-heal|p1a: Garchomp|14/100|[from] Grassy Terrain
|-heal|p2b: Rillaboom|21/100 tox|[from] Grassy Terrain
|-heal|p2a: Kingambit|68/100|[from] Grassy Terrain
|-damage|p2b: Rillaboom|15/100 tox|[from] psn
|upkeep
|turn|5
|
|t:|1756174702
|move|p2a: Kingambit|Protect|p2a: Kingambit
|-singleturn|p2a: Kingambit|Protect
|move|p1a: Garchomp|Dragon Claw|p2b: Rillaboom
|-damage|p2b: Rillaboom|0 fnt
|faint|p2b: Rillaboom
|move|p1b: Incineroar|Knock Off|p2a: Kingambit
|-activate|p2a: Kingambit|move: Protect
|
|-heal|p1a: Garchomp|20/100|[from] Grassy Terrain
|-heal|p2a: Kingambit|74/100|[from] Grassy Terrain
|upkeep
|
|t:|1756174705
|switch|p2b: Dondozo|Dondozo, L50, M|100/100
|-status|p2b: Dondozo|tox
|turn|6
|
|t:|1756174738
|move|p1a: Garchomp|Dragon Claw|p2b: Dondozo
|-damage|p2b: Dondozo|73/100 tox
|move|p1b: Incineroar|Knock Off|p2a: Kingambit
|-supereffective|p2a: Kingambit
|-damage|p2a: Kingambit|38/100
|-enditem|p2a: Kingambit|Black Glasses|[from] move: Knock Off|[of] p1b: Incineroar
|move|p2a: Kingambit|Kowtow Cleave|p1b: Incineroar
|-resisted|p1b: Incineroar
|-damage|p1b: Incineroar|54/100
|move|p2b: Dondozo|Yawn|p1a: Garchomp
|-start|p1a: Garchomp|move: Yawn|[of] p2b: Dondozo
|
|-heal|p1a: Garchomp|25/100|[from] Grassy Terrain
|-heal|p1b: Incineroar|60/100|[from] Grassy Terrain
|-heal|p2a: Kingambit|44/100|[from] Grassy Terrain
|-heal|p2b: Dondozo|79/100 tox|[from] Grassy Terrain
|-heal|p2b: Dondozo|86/100 tox|[from] item: Leftovers
|-damage|p2b: Dondozo|79/100 tox|[from] psn
|upkeep
|turn|7
|
|t:|1756174758
|move|p2a: Kingambit|Protect|p2a: Kingambit
|-singleturn|p2a: Kingambit|Protect
|move|p2b: Dondozo|Protect|p2b: Dondozo
|-singleturn|p2b: Dondozo|Protect
|move|p1a: Garchomp|Stomping Tantrum|p2a: Kingambit
|-activate|p2a: Kingambit|move: Protect
|move|p1b: Incineroar|Knock Off|p2b: Dondozo
|-activate|p2b: Dondozo|move: Protect
|
|-heal|p1a: Garchomp|31/100|[from] Grassy Terrain
|-heal|p1b: Incineroar|66/100|[from] Grassy Terrain
|-heal|p2a: Kingambit|50/100|[from] Grassy Terrain
|-heal|p2b: Dondozo|86/100 tox|[from] Grassy Terrain
|-heal|p2b: Dondozo|92/100 tox|[from] item: Leftovers
|-damage|p2b: Dondozo|79/100 tox|[from] psn
|-end|p1a: Garchomp|move: Yawn|[silent]
|-status|p1a: Garchomp|slp
|upkeep
|turn|8
|
|t:|1756174778
|cant|p1a: Garchomp|slp
|move|p1b: Incineroar|Knock Off|p2b: Dondozo
|-damage|p2b: Dondozo|57/100 tox
|-enditem|p2b: Dondozo|Leftovers|[from] move: Knock Off|[of] p1b: Incineroar
|move|p2a: Kingambit|Swords Dance|p2a: Kingambit
|-boost|p2a: Kingambit|atk|2
|move|p2b: Dondozo|Liquidation|p1b: Incineroar
|-supereffective|p1b: Incineroar
|-damage|p1b: Incineroar|16/100
|
|-heal|p1a: Garchomp|37/100 slp|[from] Grassy Terrain
|-heal|p1b: Incineroar|22/100|[from] Grassy Terrain
|-heal|p2a: Kingambit|56/100|[from] Grassy Terrain
|-heal|p2b: Dondozo|63/100 tox|[from] Grassy Terrain
|-damage|p2b: Dondozo|44/100 tox|[from] psn
|-fieldend|move: Grassy Terrain
|upkeep
|turn|9
|
|t:|1756174795
|move|p2a: Kingambit|Sucker Punch|p1b: Incineroar
|-resisted|p1b: Incineroar
|-damage|p1b: Incineroar|0 fnt
|faint|p1b: Incineroar
|cant|p1a: Garchomp|slp
|move|p2b: Dondozo|Liquidation|p1a: Garchomp
|-damage|p1a: Garchomp|6/100 slp
|-damage|p2b: Dondozo|32/100 tox|[from] ability: Rough Skin|[of] p1a: Garchomp
|-damage|p2b: Dondozo|15/100 tox|[from] item: Rocky Helmet|[of] p1a: Garchomp
|
|-damage|p2b: Dondozo|0 fnt|[from] psn
|faint|p2b: Dondozo
|upkeep
|
|t:|1756174807
|switch|p1b: Primarina|Primarina, L50, F|100/100
|turn|10
|
|t:|1756174822
|move|p1b: Primarina|Protect|p1b: Primarina
|-singleturn|p1b: Primarina|Protect
|cant|p1a: Garchomp|slp
|move|p2a: Kingambit|Kowtow Cleave|p1b: Primarina
|-activate|p1b: Primarina|move: Protect
|
|upkeep
|turn|11
|
|t:|1756174833
|move|p2a: Kingambit|Sucker Punch|p1a: Garchomp
|-damage|p1a: Garchomp|0 fnt
|-damage|p2a: Kingambit|44/100|[from] ability: Rough Skin|[of] p1a: Garchomp
|-damage|p2a: Kingambit|27/100|[from] item: Rocky Helmet|[of] p1a: Garchomp
|faint|p1a: Garchomp
|move|p1b: Primarina|Haze|p1b: Primarina
|-clearallboost
|
|upkeep
|turn|12
|
|t:|1756174846
|move|p1b: Primarina|Hyper Voice|p2a: Kingambit
|-damage|p2a: Kingambit|0 fnt
|faint|p2a: Kingambit
|-enditem|p1b: Primarina|Throat Spray
|
|win|sogreenitslime
||Zifilalgf is ready for game 2.
||sogreenitslime is ready for game 2.
|uhtml|next|Next: Game 2 of 3
