|j|☆Turtlenator6
|j|☆Govek314
|html|Turtlenator6Govek314    
|uhtml|bestof|Game 1 of a best-of-3
|t:|1757632001
|gametype|doubles
|player|p1|Turtlenator6|grimsley|
|player|p2|Govek314|2|
|gen|9
|tier|[Gen 9] VGC 2025 Reg H (Bo3)
|rule|Species Clause: Limit one of each Pokémon
|rule|Item Clause: Limit 1 of each item
|clearpoke
|poke|p1|Archaludon, L50, M|
|poke|p1|Pelipper, L50, M|
|poke|p1|Basculegion, L50, M|
|poke|p1|Decidueye-Hisui, L50, M|
|poke|p1|Sinistcha-Masterpiece, L50|
|poke|p1|Ursaluna, L50, M|
|poke|p2|Volcarona, L50, F|
|poke|p2|Tyranitar, L50, F|
|poke|p2|Excadrill, L50, M|
|poke|p2|Basculegion, L50, M|
|poke|p2|Indeedee-F, L50, F|
|poke|p2|Kommo-o, L50, M|
|teampreview|4
|showteam|p1|Archaludon||AssaultVest|Stamina|FlashCannon,BodyPress,ElectroShot,Snarl|||M|||50|,,,,,Grass]Pelipper||FocusSash|Drizzle|WeatherBall,Hurricane,Tailwind,WideGuard|||M|||50|,,,,,Ghost]Basculegion||LifeOrb|SwiftSwim|WaveCrash,LastRespects,AquaJet,Protect|||M|||50|,,,,,Stellar]Decidueye-Hisui||CovertCloak|Scrappy|TripleArrows,Trailblaze,Haze,Protect|||M|||50|,,,,,Fighting]Sinistcha-Masterpiece||Leftovers|Hospitality|MatchaGotcha,RagePowder,LifeDew,TrickRoom||||||50|,,,,,Dark]Ursaluna||FlameOrb|Guts|HeadlongRush,Facade,Earthquake,Protect|||M|||50|,,,,,Normal
|showteam|p2|Volcarona||Leftovers|FlameBody|Flamethrower,GigaDrain,QuiverDance,Protect|||F|||50|,,,,,Dragon]Tyranitar||AssaultVest|SandStream|RockSlide,KnockOff,LowKick,TeraBlast|||F|||50|,,,,,Flying]Excadrill||FocusSash|SandRush|IronHead,HighHorsepower,TeraBlast,Protect|||M|||50|,,,,,Grass]Basculegion||ChoiceScarf|Adaptability|WaveCrash,LastRespects,FlipTurn,TeraBlast|||M|||50|,,,,,Fairy]Indeedee-F||PsychicSeed|PsychicSurge|TrickRoom,Psychic,FollowMe,HelpingHand|||F|||50|,,,,,Grass]Kommo-o||ThroatSpray|Overcoat|ClangingScales,ClangorousSoul,AuraSphere,Protect|||M|||50|,,,,,Steel
|
|t:|1757632064
|teamsize|p1|4
|teamsize|p2|4
|start
|switch|p1a: Trump Tower|Archaludon, L50, M, shiny|100/100
|switch|p1b: Sinistcha|Sinistcha-Masterpiece, L50, shiny|100/100
|switch|p2a: Basculegion|Basculegion, L50, M|100/100
|switch|p2b: Kommo-o|Kommo-o, L50, M, shiny|100/100
|turn|1
|
|t:|1757632093
|move|p2a: Basculegion|Flip Turn|p1b: Sinistcha
|-resisted|p1b: Sinistcha
|-damage|p1b: Sinistcha|82/100
|
|t:|1757632097
|switch|p2a: Indeedee|Indeedee-F, L50, F|100/100|[from] Flip Turn
|-fieldstart|move: Psychic Terrain|[from] ability: Psychic Surge|[of] p2a: Indeedee
|-enditem|p2a: Indeedee|Psychic Seed
|-boost|p2a: Indeedee|spd|1|[from] item: Psychic Seed
|move|p2b: Kommo-o|Clangorous Soul|p2b: Kommo-o
|-boost|p2b: Kommo-o|atk|1
|-boost|p2b: Kommo-o|def|1
|-boost|p2b: Kommo-o|spa|1
|-boost|p2b: Kommo-o|spd|1
|-boost|p2b: Kommo-o|spe|1
|-damage|p2b: Kommo-o|68/100
|-enditem|p2b: Kommo-o|Throat Spray
|-boost|p2b: Kommo-o|spa|1|[from] item: Throat Spray
|move|p1a: Trump Tower|Flash Cannon|p2b: Kommo-o
|-damage|p2b: Kommo-o|40/100
|move|p1b: Sinistcha|Trick Room|p1b: Sinistcha
|-fieldstart|move: Trick Room|[of] p1b: Sinistcha
|
|-heal|p1b: Sinistcha|88/100|[from] item: Leftovers
|upkeep
|turn|2
|
|t:|1757632127
|switch|p1b: Florida Man|Pelipper, L50, M, shiny|100/100
|-weather|RainDance|[from] ability: Drizzle|[of] p1b: Florida Man
|-terastallize|p1a: Trump Tower|Grass
|move|p2b: Kommo-o|Protect|p2b: Kommo-o
|-singleturn|p2b: Kommo-o|Protect
|move|p1a: Trump Tower|Electro Shot||[still]
|-prepare|p1a: Trump Tower|Electro Shot
|-boost|p1a: Trump Tower|spa|1
|-anim|p1a: Trump Tower|Electro Shot|p2a: Indeedee
|-damage|p2a: Indeedee|62/100
|move|p2a: Indeedee|Trick Room|p2a: Indeedee
|-fieldend|move: Trick Room
|
|-weather|RainDance|[upkeep]
|upkeep
|turn|3
|
|t:|1757632166
|switch|p2a: Tyranitar|Tyranitar, L50, F, shiny|100/100
|-weather|Sandstorm|[from] ability: Sand Stream|[of] p2a: Tyranitar
|move|p2b: Kommo-o|Clanging Scales|p1a: Trump Tower|[spread] p1a,p1b
|-damage|p1a: Trump Tower|42/100
|-enditem|p1b: Florida Man|Focus Sash
|-damage|p1b: Florida Man|1/100
|-ability|p1a: Trump Tower|Stamina|boost
|-boost|p1a: Trump Tower|def|1
|-unboost|p2b: Kommo-o|def|1
|move|p1b: Florida Man|Tailwind|p1b: Florida Man
|-sidestart|p1: Turtlenator6|move: Tailwind
|move|p1a: Trump Tower|Electro Shot||[still]
|-prepare|p1a: Trump Tower|Electro Shot
|-boost|p1a: Trump Tower|spa|1
|
|-weather|Sandstorm|[upkeep]
|-damage|p1b: Florida Man|0 fnt|[from] Sandstorm
|-damage|p1a: Trump Tower|36/100|[from] Sandstorm
|faint|p1b: Florida Man
|upkeep
|
|t:|1757632182
|switch|p1b: Sinistcha|Sinistcha-Masterpiece, L50, shiny|88/100
|-heal|p1a: Trump Tower|61/100|[from] ability: Hospitality|[of] p1b: Sinistcha
|turn|4
|
|t:|1757632219
|-terastallize|p2a: Tyranitar|Flying
|move|p1a: Trump Tower|Electro Shot|p2b: Kommo-o|[from] lockedmove
|-resisted|p2b: Kommo-o
|-damage|p2b: Kommo-o|12/100
|move|p2b: Kommo-o|Clanging Scales|p1b: Sinistcha|[spread] p1a,p1b
|-damage|p1a: Trump Tower|2/100
|-damage|p1b: Sinistcha|18/100
|-ability|p1a: Trump Tower|Stamina|boost
|-boost|p1a: Trump Tower|def|1
|-unboost|p2b: Kommo-o|def|1
|move|p1b: Sinistcha|Matcha Gotcha|p2a: Tyranitar|[spread] p2b
|-miss|p1b: Sinistcha|p2a: Tyranitar
|-resisted|p2b: Kommo-o
|-damage|p2b: Kommo-o|3/100
|-heal|p1b: Sinistcha|23/100|[from] drain|[of] p2b: Kommo-o
|move|p2a: Tyranitar|Tera Blast|p1b: Sinistcha|[anim] Tera Blast Flying
|-supereffective|p1b: Sinistcha
|-damage|p1b: Sinistcha|0 fnt
|faint|p1b: Sinistcha
|
|-weather|Sandstorm|[upkeep]
|-damage|p1a: Trump Tower|0 fnt|[from] Sandstorm
|-damage|p2a: Tyranitar|95/100|[from] Sandstorm
|faint|p1a: Trump Tower
|upkeep
|
|t:|1757632241
|switch|p1a: Slayer|Basculegion, L50, M|100/100
|turn|5
|
|t:|1757632249
|move|p1a: Slayer|Last Respects|p2a: Tyranitar
|-damage|p2a: Tyranitar|0 fnt
|faint|p2a: Tyranitar
|-damage|p1a: Slayer|91/100|[from] item: Life Orb
|move|p2b: Kommo-o|Clanging Scales|p1a: Slayer
|-damage|p1a: Slayer|0 fnt
|faint|p1a: Slayer
|
|win|Govek314
||Turtlenator6 is ready for game 2.
|inactive|Govek314 has 30 seconds to confirm battle start!
