|j|☆sparshjha
|j|☆Delta Isn't Niche
|html|sparshjhaDelta Isn't Niche    
|uhtml|bestof|Game 2 of a best-of-3
|t:|1784738224
|gametype|doubles
|player|p1|sparshjha|266|1161
|player|p2|Delta Isn't Niche|unknown|1000
|gen|9
|tier|[Gen 9 Champions] VGC 2026 Reg M-B (Bo3)
|rated|
|rule|Species Clause: Limit one of each Pokémon
|rule|Item Clause: Limit 1 of each item
|clearpoke
|poke|p1|Charizard, L50, F|
|poke|p1|Grimmsnarl, L50, M|
|poke|p1|Pelipper, L50, M|
|poke|p1|Archaludon, L50, F|
|poke|p1|Basculegion, L50, M|
|poke|p1|Venusaur, L50, F|
|poke|p2|Floette-Eternal, L50, F|
|poke|p2|Vivillon, L50, M, shiny|
|poke|p2|Garchomp, L50, M, shiny|
|poke|p2|Farigiraf, L50, F|
|poke|p2|Aggron, L50, F, shiny|
|poke|p2|Grimmsnarl, L50, M, shiny|
|teampreview|4
|showteam|p1|Charizard||CharizarditeY|Blaze|Protect,HeatWave,WeatherBall,SolarBeam|Timid||F|||50|]Grimmsnarl||LightClay|Prankster|SpiritBreak,Reflect,LightScreen,PartingShot|Sassy||M|||50|]Pelipper||SitrusBerry|Drizzle|Hurricane,WeatherBall,Tailwind,WideGuard|Modest||M|||50|]Archaludon||Leftovers|Stamina|Protect,ElectroShot,DragonPulse,FlashCannon|Calm||F|||50|]Basculegion||ChoiceScarf|Adaptability|FlipTurn,WaveCrash,AquaJet,LastRespects|Jolly||M|||50|]Venusaur||FocusSash|Chlorophyll|Protect,SleepPowder,SludgeBomb,EarthPower|Modest||F|||50|
|showteam|p2|Floette-Eternal||Floettite|FlowerVeil|CalmMind,DrainingKiss,Protect,DazzlingGleam|Timid||F|||50|]Vivillon||FocusSash|CompoundEyes|Hurricane,Protect,SleepPowder,RagePowder|Timid||M|||50|]Garchomp||LifeOrb|RoughSkin|DragonClaw,Earthquake,RockSlide,Protect|Jolly||M|||50|]Farigiraf||SitrusBerry|ArmorTail|Psychic,TrickRoom,HelpingHand,HyperVoice|Relaxed||F|||50|]Aggron||Aggronite|Sturdy|BodyPress,IronDefense,HeavySlam,Protect|Relaxed||F|||50|]Grimmsnarl||LightClay|Prankster|FakeOut,LightScreen,Reflect,PartingShot|Impish||M|||50|
|inactive|Battle timer is ON: inactive players will automatically lose when time's up. (requested by Delta Isn't Niche)
|
|t:|1784738239
|teamsize|p1|4
|teamsize|p2|4
|start
|switch|p1a: Charizard|Charizard, L50, F|100/100
|switch|p1b: Venusaur|Venusaur, L50, F|100/100
|switch|p2a: Vivillon|Vivillon, L50, M, shiny|100/100
|switch|p2b: Floette|Floette-Eternal, L50, F|100/100
|turn|1
|inactive|sparshjha has 30 seconds left.
|inactive|sparshjha has 20 seconds left.
|inactive|sparshjha has 15 seconds left.
|
|t:|1784738279
|switch|p2b: Grimmsnarl|Grimmsnarl, L50, M, shiny|100/100
|detailschange|p1a: Charizard|Charizard-Mega-Y, L50, F
|-mega|p1a: Charizard|Charizard|Charizardite Y
|-weather|SunnyDay|[from] ability: Drought|[of] p1a: Charizard
|move|p1b: Venusaur|Sleep Powder|p2a: Vivillon|[miss]
|-miss|p1b: Venusaur|p2a: Vivillon
|move|p2a: Vivillon|Sleep Powder|p1a: Charizard
|-status|p1a: Charizard|slp|[from] move: Sleep Powder
|cant|p1a: Charizard|slp
|
|-weather|SunnyDay|[upkeep]
|upkeep
|turn|2
|inactive|sparshjha has 30 seconds left.
|
|t:|1784738309
|move|p2b: Grimmsnarl|Fake Out|p1b: Venusaur
|-damage|p1b: Venusaur|85/100
|cant|p1b: Venusaur|flinch
|move|p2a: Vivillon|Hurricane|p1b: Venusaur|[miss]
|-miss|p2a: Vivillon|p1b: Venusaur
|-curestatus|p1a: Charizard|slp|[msg]
|move|p1a: Charizard|Heat Wave|p2b: Grimmsnarl|[spread] p2a
|-miss|p1a: Charizard|p2b: Grimmsnarl
|-supereffective|p2a: Vivillon|1
|-enditem|p2a: Vivillon|Focus Sash
|-damage|p2a: Vivillon|1/100
|
|-weather|SunnyDay|[upkeep]
|upkeep
|turn|3
|inactive|sparshjha has 30 seconds left.
|
|t:|1784738334
|move|p2b: Grimmsnarl|Parting Shot|p1a: Charizard
|-unboost|p1a: Charizard|atk|1
|-unboost|p1a: Charizard|spa|1
|
|t:|1784738338
|switch|p2b: Garchomp|Garchomp, L50, M, shiny|100/100|[from] Parting Shot
|move|p1b: Venusaur|Sludge Bomb|p2b: Garchomp
|-resisted|p2b: Garchomp|1
|-damage|p2b: Garchomp|75/100
|move|p2a: Vivillon|Hurricane|p1b: Venusaur
|-supereffective|p1b: Venusaur|1
|-damage|p1b: Venusaur|0 fnt
|faint|p1b: Venusaur
|move|p1a: Charizard|Weather Ball|p2b: Garchomp
|-resisted|p2b: Garchomp|1
|-damage|p2b: Garchomp|43/100
|
|-weather|SunnyDay|[upkeep]
|upkeep
|inactive|sparshjha has 30 seconds left.
|
|t:|1784738367
|switch|p1b: Pelipper|Pelipper, L50, M|100/100
|-weather|RainDance|[from] ability: Drizzle|[of] p1b: Pelipper
|turn|4
|
|t:|1784738384
|move|p2b: Garchomp|Protect|p2b: Garchomp
|-singleturn|p2b: Garchomp|Protect
|move|p1a: Charizard|Protect|p1a: Charizard
|-singleturn|p1a: Charizard|Protect
|move|p2a: Vivillon|Sleep Powder|p1b: Pelipper
|-status|p1b: Pelipper|slp|[from] move: Sleep Powder
|cant|p1b: Pelipper|slp
|
|-weather|RainDance|[upkeep]
|upkeep
|turn|5
|inactive|sparshjha has 30 seconds left.
|inactive|sparshjha has 20 seconds left.
|inactive|sparshjha has 15 seconds left.
|inactive|sparshjha has 10 seconds left.
|
|t:|1784738432
|move|p1a: Charizard|Protect||[still]
|-fail|p1a: Charizard
|move|p2b: Garchomp|Rock Slide|p1b: Pelipper|[spread] p1a,p1b
|-supereffective|p1a: Charizard|2
|-supereffective|p1b: Pelipper|1
|-damage|p1a: Charizard|0 fnt
|-damage|p1b: Pelipper|48/100 slp
|-enditem|p1b: Pelipper|Sitrus Berry|[eat]
|-heal|p1b: Pelipper|73/100 slp|[from] item: Sitrus Berry
|faint|p1a: Charizard
|-damage|p2b: Garchomp|33/100|[from] item: Life Orb
|move|p2a: Vivillon|Hurricane|p1b: Pelipper
|-damage|p1b: Pelipper|15/100 slp
|cant|p1b: Pelipper|slp
|
|-weather|RainDance|[upkeep]
|upkeep
|
|t:|1784738439
|switch|p1a: Basculegion|Basculegion, L50, M|100/100
|turn|6
|
|t:|1784738454
|move|p2a: Vivillon|Rage Powder|p2a: Vivillon
|-singleturn|p2a: Vivillon|move: Rage Powder
|move|p1a: Basculegion|Last Respects|p2a: Vivillon
|-damage|p2a: Vivillon|0 fnt
|faint|p2a: Vivillon
|move|p2b: Garchomp|Rock Slide|p1a: Basculegion|[spread] p1a,p1b
|-crit|p1a: Basculegion
|-supereffective|p1b: Pelipper|1
|-damage|p1a: Basculegion|55/100
|-damage|p1b: Pelipper|0 fnt
|faint|p1b: Pelipper
|-damage|p2b: Garchomp|23/100|[from] item: Life Orb
|
|-weather|RainDance|[upkeep]
|upkeep
|
|t:|1784738467
|switch|p2a: Floette|Floette-Eternal, L50, F|100/100
|turn|7
|
|t:|1784738475
|detailschange|p2a: Floette|Floette-Mega, L50, F
|-mega|p2a: Floette|Floette|Floettite
|-ability|p2a: Floette|Fairy Aura
|move|p1a: Basculegion|Last Respects|p2b: Garchomp
|-damage|p2b: Garchomp|0 fnt
|faint|p2b: Garchomp
|move|p2a: Floette|Dazzling Gleam|p1a: Basculegion
|-damage|p1a: Basculegion|0 fnt
|faint|p1a: Basculegion
|
|win|Delta Isn't Niche
