|j|☆Shishio_Ax
|j|☆pikatrod
|html|Shishio_Axpikatrod    
|uhtml|bestof|Game 1 of a best-of-3
|t:|1756743475
|gametype|doubles
|player|p1|Shishio_Ax|gambler|1292
|player|p2|pikatrod|170|1408
|gen|9
|tier|[Gen 9] VGC 2025 Reg H (Bo3)
|rated|
|rule|Species Clause: Limit one of each Pokémon
|rule|Item Clause: Limit 1 of each item
|clearpoke
|poke|p1|Volcarona, L50, M|
|poke|p1|Ninetales-Alola, L50, F|
|poke|p1|Sneasler, L50, F|
|poke|p1|Dragonite, L50, M|
|poke|p1|Electabuzz, L50, F|
|poke|p1|Rillaboom, L50, M|
|poke|p2|Kingambit, L50, M|
|poke|p2|Primarina, L50, F|
|poke|p2|Sneasler, L50, M|
|poke|p2|Magmar, L50, F|
|poke|p2|Rillaboom, L50, F|
|poke|p2|Dragapult, L50, F|
|teampreview|4
|showteam|p1|Volcarona||CovertCloak|FlameBody|HeatWave,TeraBlast,QuiverDance,Protect|||M|||50|,,,,,Fairy]Ninetales-Alola||LifeOrb|SnowWarning|Blizzard,Moonblast,Encore,Protect|||F|||50|,,,,,Poison]Sneasler||FocusSash|Unburden|DireClaw,CloseCombat,ThroatChop,Protect|||F|||50|,,,,,Dark]Dragonite||LoadedDice|Multiscale|ScaleShot,StompingTantrum,Haze,Protect|||M|||50|,,,,,Ground]Electabuzz||Eviolite|VitalSpirit|Thunderbolt,FollowMe,Taunt,Protect|||F|||50|,,,,,Ghost]Rillaboom||AssaultVest|GrassySurge|WoodHammer,GrassyGlide,FakeOut,Uturn|||M|||50|,,,,,Fire
|showteam|p2|Kingambit||BlackGlasses|Defiant|KowtowCleave,SuckerPunch,SwordsDance,Protect|||M|||50|,,,,,Dark]Primarina||SitrusBerry|LiquidVoice|HyperVoice,Moonblast,Haze,Protect|||F|||50|,,,,,Water]Sneasler||FocusSash|Unburden|CloseCombat,DireClaw,FakeOut,Protect|||M|||50|,,,,,Stellar]Magmar||Eviolite|VitalSpirit|Overheat,WillOWisp,FollowMe,Protect|||F|||50|,,,,,Ghost]Rillaboom||AssaultVest|GrassySurge|WoodHammer,GrassyGlide,HighHorsepower,FakeOut|||F|||50|,,,,,Fire]Dragapult||ChoiceBand|ClearBody|DragonDarts,PhantomForce,Outrage,Uturn|||F|||50|,,,,,Dragon
|inactive|Battle timer is ON: inactive players will automatically lose when time's up. (requested by Shishio_Ax)
|inactive|pikatrod has 60 seconds left.
|
|t:|1756743549
|teamsize|p1|4
|teamsize|p2|4
|start
|switch|p1a: Ventus|Dragonite, L50, M|100/100
|switch|p1b: Surge|Electabuzz, L50, F|100/100
|switch|p2a: Dragapult|Dragapult, L50, F|100/100
|switch|p2b: Primarina|Primarina, L50, F|100/100
|turn|1
|inactive|Shishio_Ax has 30 seconds left.
|
|t:|1756743579
|move|p1b: Surge|Follow Me|p1b: Surge
|-singleturn|p1b: Surge|move: Follow Me
|move|p2a: Dragapult|U-turn|p1b: Surge
|-damage|p1b: Surge|68/100
|
|t:|1756743583
|switch|p2a: Kingambit|Kingambit, L50, M|100/100|[from] U-turn
|move|p1a: Ventus|Scale Shot|p2a: Kingambit
|-resisted|p2a: Kingambit
|-damage|p2a: Kingambit|95/100
|-resisted|p2a: Kingambit
|-damage|p2a: Kingambit|90/100
|-resisted|p2a: Kingambit
|-damage|p2a: Kingambit|84/100
|-resisted|p2a: Kingambit
|-damage|p2a: Kingambit|78/100
|-hitcount|p2a: Kingambit|4
|-unboost|p1a: Ventus|def|1
|-boost|p1a: Ventus|spe|1
|move|p2b: Primarina|Hyper Voice|p1b: Surge|[spread] p1a,p1b
|-resisted|p1a: Ventus
|-damage|p1a: Ventus|93/100
|-damage|p1b: Surge|37/100
|
|upkeep
|turn|2
|inactive|Shishio_Ax has 30 seconds left.
|inactive|pikatrod has 30 seconds left.
|
|t:|1756743617
|move|p1a: Ventus|Protect|p1a: Ventus
|-singleturn|p1a: Ventus|Protect
|move|p1b: Surge|Protect|p1b: Surge
|-singleturn|p1b: Surge|Protect
|move|p2b: Primarina|Moonblast|p1b: Surge
|-activate|p1b: Surge|move: Protect
|move|p2a: Kingambit|Kowtow Cleave|p1a: Ventus
|-activate|p1a: Ventus|move: Protect
|
|upkeep
|turn|3
|inactive|pikatrod has 30 seconds left.
|
|t:|1756743650
|-terastallize|p1a: Ventus|Ground
|-terastallize|p2a: Kingambit|Dark
|move|p1a: Ventus|Stomping Tantrum|p2a: Kingambit
|-damage|p2a: Kingambit|44/100
|move|p1b: Surge|Thunderbolt|p2a: Kingambit
|-damage|p2a: Kingambit|16/100
|move|p2b: Primarina|Moonblast|p1b: Surge
|-damage|p1b: Surge|0 fnt
|faint|p1b: Surge
|move|p2a: Kingambit|Kowtow Cleave|p1a: Ventus
|-damage|p1a: Ventus|0 fnt
|faint|p1a: Ventus
|
|upkeep
|
|t:|1756743657
|switch|p1b: D'oro|Sneasler, L50, F|100/100
|switch|p1a: Dante|Volcarona, L50, M|100/100
|turn|4
|inactive|pikatrod has 30 seconds left.
|inactive|pikatrod has 20 seconds left.
|inactive|pikatrod has 15 seconds left.
|
|t:|1756743698
|move|p2a: Kingambit|Sucker Punch|p1b: D'oro
|-resisted|p1b: D'oro
|-damage|p1b: D'oro|44/100
|move|p1b: D'oro|Dire Claw|p2b: Primarina
|-supereffective|p2b: Primarina
|-damage|p2b: Primarina|15/100
|-status|p2b: Primarina|slp
|-enditem|p2b: Primarina|Sitrus Berry|[eat]
|-heal|p2b: Primarina|40/100 slp|[from] item: Sitrus Berry
|move|p1a: Dante|Quiver Dance|p1a: Dante
|-boost|p1a: Dante|spa|1
|-boost|p1a: Dante|spd|1
|-boost|p1a: Dante|spe|1
|cant|p2b: Primarina|slp
|
|upkeep
|turn|5
|
|t:|1756743723
|move|p1b: D'oro|Protect|p1b: D'oro
|-singleturn|p1b: D'oro|Protect
|move|p2a: Kingambit|Sucker Punch|p1a: Dante
|-damage|p1a: Dante|21/100
|-status|p2a: Kingambit|brn|[from] ability: Flame Body|[of] p1a: Dante
|move|p1a: Dante|Heat Wave|p2a: Kingambit|[spread] p2b
|-miss|p1a: Dante|p2a: Kingambit
|-resisted|p2b: Primarina
|-damage|p2b: Primarina|20/100 slp
|cant|p2b: Primarina|slp
|
|-damage|p2a: Kingambit|11/100 brn|[from] brn
|upkeep
|turn|6
|c|☆Shishio_Ax|dude
|-message|Shishio_Ax forfeited.
|
|win|pikatrod
|l|☆Shishio_Ax
|player|p1|
||Shishio_Ax is ready for game 2.
||pikatrod is ready for game 2.
|uhtml|next|Next: Game 2 of 3
