|j|☆Zacharykeith
|j|☆I like tomaroes
|html|ZacharykeithI like tomaroes    
|uhtml|bestof|Game 2 of a best-of-3
|t:|1756489439
|gametype|doubles
|player|p1|Zacharykeith|fisherman-gen4|1102
|player|p2|I like tomaroes|veteran|1196
|gen|9
|tier|[Gen 9] VGC 2025 Reg H (Bo3)
|rated|
|rule|Species Clause: Limit one of each Pokémon
|rule|Item Clause: Limit 1 of each item
|clearpoke
|poke|p1|Rillaboom, L50, M|
|poke|p1|Chandelure, L50, M|
|poke|p1|Electabuzz, L50, M|
|poke|p1|Kingambit, L50, F|
|poke|p1|Primarina, L50, M|
|poke|p1|Dragapult, L50, F|
|poke|p2|Pelipper, L50, F|
|poke|p2|Sinistcha, L50|
|poke|p2|Ursaluna, L50, M|
|poke|p2|Dragonite, L50, M|
|poke|p2|Archaludon, L50, F|
|poke|p2|Basculegion, L50, M|
|teampreview|4
|showteam|p1|Rillaboom||AssaultVest|GrassySurge|FakeOut,GrassyGlide,WoodHammer,Uturn|||M|||50|,,,,,Fire]Chandelure||FocusSash|FlashFire|HeatWave,ShadowBall,TrickRoom,Protect|||M|||50|,,,,,Grass]Electabuzz||Eviolite|VitalSpirit|VoltSwitch,Electroweb,FollowMe,Taunt|||M|||50|,,,,,Ghost]Kingambit||BlackGlasses|Defiant|SuckerPunch,KowtowCleave,SwordsDance,Protect|||F|||50|,,,,,Dark]Primarina||ThroatSpray|LiquidVoice|HyperVoice,Moonblast,Haze,Protect|||M|||50|,,,,,Poison]Dragapult||ChoiceBand|ClearBody|DragonDarts,PhantomForce,Uturn,Outrage|||F|||50|,,,,,Dragon
|showteam|p2|Pelipper||FocusSash|Drizzle|WeatherBall,Hurricane,Tailwind,Protect|||F|||50|,,,,,Ghost]Sinistcha||SitrusBerry|Hospitality|MatchaGotcha,LifeDew,RagePowder,TrickRoom||||||50|,,,,,Dark]Ursaluna||FlameOrb|Guts|Facade,HeadlongRush,Earthquake,Protect|||M|||50|,,,,,Ghost]Dragonite||LoadedDice|Multiscale|ScaleShot,Haze,Tailwind,Protect|||M|||50|,,,,,Fairy]Archaludon||AssaultVest|Stamina|ElectroShot,FlashCannon,Snarl,BodyPress|||F|||50|,,,,,Bug]Basculegion||ChoiceBand|SwiftSwim|WaveCrash,FlipTurn,AquaJet,LastRespects|||M|||50|,,,,,Water
|inactive|Battle timer is ON: inactive players will automatically lose when time's up. (requested by I like tomaroes)
|
|t:|1756489465
|teamsize|p1|4
|teamsize|p2|4
|start
|switch|p1a: Electabuzz|Electabuzz, L50, M|100/100
|switch|p1b: Kingambit|Kingambit, L50, F|100/100
|switch|p2a: Ursaluna|Ursaluna, L50, M|100/100
|switch|p2b: Dragonite|Dragonite, L50, M|100/100
|turn|1
|
|t:|1756489489
|move|p1a: Electabuzz|Follow Me|p1a: Electabuzz
|-singleturn|p1a: Electabuzz|move: Follow Me
|move|p2b: Dragonite|Scale Shot|p1a: Electabuzz|[miss]
|-miss|p2b: Dragonite|p1a: Electabuzz
|move|p2a: Ursaluna|Earthquake|p1b: Kingambit|[spread] p1a,p1b
|-immune|p2b: Dragonite
|-supereffective|p1a: Electabuzz
|-supereffective|p1b: Kingambit
|-crit|p1b: Kingambit
|-damage|p1a: Electabuzz|27/100
|-damage|p1b: Kingambit|0 fnt
|faint|p1b: Kingambit
|
|-status|p2a: Ursaluna|brn|[from] item: Flame Orb
|upkeep
|
|t:|1756489501
|switch|p1b: Rillaboom|Rillaboom, L50, M|100/100
|-fieldstart|move: Grassy Terrain|[from] ability: Grassy Surge|[of] p1b: Rillaboom
|turn|2
|
|t:|1756489516
|-terastallize|p2a: Ursaluna|Ghost
|move|p1a: Electabuzz|Volt Switch|p2b: Dragonite
|-damage|p2b: Dragonite|89/100
|
|t:|1756489520
|switch|p1a: Dragapult|Dragapult, L50, F|100/100|[from] Volt Switch
|move|p2b: Dragonite|Scale Shot|p1a: Dragapult|[miss]
|-miss|p2b: Dragonite|p1a: Dragapult
|move|p1b: Rillaboom|Wood Hammer|p2a: Ursaluna
|-damage|p2a: Ursaluna|32/100 brn
|-damage|p1b: Rillaboom|78/100|[from] Recoil
|move|p2a: Ursaluna|Facade|p1b: Rillaboom
|-damage|p1b: Rillaboom|0 fnt
|faint|p1b: Rillaboom
|
|-heal|p2a: Ursaluna|38/100 brn|[from] Grassy Terrain
|-damage|p2a: Ursaluna|32/100 brn|[from] brn
|upkeep
|
|t:|1756489530
|switch|p1b: Electabuzz|Electabuzz, L50, M|27/100
|turn|3
|inactive|I like tomaroes has 30 seconds left.
|
|t:|1756489563
|-terastallize|p1a: Dragapult|Dragon
|move|p1a: Dragapult|Dragon Darts|p2b: Dragonite
|-supereffective|p2b: Dragonite
|-damage|p2b: Dragonite|0 fnt
|-anim|p1a: Dragapult|Dragon Darts|p2a: Ursaluna
|-damage|p2a: Ursaluna|0 fnt
|faint|p2b: Dragonite
|faint|p2a: Ursaluna
|move|p1b: Electabuzz|Electroweb|p2: Ursaluna|[notarget]
|-fail|p1b: Electabuzz
|
|-heal|p1b: Electabuzz|33/100|[from] Grassy Terrain
|upkeep
|
|t:|1756489568
|switch|p2b: Archaludon|Archaludon, L50, F|100/100
|switch|p2a: Pelipper|Pelipper, L50, F|100/100
|-weather|RainDance|[from] ability: Drizzle|[of] p2a: Pelipper
|turn|4
|
|t:|1756489591
|move|p1b: Electabuzz|Follow Me|p1b: Electabuzz
|-singleturn|p1b: Electabuzz|move: Follow Me
|move|p1a: Dragapult|Dragon Darts|p2a: Pelipper
|-damage|p2a: Pelipper|35/100
|-anim|p1a: Dragapult|Dragon Darts|p2b: Archaludon
|-damage|p2b: Archaludon|61/100
|-ability|p2b: Archaludon|Stamina|boost
|-boost|p2b: Archaludon|def|1
|move|p2a: Pelipper|Tailwind|p2a: Pelipper
|-sidestart|p2: I like tomaroes|move: Tailwind
|move|p2b: Archaludon|Body Press|p1b: Electabuzz
|-damage|p1b: Electabuzz|8/100
|
|-weather|RainDance|[upkeep]
|-heal|p2b: Archaludon|67/100|[from] Grassy Terrain
|-heal|p1b: Electabuzz|14/100|[from] Grassy Terrain
|upkeep
|turn|5
|inactive|I like tomaroes has 30 seconds left.
|
|t:|1756489618
|move|p1b: Electabuzz|Follow Me|p1b: Electabuzz
|-singleturn|p1b: Electabuzz|move: Follow Me
|move|p2a: Pelipper|Hurricane|p1b: Electabuzz
|-resisted|p1b: Electabuzz
|-damage|p1b: Electabuzz|0 fnt
|faint|p1b: Electabuzz
|move|p2b: Archaludon|Body Press|p1a: Dragapult
|-damage|p1a: Dragapult|55/100
|move|p1a: Dragapult|Dragon Darts|p2b: Archaludon
|-damage|p2b: Archaludon|43/100
|-ability|p2b: Archaludon|Stamina|boost
|-boost|p2b: Archaludon|def|1
|-anim|p1a: Dragapult|Dragon Darts|p2a: Pelipper
|-damage|p2a: Pelipper|0 fnt
|faint|p2a: Pelipper
|
|-weather|RainDance|[upkeep]
|-heal|p2b: Archaludon|49/100|[from] Grassy Terrain
|-heal|p1a: Dragapult|61/100|[from] Grassy Terrain
|upkeep
|turn|6
|
|t:|1756489632
|move|p2b: Archaludon|Body Press|p1a: Dragapult
|-damage|p1a: Dragapult|0 fnt
|faint|p1a: Dragapult
|
|win|I like tomaroes
|raw|Zacharykeith's rating: 1102 → 1084(-18 for losing)
|raw|I like tomaroes's rating: 1196 → 1214(+18 for winning)
