|j|☆Cristante terabug
|j|☆Cage92
|html|Cristante terabugCage92    
|uhtml|bestof|Game 1 of a best-of-3
|t:|1756842649
|gametype|doubles
|player|p1|Cristante terabug|kieran-champion|
|player|p2|Cage92|bugsy|
|gen|9
|tier|[Gen 9] VGC 2025 Reg H (Bo3)
|rule|Species Clause: Limit one of each Pokémon
|rule|Item Clause: Limit 1 of each item
|clearpoke
|poke|p1|Incineroar, L50, M|
|poke|p1|Pelipper, L50, M|
|poke|p1|Archaludon, L50, M|
|poke|p1|Dragonite, L50, M|
|poke|p1|Sinistcha, L50|
|poke|p1|Ursaluna, L50, F|
|poke|p2|Corviknight, L50, M|
|poke|p2|Garchomp, L50, M|
|poke|p2|Tyranitar, L50, M|
|poke|p2|Gholdengo, L50|
|poke|p2|Sneasler, L50, M|
|poke|p2|Incineroar, L50, M|
|teampreview|4
|showteam|p1|Incineroar||SafetyGoggles|Intimidate|FakeOut,PartingShot,KnockOff,Taunt|||M|||50|,,,,,Ghost]Pelipper||FocusSash|Drizzle|Hurricane,MuddyWater,Tailwind,Protect|||M|||50|,,,,,Ghost]Archaludon||AssaultVest|Stamina|ElectroShot,Snarl,FlashCannon,BodyPress|||M|||50|,,,,,Fighting]Dragonite||LoadedDice|Multiscale|ScaleShot,Tailwind,Haze,Protect|||M|||50|,,,,,Fairy]Sinistcha||SitrusBerry|Hospitality|MatchaGotcha,RagePowder,LifeDew,TrickRoom||||||50|,,,,,Dark]Ursaluna||FlameOrb|Guts|Earthquake,Facade,HeadlongRush,Protect|||F|||50|,,,,,Ghost
|showteam|p2|Corviknight||CovertCloak|MirrorArmor|BraveBird,Taunt,Roost,Tailwind|||M|||50|,,,,,Dragon]Garchomp||ClearAmulet|RoughSkin|Earthquake,DragonClaw,StompingTantrum,Protect|||M|||50|,,,,,Steel]Tyranitar||AssaultVest|SandStream|RockSlide,KnockOff,TeraBlast,LowKick|||M|||50|,,,,,Flying]Gholdengo||LifeOrb|GoodasGold|MakeItRain,ShadowBall,NastyPlot,Protect||||||50|,,,,,Flying]Sneasler||WhiteHerb|Unburden|DireClaw,CloseCombat,Coaching,Protect|||M|||50|,,,,,Ghost]Incineroar||SafetyGoggles|Intimidate|FlareBlitz,WillOWisp,PartingShot,FakeOut|||M|||50|,,,,,Ghost
|
|t:|1756842698
|teamsize|p1|4
|teamsize|p2|4
|start
|switch|p1a: Paolo|Dragonite, L50, M|100/100
|switch|p1b: Olmo|Ursaluna, L50, F|100/100
|switch|p2a: Incineroar|Incineroar, L50, M|100/100
|switch|p2b: Gholdengo|Gholdengo, L50|100/100
|-ability|p2a: Incineroar|Intimidate|boost
|-unboost|p1a: Paolo|atk|1
|-unboost|p1b: Olmo|atk|1
|turn|1
|
|t:|1756842732
|switch|p1a: Luca|Archaludon, L50, M|100/100
|-terastallize|p2b: Gholdengo|Flying
|move|p2a: Incineroar|Fake Out|p1a: Luca
|-resisted|p1a: Luca
|-damage|p1a: Luca|97/100
|-ability|p1a: Luca|Stamina|boost
|-boost|p1a: Luca|def|1
|move|p2b: Gholdengo|Nasty Plot|p2b: Gholdengo
|-boost|p2b: Gholdengo|spa|2
|move|p1b: Olmo|Headlong Rush|p2b: Gholdengo
|-immune|p2b: Gholdengo
|
|-status|p1b: Olmo|brn|[from] item: Flame Orb
|upkeep
|turn|2
|
|t:|1756842814
|switch|p1b: Silvano|Pelipper, L50, M, shiny|100/100
|-weather|RainDance|[from] ability: Drizzle|[of] p1b: Silvano
|switch|p2a: Corviknight|Corviknight, L50, M, shiny|100/100
|move|p2b: Gholdengo|Protect|p2b: Gholdengo
|-singleturn|p2b: Gholdengo|Protect
|move|p1a: Luca|Electro Shot||[still]
|-prepare|p1a: Luca|Electro Shot
|-boost|p1a: Luca|spa|1
|-anim|p1a: Luca|Electro Shot|p2b: Gholdengo
|-activate|p2b: Gholdengo|move: Protect
|
|-weather|RainDance|[upkeep]
|upkeep
|turn|3
|
|t:|1756842866
|switch|p2a: Tyranitar|Tyranitar, L50, M|100/100
|-weather|Sandstorm|[from] ability: Sand Stream|[of] p2a: Tyranitar
|move|p2b: Gholdengo|Nasty Plot|p2b: Gholdengo
|-boost|p2b: Gholdengo|spa|2
|move|p1b: Silvano|Tailwind|p1b: Silvano
|-sidestart|p1: Cristante terabug|move: Tailwind
|move|p1a: Luca|Snarl|p2b: Gholdengo|[spread] p2a,p2b
|-resisted|p2a: Tyranitar
|-crit|p2a: Tyranitar
|-damage|p2a: Tyranitar|95/100
|-damage|p2b: Gholdengo|82/100
|-unboost|p2a: Tyranitar|spa|1
|-unboost|p2b: Gholdengo|spa|1
|
|-weather|Sandstorm|[upkeep]
|-damage|p1b: Silvano|95/100|[from] Sandstorm
|-damage|p2b: Gholdengo|76/100|[from] Sandstorm
|upkeep
|turn|4
|
|t:|1756842922
|switch|p1b: Paolo|Dragonite, L50, M|100/100
|switch|p2a: Incineroar|Incineroar, L50, M|100/100
|-ability|p2a: Incineroar|Intimidate|boost
|-unboost|p1a: Luca|atk|1
|-unboost|p1b: Paolo|atk|1
|move|p2b: Gholdengo|Protect|p2b: Gholdengo
|-singleturn|p2b: Gholdengo|Protect
|move|p1a: Luca|Body Press|p2a: Incineroar
|-supereffective|p2a: Incineroar
|-damage|p2a: Incineroar|29/100
|
|-weather|Sandstorm|[upkeep]
|-damage|p1b: Paolo|95/100|[from] Sandstorm
|-damage|p2b: Gholdengo|70/100|[from] Sandstorm
|upkeep
|turn|5
|
|t:|1756842955
|switch|p1b: Silvano|Pelipper, L50, M, shiny|95/100
|-weather|RainDance|[from] ability: Drizzle|[of] p1b: Silvano
|move|p2a: Incineroar|Fake Out|p1a: Luca
|-resisted|p1a: Luca
|-damage|p1a: Luca|95/100
|-ability|p1a: Luca|Stamina|boost
|-boost|p1a: Luca|def|1
|cant|p1a: Luca|flinch
|move|p2b: Gholdengo|Shadow Ball|p1a: Luca
|-damage|p1a: Luca|9/100
|-ability|p1a: Luca|Stamina|boost
|-boost|p1a: Luca|def|1
|-damage|p2b: Gholdengo|60/100|[from] item: Life Orb
|
|-weather|RainDance|[upkeep]
|upkeep
|turn|6
|
|t:|1756843006
|switch|p2a: Corviknight|Corviknight, L50, M, shiny|100/100
|move|p1b: Silvano|Protect|p1b: Silvano
|-singleturn|p1b: Silvano|Protect
|move|p2b: Gholdengo|Protect|p2b: Gholdengo
|-singleturn|p2b: Gholdengo|Protect
|move|p1a: Luca|Electro Shot||[still]
|-prepare|p1a: Luca|Electro Shot
|-boost|p1a: Luca|spa|1
|-anim|p1a: Luca|Electro Shot|p2b: Gholdengo
|-activate|p2b: Gholdengo|move: Protect
|
|-weather|RainDance|[upkeep]
|-sideend|p1: Cristante terabug|move: Tailwind
|upkeep
|turn|7
|
|t:|1756843028
|move|p2b: Gholdengo|Make It Rain|p1b: Silvano|[spread] p1a,p1b
|-resisted|p1a: Luca
|-resisted|p1b: Silvano
|-damage|p1a: Luca|0 fnt
|-damage|p1b: Silvano|0 fnt
|-unboost|p2b: Gholdengo|spa|1
|faint|p1a: Luca
|faint|p1b: Silvano
|-damage|p2b: Gholdengo|51/100|[from] item: Life Orb
|move|p2a: Corviknight|Tailwind|p2a: Corviknight
|-sidestart|p2: Cage92|move: Tailwind
|
|-weather|RainDance|[upkeep]
|upkeep
|
|t:|1756843031
|switch|p1b: Olmo|Ursaluna, L50, F|100/100 brn
|switch|p1a: Paolo|Dragonite, L50, M|95/100
|turn|8
|
|t:|1756843051
|switch|p2a: Incineroar|Incineroar, L50, M|29/100
|-ability|p2a: Incineroar|Intimidate|boost
|-unboost|p1a: Paolo|atk|1
|-unboost|p1b: Olmo|atk|1
|move|p2b: Gholdengo|Make It Rain|p1a: Paolo|[spread] p1a,p1b
|-damage|p1a: Paolo|0 fnt
|-damage|p1b: Olmo|0 fnt
|-unboost|p2b: Gholdengo|spa|1
|faint|p1a: Paolo
|faint|p1b: Olmo
|-damage|p2b: Gholdengo|41/100|[from] item: Life Orb
|
|win|Cage92
||Cristante terabug is ready for game 2.
||Cage92 is ready for game 2.
|uhtml|next|Next: Game 2 of 3
|l|☆Cristante terabug
|player|p1|
