|j|☆testdigi
|j|☆w4rted
|html|testdigiw4rted    
|uhtml|bestof|Game 3 of a best-of-3
|t:|1782473234
|gametype|doubles
|player|p1|testdigi|1|1000
|player|p2|w4rted|170|1000
|gen|9
|tier|[Gen 9 Champions] VGC 2026 Reg M-B (Bo3)
|rated|
|rule|Species Clause: Limit one of each Pokémon
|rule|Item Clause: Limit 1 of each item
|clearpoke
|poke|p1|Hydreigon, L50, F|
|poke|p1|Garchomp, L50, F|
|poke|p1|Metagross, L50, shiny|
|poke|p1|Grimmsnarl, L50, M, shiny|
|poke|p1|Charizard, L50, F, shiny|
|poke|p1|Toxapex, L50, M, shiny|
|poke|p2|Mawile, L50, M|
|poke|p2|Pelipper, L50, M|
|poke|p2|Basculegion, L50, M|
|poke|p2|Archaludon, L50, F|
|poke|p2|Sinistcha, L50|
|poke|p2|Swampert, L50, F|
|teampreview|4
|showteam|p1|Hydreigon||ChoiceScarf|Levitate|HeatWave,DarkPulse,DracoMeteor,Snarl|Modest||F|||50|]Garchomp||SitrusBerry|RoughSkin|Protect,RockSlide,DragonClaw,Earthquake|Adamant||F|||50|]Metagross||Metagrossite|ClearBody|Protect,HammerArm,BulletPunch,IronHead|Serious|||||50|]Grimmsnarl||RoseliBerry|Prankster|FakeOut,LightScreen,Reflect,PartingShot|Sassy||M|||50|]Charizard||CharizarditeY|Blaze|Protect,HeatWave,SolarBeam,WeatherBall|Timid||F|||50|]Toxapex||Leftovers|Regenerator|Infestation,Toxic,BanefulBunker,WideGuard|Bold||M|||50|
|showteam|p2|Mawile||Mawilite|HyperCutter|PlayRough,SuckerPunch,BrickBreak,Protect|Adamant||M|||50|]Pelipper||FocusSash|Drizzle|WeatherBall,Protect,Tailwind,Hurricane|Serious||M|||50|]Basculegion||ChoiceScarf|Adaptability|AquaJet,WaveCrash,FlipTurn,LastRespects|Jolly||M|||50|]Archaludon||Leftovers|Sturdy|FlashCannon,Protect,ElectroShot,DragonPulse|Modest||F|||50|]Sinistcha||KasibBerry|Hospitality|MatchaGotcha,RagePowder,TrickRoom,Protect|Bold|||||50|]Swampert||Swampertite|Torrent|HighHorsepower,IcePunch,Protect,WaveCrash|Adamant||F|||50|
|inactive|Battle timer is ON: inactive players will automatically lose when time's up. (requested by w4rted)
|
|t:|1782473249
|teamsize|p1|4
|teamsize|p2|4
|start
|switch|p1a: Hydreigon|Hydreigon, L50, F|100/100
|switch|p1b: Grimmsnarl|Grimmsnarl, L50, M, shiny|100/100
|switch|p2a: Archaludon|Archaludon, L50, F|100/100
|switch|p2b: Basculegion|Basculegion, L50, M|100/100
|turn|1
|
|t:|1782473266
|move|p2a: Archaludon|Protect|p2a: Archaludon
|-singleturn|p2a: Archaludon|Protect
|move|p1b: Grimmsnarl|Fake Out|p2a: Archaludon
|-activate|p2a: Archaludon|move: Protect
|move|p1a: Hydreigon|Snarl|p2b: Basculegion|[spread] p2b
|-activate|p2a: Archaludon|move: Protect
|-supereffective|p2b: Basculegion|1
|-damage|p2b: Basculegion|47/100
|-unboost|p2b: Basculegion|spa|1
|move|p2b: Basculegion|Flip Turn|p1a: Hydreigon
|-resisted|p1a: Hydreigon|1
|-damage|p1a: Hydreigon|80/100
|
|t:|1782473280
|switch|p2b: Mawile|Mawile, L50, M|100/100|[from] Flip Turn
|
|upkeep
|turn|2
|inactive|w4rted has 30 seconds left.
|
|t:|1782473313
|switch|p1a: Toxapex|Toxapex, L50, M, shiny|100/100
|switch|p2a: Pelipper|Pelipper, L50, M|100/100
|-weather|RainDance|[from] ability: Drizzle|[of] p2a: Pelipper
|detailschange|p2b: Mawile|Mawile-Mega, L50, M
|-mega|p2b: Mawile|Mawile|Mawilite
|move|p1b: Grimmsnarl|Light Screen|p1b: Grimmsnarl
|-sidestart|p1: testdigi|move: Light Screen
|move|p2b: Mawile|Play Rough|p1a: Toxapex
|-resisted|p1a: Toxapex|1
|-damage|p1a: Toxapex|73/100
|
|-weather|RainDance|[upkeep]
|-heal|p1a: Toxapex|78/100|[from] item: Leftovers
|upkeep
|turn|3
|inactive|w4rted has 30 seconds left.
|
|t:|1782473344
|switch|p2b: Archaludon|Archaludon, L50, F|100/100
|move|p1a: Toxapex|Baneful Bunker|p1a: Toxapex
|-singleturn|p1a: Toxapex|move: Protect
|move|p1b: Grimmsnarl|Reflect|p1b: Grimmsnarl
|-sidestart|p1: testdigi|Reflect
|move|p2a: Pelipper|Tailwind|p2a: Pelipper
|-sidestart|p2: w4rted|move: Tailwind
|
|-weather|RainDance|[upkeep]
|-heal|p1a: Toxapex|84/100|[from] item: Leftovers
|upkeep
|turn|4
|inactive|testdigi has 30 seconds left.
|inactive|w4rted has 30 seconds left.
|
|t:|1782473377
|-heal|p1a: Toxapex|100/100|[from] ability: Regenerator|[silent]
|switch|p1a: Hydreigon|Hydreigon, L50, F|80/100
|move|p2a: Pelipper|Protect|p2a: Pelipper
|-singleturn|p2a: Pelipper|Protect
|move|p1b: Grimmsnarl|Parting Shot|p2b: Archaludon
|-unboost|p2b: Archaludon|atk|1
|-unboost|p2b: Archaludon|spa|1
|
|t:|1782473383
|switch|p1b: Toxapex|Toxapex, L50, M, shiny|100/100|[from] Parting Shot
|move|p2b: Archaludon|Flash Cannon|p1b: Toxapex
|-resisted|p1b: Toxapex|1
|-damage|p1b: Toxapex|94/100
|
|-weather|RainDance|[upkeep]
|-heal|p1b: Toxapex|100/100|[from] item: Leftovers
|upkeep
|turn|5
|
|t:|1782473400
|switch|p2b: Mawile|Mawile-Mega, L50, M|100/100
|move|p2a: Pelipper|Hurricane|p1b: Toxapex
|-damage|p1b: Toxapex|73/100
|move|p1a: Hydreigon|Snarl|p2b: Mawile|[spread] p2a,p2b
|-resisted|p2b: Mawile|1
|-damage|p2a: Pelipper|62/100
|-damage|p2b: Mawile|88/100
|-unboost|p2a: Pelipper|spa|1
|-unboost|p2b: Mawile|spa|1
|move|p1b: Toxapex|Infestation|p2b: Mawile
|-resisted|p2b: Mawile|2
|-damage|p2b: Mawile|87/100
|-activate|p2b: Mawile|move: Infestation|[of] p1b: Toxapex
|
|-weather|RainDance|[upkeep]
|-heal|p1b: Toxapex|79/100|[from] item: Leftovers
|-damage|p2b: Mawile|75/100|[from] move: Infestation|[partiallytrapped]
|upkeep
|turn|6
|inactive|w4rted has 30 seconds left.
|
|t:|1782473427
|switch|p1a: Grimmsnarl|Grimmsnarl, L50, M, shiny|100/100
|move|p2a: Pelipper|Protect|p2a: Pelipper
|-singleturn|p2a: Pelipper|Protect
|move|p2b: Mawile|Protect|p2b: Mawile
|-singleturn|p2b: Mawile|Protect
|move|p1b: Toxapex|Toxic|p2a: Pelipper
|-activate|p2a: Pelipper|move: Protect
|
|-weather|none
|-heal|p1b: Toxapex|85/100|[from] item: Leftovers
|-damage|p2b: Mawile|63/100|[from] move: Infestation|[partiallytrapped]
|-sideend|p1: testdigi|move: Light Screen
|-sideend|p2: w4rted|move: Tailwind
|upkeep
|turn|7
|inactive|w4rted has 30 seconds left.
|
|t:|1782473455
|move|p1a: Grimmsnarl|Fake Out|p2b: Mawile
|-resisted|p2b: Mawile|1
|-damage|p2b: Mawile|58/100
|move|p2a: Pelipper|Hurricane|p1a: Grimmsnarl
|-damage|p1a: Grimmsnarl|71/100
|cant|p2b: Mawile|flinch
|move|p1b: Toxapex|Infestation|p2a: Pelipper
|-resisted|p2a: Pelipper|1
|-damage|p2a: Pelipper|59/100
|-activate|p2a: Pelipper|move: Infestation|[of] p1b: Toxapex
|
|-heal|p1b: Toxapex|91/100|[from] item: Leftovers
|-damage|p2a: Pelipper|47/100|[from] move: Infestation|[partiallytrapped]
|-damage|p2b: Mawile|46/100|[from] move: Infestation|[partiallytrapped]
|-sideend|p1: testdigi|Reflect
|upkeep
|turn|8
|
|t:|1782473479
|move|p1a: Grimmsnarl|Parting Shot|p2b: Mawile
|-unboost|p2b: Mawile|atk|1
|-unboost|p2b: Mawile|spa|1
|
|t:|1782473485
|switch|p1a: Charizard|Charizard, L50, F, shiny|100/100|[from] Parting Shot
|move|p2a: Pelipper|Tailwind|p2a: Pelipper
|-sidestart|p2: w4rted|move: Tailwind
|move|p2b: Mawile|Play Rough|p1a: Charizard
|-resisted|p1a: Charizard|1
|-damage|p1a: Charizard|68/100
|move|p1b: Toxapex|Toxic|p2a: Pelipper
|-status|p2a: Pelipper|tox
|
|-heal|p1b: Toxapex|96/100|[from] item: Leftovers
|-damage|p2a: Pelipper|41/100 tox|[from] psn
|-damage|p2a: Pelipper|29/100 tox|[from] move: Infestation|[partiallytrapped]
|-damage|p2b: Mawile|34/100|[from] move: Infestation|[partiallytrapped]
|upkeep
|turn|9
|inactive|w4rted has 30 seconds left.
|
|t:|1782473514
|-heal|p1b: Toxapex|100/100|[from] ability: Regenerator|[silent]
|switch|p1b: Grimmsnarl|Grimmsnarl, L50, M, shiny|71/100
|detailschange|p1a: Charizard|Charizard-Mega-Y, L50, F, shiny
|-mega|p1a: Charizard|Charizard|Charizardite Y
|-weather|SunnyDay|[from] ability: Drought|[of] p1a: Charizard
|move|p2a: Pelipper|Protect|p2a: Pelipper
|-singleturn|p2a: Pelipper|Protect
|move|p2b: Mawile|Sucker Punch|p1a: Charizard
|-damage|p1a: Charizard|38/100
|move|p1a: Charizard|Weather Ball|p2b: Mawile
|-supereffective|p2b: Mawile|1
|-damage|p2b: Mawile|0 fnt
|faint|p2b: Mawile
|
|-weather|SunnyDay|[upkeep]
|-damage|p2a: Pelipper|17/100 tox|[from] psn
|-end|p2a: Pelipper|Infestation|[partiallytrapped]|[silent]
|upkeep
|
|t:|1782473535
|switch|p2b: Archaludon|Archaludon, L50, F|100/100
|turn|10
|
|t:|1782473549
|switch|p2a: Basculegion|Basculegion, L50, M|47/100
|move|p2b: Archaludon|Protect|p2b: Archaludon
|-singleturn|p2b: Archaludon|Protect
|move|p1a: Charizard|Protect|p1a: Charizard
|-singleturn|p1a: Charizard|Protect
|move|p1b: Grimmsnarl|Light Screen|p1b: Grimmsnarl
|-sidestart|p1: testdigi|move: Light Screen
|
|-weather|SunnyDay|[upkeep]
|upkeep
|turn|11
|
|t:|1782473567
|switch|p2b: Pelipper|Pelipper, L50, M|17/100 tox
|-weather|RainDance|[from] ability: Drizzle|[of] p2b: Pelipper
|switch|p1a: Hydreigon|Hydreigon, L50, F|80/100
|move|p1b: Grimmsnarl|Reflect|p1b: Grimmsnarl
|-sidestart|p1: testdigi|Reflect
|move|p2a: Basculegion|Flip Turn|p1a: Hydreigon
|-resisted|p1a: Hydreigon|1
|-damage|p1a: Hydreigon|58/100
|
|t:|1782473577
|switch|p2a: Archaludon|Archaludon, L50, F|100/100|[from] Flip Turn
|
|-weather|RainDance|[upkeep]
|-damage|p2b: Pelipper|11/100 tox|[from] psn
|-sideend|p2: w4rted|move: Tailwind
|upkeep
|turn|12
|
|t:|1782473601
|switch|p2b: Basculegion|Basculegion, L50, M|47/100
|move|p2a: Archaludon|Protect|p2a: Archaludon
|-singleturn|p2a: Archaludon|Protect
|move|p1b: Grimmsnarl|Parting Shot|p2a: Archaludon
|-activate|p2a: Archaludon|move: Protect
|move|p1a: Hydreigon|Snarl|p2b: Basculegion|[spread] p2b
|-activate|p2a: Archaludon|move: Protect
|-supereffective|p2b: Basculegion|1
|-damage|p2b: Basculegion|0 fnt
|faint|p2b: Basculegion
|
|-weather|RainDance|[upkeep]
|upkeep
|
|t:|1782473615
|switch|p2b: Pelipper|Pelipper, L50, M|11/100 tox
|turn|13
|
|t:|1782473624
|move|p1b: Grimmsnarl|Parting Shot|p2a: Archaludon
|-unboost|p2a: Archaludon|atk|1
|-unboost|p2a: Archaludon|spa|1
|
|t:|1782473627
|switch|p1b: Charizard|Charizard-Mega-Y, L50, F, shiny|38/100|[from] Parting Shot
|-weather|SunnyDay|[from] ability: Drought|[of] p1b: Charizard
|move|p1a: Hydreigon|Snarl|p2a: Archaludon|[spread] p2a,p2b
|-damage|p2a: Archaludon|76/100
|-damage|p2b: Pelipper|0 fnt
|-unboost|p2a: Archaludon|spa|1
|faint|p2b: Pelipper
|move|p2a: Archaludon|Dragon Pulse|p1a: Hydreigon
|-supereffective|p1a: Hydreigon|1
|-damage|p1a: Hydreigon|29/100
|
|-weather|SunnyDay|[upkeep]
|-heal|p2a: Archaludon|82/100|[from] item: Leftovers
|upkeep
|turn|14
|-message|w4rted forfeited.
|
|win|testdigi
