|j|☆aerodactylhater
|j|☆gerald hoppy
|html|aerodactylhatergerald hoppy    
|uhtml|bestof|Game 1 of a best-of-3
|t:|1784413873
|gametype|doubles
|player|p1|aerodactylhater|cowgirl|1267
|player|p2|gerald hoppy|169|1305
|gen|9
|tier|[Gen 9 Champions] VGC 2026 Reg M-B (Bo3)
|rated|
|rule|Species Clause: Limit one of each Pokémon
|rule|Item Clause: Limit 1 of each item
|clearpoke
|poke|p1|Vanilluxe, L50, M|
|poke|p1|Blaziken, L50, F|
|poke|p1|Whimsicott, L50, M|
|poke|p1|Farigiraf, L50, M|
|poke|p1|Basculegion, L50, M|
|poke|p1|Kingambit, L50, F|
|poke|p2|Palafin, L50, M|
|poke|p2|Incineroar, L50, F|
|poke|p2|Gengar, L50, M|
|poke|p2|Sinistcha, L50|
|poke|p2|Politoed, L50, M|
|poke|p2|Sneasler, L50, M|
|teampreview|4
|showteam|p1|Vanilluxe||ChoiceScarf|SnowWarning|FreezeDry,Blizzard,IcyWind,SheerCold|Timid||M|||50|]Blaziken||Blazikenite|SpeedBoost|CloseCombat,FlareBlitz,Protect,RockSlide|Adamant||F|||50|]Whimsicott||FocusSash|Prankster|Moonblast,Tailwind,Protect,Encore|Timid||M|||50|]Farigiraf||SitrusBerry|ArmorTail|Psychic,Thunderbolt,TrickRoom,Protect|Modest||M|||50|]Basculegion||LifeOrb|Adaptability|WaveCrash,AquaJet,LastRespects,Protect|Adamant||M|||50|]Kingambit||BlackGlasses|Defiant|KowtowCleave,SuckerPunch,IronHead,Protect|Adamant||F|||50|
|showteam|p2|Palafin||MysticWater|ZerotoHero|Protect,WaveCrash,JetPunch,IcePunch|Adamant||M|||50|]Incineroar||ShucaBerry|Intimidate|Protect,FakeOut,ThroatChop,PartingShot|Relaxed||F|||50|]Gengar||Gengarite|CursedBody|Protect,ShadowBall,Disable,PerishSong|Timid||M|||50|]Sinistcha||KasibBerry|Hospitality|Protect,MatchaGotcha,RagePowder,LifeDew|Bold|||||50|]Politoed||SitrusBerry|Drizzle|Protect,WeatherBall,Encore,PerishSong|Calm||M|||50|]Sneasler||FocusSash|PoisonTouch|Protect,FakeOut,DireClaw,CloseCombat|Jolly||M|||50|
|inactive|Battle timer is ON: inactive players will automatically lose when time's up. (requested by aerodactylhater)
|inactive|aerodactylhater has 60 seconds left.
|inactive|gerald hoppy has 60 seconds left.
|
|t:|1784413922
|teamsize|p1|4
|teamsize|p2|4
|start
|switch|p1a: Kingambit|Kingambit, L50, F|100/100
|switch|p1b: Basculegion|Basculegion, L50, M|100/100
|switch|p2a: Palafin|Palafin, L50, M|100/100
|switch|p2b: Sneasler|Sneasler, L50, M|100/100
|turn|1
|inactive|gerald hoppy has 30 seconds left.
|inactive|gerald hoppy has 20 seconds left.
|inactive|gerald hoppy has 15 seconds left.
|
|t:|1784413966
|detailschange|p2a: Palafin|Palafin-Hero, L50, M
|switch|p2a: Sinistcha|Sinistcha, L50|100/100
|move|p2b: Sneasler|Protect|p2b: Sneasler
|-singleturn|p2b: Sneasler|Protect
|move|p1a: Kingambit|Protect|p1a: Kingambit
|-singleturn|p1a: Kingambit|Protect
|move|p1b: Basculegion|Wave Crash|p2b: Sneasler
|-activate|p2b: Sneasler|move: Protect
|
|upkeep
|turn|2
|
|t:|1784413989
|switch|p1b: Blaziken|Blaziken, L50, F|100/100
|switch|p1a: Farigiraf|Farigiraf, L50, M|100/100
|move|p2b: Sneasler|Close Combat|p1a: Farigiraf
|-damage|p1a: Farigiraf|38/100
|-unboost|p2b: Sneasler|def|1
|-unboost|p2b: Sneasler|spd|1
|-enditem|p1a: Farigiraf|Sitrus Berry|[eat]
|-heal|p1a: Farigiraf|63/100|[from] item: Sitrus Berry
|move|p2a: Sinistcha|Matcha Gotcha|p1a: Farigiraf|[spread] p1a,p1b
|-resisted|p1b: Blaziken|1
|-damage|p1a: Farigiraf|40/100
|-damage|p1b: Blaziken|82/100
|
|upkeep
|turn|3
|inactive|aerodactylhater has 30 seconds left.
|inactive|gerald hoppy has 30 seconds left.
|
|t:|1784414022
|switch|p2a: Incineroar|Incineroar, L50, F|100/100
|-ability|p2a: Incineroar|Intimidate|boost
|-unboost|p1a: Farigiraf|atk|1
|-unboost|p1b: Blaziken|atk|1
|detailschange|p1b: Blaziken|Blaziken-Mega, L50, F
|-mega|p1b: Blaziken|Blaziken|Blazikenite
|move|p2b: Sneasler|Close Combat|p1a: Farigiraf
|-damage|p1a: Farigiraf|0 fnt
|-unboost|p2b: Sneasler|def|1
|-unboost|p2b: Sneasler|spd|1
|faint|p1a: Farigiraf
|move|p1b: Blaziken|Flare Blitz|p2a: Incineroar
|-resisted|p2a: Incineroar|1
|-damage|p2a: Incineroar|81/100
|-damage|p1b: Blaziken|74/100|[from] Recoil
|
|-ability|p1b: Blaziken|Speed Boost|boost
|-boost|p1b: Blaziken|spe|1
|upkeep
|
|t:|1784414039
|switch|p1a: Basculegion|Basculegion, L50, M|100/100
|turn|4
|
|t:|1784414061
|move|p1b: Blaziken|Protect|p1b: Blaziken
|-singleturn|p1b: Blaziken|Protect
|move|p1a: Basculegion|Protect|p1a: Basculegion
|-singleturn|p1a: Basculegion|Protect
|move|p2b: Sneasler|Close Combat|p1b: Blaziken
|-activate|p1b: Blaziken|move: Protect
|move|p2a: Incineroar|Throat Chop|p1a: Basculegion
|-activate|p1a: Basculegion|move: Protect
|
|-ability|p1b: Blaziken|Speed Boost|boost
|-boost|p1b: Blaziken|spe|1
|upkeep
|turn|5
|
|t:|1784414075
|move|p1a: Basculegion|Aqua Jet|p2b: Sneasler
|-enditem|p2b: Sneasler|Focus Sash
|-damage|p2b: Sneasler|1/100
|-damage|p1a: Basculegion|90/100|[from] item: Life Orb
|move|p1b: Blaziken|Rock Slide|p2a: Incineroar|[spread] p2a,p2b
|-supereffective|p2a: Incineroar|1
|-resisted|p2b: Sneasler|1
|-damage|p2a: Incineroar|56/100
|-damage|p2b: Sneasler|0 fnt
|faint|p2b: Sneasler
|move|p2a: Incineroar|Throat Chop|p1a: Basculegion
|-supereffective|p1a: Basculegion|1
|-damage|p1a: Basculegion|22/100
|-start|p1a: Basculegion|Throat Chop|[silent]
|
|-ability|p1b: Blaziken|Speed Boost|boost
|-boost|p1b: Blaziken|spe|1
|upkeep
|
|t:|1784414084
|switch|p2b: Palafin|Palafin-Hero, L50, M|100/100
|-activate|p2b: Palafin|ability: Zero to Hero
|turn|6
|inactive|aerodactylhater has 30 seconds left.
|
|t:|1784414110
|switch|p1b: Kingambit|Kingambit, L50, F|100/100
|move|p2b: Palafin|Protect|p2b: Palafin
|-singleturn|p2b: Palafin|Protect
|move|p2a: Incineroar|Protect|p2a: Incineroar
|-singleturn|p2a: Incineroar|Protect
|move|p1a: Basculegion|Last Respects|p2b: Palafin
|-activate|p2b: Palafin|move: Protect
|
|-end|p1a: Basculegion|Throat Chop|[silent]
|upkeep
|turn|7
|inactive|gerald hoppy has 30 seconds left.
|
|t:|1784414137
|move|p2b: Palafin|Jet Punch|p1a: Basculegion
|-resisted|p1a: Basculegion|1
|-damage|p1a: Basculegion|0 fnt
|faint|p1a: Basculegion
|move|p2a: Incineroar|Throat Chop|p1b: Kingambit
|-resisted|p1b: Kingambit|1
|-damage|p1b: Kingambit|89/100
|-start|p1b: Kingambit|Throat Chop|[silent]
|move|p1b: Kingambit|Kowtow Cleave|p2b: Palafin
|-damage|p2b: Palafin|43/100
|
|upkeep
|
|t:|1784414147
|switch|p1a: Blaziken|Blaziken-Mega, L50, F|74/100
|turn|8
|inactive|aerodactylhater has 30 seconds left.
|
|t:|1784414174
|switch|p2a: Sinistcha|Sinistcha, L50|100/100
|-heal|p2b: Palafin|68/100|[from] ability: Hospitality|[of] p2a: Sinistcha
|move|p2b: Palafin|Protect|p2b: Palafin
|-singleturn|p2b: Palafin|Protect
|move|p1a: Blaziken|Flare Blitz|p2a: Sinistcha
|-supereffective|p2a: Sinistcha|1
|-damage|p2a: Sinistcha|0 fnt
|faint|p2a: Sinistcha
|-damage|p1a: Blaziken|36/100|[from] Recoil
|move|p1b: Kingambit|Kowtow Cleave|p2b: Palafin
|-activate|p2b: Palafin|move: Protect
|
|-end|p1b: Kingambit|Throat Chop|[silent]
|-ability|p1a: Blaziken|Speed Boost|boost
|-boost|p1a: Blaziken|spe|1
|upkeep
|
|t:|1784414186
|switch|p2a: Incineroar|Incineroar, L50, F|56/100
|-ability|p2a: Incineroar|Intimidate|boost
|-unboost|p1a: Blaziken|atk|1
|-unboost|p1b: Kingambit|atk|1
|-ability|p1b: Kingambit|Defiant|boost
|-boost|p1b: Kingambit|atk|2
|turn|9
|
|t:|1784414194
|move|p1a: Blaziken|Protect|p1a: Blaziken
|-singleturn|p1a: Blaziken|Protect
|move|p1b: Kingambit|Protect|p1b: Kingambit
|-singleturn|p1b: Kingambit|Protect
|move|p2a: Incineroar|Fake Out|p1b: Kingambit
|-activate|p1b: Kingambit|move: Protect
|move|p2b: Palafin|Jet Punch|p1a: Blaziken
|-activate|p1a: Blaziken|move: Protect
|
|-ability|p1a: Blaziken|Speed Boost|boost
|-boost|p1a: Blaziken|spe|1
|upkeep
|turn|10
|
|t:|1784414215
|move|p1a: Blaziken|Close Combat|p2a: Incineroar
|-supereffective|p2a: Incineroar|1
|-damage|p2a: Incineroar|0 fnt
|-unboost|p1a: Blaziken|def|1
|-unboost|p1a: Blaziken|spd|1
|faint|p2a: Incineroar
|move|p2b: Palafin|Wave Crash|p1b: Kingambit
|-damage|p1b: Kingambit|21/100
|-damage|p2b: Palafin|44/100|[from] Recoil
|move|p1b: Kingambit|Kowtow Cleave|p2b: Palafin
|-damage|p2b: Palafin|0 fnt
|faint|p2b: Palafin
|
|win|aerodactylhater
||gerald hoppy is ready for game 2.
|inactive|aerodactylhater has 30 seconds to confirm battle start!
||aerodactylhater is ready for game 2.
|uhtml|next|Next: Game 2 of 3
|l|☆gerald hoppy
|player|p2|
