|j|☆BlRD BOY
|j|☆CrazyComet37
|html|BlRD BOYCrazyComet37    
|uhtml|bestof|Game 2 of a best-of-3
|t:|1783740174
|gametype|doubles
|player|p1|BlRD BOY|brycen|1209
|player|p2|CrazyComet37|flint|1310
|gen|9
|tier|[Gen 9 Champions] VGC 2026 Reg M-B (Bo3)
|rated|
|rule|Species Clause: Limit one of each Pokémon
|rule|Item Clause: Limit 1 of each item
|clearpoke
|poke|p1|Torkoal, L50, M|
|poke|p1|Avalugg-Hisui, L50, M|
|poke|p1|Farigiraf, L50, F|
|poke|p1|Scrafty, L50, F|
|poke|p1|Typhlosion-Hisui, L50, M|
|poke|p1|Sinistcha-Masterpiece, L50|
|poke|p2|Whimsicott, L50, M|
|poke|p2|Garchomp, L50, M|
|poke|p2|Charizard, L50, F|
|poke|p2|Floette-Eternal, L50, F|
|poke|p2|Kingambit, L50, M|
|poke|p2|Basculegion, L50, M|
|teampreview|4
|showteam|p1|Torkoal||Charcoal|Drought|Protect,Eruption,WeatherBall,EarthPower|Quiet||M|||50|]Avalugg-Hisui||WideLens|Sturdy|MountainGale,RockSlide,BodyPress,WideGuard|Brave||M|||50|]Farigiraf||SitrusBerry|ArmorTail|PsychicFangs,Thunderbolt,HelpingHand,TrickRoom|Relaxed||F|||50|]Scrafty||Scraftinite|Intimidate|Detect,KnockOff,CloseCombat,FakeOut|Brave||F|||50|]Typhlosion-Hisui||ChoiceScarf|Frisk|Eruption,HeatWave,ShadowBall,SolarBeam|Modest||M|||50|]Sinistcha-Masterpiece||KasibBerry|Hospitality|MatchaGotcha,ShadowBall,RagePowder,TrickRoom|Sassy|||||50|
|showteam|p2|Whimsicott||FocusSash|Prankster|Protect,Tailwind,Moonblast,Encore|Timid||M|||50|]Garchomp||LifeOrb|RoughSkin|Protect,Earthquake,DragonClaw,RockSlide|Jolly||M|||50|]Charizard||CharizarditeY|Blaze|Protect,HeatWave,WeatherBall,SolarBeam|Modest||F|||50|]Floette-Eternal||Floettite|FlowerVeil|Protect,LightofRuin,DazzlingGleam,Moonblast|Modest||F|||50|]Kingambit||ChopleBerry|Defiant|IronHead,SuckerPunch,KowtowCleave,LowKick|Adamant||M|||50|]Basculegion||MysticWater|Adaptability|Protect,AquaJet,LastRespects,WaveCrash|Adamant||M|||50|
|
|t:|1783740227
|teamsize|p1|4
|teamsize|p2|4
|start
|switch|p1a: Farigiraf|Farigiraf, L50, F|100/100
|switch|p1b: Typhlosion|Typhlosion-Hisui, L50, M|100/100
|switch|p2a: Garchomp|Garchomp, L50, M|100/100
|switch|p2b: Floette|Floette-Eternal, L50, F|100/100
|-item|p2a: Garchomp|Life Orb|[from] ability: Frisk|[of] p1b: Typhlosion
|-item|p2b: Floette|Floettite|[from] ability: Frisk|[of] p1b: Typhlosion
|turn|1
|inactive|Battle timer is ON: inactive players will automatically lose when time's up. (requested by CrazyComet37)
|
|t:|1783740252
|detailschange|p2b: Floette|Floette-Mega, L50, F
|-mega|p2b: Floette|Floette|Floettite
|-ability|p2b: Floette|Fairy Aura
|move|p1b: Typhlosion|Eruption|p2b: Floette|[spread] p2a,p2b
|-resisted|p2a: Garchomp|1
|-damage|p2a: Garchomp|68/100
|-damage|p2b: Floette|50/100g
|move|p2a: Garchomp|Rock Slide|p1b: Typhlosion|[spread] p1a,p1b
|-supereffective|p1b: Typhlosion|1
|-damage|p1a: Farigiraf|81/100
|-damage|p1b: Typhlosion|30/100
|-damage|p2a: Garchomp|58/100|[from] item: Life Orb
|move|p2b: Floette|Moonblast|p1a: Farigiraf
|-damage|p1a: Farigiraf|7/100
|-enditem|p1a: Farigiraf|Sitrus Berry|[eat]
|-heal|p1a: Farigiraf|31/100|[from] item: Sitrus Berry
|move|p1a: Farigiraf|Trick Room|p1a: Farigiraf
|-fieldstart|move: Trick Room|[of] p1a: Farigiraf
|
|upkeep
|turn|2
|inactive|CrazyComet37 has 30 seconds left.
|inactive|CrazyComet37 has 20 seconds left.
|inactive|CrazyComet37 has 15 seconds left.
|inactive|CrazyComet37 has 10 seconds left.
|inactive|CrazyComet37 has 5 seconds left.
|
|t:|1783740303
|move|p1a: Farigiraf|Psychic Fangs|p2b: Floette
|-damage|p2b: Floette|16/100
|move|p2b: Floette|Moonblast|p1b: Typhlosion
|-resisted|p1b: Typhlosion|1
|-damage|p1b: Typhlosion|0 fnt
|faint|p1b: Typhlosion
|move|p2a: Garchomp|Dragon Claw|p1a: Farigiraf
|-damage|p1a: Farigiraf|0 fnt
|faint|p1a: Farigiraf
|-damage|p2a: Garchomp|48/100|[from] item: Life Orb
|
|upkeep
|
|t:|1783740306
|switch|p1a: Scrafty|Scrafty, L50, F|100/100
|switch|p1b: Torkoal|Torkoal, L50, M|100/100
|-weather|SunnyDay|[from] ability: Drought|[of] p1b: Torkoal
|-ability|p1a: Scrafty|Intimidate|boost
|-unboost|p2a: Garchomp|atk|1
|-unboost|p2b: Floette|atk|1
|turn|3
|
|t:|1783740312
|move|p2b: Floette|Protect|p2b: Floette
|-singleturn|p2b: Floette|Protect
|move|p2a: Garchomp|Protect|p2a: Garchomp
|-singleturn|p2a: Garchomp|Protect
|move|p1b: Torkoal|Eruption|p2a: Garchomp|[spread] 
|-activate|p2a: Garchomp|move: Protect
|-activate|p2b: Floette|move: Protect
|move|p1a: Scrafty|Knock Off|p2a: Garchomp
|-activate|p2a: Garchomp|move: Protect
|
|-weather|SunnyDay|[upkeep]
|upkeep
|turn|4
|inactive|CrazyComet37 has 30 seconds left.
|
|t:|1783740338
|switch|p2b: Kingambit|Kingambit, L50, M|100/100
|move|p1b: Torkoal|Eruption|p2a: Garchomp|[spread] p2a,p2b
|-resisted|p2a: Garchomp|1
|-supereffective|p2b: Kingambit|1
|-damage|p2a: Garchomp|1/100
|-damage|p2b: Kingambit|0 fnt
|faint|p2b: Kingambit
|move|p1a: Scrafty|Knock Off|p2a: Garchomp
|-damage|p2a: Garchomp|0 fnt
|-damage|p1a: Scrafty|87/100|[from] ability: Rough Skin|[of] p2a: Garchomp
|-enditem|p2a: Garchomp|Life Orb|[from] move: Knock Off|[of] p1a: Scrafty
|faint|p2a: Garchomp
|
|-weather|SunnyDay|[upkeep]
|upkeep
|
|t:|1783740347
|switch|p2b: Basculegion|Basculegion, L50, M|100/100
|switch|p2a: Floette|Floette-Mega, L50, F|16/100
|-ability|p2a: Floette|Fairy Aura
|turn|5
|
|t:|1783740361
|detailschange|p1a: Scrafty|Scrafty-Mega, L50, F
|-mega|p1a: Scrafty|Scrafty|Scraftinite
|-ability|p1a: Scrafty|Intimidate|boost
|-unboost|p2a: Floette|atk|1
|-unboost|p2b: Basculegion|atk|1
|move|p2b: Basculegion|Protect|p2b: Basculegion
|-singleturn|p2b: Basculegion|Protect
|move|p2a: Floette|Protect|p2a: Floette
|-singleturn|p2a: Floette|Protect
|move|p1b: Torkoal|Eruption|p2b: Basculegion|[spread] 
|-activate|p2a: Floette|move: Protect
|-activate|p2b: Basculegion|move: Protect
|move|p1a: Scrafty|Knock Off|p2b: Basculegion
|-activate|p2b: Basculegion|move: Protect
|
|-weather|SunnyDay|[upkeep]
|-fieldend|move: Trick Room
|upkeep
|turn|6
|inactive|CrazyComet37 has 30 seconds left.
|inactive|CrazyComet37 has 20 seconds left.
|inactive|CrazyComet37 has 15 seconds left.
|inactive|CrazyComet37 has 10 seconds left.
|inactive|CrazyComet37 has 5 seconds left.
|
|t:|1783740413
|move|p1a: Scrafty|Detect|p1a: Scrafty
|-singleturn|p1a: Scrafty|Protect
|move|p2a: Floette|Dazzling Gleam|p1a: Scrafty|[spread] p1b
|-activate|p1a: Scrafty|move: Protect
|-resisted|p1b: Torkoal|1
|-damage|p1b: Torkoal|63/100
|move|p2b: Basculegion|Last Respects|p1b: Torkoal
|-damage|p1b: Torkoal|10/100
|move|p1b: Torkoal|Weather Ball|p2a: Floette
|-damage|p2a: Floette|0 fnt
|faint|p2a: Floette
|
|-weather|SunnyDay|[upkeep]
|upkeep
|turn|7
|
|t:|1783740429
|move|p2b: Basculegion|Protect|p2b: Basculegion
|-singleturn|p2b: Basculegion|Protect
|move|p1a: Scrafty|Knock Off|p2b: Basculegion
|-activate|p2b: Basculegion|move: Protect
|move|p1b: Torkoal|Weather Ball|p2b: Basculegion
|-activate|p2b: Basculegion|move: Protect
|
|-weather|none
|upkeep
|turn|8
|
|t:|1783740437
|move|p2b: Basculegion|Wave Crash|p1a: Scrafty
|-damage|p1a: Scrafty|29/100
|-damage|p2b: Basculegion|83/100|[from] Recoil
|move|p1a: Scrafty|Knock Off|p2b: Basculegion
|-supereffective|p2b: Basculegion|1
|-damage|p2b: Basculegion|0 fnt
|-enditem|p2b: Basculegion|Mystic Water|[from] move: Knock Off|[of] p1a: Scrafty
|faint|p2b: Basculegion
|
|win|BlRD BOY
|inactive|BlRD BOY has 30 seconds to confirm battle start!
|inactive|CrazyComet37 has 30 seconds to confirm battle start!
||BlRD BOY is ready for game 3.
||CrazyComet37 is ready for game 3.
|uhtml|next|Next: Game 3 of 3
|l|☆BlRD BOY
|player|p1|
|j|☆BlRD BOY
|player|p1|BlRD BOY|brycen|
