|j|☆tekduppy
|j|☆KrishKabob
|html|tekduppyKrishKabob    
|uhtml|bestof|Game 1 of a best-of-3
|t:|1782521291
|gametype|doubles
|player|p1|tekduppy|veteran|1038
|player|p2|KrishKabob|swimmer-gen4|1155
|gen|9
|tier|[Gen 9 Champions] VGC 2026 Reg M-B (Bo3)
|rated|
|rule|Species Clause: Limit one of each Pokémon
|rule|Item Clause: Limit 1 of each item
|clearpoke
|poke|p1|Swampert, L50, F, shiny|
|poke|p1|Vivillon-Monsoon, L50, F|
|poke|p1|Charizard, L50, M, shiny|
|poke|p1|Pelipper, L50, F|
|poke|p1|Archaludon, L50, F|
|poke|p1|Incineroar, L50, M|
|poke|p2|Swampert, L50, F|
|poke|p2|Meganium, L50, F|
|poke|p2|Pelipper, L50, M|
|poke|p2|Archaludon, L50, M|
|poke|p2|Sableye, L50, M|
|poke|p2|Heliolisk, L50, F|
|teampreview|4
|showteam|p1|Swampert||Swampertite|Damp|Protect,Earthquake,WaveCrash,WideGuard|Adamant||F|||50|]Vivillon-Monsoon||FocusSash|CompoundEyes|Tailwind,SleepPowder,RagePowder,Hurricane|Timid||F|||50|]Charizard||CharizarditeY|Blaze|Protect,HeatWave,WeatherBall,SolarBeam|Modest||M|||50|]Pelipper||DampRock|Drizzle|Tailwind,WideGuard,Hurricane,RainDance|Timid||F|||50|]Archaludon||ChopleBerry|Stamina|AuraSphere,DracoMeteor,Protect,ElectroShot|Modest||F|||50|]Incineroar||BlackGlasses|Intimidate|SunnyDay,PartingShot,FakeOut,DarkestLariat|Careful||M|||50|
|showteam|p2|Swampert||Swampertite|Damp|Earthquake,HighHorsepower,WaveCrash,Protect|Adamant||F|||50|]Meganium||Meganiumite|Overgrow|SolarBeam,WeatherBall,EarthPower,Protect|Timid||F|||50|]Pelipper||FocusSash|Drizzle|Hurricane,Tailwind,Protect,WeatherBall|Timid||M|||50|]Archaludon||Leftovers|Stamina|ElectroShot,AuraSphere,DragonPulse,Protect|Calm||M|||50|]Sableye||LightClay|Prankster|RainDance,FakeOut,Taunt,LightScreen|Careful||M|||50|]Heliolisk||Magnet|DrySkin|Electroweb,Thunder,VoltSwitch,Protect|Timid||F|||50|
|inactive|Battle timer is ON: inactive players will automatically lose when time's up. (requested by KrishKabob)
|inactive|tekduppy has 60 seconds left.
|inactive|KrishKabob has 60 seconds left.
|inactive|tekduppy has 30 seconds left.
|inactive|KrishKabob has 30 seconds left.
|inactive|tekduppy has 20 seconds left.
|inactive|KrishKabob has 20 seconds left.
|
|t:|1782521365
|teamsize|p1|4
|teamsize|p2|4
|start
|switch|p1a: Charizard|Charizard, L50, M, shiny|100/100
|switch|p1b: Incineroar|Incineroar, L50, M|100/100
|switch|p2a: Meganium|Meganium, L50, F|100/100
|switch|p2b: Heliolisk|Heliolisk, L50, F|100/100
|-ability|p1b: Incineroar|Intimidate|boost
|-unboost|p2a: Meganium|atk|1
|-unboost|p2b: Heliolisk|atk|1
|turn|1
|inactive|tekduppy has 30 seconds left.
|
|t:|1782521390
|detailschange|p1a: Charizard|Charizard-Mega-Y, L50, M, shiny
|-mega|p1a: Charizard|Charizard|Charizardite Y
|-weather|SunnyDay|[from] ability: Drought|[of] p1a: Charizard
|move|p2b: Heliolisk|Protect|p2b: Heliolisk
|-singleturn|p2b: Heliolisk|Protect
|move|p2a: Meganium|Protect|p2a: Meganium
|-singleturn|p2a: Meganium|Protect
|move|p1b: Incineroar|Fake Out|p2b: Heliolisk
|-activate|p2b: Heliolisk|move: Protect
|move|p1a: Charizard|Heat Wave|p2a: Meganium|[spread] 
|-activate|p2a: Meganium|move: Protect
|-activate|p2b: Heliolisk|move: Protect
|
|-weather|SunnyDay|[upkeep]
|-damage|p2b: Heliolisk|87/100|[from] ability: Dry Skin|[of] p2b: Heliolisk
|upkeep
|turn|2
|inactive|tekduppy has 30 seconds left.
|inactive|tekduppy has 20 seconds left.
|inactive|tekduppy has 15 seconds left.
|
|t:|1782521432
|detailschange|p2a: Meganium|Meganium-Mega, L50, F
|-mega|p2a: Meganium|Meganium|Meganiumite
|move|p1a: Charizard|Protect|p1a: Charizard
|-singleturn|p1a: Charizard|Protect
|move|p2b: Heliolisk|Volt Switch|p1a: Charizard
|-activate|p1a: Charizard|move: Protect
|move|p2a: Meganium|Earth Power|p1b: Incineroar
|-supereffective|p1b: Incineroar|1
|-damage|p1b: Incineroar|52/100
|move|p1b: Incineroar|Darkest Lariat|p2b: Heliolisk
|-damage|p2b: Heliolisk|0 fnt
|faint|p2b: Heliolisk
|
|-weather|SunnyDay|[upkeep]
|upkeep
|
|t:|1782521452
|switch|p2b: Pelipper|Pelipper, L50, M|100/100
|-weather|RainDance|[from] ability: Drizzle|[of] p2b: Pelipper
|turn|3
|inactive|tekduppy has 30 seconds left.
|inactive|tekduppy has 20 seconds left.
|inactive|tekduppy has 15 seconds left.
|
|t:|1782521495
|switch|p1a: Archaludon|Archaludon, L50, F|100/100
|move|p2a: Meganium|Earth Power|p1b: Incineroar
|-supereffective|p1b: Incineroar|1
|-damage|p1b: Incineroar|2/100
|move|p2b: Pelipper|Weather Ball|p1a: Archaludon
|-resisted|p1a: Archaludon|1
|-damage|p1a: Archaludon|68/100
|-ability|p1a: Archaludon|Stamina|boost
|-boost|p1a: Archaludon|def|1
|move|p1b: Incineroar|Darkest Lariat|p2b: Pelipper
|-damage|p2b: Pelipper|44/100
|
|-weather|RainDance|[upkeep]
|upkeep
|turn|4
|inactive|tekduppy has 30 seconds left.
|inactive|tekduppy has 20 seconds left.
|inactive|tekduppy has 15 seconds left.
|
|t:|1782521537
|switch|p2b: Sableye|Sableye, L50, M|100/100
|move|p2a: Meganium|Earth Power|p1a: Archaludon
|-supereffective|p1a: Archaludon|1
|-damage|p1a: Archaludon|1/100
|-ability|p1a: Archaludon|Stamina|boost
|-boost|p1a: Archaludon|def|1
|move|p1a: Archaludon|Electro Shot||[still]
|-prepare|p1a: Archaludon|Electro Shot
|-boost|p1a: Archaludon|spa|1
|-anim|p1a: Archaludon|Electro Shot|p2b: Sableye
|-damage|p2b: Sableye|32/100
|move|p1b: Incineroar|Parting Shot|p2a: Meganium
|-unboost|p2a: Meganium|atk|1
|-unboost|p2a: Meganium|spa|1
|inactive|tekduppy has 30 seconds left.
|
|t:|1782521568
|switch|p1b: Charizard|Charizard-Mega-Y, L50, M, shiny|100/100|[from] Parting Shot
|-weather|SunnyDay|[from] ability: Drought|[of] p1b: Charizard
|
|-weather|SunnyDay|[upkeep]
|upkeep
|turn|5
|inactive|KrishKabob has 30 seconds left.
|
|t:|1782521593
|move|p2b: Sableye|Fake Out|p1b: Charizard
|-damage|p1b: Charizard|91/100
|move|p2a: Meganium|Earth Power|p1a: Archaludon
|-supereffective|p1a: Archaludon|1
|-damage|p1a: Archaludon|0 fnt
|faint|p1a: Archaludon
|cant|p1b: Charizard|flinch
|
|-weather|SunnyDay|[upkeep]
|upkeep
|
|t:|1782521606
|switch|p1a: Incineroar|Incineroar, L50, M|2/100
|-ability|p1a: Incineroar|Intimidate|boost
|-unboost|p2a: Meganium|atk|1
|-unboost|p2b: Sableye|atk|1
|turn|6
|inactive|tekduppy has 30 seconds left.
|
|t:|1782521642
|move|p2b: Sableye|Rain Dance|p2b: Sableye
|-weather|RainDance
|move|p2a: Meganium|Earth Power|p1a: Incineroar
|-supereffective|p1a: Incineroar|1
|-damage|p1a: Incineroar|0 fnt
|faint|p1a: Incineroar
|move|p1b: Charizard|Weather Ball|p2b: Sableye
|-damage|p2b: Sableye|0 fnt
|faint|p2b: Sableye
|
|-weather|RainDance|[upkeep]
|upkeep
|
|t:|1782521664
|switch|p1a: Vivillon|Vivillon-Monsoon, L50, F|100/100
|switch|p2b: Pelipper|Pelipper, L50, M|44/100
|turn|7
|
|t:|1782521689
|move|p1a: Vivillon|Sleep Powder|p2b: Pelipper
|-status|p2b: Pelipper|slp|[from] move: Sleep Powder
|move|p2a: Meganium|Weather Ball|p1a: Vivillon
|-supereffective|p1a: Vivillon|1
|-enditem|p1a: Vivillon|Focus Sash
|-damage|p1a: Vivillon|1/100
|cant|p2b: Pelipper|slp
|move|p1b: Charizard|Heat Wave|p2a: Meganium|[spread] p2a,p2b
|-supereffective|p2a: Meganium|1
|-resisted|p2b: Pelipper|1
|-damage|p2a: Meganium|56/100
|-damage|p2b: Pelipper|25/100 slp
|
|-weather|RainDance|[upkeep]
|upkeep
|turn|8
|
|t:|1782521713
|move|p1a: Vivillon|Hurricane|p2a: Meganium
|-supereffective|p2a: Meganium|1
|-damage|p2a: Meganium|0 fnt
|faint|p2a: Meganium
|-curestatus|p2b: Pelipper|slp|[msg]
|move|p2b: Pelipper|Weather Ball|p1b: Charizard
|-supereffective|p1b: Charizard|1
|-damage|p1b: Charizard|0 fnt
|faint|p1b: Charizard
|
|-weather|RainDance|[upkeep]
|upkeep
|turn|9
|inactive|tekduppy has 30 seconds left.
|
|t:|1782521741
|move|p2b: Pelipper|Protect|p2b: Pelipper
|-singleturn|p2b: Pelipper|Protect
|move|p1a: Vivillon|Sleep Powder|p2b: Pelipper
|-activate|p2b: Pelipper|move: Protect
|
|-weather|RainDance|[upkeep]
|upkeep
|turn|10
|
|t:|1782521749
|move|p2b: Pelipper|Protect|p2b: Pelipper
|-singleturn|p2b: Pelipper|Protect
|move|p1a: Vivillon|Sleep Powder|p2b: Pelipper
|-activate|p2b: Pelipper|move: Protect
|
|-weather|none
|upkeep
|turn|11
|
|t:|1782521757
|move|p1a: Vivillon|Sleep Powder|p2b: Pelipper|[miss]
|-miss|p1a: Vivillon|p2b: Pelipper
|move|p2b: Pelipper|Weather Ball|p1a: Vivillon
|-damage|p1a: Vivillon|0 fnt
|faint|p1a: Vivillon
|
|win|KrishKabob
