|j|☆buggy es el rey
|j|☆lox1sm
|html|buggy es el reylox1sm    
|uhtml|bestof|Game 1 of a best-of-3
|t:|1782313544
|gametype|doubles
|player|p1|buggy es el rey|gambler|1152
|player|p2|lox1sm|veteran|1164
|gen|9
|tier|[Gen 9 Champions] VGC 2026 Reg M-B (Bo3)
|rated|
|rule|Species Clause: Limit one of each Pokémon
|rule|Item Clause: Limit 1 of each item
|clearpoke
|poke|p1|Staraptor, L50, M|
|poke|p1|Grimmsnarl, L50, M|
|poke|p1|Sinistcha, L50|
|poke|p1|Gholdengo, L50|
|poke|p1|Aerodactyl, L50, M|
|poke|p1|Toxapex, L50, M|
|poke|p2|Charizard, L50, F|
|poke|p2|Metagross, L50|
|poke|p2|Aerodactyl, L50, M|
|poke|p2|Garchomp, L50, F|
|poke|p2|Sylveon, L50, F|
|poke|p2|Kingambit, L50, M|
|teampreview|4
|showteam|p1|Staraptor||Staraptite|Intimidate|CloseCombat,Roost,Protect,BraveBird|Adamant||M|||50|]Grimmsnarl||LightClay|Prankster|LightScreen,Reflect,PartingShot,PlayRough|Careful||M|||50|]Sinistcha||SitrusBerry|Hospitality|LifeDew,MatchaGotcha,RagePowder,TrickRoom|Bold|||||50|]Gholdengo||LifeOrb|GoodasGold|ShadowBall,MakeItRain,Thunderbolt,Protect|Timid|||||50|]Aerodactyl||Aerodactylite|Pressure|Tailwind,DualWingbeat,RockSlide,IceFang|Jolly||M|||50|]Toxapex||Leftovers|Regenerator|BanefulBunker,Infestation,Toxic,Recover|Sassy||M|||50|
|showteam|p2|Charizard||CharizarditeY|Blaze|HeatWave,WeatherBall,SolarBeam,Protect|Modest||F|||50|]Metagross||Metagrossite|ClearBody|IronHead,PsychicFangs,StompingTantrum,Protect|Jolly|||||50|]Aerodactyl||SitrusBerry|Unnerve|RockSlide,IceFang,Tailwind,WideGuard|Jolly||M|||50|]Garchomp||LifeOrb|RoughSkin|DragonClaw,Earthquake,RockSlide,Protect|Jolly||F|||50|]Sylveon||FairyFeather|Pixilate|HyperVoice,HyperBeam,QuickAttack,Protect|Modest||F|||50|]Kingambit||FocusSash|Defiant|KowtowCleave,SuckerPunch,IronHead,LowKick|Adamant||M|||50|
|
|t:|1782313580
|teamsize|p1|4
|teamsize|p2|4
|start
|switch|p1a: Gholdengo|Gholdengo, L50|100/100
|switch|p1b: Aerodactyl|Aerodactyl, L50, M|100/100
|switch|p2a: Aerodactyl|Aerodactyl, L50, M|100/100
|switch|p2b: Metagross|Metagross, L50|100/100
|-ability|p2a: Aerodactyl|Unnerve
|-ability|p1b: Aerodactyl|Pressure
|turn|1
|inactive|Battle timer is ON: inactive players will automatically lose when time's up. (requested by lox1sm)
|inactive|lox1sm has 60 seconds left.
|inactive|buggy es el rey has 60 seconds left.
|inactive|lox1sm has 30 seconds left.
|
|t:|1782313645
|switch|p2b: Kingambit|Kingambit, L50, M|100/100
|detailschange|p1b: Aerodactyl|Aerodactyl-Mega, L50, M
|-mega|p1b: Aerodactyl|Aerodactyl|Aerodactylite
|move|p1b: Aerodactyl|Tailwind|p1b: Aerodactyl
|-sidestart|p1: buggy es el rey|move: Tailwind
|move|p1a: Gholdengo|Shadow Ball|p2b: Kingambit
|-resisted|p2b: Kingambit|1
|-damage|p2b: Kingambit|68/100
|-damage|p1a: Gholdengo|90/100|[from] item: Life Orb
|move|p2a: Aerodactyl|Tailwind|p2a: Aerodactyl
|-sidestart|p2: lox1sm|move: Tailwind
|
|upkeep
|turn|2
|inactive|buggy es el rey has 30 seconds left.
|inactive|lox1sm has 30 seconds left.
|
|t:|1782313680
|switch|p1b: Grimmsnarl|Grimmsnarl, L50, M|100/100
|move|p1a: Gholdengo|Protect|p1a: Gholdengo
|-singleturn|p1a: Gholdengo|Protect
|move|p2a: Aerodactyl|Rock Slide|p1b: Grimmsnarl|[spread] 
|-activate|p1a: Gholdengo|move: Protect
|-miss|p2a: Aerodactyl|p1b: Grimmsnarl
|move|p2b: Kingambit|Kowtow Cleave|p1a: Gholdengo
|-activate|p1a: Gholdengo|move: Protect
|
|upkeep
|turn|3
|inactive|lox1sm has 30 seconds left.
|
|t:|1782313708
|switch|p2a: Metagross|Metagross, L50|100/100
|move|p1b: Grimmsnarl|Reflect|p1b: Grimmsnarl
|-sidestart|p1: buggy es el rey|Reflect
|move|p1a: Gholdengo|Make It Rain|p2b: Kingambit|[spread] p2a,p2b
|-resisted|p2a: Metagross|1
|-resisted|p2b: Kingambit|1
|-damage|p2a: Metagross|66/100
|-damage|p2b: Kingambit|35/100
|-unboost|p1a: Gholdengo|spa|2
|-damage|p1a: Gholdengo|80/100|[from] item: Life Orb
|move|p2b: Kingambit|Iron Head|p1b: Grimmsnarl
|-supereffective|p1b: Grimmsnarl|1
|-damage|p1b: Grimmsnarl|40/100
|
|upkeep
|turn|4
|inactive|lox1sm has 30 seconds left.
|inactive|lox1sm has 20 seconds left.
|inactive|lox1sm has 15 seconds left.
|inactive|lox1sm has 10 seconds left.
|
|t:|1782313755
|detailschange|p2a: Metagross|Metagross-Mega, L50
|-mega|p2a: Metagross|Metagross|Metagrossite
|move|p1b: Grimmsnarl|Parting Shot|p2a: Metagross
|-unboost|p2a: Metagross|atk|1
|-unboost|p2a: Metagross|spa|1
|
|t:|1782313780
|switch|p1b: Staraptor|Staraptor, L50, M|100/100|[from] Parting Shot
|-ability|p1b: Staraptor|Intimidate|boost
|-unboost|p2a: Metagross|atk|1
|-unboost|p2b: Kingambit|atk|1
|-ability|p2b: Kingambit|Defiant|boost
|-boost|p2b: Kingambit|atk|2
|move|p2a: Metagross|Stomping Tantrum|p1a: Gholdengo
|-supereffective|p1a: Gholdengo|1
|-damage|p1a: Gholdengo|52/100
|move|p1a: Gholdengo|Shadow Ball|p2b: Kingambit
|-resisted|p2b: Kingambit|1
|-damage|p2b: Kingambit|20/100y
|-damage|p1a: Gholdengo|43/100|[from] item: Life Orb
|move|p2b: Kingambit|Iron Head|p1b: Staraptor
|-damage|p1b: Staraptor|31/100
|
|-sideend|p1: buggy es el rey|move: Tailwind
|-sideend|p2: lox1sm|move: Tailwind
|upkeep
|turn|5
|inactive|lox1sm has 30 seconds left.
|inactive|lox1sm has 20 seconds left.
|
|t:|1782313815
|switch|p1a: Aerodactyl|Aerodactyl-Mega, L50, M|100/100
|move|p1b: Staraptor|Protect|p1b: Staraptor
|-singleturn|p1b: Staraptor|Protect
|move|p2b: Kingambit|Sucker Punch||[still]
|-fail|p2b: Kingambit
|move|p2a: Metagross|Psychic Fangs|p1a: Aerodactyl
|-sideend|p1: buggy es el rey|Reflect
|-damage|p1a: Aerodactyl|59/100
|
|upkeep
|turn|6
|
|t:|1782313837
|move|p2b: Kingambit|Sucker Punch|p1b: Staraptor
|-damage|p1b: Staraptor|0 fnt
|faint|p1b: Staraptor
|move|p1a: Aerodactyl|Tailwind|p1a: Aerodactyl
|-sidestart|p1: buggy es el rey|move: Tailwind
|move|p2a: Metagross|Iron Head|p1a: Aerodactyl
|-supereffective|p1a: Aerodactyl|1
|-damage|p1a: Aerodactyl|0 fnt
|faint|p1a: Aerodactyl
|
|upkeep
|
|t:|1782313845
|switch|p1a: Gholdengo|Gholdengo, L50|43/100
|switch|p1b: Grimmsnarl|Grimmsnarl, L50, M|40/100
|turn|7
|
|t:|1782313870
|switch|p2a: Garchomp|Garchomp, L50, F|100/100
|move|p2b: Kingambit|Sucker Punch|p1a: Gholdengo
|-supereffective|p1a: Gholdengo|1
|-damage|p1a: Gholdengo|0 fnt
|faint|p1a: Gholdengo
|move|p1b: Grimmsnarl|Play Rough|p2b: Kingambit|[miss]
|-miss|p1b: Grimmsnarl|p2b: Kingambit
|
|upkeep
|turn|8
|-message|buggy es el rey forfeited.
|
|win|lox1sm
|l|☆buggy es el rey
|player|p1|
||buggy es el rey is ready for game 2.
||lox1sm is ready for game 2.
|uhtml|next|Next: Game 2 of 3
