|j|☆davirru5
|j|☆banovgc
|html|davirru5banovgc    
|uhtml|bestof|Game 1 of a best-of-3
|t:|1756747722
|gametype|doubles
|player|p1|davirru5|ghetsis|1194
|player|p2|banovgc|102|1157
|gen|9
|tier|[Gen 9] VGC 2025 Reg H (Bo3)
|rated|
|rule|Species Clause: Limit one of each Pokémon
|rule|Item Clause: Limit 1 of each item
|clearpoke
|poke|p1|Sneasler, L50, M|
|poke|p1|Rillaboom, L50, M|
|poke|p1|Electabuzz, L50, M|
|poke|p1|Dragonite, L50, F|
|poke|p1|Volcarona, L50, M|
|poke|p1|Kingambit, L50, M|
|poke|p2|Whimsicott, L50, M|
|poke|p2|Hydreigon, L50, M|
|poke|p2|Garchomp, L50, M|
|poke|p2|Gholdengo, L50|
|poke|p2|Clefable, L50, F|
|poke|p2|Annihilape, L50, M|
|teampreview|4
|showteam|p1|Sneasler||FocusSash|PoisonTouch|CloseCombat,DireClaw,Coaching,FakeOut|||M|||50|,,,,,Ghost]Rillaboom||AssaultVest|GrassySurge|WoodHammer,GrassyGlide,HighHorsepower,FakeOut|||M|||50|,,,,,Water]Electabuzz||Eviolite|VitalSpirit|Thunderbolt,FollowMe,Taunt,Protect|||M|||50|,,,,,Ghost]Dragonite||LoadedDice|Multiscale|ScaleShot,ExtremeSpeed,Haze,Protect|||F|||50|,,,,,Fairy]Volcarona||CovertCloak|FlameBody|HeatWave,TeraBlast,QuiverDance,Protect|||M|||50|,,,,,Fairy]Kingambit||BlackGlasses|Defiant|KowtowCleave,SuckerPunch,SwordsDance,Protect|||M|||50|,,,,,Dark
|showteam|p2|Whimsicott||CovertCloak|Prankster|Encore,SunnyDay,Tailwind,Moonblast|||M|||50|,,,,,Fairy]Hydreigon||ChoiceSpecs|Levitate|HeatWave,DracoMeteor,Snarl,DarkPulse|||M|||50|,,,,,Fire]Garchomp||LifeOrb|RoughSkin|Protect,StompingTantrum,DragonClaw,Earthquake|||M|||50|,,,,,Steel]Gholdengo||IronPlate|GoodasGold|MakeItRain,NastyPlot,ShadowBall,Protect||||||50|,,,,,Steel]Clefable||SitrusBerry|Unaware|FollowMe,Moonblast,Protect,MistyTerrain|||F|||50|,,,,,Water]Annihilape||Leftovers|Defiant|RageFist,DrainPunch,BulkUp,Protect|||M|||50|,,,,,Water
|inactive|Battle timer is ON: inactive players will automatically lose when time's up. (requested by davirru5)
|c|☆banovgc|glhf
|inactive|davirru5 has 60 seconds left.
|inactive|banovgc has 60 seconds left.
|
|t:|1756747780
|teamsize|p1|4
|teamsize|p2|4
|start
|switch|p1a: Electabuzz|Electabuzz, L50, M|100/100
|switch|p1b: Volcarona|Volcarona, L50, M|100/100
|switch|p2a: Clefable|Clefable, L50, F|100/100
|switch|p2b: Annihilape|Annihilape, L50, M|100/100
|turn|1
|inactive|banovgc has 30 seconds left.
|
|t:|1756747807
|move|p2b: Annihilape|Bulk Up|p2b: Annihilape
|-boost|p2b: Annihilape|atk|1
|-boost|p2b: Annihilape|def|1
|move|p1a: Electabuzz|Taunt|p2b: Annihilape
|-start|p2b: Annihilape|move: Taunt
|move|p1b: Volcarona|Quiver Dance|p1b: Volcarona
|-boost|p1b: Volcarona|spa|1
|-boost|p1b: Volcarona|spd|1
|-boost|p1b: Volcarona|spe|1
|move|p2a: Clefable|Moonblast|p1a: Electabuzz
|-damage|p1a: Electabuzz|76/100
|-unboost|p1a: Electabuzz|spa|1
|
|upkeep
|turn|2
|inactive|banovgc has 30 seconds left.
|
|t:|1756747835
|move|p2a: Clefable|Follow Me|p2a: Clefable
|-singleturn|p2a: Clefable|move: Follow Me
|move|p1b: Volcarona|Quiver Dance|p1b: Volcarona
|-boost|p1b: Volcarona|spa|1
|-boost|p1b: Volcarona|spd|1
|-boost|p1b: Volcarona|spe|1
|move|p2b: Annihilape|Rage Fist|p1b: Volcarona
|-damage|p1b: Volcarona|68/100
|move|p1a: Electabuzz|Taunt|p2a: Clefable
|-start|p2a: Clefable|move: Taunt
|
|upkeep
|turn|3
|inactive|banovgc has 30 seconds left.
|inactive|banovgc has 20 seconds left.
|inactive|banovgc has 15 seconds left.
|inactive|banovgc has 10 seconds left.
|
|t:|1756747882
|-terastallize|p1b: Volcarona|Fairy
|-terastallize|p2b: Annihilape|Water
|move|p1a: Electabuzz|Follow Me|p1a: Electabuzz
|-singleturn|p1a: Electabuzz|move: Follow Me
|move|p1b: Volcarona|Tera Blast|p2b: Annihilape|[anim] Tera Blast Fairy
|-damage|p2b: Annihilape|34/100
|move|p2b: Annihilape|Rage Fist|p1a: Electabuzz
|-damage|p1a: Electabuzz|31/100
|move|p2a: Clefable|Moonblast|p1a: Electabuzz
|-damage|p1a: Electabuzz|7/100
|-unboost|p1a: Electabuzz|spa|1
|
|-heal|p2b: Annihilape|40/100|[from] item: Leftovers
|upkeep
|turn|4
|inactive|banovgc has 30 seconds left.
|
|t:|1756747910
|switch|p2b: Whimsicott|Whimsicott, L50, M|100/100
|move|p1a: Electabuzz|Protect|p1a: Electabuzz
|-singleturn|p1a: Electabuzz|Protect
|move|p1b: Volcarona|Tera Blast|p2b: Whimsicott|[anim] Tera Blast Fairy
|-damage|p2b: Whimsicott|0 fnt
|faint|p2b: Whimsicott
|move|p2a: Clefable|Moonblast|p1a: Electabuzz
|-activate|p1a: Electabuzz|move: Protect
|
|upkeep
|
|t:|1756747923
|switch|p2b: Annihilape|Annihilape, L50, M, tera:Water|40/100
|turn|5
|
|t:|1756747935
|move|p2b: Annihilape|Protect|p2b: Annihilape
|-singleturn|p2b: Annihilape|Protect
|move|p1a: Electabuzz|Follow Me|p1a: Electabuzz
|-singleturn|p1a: Electabuzz|move: Follow Me
|move|p1b: Volcarona|Heat Wave|p2a: Clefable|[spread] p2a
|-activate|p2b: Annihilape|move: Protect
|-damage|p2a: Clefable|65/100
|move|p2a: Clefable|Moonblast|p1a: Electabuzz
|-damage|p1a: Electabuzz|0 fnt
|faint|p1a: Electabuzz
|
|-heal|p2b: Annihilape|47/100|[from] item: Leftovers
|-end|p2a: Clefable|move: Taunt
|upkeep
|
|t:|1756747945
|switch|p1a: Kingambit|Kingambit, L50, M|100/100
|turn|6
|
|t:|1756747968
|move|p1a: Kingambit|Protect|p1a: Kingambit
|-singleturn|p1a: Kingambit|Protect
|move|p2a: Clefable|Follow Me|p2a: Clefable
|-singleturn|p2a: Clefable|move: Follow Me
|move|p1b: Volcarona|Tera Blast|p2a: Clefable|[anim] Tera Blast Fairy
|-damage|p2a: Clefable|23/100
|-enditem|p2a: Clefable|Sitrus Berry|[eat]
|-heal|p2a: Clefable|48/100|[from] item: Sitrus Berry
|move|p2b: Annihilape|Rage Fist|p1b: Volcarona
|-damage|p1b: Volcarona|22/100
|-status|p2b: Annihilape|brn|[from] ability: Flame Body|[of] p1b: Volcarona
|
|-heal|p2b: Annihilape|53/100 brn|[from] item: Leftovers
|-damage|p2b: Annihilape|47/100 brn|[from] brn
|upkeep
|turn|7
|c|☆banovgc|lmao
|inactive|davirru5 has 30 seconds left.
|inactive|banovgc has 30 seconds left.
|inactive|banovgc has 20 seconds left.
|inactive|banovgc has 15 seconds left.
|
|t:|1756748009
|switch|p1a: Dragonite|Dragonite, L50, F|100/100
|move|p2a: Clefable|Follow Me|p2a: Clefable
|-singleturn|p2a: Clefable|move: Follow Me
|move|p1b: Volcarona|Tera Blast|p2a: Clefable|[anim] Tera Blast Fairy
|-damage|p2a: Clefable|11/100
|move|p2b: Annihilape|Drain Punch|p1a: Dragonite
|-resisted|p1a: Dragonite
|-damage|p1a: Dragonite|97/100
|-heal|p2b: Annihilape|48/100 brn|[from] drain|[of] p1a: Dragonite
|
|-heal|p2b: Annihilape|54/100 brn|[from] item: Leftovers
|-damage|p2b: Annihilape|48/100 brn|[from] brn
|upkeep
|turn|8
|inactive|banovgc has 30 seconds left.
|
|t:|1756748039
|move|p1b: Volcarona|Tera Blast|p2a: Clefable|[anim] Tera Blast Fairy
|-damage|p2a: Clefable|0 fnt
|faint|p2a: Clefable
|move|p2b: Annihilape|Rage Fist|p1b: Volcarona
|-damage|p1b: Volcarona|0 fnt
|faint|p1b: Volcarona
|move|p1a: Dragonite|Scale Shot|p2b: Annihilape
|-damage|p2b: Annihilape|33/100 brn
|-damage|p2b: Annihilape|18/100 brn
|-damage|p2b: Annihilape|4/100 brn
|-damage|p2b: Annihilape|0 fnt
|faint|p2b: Annihilape
|-hitcount|p2: Annihilape|4
|-unboost|p1a: Dragonite|def|1
|-boost|p1a: Dragonite|spe|1
|
|upkeep
|
|t:|1756748043
|switch|p1b: Kingambit|Kingambit, L50, M|100/100
|switch|p2a: Hydreigon|Hydreigon, L50, M|100/100
|turn|9
|
|t:|1756748053
|move|p1a: Dragonite|Protect|p1a: Dragonite
|-singleturn|p1a: Dragonite|Protect
|move|p1b: Kingambit|Protect|p1b: Kingambit
|-singleturn|p1b: Kingambit|Protect
|move|p2a: Hydreigon|Heat Wave|p1a: Dragonite|[spread] 
|-activate|p1a: Dragonite|move: Protect
|-activate|p1b: Kingambit|move: Protect
|
|upkeep
|turn|10
|
|t:|1756748059
|move|p1b: Kingambit|Sucker Punch|p2a: Hydreigon
|-resisted|p2a: Hydreigon
|-damage|p2a: Hydreigon|70/100
|move|p1a: Dragonite|Scale Shot|p2a: Hydreigon
|-supereffective|p2a: Hydreigon
|-damage|p2a: Hydreigon|34/100
|-supereffective|p2a: Hydreigon
|-damage|p2a: Hydreigon|2/100
|-supereffective|p2a: Hydreigon
|-damage|p2a: Hydreigon|0 fnt
|faint|p2a: Hydreigon
|-hitcount|p2: Hydreigon|3
|
|win|davirru5
||davirru5 is ready for game 2.
||banovgc is ready for game 2.
|uhtml|next|Next: Game 2 of 3
