|j|☆GiorgiusGamer
|j|☆Frakub
|html|GiorgiusGamerFrakub    
|uhtml|bestof|Game 2 of a best-of-3
|t:|1757860153
|gametype|doubles
|player|p1|GiorgiusGamer|170|1117
|player|p2|Frakub|acetrainer-gen4dp|1059
|gen|9
|tier|[Gen 9] VGC 2025 Reg H (Bo3)
|rated|
|rule|Species Clause: Limit one of each Pokémon
|rule|Item Clause: Limit 1 of each item
|clearpoke
|poke|p1|Clefairy, L50, M|
|poke|p1|Ursaluna, L50, M|
|poke|p1|Rillaboom, L50, F|
|poke|p1|Dragonite, L50, M|
|poke|p1|Gholdengo, L50|
|poke|p1|Sneasler, L50, F|
|poke|p2|Kingambit, L50, F|
|poke|p2|Primarina, L50, F|
|poke|p2|Sneasler, L50, F|
|poke|p2|Magmar, L50, F|
|poke|p2|Rillaboom, L50, F|
|poke|p2|Dragapult, L50, F|
|teampreview|4
|showteam|p1|Clefairy||Eviolite|FriendGuard|DazzlingGleam,FollowMe,Encore,IcyWind|||M|||50|,,,,,Fairy]Ursaluna||FlameOrb|Guts|Facade,HeadlongRush,Earthquake,Protect|||M|||50|,,,,,Water]Rillaboom||AssaultVest|GrassySurge|WoodHammer,GrassyGlide,HighHorsepower,FakeOut|||F|||50|,,,,,Grass]Dragonite||LoadedDice|Multiscale|ScaleShot,TeraBlast,Haze,Tailwind|||M|||50|,,,,,Flying]Gholdengo||LifeOrb|GoodasGold|MakeItRain,ShadowBall,NastyPlot,Protect||||||50|,,,,,Steel]Sneasler||FocusSash|Unburden|DireClaw,CloseCombat,Coaching,Protect|||F|||50|,,,,,Stellar
|showteam|p2|Kingambit||BlackGlasses|Defiant|KowtowCleave,SuckerPunch,SwordsDance,Protect|||F|||50|,,,,,Dark]Primarina||SitrusBerry|LiquidVoice|HyperVoice,Moonblast,Haze,Protect|||F|||50|,,,,,Poison]Sneasler||FocusSash|PoisonTouch|CloseCombat,DireClaw,FakeOut,Protect|||F|||50|,,,,,Stellar]Magmar||Eviolite|VitalSpirit|Overheat,Taunt,FollowMe,Protect|||F|||50|,,,,,Ghost]Rillaboom||AssaultVest|GrassySurge|WoodHammer,GrassyGlide,HighHorsepower,FakeOut|||F|||50|,,,,,Fire]Dragapult||ChoiceBand|ClearBody|DragonDarts,PhantomForce,Outrage,Uturn|||F|||50|,,,,,Dragon
|inactive|Battle timer is ON: inactive players will automatically lose when time's up. (requested by Frakub)
|inactive|GiorgiusGamer has 60 seconds left.
|inactive|Frakub has 60 seconds left.
|
|t:|1757860206
|teamsize|p1|4
|teamsize|p2|4
|start
|switch|p1a: Ursaluna|Ursaluna, L50, M|100/100
|switch|p1b: Rillaboom|Rillaboom, L50, F|100/100
|switch|p2a: Primarina|Primarina, L50, F|100/100
|switch|p2b: Sneasler|Sneasler, L50, F|100/100
|-fieldstart|move: Grassy Terrain|[from] ability: Grassy Surge|[of] p1b: Rillaboom
|turn|1
|inactive|GiorgiusGamer has 30 seconds left.
|inactive|GiorgiusGamer has 20 seconds left.
|
|t:|1757860241
|switch|p1a: Dragonite|Dragonite, L50, M|100/100
|move|p2b: Sneasler|Fake Out|p1b: Rillaboom
|-damage|p1b: Rillaboom|87/100
|cant|p1b: Rillaboom|flinch
|move|p2a: Primarina|Moonblast|p1b: Rillaboom
|-damage|p1b: Rillaboom|52/100
|
|-heal|p1b: Rillaboom|58/100|[from] Grassy Terrain
|upkeep
|turn|2
|inactive|Frakub has 30 seconds left.
|inactive|Frakub has 20 seconds left.
|
|t:|1757860276
|switch|p2a: Rillaboom|Rillaboom, L50, F|100/100
|-terastallize|p1a: Dragonite|Flying
|move|p1b: Rillaboom|Grassy Glide|p2a: Rillaboom
|-resisted|p2a: Rillaboom
|-damage|p2a: Rillaboom|81/100
|move|p2b: Sneasler|Dire Claw|p1b: Rillaboom
|-supereffective|p1b: Rillaboom
|-damage|p1b: Rillaboom|0 fnt
|faint|p1b: Rillaboom
|move|p1a: Dragonite|Tera Blast|p2b: Sneasler|[anim] Tera Blast Flying
|-supereffective|p2b: Sneasler
|-enditem|p2b: Sneasler|Focus Sash
|-damage|p2b: Sneasler|1/100
|
|-heal|p2b: Sneasler|7/100|[from] Grassy Terrain
|-heal|p2a: Rillaboom|87/100|[from] Grassy Terrain
|upkeep
|
|t:|1757860290
|switch|p1b: Sneasler|Sneasler, L50, F|100/100
|turn|3
|inactive|GiorgiusGamer has 30 seconds left.
|
|t:|1757860320
|-terastallize|p2a: Rillaboom|Fire
|move|p2a: Rillaboom|Fake Out|p1a: Dragonite
|-damage|p1a: Dragonite|93/100
|move|p2b: Sneasler|Dire Claw|p1a: Dragonite
|-damage|p1a: Dragonite|47/100
|move|p1b: Sneasler|Dire Claw|p2a: Rillaboom
|-damage|p2a: Rillaboom|50/100
|cant|p1a: Dragonite|flinch
|
|-heal|p2b: Sneasler|13/100|[from] Grassy Terrain
|-heal|p2a: Rillaboom|56/100|[from] Grassy Terrain
|upkeep
|turn|4
|
|t:|1757860336
|move|p2b: Sneasler|Dire Claw|p1a: Dragonite
|-damage|p1a: Dragonite|8/100
|move|p1b: Sneasler|Dire Claw|p2a: Rillaboom
|-damage|p2a: Rillaboom|19/100
|move|p1a: Dragonite|Tera Blast|p2a: Rillaboom|[anim] Tera Blast Flying
|-damage|p2a: Rillaboom|0 fnt
|faint|p2a: Rillaboom
|
|-heal|p2b: Sneasler|19/100|[from] Grassy Terrain
|upkeep
|
|t:|1757860351
|switch|p2a: Primarina|Primarina, L50, F|100/100
|turn|5
|
|t:|1757860363
|move|p2b: Sneasler|Dire Claw|p1b: Sneasler
|-resisted|p1b: Sneasler
|-damage|p1b: Sneasler|68/100
|move|p1b: Sneasler|Dire Claw|p2b: Sneasler
|-resisted|p2b: Sneasler
|-damage|p2b: Sneasler|0 fnt
|faint|p2b: Sneasler
|move|p1a: Dragonite|Tailwind|p1a: Dragonite
|-sidestart|p1: GiorgiusGamer|move: Tailwind
|move|p2a: Primarina|Hyper Voice|p1b: Sneasler|[spread] p1a,p1b
|-damage|p1a: Dragonite|0 fnt
|-damage|p1b: Sneasler|25/100
|faint|p1a: Dragonite
|
|-heal|p1b: Sneasler|31/100|[from] Grassy Terrain
|-fieldend|move: Grassy Terrain
|upkeep
|
|t:|1757860375
|switch|p2b: Kingambit|Kingambit, L50, F|100/100
|switch|p1a: Ursaluna|Ursaluna, L50, M|100/100
|turn|6
|
|t:|1757860395
|move|p1b: Sneasler|Protect|p1b: Sneasler
|-singleturn|p1b: Sneasler|Protect
|move|p1a: Ursaluna|Protect|p1a: Ursaluna
|-singleturn|p1a: Ursaluna|Protect
|move|p2a: Primarina|Hyper Voice|p1a: Ursaluna|[spread] 
|-activate|p1a: Ursaluna|move: Protect
|-activate|p1b: Sneasler|move: Protect
|move|p2b: Kingambit|Swords Dance|p2b: Kingambit
|-boost|p2b: Kingambit|atk|2
|
|-status|p1a: Ursaluna|brn|[from] item: Flame Orb
|upkeep
|turn|7
|
|t:|1757860414
|move|p2b: Kingambit|Sucker Punch|p1a: Ursaluna
|-damage|p1a: Ursaluna|31/100 brn
|move|p1b: Sneasler|Coaching|p1a: Ursaluna
|-boost|p1a: Ursaluna|atk|1
|-boost|p1a: Ursaluna|def|1
|move|p1a: Ursaluna|Facade|p2a: Primarina
|-damage|p2a: Primarina|0 fnt
|faint|p2a: Primarina
|
|-damage|p1a: Ursaluna|25/100 brn|[from] brn
|upkeep
|turn|8
|
|t:|1757860429
|move|p2b: Kingambit|Sucker Punch|p1a: Ursaluna
|-damage|p1a: Ursaluna|0 fnt
|faint|p1a: Ursaluna
|move|p1b: Sneasler|Close Combat|p2b: Kingambit
|-supereffective|p2b: Kingambit
|-damage|p2b: Kingambit|0 fnt
|-unboost|p1b: Sneasler|def|1
|-unboost|p1b: Sneasler|spd|1
|faint|p2b: Kingambit
|
|win|GiorgiusGamer
|raw|GiorgiusGamer's rating: 1117 → 1138(+21 for winning)
|raw|Frakub's rating: 1059 → 1043(-16 for losing)
|c|☆Frakub|gg
|c|☆GiorgiusGamer|gg
|l|☆GiorgiusGamer
|player|p1|
