|j|☆Crystneel
|j|☆Trainer208
|html|CrystneelTrainer208    
|uhtml|bestof|Game 2 of a best-of-3
|t:|1756661585
|gametype|doubles
|player|p1|Crystneel|101|1076
|player|p2|Trainer208|gambler|1000
|gen|9
|tier|[Gen 9] VGC 2025 Reg H (Bo3)
|rated|
|rule|Species Clause: Limit one of each Pokémon
|rule|Item Clause: Limit 1 of each item
|clearpoke
|poke|p1|Volcarona, L50, M|
|poke|p1|Electabuzz, L50, M|
|poke|p1|Sneasler, L50, F|
|poke|p1|Rillaboom, L50, F|
|poke|p1|Dragonite, L50, M|
|poke|p1|Ursaluna-Bloodmoon, L50, M|
|poke|p2|Garganacl, L50, M|
|poke|p2|Scovillain, L50, M|
|poke|p2|Carbink, L50|
|poke|p2|Kommo-o, L50, M|
|poke|p2|Spiritomb, L50, M|
|poke|p2|Charjabug, L50, M|
|teampreview|4
|showteam|p1|Volcarona||Leftovers|FlameBody|FieryDance,QuiverDance,GigaDrain,Protect|||M|||50|,,,,,Water]Electabuzz||Eviolite|Static|FollowMe,Electroweb,VoltSwitch,Taunt|||M|||50|,,,,,Fairy]Sneasler||GrassySeed|Unburden|DireClaw,CloseCombat,ThroatChop,Protect|||F|||50|,,,,,Dark]Rillaboom||AssaultVest|GrassySurge|FakeOut,GrassyGlide,WoodHammer,Uturn|||F|||50|,,,,,Fire]Dragonite||LoadedDice|Multiscale|ExtremeSpeed,ScaleShot,IceSpinner,LowKick|||M|||50|,,,,,Normal]Ursaluna-Bloodmoon||ThroatSpray|MindsEye|BloodMoon,HyperVoice,EarthPower,Protect|||M|||50|,,,,,Poison
|showteam|p2|Garganacl||RockyHelmet|PurifyingSalt|SaltCure,Sandstorm,Recover,WideGuard|||M|||50|,,,,,Ghost]Scovillain||AguavBerry|Moody|Flamethrower,GigaDrain,RagePowder,Protect|||M|||50|,,,,,Grass]Carbink||FistPlate|ClearBody|BodyPress,RockSlide,TrickRoom,Protect||||||50|,,,,,Fighting]Kommo-o||Leftovers|Soundproof|ClangingScales,FlashCannon,Flamethrower,ClangorousSoul|||M|||50|,,,,,Steel]Spiritomb||BlackGlasses|Infiltrator|DarkPulse,SkillSwap,HelpingHand,AllySwitch|||M|||50|,,,,,Dark]Charjabug||Eviolite|Battery|Lunge,WildCharge,Electroweb,Protect|||M|||50|,,,,,Electric
|inactive|Battle timer is ON: inactive players will automatically lose when time's up. (requested by Crystneel)
|inactive|Trainer208 has 60 seconds left.
|
|t:|1756661632
|teamsize|p1|4
|teamsize|p2|4
|start
|switch|p1a: Sneasler|Sneasler, L50, F|100/100
|switch|p1b: Rillaboom|Rillaboom, L50, F|100/100
|switch|p2a: Garganacl|Garganacl, L50, M|100/100
|switch|p2b: Carbink|Carbink, L50, shiny|100/100
|-fieldstart|move: Grassy Terrain|[from] ability: Grassy Surge|[of] p1b: Rillaboom
|-enditem|p1a: Sneasler|Grassy Seed
|-boost|p1a: Sneasler|def|1|[from] item: Grassy Seed
|turn|1
|inactive|Trainer208 has 30 seconds left.
|inactive|Trainer208 has 20 seconds left.
|inactive|Trainer208 has 15 seconds left.
|
|t:|1756661676
|move|p1a: Sneasler|Dire Claw|p2b: Carbink
|-damage|p2b: Carbink|69/100
|-status|p2b: Carbink|par
|move|p1b: Rillaboom|Wood Hammer|p2a: Garganacl
|-supereffective|p2a: Garganacl
|-damage|p2a: Garganacl|0 fnt
|-damage|p1b: Rillaboom|84/100|[from] item: Rocky Helmet|[of] p2a: Garganacl
|faint|p2a: Garganacl
|-damage|p1b: Rillaboom|51/100|[from] Recoil
|move|p2b: Carbink|Trick Room|p2b: Carbink
|-fieldstart|move: Trick Room|[of] p2b: Carbink
|
|-heal|p2b: Carbink|75/100 par|[from] Grassy Terrain
|-heal|p1b: Rillaboom|57/100|[from] Grassy Terrain
|upkeep
|inactive|Trainer208 has 30 seconds left.
|
|t:|1756661705
|switch|p2a: Spiritomb|Spiritomb, L50, M|100/100
|turn|2
|
|t:|1756661728
|move|p1a: Sneasler|Protect|p1a: Sneasler
|-singleturn|p1a: Sneasler|Protect
|move|p2b: Carbink|Body Press|p1a: Sneasler
|-activate|p1a: Sneasler|move: Protect
|move|p2a: Spiritomb|Dark Pulse|p1b: Rillaboom
|-damage|p1b: Rillaboom|21/100
|move|p1b: Rillaboom|U-turn|p2a: Spiritomb
|-damage|p2a: Spiritomb|74/100
|
|t:|1756661737
|switch|p1b: Electabuzz|Electabuzz, L50, M|100/100|[from] U-turn
|
|-heal|p2b: Carbink|80/100 par|[from] Grassy Terrain
|-heal|p2a: Spiritomb|80/100|[from] Grassy Terrain
|upkeep
|turn|3
|inactive|Trainer208 has 30 seconds left.
|
|t:|1756661765
|move|p2a: Spiritomb|Helping Hand|p2b: Carbink
|-singleturn|p2b: Carbink|Helping Hand|[of] p2a: Spiritomb
|move|p1b: Electabuzz|Follow Me|p1b: Electabuzz
|-singleturn|p1b: Electabuzz|move: Follow Me
|cant|p2b: Carbink|par
|move|p1a: Sneasler|Dire Claw|p2b: Carbink
|-damage|p2b: Carbink|49/100 par
|
|-heal|p2b: Carbink|54/100 par|[from] Grassy Terrain
|-heal|p2a: Spiritomb|86/100|[from] Grassy Terrain
|upkeep
|turn|4
|
|t:|1756661786
|cant|p2b: Carbink|par
|move|p2a: Spiritomb|Dark Pulse|p1b: Electabuzz
|-damage|p1b: Electabuzz|72/100
|move|p1b: Electabuzz|Taunt|p2a: Spiritomb
|-start|p2a: Spiritomb|move: Taunt
|move|p1a: Sneasler|Dire Claw|p2b: Carbink
|-damage|p2b: Carbink|20/100 par
|
|-heal|p2b: Carbink|26/100 par|[from] Grassy Terrain
|-heal|p2a: Spiritomb|92/100|[from] Grassy Terrain
|-heal|p1b: Electabuzz|78/100|[from] Grassy Terrain
|upkeep
|turn|5
|
|t:|1756661808
|move|p1b: Electabuzz|Follow Me|p1b: Electabuzz
|-singleturn|p1b: Electabuzz|move: Follow Me
|move|p2b: Carbink|Body Press|p1b: Electabuzz
|-damage|p1b: Electabuzz|38/100
|move|p2a: Spiritomb|Dark Pulse|p1b: Electabuzz
|-damage|p1b: Electabuzz|10/100
|move|p1a: Sneasler|Dire Claw|p2b: Carbink
|-damage|p2b: Carbink|0 fnt
|faint|p2b: Carbink
|
|-heal|p2a: Spiritomb|97/100|[from] Grassy Terrain
|-heal|p1b: Electabuzz|16/100|[from] Grassy Terrain
|-fieldend|move: Trick Room
|-fieldend|move: Grassy Terrain
|upkeep
|
|t:|1756661821
|switch|p2b: Kommo-o|Kommo-o, L50, M|100/100
|turn|6
|
|t:|1756661841
|move|p1a: Sneasler|Dire Claw|p2b: Kommo-o
|-damage|p2b: Kommo-o|57/100
|move|p2b: Kommo-o|Clangorous Soul|p2b: Kommo-o
|-boost|p2b: Kommo-o|atk|1
|-boost|p2b: Kommo-o|def|1
|-boost|p2b: Kommo-o|spa|1
|-boost|p2b: Kommo-o|spd|1
|-boost|p2b: Kommo-o|spe|1
|-damage|p2b: Kommo-o|24/100
|move|p1b: Electabuzz|Electroweb|p2b: Kommo-o|[spread] p2a,p2b
|-resisted|p2b: Kommo-o
|-damage|p2a: Spiritomb|82/100
|-damage|p2b: Kommo-o|20/100
|-unboost|p2a: Spiritomb|spe|1
|-unboost|p2b: Kommo-o|spe|1
|move|p2a: Spiritomb|Dark Pulse|p1a: Sneasler
|-resisted|p1a: Sneasler
|-damage|p1a: Sneasler|68/100
|
|-heal|p2b: Kommo-o|26/100|[from] item: Leftovers
|upkeep
|turn|7
|
|t:|1756661863
|move|p1a: Sneasler|Dire Claw|p2b: Kommo-o
|-damage|p2b: Kommo-o|0 fnt
|faint|p2b: Kommo-o
|move|p1b: Electabuzz|Volt Switch|p2a: Spiritomb
|-damage|p2a: Spiritomb|55/100
|
|t:|1756661869
|switch|p1b: Rillaboom|Rillaboom, L50, F|21/100|[from] Volt Switch
|-fieldstart|move: Grassy Terrain|[from] ability: Grassy Surge|[of] p1b: Rillaboom
|move|p2a: Spiritomb|Dark Pulse|p1b: Rillaboom
|-damage|p1b: Rillaboom|0 fnt
|faint|p1b: Rillaboom
|
|-heal|p1a: Sneasler|74/100|[from] Grassy Terrain
|-heal|p2a: Spiritomb|60/100|[from] Grassy Terrain
|-end|p2a: Spiritomb|move: Taunt
|upkeep
|
|t:|1756661877
|switch|p1b: Electabuzz|Electabuzz, L50, M|16/100
|turn|8
|
|t:|1756661883
|move|p1a: Sneasler|Dire Claw|p2a: Spiritomb
|-resisted|p2a: Spiritomb
|-damage|p2a: Spiritomb|37/100
|-status|p2a: Spiritomb|par
|move|p1b: Electabuzz|Volt Switch|p2a: Spiritomb
|-damage|p2a: Spiritomb|14/100 par
|
|t:|1756661890
|switch|p1b: Volcarona|Volcarona, L50, M|100/100|[from] Volt Switch
|move|p2a: Spiritomb|Dark Pulse|p1b: Volcarona
|-damage|p1b: Volcarona|63/100
|
|-heal|p1a: Sneasler|80/100|[from] Grassy Terrain
|-heal|p1b: Volcarona|69/100|[from] Grassy Terrain
|-heal|p1b: Volcarona|74/100|[from] item: Leftovers
|-heal|p2a: Spiritomb|20/100 par|[from] Grassy Terrain
|upkeep
|turn|9
|
|t:|1756661902
|move|p2a: Spiritomb|Helping Hand|p2: Kommo-o|[notarget]
|-fail|p2a: Spiritomb
|move|p1a: Sneasler|Dire Claw|p2a: Spiritomb
|-resisted|p2a: Spiritomb
|-damage|p2a: Spiritomb|0 fnt
|faint|p2a: Spiritomb
|
|win|Crystneel
|raw|Crystneel's rating: 1076 → 1098(+22 for winning)
|raw|Trainer208's rating: 1000 → 1000(+0 for losing)
|l|☆Trainer208
|player|p2|
