|j|☆caZISA
|j|☆palle synchro
|html|caZISApalle synchro    
|uhtml|bestof|Game 3 of a best-of-3
|t:|1757074943
|gametype|doubles
|player|p1|caZISA|red|1441
|player|p2|palle synchro|volkner|1463
|gen|9
|tier|[Gen 9] VGC 2025 Reg H (Bo3)
|rated|
|rule|Species Clause: Limit one of each Pokémon
|rule|Item Clause: Limit 1 of each item
|clearpoke
|poke|p1|Amoonguss, L50, M|
|poke|p1|Incineroar, L50, M|
|poke|p1|Pelipper, L50, F|
|poke|p1|Archaludon, L50, M|
|poke|p1|Ursaluna, L50, F|
|poke|p1|Gothitelle, L50, F|
|poke|p2|Whimsicott, L50, M|
|poke|p2|Annihilape, L50, M|
|poke|p2|Indeedee, L50, M|
|poke|p2|Sneasler, L50, F|
|poke|p2|Ursaluna-Bloodmoon, L50, M|
|poke|p2|Archaludon, L50, M|
|teampreview|4
|showteam|p1|Amoonguss||RockyHelmet|Regenerator|Spore,RagePowder,ClearSmog,PollenPuff|||M|||50|,,,,,Water]Incineroar||SafetyGoggles|Intimidate|FakeOut,WillOWisp,KnockOff,PartingShot|||M|||50|,,,,,Ghost]Pelipper||FocusSash|Drizzle|Hurricane,MuddyWater,WideGuard,Protect|||F|||50|,,,,,Grass]Archaludon||AssaultVest|Stamina|FlashCannon,DracoMeteor,ElectroShot,Snarl|||M|||50|,,,,,Bug]Ursaluna||FlameOrb|Guts|Facade,HeadlongRush,Earthquake,Protect|||F|||50|,,,,,Ghost]Gothitelle||MentalHerb|ShadowTag|FakeOut,Psychic,TrickRoom,Protect|||F|||50|,,,,,Dark
|showteam|p2|Whimsicott||CovertCloak|Prankster|Moonblast,Taunt,Tailwind,FakeTears|||M|||50|,,,,,Water]Annihilape||SafetyGoggles|Defiant|CloseCombat,RageFist,FinalGambit,Taunt|||M|||50|,,,,,Fairy]Indeedee||FocusSash|PsychicSurge|ExpandingForce,TeraBlast,Imprison,TrickRoom|||M|||50|,,,,,Psychic]Sneasler||PsychicSeed|Unburden|CloseCombat,DireClaw,ThroatChop,Protect|||F|||50|,,,,,Dark]Ursaluna-Bloodmoon||LifeOrb|MindsEye|HyperVoice,BloodMoon,EarthPower,Protect|||M|||50|,,,,,Normal]Archaludon||PowerHerb|Sturdy|ElectroShot,DragonPulse,Thunderbolt,Protect|||M|||50|,,,,,Electric
|inactive|Battle timer is ON: inactive players will automatically lose when time's up. (requested by palle synchro)
|
|t:|1757074974
|teamsize|p1|4
|teamsize|p2|4
|start
|switch|p1a: Vanessa|Gothitelle, L50, F|100/100
|switch|p1b: Toad|Amoonguss, L50, M|100/100
|switch|p2a: Ursaluna|Ursaluna-Bloodmoon, L50, M|100/100
|switch|p2b: Indeedee|Indeedee, L50, M|100/100
|-fieldstart|move: Psychic Terrain|[from] ability: Psychic Surge|[of] p2b: Indeedee
|turn|1
|
|t:|1757074996
|-terastallize|p2a: Ursaluna|Normal
|move|p2b: Indeedee|Imprison|p2b: Indeedee
|-start|p2b: Indeedee|move: Imprison
|move|p2a: Ursaluna|Blood Moon|p1b: Toad
|-damage|p1b: Toad|6/100
|-damage|p2a: Ursaluna|91/100|[from] item: Life Orb
|move|p1a: Vanessa|Psychic|p2a: Ursaluna
|-damage|p2a: Ursaluna|38/100
|-unboost|p2a: Ursaluna|spd|1
|move|p1b: Toad|Spore|p2a: Ursaluna
|-status|p2a: Ursaluna|slp|[from] move: Spore
|
|upkeep
|turn|2
|
|t:|1757075009
|switch|p1b: Tigre Toño|Incineroar, L50, M, shiny|100/100
|-ability|p1b: Tigre Toño|Intimidate|boost
|-unboost|p2a: Ursaluna|atk|1
|-unboost|p2b: Indeedee|atk|1
|move|p1a: Vanessa|Protect|p1a: Vanessa
|-singleturn|p1a: Vanessa|Protect
|move|p2b: Indeedee|Expanding Force|p1b: Tigre Toño|[spread] 
|-activate|p1a: Vanessa|move: Protect
|-immune|p1b: Tigre Toño
|cant|p2a: Ursaluna|slp
|
|upkeep
|turn|3
|
|t:|1757075023
|move|p2b: Indeedee|Tera Blast|p1b: Tigre Toño
|-damage|p1b: Tigre Toño|68/100
|cant|p2a: Ursaluna|slp
|move|p1b: Tigre Toño|Knock Off|p2b: Indeedee
|-supereffective|p2b: Indeedee
|-enditem|p2b: Indeedee|Focus Sash
|-damage|p2b: Indeedee|1/100
|move|p1a: Vanessa|Psychic|p2b: Indeedee
|-resisted|p2b: Indeedee
|-damage|p2b: Indeedee|0 fnt
|faint|p2b: Indeedee
|
|upkeep
|
|t:|1757075035
|switch|p2b: Annihilape|Annihilape, L50, M|100/100
|turn|4
|
|t:|1757075042
|move|p2b: Annihilape|Final Gambit|p1a: Vanessa
|-damage|p1a: Vanessa|0 fnt
|faint|p2b: Annihilape
|faint|p1a: Vanessa
|cant|p2a: Ursaluna|slp
|move|p1b: Tigre Toño|Knock Off|p2a: Ursaluna
|-damage|p2a: Ursaluna|6/100 slp
|-enditem|p2a: Ursaluna|Life Orb|[from] move: Knock Off|[of] p1b: Tigre Toño
|
|upkeep
|
|t:|1757075048
|switch|p2b: Archaludon|Archaludon, L50, M|100/100
|switch|p1a: Toad|Amoonguss, L50, M|39/100
|turn|5
|
|t:|1757075063
|move|p1a: Toad|Rage Powder|p1a: Toad
|-singleturn|p1a: Toad|move: Rage Powder
|move|p2b: Archaludon|Dragon Pulse|p1a: Toad
|-damage|p1a: Toad|2/100
|-curestatus|p2a: Ursaluna|slp|[msg]
|move|p2a: Ursaluna|Earth Power|p1a: Toad
|-damage|p1a: Toad|0 fnt
|faint|p1a: Toad
|move|p1b: Tigre Toño|Knock Off|p2a: Ursaluna
|-damage|p2a: Ursaluna|0 fnt
|faint|p2a: Ursaluna
|
|-fieldend|move: Psychic Terrain
|upkeep
|
|t:|1757075070
|switch|p1a: Freddy|Ursaluna, L50, F|100/100
|turn|6
|
|t:|1757075076
|move|p2b: Archaludon|Electro Shot||[still]
|-prepare|p2b: Archaludon|Electro Shot
|-boost|p2b: Archaludon|spa|1
|-enditem|p2b: Archaludon|Power Herb
|-anim|p2b: Archaludon|Electro Shot|p1b: Tigre Toño
|-damage|p1b: Tigre Toño|5/100
|move|p1b: Tigre Toño|Knock Off|p2b: Archaludon
|-crit|p2b: Archaludon
|-damage|p2b: Archaludon|65/100
|move|p1a: Freddy|Headlong Rush|p2b: Archaludon
|-supereffective|p2b: Archaludon
|-damage|p2b: Archaludon|0 fnt
|-unboost|p1a: Freddy|def|1
|-unboost|p1a: Freddy|spd|1
|faint|p2b: Archaludon
|
|win|caZISA
|raw|caZISA's rating: 1441 → 1462(+21 for winning)
|raw|palle synchro's rating: 1463 → 1442(-21 for losing)
