|j|☆PuniHina
|j|☆vonhemmoltz
|html|PuniHinavonhemmoltz    
|uhtml|bestof|Game 3 of a best-of-3
|t:|1755272099
|gametype|doubles
|player|p1|PuniHina|lacey|1341
|player|p2|vonhemmoltz|169|1246
|gen|9
|tier|[Gen 9] VGC 2025 Reg H (Bo3)
|rated|
|rule|Species Clause: Limit one of each Pokémon
|rule|Item Clause: Limit 1 of each item
|clearpoke
|poke|p1|Kingambit, L50, M|
|poke|p1|Volcarona, L50, M|
|poke|p1|Sneasler, L50, F|
|poke|p1|Rillaboom, L50, F|
|poke|p1|Electabuzz, L50, M|
|poke|p1|Dragonite, L50, M|
|poke|p2|Volcarona, L50, M|
|poke|p2|Tauros-Paldea-Aqua, L50, M|
|poke|p2|Rillaboom, L50, F|
|poke|p2|Electabuzz, L50, M|
|poke|p2|Ursaluna-Bloodmoon, L50, M|
|poke|p2|Dragonite, L50, M|
|teampreview|4
|showteam|p1|Kingambit||BlackGlasses|Defiant|KowtowCleave,SuckerPunch,Protect,SwordsDance|||M|||50|,,,,,Dark]Volcarona||CovertCloak|FlameBody|GigaDrain,HeatWave,WillOWisp,QuiverDance|||M|||50|,,,,,Fairy]Sneasler||FocusSash|Unburden|DireClaw,CloseCombat,Taunt,Coaching|||F|||50|,,,,,Ghost]Rillaboom||AssaultVest|GrassySurge|WoodHammer,GrassyGlide,FakeOut,HighHorsepower|||F|||50|,,,,,Fire]Electabuzz||Eviolite|VitalSpirit|Electroweb,HelpingHand,Protect,FollowMe|||M|||50|,,,,,Grass]Dragonite||LoadedDice|Multiscale|ScaleShot,StompingTantrum,Protect,Haze|||M|||50|,,,,,Ground
|showteam|p2|Volcarona||GrassySeed|FlameBody|FieryDance,GigaDrain,QuiverDance,Protect|||M|||50|,,,,,Water]Tauros-Paldea-Aqua||MirrorHerb|Intimidate|WaveCrash,CloseCombat,AquaJet,Protect|||M|||50|,,,,,Water]Rillaboom||AssaultVest|GrassySurge|FakeOut,WoodHammer,GrassyGlide,Uturn|||F|||50|,,,,,Fire]Electabuzz||Eviolite|VitalSpirit|FollowMe,Taunt,Electroweb,Protect|||M|||50|,,,,,Ghost]Ursaluna-Bloodmoon||LifeOrb|MindsEye|HyperVoice,BloodMoon,EarthPower,Protect|||M|||50|,,,,,Normal]Dragonite||LoadedDice|Multiscale|ScaleShot,Haze,Tailwind,Protect|||M|||50|,,,,,Fairy
|
|t:|1755272124
|teamsize|p1|4
|teamsize|p2|4
|start
|switch|p1a: Volcarona|Volcarona, L50, M|100/100
|switch|p1b: ❤︎Leah❤︎|Sneasler, L50, F|100/100
|switch|p2a: Dragonite|Dragonite, L50, M|100/100
|switch|p2b: Electabuzz|Electabuzz, L50, M|100/100
|turn|1
|
|t:|1755272149
|move|p1b: ❤︎Leah❤︎|Taunt|p2b: Electabuzz
|-start|p2b: Electabuzz|move: Taunt
|cant|p2b: Electabuzz|move: Taunt|Taunt
|move|p1a: Volcarona|Quiver Dance|p1a: Volcarona
|-boost|p1a: Volcarona|spa|1
|-boost|p1a: Volcarona|spd|1
|-boost|p1a: Volcarona|spe|1
|move|p2a: Dragonite|Scale Shot|p1b: ❤︎Leah❤︎
|-damage|p1b: ❤︎Leah❤︎|77/100
|-damage|p1b: ❤︎Leah❤︎|53/100
|-damage|p1b: ❤︎Leah❤︎|28/100
|-damage|p1b: ❤︎Leah❤︎|2/100
|-damage|p1b: ❤︎Leah❤︎|0 fnt
|faint|p1b: ❤︎Leah❤︎
|-hitcount|p1: ❤︎Leah❤︎|5
|-unboost|p2a: Dragonite|def|1
|-boost|p2a: Dragonite|spe|1
|
|upkeep
|
|t:|1755272158
|switch|p1b: Rillaboom|Rillaboom, L50, F|100/100
|-fieldstart|move: Grassy Terrain|[from] ability: Grassy Surge|[of] p1b: Rillaboom
|turn|2
|
|t:|1755272176
|move|p2a: Dragonite|Protect|p2a: Dragonite
|-singleturn|p2a: Dragonite|Protect
|move|p1b: Rillaboom|Fake Out|p2b: Electabuzz
|-damage|p2b: Electabuzz|86/100
|move|p1a: Volcarona|Will-O-Wisp|p2a: Dragonite
|-activate|p2a: Dragonite|move: Protect
|cant|p2b: Electabuzz|flinch
|
|-heal|p2b: Electabuzz|92/100|[from] Grassy Terrain
|upkeep
|turn|3
|inactive|Battle timer is ON: inactive players will automatically lose when time's up. (requested by PuniHina)
|
|t:|1755272202
|move|p1a: Volcarona|Will-O-Wisp|p2a: Dragonite
|-status|p2a: Dragonite|brn
|move|p2a: Dragonite|Haze|p2a: Dragonite
|-clearallboost
|move|p2b: Electabuzz|Electroweb|p1a: Volcarona|[spread] p1a
|-miss|p2b: Electabuzz|p1b: Rillaboom
|-damage|p1a: Volcarona|87/100
|move|p1b: Rillaboom|Wood Hammer|p2b: Electabuzz
|-damage|p2b: Electabuzz|4/100
|-damage|p1b: Rillaboom|76/100|[from] Recoil
|
|-heal|p2b: Electabuzz|10/100|[from] Grassy Terrain
|-heal|p1a: Volcarona|93/100|[from] Grassy Terrain
|-heal|p1b: Rillaboom|82/100|[from] Grassy Terrain
|-damage|p2a: Dragonite|95/100 brn|[from] brn
|-end|p2b: Electabuzz|move: Taunt
|upkeep
|turn|4
|inactive|vonhemmoltz has 30 seconds left.
|
|t:|1755272233
|move|p1b: Rillaboom|Grassy Glide|p2b: Electabuzz
|-damage|p2b: Electabuzz|0 fnt
|faint|p2b: Electabuzz
|move|p1a: Volcarona|Quiver Dance|p1a: Volcarona
|-boost|p1a: Volcarona|spa|1
|-boost|p1a: Volcarona|spd|1
|-boost|p1a: Volcarona|spe|1
|move|p2a: Dragonite|Scale Shot|p1b: Rillaboom
|-damage|p1b: Rillaboom|76/100
|-damage|p1b: Rillaboom|70/100
|-damage|p1b: Rillaboom|63/100
|-damage|p1b: Rillaboom|57/100
|-hitcount|p1b: Rillaboom|4
|-unboost|p2a: Dragonite|def|1
|-boost|p2a: Dragonite|spe|1
|
|-heal|p1a: Volcarona|99/100|[from] Grassy Terrain
|-heal|p1b: Rillaboom|62/100|[from] Grassy Terrain
|-damage|p2a: Dragonite|89/100 brn|[from] brn
|upkeep
|inactive|vonhemmoltz has 30 seconds left.
|inactive|vonhemmoltz has 20 seconds left.
|inactive|vonhemmoltz has 15 seconds left.
|inactive|vonhemmoltz has 10 seconds left.
|inactive|vonhemmoltz has 5 seconds left.
|
|t:|1755272288
|switch|p2b: Tauros|Tauros-Paldea-Aqua, L50, M|100/100
|-ability|p2b: Tauros|Intimidate|boost
|-unboost|p1a: Volcarona|atk|1
|-unboost|p1b: Rillaboom|atk|1
|turn|5
|inactive|vonhemmoltz has 30 seconds left.
|inactive|vonhemmoltz has 20 seconds left.
|inactive|vonhemmoltz has 15 seconds left.
|
|t:|1755272331
|switch|p1b: Dragonite|Dragonite, L50, M, shiny|100/100
|-terastallize|p1a: Volcarona|Fairy
|move|p2b: Tauros|Protect|p2b: Tauros
|-singleturn|p2b: Tauros|Protect
|move|p1a: Volcarona|Giga Drain|p2b: Tauros
|-activate|p2b: Tauros|move: Protect
|move|p2a: Dragonite|Tailwind|p2a: Dragonite
|-sidestart|p2: vonhemmoltz|move: Tailwind
|
|-heal|p1a: Volcarona|100/100|[from] Grassy Terrain
|-damage|p2a: Dragonite|83/100 brn|[from] brn
|upkeep
|turn|6
|inactive|vonhemmoltz has 30 seconds left.
|inactive|PuniHina has 30 seconds left.
|inactive|vonhemmoltz has 20 seconds left.
|
|t:|1755272369
|move|p2a: Dragonite|Haze|p2a: Dragonite
|-clearallboost
|move|p2b: Tauros|Wave Crash|p1a: Volcarona
|-damage|p1a: Volcarona|34/100
|-status|p2b: Tauros|brn|[from] ability: Flame Body|[of] p1a: Volcarona
|-damage|p2b: Tauros|74/100 brn|[from] Recoil
|move|p1a: Volcarona|Giga Drain|p2b: Tauros
|-supereffective|p2b: Tauros
|-damage|p2b: Tauros|0 fnt
|-heal|p1a: Volcarona|65/100|[from] drain|[of] p2b: Tauros
|faint|p2b: Tauros
|move|p1b: Dragonite|Scale Shot|p2a: Dragonite
|-supereffective|p2a: Dragonite
|-damage|p2a: Dragonite|47/100 brn
|-supereffective|p2a: Dragonite
|-damage|p2a: Dragonite|13/100 brn
|-supereffective|p2a: Dragonite
|-damage|p2a: Dragonite|0 fnt
|faint|p2a: Dragonite
|-hitcount|p2: Dragonite|3
|-unboost|p1b: Dragonite|def|1
|-boost|p1b: Dragonite|spe|1
|
|-heal|p1a: Volcarona|71/100|[from] Grassy Terrain
|-fieldend|move: Grassy Terrain
|upkeep
|
|t:|1755272376
|switch|p2b: Ursaluna|Ursaluna-Bloodmoon, L50, M|100/100
|turn|7
|
|t:|1755272390
|-terastallize|p2b: Ursaluna|Normal
|move|p1b: Dragonite|Protect|p1b: Dragonite
|-singleturn|p1b: Dragonite|Protect
|move|p2b: Ursaluna|Hyper Voice|p1a: Volcarona|[spread] p1a
|-activate|p1b: Dragonite|move: Protect
|-damage|p1a: Volcarona|12/100
|-damage|p2b: Ursaluna|91/100|[from] item: Life Orb
|move|p1a: Volcarona|Quiver Dance|p1a: Volcarona
|-boost|p1a: Volcarona|spa|1
|-boost|p1a: Volcarona|spd|1
|-boost|p1a: Volcarona|spe|1
|
|upkeep
|turn|8
|
|t:|1755272407
|move|p1a: Volcarona|Giga Drain|p2b: Ursaluna
|-damage|p2b: Ursaluna|49/100
|-heal|p1a: Volcarona|34/100|[from] drain|[of] p2b: Ursaluna
|move|p2b: Ursaluna|Hyper Voice|p1b: Dragonite|[spread] p1a,p1b
|-damage|p1a: Volcarona|0 fnt
|-damage|p1b: Dragonite|67/100
|faint|p1a: Volcarona
|-damage|p2b: Ursaluna|40/100|[from] item: Life Orb
|move|p1b: Dragonite|Scale Shot|p2b: Ursaluna
|-damage|p2b: Ursaluna|28/100
|-damage|p2b: Ursaluna|16/100
|-damage|p2b: Ursaluna|4/100
|-damage|p2b: Ursaluna|0 fnt
|faint|p2b: Ursaluna
|-hitcount|p2: Ursaluna|4
|
|win|PuniHina
|raw|PuniHina's rating: 1341 → 1356(+15 for winning)
|raw|vonhemmoltz's rating: 1246 → 1228(-18 for losing)
|l|☆vonhemmoltz
|player|p2|
