|j|☆SeanClubcardcoach
|j|☆LuixenS
|html|SeanClubcardcoachLuixenS    
|uhtml|bestof|Game 2 of a best-of-3
|t:|1754227666
|gametype|doubles
|player|p1|SeanClubcardcoach|265|1275
|player|p2|LuixenS|harmony|1295
|gen|9
|tier|[Gen 9] VGC 2025 Reg H (Bo3)
|rated|
|rule|Species Clause: Limit one of each Pokémon
|rule|Item Clause: Limit 1 of each item
|clearpoke
|poke|p1|Indeedee-F, L50, F|
|poke|p1|Excadrill, L50, F|
|poke|p1|Sneasler, L50, M|
|poke|p1|Tyranitar, L50, F|
|poke|p1|Corviknight, L50, M|
|poke|p1|Armarouge, L50, M|
|poke|p2|Incineroar, L50, F|
|poke|p2|Amoonguss, L50, F|
|poke|p2|Annihilape, L50, F|
|poke|p2|Ninetales-Alola, L50, M|
|poke|p2|Rillaboom, L50, M|
|poke|p2|Drifblim, L50, M|
|teampreview|4
|showteam|p1|Indeedee-F||SafetyGoggles|PsychicSurge|Psychic,FollowMe,TrickRoom,HelpingHand|||F|||50|,,,,,Fairy]Excadrill||ClearAmulet|SandRush|Earthquake,HighHorsepower,IronHead,Protect|||F|||50|,,,,,Ghost]Sneasler||PsychicSeed|Unburden|DireClaw,CloseCombat,ThroatChop,Protect|||M|||50|,,,,,Dark]Tyranitar||AssaultVest|SandStream|RockSlide,TeraBlast,KnockOff,LowKick|||F|||50|,,,,,Flying]Corviknight||SitrusBerry|MirrorArmor|BraveBird,IronDefense,Roost,BodyPress|||M|||50|,,,,,Dragon]Armarouge||LifeOrb|FlashFire|TrickRoom,ArmorCannon,ExpandingForce,EnergyBall|||M|||50|,,,,,Grass
|showteam|p2|Incineroar||AssaultVest|Intimidate|FakeOut,KnockOff,FlareBlitz,Uturn|||F|||50|,,,,,Ghost]Amoonguss||RockyHelmet|Regenerator|PollenPuff,ClearSmog,RagePowder,Spore|||F|||50|,,,,,Fairy]Annihilape||Leftovers|Defiant|RageFist,DrainPunch,BulkUp,Protect|||F|||50|,,,,,Fire]Ninetales-Alola||CovertCloak|SnowWarning|Blizzard,Encore,Moonblast,AuroraVeil|||M|||50|,,,,,Fire]Rillaboom||MiracleSeed|GrassySurge|Uturn,WoodHammer,GrassyGlide,FakeOut|||M|||50|,,,,,Fire]Drifblim||GrassySeed|Unburden|WillOWisp,Haze,IcyWind,ShadowBall|||M|||50|,,,,,Dark
|inactive|Battle timer is ON: inactive players will automatically lose when time's up. (requested by LuixenS)
|inactive|SeanClubcardcoach also wants the timer to be on.
|
|t:|1754227688
|teamsize|p1|4
|teamsize|p2|4
|start
|switch|p1a: Armarouge|Armarouge, L50, M|100/100
|switch|p1b: Indeedee|Indeedee-F, L50, F|100/100
|switch|p2a: Annihilape|Annihilape, L50, F|100/100
|switch|p2b: Incineroar|Incineroar, L50, F|100/100
|-ability|p2b: Incineroar|Intimidate|boost
|-unboost|p1a: Armarouge|atk|1
|-unboost|p1b: Indeedee|atk|1
|-fieldstart|move: Psychic Terrain|[from] ability: Psychic Surge|[of] p1b: Indeedee
|turn|1
|
|t:|1754227712
|-terastallize|p2a: Annihilape|Fire
|move|p2a: Annihilape|Bulk Up|p2a: Annihilape
|-boost|p2a: Annihilape|atk|1
|-boost|p2a: Annihilape|def|1
|move|p2b: Incineroar|U-turn|p1a: Armarouge
|-damage|p1a: Armarouge|85/100
|
|t:|1754227717
|switch|p2b: Rillaboom|Rillaboom, L50, M, shiny|100/100|[from] U-turn
|-fieldstart|move: Grassy Terrain|[from] ability: Grassy Surge|[of] p2b: Rillaboom
|move|p1a: Armarouge|Expanding Force|p2a: Annihilape
|-damage|p2a: Annihilape|54/100
|-damage|p1a: Armarouge|75/100|[from] item: Life Orb
|move|p1b: Indeedee|Trick Room|p1b: Indeedee
|-fieldstart|move: Trick Room|[of] p1b: Indeedee
|
|-heal|p1a: Armarouge|81/100|[from] Grassy Terrain
|-heal|p2a: Annihilape|60/100|[from] Grassy Terrain
|-heal|p2a: Annihilape|66/100|[from] item: Leftovers
|upkeep
|turn|2
|
|t:|1754227732
|switch|p1b: Tyranitar|Tyranitar, L50, F|100/100
|-weather|Sandstorm|[from] ability: Sand Stream|[of] p1b: Tyranitar
|move|p2b: Rillaboom|Fake Out|p1b: Tyranitar
|-resisted|p1b: Tyranitar
|-damage|p1b: Tyranitar|95/100
|move|p1a: Armarouge|Armor Cannon|p2b: Rillaboom
|-supereffective|p2b: Rillaboom
|-damage|p2b: Rillaboom|0 fnt
|-unboost|p1a: Armarouge|def|1
|-unboost|p1a: Armarouge|spd|1
|faint|p2b: Rillaboom
|-damage|p1a: Armarouge|71/100|[from] item: Life Orb
|move|p2a: Annihilape|Rage Fist|p1a: Armarouge
|-supereffective|p1a: Armarouge
|-damage|p1a: Armarouge|0 fnt
|faint|p1a: Armarouge
|
|-weather|Sandstorm|[upkeep]
|-damage|p2a: Annihilape|60/100|[from] Sandstorm
|-heal|p1b: Tyranitar|100/100|[from] Grassy Terrain
|-heal|p2a: Annihilape|66/100|[from] Grassy Terrain
|-heal|p2a: Annihilape|73/100|[from] item: Leftovers
|upkeep
|
|t:|1754227753
|switch|p1a: Corviknight|Corviknight, L50, M|100/100
|switch|p2b: Incineroar|Incineroar, L50, F|100/100
|-ability|p2b: Incineroar|Intimidate|boost
|-ability|p1a: Corviknight|Mirror Armor
|-unboost|p2b: Incineroar|atk|1
|-unboost|p1b: Tyranitar|atk|1
|turn|3
|
|t:|1754227766
|switch|p1b: Indeedee|Indeedee-F, L50, F|100/100
|-fieldstart|move: Psychic Terrain|[from] ability: Psychic Surge|[of] p1b: Indeedee
|move|p2b: Incineroar|Fake Out|p1a: Corviknight
|-hint|Psychic Terrain doesn't affect Pokémon immune to Ground.
|-resisted|p1a: Corviknight
|-damage|p1a: Corviknight|98/100
|cant|p1a: Corviknight|flinch
|move|p2a: Annihilape|Bulk Up|p2a: Annihilape
|-boost|p2a: Annihilape|atk|1
|-boost|p2a: Annihilape|def|1
|
|-weather|Sandstorm|[upkeep]
|-damage|p2b: Incineroar|95/100|[from] Sandstorm
|-damage|p2a: Annihilape|66/100|[from] Sandstorm
|-heal|p2a: Annihilape|73/100|[from] item: Leftovers
|upkeep
|turn|4
|
|t:|1754227778
|switch|p1b: Tyranitar|Tyranitar, L50, F|100/100
|move|p2b: Incineroar|U-turn|p1b: Tyranitar
|-supereffective|p1b: Tyranitar
|-damage|p1b: Tyranitar|79/100
|
|t:|1754227782
|switch|p2b: Ninetales|Ninetales-Alola, L50, M|100/100|[from] U-turn
|-weather|Snowscape|[from] ability: Snow Warning|[of] p2b: Ninetales
|move|p1a: Corviknight|Iron Defense|p1a: Corviknight
|-boost|p1a: Corviknight|def|2
|move|p2a: Annihilape|Drain Punch|p1b: Tyranitar
|-supereffective|p1b: Tyranitar
|-damage|p1b: Tyranitar|0 fnt
|-heal|p2a: Annihilape|100/100|[from] drain|[of] p1b: Tyranitar
|faint|p1b: Tyranitar
|
|-weather|Snowscape|[upkeep]
|upkeep
|
|t:|1754227786
|switch|p1b: Indeedee|Indeedee-F, L50, F|100/100
|turn|5
|
|t:|1754227794
|move|p1b: Indeedee|Psychic|p2b: Ninetales
|-damage|p2b: Ninetales|56/100
|move|p1a: Corviknight|Iron Defense|p1a: Corviknight
|-boost|p1a: Corviknight|def|2
|move|p2a: Annihilape|Bulk Up|p2a: Annihilape
|-boost|p2a: Annihilape|atk|1
|-boost|p2a: Annihilape|def|1
|move|p2b: Ninetales|Aurora Veil|p2b: Ninetales
|-sidestart|p2: LuixenS|move: Aurora Veil
|
|-weather|Snowscape|[upkeep]
|-fieldend|move: Trick Room
|upkeep
|turn|6
|
|t:|1754227802
|move|p2b: Ninetales|Encore|p1a: Corviknight
|-start|p1a: Corviknight|Encore
|move|p2a: Annihilape|Bulk Up|p2a: Annihilape
|-boost|p2a: Annihilape|atk|1
|-boost|p2a: Annihilape|def|1
|move|p1a: Corviknight|Iron Defense|p1a: Corviknight
|-boost|p1a: Corviknight|def|2
|move|p1b: Indeedee|Trick Room|p1b: Indeedee
|-fieldstart|move: Trick Room|[of] p1b: Indeedee
|
|-weather|Snowscape|[upkeep]
|upkeep
|turn|7
|
|t:|1754227812
|move|p1b: Indeedee|Psychic|p2b: Ninetales
|-damage|p2b: Ninetales|26/100
|move|p1a: Corviknight|Iron Defense|p1a: Corviknight
|-boost|p1a: Corviknight|def|0
|move|p2a: Annihilape|Drain Punch|p1b: Indeedee
|-damage|p1b: Indeedee|12/100
|move|p2b: Ninetales|Blizzard|p1a: Corviknight|[spread] p1a,p1b
|-damage|p1a: Corviknight|65/100
|-damage|p1b: Indeedee|0 fnt
|faint|p1b: Indeedee
|
|-weather|Snowscape|[upkeep]
|-fieldend|move: Psychic Terrain
|upkeep
|turn|8
|
|t:|1754227823
|move|p1a: Corviknight|Iron Defense|p1a: Corviknight
|-boost|p1a: Corviknight|def|0
|move|p2a: Annihilape|Rage Fist|p1a: Corviknight
|-damage|p1a: Corviknight|34/100
|-enditem|p1a: Corviknight|Sitrus Berry|[eat]
|-heal|p1a: Corviknight|59/100|[from] item: Sitrus Berry
|move|p2b: Ninetales|Blizzard|p1a: Corviknight
|-damage|p1a: Corviknight|17/100
|
|-weather|none
|-end|p1a: Corviknight|Encore
|upkeep
|turn|9
|
|t:|1754227834
|switch|p2b: Incineroar|Incineroar, L50, F|95/100
|-ability|p2b: Incineroar|Intimidate|boost
|-ability|p1a: Corviknight|Mirror Armor
|-unboost|p2b: Incineroar|atk|1
|move|p1a: Corviknight|Roost|p1a: Corviknight
|-heal|p1a: Corviknight|67/100
|-singleturn|p1a: Corviknight|move: Roost
|move|p2a: Annihilape|Rage Fist|p1a: Corviknight
|-damage|p1a: Corviknight|39/100
|
|-sideend|p2: LuixenS|move: Aurora Veil
|upkeep
|turn|10
|
|t:|1754227842
|move|p2b: Incineroar|Fake Out|p1a: Corviknight
|-resisted|p1a: Corviknight
|-crit|p1a: Corviknight
|-damage|p1a: Corviknight|32/100
|cant|p1a: Corviknight|flinch
|move|p2a: Annihilape|Rage Fist|p1a: Corviknight
|-damage|p1a: Corviknight|2/100
|
|-fieldend|move: Trick Room
|upkeep
|turn|11
|
|t:|1754227845
|move|p2a: Annihilape|Rage Fist|p1a: Corviknight
|-damage|p1a: Corviknight|0 fnt
|faint|p1a: Corviknight
|
|win|LuixenS
|raw|SeanClubcardcoach's rating: 1275 → 1251(-24 for losing)
|raw|LuixenS's rating: 1295 → 1319(+24 for winning)
|c|☆LuixenS|gg
|l|☆SeanClubcardcoach
|player|p1|
