|j|☆SunshineTufo
|j|☆kememe
|html|SunshineTufokememe    
|uhtml|bestof|Game 2 of a best-of-3
|t:|1784237036
|gametype|doubles
|player|p1|SunshineTufo|li|1204
|player|p2|kememe|2|1129
|gen|9
|tier|[Gen 9 Champions] VGC 2026 Reg M-B (Bo3)
|rated|
|rule|Species Clause: Limit one of each Pokémon
|rule|Item Clause: Limit 1 of each item
|clearpoke
|poke|p1|Toxapex, L50, M, shiny|
|poke|p1|Froslass, L50, F, shiny|
|poke|p1|Incineroar, L50, M, shiny|
|poke|p1|Floette-Eternal, L50, F|
|poke|p1|Sinistcha, L50|
|poke|p1|Quaquaval, L50, M|
|poke|p2|Charizard, L50, F|
|poke|p2|Rotom-Wash, L50|
|poke|p2|Garchomp, L50, M|
|poke|p2|Aerodactyl, L50, F|
|poke|p2|Floette-Eternal, L50, F|
|poke|p2|Sneasler, L50, M|
|teampreview|4
|showteam|p1|Toxapex||Leftovers|Regenerator|Infestation,Toxic,WideGuard,Protect|Impish||M|||50|]Froslass||Froslassite|SnowCloak|Blizzard,ShadowBall,AuroraVeil,Protect|Modest||F|||50|]Incineroar||SitrusBerry|Intimidate|FlareBlitz,ThroatChop,PartingShot,FakeOut|Impish||M|||50|]Floette-Eternal||Floettite|FlowerVeil|Moonblast,DrainingKiss,CalmMind,Protect|Modest||F|||50|]Sinistcha||OccaBerry|Hospitality|MatchaGotcha,RagePowder,TrickRoom,LifeDew|Bold|||||50|]Quaquaval||FocusSash|Moxie|AquaStep,CloseCombat,TripleAxel,Protect|Jolly||M|||50|
|showteam|p2|Charizard||CharizarditeY|SolarPower|SolarBeam,Protect,WeatherBall,HeatWave|Modest||F|||50|]Rotom-Wash||ChoiceScarf|Levitate|HydroPump,VoltSwitch,Thunderbolt,Electroweb|Modest|||||50|]Garchomp||LifeOrb|RoughSkin|Earthquake,Protect,RockSlide,DragonClaw|Adamant||M|||50|]Aerodactyl||FocusSash|Unnerve|RockSlide,Protect,DualWingbeat,Tailwind|Adamant||F|||50|]Floette-Eternal||Floettite|FlowerVeil|DazzlingGleam,Protect,Moonblast,LightofRuin|Modest||F|||50|]Sneasler||WhiteHerb|Unburden|FakeOut,CloseCombat,DireClaw,Protect|Adamant||M|||50|
|inactive|Battle timer is ON: inactive players will automatically lose when time's up. (requested by SunshineTufo)
|
|t:|1784237048
|teamsize|p1|4
|teamsize|p2|4
|start
|switch|p1a: Floette|Floette-Eternal, L50, F|100/100
|switch|p1b: Incineroar|Incineroar, L50, M, shiny|100/100
|switch|p2a: Rotom|Rotom-Wash, L50|100/100
|switch|p2b: Aerodactyl|Aerodactyl, L50, F|100/100
|-ability|p2b: Aerodactyl|Unnerve
|-ability|p1b: Incineroar|Intimidate|boost
|-unboost|p2a: Rotom|atk|1
|-unboost|p2b: Aerodactyl|atk|1
|turn|1
|
|t:|1784237057
|detailschange|p1a: Floette|Floette-Mega, L50, F
|-mega|p1a: Floette|Floette|Floettite
|-ability|p1a: Floette|Fairy Aura
|move|p2b: Aerodactyl|Protect|p2b: Aerodactyl
|-singleturn|p2b: Aerodactyl|Protect
|move|p1b: Incineroar|Fake Out|p2a: Rotom
|-damage|p2a: Rotom|86/100
|cant|p2a: Rotom|flinch
|move|p1a: Floette|Calm Mind|p1a: Floette
|-boost|p1a: Floette|spa|1
|-boost|p1a: Floette|spd|1
|
|upkeep
|turn|2
|
|t:|1784237076
|move|p2a: Rotom|Volt Switch|p1a: Floette
|-damage|p1a: Floette|84/100
|
|t:|1784237080
|switch|p2a: Charizard|Charizard, L50, F|100/100|[from] Volt Switch
|move|p2b: Aerodactyl|Tailwind|p2b: Aerodactyl
|-sidestart|p2: kememe|move: Tailwind
|move|p1a: Floette|Moonblast|p2a: Charizard
|-resisted|p2a: Charizard|1
|-damage|p2a: Charizard|31/100
|move|p1b: Incineroar|Parting Shot|p2b: Aerodactyl
|-unboost|p2b: Aerodactyl|atk|1
|-unboost|p2b: Aerodactyl|spa|1
|
|t:|1784237087
|switch|p1b: Toxapex|Toxapex, L50, M, shiny|100/100|[from] Parting Shot
|
|upkeep
|turn|3
|
|t:|1784237100
|switch|p2b: Rotom|Rotom-Wash, L50|86/100
|detailschange|p2a: Charizard|Charizard-Mega-Y, L50, F
|-mega|p2a: Charizard|Charizard|Charizardite Y
|-weather|SunnyDay|[from] ability: Drought|[of] p2a: Charizard
|move|p2a: Charizard|Protect|p2a: Charizard
|-singleturn|p2a: Charizard|Protect
|move|p1b: Toxapex|Wide Guard|p1b: Toxapex
|-singleturn|p1b: Toxapex|Wide Guard
|move|p1a: Floette|Draining Kiss|p2a: Charizard
|-activate|p2a: Charizard|move: Protect
|
|-weather|SunnyDay|[upkeep]
|upkeep
|turn|4
|
|t:|1784237122
|switch|p1b: Incineroar|Incineroar, L50, M, shiny|100/100
|-ability|p1b: Incineroar|Intimidate|boost
|-unboost|p2a: Charizard|atk|1
|-unboost|p2b: Rotom|atk|1
|move|p1a: Floette|Protect|p1a: Floette
|-singleturn|p1a: Floette|Protect
|move|p2b: Rotom|Thunderbolt|p1b: Incineroar
|-damage|p1b: Incineroar|62/100
|move|p2a: Charizard|Solar Beam||[still]
|-prepare|p2a: Charizard|Solar Beam
|-anim|p2a: Charizard|Solar Beam|p1b: Incineroar
|-resisted|p1b: Incineroar|1
|-damage|p1b: Incineroar|42/100
|-enditem|p1b: Incineroar|Sitrus Berry|[eat]
|-heal|p1b: Incineroar|66/100|[from] item: Sitrus Berry
|
|-weather|SunnyDay|[upkeep]
|upkeep
|turn|5
|
|t:|1784237143
|switch|p2a: Aerodactyl|Aerodactyl, L50, F|100/100
|-ability|p2a: Aerodactyl|Unnerve
|move|p1b: Incineroar|Fake Out|p2b: Rotom
|-damage|p2b: Rotom|72/100
|cant|p2b: Rotom|flinch
|move|p1a: Floette|Draining Kiss|p2b: Rotom
|-damage|p2b: Rotom|0 fnt
|-heal|p1a: Floette|100/100|[from] drain|[of] p2b: Rotom
|faint|p2b: Rotom
|
|-weather|SunnyDay|[upkeep]
|-sideend|p2: kememe|move: Tailwind
|upkeep
|
|t:|1784237157
|switch|p2b: Garchomp|Garchomp, L50, M|100/100
|turn|6
|
|t:|1784237164
|move|p2a: Aerodactyl|Rock Slide|p1a: Floette|[spread] p1a,p1b
|-supereffective|p1b: Incineroar|1
|-damage|p1a: Floette|66/100
|-damage|p1b: Incineroar|22/100
|move|p2b: Garchomp|Earthquake|p1b: Incineroar|[spread] p1a,p1b
|-immune|p2a: Aerodactyl
|-crit|p1a: Floette
|-supereffective|p1b: Incineroar|1
|-damage|p1a: Floette|0 fnt
|-damage|p1b: Incineroar|0 fnt
|faint|p1a: Floette
|faint|p1b: Incineroar
|-damage|p2b: Garchomp|90/100|[from] item: Life Orb
|
|-weather|SunnyDay|[upkeep]
|upkeep
|
|t:|1784237167
|switch|p1a: Sinistcha|Sinistcha, L50|100/100
|switch|p1b: Toxapex|Toxapex, L50, M, shiny|100/100
|turn|7
|
|t:|1784237190
|move|p2a: Aerodactyl|Dual Wingbeat|p1a: Sinistcha|[miss]
|-miss|p2a: Aerodactyl|p1a: Sinistcha
|move|p2b: Garchomp|Dragon Claw|p1a: Sinistcha
|-damage|p1a: Sinistcha|49/100
|-damage|p2b: Garchomp|80/100|[from] item: Life Orb
|move|p1b: Toxapex|Toxic|p2b: Garchomp
|-status|p2b: Garchomp|tox
|move|p1a: Sinistcha|Trick Room|p1a: Sinistcha
|-fieldstart|move: Trick Room|[of] p1a: Sinistcha
|
|-weather|none
|-damage|p2b: Garchomp|74/100 tox|[from] psn
|upkeep
|turn|8
|
|t:|1784237199
|move|p1b: Toxapex|Infestation|p2b: Garchomp
|-damage|p2b: Garchomp|71/100 tox
|-activate|p2b: Garchomp|move: Infestation|[of] p1b: Toxapex
|-damage|p1b: Toxapex|87/100|[from] ability: Rough Skin|[of] p2b: Garchomp
|move|p1a: Sinistcha|Life Dew|p1a: Sinistcha|[spread] p1a,p1b
|-heal|p1a: Sinistcha|74/100
|-heal|p1b: Toxapex|100/100
|move|p2b: Garchomp|Earthquake|p1a: Sinistcha|[spread] p1a,p1b
|-immune|p2a: Aerodactyl
|-resisted|p1a: Sinistcha|1
|-supereffective|p1b: Toxapex|1
|-damage|p1a: Sinistcha|51/100
|-damage|p1b: Toxapex|30/100
|-damage|p2b: Garchomp|61/100 tox|[from] item: Life Orb
|move|p2a: Aerodactyl|Dual Wingbeat|p1a: Sinistcha
|-supereffective|p1a: Sinistcha|1
|-damage|p1a: Sinistcha|19/100
|-supereffective|p1a: Sinistcha|1
|-damage|p1a: Sinistcha|0 fnt
|faint|p1a: Sinistcha
|-hitcount|p1: Sinistcha|2
|
|-heal|p1b: Toxapex|36/100|[from] item: Leftovers
|-damage|p2b: Garchomp|49/100 tox|[from] psn
|-damage|p2b: Garchomp|37/100 tox|[from] move: Infestation|[partiallytrapped]
|upkeep
|turn|9
|-message|SunshineTufo forfeited.
|
|win|kememe
|raw|SunshineTufo's rating: 1204 → 1174(-30 for losing)
|raw|kememe's rating: 1129 → 1159(+30 for winning)
