|j|☆fullth
|j|☆Como Se Dice Ben
|html|fullthComo Se Dice Ben    
|uhtml|bestof|Game 3 of a best-of-3
|t:|1755265784
|gametype|doubles
|player|p1|fullth|hiker-gen4|1175
|player|p2|Como Se Dice Ben|benga|1268
|gen|9
|tier|[Gen 9] VGC 2025 Reg H (Bo3)
|rated|
|rule|Species Clause: Limit one of each Pokémon
|rule|Item Clause: Limit 1 of each item
|clearpoke
|poke|p1|Indeedee-F, L50, F|
|poke|p1|Armarouge, L50, M|
|poke|p1|Gallade, L50, M|
|poke|p1|Torkoal, L50, M|
|poke|p1|Ursaluna, L50, F|
|poke|p1|Lilligant-Hisui, L50, F|
|poke|p2|Dragapult, L50, F|
|poke|p2|Hydreigon, L50, M|
|poke|p2|Sneasler, L50, M|
|poke|p2|Indeedee-F, L50, F|
|poke|p2|Gholdengo, L50|
|poke|p2|Armarouge, L50, M|
|teampreview|4
|showteam|p1|Indeedee-F||PsychicSeed|PsychicSurge|Psychic,HelpingHand,FollowMe,TrickRoom|||F|||50|,,,,,Grass]Armarouge||LifeOrb|FlashFire|TrickRoom,ExpandingForce,Protect,ArmorCannon|||M|||50|,,,,,Grass]Gallade||ClearAmulet|Sharpness|TrickRoom,PsychoCut,SacredSword,WideGuard|||M|||50|,,,,,Grass]Torkoal||Charcoal|Drought|Eruption,WeatherBall,HeatWave,Protect|||M|||50|,,,,,Fire]Ursaluna||FlameOrb|Guts|Facade,HeadlongRush,Earthquake,Protect|||F|||50|,,,,,Ghost]Lilligant-Hisui||FocusSash|Chlorophyll|SolarBlade,CloseCombat,SleepPowder,AfterYou|||F|||50|,,,,,Ghost
|showteam|p2|Dragapult||FocusSash|ClearBody|DragonDarts,WillOWisp,DragonCheer,HelpingHand|||F|||50|,,,,,Fairy]Hydreigon||ScopeLens|Levitate|DarkPulse,DracoMeteor,Tailwind,Protect|||M|||50|,,,,,Ghost]Sneasler||PsychicSeed|Unburden|CloseCombat,DireClaw,ThroatChop,Protect|||M|||50|,,,,,Dark]Indeedee-F||SafetyGoggles|PsychicSurge|FollowMe,HelpingHand,TrickRoom,Psychic|||F|||50|,,,,,Water]Gholdengo||ChoiceScarf|GoodasGold|MakeItRain,ShadowBall,Trick,Psychic||||||50|,,,,,Steel]Armarouge||LifeOrb|FlashFire|ArmorCannon,ExpandingForce,TrickRoom,Protect|||M|||50|,,,,,Grass
|
|t:|1755265794
|teamsize|p1|4
|teamsize|p2|4
|start
|switch|p1a: Gallade|Gallade, L50, M|100/100
|switch|p1b: Indeedee|Indeedee-F, L50, F|100/100
|switch|p2a: Indeedee|Indeedee-F, L50, F|100/100
|switch|p2b: Hydreigon|Hydreigon, L50, M|100/100
|-fieldstart|move: Psychic Terrain|[from] ability: Psychic Surge|[of] p2a: Indeedee
|-enditem|p1b: Indeedee|Psychic Seed
|-boost|p1b: Indeedee|spd|1|[from] item: Psychic Seed
|turn|1
|
|t:|1755265817
|-terastallize|p1a: Gallade|Grass
|move|p1b: Indeedee|Helping Hand|p1a: Gallade
|-singleturn|p1a: Gallade|Helping Hand|[of] p1b: Indeedee
|move|p2a: Indeedee|Follow Me|p2a: Indeedee
|-singleturn|p2a: Indeedee|move: Follow Me
|move|p2b: Hydreigon|Dark Pulse|p1a: Gallade
|-crit|p1a: Gallade
|-damage|p1a: Gallade|39/100
|cant|p1a: Gallade|flinch
|
|upkeep
|turn|2
|
|t:|1755265832
|move|p2a: Indeedee|Follow Me|p2a: Indeedee
|-singleturn|p2a: Indeedee|move: Follow Me
|move|p1b: Indeedee|Follow Me|p1b: Indeedee
|-singleturn|p1b: Indeedee|move: Follow Me
|move|p2b: Hydreigon|Dark Pulse|p1b: Indeedee
|-supereffective|p1b: Indeedee
|-damage|p1b: Indeedee|52/100
|move|p1a: Gallade|Sacred Sword|p2a: Indeedee
|-damage|p2a: Indeedee|29/100
|
|upkeep
|turn|3
|
|t:|1755265855
|-terastallize|p2b: Hydreigon|Ghost
|move|p1b: Indeedee|Follow Me|p1b: Indeedee
|-singleturn|p1b: Indeedee|move: Follow Me
|move|p2b: Hydreigon|Dark Pulse|p1b: Indeedee
|-supereffective|p1b: Indeedee
|-crit|p1b: Indeedee
|-damage|p1b: Indeedee|0 fnt
|faint|p1b: Indeedee
|move|p2a: Indeedee|Psychic|p1a: Gallade
|-damage|p1a: Gallade|3/100
|move|p1a: Gallade|Trick Room|p1a: Gallade
|-fieldstart|move: Trick Room|[of] p1a: Gallade
|
|upkeep
|
|t:|1755265866
|switch|p1b: Torkoal|Torkoal, L50, M|100/100
|-weather|SunnyDay|[from] ability: Drought|[of] p1b: Torkoal
|turn|4
|
|t:|1755265874
|switch|p2a: Armarouge|Armarouge, L50, M|100/100
|move|p2b: Hydreigon|Protect|p2b: Hydreigon
|-singleturn|p2b: Hydreigon|Protect
|move|p1b: Torkoal|Eruption|p2b: Hydreigon|[spread] 
|-activate|p2b: Hydreigon|move: Protect
|-start|p2a: Armarouge|ability: Flash Fire
|move|p1a: Gallade|Psycho Cut|p2b: Hydreigon
|-activate|p2b: Hydreigon|move: Protect
|
|-weather|SunnyDay|[upkeep]
|upkeep
|turn|5
|
|t:|1755265894
|switch|p2b: Indeedee|Indeedee-F, L50, F|29/100
|move|p1b: Torkoal|Eruption|p2b: Indeedee|[spread] p2b
|-immune|p2a: Armarouge|[from] ability: Flash Fire
|-damage|p2b: Indeedee|0 fnt
|faint|p2b: Indeedee
|move|p2a: Armarouge|Armor Cannon|p1a: Gallade
|-supereffective|p1a: Gallade
|-damage|p1a: Gallade|0 fnt
|-unboost|p2a: Armarouge|def|1
|-unboost|p2a: Armarouge|spd|1
|faint|p1a: Gallade
|-damage|p2a: Armarouge|91/100|[from] item: Life Orb
|
|-weather|SunnyDay|[upkeep]
|-fieldend|move: Psychic Terrain
|upkeep
|
|t:|1755265919
|switch|p2b: Sneasler|Sneasler, L50, M, shiny|100/100
|switch|p1a: Armarouge|Armarouge, L50, M|100/100
|turn|6
|
|t:|1755265957
|move|p2b: Sneasler|Protect|p2b: Sneasler
|-singleturn|p2b: Sneasler|Protect
|move|p1b: Torkoal|Eruption|p2b: Sneasler|[spread] 
|-activate|p2b: Sneasler|move: Protect
|-immune|p2a: Armarouge|[from] ability: Flash Fire
|move|p1a: Armarouge|Expanding Force|p2a: Armarouge
|-resisted|p2a: Armarouge
|-damage|p2a: Armarouge|45/100
|-damage|p1a: Armarouge|91/100|[from] item: Life Orb
|move|p2a: Armarouge|Armor Cannon|p1b: Torkoal
|-resisted|p1b: Torkoal
|-damage|p1b: Torkoal|0 fnt
|-unboost|p2a: Armarouge|def|1
|-unboost|p2a: Armarouge|spd|1
|faint|p1b: Torkoal
|-damage|p2a: Armarouge|35/100|[from] item: Life Orb
|
|-weather|SunnyDay|[upkeep]
|upkeep
|turn|7
|
|t:|1755265975
|move|p2a: Armarouge|Expanding Force|p1a: Armarouge
|-resisted|p1a: Armarouge
|-damage|p1a: Armarouge|59/100
|-damage|p2a: Armarouge|26/100|[from] item: Life Orb
|move|p1a: Armarouge|Expanding Force|p2b: Sneasler
|-supereffective|p2b: Sneasler
|-damage|p2b: Sneasler|0 fnt
|faint|p2b: Sneasler
|-damage|p1a: Armarouge|50/100|[from] item: Life Orb
|
|-weather|SunnyDay|[upkeep]
|-fieldend|move: Trick Room
|upkeep
|
|t:|1755265980
|switch|p2b: Hydreigon|Hydreigon, L50, M, tera:Ghost|100/100
|turn|8
|
|t:|1755265988
|move|p2b: Hydreigon|Protect|p2b: Hydreigon
|-singleturn|p2b: Hydreigon|Protect
|move|p2a: Armarouge|Expanding Force|p1a: Armarouge
|-resisted|p1a: Armarouge
|-damage|p1a: Armarouge|19/100
|-damage|p2a: Armarouge|16/100|[from] item: Life Orb
|move|p1a: Armarouge|Armor Cannon|p2b: Hydreigon
|-activate|p2b: Hydreigon|move: Protect
|
|-weather|none
|upkeep
|turn|9
|
|t:|1755265997
|move|p2b: Hydreigon|Dark Pulse|p1a: Armarouge
|-supereffective|p1a: Armarouge
|-damage|p1a: Armarouge|0 fnt
|faint|p1a: Armarouge
|
|win|Como Se Dice Ben
|raw|fullth's rating: 1175 → 1157(-18 for losing)
|raw|Como Se Dice Ben's rating: 1268 → 1286(+18 for winning)
|c|☆Como Se Dice Ben|ggs
|l|☆fullth
|player|p1|
