|j|☆Frisk Azzy
|j|☆LittleSunLight
|html|Frisk AzzyLittleSunLight    
|uhtml|bestof|Game 2 of a best-of-3
|t:|1783711669
|gametype|doubles
|player|p1|Frisk Azzy|riley|
|player|p2|LittleSunLight|beauty|
|gen|9
|tier|[Gen 9 Champions] VGC 2026 Reg M-B (Bo3)
|rule|Species Clause: Limit one of each Pokémon
|rule|Item Clause: Limit 1 of each item
|clearpoke
|poke|p1|Charizard, L50, M, shiny|
|poke|p1|Venusaur, L50, M|
|poke|p1|Whimsicott, L50, M|
|poke|p1|Luxray, L50, M, shiny|
|poke|p1|Aegislash, L50, M|
|poke|p1|Garchomp, L50, F, shiny|
|poke|p2|Dragonite, L50, F, shiny|
|poke|p2|Froslass, L50, F|
|poke|p2|Sneasler, L50, M|
|poke|p2|Arcanine-Hisui, L50, M|
|poke|p2|Basculegion, L50, M|
|poke|p2|Kingambit, L50, F|
|teampreview|4
|showteam|p1|Charizard||CharizarditeY|SolarPower|HeatWave,Protect,SolarBeam,AirSlash|Timid||M|||50|]Venusaur||LifeOrb|Chlorophyll|GigaDrain,SludgeBomb,Protect,EarthPower|Modest||M|||50|]Whimsicott||FocusSash|Prankster|Moonblast,Tailwind,Taunt,SunnyDay|Timid||M|||50|]Luxray||SitrusBerry|Intimidate|Crunch,WildCharge,Protect,VoltSwitch|Sassy||M|||50|]Aegislash||SpellTag|StanceChange|IronHead,KingsShield,WideGuard,ShadowSneak|Adamant||M|||50|]Garchomp||YacheBerry|RoughSkin|DragonClaw,Protect,Earthquake,RockSlide|Jolly||F|||50|
|showteam|p2|Dragonite||Dragoninite|Multiscale|Protect,Tailwind,DragonPulse,Flamethrower|Modest||F|||50|]Froslass||Froslassite|CursedBody|Protect,Blizzard,ShadowBall,AuroraVeil|Timid||F|||50|]Sneasler||WhiteHerb|Unburden|Protect,CloseCombat,DireClaw,FakeOut|Jolly||M|||50|]Arcanine-Hisui||FocusSash|RockHead|FlareBlitz,HeadSmash,RockSlide,ExtremeSpeed|Jolly||M|||50|]Basculegion||LifeOrb|Adaptability|Protect,WaveCrash,AquaJet,LastRespects|Adamant||M|||50|]Kingambit||ChopleBerry|Defiant|Protect,KowtowCleave,IronHead,SuckerPunch|Adamant||F|||50|
|c|☆LittleSunLight|lets gooo!
|
|t:|1783711696
|teamsize|p1|4
|teamsize|p2|4
|start
|switch|p1a: Bow|Garchomp, L50, F, shiny|100/100
|switch|p1b: Hexcalibern|Aegislash, L50, M|100/100
|switch|p2a: Helix!|Dragonite, L50, F, shiny|100/100
|switch|p2b: Mochi|Sneasler, L50, M|100/100
|turn|1
|
|t:|1783711758
|detailschange|p2a: Helix!|Dragonite-Mega, L50, F, shiny
|-mega|p2a: Helix!|Dragonite|Dragoninite
|move|p1a: Bow|Protect|p1a: Bow
|-singleturn|p1a: Bow|Protect
|move|p1b: Hexcalibern|King's Shield|p1b: Hexcalibern
|-singleturn|p1b: Hexcalibern|Protect
|move|p2b: Mochi|Close Combat|p1a: Bow
|-activate|p1a: Bow|move: Protect
|move|p2a: Helix!|Flamethrower|p1b: Hexcalibern
|-activate|p1b: Hexcalibern|move: Protect
|
|upkeep
|turn|2
|
|t:|1783711802
|-formechange|p1b: Hexcalibern|Aegislash-Blade|
|move|p1b: Hexcalibern|Shadow Sneak|p2a: Helix!
|-damage|p2a: Helix!|88/100
|move|p2b: Mochi|Close Combat|p1a: Bow
|-damage|p1a: Bow|40/100
|-unboost|p2b: Mochi|def|1
|-unboost|p2b: Mochi|spd|1
|-damage|p2b: Mochi|87/100|[from] ability: Rough Skin|[of] p1a: Bow
|-enditem|p2b: Mochi|White Herb
|-clearnegativeboost|p2b: Mochi|[silent]
|move|p1a: Bow|Rock Slide|p2b: Mochi|[spread] p2a,p2b
|-supereffective|p2a: Helix!|1
|-resisted|p2b: Mochi|1
|-damage|p2a: Helix!|54/100
|-damage|p2b: Mochi|71/100
|cant|p2a: Helix!|flinch
|
|upkeep
|turn|3
|c|☆LittleSunLight|noooo
|c|☆LittleSunLight|haahahhaha
|
|t:|1783711840
|switch|p1b: Dragonoid|Charizard, L50, M, shiny|100/100
|move|p2b: Mochi|Close Combat|p1a: Bow
|-damage|p1a: Bow|0 fnt
|-unboost|p2b: Mochi|def|1
|-unboost|p2b: Mochi|spd|1
|-damage|p2b: Mochi|59/100|[from] ability: Rough Skin|[of] p1a: Bow
|faint|p1a: Bow
|move|p2a: Helix!|Flamethrower|p1b: Dragonoid
|-resisted|p1b: Dragonoid|1
|-damage|p1b: Dragonoid|76/100
|
|upkeep
|
|t:|1783711853
|switch|p1a: Vine|Venusaur, L50, M|100/100
|turn|4
|
|t:|1783711881
|detailschange|p1b: Dragonoid|Charizard-Mega-Y, L50, M, shiny
|-mega|p1b: Dragonoid|Charizard|Charizardite Y
|-weather|SunnyDay|[from] ability: Drought|[of] p1b: Dragonoid
|move|p2b: Mochi|Protect|p2b: Mochi
|-singleturn|p2b: Mochi|Protect
|move|p1a: Vine|Earth Power|p2b: Mochi
|-activate|p2b: Mochi|move: Protect
|move|p1b: Dragonoid|Air Slash|p2a: Helix!
|-damage|p2a: Helix!|16/100
|move|p2a: Helix!|Tailwind|p2a: Helix!
|-sidestart|p2: LittleSunLight|move: Tailwind
|
|-weather|SunnyDay|[upkeep]
|upkeep
|turn|5
|
|t:|1783711919
|move|p1a: Vine|Protect|p1a: Vine
|-singleturn|p1a: Vine|Protect
|move|p2b: Mochi|Dire Claw|p1b: Dragonoid
|-damage|p1b: Dragonoid|14/100
|move|p2a: Helix!|Flamethrower|p1a: Vine
|-activate|p1a: Vine|move: Protect
|move|p1b: Dragonoid|Air Slash|p2a: Helix!|[miss]
|-miss|p1b: Dragonoid|p2a: Helix!
|
|-weather|SunnyDay|[upkeep]
|upkeep
|turn|6
|
|t:|1783711936
|move|p1b: Dragonoid|Protect|p1b: Dragonoid
|-singleturn|p1b: Dragonoid|Protect
|move|p2b: Mochi|Dire Claw|p1b: Dragonoid
|-activate|p1b: Dragonoid|move: Protect
|move|p2a: Helix!|Flamethrower|p1a: Vine
|-supereffective|p1a: Vine|1
|-damage|p1a: Vine|0 fnt
|faint|p1a: Vine
|
|-weather|SunnyDay|[upkeep]
|upkeep
|
|t:|1783711949
|switch|p1a: Hexcalibern|Aegislash, L50, M|100/100
|turn|7
|
|t:|1783711958
|move|p1b: Dragonoid|Protect||[still]
|-fail|p1b: Dragonoid
|-formechange|p1a: Hexcalibern|Aegislash-Blade|
|move|p1a: Hexcalibern|Shadow Sneak|p2a: Helix!
|-damage|p2a: Helix!|0 fnt
|faint|p2a: Helix!
|move|p2b: Mochi|Dire Claw|p1b: Dragonoid
|-damage|p1b: Dragonoid|0 fnt
|faint|p1b: Dragonoid
|
|-weather|SunnyDay|[upkeep]
|-sideend|p2: LittleSunLight|move: Tailwind
|upkeep
|
|t:|1783711971
|switch|p2a: Frisk|Arcanine-Hisui, L50, M|100/100
|turn|8
|
|t:|1783711994
|move|p2b: Mochi|Protect|p2b: Mochi
|-singleturn|p2b: Mochi|Protect
|move|p1a: Hexcalibern|Shadow Sneak|p2b: Mochi
|-activate|p2b: Mochi|move: Protect
|move|p2a: Frisk|Flare Blitz|p1a: Hexcalibern
|-supereffective|p1a: Hexcalibern|1
|-damage|p1a: Hexcalibern|0 fnt
|faint|p1a: Hexcalibern
|
|win|LittleSunLight
|c|☆Frisk Azzy|Ggwp
|c|☆LittleSunLight|ggwp
|l|☆Frisk Azzy
|player|p1|
