|j|☆WASHINGTONGARGACHA
|j|☆rdw39
|html|WASHINGTONGARGACHArdw39    
|uhtml|bestof|Game 1 of a best-of-3
|t:|1756676508
|gametype|doubles
|player|p1|WASHINGTONGARGACHA|2|1092
|player|p2|rdw39|102|1078
|gen|9
|tier|[Gen 9] VGC 2025 Reg H (Bo3)
|rated|
|rule|Species Clause: Limit one of each Pokémon
|rule|Item Clause: Limit 1 of each item
|clearpoke
|poke|p1|Gholdengo, L50|
|poke|p1|Ursaluna, L50, F|
|poke|p1|Archaludon, L50, M|
|poke|p1|Murkrow, L50, F|
|poke|p1|Farigiraf, L50, M|
|poke|p1|Sneasler, L50, F|
|poke|p2|Sneasler, L50, M|
|poke|p2|Indeedee, L50, M|
|poke|p2|Ursaluna-Bloodmoon, L50, M|
|poke|p2|Electabuzz, L50, F|
|poke|p2|Incineroar, L50, F|
|poke|p2|Talonflame, L50, M|
|teampreview|4
|showteam|p1|Gholdengo||LifeOrb|GoodasGold|ShadowBall,MakeItRain,NastyPlot,Protect||||||50|,,,,,Water]Ursaluna||FlameOrb|Guts|Facade,Earthquake,Protect,HeadlongRush|||F|||50|,,,,,Ghost]Archaludon||PowerHerb|Sturdy|ElectroShot,FlashCannon,DracoMeteor,Protect|||M|||50|,,,,,Grass]Murkrow||Eviolite|Prankster|Tailwind,RainDance,FoulPlay,Haze|||F|||50|,,,,,Dark]Farigiraf||ThroatSpray|ArmorTail|HyperVoice,TrickRoom,Psychic,Protect|||M|||50|,,,,,Fairy]Sneasler||WhiteHerb|Unburden|DireClaw,CloseCombat,Protect,Acrobatics|||F|||50|,,,,,Flying
|showteam|p2|Sneasler||PsychicSeed|Unburden|CloseCombat,DireClaw,ThroatChop,Protect|||M|||50|,,,,,Dark]Indeedee||FocusSash|PsychicSurge|ExpandingForce,TrickRoom,HelpingHand,Protect|||M|||50|,,,,,Psychic]Ursaluna-Bloodmoon||LifeOrb|MindsEye|BloodMoon,HyperVoice,EarthPower,Protect|||M|||50|,,,,,Normal]Electabuzz||Eviolite|VitalSpirit|Electroweb,FollowMe,Taunt,Protect|||F|||50|,,,,,Dragon]Incineroar||SafetyGoggles|Intimidate|FlareBlitz,KnockOff,PartingShot,FakeOut|||F|||50|,,,,,Ghost]Talonflame||CovertCloak|GaleWings|FlareBlitz,DualWingbeat,WillOWisp,Tailwind|||M|||50|,,,,,Fairy
|inactive|Battle timer is ON: inactive players will automatically lose when time's up. (requested by rdw39)
|inactive|WASHINGTONGARGACHA has 60 seconds left.
|inactive|rdw39 has 60 seconds left.
|
|t:|1756676547
|teamsize|p1|4
|teamsize|p2|4
|start
|switch|p1a: Gholdengo|Gholdengo, L50|100/100
|switch|p1b: Murkrow|Murkrow, L50, F|100/100
|switch|p2a: Electabuzz|Electabuzz, L50, F|100/100
|switch|p2b: Ursaluna|Ursaluna-Bloodmoon, L50, M|100/100
|turn|1
|
|t:|1756676569
|switch|p1a: Ursaluna|Ursaluna, L50, F|100/100
|move|p2b: Ursaluna|Protect|p2b: Ursaluna
|-singleturn|p2b: Ursaluna|Protect
|move|p1b: Murkrow|Tailwind|p1b: Murkrow
|-sidestart|p1: WASHINGTONGARGACHA|move: Tailwind
|move|p2a: Electabuzz|Electroweb|p1b: Murkrow|[spread] p1b
|-immune|p1a: Ursaluna
|-supereffective|p1b: Murkrow
|-damage|p1b: Murkrow|74/100
|-unboost|p1b: Murkrow|spe|1
|
|-status|p1a: Ursaluna|brn|[from] item: Flame Orb
|upkeep
|turn|2
|inactive|rdw39 has 30 seconds left.
|
|t:|1756676595
|-terastallize|p2b: Ursaluna|Normal
|move|p2a: Electabuzz|Follow Me|p2a: Electabuzz
|-singleturn|p2a: Electabuzz|move: Follow Me
|move|p1a: Ursaluna|Earthquake|p2b: Ursaluna|[spread] p2a,p2b
|-immune|p1b: Murkrow
|-supereffective|p2a: Electabuzz
|-damage|p2a: Electabuzz|0 fnt
|-damage|p2b: Ursaluna|51/100
|faint|p2a: Electabuzz
|move|p1b: Murkrow|Foul Play|p2b: Ursaluna
|-damage|p2b: Ursaluna|37/100
|move|p2b: Ursaluna|Blood Moon|p1a: Ursaluna
|-damage|p1a: Ursaluna|0 fnt
|faint|p1a: Ursaluna
|-damage|p2b: Ursaluna|27/100|[from] item: Life Orb
|
|upkeep
|
|t:|1756676616
|switch|p2a: Indeedee|Indeedee, L50, M|100/100
|switch|p1a: Gholdengo|Gholdengo, L50|100/100
|-fieldstart|move: Psychic Terrain|[from] ability: Psychic Surge|[of] p2a: Indeedee
|turn|3
|
|t:|1756676630
|move|p2a: Indeedee|Protect|p2a: Indeedee
|-singleturn|p2a: Indeedee|Protect
|move|p1a: Gholdengo|Make It Rain|p2b: Ursaluna|[spread] p2b
|-activate|p2a: Indeedee|move: Protect
|-damage|p2b: Ursaluna|0 fnt
|-unboost|p1a: Gholdengo|spa|1
|faint|p2b: Ursaluna
|-damage|p1a: Gholdengo|91/100|[from] item: Life Orb
|move|p1b: Murkrow|Foul Play|p2a: Indeedee
|-activate|p2a: Indeedee|move: Protect
|
|upkeep
|
|t:|1756676641
|switch|p2b: Sneasler|Sneasler, L50, M|100/100
|-enditem|p2b: Sneasler|Psychic Seed
|-boost|p2b: Sneasler|spd|1|[from] item: Psychic Seed
|turn|4
|
|t:|1756676659
|move|p2a: Indeedee|Helping Hand|p2b: Sneasler
|-singleturn|p2b: Sneasler|Helping Hand|[of] p2a: Indeedee
|move|p1b: Murkrow|Haze|p1b: Murkrow
|-clearallboost
|move|p2b: Sneasler|Throat Chop|p1a: Gholdengo
|-supereffective|p1a: Gholdengo
|-damage|p1a: Gholdengo|0 fnt
|faint|p1a: Gholdengo
|
|-sideend|p1: WASHINGTONGARGACHA|move: Tailwind
|upkeep
|
|t:|1756676668
|switch|p1a: Sneasler|Sneasler, L50, F|100/100
|turn|5
|inactive|WASHINGTONGARGACHA has 30 seconds left.
|inactive|WASHINGTONGARGACHA has 20 seconds left.
|
|t:|1756676705
|move|p1a: Sneasler|Protect|p1a: Sneasler
|-singleturn|p1a: Sneasler|Protect
|move|p2b: Sneasler|Dire Claw|p1b: Murkrow
|-damage|p1b: Murkrow|17/100
|-status|p1b: Murkrow|slp
|move|p2a: Indeedee|Expanding Force|p1a: Sneasler|[spread] 
|-activate|p1a: Sneasler|move: Protect
|-immune|p1b: Murkrow
|cant|p1b: Murkrow|slp
|
|upkeep
|turn|6
|
|t:|1756676730
|-terastallize|p1a: Sneasler|Flying
|-curestatus|p1b: Murkrow|slp|[msg]
|move|p1b: Murkrow|Tailwind|p1b: Murkrow
|-sidestart|p1: WASHINGTONGARGACHA|move: Tailwind
|move|p2b: Sneasler|Dire Claw|p1a: Sneasler
|-damage|p1a: Sneasler|19/100
|-status|p1a: Sneasler|psn
|move|p1a: Sneasler|Close Combat|p2b: Sneasler
|-resisted|p2b: Sneasler
|-damage|p2b: Sneasler|44/100
|-unboost|p1a: Sneasler|def|1
|-unboost|p1a: Sneasler|spd|1
|-enditem|p1a: Sneasler|White Herb
|-clearnegativeboost|p1a: Sneasler|[silent]
|move|p2a: Indeedee|Expanding Force|p1b: Murkrow|[spread] p1a
|-immune|p1b: Murkrow
|-damage|p1a: Sneasler|0 fnt
|faint|p1a: Sneasler
|
|upkeep
|turn|7
|-message|WASHINGTONGARGACHA forfeited.
|
|win|rdw39
