|j|☆sedrav
|j|☆Trainer Arin
|html|sedravTrainer Arin    
|uhtml|bestof|Game 1 of a best-of-3
|t:|1756429017
|gametype|doubles
|player|p1|sedrav|hilbert|1205
|player|p2|Trainer Arin|pokemonrangerf-gen4|1207
|gen|9
|tier|[Gen 9] VGC 2025 Reg H (Bo3)
|rated|
|rule|Species Clause: Limit one of each Pokémon
|rule|Item Clause: Limit 1 of each item
|clearpoke
|poke|p1|Dragonite, L50, F|
|poke|p1|Rillaboom, L50, F|
|poke|p1|Arcanine-Hisui, L50, F|
|poke|p1|Sneasler, L50, M|
|poke|p1|Ninetales-Alola, L50, M|
|poke|p1|Gholdengo, L50|
|poke|p2|Tyranitar, L50, F|
|poke|p2|Rillaboom, L50, F|
|poke|p2|Arcanine-Hisui, L50, M|
|poke|p2|Garchomp, L50, M|
|poke|p2|Volcarona, L50, F|
|poke|p2|Electabuzz, L50, F|
|teampreview|4
|showteam|p1|Dragonite||LoadedDice|Multiscale|ScaleShot,Tailwind,StompingTantrum,Protect|||F|||50|,,,,,Ground]Rillaboom||AssaultVest|GrassySurge|DrumBeating,GrassyGlide,HighHorsepower,FakeOut|||F|||50|,,,,,Fire]Arcanine-Hisui||ClearAmulet|Intimidate|FlareBlitz,RockSlide,ExtremeSpeed,Protect|||F|||50|,,,,,Water]Sneasler||WhiteHerb|Unburden|CloseCombat,DireClaw,Coaching,Protect|||M|||50|,,,,,Ghost]Ninetales-Alola||FocusSash|SnowWarning|Blizzard,Encore,IcyWind,AuroraVeil|||M|||50|,,,,,Ghost]Gholdengo||GrassySeed|GoodasGold|MakeItRain,ShadowBall,NastyPlot,Protect||||||50|,,,,,Water
|showteam|p2|Tyranitar||AssaultVest|SandStream|RockSlide,KnockOff,TeraBlast,HighHorsepower|||F|||50|,,,,,Flying]Rillaboom||MiracleSeed|GrassySurge|FakeOut,WoodHammer,GrassyGlide,Protect|||F|||50|,,,,,Fire]Arcanine-Hisui||ChoiceBand|Intimidate|ExtremeSpeed,FlareBlitz,RockSlide,Snarl|||M|||50|,,,,,Ghost]Garchomp||BrightPowder|SandVeil|Earthquake,StompingTantrum,DragonClaw,Protect|||M|||50|,,,,,Water]Volcarona||GrassySeed|FlameBody|QuiverDance,FieryDance,GigaDrain,Protect|||F|||50|,,,,,Fairy]Electabuzz||Eviolite|VitalSpirit|Electroweb,FollowMe,Taunt,Protect|||F|||50|,,,,,Dark
|inactive|Battle timer is ON: inactive players will automatically lose when time's up. (requested by sedrav)
|inactive|sedrav has 60 seconds left.
|inactive|Trainer Arin has 60 seconds left.
|
|t:|1756429066
|teamsize|p1|4
|teamsize|p2|4
|start
|switch|p1a: Rillaboom|Rillaboom, L50, F|100/100
|switch|p1b: Arcanine|Arcanine-Hisui, L50, F|100/100
|switch|p2a: Electabuzz|Electabuzz, L50, F|100/100
|switch|p2b: Volcarona|Volcarona, L50, F|100/100
|-ability|p1b: Arcanine|Intimidate|boost
|-unboost|p2a: Electabuzz|atk|1
|-unboost|p2b: Volcarona|atk|1
|-fieldstart|move: Grassy Terrain|[from] ability: Grassy Surge|[of] p1a: Rillaboom
|-enditem|p2b: Volcarona|Grassy Seed
|-boost|p2b: Volcarona|def|1|[from] item: Grassy Seed
|turn|1
|inactive|sedrav has 30 seconds left.
|inactive|sedrav has 20 seconds left.
|inactive|sedrav has 15 seconds left.
|inactive|sedrav has 10 seconds left.
|
|t:|1756429112
|move|p2a: Electabuzz|Protect|p2a: Electabuzz
|-singleturn|p2a: Electabuzz|Protect
|move|p2b: Volcarona|Protect|p2b: Volcarona
|-singleturn|p2b: Volcarona|Protect
|move|p1b: Arcanine|Rock Slide|p2a: Electabuzz|[spread] 
|-activate|p2a: Electabuzz|move: Protect
|-activate|p2b: Volcarona|move: Protect
|move|p1a: Rillaboom|High Horsepower|p2a: Electabuzz
|-activate|p2a: Electabuzz|move: Protect
|
|upkeep
|turn|2
|inactive|Trainer Arin has 30 seconds left.
|
|t:|1756429137
|-terastallize|p2b: Volcarona|Fairy
|move|p1b: Arcanine|Rock Slide|p2a: Electabuzz|[spread] p2a,p2b
|-damage|p2a: Electabuzz|75/100
|-damage|p2b: Volcarona|78/100
|move|p2a: Electabuzz|Electroweb|p1b: Arcanine|[spread] p1a,p1b
|-resisted|p1a: Rillaboom
|-damage|p1a: Rillaboom|95/100
|-damage|p1b: Arcanine|83/100
|-unboost|p1a: Rillaboom|spe|1
|cant|p2b: Volcarona|flinch
|move|p1a: Rillaboom|High Horsepower|p2b: Volcarona
|-damage|p2b: Volcarona|54/100
|-status|p1a: Rillaboom|brn|[from] ability: Flame Body|[of] p2b: Volcarona
|
|-heal|p1b: Arcanine|89/100|[from] Grassy Terrain
|-heal|p2a: Electabuzz|81/100|[from] Grassy Terrain
|-heal|p2b: Volcarona|60/100|[from] Grassy Terrain
|-heal|p1a: Rillaboom|100/100 brn|[from] Grassy Terrain
|-damage|p1a: Rillaboom|95/100 brn|[from] brn
|upkeep
|turn|3
|inactive|sedrav has 30 seconds left.
|inactive|Trainer Arin has 30 seconds left.
|
|t:|1756429165
|move|p2a: Electabuzz|Follow Me|p2a: Electabuzz
|-singleturn|p2a: Electabuzz|move: Follow Me
|move|p1b: Arcanine|Rock Slide|p2b: Volcarona|[spread] p2a,p2b
|-damage|p2a: Electabuzz|57/100
|-damage|p2b: Volcarona|39/100
|cant|p2b: Volcarona|flinch
|move|p1a: Rillaboom|High Horsepower|p2a: Electabuzz
|-supereffective|p2a: Electabuzz
|-damage|p2a: Electabuzz|27/100
|
|-heal|p1b: Arcanine|95/100|[from] Grassy Terrain
|-heal|p2a: Electabuzz|33/100|[from] Grassy Terrain
|-heal|p2b: Volcarona|45/100|[from] Grassy Terrain
|-heal|p1a: Rillaboom|100/100 brn|[from] Grassy Terrain
|-damage|p1a: Rillaboom|95/100 brn|[from] brn
|upkeep
|turn|4
|inactive|sedrav has 30 seconds left.
|inactive|Trainer Arin has 30 seconds left.
|
|t:|1756429198
|move|p2a: Electabuzz|Follow Me|p2a: Electabuzz
|-singleturn|p2a: Electabuzz|move: Follow Me
|move|p1b: Arcanine|Rock Slide|p2b: Volcarona|[spread] p2a,p2b
|-damage|p2a: Electabuzz|10/100
|-damage|p2b: Volcarona|24/100
|move|p2b: Volcarona|Giga Drain|p1b: Arcanine
|-damage|p1b: Arcanine|49/100
|-heal|p2b: Volcarona|45/100|[from] drain|[of] p1b: Arcanine
|move|p1a: Rillaboom|High Horsepower|p2a: Electabuzz
|-supereffective|p2a: Electabuzz
|-damage|p2a: Electabuzz|0 fnt
|faint|p2a: Electabuzz
|
|-heal|p1b: Arcanine|55/100|[from] Grassy Terrain
|-heal|p2b: Volcarona|51/100|[from] Grassy Terrain
|-heal|p1a: Rillaboom|100/100 brn|[from] Grassy Terrain
|-damage|p1a: Rillaboom|95/100 brn|[from] brn
|upkeep
|
|t:|1756429213
|switch|p2a: Rillaboom|Rillaboom, L50, F|100/100
|turn|5
|
|t:|1756429237
|switch|p1b: Sneasler|Sneasler, L50, M|100/100
|move|p2a: Rillaboom|Fake Out|p1b: Sneasler
|-damage|p1b: Sneasler|84/100
|move|p2b: Volcarona|Quiver Dance|p2b: Volcarona
|-boost|p2b: Volcarona|spa|1
|-boost|p2b: Volcarona|spd|1
|-boost|p2b: Volcarona|spe|1
|move|p1a: Rillaboom|Drum Beating|p2b: Volcarona
|-damage|p2b: Volcarona|34/100
|-unboost|p2b: Volcarona|spe|1
|
|-heal|p1b: Sneasler|90/100|[from] Grassy Terrain
|-heal|p2b: Volcarona|40/100|[from] Grassy Terrain
|-heal|p1a: Rillaboom|100/100 brn|[from] Grassy Terrain
|-damage|p1a: Rillaboom|95/100 brn|[from] brn
|-fieldend|move: Grassy Terrain
|upkeep
|turn|6
|inactive|sedrav has 30 seconds left.
|inactive|Trainer Arin has 30 seconds left.
|inactive|sedrav has 20 seconds left.
|inactive|sedrav has 15 seconds left.
|inactive|sedrav has 10 seconds left.
|inactive|Trainer Arin has 20 seconds left.
|inactive|Trainer Arin has 15 seconds left.
|
|t:|1756429289
|switch|p1a: Ninetales|Ninetales-Alola, L50, M|100/100
|-weather|Snowscape|[from] ability: Snow Warning|[of] p1a: Ninetales
|move|p2b: Volcarona|Protect|p2b: Volcarona
|-singleturn|p2b: Volcarona|Protect
|move|p1b: Sneasler|Dire Claw|p2b: Volcarona
|-activate|p2b: Volcarona|move: Protect
|move|p2a: Rillaboom|Wood Hammer|p1b: Sneasler
|-resisted|p1b: Sneasler
|-damage|p1b: Sneasler|47/100
|-damage|p2a: Rillaboom|87/100|[from] Recoil
|
|-weather|Snowscape|[upkeep]
|upkeep
|turn|7
|
|t:|1756429312
|switch|p2b: Tyranitar|Tyranitar, L50, F|100/100
|-weather|Sandstorm|[from] ability: Sand Stream|[of] p2b: Tyranitar
|move|p1a: Ninetales|Encore||[still]
|-fail|p1a: Ninetales
|move|p1b: Sneasler|Dire Claw|p2a: Rillaboom
|-supereffective|p2a: Rillaboom
|-damage|p2a: Rillaboom|0 fnt
|faint|p2a: Rillaboom
|
|-weather|Sandstorm|[upkeep]
|-damage|p1a: Ninetales|94/100|[from] Sandstorm
|-damage|p1b: Sneasler|41/100|[from] Sandstorm
|upkeep
|
|t:|1756429324
|switch|p2a: Volcarona|Volcarona, L50, F, tera:Fairy|40/100
|turn|8
|
|t:|1756429342
|switch|p1a: Rillaboom|Rillaboom, L50, F|95/100 brn
|-fieldstart|move: Grassy Terrain|[from] ability: Grassy Surge|[of] p1a: Rillaboom
|move|p1b: Sneasler|Protect|p1b: Sneasler
|-singleturn|p1b: Sneasler|Protect
|move|p2a: Volcarona|Protect|p2a: Volcarona
|-singleturn|p2a: Volcarona|Protect
|move|p2b: Tyranitar|Rock Slide|p1b: Sneasler|[spread] p1a
|-activate|p1b: Sneasler|move: Protect
|-damage|p1a: Rillaboom|65/100 brn
|
|-weather|Sandstorm|[upkeep]
|-damage|p1b: Sneasler|34/100|[from] Sandstorm
|-damage|p1a: Rillaboom|59/100 brn|[from] Sandstorm
|-damage|p2a: Volcarona|34/100|[from] Sandstorm
|-heal|p1b: Sneasler|41/100|[from] Grassy Terrain
|-heal|p1a: Rillaboom|65/100 brn|[from] Grassy Terrain
|-heal|p2a: Volcarona|40/100|[from] Grassy Terrain
|-damage|p1a: Rillaboom|59/100 brn|[from] brn
|upkeep
|turn|9
|
|t:|1756429364
|move|p1b: Sneasler|Dire Claw|p2a: Volcarona
|-supereffective|p2a: Volcarona
|-damage|p2a: Volcarona|0 fnt
|faint|p2a: Volcarona
|move|p1a: Rillaboom|Drum Beating|p2b: Tyranitar
|-supereffective|p2b: Tyranitar
|-damage|p2b: Tyranitar|62/100
|-unboost|p2b: Tyranitar|spe|1
|move|p2b: Tyranitar|Rock Slide|p1a: Rillaboom|[spread] p1a,p1b
|-resisted|p1b: Sneasler
|-damage|p1a: Rillaboom|26/100 brn
|-damage|p1b: Sneasler|20/100
|
|-weather|Sandstorm|[upkeep]
|-damage|p1b: Sneasler|13/100|[from] Sandstorm
|-damage|p1a: Rillaboom|21/100 brn|[from] Sandstorm
|-heal|p1b: Sneasler|20/100|[from] Grassy Terrain
|-heal|p1a: Rillaboom|26/100 brn|[from] Grassy Terrain
|-heal|p2b: Tyranitar|68/100|[from] Grassy Terrain
|-damage|p1a: Rillaboom|21/100 brn|[from] brn
|upkeep
|turn|10
|
|t:|1756429383
|move|p1a: Rillaboom|Grassy Glide|p2b: Tyranitar
|-supereffective|p2b: Tyranitar
|-damage|p2b: Tyranitar|39/100
|move|p1b: Sneasler|Close Combat|p2b: Tyranitar
|-supereffective|p2b: Tyranitar
|-damage|p2b: Tyranitar|0 fnt
|-unboost|p1b: Sneasler|def|1
|-unboost|p1b: Sneasler|spd|1
|faint|p2b: Tyranitar
|-enditem|p1b: Sneasler|White Herb
|-clearnegativeboost|p1b: Sneasler|[silent]
|
|win|sedrav
||Trainer Arin is ready for game 2.
|inactive|sedrav has 30 seconds to confirm battle start!
