|j|☆SuperPokeVGC
|j|☆midnight labworks
|html|SuperPokeVGCmidnight labworks    
|uhtml|bestof|Game 1 of a best-of-3
|t:|1756491519
|gametype|doubles
|player|p1|SuperPokeVGC|ltsurge|1212
|player|p2|midnight labworks|cynthia-gen4|1062
|gen|9
|tier|[Gen 9] VGC 2025 Reg H (Bo3)
|rated|
|rule|Species Clause: Limit one of each Pokémon
|rule|Item Clause: Limit 1 of each item
|clearpoke
|poke|p1|Tyranitar, L50, F|
|poke|p1|Garchomp, L50, F|
|poke|p1|Gholdengo, L50|
|poke|p1|Sinistcha, L50|
|poke|p1|Yanmega, L50, M|
|poke|p1|Arcanine, L50, F|
|poke|p2|Venusaur, L50, F|
|poke|p2|Torkoal, L50, F|
|poke|p2|Farigiraf, L50, F|
|poke|p2|Ursaluna, L50, M|
|poke|p2|Annihilape, L50, F|
|poke|p2|Mandibuzz, L50, F|
|teampreview|4
|showteam|p1|Tyranitar||LifeOrb|SandStream|KnockOff,RockSlide,TeraBlast,Protect|||F|||50|,,,,,Flying]Garchomp||ClearAmulet|SandVeil|DragonClaw,StompingTantrum,Earthquake,Protect|||F|||50|,,,,,Fire]Gholdengo||Leftovers|GoodasGold|MakeItRain,ShadowBall,NastyPlot,Protect||||||50|,,,,,Water]Sinistcha||SitrusBerry|Hospitality|RagePowder,MatchaGotcha,TrickRoom,Protect||||||50|,,,,,Water]Yanmega||FocusSash|SpeedBoost|Tailwind,AirSlash,BugBuzz,Detect|||M|||50|,,,,,Ghost]Arcanine||MirrorHerb|Intimidate|ExtremeSpeed,FlareBlitz,WillOWisp,Protect|||F|||50|,,,,,Normal
|showteam|p2|Venusaur||LifeOrb|Chlorophyll|SludgeBomb,EnergyBall,EarthPower,Protect|||F|||50|,,,,,Stellar]Torkoal||Charcoal|Drought|Eruption,BurningJealousy,EarthPower,Protect|||F|||50|,,,,,Fire]Farigiraf||SitrusBerry|ArmorTail|Psychic,BeatUp,HelpingHand,TrickRoom|||F|||50|,,,,,Normal]Ursaluna||FlameOrb|Guts|Facade,HeadlongRush,Substitute,Protect|||M|||50|,,,,,Normal]Annihilape||LumBerry|Defiant|RageFist,DrainPunch,BulkUp,Protect|||F|||50|,,,,,Fire]Mandibuzz||Leftovers|Overcoat|FoulPlay,Snarl,Taunt,Tailwind|||F|||50|,,,,,Ground
|inactive|Battle timer is ON: inactive players will automatically lose when time's up. (requested by midnight labworks)
|inactive|SuperPokeVGC has 60 seconds left.
|
|t:|1756491578
|teamsize|p1|4
|teamsize|p2|4
|start
|switch|p1a: Arcanine|Arcanine, L50, F|100/100
|switch|p1b: Garchomp|Garchomp, L50, F|100/100
|switch|p2a: Juice|Annihilape, L50, F|100/100
|switch|p2b: Mandibuzz|Mandibuzz, L50, F|100/100
|-ability|p1a: Arcanine|Intimidate|boost
|-unboost|p2a: Juice|atk|1
|-ability|p2a: Juice|Defiant|boost
|-boost|p2a: Juice|atk|2
|-unboost|p2b: Mandibuzz|atk|1
|-enditem|p1a: Arcanine|Mirror Herb
|-boost|p1a: Arcanine|atk|2|[from] item: Mirror Herb
|turn|1
|inactive|SuperPokeVGC has 30 seconds left.
|inactive|SuperPokeVGC has 20 seconds left.
|inactive|SuperPokeVGC has 15 seconds left.
|inactive|SuperPokeVGC has 10 seconds left.
|inactive|SuperPokeVGC has 5 seconds left.
|
|t:|1756491629
|move|p2a: Juice|Protect|p2a: Juice
|-singleturn|p2a: Juice|Protect
|move|p1b: Garchomp|Dragon Claw|p2b: Mandibuzz
|-crit|p2b: Mandibuzz
|-damage|p2b: Mandibuzz|54/100
|move|p1a: Arcanine|Flare Blitz|p2b: Mandibuzz
|-damage|p2b: Mandibuzz|0 fnt
|faint|p2b: Mandibuzz
|-damage|p1a: Arcanine|78/100|[from] Recoil
|
|upkeep
|
|t:|1756491641
|switch|p2b: Venusaur|Venusaur, L50, F|100/100
|turn|2
|inactive|SuperPokeVGC has 30 seconds left.
|inactive|SuperPokeVGC has 20 seconds left.
|
|t:|1756491677
|move|p1a: Arcanine|Protect|p1a: Arcanine
|-singleturn|p1a: Arcanine|Protect
|move|p2b: Venusaur|Protect|p2b: Venusaur
|-singleturn|p2b: Venusaur|Protect
|move|p1b: Garchomp|Earthquake|p2b: Venusaur|[spread] p2a
|-activate|p1a: Arcanine|move: Protect
|-activate|p2b: Venusaur|move: Protect
|-damage|p2a: Juice|63/100
|move|p2a: Juice|Drain Punch|p1a: Arcanine
|-activate|p1a: Arcanine|move: Protect
|
|upkeep
|turn|3
|inactive|SuperPokeVGC has 30 seconds left.
|inactive|SuperPokeVGC has 20 seconds left.
|
|t:|1756491716
|switch|p2a: Torkoal|Torkoal, L50, F|100/100
|-weather|SunnyDay|[from] ability: Drought|[of] p2a: Torkoal
|-terastallize|p1a: Arcanine|Normal
|-terastallize|p2b: Venusaur|Stellar
|move|p2b: Venusaur|Sludge Bomb|p1a: Arcanine
|-damage|p1a: Arcanine|0 fnt
|faint|p1a: Arcanine
|-damage|p2b: Venusaur|91/100|[from] item: Life Orb
|move|p1b: Garchomp|Stomping Tantrum|p2a: Torkoal
|-supereffective|p2a: Torkoal
|-damage|p2a: Torkoal|33/100
|
|-weather|SunnyDay|[upkeep]
|upkeep
|
|t:|1756491731
|switch|p1a: Tyranitar|Tyranitar, L50, F|100/100
|-weather|Sandstorm|[from] ability: Sand Stream|[of] p1a: Tyranitar
|turn|4
|
|t:|1756491748
|switch|p2a: Juice|Annihilape, L50, F|63/100
|move|p1a: Tyranitar|Protect|p1a: Tyranitar
|-singleturn|p1a: Tyranitar|Protect
|move|p1b: Garchomp|Earthquake|p2b: Venusaur|[spread] p2a,p2b
|-activate|p1a: Tyranitar|move: Protect
|-damage|p2a: Juice|29/100
|-damage|p2b: Venusaur|36/100
|move|p2b: Venusaur|Energy Ball|p1b: Garchomp
|-damage|p1b: Garchomp|13/100
|-damage|p2b: Venusaur|27/100|[from] item: Life Orb
|
|-weather|Sandstorm|[upkeep]
|-damage|p2b: Venusaur|21/100|[from] Sandstorm
|-damage|p2a: Juice|23/100|[from] Sandstorm
|upkeep
|turn|5
|
|t:|1756491768
|switch|p1a: Sinistcha|Sinistcha, L50|100/100
|-heal|p1b: Garchomp|38/100|[from] ability: Hospitality|[of] p1a: Sinistcha
|move|p1b: Garchomp|Protect|p1b: Garchomp
|-singleturn|p1b: Garchomp|Protect
|move|p2b: Venusaur|Protect|p2b: Venusaur
|-singleturn|p2b: Venusaur|Protect
|move|p2a: Juice|Drain Punch|p1a: Sinistcha
|-immune|p1a: Sinistcha
|
|-weather|Sandstorm|[upkeep]
|-damage|p2b: Venusaur|16/100|[from] Sandstorm
|-damage|p2a: Juice|17/100|[from] Sandstorm
|-damage|p1a: Sinistcha|94/100|[from] Sandstorm
|upkeep
|turn|6
|inactive|SuperPokeVGC has 30 seconds left.
|
|t:|1756491795
|switch|p1b: Tyranitar|Tyranitar, L50, F|100/100
|move|p2b: Venusaur|Energy Ball|p1b: Tyranitar
|-supereffective|p1b: Tyranitar
|-damage|p1b: Tyranitar|38/100
|-damage|p2b: Venusaur|6/100|[from] item: Life Orb
|move|p2a: Juice|Rage Fist|p1a: Sinistcha
|-supereffective|p1a: Sinistcha
|-damage|p1a: Sinistcha|0 fnt
|faint|p1a: Sinistcha
|
|-weather|Sandstorm|[upkeep]
|-damage|p2b: Venusaur|0 fnt|[from] Sandstorm
|-damage|p2a: Juice|11/100|[from] Sandstorm
|faint|p2b: Venusaur
|upkeep
|
|t:|1756491810
|switch|p2b: Torkoal|Torkoal, L50, F|33/100
|switch|p1a: Garchomp|Garchomp, L50, F|38/100
|-weather|SunnyDay|[from] ability: Drought|[of] p2b: Torkoal
|turn|7
|
|t:|1756491820
|move|p2a: Juice|Protect|p2a: Juice
|-singleturn|p2a: Juice|Protect
|move|p1b: Tyranitar|Protect|p1b: Tyranitar
|-singleturn|p1b: Tyranitar|Protect
|move|p1a: Garchomp|Earthquake|p2b: Torkoal|[spread] p2b
|-activate|p1b: Tyranitar|move: Protect
|-activate|p2a: Juice|move: Protect
|-supereffective|p2b: Torkoal
|-damage|p2b: Torkoal|0 fnt
|faint|p2b: Torkoal
|
|-weather|SunnyDay|[upkeep]
|upkeep
|turn|8
|
|t:|1756491830
|move|p1a: Garchomp|Dragon Claw|p2a: Juice
|-damage|p2a: Juice|0 fnt
|faint|p2a: Juice
|
|win|SuperPokeVGC
||midnight labworks is ready for game 2.
||SuperPokeVGC is ready for game 2.
|uhtml|next|Next: Game 2 of 3
|l|☆midnight labworks
|player|p2|
