|j|☆SandroSSB
|j|☆Brutalandathebozz
|html|SandroSSBBrutalandathebozz    
|uhtml|bestof|Game 2 of a best-of-3
|t:|1756322921
|gametype|doubles
|player|p1|SandroSSB|brycen|
|player|p2|Brutalandathebozz|101|
|gen|9
|tier|[Gen 9] VGC 2025 Reg H (Bo3)
|rule|Species Clause: Limit one of each Pokémon
|rule|Item Clause: Limit 1 of each item
|clearpoke
|poke|p1|Dragapult, L50, F|
|poke|p1|Typhlosion-Hisui, L50, M|
|poke|p1|Whimsicott, L50, F|
|poke|p1|Electabuzz, L50, F|
|poke|p1|Flamigo, L50, M|
|poke|p1|Incineroar, L50, M|
|poke|p2|Sneasler, L50, F|
|poke|p2|Electabuzz, L50, F|
|poke|p2|Rillaboom, L50, M|
|poke|p2|Primarina, L50, F|
|poke|p2|Kingambit, L50, M|
|poke|p2|Volcarona, L50, F|
|teampreview|4
|showteam|p1|Dragapult||ChoiceBand|ClearBody|DragonDarts,Outrage,PhantomForce,Uturn|||F|||50|,,,,,Dragon]Typhlosion-Hisui||ChoiceSpecs|Blaze|Eruption,HeatWave,Overheat,ShadowBall|||M|||50|,,,,,Fire]Whimsicott||CovertCloak|Prankster|Moonblast,Tailwind,SunnyDay,Encore|||F|||50|,,,,,Water]Electabuzz||Eviolite|VitalSpirit|FollowMe,Thunderbolt,Taunt,Protect|||F|||50|,,,,,Ghost]Flamigo||FocusSash|Scrappy|CloseCombat,BraveBird,Feint,Protect|||M|||50|,,,,,Ghost]Incineroar||AssaultVest|Intimidate|FakeOut,KnockOff,FlareBlitz,Uturn|||M|||50|,,,,,Grass
|showteam|p2|Sneasler||FocusSash|PoisonTouch|FakeOut,CloseCombat,DireClaw,Protect|||F|||50|,,,,,Ghost]Electabuzz||Eviolite|VitalSpirit|Protect,Taunt,FollowMe,Electroweb|||F|||50|,,,,,Ghost]Rillaboom||AssaultVest|GrassySurge|WoodHammer,GrassyGlide,FakeOut,HighHorsepower|||M|||50|,,,,,Fire]Primarina||SitrusBerry|LiquidVoice|HyperVoice,Moonblast,Protect,Haze|||F|||50|,,,,,Poison]Kingambit||BlackGlasses|Defiant|KowtowCleave,SuckerPunch,Protect,SwordsDance|||M|||50|,,,,,Dark]Volcarona||Leftovers|FlameBody|HeatWave,TeraBlast,QuiverDance,Protect|||F|||50|,,,,,Fairy
|inactive|Battle timer is ON: inactive players will automatically lose when time's up. (requested by SandroSSB)
|inactive|SandroSSB has 60 seconds left.
|inactive|Brutalandathebozz has 60 seconds left.
|
|t:|1756322983
|teamsize|p1|4
|teamsize|p2|4
|start
|switch|p1a: Typhlosion|Typhlosion-Hisui, L50, M|100/100
|switch|p1b: Whimsicott|Whimsicott, L50, F, shiny|100/100
|switch|p2a: Electabuzz|Electabuzz, L50, F|100/100
|switch|p2b: Volcarona|Volcarona, L50, F, shiny|100/100
|turn|1
|inactive|Brutalandathebozz has 30 seconds left.
|
|t:|1756323013
|-terastallize|p1a: Typhlosion|Fire
|move|p1b: Whimsicott|Tailwind|p1b: Whimsicott
|-sidestart|p1: SandroSSB|move: Tailwind
|move|p1a: Typhlosion|Eruption|p2b: Volcarona|[spread] p2a,p2b
|-damage|p2a: Electabuzz|8/100
|-damage|p2b: Volcarona|0 fnt
|faint|p2b: Volcarona
|move|p2a: Electabuzz|Electroweb|p1a: Typhlosion|[spread] p1a,p1b
|-resisted|p1b: Whimsicott
|-damage|p1a: Typhlosion|82/100
|-damage|p1b: Whimsicott|92/100
|-unboost|p1a: Typhlosion|spe|1
|
|upkeep
|
|t:|1756323018
|switch|p2b: Primarina|Primarina, L50, F|100/100
|turn|2
|
|t:|1756323037
|switch|p1a: Electabuzz|Electabuzz, L50, F|100/100
|move|p2a: Electabuzz|Protect|p2a: Electabuzz
|-singleturn|p2a: Electabuzz|Protect
|move|p1b: Whimsicott|Moonblast|p2a: Electabuzz
|-activate|p2a: Electabuzz|move: Protect
|move|p2b: Primarina|Hyper Voice|p1a: Electabuzz|[spread] p1a,p1b
|-resisted|p1b: Whimsicott
|-damage|p1a: Electabuzz|75/100
|-damage|p1b: Whimsicott|75/100
|
|upkeep
|turn|3
|
|t:|1756323056
|-terastallize|p2b: Primarina|Poison
|move|p1b: Whimsicott|Moonblast|p2a: Electabuzz
|-crit|p2a: Electabuzz
|-damage|p2a: Electabuzz|0 fnt
|faint|p2a: Electabuzz
|move|p1a: Electabuzz|Thunderbolt|p2b: Primarina
|-damage|p2b: Primarina|74/100
|move|p2b: Primarina|Hyper Voice|p1b: Whimsicott|[spread] p1a,p1b
|-resisted|p1b: Whimsicott
|-damage|p1a: Electabuzz|50/100
|-damage|p1b: Whimsicott|55/100
|
|upkeep
|
|t:|1756323059
|switch|p2a: Sneasler|Sneasler, L50, F|100/100
|turn|4
|
|t:|1756323078
|switch|p1b: Flamigo|Flamigo, L50, M|100/100
|move|p1a: Electabuzz|Protect|p1a: Electabuzz
|-singleturn|p1a: Electabuzz|Protect
|move|p2a: Sneasler|Dire Claw|p1b: Flamigo
|-damage|p1b: Flamigo|41/100
|move|p2b: Primarina|Hyper Voice|p1a: Electabuzz|[spread] p1b
|-activate|p1a: Electabuzz|move: Protect
|-damage|p1b: Flamigo|0 fnt
|faint|p1b: Flamigo
|
|-sideend|p1: SandroSSB|move: Tailwind
|upkeep
|
|t:|1756323100
|switch|p1b: Typhlosion|Typhlosion-Hisui, L50, M, tera:Fire|82/100
|turn|5
|
|t:|1756323112
|move|p2b: Primarina|Protect|p2b: Primarina
|-singleturn|p2b: Primarina|Protect
|move|p1a: Electabuzz|Follow Me|p1a: Electabuzz
|-singleturn|p1a: Electabuzz|move: Follow Me
|move|p2a: Sneasler|Close Combat|p1a: Electabuzz
|-damage|p1a: Electabuzz|2/100
|-unboost|p2a: Sneasler|def|1
|-unboost|p2a: Sneasler|spd|1
|-status|p1a: Electabuzz|psn|[from] ability: Poison Touch|[of] p2a: Sneasler
|move|p1b: Typhlosion|Eruption|p2a: Sneasler|[spread] p2a
|-activate|p2b: Primarina|move: Protect
|-enditem|p2a: Sneasler|Focus Sash
|-damage|p2a: Sneasler|1/100
|
|-damage|p1a: Electabuzz|0 fnt|[from] psn
|faint|p1a: Electabuzz
|upkeep
|
|t:|1756323116
|switch|p1a: Whimsicott|Whimsicott, L50, F, shiny|55/100
|turn|6
|
|t:|1756323123
|move|p1a: Whimsicott|Tailwind|p1a: Whimsicott
|-sidestart|p1: SandroSSB|move: Tailwind
|move|p1b: Typhlosion|Eruption|p2a: Sneasler|[spread] p2a,p2b
|-damage|p2a: Sneasler|0 fnt
|-damage|p2b: Primarina|0 fnt
|faint|p2a: Sneasler
|faint|p2b: Primarina
|
|win|SandroSSB
|c|☆SandroSSB|ggs
|c|☆Brutalandathebozz|gg
