|j|☆ToastedArt
|j|☆videoasaurus
|html|ToastedArtvideoasaurus    
|uhtml|bestof|Game 1 of a best-of-3
|t:|1785634465
|gametype|doubles
|player|p1|ToastedArt|iris|1030
|player|p2|videoasaurus|265|1063
|gen|9
|tier|[Gen 9 Champions] VGC 2026 Reg M-B (Bo3)
|rated|
|rule|Species Clause: Limit one of each Pokémon
|rule|Item Clause: Limit 1 of each item
|clearpoke
|poke|p1|Floette-Eternal, L50, F|
|poke|p1|Alcremie-Ruby-Swirl, L50, F, shiny|
|poke|p1|Incineroar, L50, M|
|poke|p1|Sinistcha, L50|
|poke|p1|Staraptor, L50, F|
|poke|p1|Sneasler, L50, M|
|poke|p2|Glimmora, L50, F|
|poke|p2|Staraptor, L50, M|
|poke|p2|Sinistcha, L50|
|poke|p2|Incineroar, L50, M|
|poke|p2|Aegislash, L50, M|
|poke|p2|Palafin, L50, M|
|teampreview|4
|showteam|p1|Floette-Eternal||Floettite|FlowerVeil|DazzlingGleam,Moonblast,DrainingKiss,Protect|Modest||F|||50|]Alcremie-Ruby-Swirl||ChoiceScarf|AromaVeil|Decorate,MistyExplosion,Charm,FakeTears|Timid||F|||50|]Incineroar||SitrusBerry|Intimidate|FlareBlitz,DarkestLariat,PartingShot,FakeOut|Impish||M|||50|]Sinistcha||KasibBerry|Hospitality|MatchaGotcha,RagePowder,TrickRoom,Protect|Relaxed|||||50|]Staraptor||Staraptite|Intimidate|CloseCombat,BraveBird,Tailwind,Protect|Careful||F|||50|]Sneasler||FocusSash|PoisonTouch|FakeOut,CloseCombat,PoisonJab,Screech|Adamant||M|||50|
|showteam|p2|Glimmora||Glimmoranite|ToxicDebris|SludgeBomb,PowerGem,EarthPower,SpikyShield|Timid||F|||50|]Staraptor||Staraptite|Intimidate|BraveBird,CloseCombat,Tailwind,Protect|Jolly||M|||50|]Sinistcha||Leftovers|Hospitality|MatchaGotcha,TrickRoom,RagePowder,Protect|Relaxed|||||50|]Incineroar||SitrusBerry|Intimidate|FlareBlitz,FakeOut,PartingShot,Taunt|Adamant||M|||50|]Aegislash||LifeOrb|StanceChange|KingsShield,SwordsDance,IronHead,ShadowSneak|Adamant||M|||50|]Palafin||MysticWater|ZerotoHero|JetPunch,FlipTurn,WaveCrash,Protect|Jolly||M|||50|
|inactive|Battle timer is ON: inactive players will automatically lose when time's up. (requested by ToastedArt)
|inactive|videoasaurus has 60 seconds left.
|
|t:|1785634519
|teamsize|p1|4
|teamsize|p2|4
|start
|switch|p1a: Staraptor|Staraptor, L50, F|100/100
|switch|p1b: Alcremie|Alcremie-Ruby-Swirl, L50, F, shiny|100/100
|switch|p2a: Aegislash|Aegislash, L50, M|100/100
|switch|p2b: Incineroar|Incineroar, L50, M|100/100
|-ability|p1a: Staraptor|Intimidate|boost
|-unboost|p2a: Aegislash|atk|1
|-unboost|p2b: Incineroar|atk|1
|-ability|p2b: Incineroar|Intimidate|boost
|-unboost|p1a: Staraptor|atk|1
|-unboost|p1b: Alcremie|atk|1
|turn|1
|inactive|ToastedArt has 30 seconds left.
|
|t:|1785634545
|detailschange|p1a: Staraptor|Staraptor-Mega, L50, F
|-mega|p1a: Staraptor|Staraptor|Staraptite
|move|p2b: Incineroar|Fake Out|p1b: Alcremie
|-damage|p1b: Alcremie|87/100
|cant|p1b: Alcremie|flinch
|move|p1a: Staraptor|Tailwind|p1a: Staraptor
|-sidestart|p1: ToastedArt|move: Tailwind
|move|p2a: Aegislash|Swords Dance|p2a: Aegislash
|-boost|p2a: Aegislash|atk|2
|
|upkeep
|turn|2
|
|t:|1785634567
|move|p1b: Alcremie|Charm|p1a: Staraptor
|-boost|p1a: Staraptor|atk|2
|move|p1a: Staraptor|Close Combat|p2b: Incineroar
|-supereffective|p2b: Incineroar|1
|-crit|p2b: Incineroar
|-damage|p2b: Incineroar|0 fnt
|-boost|p1a: Staraptor|def|1
|-boost|p1a: Staraptor|spd|1
|faint|p2b: Incineroar
|-formechange|p2a: Aegislash|Aegislash-Blade|
|move|p2a: Aegislash|Iron Head|p1a: Staraptor
|-damage|p1a: Staraptor|36/100
|-damage|p2a: Aegislash|90/100|[from] item: Life Orb
|
|upkeep
|
|t:|1785634580
|switch|p2b: Sinistcha|Sinistcha, L50|100/100
|-heal|p2a: Aegislash|100/100|[from] ability: Hospitality|[of] p2b: Sinistcha
|turn|3
|
|t:|1785634590
|switch|p1b: Sinistcha|Sinistcha, L50|100/100
|-heal|p1a: Staraptor|61/100|[from] ability: Hospitality|[of] p1b: Sinistcha
|move|p1a: Staraptor|Protect|p1a: Staraptor
|-singleturn|p1a: Staraptor|Protect
|move|p2b: Sinistcha|Protect|p2b: Sinistcha
|-singleturn|p2b: Sinistcha|Protect
|move|p2a: Aegislash|Shadow Sneak|p1a: Staraptor
|-activate|p1a: Staraptor|move: Protect
|
|upkeep
|turn|4
|
|t:|1785634610
|-formechange|p2a: Aegislash|Aegislash|
|move|p2a: Aegislash|King's Shield|p2a: Aegislash
|-singleturn|p2a: Aegislash|Protect
|move|p1b: Sinistcha|Rage Powder|p1b: Sinistcha
|-singleturn|p1b: Sinistcha|move: Rage Powder
|move|p1a: Staraptor|Brave Bird|p2a: Aegislash
|-activate|p2a: Aegislash|move: Protect
|-boost|p1a: Staraptor|atk|1
|move|p2b: Sinistcha|Trick Room|p2b: Sinistcha
|-fieldstart|move: Trick Room|[of] p2b: Sinistcha
|
|-sideend|p1: ToastedArt|move: Tailwind
|upkeep
|turn|5
|
|t:|1785634631
|switch|p2a: Glimmora|Glimmora, L50, F|100/100
|move|p1b: Sinistcha|Rage Powder|p1b: Sinistcha
|-singleturn|p1b: Sinistcha|move: Rage Powder
|move|p2b: Sinistcha|Matcha Gotcha|p1b: Sinistcha|[spread] p1a,p1b
|-resisted|p1a: Staraptor|1
|-resisted|p1b: Sinistcha|1
|-damage|p1a: Staraptor|53/100
|-damage|p1b: Sinistcha|88/100
|move|p1a: Staraptor|Brave Bird|p2a: Glimmora
|-resisted|p2a: Glimmora|1
|-damage|p2a: Glimmora|29/100
|-activate|p2a: Glimmora|ability: Toxic Debris
|-sidestart|p1: ToastedArt|move: Toxic Spikes
|-damage|p1a: Staraptor|33/100|[from] Recoil
|
|upkeep
|turn|6
|inactive|videoasaurus has 30 seconds left.
|
|t:|1785634659
|switch|p1b: Incineroar|Incineroar, L50, M|100/100
|-status|p1b: Incineroar|psn
|-ability|p1b: Incineroar|Intimidate|boost
|-unboost|p2a: Glimmora|atk|1
|-unboost|p2b: Sinistcha|atk|1
|detailschange|p2a: Glimmora|Glimmora-Mega, L50, F
|-mega|p2a: Glimmora|Glimmora|Glimmoranite
|move|p1a: Staraptor|Protect|p1a: Staraptor
|-singleturn|p1a: Staraptor|Protect
|move|p2b: Sinistcha|Matcha Gotcha|p1b: Incineroar|[spread] p1b
|-activate|p1a: Staraptor|move: Protect
|-resisted|p1b: Incineroar|1
|-damage|p1b: Incineroar|88/100 psn
|move|p2a: Glimmora|Power Gem|p1a: Staraptor
|-activate|p1a: Staraptor|move: Protect
|
|-damage|p1b: Incineroar|76/100 psn|[from] psn
|upkeep
|turn|7
|
|t:|1785634676
|switch|p2b: Aegislash|Aegislash, L50, M|100/100
|move|p2a: Glimmora|Spiky Shield|p2a: Glimmora
|-singleturn|p2a: Glimmora|move: Protect
|move|p1b: Incineroar|Flare Blitz|p2b: Aegislash
|-supereffective|p2b: Aegislash|1
|-damage|p2b: Aegislash|20/100y
|-damage|p1b: Incineroar|54/100 psn|[from] Recoil
|move|p1a: Staraptor|Close Combat|p2a: Glimmora
|-activate|p2a: Glimmora|move: Protect
|-damage|p1a: Staraptor|21/100|[from] Spiky Shield|[of] p2a: Glimmora
|
|-damage|p1b: Incineroar|42/100 psn|[from] psn
|upkeep
|-enditem|p1b: Incineroar|Sitrus Berry|[eat]
|-heal|p1b: Incineroar|66/100 psn|[from] item: Sitrus Berry
|turn|8
|
|t:|1785634701
|switch|p2a: Sinistcha|Sinistcha, L50|100/100
|-heal|p2b: Aegislash|45/100|[from] ability: Hospitality|[of] p2a: Sinistcha
|move|p1a: Staraptor|Protect|p1a: Staraptor
|-singleturn|p1a: Staraptor|Protect
|-formechange|p2b: Aegislash|Aegislash-Blade|
|move|p2b: Aegislash|Shadow Sneak|p1a: Staraptor
|-activate|p1a: Staraptor|move: Protect
|move|p1b: Incineroar|Flare Blitz|p2b: Aegislash
|-supereffective|p2b: Aegislash|1
|-damage|p2b: Aegislash|0 fnt
|faint|p2b: Aegislash
|-damage|p1b: Incineroar|54/100 psn|[from] Recoil
|
|-damage|p1b: Incineroar|42/100 psn|[from] psn
|-fieldend|move: Trick Room
|upkeep
|
|t:|1785634715
|switch|p2b: Glimmora|Glimmora-Mega, L50, F|29/100
|turn|9
|
|t:|1785634724
|move|p2a: Sinistcha|Rage Powder|p2a: Sinistcha
|-singleturn|p2a: Sinistcha|move: Rage Powder
|move|p2b: Glimmora|Power Gem|p1a: Staraptor
|-damage|p1a: Staraptor|0 fnt
|faint|p1a: Staraptor
|move|p1b: Incineroar|Darkest Lariat|p2a: Sinistcha
|-supereffective|p2a: Sinistcha|1
|-damage|p2a: Sinistcha|52/100
|
|-heal|p2a: Sinistcha|58/100|[from] item: Leftovers
|-damage|p1b: Incineroar|29/100 psn|[from] psn
|upkeep
|
|t:|1785634732
|switch|p1a: Alcremie|Alcremie-Ruby-Swirl, L50, F, shiny|87/100
|-status|p1a: Alcremie|psn
|turn|10
|inactive|videoasaurus has 30 seconds left.
|
|t:|1785634760
|switch|p1b: Sinistcha|Sinistcha, L50|88/100
|-status|p1b: Sinistcha|psn
|-heal|p1a: Alcremie|100/100 psn|[from] ability: Hospitality|[of] p1b: Sinistcha
|move|p1a: Alcremie|Decorate|p1b: Sinistcha
|-boost|p1b: Sinistcha|atk|2
|-boost|p1b: Sinistcha|spa|2
|move|p2b: Glimmora|Power Gem|p1b: Sinistcha
|-damage|p1b: Sinistcha|28/100 psn
|move|p2a: Sinistcha|Matcha Gotcha|p1b: Sinistcha|[spread] p1a,p1b
|-resisted|p1b: Sinistcha|1
|-damage|p1a: Alcremie|76/100 psn
|-heal|p2a: Sinistcha|70/100|[from] drain|[of] p1a: Alcremie
|-damage|p1b: Sinistcha|16/100 psn
|-heal|p2a: Sinistcha|76/100|[from] drain|[of] p1b: Sinistcha
|
|-heal|p2a: Sinistcha|82/100|[from] item: Leftovers
|-damage|p1a: Alcremie|64/100 psn|[from] psn
|-damage|p1b: Sinistcha|4/100 psn|[from] psn
|upkeep
|turn|11
|-message|ToastedArt forfeited.
|
|win|videoasaurus
