|j|☆giby0520
|j|☆panijc
|html|giby0520panijc    
|uhtml|bestof|Game 2 of a best-of-3
|t:|1786150919
|gametype|doubles
|player|p1|giby0520|benga|1256
|player|p2|panijc|169|1226
|gen|9
|tier|[Gen 9 Champions] VGC 2026 Reg M-B (Bo3)
|rated|
|rule|Species Clause: Limit one of each Pokémon
|rule|Item Clause: Limit 1 of each item
|clearpoke
|poke|p1|Staraptor, L50, M|
|poke|p1|Garchomp, L50, M|
|poke|p1|Whimsicott, L50, M|
|poke|p1|Delphox, L50, M|
|poke|p1|Glimmora, L50, M|
|poke|p1|Kingambit, L50, M|
|poke|p2|Raichu, L50, M|
|poke|p2|Mamoswine, L50, F|
|poke|p2|Sylveon, L50, F|
|poke|p2|Incineroar, L50, F|
|poke|p2|Basculegion, L50, M|
|poke|p2|Whimsicott, L50, F|
|teampreview|4
|showteam|p1|Staraptor||Staraptite|Intimidate|Protect,Roost,CloseCombat,BraveBird|Jolly||M|||50|]Garchomp||LifeOrb|RoughSkin|Protect,RockSlide,Earthquake,DragonClaw|Jolly||M|||50|]Whimsicott||OccaBerry|Prankster|Moonblast,Tailwind,Charm,LightScreen|Timid||M|||50|]Delphox||Delphoxite|Blaze|Protect,Psychic,HeatWave,Substitute|Timid||M|||50|]Glimmora||FocusSash|ToxicDebris|SpikyShield,SludgeBomb,EarthPower,PowerGem|Timid||M|||50|]Kingambit||ChopleBerry|Defiant|SuckerPunch,LowKick,IronHead,KowtowCleave|Adamant||M|||50|
|showteam|p2|Raichu||RaichuniteY|LightningRod|ZapCannon,FocusBlast,FakeOut,Protect|Timid||M|||50|]Mamoswine||LifeOrb|Oblivious|IcicleCrash,HighHorsepower,IceShard,Protect|Adamant||F|||50|]Sylveon||FairyFeather|Pixilate|HyperVoice,HyperBeam,Detect,Yawn|Modest||F|||50|]Incineroar||SitrusBerry|Intimidate|ThroatChop,FlareBlitz,FakeOut,PartingShot|Impish||F|||50|]Basculegion||MysticWater|Adaptability|WaveCrash,LastRespects,AquaJet,Protect|Adamant||M|||50|]Whimsicott||FocusSash|Prankster|Moonblast,Tailwind,Protect,Encore|Timid||F|||50|
|inactive|Battle timer is ON: inactive players will automatically lose when time's up. (requested by giby0520)
|
|t:|1786150939
|teamsize|p1|4
|teamsize|p2|4
|start
|switch|p1a: Delphox|Delphox, L50, M|100/100
|switch|p1b: Glimmora|Glimmora, L50, M|100/100
|switch|p2a: Whimsicott|Whimsicott, L50, F|100/100
|switch|p2b: Sylveon|Sylveon, L50, F|100/100
|turn|1
|inactive|panijc has 30 seconds left.
|
|t:|1786150966
|switch|p2b: Basculegion|Basculegion, L50, M|100/100
|detailschange|p1a: Delphox|Delphox-Mega, L50, M
|-mega|p1a: Delphox|Delphox|Delphoxite
|move|p2a: Whimsicott|Protect|p2a: Whimsicott
|-singleturn|p2a: Whimsicott|Protect
|move|p1a: Delphox|Heat Wave|p2b: Basculegion|[spread] p2b
|-activate|p2a: Whimsicott|move: Protect
|-resisted|p2b: Basculegion|1
|-damage|p2b: Basculegion|79/100
|move|p1b: Glimmora|Sludge Bomb|p2b: Basculegion
|-resisted|p2b: Basculegion|1
|-damage|p2b: Basculegion|56/100
|
|upkeep
|turn|2
|
|t:|1786150983
|move|p1a: Delphox|Protect|p1a: Delphox
|-singleturn|p1a: Delphox|Protect
|move|p2a: Whimsicott|Tailwind|p2a: Whimsicott
|-sidestart|p2: panijc|move: Tailwind
|move|p2b: Basculegion|Wave Crash|p1a: Delphox
|-activate|p1a: Delphox|move: Protect
|move|p1b: Glimmora|Power Gem|p2b: Basculegion
|-damage|p2b: Basculegion|11/100
|
|upkeep
|turn|3
|
|t:|1786150998
|switch|p1a: Kingambit|Kingambit, L50, M|100/100
|move|p2a: Whimsicott|Encore|p1a: Kingambit
|-hint|Since gen 7, Dark is immune to Prankster moves.
|-immune|p1a: Kingambit
|move|p2b: Basculegion|Wave Crash|p1a: Kingambit
|-damage|p1a: Kingambit|33/100
|-damage|p2b: Basculegion|0 fnt|[from] Recoil
|faint|p2b: Basculegion
|move|p1b: Glimmora|Sludge Bomb|p2a: Whimsicott
|-supereffective|p2a: Whimsicott|2
|-enditem|p2a: Whimsicott|Focus Sash
|-damage|p2a: Whimsicott|1/100
|
|upkeep
|
|t:|1786151014
|switch|p2b: Sylveon|Sylveon, L50, F|100/100
|turn|4
|
|t:|1786151023
|move|p2a: Whimsicott|Encore|p1b: Glimmora
|-start|p1b: Glimmora|Encore
|move|p1a: Kingambit|Sucker Punch|p2b: Sylveon
|-resisted|p2b: Sylveon|1
|-damage|p2b: Sylveon|79/100
|move|p2b: Sylveon|Hyper Voice|p1b: Glimmora|[spread] p1a,p1b
|-resisted|p1b: Glimmora|1
|-damage|p1a: Kingambit|0 fnt
|-damage|p1b: Glimmora|71/100
|faint|p1a: Kingambit
|move|p1b: Glimmora|Sludge Bomb|p2b: Sylveon
|-supereffective|p2b: Sylveon|1
|-damage|p2b: Sylveon|5/100
|-status|p2b: Sylveon|psn
|
|-damage|p2b: Sylveon|0 fnt|[from] psn
|faint|p2b: Sylveon
|upkeep
|
|t:|1786151037
|switch|p2b: Raichu|Raichu, L50, M|100/100
|switch|p1a: Garchomp|Garchomp, L50, M|100/100
|turn|5
|
|t:|1786151054
|detailschange|p2b: Raichu|Raichu-Mega-Y, L50, M
|-mega|p2b: Raichu|Raichu|Raichunite Y
|move|p1a: Garchomp|Protect|p1a: Garchomp
|-singleturn|p1a: Garchomp|Protect
|move|p2b: Raichu|Fake Out|p1a: Garchomp
|-activate|p1a: Garchomp|move: Protect
|move|p2a: Whimsicott|Moonblast|p1a: Garchomp
|-activate|p1a: Garchomp|move: Protect
|move|p1b: Glimmora|Sludge Bomb|p2a: Whimsicott
|-supereffective|p2a: Whimsicott|2
|-damage|p2a: Whimsicott|0 fnt
|faint|p2a: Whimsicott
|
|-sideend|p2: panijc|move: Tailwind
|upkeep
|turn|6
|
|t:|1786151068
|move|p2b: Raichu|Focus Blast|p1a: Garchomp
|-damage|p1a: Garchomp|44/100
|move|p1a: Garchomp|Earthquake|p2b: Raichu|[spread] p1b,p2b
|-supereffective|p1b: Glimmora|2
|-supereffective|p2b: Raichu|1
|-damage|p1b: Glimmora|0 fnt
|-damage|p2b: Raichu|0 fnt
|-activate|p1b: Glimmora|ability: Toxic Debris
|-sidestart|p2: panijc|move: Toxic Spikes
|faint|p1b: Glimmora
|faint|p2b: Raichu
|-damage|p1a: Garchomp|34/100|[from] item: Life Orb
|
|win|giby0520
|raw|giby0520's rating: 1256 → 1279(+23 for winning)
|raw|panijc's rating: 1226 → 1203(-23 for losing)
|l|☆panijc
|player|p2|
|l|☆giby0520
|player|p1|
|j|☆panijc
|player|p2|panijc|169|
