|j|☆NegaiFreak
|j|☆Bosilek
|html|NegaiFreakBosilek    
|uhtml|bestof|Game 1 of a best-of-3
|t:|1756232861
|gametype|doubles
|player|p1|NegaiFreak|170|1135
|player|p2|Bosilek|lance|1066
|gen|9
|tier|[Gen 9] VGC 2025 Reg H (Bo3)
|rated|
|rule|Species Clause: Limit one of each Pokémon
|rule|Item Clause: Limit 1 of each item
|clearpoke
|poke|p1|Ceruledge, L50, F|
|poke|p1|Sneasler, L50, F|
|poke|p1|Rillaboom, L50, M|
|poke|p1|Salamence, L50, M|
|poke|p1|Milotic, L50, F|
|poke|p1|Ninetales-Alola, L50, F|
|poke|p2|Garchomp, L50, M|
|poke|p2|Incineroar, L50, F|
|poke|p2|Dragonite, L50, M|
|poke|p2|Farigiraf, L50, F|
|poke|p2|Sneasler, L50, M|
|poke|p2|Ninetales-Alola, L50, F|
|teampreview|4
|showteam|p1|Ceruledge||ClearAmulet|FlashFire|BitterBlade,ShadowSneak,BulkUp,Protect|||F|||50|,,,,,Grass]Sneasler||GrassySeed|Unburden|DireClaw,CloseCombat,Coaching,Protect|||F|||50|,,,,,Stellar]Rillaboom||AssaultVest|GrassySurge|FakeOut,GrassyGlide,WoodHammer,HighHorsepower|||M|||50|,,,,,Fire]Salamence||LifeOrb|Intimidate|AirSlash,DracoMeteor,Tailwind,Protect|||M|||50|,,,,,Steel]Milotic||Leftovers|Competitive|Scald,IceBeam,Haze,Protect|||F|||50|,,,,,Dragon]Ninetales-Alola||FocusSash|SnowWarning|FreezeDry,Moonblast,AuroraVeil,Protect|||F|||50|,,,,,Ice
|showteam|p2|Garchomp||LifeOrb|RoughSkin|Protect,Earthquake,DragonClaw,StompingTantrum|||M|||50|,,,,,Water]Incineroar||SafetyGoggles|Intimidate|FakeOut,PartingShot,KnockOff,FlareBlitz|||F|||50|,,,,,Ghost]Dragonite||LoadedDice|Multiscale|Protect,Tailwind,ScaleShot,ExtremeSpeed|||M|||50|,,,,,Fairy]Farigiraf||RockyHelmet|ArmorTail|DazzlingGleam,PsychicNoise,HelpingHand,TrickRoom|||F|||50|,,,,,Fairy]Sneasler||FocusSash|Unburden|Protect,CloseCombat,DireClaw,Coaching|||M|||50|,,,,,Flying]Ninetales-Alola||CovertCloak|SnowWarning|Blizzard,FreezeDry,AuroraVeil,Encore|||F|||50|,,,,,Fire
|c|☆NegaiFreak|GLHF
|c|☆Bosilek|glhf
|
|t:|1756232950
|teamsize|p1|4
|teamsize|p2|4
|start
|switch|p1a: Rillaboom|Rillaboom, L50, M|100/100
|switch|p1b: Ninetales|Ninetales-Alola, L50, F|100/100
|switch|p2a: Garchomp|Garchomp, L50, M, shiny|100/100
|switch|p2b: Ninetales|Ninetales-Alola, L50, F|100/100
|-weather|Snowscape|[from] ability: Snow Warning|[of] p2b: Ninetales
|-fieldstart|move: Grassy Terrain|[from] ability: Grassy Surge|[of] p1a: Rillaboom
|turn|1
|
|t:|1756232972
|switch|p2a: Incineroar|Incineroar, L50, F|100/100
|-ability|p2a: Incineroar|Intimidate|boost
|-unboost|p1a: Rillaboom|atk|1
|-unboost|p1b: Ninetales|atk|1
|-terastallize|p1a: Rillaboom|Fire
|move|p1b: Ninetales|Moonblast|p2b: Ninetales
|-damage|p2b: Ninetales|58/100
|move|p2b: Ninetales|Blizzard|p1a: Rillaboom|[spread] p1a,p1b
|-resisted|p1a: Rillaboom
|-resisted|p1b: Ninetales
|-damage|p1a: Rillaboom|89/100
|-damage|p1b: Ninetales|82/100
|move|p1a: Rillaboom|Wood Hammer|p2b: Ninetales
|-damage|p2b: Ninetales|8/100
|-damage|p1a: Rillaboom|75/100|[from] Recoil
|
|-weather|Snowscape|[upkeep]
|-heal|p2b: Ninetales|14/100|[from] Grassy Terrain
|-heal|p1b: Ninetales|88/100|[from] Grassy Terrain
|-heal|p1a: Rillaboom|81/100|[from] Grassy Terrain
|upkeep
|turn|2
|
|t:|1756232996
|move|p2a: Incineroar|Fake Out|p1a: Rillaboom
|-damage|p1a: Rillaboom|68/100
|cant|p1a: Rillaboom|flinch
|move|p1b: Ninetales|Moonblast|p2b: Ninetales
|-damage|p2b: Ninetales|0 fnt
|faint|p2b: Ninetales
|
|-weather|Snowscape|[upkeep]
|-heal|p1b: Ninetales|94/100|[from] Grassy Terrain
|-heal|p1a: Rillaboom|75/100|[from] Grassy Terrain
|upkeep
|
|t:|1756233010
|switch|p2b: Garchomp|Garchomp, L50, M, shiny|100/100
|turn|3
|
|t:|1756233021
|switch|p1a: Milotic|Milotic, L50, F|100/100
|-terastallize|p2b: Garchomp|Water
|move|p1b: Ninetales|Protect|p1b: Ninetales
|-singleturn|p1b: Ninetales|Protect
|move|p2b: Garchomp|Stomping Tantrum|p1a: Milotic
|-damage|p1a: Milotic|58/100
|-damage|p2b: Garchomp|91/100|[from] item: Life Orb
|move|p2a: Incineroar|Flare Blitz|p1b: Ninetales
|-activate|p1b: Ninetales|move: Protect
|
|-weather|Snowscape|[upkeep]
|-heal|p1b: Ninetales|100/100|[from] Grassy Terrain
|-heal|p2b: Garchomp|97/100|[from] Grassy Terrain
|-heal|p1a: Milotic|65/100|[from] Grassy Terrain
|-heal|p1a: Milotic|71/100|[from] item: Leftovers
|upkeep
|turn|4
|
|t:|1756233049
|move|p1b: Ninetales|Aurora Veil|p1b: Ninetales
|-sidestart|p1: NegaiFreak|move: Aurora Veil
|move|p2b: Garchomp|Dragon Claw|p1a: Milotic
|-damage|p1a: Milotic|40/100
|-damage|p2b: Garchomp|87/100|[from] item: Life Orb
|move|p1a: Milotic|Scald|p2a: Incineroar
|-supereffective|p2a: Incineroar
|-damage|p2a: Incineroar|45/100
|move|p2a: Incineroar|Flare Blitz|p1b: Ninetales
|-supereffective|p1b: Ninetales
|-damage|p1b: Ninetales|25/100
|-status|p1b: Ninetales|brn
|-damage|p2a: Incineroar|27/100|[from] Recoil
|
|-weather|Snowscape|[upkeep]
|-heal|p1b: Ninetales|31/100 brn|[from] Grassy Terrain
|-heal|p2b: Garchomp|93/100|[from] Grassy Terrain
|-heal|p1a: Milotic|46/100|[from] Grassy Terrain
|-heal|p1a: Milotic|52/100|[from] item: Leftovers
|-heal|p2a: Incineroar|33/100|[from] Grassy Terrain
|-damage|p1b: Ninetales|25/100 brn|[from] brn
|upkeep
|turn|5
|
|t:|1756233082
|move|p1b: Ninetales|Freeze-Dry|p2b: Garchomp
|-supereffective|p2b: Garchomp
|-damage|p2b: Garchomp|34/100
|move|p2b: Garchomp|Stomping Tantrum|p1b: Ninetales
|-damage|p1b: Ninetales|0 fnt
|faint|p1b: Ninetales
|-damage|p2b: Garchomp|24/100|[from] item: Life Orb
|move|p1a: Milotic|Scald|p2a: Incineroar
|-supereffective|p2a: Incineroar
|-damage|p2a: Incineroar|0 fnt
|faint|p2a: Incineroar
|
|-weather|none
|-heal|p2b: Garchomp|30/100|[from] Grassy Terrain
|-heal|p1a: Milotic|58/100|[from] Grassy Terrain
|-heal|p1a: Milotic|65/100|[from] item: Leftovers
|-fieldend|move: Grassy Terrain
|upkeep
|
|t:|1756233101
|switch|p1b: Rillaboom|Rillaboom, L50, M, tera:Fire|75/100
|switch|p2a: Sneasler|Sneasler, L50, M|100/100
|-fieldstart|move: Grassy Terrain|[from] ability: Grassy Surge|[of] p1b: Rillaboom
|turn|6
|
|t:|1756233115
|move|p2a: Sneasler|Protect|p2a: Sneasler
|-singleturn|p2a: Sneasler|Protect
|move|p2b: Garchomp|Protect|p2b: Garchomp
|-singleturn|p2b: Garchomp|Protect
|move|p1b: Rillaboom|Fake Out|p2a: Sneasler
|-activate|p2a: Sneasler|move: Protect
|move|p1a: Milotic|Scald|p2a: Sneasler
|-activate|p2a: Sneasler|move: Protect
|
|-heal|p2b: Garchomp|36/100|[from] Grassy Terrain
|-heal|p1b: Rillaboom|81/100|[from] Grassy Terrain
|-heal|p1a: Milotic|71/100|[from] Grassy Terrain
|-heal|p1a: Milotic|77/100|[from] item: Leftovers
|upkeep
|turn|7
|
|t:|1756233133
|move|p1b: Rillaboom|Grassy Glide|p2b: Garchomp
|-supereffective|p2b: Garchomp
|-damage|p2b: Garchomp|0 fnt
|-damage|p1b: Rillaboom|68/100|[from] ability: Rough Skin|[of] p2b: Garchomp
|faint|p2b: Garchomp
|move|p2a: Sneasler|Dire Claw|p1a: Milotic
|-damage|p1a: Milotic|50/100
|-status|p1a: Milotic|slp
|cant|p1a: Milotic|slp
|
|-heal|p1b: Rillaboom|75/100|[from] Grassy Terrain
|-heal|p1a: Milotic|57/100 slp|[from] Grassy Terrain
|-heal|p1a: Milotic|63/100 slp|[from] item: Leftovers
|upkeep
|turn|8
|
|t:|1756233154
|move|p2a: Sneasler|Dire Claw|p1b: Rillaboom
|-damage|p1b: Rillaboom|47/100
|-status|p1b: Rillaboom|par
|-curestatus|p1a: Milotic|slp|[msg]
|move|p1a: Milotic|Scald|p2a: Sneasler
|-crit|p2a: Sneasler
|-damage|p2a: Sneasler|36/100
|move|p1b: Rillaboom|High Horsepower|p2a: Sneasler
|-supereffective|p2a: Sneasler
|-damage|p2a: Sneasler|0 fnt
|faint|p2a: Sneasler
|
|win|NegaiFreak
|inactive|NegaiFreak has 30 seconds to confirm battle start!
|inactive|Bosilek has 30 seconds to confirm battle start!
