|j|☆spori
|j|☆HeroOfHydrangea
|html|sporiHeroOfHydrangea    
|uhtml|bestof|Game 3 of a best-of-3
|t:|1783620364
|gametype|doubles
|player|p1|spori|170|1102
|player|p2|HeroOfHydrangea|2|1000
|gen|9
|tier|[Gen 9 Champions] VGC 2026 Reg M-B (Bo3)
|rated|
|rule|Species Clause: Limit one of each Pokémon
|rule|Item Clause: Limit 1 of each item
|clearpoke
|poke|p1|Floette-Eternal, L50, F|
|poke|p1|Sneasler, L50, F|
|poke|p1|Staraptor, L50, M|
|poke|p1|Garchomp, L50, M|
|poke|p1|Sinistcha, L50|
|poke|p1|Grimmsnarl, L50, M|
|poke|p2|Eelektross, L50, M|
|poke|p2|Espathra, L50, M|
|poke|p2|Incineroar, L50, F|
|poke|p2|Aerodactyl, L50, M|
|poke|p2|Mamoswine, L50, M|
|poke|p2|Maushold, L50|
|teampreview|4
|showteam|p1|Floette-Eternal||Floettite|FlowerVeil|Moonblast,LightofRuin,Protect,DrainingKiss|Modest||F|||50|]Sneasler||FocusSash|Unburden|FakeOut,Protect,CloseCombat,DireClaw|Jolly||F|||50|]Staraptor||Staraptite|Intimidate|Roost,CloseCombat,BraveBird,Protect|Adamant||M|||50|]Garchomp||LifeOrb|RoughSkin|RockSlide,Earthquake,Protect,DragonClaw|Adamant||M|||50|]Sinistcha||KasibBerry|Hospitality|RagePowder,MatchaGotcha,TrickRoom,Protect|Bold|||||50|]Grimmsnarl||LightClay|Prankster|Reflect,LightScreen,Protect,PartingShot|Lonely||M|||50|
|showteam|p2|Eelektross||Eelektrossite|Levitate|Thunderbolt,Flamethrower,GigaDrain,Protect|Modest||M|||50|]Espathra||MentalHerb|SpeedBoost|LuminaCrash,CalmMind,BatonPass,Protect|Timid||M|||50|]Incineroar||SitrusBerry|Intimidate|FakeOut,DarkestLariat,PartingShot,FlareBlitz|Careful||F|||50|]Aerodactyl||FocusSash|Unnerve|RockSlide,WideGuard,DualWingbeat,Tailwind|Jolly||M|||50|]Mamoswine||LifeOrb|Oblivious|IcicleSpear,IceShard,Earthquake,Protect|Adamant||M|||50|]Maushold||ChopleBerry|FriendGuard|SuperFang,FollowMe,Encore,Protect|Jolly|||||50|
|inactive|Battle timer is ON: inactive players will automatically lose when time's up. (requested by spori)
|
|t:|1783620393
|teamsize|p1|4
|teamsize|p2|4
|start
|switch|p1a: Floette|Floette-Eternal, L50, F|100/100
|switch|p1b: Staraptor|Staraptor, L50, M|100/100
|switch|p2a: Espathra|Espathra, L50, M|100/100
|switch|p2b: Incineroar|Incineroar, L50, F|100/100
|-ability|p1b: Staraptor|Intimidate|boost
|-unboost|p2a: Espathra|atk|1
|-unboost|p2b: Incineroar|atk|1
|-ability|p2b: Incineroar|Intimidate|boost
|-unboost|p1a: Floette|atk|1
|-unboost|p1b: Staraptor|atk|1
|turn|1
|inactive|spori has 30 seconds left.
|inactive|spori has 20 seconds left.
|
|t:|1783620430
|switch|p1b: Garchomp|Garchomp, L50, M|100/100
|move|p2b: Incineroar|Fake Out|p1a: Floette
|-crit|p1a: Floette
|-damage|p1a: Floette|77/100
|move|p2a: Espathra|Calm Mind|p2a: Espathra
|-boost|p2a: Espathra|spa|1
|-boost|p2a: Espathra|spd|1
|cant|p1a: Floette|flinch
|
|-ability|p2a: Espathra|Speed Boost|boost
|-boost|p2a: Espathra|spe|1
|upkeep
|turn|2
|inactive|HeroOfHydrangea has 30 seconds left.
|
|t:|1783620461
|move|p2a: Espathra|Lumina Crash|p1a: Floette
|-crit|p1a: Floette
|-damage|p1a: Floette|23/100
|-unboost|p1a: Floette|spd|2
|move|p1b: Garchomp|Earthquake|p2a: Espathra|[spread] p1a,p2a,p2b
|-supereffective|p2b: Incineroar|1
|-damage|p1a: Floette|0 fnt
|-damage|p2a: Espathra|37/100
|-damage|p2b: Incineroar|1/100
|-enditem|p2b: Incineroar|Sitrus Berry|[eat]
|-heal|p2b: Incineroar|26/100|[from] item: Sitrus Berry
|faint|p1a: Floette
|-damage|p1b: Garchomp|90/100|[from] item: Life Orb
|move|p2b: Incineroar|Flare Blitz|p1b: Garchomp
|-resisted|p1b: Garchomp|1
|-damage|p1b: Garchomp|74/100
|-damage|p2b: Incineroar|14/100|[from] ability: Rough Skin|[of] p1b: Garchomp
|-damage|p2b: Incineroar|9/100|[from] Recoil
|
|-ability|p2a: Espathra|Speed Boost|boost
|-boost|p2a: Espathra|spe|1
|upkeep
|inactive|spori has 30 seconds left.
|
|t:|1783620488
|switch|p1a: Sneasler|Sneasler, L50, F|100/100
|turn|3
|
|t:|1783620501
|switch|p2b: Mamoswine|Mamoswine, L50, M|100/100
|move|p2a: Espathra|Protect|p2a: Espathra
|-singleturn|p2a: Espathra|Protect
|move|p1a: Sneasler|Fake Out|p2a: Espathra
|-activate|p2a: Espathra|move: Protect
|move|p1b: Garchomp|Rock Slide|p2a: Espathra|[spread] p2b
|-activate|p2a: Espathra|move: Protect
|-damage|p2b: Mamoswine|67/100
|-damage|p1b: Garchomp|64/100|[from] item: Life Orb
|
|-ability|p2a: Espathra|Speed Boost|boost
|-boost|p2a: Espathra|spe|1
|upkeep
|turn|4
|inactive|spori has 30 seconds left.
|inactive|HeroOfHydrangea has 30 seconds left.
|inactive|spori has 20 seconds left.
|inactive|HeroOfHydrangea has 20 seconds left.
|inactive|spori has 15 seconds left.
|inactive|HeroOfHydrangea has 15 seconds left.
|inactive|spori has 10 seconds left.
|inactive|HeroOfHydrangea has 10 seconds left.
|
|t:|1783620551
|move|p2b: Mamoswine|Ice Shard|p1a: Sneasler
|-damage|p1a: Sneasler|49/100
|-damage|p2b: Mamoswine|58/100|[from] item: Life Orb
|move|p2a: Espathra|Baton Pass|p2a: Espathra
|
|t:|1783620557
|switch|p2a: Eelektross|Eelektross, L50, M|100/100|[from] Baton Pass
|move|p1a: Sneasler|Close Combat|p2b: Mamoswine
|-supereffective|p2b: Mamoswine|1
|-damage|p2b: Mamoswine|0 fnt
|-unboost|p1a: Sneasler|def|1
|-unboost|p1a: Sneasler|spd|1
|faint|p2b: Mamoswine
|move|p1b: Garchomp|Earthquake|p2a: Eelektross|[spread] p1a
|-immune|p2a: Eelektross|[from] ability: Levitate
|-supereffective|p1a: Sneasler|1
|-damage|p1a: Sneasler|0 fnt
|faint|p1a: Sneasler
|-damage|p1b: Garchomp|54/100|[from] item: Life Orb
|
|upkeep
|inactive|HeroOfHydrangea has 30 seconds left.
|
|t:|1783620583
|switch|p1a: Staraptor|Staraptor, L50, M|100/100
|switch|p2b: Incineroar|Incineroar, L50, F|9/100
|-ability|p1a: Staraptor|Intimidate|boost
|-unboost|p2a: Eelektross|atk|1
|-unboost|p2b: Incineroar|atk|1
|-ability|p2b: Incineroar|Intimidate|boost
|-unboost|p1a: Staraptor|atk|1
|-unboost|p1b: Garchomp|atk|1
|turn|5
|
|t:|1783620594
|move|p1b: Garchomp|Protect|p1b: Garchomp
|-singleturn|p1b: Garchomp|Protect
|move|p1a: Staraptor|Protect|p1a: Staraptor
|-singleturn|p1a: Staraptor|Protect
|move|p2b: Incineroar|Fake Out|p1b: Garchomp
|-activate|p1b: Garchomp|move: Protect
|move|p2a: Eelektross|Thunderbolt|p1a: Staraptor
|-activate|p1a: Staraptor|move: Protect
|
|upkeep
|turn|6
|
|t:|1783620621
|detailschange|p1a: Staraptor|Staraptor-Mega, L50, M
|-mega|p1a: Staraptor|Staraptor|Staraptite
|move|p2a: Eelektross|Thunderbolt|p1a: Staraptor
|-supereffective|p1a: Staraptor|1
|-damage|p1a: Staraptor|0 fnt
|faint|p1a: Staraptor
|move|p1b: Garchomp|Dragon Claw|p2a: Eelektross
|-damage|p2a: Eelektross|50/100g
|-damage|p1b: Garchomp|44/100|[from] item: Life Orb
|move|p2b: Incineroar|Parting Shot|p1b: Garchomp
|-unboost|p1b: Garchomp|atk|1
|-unboost|p1b: Garchomp|spa|1
|-message|spori forfeited.
|raw|spori's rating: 1102 → 1070(-32 for losing)
|raw|HeroOfHydrangea's rating: 1000 → 1051(+51 for winning)
|
|win|HeroOfHydrangea
|l|☆spori
|player|p1|
