|j|☆florb morb
|j|☆Sylviana GL
|html|florb morbSylviana GL    
|uhtml|bestof|Game 2 of a best-of-3
|t:|1784353049
|gametype|doubles
|player|p1|florb morb|benga|1090
|player|p2|Sylviana GL|caitlin|1187
|gen|9
|tier|[Gen 9 Champions] VGC 2026 Reg M-B (Bo3)
|rated|
|rule|Species Clause: Limit one of each Pokémon
|rule|Item Clause: Limit 1 of each item
|clearpoke
|poke|p1|Raichu, L50, M|
|poke|p1|Aerodactyl, L50, F|
|poke|p1|Hydreigon, L50, F|
|poke|p1|Sneasler, L50, M|
|poke|p1|Sylveon, L50, F|
|poke|p1|Kingambit, L50, M|
|poke|p2|Aerodactyl, L50, F, shiny|
|poke|p2|Charizard, L50, F|
|poke|p2|Sylveon, L50, M|
|poke|p2|Garchomp, L50, F|
|poke|p2|Kingambit, L50, F|
|poke|p2|Incineroar, L50, M|
|teampreview|4
|showteam|p1|Raichu||RaichuniteY|Static|ZapCannon,FocusBlast,FakeOut,Protect|Timid||M|||50|]Aerodactyl||ChartiBerry|Unnerve|Tailwind,RockSlide,WideGuard,DualWingbeat|Jolly||F|||50|]Hydreigon||ChoiceScarf|Levitate|DracoMeteor,DarkPulse,HeatWave,FlashCannon|Modest||F|||50|]Sneasler||WhiteHerb|Unburden|FakeOut,DireClaw,CloseCombat,Protect|Jolly||M|||50|]Sylveon||LifeOrb|Pixilate|HyperBeam,HyperVoice,QuickAttack,Protect|Timid||F|||50|]Kingambit||FocusSash|Defiant|SuckerPunch,LowKick,KowtowCleave,Protect|Adamant||M|||50|
|showteam|p2|Aerodactyl||Aerodactylite|Unnerve|RockSlide,IceFang,Tailwind,WideGuard|Jolly||F|||50|]Charizard||CharizarditeY|Blaze|HeatWave,WeatherBall,SolarBeam,Protect|Modest||F|||50|]Sylveon||FairyFeather|Pixilate|HyperVoice,HyperBeam,QuickAttack,Detect|Modest||M|||50|]Garchomp||LifeOrb|RoughSkin|DragonClaw,Earthquake,StompingTantrum,Protect|Jolly||F|||50|]Kingambit||FocusSash|Defiant|SuckerPunch,KowtowCleave,IronHead,Protect|Adamant||F|||50|]Incineroar||SitrusBerry|Intimidate|FlareBlitz,ThroatChop,FakeOut,PartingShot|Impish||M|||50|
|inactive|Battle timer is ON: inactive players will automatically lose when time's up. (requested by Sylviana GL)
|
|t:|1784353081
|teamsize|p1|4
|teamsize|p2|4
|start
|switch|p1a: Aerodactyl|Aerodactyl, L50, F|100/100
|switch|p1b: Sylveon|Sylveon, L50, F|100/100
|switch|p2a: Aerodactyl|Aerodactyl, L50, F, shiny|100/100
|switch|p2b: Garchomp|Garchomp, L50, F|100/100
|-ability|p1a: Aerodactyl|Unnerve
|-ability|p2a: Aerodactyl|Unnerve
|turn|1
|inactive|Sylviana GL has 30 seconds left.
|inactive|Sylviana GL has 20 seconds left.
|
|t:|1784353118
|detailschange|p2a: Aerodactyl|Aerodactyl-Mega, L50, F, shiny
|-mega|p2a: Aerodactyl|Aerodactyl|Aerodactylite
|move|p2b: Garchomp|Protect|p2b: Garchomp
|-singleturn|p2b: Garchomp|Protect
|move|p2a: Aerodactyl|Tailwind|p2a: Aerodactyl
|-sidestart|p2: Sylviana GL|move: Tailwind
|move|p1a: Aerodactyl|Tailwind|p1a: Aerodactyl
|-sidestart|p1: florb morb|move: Tailwind
|move|p1b: Sylveon|Hyper Voice|p2b: Garchomp|[spread] p2a
|-activate|p2b: Garchomp|move: Protect
|-damage|p2a: Aerodactyl|54/100
|-damage|p1b: Sylveon|90/100|[from] item: Life Orb
|
|upkeep
|turn|2
|
|t:|1784353135
|move|p2a: Aerodactyl|Wide Guard|p2a: Aerodactyl
|-singleturn|p2a: Aerodactyl|Wide Guard
|move|p1a: Aerodactyl|Rock Slide|p2a: Aerodactyl|[spread] 
|-activate|p2a: Aerodactyl|move: Wide Guard
|-activate|p2b: Garchomp|move: Wide Guard
|move|p2b: Garchomp|Earthquake|p1b: Sylveon|[spread] p1b
|-activate|p2a: Aerodactyl|move: Wide Guard
|-immune|p1a: Aerodactyl
|-damage|p1b: Sylveon|28/100
|-damage|p2b: Garchomp|90/100|[from] item: Life Orb
|move|p1b: Sylveon|Hyper Voice|p2b: Garchomp|[spread] 
|-activate|p2a: Aerodactyl|move: Wide Guard
|-activate|p2b: Garchomp|move: Wide Guard
|
|upkeep
|turn|3
|
|t:|1784353155
|switch|p1b: Hydreigon|Hydreigon, L50, F|100/100
|move|p2a: Aerodactyl|Ice Fang|p1b: Hydreigon
|-supereffective|p1b: Hydreigon|1
|-damage|p1b: Hydreigon|34/100
|move|p1a: Aerodactyl|Rock Slide|p2b: Garchomp|[spread] p2a,p2b
|-supereffective|p2a: Aerodactyl|1
|-resisted|p2b: Garchomp|1
|-damage|p2a: Aerodactyl|5/100
|-damage|p2b: Garchomp|78/100
|move|p2b: Garchomp|Dragon Claw|p1a: Aerodactyl
|-damage|p1a: Aerodactyl|17/100
|-damage|p2b: Garchomp|68/100|[from] item: Life Orb
|
|upkeep
|turn|4
|inactive|florb morb has 30 seconds left.
|inactive|Sylviana GL has 30 seconds left.
|inactive|florb morb has 20 seconds left.
|inactive|florb morb has 15 seconds left.
|inactive|florb morb has 10 seconds left.
|inactive|florb morb has 5 seconds left.
|
|t:|1784353207
|switch|p1a: Sylveon|Sylveon, L50, F|28/100
|move|p1b: Hydreigon|Draco Meteor|p2b: Garchomp
|-supereffective|p2b: Garchomp|1
|-damage|p2b: Garchomp|0 fnt
|-unboost|p1b: Hydreigon|spa|2
|faint|p2b: Garchomp
|move|p2a: Aerodactyl|Ice Fang|p1b: Hydreigon
|-supereffective|p1b: Hydreigon|1
|-damage|p1b: Hydreigon|0 fnt
|faint|p1b: Hydreigon
|
|-sideend|p2: Sylviana GL|move: Tailwind
|-sideend|p1: florb morb|move: Tailwind
|upkeep
|
|t:|1784353222
|switch|p2b: Kingambit|Kingambit, L50, F|100/100
|switch|p1b: Raichu|Raichu, L50, M|100/100
|turn|5
|inactive|Sylviana GL has 30 seconds left.
|inactive|Sylviana GL has 20 seconds left.
|inactive|Sylviana GL has 15 seconds left.
|inactive|Sylviana GL has 10 seconds left.
|
|t:|1784353269
|detailschange|p1b: Raichu|Raichu-Mega-Y, L50, M
|-mega|p1b: Raichu|Raichu|Raichunite Y
|move|p1b: Raichu|Fake Out|p2a: Aerodactyl
|-resisted|p2a: Aerodactyl|1
|-damage|p2a: Aerodactyl|1/100
|cant|p2a: Aerodactyl|flinch
|move|p1a: Sylveon|Hyper Beam|p2b: Kingambit
|-enditem|p2b: Kingambit|Focus Sash
|-damage|p2b: Kingambit|1/100
|-mustrecharge|p1a: Sylveon
|-damage|p1a: Sylveon|18/100|[from] item: Life Orb
|move|p2b: Kingambit|Kowtow Cleave|p1b: Raichu
|-damage|p1b: Raichu|19/100
|
|upkeep
|turn|6
|inactive|florb morb has 30 seconds left.
|inactive|florb morb has 20 seconds left.
|inactive|florb morb has 15 seconds left.
|inactive|florb morb has 10 seconds left.
|inactive|Sylviana GL has 30 seconds left.
|
|t:|1784353316
|move|p2b: Kingambit|Sucker Punch|p1b: Raichu
|-damage|p1b: Raichu|0 fnt
|faint|p1b: Raichu
|move|p2a: Aerodactyl|Tailwind|p2a: Aerodactyl
|-sidestart|p2: Sylviana GL|move: Tailwind
|cant|p1a: Sylveon|recharge
|
|upkeep
|
|t:|1784353318
|switch|p1b: Aerodactyl|Aerodactyl, L50, F|17/100
|-ability|p1b: Aerodactyl|Unnerve
|turn|7
|inactive|Sylviana GL has 30 seconds left.
|inactive|Sylviana GL has 20 seconds left.
|inactive|Sylviana GL has 15 seconds left.
|
|t:|1784353363
|move|p2a: Aerodactyl|Rock Slide|p1a: Sylveon|[spread] p1a,p1b
|-supereffective|p1b: Aerodactyl|1
|-crit|p1b: Aerodactyl
|-enditem|p1b: Aerodactyl|Charti Berry|[eat]
|-enditem|p1b: Aerodactyl|Charti Berry|[weaken]
|-damage|p1a: Sylveon|0 fnt
|-damage|p1b: Aerodactyl|0 fnt
|faint|p1a: Sylveon
|faint|p1b: Aerodactyl
|
|win|Sylviana GL
|raw|florb morb's rating: 1090 → 1073(-17 for losing)
|raw|Sylviana GL's rating: 1187 → 1205(+18 for winning)
|l|☆florb morb
|player|p1|
