|j|☆joshuajohnf
|j|☆marcosdeltasena31
|html|joshuajohnfmarcosdeltasena31    
|uhtml|bestof|Game 2 of a best-of-3
|t:|1755242380
|gametype|doubles
|player|p1|joshuajohnf|266|1231
|player|p2|marcosdeltasena31|hilbert|1395
|gen|9
|tier|[Gen 9] VGC 2025 Reg H (Bo3)
|rated|
|rule|Species Clause: Limit one of each Pokémon
|rule|Item Clause: Limit 1 of each item
|clearpoke
|poke|p1|Dondozo, L50, M|
|poke|p1|Tatsugiri, L50, F|
|poke|p1|Gholdengo, L50|
|poke|p1|Murkrow, L50, F|
|poke|p1|Glimmora, L50, F|
|poke|p1|Tyranitar, L50, M|
|poke|p2|Dragonite, L50, F|
|poke|p2|Sneasler, L50, F|
|poke|p2|Volcarona, L50, F|
|poke|p2|Rillaboom, L50, M|
|poke|p2|Kingambit, L50, F|
|poke|p2|Electabuzz, L50, F|
|teampreview|4
|showteam|p1|Dondozo||Leftovers|Unaware|Protect,WaveCrash,Earthquake,OrderUp|||M|||50|,,,,,Grass]Tatsugiri||ChoiceScarf|Commander|DracoMeteor,IcyWind,MuddyWater,DragonPulse|||F|||50|,,,,,Fairy]Gholdengo||ChoiceSpecs|GoodasGold|MakeItRain,Trick,ShadowBall,Thunderbolt||||||50|,,,,,Steel]Murkrow||Eviolite|Prankster|Haze,Tailwind,BraveBird,Taunt|||F|||50|,,,,,Ghost]Glimmora||FocusSash|ToxicDebris|SpikyShield,MortalSpin,PowerGem,SludgeBomb|||F|||50|,,,,,Grass]Tyranitar||SafetyGoggles|SandStream|Protect,RockSlide,KnockOff,TeraBlast|||M|||50|,,,,,Flying
|showteam|p2|Dragonite||LoadedDice|Multiscale|ScaleShot,ExtremeSpeed,Haze,Protect|||F|||50|,,,,,Fairy]Sneasler||FocusSash|PoisonTouch|DireClaw,CloseCombat,FakeOut,Coaching|||F|||50|,,,,,Ghost]Volcarona||CovertCloak|FlameBody|HeatWave,TeraBlast,QuiverDance,Protect|||F|||50|,,,,,Fairy]Rillaboom||AssaultVest|GrassySurge|WoodHammer,FakeOut,GrassyGlide,HighHorsepower|||M|||50|,,,,,Fire]Kingambit||BlackGlasses|Defiant|KowtowCleave,SwordsDance,SuckerPunch,Protect|||F|||50|,,,,,Dark]Electabuzz||Eviolite|VitalSpirit|Electroweb,FollowMe,Taunt,Protect|||F|||50|,,,,,Ghost
|
|t:|1755242400
|teamsize|p1|4
|teamsize|p2|4
|start
|switch|p1a: Tyranitar|Tyranitar, L50, M|100/100
|switch|p1b: Gholdengo|Gholdengo, L50|100/100
|switch|p2a: Kingambit|Kingambit, L50, F|100/100
|switch|p2b: Sneasler|Sneasler, L50, F|100/100
|-weather|Sandstorm|[from] ability: Sand Stream|[of] p1a: Tyranitar
|turn|1
|
|t:|1755242426
|switch|p1a: Murkrow|Murkrow, L50, F|100/100
|move|p2b: Sneasler|Coaching|p2a: Kingambit
|-boost|p2a: Kingambit|atk|1
|-boost|p2a: Kingambit|def|1
|move|p1b: Gholdengo|Trick|p2a: Kingambit
|-activate|p1b: Gholdengo|move: Trick|[of] p2a: Kingambit
|-item|p2a: Kingambit|Choice Specs|[from] move: Trick
|-item|p1b: Gholdengo|Black Glasses|[from] move: Trick
|move|p2a: Kingambit|Kowtow Cleave|p1b: Gholdengo
|-supereffective|p1b: Gholdengo
|-damage|p1b: Gholdengo|0 fnt
|faint|p1b: Gholdengo
|
|-weather|Sandstorm|[upkeep]
|-damage|p2b: Sneasler|95/100|[from] Sandstorm
|-damage|p1a: Murkrow|95/100|[from] Sandstorm
|upkeep
|
|t:|1755242439
|switch|p1b: Tyranitar|Tyranitar, L50, M|100/100
|turn|2
|
|t:|1755242455
|-terastallize|p1b: Tyranitar|Flying
|-terastallize|p2a: Kingambit|Dark
|move|p1a: Murkrow|Tailwind|p1a: Murkrow
|-sidestart|p1: joshuajohnf|move: Tailwind
|move|p1b: Tyranitar|Tera Blast|p2b: Sneasler|[anim] Tera Blast Flying
|-supereffective|p2b: Sneasler
|-damage|p2b: Sneasler|0 fnt
|faint|p2b: Sneasler
|move|p2a: Kingambit|Kowtow Cleave|p1b: Tyranitar
|-damage|p1b: Tyranitar|20/100
|
|-weather|Sandstorm|[upkeep]
|-damage|p1a: Murkrow|89/100|[from] Sandstorm
|-damage|p2a: Kingambit|95/100|[from] Sandstorm
|upkeep
|
|t:|1755242458
|switch|p2b: Dragonite|Dragonite, L50, F|100/100
|turn|3
|
|t:|1755242474
|move|p1b: Tyranitar|Protect|p1b: Tyranitar
|-singleturn|p1b: Tyranitar|Protect
|move|p2b: Dragonite|Extreme Speed|p1b: Tyranitar
|-activate|p1b: Tyranitar|move: Protect
|move|p1a: Murkrow|Haze|p1a: Murkrow
|-clearallboost
|move|p2a: Kingambit|Kowtow Cleave|p1b: Tyranitar
|-activate|p1b: Tyranitar|move: Protect
|
|-weather|Sandstorm|[upkeep]
|-damage|p1a: Murkrow|83/100|[from] Sandstorm
|-damage|p2b: Dragonite|95/100|[from] Sandstorm
|-damage|p2a: Kingambit|89/100|[from] Sandstorm
|upkeep
|turn|4
|
|t:|1755242499
|move|p2b: Dragonite|Protect|p2b: Dragonite
|-singleturn|p2b: Dragonite|Protect
|move|p1a: Murkrow|Brave Bird|p2a: Kingambit
|-damage|p2a: Kingambit|64/100
|-damage|p1a: Murkrow|72/100|[from] Recoil
|move|p1b: Tyranitar|Rock Slide|p2b: Dragonite|[spread] p2a
|-activate|p2b: Dragonite|move: Protect
|-damage|p2a: Kingambit|41/100
|move|p2a: Kingambit|Kowtow Cleave|p1b: Tyranitar
|-damage|p1b: Tyranitar|0 fnt
|faint|p1b: Tyranitar
|
|-weather|Sandstorm|[upkeep]
|-damage|p1a: Murkrow|66/100|[from] Sandstorm
|-damage|p2b: Dragonite|89/100|[from] Sandstorm
|-damage|p2a: Kingambit|35/100|[from] Sandstorm
|upkeep
|
|t:|1755242509
|switch|p1b: Glimmora|Glimmora, L50, F|100/100
|turn|5
|
|t:|1755242518
|switch|p2b: Rillaboom|Rillaboom, L50, M|100/100
|-fieldstart|move: Grassy Terrain|[from] ability: Grassy Surge|[of] p2b: Rillaboom
|move|p1a: Murkrow|Taunt|p2b: Rillaboom
|-start|p2b: Rillaboom|move: Taunt
|move|p1b: Glimmora|Power Gem|p2b: Rillaboom
|-damage|p2b: Rillaboom|74/100
|move|p2a: Kingambit|Kowtow Cleave|p1b: Glimmora
|-damage|p1b: Glimmora|39/100
|-activate|p1b: Glimmora|ability: Toxic Debris
|-sidestart|p2: marcosdeltasena31|move: Toxic Spikes
|
|-weather|none
|-heal|p1b: Glimmora|45/100|[from] Grassy Terrain
|-heal|p2b: Rillaboom|80/100|[from] Grassy Terrain
|-heal|p2a: Kingambit|41/100|[from] Grassy Terrain
|-sideend|p1: joshuajohnf|move: Tailwind
|upkeep
|turn|6
|
|t:|1755242537
|move|p1b: Glimmora|Spiky Shield|p1b: Glimmora
|-singleturn|p1b: Glimmora|move: Protect
|move|p2b: Rillaboom|Fake Out|p1a: Murkrow
|-damage|p1a: Murkrow|48/100
|cant|p1a: Murkrow|flinch
|move|p2a: Kingambit|Kowtow Cleave|p1b: Glimmora
|-activate|p1b: Glimmora|move: Protect
|-damage|p2a: Kingambit|29/100|[from] Spiky Shield|[of] p1b: Glimmora
|
|-heal|p2b: Rillaboom|86/100|[from] Grassy Terrain
|-heal|p1b: Glimmora|51/100|[from] Grassy Terrain
|-heal|p2a: Kingambit|34/100|[from] Grassy Terrain
|upkeep
|turn|7
|
|t:|1755242553
|move|p1a: Murkrow|Tailwind|p1a: Murkrow
|-sidestart|p1: joshuajohnf|move: Tailwind
|move|p1b: Glimmora|Sludge Bomb|p2a: Kingambit
|-damage|p2a: Kingambit|0 fnt
|faint|p2a: Kingambit
|move|p2b: Rillaboom|Wood Hammer|p1b: Glimmora
|-damage|p1b: Glimmora|0 fnt
|-activate|p1b: Glimmora|ability: Toxic Debris
|-sidestart|p2: marcosdeltasena31|move: Toxic Spikes
|faint|p1b: Glimmora
|-damage|p2b: Rillaboom|71/100|[from] Recoil
|
|-heal|p2b: Rillaboom|77/100|[from] Grassy Terrain
|-end|p2b: Rillaboom|move: Taunt
|upkeep
|
|t:|1755242558
|switch|p2a: Dragonite|Dragonite, L50, F|89/100
|turn|8
|-message|joshuajohnf forfeited.
|
|win|marcosdeltasena31
|raw|joshuajohnf's rating: 1231 → 1217(-14 for losing)
|raw|marcosdeltasena31's rating: 1395 → 1406(+11 for winning)
|l|☆joshuajohnf
|player|p1|
