|j|☆znivs
|j|☆sawkthroha
|html|znivssawkthroha    
|uhtml|bestof|Game 2 of a best-of-3
|t:|1782626774
|gametype|doubles
|player|p1|znivs|102|
|player|p2|sawkthroha|265|
|gen|9
|tier|[Gen 9 Champions] VGC 2026 Reg M-B (Bo3)
|rule|Species Clause: Limit one of each Pokémon
|rule|Item Clause: Limit 1 of each item
|clearpoke
|poke|p1|Dragonite, L50, F|
|poke|p1|Pelipper, L50, F|
|poke|p1|Swampert, L50, M|
|poke|p1|Incineroar, L50, M|
|poke|p1|Sinistcha-Masterpiece, L50|
|poke|p1|Archaludon, L50, F|
|poke|p2|Garchomp, L50, M|
|poke|p2|Charizard, L50, M|
|poke|p2|Venusaur, L50, M|
|poke|p2|Sylveon, L50, M|
|poke|p2|Basculegion, L50, M|
|poke|p2|Whimsicott, L50, M|
|teampreview|4
|showteam|p1|Dragonite||Dragoninite|Multiscale|DragonPulse,Hurricane,Thunderbolt,Protect|Modest||F|||50|]Pelipper||FocusSash|Drizzle|WeatherBall,Hurricane,Tailwind,Protect|Timid||F|||50|]Swampert||Swampertite|Damp|WaveCrash,HighHorsepower,RockSlide,Protect|Adamant||M|||50|]Incineroar||PasshoBerry|Intimidate|FlareBlitz,ThroatChop,FakeOut,PartingShot|Careful||M|||50|]Sinistcha-Masterpiece||SitrusBerry|Hospitality|MatchaGotcha,ShadowBall,RagePowder,Protect|Modest|||||50|]Archaludon||Leftovers|Stamina|ElectroShot,DragonPulse,FlashCannon,Protect|Modest||F|||50|
|showteam|p2|Garchomp||LifeOrb|RoughSkin|DragonClaw,RockSlide,Earthquake,Protect|Jolly||M|||50|]Charizard||CharizarditeY|SolarPower|WeatherBall,Protect,HeatWave,SolarBeam|Timid||M|||50|]Venusaur||Venusaurite|Chlorophyll|EarthPower,SludgeBomb,EnergyBall,Protect|Modest||M|||50|]Sylveon||FairyFeather|Pixilate|HyperBeam,Detect,HyperVoice,QuickAttack|Modest||M|||50|]Basculegion||MysticWater|Adaptability|Protect,AquaJet,WaveCrash,LastRespects|Adamant||M|||50|]Whimsicott||FocusSash|Prankster|Tailwind,Encore,Protect,Moonblast|Timid||M|||50|
|inactive|Battle timer is ON: inactive players will automatically lose when time's up. (requested by sawkthroha)
|
|t:|1782626825
|teamsize|p1|4
|teamsize|p2|4
|start
|switch|p1a: Dragonite|Dragonite, L50, F|100/100
|switch|p1b: Incineroar|Incineroar, L50, M|100/100
|switch|p2a: Whimsicott|Whimsicott, L50, M|100/100
|switch|p2b: Basculegion|Basculegion, L50, M|100/100
|-ability|p1b: Incineroar|Intimidate|boost
|-unboost|p2a: Whimsicott|atk|1
|-unboost|p2b: Basculegion|atk|1
|turn|1
|
|t:|1782626845
|detailschange|p1a: Dragonite|Dragonite-Mega, L50, F
|-mega|p1a: Dragonite|Dragonite|Dragoninite
|move|p2a: Whimsicott|Protect|p2a: Whimsicott
|-singleturn|p2a: Whimsicott|Protect
|move|p2b: Basculegion|Protect|p2b: Basculegion
|-singleturn|p2b: Basculegion|Protect
|move|p1b: Incineroar|Fake Out|p2a: Whimsicott
|-activate|p2a: Whimsicott|move: Protect
|move|p1a: Dragonite|Thunderbolt|p2b: Basculegion
|-activate|p2b: Basculegion|move: Protect
|
|upkeep
|turn|2
|inactive|sawkthroha has 30 seconds left.
|inactive|sawkthroha has 20 seconds left.
|inactive|sawkthroha has 15 seconds left.
|
|t:|1782626886
|switch|p1a: Archaludon|Archaludon, L50, F|100/100
|switch|p2b: Venusaur|Venusaur, L50, M|100/100
|move|p2a: Whimsicott|Tailwind|p2a: Whimsicott
|-sidestart|p2: sawkthroha|move: Tailwind
|move|p1b: Incineroar|Parting Shot|p2a: Whimsicott
|-unboost|p2a: Whimsicott|atk|1
|-unboost|p2a: Whimsicott|spa|1
|
|t:|1782626897
|switch|p1b: Pelipper|Pelipper, L50, F|100/100|[from] Parting Shot
|-weather|RainDance|[from] ability: Drizzle|[of] p1b: Pelipper
|
|-weather|RainDance|[upkeep]
|upkeep
|turn|3
|
|t:|1782626920
|switch|p1a: Dragonite|Dragonite-Mega, L50, F|100/100
|detailschange|p2b: Venusaur|Venusaur-Mega, L50, M
|-mega|p2b: Venusaur|Venusaur|Venusaurite
|move|p2a: Whimsicott|Moonblast|p1b: Pelipper
|-damage|p1b: Pelipper|70/100
|move|p2b: Venusaur|Sludge Bomb|p1b: Pelipper
|-damage|p1b: Pelipper|0 fnt
|faint|p1b: Pelipper
|
|-weather|RainDance|[upkeep]
|upkeep
|
|t:|1782626931
|switch|p1b: Archaludon|Archaludon, L50, F|100/100
|turn|4
|
|t:|1782626944
|move|p2b: Venusaur|Protect|p2b: Venusaur
|-singleturn|p2b: Venusaur|Protect
|move|p1b: Archaludon|Protect|p1b: Archaludon
|-singleturn|p1b: Archaludon|Protect
|move|p2a: Whimsicott|Moonblast|p1a: Dragonite
|-supereffective|p1a: Dragonite|1
|-damage|p1a: Dragonite|82/100
|move|p1a: Dragonite|Hurricane|p2b: Venusaur
|-activate|p2b: Venusaur|move: Protect
|
|-weather|RainDance|[upkeep]
|upkeep
|turn|5
|inactive|sawkthroha has 30 seconds left.
|inactive|sawkthroha has 20 seconds left.
|
|t:|1782626984
|switch|p1b: Incineroar|Incineroar, L50, M|100/100
|-ability|p1b: Incineroar|Intimidate|boost
|-unboost|p2a: Whimsicott|atk|1
|-unboost|p2b: Venusaur|atk|1
|move|p2a: Whimsicott|Protect|p2a: Whimsicott
|-singleturn|p2a: Whimsicott|Protect
|move|p2b: Venusaur|Earth Power|p1b: Incineroar
|-supereffective|p1b: Incineroar|1
|-damage|p1b: Incineroar|50/100g
|move|p1a: Dragonite|Hurricane|p2b: Venusaur
|-supereffective|p2b: Venusaur|1
|-damage|p2b: Venusaur|1/100
|
|-weather|RainDance|[upkeep]
|-sideend|p2: sawkthroha|move: Tailwind
|upkeep
|turn|6
|
|t:|1782627008
|move|p1b: Incineroar|Fake Out|p2b: Venusaur
|-damage|p2b: Venusaur|0 fnt
|faint|p2b: Venusaur
|move|p2a: Whimsicott|Tailwind|p2a: Whimsicott
|-sidestart|p2: sawkthroha|move: Tailwind
|move|p1a: Dragonite|Hurricane|p2a: Whimsicott
|-supereffective|p2a: Whimsicott|1
|-enditem|p2a: Whimsicott|Focus Sash
|-damage|p2a: Whimsicott|1/100
|
|-weather|none
|upkeep
|
|t:|1782627011
|switch|p2b: Sylveon|Sylveon, L50, M|100/100
|turn|7
|
|t:|1782627020
|move|p1a: Dragonite|Protect|p1a: Dragonite
|-singleturn|p1a: Dragonite|Protect
|move|p2a: Whimsicott|Moonblast|p1a: Dragonite
|-activate|p1a: Dragonite|move: Protect
|move|p2b: Sylveon|Hyper Voice|p1b: Incineroar|[spread] p1b
|-activate|p1a: Dragonite|move: Protect
|-damage|p1b: Incineroar|12/100
|move|p1b: Incineroar|Parting Shot|p2b: Sylveon
|-unboost|p2b: Sylveon|atk|1
|-unboost|p2b: Sylveon|spa|1
|
|t:|1782627029
|switch|p1b: Archaludon|Archaludon, L50, F|100/100|[from] Parting Shot
|
|upkeep
|turn|8
|
|t:|1782627042
|switch|p1a: Incineroar|Incineroar, L50, M|12/100
|-ability|p1a: Incineroar|Intimidate|boost
|-unboost|p2a: Whimsicott|atk|1
|-unboost|p2b: Sylveon|atk|1
|move|p2a: Whimsicott|Moonblast|p1a: Incineroar
|-damage|p1a: Incineroar|0 fnt
|faint|p1a: Incineroar
|move|p2b: Sylveon|Hyper Voice|p1b: Archaludon
|-damage|p1b: Archaludon|48/100
|-ability|p1b: Archaludon|Stamina|boost
|-boost|p1b: Archaludon|def|1
|move|p1b: Archaludon|Flash Cannon|p2b: Sylveon
|-supereffective|p2b: Sylveon|1
|-damage|p2b: Sylveon|30/100
|
|-heal|p1b: Archaludon|55/100|[from] item: Leftovers
|upkeep
|
|t:|1782627054
|switch|p1a: Dragonite|Dragonite-Mega, L50, F|82/100
|turn|9
|
|t:|1782627062
|move|p2a: Whimsicott|Protect|p2a: Whimsicott
|-singleturn|p2a: Whimsicott|Protect
|move|p2b: Sylveon|Detect|p2b: Sylveon
|-singleturn|p2b: Sylveon|Protect
|move|p1a: Dragonite|Protect|p1a: Dragonite
|-singleturn|p1a: Dragonite|Protect
|move|p1b: Archaludon|Flash Cannon|p2a: Whimsicott
|-activate|p2a: Whimsicott|move: Protect
|
|-heal|p1b: Archaludon|61/100|[from] item: Leftovers
|-sideend|p2: sawkthroha|move: Tailwind
|upkeep
|turn|10
|inactive|sawkthroha has 30 seconds left.
|
|t:|1782627090
|move|p1a: Dragonite|Protect|p1a: Dragonite
|-singleturn|p1a: Dragonite|Protect
|move|p2a: Whimsicott|Tailwind|p2a: Whimsicott
|-sidestart|p2: sawkthroha|move: Tailwind
|move|p2b: Sylveon|Hyper Beam|p1a: Dragonite
|-activate|p1a: Dragonite|move: Protect
|move|p1b: Archaludon|Flash Cannon|p2a: Whimsicott
|-supereffective|p2a: Whimsicott|1
|-damage|p2a: Whimsicott|0 fnt
|faint|p2a: Whimsicott
|
|-heal|p1b: Archaludon|67/100|[from] item: Leftovers
|upkeep
|
|t:|1782627096
|switch|p2a: Basculegion|Basculegion, L50, M|100/100
|turn|11
|
|t:|1782627103
|move|p2a: Basculegion|Last Respects|p1b: Archaludon
|-crit|p1b: Archaludon
|-damage|p1b: Archaludon|0 fnt
|faint|p1b: Archaludon
|move|p2b: Sylveon|Hyper Beam|p1a: Dragonite
|-supereffective|p1a: Dragonite|1
|-damage|p1a: Dragonite|0 fnt
|-mustrecharge|p2b: Sylveon
|faint|p1a: Dragonite
|
|win|sawkthroha
||sawkthroha is ready for game 3.
||znivs is ready for game 3.
|uhtml|next|Next: Game 3 of 3
|l|☆sawkthroha
|player|p2|
|l|☆znivs
|player|p1|
|j|☆sawkthroha
|player|p2|sawkthroha|265|
