|j|☆Kyoshi44
|j|☆Uncreative7452
|html|Kyoshi44Uncreative7452    
|uhtml|bestof|Game 3 of a best-of-3
|t:|1756168536
|gametype|doubles
|player|p1|Kyoshi44|dawn|1026
|player|p2|Uncreative7452|tuber|1079
|gen|9
|tier|[Gen 9] VGC 2025 Reg H (Bo3)
|rated|
|rule|Species Clause: Limit one of each Pokémon
|rule|Item Clause: Limit 1 of each item
|clearpoke
|poke|p1|Armarouge, L50, M|
|poke|p1|Primarina, L50, F|
|poke|p1|Sneasler, L50, M|
|poke|p1|Dragonite, L50, F|
|poke|p1|Amoonguss, L50, F|
|poke|p1|Incineroar, L50, M|
|poke|p2|Porygon2, L50|
|poke|p2|Kingambit, L50, M|
|poke|p2|Reuniclus, L50, F|
|poke|p2|Alcremie, L50, F|
|poke|p2|Pincurchin, L50, M|
|poke|p2|Chesnaught, L50, M|
|teampreview|4
|showteam|p1|Armarouge||WeaknessPolicy|WeakArmor|HeatWave,StoredPower,Protect,ExpandingForce|||M|||50|,,,,,Fire]Primarina||AssaultVest|LiquidVoice|HyperVoice,DazzlingGleam,EnergyBall,AquaJet|||F|||50|,,,,,Grass]Sneasler||FocusSash|Unburden|CloseCombat,DireClaw,Coaching,Protect|||M|||50|,,,,,Stellar]Dragonite||LoadedDice|Multiscale|ScaleShot,LowKick,ExtremeSpeed,Protect|||F|||50|,,,,,Fairy]Amoonguss||SitrusBerry|Regenerator|Spore,RagePowder,PollenPuff,Protect|||F|||50|,,,,,Water]Incineroar||SafetyGoggles|Intimidate|FakeOut,KnockOff,FlareBlitz,PartingShot|||M|||50|,,,,,Bug
|showteam|p2|Porygon2||Eviolite|Download|IceBeam,TeraBlast,TrickRoom,Recover||||||50|,,,,,Fighting]Kingambit||SafetyGoggles|Defiant|KowtowCleave,SuckerPunch,SwordsDance,Protect|||M|||50|,,,,,Dark]Reuniclus||CovertCloak|Overcoat|ExpandingForce,ShadowBall,TrickRoom,Protect|||F|||50|,,,,,Dark]Alcremie||RoomService|AromaVeil|AlluringVoice,Decorate,Protect,HelpingHand|||F|||50|,,,,,Steel]Pincurchin||FocusSash|ElectricSurge|SupercellSlam,ZingZap,Liquidation,Protect|||M|||50|,,,,,Electric]Chesnaught||ElectricSeed|Bulletproof|LeechSeed,WideGuard,BodyPress,SpikyShield|||M|||50|,,,,,Steel
|inactive|Battle timer is ON: inactive players will automatically lose when time's up. (requested by Kyoshi44)
|
|t:|1756168559
|teamsize|p1|4
|teamsize|p2|4
|start
|switch|p1a: Amoonguss|Amoonguss, L50, F|100/100
|switch|p1b: Sneasler|Sneasler, L50, M|100/100
|switch|p2a: Chesnaught|Chesnaught, L50, M|100/100
|switch|p2b: Pincurchin|Pincurchin, L50, M|100/100
|-fieldstart|move: Electric Terrain|[from] ability: Electric Surge|[of] p2b: Pincurchin
|-enditem|p2a: Chesnaught|Electric Seed
|-boost|p2a: Chesnaught|def|1|[from] item: Electric Seed
|turn|1
|
|t:|1756168585
|move|p1a: Amoonguss|Rage Powder|p1a: Amoonguss
|-singleturn|p1a: Amoonguss|move: Rage Powder
|move|p1b: Sneasler|Dire Claw|p2b: Pincurchin
|-damage|p2b: Pincurchin|48/100
|move|p2a: Chesnaught|Body Press|p1b: Sneasler
|-resisted|p1b: Sneasler
|-damage|p1b: Sneasler|50/100
|move|p2b: Pincurchin|Zing Zap|p1a: Amoonguss
|-resisted|p1a: Amoonguss
|-damage|p1a: Amoonguss|80/100
|
|upkeep
|turn|2
|
|t:|1756168603
|switch|p2b: Reuniclus|Reuniclus, L50, F|100/100
|move|p1a: Amoonguss|Rage Powder|p1a: Amoonguss
|-singleturn|p1a: Amoonguss|move: Rage Powder
|move|p1b: Sneasler|Dire Claw|p2b: Reuniclus
|-damage|p2b: Reuniclus|55/100
|move|p2a: Chesnaught|Body Press|p1b: Sneasler
|-resisted|p1b: Sneasler
|-damage|p1b: Sneasler|0 fnt
|faint|p1b: Sneasler
|
|upkeep
|
|t:|1756168608
|switch|p1b: Incineroar|Incineroar, L50, M|100/100
|-ability|p1b: Incineroar|Intimidate|boost
|-unboost|p2a: Chesnaught|atk|1
|-unboost|p2b: Reuniclus|atk|1
|turn|3
|
|t:|1756168620
|move|p2a: Chesnaught|Spiky Shield|p2a: Chesnaught
|-singleturn|p2a: Chesnaught|move: Protect
|move|p1b: Incineroar|Knock Off|p2b: Reuniclus
|-supereffective|p2b: Reuniclus
|-damage|p2b: Reuniclus|0 fnt
|-enditem|p2b: Reuniclus|Covert Cloak|[from] move: Knock Off|[of] p1b: Incineroar
|faint|p2b: Reuniclus
|move|p1a: Amoonguss|Pollen Puff|p2a: Chesnaught
|-activate|p2a: Chesnaught|move: Protect
|
|upkeep
|
|t:|1756168626
|switch|p2b: Porygon2|Porygon2, L50|100/100
|-ability|p2b: Porygon2|Download|boost
|-boost|p2b: Porygon2|spa|1
|turn|4
|inactive|Kyoshi44 has 30 seconds left.
|
|t:|1756168652
|move|p1a: Amoonguss|Protect|p1a: Amoonguss
|-singleturn|p1a: Amoonguss|Protect
|move|p2a: Chesnaught|Body Press|p1b: Incineroar
|-supereffective|p1b: Incineroar
|-damage|p1b: Incineroar|2/100
|move|p1b: Incineroar|Parting Shot|p2a: Chesnaught
|-unboost|p2a: Chesnaught|atk|1
|-unboost|p2a: Chesnaught|spa|1
|
|t:|1756168660
|switch|p1b: Dragonite|Dragonite, L50, F|100/100|[from] Parting Shot
|move|p2b: Porygon2|Ice Beam|p1a: Amoonguss
|-activate|p1a: Amoonguss|move: Protect
|
|upkeep
|turn|5
|
|t:|1756168676
|-terastallize|p1b: Dragonite|Fairy
|-terastallize|p2b: Porygon2|Fighting
|move|p1a: Amoonguss|Rage Powder|p1a: Amoonguss
|-singleturn|p1a: Amoonguss|move: Rage Powder
|move|p1b: Dragonite|Scale Shot|p2b: Porygon2
|-damage|p2b: Porygon2|92/100
|-crit|p2b: Porygon2
|-damage|p2b: Porygon2|80/100
|-damage|p2b: Porygon2|70/100
|-crit|p2b: Porygon2
|-damage|p2b: Porygon2|58/100
|-damage|p2b: Porygon2|49/100
|-hitcount|p2b: Porygon2|5
|-unboost|p1b: Dragonite|def|1
|-boost|p1b: Dragonite|spe|1
|move|p2a: Chesnaught|Leech Seed|p1b: Dragonite|[miss]
|-miss|p2a: Chesnaught|p1b: Dragonite
|move|p2b: Porygon2|Ice Beam|p1a: Amoonguss
|-supereffective|p1a: Amoonguss
|-damage|p1a: Amoonguss|15/100
|-status|p1a: Amoonguss|frz
|-enditem|p1a: Amoonguss|Sitrus Berry|[eat]
|-heal|p1a: Amoonguss|40/100 frz|[from] item: Sitrus Berry
|
|-fieldend|move: Electric Terrain
|upkeep
|turn|6
|
|t:|1756168701
|switch|p1a: Incineroar|Incineroar, L50, M|2/100
|-ability|p1a: Incineroar|Intimidate|boost
|-unboost|p2a: Chesnaught|atk|1
|-unboost|p2b: Porygon2|atk|1
|move|p1b: Dragonite|Scale Shot|p2b: Porygon2
|-damage|p2b: Porygon2|41/100
|-crit|p2b: Porygon2
|-damage|p2b: Porygon2|27/100
|-crit|p2b: Porygon2
|-damage|p2b: Porygon2|14/100
|-damage|p2b: Porygon2|6/100
|-hitcount|p2b: Porygon2|4
|-unboost|p1b: Dragonite|def|1
|-boost|p1b: Dragonite|spe|1
|move|p2a: Chesnaught|Leech Seed|p1b: Dragonite
|-start|p1b: Dragonite|move: Leech Seed
|move|p2b: Porygon2|Ice Beam|p1b: Dragonite
|-damage|p1b: Dragonite|82/100
|
|-damage|p1b: Dragonite|70/100|[from] Leech Seed|[of] p2a: Chesnaught
|upkeep
|turn|7
|
|t:|1756168723
|move|p2a: Chesnaught|Spiky Shield|p2a: Chesnaught
|-singleturn|p2a: Chesnaught|move: Protect
|move|p1a: Incineroar|Fake Out|p2b: Porygon2
|-damage|p2b: Porygon2|0 fnt
|faint|p2b: Porygon2
|move|p1b: Dragonite|Low Kick|p2a: Chesnaught
|-activate|p2a: Chesnaught|move: Protect
|-damage|p1b: Dragonite|58/100|[from] Spiky Shield|[of] p2a: Chesnaught
|
|-damage|p1b: Dragonite|46/100|[from] Leech Seed|[of] p2a: Chesnaught
|upkeep
|
|t:|1756168727
|switch|p2b: Pincurchin|Pincurchin, L50, M|48/100
|-fieldstart|move: Electric Terrain|[from] ability: Electric Surge|[of] p2b: Pincurchin
|turn|8
|
|t:|1756168740
|move|p1b: Dragonite|Scale Shot|p2b: Pincurchin
|-damage|p2b: Pincurchin|31/100
|-damage|p2b: Pincurchin|11/100
|-damage|p2b: Pincurchin|0 fnt
|faint|p2b: Pincurchin
|-hitcount|p2: Pincurchin|3
|-unboost|p1b: Dragonite|def|1
|-boost|p1b: Dragonite|spe|1
|move|p2a: Chesnaught|Body Press|p1b: Dragonite
|-resisted|p1b: Dragonite
|-damage|p1b: Dragonite|0 fnt
|faint|p1b: Dragonite
|move|p1a: Incineroar|Flare Blitz|p2a: Chesnaught
|-supereffective|p2a: Chesnaught
|-damage|p2a: Chesnaught|63/100
|-damage|p1a: Incineroar|0 fnt|[from] Recoil
|faint|p1a: Incineroar
|
|upkeep
|
|t:|1756168755
|switch|p1a: Amoonguss|Amoonguss, L50, F|74/100 frz
|turn|9
|
|t:|1756168760
|-curestatus|p1a: Amoonguss|frz|[msg]
|move|p1a: Amoonguss|Protect|p1a: Amoonguss
|-singleturn|p1a: Amoonguss|Protect
|move|p2a: Chesnaught|Body Press|p1a: Amoonguss
|-activate|p1a: Amoonguss|move: Protect
|
|upkeep
|turn|10
|
|t:|1756168775
|move|p2a: Chesnaught|Body Press|p1a: Amoonguss
|-resisted|p1a: Amoonguss
|-damage|p1a: Amoonguss|46/100
|move|p1a: Amoonguss|Pollen Puff|p2a: Chesnaught
|-immune|p2a: Chesnaught|[from] ability: Bulletproof
|
|upkeep
|turn|11
|-message|Kyoshi44 forfeited.
|
|win|Uncreative7452
|raw|Kyoshi44's rating: 1026 → 1014(-12 for losing)
|raw|Uncreative7452's rating: 1079 → 1103(+24 for winning)
|l|☆Kyoshi44
|player|p1|
