|j|☆milkandcereals
|j|☆Pawah
|html|milkandcerealsPawah    
|uhtml|bestof|Game 3 of a best-of-3
|t:|1756652752
|gametype|doubles
|player|p1|milkandcereals|blue|
|player|p2|Pawah|ethan|
|gen|9
|tier|[Gen 9] VGC 2025 Reg H (Bo3)
|rule|Species Clause: Limit one of each Pokémon
|rule|Item Clause: Limit 1 of each item
|clearpoke
|poke|p1|Porygon2, L50|
|poke|p1|Rillaboom, L50, F|
|poke|p1|Ursaluna, L50, F|
|poke|p1|Jumpluff, L50, F|
|poke|p1|Charizard, L50, F|
|poke|p1|Torkoal, L50, M|
|poke|p2|Ursaluna, L50, F|
|poke|p2|Sinistcha, L50|
|poke|p2|Pelipper, L50, F|
|poke|p2|Archaludon, L50, M|
|poke|p2|Gholdengo, L50|
|poke|p2|Dragonite, L50, F|
|teampreview|4
|showteam|p1|Porygon2||Eviolite|Download|TeraBlast,IceBeam,TrickRoom,Recover||||||50|,,,,,Fighting]Rillaboom||AssaultVest|GrassySurge|FakeOut,GrassyGlide,WoodHammer,HighHorsepower|||F|||50|,,,,,Water]Ursaluna||FlameOrb|Guts|Protect,Facade,Earthquake,HeadlongRush|||F|||50|,,,,,Ghost]Jumpluff||CovertCloak|Chlorophyll|SleepPowder,SunnyDay,Tailwind,RagePowder|||F|||50|,,,,,Fire]Charizard||ChoiceSpecs|SolarPower|HeatWave,Overheat,WeatherBall,DragonPulse|||F|||50|,,,,,Ghost]Torkoal||EjectPack|Drought|Overheat,Eruption,HelpingHand,Protect|||M|||50|,,,,,Fire
|showteam|p2|Ursaluna||FlameOrb|Guts|HeadlongRush,Facade,Protect,Earthquake|||F|||50|,,,,,Ghost]Sinistcha||SitrusBerry|Hospitality|RagePowder,TrickRoom,LifeDew,MatchaGotcha||||||50|,,,,,Dark]Pelipper||FocusSash|Drizzle|Hurricane,Protect,WeatherBall,WideGuard|||F|||50|,,,,,Ghost]Archaludon||AssaultVest|Stamina|ElectroShot,FlashCannon,BodyPress,DracoMeteor|||M|||50|,,,,,Bug]Gholdengo||LifeOrb|GoodasGold|MakeItRain,ShadowBall,NastyPlot,Protect||||||50|,,,,,Water]Dragonite||LoadedDice|Multiscale|Protect,ScaleShot,Tailwind,Haze|||F|||50|,,,,,Fairy
|inactive|Battle timer is ON: inactive players will automatically lose when time's up. (requested by Pawah)
|inactive|milkandcereals has 60 seconds left.
|inactive|Pawah has 60 seconds left.
|inactive|Pawah has 30 seconds left.
|inactive|Pawah has 20 seconds left.
|inactive|Pawah has 15 seconds left.
|inactive|Pawah has 10 seconds left.
|inactive|Pawah has 5 seconds left.
|
|t:|1756652842
|teamsize|p1|4
|teamsize|p2|4
|start
|switch|p1a: Jumpluff|Jumpluff, L50, F|100/100
|switch|p1b: Torkoal|Torkoal, L50, M|100/100
|switch|p2a: Gholdengo|Gholdengo, L50|100/100
|switch|p2b: Dragonite|Dragonite, L50, F|100/100
|-weather|SunnyDay|[from] ability: Drought|[of] p1b: Torkoal
|turn|1
|inactive|milkandcereals has 30 seconds left.
|inactive|Pawah has 30 seconds left.
|inactive|milkandcereals has 20 seconds left.
|inactive|milkandcereals has 15 seconds left.
|
|t:|1756652883
|move|p2a: Gholdengo|Protect|p2a: Gholdengo
|-singleturn|p2a: Gholdengo|Protect
|move|p1a: Jumpluff|Sleep Powder|p2b: Dragonite
|-status|p2b: Dragonite|slp|[from] move: Sleep Powder
|cant|p2b: Dragonite|slp
|move|p1b: Torkoal|Overheat|p2a: Gholdengo
|-activate|p2a: Gholdengo|move: Protect
|
|-weather|SunnyDay|[upkeep]
|upkeep
|turn|2
|inactive|milkandcereals has 30 seconds left.
|inactive|Pawah has 30 seconds left.
|inactive|milkandcereals has 20 seconds left.
|inactive|milkandcereals has 15 seconds left.
|
|t:|1756652932
|-terastallize|p2a: Gholdengo|Water
|move|p1a: Jumpluff|Sleep Powder|p2b: Dragonite
|-fail|p2b: Dragonite|slp
|move|p2a: Gholdengo|Nasty Plot|p2a: Gholdengo
|-boost|p2a: Gholdengo|spa|2
|cant|p2b: Dragonite|slp
|move|p1b: Torkoal|Overheat|p2a: Gholdengo
|-resisted|p2a: Gholdengo
|-damage|p2a: Gholdengo|52/100
|-unboost|p1b: Torkoal|spa|2
|-enditem|p1b: Torkoal|Eject Pack
|
|t:|1756652942
|switch|p1b: Ursaluna|Ursaluna, L50, F|100/100
|
|-weather|SunnyDay|[upkeep]
|-status|p1b: Ursaluna|brn|[from] item: Flame Orb
|upkeep
|turn|3
|inactive|milkandcereals has 30 seconds left.
|
|t:|1756652976
|move|p2a: Gholdengo|Protect|p2a: Gholdengo
|-singleturn|p2a: Gholdengo|Protect
|move|p1a: Jumpluff|Tailwind|p1a: Jumpluff
|-sidestart|p1: milkandcereals|move: Tailwind
|move|p1b: Ursaluna|Earthquake|p2a: Gholdengo|[spread] 
|-activate|p2a: Gholdengo|move: Protect
|-immune|p1a: Jumpluff
|-immune|p2b: Dragonite
|-curestatus|p2b: Dragonite|slp|[msg]
|move|p2b: Dragonite|Tailwind|p2b: Dragonite
|-sidestart|p2: Pawah|move: Tailwind
|
|-weather|SunnyDay|[upkeep]
|-damage|p1b: Ursaluna|94/100 brn|[from] brn
|upkeep
|turn|4
|inactive|milkandcereals has 30 seconds left.
|inactive|milkandcereals has 20 seconds left.
|inactive|milkandcereals has 15 seconds left.
|inactive|milkandcereals has 10 seconds left.
|
|t:|1756653022
|-terastallize|p1a: Jumpluff|Fire
|move|p1b: Ursaluna|Protect|p1b: Ursaluna
|-singleturn|p1b: Ursaluna|Protect
|move|p1a: Jumpluff|Sleep Powder|p2b: Dragonite
|-status|p2b: Dragonite|slp|[from] move: Sleep Powder
|move|p2a: Gholdengo|Make It Rain|p1a: Jumpluff|[spread] p1a
|-activate|p1b: Ursaluna|move: Protect
|-resisted|p1a: Jumpluff
|-damage|p1a: Jumpluff|45/100
|-unboost|p2a: Gholdengo|spa|1
|-damage|p2a: Gholdengo|43/100|[from] item: Life Orb
|cant|p2b: Dragonite|slp
|
|-weather|SunnyDay|[upkeep]
|-damage|p1b: Ursaluna|88/100 brn|[from] brn
|upkeep
|turn|5
|inactive|milkandcereals has 30 seconds left.
|inactive|milkandcereals has 20 seconds left.
|inactive|milkandcereals has 15 seconds left.
|inactive|milkandcereals has 10 seconds left.
|inactive|milkandcereals has 5 seconds left.
|
|t:|1756653075
|move|p2a: Gholdengo|Protect|p2a: Gholdengo
|-singleturn|p2a: Gholdengo|Protect
|move|p1a: Jumpluff|Sleep Powder|p2b: Dragonite
|-fail|p2b: Dragonite|slp
|cant|p2b: Dragonite|slp
|move|p1b: Ursaluna|Facade|p2b: Dragonite
|-damage|p2b: Dragonite|35/100 slp
|
|-weather|none
|-damage|p1b: Ursaluna|82/100 brn|[from] brn
|upkeep
|turn|6
|inactive|milkandcereals has 30 seconds left.
|inactive|Pawah has 30 seconds left.
|inactive|milkandcereals has 20 seconds left.
|inactive|milkandcereals has 15 seconds left.
|inactive|milkandcereals has 10 seconds left.
|inactive|milkandcereals has 5 seconds left.
|
|t:|1756653129
|-curestatus|p2b: Dragonite|slp|[msg]
|move|p2b: Dragonite|Protect|p2b: Dragonite
|-singleturn|p2b: Dragonite|Protect
|move|p1a: Jumpluff|Sunny Day|p1a: Jumpluff
|-weather|SunnyDay
|move|p2a: Gholdengo|Shadow Ball|p1a: Jumpluff
|-damage|p1a: Jumpluff|0 fnt
|faint|p1a: Jumpluff
|-damage|p2a: Gholdengo|33/100|[from] item: Life Orb
|move|p1b: Ursaluna|Facade|p2b: Dragonite
|-activate|p2b: Dragonite|move: Protect
|
|-weather|SunnyDay|[upkeep]
|-damage|p1b: Ursaluna|76/100 brn|[from] brn
|-sideend|p1: milkandcereals|move: Tailwind
|-sideend|p2: Pawah|move: Tailwind
|upkeep
|
|t:|1756653137
|switch|p1a: Charizard|Charizard, L50, F|100/100
|turn|7
|inactive|Pawah has 30 seconds left.
|
|t:|1756653164
|switch|p2b: Pelipper|Pelipper, L50, F|100/100
|-weather|RainDance|[from] ability: Drizzle|[of] p2b: Pelipper
|switch|p1b: Torkoal|Torkoal, L50, M|100/100
|-weather|SunnyDay|[from] ability: Drought|[of] p1b: Torkoal
|move|p1a: Charizard|Heat Wave|p2b: Pelipper|[spread] p2a,p2b
|-resisted|p2a: Gholdengo
|-resisted|p2b: Pelipper
|-damage|p2a: Gholdengo|0 fnt
|-enditem|p2b: Pelipper|Focus Sash
|-damage|p2b: Pelipper|1/100
|faint|p2a: Gholdengo
|
|-weather|SunnyDay|[upkeep]
|-damage|p1a: Charizard|88/100|[from] ability: Solar Power|[of] p1a: Charizard
|upkeep
|
|t:|1756653178
|switch|p2a: Ursaluna|Ursaluna, L50, F|100/100
|turn|8
|inactive|milkandcereals has 30 seconds left.
|inactive|milkandcereals has 20 seconds left.
|inactive|milkandcereals has 15 seconds left.
|inactive|milkandcereals has 10 seconds left.
|
|t:|1756653226
|move|p2b: Pelipper|Wide Guard|p2b: Pelipper
|-singleturn|p2b: Pelipper|Wide Guard
|move|p1a: Charizard|Heat Wave|p2b: Pelipper|[spread] 
|-activate|p2a: Ursaluna|move: Wide Guard
|-activate|p2b: Pelipper|move: Wide Guard
|move|p2a: Ursaluna|Earthquake|p1b: Torkoal|[spread] p1b
|-activate|p2b: Pelipper|move: Wide Guard
|-immune|p1a: Charizard
|-supereffective|p1b: Torkoal
|-damage|p1b: Torkoal|32/100
|move|p1b: Torkoal|Overheat|p2a: Ursaluna
|-damage|p2a: Ursaluna|29/100
|-unboost|p1b: Torkoal|spa|2
|
|-weather|SunnyDay|[upkeep]
|-damage|p1a: Charizard|76/100|[from] ability: Solar Power|[of] p1a: Charizard
|-status|p2a: Ursaluna|brn|[from] item: Flame Orb
|upkeep
|turn|9
|inactive|milkandcereals has 30 seconds left.
|inactive|Pawah has 30 seconds left.
|
|t:|1756653259
|move|p1b: Torkoal|Protect|p1b: Torkoal
|-singleturn|p1b: Torkoal|Protect
|move|p2b: Pelipper|Wide Guard|p2b: Pelipper
|-singleturn|p2b: Pelipper|Wide Guard
|move|p1a: Charizard|Heat Wave|p2a: Ursaluna|[spread] 
|-activate|p2a: Ursaluna|move: Wide Guard
|-activate|p2b: Pelipper|move: Wide Guard
|move|p2a: Ursaluna|Earthquake|p1a: Charizard|[spread] 
|-activate|p2b: Pelipper|move: Wide Guard
|-activate|p1b: Torkoal|move: Protect
|-immune|p1a: Charizard
|
|-weather|SunnyDay|[upkeep]
|-damage|p1a: Charizard|63/100|[from] ability: Solar Power|[of] p1a: Charizard
|-damage|p2a: Ursaluna|23/100 brn|[from] brn
|upkeep
|turn|10
|
|t:|1756653272
|move|p2b: Pelipper|Wide Guard|p2b: Pelipper
|-singleturn|p2b: Pelipper|Wide Guard
|move|p1a: Charizard|Heat Wave|p2b: Pelipper|[spread] 
|-activate|p2a: Ursaluna|move: Wide Guard
|-activate|p2b: Pelipper|move: Wide Guard
|move|p2a: Ursaluna|Earthquake|p1a: Charizard|[spread] p1b
|-activate|p2b: Pelipper|move: Wide Guard
|-immune|p1a: Charizard
|-supereffective|p1b: Torkoal
|-damage|p1b: Torkoal|0 fnt
|faint|p1b: Torkoal
|
|-weather|SunnyDay|[upkeep]
|-damage|p1a: Charizard|51/100|[from] ability: Solar Power|[of] p1a: Charizard
|-damage|p2a: Ursaluna|17/100 brn|[from] brn
|upkeep
|
|t:|1756653274
|switch|p1b: Ursaluna|Ursaluna, L50, F|76/100 brn
|turn|11
|
|t:|1756653297
|move|p2b: Pelipper|Wide Guard|p2b: Pelipper
|-singleturn|p2b: Pelipper|Wide Guard
|move|p1a: Charizard|Heat Wave|p2a: Ursaluna|[spread] 
|-activate|p2a: Ursaluna|move: Wide Guard
|-activate|p2b: Pelipper|move: Wide Guard
|move|p1b: Ursaluna|Facade|p2a: Ursaluna
|-damage|p2a: Ursaluna|0 fnt
|faint|p2a: Ursaluna
|
|-weather|none
|-damage|p1b: Ursaluna|70/100 brn|[from] brn
|upkeep
|
|t:|1756653304
|switch|p2a: Dragonite|Dragonite, L50, F|35/100
|turn|12
|inactive|milkandcereals has 30 seconds left.
|
|t:|1756653322
|move|p2a: Dragonite|Protect|p2a: Dragonite
|-singleturn|p2a: Dragonite|Protect
|move|p2b: Pelipper|Wide Guard|p2b: Pelipper
|-singleturn|p2b: Pelipper|Wide Guard
|move|p1a: Charizard|Heat Wave|p2b: Pelipper|[spread] 
|-activate|p2a: Dragonite|move: Wide Guard
|-activate|p2b: Pelipper|move: Wide Guard
|move|p1b: Ursaluna|Facade|p2a: Dragonite
|-activate|p2a: Dragonite|move: Protect
|
|-damage|p1b: Ursaluna|64/100 brn|[from] brn
|upkeep
|turn|13
|inactive|milkandcereals has 30 seconds left this turn.
|
|t:|1756653336
|move|p2b: Pelipper|Wide Guard|p2b: Pelipper
|-singleturn|p2b: Pelipper|Wide Guard
|move|p1a: Charizard|Heat Wave|p2a: Dragonite|[spread] 
|-activate|p2a: Dragonite|move: Wide Guard
|-activate|p2b: Pelipper|move: Wide Guard
|move|p2a: Dragonite|Scale Shot|p1b: Ursaluna
|-crit|p1b: Ursaluna
|-damage|p1b: Ursaluna|45/100 brn
|-damage|p1b: Ursaluna|34/100 brn
|-damage|p1b: Ursaluna|22/100 brn
|-damage|p1b: Ursaluna|11/100 brn
|-hitcount|p1b: Ursaluna|4
|-unboost|p2a: Dragonite|def|1
|-boost|p2a: Dragonite|spe|1
|move|p1b: Ursaluna|Facade|p2a: Dragonite
|-damage|p2a: Dragonite|0 fnt
|faint|p2a: Dragonite
|
|-damage|p1b: Ursaluna|5/100 brn|[from] brn
|upkeep
|turn|14
|inactive|milkandcereals has 30 seconds left this turn.
|inactive|milkandcereals has 20 seconds left.
|inactive|milkandcereals has 15 seconds left.
|inactive|milkandcereals has 10 seconds left.
|inactive|Pawah has 30 seconds left.
|
|t:|1756653362
|move|p2b: Pelipper|Protect||[still]
|-fail|p2b: Pelipper
|move|p1a: Charizard|Heat Wave|p2b: Pelipper|[miss]
|-miss|p1a: Charizard|p2b: Pelipper
|move|p1b: Ursaluna|Facade|p2b: Pelipper
|-damage|p2b: Pelipper|0 fnt
|faint|p2b: Pelipper
|
|win|milkandcereals
|c|☆milkandcereals|ggs
|c|☆Pawah|ggs
|c|☆Pawah|que cerca ha estado tu, muy buen game
|c|☆milkandcereals|fua muy tenso
|c|☆milkandcereals|bien jugado brother
|c|☆Pawah|igualmente
