|j|â˜†Affansss
|j|â˜†desbrozadorasGoian
|html|AffansssdesbrozadorasGoian    
|uhtml|bestof|Game 2 of a best-of-3
|t:|1785677896
|gametype|doubles
|player|p1|Affansss|102|1041
|player|p2|desbrozadorasGoian|wattson|1102
|gen|9
|tier|[Gen 9 Champions] VGC 2026 Reg M-B (Bo3)
|rated|
|rule|Species Clause: Limit one of each PokÃ©mon
|rule|Item Clause: Limit 1 of each item
|clearpoke
|poke|p1|Delphox, L50, M|
|poke|p1|Blastoise, L50, F|
|poke|p1|Sinistcha, L50|
|poke|p1|Kingambit, L50, M|
|poke|p1|Incineroar, L50, F|
|poke|p1|Sneasler, L50, M|
|poke|p2|Goodra-Hisui, L50, M|
|poke|p2|Espathra, L50, M|
|poke|p2|Scovillain, L50, M|
|poke|p2|Pelipper, L50, M|
|poke|p2|Garchomp, L50, M|
|poke|p2|Sinistcha, L50|
|teampreview|4
|showteam|p1|Delphox||Delphoxite|Magician|NastyPlot,HeatWave,Psychic|Adamant||M|||50|]Blastoise||Blastoisinite|RainDish|WaterSpout,ShellSmash,DarkPulse,Protect|Modest||F|||50|]Sinistcha||ColburBerry|Hospitality|MatchaGotcha,TrickRoom,Protect,RagePowder|Quiet|||||50|]Kingambit||LifeOrb|Defiant|KowtowCleave,SuckerPunch,SwordsDance,Protect|Adamant||M|||50|]Incineroar||SitrusBerry|Intimidate|FlareBlitz,PartingShot,FakeOut,ThroatChop|Careful||F|||50|]Sneasler||FocusSash|Unburden|DireClaw,CloseCombat,QuickGuard,FakeOut|Adamant||M|||50|
|showteam|p2|Goodra-Hisui||Leftovers|ShellArmor|MuddyWater,FlashCannon,Shelter,Protect|Bold||M|||50|]Espathra||FocusSash|SpeedBoost|LuminaCrash,CalmMind,BatonPass,Protect|Timid||M|||50|]Scovillain||Scovillainite|Moody|Protect,RagePowder,LeechSeed,Overheat|Calm||M|||50|]Pelipper||SitrusBerry|Drizzle|Hurricane,WeatherBall,Tailwind,WideGuard|Modest||M|||50|]Garchomp||LifeOrb|RoughSkin|DragonClaw,RockTomb,Earthquake,Protect|Jolly||M|||50|]Sinistcha||ColburBerry|Hospitality|MatchaGotcha,RagePowder,LifeDew,Protect|Relaxed|||||50|
|inactive|Battle timer is ON: inactive players will automatically lose when time's up. (requested by desbrozadorasGoian)
|
|t:|1785677914
|teamsize|p1|4
|teamsize|p2|4
|start
|switch|p1a: Kingambit|Kingambit, L50, M|100/100
|switch|p1b: Blastoise|Blastoise, L50, F|100/100
|switch|p2a: Espathra|Espathra, L50, M|100/100
|switch|p2b: Scovillain|Scovillain, L50, M|100/100
|turn|1
|
|t:|1785677932
|detailschange|p1b: Blastoise|Blastoise-Mega, L50, F
|-mega|p1b: Blastoise|Blastoise|Blastoisinite
|detailschange|p2b: Scovillain|Scovillain-Mega, L50, M
|-mega|p2b: Scovillain|Scovillain|Scovillainite
|move|p2b: Scovillain|Rage Powder|p2b: Scovillain
|-singleturn|p2b: Scovillain|move: Rage Powder
|move|p1a: Kingambit|Sucker Punch||[still]
|-fail|p1a: Kingambit
|move|p2a: Espathra|Calm Mind|p2a: Espathra
|-boost|p2a: Espathra|spa|1
|-boost|p2a: Espathra|spd|1
|move|p1b: Blastoise|Water Spout|p2a: Espathra|[spread] p2a,p2b
|-damage|p2a: Espathra|29/100
|-damage|p2b: Scovillain|44/100
|-status|p1b: Blastoise|brn|[from] ability: Spicy Spray|[of] p2b: Scovillain
|
|-damage|p1b: Blastoise|94/100 brn|[from] brn
|-ability|p2a: Espathra|Speed Boost|boost
|-boost|p2a: Espathra|spe|1
|upkeep
|turn|2
|
|t:|1785677950
|move|p2a: Espathra|Protect|p2a: Espathra
|-singleturn|p2a: Espathra|Protect
|move|p2b: Scovillain|Protect|p2b: Scovillain
|-singleturn|p2b: Scovillain|Protect
|move|p1b: Blastoise|Water Spout|p2a: Espathra|[spread] 
|-activate|p2a: Espathra|move: Protect
|-activate|p2b: Scovillain|move: Protect
|move|p1a: Kingambit|Kowtow Cleave|p2a: Espathra
|-activate|p2a: Espathra|move: Protect
|
|-damage|p1b: Blastoise|88/100 brn|[from] brn
|-ability|p2a: Espathra|Speed Boost|boost
|-boost|p2a: Espathra|spe|1
|upkeep
|turn|3
|
|t:|1785677967
|move|p2a: Espathra|Baton Pass|p2a: Espathra
|
|t:|1785677972
|switch|p2a: Goodra|Goodra-Hisui, L50, M|100/100|[from] Baton Pass
|move|p1b: Blastoise|Water Spout|p2b: Scovillain|[spread] p2a,p2b
|-resisted|p2a: Goodra|1
|-damage|p2a: Goodra|87/100
|-damage|p2b: Scovillain|0 fnt
|faint|p2b: Scovillain
|move|p1a: Kingambit|Kowtow Cleave|p2a: Goodra
|-damage|p2a: Goodra|44/100
|-damage|p1a: Kingambit|90/100|[from] item: Life Orb
|
|-heal|p2a: Goodra|50/100g|[from] item: Leftovers
|-damage|p1b: Blastoise|82/100 brn|[from] brn
|upkeep
|
|t:|1785677993
|switch|p2b: Espathra|Espathra, L50, M|29/100
|turn|4
|
|t:|1785678002
|move|p2b: Espathra|Lumina Crash|p1b: Blastoise
|-damage|p1b: Blastoise|47/100 brn
|-unboost|p1b: Blastoise|spd|2
|move|p2a: Goodra|Shelter|p2a: Goodra
|-boost|p2a: Goodra|def|2
|move|p1b: Blastoise|Water Spout|p2b: Espathra|[spread] p2a,p2b
|-resisted|p2a: Goodra|1
|-damage|p2a: Goodra|43/100
|-damage|p2b: Espathra|0 fnt
|faint|p2b: Espathra
|move|p1a: Kingambit|Kowtow Cleave|p2a: Goodra
|-damage|p2a: Goodra|20/100y
|-damage|p1a: Kingambit|80/100|[from] item: Life Orb
|
|-heal|p2a: Goodra|26/100|[from] item: Leftovers
|-damage|p1b: Blastoise|41/100 brn|[from] brn
|upkeep
|
|t:|1785678014
|switch|p2b: Pelipper|Pelipper, L50, M|100/100
|-weather|RainDance|[from] ability: Drizzle|[of] p2b: Pelipper
|turn|5
|
|t:|1785678032
|move|p2a: Goodra|Protect|p2a: Goodra
|-singleturn|p2a: Goodra|Protect
|move|p1b: Blastoise|Dark Pulse|p2a: Goodra
|-activate|p2a: Goodra|move: Protect
|move|p2b: Pelipper|Weather Ball|p1a: Kingambit
|-damage|p1a: Kingambit|28/100
|move|p1a: Kingambit|Kowtow Cleave|p2a: Goodra
|-activate|p2a: Goodra|move: Protect
|
|-weather|RainDance|[upkeep]
|-heal|p2a: Goodra|32/100|[from] item: Leftovers
|-damage|p1b: Blastoise|35/100 brn|[from] brn
|upkeep
|turn|6
|
|t:|1785678051
|move|p2a: Goodra|Muddy Water|p1a: Kingambit|[spread] p1a,p1b
|-resisted|p1b: Blastoise|1
|-damage|p1a: Kingambit|0 fnt
|-damage|p1b: Blastoise|0 fnt
|faint|p1a: Kingambit
|faint|p1b: Blastoise
|move|p2b: Pelipper|Weather Ball|p1: Kingambit|[notarget]
|-fail|p2b: Pelipper
|
|-weather|RainDance|[upkeep]
|-heal|p2a: Goodra|37/100|[from] item: Leftovers
|upkeep
|
|t:|1785678060
|switch|p1b: Incineroar|Incineroar, L50, F|100/100
|switch|p1a: Sinistcha|Sinistcha, L50|100/100
|-ability|p1b: Incineroar|Intimidate|boost
|-unboost|p2a: Goodra|atk|1
|-unboost|p2b: Pelipper|atk|1
|turn|7
|
|t:|1785678078
|move|p2b: Pelipper|Wide Guard|p2b: Pelipper
|-singleturn|p2b: Pelipper|Wide Guard
|move|p1b: Incineroar|Fake Out|p2a: Goodra
|-resisted|p2a: Goodra|1
|-damage|p2a: Goodra|36/100
|move|p1a: Sinistcha|Rage Powder|p1a: Sinistcha
|-singleturn|p1a: Sinistcha|move: Rage Powder
|cant|p2a: Goodra|flinch
|
|-weather|RainDance|[upkeep]
|-heal|p2a: Goodra|42/100|[from] item: Leftovers
|upkeep
|turn|8
|
|t:|1785678091
|move|p2a: Goodra|Muddy Water|p1a: Sinistcha|[spread] p1a,p1b
|-resisted|p1a: Sinistcha|1
|-supereffective|p1b: Incineroar|1
|-damage|p1a: Sinistcha|77/100
|-damage|p1b: Incineroar|49/100
|-enditem|p1b: Incineroar|Sitrus Berry|[eat]
|-heal|p1b: Incineroar|74/100|[from] item: Sitrus Berry
|move|p2b: Pelipper|Hurricane|p1a: Sinistcha
|-supereffective|p1a: Sinistcha|1
|-crit|p1a: Sinistcha
|-damage|p1a: Sinistcha|0 fnt
|faint|p1a: Sinistcha
|move|p1b: Incineroar|Flare Blitz|p2a: Goodra
|-damage|p2a: Goodra|35/100
|-damage|p1b: Incineroar|72/100|[from] Recoil
|
|-weather|RainDance|[upkeep]
|-heal|p2a: Goodra|41/100|[from] item: Leftovers
|upkeep
|turn|9
|c|â˜†desbrozadorasGoian|gg
|-message|Affansss forfeited.
|
|win|desbrozadorasGoian
|raw|Affansss's rating: 1041 → 1028(-13 for losing)
|raw|desbrozadorasGoian's rating: 1102 → 1123(+21 for winning)
