|j|☆redsubhuman
|j|☆Cristante terabug
|html|redsubhumanCristante terabug    
|uhtml|bestof|Game 3 of a best-of-3
|t:|1756229716
|gametype|doubles
|player|p1|redsubhuman|birdkeeper|1371
|player|p2|Cristante terabug|kieran-champion|1238
|gen|9
|tier|[Gen 9] VGC 2025 Reg H (Bo3)
|rated|
|rule|Species Clause: Limit one of each Pokémon
|rule|Item Clause: Limit 1 of each item
|clearpoke
|poke|p1|Charizard, L50, M|
|poke|p1|Dragapult, L50, M|
|poke|p1|Sneasler, L50, F|
|poke|p1|Incineroar, L50, M|
|poke|p1|Ursaluna-Bloodmoon, L50, M|
|poke|p1|Whimsicott, L50, F|
|poke|p2|Kommo-o, L50, M|
|poke|p2|Gholdengo, L50|
|poke|p2|Sneasler, L50, M|
|poke|p2|Rillaboom, L50, M|
|poke|p2|Dondozo, L50, F|
|poke|p2|Electabuzz, L50, F|
|teampreview|4
|showteam|p1|Charizard||ChoiceSpecs|SolarPower|HeatWave,Overheat,WeatherBall,SolarBeam|||M|||50|,,,,,Ghost]Dragapult||ChoiceBand|ClearBody|DragonDarts,Outrage,PhantomForce,Uturn|||M|||50|,,,,,Dragon]Sneasler||FocusSash|Unburden|DireClaw,CloseCombat,ThroatChop,Protect|||F|||50|,,,,,Dark]Incineroar||SafetyGoggles|Intimidate|FakeOut,KnockOff,FlareBlitz,PartingShot|||M|||50|,,,,,Ghost]Ursaluna-Bloodmoon||LifeOrb|MindsEye|BloodMoon,HyperVoice,EarthPower,Protect|||M|||50|,,,,,Normal]Whimsicott||CovertCloak|Prankster|Moonblast,Tailwind,Encore,SunnyDay|||F|||50|,,,,,Poison
|showteam|p2|Kommo-o||ThroatSpray|Soundproof|ClangorousSoul,ClangingScales,Flamethrower,Protect|||M|||50|,,,,,Fire]Gholdengo||ChoiceSpecs|GoodasGold|MakeItRain,ShadowBall,DazzlingGleam,PowerGem||||||50|,,,,,Fairy]Sneasler||FocusSash|Unburden|FakeOut,DireClaw,CloseCombat,Protect|||M|||50|,,,,,Stellar]Rillaboom||AssaultVest|GrassySurge|FakeOut,WoodHammer,GrassyGlide,HighHorsepower|||M|||50|,,,,,Fire]Dondozo||Leftovers|Unaware|WaveCrash,Fissure,Yawn,Protect|||F|||50|,,,,,Flying]Electabuzz||Eviolite|VitalSpirit|Electroweb,FollowMe,HelpingHand,Protect|||F|||50|,,,,,Grass
|inactive|Battle timer is ON: inactive players will automatically lose when time's up. (requested by Cristante terabug)
|
|t:|1756229747
|teamsize|p1|4
|teamsize|p2|4
|start
|switch|p1a: Rudra|Dragapult, L50, M|100/100
|switch|p1b: Puss|Incineroar, L50, M|100/100
|switch|p2a: Sneasler|Sneasler, L50, M|100/100
|switch|p2b: Gholdengo|Gholdengo, L50|100/100
|-ability|p1b: Puss|Intimidate|boost
|-unboost|p2a: Sneasler|atk|1
|-unboost|p2b: Gholdengo|atk|1
|turn|1
|inactive|redsubhuman has 30 seconds left.
|
|t:|1756229777
|move|p2a: Sneasler|Fake Out|p1b: Puss
|-damage|p1b: Puss|93/100
|cant|p1b: Puss|flinch
|move|p1a: Rudra|Dragon Darts|p2a: Sneasler
|-damage|p2a: Sneasler|37/100
|-anim|p1a: Rudra|Dragon Darts|p2b: Gholdengo
|-resisted|p2b: Gholdengo
|-damage|p2b: Gholdengo|78/100
|move|p2b: Gholdengo|Dazzling Gleam|p1b: Puss|[spread] p1a,p1b
|-supereffective|p1a: Rudra
|-damage|p1a: Rudra|4/100
|-damage|p1b: Puss|61/100
|
|upkeep
|turn|2
|inactive|redsubhuman has 30 seconds left.
|
|t:|1756229810
|-terastallize|p2b: Gholdengo|Fairy
|move|p2a: Sneasler|Protect|p2a: Sneasler
|-singleturn|p2a: Sneasler|Protect
|move|p1a: Rudra|Dragon Darts|p2a: Sneasler
|-immune|p2b: Gholdengo
|move|p2b: Gholdengo|Dazzling Gleam|p1a: Rudra|[spread] p1a,p1b
|-supereffective|p1a: Rudra
|-damage|p1a: Rudra|0 fnt
|-damage|p1b: Puss|18/100
|faint|p1a: Rudra
|move|p1b: Puss|Knock Off|p2b: Gholdengo
|-resisted|p2b: Gholdengo
|-damage|p2b: Gholdengo|56/100
|-enditem|p2b: Gholdengo|Choice Specs|[from] move: Knock Off|[of] p1b: Puss
|
|upkeep
|
|t:|1756229814
|switch|p1a: Mary|Whimsicott, L50, F|100/100
|turn|3
|
|t:|1756229827
|switch|p2a: Dondozo|Dondozo, L50, F|100/100
|move|p1a: Mary|Tailwind|p1a: Mary
|-sidestart|p1: redsubhuman|move: Tailwind
|move|p1b: Puss|Flare Blitz|p2b: Gholdengo
|-damage|p2b: Gholdengo|0 fnt
|faint|p2b: Gholdengo
|-damage|p1b: Puss|3/100|[from] Recoil
|
|upkeep
|
|t:|1756229840
|switch|p2b: Rillaboom|Rillaboom, L50, M|100/100
|-fieldstart|move: Grassy Terrain|[from] ability: Grassy Surge|[of] p2b: Rillaboom
|turn|4
|inactive|redsubhuman has 30 seconds left.
|inactive|redsubhuman has 20 seconds left.
|inactive|redsubhuman has 15 seconds left.
|
|t:|1756229885
|move|p1a: Mary|Moonblast|p2a: Dondozo
|-damage|p2a: Dondozo|77/100
|move|p1b: Puss|Flare Blitz|p2b: Rillaboom
|-supereffective|p2b: Rillaboom
|-damage|p2b: Rillaboom|0 fnt
|faint|p2b: Rillaboom
|-damage|p1b: Puss|0 fnt|[from] Recoil
|faint|p1b: Puss
|move|p2a: Dondozo|Wave Crash|p1a: Mary
|-resisted|p1a: Mary
|-damage|p1a: Mary|69/100
|-damage|p2a: Dondozo|70/100|[from] Recoil
|
|-heal|p1a: Mary|75/100|[from] Grassy Terrain
|-heal|p2a: Dondozo|77/100|[from] Grassy Terrain
|-heal|p2a: Dondozo|83/100|[from] item: Leftovers
|upkeep
|
|t:|1756229897
|switch|p2b: Sneasler|Sneasler, L50, M|37/100
|switch|p1b: Shāhmat|Ursaluna-Bloodmoon, L50, M|100/100
|turn|5
|
|t:|1756229919
|-terastallize|p1b: Shāhmat|Normal
|move|p1a: Mary|Encore|p2a: Dondozo
|-start|p2a: Dondozo|Encore
|move|p1b: Shāhmat|Hyper Voice|p2a: Dondozo|[spread] p2a,p2b
|-damage|p2a: Dondozo|30/100
|-damage|p2b: Sneasler|0 fnt
|faint|p2b: Sneasler
|-damage|p1b: Shāhmat|91/100|[from] item: Life Orb
|move|p2a: Dondozo|Wave Crash|p1a: Mary
|-resisted|p1a: Mary
|-crit|p1a: Mary
|-damage|p1a: Mary|23/100
|-damage|p2a: Dondozo|20/100|[from] Recoil
|
|-heal|p1a: Mary|30/100|[from] Grassy Terrain
|-heal|p1b: Shāhmat|97/100|[from] Grassy Terrain
|-heal|p2a: Dondozo|26/100|[from] Grassy Terrain
|-heal|p2a: Dondozo|32/100|[from] item: Leftovers
|upkeep
|turn|6
|
|t:|1756229934
|move|p1a: Mary|Moonblast|p2a: Dondozo
|-damage|p2a: Dondozo|11/100
|move|p1b: Shāhmat|Blood Moon|p2a: Dondozo
|-damage|p2a: Dondozo|0 fnt
|faint|p2a: Dondozo
|-damage|p1b: Shāhmat|87/100|[from] item: Life Orb
|
|win|redsubhuman
|raw|redsubhuman's rating: 1371 → 1384(+13 for winning)
|raw|Cristante terabug's rating: 1238 → 1222(-16 for losing)
