|j|‽WestyLiam
|j|☆KilamanolaVGC
|html|WestyLiamKilamanolaVGC    
|uhtml|bestof|Game 2 of a best-of-3
|t:|1757784520
|gametype|doubles
|player|p1|WestyLiam|1|1195
|player|p2|KilamanolaVGC|169|1259
|gen|9
|tier|[Gen 9] VGC 2025 Reg H (Bo3)
|rated|
|rule|Species Clause: Limit one of each Pokémon
|rule|Item Clause: Limit 1 of each item
|clearpoke
|poke|p1|Gholdengo, L50|
|poke|p1|Incineroar, L50, M|
|poke|p1|Archaludon, L50, M|
|poke|p1|Pelipper, L50, M|
|poke|p1|Basculegion, L50, M|
|poke|p1|Amoonguss, L50, F|
|poke|p2|Weezing-Galar, L50, F|
|poke|p2|Slaking, L50, M|
|poke|p2|Mamoswine, L50, F|
|poke|p2|Kilowattrel, L50, M|
|poke|p2|Dondozo, L50, M|
|poke|p2|Tatsugiri, L50, M|
|teampreview|4
|showteam|p1|Gholdengo||LifeOrb|GoodasGold|MakeItRain,ShadowBall,NastyPlot,Protect||||||50|,,,,,Water]Incineroar||RockyHelmet|Intimidate|KnockOff,Taunt,PartingShot,FakeOut|||M|||50|,,,,,Ghost]Archaludon||AssaultVest|Stamina|ElectroShot,DragonPulse,FlashCannon,BodyPress|||M|||50|,,,,,Bug]Pelipper||FocusSash|Drizzle|WeatherBall,Hurricane,Tailwind,Protect|||M|||50|,,,,,Ground]Basculegion||ChoiceBand|SwiftSwim|WaveCrash,LastRespects,FlipTurn,AquaJet|||M|||50|,,,,,Water]Amoonguss||SitrusBerry|Regenerator|PollenPuff,Spore,RagePowder,Protect|||F|||50|,,,,,Fairy
|showteam|p2|Weezing-Galar||CovertCloak|NeutralizingGas|StrangeSteam,WillOWisp,Taunt,Protect|||F|||50|,,,,,Water]Slaking||LifeOrb|Truant|DoubleEdge,SuckerPunch,HighHorsepower,Protect|||M|||50|,,,,,Ghost]Mamoswine||FocusSash|Oblivious|IcicleCrash,IceShard,Earthquake,Protect|||F|||50|,,,,,Ghost]Kilowattrel||ChoiceSpecs|Competitive|Thunderbolt,Discharge,AirSlash,VoltSwitch|||M|||50|,,,,,Ghost]Dondozo||Leftovers|Unaware|WaveCrash,HeavySlam,OrderUp,Protect|||M|||50|,,,,,Grass]Tatsugiri||AbilityShield|Commander|MuddyWater,DragonPulse,DracoMeteor,Protect|||M|||50|,,,,,Steel
|inactive|Battle timer is ON: inactive players will automatically lose when time's up. (requested by KilamanolaVGC)
|
|t:|1757784534
|teamsize|p1|4
|teamsize|p2|4
|start
|switch|p1a: Pelipper|Pelipper, L50, M|100/100
|switch|p1b: Basculegion|Basculegion, L50, M|100/100
|switch|p2a: Kilowattrel|Kilowattrel, L50, M, shiny|100/100
|switch|p2b: Mamoswine|Mamoswine, L50, F, shiny|100/100
|-weather|RainDance|[from] ability: Drizzle|[of] p1a: Pelipper
|turn|1
|
|t:|1757784546
|switch|p1b: Archaludon|Archaludon, L50, M|100/100
|move|p2b: Mamoswine|Ice Shard|p1a: Pelipper
|-damage|p1a: Pelipper|70/100
|move|p2a: Kilowattrel|Thunderbolt|p1a: Pelipper
|-supereffective|p1a: Pelipper
|-damage|p1a: Pelipper|0 fnt
|faint|p1a: Pelipper
|
|-weather|RainDance|[upkeep]
|upkeep
|
|t:|1757784553
|switch|p1a: Basculegion|Basculegion, L50, M|100/100
|turn|2
|
|t:|1757784562
|switch|p2a: Tatsugiri|Tatsugiri, L50, M, shiny|100/100
|switch|p2b: Dondozo|Dondozo, L50, M, shiny|100/100
|-activate|p2a: Tatsugiri|ability: Commander|[of] p2b: Dondozo
|-boost|p2b: Dondozo|atk|2
|-boost|p2b: Dondozo|spa|2
|-boost|p2b: Dondozo|spe|2
|-boost|p2b: Dondozo|def|2
|-boost|p2b: Dondozo|spd|2
|move|p1a: Basculegion|Flip Turn|p2a: Tatsugiri|[miss]
|-miss|p1a: Basculegion|p2a: Tatsugiri
|move|p1b: Archaludon|Electro Shot||[still]
|-prepare|p1b: Archaludon|Electro Shot
|-boost|p1b: Archaludon|spa|1
|-anim|p1b: Archaludon|Electro Shot|p2b: Dondozo
|-supereffective|p2b: Dondozo
|-damage|p2b: Dondozo|55/100
|
|-weather|RainDance|[upkeep]
|-heal|p2b: Dondozo|62/100|[from] item: Leftovers
|upkeep
|turn|3
|
|t:|1757784585
|-terastallize|p2b: Dondozo|Grass
|move|p1a: Basculegion|Flip Turn|p2b: Dondozo
|-resisted|p2b: Dondozo
|-damage|p2b: Dondozo|50/100
|
|t:|1757784589
|switch|p1a: Amoonguss|Amoonguss, L50, F|100/100|[from] Flip Turn
|move|p2b: Dondozo|Order Up|p1b: Archaludon
|-damage|p1b: Archaludon|68/100
|-ability|p1b: Archaludon|Stamina|boost
|-boost|p1b: Archaludon|def|1
|-boost|p2b: Dondozo|atk|1
|move|p1b: Archaludon|Electro Shot||[still]
|-prepare|p1b: Archaludon|Electro Shot
|-boost|p1b: Archaludon|spa|1
|-anim|p1b: Archaludon|Electro Shot|p2b: Dondozo
|-resisted|p2b: Dondozo
|-damage|p2b: Dondozo|41/100
|
|-weather|RainDance|[upkeep]
|-heal|p2b: Dondozo|47/100|[from] item: Leftovers
|upkeep
|turn|4
|
|t:|1757784607
|move|p2b: Dondozo|Order Up|p1b: Archaludon
|-crit|p1b: Archaludon
|-damage|p1b: Archaludon|9/100
|-ability|p1b: Archaludon|Stamina|boost
|-boost|p1b: Archaludon|def|1
|-boost|p2b: Dondozo|atk|1
|move|p1b: Archaludon|Dragon Pulse|p2b: Dondozo
|-damage|p2b: Dondozo|27/100
|move|p1a: Amoonguss|Pollen Puff|p1b: Archaludon
|-heal|p1b: Archaludon|58/100
|
|-weather|RainDance|[upkeep]
|-heal|p2b: Dondozo|33/100|[from] item: Leftovers
|upkeep
|turn|5
|
|t:|1757784621
|move|p2b: Dondozo|Order Up|p1b: Archaludon
|-damage|p1b: Archaludon|9/100
|-ability|p1b: Archaludon|Stamina|boost
|-boost|p1b: Archaludon|def|1
|-boost|p2b: Dondozo|atk|1
|move|p1b: Archaludon|Dragon Pulse|p2b: Dondozo
|-damage|p2b: Dondozo|14/100
|move|p1a: Amoonguss|Pollen Puff|p2b: Dondozo
|-supereffective|p2b: Dondozo
|-damage|p2b: Dondozo|0 fnt
|faint|p2b: Dondozo
|
|-weather|none
|upkeep
|
|t:|1757784635
|switch|p2b: Kilowattrel|Kilowattrel, L50, M, shiny|100/100
|turn|6
|
|t:|1757784641
|-terastallize|p1a: Amoonguss|Fairy
|move|p2b: Kilowattrel|Air Slash|p1a: Amoonguss
|-damage|p1a: Amoonguss|60/100
|move|p1b: Archaludon|Dragon Pulse|p2a: Tatsugiri
|-supereffective|p2a: Tatsugiri
|-damage|p2a: Tatsugiri|0 fnt
|faint|p2a: Tatsugiri
|cant|p1a: Amoonguss|flinch
|
|upkeep
|
|t:|1757784643
|switch|p2a: Mamoswine|Mamoswine, L50, F, shiny|100/100
|turn|7
|
|t:|1757784650
|move|p2b: Kilowattrel|Air Slash|p1b: Archaludon
|-resisted|p1b: Archaludon
|-damage|p1b: Archaludon|0 fnt
|faint|p1b: Archaludon
|move|p2a: Mamoswine|Earthquake|p1a: Amoonguss|[spread] p1a
|-immune|p2b: Kilowattrel
|-damage|p1a: Amoonguss|21/100
|-enditem|p1a: Amoonguss|Sitrus Berry|[eat]
|-heal|p1a: Amoonguss|45/100|[from] item: Sitrus Berry
|move|p1a: Amoonguss|Spore|p2b: Kilowattrel
|-status|p2b: Kilowattrel|slp|[from] move: Spore
|
|upkeep
|
|t:|1757784652
|switch|p1b: Basculegion|Basculegion, L50, M|100/100
|turn|8
|
|t:|1757784659
|cant|p2b: Kilowattrel|slp
|move|p2a: Mamoswine|Earthquake|p1a: Amoonguss|[spread] p1a,p1b
|-immune|p2b: Kilowattrel
|-damage|p1a: Amoonguss|4/100
|-damage|p1b: Basculegion|48/100
|move|p1b: Basculegion|Last Respects|p2b: Kilowattrel
|-damage|p2b: Kilowattrel|0 fnt
|faint|p2b: Kilowattrel
|move|p1a: Amoonguss|Spore|p2a: Mamoswine
|-status|p2a: Mamoswine|slp|[from] move: Spore
|
|upkeep
|turn|9
|
|t:|1757784665
|cant|p2a: Mamoswine|slp
|move|p1b: Basculegion|Last Respects|p2a: Mamoswine
|-enditem|p2a: Mamoswine|Focus Sash
|-damage|p2a: Mamoswine|1/100 slp
|move|p1a: Amoonguss|Pollen Puff|p1b: Basculegion
|-heal|p1b: Basculegion|98/100
|
|upkeep
|turn|10
|
|t:|1757784673
|-curestatus|p2a: Mamoswine|slp|[msg]
|move|p2a: Mamoswine|Earthquake|p1b: Basculegion|[spread] p1a,p1b
|-damage|p1a: Amoonguss|0 fnt
|-damage|p1b: Basculegion|50/100
|faint|p1a: Amoonguss
|move|p1b: Basculegion|Last Respects|p2a: Mamoswine
|-crit|p2a: Mamoswine
|-damage|p2a: Mamoswine|0 fnt
|faint|p2a: Mamoswine
|
|win|WestyLiam
|raw|WestyLiam's rating: 1195 → 1225(+30 for winning)
|raw|KilamanolaVGC's rating: 1259 → 1229(-30 for losing)
|c|☆KilamanolaVGC|cheater
|l|☆KilamanolaVGC
|player|p2|
|l|‽WestyLiam
|player|p1|
|j|☆WestyLiam
|player|p1|WestyLiam|1|
