|j|☆daemian_x
|j|☆glofer
|html|daemian_xglofer    
|uhtml|bestof|Game 2 of a best-of-3
|t:|1785276106
|gametype|doubles
|player|p1|daemian_x|blue|1169
|player|p2|glofer|blackbelt|1068
|gen|9
|tier|[Gen 9 Champions] VGC 2026 Reg M-B (Bo3)
|rated|
|rule|Species Clause: Limit one of each Pokémon
|rule|Item Clause: Limit 1 of each item
|clearpoke
|poke|p1|Tyranitar, L50, M|
|poke|p1|Excadrill, L50, M|
|poke|p1|Gholdengo, L50|
|poke|p1|Milotic, L50, F|
|poke|p1|Sinistcha, L50|
|poke|p1|Staraptor, L50, F|
|poke|p2|Bellibolt, L50, F|
|poke|p2|Heliolisk, L50, M|
|poke|p2|Emolga, L50, M|
|poke|p2|Raichu, L50, M|
|poke|p2|Manectric, L50, F|
|poke|p2|Eelektross, L50, F|
|teampreview|4
|showteam|p1|Tyranitar||Tyranitarite|SandStream|RockSlide,KnockOff,LowKick,Protect|Adamant||M|||50|]Excadrill||FocusSash|SandRush|RockSlide,HighHorsepower,IronHead,Protect|Adamant||M|||50|]Gholdengo||LifeOrb|GoodasGold|MakeItRain,ShadowBall,NastyPlot,Protect|Modest|||||50|]Milotic||SitrusBerry|Competitive|Scald,IceBeam,Recover,Protect|Modest||F|||50|]Sinistcha||ColburBerry|Hospitality|MatchaGotcha,RagePowder,StrengthSap,Protect|Bold|||||50|]Staraptor||Staraptite|Intimidate|CloseCombat,BraveBird,Tailwind,Protect|Jolly||F|||50|
|showteam|p2|Bellibolt||Leftovers|Electromorphosis|ParabolicCharge,AcidSpray,Soak,Protect|Quiet||F|||50|]Heliolisk||ChoiceScarf|DrySkin|Discharge,HyperVoice,DragonPulse,DarkPulse|Timid||M|||50|]Emolga||FocusSash|MotorDrive|Electroweb,AirSlash,Encore,Protect|Timid||M|||50|]Raichu||RaichuniteY|LightningRod|ZapCannon,FocusBlast,FakeOut,Protect|Timid||M|||50|]Manectric||Manectite|LightningRod|Thunderbolt,Flamethrower,Snarl,Protect|Timid||F|||50|]Eelektross||LifeOrb|Levitate|SupercellSlam,DrainPunch,Bulldoze,Coil|Adamant||F|||50|
|inactive|Battle timer is ON: inactive players will automatically lose when time's up. (requested by glofer)
|
|t:|1785276139
|teamsize|p1|4
|teamsize|p2|4
|start
|switch|p1a: Tyranitar|Tyranitar, L50, M|100/100
|switch|p1b: Sinistcha|Sinistcha, L50|100/100
|switch|p2a: Manectric|Manectric, L50, F|100/100
|switch|p2b: Eelektross|Eelektross, L50, F|100/100
|-weather|Sandstorm|[from] ability: Sand Stream|[of] p1a: Tyranitar
|turn|1
|inactive|daemian_x has 30 seconds left.
|
|t:|1785276166
|detailschange|p2a: Manectric|Manectric-Mega, L50, F
|-mega|p2a: Manectric|Manectric|Manectite
|-ability|p2a: Manectric|Intimidate|boost
|-unboost|p1a: Tyranitar|atk|1
|-unboost|p1b: Sinistcha|atk|1
|move|p1a: Tyranitar|Protect|p1a: Tyranitar
|-singleturn|p1a: Tyranitar|Protect
|move|p2a: Manectric|Flamethrower|p1b: Sinistcha
|-supereffective|p1b: Sinistcha|1
|-damage|p1b: Sinistcha|33/100
|move|p1b: Sinistcha|Matcha Gotcha|p2a: Manectric|[spread] p2a,p2b
|-crit|p2b: Eelektross
|-damage|p2a: Manectric|64/100
|-heal|p1b: Sinistcha|48/100|[from] drain|[of] p2a: Manectric
|-damage|p2b: Eelektross|60/100
|-heal|p1b: Sinistcha|69/100|[from] drain|[of] p2b: Eelektross
|-status|p2a: Manectric|brn
|move|p2b: Eelektross|Coil|p2b: Eelektross
|-boost|p2b: Eelektross|atk|1
|-boost|p2b: Eelektross|def|1
|-boost|p2b: Eelektross|accuracy|1
|
|-weather|Sandstorm|[upkeep]
|-damage|p2a: Manectric|58/100 brn|[from] Sandstorm
|-damage|p1b: Sinistcha|63/100|[from] Sandstorm
|-damage|p2b: Eelektross|54/100|[from] Sandstorm
|-damage|p2a: Manectric|52/100 brn|[from] brn
|upkeep
|turn|2
|inactive|daemian_x has 30 seconds left.
|inactive|daemian_x has 20 seconds left.
|inactive|glofer has 30 seconds left.
|
|t:|1785276216
|detailschange|p1a: Tyranitar|Tyranitar-Mega, L50, M
|-mega|p1a: Tyranitar|Tyranitar|Tyranitarite
|move|p2a: Manectric|Flamethrower|p1b: Sinistcha
|-supereffective|p1b: Sinistcha|1
|-damage|p1b: Sinistcha|2/100
|move|p1a: Tyranitar|Rock Slide|p2a: Manectric|[spread] p2a,p2b
|-damage|p2a: Manectric|19/100 brn
|-damage|p2b: Eelektross|41/100
|move|p1b: Sinistcha|Matcha Gotcha|p2a: Manectric|[spread] p2a,p2b
|-damage|p2a: Manectric|0 fnt
|-heal|p1b: Sinistcha|11/100|[from] drain|[of] p2a: Manectric
|-damage|p2b: Eelektross|14/100
|-heal|p1b: Sinistcha|25/100|[from] drain|[of] p2b: Eelektross
|-status|p2b: Eelektross|brn
|faint|p2a: Manectric
|move|p2b: Eelektross|Supercell Slam|p1a: Tyranitar
|-damage|p1a: Tyranitar|74/100
|-damage|p2b: Eelektross|4/100 brn|[from] item: Life Orb
|
|-weather|Sandstorm|[upkeep]
|-damage|p1b: Sinistcha|19/100|[from] Sandstorm
|-damage|p2b: Eelektross|0 fnt|[from] Sandstorm
|faint|p2b: Eelektross
|upkeep
|
|t:|1785276225
|switch|p2a: Emolga|Emolga, L50, M|100/100
|switch|p2b: Bellibolt|Bellibolt, L50, F|100/100
|turn|3
|inactive|daemian_x has 30 seconds left.
|
|t:|1785276256
|switch|p1b: Excadrill|Excadrill, L50, M|100/100
|move|p2a: Emolga|Air Slash|p1b: Excadrill|[miss]
|-miss|p2a: Emolga|p1b: Excadrill
|move|p1a: Tyranitar|Knock Off|p2a: Emolga
|-damage|p2a: Emolga|15/100
|-enditem|p2a: Emolga|Focus Sash|[from] move: Knock Off|[of] p1a: Tyranitar
|move|p2b: Bellibolt|Soak|p1a: Tyranitar
|-start|p1a: Tyranitar|typechange|Water
|
|-weather|Sandstorm|[upkeep]
|-damage|p2a: Emolga|9/100|[from] Sandstorm
|-damage|p1a: Tyranitar|68/100|[from] Sandstorm
|-damage|p2b: Bellibolt|93/100|[from] Sandstorm
|-heal|p2b: Bellibolt|100/100|[from] item: Leftovers
|upkeep
|turn|4
|
|t:|1785276279
|switch|p1a: Gholdengo|Gholdengo, L50|100/100
|move|p1b: Excadrill|High Horsepower|p2b: Bellibolt
|-supereffective|p2b: Bellibolt|1
|-damage|p2b: Bellibolt|25/100
|-start|p2b: Bellibolt|Charge|High Horsepower|[from] ability: Electromorphosis
|move|p2a: Emolga|Air Slash|p1a: Gholdengo
|-resisted|p1a: Gholdengo|1
|-damage|p1a: Gholdengo|86/100
|move|p2b: Bellibolt|Soak|p1b: Excadrill
|-start|p1b: Excadrill|typechange|Water
|
|-weather|Sandstorm|[upkeep]
|-damage|p2a: Emolga|3/100|[from] Sandstorm
|-damage|p2b: Bellibolt|18/100|[from] Sandstorm
|-heal|p2b: Bellibolt|25/100|[from] item: Leftovers
|upkeep
|turn|5
|-message|glofer forfeited.
|
|win|daemian_x
|raw|daemian_x's rating: 1169 → 1187(+18 for winning)
|raw|glofer's rating: 1068 → 1054(-14 for losing)
|l|☆glofer
|player|p2|
