|j|☆boyoohboy
|j|☆kokonuthasabignut
|html|boyoohboykokonuthasabignut    
|uhtml|bestof|Game 3 of a best-of-3
|t:|1783334090
|gametype|doubles
|player|p1|boyoohboy|266|1061
|player|p2|kokonuthasabignut|1|1099
|gen|9
|tier|[Gen 9 Champions] VGC 2026 Reg M-B (Bo3)
|rated|
|rule|Species Clause: Limit one of each Pokémon
|rule|Item Clause: Limit 1 of each item
|clearpoke
|poke|p1|Pidgeot, L50, M|
|poke|p1|Excadrill, L50, F|
|poke|p1|Tyranitar, L50, M|
|poke|p1|Hydreigon, L50, M|
|poke|p1|Rotom-Wash, L50|
|poke|p1|Gholdengo, L50|
|poke|p2|Pelipper, L50, F|
|poke|p2|Archaludon, L50, F|
|poke|p2|Basculegion, L50, M|
|poke|p2|Grimmsnarl, L50, M|
|poke|p2|Venusaur, L50, M|
|poke|p2|Swampert, L50, F|
|teampreview|4
|showteam|p1|Pidgeot||Pidgeotite|BigPecks|Hurricane,HeatWave,Tailwind,Protect|Timid||M|||50|]Excadrill||FocusSash|SandRush|Earthquake,IronHead,RockSlide,Protect|Adamant||F|||50|]Tyranitar||Tyranitarite|SandStream|RockSlide,KnockOff,LowKick,Protect|Adamant||M|||50|]Hydreigon||ChoiceScarf|Levitate|DragonPulse,DarkPulse,HeatWave,EarthPower|Timid||M|||50|]Rotom-Wash||SitrusBerry|Levitate|Thunderbolt,Protect,HydroPump,WillOWisp|Timid|||||50|]Gholdengo||LifeOrb|GoodasGold|MakeItRain,ShadowBall,NastyPlot,Protect|Timid|||||50|
|showteam|p2|Pelipper||LifeOrb|Drizzle|WeatherBall,Hurricane,Tailwind,WideGuard|Timid||F|||50|]Archaludon||Leftovers|Stamina|DragonPulse,FlashCannon,ElectroShot,Protect|Modest||F|||50|]Basculegion||ChoiceScarf|Adaptability|WaveCrash,LastRespects,FlipTurn,AquaJet|Jolly||M|||50|]Grimmsnarl||LightClay|Prankster|SpiritBreak,PartingShot,Reflect,LightScreen|Careful||M|||50|]Venusaur||Venusaurite|Chlorophyll|GigaDrain,SludgeBomb,EarthPower,Protect|Modest||M|||50|]Swampert||Swampertite|Damp|WaveCrash,HighHorsepower,FlipTurn,Protect|Adamant||F|||50|
|
|t:|1783334123
|teamsize|p1|4
|teamsize|p2|4
|start
|switch|p1a: Tyranitar|Tyranitar, L50, M|100/100
|switch|p1b: Hydreigon|Hydreigon, L50, M|100/100
|switch|p2a: Pelipper|Pelipper, L50, F|100/100
|switch|p2b: Swampert|Swampert, L50, F|100/100
|-weather|RainDance|[from] ability: Drizzle|[of] p2a: Pelipper
|-weather|Sandstorm|[from] ability: Sand Stream|[of] p1a: Tyranitar
|turn|1
|
|t:|1783334151
|detailschange|p2b: Swampert|Swampert-Mega, L50, F
|-mega|p2b: Swampert|Swampert|Swampertite
|move|p1b: Hydreigon|Dragon Pulse|p2b: Swampert
|-damage|p2b: Swampert|59/100
|move|p2a: Pelipper|Tailwind|p2a: Pelipper
|-sidestart|p2: kokonuthasabignut|move: Tailwind
|move|p2b: Swampert|High Horsepower|p1a: Tyranitar
|-supereffective|p1a: Tyranitar|1
|-damage|p1a: Tyranitar|0 fnt
|faint|p1a: Tyranitar
|
|-weather|Sandstorm|[upkeep]
|-damage|p2a: Pelipper|94/100|[from] Sandstorm
|-damage|p1b: Hydreigon|93/100|[from] Sandstorm
|upkeep
|
|t:|1783334164
|switch|p1a: Rotom|Rotom-Wash, L50|100/100
|turn|2
|
|t:|1783334179
|switch|p2a: Archaludon|Archaludon, L50, F|100/100
|move|p2b: Swampert|Protect|p2b: Swampert
|-singleturn|p2b: Swampert|Protect
|move|p1b: Hydreigon|Dragon Pulse|p2b: Swampert
|-activate|p2b: Swampert|move: Protect
|move|p1a: Rotom|Thunderbolt|p2a: Archaludon
|-resisted|p2a: Archaludon|1
|-damage|p2a: Archaludon|81/100
|-ability|p2a: Archaludon|Stamina|boost
|-boost|p2a: Archaludon|def|1
|
|-weather|Sandstorm|[upkeep]
|-damage|p1b: Hydreigon|87/100|[from] Sandstorm
|-damage|p1a: Rotom|94/100|[from] Sandstorm
|-heal|p2a: Archaludon|87/100|[from] item: Leftovers
|upkeep
|turn|3
|
|t:|1783334200
|move|p1b: Hydreigon|Dragon Pulse|p2b: Swampert
|-damage|p2b: Swampert|23/100
|move|p2b: Swampert|Flip Turn|p1a: Rotom
|-resisted|p1a: Rotom|1
|-damage|p1a: Rotom|72/100
|
|t:|1783334207
|switch|p2b: Pelipper|Pelipper, L50, F|94/100|[from] Flip Turn
|-weather|RainDance|[from] ability: Drizzle|[of] p2b: Pelipper
|move|p2a: Archaludon|Dragon Pulse|p1b: Hydreigon
|-supereffective|p1b: Hydreigon|1
|-damage|p1b: Hydreigon|0 fnt
|faint|p1b: Hydreigon
|move|p1a: Rotom|Will-O-Wisp|p2b: Pelipper
|-status|p2b: Pelipper|brn
|
|-weather|RainDance|[upkeep]
|-heal|p2a: Archaludon|93/100|[from] item: Leftovers
|-damage|p2b: Pelipper|88/100 brn|[from] brn
|upkeep
|
|t:|1783334220
|switch|p1b: Gholdengo|Gholdengo, L50|100/100
|turn|4
|
|t:|1783334231
|move|p2b: Pelipper|Weather Ball|p1b: Gholdengo
|-damage|p1b: Gholdengo|7/100
|-damage|p2b: Pelipper|78/100 brn|[from] item: Life Orb
|move|p2a: Archaludon|Electro Shot||[still]
|-prepare|p2a: Archaludon|Electro Shot
|-boost|p2a: Archaludon|spa|1
|-anim|p2a: Archaludon|Electro Shot|p1a: Rotom
|-damage|p1a: Rotom|6/100
|-enditem|p1a: Rotom|Sitrus Berry|[eat]
|-heal|p1a: Rotom|31/100|[from] item: Sitrus Berry
|move|p1a: Rotom|Thunderbolt|p2b: Pelipper
|-supereffective|p2b: Pelipper|2
|-damage|p2b: Pelipper|0 fnt
|faint|p2b: Pelipper
|move|p1b: Gholdengo|Shadow Ball|p2a: Archaludon
|-damage|p2a: Archaludon|45/100
|-ability|p2a: Archaludon|Stamina|boost
|-boost|p2a: Archaludon|def|1
|-damage|p1b: Gholdengo|0 fnt|[from] item: Life Orb
|faint|p1b: Gholdengo
|
|-weather|RainDance|[upkeep]
|-heal|p2a: Archaludon|51/100|[from] item: Leftovers
|-sideend|p2: kokonuthasabignut|move: Tailwind
|upkeep
|
|t:|1783334257
|switch|p2b: Swampert|Swampert-Mega, L50, F|23/100
|turn|5
|
|t:|1783334264
|move|p2b: Swampert|Wave Crash|p1a: Rotom
|-resisted|p1a: Rotom|1
|-damage|p1a: Rotom|0 fnt
|faint|p1a: Rotom
|-damage|p2b: Swampert|15/100|[from] Recoil
|
|win|kokonuthasabignut
|raw|boyoohboy's rating: 1061 → 1044(-17 for losing)
|raw|kokonuthasabignut's rating: 1099 → 1121(+22 for winning)
|l|☆kokonuthasabignut
|player|p2|
