|j|☆a-fly03
|j|☆Testingdeez
|html|a-fly03Testingdeez    
|uhtml|bestof|Game 1 of a best-of-3
|t:|1783432630
|gametype|doubles
|player|p1|a-fly03|ghetsis-gen5bw|1112
|player|p2|Testingdeez|1|1231
|gen|9
|tier|[Gen 9 Champions] VGC 2026 Reg M-B (Bo3)
|rated|
|rule|Species Clause: Limit one of each Pokémon
|rule|Item Clause: Limit 1 of each item
|clearpoke
|poke|p1|Metagross, L50, shiny|
|poke|p1|Tyranitar, L50, M|
|poke|p1|Excadrill, L50, F|
|poke|p1|Grimmsnarl, L50, M, shiny|
|poke|p1|Sneasler, L50, M, shiny|
|poke|p1|Sinistcha, L50|
|poke|p2|Gengar, L50, M, shiny|
|poke|p2|Swampert, L50, M|
|poke|p2|Politoed, L50, M, shiny|
|poke|p2|Incineroar, L50, F|
|poke|p2|Archaludon, L50, F, shiny|
|poke|p2|Vivillon, L50, M, shiny|
|teampreview|4
|showteam|p1|Metagross||Metagrossite|ClearBody|IronHead,BrickBreak,IcePunch,Protect|Jolly|||||50|]Tyranitar||Tyranitarite|SandStream|RockSlide,KnockOff,DragonDance,Protect|Jolly||M|||50|]Excadrill||FocusSash|SandRush|Earthquake,IronHead,RockSlide,Protect|Adamant||F|||50|]Grimmsnarl||RoseliBerry|Prankster|FoulPlay,PartingShot,LightScreen,Reflect|Careful||M|||50|]Sneasler||WhiteHerb|Unburden|FakeOut,CloseCombat,DireClaw,Protect|Adamant||M|||50|]Sinistcha||SitrusBerry|Hospitality|MatchaGotcha,Protect,RagePowder,LifeDew|Bold|||||50|
|showteam|p2|Gengar||Gengarite|CursedBody|SludgeBomb,ShadowBall,PerishSong,Protect|Timid||M|||50|]Swampert||Swampertite|Damp|WaveCrash,Earthquake,IcePunch,Protect|Adamant||M|||50|]Politoed||SitrusBerry|Drizzle|WeatherBall,PerishSong,Encore,Protect|Calm||M|||50|]Incineroar||PasshoBerry|Intimidate|DarkestLariat,FakeOut,PartingShot,Protect|Sassy||F|||50|]Archaludon||Leftovers|Stamina|FlashCannon,ElectroShot,DragonPulse,Protect|Bold||F|||50|]Vivillon||FocusSash|CompoundEyes|Hurricane,RagePowder,SleepPowder,Protect|Timid||M|||50|
|inactive|Battle timer is ON: inactive players will automatically lose when time's up. (requested by a-fly03)
|inactive|a-fly03 has 60 seconds left.
|inactive|Testingdeez has 60 seconds left.
|
|t:|1783432695
|teamsize|p1|4
|teamsize|p2|4
|start
|switch|p1a: Metagross|Metagross, L50, shiny|100/100
|switch|p1b: Grimmsnarl|Grimmsnarl, L50, M, shiny|100/100
|switch|p2a: Swampert|Swampert, L50, M|100/100
|switch|p2b: Incineroar|Incineroar, L50, F|100/100
|-ability|p2b: Incineroar|Intimidate|boost
|-fail|p1a: Metagross|unboost|[from] ability: Clear Body|[of] p1a: Metagross
|-unboost|p1b: Grimmsnarl|atk|1
|turn|1
|inactive|a-fly03 has 30 seconds left.
|inactive|a-fly03 has 20 seconds left.
|inactive|a-fly03 has 15 seconds left.
|inactive|a-fly03 has 10 seconds left.
|inactive|a-fly03 has 5 seconds left.
|
|t:|1783432749
|detailschange|p1a: Metagross|Metagross-Mega, L50, shiny
|-mega|p1a: Metagross|Metagross|Metagrossite
|detailschange|p2a: Swampert|Swampert-Mega, L50, M
|-mega|p2a: Swampert|Swampert|Swampertite
|move|p2b: Incineroar|Fake Out|p1a: Metagross
|-resisted|p1a: Metagross|1
|-damage|p1a: Metagross|96/100
|move|p1b: Grimmsnarl|Reflect|p1b: Grimmsnarl
|-sidestart|p1: a-fly03|Reflect
|cant|p1a: Metagross|flinch
|move|p2a: Swampert|Wave Crash|p1b: Grimmsnarl
|-damage|p1b: Grimmsnarl|44/100
|-damage|p2a: Swampert|79/100|[from] Recoil
|
|upkeep
|turn|2
|
|t:|1783432774
|move|p2a: Swampert|Protect|p2a: Swampert
|-singleturn|p2a: Swampert|Protect
|move|p1b: Grimmsnarl|Parting Shot|p2a: Swampert
|-activate|p2a: Swampert|move: Protect
|move|p1a: Metagross|Ice Punch|p2a: Swampert
|-activate|p2a: Swampert|move: Protect
|move|p2b: Incineroar|Parting Shot|p1a: Metagross
|-unboost|p1a: Metagross|atk|1
|-unboost|p1a: Metagross|spa|1
|
|t:|1783432789
|switch|p2b: Archaludon|Archaludon, L50, F, shiny|100/100|[from] Parting Shot
|
|upkeep
|turn|3
|
|t:|1783432805
|switch|p2a: Incineroar|Incineroar, L50, F|100/100
|-ability|p2a: Incineroar|Intimidate|boost
|-unboost|p1a: Metagross|atk|1
|-unboost|p1b: Grimmsnarl|atk|1
|move|p1b: Grimmsnarl|Light Screen|p1b: Grimmsnarl
|-sidestart|p1: a-fly03|move: Light Screen
|move|p1a: Metagross|Brick Break|p2b: Archaludon
|-supereffective|p2b: Archaludon|1
|-damage|p2b: Archaludon|76/100
|-ability|p2b: Archaludon|Stamina|boost
|-boost|p2b: Archaludon|def|1
|move|p2b: Archaludon|Flash Cannon|p1b: Grimmsnarl
|-supereffective|p1b: Grimmsnarl|1
|-damage|p1b: Grimmsnarl|6/100
|
|-heal|p2b: Archaludon|82/100|[from] item: Leftovers
|upkeep
|turn|4
|inactive|Testingdeez has 30 seconds left.
|inactive|Testingdeez has 20 seconds left.
|
|t:|1783432844
|switch|p1a: Tyranitar|Tyranitar, L50, M|100/100
|-weather|Sandstorm|[from] ability: Sand Stream|[of] p1a: Tyranitar
|move|p2b: Archaludon|Protect|p2b: Archaludon
|-singleturn|p2b: Archaludon|Protect
|move|p1b: Grimmsnarl|Parting Shot|p2b: Archaludon
|-activate|p2b: Archaludon|move: Protect
|move|p2a: Incineroar|Darkest Lariat|p1b: Grimmsnarl
|-resisted|p1b: Grimmsnarl|2
|-damage|p1b: Grimmsnarl|1/100
|
|-weather|Sandstorm|[upkeep]
|-damage|p1b: Grimmsnarl|0 fnt|[from] Sandstorm
|-damage|p2a: Incineroar|94/100|[from] Sandstorm
|faint|p1b: Grimmsnarl
|-heal|p2b: Archaludon|88/100|[from] item: Leftovers
|upkeep
|
|t:|1783432859
|switch|p1b: Excadrill|Excadrill, L50, F|100/100
|turn|5
|inactive|a-fly03 has 30 seconds left.
|inactive|Testingdeez has 30 seconds left.
|
|t:|1783432887
|switch|p2a: Politoed|Politoed, L50, M, shiny|100/100
|-weather|RainDance|[from] ability: Drizzle|[of] p2a: Politoed
|move|p1a: Tyranitar|Protect|p1a: Tyranitar
|-singleturn|p1a: Tyranitar|Protect
|move|p1b: Excadrill|Earthquake|p2a: Politoed|[spread] p2a,p2b
|-activate|p1a: Tyranitar|move: Protect
|-supereffective|p2b: Archaludon|1
|-damage|p2a: Politoed|58/100
|-damage|p2b: Archaludon|49/100
|-ability|p2b: Archaludon|Stamina|boost
|-boost|p2b: Archaludon|def|1
|move|p2b: Archaludon|Electro Shot||[still]
|-prepare|p2b: Archaludon|Electro Shot
|-boost|p2b: Archaludon|spa|1
|-anim|p2b: Archaludon|Electro Shot|p1a: Tyranitar
|-activate|p1a: Tyranitar|move: Protect
|
|-weather|RainDance|[upkeep]
|-heal|p2b: Archaludon|55/100|[from] item: Leftovers
|-sideend|p1: a-fly03|Reflect
|upkeep
|turn|6
|inactive|Testingdeez has 30 seconds left.
|inactive|Testingdeez has 20 seconds left.
|inactive|Testingdeez has 15 seconds left.
|inactive|Testingdeez has 10 seconds left.
|
|t:|1783432937
|move|p1b: Excadrill|Earthquake|p2a: Politoed|[spread] p1a,p2a,p2b
|-supereffective|p1a: Tyranitar|1
|-supereffective|p2b: Archaludon|1
|-damage|p1a: Tyranitar|29/100
|-damage|p2a: Politoed|18/100
|-damage|p2b: Archaludon|24/100
|-ability|p2b: Archaludon|Stamina|boost
|-boost|p2b: Archaludon|def|1
|-enditem|p2a: Politoed|Sitrus Berry|[eat]
|-heal|p2a: Politoed|43/100|[from] item: Sitrus Berry
|move|p1a: Tyranitar|Knock Off|p2b: Archaludon
|-damage|p2b: Archaludon|13/100
|-ability|p2b: Archaludon|Stamina|boost
|-boost|p2b: Archaludon|def|1
|-enditem|p2b: Archaludon|Leftovers|[from] move: Knock Off|[of] p1a: Tyranitar
|move|p2b: Archaludon|Flash Cannon|p1a: Tyranitar
|-supereffective|p1a: Tyranitar|1
|-damage|p1a: Tyranitar|0 fnt
|faint|p1a: Tyranitar
|move|p2a: Politoed|Weather Ball|p1b: Excadrill
|-supereffective|p1b: Excadrill|1
|-damage|p1b: Excadrill|14/100
|
|-weather|RainDance|[upkeep]
|upkeep
|
|t:|1783432955
|switch|p1a: Metagross|Metagross-Mega, L50, shiny|96/100
|turn|7
|inactive|Testingdeez has 30 seconds left.
|
|t:|1783432985
|move|p2a: Politoed|Protect|p2a: Politoed
|-singleturn|p2a: Politoed|Protect
|move|p1a: Metagross|Brick Break|p2b: Archaludon
|-supereffective|p2b: Archaludon|1
|-damage|p2b: Archaludon|0 fnt
|faint|p2b: Archaludon
|move|p1b: Excadrill|Rock Slide|p2a: Politoed
|-activate|p2a: Politoed|move: Protect
|
|-weather|RainDance|[upkeep]
|-sideend|p1: a-fly03|move: Light Screen
|upkeep
|
|t:|1783432992
|switch|p2b: Incineroar|Incineroar, L50, F|94/100
|-ability|p2b: Incineroar|Intimidate|boost
|-unboost|p1a: Metagross|atk|1
|-unboost|p1b: Excadrill|atk|1
|turn|8
|
|t:|1783433004
|move|p1a: Metagross|Protect|p1a: Metagross
|-singleturn|p1a: Metagross|Protect
|move|p2b: Incineroar|Fake Out|p1b: Excadrill
|-resisted|p1b: Excadrill|1
|-damage|p1b: Excadrill|6/100
|cant|p1b: Excadrill|flinch
|move|p2a: Politoed|Perish Song|p2a: Politoed
|-start|p1a: Metagross|perish3|[silent]
|-start|p1b: Excadrill|perish3|[silent]
|-start|p2a: Politoed|perish3|[silent]
|-start|p2b: Incineroar|perish3|[silent]
|-fieldactivate|move: Perish Song
|
|-weather|RainDance|[upkeep]
|-start|p1a: Metagross|perish3
|-start|p1b: Excadrill|perish3
|-start|p2a: Politoed|perish3
|-start|p2b: Incineroar|perish3
|upkeep
|turn|9
|
|t:|1783433024
|move|p2a: Politoed|Protect|p2a: Politoed
|-singleturn|p2a: Politoed|Protect
|move|p2b: Incineroar|Protect|p2b: Incineroar
|-singleturn|p2b: Incineroar|Protect
|move|p1a: Metagross|Iron Head|p2a: Politoed
|-activate|p2a: Politoed|move: Protect
|move|p1b: Excadrill|Earthquake|p2a: Politoed|[spread] p1a
|-activate|p2a: Politoed|move: Protect
|-activate|p2b: Incineroar|move: Protect
|-supereffective|p1a: Metagross|1
|-damage|p1a: Metagross|54/100
|
|-weather|none
|-start|p1a: Metagross|perish2
|-start|p1b: Excadrill|perish2
|-start|p2a: Politoed|perish2
|-start|p2b: Incineroar|perish2
|upkeep
|turn|10
|
|t:|1783433042
|move|p2a: Politoed|Protect|p2a: Politoed
|-singleturn|p2a: Politoed|Protect
|move|p2b: Incineroar|Protect||[still]
|-fail|p2b: Incineroar
|move|p1a: Metagross|Brick Break|p2b: Incineroar
|-supereffective|p2b: Incineroar|1
|-damage|p2b: Incineroar|50/100g
|move|p1b: Excadrill|Earthquake|p2b: Incineroar|[spread] p1a,p2b
|-activate|p2a: Politoed|move: Protect
|-supereffective|p1a: Metagross|1
|-supereffective|p2b: Incineroar|1
|-damage|p1a: Metagross|9/100
|-damage|p2b: Incineroar|2/100
|
|-start|p1a: Metagross|perish1
|-start|p1b: Excadrill|perish1
|-start|p2a: Politoed|perish1
|-start|p2b: Incineroar|perish1
|upkeep
|turn|11
|-message|a-fly03 forfeited.
|
|win|Testingdeez
|l|☆a-fly03
|player|p1|
||a-fly03 is ready for game 2.
|inactive|Testingdeez has 30 seconds to confirm battle start!
||Testingdeez is ready for game 2.
|uhtml|next|Next: Game 2 of 3
|l|☆Testingdeez
|player|p2|
|j|☆Testingdeez
|player|p2|Testingdeez|1|
