|j|☆pepethegoatscrote
|j|☆tryson69
|html|pepethegoatscrotetryson69    
|uhtml|bestof|Game 1 of a best-of-3
|t:|1783963068
|gametype|doubles
|player|p1|pepethegoatscrote|170|1145
|player|p2|tryson69|crasherwake|1365
|gen|9
|tier|[Gen 9 Champions] VGC 2026 Reg M-B (Bo3)
|rated|
|rule|Species Clause: Limit one of each Pokémon
|rule|Item Clause: Limit 1 of each item
|clearpoke
|poke|p1|Charizard, L50, F|
|poke|p1|Aerodactyl, L50, M|
|poke|p1|Garchomp, L50, F|
|poke|p1|Sylveon, L50, M|
|poke|p1|Farigiraf, L50, F|
|poke|p1|Kingambit, L50, F|
|poke|p2|Raichu, L50, F|
|poke|p2|Gholdengo, L50|
|poke|p2|Garchomp, L50, F|
|poke|p2|Incineroar, L50, M|
|poke|p2|Milotic, L50, M|
|poke|p2|Whimsicott, L50, F|
|teampreview|4
|showteam|p1|Charizard||CharizarditeY|Blaze|HeatWave,WeatherBall,SolarBeam,Protect|Modest||F|||50|]Aerodactyl||Aerodactylite|Unnerve|RockSlide,DualWingbeat,IceFang,Tailwind|Jolly||M|||50|]Garchomp||LifeOrb|RoughSkin|DragonClaw,Earthquake,RockSlide,Protect|Jolly||F|||50|]Sylveon||FairyFeather|Pixilate|HyperVoice,HyperBeam,QuickAttack,Detect|Modest||M|||50|]Farigiraf||SitrusBerry|ArmorTail|Psychic,Thunderbolt,TrickRoom,Protect|Bold||F|||50|]Kingambit||FocusSash|Defiant|KowtowCleave,IronHead,SuckerPunch,LowKick|Adamant||F|||50|
|showteam|p2|Raichu||RaichuniteY|LightningRod|ZapCannon,FocusBlast,Protect,FakeOut|Timid||F|||50|]Gholdengo||SpellTag|GoodasGold|NastyPlot,ShadowBall,Protect,MakeItRain|Modest|||||50|]Garchomp||LifeOrb|RoughSkin|Earthquake,RockSlide,Protect,DragonClaw|Adamant||F|||50|]Incineroar||BlackGlasses|Intimidate|FakeOut,FlareBlitz,DarkestLariat,PartingShot|Impish||M|||50|]Milotic||Leftovers|Competitive|Coil,Hypnosis,Recover,Scald|Bold||M|||50|]Whimsicott||FocusSash|Prankster|Tailwind,Moonblast,Encore,Protect|Timid||F|||50|
|
|t:|1783963102
|teamsize|p1|4
|teamsize|p2|4
|start
|switch|p1a: Kingambit|Kingambit, L50, F|100/100
|switch|p1b: Aerodactyl|Aerodactyl, L50, M|100/100
|switch|p2a: Raichu|Raichu, L50, F|100/100
|switch|p2b: Garchomp|Garchomp, L50, F|100/100
|-ability|p1b: Aerodactyl|Unnerve
|turn|1
|
|t:|1783963131
|switch|p1a: Farigiraf|Farigiraf, L50, F|100/100
|detailschange|p1b: Aerodactyl|Aerodactyl-Mega, L50, M
|-mega|p1b: Aerodactyl|Aerodactyl|Aerodactylite
|detailschange|p2a: Raichu|Raichu-Mega-Y, L50, F
|-mega|p2a: Raichu|Raichu|Raichunite Y
|move|p2b: Garchomp|Protect|p2b: Garchomp
|-singleturn|p2b: Garchomp|Protect
|move|p1b: Aerodactyl|Ice Fang|p2b: Garchomp
|-activate|p2b: Garchomp|move: Protect
|move|p2a: Raichu|Zap Cannon|p1b: Aerodactyl
|-supereffective|p1b: Aerodactyl|1
|-damage|p1b: Aerodactyl|0 fnt
|faint|p1b: Aerodactyl
|
|upkeep
|
|t:|1783963144
|switch|p1b: Garchomp|Garchomp, L50, F|100/100
|turn|2
|
|t:|1783963160
|switch|p2a: Mr Cat|Incineroar, L50, M|100/100
|-ability|p2a: Mr Cat|Intimidate|boost
|-unboost|p1a: Farigiraf|atk|1
|-unboost|p1b: Garchomp|atk|1
|move|p1b: Garchomp|Dragon Claw|p2b: Garchomp
|-supereffective|p2b: Garchomp|1
|-damage|p2b: Garchomp|41/100
|-damage|p1b: Garchomp|87/100|[from] ability: Rough Skin|[of] p2b: Garchomp
|-damage|p1b: Garchomp|77/100|[from] item: Life Orb
|move|p2b: Garchomp|Dragon Claw|p1b: Garchomp
|-supereffective|p1b: Garchomp|1
|-damage|p1b: Garchomp|0 fnt
|-damage|p2b: Garchomp|29/100|[from] ability: Rough Skin|[of] p1b: Garchomp
|faint|p1b: Garchomp
|-damage|p2b: Garchomp|20/100r|[from] item: Life Orb
|move|p1a: Farigiraf|Psychic|p2b: Garchomp
|-damage|p2b: Garchomp|0 fnt
|faint|p2b: Garchomp
|
|upkeep
|c|☆pepethegoatscrote|like a fiddle
|
|t:|1783963177
|switch|p1b: Kingambit|Kingambit, L50, F|100/100
|switch|p2b: Raichu|Raichu-Mega-Y, L50, F|100/100
|turn|3
|c|☆tryson69|?
|
|t:|1783963194
|move|p1b: Kingambit|Sucker Punch|p2b: Raichu
|-damage|p2b: Raichu|9/100
|move|p2b: Raichu|Zap Cannon|p1a: Farigiraf
|-crit|p1a: Farigiraf
|-damage|p1a: Farigiraf|0 fnt
|faint|p1a: Farigiraf
|move|p2a: Mr Cat|Darkest Lariat|p1b: Kingambit
|-resisted|p1b: Kingambit|1
|-damage|p1b: Kingambit|83/100
|
|upkeep
|turn|4
|
|t:|1783963211
|move|p2b: Raichu|Protect|p2b: Raichu
|-singleturn|p2b: Raichu|Protect
|move|p1b: Kingambit|Low Kick|p2a: Mr Cat
|-supereffective|p2a: Mr Cat|1
|-damage|p2a: Mr Cat|52/100
|move|p2a: Mr Cat|Flare Blitz|p1b: Kingambit
|-supereffective|p1b: Kingambit|1
|-damage|p1b: Kingambit|7/100
|-damage|p2a: Mr Cat|30/100|[from] Recoil
|
|upkeep
|turn|5
|
|t:|1783963218
|move|p1b: Kingambit|Sucker Punch|p2a: Mr Cat
|-resisted|p2a: Mr Cat|1
|-damage|p2a: Mr Cat|12/100
|move|p2b: Raichu|Focus Blast|p1b: Kingambit
|-supereffective|p1b: Kingambit|2
|-damage|p1b: Kingambit|0 fnt
|faint|p1b: Kingambit
|
|win|tryson69
|l|☆pepethegoatscrote
|player|p1|
||tryson69 is ready for game 2.
||pepethegoatscrote is ready for game 2.
|uhtml|next|Next: Game 2 of 3
