|j|☆MyJokerMoment
|j|☆vanderon
|html|MyJokerMomentvanderon    
|uhtml|bestof|Game 1 of a best-of-3
|t:|1756858854
|gametype|doubles
|player|p1|MyJokerMoment|clown|1150
|player|p2|vanderon|palmer|1065
|gen|9
|tier|[Gen 9] VGC 2025 Reg H (Bo3)
|rated|
|rule|Species Clause: Limit one of each Pokémon
|rule|Item Clause: Limit 1 of each item
|clearpoke
|poke|p1|Murkrow, L50, F|
|poke|p1|Gholdengo, L50|
|poke|p1|Ninetales-Alola, L50, M|
|poke|p1|Sneasler, L50, F|
|poke|p1|Dondozo, L50, M|
|poke|p1|Tatsugiri, L50, M|
|poke|p2|Indeedee-F, L50, F|
|poke|p2|Hatterene, L50, F|
|poke|p2|Gallade, L50, M|
|poke|p2|Gholdengo, L50|
|poke|p2|Murkrow, L50, F|
|poke|p2|Ursaluna, L50, F|
|teampreview|4
|showteam|p1|Murkrow||FocusSash|Prankster|Snarl,Tailwind,Haze,Taunt|||F|||50|,,,,,Ghost]Gholdengo||ChoiceSpecs|GoodasGold|MakeItRain,ShadowBall,FlashCannon,Trick||||||50|,,,,,Steel]Ninetales-Alola||LightClay|SnowWarning|Blizzard,AuroraVeil,IcyWind,Moonblast|||M|||50|,,,,,Ghost]Sneasler||WhiteHerb|Unburden|FakeOut,CloseCombat,DireClaw,Protect|||F|||50|,,,,,Ghost]Dondozo||Leftovers|Unaware|WaveCrash,OrderUp,Earthquake,Protect|||M|||50|,,,,,Grass]Tatsugiri||ChoiceScarf|Commander|DracoMeteor,IcyWind,MuddyWater,DragonPulse|||M|||50|,,,,,Dragon
|showteam|p2|Indeedee-F||SafetyGoggles|PsychicSurge|FollowMe,TrickRoom,HelpingHand,AlluringVoice|||F|||50|,,,,,Fairy]Hatterene||LifeOrb|MagicBounce|ExpandingForce,DarkPulse,TrickRoom,Protect|||F|||50|,,,,,Psychic]Gallade||CovertCloak|Sharpness|SacredSword,PsychoCut,WideGuard,TrickRoom|||M|||50|,,,,,Grass]Gholdengo||Leftovers|GoodasGold|MakeItRain,ShadowBall,NastyPlot,Protect||||||50|,,,,,Steel]Murkrow||Eviolite|Prankster|Haze,Taunt,Tailwind,FoulPlay|||F|||50|,,,,,Steel]Ursaluna||FlameOrb|Guts|Earthquake,Facade,HeadlongRush,Protect|||F|||50|,,,,,Ghost
|
|t:|1756858907
|teamsize|p1|4
|teamsize|p2|4
|start
|switch|p1a: Sneasler|Sneasler, L50, F|100/100
|switch|p1b: Gholdengo|Gholdengo, L50|100/100
|switch|p2a: Gholdengo|Gholdengo, L50|100/100
|switch|p2b: Indeedee|Indeedee-F, L50, F|100/100
|-fieldstart|move: Psychic Terrain|[from] ability: Psychic Surge|[of] p2b: Indeedee
|turn|1
|inactive|Battle timer is ON: inactive players will automatically lose when time's up. (requested by vanderon)
|inactive|vanderon has 60 seconds left.
|
|t:|1756858941
|-terastallize|p1b: Gholdengo|Steel
|move|p2b: Indeedee|Follow Me|p2b: Indeedee
|-singleturn|p2b: Indeedee|move: Follow Me
|move|p1a: Sneasler|Dire Claw|p2b: Indeedee
|-damage|p2b: Indeedee|63/100
|move|p1b: Gholdengo|Make It Rain|p2b: Indeedee|[spread] p2a,p2b
|-resisted|p2a: Gholdengo
|-crit|p2a: Gholdengo
|-damage|p2a: Gholdengo|32/100
|-damage|p2b: Indeedee|0 fnt
|-unboost|p1b: Gholdengo|spa|1
|faint|p2b: Indeedee
|move|p2a: Gholdengo|Shadow Ball|p1a: Sneasler
|-damage|p1a: Sneasler|40/100
|
|-heal|p2a: Gholdengo|38/100|[from] item: Leftovers
|upkeep
|
|t:|1756858960
|switch|p2b: Gallade|Gallade, L50, M|100/100
|turn|2
|
|t:|1756858979
|move|p2a: Gholdengo|Protect|p2a: Gholdengo
|-singleturn|p2a: Gholdengo|Protect
|move|p1a: Sneasler|Dire Claw|p2b: Gallade
|-damage|p2b: Gallade|39/100
|move|p1b: Gholdengo|Make It Rain|p2a: Gholdengo|[spread] p2b
|-activate|p2a: Gholdengo|move: Protect
|-damage|p2b: Gallade|0 fnt
|-unboost|p1b: Gholdengo|spa|1
|faint|p2b: Gallade
|
|-heal|p2a: Gholdengo|44/100|[from] item: Leftovers
|upkeep
|
|t:|1756858992
|switch|p2b: Murkrow|Murkrow, L50, F|100/100
|turn|3
|
|t:|1756859006
|-terastallize|p2a: Gholdengo|Steel
|move|p2b: Murkrow|Tailwind|p2b: Murkrow
|-sidestart|p2: vanderon|move: Tailwind
|move|p2a: Gholdengo|Make It Rain|p1a: Sneasler|[spread] p1a,p1b
|-resisted|p1b: Gholdengo
|-damage|p1a: Sneasler|0 fnt
|-damage|p1b: Gholdengo|63/100
|-unboost|p2a: Gholdengo|spa|1
|faint|p1a: Sneasler
|move|p1b: Gholdengo|Make It Rain|p2a: Gholdengo|[spread] p2a,p2b
|-resisted|p2a: Gholdengo
|-damage|p2a: Gholdengo|22/100
|-damage|p2b: Murkrow|57/100
|-unboost|p1b: Gholdengo|spa|1
|
|-heal|p2a: Gholdengo|28/100|[from] item: Leftovers
|upkeep
|
|t:|1756859021
|switch|p1a: Despair|Dondozo, L50, M|100/100
|turn|4
|
|t:|1756859039
|switch|p1b: Hope|Tatsugiri, L50, M|100/100
|-activate|p1b: Hope|ability: Commander|[of] p1a: Despair
|-boost|p1a: Despair|atk|2
|-boost|p1a: Despair|spa|2
|-boost|p1a: Despair|spe|2
|-boost|p1a: Despair|def|2
|-boost|p1a: Despair|spd|2
|move|p2b: Murkrow|Foul Play|p1a: Despair
|-damage|p1a: Despair|87/100
|move|p2a: Gholdengo|Shadow Ball|p1a: Despair
|-damage|p1a: Despair|66/100
|move|p1a: Despair|Wave Crash|p2a: Gholdengo
|-damage|p2a: Gholdengo|0 fnt
|faint|p2a: Gholdengo
|-damage|p1a: Despair|58/100|[from] Recoil
|
|-heal|p1a: Despair|64/100|[from] item: Leftovers
|upkeep
|turn|5
|-message|vanderon forfeited.
|
|win|MyJokerMoment
||MyJokerMoment is ready for game 2.
||vanderon is ready for game 2.
|uhtml|next|Next: Game 2 of 3
