|j|☆Kemaho
|j|☆dambro222
|html|Kemahodambro222    
|uhtml|bestof|Game 3 of a best-of-3
|t:|1756241285
|gametype|doubles
|player|p1|Kemaho|clerk|1102
|player|p2|dambro222|ethan|1174
|gen|9
|tier|[Gen 9] VGC 2025 Reg H (Bo3)
|rated|
|rule|Species Clause: Limit one of each Pokémon
|rule|Item Clause: Limit 1 of each item
|clearpoke
|poke|p1|Indeedee-F, L50, F|
|poke|p1|Hatterene, L50, F|
|poke|p1|Ursaluna, L50, M|
|poke|p1|Torkoal, L50, M|
|poke|p1|Gallade, L50, M|
|poke|p1|Lilligant-Hisui, L50, F|
|poke|p2|Dragonite, L50, M|
|poke|p2|Volcarona, L50, F|
|poke|p2|Sneasler, L50, M|
|poke|p2|Rillaboom, L50, M|
|poke|p2|Electabuzz, L50, M|
|poke|p2|Kingambit, L50, M|
|teampreview|4
|showteam|p1|Indeedee-F||PsychicSeed|PsychicSurge|Psychic,HelpingHand,FollowMe,TrickRoom|||F|||50|,,,,,Fairy]Hatterene||CovertCloak|MagicBounce|ExpandingForce,DazzlingGleam,TeraBlast,TrickRoom|||F|||50|,,,,,Fire]Ursaluna||FlameOrb|Guts|Facade,HeadlongRush,Earthquake,Protect|||M|||50|,,,,,Ghost]Torkoal||Charcoal|Drought|Eruption,WeatherBall,HeatWave,Protect|||M|||50|,,,,,Fire]Gallade||ClearAmulet|Sharpness|SacredSword,PsychoCut,TrickRoom,Protect|||M|||50|,,,,,Grass]Lilligant-Hisui||FocusSash|Chlorophyll|SolarBeam,CloseCombat,SleepPowder,AfterYou|||F|||50|,,,,,Ghost
|showteam|p2|Dragonite||LoadedDice|Multiscale|ScaleShot,ExtremeSpeed,Haze,Protect|||M|||50|,,,,,Fairy]Volcarona||CovertCloak|FlameBody|HeatWave,TeraBlast,QuiverDance,Protect|||F|||50|,,,,,Fairy]Sneasler||FocusSash|Unburden|CloseCombat,DireClaw,Coaching,Protect|||M|||50|,,,,,Stellar]Rillaboom||AssaultVest|GrassySurge|WoodHammer,GrassyGlide,HighHorsepower,FakeOut|||M|||50|,,,,,Water]Electabuzz||Eviolite|VitalSpirit|Electroweb,FollowMe,Taunt,Protect|||M|||50|,,,,,Ghost]Kingambit||BlackGlasses|Defiant|KowtowCleave,SuckerPunch,SwordsDance,Protect|||M|||50|,,,,,Dark
|inactive|Battle timer is ON: inactive players will automatically lose when time's up. (requested by dambro222)
|
|t:|1756241303
|teamsize|p1|4
|teamsize|p2|4
|start
|switch|p1a: Indeedee|Indeedee-F, L50, F|100/100
|switch|p1b: Torkoal|Torkoal, L50, M|100/100
|switch|p2a: Volcarona|Volcarona, L50, F|100/100
|switch|p2b: Kingambit|Kingambit, L50, M, shiny|100/100
|-fieldstart|move: Psychic Terrain|[from] ability: Psychic Surge|[of] p1a: Indeedee
|-enditem|p1a: Indeedee|Psychic Seed
|-boost|p1a: Indeedee|spd|1|[from] item: Psychic Seed
|-weather|SunnyDay|[from] ability: Drought|[of] p1b: Torkoal
|turn|1
|inactive|dambro222 has 30 seconds left.
|
|t:|1756241337
|-terastallize|p1a: Indeedee|Fairy
|-terastallize|p2b: Kingambit|Dark
|move|p1b: Torkoal|Protect|p1b: Torkoal
|-singleturn|p1b: Torkoal|Protect
|move|p2a: Volcarona|Heat Wave|p1a: Indeedee|[spread] p1a
|-activate|p1b: Torkoal|move: Protect
|-damage|p1a: Indeedee|67/100
|move|p2b: Kingambit|Kowtow Cleave|p1b: Torkoal
|-activate|p1b: Torkoal|move: Protect
|move|p1a: Indeedee|Trick Room|p1a: Indeedee
|-fieldstart|move: Trick Room|[of] p1a: Indeedee
|
|-weather|SunnyDay|[upkeep]
|upkeep
|turn|2
|
|t:|1756241359
|move|p1a: Indeedee|Helping Hand|p1b: Torkoal
|-singleturn|p1b: Torkoal|Helping Hand|[of] p1a: Indeedee
|move|p2b: Kingambit|Protect|p2b: Kingambit
|-singleturn|p2b: Kingambit|Protect
|move|p1b: Torkoal|Eruption|p2a: Volcarona|[spread] p2a
|-activate|p2b: Kingambit|move: Protect
|-damage|p2a: Volcarona|0 fnt
|faint|p2a: Volcarona
|
|-weather|SunnyDay|[upkeep]
|upkeep
|
|t:|1756241373
|switch|p2a: Rillaboom|Rillaboom, L50, M|100/100
|-fieldstart|move: Grassy Terrain|[from] ability: Grassy Surge|[of] p2a: Rillaboom
|turn|3
|
|t:|1756241383
|move|p1b: Torkoal|Protect|p1b: Torkoal
|-singleturn|p1b: Torkoal|Protect
|move|p2a: Rillaboom|Fake Out|p1b: Torkoal
|-activate|p1b: Torkoal|move: Protect
|move|p2b: Kingambit|Swords Dance|p2b: Kingambit
|-boost|p2b: Kingambit|atk|2
|move|p1a: Indeedee|Psychic|p2a: Rillaboom
|-damage|p2a: Rillaboom|78/100
|
|-weather|SunnyDay|[upkeep]
|-heal|p1a: Indeedee|73/100|[from] Grassy Terrain
|-heal|p2a: Rillaboom|84/100|[from] Grassy Terrain
|upkeep
|turn|4
|
|t:|1756241399
|switch|p2a: Sneasler|Sneasler, L50, M|100/100
|move|p2b: Kingambit|Protect|p2b: Kingambit
|-singleturn|p2b: Kingambit|Protect
|move|p1a: Indeedee|Follow Me|p1a: Indeedee
|-singleturn|p1a: Indeedee|move: Follow Me
|move|p1b: Torkoal|Eruption|p2b: Kingambit|[spread] p2a
|-activate|p2b: Kingambit|move: Protect
|-enditem|p2a: Sneasler|Focus Sash
|-damage|p2a: Sneasler|1/100
|
|-weather|SunnyDay|[upkeep]
|-heal|p1a: Indeedee|79/100|[from] Grassy Terrain
|-heal|p2a: Sneasler|7/100|[from] Grassy Terrain
|upkeep
|turn|5
|
|t:|1756241421
|move|p2a: Sneasler|Protect|p2a: Sneasler
|-singleturn|p2a: Sneasler|Protect
|move|p1a: Indeedee|Follow Me|p1a: Indeedee
|-singleturn|p1a: Indeedee|move: Follow Me
|move|p1b: Torkoal|Eruption|p2a: Sneasler|[spread] p2b
|-activate|p2a: Sneasler|move: Protect
|-damage|p2b: Kingambit|15/100
|move|p2b: Kingambit|Kowtow Cleave|p1a: Indeedee
|-resisted|p1a: Indeedee
|-damage|p1a: Indeedee|6/100
|
|-weather|none
|-heal|p2b: Kingambit|21/100|[from] Grassy Terrain
|-heal|p1a: Indeedee|12/100|[from] Grassy Terrain
|-heal|p2a: Sneasler|13/100|[from] Grassy Terrain
|-fieldend|move: Trick Room
|upkeep
|turn|6
|
|t:|1756241442
|move|p1a: Indeedee|Follow Me|p1a: Indeedee
|-singleturn|p1a: Indeedee|move: Follow Me
|move|p2a: Sneasler|Dire Claw|p1a: Indeedee
|-supereffective|p1a: Indeedee
|-damage|p1a: Indeedee|0 fnt
|faint|p1a: Indeedee
|move|p2b: Kingambit|Kowtow Cleave|p1b: Torkoal
|-damage|p1b: Torkoal|0 fnt
|faint|p1b: Torkoal
|
|-heal|p2a: Sneasler|18/100|[from] Grassy Terrain
|-heal|p2b: Kingambit|27/100|[from] Grassy Terrain
|upkeep
|
|t:|1756241450
|switch|p1a: Gallade|Gallade, L50, M|100/100
|switch|p1b: Lilligant|Lilligant-Hisui, L50, F|100/100
|turn|7
|inactive|Kemaho has 30 seconds left.
|inactive|dambro222 has 30 seconds left.
|
|t:|1756241483
|move|p2b: Kingambit|Sucker Punch|p1a: Gallade
|-damage|p1a: Gallade|0 fnt
|faint|p1a: Gallade
|move|p2a: Sneasler|Dire Claw|p1b: Lilligant
|-supereffective|p1b: Lilligant
|-enditem|p1b: Lilligant|Focus Sash
|-damage|p1b: Lilligant|1/100
|-status|p1b: Lilligant|slp
|cant|p1b: Lilligant|slp
|
|-heal|p2a: Sneasler|24/100|[from] Grassy Terrain
|-heal|p1b: Lilligant|7/100 slp|[from] Grassy Terrain
|-heal|p2b: Kingambit|32/100|[from] Grassy Terrain
|-fieldend|move: Grassy Terrain
|upkeep
|turn|8
|
|t:|1756241495
|move|p2a: Sneasler|Dire Claw|p1b: Lilligant
|-supereffective|p1b: Lilligant
|-damage|p1b: Lilligant|0 fnt
|faint|p1b: Lilligant
|
|win|dambro222
|raw|Kemaho's rating: 1102 → 1082(-20 for losing)
|raw|dambro222's rating: 1174 → 1194(+20 for winning)
|c|☆Kemaho|gg
|c|☆dambro222|gg
|l|☆Kemaho
|player|p1|
