|j|☆TeyOnTheRox
|j|☆Nacos
|html|TeyOnTheRoxNacos    
|uhtml|bestof|Game 1 of a best-of-3
|t:|1757774468
|gametype|doubles
|player|p1|TeyOnTheRox|benga|1192
|player|p2|Nacos|266|1226
|gen|9
|tier|[Gen 9] VGC 2025 Reg H (Bo3)
|rated|
|rule|Species Clause: Limit one of each Pokémon
|rule|Item Clause: Limit 1 of each item
|clearpoke
|poke|p1|Tyranitar, L50, M|
|poke|p1|Excadrill, L50, M|
|poke|p1|Sneasler, L50, M|
|poke|p1|Indeedee, L50, M|
|poke|p1|Corviknight, L50, F|
|poke|p1|Annihilape, L50, F|
|poke|p2|Pelipper, L50, M|
|poke|p2|Archaludon, L50, M|
|poke|p2|Basculegion, L50, M|
|poke|p2|Gholdengo, L50|
|poke|p2|Incineroar, L50, F|
|poke|p2|Rillaboom, L50, M|
|teampreview|4
|showteam|p1|Tyranitar||AssaultVest|SandStream|RockSlide,KnockOff,TeraBlast,LowKick|||M|||50|,,,,,Flying]Excadrill||FocusSash|SandRush|IronHead,HighHorsepower,Earthquake,Protect|||M|||50|,,,,,Stellar]Sneasler||PsychicSeed|Unburden|DireClaw,CloseCombat,ThroatChop,Protect|||M|||50|,,,,,Dark]Indeedee||ChoiceScarf|PsychicSurge|ExpandingForce,TeraBlast,Protect,Trick|||M|||50|,,,,,Psychic]Corviknight||Leftovers|MirrorArmor|BraveBird,BulkUp,Roost,Tailwind|||F|||50|,,,,,Dragon]Annihilape||SafetyGoggles|Defiant|CloseCombat,FinalGambit,RageFist,Taunt|||F|||50|,,,,,Water
|showteam|p2|Pelipper||FocusSash|Drizzle|Tailwind,Protect,WeatherBall,Hurricane|||M|||50|,,,,,Steel]Archaludon||AssaultVest|Stamina|ElectroShot,DracoMeteor,FlashCannon,BodyPress|||M|||50|,,,,,Grass]Basculegion||ChoiceBand|SwiftSwim|WaveCrash,LastRespects,FlipTurn,AquaJet|||M|||50|,,,,,Water]Gholdengo||LifeOrb|GoodasGold|MakeItRain,ShadowBall,NastyPlot,Protect||||||50|,,,,,Dragon]Incineroar||SafetyGoggles|Intimidate|FakeOut,KnockOff,Taunt,PartingShot|||F|||50|,,,,,Water]Rillaboom||MiracleSeed|GrassySurge|FakeOut,GrassyGlide,Uturn,WoodHammer|||M|||50|,,,,,Fire
|
|t:|1757774487
|teamsize|p1|4
|teamsize|p2|4
|start
|switch|p1a: Lightnin'|Sneasler, L50, M|100/100
|switch|p1b: Cars I|Indeedee, L50, M, shiny|100/100
|switch|p2a: Incineroar|Incineroar, L50, F|100/100
|switch|p2b: Archaludon|Archaludon, L50, M|100/100
|-fieldstart|move: Psychic Terrain|[from] ability: Psychic Surge|[of] p1b: Cars I
|-enditem|p1a: Lightnin'|Psychic Seed
|-boost|p1a: Lightnin'|spd|1|[from] item: Psychic Seed
|-ability|p2a: Incineroar|Intimidate|boost
|-unboost|p1a: Lightnin'|atk|1
|-unboost|p1b: Cars I|atk|1
|turn|1
|inactive|Battle timer is ON: inactive players will automatically lose when time's up. (requested by Nacos)
|
|t:|1757774511
|switch|p2b: Rillaboom|Rillaboom, L50, M|100/100
|-fieldstart|move: Grassy Terrain|[from] ability: Grassy Surge|[of] p2b: Rillaboom
|move|p1a: Lightnin'|Close Combat|p2b: Rillaboom
|-damage|p2b: Rillaboom|59/100
|-unboost|p1a: Lightnin'|def|1
|-unboost|p1a: Lightnin'|spd|1
|move|p1b: Cars I|Expanding Force|p2b: Rillaboom
|-damage|p2b: Rillaboom|17/100
|move|p2a: Incineroar|Knock Off|p1b: Cars I
|-supereffective|p1b: Cars I
|-damage|p1b: Cars I|0 fnt
|-enditem|p1b: Cars I|Choice Scarf|[from] move: Knock Off|[of] p2a: Incineroar
|faint|p1b: Cars I
|
|-heal|p2b: Rillaboom|23/100|[from] Grassy Terrain
|upkeep
|
|t:|1757774522
|switch|p1b: Doc Hudson|Tyranitar, L50, M, shiny|100/100
|-weather|Sandstorm|[from] ability: Sand Stream|[of] p1b: Doc Hudson
|turn|2
|
|t:|1757774540
|switch|p2a: Pelipper|Pelipper, L50, M|100/100
|-weather|RainDance|[from] ability: Drizzle|[of] p2a: Pelipper
|-terastallize|p1b: Doc Hudson|Flying
|move|p1a: Lightnin'|Protect|p1a: Lightnin'
|-singleturn|p1a: Lightnin'|Protect
|move|p2b: Rillaboom|U-turn|p1b: Doc Hudson
|-resisted|p1b: Doc Hudson
|-crit|p1b: Doc Hudson
|-damage|p1b: Doc Hudson|85/100
|
|t:|1757774552
|switch|p2b: Archaludon|Archaludon, L50, M|100/100|[from] U-turn
|move|p1b: Doc Hudson|Rock Slide|p2a: Pelipper|[spread] p2a,p2b
|-supereffective|p2a: Pelipper
|-resisted|p2b: Archaludon
|-damage|p2a: Pelipper|24/100
|-damage|p2b: Archaludon|89/100
|-ability|p2b: Archaludon|Stamina|boost
|-boost|p2b: Archaludon|def|1
|
|-weather|RainDance|[upkeep]
|-heal|p2b: Archaludon|95/100|[from] Grassy Terrain
|upkeep
|turn|3
|
|t:|1757774569
|switch|p2a: Incineroar|Incineroar, L50, F|100/100
|-ability|p2a: Incineroar|Intimidate|boost
|-unboost|p1a: Lightnin'|atk|1
|-unboost|p1b: Doc Hudson|atk|1
|switch|p1b: Toe Master|Excadrill, L50, M|100/100
|-terastallize|p2b: Archaludon|Grass
|move|p1a: Lightnin'|Close Combat|p2b: Archaludon
|-damage|p2b: Archaludon|75/100
|-unboost|p1a: Lightnin'|def|1
|-unboost|p1a: Lightnin'|spd|1
|-ability|p2b: Archaludon|Stamina|boost
|-boost|p2b: Archaludon|def|1
|move|p2b: Archaludon|Electro Shot||[still]
|-prepare|p2b: Archaludon|Electro Shot
|-boost|p2b: Archaludon|spa|1
|-anim|p2b: Archaludon|Electro Shot|p1a: Lightnin'
|-damage|p1a: Lightnin'|0 fnt
|faint|p1a: Lightnin'
|
|-weather|RainDance|[upkeep]
|-heal|p2b: Archaludon|81/100|[from] Grassy Terrain
|upkeep
|
|t:|1757774579
|switch|p1a: Doc Hudson|Tyranitar, L50, M, shiny, tera:Flying|85/100
|-weather|Sandstorm|[from] ability: Sand Stream|[of] p1a: Doc Hudson
|turn|4
|
|t:|1757774597
|switch|p2a: Pelipper|Pelipper, L50, M|24/100
|-weather|RainDance|[from] ability: Drizzle|[of] p2a: Pelipper
|move|p1b: Toe Master|Earthquake|p2a: Pelipper|[spread] p2b
|-immune|p1a: Doc Hudson
|-immune|p2a: Pelipper
|-resisted|p2b: Archaludon
|-damage|p2b: Archaludon|77/100
|-ability|p2b: Archaludon|Stamina|boost
|-boost|p2b: Archaludon|def|1
|move|p2b: Archaludon|Electro Shot||[still]
|-prepare|p2b: Archaludon|Electro Shot
|-boost|p2b: Archaludon|spa|1
|-anim|p2b: Archaludon|Electro Shot|p1a: Doc Hudson
|-supereffective|p1a: Doc Hudson
|-damage|p1a: Doc Hudson|0 fnt
|faint|p1a: Doc Hudson
|
|-weather|RainDance|[upkeep]
|-heal|p2b: Archaludon|83/100|[from] Grassy Terrain
|upkeep
|turn|5
|-message|TeyOnTheRox forfeited.
|
|win|Nacos
