|j|☆psychic system
|j|☆ThierryVGC
|html|psychic systemThierryVGC    
|uhtml|bestof|Game 2 of a best-of-3
|t:|1757009920
|gametype|doubles
|player|p1|psychic system|lucas|1167
|player|p2|ThierryVGC|1|1221
|gen|9
|tier|[Gen 9] VGC 2025 Reg H (Bo3)
|rated|
|rule|Species Clause: Limit one of each Pokémon
|rule|Item Clause: Limit 1 of each item
|clearpoke
|poke|p1|Rillaboom, L50, M|
|poke|p1|Florges, L50, F|
|poke|p1|Amoonguss, L50, F|
|poke|p1|Kingambit, L50, F|
|poke|p1|Incineroar, L50, F|
|poke|p1|Pelipper, L50, F|
|poke|p2|Porygon2, L50|
|poke|p2|Ursaluna, L50, F|
|poke|p2|Amoonguss, L50, F|
|poke|p2|Incineroar, L50, M|
|poke|p2|Murkrow, L50, F|
|poke|p2|Typhlosion-Hisui, L50, F|
|teampreview|4
|showteam|p1|Rillaboom||AssaultVest|GrassySurge|FakeOut,GrassyGlide,DrumBeating,Uturn|||M|||50|,,,,,Fire]Florges||Leftovers|FlowerVeil|Moonblast,DazzlingGleam,CalmMind,Protect|||F|||50|,,,,,Grass]Amoonguss||SitrusBerry|Regenerator|ClearSmog,Spore,PollenPuff,RagePowder|||F|||50|,,,,,Water]Kingambit||BlackGlasses|Defiant|Protect,KowtowCleave,SuckerPunch,SwordsDance|||F|||50|,,,,,Ghost]Incineroar||SafetyGoggles|Intimidate|FakeOut,KnockOff,FlareBlitz,PartingShot|||F|||50|,,,,,Ghost]Pelipper||ChoiceScarf|Drizzle|MuddyWater,Hurricane,IcyWind,WeatherBall|||F|||50|,,,,,Water
|showteam|p2|Porygon2||Eviolite|Download|IceBeam,TeraBlast,Recover,TrickRoom||||||50|,,,,,Fighting]Ursaluna||FlameOrb|Guts|Facade,Earthquake,HeadlongRush,Protect|||F|||50|,,,,,Fairy]Amoonguss||CovertCloak|Regenerator|PollenPuff,SludgeBomb,RagePowder,Spore|||F|||50|,,,,,Water]Incineroar||SafetyGoggles|Intimidate|KnockOff,PartingShot,FlareBlitz,FakeOut|||M|||50|,,,,,Ghost]Murkrow||FocusSash|Prankster|Tailwind,SunnyDay,Haze,AirSlash|||F|||50|,,,,,Ghost]Typhlosion-Hisui||ChoiceScarf|Blaze|Eruption,HeatWave,ShadowBall,FocusBlast|||F|||50|,,,,,Fire
|inactive|Battle timer is ON: inactive players will automatically lose when time's up. (requested by psychic system)
|inactive|psychic system has 60 seconds left.
|
|t:|1757009978
|teamsize|p1|4
|teamsize|p2|4
|start
|switch|p1a: Amoonguss|Amoonguss, L50, F|100/100
|switch|p1b: Incineroar|Incineroar, L50, F|100/100
|switch|p2a: Typhlosion|Typhlosion-Hisui, L50, F|100/100
|switch|p2b: Porygon2|Porygon2, L50|100/100
|-ability|p2b: Porygon2|Download|boost
|-boost|p2b: Porygon2|spa|1
|-ability|p1b: Incineroar|Intimidate|boost
|-unboost|p2a: Typhlosion|atk|1
|-unboost|p2b: Porygon2|atk|1
|turn|1
|inactive|ThierryVGC has 30 seconds left.
|
|t:|1757010011
|-terastallize|p1a: Amoonguss|Water
|move|p2a: Typhlosion|Eruption|p1b: Incineroar|[spread] p1a,p1b
|-resisted|p1a: Amoonguss
|-resisted|p1b: Incineroar
|-damage|p1a: Amoonguss|76/100
|-damage|p1b: Incineroar|73/100
|move|p1b: Incineroar|Knock Off|p2a: Typhlosion
|-supereffective|p2a: Typhlosion
|-damage|p2a: Typhlosion|0 fnt
|-enditem|p2a: Typhlosion|Choice Scarf|[from] move: Knock Off|[of] p1b: Incineroar
|faint|p2a: Typhlosion
|move|p1a: Amoonguss|Spore|p2b: Porygon2
|-status|p2b: Porygon2|slp|[from] move: Spore
|cant|p2b: Porygon2|slp
|
|upkeep
|
|t:|1757010021
|switch|p2a: Ursaluna|Ursaluna, L50, F|100/100
|turn|2
|inactive|psychic system has 30 seconds left.
|
|t:|1757010049
|switch|p1b: Rillaboom|Rillaboom, L50, M|100/100
|-fieldstart|move: Grassy Terrain|[from] ability: Grassy Surge|[of] p1b: Rillaboom
|move|p2a: Ursaluna|Protect|p2a: Ursaluna
|-singleturn|p2a: Ursaluna|Protect
|cant|p2b: Porygon2|slp
|move|p1a: Amoonguss|Spore|p2a: Ursaluna
|-activate|p2a: Ursaluna|move: Protect
|
|-heal|p1a: Amoonguss|82/100|[from] Grassy Terrain
|-status|p2a: Ursaluna|brn|[from] item: Flame Orb
|upkeep
|turn|3
|inactive|psychic system has 30 seconds left.
|inactive|ThierryVGC has 30 seconds left.
|inactive|ThierryVGC has 20 seconds left.
|
|t:|1757010084
|switch|p2b: Incineroar|Incineroar, L50, M|100/100
|-ability|p2b: Incineroar|Intimidate|boost
|-unboost|p1a: Amoonguss|atk|1
|-unboost|p1b: Rillaboom|atk|1
|-terastallize|p2a: Ursaluna|Fairy
|move|p1b: Rillaboom|Drum Beating|p2a: Ursaluna
|-damage|p2a: Ursaluna|74/100 brn
|-unboost|p2a: Ursaluna|spe|1
|move|p2a: Ursaluna|Facade|p1a: Amoonguss
|-damage|p1a: Amoonguss|0 fnt
|faint|p1a: Amoonguss
|
|-heal|p2a: Ursaluna|80/100 brn|[from] Grassy Terrain
|-damage|p2a: Ursaluna|74/100 brn|[from] brn
|upkeep
|
|t:|1757010099
|switch|p1a: Incineroar|Incineroar, L50, F|73/100
|-ability|p1a: Incineroar|Intimidate|boost
|-unboost|p2a: Ursaluna|atk|1
|-unboost|p2b: Incineroar|atk|1
|turn|4
|inactive|psychic system has 30 seconds left.
|inactive|psychic system has 20 seconds left.
|inactive|psychic system has 15 seconds left.
|inactive|psychic system has 10 seconds left.
|inactive|psychic system has 5 seconds left.
|
|t:|1757010151
|switch|p1b: Kingambit|Kingambit, L50, F|100/100
|switch|p2b: Porygon2|Porygon2, L50|100/100 slp
|-ability|p2b: Porygon2|Download|boost
|-boost|p2b: Porygon2|spa|1
|move|p2a: Ursaluna|Protect|p2a: Ursaluna
|-singleturn|p2a: Ursaluna|Protect
|move|p1a: Incineroar|Fake Out|p2a: Ursaluna
|-activate|p2a: Ursaluna|move: Protect
|
|-heal|p1a: Incineroar|79/100|[from] Grassy Terrain
|-heal|p2a: Ursaluna|80/100 brn|[from] Grassy Terrain
|-damage|p2a: Ursaluna|74/100 brn|[from] brn
|upkeep
|turn|5
|inactive|psychic system has 30 seconds left.
|inactive|ThierryVGC has 30 seconds left.
|
|t:|1757010185
|-curestatus|p2b: Porygon2|slp|[msg]
|move|p2b: Porygon2|Tera Blast|p1a: Incineroar
|-damage|p1a: Incineroar|31/100
|move|p1a: Incineroar|Parting Shot|p2a: Ursaluna
|-unboost|p2a: Ursaluna|atk|1
|-unboost|p2a: Ursaluna|spa|1
|
|t:|1757010193
|switch|p1a: Rillaboom|Rillaboom, L50, M|100/100|[from] Parting Shot
|move|p1b: Kingambit|Swords Dance|p1b: Kingambit
|-boost|p1b: Kingambit|atk|2
|move|p2a: Ursaluna|Headlong Rush|p1b: Kingambit
|-supereffective|p1b: Kingambit
|-damage|p1b: Kingambit|22/100
|-unboost|p2a: Ursaluna|def|1
|-unboost|p2a: Ursaluna|spd|1
|
|-heal|p1b: Kingambit|28/100|[from] Grassy Terrain
|-heal|p2a: Ursaluna|80/100 brn|[from] Grassy Terrain
|-damage|p2a: Ursaluna|74/100 brn|[from] brn
|upkeep
|turn|6
|inactive|psychic system has 30 seconds left.
|inactive|ThierryVGC has 30 seconds left.
|inactive|psychic system has 20 seconds left.
|inactive|ThierryVGC has 20 seconds left.
|inactive|psychic system has 15 seconds left.
|inactive|psychic system has 10 seconds left.
|
|t:|1757010239
|move|p2a: Ursaluna|Protect|p2a: Ursaluna
|-singleturn|p2a: Ursaluna|Protect
|move|p1a: Rillaboom|Fake Out|p2b: Porygon2
|-damage|p2b: Porygon2|91/100
|move|p1b: Kingambit|Kowtow Cleave|p2a: Ursaluna
|-activate|p2a: Ursaluna|move: Protect
|cant|p2b: Porygon2|flinch
|
|-heal|p2b: Porygon2|97/100|[from] Grassy Terrain
|-heal|p1b: Kingambit|34/100|[from] Grassy Terrain
|-heal|p2a: Ursaluna|80/100 brn|[from] Grassy Terrain
|-damage|p2a: Ursaluna|74/100 brn|[from] brn
|-fieldend|move: Grassy Terrain
|upkeep
|turn|7
|inactive|ThierryVGC has 30 seconds left.
|
|t:|1757010267
|switch|p1a: Incineroar|Incineroar, L50, F|31/100
|-ability|p1a: Incineroar|Intimidate|boost
|-unboost|p2a: Ursaluna|atk|1
|-unboost|p2b: Porygon2|atk|1
|move|p1b: Kingambit|Kowtow Cleave|p2a: Ursaluna
|-resisted|p2a: Ursaluna
|-damage|p2a: Ursaluna|9/100 brn
|move|p2a: Ursaluna|Earthquake|p1a: Incineroar|[spread] p2b,p1a,p1b
|-supereffective|p1a: Incineroar
|-supereffective|p1b: Kingambit
|-damage|p2b: Porygon2|79/100
|-damage|p1a: Incineroar|0 fnt
|-damage|p1b: Kingambit|0 fnt
|faint|p1a: Incineroar
|faint|p1b: Kingambit
|move|p2b: Porygon2|Trick Room|p2b: Porygon2
|-fieldstart|move: Trick Room|[of] p2b: Porygon2
|
|-damage|p2a: Ursaluna|4/100 brn|[from] brn
|upkeep
|
|t:|1757010286
|switch|p1b: Rillaboom|Rillaboom, L50, M|100/100
|-fieldstart|move: Grassy Terrain|[from] ability: Grassy Surge|[of] p1b: Rillaboom
|turn|8
|
|t:|1757010305
|switch|p2a: Incineroar|Incineroar, L50, M|100/100
|-ability|p2a: Incineroar|Intimidate|boost
|-unboost|p1b: Rillaboom|atk|1
|move|p1b: Rillaboom|Grassy Glide|p2a: Incineroar
|-resisted|p2a: Incineroar
|-damage|p2a: Incineroar|91/100
|move|p2b: Porygon2|Ice Beam|p1b: Rillaboom
|-supereffective|p1b: Rillaboom
|-damage|p1b: Rillaboom|48/100
|
|-heal|p2b: Porygon2|85/100|[from] Grassy Terrain
|-heal|p2a: Incineroar|97/100|[from] Grassy Terrain
|-heal|p1b: Rillaboom|54/100|[from] Grassy Terrain
|upkeep
|turn|9
|-message|psychic system forfeited.
|
|win|ThierryVGC
||ThierryVGC is ready for game 3.
