|j|☆TeyVgc
|j|☆Pingasman67
|html|TeyVgcPingasman67    
|uhtml|bestof|Game 1 of a best-of-3
|t:|1783393917
|gametype|doubles
|player|p1|TeyVgc|rood|1263
|player|p2|Pingasman67|2|1167
|gen|9
|tier|[Gen 9 Champions] VGC 2026 Reg M-B (Bo3)
|rated|
|rule|Species Clause: Limit one of each Pokémon
|rule|Item Clause: Limit 1 of each item
|clearpoke
|poke|p1|Raichu, L50, F|
|poke|p1|Sinistcha, L50|
|poke|p1|Ceruledge, L50, M|
|poke|p1|Milotic, L50, F|
|poke|p1|Incineroar, L50, M|
|poke|p1|Floette-Eternal, L50, F|
|poke|p2|Lycanroc, L50, F|
|poke|p2|Tyranitar, L50, F|
|poke|p2|Houndstone, L50, F|
|poke|p2|Sinistcha, L50|
|poke|p2|Staraptor, L50, F|
|poke|p2|Whimsicott, L50, M|
|teampreview|4
|showteam|p1|Raichu||RaichuniteY|LightningRod|ZapCannon,FocusBlast,FakeOut,Protect|Timid||F|||50|]Sinistcha||KasibBerry|Hospitality|MatchaGotcha,LifeDew,RagePowder,Protect|Relaxed|||||50|]Ceruledge||ColburBerry|FlashFire|BitterBlade,ShadowSneak,BulkUp,Protect|Adamant||M|||50|]Milotic||Leftovers|Competitive|MuddyWater,Coil,Hypnosis,Protect|Calm||F|||50|]Incineroar||SitrusBerry|Intimidate|FlareBlitz,ThroatChop,FakeOut,PartingShot|Impish||M|||50|]Floette-Eternal||Floettite|FlowerVeil|CalmMind,Protect,Moonblast,DazzlingGleam|Modest||F|||50|
|showteam|p2|Lycanroc||LifeOrb|SandRush|RockSlide,StompingTantrum,CloseCombat,Protect|Adamant||F|||50|]Tyranitar||Tyranitarite|SandStream|RockSlide,KnockOff,DragonDance,Protect|Jolly||F|||50|]Houndstone||SpellTag|SandRush|LastRespects,WillOWisp,AllySwitch,Protect|Adamant||F|||50|]Sinistcha||SitrusBerry|Hospitality|LifeDew,RagePowder,MatchaGotcha,StrengthSap|Bold|||||50|]Staraptor||Staraptite|Intimidate|CloseCombat,BraveBird,Roost,Protect|Jolly||F|||50|]Whimsicott||FocusSash|Prankster|Moonblast,Tailwind,Charm,Protect|Timid||M|||50|
|
|t:|1783393948
|teamsize|p1|4
|teamsize|p2|4
|start
|switch|p1a: Incineroar|Incineroar, L50, M|100/100
|switch|p1b: Floette|Floette-Eternal, L50, F|100/100
|switch|p2a: Lycanroc|Lycanroc, L50, F|100/100
|switch|p2b: Tyranitar|Tyranitar, L50, F|100/100
|-weather|Sandstorm|[from] ability: Sand Stream|[of] p2b: Tyranitar
|-ability|p1a: Incineroar|Intimidate|boost
|-unboost|p2a: Lycanroc|atk|1
|-unboost|p2b: Tyranitar|atk|1
|turn|1
|
|t:|1783393975
|detailschange|p2b: Tyranitar|Tyranitar-Mega, L50, F
|-mega|p2b: Tyranitar|Tyranitar|Tyranitarite
|detailschange|p1b: Floette|Floette-Mega, L50, F
|-mega|p1b: Floette|Floette|Floettite
|-ability|p1b: Floette|Fairy Aura
|move|p1a: Incineroar|Fake Out|p2b: Tyranitar
|-resisted|p2b: Tyranitar|1
|-damage|p2b: Tyranitar|96/100
|move|p2a: Lycanroc|Rock Slide|p1b: Floette|[spread] p1a,p1b
|-supereffective|p1a: Incineroar|1
|-damage|p1a: Incineroar|63/100
|-damage|p1b: Floette|76/100
|-damage|p2a: Lycanroc|90/100|[from] item: Life Orb
|cant|p2b: Tyranitar|flinch
|move|p1b: Floette|Calm Mind|p1b: Floette
|-boost|p1b: Floette|spa|1
|-boost|p1b: Floette|spd|1
|
|-weather|Sandstorm|[upkeep]
|-damage|p1b: Floette|70/100|[from] Sandstorm
|-damage|p1a: Incineroar|57/100|[from] Sandstorm
|upkeep
|turn|2
|
|t:|1783393994
|move|p1b: Floette|Protect|p1b: Floette
|-singleturn|p1b: Floette|Protect
|move|p2a: Lycanroc|Rock Slide|p1b: Floette|[spread] p1a
|-activate|p1b: Floette|move: Protect
|-supereffective|p1a: Incineroar|1
|-damage|p1a: Incineroar|21/100
|-enditem|p1a: Incineroar|Sitrus Berry|[eat]
|-heal|p1a: Incineroar|46/100|[from] item: Sitrus Berry
|-damage|p2a: Lycanroc|80/100|[from] item: Life Orb
|move|p2b: Tyranitar|Dragon Dance|p2b: Tyranitar
|-boost|p2b: Tyranitar|atk|1
|-boost|p2b: Tyranitar|spe|1
|move|p1a: Incineroar|Parting Shot|p2b: Tyranitar
|-unboost|p2b: Tyranitar|atk|1
|-unboost|p2b: Tyranitar|spa|1
|
|t:|1783394010
|switch|p1a: Sinistcha|Sinistcha, L50|100/100|[from] Parting Shot
|-heal|p1b: Floette|95/100|[from] ability: Hospitality|[of] p1a: Sinistcha
|
|-weather|Sandstorm|[upkeep]
|-damage|p1b: Floette|88/100|[from] Sandstorm
|-damage|p1a: Sinistcha|93/100|[from] Sandstorm
|upkeep
|turn|3
|
|t:|1783394020
|move|p2a: Lycanroc|Rock Slide|p1a: Sinistcha|[spread] p1b
|-miss|p2a: Lycanroc|p1a: Sinistcha
|-damage|p1b: Floette|64/100
|-damage|p2a: Lycanroc|70/100|[from] item: Life Orb
|move|p2b: Tyranitar|Knock Off|p1a: Sinistcha
|-supereffective|p1a: Sinistcha|1
|-damage|p1a: Sinistcha|25/100
|-enditem|p1a: Sinistcha|Kasib Berry|[from] move: Knock Off|[of] p2b: Tyranitar
|cant|p1b: Floette|flinch
|move|p1a: Sinistcha|Matcha Gotcha|p2a: Lycanroc|[spread] p2a,p2b
|-supereffective|p2a: Lycanroc|1
|-supereffective|p2b: Tyranitar|1
|-damage|p2a: Lycanroc|13/100
|-heal|p1a: Sinistcha|49/100|[from] drain|[of] p2a: Lycanroc
|-damage|p2b: Tyranitar|69/100
|-heal|p1a: Sinistcha|62/100|[from] drain|[of] p2b: Tyranitar
|
|-weather|Sandstorm|[upkeep]
|-damage|p1b: Floette|58/100|[from] Sandstorm
|-damage|p1a: Sinistcha|56/100|[from] Sandstorm
|upkeep
|turn|4
|
|t:|1783394043
|move|p2a: Lycanroc|Rock Slide|p1a: Sinistcha|[spread] p1a
|-miss|p2a: Lycanroc|p1b: Floette
|-damage|p1a: Sinistcha|32/100
|-damage|p2a: Lycanroc|3/100|[from] item: Life Orb
|move|p2b: Tyranitar|Rock Slide|p1b: Floette|[spread] p1a,p1b
|-damage|p1a: Sinistcha|14/100
|-damage|p1b: Floette|34/100
|move|p1b: Floette|Dazzling Gleam|p2b: Tyranitar|[spread] p2a,p2b
|-supereffective|p2b: Tyranitar|1
|-damage|p2a: Lycanroc|0 fnt
|-damage|p2b: Tyranitar|0 fnt
|faint|p2a: Lycanroc
|faint|p2b: Tyranitar
|cant|p1a: Sinistcha|flinch
|
|-weather|Sandstorm|[upkeep]
|-damage|p1b: Floette|28/100|[from] Sandstorm
|-damage|p1a: Sinistcha|7/100|[from] Sandstorm
|upkeep
|
|t:|1783394054
|switch|p2a: Houndstone|Houndstone, L50, F|100/100
|switch|p2b: Sinistcha|Sinistcha, L50|100/100
|turn|5
|
|t:|1783394097
|switch|p1a: Incineroar|Incineroar, L50, M|46/100
|-ability|p1a: Incineroar|Intimidate|boost
|-unboost|p2a: Houndstone|atk|1
|-unboost|p2b: Sinistcha|atk|1
|move|p1b: Floette|Protect|p1b: Floette
|-singleturn|p1b: Floette|Protect
|move|p2a: Houndstone|Last Respects|p1b: Floette
|-activate|p1b: Floette|move: Protect
|move|p2b: Sinistcha|Matcha Gotcha|p1b: Floette|[spread] p1a
|-activate|p1b: Floette|move: Protect
|-resisted|p1a: Incineroar|1
|-damage|p1a: Incineroar|35/100
|
|-weather|none
|upkeep
|turn|6
|
|t:|1783394115
|switch|p1a: Sinistcha|Sinistcha, L50|7/100
|-heal|p1b: Floette|53/100|[from] ability: Hospitality|[of] p1a: Sinistcha
|move|p2b: Sinistcha|Rage Powder|p2b: Sinistcha
|-singleturn|p2b: Sinistcha|move: Rage Powder
|move|p1b: Floette|Dazzling Gleam|p2b: Sinistcha|[spread] p2a,p2b
|-damage|p2a: Houndstone|29/100
|-damage|p2b: Sinistcha|33/100
|-enditem|p2b: Sinistcha|Sitrus Berry|[eat]
|-heal|p2b: Sinistcha|58/100|[from] item: Sitrus Berry
|move|p2a: Houndstone|Last Respects|p1b: Floette
|-crit|p1b: Floette
|-damage|p1b: Floette|0 fnt
|faint|p1b: Floette
|
|upkeep
|
|t:|1783394132
|switch|p1b: Incineroar|Incineroar, L50, M|35/100
|-ability|p1b: Incineroar|Intimidate|boost
|-unboost|p2a: Houndstone|atk|1
|-unboost|p2b: Sinistcha|atk|1
|turn|7
|
|t:|1783394154
|move|p1a: Sinistcha|Rage Powder|p1a: Sinistcha
|-singleturn|p1a: Sinistcha|move: Rage Powder
|move|p2a: Houndstone|Last Respects|p1a: Sinistcha
|-supereffective|p1a: Sinistcha|1
|-crit|p1a: Sinistcha
|-damage|p1a: Sinistcha|0 fnt
|faint|p1a: Sinistcha
|move|p2b: Sinistcha|Matcha Gotcha|p1b: Incineroar
|-resisted|p1b: Incineroar|1
|-damage|p1b: Incineroar|19/100
|-heal|p2b: Sinistcha|67/100|[from] drain|[of] p1b: Incineroar
|move|p1b: Incineroar|Throat Chop|p2a: Houndstone
|-supereffective|p2a: Houndstone|1
|-damage|p2a: Houndstone|0 fnt
|faint|p2a: Houndstone
|
|upkeep
|
|t:|1783394170
|switch|p1a: Milotic|Milotic, L50, F|100/100
|turn|8
|
|t:|1783394185
|move|p1a: Milotic|Coil|p1a: Milotic
|-boost|p1a: Milotic|atk|1
|-boost|p1a: Milotic|def|1
|-boost|p1a: Milotic|accuracy|1
|move|p2b: Sinistcha|Strength Sap|p1b: Incineroar
|-unboost|p1b: Incineroar|atk|1
|-heal|p2b: Sinistcha|100/100
|move|p1b: Incineroar|Throat Chop|p2b: Sinistcha
|-supereffective|p2b: Sinistcha|1
|-damage|p2b: Sinistcha|68/100
|-start|p2b: Sinistcha|Throat Chop|[silent]
|
|upkeep
|turn|9
|
|t:|1783394200
|move|p1a: Milotic|Hypnosis|p2b: Sinistcha
|-status|p2b: Sinistcha|slp|[from] move: Hypnosis
|cant|p2b: Sinistcha|slp
|move|p1b: Incineroar|Throat Chop|p2b: Sinistcha
|-supereffective|p2b: Sinistcha|1
|-damage|p2b: Sinistcha|34/100 slp
|
|-end|p2b: Sinistcha|Throat Chop|[silent]
|upkeep
|turn|10
|-message|Pingasman67 forfeited.
|
|win|TeyVgc
