|j|☆test220102
|j|☆SuprEpcGuy
|html|test220102SuprEpcGuy    
|uhtml|bestof|Game 1 of a best-of-3
|t:|1784914230
|gametype|doubles
|player|p1|test220102|266|1151
|player|p2|SuprEpcGuy|shauntal|1111
|gen|9
|tier|[Gen 9 Champions] VGC 2026 Reg M-B (Bo3)
|rated|
|rule|Species Clause: Limit one of each Pokémon
|rule|Item Clause: Limit 1 of each item
|clearpoke
|poke|p1|Gengar, L50, F|
|poke|p1|Ninetales-Alola, L50, M|
|poke|p1|Incineroar, L50, F|
|poke|p1|Kommo-o, L50, F|
|poke|p1|Raichu, L50, F|
|poke|p1|Volcarona, L50, F|
|poke|p2|Zoroark-Hisui, L50, F|
|poke|p2|Torkoal, L50, F|
|poke|p2|Farigiraf, L50, M|
|poke|p2|Floette-Eternal, L50, F|
|poke|p2|Aerodactyl, L50, F|
|poke|p2|Incineroar, L50, F|
|teampreview|4
|showteam|p1|Gengar||Gengarite|CursedBody|Protect,PerishSong,ShadowBall,SludgeBomb|Timid||F|||50|]Ninetales-Alola||FocusSash|SnowWarning|Protect,Encore,Blizzard,FreezeDry|Timid||M|||50|]Incineroar||PasshoBerry|Intimidate|Protect,FakeOut,PartingShot,DarkestLariat|Impish||F|||50|]Kommo-o||LifeOrb|Soundproof|Protect,ClangingScales,ClangorousSoul,AuraSphere|Timid||F|||50|]Raichu||RaichuniteX|LightningRod|Protect,FakeOut,VoltTackle,VoltSwitch|Jolly||F|||50|]Volcarona||ChartiBerry|FlameBody|Protect,RagePowder,StruggleBug,Flamethrower|Modest||F|||50|
|showteam|p2|Zoroark-Hisui||ChoiceScarf|Illusion|IcyWind,BitterMalice,Flamethrower,Taunt|Timid||F|||50|]Torkoal||Charcoal|Drought|Eruption,WeatherBall,EarthPower,Protect|Quiet||F|||50|]Farigiraf||ColburBerry|ArmorTail|Psychic,HyperVoice,TrickRoom,HelpingHand|Quiet||M|||50|]Floette-Eternal||Floettite|FlowerVeil|Moonblast,DazzlingGleam,LightofRuin,Protect|Timid||F|||50|]Aerodactyl||LifeOrb|Unnerve|RockSlide,IceFang,DualWingbeat,Protect|Jolly||F|||50|]Incineroar||SitrusBerry|Intimidate|FakeOut,DarkestLariat,FlareBlitz,PartingShot|Adamant||F|||50|
|inactive|Battle timer is ON: inactive players will automatically lose when time's up. (requested by SuprEpcGuy)
|inactive|test220102 also wants the timer to be on.
|inactive|SuprEpcGuy has 60 seconds left.
|
|t:|1784914288
|teamsize|p1|4
|teamsize|p2|4
|start
|switch|p1a: Gengar|Gengar, L50, F|100/100
|switch|p1b: Incineroar|Incineroar, L50, F|100/100
|switch|p2a: Incineroar|Incineroar, L50, F|100/100
|switch|p2b: Steve|Aerodactyl, L50, F|100/100
|-ability|p1b: Incineroar|Intimidate|boost
|-unboost|p2a: Incineroar|atk|1
|-unboost|p2b: Steve|atk|1
|-ability|p2a: Incineroar|Intimidate|boost
|-unboost|p1a: Gengar|atk|1
|-unboost|p1b: Incineroar|atk|1
|turn|1
|
|t:|1784914312
|detailschange|p1a: Gengar|Gengar-Mega, L50, F
|-mega|p1a: Gengar|Gengar|Gengarite
|move|p1b: Incineroar|Fake Out|p2b: Steve
|-immune|p2b: Steve
|move|p2a: Incineroar|Fake Out|p1b: Incineroar
|-damage|p1b: Incineroar|92/100
|move|p2b: Steve|Taunt|p1a: Gengar
|-start|p1a: Gengar|move: Taunt
|cant|p1a: Gengar|move: Taunt|Perish Song
|
|upkeep
|turn|2
|inactive|test220102 has 30 seconds left.
|
|t:|1784914344
|switch|p1b: Kommo-o|Kommo-o, L50, F|100/100
|move|p2b: Steve|Taunt|p1b: Kommo-o
|-start|p1b: Kommo-o|move: Taunt
|move|p1a: Gengar|Sludge Bomb|p2a: Incineroar
|-damage|p2a: Incineroar|46/100
|-status|p2a: Incineroar|psn
|-enditem|p2a: Incineroar|Sitrus Berry|[eat]
|-heal|p2a: Incineroar|71/100 psn|[from] item: Sitrus Berry
|move|p2a: Incineroar|Darkest Lariat|p1a: Gengar
|-supereffective|p1a: Gengar|1
|-damage|p1a: Gengar|3/100
|
|-damage|p2a: Incineroar|58/100 psn|[from] psn
|upkeep
|turn|3
|inactive|SuprEpcGuy has 30 seconds left.
|
|t:|1784914377
|switch|p2b: Steve|Aerodactyl, L50, F|100/100
|-ability|p2b: Steve|Unnerve
|switch|p1a: Incineroar|Incineroar, L50, F|92/100
|-ability|p1a: Incineroar|Intimidate|boost
|-unboost|p2a: Incineroar|atk|1
|-unboost|p2b: Steve|atk|1
|move|p1b: Kommo-o|Clanging Scales|p2a: Incineroar|[spread] p2a,p2b
|-damage|p2a: Incineroar|14/100 psn
|-damage|p2b: Steve|27/100
|-unboost|p1b: Kommo-o|def|1
|-damage|p1b: Kommo-o|90/100|[from] item: Life Orb
|move|p2a: Incineroar|Parting Shot|p1b: Kommo-o
|-immune|p1b: Kommo-o|[from] ability: Soundproof
|
|-damage|p2a: Incineroar|1/100 psn|[from] psn
|upkeep
|turn|4
|inactive|test220102 has 30 seconds left.
|inactive|SuprEpcGuy has 30 seconds left.
|inactive|test220102 has 20 seconds left.
|
|t:|1784914416
|move|p2b: Steve|Protect|p2b: Steve
|-singleturn|p2b: Steve|Protect
|move|p1a: Incineroar|Protect|p1a: Incineroar
|-singleturn|p1a: Incineroar|Protect
|move|p1b: Kommo-o|Clanging Scales|p2b: Steve|[spread] p2a
|-activate|p2b: Steve|move: Protect
|-damage|p2a: Incineroar|0 fnt
|faint|p2a: Incineroar
|-unboost|p1b: Kommo-o|def|1
|-damage|p1b: Kommo-o|80/100|[from] item: Life Orb
|
|-end|p1b: Kommo-o|move: Taunt
|upkeep
|
|t:|1784914429
|switch|p2a: Floette|Floette-Eternal, L50, F|100/100
|turn|5
|
|t:|1784914449
|detailschange|p2a: Floette|Floette-Mega, L50, F
|-mega|p2a: Floette|Floette|Floettite
|-ability|p2a: Floette|Fairy Aura
|move|p1b: Kommo-o|Protect|p1b: Kommo-o
|-singleturn|p1b: Kommo-o|Protect
|move|p2b: Steve|Rock Slide|p1b: Kommo-o|[spread] p1a
|-activate|p1b: Kommo-o|move: Protect
|-supereffective|p1a: Incineroar|1
|-damage|p1a: Incineroar|53/100
|-damage|p2b: Steve|17/100|[from] item: Life Orb
|move|p2a: Floette|Dazzling Gleam|p1b: Kommo-o|[spread] p1a
|-activate|p1b: Kommo-o|move: Protect
|-crit|p1a: Incineroar
|-damage|p1a: Incineroar|0 fnt
|faint|p1a: Incineroar
|
|upkeep
|-message|test220102 forfeited.
|
|win|SuprEpcGuy
