|j|â˜†Dametrix
|j|â˜†TerapagosdiNorcia
|html|DametrixTerapagosdiNorcia    
|uhtml|bestof|Game 2 of a best-of-3
|t:|1754488315
|gametype|doubles
|player|p1|Dametrix|1|1180
|player|p2|TerapagosdiNorcia|170|1182
|gen|9
|tier|[Gen 9] VGC 2025 Reg H (Bo3)
|rated|
|rule|Species Clause: Limit one of each PokÃ©mon
|rule|Item Clause: Limit 1 of each item
|clearpoke
|poke|p1|Amoonguss, L50, M|
|poke|p1|Incineroar, L50, F|
|poke|p1|Garchomp, L50, M|
|poke|p1|Kilowattrel, L50, M|
|poke|p1|Porygon2, L50|
|poke|p1|Primarina, L50, F|
|poke|p2|Annihilape, L50, F|
|poke|p2|Ninetales-Alola, L50, M|
|poke|p2|Ursaluna-Bloodmoon, L50, M|
|poke|p2|Dragonite, L50, M|
|poke|p2|Magmar, L50, F|
|poke|p2|Gholdengo, L50|
|teampreview|4
|showteam|p1|Amoonguss||SitrusBerry|Regenerator|PollenPuff,RagePowder,Spore,Protect|||M|||50|,,,,,Fairy]Incineroar||SafetyGoggles|Intimidate|FakeOut,FlareBlitz,KnockOff,PartingShot|||F|||50|,,,,,Ghost]Garchomp||LifeOrb|RoughSkin|StompingTantrum,DragonClaw,Earthquake,Protect|||M|||50|,,,,,Steel]Kilowattrel||FocusSash|Competitive|Thunderbolt,AirSlash,Tailwind,Protect|||M|||50|,,,,,Ghost]Porygon2||Eviolite|Download|TeraBlast,IceBeam,Recover,TrickRoom||||||50|,,,,,Fighting]Primarina||MysticWater|LiquidVoice|HyperVoice,Moonblast,Haze,Protect|||F|||50|,,,,,Poison
|showteam|p2|Annihilape||SafetyGoggles|Defiant|DrainPunch,RageFist,BulkUp,Protect|||F|||50|,,,,,Water]Ninetales-Alola||LightClay|SnowWarning|Blizzard,Encore,IcyWind,AuroraVeil|||M|||50|,,,,,Ghost]Ursaluna-Bloodmoon||AssaultVest|MindsEye|BloodMoon,EarthPower,HyperVoice,VacuumWave|||M|||50|,,,,,Water]Dragonite||LoadedDice|Multiscale|ScaleShot,ExtremeSpeed,IceSpinner,Protect|||M|||50|,,,,,Steel]Magmar||Eviolite|FlameBody|Overheat,FollowMe,Protect,ClearSmog|||F|||50|,,,,,Ghost]Gholdengo||MetalCoat|GoodasGold|MakeItRain,ShadowBall,NastyPlot,Protect||||||50|,,,,,Dragon
|inactive|Battle timer is ON: inactive players will automatically lose when time's up. (requested by Dametrix)
|
|t:|1754488359
|teamsize|p1|4
|teamsize|p2|4
|start
|switch|p1a: Incineroar|Incineroar, L50, F|100/100
|switch|p1b: Primarina|Primarina, L50, F|100/100
|switch|p2a: Ninetales|Ninetales-Alola, L50, M|100/100
|switch|p2b: Ursaluna|Ursaluna-Bloodmoon, L50, M|100/100
|-weather|Snowscape|[from] ability: Snow Warning|[of] p2a: Ninetales
|-ability|p1a: Incineroar|Intimidate|boost
|-unboost|p2a: Ninetales|atk|1
|-unboost|p2b: Ursaluna|atk|1
|turn|1
|
|t:|1754488381
|-terastallize|p2b: Ursaluna|Water
|move|p1a: Incineroar|Fake Out|p2b: Ursaluna
|-damage|p2b: Ursaluna|93/100
|move|p2a: Ninetales|Aurora Veil|p2a: Ninetales
|-sidestart|p2: TerapagosdiNorcia|move: Aurora Veil
|move|p1b: Primarina|Hyper Voice|p2b: Ursaluna|[spread] p2a,p2b
|-resisted|p2b: Ursaluna
|-damage|p2a: Ninetales|68/100
|-damage|p2b: Ursaluna|83/100
|cant|p2b: Ursaluna|flinch
|
|-weather|Snowscape|[upkeep]
|upkeep
|turn|2
|
|t:|1754488404
|move|p1b: Primarina|Protect|p1b: Primarina
|-singleturn|p1b: Primarina|Protect
|move|p2a: Ninetales|Blizzard|p1a: Incineroar|[spread] p1a
|-activate|p1b: Primarina|move: Protect
|-resisted|p1a: Incineroar
|-damage|p1a: Incineroar|91/100
|move|p1a: Incineroar|Flare Blitz|p2a: Ninetales
|-supereffective|p2a: Ninetales
|-damage|p2a: Ninetales|21/100
|-damage|p1a: Incineroar|78/100|[from] Recoil
|move|p2b: Ursaluna|Earth Power|p1a: Incineroar
|-supereffective|p1a: Incineroar
|-damage|p1a: Incineroar|5/100
|
|-weather|Snowscape|[upkeep]
|upkeep
|turn|3
|inactive|TerapagosdiNorcia has 30 seconds left.
|
|t:|1754488430
|move|p2a: Ninetales|Icy Wind|p1b: Primarina|[spread] p1a,p1b
|-resisted|p1a: Incineroar
|-resisted|p1b: Primarina
|-damage|p1a: Incineroar|1/100
|-damage|p1b: Primarina|95/100
|-unboost|p1a: Incineroar|spe|1
|-unboost|p1b: Primarina|spe|1
|move|p2b: Ursaluna|Blood Moon|p1b: Primarina
|-damage|p1b: Primarina|36/100
|move|p1b: Primarina|Moonblast|p2b: Ursaluna
|-damage|p2b: Ursaluna|61/100
|move|p1a: Incineroar|Knock Off|p2a: Ninetales
|-resisted|p2a: Ninetales
|-damage|p2a: Ninetales|10/100
|-enditem|p2a: Ninetales|Light Clay|[from] move: Knock Off|[of] p1a: Incineroar
|
|-weather|Snowscape|[upkeep]
|upkeep
|turn|4
|inactive|TerapagosdiNorcia has 30 seconds left.
|
|t:|1754488456
|move|p1b: Primarina|Protect|p1b: Primarina
|-singleturn|p1b: Primarina|Protect
|move|p2a: Ninetales|Icy Wind|p1b: Primarina|[spread] p1a
|-activate|p1b: Primarina|move: Protect
|-resisted|p1a: Incineroar
|-damage|p1a: Incineroar|0 fnt
|faint|p1a: Incineroar
|move|p2b: Ursaluna|Hyper Voice|p1b: Primarina
|-activate|p1b: Primarina|move: Protect
|
|-weather|Snowscape|[upkeep]
|upkeep
|
|t:|1754488471
|switch|p1a: Kilowattrel|Kilowattrel, L50, M|100/100
|turn|5
|inactive|TerapagosdiNorcia has 30 seconds left.
|inactive|TerapagosdiNorcia has 20 seconds left.
|
|t:|1754488506
|move|p1a: Kilowattrel|Thunderbolt|p2a: Ninetales
|-damage|p2a: Ninetales|0 fnt
|faint|p2a: Ninetales
|move|p2b: Ursaluna|Hyper Voice|p1a: Kilowattrel|[spread] p1a,p1b
|-damage|p1a: Kilowattrel|31/100
|-damage|p1b: Primarina|5/100
|move|p1b: Primarina|Moonblast|p2b: Ursaluna
|-damage|p2b: Ursaluna|39/100
|
|-weather|none
|upkeep
|
|t:|1754488514
|switch|p2a: Gholdengo|Gholdengo, L50|100/100
|turn|6
|inactive|TerapagosdiNorcia has 30 seconds left.
|
|t:|1754488542
|move|p1a: Kilowattrel|Protect|p1a: Kilowattrel
|-singleturn|p1a: Kilowattrel|Protect
|move|p2b: Ursaluna|Vacuum Wave|p1b: Primarina
|-resisted|p1b: Primarina
|-damage|p1b: Primarina|0 fnt
|faint|p1b: Primarina
|move|p2a: Gholdengo|Shadow Ball|p1a: Kilowattrel
|-activate|p1a: Kilowattrel|move: Protect
|
|upkeep
|
|t:|1754488549
|switch|p1b: Garchomp|Garchomp, L50, M|100/100
|turn|7
|inactive|TerapagosdiNorcia has 30 seconds left.
|inactive|TerapagosdiNorcia has 20 seconds left.
|inactive|TerapagosdiNorcia has 15 seconds left.
|inactive|TerapagosdiNorcia has 10 seconds left.
|
|t:|1754488596
|move|p2b: Ursaluna|Vacuum Wave|p1a: Kilowattrel
|-resisted|p1a: Kilowattrel
|-damage|p1a: Kilowattrel|18/100
|move|p1a: Kilowattrel|Thunderbolt|p2b: Ursaluna
|-supereffective|p2b: Ursaluna
|-damage|p2b: Ursaluna|0 fnt
|faint|p2b: Ursaluna
|move|p1b: Garchomp|Earthquake|p2a: Gholdengo|[spread] p2a
|-immune|p1a: Kilowattrel
|-supereffective|p2a: Gholdengo
|-damage|p2a: Gholdengo|37/100
|-damage|p1b: Garchomp|91/100|[from] item: Life Orb
|move|p2a: Gholdengo|Make It Rain|p1a: Kilowattrel|[spread] p1a,p1b
|-resisted|p1a: Kilowattrel
|-damage|p1a: Kilowattrel|0 fnt
|-damage|p1b: Garchomp|34/100
|-unboost|p2a: Gholdengo|spa|1
|faint|p1a: Kilowattrel
|
|upkeep
|
|t:|1754488605
|switch|p2b: Annihilape|Annihilape, L50, F|100/100
|turn|8
|
|t:|1754488629
|move|p2b: Annihilape|Rage Fist|p1b: Garchomp
|-damage|p1b: Garchomp|14/100
|-damage|p2b: Annihilape|88/100|[from] ability: Rough Skin|[of] p1b: Garchomp
|move|p1b: Garchomp|Earthquake|p2a: Gholdengo|[spread] p2a,p2b
|-supereffective|p2a: Gholdengo
|-damage|p2a: Gholdengo|0 fnt
|-damage|p2b: Annihilape|55/100
|faint|p2a: Gholdengo
|-damage|p1b: Garchomp|5/100|[from] item: Life Orb
|
|-sideend|p2: TerapagosdiNorcia|move: Aurora Veil
|upkeep
|turn|9
|
|t:|1754488640
|move|p2b: Annihilape|Rage Fist|p1b: Garchomp
|-damage|p1b: Garchomp|0 fnt
|-damage|p2b: Annihilape|43/100|[from] ability: Rough Skin|[of] p1b: Garchomp
|faint|p1b: Garchomp
|
|win|TerapagosdiNorcia
|raw|Dametrix's rating: 1180 → 1155(-25 for losing)
|raw|TerapagosdiNorcia's rating: 1182 → 1207(+25 for winning)
|l|â˜†Dametrix
|player|p1|
