|j|☆volcanicrj
|j|☆kotamager34
|html|volcanicrjkotamager34    
|uhtml|bestof|Game 1 of a best-of-3
|t:|1757793641
|gametype|doubles
|player|p1|volcanicrj|flannery|1080
|player|p2|kotamager34|grimsley|1146
|gen|9
|tier|[Gen 9] VGC 2025 Reg H (Bo3)
|rated|
|rule|Species Clause: Limit one of each Pokémon
|rule|Item Clause: Limit 1 of each item
|clearpoke
|poke|p1|Toxtricity-Low-Key, L50, M|
|poke|p1|Kommo-o, L50, M|
|poke|p1|Sinistcha, L50|
|poke|p1|Murkrow, L50, F|
|poke|p1|Samurott-Hisui, L50, M|
|poke|p1|Incineroar, L50, F|
|poke|p2|Gholdengo, L50|
|poke|p2|Ninetales-Alola, L50, M|
|poke|p2|Garchomp, L50, M|
|poke|p2|Rillaboom, L50, M|
|poke|p2|Sneasler, L50, M|
|poke|p2|Dragonite, L50, M|
|teampreview|4
|showteam|p1|Toxtricity-Low-Key||ThroatSpray|PunkRock|Overdrive,Boomburst,SludgeBomb,Protect|||M|||50|,,,,,Normal]Kommo-o||LifeOrb|Soundproof|ClangingScales,FlashCannon,Flamethrower,Protect|||M|||50|,,,,,Fire]Sinistcha||RockyHelmet|Hospitality|MatchaGotcha,RagePowder,TrickRoom,Protect||||||50|,,,,,Water]Murkrow||Eviolite|Prankster|Tailwind,Quash,Haze,BraveBird|||F|||50|,,,,,Ghost]Samurott-Hisui||ScopeLens|Sharpness|AquaCutter,NightSlash,Detect,AquaJet|||M|||50|,,,,,Grass]Incineroar||SafetyGoggles|Intimidate|FlareBlitz,FakeOut,PartingShot,KnockOff|||F|||50|,,,,,Ghost
|showteam|p2|Gholdengo||SitrusBerry|GoodasGold|MakeItRain,ShadowBall,NastyPlot,Protect||||||50|,,,,,Flying]Ninetales-Alola||CovertCloak|SnowWarning|Blizzard,TeraBlast,AuroraVeil,Protect|||M|||50|,,,,,Ground]Garchomp||LifeOrb|RoughSkin|ScaleShot,Earthquake,StompingTantrum,Protect|||M|||50|,,,,,Fairy]Rillaboom||AssaultVest|GrassySurge|FakeOut,GrassyGlide,WoodHammer,Uturn|||M|||50|,,,,,Grass]Sneasler||GrassySeed|Unburden|CloseCombat,Acrobatics,SwordsDance,FakeOut|||M|||50|,,,,,Flying]Dragonite||LoadedDice|Multiscale|ScaleShot,Tailwind,Haze,Protect|||M|||50|,,,,,Fairy
|inactive|Battle timer is ON: inactive players will automatically lose when time's up. (requested by kotamager34)
|inactive|volcanicrj has 60 seconds left.
|inactive|kotamager34 has 60 seconds left.
|
|t:|1757793687
|teamsize|p1|4
|teamsize|p2|4
|start
|switch|p1a: Kendrick Lamar|Incineroar, L50, F|100/100
|switch|p1b: Tyler The Creator|Murkrow, L50, F|100/100
|switch|p2a: Garchomp|Garchomp, L50, M|100/100
|switch|p2b: Dragonite|Dragonite, L50, M|100/100
|-ability|p1a: Kendrick Lamar|Intimidate|boost
|-unboost|p2a: Garchomp|atk|1
|-unboost|p2b: Dragonite|atk|1
|turn|1
|
|t:|1757793707
|move|p1a: Kendrick Lamar|Fake Out|p2b: Dragonite
|-damage|p2b: Dragonite|92/100
|move|p1b: Tyler The Creator|Tailwind|p1b: Tyler The Creator
|-sidestart|p1: volcanicrj|move: Tailwind
|move|p2a: Garchomp|Earthquake|p1b: Tyler The Creator|[spread] p1a
|-immune|p2b: Dragonite
|-immune|p1b: Tyler The Creator
|-supereffective|p1a: Kendrick Lamar
|-damage|p1a: Kendrick Lamar|34/100
|-damage|p2a: Garchomp|91/100|[from] item: Life Orb
|cant|p2b: Dragonite|flinch
|
|upkeep
|turn|2
|inactive|volcanicrj has 30 seconds left.
|
|t:|1757793739
|move|p1b: Tyler The Creator|Brave Bird|p2b: Dragonite
|-damage|p2b: Dragonite|47/100
|-damage|p1b: Tyler The Creator|86/100|[from] Recoil
|move|p1a: Kendrick Lamar|Parting Shot|p2a: Garchomp
|-unboost|p2a: Garchomp|atk|1
|-unboost|p2a: Garchomp|spa|1
|
|t:|1757793749
|switch|p1a: Jinu|Kommo-o, L50, M|100/100|[from] Parting Shot
|move|p2a: Garchomp|Earthquake|p1a: Jinu|[spread] p1a
|-immune|p2b: Dragonite
|-immune|p1b: Tyler The Creator
|-damage|p1a: Jinu|80/100
|-damage|p2a: Garchomp|81/100|[from] item: Life Orb
|move|p2b: Dragonite|Scale Shot|p1b: Tyler The Creator
|-damage|p1b: Tyler The Creator|77/100
|-damage|p1b: Tyler The Creator|68/100
|-damage|p1b: Tyler The Creator|59/100
|-damage|p1b: Tyler The Creator|49/100
|-hitcount|p1b: Tyler The Creator|4
|-unboost|p2b: Dragonite|def|1
|-boost|p2b: Dragonite|spe|1
|
|upkeep
|turn|3
|inactive|volcanicrj has 30 seconds left.
|
|t:|1757793775
|move|p2a: Garchomp|Protect|p2a: Garchomp
|-singleturn|p2a: Garchomp|Protect
|move|p1b: Tyler The Creator|Quash|p2b: Dragonite
|-activate|p2b: Dragonite|move: Quash
|move|p1a: Jinu|Flash Cannon|p2b: Dragonite
|-damage|p2b: Dragonite|13/100
|-damage|p1a: Jinu|70/100|[from] item: Life Orb
|move|p2b: Dragonite|Tailwind|p2b: Dragonite
|-sidestart|p2: kotamager34|move: Tailwind
|
|upkeep
|turn|4
|
|t:|1757793791
|move|p1a: Jinu|Protect|p1a: Jinu
|-singleturn|p1a: Jinu|Protect
|move|p2b: Dragonite|Haze|p2b: Dragonite
|-clearallboost
|move|p2a: Garchomp|Scale Shot|p1a: Jinu
|-activate|p1a: Jinu|move: Protect
|move|p1b: Tyler The Creator|Brave Bird|p2b: Dragonite
|-damage|p2b: Dragonite|0 fnt
|faint|p2b: Dragonite
|-damage|p1b: Tyler The Creator|45/100|[from] Recoil
|
|-sideend|p1: volcanicrj|move: Tailwind
|upkeep
|
|t:|1757793798
|switch|p2b: Sneasler|Sneasler, L50, M|100/100
|turn|5
|
|t:|1757793820
|switch|p1a: Kendrick Lamar|Incineroar, L50, F|34/100
|-ability|p1a: Kendrick Lamar|Intimidate|boost
|-unboost|p2a: Garchomp|atk|1
|-unboost|p2b: Sneasler|atk|1
|move|p2b: Sneasler|Fake Out|p1b: Tyler The Creator
|-damage|p1b: Tyler The Creator|36/100
|cant|p1b: Tyler The Creator|flinch
|move|p2a: Garchomp|Scale Shot|p1a: Kendrick Lamar
|-damage|p1a: Kendrick Lamar|20/100
|-damage|p1a: Kendrick Lamar|8/100
|-hitcount|p1a: Kendrick Lamar|2
|-unboost|p2a: Garchomp|def|1
|-boost|p2a: Garchomp|spe|1
|-damage|p2a: Garchomp|71/100|[from] item: Life Orb
|
|upkeep
|turn|6
|inactive|volcanicrj has 30 seconds left.
|
|t:|1757793850
|move|p1b: Tyler The Creator|Tailwind|p1b: Tyler The Creator
|-sidestart|p1: volcanicrj|move: Tailwind
|move|p2a: Garchomp|Scale Shot|p1b: Tyler The Creator
|-damage|p1b: Tyler The Creator|25/100
|-damage|p1b: Tyler The Creator|14/100
|-damage|p1b: Tyler The Creator|1/100
|-damage|p1b: Tyler The Creator|0 fnt
|faint|p1b: Tyler The Creator
|-hitcount|p1: Tyler The Creator|4
|-unboost|p2a: Garchomp|def|1
|-boost|p2a: Garchomp|spe|1
|-damage|p2a: Garchomp|62/100|[from] item: Life Orb
|move|p2b: Sneasler|Acrobatics|p1a: Kendrick Lamar
|-damage|p1a: Kendrick Lamar|0 fnt
|faint|p1a: Kendrick Lamar
|
|-sideend|p2: kotamager34|move: Tailwind
|upkeep
|inactive|volcanicrj has 30 seconds left.
|
|t:|1757793884
|switch|p1b: Jinu|Kommo-o, L50, M|70/100
|switch|p1a: Gerard Way|Toxtricity-Low-Key, L50, M|100/100
|turn|7
|
|t:|1757793905
|switch|p2a: Rillaboom|Rillaboom, L50, M|100/100
|-fieldstart|move: Grassy Terrain|[from] ability: Grassy Surge|[of] p2a: Rillaboom
|-enditem|p2b: Sneasler|Grassy Seed
|-boost|p2b: Sneasler|def|1|[from] item: Grassy Seed
|-terastallize|p2b: Sneasler|Flying
|move|p2b: Sneasler|Acrobatics|p1b: Jinu
|-supereffective|p1b: Jinu
|-damage|p1b: Jinu|11/100
|move|p1b: Jinu|Clanging Scales|p2b: Sneasler|[spread] p2a,p2b
|-damage|p2a: Rillaboom|66/100
|-damage|p2b: Sneasler|45/100
|-unboost|p1b: Jinu|def|1
|-damage|p1b: Jinu|2/100|[from] item: Life Orb
|move|p1a: Gerard Way|Boomburst|p2b: Sneasler|[spread] p2a,p2b
|-immune|p1b: Jinu|[from] ability: Soundproof
|-crit|p2b: Sneasler
|-damage|p2a: Rillaboom|36/100
|-damage|p2b: Sneasler|0 fnt
|faint|p2b: Sneasler
|-enditem|p1a: Gerard Way|Throat Spray
|-boost|p1a: Gerard Way|spa|1|[from] item: Throat Spray
|
|-heal|p1b: Jinu|7/100|[from] Grassy Terrain
|-heal|p2a: Rillaboom|42/100|[from] Grassy Terrain
|upkeep
|
|t:|1757793924
|switch|p2b: Garchomp|Garchomp, L50, M|62/100
|turn|8
|c|☆kotamager34|WHEN I WAS
|c|☆kotamager34|A YOUNG BOY
|
|t:|1757793945
|move|p1b: Jinu|Protect|p1b: Jinu
|-singleturn|p1b: Jinu|Protect
|move|p2a: Rillaboom|Grassy Glide|p1b: Jinu
|-activate|p1b: Jinu|move: Protect
|move|p1a: Gerard Way|Sludge Bomb|p2a: Rillaboom
|-supereffective|p2a: Rillaboom
|-damage|p2a: Rillaboom|0 fnt
|faint|p2a: Rillaboom
|move|p2b: Garchomp|Stomping Tantrum|p1a: Gerard Way
|-supereffective|p1a: Gerard Way
|-damage|p1a: Gerard Way|0 fnt
|faint|p1a: Gerard Way
|-damage|p2b: Garchomp|52/100|[from] item: Life Orb
|
|-heal|p1b: Jinu|13/100|[from] Grassy Terrain
|-heal|p2b: Garchomp|58/100|[from] Grassy Terrain
|upkeep
|turn|9
|
|t:|1757793967
|move|p2b: Garchomp|Protect|p2b: Garchomp
|-singleturn|p2b: Garchomp|Protect
|move|p1b: Jinu|Clanging Scales|p2b: Garchomp
|-activate|p2b: Garchomp|move: Protect
|
|-heal|p1b: Jinu|19/100|[from] Grassy Terrain
|-heal|p2b: Garchomp|64/100|[from] Grassy Terrain
|-sideend|p1: volcanicrj|move: Tailwind
|upkeep
|turn|10
|
|t:|1757793971
|move|p2b: Garchomp|Earthquake|p1b: Jinu
|-damage|p1b: Jinu|0 fnt
|faint|p1b: Jinu
|-damage|p2b: Garchomp|55/100|[from] item: Life Orb
|
|win|kotamager34
|l|☆volcanicrj
|player|p1|
||kotamager34 is ready for game 2.
||volcanicrj is ready for game 2.
|uhtml|next|Next: Game 2 of 3
|l|☆kotamager34
|player|p2|
