|j|☆R4ka
|j|☆dont make me walk
|html|R4kadont make me walk    
|uhtml|bestof|Game 3 of a best-of-3
|t:|1755859198
|gametype|doubles
|player|p1|R4ka|riley|1143
|player|p2|dont make me walk|red-masters3|1349
|gen|9
|tier|[Gen 9] VGC 2025 Reg H (Bo3)
|rated|
|rule|Species Clause: Limit one of each Pokémon
|rule|Item Clause: Limit 1 of each item
|clearpoke
|poke|p1|Rillaboom, L50, F|
|poke|p1|Dragonite, L50, F|
|poke|p1|Sneasler, L50, M|
|poke|p1|Kingambit, L50, F|
|poke|p1|Electabuzz, L50, M|
|poke|p1|Volcarona, L50, M|
|poke|p2|Murkrow, L50, M|
|poke|p2|Ursaluna-Bloodmoon, L50, M|
|poke|p2|Annihilape, L50, M|
|poke|p2|Sinistcha-Masterpiece, L50|
|poke|p2|Incineroar, L50, F|
|poke|p2|Gholdengo, L50|
|teampreview|4
|showteam|p1|Rillaboom||AssaultVest|GrassySurge|FakeOut,Uturn,WoodHammer,GrassyGlide|||F|||50|,,,,,Fire]Dragonite||LoadedDice|Multiscale|ExtremeSpeed,ScaleShot,Protect,Haze|||F|||50|,,,,,Fairy]Sneasler||FocusSash|PoisonTouch|DireClaw,CloseCombat,FakeOut,Coaching|||M|||50|,,,,,Stellar]Kingambit||BlackGlasses|Defiant|KowtowCleave,SuckerPunch,SwordsDance,Protect|||F|||50|,,,,,Dark]Electabuzz||Eviolite|VitalSpirit|Thunderbolt,Taunt,Protect,FollowMe|||M|||50|,,,,,Ghost]Volcarona||Leftovers|FlameBody|HeatWave,TeraBlast,QuiverDance,Protect|||M|||50|,,,,,Fairy
|showteam|p2|Murkrow||Eviolite|Prankster|Tailwind,FoulPlay,Haze,SunnyDay|||M|||50|,,,,,Ghost]Ursaluna-Bloodmoon||LifeOrb|MindsEye|Protect,EarthPower,HyperVoice,BloodMoon|||M|||50|,,,,,Normal]Annihilape||SafetyGoggles|Defiant|Protect,BulkUp,RageFist,DrainPunch|||M|||50|,,,,,Fire]Sinistcha-Masterpiece||RockyHelmet|Hospitality|MatchaGotcha,RagePowder,TrickRoom,StrengthSap||||||50|,,,,,Water]Incineroar||AssaultVest|Intimidate|FakeOut,KnockOff,FlareBlitz,Uturn|||F|||50|,,,,,Grass]Gholdengo||ChoiceSpecs|GoodasGold|MakeItRain,ShadowBall,Thunderbolt,Trick||||||50|,,,,,Steel
|inactive|Battle timer is ON: inactive players will automatically lose when time's up. (requested by dont make me walk)
|inactive|dont make me walk has 60 seconds left.
|
|t:|1755859242
|teamsize|p1|4
|teamsize|p2|4
|start
|switch|p1a: Rillaboom|Rillaboom, L50, F|100/100
|switch|p1b: Kingambit|Kingambit, L50, F|100/100
|switch|p2a: Murkrow|Murkrow, L50, M, shiny|100/100
|switch|p2b: Ursaluna|Ursaluna-Bloodmoon, L50, M|100/100
|-fieldstart|move: Grassy Terrain|[from] ability: Grassy Surge|[of] p1a: Rillaboom
|turn|1
|inactive|R4ka has 30 seconds left.
|
|t:|1755859274
|-terastallize|p2b: Ursaluna|Normal
|move|p1b: Kingambit|Sucker Punch|p2b: Ursaluna
|-damage|p2b: Ursaluna|60/100
|move|p1a: Rillaboom|Wood Hammer|p2b: Ursaluna
|-damage|p2b: Ursaluna|5/100
|-damage|p1a: Rillaboom|83/100|[from] Recoil
|move|p2a: Murkrow|Foul Play|p1a: Rillaboom
|-crit|p1a: Rillaboom
|-damage|p1a: Rillaboom|17/100
|move|p2b: Ursaluna|Earth Power|p1b: Kingambit
|-supereffective|p1b: Kingambit
|-damage|p1b: Kingambit|0 fnt
|faint|p1b: Kingambit
|-damage|p2b: Ursaluna|0 fnt|[from] item: Life Orb
|faint|p2b: Ursaluna
|
|-heal|p1a: Rillaboom|23/100|[from] Grassy Terrain
|upkeep
|
|t:|1755859298
|switch|p2b: Annihilape|Annihilape, L50, M, shiny|100/100
|switch|p1b: Volcarona|Volcarona, L50, M|100/100
|turn|2
|
|t:|1755859306
|switch|p1a: Sneasler|Sneasler, L50, M|100/100
|move|p2a: Murkrow|Tailwind|p2a: Murkrow
|-sidestart|p2: dont make me walk|move: Tailwind
|move|p2b: Annihilape|Bulk Up|p2b: Annihilape
|-boost|p2b: Annihilape|atk|1
|-boost|p2b: Annihilape|def|1
|move|p1b: Volcarona|Quiver Dance|p1b: Volcarona
|-boost|p1b: Volcarona|spa|1
|-boost|p1b: Volcarona|spd|1
|-boost|p1b: Volcarona|spe|1
|
|upkeep
|turn|3
|
|t:|1755859327
|switch|p2a: Incineroar|Incineroar, L50, F, shiny|100/100
|-ability|p2a: Incineroar|Intimidate|boost
|-unboost|p1a: Sneasler|atk|1
|-unboost|p1b: Volcarona|atk|1
|-terastallize|p1b: Volcarona|Fairy
|move|p2b: Annihilape|Protect|p2b: Annihilape
|-singleturn|p2b: Annihilape|Protect
|move|p1a: Sneasler|Fake Out|p2a: Incineroar
|-damage|p2a: Incineroar|92/100
|move|p1b: Volcarona|Tera Blast|p2b: Annihilape|[anim] Tera Blast Fairy
|-activate|p2b: Annihilape|move: Protect
|
|-heal|p2a: Incineroar|97/100|[from] Grassy Terrain
|upkeep
|turn|4
|
|t:|1755859350
|move|p2a: Incineroar|Fake Out|p1a: Sneasler
|-damage|p1a: Sneasler|82/100
|move|p2b: Annihilape|Rage Fist|p1a: Sneasler
|-damage|p1a: Sneasler|36/100
|move|p1b: Volcarona|Quiver Dance|p1b: Volcarona
|-boost|p1b: Volcarona|spa|1
|-boost|p1b: Volcarona|spd|1
|-boost|p1b: Volcarona|spe|1
|cant|p1a: Sneasler|flinch
|
|-heal|p2a: Incineroar|100/100|[from] Grassy Terrain
|-heal|p1a: Sneasler|42/100|[from] Grassy Terrain
|upkeep
|turn|5
|inactive|R4ka has 30 seconds left.
|inactive|dont make me walk has 30 seconds left.
|
|t:|1755859382
|switch|p1a: Rillaboom|Rillaboom, L50, F|23/100
|move|p2b: Annihilape|Protect|p2b: Annihilape
|-singleturn|p2b: Annihilape|Protect
|move|p1b: Volcarona|Heat Wave|p2a: Incineroar|[spread] p2a
|-activate|p2b: Annihilape|move: Protect
|-resisted|p2a: Incineroar
|-damage|p2a: Incineroar|75/100
|move|p2a: Incineroar|Flare Blitz|p1b: Volcarona
|-damage|p1b: Volcarona|32/100
|-damage|p2a: Incineroar|54/100|[from] Recoil
|
|-heal|p1b: Volcarona|39/100|[from] Grassy Terrain
|-heal|p1b: Volcarona|45/100|[from] item: Leftovers
|-heal|p2a: Incineroar|60/100|[from] Grassy Terrain
|-heal|p1a: Rillaboom|29/100|[from] Grassy Terrain
|-sideend|p2: dont make me walk|move: Tailwind
|-fieldend|move: Grassy Terrain
|upkeep
|turn|6
|
|t:|1755859405
|switch|p2a: Murkrow|Murkrow, L50, M, shiny|100/100
|move|p2b: Annihilape|Protect|p2b: Annihilape
|-singleturn|p2b: Annihilape|Protect
|move|p1a: Rillaboom|Fake Out|p2a: Murkrow
|-damage|p2a: Murkrow|86/100
|move|p1b: Volcarona|Tera Blast|p2b: Annihilape|[anim] Tera Blast Fairy
|-activate|p2b: Annihilape|move: Protect
|
|-heal|p1b: Volcarona|51/100|[from] item: Leftovers
|upkeep
|turn|7
|
|t:|1755859423
|move|p2a: Murkrow|Haze|p2a: Murkrow
|-clearallboost
|move|p2b: Annihilape|Drain Punch|p1a: Rillaboom
|-damage|p1a: Rillaboom|2/100
|move|p1b: Volcarona|Tera Blast|p2b: Annihilape|[anim] Tera Blast Fairy
|-supereffective|p2b: Annihilape
|-damage|p2b: Annihilape|28/100
|move|p1a: Rillaboom|Wood Hammer|p2b: Annihilape
|-damage|p2b: Annihilape|0 fnt
|faint|p2b: Annihilape
|-damage|p1a: Rillaboom|0 fnt|[from] Recoil
|faint|p1a: Rillaboom
|
|-heal|p1b: Volcarona|57/100|[from] item: Leftovers
|upkeep
|
|t:|1755859442
|switch|p2b: Incineroar|Incineroar, L50, F, shiny|60/100
|switch|p1a: Sneasler|Sneasler, L50, M|42/100
|-ability|p2b: Incineroar|Intimidate|boost
|-unboost|p1a: Sneasler|atk|1
|-unboost|p1b: Volcarona|atk|1
|turn|8
|
|t:|1755859464
|move|p1a: Sneasler|Fake Out|p2a: Murkrow
|-damage|p2a: Murkrow|75/100
|cant|p2a: Murkrow|flinch
|move|p1b: Volcarona|Tera Blast|p2a: Murkrow|[anim] Tera Blast Fairy
|-supereffective|p2a: Murkrow
|-damage|p2a: Murkrow|0 fnt
|faint|p2a: Murkrow
|move|p2b: Incineroar|Flare Blitz|p1a: Sneasler
|-damage|p1a: Sneasler|0 fnt
|faint|p1a: Sneasler
|-damage|p2b: Incineroar|49/100|[from] Recoil
|
|-heal|p1b: Volcarona|64/100|[from] item: Leftovers
|upkeep
|turn|9
|
|t:|1755859480
|move|p1b: Volcarona|Protect|p1b: Volcarona
|-singleturn|p1b: Volcarona|Protect
|move|p2b: Incineroar|Flare Blitz|p1b: Volcarona
|-activate|p1b: Volcarona|move: Protect
|
|-heal|p1b: Volcarona|70/100|[from] item: Leftovers
|upkeep
|turn|10
|
|t:|1755859492
|move|p1b: Volcarona|Quiver Dance|p1b: Volcarona
|-boost|p1b: Volcarona|spa|1
|-boost|p1b: Volcarona|spd|1
|-boost|p1b: Volcarona|spe|1
|move|p2b: Incineroar|Flare Blitz|p1b: Volcarona
|-damage|p1b: Volcarona|2/100
|-damage|p2b: Incineroar|28/100|[from] Recoil
|
|-heal|p1b: Volcarona|8/100|[from] item: Leftovers
|upkeep
|turn|11
|
|t:|1755859502
|move|p1b: Volcarona|Protect|p1b: Volcarona
|-singleturn|p1b: Volcarona|Protect
|move|p2b: Incineroar|Flare Blitz|p1b: Volcarona
|-activate|p1b: Volcarona|move: Protect
|
|-heal|p1b: Volcarona|14/100|[from] item: Leftovers
|upkeep
|turn|12
|
|t:|1755859511
|move|p1b: Volcarona|Tera Blast|p2b: Incineroar|[anim] Tera Blast Fairy
|-damage|p2b: Incineroar|0 fnt
|faint|p2b: Incineroar
|
|win|R4ka
|raw|R4ka's rating: 1143 → 1181(+38 for winning)
|raw|dont make me walk's rating: 1349 → 1318(-31 for losing)
