|j|☆washingtongargacha
|j|☆MoonEnthusiast
|html|washingtongargachaMoonEnthusiast    
|uhtml|bestof|Game 2 of a best-of-3
|t:|1757719984
|gametype|doubles
|player|p1|washingtongargacha|101|1175
|player|p2|MoonEnthusiast|parasollady|1297
|gen|9
|tier|[Gen 9] VGC 2025 Reg H (Bo3)
|rated|
|rule|Species Clause: Limit one of each Pokémon
|rule|Item Clause: Limit 1 of each item
|clearpoke
|poke|p1|Talonflame, L50, M|
|poke|p1|Gholdengo, L50|
|poke|p1|Dragonite, L50, M|
|poke|p1|Archaludon, L50, M|
|poke|p1|Tyranitar, L50, F|
|poke|p1|Garchomp, L50, F|
|poke|p2|Primarina, L50, M|
|poke|p2|Gothitelle, L50, F|
|poke|p2|Amoonguss, L50, F|
|poke|p2|Incineroar, L50, M|
|poke|p2|Ursaluna-Bloodmoon, L50, M|
|poke|p2|Volcarona, L50, F|
|teampreview|4
|showteam|p1|Talonflame||CovertCloak|GaleWings|Tailwind,DualWingbeat,Taunt,FlareBlitz|||M|||50|,,,,,Stellar]Gholdengo||LifeOrb|GoodasGold|MakeItRain,NastyPlot,ShadowBall,Protect||||||50|,,,,,Steel]Dragonite||LoadedDice|Multiscale|ScaleShot,IceSpinner,Haze,Protect|||M|||50|,,,,,Steel]Archaludon||PowerHerb|Sturdy|FlashCannon,ElectroShot,DracoMeteor,Protect|||M|||50|,,,,,Flying]Tyranitar||AssaultVest|SandStream|KnockOff,RockSlide,TeraBlast,LowKick|||F|||50|,,,,,Flying]Garchomp||ClearAmulet|RoughSkin|DragonClaw,StompingTantrum,Earthquake,Protect|||F|||50|,,,,,Steel
|showteam|p2|Primarina||SitrusBerry|LiquidVoice|Protect,HyperVoice,Moonblast,PerishSong|||M|||50|,,,,,Steel]Gothitelle||MentalHerb|ShadowTag|Protect,Psychic,TrickRoom,FakeOut|||F|||50|,,,,,Water]Amoonguss||RockyHelmet|Regenerator|Protect,PollenPuff,RagePowder,Spore|||F|||50|,,,,,Psychic]Incineroar||SafetyGoggles|Intimidate|Protect,KnockOff,PartingShot,FakeOut|||M|||50|,,,,,Ghost]Ursaluna-Bloodmoon||LifeOrb|MindsEye|Protect,HyperVoice,BloodMoon,EarthPower|||M|||50|,,,,,Normal]Volcarona||CovertCloak|FlameBody|Protect,Flamethrower,BugBuzz,QuiverDance|||F|||50|,,,,,Fairy
|inactive|Battle timer is ON: inactive players will automatically lose when time's up. (requested by MoonEnthusiast)
|inactive|MoonEnthusiast has 60 seconds left.
|
|t:|1757720016
|teamsize|p1|4
|teamsize|p2|4
|start
|switch|p1a: Talonflame|Talonflame, L50, M|100/100
|switch|p1b: Gholdengo|Gholdengo, L50|100/100
|switch|p2a: Gothitelle|Gothitelle, L50, F|100/100
|switch|p2b: Primarina|Primarina, L50, M|100/100
|turn|1
|
|t:|1757720036
|-terastallize|p2a: Gothitelle|Water
|move|p1a: Talonflame|Taunt|p2b: Primarina
|-start|p2b: Primarina|move: Taunt
|move|p1b: Gholdengo|Make It Rain|p2b: Primarina|[spread] p2a,p2b
|-resisted|p2a: Gothitelle
|-damage|p2a: Gothitelle|75/100
|-damage|p2b: Primarina|45/100
|-unboost|p1b: Gholdengo|spa|1
|-enditem|p2b: Primarina|Sitrus Berry|[eat]
|-heal|p2b: Primarina|70/100|[from] item: Sitrus Berry
|-damage|p1b: Gholdengo|91/100|[from] item: Life Orb
|move|p2b: Primarina|Hyper Voice|p1a: Talonflame|[spread] p1a,p1b
|-supereffective|p1a: Talonflame
|-damage|p1a: Talonflame|0 fnt
|-damage|p1b: Gholdengo|46/100
|faint|p1a: Talonflame
|move|p2a: Gothitelle|Trick Room|p2a: Gothitelle
|-fieldstart|move: Trick Room|[of] p2a: Gothitelle
|
|upkeep
|
|t:|1757720053
|switch|p1a: Tyranitar|Tyranitar, L50, F|100/100
|-weather|Sandstorm|[from] ability: Sand Stream|[of] p1a: Tyranitar
|turn|2
|
|t:|1757720075
|-terastallize|p1a: Tyranitar|Flying
|move|p2a: Gothitelle|Protect|p2a: Gothitelle
|-singleturn|p2a: Gothitelle|Protect
|move|p2b: Primarina|Moonblast|p1a: Tyranitar
|-damage|p1a: Tyranitar|69/100
|move|p1a: Tyranitar|Low Kick|p2b: Primarina
|-resisted|p2b: Primarina
|-damage|p2b: Primarina|57/100
|move|p1b: Gholdengo|Make It Rain|p2a: Gothitelle|[spread] p2b
|-activate|p2a: Gothitelle|move: Protect
|-damage|p2b: Primarina|19/100
|-unboost|p1b: Gholdengo|spa|1
|-damage|p1b: Gholdengo|36/100|[from] item: Life Orb
|
|-weather|Sandstorm|[upkeep]
|-damage|p2b: Primarina|13/100|[from] Sandstorm
|-damage|p2a: Gothitelle|69/100|[from] Sandstorm
|-damage|p1a: Tyranitar|63/100|[from] Sandstorm
|upkeep
|turn|3
|
|t:|1757720097
|move|p1b: Gholdengo|Protect|p1b: Gholdengo
|-singleturn|p1b: Gholdengo|Protect
|move|p2b: Primarina|Moonblast|p1a: Tyranitar
|-damage|p1a: Tyranitar|32/100
|move|p2a: Gothitelle|Psychic|p1a: Tyranitar
|-damage|p1a: Tyranitar|14/100
|move|p1a: Tyranitar|Knock Off|p2a: Gothitelle
|-damage|p2a: Gothitelle|16/100
|-enditem|p2a: Gothitelle|Mental Herb|[from] move: Knock Off|[of] p1a: Tyranitar
|
|-weather|Sandstorm|[upkeep]
|-damage|p2b: Primarina|7/100|[from] Sandstorm
|-damage|p2a: Gothitelle|10/100|[from] Sandstorm
|-damage|p1a: Tyranitar|8/100|[from] Sandstorm
|-end|p2b: Primarina|move: Taunt
|upkeep
|turn|4
|
|t:|1757720117
|switch|p2a: Incineroar|Incineroar, L50, M|100/100
|-ability|p2a: Incineroar|Intimidate|boost
|-unboost|p1a: Tyranitar|atk|1
|-unboost|p1b: Gholdengo|atk|1
|move|p2b: Primarina|Hyper Voice|p1b: Gholdengo|[spread] p1a,p1b
|-damage|p1a: Tyranitar|0 fnt
|-damage|p1b: Gholdengo|0 fnt
|faint|p1a: Tyranitar
|faint|p1b: Gholdengo
|
|-weather|Sandstorm|[upkeep]
|-damage|p2b: Primarina|0 fnt|[from] Sandstorm
|faint|p2b: Primarina
|upkeep
|
|t:|1757720128
|switch|p2b: Ursaluna|Ursaluna-Bloodmoon, L50, M|100/100
|switch|p1b: Garchomp|Garchomp, L50, F|100/100
|turn|5
|
|t:|1757720135
|switch|p2a: Gothitelle|Gothitelle, L50, F, tera:Water|10/100
|move|p1b: Garchomp|Protect|p1b: Garchomp
|-singleturn|p1b: Garchomp|Protect
|move|p2b: Ursaluna|Blood Moon|p1b: Garchomp
|-activate|p1b: Garchomp|move: Protect
|
|-weather|Sandstorm|[upkeep]
|-damage|p2a: Gothitelle|3/100|[from] Sandstorm
|-fieldend|move: Trick Room
|upkeep
|turn|6
|-message|washingtongargacha forfeited.
|
|win|MoonEnthusiast
|raw|washingtongargacha's rating: 1175 → 1158(-17 for losing)
|raw|MoonEnthusiast's rating: 1297 → 1314(+17 for winning)
