|j|☆joguisolo
|j|☆lunakikemaster
|html|joguisololunakikemaster    
|uhtml|bestof|Game 1 of a best-of-3
|t:|1785694840
|gametype|doubles
|player|p1|joguisolo|koga|
|player|p2|lunakikemaster|102|
|gen|9
|tier|[Gen 9 Champions] VGC 2026 Reg M-B (Bo3)
|rule|Species Clause: Limit one of each Pokémon
|rule|Item Clause: Limit 1 of each item
|clearpoke
|poke|p1|Oranguru, L50, F|
|poke|p1|Rhyperior, L50, M|
|poke|p1|Tsareena, L50, F|
|poke|p1|Tyranitar, L50, F|
|poke|p1|Armarouge, L50, F|
|poke|p1|Gardevoir, L50, F|
|poke|p2|Metagross, L50|
|poke|p2|Whimsicott, L50, F|
|poke|p2|Aerodactyl, L50, M|
|poke|p2|Arcanine, L50, F|
|poke|p2|Greninja, L50, F|
|poke|p2|Raichu, L50, M|
|teampreview|4
|showteam|p1|Oranguru||MentalHerb|InnerFocus|TrickRoom,Instruct,Psychic,Protect|Sassy||F|||50|]Rhyperior||MuscleBand|SolidRock|RockSlide,HighHorsepower,IcePunch,Protect|Brave||M|||50|]Tsareena||MiracleSeed|QueenlyMajesty|PowerWhip,TripleAxel,HelpingHand,Protect|Brave||F|||50|]Tyranitar||Tyranitarite|SandStream|RockSlide,Crunch,LowKick,Protect|Adamant||F|||50|]Armarouge||Charcoal|FlashFire|ArmorCannon,ExpandingForce,WideGuard,Protect|Quiet||F|||50|]Gardevoir||Gardevoirite|Trace|HyperVoice,Psychic,Protect,MysticalFire|Quiet||F|||50|
|showteam|p2|Metagross||Metagrossite|ClearBody|BodyPress,IcePunch,IronHead,Protect|Jolly|||||50|]Whimsicott||FocusSash|Prankster|Moonblast,SunnyDay,Tailwind,Tickle|Timid||F|||50|]Aerodactyl||WideLens|RockHead|RockSlide,Protect,Tailwind,WideGuard|Jolly||M|||50|]Arcanine||SitrusBerry|Intimidate|FlareBlitz,Protect,Snarl,WillOWisp|Adamant||F|||50|]Greninja||LifeOrb|Torrent|DarkPulse,HydroPump,IceBeam,Protect|Timid||F|||50|]Raichu||ShucaBerry|Static|FakeOut,VoltSwitch,Protect,ZapCannon|Timid||M|||50|
|j| PorygonTheBot
|c| PorygonTheBot|glhf :)
|
|t:|1785694946
|teamsize|p1|4
|teamsize|p2|4
|start
|switch|p1a: Oranguru|Oranguru, L50, F|100/100
|switch|p1b: Tsareena|Tsareena, L50, F|100/100
|switch|p2a: Greninja|Greninja, L50, F|100/100
|switch|p2b: Whimsicott|Whimsicott, L50, F|100/100
|turn|1
|
|t:|1785694977
|move|p2b: Whimsicott|Tailwind|p2b: Whimsicott
|-sidestart|p2: lunakikemaster|move: Tailwind
|move|p2a: Greninja|Dark Pulse|p1a: Oranguru
|-supereffective|p1a: Oranguru|1
|-damage|p1a: Oranguru|43/100
|-damage|p2a: Greninja|90/100|[from] item: Life Orb
|move|p1b: Tsareena|Power Whip|p2a: Greninja
|-supereffective|p2a: Greninja|1
|-damage|p2a: Greninja|0 fnt
|faint|p2a: Greninja
|move|p1a: Oranguru|Trick Room|p1a: Oranguru
|-fieldstart|move: Trick Room|[of] p1a: Oranguru
|
|upkeep
|
|t:|1785694991
|switch|p2a: Metagross|Metagross, L50|100/100
|turn|2
|
|t:|1785695038
|detailschange|p2a: Metagross|Metagross-Mega, L50
|-mega|p2a: Metagross|Metagross|Metagrossite
|move|p1a: Oranguru|Instruct|p1b: Tsareena
|-singleturn|p1b: Tsareena|move: Instruct|[of] p1a: Oranguru
|move|p1b: Tsareena|Power Whip|p2a: Metagross
|-resisted|p2a: Metagross|1
|-damage|p2a: Metagross|77/100
|move|p1b: Tsareena|Triple Axel|p2b: Whimsicott
|-supereffective|p2b: Whimsicott|1
|-damage|p2b: Whimsicott|78/100
|-supereffective|p2b: Whimsicott|1
|-damage|p2b: Whimsicott|37/100
|-supereffective|p2b: Whimsicott|1
|-damage|p2b: Whimsicott|0 fnt
|faint|p2b: Whimsicott
|-hitcount|p2: Whimsicott|3
|move|p2a: Metagross|Ice Punch|p1b: Tsareena
|-supereffective|p1b: Tsareena|1
|-damage|p1b: Tsareena|36/100
|
|upkeep
|
|t:|1785695058
|switch|p2b: Arcanine|Arcanine, L50, F|100/100
|-ability|p2b: Arcanine|Intimidate|boost
|-fail|p1a: Oranguru|unboost|Attack|[from] ability: Inner Focus|[of] p1a: Oranguru
|-unboost|p1b: Tsareena|atk|1
|turn|3
|
|t:|1785695146
|move|p1b: Tsareena|Helping Hand|p1a: Oranguru
|-singleturn|p1a: Oranguru|Helping Hand|[of] p1b: Tsareena
|move|p1a: Oranguru|Psychic|p2a: Metagross
|-resisted|p2a: Metagross|2
|-damage|p2a: Metagross|67/100
|move|p2b: Arcanine|Snarl|p1a: Oranguru|[spread] p1a,p1b
|-supereffective|p1a: Oranguru|1
|-damage|p1a: Oranguru|31/100
|-damage|p1b: Tsareena|27/100
|-unboost|p1a: Oranguru|spa|1
|-unboost|p1b: Tsareena|spa|1
|move|p2a: Metagross|Ice Punch|p1b: Tsareena
|-supereffective|p1b: Tsareena|1
|-damage|p1b: Tsareena|0 fnt
|faint|p1b: Tsareena
|
|upkeep
|
|t:|1785695177
|switch|p1b: Gardevoir|Gardevoir, L50, F|100/100
|-ability|p1b: Gardevoir|Intimidate|Trace|[from] ability: Trace|[of] p2b: Arcanine
|-ability|p1b: Gardevoir|Intimidate|boost
|-unboost|p2a: Metagross|atk|1
|-unboost|p2b: Arcanine|atk|1
|turn|4
|
|t:|1785695191
|detailschange|p1b: Gardevoir|Gardevoir-Mega, L50, F
|-mega|p1b: Gardevoir|Gardevoir|Gardevoirite
|move|p1a: Oranguru|Instruct||[still]
|-fail|p1a: Oranguru
|move|p1b: Gardevoir|Hyper Voice|p2a: Metagross|[spread] p2a,p2b
|-resisted|p2a: Metagross|1
|-resisted|p2b: Arcanine|1
|-damage|p2a: Metagross|43/100
|-damage|p2b: Arcanine|68/100
|move|p2b: Arcanine|Snarl|p1a: Oranguru|[spread] p1a,p1b
|-supereffective|p1a: Oranguru|1
|-damage|p1a: Oranguru|21/100
|-damage|p1b: Gardevoir|93/100
|-unboost|p1a: Oranguru|spa|1
|-unboost|p1b: Gardevoir|spa|1
|move|p2a: Metagross|Iron Head|p1b: Gardevoir
|-supereffective|p1b: Gardevoir|1
|-damage|p1b: Gardevoir|1/100
|
|-sideend|p2: lunakikemaster|move: Tailwind
|upkeep
|turn|5
|
|t:|1785695228
|move|p2a: Metagross|Protect|p2a: Metagross
|-singleturn|p2a: Metagross|Protect
|move|p1a: Oranguru|Instruct|p1b: Gardevoir
|-singleturn|p1b: Gardevoir|move: Instruct|[of] p1a: Oranguru
|move|p1b: Gardevoir|Hyper Voice|p2b: Arcanine|[spread] p2b
|-activate|p2a: Metagross|move: Protect
|-resisted|p2b: Arcanine|1
|-damage|p2b: Arcanine|47/100
|-enditem|p2b: Arcanine|Sitrus Berry|[eat]
|-heal|p2b: Arcanine|72/100|[from] item: Sitrus Berry
|move|p1b: Gardevoir|Mystical Fire|p2a: Metagross
|-activate|p2a: Metagross|move: Protect
|move|p2b: Arcanine|Snarl|p1b: Gardevoir|[spread] p1a,p1b
|-supereffective|p1a: Oranguru|1
|-damage|p1a: Oranguru|11/100
|-damage|p1b: Gardevoir|0 fnt
|-unboost|p1a: Oranguru|spa|1
|faint|p1b: Gardevoir
|
|-fieldend|move: Trick Room
|upkeep
|
|t:|1785695246
|switch|p1b: Rhyperior|Rhyperior, L50, M|100/100
|turn|6
|
|t:|1785695287
|move|p1b: Rhyperior|Protect|p1b: Rhyperior
|-singleturn|p1b: Rhyperior|Protect
|move|p2a: Metagross|Iron Head|p1b: Rhyperior
|-activate|p1b: Rhyperior|move: Protect
|move|p2b: Arcanine|Snarl|p1a: Oranguru|[spread] p1a
|-activate|p1b: Rhyperior|move: Protect
|-supereffective|p1a: Oranguru|1
|-damage|p1a: Oranguru|1/100
|-unboost|p1a: Oranguru|spa|1
|move|p1a: Oranguru|Trick Room|p1a: Oranguru
|-fieldstart|move: Trick Room|[of] p1a: Oranguru
|
|upkeep
|turn|7
|
|t:|1785695331
|move|p1b: Rhyperior|High Horsepower|p2a: Metagross
|-supereffective|p2a: Metagross|1
|-damage|p2a: Metagross|0 fnt
|faint|p2a: Metagross
|move|p1a: Oranguru|Instruct|p1b: Rhyperior
|-singleturn|p1b: Rhyperior|move: Instruct|[of] p1a: Oranguru
|move|p1b: Rhyperior|High Horsepower|p2b: Arcanine
|-supereffective|p2b: Arcanine|1
|-damage|p2b: Arcanine|0 fnt
|faint|p2b: Arcanine
|
|win|joguisolo
