|j|☆whatdoesalt+f4do
|j|☆testingqueen001
|html|whatdoesalt+f4dotestingqueen001    
|uhtml|bestof|Game 1 of a best-of-3
|t:|1786144077
|gametype|doubles
|player|p1|whatdoesalt+f4do|170|1178
|player|p2|testingqueen001|fantina|1124
|gen|9
|tier|[Gen 9 Champions] VGC 2026 Reg M-B (Bo3)
|rated|
|rule|Species Clause: Limit one of each Pokémon
|rule|Item Clause: Limit 1 of each item
|clearpoke
|poke|p1|Milotic, L50, M, shiny|
|poke|p1|Delphox, L50, M, shiny|
|poke|p1|Staraptor, L50, M, shiny|
|poke|p1|Whimsicott, L50, M, shiny|
|poke|p1|Tsareena, L50, F, shiny|
|poke|p1|Maushold-Four, L50, shiny|
|poke|p2|Dragonite, L50, M|
|poke|p2|Metagross, L50|
|poke|p2|Whimsicott, L50, F|
|poke|p2|Farigiraf, L50, M|
|poke|p2|Sneasler, L50, F|
|poke|p2|Primarina, L50, M|
|teampreview|4
|showteam|p1|Milotic||Leftovers|Competitive|IcyWind,Scald,LifeDew,Protect|Bold||M|||50|]Delphox||Delphoxite|Blaze|HeatWave,Psychic,Substitute,Protect|Modest||M|||50|]Staraptor||Staraptite|Intimidate|Roost,Protect,BraveBird,CloseCombat|Adamant||M|||50|]Whimsicott||FairyFeather|Prankster|Moonblast,Tailwind,Charm,LightScreen|Modest||M|||50|]Tsareena||FocusSash|QueenlyMajesty|TropKick,TripleAxel,KnockOff,Protect|Adamant||F|||50|]Maushold-Four||SitrusBerry|FriendGuard|SuperFang,FollowMe,Taunt,HelpingHand|Impish|||||50|
|showteam|p2|Dragonite||Dragoninite|Multiscale|DragonPulse,HeatWave,Thunderbolt,Roost|Modest||M|||50|]Metagross||Metagrossite|ClearBody|IronHead,PsychicFangs,BodyPress,Protect|Jolly|||||50|]Whimsicott||FocusSash|Prankster|Moonblast,Tailwind,Encore,Protect|Timid||F|||50|]Farigiraf||SitrusBerry|ArmorTail|TwinBeam,TrickRoom,HelpingHand,Protect|Quiet||M|||50|]Sneasler||WhiteHerb|Unburden|CloseCombat,DireClaw,FakeOut,Coaching|Jolly||F|||50|]Primarina||LifeOrb|LiquidVoice|HyperVoice,Moonblast,Protect,CalmMind|Modest||M|||50|
|inactive|Battle timer is ON: inactive players will automatically lose when time's up. (requested by testingqueen001)
|inactive|whatdoesalt+f4do also wants the timer to be on.
|inactive|testingqueen001 has 60 seconds left.
|inactive|testingqueen001 has 30 seconds left.
|
|t:|1786144137
|teamsize|p1|4
|teamsize|p2|4
|start
|switch|p1a: Tsareena|Tsareena, L50, F, shiny|100/100
|switch|p1b: Whimsicott|Whimsicott, L50, M, shiny|100/100
|switch|p2a: Sneasler|Sneasler, L50, F|100/100
|switch|p2b: Primarina|Primarina, L50, M|100/100
|turn|1
|
|t:|1786144158
|move|p2b: Primarina|Protect|p2b: Primarina
|-singleturn|p2b: Primarina|Protect
|move|p2a: Sneasler|Dire Claw|p1a: Tsareena
|-supereffective|p1a: Tsareena|1
|-enditem|p1a: Tsareena|Focus Sash
|-damage|p1a: Tsareena|1/100
|move|p1b: Whimsicott|Moonblast|p2a: Sneasler
|-damage|p2a: Sneasler|44/100
|move|p1a: Tsareena|Trop Kick|p2b: Primarina
|-activate|p2b: Primarina|move: Protect
|
|upkeep
|turn|2
|
|t:|1786144175
|move|p1b: Whimsicott|Tailwind|p1b: Whimsicott
|-sidestart|p1: whatdoesalt+f4do|move: Tailwind
|move|p1a: Tsareena|Trop Kick|p2b: Primarina
|-supereffective|p2b: Primarina|1
|-damage|p2b: Primarina|0 fnt
|faint|p2b: Primarina
|move|p2a: Sneasler|Dire Claw|p1a: Tsareena
|-supereffective|p1a: Tsareena|1
|-damage|p1a: Tsareena|0 fnt
|faint|p1a: Tsareena
|
|upkeep
|
|t:|1786144192
|switch|p1a: Milotic|Milotic, L50, M, shiny|100/100
|switch|p2b: Whimsicott|Whimsicott, L50, F|100/100
|turn|3
|
|t:|1786144211
|move|p1b: Whimsicott|Charm|p2a: Sneasler
|-unboost|p2a: Sneasler|atk|2
|-enditem|p2a: Sneasler|White Herb
|-clearnegativeboost|p2a: Sneasler|[silent]
|move|p2b: Whimsicott|Tailwind|p2b: Whimsicott
|-sidestart|p2: testingqueen001|move: Tailwind
|move|p2a: Sneasler|Dire Claw|p1b: Whimsicott
|-supereffective|p1b: Whimsicott|2
|-damage|p1b: Whimsicott|0 fnt
|faint|p1b: Whimsicott
|move|p1a: Milotic|Icy Wind|p2a: Sneasler|[spread] p2a
|-miss|p1a: Milotic|p2b: Whimsicott
|-damage|p2a: Sneasler|30/100
|-unboost|p2a: Sneasler|spe|1
|
|upkeep
|
|t:|1786144220
|switch|p1b: Staraptor|Staraptor, L50, M, shiny|100/100
|-ability|p1b: Staraptor|Intimidate|boost
|-unboost|p2a: Sneasler|atk|1
|-unboost|p2b: Whimsicott|atk|1
|turn|4
|
|t:|1786144236
|detailschange|p1b: Staraptor|Staraptor-Mega, L50, M, shiny
|-mega|p1b: Staraptor|Staraptor|Staraptite
|move|p2a: Sneasler|Dire Claw|p1a: Milotic
|-damage|p1a: Milotic|78/100
|move|p2b: Whimsicott|Moonblast|p1b: Staraptor
|-supereffective|p1b: Staraptor|1
|-damage|p1b: Staraptor|27/100
|move|p1b: Staraptor|Close Combat|p2a: Sneasler
|-resisted|p2a: Sneasler|1
|-damage|p2a: Sneasler|0 fnt
|-boost|p1b: Staraptor|def|1
|-boost|p1b: Staraptor|spd|1
|faint|p2a: Sneasler
|move|p1a: Milotic|Icy Wind|p2b: Whimsicott
|-supereffective|p2b: Whimsicott|1
|-damage|p2b: Whimsicott|54/100
|-unboost|p2b: Whimsicott|spe|1
|
|-heal|p1a: Milotic|84/100|[from] item: Leftovers
|upkeep
|
|t:|1786144252
|switch|p2a: Dragonite|Dragonite, L50, M|100/100
|turn|5
|inactive|testingqueen001 has 30 seconds left.
|inactive|whatdoesalt+f4do has 30 seconds left.
|inactive|whatdoesalt+f4do has 20 seconds left.
|inactive|whatdoesalt+f4do has 15 seconds left.
|inactive|whatdoesalt+f4do has 10 seconds left.
|inactive|whatdoesalt+f4do has 5 seconds left.
|
|t:|1786144308
|detailschange|p2a: Dragonite|Dragonite-Mega, L50, M
|-mega|p2a: Dragonite|Dragonite|Dragoninite
|move|p1b: Staraptor|Protect|p1b: Staraptor
|-singleturn|p1b: Staraptor|Protect
|move|p2a: Dragonite|Thunderbolt|p1a: Milotic
|-supereffective|p1a: Milotic|1
|-damage|p1a: Milotic|31/100
|move|p2b: Whimsicott|Moonblast|p1a: Milotic
|-damage|p1a: Milotic|7/100
|move|p1a: Milotic|Icy Wind|p2b: Whimsicott|[spread] p2a,p2b
|-supereffective|p2a: Dragonite|2
|-supereffective|p2b: Whimsicott|1
|-damage|p2a: Dragonite|84/100
|-damage|p2b: Whimsicott|20/100r
|-unboost|p2a: Dragonite|spe|1
|-unboost|p2b: Whimsicott|spe|1
|
|-heal|p1a: Milotic|13/100|[from] item: Leftovers
|-sideend|p1: whatdoesalt+f4do|move: Tailwind
|upkeep
|turn|6
|inactive|whatdoesalt+f4do has 30 seconds left.
|
|t:|1786144333
|move|p2a: Dragonite|Thunderbolt|p1a: Milotic
|-supereffective|p1a: Milotic|1
|-damage|p1a: Milotic|0 fnt
|faint|p1a: Milotic
|move|p2b: Whimsicott|Moonblast|p1b: Staraptor
|-supereffective|p1b: Staraptor|1
|-damage|p1b: Staraptor|0 fnt
|faint|p1b: Staraptor
|
|win|testingqueen001
||whatdoesalt+f4do is ready for game 2.
||testingqueen001 is ready for game 2.
|uhtml|next|Next: Game 2 of 3
