|j|☆jANMxRin
|j|☆nillythekid
|html|jANMxRinnillythekid    
|uhtml|bestof|Game 2 of a best-of-3
|t:|1783536055
|gametype|doubles
|player|p1|jANMxRin|2|
|player|p2|nillythekid|hiker-gen4|
|gen|9
|tier|[Gen 9 Champions] VGC 2026 Reg M-B (Bo3)
|rule|Species Clause: Limit one of each Pokémon
|rule|Item Clause: Limit 1 of each item
|clearpoke
|poke|p1|Delphox, L50, F|
|poke|p1|Blastoise, L50, F|
|poke|p1|Incineroar, L50, F|
|poke|p1|Sneasler, L50, M|
|poke|p1|Sinistcha, L50|
|poke|p1|Kingambit, L50, M|
|poke|p2|Sinistcha, L50|
|poke|p2|Incineroar, L50, M|
|poke|p2|Milotic, L50, M|
|poke|p2|Raichu, L50, F|
|poke|p2|Floette-Eternal, L50, F|
|poke|p2|Ceruledge, L50, F|
|teampreview|4
|showteam|p1|Delphox||Delphoxite|Blaze|HeatWave,Psyshock,Protect,NastyPlot|Timid||F|||50|]Blastoise||Blastoisinite|Torrent|WaterSpout,DarkPulse,ShellSmash,Protect|Timid||F|||50|]Incineroar||SitrusBerry|Intimidate|FlareBlitz,FakeOut,PartingShot,HelpingHand|Careful||F|||50|]Sneasler||FocusSash|PoisonTouch|PoisonJab,CloseCombat,FakeOut,QuickGuard|Jolly||M|||50|]Sinistcha||KasibBerry|Hospitality|MatchaGotcha,RagePowder,Protect,LifeDew|Bold|||||50|]Kingambit||BlackGlasses|Defiant|KowtowCleave,SuckerPunch,SwordsDance,Protect|Adamant||M|||50|
|showteam|p2|Sinistcha||KasibBerry|Hospitality|MatchaGotcha,LifeDew,RagePowder,Protect|Relaxed|||||50|]Incineroar||SitrusBerry|Intimidate|FlareBlitz,ThroatChop,FakeOut,PartingShot|Impish||M|||50|]Milotic||Leftovers|Competitive|MuddyWater,Coil,Hypnosis,Protect|Calm||M|||50|]Raichu||RaichuniteY|LightningRod|ZapCannon,FocusBlast,FakeOut,Protect|Timid||F|||50|]Floette-Eternal||Floettite|FlowerVeil|DazzlingGleam,DrainingKiss,CalmMind,Protect|Timid||F|||50|]Ceruledge||ColburBerry|FlashFire|BitterBlade,ShadowSneak,BulkUp,Protect|Adamant||F|||50|
|inactive|Battle timer is ON: inactive players will automatically lose when time's up. (requested by jANMxRin)
|inactive|nillythekid has 60 seconds left.
|
|t:|1783536106
|teamsize|p1|4
|teamsize|p2|4
|start
|switch|p1a: Blastoise|Blastoise, L50, F|100/100
|switch|p1b: Incineroar|Incineroar, L50, F|100/100
|switch|p2a: Milotic|Milotic, L50, M|100/100
|switch|p2b: Floette|Floette-Eternal, L50, F|100/100
|-ability|p1b: Incineroar|Intimidate|boost
|-unboost|p2a: Milotic|atk|1
|-ability|p2a: Milotic|Competitive|boost
|-boost|p2a: Milotic|spa|2
|-unboost|p2b: Floette|atk|1
|turn|1
|inactive|nillythekid has 30 seconds left.
|
|t:|1783536136
|switch|p2b: Incineroar|Incineroar, L50, M|100/100
|-ability|p2b: Incineroar|Intimidate|boost
|-unboost|p1a: Blastoise|atk|1
|-unboost|p1b: Incineroar|atk|1
|detailschange|p1a: Blastoise|Blastoise-Mega, L50, F
|-mega|p1a: Blastoise|Blastoise|Blastoisinite
|move|p1b: Incineroar|Fake Out|p2b: Incineroar
|-damage|p2b: Incineroar|94/100
|move|p1a: Blastoise|Shell Smash|p1a: Blastoise
|-unboost|p1a: Blastoise|def|1
|-unboost|p1a: Blastoise|spd|1
|-boost|p1a: Blastoise|atk|2
|-boost|p1a: Blastoise|spa|2
|-boost|p1a: Blastoise|spe|2
|move|p2a: Milotic|Coil|p2a: Milotic
|-boost|p2a: Milotic|atk|1
|-boost|p2a: Milotic|def|1
|-boost|p2a: Milotic|accuracy|1
|
|upkeep
|turn|2
|
|t:|1783536153
|switch|p1b: Sneasler|Sneasler, L50, M|100/100
|move|p1a: Blastoise|Protect|p1a: Blastoise
|-singleturn|p1a: Blastoise|Protect
|move|p2b: Incineroar|Fake Out|p1a: Blastoise
|-activate|p1a: Blastoise|move: Protect
|move|p2a: Milotic|Muddy Water|p1b: Sneasler|[spread] p1b
|-activate|p1a: Blastoise|move: Protect
|-damage|p1b: Sneasler|39/100
|
|upkeep
|turn|3
|
|t:|1783536176
|move|p1b: Sneasler|Fake Out|p2a: Milotic
|-damage|p2a: Milotic|92/100
|move|p1a: Blastoise|Water Spout|p2a: Milotic|[spread] p2a,p2b
|-resisted|p2a: Milotic|1
|-supereffective|p2b: Incineroar|1
|-damage|p2a: Milotic|56/100
|-damage|p2b: Incineroar|0 fnt
|faint|p2b: Incineroar
|cant|p2a: Milotic|flinch
|
|-heal|p2a: Milotic|62/100|[from] item: Leftovers
|upkeep
|
|t:|1783536184
|switch|p2b: Sinistcha|Sinistcha, L50|100/100
|-heal|p2a: Milotic|87/100|[from] ability: Hospitality|[of] p2b: Sinistcha
|turn|4
|
|t:|1783536196
|move|p1a: Blastoise|Protect|p1a: Blastoise
|-singleturn|p1a: Blastoise|Protect
|move|p1b: Sneasler|Poison Jab|p2a: Milotic
|-damage|p2a: Milotic|66/100
|-status|p2a: Milotic|psn
|move|p2a: Milotic|Muddy Water|p1b: Sneasler|[spread] p1b
|-activate|p1a: Blastoise|move: Protect
|-crit|p1b: Sneasler
|-damage|p1b: Sneasler|0 fnt
|faint|p1b: Sneasler
|move|p2b: Sinistcha|Matcha Gotcha|p1a: Blastoise
|-activate|p1a: Blastoise|move: Protect
|
|-heal|p2a: Milotic|72/100 psn|[from] item: Leftovers
|-damage|p2a: Milotic|59/100 psn|[from] psn
|upkeep
|
|t:|1783536213
|switch|p1b: Incineroar|Incineroar, L50, F|100/100
|-ability|p1b: Incineroar|Intimidate|boost
|-unboost|p2a: Milotic|atk|1
|-ability|p2a: Milotic|Competitive|boost
|-boost|p2a: Milotic|spa|2
|-unboost|p2b: Sinistcha|atk|1
|turn|5
|
|t:|1783536231
|move|p1b: Incineroar|Helping Hand|p1a: Blastoise
|-singleturn|p1a: Blastoise|Helping Hand|[of] p1b: Incineroar
|move|p1a: Blastoise|Water Spout|p2b: Sinistcha|[spread] p2a,p2b
|-resisted|p2a: Milotic|1
|-resisted|p2b: Sinistcha|1
|-damage|p2a: Milotic|5/100 psn
|-damage|p2b: Sinistcha|16/100
|move|p2a: Milotic|Muddy Water|p1a: Blastoise|[spread] p1a,p1b
|-resisted|p1a: Blastoise|1
|-supereffective|p1b: Incineroar|1
|-damage|p1a: Blastoise|50/100g
|-damage|p1b: Incineroar|0 fnt
|-unboost|p1a: Blastoise|accuracy|1
|faint|p1b: Incineroar
|move|p2b: Sinistcha|Matcha Gotcha|p1a: Blastoise
|-supereffective|p1a: Blastoise|1
|-damage|p1a: Blastoise|0 fnt
|-heal|p2b: Sinistcha|38/100|[from] drain|[of] p1a: Blastoise
|faint|p1a: Blastoise
|
|-heal|p2a: Milotic|11/100 psn|[from] item: Leftovers
|-damage|p2a: Milotic|0 fnt|[from] psn
|faint|p2a: Milotic
|upkeep
|
|t:|1783536250
|switch|p1a: Sinistcha|Sinistcha, L50|100/100
|switch|p2a: Floette|Floette-Eternal, L50, F|100/100
|turn|6
|-message|jANMxRin forfeited.
|
|win|nillythekid
