|j|☆capspungo
|j|☆TimeSkipVGC
|html|capspungoTimeSkipVGC    
|uhtml|bestof|Game 1 of a best-of-3
|t:|1757189051
|gametype|doubles
|player|p1|capspungo|266|1214
|player|p2|TimeSkipVGC|102|1354
|gen|9
|tier|[Gen 9] VGC 2025 Reg H (Bo3)
|rated|
|rule|Species Clause: Limit one of each Pokémon
|rule|Item Clause: Limit 1 of each item
|clearpoke
|poke|p1|Annihilape, L50, M|
|poke|p1|Dragonite, L50, M|
|poke|p1|Gholdengo, L50|
|poke|p1|Electabuzz, L50, F|
|poke|p1|Rillaboom, L50, F|
|poke|p1|Incineroar, L50, F|
|poke|p2|Pelipper, L50, F|
|poke|p2|Incineroar, L50, F|
|poke|p2|Archaludon, L50, M|
|poke|p2|Sinistcha, L50|
|poke|p2|Ursaluna, L50, M|
|poke|p2|Annihilape, L50, F|
|teampreview|4
|showteam|p1|Annihilape||FocusSash|Defiant|Taunt,CloseCombat,RageFist,Coaching|||M|||50|,,,,,Stellar]Dragonite||LoadedDice|Multiscale|Protect,ScaleShot,Haze,ExtremeSpeed|||M|||50|,,,,,Fairy]Gholdengo||SitrusBerry|GoodasGold|MakeItRain,ShadowBall,NastyPlot,Protect||||||50|,,,,,Dragon]Electabuzz||Eviolite|VitalSpirit|Protect,Electroweb,Thunderbolt,FollowMe|||F|||50|,,,,,Dragon]Rillaboom||AssaultVest|GrassySurge|FakeOut,WoodHammer,HighHorsepower,GrassyGlide|||F|||50|,,,,,Fire]Incineroar||MirrorHerb|Intimidate|FakeOut,PartingShot,FlareBlitz,KnockOff|||F|||50|,,,,,Ghost
|showteam|p2|Pelipper||FocusSash|Drizzle|Hurricane,WeatherBall,Tailwind,Protect|||F|||50|,,,,,Stellar]Incineroar||SafetyGoggles|Intimidate|KnockOff,FakeOut,Taunt,PartingShot|||F|||50|,,,,,Flying]Archaludon||AssaultVest|Stamina|ElectroShot,DragonPulse,FlashCannon,BodyPress|||M|||50|,,,,,Bug]Sinistcha||SitrusBerry|Hospitality|MatchaGotcha,RagePowder,LifeDew,TrickRoom||||||50|,,,,,Water]Ursaluna||FlameOrb|Guts|HeadlongRush,Facade,Earthquake,Protect|||M|||50|,,,,,Ghost]Annihilape||ChoiceScarf|Defiant|CloseCombat,RageFist,FinalGambit,Uturn|||F|||50|,,,,,Bug
|inactive|Battle timer is ON: inactive players will automatically lose when time's up. (requested by capspungo)
|
|t:|1757189106
|teamsize|p1|4
|teamsize|p2|4
|start
|switch|p1a: Annihilape|Annihilape, L50, M, shiny|100/100
|switch|p1b: Dragonite|Dragonite, L50, M|100/100
|switch|p2a: Annihilape|Annihilape, L50, F|100/100
|switch|p2b: Pelipper|Pelipper, L50, F|100/100
|-weather|RainDance|[from] ability: Drizzle|[of] p2b: Pelipper
|turn|1
|inactive|capspungo has 30 seconds left.
|
|t:|1757189136
|switch|p1b: Gholdengo|Gholdengo, L50|100/100
|move|p2a: Annihilape|U-turn|p1a: Annihilape
|-resisted|p1a: Annihilape
|-damage|p1a: Annihilape|95/100
|
|t:|1757189145
|switch|p2a: Archaludon|Archaludon, L50, M|100/100|[from] U-turn
|move|p1a: Annihilape|Taunt|p2b: Pelipper
|-start|p2b: Pelipper|move: Taunt
|move|p2b: Pelipper|Hurricane|p1a: Annihilape
|-supereffective|p1a: Annihilape
|-damage|p1a: Annihilape|0 fnt
|faint|p1a: Annihilape
|
|-weather|RainDance|[upkeep]
|upkeep
|
|t:|1757189155
|switch|p1a: Electabuzz|Electabuzz, L50, F|100/100
|turn|2
|
|t:|1757189170
|switch|p2b: Ursaluna|Ursaluna, L50, M, shiny|100/100
|move|p1a: Electabuzz|Electroweb|p2b: Ursaluna|[spread] p2a
|-immune|p2b: Ursaluna
|-resisted|p2a: Archaludon
|-damage|p2a: Archaludon|96/100
|-unboost|p2a: Archaludon|spe|1
|-ability|p2a: Archaludon|Stamina|boost
|-boost|p2a: Archaludon|def|1
|move|p1b: Gholdengo|Nasty Plot|p1b: Gholdengo
|-boost|p1b: Gholdengo|spa|2
|move|p2a: Archaludon|Electro Shot||[still]
|-prepare|p2a: Archaludon|Electro Shot
|-boost|p2a: Archaludon|spa|1
|-anim|p2a: Archaludon|Electro Shot|p1b: Gholdengo
|-damage|p1b: Gholdengo|36/100
|-enditem|p1b: Gholdengo|Sitrus Berry|[eat]
|-heal|p1b: Gholdengo|61/100|[from] item: Sitrus Berry
|
|-weather|RainDance|[upkeep]
|-status|p2b: Ursaluna|brn|[from] item: Flame Orb
|upkeep
|turn|3
|inactive|TimeSkipVGC has 30 seconds left.
|
|t:|1757189198
|-terastallize|p2a: Archaludon|Bug
|move|p1a: Electabuzz|Protect|p1a: Electabuzz
|-singleturn|p1a: Electabuzz|Protect
|move|p1b: Gholdengo|Protect|p1b: Gholdengo
|-singleturn|p1b: Gholdengo|Protect
|move|p2b: Ursaluna|Earthquake|p1a: Electabuzz|[spread] p2a
|-activate|p1a: Electabuzz|move: Protect
|-activate|p1b: Gholdengo|move: Protect
|-resisted|p2a: Archaludon
|-damage|p2a: Archaludon|81/100
|-ability|p2a: Archaludon|Stamina|boost
|-boost|p2a: Archaludon|def|1
|move|p2a: Archaludon|Electro Shot||[still]
|-prepare|p2a: Archaludon|Electro Shot
|-boost|p2a: Archaludon|spa|1
|-anim|p2a: Archaludon|Electro Shot|p1b: Gholdengo
|-activate|p1b: Gholdengo|move: Protect
|
|-weather|RainDance|[upkeep]
|-damage|p2b: Ursaluna|94/100 brn|[from] brn
|upkeep
|turn|4
|inactive|capspungo has 30 seconds left.
|inactive|capspungo has 20 seconds left.
|inactive|capspungo has 15 seconds left.
|
|t:|1757189241
|switch|p1a: Dragonite|Dragonite, L50, M|100/100
|move|p1b: Gholdengo|Shadow Ball|p2a: Archaludon
|-damage|p2a: Archaludon|31/100
|-ability|p2a: Archaludon|Stamina|boost
|-boost|p2a: Archaludon|def|1
|move|p2b: Ursaluna|Earthquake|p1b: Gholdengo|[spread] p2a,p1b
|-immune|p1a: Dragonite
|-resisted|p2a: Archaludon
|-supereffective|p1b: Gholdengo
|-damage|p2a: Archaludon|22/100
|-damage|p1b: Gholdengo|0 fnt
|-ability|p2a: Archaludon|Stamina|boost
|-boost|p2a: Archaludon|def|1
|faint|p1b: Gholdengo
|move|p2a: Archaludon|Dragon Pulse|p1a: Dragonite
|-supereffective|p1a: Dragonite
|-damage|p1a: Dragonite|13/100
|
|-weather|RainDance|[upkeep]
|-damage|p2b: Ursaluna|88/100 brn|[from] brn
|upkeep
|
|t:|1757189251
|switch|p1b: Electabuzz|Electabuzz, L50, F|100/100
|turn|5
|
|t:|1757189268
|move|p1b: Electabuzz|Thunderbolt|p2a: Archaludon
|-damage|p2a: Archaludon|2/100
|-ability|p2a: Archaludon|Stamina|boost
|-boost|p2a: Archaludon|def|1
|move|p1a: Dragonite|Scale Shot|p2a: Archaludon
|-damage|p2a: Archaludon|0 fnt
|faint|p2a: Archaludon
|-hitcount|p2: Archaludon|1
|-unboost|p1a: Dragonite|def|1
|-boost|p1a: Dragonite|spe|1
|move|p2b: Ursaluna|Facade|p1b: Electabuzz
|-damage|p1b: Electabuzz|0 fnt
|faint|p1b: Electabuzz
|
|-weather|none
|-damage|p2b: Ursaluna|82/100 brn|[from] brn
|upkeep
|-message|capspungo forfeited.
|
|win|TimeSkipVGC
|l|☆capspungo
|player|p1|
||capspungo is ready for game 2.
||TimeSkipVGC is ready for game 2.
|uhtml|next|Next: Game 2 of 3
