|j|☆emmmmmmn
|j|☆9ND-hjx-火神事务所
|html|emmmmmmn9ND-hjx-火神事务所    
|uhtml|bestof|Game 1 of a best-of-3
|t:|1757914338
|gametype|doubles
|player|p1|emmmmmmn|iris-gen5bw2|
|player|p2|9ND-hjx-火神事务所|1|
|gen|9
|tier|[Gen 9] VGC 2025 Reg H (Bo3)
|rule|Species Clause: Limit one of each Pokémon
|rule|Item Clause: Limit 1 of each item
|clearpoke
|poke|p1|Umbreon, L50, F|
|poke|p1|Jolteon, L50, F|
|poke|p1|Espeon, L50, F|
|poke|p1|Sylveon, L50, F|
|poke|p1|Flareon, L50, F|
|poke|p1|Vaporeon, L50, M|
|poke|p2|Gholdengo, L50|
|poke|p2|Incineroar, L50, F|
|poke|p2|Annihilape, L50, M|
|poke|p2|Rillaboom, L50, F|
|poke|p2|Dragonite, L50, M|
|poke|p2|Ursaluna-Bloodmoon, L50, M|
|teampreview|4
|showteam|p1|Umbreon||Leftovers|InnerFocus|Moonlight,Protect,FoulPlay,Yawn|||F|||50|,,,,,Fairy]Jolteon||ChoiceSpecs|VoltAbsorb|VoltSwitch,TeraBlast,ShadowBall,Thunder|||F|||50|,,,,,Water]Espeon||LightClay|MagicBounce|Reflect,TrickRoom,Yawn,LightScreen|||F|||50|,,,,,Normal]Sylveon||FairyFeather|Pixilate|ShadowBall,CalmMind,DazzlingGleam,Moonblast|||F|||50|,,,,,Steel]Flareon||FocusSash|FlashFire|FlareBlitz,QuickAttack,Endeavor,Trailblaze|||F|||50|,,,,,Grass]Vaporeon||SafetyGoggles|WaterAbsorb|Yawn,Haze,Scald,HelpingHand|||M|||50|,,,,,Ground
|showteam|p2|Gholdengo||LifeOrb|GoodasGold|MakeItRain,ShadowBall,NastyPlot,Protect||||||50|,,,,,Water]Incineroar||SitrusBerry|Intimidate|FakeOut,KnockOff,FlareBlitz,PartingShot|||F|||50|,,,,,Ghost]Annihilape||SafetyGoggles|Defiant|RageFist,CloseCombat,Taunt,FinalGambit|||M|||50|,,,,,Water]Rillaboom||AssaultVest|GrassySurge|FakeOut,WoodHammer,GrassyGlide,HighHorsepower|||F|||50|,,,,,Fire]Dragonite||LoadedDice|Multiscale|ScaleShot,Haze,Tailwind,Protect|||M|||50|,,,,,Steel]Ursaluna-Bloodmoon||FocusSash|MindsEye|BloodMoon,EarthPower,HyperVoice,Protect|||M|||50|,,,,,Normal
|c|☆9ND-hjx-火神事务所|我勒伊布队
|
|t:|1757914383
|teamsize|p1|4
|teamsize|p2|4
|start
|switch|p1a: Umbreon|Umbreon, L50, F, shiny|100/100
|switch|p1b: Jolteon|Jolteon, L50, F, shiny|100/100
|switch|p2a: Dragonite|Dragonite, L50, M|100/100
|switch|p2b: Gholdengo|Gholdengo, L50|100/100
|turn|1
|
|t:|1757914398
|move|p1b: Jolteon|Volt Switch|p2a: Dragonite
|-damage|p2a: Dragonite|74/100
|
|t:|1757914401
|switch|p1b: Vaporeon|Vaporeon, L50, M, shiny|100/100|[from] Volt Switch
|move|p2b: Gholdengo|Nasty Plot|p2b: Gholdengo
|-boost|p2b: Gholdengo|spa|2
|move|p2a: Dragonite|Tailwind|p2a: Dragonite
|-sidestart|p2: 9ND-hjx-火神事务所|move: Tailwind
|move|p1a: Umbreon|Yawn|p2a: Dragonite
|-start|p2a: Dragonite|move: Yawn|[of] p1a: Umbreon
|
|upkeep
|turn|2
|
|t:|1757914425
|switch|p2a: Rillaboom|Rillaboom, L50, F|100/100
|-fieldstart|move: Grassy Terrain|[from] ability: Grassy Surge|[of] p2a: Rillaboom
|move|p1a: Umbreon|Protect|p1a: Umbreon
|-singleturn|p1a: Umbreon|Protect
|move|p2b: Gholdengo|Nasty Plot|p2b: Gholdengo
|-boost|p2b: Gholdengo|spa|2
|move|p1b: Vaporeon|Haze|p1b: Vaporeon
|-clearallboost
|
|upkeep
|turn|3
|
|t:|1757914456
|move|p2a: Rillaboom|Fake Out|p1a: Umbreon
|-damage|p1a: Umbreon|91/100
|move|p2b: Gholdengo|Nasty Plot|p2b: Gholdengo
|-boost|p2b: Gholdengo|spa|2
|move|p1b: Vaporeon|Yawn|p2a: Rillaboom
|-start|p2a: Rillaboom|move: Yawn|[of] p1b: Vaporeon
|move|p1a: Umbreon|Foul Play|p2b: Gholdengo
|-supereffective|p2b: Gholdengo
|-damage|p2b: Gholdengo|64/100
|
|-heal|p2b: Gholdengo|70/100|[from] Grassy Terrain
|-heal|p1a: Umbreon|97/100|[from] Grassy Terrain
|-heal|p1a: Umbreon|100/100|[from] item: Leftovers
|upkeep
|turn|4
|
|t:|1757914470
|switch|p2a: Dragonite|Dragonite, L50, M|74/100
|move|p1a: Umbreon|Protect|p1a: Umbreon
|-singleturn|p1a: Umbreon|Protect
|move|p2b: Gholdengo|Make It Rain|p1b: Vaporeon|[spread] p1b
|-activate|p1a: Umbreon|move: Protect
|-resisted|p1b: Vaporeon
|-damage|p1b: Vaporeon|66/100
|-unboost|p2b: Gholdengo|spa|1
|-damage|p2b: Gholdengo|60/100|[from] item: Life Orb
|move|p1b: Vaporeon|Haze|p1b: Vaporeon
|-clearallboost
|
|-heal|p2b: Gholdengo|67/100|[from] Grassy Terrain
|-heal|p1b: Vaporeon|72/100|[from] Grassy Terrain
|-sideend|p2: 9ND-hjx-火神事务所|move: Tailwind
|upkeep
|turn|5
|
|t:|1757914485
|move|p2b: Gholdengo|Nasty Plot|p2b: Gholdengo
|-boost|p2b: Gholdengo|spa|2
|move|p2a: Dragonite|Scale Shot|p1b: Vaporeon
|-damage|p1b: Vaporeon|53/100
|-damage|p1b: Vaporeon|37/100
|-damage|p1b: Vaporeon|19/100
|-damage|p1b: Vaporeon|1/100
|-hitcount|p1b: Vaporeon|4
|-unboost|p2a: Dragonite|def|1
|-boost|p2a: Dragonite|spe|1
|move|p1b: Vaporeon|Yawn|p2a: Dragonite
|-start|p2a: Dragonite|move: Yawn|[of] p1b: Vaporeon
|move|p1a: Umbreon|Foul Play|p2b: Gholdengo
|-supereffective|p2b: Gholdengo
|-crit|p2b: Gholdengo
|-damage|p2b: Gholdengo|11/100
|
|-heal|p2b: Gholdengo|17/100|[from] Grassy Terrain
|-heal|p1b: Vaporeon|7/100|[from] Grassy Terrain
|upkeep
|turn|6
|
|t:|1757914514
|move|p1a: Umbreon|Protect|p1a: Umbreon
|-singleturn|p1a: Umbreon|Protect
|move|p2a: Dragonite|Scale Shot|p1b: Vaporeon
|-damage|p1b: Vaporeon|0 fnt
|faint|p1b: Vaporeon
|-hitcount|p1: Vaporeon|1
|-unboost|p2a: Dragonite|def|1
|-boost|p2a: Dragonite|spe|1
|move|p2b: Gholdengo|Make It Rain|p1a: Umbreon
|-activate|p1a: Umbreon|move: Protect
|
|-heal|p2b: Gholdengo|23/100|[from] Grassy Terrain
|-end|p2a: Dragonite|move: Yawn|[silent]
|-status|p2a: Dragonite|slp
|-fieldend|move: Grassy Terrain
|upkeep
|
|t:|1757914527
|switch|p1b: Flareon|Flareon, L50, F, shiny|100/100
|turn|7
|
|t:|1757914543
|move|p2b: Gholdengo|Protect|p2b: Gholdengo
|-singleturn|p2b: Gholdengo|Protect
|cant|p2a: Dragonite|slp
|move|p1b: Flareon|Trailblaze|p2b: Gholdengo
|-activate|p2b: Gholdengo|move: Protect
|move|p1a: Umbreon|Foul Play|p2b: Gholdengo
|-activate|p2b: Gholdengo|move: Protect
|
|upkeep
|turn|8
|
|t:|1757914570
|-curestatus|p2a: Dragonite|slp|[msg]
|move|p2a: Dragonite|Scale Shot|p1b: Flareon
|-damage|p1b: Flareon|74/100
|-damage|p1b: Flareon|48/100
|-damage|p1b: Flareon|20/100
|-damage|p1b: Flareon|0 fnt
|faint|p1b: Flareon
|-hitcount|p1: Flareon|4
|-unboost|p2a: Dragonite|def|1
|-boost|p2a: Dragonite|spe|1
|move|p2b: Gholdengo|Make It Rain|p1a: Umbreon
|-damage|p1a: Umbreon|0 fnt
|-unboost|p2b: Gholdengo|spa|1
|faint|p1a: Umbreon
|-damage|p2b: Gholdengo|13/100|[from] item: Life Orb
|
|upkeep
|
|t:|1757914576
|switch|p1b: Jolteon|Jolteon, L50, F, shiny|100/100
|turn|9
|
|t:|1757914588
|move|p2a: Dragonite|Tailwind|p2a: Dragonite
|-sidestart|p2: 9ND-hjx-火神事务所|move: Tailwind
|move|p2b: Gholdengo|Shadow Ball|p1b: Jolteon
|-damage|p1b: Jolteon|0 fnt
|faint|p1b: Jolteon
|-damage|p2b: Gholdengo|4/100|[from] item: Life Orb
|
|win|9ND-hjx-火神事务所
|c|☆9ND-hjx-火神事务所|嗨嗨嗨
||9ND-hjx-火神事务所 is ready for game 2.
|inactive|emmmmmmn has 30 seconds to confirm battle start!
|l|☆emmmmmmn
|player|p1|
|inactive|emmmmmmn has 20 seconds to confirm battle start!
|j|☆emmmmmmn
|player|p1|emmmmmmn|iris-gen5bw2|
|inactive|emmmmmmn has 10 seconds to confirm battle start!
|l|☆emmmmmmn
|player|p1|
|j|☆emmmmmmn
|player|p1|emmmmmmn|iris-gen5bw2|
|uhtml|next|Next: Game 2 of 3
|l|☆9ND-hjx-火神事务所
|player|p2|
