|j|☆TobiYume
|j|☆AndrewsWho
|html|TobiYumeAndrewsWho    
|uhtml|bestof|Game 1 of a best-of-3
|t:|1756730285
|gametype|doubles
|player|p1|TobiYume|roxie|1204
|player|p2|AndrewsWho|266|1165
|gen|9
|tier|[Gen 9] VGC 2025 Reg H (Bo3)
|rated|
|rule|Species Clause: Limit one of each Pokémon
|rule|Item Clause: Limit 1 of each item
|clearpoke
|poke|p1|Decidueye-Hisui, L50, M|
|poke|p1|Sylveon, L50, F|
|poke|p1|Talonflame, L50, F|
|poke|p1|Tyranitar, L50, M|
|poke|p1|Garchomp, L50, M|
|poke|p1|Gholdengo, L50|
|poke|p2|Charizard, L50, F|
|poke|p2|Torkoal, L50, F|
|poke|p2|Porygon2, L50|
|poke|p2|Incineroar, L50, M|
|poke|p2|Jumpluff, L50, F|
|poke|p2|Ursaluna, L50, M|
|teampreview|4
|showteam|p1|Decidueye-Hisui||RazorClaw|Scrappy|TripleArrows,LeafBlade,SuckerPunch,Protect|||M|||50|,,,,,Fire]Sylveon||ThroatSpray|Pixilate|HyperVoice,HyperBeam,TeraBlast,Protect|||F|||50|,,,,,Water]Talonflame||CovertCloak|GaleWings|Tailwind,WillOWisp,BraveBird,Taunt|||F|||50|,,,,,Grass]Tyranitar||AssaultVest|SandStream|RockSlide,KnockOff,TeraBlast,LowKick|||M|||50|,,,,,Flying]Garchomp||LifeOrb|RoughSkin|DragonClaw,StompingTantrum,Earthquake,Protect|||M|||50|,,,,,Steel]Gholdengo||Leftovers|GoodasGold|MakeItRain,ShadowBall,NastyPlot,Protect||||||50|,,,,,Dragon
|showteam|p2|Charizard||ChoiceSpecs|SolarPower|HeatWave,Overheat,WeatherBall,AirSlash|||F|||50|,,,,,Ghost]Torkoal||EjectPack|Drought|Eruption,Overheat,HelpingHand,Protect|||F|||50|,,,,,Fire]Porygon2||Eviolite|Download|TeraBlast,IceBeam,Recover,TrickRoom||||||50|,,,,,Fighting]Incineroar||SitrusBerry|Intimidate|FlareBlitz,KnockOff,FakeOut,PartingShot|||M|||50|,,,,,Ghost]Jumpluff||CovertCloak|Chlorophyll|SleepPowder,SunnyDay,RagePowder,Tailwind|||F|||50|,,,,,Water]Ursaluna||FlameOrb|Guts|HeadlongRush,Facade,Earthquake,Protect|||M|||50|,,,,,Ghost
|
|t:|1756730356
|teamsize|p1|4
|teamsize|p2|4
|start
|switch|p1a: Elie|Talonflame, L50, F|100/100
|switch|p1b: Kevin|Decidueye-Hisui, L50, M, shiny|100/100
|switch|p2a: Incineroar|Incineroar, L50, M|100/100
|switch|p2b: Jumpluff|Jumpluff, L50, F|100/100
|-ability|p2a: Incineroar|Intimidate|boost
|-unboost|p1a: Elie|atk|1
|-fail|p1b: Kevin|unboost|Attack|[from] ability: Scrappy|[of] p1b: Kevin
|turn|1
|
|t:|1756730377
|switch|p2a: Porygon2|Porygon2, L50|100/100
|-ability|p2a: Porygon2|Download|boost
|-boost|p2a: Porygon2|spa|1
|move|p1b: Kevin|Protect|p1b: Kevin
|-singleturn|p1b: Kevin|Protect
|move|p1a: Elie|Taunt|p2b: Jumpluff
|-start|p2b: Jumpluff|move: Taunt
|cant|p2b: Jumpluff|move: Taunt|Sleep Powder
|
|upkeep
|turn|2
|
|t:|1756730419
|switch|p2b: Ursaluna|Ursaluna, L50, M|100/100
|move|p1a: Elie|Taunt|p2a: Porygon2
|-start|p2a: Porygon2|move: Taunt
|move|p1b: Kevin|Triple Arrows|p2b: Ursaluna
|-supereffective|p2b: Ursaluna
|-damage|p2b: Ursaluna|33/100
|move|p2a: Porygon2|Tera Blast|p1a: Elie
|-damage|p1a: Elie|21/100
|
|-status|p2b: Ursaluna|brn|[from] item: Flame Orb
|upkeep
|turn|3
|
|t:|1756730448
|switch|p2b: Incineroar|Incineroar, L50, M|100/100
|-ability|p2b: Incineroar|Intimidate|boost
|-unboost|p1a: Elie|atk|1
|-fail|p1b: Kevin|unboost|Attack|[from] ability: Scrappy|[of] p1b: Kevin
|move|p1a: Elie|Taunt|p2b: Incineroar
|-start|p2b: Incineroar|move: Taunt
|move|p1b: Kevin|Triple Arrows|p2a: Porygon2
|-supereffective|p2a: Porygon2
|-crit|p2a: Porygon2
|-damage|p2a: Porygon2|13/100
|-unboost|p2a: Porygon2|def|1
|move|p2a: Porygon2|Ice Beam|p1b: Kevin
|-supereffective|p1b: Kevin
|-damage|p1b: Kevin|0 fnt
|faint|p1b: Kevin
|
|upkeep
|
|t:|1756730470
|switch|p1b: Randy|Tyranitar, L50, M|100/100
|-weather|Sandstorm|[from] ability: Sand Stream|[of] p1b: Randy
|turn|4
|
|t:|1756730493
|switch|p1a: Kloe|Sylveon, L50, F, shiny|100/100
|-terastallize|p2a: Porygon2|Fighting
|move|p2b: Incineroar|Fake Out|p1a: Kloe
|-damage|p1a: Kloe|85/100
|move|p1b: Randy|Rock Slide|p2b: Incineroar|[spread] p2a,p2b
|-resisted|p2a: Porygon2
|-crit|p2a: Porygon2
|-supereffective|p2b: Incineroar
|-damage|p2a: Porygon2|0 fnt
|-damage|p2b: Incineroar|40/100
|-enditem|p2b: Incineroar|Sitrus Berry|[eat]
|-heal|p2b: Incineroar|65/100|[from] item: Sitrus Berry
|faint|p2a: Porygon2
|
|-weather|Sandstorm|[upkeep]
|-damage|p2b: Incineroar|59/100|[from] Sandstorm
|-damage|p1a: Kloe|79/100|[from] Sandstorm
|upkeep
|
|t:|1756730514
|switch|p2a: Jumpluff|Jumpluff, L50, F|100/100
|turn|5
|
|t:|1756730530
|move|p2a: Jumpluff|Tailwind|p2a: Jumpluff
|-sidestart|p2: AndrewsWho|move: Tailwind
|move|p2b: Incineroar|Knock Off|p1b: Randy
|-resisted|p1b: Randy
|-damage|p1b: Randy|83/100
|-enditem|p1b: Randy|Assault Vest|[from] move: Knock Off|[of] p2b: Incineroar
|move|p1b: Randy|Rock Slide|p2a: Jumpluff|[spread] p2a,p2b
|-supereffective|p2a: Jumpluff
|-supereffective|p2b: Incineroar
|-damage|p2a: Jumpluff|28/100
|-damage|p2b: Incineroar|0 fnt
|faint|p2b: Incineroar
|move|p1a: Kloe|Hyper Voice|p2a: Jumpluff
|-crit|p2a: Jumpluff
|-damage|p2a: Jumpluff|0 fnt
|faint|p2a: Jumpluff
|-enditem|p1a: Kloe|Throat Spray
|-boost|p1a: Kloe|spa|1|[from] item: Throat Spray
|
|-weather|Sandstorm|[upkeep]
|-damage|p1a: Kloe|73/100|[from] Sandstorm
|upkeep
|
|t:|1756730539
|switch|p2b: Ursaluna|Ursaluna, L50, M|33/100 brn
|turn|6
|
|t:|1756730547
|move|p1a: Kloe|Protect|p1a: Kloe
|-singleturn|p1a: Kloe|Protect
|move|p2b: Ursaluna|Facade|p1a: Kloe
|-activate|p1a: Kloe|move: Protect
|move|p1b: Randy|Knock Off|p2b: Ursaluna
|-damage|p2b: Ursaluna|0 fnt
|-enditem|p2b: Ursaluna|Flame Orb|[from] move: Knock Off|[of] p1b: Randy
|faint|p2b: Ursaluna
|
|win|TobiYume
||AndrewsWho is ready for game 2.
||TobiYume is ready for game 2.
|uhtml|next|Next: Game 2 of 3
|l|☆AndrewsWho
|player|p2|
