|j|☆Deedzin The prince
|j|☆cartulo
|html|Deedzin The princecartulo    
|uhtml|bestof|Game 2 of a best-of-3
|t:|1782328930
|gametype|doubles
|player|p1|Deedzin The prince|unknown|
|player|p2|cartulo|blue|
|gen|9
|tier|[Gen 9 Champions] VGC 2026 Reg M-B (Bo3)
|rule|Species Clause: Limit one of each Pokémon
|rule|Item Clause: Limit 1 of each item
|clearpoke
|poke|p1|Eelektross, L50, F|
|poke|p1|Whimsicott, L50, M|
|poke|p1|Garchomp, L50, F|
|poke|p1|Gholdengo, L50|
|poke|p1|Floette-Eternal, L50, F|
|poke|p1|Basculegion, L50, M|
|poke|p2|Torkoal, L50, M|
|poke|p2|Mr. Rime, L50, M|
|poke|p2|Sinistcha, L50|
|poke|p2|Golurk, L50|
|poke|p2|Abomasnow, L50, M|
|poke|p2|Farigiraf, L50, F|
|teampreview|4
|showteam|p1|Eelektross||Eelektrossite|Levitate|Thunderbolt,Flamethrower,GigaDrain,Protect|Modest||F|||50|]Whimsicott||FocusSash|Prankster|Moonblast,Tailwind,Encore,Protect|Timid||M|||50|]Garchomp||SitrusBerry|RoughSkin|DragonClaw,Earthquake,RockSlide,Protect|Adamant||F|||50|]Gholdengo||LifeOrb|GoodasGold|MakeItRain,ShadowBall,NastyPlot,Protect|Modest|||||50|]Floette-Eternal||Floettite|FlowerVeil|Moonblast,DazzlingGleam,LightofRuin,Protect|Modest||F|||50|]Basculegion||MysticWater|Adaptability|WaveCrash,LastRespects,AquaJet,Protect|Adamant||M|||50|
|showteam|p2|Torkoal||Charcoal|Drought|Eruption,HeatWave,EarthPower,Protect|Quiet||M|||50|]Mr. Rime||FocusSash|ScreenCleaner|Psychic,FakeOut,SkillSwap,TrickRoom|Sassy||M|||50|]Sinistcha||OccaBerry|Hospitality|MatchaGotcha,RagePowder,LifeDew,TrickRoom|Bold|||||50|]Golurk||Golurkite|IronFist|HeadlongRush,Poltergeist,CloseCombat,Protect|Brave|||||50|]Abomasnow||Abomasite|SnowWarning|Blizzard,EnergyBall,IceShard,Protect|Quiet||M|||50|]Farigiraf||SitrusBerry|ArmorTail|Psychic,HelpingHand,TrickRoom,Protect|Quiet||F|||50|
|inactive|Battle timer is ON: inactive players will automatically lose when time's up. (requested by cartulo)
|
|t:|1782328948
|teamsize|p1|4
|teamsize|p2|4
|start
|switch|p1a: Whimsicott|Whimsicott, L50, M|100/100
|switch|p1b: Eelektross|Eelektross, L50, F|100/100
|switch|p2a: Mr. Rime|Mr. Rime, L50, M|100/100
|switch|p2b: Golurk|Golurk, L50|100/100
|turn|1
|inactive|Deedzin The prince has 30 seconds left.
|inactive|Deedzin The prince has 20 seconds left.
|inactive|Deedzin The prince has 15 seconds left.
|
|t:|1782328994
|detailschange|p1b: Eelektross|Eelektross-Mega, L50, F
|-mega|p1b: Eelektross|Eelektross|Eelektrossite
|detailschange|p2b: Golurk|Golurk-Mega, L50
|-mega|p2b: Golurk|Golurk|Golurkite
|move|p2a: Mr. Rime|Fake Out|p1a: Whimsicott
|-damage|p1a: Whimsicott|86/100
|cant|p1a: Whimsicott|flinch
|move|p1b: Eelektross|Giga Drain|p2b: Golurk
|-supereffective|p2b: Golurk|1
|-damage|p2b: Golurk|47/100
|move|p2b: Golurk|Poltergeist|p1a: Whimsicott
|-activate|p1a: Whimsicott|move: Poltergeist|Focus Sash
|-damage|p1a: Whimsicott|0 fnt
|faint|p1a: Whimsicott
|
|upkeep
|
|t:|1782329001
|switch|p1a: Basculegion|Basculegion, L50, M|100/100
|turn|2
|
|t:|1782329016
|move|p1b: Eelektross|Giga Drain|p2b: Golurk
|-supereffective|p2b: Golurk|1
|-damage|p2b: Golurk|0 fnt
|faint|p2b: Golurk
|-ability|p1b: Eelektross|Eelevate|boost
|-boost|p1b: Eelektross|spa|1
|move|p1a: Basculegion|Last Respects|p2a: Mr. Rime
|-supereffective|p2a: Mr. Rime|1
|-enditem|p2a: Mr. Rime|Focus Sash
|-damage|p2a: Mr. Rime|1/100
|move|p2a: Mr. Rime|Trick Room|p2a: Mr. Rime
|-fieldstart|move: Trick Room|[of] p2a: Mr. Rime
|
|upkeep
|
|t:|1782329021
|switch|p2b: Sinistcha|Sinistcha, L50|100/100
|-heal|p2a: Mr. Rime|25/100|[from] ability: Hospitality|[of] p2b: Sinistcha
|turn|3
|inactive|Deedzin The prince has 30 seconds left.
|inactive|Deedzin The prince has 20 seconds left.
|
|t:|1782329056
|move|p2a: Mr. Rime|Skill Swap|p1b: Eelektross
|-activate|p2a: Mr. Rime|Skill Swap|Eelevate|Screen Cleaner|[of] p1b: Eelektross
|move|p2b: Sinistcha|Matcha Gotcha|p1a: Basculegion|[spread] p1a,p1b
|-supereffective|p1a: Basculegion|1
|-damage|p1a: Basculegion|41/100
|-damage|p1b: Eelektross|69/100
|-status|p1b: Eelektross|brn
|move|p1a: Basculegion|Last Respects|p2b: Sinistcha
|-supereffective|p2b: Sinistcha|1
|-damage|p2b: Sinistcha|0 fnt
|faint|p2b: Sinistcha
|move|p1b: Eelektross|Flamethrower|p2a: Mr. Rime
|-supereffective|p2a: Mr. Rime|1
|-damage|p2a: Mr. Rime|0 fnt
|faint|p2a: Mr. Rime
|
|-damage|p1b: Eelektross|63/100 brn|[from] brn
|upkeep
|
|t:|1782329073
|switch|p2b: Torkoal|Torkoal, L50, M|100/100
|-weather|SunnyDay|[from] ability: Drought|[of] p2b: Torkoal
|turn|4
|
|t:|1782329079
|move|p1a: Basculegion|Protect|p1a: Basculegion
|-singleturn|p1a: Basculegion|Protect
|move|p1b: Eelektross|Protect|p1b: Eelektross
|-singleturn|p1b: Eelektross|Protect
|move|p2b: Torkoal|Heat Wave|p1a: Basculegion|[spread] 
|-activate|p1a: Basculegion|move: Protect
|-activate|p1b: Eelektross|move: Protect
|
|-weather|SunnyDay|[upkeep]
|-damage|p1b: Eelektross|57/100 brn|[from] brn
|upkeep
|turn|5
|
|t:|1782329093
|move|p2b: Torkoal|Heat Wave|p1a: Basculegion|[spread] p1a,p1b
|-resisted|p1a: Basculegion|1
|-crit|p1b: Eelektross
|-damage|p1a: Basculegion|9/100
|-damage|p1b: Eelektross|0 fnt
|faint|p1b: Eelektross
|move|p1a: Basculegion|Wave Crash|p2b: Torkoal
|-supereffective|p2b: Torkoal|1
|-damage|p2b: Torkoal|32/100
|-damage|p1a: Basculegion|0 fnt|[from] Recoil
|faint|p1a: Basculegion
|
|-weather|SunnyDay|[upkeep]
|upkeep
|
|t:|1782329096
|switch|p1b: Garchomp|Garchomp, L50, F|100/100
|turn|6
|
|t:|1782329104
|move|p1b: Garchomp|Protect|p1b: Garchomp
|-singleturn|p1b: Garchomp|Protect
|move|p2b: Torkoal|Heat Wave|p1b: Garchomp
|-activate|p1b: Garchomp|move: Protect
|
|-weather|SunnyDay|[upkeep]
|-fieldend|move: Trick Room
|upkeep
|turn|7
|
|t:|1782329107
|move|p1b: Garchomp|Earthquake|p2b: Torkoal
|-supereffective|p2b: Torkoal|1
|-damage|p2b: Torkoal|0 fnt
|faint|p2b: Torkoal
|
|win|Deedzin The prince
