|j|☆mmmspicy69
|j|☆toughlogvgc
|html|mmmspicy69toughlogvgc    
|uhtml|bestof|Game 3 of a best-of-3
|t:|1783811877
|gametype|doubles
|player|p1|mmmspicy69|cynthia|1042
|player|p2|toughlogvgc|170|1183
|gen|9
|tier|[Gen 9 Champions] VGC 2026 Reg M-B (Bo3)
|rated|
|rule|Species Clause: Limit one of each Pokémon
|rule|Item Clause: Limit 1 of each item
|clearpoke
|poke|p1|Staraptor, L50, M|
|poke|p1|Whimsicott, L50, F|
|poke|p1|Charizard, L50, M|
|poke|p1|Sylveon, L50, F|
|poke|p1|Garchomp, L50, M|
|poke|p1|Farigiraf, L50, F|
|poke|p2|Charizard, L50, M|
|poke|p2|Garchomp, L50, M|
|poke|p2|Basculegion, L50, M|
|poke|p2|Whimsicott, L50, F|
|poke|p2|Kingambit, L50, F|
|poke|p2|Floette-Eternal, L50, F|
|teampreview|4
|showteam|p1|Staraptor||Staraptite|Intimidate|Protect,CloseCombat,BraveBird,Roost|Jolly||M|||50|]Whimsicott||FocusSash|Prankster|Tailwind,SunnyDay,Charm,Encore|Bold||F|||50|]Charizard||CharizarditeY|SolarPower|HeatWave,SolarBeam,WeatherBall,Protect|Modest||M|||50|]Sylveon||FairyFeather|Pixilate|HyperVoice,HyperBeam,Roar,Detect|Calm||F|||50|]Garchomp||LifeOrb|RoughSkin|RockSlide,Earthquake,DragonClaw,Protect|Adamant||M|||50|]Farigiraf||SitrusBerry|ArmorTail|HelpingHand,Wish,AllySwitch,TwinBeam|Bold||F|||50|
|showteam|p2|Charizard||CharizarditeY|Blaze|HeatWave,SolarBeam,Protect,WeatherBall|Modest||M|||50|]Garchomp||LifeOrb|RoughSkin|DragonClaw,Earthquake,RockSlide,Protect|Jolly||M|||50|]Basculegion||ChoiceScarf|Adaptability|WaveCrash,AquaJet,FlipTurn,LastRespects|Adamant||M|||50|]Whimsicott||FocusSash|Prankster|Moonblast,Tailwind,Protect,Encore|Timid||F|||50|]Kingambit||BlackGlasses|Defiant|IronHead,KowtowCleave,Protect,SuckerPunch|Adamant||F|||50|]Floette-Eternal||Floettite|FlowerVeil|Moonblast,LightofRuin,DazzlingGleam,Protect|Modest||F|||50|
|
|t:|1783811906
|teamsize|p1|4
|teamsize|p2|4
|start
|switch|p1a: Charih|Charizard, L50, M|100/100
|switch|p1b: Whih|Whimsicott, L50, F|100/100
|switch|p2a: Whimsicott|Whimsicott, L50, F|100/100
|switch|p2b: Floette|Floette-Eternal, L50, F|100/100
|turn|1
|
|t:|1783811931
|switch|p2b: Basculegion|Basculegion, L50, M|100/100
|move|p2a: Whimsicott|Tailwind|p2a: Whimsicott
|-sidestart|p2: toughlogvgc|move: Tailwind
|move|p1b: Whih|Sunny Day|p1b: Whih
|-weather|SunnyDay
|move|p1a: Charih|Heat Wave|p2a: Whimsicott|[spread] p2a,p2b
|-supereffective|p2a: Whimsicott|1
|-resisted|p2b: Basculegion|1
|-enditem|p2a: Whimsicott|Focus Sash
|-damage|p2a: Whimsicott|1/100
|-damage|p2b: Basculegion|54/100
|
|-weather|SunnyDay|[upkeep]
|-damage|p1a: Charih|87/100|[from] ability: Solar Power|[of] p1a: Charih
|upkeep
|turn|2
|
|t:|1783811963
|switch|p2a: Garchomp|Garchomp, L50, M|100/100
|switch|p1b: Farih|Farigiraf, L50, F|100/100
|move|p2b: Basculegion|Wave Crash|p1a: Charih
|-supereffective|p1a: Charih|1
|-damage|p1a: Charih|0 fnt
|faint|p1a: Charih
|-damage|p2b: Basculegion|31/100|[from] Recoil
|
|-weather|SunnyDay|[upkeep]
|upkeep
|
|t:|1783811978
|switch|p1a: Starih|Staraptor, L50, M|100/100
|-ability|p1a: Starih|Intimidate|boost
|-unboost|p2a: Garchomp|atk|1
|-unboost|p2b: Basculegion|atk|1
|turn|3
|
|t:|1783812017
|detailschange|p1a: Starih|Staraptor-Mega, L50, M
|-mega|p1a: Starih|Staraptor|Staraptite
|move|p2a: Garchomp|Protect|p2a: Garchomp
|-singleturn|p2a: Garchomp|Protect
|move|p1a: Starih|Protect|p1a: Starih
|-singleturn|p1a: Starih|Protect
|move|p2b: Basculegion|Wave Crash|p1a: Starih
|-activate|p1a: Starih|move: Protect
|move|p1b: Farih|Wish|p1b: Farih
|
|-weather|SunnyDay|[upkeep]
|upkeep
|turn|4
|
|t:|1783812041
|switch|p2a: Whimsicott|Whimsicott, L50, F|1/100
|move|p1b: Farih|Helping Hand|p1a: Starih
|-singleturn|p1a: Starih|Helping Hand|[of] p1b: Farih
|move|p2b: Basculegion|Wave Crash|p1a: Starih
|-damage|p1a: Starih|66/100
|-damage|p2b: Basculegion|22/100|[from] Recoil
|move|p1a: Starih|Close Combat|p2a: Whimsicott
|-resisted|p2a: Whimsicott|1
|-damage|p2a: Whimsicott|0 fnt
|-boost|p1a: Starih|def|1
|-boost|p1a: Starih|spd|1
|faint|p2a: Whimsicott
|
|-weather|SunnyDay|[upkeep]
|-sideend|p2: toughlogvgc|move: Tailwind
|upkeep
|
|t:|1783812055
|switch|p2a: Floette|Floette-Eternal, L50, F|100/100
|turn|5
|
|t:|1783812085
|move|p1b: Farih|Helping Hand|p1a: Starih
|-singleturn|p1a: Starih|Helping Hand|[of] p1b: Farih
|move|p2b: Basculegion|Wave Crash|p1a: Starih
|-damage|p1a: Starih|46/100
|-damage|p2b: Basculegion|16/100|[from] Recoil
|move|p1a: Starih|Brave Bird|p2a: Floette
|-damage|p2a: Floette|0 fnt
|faint|p2a: Floette
|-damage|p1a: Starih|13/100|[from] Recoil
|
|-weather|none
|upkeep
|
|t:|1783812096
|switch|p2a: Garchomp|Garchomp, L50, M|100/100
|turn|6
|
|t:|1783812120
|switch|p1b: Whih|Whimsicott, L50, F|100/100
|move|p1a: Starih|Protect|p1a: Starih
|-singleturn|p1a: Starih|Protect
|move|p2b: Basculegion|Wave Crash|p1b: Whih
|-resisted|p1b: Whih|1
|-damage|p1b: Whih|74/100
|-damage|p2b: Basculegion|9/100|[from] Recoil
|move|p2a: Garchomp|Dragon Claw|p1b: Whih
|-immune|p1b: Whih
|
|upkeep
|turn|7
|
|t:|1783812139
|move|p2a: Garchomp|Protect|p2a: Garchomp
|-singleturn|p2a: Garchomp|Protect
|move|p1b: Whih|Tailwind|p1b: Whih
|-sidestart|p1: mmmspicy69|move: Tailwind
|move|p1a: Starih|Roost|p1a: Starih
|-heal|p1a: Starih|63/100
|-singleturn|p1a: Starih|move: Roost
|move|p2b: Basculegion|Wave Crash|p1a: Starih
|-damage|p1a: Starih|23/100
|-damage|p2b: Basculegion|0 fnt|[from] Recoil
|faint|p2b: Basculegion
|
|upkeep
|turn|8
|
|t:|1783812153
|move|p1b: Whih|Charm|p2a: Garchomp
|-unboost|p2a: Garchomp|atk|2
|move|p1a: Starih|Roost|p1a: Starih
|-heal|p1a: Starih|73/100
|-singleturn|p1a: Starih|move: Roost
|move|p2a: Garchomp|Rock Slide|p1a: Starih|[spread] p1a,p1b
|-resisted|p1a: Starih|1
|-damage|p1a: Starih|70/100
|-damage|p1b: Whih|64/100
|-damage|p2a: Garchomp|90/100|[from] item: Life Orb
|
|upkeep
|turn|9
|-message|toughlogvgc forfeited.
|
|win|mmmspicy69
|raw|mmmspicy69's rating: 1042 → 1089(+47 for winning)
|raw|toughlogvgc's rating: 1183 → 1148(-35 for losing)
|l|☆toughlogvgc
|player|p2|
|j|☆toughlogvgc
|player|p2|toughlogvgc|170|
