|j|☆Bob Ravioli
|j|☆Cristante Terabug
|html|Bob RavioliCristante Terabug    
|uhtml|bestof|Game 2 of a best-of-3
|t:|1756760285
|gametype|doubles
|player|p1|Bob Ravioli|steven|1215
|player|p2|Cristante Terabug|kieran-champion|1263
|gen|9
|tier|[Gen 9] VGC 2025 Reg H (Bo3)
|rated|
|rule|Species Clause: Limit one of each Pokémon
|rule|Item Clause: Limit 1 of each item
|clearpoke
|poke|p1|Ursaluna, L50, M|
|poke|p1|Torkoal, L50, M|
|poke|p1|Indeedee-F, L50, F|
|poke|p1|Hatterene, L50, F|
|poke|p1|Gallade, L50, M|
|poke|p1|Lilligant-Hisui, L50, F|
|poke|p2|Incineroar, L50, F|
|poke|p2|Pelipper, L50, M|
|poke|p2|Archaludon, L50, M|
|poke|p2|Dragonite, L50, M|
|poke|p2|Sinistcha, L50|
|poke|p2|Ursaluna, L50, M|
|teampreview|4
|showteam|p1|Ursaluna||FlameOrb|Guts|Protect,Facade,Earthquake,HeadlongRush|||M|||50|,,,,,Ghost]Torkoal||Charcoal|Drought|Eruption,HeatWave,WeatherBall,Protect|||M|||50|,,,,,Fire]Indeedee-F||SafetyGoggles|PsychicSurge|Psychic,FollowMe,HelpingHand,TrickRoom|||F|||50|,,,,,Water]Hatterene||CovertCloak|MagicBounce|Protect,ExpandingForce,DazzlingGleam,TrickRoom|||F|||50|,,,,,Psychic]Gallade||ClearAmulet|Sharpness|PsychoCut,SacredSword,WideGuard,TrickRoom|||M|||50|,,,,,Grass]Lilligant-Hisui||FocusSash|Chlorophyll|SolarBlade,CloseCombat,SleepPowder,AfterYou|||F|||50|,,,,,Ghost
|showteam|p2|Incineroar||SafetyGoggles|Intimidate|FakeOut,PartingShot,KnockOff,Taunt|||F|||50|,,,,,Ghost]Pelipper||FocusSash|Drizzle|Hurricane,MuddyWater,Tailwind,Protect|||M|||50|,,,,,Ghost]Archaludon||AssaultVest|Stamina|ElectroShot,Snarl,FlashCannon,BodyPress|||M|||50|,,,,,Bug]Dragonite||LoadedDice|Multiscale|ScaleShot,Tailwind,Haze,Protect|||M|||50|,,,,,Fairy]Sinistcha||SitrusBerry|Hospitality|MatchaGotcha,RagePowder,LifeDew,TrickRoom||||||50|,,,,,Dark]Ursaluna||FlameOrb|Guts|Earthquake,Facade,HeadlongRush,Protect|||M|||50|,,,,,Ghost
|inactive|Battle timer is ON: inactive players will automatically lose when time's up. (requested by Bob Ravioli)
|inactive|Cristante Terabug has 60 seconds left.
|
|t:|1756760337
|teamsize|p1|4
|teamsize|p2|4
|start
|switch|p1a: Indeedee|Indeedee-F, L50, F|100/100
|switch|p1b: Gallade|Gallade, L50, M|100/100
|switch|p2a: Silvano|Pelipper, L50, M, shiny|100/100
|switch|p2b: Olmo|Ursaluna, L50, M|100/100
|-weather|RainDance|[from] ability: Drizzle|[of] p2a: Silvano
|-fieldstart|move: Psychic Terrain|[from] ability: Psychic Surge|[of] p1a: Indeedee
|turn|1
|inactive|Bob Ravioli has 30 seconds left.
|inactive|Cristante Terabug has 30 seconds left.
|inactive|Bob Ravioli has 20 seconds left.
|inactive|Bob Ravioli has 15 seconds left.
|inactive|Bob Ravioli has 10 seconds left.
|
|t:|1756760385
|move|p2a: Silvano|Muddy Water|p1a: Indeedee|[spread] p1a,p1b
|-damage|p1a: Indeedee|61/100
|-damage|p1b: Gallade|60/100
|move|p2b: Olmo|Earthquake|p1a: Indeedee|[spread] p1a,p1b
|-immune|p2a: Silvano
|-damage|p1a: Indeedee|19/100
|-damage|p1b: Gallade|0 fnt
|faint|p1b: Gallade
|move|p1a: Indeedee|Trick Room|p1a: Indeedee
|-fieldstart|move: Trick Room|[of] p1a: Indeedee
|
|-weather|RainDance|[upkeep]
|-status|p2b: Olmo|brn|[from] item: Flame Orb
|upkeep
|
|t:|1756760395
|switch|p1b: Torkoal|Torkoal, L50, M|100/100
|-weather|SunnyDay|[from] ability: Drought|[of] p1b: Torkoal
|turn|2
|
|t:|1756760409
|switch|p2a: De Marinis|Incineroar, L50, F|100/100
|-ability|p2a: De Marinis|Intimidate|boost
|-unboost|p1a: Indeedee|atk|1
|-unboost|p1b: Torkoal|atk|1
|-terastallize|p1b: Torkoal|Fire
|move|p2b: Olmo|Protect|p2b: Olmo
|-singleturn|p2b: Olmo|Protect
|move|p1b: Torkoal|Eruption|p2b: Olmo|[spread] p2a
|-activate|p2b: Olmo|move: Protect
|-resisted|p2a: De Marinis
|-damage|p2a: De Marinis|52/100
|move|p1a: Indeedee|Psychic|p2a: De Marinis
|-immune|p2a: De Marinis
|
|-weather|SunnyDay|[upkeep]
|-damage|p2b: Olmo|94/100 brn|[from] brn
|upkeep
|turn|3
|inactive|Bob Ravioli has 30 seconds left.
|inactive|Bob Ravioli has 20 seconds left.
|inactive|Bob Ravioli has 15 seconds left.
|
|t:|1756760450
|switch|p1b: Ursaluna|Ursaluna, L50, M|100/100
|switch|p2a: Silvano|Pelipper, L50, M, shiny|100/100
|-weather|RainDance|[from] ability: Drizzle|[of] p2a: Silvano
|move|p1a: Indeedee|Psychic|p2b: Olmo
|-damage|p2b: Olmo|56/100 brn
|move|p2b: Olmo|Earthquake|p1a: Indeedee|[spread] p1a,p1b
|-immune|p2a: Silvano
|-damage|p1a: Indeedee|0 fnt
|-damage|p1b: Ursaluna|45/100
|faint|p1a: Indeedee
|
|-weather|RainDance|[upkeep]
|-damage|p2b: Olmo|50/100 brn|[from] brn
|-status|p1b: Ursaluna|brn|[from] item: Flame Orb
|upkeep
|
|t:|1756760460
|switch|p1a: Torkoal|Torkoal, L50, M, tera:Fire|100/100
|-weather|SunnyDay|[from] ability: Drought|[of] p1a: Torkoal
|turn|4
|inactive|Cristante Terabug has 30 seconds left.
|
|t:|1756760486
|switch|p2a: De Marinis|Incineroar, L50, F|52/100
|-ability|p2a: De Marinis|Intimidate|boost
|-unboost|p1a: Torkoal|atk|1
|-unboost|p1b: Ursaluna|atk|1
|move|p2b: Olmo|Protect|p2b: Olmo
|-singleturn|p2b: Olmo|Protect
|move|p1a: Torkoal|Eruption|p2b: Olmo|[spread] p2a
|-activate|p2b: Olmo|move: Protect
|-resisted|p2a: De Marinis
|-damage|p2a: De Marinis|6/100
|move|p1b: Ursaluna|Facade|p2a: De Marinis
|-damage|p2a: De Marinis|0 fnt
|faint|p2a: De Marinis
|
|-weather|SunnyDay|[upkeep]
|-damage|p1b: Ursaluna|39/100 brn|[from] brn
|-damage|p2b: Olmo|44/100 brn|[from] brn
|upkeep
|
|t:|1756760498
|switch|p2a: Silvano|Pelipper, L50, M, shiny|100/100
|-weather|RainDance|[from] ability: Drizzle|[of] p2a: Silvano
|turn|5
|
|t:|1756760513
|move|p2a: Silvano|Protect|p2a: Silvano
|-singleturn|p2a: Silvano|Protect
|move|p1a: Torkoal|Weather Ball|p2b: Olmo
|-supereffective|p2b: Olmo
|-damage|p2b: Olmo|0 fnt
|faint|p2b: Olmo
|move|p1b: Ursaluna|Facade|p2a: Silvano
|-activate|p2a: Silvano|move: Protect
|
|-weather|RainDance|[upkeep]
|-damage|p1b: Ursaluna|33/100 brn|[from] brn
|-fieldend|move: Trick Room
|-fieldend|move: Psychic Terrain
|upkeep
|
|t:|1756760519
|switch|p2b: Paolo|Dragonite, L50, M|100/100
|turn|6
|
|t:|1756760531
|move|p2b: Paolo|Scale Shot|p1b: Ursaluna
|-damage|p1b: Ursaluna|22/100 brn
|-damage|p1b: Ursaluna|10/100 brn
|-damage|p1b: Ursaluna|0 fnt
|faint|p1b: Ursaluna
|-hitcount|p1: Ursaluna|3
|-unboost|p2b: Paolo|def|1
|-boost|p2b: Paolo|spe|1
|move|p2a: Silvano|Muddy Water|p1a: Torkoal
|-supereffective|p1a: Torkoal
|-damage|p1a: Torkoal|0 fnt
|faint|p1a: Torkoal
|
|win|Cristante Terabug
