|j|☆NPCMystic
|j|☆LeonardPlayz
|html|NPCMysticLeonardPlayz    
|uhtml|bestof|Game 1 of a best-of-3
|t:|1783484627
|gametype|doubles
|player|p1|NPCMystic|cynthia-gen4|
|player|p2|LeonardPlayz|hilbert-wonderlauncher|
|gen|9
|tier|[Gen 9 Champions] VGC 2026 Reg M-B (Bo3)
|rule|Species Clause: Limit one of each Pokémon
|rule|Item Clause: Limit 1 of each item
|clearpoke
|poke|p1|Castform, L50, M|
|poke|p1|Pelipper, L50, M|
|poke|p1|Froslass, L50, F|
|poke|p1|Charizard, L50, M|
|poke|p1|Basculegion, L50, M|
|poke|p1|Grimmsnarl, L50, M|
|poke|p2|Tyranitar, L50, F|
|poke|p2|Mawile, L50, M|
|poke|p2|Excadrill, L50, M|
|poke|p2|Houndstone, L50, F|
|poke|p2|Sinistcha, L50|
|poke|p2|Conkeldurr, L50, M|
|teampreview|4
|showteam|p1|Castform||LifeOrb|Forecast|WeatherBall,SolarBeam,Blizzard,Protect|Timid||M|||50|]Pelipper||SitrusBerry|Drizzle|WideGuard,Tailwind,Hurricane,WeatherBall|Modest||M|||50|]Froslass||Froslassite|CursedBody|Blizzard,ShadowBall,IceShard,Protect|Hasty||F|||50|]Charizard||CharizarditeY|Blaze|HeatWave,WeatherBall,DragonPulse,Protect|Timid||M|||50|]Basculegion||ExpertBelt|Adaptability|AquaJet,LastRespects,WaveCrash,Protect|Adamant||M|||50|]Grimmsnarl||LightClay|Prankster|LightScreen,Reflect,SpiritBreak,FakeOut|Adamant||M|||50|
|showteam|p2|Tyranitar||Tyranitarite|SandStream|RockSlide,Crunch,IcePunch,Protect|Brave||F|||50|]Mawile||Mawilite|Intimidate|SuckerPunch,PlayRough,IronHead,Protect|Brave||M|||50|]Excadrill||FocusSash|SandRush|IronHead,RockSlide,Earthquake,Protect|Adamant||M|||50|]Houndstone||ColburBerry|SandRush|LastRespects,Howl,AllySwitch,Protect|Adamant||F|||50|]Sinistcha||SitrusBerry|Hospitality|RagePowder,MatchaGotcha,TrickRoom,Protect|Modest|||||50|]Conkeldurr||LifeOrb|SheerForce|MachPunch,LowSweep,ThunderPunch,WideGuard|Brave||M|||50|
|inactive|Battle timer is ON: inactive players will automatically lose when time's up. (requested by LeonardPlayz)
|inactive|NPCMystic has 60 seconds left.
|
|t:|1783484666
|teamsize|p1|4
|teamsize|p2|4
|start
|switch|p1a: Pelipper|Pelipper, L50, M|100/100
|switch|p1b: Grimmsnarl|Grimmsnarl, L50, M|100/100
|switch|p2a: Hot To Go|Sinistcha, L50|100/100
|switch|p2b: Tyranitar|Tyranitar, L50, F|100/100
|-weather|RainDance|[from] ability: Drizzle|[of] p1a: Pelipper
|-weather|Sandstorm|[from] ability: Sand Stream|[of] p2b: Tyranitar
|turn|1
|
|t:|1783484689
|switch|p2b: Conkeldurr|Conkeldurr, L50, M|100/100
|move|p1b: Grimmsnarl|Fake Out|p2b: Conkeldurr
|-damage|p2b: Conkeldurr|86/100
|move|p1a: Pelipper|Tailwind|p1a: Pelipper
|-sidestart|p1: NPCMystic|move: Tailwind
|move|p2a: Hot To Go|Trick Room|p2a: Hot To Go
|-fieldstart|move: Trick Room|[of] p2a: Hot To Go
|
|-weather|Sandstorm|[upkeep]
|-damage|p2b: Conkeldurr|80/100|[from] Sandstorm
|-damage|p2a: Hot To Go|94/100|[from] Sandstorm
|-damage|p1b: Grimmsnarl|94/100|[from] Sandstorm
|-damage|p1a: Pelipper|94/100|[from] Sandstorm
|upkeep
|turn|2
|
|t:|1783484711
|switch|p1a: Basculegion|Basculegion, L50, M|100/100
|move|p2a: Hot To Go|Rage Powder|p2a: Hot To Go
|-singleturn|p2a: Hot To Go|move: Rage Powder
|move|p2b: Conkeldurr|Thunder Punch|p1a: Basculegion
|-supereffective|p1a: Basculegion|1
|-damage|p1a: Basculegion|0 fnt
|faint|p1a: Basculegion
|move|p1b: Grimmsnarl|Spirit Break|p2a: Hot To Go
|-damage|p2a: Hot To Go|56/100
|-unboost|p2a: Hot To Go|spa|1
|
|-weather|Sandstorm|[upkeep]
|-damage|p2b: Conkeldurr|74/100|[from] Sandstorm
|-damage|p2a: Hot To Go|50/100g|[from] Sandstorm
|-damage|p1b: Grimmsnarl|88/100|[from] Sandstorm
|upkeep
|
|t:|1783484724
|switch|p1a: Pelipper|Pelipper, L50, M|94/100
|-weather|RainDance|[from] ability: Drizzle|[of] p1a: Pelipper
|turn|3
|
|t:|1783484729
|move|p2a: Hot To Go|Rage Powder|p2a: Hot To Go
|-singleturn|p2a: Hot To Go|move: Rage Powder
|move|p2b: Conkeldurr|Thunder Punch|p1a: Pelipper
|-supereffective|p1a: Pelipper|2
|-damage|p1a: Pelipper|0 fnt
|faint|p1a: Pelipper
|move|p1b: Grimmsnarl|Spirit Break|p2a: Hot To Go
|-damage|p2a: Hot To Go|15/100
|-unboost|p2a: Hot To Go|spa|1
|-enditem|p2a: Hot To Go|Sitrus Berry|[eat]
|-heal|p2a: Hot To Go|40/100|[from] item: Sitrus Berry
|
|-weather|RainDance|[upkeep]
|upkeep
|
|t:|1783484737
|switch|p1a: Castform|Castform, L50, M|100/100
|-formechange|p1a: Castform|Castform-Rainy|[msg]|[from] ability: Forecast
|turn|4
|
|t:|1783484753
|switch|p2b: Mawile|Mawile, L50, M|100/100
|-ability|p2b: Mawile|Intimidate|boost
|-unboost|p1a: Castform|atk|1
|-unboost|p1b: Grimmsnarl|atk|1
|move|p1b: Grimmsnarl|Reflect|p1b: Grimmsnarl
|-sidestart|p1: NPCMystic|Reflect
|move|p2a: Hot To Go|Matcha Gotcha|p1a: Castform|[spread] p1a,p1b
|-supereffective|p1a: Castform|1
|-damage|p1a: Castform|48/100
|-heal|p2a: Hot To Go|62/100|[from] drain|[of] p1a: Castform
|-damage|p1b: Grimmsnarl|74/100
|-heal|p2a: Hot To Go|71/100|[from] drain|[of] p1b: Grimmsnarl
|move|p1a: Castform|Weather Ball|p2b: Mawile
|-damage|p2b: Mawile|0 fnt
|faint|p2b: Mawile
|-damage|p1a: Castform|39/100|[from] item: Life Orb
|
|-weather|RainDance|[upkeep]
|-sideend|p1: NPCMystic|move: Tailwind
|upkeep
|
|t:|1783484768
|switch|p2b: Conkeldurr|Conkeldurr, L50, M|74/100
|turn|5
|
|t:|1783484779
|move|p1a: Castform|Protect|p1a: Castform
|-singleturn|p1a: Castform|Protect
|move|p2b: Conkeldurr|Low Sweep|p1b: Grimmsnarl
|-damage|p1b: Grimmsnarl|13/100
|move|p1b: Grimmsnarl|Spirit Break|p2b: Conkeldurr
|-supereffective|p2b: Conkeldurr|1
|-damage|p2b: Conkeldurr|26/100
|-unboost|p2b: Conkeldurr|spa|1
|move|p2a: Hot To Go|Matcha Gotcha|p1b: Grimmsnarl|[spread] 
|-activate|p1a: Castform|move: Protect
|-miss|p2a: Hot To Go|p1b: Grimmsnarl
|
|-weather|RainDance|[upkeep]
|-fieldend|move: Trick Room
|upkeep
|turn|6
|
|t:|1783484794
|move|p2b: Conkeldurr|Mach Punch|p1b: Grimmsnarl
|-damage|p1b: Grimmsnarl|0 fnt
|faint|p1b: Grimmsnarl
|-damage|p2b: Conkeldurr|16/100|[from] item: Life Orb
|move|p1a: Castform|Weather Ball|p2b: Conkeldurr
|-damage|p2b: Conkeldurr|0 fnt
|faint|p2b: Conkeldurr
|-damage|p1a: Castform|29/100|[from] item: Life Orb
|move|p2a: Hot To Go|Matcha Gotcha|p1a: Castform
|-supereffective|p1a: Castform|1
|-damage|p1a: Castform|0 fnt
|-heal|p2a: Hot To Go|84/100|[from] drain|[of] p1a: Castform
|faint|p1a: Castform
|
|win|LeonardPlayz
|c|☆LeonardPlayz|gg?
||LeonardPlayz is ready for game 2.
||NPCMystic is ready for game 2.
|uhtml|next|Next: Game 2 of 3
|l|☆NPCMystic
|player|p1|
