|j|☆Mega Chime Time
|j|☆midranger
|html|Mega Chime Timemidranger    
|uhtml|bestof|Game 3 of a best-of-3
|t:|1783445247
|gametype|doubles
|player|p1|Mega Chime Time|miku-flying|
|player|p2|midranger|1|
|gen|9
|tier|[Gen 9 Champions] VGC 2026 Reg M-B (Bo3)
|rule|Species Clause: Limit one of each Pokémon
|rule|Item Clause: Limit 1 of each item
|clearpoke
|poke|p1|Chimecho, L50, M|
|poke|p1|Starmie, L50|
|poke|p1|Klefki, L50, F|
|poke|p1|Rotom-Mow, L50|
|poke|p1|Salazzle, L50, F|
|poke|p1|Gliscor, L50, F, shiny|
|poke|p2|Arcanine, L50, M|
|poke|p2|Decidueye-Hisui, L50, M|
|poke|p2|Altaria, L50, M|
|poke|p2|Liepard, L50, F|
|poke|p2|Diggersby, L50, F|
|poke|p2|Blastoise, L50, F|
|teampreview|4
|showteam|p1|Chimecho||Leftovers|Levitate|StoredPower,CosmicPower,Recover,Protect|Bold||M|||50|]Starmie||Starminite|Illuminate|AquaJet,Liquidation,Protect,BulkUp|Jolly|||||50|]Klefki||LightClay|Prankster|RainDance,DazzlingGleam,Reflect,LightScreen|Calm||F|||50|]Rotom-Mow||ChoiceScarf|Levitate|VoltSwitch,Trick,LeafStorm,Thunderbolt|Timid|||||50|]Salazzle||FocusSash|Corrosion|FakeOut,HeatWave,Encore,Protect|Hasty||F|||50|]Gliscor||SitrusBerry|HyperCutter|Earthquake,Tailwind,Toxic,Protect|Jolly||F|||50|
|showteam|p2|Arcanine||SitrusBerry|Intimidate|Protect,FlareBlitz,Howl,ExtremeSpeed|Adamant||M|||50|]Decidueye-Hisui||ChoiceScarf|Scrappy|TripleArrows,LeafBlade,Uturn,KnockOff|Adamant||M|||50|]Altaria||Altarianite|CloudNine|HyperVoice,Protect,Tailwind,DragonPulse|Modest||M|||50|]Liepard||FocusSash|Prankster|KnockOff,Taunt,FakeOut,Yawn|Jolly||F|||50|]Diggersby||LifeOrb|HugePower|HighHorsepower,RockSlide,IronHead,Protect|Adamant||F|||50|]Blastoise||MysticWater|Torrent|FakeOut,WaveCrash,AquaJet,BrickBreak|Adamant||F|||50|
|inactive|Battle timer is ON: inactive players will automatically lose when time's up. (requested by Mega Chime Time)
|inactive|midranger has 60 seconds left.
|
|t:|1783445280
|teamsize|p1|4
|teamsize|p2|4
|start
|switch|p1a: Klefki|Klefki, L50, F|100/100
|switch|p1b: Starmie|Starmie, L50|100/100
|switch|p2a: Diggersby|Diggersby, L50, F|100/100
|switch|p2b: Blastoise|Blastoise, L50, F|100/100
|turn|1
|inactive|Mega Chime Time has 30 seconds left.
|inactive|Mega Chime Time has 20 seconds left.
|
|t:|1783445316
|detailschange|p1b: Starmie|Starmie-Mega, L50
|-mega|p1b: Starmie|Starmie|Starminite
|move|p1b: Starmie|Protect|p1b: Starmie
|-singleturn|p1b: Starmie|Protect
|move|p2b: Blastoise|Fake Out|p1b: Starmie
|-activate|p1b: Starmie|move: Protect
|move|p1a: Klefki|Reflect|p1a: Klefki
|-sidestart|p1: Mega Chime Time|Reflect
|move|p2a: Diggersby|High Horsepower|p1a: Klefki
|-supereffective|p1a: Klefki|1
|-damage|p1a: Klefki|0 fnt
|faint|p1a: Klefki
|-damage|p2a: Diggersby|90/100|[from] item: Life Orb
|
|upkeep
|
|t:|1783445325
|switch|p1a: Chimecho|Chimecho, L50, M|100/100
|turn|2
|
|t:|1783445338
|switch|p2a: Arcanine|Arcanine, L50, M|100/100
|-ability|p2a: Arcanine|Intimidate|boost
|-unboost|p1a: Chimecho|atk|1
|-unboost|p1b: Starmie|atk|1
|move|p1b: Starmie|Liquidation|p2a: Arcanine
|-supereffective|p2a: Arcanine|1
|-damage|p2a: Arcanine|8/100
|-enditem|p2a: Arcanine|Sitrus Berry|[eat]
|-heal|p2a: Arcanine|33/100|[from] item: Sitrus Berry
|move|p2b: Blastoise|Brick Break|p1b: Starmie
|-sideend|p1: Mega Chime Time|Reflect
|-resisted|p1b: Starmie|1
|-damage|p1b: Starmie|89/100
|move|p1a: Chimecho|Cosmic Power|p1a: Chimecho
|-boost|p1a: Chimecho|def|1
|-boost|p1a: Chimecho|spd|1
|
|upkeep
|turn|3
|inactive|midranger has 30 seconds left.
|
|t:|1783445365
|switch|p2a: Altaria|Altaria, L50, M|100/100
|-ability|p2a: Altaria|Cloud Nine
|move|p1b: Starmie|Liquidation|p2a: Altaria
|-resisted|p2a: Altaria|1
|-damage|p2a: Altaria|73/100
|move|p2b: Blastoise|Wave Crash|p1a: Chimecho
|-crit|p1a: Chimecho
|-damage|p1a: Chimecho|26/100
|-damage|p2b: Blastoise|76/100|[from] Recoil
|move|p1a: Chimecho|Cosmic Power|p1a: Chimecho
|-boost|p1a: Chimecho|def|1
|-boost|p1a: Chimecho|spd|1
|
|-heal|p1a: Chimecho|32/100|[from] item: Leftovers
|upkeep
|turn|4
|
|t:|1783445389
|detailschange|p2a: Altaria|Altaria-Mega, L50, M
|-mega|p2a: Altaria|Altaria|Altarianite
|move|p1a: Chimecho|Protect|p1a: Chimecho
|-singleturn|p1a: Chimecho|Protect
|move|p1b: Starmie|Bulk Up|p1b: Starmie
|-boost|p1b: Starmie|atk|1
|-boost|p1b: Starmie|def|1
|move|p2a: Altaria|Hyper Voice|p1a: Chimecho|[spread] p1b
|-activate|p1a: Chimecho|move: Protect
|-damage|p1b: Starmie|40/100
|move|p2b: Blastoise|Wave Crash|p1a: Chimecho
|-activate|p1a: Chimecho|move: Protect
|
|-heal|p1a: Chimecho|39/100|[from] item: Leftovers
|upkeep
|turn|5
|
|t:|1783445404
|switch|p2b: Arcanine|Arcanine, L50, M|33/100
|-ability|p2b: Arcanine|Intimidate|boost
|-unboost|p1a: Chimecho|atk|1
|-unboost|p1b: Starmie|atk|1
|move|p1b: Starmie|Liquidation|p2b: Arcanine
|-supereffective|p2b: Arcanine|1
|-damage|p2b: Arcanine|0 fnt
|faint|p2b: Arcanine
|move|p2a: Altaria|Hyper Voice|p1b: Starmie|[spread] p1a,p1b
|-damage|p1a: Chimecho|19/100
|-damage|p1b: Starmie|0 fnt
|faint|p1b: Starmie
|move|p1a: Chimecho|Recover|p1a: Chimecho
|-heal|p1a: Chimecho|69/100
|
|-heal|p1a: Chimecho|75/100|[from] item: Leftovers
|upkeep
|
|t:|1783445419
|switch|p1b: Salazzle|Salazzle, L50, F|100/100
|switch|p2b: Blastoise|Blastoise, L50, F|76/100
|turn|6
|
|t:|1783445438
|move|p1b: Salazzle|Fake Out|p2b: Blastoise
|-damage|p2b: Blastoise|70/100
|move|p2a: Altaria|Hyper Voice|p1b: Salazzle|[spread] p1a,p1b
|-resisted|p1b: Salazzle|2
|-damage|p1a: Chimecho|55/100
|-damage|p1b: Salazzle|81/100
|cant|p2b: Blastoise|flinch
|move|p1a: Chimecho|Cosmic Power|p1a: Chimecho
|-boost|p1a: Chimecho|def|1
|-boost|p1a: Chimecho|spd|1
|
|-heal|p1a: Chimecho|61/100|[from] item: Leftovers
|upkeep
|turn|7
|inactive|midranger has 30 seconds left.
|
|t:|1783445467
|switch|p2a: Diggersby|Diggersby, L50, F|90/100
|move|p1b: Salazzle|Protect|p1b: Salazzle
|-singleturn|p1b: Salazzle|Protect
|move|p2b: Blastoise|Aqua Jet|p1b: Salazzle
|-activate|p1b: Salazzle|move: Protect
|move|p1a: Chimecho|Recover|p1a: Chimecho
|-heal|p1a: Chimecho|100/100
|
|upkeep
|turn|8
|
|t:|1783445489
|move|p1b: Salazzle|Protect|p1b: Salazzle
|-singleturn|p1b: Salazzle|Protect
|move|p2a: Diggersby|Protect|p2a: Diggersby
|-singleturn|p2a: Diggersby|Protect
|move|p2b: Blastoise|Aqua Jet|p1b: Salazzle
|-activate|p1b: Salazzle|move: Protect
|move|p1a: Chimecho|Stored Power|p2a: Diggersby
|-activate|p2a: Diggersby|move: Protect
|
|upkeep
|turn|9
|
|t:|1783445500
|move|p2a: Diggersby|Protect||[still]
|-fail|p2a: Diggersby
|move|p2b: Blastoise|Aqua Jet|p1b: Salazzle
|-supereffective|p1b: Salazzle|1
|-damage|p1b: Salazzle|14/100
|move|p1b: Salazzle|Encore|p2a: Diggersby
|-start|p2a: Diggersby|Encore
|move|p1a: Chimecho|Stored Power|p2b: Blastoise
|-damage|p2b: Blastoise|30/100
|
|upkeep
|turn|10
|
|t:|1783445519
|move|p1b: Salazzle|Protect|p1b: Salazzle
|-singleturn|p1b: Salazzle|Protect
|move|p2a: Diggersby|Protect|p2a: Diggersby
|-singleturn|p2a: Diggersby|Protect
|move|p2b: Blastoise|Aqua Jet|p1b: Salazzle
|-activate|p1b: Salazzle|move: Protect
|move|p1a: Chimecho|Stored Power|p2b: Blastoise
|-damage|p2b: Blastoise|0 fnt
|faint|p2b: Blastoise
|
|upkeep
|
|t:|1783445529
|switch|p2b: Altaria|Altaria-Mega, L50, M|73/100
|turn|11
|
|t:|1783445543
|move|p2a: Diggersby|Protect||[still]
|-fail|p2a: Diggersby
|move|p1b: Salazzle|Heat Wave|p2b: Altaria|[spread] p2a,p2b
|-resisted|p2b: Altaria|1
|-damage|p2a: Diggersby|48/100
|-damage|p2b: Altaria|57/100
|-status|p2a: Diggersby|brn
|move|p2b: Altaria|Dragon Pulse|p1b: Salazzle
|-crit|p1b: Salazzle
|-damage|p1b: Salazzle|0 fnt
|faint|p1b: Salazzle
|move|p1a: Chimecho|Stored Power|p2a: Diggersby
|-damage|p2a: Diggersby|0 fnt
|faint|p2a: Diggersby
|
|upkeep
|turn|12
|
|t:|1783445557
|move|p2b: Altaria|Hyper Voice|p1a: Chimecho
|-damage|p1a: Chimecho|78/100
|move|p1a: Chimecho|Stored Power|p2b: Altaria
|-damage|p2b: Altaria|14/100
|
|-heal|p1a: Chimecho|84/100|[from] item: Leftovers
|upkeep
|turn|13
|
|t:|1783445564
|move|p1a: Chimecho|Protect|p1a: Chimecho
|-singleturn|p1a: Chimecho|Protect
|move|p2b: Altaria|Hyper Voice|p1a: Chimecho
|-activate|p1a: Chimecho|move: Protect
|
|-heal|p1a: Chimecho|90/100|[from] item: Leftovers
|upkeep
|turn|14
|
|t:|1783445573
|move|p2b: Altaria|Hyper Voice|p1a: Chimecho
|-damage|p1a: Chimecho|70/100
|move|p1a: Chimecho|Stored Power|p2b: Altaria
|-damage|p2b: Altaria|0 fnt
|faint|p2b: Altaria
|
|win|Mega Chime Time
|c|☆Mega Chime Time|GGs
|c|☆midranger|ggs
|l|☆midranger
|player|p2|
