|j|☆EZMELL
|j|☆papyth
|html|EZMELLpapyth    
|uhtml|bestof|Game 1 of a best-of-3
|t:|1784190815
|gametype|doubles
|player|p1|EZMELL|1|1000
|player|p2|papyth|101|1101
|gen|9
|tier|[Gen 9 Champions] VGC 2026 Reg M-B (Bo3)
|rated|
|rule|Species Clause: Limit one of each Pokémon
|rule|Item Clause: Limit 1 of each item
|clearpoke
|poke|p1|Aerodactyl, L50, F, shiny|
|poke|p1|Charizard, L50, M, shiny|
|poke|p1|Farigiraf, L50, F|
|poke|p1|Kingambit, L50, F|
|poke|p1|Sylveon, L50, F|
|poke|p1|Garchomp, L50, M|
|poke|p2|Drampa, L50, M|
|poke|p2|Farigiraf, L50, F|
|poke|p2|Torkoal, L50, M|
|poke|p2|Vivillon, L50, F|
|poke|p2|Garchomp, L50, M|
|poke|p2|Mawile, L50, M|
|teampreview|4
|showteam|p1|Aerodactyl||Aerodactylite|Unnerve|DualWingbeat,Tailwind,IceFang,RockSlide|Jolly||F|||50|]Charizard||CharizarditeY|Blaze|Protect,WeatherBall,SolarBeam,HeatWave|Modest||M|||50|]Farigiraf||SitrusBerry|ArmorTail|TrickRoom,Roar,Thunderbolt,TwinBeam|Bold||F|||50|]Kingambit||FocusSash|Defiant|SuckerPunch,IronHead,KowtowCleave,LowKick|Adamant||F|||50|]Sylveon||FairyFeather|Pixilate|Detect,HyperBeam,QuickAttack,HyperVoice|Modest||F|||50|]Garchomp||SoftSand|RoughSkin|Protect,Earthquake,DragonClaw,StompingTantrum|Jolly||M|||50|
|showteam|p2|Drampa||Drampanite|SapSipper|DracoMeteor,HyperBeam,Protect,HyperVoice|Modest||M|||50|]Farigiraf||Leftovers|ArmorTail|TrickRoom,HelpingHand,Thunderbolt,PsychicNoise|Quiet||F|||50|]Torkoal||SitrusBerry|Drought|Eruption,WeatherBall,IronDefense,BodyPress|Quiet||M|||50|]Vivillon||FocusSash|FriendGuard|Tailwind,SleepPowder,Uturn,BugBuzz|Timid||F|||50|]Garchomp||LifeOrb|RoughSkin|StompingTantrum,Protect,DragonRush,RockSlide|Jolly||M|||50|]Mawile||Mawilite|Intimidate|PlayRough,IronHead,IcePunch,Protect|Brave||M|||50|
|
|t:|1784190865
|teamsize|p1|4
|teamsize|p2|4
|start
|switch|p1a: Kingambit|Kingambit, L50, F|100/100
|switch|p1b: Farigiraf|Farigiraf, L50, F|100/100
|switch|p2a: Vivillon|Vivillon, L50, F|100/100
|switch|p2b: Garchomp|Garchomp, L50, M|100/100
|turn|1
|inactive|Battle timer is ON: inactive players will automatically lose when time's up. (requested by papyth)
|inactive|EZMELL has 60 seconds left.
|
|t:|1784190908
|move|p2b: Garchomp|Stomping Tantrum|p1a: Kingambit
|-supereffective|p1a: Kingambit|1
|-damage|p1a: Kingambit|30/100
|-damage|p2b: Garchomp|90/100|[from] item: Life Orb
|move|p2a: Vivillon|Tailwind|p2a: Vivillon
|-sidestart|p2: papyth|move: Tailwind
|move|p1a: Kingambit|Iron Head|p2a: Vivillon
|-damage|p2a: Vivillon|22/100
|move|p1b: Farigiraf|Trick Room|p1b: Farigiraf
|-fieldstart|move: Trick Room|[of] p1b: Farigiraf
|
|upkeep
|turn|2
|inactive|EZMELL has 30 seconds left.
|
|t:|1784190936
|move|p1a: Kingambit|Iron Head|p2a: Vivillon
|-damage|p2a: Vivillon|0 fnt
|faint|p2a: Vivillon
|move|p1b: Farigiraf|Twin Beam|p2b: Garchomp
|-damage|p2b: Garchomp|67/100
|-damage|p2b: Garchomp|46/100
|-hitcount|p2b: Garchomp|2
|move|p2b: Garchomp|Stomping Tantrum|p1a: Kingambit
|-supereffective|p1a: Kingambit|1
|-damage|p1a: Kingambit|0 fnt
|faint|p1a: Kingambit
|-damage|p2b: Garchomp|36/100|[from] item: Life Orb
|
|upkeep
|
|t:|1784190950
|switch|p1a: Sylveon|Sylveon, L50, F|100/100
|switch|p2a: Torkoal|Torkoal, L50, M|100/100
|-weather|SunnyDay|[from] ability: Drought|[of] p2a: Torkoal
|turn|3
|
|t:|1784190973
|move|p1a: Sylveon|Detect|p1a: Sylveon
|-singleturn|p1a: Sylveon|Protect
|move|p2b: Garchomp|Protect|p2b: Garchomp
|-singleturn|p2b: Garchomp|Protect
|move|p2a: Torkoal|Eruption|p1a: Sylveon|[spread] p1b
|-activate|p1a: Sylveon|move: Protect
|-damage|p1b: Farigiraf|12/100
|-enditem|p1b: Farigiraf|Sitrus Berry|[eat]
|-heal|p1b: Farigiraf|37/100|[from] item: Sitrus Berry
|move|p1b: Farigiraf|Twin Beam|p2b: Garchomp
|-activate|p2b: Garchomp|move: Protect
|
|-weather|SunnyDay|[upkeep]
|upkeep
|turn|4
|
|t:|1784190995
|switch|p1a: Aerodactyl|Aerodactyl, L50, F, shiny|100/100
|-ability|p1a: Aerodactyl|Unnerve
|switch|p2b: Mawile|Mawile, L50, M|100/100
|-ability|p2b: Mawile|Intimidate|boost
|-unboost|p1a: Aerodactyl|atk|1
|-unboost|p1b: Farigiraf|atk|1
|move|p2a: Torkoal|Eruption|p1a: Aerodactyl|[spread] p1a,p1b
|-resisted|p1a: Aerodactyl|1
|-damage|p1a: Aerodactyl|54/100
|-damage|p1b: Farigiraf|0 fnt
|faint|p1b: Farigiraf
|
|-weather|SunnyDay|[upkeep]
|-sideend|p2: papyth|move: Tailwind
|upkeep
|
|t:|1784191009
|switch|p1b: Sylveon|Sylveon, L50, F|100/100
|turn|5
|inactive|EZMELL has 30 seconds left.
|
|t:|1784191041
|detailschange|p2b: Mawile|Mawile-Mega, L50, M
|-mega|p2b: Mawile|Mawile|Mawilite
|detailschange|p1a: Aerodactyl|Aerodactyl-Mega, L50, F, shiny
|-mega|p1a: Aerodactyl|Aerodactyl|Aerodactylite
|move|p1b: Sylveon|Detect|p1b: Sylveon
|-singleturn|p1b: Sylveon|Protect
|move|p2a: Torkoal|Eruption|p1a: Aerodactyl|[spread] p1a
|-activate|p1b: Sylveon|move: Protect
|-resisted|p1a: Aerodactyl|1
|-damage|p1a: Aerodactyl|16/100
|move|p2b: Mawile|Ice Punch|p1a: Aerodactyl
|-supereffective|p1a: Aerodactyl|1
|-damage|p1a: Aerodactyl|0 fnt
|faint|p1a: Aerodactyl
|
|-weather|SunnyDay|[upkeep]
|-fieldend|move: Trick Room
|upkeep
|turn|6
|
|t:|1784191059
|move|p1b: Sylveon|Hyper Voice|p2b: Mawile|[spread] p2a,p2b
|-resisted|p2a: Torkoal|1
|-resisted|p2b: Mawile|1
|-damage|p2a: Torkoal|66/100
|-damage|p2b: Mawile|68/100
|move|p2b: Mawile|Iron Head|p1b: Sylveon
|-supereffective|p1b: Sylveon|1
|-damage|p1b: Sylveon|0 fnt
|faint|p1b: Sylveon
|
|win|papyth
||papyth is ready for game 2.
||EZMELL is ready for game 2.
|uhtml|next|Next: Game 2 of 3
