|j|☆BinkPlayz
|j|☆guillelona
|html|BinkPlayzguillelona    
|uhtml|bestof|Game 2 of a best-of-3
|t:|1785000152
|gametype|doubles
|player|p1|BinkPlayz|veteran|1136
|player|p2|guillelona|veteran|1255
|gen|9
|tier|[Gen 9 Champions] VGC 2026 Reg M-B (Bo3)
|rated|
|rule|Species Clause: Limit one of each Pokémon
|rule|Item Clause: Limit 1 of each item
|clearpoke
|poke|p1|Sceptile, L50, F|
|poke|p1|Sneasler, L50, M|
|poke|p1|Lycanroc-Dusk, L50, F|
|poke|p1|Talonflame, L50, M|
|poke|p1|Scrafty, L50, F|
|poke|p1|Heliolisk, L50, M|
|poke|p2|Vivillon-Tundra, L50, M|
|poke|p2|Mawile, L50, M|
|poke|p2|Torkoal, L50, F|
|poke|p2|Farigiraf, L50, F|
|poke|p2|Garchomp, L50, F|
|poke|p2|Raichu, L50, F|
|teampreview|4
|showteam|p1|Sceptile||Sceptilite|Overgrow|EnergyBall,DragonPulse,EarthPower,Protect|Timid||F|||50|]Sneasler||WhiteHerb|Unburden|GunkShot,CloseCombat,Taunt,Protect|Jolly||M|||50|]Lycanroc-Dusk||FocusSash|ToughClaws|Accelerock,RockSlide,CloseCombat,Protect|Adamant||F|||50|]Talonflame||SharpBeak|GaleWings|BraveBird,DualWingbeat,Tailwind,Protect|Jolly||M|||50|]Scrafty||Scraftinite|Intimidate|KnockOff,DrainPunch,FakeOut,Protect|Adamant||F|||50|]Heliolisk||ChoiceScarf|DrySkin|Discharge,Electroweb,Thunderbolt,HyperVoice|Timid||M|||50|
|showteam|p2|Vivillon-Tundra||FocusSash|CompoundEyes|Hurricane,SleepPowder,RagePowder,Protect|Timid||M|||50|]Mawile||Mawilite|Intimidate|PlayRough,RockSlide,SuckerPunch,Protect|Adamant||M|||50|]Torkoal||Charcoal|Drought|Eruption,WeatherBall,Protect,EarthPower|Quiet||F|||50|]Farigiraf||SitrusBerry|ArmorTail|Psychic,Thunderbolt,TrickRoom,HelpingHand|Relaxed||F|||50|]Garchomp||LifeOrb|RoughSkin|DragonClaw,Earthquake,RockSlide,Protect|Jolly||F|||50|]Raichu||RaichuniteY|LightningRod|ZapCannon,FocusBlast,FakeOut,Protect|Timid||F|||50|
|inactive|Battle timer is ON: inactive players will automatically lose when time's up. (requested by BinkPlayz)
|inactive|guillelona has 60 seconds left.
|
|t:|1785000188
|teamsize|p1|4
|teamsize|p2|4
|start
|switch|p1a: Scrafty|Scrafty, L50, F|100/100
|switch|p1b: Sneasler|Sneasler, L50, M|100/100
|switch|p2a: Vivillon|Vivillon-Tundra, L50, M|100/100
|switch|p2b: Farigiraf|Farigiraf, L50, F|100/100
|-ability|p1a: Scrafty|Intimidate|boost
|-unboost|p2a: Vivillon|atk|1
|-unboost|p2b: Farigiraf|atk|1
|turn|1
|
|t:|1785000202
|move|p1a: Scrafty|Fake Out||[still]
|cant|p2b: Farigiraf|ability: Armor Tail|Fake Out|[of] p1a: Scrafty
|move|p1b: Sneasler|Taunt|p2b: Farigiraf
|-start|p2b: Farigiraf|move: Taunt
|move|p2a: Vivillon|Sleep Powder|p1a: Scrafty
|-status|p1a: Scrafty|slp|[from] move: Sleep Powder
|cant|p2b: Farigiraf|move: Taunt|Trick Room
|
|upkeep
|turn|2
|
|t:|1785000220
|move|p1b: Sneasler|Gunk Shot|p2a: Vivillon
|-enditem|p2a: Vivillon|Focus Sash
|-damage|p2a: Vivillon|1/100
|move|p2a: Vivillon|Hurricane|p1a: Scrafty|[miss]
|-miss|p2a: Vivillon|p1a: Scrafty
|cant|p1a: Scrafty|slp
|move|p2b: Farigiraf|Psychic|p1b: Sneasler
|-supereffective|p1b: Sneasler|2
|-damage|p1b: Sneasler|0 fnt
|faint|p1b: Sneasler
|
|upkeep
|
|t:|1785000225
|switch|p1b: Lycanroc|Lycanroc-Dusk, L50, F|100/100
|turn|3
|
|t:|1785000247
|switch|p2b: Mawile|Mawile, L50, M|100/100
|-ability|p2b: Mawile|Intimidate|boost
|-unboost|p1a: Scrafty|atk|1
|-unboost|p1b: Lycanroc|atk|1
|move|p1b: Lycanroc|Rock Slide|p2b: Mawile|[spread] p2a,p2b
|-supereffective|p2a: Vivillon|2
|-resisted|p2b: Mawile|1
|-damage|p2a: Vivillon|0 fnt
|-damage|p2b: Mawile|87/100
|faint|p2a: Vivillon
|-curestatus|p1a: Scrafty|slp|[msg]
|move|p1a: Scrafty|Knock Off|p2b: Mawile
|-resisted|p2b: Mawile|1
|-damage|p2b: Mawile|75/100
|
|upkeep
|
|t:|1785000259
|switch|p2a: Farigiraf|Farigiraf, L50, F|100/100
|turn|4
|
|t:|1785000268
|detailschange|p1a: Scrafty|Scrafty-Mega, L50, F
|-mega|p1a: Scrafty|Scrafty|Scraftinite
|-ability|p1a: Scrafty|Intimidate|boost
|-unboost|p2a: Farigiraf|atk|1
|-unboost|p2b: Mawile|atk|1
|detailschange|p2b: Mawile|Mawile-Mega, L50, M
|-mega|p2b: Mawile|Mawile|Mawilite
|move|p1b: Lycanroc|Rock Slide|p2b: Mawile|[spread] p2a,p2b
|-resisted|p2b: Mawile|1
|-damage|p2a: Farigiraf|83/100
|-damage|p2b: Mawile|66/100
|move|p1a: Scrafty|Knock Off|p2a: Farigiraf
|-supereffective|p2a: Farigiraf|1
|-damage|p2a: Farigiraf|25/100
|-enditem|p2a: Farigiraf|Sitrus Berry|[from] move: Knock Off|[of] p1a: Scrafty
|move|p2b: Mawile|Play Rough|p1a: Scrafty
|-supereffective|p1a: Scrafty|2
|-damage|p1a: Scrafty|0 fnt
|faint|p1a: Scrafty
|move|p2a: Farigiraf|Trick Room|p2a: Farigiraf
|-fieldstart|move: Trick Room|[of] p2a: Farigiraf
|
|upkeep
|
|t:|1785000280
|switch|p1a: Talonflame|Talonflame, L50, M|100/100
|turn|5
|-message|BinkPlayz forfeited.
|
|win|guillelona
|raw|BinkPlayz's rating: 1136 → 1119(-17 for losing)
|raw|guillelona's rating: 1255 → 1272(+17 for winning)
|l|☆BinkPlayz
|player|p1|
