|j|☆Saladcookies
|j|☆Oscarm92
|html|SaladcookiesOscarm92    
|uhtml|bestof|Game 1 of a best-of-3
|t:|1784321502
|gametype|doubles
|player|p1|Saladcookies|janitor|1159
|player|p2|Oscarm92|102|1283
|gen|9
|tier|[Gen 9 Champions] VGC 2026 Reg M-B (Bo3)
|rated|
|rule|Species Clause: Limit one of each Pokémon
|rule|Item Clause: Limit 1 of each item
|clearpoke
|poke|p1|Sneasler, L50, M|
|poke|p1|Blastoise, L50, M|
|poke|p1|Malamar, L50, F|
|poke|p1|Incineroar, L50, F|
|poke|p1|Delphox, L50, F|
|poke|p1|Sinistcha, L50|
|poke|p2|Charizard, L50, F, shiny|
|poke|p2|Aerodactyl, L50, F|
|poke|p2|Garchomp, L50, F, shiny|
|poke|p2|Kingambit, L50, M|
|poke|p2|Sylveon, L50, F|
|poke|p2|Farigiraf, L50, F|
|teampreview|4
|showteam|p1|Sneasler||FocusSash|PoisonTouch|PoisonJab,CloseCombat,FakeOut,QuickGuard|Jolly||M|||50|]Blastoise||Blastoisinite|RainDish|DarkPulse,WaterSpout,ShellSmash,Protect|Modest||M|||50|]Malamar||Leftovers|Contrary|Superpower,KnockOff,TopsyTurvy,Protect|Adamant||F|||50|]Incineroar||SitrusBerry|Intimidate|FlareBlitz,ThroatChop,PartingShot,FakeOut|Careful||F|||50|]Delphox||Delphoxite|Blaze|HeatWave,NastyPlot,Psychic,Protect|Modest||F|||50|]Sinistcha||KasibBerry|Hospitality|MatchaGotcha,RagePowder,TrickRoom,Protect|Bold|||||50|
|showteam|p2|Charizard||CharizarditeY|Blaze|HeatWave,WeatherBall,SolarBeam,Protect|Modest||F|||50|]Aerodactyl||Aerodactylite|Unnerve|IceFang,RockSlide,Tailwind,DualWingbeat|Jolly||F|||50|]Garchomp||LifeOrb|RoughSkin|DragonClaw,StompingTantrum,Earthquake,Protect|Jolly||F|||50|]Kingambit||FocusSash|Defiant|SuckerPunch,KowtowCleave,IronHead,LowKick|Adamant||M|||50|]Sylveon||FairyFeather|Pixilate|QuickAttack,HyperVoice,HyperBeam,Protect|Modest||F|||50|]Farigiraf||SitrusBerry|ArmorTail|TrickRoom,Thunderbolt,Roar,Psychic|Bold||F|||50|
|
|t:|1784321540
|teamsize|p1|4
|teamsize|p2|4
|start
|switch|p1a: Blastoise|Blastoise, L50, M|100/100
|switch|p1b: Sneasler|Sneasler, L50, M|100/100
|switch|p2a: Charizard|Charizard, L50, F, shiny|100/100
|switch|p2b: Kingambit|Kingambit, L50, M|100/100
|turn|1
|
|t:|1784321557
|switch|p2b: Farigiraf|Farigiraf, L50, F|100/100
|detailschange|p2a: Charizard|Charizard-Mega-Y, L50, F, shiny
|-mega|p2a: Charizard|Charizard|Charizardite Y
|-weather|SunnyDay|[from] ability: Drought|[of] p2a: Charizard
|move|p1a: Blastoise|Protect|p1a: Blastoise
|-singleturn|p1a: Blastoise|Protect
|move|p1b: Sneasler|Poison Jab|p2a: Charizard
|-damage|p2a: Charizard|62/100
|move|p2a: Charizard|Solar Beam||[still]
|-prepare|p2a: Charizard|Solar Beam
|-anim|p2a: Charizard|Solar Beam|p1a: Blastoise
|-activate|p1a: Blastoise|move: Protect
|
|-weather|SunnyDay|[upkeep]
|upkeep
|turn|2
|
|t:|1784321597
|detailschange|p1a: Blastoise|Blastoise-Mega, L50, M
|-mega|p1a: Blastoise|Blastoise|Blastoisinite
|move|p1b: Sneasler|Poison Jab|p2b: Farigiraf
|-damage|p2b: Farigiraf|69/100
|move|p2a: Charizard|Solar Beam||[still]
|-prepare|p2a: Charizard|Solar Beam
|-anim|p2a: Charizard|Solar Beam|p1a: Blastoise
|-supereffective|p1a: Blastoise|1
|-damage|p1a: Blastoise|4/100
|move|p1a: Blastoise|Dark Pulse|p2b: Farigiraf
|-supereffective|p2b: Farigiraf|1
|-damage|p2b: Farigiraf|0 fnt
|faint|p2b: Farigiraf
|
|-weather|SunnyDay|[upkeep]
|upkeep
|
|t:|1784321613
|switch|p2b: Sylveon|Sylveon, L50, F|100/100
|turn|3
|
|t:|1784321637
|switch|p1a: Incineroar|Incineroar, L50, F|100/100
|-ability|p1a: Incineroar|Intimidate|boost
|-unboost|p2a: Charizard|atk|1
|-unboost|p2b: Sylveon|atk|1
|move|p2b: Sylveon|Quick Attack|p1a: Incineroar
|-damage|p1a: Incineroar|91/100
|move|p1b: Sneasler|Poison Jab|p2b: Sylveon
|-supereffective|p2b: Sylveon|1
|-damage|p2b: Sylveon|3/100
|move|p2a: Charizard|Weather Ball|p1b: Sneasler
|-enditem|p1b: Sneasler|Focus Sash
|-damage|p1b: Sneasler|1/100
|
|-weather|SunnyDay|[upkeep]
|upkeep
|turn|4
|
|t:|1784321661
|switch|p1b: Blastoise|Blastoise-Mega, L50, M|4/100
|move|p2a: Charizard|Protect|p2a: Charizard
|-singleturn|p2a: Charizard|Protect
|move|p2b: Sylveon|Protect|p2b: Sylveon
|-singleturn|p2b: Sylveon|Protect
|move|p1a: Incineroar|Fake Out|p2b: Sylveon
|-activate|p2b: Sylveon|move: Protect
|
|-weather|SunnyDay|[upkeep]
|upkeep
|turn|5
|
|t:|1784321688
|move|p1b: Blastoise|Protect|p1b: Blastoise
|-singleturn|p1b: Blastoise|Protect
|move|p2a: Charizard|Heat Wave|p1a: Incineroar|[spread] p1a
|-activate|p1b: Blastoise|move: Protect
|-resisted|p1a: Incineroar|1
|-damage|p1a: Incineroar|65/100
|move|p1a: Incineroar|Flare Blitz|p2b: Sylveon
|-damage|p2b: Sylveon|0 fnt
|faint|p2b: Sylveon
|-damage|p1a: Incineroar|64/100|[from] Recoil
|
|-weather|none
|upkeep
|
|t:|1784321691
|switch|p2b: Kingambit|Kingambit, L50, M|100/100
|turn|6
|
|t:|1784321721
|move|p2a: Charizard|Heat Wave|p1b: Blastoise|[spread] p1a,p1b
|-resisted|p1a: Incineroar|1
|-crit|p1a: Incineroar
|-resisted|p1b: Blastoise|1
|-damage|p1a: Incineroar|41/100
|-damage|p1b: Blastoise|0 fnt
|-enditem|p1a: Incineroar|Sitrus Berry|[eat]
|-heal|p1a: Incineroar|66/100|[from] item: Sitrus Berry
|faint|p1b: Blastoise
|move|p1a: Incineroar|Flare Blitz|p2b: Kingambit
|-supereffective|p2b: Kingambit|1
|-damage|p2b: Kingambit|17/100
|-damage|p1a: Incineroar|42/100|[from] Recoil
|move|p2b: Kingambit|Low Kick|p1a: Incineroar
|-supereffective|p1a: Incineroar|1
|-damage|p1a: Incineroar|0 fnt
|faint|p1a: Incineroar
|
|upkeep
|
|t:|1784321725
|switch|p1b: Sneasler|Sneasler, L50, M|1/100
|switch|p1a: Sinistcha|Sinistcha, L50|100/100
|-heal|p1b: Sneasler|25/100|[from] ability: Hospitality|[of] p1a: Sinistcha
|turn|7
|
|t:|1784321755
|move|p2a: Charizard|Protect|p2a: Charizard
|-singleturn|p2a: Charizard|Protect
|move|p1b: Sneasler|Fake Out|p2a: Charizard
|-activate|p2a: Charizard|move: Protect
|move|p2b: Kingambit|Sucker Punch||[still]
|-fail|p2b: Kingambit
|move|p1a: Sinistcha|Matcha Gotcha|p2b: Kingambit|[spread] p2b
|-activate|p2a: Charizard|move: Protect
|-resisted|p2b: Kingambit|1
|-damage|p2b: Kingambit|5/100
|
|upkeep
|turn|8
|
|t:|1784321773
|move|p1a: Sinistcha|Rage Powder|p1a: Sinistcha
|-singleturn|p1a: Sinistcha|move: Rage Powder
|move|p2b: Kingambit|Sucker Punch||[still]
|-fail|p2b: Kingambit
|move|p1b: Sneasler|Poison Jab|p2a: Charizard
|-damage|p2a: Charizard|19/100
|move|p2a: Charizard|Heat Wave|p1b: Sneasler|[spread] p1a,p1b
|-supereffective|p1a: Sinistcha|1
|-damage|p1a: Sinistcha|31/100
|-damage|p1b: Sneasler|0 fnt
|faint|p1b: Sneasler
|
|upkeep
|turn|9
|-message|Saladcookies forfeited.
|
|win|Oscarm92
||Saladcookies is ready for game 2.
|inactive|Oscarm92 has 28 seconds to confirm battle start!
||Oscarm92 is ready for game 2.
|uhtml|next|Next: Game 2 of 3
|l|☆Saladcookies
|player|p1|
