|j|☆kojay
|j|☆Camilo997
|html|kojayCamilo997    
|uhtml|bestof|Game 1 of a best-of-3
|t:|1756827875
|gametype|doubles
|player|p1|kojay|kamado-armor|1065
|player|p2|Camilo997|169|1156
|gen|9
|tier|[Gen 9] VGC 2025 Reg H (Bo3)
|rated|
|rule|Species Clause: Limit one of each Pokémon
|rule|Item Clause: Limit 1 of each item
|clearpoke
|poke|p1|Sneasler, L50, F|
|poke|p1|Incineroar, L50, M|
|poke|p1|Dragonite, L50, M|
|poke|p1|Gholdengo, L50|
|poke|p1|Ursaluna, L50, F|
|poke|p1|Murkrow, L50, M|
|poke|p2|Dragonite, L50, M|
|poke|p2|Volcarona, L50, F|
|poke|p2|Sneasler, L50, M|
|poke|p2|Rillaboom, L50, M|
|poke|p2|Electabuzz, L50, M|
|poke|p2|Torkoal, L50, M|
|teampreview|4
|showteam|p1|Sneasler||WhiteHerb|Unburden|Coaching,Protect,DireClaw,CloseCombat|||F|||50|,,,,,Ghost]Incineroar||SafetyGoggles|Intimidate|FakeOut,FlareBlitz,KnockOff,PartingShot|||M|||50|,,,,,Ghost]Dragonite||LoadedDice|InnerFocus|TeraBlast,ScaleShot,Tailwind,Protect|||M|||50|,,,,,Flying]Gholdengo||ChoiceScarf|GoodasGold|MakeItRain,ShadowBall,Trick,Thunderbolt||||||50|,,,,,Steel]Ursaluna||FlameOrb|Guts|Facade,Earthquake,HeadlongRush,Protect|||F|||50|,,,,,Ghost]Murkrow||FocusSash|Prankster|Tailwind,Haze,BraveBird,SunnyDay|||M|||50|,,,,,Ghost
|showteam|p2|Dragonite||LoadedDice|Multiscale|ScaleShot,ExtremeSpeed,Haze,Protect|||M|||50|,,,,,Fairy]Volcarona||CovertCloak|FlameBody|FieryDance,TeraBlast,QuiverDance,Protect|||F|||50|,,,,,Dragon]Sneasler||WhiteHerb|Unburden|CloseCombat,DireClaw,Coaching,FakeOut|||M|||50|,,,,,Dark]Rillaboom||AssaultVest|GrassySurge|WoodHammer,GrassyGlide,HighHorsepower,FakeOut|||M|||50|,,,,,Water]Electabuzz||Eviolite|VitalSpirit|Thunderbolt,FollowMe,Taunt,Protect|||M|||50|,,,,,Ghost]Torkoal||Charcoal|Drought|Eruption,HeatWave,EarthPower,SolarBeam|||M|||50|,,,,,Fire
|inactive|Battle timer is ON: inactive players will automatically lose when time's up. (requested by kojay)
|
|t:|1756827910
|teamsize|p1|4
|teamsize|p2|4
|start
|switch|p1a: Murkrow|Murkrow, L50, M|100/100
|switch|p1b: Ursaluna|Ursaluna, L50, F|100/100
|switch|p2a: Volcarona|Volcarona, L50, F|100/100
|switch|p2b: Sneasler|Sneasler, L50, M|100/100
|turn|1
|inactive|kojay has 30 seconds left.
|inactive|kojay has 20 seconds left.
|inactive|kojay has 15 seconds left.
|inactive|kojay has 10 seconds left.
|inactive|kojay has 5 seconds left.
|
|t:|1756827965
|move|p1a: Murkrow|Tailwind|p1a: Murkrow
|-sidestart|p1: kojay|move: Tailwind
|move|p1b: Ursaluna|Facade|p2b: Sneasler
|-damage|p2b: Sneasler|25/100
|move|p2b: Sneasler|Close Combat|p1a: Murkrow
|-enditem|p1a: Murkrow|Focus Sash
|-damage|p1a: Murkrow|1/100
|-unboost|p2b: Sneasler|def|1
|-unboost|p2b: Sneasler|spd|1
|-enditem|p2b: Sneasler|White Herb
|-clearnegativeboost|p2b: Sneasler|[silent]
|move|p2a: Volcarona|Fiery Dance|p1a: Murkrow
|-damage|p1a: Murkrow|0 fnt
|-boost|p2a: Volcarona|spa|1
|faint|p1a: Murkrow
|
|-status|p1b: Ursaluna|brn|[from] item: Flame Orb
|upkeep
|
|t:|1756827984
|switch|p1a: Gholdengo|Gholdengo, L50|100/100
|turn|2
|
|t:|1756827994
|switch|p2b: Electabuzz|Electabuzz, L50, M|100/100
|-terastallize|p1a: Gholdengo|Steel
|move|p2a: Volcarona|Protect|p2a: Volcarona
|-singleturn|p2a: Volcarona|Protect
|move|p1a: Gholdengo|Make It Rain|p2b: Electabuzz|[spread] p2b
|-activate|p2a: Volcarona|move: Protect
|-resisted|p2b: Electabuzz
|-damage|p2b: Electabuzz|74/100
|-unboost|p1a: Gholdengo|spa|1
|move|p1b: Ursaluna|Facade|p2a: Volcarona
|-activate|p2a: Volcarona|move: Protect
|
|-damage|p1b: Ursaluna|95/100 brn|[from] brn
|upkeep
|turn|3
|
|t:|1756828011
|move|p2b: Electabuzz|Follow Me|p2b: Electabuzz
|-singleturn|p2b: Electabuzz|move: Follow Me
|move|p1a: Gholdengo|Make It Rain|p2a: Volcarona|[spread] p2a,p2b
|-resisted|p2a: Volcarona
|-resisted|p2b: Electabuzz
|-damage|p2a: Volcarona|77/100
|-damage|p2b: Electabuzz|55/100
|-unboost|p1a: Gholdengo|spa|1
|move|p1b: Ursaluna|Earthquake|p2a: Volcarona|[spread] p1a,p2a,p2b
|-supereffective|p1a: Gholdengo
|-supereffective|p2b: Electabuzz
|-damage|p1a: Gholdengo|0 fnt
|-damage|p2a: Volcarona|0 fnt
|-damage|p2b: Electabuzz|0 fnt
|faint|p1a: Gholdengo
|faint|p2a: Volcarona
|faint|p2b: Electabuzz
|
|-damage|p1b: Ursaluna|89/100 brn|[from] brn
|upkeep
|
|t:|1756828023
|switch|p2a: Sneasler|Sneasler, L50, M|25/100
|switch|p1a: Dalinar|Incineroar, L50, M, shiny|100/100
|switch|p2b: Dragonite|Dragonite, L50, M|100/100
|-ability|p1a: Dalinar|Intimidate|boost
|-unboost|p2a: Sneasler|atk|1
|-unboost|p2b: Dragonite|atk|1
|turn|4
|
|t:|1756828041
|move|p2a: Sneasler|Fake Out|p1b: Ursaluna
|-damage|p1b: Ursaluna|81/100 brn
|move|p1a: Dalinar|Fake Out|p2b: Dragonite
|-damage|p2b: Dragonite|93/100
|cant|p1b: Ursaluna|flinch
|cant|p2b: Dragonite|flinch
|
|-damage|p1b: Ursaluna|75/100 brn|[from] brn
|-sideend|p1: kojay|move: Tailwind
|upkeep
|turn|5
|
|t:|1756828060
|move|p1b: Ursaluna|Protect|p1b: Ursaluna
|-singleturn|p1b: Ursaluna|Protect
|move|p2a: Sneasler|Close Combat|p1b: Ursaluna
|-activate|p1b: Ursaluna|move: Protect
|move|p2b: Dragonite|Haze|p2b: Dragonite
|-clearallboost
|move|p1a: Dalinar|Flare Blitz|p2a: Sneasler
|-damage|p2a: Sneasler|0 fnt
|faint|p2a: Sneasler
|-damage|p1a: Dalinar|94/100|[from] Recoil
|
|-damage|p1b: Ursaluna|69/100 brn|[from] brn
|upkeep
|turn|6
|
|t:|1756828069
|move|p2b: Dragonite|Scale Shot|p1b: Ursaluna
|-damage|p1b: Ursaluna|56/100 brn
|-damage|p1b: Ursaluna|44/100 brn
|-damage|p1b: Ursaluna|32/100 brn
|-damage|p1b: Ursaluna|20/100 brn
|-hitcount|p1b: Ursaluna|4
|-unboost|p2b: Dragonite|def|1
|-boost|p2b: Dragonite|spe|1
|move|p1b: Ursaluna|Facade|p2b: Dragonite
|-damage|p2b: Dragonite|0 fnt
|faint|p2b: Dragonite
|
|win|kojay
