|j|☆Semiau
|j|☆Llama_Llord
|html|SemiauLlama_Llord    
|uhtml|bestof|Game 1 of a best-of-3
|t:|1756598767
|gametype|doubles
|player|p1|Semiau|policeman|1057
|player|p2|Llama_Llord|170|1119
|gen|9
|tier|[Gen 9] VGC 2025 Reg H (Bo3)
|rated|
|rule|Species Clause: Limit one of each Pokémon
|rule|Item Clause: Limit 1 of each item
|clearpoke
|poke|p1|Indeedee-F, L50, F|
|poke|p1|Typhlosion-Hisui, L50, M|
|poke|p1|Gallade, L50, M|
|poke|p1|Toxtricity, L50, M|
|poke|p1|Ursaluna-Bloodmoon, L50, M|
|poke|p1|Torkoal, L50, F|
|poke|p2|Meowscarada, L50, M|
|poke|p2|Primarina, L50, F|
|poke|p2|Indeedee, L50, M|
|poke|p2|Sneasler, L50, M|
|poke|p2|Tatsugiri, L50, F|
|poke|p2|Amoonguss, L50, F|
|teampreview|4
|showteam|p1|Indeedee-F||PsychicSeed|PsychicSurge|HelpingHand,FollowMe,DazzlingGleam,TrickRoom|||F|||50|,,,,,Fairy]Typhlosion-Hisui||ChoiceScarf|Frisk|Eruption,Overheat,ShadowBall,FocusBlast|||M|||50|,,,,,Fire]Gallade||FocusSash|Sharpness|PsychoCut,SacredSword,WideGuard,TrickRoom|||M|||50|,,,,,Psychic]Toxtricity||ChoiceSpecs|PunkRock|Boomburst,Overdrive,VoltSwitch,SludgeBomb|||M|||50|,,,,,Normal]Ursaluna-Bloodmoon||ThroatSpray|MindsEye|HyperVoice,BloodMoon,EarthPower,Protect|||M|||50|,,,,,Normal]Torkoal||Charcoal|Drought|Eruption,Yawn,Protect,Flamethrower|||F|||50|,,,,,Fire
|showteam|p2|Meowscarada||FocusSash|Overgrow|GrassPledge,KnockOff,FlowerTrick,Protect|||M|||50|,,,,,Fairy]Primarina||LifeOrb|LiquidVoice|WaterPledge,HyperVoice,Moonblast,Protect|||F|||50|,,,,,Poison]Indeedee||SafetyGoggles|PsychicSurge|ExpandingForce,Protect,TrickRoom,Imprison|||M|||50|,,,,,Fire]Sneasler||PsychicSeed|Unburden|DireClaw,CloseCombat,ThroatChop,Protect|||M|||50|,,,,,Stellar]Tatsugiri||AssaultVest|StormDrain|DracoMeteor,IcyWind,TeraBlast,Surf|||F|||50|,,,,,Ground]Amoonguss||SitrusBerry|EffectSpore|Spore,RagePowder,SludgeBomb,Protect|||F|||50|,,,,,Steel
|inactive|Battle timer is ON: inactive players will automatically lose when time's up. (requested by Llama_Llord)
|inactive|Semiau has 60 seconds left.
|
|t:|1756598803
|teamsize|p1|4
|teamsize|p2|4
|start
|switch|p1a: Gallade|Gallade, L50, M|100/100
|switch|p1b: Indeedee|Indeedee-F, L50, F|100/100
|switch|p2a: Indeedee|Indeedee, L50, M|100/100
|switch|p2b: Sneasler|Sneasler, L50, M|100/100
|-fieldstart|move: Psychic Terrain|[from] ability: Psychic Surge|[of] p2a: Indeedee
|-enditem|p2b: Sneasler|Psychic Seed
|-boost|p2b: Sneasler|spd|1|[from] item: Psychic Seed
|-enditem|p1b: Indeedee|Psychic Seed
|-boost|p1b: Indeedee|spd|1|[from] item: Psychic Seed
|turn|1
|
|t:|1756598823
|move|p2b: Sneasler|Protect|p2b: Sneasler
|-singleturn|p2b: Sneasler|Protect
|move|p1b: Indeedee|Follow Me|p1b: Indeedee
|-singleturn|p1b: Indeedee|move: Follow Me
|move|p2a: Indeedee|Imprison|p2a: Indeedee
|-start|p2a: Indeedee|move: Imprison
|move|p1a: Gallade|Psycho Cut|p2b: Sneasler
|-activate|p2b: Sneasler|move: Protect
|
|upkeep
|turn|2
|inactive|Llama_Llord has 30 seconds left.
|
|t:|1756598850
|switch|p2b: Fiona|Primarina, L50, F|100/100
|move|p1b: Indeedee|Follow Me|p1b: Indeedee
|-singleturn|p1b: Indeedee|move: Follow Me
|move|p2a: Indeedee|Expanding Force|p1a: Gallade|[spread] p1a,p1b
|-resisted|p1b: Indeedee
|-damage|p1a: Gallade|52/100
|-damage|p1b: Indeedee|89/100
|move|p1a: Gallade|Sacred Sword|p2a: Indeedee
|-damage|p2a: Indeedee|0 fnt
|faint|p2a: Indeedee
|
|upkeep
|
|t:|1756598861
|switch|p2a: Tatsugiri|Tatsugiri, L50, F|100/100
|turn|3
|
|t:|1756598878
|move|p1a: Gallade|Wide Guard|p1a: Gallade
|-singleturn|p1a: Gallade|Wide Guard
|move|p2a: Tatsugiri|Draco Meteor|p1a: Gallade
|-damage|p1a: Gallade|0 fnt
|-unboost|p2a: Tatsugiri|spa|2
|faint|p1a: Gallade
|move|p2b: Fiona|Moonblast|p1b: Indeedee
|-damage|p1b: Indeedee|50/100
|-unboost|p1b: Indeedee|spa|1
|-damage|p2b: Fiona|91/100|[from] item: Life Orb
|move|p1b: Indeedee|Trick Room|p1b: Indeedee
|-fieldstart|move: Trick Room|[of] p1b: Indeedee
|
|upkeep
|
|t:|1756598882
|switch|p1a: Toxtricity|Toxtricity, L50, M|100/100
|turn|4
|inactive|Llama_Llord has 30 seconds left.
|inactive|Llama_Llord has 20 seconds left.
|
|t:|1756598917
|-terastallize|p2a: Tatsugiri|Ground
|move|p1b: Indeedee|Helping Hand|p1a: Toxtricity
|-singleturn|p1a: Toxtricity|Helping Hand|[of] p1b: Indeedee
|move|p2b: Fiona|Protect|p2b: Fiona
|-singleturn|p2b: Fiona|Protect
|move|p1a: Toxtricity|Overdrive|p2b: Fiona|[spread] 
|-activate|p2b: Fiona|move: Protect
|-immune|p2a: Tatsugiri
|move|p2a: Tatsugiri|Tera Blast|p1a: Toxtricity|[anim] Tera Blast Ground
|-supereffective|p1a: Toxtricity
|-damage|p1a: Toxtricity|0 fnt
|faint|p1a: Toxtricity
|
|upkeep
|
|t:|1756598922
|switch|p1a: Torkoal|Torkoal, L50, F|100/100
|-weather|SunnyDay|[from] ability: Drought|[of] p1a: Torkoal
|turn|5
|
|t:|1756598937
|switch|p2a: Sneasler|Sneasler, L50, M|100/100
|move|p1a: Torkoal|Yawn|p2b: Fiona
|-start|p2b: Fiona|move: Yawn|[of] p1a: Torkoal
|move|p2b: Fiona|Hyper Voice|p1b: Indeedee|[spread] p1a,p1b
|-supereffective|p1a: Torkoal
|-damage|p1a: Torkoal|23/100
|-damage|p1b: Indeedee|39/100
|-damage|p2b: Fiona|81/100|[from] item: Life Orb
|move|p1b: Indeedee|Dazzling Gleam|p2a: Sneasler|[spread] p2a,p2b
|-damage|p2a: Sneasler|89/100
|-damage|p2b: Fiona|73/100
|
|-weather|SunnyDay|[upkeep]
|-fieldend|move: Psychic Terrain
|upkeep
|turn|6
|-message|Semiau forfeited.
|
|win|Llama_Llord
|l|☆Semiau
|player|p1|
||Semiau is ready for game 2.
