|j|☆Cines Yelmo
|j|☆Professor_J93
|html|Cines YelmoProfessor_J93    
|uhtml|bestof|Game 2 of a best-of-3
|t:|1756490993
|gametype|doubles
|player|p1|Cines Yelmo|cameraman|1332
|player|p2|Professor_J93|265|1317
|gen|9
|tier|[Gen 9] VGC 2025 Reg H (Bo3)
|rated|
|rule|Species Clause: Limit one of each Pokémon
|rule|Item Clause: Limit 1 of each item
|clearpoke
|poke|p1|Dondozo, L50, F|
|poke|p1|Garchomp, L50, F|
|poke|p1|Gholdengo, L50|
|poke|p1|Incineroar, L50, M|
|poke|p1|Sneasler, L50, M|
|poke|p1|Tyranitar, L50, F|
|poke|p2|Decidueye-Hisui, L50, M|
|poke|p2|Electabuzz, L50, M|
|poke|p2|Yanmega, L50, M|
|poke|p2|Chandelure, L50, M|
|poke|p2|Metagross, L50|
|poke|p2|Ursaluna, L50, F|
|teampreview|4
|showteam|p1|Dondozo||Leftovers|Unaware|Protect,WaveCrash,Fissure,Yawn|||F|||50|,,,,,Bug]Garchomp||LifeOrb|SandVeil|Protect,DragonClaw,Earthquake,RockSlide|||F|||50|,,,,,Fairy]Gholdengo||ChoiceScarf|GoodasGold|MakeItRain,ShadowBall,Thunderbolt,Trick||||||50|,,,,,Flying]Incineroar||SafetyGoggles|Intimidate|FakeOut,FlareBlitz,KnockOff,PartingShot|||M|||50|,,,,,Bug]Sneasler||FocusSash|Unburden|Protect,CloseCombat,DireClaw,Coaching|||M|||50|,,,,,Flying]Tyranitar||AssaultVest|SandStream|RockSlide,KnockOff,LowKick,TeraBlast|||F|||50|,,,,,Flying
|showteam|p2|Decidueye-Hisui||ScopeLens|Scrappy|TripleArrows,LeafBlade,Haze,Protect|||M|||50|,,,,,Fire]Electabuzz||Eviolite|VitalSpirit|Electroweb,FollowMe,Taunt,Thunderbolt|||M|||50|,,,,,Dragon]Yanmega||FocusSash|SpeedBoost|AirSlash,BugBuzz,Tailwind,Protect|||M|||50|,,,,,Ghost]Chandelure||FlamePlate|FlashFire|ShadowBall,HeatWave,TrickRoom,Protect|||M|||50|,,,,,Grass]Metagross||AssaultVest|ClearBody|HeavySlam,PsychicFangs,KnockOff,BulletPunch||||||50|,,,,,Dark]Ursaluna||FlameOrb|Guts|Facade,HeadlongRush,Earthquake,Protect|||F|||50|,,,,,Fairy
|inactive|Battle timer is ON: inactive players will automatically lose when time's up. (requested by Professor_J93)
|inactive|Professor_J93 has 60 seconds left.
|
|t:|1756491028
|teamsize|p1|4
|teamsize|p2|4
|start
|switch|p1a: Garchomp|Garchomp, L50, F|100/100
|switch|p1b: Sneasler|Sneasler, L50, M|100/100
|switch|p2a: Sparx|Yanmega, L50, M, shiny|100/100
|switch|p2b: Chandelure|Chandelure, L50, M|100/100
|turn|1
|inactive|Cines Yelmo has 30 seconds left.
|
|t:|1756491059
|switch|p1b: Incineroar|Incineroar, L50, M|100/100
|-ability|p1b: Incineroar|Intimidate|boost
|-unboost|p2a: Sparx|atk|1
|-unboost|p2b: Chandelure|atk|1
|move|p2a: Sparx|Protect|p2a: Sparx
|-singleturn|p2a: Sparx|Protect
|move|p2b: Chandelure|Protect|p2b: Chandelure
|-singleturn|p2b: Chandelure|Protect
|move|p1a: Garchomp|Rock Slide|p2a: Sparx|[spread] 
|-activate|p2a: Sparx|move: Protect
|-activate|p2b: Chandelure|move: Protect
|
|-ability|p2a: Sparx|Speed Boost|boost
|-boost|p2a: Sparx|spe|1
|upkeep
|turn|2
|
|t:|1756491079
|-terastallize|p2a: Sparx|Ghost
|move|p2a: Sparx|Tailwind|p2a: Sparx
|-sidestart|p2: Professor_J93|move: Tailwind
|move|p2b: Chandelure|Heat Wave|p1b: Incineroar|[spread] p1b
|-miss|p2b: Chandelure|p1a: Garchomp
|-resisted|p1b: Incineroar
|-damage|p1b: Incineroar|81/100
|move|p1a: Garchomp|Rock Slide|p2b: Chandelure|[spread] p2a
|-miss|p1a: Garchomp|p2b: Chandelure
|-damage|p2a: Sparx|71/100
|-damage|p1a: Garchomp|91/100|[from] item: Life Orb
|move|p1b: Incineroar|Knock Off|p2b: Chandelure
|-supereffective|p2b: Chandelure
|-damage|p2b: Chandelure|8/100
|-enditem|p2b: Chandelure|Flame Plate|[from] move: Knock Off|[of] p1b: Incineroar
|
|-ability|p2a: Sparx|Speed Boost|boost
|-boost|p2a: Sparx|spe|1
|upkeep
|turn|3
|inactive|Cines Yelmo has 30 seconds left.
|
|t:|1756491110
|move|p2a: Sparx|Protect|p2a: Sparx
|-singleturn|p2a: Sparx|Protect
|move|p2b: Chandelure|Shadow Ball|p1a: Garchomp
|-damage|p1a: Garchomp|34/100
|move|p1a: Garchomp|Dragon Claw|p2b: Chandelure
|-damage|p2b: Chandelure|0 fnt
|faint|p2b: Chandelure
|-damage|p1a: Garchomp|24/100|[from] item: Life Orb
|move|p1b: Incineroar|Knock Off|p2a: Sparx
|-activate|p2a: Sparx|move: Protect
|
|-ability|p2a: Sparx|Speed Boost|boost
|-boost|p2a: Sparx|spe|1
|upkeep
|
|t:|1756491118
|switch|p2b: Ursaluna|Ursaluna, L50, F|100/100
|turn|4
|inactive|Professor_J93 has 30 seconds left.
|
|t:|1756491148
|-terastallize|p1b: Incineroar|Bug
|move|p2a: Sparx|Bug Buzz|p1b: Incineroar
|-damage|p1b: Incineroar|42/100
|move|p1a: Garchomp|Dragon Claw|p2a: Sparx
|-damage|p2a: Sparx|0 fnt
|faint|p2a: Sparx
|-damage|p1a: Garchomp|15/100|[from] item: Life Orb
|move|p2b: Ursaluna|Earthquake|p1a: Garchomp|[spread] p1a,p1b
|-resisted|p1b: Incineroar
|-damage|p1a: Garchomp|0 fnt
|-damage|p1b: Incineroar|23/100
|faint|p1a: Garchomp
|move|p1b: Incineroar|Knock Off|p2b: Ursaluna
|-damage|p2b: Ursaluna|75/100
|-enditem|p2b: Ursaluna|Flame Orb|[from] move: Knock Off|[of] p1b: Incineroar
|
|upkeep
|
|t:|1756491168
|switch|p1a: Gholdengo|Gholdengo, L50|100/100
|switch|p2a: Metagross|Metagross, L50|100/100
|turn|5
|inactive|Cines Yelmo has 30 seconds left.
|inactive|Professor_J93 has 30 seconds left.
|inactive|Cines Yelmo has 20 seconds left.
|inactive|Cines Yelmo has 15 seconds left.
|inactive|Cines Yelmo has 10 seconds left.
|
|t:|1756491216
|switch|p1b: Sneasler|Sneasler, L50, M|100/100
|move|p2a: Metagross|Knock Off|p1a: Gholdengo
|-supereffective|p1a: Gholdengo
|-damage|p1a: Gholdengo|24/100
|-enditem|p1a: Gholdengo|Choice Scarf|[from] move: Knock Off|[of] p2a: Metagross
|move|p2b: Ursaluna|Headlong Rush|p1a: Gholdengo
|-supereffective|p1a: Gholdengo
|-damage|p1a: Gholdengo|0 fnt
|-unboost|p2b: Ursaluna|def|1
|-unboost|p2b: Ursaluna|spd|1
|faint|p1a: Gholdengo
|
|-sideend|p2: Professor_J93|move: Tailwind
|upkeep
|
|t:|1756491230
|switch|p1a: Incineroar|Incineroar, L50, M, tera:Bug|23/100
|-ability|p1a: Incineroar|Intimidate|boost
|-fail|p2a: Metagross|unboost|[from] ability: Clear Body|[of] p2a: Metagross
|-unboost|p2b: Ursaluna|atk|1
|turn|6
|
|t:|1756491247
|move|p1a: Incineroar|Fake Out|p2a: Metagross
|-resisted|p2a: Metagross
|-damage|p2a: Metagross|97/100
|move|p1b: Sneasler|Coaching|p1a: Incineroar
|-boost|p1a: Incineroar|atk|1
|-boost|p1a: Incineroar|def|1
|cant|p2a: Metagross|flinch
|move|p2b: Ursaluna|Facade|p1a: Incineroar
|-damage|p1a: Incineroar|7/100
|
|upkeep
|turn|7
|
|t:|1756491266
|move|p2b: Ursaluna|Protect|p2b: Ursaluna
|-singleturn|p2b: Ursaluna|Protect
|move|p1b: Sneasler|Close Combat|p2b: Ursaluna
|-activate|p2b: Ursaluna|move: Protect
|move|p2a: Metagross|Heavy Slam|p1a: Incineroar
|-damage|p1a: Incineroar|0 fnt
|faint|p1a: Incineroar
|
|upkeep
|turn|8
|
|t:|1756491277
|move|p1b: Sneasler|Close Combat|p2a: Metagross
|-damage|p2a: Metagross|47/100
|-unboost|p1b: Sneasler|def|1
|-unboost|p1b: Sneasler|spd|1
|move|p2a: Metagross|Psychic Fangs|p1b: Sneasler
|-supereffective|p1b: Sneasler
|-enditem|p1b: Sneasler|Focus Sash
|-damage|p1b: Sneasler|1/100
|move|p2b: Ursaluna|Facade|p1b: Sneasler
|-damage|p1b: Sneasler|0 fnt
|faint|p1b: Sneasler
|
|win|Professor_J93
||Professor_J93 is ready for game 3.
|inactive|Cines Yelmo has 30 seconds to confirm battle start!
||Cines Yelmo is ready for game 3.
|uhtml|next|Next: Game 3 of 3
|l|☆Professor_J93
|player|p2|
