|j|☆possibly dino
|j|☆hawaiianshaymin
|html|possibly dinohawaiianshaymin    
|uhtml|bestof|Game 1 of a best-of-3
|t:|1786060454
|gametype|doubles
|player|p1|possibly dino|169|1104
|player|p2|hawaiianshaymin|265|1056
|gen|9
|tier|[Gen 9 Champions] VGC 2026 Reg M-B (Bo3)
|rated|
|rule|Species Clause: Limit one of each Pokémon
|rule|Item Clause: Limit 1 of each item
|clearpoke
|poke|p1|Tyranitar, L50, M|
|poke|p1|Excadrill, L50, M|
|poke|p1|Milotic, L50, F|
|poke|p1|Kleavor, L50, F|
|poke|p1|Pelipper, L50, F|
|poke|p1|Passimian, L50, F, shiny|
|poke|p2|Staraptor, L50, M|
|poke|p2|Gholdengo, L50|
|poke|p2|Talonflame, L50, M|
|poke|p2|Sinistcha, L50|
|poke|p2|Grimmsnarl, L50, M|
|poke|p2|Kangaskhan, L50, F|
|teampreview|4
|showteam|p1|Tyranitar||Tyranitarite|SandStream|HighHorsepower,RockSlide,DragonDance|Jolly||M|||50|]Excadrill||Excadrite|SandRush|RockSlide,Earthquake,IronHead,RapidSpin|Adamant||M|||50|]Milotic||SitrusBerry|Competitive|Surf,Protect,WeatherBall,Recover|Bold||F|||50|]Kleavor||ChoiceScarf|Sharpness|XScissor,StoneAxe,DualWingbeat,Uturn|Adamant||F|||50|]Pelipper||FocusSash|Drizzle|Uturn,Tailwind,WideGuard,Protect|Impish||F|||50|]Passimian||BrightPowder|Receiver|DrainPunch,Coaching,KnockOff,Protect|Jolly||F|||50|
|showteam|p2|Staraptor||Staraptite|Intimidate|CloseCombat,BraveBird,Roost,Protect|Adamant||M|||50|]Gholdengo||LifeOrb|GoodasGold|MakeItRain,ShadowBall,NastyPlot,Protect|Modest|||||50|]Talonflame||FocusSash|GaleWings|Tailwind,DualWingbeat,WillOWisp,Protect|Jolly||M|||50|]Sinistcha||KasibBerry|Hospitality|MatchaGotcha,RagePowder,LifeDew,TrickRoom|Bold|||||50|]Grimmsnarl||LightClay|Prankster|ThroatChop,LightScreen,Reflect,PartingShot|Careful||M|||50|]Kangaskhan||Kangaskhanite|Scrappy|FakeOut,DoubleEdge,DrainPunch,SuckerPunch|Adamant||F|||50|
|
|t:|1786060513
|teamsize|p1|4
|teamsize|p2|4
|start
|switch|p1a: Milotic|Milotic, L50, F|100/100
|switch|p1b: Tyranitar|Tyranitar, L50, M|100/100
|switch|p2a: Staraptor|Staraptor, L50, M|100/100
|switch|p2b: Grimmsnarl|Grimmsnarl, L50, M|100/100
|-ability|p2a: Staraptor|Intimidate|boost
|-unboost|p1a: Milotic|atk|1
|-ability|p1a: Milotic|Competitive|boost
|-boost|p1a: Milotic|spa|2
|-unboost|p1b: Tyranitar|atk|1
|-weather|Sandstorm|[from] ability: Sand Stream|[of] p1b: Tyranitar
|turn|1
|
|t:|1786060535
|detailschange|p2a: Staraptor|Staraptor-Mega, L50, M
|-mega|p2a: Staraptor|Staraptor|Staraptite
|move|p2b: Grimmsnarl|Light Screen|p2b: Grimmsnarl
|-sidestart|p2: hawaiianshaymin|move: Light Screen
|move|p2a: Staraptor|Close Combat|p1a: Milotic
|-damage|p1a: Milotic|53/100
|-boost|p2a: Staraptor|def|1
|-boost|p2a: Staraptor|spd|1
|move|p1b: Tyranitar|Dragon Dance|p1b: Tyranitar
|-boost|p1b: Tyranitar|atk|1
|-boost|p1b: Tyranitar|spe|1
|move|p1a: Milotic|Weather Ball|p2a: Staraptor
|-damage|p2a: Staraptor|79/100
|
|-weather|Sandstorm|[upkeep]
|-damage|p2a: Staraptor|72/100|[from] Sandstorm
|-damage|p1a: Milotic|47/100|[from] Sandstorm
|-damage|p2b: Grimmsnarl|94/100|[from] Sandstorm
|-enditem|p1a: Milotic|Sitrus Berry|[eat]
|-heal|p1a: Milotic|72/100|[from] item: Sitrus Berry
|upkeep
|turn|2
|
|t:|1786060558
|move|p1a: Milotic|Protect|p1a: Milotic
|-singleturn|p1a: Milotic|Protect
|move|p2b: Grimmsnarl|Reflect|p2b: Grimmsnarl
|-sidestart|p2: hawaiianshaymin|Reflect
|move|p1b: Tyranitar|Rock Slide|p2b: Grimmsnarl|[spread] p2a,p2b
|-damage|p2a: Staraptor|59/100
|-damage|p2b: Grimmsnarl|76/100
|cant|p2a: Staraptor|flinch
|
|-weather|Sandstorm|[upkeep]
|-damage|p2a: Staraptor|53/100|[from] Sandstorm
|-damage|p1a: Milotic|66/100|[from] Sandstorm
|-damage|p2b: Grimmsnarl|70/100|[from] Sandstorm
|upkeep
|turn|3
|inactive|Battle timer is ON: inactive players will automatically lose when time's up. (requested by hawaiianshaymin)
|
|t:|1786060600
|move|p2b: Grimmsnarl|Parting Shot|p2a: Staraptor
|-boost|p2a: Staraptor|atk|1
|-boost|p2a: Staraptor|spa|1
|
|t:|1786060603
|switch|p2b: Sinistcha|Sinistcha, L50|100/100|[from] Parting Shot
|-heal|p2a: Staraptor|78/100|[from] ability: Hospitality|[of] p2b: Sinistcha
|move|p1b: Tyranitar|Rock Slide|p2a: Staraptor|[spread] p2a,p2b
|-damage|p2a: Staraptor|64/100
|-damage|p2b: Sinistcha|87/100
|move|p2a: Staraptor|Close Combat|p1b: Tyranitar
|-supereffective|p1b: Tyranitar|2
|-damage|p1b: Tyranitar|0 fnt
|-boost|p2a: Staraptor|def|1
|-boost|p2a: Staraptor|spd|1
|faint|p1b: Tyranitar
|move|p1a: Milotic|Weather Ball|p2a: Staraptor
|-damage|p2a: Staraptor|48/100
|
|-weather|Sandstorm|[upkeep]
|-damage|p2a: Staraptor|42/100|[from] Sandstorm
|-damage|p1a: Milotic|60/100|[from] Sandstorm
|-damage|p2b: Sinistcha|81/100|[from] Sandstorm
|upkeep
|
|t:|1786060623
|switch|p1b: Excadrill|Excadrill, L50, M|100/100
|turn|4
|
|t:|1786060638
|detailschange|p1b: Excadrill|Excadrill-Mega, L50, M
|-mega|p1b: Excadrill|Excadrill|Excadrite
|move|p2a: Staraptor|Protect|p2a: Staraptor
|-singleturn|p2a: Staraptor|Protect
|move|p1b: Excadrill|Iron Head|p2a: Staraptor
|-ability|p1b: Excadrill|Piercing Drill
|-zbroken|p2a: Staraptor
|-damage|p2a: Staraptor|37/100
|move|p1a: Milotic|Weather Ball|p2a: Staraptor
|-activate|p2a: Staraptor|move: Protect
|move|p2b: Sinistcha|Life Dew|p2b: Sinistcha|[spread] p2a,p2b
|-heal|p2a: Staraptor|62/100
|-heal|p2b: Sinistcha|100/100
|
|-weather|Sandstorm|[upkeep]
|-damage|p2a: Staraptor|55/100|[from] Sandstorm
|-damage|p1a: Milotic|54/100|[from] Sandstorm
|-damage|p2b: Sinistcha|93/100|[from] Sandstorm
|upkeep
|turn|5
|-message|possibly dino forfeited.
|
|win|hawaiianshaymin
|l|☆possibly dino
|player|p1|
||possibly dino is ready for game 2.
||hawaiianshaymin is ready for game 2.
|uhtml|next|Next: Game 2 of 3
