|j|☆TheMochiMan
|j|☆Jirachi548
|html|TheMochiManJirachi548    
|uhtml|bestof|Game 3 of a best-of-3
|t:|1783537626
|gametype|doubles
|player|p1|TheMochiMan|doctor|1225
|player|p2|Jirachi548|serena-anime|1294
|gen|9
|tier|[Gen 9 Champions] VGC 2026 Reg M-B (Bo3)
|rated|
|rule|Species Clause: Limit one of each Pokémon
|rule|Item Clause: Limit 1 of each item
|clearpoke
|poke|p1|Sneasler, L50, M|
|poke|p1|Blastoise, L50, M|
|poke|p1|Kingambit, L50, M|
|poke|p1|Incineroar, L50, M|
|poke|p1|Delphox, L50, F|
|poke|p1|Sinistcha, L50|
|poke|p2|Raichu, L50, F|
|poke|p2|Primarina, L50, F|
|poke|p2|Farigiraf, L50, F|
|poke|p2|Incineroar, L50, M|
|poke|p2|Meowscarada, L50, M|
|poke|p2|Sneasler, L50, M|
|teampreview|4
|showteam|p1|Sneasler||FocusSash|PoisonTouch|PoisonJab,CloseCombat,FakeOut,QuickGuard|Jolly||M|||50|]Blastoise||Blastoisinite|RainDish|DarkPulse,WaterSpout,ShellSmash,Protect|Modest||M|||50|]Kingambit||BlackGlasses|Defiant|KowtowCleave,SuckerPunch,SwordsDance,Protect|Adamant||M|||50|]Incineroar||SitrusBerry|Intimidate|FlareBlitz,HelpingHand,PartingShot,FakeOut|Careful||M|||50|]Delphox||Delphoxite|Blaze|HeatWave,NastyPlot,Psyshock,Protect|Modest||F|||50|]Sinistcha||KasibBerry|Hospitality|MatchaGotcha,RagePowder,TrickRoom,Protect|Bold|||||50|
|showteam|p2|Raichu||RaichuniteY|LightningRod|ZapCannon,FocusBlast,Substitute,Protect|Timid||F|||50|]Primarina||LifeOrb|LiquidVoice|HyperVoice,DazzlingGleam,Moonblast,Protect|Quiet||F|||50|]Farigiraf||SitrusBerry|ArmorTail|HyperVoice,Psychic,TrickRoom,Protect|Quiet||F|||50|]Incineroar||ChopleBerry|Intimidate|FakeOut,FlareBlitz,DarkestLariat,PartingShot|Relaxed||M|||50|]Meowscarada||FocusSash|Overgrow|FlowerTrick,ThunderPunch,ThroatChop,Protect|Jolly||M|||50|]Sneasler||WhiteHerb|Unburden|FakeOut,DireClaw,CloseCombat,Protect|Adamant||M|||50|
|inactive|Battle timer is ON: inactive players will automatically lose when time's up. (requested by Jirachi548)
|c|☆Jirachi548|Glhf
|inactive|Jirachi548 has 60 seconds left.
|
|t:|1783537665
|teamsize|p1|4
|teamsize|p2|4
|start
|switch|p1a: Sinistcha|Sinistcha, L50|100/100
|switch|p1b: Blastoise|Blastoise, L50, M|100/100
|switch|p2a: Primarina|Primarina, L50, F|100/100
|switch|p2b: Raichu|Raichu, L50, F|100/100
|turn|1
|
|t:|1783537682
|detailschange|p2b: Raichu|Raichu-Mega-Y, L50, F
|-mega|p2b: Raichu|Raichu|Raichunite Y
|move|p2b: Raichu|Zap Cannon|p1b: Blastoise
|-supereffective|p1b: Blastoise|1
|-damage|p1b: Blastoise|0 fnt
|faint|p1b: Blastoise
|move|p1a: Sinistcha|Matcha Gotcha|p2b: Raichu|[spread] p2a,p2b
|-supereffective|p2a: Primarina|1
|-damage|p2a: Primarina|57/100
|-damage|p2b: Raichu|57/100
|-status|p2a: Primarina|brn
|-status|p2b: Raichu|brn
|move|p2a: Primarina|Dazzling Gleam|p1a: Sinistcha
|-damage|p1a: Sinistcha|47/100
|-damage|p2a: Primarina|47/100 brn|[from] item: Life Orb
|
|-damage|p2b: Raichu|51/100 brn|[from] brn
|-damage|p2a: Primarina|41/100 brn|[from] brn
|upkeep
|
|t:|1783537693
|switch|p1b: Sneasler|Sneasler, L50, M|100/100
|turn|2
|c|☆Jirachi548|This game man
|c|☆Jirachi548|never fails to have it’s momemnts
|inactive|Jirachi548 has 30 seconds left.
|
|t:|1783537722
|switch|p2a: Farigiraf|Farigiraf, L50, F|100/100
|move|p2b: Raichu|Zap Cannon|p1b: Sneasler
|-damage|p1b: Sneasler|6/100
|-status|p1b: Sneasler|par
|move|p1b: Sneasler|Poison Jab|p2b: Raichu
|-damage|p2b: Raichu|0 fnt
|faint|p2b: Raichu
|move|p1a: Sinistcha|Matcha Gotcha|p2a: Farigiraf
|-damage|p2a: Farigiraf|72/100
|-heal|p1a: Sinistcha|65/100|[from] drain|[of] p2a: Farigiraf
|-status|p2a: Farigiraf|brn
|
|-damage|p2a: Farigiraf|66/100 brn|[from] brn
|upkeep
|
|t:|1783537745
|switch|p2b: Sneasler|Sneasler, L50, M|100/100
|turn|3
|
|t:|1783537758
|cant|p1b: Sneasler|par
|move|p2b: Sneasler|Dire Claw|p1a: Sinistcha
|-damage|p1a: Sinistcha|25/100
|move|p1a: Sinistcha|Matcha Gotcha|p2b: Sneasler|[spread] p2a,p2b
|-resisted|p2b: Sneasler|1
|-damage|p2a: Farigiraf|46/100 brn
|-heal|p1a: Sinistcha|38/100|[from] drain|[of] p2a: Farigiraf
|-damage|p2b: Sneasler|85/100
|-heal|p1a: Sinistcha|44/100|[from] drain|[of] p2b: Sneasler
|-status|p2b: Sneasler|brn
|-enditem|p2a: Farigiraf|Sitrus Berry|[eat]
|-heal|p2a: Farigiraf|70/100 brn|[from] item: Sitrus Berry
|move|p2a: Farigiraf|Psychic|p1a: Sinistcha
|-damage|p1a: Sinistcha|4/100
|
|-damage|p2b: Sneasler|80/100 brn|[from] brn
|-damage|p2a: Farigiraf|64/100 brn|[from] brn
|upkeep
|turn|4
|
|t:|1783537782
|move|p1a: Sinistcha|Protect|p1a: Sinistcha
|-singleturn|p1a: Sinistcha|Protect
|move|p2b: Sneasler|Dire Claw|p1b: Sneasler
|-resisted|p1b: Sneasler|1
|-damage|p1b: Sneasler|0 fnt
|faint|p1b: Sneasler
|move|p2a: Farigiraf|Psychic|p1a: Sinistcha
|-activate|p1a: Sinistcha|move: Protect
|
|-damage|p2b: Sneasler|74/100 brn|[from] brn
|-damage|p2a: Farigiraf|58/100 brn|[from] brn
|upkeep
|
|t:|1783537783
|switch|p1b: Incineroar|Incineroar, L50, M|100/100
|-ability|p1b: Incineroar|Intimidate|boost
|-unboost|p2a: Farigiraf|atk|1
|-unboost|p2b: Sneasler|atk|1
|-enditem|p2b: Sneasler|White Herb
|-clearnegativeboost|p2b: Sneasler|[silent]
|turn|5
|
|t:|1783537803
|move|p1a: Sinistcha|Protect||[still]
|-fail|p1a: Sinistcha
|move|p2b: Sneasler|Dire Claw|p1a: Sinistcha
|-damage|p1a: Sinistcha|0 fnt
|faint|p1a: Sinistcha
|move|p1b: Incineroar|Flare Blitz|p2b: Sneasler
|-damage|p2b: Sneasler|0 fnt
|faint|p2b: Sneasler
|-damage|p1b: Incineroar|81/100|[from] Recoil
|move|p2a: Farigiraf|Trick Room|p2a: Farigiraf
|-fieldstart|move: Trick Room|[of] p2a: Farigiraf
|
|-damage|p2a: Farigiraf|52/100 brn|[from] brn
|upkeep
|
|t:|1783537808
|switch|p2b: Primarina|Primarina, L50, F|41/100 brn
|turn|6
|-message|TheMochiMan forfeited.
|
|win|Jirachi548
|raw|TheMochiMan's rating: 1225 → 1205(-20 for losing)
|raw|Jirachi548's rating: 1294 → 1314(+20 for winning)
|c|☆TheMochiMan|Gg
|l|☆TheMochiMan
|player|p1|
|c|☆Jirachi548|Gg
