|j|☆Deedzin The prince
|j|☆cartulo
|html|Deedzin The princecartulo    
|uhtml|bestof|Game 1 of a best-of-3
|t:|1782328736
|gametype|doubles
|player|p1|Deedzin The prince|unknown|
|player|p2|cartulo|blue|
|gen|9
|tier|[Gen 9 Champions] VGC 2026 Reg M-B (Bo3)
|rule|Species Clause: Limit one of each Pokémon
|rule|Item Clause: Limit 1 of each item
|clearpoke
|poke|p1|Eelektross, L50, F|
|poke|p1|Whimsicott, L50, F|
|poke|p1|Garchomp, L50, F|
|poke|p1|Gholdengo, L50|
|poke|p1|Floette-Eternal, L50, F|
|poke|p1|Basculegion, L50, M|
|poke|p2|Torkoal, L50, M|
|poke|p2|Mr. Rime, L50, F|
|poke|p2|Sinistcha, L50|
|poke|p2|Golurk, L50|
|poke|p2|Abomasnow, L50, M|
|poke|p2|Farigiraf, L50, M|
|teampreview|4
|showteam|p1|Eelektross||Eelektrossite|Levitate|Thunderbolt,Flamethrower,GigaDrain,Protect|Modest||F|||50|]Whimsicott||FocusSash|Prankster|Moonblast,Tailwind,Encore,Protect|Timid||F|||50|]Garchomp||SitrusBerry|RoughSkin|DragonClaw,Earthquake,RockSlide,Protect|Adamant||F|||50|]Gholdengo||LifeOrb|GoodasGold|MakeItRain,ShadowBall,NastyPlot,Protect|Modest|||||50|]Floette-Eternal||Floettite|FlowerVeil|Moonblast,DazzlingGleam,LightofRuin,Protect|Modest||F|||50|]Basculegion||MysticWater|Adaptability|WaveCrash,LastRespects,AquaJet,Protect|Adamant||M|||50|
|showteam|p2|Torkoal||Charcoal|Drought|Eruption,HeatWave,EarthPower,Protect|Quiet||M|||50|]Mr. Rime||FocusSash|ScreenCleaner|Psychic,FakeOut,SkillSwap,TrickRoom|Sassy||F|||50|]Sinistcha||OccaBerry|Hospitality|MatchaGotcha,RagePowder,LifeDew,TrickRoom|Bold|||||50|]Golurk||Golurkite|IronFist|HeadlongRush,Poltergeist,CloseCombat,Protect|Brave|||||50|]Abomasnow||Abomasite|SnowWarning|Blizzard,EnergyBall,IceShard,Protect|Quiet||M|||50|]Farigiraf||SitrusBerry|ArmorTail|Psychic,HelpingHand,TrickRoom,Protect|Quiet||M|||50|
|inactive|Battle timer is ON: inactive players will automatically lose when time's up. (requested by cartulo)
|
|t:|1782328766
|teamsize|p1|4
|teamsize|p2|4
|start
|switch|p1a: Eelektross|Eelektross, L50, F|100/100
|switch|p1b: Gholdengo|Gholdengo, L50|100/100
|switch|p2a: Abomasnow|Abomasnow, L50, M|100/100
|switch|p2b: Mr. Rime|Mr. Rime, L50, F|100/100
|-weather|Snowscape|[from] ability: Snow Warning|[of] p2a: Abomasnow
|turn|1
|
|t:|1782328783
|detailschange|p1a: Eelektross|Eelektross-Mega, L50, F
|-mega|p1a: Eelektross|Eelektross|Eelektrossite
|move|p2a: Abomasnow|Protect|p2a: Abomasnow
|-singleturn|p2a: Abomasnow|Protect
|move|p1b: Gholdengo|Make It Rain|p2b: Mr. Rime|[spread] p2b
|-activate|p2a: Abomasnow|move: Protect
|-supereffective|p2b: Mr. Rime|1
|-crit|p2b: Mr. Rime
|-enditem|p2b: Mr. Rime|Focus Sash
|-damage|p2b: Mr. Rime|1/100
|-unboost|p1b: Gholdengo|spa|2
|-damage|p1b: Gholdengo|90/100|[from] item: Life Orb
|move|p1a: Eelektross|Flamethrower|p2a: Abomasnow
|-activate|p2a: Abomasnow|move: Protect
|move|p2b: Mr. Rime|Trick Room|p2b: Mr. Rime
|-fieldstart|move: Trick Room|[of] p2b: Mr. Rime
|
|-weather|Snowscape|[upkeep]
|upkeep
|turn|2
|
|t:|1782328807
|detailschange|p2a: Abomasnow|Abomasnow-Mega, L50, M
|-mega|p2a: Abomasnow|Abomasnow|Abomasite
|move|p2a: Abomasnow|Blizzard|p1b: Gholdengo|[spread] p1a,p1b
|-resisted|p1b: Gholdengo|1
|-crit|p1b: Gholdengo
|-damage|p1a: Eelektross|40/100
|-damage|p1b: Gholdengo|48/100
|move|p2b: Mr. Rime|Skill Swap|p1a: Eelektross
|-activate|p2b: Mr. Rime|Skill Swap|Eelevate|Screen Cleaner|[of] p1a: Eelektross
|move|p1a: Eelektross|Flamethrower|p2a: Abomasnow
|-supereffective|p2a: Abomasnow|2
|-damage|p2a: Abomasnow|0 fnt
|faint|p2a: Abomasnow
|move|p1b: Gholdengo|Make It Rain|p2b: Mr. Rime|[miss]
|-miss|p1b: Gholdengo|p2b: Mr. Rime
|
|-weather|Snowscape|[upkeep]
|upkeep
|
|t:|1782328816
|switch|p2a: Torkoal|Torkoal, L50, M|100/100
|-weather|SunnyDay|[from] ability: Drought|[of] p2a: Torkoal
|turn|3
|
|t:|1782328839
|move|p1a: Eelektross|Protect|p1a: Eelektross
|-singleturn|p1a: Eelektross|Protect
|move|p1b: Gholdengo|Protect|p1b: Gholdengo
|-singleturn|p1b: Gholdengo|Protect
|move|p2a: Torkoal|Eruption|p1b: Gholdengo|[spread] 
|-activate|p1a: Eelektross|move: Protect
|-activate|p1b: Gholdengo|move: Protect
|move|p2b: Mr. Rime|Skill Swap|p2a: Torkoal
|-activate|p2b: Mr. Rime|Skill Swap|||[of] p2a: Torkoal
|
|-weather|SunnyDay|[upkeep]
|upkeep
|turn|4
|
|t:|1782328856
|move|p2a: Torkoal|Eruption|p1a: Eelektross|[spread] p1a,p1b
|-supereffective|p1b: Gholdengo|1
|-damage|p1a: Eelektross|0 fnt
|-damage|p1b: Gholdengo|0 fnt
|faint|p1a: Eelektross
|faint|p1b: Gholdengo
|-ability|p2a: Torkoal|Eelevate|boost
|-boost|p2a: Torkoal|def|2
|move|p2b: Mr. Rime|Psychic|p1: Eelektross|[notarget]
|-fail|p2b: Mr. Rime
|
|-weather|SunnyDay|[upkeep]
|upkeep
|
|t:|1782328860
|switch|p1a: Floette|Floette-Eternal, L50, F|100/100
|switch|p1b: Whimsicott|Whimsicott, L50, F|100/100
|turn|5
|
|t:|1782328878
|move|p1a: Floette|Protect|p1a: Floette
|-singleturn|p1a: Floette|Protect
|move|p2a: Torkoal|Eruption|p1a: Floette|[spread] p1b
|-activate|p1a: Floette|move: Protect
|-supereffective|p1b: Whimsicott|1
|-enditem|p1b: Whimsicott|Focus Sash
|-damage|p1b: Whimsicott|1/100
|move|p2b: Mr. Rime|Skill Swap|p1b: Whimsicott
|-activate|p2b: Mr. Rime|Skill Swap|Prankster|Drought|[of] p1b: Whimsicott
|move|p1b: Whimsicott|Moonblast|p2a: Torkoal
|-resisted|p2a: Torkoal|1
|-damage|p2a: Torkoal|74/100
|
|-weather|SunnyDay|[upkeep]
|-fieldend|move: Trick Room
|upkeep
|turn|6
|inactive|Deedzin The prince has 30 seconds left.
|
|t:|1782328906
|switch|p2b: Sinistcha|Sinistcha, L50|100/100
|-heal|p2a: Torkoal|99/100|[from] ability: Hospitality|[of] p2b: Sinistcha
|move|p1b: Whimsicott|Moonblast|p2b: Sinistcha
|-damage|p2b: Sinistcha|62/100
|move|p1a: Floette|Light of Ruin|p2a: Torkoal
|-resisted|p2a: Torkoal|1
|-damage|p2a: Torkoal|48/100
|-damage|p1a: Floette|70/100|[from] Recoil
|move|p2a: Torkoal|Heat Wave|p1b: Whimsicott|[spread] p1a,p1b
|-supereffective|p1b: Whimsicott|1
|-damage|p1a: Floette|16/100
|-damage|p1b: Whimsicott|0 fnt
|faint|p1b: Whimsicott
|-ability|p2a: Torkoal|Eelevate|boost
|-boost|p2a: Torkoal|def|1
|
|-weather|SunnyDay|[upkeep]
|upkeep
|turn|7
|
|t:|1782328924
|move|p1a: Floette|Light of Ruin|p2a: Torkoal
|-resisted|p2a: Torkoal|1
|-damage|p2a: Torkoal|0 fnt
|faint|p2a: Torkoal
|-damage|p1a: Floette|0 fnt|[from] Recoil
|faint|p1a: Floette
|
|win|cartulo
