|j|☆zeedra
|j|☆Alphonse_gg
|html|zeedraAlphonse_gg    
|uhtml|bestof|Game 2 of a best-of-3
|t:|1785980198
|gametype|doubles
|player|p1|zeedra|169|
|player|p2|Alphonse_gg|1|
|gen|9
|tier|[Gen 9 Champions] VGC 2026 Reg M-B (Bo3)
|rule|Species Clause: Limit one of each Pokémon
|rule|Item Clause: Limit 1 of each item
|clearpoke
|poke|p1|Floette-Eternal, L50, F|
|poke|p1|Aerodactyl, L50, F|
|poke|p1|Sneasler, L50, M|
|poke|p1|Weavile, L50, M|
|poke|p1|Hydreigon, L50, F|
|poke|p1|Basculegion, L50, M|
|poke|p2|Blaziken, L50, F|
|poke|p2|Farigiraf, L50, M|
|poke|p2|Venusaur, L50, F|
|poke|p2|Torkoal, L50, M|
|poke|p2|Kingambit, L50, M|
|poke|p2|Grimmsnarl, L50, M|
|teampreview|4
|showteam|p1|Floette-Eternal||Floettite|FlowerVeil|DazzlingGleam,Protect,CalmMind,Moonblast|Timid||F|||50|]Aerodactyl||Aerodactylite|RockHead|DualWingbeat,RockSlide,IceFang,Tailwind|Jolly||F|||50|]Sneasler||WhiteHerb|Unburden|CloseCombat,DireClaw,ShadowClaw,FakeOut|Adamant||M|||50|]Weavile||FocusSash|Pickpocket|Protect,TripleAxel,KnockOff,FakeOut|Jolly||M|||50|]Hydreigon||LifeOrb|Levitate|DarkPulse,Flamethrower,Protect,DragonPulse|Timid||F|||50|]Basculegion||ChoiceScarf|Adaptability|FlipTurn,LastRespects,WaveCrash,AquaJet|Jolly||M|||50|
|showteam|p2|Blaziken||Blazikenite|SpeedBoost|FlareBlitz,CloseCombat,RockSlide,Detect|Adamant||F|||50|]Farigiraf||SitrusBerry|ArmorTail|Psychic,Thunderbolt,HelpingHand,TrickRoom|Relaxed||M|||50|]Venusaur||LifeOrb|Chlorophyll|EnergyBall,SludgeBomb,EarthPower,Protect|Modest||F|||50|]Torkoal||Leftovers|Drought|WeatherBall,Yawn,HelpingHand,Protect|Relaxed||M|||50|]Kingambit||FocusSash|Defiant|KowtowCleave,SuckerPunch,IronHead,Protect|Adamant||M|||50|]Grimmsnarl||LightClay|Prankster|SpiritBreak,Reflect,LightScreen,FakeOut|Careful||M|||50|
|j| delfin679
|l| delfin679
|
|t:|1785980241
|teamsize|p1|4
|teamsize|p2|4
|start
|switch|p1a: Sneasler|Sneasler, L50, M|100/100
|switch|p1b: Floette|Floette-Eternal, L50, F|100/100
|switch|p2a: Farigiraf|Farigiraf, L50, M|100/100
|switch|p2b: Grimmsnarl|Grimmsnarl, L50, M|100/100
|turn|1
|
|t:|1785980272
|detailschange|p1b: Floette|Floette-Mega, L50, F
|-mega|p1b: Floette|Floette|Floettite
|-ability|p1b: Floette|Fairy Aura
|move|p2b: Grimmsnarl|Fake Out|p1b: Floette
|-damage|p1b: Floette|84/100
|move|p1a: Sneasler|Dire Claw|p2a: Farigiraf
|-damage|p2a: Farigiraf|64/100
|-status|p2a: Farigiraf|slp
|cant|p1b: Floette|flinch
|cant|p2a: Farigiraf|slp
|
|upkeep
|turn|2
|
|t:|1785980307
|move|p2b: Grimmsnarl|Light Screen|p2b: Grimmsnarl
|-sidestart|p2: Alphonse_gg|move: Light Screen
|move|p1a: Sneasler|Close Combat|p2a: Farigiraf
|-damage|p2a: Farigiraf|12/100 slp
|-unboost|p1a: Sneasler|def|1
|-unboost|p1a: Sneasler|spd|1
|-enditem|p2a: Farigiraf|Sitrus Berry|[eat]
|-heal|p2a: Farigiraf|37/100 slp|[from] item: Sitrus Berry
|-enditem|p1a: Sneasler|White Herb
|-clearnegativeboost|p1a: Sneasler|[silent]
|move|p1b: Floette|Dazzling Gleam|p2b: Grimmsnarl|[spread] p2a,p2b
|-supereffective|p2b: Grimmsnarl|1
|-damage|p2a: Farigiraf|5/100 slp
|-damage|p2b: Grimmsnarl|40/100
|cant|p2a: Farigiraf|slp
|
|upkeep
|turn|3
|
|t:|1785980341
|move|p2b: Grimmsnarl|Reflect|p2b: Grimmsnarl
|-sidestart|p2: Alphonse_gg|Reflect
|move|p1a: Sneasler|Dire Claw|p2a: Farigiraf
|-damage|p2a: Farigiraf|0 fnt
|faint|p2a: Farigiraf
|move|p1b: Floette|Calm Mind|p1b: Floette
|-boost|p1b: Floette|spa|1
|-boost|p1b: Floette|spd|1
|
|upkeep
|
|t:|1785980355
|switch|p2a: Torkoal|Torkoal, L50, M|100/100
|-weather|SunnyDay|[from] ability: Drought|[of] p2a: Torkoal
|turn|4
|
|t:|1785980374
|move|p1a: Sneasler|Close Combat|p2a: Torkoal
|-damage|p2a: Torkoal|68/100
|-unboost|p1a: Sneasler|def|1
|-unboost|p1a: Sneasler|spd|1
|move|p1b: Floette|Moonblast|p2a: Torkoal
|-resisted|p2a: Torkoal|1
|-damage|p2a: Torkoal|30/100
|move|p2b: Grimmsnarl|Spirit Break|p1b: Floette
|-damage|p1b: Floette|31/100
|-unboost|p1b: Floette|spa|1
|move|p2a: Torkoal|Yawn|p1b: Floette
|-start|p1b: Floette|move: Yawn|[of] p2a: Torkoal
|
|-weather|SunnyDay|[upkeep]
|-heal|p2a: Torkoal|36/100|[from] item: Leftovers
|upkeep
|turn|5
|
|t:|1785980397
|move|p1a: Sneasler|Dire Claw|p2b: Grimmsnarl
|-supereffective|p2b: Grimmsnarl|1
|-damage|p2b: Grimmsnarl|0 fnt
|faint|p2b: Grimmsnarl
|move|p1b: Floette|Dazzling Gleam|p2a: Torkoal
|-resisted|p2a: Torkoal|1
|-damage|p2a: Torkoal|13/100
|move|p2a: Torkoal|Weather Ball|p1a: Sneasler
|-damage|p1a: Sneasler|0 fnt
|faint|p1a: Sneasler
|
|-weather|SunnyDay|[upkeep]
|-heal|p2a: Torkoal|19/100|[from] item: Leftovers
|-end|p1b: Floette|move: Yawn|[silent]
|-status|p1b: Floette|slp
|upkeep
|
|t:|1785980411
|switch|p1a: Hydreigon|Hydreigon, L50, F|100/100
|switch|p2b: Kingambit|Kingambit, L50, M|100/100
|turn|6
|
|t:|1785980423
|move|p2b: Kingambit|Protect|p2b: Kingambit
|-singleturn|p2b: Kingambit|Protect
|cant|p1b: Floette|slp
|move|p1a: Hydreigon|Flamethrower|p2b: Kingambit
|-activate|p2b: Kingambit|move: Protect
|move|p2a: Torkoal|Yawn|p1a: Hydreigon
|-start|p1a: Hydreigon|move: Yawn|[of] p2a: Torkoal
|
|-weather|SunnyDay|[upkeep]
|-heal|p2a: Torkoal|25/100|[from] item: Leftovers
|upkeep
|turn|7
|l|☆Alphonse_gg
|player|p2|
|j|☆Alphonse_gg
|player|p2|Alphonse_gg|1|
|
|t:|1785980491
|move|p2a: Torkoal|Helping Hand|p2b: Kingambit
|-singleturn|p2b: Kingambit|Helping Hand|[of] p2a: Torkoal
|cant|p1b: Floette|slp
|move|p1a: Hydreigon|Flamethrower|p2b: Kingambit
|-supereffective|p2b: Kingambit|1
|-damage|p2b: Kingambit|1/100
|-damage|p1a: Hydreigon|90/100|[from] item: Life Orb
|move|p2b: Kingambit|Iron Head|p1a: Hydreigon
|-crit|p1a: Hydreigon
|-damage|p1a: Hydreigon|0 fnt
|faint|p1a: Hydreigon
|
|-weather|SunnyDay|[upkeep]
|-heal|p2a: Torkoal|32/100|[from] item: Leftovers
|upkeep
|
|t:|1785980507
|switch|p1a: Basculegion|Basculegion, L50, M|100/100
|turn|8
|
|t:|1785980527
|move|p2b: Kingambit|Protect|p2b: Kingambit
|-singleturn|p2b: Kingambit|Protect
|move|p1a: Basculegion|Aqua Jet|p2b: Kingambit
|-activate|p2b: Kingambit|move: Protect
|-curestatus|p1b: Floette|slp|[msg]
|move|p1b: Floette|Dazzling Gleam|p2b: Kingambit|[spread] p2a
|-activate|p2b: Kingambit|move: Protect
|-resisted|p2a: Torkoal|1
|-damage|p2a: Torkoal|14/100
|move|p2a: Torkoal|Yawn|p1a: Basculegion
|-start|p1a: Basculegion|move: Yawn|[of] p2a: Torkoal
|
|-weather|none
|-heal|p2a: Torkoal|20/100y|[from] item: Leftovers
|upkeep
|turn|9
|
|t:|1785980555
|move|p2b: Kingambit|Protect|p2b: Kingambit
|-singleturn|p2b: Kingambit|Protect
|move|p1a: Basculegion|Aqua Jet|p2a: Torkoal
|-supereffective|p2a: Torkoal|1
|-damage|p2a: Torkoal|0 fnt
|faint|p2a: Torkoal
|move|p1b: Floette|Dazzling Gleam|p2b: Kingambit
|-activate|p2b: Kingambit|move: Protect
|
|-end|p1a: Basculegion|move: Yawn|[silent]
|-status|p1a: Basculegion|slp
|-sideend|p2: Alphonse_gg|move: Light Screen
|upkeep
|turn|10
|
|t:|1785980585
|move|p1b: Floette|Protect|p1b: Floette
|-singleturn|p1b: Floette|Protect
|cant|p1a: Basculegion|slp
|move|p2b: Kingambit|Iron Head|p1b: Floette
|-activate|p1b: Floette|move: Protect
|
|-sideend|p2: Alphonse_gg|Reflect
|upkeep
|turn|11
|
|t:|1785980598
|cant|p1a: Basculegion|slp
|move|p2b: Kingambit|Sucker Punch|p1b: Floette
|-resisted|p1b: Floette|1
|-damage|p1b: Floette|3/100
|move|p1b: Floette|Moonblast|p2b: Kingambit
|-damage|p2b: Kingambit|0 fnt
|faint|p2b: Kingambit
|
|win|zeedra
||Alphonse_gg is ready for game 3.
||Alphonse_gg is ready for game 3.
||Alphonse_gg is ready for game 3.
||Alphonse_gg is ready for game 3.
|inactive|zeedra has 30 seconds to confirm battle start!
||Alphonse_gg is ready for game 3.
||Alphonse_gg is ready for game 3.
|inactive|zeedra has 20 seconds to confirm battle start!
||zeedra is ready for game 3.
|uhtml|next|Next: Game 3 of 3
|l|☆zeedra
|player|p1|
|j|☆zeedra
|player|p1|zeedra|169|
