|j|☆Samki9
|j|☆kokomiiiii
|html|Samki9kokomiiiii    
|uhtml|bestof|Game 1 of a best-of-3
|t:|1757905478
|gametype|doubles
|player|p1|Samki9|hugh|1127
|player|p2|kokomiiiii|lillie-masters|1220
|gen|9
|tier|[Gen 9] VGC 2025 Reg H (Bo3)
|rated|
|rule|Species Clause: Limit one of each Pokémon
|rule|Item Clause: Limit 1 of each item
|clearpoke
|poke|p1|Tyranitar, L50, M|
|poke|p1|Garchomp, L50, M|
|poke|p1|Gholdengo, L50|
|poke|p1|Sneasler, L50, M|
|poke|p1|Corviknight, L50, M|
|poke|p1|Rillaboom, L50, M|
|poke|p2|Gholdengo, L50|
|poke|p2|Ursaluna, L50, F|
|poke|p2|Dragonite, L50, M|
|poke|p2|Porygon2, L50|
|poke|p2|Incineroar, L50, M|
|poke|p2|Amoonguss, L50, M|
|teampreview|4
|showteam|p1|Tyranitar||FocusSash|SandStream|RockSlide,KnockOff,DragonDance,Protect|||M|||50|,,,,,Ghost]Garchomp||ClearAmulet|SandVeil|DragonClaw,StompingTantrum,Earthquake,Protect|||M|||50|,,,,,Fire]Gholdengo||LifeOrb|GoodasGold|MakeItRain,ShadowBall,NastyPlot,Protect||||||50|,,,,,Water]Sneasler||GrassySeed|Unburden|CloseCombat,DireClaw,Coaching,Protect|||M|||50|,,,,,Stellar]Corviknight||CovertCloak|MirrorArmor|BraveBird,Taunt,Roost,Tailwind|||M|||50|,,,,,Dragon]Rillaboom||AssaultVest|GrassySurge|FakeOut,WoodHammer,GrassyGlide,Uturn|||M|||50|,,,,,Water
|showteam|p2|Gholdengo||LifeOrb|GoodasGold|MakeItRain,ShadowBall,NastyPlot,Protect||||||50|,,,,,Water]Ursaluna||FlameOrb|Guts|HeadlongRush,Facade,Earthquake,Protect|||F|||50|,,,,,Ghost]Dragonite||LoadedDice|Multiscale|ScaleShot,Haze,Tailwind,Protect|||M|||50|,,,,,Fairy]Porygon2||Eviolite|Download|IceBeam,TeraBlast,TrickRoom,Recover||||||50|,,,,,Fighting]Incineroar||SafetyGoggles|Intimidate|FakeOut,KnockOff,FlareBlitz,PartingShot|||M|||50|,,,,,Ghost]Amoonguss||SitrusBerry|Regenerator|RagePowder,PollenPuff,Spore,Protect|||M|||50|,,,,,Water
|
|t:|1757905543
|teamsize|p1|4
|teamsize|p2|4
|start
|switch|p1a: Corviknight|Corviknight, L50, M|100/100
|switch|p1b: Tyranitar|Tyranitar, L50, M|100/100
|switch|p2a: Midcineroar|Incineroar, L50, M, shiny|100/100
|switch|p2b: Annoyingon2|Porygon2, L50, shiny|100/100
|-ability|p2a: Midcineroar|Intimidate|boost
|-ability|p1a: Corviknight|Mirror Armor
|-unboost|p2a: Midcineroar|atk|1
|-unboost|p1b: Tyranitar|atk|1
|-weather|Sandstorm|[from] ability: Sand Stream|[of] p1b: Tyranitar
|-ability|p2b: Annoyingon2|Download|boost
|-boost|p2b: Annoyingon2|spa|1
|turn|1
|inactive|Battle timer is ON: inactive players will automatically lose when time's up. (requested by Samki9)
|
|t:|1757905563
|switch|p1b: Garchomp|Garchomp, L50, M|100/100
|move|p2a: Midcineroar|Fake Out|p1a: Corviknight
|-resisted|p1a: Corviknight
|-damage|p1a: Corviknight|97/100
|move|p1a: Corviknight|Taunt|p2b: Annoyingon2
|-start|p2b: Annoyingon2|move: Taunt
|cant|p2b: Annoyingon2|move: Taunt|Trick Room
|
|-weather|Sandstorm|[upkeep]
|-damage|p2b: Annoyingon2|95/100|[from] Sandstorm
|upkeep
|turn|2
|inactive|kokomiiiii has 30 seconds left.
|
|t:|1757905598
|switch|p1a: Tyranitar|Tyranitar, L50, M|100/100
|switch|p2a: SHROOMSSSS|Amoonguss, L50, M, shiny|100/100
|move|p1b: Garchomp|Stomping Tantrum|p2a: SHROOMSSSS
|-damage|p2a: SHROOMSSSS|66/100
|move|p2b: Annoyingon2|Ice Beam|p1b: Garchomp
|-supereffective|p1b: Garchomp
|-damage|p1b: Garchomp|0 fnt
|faint|p1b: Garchomp
|
|-weather|Sandstorm|[upkeep]
|-damage|p2b: Annoyingon2|89/100|[from] Sandstorm
|-damage|p2a: SHROOMSSSS|60/100|[from] Sandstorm
|upkeep
|
|t:|1757905622
|switch|p1b: Rillaboom|Rillaboom, L50, M|100/100
|-fieldstart|move: Grassy Terrain|[from] ability: Grassy Surge|[of] p1b: Rillaboom
|turn|3
|
|t:|1757905644
|move|p1b: Rillaboom|Fake Out|p2a: SHROOMSSSS
|-damage|p2a: SHROOMSSSS|48/100
|-enditem|p2a: SHROOMSSSS|Sitrus Berry|[eat]
|-heal|p2a: SHROOMSSSS|73/100|[from] item: Sitrus Berry
|move|p1a: Tyranitar|Knock Off|p2b: Annoyingon2
|-damage|p2b: Annoyingon2|52/100
|-enditem|p2b: Annoyingon2|Eviolite|[from] move: Knock Off|[of] p1a: Tyranitar
|move|p2b: Annoyingon2|Ice Beam|p1b: Rillaboom
|-supereffective|p1b: Rillaboom
|-damage|p1b: Rillaboom|43/100
|-status|p1b: Rillaboom|frz
|cant|p2a: SHROOMSSSS|flinch
|
|-weather|Sandstorm|[upkeep]
|-damage|p1b: Rillaboom|37/100 frz|[from] Sandstorm
|-damage|p2b: Annoyingon2|46/100|[from] Sandstorm
|-damage|p2a: SHROOMSSSS|67/100|[from] Sandstorm
|-heal|p1b: Rillaboom|43/100 frz|[from] Grassy Terrain
|-heal|p2b: Annoyingon2|52/100|[from] Grassy Terrain
|-heal|p2a: SHROOMSSSS|73/100|[from] Grassy Terrain
|-end|p2b: Annoyingon2|move: Taunt
|upkeep
|turn|4
|
|t:|1757905667
|cant|p1b: Rillaboom|frz
|move|p1a: Tyranitar|Rock Slide|p2b: Annoyingon2|[spread] p2a,p2b
|-damage|p2a: SHROOMSSSS|48/100
|-damage|p2b: Annoyingon2|19/100
|move|p2a: SHROOMSSSS|Pollen Puff|p1a: Tyranitar
|-supereffective|p1a: Tyranitar
|-damage|p1a: Tyranitar|74/100
|cant|p2b: Annoyingon2|flinch
|
|-weather|Sandstorm|[upkeep]
|-damage|p1b: Rillaboom|37/100 frz|[from] Sandstorm
|-damage|p2b: Annoyingon2|14/100|[from] Sandstorm
|-damage|p2a: SHROOMSSSS|42/100|[from] Sandstorm
|-heal|p1b: Rillaboom|43/100 frz|[from] Grassy Terrain
|-heal|p1a: Tyranitar|80/100|[from] Grassy Terrain
|-heal|p2b: Annoyingon2|19/100|[from] Grassy Terrain
|-heal|p2a: SHROOMSSSS|48/100|[from] Grassy Terrain
|upkeep
|turn|5
|
|t:|1757905689
|-terastallize|p2b: Annoyingon2|Fighting
|move|p1a: Tyranitar|Rock Slide|p2a: SHROOMSSSS|[spread] p2a,p2b
|-resisted|p2b: Annoyingon2
|-damage|p2a: SHROOMSSSS|22/100
|-damage|p2b: Annoyingon2|5/100
|-curestatus|p1b: Rillaboom|frz|[msg]
|move|p1b: Rillaboom|U-turn|p2a: SHROOMSSSS
|-damage|p2a: SHROOMSSSS|0 fnt
|faint|p2a: SHROOMSSSS
|
|t:|1757905698
|switch|p1b: Corviknight|Corviknight, L50, M|97/100|[from] U-turn
|move|p2b: Annoyingon2|Trick Room|p2b: Annoyingon2
|-fieldstart|move: Trick Room|[of] p2b: Annoyingon2
|
|-weather|none
|-heal|p2b: Annoyingon2|10/100|[from] Grassy Terrain
|-heal|p1a: Tyranitar|86/100|[from] Grassy Terrain
|upkeep
|
|t:|1757905707
|switch|p2a: bam|Ursaluna, L50, F, shiny|100/100
|turn|6
|
|t:|1757905718
|-terastallize|p1a: Tyranitar|Ghost
|move|p2b: Annoyingon2|Tera Blast|p1b: Corviknight|[anim] Tera Blast Fighting
|-damage|p1b: Corviknight|47/100
|move|p2a: bam|Headlong Rush|p1a: Tyranitar
|-damage|p1a: Tyranitar|24/100
|-unboost|p2a: bam|def|1
|-unboost|p2a: bam|spd|1
|move|p1a: Tyranitar|Knock Off|p2a: bam
|-damage|p2a: bam|38/100
|-enditem|p2a: bam|Flame Orb|[from] move: Knock Off|[of] p1a: Tyranitar
|move|p1b: Corviknight|Brave Bird|p2b: Annoyingon2
|-supereffective|p2b: Annoyingon2
|-damage|p2b: Annoyingon2|0 fnt
|faint|p2b: Annoyingon2
|-damage|p1b: Corviknight|44/100|[from] Recoil
|
|-heal|p2a: bam|44/100|[from] Grassy Terrain
|-heal|p1a: Tyranitar|30/100|[from] Grassy Terrain
|upkeep
|
|t:|1757905725
|switch|p2b: Midcineroar|Incineroar, L50, M, shiny|100/100
|-ability|p2b: Midcineroar|Intimidate|boost
|-unboost|p1a: Tyranitar|atk|1
|-ability|p1b: Corviknight|Mirror Armor
|-unboost|p2b: Midcineroar|atk|1
|turn|7
|
|t:|1757905749
|move|p1a: Tyranitar|Protect|p1a: Tyranitar
|-singleturn|p1a: Tyranitar|Protect
|move|p2a: bam|Facade|p1b: Corviknight
|-resisted|p1b: Corviknight
|-damage|p1b: Corviknight|26/100
|move|p2b: Midcineroar|Knock Off|p1a: Tyranitar
|-activate|p1a: Tyranitar|move: Protect
|move|p1b: Corviknight|Roost|p1b: Corviknight
|-heal|p1b: Corviknight|76/100
|-singleturn|p1b: Corviknight|move: Roost
|
|-heal|p2a: bam|50/100|[from] Grassy Terrain
|-heal|p1a: Tyranitar|36/100|[from] Grassy Terrain
|-heal|p1b: Corviknight|82/100|[from] Grassy Terrain
|-fieldend|move: Grassy Terrain
|upkeep
|turn|8
|inactive|Samki9 has 30 seconds left.
|
|t:|1757905777
|move|p2a: bam|Headlong Rush|p1a: Tyranitar
|-damage|p1a: Tyranitar|0 fnt
|-unboost|p2a: bam|def|1
|-unboost|p2a: bam|spd|1
|faint|p1a: Tyranitar
|move|p2b: Midcineroar|Flare Blitz|p1b: Corviknight
|-supereffective|p1b: Corviknight
|-damage|p1b: Corviknight|24/100
|-damage|p2b: Midcineroar|81/100|[from] Recoil
|move|p1b: Corviknight|Brave Bird|p2b: Midcineroar
|-damage|p2b: Midcineroar|39/100
|-damage|p1b: Corviknight|10/100|[from] Recoil
|
|upkeep
|
|t:|1757905790
|switch|p1a: Rillaboom|Rillaboom, L50, M|43/100
|-fieldstart|move: Grassy Terrain|[from] ability: Grassy Surge|[of] p1a: Rillaboom
|turn|9
|
|t:|1757905800
|move|p1a: Rillaboom|Fake Out|p2b: Midcineroar
|-damage|p2b: Midcineroar|26/100
|move|p2a: bam|Facade|p1b: Corviknight
|-resisted|p1b: Corviknight
|-damage|p1b: Corviknight|0 fnt
|faint|p1b: Corviknight
|cant|p2b: Midcineroar|flinch
|
|-heal|p2a: bam|56/100|[from] Grassy Terrain
|-heal|p2b: Midcineroar|32/100|[from] Grassy Terrain
|-heal|p1a: Rillaboom|48/100|[from] Grassy Terrain
|-fieldend|move: Trick Room
|upkeep
|turn|10
|
|t:|1757905819
|move|p1a: Rillaboom|Wood Hammer|p2b: Midcineroar
|-resisted|p2b: Midcineroar
|-damage|p2b: Midcineroar|0 fnt
|faint|p2b: Midcineroar
|-damage|p1a: Rillaboom|38/100|[from] Recoil
|move|p2a: bam|Facade|p1a: Rillaboom
|-damage|p1a: Rillaboom|0 fnt
|faint|p1a: Rillaboom
|
|win|kokomiiiii
||Samki9 is ready for game 2.
||kokomiiiii is ready for game 2.
|uhtml|next|Next: Game 2 of 3
