|j|☆Gurkensusli
|j|☆avalos jr
|html|Gurkensusliavalos jr    
|uhtml|bestof|Game 2 of a best-of-3
|t:|1783248460
|gametype|doubles
|player|p1|Gurkensusli|170|1049
|player|p2|avalos jr|miku-ghost|1033
|gen|9
|tier|[Gen 9 Champions] VGC 2026 Reg M-B (Bo3)
|rated|
|rule|Species Clause: Limit one of each Pokémon
|rule|Item Clause: Limit 1 of each item
|clearpoke
|poke|p1|Gengar, L50, M|
|poke|p1|Incineroar, L50, F|
|poke|p1|Garchomp, L50, F|
|poke|p1|Sneasler, L50, M|
|poke|p1|Whimsicott, L50, M|
|poke|p1|Starmie, L50|
|poke|p2|Floette-Eternal, L50, F|
|poke|p2|Incineroar, L50, F, shiny|
|poke|p2|Sinistcha, L50, shiny|
|poke|p2|Garchomp, L50, M, shiny|
|poke|p2|Whimsicott, L50, F, shiny|
|poke|p2|Delphox, L50, F, shiny|
|teampreview|4
|showteam|p1|Gengar||Gengarite|CursedBody|SludgeBomb,ShadowBall,DestinyBond,WillOWisp|Timid||M|||50|]Incineroar||SitrusBerry|Intimidate|FakeOut,FlareBlitz,Protect,PartingShot|Adamant||F|||50|]Garchomp||ChoiceScarf|RoughSkin|StompingTantrum,RockSlide,DragonClaw,IronHead|Jolly||F|||50|]Sneasler||LifeOrb|PoisonTouch|FakeOut,CloseCombat,DireClaw,Protect|Jolly||M|||50|]Whimsicott||FocusSash|Prankster|Moonblast,Tailwind,HelpingHand,Taunt|Bold||M|||50|]Starmie||Starminite|NaturalCure|AquaJet,IceSpinner,Liquidation,FlipTurn|Jolly|||||50|
|showteam|p2|Floette-Eternal||Floettite|FlowerVeil|DrainingKiss,DazzlingGleam,CalmMind,Protect|Modest||F|||50|]Incineroar||Charcoal|Intimidate|FakeOut,ThroatChop,FlareBlitz,PartingShot|Adamant||F|||50|]Sinistcha||KasibBerry|Hospitality|MatchaGotcha,RagePowder,LifeDew,TrickRoom|Bold|||||50|]Garchomp||LifeOrb|RoughSkin|RockTomb,Earthquake,DragonClaw,Protect|Jolly||M|||50|]Whimsicott||FairyFeather|Prankster|Moonblast,Tailwind,Encore,Protect|Timid||F|||50|]Delphox||Delphoxite|Blaze|HeatWave,Psychic,NastyPlot,Protect|Timid||F|||50|
|inactive|Battle timer is ON: inactive players will automatically lose when time's up. (requested by Gurkensusli)
|inactive|avalos jr also wants the timer to be on.
|inactive|Gurkensusli has 60 seconds left.
|
|t:|1783248505
|teamsize|p1|4
|teamsize|p2|4
|start
|switch|p1a: Incineroar|Incineroar, L50, F|100/100
|switch|p1b: Garchomp|Garchomp, L50, F|100/100
|switch|p2a: Mr. Meow|Incineroar, L50, F, shiny|100/100
|switch|p2b: Psychopomp|Delphox, L50, F, shiny|100/100
|-ability|p2a: Mr. Meow|Intimidate|boost
|-unboost|p1a: Incineroar|atk|1
|-unboost|p1b: Garchomp|atk|1
|-ability|p1a: Incineroar|Intimidate|boost
|-unboost|p2a: Mr. Meow|atk|1
|-unboost|p2b: Psychopomp|atk|1
|turn|1
|
|t:|1783248529
|detailschange|p2b: Psychopomp|Delphox-Mega, L50, F, shiny
|-mega|p2b: Psychopomp|Delphox|Delphoxite
|move|p2a: Mr. Meow|Fake Out|p1a: Incineroar
|-damage|p1a: Incineroar|91/100
|cant|p1a: Incineroar|flinch
|move|p1b: Garchomp|Rock Slide|p2b: Psychopomp|[spread] p2b
|-miss|p1b: Garchomp|p2a: Mr. Meow
|-supereffective|p2b: Psychopomp|1
|-damage|p2b: Psychopomp|61/100
|move|p2b: Psychopomp|Psychic|p1b: Garchomp
|-damage|p1b: Garchomp|43/100
|
|upkeep
|turn|2
|
|t:|1783248544
|move|p1b: Garchomp|Rock Slide|p2a: Mr. Meow|[spread] p2a,p2b
|-supereffective|p2a: Mr. Meow|1
|-supereffective|p2b: Psychopomp|1
|-damage|p2a: Mr. Meow|76/100
|-damage|p2b: Psychopomp|24/100
|move|p2b: Psychopomp|Psychic|p1b: Garchomp
|-damage|p1b: Garchomp|0 fnt
|faint|p1b: Garchomp
|move|p2a: Mr. Meow|Throat Chop|p1a: Incineroar
|-resisted|p1a: Incineroar|1
|-damage|p1a: Incineroar|77/100
|-start|p1a: Incineroar|Throat Chop|[silent]
|cant|p1a: Incineroar|move: Throat Chop
|
|upkeep
|
|t:|1783248560
|switch|p1b: Starmie|Starmie, L50|100/100
|turn|3
|
|t:|1783248583
|switch|p1a: Sneasler|Sneasler, L50, M|100/100
|detailschange|p1b: Starmie|Starmie-Mega, L50
|-mega|p1b: Starmie|Starmie|Starminite
|move|p2b: Psychopomp|Protect|p2b: Psychopomp
|-singleturn|p2b: Psychopomp|Protect
|move|p1b: Starmie|Aqua Jet|p2b: Psychopomp
|-activate|p2b: Psychopomp|move: Protect
|move|p2a: Mr. Meow|Parting Shot|p1b: Starmie
|-unboost|p1b: Starmie|atk|1
|-unboost|p1b: Starmie|spa|1
|
|t:|1783248598
|switch|p2a: Beri|Sinistcha, L50, shiny|100/100|[from] Parting Shot
|-heal|p2b: Psychopomp|49/100|[from] ability: Hospitality|[of] p2a: Beri
|
|upkeep
|turn|4
|
|t:|1783248607
|switch|p2b: Mr. Meow|Incineroar, L50, F, shiny|76/100
|-ability|p2b: Mr. Meow|Intimidate|boost
|-unboost|p1a: Sneasler|atk|1
|-unboost|p1b: Starmie|atk|1
|switch|p1b: Incineroar|Incineroar, L50, F|77/100
|-ability|p1b: Incineroar|Intimidate|boost
|-unboost|p2a: Beri|atk|1
|-unboost|p2b: Mr. Meow|atk|1
|move|p1a: Sneasler|Fake Out|p2b: Mr. Meow
|-damage|p2b: Mr. Meow|63/100
|-damage|p1a: Sneasler|90/100|[from] item: Life Orb
|move|p2a: Beri|Matcha Gotcha|p1a: Sneasler|[spread] p1a,p1b
|-resisted|p1a: Sneasler|1
|-resisted|p1b: Incineroar|1
|-damage|p1a: Sneasler|72/100
|-damage|p1b: Incineroar|67/100
|
|upkeep
|turn|5
|
|t:|1783248629
|move|p2b: Mr. Meow|Fake Out|p1a: Sneasler
|-damage|p1a: Sneasler|56/100
|cant|p1a: Sneasler|flinch
|move|p2a: Beri|Matcha Gotcha|p1a: Sneasler|[spread] p1a
|-miss|p2a: Beri|p1b: Incineroar
|-resisted|p1a: Sneasler|1
|-damage|p1a: Sneasler|41/100
|-status|p1a: Sneasler|brn
|move|p1b: Incineroar|Flare Blitz|p2a: Beri
|-supereffective|p2a: Beri|1
|-damage|p2a: Beri|0 fnt
|faint|p2a: Beri
|-damage|p1b: Incineroar|38/100|[from] Recoil
|-enditem|p1b: Incineroar|Sitrus Berry|[eat]
|-heal|p1b: Incineroar|62/100|[from] item: Sitrus Berry
|
|-damage|p1a: Sneasler|35/100 brn|[from] brn
|upkeep
|
|t:|1783248643
|switch|p2a: Psychopomp|Delphox-Mega, L50, F, shiny|49/100
|turn|6
|
|t:|1783248654
|move|p2a: Psychopomp|Heat Wave|p1b: Incineroar|[spread] p1a,p1b
|-resisted|p1b: Incineroar|1
|-damage|p1a: Sneasler|0 fnt
|-damage|p1b: Incineroar|46/100
|faint|p1a: Sneasler
|move|p2b: Mr. Meow|Flare Blitz|p1b: Incineroar
|-resisted|p1b: Incineroar|1
|-crit|p1b: Incineroar
|-damage|p1b: Incineroar|0 fnt
|faint|p1b: Incineroar
|-damage|p2b: Mr. Meow|48/100|[from] Recoil
|
|upkeep
|
|t:|1783248665
|switch|p1a: Starmie|Starmie-Mega, L50|100/100
|turn|7
|
|t:|1783248672
|switch|p2b: Jet|Garchomp, L50, M, shiny|100/100
|move|p2a: Psychopomp|Protect|p2a: Psychopomp
|-singleturn|p2a: Psychopomp|Protect
|move|p1a: Starmie|Liquidation|p2b: Jet
|-damage|p2b: Jet|24/100
|-damage|p1a: Starmie|87/100|[from] ability: Rough Skin|[of] p2b: Jet
|
|upkeep
|turn|8
|inactive|Gurkensusli has 30 seconds left.
|inactive|Gurkensusli has 20 seconds left.
|
|t:|1783248709
|move|p1a: Starmie|Aqua Jet|p2b: Jet
|-damage|p2b: Jet|0 fnt
|-damage|p1a: Starmie|75/100|[from] ability: Rough Skin|[of] p2b: Jet
|faint|p2b: Jet
|move|p2a: Psychopomp|Heat Wave|p1a: Starmie
|-resisted|p1a: Starmie|1
|-damage|p1a: Starmie|42/100
|
|upkeep
|inactive|avalos jr has 30 seconds left.
|inactive|avalos jr has 20 seconds left.
|
|t:|1783248746
|switch|p2b: Mr. Meow|Incineroar, L50, F, shiny|48/100
|-ability|p2b: Mr. Meow|Intimidate|boost
|-unboost|p1a: Starmie|atk|1
|turn|9
|
|t:|1783248758
|move|p2b: Mr. Meow|Fake Out|p1a: Starmie
|-damage|p1a: Starmie|24/100
|move|p2a: Psychopomp|Psychic|p1a: Starmie
|-resisted|p1a: Starmie|1
|-damage|p1a: Starmie|0 fnt
|faint|p1a: Starmie
|
|win|avalos jr
|raw|Gurkensusli's rating: 1049 → 1031(-18 for losing)
|raw|avalos jr's rating: 1033 → 1070(+37 for winning)
