|j|âک†bushidobayleef
|j|âک†Whim5
|html|bushidobayleefWhim5    
|uhtml|bestof|Game 1 of a best-of-3
|t:|1782669498
|gametype|doubles
|player|p1|bushidobayleef|acetrainercouple|
|player|p2|Whim5|backers|
|gen|9
|tier|[Gen 9 Champions] VGC 2026 Reg M-B (Bo3)
|rule|Species Clause: Limit one of each Pokأ©mon
|rule|Item Clause: Limit 1 of each item
|clearpoke
|poke|p1|Chesnaught, L50, M|
|poke|p1|Gengar, L50, M, shiny|
|poke|p1|Noivern, L50, F, shiny|
|poke|p1|Empoleon, L50, M, shiny|
|poke|p1|Mamoswine, L50, F, shiny|
|poke|p1|Tyranitar, L50, F|
|poke|p2|Lucario, L50, M|
|poke|p2|Primarina, L50, M|
|poke|p2|Sinistcha, L50, shiny|
|poke|p2|Hydreigon, L50, M|
|poke|p2|Goodra-Hisui, L50, F|
|poke|p2|Aurorus, L50, F, shiny|
|teampreview|4
|showteam|p1|Chesnaught||Chesnaughtite|Bulletproof|WoodHammer,DrainPunch,Crunch,BulkUp|Sassy||M|||50|]Gengar||LifeOrb|CursedBody|ShadowBall,SludgeBomb,TrickRoom,Protect|Modest||M|||50|]Noivern||WhiteHerb|Frisk|DracoMeteor,AirSlash,Tailwind,Uturn|Timid||F|||50|]Empoleon||MysticWater|Torrent|HydroPump,IceBeam,HydroCannon,Protect|Modest||M|||50|]Mamoswine||ExpertBelt|ThickFat|HighHorsepower,IceShard,RockSlide,Protect|Adamant||F|||50|]Tyranitar||Tyranitarite|SandStream|RockSlide,Crunch,Superpower,Protect|Adamant||F|||50|
|showteam|p2|Lucario||Lucarionite|InnerFocus|CloseCombat,MeteorMash,Protect,Feint|Jolly||M|||50|]Primarina||LifeOrb|LiquidVoice|HyperVoice,Moonblast,Protect,CalmMind|Modest||M|||50|]Sinistcha||SitrusBerry|Hospitality|MatchaGotcha,RagePowder,StrengthSap,TrickRoom|Calm|||||50|]Hydreigon||ChoiceScarf|Levitate|DracoMeteor,HeatWave,DarkPulse,Uturn|Modest||M|||50|]Goodra-Hisui||Leftovers|SapSipper|GyroBall,IceSpinner,BodyPress,Curse|Relaxed||F|||50|]Aurorus||LightClay|SnowWarning|AuroraVeil,Blizzard,IcyWind,Protect|Calm||F|||50|
|c|âک†Whim5|glhf!
|c|âک†bushidobayleef|gl gang :D
|j| upfrontsalt
|j| ViviTop5
|l| ViviTop5
|
|t:|1782669886
|teamsize|p1|4
|teamsize|p2|4
|start
|switch|p1a: RAHHHHHH|Mamoswine, L50, F, shiny|100/100
|switch|p1b: Kris Deltarune|Noivern, L50, F, shiny|100/100
|switch|p2a: Punch Merchant|Lucario, L50, M|100/100
|switch|p2b: Azi Dahaka|Hydreigon, L50, M|100/100
|-item|p2a: Punch Merchant|Lucarionite|[from] ability: Frisk|[of] p1b: Kris Deltarune
|-item|p2b: Azi Dahaka|Choice Scarf|[from] ability: Frisk|[of] p1b: Kris Deltarune
|turn|1
|c|âک†bushidobayleef|just realized frisk is useless bc open teamsheets
|c|âک†bushidobayleef|oops
|c|âک†Whim5|lol
|c| upfrontsalt|it happens
|c|âک†bushidobayleef|we got the green team
|
|t:|1782670094
|switch|p1b: carotid merchant|Empoleon, L50, M, shiny|100/100
|detailschange|p2a: Punch Merchant|Lucario-Mega, L50, M
|-mega|p2a: Punch Merchant|Lucario|Lucarionite
|move|p2b: Azi Dahaka|Draco Meteor|p1b: carotid merchant
|-resisted|p1b: carotid merchant|1
|-damage|p1b: carotid merchant|66/100
|-unboost|p2b: Azi Dahaka|spa|2
|move|p2a: Punch Merchant|Close Combat|p1a: RAHHHHHH
|-supereffective|p1a: RAHHHHHH|1
|-damage|p1a: RAHHHHHH|0 fnt
|-unboost|p2a: Punch Merchant|def|1
|-unboost|p2a: Punch Merchant|spd|1
|faint|p1a: RAHHHHHH
|
|upkeep
|c| upfrontsalt|oh my God bruh that name
|c|âک†Whim5|the classic
|
|t:|1782670208
|switch|p1a: Kris Deltarune|Noivern, L50, F, shiny|100/100
|-item|p2a: Punch Merchant|Lucarionite|[from] ability: Frisk|[of] p1a: Kris Deltarune
|-item|p2b: Azi Dahaka|Choice Scarf|[from] ability: Frisk|[of] p1a: Kris Deltarune
|turn|2
|c|âک†bushidobayleef|kris with frisk ability is for the bit
|j| walshy608
|
|t:|1782670601
|switch|p2b: Embed Snailure|Goodra-Hisui, L50, F|100/100
|switch|p2a: Greenًںچ³|Sinistcha, L50, shiny|100/100
|move|p1a: Kris Deltarune|Tailwind|p1a: Kris Deltarune
|-sidestart|p1: bushidobayleef|move: Tailwind
|move|p1b: carotid merchant|Hydro Pump|p2a: Greenًںچ³
|-resisted|p2a: Greenًںچ³|1
|-damage|p2a: Greenًںچ³|70/100
|
|upkeep
|turn|3
|
|t:|1782670717
|move|p2a: Greenًںچ³|Rage Powder|p2a: Greenًںچ³
|-singleturn|p2a: Greenًںچ³|move: Rage Powder
|move|p1a: Kris Deltarune|U-turn|p2a: Greenًںچ³
|-crit|p2a: Greenًںچ³
|-damage|p2a: Greenًںچ³|55/100
|
|t:|1782670721
|switch|p1a: Artism|Tyranitar, L50, F|100/100|[from] U-turn
|-weather|Sandstorm|[from] ability: Sand Stream|[of] p1a: Artism
|move|p1b: carotid merchant|Ice Beam|p2a: Greenًںچ³
|-supereffective|p2a: Greenًںچ³|1
|-damage|p2a: Greenًںچ³|3/100
|-enditem|p2a: Greenًںچ³|Sitrus Berry|[eat]
|-heal|p2a: Greenًںچ³|28/100|[from] item: Sitrus Berry
|move|p2b: Embed Snailure|Curse|p2b: Embed Snailure
|-unboost|p2b: Embed Snailure|spe|1
|-boost|p2b: Embed Snailure|atk|1
|-boost|p2b: Embed Snailure|def|1
|
|-weather|Sandstorm|[upkeep]
|-damage|p2a: Greenًںچ³|22/100|[from] Sandstorm
|upkeep
|turn|4
|
|t:|1782670955
|move|p1a: Artism|Protect|p1a: Artism
|-singleturn|p1a: Artism|Protect
|move|p2a: Greenًںچ³|Rage Powder|p2a: Greenًںچ³
|-singleturn|p2a: Greenًںچ³|move: Rage Powder
|move|p1b: carotid merchant|Ice Beam|p2a: Greenًںچ³
|-supereffective|p2a: Greenًںچ³|1
|-damage|p2a: Greenًںچ³|0 fnt
|faint|p2a: Greenًںچ³
|move|p2b: Embed Snailure|Body Press|p1a: Artism
|-activate|p1a: Artism|move: Protect
|
|-weather|Sandstorm|[upkeep]
|upkeep
|
|t:|1782670996
|switch|p2a: Punch Merchant|Lucario-Mega, L50, M|100/100
|turn|5
|
|t:|1782671096
|detailschange|p1a: Artism|Tyranitar-Mega, L50, F
|-mega|p1a: Artism|Tyranitar|Tyranitarite
|move|p2a: Punch Merchant|Protect|p2a: Punch Merchant
|-singleturn|p2a: Punch Merchant|Protect
|move|p1a: Artism|Superpower|p2b: Embed Snailure
|-supereffective|p2b: Embed Snailure|1
|-damage|p2b: Embed Snailure|46/100
|-unboost|p1a: Artism|atk|1
|-unboost|p1a: Artism|def|1
|move|p1b: carotid merchant|Hydro Cannon|p2a: Punch Merchant
|-activate|p2a: Punch Merchant|move: Protect
|move|p2b: Embed Snailure|Body Press|p1a: Artism
|-supereffective|p1a: Artism|2
|-damage|p1a: Artism|0 fnt
|faint|p1a: Artism
|
|-weather|Sandstorm|[upkeep]
|-heal|p2b: Embed Snailure|52/100|[from] item: Leftovers
|-sideend|p1: bushidobayleef|move: Tailwind
|upkeep
|
|t:|1782671204
|switch|p1a: Kris Deltarune|Noivern, L50, F, shiny|100/100
|-item|p2a: Punch Merchant|Lucarionite|[from] ability: Frisk|[of] p1a: Kris Deltarune
|-item|p2b: Embed Snailure|Leftovers|[from] ability: Frisk|[of] p1a: Kris Deltarune
|turn|6
|
|t:|1782671242
|move|p1a: Kris Deltarune|Tailwind|p1a: Kris Deltarune
|-sidestart|p1: bushidobayleef|move: Tailwind
|move|p1b: carotid merchant|Hydro Pump|p2a: Punch Merchant|[miss]
|-miss|p1b: carotid merchant|p2a: Punch Merchant
|move|p2a: Punch Merchant|Close Combat|p1b: carotid merchant
|-supereffective|p1b: carotid merchant|1
|-damage|p1b: carotid merchant|0 fnt
|-unboost|p2a: Punch Merchant|def|1
|-unboost|p2a: Punch Merchant|spd|1
|faint|p1b: carotid merchant
|move|p2b: Embed Snailure|Ice Spinner|p1a: Kris Deltarune
|-supereffective|p1a: Kris Deltarune|2
|-damage|p1a: Kris Deltarune|0 fnt
|faint|p1a: Kris Deltarune
|
|win|Whim5
|c|âک†Whim5|thats rough
|c|âک†bushidobayleef|chinese
|inactive|bushidobayleef has 30 seconds to confirm battle start!
|inactive|Whim5 has 30 seconds to confirm battle start!
||Whim5 is ready for game 2.
|c|âک†bushidobayleef|its alright theres always game 2!
|c| upfrontsalt|good game
|inactive|bushidobayleef has 20 seconds to confirm battle start!
|c| walshy608|ggs
|c|âک†Whim5|game 2 time
||bushidobayleef is ready for game 2.
|uhtml|next|Next: Game 2 of 3
|l| upfrontsalt
