|j|☆gunkqing
|j|☆s.electrowebs
|html|gunkqings.electrowebs    
|uhtml|bestof|Game 3 of a best-of-3
|t:|1756324876
|gametype|doubles
|player|p1|gunkqing|striker|
|player|p2|s.electrowebs|1|
|gen|9
|tier|[Gen 9] VGC 2025 Reg H (Bo3)
|rule|Species Clause: Limit one of each Pokémon
|rule|Item Clause: Limit 1 of each item
|clearpoke
|poke|p1|Charizard, L50, F|
|poke|p1|Jumpluff, L50, M|
|poke|p1|Torkoal, L50, M|
|poke|p1|Ursaluna, L50, M|
|poke|p1|Incineroar, L50, F|
|poke|p1|Duskull, L50, M|
|poke|p2|Rillaboom, L50, M|
|poke|p2|Electabuzz, L50, M|
|poke|p2|Archaludon, L50, F|
|poke|p2|Kingambit, L50, M|
|poke|p2|Pelipper, L50, M|
|poke|p2|Basculegion, L50, M|
|teampreview|4
|showteam|p1|Charizard||ChoiceSpecs|SolarPower|HeatWave,Overheat,WeatherBall,DragonPulse|||F|||50|,,,,,Ghost]Jumpluff||CovertCloak|Chlorophyll|SleepPowder,Tailwind,RagePowder,SunnyDay|||M|||50|,,,,,Water]Torkoal||EjectPack|Drought|Overheat,Eruption,ClearSmog,Protect|||M|||50|,,,,,Fire]Ursaluna||FlameOrb|Guts|Facade,HeadlongRush,Earthquake,Protect|||M|||50|,,,,,Ghost]Incineroar||AssaultVest|Intimidate|FakeOut,FlareBlitz,KnockOff,Uturn|||F|||50|,,,,,Ghost]Duskull||Eviolite|Levitate|NightShade,TrickRoom,Taunt,PainSplit|||M|||50|,,,,,Steel
|showteam|p2|Rillaboom||LoadedDice|GrassySurge|HighHorsepower,BulletSeed,GrassyGlide,FakeOut|||M|||50|,,,,,Fire]Electabuzz||Eviolite|VitalSpirit|Electroweb,Taunt,Protect,FollowMe|||M|||50|,,,,,Ghost]Archaludon||AssaultVest|Stamina|ElectroShot,BodyPress,FlashCannon,DracoMeteor|||F|||50|,,,,,Water]Kingambit||BlackGlasses|Defiant|Protect,KowtowCleave,SwordsDance,SuckerPunch|||M|||50|,,,,,Dark]Pelipper||FocusSash|Drizzle|WeatherBall,Hurricane,Tailwind,Protect|||M|||50|,,,,,Ground]Basculegion||ChoiceBand|SwiftSwim|WaveCrash,AquaJet,FlipTurn,LastRespects|||M|||50|,,,,,Grass
|inactive|Battle timer is ON: inactive players will automatically lose when time's up. (requested by gunkqing)
|inactive|gunkqing has 60 seconds left.
|inactive|s.electrowebs has 60 seconds left.
|
|t:|1756324910
|teamsize|p1|4
|teamsize|p2|4
|start
|switch|p1a: Incineroar|Incineroar, L50, F|100/100
|switch|p1b: Jumpluff|Jumpluff, L50, M|100/100
|switch|p2a: Joel|Basculegion, L50, M|100/100
|switch|p2b: The Beast|Rillaboom, L50, M|100/100
|-fieldstart|move: Grassy Terrain|[from] ability: Grassy Surge|[of] p2b: The Beast
|-ability|p1a: Incineroar|Intimidate|boost
|-unboost|p2a: Joel|atk|1
|-unboost|p2b: The Beast|atk|1
|turn|1
|inactive|gunkqing has 30 seconds left.
|inactive|gunkqing has 20 seconds left.
|
|t:|1756324945
|move|p1b: Jumpluff|Sunny Day|p1b: Jumpluff
|-weather|SunnyDay
|move|p2a: Joel|Wave Crash|p1a: Incineroar
|-supereffective|p1a: Incineroar
|-damage|p1a: Incineroar|54/100
|-damage|p2a: Joel|85/100|[from] Recoil
|move|p2b: The Beast|High Horsepower|p1a: Incineroar
|-supereffective|p1a: Incineroar
|-damage|p1a: Incineroar|19/100
|move|p1a: Incineroar|U-turn|p2a: Joel
|-resisted|p2a: Joel
|-damage|p2a: Joel|71/100
|
|t:|1756324964
|switch|p1a: Charizard|Charizard, L50, F, shiny|100/100|[from] U-turn
|
|-weather|SunnyDay|[upkeep]
|-damage|p1a: Charizard|88/100|[from] ability: Solar Power|[of] p1a: Charizard
|-heal|p2a: Joel|77/100|[from] Grassy Terrain
|upkeep
|turn|2
|l|☆s.electrowebs
|inactive|s.electrowebs disconnected and has 300 seconds to reconnect!
|player|p2|
|inactive|s.electrowebs has 270 seconds to reconnect!
|j|☆s.electrowebs
|inactive|s.electrowebs reconnected and has 35 seconds left.
|player|p2|s.electrowebs|1|
|inactive|s.electrowebs has 30 seconds left.
|
|t:|1756325028
|switch|p1a: Incineroar|Incineroar, L50, F|19/100
|-ability|p1a: Incineroar|Intimidate|boost
|-unboost|p2a: Joel|atk|1
|-unboost|p2b: The Beast|atk|1
|switch|p2b: Haven|Pelipper, L50, M|100/100
|-weather|RainDance|[from] ability: Drizzle|[of] p2b: Haven
|move|p2a: Joel|Wave Crash|p1a: Incineroar
|-supereffective|p1a: Incineroar
|-damage|p1a: Incineroar|0 fnt
|faint|p1a: Incineroar
|-damage|p2a: Joel|71/100|[from] Recoil
|move|p1b: Jumpluff|Tailwind|p1b: Jumpluff
|-sidestart|p1: gunkqing|move: Tailwind
|
|-weather|RainDance|[upkeep]
|-heal|p2a: Joel|77/100|[from] Grassy Terrain
|upkeep
|
|t:|1756325043
|switch|p1a: Charizard|Charizard, L50, F, shiny|88/100
|turn|3
|inactive|s.electrowebs has 30 seconds left.
|
|t:|1756325074
|switch|p2a: Mooses|Archaludon, L50, F|100/100
|move|p1b: Jumpluff|Sunny Day|p1b: Jumpluff
|-weather|SunnyDay
|move|p1a: Charizard|Heat Wave|p2b: Haven|[spread] p2a,p2b
|-resisted|p2b: Haven
|-damage|p2a: Mooses|14/100
|-enditem|p2b: Haven|Focus Sash
|-damage|p2b: Haven|1/100
|-ability|p2a: Mooses|Stamina|boost
|-boost|p2a: Mooses|def|1
|move|p2b: Haven|Tailwind|p2b: Haven
|-sidestart|p2: s.electrowebs|move: Tailwind
|
|-weather|SunnyDay|[upkeep]
|-damage|p1a: Charizard|76/100|[from] ability: Solar Power|[of] p1a: Charizard
|-heal|p2a: Mooses|20/100|[from] Grassy Terrain
|upkeep
|turn|4
|inactive|gunkqing has 30 seconds left.
|inactive|s.electrowebs has 30 seconds left.
|inactive|gunkqing has 20 seconds left.
|
|t:|1756325112
|switch|p2b: The Beast|Rillaboom, L50, M|100/100
|move|p1b: Jumpluff|Sleep Powder|p2a: Mooses
|-status|p2a: Mooses|slp|[from] move: Sleep Powder
|move|p1a: Charizard|Heat Wave|p2a: Mooses|[spread] 
|-miss|p1a: Charizard|p2a: Mooses
|-miss|p1a: Charizard|p2b: The Beast
|cant|p2a: Mooses|slp
|
|-weather|SunnyDay|[upkeep]
|-damage|p1a: Charizard|63/100|[from] ability: Solar Power|[of] p1a: Charizard
|-heal|p2a: Mooses|27/100 slp|[from] Grassy Terrain
|upkeep
|turn|5
|l|☆s.electrowebs
|inactive|s.electrowebs disconnected and has 265 seconds to reconnect!
|player|p2|
|inactive|s.electrowebs has 240 seconds to reconnect!
|inactive|s.electrowebs has 210 seconds to reconnect!
|inactive|s.electrowebs has 180 seconds to reconnect!
|j|☆s.electrowebs
|inactive|s.electrowebs reconnected and has 40 seconds left.
|player|p2|s.electrowebs|1|
|inactive|s.electrowebs has 30 seconds left.
|inactive|s.electrowebs has 20 seconds left.
|inactive|s.electrowebs has 15 seconds left.
|
|t:|1756325244
|-terastallize|p1a: Charizard|Ghost
|move|p2b: The Beast|Grassy Glide|p1a: Charizard
|-damage|p1a: Charizard|12/100
|move|p1b: Jumpluff|Sunny Day||[still]
|-fail|p1b: Jumpluff
|move|p1a: Charizard|Heat Wave|p2b: The Beast|[spread] p2a,p2b
|-supereffective|p2b: The Beast
|-damage|p2a: Mooses|0 fnt
|-damage|p2b: The Beast|0 fnt
|faint|p2a: Mooses
|faint|p2b: The Beast
|
|-weather|SunnyDay|[upkeep]
|-damage|p1a: Charizard|0 fnt|[from] ability: Solar Power|[of] p1a: Charizard
|faint|p1a: Charizard
|-sideend|p1: gunkqing|move: Tailwind
|-fieldend|move: Grassy Terrain
|upkeep
|l|☆s.electrowebs
|inactive|s.electrowebs disconnected and has 175 seconds to reconnect!
|player|p2|
|inactive|s.electrowebs has 150 seconds to reconnect!
|j|☆s.electrowebs
|inactive|s.electrowebs reconnected and has 40 seconds left.
|player|p2|s.electrowebs|1|
|inactive|s.electrowebs has 30 seconds left.
|
|t:|1756325304
|switch|p1a: Torkoal|Torkoal, L50, M, shiny|100/100
|switch|p2b: Joel|Basculegion, L50, M|77/100
|switch|p2a: Haven|Pelipper, L50, M|1/100
|-weather|RainDance|[from] ability: Drizzle|[of] p2a: Haven
|-weather|SunnyDay|[from] ability: Drought|[of] p1a: Torkoal
|turn|6
|inactive|s.electrowebs has 30 seconds left.
|inactive|gunkqing has 30 seconds left.
|inactive|s.electrowebs has 20 seconds left.
|inactive|s.electrowebs has 15 seconds left.
|
|t:|1756325349
|-terastallize|p2b: Joel|Grass
|move|p1b: Jumpluff|Sleep Powder|p2a: Haven
|-status|p2a: Haven|slp|[from] move: Sleep Powder
|move|p2b: Joel|Last Respects|p1a: Torkoal
|-damage|p1a: Torkoal|19/100
|cant|p2a: Haven|slp
|move|p1a: Torkoal|Overheat|p2b: Joel
|-supereffective|p2b: Joel
|-damage|p2b: Joel|0 fnt
|-unboost|p1a: Torkoal|spa|2
|faint|p2b: Joel
|
|-weather|SunnyDay|[upkeep]
|-sideend|p2: s.electrowebs|move: Tailwind
|upkeep
|turn|7
|inactive|s.electrowebs has 30 seconds left.
|
|t:|1756325377
|move|p1b: Jumpluff|Rage Powder|p1b: Jumpluff
|-singleturn|p1b: Jumpluff|move: Rage Powder
|cant|p2a: Haven|slp
|move|p1a: Torkoal|Clear Smog|p2a: Haven
|-damage|p2a: Haven|0 fnt
|-clearboost|p2a: Haven
|faint|p2a: Haven
|
|win|gunkqing
|c|☆s.electrowebs|gg
|c|☆gunkqing|ggs man
