|j|☆StarBai
|j|☆IceApfel
|html|StarBaiIceApfel    
|uhtml|bestof|Game 1 of a best-of-3
|t:|1757004061
|gametype|doubles
|player|p1|StarBai|hop|1301
|player|p2|IceApfel|waiter-gen4|1182
|gen|9
|tier|[Gen 9] VGC 2025 Reg H (Bo3)
|rated|
|rule|Species Clause: Limit one of each Pokémon
|rule|Item Clause: Limit 1 of each item
|clearpoke
|poke|p1|Dragonite, L50, F|
|poke|p1|Volcarona, L50, M|
|poke|p1|Kingambit, L50, M|
|poke|p1|Sneasler, L50, F|
|poke|p1|Electabuzz, L50, M|
|poke|p1|Rillaboom, L50, M|
|poke|p2|Archaludon, L50, M|
|poke|p2|Pelipper, L50, M|
|poke|p2|Dragonite, L50, M|
|poke|p2|Ursaluna, L50, F|
|poke|p2|Sinistcha, L50|
|poke|p2|Gholdengo, L50|
|teampreview|4
|showteam|p1|Dragonite||LoadedDice|Multiscale|ScaleShot,ExtremeSpeed,Haze,Protect|||F|||50|,,,,,Steel]Volcarona||CovertCloak|FlameBody|HeatWave,TeraBlast,QuiverDance,Protect|||M|||50|,,,,,Fairy]Kingambit||BlackGlasses|Defiant|KowtowCleave,SuckerPunch,SwordsDance,Protect|||M|||50|,,,,,Dark]Sneasler||FocusSash|Unburden|CloseCombat,DireClaw,FakeOut,Coaching|||F|||50|,,,,,Stellar]Electabuzz||Eviolite|VitalSpirit|Thunderbolt,FollowMe,Taunt,Protect|||M|||50|,,,,,Ghost]Rillaboom||AssaultVest|GrassySurge|WoodHammer,GrassyGlide,FakeOut,HighHorsepower|||M|||50|,,,,,Fire
|showteam|p2|Archaludon||AssaultVest|Stamina|FlashCannon,BodyPress,ElectroShot,Snarl|||M|||50|,,,,,Fighting]Pelipper||SafetyGoggles|Drizzle|MuddyWater,Hurricane,Tailwind,Protect|||M|||50|,,,,,Ghost]Dragonite||LoadedDice|Multiscale|ScaleShot,Tailwind,Haze,Protect|||M|||50|,,,,,Steel]Ursaluna||FlameOrb|Guts|Facade,HeadlongRush,Earthquake,Protect|||F|||50|,,,,,Ghost]Sinistcha||SitrusBerry|Hospitality|MatchaGotcha,LifeDew,RagePowder,TrickRoom||||||50|,,,,,Dark]Gholdengo||ChoiceScarf|GoodasGold|MakeItRain,ShadowBall,Trick,Protect||||||50|,,,,,Flying
|inactive|Battle timer is ON: inactive players will automatically lose when time's up. (requested by IceApfel)
|inactive|IceApfel has 60 seconds left.
|
|t:|1757004112
|teamsize|p1|4
|teamsize|p2|4
|start
|switch|p1a: Volcarona|Volcarona, L50, M|100/100
|switch|p1b: Electabuzz|Electabuzz, L50, M|100/100
|switch|p2a: Gholdengo|Gholdengo, L50|100/100
|switch|p2b: Ursaluna|Ursaluna, L50, F|100/100
|turn|1
|inactive|IceApfel has 30 seconds left.
|
|t:|1757004142
|switch|p2a: Dragonite|Dragonite, L50, M|100/100
|move|p1b: Electabuzz|Follow Me|p1b: Electabuzz
|-singleturn|p1b: Electabuzz|move: Follow Me
|move|p1a: Volcarona|Quiver Dance|p1a: Volcarona
|-boost|p1a: Volcarona|spa|1
|-boost|p1a: Volcarona|spd|1
|-boost|p1a: Volcarona|spe|1
|move|p2b: Ursaluna|Earthquake|p1a: Volcarona|[spread] p1a,p1b
|-immune|p2a: Dragonite
|-supereffective|p1b: Electabuzz
|-crit|p1b: Electabuzz
|-damage|p1a: Volcarona|51/100
|-damage|p1b: Electabuzz|5/100
|
|-status|p2b: Ursaluna|brn|[from] item: Flame Orb
|upkeep
|turn|2
|inactive|IceApfel has 30 seconds left.
|
|t:|1757004175
|-terastallize|p1a: Volcarona|Fairy
|move|p2a: Dragonite|Protect|p2a: Dragonite
|-singleturn|p2a: Dragonite|Protect
|move|p1a: Volcarona|Tera Blast|p2a: Dragonite|[anim] Tera Blast Fairy
|-activate|p2a: Dragonite|move: Protect
|move|p1b: Electabuzz|Thunderbolt|p2a: Dragonite
|-activate|p2a: Dragonite|move: Protect
|move|p2b: Ursaluna|Earthquake|p1b: Electabuzz|[spread] p1a,p1b
|-activate|p2a: Dragonite|move: Protect
|-supereffective|p1b: Electabuzz
|-damage|p1a: Volcarona|0 fnt
|-damage|p1b: Electabuzz|0 fnt
|faint|p1a: Volcarona
|faint|p1b: Electabuzz
|
|-damage|p2b: Ursaluna|95/100 brn|[from] brn
|upkeep
|
|t:|1757004177
|switch|p1a: Sneasler|Sneasler, L50, F|100/100
|switch|p1b: Kingambit|Kingambit, L50, M|100/100
|turn|3
|inactive|StarBai has 30 seconds left.
|
|t:|1757004206
|move|p1a: Sneasler|Close Combat|p2b: Ursaluna
|-supereffective|p2b: Ursaluna
|-damage|p2b: Ursaluna|0 fnt
|-unboost|p1a: Sneasler|def|1
|-unboost|p1a: Sneasler|spd|1
|faint|p2b: Ursaluna
|move|p2a: Dragonite|Scale Shot|p1a: Sneasler|[miss]
|-miss|p2a: Dragonite|p1a: Sneasler
|move|p1b: Kingambit|Swords Dance|p1b: Kingambit
|-boost|p1b: Kingambit|atk|2
|
|upkeep
|
|t:|1757004221
|switch|p2b: Gholdengo|Gholdengo, L50|100/100
|turn|4
|inactive|StarBai has 30 seconds left.
|
|t:|1757004259
|move|p2b: Gholdengo|Trick|p1b: Kingambit
|-activate|p2b: Gholdengo|move: Trick|[of] p1b: Kingambit
|-item|p1b: Kingambit|Choice Scarf|[from] move: Trick
|-item|p2b: Gholdengo|Black Glasses|[from] move: Trick
|move|p1a: Sneasler|Dire Claw|p2a: Dragonite
|-damage|p2a: Dragonite|79/100
|move|p2a: Dragonite|Haze|p2a: Dragonite
|-clearallboost
|move|p1b: Kingambit|Kowtow Cleave|p2b: Gholdengo
|-supereffective|p2b: Gholdengo
|-damage|p2b: Gholdengo|0 fnt
|faint|p2b: Gholdengo
|
|upkeep
|
|t:|1757004270
|switch|p2b: Archaludon|Archaludon, L50, M, shiny|100/100
|turn|5
|inactive|StarBai has 30 seconds left.
|
|t:|1757004304
|-terastallize|p2b: Archaludon|Fighting
|move|p1a: Sneasler|Coaching|p1b: Kingambit
|-boost|p1b: Kingambit|atk|1
|-boost|p1b: Kingambit|def|1
|move|p2b: Archaludon|Body Press|p1b: Kingambit
|-supereffective|p1b: Kingambit
|-damage|p1b: Kingambit|35/100
|move|p2a: Dragonite|Haze|p2a: Dragonite
|-clearallboost
|move|p1b: Kingambit|Kowtow Cleave|p2a: Dragonite
|-damage|p2a: Dragonite|21/100
|
|upkeep
|turn|6
|
|t:|1757004324
|move|p2a: Dragonite|Protect|p2a: Dragonite
|-singleturn|p2a: Dragonite|Protect
|move|p1a: Sneasler|Dire Claw|p2b: Archaludon
|-damage|p2b: Archaludon|71/100
|-ability|p2b: Archaludon|Stamina|boost
|-boost|p2b: Archaludon|def|1
|move|p2b: Archaludon|Body Press|p1b: Kingambit
|-supereffective|p1b: Kingambit
|-damage|p1b: Kingambit|0 fnt
|faint|p1b: Kingambit
|
|upkeep
|turn|7
|
|t:|1757004336
|move|p1a: Sneasler|Dire Claw|p2a: Dragonite
|-damage|p2a: Dragonite|0 fnt
|faint|p2a: Dragonite
|move|p2b: Archaludon|Flash Cannon|p1a: Sneasler
|-damage|p1a: Sneasler|46/100
|
|upkeep
|turn|8
|
|t:|1757004342
|move|p1a: Sneasler|Dire Claw|p2b: Archaludon
|-damage|p2b: Archaludon|49/100
|-status|p2b: Archaludon|psn
|-ability|p2b: Archaludon|Stamina|boost
|-boost|p2b: Archaludon|def|1
|move|p2b: Archaludon|Flash Cannon|p1a: Sneasler
|-damage|p1a: Sneasler|0 fnt
|faint|p1a: Sneasler
|
|win|IceApfel
||IceApfel is ready for game 2.
||StarBai is ready for game 2.
|uhtml|next|Next: Game 2 of 3
