|j|☆Noyomi
|j|☆Mero_deando
|html|NoyomiMero_deando    
|uhtml|bestof|Game 1 of a best-of-3
|t:|1785467883
|gametype|doubles
|player|p1|Noyomi|pokemonrangerf|
|player|p2|Mero_deando|lady-gen4|
|gen|9
|tier|[Gen 9 Champions] VGC 2026 Reg M-B (Bo3)
|rule|Species Clause: Limit one of each Pokémon
|rule|Item Clause: Limit 1 of each item
|clearpoke
|poke|p1|Charizard, L50, F|
|poke|p1|Garchomp, L50, M|
|poke|p1|Sneasler, L50, M|
|poke|p1|Venusaur, L50, M|
|poke|p1|Milotic, L50, M|
|poke|p1|Ampharos, L50, F|
|poke|p2|Delphox, L50, M|
|poke|p2|Whimsicott, L50, F|
|poke|p2|Alcremie, L50, F|
|poke|p2|Ceruledge, L50, F|
|poke|p2|Pangoro, L50, M|
|poke|p2|Mimikyu, L50, M|
|teampreview|4
|showteam|p1|Charizard||CharizarditeY|Blaze|HeatWave,SolarBeam,Protect,ScorchingSands|Timid||F|||50|]Garchomp||SitrusBerry|RoughSkin|Earthquake,DragonClaw,Protect,RockSlide|Adamant||M|||50|]Sneasler||WhiteHerb|Unburden|CloseCombat,DireClaw,FakeOut,Protect|Adamant||M|||50|]Venusaur||FocusSash|Chlorophyll|SleepPowder,SludgeBomb,Protect,GigaDrain|Timid||M|||50|]Milotic||Leftovers|Competitive|IcyWind,LifeDew,Scald,Protect|Bold||M|||50|]Ampharos||Ampharosite|Static|DragonPulse,ParabolicCharge,Protect,LightScreen|Modest||F|||50|
|showteam|p2|Delphox||Delphoxite|Blaze|HeatWave,Psychic,Encore,Protect|Timid||M|||50|]Whimsicott||FocusSash|Prankster|Moonblast,Tailwind,SunnyDay,Protect|Timid||F|||50|]Alcremie||SitrusBerry|SweetVeil|Decorate,DazzlingGleam,HelpingHand,Protect|Calm||F|||50|]Ceruledge||ColburBerry|FlashFire|BitterBlade,ShadowSneak,BulkUp,Protect|Adamant||F|||50|]Pangoro||CobaBerry|Scrappy|StormThrow,KnockOff,RockSlide,Detect|Adamant||M|||50|]Mimikyu||LifeOrb|Disguise|TrickRoom,PlayRough,WoodHammer,Taunt|Adamant||M|||50|
|c|☆Noyomi|Weo
|c|☆Noyomi|Dice Nico que si discord
|c|☆Mero_deando|Meh
|c|☆Noyomi|Weno
|c|☆Mero_deando|Nop
|
|t:|1785468024
|teamsize|p1|4
|teamsize|p2|4
|start
|switch|p1a: Chi|Ampharos, L50, F|100/100
|switch|p1b: Ku-chau|Sneasler, L50, M|100/100
|switch|p2a: Madoka|Delphox, L50, M|100/100
|switch|p2b: Kyubei|Mimikyu, L50, M|100/100
|turn|1
|
|t:|1785468076
|detailschange|p2a: Madoka|Delphox-Mega, L50, M
|-mega|p2a: Madoka|Delphox|Delphoxite
|detailschange|p1a: Chi|Ampharos-Mega, L50, F
|-mega|p1a: Chi|Ampharos|Ampharosite
|-ability|p1a: Chi|Mold Breaker
|move|p2a: Madoka|Psychic|p1b: Ku-chau
|-supereffective|p1b: Ku-chau|2
|-damage|p1b: Ku-chau|0 fnt
|faint|p1b: Ku-chau
|move|p2b: Kyubei|Play Rough|p1a: Chi
|-supereffective|p1a: Chi|1
|-damage|p1a: Chi|15/100
|-damage|p2b: Kyubei|90/100|[from] item: Life Orb
|move|p1a: Chi|Dragon Pulse|p2a: Madoka
|-damage|p2a: Madoka|50/100g
|
|upkeep
|
|t:|1785468093
|switch|p1b: Sssssss|Milotic, L50, M|100/100
|turn|2
|
|t:|1785468111
|move|p1b: Sssssss|Protect|p1b: Sssssss
|-singleturn|p1b: Sssssss|Protect
|move|p2a: Madoka|Psychic|p1a: Chi
|-damage|p1a: Chi|0 fnt
|faint|p1a: Chi
|move|p2b: Kyubei|Wood Hammer|p1b: Sssssss
|-activate|p1b: Sssssss|move: Protect
|
|upkeep
|
|t:|1785468119
|switch|p1a: Uy temblaste|Garchomp, L50, M|100/100
|turn|3
|
|t:|1785468137
|move|p2a: Madoka|Protect|p2a: Madoka
|-singleturn|p2a: Madoka|Protect
|move|p1a: Uy temblaste|Rock Slide|p2b: Kyubei|[spread] p2b
|-activate|p2a: Madoka|move: Protect
|-activate|p2b: Kyubei|ability: Disguise
|-damage|p2b: Kyubei|90/100
|detailschange|p2b: Kyubei|Mimikyu-Busted, L50, M
|-damage|p2b: Kyubei|77/100|[from] pokemon: Mimikyu-Busted
|cant|p2b: Kyubei|flinch
|move|p1b: Sssssss|Scald|p2a: Madoka
|-activate|p2a: Madoka|move: Protect
|
|upkeep
|turn|4
|
|t:|1785468165
|switch|p2a: Suspiro|Alcremie, L50, F|100/100
|move|p1a: Uy temblaste|Rock Slide|p2b: Kyubei|[spread] p2a,p2b
|-damage|p2a: Suspiro|75/100
|-damage|p2b: Kyubei|49/100
|move|p2b: Kyubei|Play Rough|p1a: Uy temblaste
|-supereffective|p1a: Uy temblaste|1
|-damage|p1a: Uy temblaste|15/100
|-damage|p2b: Kyubei|37/100|[from] ability: Rough Skin|[of] p1a: Uy temblaste
|-enditem|p1a: Uy temblaste|Sitrus Berry|[eat]
|-heal|p1a: Uy temblaste|40/100|[from] item: Sitrus Berry
|-damage|p2b: Kyubei|27/100|[from] item: Life Orb
|move|p1b: Sssssss|Scald|p2a: Suspiro
|-damage|p2a: Suspiro|52/100
|
|upkeep
|turn|5
|
|t:|1785468186
|move|p1b: Sssssss|Protect|p1b: Sssssss
|-singleturn|p1b: Sssssss|Protect
|move|p1a: Uy temblaste|Earthquake|p2b: Kyubei|[spread] p2a,p2b
|-activate|p1b: Sssssss|move: Protect
|-damage|p2a: Suspiro|3/100
|-damage|p2b: Kyubei|0 fnt
|-enditem|p2a: Suspiro|Sitrus Berry|[eat]
|-heal|p2a: Suspiro|28/100|[from] item: Sitrus Berry
|faint|p2b: Kyubei
|move|p2a: Suspiro|Dazzling Gleam|p1b: Sssssss|[spread] p1a
|-activate|p1b: Sssssss|move: Protect
|-supereffective|p1a: Uy temblaste|1
|-damage|p1a: Uy temblaste|0 fnt
|faint|p1a: Uy temblaste
|
|upkeep
|
|t:|1785468201
|switch|p2b: Made N China|Pangoro, L50, M|100/100
|turn|6
|
|t:|1785468220
|move|p2a: Suspiro|Helping Hand|p2b: Made N China
|-singleturn|p2b: Made N China|Helping Hand|[of] p2a: Suspiro
|move|p1b: Sssssss|Icy Wind|p2a: Suspiro|[spread] p2a,p2b
|-damage|p2a: Suspiro|21/100
|-damage|p2b: Made N China|89/100
|-unboost|p2a: Suspiro|spe|1
|-unboost|p2b: Made N China|spe|1
|move|p2b: Made N China|Knock Off|p1b: Sssssss
|-crit|p1b: Sssssss
|-damage|p1b: Sssssss|0 fnt
|-enditem|p1b: Sssssss|Leftovers|[from] move: Knock Off|[of] p2b: Made N China
|faint|p1b: Sssssss
|
|win|Mero_deando
|inactive|Noyomi has 30 seconds to confirm battle start!
|inactive|Mero_deando has 30 seconds to confirm battle start!
||Noyomi is ready for game 2.
||Mero_deando is ready for game 2.
|uhtml|next|Next: Game 2 of 3
|l|☆Mero_deando
|player|p2|
