|j|☆Sizzle2466
|j|☆pokeplaygg
|html|Sizzle2466pokeplaygg    
|uhtml|bestof|Game 2 of a best-of-3
|t:|1757806423
|gametype|doubles
|player|p1|Sizzle2466|102|1132
|player|p2|pokeplaygg|266|1176
|gen|9
|tier|[Gen 9] VGC 2025 Reg H (Bo3)
|rated|
|rule|Species Clause: Limit one of each Pokémon
|rule|Item Clause: Limit 1 of each item
|clearpoke
|poke|p1|Galvantula, L50, M|
|poke|p1|Incineroar, L50, F|
|poke|p1|Amoonguss, L50, M|
|poke|p1|Gholdengo, L50|
|poke|p1|Palafin, L50, F|
|poke|p1|Flamigo, L50, M|
|poke|p2|Annihilape, L50, F|
|poke|p2|Pelipper, L50, F|
|poke|p2|Maushold, L50|
|poke|p2|Basculegion, L50, M|
|poke|p2|Rillaboom, L50, M|
|poke|p2|Kingambit, L50, F|
|teampreview|4
|showteam|p1|Galvantula||AssaultVest|CompoundEyes|Electroweb,BugBuzz,Thunderbolt,VoltSwitch|||M|||50|,,,,,Electric]Incineroar||SafetyGoggles|Intimidate|FakeOut,FlareBlitz,KnockOff,PartingShot|||F|||50|,,,,,Ghost]Amoonguss||CovertCloak|Regenerator|Spore,RagePowder,SludgeBomb,PollenPuff|||M|||50|,,,,,Ghost]Gholdengo||SitrusBerry|GoodasGold|NastyPlot,MakeItRain,ShadowBall,Protect||||||50|,,,,,Dragon]Palafin||MysticWater|ZerotoHero|JetPunch,WaveCrash,Protect,FlipTurn|||F|||50|,,,,,Water]Flamigo||LifeOrb|Scrappy|BraveBird,CloseCombat,Detect,Tailwind|||M|||50|,,,,,Stellar
|showteam|p2|Annihilape||Leftovers|Defiant|Protect,DrainPunch,BulkUp,RageFist|||F|||50|,,,,,Fire]Pelipper||FocusSash|Drizzle|MuddyWater,Protect,Hurricane,WideGuard|||F|||50|,,,,,Stellar]Maushold||SafetyGoggles|FriendGuard|FollowMe,BeatUp,Taunt,Protect||||||50|,,,,,Ghost]Basculegion||ChoiceBand|SwiftSwim|LastRespects,AquaJet,WaveCrash,FlipTurn|||M|||50|,,,,,Fire]Rillaboom||AssaultVest|GrassySurge|FakeOut,GrassyGlide,WoodHammer,Uturn|||M|||50|,,,,,Fire]Kingambit||BlackGlasses|Defiant|SwordsDance,KowtowCleave,SuckerPunch,IronHead|||F|||50|,,,,,Dark
|inactive|Battle timer is ON: inactive players will automatically lose when time's up. (requested by pokeplaygg)
|
|t:|1757806435
|teamsize|p1|4
|teamsize|p2|4
|start
|switch|p1a: Galvantula|Galvantula, L50, M|100/100
|switch|p1b: Palafin|Palafin, L50, F|100/100
|switch|p2a: Annihilape|Annihilape, L50, F|100/100
|switch|p2b: Maushold|Maushold, L50|100/100
|turn|1
|
|t:|1757806455
|move|p2b: Maushold|Beat Up|p2a: Annihilape
|-damage|p2a: Annihilape|99/100
|-damage|p2a: Annihilape|97/100
|-damage|p2a: Annihilape|95/100
|-damage|p2a: Annihilape|93/100
|-hitcount|p2a: Annihilape|4
|move|p1a: Galvantula|Electroweb|p2b: Maushold|[spread] p2a,p2b
|-damage|p2a: Annihilape|83/100
|-damage|p2b: Maushold|81/100
|-unboost|p2a: Annihilape|spe|1
|-ability|p2a: Annihilape|Defiant|boost
|-boost|p2a: Annihilape|atk|2
|-unboost|p2b: Maushold|spe|1
|move|p1b: Palafin|Flip Turn|p2b: Maushold
|-damage|p2b: Maushold|49/100
|
|t:|1757806471
|detailschange|p1b: Palafin|Palafin-Hero, L50, F
|switch|p1b: Amoonguss|Amoonguss, L50, M|100/100|[from] Flip Turn
|move|p2a: Annihilape|Rage Fist|p1a: Galvantula
|-damage|p1a: Galvantula|0 fnt
|faint|p1a: Galvantula
|
|-heal|p2a: Annihilape|89/100|[from] item: Leftovers
|upkeep
|
|t:|1757806479
|switch|p1a: Palafin|Palafin-Hero, L50, F|100/100
|-activate|p1a: Palafin|ability: Zero to Hero
|turn|2
|
|t:|1757806490
|-terastallize|p1a: Palafin|Water
|move|p2b: Maushold|Follow Me|p2b: Maushold
|-singleturn|p2b: Maushold|move: Follow Me
|move|p1b: Amoonguss|Rage Powder|p1b: Amoonguss
|-singleturn|p1b: Amoonguss|move: Rage Powder
|move|p1a: Palafin|Flip Turn|p2b: Maushold
|-damage|p2b: Maushold|0 fnt
|faint|p2b: Maushold
|
|t:|1757806497
|switch|p1a: Flamigo|Flamigo, L50, M|100/100|[from] Flip Turn
|move|p2a: Annihilape|Rage Fist|p1b: Amoonguss
|-damage|p1b: Amoonguss|0 fnt
|faint|p1b: Amoonguss
|
|-heal|p2a: Annihilape|95/100|[from] item: Leftovers
|upkeep
|
|t:|1757806507
|switch|p2b: Basculegion|Basculegion, L50, M|100/100
|switch|p1b: Palafin|Palafin-Hero, L50, F, tera:Water|100/100
|turn|3
|
|t:|1757806527
|switch|p2a: Pelipper|Pelipper, L50, F|100/100
|-weather|RainDance|[from] ability: Drizzle|[of] p2a: Pelipper
|move|p2b: Basculegion|Wave Crash|p1a: Flamigo
|-damage|p1a: Flamigo|0 fnt
|faint|p1a: Flamigo
|-damage|p2b: Basculegion|71/100|[from] Recoil
|move|p1b: Palafin|Wave Crash|p2a: Pelipper
|-resisted|p2a: Pelipper
|-enditem|p2a: Pelipper|Focus Sash
|-damage|p2a: Pelipper|1/100
|-damage|p1b: Palafin|78/100|[from] Recoil
|
|-weather|RainDance|[upkeep]
|upkeep
|turn|4
|
|t:|1757806542
|move|p1b: Palafin|Jet Punch|p2a: Pelipper
|-resisted|p2a: Pelipper
|-damage|p2a: Pelipper|0 fnt
|faint|p2a: Pelipper
|move|p2b: Basculegion|Wave Crash|p1b: Palafin
|-resisted|p1b: Palafin
|-damage|p1b: Palafin|18/100
|-damage|p2b: Basculegion|51/100|[from] Recoil
|
|-weather|RainDance|[upkeep]
|upkeep
|
|t:|1757806545
|switch|p2a: Annihilape|Annihilape, L50, F|95/100
|turn|5
|
|t:|1757806557
|move|p1b: Palafin|Jet Punch|p2b: Basculegion
|-resisted|p2b: Basculegion
|-damage|p2b: Basculegion|0 fnt
|faint|p2b: Basculegion
|move|p2a: Annihilape|Rage Fist|p1b: Palafin
|-damage|p1b: Palafin|0 fnt
|faint|p1b: Palafin
|
|win|pokeplaygg
|raw|Sizzle2466's rating: 1132 → 1110(-22 for losing)
|raw|pokeplaygg's rating: 1176 → 1198(+22 for winning)
|l|☆pokeplaygg
|player|p2|
