|j|☆luisecanonserna
|j|☆afkahaoai
|html|luisecanonsernaafkahaoai    
|uhtml|bestof|Game 2 of a best-of-3
|t:|1756502473
|gametype|doubles
|player|p1|luisecanonserna|266|1066
|player|p2|afkahaoai|1|1000
|gen|9
|tier|[Gen 9] VGC 2025 Reg H (Bo3)
|rated|
|rule|Species Clause: Limit one of each Pokémon
|rule|Item Clause: Limit 1 of each item
|clearpoke
|poke|p1|Gholdengo, L50|
|poke|p1|Incineroar, L50, M|
|poke|p1|Amoonguss, L50, F|
|poke|p1|Dragonite, L50, M|
|poke|p1|Tyranitar, L50, M|
|poke|p1|Garchomp, L50, F|
|poke|p2|Annihilape, L50, M|
|poke|p2|Ninetales-Alola, L50, F|
|poke|p2|Talonflame, L50, M|
|poke|p2|Garchomp, L50, M|
|poke|p2|Vivillon-Ocean, L50, F|
|poke|p2|Gholdengo, L50|
|teampreview|4
|showteam|p1|Gholdengo||LifeOrb|GoodasGold|MakeItRain,ShadowBall,NastyPlot,Protect||||||50|,,,,,Water]Incineroar||SafetyGoggles|Intimidate|FakeOut,KnockOff,PartingShot,FlareBlitz|||M|||50|,,,,,Ghost]Amoonguss||RockyHelmet|Regenerator|PollenPuff,RagePowder,Spore,Protect|||F|||50|,,,,,Dark]Dragonite||LoadedDice|Multiscale|ScaleShot,Tailwind,Haze,Protect|||M|||50|,,,,,Fairy]Tyranitar||AssaultVest|SandStream|RockSlide,LowKick,TeraBlast,Assurance|||M|||50|,,,,,Flying]Garchomp||ClearAmulet|RoughSkin|DragonClaw,Protect,StompingTantrum,Earthquake|||F|||50|,,,,,Fire
|showteam|p2|Annihilape||SafetyGoggles|Defiant|RageFist,DrainPunch,BulkUp,Protect|||M|||50|,,,,,Water]Ninetales-Alola||CovertCloak|SnowWarning|Blizzard,FreezeDry,AuroraVeil,Protect|||F|||50|,,,,,Ice]Talonflame||SharpBeak|GaleWings|DualWingbeat,Tailwind,WillOWisp,Protect|||M|||50|,,,,,Ghost]Garchomp||LifeOrb|RoughSkin|Earthquake,StompingTantrum,DragonClaw,Protect|||M|||50|,,,,,Steel]Vivillon-Ocean||FocusSash|CompoundEyes|SleepPowder,Hurricane,RagePowder,Protect|||F|||50|,,,,,Ghost]Gholdengo||IronPlate|GoodasGold|MakeItRain,ShadowBall,NastyPlot,Protect||||||50|,,,,,Steel
|inactive|Battle timer is ON: inactive players will automatically lose when time's up. (requested by afkahaoai)
|j| We_Are_Toasted
|l| We_Are_Toasted
|inactive|luisecanonserna has 60 seconds left.
|inactive|afkahaoai has 60 seconds left.
|inactive|afkahaoai has 30 seconds left.
|inactive|afkahaoai has 20 seconds left.
|inactive|afkahaoai has 15 seconds left.
|inactive|afkahaoai has 10 seconds left.
|
|t:|1756502560
|teamsize|p1|4
|teamsize|p2|4
|start
|switch|p1a: Garchomp|Garchomp, L50, F|100/100
|switch|p1b: Dragonite|Dragonite, L50, M|100/100
|switch|p2a: Talonflame|Talonflame, L50, M|100/100
|switch|p2b: Ninetales|Ninetales-Alola, L50, F, shiny|100/100
|-weather|Snowscape|[from] ability: Snow Warning|[of] p2b: Ninetales
|turn|1
|
|t:|1756502584
|switch|p1a: Tyranitar|Tyranitar, L50, M|100/100
|-weather|Sandstorm|[from] ability: Sand Stream|[of] p1a: Tyranitar
|move|p2a: Talonflame|Will-O-Wisp|p1b: Dragonite
|-status|p1b: Dragonite|brn
|move|p2b: Ninetales|Aurora Veil||[still]
|-fail|p2b: Ninetales
|move|p1b: Dragonite|Scale Shot|p2a: Talonflame
|-damage|p2a: Talonflame|91/100
|-damage|p2a: Talonflame|81/100
|-damage|p2a: Talonflame|71/100
|-damage|p2a: Talonflame|60/100
|-damage|p2a: Talonflame|49/100
|-hitcount|p2a: Talonflame|5
|-unboost|p1b: Dragonite|def|1
|-boost|p1b: Dragonite|spe|1
|
|-weather|Sandstorm|[upkeep]
|-damage|p1b: Dragonite|95/100 brn|[from] Sandstorm
|-damage|p2a: Talonflame|43/100|[from] Sandstorm
|-damage|p2b: Ninetales|94/100|[from] Sandstorm
|-damage|p1b: Dragonite|89/100 brn|[from] brn
|upkeep
|turn|2
|
|t:|1756502609
|switch|p2b: Garchomp|Garchomp, L50, M|100/100
|move|p1b: Dragonite|Tailwind|p1b: Dragonite
|-sidestart|p1: luisecanonserna|move: Tailwind
|move|p1a: Tyranitar|Rock Slide|p2b: Garchomp|[spread] p2a,p2b
|-supereffective|p2a: Talonflame
|-resisted|p2b: Garchomp
|-damage|p2a: Talonflame|0 fnt
|-damage|p2b: Garchomp|86/100
|faint|p2a: Talonflame
|
|-weather|Sandstorm|[upkeep]
|-damage|p1b: Dragonite|83/100 brn|[from] Sandstorm
|-damage|p1b: Dragonite|78/100 brn|[from] brn
|upkeep
|
|t:|1756502614
|switch|p2a: Ninetales|Ninetales-Alola, L50, F, shiny|94/100
|-weather|Snowscape|[from] ability: Snow Warning|[of] p2a: Ninetales
|turn|3
|inactive|luisecanonserna has 30 seconds left.
|inactive|luisecanonserna has 20 seconds left.
|inactive|luisecanonserna has 15 seconds left.
|inactive|luisecanonserna has 10 seconds left.
|
|t:|1756502663
|switch|p1a: Garchomp|Garchomp, L50, F|100/100
|move|p1b: Dragonite|Scale Shot|p2b: Garchomp
|-supereffective|p2b: Garchomp
|-damage|p2b: Garchomp|73/100
|-supereffective|p2b: Garchomp
|-damage|p2b: Garchomp|58/100
|-supereffective|p2b: Garchomp
|-damage|p2b: Garchomp|44/100
|-supereffective|p2b: Garchomp
|-damage|p2b: Garchomp|31/100
|-supereffective|p2b: Garchomp
|-damage|p2b: Garchomp|17/100
|-hitcount|p2b: Garchomp|5
|-unboost|p1b: Dragonite|def|1
|-boost|p1b: Dragonite|spe|1
|move|p2a: Ninetales|Aurora Veil|p2a: Ninetales
|-sidestart|p2: afkahaoai|move: Aurora Veil
|move|p2b: Garchomp|Stomping Tantrum|p1a: Garchomp
|-damage|p1a: Garchomp|45/100
|-damage|p2b: Garchomp|5/100|[from] ability: Rough Skin|[of] p1a: Garchomp
|-damage|p2b: Garchomp|0 fnt|[from] item: Life Orb
|faint|p2b: Garchomp
|
|-weather|Snowscape|[upkeep]
|-damage|p1b: Dragonite|72/100 brn|[from] brn
|upkeep
|
|t:|1756502668
|switch|p2b: Annihilape|Annihilape, L50, M, shiny|100/100
|turn|4
|inactive|luisecanonserna has 30 seconds left.
|inactive|luisecanonserna has 20 seconds left.
|inactive|luisecanonserna has 15 seconds left.
|inactive|luisecanonserna has 10 seconds left.
|inactive|luisecanonserna has 5 seconds left.
|
|t:|1756502720
|switch|p1b: Tyranitar|Tyranitar, L50, M|100/100
|-weather|Sandstorm|[from] ability: Sand Stream|[of] p1b: Tyranitar
|move|p1a: Garchomp|Dragon Claw|p2b: Annihilape
|-damage|p2b: Annihilape|74/100
|move|p2a: Ninetales|Blizzard|p1b: Tyranitar|[spread] p1b
|-miss|p2a: Ninetales|p1a: Garchomp
|-damage|p1b: Tyranitar|87/100
|move|p2b: Annihilape|Bulk Up|p2b: Annihilape
|-boost|p2b: Annihilape|atk|1
|-boost|p2b: Annihilape|def|1
|
|-weather|Sandstorm|[upkeep]
|-damage|p2a: Ninetales|88/100|[from] Sandstorm
|upkeep
|turn|5
|inactive|luisecanonserna has 30 seconds left.
|inactive|afkahaoai has 30 seconds left.
|inactive|luisecanonserna has 20 seconds left.
|inactive|luisecanonserna has 15 seconds left.
|inactive|luisecanonserna has 10 seconds left.
|
|t:|1756502766
|-terastallize|p1b: Tyranitar|Flying
|-terastallize|p2b: Annihilape|Water
|move|p1a: Garchomp|Stomping Tantrum|p2a: Ninetales
|-damage|p2a: Ninetales|46/100
|move|p1b: Tyranitar|Tera Blast|p2b: Annihilape|[anim] Tera Blast Flying
|-damage|p2b: Annihilape|57/100
|move|p2a: Ninetales|Blizzard|p1a: Garchomp|[spread] p1a,p1b
|-supereffective|p1a: Garchomp
|-supereffective|p1b: Tyranitar
|-damage|p1a: Garchomp|0 fnt
|-damage|p1b: Tyranitar|49/100
|faint|p1a: Garchomp
|move|p2b: Annihilape|Drain Punch|p1b: Tyranitar
|-resisted|p1b: Tyranitar
|-damage|p1b: Tyranitar|27/100
|-heal|p2b: Annihilape|67/100|[from] drain|[of] p1b: Tyranitar
|
|-weather|Sandstorm|[upkeep]
|-damage|p1b: Tyranitar|21/100|[from] Sandstorm
|-damage|p2a: Ninetales|40/100|[from] Sandstorm
|-sideend|p1: luisecanonserna|move: Tailwind
|upkeep
|
|t:|1756502784
|switch|p1a: Dragonite|Dragonite, L50, M|72/100 brn
|turn|6
|inactive|luisecanonserna has 30 seconds left.
|inactive|luisecanonserna has 20 seconds left.
|
|t:|1756502821
|move|p2a: Ninetales|Blizzard|p1b: Tyranitar|[spread] 
|-miss|p2a: Ninetales|p1a: Dragonite
|-miss|p2a: Ninetales|p1b: Tyranitar
|move|p1a: Dragonite|Tailwind|p1a: Dragonite
|-sidestart|p1: luisecanonserna|move: Tailwind
|move|p1b: Tyranitar|Assurance|p2b: Annihilape
|-damage|p2b: Annihilape|54/100
|move|p2b: Annihilape|Rage Fist|p1b: Tyranitar
|-damage|p1b: Tyranitar|0 fnt
|faint|p1b: Tyranitar
|
|-weather|Sandstorm|[upkeep]
|-damage|p1a: Dragonite|66/100 brn|[from] Sandstorm
|-damage|p2a: Ninetales|34/100|[from] Sandstorm
|-damage|p1a: Dragonite|60/100 brn|[from] brn
|upkeep
|
|t:|1756502836
|switch|p1b: Gholdengo|Gholdengo, L50|100/100
|turn|7
|
|t:|1756502857
|move|p2a: Ninetales|Protect|p2a: Ninetales
|-singleturn|p2a: Ninetales|Protect
|move|p1b: Gholdengo|Shadow Ball|p2b: Annihilape
|-damage|p2b: Annihilape|22/100
|-damage|p1b: Gholdengo|91/100|[from] item: Life Orb
|move|p1a: Dragonite|Scale Shot|p2b: Annihilape
|-damage|p2b: Annihilape|19/100
|-damage|p2b: Annihilape|17/100
|-damage|p2b: Annihilape|13/100
|-damage|p2b: Annihilape|10/100
|-damage|p2b: Annihilape|7/100
|-hitcount|p2b: Annihilape|5
|-unboost|p1a: Dragonite|def|1
|-boost|p1a: Dragonite|spe|1
|move|p2b: Annihilape|Rage Fist|p1a: Dragonite
|-damage|p1a: Dragonite|0 fnt
|faint|p1a: Dragonite
|
|-weather|Sandstorm|[upkeep]
|-damage|p2a: Ninetales|28/100|[from] Sandstorm
|-sideend|p2: afkahaoai|move: Aurora Veil
|upkeep
|turn|8
|
|t:|1756502878
|move|p1b: Gholdengo|Make It Rain|p2b: Annihilape|[spread] p2a,p2b
|-supereffective|p2a: Ninetales
|-resisted|p2b: Annihilape
|-damage|p2a: Ninetales|0 fnt
|-damage|p2b: Annihilape|0 fnt
|-unboost|p1b: Gholdengo|spa|1
|faint|p2a: Ninetales
|faint|p2b: Annihilape
|-damage|p1b: Gholdengo|82/100|[from] item: Life Orb
|
|win|luisecanonserna
||afkahaoai is ready for game 3.
||luisecanonserna is ready for game 3.
|uhtml|next|Next: Game 3 of 3
