|j|☆pollonetor
|j|☆tax the homeless
|html|pollonetortax the homeless    
|uhtml|bestof|Game 1 of a best-of-3
|t:|1756781042
|gametype|doubles
|player|p1|pollonetor|170|1067
|player|p2|tax the homeless|265|1082
|gen|9
|tier|[Gen 9] VGC 2025 Reg H (Bo3)
|rated|
|rule|Species Clause: Limit one of each Pokémon
|rule|Item Clause: Limit 1 of each item
|clearpoke
|poke|p1|Snorlax, L50, M|
|poke|p1|Indeedee-F, L50, F|
|poke|p1|Armarouge, L50, F|
|poke|p1|Primarina, L50, F|
|poke|p1|Sneasler, L50, F|
|poke|p1|Meowscarada, L50, M|
|poke|p2|Excadrill, L50, M|
|poke|p2|Incineroar, L50, M|
|poke|p2|Tyranitar, L50, M|
|poke|p2|Amoonguss, L50, M|
|poke|p2|Kommo-o, L50, F|
|poke|p2|Reuniclus, L50, F|
|teampreview|4
|showteam|p1|Snorlax||WikiBerry|Gluttony|Curse,Recycle,Crunch,BodySlam|||M|||50|,,,,,Dragon]Indeedee-F||SafetyGoggles|PsychicSurge|FollowMe,TrickRoom,HealPulse,Psychic|||F|||50|,,,,,Ghost]Armarouge||LifeOrb|FlashFire|ExpandingForce,ArmorCannon,TrickRoom,Protect|||F|||50|,,,,,Grass]Primarina||ThroatSpray|LiquidVoice|LifeDew,Protect,HyperVoice,Moonblast|||F|||50|,,,,,Poison]Sneasler||PsychicSeed|Unburden|FakeOut,DireClaw,CloseCombat,Coaching|||F|||50|,,,,,Fighting]Meowscarada||FocusSash|Overgrow|Uturn,TrickRoom,FlowerTrick,FoulPlay|||M|||50|,,,,,Grass
|showteam|p2|Excadrill||FocusSash|SandRush|Protect,Earthquake,HighHorsepower,IronHead|||M|||50|,,,,,Ground]Incineroar||SafetyGoggles|Intimidate|FakeOut,KnockOff,FlareBlitz,PartingShot|||M|||50|,,,,,Ghost]Tyranitar||AssaultVest|SandStream|RockSlide,KnockOff,LowKick,TeraBlast|||M|||50|,,,,,Flying]Amoonguss||SitrusBerry|Regenerator|PollenPuff,RagePowder,ClearSmog,Spore|||M|||50|,,,,,Water]Kommo-o||ThroatSpray|Overcoat|Protect,ClangingScales,ClangorousSoul,AuraSphere|||F|||50|,,,,,Steel]Reuniclus||LifeOrb|MagicGuard|Protect,TrickRoom,ExpandingForce,FlashCannon|||F|||50|,,,,,Dark
|
|t:|1756781065
|teamsize|p1|4
|teamsize|p2|4
|start
|switch|p1a: Indeedee|Indeedee-F, L50, F, shiny|100/100
|switch|p1b: Sneasler|Sneasler, L50, F|100/100
|switch|p2a: Reuniclus|Reuniclus, L50, F, shiny|100/100
|switch|p2b: Incineroar|Incineroar, L50, M|100/100
|-ability|p2b: Incineroar|Intimidate|boost
|-unboost|p1a: Indeedee|atk|1
|-unboost|p1b: Sneasler|atk|1
|-fieldstart|move: Psychic Terrain|[from] ability: Psychic Surge|[of] p1a: Indeedee
|-enditem|p1b: Sneasler|Psychic Seed
|-boost|p1b: Sneasler|spd|1|[from] item: Psychic Seed
|turn|1
|
|t:|1756781083
|move|p1a: Indeedee|Follow Me|p1a: Indeedee
|-singleturn|p1a: Indeedee|move: Follow Me
|move|p1b: Sneasler|Close Combat|p2b: Incineroar
|-supereffective|p2b: Incineroar
|-damage|p2b: Incineroar|26/100
|-unboost|p1b: Sneasler|def|1
|-unboost|p1b: Sneasler|spd|1
|move|p2b: Incineroar|Parting Shot|p1a: Indeedee
|-unboost|p1a: Indeedee|atk|1
|-unboost|p1a: Indeedee|spa|1
|
|t:|1756781094
|switch|p2b: Kommo-o|Kommo-o, L50, F|100/100|[from] Parting Shot
|move|p2a: Reuniclus|Expanding Force|p1a: Indeedee|[spread] p1a,p1b
|-resisted|p1a: Indeedee
|-supereffective|p1b: Sneasler
|-damage|p1a: Indeedee|67/100
|-damage|p1b: Sneasler|0 fnt
|faint|p1b: Sneasler
|
|upkeep
|
|t:|1756781104
|switch|p1b: Primarina|Primarina, L50, F|100/100
|turn|2
|
|t:|1756781120
|move|p2b: Kommo-o|Protect|p2b: Kommo-o
|-singleturn|p2b: Kommo-o|Protect
|move|p1b: Primarina|Hyper Voice|p2b: Kommo-o|[spread] p2a
|-activate|p2b: Kommo-o|move: Protect
|-damage|p2a: Reuniclus|65/100
|-enditem|p1b: Primarina|Throat Spray
|-boost|p1b: Primarina|spa|1|[from] item: Throat Spray
|move|p2a: Reuniclus|Flash Cannon|p1b: Primarina
|-damage|p1b: Primarina|71/100
|move|p1a: Indeedee|Trick Room|p1a: Indeedee
|-fieldstart|move: Trick Room|[of] p1a: Indeedee
|
|upkeep
|turn|3
|
|t:|1756781166
|switch|p1a: Armarouge|Armarouge, L50, F|100/100
|switch|p2b: Incineroar|Incineroar, L50, M|26/100
|-ability|p2b: Incineroar|Intimidate|boost
|-unboost|p1a: Armarouge|atk|1
|-unboost|p1b: Primarina|atk|1
|move|p2a: Reuniclus|Expanding Force|p1b: Primarina|[spread] p1a,p1b
|-resisted|p1a: Armarouge
|-damage|p1a: Armarouge|61/100
|-damage|p1b: Primarina|8/100
|move|p1b: Primarina|Hyper Voice|p2a: Reuniclus|[spread] p2a,p2b
|-supereffective|p2b: Incineroar
|-damage|p2a: Reuniclus|13/100
|-damage|p2b: Incineroar|0 fnt
|faint|p2b: Incineroar
|
|upkeep
|
|t:|1756781180
|switch|p2b: Amoonguss|Amoonguss, L50, M, shiny|100/100
|turn|4
|
|t:|1756781194
|-terastallize|p2b: Amoonguss|Water
|move|p1b: Primarina|Protect|p1b: Primarina
|-singleturn|p1b: Primarina|Protect
|move|p2b: Amoonguss|Spore|p1a: Armarouge
|-status|p1a: Armarouge|slp|[from] move: Spore
|move|p2a: Reuniclus|Expanding Force|p1a: Armarouge|[spread] p1a
|-activate|p1b: Primarina|move: Protect
|-resisted|p1a: Armarouge
|-damage|p1a: Armarouge|17/100 slp
|cant|p1a: Armarouge|slp
|
|upkeep
|turn|5
|
|t:|1756781212
|switch|p1b: Indeedee|Indeedee-F, L50, F, shiny|67/100
|cant|p1a: Armarouge|slp
|move|p2b: Amoonguss|Clear Smog|p1b: Indeedee
|-damage|p1b: Indeedee|52/100
|-clearboost|p1b: Indeedee
|move|p2a: Reuniclus|Expanding Force|p1b: Indeedee|[spread] p1a,p1b
|-resisted|p1a: Armarouge
|-resisted|p1b: Indeedee
|-damage|p1a: Armarouge|0 fnt
|-damage|p1b: Indeedee|16/100
|faint|p1a: Armarouge
|
|-fieldend|move: Psychic Terrain
|upkeep
|
|t:|1756781223
|switch|p1a: Primarina|Primarina, L50, F|8/100
|turn|6
|
|t:|1756781239
|move|p1a: Primarina|Protect|p1a: Primarina
|-singleturn|p1a: Primarina|Protect
|move|p2b: Amoonguss|Pollen Puff|p1b: Indeedee
|-supereffective|p1b: Indeedee
|-damage|p1b: Indeedee|0 fnt
|faint|p1b: Indeedee
|move|p2a: Reuniclus|Flash Cannon|p1a: Primarina
|-activate|p1a: Primarina|move: Protect
|
|-fieldend|move: Trick Room
|upkeep
|turn|7
|
|t:|1756781259
|-terastallize|p1a: Primarina|Poison
|move|p1a: Primarina|Hyper Voice|p2b: Amoonguss|[spread] p2a,p2b
|-resisted|p2b: Amoonguss
|-damage|p2a: Reuniclus|0 fnt
|-damage|p2b: Amoonguss|85/100
|faint|p2a: Reuniclus
|move|p2b: Amoonguss|Clear Smog|p1a: Primarina
|-resisted|p1a: Primarina
|-damage|p1a: Primarina|2/100
|-clearboost|p1a: Primarina
|
|upkeep
|
|t:|1756781269
|switch|p2a: Kommo-o|Kommo-o, L50, F|100/100
|turn|8
|
|t:|1756781276
|move|p2a: Kommo-o|Aura Sphere|p1a: Primarina
|-resisted|p1a: Primarina
|-damage|p1a: Primarina|0 fnt
|faint|p1a: Primarina
|
|win|tax the homeless
|l|☆pollonetor
|player|p1|
