|j|☆hungry hillo
|j|☆413XPlayz
|html|hungry hillo413XPlayz    
|uhtml|bestof|Game 1 of a best-of-3
|t:|1756918023
|gametype|doubles
|player|p1|hungry hillo|n|1116
|player|p2|413XPlayz|169|1253
|gen|9
|tier|[Gen 9] VGC 2025 Reg H (Bo3)
|rated|
|rule|Species Clause: Limit one of each Pokémon
|rule|Item Clause: Limit 1 of each item
|clearpoke
|poke|p1|Incineroar, L50, M|
|poke|p1|Kingambit, L50, F|
|poke|p1|Annihilape, L50, M|
|poke|p1|Electabuzz, L50, M|
|poke|p1|Ursaluna-Bloodmoon, L50, M|
|poke|p1|Rillaboom, L50, F|
|poke|p2|Rillaboom, L50, M|
|poke|p2|Sneasler, L50, M|
|poke|p2|Gholdengo, L50|
|poke|p2|Ninetales-Alola, L50, M|
|poke|p2|Arcanine-Hisui, L50, M|
|poke|p2|Dragonite, L50, F|
|teampreview|4
|showteam|p1|Incineroar||MirrorHerb|Intimidate|FakeOut,KnockOff,PartingShot,FlareBlitz|||M|||50|,,,,,Bug]Kingambit||BlackGlasses|Defiant|SuckerPunch,KowtowCleave,SwordsDance,Protect|||F|||50|,,,,,Dark]Annihilape||SafetyGoggles|Defiant|BulkUp,DrainPunch,RageFist,Protect|||M|||50|,,,,,Fire]Electabuzz||Eviolite|VitalSpirit|Electroweb,FollowMe,Taunt,Protect|||M|||50|,,,,,Ghost]Ursaluna-Bloodmoon||LifeOrb|MindsEye|EarthPower,BloodMoon,HyperVoice,Protect|||M|||50|,,,,,Normal]Rillaboom||AssaultVest|GrassySurge|FakeOut,GrassyGlide,WoodHammer,Uturn|||F|||50|,,,,,Water
|showteam|p2|Rillaboom||AssaultVest|GrassySurge|FakeOut,GrassyGlide,DrumBeating,HighHorsepower|||M|||50|,,,,,Fire]Sneasler||WhiteHerb|Unburden|CloseCombat,DireClaw,Coaching,Protect|||M|||50|,,,,,Ghost]Gholdengo||GrassySeed|GoodasGold|NastyPlot,MakeItRain,ShadowBall,Protect||||||50|,,,,,Water]Ninetales-Alola||FocusSash|SnowWarning|Blizzard,IcyWind,Encore,AuroraVeil|||M|||50|,,,,,Ghost]Arcanine-Hisui||ClearAmulet|Intimidate|RockSlide,FlareBlitz,ExtremeSpeed,Protect|||M|||50|,,,,,Water]Dragonite||LoadedDice|Multiscale|ScaleShot,StompingTantrum,Tailwind,Protect|||F|||50|,,,,,Ground
|inactive|Battle timer is ON: inactive players will automatically lose when time's up. (requested by hungry hillo)
|inactive|413XPlayz has 60 seconds left.
|
|t:|1756918104
|teamsize|p1|4
|teamsize|p2|4
|start
|switch|p1a: Bumble bee|Electabuzz, L50, M|100/100
|switch|p1b: Vegeta|Annihilape, L50, M, shiny|100/100
|switch|p2a: Sneasler|Sneasler, L50, M|100/100
|switch|p2b: Rillaboom|Rillaboom, L50, M|100/100
|-fieldstart|move: Grassy Terrain|[from] ability: Grassy Surge|[of] p2b: Rillaboom
|turn|1
|
|t:|1756918119
|-terastallize|p1a: Bumble bee|Ghost
|move|p1a: Bumble bee|Follow Me|p1a: Bumble bee
|-singleturn|p1a: Bumble bee|move: Follow Me
|move|p2a: Sneasler|Coaching|p2b: Rillaboom
|-boost|p2b: Rillaboom|atk|1
|-boost|p2b: Rillaboom|def|1
|move|p1b: Vegeta|Bulk Up|p1b: Vegeta
|-boost|p1b: Vegeta|atk|1
|-boost|p1b: Vegeta|def|1
|move|p2b: Rillaboom|High Horsepower|p1a: Bumble bee
|-damage|p1a: Bumble bee|55/100
|
|-heal|p1a: Bumble bee|61/100|[from] Grassy Terrain
|upkeep
|turn|2
|inactive|hungry hillo has 30 seconds left.
|
|t:|1756918149
|move|p1a: Bumble bee|Follow Me|p1a: Bumble bee
|-singleturn|p1a: Bumble bee|move: Follow Me
|move|p2a: Sneasler|Coaching|p2b: Rillaboom
|-boost|p2b: Rillaboom|atk|1
|-boost|p2b: Rillaboom|def|1
|move|p1b: Vegeta|Rage Fist|p2b: Rillaboom
|-damage|p2b: Rillaboom|83/100
|move|p2b: Rillaboom|Drum Beating|p1a: Bumble bee
|-damage|p1a: Bumble bee|0 fnt
|faint|p1a: Bumble bee
|
|-heal|p2b: Rillaboom|89/100|[from] Grassy Terrain
|upkeep
|
|t:|1756918161
|switch|p1a: Garfield|Incineroar, L50, M|100/100
|-ability|p1a: Garfield|Intimidate|boost
|-unboost|p2a: Sneasler|atk|1
|-unboost|p2b: Rillaboom|atk|1
|-enditem|p2a: Sneasler|White Herb
|-clearnegativeboost|p2a: Sneasler|[silent]
|turn|3
|
|t:|1756918169
|move|p1a: Garfield|Fake Out|p2a: Sneasler
|-damage|p2a: Sneasler|84/100
|cant|p2a: Sneasler|flinch
|move|p1b: Vegeta|Bulk Up|p1b: Vegeta
|-boost|p1b: Vegeta|atk|1
|-boost|p1b: Vegeta|def|1
|move|p2b: Rillaboom|High Horsepower|p1a: Garfield
|-supereffective|p1a: Garfield
|-damage|p1a: Garfield|18/100
|
|-heal|p2a: Sneasler|90/100|[from] Grassy Terrain
|-heal|p2b: Rillaboom|95/100|[from] Grassy Terrain
|-heal|p1a: Garfield|24/100|[from] Grassy Terrain
|upkeep
|turn|4
|
|t:|1756918182
|move|p2a: Sneasler|Coaching|p2b: Rillaboom
|-boost|p2b: Rillaboom|atk|1
|-boost|p2b: Rillaboom|def|1
|-enditem|p1a: Garfield|Mirror Herb
|-boost|p1a: Garfield|atk|1|[from] item: Mirror Herb
|-boost|p1a: Garfield|def|1|[from] item: Mirror Herb
|move|p1b: Vegeta|Rage Fist|p2a: Sneasler
|-crit|p2a: Sneasler
|-damage|p2a: Sneasler|17/100
|move|p2b: Rillaboom|Drum Beating|p1a: Garfield
|-resisted|p1a: Garfield
|-damage|p1a: Garfield|0 fnt
|faint|p1a: Garfield
|
|-heal|p2a: Sneasler|23/100|[from] Grassy Terrain
|-heal|p2b: Rillaboom|100/100|[from] Grassy Terrain
|upkeep
|
|t:|1756918193
|switch|p1a: Ursaluna|Ursaluna-Bloodmoon, L50, M|100/100
|turn|5
|
|t:|1756918206
|move|p2a: Sneasler|Coaching|p2b: Rillaboom
|-boost|p2b: Rillaboom|atk|1
|-boost|p2b: Rillaboom|def|1
|move|p1b: Vegeta|Rage Fist|p2a: Sneasler
|-damage|p2a: Sneasler|0 fnt
|faint|p2a: Sneasler
|move|p2b: Rillaboom|Drum Beating|p1a: Ursaluna
|-supereffective|p1a: Ursaluna
|-damage|p1a: Ursaluna|0 fnt
|faint|p1a: Ursaluna
|
|-fieldend|move: Grassy Terrain
|upkeep
|
|t:|1756918214
|switch|p2a: Dragonite|Dragonite, L50, F|100/100
|turn|6
|
|t:|1756918221
|move|p1b: Vegeta|Rage Fist|p2a: Dragonite
|-damage|p2a: Dragonite|80/100
|move|p2b: Rillaboom|Grassy Glide|p1b: Vegeta
|-damage|p1b: Vegeta|68/100
|move|p2a: Dragonite|Tailwind|p2a: Dragonite
|-sidestart|p2: 413XPlayz|move: Tailwind
|
|upkeep
|turn|7
|
|t:|1756918231
|switch|p2a: Ninetales|Ninetales-Alola, L50, M|100/100
|-weather|Snowscape|[from] ability: Snow Warning|[of] p2a: Ninetales
|move|p2b: Rillaboom|Grassy Glide|p1b: Vegeta
|-damage|p1b: Vegeta|37/100
|move|p1b: Vegeta|Rage Fist|p2b: Rillaboom
|-damage|p2b: Rillaboom|61/100
|
|-weather|Snowscape|[upkeep]
|upkeep
|turn|8
|
|t:|1756918243
|move|p1b: Vegeta|Protect|p1b: Vegeta
|-singleturn|p1b: Vegeta|Protect
|move|p2a: Ninetales|Blizzard|p1b: Vegeta
|-activate|p1b: Vegeta|move: Protect
|move|p2b: Rillaboom|Grassy Glide|p1b: Vegeta
|-activate|p1b: Vegeta|move: Protect
|
|-weather|Snowscape|[upkeep]
|upkeep
|turn|9
|
|t:|1756918249
|move|p1b: Vegeta|Protect||[still]
|-fail|p1b: Vegeta
|move|p2a: Ninetales|Encore|p1b: Vegeta
|-start|p1b: Vegeta|Encore
|move|p2b: Rillaboom|Drum Beating|p1b: Vegeta
|-damage|p1b: Vegeta|0 fnt
|faint|p1b: Vegeta
|
|win|413XPlayz
||hungry hillo is ready for game 2.
||413XPlayz is ready for game 2.
|uhtml|next|Next: Game 2 of 3
