|j|☆depresionvgc
|j|☆Huasometa
|html|depresionvgcHuasometa    
|uhtml|bestof|Game 1 of a best-of-3
|t:|1783745385
|gametype|doubles
|player|p1|depresionvgc|unknown|
|player|p2|Huasometa|elesa|
|gen|9
|tier|[Gen 9 Champions] VGC 2026 Reg M-B (Bo3)
|rule|Species Clause: Limit one of each Pokémon
|rule|Item Clause: Limit 1 of each item
|clearpoke
|poke|p1|Charizard, L50, M|
|poke|p1|Incineroar, L50, M|
|poke|p1|Aerodactyl, L50, M|
|poke|p1|Sylveon, L50, F|
|poke|p1|Farigiraf, L50, F|
|poke|p1|Garchomp, L50, M|
|poke|p2|Chandelure, L50, F|
|poke|p2|Kangaskhan, L50, F|
|poke|p2|Sylveon, L50, M|
|poke|p2|Kingambit, L50, F|
|poke|p2|Rotom-Wash, L50|
|poke|p2|Venusaur, L50, M|
|teampreview|4
|showteam|p1|Charizard||CharizarditeY|Blaze|WeatherBall,HeatWave,SolarBeam,Protect|Timid||M|||50|]Incineroar||Charcoal|Intimidate|FlareBlitz,DarkestLariat,PartingShot,FakeOut|Adamant||M|||50|]Aerodactyl||FocusSash|Unnerve|RockSlide,Tailwind,WideGuard,Protect|Jolly||M|||50|]Sylveon||FairyFeather|Pixilate|HyperVoice,QuickAttack,Yawn,Detect|Modest||F|||50|]Farigiraf||SitrusBerry|ArmorTail|Psychic,HelpingHand,TrickRoom,Protect|Sassy||F|||50|]Garchomp||LifeOrb|RoughSkin|DragonClaw,Earthquake,StompingTantrum,Protect|Jolly||M|||50|
|showteam|p2|Chandelure||FocusSash|FlashFire|HeatWave,ShadowBall,TrickRoom,Taunt|Quiet||F|||50|]Kangaskhan||Kangaskhanite|InnerFocus|FakeOut,DoubleEdge,SuckerPunch,HammerArm|Brave||F|||50|]Sylveon||FairyFeather|Pixilate|HyperVoice,Protect,HyperBeam,QuickAttack|Quiet||M|||50|]Kingambit||BlackGlasses|Defiant|KowtowCleave,SuckerPunch,IronHead,Protect|Brave||F|||50|]Rotom-Wash||SitrusBerry|Levitate|ThunderWave,VoltSwitch,HydroPump,Protect|Calm|||||50|]Venusaur||Venusaurite|Chlorophyll|EarthPower,SleepPowder,GigaDrain,Protect|Modest||M|||50|
|c|☆Huasometa|wena mi rey
|c|☆Huasometa|muchas gracias
|c|☆depresionvgc|de nada hrmnito
|c|☆depresionvgc|cuando quieras la vdd
|c|☆Huasometa|<3
|c|☆depresionvgc|alguna jugada después del lead?
|c|☆Huasometa|lo que uste quiera
|
|t:|1783745497
|teamsize|p1|4
|teamsize|p2|4
|start
|switch|p1a: Farigiraf|Farigiraf, L50, F|100/100
|switch|p1b: Sylveon|Sylveon, L50, F|100/100
|switch|p2a: Chandelure|Chandelure, L50, F|100/100
|switch|p2b: Kangaskhan|Kangaskhan, L50, F|100/100
|turn|1
|c|☆depresionvgc|este team se juega así? kjlskdg los spred están raros
|
|t:|1783745605
|switch|p1b: Garchomp|Garchomp, L50, M|100/100
|detailschange|p2b: Kangaskhan|Kangaskhan-Mega, L50, F
|-mega|p2b: Kangaskhan|Kangaskhan|Kangaskhanite
|move|p1a: Farigiraf|Protect|p1a: Farigiraf
|-singleturn|p1a: Farigiraf|Protect
|move|p2b: Kangaskhan|Double-Edge|p1b: Garchomp
|-damage|p1b: Garchomp|34/100
|-damage|p2b: Kangaskhan|87/100|[from] ability: Rough Skin|[of] p1b: Garchomp
|-damage|p1b: Garchomp|20/100r
|-damage|p2b: Kangaskhan|75/100|[from] ability: Rough Skin|[of] p1b: Garchomp
|-hitcount|p1b: Garchomp|2
|-damage|p2b: Kangaskhan|52/100|[from] Recoil
|move|p2a: Chandelure|Trick Room|p2a: Chandelure
|-fieldstart|move: Trick Room|[of] p2a: Chandelure
|
|upkeep
|turn|2
|c|☆Huasometa|los spread los hice por defecto
|c|☆Huasometa|ya q ese team tiene 700 variaciones no cacho skdjsd
|
|t:|1783745661
|switch|p1b: Sylveon|Sylveon, L50, F|100/100
|move|p1a: Farigiraf|Psychic|p2b: Kangaskhan
|-damage|p2b: Kangaskhan|21/100
|move|p2a: Chandelure|Taunt|p1a: Farigiraf
|-start|p1a: Farigiraf|move: Taunt
|move|p2b: Kangaskhan|Double-Edge|p1b: Sylveon
|-damage|p1b: Sylveon|17/100
|-damage|p1b: Sylveon|0 fnt
|faint|p1b: Sylveon
|-hitcount|p1: Sylveon|2
|-damage|p2b: Kangaskhan|0 fnt|[from] Recoil
|faint|p2b: Kangaskhan
|
|upkeep
|
|t:|1783745679
|switch|p1b: Charizard|Charizard, L50, M|100/100
|switch|p2b: Kingambit|Kingambit, L50, F|100/100
|turn|3
|
|t:|1783745725
|detailschange|p1b: Charizard|Charizard-Mega-Y, L50, M
|-mega|p1b: Charizard|Charizard|Charizardite Y
|-weather|SunnyDay|[from] ability: Drought|[of] p1b: Charizard
|move|p2b: Kingambit|Protect|p2b: Kingambit
|-singleturn|p2b: Kingambit|Protect
|move|p1a: Farigiraf|Psychic|p2a: Chandelure
|-damage|p2a: Chandelure|62/100
|move|p2a: Chandelure|Heat Wave|p1a: Farigiraf|[spread] 
|-miss|p2a: Chandelure|p1a: Farigiraf
|-miss|p2a: Chandelure|p1b: Charizard
|move|p1b: Charizard|Weather Ball|p2b: Kingambit
|-activate|p2b: Kingambit|move: Protect
|
|-weather|SunnyDay|[upkeep]
|upkeep
|turn|4
|
|t:|1783745752
|move|p2b: Kingambit|Kowtow Cleave|p1b: Charizard
|-damage|p1b: Charizard|16/100
|move|p1a: Farigiraf|Psychic|p2a: Chandelure
|-damage|p2a: Chandelure|23/100
|move|p2a: Chandelure|Shadow Ball|p1b: Charizard
|-damage|p1b: Charizard|0 fnt
|faint|p1b: Charizard
|
|-weather|SunnyDay|[upkeep]
|upkeep
|
|t:|1783745761
|switch|p1b: Garchomp|Garchomp, L50, M|20/100r
|turn|5
|
|t:|1783745785
|move|p2b: Kingambit|Kowtow Cleave|p1b: Garchomp
|-damage|p1b: Garchomp|0 fnt
|-damage|p2b: Kingambit|87/100|[from] ability: Rough Skin|[of] p1b: Garchomp
|faint|p1b: Garchomp
|move|p1a: Farigiraf|Psychic|p2a: Chandelure
|-damage|p2a: Chandelure|0 fnt
|faint|p2a: Chandelure
|
|-weather|SunnyDay|[upkeep]
|-end|p1a: Farigiraf|move: Taunt
|-fieldend|move: Trick Room
|upkeep
|
|t:|1783745790
|switch|p2a: Rotom|Rotom-Wash, L50|100/100
|turn|6
|-message|depresionvgc forfeited.
|
|win|Huasometa
||Huasometa is ready for game 2.
||Huasometa is ready for game 2.
||depresionvgc is ready for game 2.
|uhtml|next|Next: Game 2 of 3
|l|☆Huasometa
|player|p2|
|j|☆Huasometa
|player|p2|Huasometa|elesa|
|l|☆Huasometa
|player|p2|
