|j|☆BEAST_AK_XYZ
|j|☆Divine Monkey King
|html|BEAST_AK_XYZDivine Monkey King    
|uhtml|bestof|Game 1 of a best-of-3
|t:|1782571248
|gametype|doubles
|player|p1|BEAST_AK_XYZ|lucas|1135
|player|p2|Divine Monkey King|2|1058
|gen|9
|tier|[Gen 9 Champions] VGC 2026 Reg M-B (Bo3)
|rated|
|rule|Species Clause: Limit one of each Pokémon
|rule|Item Clause: Limit 1 of each item
|clearpoke
|poke|p1|Staraptor, L50, M|
|poke|p1|Raichu, L50, M|
|poke|p1|Annihilape, L50, M|
|poke|p1|Whimsicott, L50, M|
|poke|p1|Basculegion, L50, M|
|poke|p1|Gholdengo, L50|
|poke|p2|Whimsicott, L50, F, shiny|
|poke|p2|Lucario, L50, M, shiny|
|poke|p2|Pelipper, L50, M, shiny|
|poke|p2|Beedrill, L50, M, shiny|
|poke|p2|Annihilape, L50, M, shiny|
|poke|p2|Basculegion, L50, M, shiny|
|teampreview|4
|showteam|p1|Staraptor||Staraptite|Intimidate|CloseCombat,BraveBird,Roost,Protect|Adamant||M|||50|]Raichu||RaichuniteY|Static|ZapCannon,FocusBlast,AlluringVoice,FakeOut|Timid||M|||50|]Annihilape||Leftovers|Defiant|RageFist,BulkUp,DrainPunch,FirePunch|Careful||M|||50|]Whimsicott||FocusSash|Prankster|Tailwind,Charm,Moonblast,Encore|Bold||M|||50|]Basculegion||ChoiceScarf|Adaptability|FlipTurn,WaveCrash,AquaJet,LastRespects|Jolly||M|||50|]Gholdengo||LifeOrb|GoodasGold|NastyPlot,ShadowBall,MakeItRain,Protect|Timid|||||50|
|showteam|p2|Whimsicott||FocusSash|Prankster|Encore,Protect,Tailwind,BeatUp|Serious||F|||50|]Lucario||Lucarionite|Justified|Crunch,DrainPunch,PoisonJab,Protect|Jolly||M|||50|]Pelipper||SitrusBerry|Drizzle|Hurricane,IceBeam,Protect,WeatherBall|Timid||M|||50|]Beedrill||Beedrillite|Sniper|DrillRun,PoisonJab,Protect,FellStinger|Jolly||M|||50|]Annihilape||Leftovers|Defiant|BulkUp,DrainPunch,RageFist,RockSlide|Adamant||M|||50|]Basculegion||MysticWater|SwiftSwim|AquaJet,FlipTurn,LastRespects,Protect|Adamant||M|||50|
|inactive|Battle timer is ON: inactive players will automatically lose when time's up. (requested by BEAST_AK_XYZ)
|inactive|Divine Monkey King has 60 seconds left.
|
|t:|1782571290
|teamsize|p1|4
|teamsize|p2|4
|start
|switch|p1a: Raichu|Raichu, L50, M|100/100
|switch|p1b: Whimsicott|Whimsicott, L50, M|100/100
|switch|p2a: Whimsicott|Whimsicott, L50, F, shiny|100/100
|switch|p2b: Pelipper|Pelipper, L50, M, shiny|100/100
|-weather|RainDance|[from] ability: Drizzle|[of] p2b: Pelipper
|turn|1
|
|t:|1782571307
|detailschange|p1a: Raichu|Raichu-Mega-Y, L50, M
|-mega|p1a: Raichu|Raichu|Raichunite Y
|move|p2a: Whimsicott|Tailwind|p2a: Whimsicott
|-sidestart|p2: Divine Monkey King|move: Tailwind
|move|p1b: Whimsicott|Tailwind|p1b: Whimsicott
|-sidestart|p1: BEAST_AK_XYZ|move: Tailwind
|move|p1a: Raichu|Zap Cannon|p2b: Pelipper
|-supereffective|p2b: Pelipper|2
|-damage|p2b: Pelipper|0 fnt
|faint|p2b: Pelipper
|
|-weather|RainDance|[upkeep]
|upkeep
|inactive|Divine Monkey King has 30 seconds left.
|
|t:|1782571332
|switch|p2b: Basculegion|Basculegion, L50, M, shiny|100/100
|turn|2
|
|t:|1782571345
|move|p2a: Whimsicott|Encore|p1b: Whimsicott
|-start|p1b: Whimsicott|Encore
|move|p1b: Whimsicott|Tailwind||[still]
|-fail|p1b: Whimsicott
|move|p2b: Basculegion|Flip Turn|p1a: Raichu
|-damage|p1a: Raichu|0 fnt
|faint|p1a: Raichu
|
|t:|1782571353
|switch|p2b: Lucario|Lucario, L50, M, shiny|100/100|[from] Flip Turn
|
|-weather|RainDance|[upkeep]
|upkeep
|
|t:|1782571358
|switch|p1a: Annihilape|Annihilape, L50, M|100/100
|turn|3
|
|t:|1782571378
|switch|p1b: Basculegion|Basculegion, L50, M|100/100
|move|p2a: Whimsicott|Beat Up|p2b: Lucario
|-resisted|p2b: Lucario|1
|-damage|p2b: Lucario|98/100
|-ability|p2b: Lucario|Justified|boost
|-boost|p2b: Lucario|atk|1
|-resisted|p2b: Lucario|1
|-damage|p2b: Lucario|96/100
|-ability|p2b: Lucario|Justified|boost
|-boost|p2b: Lucario|atk|1
|-resisted|p2b: Lucario|1
|-damage|p2b: Lucario|94/100
|-ability|p2b: Lucario|Justified|boost
|-boost|p2b: Lucario|atk|1
|-hitcount|p2b: Lucario|3
|move|p2b: Lucario|Crunch|p1a: Annihilape
|-damage|p1a: Annihilape|47/100
|move|p1a: Annihilape|Bulk Up|p1a: Annihilape
|-boost|p1a: Annihilape|atk|1
|-boost|p1a: Annihilape|def|1
|
|-weather|RainDance|[upkeep]
|-heal|p1a: Annihilape|53/100|[from] item: Leftovers
|upkeep
|turn|4
|inactive|Divine Monkey King has 30 seconds left.
|
|t:|1782571405
|detailschange|p2b: Lucario|Lucario-Mega, L50, M, shiny
|-mega|p2b: Lucario|Lucario|Lucarionite
|move|p2b: Lucario|Protect|p2b: Lucario
|-singleturn|p2b: Lucario|Protect
|move|p2a: Whimsicott|Encore|p1a: Annihilape
|-start|p1a: Annihilape|Encore
|move|p1b: Basculegion|Flip Turn|p2b: Lucario
|-activate|p2b: Lucario|move: Protect
|move|p1a: Annihilape|Bulk Up|p1a: Annihilape
|-boost|p1a: Annihilape|atk|1
|-boost|p1a: Annihilape|def|1
|
|-weather|RainDance|[upkeep]
|-heal|p1a: Annihilape|59/100|[from] item: Leftovers
|-sideend|p1: BEAST_AK_XYZ|move: Tailwind
|-sideend|p2: Divine Monkey King|move: Tailwind
|upkeep
|turn|5
|
|t:|1782571420
|move|p2a: Whimsicott|Tailwind|p2a: Whimsicott
|-sidestart|p2: Divine Monkey King|move: Tailwind
|move|p2b: Lucario|Crunch|p1b: Basculegion
|-supereffective|p1b: Basculegion|1
|-damage|p1b: Basculegion|0 fnt
|faint|p1b: Basculegion
|move|p1a: Annihilape|Bulk Up|p1a: Annihilape
|-boost|p1a: Annihilape|atk|1
|-boost|p1a: Annihilape|def|1
|
|-weather|none
|-heal|p1a: Annihilape|66/100|[from] item: Leftovers
|upkeep
|
|t:|1782571425
|switch|p1b: Whimsicott|Whimsicott, L50, M|100/100
|turn|6
|
|t:|1782571432
|move|p1b: Whimsicott|Tailwind|p1b: Whimsicott
|-sidestart|p1: BEAST_AK_XYZ|move: Tailwind
|move|p2b: Lucario|Poison Jab|p1b: Whimsicott
|-supereffective|p1b: Whimsicott|2
|-enditem|p1b: Whimsicott|Focus Sash
|-damage|p1b: Whimsicott|1/100
|move|p2a: Whimsicott|Beat Up|p1b: Whimsicott
|-resisted|p1b: Whimsicott|1
|-damage|p1b: Whimsicott|0 fnt
|faint|p1b: Whimsicott
|-hitcount|p1: Whimsicott|1
|move|p1a: Annihilape|Bulk Up|p1a: Annihilape
|-boost|p1a: Annihilape|atk|1
|-boost|p1a: Annihilape|def|1
|
|-heal|p1a: Annihilape|72/100|[from] item: Leftovers
|-end|p1a: Annihilape|Encore
|upkeep
|turn|7
|
|t:|1782571445
|move|p2a: Whimsicott|Encore|p1a: Annihilape
|-start|p1a: Annihilape|Encore
|move|p2b: Lucario|Crunch|p1a: Annihilape
|-damage|p1a: Annihilape|49/100
|-unboost|p1a: Annihilape|def|1
|-ability|p1a: Annihilape|Defiant|boost
|-boost|p1a: Annihilape|atk|2
|move|p1a: Annihilape|Bulk Up|p1a: Annihilape
|-boost|p1a: Annihilape|atk|0
|-boost|p1a: Annihilape|def|1
|
|-heal|p1a: Annihilape|55/100|[from] item: Leftovers
|upkeep
|turn|8
|
|t:|1782571461
|move|p2b: Lucario|Crunch|p1a: Annihilape
|-damage|p1a: Annihilape|35/100
|move|p2a: Whimsicott|Beat Up|p1a: Annihilape
|-damage|p1a: Annihilape|34/100
|-crit|p1a: Annihilape
|-damage|p1a: Annihilape|30/100
|-damage|p1a: Annihilape|29/100
|-hitcount|p1a: Annihilape|3
|move|p1a: Annihilape|Bulk Up|p1a: Annihilape
|-boost|p1a: Annihilape|atk|0
|-boost|p1a: Annihilape|def|1
|
|-heal|p1a: Annihilape|35/100|[from] item: Leftovers
|-sideend|p2: Divine Monkey King|move: Tailwind
|upkeep
|turn|9
|
|t:|1782571476
|move|p2a: Whimsicott|Tailwind|p2a: Whimsicott
|-sidestart|p2: Divine Monkey King|move: Tailwind
|move|p2b: Lucario|Crunch|p1a: Annihilape
|-damage|p1a: Annihilape|15/100
|move|p1a: Annihilape|Bulk Up|p1a: Annihilape
|-boost|p1a: Annihilape|atk|0
|-boost|p1a: Annihilape|def|1
|
|-heal|p1a: Annihilape|22/100|[from] item: Leftovers
|-end|p1a: Annihilape|Encore
|-sideend|p1: BEAST_AK_XYZ|move: Tailwind
|upkeep
|turn|10
|
|t:|1782571486
|move|p2a: Whimsicott|Encore|p1a: Annihilape
|-start|p1a: Annihilape|Encore
|move|p2b: Lucario|Crunch|p1a: Annihilape
|-damage|p1a: Annihilape|6/100
|move|p1a: Annihilape|Bulk Up|p1a: Annihilape
|-boost|p1a: Annihilape|atk|0
|-boost|p1a: Annihilape|def|0
|
|-heal|p1a: Annihilape|12/100|[from] item: Leftovers
|upkeep
|turn|11
|
|t:|1782571500
|move|p2a: Whimsicott|Protect|p2a: Whimsicott
|-singleturn|p2a: Whimsicott|Protect
|move|p2b: Lucario|Crunch|p1a: Annihilape
|-damage|p1a: Annihilape|0 fnt
|faint|p1a: Annihilape
|
|win|Divine Monkey King
||BEAST_AK_XYZ is ready for game 2.
||Divine Monkey King is ready for game 2.
|uhtml|next|Next: Game 2 of 3
|l|☆BEAST_AK_XYZ
|player|p1|
