|j|☆chrissssvigisi
|j|☆Dragynez
|html|chrissssvigisiDragynez    
|uhtml|bestof|Game 1 of a best-of-3
|t:|1756309273
|gametype|doubles
|player|p1|chrissssvigisi|170|1092
|player|p2|Dragynez|zinzolin|1000
|gen|9
|tier|[Gen 9] VGC 2025 Reg H (Bo3)
|rated|
|rule|Species Clause: Limit one of each Pokémon
|rule|Item Clause: Limit 1 of each item
|clearpoke
|poke|p1|Dragapult, L50, F|
|poke|p1|Farigiraf, L50, F|
|poke|p1|Incineroar, L50, M|
|poke|p1|Primarina, L50, M|
|poke|p1|Rillaboom, L50, F|
|poke|p1|Ursaluna, L50, M|
|poke|p2|Pelipper, L50, F|
|poke|p2|Basculegion, L50, M|
|poke|p2|Archaludon, L50, M|
|poke|p2|Salamence, L50, M|
|poke|p2|Rillaboom, L50, F|
|poke|p2|Grimmsnarl, L50, M|
|teampreview|4
|showteam|p1|Dragapult||ChoiceBand|ClearBody|Outrage,PhantomForce,DragonDarts,Uturn|||F|||50|,,,,,Dragon]Farigiraf||SitrusBerry|ArmorTail|Psychic,HelpingHand,TrickRoom,Protect|||F|||50|,,,,,Fairy]Incineroar||SafetyGoggles|Intimidate|FlareBlitz,KnockOff,FakeOut,PartingShot|||M|||50|,,,,,Ghost]Primarina||MysticWater|LiquidVoice|Moonblast,HyperVoice,Haze,Protect|||M|||50|,,,,,Grass]Rillaboom||AssaultVest|GrassySurge|WoodHammer,GrassyGlide,Uturn,FakeOut|||F|||50|,,,,,Fire]Ursaluna||FlameOrb|Guts|HeadlongRush,Facade,SwordsDance,Protect|||M|||50|,,,,,Ghost
|showteam|p2|Pelipper||FocusSash|Drizzle|Hurricane,WeatherBall,Protect,WideGuard|||F|||50|,,,,,Ghost]Basculegion||ChoiceBand|SwiftSwim|LastRespects,WaveCrash,AquaJet,FlipTurn|||M|||50|,,,,,Grass]Archaludon||AssaultVest|Stamina|ElectroShot,BodyPress,FlashCannon,DracoMeteor|||M|||50|,,,,,Bug]Salamence||SafetyGoggles|Intimidate|DualWingbeat,RainDance,Tailwind,Protect|||M|||50|,,,,,Flying]Rillaboom||LoadedDice|GrassySurge|FakeOut,BulletSeed,GrassyGlide,HighHorsepower|||F|||50|,,,,,Fire]Grimmsnarl||LightClay|Prankster|Taunt,ThunderWave,LightScreen,SpiritBreak|||M|||50|,,,,,Ghost
|inactive|Battle timer is ON: inactive players will automatically lose when time's up. (requested by chrissssvigisi)
|inactive|Dragynez has 60 seconds left.
|inactive|Dragynez has 30 seconds left.
|inactive|Dragynez has 20 seconds left.
|inactive|Dragynez has 15 seconds left.
|inactive|Dragynez has 10 seconds left.
|inactive|Dragynez has 5 seconds left.
|
|t:|1756309391
|teamsize|p1|4
|teamsize|p2|4
|start
|switch|p1a: Incineroar|Incineroar, L50, M|100/100
|switch|p1b: Dragapult|Dragapult, L50, F, shiny|100/100
|switch|p2a: Pelipper|Pelipper, L50, F|100/100
|switch|p2b: Basculegion|Basculegion, L50, M|100/100
|-ability|p1a: Incineroar|Intimidate|boost
|-unboost|p2a: Pelipper|atk|1
|-unboost|p2b: Basculegion|atk|1
|-weather|RainDance|[from] ability: Drizzle|[of] p2a: Pelipper
|turn|1
|inactive|Dragynez has 30 seconds left.
|inactive|Dragynez has 20 seconds left.
|
|t:|1756309428
|move|p1a: Incineroar|Fake Out|p2a: Pelipper
|-damage|p2a: Pelipper|87/100
|move|p2b: Basculegion|Aqua Jet|p1a: Incineroar
|-supereffective|p1a: Incineroar
|-damage|p1a: Incineroar|44/100
|move|p1b: Dragapult|Dragon Darts|p2a: Pelipper
|-damage|p2a: Pelipper|34/100
|-anim|p1b: Dragapult|Dragon Darts|p2b: Basculegion
|-damage|p2b: Basculegion|44/100
|cant|p2a: Pelipper|flinch
|
|-weather|RainDance|[upkeep]
|upkeep
|turn|2
|inactive|Dragynez has 30 seconds left.
|
|t:|1756309460
|switch|p1a: Rillaboom|Rillaboom, L50, F|100/100
|-fieldstart|move: Grassy Terrain|[from] ability: Grassy Surge|[of] p1a: Rillaboom
|switch|p2a: Archaludon|Archaludon, L50, M|100/100
|move|p2b: Basculegion|Aqua Jet|p1a: Rillaboom
|-resisted|p1a: Rillaboom
|-damage|p1a: Rillaboom|86/100
|move|p1b: Dragapult|Dragon Darts|p2a: Archaludon
|-damage|p2a: Archaludon|70/100
|-ability|p2a: Archaludon|Stamina|boost
|-boost|p2a: Archaludon|def|1
|-anim|p1b: Dragapult|Dragon Darts|p2b: Basculegion
|-damage|p2b: Basculegion|0 fnt
|faint|p2b: Basculegion
|
|-weather|RainDance|[upkeep]
|-heal|p2a: Archaludon|76/100|[from] Grassy Terrain
|-heal|p1a: Rillaboom|92/100|[from] Grassy Terrain
|upkeep
|
|t:|1756309480
|switch|p2b: Rillaboom|Rillaboom, L50, F|100/100
|turn|3
|inactive|Dragynez has 30 seconds left.
|
|t:|1756309514
|switch|p1b: Incineroar|Incineroar, L50, M|44/100
|-ability|p1b: Incineroar|Intimidate|boost
|-unboost|p2a: Archaludon|atk|1
|-unboost|p2b: Rillaboom|atk|1
|move|p2b: Rillaboom|Fake Out|p1a: Rillaboom
|-damage|p1a: Rillaboom|84/100
|move|p2a: Archaludon|Draco Meteor|p1b: Incineroar
|-damage|p1b: Incineroar|0 fnt
|-unboost|p2a: Archaludon|spa|2
|faint|p1b: Incineroar
|cant|p1a: Rillaboom|flinch
|
|-weather|RainDance|[upkeep]
|-heal|p2a: Archaludon|82/100|[from] Grassy Terrain
|-heal|p1a: Rillaboom|89/100|[from] Grassy Terrain
|upkeep
|
|t:|1756309525
|switch|p1b: Dragapult|Dragapult, L50, F, shiny|100/100
|turn|4
|inactive|Dragynez has 30 seconds left.
|inactive|Dragynez has 20 seconds left.
|
|t:|1756309561
|move|p1b: Dragapult|U-turn|p2b: Rillaboom
|-supereffective|p2b: Rillaboom
|-damage|p2b: Rillaboom|28/100
|
|t:|1756309564
|switch|p1b: Primarina|Primarina, L50, M|100/100|[from] U-turn
|move|p2b: Rillaboom|Bullet Seed|p2a: Archaludon
|-resisted|p2a: Archaludon
|-damage|p2a: Archaludon|80/100
|-ability|p2a: Archaludon|Stamina|boost
|-boost|p2a: Archaludon|def|1
|-resisted|p2a: Archaludon
|-damage|p2a: Archaludon|79/100
|-ability|p2a: Archaludon|Stamina|boost
|-boost|p2a: Archaludon|def|1
|-resisted|p2a: Archaludon
|-damage|p2a: Archaludon|79/100
|-ability|p2a: Archaludon|Stamina|boost
|-boost|p2a: Archaludon|def|1
|-resisted|p2a: Archaludon
|-damage|p2a: Archaludon|78/100
|-ability|p2a: Archaludon|Stamina|boost
|-boost|p2a: Archaludon|def|1
|-hitcount|p2a: Archaludon|4
|move|p2a: Archaludon|Draco Meteor|p1b: Primarina
|-immune|p1b: Primarina
|move|p1a: Rillaboom|U-turn|p2b: Rillaboom
|-supereffective|p2b: Rillaboom
|-damage|p2b: Rillaboom|0 fnt
|faint|p2b: Rillaboom
|
|t:|1756309570
|switch|p1a: Dragapult|Dragapult, L50, F, shiny|100/100|[from] U-turn
|
|-weather|RainDance|[upkeep]
|-heal|p2a: Archaludon|84/100|[from] Grassy Terrain
|upkeep
|
|t:|1756309588
|switch|p2b: Pelipper|Pelipper, L50, F|34/100
|turn|5
|inactive|Dragynez has 30 seconds left.
|
|t:|1756309613
|move|p2b: Pelipper|Protect|p2b: Pelipper
|-singleturn|p2b: Pelipper|Protect
|move|p1b: Primarina|Protect|p1b: Primarina
|-singleturn|p1b: Primarina|Protect
|move|p1a: Dragapult|Dragon Darts|p2a: Archaludon
|-damage|p2a: Archaludon|76/100
|-ability|p2a: Archaludon|Stamina|boost
|-boost|p2a: Archaludon|def|1
|-anim|p1a: Dragapult|Dragon Darts|p2a: Archaludon
|-damage|p2a: Archaludon|68/100
|move|p2a: Archaludon|Draco Meteor|p1a: Dragapult|[miss]
|-miss|p2a: Archaludon|p1a: Dragapult
|
|-weather|none
|-heal|p2a: Archaludon|74/100|[from] Grassy Terrain
|upkeep
|turn|6
|inactive|Dragynez has 30 seconds left.
|inactive|Dragynez has 20 seconds left.
|inactive|Dragynez has 15 seconds left.
|inactive|Dragynez has 10 seconds left.
|
|t:|1756309660
|move|p2b: Pelipper|Protect||[still]
|-fail|p2b: Pelipper
|move|p1a: Dragapult|Dragon Darts|p2b: Pelipper
|-damage|p2b: Pelipper|0 fnt
|-anim|p1a: Dragapult|Dragon Darts|p2a: Archaludon
|-damage|p2a: Archaludon|66/100
|faint|p2b: Pelipper
|move|p2a: Archaludon|Flash Cannon|p1b: Primarina
|-damage|p1b: Primarina|84/100
|move|p1b: Primarina|Moonblast|p2a: Archaludon
|-damage|p2a: Archaludon|31/100
|-unboost|p2a: Archaludon|spa|1
|
|-heal|p2a: Archaludon|37/100|[from] Grassy Terrain
|-heal|p1b: Primarina|90/100|[from] Grassy Terrain
|-fieldend|move: Grassy Terrain
|upkeep
|turn|7
|
|t:|1756309676
|move|p1a: Dragapult|Dragon Darts|p2a: Archaludon
|-damage|p2a: Archaludon|29/100
|-anim|p1a: Dragapult|Dragon Darts|p2a: Archaludon
|-damage|p2a: Archaludon|21/100
|move|p2a: Archaludon|Draco Meteor|p1a: Dragapult
|-supereffective|p1a: Dragapult
|-damage|p1a: Dragapult|28/100
|-unboost|p2a: Archaludon|spa|2
|move|p1b: Primarina|Moonblast|p2a: Archaludon
|-damage|p2a: Archaludon|0 fnt
|faint|p2a: Archaludon
|
|win|chrissssvigisi
|inactive|chrissssvigisi has 30 seconds to confirm battle start!
|inactive|Dragynez has 30 seconds to confirm battle start!
||chrissssvigisi is ready for game 2.
||Dragynez is ready for game 2.
|uhtml|next|Next: Game 2 of 3
|l|☆chrissssvigisi
|player|p1|
