|j|☆loveforvgctest
|j|☆DrXJ13
|html|loveforvgctestDrXJ13    
|uhtml|bestof|Game 2 of a best-of-3
|t:|1757240785
|gametype|doubles
|player|p1|loveforvgctest|266|1125
|player|p2|DrXJ13|2|1133
|gen|9
|tier|[Gen 9] VGC 2025 Reg H (Bo3)
|rated|
|rule|Species Clause: Limit one of each Pokémon
|rule|Item Clause: Limit 1 of each item
|clearpoke
|poke|p1|Volcarona, L50, F|
|poke|p1|Electabuzz, L50, F|
|poke|p1|Rillaboom, L50, M|
|poke|p1|Sneasler, L50, M|
|poke|p1|Dragonite, L50, F|
|poke|p1|Kingambit, L50, M|
|poke|p2|Sinistcha, L50|
|poke|p2|Ursaluna-Bloodmoon, L50, M|
|poke|p2|Incineroar, L50, F|
|poke|p2|Sneasler, L50, M|
|poke|p2|Dragonite, L50, F|
|poke|p2|Corviknight, L50, M|
|teampreview|4
|showteam|p1|Volcarona||Leftovers|FlameBody|HeatWave,TeraBlast,QuiverDance,Protect|||F|||50|,,,,,Fairy]Electabuzz||Eviolite|VitalSpirit|Electroweb,FollowMe,Taunt,Protect|||F|||50|,,,,,Dragon]Rillaboom||AssaultVest|GrassySurge|FakeOut,WoodHammer,GrassyGlide,HighHorsepower|||M|||50|,,,,,Fire]Sneasler||FocusSash|Unburden|FakeOut,CloseCombat,DireClaw,Coaching|||M|||50|,,,,,Stellar]Dragonite||LoadedDice|Multiscale|ScaleShot,ExtremeSpeed,Haze,Protect|||F|||50|,,,,,Fairy]Kingambit||BlackGlasses|Defiant|KowtowCleave,SuckerPunch,SwordsDance,Protect|||M|||50|,,,,,Ghost
|showteam|p2|Sinistcha||RockyHelmet|Hospitality|MatchaGotcha,ShadowBall,TrickRoom,RagePowder||||||50|,,,,,Water]Ursaluna-Bloodmoon||Leftovers|MindsEye|HyperVoice,EarthPower,CalmMind,Protect|||M|||50|,,,,,Water]Incineroar||SafetyGoggles|Intimidate|FakeOut,KnockOff,FlareBlitz,PartingShot|||F|||50|,,,,,Ghost]Sneasler||FocusSash|Unburden|Coaching,DireClaw,CloseCombat,Protect|||M|||50|,,,,,Stellar]Dragonite||LoadedDice|Multiscale|ScaleShot,ExtremeSpeed,Haze,Protect|||F|||50|,,,,,Fairy]Corviknight||CovertCloak|MirrorArmor|DualWingbeat,Tailwind,IronHead,Taunt|||M|||50|,,,,,Dragon
|inactive|Battle timer is ON: inactive players will automatically lose when time's up. (requested by DrXJ13)
|
|t:|1757240816
|teamsize|p1|4
|teamsize|p2|4
|start
|switch|p1a: Dragonite|Dragonite, L50, F|100/100
|switch|p1b: Sneasler|Sneasler, L50, M|100/100
|switch|p2a: Toño|Incineroar, L50, F|100/100
|switch|p2b: Té (en) tazas|Sinistcha, L50|100/100
|-ability|p2a: Toño|Intimidate|boost
|-unboost|p1a: Dragonite|atk|1
|-unboost|p1b: Sneasler|atk|1
|turn|1
|
|t:|1757240832
|switch|p1a: Kingambit|Kingambit, L50, M|100/100
|move|p1b: Sneasler|Coaching|p1a: Kingambit
|-boost|p1a: Kingambit|atk|1
|-boost|p1a: Kingambit|def|1
|move|p2a: Toño|Parting Shot|p1b: Sneasler
|-unboost|p1b: Sneasler|atk|1
|-unboost|p1b: Sneasler|spa|1
|
|t:|1757240841
|switch|p2a: Wellington|Ursaluna-Bloodmoon, L50, M|100/100|[from] Parting Shot
|move|p2b: Té (en) tazas|Trick Room|p2b: Té (en) tazas
|-fieldstart|move: Trick Room|[of] p2b: Té (en) tazas
|
|upkeep
|turn|2
|
|t:|1757240854
|switch|p1b: Rillaboom|Rillaboom, L50, M|100/100
|-fieldstart|move: Grassy Terrain|[from] ability: Grassy Surge|[of] p1b: Rillaboom
|move|p1a: Kingambit|Protect|p1a: Kingambit
|-singleturn|p1a: Kingambit|Protect
|move|p2b: Té (en) tazas|Rage Powder|p2b: Té (en) tazas
|-singleturn|p2b: Té (en) tazas|move: Rage Powder
|move|p2a: Wellington|Calm Mind|p2a: Wellington
|-boost|p2a: Wellington|spa|1
|-boost|p2a: Wellington|spd|1
|
|upkeep
|turn|3
|inactive|loveforvgctest has 30 seconds left.
|inactive|DrXJ13 has 30 seconds left.
|inactive|loveforvgctest has 20 seconds left.
|inactive|loveforvgctest has 15 seconds left.
|
|t:|1757240896
|switch|p2b: Toño|Incineroar, L50, F|100/100
|-ability|p2b: Toño|Intimidate|boost
|-unboost|p1a: Kingambit|atk|1
|-ability|p1a: Kingambit|Defiant|boost
|-boost|p1a: Kingambit|atk|2
|-unboost|p1b: Rillaboom|atk|1
|move|p2a: Wellington|Protect|p2a: Wellington
|-singleturn|p2a: Wellington|Protect
|move|p1b: Rillaboom|Fake Out|p2a: Wellington
|-activate|p2a: Wellington|move: Protect
|move|p1a: Kingambit|Swords Dance|p1a: Kingambit
|-boost|p1a: Kingambit|atk|2
|
|upkeep
|turn|4
|
|t:|1757240910
|switch|p1b: Sneasler|Sneasler, L50, M|100/100
|move|p1a: Kingambit|Protect|p1a: Kingambit
|-singleturn|p1a: Kingambit|Protect
|move|p2b: Toño|Fake Out|p1a: Kingambit
|-activate|p1a: Kingambit|move: Protect
|move|p2a: Wellington|Hyper Voice|p1a: Kingambit|[spread] p1b
|-activate|p1a: Kingambit|move: Protect
|-damage|p1b: Sneasler|19/100
|
|-heal|p1b: Sneasler|24/100|[from] Grassy Terrain
|upkeep
|turn|5
|inactive|loveforvgctest has 30 seconds left.
|
|t:|1757240944
|switch|p2b: Té (en) tazas|Sinistcha, L50|100/100
|move|p2a: Wellington|Protect|p2a: Wellington
|-singleturn|p2a: Wellington|Protect
|move|p1b: Sneasler|Fake Out|p2a: Wellington
|-activate|p2a: Wellington|move: Protect
|move|p1a: Kingambit|Kowtow Cleave|p2b: Té (en) tazas
|-supereffective|p2b: Té (en) tazas
|-damage|p2b: Té (en) tazas|0 fnt
|-damage|p1a: Kingambit|84/100|[from] item: Rocky Helmet|[of] p2b: Té (en) tazas
|faint|p2b: Té (en) tazas
|
|-heal|p1a: Kingambit|90/100|[from] Grassy Terrain
|-heal|p1b: Sneasler|30/100|[from] Grassy Terrain
|-fieldend|move: Trick Room
|upkeep
|
|t:|1757240961
|switch|p2b: Toño|Incineroar, L50, F|100/100
|-ability|p2b: Toño|Intimidate|boost
|-unboost|p1a: Kingambit|atk|1
|-ability|p1a: Kingambit|Defiant|boost
|-boost|p1a: Kingambit|atk|2
|-unboost|p1b: Sneasler|atk|1
|turn|6
|
|t:|1757240979
|move|p1a: Kingambit|Protect|p1a: Kingambit
|-singleturn|p1a: Kingambit|Protect
|move|p2b: Toño|Fake Out|p1a: Kingambit
|-activate|p1a: Kingambit|move: Protect
|move|p1b: Sneasler|Close Combat|p2a: Wellington
|-supereffective|p2a: Wellington
|-damage|p2a: Wellington|39/100
|-unboost|p1b: Sneasler|def|1
|-unboost|p1b: Sneasler|spd|1
|move|p2a: Wellington|Hyper Voice|p1b: Sneasler|[spread] p1b
|-activate|p1a: Kingambit|move: Protect
|-damage|p1b: Sneasler|0 fnt
|faint|p1b: Sneasler
|
|-heal|p2a: Wellington|45/100|[from] Grassy Terrain
|-heal|p2a: Wellington|51/100|[from] item: Leftovers
|-heal|p1a: Kingambit|96/100|[from] Grassy Terrain
|-fieldend|move: Grassy Terrain
|upkeep
|
|t:|1757240988
|switch|p1b: Rillaboom|Rillaboom, L50, M|100/100
|-fieldstart|move: Grassy Terrain|[from] ability: Grassy Surge|[of] p1b: Rillaboom
|turn|7
|
|t:|1757241016
|switch|p2b: Onichan|Dragonite, L50, F|100/100
|-terastallize|p1b: Rillaboom|Fire
|move|p2a: Wellington|Protect|p2a: Wellington
|-singleturn|p2a: Wellington|Protect
|move|p1b: Rillaboom|Wood Hammer|p2a: Wellington
|-activate|p2a: Wellington|move: Protect
|move|p1a: Kingambit|Kowtow Cleave|p2b: Onichan
|-damage|p2b: Onichan|0 fnt
|faint|p2b: Onichan
|
|-heal|p2a: Wellington|58/100|[from] Grassy Terrain
|-heal|p2a: Wellington|64/100|[from] item: Leftovers
|-heal|p1a: Kingambit|100/100|[from] Grassy Terrain
|upkeep
|
|t:|1757241022
|switch|p2b: Toño|Incineroar, L50, F|100/100
|-ability|p2b: Toño|Intimidate|boost
|-unboost|p1a: Kingambit|atk|1
|-ability|p1a: Kingambit|Defiant|boost
|-boost|p1a: Kingambit|atk|2
|-unboost|p1b: Rillaboom|atk|1
|turn|8
|
|t:|1757241028
|switch|p1b: Dragonite|Dragonite, L50, F|100/100
|move|p1a: Kingambit|Protect|p1a: Kingambit
|-singleturn|p1a: Kingambit|Protect
|move|p2b: Toño|Fake Out|p1a: Kingambit
|-activate|p1a: Kingambit|move: Protect
|move|p2a: Wellington|Earth Power|p1b: Dragonite
|-immune|p1b: Dragonite
|
|-heal|p2a: Wellington|70/100|[from] Grassy Terrain
|-heal|p2a: Wellington|76/100|[from] item: Leftovers
|upkeep
|turn|9
|
|t:|1757241044
|move|p2a: Wellington|Protect|p2a: Wellington
|-singleturn|p2a: Wellington|Protect
|move|p1a: Kingambit|Sucker Punch||[still]
|-fail|p1a: Kingambit
|move|p1b: Dragonite|Scale Shot|p2b: Toño
|-damage|p2b: Toño|88/100
|-damage|p2b: Toño|76/100
|-damage|p2b: Toño|62/100
|-damage|p2b: Toño|48/100
|-damage|p2b: Toño|34/100
|-hitcount|p2b: Toño|5
|-unboost|p1b: Dragonite|def|1
|-boost|p1b: Dragonite|spe|1
|move|p2b: Toño|Flare Blitz|p1a: Kingambit
|-supereffective|p1a: Kingambit
|-damage|p1a: Kingambit|47/100
|-damage|p2b: Toño|16/100|[from] Recoil
|
|-heal|p2b: Toño|22/100|[from] Grassy Terrain
|-heal|p2a: Wellington|83/100|[from] Grassy Terrain
|-heal|p2a: Wellington|89/100|[from] item: Leftovers
|-heal|p1a: Kingambit|53/100|[from] Grassy Terrain
|upkeep
|turn|10
|
|t:|1757241069
|move|p1b: Dragonite|Extreme Speed|p2b: Toño
|-damage|p2b: Toño|0 fnt
|faint|p2b: Toño
|move|p1a: Kingambit|Sucker Punch|p2a: Wellington
|-damage|p2a: Wellington|0 fnt
|faint|p2a: Wellington
|
|win|loveforvgctest
||loveforvgctest is ready for game 3.
||DrXJ13 is ready for game 3.
|uhtml|next|Next: Game 3 of 3
