|j|☆LookBackInBanger
|j|☆jimbojonez
|html|LookBackInBangerjimbojonez    
|uhtml|bestof|Game 1 of a best-of-3
|t:|1756319536
|gametype|doubles
|player|p1|LookBackInBanger|mina|1087
|player|p2|jimbojonez|266|1000
|gen|9
|tier|[Gen 9] VGC 2025 Reg H (Bo3)
|rated|
|rule|Species Clause: Limit one of each Pokémon
|rule|Item Clause: Limit 1 of each item
|clearpoke
|poke|p1|Dragonite, L50, M|
|poke|p1|Electabuzz, L50, M|
|poke|p1|Indeedee, L50, M|
|poke|p1|Sneasler, L50, F|
|poke|p1|Talonflame, L50, F|
|poke|p1|Ursaluna-Bloodmoon, L50, M|
|poke|p2|Abomasnow, L50, M|
|poke|p2|Cetitan, L50, M|
|poke|p2|Indeedee-F, L50, F|
|poke|p2|Armarouge, L50, F|
|poke|p2|Hydreigon, L50, F|
|poke|p2|Annihilape, L50, M|
|teampreview|4
|showteam|p1|Dragonite||LoadedDice|Multiscale|ScaleShot,StompingTantrum,Haze,Protect|||M|||50|,,,,,Fairy]Electabuzz||Eviolite|VitalSpirit|Electroweb,FollowMe,Taunt,Protect|||M|||50|,,,,,Dragon]Indeedee||FocusSash|PsychicSurge|ExpandingForce,HelpingHand,TrickRoom,Imprison|||M|||50|,,,,,Psychic]Sneasler||PsychicSeed|Unburden|DireClaw,CloseCombat,ThroatChop,Protect|||F|||50|,,,,,Stellar]Talonflame||CovertCloak|GaleWings|FlareBlitz,DualWingbeat,WillOWisp,Tailwind|||F|||50|,,,,,Stellar]Ursaluna-Bloodmoon||LifeOrb|MindsEye|BloodMoon,HyperVoice,EarthPower,Protect|||M|||50|,,,,,Normal
|showteam|p2|Abomasnow||FocusSash|SnowWarning|Blizzard,EnergyBall,AuroraVeil,Protect|||M|||50|,,,,,Water]Cetitan||AssaultVest|SlushRush|IcicleCrash,Liquidation,Superpower,HeavySlam|||M|||50|,,,,,Water]Indeedee-F||PsychicSeed|PsychicSurge|DazzlingGleam,FollowMe,HelpingHand,Protect|||F|||50|,,,,,Fairy]Armarouge||SafetyGoggles|FlashFire|TrickRoom,WideGuard,ArmorCannon,ExpandingForce|||F|||50|,,,,,Dark]Hydreigon||LifeOrb|Levitate|DracoMeteor,DarkPulse,TeraBlast,Tailwind|||F|||50|,,,,,Poison]Annihilape||LumBerry|Defiant|DrainPunch,RageFist,BulkUp,Protect|||M|||50|,,,,,Water
|
|t:|1756319580
|teamsize|p1|4
|teamsize|p2|4
|start
|switch|p1a: Talonflame|Talonflame, L50, F, shiny|100/100
|switch|p1b: Sneasler|Sneasler, L50, F|100/100
|switch|p2a: Abomasnow|Abomasnow, L50, M|100/100
|switch|p2b: Cetitan|Cetitan, L50, M|100/100
|-weather|Snowscape|[from] ability: Snow Warning|[of] p2a: Abomasnow
|turn|1
|
|t:|1756319616
|move|p2b: Cetitan|Liquidation|p1a: Talonflame
|-supereffective|p1a: Talonflame
|-damage|p1a: Talonflame|14/100
|move|p1a: Talonflame|Flare Blitz|p2a: Abomasnow
|-supereffective|p2a: Abomasnow
|-enditem|p2a: Abomasnow|Focus Sash
|-damage|p2a: Abomasnow|1/100
|-damage|p1a: Talonflame|0 fnt|[from] Recoil
|faint|p1a: Talonflame
|move|p1b: Sneasler|Close Combat|p2b: Cetitan
|-supereffective|p2b: Cetitan
|-damage|p2b: Cetitan|20/100
|-unboost|p1b: Sneasler|def|1
|-unboost|p1b: Sneasler|spd|1
|move|p2a: Abomasnow|Aurora Veil|p2a: Abomasnow
|-sidestart|p2: jimbojonez|move: Aurora Veil
|
|-weather|Snowscape|[upkeep]
|upkeep
|
|t:|1756319635
|switch|p1a: Indeedee|Indeedee, L50, M|100/100
|-fieldstart|move: Psychic Terrain|[from] ability: Psychic Surge|[of] p1a: Indeedee
|-enditem|p1b: Sneasler|Psychic Seed
|-boost|p1b: Sneasler|spd|1|[from] item: Psychic Seed
|turn|2
|
|t:|1756319656
|move|p2a: Abomasnow|Protect|p2a: Abomasnow
|-singleturn|p2a: Abomasnow|Protect
|move|p1b: Sneasler|Dire Claw|p2b: Cetitan
|-damage|p2b: Cetitan|0 fnt
|faint|p2b: Cetitan
|move|p1a: Indeedee|Expanding Force|p2a: Abomasnow
|-activate|p2a: Abomasnow|move: Protect
|
|-weather|Snowscape|[upkeep]
|upkeep
|
|t:|1756319666
|switch|p2b: Armarouge|Armarouge, L50, F|100/100
|turn|3
|
|t:|1756319704
|move|p2a: Abomasnow|Protect||[still]
|-fail|p2a: Abomasnow
|move|p1b: Sneasler|Dire Claw|p2b: Armarouge
|-damage|p2b: Armarouge|73/100
|-status|p2b: Armarouge|slp
|move|p1a: Indeedee|Imprison|p1a: Indeedee
|-start|p1a: Indeedee|move: Imprison
|cant|p2b: Armarouge|slp
|
|-weather|Snowscape|[upkeep]
|upkeep
|turn|4
|
|t:|1756319744
|move|p1b: Sneasler|Throat Chop|p2b: Armarouge
|-supereffective|p2b: Armarouge
|-damage|p2b: Armarouge|38/100 slp
|-start|p2b: Armarouge|Throat Chop|[silent]
|move|p1a: Indeedee|Expanding Force|p2a: Abomasnow|[spread] p2a,p2b
|-resisted|p2b: Armarouge
|-damage|p2a: Abomasnow|0 fnt
|-damage|p2b: Armarouge|18/100 slp
|faint|p2a: Abomasnow
|-curestatus|p2b: Armarouge|slp|[msg]
|move|p2b: Armarouge|Armor Cannon|p1a: Indeedee
|-damage|p1a: Indeedee|1/100
|-unboost|p2b: Armarouge|def|1
|-unboost|p2b: Armarouge|spd|1
|
|-weather|Snowscape|[upkeep]
|upkeep
|
|t:|1756319757
|switch|p2a: Indeedee|Indeedee-F, L50, F|100/100
|-enditem|p2a: Indeedee|Psychic Seed
|-boost|p2a: Indeedee|spd|1|[from] item: Psychic Seed
|turn|5
|
|t:|1756319784
|-terastallize|p2a: Indeedee|Fairy
|move|p2b: Armarouge|Wide Guard|p2b: Armarouge
|-singleturn|p2b: Armarouge|Wide Guard
|move|p1b: Sneasler|Throat Chop|p2a: Indeedee
|-resisted|p2a: Indeedee
|-damage|p2a: Indeedee|91/100
|-start|p2a: Indeedee|Throat Chop|[silent]
|move|p1a: Indeedee|Expanding Force|p2b: Armarouge|[spread] 
|-activate|p2a: Indeedee|move: Wide Guard
|-activate|p2b: Armarouge|move: Wide Guard
|move|p2a: Indeedee|Dazzling Gleam|p1a: Indeedee|[spread] p1a,p1b
|-crit|p1b: Sneasler
|-damage|p1a: Indeedee|0 fnt
|-damage|p1b: Sneasler|61/100
|faint|p1a: Indeedee
|
|-weather|none
|-end|p2b: Armarouge|Throat Chop|[silent]
|-sideend|p2: jimbojonez|move: Aurora Veil
|upkeep
|
|t:|1756319799
|switch|p1a: Ursaluna|Ursaluna-Bloodmoon, L50, M|100/100
|turn|6
|
|t:|1756319828
|-terastallize|p1b: Sneasler|Stellar
|move|p2a: Indeedee|Helping Hand|p2b: Armarouge
|-singleturn|p2b: Armarouge|Helping Hand|[of] p2a: Indeedee
|move|p1b: Sneasler|Dire Claw|p2a: Indeedee
|-supereffective|p2a: Indeedee
|-damage|p2a: Indeedee|0 fnt
|faint|p2a: Indeedee
|move|p1a: Ursaluna|Blood Moon|p2b: Armarouge
|-damage|p2b: Armarouge|0 fnt
|faint|p2b: Armarouge
|-damage|p1a: Ursaluna|91/100|[from] item: Life Orb
|
|win|LookBackInBanger
|inactive|LookBackInBanger has 30 seconds to confirm battle start!
|inactive|jimbojonez has 30 seconds to confirm battle start!
||LookBackInBanger is ready for game 2.
|l|☆jimbojonez
|player|p2|
||jimbojonez is ready for game 2.
|uhtml|next|Next: Game 2 of 3
