|j|☆Champ B
|j|☆mysteriousmothman
|html|Champ Bmysteriousmothman    
|uhtml|bestof|Game 1 of a best-of-3
|t:|1757911988
|gametype|doubles
|player|p1|Champ B|101|1242
|player|p2|mysteriousmothman|skier|1246
|gen|9
|tier|[Gen 9] VGC 2025 Reg H (Bo3)
|rated|
|rule|Species Clause: Limit one of each Pokémon
|rule|Item Clause: Limit 1 of each item
|clearpoke
|poke|p1|Annihilape, L50, M|
|poke|p1|Maushold-Four, L50|
|poke|p1|Volcarona, L50, M|
|poke|p1|Rillaboom, L50, F|
|poke|p1|Kingambit, L50, M|
|poke|p1|Comfey, L50, M|
|poke|p2|Annihilape, L50, F|
|poke|p2|Basculegion, L50, M|
|poke|p2|Rillaboom, L50, F|
|poke|p2|Pelipper, L50, F|
|poke|p2|Maushold, L50|
|poke|p2|Archaludon, L50, M|
|teampreview|4
|showteam|p1|Annihilape||SafetyGoggles|Defiant|Protect,BulkUp,RageFist,DrainPunch|||M|||50|,,,,,Fire]Maushold-Four||FocusSash|FriendGuard|Protect,FollowMe,BeatUp,SuperFang||||||50|,,,,,Ghost]Volcarona||Leftovers|FlameBody|Protect,QuiverDance,TeraBlast,Flamethrower|||M|||50|,,,,,Fairy]Rillaboom||AssaultVest|GrassySurge|FakeOut,WoodHammer,GrassyGlide,HighHorsepower|||F|||50|,,,,,Water]Kingambit||BlackGlasses|Defiant|Protect,SwordsDance,KowtowCleave,SuckerPunch|||M|||50|,,,,,Dark]Comfey||CovertCloak|Triage|Protect,FloralHealing,Taunt,DrainingKiss|||M|||50|,,,,,Steel
|showteam|p2|Annihilape||Leftovers|Defiant|RageFist,DrainPunch,BulkUp,Protect|||F|||50|,,,,,Water]Basculegion||ChoiceBand|SwiftSwim|FlipTurn,AquaJet,WaveCrash,LastRespects|||M|||50|,,,,,Water]Rillaboom||MiracleSeed|GrassySurge|FakeOut,GrassyGlide,WoodHammer,Protect|||F|||50|,,,,,Fire]Pelipper||FocusSash|Drizzle|WeatherBall,Hurricane,Tailwind,Protect|||F|||50|,,,,,Ghost]Maushold||SafetyGoggles|FriendGuard|BeatUp,FollowMe,Taunt,Protect||||||50|,,,,,Ghost]Archaludon||AssaultVest|Stamina|ElectroShot,FlashCannon,BodyPress,DracoMeteor|||M|||50|,,,,,Grass
|inactive|Battle timer is ON: inactive players will automatically lose when time's up. (requested by Champ B)
|inactive|mysteriousmothman has 60 seconds left.
|inactive|mysteriousmothman has 30 seconds left.
|inactive|mysteriousmothman has 20 seconds left.
|inactive|mysteriousmothman has 15 seconds left.
|inactive|mysteriousmothman has 10 seconds left.
|
|t:|1757912071
|teamsize|p1|4
|teamsize|p2|4
|start
|switch|p1a: Annihilape|Annihilape, L50, M|100/100
|switch|p1b: Maushold|Maushold-Four, L50|100/100
|switch|p2a: Basculegion|Basculegion, L50, M, shiny|100/100
|switch|p2b: Archaludon|Archaludon, L50, M, shiny|100/100
|turn|1
|
|t:|1757912093
|move|p1b: Maushold|Protect|p1b: Maushold
|-singleturn|p1b: Maushold|Protect
|move|p2a: Basculegion|Flip Turn|p1b: Maushold
|-activate|p1b: Maushold|move: Protect
|move|p1a: Annihilape|Bulk Up|p1a: Annihilape
|-boost|p1a: Annihilape|atk|1
|-boost|p1a: Annihilape|def|1
|move|p2b: Archaludon|Electro Shot||[still]
|-prepare|p2b: Archaludon|Electro Shot
|-boost|p2b: Archaludon|spa|1
|
|upkeep
|turn|2
|inactive|Champ B has 30 seconds left.
|inactive|Champ B has 20 seconds left.
|
|t:|1757912133
|move|p1b: Maushold|Follow Me|p1b: Maushold
|-singleturn|p1b: Maushold|move: Follow Me
|move|p2a: Basculegion|Flip Turn|p1b: Maushold
|-damage|p1b: Maushold|34/100
|inactive|mysteriousmothman has 30 seconds left.
|
|t:|1757912159
|switch|p2a: Pelipper|Pelipper, L50, F, shiny|100/100|[from] Flip Turn
|-weather|RainDance|[from] ability: Drizzle|[of] p2a: Pelipper
|move|p1a: Annihilape|Rage Fist|p2a: Pelipper
|-damage|p2a: Pelipper|54/100
|move|p2b: Archaludon|Electro Shot|p1b: Maushold|[from] lockedmove
|-damage|p1b: Maushold|0 fnt
|faint|p1b: Maushold
|
|-weather|RainDance|[upkeep]
|upkeep
|
|t:|1757912173
|switch|p1b: Rillaboom|Rillaboom, L50, F|100/100
|-fieldstart|move: Grassy Terrain|[from] ability: Grassy Surge|[of] p1b: Rillaboom
|turn|3
|inactive|mysteriousmothman has 30 seconds left.
|inactive|mysteriousmothman has 20 seconds left.
|
|t:|1757912213
|switch|p2a: Maushold|Maushold, L50, shiny|100/100
|move|p1b: Rillaboom|Fake Out|p2a: Maushold
|-damage|p2a: Maushold|83/100
|move|p1a: Annihilape|Bulk Up|p1a: Annihilape
|-boost|p1a: Annihilape|atk|1
|-boost|p1a: Annihilape|def|1
|move|p2b: Archaludon|Electro Shot||[still]
|-prepare|p2b: Archaludon|Electro Shot
|-boost|p2b: Archaludon|spa|1
|-anim|p2b: Archaludon|Electro Shot|p1a: Annihilape
|-damage|p1a: Annihilape|32/100
|
|-weather|RainDance|[upkeep]
|-heal|p2a: Maushold|89/100|[from] Grassy Terrain
|-heal|p1a: Annihilape|38/100|[from] Grassy Terrain
|upkeep
|turn|4
|inactive|mysteriousmothman has 30 seconds left.
|
|t:|1757912240
|-terastallize|p2b: Archaludon|Grass
|move|p1a: Annihilape|Protect|p1a: Annihilape
|-singleturn|p1a: Annihilape|Protect
|move|p2a: Maushold|Beat Up|p2b: Archaludon
|-damage|p2b: Archaludon|99/100
|-ability|p2b: Archaludon|Stamina|boost
|-boost|p2b: Archaludon|def|1
|-damage|p2b: Archaludon|98/100
|-ability|p2b: Archaludon|Stamina|boost
|-boost|p2b: Archaludon|def|1
|-damage|p2b: Archaludon|97/100
|-ability|p2b: Archaludon|Stamina|boost
|-boost|p2b: Archaludon|def|1
|-damage|p2b: Archaludon|97/100
|-ability|p2b: Archaludon|Stamina|boost
|-boost|p2b: Archaludon|def|1
|-hitcount|p2b: Archaludon|4
|move|p2b: Archaludon|Electro Shot||[still]
|-prepare|p2b: Archaludon|Electro Shot
|-boost|p2b: Archaludon|spa|1
|-anim|p2b: Archaludon|Electro Shot|p1a: Annihilape
|-activate|p1a: Annihilape|move: Protect
|move|p1b: Rillaboom|Wood Hammer|p2a: Maushold
|-damage|p2a: Maushold|0 fnt
|faint|p2a: Maushold
|-damage|p1b: Rillaboom|73/100|[from] Recoil
|
|-weather|RainDance|[upkeep]
|-heal|p1a: Annihilape|44/100|[from] Grassy Terrain
|-heal|p2b: Archaludon|100/100|[from] Grassy Terrain
|-heal|p1b: Rillaboom|79/100|[from] Grassy Terrain
|upkeep
|inactive|mysteriousmothman has 30 seconds left.
|
|t:|1757912268
|switch|p2a: Basculegion|Basculegion, L50, M, shiny|100/100
|turn|5
|
|t:|1757912288
|move|p1b: Rillaboom|Grassy Glide|p2a: Basculegion
|-supereffective|p2a: Basculegion
|-damage|p2a: Basculegion|3/100
|move|p2a: Basculegion|Wave Crash|p1a: Annihilape
|-damage|p1a: Annihilape|0 fnt
|faint|p1a: Annihilape
|-damage|p2a: Basculegion|0 fnt|[from] Recoil
|faint|p2a: Basculegion
|move|p2b: Archaludon|Draco Meteor|p1b: Rillaboom
|-damage|p1b: Rillaboom|0 fnt
|-unboost|p2b: Archaludon|spa|2
|faint|p1b: Rillaboom
|
|-weather|RainDance|[upkeep]
|upkeep
|-message|Champ B forfeited.
|
|win|mysteriousmothman
||Champ B is ready for game 2.
||mysteriousmothman is ready for game 2.
|uhtml|next|Next: Game 2 of 3
