|badge|p2|bronze|gen9ou|100-6
|uhtml|medal-msg|Curious what those medals under the avatar are? PS now has Ladder Seasons! For more information, check out the thread on Smogon.
|j|☆SirNeru
|j|☆JackRG1
|html|SirNeruJackRG1    
|uhtml|bestof|Game 2 of a best-of-3
|t:|1757188120
|gametype|doubles
|player|p1|SirNeru|2|1132
|player|p2|JackRG1|dawn-gen4pt|1227
|gen|9
|tier|[Gen 9] VGC 2025 Reg H (Bo3)
|rated|
|rule|Species Clause: Limit one of each Pokémon
|rule|Item Clause: Limit 1 of each item
|clearpoke
|poke|p1|Gholdengo, L50|
|poke|p1|Primarina, L50, F|
|poke|p1|Tyranitar, L50, M|
|poke|p1|Electabuzz, L50, M|
|poke|p1|Excadrill, L50, F|
|poke|p1|Dragonite, L50, F|
|poke|p2|Excadrill, L50, M|
|poke|p2|Tyranitar, L50, F|
|poke|p2|Gholdengo, L50|
|poke|p2|Dragapult, L50, F|
|poke|p2|Talonflame, L50, F|
|poke|p2|Farigiraf, L50, F|
|teampreview|4
|showteam|p1|Gholdengo||LifeOrb|GoodasGold|MakeItRain,NastyPlot,Protect,ShadowBall||||||50|,,,,,Dragon]Primarina||ThroatSpray|LiquidVoice|Moonblast,HyperVoice,Protect,IceBeam|||F|||50|,,,,,Poison]Tyranitar||AssaultVest|SandStream|RockSlide,IcyWind,KnockOff,TeraBlast|||M|||50|,,,,,Flying]Electabuzz||Eviolite|VitalSpirit|FollowMe,Electroweb,Taunt,Protect|||M|||50|,,,,,Ghost]Excadrill||FocusSash|SandRush|Earthquake,SwordsDance,RockSlide,Protect|||F|||50|,,,,,Stellar]Dragonite||LoadedDice|Multiscale|ScaleShot,Tailwind,Haze,IceSpinner|||F|||50|,,,,,Fairy
|showteam|p2|Excadrill||FocusSash|SandRush|IronHead,Protect,Earthquake,HighHorsepower|||M|||50|,,,,,Ground]Tyranitar||ClearAmulet|SandStream|RockSlide,Snarl,Protect,LowKick|||F|||50|,,,,,Ghost]Gholdengo||MetalCoat|GoodasGold|MakeItRain,ShadowBall,NastyPlot,Protect||||||50|,,,,,Flying]Dragapult||ChoiceBand|ClearBody|PhantomForce,DragonDarts,BreakingSwipe,Uturn|||F|||50|,,,,,Dragon]Talonflame||CovertCloak|GaleWings|Tailwind,Taunt,WillOWisp,BraveBird|||F|||50|,,,,,Ghost]Farigiraf||MentalHerb|ArmorTail|TrickRoom,Imprison,Protect,Psychic|||F|||50|,,,,,Fairy
|inactive|Battle timer is ON: inactive players will automatically lose when time's up. (requested by JackRG1)
|
|t:|1757188145
|teamsize|p1|4
|teamsize|p2|4
|start
|switch|p1a: Dragonite|Dragonite, L50, F|100/100
|switch|p1b: Primarina|Primarina, L50, F, shiny|100/100
|switch|p2a: Gholdengo|Gholdengo, L50|100/100
|switch|p2b: Talonflame|Talonflame, L50, F|100/100
|turn|1
|
|t:|1757188160
|move|p2b: Talonflame|Tailwind|p2b: Talonflame
|-sidestart|p2: JackRG1|move: Tailwind
|move|p2a: Gholdengo|Nasty Plot|p2a: Gholdengo
|-boost|p2a: Gholdengo|spa|2
|move|p1a: Dragonite|Scale Shot|p2a: Gholdengo
|-resisted|p2a: Gholdengo
|-damage|p2a: Gholdengo|94/100
|-resisted|p2a: Gholdengo
|-crit|p2a: Gholdengo
|-damage|p2a: Gholdengo|82/100
|-resisted|p2a: Gholdengo
|-damage|p2a: Gholdengo|75/100
|-resisted|p2a: Gholdengo
|-damage|p2a: Gholdengo|68/100
|-resisted|p2a: Gholdengo
|-damage|p2a: Gholdengo|61/100
|-hitcount|p2a: Gholdengo|5
|-unboost|p1a: Dragonite|def|1
|-boost|p1a: Dragonite|spe|1
|move|p1b: Primarina|Hyper Voice|p2a: Gholdengo|[spread] p2a,p2b
|-supereffective|p2b: Talonflame
|-damage|p2a: Gholdengo|24/100
|-damage|p2b: Talonflame|0 fnt
|faint|p2b: Talonflame
|-enditem|p1b: Primarina|Throat Spray
|-boost|p1b: Primarina|spa|1|[from] item: Throat Spray
|
|upkeep
|
|t:|1757188168
|switch|p2b: Excadrill|Excadrill, L50, M|100/100
|turn|2
|
|t:|1757188179
|move|p1b: Primarina|Protect|p1b: Primarina
|-singleturn|p1b: Primarina|Protect
|move|p2a: Gholdengo|Make It Rain|p1a: Dragonite|[spread] p1a
|-activate|p1b: Primarina|move: Protect
|-crit|p1a: Dragonite
|-damage|p1a: Dragonite|25/100
|-unboost|p2a: Gholdengo|spa|1
|move|p2b: Excadrill|Iron Head|p1a: Dragonite
|-damage|p1a: Dragonite|0 fnt
|faint|p1a: Dragonite
|
|upkeep
|
|t:|1757188186
|switch|p1a: Excadrill|Excadrill, L50, F, shiny|100/100
|turn|3
|
|t:|1757188200
|-terastallize|p2a: Gholdengo|Flying
|move|p1a: Excadrill|Protect|p1a: Excadrill
|-singleturn|p1a: Excadrill|Protect
|move|p2a: Gholdengo|Make It Rain|p1a: Excadrill|[spread] p1b
|-activate|p1a: Excadrill|move: Protect
|-damage|p1b: Primarina|32/100
|-unboost|p2a: Gholdengo|spa|1
|move|p2b: Excadrill|Earthquake|p1a: Excadrill|[spread] p1b
|-activate|p1a: Excadrill|move: Protect
|-immune|p2a: Gholdengo
|-damage|p1b: Primarina|0 fnt
|faint|p1b: Primarina
|
|upkeep
|
|t:|1757188202
|switch|p1b: Tyranitar|Tyranitar, L50, M, shiny|100/100
|-weather|Sandstorm|[from] ability: Sand Stream|[of] p1b: Tyranitar
|turn|4
|
|t:|1757188221
|-terastallize|p1b: Tyranitar|Flying
|move|p2b: Excadrill|Earthquake|p1b: Tyranitar|[spread] p1a
|-immune|p2a: Gholdengo
|-immune|p1b: Tyranitar
|-supereffective|p1a: Excadrill
|-enditem|p1a: Excadrill|Focus Sash
|-damage|p1a: Excadrill|1/100
|move|p1a: Excadrill|Rock Slide|p2b: Excadrill|[spread] p2a,p2b
|-supereffective|p2a: Gholdengo
|-resisted|p2b: Excadrill
|-damage|p2a: Gholdengo|0 fnt
|-damage|p2b: Excadrill|94/100
|faint|p2a: Gholdengo
|move|p1b: Tyranitar|Icy Wind|p2b: Excadrill
|-damage|p2b: Excadrill|80/100
|-unboost|p2b: Excadrill|spe|1
|
|-weather|Sandstorm|[upkeep]
|-damage|p1b: Tyranitar|95/100|[from] Sandstorm
|-sideend|p2: JackRG1|move: Tailwind
|upkeep
|
|t:|1757188232
|switch|p2a: Tyranitar|Tyranitar, L50, F|100/100
|turn|5
|
|t:|1757188249
|move|p2b: Excadrill|Protect|p2b: Excadrill
|-singleturn|p2b: Excadrill|Protect
|move|p1a: Excadrill|Earthquake|p2b: Excadrill|[spread] p2a
|-activate|p2b: Excadrill|move: Protect
|-immune|p1b: Tyranitar
|-supereffective|p2a: Tyranitar
|-damage|p2a: Tyranitar|31/100
|move|p2a: Tyranitar|Rock Slide|p1a: Excadrill|[spread] p1a
|-miss|p2a: Tyranitar|p1b: Tyranitar
|-resisted|p1a: Excadrill
|-damage|p1a: Excadrill|0 fnt
|faint|p1a: Excadrill
|move|p1b: Tyranitar|Knock Off|p2a: Tyranitar
|-resisted|p2a: Tyranitar
|-damage|p2a: Tyranitar|8/100
|-enditem|p2a: Tyranitar|Clear Amulet|[from] move: Knock Off|[of] p1b: Tyranitar
|
|-weather|Sandstorm|[upkeep]
|-damage|p1b: Tyranitar|89/100|[from] Sandstorm
|upkeep
|turn|6
|
|t:|1757188258
|move|p2b: Excadrill|Iron Head|p1b: Tyranitar
|-crit|p1b: Tyranitar
|-damage|p1b: Tyranitar|29/100
|move|p2a: Tyranitar|Rock Slide|p1b: Tyranitar
|-supereffective|p1b: Tyranitar
|-damage|p1b: Tyranitar|0 fnt
|faint|p1b: Tyranitar
|
|win|JackRG1
|l|☆SirNeru
|player|p1|
||JackRG1 is ready for game 3.
|inactive|SirNeru has 30 seconds to confirm battle start!
||SirNeru is ready for game 3.
|uhtml|next|Next: Game 3 of 3
|l|☆JackRG1
|player|p2|
|j|☆SirNeru
|player|p1|SirNeru|2|
