|j|☆Chizardfalife
|j|☆roacchin
|html|Chizardfaliferoacchin    
|uhtml|bestof|Game 2 of a best-of-3
|t:|1784501296
|gametype|doubles
|player|p1|Chizardfalife|marshal|
|player|p2|roacchin|cynthia-gen4|
|gen|9
|tier|[Gen 9 Champions] VGC 2026 Reg M-B (Bo3)
|rule|Species Clause: Limit one of each Pokémon
|rule|Item Clause: Limit 1 of each item
|clearpoke
|poke|p1|Dragonite, L50, F|
|poke|p1|Primarina, L50, M|
|poke|p1|Aerodactyl, L50, F|
|poke|p1|Drampa, L50, F|
|poke|p1|Snorlax, L50, F|
|poke|p1|Krookodile, L50, M|
|poke|p2|Blastoise, L50, M|
|poke|p2|Grimmsnarl, L50, M|
|poke|p2|Venusaur, L50, M|
|poke|p2|Meowstic, L50, M|
|poke|p2|Trevenant, L50, M|
|poke|p2|Kingambit, L50, F|
|teampreview|4
|showteam|p1|Dragonite||SitrusBerry|Multiscale|ThunderPunch,RockSlide,LowKick,ExtremeSpeed|Adamant||F|||50|]Primarina||Leftovers|LiquidVoice|Protect,DazzlingGleam,HyperVoice,ShadowBall|Modest||M|||50|]Aerodactyl||FocusSash|Unnerve|Tailwind,RockSlide,DualWingbeat,Protect|Jolly||F|||50|]Drampa||ShellBell|CloudNine|HydroPump,CalmMind,HeatWave,Flamethrower|Modest||F|||50|]Snorlax||ChopleBerry|ThickFat|BodySlam,RockSlide,IceBeam,BrickBreak|Impish||F|||50|]Krookodile||ChoiceScarf|Intimidate|ThunderFang,Crunch,BrickBreak,RockSlide|Jolly||M|||50|
|showteam|p2|Blastoise||ExpertBelt|Torrent|IceBeam,WaterSpout,FlashCannon,Protect|Modest||M|||50|]Grimmsnarl||MentalHerb|Prankster|FakeOut,LightScreen,Superpower,PlayRough|Adamant||M|||50|]Venusaur||Leftovers|Overgrow|EnergyBall,SleepPowder,Protect,KnockOff|Quiet||M|||50|]Meowstic||FocusSash|Prankster|FakeOut,ThunderWave,AlluringVoice,TrickRoom|Modest||M|||50|]Trevenant||SitrusBerry|Harvest|AllySwitch,HornLeech,Poltergeist,RockSlide|Adamant||M|||50|]Kingambit||ChopleBerry|Defiant|LowKick,SuckerPunch,StoneEdge,PoisonJab|Adamant||F|||50|
|
|t:|1784501337
|teamsize|p1|4
|teamsize|p2|4
|start
|switch|p1a: Snorlax|Snorlax, L50, F|100/100
|switch|p1b: Primarina|Primarina, L50, M|100/100
|switch|p2a: Blastoise|Blastoise, L50, M|100/100
|switch|p2b: Meowstic|Meowstic, L50, M|100/100
|turn|1
|
|t:|1784501371
|move|p2b: Meowstic|Fake Out|p1a: Snorlax
|-damage|p1a: Snorlax|95/100
|move|p2a: Blastoise|Water Spout|p1b: Primarina|[spread] p1a,p1b
|-resisted|p1b: Primarina|1
|-damage|p1a: Snorlax|64/100
|-damage|p1b: Primarina|80/100
|move|p1b: Primarina|Dazzling Gleam|p2b: Meowstic|[spread] p2a,p2b
|-damage|p2a: Blastoise|68/100
|-damage|p2b: Meowstic|62/100
|cant|p1a: Snorlax|flinch
|
|-heal|p1b: Primarina|86/100|[from] item: Leftovers
|upkeep
|turn|2
|
|t:|1784501414
|move|p2a: Blastoise|Protect|p2a: Blastoise
|-singleturn|p2a: Blastoise|Protect
|move|p2b: Meowstic|Thunder Wave|p1b: Primarina
|-status|p1b: Primarina|par
|move|p1a: Snorlax|Body Slam|p2a: Blastoise
|-activate|p2a: Blastoise|move: Protect
|move|p1b: Primarina|Shadow Ball|p2b: Meowstic
|-supereffective|p2b: Meowstic|1
|-damage|p2b: Meowstic|0 fnt
|faint|p2b: Meowstic
|
|-heal|p1b: Primarina|91/100 par|[from] item: Leftovers
|upkeep
|
|t:|1784501428
|switch|p2b: Grimmsnarl|Grimmsnarl, L50, M|100/100
|turn|3
|
|t:|1784501482
|move|p2b: Grimmsnarl|Fake Out|p1a: Snorlax
|-damage|p1a: Snorlax|52/100
|move|p2a: Blastoise|Water Spout|p1a: Snorlax|[spread] p1a,p1b
|-resisted|p1b: Primarina|1
|-damage|p1a: Snorlax|32/100
|-damage|p1b: Primarina|78/100 par
|cant|p1a: Snorlax|flinch
|move|p1b: Primarina|Dazzling Gleam|p2b: Grimmsnarl|[spread] p2a,p2b
|-supereffective|p2b: Grimmsnarl|1
|-damage|p2a: Blastoise|36/100
|-damage|p2b: Grimmsnarl|7/100
|
|-heal|p1b: Primarina|83/100 par|[from] item: Leftovers
|upkeep
|turn|4
|
|t:|1784501511
|move|p2a: Blastoise|Protect|p2a: Blastoise
|-singleturn|p2a: Blastoise|Protect
|move|p1b: Primarina|Protect|p1b: Primarina
|-singleturn|p1b: Primarina|Protect
|move|p2b: Grimmsnarl|Superpower|p1a: Snorlax
|-supereffective|p1a: Snorlax|1
|-enditem|p1a: Snorlax|Chople Berry|[eat]
|-enditem|p1a: Snorlax|Chople Berry|[weaken]
|-damage|p1a: Snorlax|0 fnt
|-unboost|p2b: Grimmsnarl|atk|1
|-unboost|p2b: Grimmsnarl|def|1
|faint|p1a: Snorlax
|
|-heal|p1b: Primarina|89/100 par|[from] item: Leftovers
|upkeep
|
|t:|1784501520
|switch|p1a: Aerodactyl|Aerodactyl, L50, F|100/100
|-ability|p1a: Aerodactyl|Unnerve
|turn|5
|
|t:|1784501529
|move|p2b: Grimmsnarl|Light Screen|p2b: Grimmsnarl
|-sidestart|p2: roacchin|move: Light Screen
|move|p1a: Aerodactyl|Tailwind|p1a: Aerodactyl
|-sidestart|p1: Chizardfalife|move: Tailwind
|move|p2a: Blastoise|Flash Cannon|p1a: Aerodactyl
|-supereffective|p1a: Aerodactyl|1
|-damage|p1a: Aerodactyl|23/100
|move|p1b: Primarina|Dazzling Gleam|p2b: Grimmsnarl|[spread] p2a,p2b
|-supereffective|p2b: Grimmsnarl|1
|-damage|p2a: Blastoise|16/100
|-damage|p2b: Grimmsnarl|0 fnt
|faint|p2b: Grimmsnarl
|
|-heal|p1b: Primarina|95/100 par|[from] item: Leftovers
|upkeep
|
|t:|1784501534
|switch|p2b: Trevenant|Trevenant, L50, M|100/100
|turn|6
|
|t:|1784501552
|move|p2a: Blastoise|Protect|p2a: Blastoise
|-singleturn|p2a: Blastoise|Protect
|move|p2b: Trevenant|Ally Switch|p2b: Trevenant
|swap|p2b: Trevenant|0|[from] move: Ally Switch
|move|p1a: Aerodactyl|Dual Wingbeat|p2b: Blastoise
|-activate|p2b: Blastoise|move: Protect
|move|p1b: Primarina|Dazzling Gleam|p2b: Blastoise|[spread] p2a
|-activate|p2b: Blastoise|move: Protect
|-damage|p2a: Trevenant|74/100
|
|-heal|p1b: Primarina|100/100 par|[from] item: Leftovers
|upkeep
|turn|7
|
|t:|1784501586
|move|p1a: Aerodactyl|Dual Wingbeat|p2a: Trevenant
|-supereffective|p2a: Trevenant|1
|-damage|p2a: Trevenant|35/100
|-supereffective|p2a: Trevenant|1
|-damage|p2a: Trevenant|0 fnt
|faint|p2a: Trevenant
|-hitcount|p2: Trevenant|2
|move|p2b: Blastoise|Water Spout|p1b: Primarina|[spread] p1a,p1b
|-supereffective|p1a: Aerodactyl|1
|-resisted|p1b: Primarina|1
|-damage|p1a: Aerodactyl|0 fnt
|-damage|p1b: Primarina|94/100 par
|faint|p1a: Aerodactyl
|move|p1b: Primarina|Dazzling Gleam|p2b: Blastoise
|-damage|p2b: Blastoise|0 fnt
|faint|p2b: Blastoise
|
|win|Chizardfalife
|c|☆Chizardfalife|gg
