|j|☆RedGenji195
|j|☆scottedstone
|html|RedGenji195scottedstone    
|uhtml|bestof|Game 3 of a best-of-3
|t:|1756271541
|gametype|doubles
|player|p1|RedGenji195|265|1051
|player|p2|scottedstone|266|1127
|gen|9
|tier|[Gen 9] VGC 2025 Reg H (Bo3)
|rated|
|rule|Species Clause: Limit one of each Pokémon
|rule|Item Clause: Limit 1 of each item
|clearpoke
|poke|p1|Dragonite, L50, F|
|poke|p1|Sneasler, L50, F|
|poke|p1|Ursaluna-Bloodmoon, L50, M|
|poke|p1|Gholdengo, L50|
|poke|p1|Incineroar, L50, M|
|poke|p1|Ninetales-Alola, L50, M|
|poke|p2|Pelipper, L50, M|
|poke|p2|Basculegion, L50, M|
|poke|p2|Archaludon, L50, F|
|poke|p2|Amoonguss, L50, F|
|poke|p2|Gholdengo, L50|
|poke|p2|Incineroar, L50, F|
|teampreview|4
|showteam|p1|Dragonite||LoadedDice|Multiscale|ScaleShot,Tailwind,Haze,Protect|||F|||50|,,,,,Fairy]Sneasler||FocusSash|Unburden|DireClaw,ThroatChop,CloseCombat,Protect|||F|||50|,,,,,Stellar]Ursaluna-Bloodmoon||LifeOrb|MindsEye|BloodMoon,HyperVoice,EarthPower,Protect|||M|||50|,,,,,Ghost]Gholdengo||MetalCoat|GoodasGold|MakeItRain,ShadowBall,NastyPlot,Protect||||||50|,,,,,Dragon]Incineroar||SafetyGoggles|Intimidate|KnockOff,PartingShot,FlareBlitz,FakeOut|||M|||50|,,,,,Ghost]Ninetales-Alola||CovertCloak|SnowWarning|Blizzard,AuroraVeil,Encore,IcyWind|||M|||50|,,,,,Water
|showteam|p2|Pelipper||FocusSash|Drizzle|WeatherBall,Hurricane,Tailwind,Protect|||M|||50|,,,,,Stellar]Basculegion||LifeOrb|SwiftSwim|WaveCrash,LastRespects,AquaJet,Protect|||M|||50|,,,,,Water]Archaludon||AssaultVest|Stamina|DracoMeteor,ElectroShot,FlashCannon,BodyPress|||F|||50|,,,,,Grass]Amoonguss||SitrusBerry|Regenerator|PollenPuff,RagePowder,Spore,Protect|||F|||50|,,,,,Psychic]Gholdengo||Leftovers|GoodasGold|NastyPlot,MakeItRain,ShadowBall,Protect||||||50|,,,,,Dragon]Incineroar||SafetyGoggles|Intimidate|KnockOff,FakeOut,PartingShot,Taunt|||F|||50|,,,,,Water
|inactive|Battle timer is ON: inactive players will automatically lose when time's up. (requested by scottedstone)
|inactive|RedGenji195 has 60 seconds left.
|inactive|scottedstone has 60 seconds left.
|
|t:|1756271576
|teamsize|p1|4
|teamsize|p2|4
|start
|switch|p1a: Dragonite|Dragonite, L50, F|100/100
|switch|p1b: Gholdengo|Gholdengo, L50|100/100
|switch|p2a: Basculegion|Basculegion, L50, M|100/100
|switch|p2b: Incineroar|Incineroar, L50, F|100/100
|-ability|p2b: Incineroar|Intimidate|boost
|-unboost|p1a: Dragonite|atk|1
|-unboost|p1b: Gholdengo|atk|1
|turn|1
|inactive|scottedstone has 30 seconds left.
|
|t:|1756271603
|move|p1b: Gholdengo|Protect|p1b: Gholdengo
|-singleturn|p1b: Gholdengo|Protect
|move|p1a: Dragonite|Protect|p1a: Dragonite
|-singleturn|p1a: Dragonite|Protect
|move|p2a: Basculegion|Protect|p2a: Basculegion
|-singleturn|p2a: Basculegion|Protect
|move|p2b: Incineroar|Fake Out|p1a: Dragonite
|-activate|p1a: Dragonite|move: Protect
|
|upkeep
|turn|2
|
|t:|1756271627
|switch|p2a: Archaludon|Archaludon, L50, F|100/100
|-terastallize|p1b: Gholdengo|Dragon
|move|p1b: Gholdengo|Shadow Ball|p2a: Archaludon
|-damage|p2a: Archaludon|74/100
|-ability|p2a: Archaludon|Stamina|boost
|-boost|p2a: Archaludon|def|1
|move|p1a: Dragonite|Scale Shot|p2a: Archaludon|[miss]
|-miss|p1a: Dragonite|p2a: Archaludon
|move|p2b: Incineroar|Knock Off|p1b: Gholdengo
|-damage|p1b: Gholdengo|66/100
|-enditem|p1b: Gholdengo|Metal Coat|[from] move: Knock Off|[of] p2b: Incineroar
|
|upkeep
|turn|3
|inactive|RedGenji195 has 30 seconds left.
|inactive|scottedstone has 30 seconds left.
|inactive|RedGenji195 has 20 seconds left.
|inactive|scottedstone has 20 seconds left.
|inactive|scottedstone has 15 seconds left.
|
|t:|1756271671
|switch|p1b: Ursaluna|Ursaluna-Bloodmoon, L50, M|100/100
|move|p1a: Dragonite|Tailwind|p1a: Dragonite
|-sidestart|p1: RedGenji195|move: Tailwind
|move|p2a: Archaludon|Draco Meteor|p1b: Ursaluna
|-damage|p1b: Ursaluna|14/100
|-unboost|p2a: Archaludon|spa|2
|move|p2b: Incineroar|Parting Shot|p1a: Dragonite
|-unboost|p1a: Dragonite|atk|1
|-unboost|p1a: Dragonite|spa|1
|
|t:|1756271683
|switch|p2b: Basculegion|Basculegion, L50, M|100/100|[from] Parting Shot
|
|upkeep
|turn|4
|inactive|RedGenji195 has 30 seconds left.
|inactive|scottedstone has 30 seconds left.
|
|t:|1756271712
|switch|p1a: Gholdengo|Gholdengo, L50, tera:Dragon|66/100
|switch|p2a: Incineroar|Incineroar, L50, F|100/100
|-ability|p2a: Incineroar|Intimidate|boost
|-unboost|p1a: Gholdengo|atk|1
|-unboost|p1b: Ursaluna|atk|1
|move|p1b: Ursaluna|Protect|p1b: Ursaluna
|-singleturn|p1b: Ursaluna|Protect
|move|p2b: Basculegion|Protect||[still]
|-fail|p2b: Basculegion
|
|upkeep
|turn|5
|
|t:|1756271734
|switch|p1b: Incineroar|Incineroar, L50, M|100/100
|-ability|p1b: Incineroar|Intimidate|boost
|-unboost|p2a: Incineroar|atk|1
|-unboost|p2b: Basculegion|atk|1
|move|p2a: Incineroar|Fake Out|p1a: Gholdengo
|-damage|p1a: Gholdengo|59/100
|move|p2b: Basculegion|Aqua Jet|p1b: Incineroar
|-supereffective|p1b: Incineroar
|-damage|p1b: Incineroar|64/100
|-damage|p2b: Basculegion|91/100|[from] item: Life Orb
|cant|p1a: Gholdengo|flinch
|
|upkeep
|turn|6
|inactive|scottedstone has 30 seconds left.
|inactive|scottedstone has 20 seconds left.
|inactive|scottedstone has 15 seconds left.
|inactive|scottedstone has 10 seconds left.
|
|t:|1756271781
|switch|p2a: Pelipper|Pelipper, L50, M|100/100
|-weather|RainDance|[from] ability: Drizzle|[of] p2a: Pelipper
|-terastallize|p2b: Basculegion|Water
|move|p1b: Incineroar|Fake Out|p2b: Basculegion
|-damage|p2b: Basculegion|77/100
|move|p1a: Gholdengo|Shadow Ball|p2b: Basculegion
|-damage|p2b: Basculegion|33/100
|cant|p2b: Basculegion|flinch
|
|-weather|RainDance|[upkeep]
|-sideend|p1: RedGenji195|move: Tailwind
|upkeep
|turn|7
|inactive|RedGenji195 has 30 seconds left.
|inactive|scottedstone has 30 seconds left.
|
|t:|1756271808
|switch|p1b: Dragonite|Dragonite, L50, F|100/100
|move|p2b: Basculegion|Wave Crash|p1b: Dragonite
|-resisted|p1b: Dragonite
|-damage|p1b: Dragonite|72/100
|-damage|p2b: Basculegion|25/100|[from] Recoil
|-damage|p2b: Basculegion|15/100|[from] item: Life Orb
|move|p1a: Gholdengo|Make It Rain|p2b: Basculegion|[spread] p2a,p2b
|-resisted|p2a: Pelipper
|-resisted|p2b: Basculegion
|-damage|p2a: Pelipper|63/100
|-damage|p2b: Basculegion|0 fnt
|-unboost|p1a: Gholdengo|spa|1
|faint|p2b: Basculegion
|move|p2a: Pelipper|Tailwind|p2a: Pelipper
|-sidestart|p2: scottedstone|move: Tailwind
|
|-weather|RainDance|[upkeep]
|upkeep
|
|t:|1756271815
|switch|p2b: Archaludon|Archaludon, L50, F|74/100
|turn|8
|inactive|RedGenji195 has 30 seconds left.
|inactive|scottedstone has 30 seconds left.
|inactive|RedGenji195 has 20 seconds left.
|inactive|RedGenji195 has 15 seconds left.
|
|t:|1756271856
|move|p2a: Pelipper|Hurricane|p1a: Gholdengo
|-damage|p1a: Gholdengo|9/100
|move|p2b: Archaludon|Electro Shot||[still]
|-prepare|p2b: Archaludon|Electro Shot
|-boost|p2b: Archaludon|spa|1
|-anim|p2b: Archaludon|Electro Shot|p1b: Dragonite
|-damage|p1b: Dragonite|2/100
|move|p1a: Gholdengo|Shadow Ball|p2a: Pelipper
|-damage|p2a: Pelipper|18/100
|move|p1b: Dragonite|Tailwind|p1b: Dragonite
|-sidestart|p1: RedGenji195|move: Tailwind
|
|-weather|RainDance|[upkeep]
|upkeep
|turn|9
|inactive|RedGenji195 has 30 seconds left.
|
|t:|1756271886
|switch|p2a: Incineroar|Incineroar, L50, F|100/100
|-ability|p2a: Incineroar|Intimidate|boost
|-unboost|p1a: Gholdengo|atk|1
|-unboost|p1b: Dragonite|atk|1
|move|p1a: Gholdengo|Shadow Ball|p2b: Archaludon
|-damage|p2b: Archaludon|58/100
|-unboost|p2b: Archaludon|spd|1
|-ability|p2b: Archaludon|Stamina|boost
|-boost|p2b: Archaludon|def|1
|move|p1b: Dragonite|Haze|p1b: Dragonite
|-clearallboost
|move|p2b: Archaludon|Electro Shot||[still]
|-prepare|p2b: Archaludon|Electro Shot
|-boost|p2b: Archaludon|spa|1
|-anim|p2b: Archaludon|Electro Shot|p1a: Gholdengo
|-resisted|p1a: Gholdengo
|-crit|p1a: Gholdengo
|-damage|p1a: Gholdengo|0 fnt
|faint|p1a: Gholdengo
|
|-weather|RainDance|[upkeep]
|upkeep
|
|t:|1756271907
|switch|p1a: Ursaluna|Ursaluna-Bloodmoon, L50, M|14/100
|turn|10
|inactive|scottedstone has 30 seconds left.
|
|t:|1756271934
|move|p1b: Dragonite|Protect|p1b: Dragonite
|-singleturn|p1b: Dragonite|Protect
|move|p1a: Ursaluna|Protect|p1a: Ursaluna
|-singleturn|p1a: Ursaluna|Protect
|move|p2a: Incineroar|Fake Out|p1a: Ursaluna
|-activate|p1a: Ursaluna|move: Protect
|move|p2b: Archaludon|Electro Shot||[still]
|-prepare|p2b: Archaludon|Electro Shot
|-boost|p2b: Archaludon|spa|1
|-anim|p2b: Archaludon|Electro Shot|p1b: Dragonite
|-activate|p1b: Dragonite|move: Protect
|
|-weather|none
|-sideend|p2: scottedstone|move: Tailwind
|upkeep
|turn|11
|inactive|RedGenji195 has 30 seconds left.
|
|t:|1756271962
|switch|p2b: Pelipper|Pelipper, L50, M|18/100
|-weather|RainDance|[from] ability: Drizzle|[of] p2b: Pelipper
|move|p1b: Dragonite|Scale Shot|p2b: Pelipper
|-damage|p2b: Pelipper|0 fnt
|faint|p2b: Pelipper
|-hitcount|p2: Pelipper|1
|-unboost|p1b: Dragonite|def|1
|-boost|p1b: Dragonite|spe|1
|move|p1a: Ursaluna|Earth Power|p2a: Incineroar
|-supereffective|p2a: Incineroar
|-damage|p2a: Incineroar|0 fnt
|faint|p2a: Incineroar
|-damage|p1a: Ursaluna|5/100|[from] item: Life Orb
|
|-weather|RainDance|[upkeep]
|-sideend|p1: RedGenji195|move: Tailwind
|upkeep
|
|t:|1756271977
|switch|p2b: Archaludon|Archaludon, L50, F|58/100
|turn|12
|
|t:|1756271994
|move|p1b: Dragonite|Tailwind|p1b: Dragonite
|-sidestart|p1: RedGenji195|move: Tailwind
|move|p1a: Ursaluna|Earth Power|p2b: Archaludon
|-supereffective|p2b: Archaludon
|-damage|p2b: Archaludon|0 fnt
|faint|p2b: Archaludon
|-damage|p1a: Ursaluna|0 fnt|[from] item: Life Orb
|faint|p1a: Ursaluna
|
|win|RedGenji195
|raw|RedGenji195's rating: 1051 → 1090(+39 for winning)
|raw|scottedstone's rating: 1127 → 1097(-30 for losing)
|c|☆RedGenji195|gg
