|j|☆MaxwellBaker
|j|☆jamppa500
|html|MaxwellBakerjamppa500    
|uhtml|bestof|Game 1 of a best-of-3
|t:|1784840091
|gametype|doubles
|player|p1|MaxwellBaker|102|1077
|player|p2|jamppa500|backpacker|1000
|gen|9
|tier|[Gen 9 Champions] VGC 2026 Reg M-B (Bo3)
|rated|
|rule|Species Clause: Limit one of each Pokémon
|rule|Item Clause: Limit 1 of each item
|clearpoke
|poke|p1|Decidueye-Hisui, L50, M|
|poke|p1|Florges, L50, F|
|poke|p1|Raichu, L50, M|
|poke|p1|Incineroar, L50, F|
|poke|p1|Staraptor, L50, M|
|poke|p1|Milotic, L50, M|
|poke|p2|Blaziken, L50, F, shiny|
|poke|p2|Whimsicott, L50, M|
|poke|p2|Gardevoir, L50, M, shiny|
|poke|p2|Kleavor, L50, M|
|poke|p2|Basculegion, L50, M|
|poke|p2|Tsareena, L50, F, shiny|
|teampreview|4
|showteam|p1|Decidueye-Hisui||ScopeLens|Scrappy|TripleArrows,LeafBlade,SuckerPunch,Protect|Jolly||M|||50|]Florges||LifeOrb|FlowerVeil|Moonblast,Psychic,PollenPuff,Protect|Modest||F|||50|]Raichu||RaichuniteY|LightningRod|FakeOut,ZapCannon,FocusBlast,Protect|Timid||M|||50|]Incineroar||SitrusBerry|Intimidate|FakeOut,FlareBlitz,ThroatChop,PartingShot|Careful||F|||50|]Staraptor||Staraptite|Intimidate|BraveBird,CloseCombat,Tailwind,Protect|Jolly||M|||50|]Milotic||Leftovers|Competitive|Scald,IceBeam,Haze,Protect|Bold||M|||50|
|showteam|p2|Blaziken||Blazikenite|SpeedBoost|CloseCombat,FlareBlitz,RockSlide,Protect|Jolly||F|||50|]Whimsicott||FocusSash|Prankster|Tailwind,Encore,SunnyDay,Moonblast|Timid||M|||50|]Gardevoir||Gardevoirite|Trace|Thunderbolt,Protect,HyperVoice,Psychic|Modest||M|||50|]Kleavor||WhiteHerb|Sharpness|StoneAxe,BrickBreak,Protect,XScissor|Adamant||M|||50|]Basculegion||ChoiceScarf|Adaptability|LastRespects,WaveCrash,AquaJet,FlipTurn|Adamant||M|||50|]Tsareena||KebiaBerry|QueenlyMajesty|KnockOff,TropKick,Protect,TripleAxel|Impish||F|||50|
|
|t:|1784840156
|teamsize|p1|4
|teamsize|p2|4
|start
|switch|p1a: Staraptor|Staraptor, L50, M|100/100
|switch|p1b: Incineroar|Incineroar, L50, F|100/100
|switch|p2a: Kleavor|Kleavor, L50, M|100/100
|switch|p2b: Whimsicott|Whimsicott, L50, M|100/100
|-ability|p1a: Staraptor|Intimidate|boost
|-unboost|p2a: Kleavor|atk|1
|-unboost|p2b: Whimsicott|atk|1
|-ability|p1b: Incineroar|Intimidate|boost
|-unboost|p2a: Kleavor|atk|1
|-unboost|p2b: Whimsicott|atk|1
|-enditem|p2a: Kleavor|White Herb
|-clearnegativeboost|p2a: Kleavor|[silent]
|turn|1
|
|t:|1784840180
|switch|p2b: Tsareena|Tsareena, L50, F, shiny|100/100
|detailschange|p1a: Staraptor|Staraptor-Mega, L50, M
|-mega|p1a: Staraptor|Staraptor|Staraptite
|move|p1b: Incineroar|Fake Out||[still]
|cant|p2b: Tsareena|ability: Queenly Majesty|Fake Out|[of] p1b: Incineroar
|move|p1a: Staraptor|Close Combat|p2a: Kleavor
|-damage|p2a: Kleavor|42/100
|-boost|p1a: Staraptor|def|1
|-boost|p1a: Staraptor|spd|1
|move|p2a: Kleavor|Stone Axe|p1a: Staraptor|[miss]
|-miss|p2a: Kleavor|p1a: Staraptor
|
|upkeep
|turn|2
|
|t:|1784840208
|switch|p2a: Whimsicott|Whimsicott, L50, M|100/100
|move|p2b: Tsareena|Protect|p2b: Tsareena
|-singleturn|p2b: Tsareena|Protect
|move|p1a: Staraptor|Tailwind|p1a: Staraptor
|-sidestart|p1: MaxwellBaker|move: Tailwind
|move|p1b: Incineroar|Flare Blitz|p2b: Tsareena
|-activate|p2b: Tsareena|move: Protect
|
|upkeep
|turn|3
|
|t:|1784840241
|switch|p1a: Florges|Florges, L50, F|100/100
|move|p2a: Whimsicott|Encore||[still]
|-fail|p2a: Whimsicott
|move|p1b: Incineroar|Flare Blitz|p2b: Tsareena
|-supereffective|p2b: Tsareena|1
|-damage|p2b: Tsareena|9/100
|-damage|p1b: Incineroar|73/100|[from] Recoil
|move|p2b: Tsareena|Triple Axel|p1a: Florges
|-damage|p1a: Florges|92/100
|-damage|p1a: Florges|78/100
|-damage|p1a: Florges|55/100
|-hitcount|p1a: Florges|3
|
|upkeep
|turn|4
|
|t:|1784840266
|move|p2a: Whimsicott|Tailwind|p2a: Whimsicott
|-sidestart|p2: jamppa500|move: Tailwind
|move|p1a: Florges|Moonblast|p2b: Tsareena
|-damage|p2b: Tsareena|0 fnt
|faint|p2b: Tsareena
|-damage|p1a: Florges|45/100|[from] item: Life Orb
|move|p1b: Incineroar|Flare Blitz|p2a: Whimsicott
|-supereffective|p2a: Whimsicott|1
|-enditem|p2a: Whimsicott|Focus Sash
|-damage|p2a: Whimsicott|1/100
|-damage|p1b: Incineroar|46/100|[from] Recoil
|-enditem|p1b: Incineroar|Sitrus Berry|[eat]
|-heal|p1b: Incineroar|71/100|[from] item: Sitrus Berry
|
|upkeep
|
|t:|1784840277
|switch|p2b: Gardevoir|Gardevoir, L50, M, shiny|100/100
|-ability|p2b: Gardevoir|Intimidate|Trace|[from] ability: Trace|[of] p1b: Incineroar
|-ability|p2b: Gardevoir|Intimidate|boost
|-unboost|p1a: Florges|atk|1
|-unboost|p1b: Incineroar|atk|1
|turn|5
|
|t:|1784840292
|detailschange|p2b: Gardevoir|Gardevoir-Mega, L50, M, shiny
|-mega|p2b: Gardevoir|Gardevoir|Gardevoirite
|move|p1a: Florges|Protect|p1a: Florges
|-singleturn|p1a: Florges|Protect
|move|p2a: Whimsicott|Moonblast|p1b: Incineroar
|-damage|p1b: Incineroar|50/100g
|move|p2b: Gardevoir|Hyper Voice|p1a: Florges|[spread] p1b
|-activate|p1a: Florges|move: Protect
|-damage|p1b: Incineroar|8/100
|move|p1b: Incineroar|Parting Shot|p2b: Gardevoir
|-unboost|p2b: Gardevoir|atk|1
|-unboost|p2b: Gardevoir|spa|1
|
|t:|1784840307
|switch|p1b: Staraptor|Staraptor-Mega, L50, M|100/100|[from] Parting Shot
|
|-sideend|p1: MaxwellBaker|move: Tailwind
|upkeep
|turn|6
|
|t:|1784840345
|switch|p1a: Incineroar|Incineroar, L50, F|8/100
|-ability|p1a: Incineroar|Intimidate|boost
|-unboost|p2a: Whimsicott|atk|1
|-unboost|p2b: Gardevoir|atk|1
|move|p1b: Staraptor|Protect|p1b: Staraptor
|-singleturn|p1b: Staraptor|Protect
|move|p2a: Whimsicott|Moonblast|p1a: Incineroar
|-damage|p1a: Incineroar|0 fnt
|faint|p1a: Incineroar
|move|p2b: Gardevoir|Hyper Voice|p1b: Staraptor
|-activate|p1b: Staraptor|move: Protect
|
|upkeep
|
|t:|1784840359
|switch|p1a: Florges|Florges, L50, F|45/100
|turn|7
|
|t:|1784840376
|switch|p2b: Kleavor|Kleavor, L50, M|42/100
|move|p1b: Staraptor|Protect|p1b: Staraptor
|-singleturn|p1b: Staraptor|Protect
|move|p2a: Whimsicott|Encore|p1b: Staraptor
|-activate|p1b: Staraptor|move: Protect
|move|p1a: Florges|Moonblast|p2a: Whimsicott
|-damage|p2a: Whimsicott|0 fnt
|faint|p2a: Whimsicott
|-damage|p1a: Florges|35/100|[from] item: Life Orb
|
|-sideend|p2: jamppa500|move: Tailwind
|upkeep
|
|t:|1784840380
|switch|p2a: Gardevoir|Gardevoir-Mega, L50, M, shiny|100/100
|turn|8
|
|t:|1784840403
|move|p2a: Gardevoir|Protect|p2a: Gardevoir
|-singleturn|p2a: Gardevoir|Protect
|move|p1b: Staraptor|Tailwind|p1b: Staraptor
|-sidestart|p1: MaxwellBaker|move: Tailwind
|move|p1a: Florges|Moonblast|p2b: Kleavor
|-crit|p2b: Kleavor
|-damage|p2b: Kleavor|0 fnt
|faint|p2b: Kleavor
|-damage|p1a: Florges|25/100|[from] item: Life Orb
|
|upkeep
|turn|9
|
|t:|1784840419
|move|p1b: Staraptor|Close Combat|p2a: Gardevoir
|-resisted|p2a: Gardevoir|2
|-damage|p2a: Gardevoir|77/100
|-boost|p1b: Staraptor|def|1
|-boost|p1b: Staraptor|spd|1
|move|p1a: Florges|Moonblast|p2a: Gardevoir
|-damage|p2a: Gardevoir|21/100
|-unboost|p2a: Gardevoir|spa|1
|-damage|p1a: Florges|16/100|[from] item: Life Orb
|move|p2a: Gardevoir|Hyper Voice|p1b: Staraptor|[spread] p1a,p1b
|-supereffective|p1b: Staraptor|1
|-damage|p1a: Florges|0 fnt
|-damage|p1b: Staraptor|53/100
|faint|p1a: Florges
|
|upkeep
|
|t:|1784840438
|switch|p1a: Decidueye|Decidueye-Hisui, L50, M|100/100
|turn|10
|
|t:|1784840450
|move|p1b: Staraptor|Close Combat|p2a: Gardevoir
|-resisted|p2a: Gardevoir|2
|-damage|p2a: Gardevoir|0 fnt
|-boost|p1b: Staraptor|def|1
|-boost|p1b: Staraptor|spd|1
|faint|p2a: Gardevoir
|
|win|MaxwellBaker
||jamppa500 is ready for game 2.
