|j|☆0rion1798
|j|☆Klerion
|html|0rion1798Klerion    
|uhtml|bestof|Game 3 of a best-of-3
|t:|1755143369
|gametype|doubles
|player|p1|0rion1798|clair|1180
|player|p2|Klerion|170|1184
|gen|9
|tier|[Gen 9] VGC 2025 Reg H (Bo3)
|rated|
|rule|Species Clause: Limit one of each Pokémon
|rule|Item Clause: Limit 1 of each item
|clearpoke
|poke|p1|Sneasler, L50, F|
|poke|p1|Indeedee, L50, M|
|poke|p1|Ursaluna-Bloodmoon, L50, M|
|poke|p1|Electabuzz, L50, F|
|poke|p1|Incineroar, L50, F|
|poke|p1|Dragonite, L50, F|
|poke|p2|Glimmora, L50, M|
|poke|p2|Meowscarada, L50, F|
|poke|p2|Dragonite, L50, M|
|poke|p2|Garganacl, L50, M|
|poke|p2|Volcarona, L50, M|
|poke|p2|Tyranitar, L50, M|
|teampreview|4
|showteam|p1|Sneasler||PsychicSeed|Unburden|CloseCombat,DireClaw,ThroatChop,Protect|||F|||50|,,,,,Dark]Indeedee||FocusSash|PsychicSurge|ExpandingForce,TrickRoom,HelpingHand,Protect|||M|||50|,,,,,Psychic]Ursaluna-Bloodmoon||LifeOrb|MindsEye|BloodMoon,HyperVoice,EarthPower,Protect|||M|||50|,,,,,Normal]Electabuzz||Eviolite|VitalSpirit|Electroweb,FollowMe,Taunt,Protect|||F|||50|,,,,,Dragon]Incineroar||SafetyGoggles|Intimidate|FlareBlitz,KnockOff,PartingShot,FakeOut|||F|||50|,,,,,Ghost]Dragonite||LoadedDice|Multiscale|ScaleShot,Tailwind,Haze,Protect|||F|||50|,,,,,Fairy
|showteam|p2|Glimmora||FocusSash|ToxicDebris|SpikyShield,PowerGem,SludgeBomb,EarthPower|||M|||50|,,,,,Ground]Meowscarada||ChoiceBand|Protean|FlowerTrick,KnockOff,PlayRough,Uturn|||F|||50|,,,,,Grass]Dragonite||BindingBand|Multiscale|Protect,Roost,ExtremeSpeed,FireSpin|||M|||50|,,,,,Psychic]Garganacl||Leftovers|PurifyingSalt|Protect,WideGuard,Recover,SaltCure|||M|||50|,,,,,Bug]Volcarona||SitrusBerry|FlameBody|Protect,RagePowder,BugBuzz,FieryDance|||M|||50|,,,,,Dark]Tyranitar||AssaultVest|SandStream|KnockOff,RockSlide,HighHorsepower,BreakingSwipe|||M|||50|,,,,,Flying
|inactive|Battle timer is ON: inactive players will automatically lose when time's up. (requested by 0rion1798)
|inactive|Klerion has 60 seconds left.
|
|t:|1755143413
|teamsize|p1|4
|teamsize|p2|4
|start
|switch|p1a: Electabuzz|Electabuzz, L50, F|100/100
|switch|p1b: Ursaluna|Ursaluna-Bloodmoon, L50, M|100/100
|switch|p2a: Volcarona|Volcarona, L50, M|100/100
|switch|p2b: Garganacl|Garganacl, L50, M|100/100
|turn|1
|inactive|Klerion has 30 seconds left.
|
|t:|1755143442
|move|p1a: Electabuzz|Taunt|p2b: Garganacl
|-start|p2b: Garganacl|move: Taunt
|move|p2a: Volcarona|Fiery Dance|p1a: Electabuzz
|-damage|p1a: Electabuzz|70/100
|move|p1b: Ursaluna|Blood Moon|p2a: Volcarona
|-damage|p2a: Volcarona|6/100
|-enditem|p2a: Volcarona|Sitrus Berry|[eat]
|-heal|p2a: Volcarona|30/100|[from] item: Sitrus Berry
|-damage|p1b: Ursaluna|91/100|[from] item: Life Orb
|move|p2b: Garganacl|Salt Cure|p1a: Electabuzz
|-damage|p1a: Electabuzz|56/100
|-start|p1a: Electabuzz|Salt Cure
|
|-damage|p1a: Electabuzz|45/100|[from] Salt Cure
|upkeep
|turn|2
|inactive|Klerion has 30 seconds left.
|
|t:|1755143472
|switch|p2b: Tyranitar|Tyranitar, L50, M|100/100
|-weather|Sandstorm|[from] ability: Sand Stream|[of] p2b: Tyranitar
|move|p2a: Volcarona|Protect|p2a: Volcarona
|-singleturn|p2a: Volcarona|Protect
|move|p1a: Electabuzz|Electroweb|p2b: Tyranitar|[spread] p2b
|-activate|p2a: Volcarona|move: Protect
|-damage|p2b: Tyranitar|96/100
|-unboost|p2b: Tyranitar|spe|1
|move|p1b: Ursaluna|Hyper Voice|p2a: Volcarona|[spread] p2b
|-activate|p2a: Volcarona|move: Protect
|-resisted|p2b: Tyranitar
|-damage|p2b: Tyranitar|88/100
|-damage|p1b: Ursaluna|81/100|[from] item: Life Orb
|
|-weather|Sandstorm|[upkeep]
|-damage|p1a: Electabuzz|39/100|[from] Sandstorm
|-damage|p2a: Volcarona|25/100|[from] Sandstorm
|-damage|p1a: Electabuzz|27/100|[from] Salt Cure
|upkeep
|turn|3
|inactive|Klerion has 30 seconds left.
|
|t:|1755143497
|move|p1a: Electabuzz|Electroweb|p2b: Tyranitar|[spread] p2a
|-miss|p1a: Electabuzz|p2b: Tyranitar
|-damage|p2a: Volcarona|11/100
|-unboost|p2a: Volcarona|spe|1
|move|p1b: Ursaluna|Hyper Voice|p2a: Volcarona|[spread] p2a,p2b
|-resisted|p2b: Tyranitar
|-damage|p2a: Volcarona|0 fnt
|-damage|p2b: Tyranitar|81/100
|faint|p2a: Volcarona
|-damage|p1b: Ursaluna|72/100|[from] item: Life Orb
|move|p2b: Tyranitar|Knock Off|p1b: Ursaluna
|-damage|p1b: Ursaluna|32/100
|-enditem|p1b: Ursaluna|Life Orb|[from] move: Knock Off|[of] p2b: Tyranitar
|
|-weather|Sandstorm|[upkeep]
|-damage|p1a: Electabuzz|21/100|[from] Sandstorm
|-damage|p1a: Electabuzz|9/100|[from] Salt Cure
|upkeep
|
|t:|1755143515
|switch|p2a: Meowscarada|Meowscarada, L50, F|100/100
|turn|4
|
|t:|1755143539
|move|p1a: Electabuzz|Follow Me|p1a: Electabuzz
|-singleturn|p1a: Electabuzz|move: Follow Me
|move|p2a: Meowscarada|U-turn|p1a: Electabuzz
|-start|p2a: Meowscarada|typechange|Bug|[from] ability: Protean
|-damage|p1a: Electabuzz|0 fnt
|faint|p1a: Electabuzz
|
|t:|1755143544
|switch|p2a: Garganacl|Garganacl, L50, M|100/100|[from] U-turn
|move|p1b: Ursaluna|Earth Power|p2b: Tyranitar
|-supereffective|p2b: Tyranitar
|-damage|p2b: Tyranitar|45/100
|move|p2b: Tyranitar|Rock Slide|p1b: Ursaluna
|-resisted|p1b: Ursaluna
|-damage|p1b: Ursaluna|16/100
|
|-weather|Sandstorm|[upkeep]
|upkeep
|
|t:|1755143558
|switch|p1a: Indeedee|Indeedee, L50, M|100/100
|-fieldstart|move: Psychic Terrain|[from] ability: Psychic Surge|[of] p1a: Indeedee
|turn|5
|inactive|Klerion has 30 seconds left.
|inactive|Klerion has 20 seconds left.
|
|t:|1755143594
|switch|p1a: Sneasler|Sneasler, L50, F|100/100
|-enditem|p1a: Sneasler|Psychic Seed
|-boost|p1a: Sneasler|spd|1|[from] item: Psychic Seed
|move|p2a: Garganacl|Wide Guard|p2a: Garganacl
|-singleturn|p2a: Garganacl|Wide Guard
|move|p1b: Ursaluna|Blood Moon|p2a: Garganacl
|-resisted|p2a: Garganacl
|-damage|p2a: Garganacl|75/100
|move|p2b: Tyranitar|Rock Slide|p1a: Sneasler|[spread] p1a,p1b
|-resisted|p1a: Sneasler
|-resisted|p1b: Ursaluna
|-damage|p1a: Sneasler|79/100
|-damage|p1b: Ursaluna|6/100
|
|-weather|Sandstorm|[upkeep]
|-damage|p1a: Sneasler|73/100|[from] Sandstorm
|-heal|p2a: Garganacl|81/100|[from] item: Leftovers
|upkeep
|turn|6
|inactive|0rion1798 has 30 seconds left.
|inactive|Klerion has 30 seconds left.
|
|t:|1755143623
|-terastallize|p2a: Garganacl|Bug
|move|p1a: Sneasler|Protect|p1a: Sneasler
|-singleturn|p1a: Sneasler|Protect
|move|p1b: Ursaluna|Earth Power|p2a: Garganacl
|-resisted|p2a: Garganacl
|-damage|p2a: Garganacl|57/100
|-unboost|p2a: Garganacl|spd|1
|move|p2b: Tyranitar|Breaking Swipe|p1b: Ursaluna|[spread] p1b
|-activate|p1a: Sneasler|move: Protect
|-damage|p1b: Ursaluna|0 fnt
|faint|p1b: Ursaluna
|move|p2a: Garganacl|Salt Cure|p1a: Sneasler
|-activate|p1a: Sneasler|move: Protect
|
|-weather|none
|-heal|p2a: Garganacl|62/100|[from] item: Leftovers
|upkeep
|
|t:|1755143626
|switch|p1b: Indeedee|Indeedee, L50, M|100/100
|turn|7
|inactive|Klerion has 30 seconds left.
|
|t:|1755143653
|move|p1a: Sneasler|Close Combat|p2b: Tyranitar
|-supereffective|p2b: Tyranitar
|-damage|p2b: Tyranitar|0 fnt
|-unboost|p1a: Sneasler|def|1
|-unboost|p1a: Sneasler|spd|1
|faint|p2b: Tyranitar
|move|p1b: Indeedee|Expanding Force|p2a: Garganacl
|-damage|p2a: Garganacl|0 fnt
|faint|p2a: Garganacl
|
|upkeep
|
|t:|1755143662
|switch|p2b: Meowscarada|Meowscarada, L50, F|100/100
|turn|8
|
|t:|1755143669
|move|p1a: Sneasler|Protect|p1a: Sneasler
|-singleturn|p1a: Sneasler|Protect
|move|p2b: Meowscarada|Knock Off|p1a: Sneasler
|-start|p2b: Meowscarada|typechange|Dark|[from] ability: Protean
|-activate|p1a: Sneasler|move: Protect
|move|p1b: Indeedee|Expanding Force|p2b: Meowscarada
|-immune|p2b: Meowscarada
|
|upkeep
|turn|9
|
|t:|1755143680
|move|p1b: Indeedee|Helping Hand|p1a: Sneasler
|-singleturn|p1a: Sneasler|Helping Hand|[of] p1b: Indeedee
|move|p1a: Sneasler|Close Combat|p2b: Meowscarada
|-supereffective|p2b: Meowscarada
|-damage|p2b: Meowscarada|0 fnt
|-unboost|p1a: Sneasler|def|1
|-unboost|p1a: Sneasler|spd|1
|faint|p2b: Meowscarada
|
|win|0rion1798
|raw|0rion1798's rating: 1180 → 1205(+25 for winning)
|raw|Klerion's rating: 1184 → 1159(-25 for losing)
|c|☆0rion1798|ggs
|l|☆Klerion
|player|p2|
