|j|☆higigig
|j|☆causatorres
|html|higigigcausatorres    
|uhtml|bestof|Game 3 of a best-of-3
|t:|1757787380
|gametype|doubles
|player|p1|higigig|sisandbro|1118
|player|p2|causatorres|brendan-e|1216
|gen|9
|tier|[Gen 9] VGC 2025 Reg H (Bo3)
|rated|
|rule|Species Clause: Limit one of each Pokémon
|rule|Item Clause: Limit 1 of each item
|clearpoke
|poke|p1|Sneasler, L50, F|
|poke|p1|Gholdengo, L50|
|poke|p1|Incineroar, L50, F|
|poke|p1|Amoonguss, L50, M|
|poke|p1|Garchomp, L50, F|
|poke|p1|Dragonite, L50, M|
|poke|p2|Torkoal, L50, M|
|poke|p2|Lilligant-Hisui, L50, F|
|poke|p2|Farigiraf, L50, M|
|poke|p2|Incineroar, L50, M|
|poke|p2|Magmar, L50, F|
|poke|p2|Hitmontop, L50, M|
|teampreview|4
|showteam|p1|Sneasler||ClearAmulet|PoisonTouch|FakeOut,CloseCombat,DireClaw,Protect|||F|||50|,,,,,Flying]Gholdengo||MetalCoat|GoodasGold|NastyPlot,MakeItRain,ShadowBall,Protect||||||50|,,,,,Water]Incineroar||SafetyGoggles|Intimidate|FakeOut,FlareBlitz,KnockOff,PartingShot|||F|||50|,,,,,Ghost]Amoonguss||SitrusBerry|Regenerator|Spore,RagePowder,PollenPuff,Protect|||M|||50|,,,,,Psychic]Garchomp||ChoiceBand|RoughSkin|StompingTantrum,DragonClaw,Earthquake,RockSlide|||F|||50|,,,,,Ground]Dragonite||LoadedDice|Multiscale|ScaleShot,Haze,Tailwind,Protect|||M|||50|,,,,,Fairy
|showteam|p2|Torkoal||ChoiceSpecs|Drought|Eruption,WeatherBall,HeatWave,SolarBeam|||M|||50|,,,,,Fire]Lilligant-Hisui||FocusSash|Chlorophyll|LeafBlade,TripleAxel,CloseCombat,AfterYou|||F|||50|,,,,,Ghost]Farigiraf||SitrusBerry|ArmorTail|FoulPlay,HelpingHand,TrickRoom,Psychic|||M|||50|,,,,,Dark]Incineroar||AssaultVest|Intimidate|FakeOut,Uturn,FlareBlitz,KnockOff|||M|||50|,,,,,Ghost]Magmar||Eviolite|FlameBody|FollowMe,Overheat,Taunt,WillOWisp|||F|||50|,,,,,Grass]Hitmontop||EjectButton|Intimidate|SuckerPunch,FakeOut,WideGuard,IceSpinner|||M|||50|,,,,,Dark
|inactive|Battle timer is ON: inactive players will automatically lose when time's up. (requested by higigig)
|inactive|causatorres also wants the timer to be on.
|inactive|higigig has 60 seconds left.
|inactive|higigig has 30 seconds left.
|inactive|higigig has 20 seconds left.
|inactive|higigig has 15 seconds left.
|inactive|higigig has 10 seconds left.
|inactive|higigig has 5 seconds left.
|
|t:|1757787470
|teamsize|p1|4
|teamsize|p2|4
|start
|switch|p1a: Amoonguss|Amoonguss, L50, M|100/100
|switch|p1b: Gholdengo|Gholdengo, L50|100/100
|switch|p2a: Farigiraf|Farigiraf, L50, M|100/100
|switch|p2b: Magmar|Magmar, L50, F|100/100
|turn|1
|inactive|higigig has 30 seconds left.
|inactive|causatorres has 30 seconds left.
|
|t:|1757787495
|switch|p1a: Dragonite|Dragonite, L50, M|100/100
|-terastallize|p1b: Gholdengo|Water
|move|p1b: Gholdengo|Nasty Plot|p1b: Gholdengo
|-boost|p1b: Gholdengo|spa|2
|move|p2b: Magmar|Taunt|p1a: Dragonite
|-start|p1a: Dragonite|move: Taunt
|move|p2a: Farigiraf|Trick Room|p2a: Farigiraf
|-fieldstart|move: Trick Room|[of] p2a: Farigiraf
|
|upkeep
|turn|2
|
|t:|1757787519
|switch|p2a: Hitmontop|Hitmontop, L50, M|100/100
|-ability|p2a: Hitmontop|Intimidate|boost
|-unboost|p1a: Dragonite|atk|1
|-unboost|p1b: Gholdengo|atk|1
|move|p2b: Magmar|Will-O-Wisp|p1a: Dragonite|[miss]
|-miss|p2b: Magmar|p1a: Dragonite
|move|p1a: Dragonite|Scale Shot|p2b: Magmar
|-damage|p2b: Magmar|91/100
|-damage|p2b: Magmar|82/100
|-damage|p2b: Magmar|73/100
|-damage|p2b: Magmar|64/100
|-damage|p2b: Magmar|54/100
|-hitcount|p2b: Magmar|5
|-unboost|p1a: Dragonite|def|1
|-boost|p1a: Dragonite|spe|1
|move|p1b: Gholdengo|Make It Rain|p2a: Hitmontop|[spread] p2a,p2b
|-resisted|p2b: Magmar
|-damage|p2a: Hitmontop|10/100
|-damage|p2b: Magmar|20/100
|-unboost|p1b: Gholdengo|spa|1
|-enditem|p2a: Hitmontop|Eject Button
|
|t:|1757787529
|switch|p2a: Torkoal|Torkoal, L50, M|100/100
|-weather|SunnyDay|[from] ability: Drought|[of] p2a: Torkoal
|
|-weather|SunnyDay|[upkeep]
|upkeep
|turn|3
|
|t:|1757787547
|-terastallize|p2a: Torkoal|Fire
|move|p1b: Gholdengo|Protect|p1b: Gholdengo
|-singleturn|p1b: Gholdengo|Protect
|move|p2b: Magmar|Follow Me|p2b: Magmar
|-singleturn|p2b: Magmar|move: Follow Me
|move|p2a: Torkoal|Weather Ball|p1b: Gholdengo
|-activate|p1b: Gholdengo|move: Protect
|move|p1a: Dragonite|Scale Shot|p2b: Magmar
|-damage|p2b: Magmar|11/100
|-damage|p2b: Magmar|2/100
|-crit|p2b: Magmar
|-damage|p2b: Magmar|0 fnt
|faint|p2b: Magmar
|-hitcount|p2: Magmar|3
|-unboost|p1a: Dragonite|def|1
|-boost|p1a: Dragonite|spe|1
|
|-weather|SunnyDay|[upkeep]
|-end|p1a: Dragonite|move: Taunt
|upkeep
|
|t:|1757787553
|switch|p2b: Farigiraf|Farigiraf, L50, M|100/100
|turn|4
|inactive|causatorres has 30 seconds left.
|
|t:|1757787586
|move|p2a: Torkoal|Weather Ball|p1b: Gholdengo
|-resisted|p1b: Gholdengo
|-damage|p1b: Gholdengo|25/100
|move|p2b: Farigiraf|Psychic|p1b: Gholdengo
|-damage|p1b: Gholdengo|0 fnt
|faint|p1b: Gholdengo
|move|p1a: Dragonite|Scale Shot|p2a: Torkoal
|-damage|p2a: Torkoal|93/100
|-crit|p2a: Torkoal
|-damage|p2a: Torkoal|75/100
|-damage|p2a: Torkoal|67/100
|-damage|p2a: Torkoal|60/100
|-damage|p2a: Torkoal|52/100
|-hitcount|p2a: Torkoal|5
|-unboost|p1a: Dragonite|def|1
|-boost|p1a: Dragonite|spe|1
|
|-weather|SunnyDay|[upkeep]
|upkeep
|inactive|higigig has 30 seconds left.
|inactive|higigig has 20 seconds left.
|inactive|higigig has 15 seconds left.
|inactive|higigig has 10 seconds left.
|
|t:|1757787631
|switch|p1b: Sneasler|Sneasler, L50, F|100/100
|turn|5
|inactive|causatorres has 30 seconds left.
|inactive|causatorres has 20 seconds left.
|inactive|causatorres has 15 seconds left.
|
|t:|1757787675
|switch|p2a: Hitmontop|Hitmontop, L50, M|10/100
|-ability|p2a: Hitmontop|Intimidate|boost
|-unboost|p1a: Dragonite|atk|1
|-fail|p1b: Sneasler|unboost|[from] item: Clear Amulet|[of] p1b: Sneasler
|move|p1b: Sneasler|Protect|p1b: Sneasler
|-singleturn|p1b: Sneasler|Protect
|move|p2b: Farigiraf|Psychic|p1b: Sneasler
|-activate|p1b: Sneasler|move: Protect
|move|p1a: Dragonite|Scale Shot|p2a: Hitmontop
|-crit|p2a: Hitmontop
|-damage|p2a: Hitmontop|0 fnt
|faint|p2a: Hitmontop
|-hitcount|p2: Hitmontop|1
|-unboost|p1a: Dragonite|def|1
|-boost|p1a: Dragonite|spe|1
|
|-weather|SunnyDay|[upkeep]
|-fieldend|move: Trick Room
|upkeep
|
|t:|1757787684
|switch|p2a: Torkoal|Torkoal, L50, M, tera:Fire|52/100
|turn|6
|
|t:|1757787698
|move|p1a: Dragonite|Scale Shot|p2a: Torkoal
|-damage|p2a: Torkoal|45/100
|-damage|p2a: Torkoal|39/100
|-damage|p2a: Torkoal|32/100
|-damage|p2a: Torkoal|25/100
|-hitcount|p2a: Torkoal|4
|-unboost|p1a: Dragonite|def|1
|-boost|p1a: Dragonite|spe|1
|move|p1b: Sneasler|Close Combat|p2a: Torkoal
|-damage|p2a: Torkoal|0 fnt
|-unboost|p1b: Sneasler|def|1
|-unboost|p1b: Sneasler|spd|1
|faint|p2a: Torkoal
|move|p2b: Farigiraf|Trick Room|p2b: Farigiraf
|-fieldstart|move: Trick Room|[of] p2b: Farigiraf
|
|-weather|none
|upkeep
|turn|7
|
|t:|1757787717
|move|p1a: Dragonite|Protect|p1a: Dragonite
|-singleturn|p1a: Dragonite|Protect
|move|p2b: Farigiraf|Psychic|p1b: Sneasler
|-supereffective|p1b: Sneasler
|-damage|p1b: Sneasler|0 fnt
|faint|p1b: Sneasler
|
|upkeep
|
|t:|1757787719
|switch|p1b: Amoonguss|Amoonguss, L50, M|100/100
|turn|8
|
|t:|1757787731
|move|p1b: Amoonguss|Spore|p2b: Farigiraf
|-status|p2b: Farigiraf|slp|[from] move: Spore
|cant|p2b: Farigiraf|slp
|move|p1a: Dragonite|Scale Shot|p2b: Farigiraf
|-damage|p2b: Farigiraf|93/100 slp
|-damage|p2b: Farigiraf|86/100 slp
|-damage|p2b: Farigiraf|78/100 slp
|-damage|p2b: Farigiraf|70/100 slp
|-hitcount|p2b: Farigiraf|4
|-unboost|p1a: Dragonite|def|1
|-boost|p1a: Dragonite|spe|1
|
|upkeep
|turn|9
|
|t:|1757787739
|move|p1b: Amoonguss|Pollen Puff|p2b: Farigiraf
|-supereffective|p2b: Farigiraf
|-damage|p2b: Farigiraf|44/100 slp
|-enditem|p2b: Farigiraf|Sitrus Berry|[eat]
|-heal|p2b: Farigiraf|69/100 slp|[from] item: Sitrus Berry
|-curestatus|p2b: Farigiraf|slp|[msg]
|move|p2b: Farigiraf|Psychic|p1b: Amoonguss
|-supereffective|p1b: Amoonguss
|-damage|p1b: Amoonguss|54/100
|-unboost|p1b: Amoonguss|spd|1
|move|p1a: Dragonite|Scale Shot|p2b: Farigiraf
|-damage|p2b: Farigiraf|62/100
|-damage|p2b: Farigiraf|55/100
|-damage|p2b: Farigiraf|47/100
|-damage|p2b: Farigiraf|39/100
|-hitcount|p2b: Farigiraf|4
|
|upkeep
|turn|10
|
|t:|1757787747
|move|p1b: Amoonguss|Spore|p2b: Farigiraf
|-status|p2b: Farigiraf|slp|[from] move: Spore
|cant|p2b: Farigiraf|slp
|move|p1a: Dragonite|Scale Shot|p2b: Farigiraf
|-damage|p2b: Farigiraf|32/100 slp
|-damage|p2b: Farigiraf|25/100 slp
|-damage|p2b: Farigiraf|18/100 slp
|-damage|p2b: Farigiraf|10/100 slp
|-damage|p2b: Farigiraf|3/100 slp
|-hitcount|p2b: Farigiraf|5
|
|-fieldend|move: Trick Room
|upkeep
|turn|11
|c|☆causatorres|Gg
|c|☆higigig|ggwp
|-message|causatorres forfeited.
|
|win|higigig
|raw|higigig's rating: 1118 → 1150(+32 for winning)
|raw|causatorres's rating: 1216 → 1184(-32 for losing)
