|j|☆bruno.185
|j|☆theghostgymleader
|html|bruno.185theghostgymleader    
|uhtml|bestof|Game 1 of a best-of-3
|t:|1783785381
|gametype|doubles
|player|p1|bruno.185|steven|
|player|p2|theghostgymleader|brycenman|
|gen|9
|tier|[Gen 9 Champions] VGC 2026 Reg M-B (Bo3)
|rule|Species Clause: Limit one of each Pokémon
|rule|Item Clause: Limit 1 of each item
|clearpoke
|poke|p1|Pyroar, L50, F, shiny|
|poke|p1|Sableye, L50, F, shiny|
|poke|p1|Swampert, L50, F, shiny|
|poke|p1|Aggron, L50, F, shiny|
|poke|p1|Maushold, L50, shiny|
|poke|p1|Decidueye, L50, M, shiny|
|poke|p2|Gengar, L50, M, shiny|
|poke|p2|Froslass, L50, F, shiny|
|poke|p2|Decidueye, L50, M, shiny|
|poke|p2|Skeledirge, L50, F, shiny|
|poke|p2|Basculegion, L50, M, shiny|
|poke|p2|Sableye, L50, F|
|teampreview|4
|showteam|p1|Pyroar||Pyroarite|Rivalry|FlameCharge,ScorchingSands,HeatWave,HyperVoice|Timid||F|||50|]Sableye||LightClay|Prankster|SunnyDay,LightScreen,Reflect,KnockOff|Impish||F|||50|]Swampert||RindoBerry|Torrent|Protect,RockSlide,WaveCrash,Earthquake|Adamant||F|||50|]Aggron||Leftovers|HeavyMetal|HeavySlam,Protect,RockSlide,StealthRock|Careful||F|||50|]Maushold||KingsRock|Technician|BulletSeed,PopulationBomb,TidyUp,Protect|Jolly|||||50|]Decidueye||ExpertBelt|LongReach|SpiritShackle,ShadowSneak,SolarBeam,Protect|Sassy||M|||50|
|showteam|p2|Gengar||Gengarite|CursedBody|SludgeBomb,Thunderbolt,Protect,DazzlingGleam|Modest||M|||50|]Froslass||Froslassite|CursedBody|Blizzard,DestinyBond,ShadowBall,AuroraVeil|Timid||F|||50|]Decidueye||FocusSash|LongReach|Tailwind,LeafBlade,SuckerPunch,BraveBird|Adamant||M|||50|]Skeledirge||Leftovers|Unaware|TorchSong,WillOWisp,Hex,SlackOff|Bold||F|||50|]Basculegion||ChoiceScarf|Adaptability|AquaJet,LastRespects,WaveCrash,FlipTurn|Jolly||M|||50|]Sableye||RoseliBerry|Prankster|Quash,Disable,Encore,WillOWisp|Calm||F|||50|
|c|☆bruno.185|O
|
|t:|1783785440
|teamsize|p1|4
|teamsize|p2|4
|start
|switch|p1a: Pyroar|Pyroar, L50, F, shiny|100/100
|switch|p1b: Sableye|Sableye, L50, F, shiny|100/100
|switch|p2a: Legion|Basculegion, L50, M, shiny|100/100
|switch|p2b: NightMarcher|Decidueye, L50, M, shiny|100/100
|turn|1
|
|t:|1783785454
|switch|p1a: Swampert|Swampert, L50, F, shiny|100/100
|move|p1b: Sableye|Reflect|p1b: Sableye
|-sidestart|p1: bruno.185|Reflect
|move|p2a: Legion|Wave Crash|p1a: Swampert
|-damage|p1a: Swampert|51/100
|-damage|p2a: Legion|83/100|[from] Recoil
|move|p2b: NightMarcher|Tailwind|p2b: NightMarcher
|-sidestart|p2: theghostgymleader|move: Tailwind
|
|upkeep
|turn|2
|
|t:|1783785478
|switch|p2a: Elegy|Skeledirge, L50, F, shiny|100/100
|move|p2b: NightMarcher|Leaf Blade|p1a: Swampert
|-supereffective|p1a: Swampert|2
|-crit|p1a: Swampert
|-enditem|p1a: Swampert|Rindo Berry|[eat]
|-enditem|p1a: Swampert|Rindo Berry|[weaken]
|-damage|p1a: Swampert|0 fnt
|faint|p1a: Swampert
|move|p1b: Sableye|Knock Off|p2b: NightMarcher
|-supereffective|p2b: NightMarcher|1
|-crit|p2b: NightMarcher
|-enditem|p2b: NightMarcher|Focus Sash
|-damage|p2b: NightMarcher|1/100
|
|upkeep
|
|t:|1783785493
|switch|p1a: Decidueye|Decidueye, L50, M, shiny|100/100
|turn|3
|
|t:|1783785501
|move|p2b: NightMarcher|Sucker Punch|p1a: Decidueye
|-supereffective|p1a: Decidueye|1
|-damage|p1a: Decidueye|60/100
|move|p1a: Decidueye|Shadow Sneak|p2b: NightMarcher
|-supereffective|p2b: NightMarcher|1
|-damage|p2b: NightMarcher|0 fnt
|faint|p2b: NightMarcher
|move|p2a: Elegy|Torch Song|p1a: Decidueye
|-supereffective|p1a: Decidueye|1
|-damage|p1a: Decidueye|17/100
|-boost|p2a: Elegy|spa|1
|move|p1b: Sableye|Knock Off|p2a: Elegy
|-supereffective|p2a: Elegy|1
|-damage|p2a: Elegy|65/100
|-enditem|p2a: Elegy|Leftovers|[from] move: Knock Off|[of] p1b: Sableye
|
|upkeep
|
|t:|1783785534
|switch|p2b: Nymph|Sableye, L50, F|100/100
|turn|4
|
|t:|1783785566
|move|p1a: Decidueye|Protect|p1a: Decidueye
|-singleturn|p1a: Decidueye|Protect
|move|p2b: Nymph|Will-O-Wisp|p1a: Decidueye
|-activate|p1a: Decidueye|move: Protect
|move|p1b: Sableye|Light Screen|p1b: Sableye
|-sidestart|p1: bruno.185|move: Light Screen
|move|p2a: Elegy|Will-O-Wisp|p1b: Sableye
|-status|p1b: Sableye|brn
|
|-damage|p1b: Sableye|94/100 brn|[from] brn
|-sideend|p2: theghostgymleader|move: Tailwind
|upkeep
|turn|5
|
|t:|1783785585
|move|p1a: Decidueye|Shadow Sneak|p2a: Elegy
|-supereffective|p2a: Elegy|1
|-damage|p2a: Elegy|42/100
|move|p2b: Nymph|Will-O-Wisp|p1a: Decidueye
|-status|p1a: Decidueye|brn
|move|p2a: Elegy|Slack Off|p2a: Elegy
|-heal|p2a: Elegy|92/100
|move|p1b: Sableye|Knock Off|p2a: Elegy
|-supereffective|p2a: Elegy|1
|-damage|p2a: Elegy|81/100
|
|-damage|p1a: Decidueye|11/100 brn|[from] brn
|-damage|p1b: Sableye|88/100 brn|[from] brn
|upkeep
|turn|6
|
|t:|1783785610
|move|p2b: Nymph|Disable|p1a: Decidueye
|-start|p1a: Decidueye|Disable|Shadow Sneak
|move|p1b: Sableye|Sunny Day|p1b: Sableye
|-weather|SunnyDay
|move|p2a: Elegy|Torch Song|p1b: Sableye
|-damage|p1b: Sableye|12/100 brn
|-boost|p2a: Elegy|spa|1
|move|p1a: Decidueye|Spirit Shackle|p2a: Elegy
|-supereffective|p2a: Elegy|1
|-damage|p2a: Elegy|57/100
|
|-weather|SunnyDay|[upkeep]
|-damage|p1a: Decidueye|5/100 brn|[from] brn
|-damage|p1b: Sableye|6/100 brn|[from] brn
|upkeep
|turn|7
|
|t:|1783785635
|switch|p1b: Pyroar|Pyroar, L50, F, shiny|100/100
|switch|p2b: Legion|Basculegion, L50, M, shiny|83/100
|move|p1a: Decidueye|Protect|p1a: Decidueye
|-singleturn|p1a: Decidueye|Protect
|move|p2a: Elegy|Slack Off|p2a: Elegy
|-heal|p2a: Elegy|100/100
|
|-weather|SunnyDay|[upkeep]
|-damage|p1a: Decidueye|0 fnt|[from] brn
|faint|p1a: Decidueye
|upkeep
|
|t:|1783785641
|switch|p1a: Sableye|Sableye, L50, F, shiny|6/100 brn
|turn|8
|
|t:|1783785660
|detailschange|p1b: Pyroar|Pyroar-Mega, L50, F, shiny
|-mega|p1b: Pyroar|Pyroar|Pyroarite
|move|p2b: Legion|Wave Crash|p1b: Pyroar
|-supereffective|p1b: Pyroar|1
|-damage|p1b: Pyroar|40/100
|-damage|p2b: Legion|67/100|[from] Recoil
|move|p1b: Pyroar|Heat Wave|p2a: Elegy|[spread] p2a,p2b
|-resisted|p2a: Elegy|1
|-resisted|p2b: Legion|1
|-damage|p2a: Elegy|54/100
|-damage|p2b: Legion|22/100
|move|p2a: Elegy|Torch Song|p1a: Sableye
|-crit|p1a: Sableye
|-damage|p1a: Sableye|0 fnt
|-boost|p2a: Elegy|spa|1
|faint|p1a: Sableye
|
|-weather|SunnyDay|[upkeep]
|-sideend|p1: bruno.185|Reflect
|upkeep
|turn|9
|
|t:|1783785681
|move|p2b: Legion|Wave Crash|p1b: Pyroar
|-supereffective|p1b: Pyroar|1
|-damage|p1b: Pyroar|0 fnt
|faint|p1b: Pyroar
|-damage|p2b: Legion|11/100|[from] Recoil
|
|win|theghostgymleader
||bruno.185 is ready for game 2.
|c|☆bruno.185|ggs
|inactive|theghostgymleader has 30 seconds to confirm battle start!
||theghostgymleader is ready for game 2.
|uhtml|next|Next: Game 2 of 3
|l|☆theghostgymleader
|player|p2|
|l|☆bruno.185
|player|p1|
|j|☆theghostgymleader
|player|p2|theghostgymleader|brycenman|
