|j|☆Sylviana GL
|j|☆sturmkitten69
|html|Sylviana GLsturmkitten69    
|uhtml|bestof|Game 2 of a best-of-3
|t:|1784796045
|gametype|doubles
|player|p1|Sylviana GL|caitlin|1149
|player|p2|sturmkitten69|fisherman-gen4|1188
|gen|9
|tier|[Gen 9 Champions] VGC 2026 Reg M-B (Bo3)
|rated|
|rule|Species Clause: Limit one of each Pokémon
|rule|Item Clause: Limit 1 of each item
|clearpoke
|poke|p1|Aerodactyl, L50, F, shiny|
|poke|p1|Charizard, L50, M|
|poke|p1|Sylveon, L50, F|
|poke|p1|Garchomp, L50, M|
|poke|p1|Kingambit, L50, M|
|poke|p1|Incineroar, L50, M|
|poke|p2|Incineroar, L50, M, shiny|
|poke|p2|Rotom-Wash, L50, shiny|
|poke|p2|Delphox, L50, M|
|poke|p2|Altaria, L50, F|
|poke|p2|Sinistcha, L50|
|poke|p2|Chesnaught, L50, M, shiny|
|teampreview|4
|showteam|p1|Aerodactyl||Aerodactylite|Unnerve|RockSlide,IceFang,Tailwind,WideGuard|Jolly||F|||50|]Charizard||CharizarditeY|Blaze|HeatWave,WeatherBall,SolarBeam,Protect|Modest||M|||50|]Sylveon||FairyFeather|Pixilate|HyperVoice,HyperBeam,QuickAttack,Detect|Modest||F|||50|]Garchomp||LifeOrb|RoughSkin|DragonClaw,Earthquake,StompingTantrum,Protect|Jolly||M|||50|]Kingambit||FocusSash|Defiant|SuckerPunch,KowtowCleave,IronHead,Protect|Adamant||M|||50|]Incineroar||SitrusBerry|Intimidate|FlareBlitz,ThroatChop,FakeOut,PartingShot|Impish||M|||50|
|showteam|p2|Incineroar||PasshoBerry|Intimidate|FakeOut,PartingShot,ThroatChop,FlareBlitz|Impish||M|||50|]Rotom-Wash||ChoiceScarf|Levitate|VoltSwitch,Electroweb,WillOWisp,HydroPump|Timid|||||50|]Delphox||Delphoxite|Blaze|HeatWave,CalmMind,Psychic,Protect|Timid||M|||50|]Altaria||RoseliBerry|CloudNine|Tailwind,Roost,WillOWisp,DragonPulse|Bold||F|||50|]Sinistcha||SitrusBerry|Hospitality|Protect,RagePowder,LifeDew,MatchaGotcha|Bold|||||50|]Chesnaught||Leftovers|Bulletproof|WideGuard,BodyPress,WoodHammer,SpikyShield|Impish||M|||50|
|inactive|Battle timer is ON: inactive players will automatically lose when time's up. (requested by sturmkitten69)
|
|t:|1784796109
|teamsize|p1|4
|teamsize|p2|4
|start
|switch|p1a: Aerodactyl|Aerodactyl, L50, F, shiny|100/100
|switch|p1b: Sylveon|Sylveon, L50, F|100/100
|switch|p2a: Incineroar|Incineroar, L50, M, shiny|100/100
|switch|p2b: Rotom|Rotom-Wash, L50, shiny|100/100
|-ability|p1a: Aerodactyl|Unnerve
|-ability|p2a: Incineroar|Intimidate|boost
|-unboost|p1a: Aerodactyl|atk|1
|-unboost|p1b: Sylveon|atk|1
|turn|1
|
|t:|1784796129
|switch|p1a: Incineroar|Incineroar, L50, M|100/100
|-ability|p1a: Incineroar|Intimidate|boost
|-unboost|p2a: Incineroar|atk|1
|-unboost|p2b: Rotom|atk|1
|move|p2b: Rotom|Electroweb|p1b: Sylveon|[spread] p1a,p1b
|-damage|p1a: Incineroar|85/100
|-damage|p1b: Sylveon|84/100
|-unboost|p1a: Incineroar|spe|1
|-unboost|p1b: Sylveon|spe|1
|move|p2a: Incineroar|Parting Shot|p1a: Incineroar
|-unboost|p1a: Incineroar|atk|1
|-unboost|p1a: Incineroar|spa|1
|
|t:|1784796142
|switch|p2a: Delphox|Delphox, L50, M|100/100|[from] Parting Shot
|move|p1b: Sylveon|Hyper Beam|p2b: Rotom
|-damage|p2b: Rotom|0 fnt
|-mustrecharge|p1b: Sylveon
|faint|p2b: Rotom
|
|upkeep
|
|t:|1784796149
|switch|p2b: Incineroar|Incineroar, L50, M, shiny|100/100
|-ability|p2b: Incineroar|Intimidate|boost
|-unboost|p1a: Incineroar|atk|1
|-unboost|p1b: Sylveon|atk|1
|turn|2
|
|t:|1784796158
|detailschange|p2a: Delphox|Delphox-Mega, L50, M
|-mega|p2a: Delphox|Delphox|Delphoxite
|move|p2b: Incineroar|Fake Out|p1a: Incineroar
|-damage|p1a: Incineroar|76/100
|cant|p1a: Incineroar|flinch
|move|p2a: Delphox|Calm Mind|p2a: Delphox
|-boost|p2a: Delphox|spa|1
|-boost|p2a: Delphox|spd|1
|cant|p1b: Sylveon|recharge
|
|upkeep
|turn|3
|inactive|Sylviana GL has 30 seconds left.
|inactive|sturmkitten69 has 30 seconds left.
|
|t:|1784796185
|move|p2a: Delphox|Heat Wave|p1b: Sylveon|[spread] p1a
|-miss|p2a: Delphox|p1b: Sylveon
|-resisted|p1a: Incineroar|1
|-damage|p1a: Incineroar|53/100
|move|p2b: Incineroar|Parting Shot|p1a: Incineroar
|-unboost|p1a: Incineroar|atk|1
|-unboost|p1a: Incineroar|spa|1
|
|t:|1784796192
|switch|p2b: Chesnaught|Chesnaught, L50, M, shiny|100/100|[from] Parting Shot
|move|p1b: Sylveon|Hyper Beam|p2b: Chesnaught
|-supereffective|p2b: Chesnaught|1
|-damage|p2b: Chesnaught|0 fnt
|-mustrecharge|p1b: Sylveon
|faint|p2b: Chesnaught
|move|p1a: Incineroar|Parting Shot|p2a: Delphox
|-unboost|p2a: Delphox|atk|1
|-unboost|p2a: Delphox|spa|1
|
|t:|1784796201
|switch|p1a: Charizard|Charizard, L50, M|100/100|[from] Parting Shot
|
|upkeep
|
|t:|1784796205
|switch|p2b: Incineroar|Incineroar, L50, M, shiny|100/100
|-ability|p2b: Incineroar|Intimidate|boost
|-unboost|p1a: Charizard|atk|1
|-unboost|p1b: Sylveon|atk|1
|turn|4
|
|t:|1784796218
|switch|p1a: Incineroar|Incineroar, L50, M|53/100
|-ability|p1a: Incineroar|Intimidate|boost
|-unboost|p2a: Delphox|atk|1
|-unboost|p2b: Incineroar|atk|1
|move|p2b: Incineroar|Fake Out|p1a: Incineroar
|-damage|p1a: Incineroar|47/100
|-enditem|p1a: Incineroar|Sitrus Berry|[eat]
|-heal|p1a: Incineroar|72/100|[from] item: Sitrus Berry
|move|p2a: Delphox|Calm Mind|p2a: Delphox
|-boost|p2a: Delphox|spa|1
|-boost|p2a: Delphox|spd|1
|cant|p1b: Sylveon|recharge
|
|upkeep
|turn|5
|
|t:|1784796239
|move|p2a: Delphox|Heat Wave|p1b: Sylveon|[spread] p1a,p1b
|-resisted|p1a: Incineroar|1
|-damage|p1a: Incineroar|50/100g
|-damage|p1b: Sylveon|44/100
|move|p1a: Incineroar|Throat Chop|p2a: Delphox
|-supereffective|p2a: Delphox|1
|-damage|p2a: Delphox|30/100
|-start|p2a: Delphox|Throat Chop|[silent]
|move|p2b: Incineroar|Parting Shot|p1b: Sylveon
|-unboost|p1b: Sylveon|atk|1
|-unboost|p1b: Sylveon|spa|1
|move|p1b: Sylveon|Hyper Beam|p2b: Incineroar|[miss]
|-miss|p1b: Sylveon|p2b: Incineroar
|
|upkeep
|turn|6
|
|t:|1784796254
|move|p2a: Delphox|Heat Wave|p1a: Incineroar|[spread] p1b
|-miss|p2a: Delphox|p1a: Incineroar
|-damage|p1b: Sylveon|4/100
|move|p1a: Incineroar|Throat Chop|p2a: Delphox
|-supereffective|p2a: Delphox|1
|-damage|p2a: Delphox|0 fnt
|faint|p2a: Delphox
|move|p2b: Incineroar|Throat Chop|p1a: Incineroar
|-resisted|p1a: Incineroar|1
|-damage|p1a: Incineroar|42/100
|-start|p1a: Incineroar|Throat Chop|[silent]
|move|p1b: Sylveon|Hyper Beam|p2b: Incineroar
|-damage|p2b: Incineroar|41/100
|-mustrecharge|p1b: Sylveon
|
|upkeep
|turn|7
|-message|sturmkitten69 forfeited.
|
|win|Sylviana GL
||sturmkitten69 is ready for game 3.
|inactive|Sylviana GL has 30 seconds to confirm battle start!
||Sylviana GL is ready for game 3.
|uhtml|next|Next: Game 3 of 3
|l|☆sturmkitten69
|player|p2|
