|j|â˜†stanhoff
|j|â˜†SableyeIsTheGoat
|html|stanhoffSableyeIsTheGoat    
|uhtml|bestof|Game 2 of a best-of-3
|t:|1757781651
|gametype|doubles
|player|p1|stanhoff|falkner|1101
|player|p2|SableyeIsTheGoat|volkner|1123
|gen|9
|tier|[Gen 9] VGC 2025 Reg H (Bo3)
|rated|
|rule|Species Clause: Limit one of each PokÃ©mon
|rule|Item Clause: Limit 1 of each item
|clearpoke
|poke|p1|Hatterene, L50, F|
|poke|p1|Indeedee-F, L50, F|
|poke|p1|Sneasler, L50, M|
|poke|p1|Excadrill, L50, M|
|poke|p1|Tyranitar, L50, F|
|poke|p1|Amoonguss, L50, F|
|poke|p2|Garchomp, L50, F|
|poke|p2|Tyranitar, L50, M|
|poke|p2|Sneasler, L50, F|
|poke|p2|Indeedee-F, L50, F|
|poke|p2|Espeon, L50, M|
|poke|p2|Kilowattrel, L50, M|
|teampreview|4
|showteam|p1|Hatterene||LifeOrb|MagicBounce|Protect,TrickRoom,ExpandingForce,DazzlingGleam|||F|||50|,,,,,Psychic]Indeedee-F||SafetyGoggles|PsychicSurge|FollowMe,HelpingHand,Psychic,TrickRoom|||F|||50|,,,,,Fairy]Sneasler||PsychicSeed|Unburden|DireClaw,CloseCombat,ThroatChop,Protect|||M|||50|,,,,,Dark]Excadrill||FocusSash|SandRush|Earthquake,IronHead,HighHorsepower,Protect|||M|||50|,,,,,Ground]Tyranitar||AirBalloon|SandStream|RockSlide,LowKick,KnockOff,Protect|||F|||50|,,,,,Flying]Amoonguss||RockyHelmet|Regenerator|Spore,RagePowder,SludgeBomb,ClearSmog|||F|||50|,,,,,Water
|showteam|p2|Garchomp||LifeOrb|RoughSkin|DragonClaw,StompingTantrum,Earthquake,Protect|||F|||50|,,,,,Steel]Tyranitar||AssaultVest|SandStream|KnockOff,RockSlide,LowKick,TeraBlast|||M|||50|,,,,,Flying]Sneasler||PsychicSeed|Unburden|CloseCombat,DireClaw,ThroatChop,Coaching|||F|||50|,,,,,Stellar]Indeedee-F||SafetyGoggles|PsychicSurge|TrickRoom,FollowMe,Imprison,Psychic|||F|||50|,,,,,Fairy]Espeon||ChoiceSpecs|MagicBounce|ExpandingForce,TeraBlast,DazzlingGleam,ShadowBall|||M|||50|,,,,,Fighting]Kilowattrel||CovertCloak|Competitive|Thunderbolt,AirSlash,Tailwind,Protect|||M|||50|,,,,,Ghost
|
|t:|1757781694
|teamsize|p1|4
|teamsize|p2|4
|start
|switch|p1a: Excadrill|Excadrill, L50, M|100/100
|switch|p1b: Indeedee|Indeedee-F, L50, F|100/100
|switch|p2a: Garchomp|Garchomp, L50, F|100/100
|switch|p2b: Kilowattrel|Kilowattrel, L50, M|100/100
|-fieldstart|move: Psychic Terrain|[from] ability: Psychic Surge|[of] p1b: Indeedee
|turn|1
|inactive|Battle timer is ON: inactive players will automatically lose when time's up. (requested by stanhoff)
|
|t:|1757781723
|switch|p1b: Tyranitar|Tyranitar, L50, F|100/100
|-weather|Sandstorm|[from] ability: Sand Stream|[of] p1b: Tyranitar
|-item|p1b: Tyranitar|Air Balloon
|move|p1a: Excadrill|Iron Head|p2b: Kilowattrel
|-resisted|p2b: Kilowattrel
|-damage|p2b: Kilowattrel|63/100
|move|p2b: Kilowattrel|Thunderbolt|p1b: Tyranitar
|-damage|p1b: Tyranitar|79/100
|-status|p1b: Tyranitar|par
|-enditem|p1b: Tyranitar|Air Balloon
|move|p2a: Garchomp|Earthquake|p1b: Tyranitar|[spread] p1a,p1b
|-immune|p2b: Kilowattrel
|-supereffective|p1a: Excadrill
|-supereffective|p1b: Tyranitar
|-enditem|p1a: Excadrill|Focus Sash
|-damage|p1a: Excadrill|1/100
|-damage|p1b: Tyranitar|0 fnt
|faint|p1b: Tyranitar
|-damage|p2a: Garchomp|91/100|[from] item: Life Orb
|
|-weather|Sandstorm|[upkeep]
|-damage|p2b: Kilowattrel|57/100|[from] Sandstorm
|upkeep
|
|t:|1757781739
|switch|p1b: Sneasler|Sneasler, L50, M|100/100
|-enditem|p1b: Sneasler|Psychic Seed
|-boost|p1b: Sneasler|spd|1|[from] item: Psychic Seed
|turn|2
|
|t:|1757781761
|switch|p1b: Indeedee|Indeedee-F, L50, F|100/100
|move|p1a: Excadrill|Protect|p1a: Excadrill
|-singleturn|p1a: Excadrill|Protect
|move|p2b: Kilowattrel|Air Slash|p1b: Indeedee
|-damage|p1b: Indeedee|72/100
|move|p2a: Garchomp|Earthquake|p1b: Indeedee|[spread] p1b
|-activate|p1a: Excadrill|move: Protect
|-immune|p2b: Kilowattrel
|-damage|p1b: Indeedee|27/100
|-damage|p2a: Garchomp|81/100|[from] item: Life Orb
|
|-weather|Sandstorm|[upkeep]
|-damage|p2b: Kilowattrel|50/100|[from] Sandstorm
|upkeep
|turn|3
|
|t:|1757781781
|move|p1a: Excadrill|Iron Head|p2b: Kilowattrel
|-resisted|p2b: Kilowattrel
|-crit|p2b: Kilowattrel
|-damage|p2b: Kilowattrel|0 fnt
|faint|p2b: Kilowattrel
|move|p2a: Garchomp|Earthquake|p1b: Indeedee|[spread] p1a,p1b
|-supereffective|p1a: Excadrill
|-damage|p1a: Excadrill|0 fnt
|-damage|p1b: Indeedee|0 fnt
|faint|p1a: Excadrill
|faint|p1b: Indeedee
|-damage|p2a: Garchomp|71/100|[from] item: Life Orb
|
|-weather|Sandstorm|[upkeep]
|upkeep
|
|t:|1757781790
|switch|p2b: Espeon|Espeon, L50, M|100/100
|switch|p1b: Sneasler|Sneasler, L50, M|100/100
|turn|4
|
|t:|1757781808
|-terastallize|p2b: Espeon|Fighting
|move|p1b: Sneasler|Protect|p1b: Sneasler
|-singleturn|p1b: Sneasler|Protect
|move|p2b: Espeon|Expanding Force|p1b: Sneasler
|-activate|p1b: Sneasler|move: Protect
|move|p2a: Garchomp|Stomping Tantrum|p1b: Sneasler
|-activate|p1b: Sneasler|move: Protect
|
|-weather|Sandstorm|[upkeep]
|-damage|p2b: Espeon|95/100|[from] Sandstorm
|-damage|p1b: Sneasler|95/100|[from] Sandstorm
|upkeep
|turn|5
|
|t:|1757781823
|switch|p2b: Sneasler|Sneasler, L50, F|100/100
|-enditem|p2b: Sneasler|Psychic Seed
|-boost|p2b: Sneasler|spd|1|[from] item: Psychic Seed
|-terastallize|p1b: Sneasler|Dark
|move|p2a: Garchomp|Protect|p2a: Garchomp
|-singleturn|p2a: Garchomp|Protect
|move|p1b: Sneasler|Close Combat|p2a: Garchomp
|-activate|p2a: Garchomp|move: Protect
|
|-weather|none
|-fieldend|move: Psychic Terrain
|upkeep
|turn|6
|
|t:|1757781837
|move|p2b: Sneasler|Close Combat|p1b: Sneasler
|-supereffective|p1b: Sneasler
|-damage|p1b: Sneasler|0 fnt
|-unboost|p2b: Sneasler|def|1
|-unboost|p2b: Sneasler|spd|1
|faint|p1b: Sneasler
|
|win|SableyeIsTheGoat
||SableyeIsTheGoat is ready for game 3.
||stanhoff is ready for game 3.
|uhtml|next|Next: Game 3 of 3
|l|â˜†SableyeIsTheGoat
|player|p2|
