|j|☆el_papas2893
|j|☆HopeAddict
|html|el_papas2893HopeAddict    
|uhtml|bestof|Game 2 of a best-of-3
|t:|1756841182
|gametype|doubles
|player|p1|el_papas2893|266|1068
|player|p2|HopeAddict|bill|1051
|gen|9
|tier|[Gen 9] VGC 2025 Reg H (Bo3)
|rated|
|rule|Species Clause: Limit one of each Pokémon
|rule|Item Clause: Limit 1 of each item
|clearpoke
|poke|p1|Bastiodon, L50, F|
|poke|p1|Electabuzz, L50, M|
|poke|p1|Indeedee, L50, M|
|poke|p1|Sceptile, L50, F|
|poke|p1|Talonflame, L50, F|
|poke|p1|Ursaluna-Bloodmoon, L50, M|
|poke|p2|Corviknight, L50, M|
|poke|p2|Garchomp, L50, M|
|poke|p2|Ninetales-Alola, L50, F|
|poke|p2|Sneasler, L50, M|
|poke|p2|Primarina, L50, M|
|poke|p2|Amoonguss, L50, M|
|teampreview|4
|showteam|p1|Bastiodon||Leftovers|Soundproof|BodyPress,WideGuard,StoneEdge,IronDefense|||F|||50|,,,,,Fighting]Electabuzz||Eviolite|VitalSpirit|Electroweb,FollowMe,SleepTalk,HelpingHand|||M|||50|,,,,,Dragon]Indeedee||FocusSash|PsychicSurge|ExpandingForce,TeraBlast,TrickRoom,Protect|||M|||50|,,,,,Fighting]Sceptile||PsychicSeed|Unburden|ShedTail,DragonPulse,LeafStorm,Protect|||F|||50|,,,,,Fire]Talonflame||CovertCloak|GaleWings|Tailwind,DualWingbeat,WillOWisp,FlareBlitz|||F|||50|,,,,,Fairy]Ursaluna-Bloodmoon||LifeOrb|MindsEye|HyperVoice,BloodMoon,EarthPower,VacuumWave|||M|||50|,,,,,Normal
|showteam|p2|Corviknight||Leftovers|MirrorArmor|BraveBird,BodyPress,BulkUp,Tailwind|||M|||50|,,,,,Fire]Garchomp||ClearAmulet|RoughSkin|Earthquake,RockSlide,StompingTantrum,Protect|||M|||50|,,,,,Ground]Ninetales-Alola||LightClay|SnowWarning|Blizzard,Encore,AuroraVeil,Protect|||F|||50|,,,,,Ghost]Sneasler||WhiteHerb|Unburden|DireClaw,CloseCombat,Protect,Coaching|||M|||50|,,,,,Flying]Primarina||ThroatSpray|LiquidVoice|HyperVoice,Moonblast,CalmMind,Protect|||M|||50|,,,,,Poison]Amoonguss||SitrusBerry|Regenerator|ClearSmog,PollenPuff,RagePowder,Spore|||M|||50|,,,,,Psychic
|inactive|Battle timer is ON: inactive players will automatically lose when time's up. (requested by HopeAddict)
|
|t:|1756841203
|teamsize|p1|4
|teamsize|p2|4
|start
|switch|p1a: Talonflame|Talonflame, L50, F|100/100
|switch|p1b: Ursaluna|Ursaluna-Bloodmoon, L50, M|100/100
|switch|p2a: Ninetales|Ninetales-Alola, L50, F|100/100
|switch|p2b: Primarina|Primarina, L50, M|100/100
|-weather|Snowscape|[from] ability: Snow Warning|[of] p2a: Ninetales
|turn|1
|j| epom158
|inactive|el_papas2893 has 30 seconds left.
|inactive|HopeAddict has 30 seconds left.
|inactive|el_papas2893 has 20 seconds left.
|inactive|el_papas2893 has 15 seconds left.
|inactive|el_papas2893 has 10 seconds left.
|
|t:|1756841252
|switch|p1a: Bastiodon|Bastiodon, L50, F|100/100
|switch|p1b: Electabuzz|Electabuzz, L50, M|100/100
|move|p2a: Ninetales|Aurora Veil|p2a: Ninetales
|-sidestart|p2: HopeAddict|move: Aurora Veil
|move|p2b: Primarina|Calm Mind|p2b: Primarina
|-boost|p2b: Primarina|spa|1
|-boost|p2b: Primarina|spd|1
|
|-weather|Snowscape|[upkeep]
|upkeep
|turn|2
|inactive|HopeAddict has 30 seconds left.
|inactive|HopeAddict has 20 seconds left.
|inactive|HopeAddict has 15 seconds left.
|
|t:|1756841293
|switch|p2a: Corviknight|Corviknight, L50, M, shiny|100/100
|move|p1b: Electabuzz|Electroweb|p2a: Corviknight|[spread] p2a,p2b
|-supereffective|p2a: Corviknight
|-supereffective|p2b: Primarina
|-damage|p2a: Corviknight|85/100
|-damage|p2b: Primarina|91/100
|-ability|p2a: Corviknight|Mirror Armor
|-unboost|p1b: Electabuzz|spe|1
|-unboost|p2b: Primarina|spe|1
|move|p1a: Bastiodon|Iron Defense|p1a: Bastiodon
|-boost|p1a: Bastiodon|def|2
|move|p2b: Primarina|Moonblast|p1b: Electabuzz
|-damage|p1b: Electabuzz|35/100
|-unboost|p1b: Electabuzz|spa|1
|
|-weather|Snowscape|[upkeep]
|-heal|p2a: Corviknight|91/100|[from] item: Leftovers
|upkeep
|turn|3
|inactive|el_papas2893 has 30 seconds left.
|inactive|HopeAddict has 30 seconds left.
|inactive|el_papas2893 has 20 seconds left.
|inactive|el_papas2893 has 15 seconds left.
|inactive|el_papas2893 has 10 seconds left.
|inactive|el_papas2893 has 5 seconds left.
|
|t:|1756841344
|switch|p1b: Talonflame|Talonflame, L50, F|100/100
|move|p2a: Corviknight|Body Press|p1b: Talonflame
|-resisted|p1b: Talonflame
|-damage|p1b: Talonflame|88/100
|move|p1a: Bastiodon|Iron Defense|p1a: Bastiodon
|-boost|p1a: Bastiodon|def|2
|move|p2b: Primarina|Hyper Voice|p1a: Bastiodon|[spread] p1b
|-immune|p1a: Bastiodon|[from] ability: Soundproof
|-supereffective|p1b: Talonflame
|-damage|p1b: Talonflame|0 fnt
|faint|p1b: Talonflame
|-enditem|p2b: Primarina|Throat Spray
|-boost|p2b: Primarina|spa|1|[from] item: Throat Spray
|
|-weather|Snowscape|[upkeep]
|-heal|p2a: Corviknight|97/100|[from] item: Leftovers
|upkeep
|
|t:|1756841362
|switch|p1b: Ursaluna|Ursaluna-Bloodmoon, L50, M|100/100
|turn|4
|
|t:|1756841380
|-terastallize|p1b: Ursaluna|Normal
|move|p1b: Ursaluna|Blood Moon|p2b: Primarina
|-damage|p2b: Primarina|44/100
|-damage|p1b: Ursaluna|91/100|[from] item: Life Orb
|move|p2a: Corviknight|Bulk Up|p2a: Corviknight
|-boost|p2a: Corviknight|atk|1
|-boost|p2a: Corviknight|def|1
|move|p1a: Bastiodon|Iron Defense|p1a: Bastiodon
|-boost|p1a: Bastiodon|def|2
|move|p2b: Primarina|Hyper Voice|p1a: Bastiodon|[spread] p1b
|-immune|p1a: Bastiodon|[from] ability: Soundproof
|-damage|p1b: Ursaluna|0 fnt
|faint|p1b: Ursaluna
|
|-weather|Snowscape|[upkeep]
|-heal|p2a: Corviknight|100/100|[from] item: Leftovers
|upkeep
|
|t:|1756841401
|switch|p1b: Electabuzz|Electabuzz, L50, M|35/100
|turn|5
|
|t:|1756841413
|move|p2b: Primarina|Protect|p2b: Primarina
|-singleturn|p2b: Primarina|Protect
|move|p1b: Electabuzz|Electroweb|p2a: Corviknight|[spread] p2a
|-activate|p2b: Primarina|move: Protect
|-supereffective|p2a: Corviknight
|-damage|p2a: Corviknight|83/100
|-ability|p2a: Corviknight|Mirror Armor
|-unboost|p1b: Electabuzz|spe|1
|move|p2a: Corviknight|Body Press|p1b: Electabuzz
|-damage|p1b: Electabuzz|12/100
|move|p1a: Bastiodon|Body Press|p2a: Corviknight
|-damage|p2a: Corviknight|40/100
|
|-weather|none
|-heal|p2a: Corviknight|45/100|[from] item: Leftovers
|upkeep
|turn|6
|inactive|el_papas2893 has 30 seconds left.
|inactive|HopeAddict has 30 seconds left.
|
|t:|1756841446
|move|p1b: Electabuzz|Electroweb|p2a: Corviknight|[spread] p2a,p2b
|-supereffective|p2a: Corviknight
|-supereffective|p2b: Primarina
|-damage|p2a: Corviknight|29/100
|-damage|p2b: Primarina|35/100
|-ability|p2a: Corviknight|Mirror Armor
|-unboost|p1b: Electabuzz|spe|1
|-unboost|p2b: Primarina|spe|1
|move|p2a: Corviknight|Body Press|p1b: Electabuzz
|-damage|p1b: Electabuzz|0 fnt
|faint|p1b: Electabuzz
|move|p1a: Bastiodon|Body Press|p2a: Corviknight
|-damage|p2a: Corviknight|0 fnt
|faint|p2a: Corviknight
|move|p2b: Primarina|Moonblast|p1a: Bastiodon
|-resisted|p1a: Bastiodon
|-damage|p1a: Bastiodon|63/100
|
|-heal|p1a: Bastiodon|69/100|[from] item: Leftovers
|upkeep
|
|t:|1756841450
|switch|p2a: Garchomp|Garchomp, L50, M, shiny|100/100
|turn|7
|
|t:|1756841469
|-terastallize|p2a: Garchomp|Ground
|move|p2a: Garchomp|Stomping Tantrum|p1a: Bastiodon
|-supereffective|p1a: Bastiodon
|-damage|p1a: Bastiodon|35/100
|move|p1a: Bastiodon|Body Press|p2b: Primarina
|-resisted|p2b: Primarina
|-damage|p2b: Primarina|0 fnt
|faint|p2b: Primarina
|
|-heal|p1a: Bastiodon|41/100|[from] item: Leftovers
|upkeep
|
|t:|1756841473
|switch|p2b: Ninetales|Ninetales-Alola, L50, F|100/100
|-weather|Snowscape|[from] ability: Snow Warning|[of] p2b: Ninetales
|turn|8
|
|t:|1756841485
|move|p2b: Ninetales|Protect|p2b: Ninetales
|-singleturn|p2b: Ninetales|Protect
|move|p2a: Garchomp|Protect|p2a: Garchomp
|-singleturn|p2a: Garchomp|Protect
|move|p1a: Bastiodon|Body Press|p2a: Garchomp
|-activate|p2a: Garchomp|move: Protect
|
|-weather|Snowscape|[upkeep]
|-heal|p1a: Bastiodon|47/100|[from] item: Leftovers
|-sideend|p2: HopeAddict|move: Aurora Veil
|upkeep
|turn|9
|
|t:|1756841502
|move|p2b: Ninetales|Aurora Veil|p2b: Ninetales
|-sidestart|p2: HopeAddict|move: Aurora Veil
|move|p2a: Garchomp|Stomping Tantrum|p1a: Bastiodon
|-supereffective|p1a: Bastiodon
|-damage|p1a: Bastiodon|9/100
|move|p1a: Bastiodon|Body Press|p2a: Garchomp
|-damage|p2a: Garchomp|17/100
|-damage|p1a: Bastiodon|0 fnt|[from] ability: Rough Skin|[of] p2a: Garchomp
|faint|p1a: Bastiodon
|
|win|HopeAddict
|raw|el_papas2893's rating: 1068 → 1047(-21 for losing)
|raw|HopeAddict's rating: 1051 → 1085(+34 for winning)
|c|☆HopeAddict|ggwp
|l|☆el_papas2893
|player|p1|
|l| epom158
