|j|☆MaaxidiazzVGC
|j|☆hinoky
|html|MaaxidiazzVGChinoky    
|uhtml|bestof|Game 1 of a best-of-3
|t:|1785875924
|gametype|doubles
|player|p1|MaaxidiazzVGC|cynthia-gen4|1191
|player|p2|hinoky|wattson|1197
|gen|9
|tier|[Gen 9 Champions] VGC 2026 Reg M-B (Bo3)
|rated|
|rule|Species Clause: Limit one of each Pokémon
|rule|Item Clause: Limit 1 of each item
|clearpoke
|poke|p1|Charizard, L50, F|
|poke|p1|Whimsicott, L50, M|
|poke|p1|Garchomp, L50, M|
|poke|p1|Basculegion, L50, M|
|poke|p1|Kingambit, L50, F|
|poke|p1|Floette-Eternal, L50, F|
|poke|p2|Kingambit, L50, F|
|poke|p2|Glimmora, L50, M|
|poke|p2|Whimsicott, L50, F|
|poke|p2|Delphox, L50, F|
|poke|p2|Garchomp, L50, M|
|poke|p2|Staraptor, L50, F|
|teampreview|4
|showteam|p1|Charizard||CharizarditeY|Blaze|HeatWave,SolarBeam,WeatherBall,Protect|Modest||F|||50|]Whimsicott||FocusSash|Prankster|Moonblast,Encore,Tailwind,Protect|Timid||M|||50|]Garchomp||LifeOrb|RoughSkin|DragonClaw,Earthquake,RockSlide,Protect|Jolly||M|||50|]Basculegion||MysticWater|Adaptability|WaveCrash,LastRespects,Protect,AquaJet|Adamant||M|||50|]Kingambit||BlackGlasses|Defiant|KowtowCleave,IronHead,SuckerPunch,Protect|Adamant||F|||50|]Floette-Eternal||Floettite|FlowerVeil|Moonblast,DazzlingGleam,LightofRuin,Protect|Timid||F|||50|
|showteam|p2|Kingambit||ChopleBerry|Defiant|SuckerPunch,KowtowCleave,IronHead,LowKick|Adamant||F|||50|]Glimmora||FocusSash|ToxicDebris|SludgeBomb,PowerGem,EarthPower,SpikyShield|Timid||M|||50|]Whimsicott||OccaBerry|Prankster|Moonblast,Tailwind,Charm,Protect|Timid||F|||50|]Delphox||Delphoxite|Blaze|HeatWave,Psyshock,Substitute,Protect|Modest||F|||50|]Garchomp||LifeOrb|RoughSkin|DragonClaw,Earthquake,RockSlide,Protect|Jolly||M|||50|]Staraptor||Staraptite|Intimidate|BraveBird,CloseCombat,Roost,Protect|Jolly||F|||50|
|l|☆MaaxidiazzVGC
|player|p1|
|inactive|Battle timer is ON: inactive players will automatically lose when time's up. (requested by hinoky)
|j|☆MaaxidiazzVGC
|inactive|MaaxidiazzVGC reconnected and has 90 seconds left.
|player|p1|MaaxidiazzVGC|cynthia-gen4|
|
|t:|1785875977
|teamsize|p1|4
|teamsize|p2|4
|start
|switch|p1a: Whimsicott|Whimsicott, L50, M|100/100
|switch|p1b: Floette|Floette-Eternal, L50, F|100/100
|switch|p2a: Whimsicott|Whimsicott, L50, F|100/100
|switch|p2b: Glimmora|Glimmora, L50, M|100/100
|turn|1
|inactive|hinoky has 30 seconds left.
|
|t:|1785876002
|switch|p1b: Garchomp|Garchomp, L50, M|100/100
|move|p1a: Whimsicott|Protect|p1a: Whimsicott
|-singleturn|p1a: Whimsicott|Protect
|move|p2b: Glimmora|Spiky Shield|p2b: Glimmora
|-singleturn|p2b: Glimmora|move: Protect
|move|p2a: Whimsicott|Moonblast|p1a: Whimsicott
|-activate|p1a: Whimsicott|move: Protect
|
|upkeep
|turn|2
|
|t:|1785876024
|switch|p2b: Staraptor|Staraptor, L50, F|100/100
|-ability|p2b: Staraptor|Intimidate|boost
|-unboost|p1a: Whimsicott|atk|1
|-unboost|p1b: Garchomp|atk|1
|move|p2a: Whimsicott|Tailwind|p2a: Whimsicott
|-sidestart|p2: hinoky|move: Tailwind
|move|p1a: Whimsicott|Tailwind|p1a: Whimsicott
|-sidestart|p1: MaaxidiazzVGC|move: Tailwind
|move|p1b: Garchomp|Earthquake|p2b: Staraptor|[spread] p1a,p2a
|-immune|p2b: Staraptor
|-resisted|p1a: Whimsicott|1
|-resisted|p2a: Whimsicott|1
|-damage|p1a: Whimsicott|77/100
|-damage|p2a: Whimsicott|79/100
|-damage|p1b: Garchomp|90/100|[from] item: Life Orb
|
|upkeep
|turn|3
|
|t:|1785876045
|switch|p1b: Floette|Floette-Eternal, L50, F|100/100
|detailschange|p2b: Staraptor|Staraptor-Mega, L50, F
|-mega|p2b: Staraptor|Staraptor|Staraptite
|move|p2b: Staraptor|Protect|p2b: Staraptor
|-singleturn|p2b: Staraptor|Protect
|move|p1a: Whimsicott|Encore|p2a: Whimsicott
|-start|p2a: Whimsicott|Encore
|move|p2a: Whimsicott|Tailwind||[still]
|-fail|p2a: Whimsicott
|
|upkeep
|turn|4
|inactive|hinoky has 30 seconds left.
|
|t:|1785876078
|switch|p2a: Kingambit|Kingambit, L50, F|100/100
|switch|p2b: Glimmora|Glimmora, L50, M|100/100
|detailschange|p1b: Floette|Floette-Mega, L50, F
|-mega|p1b: Floette|Floette|Floettite
|-ability|p1b: Floette|Fairy Aura
|move|p1a: Whimsicott|Encore||[still]
|-fail|p1a: Whimsicott
|move|p1b: Floette|Dazzling Gleam|p2b: Glimmora|[spread] p2a,p2b
|-resisted|p2b: Glimmora|1
|-damage|p2a: Kingambit|59/100
|-damage|p2b: Glimmora|71/100
|
|upkeep
|turn|5
|inactive|hinoky has 30 seconds left.
|
|t:|1785876109
|move|p1a: Whimsicott|Protect|p1a: Whimsicott
|-singleturn|p1a: Whimsicott|Protect
|move|p2a: Kingambit|Sucker Punch||[still]
|-fail|p2a: Kingambit
|move|p1b: Floette|Moonblast|p2a: Kingambit
|-damage|p2a: Kingambit|0 fnt
|faint|p2a: Kingambit
|move|p2b: Glimmora|Sludge Bomb|p1b: Floette
|-supereffective|p1b: Floette|1
|-damage|p1b: Floette|19/100
|
|-sideend|p1: MaaxidiazzVGC|move: Tailwind
|-sideend|p2: hinoky|move: Tailwind
|upkeep
|
|t:|1785876122
|switch|p2a: Whimsicott|Whimsicott, L50, F|79/100
|turn|6
|
|t:|1785876131
|move|p2b: Glimmora|Spiky Shield|p2b: Glimmora
|-singleturn|p2b: Glimmora|move: Protect
|move|p1a: Whimsicott|Tailwind|p1a: Whimsicott
|-sidestart|p1: MaaxidiazzVGC|move: Tailwind
|move|p1b: Floette|Light of Ruin|p2a: Whimsicott
|-damage|p2a: Whimsicott|0 fnt
|faint|p2a: Whimsicott
|-damage|p1b: Floette|0 fnt|[from] Recoil
|faint|p1b: Floette
|
|upkeep
|
|t:|1785876141
|switch|p2a: Staraptor|Staraptor-Mega, L50, F|100/100
|switch|p1b: Kingambit|Kingambit, L50, F|100/100
|turn|7
|
|t:|1785876153
|move|p2a: Staraptor|Protect|p2a: Staraptor
|-singleturn|p2a: Staraptor|Protect
|move|p1a: Whimsicott|Encore|p2b: Glimmora
|-start|p2b: Glimmora|Encore
|move|p2b: Glimmora|Spiky Shield||[still]
|-fail|p2b: Glimmora
|move|p1b: Kingambit|Kowtow Cleave|p2a: Staraptor
|-activate|p2a: Staraptor|move: Protect
|
|upkeep
|turn|8
|-message|hinoky forfeited.
|
|win|MaaxidiazzVGC
