|j|☆blackstorm games
|j|☆WashYoButt
|html|blackstorm gamesWashYoButt    
|uhtml|bestof|Game 1 of a best-of-3
|t:|1756236208
|gametype|doubles
|player|p1|blackstorm games|266|1198
|player|p2|WashYoButt|ariana|1093
|gen|9
|tier|[Gen 9] VGC 2025 Reg H (Bo3)
|rated|
|rule|Species Clause: Limit one of each Pokémon
|rule|Item Clause: Limit 1 of each item
|clearpoke
|poke|p1|Gholdengo, L50|
|poke|p1|Incineroar, L50, F|
|poke|p1|Amoonguss, L50, F|
|poke|p1|Dragonite, L50, F|
|poke|p1|Primarina, L50, F|
|poke|p1|Garchomp, L50, F|
|poke|p2|Ribombee, L50, M|
|poke|p2|Hydreigon, L50, F|
|poke|p2|Gholdengo, L50|
|poke|p2|Milotic, L50, M|
|poke|p2|Talonflame, L50, F|
|poke|p2|Sneasler, L50, M|
|teampreview|4
|showteam|p1|Gholdengo||LifeOrb|GoodasGold|MakeItRain,ShadowBall,NastyPlot,Protect||||||50|,,,,,Water]Incineroar||SafetyGoggles|Intimidate|KnockOff,FlareBlitz,FakeOut,PartingShot|||F|||50|,,,,,Ghost]Amoonguss||CovertCloak|Regenerator|RagePowder,PollenPuff,Protect,Spore|||F|||50|,,,,,Dark]Dragonite||LoadedDice|Multiscale|ScaleShot,Tailwind,Protect,Haze|||F|||50|,,,,,Fairy]Primarina||AssaultVest|LiquidVoice|HyperVoice,Moonblast,IcyWind,DazzlingGleam|||F|||50|,,,,,Poison]Garchomp||ClearAmulet|RoughSkin|DragonClaw,Earthquake,SwordsDance,Protect|||F|||50|,,,,,Fire
|showteam|p2|Ribombee||ChoiceSpecs|ShieldDust|Moonblast,Psychic,PollenPuff,EnergyBall|||M|||50|,,,,,Psychic]Hydreigon||AssaultVest|Levitate|Snarl,DragonPulse,EarthPower,DarkPulse|||F|||50|,,,,,Poison]Gholdengo||Leftovers|GoodasGold|Protect,NastyPlot,MakeItRain,ShadowBall||||||50|,,,,,Dragon]Milotic||SitrusBerry|Competitive|Protect,Haze,IceBeam,Scald|||M|||50|,,,,,Grass]Talonflame||CovertCloak|GaleWings|Tailwind,Taunt,FlareBlitz,BraveBird|||F|||50|,,,,,Grass]Sneasler||FocusSash|Unburden|Protect,DireClaw,CloseCombat,ThroatChop|||M|||50|,,,,,Stellar
|inactive|Battle timer is ON: inactive players will automatically lose when time's up. (requested by WashYoButt)
|
|t:|1756236245
|teamsize|p1|4
|teamsize|p2|4
|start
|switch|p1a: Primarina|Primarina, L50, F|100/100
|switch|p1b: Dragonite|Dragonite, L50, F|100/100
|switch|p2a: Milotic|Milotic, L50, M|100/100
|switch|p2b: Ribombee|Ribombee, L50, M|100/100
|turn|1
|inactive|blackstorm games has 30 seconds left.
|
|t:|1756236272
|move|p2b: Ribombee|Moonblast|p1b: Dragonite
|-supereffective|p1b: Dragonite
|-damage|p1b: Dragonite|34/100
|move|p1b: Dragonite|Scale Shot|p2a: Milotic
|-damage|p2a: Milotic|90/100
|-damage|p2a: Milotic|81/100
|-crit|p2a: Milotic
|-damage|p2a: Milotic|66/100
|-damage|p2a: Milotic|55/100
|-damage|p2a: Milotic|45/100
|-enditem|p2a: Milotic|Sitrus Berry|[eat]
|-heal|p2a: Milotic|70/100|[from] item: Sitrus Berry
|-hitcount|p2a: Milotic|5
|-unboost|p1b: Dragonite|def|1
|-boost|p1b: Dragonite|spe|1
|move|p2a: Milotic|Ice Beam|p1b: Dragonite
|-supereffective|p1b: Dragonite
|-damage|p1b: Dragonite|0 fnt
|faint|p1b: Dragonite
|move|p1a: Primarina|Hyper Voice|p2b: Ribombee|[spread] p2a,p2b
|-resisted|p2a: Milotic
|-damage|p2a: Milotic|57/100
|-damage|p2b: Ribombee|36/100
|
|upkeep
|
|t:|1756236292
|switch|p1b: Garchomp|Garchomp, L50, F|100/100
|turn|2
|
|t:|1756236300
|move|p1b: Garchomp|Protect|p1b: Garchomp
|-singleturn|p1b: Garchomp|Protect
|move|p2b: Ribombee|Moonblast|p1b: Garchomp
|-activate|p1b: Garchomp|move: Protect
|move|p2a: Milotic|Scald|p1b: Garchomp
|-activate|p1b: Garchomp|move: Protect
|move|p1a: Primarina|Hyper Voice|p2a: Milotic|[spread] p2a,p2b
|-resisted|p2a: Milotic
|-crit|p2b: Ribombee
|-damage|p2a: Milotic|45/100
|-damage|p2b: Ribombee|0 fnt
|faint|p2b: Ribombee
|
|upkeep
|
|t:|1756236305
|switch|p2b: Sneasler|Sneasler, L50, M|100/100
|turn|3
|inactive|blackstorm games has 30 seconds left.
|
|t:|1756236335
|switch|p1b: Incineroar|Incineroar, L50, F|100/100
|-ability|p1b: Incineroar|Intimidate|boost
|-unboost|p2a: Milotic|atk|1
|-ability|p2a: Milotic|Competitive|boost
|-boost|p2a: Milotic|spa|2
|-unboost|p2b: Sneasler|atk|1
|-terastallize|p1a: Primarina|Poison
|move|p2b: Sneasler|Dire Claw|p1a: Primarina
|-resisted|p1a: Primarina
|-damage|p1a: Primarina|83/100
|move|p2a: Milotic|Scald|p1b: Incineroar
|-supereffective|p1b: Incineroar
|-damage|p1b: Incineroar|0 fnt
|faint|p1b: Incineroar
|move|p1a: Primarina|Moonblast|p2a: Milotic
|-damage|p2a: Milotic|6/100
|
|upkeep
|
|t:|1756236351
|switch|p1b: Garchomp|Garchomp, L50, F|100/100
|turn|4
|
|t:|1756236376
|switch|p2b: Gholdengo|Gholdengo, L50|100/100
|move|p2a: Milotic|Protect|p2a: Milotic
|-singleturn|p2a: Milotic|Protect
|move|p1b: Garchomp|Dragon Claw|p2a: Milotic
|-activate|p2a: Milotic|move: Protect
|move|p1a: Primarina|Hyper Voice|p2b: Gholdengo|[spread] p2b
|-activate|p2a: Milotic|move: Protect
|-damage|p2b: Gholdengo|71/100
|
|-heal|p2b: Gholdengo|77/100|[from] item: Leftovers
|upkeep
|turn|5
|
|t:|1756236399
|move|p1b: Garchomp|Dragon Claw|p2a: Milotic
|-damage|p2a: Milotic|0 fnt
|faint|p2a: Milotic
|move|p2b: Gholdengo|Shadow Ball|p1a: Primarina
|-damage|p1a: Primarina|60/100
|move|p1a: Primarina|Hyper Voice|p2b: Gholdengo
|-damage|p2b: Gholdengo|39/100
|
|-heal|p2b: Gholdengo|45/100|[from] item: Leftovers
|upkeep
|
|t:|1756236401
|switch|p2a: Sneasler|Sneasler, L50, M|100/100
|turn|6
|
|t:|1756236415
|move|p1b: Garchomp|Protect|p1b: Garchomp
|-singleturn|p1b: Garchomp|Protect
|move|p2b: Gholdengo|Protect|p2b: Gholdengo
|-singleturn|p2b: Gholdengo|Protect
|move|p2a: Sneasler|Close Combat|p1a: Primarina
|-resisted|p1a: Primarina
|-damage|p1a: Primarina|19/100
|-unboost|p2a: Sneasler|def|1
|-unboost|p2a: Sneasler|spd|1
|move|p1a: Primarina|Hyper Voice|p2a: Sneasler|[spread] p2a
|-activate|p2b: Gholdengo|move: Protect
|-damage|p2a: Sneasler|23/100
|
|-heal|p2b: Gholdengo|51/100|[from] item: Leftovers
|upkeep
|turn|7
|
|t:|1756236429
|-terastallize|p2b: Gholdengo|Dragon
|move|p2a: Sneasler|Close Combat|p1a: Primarina
|-resisted|p1a: Primarina
|-damage|p1a: Primarina|0 fnt
|-unboost|p2a: Sneasler|def|1
|-unboost|p2a: Sneasler|spd|1
|faint|p1a: Primarina
|move|p1b: Garchomp|Earthquake|p2a: Sneasler|[spread] p2a,p2b
|-supereffective|p2a: Sneasler
|-damage|p2a: Sneasler|0 fnt
|-damage|p2b: Gholdengo|17/100
|faint|p2a: Sneasler
|move|p2b: Gholdengo|Nasty Plot|p2b: Gholdengo
|-boost|p2b: Gholdengo|spa|2
|
|-heal|p2b: Gholdengo|23/100|[from] item: Leftovers
|upkeep
|turn|8
|
|t:|1756236444
|move|p1b: Garchomp|Dragon Claw|p2b: Gholdengo
|-supereffective|p2b: Gholdengo
|-damage|p2b: Gholdengo|0 fnt
|faint|p2b: Gholdengo
|
|win|blackstorm games
||WashYoButt is ready for game 2.
|l|☆blackstorm games
|player|p1|
||blackstorm games is ready for game 2.
|uhtml|next|Next: Game 2 of 3
|l|☆WashYoButt
|player|p2|
|j|☆blackstorm games
|player|p1|blackstorm games|266|
