|j|☆joseanfox
|j|☆int shinji
|html|joseanfoxint shinji    
|uhtml|bestof|Game 1 of a best-of-3
|t:|1783102039
|gametype|doubles
|player|p1|joseanfox|dawn|1120
|player|p2|int shinji|101|1079
|gen|9
|tier|[Gen 9 Champions] VGC 2026 Reg M-B (Bo3)
|rated|
|rule|Species Clause: Limit one of each Pokémon
|rule|Item Clause: Limit 1 of each item
|clearpoke
|poke|p1|Staraptor, L50, F|
|poke|p1|Sinistcha, L50|
|poke|p1|Archaludon, L50, M|
|poke|p1|Raichu, L50, F|
|poke|p1|Pelipper, L50, F|
|poke|p1|Grimmsnarl, L50, M|
|poke|p2|Kingambit, L50, F|
|poke|p2|Charizard, L50, F|
|poke|p2|Aerodactyl, L50, M|
|poke|p2|Farigiraf, L50, M|
|poke|p2|Garchomp, L50, F|
|poke|p2|Sylveon, L50, M|
|teampreview|4
|showteam|p1|Staraptor||Staraptite|Intimidate|CloseCombat,Roost,Protect,BraveBird|Adamant||F|||50|]Sinistcha||SitrusBerry|Hospitality|MatchaGotcha,ShadowBall,RagePowder,StrengthSap|Modest|||||50|]Archaludon||QuickClaw|Sturdy|AuraSphere,ElectroShot,FlashCannon,DracoMeteor|Timid||M|||50|]Raichu||RaichuniteX|LightningRod|FakeOut,BrickBreak,VoltTackle,RisingVoltage|Hasty||F|||50|]Pelipper||FocusSash|Drizzle|WeatherBall,WideGuard,Hurricane,Tailwind|Serious||F|||50|]Grimmsnarl||LightClay|Prankster|LightScreen,Reflect,PartingShot,SpiritBreak|Relaxed||M|||50|
|showteam|p2|Kingambit||FocusSash|Defiant|KowtowCleave,IronHead,SuckerPunch,LowKick|Adamant||F|||50|]Charizard||CharizarditeY|Blaze|HeatWave,SolarBeam,WeatherBall,Protect|Modest||F|||50|]Aerodactyl||Aerodactylite|Unnerve|RockSlide,DualWingbeat,IceFang,Tailwind|Jolly||M|||50|]Farigiraf||SitrusBerry|ArmorTail|Psychic,Thunderbolt,TrickRoom,Protect|Bold||M|||50|]Garchomp||LifeOrb|RoughSkin|Earthquake,DragonClaw,StompingTantrum,Protect|Jolly||F|||50|]Sylveon||FairyFeather|Pixilate|HyperVoice,HyperBeam,QuickAttack,Protect|Modest||M|||50|
|inactive|Battle timer is ON: inactive players will automatically lose when time's up. (requested by int shinji)
|
|t:|1783102082
|teamsize|p1|4
|teamsize|p2|4
|start
|switch|p1a: Salchipapa|Archaludon, L50, M|100/100
|switch|p1b: Veil|Pelipper, L50, F|100/100
|switch|p2a: Kingambit|Kingambit, L50, F|100/100
|switch|p2b: Garchomp|Garchomp, L50, F|100/100
|-weather|RainDance|[from] ability: Drizzle|[of] p1b: Veil
|turn|1
|inactive|int shinji has 30 seconds left.
|
|t:|1783102110
|move|p1b: Veil|Wide Guard|p1b: Veil
|-singleturn|p1b: Veil|Wide Guard
|move|p2b: Garchomp|Dragon Claw|p1b: Veil
|-damage|p1b: Veil|43/100
|-damage|p2b: Garchomp|90/100|[from] item: Life Orb
|move|p1a: Salchipapa|Aura Sphere|p2a: Kingambit
|-supereffective|p2a: Kingambit|2
|-enditem|p2a: Kingambit|Focus Sash
|-damage|p2a: Kingambit|1/100
|move|p2a: Kingambit|Kowtow Cleave|p1b: Veil
|-damage|p1b: Veil|0 fnt
|faint|p1b: Veil
|
|-weather|RainDance|[upkeep]
|upkeep
|
|t:|1783102134
|switch|p1b: Star lord|Staraptor, L50, F|100/100
|-ability|p1b: Star lord|Intimidate|boost
|-unboost|p2a: Kingambit|atk|1
|-ability|p2a: Kingambit|Defiant|boost
|-boost|p2a: Kingambit|atk|2
|-unboost|p2b: Garchomp|atk|1
|turn|2
|inactive|joseanfox has 30 seconds left.
|
|t:|1783102165
|switch|p2b: Charizard|Charizard, L50, F|100/100
|detailschange|p1b: Star lord|Staraptor-Mega, L50, F
|-mega|p1b: Star lord|Staraptor|Staraptite
|move|p1b: Star lord|Protect|p1b: Star lord
|-singleturn|p1b: Star lord|Protect
|move|p2a: Kingambit|Sucker Punch|p1a: Salchipapa
|-damage|p1a: Salchipapa|50/100g
|move|p1a: Salchipapa|Draco Meteor|p2b: Charizard
|-damage|p2b: Charizard|32/100
|-unboost|p1a: Salchipapa|spa|2
|
|-weather|RainDance|[upkeep]
|upkeep
|turn|3
|inactive|joseanfox has 30 seconds left.
|inactive|int shinji has 30 seconds left.
|inactive|joseanfox has 20 seconds left.
|inactive|joseanfox has 15 seconds left.
|inactive|int shinji has 20 seconds left.
|inactive|int shinji has 15 seconds left.
|inactive|int shinji has 10 seconds left.
|-activate|p1a: Salchipapa|item: Quick Claw
|
|t:|1783102216
|move|p2b: Charizard|Protect|p2b: Charizard
|-singleturn|p2b: Charizard|Protect
|move|p2a: Kingambit|Sucker Punch|p1a: Salchipapa
|-damage|p1a: Salchipapa|1/100
|move|p1a: Salchipapa|Flash Cannon|p2b: Charizard
|-activate|p2b: Charizard|move: Protect
|move|p1b: Star lord|Close Combat|p2a: Kingambit
|-supereffective|p2a: Kingambit|2
|-damage|p2a: Kingambit|0 fnt
|-boost|p1b: Star lord|def|1
|-boost|p1b: Star lord|spd|1
|faint|p2a: Kingambit
|
|-weather|RainDance|[upkeep]
|upkeep
|
|t:|1783102228
|switch|p2a: Farigiraf|Farigiraf, L50, M|100/100
|turn|4
|
|t:|1783102251
|switch|p1a: Mate|Sinistcha, L50|100/100
|detailschange|p2b: Charizard|Charizard-Mega-Y, L50, F
|-mega|p2b: Charizard|Charizard|Charizardite Y
|-weather|SunnyDay|[from] ability: Drought|[of] p2b: Charizard
|move|p1b: Star lord|Brave Bird|p2b: Charizard
|-damage|p2b: Charizard|0 fnt
|faint|p2b: Charizard
|-damage|p1b: Star lord|88/100|[from] Recoil
|move|p2a: Farigiraf|Trick Room|p2a: Farigiraf
|-fieldstart|move: Trick Room|[of] p2a: Farigiraf
|
|-weather|SunnyDay|[upkeep]
|upkeep
|
|t:|1783102260
|switch|p2b: Garchomp|Garchomp, L50, F|90/100
|turn|5
|
|t:|1783102278
|move|p1a: Mate|Rage Powder|p1a: Mate
|-singleturn|p1a: Mate|move: Rage Powder
|move|p2a: Farigiraf|Psychic|p1a: Mate
|-damage|p1a: Mate|67/100
|move|p1b: Star lord|Close Combat|p2b: Garchomp
|-damage|p2b: Garchomp|23/100
|-boost|p1b: Star lord|def|1
|-boost|p1b: Star lord|spd|1
|-damage|p1b: Star lord|75/100|[from] ability: Rough Skin|[of] p2b: Garchomp
|move|p2b: Garchomp|Dragon Claw|p1a: Mate
|-damage|p1a: Mate|10/100
|-enditem|p1a: Mate|Sitrus Berry|[eat]
|-heal|p1a: Mate|35/100|[from] item: Sitrus Berry
|-damage|p2b: Garchomp|13/100|[from] item: Life Orb
|
|-weather|SunnyDay|[upkeep]
|upkeep
|turn|6
|-message|int shinji forfeited.
|
|win|joseanfox
|l|☆int shinji
|player|p2|
||int shinji is ready for game 2.
|inactive|joseanfox has 30 seconds to confirm battle start!
