|j|☆mroreo328
|j|☆teyvgc
|html|mroreo328teyvgc    
|uhtml|bestof|Game 1 of a best-of-3
|t:|1782353963
|gametype|doubles
|player|p1|mroreo328|youngster-gen4dp|1161
|player|p2|teyvgc|rood|1163
|gen|9
|tier|[Gen 9 Champions] VGC 2026 Reg M-B (Bo3)
|rated|
|rule|Species Clause: Limit one of each Pokémon
|rule|Item Clause: Limit 1 of each item
|clearpoke
|poke|p1|Hatterene, L50, F|
|poke|p1|Farigiraf, L50, M, shiny|
|poke|p1|Vivillon-Pokeball, L50, F, shiny|
|poke|p1|Floette-Eternal, L50, F|
|poke|p1|Kangaskhan, L50, F|
|poke|p1|Camerupt, L50, M|
|poke|p2|Pyroar, L50, F|
|poke|p2|Whimsicott, L50, M|
|poke|p2|Ninetales, L50, M|
|poke|p2|Farigiraf, L50, M|
|poke|p2|Basculegion, L50, M|
|poke|p2|Floette-Eternal, L50, F|
|teampreview|4
|showteam|p1|Hatterene||FocusSash|MagicBounce|DazzlingGleam,Psychic,Protect,TrickRoom|Quiet||F|||50|]Farigiraf||ColburBerry|ArmorTail|Psychic,LowKick,SunnyDay,TrickRoom|Relaxed||M|||50|]Vivillon-Pokeball||ChoiceScarf|CompoundEyes|Hurricane,StruggleBug,PollenPuff,SleepPowder|Timid||F|||50|]Floette-Eternal||Floettite|FlowerVeil|DazzlingGleam,LightofRuin,CalmMind,Protect|Modest||F|||50|]Kangaskhan||SilkScarf|Scrappy|LastResort,FakeOut|Brave||F|||50|]Camerupt||Cameruptite|SolidRock|Eruption,EarthPower,AncientPower,Protect|Quiet||M|||50|
|showteam|p2|Pyroar||Pyroarite|Unnerve|HeatWave,SolarBeam,Overheat,Protect|Timid||F|||50|]Whimsicott||FocusSash|Prankster|Moonblast,Tailwind,SunnyDay,Protect|Timid||M|||50|]Ninetales||ChoiceScarf|Drought|Overheat,HeatWave,SolarBeam,FakeTears|Modest||M|||50|]Farigiraf||SitrusBerry|ArmorTail|Thunderbolt,TwinBeam,TrickRoom,HelpingHand|Bold||M|||50|]Basculegion||LifeOrb|Adaptability|WaveCrash,LastRespects,AquaJet,Protect|Adamant||M|||50|]Floette-Eternal||Floettite|FlowerVeil|Moonblast,DazzlingGleam,LightofRuin,Protect|Timid||F|||50|
|inactive|Battle timer is ON: inactive players will automatically lose when time's up. (requested by mroreo328)
|inactive|teyvgc has 60 seconds left.
|
|t:|1782354001
|teamsize|p1|4
|teamsize|p2|4
|start
|switch|p1a: Vivillon|Vivillon-Pokeball, L50, F, shiny|100/100
|switch|p1b: Camerupt|Camerupt, L50, M|100/100
|switch|p2a: Pyroar|Pyroar, L50, F|100/100
|switch|p2b: Floette|Floette-Eternal, L50, F|100/100
|-ability|p2a: Pyroar|Unnerve
|turn|1
|
|t:|1782354013
|detailschange|p1b: Camerupt|Camerupt-Mega, L50, M
|-mega|p1b: Camerupt|Camerupt|Cameruptite
|move|p2a: Pyroar|Protect|p2a: Pyroar
|-singleturn|p2a: Pyroar|Protect
|move|p2b: Floette|Protect|p2b: Floette
|-singleturn|p2b: Floette|Protect
|move|p1a: Vivillon|Sleep Powder|p2a: Pyroar
|-activate|p2a: Pyroar|move: Protect
|move|p1b: Camerupt|Eruption|p2b: Floette|[spread] 
|-activate|p2a: Pyroar|move: Protect
|-activate|p2b: Floette|move: Protect
|
|upkeep
|turn|2
|inactive|teyvgc has 30 seconds left.
|
|t:|1782354044
|switch|p2a: Farigiraf|Farigiraf, L50, M|100/100
|detailschange|p2b: Floette|Floette-Mega, L50, F
|-mega|p2b: Floette|Floette|Floettite
|-ability|p2b: Floette|Fairy Aura
|move|p1a: Vivillon|Sleep Powder|p2b: Floette
|-status|p2b: Floette|slp|[from] move: Sleep Powder
|cant|p2b: Floette|slp
|move|p1b: Camerupt|Earth Power|p2a: Farigiraf
|-crit|p2a: Farigiraf
|-damage|p2a: Farigiraf|0 fnt
|faint|p2a: Farigiraf
|
|upkeep
|
|t:|1782354056
|switch|p2a: Basculegion|Basculegion, L50, M|100/100
|turn|3
|
|t:|1782354076
|move|p1b: Camerupt|Protect|p1b: Camerupt
|-singleturn|p1b: Camerupt|Protect
|move|p1a: Vivillon|Sleep Powder|p2a: Basculegion
|-status|p2a: Basculegion|slp|[from] move: Sleep Powder
|cant|p2b: Floette|slp
|cant|p2a: Basculegion|slp
|
|upkeep
|turn|4
|
|t:|1782354091
|switch|p1a: Farigiraf|Farigiraf, L50, M, shiny|100/100
|cant|p2a: Basculegion|slp
|-curestatus|p2b: Floette|slp|[msg]
|move|p2b: Floette|Dazzling Gleam|p1a: Farigiraf|[spread] p1a,p1b
|-resisted|p1b: Camerupt|1
|-damage|p1a: Farigiraf|50/100g
|-damage|p1b: Camerupt|78/100
|move|p1b: Camerupt|Eruption|p2a: Basculegion|[spread] p2a,p2b
|-resisted|p2a: Basculegion|1
|-crit|p2b: Floette
|-damage|p2a: Basculegion|66/100 slp
|-damage|p2b: Floette|32/100
|
|upkeep
|turn|5
|
|t:|1782354106
|move|p2b: Floette|Dazzling Gleam|p1b: Camerupt|[spread] p1a,p1b
|-resisted|p1b: Camerupt|1
|-damage|p1a: Farigiraf|4/100
|-damage|p1b: Camerupt|54/100
|-curestatus|p2a: Basculegion|slp|[msg]
|move|p2a: Basculegion|Wave Crash|p1b: Camerupt
|-supereffective|p1b: Camerupt|2
|-damage|p1b: Camerupt|0 fnt
|faint|p1b: Camerupt
|-damage|p2a: Basculegion|49/100|[from] Recoil
|-damage|p2a: Basculegion|40/100|[from] item: Life Orb
|move|p1a: Farigiraf|Trick Room|p1a: Farigiraf
|-fieldstart|move: Trick Room|[of] p1a: Farigiraf
|
|upkeep
|
|t:|1782354114
|switch|p1b: Hatterene|Hatterene, L50, F|100/100
|turn|6
|inactive|teyvgc has 30 seconds left.
|inactive|teyvgc has 20 seconds left.
|
|t:|1782354151
|move|p1b: Hatterene|Dazzling Gleam|p2a: Basculegion|[spread] p2a,p2b
|-damage|p2a: Basculegion|0 fnt
|-damage|p2b: Floette|0 fnt
|faint|p2a: Basculegion
|faint|p2b: Floette
|move|p1a: Farigiraf|Psychic|p2: Basculegion|[notarget]
|-fail|p1a: Farigiraf
|
|upkeep
|
|t:|1782354159
|switch|p2b: Pyroar|Pyroar, L50, F|100/100
|-ability|p2b: Pyroar|Unnerve
|turn|7
|
|t:|1782354169
|move|p1b: Hatterene|Psychic|p2b: Pyroar
|-damage|p2b: Pyroar|23/100
|move|p1a: Farigiraf|Psychic|p2b: Pyroar
|-damage|p2b: Pyroar|0 fnt
|faint|p2b: Pyroar
|
|win|mroreo328
