|j|☆bexuanmailonto
|j|☆prosta1
|html|bexuanmailontoprosta1    
|uhtml|bestof|Game 2 of a best-of-3
|t:|1785432358
|gametype|doubles
|player|p1|bexuanmailonto|169|1177
|player|p2|prosta1|102|1218
|gen|9
|tier|[Gen 9 Champions] VGC 2026 Reg M-B (Bo3)
|rated|
|rule|Species Clause: Limit one of each Pokémon
|rule|Item Clause: Limit 1 of each item
|clearpoke
|poke|p1|Garchomp, L50, F|
|poke|p1|Tyranitar, L50, M|
|poke|p1|Corviknight, L50, F|
|poke|p1|Milotic, L50, M|
|poke|p1|Sinistcha, L50|
|poke|p1|Ceruledge, L50, M|
|poke|p2|Gengar, L50, M|
|poke|p2|Swampert, L50, F|
|poke|p2|Incineroar, L50, M|
|poke|p2|Politoed, L50, M|
|poke|p2|Kommo-o, L50, F|
|poke|p2|Vivillon, L50, F|
|teampreview|4
|showteam|p1|Garchomp||Garchompite|RoughSkin|EarthPower,DracoMeteor,PowerGem,Protect|Modest||F|||50|]Tyranitar||ChoiceScarf|SandStream|KnockOff,RockSlide,IcePunch,LowKick|Jolly||M|||50|]Corviknight||Leftovers|MirrorArmor|BraveBird,IronHead,Tailwind,Protect|Lax||F|||50|]Milotic||SitrusBerry|Competitive|Scald,IcyWind,Haze,Protect|Bold||M|||50|]Sinistcha||KasibBerry|Hospitality|MatchaGotcha,RagePowder,TrickRoom,Protect|Bold|||||50|]Ceruledge||ColburBerry|FlashFire|BitterBlade,ShadowSneak,BulkUp,Protect|Adamant||M|||50|
|showteam|p2|Gengar||Gengarite|CursedBody|ShadowBall,SludgeBomb,PerishSong,Protect|Timid||M|||50|]Swampert||Swampertite|Damp|WaveCrash,Earthquake,IcePunch,Protect|Adamant||F|||50|]Incineroar||PasshoBerry|Intimidate|ThroatChop,PartingShot,FakeOut,Protect|Sassy||M|||50|]Politoed||SitrusBerry|Drizzle|WeatherBall,PerishSong,Hypnosis,Protect|Calm||M|||50|]Kommo-o||Leftovers|Soundproof|ClangingScales,ClangorousSoul,AuraSphere,Protect|Modest||F|||50|]Vivillon||FocusSash|CompoundEyes|Hurricane,SleepPowder,RagePowder,Protect|Timid||F|||50|
|
|t:|1785432388
|teamsize|p1|4
|teamsize|p2|4
|start
|switch|p1a: Sinistcha|Sinistcha, L50|100/100
|switch|p1b: Tyranitar|Tyranitar, L50, M|100/100
|switch|p2a: Gengar|Gengar, L50, M|100/100
|switch|p2b: Kommo-o|Kommo-o, L50, F|100/100
|-weather|Sandstorm|[from] ability: Sand Stream|[of] p1b: Tyranitar
|turn|1
|
|t:|1785432452
|switch|p1b: Ceruledge|Ceruledge, L50, M|100/100
|move|p2a: Gengar|Protect|p2a: Gengar
|-singleturn|p2a: Gengar|Protect
|move|p2b: Kommo-o|Clangorous Soul|p2b: Kommo-o
|-boost|p2b: Kommo-o|atk|1
|-boost|p2b: Kommo-o|def|1
|-boost|p2b: Kommo-o|spa|1
|-boost|p2b: Kommo-o|spd|1
|-boost|p2b: Kommo-o|spe|1
|-damage|p2b: Kommo-o|67/100
|move|p1a: Sinistcha|Trick Room|p1a: Sinistcha
|-fieldstart|move: Trick Room|[of] p1a: Sinistcha
|
|-weather|Sandstorm|[upkeep]
|-damage|p1a: Sinistcha|93/100|[from] Sandstorm
|-damage|p1b: Ceruledge|93/100|[from] Sandstorm
|-damage|p2b: Kommo-o|60/100|[from] Sandstorm
|-damage|p2a: Gengar|93/100|[from] Sandstorm
|-heal|p2b: Kommo-o|67/100|[from] item: Leftovers
|upkeep
|turn|2
|inactive|Battle timer is ON: inactive players will automatically lose when time's up. (requested by prosta1)
|
|t:|1785432514
|detailschange|p2a: Gengar|Gengar-Mega, L50, M
|-mega|p2a: Gengar|Gengar|Gengarite
|move|p1a: Sinistcha|Matcha Gotcha|p2b: Kommo-o|[spread] p2a,p2b
|-resisted|p2a: Gengar|1
|-resisted|p2b: Kommo-o|1
|-damage|p2a: Gengar|82/100
|-heal|p1a: Sinistcha|99/100|[from] drain|[of] p2a: Gengar
|-damage|p2b: Kommo-o|58/100
|-heal|p1a: Sinistcha|100/100|[from] drain|[of] p2b: Kommo-o
|move|p1b: Ceruledge|Bitter Blade|p2a: Gengar
|-damage|p2a: Gengar|27/100
|-heal|p1b: Ceruledge|100/100|[from] drain|[of] p2a: Gengar
|move|p2b: Kommo-o|Clangorous Soul|p2b: Kommo-o
|-boost|p2b: Kommo-o|atk|1
|-boost|p2b: Kommo-o|def|1
|-boost|p2b: Kommo-o|spa|1
|-boost|p2b: Kommo-o|spd|1
|-boost|p2b: Kommo-o|spe|1
|-damage|p2b: Kommo-o|25/100
|move|p2a: Gengar|Shadow Ball|p1b: Ceruledge
|-supereffective|p1b: Ceruledge|1
|-damage|p1b: Ceruledge|10/100
|-unboost|p1b: Ceruledge|spd|1
|
|-weather|Sandstorm|[upkeep]
|-damage|p1a: Sinistcha|93/100|[from] Sandstorm
|-damage|p1b: Ceruledge|4/100|[from] Sandstorm
|-damage|p2a: Gengar|21/100|[from] Sandstorm
|-damage|p2b: Kommo-o|19/100|[from] Sandstorm
|-heal|p2b: Kommo-o|25/100|[from] item: Leftovers
|upkeep
|turn|3
|inactive|bexuanmailonto has 30 seconds left.
|inactive|prosta1 has 30 seconds left.
|inactive|bexuanmailonto has 20 seconds left.
|inactive|bexuanmailonto has 15 seconds left.
|inactive|bexuanmailonto has 10 seconds left.
|inactive|bexuanmailonto has 5 seconds left.
|
|t:|1785432569
|move|p2a: Gengar|Protect|p2a: Gengar
|-singleturn|p2a: Gengar|Protect
|move|p2b: Kommo-o|Protect|p2b: Kommo-o
|-singleturn|p2b: Kommo-o|Protect
|move|p1a: Sinistcha|Matcha Gotcha|p2b: Kommo-o|[spread] 
|-activate|p2a: Gengar|move: Protect
|-activate|p2b: Kommo-o|move: Protect
|move|p1b: Ceruledge|Bitter Blade|p2b: Kommo-o
|-activate|p2b: Kommo-o|move: Protect
|
|-weather|Sandstorm|[upkeep]
|-damage|p1a: Sinistcha|87/100|[from] Sandstorm
|-damage|p1b: Ceruledge|0 fnt|[from] Sandstorm
|-damage|p2a: Gengar|15/100|[from] Sandstorm
|-damage|p2b: Kommo-o|19/100|[from] Sandstorm
|faint|p1b: Ceruledge
|-heal|p2b: Kommo-o|25/100|[from] item: Leftovers
|upkeep
|
|t:|1785432582
|switch|p1b: Garchomp|Garchomp, L50, F|100/100
|turn|4
|inactive|prosta1 has 30 seconds left.
|
|t:|1785432609
|detailschange|p1b: Garchomp|Garchomp-Mega, L50, F
|-mega|p1b: Garchomp|Garchomp|Garchompite
|move|p1a: Sinistcha|Protect|p1a: Sinistcha
|-singleturn|p1a: Sinistcha|Protect
|move|p1b: Garchomp|Protect|p1b: Garchomp
|-singleturn|p1b: Garchomp|Protect
|move|p2a: Gengar|Perish Song|p2a: Gengar
|-start|p1a: Sinistcha|perish3|[silent]
|-start|p1b: Garchomp|perish3|[silent]
|-start|p2a: Gengar|perish3|[silent]
|-immune|p2b: Kommo-o|[from] ability: Soundproof
|-fieldactivate|move: Perish Song
|move|p2b: Kommo-o|Clanging Scales|p1b: Garchomp|[spread] 
|-activate|p1a: Sinistcha|move: Protect
|-activate|p1b: Garchomp|move: Protect
|
|-weather|Sandstorm|[upkeep]
|-damage|p1a: Sinistcha|81/100|[from] Sandstorm
|-damage|p2a: Gengar|9/100|[from] Sandstorm
|-damage|p2b: Kommo-o|19/100|[from] Sandstorm
|-heal|p2b: Kommo-o|25/100|[from] item: Leftovers
|-start|p1a: Sinistcha|perish3
|-start|p1b: Garchomp|perish3
|-start|p2a: Gengar|perish3
|upkeep
|turn|5
|
|t:|1785432630
|move|p2a: Gengar|Protect|p2a: Gengar
|-singleturn|p2a: Gengar|Protect
|move|p2b: Kommo-o|Protect|p2b: Kommo-o
|-singleturn|p2b: Kommo-o|Protect
|move|p1a: Sinistcha|Matcha Gotcha|p2b: Kommo-o|[spread] 
|-activate|p2a: Gengar|move: Protect
|-activate|p2b: Kommo-o|move: Protect
|move|p1b: Garchomp|Earth Power|p2b: Kommo-o
|-activate|p2b: Kommo-o|move: Protect
|
|-weather|none
|-heal|p2b: Kommo-o|31/100|[from] item: Leftovers
|-start|p1a: Sinistcha|perish2
|-start|p1b: Garchomp|perish2
|-start|p2a: Gengar|perish2
|-fieldend|move: Trick Room
|upkeep
|turn|6
|inactive|prosta1 has 30 seconds left.
|
|t:|1785432657
|switch|p2a: Politoed|Politoed, L50, M|100/100
|-weather|RainDance|[from] ability: Drizzle|[of] p2a: Politoed
|move|p1b: Garchomp|Protect|p1b: Garchomp
|-singleturn|p1b: Garchomp|Protect
|move|p2b: Kommo-o|Clanging Scales|p1a: Sinistcha|[spread] p1a
|-activate|p1b: Garchomp|move: Protect
|-damage|p1a: Sinistcha|12/100
|-unboost|p2b: Kommo-o|def|1
|move|p1a: Sinistcha|Matcha Gotcha|p2b: Kommo-o|[spread] p2a,p2b
|-supereffective|p2a: Politoed|1
|-resisted|p2b: Kommo-o|1
|-damage|p2a: Politoed|60/100
|-heal|p1a: Sinistcha|35/100|[from] drain|[of] p2a: Politoed
|-damage|p2b: Kommo-o|25/100
|-heal|p1a: Sinistcha|38/100|[from] drain|[of] p2b: Kommo-o
|-status|p2a: Politoed|brn
|
|-weather|RainDance|[upkeep]
|-heal|p2b: Kommo-o|31/100|[from] item: Leftovers
|-damage|p2a: Politoed|54/100 brn|[from] brn
|-start|p1b: Garchomp|perish1
|-start|p1a: Sinistcha|perish1
|upkeep
|turn|7
|inactive|bexuanmailonto has 30 seconds left.
|inactive|prosta1 has 30 seconds left.
|-message|bexuanmailonto forfeited.
|
|win|prosta1
|raw|bexuanmailonto's rating: 1177 → 1155(-22 for losing)
|raw|prosta1's rating: 1218 → 1240(+22 for winning)
|l|☆bexuanmailonto
|player|p1|
