|j|☆Jaspyjaspyjaspy
|j|☆new mental
|html|Jaspyjaspyjaspynew mental    
|uhtml|bestof|Game 3 of a best-of-3
|t:|1783246233
|gametype|doubles
|player|p1|Jaspyjaspyjaspy|2|1077
|player|p2|new mental|volkner|1144
|gen|9
|tier|[Gen 9 Champions] VGC 2026 Reg M-B (Bo3)
|rated|
|rule|Species Clause: Limit one of each Pokémon
|rule|Item Clause: Limit 1 of each item
|clearpoke
|poke|p1|Tyranitar, L50, F, shiny|
|poke|p1|Excadrill, L50, M, shiny|
|poke|p1|Aerodactyl, L50, F, shiny|
|poke|p1|Rotom-Wash, L50, shiny|
|poke|p1|Houndstone, L50, F, shiny|
|poke|p1|Meganium, L50, M, shiny|
|poke|p2|Aerodactyl, L50, M|
|poke|p2|Garchomp, L50, F|
|poke|p2|Kingambit, L50, F|
|poke|p2|Charizard, L50, F|
|poke|p2|Sylveon, L50, M|
|poke|p2|Farigiraf, L50, M|
|teampreview|4
|showteam|p1|Tyranitar||Tyranitarite|SandStream|Assurance,RockSlide,LowKick,Protect|Adamant||F|||50|]Excadrill||LifeOrb|SandRush|Earthquake,IronHead,Protect,RockSlide|Adamant||M|||50|]Aerodactyl||MuscleBand|Unnerve|Tailwind,DualWingbeat,RockSlide,Protect|Jolly||F|||50|]Rotom-Wash||Magnet|Levitate|HydroPump,VoltSwitch,Protect,Thunderbolt|Modest|||||50|]Houndstone||SitrusBerry|SandRush|LastRespects,WillOWisp,AllySwitch,Disable|Careful||F|||50|]Meganium||Meganiumite|Overgrow|SolarBeam,EarthPower,WeatherBall,DazzlingGleam|Modest||M|||50|
|showteam|p2|Aerodactyl||Aerodactylite|Unnerve|IceFang,RockSlide,Tailwind,DualWingbeat|Jolly||M|||50|]Garchomp||LifeOrb|RoughSkin|DragonClaw,StompingTantrum,Earthquake,Protect|Jolly||F|||50|]Kingambit||FocusSash|Defiant|SuckerPunch,KowtowCleave,IronHead,LowKick|Adamant||F|||50|]Charizard||CharizarditeY|SolarPower|Protect,HeatWave,SolarBeam,WeatherBall|Timid||F|||50|]Sylveon||FairyFeather|Pixilate|Protect,HyperVoice,HyperBeam,QuickAttack|Modest||M|||50|]Farigiraf||SitrusBerry|ArmorTail|TrickRoom,Thunderbolt,Psychic,Roar|Bold||M|||50|
|inactive|Battle timer is ON: inactive players will automatically lose when time's up. (requested by new mental)
|
|t:|1783246268
|teamsize|p1|4
|teamsize|p2|4
|start
|switch|p1a: Aerodactyl|Aerodactyl, L50, F, shiny|100/100
|switch|p1b: Tyranitar|Tyranitar, L50, F, shiny|100/100
|switch|p2a: Garchomp|Garchomp, L50, F|100/100
|switch|p2b: Kingambit|Kingambit, L50, F|100/100
|-ability|p1a: Aerodactyl|Unnerve
|-weather|Sandstorm|[from] ability: Sand Stream|[of] p1b: Tyranitar
|turn|1
|
|t:|1783246290
|move|p1a: Aerodactyl|Rock Slide|p2b: Kingambit|[spread] p2a,p2b
|-resisted|p2a: Garchomp|1
|-resisted|p2b: Kingambit|1
|-damage|p2a: Garchomp|86/100
|-damage|p2b: Kingambit|88/100
|move|p2a: Garchomp|Dragon Claw|p1a: Aerodactyl
|-damage|p1a: Aerodactyl|19/100
|-damage|p2a: Garchomp|76/100|[from] item: Life Orb
|move|p1b: Tyranitar|Low Kick|p2b: Kingambit
|-supereffective|p2b: Kingambit|2
|-damage|p2b: Kingambit|0 fnt
|faint|p2b: Kingambit
|
|-weather|Sandstorm|[upkeep]
|upkeep
|
|t:|1783246299
|switch|p2b: Farigiraf|Farigiraf, L50, M|100/100
|turn|2
|inactive|Jaspyjaspyjaspy has 30 seconds left.
|
|t:|1783246332
|move|p1a: Aerodactyl|Tailwind|p1a: Aerodactyl
|-sidestart|p1: Jaspyjaspyjaspy|move: Tailwind
|move|p1b: Tyranitar|Assurance|p2b: Farigiraf
|-supereffective|p2b: Farigiraf|1
|-damage|p2b: Farigiraf|47/100
|move|p2a: Garchomp|Stomping Tantrum|p1b: Tyranitar
|-supereffective|p1b: Tyranitar|1
|-damage|p1b: Tyranitar|10/100
|-damage|p2a: Garchomp|67/100|[from] item: Life Orb
|move|p2b: Farigiraf|Thunderbolt|p1b: Tyranitar
|-damage|p1b: Tyranitar|0 fnt
|faint|p1b: Tyranitar
|
|-weather|Sandstorm|[upkeep]
|-damage|p2b: Farigiraf|41/100|[from] Sandstorm
|upkeep
|
|t:|1783246350
|switch|p1b: Excadrill|Excadrill, L50, M, shiny|100/100
|turn|3
|
|t:|1783246364
|move|p1b: Excadrill|Earthquake|p2b: Farigiraf|[spread] p2a,p2b
|-immune|p1a: Aerodactyl
|-damage|p2a: Garchomp|12/100
|-damage|p2b: Farigiraf|0 fnt
|faint|p2b: Farigiraf
|-damage|p1b: Excadrill|90/100|[from] item: Life Orb
|move|p1a: Aerodactyl|Rock Slide|p2a: Garchomp
|-resisted|p2a: Garchomp|1
|-damage|p2a: Garchomp|0 fnt
|faint|p2a: Garchomp
|
|-weather|Sandstorm|[upkeep]
|upkeep
|
|t:|1783246375
|switch|p2b: Charizard|Charizard, L50, F|100/100
|turn|4
|
|t:|1783246382
|move|p2b: Charizard|Protect|p2b: Charizard
|-singleturn|p2b: Charizard|Protect
|move|p1b: Excadrill|Rock Slide|p2b: Charizard
|-activate|p2b: Charizard|move: Protect
|move|p1a: Aerodactyl|Rock Slide|p2b: Charizard
|-activate|p2b: Charizard|move: Protect
|
|-weather|Sandstorm|[upkeep]
|-damage|p2b: Charizard|93/100|[from] Sandstorm
|upkeep
|turn|5
|
|t:|1783246395
|detailschange|p2b: Charizard|Charizard-Mega-Y, L50, F
|-mega|p2b: Charizard|Charizard|Charizardite Y
|-weather|SunnyDay|[from] ability: Drought|[of] p2b: Charizard
|move|p1a: Aerodactyl|Rock Slide|p2b: Charizard
|-supereffective|p2b: Charizard|2
|-damage|p2b: Charizard|0 fnt
|faint|p2b: Charizard
|
|win|Jaspyjaspyjaspy
|raw|Jaspyjaspyjaspy's rating: 1077 → 1111(+34 for winning)
|raw|new mental's rating: 1144 → 1114(-30 for losing)
