|j|☆Drti7
|j|☆MelonazoBalonazo
|html|Drti7MelonazoBalonazo    
|uhtml|bestof|Game 1 of a best-of-3
|t:|1756409417
|gametype|doubles
|player|p1|Drti7|101|1101
|player|p2|MelonazoBalonazo|preschooler|1000
|gen|9
|tier|[Gen 9] VGC 2025 Reg H (Bo3)
|rated|
|rule|Species Clause: Limit one of each Pokémon
|rule|Item Clause: Limit 1 of each item
|clearpoke
|poke|p1|Tyranitar, L50, F|
|poke|p1|Incineroar, L50, F|
|poke|p1|Primarina, L50, F|
|poke|p1|Rillaboom, L50, M|
|poke|p1|Corviknight, L50, M|
|poke|p1|Ursaluna-Bloodmoon, L50, M|
|poke|p2|Primeape, L50, F|
|poke|p2|Smeargle, L50, M|
|poke|p2|Krookodile, L50, F|
|poke|p2|Cryogonal, L50|
|poke|p2|Gholdengo, L50|
|poke|p2|Whimsicott, L50, M|
|teampreview|4
|showteam|p1|Tyranitar||ClearAmulet|SandStream|RockSlide,KnockOff,DragonDance,Protect|||F|||50|,,,,,Flying]Incineroar||SafetyGoggles|Intimidate|KnockOff,FlareBlitz,FakeOut,PartingShot|||F|||50|,,,,,Ghost]Primarina||ThroatSpray|LiquidVoice|HyperVoice,Moonblast,Haze,Protect|||F|||50|,,,,,Steel]Rillaboom||AssaultVest|GrassySurge|GrassyGlide,WoodHammer,FakeOut,Uturn|||M|||50|,,,,,Fire]Corviknight||Leftovers|MirrorArmor|BraveBird,BodyPress,Tailwind,IronDefense|||M|||50|,,,,,Fire]Ursaluna-Bloodmoon||LifeOrb|MindsEye|HyperVoice,BloodMoon,EarthPower,Protect|||M|||50|,,,,,Water
|showteam|p2|Primeape||Eviolite|AngerPoint|DrainPunch,RageFist,Taunt,Protect|||F|||50|,,,,,Ghost]Smeargle||FocusSash|Moody|FakeOut,FollowMe,Spore,WickedBlow|||M|||50|,,,,,Ghost]Krookodile||AssaultVest|AngerPoint|Earthquake,HighHorsepower,PowerTrip,RockSlide|||F|||50|,,,,,Fire]Cryogonal||CovertCloak|Levitate|FrostBreath,IcyWind,Haze,FreezeDry||||||50|,,,,,Fairy]Gholdengo||WeaknessPolicy|GoodasGold|MakeItRain,ShadowBall,NastyPlot,Protect||||||50|,,,,,Water]Whimsicott||ScopeLens|Prankster|Tailwind,Taunt,BeatUp,Moonblast|||M|||50|,,,,,Ghost
|inactive|Battle timer is ON: inactive players will automatically lose when time's up. (requested by MelonazoBalonazo)
|
|t:|1756409492
|teamsize|p1|4
|teamsize|p2|4
|start
|switch|p1a: Nevermore|Corviknight, L50, M, shiny|100/100
|switch|p1b: RAWR|Incineroar, L50, F, shiny|100/100
|switch|p2a: Primeape|Primeape, L50, F|100/100
|switch|p2b: Smeargle|Smeargle, L50, M|100/100
|-ability|p1b: RAWR|Intimidate|boost
|-unboost|p2a: Primeape|atk|1
|-unboost|p2b: Smeargle|atk|1
|turn|1
|inactive|Drti7 has 30 seconds left.
|inactive|MelonazoBalonazo has 30 seconds left.
|inactive|MelonazoBalonazo has 20 seconds left.
|inactive|MelonazoBalonazo has 15 seconds left.
|inactive|MelonazoBalonazo has 10 seconds left.
|inactive|MelonazoBalonazo has 5 seconds left.
|
|t:|1756409544
|-terastallize|p2b: Smeargle|Ghost
|move|p1b: RAWR|Fake Out|p2b: Smeargle
|-immune|p2b: Smeargle
|move|p2b: Smeargle|Spore|p1a: Nevermore
|-status|p1a: Nevermore|slp|[from] move: Spore
|move|p2a: Primeape|Taunt|p1a: Nevermore
|-start|p1a: Nevermore|move: Taunt
|cant|p1a: Nevermore|slp
|
|-ability|p2b: Smeargle|Moody|boost
|-boost|p2b: Smeargle|spd|2
|-unboost|p2b: Smeargle|spa|1
|upkeep
|turn|2
|inactive|Drti7 has 30 seconds left.
|inactive|MelonazoBalonazo has 30 seconds left.
|
|t:|1756409572
|move|p2b: Smeargle|Wicked Blow|p2a: Primeape
|-resisted|p2a: Primeape
|-crit|p2a: Primeape
|-damage|p2a: Primeape|96/100
|-setboost|p2a: Primeape|atk|6|[from] ability: Anger Point
|move|p2a: Primeape|Drain Punch|p1b: RAWR
|-supereffective|p1b: RAWR
|-damage|p1b: RAWR|0 fnt
|-heal|p2a: Primeape|100/100|[from] drain|[of] p1b: RAWR
|faint|p1b: RAWR
|cant|p1a: Nevermore|slp
|
|-ability|p2b: Smeargle|Moody|boost
|-boost|p2b: Smeargle|spd|2
|-unboost|p2b: Smeargle|spa|1
|upkeep
|
|t:|1756409592
|switch|p1b: BeatBoi|Rillaboom, L50, M, shiny|100/100
|-fieldstart|move: Grassy Terrain|[from] ability: Grassy Surge|[of] p1b: BeatBoi
|turn|3
|
|t:|1756409615
|move|p1b: BeatBoi|Fake Out|p2a: Primeape
|-damage|p2a: Primeape|85/100
|move|p2b: Smeargle|Follow Me|p2b: Smeargle
|-singleturn|p2b: Smeargle|move: Follow Me
|cant|p2a: Primeape|flinch
|cant|p1a: Nevermore|slp
|
|-heal|p2a: Primeape|91/100|[from] Grassy Terrain
|-end|p1a: Nevermore|move: Taunt
|-ability|p2b: Smeargle|Moody|boost
|-boost|p2b: Smeargle|spa|2
|-unboost|p2b: Smeargle|spe|1
|upkeep
|turn|4
|inactive|Drti7 has 30 seconds left.
|
|t:|1756409646
|move|p2b: Smeargle|Follow Me|p2b: Smeargle
|-singleturn|p2b: Smeargle|move: Follow Me
|move|p2a: Primeape|Drain Punch|p1b: BeatBoi
|-damage|p1b: BeatBoi|0 fnt
|-heal|p2a: Primeape|100/100|[from] drain|[of] p1b: BeatBoi
|faint|p1b: BeatBoi
|-curestatus|p1a: Nevermore|slp|[msg]
|move|p1a: Nevermore|Brave Bird|p2b: Smeargle
|-enditem|p2b: Smeargle|Focus Sash
|-damage|p2b: Smeargle|1/100
|-damage|p1a: Nevermore|73/100|[from] Recoil
|
|-heal|p1a: Nevermore|79/100|[from] item: Leftovers
|-heal|p2b: Smeargle|7/100|[from] Grassy Terrain
|-ability|p2b: Smeargle|Moody|boost
|-boost|p2b: Smeargle|spd|2
|-unboost|p2b: Smeargle|def|1
|upkeep
|
|t:|1756409662
|switch|p1b: Shelly|Primarina, L50, F|100/100
|turn|5
|
|t:|1756409682
|move|p2a: Primeape|Rage Fist|p1a: Nevermore
|-damage|p1a: Nevermore|0 fnt
|faint|p1a: Nevermore
|move|p1b: Shelly|Hyper Voice|p2b: Smeargle|[spread] p2a,p2b
|-damage|p2a: Primeape|69/100
|-damage|p2b: Smeargle|0 fnt
|faint|p2b: Smeargle
|-enditem|p1b: Shelly|Throat Spray
|-boost|p1b: Shelly|spa|1|[from] item: Throat Spray
|
|-heal|p2a: Primeape|75/100|[from] Grassy Terrain
|upkeep
|
|t:|1756409697
|switch|p2b: Whimsicott|Whimsicott, L50, M|100/100
|turn|6
|
|t:|1756409708
|move|p2b: Whimsicott|Beat Up|p2a: Primeape
|-resisted|p2a: Primeape
|-crit|p2a: Primeape
|-damage|p2a: Primeape|73/100
|-resisted|p2a: Primeape
|-damage|p2a: Primeape|72/100
|-resisted|p2a: Primeape
|-damage|p2a: Primeape|71/100
|-hitcount|p2a: Primeape|3
|move|p2a: Primeape|Rage Fist|p1b: Shelly
|-damage|p1b: Shelly|0 fnt
|faint|p1b: Shelly
|
|win|MelonazoBalonazo
||MelonazoBalonazo is ready for game 2.
|inactive|Drti7 has 30 seconds to confirm battle start!
|l|☆Drti7
|player|p1|
||Drti7 is ready for game 2.
|uhtml|next|Next: Game 2 of 3
