|j|☆Mountainman46
|j|☆risotto_venere
|html|Mountainman46risotto_venere    
|uhtml|bestof|Game 2 of a best-of-3
|t:|1757856966
|gametype|doubles
|player|p1|Mountainman46|102|1177
|player|p2|risotto_venere|n|1197
|gen|9
|tier|[Gen 9] VGC 2025 Reg H (Bo3)
|rated|
|rule|Species Clause: Limit one of each Pokémon
|rule|Item Clause: Limit 1 of each item
|clearpoke
|poke|p1|Pelipper, L50, F|
|poke|p1|Basculegion, L50, M|
|poke|p1|Incineroar, L50, F|
|poke|p1|Archaludon, L50, M|
|poke|p1|Sinistcha, L50|
|poke|p1|Ursaluna, L50, M|
|poke|p2|Sneasler, L50, F|
|poke|p2|Dragapult, L50, M|
|poke|p2|Dondozo, L50, F|
|poke|p2|Rillaboom, L50, M|
|poke|p2|Volcarona, L50, M|
|poke|p2|Electabuzz, L50, F|
|teampreview|4
|showteam|p1|Pelipper||FocusSash|Drizzle|Hurricane,WeatherBall,Tailwind,Protect|||F|||50|,,,,,Stellar]Basculegion||ChoiceBand|SwiftSwim|WaveCrash,LastRespects,AquaJet,FlipTurn|||M|||50|,,,,,Water]Incineroar||SafetyGoggles|Intimidate|KnockOff,FakeOut,Taunt,PartingShot|||F|||50|,,,,,Flying]Archaludon||AssaultVest|Stamina|ElectroShot,DragonPulse,FlashCannon,BodyPress|||M|||50|,,,,,Grass]Sinistcha||SitrusBerry|Hospitality|MatchaGotcha,RagePowder,LifeDew,TrickRoom||||||50|,,,,,Water]Ursaluna||FlameOrb|Guts|HeadlongRush,Facade,Earthquake,Protect|||M|||50|,,,,,Ghost
|showteam|p2|Sneasler||FocusSash|PoisonTouch|FakeOut,DireClaw,CloseCombat,Protect|||F|||50|,,,,,Ghost]Dragapult||ChoiceBand|ClearBody|DragonDarts,PhantomForce,Uturn,Outrage|||M|||50|,,,,,Dragon]Dondozo||Leftovers|Unaware|WaveCrash,Yawn,Fissure,Protect|||F|||50|,,,,,Poison]Rillaboom||AssaultVest|GrassySurge|FakeOut,WoodHammer,GrassyGlide,HighHorsepower|||M|||50|,,,,,Fire]Volcarona||CovertCloak|FlameBody|HeatWave,QuiverDance,TeraBlast,Protect|||M|||50|,,,,,Fairy]Electabuzz||Eviolite|VitalSpirit|Electroweb,FollowMe,Taunt,Protect|||F|||50|,,,,,Ghost
|inactive|Battle timer is ON: inactive players will automatically lose when time's up. (requested by Mountainman46)
|inactive|Mountainman46 has 60 seconds left.
|inactive|risotto_venere has 60 seconds left.
|
|t:|1757857004
|teamsize|p1|4
|teamsize|p2|4
|start
|switch|p1a: Incineroar|Incineroar, L50, F, shiny|100/100
|switch|p1b: Basculegion|Basculegion, L50, M, shiny|100/100
|switch|p2a: Dondozo|Dondozo, L50, F|100/100
|switch|p2b: Dragapult|Dragapult, L50, M|100/100
|-ability|p1a: Incineroar|Intimidate|boost
|-unboost|p2a: Dondozo|atk|1
|-fail|p2b: Dragapult|unboost|[from] ability: Clear Body|[of] p2b: Dragapult
|turn|1
|inactive|Mountainman46 has 30 seconds left.
|inactive|risotto_venere has 30 seconds left.
|
|t:|1757857035
|switch|p2a: Electabuzz|Electabuzz, L50, F|100/100
|-terastallize|p2b: Dragapult|Dragon
|move|p2b: Dragapult|Outrage|p1a: Incineroar
|-damage|p1a: Incineroar|0 fnt
|faint|p1a: Incineroar
|move|p1b: Basculegion|Last Respects|p2b: Dragapult
|-damage|p2b: Dragapult|0 fnt
|faint|p2b: Dragapult
|
|upkeep
|
|t:|1757857047
|switch|p2b: Dondozo|Dondozo, L50, F|100/100
|switch|p1a: Archaludon|Archaludon, L50, M|100/100
|turn|2
|
|t:|1757857063
|move|p1b: Basculegion|Last Respects|p2a: Electabuzz
|-damage|p2a: Electabuzz|39/100
|move|p2a: Electabuzz|Electroweb|p1a: Archaludon|[spread] p1a
|-miss|p2a: Electabuzz|p1b: Basculegion
|-resisted|p1a: Archaludon
|-damage|p1a: Archaludon|95/100
|-unboost|p1a: Archaludon|spe|1
|-ability|p1a: Archaludon|Stamina|boost
|-boost|p1a: Archaludon|def|1
|move|p1a: Archaludon|Dragon Pulse|p2a: Electabuzz
|-damage|p2a: Electabuzz|7/100
|move|p2b: Dondozo|Yawn|p1a: Archaludon
|-start|p1a: Archaludon|move: Yawn|[of] p2b: Dondozo
|
|upkeep
|turn|3
|
|t:|1757857084
|switch|p1a: Pelipper|Pelipper, L50, F|100/100
|-weather|RainDance|[from] ability: Drizzle|[of] p1a: Pelipper
|move|p2a: Electabuzz|Protect|p2a: Electabuzz
|-singleturn|p2a: Electabuzz|Protect
|move|p1b: Basculegion|Last Respects|p2a: Electabuzz
|-activate|p2a: Electabuzz|move: Protect
|move|p2b: Dondozo|Yawn|p1b: Basculegion
|-start|p1b: Basculegion|move: Yawn|[of] p2b: Dondozo
|
|-weather|RainDance|[upkeep]
|upkeep
|turn|4
|
|t:|1757857104
|move|p1a: Pelipper|Protect|p1a: Pelipper
|-singleturn|p1a: Pelipper|Protect
|move|p1b: Basculegion|Last Respects|p2a: Electabuzz
|-damage|p2a: Electabuzz|0 fnt
|faint|p2a: Electabuzz
|move|p2b: Dondozo|Yawn|p1a: Pelipper
|-activate|p1a: Pelipper|move: Protect
|
|-weather|RainDance|[upkeep]
|-end|p1b: Basculegion|move: Yawn|[silent]
|-status|p1b: Basculegion|slp
|upkeep
|
|t:|1757857108
|switch|p2a: Sneasler|Sneasler, L50, F|100/100
|turn|5
|
|t:|1757857125
|switch|p1a: Archaludon|Archaludon, L50, M|95/100
|cant|p1b: Basculegion|slp
|move|p2a: Sneasler|Dire Claw|p1b: Basculegion
|-resisted|p1b: Basculegion
|-damage|p1b: Basculegion|76/100 slp
|move|p2b: Dondozo|Wave Crash|p1b: Basculegion
|-resisted|p1b: Basculegion
|-damage|p1b: Basculegion|35/100 slp
|-damage|p2b: Dondozo|90/100|[from] Recoil
|
|-weather|RainDance|[upkeep]
|-heal|p2b: Dondozo|96/100|[from] item: Leftovers
|upkeep
|turn|6
|inactive|Mountainman46 has 30 seconds left.
|inactive|Mountainman46 has 20 seconds left.
|
|t:|1757857161
|-terastallize|p1a: Archaludon|Grass
|cant|p1b: Basculegion|slp
|move|p2a: Sneasler|Close Combat|p1a: Archaludon
|-damage|p1a: Archaludon|50/100
|-unboost|p2a: Sneasler|def|1
|-unboost|p2a: Sneasler|spd|1
|-ability|p1a: Archaludon|Stamina|boost
|-boost|p1a: Archaludon|def|1
|-status|p1a: Archaludon|psn|[from] ability: Poison Touch|[of] p2a: Sneasler
|move|p1a: Archaludon|Electro Shot||[still]
|-prepare|p1a: Archaludon|Electro Shot
|-boost|p1a: Archaludon|spa|1
|-anim|p1a: Archaludon|Electro Shot|p2a: Sneasler
|-enditem|p2a: Sneasler|Focus Sash
|-damage|p2a: Sneasler|1/100
|move|p2b: Dondozo|Wave Crash|p1b: Basculegion
|-resisted|p1b: Basculegion
|-damage|p1b: Basculegion|0 fnt
|faint|p1b: Basculegion
|-damage|p2b: Dondozo|87/100|[from] Recoil
|
|-weather|RainDance|[upkeep]
|-heal|p2b: Dondozo|93/100|[from] item: Leftovers
|-damage|p1a: Archaludon|38/100 psn|[from] psn
|upkeep
|
|t:|1757857184
|switch|p1b: Pelipper|Pelipper, L50, F|100/100
|turn|7
|inactive|Mountainman46 has 30 seconds left.
|
|t:|1757857219
|move|p2a: Sneasler|Dire Claw|p1a: Archaludon
|-supereffective|p1a: Archaludon
|-damage|p1a: Archaludon|0 fnt
|faint|p1a: Archaludon
|move|p1b: Pelipper|Hurricane|p2a: Sneasler
|-supereffective|p2a: Sneasler
|-damage|p2a: Sneasler|0 fnt
|faint|p2a: Sneasler
|move|p2b: Dondozo|Yawn|p1b: Pelipper
|-start|p1b: Pelipper|move: Yawn|[of] p2b: Dondozo
|
|-weather|none
|-heal|p2b: Dondozo|99/100|[from] item: Leftovers
|upkeep
|turn|8
|
|t:|1757857232
|move|p2b: Dondozo|Protect|p2b: Dondozo
|-singleturn|p2b: Dondozo|Protect
|move|p1b: Pelipper|Hurricane|p2b: Dondozo
|-activate|p2b: Dondozo|move: Protect
|
|-heal|p2b: Dondozo|100/100|[from] item: Leftovers
|-end|p1b: Pelipper|move: Yawn|[silent]
|-status|p1b: Pelipper|slp
|upkeep
|turn|9
|
|t:|1757857240
|cant|p1b: Pelipper|slp
|move|p2b: Dondozo|Wave Crash|p1b: Pelipper
|-resisted|p1b: Pelipper
|-damage|p1b: Pelipper|73/100 slp
|-damage|p2b: Dondozo|96/100|[from] Recoil
|
|-heal|p2b: Dondozo|100/100|[from] item: Leftovers
|upkeep
|turn|10
|
|t:|1757857248
|-curestatus|p1b: Pelipper|slp|[msg]
|move|p1b: Pelipper|Hurricane|p2b: Dondozo
|-damage|p2b: Dondozo|62/100
|move|p2b: Dondozo|Wave Crash|p1b: Pelipper
|-resisted|p1b: Pelipper
|-damage|p1b: Pelipper|47/100
|-damage|p2b: Dondozo|57/100|[from] Recoil
|
|-heal|p2b: Dondozo|63/100|[from] item: Leftovers
|upkeep
|turn|11
|
|t:|1757857261
|move|p1b: Pelipper|Hurricane|p2b: Dondozo
|-damage|p2b: Dondozo|22/100
|move|p2b: Dondozo|Yawn|p1b: Pelipper
|-start|p1b: Pelipper|move: Yawn|[of] p2b: Dondozo
|
|-heal|p2b: Dondozo|28/100|[from] item: Leftovers
|upkeep
|turn|12
|
|t:|1757857270
|move|p2b: Dondozo|Protect|p2b: Dondozo
|-singleturn|p2b: Dondozo|Protect
|move|p1b: Pelipper|Hurricane|p2b: Dondozo
|-activate|p2b: Dondozo|move: Protect
|
|-heal|p2b: Dondozo|34/100|[from] item: Leftovers
|-end|p1b: Pelipper|move: Yawn|[silent]
|-status|p1b: Pelipper|slp
|upkeep
|turn|13
|
|t:|1757857278
|cant|p1b: Pelipper|slp
|move|p2b: Dondozo|Wave Crash|p1b: Pelipper
|-resisted|p1b: Pelipper
|-damage|p1b: Pelipper|22/100 slp
|-damage|p2b: Dondozo|30/100|[from] Recoil
|
|-heal|p2b: Dondozo|36/100|[from] item: Leftovers
|upkeep
|turn|14
|
|t:|1757857287
|cant|p1b: Pelipper|slp
|move|p2b: Dondozo|Wave Crash|p1b: Pelipper
|-resisted|p1b: Pelipper
|-damage|p1b: Pelipper|0 fnt
|faint|p1b: Pelipper
|-damage|p2b: Dondozo|32/100|[from] Recoil
|
|win|risotto_venere
||risotto_venere is ready for game 3.
||Mountainman46 is ready for game 3.
|uhtml|next|Next: Game 3 of 3
|l|☆risotto_venere
|player|p2|
