|j|☆cx10
|j|☆Duca_tommy
|html|cx10Duca_tommy    
|uhtml|bestof|Game 1 of a best-of-3
|t:|1757796415
|gametype|doubles
|player|p1|cx10|crasherwake|1208
|player|p2|Duca_tommy|101|1198
|gen|9
|tier|[Gen 9] VGC 2025 Reg H (Bo3)
|rated|
|rule|Species Clause: Limit one of each Pokémon
|rule|Item Clause: Limit 1 of each item
|clearpoke
|poke|p1|Charizard, L50, F|
|poke|p1|Torkoal, L50, F|
|poke|p1|Jumpluff, L50, F|
|poke|p1|Ursaluna, L50, F|
|poke|p1|Porygon2, L50|
|poke|p1|Incineroar, L50, F|
|poke|p2|Hydrapple, L50, M|
|poke|p2|Indeedee-F, L50, F|
|poke|p2|Gallade, L50, M|
|poke|p2|Torkoal, L50, F|
|poke|p2|Zoroark-Hisui, L50, F|
|poke|p2|Hatterene, L50, F|
|teampreview|4
|showteam|p1|Charizard||ChoiceSpecs|SolarPower|HeatWave,Overheat,WeatherBall,DragonPulse|||F|||50|,,,,,Ghost]Torkoal||EjectPack|Drought|Overheat,Eruption,HelpingHand,Protect|||F|||50|,,,,,Fire]Jumpluff||CovertCloak|Chlorophyll|RagePowder,SunnyDay,Tailwind,SleepPowder|||F|||50|,,,,,Water]Ursaluna||FlameOrb|Guts|HeadlongRush,Facade,Earthquake,Protect|||F|||50|,,,,,Ghost]Porygon2||Eviolite|Download|TrickRoom,IceBeam,TeraBlast,Recover||||||50|,,,,,Fighting]Incineroar||SitrusBerry|Intimidate|FakeOut,PartingShot,FlareBlitz,KnockOff|||F|||50|,,,,,Ghost
|showteam|p2|Hydrapple||AssaultVest|Regenerator|PollenPuff,SolarBeam,EnergyBall,FickleBeam|||M|||50|,,,,,Poison]Indeedee-F||PsychicSeed|PsychicSurge|TrickRoom,FollowMe,HelpingHand,Psychic|||F|||50|,,,,,Grass]Gallade||ClearAmulet|Sharpness|PsychoCut,SacredSword,WideGuard,TrickRoom|||M|||50|,,,,,Grass]Torkoal||Charcoal|Drought|Eruption,HeatWave,WeatherBall,Protect|||F|||50|,,,,,Fire]Zoroark-Hisui||ChoiceSpecs|Illusion|HyperBeam,HyperVoice,BitterMalice,ShadowBall|||F|||50|,,,,,Normal]Hatterene||LifeOrb|MagicBounce|TrickRoom,ExpandingForce,MysticalFire,Protect|||F|||50|,,,,,Fire
|inactive|Battle timer is ON: inactive players will automatically lose when time's up. (requested by Duca_tommy)
|inactive|cx10 has 60 seconds left.
|inactive|Duca_tommy has 60 seconds left.
|
|t:|1757796464
|teamsize|p1|4
|teamsize|p2|4
|start
|switch|p1a: Incineroar|Incineroar, L50, F|100/100
|switch|p1b: Porygon2|Porygon2, L50|100/100
|switch|p2a: Indeedee|Indeedee-F, L50, F|100/100
|switch|p2b: Hatterene|Hatterene, L50, F|100/100
|-fieldstart|move: Psychic Terrain|[from] ability: Psychic Surge|[of] p2a: Indeedee
|-enditem|p2a: Indeedee|Psychic Seed
|-boost|p2a: Indeedee|spd|1|[from] item: Psychic Seed
|-ability|p1a: Incineroar|Intimidate|boost
|-unboost|p2a: Indeedee|atk|1
|-unboost|p2b: Hatterene|atk|1
|-ability|p1b: Porygon2|Download|boost
|-boost|p1b: Porygon2|atk|1
|turn|1
|inactive|cx10 has 30 seconds left.
|inactive|Duca_tommy has 30 seconds left.
|inactive|Duca_tommy has 20 seconds left.
|inactive|Duca_tommy has 15 seconds left.
|
|t:|1757796509
|-terastallize|p2b: Hatterene|Normal
|move|p2a: Indeedee|Helping Hand|p2b: Hatterene
|-singleturn|p2b: Hatterene|Helping Hand|[of] p2a: Indeedee
|move|p2b: Hatterene|Hyper Voice|p1a: Incineroar|[spread] p1a,p1b
|-damage|p1a: Incineroar|7/100
|-damage|p1b: Porygon2|40/100
|-enditem|p1a: Incineroar|Sitrus Berry|[eat]
|-heal|p1a: Incineroar|32/100|[from] item: Sitrus Berry
|move|p1a: Incineroar|Knock Off|p2b: Hatterene
|-damage|p2b: Hatterene|9/100
|replace|p2b: Zoroark|Zoroark-Hisui, L50, F
|-end|p2b: Zoroark|Illusion
|-enditem|p2b: Zoroark|Choice Specs|[from] move: Knock Off|[of] p1a: Incineroar
|move|p1b: Porygon2|Ice Beam|p2a: Indeedee
|-damage|p2a: Indeedee|83/100
|-status|p2a: Indeedee|frz
|
|upkeep
|turn|2
|inactive|cx10 has 30 seconds left.
|inactive|cx10 has 20 seconds left.
|
|t:|1757796547
|-terastallize|p1a: Incineroar|Ghost
|move|p2b: Zoroark|Hyper Voice|p1b: Porygon2|[spread] p1b
|-immune|p1a: Incineroar
|-damage|p1b: Porygon2|10/100
|move|p1a: Incineroar|Knock Off|p2b: Zoroark
|-damage|p2b: Zoroark|0 fnt
|faint|p2b: Zoroark
|move|p1b: Porygon2|Recover|p1b: Porygon2
|-heal|p1b: Porygon2|60/100
|-curestatus|p2a: Indeedee|frz|[msg]
|move|p2a: Indeedee|Trick Room|p2a: Indeedee
|-fieldstart|move: Trick Room|[of] p2a: Indeedee
|
|upkeep
|
|t:|1757796558
|switch|p2b: Hatterene|Hatterene, L50, F|100/100
|turn|3
|
|t:|1757796574
|switch|p1a: Torkoal|Torkoal, L50, F|100/100
|-weather|SunnyDay|[from] ability: Drought|[of] p1a: Torkoal
|move|p2a: Indeedee|Helping Hand|p2b: Hatterene
|-singleturn|p2b: Hatterene|Helping Hand|[of] p2a: Indeedee
|move|p2b: Hatterene|Expanding Force|p1b: Porygon2|[spread] p1a,p1b
|-damage|p1a: Torkoal|0 fnt
|-damage|p1b: Porygon2|0 fnt
|faint|p1a: Torkoal
|faint|p1b: Porygon2
|-damage|p2b: Hatterene|91/100|[from] item: Life Orb
|
|-weather|SunnyDay|[upkeep]
|upkeep
|
|t:|1757796586
|switch|p1a: Ursaluna|Ursaluna, L50, F|100/100
|switch|p1b: Incineroar|Incineroar, L50, F, tera:Ghost|32/100
|-ability|p1b: Incineroar|Intimidate|boost
|-unboost|p2a: Indeedee|atk|1
|-unboost|p2b: Hatterene|atk|1
|turn|4
|inactive|Duca_tommy has 30 seconds left.
|inactive|Duca_tommy has 20 seconds left.
|inactive|Duca_tommy has 15 seconds left.
|
|t:|1757796629
|move|p2a: Indeedee|Helping Hand|p2b: Hatterene
|-singleturn|p2b: Hatterene|Helping Hand|[of] p2a: Indeedee
|move|p1a: Ursaluna|Protect|p1a: Ursaluna
|-singleturn|p1a: Ursaluna|Protect
|move|p2b: Hatterene|Expanding Force|p1b: Incineroar|[spread] p1b
|-activate|p1a: Ursaluna|move: Protect
|-damage|p1b: Incineroar|0 fnt
|faint|p1b: Incineroar
|-damage|p2b: Hatterene|81/100|[from] item: Life Orb
|
|-weather|SunnyDay|[upkeep]
|-status|p1a: Ursaluna|brn|[from] item: Flame Orb
|upkeep
|turn|5
|
|t:|1757796644
|move|p2a: Indeedee|Helping Hand|p2b: Hatterene
|-singleturn|p2b: Hatterene|Helping Hand|[of] p2a: Indeedee
|move|p2b: Hatterene|Expanding Force|p1a: Ursaluna
|-damage|p1a: Ursaluna|0 fnt
|faint|p1a: Ursaluna
|-damage|p2b: Hatterene|71/100|[from] item: Life Orb
|
|win|Duca_tommy
||cx10 is ready for game 2.
||Duca_tommy is ready for game 2.
|uhtml|next|Next: Game 2 of 3
