|j|☆SMuscheS
|j|☆seanonalia
|html|SMuscheSseanonalia    
|uhtml|bestof|Game 1 of a best-of-3
|t:|1757758962
|gametype|doubles
|player|p1|SMuscheS|265|1136
|player|p2|seanonalia|iris|1053
|gen|9
|tier|[Gen 9] VGC 2025 Reg H (Bo3)
|rated|
|rule|Species Clause: Limit one of each Pokémon
|rule|Item Clause: Limit 1 of each item
|clearpoke
|poke|p1|Tyranitar, L50, M|
|poke|p1|Excadrill, L50, M|
|poke|p1|Kilowattrel, L50, F|
|poke|p1|Hydreigon, L50, M|
|poke|p1|Basculegion, L50, M|
|poke|p1|Magmar, L50, F|
|poke|p2|Kommo-o, L50, F|
|poke|p2|Gholdengo, L50|
|poke|p2|Tyranitar, L50, F|
|poke|p2|Volcarona, L50, M|
|poke|p2|Rillaboom, L50, M|
|poke|p2|Weezing-Galar, L50, F|
|teampreview|4
|showteam|p1|Tyranitar||AssaultVest|SandStream|RockSlide,KnockOff,TeraBlast,LowKick|||M|||50|,,,,,Flying]Excadrill||FocusSash|SandRush|IronHead,Earthquake,SwordsDance,Protect|||M|||50|,,,,,Ghost]Kilowattrel||CovertCloak|Competitive|Thunderbolt,AirSlash,Tailwind,Protect|||F|||50|,,,,,Rock]Hydreigon||SafetyGoggles|Levitate|DragonPulse,Snarl,Taunt,Protect|||M|||50|,,,,,Ghost]Basculegion||ChoiceScarf|Adaptability|WaveCrash,LastRespects,AquaJet,FlipTurn|||M|||50|,,,,,Water]Magmar||Eviolite|VitalSpirit|BurningJealousy,ClearSmog,FollowMe,Protect|||F|||50|,,,,,Flying
|showteam|p2|Kommo-o||Leftovers|Overcoat|BodyPress,IronDefense,Flamethrower,Protect|||F|||50|,,,,,Fire]Gholdengo||GrassySeed|GoodasGold|MakeItRain,ShadowBall,NastyPlot,Protect||||||50|,,,,,Normal]Tyranitar||AssaultVest|SandStream|RockSlide,KnockOff,TeraBlast,LowKick|||F|||50|,,,,,Flying]Volcarona||SafetyGoggles|FlameBody|Overheat,StruggleBug,Tailwind,RagePowder|||M|||50|,,,,,Fairy]Rillaboom||MiracleSeed|GrassySurge|WoodHammer,GrassyGlide,FakeOut,Uturn|||M|||50|,,,,,Fire]Weezing-Galar||SitrusBerry|NeutralizingGas|StrangeSteam,WillOWisp,Taunt,Protect|||F|||50|,,,,,Normal
|inactive|Battle timer is ON: inactive players will automatically lose when time's up. (requested by seanonalia)
|inactive|SMuscheS also wants the timer to be on.
|inactive|SMuscheS has 60 seconds left.
|inactive|seanonalia has 60 seconds left.
|
|t:|1757759009
|teamsize|p1|4
|teamsize|p2|4
|start
|switch|p1a: Kilowattrel|Kilowattrel, L50, F|100/100
|switch|p1b: Hydreigon|Hydreigon, L50, M|100/100
|switch|p2a: Burrows|Kommo-o, L50, F|100/100
|switch|p2b: Lady Boyle|Volcarona, L50, M|100/100
|turn|1
|inactive|SMuscheS has 30 seconds left.
|
|t:|1757759035
|switch|p2a: Havelock|Tyranitar, L50, F|100/100
|-weather|Sandstorm|[from] ability: Sand Stream|[of] p2a: Havelock
|-terastallize|p1b: Hydreigon|Ghost
|move|p1a: Kilowattrel|Air Slash|p2b: Lady Boyle
|-supereffective|p2b: Lady Boyle
|-damage|p2b: Lady Boyle|43/100
|move|p1b: Hydreigon|Taunt|p2a: Havelock
|-start|p2a: Havelock|move: Taunt
|move|p2b: Lady Boyle|Struggle Bug|p1b: Hydreigon|[spread] p1a,p1b
|-resisted|p1a: Kilowattrel
|-resisted|p1b: Hydreigon
|-crit|p1b: Hydreigon
|-damage|p1a: Kilowattrel|87/100
|-damage|p1b: Hydreigon|86/100
|-unboost|p1b: Hydreigon|spa|1
|
|-weather|Sandstorm|[upkeep]
|-damage|p1a: Kilowattrel|80/100|[from] Sandstorm
|upkeep
|turn|2
|inactive|SMuscheS has 30 seconds left.
|
|t:|1757759062
|move|p1a: Kilowattrel|Air Slash|p2b: Lady Boyle
|-supereffective|p2b: Lady Boyle
|-damage|p2b: Lady Boyle|0 fnt
|faint|p2b: Lady Boyle
|move|p1b: Hydreigon|Dragon Pulse|p2a: Havelock
|-damage|p2a: Havelock|90/100
|move|p2a: Havelock|Rock Slide|p1b: Hydreigon|[spread] p1a,p1b
|-supereffective|p1a: Kilowattrel
|-damage|p1a: Kilowattrel|0 fnt
|-damage|p1b: Hydreigon|54/100
|faint|p1a: Kilowattrel
|
|-weather|Sandstorm|[upkeep]
|upkeep
|
|t:|1757759072
|switch|p1a: Basculegion|Basculegion, L50, M|100/100
|switch|p2b: Burrows|Kommo-o, L50, F|100/100
|turn|3
|
|t:|1757759087
|switch|p2b: Sokolov|Rillaboom, L50, M|100/100
|-fieldstart|move: Grassy Terrain|[from] ability: Grassy Surge|[of] p2b: Sokolov
|-terastallize|p2a: Havelock|Flying
|move|p1a: Basculegion|Flip Turn|p2a: Havelock
|-damage|p2a: Havelock|60/100
|
|t:|1757759090
|switch|p1a: Magmar|Magmar, L50, F|100/100|[from] Flip Turn
|move|p1b: Hydreigon|Taunt|p2b: Sokolov
|-start|p2b: Sokolov|move: Taunt
|move|p2a: Havelock|Knock Off|p1a: Magmar
|-damage|p1a: Magmar|57/100
|-enditem|p1a: Magmar|Eviolite|[from] move: Knock Off|[of] p2a: Havelock
|
|-weather|Sandstorm|[upkeep]
|-damage|p1a: Magmar|51/100|[from] Sandstorm
|-damage|p2b: Sokolov|95/100|[from] Sandstorm
|-damage|p2a: Havelock|54/100|[from] Sandstorm
|-heal|p1a: Magmar|57/100|[from] Grassy Terrain
|-heal|p2b: Sokolov|100/100|[from] Grassy Terrain
|-end|p2a: Havelock|move: Taunt
|upkeep
|turn|4
|
|t:|1757759109
|move|p1b: Hydreigon|Protect|p1b: Hydreigon
|-singleturn|p1b: Hydreigon|Protect
|move|p1a: Magmar|Protect|p1a: Magmar
|-singleturn|p1a: Magmar|Protect
|move|p2b: Sokolov|Fake Out|p1a: Magmar
|-activate|p1a: Magmar|move: Protect
|move|p2a: Havelock|Knock Off|p1b: Hydreigon
|-activate|p1b: Hydreigon|move: Protect
|
|-weather|Sandstorm|[upkeep]
|-damage|p1a: Magmar|51/100|[from] Sandstorm
|-damage|p2b: Sokolov|95/100|[from] Sandstorm
|-damage|p2a: Havelock|48/100|[from] Sandstorm
|-heal|p1a: Magmar|57/100|[from] Grassy Terrain
|-heal|p2b: Sokolov|100/100|[from] Grassy Terrain
|upkeep
|turn|5
|
|t:|1757759118
|move|p1a: Magmar|Follow Me|p1a: Magmar
|-singleturn|p1a: Magmar|move: Follow Me
|move|p1b: Hydreigon|Dragon Pulse|p2b: Sokolov
|-damage|p2b: Sokolov|72/100
|move|p2b: Sokolov|U-turn|p1a: Magmar
|-resisted|p1a: Magmar
|-damage|p1a: Magmar|44/100
|
|t:|1757759125
|switch|p2b: Burrows|Kommo-o, L50, F|100/100|[from] U-turn
|move|p2a: Havelock|Rock Slide|p1a: Magmar|[spread] p1a,p1b
|-supereffective|p1a: Magmar
|-damage|p1a: Magmar|0 fnt
|-damage|p1b: Hydreigon|24/100
|faint|p1a: Magmar
|
|-weather|none
|upkeep
|
|t:|1757759127
|switch|p1a: Basculegion|Basculegion, L50, M|100/100
|turn|6
|
|t:|1757759150
|move|p1a: Basculegion|Last Respects|p2a: Havelock
|-damage|p2a: Havelock|0 fnt
|faint|p2a: Havelock
|move|p1b: Hydreigon|Dragon Pulse|p2b: Burrows
|-supereffective|p2b: Burrows
|-damage|p2b: Burrows|53/100
|move|p2b: Burrows|Flamethrower|p1b: Hydreigon
|-damage|p1b: Hydreigon|1/100
|
|-heal|p2b: Burrows|59/100|[from] Grassy Terrain
|-heal|p2b: Burrows|65/100|[from] item: Leftovers
|upkeep
|
|t:|1757759159
|switch|p2a: Sokolov|Rillaboom, L50, M|72/100
|turn|7
|
|t:|1757759173
|move|p1a: Basculegion|Last Respects|p2a: Sokolov
|-damage|p2a: Sokolov|0 fnt
|faint|p2a: Sokolov
|move|p1b: Hydreigon|Taunt|p2b: Burrows
|-start|p2b: Burrows|move: Taunt
|move|p2b: Burrows|Flamethrower|p1b: Hydreigon
|-damage|p1b: Hydreigon|0 fnt
|faint|p1b: Hydreigon
|
|-heal|p2b: Burrows|71/100|[from] Grassy Terrain
|-heal|p2b: Burrows|77/100|[from] item: Leftovers
|-fieldend|move: Grassy Terrain
|upkeep
|turn|8
|
|t:|1757759184
|move|p1a: Basculegion|Last Respects|p2b: Burrows
|-damage|p2b: Burrows|0 fnt
|faint|p2b: Burrows
|
|win|SMuscheS
||SMuscheS is ready for game 2.
||seanonalia is ready for game 2.
|uhtml|next|Next: Game 2 of 3
|l|☆SMuscheS
|player|p1|
