|j|☆Autin Mago
|j|☆jk2300
|html|Autin Magojk2300    
|uhtml|bestof|Game 1 of a best-of-3
|t:|1785719410
|gametype|doubles
|player|p1|Autin Mago|arezu|1139
|player|p2|jk2300|102|1046
|gen|9
|tier|[Gen 9 Champions] VGC 2026 Reg M-B (Bo3)
|rated|
|rule|Species Clause: Limit one of each Pokémon
|rule|Item Clause: Limit 1 of each item
|clearpoke
|poke|p1|Milotic, L50, F|
|poke|p1|Staraptor, L50, M|
|poke|p1|Tyranitar, L50, M|
|poke|p1|Gholdengo, L50|
|poke|p1|Excadrill, L50, F|
|poke|p1|Sinistcha, L50|
|poke|p2|Basculegion, L50, M|
|poke|p2|Pelipper, L50, F|
|poke|p2|Glimmora, L50, F|
|poke|p2|Kleavor, L50, M|
|poke|p2|Overqwil, L50, F|
|poke|p2|Meowstic, L50, M|
|teampreview|4
|showteam|p1|Milotic||SitrusBerry|Competitive|Protect,Haze,Scald,IcyWind|Calm||F|||50|]Staraptor||Staraptite|Intimidate|Protect,BraveBird,CloseCombat,Tailwind|Jolly||M|||50|]Tyranitar||Tyranitarite|SandStream|Protect,KnockOff,RockSlide,LowKick|Jolly||M|||50|]Gholdengo||LifeOrb|GoodasGold|Protect,ShadowBall,NastyPlot,MakeItRain|Modest|||||50|]Excadrill||FocusSash|SandRush|Protect,IronHead,RockSlide,HighHorsepower|Jolly||F|||50|]Sinistcha||ColburBerry|Hospitality|Protect,ShadowBall,RagePowder,MatchaGotcha|Bold|||||50|
|showteam|p2|Basculegion||LifeOrb|SwiftSwim|Liquidation,PhantomForce,PsychicFangs,AquaJet|Adamant||M|||50|]Pelipper||DampRock|Drizzle|Hurricane,Uturn,Roost,KnockOff|Sassy||F|||50|]Glimmora||Leftovers|ToxicDebris|StealthRock,MortalSpin,PowerGem,EarthPower|Bold||F|||50|]Kleavor||FocusSash|Sharpness|StoneAxe,StoneEdge,XScissor,Trailblaze|Jolly||M|||50|]Overqwil||WideLens|SwiftSwim|ToxicSpikes,ThroatChop,BarbBarrage,ScaleShot|Adamant||F|||50|]Meowstic||Meowsticite|Prankster|LightScreen,Reflect,TrickRoom,Yawn|Sassy||M|||50|
|c|☆Autin Mago|Glhf!
|
|t:|1785719470
|teamsize|p1|4
|teamsize|p2|4
|start
|switch|p1a: Staraptor|Staraptor, L50, M|100/100
|switch|p1b: Gholdengo|Gholdengo, L50|100/100
|switch|p2a: Meowstic|Meowstic, L50, M|100/100
|switch|p2b: Pelipper|Pelipper, L50, F|100/100
|-ability|p1a: Staraptor|Intimidate|boost
|-unboost|p2a: Meowstic|atk|1
|-unboost|p2b: Pelipper|atk|1
|-weather|RainDance|[from] ability: Drizzle|[of] p2b: Pelipper
|turn|1
|
|t:|1785719491
|switch|p1a: Milotic|Milotic, L50, F|100/100
|move|p2a: Meowstic|Reflect|p2a: Meowstic
|-sidestart|p2: jk2300|Reflect
|move|p1b: Gholdengo|Nasty Plot|p1b: Gholdengo
|-boost|p1b: Gholdengo|spa|2
|move|p2b: Pelipper|Knock Off|p1b: Gholdengo
|-supereffective|p1b: Gholdengo|1
|-damage|p1b: Gholdengo|82/100
|-enditem|p1b: Gholdengo|Life Orb|[from] move: Knock Off|[of] p2b: Pelipper
|
|-weather|RainDance|[upkeep]
|upkeep
|turn|2
|
|t:|1785719525
|detailschange|p2a: Meowstic|Meowstic-M-Mega, L50, M
|-mega|p2a: Meowstic|Meowstic|Meowsticite
|-ability|p2a: Meowstic|Competitive|Trace|[from] ability: Trace|[of] p1a: Milotic
|move|p1a: Milotic|Protect|p1a: Milotic
|-singleturn|p1a: Milotic|Protect
|move|p2a: Meowstic|Light Screen|p2a: Meowstic
|-sidestart|p2: jk2300|move: Light Screen
|move|p1b: Gholdengo|Shadow Ball|p2b: Pelipper
|-damage|p2b: Pelipper|49/100
|move|p2b: Pelipper|U-turn|p1a: Milotic
|-activate|p1a: Milotic|move: Protect
|
|-weather|RainDance|[upkeep]
|upkeep
|turn|3
|
|t:|1785719560
|move|p2a: Meowstic|Yawn|p1a: Milotic
|-start|p1a: Milotic|move: Yawn|[of] p2a: Meowstic
|move|p1a: Milotic|Scald|p2a: Meowstic
|-damage|p2a: Meowstic|80/100
|move|p1b: Gholdengo|Shadow Ball|p2b: Pelipper
|-damage|p2b: Pelipper|0 fnt
|faint|p2b: Pelipper
|
|-weather|RainDance|[upkeep]
|upkeep
|
|t:|1785719571
|switch|p2b: Basculegion|Basculegion, L50, M|100/100
|turn|4
|
|t:|1785719583
|switch|p2a: Kleavor|Kleavor, L50, M|100/100
|switch|p1a: Staraptor|Staraptor, L50, M|100/100
|-ability|p1a: Staraptor|Intimidate|boost
|-unboost|p2a: Kleavor|atk|1
|-unboost|p2b: Basculegion|atk|1
|move|p1b: Gholdengo|Protect|p1b: Gholdengo
|-singleturn|p1b: Gholdengo|Protect
|move|p2b: Basculegion|Phantom Force||[still]
|-prepare|p2b: Basculegion|Phantom Force
|
|-weather|RainDance|[upkeep]
|upkeep
|turn|5
|
|t:|1785719599
|switch|p1b: Tyranitar|Tyranitar, L50, M|100/100
|-weather|Sandstorm|[from] ability: Sand Stream|[of] p1b: Tyranitar
|move|p1a: Staraptor|Tailwind|p1a: Staraptor
|-sidestart|p1: Autin Mago|move: Tailwind
|move|p2a: Kleavor|Stone Axe|p1a: Staraptor
|-supereffective|p1a: Staraptor|1
|-damage|p1a: Staraptor|13/100
|-sidestart|p1: Autin Mago|move: Stealth Rock
|move|p2b: Basculegion|Phantom Force|p1b: Tyranitar|[from] lockedmove
|-resisted|p1b: Tyranitar|1
|-damage|p1b: Tyranitar|81/100
|-damage|p2b: Basculegion|90/100|[from] item: Life Orb
|
|-weather|Sandstorm|[upkeep]
|-damage|p1a: Staraptor|7/100|[from] Sandstorm
|-damage|p2b: Basculegion|84/100|[from] Sandstorm
|-sideend|p2: jk2300|Reflect
|upkeep
|turn|6
|
|t:|1785719635
|detailschange|p1b: Tyranitar|Tyranitar-Mega, L50, M
|-mega|p1b: Tyranitar|Tyranitar|Tyranitarite
|move|p1a: Staraptor|Protect|p1a: Staraptor
|-singleturn|p1a: Staraptor|Protect
|move|p2b: Basculegion|Aqua Jet|p1a: Staraptor
|-activate|p1a: Staraptor|move: Protect
|move|p1b: Tyranitar|Knock Off|p2b: Basculegion
|-supereffective|p2b: Basculegion|1
|-damage|p2b: Basculegion|0 fnt
|-enditem|p2b: Basculegion|Life Orb|[from] move: Knock Off|[of] p1b: Tyranitar
|faint|p2b: Basculegion
|move|p2a: Kleavor|X-Scissor|p1b: Tyranitar
|-supereffective|p1b: Tyranitar|1
|-damage|p1b: Tyranitar|22/100
|
|-weather|Sandstorm|[upkeep]
|-damage|p1a: Staraptor|1/100|[from] Sandstorm
|-sideend|p2: jk2300|move: Light Screen
|upkeep
|
|t:|1785719649
|switch|p2b: Meowstic|Meowstic-M-Mega, L50, M|80/100
|-ability|p2b: Meowstic|Intimidate|Trace|[from] ability: Trace|[of] p1a: Staraptor
|-ability|p2b: Meowstic|Intimidate|boost
|-unboost|p1a: Staraptor|atk|1
|-unboost|p1b: Tyranitar|atk|1
|turn|7
|
|t:|1785719676
|move|p1a: Staraptor|Close Combat|p2a: Kleavor
|-damage|p2a: Kleavor|72/100
|-unboost|p1a: Staraptor|def|1
|-unboost|p1a: Staraptor|spd|1
|move|p1b: Tyranitar|Rock Slide|p2b: Meowstic|[spread] p2a,p2b
|-supereffective|p2a: Kleavor|1
|-damage|p2a: Kleavor|17/100
|-damage|p2b: Meowstic|54/100
|move|p2a: Kleavor|X-Scissor|p1b: Tyranitar
|-supereffective|p1b: Tyranitar|1
|-damage|p1b: Tyranitar|0 fnt
|faint|p1b: Tyranitar
|move|p2b: Meowstic|Trick Room|p2b: Meowstic
|-fieldstart|move: Trick Room|[of] p2b: Meowstic
|
|-weather|Sandstorm|[upkeep]
|-damage|p2b: Meowstic|48/100|[from] Sandstorm
|-damage|p1a: Staraptor|0 fnt|[from] Sandstorm
|faint|p1a: Staraptor
|upkeep
|
|t:|1785719683
|switch|p1b: Gholdengo|Gholdengo, L50|82/100
|switch|p1a: Milotic|Milotic, L50, F|100/100
|-damage|p1b: Gholdengo|76/100|[from] Stealth Rock
|-damage|p1a: Milotic|87/100|[from] Stealth Rock
|turn|8
|
|t:|1785719709
|move|p1b: Gholdengo|Protect|p1b: Gholdengo
|-singleturn|p1b: Gholdengo|Protect
|move|p1a: Milotic|Protect|p1a: Milotic
|-singleturn|p1a: Milotic|Protect
|move|p2b: Meowstic|Light Screen|p2b: Meowstic
|-sidestart|p2: jk2300|move: Light Screen
|move|p2a: Kleavor|Stone Axe|p1b: Gholdengo
|-activate|p1b: Gholdengo|move: Protect
|
|-weather|Sandstorm|[upkeep]
|-damage|p2b: Meowstic|42/100|[from] Sandstorm
|-damage|p1a: Milotic|82/100|[from] Sandstorm
|-sideend|p1: Autin Mago|move: Tailwind
|upkeep
|turn|9
|
|t:|1785719739
|move|p1b: Gholdengo|Shadow Ball|p2b: Meowstic
|-supereffective|p2b: Meowstic|1
|-damage|p2b: Meowstic|2/100
|move|p1a: Milotic|Scald|p2a: Kleavor
|-supereffective|p2a: Kleavor|1
|-damage|p2a: Kleavor|0 fnt
|faint|p2a: Kleavor
|move|p2b: Meowstic|Yawn|p1a: Milotic
|-start|p1a: Milotic|move: Yawn|[of] p2b: Meowstic
|
|-weather|none
|upkeep
|turn|10
|-message|jk2300 forfeited.
|
|win|Autin Mago
|l|☆jk2300
|player|p2|
|c|☆Autin Mago|Gg wp
||Autin Mago is ready for game 2.
||jk2300 is ready for game 2.
|uhtml|next|Next: Game 2 of 3
