|j|☆Slabadie
|j|☆x-demon18
|html|Slabadiex-demon18    
|uhtml|bestof|Game 1 of a best-of-3
|t:|1784900573
|gametype|doubles
|player|p1|Slabadie|169|1049
|player|p2|x-demon18|pokefan-gen4|1000
|gen|9
|tier|[Gen 9 Champions] VGC 2026 Reg M-B (Bo3)
|rated|
|rule|Species Clause: Limit one of each Pokémon
|rule|Item Clause: Limit 1 of each item
|clearpoke
|poke|p1|Froslass, L50, F|
|poke|p1|Kingambit, L50, F|
|poke|p1|Sneasler, L50, F|
|poke|p1|Toxapex, L50, F|
|poke|p1|Aerodactyl, L50, F|
|poke|p1|Lycanroc-Dusk, L50, F|
|poke|p2|Incineroar, L50, M|
|poke|p2|Rotom-Wash, L50|
|poke|p2|Venusaur, L50, F|
|poke|p2|Corviknight, L50, M|
|poke|p2|Sylveon, L50, F|
|poke|p2|Garchomp, L50, M|
|teampreview|4
|showteam|p1|Froslass||Froslassite|CursedBody|Blizzard,ShadowBall,Protect,AuroraVeil|Timid||F|||50|]Kingambit||BlackGlasses|Defiant|IronHead,SuckerPunch,KowtowCleave,Protect|Adamant||F|||50|]Sneasler||WhiteHerb|Unburden|CloseCombat,FakeOut,Protect,DireClaw|Adamant||F|||50|]Toxapex||Leftovers|Regenerator|Infestation,Recover,WideGuard,BanefulBunker|Bold||F|||50|]Aerodactyl||Aerodactylite|RockHead|DualWingbeat,RockSlide,Tailwind,Protect|Jolly||F|||50|]Lycanroc-Dusk||FocusSash|ToughClaws|CloseCombat,Accelerock,Protect,RockSlide|Jolly||F|||50|
|showteam|p2|Incineroar||ExpertBelt|Intimidate|FakeOut,TemperFlare,ThroatChop,PartingShot|Adamant||M|||50|]Rotom-Wash||RindoBerry|Levitate|HydroPump,Electroweb,WillOWisp,VoltSwitch|Modest|||||50|]Venusaur||Venusaurite|Chlorophyll|GigaDrain,SludgeBomb,EarthPower,Protect|Modest||F|||50|]Corviknight||OccaBerry|MirrorArmor|Tailwind,DualWingbeat,IronHead,BodyPress|Adamant||M|||50|]Sylveon||FairyFeather|Pixilate|HyperVoice,QuickAttack,Yawn,Detect|Modest||F|||50|]Garchomp||LifeOrb|RoughSkin|RockSlide,DragonClaw,StompingTantrum,Protect|Jolly||M|||50|
|inactive|Battle timer is ON: inactive players will automatically lose when time's up. (requested by Slabadie)
|
|t:|1784900619
|teamsize|p1|4
|teamsize|p2|4
|start
|switch|p1a: Froslass|Froslass, L50, F|100/100
|switch|p1b: Kingambit|Kingambit, L50, F|100/100
|switch|p2a: Griffith|Corviknight, L50, M|100/100
|switch|p2b: HydroVolt|Rotom-Wash, L50|100/100
|turn|1
|
|t:|1784900644
|detailschange|p1a: Froslass|Froslass-Mega, L50, F
|-mega|p1a: Froslass|Froslass|Froslassite
|-weather|Snowscape|[from] ability: Snow Warning|[of] p1a: Froslass
|move|p1a: Froslass|Aurora Veil|p1a: Froslass
|-sidestart|p1: Slabadie|move: Aurora Veil
|move|p2b: HydroVolt|Will-O-Wisp|p1b: Kingambit
|-status|p1b: Kingambit|brn
|move|p1b: Kingambit|Kowtow Cleave|p2b: HydroVolt
|-damage|p2b: HydroVolt|69/100
|move|p2a: Griffith|Iron Head|p1a: Froslass
|-supereffective|p1a: Froslass|1
|-damage|p1a: Froslass|59/100
|
|-weather|Snowscape|[upkeep]
|-damage|p1b: Kingambit|93/100 brn|[from] brn
|upkeep
|turn|2
|
|t:|1784900668
|move|p1a: Froslass|Blizzard|p2a: Griffith|[spread] p2a,p2b
|-resisted|p2b: HydroVolt|1
|-damage|p2a: Griffith|61/100
|-damage|p2b: HydroVolt|45/100
|move|p2b: HydroVolt|Volt Switch|p1a: Froslass
|-damage|p1a: Froslass|34/100
|
|t:|1784900674
|switch|p2b: Yggdrasil|Venusaur, L50, F|100/100|[from] Volt Switch
|move|p1b: Kingambit|Kowtow Cleave|p2b: Yggdrasil
|-damage|p2b: Yggdrasil|64/100
|move|p2a: Griffith|Iron Head|p1a: Froslass
|-supereffective|p1a: Froslass|1
|-damage|p1a: Froslass|0 fnt
|faint|p1a: Froslass
|
|-weather|Snowscape|[upkeep]
|-damage|p1b: Kingambit|87/100 brn|[from] brn
|upkeep
|
|t:|1784900687
|switch|p1a: Toxapex|Toxapex, L50, F|100/100
|turn|3
|inactive|x-demon18 has 30 seconds left.
|inactive|x-demon18 has 20 seconds left.
|
|t:|1784900723
|detailschange|p2b: Yggdrasil|Venusaur-Mega, L50, F
|-mega|p2b: Yggdrasil|Venusaur|Venusaurite
|move|p2b: Yggdrasil|Giga Drain|p1a: Toxapex
|-damage|p1a: Toxapex|75/100
|-heal|p2b: Yggdrasil|74/100|[from] drain|[of] p1a: Toxapex
|move|p1b: Kingambit|Kowtow Cleave|p2b: Yggdrasil
|-damage|p2b: Yggdrasil|48/100
|move|p2a: Griffith|Dual Wingbeat|p1a: Toxapex
|-damage|p1a: Toxapex|68/100
|-crit|p1a: Toxapex
|-damage|p1a: Toxapex|54/100
|-hitcount|p1a: Toxapex|2
|move|p1a: Toxapex|Infestation|p2b: Yggdrasil
|-damage|p2b: Yggdrasil|45/100
|-activate|p2b: Yggdrasil|move: Infestation|[of] p1a: Toxapex
|
|-weather|Snowscape|[upkeep]
|-heal|p1a: Toxapex|60/100|[from] item: Leftovers
|-damage|p1b: Kingambit|81/100 brn|[from] brn
|-damage|p2b: Yggdrasil|33/100|[from] move: Infestation|[partiallytrapped]
|upkeep
|turn|4
|inactive|x-demon18 has 30 seconds left.
|
|t:|1784900749
|move|p1a: Toxapex|Baneful Bunker|p1a: Toxapex
|-singleturn|p1a: Toxapex|move: Protect
|move|p2b: Yggdrasil|Earth Power|p1a: Toxapex
|-activate|p1a: Toxapex|move: Protect
|move|p1b: Kingambit|Kowtow Cleave|p2b: Yggdrasil
|-damage|p2b: Yggdrasil|10/100
|move|p2a: Griffith|Body Press|p1b: Kingambit
|-supereffective|p1b: Kingambit|2
|-damage|p1b: Kingambit|31/100 brn
|
|-weather|Snowscape|[upkeep]
|-heal|p1a: Toxapex|66/100|[from] item: Leftovers
|-damage|p1b: Kingambit|25/100 brn|[from] brn
|-damage|p2b: Yggdrasil|0 fnt|[from] move: Infestation|[partiallytrapped]
|faint|p2b: Yggdrasil
|upkeep
|
|t:|1784900766
|switch|p2b: HydroVolt|Rotom-Wash, L50|45/100
|turn|5
|inactive|x-demon18 has 30 seconds left.
|
|t:|1784900795
|move|p1b: Kingambit|Protect|p1b: Kingambit
|-singleturn|p1b: Kingambit|Protect
|move|p2b: HydroVolt|Volt Switch|p1a: Toxapex
|-supereffective|p1a: Toxapex|1
|-damage|p1a: Toxapex|32/100
|
|t:|1784900800
|switch|p2b: Berserk|Garchomp, L50, M|100/100|[from] Volt Switch
|move|p2a: Griffith|Iron Head|p1a: Toxapex
|-resisted|p1a: Toxapex|1
|-damage|p1a: Toxapex|26/100
|cant|p1a: Toxapex|flinch
|
|-weather|none
|-heal|p1a: Toxapex|31/100|[from] item: Leftovers
|-damage|p1b: Kingambit|19/100 brn|[from] brn
|-sideend|p1: Slabadie|move: Aurora Veil
|upkeep
|turn|6
|
|t:|1784900818
|move|p1a: Toxapex|Baneful Bunker|p1a: Toxapex
|-singleturn|p1a: Toxapex|move: Protect
|move|p1b: Kingambit|Sucker Punch|p2b: Berserk
|-damage|p2b: Berserk|77/100
|-damage|p1b: Kingambit|6/100 brn|[from] ability: Rough Skin|[of] p2b: Berserk
|move|p2b: Berserk|Stomping Tantrum|p1a: Toxapex
|-activate|p1a: Toxapex|move: Protect
|-status|p2b: Berserk|psn
|move|p2a: Griffith|Body Press|p1b: Kingambit
|-supereffective|p1b: Kingambit|2
|-damage|p1b: Kingambit|0 fnt
|faint|p1b: Kingambit
|
|-heal|p1a: Toxapex|37/100|[from] item: Leftovers
|-damage|p2b: Berserk|65/100 psn|[from] psn
|upkeep
|
|t:|1784900833
|switch|p1b: Lycanroc|Lycanroc-Dusk, L50, F|100/100
|turn|7
|
|t:|1784900849
|move|p1b: Lycanroc|Close Combat|p2b: Berserk
|-damage|p2b: Berserk|19/100 psn
|-unboost|p1b: Lycanroc|def|1
|-unboost|p1b: Lycanroc|spd|1
|-damage|p1b: Lycanroc|87/100|[from] ability: Rough Skin|[of] p2b: Berserk
|move|p2b: Berserk|Stomping Tantrum|p1a: Toxapex
|-supereffective|p1a: Toxapex|1
|-damage|p1a: Toxapex|0 fnt
|faint|p1a: Toxapex
|-damage|p2b: Berserk|10/100 psn|[from] item: Life Orb
|move|p2a: Griffith|Iron Head|p1b: Lycanroc
|-supereffective|p1b: Lycanroc|1
|-damage|p1b: Lycanroc|0 fnt
|faint|p1b: Lycanroc
|
|win|x-demon18
|inactive|Slabadie has 30 seconds to confirm battle start!
|inactive|x-demon18 has 30 seconds to confirm battle start!
|inactive|Slabadie has 20 seconds to confirm battle start!
|inactive|x-demon18 has 20 seconds to confirm battle start!
|l|☆Slabadie
|player|p1|
||Slabadie is ready for game 2.
|inactive|x-demon18 has 10 seconds to confirm battle start!
