|j|☆King_Jamy
|j|☆grounddegree125
|html|King_Jamygrounddegree125    
|uhtml|bestof|Game 1 of a best-of-3
|t:|1757763034
|gametype|doubles
|player|p1|King_Jamy|170|1068
|player|p2|grounddegree125|kieran-champion|1078
|gen|9
|tier|[Gen 9] VGC 2025 Reg H (Bo3)
|rated|
|rule|Species Clause: Limit one of each Pokémon
|rule|Item Clause: Limit 1 of each item
|clearpoke
|poke|p1|Ribombee, L50, F|
|poke|p1|Annihilape, L50, F|
|poke|p1|Volcarona, L50, M|
|poke|p1|Rillaboom, L50, F|
|poke|p1|Maushold-Four, L50|
|poke|p1|Archaludon, L50, F|
|poke|p2|Hatterene, L50, F|
|poke|p2|Indeedee-F, L50, F|
|poke|p2|Gallade, L50, M|
|poke|p2|Ursaluna, L50, F|
|poke|p2|Malamar, L50, F|
|poke|p2|Torkoal, L50, F|
|teampreview|4
|showteam|p1|Ribombee||FocusSash|ShieldDust|Tailwind,Reflect,LightScreen,PollenPuff|||F|||50|,,,,,Dark]Annihilape||SafetyGoggles|Defiant|DrainPunch,RageFist,BulkUp,Protect|||F|||50|,,,,,Water]Volcarona||CovertCloak|FlameBody|HeatWave,TeraBlast,QuiverDance,Protect|||M|||50|,,,,,Fairy]Rillaboom||AssaultVest|GrassySurge|GrassyGlide,WoodHammer,FakeOut,HighHorsepower|||F|||50|,,,,,Fire]Maushold-Four||RockyHelmet|FriendGuard|BeatUp,Protect,HelpingHand,FollowMe||||||50|,,,,,Ghost]Archaludon||PowerHerb|Stamina|FlashCannon,DragonPulse,ElectroShot,BodyPress|||F|||50|,,,,,Electric
|showteam|p2|Hatterene||LifeOrb|MagicBounce|ExpandingForce,DazzlingGleam,Psychic,TrickRoom|||F|||50|,,,,,Psychic]Indeedee-F||PsychicSeed|PsychicSurge|AlluringVoice,FollowMe,HelpingHand,TrickRoom|||F|||50|,,,,,Grass]Gallade||ClearAmulet|Sharpness|PsychoCut,SacredSword,WideGuard,TrickRoom|||M|||50|,,,,,Grass]Ursaluna||FlameOrb|Guts|Facade,HeadlongRush,Substitute,Protect|||F|||50|,,,,,Ghost]Malamar||SafetyGoggles|Contrary|Superpower,KnockOff,TopsyTurvy,TrickRoom|||F|||50|,,,,,Fighting]Torkoal||Charcoal|Drought|Eruption,WeatherBall,EarthPower,Protect|||F|||50|,,,,,Fire
|inactive|Battle timer is ON: inactive players will automatically lose when time's up. (requested by grounddegree125)
|l|☆King_Jamy
|inactive|King_Jamy disconnected and has a minute to reconnect!
|player|p1|
|inactive|grounddegree125 has 60 seconds left.
|j|☆King_Jamy
|inactive|King_Jamy reconnected and has 50 seconds left.
|player|p1|King_Jamy|170|
|inactive|King_Jamy has 30 seconds left.
|inactive|grounddegree125 has 30 seconds left.
|
|t:|1757763102
|teamsize|p1|4
|teamsize|p2|4
|start
|switch|p1a: Archaludon|Archaludon, L50, F|100/100
|switch|p1b: Maushold|Maushold-Four, L50|100/100
|switch|p2a: 🪷布莉姆温🪷|Hatterene, L50, F, shiny|100/100
|switch|p2b: 🪻爱管侍🪻|Indeedee-F, L50, F, shiny|100/100
|-fieldstart|move: Psychic Terrain|[from] ability: Psychic Surge|[of] p2b: 🪻爱管侍🪻
|-enditem|p2b: 🪻爱管侍🪻|Psychic Seed
|-boost|p2b: 🪻爱管侍🪻|spd|1|[from] item: Psychic Seed
|turn|1
|
|t:|1757763121
|move|p1b: Maushold|Helping Hand|p1a: Archaludon
|-singleturn|p1a: Archaludon|Helping Hand|[of] p1b: Maushold
|move|p2b: 🪻爱管侍🪻|Follow Me|p2b: 🪻爱管侍🪻
|-singleturn|p2b: 🪻爱管侍🪻|move: Follow Me
|move|p1a: Archaludon|Electro Shot||[still]
|-prepare|p1a: Archaludon|Electro Shot
|-boost|p1a: Archaludon|spa|1
|-enditem|p1a: Archaludon|Power Herb
|-anim|p1a: Archaludon|Electro Shot|p2b: 🪻爱管侍🪻
|-damage|p2b: 🪻爱管侍🪻|33/100
|move|p2a: 🪷布莉姆温🪷|Trick Room|p2a: 🪷布莉姆温🪷
|-fieldstart|move: Trick Room|[of] p2a: 🪷布莉姆温🪷
|
|upkeep
|turn|2
|
|t:|1757763138
|switch|p1b: Rillaboom|Rillaboom, L50, F|100/100
|-fieldstart|move: Grassy Terrain|[from] ability: Grassy Surge|[of] p1b: Rillaboom
|move|p2b: 🪻爱管侍🪻|Helping Hand|p2a: 🪷布莉姆温🪷
|-singleturn|p2a: 🪷布莉姆温🪷|Helping Hand|[of] p2b: 🪻爱管侍🪻
|move|p2a: 🪷布莉姆温🪷|Expanding Force|p1a: Archaludon
|-resisted|p1a: Archaludon
|-damage|p1a: Archaludon|42/100
|-ability|p1a: Archaludon|Stamina|boost
|-boost|p1a: Archaludon|def|1
|-damage|p2a: 🪷布莉姆温🪷|91/100|[from] item: Life Orb
|move|p1a: Archaludon|Flash Cannon|p2a: 🪷布莉姆温🪷
|-supereffective|p2a: 🪷布莉姆温🪷
|-damage|p2a: 🪷布莉姆温🪷|0 fnt
|faint|p2a: 🪷布莉姆温🪷
|
|-heal|p2b: 🪻爱管侍🪻|39/100|[from] Grassy Terrain
|-heal|p1a: Archaludon|48/100|[from] Grassy Terrain
|upkeep
|
|t:|1757763151
|switch|p2a: 🌷艾路雷朵🌷|Gallade, L50, M, shiny|100/100
|turn|3
|
|t:|1757763159
|switch|p2b: 🌺煤炭龟🌺|Torkoal, L50, F, shiny|100/100
|-weather|SunnyDay|[from] ability: Drought|[of] p2b: 🌺煤炭龟🌺
|move|p1b: Rillaboom|Fake Out|p2a: 🌷艾路雷朵🌷
|-damage|p2a: 🌷艾路雷朵🌷|79/100
|cant|p2a: 🌷艾路雷朵🌷|flinch
|move|p1a: Archaludon|Dragon Pulse|p2a: 🌷艾路雷朵🌷
|-crit|p2a: 🌷艾路雷朵🌷
|-damage|p2a: 🌷艾路雷朵🌷|0 fnt
|faint|p2a: 🌷艾路雷朵🌷
|
|-weather|SunnyDay|[upkeep]
|-heal|p1a: Archaludon|54/100|[from] Grassy Terrain
|upkeep
|
|t:|1757763166
|switch|p2a: 🪻爱管侍🪻|Indeedee-F, L50, F, shiny|39/100
|-fieldstart|move: Psychic Terrain|[from] ability: Psychic Surge|[of] p2a: 🪻爱管侍🪻
|turn|4
|
|t:|1757763181
|switch|p1a: Maushold|Maushold-Four, L50|100/100
|-terastallize|p2b: 🌺煤炭龟🌺|Fire
|-terastallize|p1b: Rillaboom|Fire
|move|p2a: 🪻爱管侍🪻|Helping Hand|p2b: 🌺煤炭龟🌺
|-singleturn|p2b: 🌺煤炭龟🌺|Helping Hand|[of] p2a: 🪻爱管侍🪻
|move|p2b: 🌺煤炭龟🌺|Eruption|p1b: Rillaboom|[spread] p1a,p1b
|-resisted|p1b: Rillaboom
|-damage|p1a: Maushold|0 fnt
|-damage|p1b: Rillaboom|59/100
|faint|p1a: Maushold
|move|p1b: Rillaboom|High Horsepower|p2b: 🌺煤炭龟🌺
|-supereffective|p2b: 🌺煤炭龟🌺
|-damage|p2b: 🌺煤炭龟🌺|52/100
|
|-weather|SunnyDay|[upkeep]
|upkeep
|
|t:|1757763201
|switch|p1a: Annihilape|Annihilape, L50, F|100/100
|turn|5
|
|t:|1757763204
|move|p2a: 🪻爱管侍🪻|Helping Hand|p2b: 🌺煤炭龟🌺
|-singleturn|p2b: 🌺煤炭龟🌺|Helping Hand|[of] p2a: 🪻爱管侍🪻
|move|p1a: Annihilape|Protect|p1a: Annihilape
|-singleturn|p1a: Annihilape|Protect
|move|p2b: 🌺煤炭龟🌺|Eruption|p1a: Annihilape|[spread] p1b
|-activate|p1a: Annihilape|move: Protect
|-resisted|p1b: Rillaboom
|-damage|p1b: Rillaboom|26/100
|move|p1b: Rillaboom|Wood Hammer|p2a: 🪻爱管侍🪻
|-damage|p2a: 🪻爱管侍🪻|0 fnt
|faint|p2a: 🪻爱管侍🪻
|-damage|p1b: Rillaboom|15/100|[from] Recoil
|
|-weather|SunnyDay|[upkeep]
|-fieldend|move: Trick Room
|upkeep
|turn|6
|
|t:|1757763216
|move|p1a: Annihilape|Drain Punch|p2b: 🌺煤炭龟🌺
|-damage|p2b: 🌺煤炭龟🌺|29/100
|move|p1b: Rillaboom|High Horsepower|p2b: 🌺煤炭龟🌺
|-supereffective|p2b: 🌺煤炭龟🌺
|-damage|p2b: 🌺煤炭龟🌺|0 fnt
|faint|p2b: 🌺煤炭龟🌺
|
|win|King_Jamy
||grounddegree125 is ready for game 2.
|l|☆King_Jamy
|player|p1|
||King_Jamy is ready for game 2.
|uhtml|next|Next: Game 2 of 3
