|j|‽daniiivgc
|j|☆RouletteRegional
|html|daniiivgcRouletteRegional    
|uhtml|bestof|Game 1 of a best-of-3
|t:|1783647025
|gametype|doubles
|player|p1|daniiivgc|giovanni|1437
|player|p2|RouletteRegional|lance|1435
|gen|9
|tier|[Gen 9 Champions] VGC 2026 Reg M-B (Bo3)
|rated|
|rule|Species Clause: Limit one of each Pokémon
|rule|Item Clause: Limit 1 of each item
|clearpoke
|poke|p1|Charizard, L50, M|
|poke|p1|Venusaur, L50, M|
|poke|p1|Garchomp, L50, M|
|poke|p1|Incineroar, L50, M|
|poke|p1|Toxapex, L50, M|
|poke|p1|Annihilape, L50, M|
|poke|p2|Swampert, L50, M|
|poke|p2|Pelipper, L50, M|
|poke|p2|Grimmsnarl, L50, M|
|poke|p2|Archaludon, L50, F|
|poke|p2|Venusaur, L50, F|
|poke|p2|Sylveon, L50, F|
|teampreview|4
|showteam|p1|Charizard||CharizarditeY|Blaze|HeatWave,WeatherBall,HelpingHand,Protect|Modest||M|||50|]Venusaur||LifeOrb|Chlorophyll|LeafStorm,SludgeBomb,EarthPower,Protect|Modest||M|||50|]Garchomp||ChoiceScarf|RoughSkin|DragonClaw,Earthquake,RockSlide,StompingTantrum|Adamant||M|||50|]Incineroar||SitrusBerry|Intimidate|FlareBlitz,ThroatChop,PartingShot,FakeOut|Impish||M|||50|]Toxapex||Leftovers|Regenerator|Toxic,Infestation,WideGuard,BanefulBunker|Bold||M|||50|]Annihilape||FocusSash|Defiant|PhantomForce,CloseCombat,RockTomb,Protect|Jolly||M|||50|
|showteam|p2|Swampert||Swampertite|Torrent|WaveCrash,HighHorsepower,IcePunch,Protect|Adamant||M|||50|]Pelipper||SitrusBerry|Drizzle|WeatherBall,Hurricane,Tailwind,RainDance|Bold||M|||50|]Grimmsnarl||LightClay|Prankster|FoulPlay,PartingShot,Reflect,LightScreen|Careful||M|||50|]Archaludon||Leftovers|Stamina|ElectroShot,DragonPulse,FlashCannon,Protect|Calm||F|||50|]Venusaur||Venusaurite|Chlorophyll|GigaDrain,EarthPower,SludgeBomb,Protect|Modest||F|||50|]Sylveon||FairyFeather|Pixilate|HyperVoice,HyperBeam,Yawn,Protect|Modest||F|||50|
|inactive|Battle timer is ON: inactive players will automatically lose when time's up. (requested by RouletteRegional)
|inactive|daniiivgc has 60 seconds left.
|
|t:|1783647125
|teamsize|p1|4
|teamsize|p2|4
|start
|switch|p1a: Charizard|Charizard, L50, M|100/100
|switch|p1b: Venusaur|Venusaur, L50, M|100/100
|switch|p2a: Grimmsnarl|Grimmsnarl, L50, M|100/100
|switch|p2b: Venusaur|Venusaur, L50, F|100/100
|turn|1
|inactive|RouletteRegional has 30 seconds left.
|
|t:|1783647162
|switch|p1b: Annihilape|Annihilape, L50, M|100/100
|detailschange|p2b: Venusaur|Venusaur-Mega, L50, F
|-mega|p2b: Venusaur|Venusaur|Venusaurite
|move|p1a: Charizard|Protect|p1a: Charizard
|-singleturn|p1a: Charizard|Protect
|move|p2b: Venusaur|Protect|p2b: Venusaur
|-singleturn|p2b: Venusaur|Protect
|move|p2a: Grimmsnarl|Light Screen|p2a: Grimmsnarl
|-sidestart|p2: RouletteRegional|move: Light Screen
|
|upkeep
|turn|2
|inactive|daniiivgc has 30 seconds left.
|inactive|RouletteRegional has 30 seconds left.
|
|t:|1783647192
|move|p2a: Grimmsnarl|Parting Shot|p1a: Charizard
|-unboost|p1a: Charizard|atk|1
|-unboost|p1a: Charizard|spa|1
|
|t:|1783647200
|switch|p2a: Pelipper|Pelipper, L50, M|100/100|[from] Parting Shot
|-weather|RainDance|[from] ability: Drizzle|[of] p2a: Pelipper
|move|p1b: Annihilape|Phantom Force||[still]
|-prepare|p1b: Annihilape|Phantom Force
|move|p1a: Charizard|Heat Wave|p2b: Venusaur|[spread] p2a,p2b
|-resisted|p2a: Pelipper|1
|-supereffective|p2b: Venusaur|1
|-damage|p2a: Pelipper|96/100
|-damage|p2b: Venusaur|93/100
|-status|p2a: Pelipper|brn
|move|p2b: Venusaur|Sludge Bomb|p1a: Charizard
|-damage|p1a: Charizard|45/100
|
|-weather|RainDance|[upkeep]
|-damage|p2a: Pelipper|90/100 brn|[from] brn
|upkeep
|turn|3
|inactive|daniiivgc has 30 seconds left.
|
|t:|1783647228
|switch|p2a: Grimmsnarl|Grimmsnarl, L50, M|100/100
|detailschange|p1a: Charizard|Charizard-Mega-Y, L50, M
|-mega|p1a: Charizard|Charizard|Charizardite Y
|-weather|SunnyDay|[from] ability: Drought|[of] p1a: Charizard
|move|p1b: Annihilape|Phantom Force|p2a: Grimmsnarl|[from] lockedmove
|-resisted|p2a: Grimmsnarl|1
|-damage|p2a: Grimmsnarl|77/100
|move|p1a: Charizard|Heat Wave|p2b: Venusaur|[spread] p2a,p2b
|-supereffective|p2b: Venusaur|1
|-damage|p2a: Grimmsnarl|50/100g
|-damage|p2b: Venusaur|69/100
|-status|p2b: Venusaur|brn
|move|p2b: Venusaur|Giga Drain|p1b: Annihilape
|-damage|p1b: Annihilape|61/100
|-heal|p2b: Venusaur|89/100 brn|[from] drain|[of] p1b: Annihilape
|
|-weather|SunnyDay|[upkeep]
|-damage|p2b: Venusaur|83/100 brn|[from] brn
|upkeep
|turn|4
|inactive|RouletteRegional has 30 seconds left.
|inactive|RouletteRegional has 20 seconds left.
|
|t:|1783647264
|switch|p1a: Garchomp|Garchomp, L50, M|100/100
|move|p2a: Grimmsnarl|Reflect|p2a: Grimmsnarl
|-sidestart|p2: RouletteRegional|Reflect
|move|p1b: Annihilape|Phantom Force||[still]
|-prepare|p1b: Annihilape|Phantom Force
|move|p2b: Venusaur|Sludge Bomb|p1a: Garchomp
|-resisted|p1a: Garchomp|1
|-damage|p1a: Garchomp|76/100
|-status|p1a: Garchomp|psn
|
|-weather|SunnyDay|[upkeep]
|-damage|p1a: Garchomp|63/100 psn|[from] psn
|-damage|p2b: Venusaur|77/100 brn|[from] brn
|upkeep
|turn|5
|
|t:|1783647279
|move|p2a: Grimmsnarl|Parting Shot|p1a: Garchomp
|-unboost|p1a: Garchomp|atk|1
|-unboost|p1a: Garchomp|spa|1
|
|t:|1783647285
|switch|p2a: Pelipper|Pelipper, L50, M|90/100 brn|[from] Parting Shot
|-weather|RainDance|[from] ability: Drizzle|[of] p2a: Pelipper
|move|p1a: Garchomp|Rock Slide|p2a: Pelipper|[spread] p2a,p2b
|-supereffective|p2a: Pelipper|1
|-damage|p2a: Pelipper|72/100 brn
|-damage|p2b: Venusaur|70/100 brn
|move|p1b: Annihilape|Phantom Force|p2b: Venusaur|[from] lockedmove
|-damage|p2b: Venusaur|46/100 brn
|cant|p2b: Venusaur|flinch
|
|-weather|RainDance|[upkeep]
|-damage|p1a: Garchomp|51/100 psn|[from] psn
|-damage|p2b: Venusaur|40/100 brn|[from] brn
|-damage|p2a: Pelipper|66/100 brn|[from] brn
|upkeep
|turn|6
|
|t:|1783647304
|switch|p2a: Grimmsnarl|Grimmsnarl, L50, M|50/100g
|move|p2b: Venusaur|Protect|p2b: Venusaur
|-singleturn|p2b: Venusaur|Protect
|move|p1a: Garchomp|Rock Slide|p2a: Grimmsnarl|[spread] 
|-activate|p2b: Venusaur|move: Protect
|-miss|p1a: Garchomp|p2a: Grimmsnarl
|move|p1b: Annihilape|Rock Tomb|p2a: Grimmsnarl
|-damage|p2a: Grimmsnarl|37/100
|-unboost|p2a: Grimmsnarl|spe|1
|
|-weather|RainDance|[upkeep]
|-damage|p1a: Garchomp|38/100 psn|[from] psn
|-damage|p2b: Venusaur|34/100 brn|[from] brn
|upkeep
|turn|7
|
|t:|1783647316
|move|p2a: Grimmsnarl|Parting Shot|p1a: Garchomp
|-unboost|p1a: Garchomp|atk|1
|-unboost|p1a: Garchomp|spa|1
|
|t:|1783647318
|switch|p2a: Sylveon|Sylveon, L50, F|100/100|[from] Parting Shot
|move|p1a: Garchomp|Rock Slide|p2b: Venusaur|[spread] p2b
|-miss|p1a: Garchomp|p2a: Sylveon
|-damage|p2b: Venusaur|29/100 brn
|move|p1b: Annihilape|Phantom Force||[still]
|-prepare|p1b: Annihilape|Phantom Force
|cant|p2b: Venusaur|flinch
|
|-weather|RainDance|[upkeep]
|-damage|p1a: Garchomp|26/100 psn|[from] psn
|-damage|p2b: Venusaur|23/100 brn|[from] brn
|upkeep
|turn|8
|
|t:|1783647339
|switch|p2b: Grimmsnarl|Grimmsnarl, L50, M|37/100
|move|p1a: Garchomp|Rock Slide|p2a: Sylveon|[spread] p2a,p2b
|-damage|p2a: Sylveon|92/100
|-damage|p2b: Grimmsnarl|29/100
|move|p1b: Annihilape|Phantom Force|p2b: Grimmsnarl|[from] lockedmove
|-resisted|p2b: Grimmsnarl|1
|-damage|p2b: Grimmsnarl|16/100
|move|p2a: Sylveon|Hyper Voice|p1b: Annihilape|[spread] p1a,p1b
|-supereffective|p1a: Garchomp|1
|-supereffective|p1b: Annihilape|1
|-damage|p1a: Garchomp|0 fnt
|-damage|p1b: Annihilape|0 fnt
|faint|p1a: Garchomp
|faint|p1b: Annihilape
|
|-weather|RainDance|[upkeep]
|-sideend|p2: RouletteRegional|move: Light Screen
|upkeep
|
|t:|1783647347
|switch|p1b: Charizard|Charizard-Mega-Y, L50, M|45/100
|switch|p1a: Venusaur|Venusaur, L50, M|100/100
|-weather|SunnyDay|[from] ability: Drought|[of] p1b: Charizard
|turn|9
|
|t:|1783647357
|move|p1b: Charizard|Protect|p1b: Charizard
|-singleturn|p1b: Charizard|Protect
|move|p2a: Sylveon|Protect|p2a: Sylveon
|-singleturn|p2a: Sylveon|Protect
|move|p2b: Grimmsnarl|Light Screen|p2b: Grimmsnarl
|-sidestart|p2: RouletteRegional|move: Light Screen
|move|p1a: Venusaur|Sludge Bomb|p2a: Sylveon
|-activate|p2a: Sylveon|move: Protect
|
|-weather|SunnyDay|[upkeep]
|upkeep
|turn|10
|inactive|RouletteRegional has 30 seconds left.
|inactive|RouletteRegional has 20 seconds left.
|inactive|RouletteRegional has 15 seconds left.
|
|t:|1783647399
|move|p2b: Grimmsnarl|Parting Shot|p1b: Charizard
|-unboost|p1b: Charizard|atk|1
|-unboost|p1b: Charizard|spa|1
|
|t:|1783647400
|switch|p2b: Pelipper|Pelipper, L50, M|66/100 brn|[from] Parting Shot
|-weather|RainDance|[from] ability: Drizzle|[of] p2b: Pelipper
|move|p1a: Venusaur|Sludge Bomb|p2a: Sylveon
|-supereffective|p2a: Sylveon|1
|-damage|p2a: Sylveon|36/100
|-damage|p1a: Venusaur|90/100|[from] item: Life Orb
|move|p1b: Charizard|Heat Wave|p2b: Pelipper|[spread] p2a,p2b
|-resisted|p2b: Pelipper|1
|-damage|p2a: Sylveon|29/100
|-damage|p2b: Pelipper|62/100 brn
|move|p2a: Sylveon|Yawn|p1a: Venusaur
|-start|p1a: Venusaur|move: Yawn|[of] p2a: Sylveon
|
|-weather|RainDance|[upkeep]
|-damage|p2b: Pelipper|56/100 brn|[from] brn
|upkeep
|turn|11
|
|t:|1783647422
|switch|p2b: Grimmsnarl|Grimmsnarl, L50, M|16/100
|move|p2a: Sylveon|Protect|p2a: Sylveon
|-singleturn|p2a: Sylveon|Protect
|move|p1a: Venusaur|Sludge Bomb|p2b: Grimmsnarl
|-supereffective|p2b: Grimmsnarl|1
|-damage|p2b: Grimmsnarl|0 fnt
|faint|p2b: Grimmsnarl
|-damage|p1a: Venusaur|80/100|[from] item: Life Orb
|move|p1b: Charizard|Weather Ball|p2a: Sylveon
|-activate|p2a: Sylveon|move: Protect
|
|-weather|RainDance|[upkeep]
|-end|p1a: Venusaur|move: Yawn|[silent]
|-status|p1a: Venusaur|slp
|-sideend|p2: RouletteRegional|Reflect
|upkeep
|
|t:|1783647429
|switch|p2b: Pelipper|Pelipper, L50, M|56/100 brn
|turn|12
|
|t:|1783647441
|cant|p1a: Venusaur|slp
|move|p1b: Charizard|Weather Ball|p2b: Pelipper
|-resisted|p2b: Pelipper|1
|-damage|p2b: Pelipper|40/100 brn
|-enditem|p2b: Pelipper|Sitrus Berry|[eat]
|-heal|p2b: Pelipper|65/100 brn|[from] item: Sitrus Berry
|move|p2a: Sylveon|Hyper Voice|p1a: Venusaur|[spread] p1a,p1b
|-resisted|p1a: Venusaur|1
|-resisted|p1b: Charizard|1
|-damage|p1a: Venusaur|54/100 slp
|-damage|p1b: Charizard|25/100
|move|p2b: Pelipper|Hurricane|p1a: Venusaur
|-supereffective|p1a: Venusaur|1
|-damage|p1a: Venusaur|0 fnt
|faint|p1a: Venusaur
|
|-weather|RainDance|[upkeep]
|-damage|p2b: Pelipper|59/100 brn|[from] brn
|upkeep
|turn|13
|
|t:|1783647461
|move|p1b: Charizard|Weather Ball|p2b: Pelipper
|-resisted|p2b: Pelipper|1
|-damage|p2b: Pelipper|44/100 brn
|move|p2a: Sylveon|Yawn|p1b: Charizard
|-start|p1b: Charizard|move: Yawn|[of] p2a: Sylveon
|move|p2b: Pelipper|Weather Ball|p1b: Charizard
|-supereffective|p1b: Charizard|1
|-damage|p1b: Charizard|0 fnt
|faint|p1b: Charizard
|
|win|RouletteRegional
||RouletteRegional is ready for game 2.
||daniiivgc is ready for game 2.
|uhtml|next|Next: Game 2 of 3
|l|‽daniiivgc
|player|p1|
