|j|☆phoenix burner
|j|☆sky yeh
|html|phoenix burnersky yeh    
|uhtml|bestof|Game 3 of a best-of-3
|t:|1785246844
|gametype|doubles
|player|p1|phoenix burner|101|
|player|p2|sky yeh|perrin|
|gen|9
|tier|[Gen 9 Champions] VGC 2026 Reg M-B (Bo3)
|rule|Species Clause: Limit one of each Pokémon
|rule|Item Clause: Limit 1 of each item
|clearpoke
|poke|p1|Camerupt, L50, M, shiny|
|poke|p1|Kingambit, L50, M, shiny|
|poke|p1|Basculegion, L50, M, shiny|
|poke|p1|Kangaskhan, L50, F, shiny|
|poke|p1|Glimmora, L50, M, shiny|
|poke|p1|Farigiraf, L50, F, shiny|
|poke|p2|Charizard, L50, M, shiny|
|poke|p2|Venusaur, L50, M|
|poke|p2|Archaludon, L50, M|
|poke|p2|Pelipper, L50, F|
|poke|p2|Basculegion, L50, M|
|poke|p2|Grimmsnarl, L50, M, shiny|
|teampreview|4
|showteam|p1|Camerupt||Cameruptite|SolidRock|HeatWave,EarthPower,Protect,AncientPower|Quiet||M|||50|]Kingambit||BlackGlasses|Defiant|KowtowCleave,IronHead,Protect,SuckerPunch|Adamant||M|||50|]Basculegion||MysticWater|Adaptability|WaveCrash,LastRespects,Protect,AquaJet|Adamant||M|||50|]Kangaskhan||LifeOrb|Scrappy|DoubleEdge,LowKick,IcePunch,FakeOut|Adamant||F|||50|]Glimmora||FocusSash|ToxicDebris|PowerGem,SludgeBomb,SpikyShield,EarthPower|Modest||M|||50|]Farigiraf||SitrusBerry|ArmorTail|Psychic,HyperVoice,TrickRoom,HelpingHand|Bold||F|||50|
|showteam|p2|Charizard||CharizarditeY|Blaze|WeatherBall,HeatWave,SolarBeam,Protect|Modest||M|||50|]Venusaur||FocusSash|Chlorophyll|SludgeBomb,EarthPower,SleepPowder,Protect|Timid||M|||50|]Archaludon||Leftovers|Stamina|DragonPulse,FlashCannon,ElectroShot,Protect|Calm||M|||50|]Pelipper||SitrusBerry|Drizzle|Hurricane,WeatherBall,Tailwind,WideGuard|Modest||F|||50|]Basculegion||ChoiceScarf|Adaptability|LastRespects,WaveCrash,FlipTurn,AquaJet|Jolly||M|||50|]Grimmsnarl||LightClay|Prankster|SpiritBreak,Reflect,LightScreen,PartingShot|Impish||M|||50|
|inactive|Battle timer is ON: inactive players will automatically lose when time's up. (requested by phoenix burner)
|inactive|phoenix burner has 60 seconds left.
|inactive|sky yeh has 60 seconds left.
|inactive|sky yeh has 30 seconds left.
|inactive|sky yeh has 20 seconds left.
|
|t:|1785246916
|teamsize|p1|4
|teamsize|p2|4
|start
|switch|p1a: Kangaskhan|Kangaskhan, L50, F, shiny|100/100
|switch|p1b: Farigiraf|Farigiraf, L50, F, shiny|100/100
|switch|p2a: Pelipper|Pelipper, L50, F|100/100
|switch|p2b: Grimmsnarl|Grimmsnarl, L50, M, shiny|100/100
|-weather|RainDance|[from] ability: Drizzle|[of] p2a: Pelipper
|turn|1
|
|t:|1785246936
|move|p1b: Farigiraf|Helping Hand|p1a: Kangaskhan
|-singleturn|p1a: Kangaskhan|Helping Hand|[of] p1b: Farigiraf
|move|p2b: Grimmsnarl|Reflect|p2b: Grimmsnarl
|-sidestart|p2: sky yeh|Reflect
|move|p2a: Pelipper|Weather Ball|p1a: Kangaskhan
|-damage|p1a: Kangaskhan|49/100
|move|p1a: Kangaskhan|Double-Edge|p2a: Pelipper
|-damage|p2a: Pelipper|30/100
|-enditem|p2a: Pelipper|Sitrus Berry|[eat]
|-heal|p2a: Pelipper|55/100|[from] item: Sitrus Berry
|-damage|p1a: Kangaskhan|31/100|[from] Recoil
|-damage|p1a: Kangaskhan|21/100|[from] item: Life Orb
|
|-weather|RainDance|[upkeep]
|upkeep
|turn|2
|inactive|sky yeh has 30 seconds left.
|
|t:|1785246968
|move|p2a: Pelipper|Weather Ball|p1a: Kangaskhan
|-damage|p1a: Kangaskhan|0 fnt
|faint|p1a: Kangaskhan
|move|p2b: Grimmsnarl|Spirit Break|p1b: Farigiraf
|-damage|p1b: Farigiraf|74/100
|-unboost|p1b: Farigiraf|spa|1
|move|p1b: Farigiraf|Trick Room|p1b: Farigiraf
|-fieldstart|move: Trick Room|[of] p1b: Farigiraf
|
|-weather|RainDance|[upkeep]
|upkeep
|
|t:|1785246978
|switch|p1a: Kingambit|Kingambit, L50, M, shiny|100/100
|turn|3
|inactive|sky yeh has 30 seconds left.
|
|t:|1785247005
|move|p1b: Farigiraf|Helping Hand|p1a: Kingambit
|-singleturn|p1a: Kingambit|Helping Hand|[of] p1b: Farigiraf
|move|p2b: Grimmsnarl|Light Screen|p2b: Grimmsnarl
|-sidestart|p2: sky yeh|move: Light Screen
|move|p1a: Kingambit|Kowtow Cleave|p2a: Pelipper
|-damage|p2a: Pelipper|0 fnt
|faint|p2a: Pelipper
|
|-weather|RainDance|[upkeep]
|upkeep
|
|t:|1785247014
|switch|p2a: Charizard|Charizard, L50, M, shiny|100/100
|turn|4
|inactive|sky yeh has 30 seconds left.
|inactive|phoenix burner has 30 seconds left.
|inactive|sky yeh has 20 seconds left.
|inactive|sky yeh has 15 seconds left.
|inactive|sky yeh has 10 seconds left.
|inactive|sky yeh has 5 seconds left.
|
|t:|1785247068
|switch|p1a: Camerupt|Camerupt, L50, M, shiny|100/100
|switch|p2b: Basculegion|Basculegion, L50, M|100/100
|move|p1b: Farigiraf|Psychic|p2a: Charizard
|-damage|p2a: Charizard|83/100
|move|p2a: Charizard|Weather Ball|p1a: Camerupt
|-supereffective|p1a: Camerupt|2
|-damage|p1a: Camerupt|0 fnt
|faint|p1a: Camerupt
|
|-weather|RainDance|[upkeep]
|upkeep
|
|t:|1785247079
|switch|p1a: Kingambit|Kingambit, L50, M, shiny|100/100
|turn|5
|c|☆phoenix burner|完蛋
|inactive|sky yeh has 30 seconds left.
|inactive|sky yeh has 20 seconds left.
|inactive|sky yeh has 15 seconds left.
|inactive|sky yeh has 10 seconds left.
|inactive|sky yeh has 5 seconds left.
|
|t:|1785247131
|switch|p2b: Grimmsnarl|Grimmsnarl, L50, M, shiny|100/100
|move|p1b: Farigiraf|Helping Hand|p1a: Kingambit
|-singleturn|p1a: Kingambit|Helping Hand|[of] p1b: Farigiraf
|move|p2a: Charizard|Protect|p2a: Charizard
|-singleturn|p2a: Charizard|Protect
|move|p1a: Kingambit|Kowtow Cleave|p2a: Charizard
|-activate|p2a: Charizard|move: Protect
|
|-weather|none
|upkeep
|turn|6
|inactive|sky yeh has 30 seconds left.
|
|t:|1785247161
|switch|p2a: Basculegion|Basculegion, L50, M|100/100
|move|p1b: Farigiraf|Helping Hand|p1a: Kingambit
|-singleturn|p1a: Kingambit|Helping Hand|[of] p1b: Farigiraf
|move|p1a: Kingambit|Kowtow Cleave|p2a: Basculegion
|-supereffective|p2a: Basculegion|1
|-damage|p2a: Basculegion|0 fnt
|faint|p2a: Basculegion
|move|p2b: Grimmsnarl|Spirit Break|p1b: Farigiraf
|-damage|p1b: Farigiraf|49/100
|-unboost|p1b: Farigiraf|spa|1
|-enditem|p1b: Farigiraf|Sitrus Berry|[eat]
|-heal|p1b: Farigiraf|74/100|[from] item: Sitrus Berry
|
|-fieldend|move: Trick Room
|upkeep
|
|t:|1785247168
|switch|p2a: Charizard|Charizard, L50, M, shiny|83/100
|turn|7
|inactive|phoenix burner has 30 seconds left.
|inactive|phoenix burner has 20 seconds left.
|inactive|phoenix burner has 15 seconds left.
|inactive|phoenix burner has 10 seconds left.
|inactive|phoenix burner has 5 seconds left.
|
|t:|1785247220
|detailschange|p2a: Charizard|Charizard-Mega-Y, L50, M, shiny
|-mega|p2a: Charizard|Charizard|Charizardite Y
|-weather|SunnyDay|[from] ability: Drought|[of] p2a: Charizard
|move|p1b: Farigiraf|Helping Hand|p1a: Kingambit
|-singleturn|p1a: Kingambit|Helping Hand|[of] p1b: Farigiraf
|move|p1a: Kingambit|Sucker Punch|p2a: Charizard
|-damage|p2a: Charizard|30/100
|move|p2a: Charizard|Heat Wave|p1b: Farigiraf|[spread] p1b
|-miss|p2a: Charizard|p1a: Kingambit
|-damage|p1b: Farigiraf|23/100
|-status|p1b: Farigiraf|brn
|move|p2b: Grimmsnarl|Spirit Break|p1b: Farigiraf
|-damage|p1b: Farigiraf|0 fnt
|faint|p1b: Farigiraf
|
|-weather|SunnyDay|[upkeep]
|upkeep
|turn|8
|inactive|phoenix burner has 30 seconds left.
|inactive|sky yeh has 30 seconds left.
|inactive|sky yeh has 20 seconds left.
|
|t:|1785247258
|move|p2a: Charizard|Protect|p2a: Charizard
|-singleturn|p2a: Charizard|Protect
|move|p1a: Kingambit|Protect|p1a: Kingambit
|-singleturn|p1a: Kingambit|Protect
|move|p2b: Grimmsnarl|Reflect||[still]
|-fail|p2b: Grimmsnarl
|
|-weather|SunnyDay|[upkeep]
|-sideend|p2: sky yeh|Reflect
|upkeep
|turn|9
|
|t:|1785247279
|move|p2b: Grimmsnarl|Reflect|p2b: Grimmsnarl
|-sidestart|p2: sky yeh|Reflect
|move|p1a: Kingambit|Sucker Punch|p2a: Charizard
|-damage|p2a: Charizard|0 fnt
|faint|p2a: Charizard
|
|-weather|SunnyDay|[upkeep]
|upkeep
|turn|10
|-message|sky yeh forfeited.
|
|win|phoenix burner
|l|☆sky yeh
|player|p2|
|j|☆sky yeh
|player|p2|sky yeh|perrin|
|l|☆sky yeh
|player|p2|
