|j|☆giraldo576
|j|☆OhNoValentine
|html|giraldo576OhNoValentine    
|uhtml|bestof|Game 3 of a best-of-3
|t:|1756399474
|gametype|doubles
|player|p1|giraldo576|102|1095
|player|p2|OhNoValentine|101|1084
|gen|9
|tier|[Gen 9] VGC 2025 Reg H (Bo3)
|rated|
|rule|Species Clause: Limit one of each Pokémon
|rule|Item Clause: Limit 1 of each item
|clearpoke
|poke|p1|Incineroar, L50, M|
|poke|p1|Amoonguss, L50, F|
|poke|p1|Indeedee-F, L50, F|
|poke|p1|Sylveon, L50, F|
|poke|p1|Archaludon, L50, F|
|poke|p1|Pelipper, L50, M|
|poke|p2|Primarina, L50, M|
|poke|p2|Garchomp, L50, F|
|poke|p2|Gholdengo, L50|
|poke|p2|Talonflame, L50, F|
|poke|p2|Tyranitar, L50, M|
|poke|p2|Amoonguss, L50, F|
|teampreview|4
|showteam|p1|Incineroar||SafetyGoggles|Intimidate|FakeOut,PartingShot,KnockOff,FlareBlitz|||M|||50|,,,,,Fire]Amoonguss||MentalHerb|Regenerator|Spore,RagePowder,SludgeBomb,Protect|||F|||50|,,,,,Water]Indeedee-F||PsychicSeed|PsychicSurge|FollowMe,TrickRoom,Psychic,HelpingHand|||F|||50|,,,,,Grass]Sylveon||ChoiceSpecs|Pixilate|HyperVoice,HyperBeam,TeraBlast,Psychic|||F|||50|,,,,,Fairy]Archaludon||AssaultVest|Stamina|ElectroShot,DragonPulse,BodyPress,FlashCannon|||F|||50|,,,,,Grass]Pelipper||DampRock|Drizzle|Protect,Tailwind,WeatherBall,Hurricane|||M|||50|,,,,,Dragon
|showteam|p2|Primarina||ThroatSpray|LiquidVoice|Haze,Moonblast,Protect,HyperVoice|||M|||50|,,,,,Steel]Garchomp||LifeOrb|SandVeil|Protect,Earthquake,StompingTantrum,DragonClaw|||F|||50|,,,,,Fire]Gholdengo||MetalCoat|GoodasGold|Protect,NastyPlot,ShadowBall,MakeItRain||||||50|,,,,,Flying]Talonflame||CovertCloak|GaleWings|BraveBird,Tailwind,WillOWisp,Taunt|||F|||50|,,,,,Flying]Tyranitar||AssaultVest|SandStream|KnockOff,TeraBlast,LowKick,RockSlide|||M|||50|,,,,,Flying]Amoonguss||SitrusBerry|Regenerator|RagePowder,Spore,PollenPuff,Protect|||F|||50|,,,,,Water
|inactive|Battle timer is ON: inactive players will automatically lose when time's up. (requested by giraldo576)
|
|t:|1756399499
|teamsize|p1|4
|teamsize|p2|4
|start
|switch|p1a: Sylveon|Sylveon, L50, F|100/100
|switch|p1b: Amoonguss|Amoonguss, L50, F|100/100
|switch|p2a: Primarina|Primarina, L50, M|100/100
|switch|p2b: Amoonguss|Amoonguss, L50, F|100/100
|turn|1
|
|t:|1756399514
|move|p2a: Primarina|Hyper Voice|p1a: Sylveon|[spread] p1a,p1b
|-resisted|p1b: Amoonguss
|-damage|p1a: Sylveon|77/100
|-damage|p1b: Amoonguss|88/100
|-enditem|p2a: Primarina|Throat Spray
|-boost|p2a: Primarina|spa|1|[from] item: Throat Spray
|move|p1a: Sylveon|Psychic|p2b: Amoonguss
|-supereffective|p2b: Amoonguss
|-damage|p2b: Amoonguss|20/100
|-enditem|p2b: Amoonguss|Sitrus Berry|[eat]
|-heal|p2b: Amoonguss|45/100|[from] item: Sitrus Berry
|move|p1b: Amoonguss|Spore|p2a: Primarina
|-status|p2a: Primarina|slp|[from] move: Spore
|move|p2b: Amoonguss|Spore|p1a: Sylveon
|-status|p1a: Sylveon|slp|[from] move: Spore
|
|upkeep
|turn|2
|
|t:|1756399528
|switch|p1a: Pelipper|Pelipper, L50, M|100/100
|-weather|RainDance|[from] ability: Drizzle|[of] p1a: Pelipper
|switch|p2b: Tyranitar|Tyranitar, L50, M|100/100
|-weather|Sandstorm|[from] ability: Sand Stream|[of] p2b: Tyranitar
|switch|p1b: Archaludon|Archaludon, L50, F|100/100
|cant|p2a: Primarina|slp
|
|-weather|Sandstorm|[upkeep]
|-damage|p2a: Primarina|94/100 slp|[from] Sandstorm
|-damage|p1a: Pelipper|94/100|[from] Sandstorm
|upkeep
|turn|3
|
|t:|1756399550
|switch|p1a: Amoonguss|Amoonguss, L50, F|100/100
|-terastallize|p2b: Tyranitar|Flying
|move|p1b: Archaludon|Flash Cannon|p2b: Tyranitar
|-damage|p2b: Tyranitar|72/100
|move|p2b: Tyranitar|Tera Blast|p1a: Amoonguss|[anim] Tera Blast Flying
|-supereffective|p1a: Amoonguss
|-damage|p1a: Amoonguss|0 fnt
|faint|p1a: Amoonguss
|cant|p2a: Primarina|slp
|
|-weather|Sandstorm|[upkeep]
|-damage|p2b: Tyranitar|66/100|[from] Sandstorm
|-damage|p2a: Primarina|88/100 slp|[from] Sandstorm
|upkeep
|
|t:|1756399559
|switch|p1a: Pelipper|Pelipper, L50, M|94/100
|-weather|RainDance|[from] ability: Drizzle|[of] p1a: Pelipper
|turn|4
|
|t:|1756399567
|switch|p2b: Garchomp|Garchomp, L50, F|100/100
|-curestatus|p2a: Primarina|slp|[msg]
|move|p2a: Primarina|Protect|p2a: Primarina
|-singleturn|p2a: Primarina|Protect
|move|p1b: Archaludon|Electro Shot||[still]
|-prepare|p1b: Archaludon|Electro Shot
|-boost|p1b: Archaludon|spa|1
|-anim|p1b: Archaludon|Electro Shot|p2a: Primarina
|-activate|p2a: Primarina|move: Protect
|move|p1a: Pelipper|Tailwind|p1a: Pelipper
|-sidestart|p1: giraldo576|move: Tailwind
|
|-weather|RainDance|[upkeep]
|upkeep
|turn|5
|
|t:|1756399586
|-terastallize|p1b: Archaludon|Grass
|move|p1b: Archaludon|Electro Shot||[still]
|-prepare|p1b: Archaludon|Electro Shot
|-boost|p1b: Archaludon|spa|1
|-anim|p1b: Archaludon|Electro Shot|p2a: Primarina
|-supereffective|p2a: Primarina
|-damage|p2a: Primarina|0 fnt
|faint|p2a: Primarina
|move|p1a: Pelipper|Weather Ball|p2b: Garchomp
|-damage|p2b: Garchomp|43/100
|move|p2b: Garchomp|Stomping Tantrum|p1b: Archaludon
|-resisted|p1b: Archaludon
|-damage|p1b: Archaludon|81/100
|-ability|p1b: Archaludon|Stamina|boost
|-boost|p1b: Archaludon|def|1
|-damage|p2b: Garchomp|33/100|[from] item: Life Orb
|
|-weather|RainDance|[upkeep]
|upkeep
|
|t:|1756399592
|switch|p2a: Amoonguss|Amoonguss, L50, F|79/100
|turn|6
|
|t:|1756399606
|move|p2b: Garchomp|Protect|p2b: Garchomp
|-singleturn|p2b: Garchomp|Protect
|move|p1b: Archaludon|Dragon Pulse|p2b: Garchomp
|-activate|p2b: Garchomp|move: Protect
|move|p1a: Pelipper|Hurricane|p2a: Amoonguss
|-supereffective|p2a: Amoonguss
|-damage|p2a: Amoonguss|7/100
|move|p2a: Amoonguss|Spore|p1a: Pelipper
|-status|p1a: Pelipper|slp|[from] move: Spore
|
|-weather|RainDance|[upkeep]
|upkeep
|turn|7
|
|t:|1756399619
|switch|p2a: Tyranitar|Tyranitar, L50, M, tera:Flying|66/100
|-weather|Sandstorm|[from] ability: Sand Stream|[of] p2a: Tyranitar
|move|p1b: Archaludon|Dragon Pulse|p2b: Garchomp
|-supereffective|p2b: Garchomp
|-damage|p2b: Garchomp|0 fnt
|faint|p2b: Garchomp
|cant|p1a: Pelipper|slp
|
|-weather|Sandstorm|[upkeep]
|-damage|p1b: Archaludon|75/100|[from] Sandstorm
|-damage|p1a: Pelipper|88/100 slp|[from] Sandstorm
|-damage|p2a: Tyranitar|60/100|[from] Sandstorm
|-sideend|p1: giraldo576|move: Tailwind
|upkeep
|
|t:|1756399626
|switch|p2b: Amoonguss|Amoonguss, L50, F|40/100
|turn|8
|
|t:|1756399635
|switch|p1b: Sylveon|Sylveon, L50, F|77/100 slp
|move|p2b: Amoonguss|Protect|p2b: Amoonguss
|-singleturn|p2b: Amoonguss|Protect
|move|p2a: Tyranitar|Tera Blast|p1b: Sylveon|[anim] Tera Blast Flying
|-damage|p1b: Sylveon|19/100 slp
|-curestatus|p1a: Pelipper|slp|[msg]
|move|p1a: Pelipper|Hurricane|p2b: Amoonguss
|-activate|p2b: Amoonguss|move: Protect
|
|-weather|Sandstorm|[upkeep]
|-damage|p2a: Tyranitar|54/100|[from] Sandstorm
|-damage|p1a: Pelipper|82/100|[from] Sandstorm
|-damage|p1b: Sylveon|13/100 slp|[from] Sandstorm
|-damage|p2b: Amoonguss|34/100|[from] Sandstorm
|upkeep
|turn|9
|
|t:|1756399652
|move|p2a: Tyranitar|Rock Slide|p1b: Sylveon|[spread] p1a,p1b
|-supereffective|p1a: Pelipper
|-damage|p1a: Pelipper|26/100
|-damage|p1b: Sylveon|0 fnt
|faint|p1b: Sylveon
|move|p1a: Pelipper|Hurricane|p2b: Amoonguss
|-supereffective|p2b: Amoonguss
|-damage|p2b: Amoonguss|0 fnt
|faint|p2b: Amoonguss
|
|-weather|Sandstorm|[upkeep]
|-damage|p2a: Tyranitar|48/100|[from] Sandstorm
|-damage|p1a: Pelipper|20/100|[from] Sandstorm
|upkeep
|
|t:|1756399655
|switch|p1b: Archaludon|Archaludon, L50, F, tera:Grass|75/100
|turn|10
|
|t:|1756399668
|move|p1b: Archaludon|Dragon Pulse|p2a: Tyranitar
|-damage|p2a: Tyranitar|18/100
|move|p2a: Tyranitar|Tera Blast|p1b: Archaludon|[anim] Tera Blast Flying
|-supereffective|p1b: Archaludon
|-damage|p1b: Archaludon|0 fnt
|faint|p1b: Archaludon
|move|p1a: Pelipper|Weather Ball|p2a: Tyranitar
|-supereffective|p2a: Tyranitar
|-crit|p2a: Tyranitar
|-damage|p2a: Tyranitar|0 fnt
|faint|p2a: Tyranitar
|
|win|giraldo576
|raw|giraldo576's rating: 1095 → 1120(+25 for winning)
|raw|OhNoValentine's rating: 1084 → 1062(-22 for losing)
