|j|Ōśåhuntr/x rumi
|j|ŌśåPuniHina
|html|huntr/x rumiPuniHina    
|uhtml|bestof|Game 3 of a best-of-3
|t:|1755410709
|gametype|doubles
|player|p1|huntr/x rumi|guitarist|1159
|player|p2|PuniHina|lacey|1367
|gen|9
|tier|[Gen 9] VGC 2025 Reg H (Bo3)
|rated|
|rule|Species Clause: Limit one of each Pok├®mon
|rule|Item Clause: Limit 1 of each item
|clearpoke
|poke|p1|Whimsicott, L50, M|
|poke|p1|Gholdengo, L50|
|poke|p1|Garchomp, L50, F|
|poke|p1|Ditto, L50|
|poke|p1|Incineroar, L50, F|
|poke|p1|Milotic, L50, M|
|poke|p2|Kingambit, L50, M|
|poke|p2|Volcarona, L50, M|
|poke|p2|Sneasler, L50, F|
|poke|p2|Rillaboom, L50, M|
|poke|p2|Electabuzz, L50, M|
|poke|p2|Dragonite, L50, F|
|teampreview|4
|showteam|p1|Whimsicott||FocusSash|Prankster|Protect,Moonblast,Tailwind,Encore|||M|||50|,,,,,Ghost]Gholdengo||ChoiceSpecs|GoodasGold|MakeItRain,ShadowBall,Protect,Trick||||||50|,,,,,Steel]Garchomp||LifeOrb|RoughSkin|Protect,StompingTantrum,DragonClaw,Earthquake|||F|||50|,,,,,Ground]Ditto||CovertCloak|Imposter|Transform||||||50|,,,,,Grass]Incineroar||SafetyGoggles|Intimidate|FakeOut,FlareBlitz,KnockOff,PartingShot|||F|||50|,,,,,Ghost]Milotic||SitrusBerry|Competitive|Protect,Scald,IceBeam,Haze|||M|||50|,,,,,Grass
|showteam|p2|Kingambit||BlackGlasses|Defiant|KowtowCleave,SuckerPunch,Protect,SwordsDance|||M|||50|,,,,,Dark]Volcarona||CovertCloak|FlameBody|GigaDrain,HeatWave,WillOWisp,QuiverDance|||M|||50|,,,,,Fairy]Sneasler||FocusSash|Unburden|DireClaw,CloseCombat,Taunt,Coaching|||F|||50|,,,,,Ghost]Rillaboom||AssaultVest|GrassySurge|WoodHammer,GrassyGlide,FakeOut,HighHorsepower|||M|||50|,,,,,Fire]Electabuzz||Eviolite|VitalSpirit|Electroweb,HelpingHand,Protect,FollowMe|||M|||50|,,,,,Dragon]Dragonite||LoadedDice|Multiscale|ScaleShot,StompingTantrum,Protect,Haze|||F|||50|,,,,,Ground
|
|t:|1755410719
|teamsize|p1|4
|teamsize|p2|4
|start
|switch|p1a: Whimsicott|Whimsicott, L50, M, shiny|100/100
|switch|p1b: Gholdengo|Gholdengo, L50|100/100
|switch|p2a: ŌØż’ĖÄLeahŌØż’ĖÄ|Sneasler, L50, F|100/100
|switch|p2b: Kingambit|Kingambit, L50, M|100/100
|turn|1
|
|t:|1755410730
|-terastallize|p2b: Kingambit|Dark
|move|p1a: Whimsicott|Protect|p1a: Whimsicott
|-singleturn|p1a: Whimsicott|Protect
|move|p2b: Kingambit|Sucker Punch||[still]
|-fail|p2b: Kingambit
|move|p2a: ŌØż’ĖÄLeahŌØż’ĖÄ|Dire Claw|p1a: Whimsicott
|-activate|p1a: Whimsicott|move: Protect
|move|p1b: Gholdengo|Trick|p2b: Kingambit
|-activate|p1b: Gholdengo|move: Trick|[of] p2b: Kingambit
|-item|p2b: Kingambit|Choice Specs|[from] move: Trick
|-item|p1b: Gholdengo|Black Glasses|[from] move: Trick
|
|upkeep
|turn|2
|
|t:|1755410744
|-terastallize|p1b: Gholdengo|Steel
|move|p1a: Whimsicott|Tailwind|p1a: Whimsicott
|-sidestart|p1: huntr/x rumi|move: Tailwind
|move|p2b: Kingambit|Sucker Punch|p1b: Gholdengo
|-damage|p1b: Gholdengo|39/100
|move|p1b: Gholdengo|Make It Rain|p2a: ŌØż’ĖÄLeahŌØż’ĖÄ|[spread] p2a,p2b
|-damage|p2a: ŌØż’ĖÄLeahŌØż’ĖÄ|8/100
|-damage|p2b: Kingambit|35/100
|-unboost|p1b: Gholdengo|spa|1
|move|p2a: ŌØż’ĖÄLeahŌØż’ĖÄ|Dire Claw|p1a: Whimsicott
|-supereffective|p1a: Whimsicott
|-enditem|p1a: Whimsicott|Focus Sash
|-damage|p1a: Whimsicott|1/100
|
|upkeep
|turn|3
|
|t:|1755410769
|switch|p2a: Rillaboom|Rillaboom, L50, M|100/100
|-fieldstart|move: Grassy Terrain|[from] ability: Grassy Surge|[of] p2a: Rillaboom
|move|p2b: Kingambit|Sucker Punch|p1a: Whimsicott
|-resisted|p1a: Whimsicott
|-damage|p1a: Whimsicott|0 fnt
|faint|p1a: Whimsicott
|move|p1b: Gholdengo|Make It Rain|p2a: Rillaboom|[spread] p2a,p2b
|-damage|p2a: Rillaboom|65/100
|-damage|p2b: Kingambit|0 fnt
|-unboost|p1b: Gholdengo|spa|1
|faint|p2b: Kingambit
|
|-heal|p1b: Gholdengo|45/100|[from] Grassy Terrain
|-heal|p2a: Rillaboom|71/100|[from] Grassy Terrain
|upkeep
|
|t:|1755410778
|switch|p1a: Ditto|Ditto, L50, shiny|100/100
|switch|p2b: Electabuzz|Electabuzz, L50, M|100/100
|-transform|p1a: Ditto|p2b: Electabuzz|[from] ability: Imposter
|turn|4
|
|t:|1755410787
|switch|p1a: Garchomp|Garchomp, L50, F|100/100
|move|p2a: Rillaboom|Fake Out|p1a: Garchomp
|-damage|p1a: Garchomp|86/100
|-damage|p2a: Rillaboom|58/100|[from] ability: Rough Skin|[of] p1a: Garchomp
|move|p1b: Gholdengo|Make It Rain|p2a: Rillaboom|[spread] p2a,p2b
|-resisted|p2b: Electabuzz
|-damage|p2a: Rillaboom|33/100
|-damage|p2b: Electabuzz|84/100
|-unboost|p1b: Gholdengo|spa|1
|move|p2b: Electabuzz|Electroweb|p1b: Gholdengo|[spread] p1b
|-immune|p1a: Garchomp
|-damage|p1b: Gholdengo|28/100
|-unboost|p1b: Gholdengo|spe|1
|
|-heal|p1a: Garchomp|92/100|[from] Grassy Terrain
|-heal|p1b: Gholdengo|34/100|[from] Grassy Terrain
|-heal|p2b: Electabuzz|90/100|[from] Grassy Terrain
|-heal|p2a: Rillaboom|39/100|[from] Grassy Terrain
|upkeep
|turn|5
|
|t:|1755410808
|move|p1b: Gholdengo|Protect|p1b: Gholdengo
|-singleturn|p1b: Gholdengo|Protect
|move|p2b: Electabuzz|Follow Me|p2b: Electabuzz
|-singleturn|p2b: Electabuzz|move: Follow Me
|move|p1a: Garchomp|Stomping Tantrum|p2b: Electabuzz
|-supereffective|p2b: Electabuzz
|-damage|p2b: Electabuzz|0 fnt
|faint|p2b: Electabuzz
|-damage|p1a: Garchomp|82/100|[from] item: Life Orb
|move|p2a: Rillaboom|Wood Hammer|p1a: Garchomp
|-damage|p1a: Garchomp|7/100
|-damage|p2a: Rillaboom|27/100|[from] ability: Rough Skin|[of] p1a: Garchomp
|-damage|p2a: Rillaboom|5/100|[from] Recoil
|
|-heal|p1a: Garchomp|13/100|[from] Grassy Terrain
|-heal|p1b: Gholdengo|40/100|[from] Grassy Terrain
|-heal|p2a: Rillaboom|11/100|[from] Grassy Terrain
|-sideend|p1: huntr/x rumi|move: Tailwind
|upkeep
|
|t:|1755410819
|switch|p2b: ŌØż’ĖÄLeahŌØż’ĖÄ|Sneasler, L50, F|8/100
|turn|6
|
|t:|1755410826
|move|p1a: Garchomp|Protect|p1a: Garchomp
|-singleturn|p1a: Garchomp|Protect
|move|p2a: Rillaboom|Grassy Glide|p1a: Garchomp
|-activate|p1a: Garchomp|move: Protect
|move|p2b: ŌØż’ĖÄLeahŌØż’ĖÄ|Close Combat|p1b: Gholdengo
|-supereffective|p1b: Gholdengo
|-damage|p1b: Gholdengo|0 fnt
|-unboost|p2b: ŌØż’ĖÄLeahŌØż’ĖÄ|def|1
|-unboost|p2b: ŌØż’ĖÄLeahŌØż’ĖÄ|spd|1
|faint|p1b: Gholdengo
|
|-heal|p2b: ŌØż’ĖÄLeahŌØż’ĖÄ|13/100|[from] Grassy Terrain
|-heal|p1a: Garchomp|19/100|[from] Grassy Terrain
|-heal|p2a: Rillaboom|16/100|[from] Grassy Terrain
|upkeep
|
|t:|1755410828
|switch|p1b: Ditto|Ditto, L50, shiny|100/100
|-transform|p1b: Ditto|p2a: Rillaboom|[from] ability: Imposter
|turn|7
|
|t:|1755410837
|move|p2a: Rillaboom|Grassy Glide|p1a: Garchomp
|-crit|p1a: Garchomp
|-damage|p1a: Garchomp|0 fnt
|-damage|p2a: Rillaboom|4/100|[from] ability: Rough Skin|[of] p1a: Garchomp
|faint|p1a: Garchomp
|move|p1b: Ditto|Grassy Glide|p2b: ŌØż’ĖÄLeahŌØż’ĖÄ
|-resisted|p2b: ŌØż’ĖÄLeahŌØż’ĖÄ
|-damage|p2b: ŌØż’ĖÄLeahŌØż’ĖÄ|0 fnt
|faint|p2b: ŌØż’ĖÄLeahŌØż’ĖÄ
|
|-heal|p2a: Rillaboom|10/100|[from] Grassy Terrain
|-fieldend|move: Grassy Terrain
|upkeep
|turn|8
|-message|PuniHina forfeited.
|
|win|huntr/x rumi
|raw|huntr/x rumi's rating: 1159 → 1197(+38 for winning)
|raw|PuniHina's rating: 1367 → 1336(-31 for losing)
|l|ŌśåPuniHina
|player|p2|
