|j|☆dambro222
|j|☆LeonardPlayz
|html|dambro222LeonardPlayz    
|uhtml|bestof|Game 2 of a best-of-3
|t:|1757152131
|gametype|doubles
|player|p1|dambro222|101|1138
|player|p2|LeonardPlayz|hilbert-wonderlauncher|1071
|gen|9
|tier|[Gen 9] VGC 2025 Reg H (Bo3)
|rated|
|rule|Species Clause: Limit one of each Pokémon
|rule|Item Clause: Limit 1 of each item
|clearpoke
|poke|p1|Dragonite, L50, M|
|poke|p1|Volcarona, L50, F|
|poke|p1|Sneasler, L50, M|
|poke|p1|Rillaboom, L50, M|
|poke|p1|Electabuzz, L50, M|
|poke|p1|Kingambit, L50, M|
|poke|p2|Spiritomb, L50, F|
|poke|p2|Indeedee-F, L50, F|
|poke|p2|Amoonguss, L50, M|
|poke|p2|Slowking-Galar, L50, M|
|poke|p2|Ursaluna, L50, M|
|poke|p2|Torkoal, L50, F|
|teampreview|4
|showteam|p1|Dragonite||LoadedDice|Multiscale|ScaleShot,ExtremeSpeed,Haze,Protect|||M|||50|,,,,,Fairy]Volcarona||CovertCloak|FlameBody|HeatWave,TeraBlast,QuiverDance,Protect|||F|||50|,,,,,Fairy]Sneasler||FocusSash|Unburden|CloseCombat,DireClaw,RockSlide,Protect|||M|||50|,,,,,Stellar]Rillaboom||AssaultVest|GrassySurge|WoodHammer,GrassyGlide,HighHorsepower,FakeOut|||M|||50|,,,,,Water]Electabuzz||Eviolite|VitalSpirit|Electroweb,FollowMe,Taunt,Protect|||M|||50|,,,,,Ghost]Kingambit||BlackGlasses|Defiant|KowtowCleave,SuckerPunch,SwordsDance,Protect|||M|||50|,,,,,Dark
|showteam|p2|Spiritomb||SafetyGoggles|Infiltrator|TrickRoom,BurningJealousy,Taunt,FoulPlay|||F|||50|,,,,,Grass]Indeedee-F||MentalHerb|PsychicSurge|FollowMe,Psychic,HelpingHand,TrickRoom|||F|||50|,,,,,Grass]Amoonguss||SitrusBerry|Regenerator|Spore,RagePowder,ClearSmog,Protect|||M|||50|,,,,,Water]Slowking-Galar||LifeOrb|Regenerator|ExpandingForce,SludgeBomb,FireBlast,ChillyReception|||M|||50|,,,,,Dark]Ursaluna||FlameOrb|Guts|Facade,HeadlongRush,Protect,SwordsDance|||M|||50|,,,,,Ghost]Torkoal||Charcoal|Drought|Eruption,Flamethrower,EarthPower,Protect|||F|||50|,,,,,Fire
|inactive|Battle timer is ON: inactive players will automatically lose when time's up. (requested by dambro222)
|inactive|LeonardPlayz also wants the timer to be on.
|inactive|dambro222 has 60 seconds left.
|
|t:|1757152179
|teamsize|p1|4
|teamsize|p2|4
|start
|switch|p1a: Volcarona|Volcarona, L50, F|100/100
|switch|p1b: Electabuzz|Electabuzz, L50, M|100/100
|switch|p2a: Off Course|Indeedee-F, L50, F|100/100
|switch|p2b: The Squad|Spiritomb, L50, F|100/100
|-fieldstart|move: Psychic Terrain|[from] ability: Psychic Surge|[of] p2a: Off Course
|turn|1
|
|t:|1757152188
|move|p2a: Off Course|Follow Me|p2a: Off Course
|-singleturn|p2a: Off Course|move: Follow Me
|move|p1a: Volcarona|Quiver Dance|p1a: Volcarona
|-boost|p1a: Volcarona|spa|1
|-boost|p1a: Volcarona|spd|1
|-boost|p1a: Volcarona|spe|1
|move|p1b: Electabuzz|Taunt|p2a: Off Course
|-start|p2a: Off Course|move: Taunt
|-enditem|p2a: Off Course|Mental Herb
|-end|p2a: Off Course|move: Taunt
|move|p2b: The Squad|Trick Room|p2b: The Squad
|-fieldstart|move: Trick Room|[of] p2b: The Squad
|
|upkeep
|turn|2
|
|t:|1757152205
|move|p2b: The Squad|Taunt|p1b: Electabuzz
|-start|p1b: Electabuzz|move: Taunt
|move|p2a: Off Course|Psychic|p1a: Volcarona
|-damage|p1a: Volcarona|76/100
|cant|p1b: Electabuzz|move: Taunt|Taunt
|move|p1a: Volcarona|Quiver Dance|p1a: Volcarona
|-boost|p1a: Volcarona|spa|1
|-boost|p1a: Volcarona|spd|1
|-boost|p1a: Volcarona|spe|1
|
|upkeep
|turn|3
|
|t:|1757152221
|move|p2b: The Squad|Taunt|p1a: Volcarona
|-start|p1a: Volcarona|move: Taunt
|move|p2a: Off Course|Psychic|p1a: Volcarona
|-damage|p1a: Volcarona|57/100
|move|p1b: Electabuzz|Electroweb|p2a: Off Course|[spread] p2a,p2b
|-crit|p2b: The Squad
|-damage|p2a: Off Course|90/100
|-damage|p2b: The Squad|78/100
|-unboost|p2a: Off Course|spe|1
|-unboost|p2b: The Squad|spe|1
|move|p1a: Volcarona|Heat Wave|p2a: Off Course|[spread] p2a,p2b
|-damage|p2a: Off Course|39/100
|-damage|p2b: The Squad|0 fnt
|faint|p2b: The Squad
|
|upkeep
|
|t:|1757152241
|switch|p2b: Torkoal|Torkoal, L50, F|100/100
|-weather|SunnyDay|[from] ability: Drought|[of] p2b: Torkoal
|turn|4
|
|t:|1757152260
|-terastallize|p2b: Torkoal|Fire
|move|p2a: Off Course|Helping Hand|p2b: Torkoal
|-singleturn|p2b: Torkoal|Helping Hand|[of] p2a: Off Course
|move|p2b: Torkoal|Eruption|p1a: Volcarona|[spread] p1a,p1b
|-damage|p1a: Volcarona|0 fnt
|-damage|p1b: Electabuzz|0 fnt
|faint|p1a: Volcarona
|faint|p1b: Electabuzz
|
|-weather|SunnyDay|[upkeep]
|upkeep
|
|t:|1757152267
|switch|p1b: Sneasler|Sneasler, L50, M|100/100
|switch|p1a: Rillaboom|Rillaboom, L50, M|100/100
|-fieldstart|move: Grassy Terrain|[from] ability: Grassy Surge|[of] p1a: Rillaboom
|turn|5
|
|t:|1757152285
|switch|p2a: Amanita|Amoonguss, L50, M|100/100
|move|p2b: Torkoal|Protect|p2b: Torkoal
|-singleturn|p2b: Torkoal|Protect
|move|p1a: Rillaboom|Fake Out|p2b: Torkoal
|-activate|p2b: Torkoal|move: Protect
|move|p1b: Sneasler|Dire Claw|p2a: Amanita
|-damage|p2a: Amanita|67/100
|
|-weather|SunnyDay|[upkeep]
|-heal|p2a: Amanita|73/100|[from] Grassy Terrain
|-fieldend|move: Trick Room
|upkeep
|turn|6
|
|t:|1757152305
|move|p2a: Amanita|Rage Powder|p2a: Amanita
|-singleturn|p2a: Amanita|move: Rage Powder
|move|p1b: Sneasler|Dire Claw|p2a: Amanita
|-crit|p2a: Amanita
|-damage|p2a: Amanita|25/100
|-enditem|p2a: Amanita|Sitrus Berry|[eat]
|-heal|p2a: Amanita|50/100|[from] item: Sitrus Berry
|move|p1a: Rillaboom|High Horsepower|p2b: Torkoal
|-supereffective|p2b: Torkoal
|-damage|p2b: Torkoal|52/100
|move|p2b: Torkoal|Flamethrower|p1a: Rillaboom
|-supereffective|p1a: Rillaboom
|-damage|p1a: Rillaboom|0 fnt
|faint|p1a: Rillaboom
|
|-weather|SunnyDay|[upkeep]
|-heal|p2a: Amanita|56/100|[from] Grassy Terrain
|-heal|p2b: Torkoal|58/100|[from] Grassy Terrain
|upkeep
|turn|7
|
|t:|1757152323
|-terastallize|p1b: Sneasler|Stellar
|move|p2a: Amanita|Rage Powder|p2a: Amanita
|-singleturn|p2a: Amanita|move: Rage Powder
|move|p1b: Sneasler|Rock Slide|p2a: Amanita|[spread] 
|-miss|p1b: Sneasler|p2a: Amanita
|-miss|p1b: Sneasler|p2b: Torkoal
|move|p2b: Torkoal|Flamethrower|p1b: Sneasler
|-enditem|p1b: Sneasler|Focus Sash
|-damage|p1b: Sneasler|1/100
|-status|p1b: Sneasler|brn
|
|-weather|SunnyDay|[upkeep]
|-heal|p1b: Sneasler|7/100 brn|[from] Grassy Terrain
|-heal|p2a: Amanita|62/100|[from] Grassy Terrain
|-heal|p2b: Torkoal|64/100|[from] Grassy Terrain
|-damage|p1b: Sneasler|1/100 brn|[from] brn
|upkeep
|turn|8
|-message|dambro222 forfeited.
|
|win|LeonardPlayz
|raw|dambro222's rating: 1138 → 1108(-30 for losing)
|raw|LeonardPlayz's rating: 1071 → 1106(+35 for winning)
|l|☆dambro222
|player|p1|
