|j|☆CaratroncoSun
|j|☆pablittoo
|html|CaratroncoSunpablittoo    
|uhtml|bestof|Game 1 of a best-of-3
|t:|1782400995
|gametype|doubles
|player|p1|CaratroncoSun|juan|1246
|player|p2|pablittoo|170|1337
|gen|9
|tier|[Gen 9 Champions] VGC 2026 Reg M-B (Bo3)
|rated|
|rule|Species Clause: Limit one of each Pokémon
|rule|Item Clause: Limit 1 of each item
|clearpoke
|poke|p1|Overqwil, L50, F, shiny|
|poke|p1|Swampert, L50, F|
|poke|p1|Pelipper, L50, M|
|poke|p1|Metagross, L50, shiny|
|poke|p1|Sneasler, L50, F|
|poke|p1|Sinistcha-Masterpiece, L50|
|poke|p2|Incineroar, L50, F|
|poke|p2|Sneasler, L50, F|
|poke|p2|Kingambit, L50, F|
|poke|p2|Gengar, L50, M|
|poke|p2|Sinistcha, L50|
|poke|p2|Floette-Eternal, L50, F|
|teampreview|4
|showteam|p1|Overqwil||LifeOrb|SwiftSwim|Protect,PoisonJab,ThroatChop,Liquidation|Adamant||F|||50|]Swampert||Swampertite|Damp|Protect,WaveCrash,HighHorsepower,IcePunch|Adamant||F|||50|]Pelipper||FocusSash|Drizzle|RainDance,Tailwind,Hurricane,WeatherBall|Modest||M|||50|]Metagross||Metagrossite|ClearBody|Protect,PsychicFangs,IronHead,IcePunch|Jolly|||||50|]Sneasler||WhiteHerb|Unburden|Coaching,FakeOut,DireClaw,CloseCombat|Jolly||F|||50|]Sinistcha-Masterpiece||SitrusBerry|Hospitality|MatchaGotcha,TrickRoom,LifeDew,RagePowder|Bold|||||50|
|showteam|p2|Incineroar||PasshoBerry|Intimidate|Protect,FlareBlitz,FakeOut,PartingShot|Relaxed||F|||50|]Sneasler||WhiteHerb|Unburden|DireClaw,FakeOut,CloseCombat,Protect|Jolly||F|||50|]Kingambit||BlackGlasses|Defiant|KowtowCleave,SwordsDance,SuckerPunch,Protect|Adamant||F|||50|]Gengar||Gengarite|CursedBody|ShadowBall,PerishSong,Protect,Disable|Modest||M|||50|]Sinistcha||SitrusBerry|Hospitality|StrengthSap,RagePowder,MatchaGotcha,Protect|Bold|||||50|]Floette-Eternal||Floettite|FlowerVeil|Protect,CalmMind,Moonblast,DazzlingGleam|Modest||F|||50|
|
|t:|1782401078
|teamsize|p1|4
|teamsize|p2|4
|start
|switch|p1a: Pelipper|Pelipper, L50, M|100/100
|switch|p1b: Sneasler|Sneasler, L50, F|100/100
|switch|p2a: Incineroar|Incineroar, L50, F|100/100
|switch|p2b: Gengar|Gengar, L50, M|100/100
|-weather|RainDance|[from] ability: Drizzle|[of] p1a: Pelipper
|-ability|p2a: Incineroar|Intimidate|boost
|-unboost|p1a: Pelipper|atk|1
|-unboost|p1b: Sneasler|atk|1
|-enditem|p1b: Sneasler|White Herb
|-clearnegativeboost|p1b: Sneasler|[silent]
|turn|1
|
|t:|1782401092
|switch|p1a: Overqwil|Overqwil, L50, F, shiny|100/100
|detailschange|p2b: Gengar|Gengar-Mega, L50, M
|-mega|p2b: Gengar|Gengar|Gengarite
|move|p1b: Sneasler|Fake Out|p2a: Incineroar
|-damage|p2a: Incineroar|90/100
|cant|p2a: Incineroar|flinch
|move|p2b: Gengar|Perish Song|p2b: Gengar
|-start|p1a: Overqwil|perish3|[silent]
|-start|p1b: Sneasler|perish3|[silent]
|-start|p2a: Incineroar|perish3|[silent]
|-start|p2b: Gengar|perish3|[silent]
|-fieldactivate|move: Perish Song
|
|-weather|RainDance|[upkeep]
|-start|p1b: Sneasler|perish3
|-start|p1a: Overqwil|perish3
|-start|p2b: Gengar|perish3
|-start|p2a: Incineroar|perish3
|upkeep
|turn|2
|
|t:|1782401111
|move|p2b: Gengar|Protect|p2b: Gengar
|-singleturn|p2b: Gengar|Protect
|move|p2a: Incineroar|Protect|p2a: Incineroar
|-singleturn|p2a: Incineroar|Protect
|move|p1b: Sneasler|Coaching|p1a: Overqwil
|-boost|p1a: Overqwil|atk|1
|-boost|p1a: Overqwil|def|1
|move|p1a: Overqwil|Liquidation|p2a: Incineroar
|-activate|p2a: Incineroar|move: Protect
|
|-weather|RainDance|[upkeep]
|-start|p1b: Sneasler|perish2
|-start|p1a: Overqwil|perish2
|-start|p2b: Gengar|perish2
|-start|p2a: Incineroar|perish2
|upkeep
|turn|3
|
|t:|1782401136
|switch|p2b: Sneasler|Sneasler, L50, F|100/100
|move|p1b: Sneasler|Close Combat|p2a: Incineroar
|-supereffective|p2a: Incineroar|1
|-damage|p2a: Incineroar|0 fnt
|-unboost|p1b: Sneasler|def|1
|-unboost|p1b: Sneasler|spd|1
|faint|p2a: Incineroar
|move|p1a: Overqwil|Throat Chop|p2b: Sneasler
|-resisted|p2b: Sneasler|1
|-damage|p2b: Sneasler|28/100
|-start|p2b: Sneasler|Throat Chop|[silent]
|-damage|p1a: Overqwil|90/100|[from] item: Life Orb
|
|-weather|RainDance|[upkeep]
|-start|p1b: Sneasler|perish1
|-start|p1a: Overqwil|perish1
|upkeep
|
|t:|1782401145
|switch|p2a: Gengar|Gengar-Mega, L50, M|100/100
|turn|4
|
|t:|1782401178
|move|p2b: Sneasler|Protect|p2b: Sneasler
|-singleturn|p2b: Sneasler|Protect
|move|p2a: Gengar|Protect|p2a: Gengar
|-singleturn|p2a: Gengar|Protect
|move|p1b: Sneasler|Dire Claw|p2b: Sneasler
|-activate|p2b: Sneasler|move: Protect
|move|p1a: Overqwil|Throat Chop|p2a: Gengar
|-activate|p2a: Gengar|move: Protect
|
|-weather|RainDance|[upkeep]
|-end|p2b: Sneasler|Throat Chop|[silent]
|-start|p1b: Sneasler|perish0
|-start|p1a: Overqwil|perish0
|faint|p1b: Sneasler
|faint|p1a: Overqwil
|upkeep
|
|t:|1782401191
|switch|p1b: Swampert|Swampert, L50, F|100/100
|switch|p1a: Pelipper|Pelipper, L50, M|100/100
|turn|5
|
|t:|1782401217
|switch|p2a: Sinistcha|Sinistcha, L50|100/100
|-heal|p2b: Sneasler|52/100|[from] ability: Hospitality|[of] p2a: Sinistcha
|detailschange|p1b: Swampert|Swampert-Mega, L50, F
|-mega|p1b: Swampert|Swampert|Swampertite
|move|p1b: Swampert|High Horsepower|p2a: Sinistcha
|-resisted|p2a: Sinistcha|1
|-damage|p2a: Sinistcha|77/100
|move|p2b: Sneasler|Dire Claw|p1a: Pelipper
|-damage|p1a: Pelipper|44/100
|move|p1a: Pelipper|Tailwind|p1a: Pelipper
|-sidestart|p1: CaratroncoSun|move: Tailwind
|
|-weather|none
|upkeep
|turn|6
|
|t:|1782401256
|move|p2b: Sneasler|Protect|p2b: Sneasler
|-singleturn|p2b: Sneasler|Protect
|move|p2a: Sinistcha|Protect|p2a: Sinistcha
|-singleturn|p2a: Sinistcha|Protect
|move|p1b: Swampert|Ice Punch|p2a: Sinistcha
|-activate|p2a: Sinistcha|move: Protect
|move|p1a: Pelipper|Hurricane|p2b: Sneasler
|-activate|p2b: Sneasler|move: Protect
|
|upkeep
|turn|7
|
|t:|1782401300
|move|p2a: Sinistcha|Rage Powder|p2a: Sinistcha
|-singleturn|p2a: Sinistcha|move: Rage Powder
|move|p1b: Swampert|Ice Punch|p2a: Sinistcha
|-supereffective|p2a: Sinistcha|1
|-damage|p2a: Sinistcha|30/100
|-enditem|p2a: Sinistcha|Sitrus Berry|[eat]
|-heal|p2a: Sinistcha|55/100|[from] item: Sitrus Berry
|move|p1a: Pelipper|Hurricane|p2a: Sinistcha
|-supereffective|p2a: Sinistcha|1
|-damage|p2a: Sinistcha|0 fnt
|faint|p2a: Sinistcha
|move|p2b: Sneasler|Close Combat|p1b: Swampert
|-damage|p1b: Swampert|41/100
|-unboost|p2b: Sneasler|def|1
|-unboost|p2b: Sneasler|spd|1
|-enditem|p2b: Sneasler|White Herb
|-clearnegativeboost|p2b: Sneasler|[silent]
|
|upkeep
|
|t:|1782401305
|switch|p2a: Gengar|Gengar-Mega, L50, M|100/100
|turn|8
|
|t:|1782401324
|move|p2b: Sneasler|Protect|p2b: Sneasler
|-singleturn|p2b: Sneasler|Protect
|move|p1b: Swampert|Protect|p1b: Swampert
|-singleturn|p1b: Swampert|Protect
|move|p2a: Gengar|Protect|p2a: Gengar
|-singleturn|p2a: Gengar|Protect
|move|p1a: Pelipper|Rain Dance|p1a: Pelipper
|-weather|RainDance
|
|-weather|RainDance|[upkeep]
|-sideend|p1: CaratroncoSun|move: Tailwind
|upkeep
|turn|9
|
|t:|1782401347
|move|p2b: Sneasler|Close Combat|p1b: Swampert
|-damage|p1b: Swampert|0 fnt
|-unboost|p2b: Sneasler|def|1
|-unboost|p2b: Sneasler|spd|1
|faint|p1b: Swampert
|move|p2a: Gengar|Shadow Ball|p1a: Pelipper
|-damage|p1a: Pelipper|0 fnt
|faint|p1a: Pelipper
|
|win|pablittoo
