|j|☆PittsburghSkylines
|j|☆dollartreehero
|html|PittsburghSkylinesdollartreehero    
|uhtml|bestof|Game 2 of a best-of-3
|t:|1757862168
|gametype|doubles
|player|p1|PittsburghSkylines|blue|1326
|player|p2|dollartreehero|bugcatcher-gen4dp|1247
|gen|9
|tier|[Gen 9] VGC 2025 Reg H (Bo3)
|rated|
|rule|Species Clause: Limit one of each Pokémon
|rule|Item Clause: Limit 1 of each item
|clearpoke
|poke|p1|Sneasler, L50, F|
|poke|p1|Whimsicott, L50, M|
|poke|p1|Gholdengo, L50|
|poke|p1|Garchomp, L50, M|
|poke|p1|Incineroar, L50, F|
|poke|p1|Rillaboom, L50, M|
|poke|p2|Talonflame, L50, M|
|poke|p2|Garchomp, L50, M|
|poke|p2|Tyranitar, L50, F|
|poke|p2|Milotic, L50, M|
|poke|p2|Sinistcha, L50|
|poke|p2|Gholdengo, L50|
|teampreview|4
|showteam|p1|Sneasler||WhiteHerb|Unburden|CloseCombat,DireClaw,FakeOut,Protect|||F|||50|,,,,,Stellar]Whimsicott||FocusSash|Prankster|Moonblast,FakeTears,Tailwind,Protect|||M|||50|,,,,,Ghost]Gholdengo||ChoiceSpecs|GoodasGold|MakeItRain,ShadowBall,PowerGem,Trick||||||50|,,,,,Steel]Garchomp||LifeOrb|RoughSkin|DragonClaw,StompingTantrum,RockSlide,Protect|||M|||50|,,,,,Ground]Incineroar||AssaultVest|Intimidate|FlareBlitz,KnockOff,Uturn,FakeOut|||F|||50|,,,,,Grass]Rillaboom||MiracleSeed|GrassySurge|WoodHammer,GrassyGlide,FakeOut,Taunt|||M|||50|,,,,,Fire
|showteam|p2|Talonflame||CovertCloak|GaleWings|DualWingbeat,Tailwind,WillOWisp,Taunt|||M|||50|,,,,,Flying]Garchomp||LifeOrb|RoughSkin|Protect,StompingTantrum,Earthquake,DragonClaw|||M|||50|,,,,,Ground]Tyranitar||AssaultVest|SandStream|RockSlide,KnockOff,LowKick,TeraBlast|||F|||50|,,,,,Flying]Milotic||SafetyGoggles|Competitive|Scald,IcyWind,Haze,Protect|||M|||50|,,,,,Poison]Sinistcha||SitrusBerry|Hospitality|MatchaGotcha,TrickRoom,RagePowder,Imprison||||||50|,,,,,Water]Gholdengo||MetalCoat|GoodasGold|MakeItRain,ShadowBall,NastyPlot,Protect||||||50|,,,,,Flying
|inactive|Battle timer is ON: inactive players will automatically lose when time's up. (requested by dollartreehero)
|inactive|dollartreehero has 60 seconds left.
|
|t:|1757862203
|teamsize|p1|4
|teamsize|p2|4
|start
|switch|p1a: Whimsicott|Whimsicott, L50, M|100/100
|switch|p1b: Garchomp|Garchomp, L50, M|100/100
|switch|p2a: Milotic|Milotic, L50, M|100/100
|switch|p2b: Tyranitar|Tyranitar, L50, F, shiny|100/100
|-weather|Sandstorm|[from] ability: Sand Stream|[of] p2b: Tyranitar
|turn|1
|inactive|PittsburghSkylines has 30 seconds left.
|inactive|PittsburghSkylines has 20 seconds left.
|
|t:|1757862242
|-terastallize|p2b: Tyranitar|Flying
|move|p1a: Whimsicott|Protect|p1a: Whimsicott
|-singleturn|p1a: Whimsicott|Protect
|move|p1b: Garchomp|Dragon Claw|p2b: Tyranitar
|-damage|p2b: Tyranitar|58/100
|-damage|p1b: Garchomp|91/100|[from] item: Life Orb
|move|p2a: Milotic|Icy Wind|p1a: Whimsicott|[spread] p1b
|-activate|p1a: Whimsicott|move: Protect
|-supereffective|p1b: Garchomp
|-damage|p1b: Garchomp|38/100
|-unboost|p1b: Garchomp|spe|1
|move|p2b: Tyranitar|Tera Blast|p1a: Whimsicott|[anim] Tera Blast Flying
|-activate|p1a: Whimsicott|move: Protect
|
|-weather|Sandstorm|[upkeep]
|-damage|p1a: Whimsicott|95/100|[from] Sandstorm
|-damage|p2b: Tyranitar|53/100|[from] Sandstorm
|upkeep
|turn|2
|
|t:|1757862263
|move|p1a: Whimsicott|Tailwind|p1a: Whimsicott
|-sidestart|p1: PittsburghSkylines|move: Tailwind
|move|p1b: Garchomp|Rock Slide|p2b: Tyranitar|[spread] p2a,p2b
|-supereffective|p2b: Tyranitar
|-damage|p2a: Milotic|78/100
|-damage|p2b: Tyranitar|11/100
|-damage|p1b: Garchomp|28/100|[from] item: Life Orb
|cant|p2a: Milotic|flinch
|cant|p2b: Tyranitar|flinch
|
|-weather|Sandstorm|[upkeep]
|-damage|p1a: Whimsicott|89/100|[from] Sandstorm
|-damage|p2b: Tyranitar|5/100|[from] Sandstorm
|upkeep
|turn|3
|
|t:|1757862282
|switch|p1a: Rillaboom|Rillaboom, L50, M|100/100
|-fieldstart|move: Grassy Terrain|[from] ability: Grassy Surge|[of] p1a: Rillaboom
|switch|p2b: Sinistcha|Sinistcha, L50|100/100
|-heal|p2a: Milotic|100/100|[from] ability: Hospitality|[of] p2b: Sinistcha
|move|p1b: Garchomp|Dragon Claw|p2b: Sinistcha
|-damage|p2b: Sinistcha|54/100
|-damage|p1b: Garchomp|19/100|[from] item: Life Orb
|move|p2a: Milotic|Icy Wind|p1b: Garchomp|[spread] p1a,p1b
|-supereffective|p1a: Rillaboom
|-supereffective|p1b: Garchomp
|-damage|p1a: Rillaboom|78/100
|-damage|p1b: Garchomp|0 fnt
|-unboost|p1a: Rillaboom|spe|1
|faint|p1b: Garchomp
|
|-weather|Sandstorm|[upkeep]
|-damage|p1a: Rillaboom|72/100|[from] Sandstorm
|-damage|p2b: Sinistcha|48/100|[from] Sandstorm
|-enditem|p2b: Sinistcha|Sitrus Berry|[eat]
|-heal|p2b: Sinistcha|73/100|[from] item: Sitrus Berry
|-heal|p1a: Rillaboom|78/100|[from] Grassy Terrain
|-heal|p2b: Sinistcha|79/100|[from] Grassy Terrain
|upkeep
|
|t:|1757862294
|switch|p1b: Gholdengo|Gholdengo, L50|100/100
|turn|4
|
|t:|1757862314
|switch|p2b: Tyranitar|Tyranitar, L50, F, shiny, tera:Flying|5/100
|move|p2a: Milotic|Protect|p2a: Milotic
|-singleturn|p2a: Milotic|Protect
|move|p1b: Gholdengo|Shadow Ball|p2a: Milotic
|-activate|p2a: Milotic|move: Protect
|move|p1a: Rillaboom|Taunt|p2b: Tyranitar
|-start|p2b: Tyranitar|move: Taunt
|
|-weather|Sandstorm|[upkeep]
|-damage|p1a: Rillaboom|72/100|[from] Sandstorm
|-damage|p2b: Tyranitar|0 fnt|[from] Sandstorm
|faint|p2b: Tyranitar
|-heal|p1a: Rillaboom|78/100|[from] Grassy Terrain
|upkeep
|
|t:|1757862326
|switch|p2b: Garchomp|Garchomp, L50, M|100/100
|turn|5
|
|t:|1757862339
|switch|p1a: Whimsicott|Whimsicott, L50, M|89/100
|move|p1b: Gholdengo|Shadow Ball|p2a: Milotic
|-damage|p2a: Milotic|44/100
|move|p2b: Garchomp|Stomping Tantrum|p1b: Gholdengo
|-supereffective|p1b: Gholdengo
|-damage|p1b: Gholdengo|0 fnt
|faint|p1b: Gholdengo
|-damage|p2b: Garchomp|91/100|[from] item: Life Orb
|move|p2a: Milotic|Icy Wind|p1a: Whimsicott
|-supereffective|p1a: Whimsicott
|-damage|p1a: Whimsicott|32/100
|-unboost|p1a: Whimsicott|spe|1
|
|-weather|none
|-heal|p1a: Whimsicott|38/100|[from] Grassy Terrain
|-heal|p2b: Garchomp|97/100|[from] Grassy Terrain
|-heal|p2a: Milotic|50/100|[from] Grassy Terrain
|-sideend|p1: PittsburghSkylines|move: Tailwind
|upkeep
|
|t:|1757862347
|switch|p1b: Rillaboom|Rillaboom, L50, M|78/100
|turn|6
|
|t:|1757862359
|move|p2b: Garchomp|Protect|p2b: Garchomp
|-singleturn|p2b: Garchomp|Protect
|move|p2a: Milotic|Protect|p2a: Milotic
|-singleturn|p2a: Milotic|Protect
|move|p1a: Whimsicott|Tailwind|p1a: Whimsicott
|-sidestart|p1: PittsburghSkylines|move: Tailwind
|move|p1b: Rillaboom|Wood Hammer|p2a: Milotic
|-activate|p2a: Milotic|move: Protect
|
|-heal|p1a: Whimsicott|44/100|[from] Grassy Terrain
|-heal|p1b: Rillaboom|84/100|[from] Grassy Terrain
|-heal|p2b: Garchomp|100/100|[from] Grassy Terrain
|-heal|p2a: Milotic|57/100|[from] Grassy Terrain
|upkeep
|turn|7
|
|t:|1757862381
|switch|p2a: Sinistcha|Sinistcha, L50|79/100
|move|p1a: Whimsicott|Moonblast|p2a: Sinistcha
|-damage|p2a: Sinistcha|45/100
|move|p1b: Rillaboom|Wood Hammer|p2b: Garchomp
|-damage|p2b: Garchomp|11/100
|-damage|p1b: Rillaboom|72/100|[from] ability: Rough Skin|[of] p2b: Garchomp
|-damage|p1b: Rillaboom|46/100|[from] Recoil
|move|p2b: Garchomp|Dragon Claw|p1b: Rillaboom
|-damage|p1b: Rillaboom|0 fnt
|faint|p1b: Rillaboom
|-damage|p2b: Garchomp|1/100|[from] item: Life Orb
|
|-heal|p1a: Whimsicott|50/100|[from] Grassy Terrain
|-heal|p2b: Garchomp|7/100|[from] Grassy Terrain
|-heal|p2a: Sinistcha|52/100|[from] Grassy Terrain
|-fieldend|move: Grassy Terrain
|upkeep
|turn|8
|-message|PittsburghSkylines forfeited.
|
|win|dollartreehero
|raw|PittsburghSkylines's rating: 1326 → 1302(-24 for losing)
|raw|dollartreehero's rating: 1247 → 1278(+31 for winning)
|l|☆PittsburghSkylines
|player|p1|
