|j|☆ancientson
|j|☆2025bolognachamp
|html|ancientson2025bolognachamp    
|uhtml|bestof|Game 1 of a best-of-3
|t:|1757174061
|gametype|doubles
|player|p1|ancientson|n|1047
|player|p2|2025bolognachamp|101|1074
|gen|9
|tier|[Gen 9] VGC 2025 Reg H (Bo3)
|rated|
|rule|Species Clause: Limit one of each Pokémon
|rule|Item Clause: Limit 1 of each item
|clearpoke
|poke|p1|Dragapult, L50, F|
|poke|p1|Gholdengo, L50|
|poke|p1|Murkrow, L50, M|
|poke|p1|Sneasler, L50, M|
|poke|p1|Armarouge, L50, F|
|poke|p1|Indeedee-F, L50, F|
|poke|p2|Dragonite, L50, F|
|poke|p2|Gholdengo, L50|
|poke|p2|Ursaluna-Bloodmoon, L50, M|
|poke|p2|Annihilape, L50, F|
|poke|p2|Maushold-Four, L50|
|poke|p2|Rillaboom, L50, M|
|teampreview|4
|showteam|p1|Dragapult||LifeOrb|ClearBody|DragonDarts,Uturn,PhantomForce,SuckerPunch|||F|||50|,,,,,Dragon]Gholdengo||Leftovers|GoodasGold|Protect,ShadowBall,MakeItRain,NastyPlot||||||50|,,,,,Fighting]Murkrow||Eviolite|Prankster|FoulPlay,Tailwind,Haze,SunnyDay|||M|||50|,,,,,Dark]Sneasler||PsychicSeed|Unburden|DireClaw,CloseCombat,Protect,ThroatChop|||M|||50|,,,,,Dark]Armarouge||CovertCloak|FlashFire|ExpandingForce,HeatWave,Protect,TeraBlast|||F|||50|,,,,,Fighting]Indeedee-F||RockyHelmet|PsychicSurge|FollowMe,HelpingHand,TrickRoom,Psychic|||F|||50|,,,,,Dark
|showteam|p2|Dragonite||LoadedDice|Multiscale|ScaleShot,Tailwind,Haze,Protect|||F|||50|,,,,,Fairy]Gholdengo||LifeOrb|GoodasGold|MakeItRain,ShadowBall,NastyPlot,Protect||||||50|,,,,,Water]Ursaluna-Bloodmoon||AssaultVest|MindsEye|BloodMoon,EarthPower,HyperVoice,VacuumWave|||M|||50|,,,,,Water]Annihilape||SitrusBerry|Defiant|DrainPunch,RageFist,BulkUp,Protect|||F|||50|,,,,,Fire]Maushold-Four||FocusSash|FriendGuard|SuperFang,BeatUp,FollowMe,Protect||||||50|,,,,,Ghost]Rillaboom||MiracleSeed|GrassySurge|WoodHammer,GrassyGlide,HighHorsepower,FakeOut|||M|||50|,,,,,Fire
|inactive|Battle timer is ON: inactive players will automatically lose when time's up. (requested by ancientson)
|
|t:|1757174094
|teamsize|p1|4
|teamsize|p2|4
|start
|switch|p1a: Dragapult|Dragapult, L50, F|100/100
|switch|p1b: Sneasler|Sneasler, L50, M|100/100
|switch|p2a: Annihilape|Annihilape, L50, F|100/100
|switch|p2b: Maushold|Maushold-Four, L50|100/100
|turn|1
|inactive|ancientson has 30 seconds left.
|inactive|ancientson has 20 seconds left.
|inactive|ancientson has 15 seconds left.
|inactive|ancientson has 10 seconds left.
|
|t:|1757174142
|-terastallize|p2a: Annihilape|Fire
|move|p1a: Dragapult|Dragon Darts|p2a: Annihilape
|-damage|p2a: Annihilape|73/100
|-anim|p1a: Dragapult|Dragon Darts|p2b: Maushold
|-damage|p2b: Maushold|56/100
|-damage|p1a: Dragapult|91/100|[from] item: Life Orb
|move|p1b: Sneasler|Throat Chop|p2a: Annihilape
|-damage|p2a: Annihilape|52/100
|-start|p2a: Annihilape|Throat Chop|[silent]
|move|p2a: Annihilape|Bulk Up|p2a: Annihilape
|-boost|p2a: Annihilape|atk|1
|-boost|p2a: Annihilape|def|1
|move|p2b: Maushold|Beat Up|p2a: Annihilape
|-damage|p2a: Annihilape|50/100
|-enditem|p2a: Annihilape|Sitrus Berry|[eat]
|-heal|p2a: Annihilape|75/100|[from] item: Sitrus Berry
|-damage|p2a: Annihilape|74/100
|-damage|p2a: Annihilape|72/100
|-damage|p2a: Annihilape|70/100
|-hitcount|p2a: Annihilape|4
|
|upkeep
|turn|2
|inactive|ancientson has 30 seconds left.
|inactive|2025bolognachamp has 30 seconds left.
|
|t:|1757174171
|move|p2b: Maushold|Follow Me|p2b: Maushold
|-singleturn|p2b: Maushold|move: Follow Me
|move|p1a: Dragapult|Phantom Force||[still]
|-prepare|p1a: Dragapult|Phantom Force
|move|p1b: Sneasler|Close Combat|p2b: Maushold
|-supereffective|p2b: Maushold
|-damage|p2b: Maushold|0 fnt
|-unboost|p1b: Sneasler|def|1
|-unboost|p1b: Sneasler|spd|1
|faint|p2b: Maushold
|move|p2a: Annihilape|Rage Fist|p1a: Dragapult|[miss]
|-miss|p2a: Annihilape|p1a: Dragapult
|
|-end|p2a: Annihilape|Throat Chop|[silent]
|upkeep
|
|t:|1757174191
|switch|p2b: Rillaboom|Rillaboom, L50, M|100/100
|-fieldstart|move: Grassy Terrain|[from] ability: Grassy Surge|[of] p2b: Rillaboom
|turn|3
|
|t:|1757174209
|switch|p2b: Gholdengo|Gholdengo, L50|100/100
|move|p1b: Sneasler|Protect|p1b: Sneasler
|-singleturn|p1b: Sneasler|Protect
|move|p1a: Dragapult|Phantom Force|p2a: Annihilape|[from] lockedmove
|-damage|p2a: Annihilape|29/100
|-damage|p1a: Dragapult|81/100|[from] item: Life Orb
|move|p2a: Annihilape|Rage Fist|p1a: Dragapult
|-supereffective|p1a: Dragapult
|-damage|p1a: Dragapult|0 fnt
|faint|p1a: Dragapult
|
|-heal|p2a: Annihilape|35/100|[from] Grassy Terrain
|upkeep
|
|t:|1757174221
|switch|p1a: Aurelios|Gholdengo, L50|100/100
|turn|4
|
|t:|1757174241
|move|p2a: Annihilape|Protect|p2a: Annihilape
|-singleturn|p2a: Annihilape|Protect
|move|p1b: Sneasler|Close Combat|p2a: Annihilape
|-activate|p2a: Annihilape|move: Protect
|move|p1a: Aurelios|Shadow Ball|p2b: Gholdengo
|-supereffective|p2b: Gholdengo
|-damage|p2b: Gholdengo|9/100
|move|p2b: Gholdengo|Make It Rain|p1b: Sneasler|[spread] p1a,p1b
|-resisted|p1a: Aurelios
|-damage|p1a: Aurelios|70/100
|-damage|p1b: Sneasler|0 fnt
|-unboost|p2b: Gholdengo|spa|1
|faint|p1b: Sneasler
|-damage|p2b: Gholdengo|0 fnt|[from] item: Life Orb
|faint|p2b: Gholdengo
|
|-heal|p2a: Annihilape|41/100|[from] Grassy Terrain
|-heal|p1a: Aurelios|76/100|[from] Grassy Terrain
|-heal|p1a: Aurelios|82/100|[from] item: Leftovers
|upkeep
|
|t:|1757174255
|switch|p1b: Murkrow|Murkrow, L50, M|100/100
|switch|p2b: Rillaboom|Rillaboom, L50, M|100/100
|turn|5
|inactive|ancientson has 30 seconds left.
|inactive|2025bolognachamp has 30 seconds left.
|inactive|ancientson has 20 seconds left.
|inactive|ancientson has 15 seconds left.
|inactive|ancientson has 10 seconds left.
|
|t:|1757174302
|move|p2b: Rillaboom|Fake Out|p1b: Murkrow
|-damage|p1b: Murkrow|83/100
|cant|p1b: Murkrow|flinch
|move|p2a: Annihilape|Rage Fist|p1a: Aurelios
|-supereffective|p1a: Aurelios
|-damage|p1a: Aurelios|0 fnt
|faint|p1a: Aurelios
|
|-heal|p2a: Annihilape|48/100|[from] Grassy Terrain
|upkeep
|turn|6
|
|t:|1757174317
|move|p2a: Annihilape|Rage Fist|p1b: Murkrow
|-resisted|p1b: Murkrow
|-damage|p1b: Murkrow|0 fnt
|faint|p1b: Murkrow
|
|win|2025bolognachamp
