|j|☆Zacharykeith
|j|☆jussdoit
|html|Zacharykeithjussdoit    
|uhtml|bestof|Game 2 of a best-of-3
|t:|1756327494
|gametype|doubles
|player|p1|Zacharykeith|fisherman-gen4|1096
|player|p2|jussdoit|steven|1131
|gen|9
|tier|[Gen 9] VGC 2025 Reg H (Bo3)
|rated|
|rule|Species Clause: Limit one of each Pokémon
|rule|Item Clause: Limit 1 of each item
|clearpoke
|poke|p1|Rillaboom, L50, F|
|poke|p1|Chandelure, L50, F|
|poke|p1|Electabuzz, L50, F|
|poke|p1|Kingambit, L50, M|
|poke|p1|Primarina, L50, M|
|poke|p1|Dragapult, L50, M|
|poke|p2|Torkoal, L50, F|
|poke|p2|Volcarona, L50, F|
|poke|p2|Oricorio-Pom-Pom, L50, M|
|poke|p2|Venusaur, L50, M|
|poke|p2|Incineroar, L50, M|
|poke|p2|Whimsicott, L50, M|
|teampreview|4
|showteam|p1|Rillaboom||AssaultVest|GrassySurge|FakeOut,GrassyGlide,WoodHammer,HighHorsepower|||F|||50|,,,,,Fire]Chandelure||FocusSash|FlashFire|HeatWave,ShadowBall,TrickRoom,Protect|||F|||50|,,,,,Grass]Electabuzz||Eviolite|VitalSpirit|VoltSwitch,Electroweb,FollowMe,Taunt|||F|||50|,,,,,Ghost]Kingambit||BlackGlasses|Defiant|SuckerPunch,KowtowCleave,SwordsDance,Protect|||M|||50|,,,,,Dark]Primarina||ThroatSpray|LiquidVoice|HyperVoice,Moonblast,Haze,Protect|||M|||50|,,,,,Steel]Dragapult||ChoiceBand|ClearBody|DragonDarts,PhantomForce,Uturn,Outrage|||M|||50|,,,,,Dragon
|showteam|p2|Torkoal||EjectPack|Drought|Overheat,Eruption,SolarBeam,Protect|||F|||50|,,,,,Fire]Volcarona||CovertCloak|FlameBody|FieryDance,QuiverDance,GigaDrain,Protect|||F|||50|,,,,,Water]Oricorio-Pom-Pom||FocusSash|Dancer|QuiverDance,IcyWind,RevelationDance,AirSlash|||M|||50|,,,,,Electric]Venusaur||WideLens|Chlorophyll|LeechSeed,SleepPowder,Toxic,SludgeBomb|||M|||50|,,,,,Poison]Incineroar||SafetyGoggles|Intimidate|FakeOut,FlareBlitz,KnockOff,PartingShot|||M|||50|,,,,,Fire]Whimsicott||SitrusBerry|Prankster|SunnyDay,Encore,Taunt,Moonblast|||M|||50|,,,,,Grass
|inactive|Battle timer is ON: inactive players will automatically lose when time's up. (requested by jussdoit)
|
|t:|1756327508
|teamsize|p1|4
|teamsize|p2|4
|start
|switch|p1a: Chandelure|Chandelure, L50, F|100/100
|switch|p1b: Rillaboom|Rillaboom, L50, F|100/100
|switch|p2a: Incineroar|Incineroar, L50, M|100/100
|switch|p2b: Volcarona|Volcarona, L50, F|100/100
|-fieldstart|move: Grassy Terrain|[from] ability: Grassy Surge|[of] p1b: Rillaboom
|-ability|p2a: Incineroar|Intimidate|boost
|-unboost|p1a: Chandelure|atk|1
|-unboost|p1b: Rillaboom|atk|1
|turn|1
|
|t:|1756327524
|move|p1a: Chandelure|Protect|p1a: Chandelure
|-singleturn|p1a: Chandelure|Protect
|move|p1b: Rillaboom|Fake Out|p2b: Volcarona
|-damage|p2b: Volcarona|89/100
|-status|p1b: Rillaboom|brn|[from] ability: Flame Body|[of] p2b: Volcarona
|move|p2b: Volcarona|Fiery Dance|p1b: Rillaboom
|-supereffective|p1b: Rillaboom
|-damage|p1b: Rillaboom|43/100 brn
|-boost|p2b: Volcarona|spa|1
|move|p2a: Incineroar|Knock Off|p1a: Chandelure
|-activate|p1a: Chandelure|move: Protect
|
|-heal|p2b: Volcarona|95/100|[from] Grassy Terrain
|-heal|p1b: Rillaboom|48/100 brn|[from] Grassy Terrain
|-damage|p1b: Rillaboom|43/100 brn|[from] brn
|upkeep
|turn|2
|
|t:|1756327542
|-terastallize|p1a: Chandelure|Grass
|move|p2b: Volcarona|Quiver Dance|p2b: Volcarona
|-boost|p2b: Volcarona|spa|1
|-boost|p2b: Volcarona|spd|1
|-boost|p2b: Volcarona|spe|1
|move|p1a: Chandelure|Heat Wave|p2a: Incineroar|[spread] p2b
|-miss|p1a: Chandelure|p2a: Incineroar
|-damage|p2b: Volcarona|70/100
|move|p1b: Rillaboom|High Horsepower|p2a: Incineroar
|-supereffective|p2a: Incineroar
|-damage|p2a: Incineroar|78/100
|move|p2a: Incineroar|Knock Off|p1a: Chandelure
|-damage|p1a: Chandelure|50/100
|-enditem|p1a: Chandelure|Focus Sash|[from] move: Knock Off|[of] p2a: Incineroar
|
|-heal|p2b: Volcarona|76/100|[from] Grassy Terrain
|-heal|p1a: Chandelure|56/100|[from] Grassy Terrain
|-heal|p1b: Rillaboom|48/100 brn|[from] Grassy Terrain
|-heal|p2a: Incineroar|84/100|[from] Grassy Terrain
|-damage|p1b: Rillaboom|43/100 brn|[from] brn
|upkeep
|turn|3
|
|t:|1756327563
|switch|p2a: Oricorio|Oricorio-Pom-Pom, L50, M|100/100
|move|p2b: Volcarona|Fiery Dance|p1b: Rillaboom
|-supereffective|p1b: Rillaboom
|-damage|p1b: Rillaboom|0 fnt
|faint|p1b: Rillaboom
|-activate|p2a: Oricorio|ability: Dancer
|move|p2a: Oricorio|Fiery Dance|p1a: Chandelure|[from] ability: Dancer
|-start|p1a: Chandelure|ability: Flash Fire
|move|p1a: Chandelure|Heat Wave|p2b: Volcarona|[spread] p2a,p2b
|-damage|p2a: Oricorio|20/100
|-damage|p2b: Volcarona|37/100
|
|-heal|p2b: Volcarona|43/100|[from] Grassy Terrain
|-heal|p1a: Chandelure|62/100|[from] Grassy Terrain
|upkeep
|
|t:|1756327584
|switch|p1b: Primarina|Primarina, L50, M|100/100
|turn|4
|
|t:|1756327595
|move|p2b: Volcarona|Giga Drain|p1b: Primarina
|-supereffective|p1b: Primarina
|-damage|p1b: Primarina|0 fnt
|-heal|p2b: Volcarona|100/100|[from] drain|[of] p1b: Primarina
|faint|p1b: Primarina
|move|p2a: Oricorio|Icy Wind|p1a: Chandelure
|-supereffective|p1a: Chandelure
|-damage|p1a: Chandelure|18/100
|-unboost|p1a: Chandelure|spe|1
|move|p1a: Chandelure|Heat Wave|p2b: Volcarona|[spread] p2b
|-miss|p1a: Chandelure|p2a: Oricorio
|-damage|p2b: Volcarona|63/100
|
|-heal|p2b: Volcarona|69/100|[from] Grassy Terrain
|-heal|p1a: Chandelure|24/100|[from] Grassy Terrain
|upkeep
|
|t:|1756327607
|switch|p1b: Dragapult|Dragapult, L50, M|100/100
|turn|5
|
|t:|1756327614
|move|p1b: Dragapult|Dragon Darts|p2a: Oricorio
|-damage|p2a: Oricorio|0 fnt
|-anim|p1b: Dragapult|Dragon Darts|p2b: Volcarona
|-damage|p2b: Volcarona|21/100
|faint|p2a: Oricorio
|move|p2b: Volcarona|Fiery Dance|p1b: Dragapult
|-resisted|p1b: Dragapult
|-damage|p1b: Dragapult|47/100
|move|p1a: Chandelure|Heat Wave|p2b: Volcarona
|-damage|p2b: Volcarona|0 fnt
|faint|p2b: Volcarona
|
|-heal|p1b: Dragapult|53/100|[from] Grassy Terrain
|-heal|p1a: Chandelure|30/100|[from] Grassy Terrain
|-fieldend|move: Grassy Terrain
|upkeep
|
|t:|1756327627
|switch|p2b: Venusaur|Venusaur, L50, M|100/100
|switch|p2a: Incineroar|Incineroar, L50, M|84/100
|-ability|p2a: Incineroar|Intimidate|boost
|-unboost|p1a: Chandelure|atk|1
|-fail|p1b: Dragapult|unboost|[from] ability: Clear Body|[of] p1b: Dragapult
|turn|6
|
|t:|1756327638
|move|p1a: Chandelure|Protect|p1a: Chandelure
|-singleturn|p1a: Chandelure|Protect
|move|p2a: Incineroar|Fake Out|p1a: Chandelure
|-activate|p1a: Chandelure|move: Protect
|move|p1b: Dragapult|Dragon Darts|p2a: Incineroar
|-damage|p2a: Incineroar|46/100
|-anim|p1b: Dragapult|Dragon Darts|p2b: Venusaur
|-damage|p2b: Venusaur|63/100
|move|p2b: Venusaur|Sleep Powder|p1b: Dragapult
|-status|p1b: Dragapult|slp|[from] move: Sleep Powder
|
|upkeep
|turn|7
|
|t:|1756327652
|cant|p1b: Dragapult|slp
|move|p2b: Venusaur|Sludge Bomb|p1b: Dragapult
|-resisted|p1b: Dragapult
|-damage|p1b: Dragapult|27/100 slp
|move|p2a: Incineroar|Knock Off|p1a: Chandelure
|-damage|p1a: Chandelure|0 fnt
|faint|p1a: Chandelure
|
|upkeep
|turn|8
|
|t:|1756327662
|cant|p1b: Dragapult|slp
|move|p2b: Venusaur|Sludge Bomb|p1b: Dragapult
|-resisted|p1b: Dragapult
|-damage|p1b: Dragapult|4/100 slp
|move|p2a: Incineroar|Knock Off|p1b: Dragapult
|-supereffective|p1b: Dragapult
|-damage|p1b: Dragapult|0 fnt
|-enditem|p1b: Dragapult|Choice Band|[from] move: Knock Off|[of] p2a: Incineroar
|faint|p1b: Dragapult
|
|win|jussdoit
