|j|☆Sapillo
|j|☆PursatiEvol
|html|SapilloPursatiEvol    
|uhtml|bestof|Game 3 of a best-of-3
|t:|1756696298
|gametype|doubles
|player|p1|Sapillo|101|1205
|player|p2|PursatiEvol|169|1250
|gen|9
|tier|[Gen 9] VGC 2025 Reg H (Bo3)
|rated|
|rule|Species Clause: Limit one of each Pokémon
|rule|Item Clause: Limit 1 of each item
|clearpoke
|poke|p1|Sneasler, L50, M|
|poke|p1|Rillaboom, L50, M|
|poke|p1|Electabuzz, L50, M|
|poke|p1|Dragonite, L50, M|
|poke|p1|Volcarona, L50, M|
|poke|p1|Kingambit, L50, F|
|poke|p2|Sneasler, L50, F|
|poke|p2|Dragapult, L50, M|
|poke|p2|Primarina, L50, M|
|poke|p2|Rillaboom, L50, F|
|poke|p2|Kingambit, L50, F|
|poke|p2|Magmar, L50, M|
|teampreview|4
|showteam|p1|Sneasler||FocusSash|PoisonTouch|CloseCombat,DireClaw,Coaching,FakeOut|||M|||50|,,,,,Stellar]Rillaboom||AssaultVest|GrassySurge|WoodHammer,GrassyGlide,HighHorsepower,FakeOut|||M|||50|,,,,,Fire]Electabuzz||Eviolite|VitalSpirit|Thunderbolt,FollowMe,Taunt,Protect|||M|||50|,,,,,Ghost]Dragonite||LoadedDice|Multiscale|ScaleShot,ExtremeSpeed,Haze,Protect|||M|||50|,,,,,Normal]Volcarona||Leftovers|FlameBody|HeatWave,TeraBlast,QuiverDance,Protect|||M|||50|,,,,,Fairy]Kingambit||BlackGlasses|Defiant|KowtowCleave,SuckerPunch,SwordsDance,Protect|||F|||50|,,,,,Dark
|showteam|p2|Sneasler||FocusSash|PoisonTouch|CloseCombat,DireClaw,FakeOut,Protect|||F|||50|,,,,,Stellar]Dragapult||ChoiceBand|ClearBody|DragonDarts,TeraBlast,PhantomForce,Uturn|||M|||50|,,,,,Ghost]Primarina||SitrusBerry|LiquidVoice|HyperVoice,Moonblast,Haze,Protect|||M|||50|,,,,,Water]Rillaboom||AssaultVest|GrassySurge|WoodHammer,GrassyGlide,HighHorsepower,FakeOut|||F|||50|,,,,,Fire]Kingambit||BlackGlasses|Defiant|KowtowCleave,SuckerPunch,SwordsDance,Protect|||F|||50|,,,,,Ghost]Magmar||Eviolite|VitalSpirit|Overheat,WillOWisp,FollowMe,Protect|||M|||50|,,,,,Ghost
|j| teamthief420
|
|t:|1756696332
|teamsize|p1|4
|teamsize|p2|4
|start
|switch|p1a: Electabuzz|Electabuzz, L50, M|100/100
|switch|p1b: Kingambit|Kingambit, L50, F|100/100
|switch|p2a: Sneasler|Sneasler, L50, F|100/100
|switch|p2b: Dragapult|Dragapult, L50, M|100/100
|turn|1
|
|t:|1756696357
|-terastallize|p1a: Electabuzz|Ghost
|move|p2a: Sneasler|Fake Out|p1b: Kingambit
|-resisted|p1b: Kingambit
|-damage|p1b: Kingambit|96/100
|move|p1a: Electabuzz|Follow Me|p1a: Electabuzz
|-singleturn|p1a: Electabuzz|move: Follow Me
|move|p2b: Dragapult|Dragon Darts|p1a: Electabuzz
|-damage|p1a: Electabuzz|73/100
|-anim|p2b: Dragapult|Dragon Darts|p1a: Electabuzz
|-damage|p1a: Electabuzz|48/100
|cant|p1b: Kingambit|flinch
|
|upkeep
|turn|2
|
|t:|1756696380
|switch|p2b: Magmar|Magmar, L50, M|100/100
|switch|p1b: Sneasler|Sneasler, L50, M|100/100
|move|p2a: Sneasler|Close Combat|p1b: Sneasler
|-resisted|p1b: Sneasler
|-damage|p1b: Sneasler|45/100
|-unboost|p2a: Sneasler|def|1
|-unboost|p2a: Sneasler|spd|1
|move|p1a: Electabuzz|Taunt|p2b: Magmar
|-start|p2b: Magmar|move: Taunt
|
|upkeep
|turn|3
|
|t:|1756696398
|switch|p1a: Dragonite|Dragonite, L50, M|100/100
|move|p2a: Sneasler|Protect|p2a: Sneasler
|-singleturn|p2a: Sneasler|Protect
|move|p1b: Sneasler|Coaching|p1a: Dragonite
|-boost|p1a: Dragonite|atk|1
|-boost|p1a: Dragonite|def|1
|move|p2b: Magmar|Overheat|p1b: Sneasler
|-damage|p1b: Sneasler|0 fnt
|-unboost|p2b: Magmar|spa|2
|faint|p1b: Sneasler
|
|upkeep
|
|t:|1756696405
|switch|p1b: Electabuzz|Electabuzz, L50, M, tera:Ghost|48/100
|turn|4
|
|t:|1756696420
|switch|p2a: Primarina|Primarina, L50, M|100/100
|move|p1a: Dragonite|Scale Shot|p2a: Primarina
|-immune|p2a: Primarina
|move|p1b: Electabuzz|Thunderbolt|p2b: Magmar
|-damage|p2b: Magmar|75/100
|move|p2b: Magmar|Overheat|p1b: Electabuzz
|-damage|p1b: Electabuzz|28/100
|-unboost|p2b: Magmar|spa|2
|
|-end|p2b: Magmar|move: Taunt
|upkeep
|turn|5
|
|t:|1756696452
|move|p2b: Magmar|Follow Me|p2b: Magmar
|-singleturn|p2b: Magmar|move: Follow Me
|move|p1a: Dragonite|Scale Shot|p2b: Magmar
|-damage|p2b: Magmar|55/100
|-damage|p2b: Magmar|37/100
|-crit|p2b: Magmar
|-damage|p2b: Magmar|10/100
|-damage|p2b: Magmar|0 fnt
|faint|p2b: Magmar
|-hitcount|p2: Magmar|4
|-unboost|p1a: Dragonite|def|1
|-boost|p1a: Dragonite|spe|1
|move|p1b: Electabuzz|Thunderbolt|p2a: Primarina
|-supereffective|p2a: Primarina
|-damage|p2a: Primarina|50/100
|-enditem|p2a: Primarina|Sitrus Berry|[eat]
|-heal|p2a: Primarina|75/100|[from] item: Sitrus Berry
|move|p2a: Primarina|Haze|p2a: Primarina
|-clearallboost
|
|upkeep
|
|t:|1756696485
|switch|p2b: Dragapult|Dragapult, L50, M|100/100
|turn|6
|
|t:|1756696522
|-terastallize|p2b: Dragapult|Ghost
|move|p1a: Dragonite|Extreme Speed|p2a: Primarina
|-damage|p2a: Primarina|42/100
|move|p2b: Dragapult|Dragon Darts|p1b: Electabuzz
|-damage|p1b: Electabuzz|3/100
|-anim|p2b: Dragapult|Dragon Darts|p1a: Dragonite
|-supereffective|p1a: Dragonite
|-damage|p1a: Dragonite|57/100
|move|p1b: Electabuzz|Thunderbolt|p2a: Primarina
|-supereffective|p2a: Primarina
|-damage|p2a: Primarina|0 fnt
|faint|p2a: Primarina
|
|upkeep
|
|t:|1756696550
|switch|p2a: Sneasler|Sneasler, L50, F|100/100
|turn|7
|
|t:|1756696568
|move|p1a: Dragonite|Protect|p1a: Dragonite
|-singleturn|p1a: Dragonite|Protect
|move|p2a: Sneasler|Fake Out|p1a: Dragonite
|-activate|p1a: Dragonite|move: Protect
|move|p2b: Dragapult|Dragon Darts|p1b: Electabuzz
|-damage|p1b: Electabuzz|0 fnt
|faint|p1b: Electabuzz
|
|upkeep
|
|t:|1756696569
|switch|p1b: Kingambit|Kingambit, L50, F|96/100
|turn|8
|
|t:|1756696583
|move|p1a: Dragonite|Extreme Speed|p2a: Sneasler
|-damage|p2a: Sneasler|50/100
|move|p1b: Kingambit|Sucker Punch|p2b: Dragapult
|-supereffective|p2b: Dragapult
|-damage|p2b: Dragapult|0 fnt
|faint|p2b: Dragapult
|move|p2a: Sneasler|Dire Claw|p1a: Dragonite
|-damage|p1a: Dragonite|11/100
|-status|p1a: Dragonite|par
|
|upkeep
|turn|9
|
|t:|1756696595
|move|p1a: Dragonite|Extreme Speed|p2a: Sneasler
|-damage|p2a: Sneasler|0 fnt
|faint|p2a: Sneasler
|
|win|Sapillo
|raw|Sapillo's rating: 1205 → 1233(+28 for winning)
|raw|PursatiEvol's rating: 1250 → 1222(-28 for losing)
|l| teamthief420
