|j|☆Stelvius
|j|☆Davirate
|html|StelviusDavirate    
|uhtml|bestof|Game 3 of a best-of-3
|t:|1755155266
|gametype|doubles
|player|p1|Stelvius|265|1159
|player|p2|Davirate|steven-masters2|1192
|gen|9
|tier|[Gen 9] VGC 2025 Reg H (Bo3)
|rated|
|rule|Species Clause: Limit one of each Pokémon
|rule|Item Clause: Limit 1 of each item
|clearpoke
|poke|p1|Annihilape, L50, M|
|poke|p1|Archaludon, L50, M|
|poke|p1|Maushold, L50|
|poke|p1|Pelipper, L50, M|
|poke|p1|Murkrow, L50, M|
|poke|p1|Tauros-Paldea-Aqua, L50, M|
|poke|p2|Archaludon, L50, M|
|poke|p2|Pelipper, L50, M|
|poke|p2|Gholdengo, L50|
|poke|p2|Basculegion, L50, M|
|poke|p2|Amoonguss, L50, M|
|poke|p2|Incineroar, L50, F|
|teampreview|4
|showteam|p1|Annihilape||Leftovers|Defiant|DrainPunch,RageFist,BulkUp,Protect|||M|||50|,,,,,Fire]Archaludon||AssaultVest|Stamina|FlashCannon,DracoMeteor,BodyPress,ElectroShot|||M|||50|,,,,,Grass]Maushold||SafetyGoggles|FriendGuard|BeatUp,FollowMe,Taunt,Encore||||||50|,,,,,Ghost]Pelipper||FocusSash|Drizzle|Hurricane,WeatherBall,Tailwind,Protect|||M|||50|,,,,,Ghost]Murkrow||Eviolite|Prankster|FoulPlay,Tailwind,Haze,RainDance|||M|||50|,,,,,Ghost]Tauros-Paldea-Aqua||MirrorHerb|Intimidate|WaveCrash,CloseCombat,AquaJet,Protect|||M|||50|,,,,,Grass
|showteam|p2|Archaludon||AssaultVest|Stamina|DracoMeteor,FlashCannon,ElectroShot,BodyPress|||M|||50|,,,,,Grass]Pelipper||FocusSash|Drizzle|Protect,WeatherBall,Hurricane,Tailwind|||M|||50|,,,,,Stellar]Gholdengo||LifeOrb|GoodasGold|Protect,MakeItRain,ShadowBall,NastyPlot||||||50|,,,,,Water]Basculegion||ChoiceBand|SwiftSwim|FlipTurn,WaveCrash,AquaJet,LastRespects|||M|||50|,,,,,Grass]Amoonguss||SitrusBerry|Regenerator|Spore,RagePowder,PollenPuff,Protect|||M|||50|,,,,,Water]Incineroar||SafetyGoggles|Intimidate|FlareBlitz,KnockOff,PartingShot,FakeOut|||F|||50|,,,,,Ghost
|inactive|Battle timer is ON: inactive players will automatically lose when time's up. (requested by Stelvius)
|inactive|Stelvius has 60 seconds left.
|inactive|Davirate has 60 seconds left.
|
|t:|1755155308
|teamsize|p1|4
|teamsize|p2|4
|start
|switch|p1a: Archaludon|Archaludon, L50, M|100/100
|switch|p1b: Pelipper|Pelipper, L50, M|100/100
|switch|p2a: Basculegion|Basculegion, L50, M, shiny|100/100
|switch|p2b: Pelipper|Pelipper, L50, M, shiny|100/100
|-weather|RainDance|[from] ability: Drizzle|[of] p1b: Pelipper
|turn|1
|
|t:|1755155329
|switch|p1b: Tauros|Tauros-Paldea-Aqua, L50, M|100/100
|-ability|p1b: Tauros|Intimidate|boost
|-unboost|p2a: Basculegion|atk|1
|-unboost|p2b: Pelipper|atk|1
|-terastallize|p2a: Basculegion|Grass
|move|p2a: Basculegion|Wave Crash|p1b: Tauros
|-resisted|p1b: Tauros
|-damage|p1b: Tauros|53/100
|-damage|p2a: Basculegion|88/100|[from] Recoil
|move|p2b: Pelipper|Tailwind|p2b: Pelipper
|-sidestart|p2: Davirate|move: Tailwind
|move|p1a: Archaludon|Electro Shot||[still]
|-prepare|p1a: Archaludon|Electro Shot
|-boost|p1a: Archaludon|spa|1
|-anim|p1a: Archaludon|Electro Shot|p2b: Pelipper
|-supereffective|p2b: Pelipper
|-enditem|p2b: Pelipper|Focus Sash
|-damage|p2b: Pelipper|1/100
|
|-weather|RainDance|[upkeep]
|upkeep
|turn|2
|inactive|Stelvius has 30 seconds left.
|inactive|Davirate has 30 seconds left.
|inactive|Davirate has 20 seconds left.
|inactive|Stelvius has 20 seconds left.
|inactive|Davirate has 15 seconds left.
|
|t:|1755155373
|switch|p2b: Archaludon|Archaludon, L50, M|100/100
|move|p1b: Tauros|Aqua Jet|p2b: Archaludon
|-resisted|p2b: Archaludon
|-crit|p2b: Archaludon
|-damage|p2b: Archaludon|82/100
|-ability|p2b: Archaludon|Stamina|boost
|-boost|p2b: Archaludon|def|1
|-enditem|p1b: Tauros|Mirror Herb
|-boost|p1b: Tauros|def|1|[from] item: Mirror Herb
|move|p2a: Basculegion|Wave Crash|p1b: Tauros
|-resisted|p1b: Tauros
|-damage|p1b: Tauros|20/100
|-damage|p2a: Basculegion|80/100|[from] Recoil
|move|p1a: Archaludon|Draco Meteor|p2a: Basculegion
|-damage|p2a: Basculegion|0 fnt
|-unboost|p1a: Archaludon|spa|2
|faint|p2a: Basculegion
|
|-weather|RainDance|[upkeep]
|upkeep
|
|t:|1755155390
|switch|p2a: Gholdengo|Gholdengo, L50|100/100
|turn|3
|
|t:|1755155415
|move|p1b: Tauros|Protect|p1b: Tauros
|-singleturn|p1b: Tauros|Protect
|move|p2a: Gholdengo|Make It Rain|p1b: Tauros|[spread] p1a
|-activate|p1b: Tauros|move: Protect
|-resisted|p1a: Archaludon
|-damage|p1a: Archaludon|75/100
|-unboost|p2a: Gholdengo|spa|1
|-ability|p1a: Archaludon|Stamina|boost
|-boost|p1a: Archaludon|def|1
|-damage|p2a: Gholdengo|91/100|[from] item: Life Orb
|move|p2b: Archaludon|Electro Shot||[still]
|-prepare|p2b: Archaludon|Electro Shot
|-boost|p2b: Archaludon|spa|1
|-anim|p2b: Archaludon|Electro Shot|p1a: Archaludon
|-resisted|p1a: Archaludon
|-damage|p1a: Archaludon|51/100
|-ability|p1a: Archaludon|Stamina|boost
|-boost|p1a: Archaludon|def|1
|move|p1a: Archaludon|Electro Shot||[still]
|-prepare|p1a: Archaludon|Electro Shot
|-boost|p1a: Archaludon|spa|1
|-anim|p1a: Archaludon|Electro Shot|p2a: Gholdengo
|-damage|p2a: Gholdengo|36/100
|
|-weather|RainDance|[upkeep]
|upkeep
|turn|4
|inactive|Stelvius has 30 seconds left.
|inactive|Davirate has 30 seconds left.
|inactive|Stelvius has 20 seconds left.
|inactive|Stelvius has 15 seconds left.
|inactive|Stelvius has 10 seconds left.
|
|t:|1755155462
|switch|p1a: Murkrow|Murkrow, L50, M|100/100
|move|p1b: Tauros|Aqua Jet|p2a: Gholdengo
|-damage|p2a: Gholdengo|0 fnt
|faint|p2a: Gholdengo
|move|p2b: Archaludon|Draco Meteor|p1a: Murkrow
|-damage|p1a: Murkrow|9/100
|-unboost|p2b: Archaludon|spa|2
|
|-weather|RainDance|[upkeep]
|-sideend|p2: Davirate|move: Tailwind
|upkeep
|
|t:|1755155473
|switch|p2a: Pelipper|Pelipper, L50, M, shiny|1/100
|turn|5
|inactive|Davirate has 30 seconds left.
|inactive|Davirate has 20 seconds left.
|c|☆Davirate|wow, is that actual max roll?
|inactive|Davirate has 15 seconds left.
|inactive|Davirate has 10 seconds left.
|
|t:|1755155521
|move|p2a: Pelipper|Protect|p2a: Pelipper
|-singleturn|p2a: Pelipper|Protect
|move|p1a: Murkrow|Haze|p1a: Murkrow
|-clearallboost
|move|p1b: Tauros|Close Combat|p2b: Archaludon
|-supereffective|p2b: Archaludon
|-damage|p2b: Archaludon|0 fnt
|-unboost|p1b: Tauros|def|1
|-unboost|p1b: Tauros|spd|1
|faint|p2b: Archaludon
|
|-weather|none
|upkeep
|turn|6
|c|☆Stelvius|gg
|inactive|Davirate has 30 seconds left.
|inactive|Davirate has 20 seconds left.
|c|☆Davirate|gg i suppose
|inactive|Davirate has 15 seconds left.
|inactive|Davirate has 10 seconds left.
|c|☆Davirate|really thought that aqua jet was not in range
|inactive|Davirate has 5 seconds left.
|
|t:|1755155576
|move|p2a: Pelipper|Protect|p2a: Pelipper
|-singleturn|p2a: Pelipper|Protect
|move|p1b: Tauros|Aqua Jet|p2a: Pelipper
|-activate|p2a: Pelipper|move: Protect
|move|p1a: Murkrow|Foul Play|p2a: Pelipper
|-activate|p2a: Pelipper|move: Protect
|
|upkeep
|turn|7
|-message|Davirate forfeited.
|
|win|Stelvius
|raw|Stelvius's rating: 1159 → 1186(+27 for winning)
|raw|Davirate's rating: 1192 → 1165(-27 for losing)
