|j|вҳҶElia Valkyr
|j|вҳҶfroslass12345
|html|Elia Valkyrfroslass12345    
|uhtml|bestof|Game 2 of a best-of-3
|t:|1784916666
|gametype|doubles
|player|p1|Elia Valkyr|266|
|player|p2|froslass12345|jasmine-gen2|
|gen|9
|tier|[Gen 9 Champions] VGC 2026 Reg M-B (Bo3)
|rule|Species Clause: Limit one of each PokГ©mon
|rule|Item Clause: Limit 1 of each item
|clearpoke
|poke|p1|Delphox, L50, F, shiny|
|poke|p1|Kingambit, L50, F|
|poke|p1|Incineroar, L50, F|
|poke|p1|Sneasler, L50, F|
|poke|p1|Sinistcha, L50|
|poke|p1|Floette-Eternal, L50, F|
|poke|p2|Froslass, L50, F|
|poke|p2|Incineroar, L50, M|
|poke|p2|Sneasler, L50, F|
|poke|p2|Kingambit, L50, F|
|poke|p2|Arcanine-Hisui, L50, M|
|poke|p2|Farigiraf, L50, F|
|teampreview|4
|showteam|p1|Delphox||Delphoxite|Blaze|Protect,HeatWave,Psychic,NastyPlot|Timid||F|||50|]Kingambit||BlackGlasses|Defiant|Protect,SwordsDance,SuckerPunch,KowtowCleave|Adamant||F|||50|]Incineroar||SitrusBerry|Intimidate|FakeOut,FlareBlitz,ThroatChop,PartingShot|Impish||F|||50|]Sneasler||FocusSash|PoisonTouch|QuickAttack,FakeOut,PoisonJab,CloseCombat|Jolly||F|||50|]Sinistcha||OccaBerry|Hospitality|RagePowder,LifeDew,MatchaGotcha,TrickRoom|Bold|||||50|]Floette-Eternal||Floettite|FlowerVeil|Protect,DrainingKiss,DazzlingGleam,CalmMind|Modest||F|||50|
|showteam|p2|Froslass||Froslassite|CursedBody|Blizzard,ShadowBall,AuroraVeil,Protect|Timid||F|||50|]Incineroar||ShucaBerry|Intimidate|FakeOut,FlareBlitz,DarkestLariat,PartingShot|Careful||M|||50|]Sneasler||WhiteHerb|Unburden|FakeOut,CloseCombat,DireClaw,Protect|Adamant||F|||50|]Kingambit||ChopleBerry|Defiant|KowtowCleave,SuckerPunch,IronHead,Protect|Adamant||F|||50|]Arcanine-Hisui||FocusSash|RockHead|HeadSmash,FlareBlitz,ExtremeSpeed,Protect|Jolly||M|||50|]Farigiraf||SitrusBerry|ArmorTail|TrickRoom,PsychicNoise,Imprison,Protect|Bold||F|||50|
|c|вҳҶfroslass12345|brb restroom real quick
|c|вҳҶElia Valkyr|hahah
|c|вҳҶElia Valkyr|alr
|c|вҳҶfroslass12345|i learned a lot from that game
|
|t:|1784916779
|teamsize|p1|4
|teamsize|p2|4
|start
|switch|p1a: cringegambit|Kingambit, L50, F|100/100
|switch|p1b: butch lesbian|Sneasler, L50, F|100/100
|switch|p2a: йӣӘеҘі|Froslass, L50, F|100/100
|switch|p2b: зқЎзқҖдәҶ|Sneasler, L50, F|100/100
|turn|1
|c|вҳҶElia Valkyr|btw
|c|вҳҶElia Valkyr|i was gonna quick guard your e-speed last game
|c|вҳҶElia Valkyr|but i put quick attack instead
|c|вҳҶElia Valkyr|for some reason
|c|вҳҶElia Valkyr|literacy ideas not selected
|c|вҳҶfroslass12345|LOL
|c|вҳҶfroslass12345|why do i feel like you're going to fake out my sneasler & kowtow cleave my froslass
|c|вҳҶElia Valkyr|mayhaps
|c|вҳҶElia Valkyr|wait now my sneasler is female
|
|t:|1784916857
|detailschange|p2a: йӣӘеҘі|Froslass-Mega, L50, F
|-mega|p2a: йӣӘеҘі|Froslass|Froslassite
|-weather|Snowscape|[from] ability: Snow Warning|[of] p2a: йӣӘеҘі
|move|p1b: butch lesbian|Fake Out|p2b: зқЎзқҖдәҶ
|-damage|p2b: зқЎзқҖдәҶ|77/100
|move|p2a: йӣӘеҘі|Blizzard|p1a: cringegambit|[spread] p1a,p1b
|-resisted|p1a: cringegambit|1
|-damage|p1a: cringegambit|77/100
|-damage|p1b: butch lesbian|36/100
|cant|p2b: зқЎзқҖдәҶ|flinch
|move|p1a: cringegambit|Swords Dance|p1a: cringegambit
|-boost|p1a: cringegambit|atk|2
|
|-weather|Snowscape|[upkeep]
|upkeep
|turn|2
|c|вҳҶfroslass12345|its ok i can salvage this
|c|вҳҶElia Valkyr|i mean it was a good turn for you
|c|вҳҶfroslass12345|ya pokemon genders are set to random by default i think
|
|t:|1784916900
|switch|p1b: cringe cat|Incineroar, L50, F|100/100
|-ability|p1b: cringe cat|Intimidate|boost
|-unboost|p2a: йӣӘеҘі|atk|1
|-unboost|p2b: зқЎзқҖдәҶ|atk|1
|-enditem|p2b: зқЎзқҖдәҶ|White Herb
|-clearnegativeboost|p2b: зқЎзқҖдәҶ|[silent]
|move|p1a: cringegambit|Sucker Punch|p2b: зқЎзқҖдәҶ
|-resisted|p2b: зқЎзқҖдәҶ|1
|-damage|p2b: зқЎзқҖдәҶ|0 fnt
|faint|p2b: зқЎзқҖдәҶ
|move|p2a: йӣӘеҘі|Blizzard|p1b: cringe cat|[spread] p1a,p1b
|-resisted|p1a: cringegambit|1
|-resisted|p1b: cringe cat|1
|-damage|p1a: cringegambit|56/100
|-damage|p1b: cringe cat|80/100
|
|-weather|Snowscape|[upkeep]
|upkeep
|c|вҳҶfroslass12345|idk if i can salvage this
|c|вҳҶElia Valkyr|D:
|
|t:|1784916935
|switch|p2b: д»–жҳҜи°Ғпјҹ|Farigiraf, L50, F|100/100
|turn|3
|c|вҳҶElia Valkyr|oooo the giraf
|c|вҳҶfroslass12345|my farigiraf is named who is this?
|c|вҳҶElia Valkyr|hahah
|c|вҳҶElia Valkyr|i wonder why
|
|t:|1784916969
|move|p2a: йӣӘеҘі|Aurora Veil|p2a: йӣӘеҘі
|-sidestart|p2: froslass12345|move: Aurora Veil
|move|p1b: cringe cat|Flare Blitz|p2a: йӣӘеҘі
|-supereffective|p2a: йӣӘеҘі|1
|-damage|p2a: йӣӘеҘі|36/100
|-damage|p1b: cringe cat|64/100|[from] Recoil
|move|p1a: cringegambit|Kowtow Cleave|p2b: д»–жҳҜи°Ғпјҹ
|-supereffective|p2b: д»–жҳҜи°Ғпјҹ|1
|-damage|p2b: д»–жҳҜи°Ғпјҹ|0 fnt
|faint|p2b: д»–жҳҜи°Ғпјҹ
|
|-weather|Snowscape|[upkeep]
|upkeep
|c|вҳҶElia Valkyr|miao
|
|t:|1784916984
|switch|p2b: е”ҜдёҖдёҖдёӘеҒҡдәӢзҡ„дәә|Kingambit, L50, F|100/100
|turn|4
|c|вҳҶfroslass12345|its ok im ok
|c|вҳҶfroslass12345|do u think low kick is better than iron head for the gambit mirror
|
|t:|1784917026
|move|p2a: йӣӘеҘі|Blizzard|p1b: cringe cat|[spread] p1a,p1b
|-resisted|p1a: cringegambit|1
|-resisted|p1b: cringe cat|1
|-damage|p1a: cringegambit|36/100
|-damage|p1b: cringe cat|45/100
|-enditem|p1b: cringe cat|Sitrus Berry|[eat]
|-heal|p1b: cringe cat|70/100|[from] item: Sitrus Berry
|move|p1b: cringe cat|Flare Blitz|p2b: е”ҜдёҖдёҖдёӘеҒҡдәӢзҡ„дәә
|-supereffective|p2b: е”ҜдёҖдёҖдёӘеҒҡдәӢзҡ„дәә|1
|-damage|p2b: е”ҜдёҖдёҖдёӘеҒҡдәӢзҡ„дәә|51/100
|-damage|p1b: cringe cat|53/100|[from] Recoil
|move|p1a: cringegambit|Kowtow Cleave|p2b: е”ҜдёҖдёҖдёӘеҒҡдәӢзҡ„дәә
|-resisted|p2b: е”ҜдёҖдёҖдёӘеҒҡдәӢзҡ„дәә|1
|-damage|p2b: е”ҜдёҖдёҖдёӘеҒҡдәӢзҡ„дәә|22/100
|move|p2b: е”ҜдёҖдёҖдёӘеҒҡдәӢзҡ„дәә|Kowtow Cleave|p1a: cringegambit
|-resisted|p1a: cringegambit|1
|-damage|p1a: cringegambit|18/100
|
|-weather|Snowscape|[upkeep]
|upkeep
|turn|5
|c|вҳҶElia Valkyr|well for the mirror yes
|c|вҳҶfroslass12345|i see some run it
|
|t:|1784917052
|move|p1a: cringegambit|Sucker Punch|p2b: е”ҜдёҖдёҖдёӘеҒҡдәӢзҡ„дәә
|-resisted|p2b: е”ҜдёҖдёҖдёӘеҒҡдәӢзҡ„дәә|1
|-damage|p2b: е”ҜдёҖдёҖдёӘеҒҡдәӢзҡ„дәә|0 fnt
|faint|p2b: е”ҜдёҖдёҖдёӘеҒҡдәӢзҡ„дәә
|move|p2a: йӣӘеҘі|Blizzard|p1a: cringegambit|[spread] p1a,p1b
|-resisted|p1a: cringegambit|1
|-resisted|p1b: cringe cat|1
|-damage|p1a: cringegambit|0 fnt
|-damage|p1b: cringe cat|36/100
|faint|p1a: cringegambit
|move|p1b: cringe cat|Flare Blitz|p2a: йӣӘеҘі
|-supereffective|p2a: йӣӘеҘі|1
|-damage|p2a: йӣӘеҘі|0 fnt
|faint|p2a: йӣӘеҘі
|-damage|p1b: cringe cat|27/100|[from] Recoil
|
|win|Elia Valkyr
|c|вҳҶfroslass12345|idk why i have farigiraf on my team
|c|вҳҶElia Valkyr|its useful
