|j|☆ultraclaw1
|j|☆merebeher vgc
|html|ultraclaw1merebeher vgc    
|uhtml|bestof|Game 2 of a best-of-3
|t:|1783937971
|gametype|doubles
|player|p1|ultraclaw1|brycenman|1352
|player|p2|merebeher vgc|steven|1223
|gen|9
|tier|[Gen 9 Champions] VGC 2026 Reg M-B (Bo3)
|rated|
|rule|Species Clause: Limit one of each Pokémon
|rule|Item Clause: Limit 1 of each item
|clearpoke
|poke|p1|Maushold, L50|
|poke|p1|Kingambit, L50, F|
|poke|p1|Garchomp, L50, F|
|poke|p1|Basculegion, L50, M|
|poke|p1|Talonflame, L50, M|
|poke|p1|Floette-Eternal, L50, F|
|poke|p2|Floette-Eternal, L50, F|
|poke|p2|Garchomp, L50, F|
|poke|p2|Corviknight, L50, F|
|poke|p2|Incineroar, L50, M|
|poke|p2|Sinistcha, L50|
|poke|p2|Raichu, L50, F|
|teampreview|4
|showteam|p1|Maushold||FocusSash|FriendGuard|SuperFang,Feint,FollowMe,Protect|Timid|||||50|]Kingambit||ChopleBerry|Defiant|KowtowCleave,SuckerPunch,LowKick,IronHead|Adamant||F|||50|]Garchomp||LifeOrb|RoughSkin|RockSlide,Earthquake,DragonClaw,Protect|Jolly||F|||50|]Basculegion||MysticWater|Adaptability|WaveCrash,LastRespects,AquaJet,Protect|Adamant||M|||50|]Talonflame||SharpBeak|GaleWings|QuickGuard,DualWingbeat,Tailwind,Protect|Jolly||M|||50|]Floette-Eternal||Floettite|FlowerVeil|LightofRuin,Protect,Moonblast,DazzlingGleam|Modest||F|||50|
|showteam|p2|Floette-Eternal||Floettite|FlowerVeil|DazzlingGleam,DrainingKiss,CalmMind,Protect|Modest||F|||50|]Garchomp||LifeOrb|RoughSkin|DragonClaw,RockSlide,Earthquake,Protect|Jolly||F|||50|]Corviknight||Leftovers|MirrorArmor|BraveBird,BodyPress,IronDefense,Tailwind|Impish||F|||50|]Incineroar||ShucaBerry|Intimidate|FakeOut,FlareBlitz,DarkestLariat,PartingShot|Impish||M|||50|]Sinistcha||SitrusBerry|Hospitality|MatchaGotcha,RagePowder,LifeDew,Protect|Relaxed|||||50|]Raichu||RaichuniteY|LightningRod|FakeOut,ZapCannon,FocusBlast,Protect|Timid||F|||50|
|inactive|Battle timer is ON: inactive players will automatically lose when time's up. (requested by ultraclaw1)
|
|t:|1783937986
|teamsize|p1|4
|teamsize|p2|4
|start
|switch|p1a: Floette|Floette-Eternal, L50, F|100/100
|switch|p1b: Talonflame|Talonflame, L50, M|100/100
|switch|p2a: Raichu|Raichu, L50, F|100/100
|switch|p2b: Corviknight|Corviknight, L50, F|100/100
|turn|1
|
|t:|1783938004
|detailschange|p1a: Floette|Floette-Mega, L50, F
|-mega|p1a: Floette|Floette|Floettite
|-ability|p1a: Floette|Fairy Aura
|move|p2a: Raichu|Protect|p2a: Raichu
|-singleturn|p2a: Raichu|Protect
|move|p1b: Talonflame|Tailwind|p1b: Talonflame
|-sidestart|p1: ultraclaw1|move: Tailwind
|move|p1a: Floette|Moonblast|p2a: Raichu
|-activate|p2a: Raichu|move: Protect
|move|p2b: Corviknight|Tailwind|p2b: Corviknight
|-sidestart|p2: merebeher vgc|move: Tailwind
|
|upkeep
|turn|2
|
|t:|1783938024
|switch|p1b: Maushold|Maushold, L50|100/100
|detailschange|p2a: Raichu|Raichu-Mega-Y, L50, F
|-mega|p2a: Raichu|Raichu|Raichunite Y
|move|p2a: Raichu|Zap Cannon|p1a: Floette
|-damage|p1a: Floette|56/100
|-status|p1a: Floette|par
|move|p2b: Corviknight|Iron Defense|p2b: Corviknight
|-boost|p2b: Corviknight|def|2
|move|p1a: Floette|Light of Ruin|p2b: Corviknight
|-resisted|p2b: Corviknight|1
|-damage|p2b: Corviknight|47/100
|-damage|p1a: Floette|20/100y par|[from] Recoil
|
|-heal|p2b: Corviknight|53/100|[from] item: Leftovers
|upkeep
|turn|3
|
|t:|1783938047
|switch|p2a: Sinistcha|Sinistcha, L50|100/100
|-heal|p2b: Corviknight|78/100|[from] ability: Hospitality|[of] p2a: Sinistcha
|move|p1b: Maushold|Follow Me|p1b: Maushold
|-singleturn|p1b: Maushold|move: Follow Me
|move|p2b: Corviknight|Body Press|p1b: Maushold
|-supereffective|p1b: Maushold|1
|-enditem|p1b: Maushold|Focus Sash
|-damage|p1b: Maushold|1/100
|move|p1a: Floette|Moonblast|p2a: Sinistcha
|-damage|p2a: Sinistcha|16/100
|-enditem|p2a: Sinistcha|Sitrus Berry|[eat]
|-heal|p2a: Sinistcha|41/100|[from] item: Sitrus Berry
|
|-heal|p2b: Corviknight|83/100|[from] item: Leftovers
|upkeep
|turn|4
|
|t:|1783938072
|move|p2a: Sinistcha|Protect|p2a: Sinistcha
|-singleturn|p2a: Sinistcha|Protect
|move|p1a: Floette|Protect|p1a: Floette
|-singleturn|p1a: Floette|Protect
|move|p1b: Maushold|Super Fang|p2b: Corviknight
|-damage|p2b: Corviknight|41/100
|move|p2b: Corviknight|Iron Defense|p2b: Corviknight
|-boost|p2b: Corviknight|def|2
|
|-heal|p2b: Corviknight|47/100|[from] item: Leftovers
|-sideend|p1: ultraclaw1|move: Tailwind
|-sideend|p2: merebeher vgc|move: Tailwind
|upkeep
|turn|5
|
|t:|1783938088
|move|p1b: Maushold|Follow Me|p1b: Maushold
|-singleturn|p1b: Maushold|move: Follow Me
|move|p2b: Corviknight|Body Press|p1b: Maushold
|-supereffective|p1b: Maushold|1
|-damage|p1b: Maushold|0 fnt
|faint|p1b: Maushold
|move|p2a: Sinistcha|Matcha Gotcha|p1a: Floette
|-damage|p1a: Floette|0 fnt
|-heal|p2a: Sinistcha|50/100g|[from] drain|[of] p1a: Floette
|faint|p1a: Floette
|
|-heal|p2b: Corviknight|53/100|[from] item: Leftovers
|upkeep
|
|t:|1783938098
|switch|p1b: Talonflame|Talonflame, L50, M|100/100
|switch|p1a: Basculegion|Basculegion, L50, M|100/100
|turn|6
|
|t:|1783938112
|switch|p2a: Incineroar|Incineroar, L50, M|100/100
|-ability|p2a: Incineroar|Intimidate|boost
|-unboost|p1a: Basculegion|atk|1
|-unboost|p1b: Talonflame|atk|1
|move|p1b: Talonflame|Dual Wingbeat|p2a: Incineroar
|-damage|p2a: Incineroar|90/100
|-damage|p2a: Incineroar|80/100
|-hitcount|p2a: Incineroar|2
|move|p1a: Basculegion|Last Respects|p2b: Corviknight
|-damage|p2b: Corviknight|38/100
|move|p2b: Corviknight|Tailwind|p2b: Corviknight
|-sidestart|p2: merebeher vgc|move: Tailwind
|
|-heal|p2b: Corviknight|43/100|[from] item: Leftovers
|upkeep
|turn|7
|-message|ultraclaw1 forfeited.
|
|win|merebeher vgc
|raw|ultraclaw1's rating: 1352 → 1325(-27 for losing)
|raw|merebeher vgc's rating: 1223 → 1257(+34 for winning)
|l|☆ultraclaw1
|player|p1|
|j|☆ultraclaw1
|player|p1|ultraclaw1|brycenman|
|l|☆merebeher vgc
|player|p2|
