|j|☆jagheter
|j|☆bouledefeu
|html|jagheterbouledefeu    
|uhtml|bestof|Game 1 of a best-of-3
|t:|1756451940
|gametype|doubles
|player|p1|jagheter|worker|1159
|player|p2|bouledefeu|bugcatcher-gen4dp|1166
|gen|9
|tier|[Gen 9] VGC 2025 Reg H (Bo3)
|rated|
|rule|Species Clause: Limit one of each Pokémon
|rule|Item Clause: Limit 1 of each item
|clearpoke
|poke|p1|Venusaur, L50, F|
|poke|p1|Volcarona, L50, F|
|poke|p1|Incineroar, L50, M|
|poke|p1|Grimmsnarl, L50, M|
|poke|p1|Dondozo, L50, M|
|poke|p1|Rillaboom, L50, M|
|poke|p2|Sneasler, L50, F|
|poke|p2|Basculegion, L50, M|
|poke|p2|Pelipper, L50, M|
|poke|p2|Kingambit, L50, M|
|poke|p2|Archaludon, L50, F|
|poke|p2|Maushold, L50|
|teampreview|4
|showteam|p1|Venusaur||WideLens|Chlorophyll|SleepPowder,Protect,SludgeBomb,EarthPower|||F|||50|,,,,,Ghost]Volcarona||CovertCloak|FlameBody|FieryDance,GigaDrain,QuiverDance,Protect|||F|||50|,,,,,Dragon]Incineroar||MirrorHerb|Intimidate|FakeOut,KnockOff,Taunt,FlareBlitz|||M|||50|,,,,,Ghost]Grimmsnarl||BlackGlasses|Prankster|Reflect,LightScreen,SpiritBreak,SuckerPunch|||M|||50|,,,,,Dark]Dondozo||Leftovers|Unaware|Fissure,Protect,Liquidation,Yawn|||M|||50|,,,,,Ghost]Rillaboom||AssaultVest|GrassySurge|FakeOut,WoodHammer,GrassyGlide,Uturn|||M|||50|,,,,,Fire
|showteam|p2|Sneasler||FocusSash|Unburden|CloseCombat,DireClaw,FakeOut,Protect|||F|||50|,,,,,Stellar]Basculegion||ChoiceBand|SwiftSwim|FlipTurn,WaveCrash,AquaJet,LastRespects|||M|||50|,,,,,Water]Pelipper||CovertCloak|Drizzle|WeatherBall,Tailwind,Hurricane,Protect|||M|||50|,,,,,Electric]Kingambit||BlackGlasses|Defiant|KowtowCleave,SuckerPunch,SwordsDance,Protect|||M|||50|,,,,,Dark]Archaludon||AssaultVest|Stamina|DracoMeteor,ElectroShot,FlashCannon,BodyPress|||F|||50|,,,,,Grass]Maushold||SafetyGoggles|FriendGuard|FollowMe,Taunt,BeatUp,Protect||||||50|,,,,,Fairy
|inactive|Battle timer is ON: inactive players will automatically lose when time's up. (requested by bouledefeu)
|inactive|jagheter has 60 seconds left.
|
|t:|1756452000
|teamsize|p1|4
|teamsize|p2|4
|start
|switch|p1a: Grimmsnarl|Grimmsnarl, L50, M, shiny|100/100
|switch|p1b: Volcarona|Volcarona, L50, F, shiny|100/100
|switch|p2a: Sneasler|Sneasler, L50, F|100/100
|switch|p2b: Archaludon|Archaludon, L50, F|100/100
|turn|1
|
|t:|1756452022
|move|p2a: Sneasler|Fake Out|p1a: Grimmsnarl
|-damage|p1a: Grimmsnarl|84/100
|cant|p1a: Grimmsnarl|flinch
|move|p1b: Volcarona|Quiver Dance|p1b: Volcarona
|-boost|p1b: Volcarona|spa|1
|-boost|p1b: Volcarona|spd|1
|-boost|p1b: Volcarona|spe|1
|move|p2b: Archaludon|Flash Cannon|p1a: Grimmsnarl
|-supereffective|p1a: Grimmsnarl
|-damage|p1a: Grimmsnarl|3/100
|
|upkeep
|turn|2
|
|t:|1756452039
|switch|p2a: Pelipper|Pelipper, L50, M|100/100
|-weather|RainDance|[from] ability: Drizzle|[of] p2a: Pelipper
|move|p1a: Grimmsnarl|Sucker Punch||[still]
|-fail|p1a: Grimmsnarl
|move|p1b: Volcarona|Fiery Dance|p2a: Pelipper
|-resisted|p2a: Pelipper
|-damage|p2a: Pelipper|76/100
|-boost|p1b: Volcarona|spa|1
|move|p2b: Archaludon|Electro Shot||[still]
|-prepare|p2b: Archaludon|Electro Shot
|-boost|p2b: Archaludon|spa|1
|-anim|p2b: Archaludon|Electro Shot|p1a: Grimmsnarl
|-damage|p1a: Grimmsnarl|0 fnt
|faint|p1a: Grimmsnarl
|
|-weather|RainDance|[upkeep]
|upkeep
|
|t:|1756452050
|switch|p1a: Venusaur|Venusaur, L50, F, shiny|100/100
|turn|3
|
|t:|1756452067
|move|p1b: Volcarona|Fiery Dance|p2b: Archaludon
|-damage|p2b: Archaludon|71/100
|-ability|p2b: Archaludon|Stamina|boost
|-boost|p2b: Archaludon|def|1
|move|p1a: Venusaur|Sleep Powder|p2a: Pelipper
|-status|p2a: Pelipper|slp|[from] move: Sleep Powder
|move|p2b: Archaludon|Electro Shot||[still]
|-prepare|p2b: Archaludon|Electro Shot
|-boost|p2b: Archaludon|spa|1
|-anim|p2b: Archaludon|Electro Shot|p1b: Volcarona
|-damage|p1b: Volcarona|47/100
|cant|p2a: Pelipper|slp
|
|-weather|RainDance|[upkeep]
|upkeep
|turn|4
|inactive|jagheter has 30 seconds left.
|
|t:|1756452092
|-terastallize|p2b: Archaludon|Grass
|move|p1b: Volcarona|Giga Drain|p2a: Pelipper
|-damage|p2a: Pelipper|0 fnt
|-heal|p1b: Volcarona|78/100|[from] drain|[of] p2a: Pelipper
|faint|p2a: Pelipper
|move|p1a: Venusaur|Sleep Powder|p2b: Archaludon
|-immune|p2b: Archaludon
|move|p2b: Archaludon|Draco Meteor|p1b: Volcarona|[miss]
|-miss|p2b: Archaludon|p1b: Volcarona
|
|-weather|RainDance|[upkeep]
|upkeep
|
|t:|1756452109
|switch|p2a: Sneasler|Sneasler, L50, F|100/100
|turn|5
|
|t:|1756452126
|-terastallize|p1a: Venusaur|Ghost
|move|p2a: Sneasler|Fake Out|p1a: Venusaur
|-immune|p1a: Venusaur
|move|p1b: Volcarona|Fiery Dance|p2b: Archaludon
|-supereffective|p2b: Archaludon
|-damage|p2b: Archaludon|7/100
|-ability|p2b: Archaludon|Stamina|boost
|-boost|p2b: Archaludon|def|1
|move|p1a: Venusaur|Sleep Powder|p2a: Sneasler
|-status|p2a: Sneasler|slp|[from] move: Sleep Powder
|move|p2b: Archaludon|Electro Shot||[still]
|-prepare|p2b: Archaludon|Electro Shot
|-boost|p2b: Archaludon|spa|1
|-anim|p2b: Archaludon|Electro Shot|p1a: Venusaur
|-damage|p1a: Venusaur|8/100
|
|-weather|RainDance|[upkeep]
|upkeep
|turn|6
|
|t:|1756452148
|move|p1b: Volcarona|Fiery Dance|p2a: Sneasler
|-damage|p2a: Sneasler|48/100 slp
|cant|p2a: Sneasler|slp
|move|p1a: Venusaur|Sludge Bomb|p2b: Archaludon
|-supereffective|p2b: Archaludon
|-damage|p2b: Archaludon|0 fnt
|faint|p2b: Archaludon
|
|-weather|none
|upkeep
|
|t:|1756452154
|switch|p2b: Basculegion|Basculegion, L50, M|100/100
|turn|7
|
|t:|1756452165
|move|p1b: Volcarona|Fiery Dance|p2a: Sneasler
|-damage|p2a: Sneasler|0 fnt
|faint|p2a: Sneasler
|move|p1a: Venusaur|Sleep Powder|p2b: Basculegion
|-status|p2b: Basculegion|slp|[from] move: Sleep Powder
|cant|p2b: Basculegion|slp
|
|upkeep
|turn|8
|-message|bouledefeu forfeited.
|
|win|jagheter
||bouledefeu is ready for game 2.
||bouledefeu is ready for game 2.
