|j|☆Drayagedrag0
|j|☆paologamer7
|html|Drayagedrag0paologamer7    
|uhtml|bestof|Game 2 of a best-of-3
|t:|1756840668
|gametype|doubles
|player|p1|Drayagedrag0|101|1042
|player|p2|paologamer7|266|1044
|gen|9
|tier|[Gen 9] VGC 2025 Reg H (Bo3)
|rated|
|rule|Species Clause: Limit one of each Pokémon
|rule|Item Clause: Limit 1 of each item
|clearpoke
|poke|p1|Garchomp, L50, F|
|poke|p1|Ninetales-Alola, L50, F|
|poke|p1|Arcanine-Hisui, L50, M|
|poke|p1|Amoonguss, L50, F|
|poke|p1|Hydreigon, L50, M|
|poke|p1|Gholdengo, L50|
|poke|p2|Garchomp, L50, M|
|poke|p2|Hydreigon, L50, M|
|poke|p2|Talonflame, L50, F|
|poke|p2|Clefable, L50, F|
|poke|p2|Tauros-Paldea-Aqua, L50, M|
|poke|p2|Haunter, L50, F|
|teampreview|4
|showteam|p1|Garchomp||LifeOrb|RoughSkin|StompingTantrum,Earthquake,DragonClaw,Protect|||F|||50|,,,,,Fire]Ninetales-Alola||FocusSash|SnowWarning|Blizzard,IcyWind,Encore,AuroraVeil|||F|||50|,,,,,Ghost]Arcanine-Hisui||ClearAmulet|Intimidate|FlareBlitz,RockSlide,ExtremeSpeed,Protect|||M|||50|,,,,,Water]Amoonguss||SitrusBerry|Regenerator|Spore,RagePowder,SludgeBomb,Protect|||F|||50|,,,,,Psychic]Hydreigon||CovertCloak|Levitate|DarkPulse,DracoMeteor,Tailwind,Protect|||M|||50|,,,,,Fire]Gholdengo||Leftovers|GoodasGold|MakeItRain,ShadowBall,NastyPlot,Protect||||||50|,,,,,Dragon
|showteam|p2|Garchomp||LifeOrb|RoughSkin|StompingTantrum,DragonClaw,Earthquake,Protect|||M|||50|,,,,,Ground]Hydreigon||ChoiceSpecs|Levitate|DracoMeteor,DarkPulse,HeatWave,Snarl|||M|||50|,,,,,Fire]Talonflame||SharpBeak|GaleWings|DualWingbeat,WillOWisp,Tailwind,Protect|||F|||50|,,,,,Ghost]Clefable||SafetyGoggles|Unaware|Moonblast,Flamethrower,FollowMe,HelpingHand|||F|||50|,,,,,Fire]Tauros-Paldea-Aqua||MirrorHerb|Intimidate|CloseCombat,AquaJet,WaveCrash,Protect|||M|||50|,,,,,Water]Haunter||FocusSash|Levitate|SludgeBomb,ShadowBall,Haze,Protect|||F|||50|,,,,,Stellar
|inactive|Battle timer is ON: inactive players will automatically lose when time's up. (requested by Drayagedrag0)
|
|t:|1756840699
|teamsize|p1|4
|teamsize|p2|4
|start
|switch|p1a: Ninetales|Ninetales-Alola, L50, F, shiny|100/100
|switch|p1b: Hydreigon|Hydreigon, L50, M, shiny|100/100
|switch|p2a: Haunter|Haunter, L50, F|100/100
|switch|p2b: Tauros|Tauros-Paldea-Aqua, L50, M|100/100
|-weather|Snowscape|[from] ability: Snow Warning|[of] p1a: Ninetales
|-ability|p2b: Tauros|Intimidate|boost
|-unboost|p1a: Ninetales|atk|1
|-unboost|p1b: Hydreigon|atk|1
|turn|1
|inactive|Drayagedrag0 has 30 seconds left.
|
|t:|1756840724
|move|p2b: Tauros|Aqua Jet|p1a: Ninetales
|-damage|p1a: Ninetales|80/100
|move|p1a: Ninetales|Icy Wind|p2a: Haunter|[spread] p2a,p2b
|-resisted|p2b: Tauros
|-damage|p2a: Haunter|62/100
|-damage|p2b: Tauros|88/100
|-unboost|p2a: Haunter|spe|1
|-unboost|p2b: Tauros|spe|1
|move|p1b: Hydreigon|Tailwind|p1b: Hydreigon
|-sidestart|p1: Drayagedrag0|move: Tailwind
|move|p2a: Haunter|Sludge Bomb|p1a: Ninetales
|-supereffective|p1a: Ninetales
|-damage|p1a: Ninetales|0 fnt
|faint|p1a: Ninetales
|
|-weather|Snowscape|[upkeep]
|upkeep
|
|t:|1756840737
|switch|p1a: Garchomp|Garchomp, L50, F, shiny|100/100
|turn|2
|
|t:|1756840745
|move|p2b: Tauros|Protect|p2b: Tauros
|-singleturn|p2b: Tauros|Protect
|move|p1a: Garchomp|Dragon Claw|p2a: Haunter
|-damage|p2a: Haunter|0 fnt
|faint|p2a: Haunter
|-damage|p1a: Garchomp|91/100|[from] item: Life Orb
|move|p1b: Hydreigon|Draco Meteor|p2b: Tauros
|-activate|p2b: Tauros|move: Protect
|
|-weather|Snowscape|[upkeep]
|upkeep
|
|t:|1756840758
|switch|p2a: Talonflame|Talonflame, L50, F|100/100
|turn|3
|inactive|Drayagedrag0 has 30 seconds left.
|
|t:|1756840788
|switch|p1b: Arcanine|Arcanine-Hisui, L50, M, shiny|100/100
|-ability|p1b: Arcanine|Intimidate|boost
|-unboost|p2a: Talonflame|atk|1
|-unboost|p2b: Tauros|atk|1
|move|p2a: Talonflame|Tailwind|p2a: Talonflame
|-sidestart|p2: paologamer7|move: Tailwind
|move|p1a: Garchomp|Dragon Claw|p2b: Tauros
|-damage|p2b: Tauros|24/100
|-damage|p1a: Garchomp|81/100|[from] item: Life Orb
|move|p2b: Tauros|Wave Crash|p1a: Garchomp
|-damage|p1a: Garchomp|43/100
|-damage|p2b: Tauros|12/100|[from] ability: Rough Skin|[of] p1a: Garchomp
|-damage|p2b: Tauros|0 fnt|[from] Recoil
|faint|p2b: Tauros
|
|-weather|Snowscape|[upkeep]
|upkeep
|
|t:|1756840803
|switch|p2b: Garchomp|Garchomp, L50, M|100/100
|turn|4
|
|t:|1756840820
|-terastallize|p1b: Arcanine|Water
|move|p2a: Talonflame|Will-O-Wisp|p1a: Garchomp
|-status|p1a: Garchomp|brn
|move|p1a: Garchomp|Dragon Claw|p2b: Garchomp
|-supereffective|p2b: Garchomp
|-damage|p2b: Garchomp|45/100
|-damage|p1a: Garchomp|30/100 brn|[from] ability: Rough Skin|[of] p2b: Garchomp
|-damage|p1a: Garchomp|21/100 brn|[from] item: Life Orb
|move|p2b: Garchomp|Dragon Claw|p1b: Arcanine
|-damage|p1b: Arcanine|27/100
|-damage|p2b: Garchomp|35/100|[from] item: Life Orb
|move|p1b: Arcanine|Rock Slide|p2a: Talonflame|[spread] p2a
|-miss|p1b: Arcanine|p2b: Garchomp
|-supereffective|p2a: Talonflame
|-damage|p2a: Talonflame|0 fnt
|faint|p2a: Talonflame
|
|-weather|Snowscape|[upkeep]
|-damage|p1a: Garchomp|15/100 brn|[from] brn
|-sideend|p1: Drayagedrag0|move: Tailwind
|upkeep
|turn|5
|
|t:|1756840843
|-terastallize|p2b: Garchomp|Ground
|move|p1b: Arcanine|Extreme Speed|p2b: Garchomp
|-damage|p2b: Garchomp|7/100
|-damage|p1b: Arcanine|15/100|[from] ability: Rough Skin|[of] p2b: Garchomp
|move|p2b: Garchomp|Earthquake|p1a: Garchomp|[spread] p1a,p1b
|-damage|p1a: Garchomp|0 fnt
|-damage|p1b: Arcanine|0 fnt
|faint|p1a: Garchomp
|faint|p1b: Arcanine
|-damage|p2b: Garchomp|0 fnt|[from] item: Life Orb
|faint|p2b: Garchomp
|
|win|Drayagedrag0
|raw|Drayagedrag0's rating: 1042 → 1076(+34 for winning)
|raw|paologamer7's rating: 1044 → 1027(-17 for losing)
|l|☆paologamer7
|player|p2|
