|j|☆shaboogles
|j|☆AtomicTwilight
|html|shabooglesAtomicTwilight    
|uhtml|bestof|Game 1 of a best-of-3
|t:|1784176737
|gametype|doubles
|player|p1|shaboogles|102|
|player|p2|AtomicTwilight|canari|
|gen|9
|tier|[Gen 9 Champions] VGC 2026 Reg M-B (Bo3)
|rule|Species Clause: Limit one of each Pokémon
|rule|Item Clause: Limit 1 of each item
|clearpoke
|poke|p1|Chandelure, L50, F|
|poke|p1|Chesnaught, L50, M|
|poke|p1|Greninja, L50, M|
|poke|p1|Rotom-Mow, L50|
|poke|p1|Krookodile, L50, F|
|poke|p1|Ariados, L50, M|
|poke|p2|Greninja, L50, M|
|poke|p2|Slowking-Galar, L50, F|
|poke|p2|Rotom-Frost, L50|
|poke|p2|Klefki, L50, M|
|poke|p2|Krookodile, L50, F|
|poke|p2|Chesnaught, L50, F|
|teampreview|4
|showteam|p1|Chandelure||Chandelurite|Infiltrator|HeatWave,ShadowBall,TrickRoom,Protect|Modest||F|||50|]Chesnaught||RoseliBerry|Overgrow|WideGuard,SpikyShield,WoodHammer,HammerArm|Adamant||M|||50|]Greninja||Greninjite|Torrent|IcyWind,Protect,HydroPump,DarkPulse|Timid||M|||50|]Rotom-Mow||ChoiceScarf|Levitate|Thunderbolt,LeafStorm,Electroweb,VoltSwitch|Timid|||||50|]Krookodile||PasshoBerry|Intimidate|Crunch,Taunt,Protect,HighHorsepower|Adamant||F|||50|]Ariados||ScopeLens|Sniper|CrossPoison,Protect,RagePowder,KnockOff|Jolly||M|||50|
|showteam|p2|Greninja||Greninjite|Protean|Blizzard,DarkPulse,Extrasensory,Protect|Modest||M|||50|]Slowking-Galar||Leftovers|Regenerator|ChillyReception,Protect,Toxic,AcidSpray|Calm||F|||50|]Rotom-Frost||ChoiceScarf|Levitate|VoltSwitch,Blizzard,Discharge,Electroweb|Timid|||||50|]Klefki||LightClay|Prankster|ThunderWave,Reflect,LightScreen,DazzlingGleam|Timid||M|||50|]Krookodile||LifeOrb|Intimidate|Earthquake,Crunch,CloseCombat,Protect|Jolly||F|||50|]Chesnaught||RoseliBerry|Bulletproof|HammerArm,WoodHammer,WideGuard,SpikyShield|Adamant||F|||50|
|
|t:|1784176816
|teamsize|p1|4
|teamsize|p2|4
|start
|switch|p1a: Ariados|Ariados, L50, M|100/100
|switch|p1b: Greninja|Greninja, L50, M|100/100
|switch|p2a: Krookodile|Krookodile, L50, F|100/100
|switch|p2b: Rotom|Rotom-Frost, L50|100/100
|-ability|p2a: Krookodile|Intimidate|boost
|-unboost|p1a: Ariados|atk|1
|-unboost|p1b: Greninja|atk|1
|turn|1
|
|t:|1784176848
|switch|p1b: Krookodile|Krookodile, L50, F|100/100
|-ability|p1b: Krookodile|Intimidate|boost
|-unboost|p2a: Krookodile|atk|1
|-unboost|p2b: Rotom|atk|1
|move|p2a: Krookodile|Protect|p2a: Krookodile
|-singleturn|p2a: Krookodile|Protect
|move|p2b: Rotom|Electroweb|p1b: Krookodile|[spread] p1a
|-immune|p1b: Krookodile
|-damage|p1a: Ariados|74/100
|-unboost|p1a: Ariados|spe|1
|move|p1a: Ariados|Cross Poison|p2b: Rotom
|-crit|p2b: Rotom
|-damage|p2b: Rotom|35/100
|
|upkeep
|turn|2
|
|t:|1784176883
|switch|p2b: Slowking|Slowking-Galar, L50, F|100/100
|move|p1a: Ariados|Rage Powder|p1a: Ariados
|-singleturn|p1a: Ariados|move: Rage Powder
|move|p2a: Krookodile|Earthquake|p1b: Krookodile|[spread] p2b,p1a,p1b
|-supereffective|p2b: Slowking|1
|-crit|p1a: Ariados
|-damage|p2b: Slowking|37/100
|-damage|p1a: Ariados|0 fnt
|-damage|p1b: Krookodile|71/100
|faint|p1a: Ariados
|-damage|p2a: Krookodile|90/100|[from] item: Life Orb
|move|p1b: Krookodile|Crunch|p2b: Slowking
|-supereffective|p2b: Slowking|1
|-damage|p2b: Slowking|0 fnt
|faint|p2b: Slowking
|
|upkeep
|
|t:|1784176900
|switch|p1a: Greninja|Greninja, L50, M|100/100
|switch|p2b: Rotom|Rotom-Frost, L50|35/100
|turn|3
|c|☆AtomicTwilight|i am very good at accidentally killing my pokemon as it seems
|c|☆AtomicTwilight|ToT
|
|t:|1784176931
|detailschange|p1a: Greninja|Greninja-Mega, L50, M
|-mega|p1a: Greninja|Greninja|Greninjite
|move|p1a: Greninja|Protect|p1a: Greninja
|-start|p1a: Greninja|typechange|Normal|[from] ability: Protean
|-singleturn|p1a: Greninja|Protect
|move|p1b: Krookodile|Protect|p1b: Krookodile
|-singleturn|p1b: Krookodile|Protect
|move|p2b: Rotom|Volt Switch|p1a: Greninja
|-activate|p1a: Greninja|move: Protect
|move|p2a: Krookodile|Close Combat|p1b: Krookodile
|-activate|p1b: Krookodile|move: Protect
|
|upkeep
|turn|4
|
|t:|1784176958
|move|p2b: Rotom|Volt Switch|p1a: Greninja
|-damage|p1a: Greninja|59/100
|
|t:|1784176961
|switch|p2b: Greninja|Greninja, L50, M|100/100|[from] Volt Switch
|move|p1a: Greninja|Hydro Pump|p2a: Krookodile
|-supereffective|p2a: Krookodile|1
|-damage|p2a: Krookodile|0 fnt
|faint|p2a: Krookodile
|move|p1b: Krookodile|High Horsepower|p2b: Greninja
|-damage|p2b: Greninja|22/100
|
|upkeep
|
|t:|1784176967
|switch|p2a: Rotom|Rotom-Frost, L50|35/100
|turn|5
|
|t:|1784176988
|detailschange|p2b: Greninja|Greninja-Mega, L50, M
|-mega|p2b: Greninja|Greninja|Greninjite
|move|p1a: Greninja|Protect|p1a: Greninja
|-singleturn|p1a: Greninja|Protect
|move|p1b: Krookodile|Protect|p1b: Krookodile
|-singleturn|p1b: Krookodile|Protect
|move|p2a: Rotom|Blizzard|p1a: Greninja|[spread] 
|-activate|p1a: Greninja|move: Protect
|-activate|p1b: Krookodile|move: Protect
|move|p2b: Greninja|Dark Pulse|p1a: Greninja
|-start|p2b: Greninja|typechange|Dark|[from] ability: Protean
|-activate|p1a: Greninja|move: Protect
|
|upkeep
|turn|6
|
|t:|1784177034
|move|p2b: Greninja|Protect|p2b: Greninja
|-singleturn|p2b: Greninja|Protect
|move|p2a: Rotom|Blizzard|p1b: Krookodile|[spread] p1a
|-miss|p2a: Rotom|p1b: Krookodile
|-damage|p1a: Greninja|2/100
|move|p1a: Greninja|Dark Pulse|p2b: Greninja
|-activate|p2b: Greninja|move: Protect
|move|p1b: Krookodile|High Horsepower|p2b: Greninja
|-activate|p2b: Greninja|move: Protect
|
|upkeep
|turn|7
|
|t:|1784177048
|move|p2a: Rotom|Blizzard|p1b: Krookodile|[spread] p1a
|-miss|p2a: Rotom|p1b: Krookodile
|-damage|p1a: Greninja|0 fnt
|faint|p1a: Greninja
|move|p2b: Greninja|Blizzard|p1b: Krookodile|[miss]
|-miss|p2b: Greninja|p1b: Krookodile
|move|p1b: Krookodile|High Horsepower|p2b: Greninja
|-damage|p2b: Greninja|0 fnt
|faint|p2b: Greninja
|
|upkeep
|
|t:|1784177051
|switch|p1a: Chandelure|Chandelure, L50, F|100/100
|turn|8
|
|t:|1784177058
|move|p2a: Rotom|Blizzard|p1b: Krookodile|[spread] p1a,p1b
|-resisted|p1a: Chandelure|1
|-supereffective|p1b: Krookodile|1
|-damage|p1a: Chandelure|75/100
|-damage|p1b: Krookodile|0 fnt
|faint|p1b: Krookodile
|move|p1a: Chandelure|Shadow Ball|p2a: Rotom
|-damage|p2a: Rotom|0 fnt
|faint|p2a: Rotom
|
|win|shaboogles
||shaboogles is ready for game 2.
||AtomicTwilight is ready for game 2.
|uhtml|next|Next: Game 2 of 3
