|j|☆natsukivgc
|j|☆Milikito05
|html|natsukivgcMilikito05    
|uhtml|bestof|Game 2 of a best-of-3
|t:|1785411580
|gametype|doubles
|player|p1|natsukivgc|1|1173
|player|p2|Milikito05|cheren|1142
|gen|9
|tier|[Gen 9 Champions] VGC 2026 Reg M-B (Bo3)
|rated|
|rule|Species Clause: Limit one of each Pokémon
|rule|Item Clause: Limit 1 of each item
|clearpoke
|poke|p1|Garchomp, L50, F|
|poke|p1|Venusaur, L50, M|
|poke|p1|Incineroar, L50, M|
|poke|p1|Charizard, L50, F|
|poke|p1|Toxapex, L50, M|
|poke|p1|Annihilape, L50, M|
|poke|p2|Metagross, L50, shiny|
|poke|p2|Charizard, L50, F|
|poke|p2|Aerodactyl, L50, M|
|poke|p2|Milotic, L50, F|
|poke|p2|Sneasler, L50, M|
|poke|p2|Sinistcha, L50|
|teampreview|4
|showteam|p1|Garchomp||ChoiceScarf|RoughSkin|Earthquake,DragonClaw,StompingTantrum,RockSlide|Adamant||F|||50|]Venusaur||LifeOrb|Chlorophyll|SolarBeam,SludgeBomb,EarthPower,Protect|Modest||M|||50|]Incineroar||SitrusBerry|Intimidate|FlareBlitz,ThroatChop,FakeOut,PartingShot|Impish||M|||50|]Charizard||CharizarditeY|Blaze|HeatWave,WeatherBall,HelpingHand,Protect|Modest||F|||50|]Toxapex||Leftovers|Regenerator|Infestation,Toxic,WideGuard,BanefulBunker|Bold||M|||50|]Annihilape||FocusSash|Defiant|CloseCombat,PhantomForce,StealthRock,Protect|Jolly||M|||50|
|showteam|p2|Metagross||Metagrossite|ClearBody|IronHead,PsychicFangs,ThunderPunch,Protect|Jolly|||||50|]Charizard||CharizarditeX|Blaze|FlareBlitz,DragonClaw,DragonDance,Protect|Adamant||F|||50|]Aerodactyl||FocusSash|Unnerve|RockSlide,DualWingbeat,Tailwind,Protect|Jolly||M|||50|]Milotic||Leftovers|Competitive|Scald,IceBeam,LifeDew,Protect|Bold||F|||50|]Sneasler||WhiteHerb|Unburden|DireClaw,CloseCombat,FakeOut,Coaching|Jolly||M|||50|]Sinistcha||SitrusBerry|Hospitality|MatchaGotcha,RagePowder,Imprison,TrickRoom|Bold|||||50|
|inactive|Battle timer is ON: inactive players will automatically lose when time's up. (requested by Milikito05)
|inactive|natsukivgc has 60 seconds left.
|
|t:|1785411622
|teamsize|p1|4
|teamsize|p2|4
|start
|switch|p1a: Charizard|Charizard, L50, F|100/100
|switch|p1b: Venusaur|Venusaur, L50, M|100/100
|switch|p2a: Sneasler|Sneasler, L50, M|100/100
|switch|p2b: Milotic|Milotic, L50, F|100/100
|turn|1
|inactive|natsukivgc has 30 seconds left.
|
|t:|1785411656
|detailschange|p1a: Charizard|Charizard-Mega-Y, L50, F
|-mega|p1a: Charizard|Charizard|Charizardite Y
|-weather|SunnyDay|[from] ability: Drought|[of] p1a: Charizard
|move|p2a: Sneasler|Fake Out|p1b: Venusaur
|-damage|p1b: Venusaur|84/100
|cant|p1b: Venusaur|flinch
|move|p1a: Charizard|Weather Ball|p2a: Sneasler
|-damage|p2a: Sneasler|0 fnt
|faint|p2a: Sneasler
|move|p2b: Milotic|Ice Beam|p1b: Venusaur
|-supereffective|p1b: Venusaur|1
|-damage|p1b: Venusaur|33/100
|
|-weather|SunnyDay|[upkeep]
|upkeep
|
|t:|1785411669
|switch|p2a: Aerodactyl|Aerodactyl, L50, M|100/100
|-ability|p2a: Aerodactyl|Unnerve
|turn|2
|
|t:|1785411694
|move|p1a: Charizard|Protect|p1a: Charizard
|-singleturn|p1a: Charizard|Protect
|move|p1b: Venusaur|Solar Beam||[still]
|-prepare|p1b: Venusaur|Solar Beam
|-anim|p1b: Venusaur|Solar Beam|p2b: Milotic
|-supereffective|p2b: Milotic|1
|-damage|p2b: Milotic|0 fnt
|faint|p2b: Milotic
|-damage|p1b: Venusaur|24/100|[from] item: Life Orb
|move|p2a: Aerodactyl|Dual Wingbeat|p1b: Venusaur
|-supereffective|p1b: Venusaur|1
|-damage|p1b: Venusaur|0 fnt
|faint|p1b: Venusaur
|-hitcount|p1: Venusaur|1
|
|-weather|SunnyDay|[upkeep]
|upkeep
|
|t:|1785411711
|switch|p1b: Incineroar|Incineroar, L50, M|100/100
|switch|p2b: Charizard|Charizard, L50, F|100/100
|-ability|p1b: Incineroar|Intimidate|boost
|-unboost|p2a: Aerodactyl|atk|1
|-unboost|p2b: Charizard|atk|1
|turn|3
|
|t:|1785411726
|detailschange|p2b: Charizard|Charizard-Mega-X, L50, F
|-mega|p2b: Charizard|Charizard|Charizardite X
|move|p1b: Incineroar|Fake Out|p2a: Aerodactyl
|-resisted|p2a: Aerodactyl|1
|-damage|p2a: Aerodactyl|91/100
|cant|p2a: Aerodactyl|flinch
|move|p2b: Charizard|Dragon Dance|p2b: Charizard
|-boost|p2b: Charizard|atk|1
|-boost|p2b: Charizard|spe|1
|move|p1a: Charizard|Weather Ball|p2a: Aerodactyl
|-resisted|p2a: Aerodactyl|1
|-damage|p2a: Aerodactyl|31/100
|
|-weather|SunnyDay|[upkeep]
|upkeep
|turn|4
|inactive|Milikito05 has 30 seconds left.
|
|t:|1785411755
|switch|p1a: Toxapex|Toxapex, L50, M|100/100
|move|p2b: Charizard|Dragon Claw|p1b: Incineroar
|-damage|p1b: Incineroar|54/100
|move|p2a: Aerodactyl|Rock Slide|p1a: Toxapex|[spread] p1a,p1b
|-supereffective|p1b: Incineroar|1
|-damage|p1a: Toxapex|88/100
|-damage|p1b: Incineroar|31/100
|move|p1b: Incineroar|Parting Shot|p2b: Charizard
|-unboost|p2b: Charizard|atk|1
|-unboost|p2b: Charizard|spa|1
|
|t:|1785411766
|switch|p1b: Charizard|Charizard-Mega-Y, L50, F|100/100|[from] Parting Shot
|
|-weather|SunnyDay|[upkeep]
|-heal|p1a: Toxapex|94/100|[from] item: Leftovers
|upkeep
|turn|5
|
|t:|1785411778
|switch|p1b: Incineroar|Incineroar, L50, M|31/100
|-ability|p1b: Incineroar|Intimidate|boost
|-unboost|p2a: Aerodactyl|atk|1
|-unboost|p2b: Charizard|atk|1
|move|p2b: Charizard|Flare Blitz|p1b: Incineroar
|-resisted|p1b: Incineroar|1
|-damage|p1b: Incineroar|7/100
|-damage|p2b: Charizard|90/100|[from] Recoil
|move|p2a: Aerodactyl|Dual Wingbeat|p1b: Incineroar
|-damage|p1b: Incineroar|1/100
|-damage|p1b: Incineroar|0 fnt
|faint|p1b: Incineroar
|-hitcount|p1: Incineroar|2
|move|p1a: Toxapex|Toxic|p2b: Charizard
|-status|p2b: Charizard|tox
|
|-weather|none
|-heal|p1a: Toxapex|100/100|[from] item: Leftovers
|-damage|p2b: Charizard|84/100 tox|[from] psn
|upkeep
|
|t:|1785411795
|switch|p1b: Charizard|Charizard-Mega-Y, L50, F|100/100
|-weather|SunnyDay|[from] ability: Drought|[of] p1b: Charizard
|turn|6
|
|t:|1785411806
|move|p1b: Charizard|Protect|p1b: Charizard
|-singleturn|p1b: Charizard|Protect
|move|p1a: Toxapex|Baneful Bunker|p1a: Toxapex
|-singleturn|p1a: Toxapex|move: Protect
|move|p2b: Charizard|Dragon Claw|p1a: Toxapex
|-activate|p1a: Toxapex|move: Protect
|move|p2a: Aerodactyl|Dual Wingbeat|p1b: Charizard
|-activate|p1b: Charizard|move: Protect
|
|-weather|SunnyDay|[upkeep]
|-damage|p2b: Charizard|72/100 tox|[from] psn
|upkeep
|turn|7
|
|t:|1785411827
|move|p2b: Charizard|Dragon Claw|p1b: Charizard
|-crit|p1b: Charizard
|-damage|p1b: Charizard|20/100y
|move|p2a: Aerodactyl|Rock Slide|p1a: Toxapex|[spread] p1b
|-miss|p2a: Aerodactyl|p1a: Toxapex
|-supereffective|p1b: Charizard|2
|-damage|p1b: Charizard|0 fnt
|faint|p1b: Charizard
|move|p1a: Toxapex|Infestation|p2a: Aerodactyl
|-resisted|p2a: Aerodactyl|1
|-damage|p2a: Aerodactyl|28/100
|-activate|p2a: Aerodactyl|move: Infestation|[of] p1a: Toxapex
|
|-weather|SunnyDay|[upkeep]
|-damage|p2b: Charizard|55/100 tox|[from] psn
|-damage|p2a: Aerodactyl|16/100|[from] move: Infestation|[partiallytrapped]
|upkeep
|turn|8
|
|t:|1785411846
|move|p1a: Toxapex|Baneful Bunker|p1a: Toxapex
|-singleturn|p1a: Toxapex|move: Protect
|move|p2b: Charizard|Dragon Dance|p2b: Charizard
|-boost|p2b: Charizard|atk|1
|-boost|p2b: Charizard|spe|1
|move|p2a: Aerodactyl|Rock Slide|p1a: Toxapex
|-activate|p1a: Toxapex|move: Protect
|
|-weather|SunnyDay|[upkeep]
|-damage|p2b: Charizard|31/100 tox|[from] psn
|-damage|p2a: Aerodactyl|4/100|[from] move: Infestation|[partiallytrapped]
|upkeep
|turn|9
|inactive|natsukivgc has 30 seconds left.
|
|t:|1785411878
|move|p2b: Charizard|Flare Blitz|p1a: Toxapex
|-resisted|p1a: Toxapex|1
|-damage|p1a: Toxapex|72/100
|-damage|p2b: Charizard|23/100 tox|[from] Recoil
|move|p2a: Aerodactyl|Dual Wingbeat|p1a: Toxapex
|-damage|p1a: Toxapex|66/100
|-damage|p1a: Toxapex|59/100
|-hitcount|p1a: Toxapex|2
|move|p1a: Toxapex|Infestation|p2b: Charizard
|-resisted|p2b: Charizard|1
|-damage|p2b: Charizard|21/100 tox
|-activate|p2b: Charizard|move: Infestation|[of] p1a: Toxapex
|
|-weather|SunnyDay|[upkeep]
|-heal|p1a: Toxapex|65/100|[from] item: Leftovers
|-damage|p2b: Charizard|0 fnt|[from] psn
|faint|p2b: Charizard
|-damage|p2a: Aerodactyl|0 fnt|[from] move: Infestation|[partiallytrapped]
|faint|p2a: Aerodactyl
|
|win|natsukivgc
