|j|☆SnorlaxEatsFries
|j|☆The_Shawdoin
|html|SnorlaxEatsFriesThe_Shawdoin    
|uhtml|bestof|Game 1 of a best-of-3
|t:|1782498437
|gametype|doubles
|player|p1|SnorlaxEatsFries|depotagent|1037
|player|p2|The_Shawdoin|caitlin|1155
|gen|9
|tier|[Gen 9 Champions] VGC 2026 Reg M-B (Bo3)
|rated|
|rule|Species Clause: Limit one of each Pokémon
|rule|Item Clause: Limit 1 of each item
|clearpoke
|poke|p1|Swampert, L50, F, shiny|
|poke|p1|Metagross, L50, shiny|
|poke|p1|Archaludon, L50, F|
|poke|p1|Grimmsnarl, L50, M|
|poke|p1|Pelipper, L50, F, shiny|
|poke|p1|Sinistcha, L50, shiny|
|poke|p2|Swampert, L50, F|
|poke|p2|Pelipper, L50, F|
|poke|p2|Sableye, L50, F|
|poke|p2|Archaludon, L50, F|
|poke|p2|Sinistcha, L50|
|poke|p2|Mawile, L50, M|
|teampreview|4
|showteam|p1|Swampert||Swampertite|Damp|WaveCrash,Earthquake,IcePunch,Protect|Adamant||F|||50|]Metagross||Metagrossite|ClearBody|IronHead,PsychicFangs,BodyPress,Protect|Jolly|||||50|]Archaludon||Leftovers|Stamina|ElectroShot,DragonPulse,FlashCannon,Protect|Modest||F|||50|]Grimmsnarl||LightClay|Prankster|Reflect,LightScreen,FoulPlay,PartingShot|Calm||M|||50|]Pelipper||FocusSash|Drizzle|Hurricane,WeatherBall,Tailwind,WideGuard|Modest||F|||50|]Sinistcha||CobaBerry|Hospitality|MatchaGotcha,RagePowder,TrickRoom,Protect|Serious|||||50|
|showteam|p2|Swampert||Swampertite|Damp|WaveCrash,HighHorsepower,RockSlide,Protect|Adamant||F|||50|]Pelipper||FocusSash|Drizzle|Hurricane,WeatherBall,Tailwind,WideGuard|Modest||F|||50|]Sableye||LightClay|Prankster|LightScreen,Reflect,RainDance,Quash|Calm||F|||50|]Archaludon||Leftovers|Stamina|FlashCannon,DragonPulse,ElectroShot,Protect|Modest||F|||50|]Sinistcha||CobaBerry|Hospitality|MatchaGotcha,LifeDew,RagePowder,TrickRoom|Sassy|||||50|]Mawile||Mawilite|Intimidate|PlayRough,SuckerPunch,SwordsDance,Protect|Adamant||M|||50|
|inactive|Battle timer is ON: inactive players will automatically lose when time's up. (requested by SnorlaxEatsFries)
|
|t:|1782498464
|teamsize|p1|4
|teamsize|p2|4
|start
|switch|p1a: Swampert|Swampert, L50, F, shiny|100/100
|switch|p1b: Pelipper|Pelipper, L50, F, shiny|100/100
|switch|p2a: Swampert|Swampert, L50, F|100/100
|switch|p2b: Sinistcha|Sinistcha, L50|100/100
|-weather|RainDance|[from] ability: Drizzle|[of] p1b: Pelipper
|turn|1
|
|t:|1782498484
|detailschange|p2a: Swampert|Swampert-Mega, L50, F
|-mega|p2a: Swampert|Swampert|Swampertite
|move|p1a: Swampert|Protect|p1a: Swampert
|-singleturn|p1a: Swampert|Protect
|move|p2a: Swampert|Wave Crash|p1a: Swampert
|-activate|p1a: Swampert|move: Protect
|move|p1b: Pelipper|Tailwind|p1b: Pelipper
|-sidestart|p1: SnorlaxEatsFries|move: Tailwind
|move|p2b: Sinistcha|Matcha Gotcha|p1a: Swampert|[spread] p1b
|-activate|p1a: Swampert|move: Protect
|-damage|p1b: Pelipper|69/100
|
|-weather|RainDance|[upkeep]
|upkeep
|turn|2
|
|t:|1782498507
|switch|p1a: Grimmsnarl|Grimmsnarl, L50, M|100/100
|switch|p2b: Pelipper|Pelipper, L50, F|100/100
|move|p2a: Swampert|Wave Crash|p1a: Grimmsnarl
|-damage|p1a: Grimmsnarl|0 fnt
|faint|p1a: Grimmsnarl
|-damage|p2a: Swampert|62/100|[from] Recoil
|move|p1b: Pelipper|Hurricane|p2b: Pelipper
|-damage|p2b: Pelipper|37/100
|
|-weather|RainDance|[upkeep]
|upkeep
|
|t:|1782498519
|switch|p1a: Archaludon|Archaludon, L50, F|100/100
|turn|3
|
|t:|1782498531
|move|p2a: Swampert|Protect|p2a: Swampert
|-singleturn|p2a: Swampert|Protect
|move|p1b: Pelipper|Wide Guard|p1b: Pelipper
|-singleturn|p1b: Pelipper|Wide Guard
|move|p1a: Archaludon|Electro Shot||[still]
|-prepare|p1a: Archaludon|Electro Shot
|-boost|p1a: Archaludon|spa|1
|-anim|p1a: Archaludon|Electro Shot|p2b: Pelipper
|-supereffective|p2b: Pelipper|2
|-damage|p2b: Pelipper|0 fnt
|faint|p2b: Pelipper
|
|-weather|RainDance|[upkeep]
|upkeep
|
|t:|1782498540
|switch|p2b: Sableye|Sableye, L50, F|100/100
|turn|4
|
|t:|1782498555
|move|p2b: Sableye|Light Screen|p2b: Sableye
|-sidestart|p2: The_Shawdoin|move: Light Screen
|move|p2a: Swampert|High Horsepower|p1a: Archaludon
|-supereffective|p1a: Archaludon|1
|-damage|p1a: Archaludon|10/100
|-ability|p1a: Archaludon|Stamina|boost
|-boost|p1a: Archaludon|def|1
|move|p1a: Archaludon|Dragon Pulse|p2b: Sableye
|-damage|p2b: Sableye|57/100
|move|p1b: Pelipper|Hurricane|p2b: Sableye
|-damage|p2b: Sableye|23/100
|
|-weather|RainDance|[upkeep]
|-heal|p1a: Archaludon|16/100|[from] item: Leftovers
|-sideend|p1: SnorlaxEatsFries|move: Tailwind
|upkeep
|turn|5
|inactive|The_Shawdoin has 30 seconds left.
|
|t:|1782498582
|move|p1a: Archaludon|Protect|p1a: Archaludon
|-singleturn|p1a: Archaludon|Protect
|move|p2b: Sableye|Reflect|p2b: Sableye
|-sidestart|p2: The_Shawdoin|Reflect
|move|p2a: Swampert|Rock Slide|p1b: Pelipper|[spread] p1b
|-activate|p1a: Archaludon|move: Protect
|-supereffective|p1b: Pelipper|1
|-damage|p1b: Pelipper|15/100
|move|p1b: Pelipper|Tailwind|p1b: Pelipper
|-sidestart|p1: SnorlaxEatsFries|move: Tailwind
|
|-weather|none
|-heal|p1a: Archaludon|22/100|[from] item: Leftovers
|upkeep
|turn|6
|
|t:|1782498596
|move|p2b: Sableye|Rain Dance|p2b: Sableye
|-weather|RainDance
|move|p2a: Swampert|High Horsepower|p1a: Archaludon
|-supereffective|p1a: Archaludon|1
|-damage|p1a: Archaludon|0 fnt
|faint|p1a: Archaludon
|move|p1b: Pelipper|Hurricane|p2a: Swampert
|-damage|p2a: Swampert|35/100
|
|-weather|RainDance|[upkeep]
|upkeep
|
|t:|1782498603
|switch|p1a: Swampert|Swampert, L50, F, shiny|100/100
|turn|7
|
|t:|1782498622
|detailschange|p1a: Swampert|Swampert-Mega, L50, F, shiny
|-mega|p1a: Swampert|Swampert|Swampertite
|move|p1b: Pelipper|Wide Guard|p1b: Pelipper
|-singleturn|p1b: Pelipper|Wide Guard
|move|p2b: Sableye|Quash|p1a: Swampert
|-activate|p1a: Swampert|move: Quash
|move|p2a: Swampert|Wave Crash|p1b: Pelipper
|-resisted|p1b: Pelipper|1
|-damage|p1b: Pelipper|0 fnt
|faint|p1b: Pelipper
|-damage|p2a: Swampert|29/100|[from] Recoil
|move|p1a: Swampert|Earthquake|p2a: Swampert|[spread] p2a,p2b
|-damage|p2a: Swampert|0 fnt
|-damage|p2b: Sableye|0 fnt
|faint|p2a: Swampert
|faint|p2b: Sableye
|
|-weather|RainDance|[upkeep]
|upkeep
|
|t:|1782498631
|switch|p2b: Sinistcha|Sinistcha, L50|100/100
|turn|8
|
|t:|1782498638
|move|p1a: Swampert|Ice Punch|p2b: Sinistcha
|-supereffective|p2b: Sinistcha|1
|-damage|p2b: Sinistcha|61/100
|move|p2b: Sinistcha|Matcha Gotcha|p1a: Swampert
|-supereffective|p1a: Swampert|2
|-damage|p1a: Swampert|0 fnt
|-heal|p2b: Sinistcha|100/100|[from] drain|[of] p1a: Swampert
|faint|p1a: Swampert
|
|win|The_Shawdoin
|c|☆The_Shawdoin|gg
|l|☆SnorlaxEatsFries
|player|p1|
||The_Shawdoin is ready for game 2.
|raw|SnorlaxEatsFries's rating: 1037 → 1027(-10 for losing)
|raw|The_Shawdoin's rating: 1155 → 1172(+17 for winning)
