|j|☆monkeychese
|j|☆KingNoahC17
|html|monkeycheseKingNoahC17    
|uhtml|bestof|Game 1 of a best-of-3
|t:|1784319503
|gametype|doubles
|player|p1|monkeychese|lucas|
|player|p2|KingNoahC17|alec-anime|
|gen|9
|tier|[Gen 9 Champions] VGC 2026 Reg M-B (Bo3)
|rule|Species Clause: Limit one of each Pokémon
|rule|Item Clause: Limit 1 of each item
|clearpoke
|poke|p1|Metagross, L50|
|poke|p1|Whimsicott, L50, M|
|poke|p1|Garchomp, L50, M|
|poke|p1|Ceruledge, L50, M|
|poke|p1|Sneasler, L50, M|
|poke|p1|Milotic, L50, M|
|poke|p2|Grimmsnarl, L50, M|
|poke|p2|Ditto, L50|
|poke|p2|Charizard, L50, M|
|poke|p2|Garchomp, L50, M|
|poke|p2|Metagross, L50|
|poke|p2|Sylveon, L50, F|
|teampreview|4
|showteam|p1|Metagross||Metagrossite|ClearBody|IronHead,PsychicFangs,StompingTantrum,Protect|Adamant|||||50|]Whimsicott||FocusSash|Prankster|Moonblast,Encore,Tailwind,Protect|Timid||M|||50|]Garchomp||LifeOrb|RoughSkin|RockSlide,DragonClaw,StompingTantrum,Protect|Jolly||M|||50|]Ceruledge||ColburBerry|FlashFire|BitterBlade,ShadowSneak,BulkUp,Protect|Adamant||M|||50|]Sneasler||WhiteHerb|Unburden|DireClaw,CloseCombat,FakeOut,Protect|Jolly||M|||50|]Milotic||Leftovers|Competitive|MuddyWater,Coil,Hypnosis,Recover|Modest||M|||50|
|showteam|p2|Grimmsnarl||LightClay|Prankster|FoulPlay,FakeOut,Reflect,LightScreen|Careful||M|||50|]Ditto||ChoiceScarf|Imposter|Transform|Bashful|||||50|]Charizard||CharizarditeY|Blaze|HeatWave,WeatherBall,SolarBeam,Protect|Modest||M|||50|]Garchomp||SitrusBerry|RoughSkin|DragonClaw,Earthquake,RockSlide,Protect|Adamant||M|||50|]Metagross||Metagrossite|ClearBody|IronHead,PsychicFangs,BodyPress,Protect|Adamant|||||50|]Sylveon||FairyFeather|Pixilate|HyperVoice,QuickAttack,Yawn,Detect|Modest||F|||50|
|inactive|Battle timer is ON: inactive players will automatically lose when time's up. (requested by KingNoahC17)
|c|☆monkeychese|glhf
|inactive|KingNoahC17 has 60 seconds left.
|inactive|KingNoahC17 has 30 seconds left.
|inactive|KingNoahC17 has 20 seconds left.
|c|☆KingNoahC17|u2
|inactive|KingNoahC17 has 15 seconds left.
|inactive|KingNoahC17 has 10 seconds left.
|inactive|KingNoahC17 has 5 seconds left.
|
|t:|1784319595
|teamsize|p1|4
|teamsize|p2|4
|start
|switch|p1a: Metagross|Metagross, L50|100/100
|switch|p1b: Garchomp|Garchomp, L50, M|100/100
|switch|p2a: Grimmsnarl|Grimmsnarl, L50, M|100/100
|switch|p2b: Ditto|Ditto, L50|100/100
|-transform|p2b: Ditto|p1a: Metagross|[from] ability: Imposter
|turn|1
|inactive|KingNoahC17 has 30 seconds left.
|
|t:|1784319627
|move|p1b: Garchomp|Protect|p1b: Garchomp
|-singleturn|p1b: Garchomp|Protect
|move|p1a: Metagross|Protect|p1a: Metagross
|-singleturn|p1a: Metagross|Protect
|move|p2a: Grimmsnarl|Reflect|p2a: Grimmsnarl
|-sidestart|p2: KingNoahC17|Reflect
|move|p2b: Ditto|Psychic Fangs|p1b: Garchomp
|-activate|p1b: Garchomp|move: Protect
|
|upkeep
|turn|2
|
|t:|1784319642
|detailschange|p1a: Metagross|Metagross-Mega, L50
|-mega|p1a: Metagross|Metagross|Metagrossite
|move|p2b: Ditto|Psychic Fangs|p1b: Garchomp
|-damage|p1b: Garchomp|52/100
|-damage|p2b: Ditto|87/100|[from] ability: Rough Skin|[of] p1b: Garchomp
|move|p1b: Garchomp|Stomping Tantrum|p2b: Ditto
|-supereffective|p2b: Ditto|1
|-damage|p2b: Ditto|17/100
|-damage|p1b: Garchomp|42/100|[from] item: Life Orb
|move|p1a: Metagross|Stomping Tantrum|p2b: Ditto
|-supereffective|p2b: Ditto|1
|-damage|p2b: Ditto|0 fnt
|faint|p2b: Ditto
|move|p2a: Grimmsnarl|Foul Play|p1a: Metagross
|-supereffective|p1a: Metagross|1
|-damage|p1a: Metagross|25/100
|
|upkeep
|
|t:|1784319658
|switch|p2b: Garchomp|Garchomp, L50, M|100/100
|turn|3
|
|t:|1784319670
|move|p2b: Garchomp|Protect|p2b: Garchomp
|-singleturn|p2b: Garchomp|Protect
|move|p1b: Garchomp|Dragon Claw|p2b: Garchomp
|-activate|p2b: Garchomp|move: Protect
|move|p1a: Metagross|Psychic Fangs|p2b: Garchomp
|-activate|p2b: Garchomp|move: Protect
|move|p2a: Grimmsnarl|Foul Play|p1b: Garchomp
|-damage|p1b: Garchomp|0 fnt
|-damage|p2a: Grimmsnarl|87/100|[from] ability: Rough Skin|[of] p1b: Garchomp
|faint|p1b: Garchomp
|
|upkeep
|
|t:|1784319673
|switch|p1b: Sneasler|Sneasler, L50, M|100/100
|turn|4
|
|t:|1784319692
|move|p1b: Sneasler|Fake Out|p2b: Garchomp
|-damage|p2b: Garchomp|91/100
|-damage|p1b: Sneasler|87/100|[from] ability: Rough Skin|[of] p2b: Garchomp
|move|p1a: Metagross|Iron Head|p2a: Grimmsnarl
|-supereffective|p2a: Grimmsnarl|1
|-damage|p2a: Grimmsnarl|5/100
|cant|p2b: Garchomp|flinch
|move|p2a: Grimmsnarl|Foul Play|p1b: Sneasler
|-resisted|p1b: Sneasler|1
|-damage|p1b: Sneasler|47/100
|
|upkeep
|turn|5
|
|t:|1784319714
|switch|p2a: Charizard|Charizard, L50, M|100/100
|move|p1b: Sneasler|Protect|p1b: Sneasler
|-singleturn|p1b: Sneasler|Protect
|move|p1a: Metagross|Protect|p1a: Metagross
|-singleturn|p1a: Metagross|Protect
|move|p2b: Garchomp|Earthquake|p1b: Sneasler|[spread] 
|-activate|p1a: Metagross|move: Protect
|-activate|p1b: Sneasler|move: Protect
|-immune|p2a: Charizard
|
|upkeep
|turn|6
|
|t:|1784319729
|detailschange|p2a: Charizard|Charizard-Mega-Y, L50, M
|-mega|p2a: Charizard|Charizard|Charizardite Y
|-weather|SunnyDay|[from] ability: Drought|[of] p2a: Charizard
|move|p2a: Charizard|Protect|p2a: Charizard
|-singleturn|p2a: Charizard|Protect
|move|p1b: Sneasler|Close Combat|p2b: Garchomp
|-damage|p2b: Garchomp|56/100
|-unboost|p1b: Sneasler|def|1
|-unboost|p1b: Sneasler|spd|1
|-damage|p1b: Sneasler|35/100|[from] ability: Rough Skin|[of] p2b: Garchomp
|-enditem|p1b: Sneasler|White Herb
|-clearnegativeboost|p1b: Sneasler|[silent]
|move|p1a: Metagross|Psychic Fangs|p2b: Garchomp
|-sideend|p2: KingNoahC17|Reflect
|-damage|p2b: Garchomp|4/100
|-damage|p1a: Metagross|12/100|[from] ability: Rough Skin|[of] p2b: Garchomp
|-enditem|p2b: Garchomp|Sitrus Berry|[eat]
|-heal|p2b: Garchomp|29/100|[from] item: Sitrus Berry
|move|p2b: Garchomp|Earthquake|p1a: Metagross|[spread] p1a,p1b
|-activate|p2a: Charizard|move: Protect
|-supereffective|p1a: Metagross|1
|-supereffective|p1b: Sneasler|1
|-damage|p1a: Metagross|0 fnt
|-damage|p1b: Sneasler|0 fnt
|faint|p1a: Metagross
|faint|p1b: Sneasler
|
|-weather|SunnyDay|[upkeep]
|upkeep
|
|t:|1784319738
|switch|p1b: Ceruledge|Ceruledge, L50, M|100/100
|turn|7
|
|t:|1784319749
|move|p2b: Garchomp|Earthquake|p1b: Ceruledge|[spread] p1b
|-immune|p2a: Charizard
|-supereffective|p1b: Ceruledge|1
|-damage|p1b: Ceruledge|0 fnt
|faint|p1b: Ceruledge
|
|win|KingNoahC17
|c|☆monkeychese|gg
||monkeychese is ready for game 2.
||KingNoahC17 is ready for game 2.
|uhtml|next|Next: Game 2 of 3
|l|☆monkeychese
|player|p1|
