|j|☆robinrambles
|j|☆Charizard0420
|html|robinramblesCharizard0420    
|uhtml|bestof|Game 2 of a best-of-3
|t:|1784172627
|gametype|doubles
|player|p1|robinrambles|dawn-gen4pt|1118
|player|p2|Charizard0420|pokemaniac|1179
|gen|9
|tier|[Gen 9 Champions] VGC 2026 Reg M-B (Bo3)
|rated|
|rule|Species Clause: Limit one of each Pokémon
|rule|Item Clause: Limit 1 of each item
|clearpoke
|poke|p1|Golurk, L50, shiny|
|poke|p1|Scrafty, L50, M|
|poke|p1|Farigiraf, L50, F|
|poke|p1|Mawile, L50, M|
|poke|p1|Tyranitar, L50, M|
|poke|p1|Sinistcha, L50|
|poke|p2|Charizard, L50, M|
|poke|p2|Garchomp, L50, F|
|poke|p2|Aegislash, L50, F|
|poke|p2|Aerodactyl, L50, F|
|poke|p2|Sylveon, L50, M|
|poke|p2|Farigiraf, L50, M|
|teampreview|4
|showteam|p1|Golurk||Golurkite|NoGuard|HeadlongRush,Poltergeist,RockSlide,Protect|Brave|||||50|]Scrafty||RoseliBerry|Intimidate|Coaching,FakeOut,DrainPunch,ThroatChop|Sassy||M|||50|]Farigiraf||SitrusBerry|ArmorTail|TrickRoom,Psychic,Thunderbolt,HelpingHand|Quiet||F|||50|]Mawile||Mawilite|Intimidate|IronHead,PlayRough,Protect,SuckerPunch|Adamant||M|||50|]Tyranitar||LifeOrb|SandStream|RockSlide,KnockOff,Protect,LowKick|Adamant||M|||50|]Sinistcha||ColburBerry|Hospitality|MatchaGotcha,TrickRoom,RagePowder,ShadowBall|Quiet|||||50|
|showteam|p2|Charizard||CharizarditeY|Blaze|Protect,HeatWave,WeatherBall,SolarBeam|Modest||M|||50|]Garchomp||LifeOrb|RoughSkin|Protect,Earthquake,RockSlide,DragonClaw|Jolly||F|||50|]Aegislash||Leftovers|StanceChange|KingsShield,ShadowSneak,SacredSword,SwordsDance|Adamant||F|||50|]Aerodactyl||Aerodactylite|Unnerve|WideGuard,Tailwind,DualWingbeat,RockSlide|Jolly||F|||50|]Sylveon||FairyFeather|Pixilate|Detect,HyperVoice,QuickAttack,HyperBeam|Modest||M|||50|]Farigiraf||SitrusBerry|ArmorTail|Protect,Thunderbolt,TwinBeam,TrickRoom|Bold||M|||50|
|
|t:|1784172658
|teamsize|p1|4
|teamsize|p2|4
|start
|switch|p1a: Scrafty|Scrafty, L50, M|100/100
|switch|p1b: Farigiraf|Farigiraf, L50, F|100/100
|switch|p2a: Sylveon|Sylveon, L50, M|100/100
|switch|p2b: Aerodactyl|Aerodactyl, L50, F|100/100
|-ability|p2b: Aerodactyl|Unnerve
|-ability|p1a: Scrafty|Intimidate|boost
|-unboost|p2a: Sylveon|atk|1
|-unboost|p2b: Aerodactyl|atk|1
|turn|1
|inactive|Battle timer is ON: inactive players will automatically lose when time's up. (requested by Charizard0420)
|
|t:|1784172683
|detailschange|p2b: Aerodactyl|Aerodactyl-Mega, L50, F
|-mega|p2b: Aerodactyl|Aerodactyl|Aerodactylite
|move|p1a: Scrafty|Fake Out|p2a: Sylveon
|-damage|p2a: Sylveon|90/100
|move|p2b: Aerodactyl|Rock Slide|p1b: Farigiraf|[spread] p1a,p1b
|-resisted|p1a: Scrafty|1
|-crit|p1b: Farigiraf
|-damage|p1a: Scrafty|93/100
|-damage|p1b: Farigiraf|58/100
|cant|p2a: Sylveon|flinch
|move|p1b: Farigiraf|Trick Room|p1b: Farigiraf
|-fieldstart|move: Trick Room|[of] p1b: Farigiraf
|
|upkeep
|turn|2
|
|t:|1784172706
|switch|p1a: Golurk|Golurk, L50, shiny|100/100
|switch|p2b: Aegislash|Aegislash, L50, F|100/100
|move|p1b: Farigiraf|Thunderbolt|p2b: Aegislash
|-damage|p2b: Aegislash|76/100
|move|p2a: Sylveon|Hyper Voice|p1b: Farigiraf|[spread] p1a,p1b
|-damage|p1a: Golurk|51/100
|-damage|p1b: Farigiraf|16/100
|-enditem|p1b: Farigiraf|Sitrus Berry|[eat]
|-heal|p1b: Farigiraf|40/100|[from] item: Sitrus Berry
|
|-heal|p2b: Aegislash|82/100|[from] item: Leftovers
|upkeep
|turn|3
|
|t:|1784172728
|detailschange|p1a: Golurk|Golurk-Mega, L50, shiny
|-mega|p1a: Golurk|Golurk|Golurkite
|move|p1b: Farigiraf|Helping Hand|p1a: Golurk
|-singleturn|p1a: Golurk|Helping Hand|[of] p1b: Farigiraf
|-formechange|p2b: Aegislash|Aegislash-Blade|
|move|p2b: Aegislash|Shadow Sneak||[still]
|cant|p1b: Farigiraf|ability: Armor Tail|Shadow Sneak|[of] p2b: Aegislash
|move|p1a: Golurk|Poltergeist|p2a: Sylveon
|-activate|p2a: Sylveon|move: Poltergeist|Fairy Feather
|-damage|p2a: Sylveon|0 fnt
|faint|p2a: Sylveon
|
|-heal|p2b: Aegislash|88/100|[from] item: Leftovers
|upkeep
|
|t:|1784172749
|switch|p2a: Garchomp|Garchomp, L50, F|100/100
|turn|4
|
|t:|1784172767
|switch|p1b: Scrafty|Scrafty, L50, M|93/100
|-ability|p1b: Scrafty|Intimidate|boost
|-unboost|p2a: Garchomp|atk|1
|-unboost|p2b: Aegislash|atk|1
|-formechange|p2b: Aegislash|Aegislash|
|move|p2b: Aegislash|King's Shield|p2b: Aegislash
|-singleturn|p2b: Aegislash|Protect
|move|p1a: Golurk|Poltergeist|p2a: Garchomp
|-activate|p2a: Garchomp|move: Poltergeist|Life Orb
|-damage|p2a: Garchomp|37/100
|move|p2a: Garchomp|Earthquake|p1b: Scrafty|[spread] p1a,p1b
|-activate|p2b: Aegislash|move: Protect
|-damage|p1a: Golurk|22/100
|-damage|p1b: Scrafty|65/100
|-damage|p2a: Garchomp|27/100|[from] item: Life Orb
|
|-heal|p2b: Aegislash|94/100|[from] item: Leftovers
|upkeep
|turn|5
|inactive|robinrambles has 30 seconds left.
|
|t:|1784172800
|switch|p2a: Aerodactyl|Aerodactyl-Mega, L50, F|100/100
|move|p1a: Golurk|Protect|p1a: Golurk
|-singleturn|p1a: Golurk|Protect
|move|p1b: Scrafty|Throat Chop|p2b: Aegislash
|-supereffective|p2b: Aegislash|1
|-damage|p2b: Aegislash|46/100
|-start|p2b: Aegislash|Throat Chop|[silent]
|move|p2b: Aegislash|Swords Dance|p2b: Aegislash
|-boost|p2b: Aegislash|atk|2
|
|-heal|p2b: Aegislash|52/100|[from] item: Leftovers
|-fieldend|move: Trick Room
|upkeep
|turn|6
|
|t:|1784172825
|switch|p1b: Tyranitar|Tyranitar, L50, M|100/100
|-weather|Sandstorm|[from] ability: Sand Stream|[of] p1b: Tyranitar
|move|p2a: Aerodactyl|Rock Slide|p1b: Tyranitar|[spread] p1a
|-miss|p2a: Aerodactyl|p1b: Tyranitar
|-resisted|p1a: Golurk|1
|-damage|p1a: Golurk|12/100
|-formechange|p2b: Aegislash|Aegislash-Blade|
|move|p2b: Aegislash|Sacred Sword|p1b: Tyranitar
|-supereffective|p1b: Tyranitar|2
|-damage|p1b: Tyranitar|0 fnt
|faint|p1b: Tyranitar
|move|p1a: Golurk|Rock Slide|p2a: Aerodactyl|[spread] p2a,p2b
|-supereffective|p2a: Aerodactyl|1
|-resisted|p2b: Aegislash|1
|-damage|p2a: Aerodactyl|48/100
|-damage|p2b: Aegislash|31/100
|
|-weather|Sandstorm|[upkeep]
|-heal|p2b: Aegislash|37/100|[from] item: Leftovers
|-end|p2b: Aegislash|Throat Chop|[silent]
|upkeep
|
|t:|1784172848
|switch|p1b: Scrafty|Scrafty, L50, M|65/100
|-ability|p1b: Scrafty|Intimidate|boost
|-unboost|p2a: Aerodactyl|atk|1
|-unboost|p2b: Aegislash|atk|1
|turn|7
|
|t:|1784172865
|switch|p1b: Farigiraf|Farigiraf, L50, F|40/100
|-formechange|p2b: Aegislash|Aegislash|
|move|p2b: Aegislash|King's Shield|p2b: Aegislash
|-singleturn|p2b: Aegislash|Protect
|move|p2a: Aerodactyl|Rock Slide|p1b: Farigiraf|[spread] p1a,p1b
|-resisted|p1a: Golurk|1
|-damage|p1a: Golurk|5/100
|-damage|p1b: Farigiraf|22/100
|move|p1a: Golurk|Rock Slide|p2a: Aerodactyl|[spread] p2a
|-activate|p2b: Aegislash|move: Protect
|-supereffective|p2a: Aerodactyl|1
|-damage|p2a: Aerodactyl|0 fnt
|faint|p2a: Aerodactyl
|
|-weather|Sandstorm|[upkeep]
|-damage|p1b: Farigiraf|16/100|[from] Sandstorm
|-heal|p2b: Aegislash|43/100|[from] item: Leftovers
|upkeep
|
|t:|1784172881
|switch|p2a: Garchomp|Garchomp, L50, F|27/100
|turn|8
|
|t:|1784172903
|switch|p1b: Scrafty|Scrafty, L50, M|65/100
|-ability|p1b: Scrafty|Intimidate|boost
|-unboost|p2a: Garchomp|atk|1
|-unboost|p2b: Aegislash|atk|1
|move|p1a: Golurk|Protect|p1a: Golurk
|-singleturn|p1a: Golurk|Protect
|move|p2a: Garchomp|Rock Slide|p1a: Golurk|[spread] p1b
|-activate|p1a: Golurk|move: Protect
|-resisted|p1b: Scrafty|1
|-damage|p1b: Scrafty|59/100
|-damage|p2a: Garchomp|17/100|[from] item: Life Orb
|move|p2b: Aegislash|Swords Dance|p2b: Aegislash
|-boost|p2b: Aegislash|atk|2
|
|-weather|Sandstorm|[upkeep]
|-damage|p1b: Scrafty|53/100|[from] Sandstorm
|-heal|p2b: Aegislash|49/100|[from] item: Leftovers
|upkeep
|turn|9
|
|t:|1784172926
|move|p2b: Aegislash|King's Shield|p2b: Aegislash
|-singleturn|p2b: Aegislash|Protect
|move|p1b: Scrafty|Fake Out|p2a: Garchomp
|-damage|p2a: Garchomp|8/100
|-damage|p1b: Scrafty|41/100|[from] ability: Rough Skin|[of] p2a: Garchomp
|cant|p2a: Garchomp|flinch
|move|p1a: Golurk|Poltergeist|p2b: Aegislash
|-activate|p2b: Aegislash|move: Protect
|
|-weather|Sandstorm|[upkeep]
|-damage|p1b: Scrafty|35/100|[from] Sandstorm
|-heal|p2b: Aegislash|55/100|[from] item: Leftovers
|upkeep
|turn|10
|inactive|Charizard0420 has 30 seconds left.
|
|t:|1784172959
|move|p1a: Golurk|Protect|p1a: Golurk
|-singleturn|p1a: Golurk|Protect
|-formechange|p2b: Aegislash|Aegislash-Blade|
|move|p2b: Aegislash|Shadow Sneak|p1a: Golurk
|-activate|p1a: Golurk|move: Protect
|move|p2a: Garchomp|Dragon Claw|p1b: Scrafty
|-crit|p1b: Scrafty
|-damage|p1b: Scrafty|0 fnt
|faint|p1b: Scrafty
|-damage|p2a: Garchomp|0 fnt|[from] item: Life Orb
|faint|p2a: Garchomp
|
|-weather|none
|-heal|p2b: Aegislash|61/100|[from] item: Leftovers
|upkeep
|
|t:|1784172971
|switch|p1b: Farigiraf|Farigiraf, L50, F|16/100
|turn|11
|
|t:|1784172981
|move|p2b: Aegislash|Sacred Sword|p1a: Golurk
|-immune|p1a: Golurk
|move|p1a: Golurk|Headlong Rush|p2b: Aegislash
|-supereffective|p2b: Aegislash|1
|-damage|p2b: Aegislash|0 fnt
|-unboost|p1a: Golurk|def|1
|-unboost|p1a: Golurk|spd|1
|faint|p2b: Aegislash
|
|win|robinrambles
|raw|robinrambles's rating: 1118 → 1147(+29 for winning)
|raw|Charizard0420's rating: 1179 → 1150(-29 for losing)
|l|☆Charizard0420
|player|p2|
