|j|☆lolgz
|j|☆marcosdeltasena31
|html|lolgzmarcosdeltasena31    
|uhtml|bestof|Game 2 of a best-of-3
|t:|1782519603
|gametype|doubles
|player|p1|lolgz|dawn|1264
|player|p2|marcosdeltasena31|hilbert|1361
|gen|9
|tier|[Gen 9 Champions] VGC 2026 Reg M-B (Bo3)
|rated|
|rule|Species Clause: Limit one of each Pokémon
|rule|Item Clause: Limit 1 of each item
|clearpoke
|poke|p1|Torkoal, L50, M|
|poke|p1|Vileplume, L50, F|
|poke|p1|Farigiraf, L50, M|
|poke|p1|Scrafty, L50, M|
|poke|p1|Gallade, L50, M|
|poke|p1|Mawile, L50, F|
|poke|p2|Charizard, L50, M, shiny|
|poke|p2|Floette-Eternal, L50, F|
|poke|p2|Whimsicott, L50, F|
|poke|p2|Garchomp, L50, M|
|poke|p2|Basculegion, L50, M|
|poke|p2|Kingambit, L50, F|
|teampreview|4
|showteam|p1|Torkoal||Charcoal|Drought|Eruption,WeatherBall,EarthPower,Protect|Quiet||M|||50|]Vileplume||FocusSash|Chlorophyll|EnergyBall,SludgeBomb,SleepPowder,AfterYou|Timid||F|||50|]Farigiraf||SitrusBerry|ArmorTail|TrickRoom,Thunderbolt,Psychic,HelpingHand|Relaxed||M|||50|]Scrafty||Scraftinite|Intimidate|FakeOut,CloseCombat,KnockOff,RockTomb|Brave||M|||50|]Gallade||IronBall|Sharpness|SacredSword,PsychoCut,WideGuard,TrickRoom|Brave||M|||50|]Mawile||Mawilite|HyperCutter|SuckerPunch,PlayRough,SwordsDance,Protect|Brave||F|||50|
|showteam|p2|Charizard||CharizarditeY|Blaze|HeatWave,WeatherBall,SolarBeam,Protect|Modest||M|||50|]Floette-Eternal||Floettite|FlowerVeil|Moonblast,DazzlingGleam,LightofRuin,Protect|Modest||F|||50|]Whimsicott||FocusSash|Prankster|Moonblast,Tailwind,Encore,Protect|Timid||F|||50|]Garchomp||LifeOrb|RoughSkin|RockSlide,DragonClaw,Earthquake,Protect|Jolly||M|||50|]Basculegion||MysticWater|Adaptability|WaveCrash,LastRespects,AquaJet,Protect|Adamant||M|||50|]Kingambit||ChopleBerry|Defiant|KowtowCleave,LowKick,SuckerPunch,Protect|Adamant||F|||50|
|inactive|Battle timer is ON: inactive players will automatically lose when time's up. (requested by lolgz)
|
|t:|1782519620
|teamsize|p1|4
|teamsize|p2|4
|start
|switch|p1a: Farigiraf|Farigiraf, L50, M|100/100
|switch|p1b: Scrafty|Scrafty, L50, M|100/100
|switch|p2a: Charizard|Charizard, L50, M, shiny|100/100
|switch|p2b: Garchomp|Garchomp, L50, M|100/100
|-ability|p1b: Scrafty|Intimidate|boost
|-unboost|p2a: Charizard|atk|1
|-unboost|p2b: Garchomp|atk|1
|turn|1
|
|t:|1782519630
|switch|p2b: Basculegion|Basculegion, L50, M|100/100
|switch|p2a: Kingambit|Kingambit, L50, F|100/100
|detailschange|p1b: Scrafty|Scrafty-Mega, L50, M
|-mega|p1b: Scrafty|Scrafty|Scraftinite
|-ability|p1b: Scrafty|Intimidate|boost
|-unboost|p2a: Kingambit|atk|1
|-ability|p2a: Kingambit|Defiant|boost
|-boost|p2a: Kingambit|atk|2
|-unboost|p2b: Basculegion|atk|1
|move|p1b: Scrafty|Fake Out|p2a: Kingambit
|-resisted|p2a: Kingambit|1
|-damage|p2a: Kingambit|94/100
|move|p1a: Farigiraf|Trick Room|p1a: Farigiraf
|-fieldstart|move: Trick Room|[of] p1a: Farigiraf
|
|upkeep
|turn|2
|
|t:|1782519648
|move|p2a: Kingambit|Protect|p2a: Kingambit
|-singleturn|p2a: Kingambit|Protect
|move|p1a: Farigiraf|Psychic|p2b: Basculegion
|-damage|p2b: Basculegion|58/100
|move|p1b: Scrafty|Close Combat|p2a: Kingambit
|-activate|p2a: Kingambit|move: Protect
|move|p2b: Basculegion|Wave Crash|p1b: Scrafty
|-damage|p1b: Scrafty|45/100
|-damage|p2b: Basculegion|42/100|[from] Recoil
|
|upkeep
|turn|3
|
|t:|1782519660
|switch|p2b: Garchomp|Garchomp, L50, M|100/100
|move|p2a: Kingambit|Low Kick|p1b: Scrafty
|-supereffective|p1b: Scrafty|1
|-damage|p1b: Scrafty|0 fnt
|faint|p1b: Scrafty
|move|p1a: Farigiraf|Psychic|p2b: Garchomp
|-damage|p2b: Garchomp|65/100
|
|upkeep
|
|t:|1782519663
|switch|p1b: Torkoal|Torkoal, L50, M|100/100
|-weather|SunnyDay|[from] ability: Drought|[of] p1b: Torkoal
|turn|4
|
|t:|1782519678
|move|p2a: Kingambit|Protect|p2a: Kingambit
|-singleturn|p2a: Kingambit|Protect
|move|p1b: Torkoal|Eruption|p2b: Garchomp|[spread] p2b
|-activate|p2a: Kingambit|move: Protect
|-resisted|p2b: Garchomp|1
|-damage|p2b: Garchomp|17/100
|move|p1a: Farigiraf|Psychic|p2b: Garchomp
|-damage|p2b: Garchomp|0 fnt
|faint|p2b: Garchomp
|
|-weather|SunnyDay|[upkeep]
|upkeep
|
|t:|1782519688
|switch|p2b: Charizard|Charizard, L50, M, shiny|100/100
|turn|5
|
|t:|1782519691
|switch|p2a: Basculegion|Basculegion, L50, M|42/100
|move|p2b: Charizard|Protect|p2b: Charizard
|-singleturn|p2b: Charizard|Protect
|move|p1b: Torkoal|Eruption|p2a: Basculegion|[spread] p2a
|-activate|p2b: Charizard|move: Protect
|-resisted|p2a: Basculegion|1
|-damage|p2a: Basculegion|0 fnt
|faint|p2a: Basculegion
|move|p1a: Farigiraf|Thunderbolt|p2b: Charizard
|-activate|p2b: Charizard|move: Protect
|
|-weather|SunnyDay|[upkeep]
|-fieldend|move: Trick Room
|upkeep
|
|t:|1782519694
|switch|p2a: Kingambit|Kingambit, L50, F|94/100
|turn|6
|
|t:|1782519700
|switch|p1a: Gallade|Gallade, L50, M|100/100
|detailschange|p2b: Charizard|Charizard-Mega-Y, L50, M, shiny
|-mega|p2b: Charizard|Charizard|Charizardite Y
|move|p2b: Charizard|Heat Wave|p1a: Gallade|[spread] p1b
|-miss|p2b: Charizard|p1a: Gallade
|-resisted|p1b: Torkoal|1
|-crit|p1b: Torkoal
|-damage|p1b: Torkoal|37/100
|move|p2a: Kingambit|Kowtow Cleave|p1a: Gallade
|-damage|p1a: Gallade|24/100
|move|p1b: Torkoal|Weather Ball|p2a: Kingambit
|-supereffective|p2a: Kingambit|1
|-damage|p2a: Kingambit|0 fnt
|faint|p2a: Kingambit
|
|-weather|SunnyDay|[upkeep]
|upkeep
|turn|7
|
|t:|1782519716
|move|p1a: Gallade|Wide Guard|p1a: Gallade
|-singleturn|p1a: Gallade|Wide Guard
|move|p2b: Charizard|Weather Ball|p1a: Gallade
|-damage|p1a: Gallade|0 fnt
|faint|p1a: Gallade
|move|p1b: Torkoal|Weather Ball|p2b: Charizard
|-resisted|p2b: Charizard|1
|-damage|p2b: Charizard|64/100
|
|-weather|SunnyDay|[upkeep]
|upkeep
|
|t:|1782519721
|switch|p1a: Farigiraf|Farigiraf, L50, M|100/100
|turn|8
|
|t:|1782519724
|move|p2b: Charizard|Heat Wave|p1b: Torkoal|[spread] p1a,p1b
|-resisted|p1b: Torkoal|1
|-damage|p1a: Farigiraf|36/100
|-damage|p1b: Torkoal|0 fnt
|-enditem|p1a: Farigiraf|Sitrus Berry|[eat]
|-heal|p1a: Farigiraf|60/100|[from] item: Sitrus Berry
|faint|p1b: Torkoal
|move|p1a: Farigiraf|Trick Room|p1a: Farigiraf
|-fieldstart|move: Trick Room|[of] p1a: Farigiraf
|
|-weather|none
|upkeep
|turn|9
|
|t:|1782519731
|move|p2b: Charizard|Protect|p2b: Charizard
|-singleturn|p2b: Charizard|Protect
|move|p1a: Farigiraf|Thunderbolt|p2b: Charizard
|-activate|p2b: Charizard|move: Protect
|
|upkeep
|turn|10
|
|t:|1782519736
|move|p2b: Charizard|Protect||[still]
|-fail|p2b: Charizard
|move|p1a: Farigiraf|Thunderbolt|p2b: Charizard
|-supereffective|p2b: Charizard|1
|-damage|p2b: Charizard|24/100
|
|upkeep
|turn|11
|
|t:|1782519740
|move|p2b: Charizard|Protect|p2b: Charizard
|-singleturn|p2b: Charizard|Protect
|move|p1a: Farigiraf|Thunderbolt|p2b: Charizard
|-activate|p2b: Charizard|move: Protect
|
|upkeep
|turn|12
|
|t:|1782519742
|move|p2b: Charizard|Protect||[still]
|-fail|p2b: Charizard
|move|p1a: Farigiraf|Thunderbolt|p2b: Charizard
|-supereffective|p2b: Charizard|1
|-damage|p2b: Charizard|0 fnt
|faint|p2b: Charizard
|
|win|lolgz
