|j|â˜†BUFF MIRA
|j|â˜†ShadowOfAMan
|html|BUFF MIRAShadowOfAMan    
|uhtml|bestof|Game 1 of a best-of-3
|t:|1756218263
|gametype|doubles
|player|p1|BUFF MIRA|benga|
|player|p2|ShadowOfAMan|elio-usum|
|gen|9
|tier|[Gen 9] VGC 2025 Reg H (Bo3)
|rule|Species Clause: Limit one of each PokÃ©mon
|rule|Item Clause: Limit 1 of each item
|clearpoke
|poke|p1|Kingambit, L50, F|
|poke|p1|Basculegion, L50, M|
|poke|p1|Rillaboom, L50, F|
|poke|p1|Sneasler, L50, M|
|poke|p1|Ninetales-Alola, L50, M|
|poke|p1|Magmar, L50, F|
|poke|p2|Politoed, L50, M|
|poke|p2|Gothitelle, L50, M|
|poke|p2|Archaludon, L50, M|
|poke|p2|Incineroar, L50, M|
|poke|p2|Amoonguss, L50, F|
|poke|p2|Kingdra, L50, M|
|teampreview|4
|showteam|p1|Kingambit||BlackGlasses|Defiant|Protect,KowtowCleave,SuckerPunch,SwordsDance|||F|||50|,,,,,Fire]Basculegion||ChoiceScarf|Adaptability|WaveCrash,LastRespects,TeraBlast,FlipTurn|||M|||50|,,,,,Fighting]Rillaboom||AssaultVest|GrassySurge|WoodHammer,GrassyGlide,Uturn,FakeOut|||F|||50|,,,,,Ghost]Sneasler||FocusSash|Unburden|Protect,DireClaw,CloseCombat,FakeOut|||M|||50|,,,,,Stellar]Ninetales-Alola||NeverMeltIce|SnowWarning|Protect,Blizzard,FreezeDry,Encore|||M|||50|,,,,,Ghost]Magmar||Eviolite|VitalSpirit|Protect,HeatWave,Taunt,FollowMe|||F|||50|,,,,,Ghost
|showteam|p2|Politoed||Leftovers|Drizzle|WeatherBall,Encore,PerishSong,Protect|||M|||50|,,,,,Grass]Gothitelle||SitrusBerry|ShadowTag|FakeOut,Psychic,TrickRoom,Protect|||M|||50|,,,,,Water]Archaludon||PowerHerb|Sturdy|ElectroShot,DragonPulse,FlashCannon,Protect|||M|||50|,,,,,Electric]Incineroar||SafetyGoggles|Intimidate|FakeOut,PartingShot,KnockOff,Protect|||M|||50|,,,,,Ghost]Amoonguss||EjectButton|Regenerator|PollenPuff,Spore,RagePowder,Protect|||F|||50|,,,,,Fairy]Kingdra||LifeOrb|SwiftSwim|MuddyWater,WeatherBall,DracoMeteor,Protect|||M|||50|,,,,,Stellar
|inactive|Battle timer is ON: inactive players will automatically lose when time's up. (requested by BUFF MIRA)
|c|â˜†ShadowOfAMan|glhf
|c|â˜†BUFF MIRA|buena suerte
|inactive|BUFF MIRA has 60 seconds left.
|inactive|ShadowOfAMan has 60 seconds left.
|inactive|ShadowOfAMan has 30 seconds left.
|inactive|ShadowOfAMan has 20 seconds left.
|inactive|ShadowOfAMan has 15 seconds left.
|inactive|ShadowOfAMan has 10 seconds left.
|
|t:|1756218350
|teamsize|p1|4
|teamsize|p2|4
|start
|switch|p1a: Basculegion|Basculegion, L50, M|100/100
|switch|p1b: Magmar|Magmar, L50, F|100/100
|switch|p2a: Gothitelle|Gothitelle, L50, M|100/100
|switch|p2b: Kingdra|Kingdra, L50, M|100/100
|turn|1
|inactive|BUFF MIRA has 30 seconds left.
|inactive|ShadowOfAMan has 30 seconds left.
|inactive|BUFF MIRA has 20 seconds left.
|inactive|ShadowOfAMan has 20 seconds left.
|inactive|BUFF MIRA has 15 seconds left.
|inactive|ShadowOfAMan has 15 seconds left.
|inactive|BUFF MIRA has 10 seconds left.
|
|t:|1756218397
|switch|p2a: Politoed|Politoed, L50, M|100/100
|-weather|RainDance|[from] ability: Drizzle|[of] p2a: Politoed
|-terastallize|p2b: Kingdra|Stellar
|move|p1b: Magmar|Protect|p1b: Magmar
|-singleturn|p1b: Magmar|Protect
|move|p2b: Kingdra|Weather Ball|p1b: Magmar
|-activate|p1b: Magmar|move: Protect
|move|p1a: Basculegion|Flip Turn|p2a: Politoed
|-resisted|p2a: Politoed
|-damage|p2a: Politoed|67/100
|
|t:|1756218411
|switch|p1a: Rillaboom|Rillaboom, L50, F|100/100|[from] Flip Turn
|-fieldstart|move: Grassy Terrain|[from] ability: Grassy Surge|[of] p1a: Rillaboom
|
|-weather|RainDance|[upkeep]
|-heal|p2a: Politoed|73/100|[from] Grassy Terrain
|-heal|p2a: Politoed|79/100|[from] item: Leftovers
|upkeep
|turn|2
|inactive|ShadowOfAMan has 30 seconds left.
|inactive|ShadowOfAMan has 20 seconds left.
|inactive|ShadowOfAMan has 15 seconds left.
|inactive|ShadowOfAMan has 10 seconds left.
|inactive|ShadowOfAMan has 5 seconds left.
|
|t:|1756218466
|switch|p1b: Basculegion|Basculegion, L50, M|100/100
|switch|p2a: Archaludon|Archaludon, L50, M|100/100
|move|p1a: Rillaboom|Fake Out|p2b: Kingdra
|-damage|p2b: Kingdra|83/100
|cant|p2b: Kingdra|flinch
|
|-weather|RainDance|[upkeep]
|-heal|p2b: Kingdra|89/100|[from] Grassy Terrain
|upkeep
|turn|3
|inactive|BUFF MIRA has 30 seconds left.
|inactive|ShadowOfAMan has 30 seconds left.
|inactive|BUFF MIRA has 20 seconds left.
|
|t:|1756218502
|switch|p1a: Ninetales|Ninetales-Alola, L50, M|100/100
|-weather|Snowscape|[from] ability: Snow Warning|[of] p1a: Ninetales
|move|p1b: Basculegion|Flip Turn|p2b: Kingdra
|-resisted|p2b: Kingdra
|-damage|p2b: Kingdra|75/100
|
|t:|1756218511
|switch|p1b: Rillaboom|Rillaboom, L50, F|100/100|[from] Flip Turn
|move|p2a: Archaludon|Electro Shot||[still]
|-prepare|p2a: Archaludon|Electro Shot
|-boost|p2a: Archaludon|spa|1
|-enditem|p2a: Archaludon|Power Herb
|-anim|p2a: Archaludon|Electro Shot|p1b: Rillaboom
|-resisted|p1b: Rillaboom
|-damage|p1b: Rillaboom|77/100
|move|p2b: Kingdra|Draco Meteor|p1b: Rillaboom
|-damage|p1b: Rillaboom|0 fnt
|-unboost|p2b: Kingdra|spa|2
|faint|p1b: Rillaboom
|-damage|p2b: Kingdra|65/100|[from] item: Life Orb
|
|-weather|Snowscape|[upkeep]
|-heal|p2b: Kingdra|71/100|[from] Grassy Terrain
|upkeep
|
|t:|1756218527
|switch|p1b: Basculegion|Basculegion, L50, M|100/100
|turn|4
|inactive|ShadowOfAMan has 30 seconds left.
|inactive|ShadowOfAMan has 20 seconds left.
|inactive|ShadowOfAMan has 15 seconds left.
|
|t:|1756218572
|switch|p2b: Politoed|Politoed, L50, M|79/100
|-weather|RainDance|[from] ability: Drizzle|[of] p2b: Politoed
|-terastallize|p1b: Basculegion|Fighting
|move|p1b: Basculegion|Tera Blast|p2a: Archaludon|[anim] Tera Blast Fighting
|-supereffective|p2a: Archaludon
|-ability|p2a: Archaludon|Sturdy
|-damage|p2a: Archaludon|1/100
|move|p1a: Ninetales|Freeze-Dry|p2a: Archaludon
|-damage|p2a: Archaludon|0 fnt
|faint|p2a: Archaludon
|
|-weather|RainDance|[upkeep]
|-heal|p2b: Politoed|85/100|[from] Grassy Terrain
|-heal|p2b: Politoed|91/100|[from] item: Leftovers
|upkeep
|
|t:|1756218581
|switch|p2a: Gothitelle|Gothitelle, L50, M|100/100
|turn|5
|inactive|ShadowOfAMan has 30 seconds left.
|inactive|ShadowOfAMan has 20 seconds left.
|inactive|ShadowOfAMan has 15 seconds left.
|
|t:|1756218625
|move|p2a: Gothitelle|Fake Out|p1a: Ninetales
|-damage|p1a: Ninetales|93/100
|move|p1b: Basculegion|Tera Blast|p2b: Politoed|[anim] Tera Blast Fighting
|-damage|p2b: Politoed|37/100
|cant|p1a: Ninetales|flinch
|move|p2b: Politoed|Perish Song|p2b: Politoed
|-start|p1a: Ninetales|perish3|[silent]
|-start|p1b: Basculegion|perish3|[silent]
|-start|p2a: Gothitelle|perish3|[silent]
|-start|p2b: Politoed|perish3|[silent]
|-fieldactivate|move: Perish Song
|
|-weather|RainDance|[upkeep]
|-heal|p1a: Ninetales|99/100|[from] Grassy Terrain
|-heal|p2b: Politoed|43/100|[from] Grassy Terrain
|-heal|p2b: Politoed|49/100|[from] item: Leftovers
|-start|p1b: Basculegion|perish3
|-start|p1a: Ninetales|perish3
|-start|p2b: Politoed|perish3
|-start|p2a: Gothitelle|perish3
|-fieldend|move: Grassy Terrain
|upkeep
|turn|6
|inactive|BUFF MIRA has 30 seconds left.
|
|t:|1756218651
|move|p2b: Politoed|Protect|p2b: Politoed
|-singleturn|p2b: Politoed|Protect
|move|p2a: Gothitelle|Protect|p2a: Gothitelle
|-singleturn|p2a: Gothitelle|Protect
|move|p1b: Basculegion|Tera Blast|p2a: Gothitelle|[anim] Tera Blast Fighting
|-activate|p2a: Gothitelle|move: Protect
|move|p1a: Ninetales|Freeze-Dry|p2b: Politoed
|-activate|p2b: Politoed|move: Protect
|
|-weather|RainDance|[upkeep]
|-heal|p2b: Politoed|55/100|[from] item: Leftovers
|-start|p1b: Basculegion|perish2
|-start|p1a: Ninetales|perish2
|-start|p2b: Politoed|perish2
|-start|p2a: Gothitelle|perish2
|upkeep
|turn|7
|inactive|BUFF MIRA has 30 seconds left.
|inactive|ShadowOfAMan has 30 seconds left.
|inactive|ShadowOfAMan has 20 seconds left.
|inactive|ShadowOfAMan has 15 seconds left.
|
|t:|1756218695
|switch|p2a: Kingdra|Kingdra, L50, M, tera:Stellar|71/100
|move|p1b: Basculegion|Tera Blast|p2b: Politoed|[anim] Tera Blast Fighting
|-damage|p2b: Politoed|0 fnt
|faint|p2b: Politoed
|move|p1a: Ninetales|Freeze-Dry|p2a: Kingdra
|-supereffective|p2a: Kingdra
|-damage|p2a: Kingdra|0 fnt
|faint|p2a: Kingdra
|
|-weather|RainDance|[upkeep]
|-start|p1b: Basculegion|perish1
|-start|p1a: Ninetales|perish1
|upkeep
|
|t:|1756218703
|switch|p2b: Gothitelle|Gothitelle, L50, M|100/100
|turn|8
|
|t:|1756218710
|move|p2b: Gothitelle|Protect|p2b: Gothitelle
|-singleturn|p2b: Gothitelle|Protect
|move|p1b: Basculegion|Tera Blast|p2b: Gothitelle|[anim] Tera Blast Fighting
|-activate|p2b: Gothitelle|move: Protect
|move|p1a: Ninetales|Freeze-Dry|p2b: Gothitelle
|-activate|p2b: Gothitelle|move: Protect
|
|-weather|none
|-start|p1b: Basculegion|perish0
|-start|p1a: Ninetales|perish0
|faint|p1b: Basculegion
|faint|p1a: Ninetales
|upkeep
|
|t:|1756218716
|switch|p1b: Magmar|Magmar, L50, F|100/100
|turn|9
|
|t:|1756218727
|move|p1b: Magmar|Heat Wave|p2b: Gothitelle
|-damage|p2b: Gothitelle|75/100
|move|p2b: Gothitelle|Psychic|p1b: Magmar
|-damage|p1b: Magmar|78/100
|
|upkeep
|turn|10
|
|t:|1756218734
|move|p1b: Magmar|Heat Wave|p2b: Gothitelle
|-damage|p2b: Gothitelle|50/100
|-enditem|p2b: Gothitelle|Sitrus Berry|[eat]
|-heal|p2b: Gothitelle|75/100|[from] item: Sitrus Berry
|move|p2b: Gothitelle|Trick Room|p2b: Gothitelle
|-fieldstart|move: Trick Room|[of] p2b: Gothitelle
|
|upkeep
|turn|11
|
|t:|1756218740
|move|p2b: Gothitelle|Psychic|p1b: Magmar
|-damage|p1b: Magmar|55/100
|move|p1b: Magmar|Heat Wave|p2b: Gothitelle
|-damage|p2b: Gothitelle|52/100
|
|upkeep
|turn|12
|
|t:|1756218746
|move|p1b: Magmar|Protect|p1b: Magmar
|-singleturn|p1b: Magmar|Protect
|move|p2b: Gothitelle|Psychic|p1b: Magmar
|-activate|p1b: Magmar|move: Protect
|
|upkeep
|turn|13
|
|t:|1756218750
|move|p2b: Gothitelle|Psychic|p1b: Magmar
|-damage|p1b: Magmar|30/100
|-unboost|p1b: Magmar|spd|1
|move|p1b: Magmar|Heat Wave|p2b: Gothitelle
|-damage|p2b: Gothitelle|28/100
|
|upkeep
|turn|14
|
|t:|1756218760
|move|p1b: Magmar|Protect|p1b: Magmar
|-singleturn|p1b: Magmar|Protect
|move|p2b: Gothitelle|Psychic|p1b: Magmar
|-activate|p1b: Magmar|move: Protect
|
|-fieldend|move: Trick Room
|upkeep
|turn|15
|
|t:|1756218771
|move|p1b: Magmar|Heat Wave|p2b: Gothitelle
|-damage|p2b: Gothitelle|4/100
|move|p2b: Gothitelle|Psychic|p1b: Magmar
|-damage|p1b: Magmar|0 fnt
|faint|p1b: Magmar
|
|win|ShadowOfAMan
|c|â˜†BUFF MIRA|gg
||ShadowOfAMan is ready for game 2.
|inactive|BUFF MIRA has 30 seconds to confirm battle start!
||BUFF MIRA is ready for game 2.
|uhtml|next|Next: Game 2 of 3
