|j|☆manikman
|j|☆lolgz
|html|manikmanlolgz    
|uhtml|bestof|Game 1 of a best-of-3
|t:|1784834293
|gametype|doubles
|player|p1|manikman|steven|1169
|player|p2|lolgz|dawn|1145
|gen|9
|tier|[Gen 9 Champions] VGC 2026 Reg M-B (Bo3)
|rated|
|rule|Species Clause: Limit one of each Pokémon
|rule|Item Clause: Limit 1 of each item
|clearpoke
|poke|p1|Scolipede, L50, M|
|poke|p1|Raichu, L50, M|
|poke|p1|Sinistcha, L50|
|poke|p1|Weavile, L50, M|
|poke|p1|Ceruledge, L50, F|
|poke|p1|Milotic, L50, F|
|poke|p2|Blastoise, L50, M|
|poke|p2|Vivillon, L50, F|
|poke|p2|Farigiraf, L50, F|
|poke|p2|Gallade, L50, M|
|poke|p2|Kingambit, L50, M|
|poke|p2|Camerupt, L50, F|
|teampreview|4
|showteam|p1|Scolipede||Scolipite|SpeedBoost|LeechLife,PoisonJab,SwordsDance,Protect|Jolly||M|||50|]Raichu||RaichuniteY|LightningRod|ZapCannon,FocusBlast,Protect,FakeOut|Timid||M|||50|]Sinistcha||KasibBerry|Hospitality|MatchaGotcha,LifeDew,Protect,RagePowder|Relaxed|||||50|]Weavile||FocusSash|Pickpocket|KnockOff,TripleAxel,LowKick,FakeOut|Jolly||M|||50|]Ceruledge||ColburBerry|FlashFire|BitterBlade,ShadowSneak,Protect,BulkUp|Adamant||F|||50|]Milotic||Leftovers|Competitive|MuddyWater,Coil,Protect,Hypnosis|Calm||F|||50|
|showteam|p2|Blastoise||Blastoisinite|Torrent|WaterSpout,DarkPulse,FakeOut,ShellSmash|Modest||M|||50|]Vivillon||ChoiceScarf|CompoundEyes|SleepPowder,RagePowder,Tailwind,Hurricane|Timid||F|||50|]Farigiraf||SitrusBerry|ArmorTail|TrickRoom,Psychic,HelpingHand,Protect|Relaxed||F|||50|]Gallade||IronBall|Sharpness|SacredSword,PsychoCut,LeafBlade,TrickRoom|Brave||M|||50|]Kingambit||BlackGlasses|Defiant|SuckerPunch,KowtowCleave,IronHead,Protect|Brave||M|||50|]Camerupt||Cameruptite|MagmaArmor|HeatWave,EarthPower,AncientPower,Protect|Quiet||F|||50|
|inactive|Battle timer is ON: inactive players will automatically lose when time's up. (requested by lolgz)
|inactive|manikman has 60 seconds left.
|
|t:|1784834341
|teamsize|p1|4
|teamsize|p2|4
|start
|switch|p1a: Milotic|Milotic, L50, F|100/100
|switch|p1b: Raichu|Raichu, L50, M|100/100
|switch|p2a: Farigiraf|Farigiraf, L50, F|100/100
|switch|p2b: Gallade|Gallade, L50, M|100/100
|turn|1
|
|t:|1784834363
|detailschange|p1b: Raichu|Raichu-Mega-Y, L50, M
|-mega|p1b: Raichu|Raichu|Raichunite Y
|move|p1b: Raichu|Zap Cannon|p2b: Gallade
|-damage|p2b: Gallade|45/100
|-status|p2b: Gallade|par
|move|p1a: Milotic|Coil|p1a: Milotic
|-boost|p1a: Milotic|atk|1
|-boost|p1a: Milotic|def|1
|-boost|p1a: Milotic|accuracy|1
|move|p2b: Gallade|Leaf Blade|p1a: Milotic
|-supereffective|p1a: Milotic|1
|-crit|p1a: Milotic
|-damage|p1a: Milotic|0 fnt
|faint|p1a: Milotic
|move|p2a: Farigiraf|Trick Room|p2a: Farigiraf
|-fieldstart|move: Trick Room|[of] p2a: Farigiraf
|
|upkeep
|
|t:|1784834378
|switch|p1a: Sinistcha|Sinistcha, L50|100/100
|turn|2
|
|t:|1784834391
|move|p2a: Farigiraf|Helping Hand|p2b: Gallade
|-singleturn|p2b: Gallade|Helping Hand|[of] p2a: Farigiraf
|move|p2b: Gallade|Psycho Cut|p1b: Raichu
|-damage|p1b: Raichu|0 fnt
|faint|p1b: Raichu
|move|p1a: Sinistcha|Matcha Gotcha|p2b: Gallade|[spread] p2a,p2b
|-damage|p2a: Farigiraf|77/100
|-damage|p2b: Gallade|22/100 par
|
|upkeep
|
|t:|1784834397
|switch|p1b: Weavile|Weavile, L50, M|100/100
|turn|3
|
|t:|1784834403
|move|p2b: Gallade|Psycho Cut|p1a: Sinistcha
|-damage|p1a: Sinistcha|51/100
|move|p2a: Farigiraf|Psychic|p1a: Sinistcha
|-crit|p1a: Sinistcha
|-damage|p1a: Sinistcha|1/100
|move|p1a: Sinistcha|Matcha Gotcha|p2a: Farigiraf|[spread] p2b
|-miss|p1a: Sinistcha|p2a: Farigiraf
|-damage|p2b: Gallade|0 fnt
|-heal|p1a: Sinistcha|11/100|[from] drain|[of] p2b: Gallade
|faint|p2b: Gallade
|move|p1b: Weavile|Knock Off|p2a: Farigiraf
|-supereffective|p2a: Farigiraf|1
|-damage|p2a: Farigiraf|2/100
|-enditem|p2a: Farigiraf|Sitrus Berry|[from] move: Knock Off|[of] p1b: Weavile
|
|upkeep
|
|t:|1784834410
|switch|p2b: Camerupt|Camerupt, L50, F|100/100
|turn|4
|
|t:|1784834424
|switch|p2a: Kingambit|Kingambit, L50, M|100/100
|detailschange|p2b: Camerupt|Camerupt-Mega, L50, F
|-mega|p2b: Camerupt|Camerupt|Cameruptite
|move|p1a: Sinistcha|Protect|p1a: Sinistcha
|-singleturn|p1a: Sinistcha|Protect
|move|p2b: Camerupt|Heat Wave|p1b: Weavile|[spread] p1b
|-activate|p1a: Sinistcha|move: Protect
|-supereffective|p1b: Weavile|1
|-enditem|p1b: Weavile|Focus Sash
|-damage|p1b: Weavile|1/100
|move|p1b: Weavile|Low Kick|p2a: Kingambit
|-supereffective|p2a: Kingambit|2
|-damage|p2a: Kingambit|5/100
|
|upkeep
|turn|5
|
|t:|1784834437
|move|p1a: Sinistcha|Rage Powder|p1a: Sinistcha
|-singleturn|p1a: Sinistcha|move: Rage Powder
|move|p2a: Kingambit|Sucker Punch||[still]
|-fail|p2a: Kingambit
|move|p2b: Camerupt|Heat Wave|p1a: Sinistcha|[spread] p1a,p1b
|-supereffective|p1a: Sinistcha|1
|-supereffective|p1b: Weavile|1
|-damage|p1a: Sinistcha|0 fnt
|-damage|p1b: Weavile|0 fnt
|faint|p1a: Sinistcha
|faint|p1b: Weavile
|
|win|lolgz
