|j|☆ShackWoods
|j|☆LyricSum
|html|ShackWoodsLyricSum    
|uhtml|bestof|Game 1 of a best-of-3
|t:|1756582375
|gametype|doubles
|player|p1|ShackWoods|korrina|1237
|player|p2|LyricSum|veteran|1246
|gen|9
|tier|[Gen 9] VGC 2025 Reg H (Bo3)
|rated|
|rule|Species Clause: Limit one of each Pokémon
|rule|Item Clause: Limit 1 of each item
|clearpoke
|poke|p1|Lilligant-Hisui, L50, F|
|poke|p1|Armarouge, L50, M|
|poke|p1|Indeedee-F, L50, F|
|poke|p1|Torkoal, L50, M|
|poke|p1|Ursaluna, L50, F|
|poke|p1|Hatterene, L50, F|
|poke|p2|Krookodile, L50, M|
|poke|p2|Kommo-o, L50, F|
|poke|p2|Talonflame, L50, F|
|poke|p2|Sinistcha-Masterpiece, L50|
|poke|p2|Archaludon, L50, F|
|poke|p2|Primarina, L50, M|
|teampreview|4
|showteam|p1|Lilligant-Hisui||FocusSash|Chlorophyll|SolarBlade,CloseCombat,TripleAxel,AfterYou|||F|||50|,,,,,Ghost]Armarouge||PsychicSeed|FlashFire|ExpandingForce,ArmorCannon,WideGuard,TrickRoom|||M|||50|,,,,,Grass]Indeedee-F||RockyHelmet|PsychicSurge|AlluringVoice,HelpingHand,FollowMe,TrickRoom|||F|||50|,,,,,Grass]Torkoal||Charcoal|Drought|Eruption,WeatherBall,ClearSmog,Protect|||M|||50|,,,,,Fire]Ursaluna||FlameOrb|Guts|Facade,HeadlongRush,Substitute,Protect|||F|||50|,,,,,Ghost]Hatterene||LifeOrb|MagicBounce|ExpandingForce,DazzlingGleam,MysticalFire,TrickRoom|||F|||50|,,,,,Fire
|showteam|p2|Krookodile||AssaultVest|Intimidate|KnockOff,Snarl,HighHorsepower,GunkShot|||M|||50|,,,,,Poison]Kommo-o||ThroatSpray|Overcoat|ClangorousSoul,ClangingScales,AuraSphere,Protect|||F|||50|,,,,,Steel]Talonflame||FocusSash|GaleWings|Tailwind,UpperHand,DualWingbeat,Taunt|||F|||50|,,,,,Ghost]Sinistcha-Masterpiece||SitrusBerry|Hospitality|MatchaGotcha,ShadowBall,RagePowder,LifeDew||||||50|,,,,,Fairy]Archaludon||PowerHerb|Stalwart|ElectroShot,Thunderbolt,DragonPulse,Protect|||F|||50|,,,,,Electric]Primarina||LifeOrb|LiquidVoice|HyperVoice,Moonblast,Haze,Protect|||M|||50|,,,,,Steel
|inactive|Battle timer is ON: inactive players will automatically lose when time's up. (requested by LyricSum)
|c|☆ShackWoods|gl hf
|c|☆LyricSum|glhf
|
|t:|1756582405
|teamsize|p1|4
|teamsize|p2|4
|start
|switch|p1a: Indeedee|Indeedee-F, L50, F|100/100
|switch|p1b: Hatterene|Hatterene, L50, F|100/100
|switch|p2a: Talonflame|Talonflame, L50, F|100/100
|switch|p2b: Archaludon|Archaludon, L50, F, shiny|100/100
|-fieldstart|move: Psychic Terrain|[from] ability: Psychic Surge|[of] p1a: Indeedee
|turn|1
|
|t:|1756582427
|switch|p1a: Ursaluna|Ursaluna, L50, F|100/100
|-terastallize|p2b: Archaludon|Electric
|move|p2a: Talonflame|Taunt|p1a: Ursaluna
|-start|p1a: Ursaluna|move: Taunt
|move|p2b: Archaludon|Electro Shot||[still]
|-prepare|p2b: Archaludon|Electro Shot
|-boost|p2b: Archaludon|spa|1
|-enditem|p2b: Archaludon|Power Herb
|-anim|p2b: Archaludon|Electro Shot|p1b: Hatterene
|-damage|p1b: Hatterene|0 fnt
|faint|p1b: Hatterene
|
|-status|p1a: Ursaluna|brn|[from] item: Flame Orb
|upkeep
|
|t:|1756582448
|switch|p1b: Torkoal|Torkoal, L50, M|100/100
|-weather|SunnyDay|[from] ability: Drought|[of] p1b: Torkoal
|turn|2
|c|☆ShackWoods|worth a try lol
|inactive|LyricSum has 30 seconds left.
|
|t:|1756582478
|switch|p1b: Indeedee|Indeedee-F, L50, F|100/100
|move|p2b: Archaludon|Protect|p2b: Archaludon
|-singleturn|p2b: Archaludon|Protect
|move|p2a: Talonflame|Taunt|p1b: Indeedee
|-start|p1b: Indeedee|move: Taunt
|move|p1a: Ursaluna|Facade|p2a: Talonflame
|-enditem|p2a: Talonflame|Focus Sash
|-damage|p2a: Talonflame|1/100
|
|-weather|SunnyDay|[upkeep]
|-damage|p1a: Ursaluna|95/100 brn|[from] brn
|upkeep
|turn|3
|
|t:|1756582494
|move|p2a: Talonflame|Dual Wingbeat|p1a: Ursaluna
|-damage|p1a: Ursaluna|83/100 brn
|-damage|p1a: Ursaluna|70/100 brn
|-hitcount|p1a: Ursaluna|2
|move|p2b: Archaludon|Dragon Pulse|p1a: Ursaluna
|-damage|p1a: Ursaluna|18/100 brn
|move|p1b: Indeedee|Alluring Voice|p2a: Talonflame
|-resisted|p2a: Talonflame
|-damage|p2a: Talonflame|0 fnt
|faint|p2a: Talonflame
|move|p1a: Ursaluna|Headlong Rush|p2b: Archaludon
|-supereffective|p2b: Archaludon
|-damage|p2b: Archaludon|0 fnt
|-unboost|p1a: Ursaluna|def|1
|-unboost|p1a: Ursaluna|spd|1
|faint|p2b: Archaludon
|
|-weather|SunnyDay|[upkeep]
|-damage|p1a: Ursaluna|12/100 brn|[from] brn
|-end|p1a: Ursaluna|move: Taunt
|upkeep
|
|t:|1756582502
|switch|p2a: Sinistcha|Sinistcha-Masterpiece, L50|100/100
|switch|p2b: Kommo-o|Kommo-o, L50, F|100/100
|turn|4
|
|t:|1756582525
|move|p2b: Kommo-o|Protect|p2b: Kommo-o
|-singleturn|p2b: Kommo-o|Protect
|move|p1a: Ursaluna|Protect|p1a: Ursaluna
|-singleturn|p1a: Ursaluna|Protect
|move|p2a: Sinistcha|Matcha Gotcha|p1b: Indeedee|[spread] p1b
|-activate|p1a: Ursaluna|move: Protect
|-crit|p1b: Indeedee
|-damage|p1b: Indeedee|61/100
|move|p1b: Indeedee|Alluring Voice|p2b: Kommo-o
|-activate|p2b: Kommo-o|move: Protect
|
|-weather|SunnyDay|[upkeep]
|-damage|p1a: Ursaluna|6/100 brn|[from] brn
|-end|p1b: Indeedee|move: Taunt
|upkeep
|turn|5
|inactive|ShackWoods has 30 seconds left.
|
|t:|1756582565
|-terastallize|p1b: Indeedee|Grass
|move|p2b: Kommo-o|Clanging Scales|p1a: Ursaluna|[spread] p1a,p1b
|-damage|p1a: Ursaluna|0 fnt
|-damage|p1b: Indeedee|24/100
|faint|p1a: Ursaluna
|-unboost|p2b: Kommo-o|def|1
|-enditem|p2b: Kommo-o|Throat Spray
|-boost|p2b: Kommo-o|spa|1|[from] item: Throat Spray
|move|p2a: Sinistcha|Shadow Ball|p1b: Indeedee
|-damage|p1b: Indeedee|0 fnt
|faint|p1b: Indeedee
|
|-weather|SunnyDay|[upkeep]
|-fieldend|move: Psychic Terrain
|upkeep
|
|t:|1756582579
|switch|p1b: Torkoal|Torkoal, L50, M|100/100
|turn|6
|
|t:|1756582583
|move|p2b: Kommo-o|Clanging Scales|p1b: Torkoal
|-damage|p1b: Torkoal|2/100
|-unboost|p2b: Kommo-o|def|1
|move|p2a: Sinistcha|Shadow Ball|p1b: Torkoal
|-damage|p1b: Torkoal|0 fnt
|faint|p1b: Torkoal
|
|win|LyricSum
||LyricSum is ready for game 2.
|c|☆ShackWoods|gg
||ShackWoods is ready for game 2.
|uhtml|next|Next: Game 2 of 3
|l|☆LyricSum
|player|p2|
