|j|☆archyx
|j|☆Neofalcon
|html|archyxNeofalcon    
|uhtml|bestof|Game 1 of a best-of-3
|t:|1756312918
|gametype|doubles
|player|p1|archyx|ethan|1168
|player|p2|Neofalcon|1|1155
|gen|9
|tier|[Gen 9] VGC 2025 Reg H (Bo3)
|rated|
|rule|Species Clause: Limit one of each Pokémon
|rule|Item Clause: Limit 1 of each item
|clearpoke
|poke|p1|Garchomp, L50, F|
|poke|p1|Gholdengo, L50|
|poke|p1|Sneasler, L50, F|
|poke|p1|Dragonite, L50, F|
|poke|p1|Incineroar, L50, F|
|poke|p1|Whimsicott, L50, M|
|poke|p2|Gholdengo, L50|
|poke|p2|Sneasler, L50, M|
|poke|p2|Rillaboom, L50, M|
|poke|p2|Dragonite, L50, M|
|poke|p2|Ninetales-Alola, L50, M|
|poke|p2|Arcanine-Hisui, L50, M|
|teampreview|4
|showteam|p1|Garchomp||LifeOrb|RoughSkin|Protect,Earthquake,StompingTantrum,DragonClaw|||F|||50|,,,,,Ground]Gholdengo||ChoiceSpecs|GoodasGold|Thunderbolt,MakeItRain,ShadowBall,Trick||||||50|,,,,,Steel]Sneasler||WhiteHerb|Unburden|FakeOut,Protect,CloseCombat,DireClaw|||F|||50|,,,,,Stellar]Dragonite||ChoiceBand|InnerFocus|Outrage,ExtremeSpeed,IceSpinner,StompingTantrum|||F|||50|,,,,,Normal]Incineroar||AssaultVest|Intimidate|FakeOut,KnockOff,FlareBlitz,Uturn|||F|||50|,,,,,Grass]Whimsicott||FocusSash|Prankster|Protect,Tailwind,Moonblast,Encore|||M|||50|,,,,,Ghost
|showteam|p2|Gholdengo||GrassySeed|GoodasGold|NastyPlot,MakeItRain,ShadowBall,Protect||||||50|,,,,,Water]Sneasler||WhiteHerb|Unburden|CloseCombat,DireClaw,Coaching,Protect|||M|||50|,,,,,Ghost]Rillaboom||AssaultVest|GrassySurge|FakeOut,GrassyGlide,DrumBeating,HighHorsepower|||M|||50|,,,,,Fire]Dragonite||LoadedDice|Multiscale|ScaleShot,StompingTantrum,Tailwind,Protect|||M|||50|,,,,,Ground]Ninetales-Alola||FocusSash|SnowWarning|Blizzard,IcyWind,Encore,AuroraVeil|||M|||50|,,,,,Ghost]Arcanine-Hisui||ClearAmulet|Intimidate|RockSlide,FlareBlitz,ExtremeSpeed,Protect|||M|||50|,,,,,Water
|inactive|Battle timer is ON: inactive players will automatically lose when time's up. (requested by archyx)
|
|t:|1756312969
|teamsize|p1|4
|teamsize|p2|4
|start
|switch|p1a: Gholdengo|Gholdengo, L50|100/100
|switch|p1b: Garchomp|Garchomp, L50, F|100/100
|switch|p2a: Gholdengo|Gholdengo, L50|100/100
|switch|p2b: Ninetales|Ninetales-Alola, L50, M|100/100
|-weather|Snowscape|[from] ability: Snow Warning|[of] p2b: Ninetales
|turn|1
|inactive|Neofalcon has 30 seconds left.
|inactive|Neofalcon has 20 seconds left.
|inactive|Neofalcon has 15 seconds left.
|
|t:|1756313011
|switch|p2b: Rillaboom|Rillaboom, L50, M|100/100
|-fieldstart|move: Grassy Terrain|[from] ability: Grassy Surge|[of] p2b: Rillaboom
|-enditem|p2a: Gholdengo|Grassy Seed
|-boost|p2a: Gholdengo|def|1|[from] item: Grassy Seed
|switch|p1b: Incineroar|Incineroar, L50, F|100/100
|-ability|p1b: Incineroar|Intimidate|boost
|-unboost|p2a: Gholdengo|atk|1
|-unboost|p2b: Rillaboom|atk|1
|-terastallize|p1a: Gholdengo|Steel
|-terastallize|p2a: Gholdengo|Water
|move|p1a: Gholdengo|Make It Rain|p2b: Rillaboom|[spread] p2a,p2b
|-resisted|p2a: Gholdengo
|-damage|p2a: Gholdengo|58/100
|-damage|p2b: Rillaboom|24/100
|-unboost|p1a: Gholdengo|spa|1
|move|p2a: Gholdengo|Shadow Ball|p1a: Gholdengo
|-damage|p1a: Gholdengo|53/100
|
|-weather|Snowscape|[upkeep]
|-heal|p2b: Rillaboom|30/100|[from] Grassy Terrain
|-heal|p1a: Gholdengo|58/100|[from] Grassy Terrain
|-heal|p2a: Gholdengo|65/100|[from] Grassy Terrain
|upkeep
|turn|2
|inactive|archyx has 30 seconds left.
|inactive|Neofalcon has 30 seconds left.
|
|t:|1756313044
|move|p2b: Rillaboom|Fake Out|p1b: Incineroar
|-damage|p1b: Incineroar|93/100
|cant|p1b: Incineroar|flinch
|move|p1a: Gholdengo|Make It Rain|p2b: Rillaboom|[spread] p2a,p2b
|-resisted|p2a: Gholdengo
|-damage|p2a: Gholdengo|36/100
|-damage|p2b: Rillaboom|0 fnt
|-unboost|p1a: Gholdengo|spa|1
|faint|p2b: Rillaboom
|move|p2a: Gholdengo|Shadow Ball|p1a: Gholdengo
|-damage|p1a: Gholdengo|17/100
|
|-weather|Snowscape|[upkeep]
|-heal|p1a: Gholdengo|23/100|[from] Grassy Terrain
|-heal|p2a: Gholdengo|43/100|[from] Grassy Terrain
|-heal|p1b: Incineroar|99/100|[from] Grassy Terrain
|upkeep
|
|t:|1756313059
|switch|p2b: Arcanine|Arcanine-Hisui, L50, M|100/100
|-ability|p2b: Arcanine|Intimidate|boost
|-unboost|p1a: Gholdengo|atk|1
|-unboost|p1b: Incineroar|atk|1
|turn|3
|
|t:|1756313074
|switch|p1a: Garchomp|Garchomp, L50, F|100/100
|move|p2a: Gholdengo|Protect|p2a: Gholdengo
|-singleturn|p2a: Gholdengo|Protect
|move|p2b: Arcanine|Rock Slide|p1a: Garchomp|[spread] p1a,p1b
|-resisted|p1a: Garchomp
|-supereffective|p1b: Incineroar
|-damage|p1a: Garchomp|86/100
|-damage|p1b: Incineroar|45/100
|cant|p1b: Incineroar|flinch
|
|-weather|Snowscape|[upkeep]
|-heal|p1a: Garchomp|92/100|[from] Grassy Terrain
|-heal|p2a: Gholdengo|49/100|[from] Grassy Terrain
|-heal|p1b: Incineroar|51/100|[from] Grassy Terrain
|upkeep
|turn|4
|inactive|archyx has 30 seconds left.
|inactive|Neofalcon has 30 seconds left.
|
|t:|1756313105
|move|p2b: Arcanine|Protect|p2b: Arcanine
|-singleturn|p2b: Arcanine|Protect
|move|p1a: Garchomp|Stomping Tantrum|p2a: Gholdengo
|-damage|p2a: Gholdengo|17/100
|-damage|p1a: Garchomp|82/100|[from] item: Life Orb
|move|p2a: Gholdengo|Make It Rain|p1a: Garchomp|[spread] p1a,p1b
|-resisted|p1b: Incineroar
|-damage|p1a: Garchomp|30/100
|-damage|p1b: Incineroar|37/100
|-unboost|p2a: Gholdengo|spa|1
|move|p1b: Incineroar|U-turn|p2b: Arcanine
|-activate|p2b: Arcanine|move: Protect
|
|-weather|Snowscape|[upkeep]
|-heal|p1a: Garchomp|36/100|[from] Grassy Terrain
|-heal|p2a: Gholdengo|23/100|[from] Grassy Terrain
|-heal|p1b: Incineroar|43/100|[from] Grassy Terrain
|upkeep
|turn|5
|inactive|archyx has 30 seconds left.
|
|t:|1756313130
|switch|p2a: Ninetales|Ninetales-Alola, L50, M|100/100
|move|p2b: Arcanine|Extreme Speed|p1a: Garchomp
|-damage|p1a: Garchomp|11/100
|-damage|p2b: Arcanine|88/100|[from] ability: Rough Skin|[of] p1a: Garchomp
|move|p1a: Garchomp|Earthquake|p2b: Arcanine|[spread] p1b,p2a,p2b
|-supereffective|p1b: Incineroar
|-supereffective|p2b: Arcanine
|-damage|p1b: Incineroar|0 fnt
|-damage|p2a: Ninetales|76/100
|-damage|p2b: Arcanine|0 fnt
|faint|p1b: Incineroar
|faint|p2b: Arcanine
|-damage|p1a: Garchomp|2/100|[from] item: Life Orb
|
|-weather|none
|-heal|p2a: Ninetales|82/100|[from] Grassy Terrain
|-heal|p1a: Garchomp|7/100|[from] Grassy Terrain
|-fieldend|move: Grassy Terrain
|upkeep
|
|t:|1756313148
|switch|p2b: Gholdengo|Gholdengo, L50, tera:Water|23/100
|switch|p1b: Sneasler|Sneasler, L50, F|100/100
|turn|6
|inactive|Neofalcon has 30 seconds left.
|
|t:|1756313177
|move|p2b: Gholdengo|Protect|p2b: Gholdengo
|-singleturn|p2b: Gholdengo|Protect
|move|p2a: Ninetales|Icy Wind|p1a: Garchomp|[spread] p1a,p1b
|-supereffective|p1a: Garchomp
|-damage|p1a: Garchomp|0 fnt
|-damage|p1b: Sneasler|80/100
|-unboost|p1b: Sneasler|spe|1
|faint|p1a: Garchomp
|-enditem|p1b: Sneasler|White Herb
|-clearnegativeboost|p1b: Sneasler|[silent]
|move|p1b: Sneasler|Close Combat|p2b: Gholdengo
|-activate|p2b: Gholdengo|move: Protect
|
|upkeep
|
|t:|1756313189
|switch|p1a: Gholdengo|Gholdengo, L50, tera:Steel|23/100
|turn|7
|
|t:|1756313204
|move|p1b: Sneasler|Dire Claw|p2b: Gholdengo
|-damage|p2b: Gholdengo|0 fnt
|faint|p2b: Gholdengo
|move|p2a: Ninetales|Icy Wind|p1b: Sneasler|[spread] p1a,p1b
|-resisted|p1a: Gholdengo
|-damage|p1a: Gholdengo|14/100
|-damage|p1b: Sneasler|58/100
|-unboost|p1a: Gholdengo|spe|1
|-unboost|p1b: Sneasler|spe|1
|move|p1a: Gholdengo|Make It Rain|p2a: Ninetales
|-supereffective|p2a: Ninetales
|-damage|p2a: Ninetales|0 fnt
|-unboost|p1a: Gholdengo|spa|1
|faint|p2a: Ninetales
|
|win|archyx
||Neofalcon is ready for game 2.
|inactive|archyx has 30 seconds to confirm battle start!
||archyx is ready for game 2.
|uhtml|next|Next: Game 2 of 3
|l|☆Neofalcon
|player|p2|
