|j|â˜†Gozante
|j|â˜†Bread248
|html|GozanteBread248    
|uhtml|bestof|Game 1 of a best-of-3
|t:|1756149544
|gametype|doubles
|player|p1|Gozante|101|1372
|player|p2|Bread248|170|1348
|gen|9
|tier|[Gen 9] VGC 2025 Reg H (Bo3)
|rated|
|rule|Species Clause: Limit one of each PokÃ©mon
|rule|Item Clause: Limit 1 of each item
|clearpoke
|poke|p1|Pelipper, L50, M|
|poke|p1|Archaludon, L50, F|
|poke|p1|Sinistcha, L50|
|poke|p1|Ursaluna, L50, F|
|poke|p1|Dragonite, L50, M|
|poke|p1|Incineroar, L50, M|
|poke|p2|Kingambit, L50, F|
|poke|p2|Rillaboom, L50, F|
|poke|p2|Electabuzz, L50, M|
|poke|p2|Volcarona, L50, M|
|poke|p2|Sneasler, L50, M|
|poke|p2|Dragonite, L50, F|
|teampreview|4
|showteam|p1|Pelipper||FocusSash|Drizzle|MuddyWater,Hurricane,Protect,Tailwind|||M|||50|,,,,,Ghost]Archaludon||AssaultVest|Stamina|FlashCannon,BodyPress,ElectroShot,Snarl|||F|||50|,,,,,Bug]Sinistcha||SitrusBerry|Hospitality|MatchaGotcha,LifeDew,RagePowder,TrickRoom||||||50|,,,,,Dark]Ursaluna||FlameOrb|Guts|Protect,Facade,HeadlongRush,Earthquake|||F|||50|,,,,,Ghost]Dragonite||LoadedDice|Multiscale|Protect,ScaleShot,Haze,Tailwind|||M|||50|,,,,,Fairy]Incineroar||SafetyGoggles|Intimidate|FakeOut,PartingShot,KnockOff,FlareBlitz|||M|||50|,,,,,Ghost
|showteam|p2|Kingambit||BlackGlasses|Defiant|Protect,KowtowCleave,SuckerPunch,SwordsDance|||F|||50|,,,,,Dark]Rillaboom||AssaultVest|GrassySurge|WoodHammer,GrassyGlide,HighHorsepower,FakeOut|||F|||50|,,,,,Fire]Electabuzz||Eviolite|VitalSpirit|Protect,Thunderbolt,HelpingHand,FollowMe|||M|||50|,,,,,Ghost]Volcarona||CovertCloak|FlameBody|Protect,HeatWave,TeraBlast,QuiverDance|||M|||50|,,,,,Fairy]Sneasler||FocusSash|Unburden|CloseCombat,DireClaw,Coaching,FakeOut|||M|||50|,,,,,Stellar]Dragonite||LoadedDice|Multiscale|ScaleShot,Haze,ExtremeSpeed,Protect|||F|||50|,,,,,Fairy
|inactive|Battle timer is ON: inactive players will automatically lose when time's up. (requested by Bread248)
|inactive|Gozante has 60 seconds left.
|inactive|Bread248 has 60 seconds left.
|inactive|Gozante has 30 seconds left.
|inactive|Bread248 has 30 seconds left.
|
|t:|1756149612
|teamsize|p1|4
|teamsize|p2|4
|start
|switch|p1a: Ursaluna|Ursaluna, L50, F|100/100
|switch|p1b: Dragonite|Dragonite, L50, M|100/100
|switch|p2a: Kingambit|Kingambit, L50, F, shiny|100/100
|switch|p2b: Sneasler|Sneasler, L50, M|100/100
|turn|1
|
|t:|1756149636
|-terastallize|p2a: Kingambit|Dark
|move|p1b: Dragonite|Protect|p1b: Dragonite
|-singleturn|p1b: Dragonite|Protect
|move|p2b: Sneasler|Fake Out|p1b: Dragonite
|-activate|p1b: Dragonite|move: Protect
|move|p1a: Ursaluna|Headlong Rush|p2a: Kingambit
|-damage|p2a: Kingambit|47/100
|-unboost|p1a: Ursaluna|def|1
|-unboost|p1a: Ursaluna|spd|1
|move|p2a: Kingambit|Swords Dance|p2a: Kingambit
|-boost|p2a: Kingambit|atk|2
|
|-status|p1a: Ursaluna|brn|[from] item: Flame Orb
|upkeep
|turn|2
|
|t:|1756149656
|switch|p1a: Archaludon|Archaludon, L50, F|100/100
|move|p2b: Sneasler|Dire Claw|p1b: Dragonite
|-damage|p1b: Dragonite|75/100
|-status|p1b: Dragonite|par
|move|p2a: Kingambit|Kowtow Cleave|p1b: Dragonite
|-damage|p1b: Dragonite|0 fnt
|faint|p1b: Dragonite
|
|upkeep
|c|â˜†Gozante|Asco de juego
|
|t:|1756149671
|switch|p1b: Ursaluna|Ursaluna, L50, F|100/100 brn
|turn|3
|
|t:|1756149682
|switch|p1a: Incineroar|Incineroar, L50, M|100/100
|-ability|p1a: Incineroar|Intimidate|boost
|-unboost|p2a: Kingambit|atk|1
|-ability|p2a: Kingambit|Defiant|boost
|-boost|p2a: Kingambit|atk|2
|-unboost|p2b: Sneasler|atk|1
|move|p2a: Kingambit|Sucker Punch||[still]
|-fail|p2a: Kingambit
|move|p2b: Sneasler|Close Combat|p1a: Incineroar
|-supereffective|p1a: Incineroar
|-damage|p1a: Incineroar|25/100
|-unboost|p2b: Sneasler|def|1
|-unboost|p2b: Sneasler|spd|1
|move|p1b: Ursaluna|Facade|p2a: Kingambit
|-damage|p2a: Kingambit|0 fnt
|faint|p2a: Kingambit
|
|-damage|p1b: Ursaluna|95/100 brn|[from] brn
|upkeep
|
|t:|1756149699
|switch|p2a: Rillaboom|Rillaboom, L50, F, shiny|100/100
|-fieldstart|move: Grassy Terrain|[from] ability: Grassy Surge|[of] p2a: Rillaboom
|turn|4
|
|t:|1756149712
|switch|p1a: Archaludon|Archaludon, L50, F|100/100
|move|p1b: Ursaluna|Protect|p1b: Ursaluna
|-singleturn|p1b: Ursaluna|Protect
|move|p2a: Rillaboom|Fake Out|p1a: Archaludon
|-resisted|p1a: Archaludon
|-damage|p1a: Archaludon|95/100
|-ability|p1a: Archaludon|Stamina|boost
|-boost|p1a: Archaludon|def|1
|move|p2b: Sneasler|Coaching|p2a: Rillaboom
|-boost|p2a: Rillaboom|atk|1
|-boost|p2a: Rillaboom|def|1
|
|-heal|p1a: Archaludon|100/100|[from] Grassy Terrain
|-heal|p1b: Ursaluna|100/100 brn|[from] Grassy Terrain
|-damage|p1b: Ursaluna|95/100 brn|[from] brn
|upkeep
|turn|5
|
|t:|1756149733
|switch|p2b: Volcarona|Volcarona, L50, M, shiny|100/100
|-terastallize|p1b: Ursaluna|Ghost
|move|p1a: Archaludon|Body Press|p2a: Rillaboom
|-crit|p2a: Rillaboom
|-damage|p2a: Rillaboom|51/100
|move|p2a: Rillaboom|Wood Hammer|p1b: Ursaluna
|-damage|p1b: Ursaluna|4/100 brn
|-damage|p2a: Rillaboom|21/100|[from] Recoil
|move|p1b: Ursaluna|Facade|p2a: Rillaboom
|-damage|p2a: Rillaboom|0 fnt
|faint|p2a: Rillaboom
|
|-heal|p1b: Ursaluna|10/100 brn|[from] Grassy Terrain
|-damage|p1b: Ursaluna|4/100 brn|[from] brn
|upkeep
|
|t:|1756149746
|switch|p2a: Sneasler|Sneasler, L50, M|100/100
|turn|6
|
|t:|1756149755
|switch|p1b: Incineroar|Incineroar, L50, M|25/100
|-ability|p1b: Incineroar|Intimidate|boost
|-unboost|p2a: Sneasler|atk|1
|-unboost|p2b: Volcarona|atk|1
|move|p2a: Sneasler|Close Combat|p1a: Archaludon
|-supereffective|p1a: Archaludon
|-damage|p1a: Archaludon|57/100
|-unboost|p2a: Sneasler|def|1
|-unboost|p2a: Sneasler|spd|1
|-ability|p1a: Archaludon|Stamina|boost
|-boost|p1a: Archaludon|def|1
|move|p2b: Volcarona|Heat Wave|p1b: Incineroar|[spread] p1a,p1b
|-resisted|p1b: Incineroar
|-damage|p1a: Archaludon|32/100
|-damage|p1b: Incineroar|13/100
|-ability|p1a: Archaludon|Stamina|boost
|-boost|p1a: Archaludon|def|1
|move|p1a: Archaludon|Snarl|p2b: Volcarona|[spread] p2a,p2b
|-resisted|p2a: Sneasler
|-damage|p2a: Sneasler|86/100
|-damage|p2b: Volcarona|89/100
|-unboost|p2a: Sneasler|spa|1
|
|-heal|p2a: Sneasler|92/100|[from] Grassy Terrain
|-heal|p2b: Volcarona|95/100|[from] Grassy Terrain
|-heal|p1a: Archaludon|38/100|[from] Grassy Terrain
|-heal|p1b: Incineroar|19/100|[from] Grassy Terrain
|upkeep
|turn|7
|
|t:|1756149776
|move|p1b: Incineroar|Fake Out|p2a: Sneasler
|-damage|p2a: Sneasler|66/100
|cant|p2a: Sneasler|flinch
|move|p2b: Volcarona|Quiver Dance|p2b: Volcarona
|-boost|p2b: Volcarona|spa|1
|-boost|p2b: Volcarona|spd|1
|-boost|p2b: Volcarona|spe|1
|move|p1a: Archaludon|Body Press|p2a: Sneasler
|-resisted|p2a: Sneasler
|-damage|p2a: Sneasler|0 fnt
|faint|p2a: Sneasler
|
|-heal|p2b: Volcarona|100/100|[from] Grassy Terrain
|-heal|p1a: Archaludon|44/100|[from] Grassy Terrain
|-heal|p1b: Incineroar|25/100|[from] Grassy Terrain
|upkeep
|turn|8
|
|t:|1756149789
|move|p2b: Volcarona|Quiver Dance|p2b: Volcarona
|-boost|p2b: Volcarona|spa|1
|-boost|p2b: Volcarona|spd|1
|-boost|p2b: Volcarona|spe|1
|move|p1a: Archaludon|Body Press|p2b: Volcarona
|-resisted|p2b: Volcarona
|-damage|p2b: Volcarona|69/100
|-status|p1a: Archaludon|brn|[from] ability: Flame Body|[of] p2b: Volcarona
|move|p1b: Incineroar|Flare Blitz|p2b: Volcarona
|-damage|p2b: Volcarona|10/100
|-damage|p1b: Incineroar|6/100|[from] Recoil
|
|-heal|p2b: Volcarona|16/100|[from] Grassy Terrain
|-heal|p1a: Archaludon|50/100 brn|[from] Grassy Terrain
|-heal|p1b: Incineroar|12/100|[from] Grassy Terrain
|-damage|p1a: Archaludon|44/100 brn|[from] brn
|-fieldend|move: Grassy Terrain
|upkeep
|turn|9
|
|t:|1756149810
|move|p2b: Volcarona|Heat Wave|p1b: Incineroar|[spread] p1a,p1b
|-resisted|p1b: Incineroar
|-damage|p1a: Archaludon|0 fnt
|-damage|p1b: Incineroar|0 fnt
|faint|p1a: Archaludon
|faint|p1b: Incineroar
|
|upkeep
|
|t:|1756149813
|switch|p1a: Ursaluna|Ursaluna, L50, F, tera:Ghost|4/100 brn
|turn|10
|
|t:|1756149814
|move|p2b: Volcarona|Heat Wave|p1a: Ursaluna
|-damage|p1a: Ursaluna|0 fnt
|faint|p1a: Ursaluna
|
|win|Bread248
||Gozante is ready for game 2.
|inactive|Bread248 has 30 seconds to confirm battle start!
|inactive|Bread248 has 20 seconds to confirm battle start!
||Bread248 is ready for game 2.
|uhtml|next|Next: Game 2 of 3
|l|â˜†Gozante
|player|p1|
