|j|☆Freudianbreath
|j|☆aldishh
|html|Freudianbreathaldishh    
|uhtml|bestof|Game 1 of a best-of-3
|t:|1756955732
|gametype|doubles
|player|p1|Freudianbreath|102|1110
|player|p2|aldishh|169|1144
|gen|9
|tier|[Gen 9] VGC 2025 Reg H (Bo3)
|rated|
|rule|Species Clause: Limit one of each Pokémon
|rule|Item Clause: Limit 1 of each item
|clearpoke
|poke|p1|Incineroar, L50, M|
|poke|p1|Rillaboom, L50, F|
|poke|p1|Palafin, L50, F|
|poke|p1|Pelipper, L50, F|
|poke|p1|Amoonguss, L50, M|
|poke|p1|Primarina, L50, M|
|poke|p2|Ursaluna, L50, M|
|poke|p2|Indeedee-F, L50, F|
|poke|p2|Lilligant-Hisui, L50, F|
|poke|p2|Torkoal, L50, M|
|poke|p2|Gallade, L50, M|
|poke|p2|Hatterene, L50, F|
|teampreview|4
|showteam|p1|Incineroar||SafetyGoggles|Intimidate|FakeOut,KnockOff,WillOWisp,FlareBlitz|||M|||50|,,,,,Ghost]Rillaboom||AssaultVest|GrassySurge|WoodHammer,GrassyGlide,FakeOut,Uturn|||F|||50|,,,,,Fire]Palafin||Leftovers|ZerotoHero|BulkUp,JetPunch,DrainPunch,Protect|||F|||50|,,,,,Grass]Pelipper||FocusSash|Drizzle|Hurricane,WeatherBall,Tailwind,Protect|||F|||50|,,,,,Stellar]Amoonguss||RockyHelmet|Regenerator|PollenPuff,Spore,RagePowder,Protect|||M|||50|,,,,,Fairy]Primarina||ThroatSpray|LiquidVoice|HyperVoice,Moonblast,Haze,Protect|||M|||50|,,,,,Grass
|showteam|p2|Ursaluna||FlameOrb|Guts|Facade,Earthquake,HeadlongRush,Protect|||M|||50|,,,,,Ghost]Indeedee-F||PsychicSeed|PsychicSurge|FollowMe,TrickRoom,HelpingHand,Psychic|||F|||50|,,,,,Grass]Lilligant-Hisui||FocusSash|Chlorophyll|SleepPowder,AfterYou,SolarBlade,CloseCombat|||F|||50|,,,,,Ghost]Torkoal||Charcoal|Drought|Protect,Eruption,ClearSmog,Overheat|||M|||50|,,,,,Fire]Gallade||ClearAmulet|Sharpness|SacredSword,TrickRoom,PsychoCut,WideGuard|||M|||50|,,,,,Ghost]Hatterene||LifeOrb|MagicBounce|ExpandingForce,TrickRoom,DazzlingGleam,Protect|||F|||50|,,,,,Psychic
|inactive|Battle timer is ON: inactive players will automatically lose when time's up. (requested by aldishh)
|j| teamthief420
|inactive|Freudianbreath has 60 seconds left.
|l| teamthief420
|inactive|Freudianbreath has 30 seconds left.
|inactive|Freudianbreath has 20 seconds left.
|inactive|Freudianbreath has 15 seconds left.
|inactive|Freudianbreath has 10 seconds left.
|inactive|Freudianbreath has 5 seconds left.
|
|t:|1756955897
|teamsize|p1|4
|teamsize|p2|4
|start
|switch|p1a: Incineroar|Incineroar, L50, M|100/100
|switch|p1b: Rillaboom|Rillaboom, L50, F|100/100
|switch|p2a: Indeedee|Indeedee-F, L50, F, shiny|100/100
|switch|p2b: Gallade|Gallade, L50, M, shiny|100/100
|-fieldstart|move: Grassy Terrain|[from] ability: Grassy Surge|[of] p1b: Rillaboom
|-ability|p1a: Incineroar|Intimidate|boost
|-unboost|p2a: Indeedee|atk|1
|-fail|p2b: Gallade|unboost|[from] item: Clear Amulet|[of] p2b: Gallade
|-fieldstart|move: Psychic Terrain|[from] ability: Psychic Surge|[of] p2a: Indeedee
|-enditem|p2a: Indeedee|Psychic Seed
|-boost|p2a: Indeedee|spd|1|[from] item: Psychic Seed
|turn|1
|inactive|Freudianbreath has 30 seconds left.
|inactive|aldishh has 30 seconds left.
|inactive|Freudianbreath has 20 seconds left.
|inactive|Freudianbreath has 15 seconds left.
|inactive|Freudianbreath has 10 seconds left.
|inactive|Freudianbreath has 5 seconds left.
|
|t:|1756955951
|-terastallize|p1a: Incineroar|Ghost
|move|p1b: Rillaboom|U-turn|p2a: Indeedee
|-supereffective|p2a: Indeedee
|-damage|p2a: Indeedee|53/100
|
|t:|1756955969
|switch|p1b: Pelipper|Pelipper, L50, F|100/100|[from] U-turn
|-weather|RainDance|[from] ability: Drizzle|[of] p1b: Pelipper
|move|p1a: Incineroar|Flare Blitz|p2b: Gallade
|-crit|p2b: Gallade
|-damage|p2b: Gallade|51/100
|-damage|p1a: Incineroar|86/100|[from] Recoil
|move|p2b: Gallade|Sacred Sword|p1a: Incineroar
|-immune|p1a: Incineroar
|move|p2a: Indeedee|Trick Room|p2a: Indeedee
|-fieldstart|move: Trick Room|[of] p2a: Indeedee
|
|-weather|RainDance|[upkeep]
|upkeep
|turn|2
|inactive|Freudianbreath has 30 seconds left.
|inactive|aldishh has 30 seconds left.
|
|t:|1756956000
|switch|p1b: Rillaboom|Rillaboom, L50, F|100/100
|-fieldstart|move: Grassy Terrain|[from] ability: Grassy Surge|[of] p1b: Rillaboom
|move|p2b: Gallade|Psycho Cut|p1a: Incineroar
|-damage|p1a: Incineroar|39/100
|move|p2a: Indeedee|Psychic|p1a: Incineroar
|-damage|p1a: Incineroar|13/100
|move|p1a: Incineroar|Knock Off|p2a: Indeedee
|-supereffective|p2a: Indeedee
|-damage|p2a: Indeedee|2/100
|
|-weather|RainDance|[upkeep]
|-heal|p2b: Gallade|56/100|[from] Grassy Terrain
|-heal|p2a: Indeedee|8/100|[from] Grassy Terrain
|-heal|p1a: Incineroar|19/100|[from] Grassy Terrain
|upkeep
|turn|3
|inactive|Freudianbreath has 30 seconds left.
|inactive|Freudianbreath has 20 seconds left.
|inactive|Freudianbreath has 15 seconds left.
|inactive|Freudianbreath has 10 seconds left.
|
|t:|1756956049
|switch|p2a: Torkoal|Torkoal, L50, M, shiny|100/100
|-weather|SunnyDay|[from] ability: Drought|[of] p2a: Torkoal
|move|p1b: Rillaboom|Grassy Glide|p2b: Gallade
|-damage|p2b: Gallade|7/100
|move|p2b: Gallade|Sacred Sword|p1b: Rillaboom
|-damage|p1b: Rillaboom|35/100
|move|p1a: Incineroar|Knock Off|p2a: Torkoal
|-damage|p2a: Torkoal|70/100
|-enditem|p2a: Torkoal|Charcoal|[from] move: Knock Off|[of] p1a: Incineroar
|
|-weather|SunnyDay|[upkeep]
|-heal|p2a: Torkoal|76/100|[from] Grassy Terrain
|-heal|p2b: Gallade|12/100|[from] Grassy Terrain
|-heal|p1a: Incineroar|25/100|[from] Grassy Terrain
|-heal|p1b: Rillaboom|41/100|[from] Grassy Terrain
|upkeep
|turn|4
|inactive|Freudianbreath has 30 seconds left.
|inactive|Freudianbreath has 20 seconds left.
|inactive|Freudianbreath has 15 seconds left.
|inactive|Freudianbreath has 10 seconds left.
|
|t:|1756956096
|switch|p2b: Indeedee|Indeedee-F, L50, F, shiny|8/100
|-fieldstart|move: Psychic Terrain|[from] ability: Psychic Surge|[of] p2b: Indeedee
|switch|p1b: Pelipper|Pelipper, L50, F|100/100
|-weather|RainDance|[from] ability: Drizzle|[of] p1b: Pelipper
|move|p2a: Torkoal|Eruption|p1b: Pelipper|[spread] p1a,p1b
|-resisted|p1b: Pelipper
|-damage|p1a: Incineroar|12/100
|-damage|p1b: Pelipper|87/100
|move|p1a: Incineroar|Knock Off|p2b: Indeedee
|-supereffective|p2b: Indeedee
|-crit|p2b: Indeedee
|-damage|p2b: Indeedee|0 fnt
|faint|p2b: Indeedee
|
|-weather|RainDance|[upkeep]
|upkeep
|
|t:|1756956112
|switch|p2b: Gallade|Gallade, L50, M, shiny|12/100
|turn|5
|inactive|Freudianbreath has 30 seconds left.
|inactive|Freudianbreath has 20 seconds left.
|inactive|Freudianbreath has 15 seconds left.
|
|t:|1756956155
|switch|p2a: Hatterene|Hatterene, L50, F, shiny|100/100
|move|p1b: Pelipper|Protect|p1b: Pelipper
|-singleturn|p1b: Pelipper|Protect
|move|p2b: Gallade|Psycho Cut|p1b: Pelipper
|-activate|p1b: Pelipper|move: Protect
|move|p1a: Incineroar|Knock Off|p2b: Gallade
|-damage|p2b: Gallade|0 fnt
|-enditem|p2b: Gallade|Clear Amulet|[from] move: Knock Off|[of] p1a: Incineroar
|faint|p2b: Gallade
|
|-weather|RainDance|[upkeep]
|-fieldend|move: Trick Room
|upkeep
|
|t:|1756956166
|switch|p2b: Torkoal|Torkoal, L50, M, shiny|76/100
|-weather|SunnyDay|[from] ability: Drought|[of] p2b: Torkoal
|turn|6
|inactive|Freudianbreath has 30 seconds left.
|inactive|Freudianbreath has 20 seconds left.
|inactive|Freudianbreath has 15 seconds left.
|
|t:|1756956207
|-terastallize|p2b: Torkoal|Fire
|move|p1b: Pelipper|Weather Ball|p2b: Torkoal
|-resisted|p2b: Torkoal
|-damage|p2b: Torkoal|47/100
|move|p1a: Incineroar|Flare Blitz|p2a: Hatterene
|-damage|p2a: Hatterene|23/100
|-damage|p1a: Incineroar|0 fnt|[from] Recoil
|faint|p1a: Incineroar
|move|p2b: Torkoal|Eruption|p1b: Pelipper
|-resisted|p1b: Pelipper
|-damage|p1b: Pelipper|36/100
|move|p2a: Hatterene|Trick Room|p2a: Hatterene
|-fieldstart|move: Trick Room|[of] p2a: Hatterene
|
|-weather|SunnyDay|[upkeep]
|upkeep
|inactive|Freudianbreath has 30 seconds left.
|
|t:|1756956238
|switch|p1a: Palafin|Palafin, L50, F|100/100
|turn|7
|inactive|Freudianbreath has 30 seconds left.
|inactive|Freudianbreath has 20 seconds left.
|
|t:|1756956277
|detailschange|p1a: Palafin|Palafin-Hero, L50, F
|switch|p1a: Rillaboom|Rillaboom, L50, F|41/100
|-fieldstart|move: Grassy Terrain|[from] ability: Grassy Surge|[of] p1a: Rillaboom
|move|p1b: Pelipper|Protect|p1b: Pelipper
|-singleturn|p1b: Pelipper|Protect
|move|p2b: Torkoal|Eruption|p1a: Rillaboom|[spread] p1a
|-activate|p1b: Pelipper|move: Protect
|-supereffective|p1a: Rillaboom
|-damage|p1a: Rillaboom|0 fnt
|faint|p1a: Rillaboom
|move|p2a: Hatterene|Dazzling Gleam|p1b: Pelipper
|-activate|p1b: Pelipper|move: Protect
|
|-weather|SunnyDay|[upkeep]
|-heal|p2b: Torkoal|53/100|[from] Grassy Terrain
|-heal|p2a: Hatterene|28/100|[from] Grassy Terrain
|upkeep
|
|t:|1756956279
|switch|p1a: Palafin|Palafin-Hero, L50, F|100/100
|-activate|p1a: Palafin|ability: Zero to Hero
|turn|8
|inactive|Freudianbreath has 30 seconds left.
|
|t:|1756956310
|move|p1a: Palafin|Jet Punch|p2a: Hatterene
|-damage|p2a: Hatterene|9/100
|move|p2b: Torkoal|Overheat|p1a: Palafin
|-resisted|p1a: Palafin
|-damage|p1a: Palafin|60/100
|-unboost|p2b: Torkoal|spa|2
|move|p2a: Hatterene|Dazzling Gleam|p1a: Palafin|[spread] p1a,p1b
|-damage|p1a: Palafin|26/100
|-damage|p1b: Pelipper|0 fnt
|faint|p1b: Pelipper
|-damage|p2a: Hatterene|0 fnt|[from] item: Life Orb
|faint|p2a: Hatterene
|
|-weather|SunnyDay|[upkeep]
|-heal|p2b: Torkoal|59/100|[from] Grassy Terrain
|-heal|p1a: Palafin|32/100|[from] Grassy Terrain
|-heal|p1a: Palafin|38/100|[from] item: Leftovers
|upkeep
|turn|9
|inactive|Freudianbreath has 30 seconds left.
|
|t:|1756956339
|move|p1a: Palafin|Jet Punch|p2b: Torkoal
|-supereffective|p2b: Torkoal
|-damage|p2b: Torkoal|36/100
|move|p2b: Torkoal|Overheat|p1a: Palafin
|-resisted|p1a: Palafin
|-damage|p1a: Palafin|16/100
|-unboost|p2b: Torkoal|spa|2
|
|-weather|SunnyDay|[upkeep]
|-heal|p2b: Torkoal|42/100|[from] Grassy Terrain
|-heal|p1a: Palafin|22/100|[from] Grassy Terrain
|-heal|p1a: Palafin|28/100|[from] item: Leftovers
|upkeep
|turn|10
|inactive|Freudianbreath has 30 seconds left.
|-message|aldishh forfeited.
|
|win|Freudianbreath
|l|☆aldishh
|player|p2|
||aldishh is ready for game 2.
||Freudianbreath is ready for game 2.
|uhtml|next|Next: Game 2 of 3
