|j|☆NiL312
|j|☆Backwards_Aerial
|html|NiL312Backwards_Aerial    
|uhtml|bestof|Game 1 of a best-of-3
|t:|1784688597
|gametype|doubles
|player|p1|NiL312|101|
|player|p2|Backwards_Aerial|palmer|
|gen|9
|tier|[Gen 9 Champions] VGC 2026 Reg M-B (Bo3)
|rule|Species Clause: Limit one of each Pokémon
|rule|Item Clause: Limit 1 of each item
|clearpoke
|poke|p1|Mawile, L50, F|
|poke|p1|Farigiraf, L50, M|
|poke|p1|Garchomp, L50, F|
|poke|p1|Blastoise, L50, M|
|poke|p1|Talonflame, L50, M|
|poke|p1|Mimikyu, L50, M|
|poke|p2|Swampert, L50, M, shiny|
|poke|p2|Noivern, L50, F|
|poke|p2|Scrafty, L50, M|
|poke|p2|Politoed, L50, M|
|poke|p2|Sceptile, L50, M|
|poke|p2|Rotom-Heat, L50|
|teampreview|4
|showteam|p1|Mawile||Mawilite|HyperCutter|PlayRough,SuckerPunch,SwordsDance,Protect|Brave||F|||50|]Farigiraf||ColburBerry|ArmorTail|TrickRoom,HelpingHand,HyperVoice,EnergyBall|Quiet||M|||50|]Garchomp||LifeOrb|RoughSkin|Earthquake,RockSlide,DragonClaw,Protect|Jolly||F|||50|]Blastoise||Blastoisinite|Torrent|WaterSpout,DarkPulse,AuraSphere,FakeOut|Modest||M|||50|]Talonflame||FocusSash|GaleWings|Tailwind,DualWingbeat,FlareBlitz,SunnyDay|Jolly||M|||50|]Mimikyu||SpellTag|Disguise|ShadowSneak,ShadowClaw,PlayRough,Protect|Brave||M|||50|
|showteam|p2|Swampert||Swampertite|Torrent|WaveCrash,Earthquake,FlipTurn,Protect|Adamant||M|||50|]Noivern||LifeOrb|Telepathy|Hurricane,Tailwind,DracoMeteor,Protect|Modest||F|||50|]Scrafty||SitrusBerry|Intimidate|FakeOut,KnockOff,CloseCombat,Protect|Impish||M|||50|]Politoed||RindoBerry|Drizzle|WeatherBall,RainDance,Encore,Protect|Calm||M|||50|]Sceptile||Sceptilite|Overgrow|GrassKnot,DragonPulse,EarthPower,Protect|Modest||M|||50|]Rotom-Heat||PasshoBerry|Levitate|Discharge,Overheat,ThunderWave,HelpingHand|Modest|||||50|
|
|t:|1784688681
|teamsize|p1|4
|teamsize|p2|4
|start
|switch|p1a: do geese see god|Farigiraf, L50, M|100/100
|switch|p1b: savetheturtles|Blastoise, L50, M|100/100
|switch|p2a: Mr. Drizzle|Politoed, L50, M|100/100
|switch|p2b: WolfeyVGCfromTemu|Scrafty, L50, M|100/100
|-weather|RainDance|[from] ability: Drizzle|[of] p2a: Mr. Drizzle
|-ability|p2b: WolfeyVGCfromTemu|Intimidate|boost
|-unboost|p1a: do geese see god|atk|1
|-unboost|p1b: savetheturtles|atk|1
|turn|1
|
|t:|1784688709
|detailschange|p1b: savetheturtles|Blastoise-Mega, L50, M
|-mega|p1b: savetheturtles|Blastoise|Blastoisinite
|move|p1b: savetheturtles|Fake Out|p2b: WolfeyVGCfromTemu
|-damage|p2b: WolfeyVGCfromTemu|94/100
|move|p2a: Mr. Drizzle|Weather Ball|p1a: do geese see god
|-damage|p1a: do geese see god|51/100
|cant|p2b: WolfeyVGCfromTemu|flinch
|move|p1a: do geese see god|Trick Room|p1a: do geese see god
|-fieldstart|move: Trick Room|[of] p1a: do geese see god
|
|-weather|RainDance|[upkeep]
|upkeep
|turn|2
|
|t:|1784688829
|move|p1a: do geese see god|Helping Hand|p1b: savetheturtles
|-singleturn|p1b: savetheturtles|Helping Hand|[of] p1a: do geese see god
|move|p2b: WolfeyVGCfromTemu|Protect|p2b: WolfeyVGCfromTemu
|-singleturn|p2b: WolfeyVGCfromTemu|Protect
|move|p2a: Mr. Drizzle|Weather Ball|p1a: do geese see god
|-damage|p1a: do geese see god|1/100
|move|p1b: savetheturtles|Aura Sphere|p2b: WolfeyVGCfromTemu
|-activate|p2b: WolfeyVGCfromTemu|move: Protect
|
|-weather|RainDance|[upkeep]
|upkeep
|turn|3
|
|t:|1784688854
|switch|p2b: echo gecho|Noivern, L50, F|100/100
|move|p1a: do geese see god|Energy Ball|p2a: Mr. Drizzle
|-supereffective|p2a: Mr. Drizzle|1
|-enditem|p2a: Mr. Drizzle|Rindo Berry|[eat]
|-enditem|p2a: Mr. Drizzle|Rindo Berry|[weaken]
|-damage|p2a: Mr. Drizzle|79/100
|move|p2a: Mr. Drizzle|Weather Ball|p1a: do geese see god
|-damage|p1a: do geese see god|0 fnt
|faint|p1a: do geese see god
|move|p1b: savetheturtles|Water Spout|p2b: echo gecho|[spread] p2a,p2b
|-resisted|p2a: Mr. Drizzle|1
|-resisted|p2b: echo gecho|1
|-damage|p2a: Mr. Drizzle|44/100
|-damage|p2b: echo gecho|42/100
|
|-weather|RainDance|[upkeep]
|upkeep
|
|t:|1784688869
|switch|p1a: pikawho|Mimikyu, L50, M|100/100
|turn|4
|
|t:|1784688893
|move|p2a: Mr. Drizzle|Protect|p2a: Mr. Drizzle
|-singleturn|p2a: Mr. Drizzle|Protect
|move|p2b: echo gecho|Protect|p2b: echo gecho
|-singleturn|p2b: echo gecho|Protect
|move|p1b: savetheturtles|Water Spout|p2b: echo gecho|[spread] 
|-activate|p2a: Mr. Drizzle|move: Protect
|-activate|p2b: echo gecho|move: Protect
|move|p1a: pikawho|Shadow Claw|p2a: Mr. Drizzle
|-activate|p2a: Mr. Drizzle|move: Protect
|
|-weather|RainDance|[upkeep]
|upkeep
|turn|5
|
|t:|1784688970
|switch|p2a: WolfeyVGCfromTemu|Scrafty, L50, M|94/100
|-ability|p2a: WolfeyVGCfromTemu|Intimidate|boost
|-unboost|p1a: pikawho|atk|1
|-unboost|p1b: savetheturtles|atk|1
|move|p2b: echo gecho|Protect||[still]
|-fail|p2b: echo gecho
|move|p1b: savetheturtles|Water Spout|p2a: WolfeyVGCfromTemu|[spread] p2a,p2b
|-resisted|p2b: echo gecho|1
|-damage|p2a: WolfeyVGCfromTemu|6/100
|-damage|p2b: echo gecho|0 fnt
|-enditem|p2a: WolfeyVGCfromTemu|Sitrus Berry|[eat]
|-heal|p2a: WolfeyVGCfromTemu|31/100|[from] item: Sitrus Berry
|faint|p2b: echo gecho
|move|p1a: pikawho|Play Rough|p2a: WolfeyVGCfromTemu
|-supereffective|p2a: WolfeyVGCfromTemu|2
|-damage|p2a: WolfeyVGCfromTemu|0 fnt
|faint|p2a: WolfeyVGCfromTemu
|
|-weather|none
|-fieldend|move: Trick Room
|upkeep
|
|t:|1784688988
|switch|p2b: Mr. Drizzle|Politoed, L50, M|44/100
|switch|p2a: The Annihilator|Swampert, L50, M, shiny|100/100
|-weather|RainDance|[from] ability: Drizzle|[of] p2b: Mr. Drizzle
|turn|6
|
|t:|1784689040
|detailschange|p2a: The Annihilator|Swampert-Mega, L50, M, shiny
|-mega|p2a: The Annihilator|Swampert|Swampertite
|move|p2b: Mr. Drizzle|Protect|p2b: Mr. Drizzle
|-singleturn|p2b: Mr. Drizzle|Protect
|move|p2a: The Annihilator|Earthquake|p1b: savetheturtles|[spread] p1a,p1b
|-activate|p2b: Mr. Drizzle|move: Protect
|-activate|p1a: pikawho|ability: Disguise
|-damage|p1a: pikawho|100/100
|-damage|p1b: savetheturtles|62/100
|detailschange|p1a: pikawho|Mimikyu-Busted, L50, M
|-damage|p1a: pikawho|87/100|[from] pokemon: Mimikyu-Busted
|move|p1a: pikawho|Shadow Claw|p2b: Mr. Drizzle
|-activate|p2b: Mr. Drizzle|move: Protect
|move|p1b: savetheturtles|Aura Sphere|p2a: The Annihilator
|-damage|p2a: The Annihilator|58/100
|
|-weather|RainDance|[upkeep]
|upkeep
|turn|7
|
|t:|1784689088
|move|p2a: The Annihilator|Wave Crash|p1b: savetheturtles
|-resisted|p1b: savetheturtles|1
|-damage|p1b: savetheturtles|12/100
|-damage|p2a: The Annihilator|41/100|[from] Recoil
|move|p1a: pikawho|Shadow Claw|p2b: Mr. Drizzle
|-damage|p2b: Mr. Drizzle|13/100
|move|p1b: savetheturtles|Dark Pulse|p2b: Mr. Drizzle
|-damage|p2b: Mr. Drizzle|0 fnt
|faint|p2b: Mr. Drizzle
|
|-weather|RainDance|[upkeep]
|upkeep
|turn|8
|
|t:|1784689112
|move|p2a: The Annihilator|Earthquake|p1b: savetheturtles|[spread] p1a,p1b
|-damage|p1a: pikawho|24/100
|-damage|p1b: savetheturtles|0 fnt
|faint|p1b: savetheturtles
|move|p1a: pikawho|Shadow Claw|p2a: The Annihilator
|-crit|p2a: The Annihilator
|-damage|p2a: The Annihilator|0 fnt
|faint|p2a: The Annihilator
|
|win|NiL312
|inactive|NiL312 has 30 seconds to confirm battle start!
|inactive|Backwards_Aerial has 30 seconds to confirm battle start!
||Backwards_Aerial is ready for game 2.
||NiL312 is ready for game 2.
|uhtml|next|Next: Game 2 of 3
