|j|☆superstar jamie
|j|☆long neck phil
|html|superstar jamielong neck phil    
|uhtml|bestof|Game 2 of a best-of-3
|t:|1783883111
|gametype|doubles
|player|p1|superstar jamie|#bsplviihoustonstealthrockets|
|player|p2|long neck phil|n|
|gen|9
|tier|[Gen 9 Champions] VGC 2026 Reg M-B (Bo3)
|rule|Species Clause: Limit one of each Pokémon
|rule|Item Clause: Limit 1 of each item
|clearpoke
|poke|p1|Hydreigon, L50, F|
|poke|p1|Garchomp, L50, M|
|poke|p1|Metagross, L50|
|poke|p1|Charizard, L50, M|
|poke|p1|Grimmsnarl, L50, M|
|poke|p1|Toxapex, L50, M|
|poke|p2|Incineroar, L50, F|
|poke|p2|Garchomp, L50, M|
|poke|p2|Staraptor, L50, M|
|poke|p2|Basculegion, L50, M|
|poke|p2|Whimsicott, L50, F|
|poke|p2|Glimmora, L50, F|
|teampreview|4
|showteam|p1|Hydreigon||ChoiceScarf|Levitate|HeatWave,DarkPulse,DracoMeteor,Snarl|Modest||F|||50|]Garchomp||SitrusBerry|RoughSkin|Earthquake,RockSlide,DragonClaw,Protect|Adamant||M|||50|]Metagross||Metagrossite|ClearBody|IronHead,HammerArm,BulletPunch,Protect|Adamant|||||50|]Charizard||CharizarditeY|Blaze|Protect,HeatWave,SolarBeam,WeatherBall|Timid||M|||50|]Grimmsnarl||RoseliBerry|Prankster|FakeOut,FoulPlay,Reflect,PartingShot|Sassy||M|||50|]Toxapex||Leftovers|Regenerator|Infestation,Toxic,BanefulBunker,WideGuard|Bold||M|||50|
|showteam|p2|Incineroar||SitrusBerry|Intimidate|FakeOut,PartingShot,FlareBlitz,ThroatChop|Impish||F|||50|]Garchomp||LifeOrb|RoughSkin|DragonClaw,StompingTantrum,RockSlide,Protect|Jolly||M|||50|]Staraptor||Staraptite|Intimidate|DualWingbeat,CloseCombat,Protect,Roost|Jolly||M|||50|]Basculegion||ChoiceScarf|Adaptability|WaveCrash,FlipTurn,LastRespects,Liquidation|Jolly||M|||50|]Whimsicott||FocusSash|Prankster|Moonblast,Tailwind,Charm,Protect|Timid||F|||50|]Glimmora||Glimmoranite|ToxicDebris|PowerGem,SludgeBomb,EarthPower,SpikyShield|Timid||F|||50|
|j| Cobra Mawi
|
|t:|1783883200
|teamsize|p1|4
|teamsize|p2|4
|start
|switch|p1a: Grimmsnarl|Grimmsnarl, L50, M|100/100
|switch|p1b: Metagross|Metagross, L50|100/100
|switch|p2a: Staraptor|Staraptor, L50, M|100/100
|switch|p2b: Whimsicott|Whimsicott, L50, F|100/100
|-ability|p2a: Staraptor|Intimidate|boost
|-unboost|p1a: Grimmsnarl|atk|1
|-fail|p1b: Metagross|unboost|[from] ability: Clear Body|[of] p1b: Metagross
|turn|1
|
|t:|1783883217
|detailschange|p2a: Staraptor|Staraptor-Mega, L50, M
|-mega|p2a: Staraptor|Staraptor|Staraptite
|detailschange|p1b: Metagross|Metagross-Mega, L50
|-mega|p1b: Metagross|Metagross|Metagrossite
|move|p2b: Whimsicott|Protect|p2b: Whimsicott
|-singleturn|p2b: Whimsicott|Protect
|move|p2a: Staraptor|Protect|p2a: Staraptor
|-singleturn|p2a: Staraptor|Protect
|move|p1a: Grimmsnarl|Fake Out|p2b: Whimsicott
|-activate|p2b: Whimsicott|move: Protect
|move|p1b: Metagross|Iron Head|p2b: Whimsicott
|-activate|p2b: Whimsicott|move: Protect
|
|upkeep
|turn|2
|
|t:|1783883254
|move|p2b: Whimsicott|Charm|p1b: Metagross
|-unboost|p1b: Metagross|atk|2
|move|p1a: Grimmsnarl|Reflect|p1a: Grimmsnarl
|-sidestart|p1: superstar jamie|Reflect
|move|p2a: Staraptor|Close Combat|p1a: Grimmsnarl
|-damage|p1a: Grimmsnarl|59/100
|-boost|p2a: Staraptor|def|1
|-boost|p2a: Staraptor|spd|1
|move|p1b: Metagross|Iron Head|p2a: Staraptor
|-damage|p2a: Staraptor|77/100
|
|upkeep
|turn|3
|
|t:|1783883275
|move|p2b: Whimsicott|Charm|p2a: Staraptor
|-boost|p2a: Staraptor|atk|2
|move|p2a: Staraptor|Close Combat|p1a: Grimmsnarl
|-damage|p1a: Grimmsnarl|0 fnt
|-boost|p2a: Staraptor|def|1
|-boost|p2a: Staraptor|spd|1
|faint|p1a: Grimmsnarl
|move|p1b: Metagross|Iron Head|p2b: Whimsicott
|-supereffective|p2b: Whimsicott|1
|-damage|p2b: Whimsicott|28/100
|
|upkeep
|
|t:|1783883285
|switch|p1a: Toxapex|Toxapex, L50, M|100/100
|turn|4
|
|t:|1783883293
|move|p2b: Whimsicott|Charm|p2a: Staraptor
|-boost|p2a: Staraptor|atk|2
|move|p1b: Metagross|Bullet Punch|p2b: Whimsicott
|-supereffective|p2b: Whimsicott|1
|-damage|p2b: Whimsicott|0 fnt
|faint|p2b: Whimsicott
|move|p2a: Staraptor|Close Combat|p1b: Metagross
|-damage|p1b: Metagross|5/100
|-boost|p2a: Staraptor|def|1
|-boost|p2a: Staraptor|spd|1
|move|p1a: Toxapex|Toxic|p2a: Staraptor
|-status|p2a: Staraptor|tox
|
|-damage|p2a: Staraptor|70/100 tox|[from] psn
|upkeep
|
|t:|1783883296
|switch|p2b: Incineroar|Incineroar, L50, F|100/100
|-ability|p2b: Incineroar|Intimidate|boost
|-unboost|p1a: Toxapex|atk|1
|-unboost|p1b: Metagross|atk|1
|turn|5
|
|t:|1783883312
|move|p1b: Metagross|Protect|p1b: Metagross
|-singleturn|p1b: Metagross|Protect
|move|p1a: Toxapex|Baneful Bunker|p1a: Toxapex
|-singleturn|p1a: Toxapex|move: Protect
|move|p2b: Incineroar|Fake Out|p1b: Metagross
|-activate|p1b: Metagross|move: Protect
|move|p2a: Staraptor|Close Combat|p1a: Toxapex
|-activate|p1a: Toxapex|move: Protect
|
|-damage|p2a: Staraptor|58/100 tox|[from] psn
|upkeep
|turn|6
|
|t:|1783883333
|switch|p1b: Hydreigon|Hydreigon, L50, F|100/100
|move|p2a: Staraptor|Dual Wingbeat|p1a: Toxapex
|-damage|p1a: Toxapex|73/100
|-damage|p1a: Toxapex|43/100
|-hitcount|p1a: Toxapex|2
|move|p2b: Incineroar|Throat Chop|p1b: Hydreigon
|-resisted|p1b: Hydreigon|1
|-damage|p1b: Hydreigon|89/100
|-start|p1b: Hydreigon|Throat Chop|[silent]
|move|p1a: Toxapex|Infestation|p2a: Staraptor
|-resisted|p2a: Staraptor|2
|-damage|p2a: Staraptor|57/100 tox
|-activate|p2a: Staraptor|move: Infestation|[of] p1a: Toxapex
|
|-heal|p1a: Toxapex|49/100|[from] item: Leftovers
|-damage|p2a: Staraptor|39/100 tox|[from] psn
|-damage|p2a: Staraptor|26/100 tox|[from] move: Infestation|[partiallytrapped]
|-sideend|p1: superstar jamie|Reflect
|upkeep
|turn|7
|
|t:|1783883357
|move|p1b: Hydreigon|Dark Pulse|p2a: Staraptor
|-resisted|p2a: Staraptor|1
|-damage|p2a: Staraptor|15/100 tox
|cant|p2a: Staraptor|flinch
|move|p2b: Incineroar|Parting Shot|p1b: Hydreigon
|-unboost|p1b: Hydreigon|atk|1
|-unboost|p1b: Hydreigon|spa|1
|
|t:|1783883360
|switch|p2b: Garchomp|Garchomp, L50, M|100/100|[from] Parting Shot
|move|p1a: Toxapex|Toxic|p2b: Garchomp
|-status|p2b: Garchomp|tox
|
|-heal|p1a: Toxapex|54/100|[from] item: Leftovers
|-damage|p2a: Staraptor|0 fnt|[from] psn
|faint|p2a: Staraptor
|-damage|p2b: Garchomp|94/100 tox|[from] psn
|-end|p1b: Hydreigon|Throat Chop|[silent]
|upkeep
|
|t:|1783883362
|switch|p2a: Incineroar|Incineroar, L50, F|100/100
|-ability|p2a: Incineroar|Intimidate|boost
|-unboost|p1a: Toxapex|atk|1
|-unboost|p1b: Hydreigon|atk|1
|turn|8
|
|t:|1783883382
|switch|p1b: Metagross|Metagross-Mega, L50|5/100
|move|p1a: Toxapex|Baneful Bunker|p1a: Toxapex
|-singleturn|p1a: Toxapex|move: Protect
|move|p2b: Garchomp|Stomping Tantrum|p1a: Toxapex
|-activate|p1a: Toxapex|move: Protect
|move|p2a: Incineroar|Parting Shot|p1b: Metagross
|-unboost|p1b: Metagross|atk|1
|-unboost|p1b: Metagross|spa|1
|
|-heal|p1a: Toxapex|60/100|[from] item: Leftovers
|-damage|p2b: Garchomp|82/100 tox|[from] psn
|upkeep
|turn|9
|
|t:|1783883414
|move|p2b: Garchomp|Stomping Tantrum|p1a: Toxapex
|-supereffective|p1a: Toxapex|1
|-damage|p1a: Toxapex|0 fnt
|faint|p1a: Toxapex
|-damage|p2b: Garchomp|72/100 tox|[from] item: Life Orb
|move|p1b: Metagross|Hammer Arm|p2a: Incineroar
|-supereffective|p2a: Incineroar|1
|-damage|p2a: Incineroar|48/100
|-unboost|p1b: Metagross|spe|1
|-enditem|p2a: Incineroar|Sitrus Berry|[eat]
|-heal|p2a: Incineroar|73/100|[from] item: Sitrus Berry
|move|p2a: Incineroar|Throat Chop|p1b: Metagross
|-supereffective|p1b: Metagross|1
|-damage|p1b: Metagross|0 fnt
|faint|p1b: Metagross
|
|-damage|p2b: Garchomp|54/100 tox|[from] psn
|upkeep
|
|t:|1783883431
|switch|p1a: Hydreigon|Hydreigon, L50, F|89/100
|turn|10
|
|t:|1783883444
|move|p2b: Garchomp|Protect|p2b: Garchomp
|-singleturn|p2b: Garchomp|Protect
|move|p1a: Hydreigon|Draco Meteor|p2b: Garchomp
|-activate|p2b: Garchomp|move: Protect
|move|p2a: Incineroar|Parting Shot|p1a: Hydreigon
|-unboost|p1a: Hydreigon|atk|1
|-unboost|p1a: Hydreigon|spa|1
|
|-damage|p2b: Garchomp|30/100 tox|[from] psn
|upkeep
|turn|11
|
|t:|1783883455
|move|p1a: Hydreigon|Draco Meteor|p2b: Garchomp
|-supereffective|p2b: Garchomp|1
|-damage|p2b: Garchomp|0 fnt
|-unboost|p1a: Hydreigon|spa|2
|faint|p2b: Garchomp
|move|p2a: Incineroar|Flare Blitz|p1a: Hydreigon
|-resisted|p1a: Hydreigon|1
|-damage|p1a: Hydreigon|61/100
|-damage|p2a: Incineroar|65/100|[from] Recoil
|
|upkeep
|turn|12
|
|t:|1783883466
|move|p1a: Hydreigon|Draco Meteor|p2a: Incineroar
|-damage|p2a: Incineroar|42/100
|-unboost|p1a: Hydreigon|spa|2
|move|p2a: Incineroar|Throat Chop|p1a: Hydreigon
|-resisted|p1a: Hydreigon|1
|-damage|p1a: Hydreigon|44/100
|-start|p1a: Hydreigon|Throat Chop|[silent]
|
|upkeep
|turn|13
|
|t:|1783883474
|move|p1a: Hydreigon|Draco Meteor|p2a: Incineroar
|-damage|p2a: Incineroar|24/100
|-unboost|p1a: Hydreigon|spa|1
|move|p2a: Incineroar|Flare Blitz|p1a: Hydreigon
|-resisted|p1a: Hydreigon|1
|-damage|p1a: Hydreigon|16/100
|-damage|p2a: Incineroar|16/100|[from] Recoil
|
|-end|p1a: Hydreigon|Throat Chop|[silent]
|upkeep
|turn|14
|j| Cerebellibrarian
|
|t:|1783883483
|move|p1a: Hydreigon|Draco Meteor|p2a: Incineroar
|-damage|p2a: Incineroar|1/100
|move|p2a: Incineroar|Flare Blitz|p1a: Hydreigon
|-resisted|p1a: Hydreigon|1
|-damage|p1a: Hydreigon|0 fnt
|faint|p1a: Hydreigon
|-damage|p2a: Incineroar|0 fnt|[from] Recoil
|faint|p2a: Incineroar
|
|win|long neck phil
||long neck phil is ready for game 3.
||superstar jamie is ready for game 3.
|uhtml|next|Next: Game 3 of 3
|l| Cerebellibrarian
