|j|ŌśåLeafeon Main?
|j|ŌśåTijerben000
|html|Leafeon Main?Tijerben000    
|uhtml|bestof|Game 2 of a best-of-3
|t:|1785882228
|gametype|doubles
|player|p1|Leafeon Main?|cheryl|
|player|p2|Tijerben000|cheren-gen5bw2|
|gen|9
|tier|[Gen 9 Champions] VGC 2026 Reg M-B (Bo3)
|rule|Species Clause: Limit one of each Pok├®mon
|rule|Item Clause: Limit 1 of each item
|raw|1 custom rule: !Force Open Team Sheets
|clearpoke
|poke|p1|Gengar, L50, F|
|poke|p1|Ninetales-Alola, L50, F|
|poke|p1|Whimsicott, L50, F|
|poke|p1|Jolteon, L50, M|
|poke|p1|Politoed, L50, F|
|poke|p1|Leafeon, L50, F|
|poke|p2|Mawile, L50, M, shiny|
|poke|p2|Rotom-Wash, L50, shiny|
|poke|p2|Meowstic, L50, M, shiny|
|poke|p2|Toxicroak, L50, M, shiny|
|poke|p2|Starmie, L50, shiny|
|poke|p2|Staraptor, L50, F, shiny|
|teampreview|4
|j| yungsmokey
|c|ŌśåTijerben000|round two holy shit
|c| yungsmokey|hello hello
|c|ŌśåLeafeon Main?|I've been waiting for that
|c|ŌśåTijerben000|hey ;)
|c|ŌśåTijerben000|lmaooo
|
|t:|1785882282
|teamsize|p1|4
|teamsize|p2|4
|start
|switch|p1a: Cleric|Ninetales-Alola, L50, F|100/100
|switch|p1b: Sorcerer|Gengar, L50, F|100/100
|switch|p2a: Staraptor|Staraptor, L50, F, shiny|100/100
|switch|p2b: Mawile|Mawile, L50, M, shiny|100/100
|-ability|p2a: Staraptor|Intimidate|boost
|-unboost|p1a: Cleric|atk|1
|-unboost|p1b: Sorcerer|atk|1
|-weather|Snowscape|[from] ability: Snow Warning|[of] p1a: Cleric
|turn|1
|
|t:|1785882317
|detailschange|p1b: Sorcerer|Gengar-Mega, L50, F
|-mega|p1b: Sorcerer|Gengar|Gengarite
|detailschange|p2b: Mawile|Mawile-Mega, L50, M, shiny
|-mega|p2b: Mawile|Mawile|Mawilite
|move|p1b: Sorcerer|Protect|p1b: Sorcerer
|-singleturn|p1b: Sorcerer|Protect
|move|p2b: Mawile|Sucker Punch||[still]
|-fail|p2b: Mawile
|move|p2a: Staraptor|Brave Bird|p1b: Sorcerer
|-activate|p1b: Sorcerer|move: Protect
|move|p1a: Cleric|Blizzard|p2b: Mawile|[spread] p2a,p2b
|-supereffective|p2a: Staraptor|1
|-resisted|p2b: Mawile|1
|-damage|p2a: Staraptor|16/100
|-damage|p2b: Mawile|85/100
|
|-weather|Snowscape|[upkeep]
|upkeep
|turn|2
|
|t:|1785882341
|switch|p1b: Wizard|Jolteon, L50, M|100/100
|move|p2a: Staraptor|Brave Bird|p1b: Wizard
|-resisted|p1b: Wizard|1
|-damage|p1b: Wizard|41/100
|-damage|p2a: Staraptor|0 fnt|[from] Recoil
|faint|p2a: Staraptor
|move|p1a: Cleric|Blizzard|p2b: Mawile
|-resisted|p2b: Mawile|1
|-damage|p2b: Mawile|66/100
|move|p2b: Mawile|Iron Head|p1a: Cleric
|-supereffective|p1a: Cleric|2
|-damage|p1a: Cleric|0 fnt
|faint|p1a: Cleric
|
|-weather|Snowscape|[upkeep]
|upkeep
|
|t:|1785882361
|switch|p1a: Bard|Politoed, L50, F|100/100
|switch|p2a: Toxicroak|Toxicroak, L50, M, shiny|100/100
|-weather|RainDance|[from] ability: Drizzle|[of] p1a: Bard
|turn|3
|
|t:|1785882374
|move|p1b: Wizard|Protect|p1b: Wizard
|-singleturn|p1b: Wizard|Protect
|move|p2b: Mawile|Protect|p2b: Mawile
|-singleturn|p2b: Mawile|Protect
|move|p2a: Toxicroak|Fake Out|p1b: Wizard
|-activate|p1b: Wizard|move: Protect
|move|p1a: Bard|Weather Ball|p2b: Mawile
|-activate|p2b: Mawile|move: Protect
|
|-weather|RainDance|[upkeep]
|upkeep
|turn|4
|
|t:|1785882388
|switch|p1b: Sorcerer|Gengar-Mega, L50, F|100/100
|move|p2a: Toxicroak|Protect|p2a: Toxicroak
|-singleturn|p2a: Toxicroak|Protect
|move|p2b: Mawile|Sucker Punch||[still]
|-fail|p2b: Mawile
|move|p1a: Bard|Weather Ball|p2b: Mawile
|-damage|p2b: Mawile|5/100
|
|-weather|RainDance|[upkeep]
|upkeep
|turn|5
|
|t:|1785882414
|move|p1a: Bard|Protect|p1a: Bard
|-singleturn|p1a: Bard|Protect
|move|p2b: Mawile|Sucker Punch|p1b: Sorcerer
|-supereffective|p1b: Sorcerer|1
|-damage|p1b: Sorcerer|0 fnt
|faint|p1b: Sorcerer
|move|p2a: Toxicroak|Close Combat|p1a: Bard
|-activate|p1a: Bard|move: Protect
|
|-weather|RainDance|[upkeep]
|upkeep
|
|t:|1785882422
|switch|p1b: Wizard|Jolteon, L50, M|41/100
|turn|6
|
|t:|1785882443
|move|p2a: Toxicroak|Protect|p2a: Toxicroak
|-singleturn|p2a: Toxicroak|Protect
|move|p2b: Mawile|Protect|p2b: Mawile
|-singleturn|p2b: Mawile|Protect
|move|p1b: Wizard|Thunderbolt|p2a: Toxicroak
|-activate|p2a: Toxicroak|move: Protect
|move|p1a: Bard|Ice Beam|p2a: Toxicroak
|-activate|p2a: Toxicroak|move: Protect
|
|-weather|RainDance|[upkeep]
|upkeep
|turn|7
|
|t:|1785882459
|move|p1b: Wizard|Protect|p1b: Wizard
|-singleturn|p1b: Wizard|Protect
|move|p2b: Mawile|Sucker Punch||[still]
|-fail|p2b: Mawile
|move|p2a: Toxicroak|Close Combat|p1a: Bard
|-damage|p1a: Bard|36/100
|-unboost|p2a: Toxicroak|def|1
|-unboost|p2a: Toxicroak|spd|1
|move|p1a: Bard|Ice Beam|p2b: Mawile
|-resisted|p2b: Mawile|1
|-damage|p2b: Mawile|0 fnt
|faint|p2b: Mawile
|
|-weather|none
|upkeep
|
|t:|1785882470
|switch|p2b: Starmie|Starmie, L50, shiny|100/100
|turn|8
|
|t:|1785882485
|move|p2b: Starmie|Protect|p2b: Starmie
|-singleturn|p2b: Starmie|Protect
|move|p2a: Toxicroak|Protect|p2a: Toxicroak
|-singleturn|p2a: Toxicroak|Protect
|move|p1a: Bard|Protect|p1a: Bard
|-singleturn|p1a: Bard|Protect
|move|p1b: Wizard|Thunderbolt|p2b: Starmie
|-activate|p2b: Starmie|move: Protect
|
|upkeep
|turn|9
|
|t:|1785882510
|move|p1b: Wizard|Thunderbolt|p2b: Starmie
|-supereffective|p2b: Starmie|1
|-damage|p2b: Starmie|0 fnt
|faint|p2b: Starmie
|move|p2a: Toxicroak|Close Combat|p1b: Wizard
|-damage|p1b: Wizard|0 fnt
|-unboost|p2a: Toxicroak|def|1
|-unboost|p2a: Toxicroak|spd|1
|faint|p1b: Wizard
|move|p1a: Bard|Ice Beam|p2a: Toxicroak
|-damage|p2a: Toxicroak|39/100
|
|upkeep
|turn|10
|c|ŌśåTijerben000|BRING THAT ASS HERE
|
|t:|1785882526
|move|p2a: Toxicroak|Close Combat|p1a: Bard
|-damage|p1a: Bard|0 fnt
|-unboost|p2a: Toxicroak|def|1
|-unboost|p2a: Toxicroak|spd|1
|faint|p1a: Bard
|
|win|Tijerben000
||Leafeon Main? is ready for game 3.
|c|ŌśåTijerben000|round 3 baby!!!
||Tijerben000 is ready for game 3.
|uhtml|next|Next: Game 3 of 3
