|j|☆ultimatezacian
|j|☆palle synchro
|html|ultimatezacianpalle synchro    
|uhtml|bestof|Game 1 of a best-of-3
|t:|1783351581
|gametype|doubles
|player|p1|ultimatezacian|169|1055
|player|p2|palle synchro|volkner|1095
|gen|9
|tier|[Gen 9 Champions] VGC 2026 Reg M-B (Bo3)
|rated|
|rule|Species Clause: Limit one of each Pokémon
|rule|Item Clause: Limit 1 of each item
|clearpoke
|poke|p1|Swampert, L50, F|
|poke|p1|Pelipper, L50, F|
|poke|p1|Basculegion, L50, M|
|poke|p1|Raichu, L50, M|
|poke|p1|Archaludon, L50, M|
|poke|p1|Rotom-Wash, L50|
|poke|p2|Swampert, L50, F|
|poke|p2|Pelipper, L50, F|
|poke|p2|Archaludon, L50, F|
|poke|p2|Venusaur, L50, M|
|poke|p2|Maushold-Four, L50|
|poke|p2|Gholdengo, L50|
|teampreview|4
|showteam|p1|Swampert||Swampertite|Torrent|WaveCrash,Earthquake,FlipTurn,Protect|Adamant||F|||50|]Pelipper||Metronome|Drizzle|Hurricane,IcyWind,Tailwind,WeatherBall|Modest||F|||50|]Basculegion||FocusSash|SwiftSwim|LastRespects,WaveCrash,Protect,AquaJet|Adamant||M|||50|]Raichu||RaichuniteX|LightningRod|FakeOut,VoltTackle,Nuzzle,Trailblaze|Adamant||M|||50|]Archaludon||ShellBell|Stamina|ElectroShot,FlashCannon,DragonPulse,DracoMeteor|Modest||M|||50|]Rotom-Wash||ChoiceScarf|Levitate|Trick,Discharge,HydroPump,VoltSwitch|Modest|||||50|
|showteam|p2|Swampert||Swampertite|Torrent|WaveCrash,HighHorsepower,IcePunch,Protect|Adamant||F|||50|]Pelipper||SitrusBerry|Drizzle|WeatherBall,Hurricane,Tailwind,WideGuard|Modest||F|||50|]Archaludon||Leftovers|Stamina|ElectroShot,DragonPulse,FlashCannon,Protect|Calm||F|||50|]Venusaur||Venusaurite|Chlorophyll|GigaDrain,EarthPower,SludgeBomb,Protect|Modest||M|||50|]Maushold-Four||FocusSash|FriendGuard|FollowMe,SuperFang,RainDance,Protect|Timid|||||50|]Gholdengo||LifeOrb|GoodasGold|MakeItRain,ShadowBall,NastyPlot,Protect|Modest|||||50|
|c|☆ultimatezacian|TimerSwampert, Pelipper will be sent out first.
|c|☆ultimatezacian|Basculegion, Archaludon are in the back
|
|t:|1783351631
|teamsize|p1|4
|teamsize|p2|4
|start
|switch|p1a: Swampert|Swampert, L50, F|100/100
|switch|p1b: Pelipper|Pelipper, L50, F|100/100
|switch|p2a: Venusaur|Venusaur, L50, M|100/100
|switch|p2b: Maushold|Maushold-Four, L50|100/100
|-weather|RainDance|[from] ability: Drizzle|[of] p1b: Pelipper
|turn|1
|
|t:|1783351649
|detailschange|p2a: Venusaur|Venusaur-Mega, L50, M
|-mega|p2a: Venusaur|Venusaur|Venusaurite
|detailschange|p1a: Swampert|Swampert-Mega, L50, F
|-mega|p1a: Swampert|Swampert|Swampertite
|move|p1a: Swampert|Earthquake|p2a: Venusaur|[spread] p2a,p2b
|-immune|p1b: Pelipper
|-damage|p2a: Venusaur|69/100
|-damage|p2b: Maushold|39/100
|move|p2b: Maushold|Super Fang|p1b: Pelipper
|-damage|p1b: Pelipper|50/100g
|move|p2a: Venusaur|Sludge Bomb|p1b: Pelipper
|-damage|p1b: Pelipper|0 fnt
|faint|p1b: Pelipper
|
|-weather|RainDance|[upkeep]
|upkeep
|
|t:|1783351664
|switch|p1b: Archaludon|Archaludon, L50, M|100/100
|turn|2
|
|t:|1783351683
|switch|p1b: Basculegion|Basculegion, L50, M|100/100
|move|p2b: Maushold|Protect|p2b: Maushold
|-singleturn|p2b: Maushold|Protect
|move|p1a: Swampert|Flip Turn|p2a: Venusaur
|-resisted|p2a: Venusaur|1
|-damage|p2a: Venusaur|52/100
|
|t:|1783351691
|switch|p1a: Archaludon|Archaludon, L50, M|100/100|[from] Flip Turn
|move|p2a: Venusaur|Giga Drain|p1a: Archaludon
|-resisted|p1a: Archaludon|2
|-damage|p1a: Archaludon|87/100
|-heal|p2a: Venusaur|58/100|[from] drain|[of] p1a: Archaludon
|-ability|p1a: Archaludon|Stamina|boost
|-boost|p1a: Archaludon|def|1
|
|-weather|RainDance|[upkeep]
|upkeep
|turn|3
|
|t:|1783351707
|switch|p2b: Archaludon|Archaludon, L50, F|100/100
|move|p1b: Basculegion|Last Respects|p2a: Venusaur
|-damage|p2a: Venusaur|17/100
|move|p2a: Venusaur|Giga Drain|p1b: Basculegion
|-supereffective|p1b: Basculegion|1
|-damage|p1b: Basculegion|6/100
|-heal|p2a: Venusaur|67/100|[from] drain|[of] p1b: Basculegion
|move|p1a: Archaludon|Electro Shot||[still]
|-prepare|p1a: Archaludon|Electro Shot
|-boost|p1a: Archaludon|spa|1
|-anim|p1a: Archaludon|Electro Shot|p2b: Archaludon
|-resisted|p2b: Archaludon|1
|-damage|p2b: Archaludon|71/100
|-ability|p2b: Archaludon|Stamina|boost
|-boost|p2b: Archaludon|def|1
|-heal|p1a: Archaludon|90/100|[from] item: Shell Bell|[of] p2b: Archaludon
|
|-weather|RainDance|[upkeep]
|-heal|p2b: Archaludon|77/100|[from] item: Leftovers
|upkeep
|turn|4
|
|t:|1783351725
|move|p1b: Basculegion|Protect|p1b: Basculegion
|-singleturn|p1b: Basculegion|Protect
|move|p2a: Venusaur|Earth Power|p1a: Archaludon
|-supereffective|p1a: Archaludon|1
|-damage|p1a: Archaludon|20/100y
|-ability|p1a: Archaludon|Stamina|boost
|-boost|p1a: Archaludon|def|1
|move|p2b: Archaludon|Dragon Pulse|p1a: Archaludon
|-damage|p1a: Archaludon|0 fnt
|faint|p1a: Archaludon
|
|-weather|RainDance|[upkeep]
|-heal|p2b: Archaludon|83/100|[from] item: Leftovers
|upkeep
|
|t:|1783351734
|switch|p1a: Swampert|Swampert-Mega, L50, F|100/100
|turn|5
|
|t:|1783351739
|move|p2a: Venusaur|Protect|p2a: Venusaur
|-singleturn|p2a: Venusaur|Protect
|move|p1b: Basculegion|Last Respects|p2a: Venusaur
|-activate|p2a: Venusaur|move: Protect
|move|p1a: Swampert|Earthquake|p2b: Archaludon|[spread] p1b,p2b
|-activate|p2a: Venusaur|move: Protect
|-supereffective|p2b: Archaludon|1
|-damage|p1b: Basculegion|0 fnt
|-damage|p2b: Archaludon|33/100
|-ability|p2b: Archaludon|Stamina|boost
|-boost|p2b: Archaludon|def|1
|faint|p1b: Basculegion
|move|p2b: Archaludon|Electro Shot||[still]
|-prepare|p2b: Archaludon|Electro Shot
|-boost|p2b: Archaludon|spa|1
|-anim|p2b: Archaludon|Electro Shot|p1a: Swampert
|-immune|p1a: Swampert
|
|-weather|none
|-heal|p2b: Archaludon|40/100|[from] item: Leftovers
|upkeep
|turn|6
|-message|ultimatezacian forfeited.
|
|win|palle synchro
