|j|☆hungry hillo
|j|☆Cosentino
|html|hungry hilloCosentino    
|uhtml|bestof|Game 2 of a best-of-3
|t:|1757224935
|gametype|doubles
|player|p1|hungry hillo|n|1100
|player|p2|Cosentino|clown|1158
|gen|9
|tier|[Gen 9] VGC 2025 Reg H (Bo3)
|rated|
|rule|Species Clause: Limit one of each Pokémon
|rule|Item Clause: Limit 1 of each item
|clearpoke
|poke|p1|Electabuzz, L50, M|
|poke|p1|Ursaluna-Bloodmoon, L50, M|
|poke|p1|Whimsicott, L50, F|
|poke|p1|Annihilape, L50, M|
|poke|p1|Kingambit, L50, M|
|poke|p1|Volcarona, L50, M|
|poke|p2|Sneasler, L50, M|
|poke|p2|Electabuzz, L50, M|
|poke|p2|Kingambit, L50, M|
|poke|p2|Rillaboom, L50, M|
|poke|p2|Volcarona, L50, F|
|poke|p2|Incineroar, L50, M|
|teampreview|4
|showteam|p1|Electabuzz||Eviolite|VitalSpirit|Thunderbolt,FollowMe,Taunt,Protect|||M|||50|,,,,,Ghost]Ursaluna-Bloodmoon||LifeOrb|MindsEye|EarthPower,BloodMoon,HyperVoice,Protect|||M|||50|,,,,,Normal]Whimsicott||CovertCloak|Prankster|Tailwind,BeatUp,Moonblast,SunnyDay|||F|||50|,,,,,Water]Annihilape||SafetyGoggles|Defiant|RageFist,DrainPunch,BulkUp,Protect|||M|||50|,,,,,Fire]Kingambit||AssaultVest|Defiant|LowKick,KowtowCleave,SuckerPunch,IronHead|||M|||50|,,,,,Fire]Volcarona||Leftovers|FlameBody|HeatWave,QuiverDance,GigaDrain,Protect|||M|||50|,,,,,Grass
|showteam|p2|Sneasler||FocusSash|PoisonTouch|DireClaw,Coaching,Protect,CloseCombat|||M|||50|,,,,,Stellar]Electabuzz||Eviolite|VitalSpirit|FollowMe,Thunderbolt,Taunt,Protect|||M|||50|,,,,,Ghost]Kingambit||BlackGlasses|Defiant|KowtowCleave,SwordsDance,SuckerPunch,Protect|||M|||50|,,,,,Dark]Rillaboom||AssaultVest|GrassySurge|WoodHammer,Uturn,GrassyGlide,FakeOut|||M|||50|,,,,,Water]Volcarona||CovertCloak|FlameBody|HeatWave,TeraBlast,QuiverDance,Protect|||F|||50|,,,,,Fairy]Incineroar||RockyHelmet|Intimidate|KnockOff,WillOWisp,FakeOut,PartingShot|||M|||50|,,,,,Ghost
|
|t:|1757224958
|teamsize|p1|4
|teamsize|p2|4
|start
|switch|p1a: Volcarona|Volcarona, L50, M|100/100
|switch|p1b: Bumble bee|Electabuzz, L50, M|100/100
|switch|p2a: Sneasler|Sneasler, L50, M|100/100
|switch|p2b: Incineroar|Incineroar, L50, M|100/100
|-ability|p2b: Incineroar|Intimidate|boost
|-unboost|p1a: Volcarona|atk|1
|-unboost|p1b: Bumble bee|atk|1
|turn|1
|
|t:|1757224983
|switch|p2a: Electabuzz|Electabuzz, L50, M|100/100
|move|p1b: Bumble bee|Protect|p1b: Bumble bee
|-singleturn|p1b: Bumble bee|Protect
|move|p1a: Volcarona|Protect|p1a: Volcarona
|-singleturn|p1a: Volcarona|Protect
|move|p2b: Incineroar|Parting Shot|p1a: Volcarona
|-activate|p1a: Volcarona|move: Protect
|
|upkeep
|turn|2
|
|t:|1757224995
|move|p1b: Bumble bee|Taunt|p2b: Incineroar
|-start|p2b: Incineroar|move: Taunt
|move|p1a: Volcarona|Quiver Dance|p1a: Volcarona
|-boost|p1a: Volcarona|spa|1
|-boost|p1a: Volcarona|spd|1
|-boost|p1a: Volcarona|spe|1
|move|p2a: Electabuzz|Taunt|p1b: Bumble bee
|-start|p1b: Bumble bee|move: Taunt
|cant|p2b: Incineroar|move: Taunt|Parting Shot
|
|upkeep
|turn|3
|
|t:|1757225019
|move|p1a: Volcarona|Quiver Dance|p1a: Volcarona
|-boost|p1a: Volcarona|spa|1
|-boost|p1a: Volcarona|spd|1
|-boost|p1a: Volcarona|spe|1
|move|p1b: Bumble bee|Thunderbolt|p2b: Incineroar
|-damage|p2b: Incineroar|76/100
|-status|p2b: Incineroar|par
|move|p2a: Electabuzz|Thunderbolt|p1a: Volcarona
|-damage|p1a: Volcarona|86/100
|move|p2b: Incineroar|Knock Off|p1a: Volcarona
|-damage|p1a: Volcarona|45/100
|-enditem|p1a: Volcarona|Leftovers|[from] move: Knock Off|[of] p2b: Incineroar
|
|upkeep
|turn|4
|
|t:|1757225045
|move|p1a: Volcarona|Heat Wave|p2a: Electabuzz|[spread] p2a
|-miss|p1a: Volcarona|p2b: Incineroar
|-crit|p2a: Electabuzz
|-damage|p2a: Electabuzz|21/100
|move|p1b: Bumble bee|Thunderbolt|p2b: Incineroar
|-damage|p2b: Incineroar|49/100 par
|move|p2a: Electabuzz|Thunderbolt|p1a: Volcarona
|-crit|p1a: Volcarona
|-damage|p1a: Volcarona|5/100
|move|p2b: Incineroar|Knock Off|p1b: Bumble bee
|-damage|p1b: Bumble bee|63/100
|-enditem|p1b: Bumble bee|Eviolite|[from] move: Knock Off|[of] p2b: Incineroar
|
|-end|p2b: Incineroar|move: Taunt
|upkeep
|turn|5
|
|t:|1757225061
|move|p2a: Electabuzz|Protect|p2a: Electabuzz
|-singleturn|p2a: Electabuzz|Protect
|move|p1a: Volcarona|Heat Wave|p2a: Electabuzz|[spread] p2b
|-activate|p2a: Electabuzz|move: Protect
|-resisted|p2b: Incineroar
|-damage|p2b: Incineroar|18/100 par
|move|p1b: Bumble bee|Thunderbolt|p2b: Incineroar
|-damage|p2b: Incineroar|0 fnt
|faint|p2b: Incineroar
|
|-end|p1b: Bumble bee|move: Taunt
|upkeep
|
|t:|1757225073
|switch|p2b: Volcarona|Volcarona, L50, F|100/100
|turn|6
|
|t:|1757225093
|move|p1a: Volcarona|Heat Wave|p2a: Electabuzz|[spread] p2a,p2b
|-damage|p2a: Electabuzz|0 fnt
|-damage|p2b: Volcarona|40/100
|faint|p2a: Electabuzz
|move|p1b: Bumble bee|Thunderbolt|p2b: Volcarona
|-damage|p2b: Volcarona|11/100
|move|p2b: Volcarona|Heat Wave|p1a: Volcarona|[spread] p1a,p1b
|-damage|p1a: Volcarona|0 fnt
|-damage|p1b: Bumble bee|20/100
|-status|p1b: Bumble bee|brn
|faint|p1a: Volcarona
|
|-damage|p1b: Bumble bee|13/100 brn|[from] brn
|upkeep
|
|t:|1757225102
|switch|p1a: lion|Ursaluna-Bloodmoon, L50, M|100/100
|switch|p2a: Sneasler|Sneasler, L50, M|100/100
|turn|7
|
|t:|1757225115
|-terastallize|p1a: lion|Normal
|move|p2a: Sneasler|Protect|p2a: Sneasler
|-singleturn|p2a: Sneasler|Protect
|move|p2b: Volcarona|Protect|p2b: Volcarona
|-singleturn|p2b: Volcarona|Protect
|move|p1b: Bumble bee|Follow Me|p1b: Bumble bee
|-singleturn|p1b: Bumble bee|move: Follow Me
|move|p1a: lion|Hyper Voice|p2a: Sneasler|[spread] 
|-activate|p2a: Sneasler|move: Protect
|-activate|p2b: Volcarona|move: Protect
|
|-damage|p1b: Bumble bee|7/100 brn|[from] brn
|upkeep
|turn|8
|
|t:|1757225147
|move|p1b: Bumble bee|Follow Me|p1b: Bumble bee
|-singleturn|p1b: Bumble bee|move: Follow Me
|move|p2a: Sneasler|Dire Claw|p1b: Bumble bee
|-damage|p1b: Bumble bee|0 fnt
|faint|p1b: Bumble bee
|move|p2b: Volcarona|Heat Wave|p1a: lion
|-damage|p1a: lion|33/100
|-status|p1a: lion|brn
|move|p1a: lion|Hyper Voice|p2b: Volcarona|[spread] p2a,p2b
|-damage|p2a: Sneasler|11/100
|-damage|p2b: Volcarona|0 fnt
|faint|p2b: Volcarona
|-damage|p1a: lion|24/100 brn|[from] item: Life Orb
|
|-damage|p1a: lion|18/100 brn|[from] brn
|upkeep
|
|t:|1757225153
|switch|p1b: Whimsicott|Whimsicott, L50, F|100/100
|turn|9
|
|t:|1757225163
|-terastallize|p2a: Sneasler|Stellar
|move|p1b: Whimsicott|Tailwind|p1b: Whimsicott
|-sidestart|p1: hungry hillo|move: Tailwind
|move|p1a: lion|Hyper Voice|p2a: Sneasler
|-damage|p2a: Sneasler|0 fnt
|faint|p2a: Sneasler
|-damage|p1a: lion|8/100 brn|[from] item: Life Orb
|
|win|hungry hillo
|raw|hungry hillo's rating: 1100 → 1129(+29 for winning)
|raw|Cosentino's rating: 1158 → 1129(-29 for losing)
|c|☆hungry hillo|Gg
|c|☆Cosentino|Gg
|c|☆Cosentino|wo
|c|☆Cosentino|wp
|l|☆Cosentino
|player|p2|
