|j|☆belinvgc
|j|☆Chelicerate1
|html|belinvgcChelicerate1    
|uhtml|bestof|Game 2 of a best-of-3
|t:|1784646404
|gametype|doubles
|player|p1|belinvgc|101|1212
|player|p2|Chelicerate1|ethan|1347
|gen|9
|tier|[Gen 9 Champions] VGC 2026 Reg M-B (Bo3)
|rated|
|rule|Species Clause: Limit one of each Pokémon
|rule|Item Clause: Limit 1 of each item
|clearpoke
|poke|p1|Tyranitar, L50, M|
|poke|p1|Garchomp, L50, F|
|poke|p1|Gholdengo, L50|
|poke|p1|Milotic, L50, M|
|poke|p1|Sinistcha, L50|
|poke|p1|Staraptor, L50, M|
|poke|p2|Grimmsnarl, L50, M|
|poke|p2|Basculegion, L50, M|
|poke|p2|Charizard, L50, F|
|poke|p2|Pelipper, L50, M|
|poke|p2|Venusaur, L50, M|
|poke|p2|Archaludon, L50, M|
|teampreview|4
|showteam|p1|Tyranitar||Tyranitarite|SandStream|RockSlide,KnockOff,DragonDance,Protect|Jolly||M|||50|]Garchomp||LifeOrb|RoughSkin|DragonClaw,StompingTantrum,Earthquake,Protect|Jolly||F|||50|]Gholdengo||SitrusBerry|GoodasGold|MakeItRain,ShadowBall,NastyPlot,Protect|Modest|||||50|]Milotic||Leftovers|Competitive|Scald,IcyWind,Recover,Protect|Calm||M|||50|]Sinistcha||ColburBerry|Hospitality|MatchaGotcha,RagePowder,TrickRoom,Protect|Bold|||||50|]Staraptor||Staraptite|Intimidate|BraveBird,CloseCombat,Tailwind,Protect|Jolly||M|||50|
|showteam|p2|Grimmsnarl||LightClay|Prankster|SpiritBreak,PartingShot,Reflect,LightScreen|Sassy||M|||50|]Basculegion||ChoiceScarf|Adaptability|LastRespects,WaveCrash,AquaJet,FlipTurn|Jolly||M|||50|]Charizard||CharizarditeY|Blaze|Protect,HeatWave,WeatherBall,SolarBeam|Modest||F|||50|]Pelipper||SitrusBerry|Drizzle|Hurricane,WeatherBall,Tailwind,WideGuard|Modest||M|||50|]Venusaur||FocusSash|Chlorophyll|SludgeBomb,SleepPowder,EarthPower,Protect|Modest||M|||50|]Archaludon||Leftovers|Stamina|ElectroShot,DragonPulse,FlashCannon,Protect|Calm||M|||50|
|inactive|Battle timer is ON: inactive players will automatically lose when time's up. (requested by Chelicerate1)
|
|t:|1784646419
|teamsize|p1|4
|teamsize|p2|4
|start
|switch|p1a: Tyranitar|Tyranitar, L50, M|100/100
|switch|p1b: Garchomp|Garchomp, L50, F|100/100
|switch|p2a: Charizard|Charizard, L50, F|100/100
|switch|p2b: Grimmsnarl|Grimmsnarl, L50, M|100/100
|-weather|Sandstorm|[from] ability: Sand Stream|[of] p1a: Tyranitar
|turn|1
|inactive|belinvgc has 30 seconds left.
|inactive|belinvgc has 20 seconds left.
|inactive|belinvgc has 15 seconds left.
|inactive|belinvgc has 10 seconds left.
|inactive|belinvgc has 5 seconds left.
|
|t:|1784646474
|switch|p2a: Archaludon|Archaludon, L50, M|100/100
|move|p2b: Grimmsnarl|Reflect|p2b: Grimmsnarl
|-sidestart|p2: Chelicerate1|Reflect
|move|p1b: Garchomp|Dragon Claw|p2a: Archaludon
|-damage|p2a: Archaludon|75/100
|-ability|p2a: Archaludon|Stamina|boost
|-boost|p2a: Archaludon|def|1
|-damage|p1b: Garchomp|90/100|[from] item: Life Orb
|move|p1a: Tyranitar|Rock Slide|p2a: Archaludon|[spread] p2a,p2b
|-resisted|p2a: Archaludon|1
|-damage|p2a: Archaludon|71/100
|-damage|p2b: Grimmsnarl|82/100
|-ability|p2a: Archaludon|Stamina|boost
|-boost|p2a: Archaludon|def|1
|
|-weather|Sandstorm|[upkeep]
|-damage|p2b: Grimmsnarl|76/100|[from] Sandstorm
|-heal|p2a: Archaludon|77/100|[from] item: Leftovers
|upkeep
|turn|2
|inactive|belinvgc has 30 seconds left.
|inactive|Chelicerate1 has 30 seconds left.
|
|t:|1784646508
|switch|p2b: Pelipper|Pelipper, L50, M|100/100
|-weather|RainDance|[from] ability: Drizzle|[of] p2b: Pelipper
|detailschange|p1a: Tyranitar|Tyranitar-Mega, L50, M
|-mega|p1a: Tyranitar|Tyranitar|Tyranitarite
|-weather|Sandstorm|[from] ability: Sand Stream|[of] p1a: Tyranitar
|move|p1b: Garchomp|Stomping Tantrum|p2b: Pelipper
|-immune|p2b: Pelipper
|move|p1a: Tyranitar|Dragon Dance|p1a: Tyranitar
|-boost|p1a: Tyranitar|atk|1
|-boost|p1a: Tyranitar|spe|1
|move|p2a: Archaludon|Electro Shot||[still]
|-prepare|p2a: Archaludon|Electro Shot
|-boost|p2a: Archaludon|spa|1
|
|-weather|Sandstorm|[upkeep]
|-damage|p2b: Pelipper|93/100|[from] Sandstorm
|-heal|p2a: Archaludon|83/100|[from] item: Leftovers
|upkeep
|turn|3
|
|t:|1784646532
|move|p1a: Tyranitar|Dragon Dance|p1a: Tyranitar
|-boost|p1a: Tyranitar|atk|1
|-boost|p1a: Tyranitar|spe|1
|move|p1b: Garchomp|Stomping Tantrum|p2a: Archaludon
|-supereffective|p2a: Archaludon|1
|-damage|p2a: Archaludon|38/100
|-ability|p2a: Archaludon|Stamina|boost
|-boost|p2a: Archaludon|def|1
|-damage|p1b: Garchomp|80/100|[from] item: Life Orb
|move|p2a: Archaludon|Electro Shot|p1a: Tyranitar|[from] lockedmove
|-damage|p1a: Tyranitar|73/100
|move|p2b: Pelipper|Tailwind|p2b: Pelipper
|-sidestart|p2: Chelicerate1|move: Tailwind
|
|-weather|Sandstorm|[upkeep]
|-damage|p2b: Pelipper|87/100|[from] Sandstorm
|-heal|p2a: Archaludon|44/100|[from] item: Leftovers
|upkeep
|turn|4
|inactive|belinvgc has 30 seconds left.
|inactive|Chelicerate1 has 30 seconds left.
|inactive|Chelicerate1 has 20 seconds left.
|inactive|Chelicerate1 has 15 seconds left.
|
|t:|1784646573
|switch|p2b: Grimmsnarl|Grimmsnarl, L50, M|76/100
|move|p1a: Tyranitar|Knock Off|p2b: Grimmsnarl
|-resisted|p2b: Grimmsnarl|2
|-damage|p2b: Grimmsnarl|55/100
|-enditem|p2b: Grimmsnarl|Light Clay|[from] move: Knock Off|[of] p1a: Tyranitar
|move|p2a: Archaludon|Flash Cannon|p1a: Tyranitar
|-supereffective|p1a: Tyranitar|1
|-damage|p1a: Tyranitar|23/100
|move|p1b: Garchomp|Stomping Tantrum|p2b: Grimmsnarl
|-damage|p2b: Grimmsnarl|28/100
|-damage|p1b: Garchomp|71/100|[from] item: Life Orb
|
|-weather|Sandstorm|[upkeep]
|-damage|p2b: Grimmsnarl|22/100|[from] Sandstorm
|-heal|p2a: Archaludon|50/100g|[from] item: Leftovers
|upkeep
|turn|5
|
|t:|1784646595
|move|p2b: Grimmsnarl|Parting Shot|p1b: Garchomp
|-unboost|p1b: Garchomp|atk|1
|-unboost|p1b: Garchomp|spa|1
|
|t:|1784646602
|switch|p2b: Pelipper|Pelipper, L50, M|87/100|[from] Parting Shot
|-weather|RainDance|[from] ability: Drizzle|[of] p2b: Pelipper
|move|p1a: Tyranitar|Knock Off|p2a: Archaludon
|-damage|p2a: Archaludon|28/100
|-ability|p2a: Archaludon|Stamina|boost
|-boost|p2a: Archaludon|def|1
|-enditem|p2a: Archaludon|Leftovers|[from] move: Knock Off|[of] p1a: Tyranitar
|move|p2a: Archaludon|Flash Cannon|p1a: Tyranitar
|-supereffective|p1a: Tyranitar|1
|-damage|p1a: Tyranitar|0 fnt
|faint|p1a: Tyranitar
|move|p1b: Garchomp|Stomping Tantrum|p2a: Archaludon
|-supereffective|p2a: Archaludon|1
|-damage|p2a: Archaludon|17/100
|-ability|p2a: Archaludon|Stamina|boost
|-boost|p2a: Archaludon|def|1
|-damage|p1b: Garchomp|61/100|[from] item: Life Orb
|
|-weather|RainDance|[upkeep]
|upkeep
|
|t:|1784646614
|switch|p1a: Milotic|Milotic, L50, M|100/100
|turn|6
|
|t:|1784646635
|move|p2a: Archaludon|Electro Shot||[still]
|-prepare|p2a: Archaludon|Electro Shot
|-boost|p2a: Archaludon|spa|1
|-anim|p2a: Archaludon|Electro Shot|p1a: Milotic
|-supereffective|p1a: Milotic|1
|-damage|p1a: Milotic|0 fnt
|faint|p1a: Milotic
|move|p2b: Pelipper|Weather Ball|p1b: Garchomp
|-damage|p1b: Garchomp|0 fnt
|faint|p1b: Garchomp
|
|-weather|RainDance|[upkeep]
|-sideend|p2: Chelicerate1|move: Tailwind
|upkeep
|-message|belinvgc forfeited.
|
|win|Chelicerate1
||belinvgc is ready for game 3.
