|j|☆trompanueva
|j|☆d1mo22
|html|trompanuevad1mo22    
|uhtml|bestof|Game 2 of a best-of-3
|t:|1784196430
|gametype|doubles
|player|p1|trompanueva|tate|1315
|player|p2|d1mo22|skier|1258
|gen|9
|tier|[Gen 9 Champions] VGC 2026 Reg M-B (Bo3)
|rated|
|rule|Species Clause: Limit one of each Pokémon
|rule|Item Clause: Limit 1 of each item
|clearpoke
|poke|p1|Gengar, L50, F, shiny|
|poke|p1|Swampert, L50, F, shiny|
|poke|p1|Incineroar, L50, F|
|poke|p1|Politoed, L50, M|
|poke|p1|Archaludon, L50, F|
|poke|p1|Vivillon, L50, M|
|poke|p2|Raichu, L50, M|
|poke|p2|Gyarados, L50, F, shiny|
|poke|p2|Mamoswine, L50, M|
|poke|p2|Ceruledge, L50, M|
|poke|p2|Sinistcha, L50|
|poke|p2|Kingambit, L50, F, shiny|
|teampreview|4
|showteam|p1|Gengar||Gengarite|CursedBody|SludgeBomb,ShadowBall,PerishSong,Protect|Timid||F|||50|]Swampert||Swampertite|Damp|WaveCrash,Earthquake,IcePunch,Protect|Adamant||F|||50|]Incineroar||PasshoBerry|Intimidate|ThroatChop,PartingShot,FakeOut,Protect|Sassy||F|||50|]Politoed||SitrusBerry|Drizzle|WeatherBall,PerishSong,Encore,Protect|Calm||M|||50|]Archaludon||Leftovers|Stamina|DragonPulse,FlashCannon,ElectroShot,Protect|Bold||F|||50|]Vivillon||FocusSash|CompoundEyes|Hurricane,SleepPowder,RagePowder,Protect|Timid||M|||50|
|showteam|p2|Raichu||RaichuniteY|LightningRod|FakeOut,Encore,ZapCannon,FocusBlast|Timid||M|||50|]Gyarados||Gyaradosite|Intimidate|LashOut,Waterfall,DragonDance,Protect|Adamant||F|||50|]Mamoswine||LifeOrb|Oblivious|Protect,IcicleCrash,IceShard,HighHorsepower|Jolly||M|||50|]Ceruledge||ColburBerry|FlashFire|BitterBlade,ShadowSneak,BulkUp,Protect|Adamant||M|||50|]Sinistcha||SitrusBerry|Hospitality|Protect,RagePowder,MatchaGotcha,LifeDew|Bold|||||50|]Kingambit||FocusSash|Defiant|Protect,SuckerPunch,KowtowCleave,IronHead|Adamant||F|||50|
|inactive|Battle timer is ON: inactive players will automatically lose when time's up. (requested by trompanueva)
|inactive|trompanueva has 60 seconds left.
|
|t:|1784196483
|teamsize|p1|4
|teamsize|p2|4
|start
|switch|p1a: -|Incineroar, L50, F|100/100
|switch|p1b: VASAQUEDARTE|Gengar, L50, F, shiny|100/100
|switch|p2a: Raichu|Raichu, L50, M|100/100
|switch|p2b: Gyarados|Gyarados, L50, F, shiny|100/100
|-ability|p2b: Gyarados|Intimidate|boost
|-unboost|p1a: -|atk|1
|-unboost|p1b: VASAQUEDARTE|atk|1
|-ability|p1a: -|Intimidate|boost
|-unboost|p2a: Raichu|atk|1
|-unboost|p2b: Gyarados|atk|1
|turn|1
|
|t:|1784196503
|detailschange|p1b: VASAQUEDARTE|Gengar-Mega, L50, F, shiny
|-mega|p1b: VASAQUEDARTE|Gengar|Gengarite
|move|p2a: Raichu|Fake Out|p1a: -
|-damage|p1a: -|95/100
|cant|p1a: -|flinch
|move|p1b: VASAQUEDARTE|Perish Song|p1b: VASAQUEDARTE
|-start|p1a: -|perish3|[silent]
|-start|p1b: VASAQUEDARTE|perish3|[silent]
|-start|p2a: Raichu|perish3|[silent]
|-start|p2b: Gyarados|perish3|[silent]
|-fieldactivate|move: Perish Song
|move|p2b: Gyarados|Lash Out|p1b: VASAQUEDARTE
|-supereffective|p1b: VASAQUEDARTE|1
|-damage|p1b: VASAQUEDARTE|24/100
|
|-start|p1b: VASAQUEDARTE|perish3
|-start|p2a: Raichu|perish3
|-start|p2b: Gyarados|perish3
|-start|p1a: -|perish3
|upkeep
|turn|2
|inactive|d1mo22 has 30 seconds left.
|inactive|trompanueva has 30 seconds left.
|inactive|d1mo22 has 20 seconds left.
|inactive|trompanueva has 20 seconds left.
|inactive|d1mo22 has 15 seconds left.
|
|t:|1784196547
|move|p1b: VASAQUEDARTE|Protect|p1b: VASAQUEDARTE
|-singleturn|p1b: VASAQUEDARTE|Protect
|move|p2a: Raichu|Encore||[still]
|-fail|p2a: Raichu
|move|p2b: Gyarados|Dragon Dance|p2b: Gyarados
|-boost|p2b: Gyarados|atk|1
|-boost|p2b: Gyarados|spe|1
|move|p1a: -|Parting Shot|p2a: Raichu
|-unboost|p2a: Raichu|atk|1
|-unboost|p2a: Raichu|spa|1
|inactive|trompanueva has 30 seconds left.
|
|t:|1784196574
|switch|p1a: TRANKIS|Politoed, L50, M|100/100|[from] Parting Shot
|-weather|RainDance|[from] ability: Drizzle|[of] p1a: TRANKIS
|
|-weather|RainDance|[upkeep]
|-start|p2b: Gyarados|perish2
|-start|p1b: VASAQUEDARTE|perish2
|-start|p2a: Raichu|perish2
|upkeep
|turn|3
|inactive|trompanueva has 30 seconds left.
|inactive|d1mo22 has 30 seconds left.
|inactive|trompanueva has 20 seconds left.
|inactive|trompanueva has 15 seconds left.
|inactive|trompanueva has 10 seconds left.
|inactive|trompanueva has 5 seconds left.
|
|t:|1784196628
|switch|p1b: GRAN VIA|Archaludon, L50, F|100/100
|switch|p1a: -|Incineroar, L50, F|95/100
|-ability|p1a: -|Intimidate|boost
|-unboost|p2a: Raichu|atk|1
|-unboost|p2b: Gyarados|atk|1
|detailschange|p2a: Raichu|Raichu-Mega-Y, L50, M
|-mega|p2a: Raichu|Raichu|Raichunite Y
|move|p2a: Raichu|Zap Cannon|p1a: -
|-damage|p1a: -|62/100
|-status|p1a: -|par
|move|p2b: Gyarados|Lash Out|p1b: GRAN VIA
|-damage|p1b: GRAN VIA|76/100
|-ability|p1b: GRAN VIA|Stamina|boost
|-boost|p1b: GRAN VIA|def|1
|
|-weather|RainDance|[upkeep]
|-heal|p1b: GRAN VIA|82/100|[from] item: Leftovers
|-start|p2a: Raichu|perish1
|-start|p2b: Gyarados|perish1
|upkeep
|turn|4
|inactive|trompanueva has 30 seconds left.
|
|t:|1784196655
|switch|p2a: Sinistcha|Sinistcha, L50|100/100
|switch|p2b: Mamoswine|Mamoswine, L50, M|100/100
|move|p1b: GRAN VIA|Electro Shot||[still]
|-prepare|p1b: GRAN VIA|Electro Shot
|-boost|p1b: GRAN VIA|spa|1
|-anim|p1b: GRAN VIA|Electro Shot|p2b: Mamoswine
|-immune|p2b: Mamoswine
|move|p1a: -|Parting Shot|p2a: Sinistcha
|-unboost|p2a: Sinistcha|atk|1
|-unboost|p2a: Sinistcha|spa|1
|
|t:|1784196669
|switch|p1a: VASAQUEDARTE|Gengar-Mega, L50, F, shiny|24/100|[from] Parting Shot
|
|-weather|RainDance|[upkeep]
|-heal|p1b: GRAN VIA|88/100|[from] item: Leftovers
|upkeep
|turn|5
|inactive|trompanueva has 30 seconds left.
|
|t:|1784196700
|switch|p1a: TRANKIS|Politoed, L50, M|100/100
|move|p2a: Sinistcha|Rage Powder|p2a: Sinistcha
|-singleturn|p2a: Sinistcha|move: Rage Powder
|move|p2b: Mamoswine|High Horsepower|p1a: TRANKIS
|-damage|p1a: TRANKIS|40/100
|-enditem|p1a: TRANKIS|Sitrus Berry|[eat]
|-heal|p1a: TRANKIS|65/100|[from] item: Sitrus Berry
|-damage|p2b: Mamoswine|90/100|[from] item: Life Orb
|move|p1b: GRAN VIA|Flash Cannon|p2a: Sinistcha
|-damage|p2a: Sinistcha|55/100
|
|-weather|RainDance|[upkeep]
|-heal|p1b: GRAN VIA|94/100|[from] item: Leftovers
|upkeep
|turn|6
|inactive|trompanueva has 30 seconds left.
|inactive|trompanueva has 20 seconds left.
|inactive|trompanueva has 15 seconds left.
|inactive|trompanueva has 10 seconds left.
|
|t:|1784196749
|switch|p1a: -|Incineroar, L50, F|62/100 par
|-ability|p1a: -|Intimidate|boost
|-unboost|p2a: Sinistcha|atk|1
|-fail|p2b: Mamoswine|unboost|Attack|[from] ability: Oblivious|[of] p2b: Mamoswine
|move|p2b: Mamoswine|Protect|p2b: Mamoswine
|-singleturn|p2b: Mamoswine|Protect
|move|p2a: Sinistcha|Protect|p2a: Sinistcha
|-singleturn|p2a: Sinistcha|Protect
|move|p1b: GRAN VIA|Flash Cannon|p2b: Mamoswine
|-activate|p2b: Mamoswine|move: Protect
|
|-weather|none
|-heal|p1b: GRAN VIA|100/100|[from] item: Leftovers
|upkeep
|turn|7
|
|t:|1784196767
|switch|p2b: Raichu|Raichu-Mega-Y, L50, M|100/100
|move|p1a: -|Fake Out|p2b: Raichu
|-damage|p2b: Raichu|83/100
|move|p2a: Sinistcha|Rage Powder|p2a: Sinistcha
|-singleturn|p2a: Sinistcha|move: Rage Powder
|move|p1b: GRAN VIA|Flash Cannon|p2a: Sinistcha
|-damage|p2a: Sinistcha|9/100
|-enditem|p2a: Sinistcha|Sitrus Berry|[eat]
|-heal|p2a: Sinistcha|34/100|[from] item: Sitrus Berry
|
|upkeep
|turn|8
|inactive|trompanueva has 30 seconds left.
|inactive|d1mo22 has 30 seconds left.
|inactive|trompanueva has 20 seconds left.
|inactive|trompanueva has 15 seconds left.
|
|t:|1784196810
|move|p2b: Raichu|Focus Blast|p1a: -
|-supereffective|p1a: -|1
|-damage|p1a: -|0 fnt
|faint|p1a: -
|move|p1b: GRAN VIA|Dragon Pulse|p2b: Raichu
|-damage|p2b: Raichu|14/100
|move|p2a: Sinistcha|Life Dew|p2a: Sinistcha|[spread] p2a,p2b
|-heal|p2a: Sinistcha|59/100
|-heal|p2b: Raichu|39/100
|
|upkeep
|
|t:|1784196816
|switch|p1a: VASAQUEDARTE|Gengar-Mega, L50, F, shiny|24/100
|turn|9
|inactive|d1mo22 has 30 seconds left.
|
|t:|1784196848
|move|p2a: Sinistcha|Rage Powder|p2a: Sinistcha
|-singleturn|p2a: Sinistcha|move: Rage Powder
|move|p2b: Raichu|Focus Blast|p1b: GRAN VIA
|-supereffective|p1b: GRAN VIA|1
|-damage|p1b: GRAN VIA|28/100
|-ability|p1b: GRAN VIA|Stamina|boost
|-boost|p1b: GRAN VIA|def|1
|move|p1a: VASAQUEDARTE|Shadow Ball|p2a: Sinistcha
|-supereffective|p2a: Sinistcha|1
|-damage|p2a: Sinistcha|0 fnt
|faint|p2a: Sinistcha
|move|p1b: GRAN VIA|Dragon Pulse|p2b: Raichu
|-damage|p2b: Raichu|0 fnt
|faint|p2b: Raichu
|
|-heal|p1b: GRAN VIA|35/100|[from] item: Leftovers
|upkeep
|
|t:|1784196857
|switch|p2b: Gyarados|Gyarados, L50, F, shiny|100/100
|switch|p2a: Mamoswine|Mamoswine, L50, M|90/100
|-ability|p2b: Gyarados|Intimidate|boost
|-unboost|p1a: VASAQUEDARTE|atk|1
|-unboost|p1b: GRAN VIA|atk|1
|turn|10
|inactive|trompanueva has 30 seconds left.
|inactive|trompanueva has 20 seconds left.
|inactive|trompanueva has 15 seconds left.
|inactive|trompanueva has 10 seconds left.
|inactive|trompanueva has 5 seconds left.
|
|t:|1784196908
|switch|p1a: TRANKIS|Politoed, L50, M|65/100
|-weather|RainDance|[from] ability: Drizzle|[of] p1a: TRANKIS
|move|p2a: Mamoswine|High Horsepower|p1b: GRAN VIA
|-supereffective|p1b: GRAN VIA|1
|-damage|p1b: GRAN VIA|0 fnt
|faint|p1b: GRAN VIA
|-damage|p2a: Mamoswine|80/100|[from] item: Life Orb
|move|p2b: Gyarados|Lash Out|p1a: TRANKIS
|-damage|p1a: TRANKIS|40/100
|
|-weather|RainDance|[upkeep]
|upkeep
|
|t:|1784196915
|switch|p1b: VASAQUEDARTE|Gengar-Mega, L50, F, shiny|24/100
|turn|11
|-message|trompanueva forfeited.
|
|win|d1mo22
|raw|trompanueva's rating: 1315 → 1292(-23 for losing)
|raw|d1mo22's rating: 1258 → 1287(+29 for winning)
|l|☆trompanueva
|player|p1|
