|j|☆dinglustan
|j|☆i still have it
|html|dinglustani still have it    
|uhtml|bestof|Game 1 of a best-of-3
|t:|1756571876
|gametype|doubles
|player|p1|dinglustan|2|1404
|player|p2|i still have it|2|1441
|gen|9
|tier|[Gen 9] VGC 2025 Reg H (Bo3)
|rated|
|rule|Species Clause: Limit one of each Pokémon
|rule|Item Clause: Limit 1 of each item
|clearpoke
|poke|p1|Whimsicott, L50, F|
|poke|p1|Basculegion, L50, M|
|poke|p1|Arcanine-Hisui, L50, F|
|poke|p1|Hydreigon, L50, M|
|poke|p1|Farigiraf, L50, M|
|poke|p1|Pawmot, L50, M|
|poke|p2|Rillaboom, L50, M|
|poke|p2|Dragonite, L50, F|
|poke|p2|Incineroar, L50, M|
|poke|p2|Sneasler, L50, M|
|poke|p2|Kingambit, L50, M|
|poke|p2|Volcarona, L50, F|
|teampreview|4
|showteam|p1|Whimsicott||CovertCloak|Prankster|Tailwind,Moonblast,GigaDrain,Encore|||F|||50|,,,,,Water]Basculegion||ChoiceBand|Adaptability|AquaJet,LastRespects,WaveCrash,TeraBlast|||M|||50|,,,,,Fairy]Arcanine-Hisui||AssaultVest|Intimidate|ExtremeSpeed,FlareBlitz,RockSlide,TeraBlast|||F|||50|,,,,,Grass]Hydreigon||LifeOrb|Levitate|Protect,DracoMeteor,DarkPulse,HeatWave|||M|||50|,,,,,Fire]Farigiraf||ThroatSpray|ArmorTail|Protect,TrickRoom,HyperVoice,TwinBeam|||M|||50|,,,,,Grass]Pawmot||FocusSash|VoltAbsorb|FakeOut,DoubleShock,CloseCombat,RevivalBlessing|||M|||50|,,,,,Electric
|showteam|p2|Rillaboom||AssaultVest|GrassySurge|WoodHammer,Uturn,FakeOut,GrassyGlide|||M|||50|,,,,,Fire]Dragonite||LoadedDice|Multiscale|ScaleShot,Tailwind,Haze,Protect|||F|||50|,,,,,Dragon]Incineroar||SafetyGoggles|Intimidate|FlareBlitz,KnockOff,FakeOut,PartingShot|||M|||50|,,,,,Ghost]Sneasler||FocusSash|PoisonTouch|CloseCombat,DireClaw,Coaching,Protect|||M|||50|,,,,,Stellar]Kingambit||DreadPlate|Defiant|KowtowCleave,SwordsDance,SuckerPunch,Protect|||M|||50|,,,,,Dark]Volcarona||CovertCloak|FlameBody|QuiverDance,Flamethrower,TeraBlast,Protect|||F|||50|,,,,,Fairy
|inactive|Battle timer is ON: inactive players will automatically lose when time's up. (requested by dinglustan)
|j| T-Soro
|inactive|i still have it has 60 seconds left.
|inactive|i still have it has 30 seconds left.
|inactive|i still have it has 20 seconds left.
|inactive|i still have it has 15 seconds left.
|inactive|i still have it has 10 seconds left.
|
|t:|1756571959
|teamsize|p1|4
|teamsize|p2|4
|start
|switch|p1a: Whimsicott|Whimsicott, L50, F|100/100
|switch|p1b: Farigiraf|Farigiraf, L50, M|100/100
|switch|p2a: Incineroar|Incineroar, L50, M|100/100
|switch|p2b: Volcarona|Volcarona, L50, F|100/100
|-ability|p2a: Incineroar|Intimidate|boost
|-unboost|p1a: Whimsicott|atk|1
|-unboost|p1b: Farigiraf|atk|1
|turn|1
|inactive|i still have it has 30 seconds left.
|
|t:|1756571989
|move|p1a: Whimsicott|Tailwind|p1a: Whimsicott
|-sidestart|p1: dinglustan|move: Tailwind
|move|p1b: Farigiraf|Hyper Voice|p2a: Incineroar|[spread] p2a,p2b
|-crit|p2a: Incineroar
|-damage|p2a: Incineroar|57/100
|-damage|p2b: Volcarona|74/100
|-enditem|p1b: Farigiraf|Throat Spray
|-boost|p1b: Farigiraf|spa|1|[from] item: Throat Spray
|move|p2b: Volcarona|Flamethrower|p1b: Farigiraf
|-damage|p1b: Farigiraf|60/100
|move|p2a: Incineroar|Knock Off|p1b: Farigiraf
|-supereffective|p1b: Farigiraf
|-damage|p1b: Farigiraf|0 fnt
|faint|p1b: Farigiraf
|
|upkeep
|
|t:|1756572005
|switch|p1b: Basculegion|Basculegion, L50, M|100/100
|turn|2
|
|t:|1756572015
|switch|p2a: Rillaboom|Rillaboom, L50, M|100/100
|-fieldstart|move: Grassy Terrain|[from] ability: Grassy Surge|[of] p2a: Rillaboom
|move|p2b: Volcarona|Protect|p2b: Volcarona
|-singleturn|p2b: Volcarona|Protect
|move|p1a: Whimsicott|Moonblast|p2b: Volcarona
|-activate|p2b: Volcarona|move: Protect
|move|p1b: Basculegion|Last Respects|p2a: Rillaboom
|-damage|p2a: Rillaboom|11/100
|
|-heal|p2b: Volcarona|80/100|[from] Grassy Terrain
|-heal|p2a: Rillaboom|16/100|[from] Grassy Terrain
|upkeep
|turn|3
|c|☆dinglustan|whoa the misclick helped lmao
|
|t:|1756572040
|switch|p2b: Incineroar|Incineroar, L50, M|57/100
|-ability|p2b: Incineroar|Intimidate|boost
|-unboost|p1a: Whimsicott|atk|1
|-unboost|p1b: Basculegion|atk|1
|-terastallize|p1b: Basculegion|Fairy
|move|p2a: Rillaboom|Grassy Glide|p1b: Basculegion
|-damage|p1b: Basculegion|61/100
|move|p1a: Whimsicott|Moonblast|p2a: Rillaboom
|-damage|p2a: Rillaboom|0 fnt
|faint|p2a: Rillaboom
|move|p1b: Basculegion|Last Respects|p2b: Incineroar
|-resisted|p2b: Incineroar
|-damage|p2b: Incineroar|37/100
|
|-heal|p1b: Basculegion|67/100|[from] Grassy Terrain
|-heal|p2b: Incineroar|43/100|[from] Grassy Terrain
|upkeep
|c|☆i still have it|oopsy
|inactive|i still have it has 30 seconds left.
|
|t:|1756572066
|switch|p2a: Sneasler|Sneasler, L50, M|100/100
|turn|4
|
|t:|1756572080
|move|p2a: Sneasler|Protect|p2a: Sneasler
|-singleturn|p2a: Sneasler|Protect
|move|p1a: Whimsicott|Moonblast|p2a: Sneasler
|-activate|p2a: Sneasler|move: Protect
|move|p1b: Basculegion|Last Respects|p2a: Sneasler
|-activate|p2a: Sneasler|move: Protect
|move|p2b: Incineroar|Flare Blitz|p1a: Whimsicott
|-supereffective|p1a: Whimsicott
|-damage|p1a: Whimsicott|0 fnt
|faint|p1a: Whimsicott
|-damage|p2b: Incineroar|16/100|[from] Recoil
|
|-heal|p1b: Basculegion|72/100|[from] Grassy Terrain
|-heal|p2b: Incineroar|22/100|[from] Grassy Terrain
|-sideend|p1: dinglustan|move: Tailwind
|upkeep
|
|t:|1756572083
|switch|p1a: Pawmot|Pawmot, L50, M|100/100
|turn|5
|
|t:|1756572092
|-terastallize|p2b: Incineroar|Ghost
|move|p1a: Pawmot|Fake Out|p2a: Sneasler
|-damage|p2a: Sneasler|76/100
|cant|p2a: Sneasler|flinch
|move|p1b: Basculegion|Last Respects|p2a: Sneasler
|-damage|p2a: Sneasler|0 fnt
|faint|p2a: Sneasler
|move|p2b: Incineroar|Parting Shot|p1a: Pawmot
|-unboost|p1a: Pawmot|atk|1
|-unboost|p1a: Pawmot|spa|1
|
|t:|1756572101
|switch|p2b: Volcarona|Volcarona, L50, F|80/100|[from] Parting Shot
|
|-heal|p2b: Volcarona|86/100|[from] Grassy Terrain
|-heal|p1b: Basculegion|78/100|[from] Grassy Terrain
|upkeep
|
|t:|1756572102
|switch|p2a: Incineroar|Incineroar, L50, M, tera:Ghost|22/100
|-ability|p2a: Incineroar|Intimidate|boost
|-unboost|p1a: Pawmot|atk|1
|-unboost|p1b: Basculegion|atk|1
|turn|6
|
|t:|1756572108
|move|p2a: Incineroar|Fake Out|p1a: Pawmot
|-damage|p1a: Pawmot|82/100
|cant|p1a: Pawmot|flinch
|move|p2b: Volcarona|Quiver Dance|p2b: Volcarona
|-boost|p2b: Volcarona|spa|1
|-boost|p2b: Volcarona|spd|1
|-boost|p2b: Volcarona|spe|1
|move|p1b: Basculegion|Last Respects|p2b: Volcarona
|-damage|p2b: Volcarona|32/100
|
|-heal|p2b: Volcarona|38/100|[from] Grassy Terrain
|-heal|p1a: Pawmot|88/100|[from] Grassy Terrain
|-heal|p1b: Basculegion|84/100|[from] Grassy Terrain
|-heal|p2a: Incineroar|28/100|[from] Grassy Terrain
|-fieldend|move: Grassy Terrain
|upkeep
|turn|7
|
|t:|1756572118
|move|p2b: Volcarona|Flamethrower|p1b: Basculegion
|-damage|p1b: Basculegion|20/100
|-status|p1b: Basculegion|brn
|move|p1a: Pawmot|Revival Blessing|p1a: Pawmot
|
|t:|1756572124
|-heal|p1: Whimsicott|50/100|[from] move: Revival Blessing
|move|p1b: Basculegion|Last Respects|p2b: Volcarona
|-damage|p2b: Volcarona|13/100
|move|p2a: Incineroar|Flare Blitz|p1a: Pawmot
|-crit|p1a: Pawmot
|-damage|p1a: Pawmot|0 fnt
|faint|p1a: Pawmot
|-damage|p2a: Incineroar|7/100|[from] Recoil
|
|-damage|p1b: Basculegion|15/100 brn|[from] brn
|upkeep
|
|t:|1756572131
|switch|p1a: Whimsicott|Whimsicott, L50, F|50/100
|turn|8
|
|t:|1756572153
|move|p1a: Whimsicott|Tailwind|p1a: Whimsicott
|-sidestart|p1: dinglustan|move: Tailwind
|move|p1b: Basculegion|Last Respects|p2a: Incineroar
|-supereffective|p2a: Incineroar
|-damage|p2a: Incineroar|0 fnt
|faint|p2a: Incineroar
|move|p2b: Volcarona|Flamethrower|p1b: Basculegion
|-damage|p1b: Basculegion|0 fnt
|faint|p1b: Basculegion
|
|upkeep
|turn|9
|
|t:|1756572159
|move|p1a: Whimsicott|Moonblast|p2b: Volcarona
|-resisted|p2b: Volcarona
|-damage|p2b: Volcarona|5/100
|move|p2b: Volcarona|Flamethrower|p1a: Whimsicott
|-supereffective|p1a: Whimsicott
|-damage|p1a: Whimsicott|0 fnt
|faint|p1a: Whimsicott
|
|win|i still have it
||dinglustan is ready for game 2.
||i still have it is ready for game 2.
|uhtml|next|Next: Game 2 of 3
|l| T-Soro
|j| T-Soro
|l|☆dinglustan
|player|p1|
