|j|☆Storm2184
|j|☆MR. HEROW
|html|Storm2184MR. HEROW    
|uhtml|bestof|Game 2 of a best-of-3
|t:|1756401649
|gametype|doubles
|player|p1|Storm2184|102|1058
|player|p2|MR. HEROW|266|1096
|gen|9
|tier|[Gen 9] VGC 2025 Reg H (Bo3)
|rated|
|rule|Species Clause: Limit one of each Pokémon
|rule|Item Clause: Limit 1 of each item
|clearpoke
|poke|p1|Indeedee-F, L50, F|
|poke|p1|Amoonguss, L50, F|
|poke|p1|Torkoal, L50, M|
|poke|p1|Rabsca, L50, F|
|poke|p1|Ursaluna, L50, M|
|poke|p1|Armarouge, L50, F|
|poke|p2|Overqwil, L50, M|
|poke|p2|Indeedee-F, L50, F|
|poke|p2|Blastoise, L50, F|
|poke|p2|Garchomp, L50, F|
|poke|p2|Politoed, L50, F|
|poke|p2|Archaludon, L50, M|
|teampreview|4
|showteam|p1|Indeedee-F||SafetyGoggles|PsychicSurge|TrickRoom,FollowMe,HelpingHand,DazzlingGleam|||F|||50|,,,,,Fairy]Amoonguss||RockyHelmet|Regenerator|Spore,PollenPuff,RagePowder,Protect|||F|||50|,,,,,Water]Torkoal||Charcoal|Drought|Protect,SolarBeam,LavaPlume,Eruption|||M|||50|,,,,,Fire]Rabsca||FocusSash|Telepathy|RevivalBlessing,StruggleBug,ExpandingForce,TrickRoom|||F|||50|,,,,,Psychic]Ursaluna||FlameOrb|Guts|Facade,HeadlongRush,Earthquake,Protect|||M|||50|,,,,,Ghost]Armarouge||LifeOrb|FlashFire|ExpandingForce,ArmorCannon,WideGuard,Protect|||F|||50|,,,,,Grass
|showteam|p2|Overqwil||Leftovers|SwiftSwim|Toxic,ToxicSpikes,Acupressure,BarbBarrage|||M|||50|,,,,,Ghost]Indeedee-F||MentalHerb|PsychicSurge|Psychic,FollowMe,Protect,HelpingHand|||F|||50|,,,,,Grass]Blastoise||WhiteHerb|RainDish|WaterSpout,Surf,Protect,ShellSmash|||F|||50|,,,,,Grass]Garchomp||ChoiceScarf|RoughSkin|DragonClaw,Earthquake,Dig,RockSlide|||F|||50|,,,,,Fire]Politoed||DampRock|Drizzle|PerishSong,Protect,IcyWind,WeatherBall|||F|||50|,,,,,Flying]Archaludon||AssaultVest|Stamina|ElectroShot,DracoMeteor,FlashCannon,BodyPress|||M|||50|,,,,,Electric
|inactive|Battle timer is ON: inactive players will automatically lose when time's up. (requested by Storm2184)
|
|t:|1756401666
|teamsize|p1|4
|teamsize|p2|4
|start
|switch|p1a: Rabsca|Rabsca, L50, F|100/100
|switch|p1b: Indeedee|Indeedee-F, L50, F|100/100
|switch|p2a: Blastoise|Blastoise, L50, F|100/100
|switch|p2b: Garchomp|Garchomp, L50, F|100/100
|-fieldstart|move: Psychic Terrain|[from] ability: Psychic Surge|[of] p1b: Indeedee
|turn|1
|
|t:|1756401683
|move|p1b: Indeedee|Follow Me|p1b: Indeedee
|-singleturn|p1b: Indeedee|move: Follow Me
|move|p2b: Garchomp|Rock Slide|p1a: Rabsca|[spread] p1a,p1b
|-supereffective|p1a: Rabsca
|-damage|p1a: Rabsca|57/100
|-damage|p1b: Indeedee|75/100
|move|p2a: Blastoise|Water Spout|p1a: Rabsca|[spread] p1a,p1b
|-damage|p1a: Rabsca|12/100
|-damage|p1b: Indeedee|41/100
|move|p1a: Rabsca|Trick Room|p1a: Rabsca
|-fieldstart|move: Trick Room|[of] p1a: Rabsca
|
|upkeep
|turn|2
|
|t:|1756401696
|move|p1b: Indeedee|Helping Hand|p1a: Rabsca
|-singleturn|p1a: Rabsca|Helping Hand|[of] p1b: Indeedee
|move|p2a: Blastoise|Protect|p2a: Blastoise
|-singleturn|p2a: Blastoise|Protect
|move|p1a: Rabsca|Expanding Force|p2b: Garchomp|[spread] p2b
|-activate|p2a: Blastoise|move: Protect
|-damage|p2b: Garchomp|12/100
|move|p2b: Garchomp|Rock Slide|p1b: Indeedee|[spread] p1a,p1b
|-supereffective|p1a: Rabsca
|-damage|p1a: Rabsca|0 fnt
|-damage|p1b: Indeedee|16/100
|faint|p1a: Rabsca
|
|upkeep
|
|t:|1756401705
|switch|p1a: Armarouge|Armarouge, L50, F|100/100
|turn|3
|
|t:|1756401715
|switch|p2b: Archaludon|Archaludon, L50, M|100/100
|-terastallize|p1a: Armarouge|Grass
|move|p1b: Indeedee|Helping Hand|p1a: Armarouge
|-singleturn|p1a: Armarouge|Helping Hand|[of] p1b: Indeedee
|move|p2a: Blastoise|Protect||[still]
|-fail|p2a: Blastoise
|move|p1a: Armarouge|Expanding Force|p2b: Archaludon|[spread] p2a,p2b
|-resisted|p2b: Archaludon
|-damage|p2a: Blastoise|0 fnt
|-damage|p2b: Archaludon|48/100
|-ability|p2b: Archaludon|Stamina|boost
|-boost|p2b: Archaludon|def|1
|faint|p2a: Blastoise
|-damage|p1a: Armarouge|91/100|[from] item: Life Orb
|
|upkeep
|
|t:|1756401730
|switch|p2a: Politoed|Politoed, L50, F|100/100
|-weather|RainDance|[from] ability: Drizzle|[of] p2a: Politoed
|turn|4
|inactive|MR. HEROW has 30 seconds left.
|inactive|MR. HEROW has 20 seconds left.
|
|t:|1756401765
|move|p1b: Indeedee|Helping Hand|p1a: Armarouge
|-singleturn|p1a: Armarouge|Helping Hand|[of] p1b: Indeedee
|move|p2a: Politoed|Weather Ball|p1a: Armarouge
|-resisted|p1a: Armarouge
|-damage|p1a: Armarouge|67/100
|move|p1a: Armarouge|Expanding Force|p2a: Politoed|[spread] p2a,p2b
|-resisted|p2b: Archaludon
|-damage|p2a: Politoed|23/100
|-damage|p2b: Archaludon|0 fnt
|faint|p2b: Archaludon
|-damage|p1a: Armarouge|57/100|[from] item: Life Orb
|
|-weather|RainDance|[upkeep]
|upkeep
|
|t:|1756401767
|switch|p2b: Garchomp|Garchomp, L50, F|12/100
|turn|5
|
|t:|1756401782
|switch|p1b: Torkoal|Torkoal, L50, M|100/100
|-weather|SunnyDay|[from] ability: Drought|[of] p1b: Torkoal
|-terastallize|p2a: Politoed|Flying
|move|p2a: Politoed|Weather Ball|p1a: Armarouge
|-start|p1a: Armarouge|ability: Flash Fire
|move|p1a: Armarouge|Expanding Force|p2a: Politoed|[spread] p2a,p2b
|-damage|p2a: Politoed|0 fnt
|-damage|p2b: Garchomp|0 fnt
|faint|p2a: Politoed
|faint|p2b: Garchomp
|-damage|p1a: Armarouge|47/100|[from] item: Life Orb
|
|win|Storm2184
||MR. HEROW is ready for game 3.
|inactive|Storm2184 has 30 seconds to confirm battle start!
