|j|☆Iche8647/5
|j|☆szczurek2137
|html|Iche8647/5szczurek2137    
|uhtml|bestof|Game 2 of a best-of-3
|t:|1785413229
|gametype|doubles
|player|p1|Iche8647/5|266|1041
|player|p2|szczurek2137|169|1050
|gen|9
|tier|[Gen 9 Champions] VGC 2026 Reg M-B (Bo3)
|rated|
|rule|Species Clause: Limit one of each Pokémon
|rule|Item Clause: Limit 1 of each item
|clearpoke
|poke|p1|Pikachu, L50, M|
|poke|p1|Tyranitar, L50, F|
|poke|p1|Blaziken, L50, M|
|poke|p1|Excadrill, L50, M|
|poke|p1|Milotic, L50, F|
|poke|p1|Sinistcha-Masterpiece, L50|
|poke|p2|Staraptor, L50, M|
|poke|p2|Milotic, L50, F|
|poke|p2|Tyranitar, L50, M|
|poke|p2|Gholdengo, L50|
|poke|p2|Excadrill, L50, M|
|poke|p2|Sinistcha, L50|
|teampreview|4
|showteam|p1|Pikachu||LightBall|LightningRod|FakeOut,Thunderbolt,VoltSwitch,AlluringVoice|Hasty||M|||50|]Tyranitar||Tyranitarite|SandStream|KnockOff,RockSlide,Protect,HighHorsepower|Jolly||F|||50|]Blaziken||Blazikenite|SpeedBoost|FlareBlitz,CloseCombat,PoisonJab,Protect|Adamant||M|||50|]Excadrill||FocusSash|SandRush|HighHorsepower,IronHead,RockSlide,Protect|Jolly||M|||50|]Milotic||SitrusBerry|Competitive|Scald,IcyWind,IceBeam,Protect|Calm||F|||50|]Sinistcha-Masterpiece||KasibBerry|Hospitality|MatchaGotcha,ShadowBall,RagePowder,Protect|Bold|||||50|
|showteam|p2|Staraptor||Staraptite|Intimidate|BraveBird,CloseCombat,Tailwind,Protect|Adamant||M|||50|]Milotic||SitrusBerry|Competitive|Scald,Haze,IcyWind,Recover|Modest||F|||50|]Tyranitar||Tyranitarite|SandStream|RockSlide,KnockOff,LowKick,Protect|Adamant||M|||50|]Gholdengo||LifeOrb|GoodasGold|ShadowBall,MakeItRain,NastyPlot,Protect|Modest|||||50|]Excadrill||FocusSash|SandRush|HighHorsepower,IronHead,RockSlide,Protect|Adamant||M|||50|]Sinistcha||ColburBerry|Hospitality|MatchaGotcha,RagePowder,TrickRoom,LifeDew|Bold|||||50|
|
|t:|1785413251
|teamsize|p1|4
|teamsize|p2|4
|start
|switch|p1a: Milotic|Milotic, L50, F|100/100
|switch|p1b: Pikachu|Pikachu, L50, M|100/100
|switch|p2a: Excadrill|Excadrill, L50, M|100/100
|switch|p2b: Tyranitar|Tyranitar, L50, M|100/100
|-weather|Sandstorm|[from] ability: Sand Stream|[of] p2b: Tyranitar
|turn|1
|
|t:|1785413319
|detailschange|p2b: Tyranitar|Tyranitar-Mega, L50, M
|-mega|p2b: Tyranitar|Tyranitar|Tyranitarite
|move|p1b: Pikachu|Fake Out|p2a: Excadrill
|-resisted|p2a: Excadrill|1
|-damage|p2a: Excadrill|91/100
|cant|p2a: Excadrill|flinch
|move|p2b: Tyranitar|Knock Off|p1a: Milotic
|-damage|p1a: Milotic|44/100
|-enditem|p1a: Milotic|Sitrus Berry|[from] move: Knock Off|[of] p2b: Tyranitar
|move|p1a: Milotic|Icy Wind|p2a: Excadrill|[spread] p2a,p2b
|-damage|p2a: Excadrill|78/100
|-damage|p2b: Tyranitar|93/100
|-unboost|p2a: Excadrill|spe|1
|-unboost|p2b: Tyranitar|spe|1
|
|-weather|Sandstorm|[upkeep]
|-damage|p1b: Pikachu|93/100|[from] Sandstorm
|-damage|p1a: Milotic|38/100|[from] Sandstorm
|upkeep
|turn|2
|
|t:|1785413365
|switch|p1b: Sinistcha|Sinistcha-Masterpiece, L50|100/100
|-heal|p1a: Milotic|63/100|[from] ability: Hospitality|[of] p1b: Sinistcha
|move|p2a: Excadrill|High Horsepower|p1b: Sinistcha
|-resisted|p1b: Sinistcha|1
|-damage|p1b: Sinistcha|76/100
|move|p1a: Milotic|Icy Wind|p2b: Tyranitar|[spread] p2a,p2b
|-damage|p2a: Excadrill|64/100
|-damage|p2b: Tyranitar|88/100
|-unboost|p2a: Excadrill|spe|1
|-unboost|p2b: Tyranitar|spe|1
|move|p2b: Tyranitar|Rock Slide|p1b: Sinistcha|[spread] p1a,p1b
|-damage|p1a: Milotic|27/100
|-damage|p1b: Sinistcha|45/100
|
|-weather|Sandstorm|[upkeep]
|-damage|p1a: Milotic|22/100|[from] Sandstorm
|-damage|p1b: Sinistcha|40/100|[from] Sandstorm
|upkeep
|turn|3
|
|t:|1785413393
|switch|p2a: Sinistcha|Sinistcha, L50|100/100
|-heal|p2b: Tyranitar|100/100|[from] ability: Hospitality|[of] p2a: Sinistcha
|move|p1b: Sinistcha|Protect|p1b: Sinistcha
|-singleturn|p1b: Sinistcha|Protect
|move|p1a: Milotic|Icy Wind|p2b: Tyranitar|[spread] p2a,p2b
|-supereffective|p2a: Sinistcha|1
|-damage|p2a: Sinistcha|80/100
|-damage|p2b: Tyranitar|94/100
|-unboost|p2a: Sinistcha|spe|1
|-unboost|p2b: Tyranitar|spe|1
|move|p2b: Tyranitar|Knock Off|p1b: Sinistcha
|-activate|p1b: Sinistcha|move: Protect
|
|-weather|Sandstorm|[upkeep]
|-damage|p1a: Milotic|16/100|[from] Sandstorm
|-damage|p1b: Sinistcha|34/100|[from] Sandstorm
|-damage|p2a: Sinistcha|74/100|[from] Sandstorm
|upkeep
|turn|4
|
|t:|1785413411
|move|p1a: Milotic|Icy Wind|p2a: Sinistcha|[spread] p2a,p2b
|-supereffective|p2a: Sinistcha|1
|-damage|p2a: Sinistcha|55/100
|-damage|p2b: Tyranitar|89/100
|-unboost|p2a: Sinistcha|spe|1
|-unboost|p2b: Tyranitar|spe|1
|move|p1b: Sinistcha|Shadow Ball|p2a: Sinistcha
|-supereffective|p2a: Sinistcha|1
|-damage|p2a: Sinistcha|0 fnt
|faint|p2a: Sinistcha
|move|p2b: Tyranitar|Knock Off|p1b: Sinistcha
|-supereffective|p1b: Sinistcha|1
|-damage|p1b: Sinistcha|0 fnt
|-enditem|p1b: Sinistcha|Kasib Berry|[from] move: Knock Off|[of] p2b: Tyranitar
|faint|p1b: Sinistcha
|
|-weather|Sandstorm|[upkeep]
|-damage|p1a: Milotic|10/100|[from] Sandstorm
|upkeep
|
|t:|1785413425
|switch|p2a: Excadrill|Excadrill, L50, M|64/100
|switch|p1b: Blaziken|Blaziken, L50, M|100/100
|turn|5
|
|t:|1785413451
|move|p1b: Blaziken|Protect|p1b: Blaziken
|-singleturn|p1b: Blaziken|Protect
|move|p2a: Excadrill|High Horsepower|p1b: Blaziken
|-activate|p1b: Blaziken|move: Protect
|move|p1a: Milotic|Icy Wind|p2b: Tyranitar|[spread] p2a,p2b
|-damage|p2a: Excadrill|49/100
|-damage|p2b: Tyranitar|83/100
|-unboost|p2a: Excadrill|spe|1
|-unboost|p2b: Tyranitar|spe|1
|move|p2b: Tyranitar|Rock Slide|p1a: Milotic|[spread] 
|-activate|p1b: Blaziken|move: Protect
|-miss|p2b: Tyranitar|p1a: Milotic
|
|-weather|none
|-ability|p1b: Blaziken|Speed Boost|boost
|-boost|p1b: Blaziken|spe|1
|upkeep
|turn|6
|
|t:|1785413473
|detailschange|p1b: Blaziken|Blaziken-Mega, L50, M
|-mega|p1b: Blaziken|Blaziken|Blazikenite
|move|p1b: Blaziken|Close Combat|p2b: Tyranitar
|-supereffective|p2b: Tyranitar|2
|-damage|p2b: Tyranitar|0 fnt
|-unboost|p1b: Blaziken|def|1
|-unboost|p1b: Blaziken|spd|1
|faint|p2b: Tyranitar
|move|p1a: Milotic|Scald|p2a: Excadrill
|-supereffective|p2a: Excadrill|1
|-damage|p2a: Excadrill|0 fnt
|faint|p2a: Excadrill
|
|-ability|p1b: Blaziken|Speed Boost|boost
|-boost|p1b: Blaziken|spe|1
|upkeep
|l|☆szczurek2137
|player|p2|
|inactive|Battle timer is ON: inactive players will automatically lose when time's up. (requested by Iche8647/5)
|l|☆Iche8647/5
|inactive|Iche8647/5 disconnected and has a minute to reconnect!
|player|p1|
|inactive|szczurek2137 has 30 seconds to reconnect!
|inactive|szczurek2137 has 20 seconds to reconnect!
|inactive|szczurek2137 has 15 seconds to reconnect!
|inactive|szczurek2137 has 10 seconds to reconnect!
|j|☆Iche8647/5
|inactive|Iche8647/5 reconnected.
|player|p1|Iche8647/5|266|
|inactive|szczurek2137 has 5 seconds to reconnect!
|-message|szczurek2137 lost due to inactivity.
|
|win|Iche8647/5
|raw|Iche8647/5's rating: 1041 → 1076(+35 for winning)
|raw|szczurek2137's rating: 1050 → 1032(-18 for losing)
