|j|☆crullvgc
|j|☆shalewell
|html|crullvgcshalewell    
|uhtml|bestof|Game 2 of a best-of-3
|t:|1756579849
|gametype|doubles
|player|p1|crullvgc|janitor|1128
|player|p2|shalewell|266|1030
|gen|9
|tier|[Gen 9] VGC 2025 Reg H (Bo3)
|rated|
|rule|Species Clause: Limit one of each Pokémon
|rule|Item Clause: Limit 1 of each item
|clearpoke
|poke|p1|Garchomp, L50, M|
|poke|p1|Talonflame, L50, M|
|poke|p1|Primarina, L50, F|
|poke|p1|Electabuzz, L50, M|
|poke|p1|Rillaboom, L50, M|
|poke|p1|Gholdengo, L50|
|poke|p2|Baxcalibur, L50, M|
|poke|p2|Volcarona, L50, F|
|poke|p2|Rillaboom, L50, M|
|poke|p2|Klefki, L50, F|
|teampreview|4
|showteam|p1|Garchomp||LifeOrb|RoughSkin|StompingTantrum,Earthquake,DragonClaw,Protect|||M|||50|,,,,,Fire]Talonflame||CovertCloak|GaleWings|Tailwind,WillOWisp,DualWingbeat,Taunt|||M|||50|,,,,,Dark]Primarina||ThroatSpray|LiquidVoice|HyperVoice,Moonblast,Haze,Protect|||F|||50|,,,,,Poison]Electabuzz||Eviolite|VitalSpirit|FollowMe,Electroweb,HelpingHand,Protect|||M|||50|,,,,,Ghost]Rillaboom||AssaultVest|GrassySurge|FakeOut,GrassyGlide,WoodHammer,HighHorsepower|||M|||50|,,,,,Fire]Gholdengo||MetalCoat|GoodasGold|MakeItRain,ShadowBall,NastyPlot,Protect||||||50|,,,,,Steel
|showteam|p2|Baxcalibur||WeaknessPolicy|ThermalExchange|GlaiveRush,IcicleCrash,Protect,IceShard|||M|||50|,,,,,Steel]Volcarona||GrassySeed|FlameBody|FieryDance,BugBuzz,Protect,FlameCharge|||F|||50|,,,,,Steel]Rillaboom||AssaultVest|GrassySurge|WoodHammer,HighHorsepower,FakeOut,Uturn|||M|||50|,,,,,Fire]Klefki||LightClay|Prankster|LightScreen,Reflect,TrickRoom,Imprison|||F|||50|,,,,,Steel
|inactive|Battle timer is ON: inactive players will automatically lose when time's up. (requested by shalewell)
|inactive|crullvgc has 60 seconds left.
|
|t:|1756579883
|teamsize|p1|4
|teamsize|p2|4
|start
|switch|p1a: Primarina|Primarina, L50, F|100/100
|switch|p1b: Talonflame|Talonflame, L50, M|100/100
|switch|p2a: Volcarona|Volcarona, L50, F|100/100
|switch|p2b: Baxcalibur|Baxcalibur, L50, M, shiny|100/100
|turn|1
|inactive|shalewell has 30 seconds left.
|
|t:|1756579915
|-terastallize|p2b: Baxcalibur|Steel
|move|p1b: Talonflame|Tailwind|p1b: Talonflame
|-sidestart|p1: crullvgc|move: Tailwind
|move|p1a: Primarina|Hyper Voice|p2b: Baxcalibur|[spread] p2a,p2b
|-supereffective|p2a: Volcarona
|-crit|p2a: Volcarona
|-damage|p2a: Volcarona|9/100
|-damage|p2b: Baxcalibur|71/100
|-enditem|p1a: Primarina|Throat Spray
|-boost|p1a: Primarina|spa|1|[from] item: Throat Spray
|move|p2a: Volcarona|Flame Charge|p2b: Baxcalibur
|-supereffective|p2b: Baxcalibur
|-damage|p2b: Baxcalibur|56/100
|-boost|p2a: Volcarona|spe|1
|-ability|p2b: Baxcalibur|Thermal Exchange|boost
|-boost|p2b: Baxcalibur|atk|1
|-enditem|p2b: Baxcalibur|Weakness Policy
|-boost|p2b: Baxcalibur|atk|2|[from] item: Weakness Policy
|-boost|p2b: Baxcalibur|spa|2|[from] item: Weakness Policy
|move|p2b: Baxcalibur|Glaive Rush|p1a: Primarina
|-immune|p1a: Primarina
|
|upkeep
|turn|2
|inactive|shalewell has 30 seconds left.
|inactive|shalewell has 20 seconds left.
|c|☆shalewell|oops
|inactive|shalewell has 15 seconds left.
|inactive|shalewell has 10 seconds left.
|inactive|shalewell has 5 seconds left.
|
|t:|1756579966
|move|p2a: Volcarona|Protect|p2a: Volcarona
|-singleturn|p2a: Volcarona|Protect
|move|p2b: Baxcalibur|Protect|p2b: Baxcalibur
|-singleturn|p2b: Baxcalibur|Protect
|move|p1b: Talonflame|Dual Wingbeat|p2a: Volcarona
|-activate|p2a: Volcarona|move: Protect
|move|p1a: Primarina|Hyper Voice|p2b: Baxcalibur|[spread] 
|-activate|p2a: Volcarona|move: Protect
|-activate|p2b: Baxcalibur|move: Protect
|
|upkeep
|turn|3
|
|t:|1756579991
|switch|p2a: Klefki|Klefki, L50, F|100/100
|move|p1b: Talonflame|Dual Wingbeat|p2a: Klefki|[miss]
|-miss|p1b: Talonflame|p2a: Klefki
|move|p1a: Primarina|Haze|p1a: Primarina
|-clearallboost
|move|p2b: Baxcalibur|Glaive Rush|p1b: Talonflame
|-damage|p1b: Talonflame|4/100
|-singlemove|p2b: Baxcalibur|Glaive Rush|[silent]
|
|upkeep
|turn|4
|inactive|crullvgc has 30 seconds left.
|
|t:|1756580019
|switch|p1b: Gholdengo|Gholdengo, L50|100/100
|switch|p2b: Rillaboom|Rillaboom, L50, M|100/100
|-fieldstart|move: Grassy Terrain|[from] ability: Grassy Surge|[of] p2b: Rillaboom
|move|p2a: Klefki|Light Screen|p2a: Klefki
|-sidestart|p2: shalewell|move: Light Screen
|move|p1a: Primarina|Hyper Voice|p2b: Rillaboom|[spread] p2a,p2b
|-resisted|p2b: Rillaboom
|-damage|p2a: Klefki|80/100
|-damage|p2b: Rillaboom|93/100
|
|-heal|p2b: Rillaboom|99/100|[from] Grassy Terrain
|-heal|p2a: Klefki|86/100|[from] Grassy Terrain
|-sideend|p1: crullvgc|move: Tailwind
|upkeep
|turn|5
|inactive|crullvgc has 30 seconds left.
|inactive|shalewell has 30 seconds left.
|inactive|crullvgc has 20 seconds left.
|inactive|crullvgc has 15 seconds left.
|
|t:|1756580059
|move|p1a: Primarina|Protect|p1a: Primarina
|-singleturn|p1a: Primarina|Protect
|move|p2a: Klefki|Reflect|p2a: Klefki
|-sidestart|p2: shalewell|Reflect
|move|p1b: Gholdengo|Nasty Plot|p1b: Gholdengo
|-boost|p1b: Gholdengo|spa|2
|move|p2b: Rillaboom|High Horsepower|p1b: Gholdengo
|-supereffective|p1b: Gholdengo
|-damage|p1b: Gholdengo|28/100
|
|-heal|p1b: Gholdengo|34/100|[from] Grassy Terrain
|-heal|p2b: Rillaboom|100/100|[from] Grassy Terrain
|-heal|p2a: Klefki|92/100|[from] Grassy Terrain
|upkeep
|turn|6
|inactive|shalewell has 30 seconds left.
|
|t:|1756580093
|switch|p2a: Volcarona|Volcarona, L50, F|9/100
|-enditem|p2a: Volcarona|Grassy Seed
|-boost|p2a: Volcarona|def|1|[from] item: Grassy Seed
|-terastallize|p1a: Primarina|Poison
|move|p1b: Gholdengo|Make It Rain|p2a: Volcarona|[spread] p2a,p2b
|-resisted|p2a: Volcarona
|-damage|p2a: Volcarona|0 fnt
|-damage|p2b: Rillaboom|44/100
|-unboost|p1b: Gholdengo|spa|1
|faint|p2a: Volcarona
|move|p2b: Rillaboom|High Horsepower|p1b: Gholdengo
|-supereffective|p1b: Gholdengo
|-damage|p1b: Gholdengo|0 fnt
|faint|p1b: Gholdengo
|move|p1a: Primarina|Moonblast|p2b: Rillaboom
|-damage|p2b: Rillaboom|23/100
|
|-heal|p2b: Rillaboom|29/100|[from] Grassy Terrain
|upkeep
|
|t:|1756580112
|switch|p2a: Baxcalibur|Baxcalibur, L50, M, shiny, tera:Steel|56/100
|switch|p1b: Garchomp|Garchomp, L50, M|100/100
|turn|7
|
|t:|1756580134
|move|p1b: Garchomp|Protect|p1b: Garchomp
|-singleturn|p1b: Garchomp|Protect
|move|p2a: Baxcalibur|Ice Shard|p1b: Garchomp
|-activate|p1b: Garchomp|move: Protect
|move|p2b: Rillaboom|High Horsepower|p1a: Primarina
|-supereffective|p1a: Primarina
|-damage|p1a: Primarina|28/100
|move|p1a: Primarina|Moonblast|p2b: Rillaboom
|-damage|p2b: Rillaboom|9/100
|
|-heal|p2a: Baxcalibur|62/100|[from] Grassy Terrain
|-heal|p2b: Rillaboom|15/100|[from] Grassy Terrain
|-heal|p1a: Primarina|34/100|[from] Grassy Terrain
|upkeep
|turn|8
|
|t:|1756580150
|move|p2a: Baxcalibur|Ice Shard|p1b: Garchomp
|-supereffective|p1b: Garchomp
|-damage|p1b: Garchomp|9/100
|move|p1b: Garchomp|Stomping Tantrum|p2a: Baxcalibur
|-supereffective|p2a: Baxcalibur
|-damage|p2a: Baxcalibur|0 fnt
|faint|p2a: Baxcalibur
|-damage|p1b: Garchomp|0 fnt|[from] item: Life Orb
|faint|p1b: Garchomp
|move|p2b: Rillaboom|High Horsepower|p1a: Primarina
|-supereffective|p1a: Primarina
|-damage|p1a: Primarina|0 fnt
|faint|p1a: Primarina
|
|-heal|p2b: Rillaboom|20/100|[from] Grassy Terrain
|-fieldend|move: Grassy Terrain
|upkeep
|
|t:|1756580166
|switch|p1b: Talonflame|Talonflame, L50, M|4/100
|switch|p2a: Klefki|Klefki, L50, F|92/100
|turn|9
|
|t:|1756580190
|move|p2a: Klefki|Light Screen||[still]
|-fail|p2a: Klefki
|move|p1b: Talonflame|Dual Wingbeat|p2b: Rillaboom
|-supereffective|p2b: Rillaboom
|-damage|p2b: Rillaboom|1/100
|-supereffective|p2b: Rillaboom
|-damage|p2b: Rillaboom|0 fnt
|faint|p2b: Rillaboom
|-hitcount|p2: Rillaboom|2
|
|upkeep
|turn|10
|
|t:|1756580197
|move|p2a: Klefki|Reflect||[still]
|-fail|p2a: Klefki
|move|p1b: Talonflame|Will-O-Wisp|p2a: Klefki
|-status|p2a: Klefki|brn
|
|-damage|p2a: Klefki|86/100 brn|[from] brn
|upkeep
|turn|11
|
|t:|1756580202
|move|p2a: Klefki|Imprison|p2a: Klefki
|-start|p2a: Klefki|move: Imprison
|move|p1b: Talonflame|Dual Wingbeat|p2a: Klefki
|-resisted|p2a: Klefki
|-damage|p2a: Klefki|80/100 brn
|-resisted|p2a: Klefki
|-damage|p2a: Klefki|75/100 brn
|-hitcount|p2a: Klefki|2
|
|-damage|p2a: Klefki|69/100 brn|[from] brn
|-sideend|p2: shalewell|move: Light Screen
|upkeep
|turn|12
|
|t:|1756580218
|move|p2a: Klefki|Imprison||[still]
|-fail|p2a: Klefki
|move|p1b: Talonflame|Dual Wingbeat|p2a: Klefki|[miss]
|-miss|p1b: Talonflame|p2a: Klefki
|
|-damage|p2a: Klefki|63/100 brn|[from] brn
|-sideend|p2: shalewell|Reflect
|upkeep
|turn|13
|
|t:|1756580228
|move|p2a: Klefki|Light Screen|p2a: Klefki
|-sidestart|p2: shalewell|move: Light Screen
|move|p1b: Talonflame|Dual Wingbeat|p2a: Klefki
|-resisted|p2a: Klefki
|-damage|p2a: Klefki|56/100 brn
|-resisted|p2a: Klefki
|-damage|p2a: Klefki|49/100 brn
|-hitcount|p2a: Klefki|2
|
|-damage|p2a: Klefki|43/100 brn|[from] brn
|upkeep
|turn|14
|
|t:|1756580244
|move|p2a: Klefki|Imprison||[still]
|-fail|p2a: Klefki
|move|p1b: Talonflame|Dual Wingbeat|p2a: Klefki
|-resisted|p2a: Klefki
|-damage|p2a: Klefki|35/100 brn
|-resisted|p2a: Klefki
|-damage|p2a: Klefki|28/100 brn
|-hitcount|p2a: Klefki|2
|
|-damage|p2a: Klefki|22/100 brn|[from] brn
|upkeep
|turn|15
|
|t:|1756580253
|move|p2a: Klefki|Imprison||[still]
|-fail|p2a: Klefki
|move|p1b: Talonflame|Dual Wingbeat|p2a: Klefki
|-resisted|p2a: Klefki
|-crit|p2a: Klefki
|-damage|p2a: Klefki|11/100 brn
|-resisted|p2a: Klefki
|-damage|p2a: Klefki|3/100 brn
|-hitcount|p2a: Klefki|2
|
|-damage|p2a: Klefki|0 fnt|[from] brn
|faint|p2a: Klefki
|
|win|crullvgc
|raw|crullvgc's rating: 1128 → 1146(+18 for winning)
|raw|shalewell's rating: 1030 → 1019(-11 for losing)
