|j|☆lald3n
|j|☆GS Barnabe
|html|lald3nGS Barnabe    
|uhtml|bestof|Game 2 of a best-of-3
|t:|1785851501
|gametype|doubles
|player|p1|lald3n|iris-gen5bw2|1102
|player|p2|GS Barnabe|barry|1196
|gen|9
|tier|[Gen 9 Champions] VGC 2026 Reg M-B (Bo3)
|rated|
|rule|Species Clause: Limit one of each Pokémon
|rule|Item Clause: Limit 1 of each item
|clearpoke
|poke|p1|Incineroar, L50, F|
|poke|p1|Froslass, L50, F|
|poke|p1|Overqwil, L50, F|
|poke|p1|Sneasler, L50, M|
|poke|p1|Infernape, L50, M|
|poke|p1|Raichu, L50, M|
|poke|p2|Clefable, L50, F|
|poke|p2|Tyranitar, L50, F|
|poke|p2|Garchomp, L50, F|
|poke|p2|Gholdengo, L50|
|poke|p2|Rotom-Wash, L50|
|poke|p2|Aerodactyl, L50, M|
|teampreview|4
|showteam|p1|Incineroar||SitrusBerry|Intimidate|FakeOut,PartingShot,WillOWisp,FlareBlitz|Careful||F|||50|]Froslass||Froslassite|CursedBody|AuroraVeil,Blizzard,PsychUp,Protect|Timid||F|||50|]Overqwil||Leftovers|Intimidate|Minimize,Substitute,BarbBarrage,Spite|Jolly||F|||50|]Sneasler||FocusSash|PoisonTouch|FakeOut,DireClaw,CloseCombat,Uturn|Jolly||M|||50|]Infernape||BrightPowder|IronFist|PsychUp,FakeOut,ThunderPunch,DrainPunch|Jolly||M|||50|]Raichu||RaichuniteY|LightningRod|FakeOut,FocusBlast,ZapCannon,Encore|Hasty||M|||50|
|showteam|p2|Clefable||SitrusBerry|Unaware|Moonblast,FollowMe,HealPulse,Protect|Bold||F|||50|]Tyranitar||ChoiceScarf|SandStream|RockSlide,KnockOff,IcePunch,Superpower|Jolly||F|||50|]Garchomp||Garchompite|SandVeil|DracoMeteor,EarthPower,PowerGem,Protect|Modest||F|||50|]Gholdengo||LifeOrb|GoodasGold|MakeItRain,ShadowBall,NastyPlot,Protect|Modest|||||50|]Rotom-Wash||Leftovers|Levitate|HydroPump,VoltSwitch,WillOWisp,Protect|Calm|||||50|]Aerodactyl||Aerodactylite|RockHead|RockSlide,DualWingbeat,Tailwind,Protect|Jolly||M|||50|
|inactive|Battle timer is ON: inactive players will automatically lose when time's up. (requested by lald3n)
|inactive|GS Barnabe has 60 seconds left.
|
|t:|1785851553
|teamsize|p1|4
|teamsize|p2|4
|start
|switch|p1a: Froslass|Froslass, L50, F|100/100
|switch|p1b: Sneasler|Sneasler, L50, M|100/100
|switch|p2a: Rotom|Rotom-Wash, L50|100/100
|switch|p2b: Gholdengo|Gholdengo, L50|100/100
|turn|1
|inactive|lald3n has 30 seconds left.
|inactive|GS Barnabe has 30 seconds left.
|
|t:|1785851584
|switch|p1a: Incineroar|Incineroar, L50, F|100/100
|-ability|p1a: Incineroar|Intimidate|boost
|-unboost|p2a: Rotom|atk|1
|-unboost|p2b: Gholdengo|atk|1
|move|p1b: Sneasler|U-turn|p2a: Rotom
|-damage|p2a: Rotom|72/100
|
|t:|1785851594
|switch|p1b: Overqwil|Overqwil, L50, F|100/100|[from] U-turn
|-ability|p1b: Overqwil|Intimidate|boost
|-unboost|p2a: Rotom|atk|1
|-unboost|p2b: Gholdengo|atk|1
|move|p2a: Rotom|Will-O-Wisp|p1b: Overqwil
|-status|p1b: Overqwil|brn
|move|p2b: Gholdengo|Shadow Ball|p1a: Incineroar
|-resisted|p1a: Incineroar|1
|-damage|p1a: Incineroar|83/100
|-damage|p2b: Gholdengo|90/100|[from] item: Life Orb
|
|-heal|p2a: Rotom|78/100|[from] item: Leftovers
|-damage|p1b: Overqwil|94/100 brn|[from] brn
|upkeep
|turn|2
|
|t:|1785851611
|move|p2b: Gholdengo|Protect|p2b: Gholdengo
|-singleturn|p2b: Gholdengo|Protect
|move|p1b: Overqwil|Minimize|p1b: Overqwil
|-boost|p1b: Overqwil|evasion|2
|move|p2a: Rotom|Hydro Pump|p1a: Incineroar
|-supereffective|p1a: Incineroar|1
|-damage|p1a: Incineroar|25/100
|-enditem|p1a: Incineroar|Sitrus Berry|[eat]
|-heal|p1a: Incineroar|50/100g|[from] item: Sitrus Berry
|move|p1a: Incineroar|Parting Shot|p2a: Rotom
|-unboost|p2a: Rotom|atk|1
|-unboost|p2a: Rotom|spa|1
|
|t:|1785851622
|switch|p1a: Froslass|Froslass, L50, F|100/100|[from] Parting Shot
|
|-heal|p1b: Overqwil|100/100 brn|[from] item: Leftovers
|-heal|p2a: Rotom|83/100|[from] item: Leftovers
|-damage|p1b: Overqwil|94/100 brn|[from] brn
|upkeep
|turn|3
|
|t:|1785851639
|move|p1a: Froslass|Protect|p1a: Froslass
|-singleturn|p1a: Froslass|Protect
|move|p1b: Overqwil|Minimize|p1b: Overqwil
|-boost|p1b: Overqwil|evasion|2
|move|p2a: Rotom|Volt Switch|p1a: Froslass
|-activate|p1a: Froslass|move: Protect
|move|p2b: Gholdengo|Shadow Ball|p1a: Froslass
|-activate|p1a: Froslass|move: Protect
|
|-heal|p1b: Overqwil|100/100 brn|[from] item: Leftovers
|-heal|p2a: Rotom|89/100|[from] item: Leftovers
|-damage|p1b: Overqwil|94/100 brn|[from] brn
|upkeep
|turn|4
|
|t:|1785851654
|switch|p1a: Incineroar|Incineroar, L50, F|50/100g
|-ability|p1a: Incineroar|Intimidate|boost
|-unboost|p2a: Rotom|atk|1
|-unboost|p2b: Gholdengo|atk|1
|move|p1b: Overqwil|Substitute|p1b: Overqwil
|-start|p1b: Overqwil|Substitute
|-damage|p1b: Overqwil|69/100 brn
|move|p2a: Rotom|Volt Switch|p1a: Incineroar
|-damage|p1a: Incineroar|39/100
|
|t:|1785851664
|switch|p2a: Garchomp|Garchomp, L50, F|100/100|[from] Volt Switch
|move|p2b: Gholdengo|Shadow Ball|p1a: Incineroar
|-resisted|p1a: Incineroar|1
|-damage|p1a: Incineroar|22/100
|-damage|p2b: Gholdengo|80/100|[from] item: Life Orb
|
|-heal|p1b: Overqwil|75/100 brn|[from] item: Leftovers
|-damage|p1b: Overqwil|69/100 brn|[from] brn
|upkeep
|turn|5
|
|t:|1785851679
|detailschange|p2a: Garchomp|Garchomp-Mega, L50, F
|-mega|p2a: Garchomp|Garchomp|Garchompite
|move|p1b: Overqwil|Minimize|p1b: Overqwil
|-boost|p1b: Overqwil|evasion|2
|move|p2a: Garchomp|Earth Power|p1b: Overqwil
|-supereffective|p1b: Overqwil|1
|-end|p1b: Overqwil|Substitute
|move|p2b: Gholdengo|Nasty Plot|p2b: Gholdengo
|-boost|p2b: Gholdengo|spa|2
|move|p1a: Incineroar|Will-O-Wisp|p2a: Garchomp
|-status|p2a: Garchomp|brn
|
|-heal|p1b: Overqwil|75/100 brn|[from] item: Leftovers
|-damage|p1b: Overqwil|69/100 brn|[from] brn
|-damage|p2a: Garchomp|93/100 brn|[from] brn
|upkeep
|turn|6
|
|t:|1785851701
|move|p1b: Overqwil|Substitute|p1b: Overqwil
|-start|p1b: Overqwil|Substitute
|-damage|p1b: Overqwil|45/100 brn
|move|p2a: Garchomp|Earth Power|p1b: Overqwil
|-supereffective|p1b: Overqwil|1
|-end|p1b: Overqwil|Substitute
|move|p2b: Gholdengo|Shadow Ball|p1a: Incineroar
|-resisted|p1a: Incineroar|1
|-damage|p1a: Incineroar|0 fnt
|faint|p1a: Incineroar
|-damage|p2b: Gholdengo|71/100|[from] item: Life Orb
|
|-heal|p1b: Overqwil|50/100g brn|[from] item: Leftovers
|-damage|p1b: Overqwil|45/100 brn|[from] brn
|-damage|p2a: Garchomp|87/100 brn|[from] brn
|upkeep
|
|t:|1785851710
|switch|p1a: Froslass|Froslass, L50, F|100/100
|turn|7
|
|t:|1785851734
|move|p1a: Froslass|Psych Up|p1b: Overqwil
|-copyboost|p1a: Froslass|p1b: Overqwil|[from] move: Psych Up
|move|p1b: Overqwil|Substitute|p1b: Overqwil
|-start|p1b: Overqwil|Substitute
|-damage|p1b: Overqwil|20/100y brn
|move|p2a: Garchomp|Earth Power|p1b: Overqwil|[miss]
|-miss|p2a: Garchomp|p1b: Overqwil
|move|p2b: Gholdengo|Shadow Ball|p1a: Froslass|[miss]
|-miss|p2b: Gholdengo|p1a: Froslass
|
|-heal|p1b: Overqwil|26/100 brn|[from] item: Leftovers
|-damage|p1b: Overqwil|20/100y brn|[from] brn
|-damage|p2a: Garchomp|81/100 brn|[from] brn
|upkeep
|turn|8
|
|t:|1785851752
|detailschange|p1a: Froslass|Froslass-Mega, L50, F
|-mega|p1a: Froslass|Froslass|Froslassite
|-weather|Snowscape|[from] ability: Snow Warning|[of] p1a: Froslass
|move|p1a: Froslass|Aurora Veil|p1a: Froslass
|-sidestart|p1: lald3n|move: Aurora Veil
|move|p1b: Overqwil|Spite|p2b: Gholdengo
|-immune|p2b: Gholdengo|[from] ability: Good as Gold
|move|p2a: Garchomp|Earth Power|p1b: Overqwil|[miss]
|-miss|p2a: Garchomp|p1b: Overqwil
|move|p2b: Gholdengo|Shadow Ball|p1a: Froslass
|-supereffective|p1a: Froslass|1
|-damage|p1a: Froslass|0 fnt
|faint|p1a: Froslass
|-damage|p2b: Gholdengo|61/100|[from] item: Life Orb
|
|-weather|Snowscape|[upkeep]
|-heal|p1b: Overqwil|26/100 brn|[from] item: Leftovers
|-damage|p1b: Overqwil|20/100y brn|[from] brn
|-damage|p2a: Garchomp|75/100 brn|[from] brn
|upkeep
|
|t:|1785851761
|switch|p1a: Sneasler|Sneasler, L50, M|100/100
|turn|9
|
|t:|1785851780
|move|p2a: Garchomp|Protect|p2a: Garchomp
|-singleturn|p2a: Garchomp|Protect
|move|p1a: Sneasler|Fake Out|p2a: Garchomp
|-activate|p2a: Garchomp|move: Protect
|move|p1b: Overqwil|Barb Barrage|p2a: Garchomp
|-activate|p2a: Garchomp|move: Protect
|move|p2b: Gholdengo|Shadow Ball|p1a: Sneasler
|-damage|p1a: Sneasler|12/100
|-damage|p2b: Gholdengo|52/100|[from] item: Life Orb
|
|-weather|Snowscape|[upkeep]
|-heal|p1b: Overqwil|26/100 brn|[from] item: Leftovers
|-damage|p1b: Overqwil|20/100y brn|[from] brn
|-damage|p2a: Garchomp|68/100 brn|[from] brn
|upkeep
|turn|10
|inactive|GS Barnabe has 30 seconds left.
|
|t:|1785851813
|move|p1a: Sneasler|U-turn|p2b: Gholdengo
|-resisted|p2b: Gholdengo|2
|-damage|p2b: Gholdengo|47/100
|move|p1b: Overqwil|Barb Barrage|p2a: Garchomp
|-resisted|p2a: Garchomp|1
|-damage|p2a: Garchomp|63/100 brn
|move|p2a: Garchomp|Earth Power|p1b: Overqwil|[miss]
|-miss|p2a: Garchomp|p1b: Overqwil
|move|p2b: Gholdengo|Shadow Ball|p1a: Sneasler
|-damage|p1a: Sneasler|0 fnt
|faint|p1a: Sneasler
|-damage|p2b: Gholdengo|37/100|[from] item: Life Orb
|
|-weather|Snowscape|[upkeep]
|-heal|p1b: Overqwil|26/100 brn|[from] item: Leftovers
|-damage|p1b: Overqwil|20/100y brn|[from] brn
|-damage|p2a: Garchomp|57/100 brn|[from] brn
|upkeep
|turn|11
|
|t:|1785851832
|switch|p2a: Tyranitar|Tyranitar, L50, F|100/100
|-weather|Sandstorm|[from] ability: Sand Stream|[of] p2a: Tyranitar
|move|p1b: Overqwil|Barb Barrage|p2a: Tyranitar
|-resisted|p2a: Tyranitar|1
|-damage|p2a: Tyranitar|94/100
|move|p2b: Gholdengo|Shadow Ball|p1b: Overqwil|[miss]
|-miss|p2b: Gholdengo|p1b: Overqwil
|
|-weather|Sandstorm|[upkeep]
|-damage|p1b: Overqwil|14/100 brn|[from] Sandstorm
|-heal|p1b: Overqwil|20/100y brn|[from] item: Leftovers
|-damage|p1b: Overqwil|14/100 brn|[from] brn
|upkeep
|turn|12
|-message|lald3n forfeited.
|
|win|GS Barnabe
|raw|lald3n's rating: 1102 → 1084(-18 for losing)
|raw|GS Barnabe's rating: 1196 → 1214(+18 for winning)
|l|☆lald3n
|player|p1|
