|j|☆kosircapo
|j|☆bobak dotto
|html|kosircapobobak dotto    
|uhtml|bestof|Game 2 of a best-of-3
|t:|1784895216
|gametype|doubles
|player|p1|kosircapo|1|1126
|player|p2|bobak dotto|265|1099
|gen|9
|tier|[Gen 9 Champions] VGC 2026 Reg M-B (Bo3)
|rated|
|rule|Species Clause: Limit one of each Pokémon
|rule|Item Clause: Limit 1 of each item
|clearpoke
|poke|p1|Garchomp, L50, M, shiny|
|poke|p1|Sylveon, L50, M|
|poke|p1|Aerodactyl, L50, M|
|poke|p1|Metagross, L50|
|poke|p1|Charizard, L50, F|
|poke|p1|Incineroar, L50, F|
|poke|p2|Froslass, L50, F|
|poke|p2|Talonflame, L50, M|
|poke|p2|Pyroar, L50, M|
|poke|p2|Garchomp, L50, F|
|poke|p2|Annihilape, L50, M|
|poke|p2|Maushold-Four, L50|
|teampreview|4
|showteam|p1|Garchomp||LifeOrb|RoughSkin|Protect,RockSlide,Earthquake,DragonClaw|Jolly||M|||50|]Sylveon||FairyFeather|Pixilate|Detect,QuickAttack,HyperVoice,HyperBeam|Modest||M|||50|]Aerodactyl||FocusSash|Unnerve|Protect,RockSlide,Tailwind,DualWingbeat|Jolly||M|||50|]Metagross||Metagrossite|ClearBody|Protect,PsychicFangs,BulletPunch,BodyPress|Adamant|||||50|]Charizard||CharizarditeY|Blaze|Protect,HeatWave,SolarBeam,WeatherBall|Modest||F|||50|]Incineroar||SitrusBerry|Intimidate|PartingShot,FakeOut,DarkestLariat,FlareBlitz|Careful||F|||50|
|showteam|p2|Froslass||Froslassite|SnowCloak|Blizzard,ShadowBall,AuroraVeil,Protect|Timid||F|||50|]Talonflame||SharpBeak|GaleWings|DualWingbeat,Taunt,Tailwind,QuickGuard|Jolly||M|||50|]Pyroar||Pyroarite|Unnerve|HeatWave,Overheat,Yawn,Protect|Modest||M|||50|]Garchomp||LifeOrb|RoughSkin|Earthquake,DragonClaw,RockSlide,Protect|Jolly||F|||50|]Annihilape||FocusSash|Defiant|CloseCombat,RageFist,Taunt,Protect|Jolly||M|||50|]Maushold-Four||ChopleBerry|FriendGuard|BeatUp,SuperFang,Feint,FollowMe|Jolly|||||50|
|inactive|Battle timer is ON: inactive players will automatically lose when time's up. (requested by bobak dotto)
|
|t:|1784895236
|teamsize|p1|4
|teamsize|p2|4
|start
|switch|p1a: Aerodactyl|Aerodactyl, L50, M|100/100
|switch|p1b: Sylveon|Sylveon, L50, M|100/100
|switch|p2a: Talonflame|Talonflame, L50, M|100/100
|switch|p2b: Garchomp|Garchomp, L50, F|100/100
|-ability|p1a: Aerodactyl|Unnerve
|turn|1
|
|t:|1784895249
|move|p2a: Talonflame|Tailwind|p2a: Talonflame
|-sidestart|p2: bobak dotto|move: Tailwind
|move|p2b: Garchomp|Rock Slide|p1a: Aerodactyl|[spread] p1a,p1b
|-supereffective|p1a: Aerodactyl|1
|-damage|p1a: Aerodactyl|18/100
|-damage|p1b: Sylveon|69/100
|-damage|p2b: Garchomp|90/100|[from] item: Life Orb
|move|p1a: Aerodactyl|Rock Slide|p2a: Talonflame|[spread] p2a,p2b
|-supereffective|p2a: Talonflame|2
|-resisted|p2b: Garchomp|1
|-damage|p2a: Talonflame|0 fnt
|-damage|p2b: Garchomp|76/100
|faint|p2a: Talonflame
|move|p1b: Sylveon|Hyper Voice|p2b: Garchomp
|-supereffective|p2b: Garchomp|1
|-damage|p2b: Garchomp|0 fnt
|faint|p2b: Garchomp
|
|upkeep
|
|t:|1784895264
|switch|p2a: Froslass|Froslass, L50, F|100/100
|switch|p2b: Annihilape|Annihilape, L50, M|100/100
|turn|2
|
|t:|1784895272
|detailschange|p2a: Froslass|Froslass-Mega, L50, F
|-mega|p2a: Froslass|Froslass|Froslassite
|-weather|Snowscape|[from] ability: Snow Warning|[of] p2a: Froslass
|move|p1a: Aerodactyl|Protect|p1a: Aerodactyl
|-singleturn|p1a: Aerodactyl|Protect
|move|p1b: Sylveon|Detect|p1b: Sylveon
|-singleturn|p1b: Sylveon|Protect
|move|p2a: Froslass|Blizzard|p1a: Aerodactyl|[spread] 
|-activate|p1a: Aerodactyl|move: Protect
|-activate|p1b: Sylveon|move: Protect
|move|p2b: Annihilape|Rage Fist|p1b: Sylveon
|-activate|p1b: Sylveon|move: Protect
|
|-weather|Snowscape|[upkeep]
|upkeep
|turn|3
|inactive|kosircapo has 30 seconds left.
|
|t:|1784895307
|move|p1b: Sylveon|Quick Attack|p2b: Annihilape
|-supereffective|p2b: Annihilape|1
|-damage|p2b: Annihilape|73/100
|move|p2a: Froslass|Blizzard|p1b: Sylveon|[spread] p1a,p1b
|-supereffective|p1a: Aerodactyl|1
|-damage|p1a: Aerodactyl|0 fnt
|-damage|p1b: Sylveon|30/100
|faint|p1a: Aerodactyl
|move|p2b: Annihilape|Rage Fist|p1b: Sylveon
|-damage|p1b: Sylveon|0 fnt
|faint|p1b: Sylveon
|
|-weather|Snowscape|[upkeep]
|upkeep
|
|t:|1784895319
|switch|p1a: Charizard|Charizard, L50, F|100/100
|switch|p1b: Garchomp|Garchomp, L50, M, shiny|100/100
|turn|4
|
|t:|1784895334
|move|p1b: Garchomp|Protect|p1b: Garchomp
|-singleturn|p1b: Garchomp|Protect
|move|p1a: Charizard|Protect|p1a: Charizard
|-singleturn|p1a: Charizard|Protect
|move|p2a: Froslass|Blizzard|p1b: Garchomp|[spread] 
|-activate|p1a: Charizard|move: Protect
|-activate|p1b: Garchomp|move: Protect
|move|p2b: Annihilape|Rage Fist|p1a: Charizard
|-activate|p1a: Charizard|move: Protect
|
|-weather|Snowscape|[upkeep]
|-sideend|p2: bobak dotto|move: Tailwind
|upkeep
|turn|5
|
|t:|1784895350
|detailschange|p1a: Charizard|Charizard-Mega-Y, L50, F
|-mega|p1a: Charizard|Charizard|Charizardite Y
|-weather|SunnyDay|[from] ability: Drought|[of] p1a: Charizard
|move|p2a: Froslass|Blizzard|p1b: Garchomp|[spread] p1a
|-miss|p2a: Froslass|p1b: Garchomp
|-damage|p1a: Charizard|61/100
|move|p1b: Garchomp|Earthquake|p2b: Annihilape|[spread] p2a,p2b
|-immune|p1a: Charizard
|-damage|p2a: Froslass|22/100
|-damage|p2b: Annihilape|14/100
|-damage|p1b: Garchomp|90/100|[from] item: Life Orb
|move|p2b: Annihilape|Rage Fist|p1a: Charizard
|-damage|p1a: Charizard|0 fnt
|faint|p1a: Charizard
|
|-weather|SunnyDay|[upkeep]
|upkeep
|turn|6
|
|t:|1784895370
|move|p2a: Froslass|Blizzard|p1b: Garchomp
|-supereffective|p1b: Garchomp|2
|-damage|p1b: Garchomp|0 fnt
|faint|p1b: Garchomp
|
|win|bobak dotto
|raw|kosircapo's rating: 1126 → 1099(-27 for losing)
|raw|bobak dotto's rating: 1099 → 1126(+27 for winning)
