|j|☆Divine Monkey King
|j|‽SurfSadness
|html|Divine Monkey KingSurfSadness    
|uhtml|bestof|Game 1 of a best-of-3
|t:|1784914524
|gametype|doubles
|player|p1|Divine Monkey King|266|
|player|p2|SurfSadness|swimmerf-gen4|
|gen|9
|tier|[Gen 9 Champions] VGC 2026 Reg M-B (Bo3)
|rule|Species Clause: Limit one of each Pokémon
|rule|Item Clause: Limit 1 of each item
|clearpoke
|poke|p1|Tyranitar, L50, M, shiny|
|poke|p1|Aerodactyl, L50, M, shiny|
|poke|p1|Pelipper, L50, M, shiny|
|poke|p1|Basculegion, L50, M, shiny|
|poke|p1|Beedrill, L50, M, shiny|
|poke|p1|Annihilape, L50, M, shiny|
|poke|p2|Heracross, L50, M|
|poke|p2|Gholdengo, L50, shiny|
|poke|p2|Talonflame, L50, F|
|poke|p2|Primarina, L50, M, shiny|
|poke|p2|Weavile, L50, F, shiny|
|poke|p2|Jolteon, L50, F, shiny|
|teampreview|4
|showteam|p1|Tyranitar||Tyranitarite|SandStream|BrickBreak,KnockOff,Protect,RockSlide|Adamant||M|||50|]Aerodactyl||FocusSash|Unnerve|DualWingbeat,IronHead,Protect,Tailwind|Jolly||M|||50|]Pelipper||WacanBerry|Drizzle|Hurricane,IceBeam,Protect,WeatherBall|Calm||M|||50|]Basculegion||MysticWater|SwiftSwim|AquaJet,FlipTurn,LastRespects,Protect|Adamant||M|||50|]Beedrill||Beedrillite|Sniper|PoisonJab,Protect,Uturn,FellStinger|Jolly||M|||50|]Annihilape||Leftovers|Defiant|BulkUp,DrainPunch,Protect,ThunderPunch|Adamant||M|||50|
|showteam|p2|Heracross||Heracronite|Moxie|BulletSeed,RockBlast,CloseCombat,Detect|Adamant||M|||50|]Gholdengo||LifeOrb|GoodasGold|MakeItRain,ShadowBall,DazzlingGleam,Protect|Modest|||||50|]Talonflame||FocusSash|GaleWings|BraveBird,FlareBlitz,Tailwind,Protect|Jolly||F|||50|]Primarina||MysticWater|LiquidVoice|Moonblast,HyperVoice,CalmMind,Protect|Timid||M|||50|]Weavile||ExpertBelt|Pickpocket|FakeOut,KnockOff,TripleAxel,Protect|Jolly||F|||50|]Jolteon||Magnet|VoltAbsorb|Thunderbolt,VoltSwitch,Electroweb,Detect|Timid||F|||50|
|j| boraatilla
|
|t:|1784914585
|teamsize|p1|4
|teamsize|p2|4
|start
|switch|p1a: Aerodactyl|Aerodactyl, L50, M, shiny|100/100
|switch|p1b: Basculegion|Basculegion, L50, M, shiny|100/100
|switch|p2a: Talonflame|Talonflame, L50, F|100/100
|switch|p2b: Gholdengo|Gholdengo, L50, shiny|100/100
|-ability|p1a: Aerodactyl|Unnerve
|turn|1
|
|t:|1784914610
|move|p2a: Talonflame|Protect|p2a: Talonflame
|-singleturn|p2a: Talonflame|Protect
|move|p1a: Aerodactyl|Tailwind|p1a: Aerodactyl
|-sidestart|p1: Divine Monkey King|move: Tailwind
|move|p1b: Basculegion|Last Respects|p2b: Gholdengo
|-supereffective|p2b: Gholdengo|1
|-damage|p2b: Gholdengo|40/100
|move|p2b: Gholdengo|Make It Rain|p1a: Aerodactyl|[spread] p1a,p1b
|-supereffective|p1a: Aerodactyl|1
|-resisted|p1b: Basculegion|1
|-enditem|p1a: Aerodactyl|Focus Sash
|-damage|p1a: Aerodactyl|1/100
|-damage|p1b: Basculegion|58/100
|-unboost|p2b: Gholdengo|spa|2
|-damage|p2b: Gholdengo|30/100|[from] item: Life Orb
|
|upkeep
|turn|2
|
|t:|1784914633
|switch|p1a: Tyranitar|Tyranitar, L50, M, shiny|100/100
|-weather|Sandstorm|[from] ability: Sand Stream|[of] p1a: Tyranitar
|move|p2a: Talonflame|Tailwind|p2a: Talonflame
|-sidestart|p2: SurfSadness|move: Tailwind
|move|p2b: Gholdengo|Make It Rain|p1b: Basculegion|[spread] p1a,p1b
|-supereffective|p1a: Tyranitar|1
|-resisted|p1b: Basculegion|1
|-damage|p1a: Tyranitar|58/100
|-damage|p1b: Basculegion|40/100
|-unboost|p2b: Gholdengo|spa|2
|-damage|p2b: Gholdengo|20/100y|[from] item: Life Orb
|move|p1b: Basculegion|Flip Turn|p2a: Talonflame
|-supereffective|p2a: Talonflame|1
|-enditem|p2a: Talonflame|Focus Sash
|-damage|p2a: Talonflame|1/100
|
|t:|1784914653
|switch|p1b: Aerodactyl|Aerodactyl, L50, M, shiny|1/100|[from] Flip Turn
|-ability|p1b: Aerodactyl|Unnerve
|
|-weather|Sandstorm|[upkeep]
|-damage|p2a: Talonflame|0 fnt|[from] Sandstorm
|faint|p2a: Talonflame
|upkeep
|
|t:|1784914661
|switch|p2a: Weavile|Weavile, L50, F, shiny|100/100
|turn|3
|
|t:|1784914680
|switch|p2b: Heracross|Heracross, L50, M|100/100
|detailschange|p1a: Tyranitar|Tyranitar-Mega, L50, M, shiny
|-mega|p1a: Tyranitar|Tyranitar|Tyranitarite
|move|p1b: Aerodactyl|Protect|p1b: Aerodactyl
|-singleturn|p1b: Aerodactyl|Protect
|move|p1a: Tyranitar|Protect|p1a: Tyranitar
|-singleturn|p1a: Tyranitar|Protect
|move|p2a: Weavile|Fake Out|p1a: Tyranitar
|-activate|p1a: Tyranitar|move: Protect
|
|-weather|Sandstorm|[upkeep]
|-damage|p2a: Weavile|93/100|[from] Sandstorm
|-damage|p2b: Heracross|94/100|[from] Sandstorm
|upkeep
|turn|4
|
|t:|1784914703
|detailschange|p2b: Heracross|Heracross-Mega, L50, M
|-mega|p2b: Heracross|Heracross|Heracronite
|move|p2b: Heracross|Detect|p2b: Heracross
|-singleturn|p2b: Heracross|Protect
|move|p1b: Aerodactyl|Dual Wingbeat|p2b: Heracross
|-activate|p2b: Heracross|move: Protect
|move|p2a: Weavile|Triple Axel|p1b: Aerodactyl
|-supereffective|p1b: Aerodactyl|1
|-damage|p1b: Aerodactyl|0 fnt
|faint|p1b: Aerodactyl
|-hitcount|p1: Aerodactyl|1
|move|p1a: Tyranitar|Rock Slide|p2b: Heracross|[spread] p2a
|-activate|p2b: Heracross|move: Protect
|-supereffective|p2a: Weavile|1
|-damage|p2a: Weavile|0 fnt
|faint|p2a: Weavile
|
|-weather|Sandstorm|[upkeep]
|-damage|p2b: Heracross|88/100|[from] Sandstorm
|-sideend|p1: Divine Monkey King|move: Tailwind
|upkeep
|
|t:|1784914733
|switch|p1b: Pelipper|Pelipper, L50, M, shiny|100/100
|switch|p2a: Gholdengo|Gholdengo, L50, shiny|20/100y
|-weather|RainDance|[from] ability: Drizzle|[of] p1b: Pelipper
|turn|5
|
|t:|1784914745
|move|p2a: Gholdengo|Protect|p2a: Gholdengo
|-singleturn|p2a: Gholdengo|Protect
|move|p1b: Pelipper|Protect|p1b: Pelipper
|-singleturn|p1b: Pelipper|Protect
|move|p1a: Tyranitar|Protect|p1a: Tyranitar
|-singleturn|p1a: Tyranitar|Protect
|move|p2b: Heracross|Rock Blast|p1b: Pelipper
|-activate|p1b: Pelipper|move: Protect
|
|-weather|RainDance|[upkeep]
|-sideend|p2: SurfSadness|move: Tailwind
|upkeep
|turn|6
|
|t:|1784914769
|move|p2a: Gholdengo|Dazzling Gleam|p1b: Pelipper|[spread] p1a,p1b
|-supereffective|p1a: Tyranitar|1
|-damage|p1a: Tyranitar|10/100
|-damage|p1b: Pelipper|64/100
|-damage|p2a: Gholdengo|10/100|[from] item: Life Orb
|move|p2b: Heracross|Rock Blast|p1b: Pelipper
|-supereffective|p1b: Pelipper|1
|-damage|p1b: Pelipper|36/100
|-supereffective|p1b: Pelipper|1
|-damage|p1b: Pelipper|7/100
|-supereffective|p1b: Pelipper|1
|-damage|p1b: Pelipper|0 fnt
|faint|p1b: Pelipper
|-hitcount|p1: Pelipper|3
|move|p1a: Tyranitar|Knock Off|p2a: Gholdengo
|-supereffective|p2a: Gholdengo|1
|-damage|p2a: Gholdengo|0 fnt
|-enditem|p2a: Gholdengo|Life Orb|[from] move: Knock Off|[of] p1a: Tyranitar
|faint|p2a: Gholdengo
|
|-weather|RainDance|[upkeep]
|upkeep
|
|t:|1784914785
|switch|p1b: Basculegion|Basculegion, L50, M, shiny|40/100
|turn|7
|l| boraatilla
|
|t:|1784914804
|move|p1b: Basculegion|Last Respects|p2b: Heracross
|-damage|p2b: Heracross|8/100
|move|p2b: Heracross|Bullet Seed|p1b: Basculegion
|-supereffective|p1b: Basculegion|1
|-damage|p1b: Basculegion|8/100
|-supereffective|p1b: Basculegion|1
|-damage|p1b: Basculegion|0 fnt
|faint|p1b: Basculegion
|-hitcount|p1: Basculegion|2
|move|p1a: Tyranitar|Rock Slide|p2b: Heracross
|-crit|p2b: Heracross
|-damage|p2b: Heracross|0 fnt
|faint|p2b: Heracross
|
|win|Divine Monkey King
|inactive|Divine Monkey King has 30 seconds to confirm battle start!
|inactive|SurfSadness has 30 seconds to confirm battle start!
|inactive|Divine Monkey King has 20 seconds to confirm battle start!
|inactive|SurfSadness has 20 seconds to confirm battle start!
||Divine Monkey King is ready for game 2.
|inactive|SurfSadness has 10 seconds to confirm battle start!
||SurfSadness is ready for game 2.
|uhtml|next|Next: Game 2 of 3
