|j|☆bennobad
|j|☆TobiYume
|html|bennobadTobiYume    
|uhtml|bestof|Game 3 of a best-of-3
|t:|1756917711
|gametype|doubles
|player|p1|bennobad|1|1211
|player|p2|TobiYume|roxie|1107
|gen|9
|tier|[Gen 9] VGC 2025 Reg H (Bo3)
|rated|
|rule|Species Clause: Limit one of each Pokémon
|rule|Item Clause: Limit 1 of each item
|clearpoke
|poke|p1|Ursaluna, L50, M|
|poke|p1|Hydreigon, L50, F|
|poke|p1|Gholdengo, L50|
|poke|p1|Incineroar, L50, F|
|poke|p1|Amoonguss, L50, M|
|poke|p1|Porygon2, L50|
|poke|p2|Garchomp, L50, M|
|poke|p2|Talonflame, L50, F|
|poke|p2|Sylveon, L50, F|
|poke|p2|Tyranitar, L50, M|
|poke|p2|Decidueye-Hisui, L50, F|
|poke|p2|Gholdengo, L50|
|teampreview|4
|showteam|p1|Ursaluna||FlameOrb|Guts|Facade,HeadlongRush,Substitute,Protect|||M|||50|,,,,,Fairy]Hydreigon||CovertCloak|Levitate|DracoMeteor,Snarl,Tailwind,Protect|||F|||50|,,,,,Steel]Gholdengo||LifeOrb|GoodasGold|MakeItRain,ShadowBall,Protect,NastyPlot||||||50|,,,,,Dragon]Incineroar||AssaultVest|Intimidate|KnockOff,FlareBlitz,Uturn,FakeOut|||F|||50|,,,,,Grass]Amoonguss||MentalHerb|Regenerator|Spore,RagePowder,ClearSmog,Protect|||M|||50|,,,,,Fire]Porygon2||Eviolite|Download|TeraBlast,Thunderbolt,Recover,TrickRoom||||||50|,,,,,Fairy
|showteam|p2|Garchomp||LifeOrb|RoughSkin|DragonClaw,StompingTantrum,Earthquake,Protect|||M|||50|,,,,,Steel]Talonflame||CovertCloak|GaleWings|Tailwind,WillOWisp,BraveBird,Taunt|||F|||50|,,,,,Grass]Sylveon||ThroatSpray|Pixilate|HyperVoice,HyperBeam,TeraBlast,Protect|||F|||50|,,,,,Water]Tyranitar||AssaultVest|SandStream|RockSlide,KnockOff,TeraBlast,LowKick|||M|||50|,,,,,Flying]Decidueye-Hisui||RazorClaw|Scrappy|TripleArrows,LeafBlade,SuckerPunch,Protect|||F|||50|,,,,,Fire]Gholdengo||Leftovers|GoodasGold|MakeItRain,ShadowBall,NastyPlot,Protect||||||50|,,,,,Dragon
|inactive|Battle timer is ON: inactive players will automatically lose when time's up. (requested by TobiYume)
|
|t:|1756917750
|teamsize|p1|4
|teamsize|p2|4
|start
|switch|p1a: Gholdengo|Gholdengo, L50, shiny|100/100
|switch|p1b: Incineroar|Incineroar, L50, F, shiny|100/100
|switch|p2a: Elie|Talonflame, L50, F|100/100
|switch|p2b: Tio|Sylveon, L50, F, shiny|100/100
|-ability|p1b: Incineroar|Intimidate|boost
|-unboost|p2a: Elie|atk|1
|-unboost|p2b: Tio|atk|1
|turn|1
|
|t:|1756917767
|move|p2b: Tio|Protect|p2b: Tio
|-singleturn|p2b: Tio|Protect
|move|p1b: Incineroar|Fake Out|p2b: Tio
|-activate|p2b: Tio|move: Protect
|move|p2a: Elie|Taunt|p1b: Incineroar
|-start|p1b: Incineroar|move: Taunt
|move|p1a: Gholdengo|Nasty Plot|p1a: Gholdengo
|-boost|p1a: Gholdengo|spa|2
|
|upkeep
|turn|2
|
|t:|1756917782
|-terastallize|p2b: Tio|Water
|move|p2a: Elie|Taunt|p1a: Gholdengo
|-immune|p1a: Gholdengo|[from] ability: Good as Gold
|move|p1a: Gholdengo|Shadow Ball|p2a: Elie
|-damage|p2a: Elie|0 fnt
|faint|p2a: Elie
|-damage|p1a: Gholdengo|91/100|[from] item: Life Orb
|move|p1b: Incineroar|U-turn|p2b: Tio
|-damage|p2b: Tio|74/100
|
|t:|1756917792
|switch|p1b: Porygon2|Porygon2, L50, shiny|100/100|[from] U-turn
|-ability|p1b: Porygon2|Download|boost
|-boost|p1b: Porygon2|atk|1
|move|p2b: Tio|Hyper Voice|p1a: Gholdengo|[spread] p1a,p1b
|-resisted|p1a: Gholdengo
|-damage|p1a: Gholdengo|67/100
|-damage|p1b: Porygon2|79/100
|-enditem|p2b: Tio|Throat Spray
|-boost|p2b: Tio|spa|1|[from] item: Throat Spray
|
|upkeep
|
|t:|1756917800
|switch|p2a: Wazy|Gholdengo, L50|100/100
|turn|3
|
|t:|1756917820
|move|p1a: Gholdengo|Shadow Ball|p2b: Tio
|-damage|p2b: Tio|0 fnt
|faint|p2b: Tio
|-damage|p1a: Gholdengo|57/100|[from] item: Life Orb
|move|p2a: Wazy|Shadow Ball|p1a: Gholdengo
|-supereffective|p1a: Gholdengo
|-damage|p1a: Gholdengo|0 fnt
|faint|p1a: Gholdengo
|move|p1b: Porygon2|Trick Room|p1b: Porygon2
|-fieldstart|move: Trick Room|[of] p1b: Porygon2
|
|upkeep
|
|t:|1756917831
|switch|p2b: Randy|Tyranitar, L50, M|100/100
|switch|p1a: Ursaluna|Ursaluna, L50, M|100/100
|-weather|Sandstorm|[from] ability: Sand Stream|[of] p2b: Randy
|turn|4
|
|t:|1756917851
|move|p1a: Ursaluna|Protect|p1a: Ursaluna
|-singleturn|p1a: Ursaluna|Protect
|move|p1b: Porygon2|Thunderbolt|p2b: Randy
|-damage|p2b: Randy|92/100
|move|p2b: Randy|Knock Off|p1a: Ursaluna
|-activate|p1a: Ursaluna|move: Protect
|move|p2a: Wazy|Make It Rain|p1a: Ursaluna|[spread] p1b
|-activate|p1a: Ursaluna|move: Protect
|-damage|p1b: Porygon2|58/100
|-unboost|p2a: Wazy|spa|1
|
|-weather|Sandstorm|[upkeep]
|-damage|p1b: Porygon2|52/100|[from] Sandstorm
|-status|p1a: Ursaluna|brn|[from] item: Flame Orb
|upkeep
|turn|5
|
|t:|1756917867
|move|p1b: Porygon2|Thunderbolt|p2b: Randy
|-damage|p2b: Randy|83/100
|move|p2b: Randy|Low Kick|p1a: Ursaluna
|-supereffective|p1a: Ursaluna
|-damage|p1a: Ursaluna|22/100 brn
|move|p1a: Ursaluna|Headlong Rush|p2b: Randy
|-supereffective|p2b: Randy
|-damage|p2b: Randy|0 fnt
|-unboost|p1a: Ursaluna|def|1
|-unboost|p1a: Ursaluna|spd|1
|faint|p2b: Randy
|move|p2a: Wazy|Make It Rain|p1a: Ursaluna|[spread] p1a,p1b
|-damage|p1a: Ursaluna|0 fnt
|-damage|p1b: Porygon2|39/100
|-unboost|p2a: Wazy|spa|1
|faint|p1a: Ursaluna
|
|-weather|Sandstorm|[upkeep]
|-damage|p1b: Porygon2|33/100|[from] Sandstorm
|upkeep
|
|t:|1756917870
|switch|p1a: Incineroar|Incineroar, L50, F, shiny|100/100
|-ability|p1a: Incineroar|Intimidate|boost
|-unboost|p2a: Wazy|atk|1
|turn|6
|-message|TobiYume forfeited.
|
|win|bennobad
|raw|bennobad's rating: 1211 → 1229(+18 for winning)
|raw|TobiYume's rating: 1107 → 1089(-18 for losing)
