|j|☆papucaru
|j|☆leonidos1
|html|papucaruleonidos1    
|uhtml|bestof|Game 3 of a best-of-3
|t:|1783207830
|gametype|doubles
|player|p1|papucaru|169|1136
|player|p2|leonidos1|cynthia|1177
|gen|9
|tier|[Gen 9 Champions] VGC 2026 Reg M-B (Bo3)
|rated|
|rule|Species Clause: Limit one of each Pokémon
|rule|Item Clause: Limit 1 of each item
|clearpoke
|poke|p1|Blastoise, L50, M|
|poke|p1|Slowking-Galar, L50, M|
|poke|p1|Pelipper, L50, F|
|poke|p1|Archaludon, L50, F|
|poke|p1|Kingambit, L50, M|
|poke|p1|Sylveon, L50, M|
|poke|p2|Charizard, L50, M|
|poke|p2|Incineroar, L50, M|
|poke|p2|Garchomp, L50, M|
|poke|p2|Farigiraf, L50, F|
|poke|p2|Sylveon, L50, M|
|poke|p2|Venusaur, L50, F|
|teampreview|4
|showteam|p1|Blastoise||Blastoisinite|Torrent|Protect,FakeOut,WaterSpout,AuraSphere|Modest||M|||50|]Slowking-Galar||MentalHerb|Regenerator|TrickRoom,RainDance,AcidSpray,HealPulse|Relaxed||M|||50|]Pelipper||SitrusBerry|Drizzle|WeatherBall,Uturn,Hurricane,Tailwind|Modest||F|||50|]Archaludon||DragonFang|Sturdy|Protect,DracoMeteor,SteelBeam,ElectroShot|Modest||F|||50|]Kingambit||BlackGlasses|Defiant|Protect,SwordsDance,KowtowCleave,SuckerPunch|Brave||M|||50|]Sylveon||FairyFeather|Pixilate|Detect,QuickAttack,HyperVoice,Psyshock|Modest||M|||50|
|showteam|p2|Charizard||CharizarditeY|Blaze|WeatherBall,HeatWave,SolarBeam,Protect|Modest||M|||50|]Incineroar||SitrusBerry|Intimidate|FakeOut,FlareBlitz,DarkestLariat,PartingShot|Adamant||M|||50|]Garchomp||LifeOrb|RoughSkin|DragonClaw,RockSlide,Earthquake,Protect|Jolly||M|||50|]Farigiraf||ColburBerry|ArmorTail|TwinBeam,Thunderbolt,HelpingHand,TrickRoom|Sassy||F|||50|]Sylveon||FairyFeather|Pixilate|HyperVoice,HyperBeam,QuickAttack,Protect|Quiet||M|||50|]Venusaur||FocusSash|Chlorophyll|SleepPowder,EnergyBall,SludgeBomb,Protect|Modest||F|||50|
|inactive|Battle timer is ON: inactive players will automatically lose when time's up. (requested by leonidos1)
|
|t:|1783207919
|teamsize|p1|4
|teamsize|p2|4
|start
|switch|p1a: Archaludon|Archaludon, L50, F|100/100
|switch|p1b: Blastoise|Blastoise, L50, M|100/100
|switch|p2a: Charizard|Charizard, L50, M|100/100
|switch|p2b: Garchomp|Garchomp, L50, M|100/100
|turn|1
|inactive|papucaru has 30 seconds left.
|inactive|papucaru has 20 seconds left.
|inactive|papucaru has 15 seconds left.
|
|t:|1783207962
|switch|p2b: Farigiraf|Farigiraf, L50, F|100/100
|detailschange|p2a: Charizard|Charizard-Mega-Y, L50, M
|-mega|p2a: Charizard|Charizard|Charizardite Y
|-weather|SunnyDay|[from] ability: Drought|[of] p2a: Charizard
|detailschange|p1b: Blastoise|Blastoise-Mega, L50, M
|-mega|p1b: Blastoise|Blastoise|Blastoisinite
|move|p1b: Blastoise|Protect|p1b: Blastoise
|-singleturn|p1b: Blastoise|Protect
|move|p2a: Charizard|Heat Wave|p1b: Blastoise|[spread] p1a
|-activate|p1b: Blastoise|move: Protect
|-ability|p1a: Archaludon|Sturdy
|-damage|p1a: Archaludon|1/100
|move|p1a: Archaludon|Draco Meteor|p2b: Farigiraf|[miss]
|-miss|p1a: Archaludon|p2b: Farigiraf
|
|-weather|SunnyDay|[upkeep]
|upkeep
|turn|2
|inactive|papucaru has 30 seconds left.
|inactive|leonidos1 has 30 seconds left.
|inactive|leonidos1 has 20 seconds left.
|
|t:|1783207998
|switch|p2a: Sylveon|Sylveon, L50, M|100/100
|switch|p1a: Pelipper|Pelipper, L50, F|100/100
|-weather|RainDance|[from] ability: Drizzle|[of] p1a: Pelipper
|move|p1b: Blastoise|Water Spout|p2a: Sylveon|[spread] p2a,p2b
|-damage|p2a: Sylveon|29/100
|-damage|p2b: Farigiraf|27/100
|move|p2b: Farigiraf|Thunderbolt|p1a: Pelipper
|-supereffective|p1a: Pelipper|2
|-damage|p1a: Pelipper|0 fnt
|faint|p1a: Pelipper
|
|-weather|RainDance|[upkeep]
|upkeep
|
|t:|1783208011
|switch|p1a: Kingambit|Kingambit, L50, M|100/100
|turn|3
|
|t:|1783208032
|switch|p2b: Charizard|Charizard-Mega-Y, L50, M|100/100
|-weather|SunnyDay|[from] ability: Drought|[of] p2b: Charizard
|move|p2a: Sylveon|Protect|p2a: Sylveon
|-singleturn|p2a: Sylveon|Protect
|move|p1b: Blastoise|Water Spout|p2a: Sylveon|[spread] p2b
|-activate|p2a: Sylveon|move: Protect
|-supereffective|p2b: Charizard|1
|-damage|p2b: Charizard|39/100
|move|p1a: Kingambit|Swords Dance|p1a: Kingambit
|-boost|p1a: Kingambit|atk|2
|
|-weather|SunnyDay|[upkeep]
|upkeep
|turn|4
|inactive|papucaru has 30 seconds left.
|inactive|papucaru has 20 seconds left.
|
|t:|1783208071
|move|p2b: Charizard|Protect|p2b: Charizard
|-singleturn|p2b: Charizard|Protect
|move|p1a: Kingambit|Protect|p1a: Kingambit
|-singleturn|p1a: Kingambit|Protect
|move|p1b: Blastoise|Aura Sphere|p2a: Sylveon
|-resisted|p2a: Sylveon|1
|-damage|p2a: Sylveon|9/100
|move|p2a: Sylveon|Hyper Voice|p1b: Blastoise|[spread] p1b
|-activate|p1a: Kingambit|move: Protect
|-damage|p1b: Blastoise|57/100
|
|-weather|SunnyDay|[upkeep]
|upkeep
|turn|5
|inactive|leonidos1 has 30 seconds left.
|
|t:|1783208101
|switch|p2b: Garchomp|Garchomp, L50, M|100/100
|move|p2a: Sylveon|Quick Attack|p1b: Blastoise
|-damage|p1b: Blastoise|45/100
|move|p1a: Kingambit|Sucker Punch||[still]
|-fail|p1a: Kingambit
|move|p1b: Blastoise|Aura Sphere|p2a: Sylveon
|-resisted|p2a: Sylveon|1
|-damage|p2a: Sylveon|0 fnt
|faint|p2a: Sylveon
|
|-weather|SunnyDay|[upkeep]
|upkeep
|
|t:|1783208114
|switch|p2a: Farigiraf|Farigiraf, L50, F|27/100
|turn|6
|
|t:|1783208137
|switch|p2a: Charizard|Charizard-Mega-Y, L50, M|39/100
|move|p1a: Kingambit|Protect|p1a: Kingambit
|-singleturn|p1a: Kingambit|Protect
|move|p2b: Garchomp|Earthquake|p1b: Blastoise|[spread] p1b
|-activate|p1a: Kingambit|move: Protect
|-immune|p2a: Charizard
|-damage|p1b: Blastoise|5/100
|-damage|p2b: Garchomp|90/100|[from] item: Life Orb
|move|p1b: Blastoise|Aura Sphere|p2a: Charizard
|-resisted|p2a: Charizard|1
|-crit|p2a: Charizard
|-damage|p2a: Charizard|9/100
|
|-weather|SunnyDay|[upkeep]
|upkeep
|turn|7
|inactive|papucaru has 30 seconds left.
|inactive|papucaru has 20 seconds left.
|inactive|papucaru has 15 seconds left.
|inactive|papucaru has 10 seconds left.
|inactive|papucaru has 5 seconds left.
|
|t:|1783208192
|switch|p2a: Farigiraf|Farigiraf, L50, F|27/100
|move|p1b: Blastoise|Protect|p1b: Blastoise
|-singleturn|p1b: Blastoise|Protect
|move|p1a: Kingambit|Protect||[still]
|-fail|p1a: Kingambit
|move|p2b: Garchomp|Earthquake|p1a: Kingambit|[spread] p2a,p1a
|-activate|p1b: Blastoise|move: Protect
|-supereffective|p1a: Kingambit|1
|-damage|p2a: Farigiraf|0 fnt
|-damage|p1a: Kingambit|23/100
|faint|p2a: Farigiraf
|-damage|p2b: Garchomp|80/100|[from] item: Life Orb
|
|-weather|none
|upkeep
|
|t:|1783208205
|switch|p2a: Charizard|Charizard-Mega-Y, L50, M|9/100
|-weather|SunnyDay|[from] ability: Drought|[of] p2a: Charizard
|turn|8
|
|t:|1783208213
|switch|p1b: Archaludon|Archaludon, L50, F|1/100
|move|p1a: Kingambit|Protect|p1a: Kingambit
|-singleturn|p1a: Kingambit|Protect
|move|p2b: Garchomp|Earthquake|p1b: Archaludon|[spread] p1b
|-activate|p1a: Kingambit|move: Protect
|-immune|p2a: Charizard
|-supereffective|p1b: Archaludon|1
|-crit|p1b: Archaludon
|-damage|p1b: Archaludon|0 fnt
|faint|p1b: Archaludon
|-damage|p2b: Garchomp|71/100|[from] item: Life Orb
|move|p2a: Charizard|Heat Wave|p1a: Kingambit
|-activate|p1a: Kingambit|move: Protect
|
|-weather|SunnyDay|[upkeep]
|upkeep
|
|t:|1783208225
|switch|p1b: Blastoise|Blastoise-Mega, L50, M|5/100
|turn|9
|
|t:|1783208240
|move|p1b: Blastoise|Fake Out|p2a: Charizard
|-damage|p2a: Charizard|0 fnt
|faint|p2a: Charizard
|move|p1a: Kingambit|Sucker Punch|p2b: Garchomp
|-damage|p2b: Garchomp|0 fnt
|-damage|p1a: Kingambit|11/100|[from] ability: Rough Skin|[of] p2b: Garchomp
|faint|p2b: Garchomp
|
|win|papucaru
|raw|papucaru's rating: 1136 → 1164(+28 for winning)
|raw|leonidos1's rating: 1177 → 1149(-28 for losing)
|l|☆papucaru
|player|p1|
