|j|☆andiom123
|j|☆Slowjow
|html|andiom123Slowjow    
|uhtml|bestof|Game 2 of a best-of-3
|t:|1786040727
|gametype|doubles
|player|p1|andiom123|red|1225
|player|p2|Slowjow|1|1249
|gen|9
|tier|[Gen 9 Champions] VGC 2026 Reg M-B (Bo3)
|rated|
|rule|Species Clause: Limit one of each Pokémon
|rule|Item Clause: Limit 1 of each item
|clearpoke
|poke|p1|Incineroar, L50, M|
|poke|p1|Farigiraf, L50, F|
|poke|p1|Sylveon, L50, M|
|poke|p1|Torkoal, L50, M|
|poke|p1|Kangaskhan, L50, F|
|poke|p1|Mudsdale, L50, M|
|poke|p2|Blaziken, L50, M|
|poke|p2|Raichu, L50, M|
|poke|p2|Incineroar, L50, M|
|poke|p2|Milotic, L50, F|
|poke|p2|Tsareena, L50, F|
|poke|p2|Gholdengo, L50|
|teampreview|4
|showteam|p1|Incineroar||MuscleBand|Intimidate|ThroatChop,FlareBlitz,FakeOut,PartingShot|Brave||M|||50|]Farigiraf||SitrusBerry|ArmorTail|FoulPlay,PsychicNoise,TrickRoom,HelpingHand|Relaxed||F|||50|]Sylveon||FairyFeather|Pixilate|HyperVoice,HyperBeam,Yawn,Detect|Modest||M|||50|]Torkoal||Charcoal|Drought|Eruption,EarthPower,Flamethrower,Protect|Quiet||M|||50|]Kangaskhan||Kangaskhanite|Scrappy|DoubleEdge,FakeOut,IcePunch,HammerArm|Brave||F|||50|]Mudsdale||LifeOrb|InnerFocus|HighHorsepower,Earthquake,RockSlide,HeavySlam|Brave||M|||50|
|showteam|p2|Blaziken||Blazikenite|SpeedBoost|CloseCombat,FlareBlitz,RockSlide,Protect|Adamant||M|||50|]Raichu||RaichuniteY|LightningRod|FakeOut,Protect,ZapCannon,FocusBlast|Timid||M|||50|]Incineroar||SitrusBerry|Intimidate|FakeOut,PartingShot,FlareBlitz,DarkestLariat|Careful||M|||50|]Milotic||Leftovers|Competitive|Scald,IceBeam,Recover,Protect|Bold||F|||50|]Tsareena||ExpertBelt|QueenlyMajesty|TropKick,TripleAxel,LowKick,Protect|Adamant||F|||50|]Gholdengo||LifeOrb|GoodasGold|MakeItRain,ShadowBall,NastyPlot,Protect|Modest|||||50|
|inactive|Battle timer is ON: inactive players will automatically lose when time's up. (requested by andiom123)
|
|t:|1786040790
|teamsize|p1|4
|teamsize|p2|4
|start
|switch|p1a: Farigiraf|Farigiraf, L50, F|100/100
|switch|p1b: Kangaskhan|Kangaskhan, L50, F|100/100
|switch|p2a: Gholdengo|Gholdengo, L50|100/100
|switch|p2b: Raichu|Raichu, L50, M|100/100
|turn|1
|inactive|andiom123 has 30 seconds left.
|
|t:|1786040817
|detailschange|p2b: Raichu|Raichu-Mega-Y, L50, M
|-mega|p2b: Raichu|Raichu|Raichunite Y
|move|p1b: Kangaskhan|Fake Out|p2b: Raichu
|-damage|p2b: Raichu|71/100
|cant|p2b: Raichu|flinch
|move|p2a: Gholdengo|Make It Rain|p1a: Farigiraf|[spread] p1a,p1b
|-damage|p1a: Farigiraf|39/100
|-damage|p1b: Kangaskhan|33/100
|-unboost|p2a: Gholdengo|spa|2
|-enditem|p1a: Farigiraf|Sitrus Berry|[eat]
|-heal|p1a: Farigiraf|64/100|[from] item: Sitrus Berry
|-damage|p2a: Gholdengo|90/100|[from] item: Life Orb
|move|p1a: Farigiraf|Trick Room|p1a: Farigiraf
|-fieldstart|move: Trick Room|[of] p1a: Farigiraf
|
|upkeep
|turn|2
|inactive|andiom123 has 30 seconds left.
|inactive|Slowjow has 30 seconds left.
|inactive|Slowjow has 20 seconds left.
|
|t:|1786040856
|switch|p1a: Torkoal|Torkoal, L50, M|100/100
|-weather|SunnyDay|[from] ability: Drought|[of] p1a: Torkoal
|detailschange|p1b: Kangaskhan|Kangaskhan-Mega, L50, F
|-mega|p1b: Kangaskhan|Kangaskhan|Kangaskhanite
|move|p1b: Kangaskhan|Double-Edge|p2b: Raichu
|-damage|p2b: Raichu|0 fnt
|faint|p2b: Raichu
|-damage|p1b: Kangaskhan|16/100|[from] Recoil
|move|p2a: Gholdengo|Nasty Plot|p2a: Gholdengo
|-boost|p2a: Gholdengo|spa|2
|
|-weather|SunnyDay|[upkeep]
|upkeep
|
|t:|1786040875
|switch|p2b: Incineroar|Incineroar, L50, M|100/100
|-ability|p2b: Incineroar|Intimidate|boost
|-unboost|p1a: Torkoal|atk|1
|-unboost|p1b: Kangaskhan|atk|1
|turn|3
|
|t:|1786040893
|move|p1a: Torkoal|Protect|p1a: Torkoal
|-singleturn|p1a: Torkoal|Protect
|move|p2a: Gholdengo|Protect|p2a: Gholdengo
|-singleturn|p2a: Gholdengo|Protect
|move|p2b: Incineroar|Parting Shot|p1b: Kangaskhan
|-unboost|p1b: Kangaskhan|atk|1
|-unboost|p1b: Kangaskhan|spa|1
|
|t:|1786040900
|switch|p2b: Tsareena|Tsareena, L50, F|100/100|[from] Parting Shot
|move|p1b: Kangaskhan|Hammer Arm|p2b: Tsareena
|-damage|p2b: Tsareena|82/100
|-unboost|p1b: Kangaskhan|spe|1
|-damage|p2b: Tsareena|77/100
|-unboost|p1b: Kangaskhan|spe|1
|-hitcount|p2b: Tsareena|2
|
|-weather|SunnyDay|[upkeep]
|upkeep
|turn|4
|
|t:|1786040916
|switch|p1b: Mudsdale|Mudsdale, L50, M|100/100
|switch|p2a: Incineroar|Incineroar, L50, M|100/100
|-ability|p2a: Incineroar|Intimidate|boost
|-unboost|p1a: Torkoal|atk|1
|-fail|p1b: Mudsdale|unboost|Attack|[from] ability: Inner Focus|[of] p1b: Mudsdale
|move|p2b: Tsareena|Protect|p2b: Tsareena
|-singleturn|p2b: Tsareena|Protect
|move|p1a: Torkoal|Eruption|p2a: Incineroar|[spread] p2a
|-activate|p2b: Tsareena|move: Protect
|-resisted|p2a: Incineroar|1
|-damage|p2a: Incineroar|65/100
|
|-weather|SunnyDay|[upkeep]
|upkeep
|turn|5
|inactive|Slowjow has 30 seconds left.
|inactive|Slowjow has 20 seconds left.
|
|t:|1786040953
|move|p2a: Incineroar|Fake Out|p1a: Torkoal
|-damage|p1a: Torkoal|92/100
|cant|p1a: Torkoal|flinch
|move|p1b: Mudsdale|High Horsepower|p2a: Incineroar
|-supereffective|p2a: Incineroar|1
|-damage|p2a: Incineroar|0 fnt
|faint|p2a: Incineroar
|-damage|p1b: Mudsdale|90/100|[from] item: Life Orb
|move|p2b: Tsareena|Trop Kick|p1b: Mudsdale
|-supereffective|p1b: Mudsdale|1
|-damage|p1b: Mudsdale|12/100
|-unboost|p1b: Mudsdale|atk|1
|
|-weather|SunnyDay|[upkeep]
|-fieldend|move: Trick Room
|upkeep
|
|t:|1786040970
|switch|p2a: Gholdengo|Gholdengo, L50|90/100
|turn|6
|
|t:|1786040981
|switch|p1b: Kangaskhan|Kangaskhan-Mega, L50, F|16/100
|move|p1a: Torkoal|Protect|p1a: Torkoal
|-singleturn|p1a: Torkoal|Protect
|move|p2a: Gholdengo|Shadow Ball|p1a: Torkoal
|-activate|p1a: Torkoal|move: Protect
|move|p2b: Tsareena|Trop Kick|p1b: Kangaskhan
|-damage|p1b: Kangaskhan|0 fnt
|faint|p1b: Kangaskhan
|
|-weather|none
|upkeep
|
|t:|1786040993
|switch|p1b: Farigiraf|Farigiraf, L50, F|64/100
|turn|7
|inactive|Slowjow has 30 seconds left.
|inactive|Slowjow has 20 seconds left.
|
|t:|1786041031
|move|p2a: Gholdengo|Make It Rain|p1b: Farigiraf|[spread] p1a,p1b
|-resisted|p1a: Torkoal|1
|-damage|p1a: Torkoal|49/100
|-damage|p1b: Farigiraf|0 fnt
|-unboost|p2a: Gholdengo|spa|2
|faint|p1b: Farigiraf
|-damage|p2a: Gholdengo|80/100|[from] item: Life Orb
|move|p2b: Tsareena|Trop Kick|p1a: Torkoal
|-resisted|p1a: Torkoal|1
|-damage|p1a: Torkoal|34/100
|-unboost|p1a: Torkoal|atk|1
|move|p1a: Torkoal|Flamethrower|p2a: Gholdengo
|-supereffective|p2a: Gholdengo|1
|-damage|p2a: Gholdengo|0 fnt
|faint|p2a: Gholdengo
|
|upkeep
|
|t:|1786041046
|switch|p1b: Mudsdale|Mudsdale, L50, M|12/100
|turn|8
|
|t:|1786041070
|move|p2b: Tsareena|Protect|p2b: Tsareena
|-singleturn|p2b: Tsareena|Protect
|move|p1b: Mudsdale|Heavy Slam|p2b: Tsareena
|-activate|p2b: Tsareena|move: Protect
|move|p1a: Torkoal|Flamethrower|p2b: Tsareena
|-activate|p2b: Tsareena|move: Protect
|
|upkeep
|turn|9
|inactive|Slowjow has 30 seconds left.
|
|t:|1786041096
|move|p2b: Tsareena|Low Kick|p1a: Torkoal
|-damage|p1a: Torkoal|16/100
|move|p1b: Mudsdale|Heavy Slam|p2b: Tsareena
|-damage|p2b: Tsareena|16/100
|-damage|p1b: Mudsdale|2/100|[from] item: Life Orb
|move|p1a: Torkoal|Flamethrower|p2b: Tsareena
|-supereffective|p2b: Tsareena|1
|-damage|p2b: Tsareena|0 fnt
|faint|p2b: Tsareena
|
|win|andiom123
||andiom123 is ready for game 3.
|inactive|Slowjow has 30 seconds to confirm battle start!
||Slowjow is ready for game 3.
|uhtml|next|Next: Game 3 of 3
