|j|☆superperish14
|j|☆LeonardPlayz
|html|superperish14LeonardPlayz    
|uhtml|bestof|Game 1 of a best-of-3
|t:|1784110611
|gametype|doubles
|player|p1|superperish14|worker|1118
|player|p2|LeonardPlayz|hilbert-wonderlauncher|1125
|gen|9
|tier|[Gen 9 Champions] VGC 2026 Reg M-B (Bo3)
|rated|
|rule|Species Clause: Limit one of each Pokémon
|rule|Item Clause: Limit 1 of each item
|clearpoke
|poke|p1|Gengar, L50, M|
|poke|p1|Incineroar, L50, F|
|poke|p1|Archaludon, L50, F|
|poke|p1|Politoed, L50, M|
|poke|p1|Aerodactyl, L50, F|
|poke|p1|Kingambit, L50, M|
|poke|p2|Barbaracle, L50, F|
|poke|p2|Gardevoir, L50, M|
|poke|p2|Volcarona, L50, F|
|poke|p2|Gengar, L50, F|
|poke|p2|Mr. Rime, L50, F|
|poke|p2|Krookodile, L50, M|
|teampreview|4
|showteam|p1|Gengar||Gengarite|CursedBody|SludgeBomb,ShadowBall,PerishSong,Protect|Modest||M|||50|]Incineroar||PasshoBerry|Intimidate|FlareBlitz,PartingShot,FakeOut,Protect|Relaxed||F|||50|]Archaludon||Leftovers|Stamina|DragonPulse,FlashCannon,ElectroShot,Protect|Modest||F|||50|]Politoed||SitrusBerry|Drizzle|WeatherBall,Encore,PerishSong,Protect|Calm||M|||50|]Aerodactyl||Aerodactylite|Unnerve|RockSlide,DualWingbeat,IceFang,Tailwind|Adamant||F|||50|]Kingambit||FocusSash|Defiant|KowtowCleave,IronHead,SuckerPunch,LowKick|Adamant||M|||50|
|showteam|p2|Barbaracle||Barbaracite|ToughClaws|RockSlide,BrickBreak,ShellSmash,Protect|Adamant||F|||50|]Gardevoir||Gardevoirite|Telepathy|HyperVoice,Psyshock,Thunderbolt,Protect|Timid||M|||50|]Volcarona||ChartiBerry|FlameBody|Tailwind,Flamethrower,WillOWisp,RagePowder|Timid||F|||50|]Gengar||FocusSash|CursedBody|ShadowBall,SludgeBomb,Taunt,Protect|Timid||F|||50|]Mr. Rime||NeverMeltIce|ScreenCleaner|FakeOut,FreezeDry,Encore,Protect|Timid||F|||50|]Krookodile||ChopleBerry|Intimidate|StoneEdge,HighHorsepower,KnockOff,Protect|Adamant||M|||50|
|inactive|Battle timer is ON: inactive players will automatically lose when time's up. (requested by LeonardPlayz)
|inactive|LeonardPlayz has 60 seconds left.
|
|t:|1784110648
|teamsize|p1|4
|teamsize|p2|4
|start
|switch|p1a: Gengar|Gengar, L50, M|100/100
|switch|p1b: Incineroar|Incineroar, L50, F|100/100
|switch|p2a: Volcarona|Volcarona, L50, F|100/100
|switch|p2b: Barbaracle|Barbaracle, L50, F|100/100
|-ability|p1b: Incineroar|Intimidate|boost
|-unboost|p2a: Volcarona|atk|1
|-unboost|p2b: Barbaracle|atk|1
|turn|1
|inactive|superperish14 has 30 seconds left.
|
|t:|1784110677
|detailschange|p1a: Gengar|Gengar-Mega, L50, M
|-mega|p1a: Gengar|Gengar|Gengarite
|move|p1b: Incineroar|Fake Out|p2b: Barbaracle
|-resisted|p2b: Barbaracle|1
|-damage|p2b: Barbaracle|95/100
|move|p2a: Volcarona|Tailwind|p2a: Volcarona
|-sidestart|p2: LeonardPlayz|move: Tailwind
|cant|p2b: Barbaracle|flinch
|move|p1a: Gengar|Perish Song|p1a: Gengar
|-start|p1a: Gengar|perish3|[silent]
|-start|p1b: Incineroar|perish3|[silent]
|-start|p2a: Volcarona|perish3|[silent]
|-start|p2b: Barbaracle|perish3|[silent]
|-fieldactivate|move: Perish Song
|
|-start|p2a: Volcarona|perish3
|-start|p2b: Barbaracle|perish3
|-start|p1a: Gengar|perish3
|-start|p1b: Incineroar|perish3
|upkeep
|turn|2
|inactive|superperish14 has 30 seconds left.
|inactive|superperish14 has 20 seconds left.
|
|t:|1784110717
|move|p1a: Gengar|Protect|p1a: Gengar
|-singleturn|p1a: Gengar|Protect
|move|p1b: Incineroar|Protect|p1b: Incineroar
|-singleturn|p1b: Incineroar|Protect
|move|p2a: Volcarona|Rage Powder|p2a: Volcarona
|-singleturn|p2a: Volcarona|move: Rage Powder
|move|p2b: Barbaracle|Shell Smash|p2b: Barbaracle
|-unboost|p2b: Barbaracle|def|1
|-unboost|p2b: Barbaracle|spd|1
|-boost|p2b: Barbaracle|atk|2
|-boost|p2b: Barbaracle|spa|2
|-boost|p2b: Barbaracle|spe|2
|
|-start|p2b: Barbaracle|perish2
|-start|p2a: Volcarona|perish2
|-start|p1a: Gengar|perish2
|-start|p1b: Incineroar|perish2
|upkeep
|turn|3
|inactive|superperish14 has 30 seconds left.
|inactive|LeonardPlayz has 30 seconds left.
|inactive|superperish14 has 20 seconds left.
|inactive|superperish14 has 15 seconds left.
|inactive|superperish14 has 10 seconds left.
|inactive|superperish14 has 5 seconds left.
|
|t:|1784110772
|detailschange|p2b: Barbaracle|Barbaracle-Mega, L50, F
|-mega|p2b: Barbaracle|Barbaracle|Barbaracite
|move|p2b: Barbaracle|Brick Break|p1b: Incineroar
|-supereffective|p1b: Incineroar|1
|-damage|p1b: Incineroar|0 fnt
|faint|p1b: Incineroar
|move|p2a: Volcarona|Will-O-Wisp|p1a: Gengar
|-status|p1a: Gengar|brn
|move|p1a: Gengar|Sludge Bomb|p2a: Volcarona
|-damage|p2a: Volcarona|49/100
|
|-damage|p1a: Gengar|93/100 brn|[from] brn
|-start|p2b: Barbaracle|perish1
|-start|p2a: Volcarona|perish1
|-start|p1a: Gengar|perish1
|upkeep
|
|t:|1784110786
|switch|p1b: Politoed|Politoed, L50, M|100/100
|-weather|RainDance|[from] ability: Drizzle|[of] p1b: Politoed
|turn|4
|
|t:|1784110800
|move|p1a: Gengar|Protect|p1a: Gengar
|-singleturn|p1a: Gengar|Protect
|move|p1b: Politoed|Protect|p1b: Politoed
|-singleturn|p1b: Politoed|Protect
|move|p2b: Barbaracle|Brick Break|p1a: Gengar
|-activate|p1a: Gengar|move: Protect
|move|p2a: Volcarona|Will-O-Wisp|p1a: Gengar
|-activate|p1a: Gengar|move: Protect
|
|-weather|RainDance|[upkeep]
|-damage|p1a: Gengar|87/100 brn|[from] brn
|-start|p2b: Barbaracle|perish0
|-start|p2a: Volcarona|perish0
|-start|p1a: Gengar|perish0
|-sideend|p2: LeonardPlayz|move: Tailwind
|faint|p2b: Barbaracle
|faint|p2a: Volcarona
|faint|p1a: Gengar
|upkeep
|
|t:|1784110816
|switch|p2a: Krookodile|Krookodile, L50, M|100/100
|switch|p1a: Kingambit|Kingambit, L50, M|100/100
|switch|p2b: Gengar|Gengar, L50, F|100/100
|-ability|p2a: Krookodile|Intimidate|boost
|-unboost|p1a: Kingambit|atk|1
|-ability|p1a: Kingambit|Defiant|boost
|-boost|p1a: Kingambit|atk|2
|-unboost|p1b: Politoed|atk|1
|turn|5
|
|t:|1784110826
|move|p1a: Kingambit|Sucker Punch|p2b: Gengar
|-supereffective|p2b: Gengar|1
|-enditem|p2b: Gengar|Focus Sash
|-damage|p2b: Gengar|1/100
|-start|p1a: Kingambit|Disable|Sucker Punch|[from] ability: Cursed Body|[of] p2b: Gengar
|move|p2b: Gengar|Shadow Ball|p1a: Kingambit
|-resisted|p1a: Kingambit|1
|-damage|p1a: Kingambit|73/100
|move|p2a: Krookodile|High Horsepower|p1a: Kingambit
|-supereffective|p1a: Kingambit|1
|-damage|p1a: Kingambit|0 fnt
|faint|p1a: Kingambit
|move|p1b: Politoed|Weather Ball|p2a: Krookodile
|-supereffective|p2a: Krookodile|1
|-damage|p2a: Krookodile|0 fnt
|faint|p2a: Krookodile
|
|-weather|RainDance|[upkeep]
|upkeep
|turn|6
|inactive|superperish14 has 30 seconds left.
|
|t:|1784110854
|move|p2b: Gengar|Protect|p2b: Gengar
|-singleturn|p2b: Gengar|Protect
|move|p1b: Politoed|Weather Ball|p2b: Gengar
|-activate|p2b: Gengar|move: Protect
|
|-weather|RainDance|[upkeep]
|upkeep
|turn|7
|
|t:|1784110861
|move|p2b: Gengar|Protect||[still]
|-fail|p2b: Gengar
|move|p1b: Politoed|Weather Ball|p2b: Gengar
|-damage|p2b: Gengar|0 fnt
|-start|p1b: Politoed|Disable|Weather Ball|[from] ability: Cursed Body|[of] p2b: Gengar
|faint|p2b: Gengar
|
|win|superperish14
||LeonardPlayz is ready for game 2.
||superperish14 is ready for game 2.
|uhtml|next|Next: Game 2 of 3
|l|☆superperish14
|player|p1|
