|j|☆atlasatc
|j|☆Huasometa
|html|atlasatcHuasometa    
|uhtml|bestof|Game 1 of a best-of-3
|t:|1783655328
|gametype|doubles
|player|p1|atlasatc|2|1075
|player|p2|Huasometa|elesa|1184
|gen|9
|tier|[Gen 9 Champions] VGC 2026 Reg M-B (Bo3)
|rated|
|rule|Species Clause: Limit one of each Pokémon
|rule|Item Clause: Limit 1 of each item
|clearpoke
|poke|p1|Archaludon, L50, M|
|poke|p1|Pelipper, L50, M|
|poke|p1|Incineroar, L50, M|
|poke|p1|Aegislash, L50, M|
|poke|p1|Farigiraf, L50, F|
|poke|p1|Swampert, L50, M|
|poke|p2|Chandelure, L50, F|
|poke|p2|Kangaskhan, L50, F|
|poke|p2|Sylveon, L50, F|
|poke|p2|Kingambit, L50, F|
|poke|p2|Rotom-Wash, L50|
|poke|p2|Venusaur, L50, M|
|teampreview|4
|showteam|p1|Archaludon||Leftovers|Stamina|ElectroShot,FlashCannon,Protect,DracoMeteor|Modest||M|||50|]Pelipper||FocusSash|Drizzle|Hurricane,WeatherBall,Tailwind,WideGuard|Modest||M|||50|]Incineroar||SitrusBerry|Intimidate|FakeOut,PartingShot,FlareBlitz,DarkestLariat|Careful||M|||50|]Aegislash||SpellTag|StanceChange|Poltergeist,KingsShield,ShadowSneak,IronHead|Adamant||M|||50|]Farigiraf||ColburBerry|ArmorTail|TrickRoom,Psychic,HelpingHand,Protect|Quiet||F|||50|]Swampert||Swampertite|Torrent|WaveCrash,IcePunch,Protect,Earthquake|Adamant||M|||50|
|showteam|p2|Chandelure||FocusSash|FlashFire|HeatWave,ShadowBall,TrickRoom,Taunt|Quiet||F|||50|]Kangaskhan||Kangaskhanite|InnerFocus|FakeOut,DoubleEdge,SuckerPunch,HammerArm|Brave||F|||50|]Sylveon||FairyFeather|Pixilate|HyperVoice,Protect,HyperBeam,QuickAttack|Quiet||F|||50|]Kingambit||BlackGlasses|Defiant|KowtowCleave,SuckerPunch,IronHead,Protect|Brave||F|||50|]Rotom-Wash||SitrusBerry|Levitate|ThunderWave,VoltSwitch,HydroPump,Protect|Calm|||||50|]Venusaur||Venusaurite|Chlorophyll|EarthPower,SleepPowder,GigaDrain,Protect|Modest||M|||50|
|
|t:|1783655382
|teamsize|p1|4
|teamsize|p2|4
|start
|switch|p1a: Pelipper|Pelipper, L50, M|100/100
|switch|p1b: Swampert|Swampert, L50, M|100/100
|switch|p2a: Venusaur|Venusaur, L50, M|100/100
|switch|p2b: Rotom|Rotom-Wash, L50|100/100
|-weather|RainDance|[from] ability: Drizzle|[of] p1a: Pelipper
|turn|1
|
|t:|1783655431
|detailschange|p1b: Swampert|Swampert-Mega, L50, M
|-mega|p1b: Swampert|Swampert|Swampertite
|detailschange|p2a: Venusaur|Venusaur-Mega, L50, M
|-mega|p2a: Venusaur|Venusaur|Venusaurite
|move|p1b: Swampert|Protect|p1b: Swampert
|-singleturn|p1b: Swampert|Protect
|move|p1a: Pelipper|Tailwind|p1a: Pelipper
|-sidestart|p1: atlasatc|move: Tailwind
|move|p2a: Venusaur|Giga Drain|p1a: Pelipper
|-damage|p1a: Pelipper|35/100
|move|p2b: Rotom|Volt Switch|p1a: Pelipper
|-supereffective|p1a: Pelipper|2
|-damage|p1a: Pelipper|0 fnt
|faint|p1a: Pelipper
|
|t:|1783655446
|switch|p2b: Chandelure|Chandelure, L50, F|100/100|[from] Volt Switch
|
|-weather|RainDance|[upkeep]
|upkeep
|
|t:|1783655463
|switch|p1a: Archaludon|Archaludon, L50, M|100/100
|turn|2
|
|t:|1783655482
|switch|p1b: Aegislash|Aegislash, L50, M|100/100
|move|p1a: Archaludon|Electro Shot||[still]
|-prepare|p1a: Archaludon|Electro Shot
|-boost|p1a: Archaludon|spa|1
|-anim|p1a: Archaludon|Electro Shot|p2b: Chandelure
|-damage|p2b: Chandelure|10/100
|move|p2a: Venusaur|Giga Drain|p1b: Aegislash
|-resisted|p1b: Aegislash|1
|-damage|p1b: Aegislash|84/100
|move|p2b: Chandelure|Trick Room|p2b: Chandelure
|-fieldstart|move: Trick Room|[of] p2b: Chandelure
|
|-weather|RainDance|[upkeep]
|upkeep
|turn|3
|
|t:|1783655504
|move|p1a: Archaludon|Protect|p1a: Archaludon
|-singleturn|p1a: Archaludon|Protect
|-formechange|p1b: Aegislash|Aegislash-Blade|
|move|p1b: Aegislash|Shadow Sneak|p2b: Chandelure
|-supereffective|p2b: Chandelure|1
|-damage|p2b: Chandelure|0 fnt
|faint|p2b: Chandelure
|move|p2a: Venusaur|Sleep Powder|p1a: Archaludon
|-activate|p1a: Archaludon|move: Protect
|
|-weather|RainDance|[upkeep]
|upkeep
|
|t:|1783655514
|switch|p2b: Sylveon|Sylveon, L50, F|100/100
|turn|4
|
|t:|1783655546
|switch|p1a: Swampert|Swampert-Mega, L50, M|100/100
|move|p2b: Sylveon|Hyper Voice|p1b: Aegislash|[spread] p1a,p1b
|-resisted|p1b: Aegislash|1
|-damage|p1a: Swampert|58/100
|-damage|p1b: Aegislash|44/100
|move|p2a: Venusaur|Earth Power|p1a: Swampert
|-damage|p1a: Swampert|31/100
|move|p1b: Aegislash|Iron Head|p2b: Sylveon
|-supereffective|p2b: Sylveon|1
|-damage|p2b: Sylveon|0 fnt
|faint|p2b: Sylveon
|
|-weather|RainDance|[upkeep]
|-sideend|p1: atlasatc|move: Tailwind
|upkeep
|
|t:|1783655552
|switch|p2b: Rotom|Rotom-Wash, L50|100/100
|turn|5
|
|t:|1783655579
|switch|p1b: Archaludon|Archaludon, L50, M|100/100
|move|p1a: Swampert|Protect|p1a: Swampert
|-singleturn|p1a: Swampert|Protect
|move|p2b: Rotom|Hydro Pump|p1a: Swampert
|-activate|p1a: Swampert|move: Protect
|move|p2a: Venusaur|Earth Power|p1b: Archaludon
|-supereffective|p1b: Archaludon|1
|-damage|p1b: Archaludon|24/100
|-ability|p1b: Archaludon|Stamina|boost
|-boost|p1b: Archaludon|def|1
|
|-weather|none
|-heal|p1b: Archaludon|30/100|[from] item: Leftovers
|upkeep
|turn|6
|
|t:|1783655609
|move|p1b: Archaludon|Draco Meteor|p2a: Venusaur
|-damage|p2a: Venusaur|43/100
|-unboost|p1b: Archaludon|spa|2
|move|p2b: Rotom|Hydro Pump|p1a: Swampert|[miss]
|-miss|p2b: Rotom|p1a: Swampert
|move|p2a: Venusaur|Earth Power|p1b: Archaludon
|-supereffective|p1b: Archaludon|1
|-damage|p1b: Archaludon|0 fnt
|faint|p1b: Archaludon
|move|p1a: Swampert|Ice Punch|p2a: Venusaur
|-supereffective|p2a: Venusaur|1
|-damage|p2a: Venusaur|19/100
|
|-fieldend|move: Trick Room
|upkeep
|
|t:|1783655621
|switch|p1b: Aegislash|Aegislash, L50, M|44/100
|turn|7
|
|t:|1783655642
|move|p1a: Swampert|Protect|p1a: Swampert
|-singleturn|p1a: Swampert|Protect
|move|p2a: Venusaur|Protect|p2a: Venusaur
|-singleturn|p2a: Venusaur|Protect
|-formechange|p1b: Aegislash|Aegislash-Blade|
|move|p1b: Aegislash|Shadow Sneak|p2a: Venusaur
|-activate|p2a: Venusaur|move: Protect
|move|p2b: Rotom|Hydro Pump|p1a: Swampert
|-activate|p1a: Swampert|move: Protect
|
|upkeep
|turn|8
|
|t:|1783655696
|move|p1b: Aegislash|Shadow Sneak|p2a: Venusaur
|-damage|p2a: Venusaur|0 fnt
|faint|p2a: Venusaur
|move|p1a: Swampert|Wave Crash|p2b: Rotom
|-resisted|p2b: Rotom|1
|-damage|p2b: Rotom|62/100
|-damage|p1a: Swampert|20/100y|[from] Recoil
|move|p2b: Rotom|Volt Switch|p1b: Aegislash
|-damage|p1b: Aegislash|1/100
|
|upkeep
|turn|9
|
|t:|1783655729
|move|p2b: Rotom|Protect|p2b: Rotom
|-singleturn|p2b: Rotom|Protect
|move|p1a: Swampert|Wave Crash|p2b: Rotom
|-activate|p2b: Rotom|move: Protect
|move|p1b: Aegislash|Poltergeist|p2b: Rotom
|-activate|p2b: Rotom|move: Protect
|
|upkeep
|turn|10
|inactive|Battle timer is ON: inactive players will automatically lose when time's up. (requested by Huasometa)
|
|t:|1783655743
|move|p1a: Swampert|Protect|p1a: Swampert
|-singleturn|p1a: Swampert|Protect
|move|p2b: Rotom|Volt Switch|p1b: Aegislash
|-damage|p1b: Aegislash|0 fnt
|faint|p1b: Aegislash
|
|upkeep
|turn|11
|l|☆atlasatc
|inactive|atlasatc disconnected and has a minute to reconnect!
|player|p1|
|inactive|atlasatc has 30 seconds left.
|j|☆atlasatc
|inactive|atlasatc reconnected and has 25 seconds left.
|player|p1|atlasatc|2|
|inactive|atlasatc has 20 seconds left.
|inactive|atlasatc has 15 seconds left.
|inactive|atlasatc has 10 seconds left.
|inactive|atlasatc has 5 seconds left.
|
|t:|1783655798
|move|p1a: Swampert|Wave Crash|p2b: Rotom
|-resisted|p2b: Rotom|1
|-damage|p2b: Rotom|24/100
|-enditem|p2b: Rotom|Sitrus Berry|[eat]
|-heal|p2b: Rotom|49/100|[from] item: Sitrus Berry
|-damage|p1a: Swampert|10/100|[from] Recoil
|move|p2b: Rotom|Hydro Pump|p1a: Swampert
|-damage|p1a: Swampert|0 fnt
|faint|p1a: Swampert
|
|win|Huasometa
|l|☆atlasatc
|player|p1|
|inactive|atlasatc has 30 seconds to confirm battle start!
|inactive|Huasometa has 30 seconds to confirm battle start!
|inactive|atlasatc has 20 seconds to confirm battle start!
|inactive|Huasometa has 20 seconds to confirm battle start!
||Huasometa is ready for game 2.
|inactive|atlasatc has 10 seconds to confirm battle start!
||atlasatc is ready for game 2.
|uhtml|next|Next: Game 2 of 3
