|j|☆Peprayo25
|j|☆blfuller_4
|html|Peprayo25blfuller_4    
|uhtml|bestof|Game 3 of a best-of-3
|t:|1755906369
|gametype|doubles
|player|p1|Peprayo25|102|1221
|player|p2|blfuller_4|101|1239
|gen|9
|tier|[Gen 9] VGC 2025 Reg H (Bo3)
|rated|
|rule|Species Clause: Limit one of each Pokémon
|rule|Item Clause: Limit 1 of each item
|clearpoke
|poke|p1|Dondozo, L50, F|
|poke|p1|Tatsugiri, L50, M|
|poke|p1|Sneasler, L50, M|
|poke|p1|Indeedee, L50, M|
|poke|p1|Pelipper, L50, F|
|poke|p1|Basculegion, L50, M|
|poke|p2|Tyranitar, L50, F|
|poke|p2|Excadrill, L50, M|
|poke|p2|Sneasler, L50, M|
|poke|p2|Indeedee, L50, M|
|poke|p2|Gholdengo, L50|
|poke|p2|Whimsicott, L50, M|
|teampreview|4
|showteam|p1|Dondozo||LifeOrb|Unaware|IceFang,WaveCrash,SleepTalk,Protect|||F|||50|,,,,,Water]Tatsugiri||SafetyGoggles|Commander|MuddyWater,DracoMeteor,HelpingHand,Taunt|||M|||50|,,,,,Steel]Sneasler||PsychicSeed|Unburden|DireClaw,CloseCombat,ThroatChop,Protect|||M|||50|,,,,,Stellar]Indeedee||FocusSash|PsychicSurge|ExpandingForce,Protect,HelpingHand,Encore|||M|||50|,,,,,Psychic]Pelipper||DampRock|Drizzle|Hurricane,Tailwind,WideGuard,WeatherBall|||F|||50|,,,,,Steel]Basculegion||ChoiceBand|SwiftSwim|WaveCrash,LastRespects,FlipTurn,AquaJet|||M|||50|,,,,,Grass
|showteam|p2|Tyranitar||AssaultVest|SandStream|RockSlide,TeraBlast,KnockOff,LowKick|||F|||50|,,,,,Flying]Excadrill||FocusSash|SandRush|Protect,Earthquake,HighHorsepower,IronHead|||M|||50|,,,,,Stellar]Sneasler||PsychicSeed|Unburden|ThroatChop,Protect,CloseCombat,DireClaw|||M|||50|,,,,,Dark]Indeedee||ChoiceScarf|PsychicSurge|ExpandingForce,DazzlingGleam,ShadowBall,Trick|||M|||50|,,,,,Psychic]Gholdengo||ChoiceSpecs|GoodasGold|MakeItRain,ShadowBall,Thunderbolt,PowerGem||||||50|,,,,,Steel]Whimsicott||CovertCloak|Prankster|Tailwind,Moonblast,Encore,FakeTears|||M|||50|,,,,,Dark
|
|t:|1755906420
|teamsize|p1|4
|teamsize|p2|4
|start
|switch|p1a: Pelipper|Pelipper, L50, F|100/100
|switch|p1b: Basculegion|Basculegion, L50, M|100/100
|switch|p2a: Sneasler|Sneasler, L50, M|100/100
|switch|p2b: Indeedee|Indeedee, L50, M|100/100
|-fieldstart|move: Psychic Terrain|[from] ability: Psychic Surge|[of] p2b: Indeedee
|-enditem|p2a: Sneasler|Psychic Seed
|-boost|p2a: Sneasler|spd|1|[from] item: Psychic Seed
|-weather|RainDance|[from] ability: Drizzle|[of] p1a: Pelipper
|turn|1
|inactive|Battle timer is ON: inactive players will automatically lose when time's up. (requested by Peprayo25)
|
|t:|1755906446
|-terastallize|p2a: Sneasler|Dark
|-terastallize|p1b: Basculegion|Grass
|move|p1a: Pelipper|Wide Guard|p1a: Pelipper
|-singleturn|p1a: Pelipper|Wide Guard
|move|p2a: Sneasler|Dire Claw|p1b: Basculegion
|-supereffective|p1b: Basculegion
|-damage|p1b: Basculegion|8/100
|-status|p1b: Basculegion|slp
|move|p2b: Indeedee|Shadow Ball|p1b: Basculegion
|-damage|p1b: Basculegion|0 fnt
|faint|p1b: Basculegion
|
|-weather|RainDance|[upkeep]
|upkeep
|
|t:|1755906461
|switch|p1b: Dondozo|Dondozo, L50, F|100/100
|turn|2
|
|t:|1755906467
|switch|p1a: Tatsugiri|Tatsugiri, L50, M|100/100
|-activate|p1a: Tatsugiri|ability: Commander|[of] p1b: Dondozo
|-boost|p1b: Dondozo|atk|2
|-boost|p1b: Dondozo|spa|2
|-boost|p1b: Dondozo|spe|2
|-boost|p1b: Dondozo|def|2
|-boost|p1b: Dondozo|spd|2
|move|p2a: Sneasler|Dire Claw|p1a: Tatsugiri|[miss]
|-miss|p2a: Sneasler|p1a: Tatsugiri
|move|p2b: Indeedee|Shadow Ball|p1a: Tatsugiri|[miss]
|-miss|p2b: Indeedee|p1a: Tatsugiri
|move|p1b: Dondozo|Wave Crash|p2a: Sneasler
|-damage|p2a: Sneasler|0 fnt
|faint|p2a: Sneasler
|-damage|p1b: Dondozo|76/100|[from] Recoil
|-damage|p1b: Dondozo|67/100|[from] item: Life Orb
|
|-weather|RainDance|[upkeep]
|upkeep
|
|t:|1755906470
|switch|p2a: Whimsicott|Whimsicott, L50, M|100/100
|turn|3
|inactive|Peprayo25 has 30 seconds left.
|
|t:|1755906496
|switch|p2b: Tyranitar|Tyranitar, L50, F|100/100
|-weather|Sandstorm|[from] ability: Sand Stream|[of] p2b: Tyranitar
|move|p2a: Whimsicott|Encore|p1b: Dondozo
|-activate|p1b: Dondozo|move: Psychic Terrain
|move|p1b: Dondozo|Wave Crash|p2b: Tyranitar
|-supereffective|p2b: Tyranitar
|-damage|p2b: Tyranitar|0 fnt
|faint|p2b: Tyranitar
|-damage|p1b: Dondozo|36/100|[from] Recoil
|-damage|p1b: Dondozo|27/100|[from] item: Life Orb
|
|-weather|Sandstorm|[upkeep]
|-damage|p2a: Whimsicott|95/100|[from] Sandstorm
|-damage|p1b: Dondozo|20/100|[from] Sandstorm
|upkeep
|
|t:|1755906509
|switch|p2b: Indeedee|Indeedee, L50, M|100/100
|turn|4
|inactive|Peprayo25 has 30 seconds left.
|
|t:|1755906536
|move|p2b: Indeedee|Expanding Force|p1a: Tatsugiri|[spread] p1b
|-miss|p2b: Indeedee|p1a: Tatsugiri
|-damage|p1b: Dondozo|0 fnt
|faint|p1b: Dondozo
|move|p2a: Whimsicott|Moonblast|p1a: Tatsugiri
|-supereffective|p1a: Tatsugiri
|-damage|p1a: Tatsugiri|49/100
|-unboost|p1a: Tatsugiri|spa|1
|
|-weather|Sandstorm|[upkeep]
|-damage|p2b: Indeedee|95/100|[from] Sandstorm
|-damage|p2a: Whimsicott|89/100|[from] Sandstorm
|upkeep
|
|t:|1755906539
|switch|p1b: Pelipper|Pelipper, L50, F|100/100
|-weather|RainDance|[from] ability: Drizzle|[of] p1b: Pelipper
|turn|5
|inactive|Peprayo25 has 30 seconds left.
|
|t:|1755906565
|move|p2b: Indeedee|Expanding Force|p1b: Pelipper|[spread] p1a,p1b
|-damage|p1a: Tatsugiri|0 fnt
|-damage|p1b: Pelipper|45/100
|faint|p1a: Tatsugiri
|move|p2a: Whimsicott|Moonblast|p1b: Pelipper
|-damage|p1b: Pelipper|12/100
|-unboost|p1b: Pelipper|spa|1
|move|p1b: Pelipper|Hurricane|p2a: Whimsicott
|-supereffective|p2a: Whimsicott
|-damage|p2a: Whimsicott|17/100
|
|-weather|RainDance|[upkeep]
|-fieldend|move: Psychic Terrain
|upkeep
|turn|6
|-message|Peprayo25 forfeited.
|
|win|blfuller_4
|raw|Peprayo25's rating: 1221 → 1197(-24 for losing)
|raw|blfuller_4's rating: 1239 → 1263(+24 for winning)
