|j|☆StarBai
|j|☆caZISA
|html|StarBaicaZISA    
|uhtml|bestof|Game 1 of a best-of-3
|t:|1757000464
|gametype|doubles
|player|p1|StarBai|hop|1315
|player|p2|caZISA|red|1427
|gen|9
|tier|[Gen 9] VGC 2025 Reg H (Bo3)
|rated|
|rule|Species Clause: Limit one of each Pokémon
|rule|Item Clause: Limit 1 of each item
|clearpoke
|poke|p1|Dragonite, L50, F|
|poke|p1|Volcarona, L50, M|
|poke|p1|Kingambit, L50, M|
|poke|p1|Sneasler, L50, F|
|poke|p1|Electabuzz, L50, M|
|poke|p1|Rillaboom, L50, M|
|poke|p2|Amoonguss, L50, F|
|poke|p2|Incineroar, L50, M|
|poke|p2|Pelipper, L50, F|
|poke|p2|Archaludon, L50, F|
|poke|p2|Ursaluna, L50, F|
|poke|p2|Gothitelle, L50, M|
|teampreview|4
|showteam|p1|Dragonite||LoadedDice|Multiscale|ScaleShot,ExtremeSpeed,Haze,Protect|||F|||50|,,,,,Steel]Volcarona||CovertCloak|FlameBody|HeatWave,TeraBlast,QuiverDance,Protect|||M|||50|,,,,,Fairy]Kingambit||BlackGlasses|Defiant|KowtowCleave,SuckerPunch,SwordsDance,Protect|||M|||50|,,,,,Dark]Sneasler||FocusSash|Unburden|CloseCombat,DireClaw,FakeOut,Coaching|||F|||50|,,,,,Stellar]Electabuzz||Eviolite|VitalSpirit|Thunderbolt,FollowMe,Taunt,Protect|||M|||50|,,,,,Ghost]Rillaboom||AssaultVest|GrassySurge|WoodHammer,GrassyGlide,FakeOut,HighHorsepower|||M|||50|,,,,,Fire
|showteam|p2|Amoonguss||RockyHelmet|Regenerator|Spore,RagePowder,ClearSmog,PollenPuff|||F|||50|,,,,,Water]Incineroar||SafetyGoggles|Intimidate|FakeOut,WillOWisp,KnockOff,PartingShot|||M|||50|,,,,,Ghost]Pelipper||FocusSash|Drizzle|Hurricane,MuddyWater,WideGuard,Protect|||F|||50|,,,,,Grass]Archaludon||AssaultVest|Stamina|FlashCannon,DracoMeteor,ElectroShot,Snarl|||F|||50|,,,,,Bug]Ursaluna||FlameOrb|Guts|Facade,HeadlongRush,Earthquake,Protect|||F|||50|,,,,,Ghost]Gothitelle||MentalHerb|ShadowTag|FakeOut,Psychic,TrickRoom,Protect|||M|||50|,,,,,Dark
|inactive|Battle timer is ON: inactive players will automatically lose when time's up. (requested by caZISA)
|
|t:|1757000502
|teamsize|p1|4
|teamsize|p2|4
|start
|switch|p1a: Electabuzz|Electabuzz, L50, M|100/100
|switch|p1b: Kingambit|Kingambit, L50, M|100/100
|switch|p2a: Vanessa|Gothitelle, L50, M|100/100
|switch|p2b: Freddy|Ursaluna, L50, F|100/100
|turn|1
|
|t:|1757000518
|-terastallize|p1a: Electabuzz|Ghost
|move|p1b: Kingambit|Protect|p1b: Kingambit
|-singleturn|p1b: Kingambit|Protect
|move|p2a: Vanessa|Fake Out|p1b: Kingambit
|-activate|p1b: Kingambit|move: Protect
|move|p1a: Electabuzz|Taunt|p2a: Vanessa
|-start|p2a: Vanessa|move: Taunt
|-enditem|p2a: Vanessa|Mental Herb
|-end|p2a: Vanessa|move: Taunt
|move|p2b: Freddy|Headlong Rush|p1b: Kingambit
|-activate|p1b: Kingambit|move: Protect
|
|-status|p2b: Freddy|brn|[from] item: Flame Orb
|upkeep
|turn|2
|inactive|StarBai has 30 seconds left.
|inactive|StarBai has 20 seconds left.
|inactive|StarBai has 15 seconds left.
|
|t:|1757000560
|move|p2a: Vanessa|Protect|p2a: Vanessa
|-singleturn|p2a: Vanessa|Protect
|move|p1a: Electabuzz|Follow Me|p1a: Electabuzz
|-singleturn|p1a: Electabuzz|move: Follow Me
|move|p1b: Kingambit|Kowtow Cleave|p2b: Freddy
|-damage|p2b: Freddy|56/100 brn
|move|p2b: Freddy|Earthquake|p1a: Electabuzz|[spread] p1a,p1b
|-activate|p2a: Vanessa|move: Protect
|-supereffective|p1b: Kingambit
|-damage|p1a: Electabuzz|50/100
|-damage|p1b: Kingambit|0 fnt
|faint|p1b: Kingambit
|
|-damage|p2b: Freddy|50/100 brn|[from] brn
|upkeep
|
|t:|1757000564
|switch|p1b: Volcarona|Volcarona, L50, M|100/100
|turn|3
|
|t:|1757000584
|move|p1b: Volcarona|Heat Wave|p2a: Vanessa|[spread] p2a,p2b
|-damage|p2a: Vanessa|69/100
|-damage|p2b: Freddy|19/100 brn
|move|p1a: Electabuzz|Taunt|p2a: Vanessa
|-start|p2a: Vanessa|move: Taunt
|move|p2b: Freddy|Headlong Rush|p1b: Volcarona
|-damage|p1b: Volcarona|0 fnt
|-unboost|p2b: Freddy|def|1
|-unboost|p2b: Freddy|spd|1
|faint|p1b: Volcarona
|cant|p2a: Vanessa|move: Taunt|Trick Room
|
|-damage|p2b: Freddy|14/100 brn|[from] brn
|upkeep
|
|t:|1757000589
|switch|p1b: Sneasler|Sneasler, L50, F|100/100
|turn|4
|
|t:|1757000602
|switch|p2b: Toad|Amoonguss, L50, F|100/100
|move|p1b: Sneasler|Dire Claw|p2b: Toad
|-damage|p2b: Toad|61/100
|-damage|p1b: Sneasler|84/100|[from] item: Rocky Helmet|[of] p2b: Toad
|move|p1a: Electabuzz|Thunderbolt|p2a: Vanessa
|-damage|p2a: Vanessa|45/100
|move|p2a: Vanessa|Psychic|p1b: Sneasler
|-supereffective|p1b: Sneasler
|-damage|p1b: Sneasler|0 fnt
|faint|p1b: Sneasler
|
|upkeep
|turn|5
|
|t:|1757000614
|move|p1a: Electabuzz|Thunderbolt|p2a: Vanessa
|-damage|p2a: Vanessa|21/100
|move|p2a: Vanessa|Psychic|p1a: Electabuzz
|-damage|p1a: Electabuzz|25/100
|move|p2b: Toad|Pollen Puff|p2a: Vanessa
|-heal|p2a: Vanessa|71/100
|
|-end|p2a: Vanessa|move: Taunt
|upkeep
|turn|6
|
|t:|1757000629
|move|p2b: Toad|Rage Powder|p2b: Toad
|-singleturn|p2b: Toad|move: Rage Powder
|move|p1a: Electabuzz|Thunderbolt|p2b: Toad
|-resisted|p2b: Toad
|-damage|p2b: Toad|50/100
|-status|p2b: Toad|par
|move|p2a: Vanessa|Psychic|p1a: Electabuzz
|-damage|p1a: Electabuzz|1/100
|
|upkeep
|turn|7
|
|t:|1757000638
|move|p2b: Toad|Rage Powder|p2b: Toad
|-singleturn|p2b: Toad|move: Rage Powder
|move|p1a: Electabuzz|Thunderbolt|p2b: Toad
|-resisted|p2b: Toad
|-damage|p2b: Toad|39/100 par
|move|p2a: Vanessa|Psychic|p1a: Electabuzz
|-damage|p1a: Electabuzz|0 fnt
|faint|p1a: Electabuzz
|
|win|caZISA
||caZISA is ready for game 2.
|inactive|StarBai has 30 seconds to confirm battle start!
|inactive|StarBai has 20 seconds to confirm battle start!
|inactive|StarBai has 10 seconds to confirm battle start!
||StarBai is ready for game 2.
|uhtml|next|Next: Game 2 of 3
