|j|☆P!nkbearz07
|j|☆colemarcusvgc
|html|P!nkbearz07colemarcusvgc    
|uhtml|bestof|Game 2 of a best-of-3
|t:|1757654413
|gametype|doubles
|player|p1|P!nkbearz07|marlon|1080
|player|p2|colemarcusvgc|n|1103
|gen|9
|tier|[Gen 9] VGC 2025 Reg H (Bo3)
|rated|
|rule|Species Clause: Limit one of each Pokémon
|rule|Item Clause: Limit 1 of each item
|clearpoke
|poke|p1|Whimsicott, L50, M|
|poke|p1|Lurantis, L50, F|
|poke|p1|Tsareena, L50, F|
|poke|p1|Sunflora, L50, M|
|poke|p1|Rillaboom, L50, F|
|poke|p1|Appletun, L50, F|
|poke|p2|Indeedee-F, L50, F|
|poke|p2|Hatterene, L50, F|
|poke|p2|Gallade, L50, M|
|poke|p2|Ursaluna, L50, M|
|poke|p2|Torkoal, L50, F|
|poke|p2|Zoroark-Hisui, L50, F|
|teampreview|4
|showteam|p1|Whimsicott||FocusSash|Prankster|Moonblast,Tailwind,FakeTears,Tickle|||M|||50|,,,,,Ghost]Lurantis||CovertCloak|Contrary|TeraBlast,Superpower,GrassyGlide,Protect|||F|||50|,,,,,Fire]Tsareena||GrassySeed|QueenlyMajesty|Acrobatics,HighJumpKick,SeedBomb,Protect|||F|||50|,,,,,Flying]Sunflora||LifeOrb|SolarPower|EnergyBall,EarthPower,DazzlingGleam,Protect|||M|||50|,,,,,Stellar]Rillaboom||AssaultVest|GrassySurge|FakeOut,GrassyGlide,WoodHammer,Uturn|||F|||50|,,,,,Water]Appletun||Leftovers|ThickFat|LightScreen,Reflect,LeechSeed,BodyPress|||F|||50|,,,,,Water
|showteam|p2|Indeedee-F||PsychicSeed|PsychicSurge|TrickRoom,FollowMe,HelpingHand,DazzlingGleam|||F|||50|,,,,,Fire]Hatterene||TwistedSpoon|MagicBounce|ExpandingForce,TrickRoom,DazzlingGleam,Protect|||F|||50|,,,,,Water]Gallade||ClearAmulet|Sharpness|SacredSword,PsychoCut,TrickRoom,WideGuard|||M|||50|,,,,,Grass]Ursaluna||FlameOrb|Guts|HeadlongRush,Facade,Earthquake,Protect|||M|||50|,,,,,Ghost]Torkoal||ChoiceSpecs|Drought|Eruption,HeatWave,WeatherBall,EarthPower|||F|||50|,,,,,Fire]Zoroark-Hisui||FocusSash|Illusion|HyperVoice,BitterMalice,Snarl,Taunt|||F|||50|,,,,,Stellar
|inactive|Battle timer is ON: inactive players will automatically lose when time's up. (requested by P!nkbearz07)
|
|t:|1757654437
|teamsize|p1|4
|teamsize|p2|4
|start
|switch|p1a: Sunflora|Sunflora, L50, M, shiny|100/100
|switch|p1b: Lurantis|Lurantis, L50, F, shiny|100/100
|switch|p2a: Indeedee|Indeedee-F, L50, F|100/100
|switch|p2b: Gallade|Gallade, L50, M|100/100
|-fieldstart|move: Psychic Terrain|[from] ability: Psychic Surge|[of] p2a: Indeedee
|-enditem|p2a: Indeedee|Psychic Seed
|-boost|p2a: Indeedee|spd|1|[from] item: Psychic Seed
|turn|1
|inactive|colemarcusvgc has 30 seconds left.
|
|t:|1757654466
|-terastallize|p1b: Lurantis|Fire
|move|p2b: Gallade|Sacred Sword|p1b: Lurantis
|-damage|p1b: Lurantis|22/100
|move|p1b: Lurantis|Tera Blast|p2b: Gallade|[anim] Tera Blast Fire
|-damage|p2b: Gallade|49/100
|move|p1a: Sunflora|Dazzling Gleam|p2b: Gallade|[spread] p2a,p2b
|-crit|p2a: Indeedee
|-supereffective|p2b: Gallade
|-crit|p2b: Gallade
|-damage|p2a: Indeedee|68/100
|-damage|p2b: Gallade|0 fnt
|faint|p2b: Gallade
|-damage|p1a: Sunflora|91/100|[from] item: Life Orb
|move|p2a: Indeedee|Trick Room|p2a: Indeedee
|-fieldstart|move: Trick Room|[of] p2a: Indeedee
|
|upkeep
|
|t:|1757654486
|switch|p2b: Torkoal|Torkoal, L50, F|100/100
|-weather|SunnyDay|[from] ability: Drought|[of] p2b: Torkoal
|turn|2
|
|t:|1757654496
|move|p1a: Sunflora|Protect|p1a: Sunflora
|-singleturn|p1a: Sunflora|Protect
|move|p2b: Torkoal|Eruption|p1b: Lurantis|[spread] p1b
|-activate|p1a: Sunflora|move: Protect
|-resisted|p1b: Lurantis
|-damage|p1b: Lurantis|0 fnt
|faint|p1b: Lurantis
|move|p2a: Indeedee|Dazzling Gleam|p1a: Sunflora
|-activate|p1a: Sunflora|move: Protect
|
|-weather|SunnyDay|[upkeep]
|-damage|p1a: Sunflora|79/100|[from] ability: Solar Power|[of] p1a: Sunflora
|upkeep
|
|t:|1757654503
|switch|p1b: Rillaboom|Rillaboom, L50, F, shiny|100/100
|-fieldstart|move: Grassy Terrain|[from] ability: Grassy Surge|[of] p1b: Rillaboom
|turn|3
|
|t:|1757654517
|switch|p2a: Hatterene|Hatterene, L50, F|100/100
|-terastallize|p2b: Torkoal|Fire
|move|p1b: Rillaboom|Fake Out|p2b: Torkoal
|-damage|p2b: Torkoal|91/100
|cant|p2b: Torkoal|flinch
|move|p1a: Sunflora|Earth Power|p2b: Torkoal
|-supereffective|p2b: Torkoal
|-damage|p2b: Torkoal|0 fnt
|faint|p2b: Torkoal
|-damage|p1a: Sunflora|69/100|[from] item: Life Orb
|
|-weather|SunnyDay|[upkeep]
|-damage|p1a: Sunflora|57/100|[from] ability: Solar Power|[of] p1a: Sunflora
|-heal|p1a: Sunflora|63/100|[from] Grassy Terrain
|upkeep
|
|t:|1757654531
|switch|p2b: Indeedee|Indeedee-F, L50, F|68/100
|-fieldstart|move: Psychic Terrain|[from] ability: Psychic Surge|[of] p2b: Indeedee
|turn|4
|
|t:|1757654541
|switch|p1b: Whimsicott|Whimsicott, L50, M, shiny|100/100
|move|p1a: Sunflora|Protect|p1a: Sunflora
|-singleturn|p1a: Sunflora|Protect
|move|p2a: Hatterene|Expanding Force|p1b: Whimsicott|[spread] p1b
|-activate|p1a: Sunflora|move: Protect
|-enditem|p1b: Whimsicott|Focus Sash
|-damage|p1b: Whimsicott|1/100
|move|p2b: Indeedee|Dazzling Gleam|p1b: Whimsicott|[spread] p1b
|-activate|p1a: Sunflora|move: Protect
|-damage|p1b: Whimsicott|0 fnt
|faint|p1b: Whimsicott
|
|-weather|SunnyDay|[upkeep]
|-damage|p1a: Sunflora|51/100|[from] ability: Solar Power|[of] p1a: Sunflora
|upkeep
|
|t:|1757654552
|switch|p1b: Rillaboom|Rillaboom, L50, F, shiny|100/100
|-fieldstart|move: Grassy Terrain|[from] ability: Grassy Surge|[of] p1b: Rillaboom
|turn|5
|
|t:|1757654572
|move|p2a: Hatterene|Protect|p2a: Hatterene
|-singleturn|p2a: Hatterene|Protect
|move|p1a: Sunflora|Energy Ball|p2a: Hatterene
|-activate|p2a: Hatterene|move: Protect
|move|p2b: Indeedee|Dazzling Gleam|p1a: Sunflora|[spread] p1a,p1b
|-damage|p1a: Sunflora|35/100
|-damage|p1b: Rillaboom|92/100
|move|p1b: Rillaboom|Wood Hammer|p2a: Hatterene
|-activate|p2a: Hatterene|move: Protect
|
|-weather|SunnyDay|[upkeep]
|-damage|p1a: Sunflora|23/100|[from] ability: Solar Power|[of] p1a: Sunflora
|-heal|p1a: Sunflora|28/100|[from] Grassy Terrain
|-heal|p2b: Indeedee|74/100|[from] Grassy Terrain
|-heal|p1b: Rillaboom|98/100|[from] Grassy Terrain
|-fieldend|move: Trick Room
|upkeep
|turn|6
|
|t:|1757654595
|move|p2b: Indeedee|Follow Me|p2b: Indeedee
|-singleturn|p2b: Indeedee|move: Follow Me
|move|p1b: Rillaboom|Wood Hammer|p2b: Indeedee
|-damage|p2b: Indeedee|4/100
|-damage|p1b: Rillaboom|77/100|[from] Recoil
|move|p1a: Sunflora|Energy Ball|p2b: Indeedee
|-damage|p2b: Indeedee|0 fnt
|faint|p2b: Indeedee
|-damage|p1a: Sunflora|19/100|[from] item: Life Orb
|move|p2a: Hatterene|Trick Room|p2a: Hatterene
|-fieldstart|move: Trick Room|[of] p2a: Hatterene
|
|-weather|none
|-heal|p1a: Sunflora|24/100|[from] Grassy Terrain
|-heal|p1b: Rillaboom|83/100|[from] Grassy Terrain
|upkeep
|turn|7
|inactive|P!nkbearz07 has 30 seconds left.
|
|t:|1757654627
|move|p1b: Rillaboom|Grassy Glide|p2a: Hatterene
|-damage|p2a: Hatterene|65/100
|move|p2a: Hatterene|Dazzling Gleam|p1a: Sunflora|[spread] p1a,p1b
|-damage|p1a: Sunflora|0 fnt
|-damage|p1b: Rillaboom|60/100
|faint|p1a: Sunflora
|
|-heal|p2a: Hatterene|70/100|[from] Grassy Terrain
|-heal|p1b: Rillaboom|67/100|[from] Grassy Terrain
|upkeep
|turn|8
|
|t:|1757654641
|move|p2a: Hatterene|Expanding Force|p1b: Rillaboom
|-damage|p1b: Rillaboom|26/100
|move|p1b: Rillaboom|Wood Hammer|p2a: Hatterene
|-damage|p2a: Hatterene|0 fnt
|faint|p2a: Hatterene
|-damage|p1b: Rillaboom|7/100|[from] Recoil
|
|win|P!nkbearz07
