|j|☆TONKMAN
|j|☆starling01
|html|TONKMANstarling01    
|uhtml|bestof|Game 2 of a best-of-3
|t:|1757632086
|gametype|doubles
|player|p1|TONKMAN|crasherwake|1170
|player|p2|starling01|miku-flying|1205
|gen|9
|tier|[Gen 9] VGC 2025 Reg H (Bo3)
|rated|
|rule|Species Clause: Limit one of each Pokémon
|rule|Item Clause: Limit 1 of each item
|clearpoke
|poke|p1|Vivillon, L50, F|
|poke|p1|Garchomp, L50, M|
|poke|p1|Primarina, L50, F|
|poke|p1|Porygon2, L50|
|poke|p1|Incineroar, L50, F|
|poke|p1|Gholdengo, L50|
|poke|p2|Incineroar, L50, M|
|poke|p2|Rillaboom, L50, M|
|poke|p2|Ursaluna-Bloodmoon, L50, M|
|poke|p2|Sneasler, L50, F|
|poke|p2|Dragonite, L50, F|
|poke|p2|Gholdengo, L50|
|teampreview|4
|showteam|p1|Vivillon||FocusSash|CompoundEyes|Hurricane,SleepPowder,RagePowder,Protect|||F|||50|,,,,,Ghost]Garchomp||LifeOrb|RoughSkin|DragonClaw,Earthquake,StompingTantrum,Protect|||M|||50|,,,,,Steel]Primarina||SitrusBerry|LiquidVoice|HyperVoice,Moonblast,Haze,Protect|||F|||50|,,,,,Poison]Porygon2||Eviolite|Download|TeraBlast,IceBeam,TrickRoom,Recover||||||50|,,,,,Ground]Incineroar||SafetyGoggles|Intimidate|FakeOut,FlareBlitz,KnockOff,PartingShot|||F|||50|,,,,,Ghost]Gholdengo||Leftovers|GoodasGold|MakeItRain,ShadowBall,NastyPlot,Protect||||||50|,,,,,Flying
|showteam|p2|Incineroar||SafetyGoggles|Intimidate|FlareBlitz,KnockOff,FakeOut,PartingShot|||M|||50|,,,,,Ghost]Rillaboom||AssaultVest|GrassySurge|WoodHammer,HighHorsepower,GrassyGlide,FakeOut|||M|||50|,,,,,Fire]Ursaluna-Bloodmoon||Leftovers|MindsEye|BloodMoon,EarthPower,CalmMind,Protect|||M|||50|,,,,,Electric]Sneasler||FocusSash|PoisonTouch|CloseCombat,DireClaw,FakeOut,Coaching|||F|||50|,,,,,Ghost]Dragonite||LoadedDice|Multiscale|ScaleShot,Tailwind,Haze,Protect|||F|||50|,,,,,Steel]Gholdengo||LifeOrb|GoodasGold|MakeItRain,ShadowBall,NastyPlot,Protect||||||50|,,,,,Water
|inactive|Battle timer is ON: inactive players will automatically lose when time's up. (requested by starling01)
|inactive|starling01 has 60 seconds left.
|
|t:|1757632117
|teamsize|p1|4
|teamsize|p2|4
|start
|switch|p1a: Vivillon|Vivillon, L50, F|100/100
|switch|p1b: Porygon2|Porygon2, L50|100/100
|switch|p2a: Incineroar|Incineroar, L50, M|100/100
|switch|p2b: Dragonite|Dragonite, L50, F|100/100
|-ability|p2a: Incineroar|Intimidate|boost
|-unboost|p1a: Vivillon|atk|1
|-unboost|p1b: Porygon2|atk|1
|-ability|p1b: Porygon2|Download|boost
|-boost|p1b: Porygon2|atk|1
|turn|1
|inactive|TONKMAN has 30 seconds left.
|
|t:|1757632148
|move|p2a: Incineroar|Fake Out|p1a: Vivillon
|-damage|p1a: Vivillon|77/100
|cant|p1a: Vivillon|flinch
|move|p2b: Dragonite|Tailwind|p2b: Dragonite
|-sidestart|p2: starling01|move: Tailwind
|move|p1b: Porygon2|Ice Beam|p2b: Dragonite
|-supereffective|p2b: Dragonite
|-damage|p2b: Dragonite|42/100
|
|upkeep
|turn|2
|
|t:|1757632170
|switch|p2b: Gholdengo|Gholdengo, L50|100/100
|move|p1a: Vivillon|Rage Powder|p1a: Vivillon
|-singleturn|p1a: Vivillon|move: Rage Powder
|move|p2a: Incineroar|Knock Off|p1b: Porygon2
|-damage|p1b: Porygon2|79/100
|-enditem|p1b: Porygon2|Eviolite|[from] move: Knock Off|[of] p2a: Incineroar
|move|p1b: Porygon2|Trick Room|p1b: Porygon2
|-fieldstart|move: Trick Room|[of] p1b: Porygon2
|
|upkeep
|turn|3
|
|t:|1757632187
|-terastallize|p1b: Porygon2|Ground
|move|p1b: Porygon2|Tera Blast|p2b: Gholdengo|[anim] Tera Blast Ground
|-supereffective|p2b: Gholdengo
|-damage|p2b: Gholdengo|10/100
|move|p1a: Vivillon|Hurricane|p2b: Gholdengo
|-resisted|p2b: Gholdengo
|-damage|p2b: Gholdengo|0 fnt
|faint|p2b: Gholdengo
|move|p2a: Incineroar|Knock Off|p1a: Vivillon
|-damage|p1a: Vivillon|4/100
|-enditem|p1a: Vivillon|Focus Sash|[from] move: Knock Off|[of] p2a: Incineroar
|
|upkeep
|
|t:|1757632204
|switch|p2b: Rillaboom|Rillaboom, L50, M|100/100
|-fieldstart|move: Grassy Terrain|[from] ability: Grassy Surge|[of] p2b: Rillaboom
|turn|4
|
|t:|1757632213
|switch|p1b: Gholdengo|Gholdengo, L50|100/100
|move|p1a: Vivillon|Protect|p1a: Vivillon
|-singleturn|p1a: Vivillon|Protect
|move|p2b: Rillaboom|Grassy Glide|p1a: Vivillon
|-activate|p1a: Vivillon|move: Protect
|move|p2a: Incineroar|Knock Off|p1b: Gholdengo
|-supereffective|p1b: Gholdengo
|-damage|p1b: Gholdengo|22/100
|-enditem|p1b: Gholdengo|Leftovers|[from] move: Knock Off|[of] p2a: Incineroar
|
|-heal|p1b: Gholdengo|28/100|[from] Grassy Terrain
|-sideend|p2: starling01|move: Tailwind
|upkeep
|turn|5
|
|t:|1757632228
|move|p2a: Incineroar|Knock Off|p1b: Gholdengo
|-supereffective|p1b: Gholdengo
|-damage|p1b: Gholdengo|0 fnt
|faint|p1b: Gholdengo
|move|p2b: Rillaboom|Wood Hammer|p1a: Vivillon
|-resisted|p1a: Vivillon
|-damage|p1a: Vivillon|0 fnt
|faint|p1a: Vivillon
|-damage|p2b: Rillaboom|99/100|[from] Recoil
|
|-heal|p2b: Rillaboom|100/100|[from] Grassy Terrain
|upkeep
|
|t:|1757632231
|switch|p1b: Porygon2|Porygon2, L50, tera:Ground|79/100
|switch|p1a: Garchomp|Garchomp, L50, M|100/100
|-ability|p1b: Porygon2|Download|boost
|-boost|p1b: Porygon2|atk|1
|turn|6
|
|t:|1757632241
|switch|p2a: Dragonite|Dragonite, L50, F|42/100
|move|p1b: Porygon2|Recover|p1b: Porygon2
|-heal|p1b: Porygon2|100/100
|move|p2b: Rillaboom|Wood Hammer|p1b: Porygon2
|-supereffective|p1b: Porygon2
|-damage|p1b: Porygon2|0 fnt
|faint|p1b: Porygon2
|-damage|p2b: Rillaboom|69/100|[from] Recoil
|move|p1a: Garchomp|Earthquake|p2b: Rillaboom|[spread] p2b
|-immune|p2a: Dragonite
|-resisted|p2b: Rillaboom
|-damage|p2b: Rillaboom|57/100
|-damage|p1a: Garchomp|91/100|[from] item: Life Orb
|
|-heal|p2b: Rillaboom|63/100|[from] Grassy Terrain
|-heal|p1a: Garchomp|97/100|[from] Grassy Terrain
|-fieldend|move: Trick Room
|upkeep
|turn|7
|
|t:|1757632258
|move|p1a: Garchomp|Dragon Claw|p2a: Dragonite
|-supereffective|p2a: Dragonite
|-damage|p2a: Dragonite|0 fnt
|faint|p2a: Dragonite
|-damage|p1a: Garchomp|87/100|[from] item: Life Orb
|move|p2b: Rillaboom|Wood Hammer|p1a: Garchomp
|-damage|p1a: Garchomp|1/100
|-damage|p2b: Rillaboom|51/100|[from] ability: Rough Skin|[of] p1a: Garchomp
|-damage|p2b: Rillaboom|25/100|[from] Recoil
|
|-heal|p1a: Garchomp|7/100|[from] Grassy Terrain
|-heal|p2b: Rillaboom|31/100|[from] Grassy Terrain
|upkeep
|
|t:|1757632260
|switch|p2a: Incineroar|Incineroar, L50, M|100/100
|-ability|p2a: Incineroar|Intimidate|boost
|-unboost|p1a: Garchomp|atk|1
|turn|8
|
|t:|1757632272
|move|p1a: Garchomp|Protect|p1a: Garchomp
|-singleturn|p1a: Garchomp|Protect
|move|p2b: Rillaboom|Grassy Glide|p1a: Garchomp
|-activate|p1a: Garchomp|move: Protect
|move|p2a: Incineroar|Knock Off|p1a: Garchomp
|-activate|p1a: Garchomp|move: Protect
|
|-heal|p1a: Garchomp|13/100|[from] Grassy Terrain
|-heal|p2b: Rillaboom|37/100|[from] Grassy Terrain
|-fieldend|move: Grassy Terrain
|upkeep
|turn|9
|inactive|starling01 has 30 seconds left.
|
|t:|1757632306
|move|p1a: Garchomp|Earthquake|p2b: Rillaboom|[spread] p2a,p2b
|-supereffective|p2a: Incineroar
|-resisted|p2b: Rillaboom
|-damage|p2a: Incineroar|38/100
|-damage|p2b: Rillaboom|21/100
|-damage|p1a: Garchomp|3/100|[from] item: Life Orb
|move|p2b: Rillaboom|Wood Hammer|p1a: Garchomp
|-damage|p1a: Garchomp|0 fnt
|-damage|p2b: Rillaboom|9/100|[from] ability: Rough Skin|[of] p1a: Garchomp
|faint|p1a: Garchomp
|-damage|p2b: Rillaboom|8/100|[from] Recoil
|
|win|starling01
||starling01 is ready for game 3.
|l|☆TONKMAN
|player|p1|
||TONKMAN is ready for game 3.
|uhtml|next|Next: Game 3 of 3
