|j|☆ChocoHammy
|j|☆morphiusdoorphius
|html|ChocoHammymorphiusdoorphius      
|uhtml|bestof|Game 1 of a best-of-5
|t:|1784680756
|gametype|doubles
|player|p1|ChocoHammy|169|
|player|p2|morphiusdoorphius|linebacker|
|gen|9
|tier|[Gen 9 Champions] VGC 2026 Reg M-B (Bo3)
|rule|Species Clause: Limit one of each Pokémon
|rule|Item Clause: Limit 1 of each item
|raw|1 custom rule: !! Best Of = 5
|clearpoke
|poke|p1|Aurorus, L50, M|
|poke|p1|Ceruledge, L50, F|
|poke|p1|Clefable, L50, M|
|poke|p1|Tauros-Paldea-Blaze, L50, M|
|poke|p1|Garchomp, L50, M|
|poke|p1|Golurk, L50|
|poke|p2|Charizard, L50, F|
|poke|p2|Talonflame, L50, F|
|poke|p2|Primarina, L50, F|
|poke|p2|Kingambit, L50, M|
|poke|p2|Kleavor, L50, M|
|poke|p2|Scrafty, L50, M|
|teampreview|4
|showteam|p1|Aurorus||ChopleBerry|SnowWarning|Blizzard,AncientPower,EarthPower,Protect|Modest||M|||50|]Ceruledge||ColburBerry|FlashFire|BitterBlade,ShadowSneak,BulkUp,Protect|Adamant||F|||50|]Clefable||Clefablite|Unaware|Moonblast,Encore,FollowMe,Protect|Bold||M|||50|]Tauros-Paldea-Blaze||FocusSash|Intimidate|CloseCombat,FlareBlitz,WillOWisp,Protect|Adamant||M|||50|]Garchomp||ChoiceScarf|RoughSkin|Earthquake,DragonClaw,RockSlide,StompingTantrum|Jolly||M|||50|]Golurk||Golurkite|IronFist|HeadlongRush,Poltergeist,IcePunch,Protect|Adamant|||||50|
|showteam|p2|Charizard||CharizarditeY|Blaze|HeatWave,Protect,WeatherBall,SolarBeam|Modest||F|||50|]Talonflame||FocusSash|GaleWings|Tailwind,Protect,FlareBlitz,BraveBird|Jolly||F|||50|]Primarina||MysticWater|LiquidVoice|IceBeam,Moonblast,Protect,HyperVoice|Naive||F|||50|]Kingambit||ChopleBerry|Defiant|IronHead,Protect,SuckerPunch,SwordsDance|Adamant||M|||50|]Kleavor||WideLens|Sharpness|StoneAxe,XScissor,RockSlide,Protect|Adamant||M|||50|]Scrafty||Scraftinite|Intimidate|SuperFang,FakeOut,Protect,CloseCombat|Adamant||M|||50|
|j| budster16
|j| InfiniKnight
|j| Youax55
|c| Youax55|LFG!!!!!!!!
|
|t:|1784680839
|teamsize|p1|4
|teamsize|p2|4
|start
|switch|p1a: Clefable|Clefable, L50, M|100/100
|switch|p1b: Tauros|Tauros-Paldea-Blaze, L50, M|100/100
|switch|p2a: Primarina|Primarina, L50, F|100/100
|switch|p2b: Talonflame|Talonflame, L50, F|100/100
|-ability|p1b: Tauros|Intimidate|boost
|-unboost|p2a: Primarina|atk|1
|-unboost|p2b: Talonflame|atk|1
|turn|1
|
|t:|1784680931
|switch|p1b: Garchomp|Garchomp, L50, M|100/100
|detailschange|p1a: Clefable|Clefable-Mega, L50, M
|-mega|p1a: Clefable|Clefable|Clefablite
|move|p2b: Talonflame|Tailwind|p2b: Talonflame
|-sidestart|p2: morphiusdoorphius|move: Tailwind
|move|p2a: Primarina|Hyper Voice|p1b: Garchomp|[spread] p1a,p1b
|-damage|p1a: Clefable|65/100
|-damage|p1b: Garchomp|56/100
|move|p1a: Clefable|Moonblast|p2b: Talonflame
|-resisted|p2b: Talonflame|1
|-damage|p2b: Talonflame|68/100
|
|upkeep
|turn|2
|
|t:|1784681120
|move|p1a: Clefable|Follow Me|p1a: Clefable
|-singleturn|p1a: Clefable|move: Follow Me
|move|p2b: Talonflame|Brave Bird|p1a: Clefable
|-damage|p1a: Clefable|44/100
|-damage|p2b: Talonflame|59/100|[from] Recoil
|move|p1b: Garchomp|Earthquake|p2a: Primarina|[spread] p2a
|-immune|p1a: Clefable
|-immune|p2b: Talonflame
|-damage|p2a: Primarina|49/100
|move|p2a: Primarina|Hyper Voice|p1a: Clefable|[spread] p1a,p1b
|-damage|p1a: Clefable|12/100
|-damage|p1b: Garchomp|14/100
|
|upkeep
|turn|3
|
|t:|1784681215
|move|p2a: Primarina|Protect|p2a: Primarina
|-singleturn|p2a: Primarina|Protect
|move|p1a: Clefable|Follow Me|p1a: Clefable
|-singleturn|p1a: Clefable|move: Follow Me
|move|p2b: Talonflame|Brave Bird|p1a: Clefable
|-damage|p1a: Clefable|0 fnt
|faint|p1a: Clefable
|-damage|p2b: Talonflame|54/100|[from] Recoil
|move|p1b: Garchomp|Earthquake|p2b: Talonflame|[spread] 
|-activate|p2a: Primarina|move: Protect
|-immune|p2b: Talonflame
|
|upkeep
|
|t:|1784681356
|switch|p1a: Ceruledge|Ceruledge, L50, F|100/100
|turn|4
|
|t:|1784681507
|move|p2b: Talonflame|Brave Bird|p1b: Garchomp
|-damage|p1b: Garchomp|0 fnt
|-damage|p2b: Talonflame|42/100|[from] ability: Rough Skin|[of] p1b: Garchomp
|faint|p1b: Garchomp
|-damage|p2b: Talonflame|36/100|[from] Recoil
|move|p2a: Primarina|Hyper Voice|p1a: Ceruledge
|-supereffective|p1a: Ceruledge|1
|-damage|p1a: Ceruledge|0 fnt
|faint|p1a: Ceruledge
|
|-sideend|p2: morphiusdoorphius|move: Tailwind
|upkeep
|
|t:|1784681517
|switch|p1a: Tauros|Tauros-Paldea-Blaze, L50, M|100/100
|-ability|p1a: Tauros|Intimidate|boost
|-unboost|p2a: Primarina|atk|1
|-unboost|p2b: Talonflame|atk|1
|turn|5
|-message|ChocoHammy forfeited.
|
|win|morphiusdoorphius
||morphiusdoorphius is ready for game 2.
