|j|☆gliscor43
|j|☆Hariyamamomma
|html|gliscor43Hariyamamomma    
|uhtml|bestof|Game 1 of a best-of-3
|t:|1784406795
|gametype|doubles
|player|p1|gliscor43|mars|
|player|p2|Hariyamamomma|burgh|
|gen|9
|tier|[Gen 9 Champions] VGC 2026 Reg M-B (Bo3)
|rule|Species Clause: Limit one of each Pokémon
|rule|Item Clause: Limit 1 of each item
|clearpoke
|poke|p1|Pelipper, L50, F|
|poke|p1|Dragonite, L50, M|
|poke|p1|Staraptor, L50, F|
|poke|p1|Swampert, L50, M|
|poke|p1|Meowstic, L50, M|
|poke|p1|Volcarona, L50, M|
|poke|p2|Gholdengo, L50|
|poke|p2|Whimsicott, L50, M, shiny|
|poke|p2|Kingambit, L50, F|
|poke|p2|Blaziken, L50, M|
|poke|p2|Blastoise, L50, M, shiny|
|poke|p2|Kangaskhan, L50, F|
|teampreview|4
|showteam|p1|Pelipper||FocusSash|Drizzle|WeatherBall,Hurricane,Tailwind,Protect|Modest||F|||50|]Dragonite||BrightPowder|Multiscale|DragonClaw,ExtremeSpeed,Roost,Protect|Adamant||M|||50|]Staraptor||Staraptite|Intimidate|CloseCombat,BraveBird,Roost,Protect|Adamant||F|||50|]Swampert||Swampertite|Torrent|WaveCrash,Earthquake,IcePunch,Protect|Adamant||M|||50|]Meowstic||MentalHerb|Prankster|FakeOut,Charm,RainDance,Yawn|Careful||M|||50|]Volcarona||SitrusBerry|FlameBody|RagePowder,BugBuzz,Protect,LightScreen|Bold||M|||50|
|showteam|p2|Gholdengo||LifeOrb|GoodasGold|MakeItRain,ShadowBall,NastyPlot,Protect|Timid|||||50|]Whimsicott||FocusSash|Prankster|Moonblast,Tailwind,Encore,Protect|Timid||M|||50|]Kingambit||BlackGlasses|Defiant|SuckerPunch,KowtowCleave,SwordsDance,Protect|Adamant||F|||50|]Blaziken||Blazikenite|SpeedBoost|CloseCombat,FlareBlitz,RockSlide,Protect|Adamant||M|||50|]Blastoise||Blastoisinite|Torrent|FakeOut,WaterSpout,AuraSphere,DarkPulse|Modest||M|||50|]Kangaskhan||SitrusBerry|Scrappy|FakeOut,HelpingHand,LowKick,ThunderPunch|Impish||F|||50|
|c|☆Hariyamamomma|glhf :)
|j| Milkshook♡
|j| frostwandered
|c| Milkshook♡|sorry what is that dragonite item
|
|t:|1784406870
|teamsize|p1|4
|teamsize|p2|4
|start
|switch|p1a: Pelipper|Pelipper, L50, F|100/100
|switch|p1b: Swampert|Swampert, L50, M|100/100
|switch|p2a: Byron Scott|Whimsicott, L50, M, shiny|100/100
|switch|p2b: Toi Jerome|Blastoise, L50, M, shiny|100/100
|-weather|RainDance|[from] ability: Drizzle|[of] p1a: Pelipper
|turn|1
|
|t:|1784406896
|detailschange|p2b: Toi Jerome|Blastoise-Mega, L50, M, shiny
|-mega|p2b: Toi Jerome|Blastoise|Blastoisinite
|detailschange|p1b: Swampert|Swampert-Mega, L50, M
|-mega|p1b: Swampert|Swampert|Swampertite
|move|p2b: Toi Jerome|Fake Out|p1a: Pelipper
|-damage|p1a: Pelipper|87/100
|move|p1b: Swampert|Earthquake|p2b: Toi Jerome|[spread] p2a,p2b
|-immune|p1a: Pelipper
|-resisted|p2a: Byron Scott|1
|-damage|p2a: Byron Scott|66/100
|-damage|p2b: Toi Jerome|58/100
|move|p2a: Byron Scott|Moonblast|p1a: Pelipper
|-damage|p1a: Pelipper|25/100
|cant|p1a: Pelipper|flinch
|
|-weather|RainDance|[upkeep]
|upkeep
|turn|2
|
|t:|1784406921
|move|p2a: Byron Scott|Tailwind|p2a: Byron Scott
|-sidestart|p2: Hariyamamomma|move: Tailwind
|move|p2b: Toi Jerome|Water Spout|p1b: Swampert|[spread] p1a,p1b
|-resisted|p1a: Pelipper|1
|-damage|p1a: Pelipper|0 fnt
|-damage|p1b: Swampert|50/100y
|faint|p1a: Pelipper
|move|p1b: Swampert|Earthquake|p2b: Toi Jerome|[spread] p2a,p2b
|-resisted|p2a: Byron Scott|1
|-damage|p2a: Byron Scott|27/100
|-damage|p2b: Toi Jerome|14/100
|
|-weather|RainDance|[upkeep]
|upkeep
|
|t:|1784406940
|switch|p1a: Volcarona|Volcarona, L50, M|100/100
|turn|3
|
|t:|1784406966
|move|p2a: Byron Scott|Protect|p2a: Byron Scott
|-singleturn|p2a: Byron Scott|Protect
|move|p1a: Volcarona|Rage Powder|p1a: Volcarona
|-singleturn|p1a: Volcarona|move: Rage Powder
|move|p2b: Toi Jerome|Dark Pulse|p1a: Volcarona
|-damage|p1a: Volcarona|54/100
|move|p1b: Swampert|Earthquake|p2a: Byron Scott|[spread] p1a,p2b
|-activate|p2a: Byron Scott|move: Protect
|-damage|p1a: Volcarona|10/100
|-damage|p2b: Toi Jerome|0 fnt
|-enditem|p1a: Volcarona|Sitrus Berry|[eat]
|-heal|p1a: Volcarona|35/100|[from] item: Sitrus Berry
|faint|p2b: Toi Jerome
|
|-weather|RainDance|[upkeep]
|upkeep
|
|t:|1784406972
|switch|p2b: Deni Advija|Gholdengo, L50|100/100
|turn|4
|
|t:|1784406983
|move|p2b: Deni Advija|Protect|p2b: Deni Advija
|-singleturn|p2b: Deni Advija|Protect
|move|p1a: Volcarona|Rage Powder|p1a: Volcarona
|-singleturn|p1a: Volcarona|move: Rage Powder
|move|p2a: Byron Scott|Encore|p1b: Swampert
|-start|p1b: Swampert|Encore
|move|p1b: Swampert|Earthquake|p2b: Deni Advija|[spread] p1a,p2a
|-activate|p2b: Deni Advija|move: Protect
|-resisted|p2a: Byron Scott|1
|-damage|p1a: Volcarona|0 fnt
|-damage|p2a: Byron Scott|0 fnt
|faint|p1a: Volcarona
|faint|p2a: Byron Scott
|
|-weather|RainDance|[upkeep]
|upkeep
|
|t:|1784406993
|switch|p2a: LeBron James|Kingambit, L50, F|100/100
|switch|p1a: Staraptor|Staraptor, L50, F|100/100
|-ability|p1a: Staraptor|Intimidate|boost
|-unboost|p2a: LeBron James|atk|1
|-ability|p2a: LeBron James|Defiant|boost
|-boost|p2a: LeBron James|atk|2
|-unboost|p2b: Deni Advija|atk|1
|turn|5
|
|t:|1784407021
|move|p2a: LeBron James|Sucker Punch|p1b: Swampert
|-damage|p1b: Swampert|0 fnt
|faint|p1b: Swampert
|move|p2b: Deni Advija|Make It Rain|p1a: Staraptor
|-damage|p1a: Staraptor|4/100
|-unboost|p2b: Deni Advija|spa|2
|-damage|p2b: Deni Advija|90/100|[from] item: Life Orb
|move|p1a: Staraptor|Close Combat|p2a: LeBron James
|-supereffective|p2a: LeBron James|2
|-damage|p2a: LeBron James|0 fnt
|-unboost|p1a: Staraptor|def|1
|-unboost|p1a: Staraptor|spd|1
|faint|p2a: LeBron James
|
|-weather|none
|-sideend|p2: Hariyamamomma|move: Tailwind
|upkeep
|turn|6
|
|t:|1784407035
|move|p2b: Deni Advija|Make It Rain|p1a: Staraptor
|-damage|p1a: Staraptor|0 fnt
|-unboost|p2b: Deni Advija|spa|2
|faint|p1a: Staraptor
|-damage|p2b: Deni Advija|80/100|[from] item: Life Orb
|
|win|Hariyamamomma
||gliscor43 is ready for game 2.
|c|☆Hariyamamomma|gg!
||Hariyamamomma is ready for game 2.
|uhtml|next|Next: Game 2 of 3
