|j|☆kebabolaola2
|j|☆bgf2
|html|kebabolaola2bgf2    
|uhtml|bestof|Game 2 of a best-of-3
|t:|1782566283
|gametype|doubles
|player|p1|kebabolaola2|169|1122
|player|p2|bgf2|169|1118
|gen|9
|tier|[Gen 9 Champions] VGC 2026 Reg M-B (Bo3)
|rated|
|rule|Species Clause: Limit one of each Pokémon
|rule|Item Clause: Limit 1 of each item
|clearpoke
|poke|p1|Mawile, L50, M|
|poke|p1|Charizard, L50, F|
|poke|p1|Venusaur, L50, M|
|poke|p1|Torkoal, L50, F|
|poke|p1|Farigiraf, L50, F|
|poke|p1|Incineroar, L50, M|
|poke|p2|Charizard, L50, F|
|poke|p2|Garchomp, L50, M|
|poke|p2|Whimsicott, L50, M|
|poke|p2|Mawile, L50, F|
|poke|p2|Basculegion, L50, M|
|poke|p2|Farigiraf, L50, F|
|teampreview|4
|showteam|p1|Mawile||Mawilite|HyperCutter|Protect,PlayRough,SuckerPunch,IronHead|Brave||M|||50|]Charizard||CharizarditeY|Blaze|Protect,HeatWave,SolarBeam,WeatherBall|Modest||F|||50|]Venusaur||FocusSash|Chlorophyll|Protect,SleepPowder,SludgeBomb,EnergyBall|Modest||M|||50|]Torkoal||Charcoal|Drought|Protect,Eruption,AncientPower,WeatherBall|Quiet||F|||50|]Farigiraf||SitrusBerry|ArmorTail|Psychic,HelpingHand,TrickRoom,HyperVoice|Bold||F|||50|]Incineroar||PasshoBerry|Intimidate|FakeOut,FlareBlitz,DarkestLariat,PartingShot|Brave||M|||50|
|showteam|p2|Charizard||CharizarditeY|Blaze|HeatWave,WeatherBall,SolarBeam,Protect|Modest||F|||50|]Garchomp||LifeOrb|RoughSkin|DragonClaw,Earthquake,RockSlide,Protect|Jolly||M|||50|]Whimsicott||FocusSash|Prankster|Moonblast,Tailwind,Encore,Protect|Timid||M|||50|]Mawile||Mawilite|HyperCutter|PlayRough,BrickBreak,SuckerPunch,Protect|Adamant||F|||50|]Basculegion||MysticWater|Adaptability|WaveCrash,AquaJet,LastRespects,Protect|Adamant||M|||50|]Farigiraf||SitrusBerry|ArmorTail|Thunderbolt,TwinBeam,TrickRoom,HelpingHand|Bold||F|||50|
|
|t:|1782566294
|teamsize|p1|4
|teamsize|p2|4
|start
|switch|p1a: Farigiraf|Farigiraf, L50, F|100/100
|switch|p1b: Incineroar|Incineroar, L50, M|100/100
|switch|p2a: Charizard|Charizard, L50, F|100/100
|switch|p2b: Garchomp|Garchomp, L50, M|100/100
|-ability|p1b: Incineroar|Intimidate|boost
|-unboost|p2a: Charizard|atk|1
|-unboost|p2b: Garchomp|atk|1
|turn|1
|
|t:|1782566308
|switch|p2b: Farigiraf|Farigiraf, L50, F|100/100
|detailschange|p2a: Charizard|Charizard-Mega-Y, L50, F
|-mega|p2a: Charizard|Charizard|Charizardite Y
|-weather|SunnyDay|[from] ability: Drought|[of] p2a: Charizard
|move|p2a: Charizard|Weather Ball|p1a: Farigiraf
|-damage|p1a: Farigiraf|25/100
|-enditem|p1a: Farigiraf|Sitrus Berry|[eat]
|-heal|p1a: Farigiraf|50/100y|[from] item: Sitrus Berry
|move|p1b: Incineroar|Darkest Lariat|p2b: Farigiraf
|-supereffective|p2b: Farigiraf|1
|-damage|p2b: Farigiraf|24/100
|-enditem|p2b: Farigiraf|Sitrus Berry|[eat]
|-heal|p2b: Farigiraf|49/100|[from] item: Sitrus Berry
|move|p1a: Farigiraf|Trick Room|p1a: Farigiraf
|-fieldstart|move: Trick Room|[of] p1a: Farigiraf
|
|-weather|SunnyDay|[upkeep]
|upkeep
|turn|2
|
|t:|1782566340
|move|p2b: Farigiraf|Helping Hand|p2a: Charizard
|-singleturn|p2a: Charizard|Helping Hand|[of] p2b: Farigiraf
|move|p1b: Incineroar|Darkest Lariat|p2a: Charizard
|-damage|p2a: Charizard|51/100
|move|p1a: Farigiraf|Hyper Voice|p2a: Charizard|[spread] p2a,p2b
|-damage|p2a: Charizard|26/100
|-damage|p2b: Farigiraf|25/100
|move|p2a: Charizard|Heat Wave|p1b: Incineroar|[spread] p1a,p1b
|-resisted|p1b: Incineroar|1
|-damage|p1a: Farigiraf|0 fnt
|-damage|p1b: Incineroar|56/100
|faint|p1a: Farigiraf
|
|-weather|SunnyDay|[upkeep]
|upkeep
|
|t:|1782566350
|switch|p1a: Mawile|Mawile, L50, M|100/100
|turn|3
|
|t:|1782566364
|detailschange|p1a: Mawile|Mawile-Mega, L50, M
|-mega|p1a: Mawile|Mawile|Mawilite
|move|p2a: Charizard|Protect|p2a: Charizard
|-singleturn|p2a: Charizard|Protect
|move|p1a: Mawile|Iron Head|p2b: Farigiraf
|-damage|p2b: Farigiraf|0 fnt
|faint|p2b: Farigiraf
|move|p1b: Incineroar|Darkest Lariat|p2a: Charizard
|-activate|p2a: Charizard|move: Protect
|
|-weather|SunnyDay|[upkeep]
|upkeep
|
|t:|1782566374
|switch|p2b: Basculegion|Basculegion, L50, M|100/100
|turn|4
|
|t:|1782566386
|switch|p2a: Garchomp|Garchomp, L50, M|100/100
|move|p2b: Basculegion|Protect|p2b: Basculegion
|-singleturn|p2b: Basculegion|Protect
|move|p1a: Mawile|Sucker Punch||[still]
|-fail|p1a: Mawile
|move|p1b: Incineroar|Darkest Lariat|p2a: Garchomp
|-damage|p2a: Garchomp|55/100
|-damage|p1b: Incineroar|44/100|[from] ability: Rough Skin|[of] p2a: Garchomp
|
|-weather|SunnyDay|[upkeep]
|upkeep
|turn|5
|
|t:|1782566418
|switch|p2b: Charizard|Charizard-Mega-Y, L50, F|26/100
|move|p2a: Garchomp|Protect|p2a: Garchomp
|-singleturn|p2a: Garchomp|Protect
|move|p1a: Mawile|Play Rough|p2a: Garchomp
|-activate|p2a: Garchomp|move: Protect
|move|p1b: Incineroar|Parting Shot|p2a: Garchomp
|-activate|p2a: Garchomp|move: Protect
|
|-weather|none
|-fieldend|move: Trick Room
|upkeep
|turn|6
|
|t:|1782566453
|move|p1a: Mawile|Sucker Punch|p2a: Garchomp
|-damage|p2a: Garchomp|11/100
|-damage|p1a: Mawile|87/100|[from] ability: Rough Skin|[of] p2a: Garchomp
|move|p2a: Garchomp|Earthquake|p1a: Mawile|[spread] p1a,p1b
|-immune|p2b: Charizard
|-supereffective|p1a: Mawile|1
|-supereffective|p1b: Incineroar|1
|-damage|p1a: Mawile|0 fnt
|-damage|p1b: Incineroar|0 fnt
|faint|p1a: Mawile
|faint|p1b: Incineroar
|-damage|p2a: Garchomp|1/100|[from] item: Life Orb
|move|p2b: Charizard|Heat Wave|p1: Mawile|[notarget]
|-fail|p2b: Charizard
|
|upkeep
|
|t:|1782566460
|switch|p1b: Torkoal|Torkoal, L50, F|100/100
|-weather|SunnyDay|[from] ability: Drought|[of] p1b: Torkoal
|turn|7
|
|t:|1782566466
|move|p2a: Garchomp|Earthquake|p1b: Torkoal|[spread] p1b
|-immune|p2b: Charizard
|-supereffective|p1b: Torkoal|1
|-damage|p1b: Torkoal|20/100y
|-damage|p2a: Garchomp|0 fnt|[from] item: Life Orb
|faint|p2a: Garchomp
|move|p2b: Charizard|Weather Ball|p1b: Torkoal
|-resisted|p1b: Torkoal|1
|-damage|p1b: Torkoal|0 fnt
|faint|p1b: Torkoal
|
|win|bgf2
|raw|kebabolaola2's rating: 1122 → 1097(-25 for losing)
|raw|bgf2's rating: 1118 → 1143(+25 for winning)
