|j|☆sandy ghost 5
|j|☆uglybeast
|html|sandy ghost 5uglybeast    
|uhtml|bestof|Game 3 of a best-of-3
|t:|1756931834
|gametype|doubles
|player|p1|sandy ghost 5|baker|1289
|player|p2|uglybeast|lucas|1301
|gen|9
|tier|[Gen 9] VGC 2025 Reg H (Bo3)
|rated|
|rule|Species Clause: Limit one of each Pokémon
|rule|Item Clause: Limit 1 of each item
|clearpoke
|poke|p1|Tyranitar, L50, M|
|poke|p1|Excadrill, L50, M|
|poke|p1|Sinistcha-Masterpiece, L50|
|poke|p1|Salamence, L50, F|
|poke|p1|Blaziken, L50, F|
|poke|p1|Bruxish, L50, M|
|poke|p2|Murkrow, L50, F|
|poke|p2|Ursaluna-Bloodmoon, L50, M|
|poke|p2|Sneasler, L50, M|
|poke|p2|Dragapult, L50, F|
|poke|p2|Armarouge, L50, M|
|poke|p2|Indeedee-F, L50, F|
|teampreview|4
|showteam|p1|Tyranitar||ClearAmulet|SandStream|RockSlide,KnockOff,DragonDance,Protect|||M|||50|,,,,,Grass]Excadrill||AssaultVest|SandRush|Earthquake,IronHead,HighHorsepower,RockSlide|||M|||50|,,,,,Ghost]Sinistcha-Masterpiece||SitrusBerry|Hospitality|ShadowBall,MatchaGotcha,RagePowder,Protect||||||50|,,,,,Dark]Salamence||LifeOrb|Intimidate|DracoMeteor,AirSlash,Protect,Tailwind|||F|||50|,,,,,Ghost]Blaziken||CovertCloak|SpeedBoost|AuraSphere,HeatWave,Coaching,WillOWisp|||F|||50|,,,,,Dragon]Bruxish||ChoiceScarf|Dazzling|PsychicFangs,FlipTurn,WaveCrash,SuperFang|||M|||50|,,,,,Water
|showteam|p2|Murkrow||Eviolite|Prankster|Haze,SunnyDay,Tailwind,BraveBird|||F|||50|,,,,,Ghost]Ursaluna-Bloodmoon||LifeOrb|MindsEye|BloodMoon,HyperVoice,Protect,EarthPower|||M|||50|,,,,,Normal]Sneasler||PsychicSeed|Unburden|ThroatChop,DireClaw,CloseCombat,Protect|||M|||50|,,,,,Dark]Dragapult||ChoiceBand|ClearBody|DragonDarts,Outrage,Uturn,PhantomForce|||F|||50|,,,,,Dragon]Armarouge||PowerHerb|FlashFire|HeatWave,MeteorBeam,ExpandingForce,Protect|||M|||50|,,,,,Grass]Indeedee-F||RockyHelmet|PsychicSurge|DazzlingGleam,FollowMe,HelpingHand,TrickRoom|||F|||50|,,,,,Grass
|j| Arkhept
|
|t:|1756931861
|teamsize|p1|4
|teamsize|p2|4
|start
|switch|p1a: Excadrill|Excadrill, L50, M|100/100
|switch|p1b: Tyranitar|Tyranitar, L50, M|100/100
|switch|p2a: Giandam|Armarouge, L50, M|100/100
|switch|p2b: Blade|Indeedee-F, L50, F|100/100
|-weather|Sandstorm|[from] ability: Sand Stream|[of] p1b: Tyranitar
|-fieldstart|move: Psychic Terrain|[from] ability: Psychic Surge|[of] p2b: Blade
|turn|1
|
|t:|1756931882
|-terastallize|p2a: Giandam|Grass
|move|p2b: Blade|Follow Me|p2b: Blade
|-singleturn|p2b: Blade|move: Follow Me
|move|p1a: Excadrill|Rock Slide|p2b: Blade|[spread] p2a
|-miss|p1a: Excadrill|p2b: Blade
|-damage|p2a: Giandam|74/100
|move|p2a: Giandam|Meteor Beam||[still]
|-prepare|p2a: Giandam|Meteor Beam
|-boost|p2a: Giandam|spa|1
|-enditem|p2a: Giandam|Power Herb
|-anim|p2a: Giandam|Meteor Beam|p1b: Tyranitar
|-damage|p1b: Tyranitar|61/100
|move|p1b: Tyranitar|Dragon Dance|p1b: Tyranitar
|-boost|p1b: Tyranitar|atk|1
|-boost|p1b: Tyranitar|spe|1
|
|-weather|Sandstorm|[upkeep]
|-damage|p2a: Giandam|68/100|[from] Sandstorm
|-damage|p2b: Blade|94/100|[from] Sandstorm
|upkeep
|turn|2
|
|t:|1756931906
|move|p2b: Blade|Follow Me|p2b: Blade
|-singleturn|p2b: Blade|move: Follow Me
|move|p1a: Excadrill|Rock Slide|p2b: Blade|[spread] p2a,p2b
|-damage|p2a: Giandam|45/100
|-damage|p2b: Blade|72/100
|move|p1b: Tyranitar|Knock Off|p2b: Blade
|-supereffective|p2b: Blade
|-damage|p2b: Blade|0 fnt
|-damage|p1b: Tyranitar|44/100|[from] item: Rocky Helmet|[of] p2b: Blade
|-enditem|p2b: Blade|Rocky Helmet|[from] move: Knock Off|[of] p1b: Tyranitar
|faint|p2b: Blade
|move|p2a: Giandam|Heat Wave|p1a: Excadrill|[spread] p1a,p1b
|-supereffective|p1a: Excadrill
|-resisted|p1b: Tyranitar
|-damage|p1a: Excadrill|6/100
|-damage|p1b: Tyranitar|25/100
|
|-weather|Sandstorm|[upkeep]
|-damage|p2a: Giandam|38/100|[from] Sandstorm
|upkeep
|
|t:|1756931943
|switch|p2b: Kwstas|Murkrow, L50, F|100/100
|turn|3
|
|t:|1756931954
|move|p2a: Giandam|Protect|p2a: Giandam
|-singleturn|p2a: Giandam|Protect
|move|p2b: Kwstas|Tailwind|p2b: Kwstas
|-sidestart|p2: uglybeast|move: Tailwind
|move|p1a: Excadrill|Rock Slide|p2b: Kwstas|[spread] p2b
|-activate|p2a: Giandam|move: Protect
|-supereffective|p2b: Kwstas
|-damage|p2b: Kwstas|45/100
|move|p1b: Tyranitar|Rock Slide|p2a: Giandam|[spread] p2b
|-activate|p2a: Giandam|move: Protect
|-supereffective|p2b: Kwstas
|-damage|p2b: Kwstas|0 fnt
|faint|p2b: Kwstas
|
|-weather|Sandstorm|[upkeep]
|-damage|p2a: Giandam|32/100|[from] Sandstorm
|upkeep
|
|t:|1756931957
|switch|p2b: Anagnoman|Sneasler, L50, M|100/100
|-enditem|p2b: Anagnoman|Psychic Seed
|-boost|p2b: Anagnoman|spd|1|[from] item: Psychic Seed
|turn|4
|inactive|Battle timer is ON: inactive players will automatically lose when time's up. (requested by sandy ghost 5)
|inactive|uglybeast has 60 seconds left.
|
|t:|1756932070
|move|p2b: Anagnoman|Close Combat|p1b: Tyranitar
|-supereffective|p1b: Tyranitar
|-damage|p1b: Tyranitar|0 fnt
|-unboost|p2b: Anagnoman|def|1
|-unboost|p2b: Anagnoman|spd|1
|faint|p1b: Tyranitar
|move|p2a: Giandam|Heat Wave|p1a: Excadrill
|-supereffective|p1a: Excadrill
|-damage|p1a: Excadrill|0 fnt
|faint|p1a: Excadrill
|
|-weather|Sandstorm|[upkeep]
|-damage|p2b: Anagnoman|95/100|[from] Sandstorm
|-damage|p2a: Giandam|26/100|[from] Sandstorm
|upkeep
|
|t:|1756932078
|switch|p1a: Salamence|Salamence, L50, F|100/100
|switch|p1b: Bruxish|Bruxish, L50, M|100/100
|-ability|p1a: Salamence|Intimidate|boost
|-unboost|p2a: Giandam|atk|1
|-unboost|p2b: Anagnoman|atk|1
|turn|5
|inactive|sandy ghost 5 has 30 seconds left.
|
|t:|1756932109
|move|p2b: Anagnoman|Throat Chop|p1b: Bruxish
|-supereffective|p1b: Bruxish
|-damage|p1b: Bruxish|31/100
|-start|p1b: Bruxish|Throat Chop|[silent]
|move|p2a: Giandam|Expanding Force|p1a: Salamence|[spread] p1a,p1b
|-resisted|p1b: Bruxish
|-damage|p1a: Salamence|0 fnt
|-damage|p1b: Bruxish|0 fnt
|faint|p1a: Salamence
|faint|p1b: Bruxish
|
|win|uglybeast
|raw|sandy ghost 5's rating: 1289 → 1265(-24 for losing)
|raw|uglybeast's rating: 1301 → 1320(+19 for winning)
|l|☆uglybeast
|player|p2|
|l| Arkhept
