|j|☆tsareenagoodar
|j|☆zeimei
|html|tsareenagoodarzeimei    
|uhtml|bestof|Game 2 of a best-of-3
|t:|1786172428
|gametype|doubles
|player|p1|tsareenagoodar|cynthia-masters4|
|player|p2|zeimei|101|
|gen|9
|tier|[Gen 9 Champions] VGC 2026 Reg M-B (Bo3)
|rule|Species Clause: Limit one of each Pokémon
|rule|Item Clause: Limit 1 of each item
|clearpoke
|poke|p1|Camerupt, L50, M, shiny|
|poke|p1|Gengar, L50, M, shiny|
|poke|p1|Meganium, L50, F, shiny|
|poke|p1|Gyarados, L50, M, shiny|
|poke|p1|Mudsdale, L50, F, shiny|
|poke|p1|Eelektross, L50, M, shiny|
|poke|p2|Gardevoir, L50, M|
|poke|p2|Eelektross, L50, M|
|poke|p2|Meowscarada, L50, M|
|poke|p2|Tyrantrum, L50, F|
|poke|p2|Alcremie, L50, F|
|poke|p2|Kommo-o, L50, M|
|teampreview|4
|showteam|p1|Camerupt||Cameruptite|SolidRock|AncientPower,ScorchingSands,HeatWave,Protect|Quiet||M|||50|]Gengar||FocusSash|CursedBody|ShadowBall,SludgeBomb,Protect,TrickRoom|Timid||M|||50|]Meganium||Meganiumite|Overgrow|PollenPuff,DazzlingGleam,SolarBeam,Synthesis|Modest||F|||50|]Gyarados||Leftovers|Intimidate|Waterfall,ThunderWave,Taunt,Protect|Adamant||M|||50|]Mudsdale||LumBerry|OwnTempo|Earthquake,Curse,RockSlide,Protect|Brave||F|||50|]Eelektross||LifeOrb|Levitate|GrassKnot,Thunderbolt,VoltSwitch,Protect|Modest||M|||50|
|showteam|p2|Gardevoir||Gardevoirite|Trace|HyperVoice,Thunderbolt,ShadowBall,VacuumWave|Modest||M|||50|]Eelektross||Eelektrossite|Levitate|DragonPulse,GrassKnot,Thunderbolt,Protect|Modest||M|||50|]Meowscarada||FocusSash|Protean|FlowerTrick,PlayRough,NightSlash,Protect|Adamant||M|||50|]Tyrantrum||ChoiceScarf|RockHead|DragonClaw,CloseCombat,HeadSmash,HighHorsepower|Jolly||F|||50|]Alcremie||Leftovers|AromaVeil|Protect,DazzlingGleam,HelpingHand,Decorate|Bold||F|||50|]Kommo-o||LifeOrb|Overcoat|ClangorousSoul,CloseCombat,Protect,ScaleShot|Adamant||M|||50|
|inactive|Battle timer is ON: inactive players will automatically lose when time's up. (requested by tsareenagoodar)
|inactive|tsareenagoodar has 60 seconds left.
|inactive|tsareenagoodar has 30 seconds left.
|inactive|tsareenagoodar has 20 seconds left.
|inactive|tsareenagoodar has 15 seconds left.
|inactive|tsareenagoodar has 10 seconds left.
|inactive|tsareenagoodar has 5 seconds left.
|
|t:|1786172520
|teamsize|p1|4
|teamsize|p2|4
|start
|switch|p1a: Camerupt|Camerupt, L50, M, shiny|100/100
|switch|p1b: Gengar|Gengar, L50, M, shiny|100/100
|switch|p2a: Gardevoir|Gardevoir, L50, M|100/100
|switch|p2b: Eelektross|Eelektross, L50, M|100/100
|-ability|p2a: Gardevoir|Cursed Body|Trace|[from] ability: Trace|[of] p1b: Gengar
|turn|1
|
|t:|1786172538
|detailschange|p2a: Gardevoir|Gardevoir-Mega, L50, M
|-mega|p2a: Gardevoir|Gardevoir|Gardevoirite
|detailschange|p1a: Camerupt|Camerupt-Mega, L50, M, shiny
|-mega|p1a: Camerupt|Camerupt|Cameruptite
|move|p1b: Gengar|Protect|p1b: Gengar
|-singleturn|p1b: Gengar|Protect
|move|p2b: Eelektross|Protect|p2b: Eelektross
|-singleturn|p2b: Eelektross|Protect
|move|p2a: Gardevoir|Hyper Voice|p1b: Gengar|[spread] p1a
|-activate|p1b: Gengar|move: Protect
|-resisted|p1a: Camerupt|1
|-damage|p1a: Camerupt|72/100
|move|p1a: Camerupt|Heat Wave|p2b: Eelektross|[spread] p2a
|-activate|p2b: Eelektross|move: Protect
|-damage|p2a: Gardevoir|52/100
|
|upkeep
|turn|2
|inactive|zeimei has 30 seconds left.
|
|t:|1786172564
|move|p1b: Gengar|Sludge Bomb|p2a: Gardevoir
|-supereffective|p2a: Gardevoir|1
|-damage|p2a: Gardevoir|0 fnt
|faint|p2a: Gardevoir
|move|p2b: Eelektross|Thunderbolt|p1b: Gengar
|-damage|p1b: Gengar|28/100
|move|p1a: Camerupt|Heat Wave|p2b: Eelektross
|-damage|p2b: Eelektross|20/100y
|
|upkeep
|
|t:|1786172576
|switch|p2a: Kommo-o|Kommo-o, L50, M|100/100
|turn|3
|inactive|tsareenagoodar has 30 seconds left.
|
|t:|1786172610
|move|p2b: Eelektross|Protect|p2b: Eelektross
|-singleturn|p2b: Eelektross|Protect
|move|p1b: Gengar|Sludge Bomb|p2b: Eelektross
|-activate|p2b: Eelektross|move: Protect
|move|p2a: Kommo-o|Scale Shot|p1b: Gengar
|-damage|p1b: Gengar|1/100
|-start|p2a: Kommo-o|Disable|Scale Shot|[from] ability: Cursed Body|[of] p1b: Gengar
|-damage|p1b: Gengar|0 fnt
|faint|p1b: Gengar
|-hitcount|p1: Gengar|2
|-unboost|p2a: Kommo-o|def|1
|-boost|p2a: Kommo-o|spe|1
|-damage|p2a: Kommo-o|90/100|[from] item: Life Orb
|move|p1a: Camerupt|Scorching Sands|p2a: Kommo-o
|-damage|p2a: Kommo-o|36/100
|
|upkeep
|
|t:|1786172626
|switch|p1b: Gyarados|Gyarados, L50, M, shiny|100/100
|-ability|p1b: Gyarados|Intimidate|boost
|-unboost|p2a: Kommo-o|atk|1
|-unboost|p2b: Eelektross|atk|1
|turn|4
|inactive|tsareenagoodar has 30 seconds left.
|
|t:|1786172653
|switch|p2a: Meowscarada|Meowscarada, L50, M|100/100
|move|p1b: Gyarados|Protect|p1b: Gyarados
|-singleturn|p1b: Gyarados|Protect
|move|p2b: Eelektross|Thunderbolt|p1b: Gyarados
|-activate|p1b: Gyarados|move: Protect
|move|p1a: Camerupt|Heat Wave|p2a: Meowscarada|[spread] p2a,p2b
|-supereffective|p2a: Meowscarada|1
|-enditem|p2a: Meowscarada|Focus Sash
|-damage|p2a: Meowscarada|1/100
|-damage|p2b: Eelektross|0 fnt
|faint|p2b: Eelektross
|
|upkeep
|
|t:|1786172665
|switch|p2b: Kommo-o|Kommo-o, L50, M|36/100
|turn|5
|
|t:|1786172687
|switch|p1a: Meganium|Meganium, L50, F, shiny|100/100
|move|p2a: Meowscarada|Flower Trick|p1b: Gyarados
|-start|p2a: Meowscarada|typechange|Grass|[from] ability: Protean
|-crit|p1b: Gyarados
|-damage|p1b: Gyarados|46/100
|move|p2b: Kommo-o|Close Combat|p1a: Meganium
|-damage|p1a: Meganium|26/100
|-unboost|p2b: Kommo-o|def|1
|-unboost|p2b: Kommo-o|spd|1
|-damage|p2b: Kommo-o|26/100|[from] item: Life Orb
|move|p1b: Gyarados|Waterfall|p2a: Meowscarada
|-resisted|p2a: Meowscarada|1
|-damage|p2a: Meowscarada|0 fnt
|faint|p2a: Meowscarada
|
|-heal|p1b: Gyarados|51/100|[from] item: Leftovers
|upkeep
|turn|6
|
|t:|1786172706
|move|p2b: Kommo-o|Close Combat|p1a: Meganium
|-damage|p1a: Meganium|0 fnt
|-unboost|p2b: Kommo-o|def|1
|-unboost|p2b: Kommo-o|spd|1
|faint|p1a: Meganium
|-damage|p2b: Kommo-o|17/100|[from] item: Life Orb
|move|p1b: Gyarados|Waterfall|p2b: Kommo-o
|-resisted|p2b: Kommo-o|1
|-damage|p2b: Kommo-o|0 fnt
|faint|p2b: Kommo-o
|
|win|tsareenagoodar
||zeimei is ready for game 3.
||tsareenagoodar is ready for game 3.
|uhtml|next|Next: Game 3 of 3
|l|☆tsareenagoodar
|player|p1|
