|j|☆Yei_Lai
|j|☆qaz8787
|html|Yei_Laiqaz8787    
|uhtml|bestof|Game 3 of a best-of-3
|t:|1785000718
|gametype|doubles
|player|p1|Yei_Lai|1|
|player|p2|qaz8787|266|
|gen|9
|tier|[Gen 9 Champions] VGC 2026 Reg M-B (Bo3)
|rule|Species Clause: Limit one of each Pokémon
|rule|Item Clause: Limit 1 of each item
|clearpoke
|poke|p1|Charizard, L50, F|
|poke|p1|Archaludon, L50, F|
|poke|p1|Venusaur, L50, F|
|poke|p1|Pelipper, L50, F|
|poke|p1|Grimmsnarl, L50, M|
|poke|p1|Basculegion, L50, M|
|poke|p2|Charizard, L50, F|
|poke|p2|Archaludon, L50, F|
|poke|p2|Venusaur, L50, F|
|poke|p2|Pelipper, L50, F|
|poke|p2|Grimmsnarl, L50, M|
|poke|p2|Basculegion, L50, M|
|teampreview|4
|showteam|p1|Charizard||CharizarditeY|Blaze|HeatWave,WeatherBall,SolarBeam,Protect|Modest||F|||50|]Archaludon||Leftovers|Stamina|ElectroShot,FlashCannon,DragonPulse,Protect|Modest||F|||50|]Venusaur||LifeOrb|Chlorophyll|LeafStorm,SludgeBomb,EarthPower,Protect|Modest||F|||50|]Pelipper||FocusSash|Drizzle|WeatherBall,Hurricane,Tailwind,WideGuard|Timid||F|||50|]Grimmsnarl||LightClay|Prankster|SpiritBreak,PartingShot,Reflect,LightScreen|Careful||M|||50|]Basculegion||ChoiceScarf|Adaptability|WaveCrash,FlipTurn,AquaJet,LastRespects|Jolly||M|||50|
|showteam|p2|Charizard||CharizarditeY|Blaze|HeatWave,WeatherBall,SolarBeam,Protect|Modest||F|||50|]Archaludon||Leftovers|Stamina|ElectroShot,FlashCannon,DragonPulse,Protect|Modest||F|||50|]Venusaur||LifeOrb|Chlorophyll|LeafStorm,SludgeBomb,EarthPower,Protect|Modest||F|||50|]Pelipper||FocusSash|Drizzle|WeatherBall,Hurricane,Tailwind,WideGuard|Timid||F|||50|]Grimmsnarl||LightClay|Prankster|SpiritBreak,PartingShot,Reflect,LightScreen|Careful||M|||50|]Basculegion||ChoiceScarf|Adaptability|WaveCrash,FlipTurn,AquaJet,LastRespects|Jolly||M|||50|
|j| dd9261248
|j| allen40103
|c| dd9261248|他根本不在DC
|c| dd9261248|你在跟誰講話
|c|☆Yei_Lai|忘了
|
|t:|1785000791
|teamsize|p1|4
|teamsize|p2|4
|start
|switch|p1a: Grimmsnarl|Grimmsnarl, L50, M|100/100
|switch|p1b: Archaludon|Archaludon, L50, F|100/100
|switch|p2a: Charizard|Charizard, L50, F|100/100
|switch|p2b: Grimmsnarl|Grimmsnarl, L50, M|100/100
|turn|1
|
|t:|1785000828
|switch|p2a: Basculegion|Basculegion, L50, M|100/100
|move|p2b: Grimmsnarl|Light Screen|p2b: Grimmsnarl
|-sidestart|p2: qaz8787|move: Light Screen
|move|p1a: Grimmsnarl|Light Screen|p1a: Grimmsnarl
|-sidestart|p1: Yei_Lai|move: Light Screen
|move|p1b: Archaludon|Flash Cannon|p2b: Grimmsnarl
|-supereffective|p2b: Grimmsnarl|1
|-damage|p2b: Grimmsnarl|54/100
|
|upkeep
|turn|2
|c| dd9261248|窩襙
|c| dd9261248|你這個位置切鬼魚嗎
|c|☆qaz8787|我好像點錯ㄌ
|c| dd9261248|完全沒意義的一手
|c| dd9261248|太狠了
|c|☆qaz8787|對==
|c|☆Yei_Lai|你這樣炸了欸
|c|☆qaz8787|我她媽現在不知道怎解
|c| dd9261248|還沒炸
|c| dd9261248|你巨魔那個位置不舒服
|
|t:|1785000880
|move|p2b: Grimmsnarl|Parting Shot|p1b: Archaludon
|-unboost|p1b: Archaludon|atk|1
|-unboost|p1b: Archaludon|spa|1
|
|t:|1785000884
|switch|p2b: Archaludon|Archaludon, L50, F|100/100|[from] Parting Shot
|move|p2a: Basculegion|Flip Turn|p1a: Grimmsnarl
|-damage|p1a: Grimmsnarl|62/100
|
|t:|1785000890
|switch|p2a: Grimmsnarl|Grimmsnarl, L50, M|54/100|[from] Flip Turn
|move|p1b: Archaludon|Electro Shot||[still]
|-prepare|p1b: Archaludon|Electro Shot
|-boost|p1b: Archaludon|spa|1
|move|p1a: Grimmsnarl|Spirit Break|p2b: Archaludon
|-damage|p2b: Archaludon|78/100
|-unboost|p2b: Archaludon|spa|1
|-ability|p2b: Archaludon|Stamina|boost
|-boost|p2b: Archaludon|def|1
|
|-heal|p2b: Archaludon|84/100|[from] item: Leftovers
|upkeep
|turn|3
|c| dd9261248|沒 他想切鋁鋼
|c| dd9261248|你怎麼這樣打 土豆
|c| dd9261248|我巨魔會狠話
|c| dd9261248|因為那個位置一定被雙點的
|
|t:|1785000960
|move|p1b: Archaludon|Electro Shot|p2a: Grimmsnarl|[from] lockedmove
|-damage|p2a: Grimmsnarl|29/100
|move|p2b: Archaludon|Electro Shot||[still]
|-prepare|p2b: Archaludon|Electro Shot
|-boost|p2b: Archaludon|spa|1
|move|p1a: Grimmsnarl|Spirit Break|p2a: Grimmsnarl
|-supereffective|p2a: Grimmsnarl|1
|-damage|p2a: Grimmsnarl|0 fnt
|faint|p2a: Grimmsnarl
|
|-heal|p2b: Archaludon|90/100|[from] item: Leftovers
|upkeep
|c| dd9261248|你怎麼都關鍵抽贏
|c| dd9261248|他點狠話的時候都他抽贏
|
|t:|1785000984
|switch|p2a: Basculegion|Basculegion, L50, M|100/100
|turn|4
|c| dd9261248|你點靈魂衝擊的時候你都抽贏
|c| dd9261248|智能型巨魔
|
|t:|1785001004
|move|p1b: Archaludon|Protect|p1b: Archaludon
|-singleturn|p1b: Archaludon|Protect
|move|p1a: Grimmsnarl|Reflect|p1a: Grimmsnarl
|-sidestart|p1: Yei_Lai|Reflect
|move|p2a: Basculegion|Flip Turn|p1a: Grimmsnarl
|-damage|p1a: Grimmsnarl|38/100
|
|t:|1785001010
|switch|p2a: Charizard|Charizard, L50, F|100/100|[from] Flip Turn
|move|p2b: Archaludon|Electro Shot|p1b: Archaludon|[from] lockedmove
|-activate|p1b: Archaludon|move: Protect
|
|-heal|p2b: Archaludon|96/100|[from] item: Leftovers
|upkeep
|turn|5
|c| allen40103|有夠噁心的壞面
|c| allen40103|畫面
|c| dd9261248|阿你怎麼點這裡
|c| dd9261248|發瘋喔
|
|t:|1785001048
|detailschange|p2a: Charizard|Charizard-Mega-Y, L50, F
|-mega|p2a: Charizard|Charizard|Charizardite Y
|-weather|SunnyDay|[from] ability: Drought|[of] p2a: Charizard
|move|p2a: Charizard|Protect|p2a: Charizard
|-singleturn|p2a: Charizard|Protect
|move|p2b: Archaludon|Electro Shot||[still]
|-prepare|p2b: Archaludon|Electro Shot
|-boost|p2b: Archaludon|spa|1
|move|p1b: Archaludon|Electro Shot||[still]
|-prepare|p1b: Archaludon|Electro Shot
|-boost|p1b: Archaludon|spa|1
|move|p1a: Grimmsnarl|Spirit Break|p2a: Charizard
|-activate|p2a: Charizard|move: Protect
|
|-weather|SunnyDay|[upkeep]
|-heal|p2b: Archaludon|100/100|[from] item: Leftovers
|upkeep
|turn|6
|
|t:|1785001067
|move|p1a: Grimmsnarl|Parting Shot|p2a: Charizard
|-unboost|p2a: Charizard|atk|1
|-unboost|p2a: Charizard|spa|1
|
|t:|1785001072
|switch|p1a: Pelipper|Pelipper, L50, F|100/100|[from] Parting Shot
|-weather|RainDance|[from] ability: Drizzle|[of] p1a: Pelipper
|move|p2a: Charizard|Weather Ball|p1b: Archaludon
|-resisted|p1b: Archaludon|1
|-damage|p1b: Archaludon|86/100
|-ability|p1b: Archaludon|Stamina|boost
|-boost|p1b: Archaludon|def|1
|move|p2b: Archaludon|Electro Shot|p1a: Pelipper|[from] lockedmove
|-supereffective|p1a: Pelipper|2
|-enditem|p1a: Pelipper|Focus Sash
|-damage|p1a: Pelipper|1/100
|move|p1b: Archaludon|Electro Shot|p2a: Charizard|[from] lockedmove
|-supereffective|p2a: Charizard|1
|-damage|p2a: Charizard|26/100
|
|-weather|RainDance|[upkeep]
|-heal|p1b: Archaludon|92/100|[from] item: Leftovers
|upkeep
|turn|7
|l| dd9261248
|j| dd9261248
|c| dd9261248|這邊是猜拳
|c| dd9261248|不是
|c| dd9261248|我說T6
|c| dd9261248|這邊不是
|c| dd9261248|要猜你大嘴鷗進不進來
|l|☆Yei_Lai
|player|p1|
|c| dd9261248|度
|j|☆Yei_Lai
|player|p1|Yei_Lai|1|
|c| dd9261248|這邊不用猜了
|
|t:|1785001145
|switch|p2a: Basculegion|Basculegion, L50, M|100/100
|move|p1a: Pelipper|Tailwind|p1a: Pelipper
|-sidestart|p1: Yei_Lai|move: Tailwind
|move|p1b: Archaludon|Electro Shot||[still]
|-prepare|p1b: Archaludon|Electro Shot
|-boost|p1b: Archaludon|spa|1
|-anim|p1b: Archaludon|Electro Shot|p2a: Basculegion
|-supereffective|p2a: Basculegion|1
|-damage|p2a: Basculegion|0 fnt
|faint|p2a: Basculegion
|move|p2b: Archaludon|Electro Shot||[still]
|-prepare|p2b: Archaludon|Electro Shot
|-boost|p2b: Archaludon|spa|1
|-anim|p2b: Archaludon|Electro Shot|p1a: Pelipper
|-supereffective|p1a: Pelipper|2
|-damage|p1a: Pelipper|0 fnt
|faint|p1a: Pelipper
|
|-weather|RainDance|[upkeep]
|-heal|p1b: Archaludon|98/100|[from] item: Leftovers
|upkeep
|
|t:|1785001163
|switch|p2a: Charizard|Charizard-Mega-Y, L50, F|26/100
|switch|p1a: Grimmsnarl|Grimmsnarl, L50, M|38/100
|-weather|SunnyDay|[from] ability: Drought|[of] p2a: Charizard
|turn|8
|c| dd9261248|這把是奕翔把自己玩炸的
|c| dd9261248|T1還好
|c|☆qaz8787|確實
|c| dd9261248|是後面兩回何
|c| dd9261248|因為他鬼魚沒死
|c| dd9261248|你巨魔那個位置被鬼魚+巨魔釘死
|c|☆qaz8787|T1打錯後面就慌了
|c| dd9261248|很不舒服
|
|t:|1785001248
|move|p2a: Charizard|Protect|p2a: Charizard
|-singleturn|p2a: Charizard|Protect
|move|p1b: Archaludon|Dragon Pulse|p2a: Charizard
|-activate|p2a: Charizard|move: Protect
|move|p1a: Grimmsnarl|Spirit Break|p2b: Archaludon
|-damage|p2b: Archaludon|84/100
|-unboost|p2b: Archaludon|spa|1
|-ability|p2b: Archaludon|Stamina|boost
|-boost|p2b: Archaludon|def|1
|move|p2b: Archaludon|Dragon Pulse|p1b: Archaludon
|-damage|p1b: Archaludon|61/100
|-ability|p1b: Archaludon|Stamina|boost
|-boost|p1b: Archaludon|def|1
|
|-weather|SunnyDay|[upkeep]
|-heal|p1b: Archaludon|67/100|[from] item: Leftovers
|-heal|p2b: Archaludon|90/100|[from] item: Leftovers
|-sideend|p2: qaz8787|move: Light Screen
|-sideend|p1: Yei_Lai|move: Light Screen
|upkeep
|turn|9
|
|t:|1785001273
|move|p1a: Grimmsnarl|Parting Shot|p2b: Archaludon
|-unboost|p2b: Archaludon|atk|1
|-unboost|p2b: Archaludon|spa|1
|
|t:|1785001275
|switch|p1a: Basculegion|Basculegion, L50, M|100/100|[from] Parting Shot
|move|p1b: Archaludon|Dragon Pulse|p2a: Charizard
|-damage|p2a: Charizard|0 fnt
|faint|p2a: Charizard
|move|p2b: Archaludon|Dragon Pulse|p1b: Archaludon
|-damage|p1b: Archaludon|23/100
|-ability|p1b: Archaludon|Stamina|boost
|-boost|p1b: Archaludon|def|1
|
|-weather|SunnyDay|[upkeep]
|-heal|p1b: Archaludon|29/100|[from] item: Leftovers
|-heal|p2b: Archaludon|96/100|[from] item: Leftovers
|upkeep
|turn|10
|c| dd9261248|你不是順風嗎 幹嘛不繼續點靈魂衝擊
|
|t:|1785001297
|move|p1a: Basculegion|Last Respects|p2b: Archaludon
|-damage|p2b: Archaludon|71/100
|-ability|p2b: Archaludon|Stamina|boost
|-boost|p2b: Archaludon|def|1
|move|p1b: Archaludon|Dragon Pulse|p2b: Archaludon
|-damage|p2b: Archaludon|0 fnt
|faint|p2b: Archaludon
|
|win|Yei_Lai
|c| dd9261248|反正你只有被要害會輸
