|j|☆Myshirtisdirty
|j|☆Chknadobovgc
|html|MyshirtisdirtyChknadobovgc    
|uhtml|bestof|Game 2 of a best-of-3
|t:|1756696045
|gametype|doubles
|player|p1|Myshirtisdirty|266|1089
|player|p2|Chknadobovgc|2|1193
|gen|9
|tier|[Gen 9] VGC 2025 Reg H (Bo3)
|rated|
|rule|Species Clause: Limit one of each Pokémon
|rule|Item Clause: Limit 1 of each item
|clearpoke
|poke|p1|Garchomp, L50, F|
|poke|p1|Whimsicott, L50, F|
|poke|p1|Corviknight, L50, M|
|poke|p1|Primarina, L50, F|
|poke|p1|Arcanine-Hisui, L50, M|
|poke|p1|Tyranitar, L50, F|
|poke|p2|Indeedee, L50, M|
|poke|p2|Sneasler, L50, F|
|poke|p2|Excadrill, L50, M|
|poke|p2|Annihilape, L50, M|
|poke|p2|Corviknight, L50, F|
|poke|p2|Tyranitar, L50, M|
|teampreview|4
|showteam|p1|Garchomp||LifeOrb|SandVeil|DragonClaw,SwordsDance,StompingTantrum,Protect|||F|||50|,,,,,Steel]Whimsicott||CovertCloak|Prankster|LightScreen,Moonblast,Tailwind,Encore|||F|||50|,,,,,Water]Corviknight||RockyHelmet|MirrorArmor|BraveBird,IronDefense,BodyPress,Roost|||M|||50|,,,,,Fire]Primarina||ThroatSpray|LiquidVoice|HyperVoice,Moonblast,Protect,IceBeam|||F|||50|,,,,,Fire]Arcanine-Hisui||ClearAmulet|Intimidate|FlareBlitz,RockSlide,ExtremeSpeed,Protect|||M|||50|,,,,,Flying]Tyranitar||AssaultVest|SandStream|RockSlide,Crunch,TeraBlast,LowKick|||F|||50|,,,,,Flying
|showteam|p2|Indeedee||ChoiceScarf|PsychicSurge|ExpandingForce,TeraBlast,Trick,Protect|||M|||50|,,,,,Psychic]Sneasler||PsychicSeed|Unburden|CloseCombat,DireClaw,ThroatChop,Protect|||F|||50|,,,,,Dark]Excadrill||FocusSash|SandRush|Earthquake,IronHead,HighHorsepower,Protect|||M|||50|,,,,,Stellar]Annihilape||SafetyGoggles|Defiant|CloseCombat,RageFist,Taunt,FinalGambit|||M|||50|,,,,,Water]Corviknight||Leftovers|MirrorArmor|BraveBird,Tailwind,BulkUp,Roost|||F|||50|,,,,,Dragon]Tyranitar||AssaultVest|SandStream|RockSlide,KnockOff,LowKick,TeraBlast|||M|||50|,,,,,Flying
|inactive|Battle timer is ON: inactive players will automatically lose when time's up. (requested by Chknadobovgc)
|
|t:|1756696076
|teamsize|p1|4
|teamsize|p2|4
|start
|switch|p1a: Whimsicott|Whimsicott, L50, F|100/100
|switch|p1b: Garchomp|Garchomp, L50, F|100/100
|switch|p2a: Indeedee|Indeedee, L50, M|100/100
|switch|p2b: Sneasler|Sneasler, L50, F, shiny|100/100
|-fieldstart|move: Psychic Terrain|[from] ability: Psychic Surge|[of] p2a: Indeedee
|-enditem|p2b: Sneasler|Psychic Seed
|-boost|p2b: Sneasler|spd|1|[from] item: Psychic Seed
|turn|1
|
|t:|1756696091
|move|p2b: Sneasler|Protect|p2b: Sneasler
|-singleturn|p2b: Sneasler|Protect
|move|p1a: Whimsicott|Tailwind|p1a: Whimsicott
|-sidestart|p1: Myshirtisdirty|move: Tailwind
|move|p1b: Garchomp|Stomping Tantrum|p2b: Sneasler
|-activate|p2b: Sneasler|move: Protect
|move|p2a: Indeedee|Expanding Force|p1b: Garchomp|[spread] p1a,p1b
|-damage|p1a: Whimsicott|26/100
|-damage|p1b: Garchomp|41/100
|
|upkeep
|turn|2
|
|t:|1756696104
|switch|p2b: Annihilape|Annihilape, L50, M, shiny|100/100
|-terastallize|p2a: Indeedee|Psychic
|move|p1a: Whimsicott|Light Screen|p1a: Whimsicott
|-sidestart|p1: Myshirtisdirty|move: Light Screen
|move|p1b: Garchomp|Stomping Tantrum|p2a: Indeedee
|-damage|p2a: Indeedee|0 fnt
|faint|p2a: Indeedee
|-damage|p1b: Garchomp|31/100|[from] item: Life Orb
|
|upkeep
|
|t:|1756696115
|switch|p2a: Sneasler|Sneasler, L50, F, shiny|100/100
|turn|3
|
|t:|1756696125
|move|p2a: Sneasler|Protect|p2a: Sneasler
|-singleturn|p2a: Sneasler|Protect
|move|p1b: Garchomp|Stomping Tantrum|p2b: Annihilape
|-damage|p2b: Annihilape|50/100
|-damage|p1b: Garchomp|21/100|[from] item: Life Orb
|move|p1a: Whimsicott|Moonblast|p2b: Annihilape
|-supereffective|p2b: Annihilape
|-damage|p2b: Annihilape|1/100
|move|p2b: Annihilape|Rage Fist|p1b: Garchomp
|-damage|p1b: Garchomp|0 fnt
|faint|p1b: Garchomp
|
|upkeep
|
|t:|1756696139
|switch|p1b: Tyranitar|Tyranitar, L50, F|100/100
|-weather|Sandstorm|[from] ability: Sand Stream|[of] p1b: Tyranitar
|turn|4
|
|t:|1756696160
|switch|p1a: Corviknight|Corviknight, L50, M|100/100
|-terastallize|p1b: Tyranitar|Flying
|move|p2a: Sneasler|Dire Claw|p1a: Corviknight
|-immune|p1a: Corviknight
|move|p2b: Annihilape|Close Combat|p1b: Tyranitar
|-resisted|p1b: Tyranitar
|-damage|p1b: Tyranitar|82/100
|-unboost|p2b: Annihilape|def|1
|-unboost|p2b: Annihilape|spd|1
|move|p1b: Tyranitar|Tera Blast|p2a: Sneasler|[anim] Tera Blast Flying
|-supereffective|p2a: Sneasler
|-damage|p2a: Sneasler|0 fnt
|faint|p2a: Sneasler
|
|-weather|Sandstorm|[upkeep]
|-damage|p1b: Tyranitar|75/100|[from] Sandstorm
|-sideend|p1: Myshirtisdirty|move: Tailwind
|upkeep
|
|t:|1756696166
|switch|p2a: Excadrill|Excadrill, L50, M|100/100
|turn|5
|-message|Chknadobovgc forfeited.
|
|win|Myshirtisdirty
|raw|Myshirtisdirty's rating: 1089 → 1123(+34 for winning)
|raw|Chknadobovgc's rating: 1193 → 1161(-32 for losing)
|l|☆Myshirtisdirty
|player|p1|
|l|☆Chknadobovgc
|player|p2|
|j|☆Chknadobovgc
|player|p2|Chknadobovgc|2|
