|j|☆indiecollin
|j|☆Sincubii
|html|indiecollinSincubii    
|uhtml|bestof|Game 1 of a best-of-3
|t:|1757822441
|gametype|doubles
|player|p1|indiecollin|102|1064
|player|p2|Sincubii|palmer|1041
|gen|9
|tier|[Gen 9] VGC 2025 Reg H (Bo3)
|rated|
|rule|Species Clause: Limit one of each Pokémon
|rule|Item Clause: Limit 1 of each item
|clearpoke
|poke|p1|Scovillain, L50, M|
|poke|p1|Murkrow, L50, M|
|poke|p1|Dragapult, L50, M|
|poke|p1|Lucario, L50, F|
|poke|p1|Incineroar, L50, M|
|poke|p1|Metagross, L50|
|poke|p2|Weavile, L50, M|
|poke|p2|Weezing-Galar, L50, F|
|poke|p2|Tyranitar, L50, M|
|poke|p2|Dragonite, L50, M|
|poke|p2|Typhlosion-Hisui, L50, M|
|poke|p2|Pawmot, L50, M|
|teampreview|4
|showteam|p1|Scovillain||CovertCloak|Chlorophyll|Protect,Overheat,SpicyExtract,RagePowder|||M|||50|,,,,,Steel]Murkrow||Eviolite|Prankster|SunnyDay,FoulPlay,Haze,Tailwind|||M|||50|,,,,,Ghost]Dragapult||LifeOrb|ClearBody|DoubleEdge,PhantomForce,DragonDarts,Uturn|||M|||50|,,,,,Normal]Lucario||FocusSash|InnerFocus|Protect,CloseCombat,BulletPunch,RockSlide|||F|||50|,,,,,Rock]Incineroar||ClearAmulet|Intimidate|Protect,FlareBlitz,KnockOff,FakeOut|||M|||50|,,,,,Grass]Metagross||AssaultVest|ClearBody|HeavySlam,BulletPunch,KnockOff,PsychicFangs||||||50|,,,,,Dark
|showteam|p2|Weavile||LifeOrb|Pressure|FakeOut,IceSpinner,KnockOff,LowKick|||M|||50|,,,,,Ghost]Weezing-Galar||SafetyGoggles|NeutralizingGas|SludgeBomb,WillOWisp,Taunt,Protect|||F|||50|,,,,,Fire]Tyranitar||AssaultVest|SandStream|KnockOff,RockSlide,TeraBlast,LowKick|||M|||50|,,,,,Flying]Dragonite||LoadedDice|InnerFocus|Protect,ScaleShot,Tailwind,ExtremeSpeed|||M|||50|,,,,,Steel]Typhlosion-Hisui||ChoiceScarf|Blaze|Eruption,HeatWave,ShadowBall,Overheat|||M|||50|,,,,,Fire]Pawmot||FocusSash|VoltAbsorb|RevivalBlessing,FakeOut,DoubleShock,CloseCombat|||M|||50|,,,,,Electric
|inactive|Battle timer is ON: inactive players will automatically lose when time's up. (requested by Sincubii)
|
|t:|1757822503
|teamsize|p1|4
|teamsize|p2|4
|start
|switch|p1a: Lucario|Lucario, L50, F|100/100
|switch|p1b: Murkrow|Murkrow, L50, M|100/100
|switch|p2a: Weezing|Weezing-Galar, L50, F|100/100
|switch|p2b: Weavile|Weavile, L50, M|100/100
|-ability|p2a: Weezing|Neutralizing Gas
|turn|1
|
|t:|1757822523
|move|p1a: Lucario|Protect|p1a: Lucario
|-singleturn|p1a: Lucario|Protect
|move|p2b: Weavile|Ice Spinner|p1b: Murkrow
|-supereffective|p1b: Murkrow
|-damage|p1b: Murkrow|0 fnt
|faint|p1b: Murkrow
|-damage|p2b: Weavile|91/100|[from] item: Life Orb
|move|p2a: Weezing|Will-O-Wisp|p1a: Lucario
|-activate|p1a: Lucario|move: Protect
|
|upkeep
|
|t:|1757822541
|switch|p1b: Incineroar|Incineroar, L50, M|100/100
|turn|2
|inactive|indiecollin has 30 seconds left.
|
|t:|1757822568
|switch|p2b: Typhlosion|Typhlosion-Hisui, L50, M|100/100
|-terastallize|p1a: Lucario|Rock
|move|p1b: Incineroar|Fake Out|p2a: Weezing
|-damage|p2a: Weezing|93/100
|move|p1a: Lucario|Rock Slide|p2a: Weezing|[spread] p2a,p2b
|-supereffective|p2b: Typhlosion
|-damage|p2a: Weezing|73/100
|-damage|p2b: Typhlosion|22/100
|cant|p2a: Weezing|flinch
|
|upkeep
|turn|3
|inactive|indiecollin has 30 seconds left.
|inactive|indiecollin has 20 seconds left.
|inactive|indiecollin has 15 seconds left.
|
|t:|1757822609
|move|p1a: Lucario|Protect|p1a: Lucario
|-singleturn|p1a: Lucario|Protect
|move|p2b: Typhlosion|Heat Wave|p1a: Lucario|[spread] p1b
|-activate|p1a: Lucario|move: Protect
|-resisted|p1b: Incineroar
|-damage|p1b: Incineroar|86/100
|move|p1b: Incineroar|Flare Blitz|p2a: Weezing
|-damage|p2a: Weezing|38/100
|-damage|p1b: Incineroar|76/100|[from] Recoil
|move|p2a: Weezing|Sludge Bomb|p1b: Incineroar
|-damage|p1b: Incineroar|54/100
|
|upkeep
|turn|4
|inactive|indiecollin has 30 seconds left.
|inactive|Sincubii has 30 seconds left.
|inactive|indiecollin has 20 seconds left.
|inactive|Sincubii has 20 seconds left.
|inactive|indiecollin has 15 seconds left.
|
|t:|1757822653
|move|p2b: Typhlosion|Heat Wave|p1b: Incineroar|[spread] p1a,p1b
|-resisted|p1a: Lucario
|-resisted|p1b: Incineroar
|-damage|p1a: Lucario|74/100
|-damage|p1b: Incineroar|39/100
|move|p1a: Lucario|Rock Slide|p2b: Typhlosion|[spread] p2a,p2b
|-supereffective|p2b: Typhlosion
|-damage|p2a: Weezing|19/100
|-damage|p2b: Typhlosion|0 fnt
|faint|p2b: Typhlosion
|move|p1b: Incineroar|Flare Blitz|p2a: Weezing
|-damage|p2a: Weezing|0 fnt
|faint|p2a: Weezing
|-end|p2a: Weezing|ability: Neutralizing Gas
|-damage|p1b: Incineroar|34/100|[from] Recoil
|
|upkeep
|
|t:|1757822672
|switch|p2b: Weavile|Weavile, L50, M|91/100
|switch|p2a: Tyranitar|Tyranitar, L50, M|100/100
|-ability|p2b: Weavile|Pressure
|-weather|Sandstorm|[from] ability: Sand Stream|[of] p2a: Tyranitar
|turn|5
|inactive|Sincubii has 30 seconds left.
|
|t:|1757822700
|switch|p1b: Dragapult|Dragapult, L50, M|100/100
|move|p1a: Lucario|Bullet Punch|p2b: Weavile
|-supereffective|p2b: Weavile
|-damage|p2b: Weavile|25/100
|move|p2b: Weavile|Low Kick|p1a: Lucario
|-supereffective|p1a: Lucario
|-damage|p1a: Lucario|0 fnt
|faint|p1a: Lucario
|-damage|p2b: Weavile|16/100|[from] item: Life Orb
|move|p2a: Tyranitar|Rock Slide|p1b: Dragapult
|-damage|p1b: Dragapult|36/100
|
|-weather|Sandstorm|[upkeep]
|-damage|p2b: Weavile|9/100|[from] Sandstorm
|-damage|p1b: Dragapult|30/100|[from] Sandstorm
|upkeep
|
|t:|1757822717
|switch|p1a: Incineroar|Incineroar, L50, M|34/100
|-ability|p1a: Incineroar|Intimidate|boost
|-unboost|p2a: Tyranitar|atk|1
|-unboost|p2b: Weavile|atk|1
|turn|6
|
|t:|1757822738
|move|p1a: Incineroar|Fake Out|p2b: Weavile
|-damage|p2b: Weavile|0 fnt
|faint|p2b: Weavile
|move|p1b: Dragapult|Phantom Force||[still]
|-prepare|p1b: Dragapult|Phantom Force
|move|p2a: Tyranitar|Rock Slide|p1b: Dragapult|[spread] p1a
|-miss|p2a: Tyranitar|p1b: Dragapult
|-supereffective|p1a: Incineroar
|-damage|p1a: Incineroar|0 fnt
|faint|p1a: Incineroar
|
|-weather|Sandstorm|[upkeep]
|-damage|p1b: Dragapult|24/100|[from] Sandstorm
|upkeep
|turn|7
|
|t:|1757822747
|move|p1b: Dragapult|Phantom Force|p2a: Tyranitar|[from] lockedmove
|-resisted|p2a: Tyranitar
|-damage|p2a: Tyranitar|74/100
|-damage|p1b: Dragapult|15/100|[from] item: Life Orb
|move|p2a: Tyranitar|Knock Off|p1b: Dragapult
|-supereffective|p1b: Dragapult
|-damage|p1b: Dragapult|0 fnt
|-enditem|p1b: Dragapult|Life Orb|[from] move: Knock Off|[of] p2a: Tyranitar
|faint|p1b: Dragapult
|
|win|Sincubii
||indiecollin is ready for game 2.
|inactive|Sincubii has 30 seconds to confirm battle start!
||Sincubii is ready for game 2.
|uhtml|next|Next: Game 2 of 3
