|j|☆ApeEnjoyerr
|j|☆anonymous moniker
|html|ApeEnjoyerranonymous moniker    
|uhtml|bestof|Game 3 of a best-of-3
|t:|1756210987
|gametype|doubles
|player|p1|ApeEnjoyerr|backersf|1124
|player|p2|anonymous moniker|caitlin|1103
|gen|9
|tier|[Gen 9] VGC 2025 Reg H (Bo3)
|rated|
|rule|Species Clause: Limit one of each Pokémon
|rule|Item Clause: Limit 1 of each item
|clearpoke
|poke|p1|Archaludon, L50, M|
|poke|p1|Dragonite, L50, M|
|poke|p1|Incineroar, L50, F|
|poke|p1|Pelipper, L50, F|
|poke|p1|Sinistcha-Masterpiece, L50|
|poke|p1|Ursaluna, L50, F|
|poke|p2|Pelipper, L50, F|
|poke|p2|Archaludon, L50, M|
|poke|p2|Incineroar, L50, F|
|poke|p2|Maushold-Four, L50|
|poke|p2|Rillaboom, L50, F|
|poke|p2|Amoonguss, L50, F|
|teampreview|4
|showteam|p1|Archaludon||AssaultVest|Stamina|FlashCannon,ElectroShot,BodyPress,Snarl|||M|||50|,,,,,Fighting]Dragonite||LoadedDice|Multiscale|ScaleShot,Haze,Tailwind,Protect|||M|||50|,,,,,Fairy]Incineroar||SafetyGoggles|Intimidate|FlareBlitz,KnockOff,FakeOut,PartingShot|||F|||50|,,,,,Ghost]Pelipper||ChoiceScarf|Drizzle|WeatherBall,Hurricane,MuddyWater,Uturn|||F|||50|,,,,,Water]Sinistcha-Masterpiece||SitrusBerry|Hospitality|MatchaGotcha,RagePowder,TrickRoom,LifeDew||||||50|,,,,,Water]Ursaluna||FlameOrb|Guts|HeadlongRush,Facade,Earthquake,Protect|||F|||50|,,,,,Ghost
|showteam|p2|Pelipper||FocusSash|Drizzle|Protect,Tailwind,Hurricane,WeatherBall|||F|||50|,,,,,Ground]Archaludon||AssaultVest|Stamina|Snarl,ElectroShot,BodyPress,DracoMeteor|||M|||50|,,,,,Bug]Incineroar||SafetyGoggles|Intimidate|PartingShot,FakeOut,Taunt,KnockOff|||F|||50|,,,,,Ghost]Maushold-Four||WideLens|FriendGuard|Protect,FollowMe,PopulationBomb,ThunderWave||||||50|,,,,,Ghost]Rillaboom||ChoiceBand|GrassySurge|Uturn,GrassyGlide,HighHorsepower,WoodHammer|||F|||50|,,,,,Fire]Amoonguss||RockyHelmet|Regenerator|PollenPuff,Spore,RagePowder,Protect|||F|||50|,,,,,Water
|inactive|Battle timer is ON: inactive players will automatically lose when time's up. (requested by anonymous moniker)
|inactive|anonymous moniker has 60 seconds left.
|inactive|anonymous moniker has 30 seconds left.
|
|t:|1756211061
|teamsize|p1|4
|teamsize|p2|4
|start
|switch|p1a: Incineroar|Incineroar, L50, F|100/100
|switch|p1b: Sinistcha|Sinistcha-Masterpiece, L50|100/100
|switch|p2a: Amoonguss|Amoonguss, L50, F|100/100
|switch|p2b: Incineroar|Incineroar, L50, F|100/100
|-ability|p1a: Incineroar|Intimidate|boost
|-unboost|p2a: Amoonguss|atk|1
|-unboost|p2b: Incineroar|atk|1
|-ability|p2b: Incineroar|Intimidate|boost
|-unboost|p1a: Incineroar|atk|1
|-unboost|p1b: Sinistcha|atk|1
|turn|1
|inactive|anonymous moniker has 30 seconds left.
|inactive|anonymous moniker has 20 seconds left.
|inactive|anonymous moniker has 15 seconds left.
|
|t:|1756211102
|switch|p2a: Archaludon|Archaludon, L50, M|100/100
|move|p1a: Incineroar|Fake Out|p2b: Incineroar
|-damage|p2b: Incineroar|95/100
|cant|p2b: Incineroar|flinch
|move|p1b: Sinistcha|Trick Room|p1b: Sinistcha
|-fieldstart|move: Trick Room|[of] p1b: Sinistcha
|
|upkeep
|turn|2
|inactive|anonymous moniker has 30 seconds left.
|
|t:|1756211130
|switch|p1b: Archaludon|Archaludon, L50, M|100/100
|move|p2b: Incineroar|Taunt|p1b: Archaludon
|-start|p1b: Archaludon|move: Taunt
|move|p1a: Incineroar|Parting Shot|p2a: Archaludon
|-unboost|p2a: Archaludon|atk|1
|-unboost|p2a: Archaludon|spa|1
|
|t:|1756211138
|switch|p1a: Ursaluna|Ursaluna, L50, F|100/100|[from] Parting Shot
|move|p2a: Archaludon|Body Press|p1a: Ursaluna
|-supereffective|p1a: Ursaluna
|-damage|p1a: Ursaluna|69/100
|
|-status|p1a: Ursaluna|brn|[from] item: Flame Orb
|upkeep
|turn|3
|inactive|anonymous moniker has 30 seconds left.
|inactive|anonymous moniker has 20 seconds left.
|inactive|anonymous moniker has 15 seconds left.
|
|t:|1756211179
|switch|p2b: Amoonguss|Amoonguss, L50, F|100/100
|switch|p1b: Sinistcha|Sinistcha-Masterpiece, L50|100/100
|-heal|p1a: Ursaluna|94/100 brn|[from] ability: Hospitality|[of] p1b: Sinistcha
|-terastallize|p2a: Archaludon|Bug
|move|p1a: Ursaluna|Headlong Rush|p2a: Archaludon
|-resisted|p2a: Archaludon
|-damage|p2a: Archaludon|57/100
|-unboost|p1a: Ursaluna|def|1
|-unboost|p1a: Ursaluna|spd|1
|-ability|p2a: Archaludon|Stamina|boost
|-boost|p2a: Archaludon|def|1
|move|p2a: Archaludon|Body Press|p1a: Ursaluna
|-supereffective|p1a: Ursaluna
|-damage|p1a: Ursaluna|20/100 brn
|
|-damage|p1a: Ursaluna|14/100 brn|[from] brn
|upkeep
|turn|4
|inactive|anonymous moniker has 30 seconds left.
|inactive|anonymous moniker has 20 seconds left.
|inactive|anonymous moniker has 15 seconds left.
|
|t:|1756211220
|move|p1a: Ursaluna|Protect|p1a: Ursaluna
|-singleturn|p1a: Ursaluna|Protect
|move|p2b: Amoonguss|Rage Powder|p2b: Amoonguss
|-singleturn|p2b: Amoonguss|move: Rage Powder
|move|p1b: Sinistcha|Life Dew||[still]|[spread] p1a,p1b
|-heal|p1a: Ursaluna|39/100 brn
|-fail|p1b: Sinistcha|heal
|move|p2a: Archaludon|Snarl|p1a: Ursaluna|[spread] p1b
|-activate|p1a: Ursaluna|move: Protect
|-supereffective|p1b: Sinistcha
|-damage|p1b: Sinistcha|84/100
|-unboost|p1b: Sinistcha|spa|1
|
|-damage|p1a: Ursaluna|33/100 brn|[from] brn
|upkeep
|turn|5
|inactive|ApeEnjoyerr has 30 seconds left.
|inactive|anonymous moniker has 30 seconds left.
|
|t:|1756211247
|switch|p1a: Incineroar|Incineroar, L50, F|100/100
|-ability|p1a: Incineroar|Intimidate|boost
|-unboost|p2a: Archaludon|atk|1
|-unboost|p2b: Amoonguss|atk|1
|switch|p2a: Incineroar|Incineroar, L50, F|95/100
|-ability|p2a: Incineroar|Intimidate|boost
|-unboost|p1a: Incineroar|atk|1
|-unboost|p1b: Sinistcha|atk|1
|move|p2b: Amoonguss|Pollen Puff|p1a: Incineroar
|-damage|p1a: Incineroar|86/100
|move|p1b: Sinistcha|Matcha Gotcha|p2a: Incineroar|[spread] p2a,p2b
|-resisted|p2a: Incineroar
|-resisted|p2b: Amoonguss
|-crit|p2b: Amoonguss
|-damage|p2a: Incineroar|88/100
|-heal|p1b: Sinistcha|88/100|[from] drain|[of] p2a: Incineroar
|-damage|p2b: Amoonguss|94/100
|-heal|p1b: Sinistcha|93/100|[from] drain|[of] p2b: Amoonguss
|
|-fieldend|move: Trick Room
|upkeep
|turn|6
|inactive|ApeEnjoyerr has 30 seconds left.
|inactive|anonymous moniker has 30 seconds left.
|inactive|anonymous moniker has 20 seconds left.
|inactive|anonymous moniker has 15 seconds left.
|inactive|anonymous moniker has 10 seconds left.
|
|t:|1756211293
|switch|p2b: Maushold|Maushold-Four, L50|100/100
|move|p1a: Incineroar|Fake Out|p2a: Incineroar
|-crit|p2a: Incineroar
|-damage|p2a: Incineroar|78/100
|cant|p2a: Incineroar|flinch
|move|p1b: Sinistcha|Trick Room|p1b: Sinistcha
|-fieldstart|move: Trick Room|[of] p1b: Sinistcha
|
|upkeep
|turn|7
|inactive|ApeEnjoyerr has 30 seconds left.
|inactive|ApeEnjoyerr has 20 seconds left.
|inactive|ApeEnjoyerr has 15 seconds left.
|inactive|ApeEnjoyerr has 10 seconds left.
|inactive|ApeEnjoyerr has 5 seconds left.
|
|t:|1756211344
|move|p2a: Incineroar|Knock Off|p1a: Incineroar
|-resisted|p1a: Incineroar
|-damage|p1a: Incineroar|70/100
|-enditem|p1a: Incineroar|Safety Goggles|[from] move: Knock Off|[of] p2a: Incineroar
|move|p1b: Sinistcha|Matcha Gotcha|p2a: Incineroar|[spread] p2a,p2b
|-resisted|p2a: Incineroar
|-damage|p2a: Incineroar|73/100
|-heal|p1b: Sinistcha|95/100|[from] drain|[of] p2a: Incineroar
|-damage|p2b: Maushold|74/100
|-heal|p1b: Sinistcha|100/100|[from] drain|[of] p2b: Maushold
|move|p1a: Incineroar|Flare Blitz|p2b: Maushold
|-damage|p2b: Maushold|28/100
|-status|p2b: Maushold|brn
|-damage|p1a: Incineroar|58/100|[from] Recoil
|move|p2b: Maushold|Thunder Wave|p1b: Sinistcha
|-status|p1b: Sinistcha|par
|
|-damage|p2b: Maushold|22/100 brn|[from] brn
|upkeep
|turn|8
|inactive|anonymous moniker has 30 seconds left.
|
|t:|1756211375
|move|p2b: Maushold|Follow Me|p2b: Maushold
|-singleturn|p2b: Maushold|move: Follow Me
|move|p1b: Sinistcha|Matcha Gotcha|p2b: Maushold|[spread] p2a,p2b
|-resisted|p2a: Incineroar
|-damage|p2a: Incineroar|68/100
|-damage|p2b: Maushold|0 fnt
|faint|p2b: Maushold
|move|p2a: Incineroar|Knock Off|p1b: Sinistcha
|-supereffective|p1b: Sinistcha
|-damage|p1b: Sinistcha|39/100 par
|-enditem|p1b: Sinistcha|Sitrus Berry|[from] move: Knock Off|[of] p2a: Incineroar
|move|p1a: Incineroar|Parting Shot|p2a: Incineroar
|-unboost|p2a: Incineroar|atk|1
|-unboost|p2a: Incineroar|spa|1
|
|t:|1756211388
|switch|p1a: Ursaluna|Ursaluna, L50, F|33/100 brn|[from] Parting Shot
|
|-damage|p1a: Ursaluna|27/100 brn|[from] brn
|upkeep
|
|t:|1756211395
|switch|p2b: Amoonguss|Amoonguss, L50, F|100/100
|turn|9
|
|t:|1756211419
|move|p1b: Sinistcha|Rage Powder|p1b: Sinistcha
|-singleturn|p1b: Sinistcha|move: Rage Powder
|move|p2b: Amoonguss|Rage Powder|p2b: Amoonguss
|-singleturn|p2b: Amoonguss|move: Rage Powder
|move|p1a: Ursaluna|Facade|p2b: Amoonguss
|-damage|p2b: Amoonguss|0 fnt
|-damage|p1a: Ursaluna|11/100 brn|[from] item: Rocky Helmet|[of] p2b: Amoonguss
|faint|p2b: Amoonguss
|move|p2a: Incineroar|Knock Off|p1a: Ursaluna
|-damage|p1a: Ursaluna|0 fnt
|-enditem|p1a: Ursaluna|Flame Orb|[from] move: Knock Off|[of] p2a: Incineroar
|faint|p1a: Ursaluna
|
|upkeep
|
|t:|1756211432
|switch|p2b: Archaludon|Archaludon, L50, M, tera:Bug|57/100
|switch|p1a: Incineroar|Incineroar, L50, F|58/100
|-ability|p1a: Incineroar|Intimidate|boost
|-unboost|p2a: Incineroar|atk|1
|-unboost|p2b: Archaludon|atk|1
|turn|10
|
|t:|1756211455
|switch|p1b: Archaludon|Archaludon, L50, M|100/100
|move|p2a: Incineroar|Knock Off|p1b: Archaludon
|-damage|p1b: Archaludon|88/100
|-ability|p1b: Archaludon|Stamina|boost
|-boost|p1b: Archaludon|def|1
|-enditem|p1b: Archaludon|Assault Vest|[from] move: Knock Off|[of] p2a: Incineroar
|move|p1a: Incineroar|Knock Off|p2b: Archaludon
|-damage|p2b: Archaludon|26/100
|-ability|p2b: Archaludon|Stamina|boost
|-boost|p2b: Archaludon|def|1
|-enditem|p2b: Archaludon|Assault Vest|[from] move: Knock Off|[of] p1a: Incineroar
|move|p2b: Archaludon|Body Press|p1a: Incineroar
|-supereffective|p1a: Incineroar
|-damage|p1a: Incineroar|0 fnt
|faint|p1a: Incineroar
|
|-fieldend|move: Trick Room
|upkeep
|
|t:|1756211468
|switch|p1a: Sinistcha|Sinistcha-Masterpiece, L50|39/100 par
|-heal|p1b: Archaludon|100/100|[from] ability: Hospitality|[of] p1a: Sinistcha
|turn|11
|inactive|ApeEnjoyerr has 30 seconds left.
|
|t:|1756211498
|-terastallize|p1b: Archaludon|Fighting
|move|p1a: Sinistcha|Rage Powder|p1a: Sinistcha
|-singleturn|p1a: Sinistcha|move: Rage Powder
|move|p1b: Archaludon|Body Press|p2b: Archaludon
|-resisted|p2b: Archaludon
|-damage|p2b: Archaludon|10/100
|-ability|p2b: Archaludon|Stamina|boost
|-boost|p2b: Archaludon|def|1
|move|p2b: Archaludon|Draco Meteor|p1a: Sinistcha
|-damage|p1a: Sinistcha|0 fnt
|-unboost|p2b: Archaludon|spa|2
|faint|p1a: Sinistcha
|move|p2a: Incineroar|Knock Off|p1b: Archaludon
|-resisted|p1b: Archaludon
|-damage|p1b: Archaludon|97/100
|-ability|p1b: Archaludon|Stamina|boost
|-boost|p1b: Archaludon|def|1
|
|upkeep
|turn|12
|inactive|ApeEnjoyerr has 30 seconds left.
|
|t:|1756211524
|move|p1b: Archaludon|Flash Cannon|p2b: Archaludon
|-damage|p2b: Archaludon|0 fnt
|faint|p2b: Archaludon
|move|p2a: Incineroar|Knock Off|p1b: Archaludon
|-resisted|p1b: Archaludon
|-damage|p1b: Archaludon|95/100
|-ability|p1b: Archaludon|Stamina|boost
|-boost|p1b: Archaludon|def|1
|
|upkeep
|turn|13
|
|t:|1756211531
|move|p1b: Archaludon|Body Press|p2a: Incineroar
|-supereffective|p2a: Incineroar
|-damage|p2a: Incineroar|0 fnt
|faint|p2a: Incineroar
|
|win|ApeEnjoyerr
|raw|ApeEnjoyerr's rating: 1124 → 1147(+23 for winning)
|raw|anonymous moniker's rating: 1103 → 1080(-23 for losing)
|c|☆anonymous moniker|great set
|c|☆ApeEnjoyerr|fr
|c|☆ApeEnjoyerr|ggs
|l|☆anonymous moniker
|player|p2|
