|j|â˜†BlastLuvr67
|j|â˜†MaxwellBaker
|html|BlastLuvr67MaxwellBaker    
|uhtml|bestof|Game 1 of a best-of-3
|t:|1785268390
|gametype|doubles
|player|p1|BlastLuvr67|102|1100
|player|p2|MaxwellBaker|102|1149
|gen|9
|tier|[Gen 9 Champions] VGC 2026 Reg M-B (Bo3)
|rated|
|rule|Species Clause: Limit one of each PokÃ©mon
|rule|Item Clause: Limit 1 of each item
|clearpoke
|poke|p1|Incineroar, L50, F, shiny|
|poke|p1|Sneasler, L50, M|
|poke|p1|Delphox, L50, F, shiny|
|poke|p1|Sinistcha, L50|
|poke|p1|Kingambit, L50, M, shiny|
|poke|p1|Floette-Eternal, L50, F|
|poke|p2|Decidueye-Hisui, L50, M|
|poke|p2|Florges, L50, F|
|poke|p2|Raichu, L50, F|
|poke|p2|Incineroar, L50, M|
|poke|p2|Aerodactyl, L50, F|
|poke|p2|Milotic, L50, F|
|teampreview|4
|showteam|p1|Incineroar||SitrusBerry|Intimidate|FlareBlitz,FakeOut,HelpingHand,PartingShot|Impish||F|||50|]Sneasler||FocusSash|PoisonTouch|CloseCombat,PoisonJab,FakeOut,QuickGuard|Jolly||M|||50|]Delphox||Delphoxite|Blaze|HeatWave,Psychic,NastyPlot,Protect|Timid||F|||50|]Sinistcha||KasibBerry|Hospitality|MatchaGotcha,RagePowder,TrickRoom,Protect|Bold|||||50|]Kingambit||LifeOrb|Defiant|KowtowCleave,SuckerPunch,SwordsDance,Protect|Adamant||M|||50|]Floette-Eternal||Floettite|FlowerVeil|DazzlingGleam,DrainingKiss,CalmMind,Protect|Modest||F|||50|
|showteam|p2|Decidueye-Hisui||ScopeLens|Scrappy|TripleArrows,LeafBlade,SuckerPunch,Protect|Adamant||M|||50|]Florges||LifeOrb|FlowerVeil|Moonblast,Psychic,PollenPuff,Protect|Modest||F|||50|]Raichu||RaichuniteY|LightningRod|FakeOut,ZapCannon,FocusBlast,Protect|Timid||F|||50|]Incineroar||SitrusBerry|Intimidate|FakeOut,FlareBlitz,ThroatChop,PartingShot|Careful||M|||50|]Aerodactyl||Aerodactylite|RockHead|RockSlide,DualWingbeat,Tailwind,WideGuard|Jolly||F|||50|]Milotic||Leftovers|Competitive|Scald,IceBeam,Haze,Protect|Bold||F|||50|
|inactive|Battle timer is ON: inactive players will automatically lose when time's up. (requested by BlastLuvr67)
|inactive|BlastLuvr67 has 60 seconds left.
|inactive|MaxwellBaker has 60 seconds left.
|inactive|BlastLuvr67 has 30 seconds left.
|c|â˜†MaxwellBaker|glhf
|inactive|BlastLuvr67 has 20 seconds left.
|inactive|BlastLuvr67 has 15 seconds left.
|
|t:|1785268469
|teamsize|p1|4
|teamsize|p2|4
|start
|switch|p1a: begged|Floette-Eternal, L50, F|100/100
|switch|p1b: honeybee|Sneasler, L50, M|100/100
|switch|p2a: Aerodactyl|Aerodactyl, L50, F|100/100
|switch|p2b: Incineroar|Incineroar, L50, M|100/100
|-ability|p2b: Incineroar|Intimidate|boost
|-unboost|p1a: begged|atk|1
|-unboost|p1b: honeybee|atk|1
|turn|1
|inactive|MaxwellBaker has 30 seconds left.
|
|t:|1785268502
|switch|p1b: wrong w me|Incineroar, L50, F, shiny|100/100
|-ability|p1b: wrong w me|Intimidate|boost
|-unboost|p2a: Aerodactyl|atk|1
|-unboost|p2b: Incineroar|atk|1
|detailschange|p2a: Aerodactyl|Aerodactyl-Mega, L50, F
|-mega|p2a: Aerodactyl|Aerodactyl|Aerodactylite
|detailschange|p1a: begged|Floette-Mega, L50, F
|-mega|p1a: begged|Floette|Floettite
|-ability|p1a: begged|Fairy Aura
|move|p1a: begged|Protect|p1a: begged
|-singleturn|p1a: begged|Protect
|move|p2b: Incineroar|Fake Out|p1a: begged
|-activate|p1a: begged|move: Protect
|move|p2a: Aerodactyl|Rock Slide|p1b: wrong w me|[spread] p1b
|-activate|p1a: begged|move: Protect
|-supereffective|p1b: wrong w me|1
|-damage|p1b: wrong w me|72/100
|
|upkeep
|turn|2
|c|â˜†BlastLuvr67|Glhf
|inactive|BlastLuvr67 has 30 seconds left.
|inactive|MaxwellBaker has 30 seconds left.
|
|t:|1785268533
|switch|p2b: Florges|Florges, L50, F|100/100
|move|p1b: wrong w me|Fake Out|p2b: Florges
|-damage|p2b: Florges|87/100
|move|p2a: Aerodactyl|Tailwind|p2a: Aerodactyl
|-sidestart|p2: MaxwellBaker|move: Tailwind
|move|p1a: begged|Calm Mind|p1a: begged
|-boost|p1a: begged|spa|1
|-boost|p1a: begged|spd|1
|
|upkeep
|turn|3
|
|t:|1785268554
|move|p1a: begged|Protect|p1a: begged
|-singleturn|p1a: begged|Protect
|move|p2a: Aerodactyl|Rock Slide|p1a: begged|[spread] p1b
|-activate|p1a: begged|move: Protect
|-supereffective|p1b: wrong w me|1
|-damage|p1b: wrong w me|45/100
|-enditem|p1b: wrong w me|Sitrus Berry|[eat]
|-heal|p1b: wrong w me|70/100|[from] item: Sitrus Berry
|move|p2b: Florges|Moonblast|p1a: begged
|-activate|p1a: begged|move: Protect
|cant|p1b: wrong w me|flinch
|
|upkeep
|turn|4
|
|t:|1785268571
|move|p2a: Aerodactyl|Rock Slide|p1a: begged|[spread] p1a,p1b
|-supereffective|p1b: wrong w me|1
|-damage|p1a: begged|77/100
|-damage|p1b: wrong w me|43/100
|move|p2b: Florges|Moonblast|p1a: begged
|-damage|p1a: begged|36/100
|-damage|p2b: Florges|77/100|[from] item: Life Orb
|cant|p1a: begged|flinch
|cant|p1b: wrong w me|flinch
|
|upkeep
|turn|5
|c|â˜†BlastLuvr67|I love flinching
|c|â˜†BlastLuvr67|very high skill
|inactive|BlastLuvr67 has 30 seconds left.
|inactive|MaxwellBaker has 30 seconds left.
|
|t:|1785268602
|move|p1a: begged|Protect|p1a: begged
|-singleturn|p1a: begged|Protect
|move|p2a: Aerodactyl|Rock Slide|p1a: begged|[spread] p1b
|-activate|p1a: begged|move: Protect
|-supereffective|p1b: wrong w me|1
|-damage|p1b: wrong w me|12/100
|move|p2b: Florges|Moonblast|p1b: wrong w me
|-damage|p1b: wrong w me|0 fnt
|faint|p1b: wrong w me
|-damage|p2b: Florges|67/100|[from] item: Life Orb
|
|-sideend|p2: MaxwellBaker|move: Tailwind
|upkeep
|c|â˜†BlastLuvr67|I feel reasonably outplayed
|
|t:|1785268612
|switch|p1b: honeybee|Sneasler, L50, M|100/100
|turn|6
|
|t:|1785268626
|move|p1b: honeybee|Fake Out|p2a: Aerodactyl
|-resisted|p2a: Aerodactyl|1
|-crit|p2a: Aerodactyl
|-damage|p2a: Aerodactyl|85/100
|cant|p2a: Aerodactyl|flinch
|move|p1a: begged|Draining Kiss|p2a: Aerodactyl
|-crit|p2a: Aerodactyl
|-damage|p2a: Aerodactyl|0 fnt
|-heal|p1a: begged|94/100|[from] drain|[of] p2a: Aerodactyl
|faint|p2a: Aerodactyl
|move|p2b: Florges|Moonblast|p1a: begged
|-damage|p1a: begged|51/100
|-unboost|p1a: begged|spa|1
|-damage|p2b: Florges|57/100|[from] item: Life Orb
|
|upkeep
|
|t:|1785268646
|switch|p2a: Incineroar|Incineroar, L50, M|100/100
|-ability|p2a: Incineroar|Intimidate|boost
|-unboost|p1a: begged|atk|1
|-unboost|p1b: honeybee|atk|1
|turn|7
|
|t:|1785268654
|move|p1a: begged|Protect|p1a: begged
|-singleturn|p1a: begged|Protect
|move|p2a: Incineroar|Fake Out|p1b: honeybee
|-damage|p1b: honeybee|80/100
|cant|p1b: honeybee|flinch
|move|p2b: Florges|Psychic|p1b: honeybee
|-supereffective|p1b: honeybee|2
|-damage|p1b: honeybee|0 fnt
|faint|p1b: honeybee
|-damage|p2b: Florges|48/100|[from] item: Life Orb
|
|upkeep
|
|t:|1785268656
|switch|p1b: the cure|Sinistcha, L50|100/100
|-heal|p1a: begged|76/100|[from] ability: Hospitality|[of] p1b: the cure
|turn|8
|c|â˜†BlastLuvr67|Huge call
|
|t:|1785268677
|move|p1b: the cure|Protect|p1b: the cure
|-singleturn|p1b: the cure|Protect
|move|p1a: begged|Calm Mind|p1a: begged
|-boost|p1a: begged|spa|1
|-boost|p1a: begged|spd|1
|move|p2b: Florges|Moonblast|p1a: begged
|-damage|p1a: begged|44/100
|-damage|p2b: Florges|38/100|[from] item: Life Orb
|move|p2a: Incineroar|Throat Chop|p1a: begged
|-resisted|p1a: begged|1
|-damage|p1a: begged|25/100
|-start|p1a: begged|Throat Chop|[silent]
|
|upkeep
|turn|9
|
|t:|1785268701
|move|p1b: the cure|Rage Powder|p1b: the cure
|-singleturn|p1b: the cure|move: Rage Powder
|move|p1a: begged|Draining Kiss|p2a: Incineroar
|-damage|p2a: Incineroar|50/100g
|-heal|p1a: begged|68/100|[from] drain|[of] p2a: Incineroar
|move|p2b: Florges|Moonblast|p1b: the cure
|-damage|p1b: the cure|8/100
|-damage|p2b: Florges|28/100|[from] item: Life Orb
|move|p2a: Incineroar|Flare Blitz|p1b: the cure
|-supereffective|p1b: the cure|1
|-damage|p1b: the cure|0 fnt
|faint|p1b: the cure
|-damage|p2a: Incineroar|48/100|[from] Recoil
|-enditem|p2a: Incineroar|Sitrus Berry|[eat]
|-heal|p2a: Incineroar|72/100|[from] item: Sitrus Berry
|
|-end|p1a: begged|Throat Chop|[silent]
|upkeep
|turn|10
|inactive|MaxwellBaker has 30 seconds left.
|
|t:|1785268729
|move|p2b: Florges|Protect|p2b: Florges
|-singleturn|p2b: Florges|Protect
|move|p1a: begged|Dazzling Gleam|p2a: Incineroar|[spread] p2a
|-activate|p2b: Florges|move: Protect
|-damage|p2a: Incineroar|20/100y
|move|p2a: Incineroar|Parting Shot|p1a: begged
|-unboost|p1a: begged|atk|1
|-unboost|p1a: begged|spa|1
|c|â˜†BlastLuvr67|That Moonblast SpA drop is cooming up huge
|
|t:|1785268737
|switch|p2a: Milotic|Milotic, L50, F|100/100|[from] Parting Shot
|
|upkeep
|turn|11
|
|t:|1785268758
|move|p1a: begged|Dazzling Gleam|p2b: Florges|[spread] p2a,p2b
|-damage|p2a: Milotic|66/100
|-damage|p2b: Florges|0 fnt
|faint|p2b: Florges
|move|p2a: Milotic|Ice Beam|p1a: begged
|-damage|p1a: begged|59/100
|
|-heal|p2a: Milotic|72/100|[from] item: Leftovers
|upkeep
|
|t:|1785268765
|switch|p2b: Incineroar|Incineroar, L50, M|20/100y
|-ability|p2b: Incineroar|Intimidate|boost
|-unboost|p1a: begged|atk|1
|turn|12
|
|t:|1785268776
|move|p1a: begged|Protect|p1a: begged
|-singleturn|p1a: begged|Protect
|move|p2b: Incineroar|Fake Out|p1a: begged
|-activate|p1a: begged|move: Protect
|move|p2a: Milotic|Haze|p2a: Milotic
|-clearallboost
|
|-heal|p2a: Milotic|78/100|[from] item: Leftovers
|upkeep
|turn|13
|
|t:|1785268790
|move|p1a: begged|Dazzling Gleam|p2a: Milotic|[spread] p2a,p2b
|-damage|p2a: Milotic|45/100
|-damage|p2b: Incineroar|0 fnt
|faint|p2b: Incineroar
|move|p2a: Milotic|Scald|p1a: begged
|-damage|p1a: begged|38/100
|-status|p1a: begged|brn
|
|-heal|p2a: Milotic|51/100|[from] item: Leftovers
|-damage|p1a: begged|32/100 brn|[from] brn
|upkeep
|turn|14
|
|t:|1785268802
|move|p1a: begged|Draining Kiss|p2a: Milotic
|-damage|p2a: Milotic|22/100
|-heal|p1a: begged|57/100 brn|[from] drain|[of] p2a: Milotic
|move|p2a: Milotic|Scald|p1a: begged
|-damage|p1a: begged|37/100 brn
|
|-heal|p2a: Milotic|28/100|[from] item: Leftovers
|-damage|p1a: begged|31/100 brn|[from] brn
|upkeep
|turn|15
|
|t:|1785268812
|move|p2a: Milotic|Protect|p2a: Milotic
|-singleturn|p2a: Milotic|Protect
|move|p1a: begged|Draining Kiss|p2a: Milotic
|-activate|p2a: Milotic|move: Protect
|
|-heal|p2a: Milotic|34/100|[from] item: Leftovers
|-damage|p1a: begged|25/100 brn|[from] brn
|upkeep
|turn|16
|
|t:|1785268822
|move|p1a: begged|Dazzling Gleam|p2a: Milotic
|-damage|p2a: Milotic|0 fnt
|faint|p2a: Milotic
|
|win|BlastLuvr67
