|j|☆BestDefense
|j|☆eriksp
|html|BestDefenseeriksp    
|uhtml|bestof|Game 1 of a best-of-3
|t:|1783875708
|gametype|doubles
|player|p1|BestDefense|2|1118
|player|p2|eriksp|cynthia-masters4|1179
|gen|9
|tier|[Gen 9 Champions] VGC 2026 Reg M-B (Bo3)
|rated|
|rule|Species Clause: Limit one of each Pokémon
|rule|Item Clause: Limit 1 of each item
|clearpoke
|poke|p1|Blaziken, L50, M|
|poke|p1|Venusaur, L50, M|
|poke|p1|Ninetales-Alola, L50, F|
|poke|p1|Kingambit, L50, M|
|poke|p1|Dragapult, L50, M|
|poke|p1|Maushold, L50|
|poke|p2|Floette-Eternal, L50, F|
|poke|p2|Charizard, L50, F|
|poke|p2|Whimsicott, L50, F|
|poke|p2|Garchomp, L50, F|
|poke|p2|Basculegion, L50, M|
|poke|p2|Kingambit, L50, F|
|teampreview|4
|showteam|p1|Blaziken||Blazikenite|SpeedBoost|CloseCombat,ThunderPunch,SwordsDance,Protect|Adamant||M|||50|]Venusaur||Venusaurite|Overgrow|GigaDrain,SludgeBomb,EarthPower,Protect|Modest||M|||50|]Ninetales-Alola||FocusSash|SnowWarning|Moonblast,Blizzard,AuroraVeil,Protect|Timid||F|||50|]Kingambit||ChopleBerry|Defiant|KowtowCleave,SuckerPunch,IronHead,Protect|Adamant||M|||50|]Dragapult||LifeOrb|ClearBody|DragonDarts,PsychicFangs,PhantomForce,Protect|Jolly||M|||50|]Maushold||WideLens|FriendGuard|PopulationBomb,Feint,FollowMe,Protect|Jolly|||||50|
|showteam|p2|Floette-Eternal||Floettite|FlowerVeil|Moonblast,DazzlingGleam,LightofRuin,Protect|Modest||F|||50|]Charizard||CharizarditeY|Blaze|HeatWave,WeatherBall,SolarBeam,Protect|Modest||F|||50|]Whimsicott||FocusSash|Prankster|Moonblast,Tailwind,Encore,Protect|Timid||F|||50|]Garchomp||LifeOrb|RoughSkin|DragonClaw,Earthquake,Protect,RockSlide|Jolly||F|||50|]Basculegion||MysticWater|Adaptability|WaveCrash,LastRespects,AquaJet,Protect|Adamant||M|||50|]Kingambit||ChopleBerry|Defiant|KowtowCleave,IronHead,SuckerPunch,LowKick|Adamant||F|||50|
|inactive|Battle timer is ON: inactive players will automatically lose when time's up. (requested by BestDefense)
|
|t:|1783875737
|teamsize|p1|4
|teamsize|p2|4
|start
|switch|p1a: Blaziken|Blaziken, L50, M|100/100
|switch|p1b: Ninetales|Ninetales-Alola, L50, F|100/100
|switch|p2a: Floette|Floette-Eternal, L50, F|100/100
|switch|p2b: Kingambit|Kingambit, L50, F|100/100
|-weather|Snowscape|[from] ability: Snow Warning|[of] p1b: Ninetales
|turn|1
|inactive|BestDefense has 30 seconds left.
|
|t:|1783875772
|detailschange|p2a: Floette|Floette-Mega, L50, F
|-mega|p2a: Floette|Floette|Floettite
|-ability|p2a: Floette|Fairy Aura
|move|p1a: Blaziken|Protect|p1a: Blaziken
|-singleturn|p1a: Blaziken|Protect
|move|p2b: Kingambit|Sucker Punch||[still]
|-fail|p2b: Kingambit
|move|p1b: Ninetales|Aurora Veil|p1b: Ninetales
|-sidestart|p1: BestDefense|move: Aurora Veil
|move|p2a: Floette|Dazzling Gleam|p1a: Blaziken|[spread] p1b
|-activate|p1a: Blaziken|move: Protect
|-damage|p1b: Ninetales|63/100
|
|-weather|Snowscape|[upkeep]
|-ability|p1a: Blaziken|Speed Boost|boost
|-boost|p1a: Blaziken|spe|1
|upkeep
|turn|2
|inactive|eriksp has 30 seconds left.
|
|t:|1783875801
|detailschange|p1a: Blaziken|Blaziken-Mega, L50, M
|-mega|p1a: Blaziken|Blaziken|Blazikenite
|move|p2b: Kingambit|Sucker Punch|p1a: Blaziken
|-resisted|p1a: Blaziken|1
|-damage|p1a: Blaziken|81/100
|move|p1a: Blaziken|Thunder Punch|p2a: Floette
|-damage|p2a: Floette|55/100
|move|p1b: Ninetales|Blizzard|p2b: Kingambit|[spread] p2a,p2b
|-resisted|p2b: Kingambit|1
|-damage|p2a: Floette|30/100
|-damage|p2b: Kingambit|84/100
|move|p2a: Floette|Moonblast|p1a: Blaziken
|-damage|p1a: Blaziken|10/100
|-unboost|p1a: Blaziken|spa|1
|
|-weather|Snowscape|[upkeep]
|-ability|p1a: Blaziken|Speed Boost|boost
|-boost|p1a: Blaziken|spe|1
|upkeep
|turn|3
|
|t:|1783875823
|move|p1a: Blaziken|Protect|p1a: Blaziken
|-singleturn|p1a: Blaziken|Protect
|move|p2b: Kingambit|Sucker Punch||[still]
|-fail|p2b: Kingambit
|move|p1b: Ninetales|Blizzard|p2b: Kingambit|[spread] p2a,p2b
|-resisted|p2b: Kingambit|1
|-damage|p2a: Floette|5/100
|-damage|p2b: Kingambit|69/100
|move|p2a: Floette|Moonblast|p1b: Ninetales
|-damage|p1b: Ninetales|1/100
|-unboost|p1b: Ninetales|spa|1
|
|-weather|Snowscape|[upkeep]
|-ability|p1a: Blaziken|Speed Boost|boost
|-boost|p1a: Blaziken|spe|1
|upkeep
|turn|4
|
|t:|1783875846
|switch|p1a: Maushold|Maushold, L50|100/100
|move|p2a: Floette|Protect|p2a: Floette
|-singleturn|p2a: Floette|Protect
|move|p2b: Kingambit|Sucker Punch||[still]
|-fail|p2b: Kingambit
|move|p1b: Ninetales|Blizzard|p2a: Floette|[spread] p2b
|-activate|p2a: Floette|move: Protect
|-resisted|p2b: Kingambit|1
|-damage|p2b: Kingambit|59/100
|-status|p2b: Kingambit|frz
|
|-weather|Snowscape|[upkeep]
|upkeep
|turn|5
|
|t:|1783875857
|move|p1a: Maushold|Feint|p2a: Floette
|-damage|p2a: Floette|0 fnt
|faint|p2a: Floette
|move|p1b: Ninetales|Moonblast|p2b: Kingambit
|-damage|p2b: Kingambit|36/100 frz
|cant|p2b: Kingambit|frz
|
|-weather|none
|-sideend|p1: BestDefense|move: Aurora Veil
|upkeep
|
|t:|1783875871
|switch|p2a: Whimsicott|Whimsicott, L50, F|100/100
|turn|6
|
|t:|1783875880
|switch|p1b: Blaziken|Blaziken-Mega, L50, M|10/100
|move|p2a: Whimsicott|Encore|p1a: Maushold
|-start|p1a: Maushold|Encore
|move|p1a: Maushold|Feint|p2a: Whimsicott
|-damage|p2a: Whimsicott|83/100
|cant|p2b: Kingambit|frz
|
|upkeep
|turn|7
|
|t:|1783875894
|switch|p1a: Ninetales|Ninetales-Alola, L50, F|1/100
|-weather|Snowscape|[from] ability: Snow Warning|[of] p1a: Ninetales
|move|p2a: Whimsicott|Moonblast|p1b: Blaziken
|-damage|p1b: Blaziken|0 fnt
|faint|p1b: Blaziken
|-curestatus|p2b: Kingambit|frz|[msg]
|move|p2b: Kingambit|Kowtow Cleave|p1a: Ninetales
|-resisted|p1a: Ninetales|1
|-damage|p1a: Ninetales|0 fnt
|faint|p1a: Ninetales
|
|-weather|Snowscape|[upkeep]
|upkeep
|
|t:|1783875898
|switch|p1a: Dragapult|Dragapult, L50, M|100/100
|switch|p1b: Maushold|Maushold, L50|100/100
|turn|8
|
|t:|1783875913
|move|p1b: Maushold|Follow Me|p1b: Maushold
|-singleturn|p1b: Maushold|move: Follow Me
|move|p2a: Whimsicott|Tailwind|p2a: Whimsicott
|-sidestart|p2: eriksp|move: Tailwind
|move|p1a: Dragapult|Dragon Darts|p2b: Kingambit
|-resisted|p2b: Kingambit|1
|-damage|p2b: Kingambit|25/100
|-anim|p1a: Dragapult|Dragon Darts|p2b: Kingambit
|-resisted|p2b: Kingambit|1
|-damage|p2b: Kingambit|12/100
|-damage|p1a: Dragapult|90/100|[from] item: Life Orb
|move|p2b: Kingambit|Kowtow Cleave|p1b: Maushold
|-damage|p1b: Maushold|17/100
|
|-weather|Snowscape|[upkeep]
|upkeep
|turn|9
|inactive|BestDefense has 30 seconds left.
|
|t:|1783875938
|move|p1b: Maushold|Protect|p1b: Maushold
|-singleturn|p1b: Maushold|Protect
|move|p2b: Kingambit|Sucker Punch|p1a: Dragapult
|-supereffective|p1a: Dragapult|1
|-damage|p1a: Dragapult|1/100
|move|p2a: Whimsicott|Moonblast|p1b: Maushold
|-activate|p1b: Maushold|move: Protect
|move|p1a: Dragapult|Phantom Force||[still]
|-prepare|p1a: Dragapult|Phantom Force
|
|-weather|Snowscape|[upkeep]
|upkeep
|turn|10
|
|t:|1783875952
|switch|p2a: Garchomp|Garchomp, L50, F|100/100
|move|p1a: Dragapult|Phantom Force|p2a: Garchomp|[from] lockedmove
|-damage|p2a: Garchomp|41/100
|-damage|p1a: Dragapult|0 fnt|[from] ability: Rough Skin|[of] p2a: Garchomp
|faint|p1a: Dragapult
|move|p1b: Maushold|Population Bomb|p2b: Kingambit
|-resisted|p2b: Kingambit|1
|-damage|p2b: Kingambit|9/100
|-resisted|p2b: Kingambit|1
|-damage|p2b: Kingambit|6/100
|-resisted|p2b: Kingambit|1
|-damage|p2b: Kingambit|4/100
|-resisted|p2b: Kingambit|1
|-damage|p2b: Kingambit|1/100
|-resisted|p2b: Kingambit|1
|-crit|p2b: Kingambit
|-damage|p2b: Kingambit|0 fnt
|faint|p2b: Kingambit
|-hitcount|p2: Kingambit|5
|
|-weather|Snowscape|[upkeep]
|upkeep
|
|t:|1783875960
|switch|p2b: Whimsicott|Whimsicott, L50, F|83/100
|turn|11
|
|t:|1783875964
|move|p2b: Whimsicott|Moonblast|p1b: Maushold
|-damage|p1b: Maushold|0 fnt
|faint|p1b: Maushold
|
|win|eriksp
