|j|☆Jakobtc
|j|☆svendeer
|html|Jakobtcsvendeer    
|uhtml|bestof|Game 2 of a best-of-3
|t:|1756571562
|gametype|doubles
|player|p1|Jakobtc|riley|1070
|player|p2|svendeer|1|1050
|gen|9
|tier|[Gen 9] VGC 2025 Reg H (Bo3)
|rated|
|rule|Species Clause: Limit one of each Pokémon
|rule|Item Clause: Limit 1 of each item
|clearpoke
|poke|p1|Glimmora, L50, M|
|poke|p1|Whimsicott, L50, M|
|poke|p1|Incineroar, L50, F|
|poke|p1|Ursaluna-Bloodmoon, L50, M|
|poke|p1|Espathra, L50, M|
|poke|p1|Dragapult, L50, F|
|poke|p2|Archaludon, L50, M|
|poke|p2|Dragonite, L50, F|
|poke|p2|Pelipper, L50, M|
|poke|p2|Ursaluna, L50, F|
|poke|p2|Sinistcha, L50|
|poke|p2|Gholdengo, L50|
|teampreview|4
|showteam|p1|Glimmora||PowerHerb|ToxicDebris|MeteorBeam,SludgeBomb,EarthPower,SpikyShield|||M|||50|,,,,,Grass]Whimsicott||CovertCloak|Prankster|Moonblast,Tailwind,MistyTerrain,Encore|||M|||50|,,,,,Water]Incineroar||SafetyGoggles|Intimidate|FakeOut,FlareBlitz,KnockOff,PartingShot|||F|||50|,,,,,Ghost]Ursaluna-Bloodmoon||AssaultVest|MindsEye|BloodMoon,HyperVoice,EarthPower,VacuumWave|||M|||50|,,,,,Water]Espathra||FocusSash|SpeedBoost|LuminaCrash,TeraBlast,Hypnosis,Protect|||M|||50|,,,,,Fighting]Dragapult||ChoiceBand|ClearBody|DragonDarts,Outrage,PhantomForce,Uturn|||F|||50|,,,,,Dragon
|showteam|p2|Archaludon||AssaultVest|Stamina|FlashCannon,BodyPress,ElectroShot,DracoMeteor|||M|||50|,,,,,Fighting]Dragonite||LoadedDice|Multiscale|ScaleShot,Tailwind,Haze,Protect|||F|||50|,,,,,Fairy]Pelipper||FocusSash|Drizzle|MuddyWater,Hurricane,Tailwind,Protect|||M|||50|,,,,,Ghost]Ursaluna||FlameOrb|Guts|Facade,HeadlongRush,Earthquake,Protect|||F|||50|,,,,,Ghost]Sinistcha||SitrusBerry|Hospitality|MatchaGotcha,LifeDew,RagePowder,TrickRoom||||||50|,,,,,Dark]Gholdengo||Leftovers|GoodasGold|Protect,NastyPlot,MakeItRain,ShadowBall||||||50|,,,,,Fairy
|inactive|Battle timer is ON: inactive players will automatically lose when time's up. (requested by Jakobtc)
|
|t:|1756571600
|teamsize|p1|4
|teamsize|p2|4
|start
|switch|p1a: Glimmora|Glimmora, L50, M|100/100
|switch|p1b: Espathra|Espathra, L50, M|100/100
|switch|p2a: Gholdengo|Gholdengo, L50|100/100
|switch|p2b: Dragonite|Dragonite, L50, F|100/100
|turn|1
|
|t:|1756571614
|move|p1b: Espathra|Lumina Crash|p2a: Gholdengo
|-resisted|p2a: Gholdengo
|-crit|p2a: Gholdengo
|-damage|p2a: Gholdengo|76/100
|-unboost|p2a: Gholdengo|spd|2
|move|p1a: Glimmora|Earth Power|p2a: Gholdengo
|-supereffective|p2a: Gholdengo
|-damage|p2a: Gholdengo|0 fnt
|faint|p2a: Gholdengo
|move|p2b: Dragonite|Tailwind|p2b: Dragonite
|-sidestart|p2: svendeer|move: Tailwind
|
|-ability|p1b: Espathra|Speed Boost|boost
|-boost|p1b: Espathra|spe|1
|upkeep
|
|t:|1756571626
|switch|p2a: Ursaluna|Ursaluna, L50, F|100/100
|turn|2
|
|t:|1756571637
|switch|p1a: Incineroar|Incineroar, L50, F|100/100
|-ability|p1a: Incineroar|Intimidate|boost
|-unboost|p2a: Ursaluna|atk|1
|-unboost|p2b: Dragonite|atk|1
|move|p1b: Espathra|Protect|p1b: Espathra
|-singleturn|p1b: Espathra|Protect
|move|p2b: Dragonite|Scale Shot|p1a: Incineroar
|-damage|p1a: Incineroar|91/100
|-damage|p1a: Incineroar|81/100
|-damage|p1a: Incineroar|70/100
|-damage|p1a: Incineroar|61/100
|-hitcount|p1a: Incineroar|4
|-unboost|p2b: Dragonite|def|1
|-boost|p2b: Dragonite|spe|1
|move|p2a: Ursaluna|Earthquake|p1a: Incineroar|[spread] p1a
|-activate|p1b: Espathra|move: Protect
|-immune|p2b: Dragonite
|-supereffective|p1a: Incineroar
|-damage|p1a: Incineroar|7/100
|
|-ability|p1b: Espathra|Speed Boost|boost
|-boost|p1b: Espathra|spe|1
|-status|p2a: Ursaluna|brn|[from] item: Flame Orb
|upkeep
|turn|3
|inactive|Jakobtc has 30 seconds left.
|inactive|svendeer has 30 seconds left.
|
|t:|1756571665
|move|p1a: Incineroar|Fake Out|p2b: Dragonite
|-damage|p2b: Dragonite|90/100
|cant|p2b: Dragonite|flinch
|move|p1b: Espathra|Lumina Crash|p2a: Ursaluna
|-damage|p2a: Ursaluna|69/100 brn
|-unboost|p2a: Ursaluna|spd|2
|move|p2a: Ursaluna|Earthquake|p1a: Incineroar|[spread] p1a,p1b
|-immune|p2b: Dragonite
|-supereffective|p1a: Incineroar
|-crit|p1b: Espathra
|-damage|p1a: Incineroar|0 fnt
|-enditem|p1b: Espathra|Focus Sash
|-damage|p1b: Espathra|1/100
|faint|p1a: Incineroar
|
|-damage|p2a: Ursaluna|63/100 brn|[from] brn
|-ability|p1b: Espathra|Speed Boost|boost
|-boost|p1b: Espathra|spe|1
|upkeep
|inactive|Jakobtc has 30 seconds left.
|inactive|Jakobtc has 20 seconds left.
|
|t:|1756571701
|switch|p1a: Glimmora|Glimmora, L50, M|100/100
|turn|4
|
|t:|1756571717
|switch|p2a: Sinistcha|Sinistcha, L50|100/100
|-heal|p2b: Dragonite|100/100|[from] ability: Hospitality|[of] p2a: Sinistcha
|-terastallize|p1a: Glimmora|Grass
|move|p1b: Espathra|Lumina Crash|p2a: Sinistcha
|-damage|p2a: Sinistcha|63/100
|-unboost|p2a: Sinistcha|spd|2
|move|p2b: Dragonite|Scale Shot|p1a: Glimmora
|-damage|p1a: Glimmora|87/100
|-activate|p1a: Glimmora|ability: Toxic Debris
|-sidestart|p2: svendeer|move: Toxic Spikes
|-damage|p1a: Glimmora|76/100
|-activate|p1a: Glimmora|ability: Toxic Debris
|-sidestart|p2: svendeer|move: Toxic Spikes
|-damage|p1a: Glimmora|63/100
|-damage|p1a: Glimmora|52/100
|-damage|p1a: Glimmora|41/100
|-hitcount|p1a: Glimmora|5
|-unboost|p2b: Dragonite|def|1
|-boost|p2b: Dragonite|spe|1
|move|p1a: Glimmora|Meteor Beam||[still]
|-prepare|p1a: Glimmora|Meteor Beam
|-boost|p1a: Glimmora|spa|1
|-enditem|p1a: Glimmora|Power Herb
|-anim|p1a: Glimmora|Meteor Beam|p2b: Dragonite|[miss]
|-miss|p1a: Glimmora|p2b: Dragonite
|
|-sideend|p2: svendeer|move: Tailwind
|-ability|p1b: Espathra|Speed Boost|boost
|-boost|p1b: Espathra|spe|1
|upkeep
|turn|5
|inactive|Jakobtc has 30 seconds left.
|inactive|svendeer has 30 seconds left.
|inactive|svendeer has 20 seconds left.
|
|t:|1756571754
|-terastallize|p2a: Sinistcha|Dark
|move|p1a: Glimmora|Spiky Shield|p1a: Glimmora
|-singleturn|p1a: Glimmora|move: Protect
|move|p2a: Sinistcha|Rage Powder|p2a: Sinistcha
|-singleturn|p2a: Sinistcha|move: Rage Powder
|move|p1b: Espathra|Hypnosis|p2a: Sinistcha|[miss]
|-miss|p1b: Espathra|p2a: Sinistcha
|move|p2b: Dragonite|Scale Shot|p1a: Glimmora
|-activate|p1a: Glimmora|move: Protect
|
|-ability|p1b: Espathra|Speed Boost|boost
|-boost|p1b: Espathra|spe|1
|upkeep
|turn|6
|inactive|Jakobtc has 30 seconds left.
|
|t:|1756571781
|move|p1b: Espathra|Lumina Crash|p2b: Dragonite
|-damage|p2b: Dragonite|81/100
|-unboost|p2b: Dragonite|spd|2
|move|p2b: Dragonite|Scale Shot|p1a: Glimmora
|-damage|p1a: Glimmora|28/100
|-damage|p1a: Glimmora|16/100
|-damage|p1a: Glimmora|3/100
|-damage|p1a: Glimmora|0 fnt
|faint|p1a: Glimmora
|-hitcount|p1: Glimmora|4
|-unboost|p2b: Dragonite|def|1
|-boost|p2b: Dragonite|spe|1
|move|p2a: Sinistcha|Trick Room|p2a: Sinistcha
|-fieldstart|move: Trick Room|[of] p2a: Sinistcha
|
|-ability|p1b: Espathra|Speed Boost|boost
|-boost|p1b: Espathra|spe|1
|upkeep
|
|t:|1756571796
|switch|p1a: Ursaluna|Ursaluna-Bloodmoon, L50, M|100/100
|turn|7
|inactive|Jakobtc has 30 seconds left.
|
|t:|1756571821
|move|p2b: Dragonite|Protect|p2b: Dragonite
|-singleturn|p2b: Dragonite|Protect
|move|p2a: Sinistcha|Matcha Gotcha|p1b: Espathra|[spread] p1a,p1b
|-supereffective|p1a: Ursaluna
|-damage|p1a: Ursaluna|56/100
|-heal|p2a: Sinistcha|87/100|[from] drain|[of] p1a: Ursaluna
|-damage|p1b: Espathra|0 fnt
|-heal|p2a: Sinistcha|88/100|[from] drain|[of] p1b: Espathra
|-status|p1a: Ursaluna|brn
|faint|p1b: Espathra
|move|p1a: Ursaluna|Hyper Voice|p2b: Dragonite|[spread] p2a
|-activate|p2b: Dragonite|move: Protect
|-crit|p2a: Sinistcha
|-damage|p2a: Sinistcha|0 fnt
|faint|p2a: Sinistcha
|
|-damage|p1a: Ursaluna|50/100 brn|[from] brn
|upkeep
|
|t:|1756571835
|switch|p2a: Ursaluna|Ursaluna, L50, F|63/100 brn
|turn|8
|
|t:|1756571841
|move|p2a: Ursaluna|Facade|p1a: Ursaluna
|-damage|p1a: Ursaluna|0 fnt
|faint|p1a: Ursaluna
|
|win|svendeer
|raw|Jakobtc's rating: 1070 → 1048(-22 for losing)
|raw|svendeer's rating: 1050 → 1084(+34 for winning)
|c|☆Jakobtc|gg
