|j|☆Notaplaceofhonor
|j|☆Plastic Ocean
|html|NotaplaceofhonorPlastic Ocean    
|uhtml|bestof|Game 1 of a best-of-3
|t:|1756479010
|gametype|doubles
|player|p1|Notaplaceofhonor|juan-gen3|1146
|player|p2|Plastic Ocean|sisandbro|1078
|gen|9
|tier|[Gen 9] VGC 2025 Reg H (Bo3)
|rated|
|rule|Species Clause: Limit one of each Pokémon
|rule|Item Clause: Limit 1 of each item
|clearpoke
|poke|p1|Ursaluna, L50, F|
|poke|p1|Incineroar, L50, F|
|poke|p1|Archaludon, L50, F|
|poke|p1|Pelipper, L50, M|
|poke|p1|Dragonite, L50, M|
|poke|p1|Sinistcha, L50|
|poke|p2|Sneasler, L50, M|
|poke|p2|Dragonite, L50, F|
|poke|p2|Basculegion, L50, M|
|poke|p2|Volcarona, L50, M|
|poke|p2|Rillaboom, L50, M|
|poke|p2|Electabuzz, L50, F|
|teampreview|4
|showteam|p1|Ursaluna||FlameOrb|Guts|Protect,Facade,Earthquake,HeadlongRush|||F|||50|,,,,,Ghost]Incineroar||SafetyGoggles|Intimidate|Taunt,FakeOut,KnockOff,PartingShot|||F|||50|,,,,,Ghost]Archaludon||AssaultVest|Stamina|ElectroShot,Snarl,DracoMeteor,BodyPress|||F|||50|,,,,,Grass]Pelipper||FocusSash|Drizzle|Hurricane,WeatherBall,Tailwind,Protect|||M|||50|,,,,,Ghost]Dragonite||LoadedDice|Multiscale|Protect,ScaleShot,Tailwind,Haze|||M|||50|,,,,,Steel]Sinistcha||SitrusBerry|Hospitality|MatchaGotcha,LifeDew,RagePowder,TrickRoom||||||50|,,,,,Water
|showteam|p2|Sneasler||FocusSash|PoisonTouch|DireClaw,CloseCombat,Coaching,FakeOut|||M|||50|,,,,,Ghost]Dragonite||LoadedDice|Multiscale|ScaleShot,Tailwind,Protect,Haze|||F|||50|,,,,,Fairy]Basculegion||ChoiceScarf|Adaptability|WaveCrash,LastRespects,FlipTurn,TeraBlast|||M|||50|,,,,,Fighting]Volcarona||Leftovers|FlameBody|HeatWave,TeraBlast,QuiverDance,Protect|||M|||50|,,,,,Fairy]Rillaboom||AssaultVest|GrassySurge|WoodHammer,GrassyGlide,HighHorsepower,FakeOut|||M|||50|,,,,,Fire]Electabuzz||Eviolite|VitalSpirit|Thunderbolt,Taunt,FollowMe,Protect|||F|||50|,,,,,Ghost
|
|t:|1756479076
|teamsize|p1|4
|teamsize|p2|4
|start
|switch|p1a: Incineroar|Incineroar, L50, F|100/100
|switch|p1b: Archaludon|Archaludon, L50, F|100/100
|switch|p2a: Basculegion|Basculegion, L50, M|100/100
|switch|p2b: Sneasler|Sneasler, L50, M|100/100
|-ability|p1a: Incineroar|Intimidate|boost
|-unboost|p2a: Basculegion|atk|1
|-unboost|p2b: Sneasler|atk|1
|turn|1
|
|t:|1756479109
|move|p2b: Sneasler|Fake Out|p1b: Archaludon
|-resisted|p1b: Archaludon
|-damage|p1b: Archaludon|97/100
|-ability|p1b: Archaludon|Stamina|boost
|-boost|p1b: Archaludon|def|1
|move|p2a: Basculegion|Flip Turn|p1a: Incineroar
|-supereffective|p1a: Incineroar
|-damage|p1a: Incineroar|57/100
|
|t:|1756479118
|switch|p2a: Dragonite|Dragonite, L50, F|100/100|[from] Flip Turn
|cant|p1b: Archaludon|flinch
|move|p1a: Incineroar|Parting Shot|p2b: Sneasler
|-unboost|p2b: Sneasler|atk|1
|-unboost|p2b: Sneasler|spa|1
|
|t:|1756479125
|switch|p1a: Pelipper|Pelipper, L50, M|100/100|[from] Parting Shot
|-weather|RainDance|[from] ability: Drizzle|[of] p1a: Pelipper
|
|-weather|RainDance|[upkeep]
|upkeep
|turn|2
|
|t:|1756479147
|move|p2b: Sneasler|Coaching|p2a: Dragonite
|-boost|p2a: Dragonite|atk|1
|-boost|p2a: Dragonite|def|1
|move|p2a: Dragonite|Tailwind|p2a: Dragonite
|-sidestart|p2: Plastic Ocean|move: Tailwind
|move|p1a: Pelipper|Hurricane|p2b: Sneasler
|-supereffective|p2b: Sneasler
|-enditem|p2b: Sneasler|Focus Sash
|-damage|p2b: Sneasler|1/100
|move|p1b: Archaludon|Electro Shot||[still]
|-prepare|p1b: Archaludon|Electro Shot
|-boost|p1b: Archaludon|spa|1
|-anim|p1b: Archaludon|Electro Shot|p2a: Dragonite
|-damage|p2a: Dragonite|66/100
|
|-weather|RainDance|[upkeep]
|upkeep
|turn|3
|
|t:|1756479177
|switch|p1a: Incineroar|Incineroar, L50, F|57/100
|-ability|p1a: Incineroar|Intimidate|boost
|-unboost|p2a: Dragonite|atk|1
|-unboost|p2b: Sneasler|atk|1
|move|p2b: Sneasler|Close Combat|p1b: Archaludon
|-supereffective|p1b: Archaludon
|-damage|p1b: Archaludon|72/100
|-unboost|p2b: Sneasler|def|1
|-unboost|p2b: Sneasler|spd|1
|-ability|p1b: Archaludon|Stamina|boost
|-boost|p1b: Archaludon|def|1
|move|p2a: Dragonite|Scale Shot|p1a: Incineroar
|-damage|p1a: Incineroar|45/100
|-damage|p1a: Incineroar|34/100
|-damage|p1a: Incineroar|23/100
|-damage|p1a: Incineroar|12/100
|-damage|p1a: Incineroar|2/100
|-hitcount|p1a: Incineroar|5
|-unboost|p2a: Dragonite|def|1
|-boost|p2a: Dragonite|spe|1
|move|p1b: Archaludon|Electro Shot||[still]
|-prepare|p1b: Archaludon|Electro Shot
|-boost|p1b: Archaludon|spa|1
|-anim|p1b: Archaludon|Electro Shot|p2a: Dragonite
|-damage|p2a: Dragonite|0 fnt
|faint|p2a: Dragonite
|
|-weather|RainDance|[upkeep]
|upkeep
|
|t:|1756479202
|switch|p2a: Basculegion|Basculegion, L50, M|100/100
|turn|4
|
|t:|1756479226
|switch|p2b: Rillaboom|Rillaboom, L50, M|100/100
|-fieldstart|move: Grassy Terrain|[from] ability: Grassy Surge|[of] p2b: Rillaboom
|-terastallize|p2a: Basculegion|Fighting
|-terastallize|p1b: Archaludon|Grass
|move|p1a: Incineroar|Fake Out|p2b: Rillaboom
|-damage|p2b: Rillaboom|91/100
|move|p2a: Basculegion|Tera Blast|p1b: Archaludon|[anim] Tera Blast Fighting
|-damage|p1b: Archaludon|54/100
|-ability|p1b: Archaludon|Stamina|boost
|-boost|p1b: Archaludon|def|1
|move|p1b: Archaludon|Electro Shot||[still]
|-prepare|p1b: Archaludon|Electro Shot
|-boost|p1b: Archaludon|spa|1
|-anim|p1b: Archaludon|Electro Shot|p2a: Basculegion
|-damage|p2a: Basculegion|0 fnt
|faint|p2a: Basculegion
|
|-weather|RainDance|[upkeep]
|-heal|p2b: Rillaboom|97/100|[from] Grassy Terrain
|-heal|p1b: Archaludon|60/100|[from] Grassy Terrain
|-heal|p1a: Incineroar|8/100|[from] Grassy Terrain
|upkeep
|
|t:|1756479246
|switch|p2a: Sneasler|Sneasler, L50, M|1/100
|turn|5
|
|t:|1756479258
|move|p2b: Rillaboom|Fake Out|p1a: Incineroar
|-damage|p1a: Incineroar|0 fnt
|faint|p1a: Incineroar
|move|p2a: Sneasler|Dire Claw|p1b: Archaludon
|-supereffective|p1b: Archaludon
|-damage|p1b: Archaludon|35/100
|-ability|p1b: Archaludon|Stamina|boost
|-boost|p1b: Archaludon|def|1
|move|p1b: Archaludon|Electro Shot||[still]
|-prepare|p1b: Archaludon|Electro Shot
|-boost|p1b: Archaludon|spa|1
|-anim|p1b: Archaludon|Electro Shot|p2a: Sneasler
|-damage|p2a: Sneasler|0 fnt
|faint|p2a: Sneasler
|
|-weather|none
|-heal|p2b: Rillaboom|100/100|[from] Grassy Terrain
|-heal|p1b: Archaludon|41/100|[from] Grassy Terrain
|-sideend|p2: Plastic Ocean|move: Tailwind
|upkeep
|
|t:|1756479271
|switch|p1a: Ursaluna|Ursaluna, L50, F|100/100
|turn|6
|-message|Plastic Ocean forfeited.
|
|win|Notaplaceofhonor
