|j|☆Eviolite Basculin
|j|☆CoolMeDownB
|html|Eviolite BasculinCoolMeDownB    
|uhtml|bestof|Game 1 of a best-of-3
|t:|1782626184
|gametype|doubles
|player|p1|Eviolite Basculin|janitor|1271
|player|p2|CoolMeDownB|crasherwake|1244
|gen|9
|tier|[Gen 9 Champions] VGC 2026 Reg M-B (Bo3)
|rated|
|rule|Species Clause: Limit one of each Pokémon
|rule|Item Clause: Limit 1 of each item
|clearpoke
|poke|p1|Incineroar, L50, M|
|poke|p1|Sinistcha-Masterpiece, L50|
|poke|p1|Gholdengo, L50|
|poke|p1|Swampert, L50, F|
|poke|p1|Pelipper, L50, F|
|poke|p1|Staraptor, L50, F|
|poke|p2|Incineroar, L50, F, shiny|
|poke|p2|Gholdengo, L50|
|poke|p2|Sneasler, L50, M|
|poke|p2|Sylveon, L50, M, shiny|
|poke|p2|Froslass, L50, F|
|poke|p2|Aerodactyl, L50, F|
|teampreview|4
|showteam|p1|Incineroar||ShucaBerry|Intimidate|ThroatChop,WillOWisp,PartingShot,FakeOut|Impish||M|||50|]Sinistcha-Masterpiece||SitrusBerry|Hospitality|MatchaGotcha,RagePowder,TrickRoom,Protect|Relaxed|||||50|]Gholdengo||SpellTag|GoodasGold|MakeItRain,ShadowBall,NastyPlot,Protect|Modest|||||50|]Swampert||Swampertite|Torrent|WaveCrash,Earthquake,IcePunch,Protect|Adamant||F|||50|]Pelipper||FocusSash|Drizzle|Hurricane,WeatherBall,Tailwind,WideGuard|Modest||F|||50|]Staraptor||Staraptite|Intimidate|CloseCombat,BraveBird,Tailwind,Protect|Adamant||F|||50|
|showteam|p2|Incineroar||SitrusBerry|Intimidate|FlareBlitz,FakeOut,PartingShot,ThroatChop|Careful||F|||50|]Gholdengo||ShucaBerry|GoodasGold|ShadowBall,MakeItRain,NastyPlot,Protect|Timid|||||50|]Sneasler||WhiteHerb|Unburden|CloseCombat,DireClaw,Protect,FakeOut|Jolly||M|||50|]Sylveon||FairyFeather|Pixilate|HyperVoice,HyperBeam,QuickAttack,Detect|Modest||M|||50|]Froslass||Froslassite|SnowCloak|Blizzard,ShadowBall,AuroraVeil,Protect|Timid||F|||50|]Aerodactyl||Aerodactylite|RockHead|RockSlide,DualWingbeat,WideGuard,Tailwind|Jolly||F|||50|
|c|☆CoolMeDownB|gl
|c|☆Eviolite Basculin|glhf
|
|t:|1782626257
|teamsize|p1|4
|teamsize|p2|4
|start
|switch|p1a: Gholdengo|Gholdengo, L50|100/100
|switch|p1b: Incineroar|Incineroar, L50, M|100/100
|switch|p2a: Froslass|Froslass, L50, F|100/100
|switch|p2b: Sylveon|Sylveon, L50, M, shiny|100/100
|-ability|p1b: Incineroar|Intimidate|boost
|-unboost|p2a: Froslass|atk|1
|-unboost|p2b: Sylveon|atk|1
|turn|1
|
|t:|1782626276
|detailschange|p2a: Froslass|Froslass-Mega, L50, F
|-mega|p2a: Froslass|Froslass|Froslassite
|-weather|Snowscape|[from] ability: Snow Warning|[of] p2a: Froslass
|move|p2a: Froslass|Shadow Ball|p1a: Gholdengo
|-supereffective|p1a: Gholdengo|1
|-damage|p1a: Gholdengo|5/100
|move|p1a: Gholdengo|Make It Rain|p2b: Sylveon|[spread] p2a,p2b
|-supereffective|p2a: Froslass|1
|-crit|p2a: Froslass
|-supereffective|p2b: Sylveon|1
|-damage|p2a: Froslass|0 fnt
|-damage|p2b: Sylveon|31/100
|-unboost|p1a: Gholdengo|spa|2
|faint|p2a: Froslass
|move|p2b: Sylveon|Hyper Voice|p1b: Incineroar|[spread] p1a,p1b
|-resisted|p1a: Gholdengo|1
|-damage|p1a: Gholdengo|0 fnt
|-damage|p1b: Incineroar|59/100
|faint|p1a: Gholdengo
|move|p1b: Incineroar|Parting Shot|p2b: Sylveon
|-unboost|p2b: Sylveon|atk|1
|-unboost|p2b: Sylveon|spa|1
|
|t:|1782626286
|switch|p1b: Staraptor|Staraptor, L50, F|100/100|[from] Parting Shot
|-ability|p1b: Staraptor|Intimidate|boost
|-unboost|p2b: Sylveon|atk|1
|
|-weather|Snowscape|[upkeep]
|upkeep
|
|t:|1782626293
|switch|p2a: Incineroar|Incineroar, L50, F, shiny|100/100
|switch|p1a: Incineroar|Incineroar, L50, M|59/100
|-ability|p2a: Incineroar|Intimidate|boost
|-unboost|p1a: Incineroar|atk|1
|-unboost|p1b: Staraptor|atk|1
|-ability|p1a: Incineroar|Intimidate|boost
|-unboost|p2a: Incineroar|atk|1
|-unboost|p2b: Sylveon|atk|1
|turn|2
|
|t:|1782626314
|detailschange|p1b: Staraptor|Staraptor-Mega, L50, F
|-mega|p1b: Staraptor|Staraptor|Staraptite
|move|p2a: Incineroar|Fake Out|p1b: Staraptor
|-damage|p1b: Staraptor|92/100
|move|p1a: Incineroar|Fake Out|p2b: Sylveon
|-damage|p2b: Sylveon|22/100
|cant|p1b: Staraptor|flinch
|cant|p2b: Sylveon|flinch
|
|-weather|Snowscape|[upkeep]
|upkeep
|turn|3
|
|t:|1782626346
|move|p1b: Staraptor|Brave Bird|p2b: Sylveon
|-damage|p2b: Sylveon|0 fnt
|faint|p2b: Sylveon
|-damage|p1b: Staraptor|84/100|[from] Recoil
|move|p2a: Incineroar|Flare Blitz|p1b: Staraptor
|-damage|p1b: Staraptor|55/100
|-damage|p2a: Incineroar|91/100|[from] Recoil
|move|p1a: Incineroar|Throat Chop|p2a: Incineroar
|-resisted|p2a: Incineroar|1
|-damage|p2a: Incineroar|81/100
|-start|p2a: Incineroar|Throat Chop|[silent]
|
|-weather|Snowscape|[upkeep]
|upkeep
|
|t:|1782626355
|switch|p2b: Sneasler|Sneasler, L50, M|100/100
|turn|4
|
|t:|1782626367
|switch|p1a: Sinistcha|Sinistcha-Masterpiece, L50|100/100
|-heal|p1b: Staraptor|80/100|[from] ability: Hospitality|[of] p1a: Sinistcha
|move|p1b: Staraptor|Protect|p1b: Staraptor
|-singleturn|p1b: Staraptor|Protect
|move|p2b: Sneasler|Dire Claw|p1a: Sinistcha
|-damage|p1a: Sinistcha|69/100
|move|p2a: Incineroar|Flare Blitz|p1a: Sinistcha
|-supereffective|p1a: Sinistcha|1
|-damage|p1a: Sinistcha|25/100
|-enditem|p1a: Sinistcha|Sitrus Berry|[eat]
|-heal|p1a: Sinistcha|50/100g|[from] item: Sitrus Berry
|-damage|p2a: Incineroar|68/100|[from] Recoil
|
|-weather|Snowscape|[upkeep]
|-end|p2a: Incineroar|Throat Chop|[silent]
|upkeep
|turn|5
|
|t:|1782626384
|move|p1a: Sinistcha|Rage Powder|p1a: Sinistcha
|-singleturn|p1a: Sinistcha|move: Rage Powder
|move|p2b: Sneasler|Dire Claw|p1a: Sinistcha
|-damage|p1a: Sinistcha|21/100
|-status|p1a: Sinistcha|par
|move|p1b: Staraptor|Close Combat|p2a: Incineroar
|-supereffective|p2a: Incineroar|1
|-damage|p2a: Incineroar|0 fnt
|-boost|p1b: Staraptor|def|1
|-boost|p1b: Staraptor|spd|1
|faint|p2a: Incineroar
|
|-weather|none
|upkeep
|turn|6
|-message|CoolMeDownB forfeited.
|
|win|Eviolite Basculin
||Eviolite Basculin is ready for game 2.
||CoolMeDownB is ready for game 2.
|uhtml|next|Next: Game 2 of 3
|l|☆CoolMeDownB
|player|p2|
