|j|☆eklyst
|j|☆I LOVE KOMMO-O
|html|eklystI LOVE KOMMO-O    
|uhtml|bestof|Game 3 of a best-of-3
|t:|1756867065
|gametype|doubles
|player|p1|eklyst|pokemaniac|1103
|player|p2|I LOVE KOMMO-O|n|1144
|gen|9
|tier|[Gen 9] VGC 2025 Reg H (Bo3)
|rated|
|rule|Species Clause: Limit one of each Pokémon
|rule|Item Clause: Limit 1 of each item
|clearpoke
|poke|p1|Ursaluna-Bloodmoon, L50, M|
|poke|p1|Incineroar, L50, M|
|poke|p1|Rillaboom, L50, F|
|poke|p1|Farigiraf, L50, M|
|poke|p1|Sneasler, L50, M|
|poke|p1|Volcarona, L50, M|
|poke|p2|Drifblim, L50, F|
|poke|p2|Indeedee, L50, M|
|poke|p2|Kommo-o, L50, F|
|poke|p2|Hydreigon, L50, M|
|poke|p2|Ursaluna-Bloodmoon, L50, M|
|poke|p2|Arcanine-Hisui, L50, M|
|teampreview|4
|showteam|p1|Ursaluna-Bloodmoon||LifeOrb|MindsEye|HyperVoice,BloodMoon,EarthPower,Protect|||M|||50|,,,,,Normal]Incineroar||SitrusBerry|Intimidate|FakeOut,FlareBlitz,KnockOff,PartingShot|||M|||50|,,,,,Bug]Rillaboom||AssaultVest|GrassySurge|Uturn,WoodHammer,GrassyGlide,FakeOut|||F|||50|,,,,,Fire]Farigiraf||ThroatSpray|ArmorTail|HyperVoice,Protect,Psychic,TrickRoom|||M|||50|,,,,,Fairy]Sneasler||FocusSash|Unburden|CloseCombat,Protect,FakeOut,ThroatChop|||M|||50|,,,,,Dark]Volcarona||CovertCloak|FlameBody|HeatWave,Protect,StruggleBug,RagePowder|||M|||50|,,,,,Water
|showteam|p2|Drifblim||PsychicSeed|Unburden|Acrobatics,Tailwind,WillOWisp,StrengthSap|||F|||50|,,,,,Grass]Indeedee||FocusSash|PsychicSurge|ExpandingForce,TeraBlast,TrickRoom,Imprison|||M|||50|,,,,,Fairy]Kommo-o||Leftovers|Soundproof|BodyPress,Flamethrower,IronDefense,Protect|||F|||50|,,,,,Fire]Hydreigon||AssaultVest|Levitate|DarkPulse,Snarl,EarthPower,DracoMeteor|||M|||50|,,,,,Ghost]Ursaluna-Bloodmoon||LifeOrb|MindsEye|HyperVoice,BloodMoon,EarthPower,Protect|||M|||50|,,,,,Normal]Arcanine-Hisui||SafetyGoggles|Intimidate|RockSlide,FlareBlitz,WillOWisp,Protect|||M|||50|,,,,,Water
|
|t:|1756867119
|teamsize|p1|4
|teamsize|p2|4
|start
|switch|p1a: Ursaluna|Ursaluna-Bloodmoon, L50, M|100/100
|switch|p1b: Farigiraf|Farigiraf, L50, M|100/100
|switch|p2a: Indeedee|Indeedee, L50, M|100/100
|switch|p2b: Hydreigon|Hydreigon, L50, M|100/100
|-fieldstart|move: Psychic Terrain|[from] ability: Psychic Surge|[of] p2a: Indeedee
|turn|1
|
|t:|1756867138
|switch|p1b: Rillaboom|Rillaboom, L50, F|100/100
|-fieldstart|move: Grassy Terrain|[from] ability: Grassy Surge|[of] p1b: Rillaboom
|-terastallize|p1a: Ursaluna|Normal
|move|p2a: Indeedee|Imprison|p2a: Indeedee
|-start|p2a: Indeedee|move: Imprison
|move|p2b: Hydreigon|Snarl|p1b: Rillaboom|[spread] p1a,p1b
|-damage|p1a: Ursaluna|77/100
|-damage|p1b: Rillaboom|87/100
|-unboost|p1a: Ursaluna|spa|1
|-unboost|p1b: Rillaboom|spa|1
|move|p1a: Ursaluna|Hyper Voice|p2b: Hydreigon|[spread] p2a,p2b
|-crit|p2b: Hydreigon
|-damage|p2a: Indeedee|36/100
|-damage|p2b: Hydreigon|34/100
|-damage|p1a: Ursaluna|67/100|[from] item: Life Orb
|
|-heal|p2a: Indeedee|42/100|[from] Grassy Terrain
|-heal|p1b: Rillaboom|93/100|[from] Grassy Terrain
|-heal|p1a: Ursaluna|73/100|[from] Grassy Terrain
|upkeep
|turn|2
|
|t:|1756867171
|switch|p2a: Kommo-o|Kommo-o, L50, F|100/100
|-terastallize|p2b: Hydreigon|Ghost
|move|p2b: Hydreigon|Draco Meteor|p1a: Ursaluna
|-damage|p1a: Ursaluna|0 fnt
|-unboost|p2b: Hydreigon|spa|2
|faint|p1a: Ursaluna
|move|p1b: Rillaboom|U-turn|p2a: Kommo-o
|-resisted|p2a: Kommo-o
|-damage|p2a: Kommo-o|94/100
|
|t:|1756867185
|switch|p1b: Volcarona|Volcarona, L50, M|100/100|[from] U-turn
|
|-heal|p2a: Kommo-o|99/100|[from] Grassy Terrain
|-heal|p2a: Kommo-o|100/100|[from] item: Leftovers
|upkeep
|
|t:|1756867192
|switch|p1a: Rillaboom|Rillaboom, L50, F|93/100
|turn|3
|
|t:|1756867202
|switch|p2b: Indeedee|Indeedee, L50, M|42/100
|-fieldstart|move: Psychic Terrain|[from] ability: Psychic Surge|[of] p2b: Indeedee
|move|p1a: Rillaboom|Fake Out|p2a: Kommo-o
|-activate|p2a: Kommo-o|move: Psychic Terrain
|move|p1b: Volcarona|Heat Wave|p2b: Indeedee|[spread] p2a,p2b
|-resisted|p2a: Kommo-o
|-damage|p2a: Kommo-o|85/100
|-damage|p2b: Indeedee|0 fnt
|faint|p2b: Indeedee
|move|p2a: Kommo-o|Iron Defense|p2a: Kommo-o
|-boost|p2a: Kommo-o|def|2
|
|-heal|p2a: Kommo-o|91/100|[from] item: Leftovers
|upkeep
|
|t:|1756867215
|switch|p2b: Hydreigon|Hydreigon, L50, M, tera:Ghost|34/100
|turn|4
|
|t:|1756867236
|move|p1b: Volcarona|Heat Wave|p2b: Hydreigon|[spread] p2a,p2b
|-resisted|p2a: Kommo-o
|-damage|p2a: Kommo-o|74/100
|-damage|p2b: Hydreigon|10/100
|move|p2b: Hydreigon|Draco Meteor|p1a: Rillaboom
|-damage|p1a: Rillaboom|52/100
|-unboost|p2b: Hydreigon|spa|2
|move|p1a: Rillaboom|U-turn|p2a: Kommo-o
|-resisted|p2a: Kommo-o
|-damage|p2a: Kommo-o|70/100
|
|t:|1756867246
|switch|p1a: Farigiraf|Farigiraf, L50, M|100/100|[from] U-turn
|move|p2a: Kommo-o|Body Press|p1a: Farigiraf
|-damage|p1a: Farigiraf|18/100
|
|-heal|p2a: Kommo-o|76/100|[from] item: Leftovers
|upkeep
|turn|5
|
|t:|1756867268
|move|p1a: Farigiraf|Protect|p1a: Farigiraf
|-singleturn|p1a: Farigiraf|Protect
|move|p1b: Volcarona|Heat Wave|p2a: Kommo-o|[spread] p2a,p2b
|-resisted|p2a: Kommo-o
|-crit|p2a: Kommo-o
|-damage|p2a: Kommo-o|51/100
|-damage|p2b: Hydreigon|0 fnt
|faint|p2b: Hydreigon
|move|p2a: Kommo-o|Body Press|p1a: Farigiraf
|-activate|p1a: Farigiraf|move: Protect
|
|-heal|p2a: Kommo-o|57/100|[from] item: Leftovers
|upkeep
|
|t:|1756867271
|switch|p2b: Ursaluna|Ursaluna-Bloodmoon, L50, M|100/100
|turn|6
|
|t:|1756867294
|switch|p1a: Rillaboom|Rillaboom, L50, F|52/100
|-fieldstart|move: Grassy Terrain|[from] ability: Grassy Surge|[of] p1a: Rillaboom
|move|p2a: Kommo-o|Protect|p2a: Kommo-o
|-singleturn|p2a: Kommo-o|Protect
|move|p1b: Volcarona|Heat Wave|p2a: Kommo-o|[spread] p2b
|-activate|p2a: Kommo-o|move: Protect
|-damage|p2b: Ursaluna|51/100
|move|p2b: Ursaluna|Blood Moon|p1a: Rillaboom
|-damage|p1a: Rillaboom|0 fnt
|faint|p1a: Rillaboom
|-damage|p2b: Ursaluna|42/100|[from] item: Life Orb
|
|-heal|p2a: Kommo-o|63/100|[from] Grassy Terrain
|-heal|p2a: Kommo-o|69/100|[from] item: Leftovers
|-heal|p2b: Ursaluna|48/100|[from] Grassy Terrain
|upkeep
|
|t:|1756867312
|switch|p1a: Farigiraf|Farigiraf, L50, M|18/100
|turn|7
|
|t:|1756867321
|move|p1b: Volcarona|Heat Wave|p2b: Ursaluna|[spread] p2a,p2b
|-resisted|p2a: Kommo-o
|-damage|p2a: Kommo-o|54/100
|-damage|p2b: Ursaluna|0 fnt
|faint|p2b: Ursaluna
|move|p2a: Kommo-o|Body Press|p1a: Farigiraf
|-damage|p1a: Farigiraf|0 fnt
|faint|p1a: Farigiraf
|
|-heal|p2a: Kommo-o|60/100|[from] Grassy Terrain
|-heal|p2a: Kommo-o|66/100|[from] item: Leftovers
|upkeep
|turn|8
|
|t:|1756867343
|move|p2a: Kommo-o|Protect|p2a: Kommo-o
|-singleturn|p2a: Kommo-o|Protect
|move|p1b: Volcarona|Heat Wave|p2a: Kommo-o
|-activate|p2a: Kommo-o|move: Protect
|
|-heal|p2a: Kommo-o|72/100|[from] Grassy Terrain
|-heal|p2a: Kommo-o|79/100|[from] item: Leftovers
|upkeep
|turn|9
|
|t:|1756867353
|move|p1b: Volcarona|Heat Wave|p2a: Kommo-o
|-resisted|p2a: Kommo-o
|-damage|p2a: Kommo-o|57/100
|move|p2a: Kommo-o|Iron Defense|p2a: Kommo-o
|-boost|p2a: Kommo-o|def|2
|
|-heal|p2a: Kommo-o|63/100|[from] Grassy Terrain
|-heal|p2a: Kommo-o|69/100|[from] item: Leftovers
|upkeep
|turn|10
|
|t:|1756867363
|move|p2a: Kommo-o|Protect|p2a: Kommo-o
|-singleturn|p2a: Kommo-o|Protect
|move|p1b: Volcarona|Heat Wave|p2a: Kommo-o
|-activate|p2a: Kommo-o|move: Protect
|
|-heal|p2a: Kommo-o|75/100|[from] Grassy Terrain
|-heal|p2a: Kommo-o|81/100|[from] item: Leftovers
|-fieldend|move: Grassy Terrain
|upkeep
|turn|11
|
|t:|1756867374
|move|p1b: Volcarona|Heat Wave|p2a: Kommo-o
|-resisted|p2a: Kommo-o
|-crit|p2a: Kommo-o
|-damage|p2a: Kommo-o|49/100
|move|p2a: Kommo-o|Iron Defense|p2a: Kommo-o
|-boost|p2a: Kommo-o|def|2
|
|-heal|p2a: Kommo-o|55/100|[from] item: Leftovers
|upkeep
|turn|12
|
|t:|1756867383
|move|p2a: Kommo-o|Protect|p2a: Kommo-o
|-singleturn|p2a: Kommo-o|Protect
|move|p1b: Volcarona|Heat Wave|p2a: Kommo-o
|-activate|p2a: Kommo-o|move: Protect
|
|-heal|p2a: Kommo-o|61/100|[from] item: Leftovers
|upkeep
|turn|13
|
|t:|1756867392
|move|p1b: Volcarona|Heat Wave|p2a: Kommo-o
|-resisted|p2a: Kommo-o
|-damage|p2a: Kommo-o|42/100
|move|p2a: Kommo-o|Body Press|p1b: Volcarona
|-resisted|p1b: Volcarona
|-damage|p1b: Volcarona|0 fnt
|faint|p1b: Volcarona
|
|win|I LOVE KOMMO-O
|raw|eklyst's rating: 1103 → 1081(-22 for losing)
|raw|I LOVE KOMMO-O's rating: 1144 → 1166(+22 for winning)
|l|☆I LOVE KOMMO-O
|player|p2|
