|j|☆PerishingSongVGC
|j|☆HikariVT
|html|PerishingSongVGCHikariVT    
|uhtml|bestof|Game 2 of a best-of-3
|t:|1757740552
|gametype|doubles
|player|p1|PerishingSongVGC|169|1058
|player|p2|HikariVT|lillie-masters2|1141
|gen|9
|tier|[Gen 9] VGC 2025 Reg H (Bo3)
|rated|
|rule|Species Clause: Limit one of each Pokémon
|rule|Item Clause: Limit 1 of each item
|clearpoke
|poke|p1|Gothitelle, L50, M|
|poke|p1|Incineroar, L50, M|
|poke|p1|Amoonguss, L50, F|
|poke|p1|Archaludon, L50, F|
|poke|p1|Primarina, L50, M|
|poke|p1|Flamigo, L50, M|
|poke|p2|Weavile, L50, M|
|poke|p2|Jumpluff, L50, M|
|poke|p2|Torkoal, L50, F|
|poke|p2|Charizard, L50, F|
|poke|p2|Ursaluna, L50, F|
|poke|p2|Incineroar, L50, M|
|teampreview|4
|showteam|p1|Gothitelle||SitrusBerry|ShadowTag|Psychic,Hypnosis,FakeOut,Protect|||M|||50|,,,,,Dragon]Incineroar||CovertCloak|Intimidate|FakeOut,PartingShot,KnockOff,FlareBlitz|||M|||50|,,,,,Ghost]Amoonguss||RockyHelmet|Regenerator|PollenPuff,Spore,RagePowder,Protect|||F|||50|,,,,,Dark]Archaludon||PowerHerb|Sturdy|ElectroShot,DracoMeteor,FlashCannon,Protect|||F|||50|,,,,,Steel]Primarina||ThroatSpray|LiquidVoice|HyperVoice,Moonblast,PerishSong,Protect|||M|||50|,,,,,Grass]Flamigo||ChoiceScarf|Scrappy|CloseCombat,Uturn,BraveBird,ThroatChop|||M|||50|,,,,,Steel
|showteam|p2|Weavile||WideLens|Pressure|FakeOut,TripleAxel,KnockOff,IcyWind|||M|||50|,,,,,Stellar]Jumpluff||CovertCloak|Chlorophyll|Encore,Tailwind,RagePowder,SunnyDay|||M|||50|,,,,,Poison]Torkoal||EjectPack|Drought|Overheat,Protect,HelpingHand,BodyPress|||F|||50|,,,,,Dragon]Charizard||ChoiceSpecs|SolarPower|HeatWave,AirSlash,WeatherBall,BlastBurn|||F|||50|,,,,,Fire]Ursaluna||FlameOrb|Guts|Earthquake,Facade,Protect,HeadlongRush|||F|||50|,,,,,Ghost]Incineroar||SafetyGoggles|Intimidate|FakeOut,Taunt,PartingShot,FlareBlitz|||M|||50|,,,,,Ghost
|inactive|Battle timer is ON: inactive players will automatically lose when time's up. (requested by HikariVT)
|
|t:|1757740571
|teamsize|p1|4
|teamsize|p2|4
|start
|switch|p1a: Flamigo|Flamigo, L50, M|100/100
|switch|p1b: Archaludon|Archaludon, L50, F|100/100
|switch|p2a: Torkoal|Torkoal, L50, F|100/100
|switch|p2b: Jumpluff|Jumpluff, L50, M|100/100
|-weather|SunnyDay|[from] ability: Drought|[of] p2a: Torkoal
|turn|1
|
|t:|1757740595
|move|p2b: Jumpluff|Tailwind|p2b: Jumpluff
|-sidestart|p2: HikariVT|move: Tailwind
|move|p1a: Flamigo|Close Combat|p2a: Torkoal
|-damage|p2a: Torkoal|56/100
|-unboost|p1a: Flamigo|def|1
|-unboost|p1a: Flamigo|spd|1
|move|p1b: Archaludon|Electro Shot||[still]
|-prepare|p1b: Archaludon|Electro Shot
|-boost|p1b: Archaludon|spa|1
|-enditem|p1b: Archaludon|Power Herb
|-anim|p1b: Archaludon|Electro Shot|p2a: Torkoal
|-damage|p2a: Torkoal|0 fnt
|faint|p2a: Torkoal
|
|-weather|SunnyDay|[upkeep]
|upkeep
|
|t:|1757740608
|switch|p2a: Charizard|Charizard, L50, F|100/100
|turn|2
|
|t:|1757740630
|switch|p1a: Incineroar|Incineroar, L50, M|100/100
|-ability|p1a: Incineroar|Intimidate|boost
|-unboost|p2a: Charizard|atk|1
|-unboost|p2b: Jumpluff|atk|1
|move|p2b: Jumpluff|Encore|p1b: Archaludon
|-start|p1b: Archaludon|Encore
|move|p2a: Charizard|Heat Wave|p1a: Incineroar|[spread] p1b
|-miss|p2a: Charizard|p1a: Incineroar
|-ability|p1b: Archaludon|Sturdy
|-damage|p1b: Archaludon|1/100
|move|p1b: Archaludon|Electro Shot||[still]
|-prepare|p1b: Archaludon|Electro Shot
|-boost|p1b: Archaludon|spa|1
|
|-weather|SunnyDay|[upkeep]
|-damage|p2a: Charizard|88/100|[from] ability: Solar Power|[of] p2a: Charizard
|upkeep
|turn|3
|
|t:|1757740654
|switch|p2a: Ursaluna|Ursaluna, L50, F|100/100
|move|p1a: Incineroar|Fake Out|p2a: Ursaluna
|-damage|p2a: Ursaluna|91/100
|move|p2b: Jumpluff|Encore|p1a: Incineroar
|-start|p1a: Incineroar|Encore
|move|p1b: Archaludon|Electro Shot|p2a: Ursaluna|[from] lockedmove
|-immune|p2a: Ursaluna
|
|-weather|SunnyDay|[upkeep]
|-status|p2a: Ursaluna|brn|[from] item: Flame Orb
|upkeep
|turn|4
|inactive|PerishingSongVGC has 30 seconds left.
|
|t:|1757740680
|switch|p1a: Amoonguss|Amoonguss, L50, F|100/100
|move|p2b: Jumpluff|Rage Powder|p2b: Jumpluff
|-singleturn|p2b: Jumpluff|move: Rage Powder
|move|p2a: Ursaluna|Earthquake|p1b: Archaludon|[spread] p1a,p1b
|-immune|p2b: Jumpluff
|-crit|p1a: Amoonguss
|-supereffective|p1b: Archaludon
|-damage|p1a: Amoonguss|24/100
|-damage|p1b: Archaludon|0 fnt
|faint|p1b: Archaludon
|
|-weather|SunnyDay|[upkeep]
|-damage|p2a: Ursaluna|85/100 brn|[from] brn
|-sideend|p2: HikariVT|move: Tailwind
|upkeep
|
|t:|1757740687
|switch|p1b: Flamigo|Flamigo, L50, M|100/100
|turn|5
|
|t:|1757740709
|-terastallize|p2a: Ursaluna|Ghost
|move|p1a: Amoonguss|Rage Powder|p1a: Amoonguss
|-singleturn|p1a: Amoonguss|move: Rage Powder
|move|p2b: Jumpluff|Tailwind|p2b: Jumpluff
|-sidestart|p2: HikariVT|move: Tailwind
|move|p1b: Flamigo|Close Combat|p2a: Ursaluna
|-damage|p2a: Ursaluna|34/100 brn
|-unboost|p1b: Flamigo|def|1
|-unboost|p1b: Flamigo|spd|1
|move|p2a: Ursaluna|Facade|p1a: Amoonguss
|-crit|p1a: Amoonguss
|-damage|p1a: Amoonguss|0 fnt
|-damage|p2a: Ursaluna|17/100 brn|[from] item: Rocky Helmet|[of] p1a: Amoonguss
|faint|p1a: Amoonguss
|
|-weather|none
|-damage|p2a: Ursaluna|11/100 brn|[from] brn
|upkeep
|inactive|PerishingSongVGC has 30 seconds left.
|
|t:|1757740739
|switch|p1a: Incineroar|Incineroar, L50, M|100/100
|-ability|p1a: Incineroar|Intimidate|boost
|-unboost|p2a: Ursaluna|atk|1
|-unboost|p2b: Jumpluff|atk|1
|turn|6
|
|t:|1757740753
|move|p2b: Jumpluff|Rage Powder|p2b: Jumpluff
|-singleturn|p2b: Jumpluff|move: Rage Powder
|move|p1b: Flamigo|Close Combat|p2b: Jumpluff
|-resisted|p2b: Jumpluff
|-damage|p2b: Jumpluff|59/100
|-unboost|p1b: Flamigo|def|1
|-unboost|p1b: Flamigo|spd|1
|move|p2a: Ursaluna|Headlong Rush|p1a: Incineroar
|-supereffective|p1a: Incineroar
|-damage|p1a: Incineroar|0 fnt
|-unboost|p2a: Ursaluna|def|1
|-unboost|p2a: Ursaluna|spd|1
|faint|p1a: Incineroar
|
|-damage|p2a: Ursaluna|5/100 brn|[from] brn
|upkeep
|turn|7
|c|☆HikariVT|gg
|c|☆PerishingSongVGC|gg
|
|t:|1757740769
|-terastallize|p1b: Flamigo|Steel
|move|p2b: Jumpluff|Rage Powder|p2b: Jumpluff
|-singleturn|p2b: Jumpluff|move: Rage Powder
|move|p1b: Flamigo|Close Combat|p2b: Jumpluff
|-resisted|p2b: Jumpluff
|-damage|p2b: Jumpluff|18/100
|-unboost|p1b: Flamigo|def|1
|-unboost|p1b: Flamigo|spd|1
|move|p2a: Ursaluna|Facade|p1b: Flamigo
|-resisted|p1b: Flamigo
|-damage|p1b: Flamigo|0 fnt
|faint|p1b: Flamigo
|
|win|HikariVT
|raw|PerishingSongVGC's rating: 1058 → 1044(-14 for losing)
|raw|HikariVT's rating: 1141 → 1160(+19 for winning)
|l|☆PerishingSongVGC
|player|p1|
