|j|☆NuclearNutz321
|j|☆PikaTROD
|html|NuclearNutz321PikaTROD    
|uhtml|bestof|Game 1 of a best-of-3
|t:|1756572634
|gametype|doubles
|player|p1|NuclearNutz321|veteranf|1198
|player|p2|PikaTROD|265|1346
|gen|9
|tier|[Gen 9] VGC 2025 Reg H (Bo3)
|rated|
|rule|Species Clause: Limit one of each Pokémon
|rule|Item Clause: Limit 1 of each item
|clearpoke
|poke|p1|Chandelure, L50, M|
|poke|p1|Conkeldurr, L50, F|
|poke|p1|Hydreigon, L50, F|
|poke|p1|Corviknight, L50, F|
|poke|p1|Electabuzz, L50, F|
|poke|p1|Rillaboom, L50, F|
|poke|p2|Kingambit, L50, F|
|poke|p2|Primarina, L50, F|
|poke|p2|Sneasler, L50, M|
|poke|p2|Magmar, L50, M|
|poke|p2|Rillaboom, L50, M|
|poke|p2|Dragapult, L50, F|
|teampreview|4
|showteam|p1|Chandelure||FocusSash|FlashFire|HeatWave,ShadowBall,TrickRoom,Protect|||M|||50|,,,,,Grass]Conkeldurr||FlameOrb|Guts|CloseCombat,Protect,MachPunch,KnockOff|||F|||50|,,,,,Steel]Hydreigon||SafetyGoggles|Levitate|Tailwind,DracoMeteor,DarkPulse,Protect|||F|||50|,,,,,Poison]Corviknight||Leftovers|MirrorArmor|BulkUp,BraveBird,BodyPress,Roost|||F|||50|,,,,,Dragon]Electabuzz||Eviolite|VitalSpirit|Electroweb,FollowMe,HelpingHand,Protect|||F|||50|,,,,,Ghost]Rillaboom||AssaultVest|GrassySurge|WoodHammer,FakeOut,HighHorsepower,GrassyGlide|||F|||50|,,,,,Ground
|showteam|p2|Kingambit||BlackGlasses|Defiant|KowtowCleave,SuckerPunch,SwordsDance,Protect|||F|||50|,,,,,Dark]Primarina||SitrusBerry|LiquidVoice|HyperVoice,Moonblast,Haze,Protect|||F|||50|,,,,,Water]Sneasler||FocusSash|Unburden|CloseCombat,DireClaw,FakeOut,Protect|||M|||50|,,,,,Ghost]Magmar||Eviolite|VitalSpirit|Overheat,WillOWisp,FollowMe,Protect|||M|||50|,,,,,Ghost]Rillaboom||AssaultVest|GrassySurge|WoodHammer,GrassyGlide,HighHorsepower,FakeOut|||M|||50|,,,,,Fire]Dragapult||ChoiceBand|ClearBody|DragonDarts,PhantomForce,Outrage,Uturn|||F|||50|,,,,,Dragon
|inactive|Battle timer is ON: inactive players will automatically lose when time's up. (requested by NuclearNutz321)
|inactive|PikaTROD has 60 seconds left.
|
|t:|1756572717
|teamsize|p1|4
|teamsize|p2|4
|start
|switch|p1a: Literally Me fr fr|Chandelure, L50, M|100/100
|switch|p1b: Electabuzz|Electabuzz, L50, F|100/100
|switch|p2a: Dragapult|Dragapult, L50, F|100/100
|switch|p2b: Magmar|Magmar, L50, M|100/100
|turn|1
|inactive|PikaTROD has 30 seconds left.
|inactive|PikaTROD has 20 seconds left.
|inactive|PikaTROD has 15 seconds left.
|inactive|PikaTROD has 10 seconds left.
|inactive|PikaTROD has 5 seconds left.
|
|t:|1756572771
|move|p2b: Magmar|Protect|p2b: Magmar
|-singleturn|p2b: Magmar|Protect
|move|p1b: Electabuzz|Follow Me|p1b: Electabuzz
|-singleturn|p1b: Electabuzz|move: Follow Me
|move|p2a: Dragapult|U-turn|p1b: Electabuzz
|-damage|p1b: Electabuzz|60/100
|
|t:|1756572777
|switch|p2a: Primarina|Primarina, L50, F|100/100|[from] U-turn
|move|p1a: Literally Me fr fr|Trick Room|p1a: Literally Me fr fr
|-fieldstart|move: Trick Room|[of] p1a: Literally Me fr fr
|
|upkeep
|turn|2
|
|t:|1756572800
|-terastallize|p1a: Literally Me fr fr|Grass
|move|p1b: Electabuzz|Helping Hand|p1a: Literally Me fr fr
|-singleturn|p1a: Literally Me fr fr|Helping Hand|[of] p1b: Electabuzz
|move|p2b: Magmar|Follow Me|p2b: Magmar
|-singleturn|p2b: Magmar|move: Follow Me
|move|p2a: Primarina|Hyper Voice|p1a: Literally Me fr fr|[spread] p1a,p1b
|-resisted|p1a: Literally Me fr fr
|-damage|p1a: Literally Me fr fr|80/100
|-damage|p1b: Electabuzz|32/100
|move|p1a: Literally Me fr fr|Shadow Ball|p2b: Magmar
|-damage|p2b: Magmar|42/100
|-unboost|p2b: Magmar|spd|1
|
|upkeep
|turn|3
|
|t:|1756572818
|move|p2a: Primarina|Protect|p2a: Primarina
|-singleturn|p2a: Primarina|Protect
|move|p2b: Magmar|Protect|p2b: Magmar
|-singleturn|p2b: Magmar|Protect
|move|p1b: Electabuzz|Follow Me|p1b: Electabuzz
|-singleturn|p1b: Electabuzz|move: Follow Me
|move|p1a: Literally Me fr fr|Heat Wave|p2b: Magmar|[spread] 
|-activate|p2a: Primarina|move: Protect
|-activate|p2b: Magmar|move: Protect
|
|upkeep
|turn|4
|
|t:|1756572831
|move|p2a: Primarina|Haze|p2a: Primarina
|-clearallboost
|move|p1a: Literally Me fr fr|Heat Wave|p2b: Magmar|[spread] p2b
|-miss|p1a: Literally Me fr fr|p2a: Primarina
|-resisted|p2b: Magmar
|-damage|p2b: Magmar|25/100
|move|p2b: Magmar|Overheat|p1b: Electabuzz
|-damage|p1b: Electabuzz|0 fnt
|-unboost|p2b: Magmar|spa|2
|faint|p1b: Electabuzz
|
|upkeep
|
|t:|1756572844
|switch|p1b: Rillaboom|Rillaboom, L50, F|100/100
|-fieldstart|move: Grassy Terrain|[from] ability: Grassy Surge|[of] p1b: Rillaboom
|turn|5
|inactive|PikaTROD has 30 seconds left.
|inactive|PikaTROD has 20 seconds left.
|inactive|PikaTROD has 15 seconds left.
|
|t:|1756572886
|switch|p2a: Sneasler|Sneasler, L50, M|100/100
|move|p1a: Literally Me fr fr|Shadow Ball|p2b: Magmar
|-damage|p2b: Magmar|0 fnt
|faint|p2b: Magmar
|move|p1b: Rillaboom|Wood Hammer|p2a: Sneasler
|-resisted|p2a: Sneasler
|-damage|p2a: Sneasler|35/100
|-damage|p1b: Rillaboom|83/100|[from] Recoil
|
|-heal|p1a: Literally Me fr fr|86/100|[from] Grassy Terrain
|-heal|p1b: Rillaboom|89/100|[from] Grassy Terrain
|-heal|p2a: Sneasler|40/100|[from] Grassy Terrain
|-fieldend|move: Trick Room
|upkeep
|
|t:|1756572897
|switch|p2b: Dragapult|Dragapult, L50, F|100/100
|turn|6
|inactive|PikaTROD has 30 seconds left.
|
|t:|1756572929
|switch|p1b: Gary|Conkeldurr, L50, F|100/100
|-terastallize|p2b: Dragapult|Dragon
|move|p2a: Sneasler|Fake Out|p1a: Literally Me fr fr
|-damage|p1a: Literally Me fr fr|68/100
|move|p2b: Dragapult|Dragon Darts|p1a: Literally Me fr fr
|-damage|p1a: Literally Me fr fr|4/100
|-anim|p2b: Dragapult|Dragon Darts|p1b: Gary
|-damage|p1b: Gary|49/100
|cant|p1a: Literally Me fr fr|flinch
|
|-heal|p2a: Sneasler|46/100|[from] Grassy Terrain
|-heal|p1a: Literally Me fr fr|10/100|[from] Grassy Terrain
|-heal|p1b: Gary|55/100|[from] Grassy Terrain
|-status|p1b: Gary|brn|[from] item: Flame Orb
|upkeep
|turn|7
|inactive|PikaTROD has 30 seconds left.
|
|t:|1756572963
|move|p1b: Gary|Protect|p1b: Gary
|-singleturn|p1b: Gary|Protect
|move|p2b: Dragapult|Dragon Darts|p1a: Literally Me fr fr
|-damage|p1a: Literally Me fr fr|0 fnt
|faint|p1a: Literally Me fr fr
|move|p2a: Sneasler|Dire Claw|p1b: Gary
|-activate|p1b: Gary|move: Protect
|
|-heal|p2a: Sneasler|52/100|[from] Grassy Terrain
|-heal|p1b: Gary|61/100 brn|[from] Grassy Terrain
|-damage|p1b: Gary|55/100 brn|[from] brn
|upkeep
|
|t:|1756572965
|switch|p1a: Rillaboom|Rillaboom, L50, F|89/100
|turn|8
|
|t:|1756572978
|move|p1a: Rillaboom|Fake Out|p2a: Sneasler
|-damage|p2a: Sneasler|30/100
|move|p2b: Dragapult|Dragon Darts|p1a: Rillaboom
|-damage|p1a: Rillaboom|38/100
|-anim|p2b: Dragapult|Dragon Darts|p1b: Gary
|-damage|p1b: Gary|3/100 brn
|cant|p2a: Sneasler|flinch
|move|p1b: Gary|Close Combat|p2b: Dragapult
|-damage|p2b: Dragapult|0 fnt
|-unboost|p1b: Gary|def|1
|-unboost|p1b: Gary|spd|1
|faint|p2b: Dragapult
|
|-heal|p2a: Sneasler|35/100|[from] Grassy Terrain
|-heal|p1a: Rillaboom|44/100|[from] Grassy Terrain
|-heal|p1b: Gary|9/100 brn|[from] Grassy Terrain
|-damage|p1b: Gary|3/100 brn|[from] brn
|upkeep
|
|t:|1756572987
|switch|p2b: Primarina|Primarina, L50, F|100/100
|turn|9
|
|t:|1756573000
|move|p2a: Sneasler|Protect|p2a: Sneasler
|-singleturn|p2a: Sneasler|Protect
|move|p2b: Primarina|Protect|p2b: Primarina
|-singleturn|p2b: Primarina|Protect
|move|p1b: Gary|Mach Punch|p2a: Sneasler
|-activate|p2a: Sneasler|move: Protect
|move|p1a: Rillaboom|Wood Hammer|p2b: Primarina
|-activate|p2b: Primarina|move: Protect
|
|-heal|p2a: Sneasler|41/100|[from] Grassy Terrain
|-heal|p1a: Rillaboom|50/100|[from] Grassy Terrain
|-heal|p1b: Gary|9/100 brn|[from] Grassy Terrain
|-damage|p1b: Gary|3/100 brn|[from] brn
|-fieldend|move: Grassy Terrain
|upkeep
|turn|10
|
|t:|1756573018
|move|p1b: Gary|Mach Punch|p2a: Sneasler
|-resisted|p2a: Sneasler
|-damage|p2a: Sneasler|11/100
|move|p2a: Sneasler|Dire Claw|p1a: Rillaboom
|-supereffective|p1a: Rillaboom
|-damage|p1a: Rillaboom|0 fnt
|faint|p1a: Rillaboom
|move|p2b: Primarina|Moonblast|p1b: Gary
|-supereffective|p1b: Gary
|-damage|p1b: Gary|0 fnt
|faint|p1b: Gary
|
|win|PikaTROD
|inactive|NuclearNutz321 has 30 seconds to confirm battle start!
|inactive|PikaTROD has 30 seconds to confirm battle start!
||NuclearNutz321 is ready for game 2.
||PikaTROD is ready for game 2.
|uhtml|next|Next: Game 2 of 3
