|j|☆mansamusa456
|j|☆LaserDedenee
|html|mansamusa456LaserDedenee    
|uhtml|bestof|Game 3 of a best-of-3
|t:|1786173767
|gametype|doubles
|player|p1|mansamusa456|102|1133
|player|p2|LaserDedenee|102|1000
|gen|9
|tier|[Gen 9 Champions] VGC 2026 Reg M-B (Bo3)
|rated|
|rule|Species Clause: Limit one of each Pokémon
|rule|Item Clause: Limit 1 of each item
|clearpoke
|poke|p1|Delphox, L50, M, shiny|
|poke|p1|Whimsicott, L50, F, shiny|
|poke|p1|Samurott-Hisui, L50, M, shiny|
|poke|p1|Maushold-Four, L50|
|poke|p1|Lopunny, L50, M, shiny|
|poke|p1|Gholdengo, L50|
|poke|p2|Raichu, L50, M|
|poke|p2|Sylveon, L50, F|
|poke|p2|Arcanine-Hisui, L50, M|
|poke|p2|Kingambit, L50, F|
|poke|p2|Farigiraf, L50, M|
|poke|p2|Staraptor, L50, M|
|teampreview|4
|showteam|p1|Delphox||Delphoxite|Blaze|HeatWave,Protect,CalmMind,Psychic|Timid||M|||50|]Whimsicott||MentalHerb|Prankster|Encore,Tailwind,EnergyBall,Protect|Bold||F|||50|]Samurott-Hisui||LifeOrb|Sharpness|AquaCutter,AquaJet,KnockOff,Protect|Jolly||M|||50|]Maushold-Four||FocusSash|FriendGuard|Protect,Taunt,FollowMe,SuperFang|Timid|||||50|]Lopunny||Lopunnite|Limber|FakeOut,Uturn,Protect,CloseCombat|Jolly||M|||50|]Gholdengo||Leftovers|GoodasGold|ShadowBall,MakeItRain,Protect,NastyPlot|Timid|||||50|
|showteam|p2|Raichu||RaichuniteY|LightningRod|Protect,ZapCannon,FocusBlast,FakeOut|Timid||M|||50|]Sylveon||FairyFeather|Pixilate|Detect,HyperVoice,HyperBeam,QuickAttack|Modest||F|||50|]Arcanine-Hisui||FocusSash|RockHead|Protect,FlareBlitz,HeadSmash,ExtremeSpeed|Jolly||M|||50|]Kingambit||LifeOrb|Defiant|Protect,KowtowCleave,SwordsDance,SuckerPunch|Adamant||F|||50|]Farigiraf||SitrusBerry|ArmorTail|Protect,Psychic,HelpingHand,TrickRoom|Calm||M|||50|]Staraptor||Staraptite|Intimidate|Protect,DualWingbeat,CloseCombat,Tailwind|Jolly||M|||50|
|inactive|Battle timer is ON: inactive players will automatically lose when time's up. (requested by LaserDedenee)
|
|t:|1786173783
|teamsize|p1|4
|teamsize|p2|4
|start
|switch|p1a: Lopunny|Lopunny, L50, M, shiny|100/100
|switch|p1b: Samurott|Samurott-Hisui, L50, M, shiny|100/100
|switch|p2a: Raichu|Raichu, L50, M|100/100
|switch|p2b: Arcanine|Arcanine-Hisui, L50, M|100/100
|turn|1
|
|t:|1786173805
|detailschange|p1a: Lopunny|Lopunny-Mega, L50, M, shiny
|-mega|p1a: Lopunny|Lopunny|Lopunnite
|detailschange|p2a: Raichu|Raichu-Mega-Y, L50, M
|-mega|p2a: Raichu|Raichu|Raichunite Y
|move|p1a: Lopunny|Fake Out|p2a: Raichu
|-damage|p2a: Raichu|65/100
|cant|p2a: Raichu|flinch
|move|p2b: Arcanine|Flare Blitz|p1a: Lopunny
|-damage|p1a: Lopunny|19/100
|move|p1b: Samurott|Aqua Cutter|p2b: Arcanine
|-supereffective|p2b: Arcanine|2
|-enditem|p2b: Arcanine|Focus Sash
|-damage|p2b: Arcanine|1/100
|-damage|p1b: Samurott|90/100|[from] item: Life Orb
|
|upkeep
|turn|2
|
|t:|1786173823
|move|p2a: Raichu|Protect|p2a: Raichu
|-singleturn|p2a: Raichu|Protect
|move|p2b: Arcanine|Protect|p2b: Arcanine
|-singleturn|p2b: Arcanine|Protect
|move|p1b: Samurott|Protect|p1b: Samurott
|-singleturn|p1b: Samurott|Protect
|move|p1a: Lopunny|U-turn|p2b: Arcanine
|-activate|p2b: Arcanine|move: Protect
|
|upkeep
|turn|3
|
|t:|1786173839
|switch|p1b: Gholdengo|Gholdengo, L50|100/100
|move|p2b: Arcanine|Extreme Speed|p1a: Lopunny
|-damage|p1a: Lopunny|0 fnt
|faint|p1a: Lopunny
|move|p2a: Raichu|Focus Blast|p1b: Gholdengo
|-immune|p1b: Gholdengo
|
|upkeep
|
|t:|1786173850
|switch|p1a: Samurott|Samurott-Hisui, L50, M, shiny|90/100
|turn|4
|
|t:|1786173863
|move|p2b: Arcanine|Protect|p2b: Arcanine
|-singleturn|p2b: Arcanine|Protect
|move|p1a: Samurott|Aqua Jet|p2b: Arcanine
|-activate|p2b: Arcanine|move: Protect
|move|p2a: Raichu|Zap Cannon|p1a: Samurott
|-supereffective|p1a: Samurott|1
|-damage|p1a: Samurott|0 fnt
|faint|p1a: Samurott
|move|p1b: Gholdengo|Shadow Ball|p2a: Raichu
|-damage|p2a: Raichu|7/100
|
|upkeep
|l|☆mansamusa456
|inactive|mansamusa456 disconnected and has a minute to reconnect!
|player|p1|
|inactive|mansamusa456 has 30 seconds left.
|inactive|mansamusa456 has 20 seconds left.
|inactive|mansamusa456 has 15 seconds left.
|j|☆mansamusa456
|inactive|mansamusa456 reconnected and has 15 seconds left.
|player|p1|mansamusa456|102|
|inactive|mansamusa456 has 10 seconds left.
|inactive|mansamusa456 has 5 seconds left.
|
|t:|1786173916
|switch|p1a: Maushold|Maushold-Four, L50|100/100
|turn|5
|
|t:|1786173937
|move|p2a: Raichu|Protect|p2a: Raichu
|-singleturn|p2a: Raichu|Protect
|move|p2b: Arcanine|Protect||[still]
|-fail|p2b: Arcanine
|move|p1a: Maushold|Follow Me|p1a: Maushold
|-singleturn|p1a: Maushold|move: Follow Me
|move|p1b: Gholdengo|Make It Rain|p2a: Raichu|[spread] p2b
|-activate|p2a: Raichu|move: Protect
|-damage|p2b: Arcanine|0 fnt
|-unboost|p1b: Gholdengo|spa|2
|faint|p2b: Arcanine
|
|upkeep
|
|t:|1786173946
|switch|p2b: Sylveon|Sylveon, L50, F|100/100
|turn|6
|
|t:|1786173955
|move|p2a: Raichu|Focus Blast|p1a: Maushold
|-supereffective|p1a: Maushold|1
|-enditem|p1a: Maushold|Focus Sash
|-damage|p1a: Maushold|1/100
|move|p1a: Maushold|Super Fang|p2b: Sylveon
|-damage|p2b: Sylveon|50/100g
|move|p1b: Gholdengo|Make It Rain|p2b: Sylveon|[spread] p2a,p2b
|-resisted|p2a: Raichu|1
|-supereffective|p2b: Sylveon|1
|-damage|p2a: Raichu|0 fnt
|-damage|p2b: Sylveon|13/100
|-unboost|p1b: Gholdengo|spa|2
|faint|p2a: Raichu
|move|p2b: Sylveon|Hyper Voice|p1a: Maushold|[spread] p1a,p1b
|-resisted|p1b: Gholdengo|1
|-damage|p1a: Maushold|0 fnt
|-damage|p1b: Gholdengo|81/100
|faint|p1a: Maushold
|
|-heal|p1b: Gholdengo|87/100|[from] item: Leftovers
|upkeep
|
|t:|1786173959
|switch|p2a: Kingambit|Kingambit, L50, F|100/100
|turn|7
|
|t:|1786173980
|move|p2a: Kingambit|Sucker Punch||[still]
|-fail|p2a: Kingambit
|move|p1b: Gholdengo|Nasty Plot|p1b: Gholdengo
|-boost|p1b: Gholdengo|spa|2
|move|p2b: Sylveon|Hyper Voice|p1b: Gholdengo
|-resisted|p1b: Gholdengo|1
|-damage|p1b: Gholdengo|50/100g
|
|-heal|p1b: Gholdengo|56/100|[from] item: Leftovers
|upkeep
|turn|8
|
|t:|1786173990
|move|p1b: Gholdengo|Protect|p1b: Gholdengo
|-singleturn|p1b: Gholdengo|Protect
|move|p2b: Sylveon|Detect|p2b: Sylveon
|-singleturn|p2b: Sylveon|Protect
|move|p2a: Kingambit|Kowtow Cleave|p1b: Gholdengo
|-activate|p1b: Gholdengo|move: Protect
|
|-heal|p1b: Gholdengo|62/100|[from] item: Leftovers
|upkeep
|turn|9
|
|t:|1786174005
|move|p1b: Gholdengo|Shadow Ball|p2b: Sylveon
|-damage|p2b: Sylveon|0 fnt
|faint|p2b: Sylveon
|move|p2a: Kingambit|Kowtow Cleave|p1b: Gholdengo
|-supereffective|p1b: Gholdengo|1
|-crit|p1b: Gholdengo
|-damage|p1b: Gholdengo|0 fnt
|faint|p1b: Gholdengo
|-damage|p2a: Kingambit|90/100|[from] item: Life Orb
|
|win|LaserDedenee
|raw|mansamusa456's rating: 1133 → 1099(-34 for losing)
|raw|LaserDedenee's rating: 1000 → 1055(+55 for winning)
