|j|☆vervejl
|j|☆castoriceball
|html|vervejlcastoriceball    
|uhtml|bestof|Game 1 of a best-of-3
|t:|1785302756
|gametype|doubles
|player|p1|vervejl|lucas|1213
|player|p2|castoriceball|miku-flying|1294
|gen|9
|tier|[Gen 9 Champions] VGC 2026 Reg M-B (Bo3)
|rated|
|rule|Species Clause: Limit one of each Pokémon
|rule|Item Clause: Limit 1 of each item
|clearpoke
|poke|p1|Garchomp, L50, M|
|poke|p1|Talonflame, L50, M|
|poke|p1|Metagross, L50|
|poke|p1|Ninetales-Alola, L50, M|
|poke|p1|Annihilape, L50, F|
|poke|p1|Raichu, L50, M|
|poke|p2|Glimmora, L50, M, shiny|
|poke|p2|Ninetales-Alola, L50, M, shiny|
|poke|p2|Basculegion, L50, M, shiny|
|poke|p2|Staraptor, L50, M|
|poke|p2|Kingambit, L50, M|
|poke|p2|Garchomp, L50, F|
|teampreview|4
|showteam|p1|Garchomp||ExpertBelt|RoughSkin|Protect,RockSlide,Earthquake,DragonClaw|Jolly||M|||50|]Talonflame||SharpBeak|GaleWings|Protect,Tailwind,DualWingbeat,FlareBlitz|Jolly||M|||50|]Metagross||Metagrossite|ClearBody|Protect,IcePunch,IronHead,PsychicFangs|Jolly|||||50|]Ninetales-Alola||NeverMeltIce|SnowWarning|Protect,AuroraVeil,FreezeDry,Blizzard|Timid||M|||50|]Annihilape||LifeOrb|Defiant|Protect,PoisonJab,ShadowClaw,CloseCombat|Adamant||F|||50|]Raichu||RaichuniteY|LightningRod|HelpingHand,FakeOut,FocusBlast,ZapCannon|Timid||M|||50|
|showteam|p2|Glimmora||Glimmoranite|ToxicDebris|PowerGem,SludgeBomb,EarthPower,SpikyShield|Modest||M|||50|]Ninetales-Alola||NeverMeltIce|SnowWarning|Blizzard,FreezeDry,IcyWind,Protect|Timid||M|||50|]Basculegion||ChoiceScarf|Adaptability|WaveCrash,AquaJet,FlipTurn,LastRespects|Jolly||M|||50|]Staraptor||Staraptite|Intimidate|CloseCombat,BraveBird,Tailwind,Protect|Jolly||M|||50|]Kingambit||FocusSash|Defiant|KowtowCleave,IronHead,SuckerPunch,Protect|Adamant||M|||50|]Garchomp||LifeOrb|RoughSkin|DragonClaw,Earthquake,RockSlide,Protect|Adamant||F|||50|
|inactive|Battle timer is ON: inactive players will automatically lose when time's up. (requested by vervejl)
|inactive|vervejl has 60 seconds left.
|inactive|castoriceball has 60 seconds left.
|inactive|vervejl has 30 seconds left.
|inactive|vervejl has 20 seconds left.
|
|t:|1785302830
|teamsize|p1|4
|teamsize|p2|4
|start
|switch|p1a: Ninetales|Ninetales-Alola, L50, M|100/100
|switch|p1b: Raichu|Raichu, L50, M|100/100
|switch|p2a: jarchomp|Garchomp, L50, F|100/100
|switch|p2b: Basculegend|Basculegion, L50, M, shiny|100/100
|-weather|Snowscape|[from] ability: Snow Warning|[of] p1a: Ninetales
|turn|1
|
|t:|1785302849
|switch|p2a: ICE TALES|Ninetales-Alola, L50, M, shiny|100/100
|detailschange|p1b: Raichu|Raichu-Mega-Y, L50, M
|-mega|p1b: Raichu|Raichu|Raichunite Y
|move|p2b: Basculegend|Wave Crash|p1b: Raichu
|-damage|p1b: Raichu|0 fnt
|faint|p1b: Raichu
|-damage|p2b: Basculegend|72/100|[from] Recoil
|move|p1a: Ninetales|Aurora Veil|p1a: Ninetales
|-sidestart|p1: vervejl|move: Aurora Veil
|
|-weather|Snowscape|[upkeep]
|upkeep
|
|t:|1785302865
|switch|p1b: Annihilape|Annihilape, L50, F|100/100
|turn|2
|
|t:|1785302882
|move|p2b: Basculegend|Wave Crash|p1b: Annihilape
|-damage|p1b: Annihilape|50/100g
|-damage|p2b: Basculegend|54/100|[from] Recoil
|move|p2a: ICE TALES|Blizzard|p1b: Annihilape|[spread] p1a,p1b
|-resisted|p1a: Ninetales|1
|-damage|p1a: Ninetales|85/100
|-damage|p1b: Annihilape|29/100
|move|p1a: Ninetales|Blizzard|p2a: ICE TALES|[spread] p2a,p2b
|-resisted|p2a: ICE TALES|1
|-resisted|p2b: Basculegend|1
|-damage|p2a: ICE TALES|78/100
|-damage|p2b: Basculegend|33/100
|move|p1b: Annihilape|Poison Jab|p2a: ICE TALES
|-supereffective|p2a: ICE TALES|1
|-damage|p2a: ICE TALES|11/100
|-status|p2a: ICE TALES|psn
|-damage|p1b: Annihilape|19/100|[from] item: Life Orb
|
|-weather|Snowscape|[upkeep]
|-damage|p2a: ICE TALES|0 fnt|[from] psn
|faint|p2a: ICE TALES
|upkeep
|
|t:|1785302897
|switch|p2a: Staraptor|Staraptor, L50, M|100/100
|-ability|p2a: Staraptor|Intimidate|boost
|-unboost|p1a: Ninetales|atk|1
|-unboost|p1b: Annihilape|atk|1
|-ability|p1b: Annihilape|Defiant|boost
|-boost|p1b: Annihilape|atk|2
|turn|3
|
|t:|1785302909
|detailschange|p2a: Staraptor|Staraptor-Mega, L50, M
|-mega|p2a: Staraptor|Staraptor|Staraptite
|move|p1b: Annihilape|Protect|p1b: Annihilape
|-singleturn|p1b: Annihilape|Protect
|move|p2b: Basculegend|Wave Crash|p1b: Annihilape
|-activate|p1b: Annihilape|move: Protect
|move|p2a: Staraptor|Close Combat|p1a: Ninetales
|-damage|p1a: Ninetales|41/100
|-boost|p2a: Staraptor|def|1
|-boost|p2a: Staraptor|spd|1
|move|p1a: Ninetales|Freeze-Dry|p2b: Basculegend
|-supereffective|p2b: Basculegend|1
|-damage|p2b: Basculegend|0 fnt
|faint|p2b: Basculegend
|
|-weather|Snowscape|[upkeep]
|upkeep
|
|t:|1785302915
|switch|p2b: jarchomp|Garchomp, L50, F|100/100
|turn|4
|
|t:|1785302933
|move|p2a: Staraptor|Close Combat|p1a: Ninetales
|-damage|p1a: Ninetales|1/100
|-boost|p2a: Staraptor|def|1
|-boost|p2a: Staraptor|spd|1
|move|p1a: Ninetales|Blizzard|p2b: jarchomp|[spread] p2a,p2b
|-supereffective|p2a: Staraptor|1
|-supereffective|p2b: jarchomp|2
|-damage|p2a: Staraptor|56/100
|-damage|p2b: jarchomp|0 fnt
|faint|p2b: jarchomp
|move|p1b: Annihilape|Shadow Claw|p2a: Staraptor
|-damage|p2a: Staraptor|17/100
|-damage|p1b: Annihilape|9/100|[from] item: Life Orb
|
|-weather|Snowscape|[upkeep]
|upkeep
|turn|5
|
|t:|1785302951
|move|p2a: Staraptor|Close Combat|p1a: Ninetales
|-damage|p1a: Ninetales|0 fnt
|-boost|p2a: Staraptor|def|1
|-boost|p2a: Staraptor|spd|1
|faint|p1a: Ninetales
|move|p1b: Annihilape|Shadow Claw|p2a: Staraptor
|-crit|p2a: Staraptor
|-damage|p2a: Staraptor|0 fnt
|faint|p2a: Staraptor
|-damage|p1b: Annihilape|0 fnt|[from] item: Life Orb
|faint|p1b: Annihilape
|
|win|vervejl
||vervejl is ready for game 2.
||castoriceball is ready for game 2.
|uhtml|next|Next: Game 2 of 3
