|j|☆leonsunp
|j|☆tedidn
|html|leonsunptedidn    
|uhtml|bestof|Game 1 of a best-of-3
|t:|1756679454
|gametype|doubles
|player|p1|leonsunp|colress|1241
|player|p2|tedidn|marshal|1265
|gen|9
|tier|[Gen 9] VGC 2025 Reg H (Bo3)
|rated|
|rule|Species Clause: Limit one of each Pokémon
|rule|Item Clause: Limit 1 of each item
|clearpoke
|poke|p1|Sneasler, L50, M|
|poke|p1|Rillaboom, L50, M|
|poke|p1|Kingambit, L50, M|
|poke|p1|Salamence, L50, F|
|poke|p1|Volcarona, L50, M|
|poke|p1|Ninetales-Alola, L50, F|
|poke|p2|Dragonite, L50, F|
|poke|p2|Ursaluna, L50, M|
|poke|p2|Gholdengo, L50|
|poke|p2|Porygon2, L50|
|poke|p2|Volcarona, L50, F|
|poke|p2|Grimmsnarl, L50, M|
|teampreview|4
|showteam|p1|Sneasler||WhiteHerb|Unburden|CloseCombat,DireClaw,Coaching,Protect|||M|||50|,,,,,Stellar]Rillaboom||AssaultVest|GrassySurge|WoodHammer,GrassyGlide,HighHorsepower,FakeOut|||M|||50|,,,,,Water]Kingambit||BlackGlasses|Defiant|KowtowCleave,SuckerPunch,SwordsDance,Protect|||M|||50|,,,,,Dark]Salamence||SafetyGoggles|Intimidate|DualWingbeat,DracoMeteor,Tailwind,Protect|||F|||50|,,,,,Fire]Volcarona||Leftovers|FlameBody|HeatWave,TeraBlast,QuiverDance,Protect|||M|||50|,,,,,Fairy]Ninetales-Alola||LightClay|SnowWarning|Encore,FreezeDry,AuroraVeil,Blizzard|||F|||50|,,,,,Ghost
|showteam|p2|Dragonite||LoadedDice|InnerFocus|ScaleShot,Tailwind,Haze,Protect|||F|||50|,,,,,Fairy]Ursaluna||FlameOrb|Guts|HeadlongRush,Earthquake,Facade,Protect|||M|||50|,,,,,Grass]Gholdengo||LifeOrb|GoodasGold|MakeItRain,ShadowBall,NastyPlot,Protect||||||50|,,,,,Dragon]Porygon2||Eviolite|Download|TeraBlast,Recover,IceBeam,TrickRoom||||||50|,,,,,Fighting]Volcarona||SafetyGoggles|FlameBody|Overheat,Tailwind,StruggleBug,RagePowder|||F|||50|,,,,,Fairy]Grimmsnarl||LightClay|Prankster|FoulPlay,ThunderWave,Reflect,LightScreen|||M|||50|,,,,,Ghost
|inactive|Battle timer is ON: inactive players will automatically lose when time's up. (requested by tedidn)
|inactive|leonsunp has 60 seconds left.
|
|t:|1756679501
|teamsize|p1|4
|teamsize|p2|4
|start
|switch|p1a: Sneasler|Sneasler, L50, M|100/100
|switch|p1b: Ninetales|Ninetales-Alola, L50, F|100/100
|switch|p2a: Mr.Bigbucks|Gholdengo, L50|100/100
|switch|p2b: Sinatra|Volcarona, L50, F|100/100
|-weather|Snowscape|[from] ability: Snow Warning|[of] p1b: Ninetales
|turn|1
|
|t:|1756679517
|switch|p1b: Volcarona|Volcarona, L50, M|100/100
|move|p1a: Sneasler|Dire Claw|p2b: Sinatra
|-damage|p2b: Sinatra|49/100
|move|p2b: Sinatra|Tailwind|p2b: Sinatra
|-sidestart|p2: tedidn|move: Tailwind
|move|p2a: Mr.Bigbucks|Nasty Plot|p2a: Mr.Bigbucks
|-boost|p2a: Mr.Bigbucks|spa|2
|
|-weather|Snowscape|[upkeep]
|upkeep
|turn|2
|inactive|leonsunp has 30 seconds left.
|
|t:|1756679551
|switch|p1a: Ninetales|Ninetales-Alola, L50, F|100/100
|move|p1b: Volcarona|Protect|p1b: Volcarona
|-singleturn|p1b: Volcarona|Protect
|move|p2b: Sinatra|Overheat|p1b: Volcarona
|-activate|p1b: Volcarona|move: Protect
|move|p2a: Mr.Bigbucks|Make It Rain|p1b: Volcarona|[spread] p1a
|-activate|p1b: Volcarona|move: Protect
|-supereffective|p1a: Ninetales
|-damage|p1a: Ninetales|0 fnt
|-unboost|p2a: Mr.Bigbucks|spa|1
|faint|p1a: Ninetales
|-damage|p2a: Mr.Bigbucks|91/100|[from] item: Life Orb
|
|-weather|Snowscape|[upkeep]
|upkeep
|
|t:|1756679567
|switch|p1a: Sneasler|Sneasler, L50, M|100/100
|turn|3
|
|t:|1756679572
|move|p2b: Sinatra|Overheat|p1b: Volcarona|[miss]
|-miss|p2b: Sinatra|p1b: Volcarona
|move|p2a: Mr.Bigbucks|Make It Rain|p1a: Sneasler|[spread] p1a,p1b
|-resisted|p1b: Volcarona
|-damage|p1a: Sneasler|0 fnt
|-damage|p1b: Volcarona|66/100
|-unboost|p2a: Mr.Bigbucks|spa|1
|faint|p1a: Sneasler
|-damage|p2a: Mr.Bigbucks|81/100|[from] item: Life Orb
|move|p1b: Volcarona|Quiver Dance|p1b: Volcarona
|-boost|p1b: Volcarona|spa|1
|-boost|p1b: Volcarona|spd|1
|-boost|p1b: Volcarona|spe|1
|
|-weather|Snowscape|[upkeep]
|-heal|p1b: Volcarona|72/100|[from] item: Leftovers
|upkeep
|
|t:|1756679586
|switch|p1a: Salamence|Salamence, L50, F|100/100
|-ability|p1a: Salamence|Intimidate|boost
|-unboost|p2a: Mr.Bigbucks|atk|1
|-unboost|p2b: Sinatra|atk|1
|turn|4
|
|t:|1756679592
|switch|p2a: True Ogre|Grimmsnarl, L50, M|100/100
|move|p2b: Sinatra|Struggle Bug|p1b: Volcarona|[spread] p1a,p1b
|-resisted|p1a: Salamence
|-resisted|p1b: Volcarona
|-damage|p1a: Salamence|90/100
|-damage|p1b: Volcarona|68/100
|-unboost|p1a: Salamence|spa|1
|-unboost|p1b: Volcarona|spa|1
|move|p1b: Volcarona|Heat Wave|p2b: Sinatra|[spread] p2a,p2b
|-damage|p2a: True Ogre|72/100
|-damage|p2b: Sinatra|22/100
|move|p1a: Salamence|Tailwind|p1a: Salamence
|-sidestart|p1: leonsunp|move: Tailwind
|
|-weather|Snowscape|[upkeep]
|-heal|p1b: Volcarona|74/100|[from] item: Leftovers
|-sideend|p2: tedidn|move: Tailwind
|upkeep
|turn|5
|
|t:|1756679607
|move|p2b: Sinatra|Rage Powder|p2b: Sinatra
|-singleturn|p2b: Sinatra|move: Rage Powder
|move|p2a: True Ogre|Light Screen|p2a: True Ogre
|-sidestart|p2: tedidn|move: Light Screen
|move|p1b: Volcarona|Quiver Dance|p1b: Volcarona
|-boost|p1b: Volcarona|spa|1
|-boost|p1b: Volcarona|spd|1
|-boost|p1b: Volcarona|spe|1
|move|p1a: Salamence|Dual Wingbeat|p2b: Sinatra
|-supereffective|p2b: Sinatra
|-damage|p2b: Sinatra|0 fnt
|faint|p2b: Sinatra
|-hitcount|p2: Sinatra|1
|
|-weather|none
|-heal|p1b: Volcarona|80/100|[from] item: Leftovers
|upkeep
|
|t:|1756679611
|switch|p2b: Douglass|Dragonite, L50, F|100/100
|turn|6
|
|t:|1756679629
|-terastallize|p2b: Douglass|Fairy
|move|p2a: True Ogre|Thunder Wave|p1b: Volcarona
|-status|p1b: Volcarona|par
|move|p1a: Salamence|Draco Meteor|p2b: Douglass
|-immune|p2b: Douglass
|move|p1b: Volcarona|Heat Wave|p2b: Douglass|[spread] p2a,p2b
|-damage|p2a: True Ogre|44/100
|-damage|p2b: Douglass|64/100
|move|p2b: Douglass|Scale Shot|p1a: Salamence
|-supereffective|p1a: Salamence
|-damage|p1a: Salamence|60/100
|-supereffective|p1a: Salamence
|-damage|p1a: Salamence|26/100
|-supereffective|p1a: Salamence
|-damage|p1a: Salamence|0 fnt
|faint|p1a: Salamence
|-hitcount|p1: Salamence|3
|-unboost|p2b: Douglass|def|1
|-boost|p2b: Douglass|spe|1
|
|-heal|p1b: Volcarona|86/100 par|[from] item: Leftovers
|upkeep
|turn|7
|
|t:|1756679652
|-terastallize|p1b: Volcarona|Fairy
|move|p1b: Volcarona|Quiver Dance|p1b: Volcarona
|-boost|p1b: Volcarona|spa|1
|-boost|p1b: Volcarona|spd|1
|-boost|p1b: Volcarona|spe|1
|move|p2b: Douglass|Haze|p2b: Douglass
|-clearallboost
|move|p2a: True Ogre|Foul Play|p1b: Volcarona
|-resisted|p1b: Volcarona
|-damage|p1b: Volcarona|76/100 par
|
|-heal|p1b: Volcarona|82/100 par|[from] item: Leftovers
|-sideend|p1: leonsunp|move: Tailwind
|upkeep
|turn|8
|
|t:|1756679667
|move|p2b: Douglass|Tailwind|p2b: Douglass
|-sidestart|p2: tedidn|move: Tailwind
|move|p2a: True Ogre|Foul Play|p1b: Volcarona
|-resisted|p1b: Volcarona
|-damage|p1b: Volcarona|72/100 par
|move|p1b: Volcarona|Quiver Dance|p1b: Volcarona
|-boost|p1b: Volcarona|spa|1
|-boost|p1b: Volcarona|spd|1
|-boost|p1b: Volcarona|spe|1
|
|-heal|p1b: Volcarona|79/100 par|[from] item: Leftovers
|upkeep
|turn|9
|
|t:|1756679677
|move|p2b: Douglass|Haze|p2b: Douglass
|-clearallboost
|move|p2a: True Ogre|Foul Play|p1b: Volcarona
|-resisted|p1b: Volcarona
|-damage|p1b: Volcarona|68/100 par
|move|p1b: Volcarona|Heat Wave|p2b: Douglass|[spread] p2a,p2b
|-damage|p2a: True Ogre|25/100
|-damage|p2b: Douglass|42/100
|
|-heal|p1b: Volcarona|74/100 par|[from] item: Leftovers
|upkeep
|turn|10
|
|t:|1756679700
|switch|p2a: Mr.Bigbucks|Gholdengo, L50|81/100
|move|p2b: Douglass|Protect|p2b: Douglass
|-singleturn|p2b: Douglass|Protect
|move|p1b: Volcarona|Heat Wave|p2a: Mr.Bigbucks|[spread] p2a
|-activate|p2b: Douglass|move: Protect
|-supereffective|p2a: Mr.Bigbucks
|-damage|p2a: Mr.Bigbucks|36/100
|
|-heal|p1b: Volcarona|80/100 par|[from] item: Leftovers
|upkeep
|turn|11
|
|t:|1756679710
|move|p1b: Volcarona|Protect|p1b: Volcarona
|-singleturn|p1b: Volcarona|Protect
|move|p2a: Mr.Bigbucks|Make It Rain|p1b: Volcarona
|-activate|p1b: Volcarona|move: Protect
|move|p2b: Douglass|Haze|p2b: Douglass
|-clearallboost
|
|-heal|p1b: Volcarona|86/100 par|[from] item: Leftovers
|-sideend|p2: tedidn|move: Tailwind
|upkeep
|turn|12
|
|t:|1756679720
|move|p2a: Mr.Bigbucks|Make It Rain|p1b: Volcarona
|-supereffective|p1b: Volcarona
|-damage|p1b: Volcarona|0 fnt
|-unboost|p2a: Mr.Bigbucks|spa|1
|faint|p1b: Volcarona
|-damage|p2a: Mr.Bigbucks|26/100|[from] item: Life Orb
|
|win|tedidn
