|j|☆NoiceDynamite
|j|☆billyfan4550
|html|NoiceDynamitebillyfan4550    
|uhtml|bestof|Game 2 of a best-of-3
|t:|1757812615
|gametype|doubles
|player|p1|NoiceDynamite|cynthia|1053
|player|p2|billyfan4550|clerkf|1040
|gen|9
|tier|[Gen 9] VGC 2025 Reg H (Bo3)
|rated|
|rule|Species Clause: Limit one of each Pokémon
|rule|Item Clause: Limit 1 of each item
|clearpoke
|poke|p1|Archaludon, L50, M|
|poke|p1|Pelipper, L50, F|
|poke|p1|Basculegion, L50, M|
|poke|p1|Sinistcha, L50|
|poke|p1|Annihilape, L50, F|
|poke|p1|Maushold, L50|
|poke|p2|Hydreigon, L50, M|
|poke|p2|Rillaboom, L50, M|
|poke|p2|Magmar, L50, F|
|poke|p2|Dragapult, L50, F|
|poke|p2|Ninetales-Alola, L50, F|
|poke|p2|Kingambit, L50, M|
|teampreview|4
|showteam|p1|Archaludon||AssaultVest|Stamina|DragonPulse,ElectroShot,FlashCannon,BodyPress|||M|||50|,,,,,Bug]Pelipper||FocusSash|Drizzle|WeatherBall,Hurricane,Tailwind,Protect|||F|||50|,,,,,Stellar]Basculegion||ChoiceBand|SwiftSwim|WaveCrash,LastRespects,AquaJet,FlipTurn|||M|||50|,,,,,Grass]Sinistcha||SitrusBerry|Hospitality|MatchaGotcha,RagePowder,LifeDew,TrickRoom||||||50|,,,,,Fairy]Annihilape||Leftovers|Defiant|DrainPunch,RageFist,BulkUp,Protect|||F|||50|,,,,,Grass]Maushold||SafetyGoggles|FriendGuard|BeatUp,FollowMe,Taunt,Protect||||||50|,,,,,Ghost
|showteam|p2|Hydreigon||RazorClaw|Levitate|DracoMeteor,HeatWave,FocusEnergy,Protect|||M|||50|,,,,,Fire]Rillaboom||AssaultVest|GrassySurge|WoodHammer,HighHorsepower,GrassyGlide,FakeOut|||M|||50|,,,,,Water]Magmar||Eviolite|VitalSpirit|Overheat,WillOWisp,FollowMe,Protect|||F|||50|,,,,,Ghost]Dragapult||ChoiceBand|ClearBody|DragonDarts,TeraBlast,PhantomForce,Uturn|||F|||50|,,,,,Ghost]Ninetales-Alola||FocusSash|SnowWarning|Blizzard,Moonblast,IcyWind,Protect|||F|||50|,,,,,Ghost]Kingambit||BlackGlasses|Defiant|KowtowCleave,SuckerPunch,SwordsDance,Protect|||M|||50|,,,,,Dark
|inactive|Battle timer is ON: inactive players will automatically lose when time's up. (requested by billyfan4550)
|
|t:|1757812629
|teamsize|p1|4
|teamsize|p2|4
|start
|switch|p1a: Pelipper|Pelipper, L50, F|100/100
|switch|p1b: Archaludon|Archaludon, L50, M|100/100
|switch|p2a: Kingambit|Kingambit, L50, M|100/100
|switch|p2b: Magmar|Magmar, L50, F|100/100
|-weather|RainDance|[from] ability: Drizzle|[of] p1a: Pelipper
|turn|1
|
|t:|1757812645
|switch|p2b: Ninetales|Ninetales-Alola, L50, F|100/100
|-weather|Snowscape|[from] ability: Snow Warning|[of] p2b: Ninetales
|-terastallize|p2a: Kingambit|Dark
|move|p1a: Pelipper|Weather Ball|p2b: Ninetales
|-resisted|p2b: Ninetales
|-damage|p2b: Ninetales|80/100
|move|p1b: Archaludon|Electro Shot||[still]
|-prepare|p1b: Archaludon|Electro Shot
|-boost|p1b: Archaludon|spa|1
|move|p2a: Kingambit|Kowtow Cleave|p1a: Pelipper
|-enditem|p1a: Pelipper|Focus Sash
|-damage|p1a: Pelipper|1/100
|
|-weather|Snowscape|[upkeep]
|upkeep
|turn|2
|
|t:|1757812664
|move|p1a: Pelipper|Protect|p1a: Pelipper
|-singleturn|p1a: Pelipper|Protect
|move|p2b: Ninetales|Blizzard|p1b: Archaludon|[spread] p1b
|-activate|p1a: Pelipper|move: Protect
|-damage|p1b: Archaludon|73/100
|-ability|p1b: Archaludon|Stamina|boost
|-boost|p1b: Archaludon|def|1
|move|p1b: Archaludon|Electro Shot|p2a: Kingambit|[from] lockedmove
|-damage|p2a: Kingambit|37/100
|move|p2a: Kingambit|Kowtow Cleave|p1b: Archaludon
|-damage|p1b: Archaludon|39/100
|-ability|p1b: Archaludon|Stamina|boost
|-boost|p1b: Archaludon|def|1
|
|-weather|Snowscape|[upkeep]
|upkeep
|turn|3
|
|t:|1757812688
|switch|p1a: Sinistcha|Sinistcha, L50|100/100
|-heal|p1b: Archaludon|64/100|[from] ability: Hospitality|[of] p1a: Sinistcha
|move|p2a: Kingambit|Sucker Punch|p1b: Archaludon
|-damage|p1b: Archaludon|41/100
|-ability|p1b: Archaludon|Stamina|boost
|-boost|p1b: Archaludon|def|1
|move|p2b: Ninetales|Blizzard|p1a: Sinistcha|[spread] p1a,p1b
|-supereffective|p1a: Sinistcha
|-damage|p1a: Sinistcha|46/100
|-damage|p1b: Archaludon|16/100
|-status|p1a: Sinistcha|frz
|-status|p1b: Archaludon|frz
|-ability|p1b: Archaludon|Stamina|boost
|-boost|p1b: Archaludon|def|1
|-enditem|p1a: Sinistcha|Sitrus Berry|[eat]
|-heal|p1a: Sinistcha|71/100 frz|[from] item: Sitrus Berry
|-curestatus|p1b: Archaludon|frz|[msg]
|move|p1b: Archaludon|Electro Shot||[still]
|-prepare|p1b: Archaludon|Electro Shot
|-boost|p1b: Archaludon|spa|1
|
|-weather|Snowscape|[upkeep]
|upkeep
|turn|4
|
|t:|1757812710
|switch|p1a: Pelipper|Pelipper, L50, F|1/100
|-weather|RainDance|[from] ability: Drizzle|[of] p1a: Pelipper
|move|p2b: Ninetales|Moonblast|p1b: Archaludon
|-damage|p1b: Archaludon|0 fnt
|faint|p1b: Archaludon
|move|p2a: Kingambit|Kowtow Cleave|p1a: Pelipper
|-damage|p1a: Pelipper|0 fnt
|faint|p1a: Pelipper
|
|-weather|RainDance|[upkeep]
|upkeep
|
|t:|1757812722
|switch|p1a: Sinistcha|Sinistcha, L50|71/100 frz
|switch|p1b: Basculegion|Basculegion, L50, M|100/100
|turn|5
|
|t:|1757812740
|switch|p2b: Magmar|Magmar, L50, F|100/100
|-terastallize|p1b: Basculegion|Grass
|move|p2a: Kingambit|Protect|p2a: Kingambit
|-singleturn|p2a: Kingambit|Protect
|-curestatus|p1a: Sinistcha|frz|[msg]
|move|p1a: Sinistcha|Rage Powder|p1a: Sinistcha
|-singleturn|p1a: Sinistcha|move: Rage Powder
|move|p1b: Basculegion|Last Respects|p2b: Magmar
|-damage|p2b: Magmar|19/100
|
|-weather|RainDance|[upkeep]
|upkeep
|turn|6
|
|t:|1757812754
|move|p2b: Magmar|Follow Me|p2b: Magmar
|-singleturn|p2b: Magmar|move: Follow Me
|move|p1a: Sinistcha|Rage Powder|p1a: Sinistcha
|-singleturn|p1a: Sinistcha|move: Rage Powder
|move|p1b: Basculegion|Last Respects|p2b: Magmar
|-damage|p2b: Magmar|0 fnt
|faint|p2b: Magmar
|move|p2a: Kingambit|Kowtow Cleave|p1a: Sinistcha
|-supereffective|p1a: Sinistcha
|-damage|p1a: Sinistcha|0 fnt
|faint|p1a: Sinistcha
|
|-weather|RainDance|[upkeep]
|upkeep
|
|t:|1757812760
|switch|p2b: Ninetales|Ninetales-Alola, L50, F|80/100
|-weather|Snowscape|[from] ability: Snow Warning|[of] p2b: Ninetales
|turn|7
|
|t:|1757812767
|move|p2a: Kingambit|Sucker Punch|p1b: Basculegion
|-damage|p1b: Basculegion|12/100
|move|p2b: Ninetales|Blizzard|p1b: Basculegion
|-supereffective|p1b: Basculegion
|-damage|p1b: Basculegion|0 fnt
|faint|p1b: Basculegion
|
|win|billyfan4550
|raw|NoiceDynamite's rating: 1053 → 1034(-19 for losing)
|raw|billyfan4550's rating: 1040 → 1075(+35 for winning)
|l|☆billyfan4550
|player|p2|
