|j|☆jomivgc
|j|☆happyhat0
|html|jomivgchappyhat0    
|uhtml|bestof|Game 1 of a best-of-3
|t:|1783686181
|gametype|doubles
|player|p1|jomivgc|falkner-gen2|1195
|player|p2|happyhat0|101|1093
|gen|9
|tier|[Gen 9 Champions] VGC 2026 Reg M-B (Bo3)
|rated|
|rule|Species Clause: Limit one of each Pokémon
|rule|Item Clause: Limit 1 of each item
|clearpoke
|poke|p1|Umbreon, L50, M, shiny|
|poke|p1|Garchomp, L50, M|
|poke|p1|Pelipper, L50, F|
|poke|p1|Swampert, L50, F|
|poke|p1|Archaludon, L50, F|
|poke|p1|Incineroar, L50, M|
|poke|p2|Gardevoir, L50, M|
|poke|p2|Maushold-Four, L50|
|poke|p2|Kingambit, L50, F|
|poke|p2|Garchomp, L50, F|
|poke|p2|Talonflame, L50, M|
|poke|p2|Basculegion, L50, M|
|teampreview|4
|showteam|p1|Umbreon||SitrusBerry|InnerFocus|Snarl,Swagger,FoulPlay,Moonlight|Calm||M|||50|]Garchomp||LifeOrb|RoughSkin|DragonClaw,RockSlide,Earthquake,Protect|Jolly||M|||50|]Pelipper||FocusSash|Drizzle|Hurricane,WeatherBall,Tailwind,WideGuard|Modest||F|||50|]Swampert||Swampertite|Torrent|Protect,WaveCrash,Earthquake,IcePunch|Adamant||F|||50|]Archaludon||Leftovers|Stamina|ElectroShot,FlashCannon,DracoMeteor,Protect|Modest||F|||50|]Incineroar||PasshoBerry|Intimidate|FakeOut,PartingShot,FlareBlitz,ThroatChop|Adamant||M|||50|
|showteam|p2|Gardevoir||Gardevoirite|Trace|HyperVoice,Psyshock,VacuumWave,Protect|Modest||M|||50|]Maushold-Four||FocusSash|FriendGuard|SuperFang,Taunt,FollowMe,Protect|Timid|||||50|]Kingambit||BlackGlasses|Defiant|KowtowCleave,Protect,SuckerPunch,IronHead|Adamant||F|||50|]Garchomp||LifeOrb|RoughSkin|DragonClaw,Earthquake,RockSlide,Protect|Jolly||F|||50|]Talonflame||SharpBeak|GaleWings|QuickGuard,Protect,Tailwind,BraveBird|Jolly||M|||50|]Basculegion||ChoiceScarf|Adaptability|WaveCrash,AquaJet,FlipTurn,LastRespects|Jolly||M|||50|
|inactive|Battle timer is ON: inactive players will automatically lose when time's up. (requested by jomivgc)
|inactive|jomivgc has 60 seconds left.
|inactive|happyhat0 has 60 seconds left.
|
|t:|1783686228
|teamsize|p1|4
|teamsize|p2|4
|start
|switch|p1a: Pelipper|Pelipper, L50, F|100/100
|switch|p1b: Swampert|Swampert, L50, F|100/100
|switch|p2a: Kingambit|Kingambit, L50, F|100/100
|switch|p2b: Maushold|Maushold-Four, L50|100/100
|-weather|RainDance|[from] ability: Drizzle|[of] p1a: Pelipper
|turn|1
|inactive|jomivgc has 30 seconds left.
|inactive|happyhat0 has 30 seconds left.
|inactive|jomivgc has 20 seconds left.
|inactive|jomivgc has 15 seconds left.
|inactive|jomivgc has 10 seconds left.
|
|t:|1783686276
|detailschange|p1b: Swampert|Swampert-Mega, L50, F
|-mega|p1b: Swampert|Swampert|Swampertite
|move|p2a: Kingambit|Protect|p2a: Kingambit
|-singleturn|p2a: Kingambit|Protect
|move|p1b: Swampert|Wave Crash|p2a: Kingambit
|-activate|p2a: Kingambit|move: Protect
|move|p2b: Maushold|Super Fang|p1b: Swampert
|-damage|p1b: Swampert|50/100g
|move|p1a: Pelipper|Tailwind|p1a: Pelipper
|-sidestart|p1: jomivgc|move: Tailwind
|
|-weather|RainDance|[upkeep]
|upkeep
|turn|2
|inactive|jomivgc has 30 seconds left.
|inactive|happyhat0 has 30 seconds left.
|
|t:|1783686302
|switch|p1b: Archaludon|Archaludon, L50, F|100/100
|move|p2a: Kingambit|Sucker Punch||[still]
|-fail|p2a: Kingambit
|move|p1a: Pelipper|Weather Ball|p2a: Kingambit
|-damage|p2a: Kingambit|43/100
|move|p2b: Maushold|Super Fang|p1a: Pelipper|[miss]
|-miss|p2b: Maushold|p1a: Pelipper
|
|-weather|RainDance|[upkeep]
|upkeep
|turn|3
|
|t:|1783686321
|move|p2a: Kingambit|Protect|p2a: Kingambit
|-singleturn|p2a: Kingambit|Protect
|move|p1a: Pelipper|Hurricane|p2b: Maushold
|-damage|p2b: Maushold|30/100
|-start|p2b: Maushold|confusion
|move|p1b: Archaludon|Electro Shot||[still]
|-prepare|p1b: Archaludon|Electro Shot
|-boost|p1b: Archaludon|spa|1
|-anim|p1b: Archaludon|Electro Shot|p2a: Kingambit
|-activate|p2a: Kingambit|move: Protect
|-activate|p2b: Maushold|confusion
|move|p2b: Maushold|Super Fang|p1b: Archaludon
|-damage|p1b: Archaludon|50/100g
|-ability|p1b: Archaludon|Stamina|boost
|-boost|p1b: Archaludon|def|1
|
|-weather|RainDance|[upkeep]
|-heal|p1b: Archaludon|56/100|[from] item: Leftovers
|upkeep
|turn|4
|inactive|happyhat0 has 30 seconds left.
|
|t:|1783686353
|move|p1b: Archaludon|Protect|p1b: Archaludon
|-singleturn|p1b: Archaludon|Protect
|move|p2a: Kingambit|Sucker Punch||[still]
|-fail|p2a: Kingambit
|move|p1a: Pelipper|Weather Ball|p2a: Kingambit
|-damage|p2a: Kingambit|0 fnt
|faint|p2a: Kingambit
|-end|p2b: Maushold|confusion
|move|p2b: Maushold|Super Fang|p1a: Pelipper
|-damage|p1a: Pelipper|50/100g
|
|-weather|RainDance|[upkeep]
|-heal|p1b: Archaludon|62/100|[from] item: Leftovers
|-sideend|p1: jomivgc|move: Tailwind
|upkeep
|
|t:|1783686373
|switch|p2a: Gardevoir|Gardevoir, L50, M|100/100
|-ability|p2a: Gardevoir|Drizzle|Trace|[from] ability: Trace|[of] p1a: Pelipper
|turn|5
|
|t:|1783686390
|move|p2a: Gardevoir|Protect|p2a: Gardevoir
|-singleturn|p2a: Gardevoir|Protect
|move|p2b: Maushold|Taunt|p1a: Pelipper
|-start|p1a: Pelipper|move: Taunt
|cant|p1a: Pelipper|move: Taunt|Tailwind
|move|p1b: Archaludon|Flash Cannon|p2a: Gardevoir
|-activate|p2a: Gardevoir|move: Protect
|
|-weather|none
|-heal|p1b: Archaludon|68/100|[from] item: Leftovers
|upkeep
|turn|6
|inactive|jomivgc has 30 seconds left.
|
|t:|1783686423
|switch|p1a: Swampert|Swampert-Mega, L50, F|50/100g
|detailschange|p2a: Gardevoir|Gardevoir-Mega, L50, M
|-mega|p2a: Gardevoir|Gardevoir|Gardevoirite
|move|p1b: Archaludon|Protect|p1b: Archaludon
|-singleturn|p1b: Archaludon|Protect
|move|p2b: Maushold|Super Fang|p1b: Archaludon
|-activate|p1b: Archaludon|move: Protect
|move|p2a: Gardevoir|Hyper Voice|p1a: Swampert|[spread] p1a
|-activate|p1b: Archaludon|move: Protect
|-damage|p1a: Swampert|2/100
|
|-heal|p1b: Archaludon|74/100|[from] item: Leftovers
|upkeep
|turn|7
|
|t:|1783686448
|switch|p1b: Pelipper|Pelipper, L50, F|50/100g
|-weather|RainDance|[from] ability: Drizzle|[of] p1b: Pelipper
|move|p1a: Swampert|Earthquake|p2b: Maushold|[spread] p2a,p2b
|-immune|p1b: Pelipper
|-damage|p2a: Gardevoir|35/100
|-damage|p2b: Maushold|0 fnt
|faint|p2b: Maushold
|move|p2a: Gardevoir|Hyper Voice|p1a: Swampert|[spread] p1a,p1b
|-crit|p1a: Swampert
|-damage|p1a: Swampert|0 fnt
|-damage|p1b: Pelipper|0 fnt
|faint|p1a: Swampert
|faint|p1b: Pelipper
|
|-weather|RainDance|[upkeep]
|upkeep
|
|t:|1783686464
|switch|p2b: Basculegion|Basculegion, L50, M|100/100
|switch|p1a: Garchomp|Garchomp, L50, M|100/100
|switch|p1b: Archaludon|Archaludon, L50, F|74/100
|turn|8
|
|t:|1783686482
|move|p1a: Garchomp|Protect|p1a: Garchomp
|-singleturn|p1a: Garchomp|Protect
|move|p2b: Basculegion|Wave Crash|p1a: Garchomp
|-activate|p1a: Garchomp|move: Protect
|move|p2a: Gardevoir|Hyper Voice|p1b: Archaludon|[spread] p1b
|-activate|p1a: Garchomp|move: Protect
|-damage|p1b: Archaludon|22/100
|-ability|p1b: Archaludon|Stamina|boost
|-boost|p1b: Archaludon|def|1
|move|p1b: Archaludon|Electro Shot||[still]
|-prepare|p1b: Archaludon|Electro Shot
|-boost|p1b: Archaludon|spa|1
|-anim|p1b: Archaludon|Electro Shot|p2b: Basculegion
|-supereffective|p2b: Basculegion|1
|-damage|p2b: Basculegion|0 fnt
|faint|p2b: Basculegion
|
|-weather|RainDance|[upkeep]
|-heal|p1b: Archaludon|28/100|[from] item: Leftovers
|upkeep
|turn|9
|inactive|jomivgc has 30 seconds left.
|
|t:|1783686513
|move|p1b: Archaludon|Protect|p1b: Archaludon
|-singleturn|p1b: Archaludon|Protect
|move|p1a: Garchomp|Earthquake|p2a: Gardevoir|[spread] p2a
|-activate|p1b: Archaludon|move: Protect
|-damage|p2a: Gardevoir|0 fnt
|faint|p2a: Gardevoir
|-damage|p1a: Garchomp|90/100|[from] item: Life Orb
|
|win|jomivgc
|inactive|jomivgc has 30 seconds to confirm battle start!
|inactive|happyhat0 has 30 seconds to confirm battle start!
|l|☆happyhat0
|player|p2|
