|j|☆SeeYouInSf
|j|☆perenniumfalcon
|html|SeeYouInSfperenniumfalcon    
|uhtml|bestof|Game 2 of a best-of-3
|t:|1754420785
|gametype|doubles
|player|p1|SeeYouInSf|unknown|1204
|player|p2|perenniumfalcon|266|1267
|gen|9
|tier|[Gen 9] VGC 2025 Reg H (Bo3)
|rated|
|rule|Species Clause: Limit one of each Pokémon
|rule|Item Clause: Limit 1 of each item
|clearpoke
|poke|p1|Lilligant-Hisui, L50, F|
|poke|p1|Hatterene, L50, F|
|poke|p1|Ursaluna, L50, M|
|poke|p1|Indeedee-F, L50, F|
|poke|p1|Torkoal, L50, M|
|poke|p1|Gallade, L50, M|
|poke|p2|Kingambit, L50, M|
|poke|p2|Primarina, L50, M|
|poke|p2|Sneasler, L50, M|
|poke|p2|Magmar, L50, F|
|poke|p2|Rillaboom, L50, M|
|poke|p2|Dragapult, L50, M|
|teampreview|4
|showteam|p1|Lilligant-Hisui||FocusSash|Chlorophyll|TripleAxel,AfterYou,CloseCombat,SleepPowder|||F|||50|,,,,,Ghost]Hatterene||CovertCloak|MagicBounce|DazzlingGleam,ExpandingForce,TrickRoom,MysticalFire|||F|||50|,,,,,Fire]Ursaluna||FlameOrb|Guts|Facade,HeadlongRush,Earthquake,Protect|||M|||50|,,,,,Ghost]Indeedee-F||PsychicSeed|PsychicSurge|Psychic,TrickRoom,HelpingHand,FollowMe|||F|||50|,,,,,Dragon]Torkoal||FlamePlate|Drought|Eruption,WeatherBall,HeatWave,Protect|||M|||50|,,,,,Fire]Gallade||ClearAmulet|Sharpness|PsychoCut,SacredSword,TrickRoom,WideGuard|||M|||50|,,,,,Grass
|showteam|p2|Kingambit||BlackGlasses|Defiant|KowtowCleave,SuckerPunch,SwordsDance,Protect|||M|||50|,,,,,Dark]Primarina||SitrusBerry|LiquidVoice|HyperVoice,Moonblast,Haze,Protect|||M|||50|,,,,,Poison]Sneasler||FocusSash|PoisonTouch|CloseCombat,DireClaw,FakeOut,Protect|||M|||50|,,,,,Ghost]Magmar||Eviolite|VitalSpirit|Overheat,WillOWisp,FollowMe,Protect|||F|||50|,,,,,Ghost]Rillaboom||AssaultVest|GrassySurge|WoodHammer,GrassyGlide,HighHorsepower,FakeOut|||M|||50|,,,,,Fire]Dragapult||ChoiceBand|ClearBody|DragonDarts,PhantomForce,Outrage,Uturn|||M|||50|,,,,,Dragon
|inactive|Battle timer is ON: inactive players will automatically lose when time's up. (requested by SeeYouInSf)
|inactive|SeeYouInSf has 60 seconds left.
|
|t:|1754420822
|teamsize|p1|4
|teamsize|p2|4
|start
|switch|p1a: Torkoal|Torkoal, L50, M|100/100
|switch|p1b: Lilligant|Lilligant-Hisui, L50, F|100/100
|switch|p2a: Primarina|Primarina, L50, M|100/100
|switch|p2b: Magmar|Magmar, L50, F|100/100
|-weather|SunnyDay|[from] ability: Drought|[of] p1a: Torkoal
|turn|1
|inactive|SeeYouInSf has 30 seconds left.
|inactive|perenniumfalcon has 30 seconds left.
|inactive|SeeYouInSf has 20 seconds left.
|inactive|perenniumfalcon has 20 seconds left.
|inactive|SeeYouInSf has 15 seconds left.
|inactive|perenniumfalcon has 15 seconds left.
|inactive|SeeYouInSf has 10 seconds left.
|inactive|perenniumfalcon has 10 seconds left.
|inactive|perenniumfalcon has 5 seconds left.
|
|t:|1754420876
|-terastallize|p1a: Torkoal|Fire
|move|p2b: Magmar|Protect|p2b: Magmar
|-singleturn|p2b: Magmar|Protect
|move|p2a: Primarina|Protect|p2a: Primarina
|-singleturn|p2a: Primarina|Protect
|move|p1b: Lilligant|Close Combat|p2b: Magmar
|-activate|p2b: Magmar|move: Protect
|move|p1a: Torkoal|Heat Wave|p2b: Magmar|[spread] 
|-activate|p2a: Primarina|move: Protect
|-activate|p2b: Magmar|move: Protect
|
|-weather|SunnyDay|[upkeep]
|upkeep
|turn|2
|
|t:|1754420901
|move|p2b: Magmar|Follow Me|p2b: Magmar
|-singleturn|p2b: Magmar|move: Follow Me
|move|p1b: Lilligant|After You||[still]
|-fail|p1b: Lilligant
|move|p2a: Primarina|Hyper Voice|p1a: Torkoal|[spread] p1a,p1b
|-supereffective|p1a: Torkoal
|-resisted|p1b: Lilligant
|-damage|p1a: Torkoal|55/100
|-damage|p1b: Lilligant|89/100
|move|p1a: Torkoal|Eruption|p2b: Magmar|[spread] p2a,p2b
|-resisted|p2a: Primarina
|-resisted|p2b: Magmar
|-damage|p2a: Primarina|71/100
|-damage|p2b: Magmar|77/100
|
|-weather|SunnyDay|[upkeep]
|upkeep
|turn|3
|
|t:|1754420914
|move|p2b: Magmar|Follow Me|p2b: Magmar
|-singleturn|p2b: Magmar|move: Follow Me
|move|p1b: Lilligant|Close Combat|p2b: Magmar
|-damage|p2b: Magmar|25/100
|-unboost|p1b: Lilligant|def|1
|-unboost|p1b: Lilligant|spd|1
|move|p2a: Primarina|Moonblast|p1b: Lilligant
|-supereffective|p1b: Lilligant
|-damage|p1b: Lilligant|0 fnt
|faint|p1b: Lilligant
|move|p1a: Torkoal|Heat Wave|p2b: Magmar|[spread] p2a,p2b
|-resisted|p2a: Primarina
|-resisted|p2b: Magmar
|-damage|p2a: Primarina|42/100
|-damage|p2b: Magmar|0 fnt
|-enditem|p2a: Primarina|Sitrus Berry|[eat]
|-heal|p2a: Primarina|67/100|[from] item: Sitrus Berry
|faint|p2b: Magmar
|
|-weather|SunnyDay|[upkeep]
|upkeep
|
|t:|1754420927
|switch|p1b: Gallade|Gallade, L50, M|100/100
|switch|p2b: Kingambit|Kingambit, L50, M|100/100
|turn|4
|
|t:|1754420949
|move|p2b: Kingambit|Protect|p2b: Kingambit
|-singleturn|p2b: Kingambit|Protect
|move|p2a: Primarina|Moonblast|p1b: Gallade
|-supereffective|p1b: Gallade
|-damage|p1b: Gallade|9/100
|move|p1a: Torkoal|Heat Wave|p2b: Kingambit|[spread] p2a
|-activate|p2b: Kingambit|move: Protect
|-resisted|p2a: Primarina
|-damage|p2a: Primarina|35/100
|move|p1b: Gallade|Trick Room|p1b: Gallade
|-fieldstart|move: Trick Room|[of] p1b: Gallade
|
|-weather|SunnyDay|[upkeep]
|upkeep
|turn|5
|
|t:|1754420969
|switch|p1b: Ursaluna|Ursaluna, L50, M|100/100
|move|p2b: Kingambit|Sucker Punch||[still]
|-fail|p2b: Kingambit
|move|p1a: Torkoal|Heat Wave|p2b: Kingambit|[spread] 
|-miss|p1a: Torkoal|p2a: Primarina
|-miss|p1a: Torkoal|p2b: Kingambit
|move|p2a: Primarina|Hyper Voice|p1b: Ursaluna|[spread] p1a,p1b
|-supereffective|p1a: Torkoal
|-supereffective|p1b: Ursaluna
|-damage|p1a: Torkoal|10/100
|-damage|p1b: Ursaluna|75/100
|
|-weather|none
|-status|p1b: Ursaluna|brn|[from] item: Flame Orb
|upkeep
|turn|6
|
|t:|1754420990
|-terastallize|p2b: Kingambit|Dark
|move|p2b: Kingambit|Sucker Punch|p1b: Ursaluna
|-damage|p1b: Ursaluna|26/100 brn
|move|p1a: Torkoal|Heat Wave|p2b: Kingambit|[spread] p2a,p2b
|-resisted|p2a: Primarina
|-crit|p2a: Primarina
|-damage|p2a: Primarina|3/100
|-damage|p2b: Kingambit|54/100
|-status|p2a: Primarina|brn
|move|p1b: Ursaluna|Earthquake|p2a: Primarina|[spread] p1a,p2a,p2b
|-supereffective|p1a: Torkoal
|-damage|p1a: Torkoal|0 fnt
|-damage|p2a: Primarina|0 fnt
|-damage|p2b: Kingambit|4/100
|faint|p1a: Torkoal
|faint|p2a: Primarina
|
|-damage|p1b: Ursaluna|20/100 brn|[from] brn
|upkeep
|
|t:|1754421000
|switch|p1a: Gallade|Gallade, L50, M|9/100
|switch|p2a: Rillaboom|Rillaboom, L50, M|100/100
|-fieldstart|move: Grassy Terrain|[from] ability: Grassy Surge|[of] p2a: Rillaboom
|turn|7
|inactive|SeeYouInSf has 30 seconds left.
|
|t:|1754421034
|move|p2b: Kingambit|Sucker Punch|p1b: Ursaluna
|-damage|p1b: Ursaluna|0 fnt
|faint|p1b: Ursaluna
|move|p2a: Rillaboom|Grassy Glide|p1a: Gallade
|-damage|p1a: Gallade|0 fnt
|faint|p1a: Gallade
|
|win|perenniumfalcon
|raw|SeeYouInSf's rating: 1204 → 1183(-21 for losing)
|raw|perenniumfalcon's rating: 1267 → 1288(+21 for winning)
