|j|☆alexander1111
|j|☆choclitomaster7
|html|alexander1111choclitomaster7    
|uhtml|bestof|Game 2 of a best-of-3
|t:|1783310536
|gametype|doubles
|player|p1|alexander1111|preschooler|1040
|player|p2|choclitomaster7|1|1133
|gen|9
|tier|[Gen 9 Champions] VGC 2026 Reg M-B (Bo3)
|rated|
|rule|Species Clause: Limit one of each Pokémon
|rule|Item Clause: Limit 1 of each item
|clearpoke
|poke|p1|Milotic, L50, M|
|poke|p1|Maushold-Four, L50|
|poke|p1|Charizard, L50, M, shiny|
|poke|p1|Whimsicott, L50, M, shiny|
|poke|p1|Kingambit, L50, M|
|poke|p1|Garchomp, L50, M|
|poke|p2|Alakazam, L50, F|
|poke|p2|Zoroark-Hisui, L50, F|
|poke|p2|Meowstic, L50, M|
|poke|p2|Pelipper, L50, F|
|poke|p2|Kingambit, L50, F|
|poke|p2|Milotic, L50, M|
|teampreview|4
|showteam|p1|Milotic||SitrusBerry|Competitive|Scald,IceBeam,HelpingHand,Protect|Modest||M|||50|]Maushold-Four||WideLens|Technician|PopulationBomb,FollowMe,Protect,SunnyDay|Jolly|||||50|]Charizard||CharizarditeY|Blaze|SolarBeam,HeatWave,WeatherBall,Protect|Timid||M|||50|]Whimsicott||FocusSash|Prankster|Tailwind,Moonblast,Protect,Encore|Timid||M|||50|]Kingambit||ChopleBerry|Defiant|KowtowCleave,SuckerPunch,IronHead,LowKick|Adamant||M|||50|]Garchomp||LifeOrb|RoughSkin|RockSlide,Earthquake,DragonClaw,Protect|Jolly||M|||50|
|showteam|p2|Alakazam||Alakazite|InnerFocus|ExpandingForce,NastyPlot,Encore,Protect|Timid||F|||50|]Zoroark-Hisui||ExpertBelt|Illusion|Detect,Flamethrower,BitterMalice,IcyWind|Timid||F|||50|]Meowstic||KasibBerry|Prankster|PsychicTerrain,FakeOut,HelpingHand,Thunderbolt|Modest||M|||50|]Pelipper||SitrusBerry|Drizzle|Hurricane,Tailwind,Protect,WeatherBall|Timid||F|||50|]Kingambit||FocusSash|Defiant|SuckerPunch,IronHead,BrickBreak,Protect|Adamant||F|||50|]Milotic||Leftovers|Competitive|IceBeam,Scald,Recover,WeatherBall|Modest||M|||50|
|inactive|Battle timer is ON: inactive players will automatically lose when time's up. (requested by choclitomaster7)
|inactive|choclitomaster7 has 60 seconds left.
|
|t:|1783310576
|teamsize|p1|4
|teamsize|p2|4
|start
|switch|p1a: Kingambit|Kingambit, L50, M|100/100
|switch|p1b: Maushold|Maushold-Four, L50|100/100
|switch|p2a: Meowstic|Meowstic, L50, M|100/100
|switch|p2b: Kingambit|Kingambit, L50, F|100/100
|turn|1
|
|t:|1783310600
|move|p2a: Meowstic|Fake Out|p1a: Kingambit
|-resisted|p1a: Kingambit|1
|-damage|p1a: Kingambit|98/100
|move|p1b: Maushold|Follow Me|p1b: Maushold
|-singleturn|p1b: Maushold|move: Follow Me
|move|p2b: Kingambit|Flamethrower|p1b: Maushold
|-damage|p1b: Maushold|50/100g
|cant|p1a: Kingambit|flinch
|
|upkeep
|turn|2
|inactive|choclitomaster7 has 30 seconds left.
|
|t:|1783310632
|switch|p2b: Milotic|Milotic, L50, M|100/100
|move|p2a: Meowstic|Psychic Terrain|p2a: Meowstic
|-fieldstart|move: Psychic Terrain
|move|p1a: Kingambit|Sucker Punch||[still]
|-fail|p1a: Kingambit
|move|p1b: Maushold|Population Bomb|p2a: Meowstic
|-damage|p2a: Meowstic|88/100
|-damage|p2a: Meowstic|76/100
|-damage|p2a: Meowstic|64/100
|-damage|p2a: Meowstic|51/100
|-damage|p2a: Meowstic|38/100
|-damage|p2a: Meowstic|26/100
|-damage|p2a: Meowstic|14/100
|-damage|p2a: Meowstic|2/100
|-damage|p2a: Meowstic|0 fnt
|faint|p2a: Meowstic
|-hitcount|p2: Meowstic|9
|
|upkeep
|inactive|choclitomaster7 has 30 seconds left.
|inactive|choclitomaster7 has 20 seconds left.
|
|t:|1783310668
|switch|p2a: Kingambit|Kingambit, L50, F|100/100
|turn|3
|
|t:|1783310688
|move|p1b: Maushold|Protect|p1b: Maushold
|-singleturn|p1b: Maushold|Protect
|move|p1a: Kingambit|Sucker Punch|p2b: Milotic
|-activate|p2b: Milotic|move: Psychic Terrain
|move|p2b: Milotic|Scald|p1b: Maushold
|-activate|p1b: Maushold|move: Protect
|move|p2a: Kingambit|Brick Break|p1b: Maushold
|-activate|p1b: Maushold|move: Protect
|
|upkeep
|turn|4
|
|t:|1783310700
|switch|p1b: Milotic|Milotic, L50, M|100/100
|move|p2b: Milotic|Scald|p1b: Milotic
|-resisted|p1b: Milotic|1
|-damage|p1b: Milotic|86/100
|-status|p1b: Milotic|brn
|move|p2a: Kingambit|Brick Break|p1a: Kingambit
|-supereffective|p1a: Kingambit|2
|-enditem|p1a: Kingambit|Chople Berry|[eat]
|-enditem|p1a: Kingambit|Chople Berry|[weaken]
|-damage|p1a: Kingambit|54/100
|move|p1a: Kingambit|Low Kick|p2a: Kingambit
|-supereffective|p2a: Kingambit|2
|-enditem|p2a: Kingambit|Focus Sash
|-damage|p2a: Kingambit|1/100
|
|-damage|p1b: Milotic|80/100 brn|[from] brn
|upkeep
|turn|5
|inactive|alexander1111 has 30 seconds left.
|
|t:|1783310727
|switch|p2a: Kingambit|Kingambit, L50, F|100/100
|move|p1b: Milotic|Scald|p2a: Kingambit
|-damage|p2a: Kingambit|29/100
|replace|p2a: Zoroark|Zoroark-Hisui, L50, F
|-end|p2a: Zoroark|Illusion
|move|p2b: Milotic|Scald|p1a: Kingambit
|-damage|p1a: Kingambit|14/100
|-status|p1a: Kingambit|brn
|move|p1a: Kingambit|Kowtow Cleave|p2b: Milotic
|-damage|p2b: Milotic|77/100
|
|-heal|p2b: Milotic|83/100|[from] item: Leftovers
|-damage|p1b: Milotic|74/100 brn|[from] brn
|-damage|p1a: Kingambit|8/100 brn|[from] brn
|upkeep
|turn|6
|inactive|alexander1111 has 30 seconds left.
|inactive|choclitomaster7 has 30 seconds left.
|inactive|choclitomaster7 has 20 seconds left.
|inactive|choclitomaster7 has 15 seconds left.
|
|t:|1783310770
|move|p2a: Zoroark|Bitter Malice|p1a: Kingambit
|-resisted|p1a: Kingambit|1
|-damage|p1a: Kingambit|0 fnt
|faint|p1a: Kingambit
|move|p1b: Milotic|Scald|p2a: Zoroark
|-damage|p2a: Zoroark|0 fnt
|faint|p2a: Zoroark
|move|p2b: Milotic|Scald|p1b: Milotic
|-resisted|p1b: Milotic|1
|-damage|p1b: Milotic|60/100 brn
|
|-heal|p2b: Milotic|88/100|[from] item: Leftovers
|-damage|p1b: Milotic|54/100 brn|[from] brn
|-fieldend|move: Psychic Terrain
|upkeep
|inactive|alexander1111 has 30 seconds left.
|
|t:|1783310798
|switch|p2a: Kingambit|Kingambit, L50, F|1/100
|switch|p1a: Charizard|Charizard, L50, M, shiny|100/100
|turn|7
|
|t:|1783310818
|move|p1a: Charizard|Protect|p1a: Charizard
|-singleturn|p1a: Charizard|Protect
|move|p2a: Kingambit|Sucker Punch|p1b: Milotic
|-damage|p1b: Milotic|16/100 brn
|-enditem|p1b: Milotic|Sitrus Berry|[eat]
|-heal|p1b: Milotic|41/100 brn|[from] item: Sitrus Berry
|move|p1b: Milotic|Scald|p2a: Kingambit
|-damage|p2a: Kingambit|0 fnt
|faint|p2a: Kingambit
|move|p2b: Milotic|Scald|p1a: Charizard
|-activate|p1a: Charizard|move: Protect
|
|-heal|p2b: Milotic|94/100|[from] item: Leftovers
|-damage|p1b: Milotic|35/100 brn|[from] brn
|upkeep
|turn|8
|
|t:|1783310838
|detailschange|p1a: Charizard|Charizard-Mega-Y, L50, M, shiny
|-mega|p1a: Charizard|Charizard|Charizardite Y
|-weather|SunnyDay|[from] ability: Drought|[of] p1a: Charizard
|move|p1b: Milotic|Helping Hand|p1a: Charizard
|-singleturn|p1a: Charizard|Helping Hand|[of] p1b: Milotic
|move|p1a: Charizard|Solar Beam||[still]
|-prepare|p1a: Charizard|Solar Beam
|-anim|p1a: Charizard|Solar Beam|p2b: Milotic
|-supereffective|p2b: Milotic|1
|-damage|p2b: Milotic|0 fnt
|faint|p2b: Milotic
|
|win|alexander1111
||choclitomaster7 is ready for game 3.
||alexander1111 is ready for game 3.
|uhtml|next|Next: Game 3 of 3
|l|☆choclitomaster7
|player|p2|
