|j|☆amoongussie
|j|☆garchompteam
|html|amoongussiegarchompteam    
|uhtml|bestof|Game 3 of a best-of-3
|t:|1756159152
|gametype|doubles
|player|p1|amoongussie|gardenia|1110
|player|p2|garchompteam|2|1017
|gen|9
|tier|[Gen 9] VGC 2025 Reg H (Bo3)
|rated|
|rule|Species Clause: Limit one of each Pokémon
|rule|Item Clause: Limit 1 of each item
|clearpoke
|poke|p1|Amoonguss, L50, M|
|poke|p1|Incineroar, L50, F|
|poke|p1|Slowbro, L50, F|
|poke|p1|Ursaluna-Bloodmoon, L50, M|
|poke|p1|Sneasler, L50, M|
|poke|p1|Dragapult, L50, M|
|poke|p2|Garchomp, L50, F|
|poke|p2|Volcarona, L50, M|
|poke|p2|Archaludon, L50, M|
|poke|p2|Pelipper, L50, M|
|poke|p2|Sneasler, L50, M|
|poke|p2|Indeedee-F, L50, F|
|teampreview|4
|showteam|p1|Amoonguss||SitrusBerry|Regenerator|PollenPuff,Spore,RagePowder,Protect|||M|||50|,,,,,Fairy]Incineroar||SafetyGoggles|Intimidate|FlareBlitz,KnockOff,FakeOut,PartingShot|||F|||50|,,,,,Ghost]Slowbro||MentalHerb|Regenerator|Psychic,Scald,TrickRoom,Protect|||F|||50|,,,,,Water]Ursaluna-Bloodmoon||LifeOrb|MindsEye|BloodMoon,EarthPower,HyperVoice,Protect|||M|||50|,,,,,Normal]Sneasler||WhiteHerb|Unburden|CloseCombat,DireClaw,Coaching,Protect|||M|||50|,,,,,Ghost]Dragapult||DragonFang|ClearBody|DragonDarts,PhantomForce,SuckerPunch,Protect|||M|||50|,,,,,Dragon
|showteam|p2|Garchomp||LoadedDice|RoughSkin|Protect,SwordsDance,ScaleShot,Earthquake|||F|||50|,,,,,Steel]Volcarona||CovertCloak|FlameBody|RagePowder,StruggleBug,FieryDance,Protect|||M|||50|,,,,,Grass]Archaludon||AssaultVest|Stamina|BodyPress,DragonPulse,ElectroShot,FlashCannon|||M|||50|,,,,,Bug]Pelipper||FocusSash|Drizzle|Tailwind,Hurricane,KnockOff,WideGuard|||M|||50|,,,,,Water]Sneasler||PsychicSeed|Unburden|FakeOut,CloseCombat,DireClaw,Protect|||M|||50|,,,,,Stellar]Indeedee-F||SafetyGoggles|PsychicSurge|FollowMe,HelpingHand,DazzlingGleam,Protect|||F|||50|,,,,,Fairy
|inactive|Battle timer is ON: inactive players will automatically lose when time's up. (requested by amoongussie)
|
|t:|1756159187
|teamsize|p1|4
|teamsize|p2|4
|start
|switch|p1a: Incineroar|Incineroar, L50, F|100/100
|switch|p1b: Slowbro|Slowbro, L50, F|100/100
|switch|p2a: Indeedee|Indeedee-F, L50, F|100/100
|switch|p2b: Sneasler|Sneasler, L50, M|100/100
|-fieldstart|move: Psychic Terrain|[from] ability: Psychic Surge|[of] p2a: Indeedee
|-enditem|p2b: Sneasler|Psychic Seed
|-boost|p2b: Sneasler|spd|1|[from] item: Psychic Seed
|-ability|p1a: Incineroar|Intimidate|boost
|-unboost|p2a: Indeedee|atk|1
|-unboost|p2b: Sneasler|atk|1
|turn|1
|inactive|amoongussie has 30 seconds left.
|inactive|amoongussie has 20 seconds left.
|
|t:|1756159223
|switch|p1a: Amoonguss|Amoonguss, L50, M|100/100
|move|p2a: Indeedee|Helping Hand|p2b: Sneasler
|-singleturn|p2b: Sneasler|Helping Hand|[of] p2a: Indeedee
|move|p2b: Sneasler|Dire Claw|p1b: Slowbro
|-damage|p1b: Slowbro|68/100
|move|p1b: Slowbro|Trick Room|p1b: Slowbro
|-fieldstart|move: Trick Room|[of] p1b: Slowbro
|
|upkeep
|turn|2
|
|t:|1756159250
|switch|p1a: Incineroar|Incineroar, L50, F|100/100
|-ability|p1a: Incineroar|Intimidate|boost
|-unboost|p2a: Indeedee|atk|1
|-unboost|p2b: Sneasler|atk|1
|switch|p2b: Pelipper|Pelipper, L50, M|100/100
|-weather|RainDance|[from] ability: Drizzle|[of] p2b: Pelipper
|move|p1b: Slowbro|Scald|p2a: Indeedee
|-damage|p2a: Indeedee|56/100
|move|p2a: Indeedee|Dazzling Gleam|p1a: Incineroar|[spread] p1a,p1b
|-damage|p1a: Incineroar|86/100
|-damage|p1b: Slowbro|52/100
|
|-weather|RainDance|[upkeep]
|upkeep
|turn|3
|inactive|garchompteam has 30 seconds left.
|inactive|amoongussie has 30 seconds left.
|inactive|amoongussie has 20 seconds left.
|
|t:|1756159294
|move|p1b: Slowbro|Psychic|p2b: Pelipper
|-damage|p2b: Pelipper|30/100
|move|p1a: Incineroar|Knock Off|p2b: Pelipper
|-damage|p2b: Pelipper|0 fnt
|-enditem|p2b: Pelipper|Focus Sash|[from] move: Knock Off|[of] p1a: Incineroar
|faint|p2b: Pelipper
|move|p2a: Indeedee|Dazzling Gleam|p1b: Slowbro|[spread] p1a,p1b
|-damage|p1a: Incineroar|70/100
|-damage|p1b: Slowbro|37/100
|
|-weather|RainDance|[upkeep]
|upkeep
|
|t:|1756159309
|switch|p2b: Sneasler|Sneasler, L50, M|100/100
|turn|4
|
|t:|1756159331
|switch|p1b: Amoonguss|Amoonguss, L50, M|100/100
|move|p2a: Indeedee|Follow Me|p2a: Indeedee
|-singleturn|p2a: Indeedee|move: Follow Me
|move|p1a: Incineroar|Knock Off|p2a: Indeedee
|-supereffective|p2a: Indeedee
|-damage|p2a: Indeedee|0 fnt
|-enditem|p2a: Indeedee|Safety Goggles|[from] move: Knock Off|[of] p1a: Incineroar
|faint|p2a: Indeedee
|move|p2b: Sneasler|Dire Claw|p1b: Amoonguss
|-damage|p1b: Amoonguss|65/100
|
|-weather|RainDance|[upkeep]
|upkeep
|
|t:|1756159335
|switch|p2a: Garchomp|Garchomp, L50, F|100/100
|turn|5
|
|t:|1756159358
|switch|p1a: Slowbro|Slowbro, L50, F|70/100
|move|p2a: Garchomp|Protect|p2a: Garchomp
|-singleturn|p2a: Garchomp|Protect
|move|p2b: Sneasler|Protect|p2b: Sneasler
|-singleturn|p2b: Sneasler|Protect
|move|p1b: Amoonguss|Spore|p2b: Sneasler
|-activate|p2b: Sneasler|move: Protect
|
|-weather|RainDance|[upkeep]
|-fieldend|move: Trick Room
|-fieldend|move: Psychic Terrain
|upkeep
|turn|6
|
|t:|1756159373
|-terastallize|p2b: Sneasler|Stellar
|move|p1b: Amoonguss|Rage Powder|p1b: Amoonguss
|-singleturn|p1b: Amoonguss|move: Rage Powder
|move|p2b: Sneasler|Dire Claw|p1b: Amoonguss
|-damage|p1b: Amoonguss|17/100
|-enditem|p1b: Amoonguss|Sitrus Berry|[eat]
|-heal|p1b: Amoonguss|42/100|[from] item: Sitrus Berry
|move|p2a: Garchomp|Swords Dance|p2a: Garchomp
|-boost|p2a: Garchomp|atk|2
|move|p1a: Slowbro|Trick Room|p1a: Slowbro
|-fieldstart|move: Trick Room|[of] p1a: Slowbro
|
|-weather|none
|upkeep
|turn|7
|-message|garchompteam forfeited.
|raw|amoongussie's rating: 1110 → 1128(+18 for winning)
|raw|garchompteam's rating: 1017 → 1008(-9 for losing)
|
|win|amoongussie
|l|☆garchompteam
|player|p2|
