|j|☆cerson
|j|☆DevinL32
|html|cersonDevinL32    
|uhtml|bestof|Game 1 of a best-of-3
|t:|1785192351
|gametype|doubles
|player|p1|cerson|265|
|player|p2|DevinL32|102|
|gen|9
|tier|[Gen 9 Champions] VGC 2026 Reg M-B (Bo3)
|rule|Species Clause: Limit one of each Pokémon
|rule|Item Clause: Limit 1 of each item
|clearpoke
|poke|p1|Aerodactyl, L50, F|
|poke|p1|Krookodile, L50, M|
|poke|p1|Clefable, L50, F|
|poke|p1|Staraptor, L50, F, shiny|
|poke|p1|Venusaur, L50, M|
|poke|p1|Skarmory, L50, F, shiny|
|poke|p2|Swampert, L50, F|
|poke|p2|Pelipper, L50, F|
|poke|p2|Ampharos, L50, M|
|poke|p2|Oranguru, L50, F|
|poke|p2|Clawitzer, L50, F|
|poke|p2|Mamoswine, L50, M|
|teampreview|4
|showteam|p1|Aerodactyl||FocusSash|Unnerve|ThunderFang,Tailwind,Earthquake,DualWingbeat|Jolly||F|||50|]Krookodile||LifeOrb|Intimidate|Protect,KnockOff,HighHorsepower,RockSlide|Jolly||M|||50|]Clefable||SitrusBerry|Unaware|FollowMe,Moonblast,HelpingHand,Protect|Calm||F|||50|]Staraptor||Staraptite|Intimidate|CloseCombat,BraveBird,Protect,Roost|Adamant||F|||50|]Venusaur||WideLens|Chlorophyll|GigaDrain,SleepPowder,EarthPower,Protect|Modest||M|||50|]Skarmory||Leftovers|Sturdy|BodyPress,IronDefense,Roost,BraveBird|Impish||F|||50|
|showteam|p2|Swampert||Swampertite|Torrent|Earthquake,IcePunch,RockSlide,WaveCrash|Adamant||F|||50|]Pelipper||SitrusBerry|Drizzle|Hurricane,Tailwind,WeatherBall,Protect|Modest||F|||50|]Ampharos||Ampharosite|Static|Discharge,VoltSwitch,CottonGuard,Protect|Quiet||M|||50|]Oranguru||FocusSash|Telepathy|Psychic,Instruct,Protect,TrickRoom|Sassy||F|||50|]Clawitzer||LifeOrb|MegaLauncher|AuraSphere,WaterPulse,HealPulse,SludgeBomb|Modest||F|||50|]Mamoswine||Leftovers|ThickFat|Earthquake,IceShard,IcicleCrash,Protect|Adamant||M|||50|
|
|t:|1785192453
|teamsize|p1|4
|teamsize|p2|4
|start
|switch|p1a: Clefable|Clefable, L50, F|100/100
|switch|p1b: Staraptor|Staraptor, L50, F, shiny|100/100
|switch|p2a: Oranguru|Oranguru, L50, F|100/100
|switch|p2b: Ampharos|Ampharos, L50, M|100/100
|-ability|p1b: Staraptor|Intimidate|boost
|-unboost|p2a: Oranguru|atk|1
|-unboost|p2b: Ampharos|atk|1
|turn|1
|
|t:|1785192498
|switch|p1b: Krookodile|Krookodile, L50, M|100/100
|-ability|p1b: Krookodile|Intimidate|boost
|-unboost|p2a: Oranguru|atk|1
|-unboost|p2b: Ampharos|atk|1
|detailschange|p2b: Ampharos|Ampharos-Mega, L50, M
|-mega|p2b: Ampharos|Ampharos|Ampharosite
|-ability|p2b: Ampharos|Mold Breaker
|move|p2b: Ampharos|Protect|p2b: Ampharos
|-singleturn|p2b: Ampharos|Protect
|move|p1a: Clefable|Moonblast|p2b: Ampharos
|-activate|p2b: Ampharos|move: Protect
|move|p2a: Oranguru|Trick Room|p2a: Oranguru
|-fieldstart|move: Trick Room|[of] p2a: Oranguru
|
|upkeep
|turn|2
|
|t:|1785192548
|switch|p2a: Clawitzer|Clawitzer, L50, F|100/100
|move|p1a: Clefable|Helping Hand|p1b: Krookodile
|-singleturn|p1b: Krookodile|Helping Hand|[of] p1a: Clefable
|move|p2b: Ampharos|Volt Switch|p1a: Clefable
|-damage|p1a: Clefable|66/100
|
|t:|1785192565
|switch|p2b: Mamoswine|Mamoswine, L50, M|100/100|[from] Volt Switch
|move|p1b: Krookodile|High Horsepower|p2b: Mamoswine
|-damage|p2b: Mamoswine|16/100
|-damage|p1b: Krookodile|90/100|[from] item: Life Orb
|
|-heal|p2b: Mamoswine|22/100|[from] item: Leftovers
|upkeep
|turn|3
|
|t:|1785192648
|move|p1a: Clefable|Protect|p1a: Clefable
|-singleturn|p1a: Clefable|Protect
|move|p1b: Krookodile|Protect|p1b: Krookodile
|-singleturn|p1b: Krookodile|Protect
|move|p2a: Clawitzer|Water Pulse|p1b: Krookodile
|-activate|p1b: Krookodile|move: Protect
|move|p2b: Mamoswine|Icicle Crash|p1a: Clefable
|-activate|p1a: Clefable|move: Protect
|
|-heal|p2b: Mamoswine|28/100|[from] item: Leftovers
|upkeep
|turn|4
|j| pks lunaflame
|c| pks lunaflame|hi
|c| pks lunaflame|just watching
|
|t:|1785192684
|move|p1a: Clefable|Follow Me|p1a: Clefable
|-singleturn|p1a: Clefable|move: Follow Me
|move|p2a: Clawitzer|Water Pulse|p1a: Clefable
|-damage|p1a: Clefable|23/100
|-enditem|p1a: Clefable|Sitrus Berry|[eat]
|-heal|p1a: Clefable|48/100|[from] item: Sitrus Berry
|-damage|p2a: Clawitzer|90/100|[from] item: Life Orb
|move|p2b: Mamoswine|Icicle Crash|p1a: Clefable
|-damage|p1a: Clefable|0 fnt
|faint|p1a: Clefable
|move|p1b: Krookodile|Knock Off|p2b: Mamoswine
|-damage|p2b: Mamoswine|0 fnt
|-enditem|p2b: Mamoswine|Leftovers|[from] move: Knock Off|[of] p1b: Krookodile
|faint|p2b: Mamoswine
|-damage|p1b: Krookodile|80/100|[from] item: Life Orb
|
|upkeep
|
|t:|1785192713
|switch|p1a: Venusaur|Venusaur, L50, M|100/100
|switch|p2b: Ampharos|Ampharos-Mega, L50, M|100/100
|-ability|p2b: Ampharos|Mold Breaker
|turn|5
|
|t:|1785192764
|move|p1b: Krookodile|Protect|p1b: Krookodile
|-singleturn|p1b: Krookodile|Protect
|move|p2b: Ampharos|Volt Switch|p1a: Venusaur
|-resisted|p1a: Venusaur|1
|-damage|p1a: Venusaur|73/100
|
|t:|1785192770
|switch|p2b: Oranguru|Oranguru, L50, F|100/100|[from] Volt Switch
|move|p2a: Clawitzer|Water Pulse|p1b: Krookodile
|-activate|p1b: Krookodile|move: Protect
|move|p1a: Venusaur|Giga Drain|p2a: Clawitzer
|-supereffective|p2a: Clawitzer|1
|-damage|p2a: Clawitzer|8/100
|-heal|p1a: Venusaur|100/100|[from] drain|[of] p2a: Clawitzer
|
|-fieldend|move: Trick Room
|upkeep
|turn|6
|
|t:|1785192794
|move|p1b: Krookodile|Knock Off|p2a: Clawitzer
|-crit|p2a: Clawitzer
|-damage|p2a: Clawitzer|0 fnt
|-enditem|p2a: Clawitzer|Life Orb|[from] move: Knock Off|[of] p1b: Krookodile
|faint|p2a: Clawitzer
|-damage|p1b: Krookodile|70/100|[from] item: Life Orb
|move|p1a: Venusaur|Sleep Powder|p2b: Oranguru
|-status|p2b: Oranguru|slp|[from] move: Sleep Powder
|cant|p2b: Oranguru|slp
|
|upkeep
|
|t:|1785192805
|switch|p2a: Ampharos|Ampharos-Mega, L50, M|100/100
|-ability|p2a: Ampharos|Mold Breaker
|turn|7
|
|t:|1785192826
|move|p1b: Krookodile|High Horsepower|p2a: Ampharos
|-supereffective|p2a: Ampharos|1
|-damage|p2a: Ampharos|3/100
|-damage|p1b: Krookodile|60/100|[from] item: Life Orb
|move|p1a: Venusaur|Sleep Powder|p2a: Ampharos
|-status|p2a: Ampharos|slp|[from] move: Sleep Powder
|-curestatus|p2b: Oranguru|slp|[msg]
|move|p2b: Oranguru|Psychic|p1a: Venusaur
|-supereffective|p1a: Venusaur|1
|-damage|p1a: Venusaur|31/100
|cant|p2a: Ampharos|slp
|
|upkeep
|turn|8
|
|t:|1785192856
|move|p1b: Krookodile|Knock Off|p2b: Oranguru
|-supereffective|p2b: Oranguru|1
|-enditem|p2b: Oranguru|Focus Sash
|-damage|p2b: Oranguru|1/100
|-damage|p1b: Krookodile|50/100g|[from] item: Life Orb
|move|p1a: Venusaur|Giga Drain|p2a: Ampharos
|-resisted|p2a: Ampharos|1
|-damage|p2a: Ampharos|0 fnt
|-heal|p1a: Venusaur|33/100|[from] drain|[of] p2a: Ampharos
|faint|p2a: Ampharos
|move|p2b: Oranguru|Psychic|p1a: Venusaur
|-supereffective|p1a: Venusaur|1
|-damage|p1a: Venusaur|0 fnt
|faint|p1a: Venusaur
|
|upkeep
|
|t:|1785192868
|switch|p1a: Staraptor|Staraptor, L50, F, shiny|100/100
|-ability|p1a: Staraptor|Intimidate|boost
|-unboost|p2b: Oranguru|atk|1
|turn|9
|
|t:|1785192883
|detailschange|p1a: Staraptor|Staraptor-Mega, L50, F, shiny
|-mega|p1a: Staraptor|Staraptor|Staraptite
|move|p1b: Krookodile|Knock Off|p2b: Oranguru
|-supereffective|p2b: Oranguru|1
|-damage|p2b: Oranguru|0 fnt
|faint|p2b: Oranguru
|-damage|p1b: Krookodile|40/100|[from] item: Life Orb
|
|win|cerson
|inactive|cerson has 30 seconds to confirm battle start!
|inactive|DevinL32 has 30 seconds to confirm battle start!
|inactive|cerson has 20 seconds to confirm battle start!
|inactive|DevinL32 has 20 seconds to confirm battle start!
||cerson is ready for game 2.
||DevinL32 is ready for game 2.
|uhtml|next|Next: Game 2 of 3
|l|☆DevinL32
|player|p2|
