|j|☆DttDMarce
|j|☆Lighting7157
|html|DttDMarceLighting7157    
|uhtml|bestof|Game 2 of a best-of-3
|t:|1784542871
|gametype|doubles
|player|p1|DttDMarce|1|1174
|player|p2|Lighting7157|102|1122
|gen|9
|tier|[Gen 9 Champions] VGC 2026 Reg M-B (Bo3)
|rated|
|rule|Species Clause: Limit one of each Pokémon
|rule|Item Clause: Limit 1 of each item
|clearpoke
|poke|p1|Charizard, L50, M|
|poke|p1|Kingambit, L50, F|
|poke|p1|Sylveon, L50, M|
|poke|p1|Garchomp, L50, M|
|poke|p1|Aerodactyl, L50, M|
|poke|p1|Farigiraf, L50, M|
|poke|p2|Staraptor, L50, M|
|poke|p2|Whimsicott, L50, M|
|poke|p2|Empoleon, L50, F|
|poke|p2|Ceruledge, L50, M|
|poke|p2|Manectric, L50, F|
|poke|p2|Ninetales-Alola, L50, F|
|teampreview|4
|showteam|p1|Charizard||CharizarditeY|SolarPower|Protect,HeatWave,SolarBeam,WeatherBall|Modest||M|||50|]Kingambit||FocusSash|Defiant|IronHead,SuckerPunch,KowtowCleave,LowKick|Adamant||F|||50|]Sylveon||FairyFeather|Pixilate|Detect,HyperVoice,HyperBeam,QuickAttack|Modest||M|||50|]Garchomp||LifeOrb|RoughSkin|Protect,DragonClaw,Earthquake,RockSlide|Jolly||M|||50|]Aerodactyl||Aerodactylite|Unnerve|IceFang,RockSlide,Tailwind,DualWingbeat|Jolly||M|||50|]Farigiraf||SitrusBerry|ArmorTail|TrickRoom,Psychic,Thunderbolt,Roar|Bold||M|||50|
|showteam|p2|Staraptor||Staraptite|Intimidate|CloseCombat,Protect,BraveBird,Roost|Adamant||M|||50|]Whimsicott||MentalHerb|Prankster|Tailwind,Charm,GigaDrain,Encore|Bold||M|||50|]Empoleon||ChopleBerry|Competitive|Protect,FlashCannon,HydroPump,IceBeam|Modest||F|||50|]Ceruledge||LifeOrb|FlashFire|BitterBlade,Protect,ShadowSneak,BulkUp|Jolly||M|||50|]Manectric||FocusSash|LightningRod|Protect,VoltSwitch,Snarl,Thunderbolt|Timid||F|||50|]Ninetales-Alola||LightClay|SnowWarning|Blizzard,AuroraVeil,FreezeDry,Protect|Modest||F|||50|
|inactive|Battle timer is ON: inactive players will automatically lose when time's up. (requested by Lighting7157)
|inactive|DttDMarce has 60 seconds left.
|
|t:|1784542929
|teamsize|p1|4
|teamsize|p2|4
|start
|switch|p1a: Aerodactyl|Aerodactyl, L50, M|100/100
|switch|p1b: Farigiraf|Farigiraf, L50, M|100/100
|switch|p2a: Staraptor|Staraptor, L50, M|100/100
|switch|p2b: Whimsicott|Whimsicott, L50, M|100/100
|-ability|p1a: Aerodactyl|Unnerve
|-ability|p2a: Staraptor|Intimidate|boost
|-unboost|p1a: Aerodactyl|atk|1
|-unboost|p1b: Farigiraf|atk|1
|turn|1
|inactive|DttDMarce has 30 seconds left.
|inactive|DttDMarce has 20 seconds left.
|
|t:|1784542966
|detailschange|p1a: Aerodactyl|Aerodactyl-Mega, L50, M
|-mega|p1a: Aerodactyl|Aerodactyl|Aerodactylite
|detailschange|p2a: Staraptor|Staraptor-Mega, L50, M
|-mega|p2a: Staraptor|Staraptor|Staraptite
|move|p2b: Whimsicott|Charm|p2a: Staraptor
|-boost|p2a: Staraptor|atk|2
|move|p1a: Aerodactyl|Rock Slide|p2b: Whimsicott|[spread] p2a,p2b
|-damage|p2a: Staraptor|82/100
|-damage|p2b: Whimsicott|82/100
|move|p2a: Staraptor|Close Combat|p1b: Farigiraf
|-crit|p1b: Farigiraf
|-damage|p1b: Farigiraf|0 fnt
|-boost|p2a: Staraptor|def|1
|-boost|p2a: Staraptor|spd|1
|faint|p1b: Farigiraf
|
|upkeep
|
|t:|1784542979
|switch|p1b: Garchomp|Garchomp, L50, M|100/100
|turn|2
|
|t:|1784542991
|move|p2b: Whimsicott|Tailwind|p2b: Whimsicott
|-sidestart|p2: Lighting7157|move: Tailwind
|move|p2a: Staraptor|Close Combat|p1a: Aerodactyl
|-damage|p1a: Aerodactyl|0 fnt
|-boost|p2a: Staraptor|def|1
|-boost|p2a: Staraptor|spd|1
|faint|p1a: Aerodactyl
|move|p1b: Garchomp|Dragon Claw|p2a: Staraptor
|-damage|p2a: Staraptor|55/100
|-damage|p1b: Garchomp|90/100|[from] item: Life Orb
|
|upkeep
|
|t:|1784543002
|switch|p1a: Kingambit|Kingambit, L50, F|100/100
|turn|3
|
|t:|1784543009
|move|p2b: Whimsicott|Charm|p2a: Staraptor
|-boost|p2a: Staraptor|atk|2
|move|p1a: Kingambit|Sucker Punch|p2a: Staraptor
|-resisted|p2a: Staraptor|1
|-damage|p2a: Staraptor|45/100
|move|p2a: Staraptor|Close Combat|p1a: Kingambit
|-supereffective|p1a: Kingambit|2
|-enditem|p1a: Kingambit|Focus Sash
|-damage|p1a: Kingambit|1/100
|-boost|p2a: Staraptor|def|1
|-boost|p2a: Staraptor|spd|1
|move|p1b: Garchomp|Rock Slide|p2b: Whimsicott|[spread] p2a
|-miss|p1b: Garchomp|p2b: Whimsicott
|-damage|p2a: Staraptor|35/100
|-damage|p1b: Garchomp|80/100|[from] item: Life Orb
|
|upkeep
|turn|4
|inactive|DttDMarce has 30 seconds left.
|inactive|Lighting7157 has 30 seconds left.
|
|t:|1784543047
|move|p2b: Whimsicott|Encore|p1b: Garchomp
|-start|p1b: Garchomp|Encore
|move|p2a: Staraptor|Roost|p2a: Staraptor
|-heal|p2a: Staraptor|85/100
|-singleturn|p2a: Staraptor|move: Roost
|move|p1b: Garchomp|Rock Slide|p2a: Staraptor|[spread] p2a,p2b
|-resisted|p2a: Staraptor|1
|-damage|p2a: Staraptor|80/100
|-damage|p2b: Whimsicott|56/100
|-damage|p1b: Garchomp|70/100|[from] item: Life Orb
|move|p1a: Kingambit|Iron Head|p2b: Whimsicott
|-supereffective|p2b: Whimsicott|1
|-damage|p2b: Whimsicott|0 fnt
|faint|p2b: Whimsicott
|
|upkeep
|
|t:|1784543064
|switch|p2b: Empoleon|Empoleon, L50, F|100/100
|turn|5
|
|t:|1784543074
|move|p2a: Staraptor|Close Combat|p1a: Kingambit
|-supereffective|p1a: Kingambit|2
|-damage|p1a: Kingambit|0 fnt
|-boost|p2a: Staraptor|def|1
|-boost|p2a: Staraptor|spd|1
|faint|p1a: Kingambit
|move|p1b: Garchomp|Rock Slide|p2a: Staraptor|[spread] p2a,p2b
|-resisted|p2b: Empoleon|1
|-damage|p2a: Staraptor|72/100
|-damage|p2b: Empoleon|89/100
|-damage|p1b: Garchomp|60/100|[from] item: Life Orb
|move|p2b: Empoleon|Ice Beam|p1b: Garchomp
|-supereffective|p1b: Garchomp|2
|-damage|p1b: Garchomp|0 fnt
|faint|p1b: Garchomp
|
|win|Lighting7157
||DttDMarce is ready for game 3.
|inactive|Lighting7157 has 30 seconds to confirm battle start!
||Lighting7157 is ready for game 3.
|uhtml|next|Next: Game 3 of 3
|l|☆Lighting7157
|player|p2|
