|j|☆BroDontFuckWithMe
|j|☆Konafor
|html|BroDontFuckWithMeKonafor    
|uhtml|bestof|Game 3 of a best-of-3
|t:|1755491100
|gametype|doubles
|player|p1|BroDontFuckWithMe|101|1192
|player|p2|Konafor|flannery|1388
|gen|9
|tier|[Gen 9] VGC 2025 Reg H (Bo3)
|rated|
|rule|Species Clause: Limit one of each Pokémon
|rule|Item Clause: Limit 1 of each item
|clearpoke
|poke|p1|Electabuzz, L50, M|
|poke|p1|Ursaluna-Bloodmoon, L50, M|
|poke|p1|Archaludon, L50, M|
|poke|p1|Talonflame, L50, M|
|poke|p1|Indeedee, L50, M|
|poke|p1|Sneasler, L50, M|
|poke|p2|Sneasler, L50, M|
|poke|p2|Indeedee, L50, M|
|poke|p2|Volcarona, L50, M|
|poke|p2|Ursaluna-Bloodmoon, L50, M|
|poke|p2|Annihilape, L50, M|
|poke|p2|Tyranitar, L50, F|
|teampreview|4
|showteam|p1|Electabuzz||Eviolite|VitalSpirit|Electroweb,FollowMe,Taunt,Protect|||M|||50|,,,,,Dragon]Ursaluna-Bloodmoon||LifeOrb|MindsEye|BloodMoon,EarthPower,HyperVoice,Protect|||M|||50|,,,,,Normal]Archaludon||PowerHerb|Sturdy|ElectroShot,DracoMeteor,FlashCannon,Protect|||M|||50|,,,,,Electric]Talonflame||CovertCloak|GaleWings|DualWingbeat,FlareBlitz,Tailwind,WillOWisp|||M|||50|,,,,,Stellar]Indeedee||FocusSash|PsychicSurge|ExpandingForce,HelpingHand,Imprison,TrickRoom|||M|||50|,,,,,Psychic]Sneasler||PsychicSeed|Unburden|CloseCombat,DireClaw,ThroatChop,Protect|||M|||50|,,,,,Dark
|showteam|p2|Sneasler||PsychicSeed|Unburden|CloseCombat,DireClaw,ThroatChop,Protect|||M|||50|,,,,,Dark]Indeedee||ChoiceScarf|PsychicSurge|ExpandingForce,TeraBlast,Trick,Protect|||M|||50|,,,,,Psychic]Volcarona||SitrusBerry|FlameBody|Overheat,StruggleBug,RagePowder,Tailwind|||M|||50|,,,,,Grass]Ursaluna-Bloodmoon||LifeOrb|MindsEye|BloodMoon,HyperVoice,EarthPower,Protect|||M|||50|,,,,,Normal]Annihilape||SafetyGoggles|Defiant|Taunt,CloseCombat,FinalGambit,RageFist|||M|||50|,,,,,Fairy]Tyranitar||AssaultVest|SandStream|TeraBlast,RockSlide,LowKick,KnockOff|||F|||50|,,,,,Flying
|inactive|Battle timer is ON: inactive players will automatically lose when time's up. (requested by Konafor)
|
|t:|1755491129
|teamsize|p1|4
|teamsize|p2|4
|start
|switch|p1a: Electabuzz|Electabuzz, L50, M|100/100
|switch|p1b: Sneasler|Sneasler, L50, M|100/100
|switch|p2a: Ursaluna|Ursaluna-Bloodmoon, L50, M|100/100
|switch|p2b: Indeedee|Indeedee, L50, M|100/100
|-fieldstart|move: Psychic Terrain|[from] ability: Psychic Surge|[of] p2b: Indeedee
|-enditem|p1b: Sneasler|Psychic Seed
|-boost|p1b: Sneasler|spd|1|[from] item: Psychic Seed
|turn|1
|inactive|BroDontFuckWithMe has 30 seconds left.
|inactive|Konafor has 30 seconds left.
|inactive|Konafor has 20 seconds left.
|
|t:|1755491165
|switch|p2a: Volcarona|Volcarona, L50, M|100/100
|-terastallize|p1b: Sneasler|Dark
|move|p1a: Electabuzz|Protect|p1a: Electabuzz
|-singleturn|p1a: Electabuzz|Protect
|move|p1b: Sneasler|Throat Chop|p2b: Indeedee
|-supereffective|p2b: Indeedee
|-crit|p2b: Indeedee
|-damage|p2b: Indeedee|0 fnt
|faint|p2b: Indeedee
|
|upkeep
|
|t:|1755491178
|switch|p2b: Ursaluna|Ursaluna-Bloodmoon, L50, M|100/100
|turn|2
|
|t:|1755491187
|move|p1b: Sneasler|Protect|p1b: Sneasler
|-singleturn|p1b: Sneasler|Protect
|move|p2b: Ursaluna|Protect|p2b: Ursaluna
|-singleturn|p2b: Ursaluna|Protect
|move|p2a: Volcarona|Tailwind|p2a: Volcarona
|-sidestart|p2: Konafor|move: Tailwind
|move|p1a: Electabuzz|Taunt|p2a: Volcarona
|-start|p2a: Volcarona|move: Taunt
|
|upkeep
|turn|3
|
|t:|1755491204
|switch|p2b: Sneasler|Sneasler, L50, M|100/100
|-enditem|p2b: Sneasler|Psychic Seed
|-boost|p2b: Sneasler|spd|1|[from] item: Psychic Seed
|move|p1a: Electabuzz|Follow Me|p1a: Electabuzz
|-singleturn|p1a: Electabuzz|move: Follow Me
|move|p1b: Sneasler|Dire Claw|p2a: Volcarona
|-damage|p2a: Volcarona|43/100
|-status|p2a: Volcarona|slp
|-enditem|p2a: Volcarona|Sitrus Berry|[eat]
|-heal|p2a: Volcarona|68/100 slp|[from] item: Sitrus Berry
|cant|p2a: Volcarona|slp
|
|upkeep
|turn|4
|
|t:|1755491215
|move|p1b: Sneasler|Protect|p1b: Sneasler
|-singleturn|p1b: Sneasler|Protect
|move|p2b: Sneasler|Dire Claw|p1a: Electabuzz
|-damage|p1a: Electabuzz|53/100
|cant|p2a: Volcarona|slp
|move|p1a: Electabuzz|Electroweb|p2b: Sneasler|[spread] p2a,p2b
|-damage|p2a: Volcarona|55/100 slp
|-damage|p2b: Sneasler|88/100
|-unboost|p2a: Volcarona|spe|1
|-unboost|p2b: Sneasler|spe|1
|
|upkeep
|turn|5
|
|t:|1755491233
|move|p1a: Electabuzz|Follow Me|p1a: Electabuzz
|-singleturn|p1a: Electabuzz|move: Follow Me
|move|p2b: Sneasler|Close Combat|p1a: Electabuzz
|-damage|p1a: Electabuzz|0 fnt
|-unboost|p2b: Sneasler|def|1
|-unboost|p2b: Sneasler|spd|1
|faint|p1a: Electabuzz
|move|p1b: Sneasler|Dire Claw|p2b: Sneasler
|-resisted|p2b: Sneasler
|-damage|p2b: Sneasler|28/100
|-curestatus|p2a: Volcarona|slp|[msg]
|move|p2a: Volcarona|Struggle Bug|p1b: Sneasler
|-supereffective|p1b: Sneasler
|-damage|p1b: Sneasler|60/100
|-unboost|p1b: Sneasler|spa|1
|
|-end|p2a: Volcarona|move: Taunt
|-sideend|p2: Konafor|move: Tailwind
|-fieldend|move: Psychic Terrain
|upkeep
|
|t:|1755491240
|switch|p1a: Indeedee|Indeedee, L50, M|100/100
|-fieldstart|move: Psychic Terrain|[from] ability: Psychic Surge|[of] p1a: Indeedee
|turn|6
|inactive|Konafor has 30 seconds left.
|
|t:|1755491272
|move|p2b: Sneasler|Protect|p2b: Sneasler
|-singleturn|p2b: Sneasler|Protect
|move|p1b: Sneasler|Close Combat|p2b: Sneasler
|-activate|p2b: Sneasler|move: Protect
|move|p1a: Indeedee|Expanding Force|p2b: Sneasler|[spread] p2a
|-activate|p2b: Sneasler|move: Protect
|-damage|p2a: Volcarona|6/100
|move|p2a: Volcarona|Tailwind|p2a: Volcarona
|-sidestart|p2: Konafor|move: Tailwind
|
|upkeep
|turn|7
|
|t:|1755491286
|-terastallize|p2b: Sneasler|Dark
|move|p2b: Sneasler|Close Combat|p1b: Sneasler
|-supereffective|p1b: Sneasler
|-damage|p1b: Sneasler|0 fnt
|-unboost|p2b: Sneasler|def|1
|-unboost|p2b: Sneasler|spd|1
|faint|p1b: Sneasler
|move|p2a: Volcarona|Struggle Bug|p1a: Indeedee
|-supereffective|p1a: Indeedee
|-crit|p1a: Indeedee
|-enditem|p1a: Indeedee|Focus Sash
|-damage|p1a: Indeedee|1/100
|-unboost|p1a: Indeedee|spa|1
|move|p1a: Indeedee|Expanding Force|p2b: Sneasler|[spread] p2a
|-immune|p2b: Sneasler
|-damage|p2a: Volcarona|0 fnt
|faint|p2a: Volcarona
|
|upkeep
|-message|BroDontFuckWithMe forfeited.
|
|win|Konafor
|raw|BroDontFuckWithMe's rating: 1192 → 1180(-12 for losing)
|raw|Konafor's rating: 1388 → 1398(+10 for winning)
|l|☆BroDontFuckWithMe
|player|p1|
