|j|☆Chelo.vgc
|j|☆a wonder year
|html|Chelo.vgca wonder year    
|uhtml|bestof|Game 1 of a best-of-3
|t:|1756999295
|gametype|doubles
|player|p1|Chelo.vgc|benga|
|player|p2|a wonder year|miku-fairy|
|gen|9
|tier|[Gen 9] VGC 2025 Reg H (Bo3)
|rule|Species Clause: Limit one of each Pokémon
|rule|Item Clause: Limit 1 of each item
|clearpoke
|poke|p1|Gholdengo, L50|
|poke|p1|Indeedee-F, L50, F|
|poke|p1|Armarouge, L50, F|
|poke|p1|Ursaluna, L50, M|
|poke|p1|Torkoal, L50, M|
|poke|p1|Lilligant-Hisui, L50, F|
|poke|p2|Annihilape, L50, M|
|poke|p2|Sinistcha, L50|
|poke|p2|Maushold-Four, L50|
|poke|p2|Klefki, L50, M|
|poke|p2|Ursaluna-Bloodmoon, L50, M|
|poke|p2|Dragonite, L50, F|
|teampreview|4
|showteam|p1|Gholdengo||WhiteHerb|GoodasGold|MakeItRain,Protect,Thunderbolt,ShadowBall||||||50|,,,,,Steel]Indeedee-F||SafetyGoggles|PsychicSurge|DazzlingGleam,HelpingHand,TrickRoom,FollowMe|||F|||50|,,,,,Fairy]Armarouge||LifeOrb|FlashFire|TrickRoom,ArmorCannon,ExpandingForce,Protect|||F|||50|,,,,,Grass]Ursaluna||FlameOrb|Guts|Protect,HeadlongRush,Earthquake,Facade|||M|||50|,,,,,Ghost]Torkoal||EjectButton|Drought|WeatherBall,Protect,EarthPower,Eruption|||M|||50|,,,,,Fire]Lilligant-Hisui||FocusSash|Chlorophyll|SleepPowder,LeafBlade,CloseCombat,AfterYou|||F|||50|,,,,,Ghost
|showteam|p2|Annihilape||Leftovers|Defiant|RageFist,DrainPunch,BulkUp,Protect|||M|||50|,,,,,Fire]Sinistcha||SitrusBerry|Hospitality|MatchaGotcha,RagePowder,StrengthSap,LifeDew||||||50|,,,,,Dark]Maushold-Four||SafetyGoggles|FriendGuard|FollowMe,BeatUp,Taunt,HelpingHand||||||50|,,,,,Ghost]Klefki||LightClay|Prankster|DazzlingGleam,Reflect,LightScreen,MistyTerrain|||M|||50|,,,,,Ghost]Ursaluna-Bloodmoon||AssaultVest|MindsEye|EarthPower,BloodMoon,HyperVoice,VacuumWave|||M|||50|,,,,,Normal]Dragonite||LoadedDice|InnerFocus|ScaleShot,Tailwind,Haze,Protect|||F|||50|,,,,,Fairy
|
|t:|1756999325
|teamsize|p1|4
|teamsize|p2|4
|start
|switch|p1a: frenemy|Indeedee-F, L50, F|100/100
|switch|p1b: go to sleep|Lilligant-Hisui, L50, F, shiny|100/100
|switch|p2a: 40 Hour Ride Home|Annihilape, L50, M|100/100
|switch|p2b: JesusChristI’m26|Klefki, L50, M|100/100
|-fieldstart|move: Psychic Terrain|[from] ability: Psychic Surge|[of] p1a: frenemy
|turn|1
|
|t:|1756999371
|move|p1a: frenemy|Follow Me|p1a: frenemy
|-singleturn|p1a: frenemy|move: Follow Me
|move|p2b: JesusChristI’m26|Misty Terrain|p2b: JesusChristI’m26
|-fieldstart|move: Misty Terrain
|move|p1b: go to sleep|Sleep Powder|p2a: 40 Hour Ride Home|[miss]
|-miss|p1b: go to sleep|p2a: 40 Hour Ride Home
|move|p2a: 40 Hour Ride Home|Drain Punch|p1a: frenemy
|-damage|p1a: frenemy|65/100
|
|upkeep
|turn|2
|c|☆Chelo.vgc|rude
|c|☆a wonder year|:)
|
|t:|1756999397
|move|p2b: JesusChristI’m26|Reflect|p2b: JesusChristI’m26
|-sidestart|p2: a wonder year|Reflect
|move|p1b: go to sleep|Leaf Blade|p2a: 40 Hour Ride Home
|-damage|p2a: 40 Hour Ride Home|69/100
|move|p2a: 40 Hour Ride Home|Bulk Up|p2a: 40 Hour Ride Home
|-boost|p2a: 40 Hour Ride Home|atk|1
|-boost|p2a: 40 Hour Ride Home|def|1
|move|p1a: frenemy|Dazzling Gleam|p2b: JesusChristI’m26|[spread] p2a,p2b
|-supereffective|p2a: 40 Hour Ride Home
|-resisted|p2b: JesusChristI’m26
|-damage|p2a: 40 Hour Ride Home|41/100
|-damage|p2b: JesusChristI’m26|94/100
|
|-heal|p2a: 40 Hour Ride Home|47/100|[from] item: Leftovers
|upkeep
|turn|3
|
|t:|1756999431
|move|p1a: frenemy|Helping Hand|p1b: go to sleep
|-singleturn|p1b: go to sleep|Helping Hand|[of] p1a: frenemy
|move|p1b: go to sleep|Leaf Blade|p2a: 40 Hour Ride Home
|-crit|p2a: 40 Hour Ride Home
|-damage|p2a: 40 Hour Ride Home|0 fnt
|faint|p2a: 40 Hour Ride Home
|move|p2b: JesusChristI’m26|Dazzling Gleam|p1b: go to sleep|[spread] p1a,p1b
|-supereffective|p1b: go to sleep
|-damage|p1a: frenemy|46/100
|-damage|p1b: go to sleep|50/100
|
|upkeep
|
|t:|1756999439
|switch|p2a: Ska|Dragonite, L50, F|100/100
|turn|4
|c|☆a wonder year|not the crit
|
|t:|1756999456
|switch|p1b: turcool|Torkoal, L50, M|100/100
|-weather|SunnyDay|[from] ability: Drought|[of] p1b: turcool
|-terastallize|p2a: Ska|Fairy
|-terastallize|p1a: frenemy|Fairy
|move|p2a: Ska|Tailwind|p2a: Ska
|-sidestart|p2: a wonder year|move: Tailwind
|move|p2b: JesusChristI’m26|Dazzling Gleam|p1b: turcool|[spread] p1a,p1b
|-resisted|p1b: turcool
|-damage|p1a: frenemy|28/100
|-damage|p1b: turcool|89/100
|-enditem|p1b: turcool|Eject Button
|
|t:|1756999481
|switch|p1b: moggerman|Armarouge, L50, F, shiny|100/100
|move|p1a: frenemy|Dazzling Gleam|p2a: Ska|[spread] p2a,p2b
|-resisted|p2b: JesusChristI’m26
|-damage|p2a: Ska|78/100
|-damage|p2b: JesusChristI’m26|85/100
|
|-weather|SunnyDay|[upkeep]
|upkeep
|turn|5
|
|t:|1756999513
|move|p1a: frenemy|Helping Hand|p1b: moggerman
|-singleturn|p1b: moggerman|Helping Hand|[of] p1a: frenemy
|move|p2a: Ska|Protect|p2a: Ska
|-singleturn|p2a: Ska|Protect
|move|p2b: JesusChristI’m26|Light Screen|p2b: JesusChristI’m26
|-sidestart|p2: a wonder year|move: Light Screen
|move|p1b: moggerman|Armor Cannon|p2a: Ska
|-activate|p2a: Ska|move: Protect
|
|-weather|SunnyDay|[upkeep]
|-fieldend|Misty Terrain
|upkeep
|turn|6
|
|t:|1756999541
|switch|p2a: Another Disaster|Ursaluna-Bloodmoon, L50, M|100/100
|move|p1a: frenemy|Helping Hand|p1b: moggerman
|-singleturn|p1b: moggerman|Helping Hand|[of] p1a: frenemy
|move|p2b: JesusChristI’m26|Dazzling Gleam|p1a: frenemy|[spread] p1a,p1b
|-resisted|p1b: moggerman
|-crit|p1b: moggerman
|-damage|p1a: frenemy|9/100
|-damage|p1b: moggerman|85/100
|move|p1b: moggerman|Armor Cannon|p2a: Another Disaster
|-damage|p2a: Another Disaster|1/100
|-unboost|p1b: moggerman|def|1
|-unboost|p1b: moggerman|spd|1
|-damage|p1b: moggerman|75/100|[from] item: Life Orb
|
|-weather|SunnyDay|[upkeep]
|upkeep
|turn|7
|c|☆a wonder year|I just realized that dnite has antisynergy with misty terrain
|c|☆a wonder year|so maybe won’t be sticking with it
|
|t:|1756999588
|switch|p1a: turcool|Torkoal, L50, M|89/100
|move|p1b: moggerman|Protect|p1b: moggerman
|-singleturn|p1b: moggerman|Protect
|move|p2b: JesusChristI’m26|Dazzling Gleam|p1b: moggerman|[spread] p1a
|-activate|p1b: moggerman|move: Protect
|-resisted|p1a: turcool
|-damage|p1a: turcool|76/100
|move|p2a: Another Disaster|Hyper Voice|p1a: turcool|[spread] p1a
|-activate|p1b: moggerman|move: Protect
|-damage|p1a: turcool|26/100
|
|-weather|SunnyDay|[upkeep]
|-sideend|p2: a wonder year|move: Tailwind
|upkeep
|turn|8
|
|t:|1756999630
|move|p2b: JesusChristI’m26|Dazzling Gleam|p1a: turcool|[spread] p1a,p1b
|-resisted|p1a: turcool
|-resisted|p1b: moggerman
|-damage|p1a: turcool|13/100
|-damage|p1b: moggerman|61/100
|move|p2a: Another Disaster|Hyper Voice|p1b: moggerman|[spread] p1a,p1b
|-crit|p1a: turcool
|-damage|p1a: turcool|0 fnt
|-damage|p1b: moggerman|0 fnt
|faint|p1a: turcool
|faint|p1b: moggerman
|
|-weather|none
|upkeep
|c|☆Chelo.vgc|damn you outsped
|
|t:|1756999644
|switch|p1b: go to sleep|Lilligant-Hisui, L50, F, shiny|50/100
|switch|p1a: frenemy|Indeedee-F, L50, F, tera:Fairy|9/100
|-fieldstart|move: Psychic Terrain|[from] ability: Psychic Surge|[of] p1a: frenemy
|turn|9
|
|t:|1756999669
|move|p2b: JesusChristI’m26|Misty Terrain|p2b: JesusChristI’m26
|-fieldstart|move: Misty Terrain
|move|p2a: Another Disaster|Vacuum Wave|p1b: go to sleep
|-damage|p1b: go to sleep|27/100
|move|p1b: go to sleep|After You|p1a: frenemy
|-activate|p1a: frenemy|move: After You
|move|p1a: frenemy|Dazzling Gleam|p2a: Another Disaster|[spread] p2a,p2b
|-resisted|p2b: JesusChristI’m26
|-damage|p2a: Another Disaster|0 fnt
|-damage|p2b: JesusChristI’m26|78/100
|faint|p2a: Another Disaster
|
|-sideend|p2: a wonder year|Reflect
|upkeep
|
|t:|1756999677
|switch|p2a: Ska|Dragonite, L50, F, tera:Fairy|78/100
|turn|10
|
|t:|1756999693
|move|p1a: frenemy|Follow Me|p1a: frenemy
|-singleturn|p1a: frenemy|move: Follow Me
|move|p2b: JesusChristI’m26|Reflect|p2b: JesusChristI’m26
|-sidestart|p2: a wonder year|Reflect
|move|p1b: go to sleep|Leaf Blade|p2a: Ska
|-damage|p2a: Ska|46/100
|move|p2a: Ska|Scale Shot|p1a: frenemy
|-immune|p1a: frenemy
|
|upkeep
|turn|11
|
|t:|1756999713
|move|p1a: frenemy|Follow Me|p1a: frenemy
|-singleturn|p1a: frenemy|move: Follow Me
|move|p1b: go to sleep|Leaf Blade|p2a: Ska
|-damage|p2a: Ska|14/100
|move|p2a: Ska|Tailwind|p2a: Ska
|-sidestart|p2: a wonder year|move: Tailwind
|move|p2b: JesusChristI’m26|Dazzling Gleam|p1b: go to sleep|[spread] p1a,p1b
|-supereffective|p1b: go to sleep
|-damage|p1a: frenemy|0 fnt
|-damage|p1b: go to sleep|0 fnt
|faint|p1a: frenemy
|faint|p1b: go to sleep
|
|win|a wonder year
|c|☆Chelo.vgc|gg
||Chelo.vgc is ready for game 2.
|inactive|a wonder year has 30 seconds to confirm battle start!
||a wonder year is ready for game 2.
|uhtml|next|Next: Game 2 of 3
