|j|☆scafato92
|j|☆Br1_lore
|html|scafato92Br1_lore    
|uhtml|bestof|Game 3 of a best-of-3
|t:|1785340151
|gametype|doubles
|player|p1|scafato92|169|1137
|player|p2|Br1_lore|265|1174
|gen|9
|tier|[Gen 9 Champions] VGC 2026 Reg M-B (Bo3)
|rated|
|rule|Species Clause: Limit one of each Pokémon
|rule|Item Clause: Limit 1 of each item
|clearpoke
|poke|p1|Whimsicott, L50, F|
|poke|p1|Charizard, L50, F|
|poke|p1|Garchomp, L50, F|
|poke|p1|Floette-Eternal, L50, F|
|poke|p1|Basculegion, L50, M|
|poke|p1|Kingambit, L50, M|
|poke|p2|Metagross, L50|
|poke|p2|Hydreigon, L50, M|
|poke|p2|Sneasler, L50, M|
|poke|p2|Aerodactyl, L50, F|
|poke|p2|Sylveon, L50, M|
|poke|p2|Sinistcha, L50|
|teampreview|4
|showteam|p1|Whimsicott||FocusSash|Prankster|Moonblast,Tailwind,Encore,Protect|Timid||F|||50|]Charizard||CharizarditeY|Blaze|HeatWave,WeatherBall,SolarBeam,Protect|Modest||F|||50|]Garchomp||LifeOrb|RoughSkin|DragonClaw,Protect,RockSlide,Earthquake|Jolly||F|||50|]Floette-Eternal||Floettite|FlowerVeil|Moonblast,DazzlingGleam,LightofRuin,Protect|Timid||F|||50|]Basculegion||MysticWater|Adaptability|WaveCrash,AquaJet,LastRespects,Protect|Adamant||M|||50|]Kingambit||BlackGlasses|Defiant|SuckerPunch,KowtowCleave,IronHead,Protect|Adamant||M|||50|
|showteam|p2|Metagross||Metagrossite|ClearBody|IronHead,PsychicFangs,Earthquake,Protect|Jolly|||||50|]Hydreigon||ChoiceScarf|Levitate|DracoMeteor,EarthPower,HeatWave,DarkPulse|Timid||M|||50|]Sneasler||WhiteHerb|Unburden|CloseCombat,DireClaw,FakeOut,Protect|Adamant||M|||50|]Aerodactyl||FocusSash|Unnerve|DualWingbeat,IceFang,Tailwind,RockSlide|Jolly||F|||50|]Sylveon||FairyFeather|Pixilate|HyperBeam,HyperVoice,QuickAttack,Detect|Modest||M|||50|]Sinistcha||KasibBerry|Hospitality|MatchaGotcha,LifeDew,RagePowder,Protect|Bold|||||50|
|inactive|Battle timer is ON: inactive players will automatically lose when time's up. (requested by scafato92)
|
|t:|1785340171
|teamsize|p1|4
|teamsize|p2|4
|start
|switch|p1a: Whimsicott|Whimsicott, L50, F|100/100
|switch|p1b: Garchomp|Garchomp, L50, F|100/100
|switch|p2a: Sneasler|Sneasler, L50, M|100/100
|switch|p2b: Aerodactyl|Aerodactyl, L50, F|100/100
|-ability|p2b: Aerodactyl|Unnerve
|turn|1
|
|t:|1785340189
|move|p2a: Sneasler|Fake Out|p1a: Whimsicott
|-damage|p1a: Whimsicott|79/100
|cant|p1a: Whimsicott|flinch
|move|p2b: Aerodactyl|Ice Fang|p1b: Garchomp
|-supereffective|p1b: Garchomp|2
|-damage|p1b: Garchomp|21/100
|-damage|p2b: Aerodactyl|87/100|[from] ability: Rough Skin|[of] p1b: Garchomp
|move|p1b: Garchomp|Earthquake|p2a: Sneasler|[spread] p1a,p2a
|-immune|p2b: Aerodactyl
|-resisted|p1a: Whimsicott|1
|-supereffective|p2a: Sneasler|1
|-crit|p2a: Sneasler
|-damage|p1a: Whimsicott|39/100
|-damage|p2a: Sneasler|0 fnt
|faint|p2a: Sneasler
|-damage|p1b: Garchomp|11/100|[from] item: Life Orb
|
|upkeep
|inactive|Br1_lore has 30 seconds left.
|
|t:|1785340215
|switch|p2a: Metagross|Metagross, L50|100/100
|turn|2
|
|t:|1785340224
|detailschange|p2a: Metagross|Metagross-Mega, L50
|-mega|p2a: Metagross|Metagross|Metagrossite
|move|p1a: Whimsicott|Tailwind|p1a: Whimsicott
|-sidestart|p1: scafato92|move: Tailwind
|move|p1b: Garchomp|Rock Slide|p2a: Metagross|[spread] p2a,p2b
|-resisted|p2a: Metagross|1
|-supereffective|p2b: Aerodactyl|1
|-damage|p2a: Metagross|90/100
|-damage|p2b: Aerodactyl|1/100
|-damage|p1b: Garchomp|2/100|[from] item: Life Orb
|move|p2b: Aerodactyl|Tailwind|p2b: Aerodactyl
|-sidestart|p2: Br1_lore|move: Tailwind
|move|p2a: Metagross|Earthquake|p1b: Garchomp|[spread] p1a,p1b
|-immune|p2b: Aerodactyl
|-resisted|p1a: Whimsicott|1
|-damage|p1a: Whimsicott|18/100
|-damage|p1b: Garchomp|0 fnt
|faint|p1b: Garchomp
|
|upkeep
|
|t:|1785340243
|switch|p1b: Kingambit|Kingambit, L50, M|100/100
|turn|3
|inactive|Br1_lore has 30 seconds left.
|
|t:|1785340273
|switch|p2a: Hydreigon|Hydreigon, L50, M|100/100
|move|p2b: Aerodactyl|Tailwind||[still]
|-fail|p2b: Aerodactyl
|move|p1a: Whimsicott|Moonblast|p2b: Aerodactyl
|-damage|p2b: Aerodactyl|0 fnt
|faint|p2b: Aerodactyl
|move|p1b: Kingambit|Kowtow Cleave|p2a: Hydreigon
|-resisted|p2a: Hydreigon|1
|-damage|p2a: Hydreigon|66/100
|
|upkeep
|
|t:|1785340283
|switch|p2b: Metagross|Metagross-Mega, L50|90/100
|turn|4
|
|t:|1785340297
|move|p1a: Whimsicott|Protect|p1a: Whimsicott
|-singleturn|p1a: Whimsicott|Protect
|move|p1b: Kingambit|Sucker Punch|p2b: Metagross
|-supereffective|p2b: Metagross|1
|-damage|p2b: Metagross|17/100
|move|p2a: Hydreigon|Dark Pulse|p1a: Whimsicott
|-activate|p1a: Whimsicott|move: Protect
|move|p2b: Metagross|Earthquake|p1b: Kingambit|[spread] p1b
|-activate|p1a: Whimsicott|move: Protect
|-immune|p2a: Hydreigon|[from] ability: Levitate
|-supereffective|p1b: Kingambit|1
|-damage|p1b: Kingambit|57/100
|
|upkeep
|turn|5
|inactive|scafato92 has 30 seconds left.
|
|t:|1785340323
|move|p2b: Metagross|Protect|p2b: Metagross
|-singleturn|p2b: Metagross|Protect
|move|p1a: Whimsicott|Encore|p2b: Metagross
|-activate|p2b: Metagross|move: Protect
|move|p2a: Hydreigon|Dark Pulse|p1a: Whimsicott
|-resisted|p1a: Whimsicott|1
|-damage|p1a: Whimsicott|0 fnt
|faint|p1a: Whimsicott
|move|p1b: Kingambit|Iron Head|p2a: Hydreigon
|-damage|p2a: Hydreigon|13/100
|
|-sideend|p2: Br1_lore|move: Tailwind
|-sideend|p1: scafato92|move: Tailwind
|upkeep
|
|t:|1785340336
|switch|p1a: Floette|Floette-Eternal, L50, F|100/100
|turn|6
|
|t:|1785340346
|detailschange|p1a: Floette|Floette-Mega, L50, F
|-mega|p1a: Floette|Floette|Floettite
|-ability|p1a: Floette|Fairy Aura
|move|p1b: Kingambit|Sucker Punch|p2b: Metagross
|-supereffective|p2b: Metagross|1
|-crit|p2b: Metagross
|-damage|p2b: Metagross|0 fnt
|faint|p2b: Metagross
|move|p2a: Hydreigon|Dark Pulse|p1b: Kingambit
|-resisted|p1b: Kingambit|1
|-damage|p1b: Kingambit|39/100
|move|p1a: Floette|Dazzling Gleam|p2a: Hydreigon
|-supereffective|p2a: Hydreigon|2
|-damage|p2a: Hydreigon|0 fnt
|faint|p2a: Hydreigon
|
|win|scafato92
|raw|scafato92's rating: 1137 → 1165(+28 for winning)
|raw|Br1_lore's rating: 1174 → 1146(-28 for losing)
|l|☆Br1_lore
|player|p2|
|j|☆Br1_lore
|player|p2|Br1_lore|265|
|l|☆scafato92
|player|p1|
