|j|☆eratakate
|j|☆dont make me walk
|html|eratakatedont make me walk    
|uhtml|bestof|Game 3 of a best-of-3
|t:|1756735010
|gametype|doubles
|player|p1|eratakate|169|1285
|player|p2|dont make me walk|red-masters3|1272
|gen|9
|tier|[Gen 9] VGC 2025 Reg H (Bo3)
|rated|
|rule|Species Clause: Limit one of each Pokémon
|rule|Item Clause: Limit 1 of each item
|clearpoke
|poke|p1|Incineroar, L50, M|
|poke|p1|Amoonguss, L50, F|
|poke|p1|Ursaluna-Bloodmoon, L50, M|
|poke|p1|Sneasler, L50, M|
|poke|p1|Gholdengo, L50|
|poke|p1|Dragonite, L50, F|
|poke|p2|Indeedee-F, L50, F|
|poke|p2|Ursaluna, L50, M|
|poke|p2|Gallade, L50, M|
|poke|p2|Torkoal, L50, F|
|poke|p2|Maushold-Four, L50|
|poke|p2|Hatterene, L50, F|
|teampreview|4
|showteam|p1|Incineroar||SafetyGoggles|Intimidate|FlareBlitz,KnockOff,PartingShot,FakeOut|||M|||50|,,,,,Ghost]Amoonguss||SitrusBerry|Regenerator|Spore,RagePowder,PollenPuff,Protect|||F|||50|,,,,,Psychic]Ursaluna-Bloodmoon||AssaultVest|MindsEye|HyperVoice,BloodMoon,EarthPower,VacuumWave|||M|||50|,,,,,Water]Sneasler||FocusSash|Unburden|CloseCombat,DireClaw,ThroatChop,Protect|||M|||50|,,,,,Stellar]Gholdengo||LifeOrb|GoodasGold|MakeItRain,ShadowBall,NastyPlot,Protect||||||50|,,,,,Water]Dragonite||LoadedDice|Multiscale|ScaleShot,Tailwind,Haze,Protect|||F|||50|,,,,,Fairy
|showteam|p2|Indeedee-F||SafetyGoggles|PsychicSurge|Psychic,FollowMe,HelpingHand,TrickRoom|||F|||50|,,,,,Steel]Ursaluna||FlameOrb|Guts|Facade,Substitute,HeadlongRush,Protect|||M|||50|,,,,,Ghost]Gallade||ClearAmulet|Sharpness|PsychoCut,SacredSword,WideGuard,TrickRoom|||M|||50|,,,,,Grass]Torkoal||Charcoal|Drought|Eruption,WeatherBall,ClearSmog,EarthPower|||F|||50|,,,,,Fire]Maushold-Four||WideLens|Technician|PopulationBomb,FollowMe,Taunt,Protect||||||50|,,,,,Ghost]Hatterene||CovertCloak|MagicBounce|DazzlingGleam,ExpandingForce,TeraBlast,TrickRoom|||F|||50|,,,,,Fire
|inactive|Battle timer is ON: inactive players will automatically lose when time's up. (requested by dont make me walk)
|inactive|eratakate has 60 seconds left.
|inactive|eratakate has 30 seconds left.
|inactive|eratakate has 20 seconds left.
|inactive|eratakate has 15 seconds left.
|inactive|eratakate has 10 seconds left.
|
|t:|1756735094
|teamsize|p1|4
|teamsize|p2|4
|start
|switch|p1a: Incineroar|Incineroar, L50, M|100/100
|switch|p1b: Amoonguss|Amoonguss, L50, F|100/100
|switch|p2a: Indeedee|Indeedee-F, L50, F|100/100
|switch|p2b: Gallade|Gallade, L50, M|100/100
|-fieldstart|move: Psychic Terrain|[from] ability: Psychic Surge|[of] p2a: Indeedee
|-ability|p1a: Incineroar|Intimidate|boost
|-unboost|p2a: Indeedee|atk|1
|-fail|p2b: Gallade|unboost|[from] item: Clear Amulet|[of] p2b: Gallade
|turn|1
|
|t:|1756735115
|-terastallize|p2b: Gallade|Grass
|move|p2b: Gallade|Sacred Sword|p1a: Incineroar
|-supereffective|p1a: Incineroar
|-damage|p1a: Incineroar|0 fnt
|faint|p1a: Incineroar
|move|p1b: Amoonguss|Spore|p2a: Indeedee
|-activate|p2a: Indeedee|item: Safety Goggles|Spore
|move|p2a: Indeedee|Trick Room|p2a: Indeedee
|-fieldstart|move: Trick Room|[of] p2a: Indeedee
|
|upkeep
|
|t:|1756735126
|switch|p1a: Ursaluna|Ursaluna-Bloodmoon, L50, M|100/100
|turn|2
|inactive|eratakate has 30 seconds left.
|
|t:|1756735159
|-terastallize|p1a: Ursaluna|Water
|move|p2a: Indeedee|Helping Hand|p2b: Gallade
|-singleturn|p2b: Gallade|Helping Hand|[of] p2a: Indeedee
|move|p1b: Amoonguss|Protect|p1b: Amoonguss
|-singleturn|p1b: Amoonguss|Protect
|move|p1a: Ursaluna|Blood Moon|p2b: Gallade
|-damage|p2b: Gallade|38/100
|move|p2b: Gallade|Sacred Sword|p1a: Ursaluna
|-damage|p1a: Ursaluna|23/100
|
|upkeep
|turn|3
|
|t:|1756735178
|move|p1b: Amoonguss|Pollen Puff|p1a: Ursaluna
|-heal|p1a: Ursaluna|73/100
|move|p1a: Ursaluna|Hyper Voice|p2b: Gallade|[spread] p2a,p2b
|-damage|p2a: Indeedee|66/100
|-damage|p2b: Gallade|6/100
|move|p2a: Indeedee|Psychic|p1a: Ursaluna
|-damage|p1a: Ursaluna|48/100
|move|p2b: Gallade|Psycho Cut|p1b: Amoonguss
|-supereffective|p1b: Amoonguss
|-damage|p1b: Amoonguss|0 fnt
|faint|p1b: Amoonguss
|
|upkeep
|
|t:|1756735189
|switch|p1b: Gholdengo|Gholdengo, L50|100/100
|turn|4
|inactive|dont make me walk has 30 seconds left.
|inactive|dont make me walk has 20 seconds left.
|inactive|dont make me walk has 15 seconds left.
|
|t:|1756735232
|switch|p2a: Hatterene|Hatterene, L50, F|100/100
|move|p1a: Ursaluna|Hyper Voice|p2a: Hatterene|[spread] p2a,p2b
|-damage|p2a: Hatterene|65/100
|-damage|p2b: Gallade|0 fnt
|faint|p2b: Gallade
|move|p1b: Gholdengo|Nasty Plot|p1b: Gholdengo
|-boost|p1b: Gholdengo|spa|2
|
|upkeep
|
|t:|1756735235
|switch|p2b: Torkoal|Torkoal, L50, F|100/100
|-weather|SunnyDay|[from] ability: Drought|[of] p2b: Torkoal
|turn|5
|
|t:|1756735247
|move|p1b: Gholdengo|Protect|p1b: Gholdengo
|-singleturn|p1b: Gholdengo|Protect
|move|p2b: Torkoal|Eruption|p1a: Ursaluna|[spread] p1a
|-activate|p1b: Gholdengo|move: Protect
|-resisted|p1a: Ursaluna
|-damage|p1a: Ursaluna|19/100
|move|p2a: Hatterene|Expanding Force|p1a: Ursaluna|[spread] p1a
|-activate|p1b: Gholdengo|move: Protect
|-damage|p1a: Ursaluna|0 fnt
|faint|p1a: Ursaluna
|
|-weather|SunnyDay|[upkeep]
|-fieldend|move: Trick Room
|-fieldend|move: Psychic Terrain
|upkeep
|turn|6
|
|t:|1756735258
|switch|p2b: Indeedee|Indeedee-F, L50, F|66/100
|-fieldstart|move: Psychic Terrain|[from] ability: Psychic Surge|[of] p2b: Indeedee
|move|p1b: Gholdengo|Make It Rain|p2b: Indeedee|[spread] p2a,p2b
|-supereffective|p2a: Hatterene
|-damage|p2a: Hatterene|0 fnt
|-damage|p2b: Indeedee|0 fnt
|-unboost|p1b: Gholdengo|spa|1
|faint|p2a: Hatterene
|faint|p2b: Indeedee
|-damage|p1b: Gholdengo|91/100|[from] item: Life Orb
|
|-weather|SunnyDay|[upkeep]
|upkeep
|
|t:|1756735262
|switch|p2b: Torkoal|Torkoal, L50, F|100/100
|turn|7
|
|t:|1756735264
|move|p1b: Gholdengo|Shadow Ball|p2b: Torkoal
|-damage|p2b: Torkoal|0 fnt
|faint|p2b: Torkoal
|-damage|p1b: Gholdengo|81/100|[from] item: Life Orb
|
|win|eratakate
|raw|eratakate's rating: 1285 → 1309(+24 for winning)
|raw|dont make me walk's rating: 1272 → 1248(-24 for losing)
|l|☆dont make me walk
|player|p2|
