|j|☆maish
|j|☆SvenV2
|html|maishSvenV2    
|uhtml|bestof|Game 1 of a best-of-3
|t:|1756491193
|gametype|doubles
|player|p1|maish|roxie|1069
|player|p2|SvenV2|2|1040
|gen|9
|tier|[Gen 9] VGC 2025 Reg H (Bo3)
|rated|
|rule|Species Clause: Limit one of each Pokémon
|rule|Item Clause: Limit 1 of each item
|clearpoke
|poke|p1|Pelipper, L50, M|
|poke|p1|Archaludon, L50, M|
|poke|p1|Basculegion, L50, M|
|poke|p1|Amoonguss, L50, F|
|poke|p1|Incineroar, L50, M|
|poke|p1|Gholdengo, L50|
|poke|p2|Kommo-o, L50, M|
|poke|p2|Tyranitar, L50, M|
|poke|p2|Weavile, L50, M|
|poke|p2|Sinistcha, L50|
|poke|p2|Garchomp, L50, M|
|poke|p2|Metagross, L50|
|teampreview|4
|showteam|p1|Pelipper||FocusSash|Drizzle|WeatherBall,Hurricane,Tailwind,Protect|||M|||50|,,,,,Ghost]Archaludon||AssaultVest|Stamina|DragonPulse,ElectroShot,Snarl,BodyPress|||M|||50|,,,,,Grass]Basculegion||ChoiceBand|SwiftSwim|WaveCrash,AquaJet,LastRespects,FlipTurn|||M|||50|,,,,,Grass]Amoonguss||RockyHelmet|Regenerator|RagePowder,PollenPuff,Spore,Protect|||F|||50|,,,,,Water]Incineroar||SafetyGoggles|Intimidate|FakeOut,FlareBlitz,PartingShot,KnockOff|||M|||50|,,,,,Water]Gholdengo||LifeOrb|GoodasGold|MakeItRain,ShadowBall,NastyPlot,Protect||||||50|,,,,,Dragon
|showteam|p2|Kommo-o||ThroatSpray|Overcoat|ClangingScales,ClangorousSoul,Protect,TeraBlast|||M|||50|,,,,,Flying]Tyranitar||AssaultVest|SandStream|KnockOff,RockSlide,Earthquake,LowKick|||M|||50|,,,,,Ghost]Weavile||LifeOrb|Pressure|FakeOut,ThroatChop,IcicleCrash,Protect|||M|||50|,,,,,Ghost]Sinistcha||SitrusBerry|Hospitality|MatchaGotcha,TrickRoom,LifeDew,RagePowder||||||50|,,,,,Water]Garchomp||ClearAmulet|RoughSkin|StompingTantrum,DragonClaw,Earthquake,Protect|||M|||50|,,,,,Ground]Metagross||Leftovers|ClearBody|HeavySlam,PsychicFangs,Protect,StompingTantrum||||||50|,,,,,Dragon
|inactive|Battle timer is ON: inactive players will automatically lose when time's up. (requested by SvenV2)
|inactive|maish has 60 seconds left.
|
|t:|1756491247
|teamsize|p1|4
|teamsize|p2|4
|start
|switch|p1a: Gholdengo|Gholdengo, L50|100/100
|switch|p1b: Amoonguss|Amoonguss, L50, F, shiny|100/100
|switch|p2a: Garchomp|Garchomp, L50, M, shiny|100/100
|switch|p2b: Weavile|Weavile, L50, M, shiny|100/100
|-ability|p2b: Weavile|Pressure
|turn|1
|inactive|maish has 30 seconds left.
|
|t:|1756491275
|-terastallize|p1b: Amoonguss|Water
|move|p1a: Gholdengo|Protect|p1a: Gholdengo
|-singleturn|p1a: Gholdengo|Protect
|move|p2b: Weavile|Icicle Crash|p1b: Amoonguss
|-resisted|p1b: Amoonguss
|-damage|p1b: Amoonguss|80/100
|-damage|p2b: Weavile|91/100|[from] item: Life Orb
|move|p2a: Garchomp|Earthquake|p1b: Amoonguss|[spread] p2b,p1b
|-activate|p1a: Gholdengo|move: Protect
|-damage|p2b: Weavile|37/100
|-damage|p1b: Amoonguss|48/100
|move|p1b: Amoonguss|Spore|p2a: Garchomp
|-status|p2a: Garchomp|slp|[from] move: Spore
|
|upkeep
|turn|2
|inactive|maish has 30 seconds left.
|inactive|SvenV2 has 30 seconds left.
|inactive|maish has 20 seconds left.
|
|t:|1756491313
|move|p1b: Amoonguss|Rage Powder|p1b: Amoonguss
|-singleturn|p1b: Amoonguss|move: Rage Powder
|move|p2b: Weavile|Throat Chop|p1b: Amoonguss
|-damage|p1b: Amoonguss|9/100
|-start|p1b: Amoonguss|Throat Chop|[silent]
|-damage|p2b: Weavile|20/100|[from] item: Rocky Helmet|[of] p1b: Amoonguss
|-damage|p2b: Weavile|11/100|[from] item: Life Orb
|cant|p2a: Garchomp|slp
|move|p1a: Gholdengo|Nasty Plot|p1a: Gholdengo
|-boost|p1a: Gholdengo|spa|2
|
|upkeep
|turn|3
|
|t:|1756491334
|move|p1b: Amoonguss|Rage Powder|p1b: Amoonguss
|-singleturn|p1b: Amoonguss|move: Rage Powder
|move|p2b: Weavile|Icicle Crash|p1b: Amoonguss
|-resisted|p1b: Amoonguss
|-damage|p1b: Amoonguss|0 fnt
|faint|p1b: Amoonguss
|-damage|p2b: Weavile|1/100|[from] item: Life Orb
|cant|p2a: Garchomp|slp
|move|p1a: Gholdengo|Make It Rain|p2a: Garchomp|[spread] p2a,p2b
|-supereffective|p2b: Weavile
|-damage|p2a: Garchomp|0 fnt
|-damage|p2b: Weavile|0 fnt
|-unboost|p1a: Gholdengo|spa|1
|faint|p2a: Garchomp
|faint|p2b: Weavile
|-damage|p1a: Gholdengo|91/100|[from] item: Life Orb
|
|upkeep
|
|t:|1756491348
|switch|p2b: Sinistcha|Sinistcha, L50, shiny|100/100
|switch|p2a: Tyranitar|Tyranitar, L50, M, shiny|100/100
|switch|p1b: Basculegion|Basculegion, L50, M, shiny|100/100
|-weather|Sandstorm|[from] ability: Sand Stream|[of] p2a: Tyranitar
|turn|4
|
|t:|1756491369
|-terastallize|p2a: Tyranitar|Ghost
|move|p1b: Basculegion|Flip Turn|p2a: Tyranitar
|-damage|p2a: Tyranitar|56/100
|
|t:|1756491373
|switch|p1b: Pelipper|Pelipper, L50, M, shiny|100/100|[from] Flip Turn
|-weather|RainDance|[from] ability: Drizzle|[of] p1b: Pelipper
|move|p1a: Gholdengo|Make It Rain|p2b: Sinistcha|[spread] p2a,p2b
|-damage|p2a: Tyranitar|0 fnt
|-damage|p2b: Sinistcha|4/100
|-unboost|p1a: Gholdengo|spa|1
|-enditem|p2b: Sinistcha|Sitrus Berry|[eat]
|-heal|p2b: Sinistcha|29/100|[from] item: Sitrus Berry
|faint|p2a: Tyranitar
|-damage|p1a: Gholdengo|81/100|[from] item: Life Orb
|move|p2b: Sinistcha|Trick Room|p2b: Sinistcha
|-fieldstart|move: Trick Room|[of] p2b: Sinistcha
|
|-weather|RainDance|[upkeep]
|upkeep
|turn|5
|
|t:|1756491391
|move|p2b: Sinistcha|Matcha Gotcha|p1b: Pelipper|[spread] p1a,p1b
|-resisted|p1a: Gholdengo
|-crit|p1a: Gholdengo
|-damage|p1a: Gholdengo|64/100
|-heal|p2b: Sinistcha|38/100|[from] drain|[of] p1a: Gholdengo
|-damage|p1b: Pelipper|58/100
|-heal|p2b: Sinistcha|54/100|[from] drain|[of] p1b: Pelipper
|-status|p1a: Gholdengo|brn
|move|p1b: Pelipper|Hurricane|p2b: Sinistcha
|-supereffective|p2b: Sinistcha
|-damage|p2b: Sinistcha|0 fnt
|faint|p2b: Sinistcha
|
|win|maish
