|j|☆floettefan670
|j|☆toqjosh
|html|floettefan670toqjosh    
|uhtml|bestof|Game 1 of a best-of-3
|t:|1783592241
|gametype|doubles
|player|p1|floettefan670|miku-psychic|1047
|player|p2|toqjosh|pokemonranger-gen4|1048
|gen|9
|tier|[Gen 9 Champions] VGC 2026 Reg M-B (Bo3)
|rated|
|rule|Species Clause: Limit one of each Pokémon
|rule|Item Clause: Limit 1 of each item
|clearpoke
|poke|p1|Floette-Eternal, L50, F|
|poke|p1|Delphox, L50, F|
|poke|p1|Garchomp, L50, M|
|poke|p1|Sneasler, L50, M|
|poke|p1|Sinistcha, L50|
|poke|p1|Incineroar, L50, F|
|poke|p2|Overqwil, L50, M|
|poke|p2|Audino, L50, M|
|poke|p2|Incineroar, L50, F|
|poke|p2|Sinistcha, L50|
|poke|p2|Ampharos, L50, F|
|poke|p2|Slowbro, L50, F|
|teampreview|4
|showteam|p1|Floette-Eternal||Floettite|FlowerVeil|Protect,CalmMind,DazzlingGleam,DrainingKiss|Modest||F|||50|]Delphox||Delphoxite|Blaze|HeatWave,Psychic,NastyPlot,Protect|Timid||F|||50|]Garchomp||ChoiceScarf|RoughSkin|RockSlide,Earthquake,StompingTantrum,DragonClaw|Adamant||M|||50|]Sneasler||FocusSash|PoisonTouch|FakeOut,PoisonJab,CloseCombat,QuickGuard|Jolly||M|||50|]Sinistcha||KasibBerry|Hospitality|MatchaGotcha,RagePowder,Protect,TrickRoom|Calm|||||50|]Incineroar||SitrusBerry|Intimidate|FakeOut,FlareBlitz,ThroatChop,PartingShot|Bold||F|||50|
|showteam|p2|Overqwil||SitrusBerry|Intimidate|Acupressure,Crunch,Waterfall,GunkShot|Jolly||M|||50|]Audino||Leftovers|Healer|SimpleBeam,AllySwitch,IcyWind,Wish|Timid||M|||50|]Incineroar||ShucaBerry|Intimidate|FakeOut,FlareBlitz,PartingShot,Protect|Impish||F|||50|]Sinistcha||KasibBerry|Hospitality|MatchaGotcha,RagePowder,TrickRoom,LifeDew|Bold|||||50|]Ampharos||Ampharosite|Static|DazzlingGleam,Thunderbolt,Protect,DragonPulse|Modest||F|||50|]Slowbro||Slowbronite|Oblivious|BodyPress,CalmMind,StoredPower,IronDefense|Calm||F|||50|
|
|t:|1783592284
|teamsize|p1|4
|teamsize|p2|4
|start
|switch|p1a: Floette|Floette-Eternal, L50, F|100/100
|switch|p1b: Incineroar|Incineroar, L50, F|100/100
|switch|p2a: Incineroar|Incineroar, L50, F|100/100
|switch|p2b: Slowbro|Slowbro, L50, F|100/100
|-ability|p1b: Incineroar|Intimidate|boost
|-unboost|p2a: Incineroar|atk|1
|-fail|p2b: Slowbro|unboost|Attack|[from] ability: Oblivious|[of] p2b: Slowbro
|-ability|p2a: Incineroar|Intimidate|boost
|-unboost|p1a: Floette|atk|1
|-unboost|p1b: Incineroar|atk|1
|turn|1
|inactive|Battle timer is ON: inactive players will automatically lose when time's up. (requested by toqjosh)
|
|t:|1783592300
|detailschange|p1a: Floette|Floette-Mega, L50, F
|-mega|p1a: Floette|Floette|Floettite
|-ability|p1a: Floette|Fairy Aura
|detailschange|p2b: Slowbro|Slowbro-Mega, L50, F
|-mega|p2b: Slowbro|Slowbro|Slowbronite
|move|p1b: Incineroar|Fake Out|p2a: Incineroar
|-damage|p2a: Incineroar|94/100
|cant|p2a: Incineroar|flinch
|move|p1a: Floette|Calm Mind|p1a: Floette
|-boost|p1a: Floette|spa|1
|-boost|p1a: Floette|spd|1
|move|p2b: Slowbro|Calm Mind|p2b: Slowbro
|-boost|p2b: Slowbro|spa|1
|-boost|p2b: Slowbro|spd|1
|
|upkeep
|turn|2
|
|t:|1783592315
|move|p1a: Floette|Dazzling Gleam|p2b: Slowbro|[spread] p2a,p2b
|-damage|p2a: Incineroar|38/100
|-damage|p2b: Slowbro|63/100
|move|p1b: Incineroar|Parting Shot|p2b: Slowbro
|-unboost|p2b: Slowbro|atk|1
|-unboost|p2b: Slowbro|spa|1
|
|t:|1783592323
|switch|p1b: Sinistcha|Sinistcha, L50|100/100|[from] Parting Shot
|move|p2a: Incineroar|Parting Shot|p1a: Floette
|-unboost|p1a: Floette|atk|1
|-unboost|p1a: Floette|spa|1
|
|t:|1783592327
|switch|p2a: Overqwil|Overqwil, L50, M|100/100|[from] Parting Shot
|-ability|p2a: Overqwil|Intimidate|boost
|-unboost|p1a: Floette|atk|1
|-unboost|p1b: Sinistcha|atk|1
|move|p2b: Slowbro|Calm Mind|p2b: Slowbro
|-boost|p2b: Slowbro|spa|1
|-boost|p2b: Slowbro|spd|1
|
|upkeep
|turn|3
|
|t:|1783592333
|move|p1b: Sinistcha|Rage Powder|p1b: Sinistcha
|-singleturn|p1b: Sinistcha|move: Rage Powder
|move|p1a: Floette|Calm Mind|p1a: Floette
|-boost|p1a: Floette|spa|1
|-boost|p1a: Floette|spd|1
|move|p2a: Overqwil|Acupressure|p2b: Slowbro
|-boost|p2b: Slowbro|accuracy|2
|move|p2b: Slowbro|Calm Mind|p2b: Slowbro
|-boost|p2b: Slowbro|spa|1
|-boost|p2b: Slowbro|spd|1
|
|upkeep
|turn|4
|
|t:|1783592343
|switch|p1b: Incineroar|Incineroar, L50, F|100/100
|-ability|p1b: Incineroar|Intimidate|boost
|-unboost|p2a: Overqwil|atk|1
|-unboost|p2b: Slowbro|atk|1
|move|p1a: Floette|Protect|p1a: Floette
|-singleturn|p1a: Floette|Protect
|move|p2a: Overqwil|Acupressure|p2b: Slowbro
|-boost|p2b: Slowbro|evasion|2
|move|p2b: Slowbro|Calm Mind|p2b: Slowbro
|-boost|p2b: Slowbro|spa|1
|-boost|p2b: Slowbro|spd|1
|
|upkeep
|turn|5
|
|t:|1783592355
|move|p1b: Incineroar|Fake Out|p2a: Overqwil
|-damage|p2a: Overqwil|89/100
|move|p1a: Floette|Dazzling Gleam|p2b: Slowbro|[spread] p2a,p2b
|-damage|p2a: Overqwil|15/100
|-damage|p2b: Slowbro|47/100
|-enditem|p2a: Overqwil|Sitrus Berry|[eat]
|-heal|p2a: Overqwil|40/100|[from] item: Sitrus Berry
|cant|p2a: Overqwil|flinch
|move|p2b: Slowbro|Iron Defense|p2b: Slowbro
|-boost|p2b: Slowbro|def|2
|
|upkeep
|turn|6
|
|t:|1783592377
|move|p1a: Floette|Dazzling Gleam|p2b: Slowbro|[spread] p2a
|-miss|p1a: Floette|p2b: Slowbro
|-damage|p2a: Overqwil|0 fnt
|faint|p2a: Overqwil
|move|p1b: Incineroar|Parting Shot|p2b: Slowbro
|-unboost|p2b: Slowbro|atk|1
|-unboost|p2b: Slowbro|spa|1
|
|t:|1783592384
|switch|p1b: Sinistcha|Sinistcha, L50|100/100|[from] Parting Shot
|move|p2b: Slowbro|Stored Power|p1a: Floette
|-damage|p1a: Floette|9/100
|
|upkeep
|
|t:|1783592390
|switch|p2a: Sinistcha|Sinistcha, L50|100/100
|-heal|p2b: Slowbro|71/100|[from] ability: Hospitality|[of] p2a: Sinistcha
|turn|7
|
|t:|1783592398
|move|p1b: Sinistcha|Rage Powder|p1b: Sinistcha
|-singleturn|p1b: Sinistcha|move: Rage Powder
|move|p1a: Floette|Draining Kiss|p2a: Sinistcha
|-damage|p2a: Sinistcha|39/100
|-heal|p1a: Floette|59/100|[from] drain|[of] p2a: Sinistcha
|move|p2a: Sinistcha|Life Dew|p2a: Sinistcha|[spread] p2a,p2b
|-heal|p2a: Sinistcha|64/100
|-heal|p2b: Slowbro|97/100
|move|p2b: Slowbro|Calm Mind|p2b: Slowbro
|-boost|p2b: Slowbro|spa|1
|-boost|p2b: Slowbro|spd|1
|
|upkeep
|turn|8
|
|t:|1783592416
|move|p1b: Sinistcha|Rage Powder|p1b: Sinistcha
|-singleturn|p1b: Sinistcha|move: Rage Powder
|move|p1a: Floette|Calm Mind|p1a: Floette
|-boost|p1a: Floette|spa|1
|-boost|p1a: Floette|spd|1
|move|p2b: Slowbro|Stored Power|p1b: Sinistcha
|-damage|p1b: Sinistcha|0 fnt
|faint|p1b: Sinistcha
|move|p2a: Sinistcha|Trick Room|p2a: Sinistcha
|-fieldstart|move: Trick Room|[of] p2a: Sinistcha
|
|upkeep
|
|t:|1783592419
|switch|p1b: Incineroar|Incineroar, L50, F|100/100
|-ability|p1b: Incineroar|Intimidate|boost
|-unboost|p2a: Sinistcha|atk|1
|-unboost|p2b: Slowbro|atk|1
|turn|9
|
|t:|1783592426
|move|p1b: Incineroar|Fake Out|p2b: Slowbro
|-damage|p2b: Slowbro|94/100
|move|p2a: Sinistcha|Rage Powder|p2a: Sinistcha
|-singleturn|p2a: Sinistcha|move: Rage Powder
|cant|p2b: Slowbro|flinch
|move|p1a: Floette|Calm Mind|p1a: Floette
|-boost|p1a: Floette|spa|1
|-boost|p1a: Floette|spd|1
|
|upkeep
|turn|10
|
|t:|1783592432
|move|p1a: Floette|Protect|p1a: Floette
|-singleturn|p1a: Floette|Protect
|move|p2a: Sinistcha|Rage Powder|p2a: Sinistcha
|-singleturn|p2a: Sinistcha|move: Rage Powder
|move|p2b: Slowbro|Stored Power|p1a: Floette
|-activate|p1a: Floette|move: Protect
|move|p1b: Incineroar|Parting Shot|p2a: Sinistcha
|-unboost|p2a: Sinistcha|atk|1
|-unboost|p2a: Sinistcha|spa|1
|
|t:|1783592434
|switch|p1b: Garchomp|Garchomp, L50, M|100/100|[from] Parting Shot
|
|upkeep
|turn|11
|
|t:|1783592445
|switch|p1b: Incineroar|Incineroar, L50, F|100/100
|-ability|p1b: Incineroar|Intimidate|boost
|-unboost|p2a: Sinistcha|atk|1
|-unboost|p2b: Slowbro|atk|1
|move|p2a: Sinistcha|Rage Powder|p2a: Sinistcha
|-singleturn|p2a: Sinistcha|move: Rage Powder
|move|p2b: Slowbro|Calm Mind|p2b: Slowbro
|-boost|p2b: Slowbro|spa|1
|-boost|p2b: Slowbro|spd|1
|move|p1a: Floette|Draining Kiss|p2a: Sinistcha
|-damage|p2a: Sinistcha|0 fnt
|-heal|p1a: Floette|100/100|[from] drain|[of] p2a: Sinistcha
|faint|p2a: Sinistcha
|
|upkeep
|
|t:|1783592448
|switch|p2a: Incineroar|Incineroar, L50, F|38/100
|-ability|p2a: Incineroar|Intimidate|boost
|-unboost|p1a: Floette|atk|1
|-unboost|p1b: Incineroar|atk|1
|turn|12
|
|t:|1783592458
|move|p1a: Floette|Protect|p1a: Floette
|-singleturn|p1a: Floette|Protect
|move|p2a: Incineroar|Fake Out|p1b: Incineroar
|-damage|p1b: Incineroar|91/100
|cant|p1b: Incineroar|flinch
|move|p2b: Slowbro|Stored Power|p1a: Floette
|-activate|p1a: Floette|move: Protect
|
|-fieldend|move: Trick Room
|upkeep
|turn|13
|
|t:|1783592472
|move|p1a: Floette|Dazzling Gleam|p2b: Slowbro|[spread] p2a,p2b
|-damage|p2a: Incineroar|0 fnt
|-damage|p2b: Slowbro|72/100
|faint|p2a: Incineroar
|move|p1b: Incineroar|Parting Shot|p2b: Slowbro|[miss]
|-miss|p1b: Incineroar|p2b: Slowbro
|move|p2b: Slowbro|Stored Power|p1a: Floette
|-damage|p1a: Floette|0 fnt
|faint|p1a: Floette
|
|upkeep
|
|t:|1783592478
|switch|p1a: Garchomp|Garchomp, L50, M|100/100
|turn|14
|
|t:|1783592484
|move|p1a: Garchomp|Rock Slide|p2b: Slowbro
|-damage|p2b: Slowbro|64/100
|move|p1b: Incineroar|Throat Chop|p2b: Slowbro
|-supereffective|p2b: Slowbro|1
|-damage|p2b: Slowbro|52/100
|-start|p2b: Slowbro|Throat Chop|[silent]
|move|p2b: Slowbro|Iron Defense|p2b: Slowbro
|-boost|p2b: Slowbro|def|2
|
|upkeep
|turn|15
|
|t:|1783592492
|move|p1a: Garchomp|Rock Slide|p2b: Slowbro|[miss]
|-miss|p1a: Garchomp|p2b: Slowbro
|move|p1b: Incineroar|Throat Chop|p2b: Slowbro
|-supereffective|p2b: Slowbro|1
|-damage|p2b: Slowbro|45/100
|move|p2b: Slowbro|Body Press|p1b: Incineroar
|-supereffective|p1b: Incineroar|1
|-damage|p1b: Incineroar|0 fnt
|faint|p1b: Incineroar
|
|-end|p2b: Slowbro|Throat Chop|[silent]
|upkeep
|turn|16
|
|t:|1783592497
|move|p1a: Garchomp|Rock Slide|p2b: Slowbro
|-damage|p2b: Slowbro|40/100
|move|p2b: Slowbro|Stored Power|p1a: Garchomp
|-damage|p1a: Garchomp|0 fnt
|faint|p1a: Garchomp
|
|win|toqjosh
