|j|☆root2iris
|j|☆MidoMidori
|html|root2irisMidoMidori    
|uhtml|bestof|Game 2 of a best-of-3
|t:|1756220863
|gametype|doubles
|player|p1|root2iris|guitarist|1250
|player|p2|MidoMidori|roxanne-gen6|1281
|gen|9
|tier|[Gen 9] VGC 2025 Reg H (Bo3)
|rated|
|rule|Species Clause: Limit one of each Pokémon
|rule|Item Clause: Limit 1 of each item
|clearpoke
|poke|p1|Archaludon, L50, M|
|poke|p1|Pelipper, L50, M|
|poke|p1|Amoonguss, L50, F|
|poke|p1|Incineroar, L50, M|
|poke|p1|Baxcalibur, L50, M|
|poke|p1|Annihilape, L50, F|
|poke|p2|Sneasler, L50, F|
|poke|p2|Indeedee, L50, M|
|poke|p2|Volcarona, L50, F|
|poke|p2|Ursaluna-Bloodmoon, L50, M|
|poke|p2|Annihilape, L50, M|
|poke|p2|Tyranitar, L50, M|
|teampreview|4
|showteam|p1|Archaludon||AssaultVest|Stamina|DragonPulse,ElectroShot,BodyPress,Thunderbolt|||M|||50|,,,,,Bug]Pelipper||FocusSash|Drizzle|MuddyWater,Hurricane,Tailwind,Protect|||M|||50|,,,,,Ghost]Amoonguss||CovertCloak|Regenerator|PollenPuff,RagePowder,Spore,Protect|||F|||50|,,,,,Fairy]Incineroar||SafetyGoggles|Intimidate|KnockOff,BurningJealousy,PartingShot,FakeOut|||M|||50|,,,,,Ghost]Baxcalibur||LoadedDice|ThermalExchange|IcicleSpear,ScaleShot,HighHorsepower,Protect|||M|||50|,,,,,Ghost]Annihilape||SitrusBerry|Defiant|RageFist,FinalGambit,Coaching,Taunt|||F|||50|,,,,,Fire
|showteam|p2|Sneasler||PsychicSeed|Unburden|CloseCombat,DireClaw,ThroatChop,Protect|||F|||50|,,,,,Dark]Indeedee||ChoiceScarf|PsychicSurge|ExpandingForce,TeraBlast,Trick,Protect|||M|||50|,,,,,Psychic]Volcarona||SitrusBerry|FlameBody|Overheat,StruggleBug,RagePowder,Tailwind|||F|||50|,,,,,Grass]Ursaluna-Bloodmoon||LifeOrb|MindsEye|BloodMoon,HyperVoice,EarthPower,Protect|||M|||50|,,,,,Normal]Annihilape||SafetyGoggles|Defiant|CloseCombat,RageFist,Taunt,FinalGambit|||M|||50|,,,,,Fairy]Tyranitar||AssaultVest|SandStream|RockSlide,KnockOff,TeraBlast,LowKick|||M|||50|,,,,,Flying
|inactive|Battle timer is ON: inactive players will automatically lose when time's up. (requested by root2iris)
|
|t:|1756220892
|teamsize|p1|4
|teamsize|p2|4
|start
|switch|p1a: Oathkeeper|Pelipper, L50, M, shiny|100/100
|switch|p1b: Air Combo++|Baxcalibur, L50, M|100/100
|switch|p2a: Volcarona|Volcarona, L50, F|100/100
|switch|p2b: Ursaluna|Ursaluna-Bloodmoon, L50, M|100/100
|-weather|RainDance|[from] ability: Drizzle|[of] p1a: Oathkeeper
|turn|1
|
|t:|1756220905
|-terastallize|p2b: Ursaluna|Normal
|move|p1b: Air Combo++|Protect|p1b: Air Combo++
|-singleturn|p1b: Air Combo++|Protect
|move|p2a: Volcarona|Tailwind|p2a: Volcarona
|-sidestart|p2: MidoMidori|move: Tailwind
|move|p2b: Ursaluna|Hyper Voice|p1a: Oathkeeper|[spread] p1a
|-activate|p1b: Air Combo++|move: Protect
|-enditem|p1a: Oathkeeper|Focus Sash
|-damage|p1a: Oathkeeper|1/100
|-damage|p2b: Ursaluna|91/100|[from] item: Life Orb
|move|p1a: Oathkeeper|Tailwind|p1a: Oathkeeper
|-sidestart|p1: root2iris|move: Tailwind
|
|-weather|RainDance|[upkeep]
|upkeep
|turn|2
|inactive|root2iris has 30 seconds left.
|inactive|root2iris has 20 seconds left.
|inactive|root2iris has 15 seconds left.
|
|t:|1756220947
|switch|p1a: Roxas|Archaludon, L50, M|100/100
|move|p2a: Volcarona|Struggle Bug|p1b: Air Combo++|[spread] p1a,p1b
|-resisted|p1a: Roxas
|-damage|p1a: Roxas|93/100
|-damage|p1b: Air Combo++|83/100
|-unboost|p1a: Roxas|spa|1
|-unboost|p1b: Air Combo++|spa|1
|-ability|p1a: Roxas|Stamina|boost
|-boost|p1a: Roxas|def|1
|move|p1b: Air Combo++|Scale Shot|p2a: Volcarona
|-damage|p2a: Volcarona|82/100
|-damage|p2a: Volcarona|63/100
|-damage|p2a: Volcarona|46/100
|-enditem|p2a: Volcarona|Sitrus Berry|[eat]
|-heal|p2a: Volcarona|71/100|[from] item: Sitrus Berry
|-damage|p2a: Volcarona|54/100
|-hitcount|p2a: Volcarona|4
|-unboost|p1b: Air Combo++|def|1
|-boost|p1b: Air Combo++|spe|1
|move|p2b: Ursaluna|Blood Moon|p1b: Air Combo++
|-damage|p1b: Air Combo++|0 fnt
|faint|p1b: Air Combo++
|-damage|p2b: Ursaluna|81/100|[from] item: Life Orb
|
|-weather|RainDance|[upkeep]
|upkeep
|
|t:|1756220970
|switch|p1b: RC|Incineroar, L50, M|100/100
|-ability|p1b: RC|Intimidate|boost
|-unboost|p2a: Volcarona|atk|1
|-unboost|p2b: Ursaluna|atk|1
|turn|3
|
|t:|1756220985
|switch|p2a: Annihilape|Annihilape, L50, M|100/100
|move|p2b: Ursaluna|Protect|p2b: Ursaluna
|-singleturn|p2b: Ursaluna|Protect
|move|p1b: RC|Fake Out|p2b: Ursaluna
|-activate|p2b: Ursaluna|move: Protect
|move|p1a: Roxas|Electro Shot||[still]
|-prepare|p1a: Roxas|Electro Shot
|-boost|p1a: Roxas|spa|1
|-anim|p1a: Roxas|Electro Shot|p2a: Annihilape
|-damage|p2a: Annihilape|66/100
|
|-weather|RainDance|[upkeep]
|upkeep
|turn|4
|inactive|root2iris has 30 seconds left.
|inactive|root2iris has 20 seconds left.
|inactive|root2iris has 15 seconds left.
|inactive|root2iris has 10 seconds left.
|inactive|MidoMidori has 30 seconds left.
|
|t:|1756221040
|-terastallize|p1a: Roxas|Bug
|move|p2a: Annihilape|Final Gambit|p1a: Roxas
|-damage|p1a: Roxas|24/100
|-ability|p1a: Roxas|Stamina|boost
|-boost|p1a: Roxas|def|1
|faint|p2a: Annihilape
|move|p1b: RC|Knock Off|p2b: Ursaluna
|-damage|p2b: Ursaluna|50/100
|-enditem|p2b: Ursaluna|Life Orb|[from] move: Knock Off|[of] p1b: RC
|move|p1a: Roxas|Body Press|p2b: Ursaluna
|-supereffective|p2b: Ursaluna
|-damage|p2b: Ursaluna|0 fnt
|faint|p2b: Ursaluna
|
|-weather|RainDance|[upkeep]
|-sideend|p2: MidoMidori|move: Tailwind
|-sideend|p1: root2iris|move: Tailwind
|upkeep
|
|t:|1756221044
|switch|p2a: Volcarona|Volcarona, L50, F|54/100
|switch|p2b: Sneasler|Sneasler, L50, F|100/100
|turn|5
|inactive|root2iris has 30 seconds left.
|
|t:|1756221076
|move|p2b: Sneasler|Close Combat|p1b: RC
|-supereffective|p1b: RC
|-damage|p1b: RC|0 fnt
|-unboost|p2b: Sneasler|def|1
|-unboost|p2b: Sneasler|spd|1
|faint|p1b: RC
|move|p2a: Volcarona|Overheat|p1a: Roxas|[miss]
|-miss|p2a: Volcarona|p1a: Roxas
|move|p1a: Roxas|Electro Shot||[still]
|-prepare|p1a: Roxas|Electro Shot
|-boost|p1a: Roxas|spa|1
|-anim|p1a: Roxas|Electro Shot|p2a: Volcarona
|-damage|p2a: Volcarona|1/100
|
|-weather|none
|upkeep
|
|t:|1756221084
|switch|p1b: Oathkeeper|Pelipper, L50, M, shiny|1/100
|-weather|RainDance|[from] ability: Drizzle|[of] p1b: Oathkeeper
|turn|6
|
|t:|1756221099
|move|p2b: Sneasler|Dire Claw|p1b: Oathkeeper
|-damage|p1b: Oathkeeper|0 fnt
|faint|p1b: Oathkeeper
|move|p2a: Volcarona|Overheat|p1a: Roxas
|-supereffective|p1a: Roxas
|-damage|p1a: Roxas|0 fnt
|-unboost|p2a: Volcarona|spa|2
|faint|p1a: Roxas
|
|win|MidoMidori
|raw|root2iris's rating: 1250 → 1227(-23 for losing)
|raw|MidoMidori's rating: 1281 → 1304(+23 for winning)
|l|☆MidoMidori
|player|p2|
