|j|☆JakAttack101
|j|☆Fedex 27
|html|JakAttack101Fedex 27    
|uhtml|bestof|Game 3 of a best-of-3
|t:|1756393716
|gametype|doubles
|player|p1|JakAttack101|blaine|1000
|player|p2|Fedex 27|will|1077
|gen|9
|tier|[Gen 9] VGC 2025 Reg H (Bo3)
|rated|
|rule|Species Clause: Limit one of each Pokémon
|rule|Item Clause: Limit 1 of each item
|clearpoke
|poke|p1|Annihilape, L50, M|
|poke|p1|Ninetales-Alola, L50, M|
|poke|p1|Garchomp, L50, F|
|poke|p1|Dragonite, L50, M|
|poke|p1|Sneasler, L50, M|
|poke|p1|Incineroar, L50, F|
|poke|p2|Ninetales-Alola, L50, F|
|poke|p2|Dragonite, L50, M|
|poke|p2|Gholdengo, L50|
|poke|p2|Magmar, L50, M|
|poke|p2|Annihilape, L50, F|
|poke|p2|Ursaluna-Bloodmoon, L50, M|
|teampreview|4
|showteam|p1|Annihilape||AssaultVest|Defiant|RageFist,DrainPunch,RockTomb,FinalGambit|||M|||50|,,,,,Fire]Ninetales-Alola||ChoiceSpecs|SnowWarning|Blizzard,Moonblast,FreezeDry,IcyWind|||M|||50|,,,,,Ghost]Garchomp||LifeOrb|RoughSkin|Earthquake,StompingTantrum,DragonClaw,Protect|||F|||50|,,,,,Steel]Dragonite||LoadedDice|Multiscale|ScaleShot,Tailwind,Protect,Haze|||M|||50|,,,,,Fairy]Sneasler||FocusSash|Unburden|CloseCombat,DireClaw,FakeOut,Coaching|||M|||50|,,,,,Ghost]Incineroar||SafetyGoggles|Intimidate|KnockOff,Taunt,FakeOut,PartingShot|||F|||50|,,,,,Fairy
|showteam|p2|Ninetales-Alola||LightClay|SnowWarning|AuroraVeil,Blizzard,IceBeam,Encore|||F|||50|,,,,,Ghost]Dragonite||LoadedDice|Multiscale|ScaleShot,IceSpinner,ExtremeSpeed,Protect|||M|||50|,,,,,Normal]Gholdengo||MetalCoat|GoodasGold|MakeItRain,Protect,ShadowBall,NastyPlot||||||50|,,,,,Dragon]Magmar||Eviolite|FlameBody|FollowMe,HeatWave,Protect,WillOWisp|||M|||50|,,,,,Ghost]Annihilape||SafetyGoggles|Defiant|DrainPunch,BulkUp,Protect,RageFist|||F|||50|,,,,,Fire]Ursaluna-Bloodmoon||AssaultVest|MindsEye|BloodMoon,EarthPower,VacuumWave,HyperVoice|||M|||50|,,,,,Water
|inactive|Battle timer is ON: inactive players will automatically lose when time's up. (requested by Fedex 27)
|inactive|JakAttack101 has 60 seconds left.
|
|t:|1756393751
|teamsize|p1|4
|teamsize|p2|4
|start
|switch|p1a: Ninetales|Ninetales-Alola, L50, M, shiny|100/100
|switch|p1b: Garchomp|Garchomp, L50, F|100/100
|switch|p2a: Dragonite|Dragonite, L50, M|100/100
|switch|p2b: Annihilape|Annihilape, L50, F|100/100
|-weather|Snowscape|[from] ability: Snow Warning|[of] p1a: Ninetales
|turn|1
|inactive|Fedex 27 has 30 seconds left.
|inactive|Fedex 27 has 20 seconds left.
|inactive|Fedex 27 has 15 seconds left.
|
|t:|1756393794
|-terastallize|p2a: Dragonite|Normal
|move|p1b: Garchomp|Protect|p1b: Garchomp
|-singleturn|p1b: Garchomp|Protect
|move|p2b: Annihilape|Protect|p2b: Annihilape
|-singleturn|p2b: Annihilape|Protect
|move|p2a: Dragonite|Extreme Speed|p1a: Ninetales
|-damage|p1a: Ninetales|58/100
|move|p1a: Ninetales|Blizzard|p2a: Dragonite|[spread] p2a
|-activate|p2b: Annihilape|move: Protect
|-damage|p2a: Dragonite|74/100
|
|-weather|Snowscape|[upkeep]
|upkeep
|turn|2
|inactive|JakAttack101 has 30 seconds left.
|inactive|Fedex 27 has 30 seconds left.
|
|t:|1756393820
|-terastallize|p1b: Garchomp|Steel
|move|p1a: Ninetales|Blizzard|p2a: Dragonite|[spread] p2a,p2b
|-damage|p2a: Dragonite|28/100
|-damage|p2b: Annihilape|61/100
|move|p1b: Garchomp|Stomping Tantrum|p2b: Annihilape
|-damage|p2b: Annihilape|6/100
|-damage|p1b: Garchomp|91/100|[from] item: Life Orb
|move|p2b: Annihilape|Rage Fist|p1b: Garchomp
|-damage|p1b: Garchomp|26/100
|-damage|p2b: Annihilape|0 fnt|[from] ability: Rough Skin|[of] p1b: Garchomp
|faint|p2b: Annihilape
|move|p2a: Dragonite|Ice Spinner|p1b: Garchomp
|-resisted|p1b: Garchomp
|-damage|p1b: Garchomp|9/100
|-damage|p2a: Dragonite|16/100|[from] ability: Rough Skin|[of] p1b: Garchomp
|
|-weather|Snowscape|[upkeep]
|upkeep
|inactive|Fedex 27 has 30 seconds left.
|
|t:|1756393846
|switch|p2b: Gholdengo|Gholdengo, L50|100/100
|turn|3
|
|t:|1756393862
|move|p1b: Garchomp|Protect|p1b: Garchomp
|-singleturn|p1b: Garchomp|Protect
|move|p2a: Dragonite|Protect|p2a: Dragonite
|-singleturn|p2a: Dragonite|Protect
|move|p1a: Ninetales|Blizzard|p2b: Gholdengo|[spread] p2b
|-activate|p2a: Dragonite|move: Protect
|-resisted|p2b: Gholdengo
|-damage|p2b: Gholdengo|72/100
|move|p2b: Gholdengo|Nasty Plot|p2b: Gholdengo
|-boost|p2b: Gholdengo|spa|2
|
|-weather|Snowscape|[upkeep]
|upkeep
|turn|4
|inactive|Fedex 27 has 30 seconds left.
|
|t:|1756393888
|switch|p1b: Annihilape|Annihilape, L50, M, shiny|100/100
|move|p2a: Dragonite|Extreme Speed|p1b: Annihilape
|-immune|p1b: Annihilape
|move|p1a: Ninetales|Blizzard|p2a: Dragonite|[spread] p2a,p2b
|-resisted|p2b: Gholdengo
|-damage|p2a: Dragonite|0 fnt
|-damage|p2b: Gholdengo|47/100
|faint|p2a: Dragonite
|move|p2b: Gholdengo|Nasty Plot|p2b: Gholdengo
|-boost|p2b: Gholdengo|spa|2
|
|-weather|Snowscape|[upkeep]
|upkeep
|
|t:|1756393902
|switch|p2a: Magmar|Magmar, L50, M|100/100
|turn|5
|
|t:|1756393911
|move|p2a: Magmar|Follow Me|p2a: Magmar
|-singleturn|p2a: Magmar|move: Follow Me
|move|p1a: Ninetales|Blizzard|p2a: Magmar|[spread] p2a,p2b
|-resisted|p2a: Magmar
|-resisted|p2b: Gholdengo
|-damage|p2a: Magmar|85/100
|-damage|p2b: Gholdengo|21/100
|move|p1b: Annihilape|Rock Tomb|p2a: Magmar
|-supereffective|p2a: Magmar
|-damage|p2a: Magmar|60/100
|-unboost|p2a: Magmar|spe|1
|move|p2b: Gholdengo|Make It Rain|p1a: Ninetales|[spread] p1a,p1b
|-supereffective|p1a: Ninetales
|-damage|p1a: Ninetales|0 fnt
|-damage|p1b: Annihilape|0 fnt
|-unboost|p2b: Gholdengo|spa|1
|faint|p1a: Ninetales
|faint|p1b: Annihilape
|
|-weather|none
|upkeep
|
|t:|1756393924
|switch|p1a: Dragonite|Dragonite, L50, M, shiny|100/100
|switch|p1b: Garchomp|Garchomp, L50, F, tera:Steel|9/100
|turn|6
|
|t:|1756393937
|move|p2a: Magmar|Follow Me|p2a: Magmar
|-singleturn|p2a: Magmar|move: Follow Me
|move|p1b: Garchomp|Earthquake|p2b: Gholdengo|[spread] p2a,p2b
|-immune|p1a: Dragonite
|-supereffective|p2a: Magmar
|-supereffective|p2b: Gholdengo
|-crit|p2b: Gholdengo
|-damage|p2a: Magmar|0 fnt
|-damage|p2b: Gholdengo|0 fnt
|faint|p2a: Magmar
|faint|p2b: Gholdengo
|-damage|p1b: Garchomp|0 fnt|[from] item: Life Orb
|faint|p1b: Garchomp
|
|win|JakAttack101
|raw|JakAttack101's rating: 1000 → 1049(+49 for winning)
|raw|Fedex 27's rating: 1077 → 1051(-26 for losing)
|l|☆Fedex 27
|player|p2|
|c|☆JakAttack101|gg
