|j|☆kamataka
|j|☆Sapitoch 4
|html|kamatakaSapitoch 4    
|uhtml|bestof|Game 2 of a best-of-3
|t:|1782234464
|gametype|doubles
|player|p1|kamataka|bruno|1108
|player|p2|Sapitoch 4|102|1188
|gen|9
|tier|[Gen 9 Champions] VGC 2026 Reg M-B (Bo3)
|rated|
|rule|Species Clause: Limit one of each Pokémon
|rule|Item Clause: Limit 1 of each item
|clearpoke
|poke|p1|Raichu, L50, M, shiny|
|poke|p1|Pelipper, L50, M, shiny|
|poke|p1|Grimmsnarl, L50, M, shiny|
|poke|p1|Sneasler, L50, M, shiny|
|poke|p1|Archaludon, L50, F, shiny|
|poke|p1|Whimsicott, L50, M, shiny|
|poke|p2|Gengar, L50, F|
|poke|p2|Incineroar, L50, F|
|poke|p2|Sinistcha, L50|
|poke|p2|Kingambit, L50, F|
|poke|p2|Garchomp, L50, F|
|poke|p2|Floette-Eternal, L50, F|
|teampreview|4
|showteam|p1|Raichu||RaichuniteY|Static|Protect,DazzlingGleam,FakeOut,ZapCannon|Hasty||M|||50|]Pelipper||WacanBerry|Drizzle|Tailwind,Protect,Hurricane,HelpingHand|Bold||M|||50|]Grimmsnarl||MentalHerb|Prankster|Reflect,LightScreen,SpiritBreak,SuckerPunch|Adamant||M|||50|]Sneasler||WhiteHerb|PoisonTouch|FakeOut,DireClaw,Protect,CloseCombat|Jolly||M|||50|]Archaludon||Leftovers|Stamina|ElectroShot,Protect,DracoMeteor,FlashCannon|Timid||F|||50|]Whimsicott||FocusSash|Prankster|Tailwind,Moonblast,Protect,Taunt|Bold||M|||50|
|showteam|p2|Gengar||Gengarite|CursedBody|ShadowBall,PerishSong,Disable,Protect|Timid||F|||50|]Incineroar||PasshoBerry|Intimidate|PartingShot,FakeOut,FlareBlitz,Protect|Brave||F|||50|]Sinistcha||KasibBerry|Hospitality|MatchaGotcha,Protect,RagePowder,TrickRoom|Sassy|||||50|]Kingambit||BlackGlasses|Defiant|KowtowCleave,SuckerPunch,SwordsDance,Protect|Brave||F|||50|]Garchomp||LifeOrb|RoughSkin|DragonClaw,Earthquake,RockSlide,Protect|Jolly||F|||50|]Floette-Eternal||Floettite|FlowerVeil|DazzlingGleam,Moonblast,LightofRuin,Protect|Timid||F|||50|
|inactive|Battle timer is ON: inactive players will automatically lose when time's up. (requested by kamataka)
|inactive|Sapitoch 4 has 60 seconds left.
|
|t:|1782234514
|teamsize|p1|4
|teamsize|p2|4
|start
|switch|p1a: Whimsicott|Whimsicott, L50, M, shiny|100/100
|switch|p1b: Sneasler|Sneasler, L50, M, shiny|100/100
|switch|p2a: Sinistcha|Sinistcha, L50|100/100
|switch|p2b: Floette|Floette-Eternal, L50, F|100/100
|turn|1
|
|t:|1782234542
|move|p2b: Floette|Protect|p2b: Floette
|-singleturn|p2b: Floette|Protect
|move|p2a: Sinistcha|Protect|p2a: Sinistcha
|-singleturn|p2a: Sinistcha|Protect
|move|p1b: Sneasler|Fake Out|p2b: Floette
|-activate|p2b: Floette|move: Protect
|move|p1a: Whimsicott|Tailwind|p1a: Whimsicott
|-sidestart|p1: kamataka|move: Tailwind
|
|upkeep
|turn|2
|
|t:|1782234553
|detailschange|p2b: Floette|Floette-Mega, L50, F
|-mega|p2b: Floette|Floette|Floettite
|-ability|p2b: Floette|Fairy Aura
|move|p2a: Sinistcha|Rage Powder|p2a: Sinistcha
|-singleturn|p2a: Sinistcha|move: Rage Powder
|move|p1a: Whimsicott|Taunt|p2a: Sinistcha
|-start|p2a: Sinistcha|move: Taunt
|move|p1b: Sneasler|Dire Claw|p2a: Sinistcha
|-damage|p2a: Sinistcha|60/100
|move|p2b: Floette|Moonblast|p1b: Sneasler
|-damage|p1b: Sneasler|5/100
|
|upkeep
|turn|3
|
|t:|1782234575
|move|p2b: Floette|Protect|p2b: Floette
|-singleturn|p2b: Floette|Protect
|move|p1b: Sneasler|Dire Claw|p2b: Floette
|-activate|p2b: Floette|move: Protect
|move|p1a: Whimsicott|Moonblast|p2a: Sinistcha
|-damage|p2a: Sinistcha|21/100
|move|p2a: Sinistcha|Matcha Gotcha|p1b: Sneasler|[spread] p1a,p1b
|-resisted|p1a: Whimsicott|1
|-resisted|p1b: Sneasler|1
|-damage|p1a: Whimsicott|81/100
|-heal|p2a: Sinistcha|30/100|[from] drain|[of] p1a: Whimsicott
|-damage|p1b: Sneasler|0 fnt
|-heal|p2a: Sinistcha|33/100|[from] drain|[of] p1b: Sneasler
|faint|p1b: Sneasler
|
|upkeep
|
|t:|1782234586
|switch|p1b: Archaludon|Archaludon, L50, F, shiny|100/100
|turn|4
|inactive|Sapitoch 4 has 30 seconds left.
|
|t:|1782234611
|switch|p2b: Incineroar|Incineroar, L50, F|100/100
|-ability|p2b: Incineroar|Intimidate|boost
|-unboost|p1a: Whimsicott|atk|1
|-unboost|p1b: Archaludon|atk|1
|move|p1b: Archaludon|Flash Cannon|p2b: Incineroar
|-resisted|p2b: Incineroar|1
|-damage|p2b: Incineroar|83/100
|move|p1a: Whimsicott|Moonblast|p2a: Sinistcha
|-damage|p2a: Sinistcha|1/100
|move|p2a: Sinistcha|Matcha Gotcha|p1a: Whimsicott|[spread] p1a,p1b
|-resisted|p1a: Whimsicott|1
|-resisted|p1b: Archaludon|2
|-damage|p1a: Whimsicott|60/100
|-heal|p2a: Sinistcha|11/100|[from] drain|[of] p1a: Whimsicott
|-damage|p1b: Archaludon|89/100
|-heal|p2a: Sinistcha|16/100|[from] drain|[of] p1b: Archaludon
|-ability|p1b: Archaludon|Stamina|boost
|-boost|p1b: Archaludon|def|1
|
|-heal|p1b: Archaludon|95/100|[from] item: Leftovers
|-sideend|p1: kamataka|move: Tailwind
|upkeep
|turn|5
|
|t:|1782234626
|switch|p2a: Garchomp|Garchomp, L50, F|100/100
|move|p1b: Archaludon|Protect|p1b: Archaludon
|-singleturn|p1b: Archaludon|Protect
|move|p1a: Whimsicott|Tailwind|p1a: Whimsicott
|-sidestart|p1: kamataka|move: Tailwind
|move|p2b: Incineroar|Flare Blitz|p1a: Whimsicott
|-supereffective|p1a: Whimsicott|1
|-damage|p1a: Whimsicott|0 fnt
|faint|p1a: Whimsicott
|-damage|p2b: Incineroar|66/100|[from] Recoil
|
|-heal|p1b: Archaludon|100/100|[from] item: Leftovers
|upkeep
|
|t:|1782234634
|switch|p1a: Pelipper|Pelipper, L50, M, shiny|100/100
|-weather|RainDance|[from] ability: Drizzle|[of] p1a: Pelipper
|turn|6
|
|t:|1782234654
|move|p1b: Archaludon|Draco Meteor|p2a: Garchomp|[miss]
|-miss|p1b: Archaludon|p2a: Garchomp
|move|p1a: Pelipper|Hurricane|p2a: Garchomp
|-damage|p2a: Garchomp|57/100
|-start|p2a: Garchomp|confusion
|-activate|p2a: Garchomp|confusion
|move|p2a: Garchomp|Dragon Claw|p1a: Pelipper
|-damage|p1a: Pelipper|55/100
|-damage|p2a: Garchomp|47/100|[from] item: Life Orb
|move|p2b: Incineroar|Parting Shot|p1a: Pelipper
|-unboost|p1a: Pelipper|atk|1
|-unboost|p1a: Pelipper|spa|1
|inactive|Sapitoch 4 has 30 seconds left.
|inactive|Sapitoch 4 has 20 seconds left.
|inactive|Sapitoch 4 has 15 seconds left.
|inactive|Sapitoch 4 has 10 seconds left.
|
|t:|1782234700
|switch|p2b: Sinistcha|Sinistcha, L50|16/100|[from] Parting Shot
|-heal|p2a: Garchomp|72/100|[from] ability: Hospitality|[of] p2b: Sinistcha
|
|-weather|RainDance|[upkeep]
|upkeep
|turn|7
|
|t:|1782234715
|move|p1b: Archaludon|Protect|p1b: Archaludon
|-singleturn|p1b: Archaludon|Protect
|move|p2b: Sinistcha|Protect|p2b: Sinistcha
|-singleturn|p2b: Sinistcha|Protect
|move|p1a: Pelipper|Hurricane|p2b: Sinistcha
|-activate|p2b: Sinistcha|move: Protect
|-activate|p2a: Garchomp|confusion
|move|p2a: Garchomp|Dragon Claw|p1a: Pelipper
|-damage|p1a: Pelipper|14/100
|-damage|p2a: Garchomp|62/100|[from] item: Life Orb
|
|-weather|RainDance|[upkeep]
|upkeep
|turn|8
|
|t:|1782234735
|move|p2b: Sinistcha|Rage Powder|p2b: Sinistcha
|-singleturn|p2b: Sinistcha|move: Rage Powder
|move|p1b: Archaludon|Electro Shot||[still]
|-prepare|p1b: Archaludon|Electro Shot
|-boost|p1b: Archaludon|spa|1
|-anim|p1b: Archaludon|Electro Shot|p2b: Sinistcha
|-resisted|p2b: Sinistcha|1
|-damage|p2b: Sinistcha|0 fnt
|faint|p2b: Sinistcha
|move|p1a: Pelipper|Hurricane|p2a: Garchomp
|-damage|p2a: Garchomp|37/100
|-activate|p2a: Garchomp|confusion
|move|p2a: Garchomp|Dragon Claw|p1a: Pelipper
|-damage|p1a: Pelipper|0 fnt
|faint|p1a: Pelipper
|-damage|p2a: Garchomp|28/100|[from] item: Life Orb
|
|-weather|RainDance|[upkeep]
|-sideend|p1: kamataka|move: Tailwind
|upkeep
|
|t:|1782234747
|switch|p2b: Floette|Floette-Mega, L50, F|100/100
|-ability|p2b: Floette|Fairy Aura
|turn|9
|
|t:|1782234754
|-end|p2a: Garchomp|confusion
|move|p2a: Garchomp|Dragon Claw|p1b: Archaludon
|-damage|p1b: Archaludon|67/100
|-ability|p1b: Archaludon|Stamina|boost
|-boost|p1b: Archaludon|def|1
|-damage|p2a: Garchomp|18/100|[from] item: Life Orb
|move|p2b: Floette|Light of Ruin|p1b: Archaludon
|-damage|p1b: Archaludon|0 fnt
|faint|p1b: Archaludon
|-damage|p2b: Floette|62/100|[from] Recoil
|
|win|Sapitoch 4
|raw|kamataka's rating: 1108 → 1089(-19 for losing)
|raw|Sapitoch 4's rating: 1188 → 1207(+19 for winning)
|l|☆kamataka
|player|p1|
