|j|☆MidoMidori
|j|☆nyakugan
|html|MidoMidorinyakugan    
|uhtml|bestof|Game 1 of a best-of-3
|t:|1756923285
|gametype|doubles
|player|p1|MidoMidori|roxanne-gen6|
|player|p2|nyakugan|psychic|
|gen|9
|tier|[Gen 9] VGC 2025 Reg H (Bo3)
|rule|Species Clause: Limit one of each Pokémon
|rule|Item Clause: Limit 1 of each item
|clearpoke
|poke|p1|Sneasler, L50, F|
|poke|p1|Indeedee, L50, M|
|poke|p1|Volcarona, L50, M|
|poke|p1|Ursaluna-Bloodmoon, L50, M|
|poke|p1|Annihilape, L50, F|
|poke|p1|Tyranitar, L50, M|
|poke|p2|Dragapult, L50, M|
|poke|p2|Sneasler, L50, M|
|poke|p2|Volcarona, L50, F|
|poke|p2|Incineroar, L50, M|
|poke|p2|Rillaboom, L50, M|
|poke|p2|Kingambit, L50, M|
|teampreview|4
|showteam|p1|Sneasler||PsychicSeed|Unburden|CloseCombat,DireClaw,ThroatChop,Protect|||F|||50|,,,,,Dark]Indeedee||FocusSash|PsychicSurge|ExpandingForce,TeraBlast,TrickRoom,Protect|||M|||50|,,,,,Fighting]Volcarona||SitrusBerry|FlameBody|Overheat,StruggleBug,RagePowder,Tailwind|||M|||50|,,,,,Grass]Ursaluna-Bloodmoon||LifeOrb|MindsEye|BloodMoon,HyperVoice,EarthPower,Protect|||M|||50|,,,,,Normal]Annihilape||SafetyGoggles|Defiant|CloseCombat,RageFist,Taunt,FinalGambit|||F|||50|,,,,,Fairy]Tyranitar||AssaultVest|SandStream|RockSlide,KnockOff,TeraBlast,LowKick|||M|||50|,,,,,Flying
|showteam|p2|Dragapult||ChoiceBand|ClearBody|DragonDarts,Outrage,PhantomForce,Uturn|||M|||50|,,,,,Dragon]Sneasler||FocusSash|Unburden|CloseCombat,DireClaw,Coaching,Protect|||M|||50|,,,,,Stellar]Volcarona||GrassySeed|FlameBody|FieryDance,TeraBlast,QuiverDance,Protect|||F|||50|,,,,,Fairy]Incineroar||SafetyGoggles|Intimidate|KnockOff,FakeOut,Taunt,PartingShot|||M|||50|,,,,,Ghost]Rillaboom||AssaultVest|GrassySurge|WoodHammer,GrassyGlide,Uturn,FakeOut|||M|||50|,,,,,Fire]Kingambit||BlackGlasses|Defiant|KowtowCleave,SuckerPunch,SwordsDance,Protect|||M|||50|,,,,,Dark
|c|☆MidoMidori|Glhf!
|c|☆nyakugan|glhf
|
|t:|1756923388
|teamsize|p1|4
|teamsize|p2|4
|start
|switch|p1a: Volcarona|Volcarona, L50, M|100/100
|switch|p1b: Annihilape|Annihilape, L50, F|100/100
|switch|p2a: Incineroar|Incineroar, L50, M|100/100
|switch|p2b: Volcarona|Volcarona, L50, F|100/100
|-ability|p2a: Incineroar|Intimidate|boost
|-unboost|p1a: Volcarona|atk|1
|-unboost|p1b: Annihilape|atk|1
|-ability|p1b: Annihilape|Defiant|boost
|-boost|p1b: Annihilape|atk|2
|turn|1
|
|t:|1756923416
|move|p2a: Incineroar|Fake Out|p1a: Volcarona
|-damage|p1a: Volcarona|87/100
|cant|p1a: Volcarona|flinch
|move|p1b: Annihilape|Close Combat|p2a: Incineroar
|-supereffective|p2a: Incineroar
|-damage|p2a: Incineroar|0 fnt
|-unboost|p1b: Annihilape|def|1
|-unboost|p1b: Annihilape|spd|1
|faint|p2a: Incineroar
|move|p2b: Volcarona|Quiver Dance|p2b: Volcarona
|-boost|p2b: Volcarona|spa|1
|-boost|p2b: Volcarona|spd|1
|-boost|p2b: Volcarona|spe|1
|
|upkeep
|
|t:|1756923428
|switch|p2a: Rillaboom|Rillaboom, L50, M|100/100
|-fieldstart|move: Grassy Terrain|[from] ability: Grassy Surge|[of] p2a: Rillaboom
|-enditem|p2b: Volcarona|Grassy Seed
|-boost|p2b: Volcarona|def|1|[from] item: Grassy Seed
|turn|2
|
|t:|1756923453
|switch|p1b: Indeedee|Indeedee, L50, M|100/100
|-fieldstart|move: Psychic Terrain|[from] ability: Psychic Surge|[of] p1b: Indeedee
|move|p2b: Volcarona|Protect|p2b: Volcarona
|-singleturn|p2b: Volcarona|Protect
|move|p1a: Volcarona|Tailwind|p1a: Volcarona
|-sidestart|p1: MidoMidori|move: Tailwind
|move|p2a: Rillaboom|Wood Hammer|p1b: Indeedee
|-enditem|p1b: Indeedee|Focus Sash
|-damage|p1b: Indeedee|1/100
|-damage|p2a: Rillaboom|77/100|[from] Recoil
|
|upkeep
|turn|3
|
|t:|1756923510
|-terastallize|p2a: Rillaboom|Fire
|move|p1a: Volcarona|Struggle Bug|p2a: Rillaboom|[spread] p2a,p2b
|-resisted|p2a: Rillaboom
|-resisted|p2b: Volcarona
|-damage|p2a: Rillaboom|70/100
|-damage|p2b: Volcarona|96/100
|-unboost|p2a: Rillaboom|spa|1
|-unboost|p2b: Volcarona|spa|1
|move|p1b: Indeedee|Expanding Force|p2b: Volcarona|[spread] p2a,p2b
|-damage|p2a: Rillaboom|28/100
|-damage|p2b: Volcarona|66/100
|move|p2b: Volcarona|Fiery Dance|p1a: Volcarona
|-damage|p1a: Volcarona|49/100
|-enditem|p1a: Volcarona|Sitrus Berry|[eat]
|-heal|p1a: Volcarona|74/100|[from] item: Sitrus Berry
|move|p2a: Rillaboom|U-turn|p1b: Indeedee
|-supereffective|p1b: Indeedee
|-damage|p1b: Indeedee|0 fnt
|faint|p1b: Indeedee
|
|t:|1756923525
|switch|p2a: Dragapult|Dragapult, L50, M, shiny|100/100|[from] U-turn
|
|upkeep
|
|t:|1756923557
|switch|p1b: Sneasler|Sneasler, L50, F|100/100
|-enditem|p1b: Sneasler|Psychic Seed
|-boost|p1b: Sneasler|spd|1|[from] item: Psychic Seed
|turn|4
|
|t:|1756923618
|-terastallize|p1b: Sneasler|Dark
|move|p1b: Sneasler|Throat Chop|p2a: Dragapult
|-supereffective|p2a: Dragapult
|-damage|p2a: Dragapult|0 fnt
|faint|p2a: Dragapult
|move|p1a: Volcarona|Overheat|p2b: Volcarona
|-damage|p2b: Volcarona|32/100
|-unboost|p1a: Volcarona|spa|2
|move|p2b: Volcarona|Fiery Dance|p1a: Volcarona
|-damage|p1a: Volcarona|39/100
|
|upkeep
|
|t:|1756923629
|switch|p2a: Rillaboom|Rillaboom, L50, M, tera:Fire|28/100
|-fieldstart|move: Grassy Terrain|[from] ability: Grassy Surge|[of] p2a: Rillaboom
|turn|5
|
|t:|1756923660
|switch|p1a: Annihilape|Annihilape, L50, F|100/100
|move|p1b: Sneasler|Protect|p1b: Sneasler
|-singleturn|p1b: Sneasler|Protect
|move|p2a: Rillaboom|Fake Out|p1b: Sneasler
|-activate|p1b: Sneasler|move: Protect
|move|p2b: Volcarona|Fiery Dance|p1a: Annihilape
|-damage|p1a: Annihilape|61/100
|
|-heal|p1a: Annihilape|67/100|[from] Grassy Terrain
|-heal|p2b: Volcarona|38/100|[from] Grassy Terrain
|-heal|p2a: Rillaboom|35/100|[from] Grassy Terrain
|-sideend|p1: MidoMidori|move: Tailwind
|upkeep
|turn|6
|
|t:|1756923681
|move|p1b: Sneasler|Dire Claw|p2b: Volcarona
|-damage|p2b: Volcarona|4/100
|move|p2b: Volcarona|Fiery Dance|p1a: Annihilape
|-damage|p1a: Annihilape|26/100
|move|p1a: Annihilape|Rage Fist|p2a: Rillaboom
|-damage|p2a: Rillaboom|0 fnt
|faint|p2a: Rillaboom
|
|-heal|p2b: Volcarona|10/100|[from] Grassy Terrain
|-heal|p1a: Annihilape|32/100|[from] Grassy Terrain
|upkeep
|turn|7
|
|t:|1756923692
|move|p1b: Sneasler|Dire Claw|p2b: Volcarona
|-damage|p2b: Volcarona|0 fnt
|-status|p1b: Sneasler|brn|[from] ability: Flame Body|[of] p2b: Volcarona
|faint|p2b: Volcarona
|
|win|MidoMidori
||MidoMidori is ready for game 2.
||nyakugan is ready for game 2.
|uhtml|next|Next: Game 2 of 3
|l|☆nyakugan
|player|p2|
|l|☆MidoMidori
|player|p1|
|j|☆nyakugan
|player|p2|nyakugan|psychic|
