|j|☆Gancelot
|j|☆MYSEEMBENTON
|html|GancelotMYSEEMBENTON    
|uhtml|bestof|Game 3 of a best-of-3
|t:|1783021376
|gametype|doubles
|player|p1|Gancelot|morty|1097
|player|p2|MYSEEMBENTON|169|1027
|gen|9
|tier|[Gen 9 Champions] VGC 2026 Reg M-B (Bo3)
|rated|
|rule|Species Clause: Limit one of each Pokémon
|rule|Item Clause: Limit 1 of each item
|clearpoke
|poke|p1|Charizard, L50, M|
|poke|p1|Mamoswine, L50, M|
|poke|p1|Scrafty, L50, M|
|poke|p1|Toxapex, L50, F|
|poke|p1|Sneasler, L50, M|
|poke|p1|Sinistcha, L50|
|poke|p2|Basculegion, L50, M|
|poke|p2|Grimmsnarl, L50, M|
|poke|p2|Gholdengo, L50|
|poke|p2|Aerodactyl, L50, F|
|poke|p2|Incineroar, L50, F|
|poke|p2|Dragonite, L50, M|
|teampreview|4
|showteam|p1|Charizard||CharizarditeY|Blaze|HeatWave,WeatherBall,Protect,SolarBeam|Modest||M|||50|]Mamoswine||FocusSash|Oblivious|HighHorsepower,IcicleCrash,Protect,IceShard|Adamant||M|||50|]Scrafty||Scraftinite|Intimidate|FakeOut,CloseCombat,KnockOff,Protect|Adamant||M|||50|]Toxapex||Leftovers|Regenerator|BanefulBunker,Toxic,Infestation,WideGuard|Impish||F|||50|]Sneasler||WhiteHerb|Unburden|Protect,FakeOut,CloseCombat,DireClaw|Jolly||M|||50|]Sinistcha||SitrusBerry|Hospitality|Protect,TrickRoom,MatchaGotcha,RagePowder|Relaxed|||||50|
|showteam|p2|Basculegion||ChoiceScarf|Adaptability|WaveCrash,LastRespects,FlipTurn,IceFang|Adamant||M|||50|]Grimmsnarl||LightClay|Prankster|SuckerPunch,SpiritBreak,PartingShot,LightScreen|Adamant||M|||50|]Gholdengo||MetalCoat|GoodasGold|Protect,NastyPlot,MakeItRain,ShadowBall|Modest|||||50|]Aerodactyl||FocusSash|Unnerve|Protect,DualWingbeat,Tailwind,RockSlide|Adamant||F|||50|]Incineroar||SitrusBerry|Intimidate|CloseCombat,DarkestLariat,FakeOut,FlareBlitz|Adamant||F|||50|]Dragonite||Dragoninite|Multiscale|DracoMeteor,IceBeam,HeatWave,Protect|Modest||M|||50|
|inactive|Battle timer is ON: inactive players will automatically lose when time's up. (requested by Gancelot)
|inactive|MYSEEMBENTON has 60 seconds left.
|
|t:|1783021422
|teamsize|p1|4
|teamsize|p2|4
|start
|switch|p1a: Sneasler|Sneasler, L50, M|100/100
|switch|p1b: Mamoswine|Mamoswine, L50, M|100/100
|switch|p2a: Grimmsnarl|Grimmsnarl, L50, M|100/100
|switch|p2b: Incineroar|Incineroar, L50, F|100/100
|-ability|p2b: Incineroar|Intimidate|boost
|-unboost|p1a: Sneasler|atk|1
|-fail|p1b: Mamoswine|unboost|Attack|[from] ability: Oblivious|[of] p1b: Mamoswine
|-enditem|p1a: Sneasler|White Herb
|-clearnegativeboost|p1a: Sneasler|[silent]
|turn|1
|inactive|MYSEEMBENTON has 30 seconds left.
|inactive|MYSEEMBENTON has 20 seconds left.
|
|t:|1783021460
|switch|p2b: Aerodactyl|Aerodactyl, L50, F|100/100
|-ability|p2b: Aerodactyl|Unnerve
|move|p1a: Sneasler|Fake Out|p2b: Aerodactyl
|-resisted|p2b: Aerodactyl|1
|-damage|p2b: Aerodactyl|89/100
|move|p2a: Grimmsnarl|Parting Shot|p1a: Sneasler
|-unboost|p1a: Sneasler|atk|1
|-unboost|p1a: Sneasler|spa|1
|
|t:|1783021472
|switch|p2a: Incineroar|Incineroar, L50, F|100/100|[from] Parting Shot
|-ability|p2a: Incineroar|Intimidate|boost
|-unboost|p1a: Sneasler|atk|1
|-fail|p1b: Mamoswine|unboost|Attack|[from] ability: Oblivious|[of] p1b: Mamoswine
|move|p1b: Mamoswine|High Horsepower|p2b: Aerodactyl
|-immune|p2b: Aerodactyl
|
|upkeep
|turn|2
|inactive|MYSEEMBENTON has 30 seconds left.
|
|t:|1783021502
|switch|p1a: Scrafty|Scrafty, L50, M|100/100
|-ability|p1a: Scrafty|Intimidate|boost
|-unboost|p2a: Incineroar|atk|1
|-unboost|p2b: Aerodactyl|atk|1
|switch|p2b: Grimmsnarl|Grimmsnarl, L50, M|100/100
|move|p1b: Mamoswine|Protect|p1b: Mamoswine
|-singleturn|p1b: Mamoswine|Protect
|move|p2a: Incineroar|Flare Blitz|p1b: Mamoswine
|-activate|p1b: Mamoswine|move: Protect
|
|upkeep
|turn|3
|inactive|Gancelot has 30 seconds left.
|
|t:|1783021529
|detailschange|p1a: Scrafty|Scrafty-Mega, L50, M
|-mega|p1a: Scrafty|Scrafty|Scraftinite
|-ability|p1a: Scrafty|Intimidate|boost
|-unboost|p2a: Incineroar|atk|1
|-unboost|p2b: Grimmsnarl|atk|1
|move|p1a: Scrafty|Fake Out|p2b: Grimmsnarl
|-damage|p2b: Grimmsnarl|80/100
|move|p1b: Mamoswine|High Horsepower|p2a: Incineroar
|-supereffective|p2a: Incineroar|1
|-damage|p2a: Incineroar|0 fnt
|faint|p2a: Incineroar
|cant|p2b: Grimmsnarl|flinch
|
|upkeep
|
|t:|1783021540
|switch|p2a: Aerodactyl|Aerodactyl, L50, F|89/100
|-ability|p2a: Aerodactyl|Unnerve
|turn|4
|
|t:|1783021563
|switch|p1a: Toxapex|Toxapex, L50, F|100/100
|move|p2a: Aerodactyl|Rock Slide|p1b: Mamoswine|[spread] p1a,p1b
|-damage|p1a: Toxapex|80/100
|-damage|p1b: Mamoswine|68/100
|move|p1b: Mamoswine|Icicle Crash|p2a: Aerodactyl
|-supereffective|p2a: Aerodactyl|1
|-damage|p2a: Aerodactyl|0 fnt
|faint|p2a: Aerodactyl
|move|p2b: Grimmsnarl|Spirit Break|p1a: Toxapex
|-resisted|p1a: Toxapex|1
|-damage|p1a: Toxapex|73/100
|-unboost|p1a: Toxapex|spa|1
|
|-heal|p1a: Toxapex|78/100|[from] item: Leftovers
|upkeep
|
|t:|1783021575
|switch|p2a: Dragonite|Dragonite, L50, M|100/100
|turn|5
|-message|MYSEEMBENTON forfeited.
|
|win|Gancelot
