|j|☆panijc
|j|‽daniiivgc
|html|panijcdaniiivgc    
|uhtml|bestof|Game 2 of a best-of-3
|t:|1785779028
|gametype|doubles
|player|p1|panijc|266|1247
|player|p2|daniiivgc|giovanni|1219
|gen|9
|tier|[Gen 9 Champions] VGC 2026 Reg M-B (Bo3)
|rated|
|rule|Species Clause: Limit one of each Pokémon
|rule|Item Clause: Limit 1 of each item
|clearpoke
|poke|p1|Raichu, L50, M|
|poke|p1|Mamoswine, L50, M|
|poke|p1|Sylveon, L50, F|
|poke|p1|Incineroar, L50, F|
|poke|p1|Basculegion, L50, M|
|poke|p1|Whimsicott, L50, M|
|poke|p2|Staraptor, L50, M|
|poke|p2|Raichu, L50, F|
|poke|p2|Sylveon, L50, F|
|poke|p2|Farigiraf, L50, M|
|poke|p2|Arcanine-Hisui, L50, M|
|poke|p2|Kingambit, L50, F|
|teampreview|4
|showteam|p1|Raichu||RaichuniteY|LightningRod|ZapCannon,FocusBlast,FakeOut,Protect|Timid||M|||50|]Mamoswine||LifeOrb|Oblivious|IcicleCrash,HighHorsepower,IceShard,Protect|Adamant||M|||50|]Sylveon||FairyFeather|Pixilate|HyperVoice,HyperBeam,Detect,Yawn|Modest||F|||50|]Incineroar||SitrusBerry|Intimidate|ThroatChop,FlareBlitz,FakeOut,PartingShot|Impish||F|||50|]Basculegion||MysticWater|Adaptability|WaveCrash,LastRespects,AquaJet,Protect|Adamant||M|||50|]Whimsicott||FocusSash|Prankster|Moonblast,Tailwind,Protect,Encore|Timid||M|||50|
|showteam|p2|Staraptor||Staraptite|Intimidate|DualWingbeat,CloseCombat,Tailwind,Protect|Jolly||M|||50|]Raichu||RaichuniteY|LightningRod|ZapCannon,FocusBlast,FakeOut,Protect|Timid||F|||50|]Sylveon||FairyFeather|Pixilate|HyperVoice,HyperBeam,QuickAttack,Detect|Modest||F|||50|]Farigiraf||SitrusBerry|ArmorTail|Psychic,TrickRoom,HelpingHand,Protect|Calm||M|||50|]Arcanine-Hisui||FocusSash|RockHead|HeadSmash,FlareBlitz,ExtremeSpeed,Protect|Jolly||M|||50|]Kingambit||LifeOrb|Defiant|KowtowCleave,SuckerPunch,SwordsDance,Protect|Adamant||F|||50|
|inactive|Battle timer is ON: inactive players will automatically lose when time's up. (requested by panijc)
|inactive|daniiivgc has 60 seconds left.
|
|t:|1785779101
|teamsize|p1|4
|teamsize|p2|4
|start
|switch|p1a: Mamoswine|Mamoswine, L50, M|100/100
|switch|p1b: Raichu|Raichu, L50, M|100/100
|switch|p2a: Farigiraf|Farigiraf, L50, M|100/100
|switch|p2b: Arcanine|Arcanine-Hisui, L50, M|100/100
|turn|1
|
|t:|1785779125
|detailschange|p1b: Raichu|Raichu-Mega-Y, L50, M
|-mega|p1b: Raichu|Raichu|Raichunite Y
|move|p2b: Arcanine|Extreme Speed|p1a: Mamoswine
|-damage|p1a: Mamoswine|68/100
|move|p1b: Raichu|Zap Cannon|p2a: Farigiraf
|-damage|p2a: Farigiraf|42/100
|-status|p2a: Farigiraf|par
|-enditem|p2a: Farigiraf|Sitrus Berry|[eat]
|-heal|p2a: Farigiraf|67/100 par|[from] item: Sitrus Berry
|move|p1a: Mamoswine|High Horsepower|p2a: Farigiraf
|-damage|p2a: Farigiraf|6/100 par
|-damage|p1a: Mamoswine|59/100|[from] item: Life Orb
|cant|p2a: Farigiraf|par
|
|upkeep
|turn|2
|inactive|daniiivgc has 30 seconds left.
|
|t:|1785779152
|move|p2a: Farigiraf|Helping Hand|p2b: Arcanine
|-singleturn|p2b: Arcanine|Helping Hand|[of] p2a: Farigiraf
|move|p2b: Arcanine|Extreme Speed|p1a: Mamoswine
|-damage|p1a: Mamoswine|11/100
|move|p1b: Raichu|Zap Cannon|p2a: Farigiraf
|-damage|p2a: Farigiraf|0 fnt
|faint|p2a: Farigiraf
|move|p1a: Mamoswine|High Horsepower|p2b: Arcanine
|-supereffective|p2b: Arcanine|2
|-enditem|p2b: Arcanine|Focus Sash
|-damage|p2b: Arcanine|1/100
|-damage|p1a: Mamoswine|2/100|[from] item: Life Orb
|
|upkeep
|
|t:|1785779164
|switch|p2a: Kingambit|Kingambit, L50, F|100/100
|turn|3
|
|t:|1785779179
|move|p2b: Arcanine|Extreme Speed|p1b: Raichu
|-damage|p1b: Raichu|49/100
|move|p1a: Mamoswine|Ice Shard|p2b: Arcanine
|-resisted|p2b: Arcanine|1
|-crit|p2b: Arcanine
|-damage|p2b: Arcanine|0 fnt
|faint|p2b: Arcanine
|-damage|p1a: Mamoswine|0 fnt|[from] item: Life Orb
|faint|p1a: Mamoswine
|move|p2a: Kingambit|Sucker Punch|p1b: Raichu
|-damage|p1b: Raichu|0 fnt
|faint|p1b: Raichu
|-damage|p2a: Kingambit|90/100|[from] item: Life Orb
|
|upkeep
|
|t:|1785779193
|switch|p1b: Whimsicott|Whimsicott, L50, M|100/100
|switch|p2b: Sylveon|Sylveon, L50, F|100/100
|switch|p1a: Basculegion|Basculegion, L50, M|100/100
|turn|4
|
|t:|1785779205
|move|p2a: Kingambit|Sucker Punch|p1a: Basculegion
|-supereffective|p1a: Basculegion|1
|-damage|p1a: Basculegion|0 fnt
|faint|p1a: Basculegion
|-damage|p2a: Kingambit|80/100|[from] item: Life Orb
|move|p1b: Whimsicott|Moonblast|p2a: Kingambit
|-damage|p2a: Kingambit|47/100
|move|p2b: Sylveon|Hyper Voice|p1b: Whimsicott
|-enditem|p1b: Whimsicott|Focus Sash
|-damage|p1b: Whimsicott|1/100
|
|upkeep
|turn|5
|
|t:|1785779217
|move|p2b: Sylveon|Quick Attack|p1b: Whimsicott
|-damage|p1b: Whimsicott|0 fnt
|faint|p1b: Whimsicott
|
|win|daniiivgc
|raw|panijc's rating: 1247 → 1220(-27 for losing)
|raw|daniiivgc's rating: 1219 → 1246(+27 for winning)
|l|‽daniiivgc
|player|p2|
