|j|☆Bread248
|j|☆takeshivgc-test
|html|Bread248takeshivgc-test    
|uhtml|bestof|Game 1 of a best-of-3
|t:|1756494259
|gametype|doubles
|player|p1|Bread248|266|1381
|player|p2|takeshivgc-test|flannery|1374
|gen|9
|tier|[Gen 9] VGC 2025 Reg H (Bo3)
|rated|
|rule|Species Clause: Limit one of each Pokémon
|rule|Item Clause: Limit 1 of each item
|clearpoke
|poke|p1|Gholdengo, L50|
|poke|p1|Sneasler, L50, F|
|poke|p1|Incineroar, L50, F|
|poke|p1|Amoonguss, L50, F|
|poke|p1|Dragonite, L50, F|
|poke|p1|Ursaluna-Bloodmoon, L50, M|
|poke|p2|Armarouge, L50, M|
|poke|p2|Indeedee-F, L50, F|
|poke|p2|Torkoal, L50, F|
|poke|p2|Gallade, L50, M|
|poke|p2|Ursaluna, L50, F|
|poke|p2|Hatterene, L50, F|
|teampreview|4
|showteam|p1|Gholdengo||LifeOrb|GoodasGold|MakeItRain,ShadowBall,NastyPlot,Protect||||||50|,,,,,Steel]Sneasler||FocusSash|PoisonTouch|FakeOut,CloseCombat,DireClaw,Protect|||F|||50|,,,,,Stellar]Incineroar||SafetyGoggles|Intimidate|FakeOut,FlareBlitz,KnockOff,PartingShot|||F|||50|,,,,,Ghost]Amoonguss||SitrusBerry|Regenerator|Spore,RagePowder,SludgeBomb,Protect|||F|||50|,,,,,Psychic]Dragonite||LoadedDice|Multiscale|ScaleShot,Haze,Tailwind,Protect|||F|||50|,,,,,Fairy]Ursaluna-Bloodmoon||AssaultVest|MindsEye|HyperVoice,BloodMoon,EarthPower,VacuumWave|||M|||50|,,,,,Water
|showteam|p2|Armarouge||PowerHerb|FlashFire|ArmorCannon,ExpandingForce,TrickRoom,MeteorBeam|||M|||50|,,,,,Grass]Indeedee-F||PsychicSeed|PsychicSurge|Psychic,HelpingHand,TrickRoom,FollowMe|||F|||50|,,,,,Fairy]Torkoal||Charcoal|Drought|Eruption,Protect,WeatherBall,HeatWave|||F|||50|,,,,,Fire]Gallade||ClearAmulet|Sharpness|PsychoCut,SacredSword,TrickRoom,WideGuard|||M|||50|,,,,,Fire]Ursaluna||FlameOrb|Guts|Facade,HeadlongRush,Earthquake,Protect|||F|||50|,,,,,Ghost]Hatterene||LifeOrb|MagicBounce|ExpandingForce,DazzlingGleam,TrickRoom,MysticalFire|||F|||50|,,,,,Fire
|inactive|Battle timer is ON: inactive players will automatically lose when time's up. (requested by Bread248)
|inactive|Bread248 has 60 seconds left.
|inactive|takeshivgc-test has 60 seconds left.
|
|t:|1756494300
|teamsize|p1|4
|teamsize|p2|4
|start
|switch|p1a: Amoonguss|Amoonguss, L50, F|100/100
|switch|p1b: Gholdengo|Gholdengo, L50|100/100
|switch|p2a: Indeedee|Indeedee-F, L50, F|100/100
|switch|p2b: Hatterene|Hatterene, L50, F, shiny|100/100
|-fieldstart|move: Psychic Terrain|[from] ability: Psychic Surge|[of] p2a: Indeedee
|-enditem|p2a: Indeedee|Psychic Seed
|-boost|p2a: Indeedee|spd|1|[from] item: Psychic Seed
|turn|1
|inactive|Bread248 has 30 seconds left.
|inactive|takeshivgc-test has 30 seconds left.
|inactive|Bread248 has 20 seconds left.
|inactive|takeshivgc-test has 20 seconds left.
|inactive|Bread248 has 15 seconds left.
|inactive|takeshivgc-test has 15 seconds left.
|
|t:|1756494347
|switch|p1b: Incineroar|Incineroar, L50, F, shiny|100/100
|-ability|p1b: Incineroar|Intimidate|boost
|-unboost|p2a: Indeedee|atk|1
|-unboost|p2b: Hatterene|atk|1
|-terastallize|p1a: Amoonguss|Psychic
|-terastallize|p2b: Hatterene|Fire
|move|p1a: Amoonguss|Spore|p2a: Indeedee
|-status|p2a: Indeedee|slp|[from] move: Spore
|move|p2b: Hatterene|Mystical Fire|p1a: Amoonguss
|-damage|p1a: Amoonguss|49/100
|-unboost|p1a: Amoonguss|spa|1
|-enditem|p1a: Amoonguss|Sitrus Berry|[eat]
|-heal|p1a: Amoonguss|74/100|[from] item: Sitrus Berry
|-damage|p2b: Hatterene|91/100|[from] item: Life Orb
|cant|p2a: Indeedee|slp
|
|upkeep
|turn|2
|inactive|Bread248 has 30 seconds left.
|inactive|takeshivgc-test has 30 seconds left.
|
|t:|1756494381
|switch|p2b: Armarouge|Armarouge, L50, M|100/100
|move|p1b: Incineroar|Parting Shot|p2b: Armarouge
|-unboost|p2b: Armarouge|atk|1
|-unboost|p2b: Armarouge|spa|1
|
|t:|1756494398
|switch|p1b: Ursaluna|Ursaluna-Bloodmoon, L50, M|100/100|[from] Parting Shot
|move|p1a: Amoonguss|Spore|p2b: Armarouge
|-status|p2b: Armarouge|slp|[from] move: Spore
|cant|p2a: Indeedee|slp
|
|upkeep
|turn|3
|
|t:|1756494416
|switch|p1a: Gholdengo|Gholdengo, L50|100/100
|move|p1b: Ursaluna|Earth Power|p2b: Armarouge
|-supereffective|p2b: Armarouge
|-damage|p2b: Armarouge|0 fnt
|faint|p2b: Armarouge
|cant|p2a: Indeedee|slp
|
|upkeep
|
|t:|1756494427
|switch|p2b: Gallade|Gallade, L50, M, shiny|100/100
|turn|4
|
|t:|1756494449
|switch|p1b: Amoonguss|Amoonguss, L50, F, tera:Psychic|100/100
|move|p1a: Gholdengo|Nasty Plot|p1a: Gholdengo
|-boost|p1a: Gholdengo|spa|2
|move|p2b: Gallade|Sacred Sword|p1b: Amoonguss
|-resisted|p1b: Amoonguss
|-damage|p1b: Amoonguss|70/100
|-curestatus|p2a: Indeedee|slp|[msg]
|move|p2a: Indeedee|Trick Room|p2a: Indeedee
|-fieldstart|move: Trick Room|[of] p2a: Indeedee
|
|upkeep
|turn|5
|
|t:|1756494472
|switch|p2a: Hatterene|Hatterene, L50, F, shiny, tera:Fire|91/100
|move|p2b: Gallade|Wide Guard|p2b: Gallade
|-singleturn|p2b: Gallade|Wide Guard
|move|p1b: Amoonguss|Sludge Bomb|p2a: Hatterene
|-damage|p2a: Hatterene|63/100
|move|p1a: Gholdengo|Shadow Ball|p2b: Gallade
|-supereffective|p2b: Gallade
|-damage|p2b: Gallade|0 fnt
|faint|p2b: Gallade
|-damage|p1a: Gholdengo|91/100|[from] item: Life Orb
|
|-fieldend|move: Psychic Terrain
|upkeep
|
|t:|1756494484
|switch|p2b: Indeedee|Indeedee-F, L50, F|100/100
|-fieldstart|move: Psychic Terrain|[from] ability: Psychic Surge|[of] p2b: Indeedee
|turn|6
|
|t:|1756494494
|move|p2b: Indeedee|Helping Hand|p2a: Hatterene
|-singleturn|p2a: Hatterene|Helping Hand|[of] p2b: Indeedee
|move|p1a: Gholdengo|Protect|p1a: Gholdengo
|-singleturn|p1a: Gholdengo|Protect
|move|p2a: Hatterene|Dazzling Gleam|p1b: Amoonguss|[spread] p1b
|-activate|p1a: Gholdengo|move: Protect
|-damage|p1b: Amoonguss|8/100
|-damage|p2a: Hatterene|53/100|[from] item: Life Orb
|move|p1b: Amoonguss|Spore|p2b: Indeedee
|-status|p2b: Indeedee|slp|[from] move: Spore
|
|upkeep
|turn|7
|
|t:|1756494512
|switch|p1a: Incineroar|Incineroar, L50, F, shiny|100/100
|-ability|p1a: Incineroar|Intimidate|boost
|-unboost|p2a: Hatterene|atk|1
|-unboost|p2b: Indeedee|atk|1
|cant|p2b: Indeedee|slp
|move|p2a: Hatterene|Mystical Fire|p1a: Incineroar
|-resisted|p1a: Incineroar
|-damage|p1a: Incineroar|83/100
|-unboost|p1a: Incineroar|spa|1
|-damage|p2a: Hatterene|44/100|[from] item: Life Orb
|move|p1b: Amoonguss|Sludge Bomb|p2a: Hatterene
|-damage|p2a: Hatterene|15/100
|
|upkeep
|turn|8
|-message|takeshivgc-test forfeited.
|
|win|Bread248
||takeshivgc-test is ready for game 2.
|inactive|Bread248 has 30 seconds to confirm battle start!
||Bread248 is ready for game 2.
|uhtml|next|Next: Game 2 of 3
