|j|☆lorenzopoke
|j|☆NotNumber1
|html|lorenzopokeNotNumber1    
|uhtml|bestof|Game 2 of a best-of-3
|t:|1785274700
|gametype|doubles
|player|p1|lorenzopoke|red|1046
|player|p2|NotNumber1|cynthia|1067
|gen|9
|tier|[Gen 9 Champions] VGC 2026 Reg M-B (Bo3)
|rated|
|rule|Species Clause: Limit one of each Pokémon
|rule|Item Clause: Limit 1 of each item
|clearpoke
|poke|p1|Staraptor, L50, F|
|poke|p1|Farigiraf, L50, M|
|poke|p1|Sylveon, L50, M|
|poke|p1|Torkoal, L50, F|
|poke|p1|Ampharos, L50, M|
|poke|p1|Kangaskhan, L50, F|
|poke|p2|Delphox, L50, M|
|poke|p2|Floette-Eternal, L50, F|
|poke|p2|Sneasler, L50, M|
|poke|p2|Incineroar, L50, M|
|poke|p2|Sinistcha, L50|
|poke|p2|Palafin, L50, M|
|teampreview|4
|showteam|p1|Staraptor||ChoiceScarf|Intimidate|BraveBird,CloseCombat,Uturn,FinalGambit|Jolly||F|||50|]Farigiraf||SitrusBerry|ArmorTail|HelpingHand,TwinBeam,Thunderbolt,TrickRoom|Sassy||M|||50|]Sylveon||FairyFeather|Pixilate|HyperVoice,QuickAttack,HyperBeam,Detect|Quiet||M|||50|]Torkoal||Charcoal|Drought|Eruption,WeatherBall,HeatWave,Protect|Quiet||F|||50|]Ampharos||Ampharosite|Static|Thunderbolt,DragonPulse,PowerGem,Protect|Quiet||M|||50|]Kangaskhan||Kangaskhanite|Scrappy|HammerArm,FakeOut,DoubleEdge,RockTomb|Adamant||F|||50|
|showteam|p2|Delphox||Delphoxite|Blaze|HeatWave,NastyPlot,Psyshock,Protect|Timid||M|||50|]Floette-Eternal||Floettite|FlowerVeil|DrainingKiss,DazzlingGleam,CalmMind,Protect|Bold||F|||50|]Sneasler||FocusSash|PoisonTouch|FakeOut,PoisonJab,CloseCombat,Protect|Jolly||M|||50|]Incineroar||SitrusBerry|Intimidate|FlareBlitz,FakeOut,DarkestLariat,PartingShot|Careful||M|||50|]Sinistcha||KasibBerry|Hospitality|MatchaGotcha,RagePowder,Protect,TrickRoom|Bold|||||50|]Palafin||Leftovers|ZerotoHero|JetPunch,WaveCrash,BulkUp,Protect|Adamant||M|||50|
|
|t:|1785274715
|teamsize|p1|4
|teamsize|p2|4
|start
|switch|p1a: Staraptor|Staraptor, L50, F|100/100
|switch|p1b: Farigiraf|Farigiraf, L50, M|100/100
|switch|p2a: Sinistcha|Sinistcha, L50|100/100
|switch|p2b: Delphox|Delphox, L50, M|100/100
|-ability|p1a: Staraptor|Intimidate|boost
|-unboost|p2a: Sinistcha|atk|1
|-unboost|p2b: Delphox|atk|1
|turn|1
|
|t:|1785274736
|detailschange|p2b: Delphox|Delphox-Mega, L50, M
|-mega|p2b: Delphox|Delphox|Delphoxite
|move|p2a: Sinistcha|Rage Powder|p2a: Sinistcha
|-singleturn|p2a: Sinistcha|move: Rage Powder
|move|p1a: Staraptor|Brave Bird|p2a: Sinistcha
|-supereffective|p2a: Sinistcha|1
|-damage|p2a: Sinistcha|19/100
|-damage|p1a: Staraptor|75/100|[from] Recoil
|move|p2b: Delphox|Nasty Plot|p2b: Delphox
|-boost|p2b: Delphox|spa|2
|move|p1b: Farigiraf|Trick Room|p1b: Farigiraf
|-fieldstart|move: Trick Room|[of] p1b: Farigiraf
|
|upkeep
|turn|2
|
|t:|1785274772
|switch|p1a: Torkoal|Torkoal, L50, F|100/100
|-weather|SunnyDay|[from] ability: Drought|[of] p1a: Torkoal
|move|p1b: Farigiraf|Twin Beam|p2a: Sinistcha
|-damage|p2a: Sinistcha|3/100
|-damage|p2a: Sinistcha|0 fnt
|faint|p2a: Sinistcha
|-hitcount|p2: Sinistcha|2
|move|p2b: Delphox|Psyshock|p1a: Torkoal
|-damage|p1a: Torkoal|38/100
|
|-weather|SunnyDay|[upkeep]
|upkeep
|
|t:|1785274778
|switch|p2a: Incineroar|Incineroar, L50, M|100/100
|-ability|p2a: Incineroar|Intimidate|boost
|-unboost|p1a: Torkoal|atk|1
|-unboost|p1b: Farigiraf|atk|1
|turn|3
|
|t:|1785274814
|move|p1a: Torkoal|Heat Wave|p2a: Incineroar|[spread] p2a,p2b
|-resisted|p2a: Incineroar|1
|-resisted|p2b: Delphox|1
|-damage|p2a: Incineroar|79/100
|-damage|p2b: Delphox|74/100
|move|p1b: Farigiraf|Thunderbolt|p2a: Incineroar
|-damage|p2a: Incineroar|62/100
|-status|p2a: Incineroar|par
|move|p2a: Incineroar|Darkest Lariat|p1b: Farigiraf
|-supereffective|p1b: Farigiraf|1
|-damage|p1b: Farigiraf|41/100
|-enditem|p1b: Farigiraf|Sitrus Berry|[eat]
|-heal|p1b: Farigiraf|66/100|[from] item: Sitrus Berry
|move|p2b: Delphox|Heat Wave|p1a: Torkoal|[spread] p1b
|-miss|p2b: Delphox|p1a: Torkoal
|-damage|p1b: Farigiraf|0 fnt
|faint|p1b: Farigiraf
|
|-weather|SunnyDay|[upkeep]
|upkeep
|
|t:|1785274844
|switch|p1b: Ampharos|Ampharos, L50, M|100/100
|turn|4
|
|t:|1785274869
|detailschange|p1b: Ampharos|Ampharos-Mega, L50, M
|-mega|p1b: Ampharos|Ampharos|Ampharosite
|-ability|p1b: Ampharos|Mold Breaker
|move|p2b: Delphox|Protect|p2b: Delphox
|-singleturn|p2b: Delphox|Protect
|move|p1a: Torkoal|Heat Wave|p2b: Delphox|[spread] p2a
|-activate|p2b: Delphox|move: Protect
|-resisted|p2a: Incineroar|1
|-damage|p2a: Incineroar|42/100 par
|-enditem|p2a: Incineroar|Sitrus Berry|[eat]
|-heal|p2a: Incineroar|66/100 par|[from] item: Sitrus Berry
|move|p2a: Incineroar|Parting Shot|p1b: Ampharos
|-unboost|p1b: Ampharos|atk|1
|-unboost|p1b: Ampharos|spa|1
|
|t:|1785274880
|switch|p2a: Sneasler|Sneasler, L50, M|100/100|[from] Parting Shot
|move|p1b: Ampharos|Power Gem|p2a: Sneasler
|-resisted|p2a: Sneasler|1
|-damage|p2a: Sneasler|82/100
|
|-weather|SunnyDay|[upkeep]
|upkeep
|turn|5
|
|t:|1785274911
|move|p2a: Sneasler|Fake Out|p1b: Ampharos
|-damage|p1b: Ampharos|87/100
|-status|p1b: Ampharos|psn|[from] ability: Poison Touch|[of] p2a: Sneasler
|move|p1a: Torkoal|Weather Ball|p2a: Sneasler
|-damage|p2a: Sneasler|0 fnt
|faint|p2a: Sneasler
|cant|p1b: Ampharos|flinch
|move|p2b: Delphox|Psyshock|p1a: Torkoal
|-damage|p1a: Torkoal|0 fnt
|faint|p1a: Torkoal
|
|-weather|SunnyDay|[upkeep]
|-damage|p1b: Ampharos|75/100 psn|[from] psn
|-fieldend|move: Trick Room
|upkeep
|
|t:|1785274922
|switch|p2a: Incineroar|Incineroar, L50, M|66/100 par
|switch|p1a: Staraptor|Staraptor, L50, F|75/100
|-ability|p1a: Staraptor|Intimidate|boost
|-unboost|p2a: Incineroar|atk|1
|-unboost|p2b: Delphox|atk|1
|-ability|p2a: Incineroar|Intimidate|boost
|-unboost|p1a: Staraptor|atk|1
|-unboost|p1b: Ampharos|atk|1
|turn|6
|
|t:|1785274939
|move|p2a: Incineroar|Fake Out|p1a: Staraptor
|-damage|p1a: Staraptor|65/100
|cant|p1a: Staraptor|flinch
|move|p2b: Delphox|Psyshock|p1b: Ampharos
|-damage|p1b: Ampharos|5/100 psn
|move|p1b: Ampharos|Power Gem|p2b: Delphox
|-supereffective|p2b: Delphox|1
|-damage|p2b: Delphox|28/100
|
|-weather|none
|-damage|p1b: Ampharos|0 fnt|[from] psn
|faint|p1b: Ampharos
|upkeep
|turn|7
|
|t:|1785274957
|move|p1a: Staraptor|Close Combat|p2a: Incineroar
|-supereffective|p2a: Incineroar|1
|-damage|p2a: Incineroar|31/100 par
|-unboost|p1a: Staraptor|def|1
|-unboost|p1a: Staraptor|spd|1
|move|p2b: Delphox|Psyshock|p1a: Staraptor
|-damage|p1a: Staraptor|0 fnt
|faint|p1a: Staraptor
|
|win|NotNumber1
|raw|lorenzopoke's rating: 1046 → 1030(-16 for losing)
|raw|NotNumber1's rating: 1067 → 1095(+28 for winning)
|l|☆lorenzopoke
|player|p1|
