|j|☆viatles
|j|☆seytheway
|html|viatlesseytheway    
|uhtml|bestof|Game 1 of a best-of-3
|t:|1785371504
|gametype|doubles
|player|p1|viatles|hiker|1118
|player|p2|seytheway|caitlin|1065
|gen|9
|tier|[Gen 9 Champions] VGC 2026 Reg M-B (Bo3)
|rated|
|rule|Species Clause: Limit one of each Pokémon
|rule|Item Clause: Limit 1 of each item
|clearpoke
|poke|p1|Falinks, L50, shiny|
|poke|p1|Wyrdeer, L50, F|
|poke|p1|Milotic, L50, M, shiny|
|poke|p1|Staraptor, L50, M|
|poke|p1|Tsareena, L50, F|
|poke|p1|Grimmsnarl, L50, M|
|poke|p2|Sinistcha, L50|
|poke|p2|Malamar, L50, F|
|poke|p2|Torkoal, L50, M|
|poke|p2|Sableye, L50, F|
|poke|p2|Mamoswine, L50, F|
|poke|p2|Kingambit, L50, M|
|teampreview|4
|showteam|p1|Falinks||Falinksite|Defiant|RockSlide,CloseCombat,Protect,KnockOff|Jolly|||||50|]Wyrdeer||ChoiceScarf|Intimidate|SkillSwap,PsyshieldBash,Trick,Hypnosis|Jolly||F|||50|]Milotic||Leftovers|Competitive|IcyWind,Scald,Protect,LifeDew|Bold||M|||50|]Staraptor||Staraptite|Intimidate|CloseCombat,BraveBird,Protect,Tailwind|Jolly||M|||50|]Tsareena||WideLens|QueenlyMajesty|TripleAxel,TropKick,KnockOff,LowKick|Jolly||F|||50|]Grimmsnarl||LightClay|Prankster|FakeOut,SpiritBreak,LightScreen,Reflect|Calm||M|||50|
|showteam|p2|Sinistcha||MentalHerb|Hospitality|MatchaGotcha,StrengthSap,RagePowder,TrickRoom|Quiet|||||50|]Malamar||Malamarite|Contrary|TrickRoom,Protect,Superpower,ZenHeadbutt|Brave||F|||50|]Torkoal||Leftovers|Drought|Eruption,SolarBeam,Protect,EarthPower|Quiet||M|||50|]Sableye||FocusSash|Prankster|WillOWisp,FakeOut,Encore,HelpingHand|Calm||F|||50|]Mamoswine||SitrusBerry|Oblivious|IceShard,HighHorsepower,IcicleCrash,Protect|Brave||F|||50|]Kingambit||ChopleBerry|Defiant|KowtowCleave,IronHead,ZenHeadbutt,Protect|Brave||M|||50|
|c|☆viatles|gl hf
|inactive|Battle timer is ON: inactive players will automatically lose when time's up. (requested by viatles)
|c|☆seytheway|glhf too
|
|t:|1785371533
|teamsize|p1|4
|teamsize|p2|4
|start
|switch|p1a: Milk Duds|Falinks, L50, shiny|100/100
|switch|p1b: Grimmsnarl|Grimmsnarl, L50, M|100/100
|switch|p2a: Malamar|Malamar, L50, F|100/100
|switch|p2b: Sinistcha|Sinistcha, L50|100/100
|turn|1
|
|t:|1785371557
|detailschange|p1a: Milk Duds|Falinks-Mega, L50, shiny
|-mega|p1a: Milk Duds|Falinks|Falinksite
|move|p1b: Grimmsnarl|Fake Out|p2a: Malamar
|-damage|p2a: Malamar|88/100
|move|p2b: Sinistcha|Rage Powder|p2b: Sinistcha
|-singleturn|p2b: Sinistcha|move: Rage Powder
|move|p1a: Milk Duds|Knock Off|p2b: Sinistcha
|-supereffective|p2b: Sinistcha|1
|-damage|p2b: Sinistcha|29/100
|-enditem|p2b: Sinistcha|Mental Herb|[from] move: Knock Off|[of] p1a: Milk Duds
|cant|p2a: Malamar|flinch
|
|upkeep
|turn|2
|
|t:|1785371576
|move|p1a: Milk Duds|Knock Off|p2b: Sinistcha
|-supereffective|p2b: Sinistcha|1
|-damage|p2b: Sinistcha|0 fnt
|faint|p2b: Sinistcha
|move|p1b: Grimmsnarl|Spirit Break|p2a: Malamar
|-supereffective|p2a: Malamar|1
|-damage|p2a: Malamar|31/100
|-boost|p2a: Malamar|spa|1
|move|p2a: Malamar|Trick Room|p2a: Malamar
|-fieldstart|move: Trick Room|[of] p2a: Malamar
|
|upkeep
|
|t:|1785371587
|switch|p2b: Torkoal|Torkoal, L50, M|100/100
|-weather|SunnyDay|[from] ability: Drought|[of] p2b: Torkoal
|turn|3
|
|t:|1785371606
|switch|p1a: Pentious|Milotic, L50, M, shiny|100/100
|detailschange|p2a: Malamar|Malamar-Mega, L50, F
|-mega|p2a: Malamar|Malamar|Malamarite
|move|p1b: Grimmsnarl|Reflect|p1b: Grimmsnarl
|-sidestart|p1: viatles|Reflect
|move|p2b: Torkoal|Eruption|p1a: Pentious|[spread] p1a,p1b
|-resisted|p1a: Pentious|1
|-damage|p1a: Pentious|72/100
|-damage|p1b: Grimmsnarl|35/100
|move|p2a: Malamar|Zen Headbutt|p1a: Pentious
|-damage|p1a: Pentious|51/100
|
|-weather|SunnyDay|[upkeep]
|-heal|p1a: Pentious|57/100|[from] item: Leftovers
|upkeep
|turn|4
|
|t:|1785371627
|move|p1b: Grimmsnarl|Light Screen|p1b: Grimmsnarl
|-sidestart|p1: viatles|move: Light Screen
|move|p2b: Torkoal|Solar Beam||[still]
|-prepare|p2b: Torkoal|Solar Beam
|-anim|p2b: Torkoal|Solar Beam|p1a: Pentious
|-supereffective|p1a: Pentious|1
|-damage|p1a: Pentious|25/100
|move|p2a: Malamar|Superpower|p1b: Grimmsnarl
|-damage|p1b: Grimmsnarl|10/100
|-boost|p2a: Malamar|atk|1
|-boost|p2a: Malamar|def|1
|move|p1a: Pentious|Life Dew|p1a: Pentious|[spread] p1a,p1b
|-heal|p1a: Pentious|50/100g
|-heal|p1b: Grimmsnarl|35/100
|
|-weather|SunnyDay|[upkeep]
|-heal|p1a: Pentious|56/100|[from] item: Leftovers
|upkeep
|turn|5
|inactive|seytheway has 30 seconds left.
|
|t:|1785371659
|move|p1a: Pentious|Protect|p1a: Pentious
|-singleturn|p1a: Pentious|Protect
|move|p2b: Torkoal|Eruption|p1a: Pentious|[spread] p1b
|-activate|p1a: Pentious|move: Protect
|-crit|p1b: Grimmsnarl
|-damage|p1b: Grimmsnarl|0 fnt
|faint|p1b: Grimmsnarl
|move|p2a: Malamar|Superpower|p1a: Pentious
|-activate|p1a: Pentious|move: Protect
|
|-weather|SunnyDay|[upkeep]
|-heal|p1a: Pentious|63/100|[from] item: Leftovers
|upkeep
|
|t:|1785371671
|switch|p1b: Milk Duds|Falinks-Mega, L50, shiny|100/100
|turn|6
|
|t:|1785371682
|move|p2b: Torkoal|Eruption|p1b: Milk Duds|[spread] p1a,p1b
|-resisted|p1a: Pentious|1
|-damage|p1a: Pentious|45/100
|-damage|p1b: Milk Duds|14/100
|move|p2a: Malamar|Superpower|p1a: Pentious
|-damage|p1a: Pentious|16/100
|-boost|p2a: Malamar|atk|1
|-boost|p2a: Malamar|def|1
|move|p1a: Pentious|Life Dew|p1a: Pentious|[spread] p1a,p1b
|-heal|p1a: Pentious|41/100
|-heal|p1b: Milk Duds|39/100
|move|p1b: Milk Duds|Rock Slide|p2a: Malamar|[spread] p2a
|-miss|p1b: Milk Duds|p2b: Torkoal
|-damage|p2a: Malamar|19/100
|
|-weather|SunnyDay|[upkeep]
|-heal|p1a: Pentious|47/100|[from] item: Leftovers
|-fieldend|move: Trick Room
|upkeep
|turn|7
|inactive|seytheway has 30 seconds left.
|
|t:|1785371713
|move|p2a: Malamar|Protect|p2a: Malamar
|-singleturn|p2a: Malamar|Protect
|move|p1b: Milk Duds|Rock Slide|p2a: Malamar|[spread] p2b
|-activate|p2a: Malamar|move: Protect
|-supereffective|p2b: Torkoal|1
|-damage|p2b: Torkoal|70/100
|move|p1a: Pentious|Scald|p2a: Malamar
|-activate|p2a: Malamar|move: Protect
|move|p2b: Torkoal|Eruption|p1a: Pentious|[spread] p1a,p1b
|-resisted|p1a: Pentious|1
|-damage|p1a: Pentious|34/100
|-damage|p1b: Milk Duds|0 fnt
|faint|p1b: Milk Duds
|
|-weather|none
|-heal|p1a: Pentious|41/100|[from] item: Leftovers
|-heal|p2b: Torkoal|76/100|[from] item: Leftovers
|upkeep
|
|t:|1785371729
|switch|p1b: Tsareena|Tsareena, L50, F|100/100
|turn|8
|
|t:|1785371736
|switch|p2a: Kingambit|Kingambit, L50, M|100/100
|move|p1b: Tsareena|Low Kick|p2a: Kingambit
|-supereffective|p2a: Kingambit|2
|-enditem|p2a: Kingambit|Chople Berry|[eat]
|-enditem|p2a: Kingambit|Chople Berry|[weaken]
|-damage|p2a: Kingambit|57/100
|move|p1a: Pentious|Scald|p2b: Torkoal
|-supereffective|p2b: Torkoal|1
|-damage|p2b: Torkoal|0 fnt
|faint|p2b: Torkoal
|
|-heal|p1a: Pentious|47/100|[from] item: Leftovers
|upkeep
|
|t:|1785371747
|switch|p2b: Malamar|Malamar-Mega, L50, F|19/100
|turn|9
|
|t:|1785371754
|move|p1b: Tsareena|Low Kick|p2a: Kingambit
|-supereffective|p2a: Kingambit|2
|-damage|p2a: Kingambit|0 fnt
|faint|p2a: Kingambit
|move|p1a: Pentious|Scald|p2b: Malamar
|-damage|p2b: Malamar|0 fnt
|faint|p2b: Malamar
|
|win|viatles
||seytheway is ready for game 2.
||viatles is ready for game 2.
|uhtml|next|Next: Game 2 of 3
|l|☆seytheway
|player|p2|
