|j|☆HalcyonJon
|j|☆Mortipherus
|html|HalcyonJonMortipherus    
|uhtml|bestof|Game 1 of a best-of-3
|t:|1757231679
|gametype|doubles
|player|p1|HalcyonJon|pokemonbreeder|1182
|player|p2|Mortipherus|biker-gen4|1153
|gen|9
|tier|[Gen 9] VGC 2025 Reg H (Bo3)
|rated|
|rule|Species Clause: Limit one of each Pokémon
|rule|Item Clause: Limit 1 of each item
|clearpoke
|poke|p1|Torkoal, L50, F|
|poke|p1|Indeedee-F, L50, F|
|poke|p1|Heracross, L50, M|
|poke|p1|Delphox, L50, M|
|poke|p1|Salamence, L50, F|
|poke|p1|Gardevoir, L50, M|
|poke|p2|Hydrapple, L50, M|
|poke|p2|Arcanine-Hisui, L50, M|
|poke|p2|Gholdengo, L50|
|poke|p2|Electabuzz, L50, M|
|poke|p2|Indeedee, L50, M|
|poke|p2|Sneasler, L50, M|
|teampreview|4
|showteam|p1|Torkoal||AssaultVest|Drought|Eruption,WeatherBall,SolarBeam,EarthPower|||F|||50|,,,,,Grass]Indeedee-F||RockyHelmet|PsychicSurge|Psychic,FollowMe,HelpingHand,TrickRoom|||F|||50|,,,,,Fairy]Heracross||FlameOrb|Guts|CloseCombat,Lunge,RockSlide,Protect|||M|||50|,,,,,Rock]Delphox||PsychicSeed|Magician|Flamethrower,ExpandingForce,NastyPlot,Protect|||M|||50|,,,,,Dark]Salamence||MirrorHerb|Intimidate|BreakingSwipe,DualWingbeat,TemperFlare,Tailwind|||F|||50|,,,,,Fire]Gardevoir||FocusSash|Trace|Moonblast,ExpandingForce,TeraBlast,Protect|||M|||50|,,,,,Steel
|showteam|p2|Hydrapple||AssaultVest|Regenerator|FickleBeam,EnergyBall,EarthPower,BreakingSwipe|||M|||50|,,,,,Ground]Arcanine-Hisui||ClearAmulet|Intimidate|Protect,ExtremeSpeed,FlareBlitz,RockSlide|||M|||50|,,,,,Grass]Gholdengo||LifeOrb|GoodasGold|Protect,NastyPlot,MakeItRain,ShadowBall||||||50|,,,,,Water]Electabuzz||Eviolite|VitalSpirit|Protect,FollowMe,Taunt,Electroweb|||M|||50|,,,,,Dragon]Indeedee||FocusSash|PsychicSurge|Protect,TrickRoom,ExpandingForce,TeraBlast|||M|||50|,,,,,Ground]Sneasler||PsychicSeed|Unburden|Protect,ThroatChop,DireClaw,CloseCombat|||M|||50|,,,,,Dark
|inactive|Battle timer is ON: inactive players will automatically lose when time's up. (requested by Mortipherus)
|
|t:|1757231736
|teamsize|p1|4
|teamsize|p2|4
|start
|switch|p1a: Gardevoir|Gardevoir, L50, M|100/100
|switch|p1b: Indeedee|Indeedee-F, L50, F|100/100
|switch|p2a: Electabuzz|Electabuzz, L50, M|100/100
|switch|p2b: Arcanine|Arcanine-Hisui, L50, M|100/100
|-ability|p2b: Arcanine|Intimidate|boost
|-unboost|p1a: Gardevoir|atk|1
|-unboost|p1b: Indeedee|atk|1
|-ability|p1a: Gardevoir|Vital Spirit|Trace|[from] ability: Trace|[of] p2a: Electabuzz
|-fieldstart|move: Psychic Terrain|[from] ability: Psychic Surge|[of] p1b: Indeedee
|turn|1
|inactive|HalcyonJon has 30 seconds left.
|
|t:|1757231765
|move|p1b: Indeedee|Follow Me|p1b: Indeedee
|-singleturn|p1b: Indeedee|move: Follow Me
|move|p2b: Arcanine|Rock Slide|p1b: Indeedee|[spread] p1a,p1b
|-damage|p1a: Gardevoir|50/100
|-damage|p1b: Indeedee|72/100
|move|p1a: Gardevoir|Expanding Force|p2a: Electabuzz|[spread] p2a,p2b
|-damage|p2a: Electabuzz|60/100
|-damage|p2b: Arcanine|22/100
|move|p2a: Electabuzz|Taunt|p1b: Indeedee
|-start|p1b: Indeedee|move: Taunt
|
|upkeep
|turn|2
|
|t:|1757231780
|move|p1a: Gardevoir|Protect|p1a: Gardevoir
|-singleturn|p1a: Gardevoir|Protect
|move|p2b: Arcanine|Flare Blitz|p1a: Gardevoir
|-activate|p1a: Gardevoir|move: Protect
|move|p2a: Electabuzz|Electroweb|p1b: Indeedee|[spread] p1b
|-activate|p1a: Gardevoir|move: Protect
|-damage|p1b: Indeedee|59/100
|-unboost|p1b: Indeedee|spe|1
|move|p1b: Indeedee|Psychic|p2b: Arcanine
|-damage|p2b: Arcanine|0 fnt
|faint|p2b: Arcanine
|
|upkeep
|
|t:|1757231784
|switch|p2b: Sneasler|Sneasler, L50, M|100/100
|-enditem|p2b: Sneasler|Psychic Seed
|-boost|p2b: Sneasler|spd|1|[from] item: Psychic Seed
|turn|3
|inactive|HalcyonJon has 30 seconds left.
|
|t:|1757231816
|-terastallize|p2b: Sneasler|Dark
|-terastallize|p1a: Gardevoir|Steel
|move|p2b: Sneasler|Dire Claw|p1a: Gardevoir
|-immune|p1a: Gardevoir
|move|p1a: Gardevoir|Moonblast|p2b: Sneasler
|-supereffective|p2b: Sneasler
|-damage|p2b: Sneasler|11/100
|-unboost|p2b: Sneasler|spa|1
|move|p2a: Electabuzz|Electroweb|p1a: Gardevoir|[spread] p1a,p1b
|-damage|p1a: Gardevoir|36/100
|-damage|p1b: Indeedee|47/100
|-unboost|p1a: Gardevoir|spe|1
|-unboost|p1b: Indeedee|spe|1
|move|p1b: Indeedee|Psychic|p2b: Sneasler
|-immune|p2b: Sneasler
|
|upkeep
|turn|4
|inactive|HalcyonJon has 30 seconds left.
|
|t:|1757231845
|switch|p1b: Torkoal|Torkoal, L50, F|100/100
|-weather|SunnyDay|[from] ability: Drought|[of] p1b: Torkoal
|move|p1a: Gardevoir|Protect|p1a: Gardevoir
|-singleturn|p1a: Gardevoir|Protect
|move|p2a: Electabuzz|Follow Me|p2a: Electabuzz
|-singleturn|p2a: Electabuzz|move: Follow Me
|move|p2b: Sneasler|Throat Chop|p1b: Torkoal
|-damage|p1b: Torkoal|68/100
|-start|p1b: Torkoal|Throat Chop|[silent]
|
|-weather|SunnyDay|[upkeep]
|upkeep
|turn|5
|inactive|HalcyonJon has 30 seconds left.
|
|t:|1757231872
|move|p2a: Electabuzz|Follow Me|p2a: Electabuzz
|-singleturn|p2a: Electabuzz|move: Follow Me
|move|p2b: Sneasler|Close Combat|p1a: Gardevoir
|-supereffective|p1a: Gardevoir
|-damage|p1a: Gardevoir|0 fnt
|-unboost|p2b: Sneasler|def|1
|-unboost|p2b: Sneasler|spd|1
|faint|p1a: Gardevoir
|move|p1b: Torkoal|Eruption|p2a: Electabuzz|[spread] p2a,p2b
|-damage|p2a: Electabuzz|26/100
|-damage|p2b: Sneasler|0 fnt
|faint|p2b: Sneasler
|
|-weather|SunnyDay|[upkeep]
|-end|p1b: Torkoal|Throat Chop|[silent]
|-fieldend|move: Psychic Terrain
|upkeep
|
|t:|1757231885
|switch|p2b: Indeedee|Indeedee, L50, M|100/100
|switch|p1a: Delphox|Delphox, L50, M|100/100
|-fieldstart|move: Psychic Terrain|[from] ability: Psychic Surge|[of] p2b: Indeedee
|-enditem|p1a: Delphox|Psychic Seed
|-boost|p1a: Delphox|spd|1|[from] item: Psychic Seed
|turn|6
|
|t:|1757231899
|move|p2a: Electabuzz|Protect|p2a: Electabuzz
|-singleturn|p2a: Electabuzz|Protect
|move|p1a: Delphox|Expanding Force|p2b: Indeedee|[spread] p2b
|-activate|p2a: Electabuzz|move: Protect
|-resisted|p2b: Indeedee
|-damage|p2b: Indeedee|65/100
|-item|p1a: Delphox|Focus Sash|[from] ability: Magician|[of] p2b: Indeedee
|move|p2b: Indeedee|Expanding Force|p1b: Torkoal|[spread] p1a,p1b
|-resisted|p1a: Delphox
|-damage|p1a: Delphox|78/100
|-damage|p1b: Torkoal|22/100
|move|p1b: Torkoal|Weather Ball|p2b: Indeedee
|-damage|p2b: Indeedee|0 fnt
|faint|p2b: Indeedee
|
|-weather|SunnyDay|[upkeep]
|upkeep
|turn|7
|
|t:|1757231918
|move|p1a: Delphox|Expanding Force|p2a: Electabuzz
|-damage|p2a: Electabuzz|0 fnt
|faint|p2a: Electabuzz
|
|win|HalcyonJon
||HalcyonJon is ready for game 2.
