|j|☆llufamistica
|j|☆Xeno_07
|html|llufamisticaXeno_07    
|uhtml|bestof|Game 2 of a best-of-3
|t:|1756457370
|gametype|doubles
|player|p1|llufamistica|169|1106
|player|p2|Xeno_07|266|1109
|gen|9
|tier|[Gen 9] VGC 2025 Reg H (Bo3)
|rated|
|rule|Species Clause: Limit one of each Pokémon
|rule|Item Clause: Limit 1 of each item
|clearpoke
|poke|p1|Murkrow, L50, M|
|poke|p1|Garchomp, L50, M|
|poke|p1|Toxtricity, L50, M|
|poke|p1|Zoroark-Hisui, L50, F|
|poke|p1|Indeedee-F, L50, F|
|poke|p1|Annihilape, L50, F|
|poke|p2|Toxapex, L50, F|
|poke|p2|Raichu, L50, M|
|poke|p2|Gholdengo, L50|
|poke|p2|Amoonguss, L50, M|
|poke|p2|Incineroar, L50, F|
|poke|p2|Gastrodon, L50, F|
|teampreview|4
|showteam|p1|Murkrow||Eviolite|Prankster|Tailwind,BraveBird,Quash,Haze|||M|||50|,,,,,Ghost]Garchomp||LifeOrb|RoughSkin|Earthquake,IronHead,RockSlide,Protect|||M|||50|,,,,,Steel]Toxtricity||ChoiceSpecs|PunkRock|Boomburst,Overdrive,VoltSwitch,SludgeBomb|||M|||50|,,,,,Normal]Zoroark-Hisui||FocusSash|Illusion|ShadowBall,Protect,HyperVoice,NastyPlot|||F|||50|,,,,,Stellar]Indeedee-F||SafetyGoggles|Synchronize|FollowMe,HelpingHand,FakeOut,ShadowBall|||F|||50|,,,,,Ghost]Annihilape||ChoiceScarf|Defiant|FinalGambit,HelpingHand,ShadowClaw,CloseCombat|||F|||50|,,,,,Grass
|showteam|p2|Toxapex||BlackSludge|Merciless|BanefulBunker,PainSplit,Venoshock,Hex|||F|||50|,,,,,Grass]Raichu||FocusSash|LightningRod|FakeOut,Nuzzle,VoltSwitch,Protect|||M|||50|,,,,,Ghost]Gholdengo||LifeOrb|GoodasGold|NastyPlot,Protect,MakeItRain,ShadowBall||||||50|,,,,,Water]Amoonguss||RockyHelmet|Regenerator|Protect,RagePowder,Spore,PollenPuff|||M|||50|,,,,,Water]Incineroar||SitrusBerry|Intimidate|FlareBlitz,FakeOut,KnockOff,PartingShot|||F|||50|,,,,,Ghost]Gastrodon||Leftovers|StormDrain|EarthPower,Protect,IceBeam,Yawn|||F|||50|,,,,,Grass
|inactive|Battle timer is ON: inactive players will automatically lose when time's up. (requested by llufamistica)
|inactive|llufamistica has 60 seconds left.
|inactive|llufamistica has 30 seconds left.
|inactive|llufamistica has 20 seconds left.
|inactive|llufamistica has 15 seconds left.
|inactive|llufamistica has 10 seconds left.
|
|t:|1756457470
|teamsize|p1|4
|teamsize|p2|4
|start
|switch|p1a: Garchomp|Garchomp, L50, M, shiny|100/100
|switch|p1b: Murkrow|Murkrow, L50, M, shiny|100/100
|switch|p2a: Raichu|Raichu, L50, M|100/100
|switch|p2b: Gholdengo|Gholdengo, L50|100/100
|turn|1
|inactive|llufamistica has 30 seconds left.
|inactive|llufamistica has 20 seconds left.
|inactive|Xeno_07 has 30 seconds left.
|inactive|llufamistica has 15 seconds left.
|inactive|llufamistica has 10 seconds left.
|inactive|llufamistica has 5 seconds left.
|
|t:|1756457521
|-terastallize|p2b: Gholdengo|Water
|move|p1a: Garchomp|Protect|p1a: Garchomp
|-singleturn|p1a: Garchomp|Protect
|move|p1b: Murkrow|Tailwind|p1b: Murkrow
|-sidestart|p1: llufamistica|move: Tailwind
|move|p2a: Raichu|Volt Switch|p1b: Murkrow
|-supereffective|p1b: Murkrow
|-damage|p1b: Murkrow|21/100
|
|t:|1756457529
|switch|p2a: Incineroar|Incineroar, L50, F|100/100|[from] Volt Switch
|-ability|p2a: Incineroar|Intimidate|boost
|-unboost|p1a: Garchomp|atk|1
|-unboost|p1b: Murkrow|atk|1
|move|p2b: Gholdengo|Nasty Plot|p2b: Gholdengo
|-boost|p2b: Gholdengo|spa|2
|
|upkeep
|turn|2
|inactive|Xeno_07 has 30 seconds left.
|
|t:|1756457555
|move|p2a: Incineroar|Fake Out|p1b: Murkrow
|-damage|p1b: Murkrow|13/100
|cant|p1b: Murkrow|flinch
|move|p1a: Garchomp|Earthquake|p2b: Gholdengo|[spread] p2a,p2b
|-immune|p1b: Murkrow
|-supereffective|p2a: Incineroar
|-damage|p2a: Incineroar|37/100
|-damage|p2b: Gholdengo|64/100
|-enditem|p2a: Incineroar|Sitrus Berry|[eat]
|-heal|p2a: Incineroar|62/100|[from] item: Sitrus Berry
|-damage|p1a: Garchomp|91/100|[from] item: Life Orb
|move|p2b: Gholdengo|Shadow Ball|p1a: Garchomp
|-damage|p1a: Garchomp|0 fnt
|faint|p1a: Garchomp
|-damage|p2b: Gholdengo|54/100|[from] item: Life Orb
|
|upkeep
|
|t:|1756457575
|switch|p1a: Indeedee|Indeedee-F, L50, F|100/100
|turn|3
|
|t:|1756457586
|move|p2b: Gholdengo|Protect|p2b: Gholdengo
|-singleturn|p2b: Gholdengo|Protect
|move|p1b: Murkrow|Haze|p1b: Murkrow
|-clearallboost
|move|p1a: Indeedee|Nasty Plot|p1a: Indeedee
|-boost|p1a: Indeedee|spa|2
|move|p2a: Incineroar|Knock Off|p1a: Indeedee
|-supereffective|p1a: Indeedee
|-enditem|p1a: Indeedee|Focus Sash
|-damage|p1a: Indeedee|1/100
|replace|p1a: Zoroark|Zoroark-Hisui, L50, F, shiny
|-end|p1a: Zoroark|Illusion
|
|upkeep
|turn|4
|inactive|llufamistica has 30 seconds left.
|inactive|llufamistica has 20 seconds left.
|inactive|llufamistica has 15 seconds left.
|
|t:|1756457627
|switch|p1b: Indeedee|Indeedee-F, L50, F|100/100
|move|p1a: Zoroark|Hyper Voice|p2b: Gholdengo|[spread] p2a,p2b
|-damage|p2a: Incineroar|2/100
|-damage|p2b: Gholdengo|0 fnt
|faint|p2b: Gholdengo
|move|p2a: Incineroar|Parting Shot|p1a: Zoroark
|-unboost|p1a: Zoroark|atk|1
|-unboost|p1a: Zoroark|spa|1
|
|t:|1756457636
|switch|p2a: Raichu|Raichu, L50, M|100/100|[from] Parting Shot
|
|-sideend|p1: llufamistica|move: Tailwind
|upkeep
|
|t:|1756457647
|switch|p2b: Gastrodon|Gastrodon, L50, F|100/100
|turn|5
|inactive|llufamistica has 30 seconds left.
|inactive|llufamistica has 20 seconds left.
|inactive|llufamistica has 15 seconds left.
|inactive|llufamistica has 10 seconds left.
|inactive|llufamistica has 5 seconds left.
|
|t:|1756457697
|move|p2a: Raichu|Protect|p2a: Raichu
|-singleturn|p2a: Raichu|Protect
|move|p1b: Indeedee|Fake Out|p2b: Gastrodon
|-damage|p2b: Gastrodon|94/100
|move|p1a: Zoroark|Nasty Plot|p1a: Zoroark
|-boost|p1a: Zoroark|spa|2
|cant|p2b: Gastrodon|flinch
|
|-heal|p2b: Gastrodon|99/100|[from] item: Leftovers
|upkeep
|turn|6
|
|t:|1756457716
|-terastallize|p1a: Zoroark|Stellar
|move|p1b: Indeedee|Follow Me|p1b: Indeedee
|-singleturn|p1b: Indeedee|move: Follow Me
|move|p2a: Raichu|Volt Switch|p1b: Indeedee
|-damage|p1b: Indeedee|75/100
|
|t:|1756457722
|switch|p2a: Incineroar|Incineroar, L50, F|2/100|[from] Volt Switch
|-ability|p2a: Incineroar|Intimidate|boost
|-unboost|p1a: Zoroark|atk|1
|-unboost|p1b: Indeedee|atk|1
|move|p1a: Zoroark|Hyper Voice|p2b: Gastrodon|[spread] p2a,p2b
|-crit|p2a: Incineroar
|-damage|p2a: Incineroar|0 fnt
|-damage|p2b: Gastrodon|0 fnt
|faint|p2a: Incineroar
|faint|p2b: Gastrodon
|
|upkeep
|
|t:|1756457732
|switch|p2b: Raichu|Raichu, L50, M|100/100
|turn|7
|
|t:|1756457753
|move|p1b: Indeedee|Follow Me|p1b: Indeedee
|-singleturn|p1b: Indeedee|move: Follow Me
|move|p2b: Raichu|Nuzzle|p1b: Indeedee
|-damage|p1b: Indeedee|69/100
|-status|p1b: Indeedee|par
|-activate|p1b: Indeedee|ability: Synchronize
|-immune|p2b: Raichu
|move|p1a: Zoroark|Hyper Voice|p2b: Raichu
|-enditem|p2b: Raichu|Focus Sash
|-damage|p2b: Raichu|1/100
|
|upkeep
|turn|8
|
|t:|1756457783
|move|p2b: Raichu|Protect|p2b: Raichu
|-singleturn|p2b: Raichu|Protect
|move|p1a: Zoroark|Protect|p1a: Zoroark
|-singleturn|p1a: Zoroark|Protect
|move|p1b: Indeedee|Shadow Ball|p2b: Raichu
|-activate|p2b: Raichu|move: Protect
|
|upkeep
|turn|9
|
|t:|1756457794
|move|p2b: Raichu|Volt Switch|p1a: Zoroark
|-damage|p1a: Zoroark|0 fnt
|faint|p1a: Zoroark
|cant|p1b: Indeedee|par
|
|upkeep
|
|t:|1756457799
|switch|p1a: Murkrow|Murkrow, L50, M, shiny|13/100
|turn|10
|
|t:|1756457812
|move|p2b: Raichu|Nuzzle|p1a: Murkrow
|-supereffective|p1a: Murkrow
|-damage|p1a: Murkrow|2/100
|-status|p1a: Murkrow|par
|move|p1a: Murkrow|Brave Bird|p2b: Raichu
|-resisted|p2b: Raichu
|-damage|p2b: Raichu|0 fnt
|faint|p2b: Raichu
|-damage|p1a: Murkrow|2/100 par|[from] Recoil
|
|win|llufamistica
|raw|llufamistica's rating: 1106 → 1131(+25 for winning)
|raw|Xeno_07's rating: 1109 → 1084(-25 for losing)
|l|☆Xeno_07
|player|p2|
