|j|☆Birchythesnakerat
|j|☆guiltypleasure06
|html|Birchythesnakeratguiltypleasure06    
|uhtml|bestof|Game 1 of a best-of-3
|t:|1757251815
|gametype|doubles
|player|p1|Birchythesnakerat|101|1096
|player|p2|guiltypleasure06|pokefan|1127
|gen|9
|tier|[Gen 9] VGC 2025 Reg H (Bo3)
|rated|
|rule|Species Clause: Limit one of each Pokémon
|rule|Item Clause: Limit 1 of each item
|clearpoke
|poke|p1|Ursaluna-Bloodmoon, L50, M|
|poke|p1|Kingambit, L50, F|
|poke|p1|Indeedee-F, L50, F|
|poke|p1|Annihilape, L50, M|
|poke|p1|Dondozo, L50, M|
|poke|p1|Tatsugiri, L50, M|
|poke|p2|Sneasler, L50, M|
|poke|p2|Dondozo, L50, F|
|poke|p2|Magmar, L50, M|
|poke|p2|Rillaboom, L50, M|
|poke|p2|Dragonite, L50, M|
|poke|p2|Kingambit, L50, M|
|teampreview|4
|showteam|p1|Ursaluna-Bloodmoon||LifeOrb|MindsEye|EarthPower,HyperVoice,Protect,BloodMoon|||M|||50|,,,,,Normal]Kingambit||BlackGlasses|Defiant|SwordsDance,SuckerPunch,KowtowCleave,Protect|||F|||50|,,,,,Fairy]Indeedee-F||MentalHerb|PsychicSurge|HelpingHand,TrickRoom,FollowMe,Psychic|||F|||50|,,,,,Fairy]Annihilape||ChoiceScarf|Defiant|DrainPunch,RageFist,FinalGambit,CloseCombat|||M|||50|,,,,,Grass]Dondozo||ClearAmulet|Unaware|OrderUp,WaveCrash,Protect,Earthquake|||M|||50|,,,,,Grass]Tatsugiri||FocusSash|Commander|DracoMeteor,IcyWind,Taunt,Protect|||M|||50|,,,,,Dragon
|showteam|p2|Sneasler||FocusSash|Unburden|CloseCombat,DireClaw,Coaching,Protect|||M|||50|,,,,,Stellar]Dondozo||Leftovers|Unaware|Liquidation,Yawn,Fissure,Protect|||F|||50|,,,,,Fire]Magmar||Eviolite|VitalSpirit|Overheat,WillOWisp,FollowMe,Protect|||M|||50|,,,,,Dragon]Rillaboom||AssaultVest|GrassySurge|WoodHammer,GrassyGlide,Uturn,FakeOut|||M|||50|,,,,,Fire]Dragonite||LoadedDice|Multiscale|ExtremeSpeed,ScaleShot,LowKick,Protect|||M|||50|,,,,,Fairy]Kingambit||BlackGlasses|Defiant|Protect,SwordsDance,SuckerPunch,KowtowCleave|||M|||50|,,,,,Dark
|inactive|Battle timer is ON: inactive players will automatically lose when time's up. (requested by Birchythesnakerat)
|
|t:|1757251875
|teamsize|p1|4
|teamsize|p2|4
|start
|switch|p1a: Indeedee|Indeedee-F, L50, F, shiny|100/100
|switch|p1b: Kingambit|Kingambit, L50, F, shiny|100/100
|switch|p2a: Dragonite|Dragonite, L50, M|100/100
|switch|p2b: Rillaboom|Rillaboom, L50, M|100/100
|-fieldstart|move: Grassy Terrain|[from] ability: Grassy Surge|[of] p2b: Rillaboom
|-fieldstart|move: Psychic Terrain|[from] ability: Psychic Surge|[of] p1a: Indeedee
|turn|1
|inactive|Birchythesnakerat has 30 seconds left.
|
|t:|1757251906
|move|p2b: Rillaboom|U-turn|p1a: Indeedee
|-supereffective|p1a: Indeedee
|-damage|p1a: Indeedee|51/100
|
|t:|1757251910
|switch|p2b: Dondozo|Dondozo, L50, F|100/100|[from] U-turn
|move|p2a: Dragonite|Low Kick|p1b: Kingambit
|-supereffective|p1b: Kingambit
|-damage|p1b: Kingambit|0 fnt
|faint|p1b: Kingambit
|move|p1a: Indeedee|Trick Room|p1a: Indeedee
|-fieldstart|move: Trick Room|[of] p1a: Indeedee
|
|upkeep
|
|t:|1757251919
|switch|p1b: Ursaluna|Ursaluna-Bloodmoon, L50, M|100/100
|turn|2
|inactive|Birchythesnakerat has 30 seconds left.
|inactive|Birchythesnakerat has 20 seconds left.
|inactive|Birchythesnakerat has 15 seconds left.
|inactive|Birchythesnakerat has 10 seconds left.
|
|t:|1757251965
|switch|p2a: Rillaboom|Rillaboom, L50, M|100/100
|-fieldstart|move: Grassy Terrain|[from] ability: Grassy Surge|[of] p2a: Rillaboom
|-terastallize|p1b: Ursaluna|Normal
|move|p2b: Dondozo|Protect|p2b: Dondozo
|-singleturn|p2b: Dondozo|Protect
|move|p1a: Indeedee|Follow Me|p1a: Indeedee
|-singleturn|p1a: Indeedee|move: Follow Me
|move|p1b: Ursaluna|Hyper Voice|p2b: Dondozo|[spread] p2a
|-activate|p2b: Dondozo|move: Protect
|-damage|p2a: Rillaboom|55/100
|-damage|p1b: Ursaluna|91/100|[from] item: Life Orb
|
|-heal|p1b: Ursaluna|97/100|[from] Grassy Terrain
|-heal|p1a: Indeedee|57/100|[from] Grassy Terrain
|-heal|p2a: Rillaboom|60/100|[from] Grassy Terrain
|upkeep
|turn|3
|inactive|Birchythesnakerat has 30 seconds left.
|
|t:|1757251996
|move|p2a: Rillaboom|Fake Out|p1b: Ursaluna
|-damage|p1b: Ursaluna|86/100
|move|p1a: Indeedee|Follow Me|p1a: Indeedee
|-singleturn|p1a: Indeedee|move: Follow Me
|move|p2b: Dondozo|Yawn|p1a: Indeedee
|-start|p1a: Indeedee|move: Yawn|[of] p2b: Dondozo
|cant|p1b: Ursaluna|flinch
|
|-heal|p1b: Ursaluna|92/100|[from] Grassy Terrain
|-heal|p1a: Indeedee|63/100|[from] Grassy Terrain
|-heal|p2a: Rillaboom|66/100|[from] Grassy Terrain
|upkeep
|turn|4
|inactive|guiltypleasure06 has 30 seconds left.
|
|t:|1757252027
|switch|p1a: Annihilape|Annihilape, L50, M, shiny|100/100
|move|p2b: Dondozo|Yawn|p1b: Ursaluna
|-start|p1b: Ursaluna|move: Yawn|[of] p2b: Dondozo
|move|p1b: Ursaluna|Blood Moon|p2b: Dondozo
|-damage|p2b: Dondozo|0 fnt
|faint|p2b: Dondozo
|-damage|p1b: Ursaluna|82/100|[from] item: Life Orb
|move|p2a: Rillaboom|U-turn|p1b: Ursaluna
|-damage|p1b: Ursaluna|66/100
|
|t:|1757252041
|switch|p2a: Dragonite|Dragonite, L50, M|100/100|[from] U-turn
|
|-heal|p1b: Ursaluna|72/100|[from] Grassy Terrain
|upkeep
|
|t:|1757252046
|switch|p2b: Kingambit|Kingambit, L50, M, shiny|100/100
|turn|5
|inactive|Birchythesnakerat has 30 seconds left.
|inactive|Birchythesnakerat has 20 seconds left.
|inactive|Birchythesnakerat has 15 seconds left.
|inactive|Birchythesnakerat has 10 seconds left.
|
|t:|1757252095
|switch|p1b: Indeedee|Indeedee-F, L50, F, shiny|63/100
|-fieldstart|move: Psychic Terrain|[from] ability: Psychic Surge|[of] p1b: Indeedee
|move|p2b: Kingambit|Kowtow Cleave|p1a: Annihilape
|-damage|p1a: Annihilape|45/100
|move|p2a: Dragonite|Low Kick|p1b: Indeedee
|-damage|p1b: Indeedee|38/100
|move|p1a: Annihilape|Drain Punch|p2b: Kingambit
|-supereffective|p2b: Kingambit
|-damage|p2b: Kingambit|5/100
|-heal|p1a: Annihilape|91/100|[from] drain|[of] p2b: Kingambit
|
|-fieldend|move: Trick Room
|upkeep
|turn|6
|inactive|Birchythesnakerat has 30 seconds left.
|
|t:|1757252125
|switch|p2b: Rillaboom|Rillaboom, L50, M|66/100
|-fieldstart|move: Grassy Terrain|[from] ability: Grassy Surge|[of] p2b: Rillaboom
|move|p1b: Indeedee|Follow Me|p1b: Indeedee
|-singleturn|p1b: Indeedee|move: Follow Me
|move|p1a: Annihilape|Drain Punch|p2b: Rillaboom
|-damage|p2b: Rillaboom|37/100
|-heal|p1a: Annihilape|100/100|[from] drain|[of] p2b: Rillaboom
|move|p2a: Dragonite|Scale Shot|p1b: Indeedee
|-damage|p1b: Indeedee|23/100
|-damage|p1b: Indeedee|8/100
|-damage|p1b: Indeedee|0 fnt
|faint|p1b: Indeedee
|-hitcount|p1: Indeedee|3
|-unboost|p2a: Dragonite|def|1
|-boost|p2a: Dragonite|spe|1
|
|-heal|p2b: Rillaboom|42/100|[from] Grassy Terrain
|upkeep
|
|t:|1757252136
|switch|p1b: Ursaluna|Ursaluna-Bloodmoon, L50, M, tera:Normal|72/100
|turn|7
|
|t:|1757252154
|move|p2b: Rillaboom|Fake Out|p1b: Ursaluna
|-damage|p1b: Ursaluna|62/100
|move|p1a: Annihilape|Drain Punch|p2a: Dragonite
|-resisted|p2a: Dragonite
|-damage|p2a: Dragonite|88/100
|move|p2a: Dragonite|Scale Shot|p1a: Annihilape
|-damage|p1a: Annihilape|85/100
|-damage|p1a: Annihilape|70/100
|-damage|p1a: Annihilape|56/100
|-damage|p1a: Annihilape|40/100
|-hitcount|p1a: Annihilape|4
|-unboost|p2a: Dragonite|def|1
|-boost|p2a: Dragonite|spe|1
|cant|p1b: Ursaluna|flinch
|
|-heal|p1a: Annihilape|47/100|[from] Grassy Terrain
|-heal|p2b: Rillaboom|48/100|[from] Grassy Terrain
|-heal|p1b: Ursaluna|68/100|[from] Grassy Terrain
|upkeep
|turn|8
|inactive|guiltypleasure06 has 30 seconds left.
|inactive|Birchythesnakerat has 30 seconds left.
|
|t:|1757252192
|move|p2b: Rillaboom|Grassy Glide|p1b: Ursaluna
|-damage|p1b: Ursaluna|41/100
|move|p2a: Dragonite|Scale Shot|p1a: Annihilape
|-damage|p1a: Annihilape|31/100
|-damage|p1a: Annihilape|16/100
|-damage|p1a: Annihilape|1/100
|-damage|p1a: Annihilape|0 fnt
|faint|p1a: Annihilape
|-hitcount|p1: Annihilape|4
|-unboost|p2a: Dragonite|def|1
|-boost|p2a: Dragonite|spe|1
|move|p1b: Ursaluna|Blood Moon|p2a: Dragonite
|-damage|p2a: Dragonite|0 fnt
|faint|p2a: Dragonite
|-damage|p1b: Ursaluna|31/100|[from] item: Life Orb
|
|-heal|p2b: Rillaboom|54/100|[from] Grassy Terrain
|-heal|p1b: Ursaluna|37/100|[from] Grassy Terrain
|upkeep
|
|t:|1757252211
|switch|p2a: Kingambit|Kingambit, L50, M, shiny|5/100
|turn|9
|
|t:|1757252218
|-terastallize|p2a: Kingambit|Dark
|move|p1b: Ursaluna|Protect|p1b: Ursaluna
|-singleturn|p1b: Ursaluna|Protect
|move|p2b: Rillaboom|Grassy Glide|p1b: Ursaluna
|-activate|p1b: Ursaluna|move: Protect
|move|p2a: Kingambit|Sucker Punch||[still]
|-fail|p2a: Kingambit
|
|-heal|p2b: Rillaboom|60/100|[from] Grassy Terrain
|-heal|p2a: Kingambit|11/100|[from] Grassy Terrain
|-heal|p1b: Ursaluna|43/100|[from] Grassy Terrain
|upkeep
|turn|10
|
|t:|1757252234
|move|p1b: Ursaluna|Protect||[still]
|-fail|p1b: Ursaluna
|move|p2a: Kingambit|Sucker Punch||[still]
|-fail|p2a: Kingambit
|move|p2b: Rillaboom|Wood Hammer|p1b: Ursaluna
|-damage|p1b: Ursaluna|0 fnt
|faint|p1b: Ursaluna
|-damage|p2b: Rillaboom|46/100|[from] Recoil
|
|win|guiltypleasure06
||guiltypleasure06 is ready for game 2.
||Birchythesnakerat is ready for game 2.
|uhtml|next|Next: Game 2 of 3
