|j|☆neuesspielzeug
|j|☆HelgitheLean
|html|neuesspielzeugHelgitheLean    
|uhtml|bestof|Game 1 of a best-of-3
|t:|1784557656
|gametype|doubles
|player|p1|neuesspielzeug|2|1259
|player|p2|HelgitheLean|brawly|1222
|gen|9
|tier|[Gen 9 Champions] VGC 2026 Reg M-B (Bo3)
|rated|
|rule|Species Clause: Limit one of each Pokémon
|rule|Item Clause: Limit 1 of each item
|clearpoke
|poke|p1|Scrafty, L50, M|
|poke|p1|Toxapex, L50, F|
|poke|p1|Metagross, L50|
|poke|p1|Chandelure, L50, M|
|poke|p1|Hydreigon, L50, F|
|poke|p1|Sneasler, L50, M|
|poke|p2|Swampert, L50, F|
|poke|p2|Archaludon, L50, F|
|poke|p2|Sinistcha-Masterpiece, L50|
|poke|p2|Pelipper, L50, F|
|poke|p2|Grimmsnarl, L50, M|
|poke|p2|Basculegion, L50, M|
|teampreview|4
|showteam|p1|Scrafty||Scraftinite|Intimidate|FakeOut,DrainPunch,KnockOff,PoisonJab|Careful||M|||50|]Toxapex||Leftovers|Regenerator|Infestation,Toxic,BanefulBunker,WideGuard|Bold||F|||50|]Metagross||Metagrossite|ClearBody|PsychicFangs,StompingTantrum,IcePunch,Protect|Jolly|||||50|]Chandelure||FocusSash|FlashFire|EnergyBall,HeatWave,ShadowBall,Protect|Timid||M|||50|]Hydreigon||ChoiceScarf|Levitate|DracoMeteor,Snarl,DarkPulse,EarthPower|Modest||F|||50|]Sneasler||LifeOrb|PoisonTouch|FakeOut,CloseCombat,DireClaw,Protect|Jolly||M|||50|
|showteam|p2|Swampert||Swampertite|Damp|IcePunch,WaveCrash,Earthquake,Protect|Adamant||F|||50|]Archaludon||Leftovers|Stamina|Snarl,ElectroShot,FlashCannon,Protect|Calm||F|||50|]Sinistcha-Masterpiece||KasibBerry|Hospitality|MatchaGotcha,LifeDew,RagePowder,StrengthSap|Bold|||||50|]Pelipper||DampRock|Drizzle|Hurricane,WeatherBall,Tailwind,Protect|Modest||F|||50|]Grimmsnarl||LightClay|Prankster|LightScreen,MistyTerrain,PartingShot,SpiritBreak|Careful||M|||50|]Basculegion||ChoiceScarf|Adaptability|FlipTurn,WaveCrash,LastRespects,AquaJet|Adamant||M|||50|
|inactive|Battle timer is ON: inactive players will automatically lose when time's up. (requested by HelgitheLean)
|j| StrisciaLaNotizia
|inactive|neuesspielzeug has 60 seconds left.
|inactive|neuesspielzeug has 30 seconds left.
|inactive|neuesspielzeug has 20 seconds left.
|inactive|neuesspielzeug has 15 seconds left.
|
|t:|1784557792
|teamsize|p1|4
|teamsize|p2|4
|start
|switch|p1a: Chandelure|Chandelure, L50, M|100/100
|switch|p1b: Sneasler|Sneasler, L50, M|100/100
|switch|p2a: Grimmsnarl|Grimmsnarl, L50, M|100/100
|switch|p2b: Swampert|Swampert, L50, F|100/100
|turn|1
|inactive|HelgitheLean has 30 seconds left.
|inactive|HelgitheLean has 20 seconds left.
|inactive|HelgitheLean has 15 seconds left.
|l|☆HelgitheLean
|inactive|HelgitheLean disconnected and has a minute to reconnect!
|player|p2|
|inactive|HelgitheLean has 10 seconds left.
|j|☆HelgitheLean
|inactive|HelgitheLean reconnected and has 10 seconds left.
|player|p2|HelgitheLean|brawly|
|inactive|HelgitheLean has 5 seconds left.
|
|t:|1784557844
|detailschange|p2b: Swampert|Swampert-Mega, L50, F
|-mega|p2b: Swampert|Swampert|Swampertite
|move|p2b: Swampert|Protect|p2b: Swampert
|-singleturn|p2b: Swampert|Protect
|move|p1b: Sneasler|Fake Out|p2a: Grimmsnarl
|-damage|p2a: Grimmsnarl|78/100
|-status|p2a: Grimmsnarl|psn|[from] ability: Poison Touch|[of] p1b: Sneasler
|-damage|p1b: Sneasler|90/100|[from] item: Life Orb
|cant|p2a: Grimmsnarl|flinch
|move|p1a: Chandelure|Energy Ball|p2b: Swampert
|-activate|p2b: Swampert|move: Protect
|
|-damage|p2a: Grimmsnarl|65/100 psn|[from] psn
|upkeep
|turn|2
|inactive|neuesspielzeug has 30 seconds left.
|
|t:|1784557870
|move|p2a: Grimmsnarl|Parting Shot|p1a: Chandelure
|-unboost|p1a: Chandelure|atk|1
|-unboost|p1a: Chandelure|spa|1
|
|t:|1784557877
|switch|p2a: Pelipper|Pelipper, L50, F|100/100|[from] Parting Shot
|-weather|RainDance|[from] ability: Drizzle|[of] p2a: Pelipper
|move|p2b: Swampert|Earthquake|p1a: Chandelure|[spread] p1a,p1b
|-immune|p2a: Pelipper
|-supereffective|p1a: Chandelure|1
|-supereffective|p1b: Sneasler|1
|-enditem|p1a: Chandelure|Focus Sash
|-damage|p1a: Chandelure|1/100
|-damage|p1b: Sneasler|0 fnt
|faint|p1b: Sneasler
|move|p1a: Chandelure|Energy Ball|p2b: Swampert
|-supereffective|p2b: Swampert|2
|-damage|p2b: Swampert|13/100
|
|-weather|RainDance|[upkeep]
|upkeep
|
|t:|1784557894
|switch|p1b: Hydreigon|Hydreigon, L50, F|100/100
|turn|3
|
|t:|1784557909
|move|p1a: Chandelure|Protect|p1a: Chandelure
|-singleturn|p1a: Chandelure|Protect
|move|p1b: Hydreigon|Snarl|p2b: Swampert|[spread] p2a,p2b
|-damage|p2a: Pelipper|60/100
|-damage|p2b: Swampert|0 fnt
|-unboost|p2a: Pelipper|spa|1
|faint|p2b: Swampert
|move|p2a: Pelipper|Hurricane|p1a: Chandelure
|-activate|p1a: Chandelure|move: Protect
|
|-weather|RainDance|[upkeep]
|upkeep
|
|t:|1784557918
|switch|p2b: Grimmsnarl|Grimmsnarl, L50, M|65/100 psn
|turn|4
|inactive|neuesspielzeug has 30 seconds left.
|
|t:|1784557944
|switch|p1b: Toxapex|Toxapex, L50, F|100/100
|move|p1a: Chandelure|Energy Ball|p2b: Grimmsnarl
|-damage|p2b: Grimmsnarl|47/100 psn
|move|p2a: Pelipper|Hurricane|p1a: Chandelure
|-damage|p1a: Chandelure|0 fnt
|faint|p1a: Chandelure
|move|p2b: Grimmsnarl|Spirit Break|p1b: Toxapex
|-resisted|p1b: Toxapex|1
|-damage|p1b: Toxapex|89/100
|-unboost|p1b: Toxapex|spa|1
|
|-weather|RainDance|[upkeep]
|-heal|p1b: Toxapex|95/100|[from] item: Leftovers
|-damage|p2b: Grimmsnarl|35/100 psn|[from] psn
|upkeep
|
|t:|1784557957
|switch|p1a: Hydreigon|Hydreigon, L50, F|100/100
|turn|5
|inactive|neuesspielzeug has 30 seconds left.
|inactive|HelgitheLean has 30 seconds left.
|inactive|neuesspielzeug has 20 seconds left.
|inactive|neuesspielzeug has 15 seconds left.
|inactive|neuesspielzeug has 10 seconds left.
|
|t:|1784558005
|move|p2a: Pelipper|Protect|p2a: Pelipper
|-singleturn|p2a: Pelipper|Protect
|move|p2b: Grimmsnarl|Parting Shot|p1a: Hydreigon
|-hint|Since gen 7, Dark is immune to Prankster moves.
|-immune|p1a: Hydreigon
|move|p1a: Hydreigon|Earth Power|p2b: Grimmsnarl
|-damage|p2b: Grimmsnarl|8/100 psn
|move|p1b: Toxapex|Infestation|p2a: Pelipper
|-activate|p2a: Pelipper|move: Protect
|
|-weather|RainDance|[upkeep]
|-heal|p1b: Toxapex|100/100|[from] item: Leftovers
|-damage|p2b: Grimmsnarl|0 fnt|[from] psn
|faint|p2b: Grimmsnarl
|upkeep
|l| StrisciaLaNotizia
|
|t:|1784558011
|switch|p2b: Archaludon|Archaludon, L50, F|100/100
|turn|6
|
|t:|1784558037
|move|p1a: Hydreigon|Earth Power|p2b: Archaludon
|-supereffective|p2b: Archaludon|1
|-crit|p2b: Archaludon
|-damage|p2b: Archaludon|12/100
|-ability|p2b: Archaludon|Stamina|boost
|-boost|p2b: Archaludon|def|1
|move|p2a: Pelipper|Hurricane|p1b: Toxapex
|-damage|p1b: Toxapex|78/100
|move|p2b: Archaludon|Snarl|p1a: Hydreigon|[spread] p1a,p1b
|-resisted|p1a: Hydreigon|1
|-damage|p1a: Hydreigon|92/100
|-damage|p1b: Toxapex|70/100
|-unboost|p1a: Hydreigon|spa|1
|-unboost|p1b: Toxapex|spa|1
|move|p1b: Toxapex|Infestation|p2a: Pelipper
|-resisted|p2a: Pelipper|1
|-damage|p2a: Pelipper|58/100
|-activate|p2a: Pelipper|move: Infestation|[of] p1b: Toxapex
|
|-weather|RainDance|[upkeep]
|-heal|p2b: Archaludon|18/100|[from] item: Leftovers
|-heal|p1b: Toxapex|76/100|[from] item: Leftovers
|-damage|p2a: Pelipper|46/100|[from] move: Infestation|[partiallytrapped]
|upkeep
|turn|7
|
|t:|1784558051
|move|p2a: Pelipper|Protect|p2a: Pelipper
|-singleturn|p2a: Pelipper|Protect
|move|p2b: Archaludon|Protect|p2b: Archaludon
|-singleturn|p2b: Archaludon|Protect
|move|p1a: Hydreigon|Earth Power|p2b: Archaludon
|-activate|p2b: Archaludon|move: Protect
|move|p1b: Toxapex|Toxic|p2a: Pelipper
|-activate|p2a: Pelipper|move: Protect
|
|-weather|RainDance|[upkeep]
|-heal|p2b: Archaludon|24/100|[from] item: Leftovers
|-heal|p1b: Toxapex|82/100|[from] item: Leftovers
|-damage|p2a: Pelipper|34/100|[from] move: Infestation|[partiallytrapped]
|upkeep
|turn|8
|-message|HelgitheLean forfeited.
|raw|neuesspielzeug's rating: 1259 → 1281(+22 for winning)
|raw|HelgitheLean's rating: 1222 → 1200(-22 for losing)
|
|win|neuesspielzeug
