|j|☆SleepD2
|j|☆standardamerican
|html|SleepD2standardamerican    
|uhtml|bestof|Game 1 of a best-of-3
|t:|1784893083
|gametype|doubles
|player|p1|SleepD2|102|1324
|player|p2|standardamerican|170|1296
|gen|9
|tier|[Gen 9 Champions] VGC 2026 Reg M-B (Bo3)
|rated|
|rule|Species Clause: Limit one of each Pokémon
|rule|Item Clause: Limit 1 of each item
|clearpoke
|poke|p1|Glimmora, L50, M|
|poke|p1|Whimsicott, L50, F|
|poke|p1|Ninetales-Alola, L50, M|
|poke|p1|Kingambit, L50, M|
|poke|p1|Kommo-o, L50, M|
|poke|p1|Charizard, L50, F|
|poke|p2|Sinistcha, L50|
|poke|p2|Incineroar, L50, M|
|poke|p2|Milotic, L50, F|
|poke|p2|Raichu, L50, M|
|poke|p2|Gardevoir, L50, M|
|poke|p2|Ceruledge, L50, F|
|teampreview|4
|showteam|p1|Glimmora||Glimmoranite|ToxicDebris|SludgeBomb,PowerGem,EarthPower,SpikyShield|Modest||M|||50|]Whimsicott||FocusSash|Prankster|Moonblast,Tailwind,Encore,Protect|Timid||F|||50|]Ninetales-Alola||NeverMeltIce|SnowWarning|Blizzard,FreezeDry,Disable,Protect|Timid||M|||50|]Kingambit||BlackGlasses|Defiant|KowtowCleave,SuckerPunch,IronHead,Protect|Adamant||M|||50|]Kommo-o||LifeOrb|Soundproof|ClangingScales,AuraSphere,VacuumWave,Protect|Modest||M|||50|]Charizard||CharizarditeY|Blaze|Protect,WeatherBall,HeatWave,SolarBeam|Modest||F|||50|
|showteam|p2|Sinistcha||KasibBerry|Hospitality|MatchaGotcha,TrickRoom,RagePowder,Protect|Bold|||||50|]Incineroar||SitrusBerry|Intimidate|FlareBlitz,DarkestLariat,FakeOut,PartingShot|Careful||M|||50|]Milotic||Leftovers|Competitive|MuddyWater,Coil,Hypnosis,Protect|Calm||F|||50|]Raichu||RaichuniteY|LightningRod|ZapCannon,FocusBlast,FakeOut,Protect|Timid||M|||50|]Gardevoir||Gardevoirite|Trace|HyperVoice,Psyshock,TrickRoom,Protect|Modest||M|||50|]Ceruledge||ColburBerry|FlashFire|BitterBlade,ShadowSneak,BulkUp,Protect|Adamant||F|||50|
|inactive|Battle timer is ON: inactive players will automatically lose when time's up. (requested by SleepD2)
|
|t:|1784893156
|teamsize|p1|4
|teamsize|p2|4
|start
|switch|p1a: Whimsicott|Whimsicott, L50, F|100/100
|switch|p1b: Glimmora|Glimmora, L50, M|100/100
|switch|p2a: Gardevoir|Gardevoir, L50, M|100/100
|switch|p2b: Sinistcha|Sinistcha, L50|100/100
|-ability|p2a: Gardevoir|Toxic Debris|Trace|[from] ability: Trace|[of] p1b: Glimmora
|turn|1
|inactive|standardamerican has 30 seconds left.
|inactive|standardamerican has 20 seconds left.
|inactive|standardamerican has 15 seconds left.
|
|t:|1784893200
|switch|p1b: Kingambit|Kingambit, L50, M|100/100
|switch|p2a: Ceruledge|Ceruledge, L50, F|100/100
|move|p1a: Whimsicott|Moonblast|p2a: Ceruledge
|-resisted|p2a: Ceruledge|1
|-crit|p2a: Ceruledge
|-damage|p2a: Ceruledge|72/100
|move|p2b: Sinistcha|Trick Room|p2b: Sinistcha
|-fieldstart|move: Trick Room|[of] p2b: Sinistcha
|
|upkeep
|turn|2
|inactive|SleepD2 has 30 seconds left.
|
|t:|1784893231
|move|p1b: Kingambit|Kowtow Cleave|p2a: Ceruledge
|-supereffective|p2a: Ceruledge|1
|-enditem|p2a: Ceruledge|Colbur Berry|[eat]
|-enditem|p2a: Ceruledge|Colbur Berry|[weaken]
|-damage|p2a: Ceruledge|3/100
|move|p2b: Sinistcha|Matcha Gotcha|p1b: Kingambit|[spread] p1a,p1b
|-resisted|p1a: Whimsicott|1
|-resisted|p1b: Kingambit|1
|-crit|p1b: Kingambit
|-damage|p1a: Whimsicott|80/100
|-damage|p1b: Kingambit|81/100
|move|p2a: Ceruledge|Bitter Blade|p1b: Kingambit
|-supereffective|p1b: Kingambit|1
|-damage|p1b: Kingambit|8/100
|-heal|p2a: Ceruledge|45/100|[from] drain|[of] p1b: Kingambit
|move|p1a: Whimsicott|Moonblast|p2a: Ceruledge
|-resisted|p2a: Ceruledge|1
|-crit|p2a: Ceruledge
|-damage|p2a: Ceruledge|17/100
|-unboost|p2a: Ceruledge|spa|1
|
|upkeep
|turn|3
|
|t:|1784893254
|move|p1b: Kingambit|Protect|p1b: Kingambit
|-singleturn|p1b: Kingambit|Protect
|move|p2b: Sinistcha|Rage Powder|p2b: Sinistcha
|-singleturn|p2b: Sinistcha|move: Rage Powder
|move|p1a: Whimsicott|Encore|p2a: Ceruledge
|-start|p2a: Ceruledge|Encore
|move|p2a: Ceruledge|Bitter Blade|p1a: Whimsicott
|-supereffective|p1a: Whimsicott|1
|-damage|p1a: Whimsicott|0 fnt
|-heal|p2a: Ceruledge|47/100|[from] drain|[of] p1a: Whimsicott
|faint|p1a: Whimsicott
|
|upkeep
|
|t:|1784893264
|switch|p1a: Glimmora|Glimmora, L50, M|100/100
|turn|4
|
|t:|1784893281
|switch|p2a: Milotic|Milotic, L50, F|100/100
|detailschange|p1a: Glimmora|Glimmora-Mega, L50, M
|-mega|p1a: Glimmora|Glimmora|Glimmoranite
|move|p1b: Kingambit|Kowtow Cleave|p2b: Sinistcha
|-supereffective|p2b: Sinistcha|1
|-damage|p2b: Sinistcha|12/100
|move|p2b: Sinistcha|Matcha Gotcha|p1b: Kingambit|[spread] p1a
|-miss|p2b: Sinistcha|p1b: Kingambit
|-damage|p1a: Glimmora|75/100
|-heal|p2b: Sinistcha|24/100|[from] drain|[of] p1a: Glimmora
|move|p1a: Glimmora|Power Gem|p2a: Milotic
|-damage|p2a: Milotic|58/100
|
|-heal|p2a: Milotic|64/100|[from] item: Leftovers
|upkeep
|turn|5
|inactive|SleepD2 has 30 seconds left.
|inactive|standardamerican has 30 seconds left.
|inactive|SleepD2 has 20 seconds left.
|inactive|SleepD2 has 15 seconds left.
|
|t:|1784893324
|move|p1b: Kingambit|Protect|p1b: Kingambit
|-singleturn|p1b: Kingambit|Protect
|move|p2b: Sinistcha|Protect|p2b: Sinistcha
|-singleturn|p2b: Sinistcha|Protect
|move|p1a: Glimmora|Spiky Shield|p1a: Glimmora
|-singleturn|p1a: Glimmora|move: Protect
|move|p2a: Milotic|Coil|p2a: Milotic
|-boost|p2a: Milotic|atk|1
|-boost|p2a: Milotic|def|1
|-boost|p2a: Milotic|accuracy|1
|
|-heal|p2a: Milotic|70/100|[from] item: Leftovers
|-fieldend|move: Trick Room
|upkeep
|turn|6
|
|t:|1784893341
|move|p2b: Sinistcha|Rage Powder|p2b: Sinistcha
|-singleturn|p2b: Sinistcha|move: Rage Powder
|move|p1a: Glimmora|Sludge Bomb|p2b: Sinistcha
|-damage|p2b: Sinistcha|0 fnt
|faint|p2b: Sinistcha
|move|p2a: Milotic|Hypnosis|p1b: Kingambit
|-status|p1b: Kingambit|slp|[from] move: Hypnosis
|cant|p1b: Kingambit|slp
|
|-heal|p2a: Milotic|76/100|[from] item: Leftovers
|upkeep
|
|t:|1784893359
|switch|p2b: Ceruledge|Ceruledge, L50, F|47/100
|turn|7
|
|t:|1784893378
|move|p2b: Ceruledge|Protect|p2b: Ceruledge
|-singleturn|p2b: Ceruledge|Protect
|move|p1a: Glimmora|Sludge Bomb|p2a: Milotic
|-damage|p2a: Milotic|29/100
|move|p2a: Milotic|Muddy Water|p1b: Kingambit|[spread] p1a,p1b
|-supereffective|p1a: Glimmora|1
|-damage|p1a: Glimmora|23/100
|-damage|p1b: Kingambit|0 fnt
|-unboost|p1a: Glimmora|accuracy|1
|faint|p1b: Kingambit
|
|-heal|p2a: Milotic|35/100|[from] item: Leftovers
|upkeep
|
|t:|1784893385
|switch|p1b: Ninetales|Ninetales-Alola, L50, M|100/100
|-weather|Snowscape|[from] ability: Snow Warning|[of] p1b: Ninetales
|turn|8
|
|t:|1784893408
|move|p1a: Glimmora|Spiky Shield|p1a: Glimmora
|-singleturn|p1a: Glimmora|move: Protect
|move|p2a: Milotic|Protect|p2a: Milotic
|-singleturn|p2a: Milotic|Protect
|move|p2b: Ceruledge|Shadow Sneak|p1a: Glimmora
|-activate|p1a: Glimmora|move: Protect
|-damage|p2b: Ceruledge|35/100|[from] Spiky Shield|[of] p1a: Glimmora
|move|p1b: Ninetales|Disable|p2b: Ceruledge
|-start|p2b: Ceruledge|Disable|Shadow Sneak
|
|-weather|Snowscape|[upkeep]
|-heal|p2a: Milotic|41/100|[from] item: Leftovers
|upkeep
|turn|9
|inactive|standardamerican has 30 seconds left.
|
|t:|1784893437
|move|p1b: Ninetales|Freeze-Dry|p2a: Milotic
|-supereffective|p2a: Milotic|1
|-damage|p2a: Milotic|0 fnt
|faint|p2a: Milotic
|move|p1a: Glimmora|Power Gem|p2b: Ceruledge
|-supereffective|p2b: Ceruledge|1
|-damage|p2b: Ceruledge|0 fnt
|faint|p2b: Ceruledge
|
|-weather|Snowscape|[upkeep]
|upkeep
|
|t:|1784893441
|switch|p2b: Gardevoir|Gardevoir, L50, M|100/100
|-ability|p2b: Gardevoir|Adaptability|Trace|[from] ability: Trace|[of] p1a: Glimmora
|turn|10
|
|t:|1784893460
|detailschange|p2b: Gardevoir|Gardevoir-Mega, L50, M
|-mega|p2b: Gardevoir|Gardevoir|Gardevoirite
|move|p1b: Ninetales|Blizzard|p2b: Gardevoir
|-crit|p2b: Gardevoir
|-damage|p2b: Gardevoir|46/100
|move|p1a: Glimmora|Sludge Bomb|p2b: Gardevoir
|-supereffective|p2b: Gardevoir|1
|-damage|p2b: Gardevoir|0 fnt
|faint|p2b: Gardevoir
|
|win|SleepD2
||standardamerican is ready for game 2.
|inactive|SleepD2 has 30 seconds to confirm battle start!
||SleepD2 is ready for game 2.
|uhtml|next|Next: Game 2 of 3
|l|☆standardamerican
|player|p2|
