|j|☆Sunside
|j|☆dobbyyyy
|html|Sunsidedobbyyyy    
|uhtml|bestof|Game 2 of a best-of-3
|t:|1785668751
|gametype|doubles
|player|p1|Sunside|pokemonbreeder-gen4|1000
|player|p2|dobbyyyy|266|1134
|gen|9
|tier|[Gen 9 Champions] VGC 2026 Reg M-B (Bo3)
|rated|
|rule|Species Clause: Limit one of each Pokémon
|rule|Item Clause: Limit 1 of each item
|clearpoke
|poke|p1|Dragapult, L50, M|
|poke|p1|Ninetales-Alola, L50, F|
|poke|p1|Lycanroc-Dusk, L50, M|
|poke|p1|Kingambit, L50, F|
|poke|p1|Scovillain, L50, F|
|poke|p1|Raichu, L50, M|
|poke|p2|Floette-Eternal, L50, F|
|poke|p2|Kingambit, L50, M|
|poke|p2|Sneasler, L50, F|
|poke|p2|Incineroar, L50, F|
|poke|p2|Basculegion, L50, M|
|poke|p2|Delphox, L50, M|
|teampreview|4
|showteam|p1|Dragapult||DragonFang|ClearBody|DragonDance,DragonDarts,PhantomForce,Protect|Jolly||M|||50|]Ninetales-Alola||NeverMeltIce|SnowWarning|Blizzard,FreezeDry,IcyWind,Protect|Timid||F|||50|]Lycanroc-Dusk||FocusSash|ToughClaws|RockSlide,CloseCombat,Accelerock,Protect|Jolly||M|||50|]Kingambit||LifeOrb|Defiant|KowtowCleave,IronHead,SuckerPunch,Protect|Adamant||F|||50|]Scovillain||Scovillainite|Moody|RagePowder,Overheat,GigaDrain,Protect|Bold||F|||50|]Raichu||RaichuniteY|Static|FakeOut,ZapCannon,FocusBlast,Protect|Timid||M|||50|
|showteam|p2|Floette-Eternal||Floettite|FlowerVeil|Moonblast,CalmMind,Protect,DazzlingGleam|Serious||F|||50|]Kingambit||BlackGlasses|Defiant|SuckerPunch,SwordsDance,KowtowCleave,Protect|Serious||M|||50|]Sneasler||WhiteHerb|Unburden|CloseCombat,DireClaw,FakeOut,Protect|Serious||F|||50|]Incineroar||SitrusBerry|Intimidate|FlareBlitz,FakeOut,DarkestLariat,PartingShot|Serious||F|||50|]Basculegion||ChoiceScarf|SwiftSwim|AquaJet,FlipTurn,LastRespects,WaveCrash|Serious||M|||50|]Delphox||Delphoxite|Blaze|NastyPlot,Psyshock,HeatWave,Protect|Serious||M|||50|
|
|t:|1785668810
|teamsize|p1|4
|teamsize|p2|4
|start
|switch|p1a: Raichu|Raichu, L50, M|100/100
|switch|p1b: Kingambit|Kingambit, L50, F|100/100
|switch|p2a: Sneasler|Sneasler, L50, F|100/100
|switch|p2b: Floette|Floette-Eternal, L50, F|100/100
|turn|1
|inactive|Battle timer is ON: inactive players will automatically lose when time's up. (requested by Sunside)
|
|t:|1785668828
|detailschange|p1a: Raichu|Raichu-Mega-Y, L50, M
|-mega|p1a: Raichu|Raichu|Raichunite Y
|detailschange|p2b: Floette|Floette-Mega, L50, F
|-mega|p2b: Floette|Floette|Floettite
|-ability|p2b: Floette|Fairy Aura
|move|p2a: Sneasler|Fake Out|p1b: Kingambit
|-resisted|p1b: Kingambit|1
|-damage|p1b: Kingambit|95/100
|move|p1a: Raichu|Zap Cannon|p2a: Sneasler
|-damage|p2a: Sneasler|1/100
|-status|p2a: Sneasler|par
|move|p2b: Floette|Moonblast|p1a: Raichu
|-damage|p1a: Raichu|0 fnt
|faint|p1a: Raichu
|cant|p1b: Kingambit|flinch
|
|upkeep
|
|t:|1785668850
|switch|p1a: Lycanroc|Lycanroc-Dusk, L50, M|100/100
|turn|2
|inactive|dobbyyyy has 30 seconds left.
|
|t:|1785668876
|move|p2b: Floette|Protect|p2b: Floette
|-singleturn|p2b: Floette|Protect
|move|p1a: Lycanroc|Rock Slide|p2b: Floette|[spread] p2a
|-activate|p2b: Floette|move: Protect
|-resisted|p2a: Sneasler|1
|-damage|p2a: Sneasler|0 fnt
|faint|p2a: Sneasler
|move|p1b: Kingambit|Iron Head|p2b: Floette
|-activate|p2b: Floette|move: Protect
|
|upkeep
|
|t:|1785668885
|switch|p2a: Basculegion|Basculegion, L50, M|100/100
|turn|3
|
|t:|1785668894
|move|p1a: Lycanroc|Protect|p1a: Lycanroc
|-singleturn|p1a: Lycanroc|Protect
|move|p1b: Kingambit|Protect|p1b: Kingambit
|-singleturn|p1b: Kingambit|Protect
|move|p2a: Basculegion|Aqua Jet|p1a: Lycanroc
|-activate|p1a: Lycanroc|move: Protect
|move|p2b: Floette|Dazzling Gleam|p1b: Kingambit|[spread] 
|-activate|p1a: Lycanroc|move: Protect
|-activate|p1b: Kingambit|move: Protect
|
|upkeep
|turn|4
|inactive|Sunside has 30 seconds left.
|inactive|Sunside has 20 seconds left.
|
|t:|1785668933
|move|p2b: Floette|Protect|p2b: Floette
|-singleturn|p2b: Floette|Protect
|move|p2a: Basculegion|Aqua Jet|p1a: Lycanroc
|-supereffective|p1a: Lycanroc|1
|-damage|p1a: Lycanroc|39/100
|move|p1a: Lycanroc|Rock Slide|p2a: Basculegion|[spread] p2a
|-activate|p2b: Floette|move: Protect
|-damage|p2a: Basculegion|69/100
|move|p1b: Kingambit|Kowtow Cleave|p2a: Basculegion
|-supereffective|p2a: Basculegion|1
|-damage|p2a: Basculegion|0 fnt
|faint|p2a: Basculegion
|-damage|p1b: Kingambit|85/100|[from] item: Life Orb
|
|upkeep
|
|t:|1785668945
|switch|p2a: Kingambit|Kingambit, L50, M|100/100
|turn|5
|
|t:|1785668958
|move|p1a: Lycanroc|Protect|p1a: Lycanroc
|-singleturn|p1a: Lycanroc|Protect
|move|p2a: Kingambit|Sucker Punch||[still]
|-fail|p2a: Kingambit
|move|p2b: Floette|Moonblast|p1b: Kingambit
|-crit|p1b: Kingambit
|-damage|p1b: Kingambit|0 fnt
|faint|p1b: Kingambit
|
|upkeep
|
|t:|1785668964
|switch|p1b: Ninetales|Ninetales-Alola, L50, F|100/100
|-weather|Snowscape|[from] ability: Snow Warning|[of] p1b: Ninetales
|turn|6
|
|t:|1785668979
|move|p1a: Lycanroc|Accelerock|p2b: Floette
|-damage|p2b: Floette|68/100
|move|p2a: Kingambit|Sucker Punch||[still]
|-fail|p2a: Kingambit
|move|p1b: Ninetales|Blizzard|p2b: Floette|[spread] p2a,p2b
|-resisted|p2a: Kingambit|1
|-damage|p2a: Kingambit|81/100
|-damage|p2b: Floette|35/100
|move|p2b: Floette|Calm Mind|p2b: Floette
|-boost|p2b: Floette|spa|1
|-boost|p2b: Floette|spd|1
|
|-weather|Snowscape|[upkeep]
|upkeep
|turn|7
|
|t:|1785668992
|move|p2a: Kingambit|Sucker Punch|p1a: Lycanroc
|-damage|p1a: Lycanroc|0 fnt
|faint|p1a: Lycanroc
|move|p1b: Ninetales|Blizzard|p2a: Kingambit|[spread] p2a,p2b
|-resisted|p2a: Kingambit|1
|-damage|p2a: Kingambit|63/100
|-damage|p2b: Floette|13/100
|-status|p2a: Kingambit|frz
|move|p2b: Floette|Dazzling Gleam|p1b: Ninetales
|-damage|p1b: Ninetales|0 fnt
|faint|p1b: Ninetales
|
|win|dobbyyyy
||Sunside is ready for game 3.
|inactive|dobbyyyy has 30 seconds to confirm battle start!
||dobbyyyy is ready for game 3.
|uhtml|next|Next: Game 3 of 3
|l|☆dobbyyyy
|player|p2|
