|j|☆Blizzzey
|j|☆beeetch
|html|Blizzzeybeeetch    
|uhtml|bestof|Game 2 of a best-of-3
|t:|1755870122
|gametype|doubles
|player|p1|Blizzzey|twins-gen4dp|1200
|player|p2|beeetch|beauty-gen4dp|1323
|gen|9
|tier|[Gen 9] VGC 2025 Reg H (Bo3)
|rated|
|rule|Species Clause: Limit one of each Pokémon
|rule|Item Clause: Limit 1 of each item
|clearpoke
|poke|p1|Gholdengo, L50|
|poke|p1|Talonflame, L50, F|
|poke|p1|Electabuzz, L50, F|
|poke|p1|Ursaluna, L50, F|
|poke|p1|Sneasler, L50, M|
|poke|p1|Glimmora, L50, F|
|poke|p2|Toedscruel, L50, M|
|poke|p2|Weezing-Galar, L50, M|
|poke|p2|Corviknight, L50, M|
|poke|p2|Pawmot, L50, M|
|poke|p2|Garchomp, L50, M|
|poke|p2|Typhlosion-Hisui, L50, F|
|teampreview|4
|showteam|p1|Gholdengo||ChoiceSpecs|GoodasGold|MakeItRain,ShadowBall,PowerGem,Thunderbolt||||||50|,,,,,Dragon]Talonflame||CovertCloak|GaleWings|BraveBird,Taunt,Tailwind,WillOWisp|||F|||50|,,,,,Fairy]Electabuzz||Eviolite|VitalSpirit|Thunderbolt,Electroweb,FollowMe,Protect|||F|||50|,,,,,Ghost]Ursaluna||FlameOrb|Guts|Protect,Facade,HeadlongRush,Earthquake|||F|||50|,,,,,Ghost]Sneasler||FocusSash|Unburden|FakeOut,DireClaw,CloseCombat,ThroatChop|||M|||50|,,,,,Fighting]Glimmora||PowerHerb|ToxicDebris|SludgeBomb,MeteorBeam,EarthPower,SpikyShield|||F|||50|,,,,,Grass
|showteam|p2|Toedscruel||CovertCloak|MyceliumMight|Spore,EarthPower,AcidSpray,RagePowder|||M|||50|,,,,,Water]Weezing-Galar||ChoiceSpecs|NeutralizingGas|DazzlingGleam,SludgeBomb,StrangeSteam,Flamethrower|||M|||50|,,,,,Fire]Corviknight||SitrusBerry|MirrorArmor|Protect,Tailwind,Roost,BraveBird|||M|||50|,,,,,Dragon]Pawmot||FocusSash|NaturalCure|Protect,CloseCombat,DoubleShock,FakeOut|||M|||50|,,,,,Electric]Garchomp||LifeOrb|RoughSkin|Protect,Earthquake,DragonClaw,StompingTantrum|||M|||50|,,,,,Ground]Typhlosion-Hisui||ChoiceScarf|Blaze|Eruption,SleepTalk,HeatWave,ShadowBall|||F|||50|,,,,,Fire
|inactive|Battle timer is ON: inactive players will automatically lose when time's up. (requested by Blizzzey)
|
|t:|1755870141
|teamsize|p1|4
|teamsize|p2|4
|start
|switch|p1a: Talonflame|Talonflame, L50, F|100/100
|switch|p1b: Glimmora|Glimmora, L50, F|100/100
|switch|p2a: Garchomp|Garchomp, L50, M|100/100
|switch|p2b: Corviknight|Corviknight, L50, M|100/100
|turn|1
|inactive|Blizzzey has 30 seconds left.
|l|☆beeetch
|inactive|beeetch disconnected and has a minute to reconnect!
|player|p2|
|inactive|Blizzzey has 20 seconds left.
|j|☆beeetch
|inactive|beeetch reconnected.
|player|p2|beeetch|beauty-gen4dp|
|inactive|Blizzzey has 15 seconds left.
|inactive|Blizzzey has 10 seconds left.
|inactive|Blizzzey has 5 seconds left.
|
|t:|1755870194
|-terastallize|p1b: Glimmora|Grass
|move|p1a: Talonflame|Tailwind|p1a: Talonflame
|-sidestart|p1: Blizzzey|move: Tailwind
|move|p1b: Glimmora|Meteor Beam||[still]
|-prepare|p1b: Glimmora|Meteor Beam
|-boost|p1b: Glimmora|spa|1
|-enditem|p1b: Glimmora|Power Herb
|-anim|p1b: Glimmora|Meteor Beam|p2b: Corviknight
|-damage|p2b: Corviknight|16/100
|-enditem|p2b: Corviknight|Sitrus Berry|[eat]
|-heal|p2b: Corviknight|40/100|[from] item: Sitrus Berry
|move|p2a: Garchomp|Dragon Claw|p1a: Talonflame
|-damage|p1a: Talonflame|26/100
|-damage|p2a: Garchomp|91/100|[from] item: Life Orb
|move|p2b: Corviknight|Brave Bird|p1a: Talonflame
|-damage|p1a: Talonflame|0 fnt
|faint|p1a: Talonflame
|-damage|p2b: Corviknight|34/100|[from] Recoil
|
|upkeep
|inactive|Blizzzey has 30 seconds left.
|
|t:|1755870222
|switch|p1a: Sneasler|Sneasler, L50, M|100/100
|turn|2
|
|t:|1755870233
|move|p1a: Sneasler|Close Combat|p2b: Corviknight
|-damage|p2b: Corviknight|0 fnt
|-unboost|p1a: Sneasler|def|1
|-unboost|p1a: Sneasler|spd|1
|faint|p2b: Corviknight
|move|p1b: Glimmora|Earth Power|p2a: Garchomp
|-damage|p2a: Garchomp|36/100
|-unboost|p2a: Garchomp|spd|1
|move|p2a: Garchomp|Earthquake|p1b: Glimmora|[spread] p1a,p1b
|-supereffective|p1a: Sneasler
|-resisted|p1b: Glimmora
|-enditem|p1a: Sneasler|Focus Sash
|-damage|p1a: Sneasler|1/100
|-damage|p1b: Glimmora|68/100
|-activate|p1b: Glimmora|ability: Toxic Debris
|-sidestart|p2: beeetch|move: Toxic Spikes
|-damage|p2a: Garchomp|26/100|[from] item: Life Orb
|
|upkeep
|
|t:|1755870250
|switch|p2b: Weezing|Weezing-Galar, L50, M|100/100
|-ability|p2b: Weezing|Neutralizing Gas
|-sideend|p2: beeetch|move: Toxic Spikes|[of] p2b: Weezing
|turn|3
|
|t:|1755870267
|move|p2a: Garchomp|Protect|p2a: Garchomp
|-singleturn|p2a: Garchomp|Protect
|move|p1a: Sneasler|Dire Claw|p2b: Weezing
|-damage|p2b: Weezing|56/100
|move|p1b: Glimmora|Earth Power|p2b: Weezing
|-supereffective|p2b: Weezing
|-crit|p2b: Weezing
|-damage|p2b: Weezing|0 fnt
|faint|p2b: Weezing
|-end|p2b: Weezing|ability: Neutralizing Gas
|
|upkeep
|
|t:|1755870277
|switch|p2b: Typhlosion|Typhlosion-Hisui, L50, F|100/100
|turn|4
|
|t:|1755870287
|move|p1a: Sneasler|Throat Chop|p2b: Typhlosion
|-supereffective|p2b: Typhlosion
|-damage|p2b: Typhlosion|24/100
|-start|p2b: Typhlosion|Throat Chop|[silent]
|move|p1b: Glimmora|Earth Power|p2b: Typhlosion
|-supereffective|p2b: Typhlosion
|-damage|p2b: Typhlosion|0 fnt
|faint|p2b: Typhlosion
|move|p2a: Garchomp|Dragon Claw|p1a: Sneasler
|-damage|p1a: Sneasler|0 fnt
|faint|p1a: Sneasler
|-damage|p2a: Garchomp|16/100|[from] item: Life Orb
|
|-sideend|p1: Blizzzey|move: Tailwind
|upkeep
|
|t:|1755870291
|switch|p1a: Ursaluna|Ursaluna, L50, F|100/100
|turn|5
|
|t:|1755870298
|-terastallize|p2a: Garchomp|Ground
|move|p2a: Garchomp|Earthquake|p1a: Ursaluna|[spread] p1a,p1b
|-resisted|p1b: Glimmora
|-damage|p1a: Ursaluna|43/100
|-damage|p1b: Glimmora|27/100
|-activate|p1b: Glimmora|ability: Toxic Debris
|-sidestart|p2: beeetch|move: Toxic Spikes
|-damage|p2a: Garchomp|6/100|[from] item: Life Orb
|move|p1b: Glimmora|Earth Power|p2a: Garchomp
|-damage|p2a: Garchomp|0 fnt
|faint|p2a: Garchomp
|
|win|Blizzzey
|raw|Blizzzey's rating: 1200 → 1233(+33 for winning)
|raw|beeetch's rating: 1323 → 1296(-27 for losing)
|l|☆beeetch
|player|p2|
|l|☆Blizzzey
|player|p1|
|j|☆beeetch
|player|p2|beeetch|beauty-gen4dp|
