|j|☆FortniteTuesday
|j|☆Duca_tommy
|html|FortniteTuesdayDuca_tommy    
|uhtml|bestof|Game 1 of a best-of-3
|t:|1757702227
|gametype|doubles
|player|p1|FortniteTuesday|burgh-masters|1329
|player|p2|Duca_tommy|169|1228
|gen|9
|tier|[Gen 9] VGC 2025 Reg H (Bo3)
|rated|
|rule|Species Clause: Limit one of each Pokémon
|rule|Item Clause: Limit 1 of each item
|clearpoke
|poke|p1|Sinistcha, L50|
|poke|p1|Ursaluna, L50, M|
|poke|p1|Incineroar, L50, M|
|poke|p1|Archaludon, L50, M|
|poke|p1|Pelipper, L50, M|
|poke|p1|Basculegion, L50, M|
|poke|p2|Hydrapple, L50, M|
|poke|p2|Indeedee-F, L50, F|
|poke|p2|Gallade, L50, M|
|poke|p2|Torkoal, L50, F|
|poke|p2|Zoroark-Hisui, L50, F|
|poke|p2|Hatterene, L50, F|
|teampreview|4
|showteam|p1|Sinistcha||SitrusBerry|Hospitality|MatchaGotcha,RagePowder,TrickRoom,LifeDew||||||50|,,,,,Water]Ursaluna||FlameOrb|Guts|Facade,HeadlongRush,Earthquake,Protect|||M|||50|,,,,,Ghost]Incineroar||RockyHelmet|Intimidate|FlareBlitz,KnockOff,PartingShot,FakeOut|||M|||50|,,,,,Grass]Archaludon||AssaultVest|Stamina|ElectroShot,BodyPress,Snarl,DragonPulse|||M|||50|,,,,,Grass]Pelipper||CovertCloak|Drizzle|Hurricane,WeatherBall,Tailwind,Protect|||M|||50|,,,,,Grass]Basculegion||ChoiceScarf|Adaptability|LastRespects,AquaJet,WaveCrash,FlipTurn|||M|||50|,,,,,Water
|showteam|p2|Hydrapple||AssaultVest|Regenerator|PollenPuff,SolarBeam,EnergyBall,FickleBeam|||M|||50|,,,,,Poison]Indeedee-F||PsychicSeed|PsychicSurge|TrickRoom,FollowMe,HelpingHand,Psychic|||F|||50|,,,,,Grass]Gallade||ClearAmulet|Sharpness|PsychoCut,SacredSword,WideGuard,TrickRoom|||M|||50|,,,,,Grass]Torkoal||Charcoal|Drought|Eruption,HeatWave,WeatherBall,Protect|||F|||50|,,,,,Fire]Zoroark-Hisui||ChoiceSpecs|Illusion|HyperBeam,HyperVoice,BitterMalice,ShadowBall|||F|||50|,,,,,Normal]Hatterene||LifeOrb|MagicBounce|TrickRoom,ExpandingForce,DazzlingGleam,Protect|||F|||50|,,,,,Psychic
|inactive|Battle timer is ON: inactive players will automatically lose when time's up. (requested by Duca_tommy)
|
|t:|1757702258
|teamsize|p1|4
|teamsize|p2|4
|start
|switch|p1a: Jim Bob|Incineroar, L50, M|100/100
|switch|p1b: Edward|Archaludon, L50, M|100/100
|switch|p2a: Indeedee|Indeedee-F, L50, F|100/100
|switch|p2b: Gallade|Gallade, L50, M|100/100
|-fieldstart|move: Psychic Terrain|[from] ability: Psychic Surge|[of] p2a: Indeedee
|-enditem|p2a: Indeedee|Psychic Seed
|-boost|p2a: Indeedee|spd|1|[from] item: Psychic Seed
|-ability|p1a: Jim Bob|Intimidate|boost
|-unboost|p2a: Indeedee|atk|1
|-fail|p2b: Gallade|unboost|[from] item: Clear Amulet|[of] p2b: Gallade
|turn|1
|inactive|FortniteTuesday has 30 seconds left.
|
|t:|1757702289
|switch|p1b: Jorgie|Pelipper, L50, M|100/100
|-weather|RainDance|[from] ability: Drizzle|[of] p1b: Jorgie
|move|p2a: Indeedee|Follow Me|p2a: Indeedee
|-singleturn|p2a: Indeedee|move: Follow Me
|move|p1a: Jim Bob|Knock Off|p2a: Indeedee
|-supereffective|p2a: Indeedee
|-damage|p2a: Indeedee|50/100
|move|p2b: Gallade|Trick Room|p2b: Gallade
|-fieldstart|move: Trick Room|[of] p2b: Gallade
|
|-weather|RainDance|[upkeep]
|upkeep
|turn|2
|inactive|Duca_tommy has 30 seconds left.
|inactive|FortniteTuesday has 30 seconds left.
|inactive|Duca_tommy has 20 seconds left.
|
|t:|1757702333
|switch|p1b: Ham|Ursaluna, L50, M|100/100
|-terastallize|p1a: Jim Bob|Grass
|move|p1a: Jim Bob|Knock Off|p2b: Gallade
|-damage|p2b: Gallade|43/100
|-enditem|p2b: Gallade|Clear Amulet|[from] move: Knock Off|[of] p1a: Jim Bob
|move|p2a: Indeedee|Psychic|p1b: Ham
|-damage|p1b: Ham|65/100
|move|p2b: Gallade|Sacred Sword|p1a: Jim Bob
|-damage|p1a: Jim Bob|34/100
|-damage|p2b: Gallade|27/100|[from] item: Rocky Helmet|[of] p1a: Jim Bob
|
|-weather|RainDance|[upkeep]
|-status|p1b: Ham|brn|[from] item: Flame Orb
|upkeep
|turn|3
|inactive|Duca_tommy has 30 seconds left.
|inactive|Duca_tommy has 20 seconds left.
|
|t:|1757702372
|switch|p1a: Jorgie|Pelipper, L50, M|100/100
|move|p1b: Ham|Earthquake|p2b: Gallade|[spread] p2a,p2b
|-immune|p1a: Jorgie
|-damage|p2a: Indeedee|0 fnt
|-damage|p2b: Gallade|0 fnt
|faint|p2a: Indeedee
|faint|p2b: Gallade
|
|-weather|RainDance|[upkeep]
|-damage|p1b: Ham|59/100 brn|[from] brn
|upkeep
|
|t:|1757702377
|switch|p2a: Torkoal|Torkoal, L50, F|100/100
|switch|p2b: Hydrapple|Hydrapple, L50, M|100/100
|-weather|SunnyDay|[from] ability: Drought|[of] p2a: Torkoal
|turn|4
|
|t:|1757702395
|switch|p1a: Jim Bob|Incineroar, L50, M, tera:Grass|34/100
|-ability|p1a: Jim Bob|Intimidate|boost
|-unboost|p2a: Torkoal|atk|1
|-unboost|p2b: Hydrapple|atk|1
|-terastallize|p2a: Torkoal|Fire
|move|p1b: Ham|Protect|p1b: Ham
|-singleturn|p1b: Ham|Protect
|move|p2a: Torkoal|Eruption|p1a: Jim Bob|[spread] p1a
|-activate|p1b: Ham|move: Protect
|-supereffective|p1a: Jim Bob
|-damage|p1a: Jim Bob|0 fnt
|faint|p1a: Jim Bob
|move|p2b: Hydrapple|Fickle Beam|p1b: Ham
|-activate|p1b: Ham|move: Protect
|
|-weather|SunnyDay|[upkeep]
|-damage|p1b: Ham|53/100 brn|[from] brn
|upkeep
|
|t:|1757702405
|switch|p1a: Jorgie|Pelipper, L50, M|100/100
|-weather|RainDance|[from] ability: Drizzle|[of] p1a: Jorgie
|turn|5
|
|t:|1757702429
|switch|p1b: Edward|Archaludon, L50, M|100/100
|move|p1a: Jorgie|Protect|p1a: Jorgie
|-singleturn|p1a: Jorgie|Protect
|move|p2a: Torkoal|Heat Wave|p1b: Edward|[spread] p1b
|-activate|p1a: Jorgie|move: Protect
|-damage|p1b: Edward|82/100
|-ability|p1b: Edward|Stamina|boost
|-boost|p1b: Edward|def|1
|move|p2b: Hydrapple|Energy Ball|p1b: Edward
|-resisted|p1b: Edward
|-crit|p1b: Edward
|-damage|p1b: Edward|67/100
|-ability|p1b: Edward|Stamina|boost
|-boost|p1b: Edward|def|1
|
|-weather|RainDance|[upkeep]
|-fieldend|move: Trick Room
|-fieldend|move: Psychic Terrain
|upkeep
|turn|6
|inactive|Duca_tommy has 30 seconds left.
|inactive|Duca_tommy has 20 seconds left.
|
|t:|1757702474
|move|p1a: Jorgie|Hurricane|p2b: Hydrapple
|-supereffective|p2b: Hydrapple
|-damage|p2b: Hydrapple|33/100
|-start|p2b: Hydrapple|confusion
|move|p1b: Edward|Dragon Pulse|p2b: Hydrapple
|-supereffective|p2b: Hydrapple
|-damage|p2b: Hydrapple|0 fnt
|faint|p2b: Hydrapple
|move|p2a: Torkoal|Heat Wave|p1b: Edward|[spread] p1a,p1b
|-resisted|p1a: Jorgie
|-damage|p1a: Jorgie|80/100
|-damage|p1b: Edward|50/100
|-ability|p1b: Edward|Stamina|boost
|-boost|p1b: Edward|def|1
|
|-weather|RainDance|[upkeep]
|upkeep
|turn|7
|-message|Duca_tommy forfeited.
|
|win|FortniteTuesday
|l|☆Duca_tommy
|player|p2|
||Duca_tommy is ready for game 2.
||FortniteTuesday is ready for game 2.
|uhtml|next|Next: Game 2 of 3
