|j|☆cecco22
|j|☆shiroblast
|html|cecco22shiroblast    
|uhtml|bestof|Game 2 of a best-of-3
|t:|1785944495
|gametype|doubles
|player|p1|cecco22|cynthia|1114
|player|p2|shiroblast|benga|1086
|gen|9
|tier|[Gen 9 Champions] VGC 2026 Reg M-B (Bo3)
|rated|
|rule|Species Clause: Limit one of each Pokémon
|rule|Item Clause: Limit 1 of each item
|clearpoke
|poke|p1|Sinistcha-Masterpiece, L50, shiny|
|poke|p1|Incineroar, L50, M|
|poke|p1|Ceruledge, L50, M|
|poke|p1|Mawile, L50, F, shiny|
|poke|p1|Milotic, L50, F, shiny|
|poke|p1|Raichu, L50, M|
|poke|p2|Swampert, L50, M|
|poke|p2|Archaludon, L50, F|
|poke|p2|Tyranitar, L50, F|
|poke|p2|Pelipper, L50, F|
|poke|p2|Mawile, L50, F|
|poke|p2|Sinistcha-Masterpiece, L50|
|teampreview|4
|showteam|p1|Sinistcha-Masterpiece||KasibBerry|Hospitality|MatchaGotcha,RagePowder,LifeDew,Protect|Relaxed|||||50|]Incineroar||SitrusBerry|Intimidate|FlareBlitz,DarkestLariat,PartingShot,FakeOut|Impish||M|||50|]Ceruledge||ColburBerry|FlashFire|Protect,ShadowSneak,BitterBlade,BulkUp|Adamant||M|||50|]Mawile||Mawilite|HyperCutter|PlayRough,SwordsDance,SuckerPunch,Protect|Adamant||F|||50|]Milotic||Leftovers|Competitive|Hypnosis,Coil,Protect,MuddyWater|Calm||F|||50|]Raichu||RaichuniteY|LightningRod|ZapCannon,FocusBlast,FakeOut,Protect|Timid||M|||50|
|showteam|p2|Swampert||Swampertite|Torrent|WaveCrash,IcePunch,Earthquake,Protect|Adamant||M|||50|]Archaludon||Leftovers|Stamina|DragonPulse,ElectroShot,FlashCannon,Protect|Calm||F|||50|]Tyranitar||LifeOrb|SandStream|KnockOff,RockSlide,StompingTantrum,Protect|Jolly||F|||50|]Pelipper||FocusSash|Drizzle|Hurricane,HelpingHand,Tailwind,WideGuard|Timid||F|||50|]Mawile||Mawilite|Intimidate|SuckerPunch,PlayRough,SwordsDance,Protect|Adamant||F|||50|]Sinistcha-Masterpiece||CobaBerry|Hospitality|RagePowder,MatchaGotcha,TrickRoom,Protect|Calm|||||50|
|inactive|Battle timer is ON: inactive players will automatically lose when time's up. (requested by cecco22)
|
|t:|1785944510
|teamsize|p1|4
|teamsize|p2|4
|start
|switch|p1a: Raichu|Raichu, L50, M|100/100
|switch|p1b: Milotic|Milotic, L50, F, shiny|100/100
|switch|p2a: Sinistcha|Sinistcha-Masterpiece, L50|100/100
|switch|p2b: Tyranitar|Tyranitar, L50, F|100/100
|-weather|Sandstorm|[from] ability: Sand Stream|[of] p2b: Tyranitar
|turn|1
|
|t:|1785944525
|switch|p1a: Incineroar|Incineroar, L50, M|100/100
|-ability|p1a: Incineroar|Intimidate|boost
|-unboost|p2a: Sinistcha|atk|1
|-unboost|p2b: Tyranitar|atk|1
|move|p2b: Tyranitar|Protect|p2b: Tyranitar
|-singleturn|p2b: Tyranitar|Protect
|move|p1b: Milotic|Coil|p1b: Milotic
|-boost|p1b: Milotic|atk|1
|-boost|p1b: Milotic|def|1
|-boost|p1b: Milotic|accuracy|1
|move|p2a: Sinistcha|Matcha Gotcha|p1b: Milotic|[spread] p1a,p1b
|-resisted|p1a: Incineroar|1
|-supereffective|p1b: Milotic|1
|-damage|p1a: Incineroar|89/100
|-damage|p1b: Milotic|66/100
|
|-weather|Sandstorm|[upkeep]
|-damage|p1b: Milotic|60/100|[from] Sandstorm
|-damage|p2a: Sinistcha|93/100|[from] Sandstorm
|-damage|p1a: Incineroar|83/100|[from] Sandstorm
|-heal|p1b: Milotic|66/100|[from] item: Leftovers
|upkeep
|turn|2
|inactive|shiroblast has 30 seconds left.
|inactive|shiroblast has 20 seconds left.
|inactive|shiroblast has 15 seconds left.
|
|t:|1785944568
|switch|p2a: Pelipper|Pelipper, L50, F|100/100
|-weather|RainDance|[from] ability: Drizzle|[of] p2a: Pelipper
|move|p2b: Tyranitar|Rock Slide|p1a: Incineroar|[spread] p1a,p1b
|-supereffective|p1a: Incineroar|1
|-damage|p1a: Incineroar|45/100
|-damage|p1b: Milotic|52/100
|-enditem|p1a: Incineroar|Sitrus Berry|[eat]
|-heal|p1a: Incineroar|69/100|[from] item: Sitrus Berry
|-damage|p2b: Tyranitar|90/100|[from] item: Life Orb
|move|p1b: Milotic|Coil|p1b: Milotic
|-boost|p1b: Milotic|atk|1
|-boost|p1b: Milotic|def|1
|-boost|p1b: Milotic|accuracy|1
|move|p1a: Incineroar|Flare Blitz|p2a: Pelipper
|-resisted|p2a: Pelipper|1
|-damage|p2a: Pelipper|85/100
|-damage|p1a: Incineroar|66/100|[from] Recoil
|
|-weather|RainDance|[upkeep]
|-heal|p1b: Milotic|58/100|[from] item: Leftovers
|upkeep
|turn|3
|inactive|shiroblast has 30 seconds left.
|
|t:|1785944600
|switch|p1a: Sinistcha|Sinistcha-Masterpiece, L50, shiny|100/100
|-heal|p1b: Milotic|83/100|[from] ability: Hospitality|[of] p1a: Sinistcha
|move|p2a: Pelipper|Hurricane|p1b: Milotic
|-damage|p1b: Milotic|55/100
|-start|p1b: Milotic|confusion
|move|p2b: Tyranitar|Stomping Tantrum|p1a: Sinistcha
|-resisted|p1a: Sinistcha|1
|-damage|p1a: Sinistcha|91/100
|-damage|p2b: Tyranitar|80/100|[from] item: Life Orb
|-activate|p1b: Milotic|confusion
|move|p1b: Milotic|Hypnosis|p2b: Tyranitar
|-status|p2b: Tyranitar|slp|[from] move: Hypnosis
|
|-weather|RainDance|[upkeep]
|-heal|p1b: Milotic|61/100|[from] item: Leftovers
|upkeep
|turn|4
|
|t:|1785944624
|move|p2a: Pelipper|Hurricane|p1a: Sinistcha
|-supereffective|p1a: Sinistcha|1
|-damage|p1a: Sinistcha|10/100
|cant|p2b: Tyranitar|slp
|-activate|p1b: Milotic|confusion
|-damage|p1b: Milotic|56/100|[from] confusion
|move|p1a: Sinistcha|Life Dew|p1a: Sinistcha|[spread] p1a,p1b
|-heal|p1a: Sinistcha|35/100
|-heal|p1b: Milotic|81/100
|
|-weather|RainDance|[upkeep]
|-heal|p1b: Milotic|87/100|[from] item: Leftovers
|upkeep
|turn|5
|
|t:|1785944640
|move|p2a: Pelipper|Hurricane|p1a: Sinistcha
|-supereffective|p1a: Sinistcha|1
|-damage|p1a: Sinistcha|0 fnt
|faint|p1a: Sinistcha
|cant|p2b: Tyranitar|slp
|-activate|p1b: Milotic|confusion
|move|p1b: Milotic|Muddy Water|p2a: Pelipper|[spread] p2a,p2b
|-resisted|p2a: Pelipper|1
|-supereffective|p2b: Tyranitar|1
|-damage|p2a: Pelipper|55/100
|-damage|p2b: Tyranitar|13/100 slp
|-unboost|p2a: Pelipper|accuracy|1
|
|-weather|RainDance|[upkeep]
|-heal|p1b: Milotic|93/100|[from] item: Leftovers
|upkeep
|
|t:|1785944650
|switch|p1a: Raichu|Raichu, L50, M|100/100
|turn|6
|
|t:|1785944659
|switch|p2a: Sinistcha|Sinistcha-Masterpiece, L50|93/100
|-heal|p2b: Tyranitar|38/100 slp|[from] ability: Hospitality|[of] p2a: Sinistcha
|detailschange|p1a: Raichu|Raichu-Mega-Y, L50, M
|-mega|p1a: Raichu|Raichu|Raichunite Y
|-curestatus|p2b: Tyranitar|slp|[msg]
|move|p2b: Tyranitar|Protect|p2b: Tyranitar
|-singleturn|p2b: Tyranitar|Protect
|move|p1a: Raichu|Focus Blast|p2b: Tyranitar
|-activate|p2b: Tyranitar|move: Protect
|-end|p1b: Milotic|confusion
|move|p1b: Milotic|Hypnosis|p2a: Sinistcha
|-status|p2a: Sinistcha|slp|[from] move: Hypnosis
|
|-weather|none
|-heal|p1b: Milotic|99/100|[from] item: Leftovers
|upkeep
|turn|7
|
|t:|1785944683
|move|p1a: Raichu|Focus Blast|p2b: Tyranitar
|-supereffective|p2b: Tyranitar|2
|-damage|p2b: Tyranitar|0 fnt
|faint|p2b: Tyranitar
|move|p1b: Milotic|Coil|p1b: Milotic
|-boost|p1b: Milotic|atk|1
|-boost|p1b: Milotic|def|1
|-boost|p1b: Milotic|accuracy|1
|cant|p2a: Sinistcha|slp
|
|-heal|p1b: Milotic|100/100|[from] item: Leftovers
|upkeep
|
|t:|1785944695
|switch|p2b: Swampert|Swampert, L50, M|100/100
|turn|8
|
|t:|1785944703
|switch|p1a: Incineroar|Incineroar, L50, M|66/100
|-ability|p1a: Incineroar|Intimidate|boost
|-unboost|p2a: Sinistcha|atk|1
|-unboost|p2b: Swampert|atk|1
|switch|p2a: Pelipper|Pelipper, L50, F|55/100
|-weather|RainDance|[from] ability: Drizzle|[of] p2a: Pelipper
|detailschange|p2b: Swampert|Swampert-Mega, L50, M
|-mega|p2b: Swampert|Swampert|Swampertite
|move|p2b: Swampert|Earthquake|p1b: Milotic|[spread] p1a,p1b
|-immune|p2a: Pelipper
|-supereffective|p1a: Incineroar|1
|-damage|p1a: Incineroar|20/100y
|-damage|p1b: Milotic|89/100
|move|p1b: Milotic|Hypnosis|p2b: Swampert
|-status|p2b: Swampert|slp|[from] move: Hypnosis
|
|-weather|RainDance|[upkeep]
|-heal|p1b: Milotic|95/100|[from] item: Leftovers
|upkeep
|turn|9
|
|t:|1785944723
|move|p1a: Incineroar|Fake Out|p2a: Pelipper
|-damage|p2a: Pelipper|41/100
|cant|p2b: Swampert|slp
|cant|p2a: Pelipper|flinch
|move|p1b: Milotic|Muddy Water|p2b: Swampert|[spread] p2a,p2b
|-resisted|p2a: Pelipper|1
|-damage|p2a: Pelipper|13/100
|-damage|p2b: Swampert|66/100 slp
|
|-weather|RainDance|[upkeep]
|-heal|p1b: Milotic|100/100|[from] item: Leftovers
|upkeep
|turn|10
|
|t:|1785944739
|cant|p2b: Swampert|slp
|move|p2a: Pelipper|Hurricane|p1a: Incineroar
|-damage|p1a: Incineroar|0 fnt
|faint|p1a: Incineroar
|move|p1b: Milotic|Muddy Water|p2a: Pelipper|[spread] p2a,p2b
|-resisted|p2a: Pelipper|1
|-damage|p2a: Pelipper|0 fnt
|-damage|p2b: Swampert|34/100 slp
|faint|p2a: Pelipper
|
|-weather|RainDance|[upkeep]
|upkeep
|
|t:|1785944748
|switch|p2a: Sinistcha|Sinistcha-Masterpiece, L50|93/100 slp
|switch|p1a: Raichu|Raichu-Mega-Y, L50, M|100/100
|-heal|p2b: Swampert|58/100 slp|[from] ability: Hospitality|[of] p2a: Sinistcha
|turn|11
|
|t:|1785944769
|move|p1a: Raichu|Fake Out|p2b: Swampert
|-damage|p2b: Swampert|50/100g slp
|-curestatus|p2b: Swampert|slp|[msg]
|cant|p2b: Swampert|flinch
|move|p1b: Milotic|Muddy Water|p2b: Swampert|[spread] p2a,p2b
|-resisted|p2a: Sinistcha|1
|-damage|p2a: Sinistcha|80/100 slp
|-damage|p2b: Swampert|19/100
|-unboost|p2b: Swampert|accuracy|1
|-curestatus|p2a: Sinistcha|slp|[msg]
|move|p2a: Sinistcha|Matcha Gotcha|p1b: Milotic|[spread] p1a,p1b
|-supereffective|p1b: Milotic|1
|-damage|p1a: Raichu|67/100
|-heal|p2a: Sinistcha|95/100|[from] drain|[of] p1a: Raichu
|-damage|p1b: Milotic|70/100
|-heal|p2a: Sinistcha|100/100|[from] drain|[of] p1b: Milotic
|
|-weather|RainDance|[upkeep]
|-heal|p1b: Milotic|76/100|[from] item: Leftovers
|upkeep
|turn|12
|
|t:|1785944797
|move|p1a: Raichu|Protect|p1a: Raichu
|-singleturn|p1a: Raichu|Protect
|move|p2a: Sinistcha|Rage Powder|p2a: Sinistcha
|-singleturn|p2a: Sinistcha|move: Rage Powder
|move|p2b: Swampert|Earthquake|p1b: Milotic|[spread] p2a,p1b
|-activate|p1a: Raichu|move: Protect
|-resisted|p2a: Sinistcha|1
|-damage|p2a: Sinistcha|85/100
|-damage|p1b: Milotic|65/100
|move|p1b: Milotic|Muddy Water|p2b: Swampert|[spread] p2a,p2b
|-resisted|p2a: Sinistcha|1
|-damage|p2a: Sinistcha|70/100
|-damage|p2b: Swampert|0 fnt
|-unboost|p2a: Sinistcha|accuracy|1
|faint|p2b: Swampert
|
|-weather|none
|-heal|p1b: Milotic|71/100|[from] item: Leftovers
|upkeep
|turn|13
|
|t:|1785944815
|move|p1b: Milotic|Protect|p1b: Milotic
|-singleturn|p1b: Milotic|Protect
|move|p1a: Raichu|Zap Cannon|p2a: Sinistcha
|-resisted|p2a: Sinistcha|1
|-crit|p2a: Sinistcha
|-damage|p2a: Sinistcha|31/100
|-status|p2a: Sinistcha|par
|move|p2a: Sinistcha|Trick Room|p2a: Sinistcha
|-fieldstart|move: Trick Room|[of] p2a: Sinistcha
|
|-heal|p1b: Milotic|77/100|[from] item: Leftovers
|upkeep
|turn|14
|
|t:|1785944824
|move|p2a: Sinistcha|Matcha Gotcha|p1a: Raichu|[spread] p1a
|-miss|p2a: Sinistcha|p1b: Milotic
|-damage|p1a: Raichu|37/100
|-heal|p2a: Sinistcha|45/100 par|[from] drain|[of] p1a: Raichu
|-status|p1a: Raichu|brn
|move|p1b: Milotic|Muddy Water|p2a: Sinistcha
|-resisted|p2a: Sinistcha|1
|-damage|p2a: Sinistcha|31/100 par
|-unboost|p2a: Sinistcha|accuracy|1
|move|p1a: Raichu|Zap Cannon|p2a: Sinistcha
|-resisted|p2a: Sinistcha|1
|-damage|p2a: Sinistcha|6/100 par
|
|-heal|p1b: Milotic|83/100|[from] item: Leftovers
|-damage|p1a: Raichu|31/100 brn|[from] brn
|upkeep
|turn|15
|
|t:|1785944841
|move|p2a: Sinistcha|Protect|p2a: Sinistcha
|-singleturn|p2a: Sinistcha|Protect
|move|p1b: Milotic|Muddy Water|p2a: Sinistcha
|-activate|p2a: Sinistcha|move: Protect
|move|p1a: Raichu|Zap Cannon|p2a: Sinistcha
|-activate|p2a: Sinistcha|move: Protect
|
|-heal|p1b: Milotic|89/100|[from] item: Leftovers
|-damage|p1a: Raichu|25/100 brn|[from] brn
|upkeep
|turn|16
|
|t:|1785944853
|move|p2a: Sinistcha|Matcha Gotcha|p1a: Raichu|[spread] p1a,p1b
|-supereffective|p1b: Milotic|1
|-damage|p1a: Raichu|0 fnt
|-heal|p2a: Sinistcha|18/100 par|[from] drain|[of] p1a: Raichu
|-damage|p1b: Milotic|59/100
|-heal|p2a: Sinistcha|35/100 par|[from] drain|[of] p1b: Milotic
|faint|p1a: Raichu
|move|p1b: Milotic|Muddy Water|p2a: Sinistcha
|-resisted|p2a: Sinistcha|1
|-damage|p2a: Sinistcha|21/100 par
|
|-heal|p1b: Milotic|65/100|[from] item: Leftovers
|upkeep
|turn|17
|
|t:|1785944865
|move|p2a: Sinistcha|Matcha Gotcha|p1b: Milotic
|-supereffective|p1b: Milotic|1
|-damage|p1b: Milotic|23/100
|-heal|p2a: Sinistcha|45/100 par|[from] drain|[of] p1b: Milotic
|move|p1b: Milotic|Muddy Water|p2a: Sinistcha
|-resisted|p2a: Sinistcha|1
|-damage|p2a: Sinistcha|31/100 par
|
|-heal|p1b: Milotic|29/100|[from] item: Leftovers
|-fieldend|move: Trick Room
|upkeep
|turn|18
|
|t:|1785944876
|move|p1b: Milotic|Muddy Water|p2a: Sinistcha
|-resisted|p2a: Sinistcha|1
|-damage|p2a: Sinistcha|19/100 par
|move|p2a: Sinistcha|Matcha Gotcha|p1b: Milotic
|-supereffective|p1b: Milotic|1
|-damage|p1b: Milotic|0 fnt
|-heal|p2a: Sinistcha|36/100 par|[from] drain|[of] p1b: Milotic
|faint|p1b: Milotic
|
|win|shiroblast
|raw|cecco22's rating: 1114 → 1087(-27 for losing)
|raw|shiroblast's rating: 1086 → 1115(+29 for winning)
|l|☆cecco22
|player|p1|
|c|☆shiroblast|unbelieveble
