|j|☆teyvgc
|j|☆bearlover997
|html|teyvgcbearlover997    
|uhtml|bestof|Game 2 of a best-of-3
|t:|1785888884
|gametype|doubles
|player|p1|teyvgc|rood|1166
|player|p2|bearlover997|sage|1052
|gen|9
|tier|[Gen 9 Champions] VGC 2026 Reg M-B (Bo3)
|rated|
|rule|Species Clause: Limit one of each Pokémon
|rule|Item Clause: Limit 1 of each item
|clearpoke
|poke|p1|Staraptor, L50, M|
|poke|p1|Metagross, L50|
|poke|p1|Farigiraf, L50, F|
|poke|p1|Whimsicott, L50, F|
|poke|p1|Garchomp, L50, F|
|poke|p1|Ceruledge, L50, M|
|poke|p2|Victreebel, L50, M|
|poke|p2|Espathra, L50, M|
|poke|p2|Skeledirge, L50, F|
|poke|p2|Rotom-Wash, L50|
|poke|p2|Clefable, L50, F|
|poke|p2|Aerodactyl, L50, F|
|teampreview|4
|showteam|p1|Staraptor||Staraptite|Intimidate|Protect,CloseCombat,BraveBird,Roost|Jolly||M|||50|]Metagross||Metagrossite|ClearBody|Protect,IronHead,PsychicFangs,StompingTantrum|Adamant|||||50|]Farigiraf||SitrusBerry|ArmorTail|HelpingHand,Psychic,Thunderbolt,TrickRoom|Calm||F|||50|]Whimsicott||FocusSash|Prankster|Moonblast,Tailwind,Charm,Encore|Timid||F|||50|]Garchomp||LifeOrb|RoughSkin|Protect,StompingTantrum,RockSlide,DragonClaw|Jolly||F|||50|]Ceruledge||ColburBerry|FlashFire|Protect,ShadowSneak,BulkUp,BitterBlade|Adamant||M|||50|
|showteam|p2|Victreebel||Victreebelite|Chlorophyll|SludgeBomb,GigaDrain,StrengthSap,Protect|Hasty||M|||50|]Espathra||SitrusBerry|SpeedBoost|BatonPass,CalmMind,LuminaCrash,Protect|Modest||M|||50|]Skeledirge||Leftovers|Unaware|TorchSong,ShadowBall,Yawn,Protect|Bold||F|||50|]Rotom-Wash||ChoiceScarf|Levitate|Trick,VoltSwitch,Thunderbolt,HydroPump|Timid|||||50|]Clefable||Clefablite|Unaware|DazzlingGleam,Protect,FollowMe,HealingWish|Calm||F|||50|]Aerodactyl||FocusSash|Unnerve|RockSlide,WideGuard,Tailwind,Protect|Jolly||F|||50|
|inactive|Battle timer is ON: inactive players will automatically lose when time's up. (requested by bearlover997)
|
|t:|1785888915
|teamsize|p1|4
|teamsize|p2|4
|start
|switch|p1a: Smart Iron Brick|Metagross, L50|100/100
|switch|p1b: Trick Room Hater|Whimsicott, L50, F|100/100
|switch|p2a: Skeledirge|Skeledirge, L50, F|100/100
|switch|p2b: Espathra|Espathra, L50, M|100/100
|turn|1
|inactive|teyvgc has 30 seconds left.
|inactive|bearlover997 has 30 seconds left.
|c|☆teyvgc|!dt simple beam
|c|☆teyvgc|/raw Simple Beam  Accuracy100% PP16 The target's Ability becomes Simple. 
|c|☆teyvgc|/raw Priority: 0 |  Gen: 5 |  ✓ Bounceable |  Z-Effect:  Sp. Atk +1 |  Target: One Adjacent Pokémon

|inactive|teyvgc has 20 seconds left.
|inactive|teyvgc has 15 seconds left.
|inactive|teyvgc has 10 seconds left.
|inactive|teyvgc has 5 seconds left.
|
|t:|1785888970
|detailschange|p1a: Smart Iron Brick|Metagross-Mega, L50
|-mega|p1a: Smart Iron Brick|Metagross|Metagrossite
|move|p1b: Trick Room Hater|Moonblast|p2a: Skeledirge
|-resisted|p2a: Skeledirge|1
|-damage|p2a: Skeledirge|80/100
|move|p2b: Espathra|Lumina Crash|p1a: Smart Iron Brick
|-resisted|p1a: Smart Iron Brick|2
|-damage|p1a: Smart Iron Brick|92/100
|-unboost|p1a: Smart Iron Brick|spd|2
|move|p1a: Smart Iron Brick|Stomping Tantrum|p2a: Skeledirge
|-supereffective|p2a: Skeledirge|1
|-damage|p2a: Skeledirge|36/100
|move|p2a: Skeledirge|Torch Song|p1a: Smart Iron Brick
|-supereffective|p1a: Smart Iron Brick|1
|-damage|p1a: Smart Iron Brick|32/100
|-boost|p2a: Skeledirge|spa|1
|
|-heal|p2a: Skeledirge|42/100|[from] item: Leftovers
|-ability|p2b: Espathra|Speed Boost|boost
|-boost|p2b: Espathra|spe|1
|upkeep
|turn|2
|inactive|teyvgc has 30 seconds left.
|inactive|bearlover997 has 30 seconds left.
|inactive|teyvgc has 20 seconds left.
|inactive|teyvgc has 15 seconds left.
|inactive|teyvgc has 10 seconds left.
|inactive|teyvgc has 5 seconds left.
|
|t:|1785889023
|switch|p2a: Rotom|Rotom-Wash, L50|100/100
|move|p1b: Trick Room Hater|Tailwind|p1b: Trick Room Hater
|-sidestart|p1: teyvgc|move: Tailwind
|move|p1a: Smart Iron Brick|Stomping Tantrum|p2a: Rotom
|-immune|p2a: Rotom|[from] ability: Levitate
|move|p2b: Espathra|Lumina Crash|p1b: Trick Room Hater
|-damage|p1b: Trick Room Hater|47/100
|-unboost|p1b: Trick Room Hater|spd|2
|
|-ability|p2b: Espathra|Speed Boost|boost
|-boost|p2b: Espathra|spe|1
|upkeep
|turn|3
|inactive|teyvgc has 30 seconds left.
|inactive|bearlover997 has 30 seconds left.
|inactive|teyvgc has 20 seconds left.
|inactive|bearlover997 has 20 seconds left.
|inactive|teyvgc has 15 seconds left.
|inactive|teyvgc has 10 seconds left.
|inactive|teyvgc has 5 seconds left.
|
|t:|1785889077
|move|p1b: Trick Room Hater|Moonblast|p2a: Rotom
|-damage|p2a: Rotom|51/100
|move|p2b: Espathra|Lumina Crash|p1b: Trick Room Hater
|-damage|p1b: Trick Room Hater|0 fnt
|faint|p1b: Trick Room Hater
|move|p1a: Smart Iron Brick|Psychic Fangs|p2a: Rotom
|-damage|p2a: Rotom|0 fnt
|faint|p2a: Rotom
|
|-ability|p2b: Espathra|Speed Boost|boost
|-boost|p2b: Espathra|spe|1
|upkeep
|
|t:|1785889101
|switch|p1b: No Hands|Garchomp, L50, F|100/100
|switch|p2a: Victreebel|Victreebel, L50, M|100/100
|turn|4
|inactive|teyvgc has 30 seconds left.
|inactive|bearlover997 has 30 seconds left.
|inactive|teyvgc has 20 seconds left.
|inactive|teyvgc has 15 seconds left.
|
|t:|1785889143
|switch|p1a: Nek|Farigiraf, L50, F|100/100
|detailschange|p2a: Victreebel|Victreebel-Mega, L50, M
|-mega|p2a: Victreebel|Victreebel|Victreebelite
|move|p2a: Victreebel|Protect|p2a: Victreebel
|-singleturn|p2a: Victreebel|Protect
|move|p2b: Espathra|Baton Pass|p2b: Espathra
|
|t:|1785889151
|switch|p2b: Skeledirge|Skeledirge, L50, F|42/100|[from] Baton Pass
|move|p1b: No Hands|Dragon Claw|p2b: Skeledirge
|-damage|p2b: Skeledirge|8/100
|-damage|p1b: No Hands|90/100|[from] item: Life Orb
|
|-heal|p2b: Skeledirge|14/100|[from] item: Leftovers
|upkeep
|turn|5
|inactive|teyvgc has 30 seconds left.
|inactive|teyvgc has 20 seconds left.
|inactive|teyvgc has 15 seconds left.
|inactive|teyvgc has 10 seconds left.
|inactive|teyvgc has 5 seconds left.
|
|t:|1785889205
|move|p2b: Skeledirge|Protect|p2b: Skeledirge
|-singleturn|p2b: Skeledirge|Protect
|move|p1b: No Hands|Stomping Tantrum|p2b: Skeledirge
|-activate|p2b: Skeledirge|move: Protect
|move|p1a: Nek|Psychic|p2a: Victreebel
|-supereffective|p2a: Victreebel|1
|-damage|p2a: Victreebel|26/100
|move|p2a: Victreebel|Strength Sap|p1b: No Hands
|-unboost|p1b: No Hands|atk|1
|-heal|p2a: Victreebel|100/100
|
|-heal|p2b: Skeledirge|20/100y|[from] item: Leftovers
|-sideend|p1: teyvgc|move: Tailwind
|upkeep
|turn|6
|
|t:|1785889225
|move|p2b: Skeledirge|Torch Song|p1a: Nek
|-damage|p1a: Nek|76/100
|-boost|p2b: Skeledirge|spa|1
|move|p1b: No Hands|Stomping Tantrum|p2b: Skeledirge
|-supereffective|p2b: Skeledirge|1
|-damage|p2b: Skeledirge|0 fnt
|faint|p2b: Skeledirge
|-damage|p1b: No Hands|80/100|[from] item: Life Orb
|move|p2a: Victreebel|Giga Drain|p1b: No Hands
|-damage|p1b: No Hands|37/100
|move|p1a: Nek|Psychic|p2a: Victreebel
|-supereffective|p2a: Victreebel|1
|-damage|p2a: Victreebel|32/100
|
|upkeep
|
|t:|1785889232
|switch|p2b: Espathra|Espathra, L50, M|100/100
|turn|7
|inactive|teyvgc has 30 seconds left.
|inactive|teyvgc has 20 seconds left.
|inactive|teyvgc has 15 seconds left.
|
|t:|1785889276
|move|p1b: No Hands|Dragon Claw|p2a: Victreebel
|-damage|p2a: Victreebel|0 fnt
|-damage|p1b: No Hands|4/100|[from] ability: Innards Out|[of] p2a: Victreebel
|faint|p2a: Victreebel
|-damage|p1b: No Hands|0 fnt|[from] item: Life Orb
|faint|p1b: No Hands
|move|p2b: Espathra|Lumina Crash|p1a: Nek
|-resisted|p1a: Nek|1
|-damage|p1a: Nek|64/100
|-unboost|p1a: Nek|spd|2
|move|p1a: Nek|Trick Room|p1a: Nek
|-fieldstart|move: Trick Room|[of] p1a: Nek
|
|-ability|p2b: Espathra|Speed Boost|boost
|-boost|p2b: Espathra|spe|1
|upkeep
|
|t:|1785889289
|switch|p1b: Smart Iron Brick|Metagross-Mega, L50|32/100
|turn|8
|l|☆bearlover997
|inactive|bearlover997 disconnected and has a minute to reconnect!
|player|p2|
|inactive|bearlover997 has 30 seconds left.
|c|☆teyvgc|:(
|inactive|bearlover997 has 20 seconds left.
|c|☆teyvgc|<#
|inactive|bearlover997 has 15 seconds left.
|inactive|bearlover997 has 10 seconds left.
|inactive|bearlover997 has 5 seconds left.
|-message|bearlover997 lost due to inactivity.
|
|win|teyvgc
|raw|teyvgc's rating: 1166 → 1183(+17 for winning)
|raw|bearlover997's rating: 1052 → 1040(-12 for losing)
