|j|Ōśåparmesanlugubre206
|j|Ōśåsum1dum
|html|parmesanlugubre206sum1dum    
|uhtml|bestof|Game 1 of a best-of-3
|t:|1783182636
|gametype|doubles
|player|p1|parmesanlugubre206|ethan|1147
|player|p2|sum1dum|rosa|1297
|gen|9
|tier|[Gen 9 Champions] VGC 2026 Reg M-B (Bo3)
|rated|
|rule|Species Clause: Limit one of each Pok├®mon
|rule|Item Clause: Limit 1 of each item
|clearpoke
|poke|p1|Raichu, L50, F|
|poke|p1|Mamoswine, L50, F|
|poke|p1|Tsareena, L50, F|
|poke|p1|Primarina, L50, F|
|poke|p1|Aerodactyl, L50, M|
|poke|p1|Typhlosion-Hisui, L50, M|
|poke|p2|Gliscor, L50, M|
|poke|p2|Primarina, L50, F|
|poke|p2|Metagross, L50|
|poke|p2|Ninetales-Alola, L50, F|
|poke|p2|Incineroar, L50, F|
|poke|p2|Sinistcha, L50|
|teampreview|4
|showteam|p1|Raichu||RaichuniteY|Static|FocusBlast,ZapCannon,DazzlingGleam,Protect|Timid||F|||50|]Mamoswine||FocusSash|Oblivious|IceShard,RockSlide,HighHorsepower,Protect|Adamant||F|||50|]Tsareena||SitrusBerry|QueenlyMajesty|TropKick,TripleAxel,Protect,LowKick|Adamant||F|||50|]Primarina||LifeOrb|LiquidVoice|HyperVoice,Moonblast,DazzlingGleam,Protect|Modest||F|||50|]Aerodactyl||Aerodactylite|RockHead|IceFang,DualWingbeat,RockSlide,Tailwind|Adamant||M|||50|]Typhlosion-Hisui||ChoiceScarf|Frisk|Eruption,Hex,HeatWave,Overheat|Modest||M|||50|
|showteam|p2|Gliscor||LifeOrb|HyperCutter|DualWingbeat,HighHorsepower,Protect,RockSlide|Jolly||M|||50|]Primarina||Leftovers|LiquidVoice|CalmMind,HyperVoice,Moonblast,Protect|Modest||F|||50|]Metagross||Metagrossite|ClearBody|BulletPunch,IronHead,Protect,PsychicFangs|Jolly|||||50|]Ninetales-Alola||LightClay|SnowWarning|AuroraVeil,FreezeDry,Moonblast,Protect|Timid||F|||50|]Incineroar||ChopleBerry|Intimidate|FakeOut,FlareBlitz,DarkestLariat,PartingShot|Impish||F|||50|]Sinistcha||SitrusBerry|Hospitality|MatchaGotcha,Protect,LifeDew,RagePowder|Bold|||||50|
|inactive|Battle timer is ON: inactive players will automatically lose when time's up. (requested by sum1dum)
|inactive|parmesanlugubre206 also wants the timer to be on.
|inactive|parmesanlugubre206 has 60 seconds left.
|inactive|sum1dum has 60 seconds left.
|
|t:|1783182691
|teamsize|p1|4
|teamsize|p2|4
|start
|switch|p1a: Raichu|Raichu, L50, F|100/100
|switch|p1b: Mamoswine|Mamoswine, L50, F|100/100
|switch|p2a: Justice|Incineroar, L50, F|100/100
|switch|p2b: Bravery|Gliscor, L50, M|100/100
|-ability|p2a: Justice|Intimidate|boost
|-unboost|p1a: Raichu|atk|1
|-fail|p1b: Mamoswine|unboost|Attack|[from] ability: Oblivious|[of] p1b: Mamoswine
|turn|1
|c|Ōśåsum1dum|don't you want blaze on typhlosion in ots?
|c|Ōśåparmesanlugubre206|oh yeah true
|c|Ōśåparmesanlugubre206|thanks
|inactive|sum1dum has 30 seconds left.
|inactive|sum1dum has 20 seconds left.
|
|t:|1783182727
|detailschange|p1a: Raichu|Raichu-Mega-Y, L50, F
|-mega|p1a: Raichu|Raichu|Raichunite Y
|move|p1a: Raichu|Protect|p1a: Raichu
|-singleturn|p1a: Raichu|Protect
|move|p2b: Bravery|Protect|p2b: Bravery
|-singleturn|p2b: Bravery|Protect
|move|p1b: Mamoswine|Protect|p1b: Mamoswine
|-singleturn|p1b: Mamoswine|Protect
|move|p2a: Justice|Flare Blitz|p1b: Mamoswine
|-activate|p1b: Mamoswine|move: Protect
|
|upkeep
|turn|2
|c|Ōśåparmesanlugubre206|btw cool team
|c|Ōśåsum1dum|you too!
|
|t:|1783182743
|switch|p2b: Patience|Primarina, L50, F|100/100
|move|p1b: Mamoswine|Ice Shard|p2b: Patience
|-resisted|p2b: Patience|1
|-damage|p2b: Patience|87/100
|move|p1a: Raichu|Focus Blast|p2a: Justice
|-supereffective|p2a: Justice|1
|-enditem|p2a: Justice|Chople Berry|[eat]
|-enditem|p2a: Justice|Chople Berry|[weaken]
|-damage|p2a: Justice|60/100
|move|p2a: Justice|Flare Blitz|p1b: Mamoswine
|-supereffective|p1b: Mamoswine|1
|-enditem|p1b: Mamoswine|Focus Sash
|-damage|p1b: Mamoswine|1/100
|-damage|p2a: Justice|30/100|[from] Recoil
|
|-heal|p2b: Patience|93/100|[from] item: Leftovers
|upkeep
|turn|3
|inactive|sum1dum has 30 seconds left.
|
|t:|1783182773
|switch|p2a: Kindness|Sinistcha, L50|100/100
|-heal|p2b: Patience|100/100|[from] ability: Hospitality|[of] p2a: Kindness
|move|p2b: Patience|Protect|p2b: Patience
|-singleturn|p2b: Patience|Protect
|move|p1a: Raichu|Zap Cannon|p2b: Patience
|-activate|p2b: Patience|move: Protect
|move|p1b: Mamoswine|Rock Slide|p2b: Patience|[spread] p2a
|-activate|p2b: Patience|move: Protect
|-damage|p2a: Kindness|84/100
|
|upkeep
|turn|4
|c|Ōśåparmesanlugubre206|oh wait
|c|Ōśåparmesanlugubre206|are the names undertale references ?
|c|Ōśåsum1dum|yeah
|
|t:|1783182792
|move|p2a: Kindness|Rage Powder|p2a: Kindness
|-singleturn|p2a: Kindness|move: Rage Powder
|move|p1b: Mamoswine|Ice Shard|p2a: Kindness
|-supereffective|p2a: Kindness|1
|-damage|p2a: Kindness|46/100
|-enditem|p2a: Kindness|Sitrus Berry|[eat]
|-heal|p2a: Kindness|70/100|[from] item: Sitrus Berry
|move|p1a: Raichu|Zap Cannon|p2a: Kindness
|-resisted|p2a: Kindness|1
|-damage|p2a: Kindness|32/100
|-status|p2a: Kindness|par
|move|p2b: Patience|Hyper Voice|p1a: Raichu|[spread] p1a,p1b
|-supereffective|p1b: Mamoswine|1
|-damage|p1a: Raichu|52/100
|-damage|p1b: Mamoswine|0 fnt
|faint|p1b: Mamoswine
|
|upkeep
|c|Ōśåparmesanlugubre206|ooh nice
|
|t:|1783182802
|switch|p1b: Typhlosion|Typhlosion-Hisui, L50, M|100/100
|-item|p2b: Patience|Leftovers|[from] ability: Frisk|[of] p1b: Typhlosion
|turn|5
|
|t:|1783182823
|switch|p2b: Bravery|Gliscor, L50, M|100/100
|switch|p2a: Justice|Incineroar, L50, F|30/100
|-ability|p2a: Justice|Intimidate|boost
|-unboost|p1a: Raichu|atk|1
|-unboost|p1b: Typhlosion|atk|1
|move|p1b: Typhlosion|Eruption|p2b: Bravery|[spread] p2a,p2b
|-resisted|p2a: Justice|1
|-damage|p2a: Justice|4/100
|-damage|p2b: Bravery|15/100
|move|p1a: Raichu|Zap Cannon|p2a: Justice
|-damage|p2a: Justice|0 fnt
|faint|p2a: Justice
|
|upkeep
|
|t:|1783182827
|switch|p2a: Patience|Primarina, L50, F|100/100
|turn|6
|-message|sum1dum forfeited.
|
|win|parmesanlugubre206
