|j|☆psychic system
|j|☆boykie629
|html|psychic systemboykie629    
|uhtml|bestof|Game 1 of a best-of-3
|t:|1756899677
|gametype|doubles
|player|p1|psychic system|lucas|1197
|player|p2|boykie629|169|1103
|gen|9
|tier|[Gen 9] VGC 2025 Reg H (Bo3)
|rated|
|rule|Species Clause: Limit one of each Pokémon
|rule|Item Clause: Limit 1 of each item
|clearpoke
|poke|p1|Milotic, L50, M|
|poke|p1|Florges, L50, F|
|poke|p1|Amoonguss, L50, F|
|poke|p1|Kingambit, L50, F|
|poke|p1|Typhlosion-Hisui, L50, F|
|poke|p1|Kilowattrel, L50, F|
|poke|p2|Pelipper, L50, F|
|poke|p2|Palafin, L50, M|
|poke|p2|Archaludon, L50, F|
|poke|p2|Gholdengo, L50|
|poke|p2|Rillaboom, L50, F|
|poke|p2|Incineroar, L50, M|
|teampreview|4
|showteam|p1|Milotic||AssaultVest|Competitive|Scald,MuddyWater,IcyWind,MirrorCoat|||M|||50|,,,,,Grass]Florges||Leftovers|FlowerVeil|CalmMind,Moonblast,SkillSwap,Protect|||F|||50|,,,,,Poison]Amoonguss||SitrusBerry|Regenerator|ClearSmog,Spore,PollenPuff,RagePowder|||F|||50|,,,,,Water]Kingambit||BlackGlasses|Defiant|Protect,KowtowCleave,SuckerPunch,SwordsDance|||F|||50|,,,,,Dark]Typhlosion-Hisui||ChoiceScarf|Blaze|Eruption,HeatWave,ShadowBall,FocusBlast|||F|||50|,,,,,Fire]Kilowattrel||FocusSash|WindPower|Thunderbolt,AirSlash,Tailwind,Protect|||F|||50|,,,,,Ghost
|showteam|p2|Pelipper||FocusSash|Drizzle|Hurricane,WeatherBall,Tailwind,Protect|||F|||50|,,,,,Stellar]Palafin||MysticWater|ZerotoHero|JetPunch,WaveCrash,Haze,Protect|||M|||50|,,,,,Water]Archaludon||AssaultVest|Stamina|FlashCannon,DracoMeteor,ElectroShot,BodyPress|||F|||50|,,,,,Bug]Gholdengo||GrassySeed|GoodasGold|MakeItRain,ShadowBall,NastyPlot,Protect||||||50|,,,,,Water]Rillaboom||LoadedDice|GrassySurge|BulletSeed,GrassyGlide,Uturn,FakeOut|||F|||50|,,,,,Water]Incineroar||SafetyGoggles|Intimidate|FlareBlitz,PartingShot,KnockOff,FakeOut|||M|||50|,,,,,Ghost
|inactive|Battle timer is ON: inactive players will automatically lose when time's up. (requested by psychic system)
|inactive|psychic system has 60 seconds left.
|inactive|psychic system has 30 seconds left.
|
|t:|1756899749
|teamsize|p1|4
|teamsize|p2|4
|start
|switch|p1a: Milotic|Milotic, L50, M|100/100
|switch|p1b: Florges|Florges, L50, F|100/100
|switch|p2a: Rillaboom|Rillaboom, L50, F|100/100
|switch|p2b: Gholdengo|Gholdengo, L50|100/100
|-fieldstart|move: Grassy Terrain|[from] ability: Grassy Surge|[of] p2a: Rillaboom
|-enditem|p2b: Gholdengo|Grassy Seed
|-boost|p2b: Gholdengo|def|1|[from] item: Grassy Seed
|turn|1
|inactive|psychic system has 30 seconds left.
|
|t:|1756899784
|move|p2a: Rillaboom|Fake Out|p1a: Milotic
|-damage|p1a: Milotic|85/100
|move|p2b: Gholdengo|Nasty Plot|p2b: Gholdengo
|-boost|p2b: Gholdengo|spa|2
|cant|p1a: Milotic|flinch
|move|p1b: Florges|Calm Mind|p1b: Florges
|-boost|p1b: Florges|spa|1
|-boost|p1b: Florges|spd|1
|
|-heal|p1a: Milotic|91/100|[from] Grassy Terrain
|upkeep
|turn|2
|inactive|psychic system has 30 seconds left.
|
|t:|1756899812
|move|p1b: Florges|Protect|p1b: Florges
|-singleturn|p1b: Florges|Protect
|move|p2b: Gholdengo|Nasty Plot|p2b: Gholdengo
|-boost|p2b: Gholdengo|spa|2
|move|p1a: Milotic|Icy Wind|p2b: Gholdengo|[spread] p2a,p2b
|-supereffective|p2a: Rillaboom
|-resisted|p2b: Gholdengo
|-damage|p2a: Rillaboom|77/100
|-damage|p2b: Gholdengo|94/100
|-unboost|p2a: Rillaboom|spe|1
|-unboost|p2b: Gholdengo|spe|1
|move|p2a: Rillaboom|Bullet Seed|p1a: Milotic
|-supereffective|p1a: Milotic
|-damage|p1a: Milotic|57/100
|-supereffective|p1a: Milotic
|-damage|p1a: Milotic|19/100
|-supereffective|p1a: Milotic
|-damage|p1a: Milotic|0 fnt
|faint|p1a: Milotic
|-hitcount|p1: Milotic|3
|
|-heal|p2b: Gholdengo|100/100|[from] Grassy Terrain
|-heal|p2a: Rillaboom|83/100|[from] Grassy Terrain
|upkeep
|
|t:|1756899836
|switch|p1a: Kingambit|Kingambit, L50, F|100/100
|turn|3
|
|t:|1756899853
|switch|p1b: Amoonguss|Amoonguss, L50, F|100/100
|-terastallize|p2b: Gholdengo|Water
|move|p2b: Gholdengo|Make It Rain|p1a: Kingambit|[spread] p1a,p1b
|-resisted|p1a: Kingambit
|-damage|p1a: Kingambit|32/100
|-damage|p1b: Amoonguss|0 fnt
|-unboost|p2b: Gholdengo|spa|1
|faint|p1b: Amoonguss
|move|p2a: Rillaboom|U-turn|p1a: Kingambit
|-crit|p1a: Kingambit
|-damage|p1a: Kingambit|3/100
|
|t:|1756899866
|switch|p2a: Archaludon|Archaludon, L50, F|100/100|[from] U-turn
|move|p1a: Kingambit|Kowtow Cleave|p2b: Gholdengo
|-damage|p2b: Gholdengo|56/100
|
|-heal|p2b: Gholdengo|62/100|[from] Grassy Terrain
|-heal|p1a: Kingambit|9/100|[from] Grassy Terrain
|upkeep
|
|t:|1756899872
|switch|p1b: Florges|Florges, L50, F|100/100
|turn|4
|
|t:|1756899891
|move|p1a: Kingambit|Sucker Punch|p2b: Gholdengo
|-damage|p2b: Gholdengo|28/100
|move|p2a: Archaludon|Flash Cannon|p1b: Florges
|-supereffective|p1b: Florges
|-damage|p1b: Florges|45/100
|move|p1b: Florges|Moonblast|p2b: Gholdengo
|-damage|p2b: Gholdengo|0 fnt
|faint|p2b: Gholdengo
|
|-heal|p1b: Florges|51/100|[from] Grassy Terrain
|-heal|p1b: Florges|57/100|[from] item: Leftovers
|-heal|p1a: Kingambit|15/100|[from] Grassy Terrain
|upkeep
|
|t:|1756899906
|switch|p2b: Rillaboom|Rillaboom, L50, F|83/100
|turn|5
|
|t:|1756899912
|move|p1b: Florges|Protect|p1b: Florges
|-singleturn|p1b: Florges|Protect
|move|p1a: Kingambit|Protect|p1a: Kingambit
|-singleturn|p1a: Kingambit|Protect
|move|p2b: Rillaboom|Fake Out|p1b: Florges
|-activate|p1b: Florges|move: Protect
|move|p2a: Archaludon|Body Press|p1a: Kingambit
|-activate|p1a: Kingambit|move: Protect
|
|-heal|p2b: Rillaboom|89/100|[from] Grassy Terrain
|-heal|p1b: Florges|64/100|[from] Grassy Terrain
|-heal|p1b: Florges|70/100|[from] item: Leftovers
|-heal|p1a: Kingambit|21/100|[from] Grassy Terrain
|-fieldend|move: Grassy Terrain
|upkeep
|turn|6
|inactive|psychic system has 30 seconds left.
|
|t:|1756899942
|-terastallize|p1b: Florges|Poison
|move|p1a: Kingambit|Sucker Punch|p2b: Rillaboom
|-damage|p2b: Rillaboom|43/100
|move|p2b: Rillaboom|Bullet Seed|p1a: Kingambit
|-resisted|p1a: Kingambit
|-damage|p1a: Kingambit|16/100
|-resisted|p1a: Kingambit
|-damage|p1a: Kingambit|11/100
|-resisted|p1a: Kingambit
|-damage|p1a: Kingambit|6/100
|-resisted|p1a: Kingambit
|-damage|p1a: Kingambit|2/100
|-hitcount|p1a: Kingambit|4
|move|p2a: Archaludon|Draco Meteor|p1b: Florges
|-damage|p1b: Florges|23/100
|-unboost|p2a: Archaludon|spa|2
|move|p1b: Florges|Calm Mind|p1b: Florges
|-boost|p1b: Florges|spa|1
|-boost|p1b: Florges|spd|1
|
|-heal|p1b: Florges|29/100|[from] item: Leftovers
|upkeep
|turn|7
|inactive|psychic system has 30 seconds left.
|inactive|psychic system has 20 seconds left.
|inactive|psychic system has 15 seconds left.
|
|t:|1756899983
|move|p1a: Kingambit|Sucker Punch|p2a: Archaludon
|-damage|p2a: Archaludon|65/100
|-ability|p2a: Archaludon|Stamina|boost
|-boost|p2a: Archaludon|def|1
|move|p2b: Rillaboom|Bullet Seed|p1b: Florges
|-resisted|p1b: Florges
|-damage|p1b: Florges|23/100
|-resisted|p1b: Florges
|-damage|p1b: Florges|17/100
|-resisted|p1b: Florges
|-damage|p1b: Florges|11/100
|-resisted|p1b: Florges
|-damage|p1b: Florges|4/100
|-hitcount|p1b: Florges|4
|move|p2a: Archaludon|Body Press|p1a: Kingambit
|-supereffective|p1a: Kingambit
|-damage|p1a: Kingambit|0 fnt
|faint|p1a: Kingambit
|move|p1b: Florges|Moonblast|p2a: Archaludon
|-damage|p2a: Archaludon|25/100
|-ability|p2a: Archaludon|Stamina|boost
|-boost|p2a: Archaludon|def|1
|
|-heal|p1b: Florges|10/100|[from] item: Leftovers
|upkeep
|turn|8
|
|t:|1756900003
|move|p1b: Florges|Protect|p1b: Florges
|-singleturn|p1b: Florges|Protect
|move|p2b: Rillaboom|Bullet Seed|p1b: Florges
|-activate|p1b: Florges|move: Protect
|move|p2a: Archaludon|Body Press|p1b: Florges
|-activate|p1b: Florges|move: Protect
|
|-heal|p1b: Florges|16/100|[from] item: Leftovers
|upkeep
|turn|9
|
|t:|1756900010
|move|p1b: Florges|Protect||[still]
|-fail|p1b: Florges
|move|p2b: Rillaboom|Bullet Seed|p1b: Florges
|-resisted|p1b: Florges
|-damage|p1b: Florges|10/100
|-resisted|p1b: Florges
|-damage|p1b: Florges|4/100
|-resisted|p1b: Florges
|-damage|p1b: Florges|0 fnt
|faint|p1b: Florges
|-hitcount|p1: Florges|3
|
|win|boykie629
||psychic system is ready for game 2.
|l|☆boykie629
|player|p2|
||boykie629 is ready for game 2.
|uhtml|next|Next: Game 2 of 3
