|j|☆Alecat
|j|☆Wikdchikn
|html|AlecatWikdchikn    
|uhtml|bestof|Game 1 of a best-of-3
|t:|1757769906
|gametype|doubles
|player|p1|Alecat|scientistf|1092
|player|p2|Wikdchikn|cameraman|1188
|gen|9
|tier|[Gen 9] VGC 2025 Reg H (Bo3)
|rated|
|rule|Species Clause: Limit one of each Pokémon
|rule|Item Clause: Limit 1 of each item
|clearpoke
|poke|p1|Sneasler, L50, M|
|poke|p1|Magmar, L50, M|
|poke|p1|Rillaboom, L50, F|
|poke|p1|Espathra, L50, M|
|poke|p1|Kingambit, L50, M|
|poke|p1|Arcanine-Hisui, L50, F|
|poke|p2|Arboliva, L50, M|
|poke|p2|Porygon2, L50|
|poke|p2|Primarina, L50, M|
|poke|p2|Ursaluna, L50, M|
|poke|p2|Amoonguss, L50, M|
|poke|p2|Armarouge, L50, F|
|teampreview|4
|showteam|p1|Sneasler||FocusSash|Unburden|FakeOut,CloseCombat,DireClaw,Coaching|||M|||50|,,,,,Ghost]Magmar||Eviolite|VitalSpirit|FollowMe,HeatWave,Taunt,Protect|||M|||50|,,,,,Dragon]Rillaboom||AssaultVest|GrassySurge|FakeOut,WoodHammer,GrassyGlide,HighHorsepower|||F|||50|,,,,,Fire]Espathra||GrassySeed|SpeedBoost|StoredPower,TeraBlast,CalmMind,Protect|||M|||50|,,,,,Fighting]Kingambit||SafetyGoggles|Defiant|KowtowCleave,SuckerPunch,SwordsDance,Protect|||M|||50|,,,,,Dark]Arcanine-Hisui||LoadedDice|Intimidate|FlareBlitz,RockBlast,ExtremeSpeed,Protect|||F|||50|,,,,,Ghost
|showteam|p2|Arboliva||ChoiceSpecs|SeedSower|DazzlingGleam,HyperVoice,EarthPower,GigaDrain|||M|||50|,,,,,Fairy]Porygon2||Eviolite|Trace|TeraBlast,ShadowBall,TrickRoom,Protect||||||50|,,,,,Fighting]Primarina||ThroatSpray|LiquidVoice|Moonblast,HyperVoice,Haze,Protect|||M|||50|,,,,,Water]Ursaluna||FlameOrb|Guts|Protect,Facade,HeadlongRush,Earthquake|||M|||50|,,,,,Ghost]Amoonguss||RockyHelmet|Regenerator|RagePowder,Spore,FoulPlay,Protect|||M|||50|,,,,,Dark]Armarouge||SitrusBerry|FlashFire|WideGuard,TrickRoom,HeatWave,HelpingHand|||F|||50|,,,,,Grass
|inactive|Battle timer is ON: inactive players will automatically lose when time's up. (requested by Wikdchikn)
|inactive|Alecat also wants the timer to be on.
|inactive|Alecat has 60 seconds left.
|inactive|Wikdchikn has 60 seconds left.
|
|t:|1757769957
|teamsize|p1|4
|teamsize|p2|4
|start
|switch|p1a: Magmar|Magmar, L50, M|100/100
|switch|p1b: Espathra|Espathra, L50, M, shiny|100/100
|switch|p2a: Undying Duck|Porygon2, L50, shiny|100/100
|switch|p2b: Pest|Amoonguss, L50, M|100/100
|-ability|p2a: Undying Duck|Vital Spirit|Trace|[from] ability: Trace|[of] p1a: Magmar
|turn|1
|
|t:|1757769980
|move|p2a: Undying Duck|Protect|p2a: Undying Duck
|-singleturn|p2a: Undying Duck|Protect
|move|p1a: Magmar|Heat Wave|p2b: Pest|[spread] p2b
|-activate|p2a: Undying Duck|move: Protect
|-supereffective|p2b: Pest
|-damage|p2b: Pest|60/100
|move|p1b: Espathra|Calm Mind|p1b: Espathra
|-boost|p1b: Espathra|spa|1
|-boost|p1b: Espathra|spd|1
|move|p2b: Pest|Spore|p1b: Espathra
|-status|p1b: Espathra|slp|[from] move: Spore
|
|-ability|p1b: Espathra|Speed Boost|boost
|-boost|p1b: Espathra|spe|1
|upkeep
|turn|2
|
|t:|1757769996
|move|p2b: Pest|Rage Powder|p2b: Pest
|-singleturn|p2b: Pest|move: Rage Powder
|cant|p1b: Espathra|slp
|move|p1a: Magmar|Taunt|p2b: Pest
|-start|p2b: Pest|move: Taunt
|move|p2a: Undying Duck|Trick Room|p2a: Undying Duck
|-fieldstart|move: Trick Room|[of] p2a: Undying Duck
|
|-ability|p1b: Espathra|Speed Boost|boost
|-boost|p1b: Espathra|spe|1
|upkeep
|turn|3
|
|t:|1757770013
|switch|p2b: Olive You|Arboliva, L50, M|100/100
|switch|p2a: Bear with me|Ursaluna, L50, M|100/100
|move|p1a: Magmar|Follow Me|p1a: Magmar
|-singleturn|p1a: Magmar|move: Follow Me
|-curestatus|p1b: Espathra|slp|[msg]
|move|p1b: Espathra|Calm Mind|p1b: Espathra
|-boost|p1b: Espathra|spa|1
|-boost|p1b: Espathra|spd|1
|
|-status|p2a: Bear with me|brn|[from] item: Flame Orb
|-ability|p1b: Espathra|Speed Boost|boost
|-boost|p1b: Espathra|spe|1
|upkeep
|turn|4
|
|t:|1757770035
|switch|p1a: Rillaboom|Rillaboom, L50, F|100/100
|-fieldstart|move: Grassy Terrain|[from] ability: Grassy Surge|[of] p1a: Rillaboom
|-enditem|p1b: Espathra|Grassy Seed
|-boost|p1b: Espathra|def|1|[from] item: Grassy Seed
|move|p1b: Espathra|Protect|p1b: Espathra
|-singleturn|p1b: Espathra|Protect
|move|p2b: Olive You|Hyper Voice|p1a: Rillaboom|[spread] p1a
|-activate|p1b: Espathra|move: Protect
|-damage|p1a: Rillaboom|59/100
|move|p2a: Bear with me|Earthquake|p1b: Espathra|[spread] p2b,p1a
|-activate|p1b: Espathra|move: Protect
|-resisted|p2b: Olive You
|-resisted|p1a: Rillaboom
|-damage|p2b: Olive You|84/100
|-damage|p1a: Rillaboom|43/100
|
|-heal|p2b: Olive You|90/100|[from] Grassy Terrain
|-heal|p1a: Rillaboom|49/100|[from] Grassy Terrain
|-damage|p2a: Bear with me|95/100 brn|[from] brn
|-ability|p1b: Espathra|Speed Boost|boost
|-boost|p1b: Espathra|spe|1
|upkeep
|turn|5
|inactive|Alecat has 30 seconds left.
|
|t:|1757770061
|-terastallize|p2a: Bear with me|Ghost
|move|p2b: Olive You|Hyper Voice|p1b: Espathra|[spread] p1a,p1b
|-damage|p1a: Rillaboom|4/100
|-damage|p1b: Espathra|63/100
|move|p2a: Bear with me|Facade|p1b: Espathra
|-damage|p1b: Espathra|0 fnt
|faint|p1b: Espathra
|move|p1a: Rillaboom|Wood Hammer|p2a: Bear with me
|-damage|p2a: Bear with me|40/100 brn
|-damage|p1a: Rillaboom|0 fnt|[from] Recoil
|faint|p1a: Rillaboom
|
|-heal|p2b: Olive You|96/100|[from] Grassy Terrain
|-heal|p2a: Bear with me|46/100 brn|[from] Grassy Terrain
|-damage|p2a: Bear with me|40/100 brn|[from] brn
|upkeep
|
|t:|1757770076
|switch|p1a: Magmar|Magmar, L50, M|100/100
|switch|p1b: Kingambit|Kingambit, L50, M|100/100
|turn|6
|
|t:|1757770088
|move|p1b: Kingambit|Sucker Punch|p2a: Bear with me
|-supereffective|p2a: Bear with me
|-damage|p2a: Bear with me|0 fnt
|faint|p2a: Bear with me
|move|p2b: Olive You|Hyper Voice|p1a: Magmar|[spread] p1a,p1b
|-resisted|p1b: Kingambit
|-damage|p1a: Magmar|56/100
|-damage|p1b: Kingambit|75/100
|move|p1a: Magmar|Heat Wave|p2b: Olive You
|-supereffective|p2b: Olive You
|-damage|p2b: Olive You|30/100
|
|-heal|p2b: Olive You|36/100|[from] Grassy Terrain
|-heal|p1b: Kingambit|81/100|[from] Grassy Terrain
|-heal|p1a: Magmar|62/100|[from] Grassy Terrain
|-fieldend|move: Trick Room
|upkeep
|
|t:|1757770102
|switch|p2a: Undying Duck|Porygon2, L50, shiny|100/100
|-ability|p2a: Undying Duck|Vital Spirit|Trace|[from] ability: Trace|[of] p1a: Magmar
|turn|7
|
|t:|1757770124
|move|p1a: Magmar|Follow Me|p1a: Magmar
|-singleturn|p1a: Magmar|move: Follow Me
|move|p1b: Kingambit|Sucker Punch|p2b: Olive You
|-damage|p2b: Olive You|0 fnt
|faint|p2b: Olive You
|move|p2a: Undying Duck|Tera Blast|p1a: Magmar
|-damage|p1a: Magmar|41/100
|
|-heal|p1a: Magmar|46/100|[from] Grassy Terrain
|-heal|p1b: Kingambit|86/100|[from] Grassy Terrain
|upkeep
|
|t:|1757770131
|switch|p2b: Pest|Amoonguss, L50, M|93/100
|turn|8
|
|t:|1757770138
|move|p1a: Magmar|Heat Wave|p2b: Pest|[spread] p2a,p2b
|-supereffective|p2b: Pest
|-damage|p2a: Undying Duck|87/100
|-damage|p2b: Pest|55/100
|move|p1b: Kingambit|Swords Dance|p1b: Kingambit
|-boost|p1b: Kingambit|atk|2
|move|p2a: Undying Duck|Tera Blast|p1a: Magmar
|-damage|p1a: Magmar|22/100
|move|p2b: Pest|Foul Play|p1a: Magmar
|-damage|p1a: Magmar|3/100
|
|-heal|p1a: Magmar|9/100|[from] Grassy Terrain
|-heal|p1b: Kingambit|92/100|[from] Grassy Terrain
|-heal|p2a: Undying Duck|93/100|[from] Grassy Terrain
|-heal|p2b: Pest|61/100|[from] Grassy Terrain
|-fieldend|move: Grassy Terrain
|upkeep
|turn|9
|
|t:|1757770159
|move|p2b: Pest|Protect|p2b: Pest
|-singleturn|p2b: Pest|Protect
|move|p1a: Magmar|Heat Wave|p2a: Undying Duck|[spread] p2a
|-activate|p2b: Pest|move: Protect
|-damage|p2a: Undying Duck|79/100
|-status|p2a: Undying Duck|brn
|move|p1b: Kingambit|Kowtow Cleave|p2b: Pest
|-activate|p2b: Pest|move: Protect
|move|p2a: Undying Duck|Tera Blast|p1a: Magmar
|-damage|p1a: Magmar|0 fnt
|faint|p1a: Magmar
|
|-damage|p2a: Undying Duck|73/100 brn|[from] brn
|upkeep
|turn|10
|inactive|Wikdchikn has 30 seconds left.
|
|t:|1757770186
|move|p2b: Pest|Protect||[still]
|-fail|p2b: Pest
|move|p1b: Kingambit|Kowtow Cleave|p2b: Pest
|-damage|p2b: Pest|0 fnt
|-damage|p1b: Kingambit|76/100|[from] item: Rocky Helmet|[of] p2b: Pest
|faint|p2b: Pest
|move|p2a: Undying Duck|Trick Room|p2a: Undying Duck
|-fieldstart|move: Trick Room|[of] p2a: Undying Duck
|
|-damage|p2a: Undying Duck|68/100 brn|[from] brn
|upkeep
|turn|11
|
|t:|1757770197
|move|p2a: Undying Duck|Tera Blast|p1b: Kingambit
|-resisted|p1b: Kingambit
|-damage|p1b: Kingambit|62/100
|move|p1b: Kingambit|Kowtow Cleave|p2a: Undying Duck
|-damage|p2a: Undying Duck|9/100 brn
|
|-damage|p2a: Undying Duck|4/100 brn|[from] brn
|upkeep
|turn|12
|-message|Wikdchikn forfeited.
|
|win|Alecat
|l|☆Wikdchikn
|player|p2|
||Wikdchikn is ready for game 2.
||Alecat is ready for game 2.
|uhtml|next|Next: Game 2 of 3
