|j|☆SORES
|j|☆SeeYouInSf
|html|SORESSeeYouInSf    
|uhtml|bestof|Game 1 of a best-of-3
|t:|1756406209
|gametype|doubles
|player|p1|SORES|veteran|1146
|player|p2|SeeYouInSf|unknown|1218
|gen|9
|tier|[Gen 9] VGC 2025 Reg H (Bo3)
|rated|
|rule|Species Clause: Limit one of each Pokémon
|rule|Item Clause: Limit 1 of each item
|clearpoke
|poke|p1|Grimmsnarl, L50, M|
|poke|p1|Annihilape, L50, M|
|poke|p1|Rillaboom, L50, M|
|poke|p1|Maushold-Four, L50|
|poke|p1|Archaludon, L50, F|
|poke|p1|Pelipper, L50, F|
|poke|p2|Amoonguss, L50, F|
|poke|p2|Gholdengo, L50|
|poke|p2|Porygon2, L50|
|poke|p2|Incineroar, L50, M|
|poke|p2|Ursaluna, L50, M|
|poke|p2|Tyranitar, L50, M|
|teampreview|4
|showteam|p1|Grimmsnarl||CovertCloak|Prankster|PartingShot,Taunt,ThunderWave,SpiritBreak|||M|||50|,,,,,Steel]Annihilape||Leftovers|Defiant|DrainPunch,RageFist,BulkUp,Protect|||M|||50|,,,,,Water]Rillaboom||LoadedDice|GrassySurge|FakeOut,GrassyGlide,BulletSeed,HighHorsepower|||M|||50|,,,,,Fire]Maushold-Four||WideLens|FriendGuard|FollowMe,PopulationBomb,BeatUp,Protect||||||50|,,,,,Ghost]Archaludon||AssaultVest|Stamina|ElectroShot,FlashCannon,BodyPress,Snarl|||F|||50|,,,,,Bug]Pelipper||FocusSash|Drizzle|Hurricane,WeatherBall,Tailwind,Protect|||F|||50|,,,,,Stellar
|showteam|p2|Amoonguss||RockyHelmet|Regenerator|Spore,RagePowder,PollenPuff,Protect|||F|||50|,,,,,Water]Gholdengo||LifeOrb|GoodasGold|MakeItRain,ShadowBall,NastyPlot,Protect||||||50|,,,,,Dragon]Porygon2||Eviolite|Download|TeraBlast,TrickRoom,Recover,IceBeam||||||50|,,,,,Fighting]Incineroar||SafetyGoggles|Intimidate|PartingShot,KnockOff,FlareBlitz,FakeOut|||M|||50|,,,,,Ghost]Ursaluna||FlameOrb|Guts|Facade,HeadlongRush,Substitute,Protect|||M|||50|,,,,,Ghost]Tyranitar||AssaultVest|SandStream|LowKick,TeraBlast,RockSlide,KnockOff|||M|||50|,,,,,Fairy
|inactive|Battle timer is ON: inactive players will automatically lose when time's up. (requested by SeeYouInSf)
|inactive|SORES has 60 seconds left.
|inactive|SeeYouInSf has 60 seconds left.
|
|t:|1756406260
|teamsize|p1|4
|teamsize|p2|4
|start
|switch|p1a: Grimmsnarl|Grimmsnarl, L50, M|100/100
|switch|p1b: Maushold|Maushold-Four, L50|100/100
|switch|p2a: Amoonguss|Amoonguss, L50, F|100/100
|switch|p2b: Porygon2|Porygon2, L50|100/100
|-ability|p2b: Porygon2|Download|boost
|-boost|p2b: Porygon2|atk|1
|turn|1
|inactive|SORES has 30 seconds left.
|inactive|SORES has 20 seconds left.
|inactive|SORES has 15 seconds left.
|inactive|SORES has 10 seconds left.
|
|t:|1756406307
|move|p1b: Maushold|Protect|p1b: Maushold
|-singleturn|p1b: Maushold|Protect
|move|p2a: Amoonguss|Rage Powder|p2a: Amoonguss
|-singleturn|p2a: Amoonguss|move: Rage Powder
|move|p1a: Grimmsnarl|Taunt|p2a: Amoonguss
|-start|p2a: Amoonguss|move: Taunt
|move|p2b: Porygon2|Trick Room|p2b: Porygon2
|-fieldstart|move: Trick Room|[of] p2b: Porygon2
|
|upkeep
|turn|2
|inactive|SeeYouInSf has 30 seconds left.
|
|t:|1756406337
|switch|p2a: Ursaluna|Ursaluna, L50, M|100/100
|-terastallize|p2b: Porygon2|Fighting
|-terastallize|p1b: Maushold|Ghost
|move|p2b: Porygon2|Tera Blast|p1b: Maushold|[anim] Tera Blast Fighting
|-immune|p1b: Maushold
|move|p1a: Grimmsnarl|Spirit Break|p2b: Porygon2
|-supereffective|p2b: Porygon2
|-damage|p2b: Porygon2|62/100
|-unboost|p2b: Porygon2|spa|1
|move|p1b: Maushold|Population Bomb|p2b: Porygon2
|-damage|p2b: Porygon2|57/100
|-damage|p2b: Porygon2|50/100
|-damage|p2b: Porygon2|45/100
|-damage|p2b: Porygon2|40/100
|-damage|p2b: Porygon2|35/100
|-damage|p2b: Porygon2|30/100
|-damage|p2b: Porygon2|24/100
|-damage|p2b: Porygon2|20/100
|-damage|p2b: Porygon2|15/100
|-damage|p2b: Porygon2|9/100
|-hitcount|p2b: Porygon2|10
|
|-status|p2a: Ursaluna|brn|[from] item: Flame Orb
|upkeep
|turn|3
|inactive|SORES has 30 seconds left.
|
|t:|1756406371
|move|p1a: Grimmsnarl|Parting Shot|p2a: Ursaluna
|-unboost|p2a: Ursaluna|atk|1
|-unboost|p2a: Ursaluna|spa|1
|
|t:|1756406373
|switch|p1a: Archaludon|Archaludon, L50, F|100/100|[from] Parting Shot
|move|p2b: Porygon2|Recover|p2b: Porygon2
|-heal|p2b: Porygon2|59/100
|move|p2a: Ursaluna|Headlong Rush|p1b: Maushold
|-damage|p1b: Maushold|0 fnt
|-unboost|p2a: Ursaluna|def|1
|-unboost|p2a: Ursaluna|spd|1
|faint|p1b: Maushold
|
|-damage|p2a: Ursaluna|95/100 brn|[from] brn
|upkeep
|
|t:|1756406388
|switch|p1b: Grimmsnarl|Grimmsnarl, L50, M|100/100
|turn|4
|
|t:|1756406406
|move|p1b: Grimmsnarl|Parting Shot|p2a: Ursaluna
|-unboost|p2a: Ursaluna|atk|1
|-unboost|p2a: Ursaluna|spa|1
|
|t:|1756406408
|switch|p1b: Pelipper|Pelipper, L50, F|100/100|[from] Parting Shot
|-weather|RainDance|[from] ability: Drizzle|[of] p1b: Pelipper
|move|p2b: Porygon2|Tera Blast|p1a: Archaludon|[anim] Tera Blast Fighting
|-supereffective|p1a: Archaludon
|-damage|p1a: Archaludon|45/100
|-ability|p1a: Archaludon|Stamina|boost
|-boost|p1a: Archaludon|def|1
|move|p2a: Ursaluna|Headlong Rush|p1a: Archaludon
|-supereffective|p1a: Archaludon
|-damage|p1a: Archaludon|0 fnt
|-unboost|p2a: Ursaluna|def|1
|-unboost|p2a: Ursaluna|spd|1
|faint|p1a: Archaludon
|
|-weather|RainDance|[upkeep]
|-damage|p2a: Ursaluna|89/100 brn|[from] brn
|upkeep
|
|t:|1756406420
|switch|p1a: Grimmsnarl|Grimmsnarl, L50, M|100/100
|turn|5
|
|t:|1756406426
|switch|p2a: Tyranitar|Tyranitar, L50, M|100/100
|-weather|Sandstorm|[from] ability: Sand Stream|[of] p2a: Tyranitar
|move|p1b: Pelipper|Protect|p1b: Pelipper
|-singleturn|p1b: Pelipper|Protect
|move|p2b: Porygon2|Tera Blast|p1a: Grimmsnarl|[anim] Tera Blast Fighting
|-damage|p1a: Grimmsnarl|63/100
|move|p1a: Grimmsnarl|Spirit Break|p2b: Porygon2
|-supereffective|p2b: Porygon2
|-damage|p2b: Porygon2|19/100
|-unboost|p2b: Porygon2|spa|1
|
|-weather|Sandstorm|[upkeep]
|-damage|p2b: Porygon2|12/100|[from] Sandstorm
|-damage|p1a: Grimmsnarl|57/100|[from] Sandstorm
|-damage|p1b: Pelipper|95/100|[from] Sandstorm
|-fieldend|move: Trick Room
|upkeep
|turn|6
|
|t:|1756406447
|move|p1b: Pelipper|Hurricane|p2b: Porygon2
|-supereffective|p2b: Porygon2
|-damage|p2b: Porygon2|0 fnt
|faint|p2b: Porygon2
|move|p1a: Grimmsnarl|Spirit Break|p2a: Tyranitar
|-supereffective|p2a: Tyranitar
|-damage|p2a: Tyranitar|54/100
|-unboost|p2a: Tyranitar|spa|1
|move|p2a: Tyranitar|Rock Slide|p1a: Grimmsnarl|[spread] p1b
|-miss|p2a: Tyranitar|p1a: Grimmsnarl
|-supereffective|p1b: Pelipper
|-damage|p1b: Pelipper|20/100
|
|-weather|Sandstorm|[upkeep]
|-damage|p1b: Pelipper|14/100|[from] Sandstorm
|-damage|p1a: Grimmsnarl|51/100|[from] Sandstorm
|upkeep
|-message|SORES forfeited.
|
|win|SeeYouInSf
||SeeYouInSf is ready for game 2.
||SORES is ready for game 2.
|uhtml|next|Next: Game 2 of 3
|l|☆SORES
|player|p1|
