|j|☆defaulttesting
|j|☆Pranag140
|html|defaulttestingPranag140    
|uhtml|bestof|Game 1 of a best-of-3
|t:|1757228061
|gametype|doubles
|player|p1|defaulttesting|plasmagrunt-gen5bw|1133
|player|p2|Pranag140|101|1196
|gen|9
|tier|[Gen 9] VGC 2025 Reg H (Bo3)
|rated|
|rule|Species Clause: Limit one of each Pokémon
|rule|Item Clause: Limit 1 of each item
|clearpoke
|poke|p1|Talonflame, L50, M|
|poke|p1|Hitmontop, L50, M|
|poke|p1|Primarina, L50, M|
|poke|p1|Tyranitar, L50, M|
|poke|p1|Amoonguss, L50, F|
|poke|p1|Garchomp, L50, F|
|poke|p2|Archaludon, L50, M|
|poke|p2|Kingdra, L50, F|
|poke|p2|Politoed, L50, F|
|poke|p2|Gothitelle, L50, M|
|poke|p2|Amoonguss, L50, F|
|poke|p2|Incineroar, L50, M|
|teampreview|4
|showteam|p1|Talonflame||SafetyGoggles|GaleWings|FlareBlitz,BraveBird,Tailwind,Protect|||M|||50|,,,,,Ghost]Hitmontop||EjectButton|Intimidate|CloseCombat,WideGuard,FakeOut,Feint|||M|||50|,,,,,Steel]Primarina||ThroatSpray|LiquidVoice|HyperVoice,Moonblast,IcyWind,Protect|||M|||50|,,,,,Poison]Tyranitar||ClearAmulet|SandStream|RockSlide,TeraBlast,KnockOff,Protect|||M|||50|,,,,,Flying]Amoonguss||RockyHelmet|Regenerator|RagePowder,PollenPuff,Spore,Protect|||F|||50|,,,,,Fire]Garchomp||LifeOrb|SandVeil|StompingTantrum,DragonClaw,Earthquake,Protect|||F|||50|,,,,,Ground
|showteam|p2|Archaludon||PowerHerb|Sturdy|Protect,ElectroShot,FlashCannon,DragonPulse|||M|||50|,,,,,Electric]Kingdra||LifeOrb|SwiftSwim|Protect,DracoMeteor,WeatherBall,MuddyWater|||F|||50|,,,,,Stellar]Politoed||Leftovers|Drizzle|Protect,WeatherBall,PerishSong,Encore|||F|||50|,,,,,Grass]Gothitelle||SitrusBerry|ShadowTag|FakeOut,Protect,Psychic,TrickRoom|||M|||50|,,,,,Dark]Amoonguss||EjectButton|Regenerator|Protect,Spore,RagePowder,PollenPuff|||F|||50|,,,,,Fairy]Incineroar||SafetyGoggles|Intimidate|FakeOut,KnockOff,PartingShot,Protect|||M|||50|,,,,,Ghost
|inactive|Battle timer is ON: inactive players will automatically lose when time's up. (requested by defaulttesting)
|inactive|defaulttesting has 60 seconds left.
|inactive|Pranag140 has 60 seconds left.
|
|t:|1757228117
|teamsize|p1|4
|teamsize|p2|4
|start
|switch|p1a: Garchomp|Garchomp, L50, F|100/100
|switch|p1b: Hitmontop|Hitmontop, L50, M|100/100
|switch|p2a: Politoed|Politoed, L50, F|100/100
|switch|p2b: Incineroar|Incineroar, L50, M|100/100
|-weather|RainDance|[from] ability: Drizzle|[of] p2a: Politoed
|-ability|p1b: Hitmontop|Intimidate|boost
|-unboost|p2a: Politoed|atk|1
|-unboost|p2b: Incineroar|atk|1
|-ability|p2b: Incineroar|Intimidate|boost
|-unboost|p1a: Garchomp|atk|1
|-unboost|p1b: Hitmontop|atk|1
|turn|1
|inactive|Pranag140 has 30 seconds left.
|inactive|defaulttesting has 30 seconds left.
|inactive|defaulttesting has 20 seconds left.
|inactive|defaulttesting has 15 seconds left.
|
|t:|1757228168
|move|p2a: Politoed|Protect|p2a: Politoed
|-singleturn|p2a: Politoed|Protect
|move|p1b: Hitmontop|Fake Out|p2b: Incineroar
|-crit|p2b: Incineroar
|-damage|p2b: Incineroar|89/100
|move|p1a: Garchomp|Stomping Tantrum|p2a: Politoed
|-activate|p2a: Politoed|move: Protect
|cant|p2b: Incineroar|flinch
|
|-weather|RainDance|[upkeep]
|upkeep
|turn|2
|inactive|defaulttesting has 30 seconds left.
|inactive|defaulttesting has 20 seconds left.
|inactive|defaulttesting has 15 seconds left.
|inactive|defaulttesting has 10 seconds left.
|inactive|defaulttesting has 5 seconds left.
|
|t:|1757228220
|switch|p2b: Gothitelle|Gothitelle, L50, M|100/100
|-terastallize|p2a: Politoed|Grass
|move|p1a: Garchomp|Stomping Tantrum|p2a: Politoed
|-resisted|p2a: Politoed
|-damage|p2a: Politoed|83/100
|-damage|p1a: Garchomp|91/100|[from] item: Life Orb
|move|p2a: Politoed|Perish Song|p2a: Politoed
|-start|p1a: Garchomp|perish3|[silent]
|-start|p1b: Hitmontop|perish3|[silent]
|-start|p2a: Politoed|perish3|[silent]
|-start|p2b: Gothitelle|perish3|[silent]
|-fieldactivate|move: Perish Song
|move|p1b: Hitmontop|Close Combat|p2a: Politoed
|-damage|p2a: Politoed|55/100
|-unboost|p1b: Hitmontop|def|1
|-unboost|p1b: Hitmontop|spd|1
|
|-weather|RainDance|[upkeep]
|-heal|p2a: Politoed|61/100|[from] item: Leftovers
|-start|p1a: Garchomp|perish3
|-start|p2a: Politoed|perish3
|-start|p1b: Hitmontop|perish3
|-start|p2b: Gothitelle|perish3
|upkeep
|turn|3
|
|t:|1757228244
|switch|p2a: Incineroar|Incineroar, L50, M|89/100
|-ability|p2a: Incineroar|Intimidate|boost
|-unboost|p1a: Garchomp|atk|1
|-unboost|p1b: Hitmontop|atk|1
|move|p2b: Gothitelle|Fake Out|p1a: Garchomp
|-damage|p1a: Garchomp|84/100
|cant|p1a: Garchomp|flinch
|move|p1b: Hitmontop|Close Combat|p2a: Incineroar
|-supereffective|p2a: Incineroar
|-damage|p2a: Incineroar|52/100
|-unboost|p1b: Hitmontop|def|1
|-unboost|p1b: Hitmontop|spd|1
|
|-weather|RainDance|[upkeep]
|-start|p1a: Garchomp|perish2
|-start|p1b: Hitmontop|perish2
|-start|p2b: Gothitelle|perish2
|upkeep
|turn|4
|inactive|Pranag140 has 30 seconds left.
|
|t:|1757228277
|switch|p2b: Politoed|Politoed, L50, F, tera:Grass|61/100
|move|p1a: Garchomp|Stomping Tantrum|p2b: Politoed
|-resisted|p2b: Politoed
|-damage|p2b: Politoed|33/100
|-damage|p1a: Garchomp|74/100|[from] item: Life Orb
|move|p1b: Hitmontop|Close Combat|p2a: Incineroar
|-supereffective|p2a: Incineroar
|-damage|p2a: Incineroar|19/100
|-unboost|p1b: Hitmontop|def|1
|-unboost|p1b: Hitmontop|spd|1
|move|p2a: Incineroar|Parting Shot|p1a: Garchomp
|-unboost|p1a: Garchomp|atk|1
|-unboost|p1a: Garchomp|spa|1
|
|t:|1757228290
|switch|p2a: Gothitelle|Gothitelle, L50, M|100/100|[from] Parting Shot
|
|-weather|RainDance|[upkeep]
|-heal|p2b: Politoed|40/100|[from] item: Leftovers
|-start|p1a: Garchomp|perish1
|-start|p1b: Hitmontop|perish1
|upkeep
|turn|5
|inactive|defaulttesting has 30 seconds left.
|
|t:|1757228320
|move|p2b: Politoed|Protect|p2b: Politoed
|-singleturn|p2b: Politoed|Protect
|move|p2a: Gothitelle|Fake Out|p1a: Garchomp
|-damage|p1a: Garchomp|68/100
|move|p1b: Hitmontop|Feint|p2a: Gothitelle
|-damage|p2a: Gothitelle|97/100
|cant|p1a: Garchomp|flinch
|
|-weather|none
|-heal|p2b: Politoed|46/100|[from] item: Leftovers
|-start|p1a: Garchomp|perish0
|-start|p1b: Hitmontop|perish0
|faint|p1a: Garchomp
|faint|p1b: Hitmontop
|upkeep
|
|t:|1757228326
|switch|p1a: Tyranitar|Tyranitar, L50, M|100/100
|switch|p1b: Primarina|Primarina, L50, M|100/100
|-weather|Sandstorm|[from] ability: Sand Stream|[of] p1a: Tyranitar
|turn|6
|inactive|Pranag140 has 30 seconds left.
|
|t:|1757228353
|switch|p2b: Amoonguss|Amoonguss, L50, F|100/100
|move|p2a: Gothitelle|Protect|p2a: Gothitelle
|-singleturn|p2a: Gothitelle|Protect
|move|p1a: Tyranitar|Rock Slide|p2a: Gothitelle|[spread] p2b
|-activate|p2a: Gothitelle|move: Protect
|-damage|p2b: Amoonguss|77/100
|-enditem|p2b: Amoonguss|Eject Button
|
|t:|1757228362
|switch|p2b: Politoed|Politoed, L50, F, tera:Grass|46/100
|-weather|RainDance|[from] ability: Drizzle|[of] p2b: Politoed
|move|p1b: Primarina|Hyper Voice|p2a: Gothitelle|[spread] p2b
|-activate|p2a: Gothitelle|move: Protect
|-resisted|p2b: Politoed
|-damage|p2b: Politoed|28/100
|-enditem|p1b: Primarina|Throat Spray
|-boost|p1b: Primarina|spa|1|[from] item: Throat Spray
|
|-weather|RainDance|[upkeep]
|-heal|p2b: Politoed|35/100|[from] item: Leftovers
|upkeep
|turn|7
|
|t:|1757228383
|switch|p2a: Incineroar|Incineroar, L50, M|19/100
|-ability|p2a: Incineroar|Intimidate|boost
|-fail|p1a: Tyranitar|unboost|[from] item: Clear Amulet|[of] p1a: Tyranitar
|-unboost|p1b: Primarina|atk|1
|move|p2b: Politoed|Protect|p2b: Politoed
|-singleturn|p2b: Politoed|Protect
|move|p1a: Tyranitar|Rock Slide|p2a: Incineroar|[spread] p2a
|-activate|p2b: Politoed|move: Protect
|-supereffective|p2a: Incineroar
|-damage|p2a: Incineroar|0 fnt
|faint|p2a: Incineroar
|move|p1b: Primarina|Hyper Voice|p2b: Politoed
|-activate|p2b: Politoed|move: Protect
|
|-weather|RainDance|[upkeep]
|-heal|p2b: Politoed|41/100|[from] item: Leftovers
|upkeep
|
|t:|1757228398
|switch|p2a: Gothitelle|Gothitelle, L50, M|97/100
|turn|8
|
|t:|1757228413
|-terastallize|p1a: Tyranitar|Flying
|move|p2a: Gothitelle|Fake Out|p1a: Tyranitar
|-damage|p1a: Tyranitar|95/100
|move|p2b: Politoed|Perish Song|p2b: Politoed
|-start|p1a: Tyranitar|perish3|[silent]
|-start|p1b: Primarina|perish3|[silent]
|-start|p2a: Gothitelle|perish3|[silent]
|-start|p2b: Politoed|perish3|[silent]
|-fieldactivate|move: Perish Song
|cant|p1a: Tyranitar|flinch
|move|p1b: Primarina|Moonblast|p2b: Politoed
|-damage|p2b: Politoed|0 fnt
|faint|p2b: Politoed
|
|-weather|RainDance|[upkeep]
|-start|p1a: Tyranitar|perish3
|-start|p1b: Primarina|perish3
|-start|p2a: Gothitelle|perish3
|upkeep
|
|t:|1757228427
|switch|p2b: Amoonguss|Amoonguss, L50, F|100/100
|turn|9
|
|t:|1757228434
|move|p2a: Gothitelle|Protect|p2a: Gothitelle
|-singleturn|p2a: Gothitelle|Protect
|move|p2b: Amoonguss|Protect|p2b: Amoonguss
|-singleturn|p2b: Amoonguss|Protect
|move|p1a: Tyranitar|Tera Blast|p2b: Amoonguss|[anim] Tera Blast Flying
|-activate|p2b: Amoonguss|move: Protect
|move|p1b: Primarina|Hyper Voice|p2a: Gothitelle|[spread] 
|-activate|p2a: Gothitelle|move: Protect
|-activate|p2b: Amoonguss|move: Protect
|
|-weather|RainDance|[upkeep]
|-start|p1a: Tyranitar|perish2
|-start|p1b: Primarina|perish2
|-start|p2a: Gothitelle|perish2
|upkeep
|turn|10
|inactive|Pranag140 has 30 seconds left.
|
|t:|1757228463
|move|p1a: Tyranitar|Tera Blast|p2b: Amoonguss|[anim] Tera Blast Flying
|-supereffective|p2b: Amoonguss
|-damage|p2b: Amoonguss|34/100
|move|p1b: Primarina|Hyper Voice|p2a: Gothitelle|[spread] p2a,p2b
|-resisted|p2b: Amoonguss
|-damage|p2a: Gothitelle|39/100
|-damage|p2b: Amoonguss|0 fnt
|-enditem|p2a: Gothitelle|Sitrus Berry|[eat]
|-heal|p2a: Gothitelle|64/100|[from] item: Sitrus Berry
|faint|p2b: Amoonguss
|move|p2a: Gothitelle|Psychic|p1b: Primarina
|-damage|p1b: Primarina|75/100
|
|-weather|none
|-start|p1a: Tyranitar|perish1
|-start|p1b: Primarina|perish1
|-start|p2a: Gothitelle|perish1
|upkeep
|turn|11
|
|t:|1757228478
|move|p2a: Gothitelle|Protect|p2a: Gothitelle
|-singleturn|p2a: Gothitelle|Protect
|move|p1a: Tyranitar|Knock Off|p2a: Gothitelle
|-activate|p2a: Gothitelle|move: Protect
|move|p1b: Primarina|Hyper Voice|p2a: Gothitelle
|-activate|p2a: Gothitelle|move: Protect
|
|-start|p1a: Tyranitar|perish0
|-start|p1b: Primarina|perish0
|-start|p2a: Gothitelle|perish0
|faint|p1a: Tyranitar
|faint|p1b: Primarina
|faint|p2a: Gothitelle
|
|win|Pranag140
||Pranag140 is ready for game 2.
|inactive|defaulttesting has 30 seconds to confirm battle start!
||defaulttesting is ready for game 2.
|uhtml|next|Next: Game 2 of 3
