|j|â˜†im rune not rine
|j|â˜†ghostofphantasm
|html|im rune not rineghostofphantasm    
|uhtml|bestof|Game 2 of a best-of-3
|t:|1784158152
|gametype|doubles
|player|p1|im rune not rine|170|
|player|p2|ghostofphantasm|lady-gen4|
|gen|9
|tier|[Gen 9 Champions] VGC 2026 Reg M-B (Bo3)
|rule|Species Clause: Limit one of each PokÃ©mon
|rule|Item Clause: Limit 1 of each item
|clearpoke
|poke|p1|Pelipper, L50, M|
|poke|p1|Azumarill, L50, M, shiny|
|poke|p1|Archaludon, L50, M, shiny|
|poke|p1|Dragonite, L50, F|
|poke|p1|Raichu, L50, M|
|poke|p1|Incineroar, L50, M|
|poke|p2|Floette-Eternal, L50, F|
|poke|p2|Meowstic-F, L50, F, shiny|
|poke|p2|Gengar, L50, M, shiny|
|poke|p2|Roserade, L50, M|
|poke|p2|Castform, L50, F, shiny|
|poke|p2|Rotom-Fan, L50|
|teampreview|4
|showteam|p1|Pelipper||DampRock|Drizzle|Hurricane,Uturn,RainDance,Tailwind|Bold||M|||50|]Azumarill||LifeOrb|HugePower|AquaJet,PlayRough,Encore,IceSpinner|Adamant||M|||50|]Archaludon||QuickClaw|Stamina|AuraSphere,DracoMeteor,ElectroShot,Protect|Timid||M|||50|]Dragonite||Dragoninite|Multiscale|DracoMeteor,ExtremeSpeed,IceBeam,WeatherBall|Quiet||F|||50|]Raichu||RaichuniteY|LightningRod|Encore,FakeOut,ZapCannon,FocusBlast|Modest||M|||50|]Incineroar||Leftovers|Intimidate|CloseCombat,DarkestLariat,FakeOut,PartingShot|Impish||M|||50|
|showteam|p2|Floette-Eternal||Floettite|FlowerVeil|Protect,Substitute,Synthesis,Wish|Bold||F|||50|]Meowstic-F||Meowsticite|KeenEye|Gravity,LightScreen,Reflect,SleepTalk|Naive||F|||50|]Gengar||Gengarite|CursedBody|Spite,SunnyDay,SelfDestruct,CorrosiveGas|Modest||M|||50|]Roserade||FocusSash|PoisonPoint|Rest,SleepTalk,Snore,SleepPowder|Naughty||M|||50|]Castform||HabanBerry|Forecast|SunnyDay,RainDance,Snowscape,GuardSwap|Timid||F|||50|]Rotom-Fan||ChoiceScarf|Levitate|NastyPlot,Trick,ThunderWave,Charge|Modest|||||50|
|c|â˜†im rune not rine|glhf!!!
|
|t:|1784158181
|teamsize|p1|4
|teamsize|p2|4
|start
|switch|p1a: plskeeprain|Pelipper, L50, M|100/100
|switch|p1b: CIaydol|Incineroar, L50, M|100/100
|switch|p2a: harharhar|Meowstic-F, L50, F, shiny|100/100
|switch|p2b: im gonna kill you|Rotom-Fan, L50|100/100
|-weather|RainDance|[from] ability: Drizzle|[of] p1a: plskeeprain
|-ability|p1b: CIaydol|Intimidate|boost
|-unboost|p2a: harharhar|atk|1
|-unboost|p2b: im gonna kill you|atk|1
|turn|1
|
|t:|1784158197
|detailschange|p2a: harharhar|Meowstic-F-Mega, L50, F, shiny
|-mega|p2a: harharhar|Meowstic|Meowsticite
|-ability|p2a: harharhar|Drizzle|Trace|[from] ability: Trace|[of] p1a: plskeeprain
|move|p1b: CIaydol|Fake Out|p2b: im gonna kill you
|-damage|p2b: im gonna kill you|84/100
|cant|p2b: im gonna kill you|flinch
|move|p2a: harharhar|Reflect|p2a: harharhar
|-sidestart|p2: ghostofphantasm|Reflect
|move|p1a: plskeeprain|Tailwind|p1a: plskeeprain
|-sidestart|p1: im rune not rine|move: Tailwind
|
|-weather|RainDance|[upkeep]
|upkeep
|turn|2
|
|t:|1784158216
|move|p2b: im gonna kill you|Trick|p1b: CIaydol
|-activate|p2b: im gonna kill you|move: Trick|[of] p1b: CIaydol
|-item|p1b: CIaydol|Choice Scarf|[from] move: Trick
|-item|p2b: im gonna kill you|Leftovers|[from] move: Trick
|move|p1b: CIaydol|Parting Shot|p2b: im gonna kill you
|-unboost|p2b: im gonna kill you|atk|1
|-unboost|p2b: im gonna kill you|spa|1
|
|t:|1784158239
|switch|p1b: Magenton|Dragonite, L50, F|100/100|[from] Parting Shot
|move|p2a: harharhar|Light Screen|p2a: harharhar
|-sidestart|p2: ghostofphantasm|move: Light Screen
|move|p1a: plskeeprain|U-turn|p2a: harharhar
|-supereffective|p2a: harharhar|1
|-damage|p2a: harharhar|85/100
|
|t:|1784158242
|switch|p1a: BaxcaIibur|Archaludon, L50, M, shiny|100/100|[from] U-turn
|
|-weather|RainDance|[upkeep]
|-heal|p2b: im gonna kill you|89/100|[from] item: Leftovers
|upkeep
|turn|3
|c|â˜†ghostofphantasm|idk how trick works with switching did i just make you choice scarf parting shot
|c|â˜†im rune not rine|yeah LMAOO
|c|â˜†ghostofphantasm|lo
|
|t:|1784158276
|switch|p2a: su|Roserade, L50, M|100/100
|detailschange|p1b: Magenton|Dragonite-Mega, L50, F
|-mega|p1b: Magenton|Dragonite|Dragoninite
|move|p1a: BaxcaIibur|Electro Shot||[still]
|-prepare|p1a: BaxcaIibur|Electro Shot
|-boost|p1a: BaxcaIibur|spa|1
|-anim|p1a: BaxcaIibur|Electro Shot|p2b: im gonna kill you
|-damage|p2b: im gonna kill you|33/100
|move|p1b: Magenton|Weather Ball|p2a: su
|-resisted|p2a: su|1
|-damage|p2a: su|77/100
|move|p2b: im gonna kill you|Thunder Wave|p1b: Magenton
|-status|p1b: Magenton|par
|
|-weather|RainDance|[upkeep]
|-heal|p2b: im gonna kill you|39/100|[from] item: Leftovers
|upkeep
|turn|4
|
|t:|1784158300
|move|p1a: BaxcaIibur|Electro Shot||[still]
|-prepare|p1a: BaxcaIibur|Electro Shot
|-boost|p1a: BaxcaIibur|spa|1
|-anim|p1a: BaxcaIibur|Electro Shot|p2b: im gonna kill you
|-damage|p2b: im gonna kill you|0 fnt
|faint|p2b: im gonna kill you
|move|p2a: su|Rest|p2a: su
|-status|p2a: su|slp|[from] move: Rest
|-heal|p2a: su|100/100 slp|[silent]
|move|p1b: Magenton|Ice Beam|p2a: su
|-supereffective|p2a: su|1
|-damage|p2a: su|48/100 slp
|
|-weather|RainDance|[upkeep]
|-sideend|p1: im rune not rine|move: Tailwind
|upkeep
|c|â˜†im rune not rine|su detected
|
|t:|1784158317
|switch|p2b: my trump card|Castform, L50, F, shiny|100/100
|-formechange|p2b: my trump card|Castform-Rainy|[msg]|[from] ability: Forecast
|turn|5
|
|t:|1784158335
|move|p1a: BaxcaIibur|Aura Sphere|p2b: my trump card
|-damage|p2b: my trump card|44/100
|cant|p2a: su|slp
|move|p2a: su|Snore|p1b: Magenton
|-damage|p1b: Magenton|94/100 par
|move|p2b: my trump card|Guard Swap|p1b: Magenton
|-swapboost|p2b: my trump card|p1b: Magenton|def, spd|[from] move: Guard Swap
|move|p1b: Magenton|Weather Ball|p2a: su
|-resisted|p2a: su|1
|-crit|p2a: su
|-damage|p2a: su|0 fnt
|faint|p2a: su
|
|-weather|RainDance|[upkeep]
|-sideend|p2: ghostofphantasm|Reflect
|upkeep
|
|t:|1784158352
|switch|p2a: harharhar|Meowstic-F-Mega, L50, F, shiny|85/100
|-ability|p2a: harharhar|Stamina|Trace|[from] ability: Trace|[of] p1a: BaxcaIibur
|turn|6
|c|â˜†im rune not rine|aw i thought you were gonna sunny day
|c|â˜†ghostofphantasm|im gonan win
|c|â˜†ghostofphantasm|i deadass
|c|â˜†ghostofphantasm|thought guard swap swapped defenses
|c|â˜†ghostofphantasm|not changes to defenses
|
|t:|1784158380
|move|p2a: harharhar|Reflect|p2a: harharhar
|-sidestart|p2: ghostofphantasm|Reflect
|move|p1a: BaxcaIibur|Electro Shot||[still]
|-prepare|p1a: BaxcaIibur|Electro Shot
|-boost|p1a: BaxcaIibur|spa|1
|-anim|p1a: BaxcaIibur|Electro Shot|p2b: my trump card
|-supereffective|p2b: my trump card|1
|-damage|p2b: my trump card|0 fnt
|faint|p2b: my trump card
|move|p1b: Magenton|Draco Meteor|p2a: harharhar
|-damage|p2a: harharhar|23/100
|-unboost|p1b: Magenton|spa|2
|-ability|p2a: harharhar|Stamina|boost
|-boost|p2a: harharhar|def|1
|
|-weather|RainDance|[upkeep]
|-sideend|p2: ghostofphantasm|move: Light Screen
|upkeep
|turn|7
|
|t:|1784158405
|move|p2a: harharhar|Sleep Talk||[still]
|-fail|p2a: harharhar
|move|p1a: BaxcaIibur|Draco Meteor|p2a: harharhar
|-damage|p2a: harharhar|0 fnt
|-unboost|p1a: BaxcaIibur|spa|2
|faint|p2a: harharhar
|
|win|im rune not rine
|c|â˜†im rune not rine|gg bro
|c|â˜†ghostofphantasm|such good teams
|c|â˜†ghostofphantasm|am i right
|c|â˜†im rune not rine|that was fun lmao
|c|â˜†ghostofphantasm|anyway are you posting it or
|c|â˜†ghostofphantasm|am i
