|j|☆malkazar313
|j|☆flooocki
|html|malkazar313flooocki    
|uhtml|bestof|Game 2 of a best-of-3
|t:|1783956633
|gametype|doubles
|player|p1|malkazar313|giovanni|1162
|player|p2|flooocki|ninjaboy|1085
|gen|9
|tier|[Gen 9 Champions] VGC 2026 Reg M-B (Bo3)
|rated|
|rule|Species Clause: Limit one of each Pokémon
|rule|Item Clause: Limit 1 of each item
|clearpoke
|poke|p1|Dragapult, L50, F, shiny|
|poke|p1|Tsareena, L50, F|
|poke|p1|Espathra, L50, M|
|poke|p1|Grimmsnarl, L50, M, shiny|
|poke|p1|Aerodactyl, L50, F|
|poke|p1|Charizard, L50, M|
|poke|p2|Blaziken, L50, M|
|poke|p2|Kingambit, L50, M|
|poke|p2|Gholdengo, L50|
|poke|p2|Clefable, L50, M|
|poke|p2|Grimmsnarl, L50, M|
|poke|p2|Dragonite, L50, M|
|teampreview|4
|showteam|p1|Dragapult||LifeOrb|Infiltrator|DracoMeteor,ShadowBall,PsychicFangs,Protect|Timid||F|||50|]Tsareena||WideLens|QueenlyMajesty|PowerWhip,TripleAxel,HighJumpKick,Taunt|Jolly||F|||50|]Espathra||FocusSash|SpeedBoost|LuminaCrash,SkillSwap,TrickRoom,Protect|Timid||M|||50|]Grimmsnarl||BlackGlasses|Prankster|SuckerPunch,SpiritBreak,FakeOut,PartingShot|Adamant||M|||50|]Aerodactyl||Aerodactylite|Unnerve|Tailwind,DualWingbeat,RockSlide,WideGuard|Jolly||F|||50|]Charizard||CharizarditeY|Blaze|HeatWave,WeatherBall,SolarBeam,Protect|Modest||M|||50|
|showteam|p2|Blaziken||Blazikenite|SpeedBoost|CloseCombat,FlareBlitz,BraveBird,SwordsDance|Adamant||M|||50|]Kingambit||ChopleBerry|Defiant|Protect,LowKick,IronHead,SuckerPunch|Adamant||M|||50|]Gholdengo||ChoiceScarf|GoodasGold|MakeItRain,ShadowBall,Trick,SteelBeam|Timid|||||50|]Clefable||SitrusBerry|Unaware|Encore,IcyWind,Moonblast,FollowMe|Modest||M|||50|]Grimmsnarl||LightClay|Prankster|LightScreen,Reflect,Taunt,SpiritBreak|Careful||M|||50|]Dragonite||YacheBerry|InnerFocus|Tailwind,DracoMeteor,Protect,AquaTail|Bashful||M|||50|
|inactive|Battle timer is ON: inactive players will automatically lose when time's up. (requested by flooocki)
|inactive|malkazar313 has 60 seconds left.
|
|t:|1783956664
|teamsize|p1|4
|teamsize|p2|4
|start
|switch|p1a: Dragapult|Dragapult, L50, F, shiny|100/100
|switch|p1b: Tsareena|Tsareena, L50, F|100/100
|switch|p2a: Gholdengo|Gholdengo, L50|100/100
|switch|p2b: Grimmsnarl|Grimmsnarl, L50, M|100/100
|turn|1
|inactive|flooocki has 30 seconds left.
|
|t:|1783956695
|move|p2b: Grimmsnarl|Light Screen|p2b: Grimmsnarl
|-sidestart|p2: flooocki|move: Light Screen
|move|p2a: Gholdengo|Shadow Ball|p1a: Dragapult
|-supereffective|p1a: Dragapult|1
|-damage|p1a: Dragapult|0 fnt
|faint|p1a: Dragapult
|move|p1b: Tsareena|High Jump Kick|p2b: Grimmsnarl
|-damage|p2b: Grimmsnarl|50/100g
|
|upkeep
|
|t:|1783956706
|switch|p1a: Charizard|Charizard, L50, M|100/100
|turn|2
|
|t:|1783956715
|switch|p1b: Espathra|Espathra, L50, M|100/100
|detailschange|p1a: Charizard|Charizard-Mega-Y, L50, M
|-mega|p1a: Charizard|Charizard|Charizardite Y
|-weather|SunnyDay|[from] ability: Drought|[of] p1a: Charizard
|move|p2b: Grimmsnarl|Reflect|p2b: Grimmsnarl
|-sidestart|p2: flooocki|Reflect
|move|p2a: Gholdengo|Shadow Ball|p1b: Espathra
|-supereffective|p1b: Espathra|1
|-enditem|p1b: Espathra|Focus Sash
|-damage|p1b: Espathra|1/100
|move|p1a: Charizard|Heat Wave|p2a: Gholdengo|[spread] p2a,p2b
|-supereffective|p2a: Gholdengo|1
|-damage|p2a: Gholdengo|0 fnt
|-damage|p2b: Grimmsnarl|14/100
|faint|p2a: Gholdengo
|
|-weather|SunnyDay|[upkeep]
|upkeep
|
|t:|1783956733
|switch|p2a: Kingambit|Kingambit, L50, M|100/100
|turn|3
|
|t:|1783956750
|switch|p2b: Blaziken|Blaziken, L50, M|100/100
|move|p1b: Espathra|Protect|p1b: Espathra
|-singleturn|p1b: Espathra|Protect
|move|p2a: Kingambit|Sucker Punch|p1a: Charizard
|-damage|p1a: Charizard|56/100
|move|p1a: Charizard|Weather Ball|p2b: Blaziken
|-resisted|p2b: Blaziken|1
|-damage|p2b: Blaziken|47/100
|
|-weather|SunnyDay|[upkeep]
|-ability|p1b: Espathra|Speed Boost|boost
|-boost|p1b: Espathra|spe|1
|upkeep
|turn|4
|
|t:|1783956773
|switch|p1a: Tsareena|Tsareena, L50, F|100/100
|detailschange|p2b: Blaziken|Blaziken-Mega, L50, M
|-mega|p2b: Blaziken|Blaziken|Blazikenite
|move|p1b: Espathra|Lumina Crash|p2b: Blaziken
|-supereffective|p2b: Blaziken|1
|-damage|p2b: Blaziken|0 fnt
|faint|p2b: Blaziken
|move|p2a: Kingambit|Low Kick|p1b: Espathra
|-resisted|p1b: Espathra|1
|-damage|p1b: Espathra|0 fnt
|faint|p1b: Espathra
|
|-weather|SunnyDay|[upkeep]
|upkeep
|
|t:|1783956784
|switch|p1b: Charizard|Charizard-Mega-Y, L50, M|56/100
|switch|p2b: Grimmsnarl|Grimmsnarl, L50, M|14/100
|turn|5
|
|t:|1783956799
|move|p2b: Grimmsnarl|Taunt||[still]
|cant|p1a: Tsareena|ability: Queenly Majesty|Taunt|[of] p2b: Grimmsnarl
|move|p2a: Kingambit|Sucker Punch||[still]
|cant|p1a: Tsareena|ability: Queenly Majesty|Sucker Punch|[of] p2a: Kingambit
|move|p1b: Charizard|Heat Wave|p2a: Kingambit|[spread] p2a,p2b
|-supereffective|p2a: Kingambit|1
|-damage|p2a: Kingambit|5/100
|-damage|p2b: Grimmsnarl|0 fnt
|faint|p2b: Grimmsnarl
|move|p1a: Tsareena|High Jump Kick|p2a: Kingambit
|-supereffective|p2a: Kingambit|2
|-enditem|p2a: Kingambit|Chople Berry|[eat]
|-enditem|p2a: Kingambit|Chople Berry|[weaken]
|-damage|p2a: Kingambit|0 fnt
|faint|p2a: Kingambit
|
|win|malkazar313
|raw|malkazar313's rating: 1162 → 1182(+20 for winning)
|raw|flooocki's rating: 1085 → 1067(-18 for losing)
|l|☆flooocki
|player|p2|
|l|☆malkazar313
|player|p1|
