|j|☆juacox300
|j|☆teamthief420
|html|juacox300teamthief420    
|uhtml|bestof|Game 3 of a best-of-3
|t:|1755048076
|gametype|doubles
|player|p1|juacox300|unknown|1268
|player|p2|teamthief420|scientist-gen4dp|1274
|gen|9
|tier|[Gen 9] VGC 2025 Reg H (Bo3)
|rated|
|rule|Species Clause: Limit one of each Pokémon
|rule|Item Clause: Limit 1 of each item
|clearpoke
|poke|p1|Ursaluna, L50, M|
|poke|p1|Murkrow, L50, M|
|poke|p1|Archaludon, L50, M|
|poke|p1|Sneasler, L50, F|
|poke|p1|Indeedee, L50, M|
|poke|p1|Incineroar, L50, M|
|poke|p2|Gholdengo, L50|
|poke|p2|Incineroar, L50, M|
|poke|p2|Ursaluna-Bloodmoon, L50, M|
|poke|p2|Whimsicott, L50, F|
|poke|p2|Porygon2, L50|
|poke|p2|Sneasler, L50, M|
|teampreview|4
|showteam|p1|Ursaluna||FlameOrb|Guts|Facade,Earthquake,Protect,HeadlongRush|||M|||50|,,,,,Ghost]Murkrow||Eviolite|Prankster|BraveBird,RainDance,Tailwind,Haze|||M|||50|,,,,,Grass]Archaludon||PowerHerb|Stamina|FlashCannon,ElectroShot,Protect,DracoMeteor|||M|||50|,,,,,Fairy]Sneasler||PsychicSeed|Unburden|DireClaw,CloseCombat,Protect,ThroatChop|||F|||50|,,,,,Flying]Indeedee||ChoiceScarf|PsychicSurge|ExpandingForce,TrickRoom,TeraBlast,Trick|||M|||50|,,,,,Fighting]Incineroar||AssaultVest|Intimidate|FlareBlitz,Uturn,KnockOff,Snarl|||M|||50|,,,,,Ghost
|showteam|p2|Gholdengo||MetalCoat|GoodasGold|MakeItRain,ShadowBall,NastyPlot,Protect||||||50|,,,,,Dragon]Incineroar||SafetyGoggles|Intimidate|FlareBlitz,KnockOff,FakeOut,PartingShot|||M|||50|,,,,,Ghost]Ursaluna-Bloodmoon||LifeOrb|MindsEye|HyperVoice,EarthPower,BloodMoon,Protect|||M|||50|,,,,,Normal]Whimsicott||FocusSash|Prankster|Moonblast,Tailwind,Encore,Protect|||F|||50|,,,,,Ghost]Porygon2||Eviolite|Download|TeraBlast,IceBeam,TrickRoom,Recover||||||50|,,,,,Ground]Sneasler||WhiteHerb|Unburden|DireClaw,CloseCombat,ThroatChop,Protect|||M|||50|,,,,,Dark
|
|t:|1755048126
|teamsize|p1|4
|teamsize|p2|4
|start
|switch|p1a: Ursaluna|Ursaluna, L50, M|100/100
|switch|p1b: Incineroar|Incineroar, L50, M|100/100
|switch|p2a: Porygon2|Porygon2, L50|100/100
|switch|p2b: Incineroar|Incineroar, L50, M|100/100
|-ability|p1b: Incineroar|Intimidate|boost
|-unboost|p2a: Porygon2|atk|1
|-unboost|p2b: Incineroar|atk|1
|-ability|p2b: Incineroar|Intimidate|boost
|-unboost|p1a: Ursaluna|atk|1
|-unboost|p1b: Incineroar|atk|1
|-ability|p2a: Porygon2|Download|boost
|-boost|p2a: Porygon2|spa|1
|turn|1
|inactive|Battle timer is ON: inactive players will automatically lose when time's up. (requested by juacox300)
|
|t:|1755048170
|move|p1a: Ursaluna|Protect|p1a: Ursaluna
|-singleturn|p1a: Ursaluna|Protect
|move|p1b: Incineroar|U-turn|p2a: Porygon2
|-damage|p2a: Porygon2|91/100
|
|t:|1755048173
|switch|p1b: Murkrow|Murkrow, L50, M|100/100|[from] U-turn
|move|p2b: Incineroar|Knock Off|p1a: Ursaluna
|-activate|p1a: Ursaluna|move: Protect
|move|p2a: Porygon2|Trick Room|p2a: Porygon2
|-fieldstart|move: Trick Room|[of] p2a: Porygon2
|
|-status|p1a: Ursaluna|brn|[from] item: Flame Orb
|upkeep
|turn|2
|inactive|teamthief420 has 30 seconds left.
|
|t:|1755048199
|move|p1b: Murkrow|Haze|p1b: Murkrow
|-clearallboost
|move|p2a: Porygon2|Ice Beam|p1a: Ursaluna
|-supereffective|p1a: Ursaluna
|-damage|p1a: Ursaluna|53/100 brn
|move|p2b: Incineroar|Parting Shot|p1a: Ursaluna
|-unboost|p1a: Ursaluna|atk|1
|-unboost|p1a: Ursaluna|spa|1
|
|t:|1755048208
|switch|p2b: Ursaluna|Ursaluna-Bloodmoon, L50, M|100/100|[from] Parting Shot
|move|p1a: Ursaluna|Earthquake|p2b: Ursaluna|[spread] p2a,p2b
|-immune|p1b: Murkrow
|-damage|p2a: Porygon2|60/100
|-damage|p2b: Ursaluna|64/100
|
|-damage|p1a: Ursaluna|48/100 brn|[from] brn
|upkeep
|turn|3
|inactive|teamthief420 has 30 seconds left.
|inactive|teamthief420 has 20 seconds left.
|
|t:|1755048246
|switch|p1b: Incineroar|Incineroar, L50, M|100/100
|-ability|p1b: Incineroar|Intimidate|boost
|-unboost|p2a: Porygon2|atk|1
|-unboost|p2b: Ursaluna|atk|1
|move|p1a: Ursaluna|Protect|p1a: Ursaluna
|-singleturn|p1a: Ursaluna|Protect
|move|p2b: Ursaluna|Protect|p2b: Ursaluna
|-singleturn|p2b: Ursaluna|Protect
|move|p2a: Porygon2|Ice Beam|p1a: Ursaluna
|-activate|p1a: Ursaluna|move: Protect
|
|-damage|p1a: Ursaluna|42/100 brn|[from] brn
|upkeep
|turn|4
|
|t:|1755048260
|switch|p2a: Incineroar|Incineroar, L50, M|100/100
|-ability|p2a: Incineroar|Intimidate|boost
|-unboost|p1a: Ursaluna|atk|1
|-unboost|p1b: Incineroar|atk|1
|switch|p1a: Murkrow|Murkrow, L50, M|100/100
|-terastallize|p1b: Incineroar|Ghost
|move|p1b: Incineroar|Snarl|p2b: Ursaluna|[spread] p2a,p2b
|-resisted|p2a: Incineroar
|-damage|p2a: Incineroar|96/100
|-damage|p2b: Ursaluna|50/100
|-unboost|p2a: Incineroar|spa|1
|-unboost|p2b: Ursaluna|spa|1
|move|p2b: Ursaluna|Hyper Voice|p1a: Murkrow|[spread] p1a,p1b
|-damage|p1a: Murkrow|72/100
|-damage|p1b: Incineroar|82/100
|-damage|p2b: Ursaluna|41/100|[from] item: Life Orb
|
|upkeep
|turn|5
|inactive|teamthief420 has 30 seconds left.
|inactive|teamthief420 has 20 seconds left.
|inactive|teamthief420 has 15 seconds left.
|inactive|teamthief420 has 10 seconds left.
|
|t:|1755048308
|move|p2a: Incineroar|Flare Blitz|p1a: Murkrow
|-damage|p1a: Murkrow|9/100
|-damage|p2a: Incineroar|80/100|[from] Recoil
|move|p1b: Incineroar|U-turn|p2a: Incineroar
|-damage|p2a: Incineroar|68/100
|
|t:|1755048313
|switch|p1b: Ursaluna|Ursaluna, L50, M|42/100 brn|[from] U-turn
|move|p2b: Ursaluna|Hyper Voice|p1b: Ursaluna|[spread] p1a,p1b
|-damage|p1a: Murkrow|0 fnt
|-damage|p1b: Ursaluna|6/100 brn
|faint|p1a: Murkrow
|-damage|p2b: Ursaluna|31/100|[from] item: Life Orb
|
|-damage|p1b: Ursaluna|0 fnt|[from] brn
|faint|p1b: Ursaluna
|-fieldend|move: Trick Room
|upkeep
|
|t:|1755048318
|switch|p1a: Tommau|Sneasler, L50, F|100/100
|switch|p1b: Incineroar|Incineroar, L50, M, tera:Ghost|82/100
|-ability|p1b: Incineroar|Intimidate|boost
|-unboost|p2a: Incineroar|atk|1
|-unboost|p2b: Ursaluna|atk|1
|turn|6
|inactive|teamthief420 has 30 seconds left.
|
|t:|1755048351
|switch|p2a: Porygon2|Porygon2, L50|60/100
|-ability|p2a: Porygon2|Download|boost
|-boost|p2a: Porygon2|atk|1
|move|p1a: Tommau|Close Combat|p2a: Porygon2
|-supereffective|p2a: Porygon2
|-damage|p2a: Porygon2|0 fnt
|-unboost|p1a: Tommau|def|1
|-unboost|p1a: Tommau|spd|1
|faint|p2a: Porygon2
|move|p2b: Ursaluna|Earth Power|p1a: Tommau
|-supereffective|p1a: Tommau
|-damage|p1a: Tommau|0 fnt
|faint|p1a: Tommau
|-damage|p2b: Ursaluna|22/100|[from] item: Life Orb
|move|p1b: Incineroar|Flare Blitz|p2b: Ursaluna
|-damage|p2b: Ursaluna|0 fnt
|faint|p2b: Ursaluna
|-damage|p1b: Incineroar|75/100|[from] Recoil
|
|upkeep
|
|t:|1755048362
|switch|p2b: Sneasler|Sneasler, L50, M|100/100
|switch|p2a: Incineroar|Incineroar, L50, M|68/100
|-ability|p2a: Incineroar|Intimidate|boost
|-unboost|p1b: Incineroar|atk|1
|turn|7
|-message|juacox300 forfeited.
|
|win|teamthief420
|raw|juacox300's rating: 1268 → 1243(-25 for losing)
|raw|teamthief420's rating: 1274 → 1299(+25 for winning)
|l|☆juacox300
|player|p1|
