|j|☆pokemonlegend5
|j|☆xMiQux
|html|pokemonlegend5xMiQux    
|uhtml|bestof|Game 2 of a best-of-3
|t:|1782417617
|gametype|doubles
|player|p1|pokemonlegend5|266|1000
|player|p2|xMiQux|red|1014
|gen|9
|tier|[Gen 9 Champions] VGC 2026 Reg M-B (Bo3)
|rated|
|rule|Species Clause: Limit one of each Pokémon
|rule|Item Clause: Limit 1 of each item
|clearpoke
|poke|p1|Raichu, L50, M, shiny|
|poke|p1|Basculegion, L50, M, shiny|
|poke|p1|Whimsicott, L50, M, shiny|
|poke|p1|Gholdengo, L50, shiny|
|poke|p1|Floette-Eternal, L50, F|
|poke|p1|Garchomp, L50, M, shiny|
|poke|p2|Staraptor, L50, M, shiny|
|poke|p2|Whimsicott, L50, M|
|poke|p2|Basculegion, L50, M|
|poke|p2|Garchomp, L50, F|
|poke|p2|Raichu, L50, F, shiny|
|poke|p2|Espathra, L50, F|
|teampreview|4
|showteam|p1|Raichu||RaichuniteY|LightningRod|FakeOut,FocusBlast,ZapCannon,Protect|Modest||M|||50|]Basculegion||MysticWater|Adaptability|Protect,WaveCrash,LastRespects,AquaJet|Adamant||M|||50|]Whimsicott||FocusSash|Prankster|Protect,Moonblast,Tailwind,Encore|Timid||M|||50|]Gholdengo||LifeOrb|GoodasGold|MakeItRain,Protect,ShadowBall,NastyPlot|Modest|||||50|]Floette-Eternal||Floettite|FlowerVeil|Protect,Moonblast,LightofRuin,DazzlingGleam|Timid||F|||50|]Garchomp||SitrusBerry|RoughSkin|DragonClaw,RockSlide,StompingTantrum,Protect|Adamant||M|||50|
|showteam|p2|Staraptor||Staraptite|Intimidate|CloseCombat,Protect,SteelWing,AerialAce|Jolly||M|||50|]Whimsicott||FocusSash|Prankster|Charm,Tailwind,Protect,Moonblast|Timid||M|||50|]Basculegion||ChoiceScarf|Adaptability|WaveCrash,AquaJet,FlipTurn,LastRespects|Adamant||M|||50|]Garchomp||LifeOrb|RoughSkin|DragonClaw,Crunch,RockSlide,Earthquake|Adamant||F|||50|]Raichu||Leftovers|LightningRod|VoltSwitch,FakeOut,IronTail,Nuzzle|Jolly||F|||50|]Espathra||LightClay|Frisk|Reflect,Hypnosis,LightScreen,SkillSwap|Timid||F|||50|
|
|t:|1782417638
|teamsize|p1|4
|teamsize|p2|4
|start
|switch|p1a: Basculegion|Basculegion, L50, M, shiny|100/100
|switch|p1b: Whimsicott|Whimsicott, L50, M, shiny|100/100
|switch|p2a: Garchomp|Garchomp, L50, F|100/100
|switch|p2b: Whimsicott|Whimsicott, L50, M|100/100
|turn|1
|
|t:|1782417662
|switch|p2a: Staraptor|Staraptor, L50, M, shiny|100/100
|-ability|p2a: Staraptor|Intimidate|boost
|-unboost|p1a: Basculegion|atk|1
|-unboost|p1b: Whimsicott|atk|1
|move|p1b: Whimsicott|Tailwind|p1b: Whimsicott
|-sidestart|p1: pokemonlegend5|move: Tailwind
|move|p2b: Whimsicott|Tailwind|p2b: Whimsicott
|-sidestart|p2: xMiQux|move: Tailwind
|move|p1a: Basculegion|Last Respects|p2a: Staraptor
|-immune|p2a: Staraptor
|
|upkeep
|turn|2
|
|t:|1782417687
|detailschange|p2a: Staraptor|Staraptor-Mega, L50, M, shiny
|-mega|p2a: Staraptor|Staraptor|Staraptite
|move|p1b: Whimsicott|Protect|p1b: Whimsicott
|-singleturn|p1b: Whimsicott|Protect
|move|p2b: Whimsicott|Charm|p2a: Staraptor
|-boost|p2a: Staraptor|atk|2
|move|p2a: Staraptor|Steel Wing|p1b: Whimsicott
|-activate|p1b: Whimsicott|move: Protect
|move|p1a: Basculegion|Wave Crash|p2a: Staraptor
|-damage|p2a: Staraptor|24/100
|-damage|p1a: Basculegion|80/100|[from] Recoil
|
|upkeep
|turn|3
|inactive|Battle timer is ON: inactive players will automatically lose when time's up. (requested by pokemonlegend5)
|
|t:|1782417770
|switch|p2a: Garchomp|Garchomp, L50, F|100/100
|move|p1b: Whimsicott|Encore|p2b: Whimsicott
|-start|p2b: Whimsicott|Encore
|move|p2b: Whimsicott|Charm|p1b: Whimsicott
|-unboost|p1b: Whimsicott|atk|2
|move|p1a: Basculegion|Aqua Jet|p2a: Garchomp
|-damage|p2a: Garchomp|78/100
|-damage|p1a: Basculegion|68/100|[from] ability: Rough Skin|[of] p2a: Garchomp
|
|upkeep
|turn|4
|inactive|pokemonlegend5 has 30 seconds left.
|
|t:|1782417797
|move|p1a: Basculegion|Protect|p1a: Basculegion
|-singleturn|p1a: Basculegion|Protect
|move|p2b: Whimsicott|Charm|p1a: Basculegion
|-activate|p1a: Basculegion|move: Protect
|move|p1b: Whimsicott|Moonblast|p2a: Garchomp
|-supereffective|p2a: Garchomp|1
|-damage|p2a: Garchomp|1/100
|-unboost|p2a: Garchomp|spa|1
|move|p2a: Garchomp|Crunch|p1a: Basculegion
|-activate|p1a: Basculegion|move: Protect
|
|-sideend|p1: pokemonlegend5|move: Tailwind
|-sideend|p2: xMiQux|move: Tailwind
|upkeep
|turn|5
|inactive|pokemonlegend5 has 30 seconds left.
|inactive|pokemonlegend5 has 20 seconds left.
|
|t:|1782417834
|switch|p2a: Basculegion|Basculegion, L50, M|100/100
|move|p1b: Whimsicott|Tailwind|p1b: Whimsicott
|-sidestart|p1: pokemonlegend5|move: Tailwind
|move|p1a: Basculegion|Aqua Jet|p2a: Basculegion
|-resisted|p2a: Basculegion|1
|-damage|p2a: Basculegion|86/100
|move|p2b: Whimsicott|Charm|p1a: Basculegion
|-unboost|p1a: Basculegion|atk|2
|
|-end|p2b: Whimsicott|Encore
|upkeep
|turn|6
|inactive|pokemonlegend5 has 30 seconds left.
|
|t:|1782417866
|switch|p1a: Garchomp|Garchomp, L50, M, shiny|100/100
|move|p1b: Whimsicott|Protect|p1b: Whimsicott
|-singleturn|p1b: Whimsicott|Protect
|move|p2b: Whimsicott|Tailwind|p2b: Whimsicott
|-sidestart|p2: xMiQux|move: Tailwind
|move|p2a: Basculegion|Last Respects|p1a: Garchomp
|-damage|p1a: Garchomp|67/100
|
|upkeep
|turn|7
|
|t:|1782417885
|move|p1b: Whimsicott|Encore|p2b: Whimsicott
|-start|p2b: Whimsicott|Encore
|move|p2b: Whimsicott|Tailwind||[still]
|-fail|p2b: Whimsicott
|move|p2a: Basculegion|Last Respects|p1b: Whimsicott
|-damage|p1b: Whimsicott|50/100g
|move|p1a: Garchomp|Rock Slide|p2b: Whimsicott|[spread] p2a,p2b
|-damage|p2a: Basculegion|63/100
|-damage|p2b: Whimsicott|82/100
|
|upkeep
|turn|8
|
|t:|1782417904
|switch|p2b: Garchomp|Garchomp, L50, F|1/100
|move|p2a: Basculegion|Last Respects|p1b: Whimsicott
|-damage|p1b: Whimsicott|0 fnt
|faint|p1b: Whimsicott
|move|p1a: Garchomp|Dragon Claw|p2a: Basculegion
|-damage|p2a: Basculegion|14/100
|
|-sideend|p1: pokemonlegend5|move: Tailwind
|upkeep
|
|t:|1782417919
|switch|p1b: Basculegion|Basculegion, L50, M, shiny|68/100
|turn|9
|
|t:|1782417934
|switch|p2a: Whimsicott|Whimsicott, L50, M|82/100
|move|p1b: Basculegion|Aqua Jet|p2b: Garchomp
|-damage|p2b: Garchomp|0 fnt
|-damage|p1b: Basculegion|56/100|[from] ability: Rough Skin|[of] p2b: Garchomp
|faint|p2b: Garchomp
|move|p1a: Garchomp|Rock Slide|p2a: Whimsicott
|-damage|p2a: Whimsicott|59/100
|
|-sideend|p2: xMiQux|move: Tailwind
|upkeep
|
|t:|1782417945
|switch|p2b: Staraptor|Staraptor-Mega, L50, M, shiny|24/100
|turn|10
|
|t:|1782417962
|move|p1b: Basculegion|Aqua Jet|p2b: Staraptor
|-damage|p2b: Staraptor|0 fnt
|faint|p2b: Staraptor
|move|p1a: Garchomp|Rock Slide|p2a: Whimsicott
|-damage|p2a: Whimsicott|33/100
|move|p2a: Whimsicott|Moonblast|p1b: Basculegion
|-damage|p1b: Basculegion|27/100
|
|upkeep
|
|t:|1782417972
|switch|p2b: Basculegion|Basculegion, L50, M|14/100
|turn|11
|inactive|xMiQux has 30 seconds left.
|
|t:|1782418000
|switch|p1b: Floette|Floette-Eternal, L50, F|100/100
|move|p2a: Whimsicott|Protect|p2a: Whimsicott
|-singleturn|p2a: Whimsicott|Protect
|move|p2b: Basculegion|Last Respects|p1b: Floette
|-damage|p1b: Floette|0 fnt
|faint|p1b: Floette
|move|p1a: Garchomp|Rock Slide|p2b: Basculegion|[spread] p2b
|-activate|p2a: Whimsicott|move: Protect
|-damage|p2b: Basculegion|0 fnt
|faint|p2b: Basculegion
|
|upkeep
|
|t:|1782418025
|switch|p1b: Basculegion|Basculegion, L50, M, shiny|27/100
|turn|12
|
|t:|1782418032
|move|p1a: Garchomp|Rock Slide|p2a: Whimsicott
|-crit|p2a: Whimsicott
|-damage|p2a: Whimsicott|0 fnt
|faint|p2a: Whimsicott
|
|win|pokemonlegend5
|raw|pokemonlegend5's rating: 1000 → 1042(+42 for winning)
|raw|xMiQux's rating: 1014 → 1001(-13 for losing)
|l|☆pokemonlegend5
|player|p1|
