|j|☆MaxwellBaker
|j|☆burningringoffire
|html|MaxwellBakerburningringoffire    
|uhtml|bestof|Game 3 of a best-of-3
|t:|1784834086
|gametype|doubles
|player|p1|MaxwellBaker|102|1139
|player|p2|burningringoffire|bruno|1096
|gen|9
|tier|[Gen 9 Champions] VGC 2026 Reg M-B (Bo3)
|rated|
|rule|Species Clause: Limit one of each Pokémon
|rule|Item Clause: Limit 1 of each item
|clearpoke
|poke|p1|Decidueye-Hisui, L50, F|
|poke|p1|Florges, L50, F|
|poke|p1|Raichu, L50, F|
|poke|p1|Incineroar, L50, F|
|poke|p1|Staraptor, L50, M|
|poke|p1|Milotic, L50, M|
|poke|p2|Gengar, L50, F|
|poke|p2|Incineroar, L50, F|
|poke|p2|Sinistcha, L50|
|poke|p2|Kingambit, L50, F|
|poke|p2|Politoed, L50, F|
|poke|p2|Grimmsnarl, L50, M|
|teampreview|4
|showteam|p1|Decidueye-Hisui||ScopeLens|Scrappy|TripleArrows,LeafBlade,SuckerPunch,Protect|Jolly||F|||50|]Florges||LifeOrb|FlowerVeil|Moonblast,Psychic,PollenPuff,Protect|Modest||F|||50|]Raichu||RaichuniteY|Static|FakeOut,ZapCannon,FocusBlast,Protect|Timid||F|||50|]Incineroar||SitrusBerry|Intimidate|FakeOut,FlareBlitz,ThroatChop,PartingShot|Careful||F|||50|]Staraptor||Staraptite|Intimidate|BraveBird,CloseCombat,Tailwind,Protect|Jolly||M|||50|]Milotic||Leftovers|Competitive|Scald,IceBeam,Haze,Protect|Bold||M|||50|
|showteam|p2|Gengar||Gengarite|CursedBody|ShadowBall,PerishSong,Disable,Protect|Timid||F|||50|]Incineroar||SitrusBerry|Intimidate|FlareBlitz,FakeOut,Protect,PartingShot|Careful||F|||50|]Sinistcha||CobaBerry|Hospitality|MatchaGotcha,LifeDew,RagePowder,Protect|Calm|||||50|]Kingambit||ChopleBerry|Defiant|KowtowCleave,LowKick,SuckerPunch,Protect|Adamant||F|||50|]Politoed||Leftovers|Drizzle|PerishSong,Encore,MuddyWater,Protect|Calm||F|||50|]Grimmsnarl||BabiriBerry|Prankster|Protect,FakeOut,LightScreen,PartingShot|Careful||M|||50|
|c|☆MaxwellBaker|I have a note for you after this game.
|c|☆burningringoffire|kk
|
|t:|1784834134
|teamsize|p1|4
|teamsize|p2|4
|start
|switch|p1a: Milotic|Milotic, L50, M|100/100
|switch|p1b: Raichu|Raichu, L50, F|100/100
|switch|p2a: Politoed|Politoed, L50, F|100/100
|switch|p2b: Kingambit|Kingambit, L50, F|100/100
|-weather|RainDance|[from] ability: Drizzle|[of] p2a: Politoed
|turn|1
|
|t:|1784834195
|detailschange|p1b: Raichu|Raichu-Mega-Y, L50, F
|-mega|p1b: Raichu|Raichu|Raichunite Y
|move|p2a: Politoed|Protect|p2a: Politoed
|-singleturn|p2a: Politoed|Protect
|move|p2b: Kingambit|Protect|p2b: Kingambit
|-singleturn|p2b: Kingambit|Protect
|move|p1b: Raichu|Zap Cannon|p2a: Politoed
|-activate|p2a: Politoed|move: Protect
|move|p1a: Milotic|Scald|p2b: Kingambit
|-activate|p2b: Kingambit|move: Protect
|
|-weather|RainDance|[upkeep]
|upkeep
|turn|2
|
|t:|1784834230
|switch|p2a: Sinistcha|Sinistcha, L50|100/100
|move|p1b: Raichu|Zap Cannon|p2a: Sinistcha
|-resisted|p2a: Sinistcha|1
|-damage|p2a: Sinistcha|67/100
|-status|p2a: Sinistcha|par
|move|p1a: Milotic|Scald|p2b: Kingambit
|-damage|p2b: Kingambit|54/100
|-status|p2b: Kingambit|brn
|move|p2b: Kingambit|Kowtow Cleave|p1b: Raichu
|-damage|p1b: Raichu|66/100
|
|-weather|RainDance|[upkeep]
|-damage|p2b: Kingambit|48/100 brn|[from] brn
|upkeep
|turn|3
|
|t:|1784834259
|switch|p1b: Florges|Florges, L50, F|100/100
|move|p2b: Kingambit|Protect|p2b: Kingambit
|-singleturn|p2b: Kingambit|Protect
|move|p1a: Milotic|Ice Beam|p2a: Sinistcha
|-supereffective|p2a: Sinistcha|1
|-damage|p2a: Sinistcha|25/100 par
|move|p2a: Sinistcha|Matcha Gotcha|p1a: Milotic|[spread] p1a,p1b
|-supereffective|p1a: Milotic|1
|-damage|p1a: Milotic|66/100
|-heal|p2a: Sinistcha|44/100 par|[from] drain|[of] p1a: Milotic
|-damage|p1b: Florges|79/100
|-heal|p2a: Sinistcha|53/100 par|[from] drain|[of] p1b: Florges
|-status|p1a: Milotic|brn
|
|-weather|RainDance|[upkeep]
|-heal|p1a: Milotic|72/100 brn|[from] item: Leftovers
|-damage|p1a: Milotic|66/100 brn|[from] brn
|-damage|p2b: Kingambit|42/100 brn|[from] brn
|upkeep
|turn|4
|c|☆burningringoffire|thats probably game, kingambit with burn cant do much
|
|t:|1784834285
|move|p1a: Milotic|Ice Beam|p2a: Sinistcha
|-supereffective|p2a: Sinistcha|1
|-damage|p2a: Sinistcha|12/100 par
|move|p1b: Florges|Moonblast|p2b: Kingambit
|-damage|p2b: Kingambit|0 fnt
|faint|p2b: Kingambit
|-damage|p1b: Florges|70/100|[from] item: Life Orb
|move|p2a: Sinistcha|Matcha Gotcha|p1b: Florges|[spread] p1a,p1b
|-supereffective|p1a: Milotic|1
|-damage|p1a: Milotic|30/100 brn
|-heal|p2a: Sinistcha|33/100 par|[from] drain|[of] p1a: Milotic
|-damage|p1b: Florges|50/100g
|-heal|p2a: Sinistcha|41/100 par|[from] drain|[of] p1b: Florges
|-status|p1b: Florges|brn
|
|-weather|RainDance|[upkeep]
|-heal|p1a: Milotic|36/100 brn|[from] item: Leftovers
|-damage|p1a: Milotic|30/100 brn|[from] brn
|-damage|p1b: Florges|44/100 brn|[from] brn
|upkeep
|
|t:|1784834314
|switch|p2b: Grimmsnarl|Grimmsnarl, L50, M|100/100
|turn|5
|c|☆MaxwellBaker|Assuming perish is dead, ya
|
|t:|1784834334
|move|p2b: Grimmsnarl|Fake Out|p1a: Milotic
|-damage|p1a: Milotic|22/100 brn
|cant|p1a: Milotic|flinch
|move|p1b: Florges|Moonblast|p2b: Grimmsnarl
|-supereffective|p2b: Grimmsnarl|1
|-damage|p2b: Grimmsnarl|0 fnt
|faint|p2b: Grimmsnarl
|-damage|p1b: Florges|35/100 brn|[from] item: Life Orb
|cant|p2a: Sinistcha|par
|
|-weather|none
|-heal|p1a: Milotic|28/100 brn|[from] item: Leftovers
|-damage|p1a: Milotic|22/100 brn|[from] brn
|-damage|p1b: Florges|29/100 brn|[from] brn
|upkeep
|
|t:|1784834347
|switch|p2b: Politoed|Politoed, L50, F|100/100
|-weather|RainDance|[from] ability: Drizzle|[of] p2b: Politoed
|turn|6
|
|t:|1784834362
|move|p1a: Milotic|Ice Beam|p2a: Sinistcha
|-supereffective|p2a: Sinistcha|1
|-crit|p2a: Sinistcha
|-damage|p2a: Sinistcha|0 fnt
|faint|p2a: Sinistcha
|move|p1b: Florges|Moonblast|p2b: Politoed
|-damage|p2b: Politoed|55/100
|-damage|p1b: Florges|19/100 brn|[from] item: Life Orb
|move|p2b: Politoed|Muddy Water|p1b: Florges|[spread] p1a,p1b
|-resisted|p1a: Milotic|1
|-damage|p1a: Milotic|10/100 brn
|-damage|p1b: Florges|0 fnt
|faint|p1b: Florges
|
|-weather|RainDance|[upkeep]
|-heal|p1a: Milotic|16/100 brn|[from] item: Leftovers
|-heal|p2b: Politoed|61/100|[from] item: Leftovers
|-damage|p1a: Milotic|10/100 brn|[from] brn
|upkeep
|
|t:|1784834378
|switch|p1b: Raichu|Raichu-Mega-Y, L50, F|66/100
|turn|7
|
|t:|1784834393
|move|p2b: Politoed|Protect|p2b: Politoed
|-singleturn|p2b: Politoed|Protect
|move|p1b: Raichu|Zap Cannon|p2b: Politoed
|-activate|p2b: Politoed|move: Protect
|move|p1a: Milotic|Scald|p2b: Politoed
|-activate|p2b: Politoed|move: Protect
|
|-weather|RainDance|[upkeep]
|-heal|p1a: Milotic|16/100 brn|[from] item: Leftovers
|-heal|p2b: Politoed|67/100|[from] item: Leftovers
|-damage|p1a: Milotic|10/100 brn|[from] brn
|upkeep
|turn|8
|c|☆burningringoffire|gg
|
|t:|1784834413
|move|p1b: Raichu|Zap Cannon|p2b: Politoed
|-supereffective|p2b: Politoed|1
|-damage|p2b: Politoed|0 fnt
|faint|p2b: Politoed
|
|win|MaxwellBaker
|raw|MaxwellBaker's rating: 1139 → 1161(+22 for winning)
|raw|burningringoffire's rating: 1096 → 1075(-21 for losing)
|c|☆MaxwellBaker|ggs
|c|☆MaxwellBaker|My note is don't be so happy to give away your grimmsnarl in the gengar mode.
|c|☆burningringoffire|yeah i was probably being too hapyp with sacrificing it
