|j|☆i1i1<i113rKodeBeast0526    
|uhtml|bestof|Game 1 of a best-of-3
|t:|1784354693
|gametype|doubles
|player|p1|i1<i113r|2|1236
|player|p2|KodeBeast0526|hiker|1185
|gen|9
|tier|[Gen 9 Champions] VGC 2026 Reg M-B (Bo3)
|rated|
|rule|Species Clause: Limit one of each Pokémon
|rule|Item Clause: Limit 1 of each item
|clearpoke
|poke|p1|Pelipper, L50, F|
|poke|p1|Swampert, L50, M|
|poke|p1|Archaludon, L50, F|
|poke|p1|Sinistcha-Masterpiece, L50|
|poke|p1|Sableye, L50, F|
|poke|p1|Scizor, L50, F|
|poke|p2|Aerodactyl, L50, M|
|poke|p2|Kingambit, L50, M|
|poke|p2|Sylveon, L50, M|
|poke|p2|Garchomp, L50, M|
|poke|p2|Charizard, L50, M|
|poke|p2|Farigiraf, L50, F, shiny|
|teampreview|4
|showteam|p1|Pelipper||FocusSash|Drizzle|WideGuard,Hurricane,WeatherBall,Tailwind|Bold||F|||50|]Swampert||Swampertite|Torrent|WaveCrash,Protect,Earthquake,IcePunch|Adamant||M|||50|]Archaludon||Leftovers|Stamina|ElectroShot,FlashCannon,DragonPulse,Protect|Calm||F|||50|]Sinistcha-Masterpiece||ColburBerry|Hospitality|RagePowder,TrickRoom,MatchaGotcha,LifeDew|Bold|||||50|]Sableye||RoseliBerry|Prankster|FakeOut,RainDance,Encore,Disable|Careful||F|||50|]Scizor||Scizorite|Technician|SwordsDance,Protect,BulletPunch,BugBite|Adamant||F|||50|
|showteam|p2|Aerodactyl||Aerodactylite|Unnerve|RockSlide,IceFang,Tailwind,WideGuard|Jolly||M|||50|]Kingambit||FocusSash|Defiant|KowtowCleave,SuckerPunch,IronHead,LowKick|Adamant||M|||50|]Sylveon||FairyFeather|Pixilate|Detect,HyperVoice,HyperBeam,QuickAttack|Modest||M|||50|]Garchomp||LifeOrb|RoughSkin|Earthquake,DragonClaw,StompingTantrum,Protect|Jolly||M|||50|]Charizard||CharizarditeY|Blaze|Protect,HeatWave,SolarBeam,WeatherBall|Modest||M|||50|]Farigiraf||SitrusBerry|ArmorTail|Thunderbolt,PsychicNoise,TrickRoom,HelpingHand|Bold||F|||50|
|inactive|Battle timer is ON: inactive players will automatically lose when time's up. (requested by KodeBeast0526)
|
|t:|1784354772
|teamsize|p1|4
|teamsize|p2|4
|start
|switch|p1a: Scizor|Scizor, L50, F|100/100
|switch|p1b: Swampert|Swampert, L50, M|100/100
|switch|p2a: Aerodactyl|Aerodactyl, L50, M|100/100
|switch|p2b: Farigiraf|Farigiraf, L50, F, shiny|100/100
|-ability|p2a: Aerodactyl|Unnerve
|turn|1
|inactive|i1<i113r has 30 seconds left.
|
|t:|1784354804
|detailschange|p1b: Swampert|Swampert-Mega, L50, M
|-mega|p1b: Swampert|Swampert|Swampertite
|move|p2a: Aerodactyl|Tailwind|p2a: Aerodactyl
|-sidestart|p2: KodeBeast0526|move: Tailwind
|move|p2b: Farigiraf|Thunderbolt|p1a: Scizor
|-damage|p1a: Scizor|74/100
|move|p1b: Swampert|Wave Crash|p2a: Aerodactyl
|-supereffective|p2a: Aerodactyl|1
|-damage|p2a: Aerodactyl|0 fnt
|faint|p2a: Aerodactyl
|-damage|p1b: Swampert|67/100|[from] Recoil
|move|p1a: Scizor|Bug Bite|p2b: Farigiraf
|-supereffective|p2b: Farigiraf|1
|-damage|p2b: Farigiraf|17/100
|-enditem|p2b: Farigiraf|Sitrus Berry|[from] stealeat|[move] Bug Bite|[of] p1a: Scizor
|-heal|p1a: Scizor|98/100|[from] item: Sitrus Berry
|
|upkeep
|
|t:|1784354816
|switch|p2a: Sylveon|Sylveon, L50, M|100/100
|turn|2
|
|t:|1784354832
|move|p2b: Farigiraf|Helping Hand|p2a: Sylveon
|-singleturn|p2a: Sylveon|Helping Hand|[of] p2b: Farigiraf
|move|p1b: Swampert|Protect|p1b: Swampert
|-singleturn|p1b: Swampert|Protect
|move|p2a: Sylveon|Hyper Voice|p1a: Scizor|[spread] p1a
|-activate|p1b: Swampert|move: Protect
|-resisted|p1a: Scizor|1
|-damage|p1a: Scizor|57/100
|move|p1a: Scizor|Swords Dance|p1a: Scizor
|-boost|p1a: Scizor|atk|2
|
|upkeep
|turn|3
|
|t:|1784354853
|switch|p1b: Sableye|Sableye, L50, F|100/100
|move|p2b: Farigiraf|Helping Hand|p2a: Sylveon
|-singleturn|p2a: Sylveon|Helping Hand|[of] p2b: Farigiraf
|move|p2a: Sylveon|Hyper Voice|p1b: Sableye|[spread] p1a,p1b
|-resisted|p1a: Scizor|1
|-crit|p1a: Scizor
|-supereffective|p1b: Sableye|1
|-enditem|p1b: Sableye|Roseli Berry|[eat]
|-enditem|p1b: Sableye|Roseli Berry|[weaken]
|-damage|p1a: Scizor|0 fnt
|-damage|p1b: Sableye|30/100
|faint|p1a: Scizor
|
|upkeep
|
|t:|1784354868
|switch|p1a: Swampert|Swampert-Mega, L50, M|67/100
|turn|4
|
|t:|1784354883
|switch|p1b: Pelipper|Pelipper, L50, F|100/100
|-weather|RainDance|[from] ability: Drizzle|[of] p1b: Pelipper
|move|p2b: Farigiraf|Helping Hand|p2a: Sylveon
|-singleturn|p2a: Sylveon|Helping Hand|[of] p2b: Farigiraf
|move|p1a: Swampert|Protect|p1a: Swampert
|-singleturn|p1a: Swampert|Protect
|move|p2a: Sylveon|Quick Attack|p1b: Pelipper
|-damage|p1b: Pelipper|83/100
|
|-weather|RainDance|[upkeep]
|-sideend|p2: KodeBeast0526|move: Tailwind
|upkeep
|turn|5
|
|t:|1784354902
|move|p2a: Sylveon|Detect|p2a: Sylveon
|-singleturn|p2a: Sylveon|Protect
|move|p1a: Swampert|Earthquake|p2b: Farigiraf|[spread] p2b
|-activate|p2a: Sylveon|move: Protect
|-immune|p1b: Pelipper
|-damage|p2b: Farigiraf|0 fnt
|faint|p2b: Farigiraf
|move|p1b: Pelipper|Tailwind|p1b: Pelipper
|-sidestart|p1: i1<i113r|move: Tailwind
|
|-weather|RainDance|[upkeep]
|upkeep
|
|t:|1784354909
|switch|p2b: Charizard|Charizard, L50, M|100/100
|turn|6
|inactive|i1<i113r has 30 seconds left.
|
|t:|1784354942
|detailschange|p2b: Charizard|Charizard-Mega-Y, L50, M
|-mega|p2b: Charizard|Charizard|Charizardite Y
|-weather|SunnyDay|[from] ability: Drought|[of] p2b: Charizard
|move|p1a: Swampert|Protect|p1a: Swampert
|-singleturn|p1a: Swampert|Protect
|move|p1b: Pelipper|Weather Ball|p2a: Sylveon
|-damage|p2a: Sylveon|75/100
|move|p2b: Charizard|Solar Beam||[still]
|-prepare|p2b: Charizard|Solar Beam
|-anim|p2b: Charizard|Solar Beam|p1a: Swampert
|-activate|p1a: Swampert|move: Protect
|move|p2a: Sylveon|Hyper Beam|p1b: Pelipper|[miss]
|-miss|p2a: Sylveon|p1b: Pelipper
|
|-weather|SunnyDay|[upkeep]
|upkeep
|turn|7
|inactive|i1<i113r has 30 seconds left.
|inactive|i1<i113r has 20 seconds left.
|
|t:|1784354978
|move|p1b: Pelipper|Wide Guard|p1b: Pelipper
|-singleturn|p1b: Pelipper|Wide Guard
|move|p1a: Swampert|Wave Crash|p2b: Charizard
|-supereffective|p2b: Charizard|1
|-damage|p2b: Charizard|24/100
|-damage|p1a: Swampert|44/100|[from] Recoil
|move|p2b: Charizard|Solar Beam||[still]
|-prepare|p2b: Charizard|Solar Beam
|-anim|p2b: Charizard|Solar Beam|p1a: Swampert
|-supereffective|p1a: Swampert|2
|-damage|p1a: Swampert|0 fnt
|faint|p1a: Swampert
|move|p2a: Sylveon|Hyper Beam|p1b: Pelipper
|-damage|p1b: Pelipper|0 fnt
|-mustrecharge|p2a: Sylveon
|faint|p1b: Pelipper
|
|-weather|SunnyDay|[upkeep]
|upkeep
|
|t:|1784354998
|switch|p1b: Sableye|Sableye, L50, F|30/100
|turn|8
|
|t:|1784355002
|move|p1b: Sableye|Fake Out|p2a: Sylveon
|-damage|p2a: Sylveon|65/100
|move|p2b: Charizard|Weather Ball|p1b: Sableye
|-damage|p1b: Sableye|0 fnt
|faint|p1b: Sableye
|
|win|KodeBeast0526
