|j|☆LastHorzion
|j|☆jaden_copeland
|html|LastHorzionjaden_copeland    
|uhtml|bestof|Game 3 of a best-of-3
|t:|1755549795
|gametype|doubles
|player|p1|LastHorzion|steven|1220
|player|p2|jaden_copeland|lucas-gen4pt|1248
|gen|9
|tier|[Gen 9] VGC 2025 Reg H (Bo3)
|rated|
|rule|Species Clause: Limit one of each Pokémon
|rule|Item Clause: Limit 1 of each item
|clearpoke
|poke|p1|Indeedee, L50, M|
|poke|p1|Excadrill, L50, M|
|poke|p1|Magmar, L50, F|
|poke|p1|Corviknight, L50, F|
|poke|p1|Tyranitar, L50, F|
|poke|p1|Sneasler, L50, M|
|poke|p2|Archaludon, L50, M|
|poke|p2|Kingdra, L50, M|
|poke|p2|Incineroar, L50, M|
|poke|p2|Indeedee, L50, M|
|poke|p2|Amoonguss, L50, F|
|poke|p2|Pelipper, L50, F|
|teampreview|4
|showteam|p1|Indeedee||ChoiceScarf|PsychicSurge|ExpandingForce,TeraBlast,Trick,Protect|||M|||50|,,,,,Psychic]Excadrill||FocusSash|SandRush|Earthquake,IronHead,SwordsDance,Protect|||M|||50|,,,,,Ground]Magmar||Eviolite|VitalSpirit|BurningJealousy,FollowMe,HelpingHand,Protect|||F|||50|,,,,,Flying]Corviknight||PsychicSeed|MirrorArmor|BraveBird,PowerTrip,BulkUp,Roost|||F|||50|,,,,,Water]Tyranitar||AssaultVest|SandStream|RockSlide,KnockOff,LowKick,TeraBlast|||F|||50|,,,,,Flying]Sneasler||WhiteHerb|Unburden|CloseCombat,DireClaw,ThroatChop,Coaching|||M|||50|,,,,,Dark
|showteam|p2|Archaludon||AssaultVest|Stalwart|ElectroShot,DragonPulse,FlashCannon,AuraSphere|||M|||50|,,,,,Electric]Kingdra||LifeOrb|SwiftSwim|DracoMeteor,MuddyWater,Substitute,Protect|||M|||50|,,,,,Stellar]Incineroar||SafetyGoggles|Intimidate|FlareBlitz,KnockOff,FakeOut,PartingShot|||M|||50|,,,,,Ghost]Indeedee||ChoiceScarf|PsychicSurge|ExpandingForce,ShadowBall,DazzlingGleam,Trick|||M|||50|,,,,,Fairy]Amoonguss||SitrusBerry|Regenerator|SludgeBomb,RagePowder,Spore,Protect|||F|||50|,,,,,Dark]Pelipper||FocusSash|Drizzle|Hurricane,WeatherBall,Tailwind,Protect|||F|||50|,,,,,Stellar
|inactive|Battle timer is ON: inactive players will automatically lose when time's up. (requested by LastHorzion)
|
|t:|1755549823
|teamsize|p1|4
|teamsize|p2|4
|start
|switch|p1a: Indeedee|Indeedee, L50, M|100/100
|switch|p1b: Corviknight|Corviknight, L50, F|100/100
|switch|p2a: LeBron|Kingdra, L50, M, shiny|100/100
|switch|p2b: Peeko|Pelipper, L50, F, shiny|100/100
|-fieldstart|move: Psychic Terrain|[from] ability: Psychic Surge|[of] p1a: Indeedee
|-enditem|p1b: Corviknight|Psychic Seed
|-boost|p1b: Corviknight|spd|1|[from] item: Psychic Seed
|-weather|RainDance|[from] ability: Drizzle|[of] p2b: Peeko
|turn|1
|
|t:|1755549852
|switch|p2b: Empire|Archaludon, L50, M, shiny|100/100
|-terastallize|p2a: LeBron|Stellar
|-terastallize|p1b: Corviknight|Water
|move|p1a: Indeedee|Protect|p1a: Indeedee
|-singleturn|p1a: Indeedee|Protect
|move|p2a: LeBron|Muddy Water|p1a: Indeedee|[spread] 
|-activate|p1a: Indeedee|move: Protect
|-miss|p2a: LeBron|p1b: Corviknight
|move|p1b: Corviknight|Brave Bird|p2a: LeBron
|-damage|p2a: LeBron|46/100
|-damage|p1b: Corviknight|87/100|[from] Recoil
|
|-weather|RainDance|[upkeep]
|upkeep
|turn|2
|inactive|LastHorzion has 30 seconds left.
|inactive|LastHorzion has 20 seconds left.
|inactive|jaden_copeland has 30 seconds left.
|inactive|LastHorzion has 15 seconds left.
|
|t:|1755549896
|switch|p1a: Tyranitar|Tyranitar, L50, F|100/100
|-weather|Sandstorm|[from] ability: Sand Stream|[of] p1a: Tyranitar
|move|p2a: LeBron|Muddy Water|p1a: Tyranitar|[spread] p1a,p1b
|-supereffective|p1a: Tyranitar
|-resisted|p1b: Corviknight
|-damage|p1a: Tyranitar|59/100
|-damage|p1b: Corviknight|72/100
|-ability|p1b: Corviknight|Mirror Armor
|-unboost|p2a: LeBron|accuracy|1
|-damage|p2a: LeBron|36/100|[from] item: Life Orb
|move|p2b: Empire|Aura Sphere|p1a: Tyranitar
|-supereffective|p1a: Tyranitar
|-damage|p1a: Tyranitar|19/100
|move|p1b: Corviknight|Brave Bird|p2a: LeBron
|-damage|p2a: LeBron|0 fnt
|faint|p2a: LeBron
|-damage|p1b: Corviknight|63/100|[from] Recoil
|
|-weather|Sandstorm|[upkeep]
|-damage|p1b: Corviknight|58/100|[from] Sandstorm
|upkeep
|
|t:|1755549915
|switch|p2a: Peeko|Pelipper, L50, F, shiny|100/100
|-weather|RainDance|[from] ability: Drizzle|[of] p2a: Peeko
|turn|3
|
|t:|1755549929
|switch|p1b: Sneasler|Sneasler, L50, M, shiny|100/100
|switch|p1a: Indeedee|Indeedee, L50, M|100/100
|move|p2a: Peeko|Weather Ball|p1a: Indeedee
|-crit|p1a: Indeedee
|-damage|p1a: Indeedee|0 fnt
|faint|p1a: Indeedee
|move|p2b: Empire|Electro Shot||[still]
|-prepare|p2b: Empire|Electro Shot
|-boost|p2b: Empire|spa|1
|-anim|p2b: Empire|Electro Shot|p1b: Sneasler
|-damage|p1b: Sneasler|22/100
|
|-weather|RainDance|[upkeep]
|upkeep
|
|t:|1755549939
|switch|p1a: Tyranitar|Tyranitar, L50, F|19/100
|-weather|Sandstorm|[from] ability: Sand Stream|[of] p1a: Tyranitar
|turn|4
|inactive|jaden_copeland has 30 seconds left.
|inactive|jaden_copeland has 20 seconds left.
|inactive|jaden_copeland has 15 seconds left.
|
|t:|1755549981
|switch|p2b: Tony|Incineroar, L50, M, shiny|100/100
|-ability|p2b: Tony|Intimidate|boost
|-unboost|p1a: Tyranitar|atk|1
|-unboost|p1b: Sneasler|atk|1
|-enditem|p1b: Sneasler|White Herb
|-clearnegativeboost|p1b: Sneasler|[silent]
|move|p1b: Sneasler|Close Combat|p2b: Tony
|-supereffective|p2b: Tony
|-damage|p2b: Tony|0 fnt
|-unboost|p1b: Sneasler|def|1
|-unboost|p1b: Sneasler|spd|1
|faint|p2b: Tony
|move|p2a: Peeko|Tailwind|p2a: Peeko
|-sidestart|p2: jaden_copeland|move: Tailwind
|move|p1a: Tyranitar|Rock Slide|p2a: Peeko|[miss]
|-miss|p1a: Tyranitar|p2a: Peeko
|
|-weather|Sandstorm|[upkeep]
|-damage|p1b: Sneasler|16/100|[from] Sandstorm
|-damage|p2a: Peeko|95/100|[from] Sandstorm
|upkeep
|
|t:|1755549998
|switch|p2b: Empire|Archaludon, L50, M, shiny|100/100
|turn|5
|
|t:|1755550014
|move|p1b: Sneasler|Close Combat|p2b: Empire
|-supereffective|p2b: Empire
|-damage|p2b: Empire|7/100
|-unboost|p1b: Sneasler|def|1
|-unboost|p1b: Sneasler|spd|1
|move|p2a: Peeko|Hurricane|p1b: Sneasler
|-supereffective|p1b: Sneasler
|-damage|p1b: Sneasler|0 fnt
|faint|p1b: Sneasler
|move|p2b: Empire|Aura Sphere|p1a: Tyranitar
|-supereffective|p1a: Tyranitar
|-damage|p1a: Tyranitar|0 fnt
|faint|p1a: Tyranitar
|
|-weather|Sandstorm|[upkeep]
|-damage|p2a: Peeko|89/100|[from] Sandstorm
|-fieldend|move: Psychic Terrain
|upkeep
|
|t:|1755550026
|switch|p1b: Corviknight|Corviknight, L50, F, tera:Water|58/100
|turn|6
|
|t:|1755550040
|move|p2a: Peeko|Hurricane|p1b: Corviknight|[miss]
|-miss|p2a: Peeko|p1b: Corviknight
|move|p2b: Empire|Electro Shot||[still]
|-prepare|p2b: Empire|Electro Shot
|-boost|p2b: Empire|spa|1
|move|p1b: Corviknight|Bulk Up|p1b: Corviknight
|-boost|p1b: Corviknight|atk|1
|-boost|p1b: Corviknight|def|1
|
|-weather|Sandstorm|[upkeep]
|-damage|p2a: Peeko|83/100|[from] Sandstorm
|-damage|p1b: Corviknight|52/100|[from] Sandstorm
|upkeep
|turn|7
|
|t:|1755550054
|move|p2a: Peeko|Hurricane|p1b: Corviknight
|-damage|p1b: Corviknight|8/100
|-start|p1b: Corviknight|confusion
|move|p2b: Empire|Electro Shot|p1b: Corviknight|[from] lockedmove
|-supereffective|p1b: Corviknight
|-damage|p1b: Corviknight|0 fnt
|faint|p1b: Corviknight
|
|win|jaden_copeland
|raw|LastHorzion's rating: 1220 → 1197(-23 for losing)
|raw|jaden_copeland's rating: 1248 → 1271(+23 for winning)
|l|☆LastHorzion
|player|p1|
