|j|☆natsukivgc
|j|☆srpelea
|html|natsukivgcsrpelea    
|uhtml|bestof|Game 2 of a best-of-3
|t:|1785427425
|gametype|doubles
|player|p1|natsukivgc|265|1058
|player|p2|srpelea|n|1071
|gen|9
|tier|[Gen 9 Champions] VGC 2026 Reg M-B (Bo3)
|rated|
|rule|Species Clause: Limit one of each Pokémon
|rule|Item Clause: Limit 1 of each item
|clearpoke
|poke|p1|Charizard, L50, F|
|poke|p1|Sneasler, L50, M|
|poke|p1|Kingambit, L50, M|
|poke|p1|Dragonite, L50, F|
|poke|p1|Floette-Eternal, L50, F|
|poke|p1|Whimsicott, L50, F|
|poke|p2|Talonflame, L50, F|
|poke|p2|Staraptor, L50, M|
|poke|p2|Incineroar, L50, M|
|poke|p2|Floette-Eternal, L50, F|
|poke|p2|Basculegion, L50, M|
|poke|p2|Grimmsnarl, L50, M|
|teampreview|4
|showteam|p1|Charizard||CharizarditeY|Blaze|HeatWave,SolarBeam,WeatherBall,Protect|Modest||F|||50|]Sneasler||WhiteHerb|Unburden|CloseCombat,DireClaw,FakeOut,Coaching|Jolly||M|||50|]Kingambit||BlackGlasses|Defiant|KowtowCleave,SuckerPunch,SwordsDance,Protect|Adamant||M|||50|]Dragonite||LifeOrb|InnerFocus|DragonClaw,LowKick,ExtremeSpeed,Protect|Adamant||F|||50|]Floette-Eternal||Floettite|FlowerVeil|Moonblast,DazzlingGleam,LightofRuin,Protect|Modest||F|||50|]Whimsicott||FocusSash|Prankster|Moonblast,Tailwind,Encore,Protect|Timid||F|||50|
|showteam|p2|Talonflame||MentalHerb|GaleWings|Tailwind,BraveBird,FlareBlitz,Defog|Jolly||F|||50|]Staraptor||Staraptite|Intimidate|CloseCombat,Roost,DualWingbeat,Protect|Adamant||M|||50|]Incineroar||SitrusBerry|Intimidate|FakeOut,PartingShot,DarkestLariat,FlareBlitz|Careful||M|||50|]Floette-Eternal||Floettite|FlowerVeil|CalmMind,DazzlingGleam,Protect,Psychic|Timid||F|||50|]Basculegion||ChoiceScarf|Adaptability|AquaJet,PsychicFangs,WaveCrash,LastRespects|Jolly||M|||50|]Grimmsnarl||LightClay|Prankster|Reflect,LightScreen,SpiritBreak,PartingShot|Careful||M|||50|
|inactive|Battle timer is ON: inactive players will automatically lose when time's up. (requested by srpelea)
|
|t:|1785427451
|teamsize|p1|4
|teamsize|p2|4
|start
|switch|p1a: Whimsicott|Whimsicott, L50, F|100/100
|switch|p1b: Floette|Floette-Eternal, L50, F|100/100
|switch|p2a: Floette|Floette-Eternal, L50, F|100/100
|switch|p2b: Talonflame|Talonflame, L50, F|100/100
|turn|1
|
|t:|1785427475
|detailschange|p2a: Floette|Floette-Mega, L50, F
|-mega|p2a: Floette|Floette|Floettite
|-ability|p2a: Floette|Fairy Aura
|detailschange|p1b: Floette|Floette-Mega, L50, F
|-mega|p1b: Floette|Floette|Floettite
|-ability|p1b: Floette|Fairy Aura
|move|p2b: Talonflame|Tailwind|p2b: Talonflame
|-sidestart|p2: srpelea|move: Tailwind
|move|p1a: Whimsicott|Tailwind|p1a: Whimsicott
|-sidestart|p1: natsukivgc|move: Tailwind
|move|p2a: Floette|Dazzling Gleam|p1a: Whimsicott|[spread] p1a,p1b
|-damage|p1a: Whimsicott|20/100y
|-damage|p1b: Floette|63/100
|move|p1b: Floette|Dazzling Gleam|p2a: Floette|[spread] p2a,p2b
|-resisted|p2b: Talonflame|1
|-damage|p2a: Floette|56/100
|-damage|p2b: Talonflame|61/100
|
|upkeep
|turn|2
|inactive|natsukivgc has 30 seconds left.
|
|t:|1785427500
|move|p2b: Talonflame|Brave Bird|p1b: Floette
|-damage|p1b: Floette|0 fnt
|faint|p1b: Floette
|-damage|p2b: Talonflame|40/100|[from] Recoil
|move|p1a: Whimsicott|Moonblast|p2b: Talonflame
|-resisted|p2b: Talonflame|1
|-damage|p2b: Talonflame|5/100
|move|p2a: Floette|Dazzling Gleam|p1a: Whimsicott
|-damage|p1a: Whimsicott|0 fnt
|faint|p1a: Whimsicott
|
|upkeep
|
|t:|1785427510
|switch|p1a: Kingambit|Kingambit, L50, M|100/100
|switch|p1b: Dragonite|Dragonite, L50, F|100/100
|turn|3
|inactive|srpelea has 30 seconds left.
|
|t:|1785427537
|switch|p2b: Basculegion|Basculegion, L50, M|100/100
|move|p1b: Dragonite|Extreme Speed|p2b: Basculegion
|-immune|p2b: Basculegion
|move|p2a: Floette|Dazzling Gleam|p1a: Kingambit|[spread] p1a,p1b
|-supereffective|p1b: Dragonite|1
|-damage|p1a: Kingambit|60/100
|-damage|p1b: Dragonite|12/100
|move|p1a: Kingambit|Swords Dance|p1a: Kingambit
|-boost|p1a: Kingambit|atk|2
|
|upkeep
|turn|4
|
|t:|1785427554
|move|p2b: Basculegion|Aqua Jet|p1b: Dragonite
|-resisted|p1b: Dragonite|1
|-damage|p1b: Dragonite|1/100
|move|p2a: Floette|Dazzling Gleam|p1a: Kingambit|[spread] p1a,p1b
|-supereffective|p1b: Dragonite|1
|-damage|p1a: Kingambit|24/100
|-damage|p1b: Dragonite|0 fnt
|faint|p1b: Dragonite
|move|p1a: Kingambit|Kowtow Cleave|p2b: Basculegion
|-supereffective|p2b: Basculegion|1
|-damage|p2b: Basculegion|0 fnt
|faint|p2b: Basculegion
|
|-sideend|p1: natsukivgc|move: Tailwind
|-sideend|p2: srpelea|move: Tailwind
|upkeep
|inactive|srpelea has 30 seconds left.
|
|t:|1785427587
|switch|p2b: Incineroar|Incineroar, L50, M|100/100
|-ability|p2b: Incineroar|Intimidate|boost
|-unboost|p1a: Kingambit|atk|1
|-ability|p1a: Kingambit|Defiant|boost
|-boost|p1a: Kingambit|atk|2
|turn|5
|
|t:|1785427596
|move|p1a: Kingambit|Sucker Punch|p2a: Floette
|-resisted|p2a: Floette|1
|-damage|p2a: Floette|0 fnt
|faint|p2a: Floette
|move|p2b: Incineroar|Flare Blitz|p1a: Kingambit
|-supereffective|p1a: Kingambit|1
|-damage|p1a: Kingambit|0 fnt
|faint|p1a: Kingambit
|-damage|p2b: Incineroar|91/100|[from] Recoil
|
|win|srpelea
