|j|☆jomivgc
|j|☆HopsVGC
|html|jomivgcHopsVGC    
|uhtml|bestof|Game 2 of a best-of-3
|t:|1785154622
|gametype|doubles
|player|p1|jomivgc|falkner-gen2|1301
|player|p2|HopsVGC|265|1292
|gen|9
|tier|[Gen 9 Champions] VGC 2026 Reg M-B (Bo3)
|rated|
|rule|Species Clause: Limit one of each Pokémon
|rule|Item Clause: Limit 1 of each item
|clearpoke
|poke|p1|Staraptor, L50, F|
|poke|p1|Vanilluxe, L50, M|
|poke|p1|Farigiraf, L50, M|
|poke|p1|Blastoise, L50, M|
|poke|p1|Kingambit, L50, F|
|poke|p1|Camerupt, L50, M|
|poke|p2|Kommo-o, L50, M|
|poke|p2|Sinistcha, L50|
|poke|p2|Scrafty, L50, M|
|poke|p2|Aegislash, L50, F, shiny|
|poke|p2|Tyranitar, L50, M|
|poke|p2|Aerodactyl, L50, M, shiny|
|teampreview|4
|showteam|p1|Staraptor||ChoiceScarf|Intimidate|FinalGambit,BraveBird,CloseCombat,Uturn|Jolly||F|||50|]Vanilluxe||NeverMeltIce|SnowWarning|Blizzard,FreezeDry,Protect,IceShard|Quiet||M|||50|]Farigiraf||SitrusBerry|ArmorTail|PsychicFangs,HyperVoice,HelpingHand,TrickRoom|Relaxed||M|||50|]Blastoise||Blastoisinite|RainDish|FakeOut,WaterSpout,AuraSphere,DarkPulse|Quiet||M|||50|]Kingambit||LifeOrb|Defiant|KowtowCleave,IronHead,Protect,SuckerPunch|Brave||F|||50|]Camerupt||Cameruptite|SolidRock|HeatWave,EarthPower,Protect,AncientPower|Quiet||M|||50|
|showteam|p2|Kommo-o||Leftovers|Soundproof|ClangingScales,FlashCannon,ClangorousSoul,Protect|Modest||M|||50|]Sinistcha||SitrusBerry|Hospitality|ShadowBall,RagePowder,LifeDew,TrickRoom|Relaxed|||||50|]Scrafty||Scraftinite|Intimidate|DrainPunch,KnockOff,FakeOut,Protect|Adamant||M|||50|]Aegislash||LifeOrb|StanceChange|IronHead,Poltergeist,WideGuard,KingsShield|Serious||F|||50|]Tyranitar||Tyranitarite|SandStream|RockSlide,KnockOff,LowKick,Protect|Adamant||M|||50|]Aerodactyl||FocusSash|Unnerve|RockSlide,DualWingbeat,Tailwind,Protect|Jolly||M|||50|
|inactive|Battle timer is ON: inactive players will automatically lose when time's up. (requested by jomivgc)
|
|t:|1785154633
|teamsize|p1|4
|teamsize|p2|4
|start
|switch|p1a: Blastoise|Blastoise, L50, M|100/100
|switch|p1b: Farigiraf|Farigiraf, L50, M|100/100
|switch|p2a: Kommo-o|Kommo-o, L50, M|100/100
|switch|p2b: Aerodactyl|Aerodactyl, L50, M, shiny|100/100
|-ability|p2b: Aerodactyl|Unnerve
|turn|1
|
|t:|1785154652
|detailschange|p1a: Blastoise|Blastoise-Mega, L50, M
|-mega|p1a: Blastoise|Blastoise|Blastoisinite
|move|p1a: Blastoise|Fake Out|p2b: Aerodactyl
|-resisted|p2b: Aerodactyl|1
|-damage|p2b: Aerodactyl|92/100
|cant|p2b: Aerodactyl|flinch
|move|p2a: Kommo-o|Clanging Scales|p1a: Blastoise|[spread] p1a,p1b
|-damage|p1a: Blastoise|73/100
|-damage|p1b: Farigiraf|70/100
|-unboost|p2a: Kommo-o|def|1
|move|p1b: Farigiraf|Trick Room|p1b: Farigiraf
|-fieldstart|move: Trick Room|[of] p1b: Farigiraf
|
|upkeep
|turn|2
|
|t:|1785154675
|move|p2a: Kommo-o|Protect|p2a: Kommo-o
|-singleturn|p2a: Kommo-o|Protect
|move|p1b: Farigiraf|Psychic Fangs|p2a: Kommo-o
|-activate|p2a: Kommo-o|move: Protect
|move|p1a: Blastoise|Aura Sphere|p2a: Kommo-o
|-activate|p2a: Kommo-o|move: Protect
|move|p2b: Aerodactyl|Rock Slide|p1b: Farigiraf|[spread] p1a,p1b
|-damage|p1a: Blastoise|52/100
|-damage|p1b: Farigiraf|50/100y
|
|upkeep
|turn|3
|
|t:|1785154696
|switch|p2a: Sinistcha|Sinistcha, L50|100/100
|-heal|p2b: Aerodactyl|100/100|[from] ability: Hospitality|[of] p2a: Sinistcha
|move|p1b: Farigiraf|Psychic Fangs|p2a: Sinistcha
|-damage|p2a: Sinistcha|79/100
|move|p1a: Blastoise|Water Spout|p2b: Aerodactyl|[spread] p2a,p2b
|-resisted|p2a: Sinistcha|1
|-supereffective|p2b: Aerodactyl|1
|-damage|p2a: Sinistcha|64/100
|-enditem|p2b: Aerodactyl|Focus Sash
|-damage|p2b: Aerodactyl|1/100
|move|p2b: Aerodactyl|Rock Slide|p1a: Blastoise|[spread] p1a,p1b
|-damage|p1a: Blastoise|31/100
|-damage|p1b: Farigiraf|30/100
|
|upkeep
|turn|4
|
|t:|1785154718
|switch|p2a: Kommo-o|Kommo-o, L50, M|100/100
|move|p2b: Aerodactyl|Protect|p2b: Aerodactyl
|-singleturn|p2b: Aerodactyl|Protect
|move|p1b: Farigiraf|Psychic Fangs|p2a: Kommo-o
|-supereffective|p2a: Kommo-o|1
|-damage|p2a: Kommo-o|52/100
|move|p1a: Blastoise|Dark Pulse|p2a: Kommo-o
|-resisted|p2a: Kommo-o|1
|-damage|p2a: Kommo-o|34/100
|
|-heal|p2a: Kommo-o|40/100|[from] item: Leftovers
|upkeep
|turn|5
|
|t:|1785154730
|move|p2a: Kommo-o|Protect|p2a: Kommo-o
|-singleturn|p2a: Kommo-o|Protect
|move|p1b: Farigiraf|Hyper Voice|p2b: Aerodactyl|[spread] p2b
|-activate|p2a: Kommo-o|move: Protect
|-resisted|p2b: Aerodactyl|1
|-crit|p2b: Aerodactyl
|-damage|p2b: Aerodactyl|0 fnt
|-enditem|p1b: Farigiraf|Sitrus Berry|[eat]
|-heal|p1b: Farigiraf|55/100|[from] item: Sitrus Berry
|faint|p2b: Aerodactyl
|move|p1a: Blastoise|Water Spout|p2a: Kommo-o
|-activate|p2a: Kommo-o|move: Protect
|
|-heal|p2a: Kommo-o|46/100|[from] item: Leftovers
|-fieldend|move: Trick Room
|upkeep
|
|t:|1785154740
|switch|p2b: Tyranitar|Tyranitar, L50, M|100/100
|-weather|Sandstorm|[from] ability: Sand Stream|[of] p2b: Tyranitar
|turn|6
|
|t:|1785154756
|move|p2a: Kommo-o|Clanging Scales|p1b: Farigiraf|[spread] p1a,p1b
|-damage|p1a: Blastoise|4/100
|-damage|p1b: Farigiraf|28/100
|-unboost|p2a: Kommo-o|def|1
|move|p1a: Blastoise|Aura Sphere|p2b: Tyranitar
|-supereffective|p2b: Tyranitar|2
|-damage|p2b: Tyranitar|0 fnt
|faint|p2b: Tyranitar
|move|p1b: Farigiraf|Trick Room|p1b: Farigiraf
|-fieldstart|move: Trick Room|[of] p1b: Farigiraf
|
|-weather|Sandstorm|[upkeep]
|-damage|p1b: Farigiraf|22/100|[from] Sandstorm
|-damage|p1a: Blastoise|0 fnt|[from] Sandstorm
|-damage|p2a: Kommo-o|40/100|[from] Sandstorm
|faint|p1a: Blastoise
|-heal|p2a: Kommo-o|46/100|[from] item: Leftovers
|upkeep
|
|t:|1785154769
|switch|p2b: Sinistcha|Sinistcha, L50|64/100
|switch|p1a: Vanilluxe|Vanilluxe, L50, M|100/100
|-weather|Snowscape|[from] ability: Snow Warning|[of] p1a: Vanilluxe
|-heal|p2a: Kommo-o|71/100|[from] ability: Hospitality|[of] p2b: Sinistcha
|turn|7
|
|t:|1785154779
|move|p1b: Farigiraf|Helping Hand|p1a: Vanilluxe
|-singleturn|p1a: Vanilluxe|Helping Hand|[of] p1b: Farigiraf
|move|p2b: Sinistcha|Rage Powder|p2b: Sinistcha
|-singleturn|p2b: Sinistcha|move: Rage Powder
|move|p1a: Vanilluxe|Blizzard|p2b: Sinistcha|[spread] p2a,p2b
|-supereffective|p2a: Kommo-o|1
|-supereffective|p2b: Sinistcha|1
|-damage|p2a: Kommo-o|0 fnt
|-damage|p2b: Sinistcha|0 fnt
|faint|p2a: Kommo-o
|faint|p2b: Sinistcha
|
|win|jomivgc
