|j|☆TheLordNebiros
|j|☆GregulationH
|html|TheLordNebirosGregulationH    
|uhtml|bestof|Game 2 of a best-of-3
|t:|1757827535
|gametype|doubles
|player|p1|TheLordNebiros|2|1122
|player|p2|GregulationH|lucas|1099
|gen|9
|tier|[Gen 9] VGC 2025 Reg H (Bo3)
|rated|
|rule|Species Clause: Limit one of each Pokémon
|rule|Item Clause: Limit 1 of each item
|clearpoke
|poke|p1|Kingambit, L50, F|
|poke|p1|Dragonite, L50, M|
|poke|p1|Archaludon, L50, F|
|poke|p1|Jumpluff, L50, M|
|poke|p1|Gholdengo, L50|
|poke|p1|Ursaluna-Bloodmoon, L50, M|
|poke|p2|Amoonguss, L50, F|
|poke|p2|Flamigo, L50, M|
|poke|p2|Gholdengo, L50|
|poke|p2|Incineroar, L50, M|
|poke|p2|Porygon2, L50|
|poke|p2|Ursaluna, L50, M|
|teampreview|4
|showteam|p1|Kingambit||SafetyGoggles|Defiant|KowtowCleave,SuckerPunch,Protect,SwordsDance|||F|||50|,,,,,Ghost]Dragonite||LoadedDice|Multiscale|ScaleShot,Tailwind,Haze,Protect|||M|||50|,,,,,Fairy]Archaludon||PowerHerb|Stamina|Protect,ElectroShot,FlashCannon,BodyPress|||F|||50|,,,,,Electric]Jumpluff||CovertCloak|Chlorophyll|RagePowder,SleepPowder,Tailwind,RainDance|||M|||50|,,,,,Dark]Gholdengo||LifeOrb|GoodasGold|MakeItRain,ShadowBall,NastyPlot,Protect||||||50|,,,,,Water]Ursaluna-Bloodmoon||AssaultVest|MindsEye|BloodMoon,HyperVoice,EarthPower,Moonblast|||M|||50|,,,,,Fairy
|showteam|p2|Amoonguss||CovertCloak|Regenerator|PollenPuff,Spore,RagePowder,ClearSmog|||F|||50|,,,,,Water]Flamigo||FocusSash|Scrappy|CloseCombat,BraveBird,WideGuard,Protect|||M|||50|,,,,,Ghost]Gholdengo||LifeOrb|GoodasGold|MakeItRain,ShadowBall,NastyPlot,Protect||||||50|,,,,,Dragon]Incineroar||SafetyGoggles|Intimidate|FlareBlitz,KnockOff,PartingShot,FakeOut|||M|||50|,,,,,Ghost]Porygon2||Eviolite|Download|TeraBlast,IceBeam,Recover,TrickRoom||||||50|,,,,,Fighting]Ursaluna||FlameOrb|Guts|Facade,HeadlongRush,Earthquake,Protect|||M|||50|,,,,,Ghost
|inactive|Battle timer is ON: inactive players will automatically lose when time's up. (requested by TheLordNebiros)
|inactive|GregulationH has 60 seconds left.
|inactive|GregulationH has 30 seconds left.
|
|t:|1757827596
|teamsize|p1|4
|teamsize|p2|4
|start
|switch|p1a: Kingambit|Kingambit, L50, F|100/100
|switch|p1b: Jumpluff|Jumpluff, L50, M|100/100
|switch|p2a: Incineroar|Incineroar, L50, M|100/100
|switch|p2b: Gholdengo|Gholdengo, L50|100/100
|-ability|p2a: Incineroar|Intimidate|boost
|-unboost|p1a: Kingambit|atk|1
|-ability|p1a: Kingambit|Defiant|boost
|-boost|p1a: Kingambit|atk|2
|-unboost|p1b: Jumpluff|atk|1
|turn|1
|inactive|TheLordNebiros has 30 seconds left.
|inactive|GregulationH has 30 seconds left.
|
|t:|1757827630
|move|p1a: Kingambit|Protect|p1a: Kingambit
|-singleturn|p1a: Kingambit|Protect
|move|p1b: Jumpluff|Tailwind|p1b: Jumpluff
|-sidestart|p1: TheLordNebiros|move: Tailwind
|move|p2b: Gholdengo|Nasty Plot|p2b: Gholdengo
|-boost|p2b: Gholdengo|spa|2
|move|p2a: Incineroar|Flare Blitz|p1a: Kingambit
|-activate|p1a: Kingambit|move: Protect
|
|upkeep
|turn|2
|inactive|TheLordNebiros has 30 seconds left.
|inactive|TheLordNebiros has 20 seconds left.
|inactive|TheLordNebiros has 15 seconds left.
|inactive|TheLordNebiros has 10 seconds left.
|inactive|TheLordNebiros has 5 seconds left.
|
|t:|1757827682
|-terastallize|p2b: Gholdengo|Dragon
|move|p1b: Jumpluff|Rage Powder|p1b: Jumpluff
|-singleturn|p1b: Jumpluff|move: Rage Powder
|move|p1a: Kingambit|Sucker Punch|p2b: Gholdengo
|-damage|p2b: Gholdengo|38/100
|move|p2b: Gholdengo|Make It Rain|p1b: Jumpluff|[spread] p1a,p1b
|-resisted|p1a: Kingambit
|-damage|p1a: Kingambit|46/100
|-damage|p1b: Jumpluff|0 fnt
|-unboost|p2b: Gholdengo|spa|1
|faint|p1b: Jumpluff
|-damage|p2b: Gholdengo|28/100|[from] item: Life Orb
|move|p2a: Incineroar|Flare Blitz|p1a: Kingambit
|-supereffective|p1a: Kingambit
|-damage|p1a: Kingambit|0 fnt
|faint|p1a: Kingambit
|-damage|p2a: Incineroar|85/100|[from] Recoil
|
|upkeep
|
|t:|1757827703
|switch|p1b: Dragonite|Dragonite, L50, M, shiny|100/100
|switch|p1a: Ursaluna|Ursaluna-Bloodmoon, L50, M|100/100
|turn|3
|inactive|GregulationH has 30 seconds left.
|
|t:|1757827731
|switch|p2a: Ursaluna|Ursaluna, L50, M|100/100
|move|p1b: Dragonite|Scale Shot|p2b: Gholdengo
|-supereffective|p2b: Gholdengo
|-damage|p2b: Gholdengo|0 fnt
|faint|p2b: Gholdengo
|-hitcount|p2: Gholdengo|1
|-unboost|p1b: Dragonite|def|1
|-boost|p1b: Dragonite|spe|1
|move|p1a: Ursaluna|Earth Power|p2a: Ursaluna
|-damage|p2a: Ursaluna|57/100
|
|-status|p2a: Ursaluna|brn|[from] item: Flame Orb
|upkeep
|
|t:|1757827750
|switch|p2b: Incineroar|Incineroar, L50, M|85/100
|-ability|p2b: Incineroar|Intimidate|boost
|-unboost|p1a: Ursaluna|atk|1
|-unboost|p1b: Dragonite|atk|1
|turn|4
|inactive|TheLordNebiros has 30 seconds left.
|
|t:|1757827777
|switch|p2a: Porygon2|Porygon2, L50|100/100
|-ability|p2a: Porygon2|Download|boost
|-boost|p2a: Porygon2|spa|1
|move|p2b: Incineroar|Fake Out|p1a: Ursaluna
|-damage|p1a: Ursaluna|92/100
|move|p1b: Dragonite|Scale Shot|p2a: Porygon2
|-damage|p2a: Porygon2|94/100
|-damage|p2a: Porygon2|88/100
|-damage|p2a: Porygon2|83/100
|-damage|p2a: Porygon2|77/100
|-hitcount|p2a: Porygon2|4
|-unboost|p1b: Dragonite|def|1
|-boost|p1b: Dragonite|spe|1
|cant|p1a: Ursaluna|flinch
|
|-sideend|p1: TheLordNebiros|move: Tailwind
|upkeep
|turn|5
|
|t:|1757827801
|move|p1b: Dragonite|Scale Shot|p2a: Porygon2
|-damage|p2a: Porygon2|70/100
|-damage|p2a: Porygon2|65/100
|-damage|p2a: Porygon2|59/100
|-crit|p2a: Porygon2
|-damage|p2a: Porygon2|46/100
|-damage|p2a: Porygon2|40/100
|-hitcount|p2a: Porygon2|5
|-unboost|p1b: Dragonite|def|1
|-boost|p1b: Dragonite|spe|1
|move|p2b: Incineroar|Knock Off|p1a: Ursaluna
|-crit|p1a: Ursaluna
|-damage|p1a: Ursaluna|45/100
|-enditem|p1a: Ursaluna|Assault Vest|[from] move: Knock Off|[of] p2b: Incineroar
|move|p1a: Ursaluna|Earth Power|p2b: Incineroar
|-supereffective|p2b: Incineroar
|-damage|p2b: Incineroar|0 fnt
|faint|p2b: Incineroar
|move|p2a: Porygon2|Trick Room|p2a: Porygon2
|-fieldstart|move: Trick Room|[of] p2a: Porygon2
|
|upkeep
|
|t:|1757827821
|switch|p2b: Ursaluna|Ursaluna, L50, M|57/100 brn
|turn|6
|inactive|TheLordNebiros has 30 seconds left.
|
|t:|1757827849
|move|p2b: Ursaluna|Facade|p1a: Ursaluna
|-damage|p1a: Ursaluna|0 fnt
|faint|p1a: Ursaluna
|move|p2a: Porygon2|Recover|p2a: Porygon2
|-heal|p2a: Porygon2|90/100
|move|p1b: Dragonite|Haze|p1b: Dragonite
|-clearallboost
|
|-damage|p2b: Ursaluna|52/100 brn|[from] brn
|upkeep
|turn|7
|
|t:|1757827866
|move|p1b: Dragonite|Protect|p1b: Dragonite
|-singleturn|p1b: Dragonite|Protect
|move|p2b: Ursaluna|Facade|p1b: Dragonite
|-activate|p1b: Dragonite|move: Protect
|move|p2a: Porygon2|Ice Beam|p1b: Dragonite
|-activate|p1b: Dragonite|move: Protect
|
|-damage|p2b: Ursaluna|46/100 brn|[from] brn
|upkeep
|turn|8
|inactive|TheLordNebiros has 30 seconds left.
|
|t:|1757827896
|-terastallize|p1b: Dragonite|Fairy
|move|p2b: Ursaluna|Facade|p1b: Dragonite
|-damage|p1b: Dragonite|32/100
|move|p2a: Porygon2|Ice Beam|p1b: Dragonite
|-damage|p1b: Dragonite|6/100
|move|p1b: Dragonite|Scale Shot|p2b: Ursaluna
|-damage|p2b: Ursaluna|34/100 brn
|-damage|p2b: Ursaluna|21/100 brn
|-damage|p2b: Ursaluna|10/100 brn
|-damage|p2b: Ursaluna|0 fnt
|faint|p2b: Ursaluna
|-hitcount|p2: Ursaluna|4
|-unboost|p1b: Dragonite|def|1
|-boost|p1b: Dragonite|spe|1
|
|upkeep
|turn|9
|
|t:|1757827912
|move|p1b: Dragonite|Protect|p1b: Dragonite
|-singleturn|p1b: Dragonite|Protect
|move|p2a: Porygon2|Tera Blast|p1b: Dragonite
|-activate|p1b: Dragonite|move: Protect
|
|-fieldend|move: Trick Room
|upkeep
|turn|10
|
|t:|1757827915
|move|p1b: Dragonite|Scale Shot|p2a: Porygon2
|-damage|p2a: Porygon2|81/100
|-damage|p2a: Porygon2|73/100
|-damage|p2a: Porygon2|65/100
|-damage|p2a: Porygon2|55/100
|-hitcount|p2a: Porygon2|4
|-unboost|p1b: Dragonite|def|1
|-boost|p1b: Dragonite|spe|1
|move|p2a: Porygon2|Tera Blast|p1b: Dragonite
|-damage|p1b: Dragonite|0 fnt
|faint|p1b: Dragonite
|
|win|GregulationH
||GregulationH is ready for game 3.
||TheLordNebiros is ready for game 3.
|uhtml|next|Next: Game 3 of 3
