|j|☆Professor_J93
|j|☆Gancelot
|html|Professor_J93Gancelot    
|uhtml|bestof|Game 1 of a best-of-3
|t:|1783537958
|gametype|doubles
|player|p1|Professor_J93|n|1279
|player|p2|Gancelot|morty|1365
|gen|9
|tier|[Gen 9 Champions] VGC 2026 Reg M-B (Bo3)
|rated|
|rule|Species Clause: Limit one of each Pokémon
|rule|Item Clause: Limit 1 of each item
|clearpoke
|poke|p1|Eelektross, L50, M|
|poke|p1|Talonflame, L50, M|
|poke|p1|Garchomp, L50, M|
|poke|p1|Mawile, L50, M|
|poke|p1|Sinistcha, L50|
|poke|p1|Sneasler, L50, F|
|poke|p2|Garchomp, L50, F|
|poke|p2|Venusaur, L50, M|
|poke|p2|Incineroar, L50, F|
|poke|p2|Charizard, L50, F|
|poke|p2|Toxapex, L50, M|
|poke|p2|Annihilape, L50, F|
|teampreview|4
|showteam|p1|Eelektross||Eelektrossite|Levitate|Thunderbolt,GigaDrain,DragonPulse,Protect|Modest||M|||50|]Talonflame||LifeOrb|GaleWings|BraveBird,Overheat,Tailwind,Protect|Naive||M|||50|]Garchomp||FocusSash|RoughSkin|DragonClaw,Earthquake,RockSlide,Protect|Jolly||M|||50|]Mawile||Mawilite|Intimidate|IronHead,PlayRough,SuckerPunch,Protect|Adamant||M|||50|]Sinistcha||KasibBerry|Hospitality|MatchaGotcha,RagePowder,TrickRoom,Protect|Bold|||||50|]Sneasler||WhiteHerb|Unburden|DireClaw,CloseCombat,FakeOut,Protect|Adamant||F|||50|
|showteam|p2|Garchomp||ChoiceScarf|RoughSkin|Earthquake,RockSlide,DragonClaw,StompingTantrum|Adamant||F|||50|]Venusaur||LifeOrb|Chlorophyll|SludgeBomb,SolarBeam,EarthPower,Protect|Modest||M|||50|]Incineroar||SitrusBerry|Intimidate|FakeOut,FlareBlitz,ThroatChop,PartingShot|Impish||F|||50|]Charizard||CharizarditeY|Blaze|HeatWave,WeatherBall,Protect,HelpingHand|Modest||F|||50|]Toxapex||Leftovers|Regenerator|Infestation,Toxic,WideGuard,BanefulBunker|Impish||M|||50|]Annihilape||FocusSash|Defiant|CloseCombat,PhantomForce,RockTomb,Protect|Jolly||F|||50|
|inactive|Battle timer is ON: inactive players will automatically lose when time's up. (requested by Gancelot)
|inactive|Gancelot has 60 seconds left.
|
|t:|1783538016
|teamsize|p1|4
|teamsize|p2|4
|start
|switch|p1a: Eelektross|Eelektross, L50, M|100/100
|switch|p1b: Talonflame|Talonflame, L50, M|100/100
|switch|p2a: Garchomp|Garchomp, L50, F|100/100
|switch|p2b: Charizard|Charizard, L50, F|100/100
|turn|1
|inactive|Gancelot has 30 seconds left.
|
|t:|1783538043
|detailschange|p2b: Charizard|Charizard-Mega-Y, L50, F
|-mega|p2b: Charizard|Charizard|Charizardite Y
|-weather|SunnyDay|[from] ability: Drought|[of] p2b: Charizard
|move|p1b: Talonflame|Protect|p1b: Talonflame
|-singleturn|p1b: Talonflame|Protect
|move|p1a: Eelektross|Protect|p1a: Eelektross
|-singleturn|p1a: Eelektross|Protect
|move|p2a: Garchomp|Rock Slide|p1b: Talonflame|[spread] 
|-activate|p1a: Eelektross|move: Protect
|-activate|p1b: Talonflame|move: Protect
|move|p2b: Charizard|Heat Wave|p1b: Talonflame|[spread] 
|-activate|p1a: Eelektross|move: Protect
|-activate|p1b: Talonflame|move: Protect
|
|-weather|SunnyDay|[upkeep]
|upkeep
|turn|2
|
|t:|1783538060
|switch|p2a: Incineroar|Incineroar, L50, F|100/100
|-ability|p2a: Incineroar|Intimidate|boost
|-unboost|p1a: Eelektross|atk|1
|-unboost|p1b: Talonflame|atk|1
|detailschange|p1a: Eelektross|Eelektross-Mega, L50, M
|-mega|p1a: Eelektross|Eelektross|Eelektrossite
|move|p2b: Charizard|Protect|p2b: Charizard
|-singleturn|p2b: Charizard|Protect
|move|p1b: Talonflame|Tailwind|p1b: Talonflame
|-sidestart|p1: Professor_J93|move: Tailwind
|move|p1a: Eelektross|Thunderbolt|p2b: Charizard
|-activate|p2b: Charizard|move: Protect
|
|-weather|SunnyDay|[upkeep]
|upkeep
|turn|3
|
|t:|1783538080
|switch|p1b: Garchomp|Garchomp, L50, M|100/100
|move|p1a: Eelektross|Protect|p1a: Eelektross
|-singleturn|p1a: Eelektross|Protect
|move|p2a: Incineroar|Fake Out|p1a: Eelektross
|-activate|p1a: Eelektross|move: Protect
|move|p2b: Charizard|Heat Wave|p1a: Eelektross|[spread] p1b
|-activate|p1a: Eelektross|move: Protect
|-resisted|p1b: Garchomp|1
|-damage|p1b: Garchomp|67/100
|
|-weather|SunnyDay|[upkeep]
|upkeep
|turn|4
|
|t:|1783538091
|switch|p2a: Garchomp|Garchomp, L50, F|100/100
|move|p2b: Charizard|Protect|p2b: Charizard
|-singleturn|p2b: Charizard|Protect
|move|p1b: Garchomp|Earthquake|p2a: Garchomp|[spread] p2a
|-activate|p2b: Charizard|move: Protect
|-immune|p1a: Eelektross|[from] ability: Eelevate
|-damage|p2a: Garchomp|63/100
|move|p1a: Eelektross|Thunderbolt|p2a: Garchomp
|-immune|p2a: Garchomp
|
|-weather|SunnyDay|[upkeep]
|upkeep
|turn|5
|
|t:|1783538110
|switch|p2b: Incineroar|Incineroar, L50, F|100/100
|-ability|p2b: Incineroar|Intimidate|boost
|-unboost|p1a: Eelektross|atk|1
|-unboost|p1b: Garchomp|atk|1
|move|p1b: Garchomp|Rock Slide|p2a: Garchomp|[spread] p2a,p2b
|-resisted|p2a: Garchomp|1
|-supereffective|p2b: Incineroar|1
|-damage|p2a: Garchomp|57/100
|-damage|p2b: Incineroar|78/100
|move|p2a: Garchomp|Dragon Claw|p1b: Garchomp
|-supereffective|p1b: Garchomp|1
|-damage|p1b: Garchomp|0 fnt
|-damage|p2a: Garchomp|45/100|[from] ability: Rough Skin|[of] p1b: Garchomp
|faint|p1b: Garchomp
|move|p1a: Eelektross|Dragon Pulse|p2a: Garchomp
|-supereffective|p2a: Garchomp|1
|-damage|p2a: Garchomp|0 fnt
|faint|p2a: Garchomp
|-ability|p1a: Eelektross|Eelevate|boost
|-boost|p1a: Eelektross|spa|1
|
|-weather|none
|-sideend|p1: Professor_J93|move: Tailwind
|upkeep
|
|t:|1783538131
|switch|p1b: Talonflame|Talonflame, L50, M|100/100
|switch|p2a: Charizard|Charizard-Mega-Y, L50, F|100/100
|-weather|SunnyDay|[from] ability: Drought|[of] p2a: Charizard
|turn|6
|
|t:|1783538154
|move|p1b: Talonflame|Protect|p1b: Talonflame
|-singleturn|p1b: Talonflame|Protect
|move|p1a: Eelektross|Protect|p1a: Eelektross
|-singleturn|p1a: Eelektross|Protect
|move|p2a: Charizard|Weather Ball|p1a: Eelektross
|-activate|p1a: Eelektross|move: Protect
|move|p2b: Incineroar|Parting Shot|p2a: Charizard
|-unboost|p2a: Charizard|atk|1
|-unboost|p2a: Charizard|spa|1
|
|t:|1783538159
|switch|p2b: Venusaur|Venusaur, L50, M|100/100|[from] Parting Shot
|
|-weather|SunnyDay|[upkeep]
|upkeep
|turn|7
|inactive|Gancelot has 30 seconds left.
|
|t:|1783538186
|switch|p2a: Incineroar|Incineroar, L50, F|78/100
|-ability|p2a: Incineroar|Intimidate|boost
|-unboost|p1a: Eelektross|atk|1
|-unboost|p1b: Talonflame|atk|1
|move|p2b: Venusaur|Protect|p2b: Venusaur
|-singleturn|p2b: Venusaur|Protect
|move|p1b: Talonflame|Tailwind|p1b: Talonflame
|-sidestart|p1: Professor_J93|move: Tailwind
|move|p1a: Eelektross|Thunderbolt|p2a: Incineroar
|-damage|p2a: Incineroar|6/100
|-enditem|p2a: Incineroar|Sitrus Berry|[eat]
|-heal|p2a: Incineroar|31/100|[from] item: Sitrus Berry
|
|-weather|SunnyDay|[upkeep]
|upkeep
|turn|8
|
|t:|1783538205
|switch|p2a: Charizard|Charizard-Mega-Y, L50, F|100/100
|move|p1b: Talonflame|Overheat|p2b: Venusaur
|-supereffective|p2b: Venusaur|1
|-damage|p2b: Venusaur|0 fnt
|-unboost|p1b: Talonflame|spa|2
|faint|p2b: Venusaur
|-damage|p1b: Talonflame|90/100|[from] item: Life Orb
|move|p1a: Eelektross|Thunderbolt|p2a: Charizard
|-supereffective|p2a: Charizard|1
|-damage|p2a: Charizard|0 fnt
|faint|p2a: Charizard
|-ability|p1a: Eelektross|Eelevate|boost
|-boost|p1a: Eelektross|spa|1
|
|-weather|SunnyDay|[upkeep]
|upkeep
|-message|Gancelot forfeited.
|
|win|Professor_J93
||Gancelot is ready for game 2.
||Professor_J93 is ready for game 2.
|uhtml|next|Next: Game 2 of 3
