|j|☆KChiefs7
|j|☆endertytar
|html|KChiefs7endertytar    
|uhtml|bestof|Game 1 of a best-of-3
|t:|1757096615
|gametype|doubles
|player|p1|KChiefs7|swimmer-gen4|1069
|player|p2|endertytar|hugh|1169
|gen|9
|tier|[Gen 9] VGC 2025 Reg H (Bo3)
|rated|
|rule|Species Clause: Limit one of each Pokémon
|rule|Item Clause: Limit 1 of each item
|clearpoke
|poke|p1|Ursaluna, L50, F|
|poke|p1|Gholdengo, L50|
|poke|p1|Flamigo, L50, F|
|poke|p1|Amoonguss, L50, M|
|poke|p1|Porygon2, L50|
|poke|p1|Incineroar, L50, F|
|poke|p2|Tyranitar, L50, F|
|poke|p2|Dondozo, L50, F|
|poke|p2|Sneasler, L50, F|
|poke|p2|Gholdengo, L50|
|poke|p2|Indeedee, L50, M|
|poke|p2|Volcarona, L50, M|
|teampreview|4
|showteam|p1|Ursaluna||FlameOrb|Guts|Facade,HeadlongRush,Earthquake,Protect|||F|||50|,,,,,Ghost]Gholdengo||LifeOrb|GoodasGold|MakeItRain,ShadowBall,NastyPlot,Protect||||||50|,,,,,Water]Flamigo||FocusSash|Scrappy|Detect,CloseCombat,WideGuard,DualWingbeat|||F|||50|,,,,,Ghost]Amoonguss||CovertCloak|Regenerator|RagePowder,Spore,PollenPuff,ClearSmog|||M|||50|,,,,,Fairy]Porygon2||Eviolite|Download|TeraBlast,IceBeam,Recover,TrickRoom||||||50|,,,,,Flying]Incineroar||SafetyGoggles|Intimidate|FlareBlitz,KnockOff,FakeOut,PartingShot|||F|||50|,,,,,Ghost
|showteam|p2|Tyranitar||ClearAmulet|SandStream|Protect,DragonDance,RockSlide,KnockOff|||F|||50|,,,,,Ghost]Dondozo||Leftovers|Unaware|Protect,Yawn,Liquidation,Substitute|||F|||50|,,,,,Grass]Sneasler||PsychicSeed|Unburden|CloseCombat,DireClaw,Coaching,Protect|||F|||50|,,,,,Dark]Gholdengo||MetalCoat|GoodasGold|Protect,NastyPlot,ShadowBall,MakeItRain||||||50|,,,,,Steel]Indeedee||ChoiceScarf|PsychicSurge|Trick,ExpandingForce,TrickRoom,Protect|||M|||50|,,,,,Psychic]Volcarona||SitrusBerry|FlameBody|Tailwind,FieryDance,StruggleBug,RagePowder|||M|||50|,,,,,Grass
|inactive|Battle timer is ON: inactive players will automatically lose when time's up. (requested by KChiefs7)
|inactive|KChiefs7 has 60 seconds left.
|inactive|KChiefs7 has 30 seconds left.
|
|t:|1757096682
|teamsize|p1|4
|teamsize|p2|4
|start
|switch|p1a: Porygon2|Porygon2, L50|100/100
|switch|p1b: Incineroar|Incineroar, L50, F, shiny|100/100
|switch|p2a: Indeedee|Indeedee, L50, M|100/100
|switch|p2b: Dondozo|Dondozo, L50, F|100/100
|-fieldstart|move: Psychic Terrain|[from] ability: Psychic Surge|[of] p2a: Indeedee
|-ability|p1b: Incineroar|Intimidate|boost
|-unboost|p2a: Indeedee|atk|1
|-unboost|p2b: Dondozo|atk|1
|-ability|p1a: Porygon2|Download|boost
|-boost|p1a: Porygon2|atk|1
|turn|1
|inactive|KChiefs7 has 30 seconds left.
|inactive|KChiefs7 has 20 seconds left.
|
|t:|1757096718
|move|p2a: Indeedee|Trick|p1a: Porygon2
|-activate|p2a: Indeedee|move: Trick|[of] p1a: Porygon2
|-item|p1a: Porygon2|Choice Scarf|[from] move: Trick
|-item|p2a: Indeedee|Eviolite|[from] move: Trick
|move|p1b: Incineroar|Parting Shot|p2b: Dondozo
|-unboost|p2b: Dondozo|atk|1
|-unboost|p2b: Dondozo|spa|1
|
|t:|1757096729
|switch|p1b: Ursaluna|Ursaluna, L50, F|100/100|[from] Parting Shot
|move|p2b: Dondozo|Yawn|p1a: Porygon2
|-start|p1a: Porygon2|move: Yawn|[of] p2b: Dondozo
|move|p1a: Porygon2|Trick Room|p1a: Porygon2
|-fieldstart|move: Trick Room|[of] p1a: Porygon2
|
|-status|p1b: Ursaluna|brn|[from] item: Flame Orb
|upkeep
|turn|2
|inactive|KChiefs7 has 30 seconds left.
|
|t:|1757096762
|switch|p1a: Incineroar|Incineroar, L50, F, shiny|100/100
|-ability|p1a: Incineroar|Intimidate|boost
|-unboost|p2a: Indeedee|atk|1
|-unboost|p2b: Dondozo|atk|1
|move|p1b: Ursaluna|Facade|p2a: Indeedee
|-damage|p2a: Indeedee|0 fnt
|faint|p2a: Indeedee
|move|p2b: Dondozo|Yawn|p1a: Incineroar
|-start|p1a: Incineroar|move: Yawn|[of] p2b: Dondozo
|
|-damage|p1b: Ursaluna|95/100 brn|[from] brn
|upkeep
|
|t:|1757096774
|switch|p2a: Tyranitar|Tyranitar, L50, F|100/100
|-weather|Sandstorm|[from] ability: Sand Stream|[of] p2a: Tyranitar
|turn|3
|
|t:|1757096789
|move|p2b: Dondozo|Protect|p2b: Dondozo
|-singleturn|p2b: Dondozo|Protect
|move|p2a: Tyranitar|Protect|p2a: Tyranitar
|-singleturn|p2a: Tyranitar|Protect
|move|p1b: Ursaluna|Earthquake|p2a: Tyranitar|[spread] p1a
|-activate|p2a: Tyranitar|move: Protect
|-activate|p2b: Dondozo|move: Protect
|-supereffective|p1a: Incineroar
|-damage|p1a: Incineroar|0 fnt
|faint|p1a: Incineroar
|
|-weather|Sandstorm|[upkeep]
|-damage|p2b: Dondozo|95/100|[from] Sandstorm
|-heal|p2b: Dondozo|100/100|[from] item: Leftovers
|-damage|p1b: Ursaluna|89/100 brn|[from] brn
|upkeep
|
|t:|1757096796
|switch|p1a: Amoonguss|Amoonguss, L50, M, shiny|100/100
|turn|4
|inactive|KChiefs7 has 30 seconds left.
|inactive|KChiefs7 has 20 seconds left.
|inactive|KChiefs7 has 15 seconds left.
|
|t:|1757096838
|-terastallize|p1b: Ursaluna|Ghost
|-terastallize|p2a: Tyranitar|Ghost
|move|p1b: Ursaluna|Earthquake|p2a: Tyranitar|[spread] p1a,p2a,p2b
|-damage|p1a: Amoonguss|42/100
|-damage|p2a: Tyranitar|35/100
|-damage|p2b: Dondozo|59/100
|move|p1a: Amoonguss|Spore|p2a: Tyranitar
|-status|p2a: Tyranitar|slp|[from] move: Spore
|move|p2b: Dondozo|Liquidation|p1b: Ursaluna
|-damage|p1b: Ursaluna|79/100 brn
|cant|p2a: Tyranitar|slp
|
|-weather|Sandstorm|[upkeep]
|-damage|p1b: Ursaluna|74/100 brn|[from] Sandstorm
|-damage|p1a: Amoonguss|36/100|[from] Sandstorm
|-damage|p2b: Dondozo|53/100|[from] Sandstorm
|-damage|p2a: Tyranitar|29/100 slp|[from] Sandstorm
|-heal|p2b: Dondozo|59/100|[from] item: Leftovers
|-damage|p1b: Ursaluna|68/100 brn|[from] brn
|upkeep
|turn|5
|inactive|KChiefs7 has 30 seconds left.
|
|t:|1757096865
|switch|p1a: Porygon2|Porygon2, L50|100/100
|-ability|p1a: Porygon2|Download|boost
|-boost|p1a: Porygon2|spa|1
|cant|p2a: Tyranitar|slp
|move|p1b: Ursaluna|Facade|p2b: Dondozo
|-damage|p2b: Dondozo|0 fnt
|faint|p2b: Dondozo
|
|-weather|Sandstorm|[upkeep]
|-damage|p1b: Ursaluna|62/100 brn|[from] Sandstorm
|-damage|p2a: Tyranitar|23/100 slp|[from] Sandstorm
|-damage|p1a: Porygon2|94/100|[from] Sandstorm
|-damage|p1b: Ursaluna|56/100 brn|[from] brn
|-fieldend|move: Trick Room
|-fieldend|move: Psychic Terrain
|upkeep
|
|t:|1757096878
|switch|p2b: Gholdengo|Gholdengo, L50|100/100
|turn|6
|
|t:|1757096896
|switch|p1b: Amoonguss|Amoonguss, L50, M, shiny|69/100
|move|p1a: Porygon2|Recover|p1a: Porygon2
|-heal|p1a: Porygon2|100/100
|move|p2b: Gholdengo|Make It Rain|p1a: Porygon2|[spread] p1a,p1b
|-damage|p1a: Porygon2|41/100
|-damage|p1b: Amoonguss|22/100
|-unboost|p2b: Gholdengo|spa|1
|cant|p2a: Tyranitar|slp
|
|-weather|Sandstorm|[upkeep]
|-damage|p1a: Porygon2|35/100|[from] Sandstorm
|-damage|p2a: Tyranitar|16/100 slp|[from] Sandstorm
|-damage|p1b: Amoonguss|16/100|[from] Sandstorm
|upkeep
|turn|7
|inactive|KChiefs7 has 30 seconds left.
|inactive|KChiefs7 has 20 seconds left.
|inactive|KChiefs7 has 15 seconds left.
|inactive|KChiefs7 has 10 seconds left.
|inactive|KChiefs7 has 5 seconds left.
|
|t:|1757096947
|switch|p1a: Ursaluna|Ursaluna, L50, F, tera:Ghost|56/100 brn
|move|p2b: Gholdengo|Nasty Plot|p2b: Gholdengo
|-boost|p2b: Gholdengo|spa|2
|-curestatus|p2a: Tyranitar|slp|[msg]
|move|p2a: Tyranitar|Knock Off|p1a: Ursaluna
|-supereffective|p1a: Ursaluna
|-damage|p1a: Ursaluna|0 fnt
|-enditem|p1a: Ursaluna|Flame Orb|[from] move: Knock Off|[of] p2a: Tyranitar
|faint|p1a: Ursaluna
|move|p1b: Amoonguss|Pollen Puff|p1: Ursaluna|[notarget]
|-fail|p1b: Amoonguss
|
|-weather|none
|upkeep
|
|t:|1757096955
|switch|p1a: Porygon2|Porygon2, L50|35/100
|-ability|p1a: Porygon2|Download|boost
|-boost|p1a: Porygon2|spa|1
|turn|8
|
|t:|1757096971
|move|p1a: Porygon2|Ice Beam|p2a: Tyranitar
|-damage|p2a: Tyranitar|0 fnt
|faint|p2a: Tyranitar
|move|p2b: Gholdengo|Make It Rain|p1a: Porygon2|[spread] p1a,p1b
|-damage|p1a: Porygon2|0 fnt
|-damage|p1b: Amoonguss|0 fnt
|-unboost|p2b: Gholdengo|spa|1
|faint|p1a: Porygon2
|faint|p1b: Amoonguss
|
|win|endertytar
||KChiefs7 is ready for game 2.
|inactive|endertytar has 30 seconds to confirm battle start!
||endertytar is ready for game 2.
|uhtml|next|Next: Game 2 of 3
