|j|☆Luckstat10
|j|☆Jakobtc
|html|Luckstat10Jakobtc    
|uhtml|bestof|Game 1 of a best-of-3
|t:|1756672271
|gametype|doubles
|player|p1|Luckstat10|266|1178
|player|p2|Jakobtc|riley|1166
|gen|9
|tier|[Gen 9] VGC 2025 Reg H (Bo3)
|rated|
|rule|Species Clause: Limit one of each Pokémon
|rule|Item Clause: Limit 1 of each item
|clearpoke
|poke|p1|Rillaboom, L50, M|
|poke|p1|Sneasler, L50, F|
|poke|p1|Gholdengo, L50|
|poke|p1|Milotic, L50, F|
|poke|p1|Garchomp, L50, M|
|poke|p1|Volcarona, L50, F|
|poke|p2|Gholdengo, L50|
|poke|p2|Incineroar, L50, M|
|poke|p2|Ursaluna, L50, M|
|poke|p2|Porygon2, L50|
|poke|p2|Kilowattrel, L50, M|
|poke|p2|Sneasler, L50, F|
|teampreview|4
|showteam|p1|Rillaboom||AssaultVest|GrassySurge|FakeOut,WoodHammer,GrassyGlide,HighHorsepower|||M|||50|,,,,,Fire]Sneasler||FocusSash|PoisonTouch|FakeOut,CloseCombat,DireClaw,Protect|||F|||50|,,,,,Stellar]Gholdengo||LifeOrb|GoodasGold|NastyPlot,MakeItRain,ShadowBall,Protect||||||50|,,,,,Water]Milotic||FlameOrb|MarvelScale|IcyWind,Scald,Haze,Recover|||F|||50|,,,,,Dragon]Garchomp||ChoiceScarf|RoughSkin|DragonClaw,StompingTantrum,Earthquake,RockSlide|||M|||50|,,,,,Fairy]Volcarona||CovertCloak|FlameBody|QuiverDance,HeatWave,GigaDrain,Protect|||F|||50|,,,,,Grass
|showteam|p2|Gholdengo||LifeOrb|GoodasGold|MakeItRain,ShadowBall,NastyPlot,Protect||||||50|,,,,,Dragon]Incineroar||SafetyGoggles|Intimidate|FakeOut,FlareBlitz,KnockOff,PartingShot|||M|||50|,,,,,Bug]Ursaluna||FlameOrb|Guts|Facade,HeadlongRush,Earthquake,Protect|||M|||50|,,,,,Ghost]Porygon2||Eviolite|Download|TeraBlast,IceBeam,Recover,TrickRoom||||||50|,,,,,Flying]Kilowattrel||FocusSash|Competitive|AirSlash,Thunderbolt,Tailwind,Protect|||M|||50|,,,,,Ghost]Sneasler||WhiteHerb|Pressure|DireClaw,CloseCombat,ThroatChop,Protect|||F|||50|,,,,,Stellar
|c|☆Jakobtc|glhf
|
|t:|1756672298
|teamsize|p1|4
|teamsize|p2|4
|start
|switch|p1a: Midas|Gholdengo, L50|100/100
|switch|p1b: Dare|Sneasler, L50, F|100/100
|switch|p2a: Incineroar|Incineroar, L50, M|100/100
|switch|p2b: Porygon2|Porygon2, L50, shiny|100/100
|-ability|p2b: Porygon2|Download|boost
|-boost|p2b: Porygon2|atk|1
|-ability|p2a: Incineroar|Intimidate|boost
|-unboost|p1a: Midas|atk|1
|-unboost|p1b: Dare|atk|1
|turn|1
|
|t:|1756672324
|switch|p2b: Gholdengo|Gholdengo, L50|100/100
|move|p1b: Dare|Fake Out|p2b: Gholdengo
|-immune|p2b: Gholdengo
|move|p1a: Midas|Nasty Plot|p1a: Midas
|-boost|p1a: Midas|spa|2
|move|p2a: Incineroar|Knock Off|p1a: Midas
|-supereffective|p1a: Midas
|-damage|p1a: Midas|30/100
|-enditem|p1a: Midas|Life Orb|[from] move: Knock Off|[of] p2a: Incineroar
|
|upkeep
|turn|2
|
|t:|1756672357
|-terastallize|p1b: Dare|Stellar
|-terastallize|p2b: Gholdengo|Dragon
|move|p1a: Midas|Protect|p1a: Midas
|-singleturn|p1a: Midas|Protect
|move|p1b: Dare|Close Combat|p2a: Incineroar
|-supereffective|p2a: Incineroar
|-damage|p2a: Incineroar|1/100
|-unboost|p1b: Dare|def|1
|-unboost|p1b: Dare|spd|1
|move|p2b: Gholdengo|Make It Rain|p1a: Midas|[spread] p1b
|-activate|p1a: Midas|move: Protect
|-enditem|p1b: Dare|Focus Sash
|-damage|p1b: Dare|1/100
|-unboost|p2b: Gholdengo|spa|1
|-damage|p2b: Gholdengo|91/100|[from] item: Life Orb
|move|p2a: Incineroar|Flare Blitz|p1a: Midas
|-activate|p1a: Midas|move: Protect
|
|upkeep
|turn|3
|
|t:|1756672383
|switch|p2a: Porygon2|Porygon2, L50, shiny|100/100
|-ability|p2a: Porygon2|Download|boost
|-boost|p2a: Porygon2|atk|1
|move|p2b: Gholdengo|Protect|p2b: Gholdengo
|-singleturn|p2b: Gholdengo|Protect
|move|p1b: Dare|Dire Claw|p2b: Gholdengo
|-activate|p2b: Gholdengo|move: Protect
|move|p1a: Midas|Make It Rain|p2b: Gholdengo|[spread] p2a
|-activate|p2b: Gholdengo|move: Protect
|-damage|p2a: Porygon2|49/100
|-unboost|p1a: Midas|spa|1
|
|upkeep
|turn|4
|
|t:|1756672405
|switch|p2a: Incineroar|Incineroar, L50, M|1/100
|-ability|p2a: Incineroar|Intimidate|boost
|-unboost|p1a: Midas|atk|1
|-unboost|p1b: Dare|atk|1
|move|p1b: Dare|Close Combat|p2a: Incineroar
|-supereffective|p2a: Incineroar
|-damage|p2a: Incineroar|0 fnt
|-unboost|p1b: Dare|def|1
|-unboost|p1b: Dare|spd|1
|faint|p2a: Incineroar
|move|p2b: Gholdengo|Make It Rain|p1b: Dare|[spread] p1a,p1b
|-resisted|p1a: Midas
|-damage|p1a: Midas|9/100
|-damage|p1b: Dare|0 fnt
|-unboost|p2b: Gholdengo|spa|1
|faint|p1b: Dare
|-damage|p2b: Gholdengo|82/100|[from] item: Life Orb
|move|p1a: Midas|Make It Rain|p2b: Gholdengo
|-damage|p2b: Gholdengo|0 fnt
|-unboost|p1a: Midas|spa|1
|faint|p2b: Gholdengo
|
|upkeep
|
|t:|1756672425
|switch|p1b: Koba|Rillaboom, L50, M, shiny|100/100
|switch|p2b: Porygon2|Porygon2, L50, shiny|49/100
|switch|p2a: Ursaluna|Ursaluna, L50, M|100/100
|-fieldstart|move: Grassy Terrain|[from] ability: Grassy Surge|[of] p1b: Koba
|-ability|p2b: Porygon2|Download|boost
|-boost|p2b: Porygon2|spa|1
|turn|5
|
|t:|1756672461
|move|p1b: Koba|Fake Out|p2b: Porygon2
|-damage|p2b: Porygon2|39/100
|move|p1a: Midas|Nasty Plot|p1a: Midas
|-boost|p1a: Midas|spa|2
|move|p2a: Ursaluna|Earthquake|p1b: Koba|[spread] p2b,p1a,p1b
|-supereffective|p1a: Midas
|-resisted|p1b: Koba
|-damage|p2b: Porygon2|24/100
|-damage|p1a: Midas|0 fnt
|-damage|p1b: Koba|91/100
|faint|p1a: Midas
|cant|p2b: Porygon2|flinch
|
|-heal|p1b: Koba|97/100|[from] Grassy Terrain
|-heal|p2b: Porygon2|31/100|[from] Grassy Terrain
|-status|p2a: Ursaluna|brn|[from] item: Flame Orb
|upkeep
|
|t:|1756672464
|switch|p1a: Mothra|Volcarona, L50, F, shiny|100/100
|turn|6
|
|t:|1756672482
|move|p2a: Ursaluna|Protect|p2a: Ursaluna
|-singleturn|p2a: Ursaluna|Protect
|move|p1a: Mothra|Quiver Dance|p1a: Mothra
|-boost|p1a: Mothra|spa|1
|-boost|p1a: Mothra|spd|1
|-boost|p1a: Mothra|spe|1
|move|p1b: Koba|Wood Hammer|p2b: Porygon2
|-damage|p2b: Porygon2|0 fnt
|faint|p2b: Porygon2
|-damage|p1b: Koba|88/100|[from] Recoil
|
|-heal|p1b: Koba|94/100|[from] Grassy Terrain
|-damage|p2a: Ursaluna|94/100 brn|[from] brn
|upkeep
|turn|7
|
|t:|1756672494
|move|p1a: Mothra|Giga Drain|p2a: Ursaluna
|-supereffective|p2a: Ursaluna
|-damage|p2a: Ursaluna|3/100 brn
|move|p1b: Koba|Wood Hammer|p2a: Ursaluna
|-supereffective|p2a: Ursaluna
|-damage|p2a: Ursaluna|0 fnt
|faint|p2a: Ursaluna
|-damage|p1b: Koba|93/100|[from] Recoil
|
|win|Luckstat10
||Luckstat10 is ready for game 2.
