|j|☆Gozante
|j|☆palle synchro
|html|Gozantepalle synchro    
|uhtml|bestof|Game 2 of a best-of-3
|t:|1755965210
|gametype|doubles
|player|p1|Gozante|102|1409
|player|p2|palle synchro|volkner|1464
|gen|9
|tier|[Gen 9] VGC 2025 Reg H (Bo3)
|rated|
|rule|Species Clause: Limit one of each Pokémon
|rule|Item Clause: Limit 1 of each item
|clearpoke
|poke|p1|Pelipper, L50, M|
|poke|p1|Archaludon, L50, F|
|poke|p1|Sinistcha, L50|
|poke|p1|Ursaluna, L50, F|
|poke|p1|Dragonite, L50, M|
|poke|p1|Incineroar, L50, M|
|poke|p2|Whimsicott, L50, F|
|poke|p2|Garchomp, L50, F|
|poke|p2|Indeedee, L50, M|
|poke|p2|Sneasler, L50, M|
|poke|p2|Ursaluna-Bloodmoon, L50, M|
|poke|p2|Archaludon, L50, F|
|teampreview|4
|showteam|p1|Pelipper||FocusSash|Drizzle|MuddyWater,Hurricane,Protect,Tailwind|||M|||50|,,,,,Ghost]Archaludon||AssaultVest|Stamina|FlashCannon,BodyPress,ElectroShot,Snarl|||F|||50|,,,,,Bug]Sinistcha||SitrusBerry|Hospitality|MatchaGotcha,LifeDew,RagePowder,TrickRoom||||||50|,,,,,Dark]Ursaluna||FlameOrb|Guts|Protect,Facade,HeadlongRush,Earthquake|||F|||50|,,,,,Ghost]Dragonite||LoadedDice|Multiscale|Protect,ScaleShot,Haze,Tailwind|||M|||50|,,,,,Fairy]Incineroar||SafetyGoggles|Intimidate|FakeOut,PartingShot,KnockOff,FlareBlitz|||M|||50|,,,,,Ghost
|showteam|p2|Whimsicott||CovertCloak|Prankster|Moonblast,Taunt,Tailwind,FakeTears|||F|||50|,,,,,Water]Garchomp||LoadedDice|RoughSkin|ScaleShot,StompingTantrum,SwordsDance,Protect|||F|||50|,,,,,Steel]Indeedee||FocusSash|PsychicSurge|ExpandingForce,TeraBlast,Imprison,TrickRoom|||M|||50|,,,,,Psychic]Sneasler||PsychicSeed|Unburden|CloseCombat,DireClaw,ThroatChop,Protect|||M|||50|,,,,,Dark]Ursaluna-Bloodmoon||LifeOrb|MindsEye|HyperVoice,BloodMoon,EarthPower,Protect|||M|||50|,,,,,Normal]Archaludon||PowerHerb|Stalwart|ElectroShot,DragonPulse,Thunderbolt,Protect|||F|||50|,,,,,Electric
|inactive|Battle timer is ON: inactive players will automatically lose when time's up. (requested by palle synchro)
|
|t:|1755965229
|teamsize|p1|4
|teamsize|p2|4
|start
|switch|p1a: Pelipper|Pelipper, L50, M|100/100
|switch|p1b: Archaludon|Archaludon, L50, F|100/100
|switch|p2a: Whimsicott|Whimsicott, L50, F|100/100
|switch|p2b: Ursaluna|Ursaluna-Bloodmoon, L50, M|100/100
|-weather|RainDance|[from] ability: Drizzle|[of] p1a: Pelipper
|turn|1
|
|t:|1755965245
|switch|p1b: Dragonite|Dragonite, L50, M|100/100
|move|p2a: Whimsicott|Taunt|p1a: Pelipper
|-start|p1a: Pelipper|move: Taunt
|cant|p1a: Pelipper|move: Taunt|Tailwind
|move|p2b: Ursaluna|Earth Power|p1b: Dragonite
|-immune|p1b: Dragonite
|
|-weather|RainDance|[upkeep]
|upkeep
|turn|2
|
|t:|1755965269
|-terastallize|p2a: Whimsicott|Water
|move|p2a: Whimsicott|Tailwind|p2a: Whimsicott
|-sidestart|p2: palle synchro|move: Tailwind
|move|p2b: Ursaluna|Hyper Voice|p1a: Pelipper|[spread] p1a,p1b
|-damage|p1a: Pelipper|25/100
|-damage|p1b: Dragonite|76/100
|-damage|p2b: Ursaluna|91/100|[from] item: Life Orb
|move|p1b: Dragonite|Tailwind|p1b: Dragonite
|-sidestart|p1: Gozante|move: Tailwind
|move|p1a: Pelipper|Hurricane|p2a: Whimsicott
|-damage|p2a: Whimsicott|32/100
|
|-weather|RainDance|[upkeep]
|upkeep
|turn|3
|inactive|Gozante has 30 seconds left.
|
|t:|1755965303
|switch|p1a: Sinistcha|Sinistcha, L50|100/100
|-heal|p1b: Dragonite|100/100|[from] ability: Hospitality|[of] p1a: Sinistcha
|move|p2a: Whimsicott|Moonblast|p1a: Sinistcha
|-damage|p1a: Sinistcha|75/100
|move|p1b: Dragonite|Scale Shot|p2a: Whimsicott
|-damage|p2a: Whimsicott|14/100
|-damage|p2a: Whimsicott|0 fnt
|faint|p2a: Whimsicott
|-hitcount|p2: Whimsicott|2
|-unboost|p1b: Dragonite|def|1
|-boost|p1b: Dragonite|spe|1
|move|p2b: Ursaluna|Blood Moon|p1b: Dragonite
|-damage|p1b: Dragonite|48/100
|-damage|p2b: Ursaluna|81/100|[from] item: Life Orb
|
|-weather|RainDance|[upkeep]
|upkeep
|
|t:|1755965310
|switch|p2a: Archaludon|Archaludon, L50, F|100/100
|turn|4
|inactive|Gozante has 30 seconds left.
|inactive|Gozante has 20 seconds left.
|inactive|Gozante has 15 seconds left.
|inactive|Gozante has 10 seconds left.
|inactive|Gozante has 5 seconds left.
|
|t:|1755965363
|move|p1b: Dragonite|Scale Shot|p2a: Archaludon|[miss]
|-miss|p1b: Dragonite|p2a: Archaludon
|move|p2a: Archaludon|Electro Shot||[still]
|-prepare|p2a: Archaludon|Electro Shot
|-boost|p2a: Archaludon|spa|1
|-anim|p2a: Archaludon|Electro Shot|p1b: Dragonite
|-damage|p1b: Dragonite|0 fnt
|faint|p1b: Dragonite
|move|p2b: Ursaluna|Hyper Voice|p1a: Sinistcha
|-damage|p1a: Sinistcha|20/100
|-enditem|p1a: Sinistcha|Sitrus Berry|[eat]
|-heal|p1a: Sinistcha|44/100|[from] item: Sitrus Berry
|-damage|p2b: Ursaluna|72/100|[from] item: Life Orb
|move|p1a: Sinistcha|Matcha Gotcha|p2a: Archaludon|[spread] p2a,p2b
|-resisted|p2a: Archaludon
|-supereffective|p2b: Ursaluna
|-damage|p2a: Archaludon|91/100
|-heal|p1a: Sinistcha|49/100|[from] drain|[of] p2a: Archaludon
|-damage|p2b: Ursaluna|12/100
|-heal|p1a: Sinistcha|81/100|[from] drain|[of] p2b: Ursaluna
|-status|p2b: Ursaluna|brn
|
|-weather|RainDance|[upkeep]
|-damage|p2b: Ursaluna|6/100 brn|[from] brn
|upkeep
|
|t:|1755965384
|switch|p1b: Archaludon|Archaludon, L50, F|100/100
|turn|5
|
|t:|1755965395
|move|p2a: Archaludon|Dragon Pulse|p1b: Archaludon
|-damage|p1b: Archaludon|44/100
|-ability|p1b: Archaludon|Stamina|boost
|-boost|p1b: Archaludon|def|1
|move|p1b: Archaludon|Snarl|p2b: Ursaluna|[spread] 
|-miss|p1b: Archaludon|p2a: Archaludon
|-miss|p1b: Archaludon|p2b: Ursaluna
|move|p2b: Ursaluna|Blood Moon|p1a: Sinistcha
|-damage|p1a: Sinistcha|0 fnt
|faint|p1a: Sinistcha
|-damage|p2b: Ursaluna|0 fnt|[from] item: Life Orb
|faint|p2b: Ursaluna
|
|-weather|none
|-sideend|p2: palle synchro|move: Tailwind
|-sideend|p1: Gozante|move: Tailwind
|upkeep
|
|t:|1755965405
|switch|p2b: Indeedee|Indeedee, L50, M|100/100
|switch|p1a: Pelipper|Pelipper, L50, M|25/100
|-fieldstart|move: Psychic Terrain|[from] ability: Psychic Surge|[of] p2b: Indeedee
|-weather|RainDance|[from] ability: Drizzle|[of] p1a: Pelipper
|turn|6
|
|t:|1755965415
|move|p2b: Indeedee|Expanding Force|p1b: Archaludon|[spread] p1a,p1b
|-resisted|p1b: Archaludon
|-damage|p1a: Pelipper|0 fnt
|-damage|p1b: Archaludon|24/100
|-ability|p1b: Archaludon|Stamina|boost
|-boost|p1b: Archaludon|def|1
|faint|p1a: Pelipper
|move|p2a: Archaludon|Dragon Pulse|p1b: Archaludon
|-damage|p1b: Archaludon|0 fnt
|faint|p1b: Archaludon
|
|win|palle synchro
|raw|Gozante's rating: 1409 → 1392(-17 for losing)
|raw|palle synchro's rating: 1464 → 1481(+17 for winning)
|l|☆palle synchro
|player|p2|
