|j|☆riley7654
|j|☆SceptileFan7a0
|html|riley7654SceptileFan7a0    
|uhtml|bestof|Game 1 of a best-of-3
|t:|1756674670
|gametype|doubles
|player|p1|riley7654|102|1055
|player|p2|SceptileFan7a0|steven|1032
|gen|9
|tier|[Gen 9] VGC 2025 Reg H (Bo3)
|rated|
|rule|Species Clause: Limit one of each Pokémon
|rule|Item Clause: Limit 1 of each item
|clearpoke
|poke|p1|Sneasler, L50, M|
|poke|p1|Rillaboom, L50, F|
|poke|p1|Basculegion, L50, M|
|poke|p1|Incineroar, L50, F|
|poke|p1|Gallade, L50, M|
|poke|p1|Indeedee-F, L50, F|
|poke|p2|Charizard, L50, M|
|poke|p2|Torkoal, L50, F|
|poke|p2|Porygon2, L50|
|poke|p2|Incineroar, L50, M|
|poke|p2|Jumpluff, L50, M|
|poke|p2|Ursaluna, L50, M|
|teampreview|4
|showteam|p1|Sneasler||GrassySeed|Unburden|DireClaw,CloseCombat,ThroatChop,Protect|||M|||50|,,,,,Stellar]Rillaboom||AssaultVest|GrassySurge|FakeOut,GrassyGlide,WoodHammer,Uturn|||F|||50|,,,,,Fire]Basculegion||ChoiceScarf|Adaptability|LastRespects,WaveCrash,FlipTurn,PsychicFangs|||M|||50|,,,,,Water]Incineroar||SitrusBerry|Intimidate|FakeOut,KnockOff,PartingShot,FlareBlitz|||F|||50|,,,,,Ghost]Gallade||LifeOrb|Sharpness|PsychoCut,SacredSword,LeafBlade,Protect|||M|||50|,,,,,Stellar]Indeedee-F||SafetyGoggles|PsychicSurge|FollowMe,TrickRoom,HealPulse,Psychic|||F|||50|,,,,,Dark
|showteam|p2|Charizard||ChoiceSpecs|SolarPower|HeatWave,Overheat,WeatherBall,AirSlash|||M|||50|,,,,,Ghost]Torkoal||EjectPack|Drought|Eruption,Overheat,HelpingHand,Protect|||F|||50|,,,,,Fire]Porygon2||Eviolite|Download|IceBeam,TeraBlast,TrickRoom,Recover||||||50|,,,,,Fighting]Incineroar||SitrusBerry|Intimidate|FlareBlitz,KnockOff,FakeOut,PartingShot|||M|||50|,,,,,Ghost]Jumpluff||CovertCloak|Chlorophyll|SleepPowder,SunnyDay,RagePowder,Tailwind|||M|||50|,,,,,Water]Ursaluna||FlameOrb|Guts|HeadlongRush,Facade,Earthquake,Protect|||M|||50|,,,,,Ghost
|inactive|Battle timer is ON: inactive players will automatically lose when time's up. (requested by riley7654)
|
|t:|1756674691
|teamsize|p1|4
|teamsize|p2|4
|start
|switch|p1a: Sneasler|Sneasler, L50, M|100/100
|switch|p1b: Rillaboom|Rillaboom, L50, F|100/100
|switch|p2a: Porygon2|Porygon2, L50|100/100
|switch|p2b: Incineroar|Incineroar, L50, M|100/100
|-fieldstart|move: Grassy Terrain|[from] ability: Grassy Surge|[of] p1b: Rillaboom
|-enditem|p1a: Sneasler|Grassy Seed
|-boost|p1a: Sneasler|def|1|[from] item: Grassy Seed
|-ability|p2b: Incineroar|Intimidate|boost
|-unboost|p1a: Sneasler|atk|1
|-unboost|p1b: Rillaboom|atk|1
|-ability|p2a: Porygon2|Download|boost
|-boost|p2a: Porygon2|spa|1
|turn|1
|inactive|SceptileFan7a0 has 30 seconds left.
|
|t:|1756674717
|move|p1b: Rillaboom|Fake Out|p2a: Porygon2
|-damage|p2a: Porygon2|94/100
|move|p2b: Incineroar|Fake Out|p1a: Sneasler
|-damage|p1a: Sneasler|86/100
|cant|p1a: Sneasler|flinch
|cant|p2a: Porygon2|flinch
|
|-heal|p1a: Sneasler|92/100|[from] Grassy Terrain
|-heal|p2a: Porygon2|100/100|[from] Grassy Terrain
|upkeep
|turn|2
|inactive|SceptileFan7a0 has 30 seconds left.
|
|t:|1756674745
|move|p1a: Sneasler|Dire Claw|p2b: Incineroar
|-damage|p2b: Incineroar|71/100
|move|p1b: Rillaboom|U-turn|p2a: Porygon2
|-damage|p2a: Porygon2|91/100
|
|t:|1756674750
|switch|p1b: Incineroar|Incineroar, L50, F|100/100|[from] U-turn
|-ability|p1b: Incineroar|Intimidate|boost
|-unboost|p2a: Porygon2|atk|1
|-unboost|p2b: Incineroar|atk|1
|move|p2b: Incineroar|Parting Shot|p1a: Sneasler
|-unboost|p1a: Sneasler|atk|1
|-unboost|p1a: Sneasler|spa|1
|
|t:|1756674757
|switch|p2b: Ursaluna|Ursaluna, L50, M|100/100|[from] Parting Shot
|move|p2a: Porygon2|Trick Room|p2a: Porygon2
|-fieldstart|move: Trick Room|[of] p2a: Porygon2
|
|-heal|p2a: Porygon2|97/100|[from] Grassy Terrain
|-heal|p1a: Sneasler|98/100|[from] Grassy Terrain
|-status|p2b: Ursaluna|brn|[from] item: Flame Orb
|upkeep
|turn|3
|
|t:|1756674779
|switch|p1a: Rillaboom|Rillaboom, L50, F|100/100
|-terastallize|p2b: Ursaluna|Ghost
|move|p1b: Incineroar|Fake Out|p2b: Ursaluna
|-immune|p2b: Ursaluna
|move|p2a: Porygon2|Tera Blast|p1a: Rillaboom
|-damage|p1a: Rillaboom|52/100
|move|p2b: Ursaluna|Facade|p1b: Incineroar
|-damage|p1b: Incineroar|0 fnt
|faint|p1b: Incineroar
|
|-heal|p2a: Porygon2|100/100|[from] Grassy Terrain
|-heal|p1a: Rillaboom|58/100|[from] Grassy Terrain
|-damage|p2b: Ursaluna|95/100 brn|[from] brn
|upkeep
|
|t:|1756674787
|switch|p1b: Sneasler|Sneasler, L50, M|98/100
|turn|4
|
|t:|1756674806
|move|p1a: Rillaboom|Fake Out|p2a: Porygon2
|-damage|p2a: Porygon2|92/100
|cant|p2a: Porygon2|flinch
|move|p2b: Ursaluna|Facade|p1b: Sneasler
|-damage|p1b: Sneasler|0 fnt
|faint|p1b: Sneasler
|
|-heal|p2a: Porygon2|98/100|[from] Grassy Terrain
|-heal|p2b: Ursaluna|100/100 brn|[from] Grassy Terrain
|-heal|p1a: Rillaboom|64/100|[from] Grassy Terrain
|-damage|p2b: Ursaluna|95/100 brn|[from] brn
|upkeep
|
|t:|1756674813
|switch|p1b: Basculegion|Basculegion, L50, M|100/100
|turn|5
|
|t:|1756674831
|switch|p2a: Torkoal|Torkoal, L50, F|100/100
|-weather|SunnyDay|[from] ability: Drought|[of] p2a: Torkoal
|move|p2b: Ursaluna|Protect|p2b: Ursaluna
|-singleturn|p2b: Ursaluna|Protect
|move|p1a: Rillaboom|Grassy Glide|p2b: Ursaluna
|-activate|p2b: Ursaluna|move: Protect
|move|p1b: Basculegion|Wave Crash|p2a: Torkoal
|-supereffective|p2a: Torkoal
|-damage|p2a: Torkoal|44/100
|-damage|p1b: Basculegion|84/100|[from] Recoil
|
|-weather|SunnyDay|[upkeep]
|-heal|p2a: Torkoal|50/100|[from] Grassy Terrain
|-heal|p2b: Ursaluna|100/100 brn|[from] Grassy Terrain
|-heal|p1a: Rillaboom|70/100|[from] Grassy Terrain
|-heal|p1b: Basculegion|90/100|[from] Grassy Terrain
|-damage|p2b: Ursaluna|95/100 brn|[from] brn
|-fieldend|move: Grassy Terrain
|upkeep
|turn|6
|inactive|SceptileFan7a0 has 30 seconds left.
|
|t:|1756674857
|move|p2a: Torkoal|Overheat|p1a: Rillaboom
|-supereffective|p1a: Rillaboom
|-damage|p1a: Rillaboom|0 fnt
|-unboost|p2a: Torkoal|spa|2
|faint|p1a: Rillaboom
|-enditem|p2a: Torkoal|Eject Pack
|
|t:|1756674865
|switch|p2a: Incineroar|Incineroar, L50, M|71/100
|-ability|p2a: Incineroar|Intimidate|boost
|-unboost|p1b: Basculegion|atk|1
|move|p2b: Ursaluna|Headlong Rush|p1b: Basculegion
|-damage|p1b: Basculegion|0 fnt
|-unboost|p2b: Ursaluna|def|1
|-unboost|p2b: Ursaluna|spd|1
|faint|p1b: Basculegion
|
|win|SceptileFan7a0
||riley7654 is ready for game 2.
|inactive|SceptileFan7a0 has 30 seconds to confirm battle start!
||SceptileFan7a0 is ready for game 2.
|uhtml|next|Next: Game 2 of 3
|l|☆riley7654
|player|p1|
