|j|☆Squ1dge_
|j|☆SlaymonSays
|html|Squ1dge_SlaymonSays    
|uhtml|bestof|Game 1 of a best-of-3
|t:|1757752365
|gametype|doubles
|player|p1|Squ1dge_|1|1465
|player|p2|SlaymonSays|1|1406
|gen|9
|tier|[Gen 9] VGC 2025 Reg H (Bo3)
|rated|
|rule|Species Clause: Limit one of each Pokémon
|rule|Item Clause: Limit 1 of each item
|clearpoke
|poke|p1|Gholdengo, L50|
|poke|p1|Sneasler, L50, M|
|poke|p1|Rillaboom, L50, M|
|poke|p1|Dragonite, L50, M|
|poke|p1|Ninetales-Alola, L50, F|
|poke|p1|Arcanine-Hisui, L50, F|
|poke|p2|Ursaluna-Bloodmoon, L50, M|
|poke|p2|Dragonite, L50, F|
|poke|p2|Gholdengo, L50|
|poke|p2|Rillaboom, L50, F|
|poke|p2|Incineroar, L50, M|
|poke|p2|Ninetales-Alola, L50, M|
|teampreview|4
|showteam|p1|Gholdengo||GrassySeed|GoodasGold|NastyPlot,MakeItRain,ShadowBall,Protect||||||50|,,,,,Water]Sneasler||WhiteHerb|Unburden|CloseCombat,DireClaw,Coaching,Protect|||M|||50|,,,,,Ghost]Rillaboom||AssaultVest|GrassySurge|FakeOut,GrassyGlide,DrumBeating,HighHorsepower|||M|||50|,,,,,Fire]Dragonite||LoadedDice|Multiscale|ScaleShot,StompingTantrum,Tailwind,Protect|||M|||50|,,,,,Ground]Ninetales-Alola||FocusSash|SnowWarning|Blizzard,IcyWind,Encore,AuroraVeil|||F|||50|,,,,,Ghost]Arcanine-Hisui||ClearAmulet|Intimidate|RockSlide,FlareBlitz,ExtremeSpeed,Protect|||F|||50|,,,,,Water
|showteam|p2|Ursaluna-Bloodmoon||LifeOrb|MindsEye|BloodMoon,HyperVoice,EarthPower,Protect|||M|||50|,,,,,Normal]Dragonite||LoadedDice|InnerFocus|ScaleShot,Haze,Tailwind,Protect|||F|||50|,,,,,Fairy]Gholdengo||Leftovers|GoodasGold|MakeItRain,ShadowBall,NastyPlot,Protect||||||50|,,,,,Water]Rillaboom||AssaultVest|GrassySurge|FakeOut,GrassyGlide,WoodHammer,HighHorsepower|||F|||50|,,,,,Fire]Incineroar||SafetyGoggles|Intimidate|FakeOut,FlareBlitz,KnockOff,PartingShot|||M|||50|,,,,,Ghost]Ninetales-Alola||CovertCloak|SnowWarning|Blizzard,IcyWind,AuroraVeil,Encore|||M|||50|,,,,,Fire
|
|t:|1757752407
|teamsize|p1|4
|teamsize|p2|4
|start
|switch|p1a: Gholdengo|Gholdengo, L50|100/100
|switch|p1b: Ninetales|Ninetales-Alola, L50, F|100/100
|switch|p2a: Incineroar|Incineroar, L50, M|100/100
|switch|p2b: Dragonite|Dragonite, L50, F|100/100
|-weather|Snowscape|[from] ability: Snow Warning|[of] p1b: Ninetales
|-ability|p2a: Incineroar|Intimidate|boost
|-unboost|p1a: Gholdengo|atk|1
|-unboost|p1b: Ninetales|atk|1
|turn|1
|
|t:|1757752450
|switch|p2b: Gholdengo|Gholdengo, L50|100/100
|-terastallize|p1b: Ninetales|Ghost
|move|p1b: Ninetales|Icy Wind|p2a: Incineroar|[spread] p2a,p2b
|-resisted|p2a: Incineroar
|-resisted|p2b: Gholdengo
|-damage|p2a: Incineroar|95/100
|-damage|p2b: Gholdengo|93/100
|-unboost|p2a: Incineroar|spe|1
|-unboost|p2b: Gholdengo|spe|1
|move|p1a: Gholdengo|Nasty Plot|p1a: Gholdengo
|-boost|p1a: Gholdengo|spa|2
|move|p2a: Incineroar|Knock Off|p1a: Gholdengo
|-supereffective|p1a: Gholdengo
|-damage|p1a: Gholdengo|12/100
|-enditem|p1a: Gholdengo|Grassy Seed|[from] move: Knock Off|[of] p2a: Incineroar
|
|-weather|Snowscape|[upkeep]
|-heal|p2b: Gholdengo|99/100|[from] item: Leftovers
|upkeep
|turn|2
|
|t:|1757752494
|switch|p1b: Arcanine|Arcanine-Hisui, L50, F|100/100
|-ability|p1b: Arcanine|Intimidate|boost
|-unboost|p2a: Incineroar|atk|1
|-unboost|p2b: Gholdengo|atk|1
|-terastallize|p2b: Gholdengo|Water
|move|p1a: Gholdengo|Protect|p1a: Gholdengo
|-singleturn|p1a: Gholdengo|Protect
|move|p2b: Gholdengo|Nasty Plot|p2b: Gholdengo
|-boost|p2b: Gholdengo|spa|2
|move|p2a: Incineroar|Knock Off|p1b: Arcanine
|-damage|p1b: Arcanine|62/100
|-enditem|p1b: Arcanine|Clear Amulet|[from] move: Knock Off|[of] p2a: Incineroar
|
|-weather|Snowscape|[upkeep]
|-heal|p2b: Gholdengo|100/100|[from] item: Leftovers
|upkeep
|turn|3
|
|t:|1757752523
|move|p1b: Arcanine|Rock Slide|p2a: Incineroar|[spread] p2b
|-miss|p1b: Arcanine|p2a: Incineroar
|-damage|p2b: Gholdengo|74/100
|move|p1a: Gholdengo|Make It Rain|p2a: Incineroar|[spread] p2a,p2b
|-resisted|p2a: Incineroar
|-resisted|p2b: Gholdengo
|-damage|p2a: Incineroar|63/100
|-damage|p2b: Gholdengo|31/100
|-unboost|p1a: Gholdengo|spa|1
|cant|p2b: Gholdengo|flinch
|move|p2a: Incineroar|Knock Off|p1a: Gholdengo
|-supereffective|p1a: Gholdengo
|-damage|p1a: Gholdengo|0 fnt
|faint|p1a: Gholdengo
|
|-weather|Snowscape|[upkeep]
|-heal|p2b: Gholdengo|37/100|[from] item: Leftovers
|upkeep
|
|t:|1757752528
|switch|p1a: Rillaboom|Rillaboom, L50, M|100/100
|-fieldstart|move: Grassy Terrain|[from] ability: Grassy Surge|[of] p1a: Rillaboom
|turn|4
|
|t:|1757752549
|move|p1b: Arcanine|Rock Slide|p2a: Incineroar|[spread] p2a,p2b
|-supereffective|p2a: Incineroar
|-damage|p2a: Incineroar|8/100
|-damage|p2b: Gholdengo|12/100
|move|p1a: Rillaboom|Drum Beating|p2b: Gholdengo
|-supereffective|p2b: Gholdengo
|-damage|p2b: Gholdengo|0 fnt
|faint|p2b: Gholdengo
|move|p2a: Incineroar|Parting Shot|p1b: Arcanine
|-unboost|p1b: Arcanine|atk|1
|-unboost|p1b: Arcanine|spa|1
|
|t:|1757752561
|switch|p2a: Dragonite|Dragonite, L50, F|100/100|[from] Parting Shot
|
|-weather|Snowscape|[upkeep]
|-heal|p1b: Arcanine|68/100|[from] Grassy Terrain
|upkeep
|
|t:|1757752563
|switch|p2b: Incineroar|Incineroar, L50, M|8/100
|-ability|p2b: Incineroar|Intimidate|boost
|-unboost|p1a: Rillaboom|atk|1
|-unboost|p1b: Arcanine|atk|1
|turn|5
|
|t:|1757752573
|switch|p1b: Ninetales|Ninetales-Alola, L50, F, tera:Ghost|100/100
|move|p2b: Incineroar|Fake Out|p1b: Ninetales
|-immune|p1b: Ninetales
|move|p1a: Rillaboom|Drum Beating|p2a: Dragonite
|-resisted|p2a: Dragonite
|-damage|p2a: Dragonite|92/100
|-unboost|p2a: Dragonite|spe|1
|move|p2a: Dragonite|Scale Shot|p1a: Rillaboom
|-damage|p1a: Rillaboom|86/100
|-damage|p1a: Rillaboom|71/100
|-damage|p1a: Rillaboom|54/100
|-damage|p1a: Rillaboom|38/100
|-damage|p1a: Rillaboom|24/100
|-hitcount|p1a: Rillaboom|5
|-unboost|p2a: Dragonite|def|1
|-boost|p2a: Dragonite|spe|1
|
|-weather|none
|-heal|p1a: Rillaboom|30/100|[from] Grassy Terrain
|-heal|p2b: Incineroar|14/100|[from] Grassy Terrain
|upkeep
|turn|6
|
|t:|1757752600
|move|p1b: Ninetales|Icy Wind|p2b: Incineroar|[spread] p2a,p2b
|-supereffective|p2a: Dragonite
|-resisted|p2b: Incineroar
|-damage|p2a: Dragonite|20/100
|-damage|p2b: Incineroar|8/100
|-unboost|p2a: Dragonite|spe|1
|-unboost|p2b: Incineroar|spe|1
|move|p1a: Rillaboom|Drum Beating|p2b: Incineroar
|-resisted|p2b: Incineroar
|-damage|p2b: Incineroar|0 fnt
|faint|p2b: Incineroar
|move|p2a: Dragonite|Tailwind|p2a: Dragonite
|-sidestart|p2: SlaymonSays|move: Tailwind
|
|-heal|p1a: Rillaboom|35/100|[from] Grassy Terrain
|upkeep
|
|t:|1757752604
|switch|p2b: Ursaluna|Ursaluna-Bloodmoon, L50, M|100/100
|turn|7
|
|t:|1757752618
|switch|p1b: Arcanine|Arcanine-Hisui, L50, F|68/100
|-ability|p1b: Arcanine|Intimidate|boost
|-fail|p2a: Dragonite|unboost|Attack|[from] ability: Inner Focus|[of] p2a: Dragonite
|-unboost|p2b: Ursaluna|atk|1
|move|p1a: Rillaboom|Grassy Glide|p2b: Ursaluna
|-supereffective|p2b: Ursaluna
|-damage|p2b: Ursaluna|69/100
|move|p2a: Dragonite|Scale Shot|p1b: Arcanine
|-damage|p1b: Arcanine|50/100
|-damage|p1b: Arcanine|29/100
|-damage|p1b: Arcanine|9/100
|-damage|p1b: Arcanine|0 fnt
|faint|p1b: Arcanine
|-hitcount|p1: Arcanine|4
|-unboost|p2a: Dragonite|def|1
|-boost|p2a: Dragonite|spe|1
|move|p2b: Ursaluna|Hyper Voice|p1a: Rillaboom
|-damage|p1a: Rillaboom|0 fnt
|faint|p1a: Rillaboom
|-damage|p2b: Ursaluna|60/100|[from] item: Life Orb
|
|-heal|p2b: Ursaluna|66/100|[from] Grassy Terrain
|upkeep
|
|t:|1757752623
|switch|p1b: Ninetales|Ninetales-Alola, L50, F, tera:Ghost|100/100
|-weather|Snowscape|[from] ability: Snow Warning|[of] p1b: Ninetales
|turn|8
|
|t:|1757752638
|move|p2a: Dragonite|Scale Shot|p1b: Ninetales
|-damage|p1b: Ninetales|78/100
|-damage|p1b: Ninetales|57/100
|-damage|p1b: Ninetales|36/100
|-damage|p1b: Ninetales|12/100
|-hitcount|p1b: Ninetales|4
|-unboost|p2a: Dragonite|def|1
|-boost|p2a: Dragonite|spe|1
|move|p1b: Ninetales|Blizzard|p2b: Ursaluna|[spread] p2a,p2b
|-supereffective|p2a: Dragonite
|-crit|p2a: Dragonite
|-supereffective|p2b: Ursaluna
|-damage|p2a: Dragonite|0 fnt
|-damage|p2b: Ursaluna|0 fnt
|faint|p2a: Dragonite
|faint|p2b: Ursaluna
|
|win|Squ1dge_
||Squ1dge_ is ready for game 2.
|inactive|SlaymonSays has 30 seconds to confirm battle start!
||SlaymonSays is ready for game 2.
|uhtml|next|Next: Game 2 of 3
