|j|☆mr.pickup
|j|☆LastHorzion
|html|mr.pickupLastHorzion    
|uhtml|bestof|Game 1 of a best-of-3
|t:|1757132803
|gametype|doubles
|player|p1|mr.pickup|pokemaniac|1321
|player|p2|LastHorzion|steven|1386
|gen|9
|tier|[Gen 9] VGC 2025 Reg H (Bo3)
|rated|
|rule|Species Clause: Limit one of each Pokémon
|rule|Item Clause: Limit 1 of each item
|clearpoke
|poke|p1|Raichu, L50, M|
|poke|p1|Dragapult, L50, F|
|poke|p1|Delphox, L50, M|
|poke|p1|Indeedee-F, L50, F|
|poke|p1|Gallade, L50, M|
|poke|p1|Ursaluna, L50, F|
|poke|p2|Sneasler, L50, M|
|poke|p2|Indeedee, L50, M|
|poke|p2|Ursaluna-Bloodmoon, L50, M|
|poke|p2|Electabuzz, L50, M|
|poke|p2|Tyranitar, L50, F|
|poke|p2|Dragapult, L50, F|
|teampreview|4
|showteam|p1|Raichu||SafetyGoggles|LightningRod|FakeOut,Electroweb,Nuzzle,Protect|||M|||50|,,,,,Fairy]Dragapult||ChoiceBand|ClearBody|DragonDarts,Outrage,Uturn,PhantomForce|||F|||50|,,,,,Dragon]Delphox||FocusSash|Magician|ExpandingForce,FireBlast,Protect,NastyPlot|||M|||50|,,,,,Psychic]Indeedee-F||RockyHelmet|PsychicSurge|FollowMe,TrickRoom,Protect,Psychic|||F|||50|,,,,,Fairy]Gallade||ClearAmulet|Sharpness|TrickRoom,PsychoCut,SacredSword,WideGuard|||M|||50|,,,,,Fighting]Ursaluna||FlameOrb|Guts|Facade,HeadlongRush,Earthquake,Protect|||F|||50|,,,,,Ground
|showteam|p2|Sneasler||PsychicSeed|Unburden|CloseCombat,DireClaw,ThroatChop,Protect|||M|||50|,,,,,Dark]Indeedee||FocusSash|PsychicSurge|ExpandingForce,TrickRoom,Imprison,Protect|||M|||50|,,,,,Psychic]Ursaluna-Bloodmoon||LifeOrb|MindsEye|BloodMoon,HyperVoice,EarthPower,Protect|||M|||50|,,,,,Normal]Electabuzz||Eviolite|VitalSpirit|Electroweb,FollowMe,Taunt,Protect|||M|||50|,,,,,Dragon]Tyranitar||AssaultVest|SandStream|KnockOff,TeraBlast,RockSlide,LowKick|||F|||50|,,,,,Flying]Dragapult||ChoiceBand|ClearBody|DragonDarts,Uturn,PhantomForce,Outrage|||F|||50|,,,,,Dragon
|inactive|Battle timer is ON: inactive players will automatically lose when time's up. (requested by LastHorzion)
|inactive|mr.pickup also wants the timer to be on.
|inactive|LastHorzion has 60 seconds left.
|
|t:|1757132846
|teamsize|p1|4
|teamsize|p2|4
|start
|switch|p1a: Indeedee|Indeedee-F, L50, F|100/100
|switch|p1b: Gallade|Gallade, L50, M|100/100
|switch|p2a: Tyranitar|Tyranitar, L50, F|100/100
|switch|p2b: Indeedee|Indeedee, L50, M|100/100
|-fieldstart|move: Psychic Terrain|[from] ability: Psychic Surge|[of] p2b: Indeedee
|-weather|Sandstorm|[from] ability: Sand Stream|[of] p2a: Tyranitar
|turn|1
|j| learning to trap
|inactive|mr.pickup has 30 seconds left.
|
|t:|1757132872
|-terastallize|p2a: Tyranitar|Flying
|move|p1a: Indeedee|Follow Me|p1a: Indeedee
|-singleturn|p1a: Indeedee|move: Follow Me
|move|p2b: Indeedee|Imprison|p2b: Indeedee
|-start|p2b: Indeedee|move: Imprison
|move|p2a: Tyranitar|Tera Blast|p1a: Indeedee|[anim] Tera Blast Flying
|-damage|p1a: Indeedee|60/100
|move|p1b: Gallade|Sacred Sword|p2a: Tyranitar
|-resisted|p2a: Tyranitar
|-damage|p2a: Tyranitar|67/100
|
|-weather|Sandstorm|[upkeep]
|-damage|p2b: Indeedee|95/100|[from] Sandstorm
|-damage|p2a: Tyranitar|61/100|[from] Sandstorm
|-damage|p1a: Indeedee|55/100|[from] Sandstorm
|-damage|p1b: Gallade|95/100|[from] Sandstorm
|upkeep
|turn|2
|
|t:|1757132895
|move|p1a: Indeedee|Follow Me|p1a: Indeedee
|-singleturn|p1a: Indeedee|move: Follow Me
|move|p2b: Indeedee|Expanding Force|p1b: Gallade|[spread] p1a,p1b
|-resisted|p1a: Indeedee
|-damage|p1a: Indeedee|32/100
|-damage|p1b: Gallade|44/100
|move|p2a: Tyranitar|Rock Slide|p1a: Indeedee|[spread] p1a,p1b
|-resisted|p1b: Gallade
|-damage|p1a: Indeedee|2/100
|-damage|p1b: Gallade|22/100
|move|p1b: Gallade|Psycho Cut|p2a: Tyranitar
|-damage|p2a: Tyranitar|0 fnt
|faint|p2a: Tyranitar
|
|-weather|Sandstorm|[upkeep]
|-damage|p2b: Indeedee|89/100|[from] Sandstorm
|-damage|p1a: Indeedee|0 fnt|[from] Sandstorm
|-damage|p1b: Gallade|16/100|[from] Sandstorm
|faint|p1a: Indeedee
|upkeep
|inactive|LastHorzion has 30 seconds left.
|
|t:|1757132921
|switch|p2a: Dragapult|Dragapult, L50, F, shiny|100/100
|switch|p1a: Dragapult|Dragapult, L50, F|100/100
|turn|3
|
|t:|1757132937
|-terastallize|p1a: Dragapult|Dragon
|move|p2b: Indeedee|Protect|p2b: Indeedee
|-singleturn|p2b: Indeedee|Protect
|move|p1b: Gallade|Wide Guard|p1b: Gallade
|-singleturn|p1b: Gallade|Wide Guard
|move|p1a: Dragapult|Dragon Darts|p2a: Dragapult
|-supereffective|p2a: Dragapult
|-damage|p2a: Dragapult|0 fnt
|faint|p2a: Dragapult
|
|-weather|Sandstorm|[upkeep]
|-damage|p1a: Dragapult|94/100|[from] Sandstorm
|-damage|p2b: Indeedee|83/100|[from] Sandstorm
|-damage|p1b: Gallade|11/100|[from] Sandstorm
|upkeep
|
|t:|1757132944
|switch|p2a: Sneasler|Sneasler, L50, M|100/100
|-enditem|p2a: Sneasler|Psychic Seed
|-boost|p2a: Sneasler|spd|1|[from] item: Psychic Seed
|turn|4
|
|t:|1757132955
|move|p1b: Gallade|Wide Guard|p1b: Gallade
|-singleturn|p1b: Gallade|Wide Guard
|move|p2a: Sneasler|Dire Claw|p1a: Dragapult
|-damage|p1a: Dragapult|31/100
|-status|p1a: Dragapult|par
|move|p2b: Indeedee|Expanding Force|p1b: Gallade|[spread] 
|-activate|p1a: Dragapult|move: Wide Guard
|-activate|p1b: Gallade|move: Wide Guard
|move|p1a: Dragapult|Dragon Darts|p2a: Sneasler
|-damage|p2a: Sneasler|14/100
|-anim|p1a: Dragapult|Dragon Darts|p2b: Indeedee
|-crit|p2b: Indeedee
|-damage|p2b: Indeedee|0 fnt
|faint|p2b: Indeedee
|
|-weather|Sandstorm|[upkeep]
|-damage|p2a: Sneasler|8/100|[from] Sandstorm
|-damage|p1a: Dragapult|25/100 par|[from] Sandstorm
|-damage|p1b: Gallade|5/100|[from] Sandstorm
|upkeep
|turn|5
|-message|LastHorzion forfeited.
|
|win|mr.pickup
||LastHorzion is ready for game 2.
||mr.pickup is ready for game 2.
|uhtml|next|Next: Game 2 of 3
|l| learning to trap
