|j|☆kheld
|j|☆isthisbelias?
|html|kheldisthisbelias?    
|uhtml|bestof|Game 1 of a best-of-3
|t:|1783347043
|gametype|doubles
|player|p1|kheld|170|1226
|player|p2|isthisbelias?|janitor|1158
|gen|9
|tier|[Gen 9 Champions] VGC 2026 Reg M-B (Bo3)
|rated|
|rule|Species Clause: Limit one of each Pokémon
|rule|Item Clause: Limit 1 of each item
|clearpoke
|poke|p1|Blastoise, L50, F|
|poke|p1|Incineroar, L50, M|
|poke|p1|Sneasler, L50, F|
|poke|p1|Sinistcha, L50|
|poke|p1|Froslass, L50, F|
|poke|p1|Samurott-Hisui, L50, M|
|poke|p2|Froslass, L50, F|
|poke|p2|Scovillain, L50, M|
|poke|p2|Sneasler, L50, F|
|poke|p2|Basculegion, L50, M|
|poke|p2|Kingambit, L50, M|
|poke|p2|Lycanroc-Dusk, L50, F|
|teampreview|4
|showteam|p1|Blastoise||Blastoisinite|RainDish|DarkPulse,WaterSpout,ShellSmash,Protect|Modest||F|||50|]Incineroar||SitrusBerry|Intimidate|FakeOut,PartingShot,FlareBlitz,ThroatChop|Impish||M|||50|]Sneasler||FocusSash|Unburden|FakeOut,CloseCombat,DireClaw,QuickGuard|Jolly||F|||50|]Sinistcha||KasibBerry|Hospitality|MatchaGotcha,LifeDew,RagePowder,Protect|Impish|||||50|]Froslass||Froslassite|SnowCloak|Blizzard,NastyPlot,Thunderbolt,Protect|Timid||F|||50|]Samurott-Hisui||LifeOrb|Sharpness|AquaCutter,SacredSword,NightSlash,SuckerPunch|Adamant||M|||50|
|showteam|p2|Froslass||Froslassite|SnowCloak|Blizzard,ShadowBall,AuroraVeil,Protect|Timid||F|||50|]Scovillain||Scovillainite|Moody|GigaDrain,Overheat,Protect,RagePowder|Bold||M|||50|]Sneasler||WhiteHerb|Pressure|DireClaw,Protect,CloseCombat,FakeOut|Jolly||F|||50|]Basculegion||SitrusBerry|Adaptability|WaveCrash,AquaJet,LastRespects,Protect|Adamant||M|||50|]Kingambit||BlackGlasses|Defiant|SuckerPunch,KowtowCleave,IronHead,Protect|Adamant||M|||50|]Lycanroc-Dusk||FocusSash|ToughClaws|RockSlide,Accelerock,CloseCombat,Protect|Adamant||F|||50|
|inactive|Battle timer is ON: inactive players will automatically lose when time's up. (requested by kheld)
|
|t:|1783347088
|teamsize|p1|4
|teamsize|p2|4
|start
|switch|p1a: Froslass|Froslass, L50, F|100/100
|switch|p1b: Sneasler|Sneasler, L50, F|100/100
|switch|p2a: Scovillain|Scovillain, L50, M|100/100
|switch|p2b: Sneasler|Sneasler, L50, F|100/100
|-ability|p2b: Sneasler|Pressure
|turn|1
|inactive|isthisbelias? has 30 seconds left.
|
|t:|1783347120
|detailschange|p1a: Froslass|Froslass-Mega, L50, F
|-mega|p1a: Froslass|Froslass|Froslassite
|-weather|Snowscape|[from] ability: Snow Warning|[of] p1a: Froslass
|detailschange|p2a: Scovillain|Scovillain-Mega, L50, M
|-mega|p2a: Scovillain|Scovillain|Scovillainite
|move|p1b: Sneasler|Fake Out|p2a: Scovillain
|-damage|p2a: Scovillain|86/100
|-status|p1b: Sneasler|brn|[from] ability: Spicy Spray|[of] p2a: Scovillain
|move|p2b: Sneasler|Dire Claw|p1a: Froslass
|-resisted|p1a: Froslass|1
|-damage|p1a: Froslass|82/100
|move|p1a: Froslass|Nasty Plot|p1a: Froslass
|-boost|p1a: Froslass|spa|2
|cant|p2a: Scovillain|flinch
|
|-weather|Snowscape|[upkeep]
|-damage|p1b: Sneasler|94/100 brn|[from] brn
|upkeep
|turn|2
|inactive|kheld has 30 seconds left.
|inactive|isthisbelias? has 30 seconds left.
|
|t:|1783347153
|switch|p1b: Sinistcha|Sinistcha, L50|100/100
|-heal|p1a: Froslass|100/100|[from] ability: Hospitality|[of] p1b: Sinistcha
|switch|p2a: Kingambit|Kingambit, L50, M|100/100
|move|p2b: Sneasler|Dire Claw|p1b: Sinistcha
|-damage|p1b: Sinistcha|66/100
|-status|p1b: Sinistcha|psn
|move|p1a: Froslass|Blizzard|p2b: Sneasler|[spread] p2a,p2b
|-resisted|p2a: Kingambit|1
|-damage|p2a: Kingambit|67/100
|-damage|p2b: Sneasler|2/100
|-status|p2b: Sneasler|frz
|
|-weather|Snowscape|[upkeep]
|-damage|p1b: Sinistcha|53/100 psn|[from] psn
|upkeep
|turn|3
|
|t:|1783347173
|move|p1b: Sinistcha|Rage Powder|p1b: Sinistcha
|-singleturn|p1b: Sinistcha|move: Rage Powder
|cant|p2b: Sneasler|frz
|move|p1a: Froslass|Blizzard|p2b: Sneasler|[spread] p2a,p2b
|-resisted|p2a: Kingambit|1
|-damage|p2a: Kingambit|32/100
|-damage|p2b: Sneasler|0 fnt
|faint|p2b: Sneasler
|move|p2a: Kingambit|Kowtow Cleave|p1b: Sinistcha
|-supereffective|p1b: Sinistcha|1
|-damage|p1b: Sinistcha|0 fnt
|faint|p1b: Sinistcha
|
|-weather|Snowscape|[upkeep]
|upkeep
|
|t:|1783347183
|switch|p2b: Scovillain|Scovillain-Mega, L50, M|86/100
|switch|p1b: Samurott|Samurott-Hisui, L50, M|100/100
|turn|4
|
|t:|1783347194
|move|p2b: Scovillain|Rage Powder|p2b: Scovillain
|-singleturn|p2b: Scovillain|move: Rage Powder
|move|p2a: Kingambit|Sucker Punch|p1a: Froslass
|-supereffective|p1a: Froslass|1
|-damage|p1a: Froslass|27/100
|move|p1a: Froslass|Blizzard|p2a: Kingambit|[spread] p2a,p2b
|-resisted|p2a: Kingambit|1
|-damage|p2a: Kingambit|0 fnt
|-damage|p2b: Scovillain|11/100
|-status|p1a: Froslass|brn|[from] ability: Spicy Spray|[of] p2b: Scovillain
|faint|p2a: Kingambit
|move|p1b: Samurott|Sacred Sword|p2b: Scovillain
|-damage|p2b: Scovillain|0 fnt
|-status|p1b: Samurott|brn|[from] ability: Spicy Spray|[of] p2b: Scovillain
|faint|p2b: Scovillain
|-damage|p1b: Samurott|90/100 brn|[from] item: Life Orb
|
|-weather|Snowscape|[upkeep]
|-damage|p1a: Froslass|21/100 brn|[from] brn
|-damage|p1b: Samurott|84/100 brn|[from] brn
|upkeep
|
|t:|1783347208
|switch|p2a: Lycanroc|Lycanroc-Dusk, L50, F|100/100
|turn|5
|
|t:|1783347215
|switch|p1b: Sneasler|Sneasler, L50, F|94/100 brn
|move|p1a: Froslass|Protect|p1a: Froslass
|-singleturn|p1a: Froslass|Protect
|move|p2a: Lycanroc|Accelerock|p1a: Froslass
|-activate|p1a: Froslass|move: Protect
|
|-weather|none
|-damage|p1b: Sneasler|88/100 brn|[from] brn
|-damage|p1a: Froslass|15/100 brn|[from] brn
|upkeep
|turn|6
|
|t:|1783347230
|move|p2a: Lycanroc|Protect|p2a: Lycanroc
|-singleturn|p2a: Lycanroc|Protect
|move|p1b: Sneasler|Fake Out|p2a: Lycanroc
|-activate|p2a: Lycanroc|move: Protect
|move|p1a: Froslass|Nasty Plot|p1a: Froslass
|-boost|p1a: Froslass|spa|2
|
|-damage|p1b: Sneasler|82/100 brn|[from] brn
|-damage|p1a: Froslass|9/100 brn|[from] brn
|upkeep
|turn|7
|
|t:|1783347239
|move|p1b: Sneasler|Close Combat|p2a: Lycanroc
|-supereffective|p2a: Lycanroc|1
|-enditem|p2a: Lycanroc|Focus Sash
|-damage|p2a: Lycanroc|1/100
|-unboost|p1b: Sneasler|def|1
|-unboost|p1b: Sneasler|spd|1
|move|p1a: Froslass|Thunderbolt|p2a: Lycanroc
|-damage|p2a: Lycanroc|0 fnt
|faint|p2a: Lycanroc
|
|win|kheld
||kheld is ready for game 2.
||isthisbelias? is ready for game 2.
|uhtml|next|Next: Game 2 of 3
|l|☆kheld
|player|p1|
