|j|☆hello cheese boy
|j|☆Vividedenne
|html|hello cheese boyVividedenne    
|uhtml|bestof|Game 1 of a best-of-3
|t:|1783163830
|gametype|doubles
|player|p1|hello cheese boy|ninjaboy|1097
|player|p2|Vividedenne|#npl2023|1000
|gen|9
|tier|[Gen 9 Champions] VGC 2026 Reg M-B (Bo3)
|rated|
|rule|Species Clause: Limit one of each Pokémon
|rule|Item Clause: Limit 1 of each item
|clearpoke
|poke|p1|Skarmory, L50, M, shiny|
|poke|p1|Whimsicott, L50, M, shiny|
|poke|p1|Gholdengo, L50, shiny|
|poke|p1|Incineroar, L50, M, shiny|
|poke|p1|Rotom-Wash, L50, shiny|
|poke|p1|Garchomp, L50, M, shiny|
|poke|p2|Sinistcha, L50|
|poke|p2|Incineroar, L50, M|
|poke|p2|Milotic, L50, F|
|poke|p2|Raichu, L50, F|
|poke|p2|Floette-Eternal, L50, F|
|poke|p2|Ceruledge, L50, M|
|teampreview|4
|showteam|p1|Skarmory||Skarmorite|Sturdy|BraveBird,IronHead,Roost,Protect|Adamant||M|||50|]Whimsicott||FocusSash|Prankster|Moonblast,Tailwind,Encore,Protect|Timid||M|||50|]Gholdengo||LifeOrb|GoodasGold|MakeItRain,ShadowBall,NastyPlot,Protect|Modest|||||50|]Incineroar||SitrusBerry|Intimidate|FlareBlitz,PartingShot,WillOWisp,FakeOut|Impish||M|||50|]Rotom-Wash||ChoiceScarf|Levitate|HydroPump,Thunderbolt,Trick,VoltSwitch|Timid|||||50|]Garchomp||SoftSand|RoughSkin|Earthquake,DragonClaw,SwordsDance,Protect|Adamant||M|||50|
|showteam|p2|Sinistcha||KasibBerry|Hospitality|MatchaGotcha,LifeDew,RagePowder,Protect|Relaxed|||||50|]Incineroar||SitrusBerry|Intimidate|FlareBlitz,ThroatChop,FakeOut,PartingShot|Impish||M|||50|]Milotic||Leftovers|Competitive|MuddyWater,Coil,Hypnosis,Protect|Calm||F|||50|]Raichu||RaichuniteY|LightningRod|ZapCannon,FocusBlast,FakeOut,Protect|Timid||F|||50|]Floette-Eternal||Floettite|FlowerVeil|DazzlingGleam,DrainingKiss,CalmMind,Protect|Timid||F|||50|]Ceruledge||ColburBerry|FlashFire|BitterBlade,ShadowSneak,BulkUp,Protect|Adamant||M|||50|
|inactive|Battle timer is ON: inactive players will automatically lose when time's up. (requested by Vividedenne)
|inactive|Vividedenne has 60 seconds left.
|
|t:|1783163888
|teamsize|p1|4
|teamsize|p2|4
|start
|switch|p1a: Whimsicott|Whimsicott, L50, M, shiny|100/100
|switch|p1b: Rotom|Rotom-Wash, L50, shiny|100/100
|switch|p2a: Floette|Floette-Eternal, L50, F|100/100
|switch|p2b: Incineroar|Incineroar, L50, M|100/100
|-ability|p2b: Incineroar|Intimidate|boost
|-unboost|p1a: Whimsicott|atk|1
|-unboost|p1b: Rotom|atk|1
|turn|1
|
|t:|1783163906
|detailschange|p2a: Floette|Floette-Mega, L50, F
|-mega|p2a: Floette|Floette|Floettite
|-ability|p2a: Floette|Fairy Aura
|move|p2b: Incineroar|Fake Out|p1b: Rotom
|-damage|p1b: Rotom|86/100
|move|p1a: Whimsicott|Tailwind|p1a: Whimsicott
|-sidestart|p1: hello cheese boy|move: Tailwind
|cant|p1b: Rotom|flinch
|move|p2a: Floette|Dazzling Gleam|p1b: Rotom|[spread] p1a,p1b
|-crit|p1a: Whimsicott
|-damage|p1a: Whimsicott|20/100y
|-damage|p1b: Rotom|40/100
|
|upkeep
|turn|2
|inactive|Vividedenne has 30 seconds left.
|
|t:|1783163931
|switch|p2b: Sinistcha|Sinistcha, L50|100/100
|move|p1a: Whimsicott|Encore||[still]
|-fail|p1a: Whimsicott
|move|p1b: Rotom|Volt Switch|p2a: Floette
|-damage|p2a: Floette|72/100
|
|t:|1783163940
|switch|p1b: Gholdengo|Gholdengo, L50, shiny|100/100|[from] Volt Switch
|move|p2a: Floette|Dazzling Gleam|p1a: Whimsicott|[spread] p1a,p1b
|-resisted|p1b: Gholdengo|1
|-damage|p1a: Whimsicott|0 fnt
|-damage|p1b: Gholdengo|79/100
|faint|p1a: Whimsicott
|
|upkeep
|
|t:|1783163948
|switch|p1a: Skarmory|Skarmory, L50, M, shiny|100/100
|turn|3
|
|t:|1783163961
|switch|p2b: Incineroar|Incineroar, L50, M|100/100
|-ability|p2b: Incineroar|Intimidate|boost
|-unboost|p1a: Skarmory|atk|1
|-unboost|p1b: Gholdengo|atk|1
|detailschange|p1a: Skarmory|Skarmory-Mega, L50, M, shiny
|-mega|p1a: Skarmory|Skarmory|Skarmorite
|move|p2a: Floette|Protect|p2a: Floette
|-singleturn|p2a: Floette|Protect
|move|p1a: Skarmory|Iron Head|p2a: Floette
|-activate|p2a: Floette|move: Protect
|move|p1b: Gholdengo|Nasty Plot|p1b: Gholdengo
|-boost|p1b: Gholdengo|spa|2
|
|upkeep
|turn|4
|inactive|Vividedenne has 30 seconds left.
|
|t:|1783163993
|move|p2b: Incineroar|Fake Out|p1a: Skarmory
|-resisted|p1a: Skarmory|1
|-damage|p1a: Skarmory|94/100
|cant|p1a: Skarmory|flinch
|move|p1b: Gholdengo|Make It Rain|p2b: Incineroar|[spread] p2a,p2b
|-supereffective|p2a: Floette|1
|-resisted|p2b: Incineroar|1
|-damage|p2a: Floette|0 fnt
|-damage|p2b: Incineroar|44/100
|-unboost|p1b: Gholdengo|spa|2
|-enditem|p2b: Incineroar|Sitrus Berry|[eat]
|-heal|p2b: Incineroar|68/100|[from] item: Sitrus Berry
|faint|p2a: Floette
|-damage|p1b: Gholdengo|70/100|[from] item: Life Orb
|
|-sideend|p1: hello cheese boy|move: Tailwind
|upkeep
|
|t:|1783163996
|switch|p2a: Ceruledge|Ceruledge, L50, M|100/100
|turn|5
|inactive|hello cheese boy has 30 seconds left.
|inactive|Vividedenne has 30 seconds left.
|
|t:|1783164028
|move|p2a: Ceruledge|Protect|p2a: Ceruledge
|-singleturn|p2a: Ceruledge|Protect
|move|p1a: Skarmory|Brave Bird|p2b: Incineroar
|-damage|p2b: Incineroar|37/100
|-damage|p1a: Skarmory|82/100|[from] Recoil
|move|p1b: Gholdengo|Shadow Ball|p2a: Ceruledge
|-activate|p2a: Ceruledge|move: Protect
|move|p2b: Incineroar|Parting Shot|p1a: Skarmory
|-unboost|p1a: Skarmory|atk|1
|-unboost|p1a: Skarmory|spa|1
|
|t:|1783164036
|switch|p2b: Sinistcha|Sinistcha, L50|100/100|[from] Parting Shot
|
|upkeep
|turn|6
|
|t:|1783164050
|move|p2b: Sinistcha|Rage Powder|p2b: Sinistcha
|-singleturn|p2b: Sinistcha|move: Rage Powder
|move|p1a: Skarmory|Brave Bird|p2b: Sinistcha
|-supereffective|p2b: Sinistcha|1
|-damage|p2b: Sinistcha|46/100
|-damage|p1a: Skarmory|63/100|[from] Recoil
|move|p1b: Gholdengo|Shadow Ball|p2b: Sinistcha
|-supereffective|p2b: Sinistcha|1
|-enditem|p2b: Sinistcha|Kasib Berry|[eat]
|-enditem|p2b: Sinistcha|Kasib Berry|[weaken]
|-damage|p2b: Sinistcha|0 fnt
|faint|p2b: Sinistcha
|-damage|p1b: Gholdengo|60/100|[from] item: Life Orb
|move|p2a: Ceruledge|Bulk Up|p2a: Ceruledge
|-boost|p2a: Ceruledge|atk|1
|-boost|p2a: Ceruledge|def|1
|
|upkeep
|
|t:|1783164060
|switch|p2b: Incineroar|Incineroar, L50, M|37/100
|-ability|p2b: Incineroar|Intimidate|boost
|-unboost|p1a: Skarmory|atk|1
|-unboost|p1b: Gholdengo|atk|1
|turn|7
|
|t:|1783164071
|move|p2a: Ceruledge|Shadow Sneak|p1b: Gholdengo
|-supereffective|p1b: Gholdengo|1
|-damage|p1b: Gholdengo|1/100
|move|p1a: Skarmory|Brave Bird|p2b: Incineroar
|-damage|p2b: Incineroar|16/100
|-damage|p1a: Skarmory|55/100|[from] Recoil
|move|p1b: Gholdengo|Shadow Ball|p2a: Ceruledge
|-supereffective|p2a: Ceruledge|1
|-damage|p2a: Ceruledge|0 fnt
|faint|p2a: Ceruledge
|-damage|p1b: Gholdengo|0 fnt|[from] item: Life Orb
|faint|p1b: Gholdengo
|move|p2b: Incineroar|Flare Blitz|p1a: Skarmory
|-supereffective|p1a: Skarmory|1
|-damage|p1a: Skarmory|0 fnt
|faint|p1a: Skarmory
|-damage|p2b: Incineroar|1/100|[from] Recoil
|
|upkeep
|
|t:|1783164089
|switch|p1a: Rotom|Rotom-Wash, L50, shiny|40/100
|turn|8
|
|t:|1783164097
|move|p1a: Rotom|Thunderbolt|p2b: Incineroar
|-damage|p2b: Incineroar|0 fnt
|faint|p2b: Incineroar
|
|win|hello cheese boy
||Vividedenne is ready for game 2.
||hello cheese boy is ready for game 2.
|uhtml|next|Next: Game 2 of 3
|l|☆hello cheese boy
|player|p1|
