|j|☆fumomarlboro
|j|☆panqueca25
|html|fumomarlboropanqueca25    
|uhtml|bestof|Game 1 of a best-of-3
|t:|1757779837
|gametype|doubles
|player|p1|fumomarlboro|swimmerf-gen4|1293
|player|p2|panqueca25|169|1238
|gen|9
|tier|[Gen 9] VGC 2025 Reg H (Bo3)
|rated|
|rule|Species Clause: Limit one of each Pokémon
|rule|Item Clause: Limit 1 of each item
|clearpoke
|poke|p1|Tauros-Paldea-Aqua, L50, M|
|poke|p1|Gholdengo, L50|
|poke|p1|Sinistcha, L50|
|poke|p1|Pelipper, L50, F|
|poke|p1|Dragonite, L50, M|
|poke|p1|Archaludon, L50, F|
|poke|p2|Gholdengo, L50|
|poke|p2|Incineroar, L50, F|
|poke|p2|Porygon2, L50|
|poke|p2|Ursaluna, L50, F|
|poke|p2|Clefable, L50, F|
|poke|p2|Primarina, L50, F|
|teampreview|4
|showteam|p1|Tauros-Paldea-Aqua||MirrorHerb|Intimidate|WaveCrash,CloseCombat,AquaJet,Protect|||M|||50|,,,,,Grass]Gholdengo||ChoiceScarf|GoodasGold|MakeItRain,ShadowBall,Trick,Protect||||||50|,,,,,Fairy]Sinistcha||SitrusBerry|Hospitality|MatchaGotcha,LifeDew,RagePowder,TrickRoom||||||50|,,,,,Dark]Pelipper||FocusSash|Drizzle|MuddyWater,Hurricane,Tailwind,Protect|||F|||50|,,,,,Ghost]Dragonite||LoadedDice|Multiscale|ScaleShot,Tailwind,Haze,Protect|||M|||50|,,,,,Fairy]Archaludon||AssaultVest|Stamina|DragonPulse,BodyPress,ElectroShot,Snarl|||F|||50|,,,,,Grass
|showteam|p2|Gholdengo||Leftovers|GoodasGold|MakeItRain,ShadowBall,NastyPlot,Protect||||||50|,,,,,Water]Incineroar||SafetyGoggles|Intimidate|FlareBlitz,KnockOff,PartingShot,FakeOut|||F|||50|,,,,,Ghost]Porygon2||Eviolite|Download|TeraBlast,IceBeam,TrickRoom,Recover||||||50|,,,,,Fighting]Ursaluna||FlameOrb|Guts|Facade,HeadlongRush,Earthquake,Protect|||F|||50|,,,,,Ghost]Clefable||RockyHelmet|Unaware|Moonblast,FollowMe,Encore,Protect|||F|||50|,,,,,Ghost]Primarina||SitrusBerry|LiquidVoice|HyperVoice,Moonblast,Haze,Protect|||F|||50|,,,,,Poison
|inactive|Battle timer is ON: inactive players will automatically lose when time's up. (requested by panqueca25)
|inactive|fumomarlboro has 60 seconds left.
|inactive|panqueca25 has 60 seconds left.
|
|t:|1757779875
|teamsize|p1|4
|teamsize|p2|4
|start
|switch|p1a: Gholdengo|Gholdengo, L50|100/100
|switch|p1b: Pelipper|Pelipper, L50, F|100/100
|switch|p2a: Clefable|Clefable, L50, F|100/100
|switch|p2b: Porygon2|Porygon2, L50, shiny|100/100
|-weather|RainDance|[from] ability: Drizzle|[of] p1b: Pelipper
|-ability|p2b: Porygon2|Download|boost
|-boost|p2b: Porygon2|spa|1
|turn|1
|
|t:|1757779894
|move|p2a: Clefable|Follow Me|p2a: Clefable
|-singleturn|p2a: Clefable|move: Follow Me
|move|p1a: Gholdengo|Make It Rain|p2b: Porygon2|[spread] p2a,p2b
|-supereffective|p2a: Clefable
|-damage|p2a: Clefable|16/100
|-damage|p2b: Porygon2|71/100
|-unboost|p1a: Gholdengo|spa|1
|move|p1b: Pelipper|Hurricane|p2a: Clefable
|-damage|p2a: Clefable|0 fnt
|faint|p2a: Clefable
|move|p2b: Porygon2|Trick Room|p2b: Porygon2
|-fieldstart|move: Trick Room|[of] p2b: Porygon2
|
|-weather|RainDance|[upkeep]
|upkeep
|
|t:|1757779905
|switch|p2a: Gholdengo|Gholdengo, L50|100/100
|turn|2
|
|t:|1757779929
|switch|p1a: Archaludon|Archaludon, L50, F|100/100
|move|p2b: Porygon2|Tera Blast|p1b: Pelipper
|-damage|p1b: Pelipper|20/100
|move|p1b: Pelipper|Muddy Water|p2a: Gholdengo|[spread] p2a,p2b
|-damage|p2a: Gholdengo|58/100
|-damage|p2b: Porygon2|45/100
|-unboost|p2a: Gholdengo|accuracy|1
|move|p2a: Gholdengo|Nasty Plot|p2a: Gholdengo
|-boost|p2a: Gholdengo|spa|2
|
|-weather|RainDance|[upkeep]
|-heal|p2a: Gholdengo|65/100|[from] item: Leftovers
|upkeep
|turn|3
|
|t:|1757779954
|move|p1b: Pelipper|Protect|p1b: Pelipper
|-singleturn|p1b: Pelipper|Protect
|move|p2b: Porygon2|Recover|p2b: Porygon2
|-heal|p2b: Porygon2|95/100
|move|p1a: Archaludon|Body Press|p2b: Porygon2
|-supereffective|p2b: Porygon2
|-damage|p2b: Porygon2|64/100
|move|p2a: Gholdengo|Make It Rain|p1b: Pelipper|[spread] 
|-activate|p1b: Pelipper|move: Protect
|-miss|p2a: Gholdengo|p1a: Archaludon
|
|-weather|RainDance|[upkeep]
|-heal|p2a: Gholdengo|71/100|[from] item: Leftovers
|upkeep
|turn|4
|inactive|fumomarlboro has 30 seconds left.
|
|t:|1757779983
|switch|p1a: Sinistcha|Sinistcha, L50|100/100
|-heal|p1b: Pelipper|45/100|[from] ability: Hospitality|[of] p1a: Sinistcha
|-terastallize|p2b: Porygon2|Fighting
|move|p2b: Porygon2|Tera Blast|p1a: Sinistcha|[anim] Tera Blast Fighting
|-immune|p1a: Sinistcha
|move|p1b: Pelipper|Muddy Water|p2b: Porygon2|[spread] p2b
|-miss|p1b: Pelipper|p2a: Gholdengo
|-damage|p2b: Porygon2|36/100
|move|p2a: Gholdengo|Make It Rain|p1b: Pelipper|[spread] p1a,p1b
|-resisted|p1b: Pelipper
|-damage|p1a: Sinistcha|25/100
|-damage|p1b: Pelipper|0 fnt
|-unboost|p2a: Gholdengo|spa|1
|-enditem|p1a: Sinistcha|Sitrus Berry|[eat]
|-heal|p1a: Sinistcha|49/100|[from] item: Sitrus Berry
|faint|p1b: Pelipper
|
|-weather|RainDance|[upkeep]
|-heal|p2a: Gholdengo|77/100|[from] item: Leftovers
|upkeep
|
|t:|1757780003
|switch|p1b: Archaludon|Archaludon, L50, F|100/100
|turn|5
|
|t:|1757780012
|-terastallize|p1b: Archaludon|Grass
|move|p2b: Porygon2|Recover|p2b: Porygon2
|-heal|p2b: Porygon2|86/100
|move|p1a: Sinistcha|Matcha Gotcha|p2a: Gholdengo|[spread] p2a,p2b
|-resisted|p2a: Gholdengo
|-damage|p2a: Gholdengo|65/100
|-heal|p1a: Sinistcha|56/100|[from] drain|[of] p2a: Gholdengo
|-damage|p2b: Porygon2|73/100
|-heal|p1a: Sinistcha|63/100|[from] drain|[of] p2b: Porygon2
|move|p1b: Archaludon|Electro Shot||[still]
|-prepare|p1b: Archaludon|Electro Shot
|-boost|p1b: Archaludon|spa|1
|-anim|p1b: Archaludon|Electro Shot|p2a: Gholdengo
|-damage|p2a: Gholdengo|11/100
|move|p2a: Gholdengo|Make It Rain|p1b: Archaludon|[spread] 
|-miss|p2a: Gholdengo|p1a: Sinistcha
|-miss|p2a: Gholdengo|p1b: Archaludon
|
|-weather|none
|-heal|p2a: Gholdengo|17/100|[from] item: Leftovers
|-fieldend|move: Trick Room
|upkeep
|turn|6
|inactive|fumomarlboro has 30 seconds left.
|
|t:|1757780042
|move|p2a: Gholdengo|Make It Rain|p1b: Archaludon|[spread] p1b
|-miss|p2a: Gholdengo|p1a: Sinistcha
|-damage|p1b: Archaludon|58/100
|-unboost|p2a: Gholdengo|spa|1
|-ability|p1b: Archaludon|Stamina|boost
|-boost|p1b: Archaludon|def|1
|move|p1b: Archaludon|Dragon Pulse|p2a: Gholdengo
|-resisted|p2a: Gholdengo
|-damage|p2a: Gholdengo|0 fnt
|faint|p2a: Gholdengo
|move|p1a: Sinistcha|Matcha Gotcha|p2b: Porygon2
|-damage|p2b: Porygon2|55/100
|-heal|p1a: Sinistcha|73/100|[from] drain|[of] p2b: Porygon2
|move|p2b: Porygon2|Trick Room|p2b: Porygon2
|-fieldstart|move: Trick Room|[of] p2b: Porygon2
|
|upkeep
|
|t:|1757780047
|switch|p2a: Ursaluna|Ursaluna, L50, F|100/100
|turn|7
|inactive|fumomarlboro has 30 seconds left.
|
|t:|1757780072
|move|p2a: Ursaluna|Headlong Rush|p1a: Sinistcha
|-resisted|p1a: Sinistcha
|-damage|p1a: Sinistcha|42/100
|-unboost|p2a: Ursaluna|def|1
|-unboost|p2a: Ursaluna|spd|1
|move|p2b: Porygon2|Ice Beam|p1a: Sinistcha
|-supereffective|p1a: Sinistcha
|-damage|p1a: Sinistcha|0 fnt
|faint|p1a: Sinistcha
|move|p1b: Archaludon|Dragon Pulse|p2b: Porygon2
|-damage|p2b: Porygon2|25/100
|
|-status|p2a: Ursaluna|brn|[from] item: Flame Orb
|upkeep
|
|t:|1757780083
|switch|p1a: Gholdengo|Gholdengo, L50|100/100
|turn|8
|
|t:|1757780095
|move|p2a: Ursaluna|Headlong Rush|p1a: Gholdengo
|-supereffective|p1a: Gholdengo
|-damage|p1a: Gholdengo|0 fnt
|-unboost|p2a: Ursaluna|def|1
|-unboost|p2a: Ursaluna|spd|1
|faint|p1a: Gholdengo
|move|p2b: Porygon2|Recover|p2b: Porygon2
|-heal|p2b: Porygon2|75/100
|move|p1b: Archaludon|Body Press|p2a: Ursaluna
|-supereffective|p2a: Ursaluna
|-damage|p2a: Ursaluna|0 fnt
|faint|p2a: Ursaluna
|
|upkeep
|turn|9
|
|t:|1757780112
|move|p2b: Porygon2|Ice Beam|p1b: Archaludon
|-supereffective|p1b: Archaludon
|-damage|p1b: Archaludon|14/100
|-ability|p1b: Archaludon|Stamina|boost
|-boost|p1b: Archaludon|def|1
|move|p1b: Archaludon|Snarl|p2b: Porygon2
|-resisted|p2b: Porygon2
|-damage|p2b: Porygon2|69/100
|-unboost|p2b: Porygon2|spa|1
|
|upkeep
|turn|10
|
|t:|1757780118
|move|p2b: Porygon2|Ice Beam|p1b: Archaludon
|-supereffective|p1b: Archaludon
|-damage|p1b: Archaludon|0 fnt
|faint|p1b: Archaludon
|
|win|panqueca25
||fumomarlboro is ready for game 2.
||panqueca25 is ready for game 2.
|uhtml|next|Next: Game 2 of 3
