|j|☆kurozora13
|j|☆KodeBeast0526
|html|kurozora13KodeBeast0526    
|uhtml|bestof|Game 2 of a best-of-3
|t:|1783997062
|gametype|doubles
|player|p1|kurozora13|red|1202
|player|p2|KodeBeast0526|hiker|1287
|gen|9
|tier|[Gen 9 Champions] VGC 2026 Reg M-B (Bo3)
|rated|
|rule|Species Clause: Limit one of each Pokémon
|rule|Item Clause: Limit 1 of each item
|clearpoke
|poke|p1|Charizard, L50, F|
|poke|p1|Floette-Eternal, L50, F|
|poke|p1|Garchomp, L50, M|
|poke|p1|Kingambit, L50, F|
|poke|p1|Rotom-Wash, L50|
|poke|p1|Whimsicott, L50, F|
|poke|p2|Kingambit, L50, M, shiny|
|poke|p2|Garchomp, L50, M, shiny|
|poke|p2|Charizard, L50, M, shiny|
|poke|p2|Incineroar, L50, M, shiny|
|poke|p2|Whimsicott, L50, M, shiny|
|poke|p2|Basculegion, L50, M|
|teampreview|4
|showteam|p1|Charizard||CharizarditeY|Blaze|Protect,WeatherBall,HeatWave,SolarBeam|Timid||F|||50|]Floette-Eternal||Floettite|FlowerVeil|Protect,DazzlingGleam,Moonblast,LightofRuin|Modest||F|||50|]Garchomp||LifeOrb|RoughSkin|Protect,RockSlide,DragonClaw,Earthquake|Jolly||M|||50|]Kingambit||BlackGlasses|Defiant|Protect,SuckerPunch,IronHead,KowtowCleave|Adamant||F|||50|]Rotom-Wash||SitrusBerry|Levitate|LightScreen,WillOWisp,Thunderbolt,HydroPump|Bold|||||50|]Whimsicott||FocusSash|Prankster|Protect,Encore,Moonblast,Tailwind|Timid||F|||50|
|showteam|p2|Kingambit||ChopleBerry|Defiant|KowtowCleave,SuckerPunch,IronHead,Protect|Adamant||M|||50|]Garchomp||LifeOrb|RoughSkin|DragonClaw,StompingTantrum,Protect,RockSlide|Jolly||M|||50|]Charizard||CharizarditeY|Blaze|Protect,HeatWave,SolarBeam,WeatherBall|Modest||M|||50|]Incineroar||SitrusBerry|Intimidate|HelpingHand,FlareBlitz,FakeOut,PartingShot|Careful||M|||50|]Whimsicott||FocusSash|Prankster|Moonblast,Tailwind,Protect,Encore|Timid||M|||50|]Basculegion||MysticWater|Adaptability|WaveCrash,LastRespects,AquaJet,FlipTurn|Adamant||M|||50|
|inactive|Battle timer is ON: inactive players will automatically lose when time's up. (requested by kurozora13)
|inactive|kurozora13 has 60 seconds left.
|
|t:|1783997106
|teamsize|p1|4
|teamsize|p2|4
|start
|switch|p1a: Whimsicott|Whimsicott, L50, F|100/100
|switch|p1b: Rotom|Rotom-Wash, L50|100/100
|switch|p2a: Whimsicott|Whimsicott, L50, M, shiny|100/100
|switch|p2b: Charizard|Charizard, L50, M, shiny|100/100
|turn|1
|inactive|KodeBeast0526 has 30 seconds left.
|inactive|KodeBeast0526 has 20 seconds left.
|
|t:|1783997142
|detailschange|p2b: Charizard|Charizard-Mega-Y, L50, M, shiny
|-mega|p2b: Charizard|Charizard|Charizardite Y
|-weather|SunnyDay|[from] ability: Drought|[of] p2b: Charizard
|move|p1a: Whimsicott|Tailwind|p1a: Whimsicott
|-sidestart|p1: kurozora13|move: Tailwind
|move|p1b: Rotom|Thunderbolt|p2b: Charizard
|-supereffective|p2b: Charizard|1
|-damage|p2b: Charizard|42/100
|-status|p2b: Charizard|par
|move|p2a: Whimsicott|Moonblast|p1a: Whimsicott
|-damage|p1a: Whimsicott|38/100
|-unboost|p1a: Whimsicott|spa|1
|move|p2b: Charizard|Heat Wave|p1a: Whimsicott|[spread] p1a,p1b
|-supereffective|p1a: Whimsicott|1
|-resisted|p1b: Rotom|1
|-damage|p1a: Whimsicott|0 fnt
|-damage|p1b: Rotom|69/100
|faint|p1a: Whimsicott
|
|-weather|SunnyDay|[upkeep]
|upkeep
|
|t:|1783997159
|switch|p1a: Garchomp|Garchomp, L50, M|100/100
|turn|2
|
|t:|1783997167
|move|p2a: Whimsicott|Protect|p2a: Whimsicott
|-singleturn|p2a: Whimsicott|Protect
|move|p2b: Charizard|Protect|p2b: Charizard
|-singleturn|p2b: Charizard|Protect
|move|p1a: Garchomp|Rock Slide|p2a: Whimsicott|[spread] 
|-activate|p2a: Whimsicott|move: Protect
|-activate|p2b: Charizard|move: Protect
|move|p1b: Rotom|Light Screen|p1b: Rotom
|-sidestart|p1: kurozora13|move: Light Screen
|
|-weather|SunnyDay|[upkeep]
|upkeep
|turn|3
|
|t:|1783997183
|switch|p1b: Charizard|Charizard, L50, F|100/100
|move|p1a: Garchomp|Rock Slide|p2a: Whimsicott|[spread] p2a,p2b
|-supereffective|p2b: Charizard|2
|-damage|p2a: Whimsicott|62/100
|-damage|p2b: Charizard|0 fnt
|faint|p2b: Charizard
|-damage|p1a: Garchomp|90/100|[from] item: Life Orb
|cant|p2a: Whimsicott|flinch
|
|-weather|SunnyDay|[upkeep]
|upkeep
|
|t:|1783997197
|switch|p2b: Garchomp|Garchomp, L50, M, shiny|100/100
|turn|4
|
|t:|1783997208
|detailschange|p1b: Charizard|Charizard-Mega-Y, L50, F
|-mega|p1b: Charizard|Charizard|Charizardite Y
|move|p2a: Whimsicott|Protect|p2a: Whimsicott
|-singleturn|p2a: Whimsicott|Protect
|move|p2b: Garchomp|Protect|p2b: Garchomp
|-singleturn|p2b: Garchomp|Protect
|move|p1a: Garchomp|Dragon Claw|p2b: Garchomp
|-activate|p2b: Garchomp|move: Protect
|move|p1b: Charizard|Heat Wave|p2a: Whimsicott|[spread] 
|-activate|p2a: Whimsicott|move: Protect
|-activate|p2b: Garchomp|move: Protect
|
|-weather|SunnyDay|[upkeep]
|-sideend|p1: kurozora13|move: Tailwind
|upkeep
|turn|5
|
|t:|1783997226
|move|p2a: Whimsicott|Moonblast|p1a: Garchomp
|-supereffective|p1a: Garchomp|1
|-damage|p1a: Garchomp|42/100
|move|p2b: Garchomp|Rock Slide|p1b: Charizard|[spread] p1b
|-miss|p2b: Garchomp|p1a: Garchomp
|-supereffective|p1b: Charizard|2
|-damage|p1b: Charizard|0 fnt
|faint|p1b: Charizard
|-damage|p2b: Garchomp|90/100|[from] item: Life Orb
|move|p1a: Garchomp|Dragon Claw|p2b: Garchomp
|-supereffective|p2b: Garchomp|1
|-damage|p2b: Garchomp|0 fnt
|-damage|p1a: Garchomp|29/100|[from] ability: Rough Skin|[of] p2b: Garchomp
|faint|p2b: Garchomp
|-damage|p1a: Garchomp|20/100r|[from] item: Life Orb
|
|-weather|none
|upkeep
|
|t:|1783997241
|switch|p2b: Basculegion|Basculegion, L50, M|100/100
|switch|p1b: Rotom|Rotom-Wash, L50|69/100
|turn|6
|
|t:|1783997252
|move|p2a: Whimsicott|Moonblast|p1a: Garchomp
|-supereffective|p1a: Garchomp|1
|-damage|p1a: Garchomp|0 fnt
|faint|p1a: Garchomp
|move|p2b: Basculegion|Last Respects|p1b: Rotom
|-damage|p1b: Rotom|0 fnt
|faint|p1b: Rotom
|
|win|KodeBeast0526
