|j|☆LovelyLuna
|j|☆Boltsy VGC
|html|LovelyLunaBoltsy VGC    
|uhtml|bestof|Game 1 of a best-of-3
|t:|1757107109
|gametype|doubles
|player|p1|LovelyLuna|#lameliarleo|
|player|p2|Boltsy VGC|serena-masters|
|gen|9
|tier|[Gen 9] VGC 2025 Reg H (Bo3)
|rule|Species Clause: Limit one of each Pokémon
|rule|Item Clause: Limit 1 of each item
|clearpoke
|poke|p1|Baxcalibur, L50, M|
|poke|p1|Gothitelle, L50, F|
|poke|p1|Electivire, L50, F|
|poke|p1|Arcanine-Hisui, L50, F|
|poke|p1|Decidueye-Hisui, L50, F|
|poke|p1|Vivillon, L50, M|
|poke|p2|Politoed, L50, M|
|poke|p2|Gothitelle, L50, F|
|poke|p2|Kingdra, L50, F|
|poke|p2|Rotom-Wash, L50|
|poke|p2|Arcanine, L50, F|
|poke|p2|Foongus, L50, F|
|teampreview|4
|showteam|p1|Baxcalibur||LoadedDice|ThermalExchange|IcicleSpear,ScaleShot,SwordsDance,Protect|||M|||50|,,,,,Fairy]Gothitelle||SafetyGoggles|ShadowTag|FakeOut,Psychic,TrickRoom,Protect|||F|||50|,,,,,Dark]Electivire||CovertCloak|VitalSpirit|WildCharge,FollowMe,Electroweb,Taunt|||F|||50|,,,,,Fairy]Arcanine-Hisui||AssaultVest|FlashFire|FlareBlitz,RockSlide,ExtremeSpeed,TeraBlast|||F|||50|,,,,,Grass]Decidueye-Hisui||LifeOrb|Scrappy|LeafBlade,TripleArrows,SuckerPunch,Protect|||F|||50|,,,,,Steel]Vivillon||FocusSash|CompoundEyes|Hurricane,SleepPowder,Tailwind,Protect|||M|||50|,,,,,Ghost
|showteam|p2|Politoed||Leftovers|Drizzle|Protect,PerishSong,Encore,WeatherBall|||M|||50|,,,,,Grass]Gothitelle||SitrusBerry|ShadowTag|Protect,FakeOut,TrickRoom,Psychic|||F|||50|,,,,,Dark]Kingdra||LifeOrb|SwiftSwim|Protect,DracoMeteor,WeatherBall,MuddyWater|||F|||50|,,,,,Stellar]Rotom-Wash||Magnet|Levitate|Protect,VoltSwitch,HydroPump,Thunder||||||50|,,,,,Electric]Arcanine||ClearAmulet|Intimidate|Protect,WillOWisp,Snarl,FlareBlitz|||F|||50|,,,,,Grass]Foongus||Eviolite|Regenerator|Protect,RagePowder,Spore,PollenPuff|||F|||50|,,,,,Dark
|inactive|Battle timer is ON: inactive players will automatically lose when time's up. (requested by Boltsy VGC)
|inactive|LovelyLuna also wants the timer to be on.
|inactive|LovelyLuna has 60 seconds left.
|inactive|Boltsy VGC has 60 seconds left.
|inactive|Boltsy VGC has 30 seconds left.
|inactive|Boltsy VGC has 20 seconds left.
|inactive|Boltsy VGC has 15 seconds left.
|inactive|Boltsy VGC has 10 seconds left.
|
|t:|1757107192
|teamsize|p1|4
|teamsize|p2|4
|start
|switch|p1a: Vivillon|Vivillon, L50, M|100/100
|switch|p1b: Decidueye|Decidueye-Hisui, L50, F|100/100
|switch|p2a: Politoed|Politoed, L50, M, shiny|100/100
|switch|p2b: Rotom|Rotom-Wash, L50, shiny|100/100
|-weather|RainDance|[from] ability: Drizzle|[of] p2a: Politoed
|turn|1
|inactive|Boltsy VGC has 30 seconds left.
|inactive|Boltsy VGC has 20 seconds left.
|
|t:|1757107231
|switch|p2b: Gothitelle|Gothitelle, L50, F|100/100
|move|p1a: Vivillon|Sleep Powder|p2b: Gothitelle
|-status|p2b: Gothitelle|slp|[from] move: Sleep Powder
|move|p2a: Politoed|Perish Song|p2a: Politoed
|-start|p1a: Vivillon|perish3|[silent]
|-start|p1b: Decidueye|perish3|[silent]
|-start|p2a: Politoed|perish3|[silent]
|-start|p2b: Gothitelle|perish3|[silent]
|-fieldactivate|move: Perish Song
|move|p1b: Decidueye|Leaf Blade|p2a: Politoed
|-supereffective|p2a: Politoed
|-damage|p2a: Politoed|0 fnt
|faint|p2a: Politoed
|-damage|p1b: Decidueye|91/100|[from] item: Life Orb
|
|-weather|RainDance|[upkeep]
|-start|p1a: Vivillon|perish3
|-start|p1b: Decidueye|perish3
|-start|p2b: Gothitelle|perish3
|upkeep
|
|t:|1757107249
|switch|p2a: Rotom|Rotom-Wash, L50, shiny|100/100
|turn|2
|
|t:|1757107265
|switch|p2b: Arcanine|Arcanine, L50, F|100/100
|-ability|p2b: Arcanine|Intimidate|boost
|-unboost|p1a: Vivillon|atk|1
|-fail|p1b: Decidueye|unboost|Attack|[from] ability: Scrappy|[of] p1b: Decidueye
|move|p1a: Vivillon|Hurricane|p2b: Arcanine
|-damage|p2b: Arcanine|67/100
|-start|p2b: Arcanine|confusion
|move|p2a: Rotom|Volt Switch|p1b: Decidueye
|-resisted|p1b: Decidueye
|-damage|p1b: Decidueye|70/100
|
|t:|1757107276
|switch|p2a: Gothitelle|Gothitelle, L50, F|100/100 slp|[from] Volt Switch
|move|p1b: Decidueye|Leaf Blade|p2b: Arcanine
|-resisted|p2b: Arcanine
|-damage|p2b: Arcanine|29/100
|-damage|p1b: Decidueye|61/100|[from] item: Life Orb
|
|-weather|RainDance|[upkeep]
|-start|p1a: Vivillon|perish2
|-start|p1b: Decidueye|perish2
|upkeep
|turn|3
|
|t:|1757107296
|cant|p2a: Gothitelle|slp
|move|p1a: Vivillon|Hurricane|p2a: Gothitelle
|-damage|p2a: Gothitelle|68/100 slp
|-activate|p2b: Arcanine|confusion
|move|p2b: Arcanine|Flare Blitz|p1a: Vivillon
|-supereffective|p1a: Vivillon
|-damage|p1a: Vivillon|16/100
|-damage|p2b: Arcanine|7/100|[from] Recoil
|move|p1b: Decidueye|Leaf Blade|p2a: Gothitelle
|-damage|p2a: Gothitelle|13/100 slp
|-enditem|p2a: Gothitelle|Sitrus Berry|[eat]
|-heal|p2a: Gothitelle|38/100 slp|[from] item: Sitrus Berry
|-damage|p1b: Decidueye|51/100|[from] item: Life Orb
|
|-weather|RainDance|[upkeep]
|-start|p1a: Vivillon|perish1
|-start|p1b: Decidueye|perish1
|upkeep
|turn|4
|inactive|Boltsy VGC has 30 seconds left.
|
|t:|1757107325
|switch|p2a: Rotom|Rotom-Wash, L50, shiny|100/100
|-activate|p2b: Arcanine|confusion
|move|p2b: Arcanine|Protect|p2b: Arcanine
|-singleturn|p2b: Arcanine|Protect
|move|p1a: Vivillon|Tailwind|p1a: Vivillon
|-sidestart|p1: LovelyLuna|move: Tailwind
|move|p1b: Decidueye|Leaf Blade|p2a: Rotom
|-supereffective|p2a: Rotom
|-damage|p2a: Rotom|0 fnt
|faint|p2a: Rotom
|-damage|p1b: Decidueye|42/100|[from] item: Life Orb
|
|-weather|RainDance|[upkeep]
|-start|p1a: Vivillon|perish0
|-start|p1b: Decidueye|perish0
|faint|p1a: Vivillon
|faint|p1b: Decidueye
|upkeep
|
|t:|1757107339
|switch|p1a: Arcanine|Arcanine-Hisui, L50, F|100/100
|switch|p2a: Gothitelle|Gothitelle, L50, F|38/100 slp
|switch|p1b: Baxcalibur|Baxcalibur, L50, M|100/100
|turn|5
|inactive|Boltsy VGC has 30 seconds left.
|
|t:|1757107365
|-terastallize|p2a: Gothitelle|Dark
|cant|p2a: Gothitelle|slp
|move|p1b: Baxcalibur|Icicle Spear|p2a: Gothitelle
|-damage|p2a: Gothitelle|24/100 slp
|-damage|p2a: Gothitelle|10/100 slp
|-damage|p2a: Gothitelle|0 fnt
|faint|p2a: Gothitelle
|-hitcount|p2: Gothitelle|3
|move|p1a: Arcanine|Rock Slide|p2b: Arcanine
|-supereffective|p2b: Arcanine
|-damage|p2b: Arcanine|0 fnt
|faint|p2b: Arcanine
|
|win|LovelyLuna
||LovelyLuna is ready for game 2.
|inactive|Boltsy VGC has 30 seconds to confirm battle start!
|c|☆Boltsy VGC|why showdown always spoiling the turn T-T
|inactive|Boltsy VGC has 20 seconds to confirm battle start!
||Boltsy VGC is ready for game 2.
|uhtml|next|Next: Game 2 of 3
