|j|☆SlowHomie
|j|☆Snowstorm brute
|html|SlowHomieSnowstorm brute    
|uhtml|bestof|Game 2 of a best-of-3
|t:|1756918189
|gametype|doubles
|player|p1|SlowHomie|lucas|
|player|p2|Snowstorm brute|veteran|
|gen|9
|tier|[Gen 9] VGC 2025 Reg H (Bo3)
|rule|Species Clause: Limit one of each Pokémon
|rule|Item Clause: Limit 1 of each item
|clearpoke
|poke|p1|Kommo-o, L50, F|
|poke|p1|Ninetales-Alola, L50, F|
|poke|p1|Rillaboom, L50, M|
|poke|p1|Electabuzz, L50, M|
|poke|p1|Annihilape, L50, M|
|poke|p1|Kingambit, L50, F|
|poke|p2|Comfey, L50, F|
|poke|p2|Dragonite, L50, F|
|poke|p2|Ursaluna-Bloodmoon, L50, M|
|poke|p2|Volcarona, L50, F|
|teampreview|4
|showteam|p1|Kommo-o||LifeOrb|Soundproof|ClangingScales,AuraSphere,Flamethrower,Protect|||F|||50|,,,,,Fire]Ninetales-Alola||NeverMeltIce|SnowWarning|Blizzard,FreezeDry,Encore,Protect|||F|||50|,,,,,Ice]Rillaboom||AssaultVest|GrassySurge|WoodHammer,GrassyGlide,HighHorsepower,FakeOut|||M|||50|,,,,,Ghost]Electabuzz||Eviolite|VitalSpirit|Electroweb,HelpingHand,FollowMe,Protect|||M|||50|,,,,,Ghost]Annihilape||FocusSash|Defiant|CloseCombat,ShadowClaw,FinalGambit,Taunt|||M|||50|,,,,,Stellar]Kingambit||BlackGlasses|Defiant|KowtowCleave,SuckerPunch,SwordsDance,Protect|||F|||50|,,,,,Dark
|showteam|p2|Comfey||SitrusBerry|Triage|DrainingKiss,FloralHealing,LightScreen,Protect|||F|||50|,,,,,Steel]Dragonite||LoadedDice|Multiscale|ScaleShot,StompingTantrum,Haze,Protect|||F|||50|,,,,,Ground]Ursaluna-Bloodmoon||Leftovers|MindsEye|CalmMind,EarthPower,BloodMoon,Protect|||M|||50|,,,,,Electric]Volcarona||CovertCloak|FlameBody|QuiverDance,FieryDance,TeraBlast,WillOWisp|||F|||50|,,,,,Fairy
|
|t:|1756918221
|teamsize|p1|4
|teamsize|p2|4
|start
|switch|p1a: Buzz Lightyear|Electabuzz, L50, M|100/100
|switch|p1b: Queen Goober|Kingambit, L50, F, shiny|100/100
|switch|p2a: Comfey|Comfey, L50, F|100/100
|switch|p2b: Ursaluna|Ursaluna-Bloodmoon, L50, M|100/100
|turn|1
|
|t:|1756918233
|move|p2a: Comfey|Draining Kiss|p1b: Queen Goober
|-damage|p1b: Queen Goober|86/100
|move|p1a: Buzz Lightyear|Follow Me|p1a: Buzz Lightyear
|-singleturn|p1a: Buzz Lightyear|move: Follow Me
|move|p2b: Ursaluna|Earth Power|p1a: Buzz Lightyear
|-supereffective|p1a: Buzz Lightyear
|-damage|p1a: Buzz Lightyear|28/100
|move|p1b: Queen Goober|Swords Dance|p1b: Queen Goober
|-boost|p1b: Queen Goober|atk|2
|
|upkeep
|turn|2
|
|t:|1756918255
|move|p2a: Comfey|Draining Kiss|p1a: Buzz Lightyear
|-damage|p1a: Buzz Lightyear|15/100
|move|p1a: Buzz Lightyear|Follow Me|p1a: Buzz Lightyear
|-singleturn|p1a: Buzz Lightyear|move: Follow Me
|move|p2b: Ursaluna|Earth Power|p1a: Buzz Lightyear
|-supereffective|p1a: Buzz Lightyear
|-damage|p1a: Buzz Lightyear|0 fnt
|faint|p1a: Buzz Lightyear
|move|p1b: Queen Goober|Kowtow Cleave|p2b: Ursaluna
|-damage|p2b: Ursaluna|27/100
|
|-heal|p2b: Ursaluna|33/100|[from] item: Leftovers
|upkeep
|
|t:|1756918259
|switch|p1a: Lumi|Ninetales-Alola, L50, F, shiny|100/100
|-weather|Snowscape|[from] ability: Snow Warning|[of] p1a: Lumi
|turn|3
|
|t:|1756918284
|move|p2a: Comfey|Protect|p2a: Comfey
|-singleturn|p2a: Comfey|Protect
|move|p1b: Queen Goober|Sucker Punch|p2b: Ursaluna
|-damage|p2b: Ursaluna|0 fnt
|faint|p2b: Ursaluna
|move|p1a: Lumi|Blizzard|p2a: Comfey
|-activate|p2a: Comfey|move: Protect
|
|-weather|Snowscape|[upkeep]
|upkeep
|
|t:|1756918292
|switch|p2b: Volcarona|Volcarona, L50, F|100/100
|turn|4
|
|t:|1756918299
|-terastallize|p1b: Queen Goober|Dark
|move|p2a: Comfey|Draining Kiss|p1a: Lumi
|-crit|p1a: Lumi
|-damage|p1a: Lumi|72/100
|move|p1a: Lumi|Blizzard|p2b: Volcarona|[spread] p2a,p2b
|-resisted|p2b: Volcarona
|-damage|p2a: Comfey|69/100
|-damage|p2b: Volcarona|85/100
|move|p2b: Volcarona|Will-O-Wisp|p1b: Queen Goober
|-status|p1b: Queen Goober|brn
|move|p1b: Queen Goober|Kowtow Cleave|p2b: Volcarona
|-damage|p2b: Volcarona|0 fnt
|faint|p2b: Volcarona
|
|-weather|Snowscape|[upkeep]
|-damage|p1b: Queen Goober|80/100 brn|[from] brn
|upkeep
|
|t:|1756918302
|switch|p2b: Dragonite|Dragonite, L50, F|100/100
|turn|5
|
|t:|1756918318
|-terastallize|p2b: Dragonite|Ground
|move|p1b: Queen Goober|Protect|p1b: Queen Goober
|-singleturn|p1b: Queen Goober|Protect
|move|p2a: Comfey|Draining Kiss|p1b: Queen Goober
|-activate|p1b: Queen Goober|move: Protect
|move|p1a: Lumi|Blizzard|p2a: Comfey|[spread] p2a,p2b
|-supereffective|p2b: Dragonite
|-damage|p2a: Comfey|36/100
|-damage|p2b: Dragonite|66/100
|-enditem|p2a: Comfey|Sitrus Berry|[eat]
|-heal|p2a: Comfey|61/100|[from] item: Sitrus Berry
|move|p2b: Dragonite|Stomping Tantrum|p1a: Lumi
|-damage|p1a: Lumi|32/100
|
|-weather|Snowscape|[upkeep]
|-damage|p1b: Queen Goober|74/100 brn|[from] brn
|upkeep
|turn|6
|
|t:|1756918329
|move|p2b: Dragonite|Protect|p2b: Dragonite
|-singleturn|p2b: Dragonite|Protect
|move|p2a: Comfey|Draining Kiss|p1a: Lumi
|-damage|p1a: Lumi|15/100
|-heal|p2a: Comfey|73/100|[from] drain|[of] p1a: Lumi
|move|p1b: Queen Goober|Sucker Punch||[still]
|-fail|p1b: Queen Goober
|move|p1a: Lumi|Blizzard|p2b: Dragonite|[spread] p2a
|-activate|p2b: Dragonite|move: Protect
|-damage|p2a: Comfey|39/100
|
|-weather|Snowscape|[upkeep]
|-damage|p1b: Queen Goober|69/100 brn|[from] brn
|upkeep
|turn|7
|
|t:|1756918343
|move|p1a: Lumi|Protect|p1a: Lumi
|-singleturn|p1a: Lumi|Protect
|move|p2a: Comfey|Draining Kiss|p1a: Lumi
|-activate|p1a: Lumi|move: Protect
|move|p1b: Queen Goober|Sucker Punch|p2b: Dragonite
|-damage|p2b: Dragonite|14/100
|move|p2b: Dragonite|Scale Shot|p1b: Queen Goober
|-damage|p1b: Queen Goober|58/100 brn
|-damage|p1b: Queen Goober|49/100 brn
|-damage|p1b: Queen Goober|39/100 brn
|-damage|p1b: Queen Goober|29/100 brn
|-damage|p1b: Queen Goober|20/100 brn
|-hitcount|p1b: Queen Goober|5
|-unboost|p2b: Dragonite|def|1
|-boost|p2b: Dragonite|spe|1
|
|-weather|none
|-damage|p1b: Queen Goober|14/100 brn|[from] brn
|upkeep
|turn|8
|
|t:|1756918355
|switch|p1a: Kommodo-Moʻo|Kommo-o, L50, F, shiny|100/100
|move|p2a: Comfey|Draining Kiss|p1b: Queen Goober
|-supereffective|p1b: Queen Goober
|-damage|p1b: Queen Goober|0 fnt
|-heal|p2a: Comfey|52/100|[from] drain|[of] p1b: Queen Goober
|faint|p1b: Queen Goober
|move|p2b: Dragonite|Stomping Tantrum|p1a: Kommodo-Moʻo
|-damage|p1a: Kommodo-Moʻo|60/100
|
|upkeep
|
|t:|1756918360
|switch|p1b: Lumi|Ninetales-Alola, L50, F, shiny|15/100
|-weather|Snowscape|[from] ability: Snow Warning|[of] p1b: Lumi
|turn|9
|
|t:|1756918372
|move|p1b: Lumi|Protect|p1b: Lumi
|-singleturn|p1b: Lumi|Protect
|move|p2a: Comfey|Draining Kiss|p1b: Lumi
|-activate|p1b: Lumi|move: Protect
|move|p2b: Dragonite|Scale Shot|p1a: Kommodo-Moʻo
|-supereffective|p1a: Kommodo-Moʻo
|-damage|p1a: Kommodo-Moʻo|31/100
|-supereffective|p1a: Kommodo-Moʻo
|-damage|p1a: Kommodo-Moʻo|2/100
|-supereffective|p1a: Kommodo-Moʻo
|-damage|p1a: Kommodo-Moʻo|0 fnt
|faint|p1a: Kommodo-Moʻo
|-hitcount|p1: Kommodo-Moʻo|3
|-unboost|p2b: Dragonite|def|1
|-boost|p2b: Dragonite|spe|1
|
|-weather|Snowscape|[upkeep]
|upkeep
|turn|10
|
|t:|1756918377
|move|p2b: Dragonite|Protect|p2b: Dragonite
|-singleturn|p2b: Dragonite|Protect
|move|p2a: Comfey|Draining Kiss|p1b: Lumi
|-damage|p1b: Lumi|0 fnt
|-heal|p2a: Comfey|63/100|[from] drain|[of] p1b: Lumi
|faint|p1b: Lumi
|
|win|Snowstorm brute
|c|☆Snowstorm brute|gg
|c|☆SlowHomie|Gg
|c|☆Snowstorm brute|i have a wuestion
|c|☆SlowHomie|Yeah?
