|j|☆mczenith
|j|☆trundlorb
|html|mczenithtrundlorb    
|uhtml|bestof|Game 2 of a best-of-3
|t:|1785904245
|gametype|doubles
|player|p1|mczenith|266|1041
|player|p2|trundlorb|170|1049
|gen|9
|tier|[Gen 9 Champions] VGC 2026 Reg M-B (Bo3)
|rated|
|rule|Species Clause: Limit one of each Pokémon
|rule|Item Clause: Limit 1 of each item
|clearpoke
|poke|p1|Basculegion, L50, M|
|poke|p1|Sinistcha, L50|
|poke|p1|Gardevoir, L50, F|
|poke|p1|Incineroar, L50, F|
|poke|p1|Aerodactyl, L50, F|
|poke|p1|Charizard, L50, F|
|poke|p2|Raichu, L50, F|
|poke|p2|Staraptor, L50, F|
|poke|p2|Arcanine-Hisui, L50, M|
|poke|p2|Farigiraf, L50, M|
|poke|p2|Sylveon, L50, F|
|poke|p2|Kingambit, L50, M|
|teampreview|4
|showteam|p1|Basculegion||ChoiceScarf|Adaptability|AquaJet,FlipTurn,WaveCrash,LastRespects|Adamant||M|||50|]Sinistcha||BrightPowder|Hospitality|MatchaGotcha,LifeDew,RagePowder,StrengthSap|Bold|||||50|]Gardevoir||Gardevoirite|Trace|CalmMind,PsychicNoise,HyperVoice,Protect|Timid||F|||50|]Incineroar||SitrusBerry|Intimidate|FakeOut,BulkUp,DarkestLariat,BatonPass|Brave||F|||50|]Aerodactyl||FocusSash|Pressure|Tailwind,WideGuard,DualWingbeat,RockSlide|Jolly||F|||50|]Charizard||CharizarditeX|Blaze|FlameCharge,FlareBlitz,RockSlide,SwordsDance|Jolly||F|||50|
|showteam|p2|Raichu||RaichuniteY|LightningRod|ZapCannon,FocusBlast,FakeOut,Protect|Timid||F|||50|]Staraptor||Staraptite|Intimidate|CloseCombat,DualWingbeat,Tailwind,Protect|Jolly||F|||50|]Arcanine-Hisui||FocusSash|RockHead|FlareBlitz,HeadSmash,ExtremeSpeed,Protect|Jolly||M|||50|]Farigiraf||SitrusBerry|ArmorTail|Psychic,HelpingHand,TrickRoom,Protect|Calm||M|||50|]Sylveon||FairyFeather|Pixilate|HyperVoice,QuickAttack,HyperBeam,Detect|Modest||F|||50|]Kingambit||LifeOrb|Defiant|KowtowCleave,SuckerPunch,SwordsDance,Protect|Adamant||M|||50|
|inactive|Battle timer is ON: inactive players will automatically lose when time's up. (requested by mczenith)
|inactive|trundlorb also wants the timer to be on.
|inactive|trundlorb has 60 seconds left.
|inactive|trundlorb has 30 seconds left.
|inactive|trundlorb has 20 seconds left.
|inactive|trundlorb has 15 seconds left.
|
|t:|1785904323
|teamsize|p1|4
|teamsize|p2|4
|start
|switch|p1a: Basculegion|Basculegion, L50, M|100/100
|switch|p1b: Incineroar|Incineroar, L50, F|100/100
|switch|p2a: Kingambit|Kingambit, L50, M|100/100
|switch|p2b: Farigiraf|Farigiraf, L50, M|100/100
|-ability|p1b: Incineroar|Intimidate|boost
|-unboost|p2a: Kingambit|atk|1
|-ability|p2a: Kingambit|Defiant|boost
|-boost|p2a: Kingambit|atk|2
|-unboost|p2b: Farigiraf|atk|1
|turn|1
|inactive|trundlorb has 30 seconds left.
|inactive|trundlorb has 20 seconds left.
|inactive|trundlorb has 15 seconds left.
|
|t:|1785904364
|switch|p2b: Staraptor|Staraptor, L50, F|100/100
|-ability|p2b: Staraptor|Intimidate|boost
|-unboost|p1a: Basculegion|atk|1
|-unboost|p1b: Incineroar|atk|1
|move|p1a: Basculegion|Wave Crash|p2b: Staraptor
|-damage|p2b: Staraptor|30/100
|-damage|p1a: Basculegion|79/100|[from] Recoil
|move|p1b: Incineroar|Bulk Up|p1b: Incineroar
|-boost|p1b: Incineroar|atk|1
|-boost|p1b: Incineroar|def|1
|move|p2a: Kingambit|Swords Dance|p2a: Kingambit
|-boost|p2a: Kingambit|atk|2
|
|upkeep
|turn|2
|
|t:|1785904389
|detailschange|p2b: Staraptor|Staraptor-Mega, L50, F
|-mega|p2b: Staraptor|Staraptor|Staraptite
|move|p2a: Kingambit|Sucker Punch|p1a: Basculegion
|-supereffective|p1a: Basculegion|1
|-damage|p1a: Basculegion|0 fnt
|faint|p1a: Basculegion
|-damage|p2a: Kingambit|90/100|[from] item: Life Orb
|move|p2b: Staraptor|Close Combat|p1b: Incineroar
|-supereffective|p1b: Incineroar|1
|-damage|p1b: Incineroar|24/100
|-boost|p2b: Staraptor|def|1
|-boost|p2b: Staraptor|spd|1
|-enditem|p1b: Incineroar|Sitrus Berry|[eat]
|-heal|p1b: Incineroar|49/100|[from] item: Sitrus Berry
|move|p1b: Incineroar|Bulk Up|p1b: Incineroar
|-boost|p1b: Incineroar|atk|1
|-boost|p1b: Incineroar|def|1
|
|upkeep
|
|t:|1785904393
|switch|p1a: Sinistcha|Sinistcha, L50|100/100
|-heal|p1b: Incineroar|74/100|[from] ability: Hospitality|[of] p1a: Sinistcha
|turn|3
|inactive|trundlorb has 30 seconds left.
|
|t:|1785904423
|move|p1a: Sinistcha|Rage Powder|p1a: Sinistcha
|-singleturn|p1a: Sinistcha|move: Rage Powder
|move|p2b: Staraptor|Tailwind|p2b: Staraptor
|-sidestart|p2: trundlorb|move: Tailwind
|move|p2a: Kingambit|Kowtow Cleave|p1a: Sinistcha
|-supereffective|p1a: Sinistcha|1
|-damage|p1a: Sinistcha|0 fnt
|faint|p1a: Sinistcha
|-damage|p2a: Kingambit|80/100|[from] item: Life Orb
|move|p1b: Incineroar|Baton Pass|p1b: Incineroar
|
|t:|1785904426
|switch|p1b: Charizard|Charizard, L50, F|100/100|[from] Baton Pass
|
|upkeep
|
|t:|1785904427
|switch|p1a: Incineroar|Incineroar, L50, F|74/100
|-ability|p1a: Incineroar|Intimidate|boost
|-unboost|p2a: Kingambit|atk|1
|-ability|p2a: Kingambit|Defiant|boost
|-boost|p2a: Kingambit|atk|2
|-boost|p2b: Staraptor|atk|1
|turn|4
|
|t:|1785904451
|switch|p2b: Farigiraf|Farigiraf, L50, M|100/100
|detailschange|p1b: Charizard|Charizard-Mega-X, L50, F
|-mega|p1b: Charizard|Charizard|Charizardite X
|move|p1a: Incineroar|Fake Out||[still]
|cant|p2b: Farigiraf|ability: Armor Tail|Fake Out|[of] p1a: Incineroar
|move|p2a: Kingambit|Sucker Punch|p1b: Charizard
|-damage|p1b: Charizard|13/100
|-damage|p2a: Kingambit|71/100|[from] item: Life Orb
|move|p1b: Charizard|Flame Charge|p2a: Kingambit
|-supereffective|p2a: Kingambit|1
|-damage|p2a: Kingambit|0 fnt
|-boost|p1b: Charizard|spe|1
|faint|p2a: Kingambit
|
|upkeep
|
|t:|1785904468
|switch|p2a: Arcanine|Arcanine-Hisui, L50, M|100/100
|turn|5
|
|t:|1785904484
|move|p2b: Farigiraf|Protect|p2b: Farigiraf
|-singleturn|p2b: Farigiraf|Protect
|move|p2a: Arcanine|Head Smash|p1b: Charizard|[miss]
|-miss|p2a: Arcanine|p1b: Charizard
|move|p1b: Charizard|Rock Slide|p2b: Farigiraf|[spread] p2a
|-activate|p2b: Farigiraf|move: Protect
|-supereffective|p2a: Arcanine|1
|-damage|p2a: Arcanine|25/100
|move|p1a: Incineroar|Darkest Lariat|p2b: Farigiraf
|-activate|p2b: Farigiraf|move: Protect
|
|upkeep
|turn|6
|
|t:|1785904506
|move|p2b: Farigiraf|Helping Hand|p2a: Arcanine
|-singleturn|p2a: Arcanine|Helping Hand|[of] p2b: Farigiraf
|move|p2a: Arcanine|Extreme Speed|p1b: Charizard
|-damage|p1b: Charizard|0 fnt
|faint|p1b: Charizard
|move|p1a: Incineroar|Darkest Lariat|p2b: Farigiraf
|-supereffective|p2b: Farigiraf|1
|-damage|p2b: Farigiraf|37/100
|-enditem|p2b: Farigiraf|Sitrus Berry|[eat]
|-heal|p2b: Farigiraf|62/100|[from] item: Sitrus Berry
|
|-sideend|p2: trundlorb|move: Tailwind
|upkeep
|turn|7
|-message|mczenith forfeited.
|
|win|trundlorb
|l|☆mczenith
|player|p1|
||mczenith is ready for game 3.
||trundlorb is ready for game 3.
|uhtml|next|Next: Game 3 of 3
