|j|☆Avjack1
|j|☆viatles
|html|Avjack1viatles    
|uhtml|bestof|Game 1 of a best-of-3
|t:|1757796523
|gametype|doubles
|player|p1|Avjack1|169|1000
|player|p2|viatles|hiker|1108
|gen|9
|tier|[Gen 9] VGC 2025 Reg H (Bo3)
|rated|
|rule|Species Clause: Limit one of each Pokémon
|rule|Item Clause: Limit 1 of each item
|clearpoke
|poke|p1|Ludicolo, L50, F|
|poke|p1|Archaludon, L50, F|
|poke|p1|Politoed, L50, F|
|poke|p1|Incineroar, L50, F|
|poke|p1|Whimsicott, L50, M|
|poke|p1|Annihilape, L50, M|
|poke|p2|Scizor, L50, M|
|poke|p2|Talonflame, L50, F|
|poke|p2|Rillaboom, L50, F|
|poke|p2|Garchomp, L50, F|
|poke|p2|Kilowattrel, L50, F|
|poke|p2|Garganacl, L50, M|
|teampreview|4
|showteam|p1|Ludicolo||LoadedDice|SwiftSwim|FakeOut,Encore,BulletSeed,Surf|||F|||50|,,,,,Steel]Archaludon||AssaultVest|Stamina|ElectroShot,BodyPress,DragonPulse,FlashCannon|||F|||50|,,,,,Bug]Politoed||ChoiceSpecs|Drizzle|IceBeam,EarthPower,WeatherBall,Surf|||F|||50|,,,,,Grass]Incineroar||SafetyGoggles|Intimidate|FakeOut,Uturn,KnockOff,Taunt|||F|||50|,,,,,Ghost]Whimsicott||CovertCloak|Prankster|Tailwind,LightScreen,BeatUp,Moonblast|||M|||50|,,,,,Steel]Annihilape||SitrusBerry|Defiant|Protect,FinalGambit,CloseCombat,RageFist|||M|||50|,,,,,Water
|showteam|p2|Scizor||LifeOrb|Technician|BulletPunch,BugBite,DualWingbeat,Protect|||M|||50|,,,,,Fire]Talonflame||CovertCloak|GaleWings|DualWingbeat,Tailwind,Taunt,FlareBlitz|||F|||50|,,,,,Flying]Rillaboom||AssaultVest|GrassySurge|FakeOut,GrassyGlide,Uturn,WoodHammer|||F|||50|,,,,,Fairy]Garchomp||ClearAmulet|RoughSkin|IronHead,Earthquake,DragonClaw,Protect|||F|||50|,,,,,Steel]Kilowattrel||FocusSash|Competitive|Discharge,AirSlash,Tailwind,Protect|||F|||50|,,,,,Ghost]Garganacl||Leftovers|PurifyingSalt|SaltCure,Recover,Protect,RockSlide|||M|||50|,,,,,Grass
|inactive|Battle timer is ON: inactive players will automatically lose when time's up. (requested by Avjack1)
|c|☆viatles|gl hf
|inactive|Avjack1 has 60 seconds left.
|
|t:|1757796555
|teamsize|p1|4
|teamsize|p2|4
|start
|switch|p1a: Ludicolo|Ludicolo, L50, F, shiny|100/100
|switch|p1b: Politoed|Politoed, L50, F, shiny|100/100
|switch|p2a: Scizor|Scizor, L50, M|100/100
|switch|p2b: Kilowattrel|Kilowattrel, L50, F|100/100
|-weather|RainDance|[from] ability: Drizzle|[of] p1b: Politoed
|turn|1
|inactive|viatles has 30 seconds left.
|
|t:|1757796587
|switch|p1b: Archaludon|Archaludon, L50, F, shiny|100/100
|-terastallize|p1a: Ludicolo|Steel
|-terastallize|p2b: Kilowattrel|Ghost
|move|p2a: Scizor|Protect|p2a: Scizor
|-singleturn|p2a: Scizor|Protect
|move|p1a: Ludicolo|Bullet Seed|p1b: Archaludon
|-resisted|p1b: Archaludon
|-damage|p1b: Archaludon|99/100
|-ability|p1b: Archaludon|Stamina|boost
|-boost|p1b: Archaludon|def|1
|-resisted|p1b: Archaludon
|-damage|p1b: Archaludon|99/100
|-ability|p1b: Archaludon|Stamina|boost
|-boost|p1b: Archaludon|def|1
|-resisted|p1b: Archaludon
|-damage|p1b: Archaludon|98/100
|-ability|p1b: Archaludon|Stamina|boost
|-boost|p1b: Archaludon|def|1
|-resisted|p1b: Archaludon
|-damage|p1b: Archaludon|98/100
|-ability|p1b: Archaludon|Stamina|boost
|-boost|p1b: Archaludon|def|1
|-resisted|p1b: Archaludon
|-damage|p1b: Archaludon|97/100
|-ability|p1b: Archaludon|Stamina|boost
|-boost|p1b: Archaludon|def|1
|-hitcount|p1b: Archaludon|5
|move|p2b: Kilowattrel|Air Slash|p1b: Archaludon
|-resisted|p1b: Archaludon
|-damage|p1b: Archaludon|88/100
|-ability|p1b: Archaludon|Stamina|boost
|-boost|p1b: Archaludon|def|1
|
|-weather|RainDance|[upkeep]
|upkeep
|turn|2
|inactive|Avjack1 has 30 seconds left.
|inactive|viatles has 30 seconds left.
|inactive|Avjack1 has 20 seconds left.
|inactive|viatles has 20 seconds left.
|inactive|viatles has 15 seconds left.
|inactive|viatles has 10 seconds left.
|
|t:|1757796634
|move|p1a: Ludicolo|Surf|p2b: Kilowattrel|[spread] p1b,p2a,p2b
|-resisted|p1b: Archaludon
|-damage|p1b: Archaludon|75/100
|-damage|p2a: Scizor|53/100
|-damage|p2b: Kilowattrel|28/100
|move|p2b: Kilowattrel|Air Slash|p1b: Archaludon
|-resisted|p1b: Archaludon
|-damage|p1b: Archaludon|64/100
|move|p1b: Archaludon|Electro Shot||[still]
|-prepare|p1b: Archaludon|Electro Shot
|-boost|p1b: Archaludon|spa|1
|-anim|p1b: Archaludon|Electro Shot|p2b: Kilowattrel
|-damage|p2b: Kilowattrel|0 fnt
|faint|p2b: Kilowattrel
|move|p2a: Scizor|Bug Bite|p1b: Archaludon
|-resisted|p1b: Archaludon
|-damage|p1b: Archaludon|58/100
|-damage|p2a: Scizor|43/100|[from] item: Life Orb
|
|-weather|RainDance|[upkeep]
|upkeep
|
|t:|1757796650
|switch|p2b: Garganacl|Garganacl, L50, M|100/100
|turn|3
|
|t:|1757796660
|move|p1a: Ludicolo|Bullet Seed|p2b: Garganacl
|-supereffective|p2b: Garganacl
|-damage|p2b: Garganacl|92/100
|-supereffective|p2b: Garganacl
|-damage|p2b: Garganacl|83/100
|-supereffective|p2b: Garganacl
|-damage|p2b: Garganacl|74/100
|-supereffective|p2b: Garganacl
|-damage|p2b: Garganacl|66/100
|-hitcount|p2b: Garganacl|4
|move|p1b: Archaludon|Body Press|p2a: Scizor
|-damage|p2a: Scizor|0 fnt
|faint|p2a: Scizor
|move|p2b: Garganacl|Salt Cure|p1a: Ludicolo
|-resisted|p1a: Ludicolo
|-damage|p1a: Ludicolo|90/100
|-start|p1a: Ludicolo|Salt Cure
|
|-weather|RainDance|[upkeep]
|-heal|p2b: Garganacl|72/100|[from] item: Leftovers
|-damage|p1a: Ludicolo|65/100|[from] Salt Cure
|upkeep
|
|t:|1757796677
|switch|p2a: Talonflame|Talonflame, L50, F|100/100
|turn|4
|
|t:|1757796689
|switch|p1a: Annihilape|Annihilape, L50, M|100/100
|move|p2a: Talonflame|Flare Blitz|p1a: Annihilape
|-damage|p1a: Annihilape|80/100
|-damage|p2a: Talonflame|92/100|[from] Recoil
|move|p1b: Archaludon|Body Press|p2b: Garganacl
|-supereffective|p2b: Garganacl
|-damage|p2b: Garganacl|0 fnt
|faint|p2b: Garganacl
|
|-weather|RainDance|[upkeep]
|upkeep
|turn|5
|
|t:|1757796708
|move|p2a: Talonflame|Dual Wingbeat|p1a: Annihilape
|-supereffective|p1a: Annihilape
|-damage|p1a: Annihilape|47/100
|-enditem|p1a: Annihilape|Sitrus Berry|[eat]
|-heal|p1a: Annihilape|72/100|[from] item: Sitrus Berry
|-supereffective|p1a: Annihilape
|-damage|p1a: Annihilape|40/100
|-hitcount|p1a: Annihilape|2
|move|p1a: Annihilape|Rage Fist|p2a: Talonflame
|-damage|p2a: Talonflame|0 fnt
|faint|p2a: Talonflame
|
|win|Avjack1
|inactive|Avjack1 has 30 seconds to confirm battle start!
|inactive|viatles has 30 seconds to confirm battle start!
||Avjack1 is ready for game 2.
||viatles is ready for game 2.
|uhtml|next|Next: Game 2 of 3
