|j|☆caZISA
|j|☆epic17x
|html|caZISAepic17x    
|uhtml|bestof|Game 3 of a best-of-3
|t:|1756681986
|gametype|doubles
|player|p1|caZISA|red|1374
|player|p2|epic17x|steven|1301
|gen|9
|tier|[Gen 9] VGC 2025 Reg H (Bo3)
|rated|
|rule|Species Clause: Limit one of each Pokémon
|rule|Item Clause: Limit 1 of each item
|clearpoke
|poke|p1|Amoonguss, L50, F|
|poke|p1|Incineroar, L50, M|
|poke|p1|Pelipper, L50, M|
|poke|p1|Basculegion, L50, M|
|poke|p1|Archaludon, L50, F|
|poke|p1|Maushold-Four, L50|
|poke|p2|Ninetales-Alola, L50, M|
|poke|p2|Rillaboom, L50, F|
|poke|p2|Magmar, L50, F|
|poke|p2|Sneasler, L50, M|
|poke|p2|Kingambit, L50, F|
|poke|p2|Basculegion, L50, M|
|teampreview|4
|showteam|p1|Amoonguss||RockyHelmet|Regenerator|Spore,RagePowder,PollenPuff,Protect|||F|||50|,,,,,Water]Incineroar||SafetyGoggles|Intimidate|FakeOut,WillOWisp,KnockOff,PartingShot|||M|||50|,,,,,Ghost]Pelipper||FocusSash|Drizzle|Hurricane,WeatherBall,WideGuard,Tailwind|||M|||50|,,,,,Ghost]Basculegion||MysticWater|SwiftSwim|WaveCrash,LastRespects,AquaJet,Protect|||M|||50|,,,,,Grass]Archaludon||AssaultVest|Stamina|Snarl,DracoMeteor,ElectroShot,BodyPress|||F|||50|,,,,,Bug]Maushold-Four||WideLens|Technician|PopulationBomb,Taunt,FollowMe,Protect||||||50|,,,,,Ghost
|showteam|p2|Ninetales-Alola||NeverMeltIce|SnowWarning|Blizzard,FreezeDry,Encore,Protect|||M|||50|,,,,,Ghost]Rillaboom||AssaultVest|GrassySurge|WoodHammer,FakeOut,Uturn,GrassyGlide|||F|||50|,,,,,Ghost]Magmar||Eviolite|VitalSpirit|Protect,HeatWave,WillOWisp,FollowMe|||F|||50|,,,,,Ghost]Sneasler||FocusSash|PoisonTouch|FakeOut,DireClaw,CloseCombat,Protect|||M|||50|,,,,,Ghost]Kingambit||BlackGlasses|Defiant|KowtowCleave,SwordsDance,SuckerPunch,Protect|||F|||50|,,,,,Fire]Basculegion||ChoiceScarf|Adaptability|WaveCrash,FlipTurn,TeraBlast,LastRespects|||M|||50|,,,,,Fighting
|inactive|Battle timer is ON: inactive players will automatically lose when time's up. (requested by epic17x)
|
|t:|1756682012
|teamsize|p1|4
|teamsize|p2|4
|start
|switch|p1a: Golden Gate|Archaludon, L50, F|100/100
|switch|p1b: Maushold|Maushold-Four, L50|100/100
|switch|p2a: Sneasler|Sneasler, L50, M|100/100
|switch|p2b: Kingambit|Kingambit, L50, F|100/100
|turn|1
|
|t:|1756682030
|-terastallize|p1b: Maushold|Ghost
|-terastallize|p2b: Kingambit|Fire
|move|p1b: Maushold|Follow Me|p1b: Maushold
|-singleturn|p1b: Maushold|move: Follow Me
|move|p2b: Kingambit|Sucker Punch||[still]
|-fail|p2b: Kingambit
|move|p2a: Sneasler|Close Combat|p1b: Maushold
|-immune|p1b: Maushold
|move|p1a: Golden Gate|Body Press|p2b: Kingambit
|-damage|p2b: Kingambit|78/100
|
|upkeep
|turn|2
|
|t:|1756682050
|switch|p2a: Basculegion|Basculegion, L50, M|100/100
|switch|p1b: Nigel|Pelipper, L50, M|100/100
|-weather|RainDance|[from] ability: Drizzle|[of] p1b: Nigel
|move|p1a: Golden Gate|Electro Shot||[still]
|-prepare|p1a: Golden Gate|Electro Shot
|-boost|p1a: Golden Gate|spa|1
|-anim|p1a: Golden Gate|Electro Shot|p2b: Kingambit
|-damage|p2b: Kingambit|22/100
|move|p2b: Kingambit|Swords Dance|p2b: Kingambit
|-boost|p2b: Kingambit|atk|2
|
|-weather|RainDance|[upkeep]
|upkeep
|turn|3
|inactive|caZISA has 30 seconds left.
|inactive|caZISA has 20 seconds left.
|inactive|epic17x has 30 seconds left.
|
|t:|1756682090
|move|p2b: Kingambit|Sucker Punch|p1a: Golden Gate
|-damage|p1a: Golden Gate|43/100
|-ability|p1a: Golden Gate|Stamina|boost
|-boost|p1a: Golden Gate|def|1
|move|p2a: Basculegion|Wave Crash|p1a: Golden Gate
|-resisted|p1a: Golden Gate
|-damage|p1a: Golden Gate|15/100
|-ability|p1a: Golden Gate|Stamina|boost
|-boost|p1a: Golden Gate|def|1
|-damage|p2a: Basculegion|91/100|[from] Recoil
|move|p1b: Nigel|Tailwind|p1b: Nigel
|-sidestart|p1: caZISA|move: Tailwind
|move|p1a: Golden Gate|Body Press|p2b: Kingambit
|-damage|p2b: Kingambit|0 fnt
|faint|p2b: Kingambit
|
|-weather|RainDance|[upkeep]
|upkeep
|
|t:|1756682103
|switch|p2b: Ninetales|Ninetales-Alola, L50, M|100/100
|-weather|Snowscape|[from] ability: Snow Warning|[of] p2b: Ninetales
|turn|4
|
|t:|1756682123
|switch|p2a: Sneasler|Sneasler, L50, M|100/100
|move|p2b: Ninetales|Protect|p2b: Ninetales
|-singleturn|p2b: Ninetales|Protect
|move|p1b: Nigel|Hurricane|p2b: Ninetales
|-activate|p2b: Ninetales|move: Protect
|move|p1a: Golden Gate|Snarl|p2a: Sneasler|[spread] p2a
|-activate|p2b: Ninetales|move: Protect
|-resisted|p2a: Sneasler
|-damage|p2a: Sneasler|89/100
|-unboost|p2a: Sneasler|spa|1
|
|-weather|Snowscape|[upkeep]
|upkeep
|turn|5
|
|t:|1756682135
|move|p2a: Sneasler|Fake Out|p1a: Golden Gate
|-resisted|p1a: Golden Gate
|-damage|p1a: Golden Gate|12/100
|-ability|p1a: Golden Gate|Stamina|boost
|-boost|p1a: Golden Gate|def|1
|move|p1b: Nigel|Hurricane|p2b: Ninetales
|-damage|p2b: Ninetales|47/100
|-start|p2b: Ninetales|confusion
|cant|p1a: Golden Gate|flinch
|-activate|p2b: Ninetales|confusion
|-damage|p2b: Ninetales|40/100|[from] confusion
|
|-weather|Snowscape|[upkeep]
|upkeep
|turn|6
|
|t:|1756682153
|switch|p1b: Maushold|Maushold-Four, L50, tera:Ghost|100/100
|move|p2a: Sneasler|Protect|p2a: Sneasler
|-singleturn|p2a: Sneasler|Protect
|-activate|p2b: Ninetales|confusion
|move|p2b: Ninetales|Protect|p2b: Ninetales
|-singleturn|p2b: Ninetales|Protect
|move|p1a: Golden Gate|Snarl|p2a: Sneasler|[spread] 
|-activate|p2a: Sneasler|move: Protect
|-activate|p2b: Ninetales|move: Protect
|
|-weather|Snowscape|[upkeep]
|-sideend|p1: caZISA|move: Tailwind
|upkeep
|turn|7
|
|t:|1756682165
|move|p2a: Sneasler|Dire Claw|p1b: Maushold
|-resisted|p1b: Maushold
|-damage|p1b: Maushold|65/100
|move|p1b: Maushold|Population Bomb|p2b: Ninetales
|-crit|p2b: Ninetales
|-damage|p2b: Ninetales|21/100
|-damage|p2b: Ninetales|11/100
|-damage|p2b: Ninetales|0 fnt
|faint|p2b: Ninetales
|-hitcount|p2: Ninetales|3
|move|p1a: Golden Gate|Draco Meteor|p2a: Sneasler
|-damage|p2a: Sneasler|0 fnt
|-unboost|p1a: Golden Gate|spa|2
|faint|p2a: Sneasler
|
|-weather|Snowscape|[upkeep]
|upkeep
|-message|epic17x forfeited.
|
|win|caZISA
|raw|caZISA's rating: 1374 → 1390(+16 for winning)
|raw|epic17x's rating: 1301 → 1285(-16 for losing)
