|j|☆RangerVictor16
|j|☆Fr3gsy
|html|RangerVictor16Fr3gsy    
|uhtml|bestof|Game 2 of a best-of-3
|t:|1756566559
|gametype|doubles
|player|p1|RangerVictor16|pokemonranger-gen4|1051
|player|p2|Fr3gsy|giovanni|1129
|gen|9
|tier|[Gen 9] VGC 2025 Reg H (Bo3)
|rated|
|rule|Species Clause: Limit one of each Pokémon
|rule|Item Clause: Limit 1 of each item
|clearpoke
|poke|p1|Indeedee, L50, M|
|poke|p1|Delphox, L50, M|
|poke|p1|Sneasler, L50, F|
|poke|p1|Murkrow, L50, M|
|poke|p1|Dragapult, L50, M|
|poke|p1|Maushold-Four, L50|
|poke|p2|Incineroar, L50, F|
|poke|p2|Indeedee-F, L50, F|
|poke|p2|Armarouge, L50, M|
|poke|p2|Dragapult, L50, F|
|poke|p2|Whimsicott, L50, F|
|poke|p2|Ursaluna-Bloodmoon, L50, M|
|teampreview|4
|showteam|p1|Indeedee||FocusSash|PsychicSurge|ExpandingForce,TeraBlast,Imprison,TrickRoom|||M|||50|,,,,,Fighting]Delphox||LifeOrb|Blaze|HeatWave,ExpandingForce,Overheat,Protect|||M|||50|,,,,,Fire]Sneasler||PsychicSeed|Unburden|DireClaw,CloseCombat,ThroatChop,Protect|||F|||50|,,,,,Dark]Murkrow||Eviolite|Prankster|Tailwind,Haze,SunnyDay,FoulPlay|||M|||50|,,,,,Ghost]Dragapult||ChoiceBand|ClearBody|DragonDarts,Outrage,Uturn,BreakingSwipe|||M|||50|,,,,,Dragon]Maushold-Four||WideLens|Technician|PopulationBomb,Taunt,FollowMe,Protect||||||50|,,,,,Ghost
|showteam|p2|Incineroar||SafetyGoggles|Intimidate|FakeOut,PartingShot,FlareBlitz,KnockOff|||F|||50|,,,,,Ghost]Indeedee-F||PsychicSeed|PsychicSurge|HelpingHand,FollowMe,DazzlingGleam,HealPulse|||F|||50|,,,,,Fairy]Armarouge||LifeOrb|FlashFire|HeatWave,ExpandingForce,Protect,TrickRoom|||M|||50|,,,,,Grass]Dragapult||ChoiceBand|ClearBody|DragonDarts,TeraBlast,Uturn,SuckerPunch|||F|||50|,,,,,Ghost]Whimsicott||FocusSash|Prankster|Moonblast,Encore,Tailwind,Taunt|||F|||50|,,,,,Ghost]Ursaluna-Bloodmoon||ChoiceSpecs|MindsEye|BloodMoon,HyperVoice,EarthPower,Moonblast|||M|||50|,,,,,Normal
|inactive|Battle timer is ON: inactive players will automatically lose when time's up. (requested by RangerVictor16)
|
|t:|1756566579
|teamsize|p1|4
|teamsize|p2|4
|start
|switch|p1a: Indeedee|Indeedee, L50, M|100/100
|switch|p1b: Sneasler|Sneasler, L50, F|100/100
|switch|p2a: Incineroar|Incineroar, L50, F, shiny|100/100
|switch|p2b: Armarouge|Armarouge, L50, M, shiny|100/100
|-fieldstart|move: Psychic Terrain|[from] ability: Psychic Surge|[of] p1a: Indeedee
|-enditem|p1b: Sneasler|Psychic Seed
|-boost|p1b: Sneasler|spd|1|[from] item: Psychic Seed
|-ability|p2a: Incineroar|Intimidate|boost
|-unboost|p1a: Indeedee|atk|1
|-unboost|p1b: Sneasler|atk|1
|turn|1
|inactive|RangerVictor16 has 30 seconds left.
|inactive|RangerVictor16 has 20 seconds left.
|inactive|RangerVictor16 has 15 seconds left.
|inactive|RangerVictor16 has 10 seconds left.
|inactive|Fr3gsy has 30 seconds left.
|
|t:|1756566628
|-terastallize|p1a: Indeedee|Fighting
|move|p2b: Armarouge|Protect|p2b: Armarouge
|-singleturn|p2b: Armarouge|Protect
|move|p1b: Sneasler|Dire Claw|p2a: Incineroar
|-damage|p2a: Incineroar|75/100
|move|p1a: Indeedee|Imprison|p1a: Indeedee
|-start|p1a: Indeedee|move: Imprison
|move|p2a: Incineroar|Knock Off|p1a: Indeedee
|-resisted|p1a: Indeedee
|-damage|p1a: Indeedee|62/100
|-enditem|p1a: Indeedee|Focus Sash|[from] move: Knock Off|[of] p2a: Incineroar
|
|upkeep
|turn|2
|inactive|Fr3gsy has 30 seconds left.
|inactive|Fr3gsy has 20 seconds left.
|inactive|Fr3gsy has 15 seconds left.
|inactive|Fr3gsy has 10 seconds left.
|
|t:|1756566676
|move|p1b: Sneasler|Dire Claw|p2b: Armarouge
|-damage|p2b: Armarouge|69/100
|-status|p2b: Armarouge|par
|move|p1a: Indeedee|Tera Blast|p2a: Incineroar|[anim] Tera Blast Fighting
|-supereffective|p2a: Incineroar
|-damage|p2a: Incineroar|21/100
|move|p2a: Incineroar|Flare Blitz|p1a: Indeedee
|-damage|p1a: Indeedee|0 fnt
|faint|p1a: Indeedee
|-damage|p2a: Incineroar|7/100|[from] Recoil
|move|p2b: Armarouge|Heat Wave|p1b: Sneasler
|-damage|p1b: Sneasler|42/100
|-damage|p2b: Armarouge|59/100 par|[from] item: Life Orb
|
|upkeep
|
|t:|1756566696
|switch|p1a: Dragapult|Dragapult, L50, M|100/100
|turn|3
|
|t:|1756566713
|switch|p1b: Murkrow|Murkrow, L50, M|100/100
|move|p1a: Dragapult|Dragon Darts|p2a: Incineroar
|-damage|p2a: Incineroar|0 fnt
|-anim|p1a: Dragapult|Dragon Darts|p2b: Armarouge
|-damage|p2b: Armarouge|16/100 par
|faint|p2a: Incineroar
|move|p2b: Armarouge|Expanding Force|p1a: Dragapult|[spread] p1a
|-immune|p1b: Murkrow
|-damage|p1a: Dragapult|0 fnt
|faint|p1a: Dragapult
|-damage|p2b: Armarouge|6/100 par|[from] item: Life Orb
|
|upkeep
|
|t:|1756566730
|switch|p1a: Sneasler|Sneasler, L50, F|42/100
|switch|p2a: Whimsicott|Whimsicott, L50, F, shiny|100/100
|turn|4
|
|t:|1756566742
|move|p2a: Whimsicott|Tailwind|p2a: Whimsicott
|-sidestart|p2: Fr3gsy|move: Tailwind
|move|p1b: Murkrow|Tailwind|p1b: Murkrow
|-sidestart|p1: RangerVictor16|move: Tailwind
|move|p1a: Sneasler|Dire Claw|p2a: Whimsicott
|-supereffective|p2a: Whimsicott
|-enditem|p2a: Whimsicott|Focus Sash
|-damage|p2a: Whimsicott|1/100
|move|p2b: Armarouge|Heat Wave|p1b: Murkrow|[spread] p1b
|-miss|p2b: Armarouge|p1a: Sneasler
|-damage|p1b: Murkrow|51/100
|-damage|p2b: Armarouge|0 fnt|[from] item: Life Orb
|faint|p2b: Armarouge
|
|upkeep
|
|t:|1756566758
|switch|p2b: Dragapult|Dragapult, L50, F|100/100
|turn|5
|inactive|RangerVictor16 has 30 seconds left.
|
|t:|1756566788
|move|p2b: Dragapult|Dragon Darts|p1a: Sneasler
|-damage|p1a: Sneasler|0 fnt
|-anim|p2b: Dragapult|Dragon Darts|p1b: Murkrow
|-damage|p1b: Murkrow|1/100
|faint|p1a: Sneasler
|move|p2a: Whimsicott|Moonblast|p1b: Murkrow
|-supereffective|p1b: Murkrow
|-damage|p1b: Murkrow|0 fnt
|faint|p1b: Murkrow
|
|win|Fr3gsy
||RangerVictor16 is ready for game 3.
|inactive|Fr3gsy has 30 seconds to confirm battle start!
||Fr3gsy is ready for game 3.
|uhtml|next|Next: Game 3 of 3
|l|☆Fr3gsy
|player|p2|
|l|☆RangerVictor16
|player|p1|
|j|☆RangerVictor16
|player|p1|RangerVictor16|pokemonranger-gen4|
