|j|☆mmmspicy69
|j|☆paperavgc
|html|mmmspicy69paperavgc    
|uhtml|bestof|Game 3 of a best-of-3
|t:|1785704934
|gametype|doubles
|player|p1|mmmspicy69|cynthia|1230
|player|p2|paperavgc|wallace|1155
|gen|9
|tier|[Gen 9 Champions] VGC 2026 Reg M-B (Bo3)
|rated|
|rule|Species Clause: Limit one of each Pokémon
|rule|Item Clause: Limit 1 of each item
|clearpoke
|poke|p1|Farigiraf, L50, M|
|poke|p1|Gardevoir, L50, F|
|poke|p1|Whimsicott, L50, F|
|poke|p1|Gallade, L50, M|
|poke|p1|Sinistcha-Masterpiece, L50|
|poke|p1|Blastoise, L50, F, shiny|
|poke|p2|Whimsicott, L50, M|
|poke|p2|Basculegion, L50, M|
|poke|p2|Kingambit, L50, M|
|poke|p2|Charizard, L50, M|
|poke|p2|Garchomp, L50, M|
|poke|p2|Floette-Eternal, L50, F|
|teampreview|4
|showteam|p1|Farigiraf||SitrusBerry|ArmorTail|PsychicTerrain,TrickRoom,HelpingHand,ExpandingForce|Bold||M|||50|]Gardevoir||Gardevoirite|Trace|HyperVoice,ExpandingForce,Protect,TrickRoom|Quiet||F|||50|]Whimsicott||FocusSash|Prankster|Moonblast,Tailwind,HelpingHand,Encore|Timid||F|||50|]Gallade||LifeOrb|Sharpness|PsychoCut,NightSlash,SacredSword,Protect|Adamant||M|||50|]Sinistcha-Masterpiece||OccaBerry|Hospitality|RagePowder,LifeDew,TrickRoom,MatchaGotcha|Modest|||||50|]Blastoise||Blastoisinite|Torrent|DarkPulse,AuraSphere,WaterSpout,FakeOut|Modest||F|||50|
|showteam|p2|Whimsicott||FocusSash|Prankster|Moonblast,Tailwind,Encore,Protect|Timid||M|||50|]Basculegion||MysticWater|Adaptability|WaveCrash,Protect,LastRespects,AquaJet|Adamant||M|||50|]Kingambit||ChopleBerry|Defiant|KowtowCleave,IronHead,SuckerPunch,Protect|Adamant||M|||50|]Charizard||CharizarditeY|SolarPower|HeatWave,WeatherBall,Protect,SolarBeam|Modest||M|||50|]Garchomp||LifeOrb|RoughSkin|RockSlide,Earthquake,DragonClaw,Protect|Adamant||M|||50|]Floette-Eternal||Floettite|FlowerVeil|Moonblast,DazzlingGleam,LightofRuin,Protect|Timid||F|||50|
|inactive|Battle timer is ON: inactive players will automatically lose when time's up. (requested by paperavgc)
|
|t:|1785704954
|teamsize|p1|4
|teamsize|p2|4
|start
|switch|p1a: Sharp Kunt|Gallade, L50, M|100/100
|switch|p1b: Diva|Whimsicott, L50, F|100/100
|switch|p2a: Basculegion|Basculegion, L50, M|100/100
|switch|p2b: Floette|Floette-Eternal, L50, F|100/100
|turn|1
|
|t:|1785704964
|detailschange|p2b: Floette|Floette-Mega, L50, F
|-mega|p2b: Floette|Floette|Floettite
|-ability|p2b: Floette|Fairy Aura
|move|p1a: Sharp Kunt|Protect|p1a: Sharp Kunt
|-singleturn|p1a: Sharp Kunt|Protect
|move|p1b: Diva|Tailwind|p1b: Diva
|-sidestart|p1: mmmspicy69|move: Tailwind
|move|p2b: Floette|Dazzling Gleam|p1a: Sharp Kunt|[spread] p1b
|-activate|p1a: Sharp Kunt|move: Protect
|-damage|p1b: Diva|24/100
|move|p2a: Basculegion|Last Respects|p1b: Diva
|-damage|p1b: Diva|0 fnt
|faint|p1b: Diva
|
|upkeep
|
|t:|1785704981
|switch|p1b: Boss Girl|Blastoise, L50, F, shiny|100/100
|turn|2
|
|t:|1785704989
|detailschange|p1b: Boss Girl|Blastoise-Mega, L50, F, shiny
|-mega|p1b: Boss Girl|Blastoise|Blastoisinite
|move|p2b: Floette|Protect|p2b: Floette
|-singleturn|p2b: Floette|Protect
|move|p1b: Boss Girl|Fake Out|p2b: Floette
|-activate|p2b: Floette|move: Protect
|move|p1a: Sharp Kunt|Night Slash|p2a: Basculegion
|-supereffective|p2a: Basculegion|1
|-damage|p2a: Basculegion|0 fnt
|faint|p2a: Basculegion
|-damage|p1a: Sharp Kunt|90/100|[from] item: Life Orb
|
|upkeep
|
|t:|1785705001
|switch|p2a: Kingambit|Kingambit, L50, M|100/100
|turn|3
|
|t:|1785705012
|switch|p1b: Baddie|Farigiraf, L50, M|100/100
|move|p2a: Kingambit|Sucker Punch||[still]
|cant|p1b: Baddie|ability: Armor Tail|Sucker Punch|[of] p2a: Kingambit
|move|p1a: Sharp Kunt|Sacred Sword|p2a: Kingambit
|-supereffective|p2a: Kingambit|2
|-enditem|p2a: Kingambit|Chople Berry|[eat]
|-enditem|p2a: Kingambit|Chople Berry|[weaken]
|-damage|p2a: Kingambit|0 fnt
|faint|p2a: Kingambit
|-damage|p1a: Sharp Kunt|80/100|[from] item: Life Orb
|move|p2b: Floette|Dazzling Gleam|p1a: Sharp Kunt|[spread] p1a,p1b
|-supereffective|p1a: Sharp Kunt|1
|-damage|p1a: Sharp Kunt|0 fnt
|-damage|p1b: Baddie|51/100
|faint|p1a: Sharp Kunt
|
|upkeep
|
|t:|1785705025
|switch|p1a: Boss Girl|Blastoise-Mega, L50, F, shiny|100/100
|switch|p2a: Charizard|Charizard, L50, M|100/100
|turn|4
|
|t:|1785705035
|move|p2a: Charizard|Protect|p2a: Charizard
|-singleturn|p2a: Charizard|Protect
|move|p1a: Boss Girl|Fake Out|p2b: Floette
|-damage|p2b: Floette|88/100
|cant|p2b: Floette|flinch
|move|p1b: Baddie|Trick Room|p1b: Baddie
|-fieldstart|move: Trick Room|[of] p1b: Baddie
|
|-sideend|p1: mmmspicy69|move: Tailwind
|upkeep
|turn|5
|
|t:|1785705049
|move|p1b: Baddie|Helping Hand|p1a: Boss Girl
|-singleturn|p1a: Boss Girl|Helping Hand|[of] p1b: Baddie
|move|p1a: Boss Girl|Water Spout|p2b: Floette|[spread] p2a,p2b
|-supereffective|p2a: Charizard|1
|-damage|p2a: Charizard|0 fnt
|-damage|p2b: Floette|9/100
|faint|p2a: Charizard
|move|p2b: Floette|Dazzling Gleam|p1b: Baddie|[spread] p1a,p1b
|-damage|p1a: Boss Girl|47/100
|-damage|p1b: Baddie|5/100
|-enditem|p1b: Baddie|Sitrus Berry|[eat]
|-heal|p1b: Baddie|30/100|[from] item: Sitrus Berry
|
|upkeep
|turn|6
|-message|paperavgc forfeited.
|
|win|mmmspicy69
|raw|mmmspicy69's rating: 1230 → 1250(+20 for winning)
|raw|paperavgc's rating: 1155 → 1135(-20 for losing)
|l|☆paperavgc
|player|p2|
