|j|☆EgoJJ
|j|☆syry.exe
|html|EgoJJsyry.exe    
|uhtml|bestof|Game 1 of a best-of-3
|t:|1756924336
|gametype|doubles
|player|p1|EgoJJ|brock|1129
|player|p2|syry.exe|1|1084
|gen|9
|tier|[Gen 9] VGC 2025 Reg H (Bo3)
|rated|
|rule|Species Clause: Limit one of each Pokémon
|rule|Item Clause: Limit 1 of each item
|clearpoke
|poke|p1|Glimmora, L50, F|
|poke|p1|Tatsugiri, L50, F|
|poke|p1|Dondozo, L50, F|
|poke|p1|Rillaboom, L50, M|
|poke|p1|Volcarona, L50, F|
|poke|p1|Sneasler, L50, M|
|poke|p2|Tatsugiri, L50, F|
|poke|p2|Dondozo, L50, M|
|poke|p2|Incineroar, L50, F|
|poke|p2|Rillaboom, L50, M|
|poke|p2|Glimmora, L50, M|
|poke|p2|Sneasler, L50, M|
|teampreview|4
|showteam|p1|Glimmora||PowerHerb|ToxicDebris|MeteorBeam,SludgeBomb,EarthPower,SpikyShield|||F|||50|,,,,,Grass]Tatsugiri||FocusSash|Commander|DracoMeteor,MuddyWater,Taunt,Protect|||F|||50|,,,,,Stellar]Dondozo||CovertCloak|Unaware|WaveCrash,OrderUp,HeavySlam,Protect|||F|||50|,,,,,Steel]Rillaboom||AssaultVest|GrassySurge|FakeOut,GrassyGlide,WoodHammer,HighHorsepower|||M|||50|,,,,,Fire]Volcarona||SitrusBerry|FlameBody|FieryDance,TeraBlast,WillOWisp,Tailwind|||F|||50|,,,,,Fairy]Sneasler||GrassySeed|Unburden|DireClaw,CloseCombat,Coaching,Protect|||M|||50|,,,,,Stellar
|showteam|p2|Tatsugiri||ChoiceScarf|Commander|IcyWind,DracoMeteor,MuddyWater,Taunt|||F|||50|,,,,,Dragon]Dondozo||Leftovers|Unaware|WaveCrash,OrderUp,Protect,Substitute|||M|||50|,,,,,Steel]Incineroar||SafetyGoggles|Intimidate|FlareBlitz,KnockOff,PartingShot,FakeOut|||F|||50|,,,,,Ghost]Rillaboom||AssaultVest|GrassySurge|WoodHammer,GrassyGlide,FakeOut,Uturn|||M|||50|,,,,,Fire]Glimmora||PowerHerb|ToxicDebris|MeteorBeam,SpikyShield,SludgeBomb,EarthPower|||M|||50|,,,,,Grass]Sneasler||FocusSash|Unburden|CloseCombat,FakeOut,DireClaw,Taunt|||M|||50|,,,,,Stellar
|inactive|Battle timer is ON: inactive players will automatically lose when time's up. (requested by EgoJJ)
|j| Auragap
|inactive|EgoJJ has 60 seconds left.
|
|t:|1756924392
|teamsize|p1|4
|teamsize|p2|4
|start
|switch|p1a: Glimmora|Glimmora, L50, F|100/100
|switch|p1b: Volcarona|Volcarona, L50, F|100/100
|switch|p2a: Glimmora|Glimmora, L50, M|100/100
|switch|p2b: Sneasler|Sneasler, L50, M|100/100
|turn|1
|inactive|EgoJJ has 30 seconds left.
|inactive|EgoJJ has 20 seconds left.
|
|t:|1756924429
|switch|p1b: Sneasler|Sneasler, L50, M|100/100
|move|p1a: Glimmora|Spiky Shield|p1a: Glimmora
|-singleturn|p1a: Glimmora|move: Protect
|move|p2b: Sneasler|Taunt|p1b: Sneasler
|-start|p1b: Sneasler|move: Taunt
|move|p2a: Glimmora|Earth Power|p1a: Glimmora
|-activate|p1a: Glimmora|move: Protect
|
|upkeep
|turn|2
|inactive|EgoJJ has 30 seconds left.
|inactive|syry.exe has 30 seconds left.
|inactive|EgoJJ has 20 seconds left.
|inactive|syry.exe has 20 seconds left.
|inactive|EgoJJ has 15 seconds left.
|inactive|syry.exe has 15 seconds left.
|inactive|EgoJJ has 10 seconds left.
|inactive|syry.exe has 10 seconds left.
|inactive|EgoJJ has 5 seconds left.
|
|t:|1756924480
|switch|p2a: Dondozo|Dondozo, L50, M|100/100
|move|p1b: Sneasler|Close Combat|p2a: Dondozo
|-damage|p2a: Dondozo|63/100
|-unboost|p1b: Sneasler|def|1
|-unboost|p1b: Sneasler|spd|1
|move|p2b: Sneasler|Close Combat|p1a: Glimmora
|-damage|p1a: Glimmora|16/100
|-unboost|p2b: Sneasler|def|1
|-unboost|p2b: Sneasler|spd|1
|-activate|p1a: Glimmora|ability: Toxic Debris
|-sidestart|p2: syry.exe|move: Toxic Spikes
|move|p1a: Glimmora|Earth Power|p2b: Sneasler
|-supereffective|p2b: Sneasler
|-crit|p2b: Sneasler
|-enditem|p2b: Sneasler|Focus Sash
|-damage|p2b: Sneasler|1/100
|
|-heal|p2a: Dondozo|69/100|[from] item: Leftovers
|upkeep
|turn|3
|inactive|EgoJJ has 30 seconds left.
|inactive|syry.exe has 30 seconds left.
|inactive|EgoJJ has 20 seconds left.
|inactive|EgoJJ has 15 seconds left.
|
|t:|1756924523
|move|p2b: Sneasler|Dire Claw|p1b: Sneasler
|-resisted|p1b: Sneasler
|-damage|p1b: Sneasler|55/100
|-status|p1b: Sneasler|slp
|cant|p1b: Sneasler|slp
|move|p1a: Glimmora|Sludge Bomb|p2a: Dondozo
|-damage|p2a: Dondozo|32/100
|move|p2a: Dondozo|Order Up|p1b: Sneasler
|-damage|p1b: Sneasler|25/100 slp
|
|-heal|p2a: Dondozo|38/100|[from] item: Leftovers
|-end|p1b: Sneasler|move: Taunt
|upkeep
|turn|4
|inactive|EgoJJ has 30 seconds left.
|inactive|syry.exe has 30 seconds left.
|inactive|syry.exe has 20 seconds left.
|
|t:|1756924559
|switch|p2a: Glimmora|Glimmora, L50, M|100/100
|-sideend|p2: syry.exe|move: Toxic Spikes|[of] p2a: Glimmora
|-curestatus|p1b: Sneasler|slp|[msg]
|move|p1b: Sneasler|Protect|p1b: Sneasler
|-singleturn|p1b: Sneasler|Protect
|move|p1a: Glimmora|Spiky Shield|p1a: Glimmora
|-singleturn|p1a: Glimmora|move: Protect
|move|p2b: Sneasler|Dire Claw|p1b: Sneasler
|-activate|p1b: Sneasler|move: Protect
|
|upkeep
|turn|5
|inactive|EgoJJ has 30 seconds left.
|
|t:|1756924591
|move|p2b: Sneasler|Dire Claw|p1a: Glimmora
|-resisted|p1a: Glimmora
|-damage|p1a: Glimmora|0 fnt
|-activate|p1a: Glimmora|ability: Toxic Debris
|-sidestart|p2: syry.exe|move: Toxic Spikes
|faint|p1a: Glimmora
|move|p1b: Sneasler|Dire Claw|p2b: Sneasler
|-resisted|p2b: Sneasler
|-damage|p2b: Sneasler|0 fnt
|faint|p2b: Sneasler
|move|p2a: Glimmora|Earth Power|p1b: Sneasler
|-supereffective|p1b: Sneasler
|-damage|p1b: Sneasler|0 fnt
|faint|p1b: Sneasler
|
|upkeep
|
|t:|1756924614
|switch|p1b: Rillaboom|Rillaboom, L50, M|100/100
|switch|p2b: Tatsugiri|Tatsugiri, L50, F|100/100
|switch|p1a: Volcarona|Volcarona, L50, F|100/100
|-status|p2b: Tatsugiri|psn
|-fieldstart|move: Grassy Terrain|[from] ability: Grassy Surge|[of] p1b: Rillaboom
|turn|6
|inactive|EgoJJ has 30 seconds left.
|
|t:|1756924641
|switch|p2a: Dondozo|Dondozo, L50, M|38/100
|-status|p2a: Dondozo|psn
|-activate|p2b: Tatsugiri|ability: Commander|[of] p2a: Dondozo
|-boost|p2a: Dondozo|atk|2
|-boost|p2a: Dondozo|spa|2
|-boost|p2a: Dondozo|spe|2
|-boost|p2a: Dondozo|def|2
|-boost|p2a: Dondozo|spd|2
|move|p1b: Rillaboom|Fake Out|p2b: Tatsugiri|[miss]
|-miss|p1b: Rillaboom|p2b: Tatsugiri
|move|p1a: Volcarona|Will-O-Wisp||[still]
|-fail|p1a: Volcarona
|
|-heal|p2a: Dondozo|44/100 psn|[from] Grassy Terrain
|-heal|p2a: Dondozo|50/100 psn|[from] item: Leftovers
|-damage|p2b: Tatsugiri|89/100 psn|[from] psn
|-damage|p2a: Dondozo|38/100 psn|[from] psn
|upkeep
|turn|7
|
|t:|1756924661
|-terastallize|p1a: Volcarona|Fairy
|move|p1b: Rillaboom|Grassy Glide|p2a: Dondozo
|-supereffective|p2a: Dondozo
|-damage|p2a: Dondozo|15/100 psn
|move|p1a: Volcarona|Fiery Dance|p2a: Dondozo
|-resisted|p2a: Dondozo
|-damage|p2a: Dondozo|8/100 psn
|move|p2a: Dondozo|Wave Crash|p1a: Volcarona
|-damage|p1a: Volcarona|0 fnt
|faint|p1a: Volcarona
|-damage|p2a: Dondozo|0 fnt|[from] Recoil
|faint|p2a: Dondozo
|
|-heal|p2b: Tatsugiri|94/100 psn|[from] Grassy Terrain
|-damage|p2b: Tatsugiri|82/100 psn|[from] psn
|upkeep
|
|t:|1756924677
|switch|p2a: Glimmora|Glimmora, L50, M|100/100
|-sideend|p2: syry.exe|move: Toxic Spikes|[of] p2a: Glimmora
|turn|8
|
|t:|1756924686
|-terastallize|p2a: Glimmora|Grass
|move|p2b: Tatsugiri|Draco Meteor|p1b: Rillaboom
|-damage|p1b: Rillaboom|50/100
|-unboost|p2b: Tatsugiri|spa|2
|move|p2a: Glimmora|Sludge Bomb|p1b: Rillaboom
|-supereffective|p1b: Rillaboom
|-damage|p1b: Rillaboom|0 fnt
|faint|p1b: Rillaboom
|
|win|syry.exe
||EgoJJ is ready for game 2.
||syry.exe is ready for game 2.
|uhtml|next|Next: Game 2 of 3
|l| Auragap
|l|☆syry.exe
|player|p2|
