|j|☆TobiYume
|j|☆ReonaReona
|html|TobiYumeReonaReona    
|uhtml|bestof|Game 2 of a best-of-3
|t:|1757008846
|gametype|doubles
|player|p1|TobiYume|roxie|1092
|player|p2|ReonaReona|dawn|1088
|gen|9
|tier|[Gen 9] VGC 2025 Reg H (Bo3)
|rated|
|rule|Species Clause: Limit one of each Pokémon
|rule|Item Clause: Limit 1 of each item
|clearpoke
|poke|p1|Garchomp, L50, M|
|poke|p1|Talonflame, L50, F|
|poke|p1|Sylveon, L50, F|
|poke|p1|Tyranitar, L50, M|
|poke|p1|Decidueye-Hisui, L50, F|
|poke|p1|Gholdengo, L50|
|poke|p2|Talonflame, L50, F|
|poke|p2|Indeedee, L50, M|
|poke|p2|Garchomp, L50, F|
|poke|p2|Sneasler, L50, M|
|poke|p2|Glaceon, L50, M|
|poke|p2|Ninetales-Alola, L50, M|
|teampreview|4
|showteam|p1|Garchomp||LifeOrb|RoughSkin|DragonClaw,StompingTantrum,Earthquake,Protect|||M|||50|,,,,,Steel]Talonflame||CovertCloak|GaleWings|Tailwind,WillOWisp,BraveBird,Taunt|||F|||50|,,,,,Grass]Sylveon||ThroatSpray|Pixilate|HyperVoice,HyperBeam,TeraBlast,Protect|||F|||50|,,,,,Water]Tyranitar||AssaultVest|SandStream|RockSlide,KnockOff,TeraBlast,LowKick|||M|||50|,,,,,Flying]Decidueye-Hisui||RazorClaw|Scrappy|TripleArrows,LeafBlade,SuckerPunch,Protect|||F|||50|,,,,,Fire]Gholdengo||Leftovers|GoodasGold|MakeItRain,ShadowBall,NastyPlot,Protect||||||50|,,,,,Dragon
|showteam|p2|Talonflame||CovertCloak|GaleWings|Tailwind,BraveBird,TemperFlare,DualWingbeat|||F|||50|,,,,,Fire]Indeedee||FocusSash|PsychicSurge|ExpandingForce,TeraBlast,Protect,DazzlingGleam|||M|||50|,,,,,Fighting]Garchomp||ChoiceBand|RoughSkin|Earthquake,RockSlide,DragonClaw,Outrage|||F|||50|,,,,,Ground]Sneasler||PsychicSeed|Unburden|DireClaw,CloseCombat,ThroatChop,Protect|||M|||50|,,,,,Fighting]Glaceon||BrightPowder|SnowCloak|Blizzard,FreezeDry,TeraBlast,Protect|||M|||50|,,,,,Fire]Ninetales-Alola||ChoiceSpecs|SnowWarning|Blizzard,FreezeDry,DazzlingGleam,Protect|||M|||50|,,,,,Ice
|inactive|Battle timer is ON: inactive players will automatically lose when time's up. (requested by ReonaReona)
|
|t:|1757008862
|teamsize|p1|4
|teamsize|p2|4
|start
|switch|p1a: Elie|Talonflame, L50, F|100/100
|switch|p1b: Lloyd|Garchomp, L50, M|100/100
|switch|p2a: Talonflame|Talonflame, L50, F|100/100
|switch|p2b: Garchomp|Garchomp, L50, F|100/100
|turn|1
|
|t:|1757008881
|move|p2a: Talonflame|Tailwind|p2a: Talonflame
|-sidestart|p2: ReonaReona|move: Tailwind
|move|p1a: Elie|Tailwind|p1a: Elie
|-sidestart|p1: TobiYume|move: Tailwind
|move|p1b: Lloyd|Dragon Claw|p2b: Garchomp
|-supereffective|p2b: Garchomp
|-damage|p2b: Garchomp|0 fnt
|-damage|p1b: Lloyd|88/100|[from] ability: Rough Skin|[of] p2b: Garchomp
|faint|p2b: Garchomp
|-damage|p1b: Lloyd|78/100|[from] item: Life Orb
|
|upkeep
|
|t:|1757008891
|switch|p2b: Ninetales|Ninetales-Alola, L50, M|100/100
|-weather|Snowscape|[from] ability: Snow Warning|[of] p2b: Ninetales
|turn|2
|
|t:|1757008905
|switch|p1a: Randy|Tyranitar, L50, M|100/100
|-weather|Sandstorm|[from] ability: Sand Stream|[of] p1a: Randy
|-terastallize|p2b: Ninetales|Ice
|move|p1b: Lloyd|Protect|p1b: Lloyd
|-singleturn|p1b: Lloyd|Protect
|move|p2a: Talonflame|Dual Wingbeat|p1a: Randy
|-resisted|p1a: Randy
|-damage|p1a: Randy|95/100
|-resisted|p1a: Randy
|-damage|p1a: Randy|88/100
|-hitcount|p1a: Randy|2
|move|p2b: Ninetales|Blizzard|p1b: Lloyd|[spread] p1a
|-activate|p1b: Lloyd|move: Protect
|-damage|p1a: Randy|64/100
|
|-weather|Sandstorm|[upkeep]
|-damage|p2a: Talonflame|95/100|[from] Sandstorm
|-damage|p2b: Ninetales|94/100|[from] Sandstorm
|upkeep
|turn|3
|
|t:|1757008925
|move|p2a: Talonflame|Brave Bird|p1b: Lloyd
|-damage|p1b: Lloyd|29/100
|-damage|p2a: Talonflame|82/100|[from] ability: Rough Skin|[of] p1b: Lloyd
|-damage|p2a: Talonflame|63/100|[from] Recoil
|move|p2b: Ninetales|Blizzard|p1a: Randy|[spread] p1a,p1b
|-supereffective|p1b: Lloyd
|-damage|p1a: Randy|35/100
|-damage|p1b: Lloyd|0 fnt
|faint|p1b: Lloyd
|move|p1a: Randy|Rock Slide|p2b: Ninetales|[spread] p2a,p2b
|-supereffective|p2a: Talonflame
|-supereffective|p2b: Ninetales
|-damage|p2a: Talonflame|0 fnt
|-damage|p2b: Ninetales|0 fnt
|faint|p2a: Talonflame
|faint|p2b: Ninetales
|
|-weather|Sandstorm|[upkeep]
|upkeep
|
|t:|1757008935
|switch|p2b: Glaceon|Glaceon, L50, M|100/100
|switch|p1b: Wazy|Gholdengo, L50|100/100
|turn|4
|
|t:|1757008942
|move|p1b: Wazy|Nasty Plot|p1b: Wazy
|-boost|p1b: Wazy|spa|2
|move|p1a: Randy|Knock Off|p2b: Glaceon
|-damage|p2b: Glaceon|44/100
|-enditem|p2b: Glaceon|Bright Powder|[from] move: Knock Off|[of] p1a: Randy
|move|p2b: Glaceon|Blizzard|p1a: Randy|[spread] p1b
|-miss|p2b: Glaceon|p1a: Randy
|-resisted|p1b: Wazy
|-damage|p1b: Wazy|77/100
|
|-weather|Sandstorm|[upkeep]
|-damage|p2b: Glaceon|38/100|[from] Sandstorm
|-heal|p1b: Wazy|83/100|[from] item: Leftovers
|-sideend|p1: TobiYume|move: Tailwind
|-sideend|p2: ReonaReona|move: Tailwind
|upkeep
|turn|5
|
|t:|1757008948
|move|p1b: Wazy|Make It Rain|p2b: Glaceon
|-supereffective|p2b: Glaceon
|-damage|p2b: Glaceon|0 fnt
|-unboost|p1b: Wazy|spa|1
|faint|p2b: Glaceon
|
|win|TobiYume
|c|☆ReonaReona|Grgr
||ReonaReona is ready for game 3.
||TobiYume is ready for game 3.
|uhtml|next|Next: Game 3 of 3
