|j|☆Sticky55
|j|☆cookingorcooked2
|html|Sticky55cookingorcooked2    
|uhtml|bestof|Game 2 of a best-of-3
|t:|1782219841
|gametype|doubles
|player|p1|Sticky55|169|1271
|player|p2|cookingorcooked2|170|1298
|gen|9
|tier|[Gen 9 Champions] VGC 2026 Reg M-B (Bo3)
|rated|
|rule|Species Clause: Limit one of each Pokémon
|rule|Item Clause: Limit 1 of each item
|clearpoke
|poke|p1|Blaziken, L50, F|
|poke|p1|Grimmsnarl, L50, M|
|poke|p1|Aerodactyl, L50, M|
|poke|p1|Sinistcha, L50|
|poke|p1|Kingambit, L50, M|
|poke|p1|Floette-Eternal, L50, F|
|poke|p2|Dragonite, L50, M|
|poke|p2|Gholdengo, L50|
|poke|p2|Rotom-Wash, L50|
|poke|p2|Ninetales-Alola, L50, M|
|poke|p2|Grimmsnarl, L50, M|
|poke|p2|Volcarona, L50, F|
|teampreview|4
|showteam|p1|Blaziken||LifeOrb|SpeedBoost|FlareBlitz,CloseCombat,Protect,RockSlide|Adamant||F|||50|]Grimmsnarl||LightClay|Prankster|PartingShot,LightScreen,SpiritBreak,Reflect|Adamant||M|||50|]Aerodactyl||Aerodactylite|Unnerve|IceFang,Protect,DualWingbeat,RockSlide|Jolly||M|||50|]Sinistcha||SitrusBerry|Hospitality|MatchaGotcha,Protect,TrickRoom,RagePowder|Bold|||||50|]Kingambit||BlackGlasses|Defiant|Protect,SuckerPunch,KowtowCleave,SwordsDance|Adamant||M|||50|]Floette-Eternal||Floettite|FlowerVeil|DazzlingGleam,Moonblast,Protect,CalmMind|Modest||F|||50|
|showteam|p2|Dragonite||Dragoninite|InnerFocus|DragonPulse,HeatWave,Tailwind,Protect|Modest||M|||50|]Gholdengo||LifeOrb|GoodasGold|MakeItRain,ShadowBall,NastyPlot,Protect|Timid|||||50|]Rotom-Wash||ChoiceScarf|Levitate|HydroPump,Thunderbolt,WillOWisp,Electroweb|Timid|||||50|]Ninetales-Alola||FocusSash|SnowWarning|FreezeDry,Blizzard,Encore,Protect|Timid||M|||50|]Grimmsnarl||LightClay|Prankster|FoulPlay,PartingShot,Reflect,LightScreen|Calm||M|||50|]Volcarona||SitrusBerry|FlameBody|FireBlast,BugBuzz,QuiverDance,Protect|Modest||F|||50|
|inactive|Battle timer is ON: inactive players will automatically lose when time's up. (requested by Sticky55)
|
|t:|1782219869
|teamsize|p1|4
|teamsize|p2|4
|start
|switch|p1a: Floette|Floette-Eternal, L50, F|100/100
|switch|p1b: Grimmsnarl|Grimmsnarl, L50, M|100/100
|switch|p2a: Dragonite|Dragonite, L50, M|100/100
|switch|p2b: Rotom|Rotom-Wash, L50|100/100
|turn|1
|
|t:|1782219889
|switch|p2b: Gholdengo|Gholdengo, L50|100/100
|detailschange|p1a: Floette|Floette-Mega, L50, F
|-mega|p1a: Floette|Floette|Floettite
|-ability|p1a: Floette|Fairy Aura
|detailschange|p2a: Dragonite|Dragonite-Mega, L50, M
|-mega|p2a: Dragonite|Dragonite|Dragoninite
|move|p1b: Grimmsnarl|Light Screen|p1b: Grimmsnarl
|-sidestart|p1: Sticky55|move: Light Screen
|move|p1a: Floette|Calm Mind|p1a: Floette
|-boost|p1a: Floette|spa|1
|-boost|p1a: Floette|spd|1
|move|p2a: Dragonite|Tailwind|p2a: Dragonite
|-sidestart|p2: cookingorcooked2|move: Tailwind
|
|upkeep
|turn|2
|inactive|Sticky55 has 30 seconds left.
|
|t:|1782219918
|move|p2a: Dragonite|Protect|p2a: Dragonite
|-singleturn|p2a: Dragonite|Protect
|move|p2b: Gholdengo|Nasty Plot|p2b: Gholdengo
|-boost|p2b: Gholdengo|spa|2
|move|p1a: Floette|Dazzling Gleam|p2a: Dragonite|[spread] p2b
|-activate|p2a: Dragonite|move: Protect
|-resisted|p2b: Gholdengo|1
|-damage|p2b: Gholdengo|55/100
|move|p1b: Grimmsnarl|Spirit Break|p2a: Dragonite
|-activate|p2a: Dragonite|move: Protect
|
|upkeep
|turn|3
|
|t:|1782219943
|move|p1a: Floette|Protect|p1a: Floette
|-singleturn|p1a: Floette|Protect
|move|p2b: Gholdengo|Nasty Plot|p2b: Gholdengo
|-boost|p2b: Gholdengo|spa|2
|move|p2a: Dragonite|Heat Wave|p1a: Floette|[spread] p1b
|-activate|p1a: Floette|move: Protect
|-damage|p1b: Grimmsnarl|81/100
|move|p1b: Grimmsnarl|Spirit Break|p2b: Gholdengo
|-resisted|p2b: Gholdengo|1
|-damage|p2b: Gholdengo|30/100
|-unboost|p2b: Gholdengo|spa|1
|
|upkeep
|turn|4
|
|t:|1782219967
|switch|p1a: Sinistcha|Sinistcha, L50|100/100
|-heal|p1b: Grimmsnarl|100/100|[from] ability: Hospitality|[of] p1a: Sinistcha
|move|p2b: Gholdengo|Make It Rain|p1b: Grimmsnarl|[spread] p1a,p1b
|-supereffective|p1b: Grimmsnarl|1
|-damage|p1a: Sinistcha|1/100
|-damage|p1b: Grimmsnarl|0 fnt
|-unboost|p2b: Gholdengo|spa|2
|-enditem|p1a: Sinistcha|Sitrus Berry|[eat]
|-heal|p1a: Sinistcha|26/100|[from] item: Sitrus Berry
|faint|p1b: Grimmsnarl
|-damage|p2b: Gholdengo|20/100y|[from] item: Life Orb
|move|p2a: Dragonite|Dragon Pulse|p1a: Sinistcha
|-damage|p1a: Sinistcha|0 fnt
|faint|p1a: Sinistcha
|
|-sideend|p2: cookingorcooked2|move: Tailwind
|upkeep
|
|t:|1782219984
|switch|p1a: Aerodactyl|Aerodactyl, L50, M|100/100
|switch|p1b: Floette|Floette-Mega, L50, F|100/100
|-ability|p1a: Aerodactyl|Unnerve
|-ability|p1b: Floette|Fairy Aura
|turn|5
|inactive|Sticky55 has 30 seconds left.
|
|t:|1782220011
|switch|p2a: Rotom|Rotom-Wash, L50|100/100
|move|p2b: Gholdengo|Protect|p2b: Gholdengo
|-singleturn|p2b: Gholdengo|Protect
|move|p1b: Floette|Protect|p1b: Floette
|-singleturn|p1b: Floette|Protect
|move|p1a: Aerodactyl|Rock Slide|p2a: Rotom|[spread] p2a
|-activate|p2b: Gholdengo|move: Protect
|-damage|p2a: Rotom|64/100
|
|upkeep
|turn|6
|inactive|Sticky55 has 30 seconds left.
|
|t:|1782220044
|move|p1a: Aerodactyl|Protect|p1a: Aerodactyl
|-singleturn|p1a: Aerodactyl|Protect
|move|p2a: Rotom|Electroweb|p1b: Floette|[spread] p1b
|-activate|p1a: Aerodactyl|move: Protect
|-damage|p1b: Floette|90/100
|-unboost|p1b: Floette|spe|1
|move|p2b: Gholdengo|Make It Rain|p1b: Floette|[spread] p1b
|-activate|p1a: Aerodactyl|move: Protect
|-supereffective|p1b: Floette|1
|-damage|p1b: Floette|0 fnt
|-unboost|p2b: Gholdengo|spa|2
|faint|p1b: Floette
|-damage|p2b: Gholdengo|11/100|[from] item: Life Orb
|
|upkeep
|turn|7
|-message|Sticky55 forfeited.
|
|win|cookingorcooked2
|l|☆Sticky55
|player|p1|
||Sticky55 is ready for game 3.
||cookingorcooked2 is ready for game 3.
|uhtml|next|Next: Game 3 of 3
|j|☆Sticky55
|player|p1|Sticky55|169|
