|j|☆Velocibakka
|j|☆RegiSIXSEVEN
|html|VelocibakkaRegiSIXSEVEN    
|uhtml|bestof|Game 1 of a best-of-3
|t:|1782314406
|gametype|doubles
|player|p1|Velocibakka|101|1100
|player|p2|RegiSIXSEVEN|steven|1122
|gen|9
|tier|[Gen 9 Champions] VGC 2026 Reg M-B (Bo3)
|rated|
|rule|Species Clause: Limit one of each Pokémon
|rule|Item Clause: Limit 1 of each item
|clearpoke
|poke|p1|Houndoom, L50, M|
|poke|p1|Torkoal, L50, M|
|poke|p1|Aegislash, L50, F|
|poke|p1|Skeledirge, L50, M|
|poke|p1|Dragonite, L50, M|
|poke|p1|Gardevoir, L50, F|
|poke|p2|Dragalge, L50, M, shiny|
|poke|p2|Kommo-o, L50, F, shiny|
|poke|p2|Rotom-Wash, L50, shiny|
|poke|p2|Tyranitar, L50, M, shiny|
|poke|p2|Serperior, L50, M, shiny|
|poke|p2|Incineroar, L50, F|
|teampreview|4
|showteam|p1|Houndoom||Houndoominite|FlashFire|HeatWave,NastyPlot,Protect,DarkPulse|Timid||M|||50|]Torkoal||HeatRock|Drought|ClearSmog,Protect,BodyPress,Eruption|Relaxed||M|||50|]Aegislash||ColburBerry|StanceChange|WideGuard,KingsShield,SacredSword,Poltergeist|Sassy||F|||50|]Skeledirge||Leftovers|Unaware|TorchSong,AlluringVoice,Protect,SlackOff|Quiet||M|||50|]Dragonite||Dragoninite|Multiscale|HeatWave,DracoMeteor,Protect,AirSlash|Modest||M|||50|]Gardevoir||FocusSash|Trace|TrickRoom,Psychic,Moonblast,Protect|Quiet||F|||50|
|showteam|p2|Dragalge||Dragalgite|Adaptability|SludgeBomb,DracoMeteor,Thunderbolt,FlipTurn|Sassy||M|||50|]Kommo-o||Leftovers|Overcoat|ClangingScales,AuraSphere,ClangorousSoul,Protect|Modest||F|||50|]Rotom-Wash||ChoiceScarf|Levitate|HydroPump,Thunderbolt,VoltSwitch,Electroweb|Modest|||||50|]Tyranitar||Tyranitarite|SandStream|RockSlide,KnockOff,DragonDance,Protect|Jolly||M|||50|]Serperior||MentalHerb|Contrary|LeafStorm,Reflect,LightScreen,Glare|Timid||M|||50|]Incineroar||ShucaBerry|Intimidate|FakeOut,FlareBlitz,ThroatChop,PartingShot|Careful||F|||50|
|inactive|Battle timer is ON: inactive players will automatically lose when time's up. (requested by RegiSIXSEVEN)
|inactive|RegiSIXSEVEN has 60 seconds left.
|
|t:|1782314443
|teamsize|p1|4
|teamsize|p2|4
|start
|switch|p1a: Torkoal|Torkoal, L50, M|100/100
|switch|p1b: Dragonite|Dragonite, L50, M|100/100
|switch|p2a: Incineroar|Incineroar, L50, F|100/100
|switch|p2b: Kommo-o|Kommo-o, L50, F, shiny|100/100
|-ability|p2a: Incineroar|Intimidate|boost
|-unboost|p1a: Torkoal|atk|1
|-unboost|p1b: Dragonite|atk|1
|-weather|SunnyDay|[from] ability: Drought|[of] p1a: Torkoal
|turn|1
|inactive|Velocibakka has 30 seconds left.
|inactive|Velocibakka has 20 seconds left.
|
|t:|1782314479
|detailschange|p1b: Dragonite|Dragonite-Mega, L50, M
|-mega|p1b: Dragonite|Dragonite|Dragoninite
|move|p1b: Dragonite|Protect|p1b: Dragonite
|-singleturn|p1b: Dragonite|Protect
|move|p2a: Incineroar|Fake Out|p1b: Dragonite
|-activate|p1b: Dragonite|move: Protect
|move|p2b: Kommo-o|Clangorous Soul|p2b: Kommo-o
|-boost|p2b: Kommo-o|atk|1
|-boost|p2b: Kommo-o|def|1
|-boost|p2b: Kommo-o|spa|1
|-boost|p2b: Kommo-o|spd|1
|-boost|p2b: Kommo-o|spe|1
|-damage|p2b: Kommo-o|67/100
|move|p1a: Torkoal|Body Press|p2a: Incineroar
|-supereffective|p2a: Incineroar|1
|-damage|p2a: Incineroar|41/100
|
|-weather|SunnyDay|[upkeep]
|-heal|p2b: Kommo-o|73/100|[from] item: Leftovers
|upkeep
|turn|2
|
|t:|1782314498
|switch|p2a: Tyranitar|Tyranitar, L50, M, shiny|100/100
|-weather|Sandstorm|[from] ability: Sand Stream|[of] p2a: Tyranitar
|move|p2b: Kommo-o|Protect|p2b: Kommo-o
|-singleturn|p2b: Kommo-o|Protect
|move|p1b: Dragonite|Draco Meteor|p2b: Kommo-o
|-activate|p2b: Kommo-o|move: Protect
|move|p1a: Torkoal|Body Press|p2a: Tyranitar
|-supereffective|p2a: Tyranitar|2
|-damage|p2a: Tyranitar|0 fnt
|faint|p2a: Tyranitar
|
|-weather|Sandstorm|[upkeep]
|-damage|p1b: Dragonite|94/100|[from] Sandstorm
|-damage|p1a: Torkoal|94/100|[from] Sandstorm
|-heal|p2b: Kommo-o|79/100|[from] item: Leftovers
|upkeep
|
|t:|1782314516
|switch|p2a: Incineroar|Incineroar, L50, F|41/100
|-ability|p2a: Incineroar|Intimidate|boost
|-unboost|p1a: Torkoal|atk|1
|-unboost|p1b: Dragonite|atk|1
|turn|3
|
|t:|1782314533
|switch|p1b: Gardevoir|Gardevoir, L50, F|100/100
|-ability|p1b: Gardevoir|Intimidate|Trace|[from] ability: Trace|[of] p2a: Incineroar
|-ability|p1b: Gardevoir|Intimidate|boost
|-unboost|p2a: Incineroar|atk|1
|-unboost|p2b: Kommo-o|atk|1
|move|p2a: Incineroar|Fake Out|p1b: Gardevoir
|-damage|p1b: Gardevoir|89/100
|move|p2b: Kommo-o|Clangorous Soul|p2b: Kommo-o
|-boost|p2b: Kommo-o|atk|1
|-boost|p2b: Kommo-o|def|1
|-boost|p2b: Kommo-o|spa|1
|-boost|p2b: Kommo-o|spd|1
|-boost|p2b: Kommo-o|spe|1
|-damage|p2b: Kommo-o|46/100
|move|p1a: Torkoal|Body Press|p2a: Incineroar
|-supereffective|p2a: Incineroar|1
|-damage|p2a: Incineroar|0 fnt
|faint|p2a: Incineroar
|
|-weather|Sandstorm|[upkeep]
|-damage|p1b: Gardevoir|84/100|[from] Sandstorm
|-damage|p1a: Torkoal|88/100|[from] Sandstorm
|-heal|p2b: Kommo-o|52/100|[from] item: Leftovers
|upkeep
|
|t:|1782314546
|switch|p2a: Dragalge|Dragalge, L50, M, shiny|100/100
|turn|4
|inactive|RegiSIXSEVEN has 30 seconds left.
|
|t:|1782314573
|detailschange|p2a: Dragalge|Dragalge-Mega, L50, M, shiny
|-mega|p2a: Dragalge|Dragalge|Dragalgite
|move|p2b: Kommo-o|Protect|p2b: Kommo-o
|-singleturn|p2b: Kommo-o|Protect
|move|p1b: Gardevoir|Moonblast|p2b: Kommo-o
|-activate|p2b: Kommo-o|move: Protect
|move|p2a: Dragalge|Sludge Bomb|p1b: Gardevoir
|-supereffective|p1b: Gardevoir|1
|-damage|p1b: Gardevoir|7/100
|move|p1a: Torkoal|Clear Smog|p2b: Kommo-o
|-activate|p2b: Kommo-o|move: Protect
|
|-weather|Sandstorm|[upkeep]
|-damage|p1b: Gardevoir|1/100|[from] Sandstorm
|-damage|p2a: Dragalge|94/100|[from] Sandstorm
|-damage|p1a: Torkoal|83/100|[from] Sandstorm
|-heal|p2b: Kommo-o|58/100|[from] item: Leftovers
|upkeep
|turn|5
|
|t:|1782314588
|move|p2b: Kommo-o|Aura Sphere|p1b: Gardevoir
|-resisted|p1b: Gardevoir|2
|-damage|p1b: Gardevoir|0 fnt
|faint|p1b: Gardevoir
|move|p2a: Dragalge|Sludge Bomb|p1a: Torkoal
|-damage|p1a: Torkoal|26/100
|-status|p1a: Torkoal|psn
|move|p1a: Torkoal|Clear Smog|p2b: Kommo-o
|-damage|p2b: Kommo-o|52/100
|-clearboost|p2b: Kommo-o
|
|-weather|Sandstorm|[upkeep]
|-damage|p2a: Dragalge|88/100|[from] Sandstorm
|-damage|p1a: Torkoal|20/100y psn|[from] Sandstorm
|-heal|p2b: Kommo-o|58/100|[from] item: Leftovers
|-damage|p1a: Torkoal|8/100 psn|[from] psn
|upkeep
|
|t:|1782314597
|switch|p1b: Dragonite|Dragonite-Mega, L50, M|94/100
|turn|6
|
|t:|1782314607
|move|p1b: Dragonite|Draco Meteor|p2a: Dragalge
|-supereffective|p2a: Dragalge|1
|-damage|p2a: Dragalge|0 fnt
|-unboost|p1b: Dragonite|spa|2
|faint|p2a: Dragalge
|move|p2b: Kommo-o|Clanging Scales|p1a: Torkoal|[spread] p1a,p1b
|-supereffective|p1b: Dragonite|1
|-damage|p1a: Torkoal|0 fnt
|-damage|p1b: Dragonite|32/100
|faint|p1a: Torkoal
|-unboost|p2b: Kommo-o|def|1
|
|-weather|none
|-heal|p2b: Kommo-o|64/100|[from] item: Leftovers
|upkeep
|
|t:|1782314609
|switch|p1a: Aegislash|Aegislash, L50, F|100/100
|turn|7
|
|t:|1782314624
|move|p1b: Dragonite|Draco Meteor|p2b: Kommo-o
|-supereffective|p2b: Kommo-o|1
|-damage|p2b: Kommo-o|0 fnt
|-unboost|p1b: Dragonite|spa|2
|faint|p2b: Kommo-o
|
|win|Velocibakka
