|j|☆soccerdude26
|j|☆fidelillo
|html|soccerdude26fidelillo    
|uhtml|bestof|Game 2 of a best-of-3
|t:|1756561842
|gametype|doubles
|player|p1|soccerdude26|volkner|1188
|player|p2|fidelillo|silver|1108
|gen|9
|tier|[Gen 9] VGC 2025 Reg H (Bo3)
|rated|
|rule|Species Clause: Limit one of each Pokémon
|rule|Item Clause: Limit 1 of each item
|clearpoke
|poke|p1|Sneasler, L50, M|
|poke|p1|Indeedee, L50, M|
|poke|p1|Volcarona, L50, M|
|poke|p1|Ursaluna-Bloodmoon, L50, M|
|poke|p1|Annihilape, L50, M|
|poke|p1|Tyranitar, L50, M|
|poke|p2|Torkoal, L50, F|
|poke|p2|Indeedee-F, L50, F|
|poke|p2|Hatterene, L50, F|
|poke|p2|Gallade, L50, M|
|poke|p2|Annihilape, L50, M|
|poke|p2|Lilligant-Hisui, L50, F|
|teampreview|4
|showteam|p1|Sneasler||PsychicSeed|Unburden|CloseCombat,DireClaw,ThroatChop,Protect|||M|||50|,,,,,Dark]Indeedee||ChoiceScarf|PsychicSurge|ExpandingForce,TeraBlast,Trick,Protect|||M|||50|,,,,,Psychic]Volcarona||SitrusBerry|FlameBody|Overheat,StruggleBug,RagePowder,Tailwind|||M|||50|,,,,,Dragon]Ursaluna-Bloodmoon||LifeOrb|MindsEye|BloodMoon,HyperVoice,EarthPower,Protect|||M|||50|,,,,,Normal]Annihilape||SafetyGoggles|Defiant|CloseCombat,RageFist,Taunt,FinalGambit|||M|||50|,,,,,Water]Tyranitar||AssaultVest|SandStream|RockSlide,KnockOff,TeraBlast,LowKick|||M|||50|,,,,,Flying
|showteam|p2|Torkoal||ChoiceSpecs|Drought|Eruption,WeatherBall,EarthPower,HeatWave|||F|||50|,,,,,Fire]Indeedee-F||PsychicSeed|PsychicSurge|TrickRoom,HelpingHand,FollowMe,Psychic|||F|||50|,,,,,Grass]Hatterene||LifeOrb|MagicBounce|DazzlingGleam,ExpandingForce,Psyshock,TrickRoom|||F|||50|,,,,,Water]Gallade||ClearAmulet|Sharpness|TrickRoom,SacredSword,PsychoCut,WideGuard|||M|||50|,,,,,Fire]Annihilape||ChoiceScarf|Defiant|FinalGambit,CloseCombat,ShadowClaw,Uturn|||M|||50|,,,,,Stellar]Lilligant-Hisui||FocusSash|Chlorophyll|AfterYou,SleepPowder,CloseCombat,Protect|||F|||50|,,,,,Ghost
|inactive|Battle timer is ON: inactive players will automatically lose when time's up. (requested by fidelillo)
|l|☆fidelillo
|inactive|fidelillo disconnected and has a minute to reconnect!
|player|p2|
|j|☆fidelillo
|inactive|fidelillo reconnected and has 60 seconds left.
|player|p2|fidelillo|silver|
|
|t:|1756561882
|teamsize|p1|4
|teamsize|p2|4
|start
|switch|p1a: Volcarona|Volcarona, L50, M|100/100
|switch|p1b: Indeedee|Indeedee, L50, M|100/100
|switch|p2a: Hatterene|Hatterene, L50, F|100/100
|switch|p2b: Indeedee|Indeedee-F, L50, F|100/100
|-fieldstart|move: Psychic Terrain|[from] ability: Psychic Surge|[of] p1b: Indeedee
|-enditem|p2b: Indeedee|Psychic Seed
|-boost|p2b: Indeedee|spd|1|[from] item: Psychic Seed
|turn|1
|inactive|fidelillo has 30 seconds left.
|
|t:|1756561917
|move|p1b: Indeedee|Trick|p2b: Indeedee
|-activate|p1b: Indeedee|move: Trick|[of] p2b: Indeedee
|-item|p2b: Indeedee|Choice Scarf|[from] move: Trick
|-enditem|p1b: Indeedee|Choice Scarf|[silent]|[from] move: Trick
|move|p1a: Volcarona|Struggle Bug|p2b: Indeedee|[spread] p2a,p2b
|-supereffective|p2b: Indeedee
|-crit|p2b: Indeedee
|-damage|p2a: Hatterene|82/100
|-damage|p2b: Indeedee|52/100
|-unboost|p2a: Hatterene|spa|1
|-unboost|p2b: Indeedee|spa|1
|move|p2b: Indeedee|Psychic|p1b: Indeedee
|-resisted|p1b: Indeedee
|-damage|p1b: Indeedee|83/100
|move|p2a: Hatterene|Expanding Force|p1a: Volcarona|[spread] p1a,p1b
|-resisted|p1b: Indeedee
|-damage|p1a: Volcarona|45/100
|-damage|p1b: Indeedee|45/100
|-enditem|p1a: Volcarona|Sitrus Berry|[eat]
|-heal|p1a: Volcarona|70/100|[from] item: Sitrus Berry
|-damage|p2a: Hatterene|72/100|[from] item: Life Orb
|
|upkeep
|turn|2
|
|t:|1756561934
|switch|p2b: Torkoal|Torkoal, L50, F|100/100
|-weather|SunnyDay|[from] ability: Drought|[of] p2b: Torkoal
|move|p1a: Volcarona|Struggle Bug|p2b: Torkoal|[spread] p2a,p2b
|-resisted|p2b: Torkoal
|-damage|p2a: Hatterene|55/100
|-damage|p2b: Torkoal|90/100
|-unboost|p2a: Hatterene|spa|1
|-unboost|p2b: Torkoal|spa|1
|move|p1b: Indeedee|Trick|p2a: Hatterene
|-activate|p1b: Indeedee|move: Trick|[of] p2a: Hatterene
|-enditem|p2a: Hatterene|Life Orb|[silent]|[from] move: Trick
|-item|p1b: Indeedee|Life Orb|[from] move: Trick
|move|p2a: Hatterene|Trick Room|p2a: Hatterene
|-fieldstart|move: Trick Room|[of] p2a: Hatterene
|
|-weather|SunnyDay|[upkeep]
|upkeep
|turn|3
|
|t:|1756561947
|switch|p2a: Gallade|Gallade, L50, M|100/100
|-terastallize|p1a: Volcarona|Dragon
|move|p2b: Torkoal|Heat Wave|p1a: Volcarona|[spread] p1a,p1b
|-resisted|p1a: Volcarona
|-damage|p1a: Volcarona|49/100
|-damage|p1b: Indeedee|0 fnt
|-status|p1a: Volcarona|brn
|faint|p1b: Indeedee
|move|p1a: Volcarona|Struggle Bug|p2a: Gallade|[spread] p2a,p2b
|-resisted|p2b: Torkoal
|-damage|p2a: Gallade|84/100
|-damage|p2b: Torkoal|80/100
|-unboost|p2b: Torkoal|spa|1
|
|-weather|SunnyDay|[upkeep]
|-damage|p1a: Volcarona|43/100 brn|[from] brn
|upkeep
|
|t:|1756561956
|switch|p1b: Ursaluna|Ursaluna-Bloodmoon, L50, M|100/100
|turn|4
|
|t:|1756561964
|move|p1a: Volcarona|Rage Powder|p1a: Volcarona
|-singleturn|p1a: Volcarona|move: Rage Powder
|move|p2b: Torkoal|Heat Wave|p1b: Ursaluna|[spread] p1a,p1b
|-resisted|p1a: Volcarona
|-damage|p1a: Volcarona|25/100 brn
|-damage|p1b: Ursaluna|54/100
|move|p2a: Gallade|Psycho Cut|p1a: Volcarona
|-damage|p1a: Volcarona|0 fnt
|faint|p1a: Volcarona
|move|p1b: Ursaluna|Blood Moon|p2a: Gallade
|-damage|p2a: Gallade|0 fnt
|faint|p2a: Gallade
|-damage|p1b: Ursaluna|44/100|[from] item: Life Orb
|
|-weather|SunnyDay|[upkeep]
|upkeep
|
|t:|1756561977
|switch|p2a: Hatterene|Hatterene, L50, F|55/100
|switch|p1a: Tyranitar|Tyranitar, L50, M|100/100
|-weather|Sandstorm|[from] ability: Sand Stream|[of] p1a: Tyranitar
|turn|5
|
|t:|1756561986
|switch|p2b: Indeedee|Indeedee-F, L50, F|52/100
|-terastallize|p2a: Hatterene|Water
|move|p1b: Ursaluna|Protect|p1b: Ursaluna
|-singleturn|p1b: Ursaluna|Protect
|move|p2a: Hatterene|Dazzling Gleam|p1b: Ursaluna|[spread] p1a
|-activate|p1b: Ursaluna|move: Protect
|-supereffective|p1a: Tyranitar
|-damage|p1a: Tyranitar|72/100
|move|p1a: Tyranitar|Rock Slide|p2a: Hatterene|[spread] p2a,p2b
|-damage|p2a: Hatterene|21/100
|-damage|p2b: Indeedee|23/100
|
|-weather|Sandstorm|[upkeep]
|-damage|p2a: Hatterene|15/100|[from] Sandstorm
|-damage|p2b: Indeedee|17/100|[from] Sandstorm
|-fieldend|move: Psychic Terrain
|upkeep
|turn|6
|
|t:|1756561994
|switch|p2b: Torkoal|Torkoal, L50, F|80/100
|-weather|SunnyDay|[from] ability: Drought|[of] p2b: Torkoal
|move|p2a: Hatterene|Dazzling Gleam|p1b: Ursaluna|[spread] p1a,p1b
|-supereffective|p1a: Tyranitar
|-damage|p1a: Tyranitar|31/100
|-damage|p1b: Ursaluna|0 fnt
|faint|p1b: Ursaluna
|move|p1a: Tyranitar|Rock Slide|p2b: Torkoal|[spread] p2a,p2b
|-supereffective|p2b: Torkoal
|-damage|p2a: Hatterene|0 fnt
|-damage|p2b: Torkoal|36/100
|faint|p2a: Hatterene
|
|-weather|SunnyDay|[upkeep]
|-fieldend|move: Trick Room
|upkeep
|
|t:|1756562001
|switch|p2a: Indeedee|Indeedee-F, L50, F|17/100
|-fieldstart|move: Psychic Terrain|[from] ability: Psychic Surge|[of] p2a: Indeedee
|turn|7
|
|t:|1756562010
|move|p2a: Indeedee|Follow Me|p2a: Indeedee
|-singleturn|p2a: Indeedee|move: Follow Me
|move|p1a: Tyranitar|Rock Slide|p2a: Indeedee|[spread] p2a,p2b
|-supereffective|p2b: Torkoal
|-damage|p2a: Indeedee|0 fnt
|-damage|p2b: Torkoal|0 fnt
|faint|p2a: Indeedee
|faint|p2b: Torkoal
|
|win|soccerdude26
|raw|soccerdude26's rating: 1188 → 1207(+19 for winning)
|raw|fidelillo's rating: 1108 → 1089(-19 for losing)
|c|☆soccerdude26|gg
|c|☆fidelillo|GG
|l|☆soccerdude26
|player|p1|
