|j|☆lettitripppp
|j|☆Zyrum
|html|lettitrippppZyrum    
|uhtml|bestof|Game 2 of a best-of-3
|t:|1784160391
|gametype|doubles
|player|p1|lettitripppp|lucas|1217
|player|p2|Zyrum|102|1190
|gen|9
|tier|[Gen 9 Champions] VGC 2026 Reg M-B (Bo3)
|rated|
|rule|Species Clause: Limit one of each Pokémon
|rule|Item Clause: Limit 1 of each item
|clearpoke
|poke|p1|Charizard, L50, F, shiny|
|poke|p1|Basculegion, L50, M, shiny|
|poke|p1|Pelipper, L50, M|
|poke|p1|Venusaur, L50, M|
|poke|p1|Archaludon, L50, M|
|poke|p1|Grimmsnarl, L50, M, shiny|
|poke|p2|Barbaracle, L50, F|
|poke|p2|Maushold, L50|
|poke|p2|Rotom-Wash, L50|
|poke|p2|Sceptile, L50, M|
|poke|p2|Corviknight, L50, F|
|poke|p2|Garchomp, L50, F|
|teampreview|4
|showteam|p1|Charizard||CharizarditeY|Blaze|WeatherBall,SolarBeam,HeatWave,Protect|Modest||F|||50|]Basculegion||ChoiceScarf|Adaptability|LastRespects,WaveCrash,FlipTurn,AquaJet|Jolly||M|||50|]Pelipper||SitrusBerry|Drizzle|WeatherBall,WideGuard,Hurricane,Tailwind|Modest||M|||50|]Venusaur||FocusSash|Chlorophyll|SleepPowder,SludgeBomb,EarthPower,Protect|Modest||M|||50|]Archaludon||Leftovers|Stamina|FlashCannon,DragonPulse,ElectroShot,Protect|Calm||M|||50|]Grimmsnarl||LightClay|Prankster|PartingShot,LightScreen,SpiritBreak,Reflect|Relaxed||M|||50|
|showteam|p2|Barbaracle||Barbaracite|ToughClaws|ShellSmash,RockSlide,CloseCombat,Protect|Adamant||F|||50|]Maushold||WideLens|FriendGuard|FollowMe,PopulationBomb,Protect,Encore|Jolly|||||50|]Rotom-Wash||ChoiceScarf|Levitate|VoltSwitch,Discharge,HydroPump,Trick|Timid|||||50|]Sceptile||Sceptilite|Overgrow|DragonPulse,EarthPower,GigaDrain,Protect|Timid||M|||50|]Corviknight||SitrusBerry|MirrorArmor|Tailwind,BodyPress,BraveBird,Protect|Impish||F|||50|]Garchomp||LifeOrb|RoughSkin|Earthquake,RockSlide,DragonClaw,Protect|Jolly||F|||50|
|inactive|Battle timer is ON: inactive players will automatically lose when time's up. (requested by lettitripppp)
|
|t:|1784160418
|teamsize|p1|4
|teamsize|p2|4
|start
|switch|p1a: AGNI|Charizard, L50, F, shiny|100/100
|switch|p1b: SOFT-SLEEP|Venusaur, L50, M|100/100
|switch|p2a: Rotom|Rotom-Wash, L50|100/100
|switch|p2b: Sceptile|Sceptile, L50, M|100/100
|turn|1
|inactive|lettitripppp has 30 seconds left.
|
|t:|1784160443
|detailschange|p1a: AGNI|Charizard-Mega-Y, L50, F, shiny
|-mega|p1a: AGNI|Charizard|Charizardite Y
|-weather|SunnyDay|[from] ability: Drought|[of] p1a: AGNI
|move|p2b: Sceptile|Protect|p2b: Sceptile
|-singleturn|p2b: Sceptile|Protect
|move|p1b: SOFT-SLEEP|Sludge Bomb|p2b: Sceptile
|-activate|p2b: Sceptile|move: Protect
|move|p2a: Rotom|Discharge|p1a: AGNI|[spread] p1a,p1b
|-activate|p2b: Sceptile|move: Protect
|-supereffective|p1a: AGNI|1
|-resisted|p1b: SOFT-SLEEP|1
|-crit|p1b: SOFT-SLEEP
|-damage|p1a: AGNI|50/100g
|-damage|p1b: SOFT-SLEEP|75/100
|move|p1a: AGNI|Solar Beam||[still]
|-prepare|p1a: AGNI|Solar Beam
|-anim|p1a: AGNI|Solar Beam|p2a: Rotom
|-supereffective|p2a: Rotom|1
|-damage|p2a: Rotom|0 fnt
|faint|p2a: Rotom
|
|-weather|SunnyDay|[upkeep]
|upkeep
|
|t:|1784160460
|switch|p2a: Garchomp|Garchomp, L50, F|100/100
|turn|2
|
|t:|1784160468
|detailschange|p2b: Sceptile|Sceptile-Mega, L50, M
|-mega|p2b: Sceptile|Sceptile|Sceptilite
|move|p1a: AGNI|Protect|p1a: AGNI
|-singleturn|p1a: AGNI|Protect
|move|p1b: SOFT-SLEEP|Sleep Powder|p2a: Garchomp
|-status|p2a: Garchomp|slp|[from] move: Sleep Powder
|move|p2b: Sceptile|Dragon Pulse|p1b: SOFT-SLEEP
|-damage|p1b: SOFT-SLEEP|16/100
|cant|p2a: Garchomp|slp
|
|-weather|SunnyDay|[upkeep]
|upkeep
|turn|3
|
|t:|1784160478
|move|p2b: Sceptile|Protect|p2b: Sceptile
|-singleturn|p2b: Sceptile|Protect
|move|p1b: SOFT-SLEEP|Sludge Bomb|p2b: Sceptile
|-activate|p2b: Sceptile|move: Protect
|cant|p2a: Garchomp|slp
|move|p1a: AGNI|Solar Beam||[still]
|-prepare|p1a: AGNI|Solar Beam
|-anim|p1a: AGNI|Solar Beam|p2a: Garchomp
|-damage|p2a: Garchomp|45/100 slp
|
|-weather|SunnyDay|[upkeep]
|upkeep
|turn|4
|inactive|Zyrum has 30 seconds left.
|inactive|Zyrum has 20 seconds left.
|inactive|Zyrum has 15 seconds left.
|inactive|Zyrum has 10 seconds left.
|inactive|Zyrum has 5 seconds left.
|
|t:|1784160533
|switch|p1a: GO JOHAN|Grimmsnarl, L50, M, shiny|100/100
|move|p1b: SOFT-SLEEP|Sludge Bomb|p2b: Sceptile
|-supereffective|p2b: Sceptile|1
|-damage|p2b: Sceptile|0 fnt
|faint|p2b: Sceptile
|-curestatus|p2a: Garchomp|slp|[msg]
|move|p2a: Garchomp|Earthquake|p1b: SOFT-SLEEP|[spread] p1a,p1b
|-damage|p1a: GO JOHAN|49/100
|-damage|p1b: SOFT-SLEEP|0 fnt
|faint|p1b: SOFT-SLEEP
|-damage|p2a: Garchomp|35/100|[from] item: Life Orb
|
|-weather|SunnyDay|[upkeep]
|upkeep
|
|t:|1784160553
|switch|p2b: Maushold|Maushold, L50|100/100
|switch|p1b: GHOSTWAVE|Basculegion, L50, M, shiny|100/100
|turn|5
|
|t:|1784160575
|move|p2b: Maushold|Follow Me|p2b: Maushold
|-singleturn|p2b: Maushold|move: Follow Me
|move|p1a: GO JOHAN|Reflect|p1a: GO JOHAN
|-sidestart|p1: lettitripppp|Reflect
|move|p1b: GHOSTWAVE|Flip Turn|p2b: Maushold
|-damage|p2b: Maushold|74/100
|
|t:|1784160580
|switch|p1b: AGNI|Charizard-Mega-Y, L50, F, shiny|50/100g|[from] Flip Turn
|move|p2a: Garchomp|Dragon Claw|p1b: AGNI
|-damage|p1b: AGNI|9/100
|-damage|p2a: Garchomp|25/100|[from] item: Life Orb
|
|-weather|none
|upkeep
|turn|6
|
|t:|1784160590
|move|p2b: Maushold|Population Bomb|p1a: GO JOHAN
|-damage|p1a: GO JOHAN|45/100
|-damage|p1a: GO JOHAN|42/100
|-damage|p1a: GO JOHAN|38/100
|-damage|p1a: GO JOHAN|34/100
|-damage|p1a: GO JOHAN|30/100
|-damage|p1a: GO JOHAN|26/100
|-damage|p1a: GO JOHAN|22/100
|-damage|p1a: GO JOHAN|18/100
|-damage|p1a: GO JOHAN|14/100
|-damage|p1a: GO JOHAN|10/100
|-hitcount|p1a: GO JOHAN|10
|move|p2a: Garchomp|Rock Slide|p1a: GO JOHAN|[spread] p1b
|-miss|p2a: Garchomp|p1a: GO JOHAN
|-supereffective|p1b: AGNI|2
|-damage|p1b: AGNI|0 fnt
|faint|p1b: AGNI
|-damage|p2a: Garchomp|16/100|[from] item: Life Orb
|move|p1a: GO JOHAN|Spirit Break|p2b: Maushold
|-damage|p2b: Maushold|34/100
|-unboost|p2b: Maushold|spa|1
|
|upkeep
|
|t:|1784160609
|switch|p1b: GHOSTWAVE|Basculegion, L50, M, shiny|100/100
|turn|7
|
|t:|1784160622
|move|p2b: Maushold|Follow Me|p2b: Maushold
|-singleturn|p2b: Maushold|move: Follow Me
|move|p1a: GO JOHAN|Light Screen|p1a: GO JOHAN
|-sidestart|p1: lettitripppp|move: Light Screen
|move|p1b: GHOSTWAVE|Wave Crash|p2b: Maushold
|-damage|p2b: Maushold|0 fnt
|faint|p2b: Maushold
|-damage|p1b: GHOSTWAVE|89/100|[from] Recoil
|move|p2a: Garchomp|Rock Slide|p1a: GO JOHAN|[spread] p1a,p1b
|-damage|p1a: GO JOHAN|0 fnt
|-damage|p1b: GHOSTWAVE|68/100
|faint|p1a: GO JOHAN
|-damage|p2a: Garchomp|6/100|[from] item: Life Orb
|
|upkeep
|turn|8
|
|t:|1784160631
|move|p1b: GHOSTWAVE|Wave Crash|p2a: Garchomp
|-crit|p2a: Garchomp
|-damage|p2a: Garchomp|0 fnt
|-damage|p1b: GHOSTWAVE|55/100|[from] ability: Rough Skin|[of] p2a: Garchomp
|faint|p2a: Garchomp
|-damage|p1b: GHOSTWAVE|53/100|[from] Recoil
|
|win|lettitripppp
|raw|lettitripppp's rating: 1217 → 1240(+23 for winning)
|raw|Zyrum's rating: 1190 → 1167(-23 for losing)
|c|☆lettitripppp|gg
