|j|☆RinnyRooVGC
|j|☆TORVEX
|html|RinnyRooVGCTORVEX    
|uhtml|bestof|Game 3 of a best-of-3
|t:|1756795768
|gametype|doubles
|player|p1|RinnyRooVGC|102|1159
|player|p2|TORVEX|acetrainer-gen4dp|1145
|gen|9
|tier|[Gen 9] VGC 2025 Reg H (Bo3)
|rated|
|rule|Species Clause: Limit one of each Pokémon
|rule|Item Clause: Limit 1 of each item
|clearpoke
|poke|p1|Porygon2, L50|
|poke|p1|Sneasler, L50, F|
|poke|p1|Gholdengo, L50|
|poke|p1|Amoonguss, L50, F|
|poke|p1|Garchomp, L50, F|
|poke|p1|Incineroar, L50, F|
|poke|p2|Incineroar, L50, M|
|poke|p2|Sinistcha, L50|
|poke|p2|Garchomp, L50, M|
|poke|p2|Pelipper, L50, M|
|poke|p2|Palafin, L50, F|
|poke|p2|Archaludon, L50, M|
|teampreview|4
|showteam|p1|Porygon2||Eviolite|Download|TeraBlast,IceBeam,Recover,TrickRoom||||||50|,,,,,Ground]Sneasler||FocusSash|PoisonTouch|CloseCombat,DireClaw,Coaching,Protect|||F|||50|,,,,,Flying]Gholdengo||LifeOrb|GoodasGold|MakeItRain,ShadowBall,NastyPlot,Protect||||||50|,,,,,Water]Amoonguss||SitrusBerry|Regenerator|PollenPuff,Spore,RagePowder,Protect|||F|||50|,,,,,Fairy]Garchomp||ClearAmulet|RoughSkin|Earthquake,StompingTantrum,DragonClaw,Protect|||F|||50|,,,,,Fire]Incineroar||SafetyGoggles|Intimidate|FlareBlitz,KnockOff,FakeOut,PartingShot|||F|||50|,,,,,Ghost
|showteam|p2|Incineroar||SafetyGoggles|Intimidate|FakeOut,WillOWisp,KnockOff,PartingShot|||M|||50|,,,,,Ghost]Sinistcha||BigRoot|Hospitality|Protect,RagePowder,MatchaGotcha,Hex||||||50|,,,,,Fire]Garchomp||LoadedDice|RoughSkin|Protect,ScaleShot,StompingTantrum,SwordsDance|||M|||50|,,,,,Steel]Pelipper||RockyHelmet|Drizzle|Protect,Tailwind,WeatherBall,Hurricane|||M|||50|,,,,,Ghost]Palafin||MysticWater|ZerotoHero|Protect,WaveCrash,JetPunch,DrainPunch|||F|||50|,,,,,Water]Archaludon||AssaultVest|Stamina|DragonPulse,FlashCannon,ElectroShot,BodyPress|||M|||50|,,,,,Grass
|inactive|Battle timer is ON: inactive players will automatically lose when time's up. (requested by TORVEX)
|inactive|RinnyRooVGC has 60 seconds left.
|
|t:|1756795815
|teamsize|p1|4
|teamsize|p2|4
|start
|switch|p1a: Incineroar|Incineroar, L50, F|100/100
|switch|p1b: Sneasler|Sneasler, L50, F|100/100
|switch|p2a: Palafin|Palafin, L50, F|100/100
|switch|p2b: Garchomp|Garchomp, L50, M|100/100
|-ability|p1a: Incineroar|Intimidate|boost
|-unboost|p2a: Palafin|atk|1
|-unboost|p2b: Garchomp|atk|1
|turn|1
|
|t:|1756795830
|detailschange|p2a: Palafin|Palafin-Hero, L50, F
|switch|p2a: Incineroar|Incineroar, L50, M|100/100
|-ability|p2a: Incineroar|Intimidate|boost
|-unboost|p1a: Incineroar|atk|1
|-unboost|p1b: Sneasler|atk|1
|move|p1a: Incineroar|Fake Out|p2b: Garchomp
|-damage|p2b: Garchomp|92/100
|-damage|p1a: Incineroar|88/100|[from] ability: Rough Skin|[of] p2b: Garchomp
|move|p1b: Sneasler|Dire Claw|p2a: Incineroar
|-damage|p2a: Incineroar|76/100
|-status|p2a: Incineroar|slp
|cant|p2b: Garchomp|flinch
|
|upkeep
|turn|2
|
|t:|1756795858
|switch|p1a: Porygon2|Porygon2, L50|100/100
|-ability|p1a: Porygon2|Download|boost
|-boost|p1a: Porygon2|spa|1
|move|p1b: Sneasler|Protect|p1b: Sneasler
|-singleturn|p1b: Sneasler|Protect
|cant|p2a: Incineroar|slp
|move|p2b: Garchomp|Swords Dance|p2b: Garchomp
|-boost|p2b: Garchomp|atk|2
|
|upkeep
|turn|3
|
|t:|1756795880
|switch|p1b: Incineroar|Incineroar, L50, F|88/100
|-ability|p1b: Incineroar|Intimidate|boost
|-unboost|p2a: Incineroar|atk|1
|-unboost|p2b: Garchomp|atk|1
|move|p2b: Garchomp|Protect|p2b: Garchomp
|-singleturn|p2b: Garchomp|Protect
|move|p1a: Porygon2|Ice Beam|p2b: Garchomp
|-activate|p2b: Garchomp|move: Protect
|cant|p2a: Incineroar|slp
|
|upkeep
|turn|4
|
|t:|1756795896
|switch|p2b: Archaludon|Archaludon, L50, M|100/100
|move|p1b: Incineroar|Fake Out|p2a: Incineroar
|-damage|p2a: Incineroar|65/100 slp
|-curestatus|p2a: Incineroar|slp|[msg]
|cant|p2a: Incineroar|flinch
|move|p1a: Porygon2|Trick Room|p1a: Porygon2
|-fieldstart|move: Trick Room|[of] p1a: Porygon2
|
|upkeep
|turn|5
|
|t:|1756795914
|move|p2a: Incineroar|Parting Shot|p1a: Porygon2
|-unboost|p1a: Porygon2|atk|1
|-unboost|p1a: Porygon2|spa|1
|
|t:|1756795917
|switch|p2a: Garchomp|Garchomp, L50, M|92/100|[from] Parting Shot
|move|p1b: Incineroar|Flare Blitz|p2b: Archaludon
|-damage|p2b: Archaludon|60/100
|-status|p2b: Archaludon|brn
|-ability|p2b: Archaludon|Stamina|boost
|-boost|p2b: Archaludon|def|1
|-damage|p1b: Incineroar|76/100|[from] Recoil
|move|p1a: Porygon2|Ice Beam|p2b: Archaludon
|-damage|p2b: Archaludon|39/100 brn
|-ability|p2b: Archaludon|Stamina|boost
|-boost|p2b: Archaludon|def|1
|move|p2b: Archaludon|Body Press|p1a: Porygon2
|-supereffective|p1a: Porygon2
|-damage|p1a: Porygon2|66/100
|
|-damage|p2b: Archaludon|33/100 brn|[from] brn
|upkeep
|turn|6
|inactive|RinnyRooVGC has 30 seconds left.
|
|t:|1756795944
|-terastallize|p2a: Garchomp|Steel
|move|p1b: Incineroar|Parting Shot|p2a: Garchomp
|-unboost|p2a: Garchomp|atk|1
|-unboost|p2a: Garchomp|spa|1
|
|t:|1756795948
|switch|p1b: Garchomp|Garchomp, L50, F|100/100|[from] Parting Shot
|move|p1a: Porygon2|Recover|p1a: Porygon2
|-heal|p1a: Porygon2|100/100
|move|p2b: Archaludon|Body Press|p1a: Porygon2
|-supereffective|p1a: Porygon2
|-damage|p1a: Porygon2|69/100
|move|p2a: Garchomp|Stomping Tantrum|p1b: Garchomp
|-damage|p1b: Garchomp|78/100
|-damage|p2a: Garchomp|80/100|[from] ability: Rough Skin|[of] p1b: Garchomp
|
|-damage|p2b: Archaludon|27/100 brn|[from] brn
|upkeep
|turn|7
|
|t:|1756795971
|switch|p1b: Incineroar|Incineroar, L50, F|76/100
|-ability|p1b: Incineroar|Intimidate|boost
|-unboost|p2a: Garchomp|atk|1
|-unboost|p2b: Archaludon|atk|1
|move|p1a: Porygon2|Ice Beam|p2b: Archaludon
|-damage|p2b: Archaludon|4/100 brn
|-ability|p2b: Archaludon|Stamina|boost
|-boost|p2b: Archaludon|def|1
|move|p2b: Archaludon|Body Press|p1a: Porygon2
|-supereffective|p1a: Porygon2
|-damage|p1a: Porygon2|31/100
|move|p2a: Garchomp|Scale Shot|p1b: Incineroar|[miss]
|-miss|p2a: Garchomp|p1b: Incineroar
|
|-damage|p2b: Archaludon|0 fnt|[from] brn
|faint|p2b: Archaludon
|upkeep
|
|t:|1756795994
|switch|p2b: Palafin|Palafin-Hero, L50, F|100/100
|-activate|p2b: Palafin|ability: Zero to Hero
|turn|8
|
|t:|1756796007
|switch|p2a: Incineroar|Incineroar, L50, M|65/100
|-ability|p2a: Incineroar|Intimidate|boost
|-unboost|p1a: Porygon2|atk|1
|-unboost|p1b: Incineroar|atk|1
|move|p2b: Palafin|Jet Punch|p1b: Incineroar
|-supereffective|p1b: Incineroar
|-damage|p1b: Incineroar|0 fnt
|faint|p1b: Incineroar
|move|p1a: Porygon2|Recover|p1a: Porygon2
|-heal|p1a: Porygon2|81/100
|
|-fieldend|move: Trick Room
|upkeep
|
|t:|1756796020
|switch|p1b: Sneasler|Sneasler, L50, F|100/100
|turn|9
|
|t:|1756796030
|move|p1b: Sneasler|Protect|p1b: Sneasler
|-singleturn|p1b: Sneasler|Protect
|move|p2a: Incineroar|Fake Out|p1a: Porygon2
|-damage|p1a: Porygon2|74/100
|move|p2b: Palafin|Drain Punch|p1a: Porygon2
|-supereffective|p1a: Porygon2
|-damage|p1a: Porygon2|36/100
|cant|p1a: Porygon2|flinch
|
|upkeep
|turn|10
|
|t:|1756796047
|move|p2b: Palafin|Jet Punch|p1a: Porygon2
|-damage|p1a: Porygon2|9/100
|move|p1b: Sneasler|Dire Claw|p2b: Palafin
|-damage|p2b: Palafin|63/100
|-status|p2b: Palafin|psn|[from] ability: Poison Touch|[of] p1b: Sneasler
|move|p1a: Porygon2|Recover|p1a: Porygon2
|-heal|p1a: Porygon2|59/100
|move|p2a: Incineroar|Knock Off|p1a: Porygon2
|-damage|p1a: Porygon2|37/100
|-enditem|p1a: Porygon2|Eviolite|[from] move: Knock Off|[of] p2a: Incineroar
|
|-damage|p2b: Palafin|51/100 psn|[from] psn
|upkeep
|turn|11
|
|t:|1756796064
|move|p2b: Palafin|Jet Punch|p1a: Porygon2
|-damage|p1a: Porygon2|0 fnt
|faint|p1a: Porygon2
|move|p1b: Sneasler|Dire Claw|p2a: Incineroar
|-damage|p2a: Incineroar|31/100
|-status|p2a: Incineroar|psn|[from] ability: Poison Touch|[of] p1b: Sneasler
|move|p2a: Incineroar|Will-O-Wisp|p1b: Sneasler
|-status|p1b: Sneasler|brn
|
|-damage|p2b: Palafin|38/100 psn|[from] psn
|-damage|p2a: Incineroar|19/100 psn|[from] psn
|-damage|p1b: Sneasler|95/100 brn|[from] brn
|upkeep
|
|t:|1756796073
|switch|p1a: Garchomp|Garchomp, L50, F|78/100
|turn|12
|
|t:|1756796081
|move|p1a: Garchomp|Protect|p1a: Garchomp
|-singleturn|p1a: Garchomp|Protect
|move|p2b: Palafin|Jet Punch|p1b: Sneasler
|-damage|p1b: Sneasler|13/100 brn
|move|p1b: Sneasler|Coaching|p1a: Garchomp
|-boost|p1a: Garchomp|atk|1
|-boost|p1a: Garchomp|def|1
|move|p2a: Incineroar|Will-O-Wisp|p1a: Garchomp
|-activate|p1a: Garchomp|move: Protect
|
|-damage|p2b: Palafin|26/100 psn|[from] psn
|-damage|p2a: Incineroar|6/100 psn|[from] psn
|-damage|p1b: Sneasler|7/100 brn|[from] brn
|upkeep
|turn|13
|
|t:|1756796095
|move|p1b: Sneasler|Protect|p1b: Sneasler
|-singleturn|p1b: Sneasler|Protect
|move|p2b: Palafin|Jet Punch|p1a: Garchomp
|-damage|p1a: Garchomp|44/100
|-damage|p2b: Palafin|14/100 psn|[from] ability: Rough Skin|[of] p1a: Garchomp
|move|p1a: Garchomp|Earthquake|p2a: Incineroar|[spread] p2a,p2b
|-activate|p1b: Sneasler|move: Protect
|-supereffective|p2a: Incineroar
|-damage|p2a: Incineroar|0 fnt
|-damage|p2b: Palafin|0 fnt
|faint|p2a: Incineroar
|faint|p2b: Palafin
|
|-damage|p1b: Sneasler|1/100 brn|[from] brn
|upkeep
|
|t:|1756796107
|switch|p2b: Garchomp|Garchomp, L50, M, tera:Steel|80/100
|turn|14
|
|t:|1756796113
|move|p1b: Sneasler|Close Combat|p2b: Garchomp
|-supereffective|p2b: Garchomp
|-damage|p2b: Garchomp|21/100
|-unboost|p1b: Sneasler|def|1
|-unboost|p1b: Sneasler|spd|1
|-damage|p1b: Sneasler|0 fnt|[from] ability: Rough Skin|[of] p2b: Garchomp
|faint|p1b: Sneasler
|move|p1a: Garchomp|Stomping Tantrum|p2b: Garchomp
|-supereffective|p2b: Garchomp
|-damage|p2b: Garchomp|0 fnt
|-damage|p1a: Garchomp|32/100|[from] ability: Rough Skin|[of] p2b: Garchomp
|faint|p2b: Garchomp
|
|win|RinnyRooVGC
|raw|RinnyRooVGC's rating: 1159 → 1183(+24 for winning)
|raw|TORVEX's rating: 1145 → 1121(-24 for losing)
