|j|☆pcadaval
|j|☆chefbenboyrd
|html|pcadavalchefbenboyrd    
|uhtml|bestof|Game 2 of a best-of-3
|t:|1757124153
|gametype|doubles
|player|p1|pcadaval|gambler|1132
|player|p2|chefbenboyrd|brawly|1172
|gen|9
|tier|[Gen 9] VGC 2025 Reg H (Bo3)
|rated|
|rule|Species Clause: Limit one of each Pokémon
|rule|Item Clause: Limit 1 of each item
|clearpoke
|poke|p1|Incineroar, L50, F|
|poke|p1|Gholdengo, L50|
|poke|p1|Amoonguss, L50, M|
|poke|p1|Hydreigon, L50, F|
|poke|p1|Sneasler, L50, M|
|poke|p1|Ursaluna-Bloodmoon, L50, M|
|poke|p2|Whimsicott, L50, F|
|poke|p2|Hydreigon, L50, F|
|poke|p2|Incineroar, L50, F|
|poke|p2|Gholdengo, L50|
|poke|p2|Basculegion, L50, M|
|poke|p2|Dragonite, L50, F|
|teampreview|4
|showteam|p1|Incineroar||SafetyGoggles|Intimidate|PartingShot,FlareBlitz,KnockOff,FakeOut|||F|||50|,,,,,Grass]Gholdengo||Leftovers|GoodasGold|NastyPlot,ShadowBall,Protect,MakeItRain||||||50|,,,,,Fairy]Amoonguss||SitrusBerry|Regenerator|Spore,PollenPuff,Protect,RagePowder|||M|||50|,,,,,Water]Hydreigon||CovertCloak|Levitate|DracoMeteor,Snarl,Protect,Tailwind|||F|||50|,,,,,Ghost]Sneasler||WhiteHerb|Unburden|CloseCombat,DireClaw,Protect,FakeOut|||M|||50|,,,,,Stellar]Ursaluna-Bloodmoon||AssaultVest|MindsEye|BloodMoon,VacuumWave,HyperVoice,EarthPower|||M|||50|,,,,,Normal
|showteam|p2|Whimsicott||FocusSash|Prankster|SunnyDay,Encore,Tailwind,Moonblast|||F|||50|,,,,,Ghost]Hydreigon||ChoiceSpecs|Levitate|HeatWave,DracoMeteor,Snarl,DarkPulse|||F|||50|,,,,,Fire]Incineroar||SafetyGoggles|Intimidate|KnockOff,FakeOut,PartingShot,FlareBlitz|||F|||50|,,,,,Ghost]Gholdengo||LifeOrb|GoodasGold|Protect,MakeItRain,ShadowBall,NastyPlot||||||50|,,,,,Water]Basculegion||ChoiceScarf|Adaptability|LastRespects,WaveCrash,AquaJet,FlipTurn|||M|||50|,,,,,Water]Dragonite||LoadedDice|Multiscale|ScaleShot,Protect,ExtremeSpeed,Haze|||F|||50|,,,,,Fairy
|inactive|Battle timer is ON: inactive players will automatically lose when time's up. (requested by pcadaval)
|
|t:|1757124174
|teamsize|p1|4
|teamsize|p2|4
|start
|switch|p1a: Incineroar|Incineroar, L50, F|100/100
|switch|p1b: Gholdengo|Gholdengo, L50|100/100
|switch|p2a: Whimsicott|Whimsicott, L50, F|100/100
|switch|p2b: Hydreigon|Hydreigon, L50, F|100/100
|-ability|p1a: Incineroar|Intimidate|boost
|-unboost|p2a: Whimsicott|atk|1
|-unboost|p2b: Hydreigon|atk|1
|turn|1
|inactive|pcadaval has 30 seconds left.
|inactive|pcadaval has 20 seconds left.
|inactive|pcadaval has 15 seconds left.
|inactive|pcadaval has 10 seconds left.
|
|t:|1757124221
|switch|p2a: Incineroar|Incineroar, L50, F|100/100
|-ability|p2a: Incineroar|Intimidate|boost
|-unboost|p1a: Incineroar|atk|1
|-unboost|p1b: Gholdengo|atk|1
|move|p1a: Incineroar|Fake Out|p2b: Hydreigon
|-damage|p2b: Hydreigon|92/100
|cant|p2b: Hydreigon|flinch
|move|p1b: Gholdengo|Nasty Plot|p1b: Gholdengo
|-boost|p1b: Gholdengo|spa|2
|
|upkeep
|turn|2
|inactive|pcadaval has 30 seconds left.
|inactive|pcadaval has 20 seconds left.
|
|t:|1757124256
|-terastallize|p2b: Hydreigon|Fire
|-terastallize|p1b: Gholdengo|Fairy
|move|p2b: Hydreigon|Heat Wave|p1b: Gholdengo|[spread] p1a,p1b
|-resisted|p1a: Incineroar
|-damage|p1a: Incineroar|70/100
|-damage|p1b: Gholdengo|35/100
|move|p1b: Gholdengo|Nasty Plot|p1b: Gholdengo
|-boost|p1b: Gholdengo|spa|2
|move|p2a: Incineroar|Knock Off|p1b: Gholdengo
|-resisted|p1b: Gholdengo
|-damage|p1b: Gholdengo|16/100
|-enditem|p1b: Gholdengo|Leftovers|[from] move: Knock Off|[of] p2a: Incineroar
|move|p1a: Incineroar|Parting Shot|p2b: Hydreigon
|-unboost|p2b: Hydreigon|atk|1
|-unboost|p2b: Hydreigon|spa|1
|inactive|pcadaval has 30 seconds left.
|
|t:|1757124287
|switch|p1a: Hydreigon|Hydreigon, L50, F|100/100|[from] Parting Shot
|
|upkeep
|turn|3
|inactive|pcadaval has 30 seconds left.
|inactive|pcadaval has 20 seconds left.
|inactive|pcadaval has 15 seconds left.
|inactive|pcadaval has 10 seconds left.
|inactive|pcadaval has 5 seconds left.
|
|t:|1757124341
|switch|p1b: Incineroar|Incineroar, L50, F|70/100
|-ability|p1b: Incineroar|Intimidate|boost
|-unboost|p2a: Incineroar|atk|1
|-unboost|p2b: Hydreigon|atk|1
|switch|p2a: Whimsicott|Whimsicott, L50, F|100/100
|move|p1a: Hydreigon|Snarl|p2b: Hydreigon|[spread] p2a,p2b
|-resisted|p2a: Whimsicott
|-damage|p2a: Whimsicott|85/100
|-damage|p2b: Hydreigon|70/100
|-unboost|p2a: Whimsicott|spa|1
|-unboost|p2b: Hydreigon|spa|1
|move|p2b: Hydreigon|Heat Wave|p1b: Incineroar|[spread] p1a,p1b
|-resisted|p1a: Hydreigon
|-resisted|p1b: Incineroar
|-damage|p1a: Hydreigon|86/100
|-damage|p1b: Incineroar|55/100
|
|upkeep
|turn|4
|inactive|pcadaval has 30 seconds left.
|inactive|chefbenboyrd has 30 seconds left.
|
|t:|1757124375
|switch|p2a: Dragonite|Dragonite, L50, F|100/100
|switch|p2b: Incineroar|Incineroar, L50, F|100/100
|-ability|p2b: Incineroar|Intimidate|boost
|-unboost|p1a: Hydreigon|atk|1
|-unboost|p1b: Incineroar|atk|1
|move|p1b: Incineroar|Fake Out|p2a: Dragonite
|-damage|p2a: Dragonite|96/100
|move|p1a: Hydreigon|Snarl|p2a: Dragonite|[spread] p2b
|-miss|p1a: Hydreigon|p2a: Dragonite
|-resisted|p2b: Incineroar
|-damage|p2b: Incineroar|93/100
|-unboost|p2b: Incineroar|spa|1
|
|upkeep
|turn|5
|
|t:|1757124397
|move|p2a: Dragonite|Protect|p2a: Dragonite
|-singleturn|p2a: Dragonite|Protect
|move|p1a: Hydreigon|Draco Meteor|p2a: Dragonite
|-activate|p2a: Dragonite|move: Protect
|move|p2b: Incineroar|Parting Shot|p1a: Hydreigon
|-unboost|p1a: Hydreigon|atk|1
|-unboost|p1a: Hydreigon|spa|1
|
|t:|1757124404
|switch|p2b: Whimsicott|Whimsicott, L50, F|85/100|[from] Parting Shot
|move|p1b: Incineroar|Parting Shot|p2b: Whimsicott
|-unboost|p2b: Whimsicott|atk|1
|-unboost|p2b: Whimsicott|spa|1
|
|t:|1757124406
|switch|p1b: Sneasler|Sneasler, L50, M|100/100|[from] Parting Shot
|
|upkeep
|turn|6
|inactive|pcadaval has 30 seconds left.
|
|t:|1757124435
|switch|p1a: Incineroar|Incineroar, L50, F|55/100
|-ability|p1a: Incineroar|Intimidate|boost
|-unboost|p2a: Dragonite|atk|1
|-unboost|p2b: Whimsicott|atk|1
|move|p2b: Whimsicott|Tailwind|p2b: Whimsicott
|-sidestart|p2: chefbenboyrd|move: Tailwind
|move|p2a: Dragonite|Scale Shot|p1a: Incineroar|[miss]
|-miss|p2a: Dragonite|p1a: Incineroar
|move|p1b: Sneasler|Dire Claw|p2b: Whimsicott
|-supereffective|p2b: Whimsicott
|-damage|p2b: Whimsicott|0 fnt
|faint|p2b: Whimsicott
|
|upkeep
|
|t:|1757124445
|switch|p2b: Incineroar|Incineroar, L50, F|93/100
|-ability|p2b: Incineroar|Intimidate|boost
|-unboost|p1a: Incineroar|atk|1
|-unboost|p1b: Sneasler|atk|1
|-enditem|p1b: Sneasler|White Herb
|-clearnegativeboost|p1b: Sneasler|[silent]
|turn|7
|
|t:|1757124454
|move|p2b: Incineroar|Fake Out|p1b: Sneasler
|-damage|p1b: Sneasler|83/100
|move|p1a: Incineroar|Fake Out|p2a: Dragonite
|-damage|p2a: Dragonite|88/100
|cant|p1b: Sneasler|flinch
|cant|p2a: Dragonite|flinch
|
|upkeep
|turn|8
|
|t:|1757124467
|move|p2a: Dragonite|Protect|p2a: Dragonite
|-singleturn|p2a: Dragonite|Protect
|move|p1b: Sneasler|Close Combat|p2b: Incineroar
|-supereffective|p2b: Incineroar
|-damage|p2b: Incineroar|0 fnt
|-unboost|p1b: Sneasler|def|1
|-unboost|p1b: Sneasler|spd|1
|faint|p2b: Incineroar
|move|p1a: Incineroar|Parting Shot|p2a: Dragonite
|-activate|p2a: Dragonite|move: Protect
|
|upkeep
|
|t:|1757124472
|switch|p2b: Hydreigon|Hydreigon, L50, F, tera:Fire|70/100
|turn|9
|inactive|pcadaval has 30 seconds left.
|inactive|pcadaval has 20 seconds left.
|inactive|pcadaval has 15 seconds left.
|
|t:|1757124513
|switch|p1a: Gholdengo|Gholdengo, L50, tera:Fairy|16/100
|move|p1b: Sneasler|Protect|p1b: Sneasler
|-singleturn|p1b: Sneasler|Protect
|move|p2a: Dragonite|Extreme Speed|p1b: Sneasler
|-activate|p1b: Sneasler|move: Protect
|move|p2b: Hydreigon|Heat Wave|p1b: Sneasler|[spread] 
|-activate|p1b: Sneasler|move: Protect
|-miss|p2b: Hydreigon|p1a: Gholdengo
|
|-sideend|p2: chefbenboyrd|move: Tailwind
|upkeep
|turn|10
|inactive|pcadaval has 30 seconds left.
|inactive|pcadaval has 20 seconds left.
|inactive|pcadaval has 15 seconds left.
|inactive|pcadaval has 10 seconds left.
|
|t:|1757124560
|switch|p1a: Incineroar|Incineroar, L50, F|55/100
|-ability|p1a: Incineroar|Intimidate|boost
|-unboost|p2a: Dragonite|atk|1
|-unboost|p2b: Hydreigon|atk|1
|move|p1b: Sneasler|Close Combat|p2b: Hydreigon
|-damage|p2b: Hydreigon|5/100
|-unboost|p1b: Sneasler|def|1
|-unboost|p1b: Sneasler|spd|1
|move|p2b: Hydreigon|Heat Wave|p1a: Incineroar|[spread] p1a,p1b
|-resisted|p1a: Incineroar
|-damage|p1a: Incineroar|28/100
|-damage|p1b: Sneasler|0 fnt
|faint|p1b: Sneasler
|move|p2a: Dragonite|Scale Shot|p1a: Incineroar
|-damage|p1a: Incineroar|22/100
|-damage|p1a: Incineroar|17/100
|-damage|p1a: Incineroar|11/100
|-damage|p1a: Incineroar|5/100
|-damage|p1a: Incineroar|0 fnt
|faint|p1a: Incineroar
|-hitcount|p1: Incineroar|5
|-unboost|p2a: Dragonite|def|1
|-boost|p2a: Dragonite|spe|1
|
|upkeep
|
|t:|1757124562
|switch|p1b: Hydreigon|Hydreigon, L50, F|86/100
|switch|p1a: Gholdengo|Gholdengo, L50, tera:Fairy|16/100
|turn|11
|inactive|pcadaval has 30 seconds left.
|
|t:|1757124587
|move|p2a: Dragonite|Scale Shot|p1b: Hydreigon
|-supereffective|p1b: Hydreigon
|-damage|p1b: Hydreigon|70/100
|-supereffective|p1b: Hydreigon
|-damage|p1b: Hydreigon|56/100
|-supereffective|p1b: Hydreigon
|-damage|p1b: Hydreigon|39/100
|-supereffective|p1b: Hydreigon
|-damage|p1b: Hydreigon|23/100
|-supereffective|p1b: Hydreigon
|-damage|p1b: Hydreigon|5/100
|-hitcount|p1b: Hydreigon|5
|-unboost|p2a: Dragonite|def|1
|-boost|p2a: Dragonite|spe|1
|move|p1b: Hydreigon|Draco Meteor|p2a: Dragonite|[miss]
|-miss|p1b: Hydreigon|p2a: Dragonite
|move|p2b: Hydreigon|Heat Wave|p1a: Gholdengo|[spread] p1a,p1b
|-crit|p1a: Gholdengo
|-resisted|p1b: Hydreigon
|-damage|p1a: Gholdengo|0 fnt
|-damage|p1b: Hydreigon|0 fnt
|faint|p1a: Gholdengo
|faint|p1b: Hydreigon
|
|win|chefbenboyrd
||pcadaval is ready for game 3.
|inactive|chefbenboyrd has 30 seconds to confirm battle start!
|inactive|chefbenboyrd has 20 seconds to confirm battle start!
||chefbenboyrd is ready for game 3.
|uhtml|next|Next: Game 3 of 3
