|j|☆nocturnallynoct
|j|☆PokeMooney
|html|nocturnallynoctPokeMooney    
|uhtml|bestof|Game 2 of a best-of-3
|t:|1756156919
|gametype|doubles
|player|p1|nocturnallynoct|266|1146
|player|p2|PokeMooney|giovanni|1110
|gen|9
|tier|[Gen 9] VGC 2025 Reg H (Bo3)
|rated|
|rule|Species Clause: Limit one of each Pokémon
|rule|Item Clause: Limit 1 of each item
|clearpoke
|poke|p1|Sneasler, L50, M|
|poke|p1|Indeedee, L50, M|
|poke|p1|Tyranitar, L50, F|
|poke|p1|Ursaluna-Bloodmoon, L50, M|
|poke|p1|Electabuzz, L50, M|
|poke|p1|Talonflame, L50, F|
|poke|p2|Tyranitar, L50, M|
|poke|p2|Excadrill, L50, F|
|poke|p2|Kilowattrel, L50, F|
|poke|p2|Kommo-o, L50, F|
|poke|p2|Amoonguss, L50, F|
|poke|p2|Incineroar, L50, F|
|teampreview|4
|showteam|p1|Sneasler||PsychicSeed|Unburden|DireClaw,CloseCombat,ThroatChop,Protect|||M|||50|,,,,,Dark]Indeedee||FocusSash|PsychicSurge|ExpandingForce,TeraBlast,Protect,TrickRoom|||M|||50|,,,,,Fighting]Tyranitar||AssaultVest|SandStream|RockSlide,KnockOff,LowKick,TeraBlast|||F|||50|,,,,,Flying]Ursaluna-Bloodmoon||LifeOrb|MindsEye|BloodMoon,HyperVoice,EarthPower,Protect|||M|||50|,,,,,Normal]Electabuzz||Eviolite|VitalSpirit|Electroweb,FollowMe,Taunt,Protect|||M|||50|,,,,,Dragon]Talonflame||CovertCloak|GaleWings|DualWingbeat,FlareBlitz,Tailwind,WillOWisp|||F|||50|,,,,,Fairy
|showteam|p2|Tyranitar||AssaultVest|SandStream|RockSlide,KnockOff,TeraBlast,LowKick|||M|||50|,,,,,Flying]Excadrill||ClearAmulet|SandRush|Earthquake,RockSlide,IronHead,Protect|||F|||50|,,,,,Ground]Kilowattrel||FocusSash|Competitive|AirSlash,Thunderbolt,Tailwind,Protect|||F|||50|,,,,,Ghost]Kommo-o||ThroatSpray|Overcoat|ClangingScales,Flamethrower,ClangorousSoul,Protect|||F|||50|,,,,,Steel]Amoonguss||SitrusBerry|Regenerator|Spore,RagePowder,PollenPuff,Protect|||F|||50|,,,,,Water]Incineroar||SafetyGoggles|Intimidate|FakeOut,FlareBlitz,KnockOff,PartingShot|||F|||50|,,,,,Dragon
|inactive|Battle timer is ON: inactive players will automatically lose when time's up. (requested by nocturnallynoct)
|
|t:|1756156932
|teamsize|p1|4
|teamsize|p2|4
|start
|switch|p1a: Talonflame|Talonflame, L50, F|100/100
|switch|p1b: Ursaluna|Ursaluna-Bloodmoon, L50, M|100/100
|switch|p2a: Tyranitar|Tyranitar, L50, M|100/100
|switch|p2b: Excadrill|Excadrill, L50, F|100/100
|-weather|Sandstorm|[from] ability: Sand Stream|[of] p2a: Tyranitar
|turn|1
|inactive|nocturnallynoct has 30 seconds left.
|
|t:|1756156961
|-terastallize|p1a: Talonflame|Fairy
|move|p1b: Ursaluna|Protect|p1b: Ursaluna
|-singleturn|p1b: Ursaluna|Protect
|move|p1a: Talonflame|Tailwind|p1a: Talonflame
|-sidestart|p1: nocturnallynoct|move: Tailwind
|move|p2b: Excadrill|Rock Slide|p1b: Ursaluna|[spread] p1a
|-activate|p1b: Ursaluna|move: Protect
|-damage|p1a: Talonflame|69/100
|move|p2a: Tyranitar|Rock Slide|p1b: Ursaluna|[spread] p1a
|-activate|p1b: Ursaluna|move: Protect
|-damage|p1a: Talonflame|23/100
|
|-weather|Sandstorm|[upkeep]
|-damage|p1a: Talonflame|17/100|[from] Sandstorm
|upkeep
|turn|2
|inactive|PokeMooney has 30 seconds left.
|
|t:|1756156991
|switch|p2b: Incineroar|Incineroar, L50, F|100/100
|-ability|p2b: Incineroar|Intimidate|boost
|-unboost|p1a: Talonflame|atk|1
|-unboost|p1b: Ursaluna|atk|1
|-terastallize|p2a: Tyranitar|Flying
|move|p1a: Talonflame|Will-O-Wisp|p2a: Tyranitar|[miss]
|-miss|p1a: Talonflame|p2a: Tyranitar
|move|p1b: Ursaluna|Earth Power|p2b: Incineroar
|-supereffective|p2b: Incineroar
|-damage|p2b: Incineroar|0 fnt
|faint|p2b: Incineroar
|-damage|p1b: Ursaluna|90/100|[from] item: Life Orb
|move|p2a: Tyranitar|Knock Off|p1b: Ursaluna
|-damage|p1b: Ursaluna|48/100
|-enditem|p1b: Ursaluna|Life Orb|[from] move: Knock Off|[of] p2a: Tyranitar
|
|-weather|Sandstorm|[upkeep]
|-damage|p1a: Talonflame|11/100|[from] Sandstorm
|-damage|p2a: Tyranitar|95/100|[from] Sandstorm
|upkeep
|
|t:|1756157012
|switch|p2b: Excadrill|Excadrill, L50, F|100/100
|turn|3
|inactive|nocturnallynoct has 30 seconds left.
|
|t:|1756157046
|move|p1a: Talonflame|Will-O-Wisp|p2b: Excadrill|[miss]
|-miss|p1a: Talonflame|p2b: Excadrill
|move|p2b: Excadrill|Rock Slide|p1a: Talonflame|[spread] p1a,p1b
|-crit|p1a: Talonflame
|-resisted|p1b: Ursaluna
|-damage|p1a: Talonflame|0 fnt
|-damage|p1b: Ursaluna|39/100
|faint|p1a: Talonflame
|cant|p1b: Ursaluna|flinch
|move|p2a: Tyranitar|Low Kick|p1b: Ursaluna
|-supereffective|p1b: Ursaluna
|-damage|p1b: Ursaluna|0 fnt
|faint|p1b: Ursaluna
|
|-weather|Sandstorm|[upkeep]
|-damage|p2a: Tyranitar|89/100|[from] Sandstorm
|upkeep
|
|t:|1756157062
|switch|p1a: Sneasler|Sneasler, L50, M|100/100
|switch|p1b: Indeedee|Indeedee, L50, M|100/100
|-fieldstart|move: Psychic Terrain|[from] ability: Psychic Surge|[of] p1b: Indeedee
|-enditem|p1a: Sneasler|Psychic Seed
|-boost|p1a: Sneasler|spd|1|[from] item: Psychic Seed
|turn|4
|
|t:|1756157080
|switch|p2a: Amoonguss|Amoonguss, L50, F|100/100
|move|p2b: Excadrill|Protect|p2b: Excadrill
|-singleturn|p2b: Excadrill|Protect
|move|p1a: Sneasler|Dire Claw|p2a: Amoonguss
|-damage|p2a: Amoonguss|65/100
|-status|p2a: Amoonguss|par
|move|p1b: Indeedee|Expanding Force|p2a: Amoonguss|[spread] p2a
|-activate|p2b: Excadrill|move: Protect
|-supereffective|p2a: Amoonguss
|-damage|p2a: Amoonguss|0 fnt
|faint|p2a: Amoonguss
|
|-weather|Sandstorm|[upkeep]
|-damage|p1a: Sneasler|95/100|[from] Sandstorm
|-damage|p1b: Indeedee|95/100|[from] Sandstorm
|-sideend|p1: nocturnallynoct|move: Tailwind
|upkeep
|
|t:|1756157097
|switch|p2a: Tyranitar|Tyranitar, L50, M, tera:Flying|89/100
|turn|5
|
|t:|1756157116
|move|p1a: Sneasler|Protect|p1a: Sneasler
|-singleturn|p1a: Sneasler|Protect
|move|p1b: Indeedee|Protect|p1b: Indeedee
|-singleturn|p1b: Indeedee|Protect
|move|p2b: Excadrill|Earthquake|p1b: Indeedee|[spread] 
|-activate|p1a: Sneasler|move: Protect
|-activate|p1b: Indeedee|move: Protect
|-immune|p2a: Tyranitar
|move|p2a: Tyranitar|Knock Off|p1b: Indeedee
|-activate|p1b: Indeedee|move: Protect
|
|-weather|none
|upkeep
|turn|6
|
|t:|1756157138
|move|p2b: Excadrill|Protect|p2b: Excadrill
|-singleturn|p2b: Excadrill|Protect
|move|p1a: Sneasler|Close Combat|p2b: Excadrill
|-activate|p2b: Excadrill|move: Protect
|move|p1b: Indeedee|Expanding Force|p2b: Excadrill|[spread] p2a
|-activate|p2b: Excadrill|move: Protect
|-crit|p2a: Tyranitar
|-damage|p2a: Tyranitar|41/100
|move|p2a: Tyranitar|Knock Off|p1b: Indeedee
|-supereffective|p1b: Indeedee
|-damage|p1b: Indeedee|0 fnt
|-enditem|p1b: Indeedee|Focus Sash|[from] move: Knock Off|[of] p2a: Tyranitar
|faint|p1b: Indeedee
|
|upkeep
|turn|7
|
|t:|1756157159
|move|p1a: Sneasler|Close Combat|p2b: Excadrill
|-supereffective|p2b: Excadrill
|-damage|p2b: Excadrill|0 fnt
|-unboost|p1a: Sneasler|def|1
|-unboost|p1a: Sneasler|spd|1
|faint|p2b: Excadrill
|move|p2a: Tyranitar|Tera Blast|p1a: Sneasler|[anim] Tera Blast Flying
|-supereffective|p1a: Sneasler
|-damage|p1a: Sneasler|0 fnt
|faint|p1a: Sneasler
|
|win|PokeMooney
||nocturnallynoct is ready for game 3.
||PokeMooney is ready for game 3.
|uhtml|next|Next: Game 3 of 3
|l|☆PokeMooney
|player|p2|
