|j|☆mikelpoyarzabal
|j|☆MetalBlackKnight
|html|mikelpoyarzabalMetalBlackKnight    
|uhtml|bestof|Game 2 of a best-of-3
|t:|1785341069
|gametype|doubles
|player|p1|mikelpoyarzabal|arven-s|1312
|player|p2|MetalBlackKnight|cynthia|1284
|gen|9
|tier|[Gen 9 Champions] VGC 2026 Reg M-B (Bo3)
|rated|
|rule|Species Clause: Limit one of each Pokémon
|rule|Item Clause: Limit 1 of each item
|clearpoke
|poke|p1|Gengar, L50, M|
|poke|p1|Swampert, L50, F|
|poke|p1|Incineroar, L50, M|
|poke|p1|Politoed, L50, M|
|poke|p1|Archaludon, L50, F|
|poke|p1|Vivillon, L50, M|
|poke|p2|Charizard, L50, M|
|poke|p2|Whimsicott, L50, F|
|poke|p2|Garchomp, L50, M|
|poke|p2|Basculegion, L50, M|
|poke|p2|Incineroar, L50, M|
|poke|p2|Mamoswine, L50, M|
|teampreview|4
|showteam|p1|Gengar||Gengarite|CursedBody|ShadowBall,SludgeBomb,Protect,PerishSong|Timid||M|||50|]Swampert||Swampertite|Torrent|WaveCrash,Earthquake,IcePunch,Protect|Adamant||F|||50|]Incineroar||PasshoBerry|Intimidate|ThroatChop,PartingShot,FakeOut,Protect|Sassy||M|||50|]Politoed||SitrusBerry|Drizzle|WeatherBall,PerishSong,Encore,Protect|Calm||M|||50|]Archaludon||Leftovers|Stamina|DragonPulse,FlashCannon,ElectroShot,Protect|Bold||F|||50|]Vivillon||FocusSash|CompoundEyes|Hurricane,SleepPowder,RagePowder,Protect|Timid||M|||50|
|showteam|p2|Charizard||CharizarditeY|Blaze|WeatherBall,HeatWave,SolarBeam,Protect|Modest||M|||50|]Whimsicott||CobaBerry|Prankster|Tailwind,Encore,Moonblast,Protect|Timid||F|||50|]Garchomp||LifeOrb|RoughSkin|Earthquake,DragonClaw,RockTomb,Protect|Jolly||M|||50|]Basculegion||ChoiceScarf|Adaptability|WaveCrash,LastRespects,FlipTurn,AquaJet|Jolly||M|||50|]Incineroar||SitrusBerry|Intimidate|FakeOut,FlareBlitz,DarkestLariat,PartingShot|Impish||M|||50|]Mamoswine||FocusSash|Oblivious|Earthquake,IcicleCrash,IceShard,Protect|Jolly||M|||50|
|inactive|Battle timer is ON: inactive players will automatically lose when time's up. (requested by MetalBlackKnight)
|inactive|mikelpoyarzabal also wants the timer to be on.
|inactive|MetalBlackKnight has 60 seconds left.
|inactive|MetalBlackKnight has 30 seconds left.
|
|t:|1785341136
|teamsize|p1|4
|teamsize|p2|4
|start
|switch|p1a: Incineroar|Incineroar, L50, M|100/100
|switch|p1b: Gengar|Gengar, L50, M|100/100
|switch|p2a: Whimsicott|Whimsicott, L50, F|100/100
|switch|p2b: Mamoswine|Mamoswine, L50, M|100/100
|-ability|p1a: Incineroar|Intimidate|boost
|-unboost|p2a: Whimsicott|atk|1
|-fail|p2b: Mamoswine|unboost|Attack|[from] ability: Oblivious|[of] p2b: Mamoswine
|turn|1
|inactive|MetalBlackKnight has 30 seconds left.
|inactive|MetalBlackKnight has 20 seconds left.
|inactive|MetalBlackKnight has 15 seconds left.
|inactive|MetalBlackKnight has 10 seconds left.
|inactive|MetalBlackKnight has 5 seconds left.
|
|t:|1785341188
|detailschange|p1b: Gengar|Gengar-Mega, L50, M
|-mega|p1b: Gengar|Gengar|Gengarite
|move|p1a: Incineroar|Fake Out|p2b: Mamoswine
|-damage|p2b: Mamoswine|87/100
|move|p2a: Whimsicott|Tailwind|p2a: Whimsicott
|-sidestart|p2: MetalBlackKnight|move: Tailwind
|cant|p2b: Mamoswine|flinch
|move|p1b: Gengar|Perish Song|p1b: Gengar
|-start|p1a: Incineroar|perish3|[silent]
|-start|p1b: Gengar|perish3|[silent]
|-start|p2a: Whimsicott|perish3|[silent]
|-start|p2b: Mamoswine|perish3|[silent]
|-fieldactivate|move: Perish Song
|
|-start|p2a: Whimsicott|perish3
|-start|p2b: Mamoswine|perish3
|-start|p1b: Gengar|perish3
|-start|p1a: Incineroar|perish3
|upkeep
|turn|2
|
|t:|1785341195
|move|p1b: Gengar|Protect|p1b: Gengar
|-singleturn|p1b: Gengar|Protect
|move|p1a: Incineroar|Protect|p1a: Incineroar
|-singleturn|p1a: Incineroar|Protect
|move|p2a: Whimsicott|Moonblast|p1a: Incineroar
|-activate|p1a: Incineroar|move: Protect
|move|p2b: Mamoswine|Earthquake|p1b: Gengar|[spread] p2a
|-activate|p1a: Incineroar|move: Protect
|-activate|p1b: Gengar|move: Protect
|-resisted|p2a: Whimsicott|1
|-damage|p2a: Whimsicott|71/100
|
|-start|p2a: Whimsicott|perish2
|-start|p2b: Mamoswine|perish2
|-start|p1b: Gengar|perish2
|-start|p1a: Incineroar|perish2
|upkeep
|turn|3
|
|t:|1785341213
|switch|p1b: Politoed|Politoed, L50, M|100/100
|-weather|RainDance|[from] ability: Drizzle|[of] p1b: Politoed
|move|p2a: Whimsicott|Moonblast|p1a: Incineroar
|-damage|p1a: Incineroar|74/100
|-unboost|p1a: Incineroar|spa|1
|move|p2b: Mamoswine|Earthquake|p1a: Incineroar|[spread] p2a,p1a,p1b
|-resisted|p2a: Whimsicott|1
|-supereffective|p1a: Incineroar|1
|-damage|p2a: Whimsicott|40/100
|-damage|p1a: Incineroar|5/100
|-damage|p1b: Politoed|66/100
|move|p1a: Incineroar|Parting Shot|p1b: Politoed
|-unboost|p1b: Politoed|atk|1
|-unboost|p1b: Politoed|spa|1
|
|t:|1785341223
|switch|p1a: Gengar|Gengar-Mega, L50, M|100/100|[from] Parting Shot
|
|-weather|RainDance|[upkeep]
|-start|p2a: Whimsicott|perish1
|-start|p2b: Mamoswine|perish1
|upkeep
|turn|4
|
|t:|1785341233
|move|p1a: Gengar|Protect|p1a: Gengar
|-singleturn|p1a: Gengar|Protect
|move|p1b: Politoed|Protect|p1b: Politoed
|-singleturn|p1b: Politoed|Protect
|move|p2a: Whimsicott|Moonblast|p1b: Politoed
|-activate|p1b: Politoed|move: Protect
|move|p2b: Mamoswine|Earthquake|p1a: Gengar|[spread] p2a
|-activate|p1a: Gengar|move: Protect
|-activate|p1b: Politoed|move: Protect
|-resisted|p2a: Whimsicott|1
|-damage|p2a: Whimsicott|10/100
|
|-weather|RainDance|[upkeep]
|-start|p2a: Whimsicott|perish0
|-start|p2b: Mamoswine|perish0
|-sideend|p2: MetalBlackKnight|move: Tailwind
|faint|p2a: Whimsicott
|faint|p2b: Mamoswine
|upkeep
|
|t:|1785341235
|switch|p2a: Charizard|Charizard, L50, M|100/100
|switch|p2b: Basculegion|Basculegion, L50, M|100/100
|turn|5
|
|t:|1785341257
|switch|p1a: Incineroar|Incineroar, L50, M|5/100
|-ability|p1a: Incineroar|Intimidate|boost
|-unboost|p2a: Charizard|atk|1
|-unboost|p2b: Basculegion|atk|1
|switch|p1b: Archaludon|Archaludon, L50, F|100/100
|detailschange|p2a: Charizard|Charizard-Mega-Y, L50, M
|-mega|p2a: Charizard|Charizard|Charizardite Y
|-weather|SunnyDay|[from] ability: Drought|[of] p2a: Charizard
|move|p2b: Basculegion|Last Respects|p1a: Incineroar
|-resisted|p1a: Incineroar|1
|-damage|p1a: Incineroar|0 fnt
|faint|p1a: Incineroar
|move|p2a: Charizard|Heat Wave|p1b: Archaludon
|-damage|p1b: Archaludon|18/100
|-ability|p1b: Archaludon|Stamina|boost
|-boost|p1b: Archaludon|def|1
|
|-weather|SunnyDay|[upkeep]
|-heal|p1b: Archaludon|24/100|[from] item: Leftovers
|upkeep
|
|t:|1785341275
|switch|p1a: Politoed|Politoed, L50, M|66/100
|-weather|RainDance|[from] ability: Drizzle|[of] p1a: Politoed
|turn|6
|inactive|MetalBlackKnight has 30 seconds left.
|inactive|MetalBlackKnight has 20 seconds left.
|
|t:|1785341312
|move|p2b: Basculegion|Last Respects|p1b: Archaludon
|-damage|p1b: Archaludon|0 fnt
|faint|p1b: Archaludon
|move|p2a: Charizard|Heat Wave|p1a: Politoed
|-resisted|p1a: Politoed|1
|-damage|p1a: Politoed|56/100
|-status|p1a: Politoed|brn
|move|p1a: Politoed|Perish Song|p1a: Politoed
|-start|p1a: Politoed|perish3|[silent]
|-start|p2a: Charizard|perish3|[silent]
|-start|p2b: Basculegion|perish3|[silent]
|-fieldactivate|move: Perish Song
|
|-weather|RainDance|[upkeep]
|-damage|p1a: Politoed|50/100g brn|[from] brn
|-start|p2b: Basculegion|perish3
|-start|p2a: Charizard|perish3
|-start|p1a: Politoed|perish3
|upkeep
|
|t:|1785341318
|switch|p1b: Gengar|Gengar-Mega, L50, M|100/100
|turn|7
|
|t:|1785341325
|move|p1b: Gengar|Protect|p1b: Gengar
|-singleturn|p1b: Gengar|Protect
|move|p1a: Politoed|Protect|p1a: Politoed
|-singleturn|p1a: Politoed|Protect
|move|p2b: Basculegion|Last Respects|p1a: Politoed
|-activate|p1a: Politoed|move: Protect
|move|p2a: Charizard|Weather Ball|p1a: Politoed
|-activate|p1a: Politoed|move: Protect
|
|-weather|RainDance|[upkeep]
|-damage|p1a: Politoed|44/100 brn|[from] brn
|-start|p2b: Basculegion|perish2
|-start|p2a: Charizard|perish2
|-start|p1a: Politoed|perish2
|upkeep
|-enditem|p1a: Politoed|Sitrus Berry|[eat]
|-heal|p1a: Politoed|69/100 brn|[from] item: Sitrus Berry
|turn|8
|
|t:|1785341336
|move|p2b: Basculegion|Last Respects|p1b: Gengar
|-supereffective|p1b: Gengar|1
|-damage|p1b: Gengar|0 fnt
|faint|p1b: Gengar
|move|p2a: Charizard|Weather Ball|p1a: Politoed
|-resisted|p1a: Politoed|1
|-damage|p1a: Politoed|48/100 brn
|move|p1a: Politoed|Weather Ball|p2a: Charizard
|-supereffective|p2a: Charizard|1
|-damage|p2a: Charizard|12/100
|
|-weather|RainDance|[upkeep]
|-damage|p1a: Politoed|42/100 brn|[from] brn
|-start|p2b: Basculegion|perish1
|-start|p2a: Charizard|perish1
|-start|p1a: Politoed|perish1
|upkeep
|turn|9
|
|t:|1785341348
|move|p1a: Politoed|Protect|p1a: Politoed
|-singleturn|p1a: Politoed|Protect
|move|p2b: Basculegion|Last Respects|p2a: Charizard
|-damage|p2a: Charizard|0 fnt
|faint|p2a: Charizard
|
|-weather|RainDance|[upkeep]
|-damage|p1a: Politoed|36/100 brn|[from] brn
|-start|p2b: Basculegion|perish0
|-start|p1a: Politoed|perish0
|faint|p2b: Basculegion
|faint|p1a: Politoed
|
|win|mikelpoyarzabal
|raw|mikelpoyarzabal's rating: 1312 → 1330(+18 for winning)
|raw|MetalBlackKnight's rating: 1284 → 1261(-23 for losing)
|l|☆MetalBlackKnight
|player|p2|
