|j|☆SOADVGC
|j|☆viatles
|html|SOADVGCviatles    
|uhtml|bestof|Game 2 of a best-of-3
|t:|1756192853
|gametype|doubles
|player|p1|SOADVGC|roxie|1179
|player|p2|viatles|hiker|1043
|gen|9
|tier|[Gen 9] VGC 2025 Reg H (Bo3)
|rated|
|rule|Species Clause: Limit one of each Pokémon
|rule|Item Clause: Limit 1 of each item
|clearpoke
|poke|p1|Dragonite, L50, F|
|poke|p1|Whimsicott, L50, M|
|poke|p1|Volcarona, L50, M|
|poke|p1|Sneasler, L50, F|
|poke|p1|Kingambit, L50, M|
|poke|p1|Annihilape, L50, M|
|poke|p2|Oricorio-Sensu, L50, F|
|poke|p2|Volcarona, L50, F|
|poke|p2|Sylveon, L50, M|
|poke|p2|Murkrow, L50, F|
|poke|p2|Dragapult, L50, F|
|poke|p2|Baxcalibur, L50, F|
|teampreview|4
|showteam|p1|Dragonite||LoadedDice|Multiscale|ScaleShot,TeraBlast,ExtremeSpeed,Protect|||F|||50|,,,,,Flying]Whimsicott||FocusSash|Prankster|Moonblast,Tailwind,BeatUp,Protect|||M|||50|,,,,,Ghost]Volcarona||CovertCloak|FlameBody|HeatWave,TeraBlast,QuiverDance,Protect|||M|||50|,,,,,Fairy]Sneasler||WhiteHerb|Unburden|FakeOut,DireClaw,CloseCombat,Protect|||F|||50|,,,,,Stellar]Kingambit||BlackGlasses|Defiant|SuckerPunch,KowtowCleave,LowKick,Protect|||M|||50|,,,,,Dark]Annihilape||SafetyGoggles|Defiant|CloseCombat,RageFist,FinalGambit,Protect|||M|||50|,,,,,Water
|showteam|p2|Oricorio-Sensu||FocusSash|Dancer|QuiverDance,BatonPass,RevelationDance,Protect|||F|||50|,,,,,Fighting]Volcarona||SitrusBerry|FlameBody|QuiverDance,GigaDrain,FieryDance,Protect|||F|||50|,,,,,Grass]Sylveon||ChoiceScarf|Pixilate|HyperVoice,TeraBlast,StoredPower,SleepTalk|||M|||50|,,,,,Ground]Murkrow||Eviolite|Prankster|Tailwind,FoulPlay,Haze,FeatherDance|||F|||50|,,,,,Dark]Dragapult||CovertCloak|ClearBody|DragonCheer,DragonDarts,Protect,PhantomForce|||F|||50|,,,,,Stellar]Baxcalibur||LoadedDice|ThermalExchange|IcicleSpear,ScaleShot,GlaiveRush,Protect|||F|||50|,,,,,Grass
|inactive|Battle timer is ON: inactive players will automatically lose when time's up. (requested by SOADVGC)
|
|t:|1756192868
|teamsize|p1|4
|teamsize|p2|4
|start
|switch|p1a: Whimsicott|Whimsicott, L50, M|100/100
|switch|p1b: Dragonite|Dragonite, L50, F|100/100
|switch|p2a: Dragapult|Dragapult, L50, F|100/100
|switch|p2b: Murkrow|Murkrow, L50, F|100/100
|turn|1
|
|t:|1756192882
|-terastallize|p1b: Dragonite|Flying
|move|p1a: Whimsicott|Tailwind|p1a: Whimsicott
|-sidestart|p1: SOADVGC|move: Tailwind
|move|p2b: Murkrow|Tailwind|p2b: Murkrow
|-sidestart|p2: viatles|move: Tailwind
|move|p2a: Dragapult|Dragon Darts|p1b: Dragonite
|-damage|p1b: Dragonite|86/100
|-anim|p2a: Dragapult|Dragon Darts|p1b: Dragonite
|-damage|p1b: Dragonite|59/100
|move|p1b: Dragonite|Scale Shot|p2a: Dragapult|[miss]
|-miss|p1b: Dragonite|p2a: Dragapult
|
|upkeep
|turn|2
|
|t:|1756192902
|switch|p1a: Kingambit|Kingambit, L50, M|100/100
|move|p2b: Murkrow|Feather Dance|p1b: Dragonite
|-unboost|p1b: Dragonite|atk|2
|move|p2a: Dragapult|Phantom Force||[still]
|-prepare|p2a: Dragapult|Phantom Force
|move|p1b: Dragonite|Scale Shot|p2a: Dragapult|[miss]
|-miss|p1b: Dragonite|p2a: Dragapult
|
|upkeep
|turn|3
|
|t:|1756192920
|switch|p1b: Whimsicott|Whimsicott, L50, M|100/100
|switch|p2b: Volcarona|Volcarona, L50, F|100/100
|move|p2a: Dragapult|Phantom Force|p1b: Whimsicott|[from] lockedmove
|-damage|p1b: Whimsicott|29/100
|move|p1a: Kingambit|Kowtow Cleave|p2a: Dragapult
|-supereffective|p2a: Dragapult
|-damage|p2a: Dragapult|0 fnt
|faint|p2a: Dragapult
|
|upkeep
|
|t:|1756192936
|switch|p2a: Murkrow|Murkrow, L50, F|100/100
|turn|4
|
|t:|1756192944
|move|p1b: Whimsicott|Moonblast|p2a: Murkrow
|-supereffective|p2a: Murkrow
|-damage|p2a: Murkrow|6/100
|move|p2b: Volcarona|Quiver Dance|p2b: Volcarona
|-boost|p2b: Volcarona|spa|1
|-boost|p2b: Volcarona|spd|1
|-boost|p2b: Volcarona|spe|1
|move|p2a: Murkrow|Foul Play|p1a: Kingambit
|-resisted|p1a: Kingambit
|-damage|p1a: Kingambit|79/100
|move|p1a: Kingambit|Kowtow Cleave|p2b: Volcarona
|-damage|p2b: Volcarona|32/100
|-enditem|p2b: Volcarona|Sitrus Berry|[eat]
|-heal|p2b: Volcarona|57/100|[from] item: Sitrus Berry
|
|-sideend|p1: SOADVGC|move: Tailwind
|-sideend|p2: viatles|move: Tailwind
|upkeep
|turn|5
|
|t:|1756192963
|move|p1b: Whimsicott|Tailwind|p1b: Whimsicott
|-sidestart|p1: SOADVGC|move: Tailwind
|move|p1a: Kingambit|Sucker Punch|p2b: Volcarona
|-damage|p2b: Volcarona|0 fnt
|-status|p1a: Kingambit|brn|[from] ability: Flame Body|[of] p2b: Volcarona
|faint|p2b: Volcarona
|move|p2a: Murkrow|Tailwind|p2a: Murkrow
|-sidestart|p2: viatles|move: Tailwind
|
|-damage|p1a: Kingambit|73/100 brn|[from] brn
|upkeep
|
|t:|1756192973
|switch|p2b: Sylveon|Sylveon, L50, M|100/100
|turn|6
|
|t:|1756192994
|move|p1a: Kingambit|Sucker Punch|p2a: Murkrow
|-resisted|p2a: Murkrow
|-damage|p2a: Murkrow|0 fnt
|faint|p2a: Murkrow
|move|p2b: Sylveon|Hyper Voice|p1b: Whimsicott|[spread] p1a,p1b
|-damage|p1a: Kingambit|29/100 brn
|-damage|p1b: Whimsicott|0 fnt
|faint|p1b: Whimsicott
|
|-damage|p1a: Kingambit|23/100 brn|[from] brn
|upkeep
|
|t:|1756193002
|switch|p1b: Dragonite|Dragonite, L50, F, tera:Flying|59/100
|turn|7
|
|t:|1756193005
|move|p1a: Kingambit|Sucker Punch|p2b: Sylveon
|-resisted|p2b: Sylveon
|-damage|p2b: Sylveon|84/100
|move|p2b: Sylveon|Hyper Voice|p1b: Dragonite|[spread] p1a,p1b
|-damage|p1a: Kingambit|0 fnt
|-damage|p1b: Dragonite|17/100
|faint|p1a: Kingambit
|move|p1b: Dragonite|Tera Blast|p2b: Sylveon|[anim] Tera Blast Flying
|-damage|p2b: Sylveon|0 fnt
|faint|p2b: Sylveon
|
|win|SOADVGC
|raw|SOADVGC's rating: 1179 → 1195(+16 for winning)
|raw|viatles's rating: 1043 → 1033(-10 for losing)
|c|☆viatles|ggs
