|j|☆VanillaPuddingCake
|j|☆YoungSwagon
|html|VanillaPuddingCakeYoungSwagon    
|uhtml|bestof|Game 2 of a best-of-3
|t:|1782670727
|gametype|doubles
|player|p1|VanillaPuddingCake|169|1000
|player|p2|YoungSwagon|veteran|1022
|gen|9
|tier|[Gen 9 Champions] VGC 2026 Reg M-B (Bo3)
|rated|
|rule|Species Clause: Limit one of each Pokémon
|rule|Item Clause: Limit 1 of each item
|clearpoke
|poke|p1|Scizor, L50, F|
|poke|p1|Dragonite, L50, M|
|poke|p1|Ninetales-Alola, L50, M|
|poke|p1|Scrafty, L50, M|
|poke|p1|Ceruledge, L50, F|
|poke|p1|Sinistcha-Masterpiece, L50|
|poke|p2|Chandelure, L50, M|
|poke|p2|Maushold, L50|
|poke|p2|Meowscarada, L50, M|
|poke|p2|Araquanid, L50, M|
|poke|p2|Eelektross, L50, M|
|poke|p2|Basculegion, L50, M|
|teampreview|4
|showteam|p1|Scizor||WhiteHerb|Technician|BulletPunch,BugBite,Protect,Trailblaze|Serious||F|||50|]Dragonite||Dragoninite|InnerFocus|Thunderbolt,DragonPulse,ExtremeSpeed,Tailwind|Modest||M|||50|]Ninetales-Alola||FocusSash|SnowWarning|Blizzard,AuroraVeil,Moonblast,Protect|Timid||M|||50|]Scrafty||Scraftinite|Intimidate|KnockOff,LowKick,FakeOut,RockTomb|Brave||M|||50|]Ceruledge||ColburBerry|FlashFire|BitterBlade,ShadowSneak,BulkUp,Protect|Adamant||F|||50|]Sinistcha-Masterpiece||KasibBerry|Hospitality|MatchaGotcha,RagePowder,LifeDew,TrickRoom|Bold|||||50|
|showteam|p2|Chandelure||Chandelurite|FlashFire|HeatWave,ShadowBall,Protect,EnergyBall|Timid||M|||50|]Maushold||FocusSash|FriendGuard|Feint,TidyUp,PopulationBomb,Taunt|Jolly|||||50|]Meowscarada||BrightPowder|Protean|Uturn,KnockOff,FlowerTrick,SuckerPunch|Jolly||M|||50|]Araquanid||MysticWater|WaterBubble|StickyWeb,Liquidation,XScissor,Protect|Careful||M|||50|]Eelektross||Eelektrossite|Levitate|Discharge,Flamethrower,FlashCannon,Protect|Modest||M|||50|]Basculegion||ChoiceScarf|Adaptability|LastRespects,AquaJet,WaveCrash,FlipTurn|Jolly||M|||50|
|inactive|Battle timer is ON: inactive players will automatically lose when time's up. (requested by YoungSwagon)
|inactive|VanillaPuddingCake has 60 seconds left.
|
|t:|1782670794
|teamsize|p1|4
|teamsize|p2|4
|start
|switch|p1a: Scrafty|Scrafty, L50, M|100/100
|switch|p1b: Scizor|Scizor, L50, F|100/100
|switch|p2a: Eelektross|Eelektross, L50, M|100/100
|switch|p2b: Maushold|Maushold, L50|100/100
|-ability|p1a: Scrafty|Intimidate|boost
|-unboost|p2a: Eelektross|atk|1
|-unboost|p2b: Maushold|atk|1
|turn|1
|inactive|VanillaPuddingCake has 30 seconds left.
|
|t:|1782670826
|detailschange|p2a: Eelektross|Eelektross-Mega, L50, M
|-mega|p2a: Eelektross|Eelektross|Eelektrossite
|detailschange|p1a: Scrafty|Scrafty-Mega, L50, M
|-mega|p1a: Scrafty|Scrafty|Scraftinite
|-ability|p1a: Scrafty|Intimidate|boost
|-unboost|p2a: Eelektross|atk|1
|-unboost|p2b: Maushold|atk|1
|move|p1b: Scizor|Protect|p1b: Scizor
|-singleturn|p1b: Scizor|Protect
|move|p1a: Scrafty|Fake Out|p2a: Eelektross
|-damage|p2a: Eelektross|84/100
|move|p2b: Maushold|Feint|p1b: Scizor
|-activate|p1b: Scizor|move: Feint
|-resisted|p1b: Scizor|1
|-damage|p1b: Scizor|97/100
|cant|p2a: Eelektross|flinch
|
|upkeep
|turn|2
|c|☆YoungSwagon|uh
|inactive|VanillaPuddingCake has 30 seconds left.
|inactive|YoungSwagon has 30 seconds left.
|inactive|VanillaPuddingCake has 20 seconds left.
|inactive|VanillaPuddingCake has 15 seconds left.
|inactive|VanillaPuddingCake has 10 seconds left.
|
|t:|1782670875
|move|p1b: Scizor|Bullet Punch|p2b: Maushold
|-damage|p2b: Maushold|46/100
|move|p2b: Maushold|Taunt|p1b: Scizor
|-start|p1b: Scizor|move: Taunt
|move|p2a: Eelektross|Flamethrower|p1a: Scrafty
|-damage|p1a: Scrafty|69/100
|move|p1a: Scrafty|Knock Off|p2b: Maushold
|-damage|p2b: Maushold|0 fnt
|-enditem|p2b: Maushold|Focus Sash|[from] move: Knock Off|[of] p1a: Scrafty
|faint|p2b: Maushold
|
|upkeep
|
|t:|1782670886
|switch|p2b: Basculegion|Basculegion, L50, M|100/100
|turn|3
|
|t:|1782670906
|switch|p1a: Sinistcha|Sinistcha-Masterpiece, L50|100/100
|-heal|p1b: Scizor|100/100|[from] ability: Hospitality|[of] p1a: Sinistcha
|move|p2b: Basculegion|Flip Turn|p1a: Sinistcha
|-resisted|p1a: Sinistcha|1
|-damage|p1a: Sinistcha|84/100
|
|t:|1782670913
|switch|p2b: Meowscarada|Meowscarada, L50, M|100/100|[from] Flip Turn
|move|p2a: Eelektross|Flamethrower|p1b: Scizor
|-supereffective|p1b: Scizor|2
|-damage|p1b: Scizor|0 fnt
|faint|p1b: Scizor
|-ability|p2a: Eelektross|Eelevate|boost
|-boost|p2a: Eelektross|spa|1
|
|upkeep
|
|t:|1782670935
|switch|p1b: Scrafty|Scrafty-Mega, L50, M|69/100
|-ability|p1b: Scrafty|Intimidate|boost
|-unboost|p2a: Eelektross|atk|1
|-unboost|p2b: Meowscarada|atk|1
|turn|4
|inactive|VanillaPuddingCake has 30 seconds left.
|
|t:|1782670966
|switch|p1a: Ceruledge|Ceruledge, L50, F|100/100
|move|p1b: Scrafty|Fake Out|p2b: Meowscarada
|-damage|p2b: Meowscarada|77/100
|cant|p2b: Meowscarada|flinch
|move|p2a: Eelektross|Discharge|p1a: Ceruledge|[spread] p2b,p1a,p1b
|-resisted|p2b: Meowscarada|1
|-crit|p1a: Ceruledge
|-damage|p2b: Meowscarada|37/100
|-damage|p1a: Ceruledge|14/100
|-damage|p1b: Scrafty|29/100
|-status|p2b: Meowscarada|par
|-status|p1b: Scrafty|par
|
|upkeep
|turn|5
|inactive|VanillaPuddingCake has 30 seconds left.
|inactive|VanillaPuddingCake has 20 seconds left.
|inactive|VanillaPuddingCake has 15 seconds left.
|inactive|VanillaPuddingCake has 10 seconds left.
|inactive|VanillaPuddingCake has 5 seconds left.
|
|t:|1782671017
|move|p2a: Eelektross|Discharge|p1a: Ceruledge|[spread] p2b,p1a,p1b
|-resisted|p2b: Meowscarada|1
|-damage|p2b: Meowscarada|0 fnt
|-damage|p1a: Ceruledge|0 fnt
|-damage|p1b: Scrafty|0 fnt
|faint|p2b: Meowscarada
|faint|p1a: Ceruledge
|faint|p1b: Scrafty
|-ability|p2a: Eelektross|Eelevate|boost
|-boost|p2a: Eelektross|spa|3
|
|upkeep
|
|t:|1782671030
|switch|p2b: Basculegion|Basculegion, L50, M|100/100
|switch|p1b: Sinistcha|Sinistcha-Masterpiece, L50|84/100
|turn|6
|
|t:|1782671040
|move|p2b: Basculegion|Last Respects|p1b: Sinistcha
|-supereffective|p1b: Sinistcha|1
|-enditem|p1b: Sinistcha|Kasib Berry|[eat]
|-enditem|p1b: Sinistcha|Kasib Berry|[weaken]
|-damage|p1b: Sinistcha|8/100
|move|p2a: Eelektross|Flamethrower|p1b: Sinistcha
|-supereffective|p1b: Sinistcha|1
|-damage|p1b: Sinistcha|0 fnt
|faint|p1b: Sinistcha
|
|win|YoungSwagon
|raw|VanillaPuddingCake's rating: 1000 → 1000(+0 for losing)
|raw|YoungSwagon's rating: 1022 → 1056(+34 for winning)
|l|☆VanillaPuddingCake
|player|p1|
