|j|☆0rion1798
|j|☆Awesome Person III
|html|0rion1798Awesome Person III    
|uhtml|bestof|Game 3 of a best-of-3
|t:|1754624697
|gametype|doubles
|player|p1|0rion1798|sabrina-gen3|1185
|player|p2|Awesome Person III|fisherman-gen4|1275
|gen|9
|tier|[Gen 9] VGC 2025 Reg H (Bo3)
|rated|
|rule|Species Clause: Limit one of each Pokémon
|rule|Item Clause: Limit 1 of each item
|clearpoke
|poke|p1|Pelipper, L50, M|
|poke|p1|Archaludon, L50, F|
|poke|p1|Amoonguss, L50, F|
|poke|p1|Basculegion, L50, M|
|poke|p1|Kingambit, L50, F|
|poke|p1|Sneasler, L50, M|
|poke|p2|Electabuzz, L50, M|
|poke|p2|Kommo-o, L50, M|
|poke|p2|Rillaboom, L50, M|
|poke|p2|Sneasler, L50, F|
|poke|p2|Dondozo, L50, M|
|poke|p2|Gholdengo, L50|
|teampreview|4
|showteam|p1|Pelipper||CovertCloak|Drizzle|WeatherBall,Hurricane,Tailwind,Protect|||M|||50|,,,,,Ground]Archaludon||AssaultVest|Stamina|ElectroShot,DragonPulse,FlashCannon,BodyPress|||F|||50|,,,,,Grass]Amoonguss||SitrusBerry|Regenerator|PollenPuff,RagePowder,Spore,ClearSmog|||F|||50|,,,,,Psychic]Basculegion||LifeOrb|SwiftSwim|WaveCrash,AquaJet,Protect,LastRespects|||M|||50|,,,,,Water]Kingambit||SafetyGoggles|Defiant|KowtowCleave,SuckerPunch,SwordsDance,Protect|||F|||50|,,,,,Dark]Sneasler||FocusSash|PoisonTouch|DireClaw,CloseCombat,ThroatChop,Protect|||M|||50|,,,,,Stellar
|showteam|p2|Electabuzz||Eviolite|VitalSpirit|Electroweb,HelpingHand,Protect,FollowMe|||M|||50|,,,,,Dragon]Kommo-o||ThroatSpray|Soundproof|ClangingScales,Flamethrower,ClangorousSoul,Protect|||M|||50|,,,,,Fire]Rillaboom||AssaultVest|GrassySurge|WoodHammer,GrassyGlide,HighHorsepower,FakeOut|||M|||50|,,,,,Fire]Sneasler||FocusSash|Unburden|CloseCombat,DireClaw,FakeOut,Protect|||F|||50|,,,,,Stellar]Dondozo||Leftovers|Unaware|WaveCrash,Fissure,Protect,Yawn|||M|||50|,,,,,Poison]Gholdengo||ChoiceSpecs|GoodasGold|MakeItRain,ShadowBall,PowerGem,DazzlingGleam||||||50|,,,,,Fairy
|inactive|Battle timer is ON: inactive players will automatically lose when time's up. (requested by Awesome Person III)
|inactive|0rion1798 also wants the timer to be on.
|inactive|0rion1798 has 60 seconds left.
|
|t:|1754624733
|teamsize|p1|4
|teamsize|p2|4
|start
|switch|p1a: Pelipper|Pelipper, L50, M|100/100
|switch|p1b: Basculegion|Basculegion, L50, M, shiny|100/100
|switch|p2a: raxdflipnote|Gholdengo, L50|100/100
|switch|p2b: Achoo|Sneasler, L50, F|100/100
|-weather|RainDance|[from] ability: Drizzle|[of] p1a: Pelipper
|turn|1
|inactive|Awesome Person III has 30 seconds left.
|
|t:|1754624764
|switch|p2a: Funky Kong|Rillaboom, L50, M|100/100
|-fieldstart|move: Grassy Terrain|[from] ability: Grassy Surge|[of] p2a: Funky Kong
|move|p1b: Basculegion|Wave Crash|p2a: Funky Kong
|-resisted|p2a: Funky Kong
|-damage|p2a: Funky Kong|53/100
|-damage|p1b: Basculegion|84/100|[from] Recoil
|-damage|p1b: Basculegion|74/100|[from] item: Life Orb
|move|p2b: Achoo|Dire Claw|p1b: Basculegion
|-resisted|p1b: Basculegion
|-damage|p1b: Basculegion|52/100
|move|p1a: Pelipper|Tailwind|p1a: Pelipper
|-sidestart|p1: 0rion1798|move: Tailwind
|
|-weather|RainDance|[upkeep]
|-heal|p1b: Basculegion|58/100|[from] Grassy Terrain
|-heal|p2a: Funky Kong|58/100|[from] Grassy Terrain
|upkeep
|turn|2
|inactive|0rion1798 has 30 seconds left.
|
|t:|1754624793
|move|p2a: Funky Kong|Grassy Glide|p1a: Pelipper
|-damage|p1a: Pelipper|47/100
|move|p1b: Basculegion|Wave Crash|p2b: Achoo
|-enditem|p2b: Achoo|Focus Sash
|-damage|p2b: Achoo|1/100
|-damage|p1b: Basculegion|32/100|[from] Recoil
|-damage|p1b: Basculegion|23/100|[from] item: Life Orb
|move|p2b: Achoo|Dire Claw|p1a: Pelipper
|-damage|p1a: Pelipper|0 fnt
|faint|p1a: Pelipper
|
|-weather|RainDance|[upkeep]
|-heal|p1b: Basculegion|29/100|[from] Grassy Terrain
|-heal|p2b: Achoo|7/100|[from] Grassy Terrain
|-heal|p2a: Funky Kong|64/100|[from] Grassy Terrain
|upkeep
|
|t:|1754624800
|switch|p1a: Kingambit|Kingambit, L50, F, shiny|100/100
|turn|3
|inactive|Awesome Person III has 30 seconds left.
|
|t:|1754624825
|switch|p1b: Amoonguss|Amoonguss, L50, F|100/100
|move|p2b: Achoo|Protect|p2b: Achoo
|-singleturn|p2b: Achoo|Protect
|move|p1a: Kingambit|Sucker Punch||[still]
|-fail|p1a: Kingambit
|move|p2a: Funky Kong|Grassy Glide|p1b: Amoonguss
|-resisted|p1b: Amoonguss
|-damage|p1b: Amoonguss|93/100
|
|-weather|RainDance|[upkeep]
|-heal|p2b: Achoo|13/100|[from] Grassy Terrain
|-heal|p2a: Funky Kong|70/100|[from] Grassy Terrain
|-heal|p1b: Amoonguss|99/100|[from] Grassy Terrain
|upkeep
|turn|4
|
|t:|1754624847
|switch|p2b: raxdflipnote|Gholdengo, L50|100/100
|move|p1b: Amoonguss|Rage Powder|p1b: Amoonguss
|-singleturn|p1b: Amoonguss|move: Rage Powder
|move|p1a: Kingambit|Swords Dance|p1a: Kingambit
|-boost|p1a: Kingambit|atk|2
|move|p2a: Funky Kong|High Horsepower|p1a: Kingambit
|-supereffective|p1a: Kingambit
|-damage|p1a: Kingambit|48/100
|
|-weather|RainDance|[upkeep]
|-heal|p1a: Kingambit|54/100|[from] Grassy Terrain
|-heal|p2a: Funky Kong|76/100|[from] Grassy Terrain
|-heal|p1b: Amoonguss|100/100|[from] Grassy Terrain
|-sideend|p1: 0rion1798|move: Tailwind
|upkeep
|turn|5
|
|t:|1754624864
|-terastallize|p2b: raxdflipnote|Fairy
|move|p1a: Kingambit|Protect|p1a: Kingambit
|-singleturn|p1a: Kingambit|Protect
|move|p2b: raxdflipnote|Dazzling Gleam|p1a: Kingambit|[spread] p1b
|-activate|p1a: Kingambit|move: Protect
|-resisted|p1b: Amoonguss
|-damage|p1b: Amoonguss|80/100
|move|p2a: Funky Kong|High Horsepower|p1a: Kingambit
|-activate|p1a: Kingambit|move: Protect
|move|p1b: Amoonguss|Clear Smog|p2b: raxdflipnote
|-supereffective|p2b: raxdflipnote
|-damage|p2b: raxdflipnote|63/100
|-clearboost|p2b: raxdflipnote
|
|-weather|none
|-heal|p2b: raxdflipnote|69/100|[from] Grassy Terrain
|-heal|p2a: Funky Kong|82/100|[from] Grassy Terrain
|-heal|p1a: Kingambit|60/100|[from] Grassy Terrain
|-heal|p1b: Amoonguss|86/100|[from] Grassy Terrain
|-fieldend|move: Grassy Terrain
|upkeep
|turn|6
|inactive|0rion1798 has 30 seconds left.
|inactive|0rion1798 has 20 seconds left.
|inactive|0rion1798 has 15 seconds left.
|inactive|0rion1798 has 10 seconds left.
|inactive|0rion1798 has 5 seconds left.
|
|t:|1754624916
|move|p1a: Kingambit|Sucker Punch|p2a: Funky Kong
|-damage|p2a: Funky Kong|0 fnt
|faint|p2a: Funky Kong
|move|p2b: raxdflipnote|Dazzling Gleam|p1a: Kingambit|[spread] p1a,p1b
|-resisted|p1b: Amoonguss
|-damage|p1a: Kingambit|12/100
|-damage|p1b: Amoonguss|63/100
|move|p1b: Amoonguss|Pollen Puff|p1a: Kingambit
|-heal|p1a: Kingambit|62/100
|
|upkeep
|
|t:|1754624923
|switch|p2a: Ding-Dong|Kommo-o, L50, M|100/100
|turn|7
|inactive|0rion1798 has 30 seconds left.
|inactive|0rion1798 has 20 seconds left.
|inactive|Awesome Person III has 30 seconds left.
|inactive|0rion1798 has 15 seconds left.
|
|t:|1754624966
|move|p1b: Amoonguss|Rage Powder|p1b: Amoonguss
|-singleturn|p1b: Amoonguss|move: Rage Powder
|move|p2a: Ding-Dong|Flamethrower|p1b: Amoonguss
|-supereffective|p1b: Amoonguss
|-damage|p1b: Amoonguss|24/100
|-enditem|p1b: Amoonguss|Sitrus Berry|[eat]
|-heal|p1b: Amoonguss|49/100|[from] item: Sitrus Berry
|move|p2b: raxdflipnote|Dazzling Gleam|p1a: Kingambit|[spread] p1a,p1b
|-resisted|p1b: Amoonguss
|-damage|p1a: Kingambit|8/100
|-damage|p1b: Amoonguss|25/100
|move|p1a: Kingambit|Kowtow Cleave|p2a: Ding-Dong
|-resisted|p2a: Ding-Dong
|-damage|p2a: Ding-Dong|56/100
|
|upkeep
|turn|8
|inactive|0rion1798 has 30 seconds left.
|inactive|0rion1798 has 20 seconds left.
|inactive|0rion1798 has 15 seconds left.
|inactive|0rion1798 has 10 seconds left.
|inactive|0rion1798 has 5 seconds left.
|
|t:|1754625019
|-terastallize|p1a: Kingambit|Dark
|move|p1a: Kingambit|Sucker Punch|p2a: Ding-Dong
|-resisted|p2a: Ding-Dong
|-damage|p2a: Ding-Dong|9/100
|move|p2a: Ding-Dong|Clanging Scales|p1b: Amoonguss|[spread] p1a,p1b
|-damage|p1a: Kingambit|0 fnt
|-damage|p1b: Amoonguss|1/100
|faint|p1a: Kingambit
|-unboost|p2a: Ding-Dong|def|1
|-enditem|p2a: Ding-Dong|Throat Spray
|-boost|p2a: Ding-Dong|spa|1|[from] item: Throat Spray
|move|p2b: raxdflipnote|Dazzling Gleam|p1b: Amoonguss
|-resisted|p1b: Amoonguss
|-damage|p1b: Amoonguss|0 fnt
|faint|p1b: Amoonguss
|
|upkeep
|j| Tindall64
|
|t:|1754625025
|switch|p1b: Basculegion|Basculegion, L50, M, shiny|29/100
|turn|9
|c|☆0rion1798|ggs
|l| Tindall64
|
|t:|1754625035
|move|p2a: Ding-Dong|Clanging Scales|p1b: Basculegion
|-damage|p1b: Basculegion|0 fnt
|faint|p1b: Basculegion
|
|win|Awesome Person III
|raw|0rion1798's rating: 1185 → 1166(-19 for losing)
|raw|Awesome Person III's rating: 1275 → 1294(+19 for winning)
|l|☆Awesome Person III
|player|p2|
