|j|☆Harry Koekenpan
|j|☆oxtepig2020
|html|Harry Koekenpanoxtepig2020    
|uhtml|bestof|Game 2 of a best-of-3
|t:|1755332315
|gametype|doubles
|player|p1|Harry Koekenpan|169|1260
|player|p2|oxtepig2020|buck|1200
|gen|9
|tier|[Gen 9] VGC 2025 Reg H (Bo3)
|rated|
|rule|Species Clause: Limit one of each Pokémon
|rule|Item Clause: Limit 1 of each item
|clearpoke
|poke|p1|Typhlosion-Hisui, L50, M|
|poke|p1|Toedscruel, L50, F|
|poke|p1|Weezing-Galar, L50, F|
|poke|p1|Garchomp, L50, F|
|poke|p1|Kilowattrel, L50, M|
|poke|p1|Incineroar, L50, F|
|poke|p2|Maushold, L50|
|poke|p2|Annihilape, L50, F|
|poke|p2|Talonflame, L50, M|
|poke|p2|Chandelure, L50, M|
|poke|p2|Ursaluna-Bloodmoon, L50, M|
|poke|p2|Dragonite, L50, M|
|teampreview|4
|showteam|p1|Typhlosion-Hisui||ChoiceScarf|Blaze|Eruption,ShadowBall,SleepTalk,HeatWave|||M|||50|,,,,,Fire]Toedscruel||CovertCloak|MyceliumMight|Spore,RagePowder,AcidSpray,EarthPower|||F|||50|,,,,,Water]Weezing-Galar||ChoiceSpecs|NeutralizingGas|DazzlingGleam,SludgeBomb,StrangeSteam,TeraBlast|||F|||50|,,,,,Water]Garchomp||LifeOrb|RoughSkin|Protect,Earthquake,DragonClaw,StompingTantrum|||F|||50|,,,,,Ground]Kilowattrel||FocusSash|Competitive|Discharge,AirSlash,Tailwind,Protect|||M|||50|,,,,,Ghost]Incineroar||AssaultVest|Intimidate|FlareBlitz,KnockOff,Uturn,FakeOut|||F|||50|,,,,,Grass
|showteam|p2|Maushold||WideLens|Technician|Protect,FollowMe,PopulationBomb,Taunt||||||50|,,,,,Ghost]Annihilape||ChoiceScarf|Defiant|Coaching,RageFist,FinalGambit,CloseCombat|||F|||50|,,,,,Water]Talonflame||FocusSash|GaleWings|Tailwind,BraveBird,FlareBlitz,WillOWisp|||M|||50|,,,,,Fairy]Chandelure||LifeOrb|FlashFire|HeatWave,Protect,ShadowBall,Flamethrower|||M|||50|,,,,,Steel]Ursaluna-Bloodmoon||AssaultVest|MindsEye|HyperVoice,BloodMoon,VacuumWave,EarthPower|||M|||50|,,,,,Ghost]Dragonite||LoadedDice|Multiscale|Protect,Haze,ExtremeSpeed,ScaleShot|||M|||50|,,,,,Normal
|inactive|Battle timer is ON: inactive players will automatically lose when time's up. (requested by Harry Koekenpan)
|inactive|Harry Koekenpan has 60 seconds left.
|
|t:|1755332386
|teamsize|p1|4
|teamsize|p2|4
|start
|switch|p1a: Typhlosion|Typhlosion-Hisui, L50, M|100/100
|switch|p1b: Weezing|Weezing-Galar, L50, F|100/100
|switch|p2a: Maushold|Maushold, L50|100/100
|switch|p2b: Talonflame|Talonflame, L50, M|100/100
|-ability|p1b: Weezing|Neutralizing Gas
|turn|1
|inactive|Harry Koekenpan has 30 seconds left.
|inactive|Harry Koekenpan has 20 seconds left.
|
|t:|1755332424
|move|p2a: Maushold|Protect|p2a: Maushold
|-singleturn|p2a: Maushold|Protect
|move|p1a: Typhlosion|Eruption|p2a: Maushold|[spread] p2b
|-activate|p2a: Maushold|move: Protect
|-resisted|p2b: Talonflame
|-crit|p2b: Talonflame
|-damage|p2b: Talonflame|32/100
|move|p2b: Talonflame|Tailwind|p2b: Talonflame
|-sidestart|p2: oxtepig2020|move: Tailwind
|move|p1b: Weezing|Dazzling Gleam|p2b: Talonflame|[spread] p2b
|-activate|p2a: Maushold|move: Protect
|-resisted|p2b: Talonflame
|-damage|p2b: Talonflame|4/100
|
|upkeep
|turn|2
|inactive|Harry Koekenpan has 30 seconds left.
|
|t:|1755332458
|-end|p1b: Weezing|ability: Neutralizing Gas
|switch|p1b: Incineroar|Incineroar, L50, F|100/100
|-ability|p1b: Incineroar|Intimidate|boost
|-unboost|p2a: Maushold|atk|1
|-unboost|p2b: Talonflame|atk|1
|move|p2b: Talonflame|Brave Bird|p1a: Typhlosion
|-damage|p1a: Typhlosion|54/100
|-damage|p2b: Talonflame|0 fnt|[from] Recoil
|faint|p2b: Talonflame
|move|p2a: Maushold|Population Bomb|p1b: Incineroar
|-damage|p1b: Incineroar|93/100
|-damage|p1b: Incineroar|85/100
|-damage|p1b: Incineroar|76/100
|-damage|p1b: Incineroar|68/100
|-damage|p1b: Incineroar|61/100
|-damage|p1b: Incineroar|53/100
|-damage|p1b: Incineroar|46/100
|-hitcount|p1b: Incineroar|7
|move|p1a: Typhlosion|Eruption|p2a: Maushold
|-damage|p2a: Maushold|40/100
|
|upkeep
|
|t:|1755332466
|switch|p2b: Annihilape|Annihilape, L50, F|100/100
|turn|3
|inactive|Harry Koekenpan has 30 seconds left.
|inactive|Harry Koekenpan has 20 seconds left.
|inactive|Harry Koekenpan has 15 seconds left.
|inactive|Harry Koekenpan has 10 seconds left.
|inactive|Harry Koekenpan has 5 seconds left.
|
|t:|1755332521
|switch|p2a: Ursaluna|Ursaluna-Bloodmoon, L50, M|100/100
|switch|p1a: Weezing|Weezing-Galar, L50, F|100/100
|-ability|p1a: Weezing|Neutralizing Gas
|move|p2b: Annihilape|Rage Fist|p1a: Weezing
|-damage|p1a: Weezing|80/100
|move|p1b: Incineroar|Knock Off|p2b: Annihilape
|-crit|p2b: Annihilape
|-damage|p2b: Annihilape|21/100
|-enditem|p2b: Annihilape|Choice Scarf|[from] move: Knock Off|[of] p1b: Incineroar
|
|upkeep
|turn|4
|inactive|Harry Koekenpan has 30 seconds left.
|inactive|oxtepig2020 has 30 seconds left.
|
|t:|1755332554
|-terastallize|p1a: Weezing|Water
|move|p2b: Annihilape|Close Combat|p1b: Incineroar
|-supereffective|p1b: Incineroar
|-damage|p1b: Incineroar|0 fnt
|-unboost|p2b: Annihilape|def|1
|-unboost|p2b: Annihilape|spd|1
|faint|p1b: Incineroar
|move|p2a: Ursaluna|Blood Moon|p1a: Weezing
|-damage|p1a: Weezing|0 fnt
|faint|p1a: Weezing
|-end|p1a: Weezing|ability: Neutralizing Gas
|
|-sideend|p2: oxtepig2020|move: Tailwind
|upkeep
|
|t:|1755332570
|switch|p1a: Garchomp|Garchomp, L50, F|100/100
|switch|p1b: Typhlosion|Typhlosion-Hisui, L50, M|54/100
|turn|5
|
|t:|1755332595
|move|p1b: Typhlosion|Heat Wave|p2b: Annihilape|[spread] p2a,p2b
|-damage|p2a: Ursaluna|70/100
|-damage|p2b: Annihilape|0 fnt
|faint|p2b: Annihilape
|move|p1a: Garchomp|Stomping Tantrum|p2a: Ursaluna
|-damage|p2a: Ursaluna|28/100
|-damage|p1a: Garchomp|91/100|[from] item: Life Orb
|move|p2a: Ursaluna|Hyper Voice|p1b: Typhlosion|[spread] p1a,p1b
|-damage|p1a: Garchomp|49/100
|-damage|p1b: Typhlosion|0 fnt
|faint|p1b: Typhlosion
|
|upkeep
|
|t:|1755332599
|switch|p2b: Maushold|Maushold, L50|40/100
|turn|6
|
|t:|1755332616
|move|p2a: Ursaluna|Vacuum Wave|p1a: Garchomp
|-damage|p1a: Garchomp|31/100
|move|p2b: Maushold|Population Bomb|p1a: Garchomp
|-damage|p1a: Garchomp|18/100
|-damage|p2b: Maushold|28/100|[from] ability: Rough Skin|[of] p1a: Garchomp
|-damage|p1a: Garchomp|6/100
|-damage|p2b: Maushold|16/100|[from] ability: Rough Skin|[of] p1a: Garchomp
|-damage|p1a: Garchomp|0 fnt
|-damage|p2b: Maushold|4/100|[from] ability: Rough Skin|[of] p1a: Garchomp
|faint|p1a: Garchomp
|-hitcount|p1: Garchomp|3
|
|win|oxtepig2020
|raw|Harry Koekenpan's rating: 1260 → 1231(-29 for losing)
|raw|oxtepig2020's rating: 1200 → 1229(+29 for winning)
|l|☆oxtepig2020
|player|p2|
