|j|☆metvgc
|j|☆Treit_3
|html|metvgcTreit_3    
|uhtml|bestof|Game 3 of a best-of-3
|t:|1783180111
|gametype|doubles
|player|p1|metvgc|linebacker|1226
|player|p2|Treit_3|marshal|1253
|gen|9
|tier|[Gen 9 Champions] VGC 2026 Reg M-B (Bo3)
|rated|
|rule|Species Clause: Limit one of each Pokémon
|rule|Item Clause: Limit 1 of each item
|clearpoke
|poke|p1|Gholdengo, L50|
|poke|p1|Scrafty, L50, M|
|poke|p1|Rotom-Heat, L50|
|poke|p1|Basculegion, L50, M|
|poke|p1|Venusaur, L50, M|
|poke|p1|Aerodactyl, L50, M|
|poke|p2|Scrafty, L50, F|
|poke|p2|Blaziken, L50, M|
|poke|p2|Torterra, L50, F|
|poke|p2|Milotic, L50, F|
|poke|p2|Gholdengo, L50|
|poke|p2|Farigiraf, L50, M|
|teampreview|4
|showteam|p1|Gholdengo||Leftovers|GoodasGold|Protect,NastyPlot,ShadowBall,MakeItRain|Modest|||||50|]Scrafty||MuscleBand|Intimidate|Taunt,FakeOut,CloseCombat,KnockOff|Adamant||M|||50|]Rotom-Heat||SitrusBerry|Levitate|LightScreen,VoltSwitch,Overheat,WillOWisp|Bold|||||50|]Basculegion||ChoiceScarf|Adaptability|AquaJet,FlipTurn,WaveCrash,LastRespects|Jolly||M|||50|]Venusaur||Venusaurite|Chlorophyll|Protect,SludgeBomb,GigaDrain,EarthPower|Modest||M|||50|]Aerodactyl||Aerodactylite|Unnerve|RockSlide,DualWingbeat,IceFang,Tailwind|Jolly||M|||50|
|showteam|p2|Scrafty||Scraftinite|Intimidate|FakeOut,Coaching,DrainPunch,ThroatChop|Adamant||F|||50|]Blaziken||Blazikenite|SpeedBoost|Detect,RockSlide,FlareBlitz,CloseCombat|Jolly||M|||50|]Torterra||Leftovers|ShellArmor|Protect,WideGuard,HeadlongRush,WoodHammer|Brave||F|||50|]Milotic||MysticWater|Competitive|Protect,Scald,MuddyWater,IceBeam|Modest||F|||50|]Gholdengo||LifeOrb|GoodasGold|Protect,NastyPlot,MakeItRain,ShadowBall|Modest|||||50|]Farigiraf||SitrusBerry|ArmorTail|Protect,TrickRoom,Thunderbolt,HyperVoice|Bold||M|||50|
|inactive|Battle timer is ON: inactive players will automatically lose when time's up. (requested by metvgc)
|
|t:|1783180130
|teamsize|p1|4
|teamsize|p2|4
|start
|switch|p1a: Rotom|Rotom-Heat, L50|100/100
|switch|p1b: Scrafty|Scrafty, L50, M|100/100
|switch|p2a: Milotic|Milotic, L50, F|100/100
|switch|p2b: Scrafty|Scrafty, L50, F|100/100
|-ability|p2b: Scrafty|Intimidate|boost
|-unboost|p1a: Rotom|atk|1
|-unboost|p1b: Scrafty|atk|1
|-ability|p1b: Scrafty|Intimidate|boost
|-unboost|p2a: Milotic|atk|1
|-ability|p2a: Milotic|Competitive|boost
|-boost|p2a: Milotic|spa|2
|-unboost|p2b: Scrafty|atk|1
|turn|1
|inactive|Treit_3 has 30 seconds left.
|inactive|Treit_3 has 20 seconds left.
|inactive|Treit_3 has 15 seconds left.
|
|t:|1783180170
|move|p2b: Scrafty|Fake Out|p1b: Scrafty
|-damage|p1b: Scrafty|92/100
|cant|p1b: Scrafty|flinch
|move|p1a: Rotom|Will-O-Wisp|p2b: Scrafty
|-status|p2b: Scrafty|brn
|move|p2a: Milotic|Muddy Water|p1a: Rotom|[spread] p1a
|-miss|p2a: Milotic|p1b: Scrafty
|-supereffective|p1a: Rotom|1
|-damage|p1a: Rotom|0 fnt
|faint|p1a: Rotom
|
|-damage|p2b: Scrafty|94/100 brn|[from] brn
|upkeep
|
|t:|1783180177
|switch|p1a: Aerodactyl|Aerodactyl, L50, M|100/100
|-ability|p1a: Aerodactyl|Unnerve
|turn|2
|
|t:|1783180201
|switch|p2b: Gholdengo|Gholdengo, L50|100/100
|detailschange|p1a: Aerodactyl|Aerodactyl-Mega, L50, M
|-mega|p1a: Aerodactyl|Aerodactyl|Aerodactylite
|move|p2a: Milotic|Protect|p2a: Milotic
|-singleturn|p2a: Milotic|Protect
|move|p1a: Aerodactyl|Dual Wingbeat|p2b: Gholdengo
|-resisted|p2b: Gholdengo|1
|-damage|p2b: Gholdengo|88/100
|-resisted|p2b: Gholdengo|1
|-damage|p2b: Gholdengo|77/100
|-hitcount|p2b: Gholdengo|2
|move|p1b: Scrafty|Knock Off|p2a: Milotic
|-activate|p2a: Milotic|move: Protect
|
|upkeep
|turn|3
|
|t:|1783180220
|switch|p2b: Scrafty|Scrafty, L50, F|94/100 brn
|-ability|p2b: Scrafty|Intimidate|boost
|-unboost|p1a: Aerodactyl|atk|1
|-unboost|p1b: Scrafty|atk|1
|move|p1a: Aerodactyl|Tailwind|p1a: Aerodactyl
|-sidestart|p1: metvgc|move: Tailwind
|move|p1b: Scrafty|Knock Off|p2a: Milotic
|-damage|p2a: Milotic|75/100
|-enditem|p2a: Milotic|Mystic Water|[from] move: Knock Off|[of] p1b: Scrafty
|move|p2a: Milotic|Scald|p1b: Scrafty
|-damage|p1b: Scrafty|26/100
|
|-damage|p2b: Scrafty|88/100 brn|[from] brn
|upkeep
|turn|4
|
|t:|1783180240
|move|p1a: Aerodactyl|Dual Wingbeat|p2b: Scrafty
|-supereffective|p2b: Scrafty|1
|-damage|p2b: Scrafty|52/100 brn
|-supereffective|p2b: Scrafty|1
|-damage|p2b: Scrafty|20/100r brn
|-hitcount|p2b: Scrafty|2
|move|p1b: Scrafty|Close Combat|p2b: Scrafty
|-supereffective|p2b: Scrafty|1
|-damage|p2b: Scrafty|0 fnt
|-unboost|p1b: Scrafty|def|1
|-unboost|p1b: Scrafty|spd|1
|faint|p2b: Scrafty
|move|p2a: Milotic|Muddy Water|p1b: Scrafty|[spread] p1a,p1b
|-supereffective|p1a: Aerodactyl|1
|-damage|p1a: Aerodactyl|0 fnt
|-damage|p1b: Scrafty|0 fnt
|faint|p1a: Aerodactyl
|faint|p1b: Scrafty
|
|upkeep
|
|t:|1783180259
|switch|p2b: Blaziken|Blaziken, L50, M|100/100
|switch|p1b: Basculegion|Basculegion, L50, M|100/100
|turn|5
|
|t:|1783180277
|detailschange|p2b: Blaziken|Blaziken-Mega, L50, M
|-mega|p2b: Blaziken|Blaziken|Blazikenite
|move|p1b: Basculegion|Last Respects|p2a: Milotic
|-damage|p2a: Milotic|0 fnt
|faint|p2a: Milotic
|move|p2b: Blaziken|Rock Slide|p1b: Basculegion
|-damage|p1b: Basculegion|68/100
|
|-ability|p2b: Blaziken|Speed Boost|boost
|-boost|p2b: Blaziken|spe|1
|upkeep
|
|t:|1783180287
|switch|p2a: Gholdengo|Gholdengo, L50|77/100
|turn|6
|
|t:|1783180293
|move|p2b: Blaziken|Detect|p2b: Blaziken
|-singleturn|p2b: Blaziken|Protect
|move|p2a: Gholdengo|Protect|p2a: Gholdengo
|-singleturn|p2a: Gholdengo|Protect
|move|p1b: Basculegion|Last Respects|p2a: Gholdengo
|-activate|p2a: Gholdengo|move: Protect
|
|-sideend|p1: metvgc|move: Tailwind
|-ability|p2b: Blaziken|Speed Boost|boost
|-boost|p2b: Blaziken|spe|1
|upkeep
|turn|7
|
|t:|1783180307
|move|p2b: Blaziken|Rock Slide|p1b: Basculegion
|-damage|p1b: Basculegion|31/100
|move|p1b: Basculegion|Last Respects|p2a: Gholdengo
|-supereffective|p2a: Gholdengo|1
|-damage|p2a: Gholdengo|0 fnt
|faint|p2a: Gholdengo
|
|-ability|p2b: Blaziken|Speed Boost|boost
|-boost|p2b: Blaziken|spe|1
|upkeep
|turn|8
|c|☆Treit_3|either i hit or i miss and die
|c|☆Treit_3|gg
|
|t:|1783180327
|move|p2b: Blaziken|Rock Slide|p1b: Basculegion
|-damage|p1b: Basculegion|0 fnt
|faint|p1b: Basculegion
|
|win|Treit_3
|raw|metvgc's rating: 1226 → 1203(-23 for losing)
|raw|Treit_3's rating: 1253 → 1276(+23 for winning)
