|j|☆volcaronaok
|j|☆VenuDaAscoInRain
|html|volcaronaokVenuDaAscoInRain    
|uhtml|bestof|Game 1 of a best-of-3
|t:|1783061314
|gametype|doubles
|player|p1|volcaronaok|266|1014
|player|p2|VenuDaAscoInRain|li|1000
|gen|9
|tier|[Gen 9 Champions] VGC 2026 Reg M-B (Bo3)
|rated|
|rule|Species Clause: Limit one of each Pokémon
|rule|Item Clause: Limit 1 of each item
|clearpoke
|poke|p1|Whimsicott, L50, F|
|poke|p1|Gardevoir, L50, F, shiny|
|poke|p1|Delphox, L50, M|
|poke|p1|Clefable, L50, F|
|poke|p1|Garchomp, L50, M|
|poke|p1|Sneasler, L50, F|
|poke|p2|Pelipper, L50, M, shiny|
|poke|p2|Swampert, L50, M|
|poke|p2|Archaludon, L50, M, shiny|
|poke|p2|Grimmsnarl, L50, M, shiny|
|poke|p2|Venusaur, L50, M, shiny|
|poke|p2|Sneasler, L50, M, shiny|
|teampreview|4
|showteam|p1|Whimsicott||FocusSash|Prankster|Tailwind,Encore,Moonblast,TrickRoom|Timid||F|||50|]Gardevoir||Gardevoirite|Synchronize|HyperVoice,AuraSphere,MysticalFire,Psyshock|Bold||F|||50|]Delphox||Delphoxite|Blaze|DazzlingGleam,Flamethrower,Psyshock,ShadowBall|Bold||M|||50|]Clefable||SitrusBerry|Unaware|FollowMe,LifeDew,Moonblast,Protect|Bold||F|||50|]Garchomp||ChoiceScarf|RoughSkin|DragonClaw,Earthquake,RockSlide,Protect|Serious||M|||50|]Sneasler||WhiteHerb|Unburden|CloseCombat,DireClaw,FakeOut,Acrobatics|Serious||F|||50|
|showteam|p2|Pelipper||FocusSash|Drizzle|WeatherBall,Hurricane,Tailwind,Protect|Modest||M|||50|]Swampert||Swampertite|Torrent|WaveCrash,IcePunch,HighHorsepower,Protect|Adamant||M|||50|]Archaludon||Leftovers|Stamina|ElectroShot,FlashCannon,DragonPulse,Protect|Modest||M|||50|]Grimmsnarl||RoseliBerry|Prankster|SpiritBreak,PartingShot,Reflect,LightScreen|Careful||M|||50|]Venusaur||Venusaurite|Chlorophyll|SludgeBomb,GigaDrain,EarthPower,SleepPowder|Modest||M|||50|]Sneasler||WhiteHerb|Unburden|DireClaw,CloseCombat,FakeOut,RockTomb|Jolly||M|||50|
|inactive|Battle timer is ON: inactive players will automatically lose when time's up. (requested by VenuDaAscoInRain)
|inactive|VenuDaAscoInRain has 60 seconds left.
|
|t:|1783061368
|teamsize|p1|4
|teamsize|p2|4
|start
|switch|p1a: Gardevoir|Gardevoir, L50, F, shiny|100/100
|switch|p1b: Whimsicott|Whimsicott, L50, F|100/100
|switch|p2a: Venusaur|Venusaur, L50, M, shiny|100/100
|switch|p2b: Sneasler|Sneasler, L50, M, shiny|100/100
|turn|1
|
|t:|1783061385
|switch|p1a: Garchomp|Garchomp, L50, M|100/100
|detailschange|p2a: Venusaur|Venusaur-Mega, L50, M, shiny
|-mega|p2a: Venusaur|Venusaur|Venusaurite
|move|p2b: Sneasler|Fake Out|p1a: Garchomp
|-damage|p1a: Garchomp|85/100
|-damage|p2b: Sneasler|87/100|[from] ability: Rough Skin|[of] p1a: Garchomp
|move|p1b: Whimsicott|Tailwind|p1b: Whimsicott
|-sidestart|p1: volcaronaok|move: Tailwind
|move|p2a: Venusaur|Sleep Powder|p1a: Garchomp|[miss]
|-miss|p2a: Venusaur|p1a: Garchomp
|
|upkeep
|turn|2
|
|t:|1783061408
|switch|p1a: Gardevoir|Gardevoir, L50, F, shiny|100/100
|switch|p2b: Pelipper|Pelipper, L50, M, shiny|100/100
|-weather|RainDance|[from] ability: Drizzle|[of] p2b: Pelipper
|move|p1b: Whimsicott|Moonblast|p2b: Pelipper
|-damage|p2b: Pelipper|37/100
|move|p2a: Venusaur|Sleep Powder|p1a: Gardevoir
|-status|p1a: Gardevoir|slp|[from] move: Sleep Powder
|
|-weather|RainDance|[upkeep]
|upkeep
|turn|3
|inactive|volcaronaok has 30 seconds left.
|
|t:|1783061436
|switch|p1a: Garchomp|Garchomp, L50, M|85/100
|switch|p2b: Archaludon|Archaludon, L50, M, shiny|100/100
|move|p1b: Whimsicott|Moonblast|p2b: Archaludon
|-damage|p2b: Archaludon|63/100
|-ability|p2b: Archaludon|Stamina|boost
|-boost|p2b: Archaludon|def|1
|move|p2a: Venusaur|Sludge Bomb|p1a: Garchomp
|-resisted|p1a: Garchomp|1
|-damage|p1a: Garchomp|61/100
|-status|p1a: Garchomp|psn
|
|-weather|RainDance|[upkeep]
|-heal|p2b: Archaludon|69/100|[from] item: Leftovers
|-damage|p1a: Garchomp|48/100 psn|[from] psn
|upkeep
|turn|4
|
|t:|1783061458
|move|p2b: Archaludon|Protect|p2b: Archaludon
|-singleturn|p2b: Archaludon|Protect
|move|p1b: Whimsicott|Encore|p2a: Venusaur
|-start|p2a: Venusaur|Encore
|move|p1a: Garchomp|Earthquake|p2a: Venusaur|[spread] p1b,p2a
|-activate|p2b: Archaludon|move: Protect
|-resisted|p1b: Whimsicott|1
|-damage|p1b: Whimsicott|71/100
|-damage|p2a: Venusaur|71/100
|move|p2a: Venusaur|Sludge Bomb|p1b: Whimsicott
|-supereffective|p1b: Whimsicott|2
|-damage|p1b: Whimsicott|0 fnt
|faint|p1b: Whimsicott
|
|-weather|RainDance|[upkeep]
|-heal|p2b: Archaludon|76/100|[from] item: Leftovers
|-damage|p1a: Garchomp|36/100 psn|[from] psn
|-sideend|p1: volcaronaok|move: Tailwind
|upkeep
|
|t:|1783061477
|switch|p1b: Sneasler|Sneasler, L50, F|100/100
|turn|5
|
|t:|1783061501
|switch|p1a: Gardevoir|Gardevoir, L50, F, shiny|100/100 slp
|switch|p2b: Pelipper|Pelipper, L50, M, shiny|37/100
|move|p1b: Sneasler|Fake Out|p2a: Venusaur
|-damage|p2a: Venusaur|60/100
|cant|p2a: Venusaur|flinch
|
|-weather|RainDance|[upkeep]
|upkeep
|turn|6
|inactive|volcaronaok has 30 seconds left.
|
|t:|1783061536
|switch|p2b: Sneasler|Sneasler, L50, M, shiny|87/100
|detailschange|p1a: Gardevoir|Gardevoir-Mega, L50, F, shiny
|-mega|p1a: Gardevoir|Gardevoir|Gardevoirite
|move|p1b: Sneasler|Dire Claw|p2a: Venusaur
|-crit|p2a: Venusaur
|-damage|p2a: Venusaur|13/100
|cant|p1a: Gardevoir|slp
|move|p2a: Venusaur|Sludge Bomb|p1a: Gardevoir
|-supereffective|p1a: Gardevoir|1
|-damage|p1a: Gardevoir|16/100 slp
|
|-weather|none
|-end|p2a: Venusaur|Encore
|upkeep
|turn|7
|inactive|volcaronaok has 30 seconds left.
|
|t:|1783061561
|switch|p1a: Garchomp|Garchomp, L50, M|36/100 psn
|move|p2b: Sneasler|Fake Out|p1b: Sneasler
|-damage|p1b: Sneasler|75/100
|cant|p1b: Sneasler|flinch
|move|p2a: Venusaur|Earth Power|p1b: Sneasler
|-supereffective|p1b: Sneasler|1
|-damage|p1b: Sneasler|0 fnt
|faint|p1b: Sneasler
|
|-damage|p1a: Garchomp|23/100 psn|[from] psn
|upkeep
|
|t:|1783061576
|switch|p1b: Gardevoir|Gardevoir-Mega, L50, F, shiny|16/100 slp
|turn|8
|
|t:|1783061589
|switch|p2a: Pelipper|Pelipper, L50, M, shiny|37/100
|-weather|RainDance|[from] ability: Drizzle|[of] p2a: Pelipper
|move|p1a: Garchomp|Rock Slide|p2b: Sneasler|[spread] p2a,p2b
|-supereffective|p2a: Pelipper|1
|-resisted|p2b: Sneasler|1
|-damage|p2a: Pelipper|0 fnt
|-damage|p2b: Sneasler|70/100
|faint|p2a: Pelipper
|cant|p2b: Sneasler|flinch
|cant|p1b: Gardevoir|slp
|
|-weather|RainDance|[upkeep]
|-damage|p1a: Garchomp|11/100 psn|[from] psn
|upkeep
|
|t:|1783061597
|switch|p2a: Archaludon|Archaludon, L50, M, shiny|76/100
|turn|9
|
|t:|1783061613
|move|p1a: Garchomp|Rock Slide|p2a: Archaludon|[spread] p2b
|-miss|p1a: Garchomp|p2a: Archaludon
|-resisted|p2b: Sneasler|1
|-damage|p2b: Sneasler|52/100
|move|p2b: Sneasler|Dire Claw|p1b: Gardevoir
|-supereffective|p1b: Gardevoir|1
|-damage|p1b: Gardevoir|0 fnt
|faint|p1b: Gardevoir
|move|p2a: Archaludon|Flash Cannon|p1a: Garchomp
|-crit|p1a: Garchomp
|-damage|p1a: Garchomp|0 fnt
|faint|p1a: Garchomp
|
|win|VenuDaAscoInRain
