|j|☆pm12356
|j|☆leontief47
|html|pm12356leontief47    
|uhtml|bestof|Game 2 of a best-of-3
|t:|1782685936
|gametype|doubles
|player|p1|pm12356|2|1054
|player|p2|leontief47|1|1000
|gen|9
|tier|[Gen 9 Champions] VGC 2026 Reg M-B (Bo3)
|rated|
|rule|Species Clause: Limit one of each Pokémon
|rule|Item Clause: Limit 1 of each item
|clearpoke
|poke|p1|Beedrill, L50, F|
|poke|p1|Sylveon, L50, M|
|poke|p1|Farigiraf, L50, M|
|poke|p1|Kingambit, L50, F|
|poke|p1|Aerodactyl, L50, F|
|poke|p1|Krookodile, L50, M|
|poke|p2|Staraptor, L50, M|
|poke|p2|Eelektross, L50, M|
|poke|p2|Incineroar, L50, M|
|poke|p2|Basculegion, L50, M|
|poke|p2|Whimsicott, L50, F|
|poke|p2|Garchomp, L50, F|
|teampreview|4
|showteam|p1|Beedrill||Beedrillite|Sniper|PoisonJab,Uturn,Round,KnockOff|Jolly||F|||50|]Sylveon||LifeOrb|Pixilate|Round,HyperVoice,Psychic,Protect|Modest||M|||50|]Farigiraf||SilkScarf|ArmorTail|HyperVoice,TwinBeam,HelpingHand,AllySwitch|Modest||M|||50|]Kingambit||ChopleBerry|Defiant|KowtowCleave,SuckerPunch,IronHead,LowKick|Adamant||F|||50|]Aerodactyl||FocusSash|Unnerve|RockSlide,WideGuard,Tailwind,Protect|Jolly||F|||50|]Krookodile||SoftSand|Intimidate|HighHorsepower,KnockOff,HelpingHand,Protect|Adamant||M|||50|
|showteam|p2|Staraptor||Staraptite|Intimidate|BraveBird,CloseCombat,BlazeKick,Protect|Jolly||M|||50|]Eelektross||Eelektrossite|Levitate|Thunderbolt,DragonPulse,Flamethrower,Protect|Timid||M|||50|]Incineroar||Leftovers|Intimidate|FakeOut,FlareBlitz,DarkestLariat,PartingShot|Careful||M|||50|]Basculegion||ChoiceScarf|Adaptability|AquaJet,LastRespects,WaveCrash,FlipTurn|Jolly||M|||50|]Whimsicott||SitrusBerry|Prankster|Moonblast,Tailwind,Charm,Protect|Calm||F|||50|]Garchomp||LifeOrb|RoughSkin|DragonClaw,Earthquake,RockSlide,Protect|Jolly||F|||50|
|
|t:|1782685974
|teamsize|p1|4
|teamsize|p2|4
|start
|switch|p1a: Farigiraf|Farigiraf, L50, M|100/100
|switch|p1b: Sylveon|Sylveon, L50, M|100/100
|switch|p2a: Incineroar|Incineroar, L50, M|100/100
|switch|p2b: Whimsicott|Whimsicott, L50, F|100/100
|-ability|p2a: Incineroar|Intimidate|boost
|-unboost|p1a: Farigiraf|atk|1
|-unboost|p1b: Sylveon|atk|1
|turn|1
|
|t:|1782685992
|move|p2b: Whimsicott|Tailwind|p2b: Whimsicott
|-sidestart|p2: leontief47|move: Tailwind
|move|p2a: Incineroar|Darkest Lariat|p1a: Farigiraf
|-supereffective|p1a: Farigiraf|1
|-damage|p1a: Farigiraf|27/100
|move|p1b: Sylveon|Hyper Voice|p2b: Whimsicott|[spread] p2a,p2b
|-damage|p2a: Incineroar|62/100
|-damage|p2b: Whimsicott|31/100
|-enditem|p2b: Whimsicott|Sitrus Berry|[eat]
|-heal|p2b: Whimsicott|56/100|[from] item: Sitrus Berry
|-damage|p1b: Sylveon|90/100|[from] item: Life Orb
|move|p1a: Farigiraf|Hyper Voice|p2a: Incineroar|[spread] p2a,p2b
|-damage|p2a: Incineroar|34/100
|-damage|p2b: Whimsicott|3/100
|
|-heal|p2a: Incineroar|40/100|[from] item: Leftovers
|upkeep
|turn|2
|
|t:|1782686014
|move|p1a: Farigiraf|Ally Switch|p1a: Farigiraf
|swap|p1a: Farigiraf|1|[from] move: Ally Switch
|move|p2b: Whimsicott|Moonblast|p1a: Sylveon
|-damage|p1a: Sylveon|63/100
|move|p2a: Incineroar|Parting Shot|p1b: Farigiraf
|-unboost|p1b: Farigiraf|atk|1
|-unboost|p1b: Farigiraf|spa|1
|
|t:|1782686022
|switch|p2a: Basculegion|Basculegion, L50, M|100/100|[from] Parting Shot
|move|p1a: Sylveon|Hyper Voice|p2a: Basculegion|[spread] p2a,p2b
|-damage|p2a: Basculegion|40/100
|-damage|p2b: Whimsicott|0 fnt
|faint|p2b: Whimsicott
|-damage|p1a: Sylveon|53/100|[from] item: Life Orb
|
|upkeep
|
|t:|1782686029
|switch|p2b: Staraptor|Staraptor, L50, M|100/100
|-ability|p2b: Staraptor|Intimidate|boost
|-unboost|p1a: Sylveon|atk|1
|-unboost|p1b: Farigiraf|atk|1
|turn|3
|inactive|Battle timer is ON: inactive players will automatically lose when time's up. (requested by leontief47)
|
|t:|1782686044
|detailschange|p2b: Staraptor|Staraptor-Mega, L50, M
|-mega|p2b: Staraptor|Staraptor|Staraptite
|move|p1b: Farigiraf|Helping Hand|p1a: Sylveon
|-singleturn|p1a: Sylveon|Helping Hand|[of] p1b: Farigiraf
|move|p2a: Basculegion|Wave Crash|p1b: Farigiraf
|-damage|p1b: Farigiraf|0 fnt
|faint|p1b: Farigiraf
|-damage|p2a: Basculegion|29/100|[from] Recoil
|move|p2b: Staraptor|Brave Bird|p1a: Sylveon
|-damage|p1a: Sylveon|0 fnt
|faint|p1a: Sylveon
|-damage|p2b: Staraptor|77/100|[from] Recoil
|
|upkeep
|
|t:|1782686059
|switch|p1b: Beedrill|Beedrill, L50, F|100/100
|switch|p1a: Kingambit|Kingambit, L50, F|100/100
|turn|4
|
|t:|1782686076
|switch|p2a: Incineroar|Incineroar, L50, M|40/100
|-ability|p2a: Incineroar|Intimidate|boost
|-unboost|p1a: Kingambit|atk|1
|-ability|p1a: Kingambit|Defiant|boost
|-boost|p1a: Kingambit|atk|2
|-unboost|p1b: Beedrill|atk|1
|detailschange|p1b: Beedrill|Beedrill-Mega, L50, F
|-mega|p1b: Beedrill|Beedrill|Beedrillite
|move|p2b: Staraptor|Protect|p2b: Staraptor
|-singleturn|p2b: Staraptor|Protect
|move|p1a: Kingambit|Sucker Punch||[still]
|-fail|p1a: Kingambit
|move|p1b: Beedrill|Poison Jab|p2b: Staraptor
|-activate|p2b: Staraptor|move: Protect
|
|-heal|p2a: Incineroar|46/100|[from] item: Leftovers
|-sideend|p2: leontief47|move: Tailwind
|upkeep
|turn|5
|
|t:|1782686101
|move|p2a: Incineroar|Fake Out|p1a: Kingambit
|-resisted|p1a: Kingambit|1
|-damage|p1a: Kingambit|95/100
|move|p1b: Beedrill|Poison Jab|p2b: Staraptor
|-damage|p2b: Staraptor|29/100
|move|p2b: Staraptor|Close Combat|p1a: Kingambit
|-supereffective|p1a: Kingambit|2
|-enditem|p1a: Kingambit|Chople Berry|[eat]
|-enditem|p1a: Kingambit|Chople Berry|[weaken]
|-damage|p1a: Kingambit|0 fnt
|-boost|p2b: Staraptor|def|1
|-boost|p2b: Staraptor|spd|1
|faint|p1a: Kingambit
|
|-heal|p2a: Incineroar|52/100|[from] item: Leftovers
|upkeep
|turn|6
|
|t:|1782686117
|move|p1b: Beedrill|Poison Jab|p2b: Staraptor
|-damage|p2b: Staraptor|0 fnt
|faint|p2b: Staraptor
|move|p2a: Incineroar|Parting Shot|p1b: Beedrill
|-unboost|p1b: Beedrill|atk|1
|-unboost|p1b: Beedrill|spa|1
|
|t:|1782686124
|switch|p2a: Basculegion|Basculegion, L50, M|29/100|[from] Parting Shot
|
|upkeep
|
|t:|1782686125
|switch|p2b: Incineroar|Incineroar, L50, M|52/100
|-ability|p2b: Incineroar|Intimidate|boost
|-unboost|p1b: Beedrill|atk|1
|turn|7
|
|t:|1782686143
|move|p2b: Incineroar|Fake Out|p1b: Beedrill
|-damage|p1b: Beedrill|74/100
|move|p2a: Basculegion|Wave Crash|p1b: Beedrill
|-damage|p1b: Beedrill|0 fnt
|faint|p1b: Beedrill
|-damage|p2a: Basculegion|12/100|[from] Recoil
|
|win|leontief47
|raw|pm12356's rating: 1054 → 1033(-21 for losing)
|raw|leontief47's rating: 1000 → 1046(+46 for winning)
