|j|☆K4ze
|j|☆halfbakedjesus
|html|K4zehalfbakedjesus    
|uhtml|bestof|Game 3 of a best-of-3
|t:|1756744416
|gametype|doubles
|player|p1|K4ze|101|1041
|player|p2|halfbakedjesus|1|1000
|gen|9
|tier|[Gen 9] VGC 2025 Reg H (Bo3)
|rated|
|rule|Species Clause: Limit one of each Pokémon
|rule|Item Clause: Limit 1 of each item
|clearpoke
|poke|p1|Porygon2, L50|
|poke|p1|Sneasler, L50, M|
|poke|p1|Gholdengo, L50|
|poke|p1|Amoonguss, L50, M|
|poke|p1|Garchomp, L50, M|
|poke|p1|Incineroar, L50, M|
|poke|p2|Charizard, L50, M|
|poke|p2|Torkoal, L50, M|
|poke|p2|Porygon2, L50|
|poke|p2|Incineroar, L50, F|
|poke|p2|Jumpluff, L50, F|
|poke|p2|Ursaluna, L50, M|
|teampreview|4
|showteam|p1|Porygon2||Eviolite|Download|TeraBlast,IceBeam,Recover,TrickRoom||||||50|,,,,,Ground]Sneasler||FocusSash|PoisonTouch|CloseCombat,DireClaw,Coaching,Protect|||M|||50|,,,,,Flying]Gholdengo||LifeOrb|GoodasGold|MakeItRain,ShadowBall,NastyPlot,Protect||||||50|,,,,,Water]Amoonguss||SitrusBerry|Regenerator|PollenPuff,Spore,RagePowder,Protect|||M|||50|,,,,,Fairy]Garchomp||ClearAmulet|RoughSkin|Earthquake,StompingTantrum,DragonClaw,Protect|||M|||50|,,,,,Fire]Incineroar||SafetyGoggles|Intimidate|FlareBlitz,KnockOff,FakeOut,PartingShot|||M|||50|,,,,,Ghost
|showteam|p2|Charizard||ChoiceSpecs|SolarPower|HeatWave,Overheat,WeatherBall,AirSlash|||M|||50|,,,,,Ghost]Torkoal||EjectPack|Drought|Eruption,Overheat,HelpingHand,Protect|||M|||50|,,,,,Fire]Porygon2||Eviolite|Download|IceBeam,TeraBlast,TrickRoom,Recover||||||50|,,,,,Fighting]Incineroar||SitrusBerry|Intimidate|FlareBlitz,KnockOff,FakeOut,PartingShot|||F|||50|,,,,,Ghost]Jumpluff||CovertCloak|Chlorophyll|SleepPowder,SunnyDay,RagePowder,Tailwind|||F|||50|,,,,,Water]Ursaluna||FlameOrb|Guts|HeadlongRush,Facade,Earthquake,Protect|||M|||50|,,,,,Ghost
|
|t:|1756744459
|teamsize|p1|4
|teamsize|p2|4
|start
|switch|p1a: Sneasler|Sneasler, L50, M|100/100
|switch|p1b: Garchomp|Garchomp, L50, M|100/100
|switch|p2a: Charizard|Charizard, L50, M|100/100
|switch|p2b: Torkoal|Torkoal, L50, M|100/100
|-weather|SunnyDay|[from] ability: Drought|[of] p2b: Torkoal
|turn|1
|inactive|Battle timer is ON: inactive players will automatically lose when time's up. (requested by halfbakedjesus)
|j| Trestkon
|
|t:|1756744490
|move|p1a: Sneasler|Coaching|p1b: Garchomp
|-boost|p1b: Garchomp|atk|1
|-boost|p1b: Garchomp|def|1
|move|p1b: Garchomp|Earthquake|p2a: Charizard|[spread] p1a,p2b
|-immune|p2a: Charizard
|-supereffective|p1a: Sneasler
|-supereffective|p2b: Torkoal
|-enditem|p1a: Sneasler|Focus Sash
|-damage|p1a: Sneasler|1/100
|-damage|p2b: Torkoal|18/100
|move|p2a: Charizard|Heat Wave|p1b: Garchomp|[spread] p1a,p1b
|-resisted|p1b: Garchomp
|-damage|p1a: Sneasler|0 fnt
|-damage|p1b: Garchomp|37/100
|faint|p1a: Sneasler
|move|p2b: Torkoal|Eruption|p1b: Garchomp
|-resisted|p1b: Garchomp
|-damage|p1b: Garchomp|27/100
|
|-weather|SunnyDay|[upkeep]
|-damage|p2a: Charizard|88/100|[from] ability: Solar Power|[of] p2a: Charizard
|upkeep
|
|t:|1756744511
|switch|p1a: Porygon2|Porygon2, L50|100/100
|-ability|p1a: Porygon2|Download|boost
|-boost|p1a: Porygon2|spa|1
|turn|2
|inactive|K4ze has 30 seconds left.
|
|t:|1756744542
|-terastallize|p1a: Porygon2|Ground
|move|p2b: Torkoal|Helping Hand|p2a: Charizard
|-singleturn|p2a: Charizard|Helping Hand|[of] p2b: Torkoal
|move|p1b: Garchomp|Dragon Claw|p2b: Torkoal
|-damage|p2b: Torkoal|0 fnt
|faint|p2b: Torkoal
|move|p2a: Charizard|Heat Wave|p1a: Porygon2|[spread] p1b
|-miss|p2a: Charizard|p1a: Porygon2
|-resisted|p1b: Garchomp
|-damage|p1b: Garchomp|0 fnt
|faint|p1b: Garchomp
|move|p1a: Porygon2|Ice Beam|p2a: Charizard
|-damage|p2a: Charizard|34/100
|
|-weather|SunnyDay|[upkeep]
|-damage|p2a: Charizard|21/100|[from] ability: Solar Power|[of] p2a: Charizard
|upkeep
|
|t:|1756744561
|switch|p1b: Gholdengo|Gholdengo, L50|100/100
|switch|p2b: Jumpluff|Jumpluff, L50, F|100/100
|turn|3
|inactive|K4ze has 30 seconds left.
|inactive|K4ze has 20 seconds left.
|
|t:|1756744598
|move|p1b: Gholdengo|Protect|p1b: Gholdengo
|-singleturn|p1b: Gholdengo|Protect
|move|p2b: Jumpluff|Sleep Powder|p1a: Porygon2
|-status|p1a: Porygon2|slp|[from] move: Sleep Powder
|move|p2a: Charizard|Heat Wave|p1a: Porygon2|[spread] p1a
|-activate|p1b: Gholdengo|move: Protect
|-damage|p1a: Porygon2|37/100 slp
|cant|p1a: Porygon2|slp
|
|-weather|SunnyDay|[upkeep]
|-damage|p2a: Charizard|9/100|[from] ability: Solar Power|[of] p2a: Charizard
|upkeep
|turn|4
|
|t:|1756744619
|move|p1b: Gholdengo|Protect|p1b: Gholdengo
|-singleturn|p1b: Gholdengo|Protect
|move|p2b: Jumpluff|Tailwind|p2b: Jumpluff
|-sidestart|p2: halfbakedjesus|move: Tailwind
|move|p2a: Charizard|Heat Wave|p1b: Gholdengo|[spread] p1a
|-activate|p1b: Gholdengo|move: Protect
|-damage|p1a: Porygon2|0 fnt
|faint|p1a: Porygon2
|
|-weather|SunnyDay|[upkeep]
|-damage|p2a: Charizard|0 fnt|[from] ability: Solar Power|[of] p2a: Charizard
|faint|p2a: Charizard
|upkeep
|l| Trestkon
|
|t:|1756744630
|switch|p2a: Ursaluna|Ursaluna, L50, M|100/100
|turn|5
|
|t:|1756744649
|move|p2a: Ursaluna|Protect|p2a: Ursaluna
|-singleturn|p2a: Ursaluna|Protect
|move|p2b: Jumpluff|Sunny Day||[still]
|-fail|p2b: Jumpluff
|move|p1b: Gholdengo|Nasty Plot|p1b: Gholdengo
|-boost|p1b: Gholdengo|spa|2
|
|-weather|none
|-status|p2a: Ursaluna|brn|[from] item: Flame Orb
|upkeep
|turn|6
|inactive|K4ze has 30 seconds left.
|
|t:|1756744680
|move|p2b: Jumpluff|Rage Powder|p2b: Jumpluff
|-singleturn|p2b: Jumpluff|move: Rage Powder
|move|p2a: Ursaluna|Headlong Rush|p1b: Gholdengo
|-supereffective|p1b: Gholdengo
|-damage|p1b: Gholdengo|0 fnt
|-unboost|p2a: Ursaluna|def|1
|-unboost|p2a: Ursaluna|spd|1
|faint|p1b: Gholdengo
|
|win|halfbakedjesus
|raw|K4ze's rating: 1041 → 1023(-18 for losing)
|raw|halfbakedjesus's rating: 1000 → 1045(+45 for winning)
|c|☆halfbakedjesus|gg
|c|☆K4ze|Gg wp
|l|☆K4ze
|player|p1|
