|j|☆Djuseppe
|j|☆TJP195
|html|DjuseppeTJP195    
|uhtml|bestof|Game 3 of a best-of-3
|t:|1757028614
|gametype|doubles
|player|p1|Djuseppe|morty|1101
|player|p2|TJP195|rocketgrunt|1113
|gen|9
|tier|[Gen 9] VGC 2025 Reg H (Bo3)
|rated|
|rule|Species Clause: Limit one of each Pokémon
|rule|Item Clause: Limit 1 of each item
|clearpoke
|poke|p1|Gholdengo, L50|
|poke|p1|Ninetales-Alola, L50, M|
|poke|p1|Incineroar, L50, F|
|poke|p1|Rillaboom, L50, F|
|poke|p1|Ursaluna-Bloodmoon, L50, M|
|poke|p1|Talonflame, L50, M|
|poke|p2|Braviary-Hisui, L50, M|
|poke|p2|Ursaluna, L50, M|
|poke|p2|Indeedee-F, L50, F|
|poke|p2|Flamigo, L50, M|
|poke|p2|Incineroar, L50, M|
|poke|p2|Meowstic, L50, M|
|teampreview|4
|showteam|p1|Gholdengo||GrassySeed|GoodasGold|MakeItRain,ShadowBall,NastyPlot,Protect||||||50|,,,,,Water]Ninetales-Alola||LightClay|SnowWarning|AuroraVeil,FreezeDry,IcyWind,Encore|||M|||50|,,,,,Fire]Incineroar||AssaultVest|Intimidate|FakeOut,Uturn,KnockOff,Snarl|||F|||50|,,,,,Bug]Rillaboom||MiracleSeed|GrassySurge|WoodHammer,GrassyGlide,Uturn,FakeOut|||F|||50|,,,,,Fire]Ursaluna-Bloodmoon||LifeOrb|MindsEye|BloodMoon,HyperVoice,EarthPower,Protect|||M|||50|,,,,,Normal]Talonflame||CovertCloak|GaleWings|DualWingbeat,FlareBlitz,Tailwind,WillOWisp|||M|||50|,,,,,Stellar
|showteam|p2|Braviary-Hisui||ChoiceSpecs|TintedLens|ExpandingForce,HeatWave,Snarl,Hurricane|||M|||50|,,,,,Psychic]Ursaluna||FlameOrb|Guts|Facade,Protect,HeadlongRush,Earthquake|||M|||50|,,,,,Ghost]Indeedee-F||SafetyGoggles|PsychicSurge|TrickRoom,FollowMe,HelpingHand,DazzlingGleam|||F|||50|,,,,,Fairy]Flamigo||FocusSash|Scrappy|CloseCombat,Protect,WideGuard,Acrobatics|||M|||50|,,,,,Stellar]Incineroar||AssaultVest|Intimidate|Uturn,FakeOut,KnockOff,FlareBlitz|||M|||50|,,,,,Grass]Meowstic||MentalHerb|Prankster|PsychicTerrain,TrickRoom,LightScreen,RainDance|||M|||50|,,,,,Grass
|inactive|Battle timer is ON: inactive players will automatically lose when time's up. (requested by Djuseppe)
|
|t:|1757028626
|teamsize|p1|4
|teamsize|p2|4
|start
|switch|p1a: Ursaluna|Ursaluna-Bloodmoon, L50, M|100/100
|switch|p1b: Ninetales|Ninetales-Alola, L50, M|100/100
|switch|p2a: Indeedee|Indeedee-F, L50, F, shiny|100/100
|switch|p2b: Meowstic|Meowstic, L50, M, shiny|100/100
|-weather|Snowscape|[from] ability: Snow Warning|[of] p1b: Ninetales
|-fieldstart|move: Psychic Terrain|[from] ability: Psychic Surge|[of] p2a: Indeedee
|turn|1
|
|t:|1757028655
|switch|p1b: Rillaboom|Rillaboom, L50, F|100/100
|-fieldstart|move: Grassy Terrain|[from] ability: Grassy Surge|[of] p1b: Rillaboom
|move|p2b: Meowstic|Light Screen|p2b: Meowstic
|-sidestart|p2: TJP195|move: Light Screen
|move|p1a: Ursaluna|Blood Moon|p2a: Indeedee
|-damage|p2a: Indeedee|31/100
|-damage|p1a: Ursaluna|91/100|[from] item: Life Orb
|move|p2a: Indeedee|Trick Room|p2a: Indeedee
|-fieldstart|move: Trick Room|[of] p2a: Indeedee
|
|-weather|Snowscape|[upkeep]
|-heal|p1a: Ursaluna|97/100|[from] Grassy Terrain
|-heal|p2a: Indeedee|37/100|[from] Grassy Terrain
|upkeep
|turn|2
|
|t:|1757028673
|switch|p2a: Braviary|Braviary-Hisui, L50, M, shiny|100/100
|move|p2b: Meowstic|Psychic Terrain|p2b: Meowstic
|-fieldstart|move: Psychic Terrain
|move|p1a: Ursaluna|Hyper Voice|p2a: Braviary|[spread] p2a,p2b
|-damage|p2a: Braviary|65/100
|-damage|p2b: Meowstic|63/100
|-damage|p1a: Ursaluna|87/100|[from] item: Life Orb
|move|p1b: Rillaboom|U-turn|p2b: Meowstic
|-supereffective|p2b: Meowstic
|-damage|p2b: Meowstic|19/100
|
|t:|1757028683
|switch|p1b: Incineroar|Incineroar, L50, F|100/100|[from] U-turn
|-ability|p1b: Incineroar|Intimidate|boost
|-unboost|p2a: Braviary|atk|1
|-unboost|p2b: Meowstic|atk|1
|
|-weather|Snowscape|[upkeep]
|upkeep
|turn|3
|
|t:|1757028702
|switch|p1a: Rillaboom|Rillaboom, L50, F|100/100
|-fieldstart|move: Grassy Terrain|[from] ability: Grassy Surge|[of] p1a: Rillaboom
|switch|p2b: Indeedee|Indeedee-F, L50, F, shiny|37/100
|-fieldstart|move: Psychic Terrain|[from] ability: Psychic Surge|[of] p2b: Indeedee
|-terastallize|p2a: Braviary|Psychic
|move|p1b: Incineroar|Fake Out|p2a: Braviary
|-activate|p2a: Braviary|move: Psychic Terrain
|move|p2a: Braviary|Expanding Force|p1a: Rillaboom|[spread] p1a
|-immune|p1b: Incineroar
|-damage|p1a: Rillaboom|0 fnt
|faint|p1a: Rillaboom
|
|-weather|Snowscape|[upkeep]
|upkeep
|
|t:|1757028716
|switch|p1a: Ursaluna|Ursaluna-Bloodmoon, L50, M|87/100
|turn|4
|
|t:|1757028728
|switch|p2a: Ursaluna|Ursaluna, L50, M, shiny|100/100
|move|p1a: Ursaluna|Protect|p1a: Ursaluna
|-singleturn|p1a: Ursaluna|Protect
|move|p2b: Indeedee|Follow Me|p2b: Indeedee
|-singleturn|p2b: Indeedee|move: Follow Me
|move|p1b: Incineroar|Knock Off|p2b: Indeedee
|-supereffective|p2b: Indeedee
|-damage|p2b: Indeedee|0 fnt
|-enditem|p2b: Indeedee|Safety Goggles|[from] move: Knock Off|[of] p1b: Incineroar
|faint|p2b: Indeedee
|
|-weather|Snowscape|[upkeep]
|-status|p2a: Ursaluna|brn|[from] item: Flame Orb
|upkeep
|
|t:|1757028742
|switch|p2b: Braviary|Braviary-Hisui, L50, M, shiny, tera:Psychic|65/100
|turn|5
|
|t:|1757028762
|move|p2a: Ursaluna|Headlong Rush|p1b: Incineroar
|-supereffective|p1b: Incineroar
|-damage|p1b: Incineroar|0 fnt
|-unboost|p2a: Ursaluna|def|1
|-unboost|p2a: Ursaluna|spd|1
|faint|p1b: Incineroar
|move|p2b: Braviary|Expanding Force|p1a: Ursaluna
|-damage|p1a: Ursaluna|0 fnt
|faint|p1a: Ursaluna
|
|-weather|none
|-damage|p2a: Ursaluna|94/100 brn|[from] brn
|-sideend|p2: TJP195|move: Light Screen
|-fieldend|move: Trick Room
|upkeep
|c|☆TJP195|gg
|
|t:|1757028780
|switch|p1b: Ninetales|Ninetales-Alola, L50, M|100/100
|-weather|Snowscape|[from] ability: Snow Warning|[of] p1b: Ninetales
|turn|6
|
|t:|1757028789
|move|p1b: Ninetales|Freeze-Dry|p2b: Braviary
|-damage|p2b: Braviary|42/100
|move|p2b: Braviary|Expanding Force|p1b: Ninetales
|-damage|p1b: Ninetales|0 fnt
|faint|p1b: Ninetales
|
|win|TJP195
|raw|Djuseppe's rating: 1101 → 1077(-24 for losing)
|raw|TJP195's rating: 1113 → 1137(+24 for winning)
