|j|☆OreXis945
|j|☆danicruz.music
|html|OreXis945danicruz.music    
|uhtml|bestof|Game 2 of a best-of-3
|t:|1756915032
|gametype|doubles
|player|p1|OreXis945|101|1170
|player|p2|danicruz.music|whitney|1180
|gen|9
|tier|[Gen 9] VGC 2025 Reg H (Bo3)
|rated|
|rule|Species Clause: Limit one of each Pokémon
|rule|Item Clause: Limit 1 of each item
|clearpoke
|poke|p1|Archaludon, L50, F|
|poke|p1|Sinistcha-Masterpiece, L50|
|poke|p1|Dragonite, L50, F|
|poke|p1|Pelipper, L50, F|
|poke|p1|Ursaluna, L50, F|
|poke|p1|Gholdengo, L50|
|poke|p2|Dondozo, L50, F|
|poke|p2|Tatsugiri, L50, M|
|poke|p2|Pelipper, L50, F|
|poke|p2|Archaludon, L50, M|
|poke|p2|Dragapult, L50, F|
|poke|p2|Rillaboom, L50, M|
|teampreview|4
|showteam|p1|Archaludon||AssaultVest|Stamina|BodyPress,Snarl,ElectroShot,FlashCannon|||F|||50|,,,,,Fighting]Sinistcha-Masterpiece||SitrusBerry|Hospitality|MatchaGotcha,RagePowder,TrickRoom,LifeDew||||||50|,,,,,Dark]Dragonite||LoadedDice|Multiscale|ScaleShot,Protect,Tailwind,Haze|||F|||50|,,,,,Steel]Pelipper||FocusSash|Drizzle|MuddyWater,Hurricane,Tailwind,Protect|||F|||50|,,,,,Ghost]Ursaluna||FlameOrb|Guts|Facade,HeadlongRush,Earthquake,Protect|||F|||50|,,,,,Ghost]Gholdengo||ChoiceScarf|GoodasGold|MakeItRain,TeraBlast,ShadowBall,Trick||||||50|,,,,,Water
|showteam|p2|Dondozo||Leftovers|Unaware|WaveCrash,Earthquake,OrderUp,Protect|||F|||50|,,,,,Ground]Tatsugiri||FocusSash|Commander|DragonPulse,DracoMeteor,MuddyWater,IcyWind|||M|||50|,,,,,Fairy]Pelipper||CovertCloak|Drizzle|Hurricane,WeatherBall,WideGuard,Tailwind|||F|||50|,,,,,Fire]Archaludon||PowerHerb|Stalwart|ElectroShot,FlashCannon,DracoMeteor,Protect|||M|||50|,,,,,Electric]Dragapult||ChoiceBand|ClearBody|DragonDarts,BodySlam,PhantomForce,Uturn|||F|||50|,,,,,Normal]Rillaboom||AssaultVest|GrassySurge|FakeOut,GrassyGlide,WoodHammer,Uturn|||M|||50|,,,,,Fire
|inactive|Battle timer is ON: inactive players will automatically lose when time's up. (requested by danicruz.music)
|
|t:|1756915062
|teamsize|p1|4
|teamsize|p2|4
|start
|switch|p1a: Gholdengo|Gholdengo, L50|100/100
|switch|p1b: Archaludon|Archaludon, L50, F|100/100
|switch|p2a: Dragapult|Dragapult, L50, F|100/100
|switch|p2b: Tatsugiri|Tatsugiri, L50, M|100/100
|turn|1
|
|t:|1756915078
|move|p2a: Dragapult|Phantom Force||[still]
|-prepare|p2a: Dragapult|Phantom Force
|move|p1a: Gholdengo|Make It Rain|p2a: Dragapult|[spread] p2b
|-miss|p1a: Gholdengo|p2a: Dragapult
|-resisted|p2b: Tatsugiri
|-damage|p2b: Tatsugiri|64/100
|-unboost|p1a: Gholdengo|spa|1
|move|p2b: Tatsugiri|Draco Meteor|p1b: Archaludon
|-damage|p1b: Archaludon|54/100
|-unboost|p2b: Tatsugiri|spa|2
|-ability|p1b: Archaludon|Stamina|boost
|-boost|p1b: Archaludon|def|1
|move|p1b: Archaludon|Flash Cannon|p2b: Tatsugiri
|-resisted|p2b: Tatsugiri
|-damage|p2b: Tatsugiri|41/100
|
|upkeep
|turn|2
|
|t:|1756915099
|switch|p1a: Dragonite|Dragonite, L50, F|100/100
|move|p2a: Dragapult|Phantom Force|p1a: Dragonite|[from] lockedmove
|-damage|p1a: Dragonite|65/100
|move|p2b: Tatsugiri|Muddy Water|p1a: Dragonite|[spread] p1a
|-miss|p2b: Tatsugiri|p1b: Archaludon
|-resisted|p1a: Dragonite
|-damage|p1a: Dragonite|57/100
|move|p1b: Archaludon|Snarl|p2a: Dragapult|[spread] p2a,p2b
|-supereffective|p2a: Dragapult
|-damage|p2a: Dragapult|70/100
|-damage|p2b: Tatsugiri|26/100
|-unboost|p2b: Tatsugiri|spa|1
|
|upkeep
|turn|3
|
|t:|1756915119
|-terastallize|p2b: Tatsugiri|Fairy
|move|p2a: Dragapult|Phantom Force||[still]
|-prepare|p2a: Dragapult|Phantom Force
|move|p2b: Tatsugiri|Icy Wind|p1b: Archaludon|[spread] p1a,p1b
|-supereffective|p1a: Dragonite
|-damage|p1a: Dragonite|33/100
|-damage|p1b: Archaludon|51/100
|-unboost|p1a: Dragonite|spe|1
|-unboost|p1b: Archaludon|spe|1
|-ability|p1b: Archaludon|Stamina|boost
|-boost|p1b: Archaludon|def|1
|move|p1a: Dragonite|Tailwind|p1a: Dragonite
|-sidestart|p1: OreXis945|move: Tailwind
|move|p1b: Archaludon|Flash Cannon|p2b: Tatsugiri
|-supereffective|p2b: Tatsugiri
|-damage|p2b: Tatsugiri|0 fnt
|faint|p2b: Tatsugiri
|
|upkeep
|
|t:|1756915137
|switch|p2b: Dondozo|Dondozo, L50, F|100/100
|turn|4
|
|t:|1756915152
|switch|p1a: Sinistcha|Sinistcha-Masterpiece, L50|100/100
|-heal|p1b: Archaludon|76/100|[from] ability: Hospitality|[of] p1a: Sinistcha
|move|p2a: Dragapult|Phantom Force|p1b: Archaludon|[from] lockedmove
|-damage|p1b: Archaludon|54/100
|-ability|p1b: Archaludon|Stamina|boost
|-boost|p1b: Archaludon|def|1
|move|p1b: Archaludon|Flash Cannon|p2a: Dragapult
|-damage|p2a: Dragapult|26/100
|move|p2b: Dondozo|Wave Crash|p1b: Archaludon
|-resisted|p1b: Archaludon
|-damage|p1b: Archaludon|36/100
|-ability|p1b: Archaludon|Stamina|boost
|-boost|p1b: Archaludon|def|1
|-damage|p2b: Dondozo|96/100|[from] Recoil
|
|-heal|p2b: Dondozo|100/100|[from] item: Leftovers
|upkeep
|turn|5
|
|t:|1756915171
|move|p2a: Dragapult|Phantom Force||[still]
|-prepare|p2a: Dragapult|Phantom Force
|move|p1a: Sinistcha|Life Dew||[still]|[spread] p1a,p1b
|-fail|p1a: Sinistcha|heal
|-heal|p1b: Archaludon|61/100
|move|p1b: Archaludon|Electro Shot||[still]
|-prepare|p1b: Archaludon|Electro Shot
|-boost|p1b: Archaludon|spa|1
|move|p2b: Dondozo|Earthquake|p1a: Sinistcha|[spread] p1a,p1b
|-miss|p2b: Dondozo|p2a: Dragapult
|-resisted|p1a: Sinistcha
|-supereffective|p1b: Archaludon
|-damage|p1a: Sinistcha|90/100
|-damage|p1b: Archaludon|29/100
|-ability|p1b: Archaludon|Stamina|boost
|-boost|p1b: Archaludon|def|1
|
|upkeep
|turn|6
|
|t:|1756915187
|move|p2b: Dondozo|Protect|p2b: Dondozo
|-singleturn|p2b: Dondozo|Protect
|move|p2a: Dragapult|Phantom Force|p1a: Sinistcha|[from] lockedmove
|-supereffective|p1a: Sinistcha
|-damage|p1a: Sinistcha|0 fnt
|faint|p1a: Sinistcha
|move|p1b: Archaludon|Electro Shot|p2b: Dondozo|[from] lockedmove
|-activate|p2b: Dondozo|move: Protect
|
|-sideend|p1: OreXis945|move: Tailwind
|upkeep
|
|t:|1756915196
|switch|p1a: Dragonite|Dragonite, L50, F|33/100
|turn|7
|
|t:|1756915205
|move|p2a: Dragapult|Phantom Force||[still]
|-prepare|p2a: Dragapult|Phantom Force
|move|p1a: Dragonite|Tailwind|p1a: Dragonite
|-sidestart|p1: OreXis945|move: Tailwind
|move|p1b: Archaludon|Electro Shot||[still]
|-prepare|p1b: Archaludon|Electro Shot
|-boost|p1b: Archaludon|spa|1
|move|p2b: Dondozo|Earthquake|p1b: Archaludon|[spread] p1b
|-miss|p2b: Dondozo|p2a: Dragapult
|-immune|p1a: Dragonite
|-supereffective|p1b: Archaludon
|-damage|p1b: Archaludon|2/100
|-ability|p1b: Archaludon|Stamina|boost
|-boost|p1b: Archaludon|def|1
|
|upkeep
|turn|8
|
|t:|1756915225
|move|p2b: Dondozo|Protect|p2b: Dondozo
|-singleturn|p2b: Dondozo|Protect
|move|p1a: Dragonite|Scale Shot|p2b: Dondozo
|-activate|p2b: Dondozo|move: Protect
|move|p2a: Dragapult|Phantom Force|p1a: Dragonite|[from] lockedmove
|-damage|p1a: Dragonite|0 fnt
|faint|p1a: Dragonite
|move|p1b: Archaludon|Electro Shot|p2a: Dragapult|[from] lockedmove
|-resisted|p2a: Dragapult
|-damage|p2a: Dragapult|0 fnt
|faint|p2a: Dragapult
|
|upkeep
|
|t:|1756915233
|switch|p2a: Archaludon|Archaludon, L50, M|100/100
|switch|p1a: Gholdengo|Gholdengo, L50|100/100
|turn|9
|
|t:|1756915250
|move|p2a: Archaludon|Protect|p2a: Archaludon
|-singleturn|p2a: Archaludon|Protect
|move|p1a: Gholdengo|Trick|p2b: Dondozo
|-activate|p1a: Gholdengo|move: Trick|[of] p2b: Dondozo
|-item|p2b: Dondozo|Choice Scarf|[from] move: Trick
|-item|p1a: Gholdengo|Leftovers|[from] move: Trick
|move|p1b: Archaludon|Body Press|p2a: Archaludon
|-activate|p2a: Archaludon|move: Protect
|move|p2b: Dondozo|Earthquake|p1a: Gholdengo|[spread] p1a,p1b
|-activate|p2a: Archaludon|move: Protect
|-supereffective|p1a: Gholdengo
|-supereffective|p1b: Archaludon
|-damage|p1a: Gholdengo|45/100
|-damage|p1b: Archaludon|0 fnt
|faint|p1b: Archaludon
|
|-heal|p1a: Gholdengo|51/100|[from] item: Leftovers
|upkeep
|turn|10
|
|t:|1756915270
|-terastallize|p1a: Gholdengo|Water
|move|p1a: Gholdengo|Shadow Ball|p2a: Archaludon
|-damage|p2a: Archaludon|30/100
|move|p2a: Archaludon|Electro Shot||[still]
|-prepare|p2a: Archaludon|Electro Shot
|-boost|p2a: Archaludon|spa|1
|-enditem|p2a: Archaludon|Power Herb
|-anim|p2a: Archaludon|Electro Shot|p1a: Gholdengo
|-supereffective|p1a: Gholdengo
|-damage|p1a: Gholdengo|0 fnt
|faint|p1a: Gholdengo
|
|win|danicruz.music
|l|☆danicruz.music
|player|p2|
||danicruz.music is ready for game 3.
||OreXis945 is ready for game 3.
|uhtml|next|Next: Game 3 of 3
