|j|☆LanternComic
|j|☆SunshineTufo
|html|LanternComicSunshineTufo    
|uhtml|bestof|Game 2 of a best-of-3
|t:|1785439819
|gametype|doubles
|player|p1|LanternComic|silver-masters|1349
|player|p2|SunshineTufo|li|1294
|gen|9
|tier|[Gen 9 Champions] VGC 2026 Reg M-B (Bo3)
|rated|
|rule|Species Clause: Limit one of each Pokémon
|rule|Item Clause: Limit 1 of each item
|clearpoke
|poke|p1|Staraptor, L50, M, shiny|
|poke|p1|Delphox, L50, M|
|poke|p1|Whimsicott, L50, M|
|poke|p1|Rotom-Wash, L50|
|poke|p1|Kingambit, L50, F, shiny|
|poke|p1|Sneasler, L50, M, shiny|
|poke|p2|Charizard, L50, M, shiny|
|poke|p2|Incineroar, L50, M, shiny|
|poke|p2|Sylveon, L50, M, shiny|
|poke|p2|Aerodactyl, L50, M, shiny|
|poke|p2|Garchomp, L50, M, shiny|
|poke|p2|Farigiraf, L50, M, shiny|
|teampreview|4
|showteam|p1|Staraptor||Staraptite|Intimidate|BraveBird,CloseCombat,Roost,Protect|Adamant||M|||50|]Delphox||Delphoxite|Blaze|HeatWave,Psychic,Encore,Protect|Timid||M|||50|]Whimsicott||FocusSash|Prankster|Moonblast,Charm,Tailwind,FakeTears|Timid||M|||50|]Rotom-Wash||SitrusBerry|Levitate|Thunderbolt,HydroPump,WillOWisp,Protect|Modest|||||50|]Kingambit||BlackGlasses|Defiant|KowtowCleave,SuckerPunch,IronHead,Protect|Adamant||F|||50|]Sneasler||WhiteHerb|Unburden|CloseCombat,DireClaw,FakeOut,Protect|Jolly||M|||50|
|showteam|p2|Charizard||CharizarditeY|SolarPower|HeatWave,WeatherBall,SolarBeam,Protect|Modest||M|||50|]Incineroar||Charcoal|Intimidate|FlareBlitz,DarkestLariat,FakeOut,PartingShot|Brave||M|||50|]Sylveon||FairyFeather|Pixilate|HyperVoice,QuickAttack,HyperBeam,Detect|Modest||M|||50|]Aerodactyl||Aerodactylite|Unnerve|WideGuard,RockSlide,DualWingbeat,Tailwind|Jolly||M|||50|]Garchomp||LifeOrb|RoughSkin|Protect,StompingTantrum,DragonClaw,Earthquake|Adamant||M|||50|]Farigiraf||SitrusBerry|ArmorTail|SunnyDay,PsychicFangs,Thunderbolt,TrickRoom|Relaxed||M|||50|
|inactive|Battle timer is ON: inactive players will automatically lose when time's up. (requested by SunshineTufo)
|inactive|LanternComic has 60 seconds left.
|inactive|SunshineTufo has 60 seconds left.
|
|t:|1785439867
|teamsize|p1|4
|teamsize|p2|4
|start
|switch|p1a: Tatsu|Kingambit, L50, F, shiny|100/100
|switch|p1b: Millie|Delphox, L50, M|100/100
|switch|p2a: Farigiraf|Farigiraf, L50, M, shiny|100/100
|switch|p2b: Incineroar|Incineroar, L50, M, shiny|100/100
|-ability|p2b: Incineroar|Intimidate|boost
|-unboost|p1a: Tatsu|atk|1
|-ability|p1a: Tatsu|Defiant|boost
|-boost|p1a: Tatsu|atk|2
|-unboost|p1b: Millie|atk|1
|turn|1
|
|t:|1785439881
|detailschange|p1b: Millie|Delphox-Mega, L50, M
|-mega|p1b: Millie|Delphox|Delphoxite
|move|p1b: Millie|Encore||[still]
|-fail|p1b: Millie
|move|p1a: Tatsu|Kowtow Cleave|p2a: Farigiraf
|-supereffective|p2a: Farigiraf|1
|-damage|p2a: Farigiraf|0 fnt
|faint|p2a: Farigiraf
|move|p2b: Incineroar|Darkest Lariat|p1b: Millie
|-supereffective|p1b: Millie|1
|-damage|p1b: Millie|10/100
|
|upkeep
|
|t:|1785439885
|switch|p2a: Charizard|Charizard, L50, M, shiny|100/100
|turn|2
|
|t:|1785439903
|detailschange|p2a: Charizard|Charizard-Mega-Y, L50, M, shiny
|-mega|p2a: Charizard|Charizard|Charizardite Y
|-weather|SunnyDay|[from] ability: Drought|[of] p2a: Charizard
|move|p1b: Millie|Protect|p1b: Millie
|-singleturn|p1b: Millie|Protect
|move|p2a: Charizard|Protect|p2a: Charizard
|-singleturn|p2a: Charizard|Protect
|move|p1a: Tatsu|Protect|p1a: Tatsu
|-singleturn|p1a: Tatsu|Protect
|move|p2b: Incineroar|Flare Blitz|p1a: Tatsu
|-activate|p1a: Tatsu|move: Protect
|
|-weather|SunnyDay|[upkeep]
|upkeep
|turn|3
|
|t:|1785439916
|switch|p2a: Sylveon|Sylveon, L50, M, shiny|100/100
|move|p1b: Millie|Psychic|p2a: Sylveon
|-damage|p2a: Sylveon|59/100
|-unboost|p2a: Sylveon|spd|1
|move|p1a: Tatsu|Iron Head|p2a: Sylveon
|-supereffective|p2a: Sylveon|1
|-damage|p2a: Sylveon|0 fnt
|faint|p2a: Sylveon
|move|p2b: Incineroar|Flare Blitz|p1a: Tatsu
|-supereffective|p1a: Tatsu|1
|-damage|p1a: Tatsu|0 fnt
|faint|p1a: Tatsu
|-damage|p2b: Incineroar|67/100|[from] Recoil
|
|-weather|SunnyDay|[upkeep]
|upkeep
|
|t:|1785439926
|switch|p2a: Charizard|Charizard-Mega-Y, L50, M, shiny|100/100
|switch|p1a: Ghostmaker|Sneasler, L50, M, shiny|100/100
|turn|4
|
|t:|1785439932
|move|p1b: Millie|Psychic|p2a: Charizard
|-damage|p2a: Charizard|54/100
|move|p1a: Ghostmaker|Close Combat|p2b: Incineroar
|-supereffective|p2b: Incineroar|1
|-damage|p2b: Incineroar|0 fnt
|-unboost|p1a: Ghostmaker|def|1
|-unboost|p1a: Ghostmaker|spd|1
|faint|p2b: Incineroar
|-enditem|p1a: Ghostmaker|White Herb
|-clearnegativeboost|p1a: Ghostmaker|[silent]
|move|p2a: Charizard|Heat Wave|p1b: Millie|[spread] p1a,p1b
|-resisted|p1b: Millie|1
|-damage|p1a: Ghostmaker|15/100
|-damage|p1b: Millie|0 fnt
|faint|p1b: Millie
|
|-weather|SunnyDay|[upkeep]
|upkeep
|
|t:|1785439937
|switch|p1b: Spin Cycle|Rotom-Wash, L50|100/100
|turn|5
|
|t:|1785439945
|move|p1a: Ghostmaker|Dire Claw|p2a: Charizard
|-damage|p2a: Charizard|12/100
|move|p2a: Charizard|Solar Beam||[still]
|-prepare|p2a: Charizard|Solar Beam
|-anim|p2a: Charizard|Solar Beam|p1b: Spin Cycle
|-supereffective|p1b: Spin Cycle|1
|-damage|p1b: Spin Cycle|0 fnt
|faint|p1b: Spin Cycle
|
|-weather|SunnyDay|[upkeep]
|upkeep
|turn|6
|
|t:|1785439955
|move|p1a: Ghostmaker|Dire Claw|p2a: Charizard
|-damage|p2a: Charizard|0 fnt
|faint|p2a: Charizard
|
|win|LanternComic
