|j|☆elchiiiiiiii
|j|☆bsyhead
|html|elchiiiiiiiibsyhead    
|uhtml|bestof|Game 1 of a best-of-3
|t:|1783281946
|gametype|doubles
|player|p1|elchiiiiiiii|2|1056
|player|p2|bsyhead|fisherman-gen4|1000
|gen|9
|tier|[Gen 9 Champions] VGC 2026 Reg M-B (Bo3)
|rated|
|rule|Species Clause: Limit one of each Pokémon
|rule|Item Clause: Limit 1 of each item
|clearpoke
|poke|p1|Lopunny, L50, M|
|poke|p1|Meowscarada, L50, F|
|poke|p1|Liepard, L50, F|
|poke|p1|Glimmora, L50, M|
|poke|p1|Barbaracle, L50, F|
|poke|p1|Volcarona, L50, F|
|poke|p2|Archaludon, L50, F|
|poke|p2|Basculegion, L50, M|
|poke|p2|Pelipper, L50, M|
|poke|p2|Maushold-Four, L50|
|poke|p2|Gardevoir, L50, M|
|poke|p2|Swampert, L50, M|
|teampreview|4
|showteam|p1|Lopunny||Lopunnite|Limber|FakeOut,TripleAxel,CloseCombat,Protect|Jolly||M|||50|]Meowscarada||ChoiceScarf|Protean|FlowerTrick,KnockOff,Uturn,BrickBreak|Jolly||F|||50|]Liepard||MentalHerb|Prankster|Uturn,Encore,Taunt,Protect|Careful||F|||50|]Glimmora||FocusSash|ToxicDebris|EarthPower,SludgeBomb,PowerGem,Protect|Modest||M|||50|]Barbaracle||Barbaracite|ToughClaws|Liquidation,Facade,RockSlide,Protect|Adamant||F|||50|]Volcarona||Leftovers|FlameBody|QuiverDance,BugBuzz,HeatWave,Protect|Timid||F|||50|
|showteam|p2|Archaludon||Leftovers|Stamina|DragonPulse,FlashCannon,ElectroShot,Protect|Calm||F|||50|]Basculegion||ChoiceScarf|Adaptability|WaveCrash,FlipTurn,LastRespects,AquaJet|Jolly||M|||50|]Pelipper||SitrusBerry|Drizzle|WeatherBall,Hurricane,Tailwind,Protect|Modest||M|||50|]Maushold-Four||FocusSash|FriendGuard|SuperFang,RainDance,FollowMe,Protect|Timid|||||50|]Gardevoir||Gardevoirite|Synchronize|Psyshock,TrickRoom,HyperVoice,Protect|Modest||M|||50|]Swampert||Swampertite|Torrent|WaveCrash,HighHorsepower,IcePunch,Protect|Adamant||M|||50|
|
|t:|1783282038
|teamsize|p1|4
|teamsize|p2|4
|start
|switch|p1a: Liepard|Liepard, L50, F|100/100
|switch|p1b: Glimmora|Glimmora, L50, M|100/100
|switch|p2a: Gardevoir|Gardevoir, L50, M|100/100
|switch|p2b: Maushold|Maushold-Four, L50|100/100
|turn|1
|
|t:|1783282064
|detailschange|p2a: Gardevoir|Gardevoir-Mega, L50, M
|-mega|p2a: Gardevoir|Gardevoir|Gardevoirite
|move|p2b: Maushold|Follow Me|p2b: Maushold
|-singleturn|p2b: Maushold|move: Follow Me
|move|p1a: Liepard|Taunt|p2b: Maushold
|-start|p2b: Maushold|move: Taunt
|move|p1b: Glimmora|Sludge Bomb|p2b: Maushold
|-damage|p2b: Maushold|31/100
|move|p2a: Gardevoir|Hyper Voice|p1b: Glimmora|[spread] p1a,p1b
|-supereffective|p1a: Liepard|1
|-resisted|p1b: Glimmora|1
|-damage|p1a: Liepard|0 fnt
|-damage|p1b: Glimmora|66/100
|faint|p1a: Liepard
|
|upkeep
|
|t:|1783282077
|switch|p1a: Lopunny|Lopunny, L50, M|100/100
|turn|2
|
|t:|1783282088
|detailschange|p1a: Lopunny|Lopunny-Mega, L50, M
|-mega|p1a: Lopunny|Lopunny|Lopunnite
|move|p2a: Gardevoir|Protect|p2a: Gardevoir
|-singleturn|p2a: Gardevoir|Protect
|move|p1a: Lopunny|Fake Out|p2a: Gardevoir
|-activate|p2a: Gardevoir|move: Protect
|move|p2b: Maushold|Super Fang|p1a: Lopunny
|-damage|p1a: Lopunny|50/100y
|move|p1b: Glimmora|Sludge Bomb|p2a: Gardevoir
|-activate|p2a: Gardevoir|move: Protect
|
|upkeep
|turn|3
|
|t:|1783282127
|switch|p2a: Archaludon|Archaludon, L50, F|100/100
|move|p1a: Lopunny|Protect|p1a: Lopunny
|-singleturn|p1a: Lopunny|Protect
|move|p2b: Maushold|Super Fang|p1a: Lopunny
|-activate|p1a: Lopunny|move: Protect
|move|p1b: Glimmora|Sludge Bomb|p2a: Archaludon
|-immune|p2a: Archaludon
|
|upkeep
|turn|4
|
|t:|1783282144
|move|p2a: Archaludon|Protect|p2a: Archaludon
|-singleturn|p2a: Archaludon|Protect
|move|p1a: Lopunny|Close Combat|p2a: Archaludon
|-activate|p2a: Archaludon|move: Protect
|move|p2b: Maushold|Super Fang|p1a: Lopunny
|-damage|p1a: Lopunny|25/100
|move|p1b: Glimmora|Earth Power|p2a: Archaludon
|-activate|p2a: Archaludon|move: Protect
|
|-end|p2b: Maushold|move: Taunt
|upkeep
|turn|5
|
|t:|1783282159
|move|p2b: Maushold|Follow Me|p2b: Maushold
|-singleturn|p2b: Maushold|move: Follow Me
|move|p1a: Lopunny|Close Combat|p2b: Maushold
|-supereffective|p2b: Maushold|1
|-damage|p2b: Maushold|0 fnt
|-unboost|p1a: Lopunny|def|1
|-unboost|p1a: Lopunny|spd|1
|faint|p2b: Maushold
|move|p1b: Glimmora|Earth Power|p2a: Archaludon
|-supereffective|p2a: Archaludon|1
|-damage|p2a: Archaludon|39/100
|-ability|p2a: Archaludon|Stamina|boost
|-boost|p2a: Archaludon|def|1
|move|p2a: Archaludon|Flash Cannon|p1b: Glimmora
|-supereffective|p1b: Glimmora|1
|-damage|p1b: Glimmora|0 fnt
|faint|p1b: Glimmora
|
|-heal|p2a: Archaludon|45/100|[from] item: Leftovers
|upkeep
|
|t:|1783282174
|switch|p2b: Gardevoir|Gardevoir-Mega, L50, M|100/100
|switch|p1b: Meowscarada|Meowscarada, L50, F|100/100
|turn|6
|
|t:|1783282195
|move|p2b: Gardevoir|Protect|p2b: Gardevoir
|-singleturn|p2b: Gardevoir|Protect
|move|p2a: Archaludon|Protect|p2a: Archaludon
|-singleturn|p2a: Archaludon|Protect
|move|p1b: Meowscarada|Flower Trick|p2b: Gardevoir
|-start|p1b: Meowscarada|typechange|Grass|[from] ability: Protean
|-activate|p2b: Gardevoir|move: Protect
|move|p1a: Lopunny|Close Combat|p2a: Archaludon
|-activate|p2a: Archaludon|move: Protect
|
|-heal|p2a: Archaludon|52/100|[from] item: Leftovers
|upkeep
|turn|7
|
|t:|1783282219
|move|p1b: Meowscarada|Flower Trick|p2b: Gardevoir
|-crit|p2b: Gardevoir
|-damage|p2b: Gardevoir|24/100
|move|p1a: Lopunny|Close Combat|p2a: Archaludon
|-supereffective|p2a: Archaludon|1
|-damage|p2a: Archaludon|0 fnt
|-unboost|p1a: Lopunny|def|1
|-unboost|p1a: Lopunny|spd|1
|faint|p2a: Archaludon
|move|p2b: Gardevoir|Hyper Voice|p1a: Lopunny|[spread] p1a,p1b
|-supereffective|p1a: Lopunny|1
|-damage|p1a: Lopunny|0 fnt
|-damage|p1b: Meowscarada|21/100
|faint|p1a: Lopunny
|
|upkeep
|
|t:|1783282224
|switch|p2a: Pelipper|Pelipper, L50, M|100/100
|-weather|RainDance|[from] ability: Drizzle|[of] p2a: Pelipper
|turn|8
|
|t:|1783282235
|move|p1b: Meowscarada|Flower Trick|p2b: Gardevoir
|-crit|p2b: Gardevoir
|-damage|p2b: Gardevoir|0 fnt
|faint|p2b: Gardevoir
|move|p2a: Pelipper|Hurricane|p1b: Meowscarada
|-supereffective|p1b: Meowscarada|1
|-damage|p1b: Meowscarada|0 fnt
|faint|p1b: Meowscarada
|
|win|bsyhead
||elchiiiiiiii is ready for game 2.
|l|☆elchiiiiiiii
|player|p1|
|inactive|bsyhead has 30 seconds to confirm battle start!
||bsyhead is ready for game 2.
|uhtml|next|Next: Game 2 of 3
