|j|☆pepps996
|j|☆bobsparents
|html|pepps996bobsparents    
|uhtml|bestof|Game 2 of a best-of-3
|t:|1784326309
|gametype|doubles
|player|p1|pepps996|brycenman|1061
|player|p2|bobsparents|cynthia|1000
|gen|9
|tier|[Gen 9 Champions] VGC 2026 Reg M-B (Bo3)
|rated|
|rule|Species Clause: Limit one of each Pokémon
|rule|Item Clause: Limit 1 of each item
|clearpoke
|poke|p1|Maushold, L50|
|poke|p1|Swampert, L50, F|
|poke|p1|Annihilape, L50, M|
|poke|p1|Grimmsnarl, L50, M|
|poke|p1|Pelipper, L50, F|
|poke|p1|Archaludon, L50, M|
|poke|p2|Clawitzer, L50, M|
|poke|p2|Farigiraf, L50, M|
|poke|p2|Camerupt, L50, M|
|poke|p2|Mawile, L50, F|
|poke|p2|Vanilluxe, L50, F|
|poke|p2|Sinistcha, L50|
|teampreview|4
|showteam|p1|Maushold||FocusSash|FriendGuard|BeatUp,FollowMe,SuperFang,Protect|Timid|||||50|]Swampert||Swampertite|Torrent|WaveCrash,HighHorsepower,RockSlide,Protect|Adamant||F|||50|]Annihilape||SitrusBerry|Defiant|RageFist,DrainPunch,BulkUp,Protect|Careful||M|||50|]Grimmsnarl||LightClay|Prankster|Reflect,LightScreen,SpiritBreak,PartingShot|Careful||M|||50|]Pelipper||LifeOrb|Drizzle|WeatherBall,Hurricane,WideGuard,Tailwind|Modest||F|||50|]Archaludon||Leftovers|Stamina|DragonPulse,FlashCannon,ElectroShot,Protect|Bold||M|||50|
|showteam|p2|Clawitzer||LifeOrb|MegaLauncher|WaterPulse,DarkPulse,AuraSphere,Protect|Quiet||M|||50|]Farigiraf||SitrusBerry|ArmorTail|HyperVoice,AllySwitch,TrickRoom,Protect|Relaxed||M|||50|]Camerupt||Cameruptite|AngerPoint|HeatWave,EarthPower,AncientPower,Protect|Quiet||M|||50|]Mawile||Mawilite|HyperCutter|PlayRough,IronHead,SuckerPunch,RockSlide|Brave||F|||50|]Vanilluxe||NeverMeltIce|SnowWarning|Blizzard,IceShard,FreezeDry,Protect|Quiet||F|||50|]Sinistcha||KasibBerry|Hospitality|MatchaGotcha,RagePowder,LifeDew,TrickRoom|Relaxed|||||50|
|
|t:|1784326352
|teamsize|p1|4
|teamsize|p2|4
|start
|switch|p1a: Pelipper|Pelipper, L50, F|100/100
|switch|p1b: Swampert|Swampert, L50, F|100/100
|switch|p2a: Farigiraf|Farigiraf, L50, M|100/100
|switch|p2b: Mawile|Mawile, L50, F|100/100
|-weather|RainDance|[from] ability: Drizzle|[of] p1a: Pelipper
|turn|1
|
|t:|1784326381
|switch|p2b: Vanilluxe|Vanilluxe, L50, F|100/100
|-weather|Snowscape|[from] ability: Snow Warning|[of] p2b: Vanilluxe
|detailschange|p1b: Swampert|Swampert-Mega, L50, F
|-mega|p1b: Swampert|Swampert|Swampertite
|move|p1b: Swampert|High Horsepower|p2b: Vanilluxe
|-damage|p2b: Vanilluxe|48/100
|move|p1a: Pelipper|Weather Ball|p2b: Vanilluxe
|-resisted|p2b: Vanilluxe|1
|-crit|p2b: Vanilluxe
|-damage|p2b: Vanilluxe|24/100
|-damage|p1a: Pelipper|90/100|[from] item: Life Orb
|move|p2a: Farigiraf|Trick Room|p2a: Farigiraf
|-fieldstart|move: Trick Room|[of] p2a: Farigiraf
|
|-weather|Snowscape|[upkeep]
|upkeep
|turn|2
|
|t:|1784326412
|move|p2a: Farigiraf|Ally Switch|p2a: Farigiraf
|swap|p2a: Farigiraf|1|[from] move: Ally Switch
|move|p2a: Vanilluxe|Freeze-Dry|p1a: Pelipper
|-supereffective|p1a: Pelipper|2
|-damage|p1a: Pelipper|0 fnt
|faint|p1a: Pelipper
|move|p1b: Swampert|High Horsepower|p2b: Farigiraf
|-damage|p2b: Farigiraf|52/100
|
|-weather|Snowscape|[upkeep]
|upkeep
|
|t:|1784326423
|switch|p1a: Maushold|Maushold, L50|100/100
|turn|3
|
|t:|1784326432
|move|p1a: Maushold|Protect|p1a: Maushold
|-singleturn|p1a: Maushold|Protect
|move|p2b: Farigiraf|Hyper Voice|p1a: Maushold|[spread] p1b
|-activate|p1a: Maushold|move: Protect
|-damage|p1b: Swampert|82/100
|move|p2a: Vanilluxe|Blizzard|p1b: Swampert|[spread] p1b
|-activate|p1a: Maushold|move: Protect
|-damage|p1b: Swampert|47/100
|move|p1b: Swampert|Rock Slide|p2a: Vanilluxe|[spread] p2a,p2b
|-supereffective|p2a: Vanilluxe|1
|-crit|p2b: Farigiraf
|-damage|p2a: Vanilluxe|0 fnt
|-damage|p2b: Farigiraf|24/100
|-enditem|p2b: Farigiraf|Sitrus Berry|[eat]
|-heal|p2b: Farigiraf|49/100|[from] item: Sitrus Berry
|faint|p2a: Vanilluxe
|
|-weather|Snowscape|[upkeep]
|upkeep
|
|t:|1784326448
|switch|p2a: Clawitzer|Clawitzer, L50, M|100/100
|turn|4
|
|t:|1784326461
|move|p2a: Clawitzer|Aura Sphere|p1a: Maushold
|-supereffective|p1a: Maushold|1
|-enditem|p1a: Maushold|Focus Sash
|-damage|p1a: Maushold|1/100
|-damage|p2a: Clawitzer|90/100|[from] item: Life Orb
|move|p2b: Farigiraf|Hyper Voice|p1b: Swampert|[spread] p1a,p1b
|-damage|p1a: Maushold|0 fnt
|-damage|p1b: Swampert|30/100
|faint|p1a: Maushold
|move|p1b: Swampert|Wave Crash|p2a: Clawitzer
|-resisted|p2a: Clawitzer|1
|-damage|p2a: Clawitzer|48/100
|-damage|p1b: Swampert|17/100|[from] Recoil
|
|-weather|Snowscape|[upkeep]
|upkeep
|
|t:|1784326474
|switch|p1a: Annihilape|Annihilape, L50, M|100/100
|turn|5
|
|t:|1784326488
|move|p1b: Swampert|Protect|p1b: Swampert
|-singleturn|p1b: Swampert|Protect
|move|p1a: Annihilape|Protect|p1a: Annihilape
|-singleturn|p1a: Annihilape|Protect
|move|p2a: Clawitzer|Water Pulse|p1a: Annihilape
|-activate|p1a: Annihilape|move: Protect
|move|p2b: Farigiraf|Hyper Voice|p1a: Annihilape|[spread] 
|-activate|p1a: Annihilape|move: Protect
|-activate|p1b: Swampert|move: Protect
|
|-weather|none
|-fieldend|move: Trick Room
|upkeep
|turn|6
|
|t:|1784326511
|move|p2a: Clawitzer|Protect|p2a: Clawitzer
|-singleturn|p2a: Clawitzer|Protect
|move|p1a: Annihilape|Drain Punch|p2a: Clawitzer
|-activate|p2a: Clawitzer|move: Protect
|move|p1b: Swampert|Wave Crash|p2b: Farigiraf
|-damage|p2b: Farigiraf|0 fnt
|faint|p2b: Farigiraf
|-damage|p1b: Swampert|0 fnt|[from] Recoil
|faint|p1b: Swampert
|
|upkeep
|
|t:|1784326518
|switch|p2b: Mawile|Mawile, L50, F|100/100
|turn|7
|
|t:|1784326528
|detailschange|p2b: Mawile|Mawile-Mega, L50, F
|-mega|p2b: Mawile|Mawile|Mawilite
|move|p1a: Annihilape|Drain Punch|p2b: Mawile
|-damage|p2b: Mawile|71/100
|move|p2a: Clawitzer|Water Pulse|p1a: Annihilape
|-damage|p1a: Annihilape|50/100g
|-damage|p2a: Clawitzer|38/100|[from] item: Life Orb
|move|p2b: Mawile|Play Rough|p1a: Annihilape
|-supereffective|p1a: Annihilape|1
|-damage|p1a: Annihilape|0 fnt
|faint|p1a: Annihilape
|
|win|bobsparents
|raw|pepps996's rating: 1061 → 1039(-22 for losing)
|raw|bobsparents's rating: 1000 → 1047(+47 for winning)
