|j|☆capspungo
|j|☆porygon-epilepz
|html|capspungoporygon-epilepz    
|uhtml|bestof|Game 1 of a best-of-3
|t:|1756469363
|gametype|doubles
|player|p1|capspungo|1|1101
|player|p2|porygon-epilepz|ghetsis-gen5bw|1146
|gen|9
|tier|[Gen 9] VGC 2025 Reg H (Bo3)
|rated|
|rule|Species Clause: Limit one of each Pokémon
|rule|Item Clause: Limit 1 of each item
|clearpoke
|poke|p1|Toedscruel, L50, M|
|poke|p1|Weezing-Galar, L50, M|
|poke|p1|Pawmot, L50, M|
|poke|p1|Typhlosion-Hisui, L50, M|
|poke|p1|Dragonite, L50, M|
|poke|p1|Garchomp, L50, F|
|poke|p2|Farigiraf, L50, F|
|poke|p2|Incineroar, L50, M|
|poke|p2|Sneasler, L50, F|
|poke|p2|Pelipper, L50, F|
|poke|p2|Archaludon, L50, M|
|poke|p2|Porygon-Z, L50|
|teampreview|4
|showteam|p1|Toedscruel||CovertCloak|MyceliumMight|RagePowder,Spore,EarthPower,AcidSpray|||M|||50|,,,,,Water]Weezing-Galar||ChoiceSpecs|NeutralizingGas|DazzlingGleam,SludgeBomb,StrangeSteam,HeatWave|||M|||50|,,,,,Grass]Pawmot||FocusSash|NaturalCure|FakeOut,CloseCombat,DoubleShock,Protect|||M|||50|,,,,,Electric]Typhlosion-Hisui||ChoiceScarf|Blaze|Eruption,ShadowBall,HeatWave,SleepTalk|||M|||50|,,,,,Fire]Dragonite||LoadedDice|Multiscale|ScaleShot,TeraBlast,Tailwind,Protect|||M|||50|,,,,,Flying]Garchomp||LifeOrb|RoughSkin|Earthquake,StompingTantrum,DragonClaw,Protect|||F|||50|,,,,,Ground
|showteam|p2|Farigiraf||ThroatSpray|ArmorTail|TrickRoom,HyperVoice,Psychic,HelpingHand|||F|||50|,,,,,Fairy]Incineroar||SafetyGoggles|Intimidate|FakeOut,KnockOff,PartingShot,Taunt|||M|||50|,,,,,Ghost]Sneasler||WhiteHerb|Unburden|DireClaw,CloseCombat,ThroatChop,FakeOut|||F|||50|,,,,,Dark]Pelipper||FocusSash|Drizzle|Hurricane,WeatherBall,Tailwind,Protect|||F|||50|,,,,,Grass]Archaludon||AssaultVest|Stamina|ElectroShot,FlashCannon,DracoMeteor,BodyPress|||M|||50|,,,,,Bug]Porygon-Z||ChoiceScarf|Adaptability|TeraBlast,HyperBeam,IcyWind,IceBeam||||||50|,,,,,Fairy
|
|t:|1756469404
|teamsize|p1|4
|teamsize|p2|4
|start
|switch|p1a: Toedscruel|Toedscruel, L50, M|100/100
|switch|p1b: Weezing|Weezing-Galar, L50, M|100/100
|switch|p2a: Farigiraf|Farigiraf, L50, F|100/100
|switch|p2b: Porygon-Z|Porygon-Z, L50|100/100
|-ability|p1b: Weezing|Neutralizing Gas
|turn|1
|inactive|Battle timer is ON: inactive players will automatically lose when time's up. (requested by capspungo)
|inactive|capspungo has 60 seconds left.
|
|t:|1756469441
|move|p2b: Porygon-Z|Icy Wind|p1b: Weezing|[spread] p1a,p1b
|-supereffective|p1a: Toedscruel
|-damage|p1a: Toedscruel|49/100
|-damage|p1b: Weezing|82/100
|-unboost|p1b: Weezing|spe|1
|move|p1a: Toedscruel|Spore|p2a: Farigiraf
|-status|p2a: Farigiraf|slp|[from] move: Spore
|cant|p2a: Farigiraf|slp
|move|p1b: Weezing|Strange Steam|p2b: Porygon-Z
|-crit|p2b: Porygon-Z
|-damage|p2b: Porygon-Z|2/100
|
|upkeep
|turn|2
|
|t:|1756469460
|-terastallize|p1a: Toedscruel|Water
|move|p2b: Porygon-Z|Icy Wind|p1b: Weezing|[spread] p1a,p1b
|-resisted|p1a: Toedscruel
|-damage|p1a: Toedscruel|43/100
|-damage|p1b: Weezing|63/100
|-unboost|p1b: Weezing|spe|1
|move|p1a: Toedscruel|Spore|p2b: Porygon-Z
|-status|p2b: Porygon-Z|slp|[from] move: Spore
|cant|p2a: Farigiraf|slp
|move|p1b: Weezing|Strange Steam|p2a: Farigiraf
|-damage|p2a: Farigiraf|58/100 slp
|
|upkeep
|turn|3
|
|t:|1756469481
|cant|p2b: Porygon-Z|slp
|move|p1a: Toedscruel|Acid Spray|p2a: Farigiraf
|-damage|p2a: Farigiraf|51/100 slp
|-unboost|p2a: Farigiraf|spd|2
|-curestatus|p2a: Farigiraf|slp|[msg]
|move|p2a: Farigiraf|Psychic|p1b: Weezing
|-supereffective|p1b: Weezing
|-damage|p1b: Weezing|0 fnt
|faint|p1b: Weezing
|-end|p1b: Weezing|ability: Neutralizing Gas
|
|upkeep
|
|t:|1756469490
|switch|p1b: Typhlosion|Typhlosion-Hisui, L50, M|100/100
|turn|4
|
|t:|1756469504
|switch|p2b: Pelipper|Pelipper, L50, F|100/100
|-weather|RainDance|[from] ability: Drizzle|[of] p2b: Pelipper
|switch|p1a: Pawmot|Pawmot, L50, M|100/100
|move|p1b: Typhlosion|Eruption|p2b: Pelipper|[spread] p2a,p2b
|-resisted|p2b: Pelipper
|-damage|p2a: Farigiraf|0 fnt
|-damage|p2b: Pelipper|75/100
|faint|p2a: Farigiraf
|
|-weather|RainDance|[upkeep]
|upkeep
|
|t:|1756469508
|switch|p2a: Porygon-Z|Porygon-Z, L50|2/100 slp
|turn|5
|
|t:|1756469527
|switch|p2a: Sneasler|Sneasler, L50, F|100/100
|move|p1a: Pawmot|Fake Out|p2b: Pelipper
|-damage|p2b: Pelipper|56/100
|move|p1b: Typhlosion|Eruption|p2a: Sneasler|[spread] p2a,p2b
|-resisted|p2b: Pelipper
|-damage|p2a: Sneasler|60/100
|-damage|p2b: Pelipper|30/100
|cant|p2b: Pelipper|flinch
|
|-weather|RainDance|[upkeep]
|upkeep
|turn|6
|inactive|capspungo has 30 seconds left.
|
|t:|1756469555
|move|p2a: Sneasler|Fake Out|p1a: Pawmot
|-damage|p1a: Pawmot|76/100
|move|p1b: Typhlosion|Eruption|p2a: Sneasler|[spread] p2a,p2b
|-resisted|p2b: Pelipper
|-damage|p2a: Sneasler|18/100
|-damage|p2b: Pelipper|3/100
|cant|p1a: Pawmot|flinch
|move|p2b: Pelipper|Weather Ball|p1b: Typhlosion
|-supereffective|p1b: Typhlosion
|-damage|p1b: Typhlosion|0 fnt
|faint|p1b: Typhlosion
|
|-weather|RainDance|[upkeep]
|upkeep
|
|t:|1756469561
|switch|p1b: Toedscruel|Toedscruel, L50, M, tera:Water|43/100
|turn|7
|
|t:|1756469583
|move|p1a: Pawmot|Close Combat|p2a: Sneasler
|-resisted|p2a: Sneasler
|-damage|p2a: Sneasler|0 fnt
|-unboost|p1a: Pawmot|def|1
|-unboost|p1a: Pawmot|spd|1
|faint|p2a: Sneasler
|move|p1b: Toedscruel|Acid Spray|p2b: Pelipper
|-damage|p2b: Pelipper|0 fnt
|faint|p2b: Pelipper
|
|-weather|RainDance|[upkeep]
|upkeep
|
|t:|1756469588
|switch|p2b: Porygon-Z|Porygon-Z, L50|2/100 slp
|turn|8
|
|t:|1756469594
|cant|p2b: Porygon-Z|slp
|move|p1a: Pawmot|Close Combat|p2b: Porygon-Z
|-supereffective|p2b: Porygon-Z
|-damage|p2b: Porygon-Z|0 fnt
|-unboost|p1a: Pawmot|def|1
|-unboost|p1a: Pawmot|spd|1
|faint|p2b: Porygon-Z
|
|win|capspungo
