|j|☆dogwitdaglasses
|j|☆spearow's nest
|html|dogwitdaglassesspearow's nest    
|uhtml|bestof|Game 2 of a best-of-3
|t:|1756671712
|gametype|doubles
|player|p1|dogwitdaglasses|guzma|
|player|p2|spearow's nest|lance|
|gen|9
|tier|[Gen 9] VGC 2025 Reg H (Bo3)
|rule|Species Clause: Limit one of each Pokémon
|rule|Item Clause: Limit 1 of each item
|clearpoke
|poke|p1|Rillaboom, L50, F|
|poke|p1|Dragonite, L50, F|
|poke|p1|Sneasler, L50, F|
|poke|p1|Ninetales-Alola, L50, M|
|poke|p1|Kingambit, L50, M|
|poke|p1|Magmar, L50, M|
|poke|p2|Dragonite, L50, F|
|poke|p2|Gholdengo, L50|
|poke|p2|Rillaboom, L50, F|
|poke|p2|Ursaluna-Bloodmoon, L50, M|
|poke|p2|Maushold-Four, L50|
|poke|p2|Annihilape, L50, F|
|teampreview|4
|showteam|p1|Rillaboom||AssaultVest|GrassySurge|WoodHammer,GrassyGlide,HighHorsepower,FakeOut|||F|||50|,,,,,Fire]Dragonite||LoadedDice|Multiscale|Protect,ScaleShot,LowKick,Haze|||F|||50|,,,,,Fairy]Sneasler||WhiteHerb|Unburden|Protect,DireClaw,CloseCombat,Coaching|||F|||50|,,,,,Ghost]Ninetales-Alola||ChoiceSpecs|SnowWarning|Blizzard,IcyWind,Moonblast,FreezeDry|||M|||50|,,,,,Ghost]Kingambit||SafetyGoggles|Defiant|Protect,KowtowCleave,SuckerPunch,SwordsDance|||M|||50|,,,,,Dark]Magmar||Eviolite|VitalSpirit|Protect,FollowMe,Overheat,WillOWisp|||M|||50|,,,,,Ghost
|showteam|p2|Dragonite||LoadedDice|Multiscale|Tailwind,Haze,Protect,ScaleShot|||F|||50|,,,,,Fairy]Gholdengo||LifeOrb|GoodasGold|MakeItRain,ShadowBall,NastyPlot,Protect||||||50|,,,,,Water]Rillaboom||MiracleSeed|GrassySurge|WoodHammer,GrassyGlide,FakeOut,HighHorsepower|||F|||50|,,,,,Fire]Ursaluna-Bloodmoon||AssaultVest|MindsEye|BloodMoon,HyperVoice,EarthPower,VacuumWave|||M|||50|,,,,,Water]Maushold-Four||FocusSash|FriendGuard|SuperFang,FollowMe,BeatUp,Protect||||||50|,,,,,Ghost]Annihilape||SitrusBerry|Defiant|RageFist,DrainPunch,BulkUp,Protect|||F|||50|,,,,,Fire
|
|t:|1756671764
|teamsize|p1|4
|teamsize|p2|4
|start
|switch|p1a: Noah's BFF|Sneasler, L50, F, shiny|100/100
|switch|p1b: Kingambling|Kingambit, L50, M, shiny|100/100
|switch|p2a: Dragonite|Dragonite, L50, F|100/100
|switch|p2b: Ursaluna|Ursaluna-Bloodmoon, L50, M|100/100
|turn|1
|
|t:|1756671794
|switch|p1b: Monke|Rillaboom, L50, F, shiny|100/100
|-fieldstart|move: Grassy Terrain|[from] ability: Grassy Surge|[of] p1b: Monke
|move|p2b: Ursaluna|Vacuum Wave|p1b: Monke
|-damage|p1b: Monke|90/100
|move|p1a: Noah's BFF|Close Combat|p2b: Ursaluna
|-supereffective|p2b: Ursaluna
|-damage|p2b: Ursaluna|10/100
|-unboost|p1a: Noah's BFF|def|1
|-unboost|p1a: Noah's BFF|spd|1
|-enditem|p1a: Noah's BFF|White Herb
|-clearnegativeboost|p1a: Noah's BFF|[silent]
|move|p2a: Dragonite|Scale Shot|p1a: Noah's BFF
|-damage|p1a: Noah's BFF|77/100
|-damage|p1a: Noah's BFF|55/100
|-damage|p1a: Noah's BFF|30/100
|-damage|p1a: Noah's BFF|8/100
|-damage|p1a: Noah's BFF|0 fnt
|faint|p1a: Noah's BFF
|-hitcount|p1: Noah's BFF|5
|-unboost|p2a: Dragonite|def|1
|-boost|p2a: Dragonite|spe|1
|
|-heal|p1b: Monke|96/100|[from] Grassy Terrain
|-heal|p2b: Ursaluna|15/100|[from] Grassy Terrain
|upkeep
|
|t:|1756671805
|switch|p1a: Hi peli|Ninetales-Alola, L50, M, shiny|100/100
|-weather|Snowscape|[from] ability: Snow Warning|[of] p1a: Hi peli
|turn|2
|
|t:|1756671819
|move|p2a: Dragonite|Protect|p2a: Dragonite
|-singleturn|p2a: Dragonite|Protect
|move|p1a: Hi peli|Icy Wind|p2a: Dragonite|[spread] p2b
|-activate|p2a: Dragonite|move: Protect
|-supereffective|p2b: Ursaluna
|-damage|p2b: Ursaluna|0 fnt
|faint|p2b: Ursaluna
|move|p1b: Monke|Wood Hammer|p2a: Dragonite
|-activate|p2a: Dragonite|move: Protect
|
|-weather|Snowscape|[upkeep]
|-heal|p1b: Monke|100/100|[from] Grassy Terrain
|upkeep
|
|t:|1756671843
|switch|p2b: Gholdengo|Gholdengo, L50|100/100
|turn|3
|
|t:|1756671862
|move|p2b: Gholdengo|Protect|p2b: Gholdengo
|-singleturn|p2b: Gholdengo|Protect
|move|p2a: Dragonite|Tailwind|p2a: Dragonite
|-sidestart|p2: spearow's nest|move: Tailwind
|move|p1a: Hi peli|Icy Wind|p2b: Gholdengo|[spread] p2a
|-activate|p2b: Gholdengo|move: Protect
|-supereffective|p2a: Dragonite
|-damage|p2a: Dragonite|50/100
|-unboost|p2a: Dragonite|spe|1
|move|p1b: Monke|Wood Hammer|p2a: Dragonite
|-resisted|p2a: Dragonite
|-damage|p2a: Dragonite|19/100
|-damage|p1b: Monke|92/100|[from] Recoil
|
|-weather|Snowscape|[upkeep]
|-heal|p1b: Monke|98/100|[from] Grassy Terrain
|upkeep
|turn|4
|
|t:|1756671894
|switch|p1b: Kingambling|Kingambit, L50, M, shiny|100/100
|move|p2b: Gholdengo|Make It Rain|p1b: Kingambling|[spread] p1a,p1b
|-supereffective|p1a: Hi peli
|-resisted|p1b: Kingambling
|-damage|p1a: Hi peli|0 fnt
|-damage|p1b: Kingambling|74/100
|-unboost|p2b: Gholdengo|spa|1
|faint|p1a: Hi peli
|-damage|p2b: Gholdengo|91/100|[from] item: Life Orb
|move|p2a: Dragonite|Scale Shot|p1b: Kingambling
|-resisted|p1b: Kingambling
|-damage|p1b: Kingambling|69/100
|-resisted|p1b: Kingambling
|-damage|p1b: Kingambling|64/100
|-resisted|p1b: Kingambling
|-damage|p1b: Kingambling|58/100
|-resisted|p1b: Kingambling
|-damage|p1b: Kingambling|53/100
|-resisted|p1b: Kingambling
|-damage|p1b: Kingambling|48/100
|-hitcount|p1b: Kingambling|5
|-unboost|p2a: Dragonite|def|1
|-boost|p2a: Dragonite|spe|1
|
|-weather|Snowscape|[upkeep]
|-heal|p2b: Gholdengo|97/100|[from] Grassy Terrain
|-heal|p1b: Kingambling|54/100|[from] Grassy Terrain
|upkeep
|
|t:|1756671899
|switch|p1a: Monke|Rillaboom, L50, F, shiny|98/100
|turn|5
|
|t:|1756671927
|move|p1a: Monke|Fake Out|p2a: Dragonite
|-damage|p2a: Dragonite|0 fnt
|faint|p2a: Dragonite
|move|p2b: Gholdengo|Make It Rain|p1b: Kingambling|[spread] p1a,p1b
|-resisted|p1b: Kingambling
|-damage|p1a: Monke|66/100
|-damage|p1b: Kingambling|33/100
|-unboost|p2b: Gholdengo|spa|1
|-damage|p2b: Gholdengo|87/100|[from] item: Life Orb
|move|p1b: Kingambling|Swords Dance|p1b: Kingambling
|-boost|p1b: Kingambling|atk|2
|
|-weather|Snowscape|[upkeep]
|-heal|p2b: Gholdengo|93/100|[from] Grassy Terrain
|-heal|p1a: Monke|72/100|[from] Grassy Terrain
|-heal|p1b: Kingambling|39/100|[from] Grassy Terrain
|-fieldend|move: Grassy Terrain
|upkeep
|
|t:|1756671937
|switch|p2a: Maushold|Maushold-Four, L50|100/100
|turn|6
|
|t:|1756671957
|-terastallize|p2b: Gholdengo|Water
|-terastallize|p1a: Monke|Fire
|move|p2a: Maushold|Protect|p2a: Maushold
|-singleturn|p2a: Maushold|Protect
|move|p2b: Gholdengo|Nasty Plot|p2b: Gholdengo
|-boost|p2b: Gholdengo|spa|2
|move|p1a: Monke|Wood Hammer|p2a: Maushold
|-activate|p2a: Maushold|move: Protect
|move|p1b: Kingambling|Kowtow Cleave|p2a: Maushold
|-activate|p2a: Maushold|move: Protect
|
|-weather|none
|-sideend|p2: spearow's nest|move: Tailwind
|upkeep
|turn|7
|
|t:|1756671986
|move|p1b: Kingambling|Sucker Punch|p2b: Gholdengo
|-damage|p2b: Gholdengo|32/100
|move|p2a: Maushold|Super Fang|p1a: Monke|[miss]
|-miss|p2a: Maushold|p1a: Monke
|move|p2b: Gholdengo|Shadow Ball|p1a: Monke
|-damage|p1a: Monke|30/100
|-unboost|p1a: Monke|spd|1
|-damage|p2b: Gholdengo|23/100|[from] item: Life Orb
|move|p1a: Monke|Wood Hammer|p2a: Maushold
|-damage|p2a: Maushold|19/100
|-damage|p1a: Monke|4/100|[from] Recoil
|
|upkeep
|turn|8
|
|t:|1756672029
|move|p1b: Kingambling|Sucker Punch|p2a: Maushold
|-damage|p2a: Maushold|0 fnt
|faint|p2a: Maushold
|move|p2b: Gholdengo|Nasty Plot|p2b: Gholdengo
|-boost|p2b: Gholdengo|spa|2
|move|p1a: Monke|Wood Hammer|p2b: Gholdengo
|-supereffective|p2b: Gholdengo
|-damage|p2b: Gholdengo|0 fnt
|faint|p2b: Gholdengo
|-damage|p1a: Monke|0 fnt|[from] Recoil
|faint|p1a: Monke
|
|win|dogwitdaglasses
|l|☆spearow's nest
|player|p2|
|l|☆dogwitdaglasses
|player|p1|
|j|☆spearow's nest
|player|p2|spearow's nest|lance|
