|j|☆GlitchXDGOAT
|j|☆Sebastianboi13
|html|GlitchXDGOATSebastianboi13    
|uhtml|bestof|Game 1 of a best-of-3
|t:|1784269336
|gametype|doubles
|player|p1|GlitchXDGOAT|2|1189
|player|p2|Sebastianboi13|1|1154
|gen|9
|tier|[Gen 9 Champions] VGC 2026 Reg M-B (Bo3)
|rated|
|rule|Species Clause: Limit one of each Pokémon
|rule|Item Clause: Limit 1 of each item
|clearpoke
|poke|p1|Farigiraf, L50, M|
|poke|p1|Floette-Eternal, L50, F|
|poke|p1|Whimsicott, L50, F|
|poke|p1|Kingambit, L50, M|
|poke|p1|Charizard, L50, M|
|poke|p1|Garchomp, L50, M|
|poke|p2|Sneasler, L50, F, shiny|
|poke|p2|Gholdengo, L50, shiny|
|poke|p2|Whimsicott, L50, F|
|poke|p2|Charizard, L50, M|
|poke|p2|Basculegion, L50, M|
|poke|p2|Sylveon, L50, M|
|teampreview|4
|showteam|p1|Farigiraf||SitrusBerry|ArmorTail|Psychic,HelpingHand,Roar,TrickRoom|Bold||M|||50|]Floette-Eternal||Floettite|FlowerVeil|Moonblast,DrainingKiss,CalmMind,Protect|Quiet||F|||50|]Whimsicott||FairyFeather|Prankster|Moonblast,Tailwind,Encore,Protect|Timid||F|||50|]Kingambit||FocusSash|Defiant|SuckerPunch,KowtowCleave,IronHead,LowKick|Adamant||M|||50|]Charizard||CharizarditeY|Blaze|HeatWave,WeatherBall,SolarBeam,Protect|Timid||M|||50|]Garchomp||LifeOrb|RoughSkin|DragonClaw,RockSlide,Earthquake,Protect|Jolly||M|||50|
|showteam|p2|Sneasler||WhiteHerb|Unburden|CloseCombat,DireClaw,FakeOut,QuickGuard|Adamant||F|||50|]Gholdengo||ChoiceScarf|GoodasGold|ShadowBall,Trick,PowerGem,MakeItRain|Modest|||||50|]Whimsicott||FocusSash|Prankster|Encore,Protect,Tailwind,Moonblast|Bold||F|||50|]Charizard||CharizarditeY|Blaze|HeatWave,SolarBeam,Protect,WeatherBall|Modest||M|||50|]Basculegion||LifeOrb|Adaptability|WaveCrash,AquaJet,Protect,LastRespects|Jolly||M|||50|]Sylveon||FairyFeather|Pixilate|Yawn,HyperVoice,Detect,QuickAttack|Modest||M|||50|
|inactive|Battle timer is ON: inactive players will automatically lose when time's up. (requested by Sebastianboi13)
|inactive|GlitchXDGOAT also wants the timer to be on.
|inactive|GlitchXDGOAT has 60 seconds left.
|
|t:|1784269372
|teamsize|p1|4
|teamsize|p2|4
|start
|switch|p1a: Kingambit|Kingambit, L50, M|100/100
|switch|p1b: Whimsicott|Whimsicott, L50, F|100/100
|switch|p2a: Gholdengo|Gholdengo, L50, shiny|100/100
|switch|p2b: Sneasler|Sneasler, L50, F, shiny|100/100
|turn|1
|
|t:|1784269393
|move|p1b: Whimsicott|Protect|p1b: Whimsicott
|-singleturn|p1b: Whimsicott|Protect
|move|p2b: Sneasler|Quick Guard|p2b: Sneasler
|-singleturn|p2b: Sneasler|Quick Guard
|move|p1a: Kingambit|Sucker Punch||[still]
|-fail|p1a: Kingambit
|move|p2a: Gholdengo|Trick|p1a: Kingambit
|-activate|p2a: Gholdengo|move: Trick|[of] p1a: Kingambit
|-item|p1a: Kingambit|Choice Scarf|[from] move: Trick
|-item|p2a: Gholdengo|Focus Sash|[from] move: Trick
|
|upkeep
|turn|2
|
|t:|1784269409
|move|p1b: Whimsicott|Encore|p2b: Sneasler
|-start|p2b: Sneasler|Encore
|move|p2b: Sneasler|Quick Guard|p2b: Sneasler
|-singleturn|p2b: Sneasler|Quick Guard
|move|p1a: Kingambit|Kowtow Cleave|p2a: Gholdengo
|-supereffective|p2a: Gholdengo|1
|-enditem|p2a: Gholdengo|Focus Sash
|-damage|p2a: Gholdengo|1/100
|move|p2a: Gholdengo|Make It Rain|p1b: Whimsicott|[spread] p1a,p1b
|-resisted|p1a: Kingambit|1
|-supereffective|p1b: Whimsicott|1
|-damage|p1a: Kingambit|67/100
|-damage|p1b: Whimsicott|0 fnt
|-unboost|p2a: Gholdengo|spa|2
|faint|p1b: Whimsicott
|
|upkeep
|
|t:|1784269422
|switch|p1b: Charizard|Charizard, L50, M|100/100
|turn|3
|
|t:|1784269427
|switch|p2b: Charizard|Charizard, L50, M|100/100
|detailschange|p1b: Charizard|Charizard-Mega-Y, L50, M
|-mega|p1b: Charizard|Charizard|Charizardite Y
|-weather|SunnyDay|[from] ability: Drought|[of] p1b: Charizard
|move|p1b: Charizard|Heat Wave|p2a: Gholdengo|[spread] p2a,p2b
|-supereffective|p2a: Gholdengo|1
|-resisted|p2b: Charizard|1
|-damage|p2a: Gholdengo|0 fnt
|-damage|p2b: Charizard|54/100
|faint|p2a: Gholdengo
|move|p1a: Kingambit|Kowtow Cleave|p2b: Charizard
|-damage|p2b: Charizard|0 fnt
|faint|p2b: Charizard
|
|-weather|SunnyDay|[upkeep]
|upkeep
|
|t:|1784269435
|switch|p2b: Basculegion|Basculegion, L50, M|100/100
|switch|p2a: Sneasler|Sneasler, L50, F, shiny|100/100
|turn|4
|
|t:|1784269445
|move|p1b: Charizard|Protect|p1b: Charizard
|-singleturn|p1b: Charizard|Protect
|move|p2a: Sneasler|Close Combat|p1a: Kingambit
|-supereffective|p1a: Kingambit|2
|-damage|p1a: Kingambit|0 fnt
|-unboost|p2a: Sneasler|def|1
|-unboost|p2a: Sneasler|spd|1
|faint|p1a: Kingambit
|-enditem|p2a: Sneasler|White Herb
|-clearnegativeboost|p2a: Sneasler|[silent]
|move|p2b: Basculegion|Wave Crash|p1b: Charizard
|-activate|p1b: Charizard|move: Protect
|
|-weather|SunnyDay|[upkeep]
|upkeep
|
|t:|1784269450
|switch|p1a: Garchomp|Garchomp, L50, M|100/100
|turn|5
|
|t:|1784269467
|move|p2a: Sneasler|Close Combat|p1a: Garchomp
|-damage|p1a: Garchomp|32/100
|-unboost|p2a: Sneasler|def|1
|-unboost|p2a: Sneasler|spd|1
|-damage|p2a: Sneasler|87/100|[from] ability: Rough Skin|[of] p1a: Garchomp
|move|p1a: Garchomp|Earthquake|p2a: Sneasler|[spread] p2a,p2b
|-immune|p1b: Charizard
|-supereffective|p2a: Sneasler|1
|-damage|p2a: Sneasler|0 fnt
|-damage|p2b: Basculegion|31/100
|faint|p2a: Sneasler
|-damage|p1a: Garchomp|22/100|[from] item: Life Orb
|move|p1b: Charizard|Solar Beam||[still]
|-prepare|p1b: Charizard|Solar Beam
|-anim|p1b: Charizard|Solar Beam|p2b: Basculegion
|-supereffective|p2b: Basculegion|1
|-damage|p2b: Basculegion|0 fnt
|faint|p2b: Basculegion
|
|win|GlitchXDGOAT
|inactive|GlitchXDGOAT has 30 seconds to confirm battle start!
|inactive|Sebastianboi13 has 30 seconds to confirm battle start!
|c|☆GlitchXDGOAT|GG
||Sebastianboi13 is ready for game 2.
||GlitchXDGOAT is ready for game 2.
|uhtml|next|Next: Game 2 of 3
