|j|☆Talikikioup
|j|☆jomivgc
|html|Talikikioupjomivgc    
|uhtml|bestof|Game 1 of a best-of-3
|t:|1783716525
|gametype|doubles
|player|p1|Talikikioup|ethan|1101
|player|p2|jomivgc|falkner-gen2|1119
|gen|9
|tier|[Gen 9 Champions] VGC 2026 Reg M-B (Bo3)
|rated|
|rule|Species Clause: Limit one of each Pokémon
|rule|Item Clause: Limit 1 of each item
|clearpoke
|poke|p1|Blaziken, L50, M|
|poke|p1|Venusaur, L50, F|
|poke|p1|Sinistcha-Masterpiece, L50|
|poke|p1|Torkoal, L50, M|
|poke|p1|Grimmsnarl, L50, M|
|poke|p1|Basculegion, L50, M|
|poke|p2|Kleavor, L50, F|
|poke|p2|Sinistcha, L50|
|poke|p2|Archaludon, L50, F|
|poke|p2|Swampert, L50, M|
|poke|p2|Froslass, L50, F|
|poke|p2|Pelipper, L50, F|
|teampreview|4
|showteam|p1|Blaziken||Blazikenite|SpeedBoost|CloseCombat,FlareBlitz,RockSlide,Protect|Adamant||M|||50|]Venusaur||Venusaurite|Chlorophyll|SludgeBomb,GigaDrain,EarthPower,Protect|Modest||F|||50|]Sinistcha-Masterpiece||MentalHerb|Hospitality|TrickRoom,MatchaGotcha,RagePowder,LifeDew|Modest|||||50|]Torkoal||HeatRock|Drought|Eruption,BodyPress,HelpingHand,Protect|Quiet||M|||50|]Grimmsnarl||LightClay|Prankster|LightScreen,Reflect,FakeOut,SuckerPunch|Adamant||M|||50|]Basculegion||ChoiceScarf|Adaptability|LastRespects,FlipTurn,WaveCrash,AquaJet|Jolly||M|||50|
|showteam|p2|Kleavor||ChoiceScarf|Sharpness|StoneAxe,XScissor,CloseCombat,NightSlash|Jolly||F|||50|]Sinistcha||KasibBerry|Hospitality|MatchaGotcha,Protect,RagePowder,TrickRoom|Modest|||||50|]Archaludon||Leftovers|Stamina|FlashCannon,Protect,ElectroShot,DragonPulse|Modest||F|||50|]Swampert||Swampertite|Damp|WaveCrash,Earthquake,RockSlide,Protect|Adamant||M|||50|]Froslass||Froslassite|CursedBody|Blizzard,RainDance,AuroraVeil,Protect|Modest||F|||50|]Pelipper||FocusSash|Drizzle|Hurricane,WeatherBall,WideGuard,Tailwind|Modest||F|||50|
|inactive|Battle timer is ON: inactive players will automatically lose when time's up. (requested by jomivgc)
|inactive|jomivgc has 60 seconds left.
|
|t:|1783716566
|teamsize|p1|4
|teamsize|p2|4
|start
|switch|p1a: Venusaur|Venusaur, L50, F|100/100
|switch|p1b: Grimmsnarl|Grimmsnarl, L50, M|100/100
|switch|p2a: Kleavor|Kleavor, L50, F|100/100
|switch|p2b: Froslass|Froslass, L50, F|100/100
|turn|1
|inactive|Talikikioup has 30 seconds left.
|inactive|jomivgc has 30 seconds left.
|inactive|Talikikioup has 20 seconds left.
|inactive|Talikikioup has 15 seconds left.
|inactive|Talikikioup has 10 seconds left.
|inactive|Talikikioup has 5 seconds left.
|
|t:|1783716618
|detailschange|p2b: Froslass|Froslass-Mega, L50, F
|-mega|p2b: Froslass|Froslass|Froslassite
|-weather|Snowscape|[from] ability: Snow Warning|[of] p2b: Froslass
|detailschange|p1a: Venusaur|Venusaur-Mega, L50, F
|-mega|p1a: Venusaur|Venusaur|Venusaurite
|move|p1b: Grimmsnarl|Sucker Punch||[still]
|-fail|p1b: Grimmsnarl
|move|p2a: Kleavor|Stone Axe|p1a: Venusaur
|-damage|p1a: Venusaur|59/100
|-sidestart|p1: Talikikioup|move: Stealth Rock
|move|p2b: Froslass|Aurora Veil|p2b: Froslass
|-sidestart|p2: jomivgc|move: Aurora Veil
|move|p1a: Venusaur|Giga Drain|p2b: Froslass
|-damage|p2b: Froslass|62/100
|-heal|p1a: Venusaur|74/100|[from] drain|[of] p2b: Froslass
|
|-weather|Snowscape|[upkeep]
|upkeep
|turn|2
|
|t:|1783716640
|move|p1b: Grimmsnarl|Sucker Punch|p2b: Froslass
|-supereffective|p2b: Froslass|1
|-damage|p2b: Froslass|15/100
|move|p2a: Kleavor|Stone Axe|p1a: Venusaur
|-damage|p1a: Venusaur|30/100
|move|p2b: Froslass|Blizzard|p1a: Venusaur|[spread] p1a,p1b
|-supereffective|p1a: Venusaur|1
|-damage|p1a: Venusaur|0 fnt
|-damage|p1b: Grimmsnarl|46/100
|faint|p1a: Venusaur
|
|-weather|Snowscape|[upkeep]
|upkeep
|
|t:|1783716643
|switch|p1a: Torkoal|Torkoal, L50, M|100/100
|-damage|p1a: Torkoal|75/100|[from] Stealth Rock
|-weather|SunnyDay|[from] ability: Drought|[of] p1a: Torkoal
|turn|3
|
|t:|1783716660
|move|p1b: Grimmsnarl|Reflect|p1b: Grimmsnarl
|-sidestart|p1: Talikikioup|Reflect
|move|p2a: Kleavor|Stone Axe|p1a: Torkoal|[miss]
|-miss|p2a: Kleavor|p1a: Torkoal
|move|p2b: Froslass|Rain Dance|p2b: Froslass
|-weather|RainDance
|move|p1a: Torkoal|Eruption|p2a: Kleavor|[spread] p2a,p2b
|-supereffective|p2b: Froslass|1
|-crit|p2b: Froslass
|-damage|p2a: Kleavor|83/100
|-damage|p2b: Froslass|0 fnt
|faint|p2b: Froslass
|
|-weather|RainDance|[upkeep]
|upkeep
|
|t:|1783716674
|switch|p2b: Archaludon|Archaludon, L50, F|100/100
|turn|4
|
|t:|1783716685
|switch|p1a: Blaziken|Blaziken, L50, M|100/100
|-damage|p1a: Blaziken|87/100|[from] Stealth Rock
|move|p1b: Grimmsnarl|Light Screen|p1b: Grimmsnarl
|-sidestart|p1: Talikikioup|move: Light Screen
|move|p2a: Kleavor|Stone Axe|p1b: Grimmsnarl|[miss]
|-miss|p2a: Kleavor|p1b: Grimmsnarl
|move|p2b: Archaludon|Electro Shot||[still]
|-prepare|p2b: Archaludon|Electro Shot
|-boost|p2b: Archaludon|spa|1
|-anim|p2b: Archaludon|Electro Shot|p1a: Blaziken
|-damage|p1a: Blaziken|31/100
|
|-weather|RainDance|[upkeep]
|upkeep
|turn|5
|
|t:|1783716707
|switch|p1b: Torkoal|Torkoal, L50, M|75/100
|-damage|p1b: Torkoal|50/100g|[from] Stealth Rock
|-weather|SunnyDay|[from] ability: Drought|[of] p1b: Torkoal
|move|p1a: Blaziken|Protect|p1a: Blaziken
|-singleturn|p1a: Blaziken|Protect
|move|p2a: Kleavor|Stone Axe|p1a: Blaziken
|-activate|p1a: Blaziken|move: Protect
|move|p2b: Archaludon|Flash Cannon|p1b: Torkoal
|-resisted|p1b: Torkoal|1
|-damage|p1b: Torkoal|24/100
|
|-weather|SunnyDay|[upkeep]
|-sideend|p2: jomivgc|move: Aurora Veil
|-ability|p1a: Blaziken|Speed Boost|boost
|-boost|p1a: Blaziken|spe|1
|upkeep
|turn|6
|inactive|jomivgc has 30 seconds left.
|
|t:|1783716737
|switch|p2b: Pelipper|Pelipper, L50, F|100/100
|-weather|RainDance|[from] ability: Drizzle|[of] p2b: Pelipper
|move|p2a: Kleavor|Stone Axe|p1a: Blaziken
|-damage|p1a: Blaziken|0 fnt
|faint|p1a: Blaziken
|move|p1b: Torkoal|Body Press|p2a: Kleavor
|-damage|p2a: Kleavor|52/100
|
|-weather|RainDance|[upkeep]
|upkeep
|
|t:|1783716748
|switch|p1a: Grimmsnarl|Grimmsnarl, L50, M|46/100
|-damage|p1a: Grimmsnarl|34/100|[from] Stealth Rock
|turn|7
|
|t:|1783716757
|move|p1a: Grimmsnarl|Reflect||[still]
|-fail|p1a: Grimmsnarl
|move|p2a: Kleavor|Stone Axe|p1b: Torkoal
|-supereffective|p1b: Torkoal|1
|-damage|p1b: Torkoal|0 fnt
|faint|p1b: Torkoal
|move|p2b: Pelipper|Hurricane|p1a: Grimmsnarl
|-damage|p1a: Grimmsnarl|0 fnt
|faint|p1a: Grimmsnarl
|
|win|jomivgc
