|j|☆Toslowbro30
|j|☆themismatcher
|html|Toslowbro30themismatcher    
|uhtml|bestof|Game 2 of a best-of-3
|t:|1757750473
|gametype|doubles
|player|p1|Toslowbro30|265|1211
|player|p2|themismatcher|benga|1437
|gen|9
|tier|[Gen 9] VGC 2025 Reg H (Bo3)
|rated|
|rule|Species Clause: Limit one of each Pokémon
|rule|Item Clause: Limit 1 of each item
|clearpoke
|poke|p1|Tyranitar, L50, F|
|poke|p1|Lycanroc, L50, M|
|poke|p1|Indeedee, L50, M|
|poke|p1|Gastrodon-East, L50, M|
|poke|p1|Annihilape, L50, M|
|poke|p1|Gholdengo, L50|
|poke|p2|Pelipper, L50, M|
|poke|p2|Basculegion, L50, M|
|poke|p2|Amoonguss, L50, F|
|poke|p2|Archaludon, L50, F|
|poke|p2|Greninja-*, L50, F|
|poke|p2|Annihilape, L50, F|
|teampreview|4
|showteam|p1|Tyranitar||AguavBerry|SandStream|RockSlide,KnockOff,TeraBlast,Protect|||F|||50|,,,,,Flying]Lycanroc||FocusSash|SandRush|RockSlide,CloseCombat,Taunt,Protect|||M|||50|,,,,,Fighting]Indeedee||ChoiceScarf|PsychicSurge|ExpandingForce,TeraBlast,Trick,Protect|||M|||50|,,,,,Psychic]Gastrodon-East||Leftovers|StormDrain|EarthPower,Yawn,ClearSmog,Protect|||M|||50|,,,,,Grass]Annihilape||PsychicSeed|Defiant|DrainPunch,RageFist,BulkUp,Protect|||M|||50|,,,,,Bug]Gholdengo||LifeOrb|GoodasGold|MakeItRain,ShadowBall,NastyPlot,Protect||||||50|,,,,,Flying
|showteam|p2|Pelipper||FocusSash|Drizzle|WeatherBall,Hurricane,Tailwind,WideGuard|||M|||50|,,,,,Stellar]Basculegion||ChoiceBand|SwiftSwim|WaveCrash,FlipTurn,LastRespects,AquaJet|||M|||50|,,,,,Grass]Amoonguss||SitrusBerry|Regenerator|Spore,RagePowder,PollenPuff,ClearSmog|||F|||50|,,,,,Dark]Archaludon||AssaultVest|Stamina|DragonPulse,FlashCannon,ElectroShot,BodyPress|||F|||50|,,,,,Grass]Greninja||LoadedDice|Torrent|WaterShuriken,Protect,Taunt,RainDance|||F|||50|,,,,,Ghost]Annihilape||ChoiceScarf|Defiant|CloseCombat,RageFist,Uturn,FinalGambit|||F|||50|,,,,,Grass
|
|t:|1757750490
|teamsize|p1|4
|teamsize|p2|4
|start
|switch|p1a: Indeedee|Indeedee, L50, M|100/100
|switch|p1b: Lycanroc|Lycanroc, L50, M|100/100
|switch|p2a: Greninja|Greninja, L50, F|100/100
|switch|p2b: Annihilape|Annihilape, L50, F|100/100
|-fieldstart|move: Psychic Terrain|[from] ability: Psychic Surge|[of] p1a: Indeedee
|turn|1
|
|t:|1757750515
|switch|p2b: Archaludon|Archaludon, L50, F|100/100
|move|p2a: Greninja|Water Shuriken|p2b: Archaludon
|-resisted|p2b: Archaludon
|-damage|p2b: Archaludon|98/100
|-ability|p2b: Archaludon|Stamina|boost
|-boost|p2b: Archaludon|def|1
|-resisted|p2b: Archaludon
|-damage|p2b: Archaludon|96/100
|-ability|p2b: Archaludon|Stamina|boost
|-boost|p2b: Archaludon|def|1
|-resisted|p2b: Archaludon
|-damage|p2b: Archaludon|94/100
|-ability|p2b: Archaludon|Stamina|boost
|-boost|p2b: Archaludon|def|1
|-resisted|p2b: Archaludon
|-damage|p2b: Archaludon|92/100
|-ability|p2b: Archaludon|Stamina|boost
|-boost|p2b: Archaludon|def|1
|-resisted|p2b: Archaludon
|-damage|p2b: Archaludon|89/100
|-ability|p2b: Archaludon|Stamina|boost
|-boost|p2b: Archaludon|def|1
|-hitcount|p2b: Archaludon|5
|move|p1a: Indeedee|Expanding Force|p2b: Archaludon|[spread] p2b
|-immune|p2a: Greninja
|-resisted|p2b: Archaludon
|-damage|p2b: Archaludon|69/100
|-ability|p2b: Archaludon|Stamina|boost
|-boost|p2b: Archaludon|def|1
|move|p1b: Lycanroc|Close Combat|p2a: Greninja
|-supereffective|p2a: Greninja
|-damage|p2a: Greninja|0 fnt
|-unboost|p1b: Lycanroc|def|1
|-unboost|p1b: Lycanroc|spd|1
|faint|p2a: Greninja
|
|upkeep
|inactive|Battle timer is ON: inactive players will automatically lose when time's up. (requested by Toslowbro30)
|
|t:|1757750574
|switch|p2a: Pelipper|Pelipper, L50, M|100/100
|-weather|RainDance|[from] ability: Drizzle|[of] p2a: Pelipper
|turn|2
|
|t:|1757750590
|switch|p1a: Tyranitar|Tyranitar, L50, F|100/100
|-weather|Sandstorm|[from] ability: Sand Stream|[of] p1a: Tyranitar
|move|p2a: Pelipper|Wide Guard|p2a: Pelipper
|-singleturn|p2a: Pelipper|Wide Guard
|move|p1b: Lycanroc|Taunt|p2a: Pelipper
|-start|p2a: Pelipper|move: Taunt
|move|p2b: Archaludon|Body Press|p1a: Tyranitar
|-supereffective|p1a: Tyranitar
|-damage|p1a: Tyranitar|0 fnt
|faint|p1a: Tyranitar
|
|-weather|Sandstorm|[upkeep]
|-damage|p2a: Pelipper|95/100|[from] Sandstorm
|upkeep
|
|t:|1757750598
|switch|p1a: Gastrodon|Gastrodon-East, L50, M|100/100
|turn|3
|inactive|themismatcher has 30 seconds left.
|
|t:|1757750637
|move|p1b: Lycanroc|Close Combat|p2b: Archaludon
|-supereffective|p2b: Archaludon
|-damage|p2b: Archaludon|54/100
|-unboost|p1b: Lycanroc|def|1
|-unboost|p1b: Lycanroc|spd|1
|move|p2b: Archaludon|Body Press|p1a: Gastrodon
|-crit|p1a: Gastrodon
|-damage|p1a: Gastrodon|0 fnt
|faint|p1a: Gastrodon
|move|p2a: Pelipper|Hurricane|p1b: Lycanroc|[miss]
|-miss|p2a: Pelipper|p1b: Lycanroc
|
|-weather|Sandstorm|[upkeep]
|-damage|p2a: Pelipper|89/100|[from] Sandstorm
|upkeep
|
|t:|1757750645
|switch|p1a: Indeedee|Indeedee, L50, M|100/100
|turn|4
|
|t:|1757750654
|switch|p2a: Annihilape|Annihilape, L50, F|100/100
|-terastallize|p1a: Indeedee|Psychic
|move|p1b: Lycanroc|Close Combat|p2b: Archaludon
|-supereffective|p2b: Archaludon
|-crit|p2b: Archaludon
|-damage|p2b: Archaludon|0 fnt
|-unboost|p1b: Lycanroc|def|1
|-unboost|p1b: Lycanroc|spd|1
|faint|p2b: Archaludon
|move|p1a: Indeedee|Expanding Force|p2a: Annihilape
|-supereffective|p2a: Annihilape
|-damage|p2a: Annihilape|0 fnt
|faint|p2a: Annihilape
|
|-weather|Sandstorm|[upkeep]
|-damage|p1a: Indeedee|95/100|[from] Sandstorm
|upkeep
|
|t:|1757750669
|switch|p2b: Pelipper|Pelipper, L50, M|89/100
|-weather|RainDance|[from] ability: Drizzle|[of] p2b: Pelipper
|turn|5
|
|t:|1757750676
|move|p2b: Pelipper|Wide Guard|p2b: Pelipper
|-singleturn|p2b: Pelipper|Wide Guard
|move|p1a: Indeedee|Expanding Force|p2b: Pelipper
|-activate|p2b: Pelipper|move: Wide Guard
|move|p1b: Lycanroc|Taunt|p2b: Pelipper
|-start|p2b: Pelipper|move: Taunt
|
|-weather|RainDance|[upkeep]
|-fieldend|move: Psychic Terrain
|upkeep
|turn|6
|c|☆Toslowbro30|Gg wp
|
|t:|1757750689
|-terastallize|p2b: Pelipper|Stellar
|move|p1a: Indeedee|Expanding Force|p2b: Pelipper
|-crit|p2b: Pelipper
|-damage|p2b: Pelipper|0 fnt
|faint|p2b: Pelipper
|
|win|Toslowbro30
||Toslowbro30 is ready for game 3.
|c|☆themismatcher|gg wp
||themismatcher is ready for game 3.
|uhtml|next|Next: Game 3 of 3
|l|☆Toslowbro30
|player|p1|
