|j|☆EchoShadowYT
|j|☆tdea
|html|EchoShadowYTtdea    
|uhtml|bestof|Game 2 of a best-of-3
|t:|1783708142
|gametype|doubles
|player|p1|EchoShadowYT|skierf|1338
|player|p2|tdea|veteran|1509
|gen|9
|tier|[Gen 9 Champions] VGC 2026 Reg M-B (Bo3)
|rated|
|rule|Species Clause: Limit one of each Pokémon
|rule|Item Clause: Limit 1 of each item
|clearpoke
|poke|p1|Delphox, L50, M|
|poke|p1|Sneasler, L50, M|
|poke|p1|Blastoise, L50, M|
|poke|p1|Kingambit, L50, F|
|poke|p1|Incineroar, L50, F|
|poke|p1|Sinistcha, L50|
|poke|p2|Floette-Eternal, L50, F|
|poke|p2|Sinistcha, L50|
|poke|p2|Incineroar, L50, M|
|poke|p2|Sneasler, L50, F|
|poke|p2|Blastoise, L50, F|
|poke|p2|Kingambit, L50, F|
|teampreview|4
|showteam|p1|Delphox||Delphoxite|Blaze|HeatWave,Psyshock,NastyPlot,Protect|Timid||M|||50|]Sneasler||FocusSash|PoisonTouch|DireClaw,CloseCombat,FakeOut,Protect|Jolly||M|||50|]Blastoise||Blastoisinite|Torrent|WaterSpout,Protect,DarkPulse,ShellSmash|Modest||M|||50|]Kingambit||BlackGlasses|Defiant|KowtowCleave,SuckerPunch,SwordsDance,Protect|Adamant||F|||50|]Incineroar||SitrusBerry|Intimidate|ThroatChop,FlareBlitz,PartingShot,FakeOut|Impish||F|||50|]Sinistcha||KasibBerry|Hospitality|MatchaGotcha,RagePowder,TrickRoom,Protect|Calm|||||50|
|showteam|p2|Floette-Eternal||Floettite|FlowerVeil|DazzlingGleam,DrainingKiss,Protect,CalmMind|Timid||F|||50|]Sinistcha||OccaBerry|Hospitality|MatchaGotcha,LifeDew,RagePowder,Protect|Bold|||||50|]Incineroar||SitrusBerry|Intimidate|FlareBlitz,DarkestLariat,PartingShot,FakeOut|Impish||M|||50|]Sneasler||FocusSash|PoisonTouch|PoisonJab,CloseCombat,FakeOut,RockTomb|Jolly||F|||50|]Blastoise||Blastoisinite|Torrent|WaterSpout,ShellSmash,Protect,DarkPulse|Modest||F|||50|]Kingambit||LifeOrb|Defiant|KowtowCleave,SuckerPunch,Protect,SwordsDance|Adamant||F|||50|
|inactive|Battle timer is ON: inactive players will automatically lose when time's up. (requested by EchoShadowYT)
|inactive|tdea also wants the timer to be on.
|inactive|EchoShadowYT has 60 seconds left.
|inactive|EchoShadowYT has 30 seconds left.
|
|t:|1783708208
|teamsize|p1|4
|teamsize|p2|4
|start
|switch|p1a: Delphox|Delphox, L50, M|100/100
|switch|p1b: Sneasler|Sneasler, L50, M|100/100
|switch|p2a: Sneasler|Sneasler, L50, F|100/100
|switch|p2b: Blastoise|Blastoise, L50, F|100/100
|turn|1
|
|t:|1783708223
|detailschange|p1a: Delphox|Delphox-Mega, L50, M
|-mega|p1a: Delphox|Delphox|Delphoxite
|detailschange|p2b: Blastoise|Blastoise-Mega, L50, F
|-mega|p2b: Blastoise|Blastoise|Blastoisinite
|move|p1b: Sneasler|Fake Out|p2b: Blastoise
|-damage|p2b: Blastoise|87/100
|-status|p2b: Blastoise|psn|[from] ability: Poison Touch|[of] p1b: Sneasler
|move|p1a: Delphox|Psyshock|p2a: Sneasler
|-supereffective|p2a: Sneasler|2
|-enditem|p2a: Sneasler|Focus Sash
|-damage|p2a: Sneasler|1/100
|move|p2a: Sneasler|Rock Tomb|p1a: Delphox
|-supereffective|p1a: Delphox|1
|-damage|p1a: Delphox|39/100
|-unboost|p1a: Delphox|spe|1
|cant|p2b: Blastoise|flinch
|
|-damage|p2b: Blastoise|75/100 psn|[from] psn
|upkeep
|turn|2
|
|t:|1783708247
|switch|p1a: Kingambit|Kingambit, L50, F|100/100
|move|p1b: Sneasler|Dire Claw|p2b: Blastoise
|-damage|p2b: Blastoise|40/100 psn
|move|p2a: Sneasler|Poison Jab|p1a: Kingambit
|-immune|p1a: Kingambit
|move|p2b: Blastoise|Shell Smash|p2b: Blastoise
|-unboost|p2b: Blastoise|def|1
|-unboost|p2b: Blastoise|spd|1
|-boost|p2b: Blastoise|atk|2
|-boost|p2b: Blastoise|spa|2
|-boost|p2b: Blastoise|spe|2
|
|-damage|p2b: Blastoise|28/100 psn|[from] psn
|upkeep
|turn|3
|
|t:|1783708263
|move|p2b: Blastoise|Protect|p2b: Blastoise
|-singleturn|p2b: Blastoise|Protect
|move|p1b: Sneasler|Dire Claw|p2a: Sneasler
|-resisted|p2a: Sneasler|1
|-damage|p2a: Sneasler|0 fnt
|faint|p2a: Sneasler
|move|p1a: Kingambit|Kowtow Cleave|p2b: Blastoise
|-activate|p2b: Blastoise|move: Protect
|
|-damage|p2b: Blastoise|16/100 psn|[from] psn
|upkeep
|
|t:|1783708268
|switch|p2a: Sinistcha|Sinistcha, L50|100/100
|-heal|p2b: Blastoise|41/100 psn|[from] ability: Hospitality|[of] p2a: Sinistcha
|turn|4
|
|t:|1783708287
|move|p2b: Blastoise|Water Spout|p1b: Sneasler|[spread] p1a,p1b
|-damage|p1a: Kingambit|45/100
|-damage|p1b: Sneasler|28/100
|move|p1b: Sneasler|Dire Claw|p2a: Sinistcha
|-damage|p2a: Sinistcha|62/100
|-status|p2a: Sinistcha|par
|move|p1a: Kingambit|Kowtow Cleave|p2a: Sinistcha
|-supereffective|p2a: Sinistcha|1
|-damage|p2a: Sinistcha|0 fnt
|faint|p2a: Sinistcha
|
|-damage|p2b: Blastoise|29/100 psn|[from] psn
|upkeep
|
|t:|1783708296
|switch|p2a: Incineroar|Incineroar, L50, M|100/100
|-ability|p2a: Incineroar|Intimidate|boost
|-unboost|p1a: Kingambit|atk|1
|-ability|p1a: Kingambit|Defiant|boost
|-boost|p1a: Kingambit|atk|2
|-unboost|p1b: Sneasler|atk|1
|turn|5
|
|t:|1783708304
|move|p1b: Sneasler|Protect|p1b: Sneasler
|-singleturn|p1b: Sneasler|Protect
|move|p1a: Kingambit|Protect|p1a: Kingambit
|-singleturn|p1a: Kingambit|Protect
|move|p2a: Incineroar|Fake Out|p1a: Kingambit
|-activate|p1a: Kingambit|move: Protect
|move|p2b: Blastoise|Water Spout|p1b: Sneasler|[spread] 
|-activate|p1a: Kingambit|move: Protect
|-activate|p1b: Sneasler|move: Protect
|
|-damage|p2b: Blastoise|16/100 psn|[from] psn
|upkeep
|turn|6
|-message|tdea forfeited.
|
|win|EchoShadowYT
|l|☆tdea
|player|p2|
||EchoShadowYT is ready for game 3.
||tdea is ready for game 3.
|uhtml|next|Next: Game 3 of 3
