|j|☆Llama_Llord
|j|☆masterhax3
|html|Llama_Llordmasterhax3    
|uhtml|bestof|Game 2 of a best-of-3
|t:|1756727616
|gametype|doubles
|player|p1|Llama_Llord|265|1058
|player|p2|masterhax3|scientist-gen4dp|1085
|gen|9
|tier|[Gen 9] VGC 2025 Reg H (Bo3)
|rated|
|rule|Species Clause: Limit one of each Pokémon
|rule|Item Clause: Limit 1 of each item
|clearpoke
|poke|p1|Meowscarada, L50, M|
|poke|p1|Primarina, L50, F|
|poke|p1|Indeedee, L50, M|
|poke|p1|Sneasler, L50, M|
|poke|p1|Tatsugiri, L50, M|
|poke|p1|Kingambit, L50, M|
|poke|p2|Incineroar, L50, M|
|poke|p2|Porygon2, L50|
|poke|p2|Ursaluna, L50, F|
|poke|p2|Vivillon-Polar, L50, F|
|poke|p2|Gholdengo, L50|
|poke|p2|Sneasler, L50, M|
|teampreview|4
|showteam|p1|Meowscarada||FocusSash|Overgrow|GrassPledge,KnockOff,FlowerTrick,Protect|||M|||50|,,,,,Fairy]Primarina||LifeOrb|LiquidVoice|WaterPledge,HyperVoice,Moonblast,Protect|||F|||50|,,,,,Poison]Indeedee||SafetyGoggles|PsychicSurge|ExpandingForce,Imprison,TrickRoom,Protect|||M|||50|,,,,,Fire]Sneasler||PsychicSeed|Unburden|DireClaw,CloseCombat,ThroatChop,Protect|||M|||50|,,,,,Stellar]Tatsugiri||AssaultVest|StormDrain|DracoMeteor,IcyWind,TeraBlast,Surf|||M|||50|,,,,,Ground]Kingambit||BlackGlasses|Defiant|KowtowCleave,IronHead,SuckerPunch,Protect|||M|||50|,,,,,Fairy
|showteam|p2|Incineroar||SafetyGoggles|Intimidate|FakeOut,FlareBlitz,KnockOff,PartingShot|||M|||50|,,,,,Ghost]Porygon2||Eviolite|Download|TeraBlast,IceBeam,TrickRoom,Recover||||||50|,,,,,Fighting]Ursaluna||FlameOrb|Guts|HeadlongRush,Facade,Earthquake,Protect|||F|||50|,,,,,Poison]Vivillon-Polar||FocusSash|CompoundEyes|Hurricane,SleepPowder,Tailwind,Protect|||F|||50|,,,,,Ghost]Gholdengo||LifeOrb|GoodasGold|MakeItRain,ShadowBall,NastyPlot,Protect||||||50|,,,,,Water]Sneasler||WhiteHerb|Unburden|CloseCombat,DireClaw,ThroatChop,Protect|||M|||50|,,,,,Dark
|inactive|Battle timer is ON: inactive players will automatically lose when time's up. (requested by Llama_Llord)
|
|t:|1756727638
|teamsize|p1|4
|teamsize|p2|4
|start
|switch|p1a: Indeedee|Indeedee, L50, M|100/100
|switch|p1b: Sneasler|Sneasler, L50, M|100/100
|switch|p2a: Incineroar|Incineroar, L50, M|100/100
|switch|p2b: Vivillon|Vivillon-Polar, L50, F|100/100
|-fieldstart|move: Psychic Terrain|[from] ability: Psychic Surge|[of] p1a: Indeedee
|-enditem|p1b: Sneasler|Psychic Seed
|-boost|p1b: Sneasler|spd|1|[from] item: Psychic Seed
|-ability|p2a: Incineroar|Intimidate|boost
|-unboost|p1a: Indeedee|atk|1
|-unboost|p1b: Sneasler|atk|1
|turn|1
|
|t:|1756727650
|-terastallize|p1a: Indeedee|Fire
|move|p1b: Sneasler|Protect|p1b: Sneasler
|-singleturn|p1b: Sneasler|Protect
|move|p2b: Vivillon|Protect|p2b: Vivillon
|-singleturn|p2b: Vivillon|Protect
|move|p1a: Indeedee|Expanding Force|p2a: Incineroar|[spread] 
|-activate|p2b: Vivillon|move: Protect
|-immune|p2a: Incineroar
|move|p2a: Incineroar|Knock Off|p1a: Indeedee
|-damage|p1a: Indeedee|29/100
|-enditem|p1a: Indeedee|Safety Goggles|[from] move: Knock Off|[of] p2a: Incineroar
|
|upkeep
|turn|2
|inactive|Llama_Llord has 30 seconds left.
|
|t:|1756727677
|switch|p1b: Puss in Boots|Meowscarada, L50, M|100/100
|move|p2b: Vivillon|Sleep Powder|p1b: Puss in Boots
|-immune|p1b: Puss in Boots
|move|p1a: Indeedee|Expanding Force|p2a: Incineroar|[spread] p2b
|-immune|p2a: Incineroar
|-damage|p2b: Vivillon|2/100
|move|p2a: Incineroar|Knock Off|p1a: Indeedee
|-damage|p1a: Indeedee|0 fnt
|faint|p1a: Indeedee
|
|upkeep
|
|t:|1756727680
|switch|p1a: Sneasler|Sneasler, L50, M|100/100
|turn|3
|
|t:|1756727697
|switch|p2a: Sneasler|Sneasler, L50, M|100/100
|move|p2b: Vivillon|Protect|p2b: Vivillon
|-singleturn|p2b: Vivillon|Protect
|move|p1b: Puss in Boots|Knock Off|p2b: Vivillon
|-activate|p2b: Vivillon|move: Protect
|move|p1a: Sneasler|Close Combat|p2a: Sneasler
|-resisted|p2a: Sneasler
|-damage|p2a: Sneasler|56/100
|-unboost|p1a: Sneasler|def|1
|-unboost|p1a: Sneasler|spd|1
|
|upkeep
|turn|4
|inactive|Llama_Llord has 30 seconds left.
|
|t:|1756727729
|move|p1b: Puss in Boots|Knock Off|p2b: Vivillon
|-damage|p2b: Vivillon|0 fnt
|-enditem|p2b: Vivillon|Focus Sash|[from] move: Knock Off|[of] p1b: Puss in Boots
|faint|p2b: Vivillon
|move|p1a: Sneasler|Close Combat|p2a: Sneasler
|-resisted|p2a: Sneasler
|-damage|p2a: Sneasler|5/100
|-unboost|p1a: Sneasler|def|1
|-unboost|p1a: Sneasler|spd|1
|move|p2a: Sneasler|Dire Claw|p1b: Puss in Boots
|-supereffective|p1b: Puss in Boots
|-enditem|p1b: Puss in Boots|Focus Sash
|-damage|p1b: Puss in Boots|1/100
|-status|p1b: Puss in Boots|slp
|
|upkeep
|
|t:|1756727745
|switch|p2b: Incineroar|Incineroar, L50, M|100/100
|-ability|p2b: Incineroar|Intimidate|boost
|-unboost|p1a: Sneasler|atk|1
|-unboost|p1b: Puss in Boots|atk|1
|turn|5
|inactive|Llama_Llord has 30 seconds left.
|
|t:|1756727773
|move|p2a: Sneasler|Protect|p2a: Sneasler
|-singleturn|p2a: Sneasler|Protect
|move|p1a: Sneasler|Protect|p1a: Sneasler
|-singleturn|p1a: Sneasler|Protect
|cant|p1b: Puss in Boots|slp
|move|p2b: Incineroar|Flare Blitz|p1a: Sneasler
|-activate|p1a: Sneasler|move: Protect
|
|-fieldend|move: Psychic Terrain
|upkeep
|turn|6
|
|t:|1756727788
|switch|p2a: Gholdengo|Gholdengo, L50|100/100
|cant|p1b: Puss in Boots|slp
|move|p1a: Sneasler|Close Combat|p2b: Incineroar
|-supereffective|p2b: Incineroar
|-damage|p2b: Incineroar|3/100
|-unboost|p1a: Sneasler|def|1
|-unboost|p1a: Sneasler|spd|1
|move|p2b: Incineroar|Flare Blitz|p1a: Sneasler
|-damage|p1a: Sneasler|0 fnt
|faint|p1a: Sneasler
|-damage|p2b: Incineroar|0 fnt|[from] Recoil
|faint|p2b: Incineroar
|
|upkeep
|
|t:|1756727801
|switch|p1a: Fiona|Primarina, L50, F|100/100
|switch|p2b: Sneasler|Sneasler, L50, M|5/100
|turn|7
|
|t:|1756727813
|move|p1a: Fiona|Protect|p1a: Fiona
|-singleturn|p1a: Fiona|Protect
|cant|p1b: Puss in Boots|slp
|move|p2b: Sneasler|Dire Claw|p1a: Fiona
|-activate|p1a: Fiona|move: Protect
|move|p2a: Gholdengo|Make It Rain|p1a: Fiona|[spread] p1b
|-activate|p1a: Fiona|move: Protect
|-damage|p1b: Puss in Boots|0 fnt
|-unboost|p2a: Gholdengo|spa|1
|faint|p1b: Puss in Boots
|-damage|p2a: Gholdengo|91/100|[from] item: Life Orb
|
|upkeep
|turn|8
|
|t:|1756727832
|move|p2b: Sneasler|Dire Claw|p1a: Fiona
|-supereffective|p1a: Fiona
|-damage|p1a: Fiona|5/100
|-status|p1a: Fiona|psn
|move|p2a: Gholdengo|Make It Rain|p1a: Fiona
|-damage|p1a: Fiona|0 fnt
|-unboost|p2a: Gholdengo|spa|1
|faint|p1a: Fiona
|-damage|p2a: Gholdengo|82/100|[from] item: Life Orb
|
|win|masterhax3
|raw|Llama_Llord's rating: 1058 → 1041(-17 for losing)
|raw|masterhax3's rating: 1085 → 1110(+25 for winning)
