|j|☆the doctor rock
|j|☆hugoggg
|html|the doctor rockhugoggg    
|uhtml|bestof|Game 1 of a best-of-3
|t:|1785958455
|gametype|doubles
|player|p1|the doctor rock|marlon|1086
|player|p2|hugoggg|102|1187
|gen|9
|tier|[Gen 9 Champions] VGC 2026 Reg M-B (Bo3)
|rated|
|rule|Species Clause: Limit one of each Pokémon
|rule|Item Clause: Limit 1 of each item
|clearpoke
|poke|p1|Malamar, L50, F|
|poke|p1|Camerupt, L50, M|
|poke|p1|Kingambit, L50, M|
|poke|p1|Basculegion, L50, M|
|poke|p1|Farigiraf, L50, M|
|poke|p1|Vanilluxe, L50, F|
|poke|p2|Froslass, L50, F|
|poke|p2|Dragonite, L50, F|
|poke|p2|Sneasler, L50, F|
|poke|p2|Arcanine-Hisui, L50, F|
|poke|p2|Gholdengo, L50|
|poke|p2|Kingambit, L50, F|
|teampreview|4
|showteam|p1|Malamar||MentalHerb|Contrary|Superpower,TopsyTurvy,TrickRoom,Protect|Adamant||F|||50|]Camerupt||Cameruptite|SolidRock|HeatWave,EarthPower,Overheat,Protect|Quiet||M|||50|]Kingambit||LifeOrb|Defiant|KowtowCleave,SuckerPunch,IronHead,Protect|Adamant||M|||50|]Basculegion||ChoiceScarf|Adaptability|WaveCrash,AquaJet,LastRespects,FlipTurn|Jolly||M|||50|]Farigiraf||SitrusBerry|ArmorTail|HyperVoice,PsychicFangs,HelpingHand,TrickRoom|Relaxed||M|||50|]Vanilluxe||NeverMeltIce|SnowWarning|Blizzard,FreezeDry,IceShard,Protect|Sassy||F|||50|
|showteam|p2|Froslass||Froslassite|CursedBody|Blizzard,ShadowBall,AuroraVeil,Protect|Modest||F|||50|]Dragonite||DragonFang|Multiscale|ScaleShot,LowKick,Tailwind,Protect|Adamant||F|||50|]Sneasler||WhiteHerb|Unburden|CloseCombat,GunkShot,FakeOut,Protect|Adamant||F|||50|]Arcanine-Hisui||FocusSash|RockHead|HeadSmash,FlareBlitz,ExtremeSpeed,Protect|Adamant||F|||50|]Gholdengo||ChoiceScarf|GoodasGold|MakeItRain,ShadowBall,PowerGem,Trick|Modest|||||50|]Kingambit||LifeOrb|Defiant|KowtowCleave,SuckerPunch,SwordsDance,Protect|Adamant||F|||50|
|inactive|Battle timer is ON: inactive players will automatically lose when time's up. (requested by the doctor rock)
|inactive|the doctor rock has 60 seconds left.
|inactive|hugoggg has 60 seconds left.
|inactive|the doctor rock has 30 seconds left.
|inactive|hugoggg has 30 seconds left.
|inactive|the doctor rock has 20 seconds left.
|inactive|hugoggg has 20 seconds left.
|inactive|the doctor rock has 15 seconds left.
|inactive|hugoggg has 15 seconds left.
|inactive|the doctor rock has 10 seconds left.
|inactive|hugoggg has 10 seconds left.
|
|t:|1785958540
|teamsize|p1|4
|teamsize|p2|4
|start
|switch|p1a: Malamar|Malamar, L50, F|100/100
|switch|p1b: Kingambit|Kingambit, L50, M|100/100
|switch|p2a: Flop era|Gholdengo, L50|100/100
|switch|p2b: Villain|Kingambit, L50, F|100/100
|turn|1
|
|t:|1785958561
|move|p2a: Flop era|Trick|p1a: Malamar
|-activate|p2a: Flop era|move: Trick|[of] p1a: Malamar
|-item|p1a: Malamar|Choice Scarf|[from] move: Trick
|-item|p2a: Flop era|Mental Herb|[from] move: Trick
|move|p1a: Malamar|Superpower|p2b: Villain
|-supereffective|p2b: Villain|2
|-damage|p2b: Villain|0 fnt
|-boost|p1a: Malamar|atk|1
|-boost|p1a: Malamar|def|1
|faint|p2b: Villain
|move|p1b: Kingambit|Kowtow Cleave|p2a: Flop era
|-supereffective|p2a: Flop era|1
|-damage|p2a: Flop era|0 fnt
|faint|p2a: Flop era
|-damage|p1b: Kingambit|90/100|[from] item: Life Orb
|
|upkeep
|
|t:|1785958570
|switch|p2a: Rollin girl|Dragonite, L50, F|100/100
|switch|p2b: Animal|Arcanine-Hisui, L50, F|100/100
|turn|2
|
|t:|1785958592
|move|p1b: Kingambit|Protect|p1b: Kingambit
|-singleturn|p1b: Kingambit|Protect
|move|p2b: Animal|Head Smash|p1a: Malamar
|-damage|p1a: Malamar|46/100
|move|p1a: Malamar|Superpower|p2b: Animal
|-supereffective|p2b: Animal|1
|-enditem|p2b: Animal|Focus Sash
|-damage|p2b: Animal|1/100
|-boost|p1a: Malamar|atk|1
|-boost|p1a: Malamar|def|1
|move|p2a: Rollin girl|Low Kick|p1b: Kingambit
|-activate|p1b: Kingambit|move: Protect
|
|upkeep
|turn|3
|
|t:|1785958617
|move|p2b: Animal|Protect|p2b: Animal
|-singleturn|p2b: Animal|Protect
|move|p1b: Kingambit|Sucker Punch||[still]
|-fail|p1b: Kingambit
|move|p1a: Malamar|Superpower|p2a: Rollin girl
|-resisted|p2a: Rollin girl|1
|-damage|p2a: Rollin girl|78/100
|-boost|p1a: Malamar|atk|1
|-boost|p1a: Malamar|def|1
|move|p2a: Rollin girl|Scale Shot|p1b: Kingambit
|-resisted|p1b: Kingambit|1
|-damage|p1b: Kingambit|83/100
|-resisted|p1b: Kingambit|1
|-damage|p1b: Kingambit|76/100
|-hitcount|p1b: Kingambit|2
|-unboost|p2a: Rollin girl|def|1
|-boost|p2a: Rollin girl|spe|1
|
|upkeep
|turn|4
|
|t:|1785958632
|move|p2b: Animal|Protect||[still]
|-fail|p2b: Animal
|move|p1b: Kingambit|Sucker Punch||[still]
|-fail|p1b: Kingambit
|move|p2a: Rollin girl|Low Kick|p1b: Kingambit
|-supereffective|p1b: Kingambit|2
|-damage|p1b: Kingambit|0 fnt
|faint|p1b: Kingambit
|move|p1a: Malamar|Superpower|p2a: Rollin girl
|-resisted|p2a: Rollin girl|1
|-damage|p2a: Rollin girl|4/100
|-boost|p1a: Malamar|atk|1
|-boost|p1a: Malamar|def|1
|
|upkeep
|
|t:|1785958648
|switch|p1b: Camerupt|Camerupt, L50, M|100/100
|turn|5
|
|t:|1785958660
|detailschange|p1b: Camerupt|Camerupt-Mega, L50, M
|-mega|p1b: Camerupt|Camerupt|Cameruptite
|move|p1b: Camerupt|Protect|p1b: Camerupt
|-singleturn|p1b: Camerupt|Protect
|move|p2a: Rollin girl|Scale Shot|p1a: Malamar
|-damage|p1a: Malamar|39/100
|-damage|p1a: Malamar|33/100
|-hitcount|p1a: Malamar|2
|-unboost|p2a: Rollin girl|def|1
|-boost|p2a: Rollin girl|spe|1
|move|p2b: Animal|Head Smash|p1b: Camerupt
|-activate|p1b: Camerupt|move: Protect
|move|p1a: Malamar|Superpower|p2b: Animal
|-supereffective|p2b: Animal|1
|-damage|p2b: Animal|0 fnt
|-boost|p1a: Malamar|atk|1
|-boost|p1a: Malamar|def|1
|faint|p2b: Animal
|
|upkeep
|turn|6
|-message|hugoggg forfeited.
|
|win|the doctor rock
||hugoggg is ready for game 2.
||the doctor rock is ready for game 2.
|uhtml|next|Next: Game 2 of 3
|l|☆the doctor rock
|player|p1|
