|j|☆JNEST
|j|☆Semiau
|html|JNESTSemiau    
|uhtml|bestof|Game 1 of a best-of-3
|t:|1756217754
|gametype|doubles
|player|p1|JNEST|veteran-gen4|1075
|player|p2|Semiau|policeman|1063
|gen|9
|tier|[Gen 9] VGC 2025 Reg H (Bo3)
|rated|
|rule|Species Clause: Limit one of each Pokémon
|rule|Item Clause: Limit 1 of each item
|clearpoke
|poke|p1|Weezing, L50, M|
|poke|p1|Incineroar, L50, M|
|poke|p1|Ursaluna-Bloodmoon, L50, M|
|poke|p1|Annihilape, L50, M|
|poke|p1|Tyranitar, L50, M|
|poke|p1|Amoonguss, L50, F|
|poke|p2|Indeedee-F, L50, F|
|poke|p2|Typhlosion-Hisui, L50, F|
|poke|p2|Gallade, L50, M|
|poke|p2|Toxtricity, L50, F|
|poke|p2|Ursaluna-Bloodmoon, L50, M|
|poke|p2|Torkoal, L50, F|
|teampreview|4
|showteam|p1|Weezing||SitrusBerry|NeutralizingGas|Protect,Taunt,WillOWisp,SludgeBomb|||M|||50|,,,,,Ghost]Incineroar||AbilityShield|Intimidate|KnockOff,FlareBlitz,FakeOut,PartingShot|||M|||50|,,,,,Ghost]Ursaluna-Bloodmoon||LifeOrb|MindsEye|Protect,HyperVoice,EarthPower,BloodMoon|||M|||50|,,,,,Normal]Annihilape||SafetyGoggles|Defiant|Taunt,RageFist,CloseCombat,FinalGambit|||M|||50|,,,,,Fairy]Tyranitar||AssaultVest|SandStream|RockSlide,KnockOff,TeraBlast,LowKick|||M|||50|,,,,,Flying]Amoonguss||Leftovers|Regenerator|ClearSmog,Spore,RagePowder,PollenPuff|||F|||50|,,,,,Water
|showteam|p2|Indeedee-F||PsychicSeed|PsychicSurge|HelpingHand,FollowMe,DazzlingGleam,TrickRoom|||F|||50|,,,,,Fairy]Typhlosion-Hisui||ChoiceScarf|Frisk|Eruption,Overheat,ShadowBall,FocusBlast|||F|||50|,,,,,Fire]Gallade||FocusSash|Sharpness|PsychoCut,SacredSword,WideGuard,TrickRoom|||M|||50|,,,,,Psychic]Toxtricity||ChoiceSpecs|PunkRock|Boomburst,Overdrive,VoltSwitch,SludgeBomb|||F|||50|,,,,,Normal]Ursaluna-Bloodmoon||ThroatSpray|MindsEye|HyperVoice,BloodMoon,EarthPower,Protect|||M|||50|,,,,,Normal]Torkoal||Charcoal|Drought|Eruption,Yawn,Protect,Flamethrower|||F|||50|,,,,,Fire
|inactive|Battle timer is ON: inactive players will automatically lose when time's up. (requested by JNEST)
|inactive|JNEST has 60 seconds left.
|inactive|Semiau has 60 seconds left.
|inactive|Semiau has 30 seconds left.
|inactive|Semiau has 20 seconds left.
|inactive|Semiau has 15 seconds left.
|inactive|Semiau has 10 seconds left.
|inactive|Semiau has 5 seconds left.
|
|t:|1756217845
|teamsize|p1|4
|teamsize|p2|4
|start
|switch|p1a: Weezing|Weezing, L50, M|100/100
|switch|p1b: Incineroar|Incineroar, L50, M|100/100
|switch|p2a: Indeedee|Indeedee-F, L50, F|100/100
|switch|p2b: Typhlosion|Typhlosion-Hisui, L50, F|100/100
|-ability|p1a: Weezing|Neutralizing Gas
|-block|p1b: Incineroar|item: Ability Shield
|-ability|p1b: Incineroar|Intimidate|boost
|-unboost|p2a: Indeedee|atk|1
|-unboost|p2b: Typhlosion|atk|1
|turn|1
|inactive|Semiau has 30 seconds left.
|inactive|Semiau has 20 seconds left.
|inactive|Semiau has 15 seconds left.
|inactive|Semiau has 10 seconds left.
|inactive|Semiau has 5 seconds left.
|
|t:|1756217900
|move|p2a: Indeedee|Helping Hand|p2b: Typhlosion
|-singleturn|p2b: Typhlosion|Helping Hand|[of] p2a: Indeedee
|move|p1b: Incineroar|Fake Out|p2a: Indeedee
|-damage|p2a: Indeedee|85/100
|move|p2b: Typhlosion|Eruption|p1a: Weezing|[spread] p1a,p1b
|-resisted|p1b: Incineroar
|-damage|p1a: Weezing|14/100
|-damage|p1b: Incineroar|57/100
|-enditem|p1a: Weezing|Sitrus Berry|[eat]
|-heal|p1a: Weezing|39/100|[from] item: Sitrus Berry
|move|p1a: Weezing|Sludge Bomb|p2b: Typhlosion
|-resisted|p2b: Typhlosion
|-crit|p2b: Typhlosion
|-damage|p2b: Typhlosion|70/100
|
|upkeep
|turn|2
|inactive|Semiau has 30 seconds left.
|inactive|Semiau has 20 seconds left.
|inactive|Semiau has 15 seconds left.
|inactive|Semiau has 10 seconds left.
|inactive|Semiau has 5 seconds left.
|
|t:|1756217955
|-end|p1a: Weezing|ability: Neutralizing Gas
|-item|p1b: Incineroar|Ability Shield|[from] ability: Frisk|[of] p2b: Typhlosion
|-fieldstart|move: Psychic Terrain|[from] ability: Psychic Surge|[of] p2a: Indeedee
|-enditem|p2a: Indeedee|Psychic Seed
|-boost|p2a: Indeedee|spd|1|[from] item: Psychic Seed
|switch|p1a: Tyranitar|Tyranitar, L50, M|100/100
|-weather|Sandstorm|[from] ability: Sand Stream|[of] p1a: Tyranitar
|move|p2a: Indeedee|Helping Hand|p2b: Typhlosion
|-singleturn|p2b: Typhlosion|Helping Hand|[of] p2a: Indeedee
|move|p2b: Typhlosion|Eruption|p1b: Incineroar|[spread] p1a,p1b
|-resisted|p1a: Tyranitar
|-crit|p1a: Tyranitar
|-resisted|p1b: Incineroar
|-damage|p1a: Tyranitar|81/100
|-damage|p1b: Incineroar|28/100
|move|p1b: Incineroar|Knock Off|p2b: Typhlosion
|-supereffective|p2b: Typhlosion
|-damage|p2b: Typhlosion|0 fnt
|-enditem|p2b: Typhlosion|Choice Scarf|[from] move: Knock Off|[of] p1b: Incineroar
|faint|p2b: Typhlosion
|
|-weather|Sandstorm|[upkeep]
|-damage|p1b: Incineroar|22/100|[from] Sandstorm
|-damage|p2a: Indeedee|78/100|[from] Sandstorm
|upkeep
|inactive|Semiau has 30 seconds left.
|inactive|Semiau has 20 seconds left.
|inactive|Semiau has 15 seconds left.
|inactive|Semiau has 10 seconds left.
|inactive|Semiau has 5 seconds left.
|
|t:|1756218012
|switch|p2b: Gallade|Gallade, L50, M|100/100
|turn|3
|inactive|Semiau has 30 seconds left.
|inactive|Semiau has 20 seconds left.
|inactive|Semiau has 15 seconds left.
|inactive|Semiau has 10 seconds left.
|
|t:|1756218059
|switch|p1b: Weezing|Weezing, L50, M|39/100
|-ability|p1b: Weezing|Neutralizing Gas
|-terastallize|p1a: Tyranitar|Flying
|move|p1a: Tyranitar|Tera Blast|p2b: Gallade|[anim] Tera Blast Flying
|-supereffective|p2b: Gallade
|-enditem|p2b: Gallade|Focus Sash
|-damage|p2b: Gallade|1/100
|move|p2b: Gallade|Sacred Sword|p1a: Tyranitar
|-resisted|p1a: Tyranitar
|-damage|p1a: Tyranitar|60/100
|move|p2a: Indeedee|Trick Room|p2a: Indeedee
|-fieldstart|move: Trick Room|[of] p2a: Indeedee
|
|-weather|Sandstorm|[upkeep]
|-damage|p1b: Weezing|34/100|[from] Sandstorm
|-damage|p2a: Indeedee|72/100|[from] Sandstorm
|-damage|p2b: Gallade|0 fnt|[from] Sandstorm
|-damage|p1a: Tyranitar|54/100|[from] Sandstorm
|faint|p2b: Gallade
|upkeep
|
|t:|1756218061
|switch|p2b: Toxtricity|Toxtricity, L50, F|100/100
|turn|4
|
|t:|1756218077
|move|p1b: Weezing|Protect|p1b: Weezing
|-singleturn|p1b: Weezing|Protect
|move|p2a: Indeedee|Follow Me|p2a: Indeedee
|-singleturn|p2a: Indeedee|move: Follow Me
|move|p2b: Toxtricity|Overdrive|p1b: Weezing|[spread] p1a
|-activate|p1b: Weezing|move: Protect
|-supereffective|p1a: Tyranitar
|-damage|p1a: Tyranitar|0 fnt
|faint|p1a: Tyranitar
|
|-weather|Sandstorm|[upkeep]
|-damage|p1b: Weezing|28/100|[from] Sandstorm
|-damage|p2a: Indeedee|66/100|[from] Sandstorm
|-damage|p2b: Toxtricity|94/100|[from] Sandstorm
|upkeep
|
|t:|1756218085
|switch|p1a: Ursaluna|Ursaluna-Bloodmoon, L50, M|100/100
|turn|5
|
|t:|1756218093
|-terastallize|p2a: Indeedee|Fairy
|move|p1b: Weezing|Sludge Bomb|p2a: Indeedee
|-supereffective|p2a: Indeedee
|-damage|p2a: Indeedee|36/100
|-status|p2a: Indeedee|psn
|move|p2a: Indeedee|Dazzling Gleam|p1b: Weezing|[spread] p1a,p1b
|-resisted|p1b: Weezing
|-damage|p1a: Ursaluna|76/100
|-damage|p1b: Weezing|18/100
|move|p2b: Toxtricity|Overdrive|p1b: Weezing|[spread] p1b
|-immune|p1a: Ursaluna
|-damage|p1b: Weezing|0 fnt
|faint|p1b: Weezing
|-end|p1b: Weezing|ability: Neutralizing Gas
|move|p1a: Ursaluna|Hyper Voice|p2b: Toxtricity|[spread] p2a,p2b
|-damage|p2a: Indeedee|11/100 psn
|-damage|p2b: Toxtricity|62/100
|-damage|p1a: Ursaluna|67/100|[from] item: Life Orb
|
|-weather|Sandstorm|[upkeep]
|-damage|p2a: Indeedee|5/100 psn|[from] Sandstorm
|-damage|p2b: Toxtricity|56/100|[from] Sandstorm
|-damage|p2a: Indeedee|0 fnt|[from] psn
|faint|p2a: Indeedee
|upkeep
|-message|Semiau forfeited.
|
|win|JNEST
|l|☆Semiau
|player|p2|
|j|☆Semiau
|player|p2|Semiau|policeman|
||Semiau is ready for game 2.
|inactive|JNEST has 30 seconds to confirm battle start!
