|j|☆lordtentacle69
|j|☆thegreatestnone
|html|lordtentacle69thegreatestnone    
|uhtml|bestof|Game 2 of a best-of-3
|t:|1784873810
|gametype|doubles
|player|p1|lordtentacle69|corbeau|1383
|player|p2|thegreatestnone|170|1240
|gen|9
|tier|[Gen 9 Champions] VGC 2026 Reg M-B (Bo3)
|rated|
|rule|Species Clause: Limit one of each Pokémon
|rule|Item Clause: Limit 1 of each item
|clearpoke
|poke|p1|Delphox, L50, M|
|poke|p1|Incineroar, L50, M|
|poke|p1|Maushold-Four, L50|
|poke|p1|Sinistcha, L50|
|poke|p1|Sneasler, L50, F|
|poke|p1|Blastoise, L50, M|
|poke|p2|Staraptor, L50, M|
|poke|p2|Vanilluxe, L50, M|
|poke|p2|Farigiraf, L50, M|
|poke|p2|Blastoise, L50, M|
|poke|p2|Kingambit, L50, F|
|poke|p2|Camerupt, L50, M|
|teampreview|4
|showteam|p1|Delphox||Delphoxite|Blaze|HeatWave,Psychic,NastyPlot,Protect|Timid||M|||50|]Incineroar||SitrusBerry|Intimidate|FakeOut,PartingShot,FlareBlitz,ThroatChop|Impish||M|||50|]Maushold-Four||ChopleBerry|FriendGuard|Feint,HelpingHand,Protect,FollowMe|Impish|||||50|]Sinistcha||ColburBerry|Hospitality|Protect,MatchaGotcha,TrickRoom,RagePowder|Bold|||||50|]Sneasler||FocusSash|PoisonTouch|CloseCombat,PoisonJab,QuickGuard,FakeOut|Adamant||F|||50|]Blastoise||Blastoisinite|RainDish|Protect,WaterSpout,DarkPulse,ShellSmash|Timid||M|||50|
|showteam|p2|Staraptor||ChoiceScarf|Intimidate|FinalGambit,BraveBird,CloseCombat,Uturn|Jolly||M|||50|]Vanilluxe||NeverMeltIce|SnowWarning|Blizzard,FreezeDry,Protect,IceShard|Quiet||M|||50|]Farigiraf||SitrusBerry|ArmorTail|PsychicFangs,HyperVoice,HelpingHand,TrickRoom|Relaxed||M|||50|]Blastoise||Blastoisinite|RainDish|FakeOut,WaterSpout,AuraSphere,DarkPulse|Quiet||M|||50|]Kingambit||LifeOrb|Defiant|KowtowCleave,IronHead,Protect,SuckerPunch|Brave||F|||50|]Camerupt||Cameruptite|SolidRock|HeatWave,EarthPower,Protect,AncientPower|Quiet||M|||50|
|
|t:|1784873823
|teamsize|p1|4
|teamsize|p2|4
|start
|switch|p1a: Mbappe|Blastoise, L50, M|100/100
|switch|p1b: MMCH|Maushold-Four, L50|100/100
|switch|p2a: Farigiraf|Farigiraf, L50, M|100/100
|switch|p2b: Staraptor|Staraptor, L50, M|100/100
|-ability|p2b: Staraptor|Intimidate|boost
|-unboost|p1a: Mbappe|atk|1
|-unboost|p1b: MMCH|atk|1
|turn|1
|
|t:|1784873847
|switch|p1b: Green Day|Sinistcha, L50|100/100
|detailschange|p1a: Mbappe|Blastoise-Mega, L50, M
|-mega|p1a: Mbappe|Blastoise|Blastoisinite
|move|p1a: Mbappe|Protect|p1a: Mbappe
|-singleturn|p1a: Mbappe|Protect
|move|p2b: Staraptor|U-turn|p1b: Green Day
|-damage|p1b: Green Day|82/100
|
|t:|1784873855
|switch|p2b: Kingambit|Kingambit, L50, F|100/100|[from] U-turn
|move|p2a: Farigiraf|Trick Room|p2a: Farigiraf
|-fieldstart|move: Trick Room|[of] p2a: Farigiraf
|
|upkeep
|turn|2
|
|t:|1784873876
|move|p2b: Kingambit|Kowtow Cleave|p1a: Mbappe
|-damage|p1a: Mbappe|36/100
|-damage|p2b: Kingambit|90/100|[from] item: Life Orb
|move|p2a: Farigiraf|Hyper Voice|p1b: Green Day|[spread] p1a
|-immune|p1b: Green Day
|-damage|p1a: Mbappe|10/100
|move|p1b: Green Day|Matcha Gotcha|p2a: Farigiraf|[spread] p2a,p2b
|-resisted|p2b: Kingambit|1
|-damage|p2a: Farigiraf|78/100
|-heal|p1b: Green Day|96/100|[from] drain|[of] p2a: Farigiraf
|-damage|p2b: Kingambit|79/100
|-heal|p1b: Green Day|100/100|[from] drain|[of] p2b: Kingambit
|move|p1a: Mbappe|Water Spout|p2a: Farigiraf|[spread] p2a,p2b
|-damage|p2a: Farigiraf|72/100
|-damage|p2b: Kingambit|73/100
|
|upkeep
|turn|3
|
|t:|1784873905
|move|p1b: Green Day|Protect|p1b: Green Day
|-singleturn|p1b: Green Day|Protect
|move|p1a: Mbappe|Protect|p1a: Mbappe
|-singleturn|p1a: Mbappe|Protect
|move|p2b: Kingambit|Kowtow Cleave|p1b: Green Day
|-activate|p1b: Green Day|move: Protect
|move|p2a: Farigiraf|Hyper Voice|p1b: Green Day|[spread] 
|-activate|p1a: Mbappe|move: Protect
|-activate|p1b: Green Day|move: Protect
|
|upkeep
|turn|4
|
|t:|1784873952
|switch|p1a: MMCH|Maushold-Four, L50|100/100
|move|p2b: Kingambit|Kowtow Cleave|p1b: Green Day
|-supereffective|p1b: Green Day|1
|-enditem|p1b: Green Day|Colbur Berry|[eat]
|-enditem|p1b: Green Day|Colbur Berry|[weaken]
|-damage|p1b: Green Day|58/100
|-damage|p2b: Kingambit|64/100|[from] item: Life Orb
|move|p2a: Farigiraf|Hyper Voice|p1b: Green Day|[spread] p1a
|-immune|p1b: Green Day
|-crit|p1a: MMCH
|-damage|p1a: MMCH|56/100
|move|p1b: Green Day|Matcha Gotcha|p2b: Kingambit|[spread] p2a,p2b
|-resisted|p2b: Kingambit|1
|-damage|p2a: Farigiraf|50/100y
|-heal|p1b: Green Day|72/100|[from] drain|[of] p2a: Farigiraf
|-damage|p2b: Kingambit|53/100
|-heal|p1b: Green Day|79/100|[from] drain|[of] p2b: Kingambit
|-enditem|p2a: Farigiraf|Sitrus Berry|[eat]
|-heal|p2a: Farigiraf|75/100|[from] item: Sitrus Berry
|
|upkeep
|turn|5
|
|t:|1784873983
|switch|p1b: Gochujang|Incineroar, L50, M|100/100
|-ability|p1b: Gochujang|Intimidate|boost
|-unboost|p2a: Farigiraf|atk|1
|-unboost|p2b: Kingambit|atk|1
|-ability|p2b: Kingambit|Defiant|boost
|-boost|p2b: Kingambit|atk|2
|move|p2a: Farigiraf|Helping Hand|p2b: Kingambit
|-singleturn|p2b: Kingambit|Helping Hand|[of] p2a: Farigiraf
|move|p1a: MMCH|Protect|p1a: MMCH
|-singleturn|p1a: MMCH|Protect
|move|p2b: Kingambit|Kowtow Cleave|p1a: MMCH
|-activate|p1a: MMCH|move: Protect
|
|-fieldend|move: Trick Room
|upkeep
|turn|6
|
|t:|1784873998
|move|p1a: MMCH|Helping Hand|p1b: Gochujang
|-singleturn|p1b: Gochujang|Helping Hand|[of] p1a: MMCH
|move|p2b: Kingambit|Protect|p2b: Kingambit
|-singleturn|p2b: Kingambit|Protect
|move|p1b: Gochujang|Throat Chop|p2a: Farigiraf
|-supereffective|p2a: Farigiraf|1
|-damage|p2a: Farigiraf|7/100
|-start|p2a: Farigiraf|Throat Chop|[silent]
|move|p2a: Farigiraf|Trick Room|p2a: Farigiraf
|-fieldstart|move: Trick Room|[of] p2a: Farigiraf
|
|upkeep
|turn|7
|
|t:|1784874016
|move|p1a: MMCH|Follow Me|p1a: MMCH
|-singleturn|p1a: MMCH|move: Follow Me
|move|p2b: Kingambit|Kowtow Cleave|p1a: MMCH
|-damage|p1a: MMCH|0 fnt
|faint|p1a: MMCH
|-damage|p2b: Kingambit|43/100|[from] item: Life Orb
|move|p2a: Farigiraf|Psychic Fangs|p1b: Gochujang
|-immune|p1b: Gochujang
|move|p1b: Gochujang|Flare Blitz|p2b: Kingambit
|-supereffective|p2b: Kingambit|1
|-damage|p2b: Kingambit|0 fnt
|faint|p2b: Kingambit
|-damage|p1b: Gochujang|85/100|[from] Recoil
|
|-end|p2a: Farigiraf|Throat Chop|[silent]
|upkeep
|
|t:|1784874030
|switch|p2b: Camerupt|Camerupt, L50, M|100/100
|switch|p1a: Mbappe|Blastoise-Mega, L50, M|10/100
|turn|8
|
|t:|1784874044
|detailschange|p2b: Camerupt|Camerupt-Mega, L50, M
|-mega|p2b: Camerupt|Camerupt|Cameruptite
|move|p1a: Mbappe|Protect|p1a: Mbappe
|-singleturn|p1a: Mbappe|Protect
|move|p2b: Camerupt|Heat Wave|p1b: Gochujang|[spread] p1b
|-activate|p1a: Mbappe|move: Protect
|-resisted|p1b: Gochujang|1
|-damage|p1b: Gochujang|60/100
|move|p2a: Farigiraf|Hyper Voice|p1a: Mbappe|[spread] p1b
|-activate|p1a: Mbappe|move: Protect
|-crit|p1b: Gochujang
|-damage|p1b: Gochujang|27/100
|-enditem|p1b: Gochujang|Sitrus Berry|[eat]
|-heal|p1b: Gochujang|52/100|[from] item: Sitrus Berry
|move|p1b: Gochujang|Parting Shot|p2b: Camerupt
|-unboost|p2b: Camerupt|atk|1
|-unboost|p2b: Camerupt|spa|1
|
|t:|1784874058
|switch|p1b: Green Day|Sinistcha, L50|79/100|[from] Parting Shot
|-heal|p1a: Mbappe|35/100|[from] ability: Hospitality|[of] p1b: Green Day
|
|upkeep
|turn|9
|
|t:|1784874069
|switch|p1a: Gochujang|Incineroar, L50, M|52/100
|-ability|p1a: Gochujang|Intimidate|boost
|-unboost|p2a: Farigiraf|atk|1
|-unboost|p2b: Camerupt|atk|1
|move|p2b: Camerupt|Heat Wave|p1b: Green Day|[spread] p1a,p1b
|-resisted|p1a: Gochujang|1
|-supereffective|p1b: Green Day|1
|-damage|p1a: Gochujang|35/100
|-damage|p1b: Green Day|0 fnt
|faint|p1b: Green Day
|move|p2a: Farigiraf|Hyper Voice|p1a: Gochujang
|-damage|p1a: Gochujang|4/100
|
|upkeep
|
|t:|1784874079
|switch|p1b: Mbappe|Blastoise-Mega, L50, M|35/100
|turn|10
|
|t:|1784874091
|move|p1b: Mbappe|Protect|p1b: Mbappe
|-singleturn|p1b: Mbappe|Protect
|move|p2b: Camerupt|Earth Power|p1b: Mbappe
|-activate|p1b: Mbappe|move: Protect
|move|p2a: Farigiraf|Hyper Voice|p1a: Gochujang|[spread] p1a
|-activate|p1b: Mbappe|move: Protect
|-damage|p1a: Gochujang|0 fnt
|faint|p1a: Gochujang
|
|-fieldend|move: Trick Room
|upkeep
|turn|11
|-message|lordtentacle69 forfeited.
|
|win|thegreatestnone
|raw|lordtentacle69's rating: 1383 → 1355(-28 for losing)
|raw|thegreatestnone's rating: 1240 → 1275(+35 for winning)
