|j|☆possibly dino
|j|☆hawaiianshaymin
|html|possibly dinohawaiianshaymin    
|uhtml|bestof|Game 2 of a best-of-3
|t:|1786060653
|gametype|doubles
|player|p1|possibly dino|169|1104
|player|p2|hawaiianshaymin|265|1056
|gen|9
|tier|[Gen 9 Champions] VGC 2026 Reg M-B (Bo3)
|rated|
|rule|Species Clause: Limit one of each Pokémon
|rule|Item Clause: Limit 1 of each item
|clearpoke
|poke|p1|Tyranitar, L50, M|
|poke|p1|Excadrill, L50, F|
|poke|p1|Milotic, L50, M|
|poke|p1|Kleavor, L50, F|
|poke|p1|Pelipper, L50, M|
|poke|p1|Passimian, L50, F, shiny|
|poke|p2|Staraptor, L50, F|
|poke|p2|Gholdengo, L50|
|poke|p2|Talonflame, L50, M|
|poke|p2|Sinistcha, L50|
|poke|p2|Grimmsnarl, L50, M|
|poke|p2|Kangaskhan, L50, F|
|teampreview|4
|showteam|p1|Tyranitar||Tyranitarite|SandStream|HighHorsepower,RockSlide,DragonDance|Jolly||M|||50|]Excadrill||Excadrite|SandRush|RockSlide,Earthquake,IronHead,RapidSpin|Adamant||F|||50|]Milotic||SitrusBerry|Competitive|Surf,Protect,WeatherBall,Recover|Bold||M|||50|]Kleavor||ChoiceScarf|Sharpness|XScissor,StoneAxe,DualWingbeat,Uturn|Adamant||F|||50|]Pelipper||FocusSash|Drizzle|Uturn,Tailwind,WideGuard,Protect|Impish||M|||50|]Passimian||BrightPowder|Receiver|DrainPunch,Coaching,KnockOff,Protect|Jolly||F|||50|
|showteam|p2|Staraptor||Staraptite|Intimidate|CloseCombat,BraveBird,Roost,Protect|Adamant||F|||50|]Gholdengo||LifeOrb|GoodasGold|MakeItRain,ShadowBall,NastyPlot,Protect|Modest|||||50|]Talonflame||FocusSash|GaleWings|Tailwind,DualWingbeat,WillOWisp,Protect|Jolly||M|||50|]Sinistcha||KasibBerry|Hospitality|MatchaGotcha,RagePowder,LifeDew,TrickRoom|Bold|||||50|]Grimmsnarl||LightClay|Prankster|ThroatChop,LightScreen,Reflect,PartingShot|Careful||M|||50|]Kangaskhan||Kangaskhanite|Scrappy|FakeOut,DoubleEdge,DrainPunch,SuckerPunch|Adamant||F|||50|
|
|t:|1786060670
|teamsize|p1|4
|teamsize|p2|4
|start
|switch|p1a: Kleavor|Kleavor, L50, F|100/100
|switch|p1b: Milotic|Milotic, L50, M|100/100
|switch|p2a: Staraptor|Staraptor, L50, F|100/100
|switch|p2b: Grimmsnarl|Grimmsnarl, L50, M|100/100
|-ability|p2a: Staraptor|Intimidate|boost
|-unboost|p1a: Kleavor|atk|1
|-unboost|p1b: Milotic|atk|1
|-ability|p1b: Milotic|Competitive|boost
|-boost|p1b: Milotic|spa|2
|turn|1
|
|t:|1786060686
|detailschange|p2a: Staraptor|Staraptor-Mega, L50, F
|-mega|p2a: Staraptor|Staraptor|Staraptite
|move|p2b: Grimmsnarl|Reflect|p2b: Grimmsnarl
|-sidestart|p2: hawaiianshaymin|Reflect
|move|p1a: Kleavor|U-turn|p2b: Grimmsnarl
|-damage|p2b: Grimmsnarl|81/100
|
|t:|1786060690
|switch|p1a: Pelipper|Pelipper, L50, M|100/100|[from] U-turn
|-weather|RainDance|[from] ability: Drizzle|[of] p1a: Pelipper
|move|p2a: Staraptor|Close Combat|p1a: Pelipper
|-resisted|p1a: Pelipper|1
|-damage|p1a: Pelipper|76/100
|-boost|p2a: Staraptor|def|1
|-boost|p2a: Staraptor|spd|1
|move|p1b: Milotic|Surf|p2b: Grimmsnarl|[spread] p1a,p2a,p2b
|-resisted|p1a: Pelipper|1
|-damage|p1a: Pelipper|29/100
|-damage|p2a: Staraptor|48/100
|-damage|p2b: Grimmsnarl|14/100
|
|-weather|RainDance|[upkeep]
|upkeep
|turn|2
|
|t:|1786060725
|move|p1a: Pelipper|Protect|p1a: Pelipper
|-singleturn|p1a: Pelipper|Protect
|move|p2b: Grimmsnarl|Parting Shot|p1b: Milotic
|-unboost|p1b: Milotic|atk|1
|-ability|p1b: Milotic|Competitive|boost
|-boost|p1b: Milotic|spa|2
|-unboost|p1b: Milotic|spa|1
|-ability|p1b: Milotic|Competitive|boost
|-boost|p1b: Milotic|spa|2
|
|t:|1786060733
|switch|p2b: Sinistcha|Sinistcha, L50|100/100|[from] Parting Shot
|-heal|p2a: Staraptor|73/100|[from] ability: Hospitality|[of] p2b: Sinistcha
|move|p2a: Staraptor|Close Combat|p1b: Milotic
|-damage|p1b: Milotic|44/100
|-boost|p2a: Staraptor|def|1
|-boost|p2a: Staraptor|spd|1
|-enditem|p1b: Milotic|Sitrus Berry|[eat]
|-heal|p1b: Milotic|69/100|[from] item: Sitrus Berry
|move|p1b: Milotic|Weather Ball|p2a: Staraptor
|-damage|p2a: Staraptor|0 fnt
|faint|p2a: Staraptor
|
|-weather|RainDance|[upkeep]
|upkeep
|
|t:|1786060746
|switch|p2a: Grimmsnarl|Grimmsnarl, L50, M|14/100
|turn|3
|
|t:|1786060752
|move|p2a: Grimmsnarl|Light Screen|p2a: Grimmsnarl
|-sidestart|p2: hawaiianshaymin|move: Light Screen
|move|p1b: Milotic|Weather Ball|p2a: Grimmsnarl
|-damage|p2a: Grimmsnarl|0 fnt
|faint|p2a: Grimmsnarl
|move|p2b: Sinistcha|Matcha Gotcha|p1a: Pelipper|[spread] p1a
|-miss|p2b: Sinistcha|p1b: Milotic
|-damage|p1a: Pelipper|0 fnt
|faint|p1a: Pelipper
|
|-weather|RainDance|[upkeep]
|upkeep
|
|t:|1786060767
|switch|p1a: Passimian|Passimian, L50, F, shiny|100/100
|switch|p2a: Kangaskhan|Kangaskhan, L50, F|100/100
|turn|4
|
|t:|1786060775
|move|p2a: Kangaskhan|Fake Out|p1a: Passimian
|-damage|p1a: Passimian|77/100
|cant|p1a: Passimian|flinch
|move|p1b: Milotic|Recover|p1b: Milotic
|-heal|p1b: Milotic|100/100
|move|p2b: Sinistcha|Matcha Gotcha|p1b: Milotic|[spread] p1a,p1b
|-supereffective|p1b: Milotic|1
|-damage|p1a: Passimian|44/100
|-damage|p1b: Milotic|67/100
|-status|p1b: Milotic|brn
|
|-weather|RainDance|[upkeep]
|-damage|p1b: Milotic|61/100 brn|[from] brn
|upkeep
|turn|5
|
|t:|1786060797
|move|p1b: Milotic|Protect|p1b: Milotic
|-singleturn|p1b: Milotic|Protect
|move|p2b: Sinistcha|Rage Powder|p2b: Sinistcha
|-singleturn|p2b: Sinistcha|move: Rage Powder
|move|p1a: Passimian|Knock Off|p2b: Sinistcha
|-supereffective|p2b: Sinistcha|1
|-damage|p2b: Sinistcha|70/100
|-enditem|p2b: Sinistcha|Kasib Berry|[from] move: Knock Off|[of] p1a: Passimian
|move|p2a: Kangaskhan|Double-Edge|p1a: Passimian
|-damage|p1a: Passimian|0 fnt
|faint|p1a: Passimian
|-damage|p2a: Kangaskhan|87/100|[from] Recoil
|
|-weather|none
|-damage|p1b: Milotic|55/100 brn|[from] brn
|upkeep
|
|t:|1786060813
|switch|p1a: Kleavor|Kleavor, L50, F|100/100
|turn|6
|
|t:|1786060821
|move|p1a: Kleavor|X-Scissor|p2b: Sinistcha
|-damage|p2b: Sinistcha|33/100
|move|p2a: Kangaskhan|Double-Edge|p1b: Milotic
|-damage|p1b: Milotic|10/100 brn
|-damage|p2a: Kangaskhan|73/100|[from] Recoil
|move|p1b: Milotic|Recover|p1b: Milotic
|-heal|p1b: Milotic|60/100 brn
|move|p2b: Sinistcha|Matcha Gotcha|p1b: Milotic|[spread] 
|-miss|p2b: Sinistcha|p1a: Kleavor
|-miss|p2b: Sinistcha|p1b: Milotic
|
|-damage|p1b: Milotic|54/100 brn|[from] brn
|upkeep
|turn|7
|
|t:|1786060838
|move|p1b: Milotic|Protect|p1b: Milotic
|-singleturn|p1b: Milotic|Protect
|move|p1a: Kleavor|X-Scissor|p2b: Sinistcha
|-damage|p2b: Sinistcha|0 fnt
|faint|p2b: Sinistcha
|move|p2a: Kangaskhan|Double-Edge|p1b: Milotic
|-activate|p1b: Milotic|move: Protect
|
|-damage|p1b: Milotic|48/100 brn|[from] brn
|upkeep
|turn|8
|
|t:|1786060852
|move|p1a: Kleavor|X-Scissor|p2a: Kangaskhan
|-damage|p2a: Kangaskhan|25/100
|move|p2a: Kangaskhan|Double-Edge|p1b: Milotic
|-damage|p1b: Milotic|4/100 brn
|-damage|p2a: Kangaskhan|11/100|[from] Recoil
|move|p1b: Milotic|Recover|p1b: Milotic
|-heal|p1b: Milotic|54/100 brn
|
|-damage|p1b: Milotic|48/100 brn|[from] brn
|-sideend|p2: hawaiianshaymin|Reflect
|upkeep
|turn|9
|-message|hawaiianshaymin forfeited.
|
|win|possibly dino
|l|☆hawaiianshaymin
|player|p2|
|j|☆hawaiianshaymin
|player|p2|hawaiianshaymin|265|
|l|☆possibly dino
|player|p1|
||possibly dino is ready for game 3.
|inactive|hawaiianshaymin has 30 seconds to confirm battle start!
||hawaiianshaymin is ready for game 3.
|uhtml|next|Next: Game 3 of 3
