|j|☆tang de maracuja
|j|☆Durugista
|html|tang de maracujaDurugista    
|uhtml|bestof|Game 2 of a best-of-3
|t:|1785257759
|gametype|doubles
|player|p1|tang de maracuja|morty|1379
|player|p2|Durugista|1|1261
|gen|9
|tier|[Gen 9 Champions] VGC 2026 Reg M-B (Bo3)
|rated|
|rule|Species Clause: Limit one of each Pokémon
|rule|Item Clause: Limit 1 of each item
|clearpoke
|poke|p1|Froslass, L50, F|
|poke|p1|Basculegion, L50, M|
|poke|p1|Kingambit, L50, F|
|poke|p1|Sneasler, L50, F|
|poke|p1|Lycanroc-Dusk, L50, F|
|poke|p1|Scovillain, L50, F, shiny|
|poke|p2|Staraptor, L50, F, shiny|
|poke|p2|Whimsicott, L50, F, shiny|
|poke|p2|Basculegion, L50, M|
|poke|p2|Archaludon, L50, F|
|poke|p2|Pelipper, L50, F|
|poke|p2|Kingambit, L50, M|
|teampreview|4
|showteam|p1|Froslass||Froslassite|CursedBody|Blizzard,ShadowBall,AuroraVeil,Protect|Timid||F|||50|]Basculegion||SitrusBerry|Adaptability|WaveCrash,LastRespects,AquaJet,Protect|Adamant||M|||50|]Kingambit||BlackGlasses|Defiant|KowtowCleave,SuckerPunch,SwordsDance,Protect|Adamant||F|||50|]Sneasler||WhiteHerb|Unburden|CloseCombat,GunkShot,Protect,FakeOut|Adamant||F|||50|]Lycanroc-Dusk||FocusSash|ToughClaws|CloseCombat,Accelerock,RockSlide,Protect|Adamant||F|||50|]Scovillain||Scovillainite|Moody|GigaDrain,Overheat,RagePowder,Protect|Bold||F|||50|
|showteam|p2|Staraptor||Staraptite|Intimidate|CloseCombat,BraveBird,Roost,Protect|Adamant||F|||50|]Whimsicott||OccaBerry|Prankster|Tailwind,Encore,Charm,FakeTears|Calm||F|||50|]Basculegion||ChoiceScarf|Adaptability|LastRespects,WaveCrash,AquaJet,FlipTurn|Jolly||M|||50|]Archaludon||Magnet|Sturdy|ElectroShot,FlashCannon,DracoMeteor,Protect|Modest||F|||50|]Pelipper||FocusSash|Drizzle|WeatherBall,Protect,Hurricane,WideGuard|Modest||F|||50|]Kingambit||LifeOrb|Defiant|SuckerPunch,KowtowCleave,IronHead,LowKick|Adamant||M|||50|
|inactive|Battle timer is ON: inactive players will automatically lose when time's up. (requested by tang de maracuja)
|inactive|Durugista also wants the timer to be on.
|inactive|tang de maracuja has 60 seconds left.
|inactive|Durugista has 60 seconds left.
|
|t:|1785257796
|teamsize|p1|4
|teamsize|p2|4
|start
|switch|p1a: Kingambit|Kingambit, L50, F|100/100
|switch|p1b: Sneasler|Sneasler, L50, F|100/100
|switch|p2a: Staraptor|Staraptor, L50, F, shiny|100/100
|switch|p2b: Whimsicott|Whimsicott, L50, F, shiny|100/100
|-ability|p2a: Staraptor|Intimidate|boost
|-unboost|p1a: Kingambit|atk|1
|-ability|p1a: Kingambit|Defiant|boost
|-boost|p1a: Kingambit|atk|2
|-unboost|p1b: Sneasler|atk|1
|-enditem|p1b: Sneasler|White Herb
|-clearnegativeboost|p1b: Sneasler|[silent]
|turn|1
|inactive|tang de maracuja has 30 seconds left.
|
|t:|1785257831
|detailschange|p2a: Staraptor|Staraptor-Mega, L50, F, shiny
|-mega|p2a: Staraptor|Staraptor|Staraptite
|move|p1b: Sneasler|Fake Out|p2a: Staraptor
|-damage|p2a: Staraptor|88/100
|move|p2b: Whimsicott|Fake Tears|p2a: Staraptor
|-boost|p2a: Staraptor|spd|2
|cant|p2a: Staraptor|flinch
|move|p1a: Kingambit|Swords Dance|p1a: Kingambit
|-boost|p1a: Kingambit|atk|2
|
|upkeep
|turn|2
|inactive|tang de maracuja has 30 seconds left.
|inactive|Durugista has 30 seconds left.
|
|t:|1785257858
|move|p2b: Whimsicott|Encore|p1b: Sneasler
|-start|p1b: Sneasler|Encore
|move|p1b: Sneasler|Fake Out||[still]
|-hint|Fake Out only works on your first turn out.
|-fail|p1b: Sneasler
|move|p1a: Kingambit|Sucker Punch|p2a: Staraptor
|-resisted|p2a: Staraptor|1
|-damage|p2a: Staraptor|28/100
|move|p2a: Staraptor|Close Combat|p1a: Kingambit
|-supereffective|p1a: Kingambit|2
|-damage|p1a: Kingambit|0 fnt
|-boost|p2a: Staraptor|def|1
|-boost|p2a: Staraptor|spd|1
|faint|p1a: Kingambit
|
|upkeep
|
|t:|1785257863
|switch|p1a: Froslass|Froslass, L50, F|100/100
|turn|3
|
|t:|1785257872
|switch|p1b: Lycanroc|Lycanroc-Dusk, L50, F|100/100
|detailschange|p1a: Froslass|Froslass-Mega, L50, F
|-mega|p1a: Froslass|Froslass|Froslassite
|-weather|Snowscape|[from] ability: Snow Warning|[of] p1a: Froslass
|move|p2b: Whimsicott|Tailwind|p2b: Whimsicott
|-sidestart|p2: Durugista|move: Tailwind
|move|p2a: Staraptor|Roost|p2a: Staraptor
|-heal|p2a: Staraptor|78/100
|-singleturn|p2a: Staraptor|move: Roost
|move|p1a: Froslass|Blizzard|p2b: Whimsicott|[spread] p2a,p2b
|-supereffective|p2b: Whimsicott|1
|-damage|p2a: Staraptor|67/100
|-damage|p2b: Whimsicott|30/100
|
|-weather|Snowscape|[upkeep]
|upkeep
|turn|4
|
|t:|1785257895
|switch|p2b: Kingambit|Kingambit, L50, M|100/100
|move|p1b: Lycanroc|Protect|p1b: Lycanroc
|-singleturn|p1b: Lycanroc|Protect
|move|p2a: Staraptor|Close Combat|p1b: Lycanroc
|-activate|p1b: Lycanroc|move: Protect
|move|p1a: Froslass|Blizzard|p2b: Kingambit|[spread] p2a,p2b
|-supereffective|p2a: Staraptor|1
|-resisted|p2b: Kingambit|1
|-damage|p2a: Staraptor|43/100
|-damage|p2b: Kingambit|79/100
|
|-weather|Snowscape|[upkeep]
|upkeep
|turn|5
|inactive|tang de maracuja has 30 seconds left.
|
|t:|1785257920
|move|p2a: Staraptor|Close Combat|p1b: Lycanroc
|-supereffective|p1b: Lycanroc|1
|-enditem|p1b: Lycanroc|Focus Sash
|-damage|p1b: Lycanroc|1/100
|-boost|p2a: Staraptor|def|1
|-boost|p2a: Staraptor|spd|1
|move|p2b: Kingambit|Kowtow Cleave|p1a: Froslass
|-supereffective|p1a: Froslass|1
|-damage|p1a: Froslass|0 fnt
|faint|p1a: Froslass
|-damage|p2b: Kingambit|69/100|[from] item: Life Orb
|move|p1b: Lycanroc|Close Combat|p2b: Kingambit
|-supereffective|p2b: Kingambit|2
|-damage|p2b: Kingambit|0 fnt
|-unboost|p1b: Lycanroc|def|1
|-unboost|p1b: Lycanroc|spd|1
|faint|p2b: Kingambit
|
|-weather|Snowscape|[upkeep]
|upkeep
|-message|tang de maracuja forfeited.
|
|win|Durugista
