|j|☆mygreat
|j|☆new mental
|html|mygreatnew mental    
|uhtml|bestof|Game 3 of a best-of-3
|t:|1784883416
|gametype|doubles
|player|p1|mygreat|lance|1292
|player|p2|new mental|volkner|1307
|gen|9
|tier|[Gen 9 Champions] VGC 2026 Reg M-B (Bo3)
|rated|
|rule|Species Clause: Limit one of each Pokémon
|rule|Item Clause: Limit 1 of each item
|clearpoke
|poke|p1|Charizard, L50, F|
|poke|p1|Hydreigon, L50, M|
|poke|p1|Mamoswine, L50, F|
|poke|p1|Toxapex, L50, M|
|poke|p1|Incineroar, L50, M|
|poke|p1|Gholdengo, L50|
|poke|p2|Charizard, L50, M|
|poke|p2|Garchomp, L50, F|
|poke|p2|Incineroar, L50, F|
|poke|p2|Venusaur, L50, M|
|poke|p2|Toxapex, L50, M|
|poke|p2|Sylveon, L50, M|
|teampreview|4
|showteam|p1|Charizard||CharizarditeY|Blaze|SolarBeam,WeatherBall,HeatWave,Protect|Modest||F|||50|]Hydreigon||ChoiceScarf|Levitate|Snarl,DarkPulse,EarthPower,DracoMeteor|Modest||M|||50|]Mamoswine||FocusSash|Oblivious|HighHorsepower,IcicleCrash,IceShard,Protect|Adamant||F|||50|]Toxapex||Leftovers|Regenerator|WideGuard,Infestation,BanefulBunker,Toxic|Bold||M|||50|]Incineroar||SitrusBerry|Intimidate|FlareBlitz,DarkestLariat,PartingShot,FakeOut|Careful||M|||50|]Gholdengo||LifeOrb|GoodasGold|MakeItRain,ShadowBall,PowerGem,Protect|Modest|||||50|
|showteam|p2|Charizard||CharizarditeY|SolarPower|WeatherBall,HeatWave,AncientPower,Protect|Modest||M|||50|]Garchomp||ChoiceScarf|RoughSkin|RockSlide,DragonClaw,Earthquake,StompingTantrum|Adamant||F|||50|]Incineroar||SitrusBerry|Intimidate|FlareBlitz,FakeOut,DarkestLariat,PartingShot|Impish||F|||50|]Venusaur||LifeOrb|Chlorophyll|SludgeBomb,LeafStorm,EarthPower,Protect|Modest||M|||50|]Toxapex||Leftovers|Regenerator|Infestation,Toxic,WideGuard,BanefulBunker|Bold||M|||50|]Sylveon||FairyFeather|Pixilate|HyperVoice,QuickAttack,Yawn,Detect|Modest||M|||50|
|inactive|Battle timer is ON: inactive players will automatically lose when time's up. (requested by mygreat)
|inactive|new mental has 60 seconds left.
|
|t:|1784883453
|teamsize|p1|4
|teamsize|p2|4
|start
|switch|p1a: Toxapex|Toxapex, L50, M|100/100
|switch|p1b: Incineroar|Incineroar, L50, M|100/100
|switch|p2a: Charizard|Charizard, L50, M|100/100
|switch|p2b: Garchomp|Garchomp, L50, F|100/100
|-ability|p1b: Incineroar|Intimidate|boost
|-unboost|p2a: Charizard|atk|1
|-unboost|p2b: Garchomp|atk|1
|turn|1
|
|t:|1784883477
|switch|p2b: Toxapex|Toxapex, L50, M|100/100
|detailschange|p2a: Charizard|Charizard-Mega-Y, L50, M
|-mega|p2a: Charizard|Charizard|Charizardite Y
|-weather|SunnyDay|[from] ability: Drought|[of] p2a: Charizard
|move|p2a: Charizard|Ancient Power|p1a: Toxapex
|-crit|p1a: Toxapex
|-damage|p1a: Toxapex|71/100
|move|p1b: Incineroar|Parting Shot|p2a: Charizard
|-unboost|p2a: Charizard|atk|1
|-unboost|p2a: Charizard|spa|1
|
|t:|1784883483
|switch|p1b: Hydreigon|Hydreigon, L50, M|100/100|[from] Parting Shot
|move|p1a: Toxapex|Infestation|p2b: Toxapex
|-resisted|p2b: Toxapex|1
|-crit|p2b: Toxapex
|-damage|p2b: Toxapex|98/100
|-activate|p2b: Toxapex|move: Infestation|[of] p1a: Toxapex
|
|-weather|SunnyDay|[upkeep]
|-heal|p1a: Toxapex|77/100|[from] item: Leftovers
|-heal|p2b: Toxapex|100/100|[from] item: Leftovers
|-damage|p2b: Toxapex|87/100|[from] move: Infestation|[partiallytrapped]
|upkeep
|turn|2
|
|t:|1784883499
|switch|p2a: Sylveon|Sylveon, L50, M|100/100
|move|p1b: Hydreigon|Earth Power|p2b: Toxapex
|-supereffective|p2b: Toxapex|1
|-damage|p2b: Toxapex|33/100
|move|p1a: Toxapex|Infestation|p2a: Sylveon
|-resisted|p2a: Sylveon|1
|-damage|p2a: Sylveon|98/100
|-activate|p2a: Sylveon|move: Infestation|[of] p1a: Toxapex
|move|p2b: Toxapex|Infestation|p1b: Hydreigon
|-supereffective|p1b: Hydreigon|1
|-damage|p1b: Hydreigon|93/100
|-activate|p1b: Hydreigon|move: Infestation|[of] p2b: Toxapex
|
|-weather|SunnyDay|[upkeep]
|-heal|p2b: Toxapex|38/100|[from] item: Leftovers
|-heal|p1a: Toxapex|82/100|[from] item: Leftovers
|-damage|p1b: Hydreigon|81/100|[from] move: Infestation|[partiallytrapped]
|-damage|p2a: Sylveon|86/100|[from] move: Infestation|[partiallytrapped]
|-damage|p2b: Toxapex|26/100|[from] move: Infestation|[partiallytrapped]
|upkeep
|turn|3
|
|t:|1784883512
|move|p2b: Toxapex|Baneful Bunker|p2b: Toxapex
|-singleturn|p2b: Toxapex|move: Protect
|move|p1a: Toxapex|Wide Guard|p1a: Toxapex
|-singleturn|p1a: Toxapex|Wide Guard
|move|p2a: Sylveon|Quick Attack|p1b: Hydreigon
|-supereffective|p1b: Hydreigon|2
|-damage|p1b: Hydreigon|23/100
|move|p1b: Hydreigon|Earth Power|p2a: Sylveon
|-damage|p2a: Sylveon|61/100
|
|-weather|SunnyDay|[upkeep]
|-heal|p2b: Toxapex|32/100|[from] item: Leftovers
|-heal|p1a: Toxapex|88/100|[from] item: Leftovers
|-damage|p1b: Hydreigon|11/100|[from] move: Infestation|[partiallytrapped]
|-damage|p2a: Sylveon|49/100|[from] move: Infestation|[partiallytrapped]
|-damage|p2b: Toxapex|20/100y|[from] move: Infestation|[partiallytrapped]
|upkeep
|turn|4
|
|t:|1784883520
|move|p2a: Sylveon|Quick Attack|p1b: Hydreigon
|-supereffective|p1b: Hydreigon|2
|-damage|p1b: Hydreigon|0 fnt
|faint|p1b: Hydreigon
|move|p2b: Toxapex|Infestation|p1a: Toxapex
|-resisted|p1a: Toxapex|1
|-damage|p1a: Toxapex|87/100
|-activate|p1a: Toxapex|move: Infestation|[of] p2b: Toxapex
|move|p1a: Toxapex|Toxic|p2a: Sylveon
|-status|p2a: Sylveon|tox
|
|-weather|SunnyDay|[upkeep]
|-heal|p2b: Toxapex|26/100|[from] item: Leftovers
|-heal|p1a: Toxapex|92/100|[from] item: Leftovers
|-damage|p2a: Sylveon|43/100 tox|[from] psn
|-damage|p2a: Sylveon|31/100 tox|[from] move: Infestation|[partiallytrapped]
|-damage|p1a: Toxapex|80/100|[from] move: Infestation|[partiallytrapped]
|-damage|p2b: Toxapex|14/100|[from] move: Infestation|[partiallytrapped]
|upkeep
|
|t:|1784883530
|switch|p1b: Mamoswine|Mamoswine, L50, F|100/100
|turn|5
|
|t:|1784883542
|move|p1b: Mamoswine|Protect|p1b: Mamoswine
|-singleturn|p1b: Mamoswine|Protect
|move|p1a: Toxapex|Baneful Bunker|p1a: Toxapex
|-singleturn|p1a: Toxapex|move: Protect
|move|p2b: Toxapex|Baneful Bunker|p2b: Toxapex
|-singleturn|p2b: Toxapex|move: Protect
|move|p2a: Sylveon|Yawn|p1b: Mamoswine
|-activate|p1b: Mamoswine|move: Protect
|
|-weather|none
|-heal|p1a: Toxapex|86/100|[from] item: Leftovers
|-heal|p2b: Toxapex|19/100|[from] item: Leftovers
|-damage|p2a: Sylveon|19/100 tox|[from] psn
|-damage|p2a: Sylveon|7/100 tox|[from] move: Infestation|[partiallytrapped]
|-damage|p1a: Toxapex|74/100|[from] move: Infestation|[partiallytrapped]
|-end|p2b: Toxapex|Infestation|[partiallytrapped]
|upkeep
|turn|6
|
|t:|1784883556
|switch|p1b: Incineroar|Incineroar, L50, M|100/100
|-ability|p1b: Incineroar|Intimidate|boost
|-unboost|p2a: Sylveon|atk|1
|-unboost|p2b: Toxapex|atk|1
|-heal|p2b: Toxapex|52/100|[from] ability: Regenerator|[silent]
|switch|p2b: Charizard|Charizard-Mega-Y, L50, M|100/100
|-weather|SunnyDay|[from] ability: Drought|[of] p2b: Charizard
|move|p2a: Sylveon|Yawn|p1b: Incineroar
|-start|p1b: Incineroar|move: Yawn|[of] p2a: Sylveon
|move|p1a: Toxapex|Infestation|p2b: Charizard
|-resisted|p2b: Charizard|2
|-damage|p2b: Charizard|99/100
|-activate|p2b: Charizard|move: Infestation|[of] p1a: Toxapex
|
|-weather|SunnyDay|[upkeep]
|-heal|p1a: Toxapex|80/100|[from] item: Leftovers
|-damage|p2a: Sylveon|0 fnt|[from] psn
|faint|p2a: Sylveon
|-damage|p2b: Charizard|87/100|[from] move: Infestation|[partiallytrapped]
|-end|p1a: Toxapex|Infestation|[partiallytrapped]|[silent]
|upkeep
|
|t:|1784883565
|switch|p2a: Garchomp|Garchomp, L50, F|100/100
|turn|7
|
|t:|1784883577
|move|p2a: Garchomp|Stomping Tantrum|p1a: Toxapex
|-supereffective|p1a: Toxapex|1
|-damage|p1a: Toxapex|22/100
|move|p2b: Charizard|Weather Ball|p1b: Incineroar
|-resisted|p1b: Incineroar|1
|-damage|p1b: Incineroar|67/100
|move|p1b: Incineroar|Parting Shot|p2b: Charizard
|-unboost|p2b: Charizard|atk|1
|-unboost|p2b: Charizard|spa|1
|
|t:|1784883583
|switch|p1b: Mamoswine|Mamoswine, L50, F|100/100|[from] Parting Shot
|move|p1a: Toxapex|Infestation|p2a: Garchomp
|-damage|p2a: Garchomp|96/100
|-activate|p2a: Garchomp|move: Infestation|[of] p1a: Toxapex
|-damage|p1a: Toxapex|10/100|[from] ability: Rough Skin|[of] p2a: Garchomp
|
|-weather|SunnyDay|[upkeep]
|-heal|p1a: Toxapex|16/100|[from] item: Leftovers
|-damage|p2a: Garchomp|84/100|[from] move: Infestation|[partiallytrapped]
|-damage|p2b: Charizard|74/100|[from] move: Infestation|[partiallytrapped]
|upkeep
|turn|8
|
|t:|1784883598
|move|p1a: Toxapex|Baneful Bunker|p1a: Toxapex
|-singleturn|p1a: Toxapex|move: Protect
|move|p1b: Mamoswine|Ice Shard|p2a: Garchomp
|-supereffective|p2a: Garchomp|2
|-damage|p2a: Garchomp|0 fnt
|faint|p2a: Garchomp
|move|p2b: Charizard|Weather Ball|p1b: Mamoswine
|-supereffective|p1b: Mamoswine|1
|-enditem|p1b: Mamoswine|Focus Sash
|-damage|p1b: Mamoswine|1/100
|
|-weather|SunnyDay|[upkeep]
|-heal|p1a: Toxapex|22/100|[from] item: Leftovers
|-damage|p2b: Charizard|62/100|[from] move: Infestation|[partiallytrapped]
|upkeep
|
|t:|1784883602
|switch|p2a: Toxapex|Toxapex, L50, M|52/100
|turn|9
|
|t:|1784883613
|-heal|p1a: Toxapex|55/100|[from] ability: Regenerator|[silent]
|switch|p1a: Incineroar|Incineroar, L50, M|67/100
|-ability|p1a: Incineroar|Intimidate|boost
|-unboost|p2a: Toxapex|atk|1
|-unboost|p2b: Charizard|atk|1
|move|p1b: Mamoswine|Protect|p1b: Mamoswine
|-singleturn|p1b: Mamoswine|Protect
|move|p2b: Charizard|Weather Ball|p1b: Mamoswine
|-activate|p1b: Mamoswine|move: Protect
|move|p2a: Toxapex|Infestation|p1a: Incineroar
|-damage|p1a: Incineroar|64/100
|-activate|p1a: Incineroar|move: Infestation|[of] p2a: Toxapex
|
|-weather|SunnyDay|[upkeep]
|-heal|p2a: Toxapex|58/100|[from] item: Leftovers
|-end|p2b: Charizard|Infestation|[partiallytrapped]|[silent]
|-damage|p1a: Incineroar|52/100|[from] move: Infestation|[partiallytrapped]
|upkeep
|turn|10
|
|t:|1784883620
|move|p2a: Toxapex|Baneful Bunker|p2a: Toxapex
|-singleturn|p2a: Toxapex|move: Protect
|move|p1a: Incineroar|Fake Out|p2b: Charizard
|-damage|p2b: Charizard|52/100
|move|p1b: Mamoswine|Icicle Crash|p2b: Charizard
|-damage|p2b: Charizard|10/100
|cant|p2b: Charizard|flinch
|
|-weather|none
|-heal|p2a: Toxapex|64/100|[from] item: Leftovers
|-damage|p1a: Incineroar|40/100|[from] move: Infestation|[partiallytrapped]
|upkeep
|-enditem|p1a: Incineroar|Sitrus Berry|[eat]
|-heal|p1a: Incineroar|64/100|[from] item: Sitrus Berry
|turn|11
|
|t:|1784883630
|move|p1b: Mamoswine|Protect|p1b: Mamoswine
|-singleturn|p1b: Mamoswine|Protect
|move|p2b: Charizard|Heat Wave|p1a: Incineroar|[spread] p1a
|-activate|p1b: Mamoswine|move: Protect
|-resisted|p1a: Incineroar|1
|-damage|p1a: Incineroar|55/100
|move|p1a: Incineroar|Parting Shot|p2a: Toxapex
|-unboost|p2a: Toxapex|atk|1
|-unboost|p2a: Toxapex|spa|1
|
|t:|1784883633
|switch|p1a: Toxapex|Toxapex, L50, M|55/100|[from] Parting Shot
|move|p2a: Toxapex|Infestation|p1b: Mamoswine
|-activate|p1b: Mamoswine|move: Protect
|
|-heal|p1a: Toxapex|61/100|[from] item: Leftovers
|-heal|p2a: Toxapex|70/100|[from] item: Leftovers
|upkeep
|turn|12
|
|t:|1784883655
|switch|p1b: Incineroar|Incineroar, L50, M|55/100
|-ability|p1b: Incineroar|Intimidate|boost
|-unboost|p2a: Toxapex|atk|1
|-unboost|p2b: Charizard|atk|1
|move|p2b: Charizard|Protect|p2b: Charizard
|-singleturn|p2b: Charizard|Protect
|move|p1a: Toxapex|Infestation|p2b: Charizard
|-activate|p2b: Charizard|move: Protect
|move|p2a: Toxapex|Infestation|p1b: Incineroar
|-damage|p1b: Incineroar|54/100
|-activate|p1b: Incineroar|move: Infestation|[of] p2a: Toxapex
|
|-heal|p1a: Toxapex|66/100|[from] item: Leftovers
|-heal|p2a: Toxapex|75/100|[from] item: Leftovers
|-damage|p1b: Incineroar|42/100|[from] move: Infestation|[partiallytrapped]
|upkeep
|turn|13
|
|t:|1784883663
|move|p1b: Incineroar|Fake Out|p2b: Charizard
|-damage|p2b: Charizard|0 fnt
|faint|p2b: Charizard
|move|p1a: Toxapex|Infestation|p2a: Toxapex
|-resisted|p2a: Toxapex|1
|-damage|p2a: Toxapex|74/100
|-activate|p2a: Toxapex|move: Infestation|[of] p1a: Toxapex
|move|p2a: Toxapex|Infestation|p1a: Toxapex
|-resisted|p1a: Toxapex|1
|-damage|p1a: Toxapex|66/100
|-activate|p1a: Toxapex|move: Infestation|[of] p2a: Toxapex
|
|-heal|p2a: Toxapex|80/100|[from] item: Leftovers
|-heal|p1a: Toxapex|71/100|[from] item: Leftovers
|-damage|p1b: Incineroar|29/100|[from] move: Infestation|[partiallytrapped]
|-damage|p1a: Toxapex|59/100|[from] move: Infestation|[partiallytrapped]
|-damage|p2a: Toxapex|68/100|[from] move: Infestation|[partiallytrapped]
|upkeep
|turn|14
|
|t:|1784883671
|move|p2a: Toxapex|Baneful Bunker|p2a: Toxapex
|-singleturn|p2a: Toxapex|move: Protect
|move|p1b: Incineroar|Parting Shot|p2a: Toxapex
|-activate|p2a: Toxapex|move: Protect
|move|p1a: Toxapex|Infestation|p2a: Toxapex
|-activate|p2a: Toxapex|move: Protect
|
|-heal|p2a: Toxapex|73/100|[from] item: Leftovers
|-heal|p1a: Toxapex|65/100|[from] item: Leftovers
|-damage|p1b: Incineroar|17/100|[from] move: Infestation|[partiallytrapped]
|-damage|p2a: Toxapex|61/100|[from] move: Infestation|[partiallytrapped]
|-damage|p1a: Toxapex|53/100|[from] move: Infestation|[partiallytrapped]
|upkeep
|turn|15
|
|t:|1784883684
|move|p1b: Incineroar|Darkest Lariat|p2a: Toxapex
|-damage|p2a: Toxapex|40/100
|move|p2a: Toxapex|Infestation|p1b: Incineroar
|-damage|p1b: Incineroar|15/100
|move|p1a: Toxapex|Infestation|p2a: Toxapex
|-resisted|p2a: Toxapex|1
|-damage|p2a: Toxapex|38/100
|
|-heal|p2a: Toxapex|44/100|[from] item: Leftovers
|-heal|p1a: Toxapex|59/100|[from] item: Leftovers
|-damage|p1b: Incineroar|3/100|[from] move: Infestation|[partiallytrapped]
|-damage|p1a: Toxapex|47/100|[from] move: Infestation|[partiallytrapped]
|-damage|p2a: Toxapex|32/100|[from] move: Infestation|[partiallytrapped]
|upkeep
|turn|16
|inactive|mygreat has 30 seconds left.
|
|t:|1784883713
|move|p2a: Toxapex|Baneful Bunker|p2a: Toxapex
|-singleturn|p2a: Toxapex|move: Protect
|move|p1a: Toxapex|Baneful Bunker|p1a: Toxapex
|-singleturn|p1a: Toxapex|move: Protect
|move|p1b: Incineroar|Parting Shot|p2a: Toxapex
|-activate|p2a: Toxapex|move: Protect
|
|-heal|p2a: Toxapex|38/100|[from] item: Leftovers
|-heal|p1a: Toxapex|52/100|[from] item: Leftovers
|-end|p1b: Incineroar|Infestation|[partiallytrapped]
|-damage|p2a: Toxapex|26/100|[from] move: Infestation|[partiallytrapped]
|-damage|p1a: Toxapex|40/100|[from] move: Infestation|[partiallytrapped]
|upkeep
|turn|17
|
|t:|1784883721
|move|p1b: Incineroar|Darkest Lariat|p2a: Toxapex
|-damage|p2a: Toxapex|3/100
|move|p2a: Toxapex|Infestation|p1b: Incineroar
|-damage|p1b: Incineroar|1/100
|-activate|p1b: Incineroar|move: Infestation|[of] p2a: Toxapex
|move|p1a: Toxapex|Infestation|p2a: Toxapex
|-resisted|p2a: Toxapex|1
|-damage|p2a: Toxapex|1/100
|
|-heal|p2a: Toxapex|7/100|[from] item: Leftovers
|-heal|p1a: Toxapex|46/100|[from] item: Leftovers
|-damage|p1b: Incineroar|0 fnt|[from] move: Infestation|[partiallytrapped]
|faint|p1b: Incineroar
|-damage|p1a: Toxapex|34/100|[from] move: Infestation|[partiallytrapped]
|-damage|p2a: Toxapex|0 fnt|[from] move: Infestation|[partiallytrapped]
|faint|p2a: Toxapex
|
|win|mygreat
|raw|mygreat's rating: 1292 → 1318(+26 for winning)
|raw|new mental's rating: 1307 → 1286(-21 for losing)
