|j|☆BoloinaBox
|j|☆Pumpkinman
|html|BoloinaBoxPumpkinman    
|uhtml|bestof|Game 1 of a best-of-3
|t:|1757183706
|gametype|doubles
|player|p1|BoloinaBox|170|1138
|player|p2|Pumpkinman|cyclist-gen4|1124
|gen|9
|tier|[Gen 9] VGC 2025 Reg H (Bo3)
|rated|
|rule|Species Clause: Limit one of each Pokémon
|rule|Item Clause: Limit 1 of each item
|clearpoke
|poke|p1|Kingambit, L50, M|
|poke|p1|Electabuzz, L50, M|
|poke|p1|Primarina, L50, F|
|poke|p1|Rillaboom, L50, M|
|poke|p1|Sneasler, L50, F|
|poke|p1|Ceruledge, L50, M|
|poke|p2|Charizard, L50, M|
|poke|p2|Torkoal, L50, F|
|poke|p2|Porygon2, L50|
|poke|p2|Incineroar, L50, F|
|poke|p2|Jumpluff, L50, F|
|poke|p2|Ursaluna, L50, M|
|teampreview|4
|showteam|p1|Kingambit||DreadPlate|Defiant|KowtowCleave,SuckerPunch,SwordsDance,Protect|||M|||50|,,,,,Dark]Electabuzz||Eviolite|VitalSpirit|Electroweb,Taunt,FollowMe,Protect|||M|||50|,,,,,Dragon]Primarina||ThroatSpray|LiquidVoice|HyperVoice,Moonblast,Haze,Protect|||F|||50|,,,,,Poison]Rillaboom||AssaultVest|GrassySurge|GrassyGlide,DrumBeating,KnockOff,FakeOut|||M|||50|,,,,,Fire]Sneasler||FocusSash|Unburden|CloseCombat,DireClaw,Coaching,FakeOut|||F|||50|,,,,,Stellar]Ceruledge||ClearAmulet|FlashFire|BitterBlade,Poltergeist,BulkUp,Protect|||M|||50|,,,,,Grass
|showteam|p2|Charizard||ChoiceSpecs|SolarPower|HeatWave,Overheat,WeatherBall,AirSlash|||M|||50|,,,,,Ghost]Torkoal||EjectPack|Drought|Eruption,Overheat,HelpingHand,Protect|||F|||50|,,,,,Fire]Porygon2||Eviolite|Download|TeraBlast,IceBeam,Recover,TrickRoom||||||50|,,,,,Fighting]Incineroar||SitrusBerry|Intimidate|FlareBlitz,KnockOff,FakeOut,PartingShot|||F|||50|,,,,,Ghost]Jumpluff||CovertCloak|Chlorophyll|SleepPowder,SunnyDay,RagePowder,Tailwind|||F|||50|,,,,,Water]Ursaluna||FlameOrb|Guts|HeadlongRush,Facade,Earthquake,Protect|||M|||50|,,,,,Ghost
|inactive|Battle timer is ON: inactive players will automatically lose when time's up. (requested by Pumpkinman)
|inactive|BoloinaBox also wants the timer to be on.
|j| We_Are_Toasted
|inactive|BoloinaBox has 60 seconds left.
|inactive|Pumpkinman has 60 seconds left.
|l| We_Are_Toasted
|
|t:|1757183753
|teamsize|p1|4
|teamsize|p2|4
|start
|switch|p1a: Electabuzz|Electabuzz, L50, M|100/100
|switch|p1b: Ceruledge|Ceruledge, L50, M|100/100
|switch|p2a: Porygon2|Porygon2, L50|100/100
|switch|p2b: Torkoal|Torkoal, L50, F|100/100
|-ability|p2a: Porygon2|Download|boost
|-boost|p2a: Porygon2|atk|1
|-weather|SunnyDay|[from] ability: Drought|[of] p2b: Torkoal
|turn|1
|inactive|Pumpkinman has 30 seconds left.
|inactive|Pumpkinman has 20 seconds left.
|inactive|Pumpkinman has 15 seconds left.
|
|t:|1757183799
|switch|p2b: Ursaluna|Ursaluna, L50, M|100/100
|move|p1a: Electabuzz|Taunt|p2a: Porygon2
|-start|p2a: Porygon2|move: Taunt
|move|p1b: Ceruledge|Bulk Up|p1b: Ceruledge
|-boost|p1b: Ceruledge|atk|1
|-boost|p1b: Ceruledge|def|1
|move|p2a: Porygon2|Tera Blast|p1a: Electabuzz
|-damage|p1a: Electabuzz|66/100
|
|-weather|SunnyDay|[upkeep]
|-status|p2b: Ursaluna|brn|[from] item: Flame Orb
|upkeep
|turn|2
|inactive|BoloinaBox has 30 seconds left.
|inactive|Pumpkinman has 30 seconds left.
|inactive|BoloinaBox has 20 seconds left.
|inactive|Pumpkinman has 20 seconds left.
|
|t:|1757183838
|-terastallize|p1b: Ceruledge|Grass
|move|p1a: Electabuzz|Follow Me|p1a: Electabuzz
|-singleturn|p1a: Electabuzz|move: Follow Me
|move|p1b: Ceruledge|Bitter Blade|p2b: Ursaluna
|-damage|p2b: Ursaluna|17/100 brn
|move|p2b: Ursaluna|Earthquake|p1a: Electabuzz|[spread] p2a,p1a,p1b
|-supereffective|p1a: Electabuzz
|-resisted|p1b: Ceruledge
|-damage|p2a: Porygon2|59/100
|-damage|p1a: Electabuzz|0 fnt
|-damage|p1b: Ceruledge|72/100
|faint|p1a: Electabuzz
|move|p2a: Porygon2|Ice Beam|p1b: Ceruledge
|-supereffective|p1b: Ceruledge
|-damage|p1b: Ceruledge|15/100
|
|-weather|SunnyDay|[upkeep]
|-damage|p2b: Ursaluna|11/100 brn|[from] brn
|upkeep
|
|t:|1757183852
|switch|p1a: Rillaboom|Rillaboom, L50, M|100/100
|-fieldstart|move: Grassy Terrain|[from] ability: Grassy Surge|[of] p1a: Rillaboom
|turn|3
|inactive|Pumpkinman has 30 seconds left.
|
|t:|1757183892
|switch|p2a: Incineroar|Incineroar, L50, F|100/100
|-ability|p2a: Incineroar|Intimidate|boost
|-unboost|p1a: Rillaboom|atk|1
|-fail|p1b: Ceruledge|unboost|[from] item: Clear Amulet|[of] p1b: Ceruledge
|move|p1b: Ceruledge|Protect|p1b: Ceruledge
|-singleturn|p1b: Ceruledge|Protect
|move|p2b: Ursaluna|Protect|p2b: Ursaluna
|-singleturn|p2b: Ursaluna|Protect
|move|p1a: Rillaboom|Knock Off|p2a: Incineroar
|-resisted|p2a: Incineroar
|-damage|p2a: Incineroar|89/100
|-enditem|p2a: Incineroar|Sitrus Berry|[from] move: Knock Off|[of] p1a: Rillaboom
|
|-weather|SunnyDay|[upkeep]
|-heal|p1b: Ceruledge|21/100|[from] Grassy Terrain
|-heal|p2a: Incineroar|95/100|[from] Grassy Terrain
|-heal|p2b: Ursaluna|17/100 brn|[from] Grassy Terrain
|-damage|p2b: Ursaluna|11/100 brn|[from] brn
|upkeep
|turn|4
|inactive|BoloinaBox has 30 seconds left.
|inactive|Pumpkinman has 30 seconds left.
|inactive|Pumpkinman has 20 seconds left.
|inactive|BoloinaBox has 20 seconds left.
|inactive|Pumpkinman has 15 seconds left.
|inactive|BoloinaBox has 15 seconds left.
|inactive|Pumpkinman has 10 seconds left.
|inactive|BoloinaBox has 10 seconds left.
|
|t:|1757183943
|switch|p2b: Porygon2|Porygon2, L50|59/100
|-ability|p2b: Porygon2|Download|boost
|-boost|p2b: Porygon2|spa|1
|move|p2a: Incineroar|Fake Out|p1b: Ceruledge
|-damage|p1b: Ceruledge|11/100
|move|p1a: Rillaboom|Grassy Glide|p2b: Porygon2
|-damage|p2b: Porygon2|45/100
|cant|p1b: Ceruledge|flinch
|
|-weather|SunnyDay|[upkeep]
|-heal|p1b: Ceruledge|17/100|[from] Grassy Terrain
|-heal|p2a: Incineroar|100/100|[from] Grassy Terrain
|-heal|p2b: Porygon2|51/100|[from] Grassy Terrain
|upkeep
|turn|5
|inactive|Pumpkinman has 30 seconds left.
|
|t:|1757183969
|move|p1a: Rillaboom|Knock Off|p2b: Porygon2
|-damage|p2b: Porygon2|35/100
|-enditem|p2b: Porygon2|Eviolite|[from] move: Knock Off|[of] p1a: Rillaboom
|move|p1b: Ceruledge|Bitter Blade|p2b: Porygon2
|-damage|p2b: Porygon2|0 fnt
|-heal|p1b: Ceruledge|37/100|[from] drain|[of] p2b: Porygon2
|faint|p2b: Porygon2
|move|p2a: Incineroar|Flare Blitz|p1b: Ceruledge
|-start|p1b: Ceruledge|ability: Flash Fire
|
|-weather|none
|-heal|p1b: Ceruledge|43/100|[from] Grassy Terrain
|upkeep
|inactive|Pumpkinman has 30 seconds left.
|-message|Pumpkinman forfeited.
|
|win|BoloinaBox
||BoloinaBox is ready for game 2.
||Pumpkinman is ready for game 2.
|uhtml|next|Next: Game 2 of 3
|l|☆BoloinaBox
|player|p1|
