|j|☆MinasDevilCrobats
|j|☆Flareblitz54
|html|MinasDevilCrobatsFlareblitz54    
|uhtml|bestof|Game 1 of a best-of-3
|t:|1756511294
|gametype|doubles
|player|p1|MinasDevilCrobats|darach-caitlin|1118
|player|p2|Flareblitz54|gladion|1200
|gen|9
|tier|[Gen 9] VGC 2025 Reg H (Bo3)
|rated|
|rule|Species Clause: Limit one of each Pokémon
|rule|Item Clause: Limit 1 of each item
|clearpoke
|poke|p1|Indeedee, L50, M|
|poke|p1|Sneasler, L50, F|
|poke|p1|Ursaluna-Bloodmoon, L50, M|
|poke|p1|Pelipper, L50, M|
|poke|p1|Archaludon, L50, F|
|poke|p1|Basculegion, L50, M|
|poke|p2|Ursaluna, L50, F|
|poke|p2|Amoonguss, L50, M|
|poke|p2|Gholdengo, L50|
|poke|p2|Incineroar, L50, M|
|poke|p2|Dragapult, L50, M|
|poke|p2|Farigiraf, L50, F|
|teampreview|4
|showteam|p1|Indeedee||ChoiceScarf|PsychicSurge|ExpandingForce,DazzlingGleam,Trick,Protect|||M|||50|,,,,,Psychic]Sneasler||PsychicSeed|Unburden|CloseCombat,DireClaw,ThroatChop,Protect|||F|||50|,,,,,Dark]Ursaluna-Bloodmoon||LifeOrb|MindsEye|BloodMoon,HyperVoice,EarthPower,Protect|||M|||50|,,,,,Normal]Pelipper||FocusSash|Drizzle|Hurricane,WeatherBall,Tailwind,Protect|||M|||50|,,,,,Ghost]Archaludon||AssaultVest|Stamina|ElectroShot,BodyPress,FlashCannon,DracoMeteor|||F|||50|,,,,,Grass]Basculegion||ChoiceBand|SwiftSwim|WaveCrash,LastRespects,FlipTurn,AquaJet|||M|||50|,,,,,Ghost
|showteam|p2|Ursaluna||FlameOrb|Guts|HeadlongRush,Facade,Earthquake,Protect|||F|||50|,,,,,Ghost]Amoonguss||RockyHelmet|Regenerator|Spore,RagePowder,PollenPuff,Protect|||M|||50|,,,,,Water]Gholdengo||MetalCoat|GoodasGold|MakeItRain,ShadowBall,NastyPlot,Protect||||||50|,,,,,Water]Incineroar||AssaultVest|Intimidate|KnockOff,FlareBlitz,FakeOut,Uturn|||M|||50|,,,,,Ghost]Dragapult||ChoiceBand|ClearBody|DragonDarts,PhantomForce,Outrage,Uturn|||M|||50|,,,,,Dragon]Farigiraf||SitrusBerry|ArmorTail|ExpandingForce,HelpingHand,Imprison,TrickRoom|||F|||50|,,,,,Water
|inactive|Battle timer is ON: inactive players will automatically lose when time's up. (requested by Flareblitz54)
|
|t:|1756511323
|teamsize|p1|4
|teamsize|p2|4
|start
|switch|p1a: Pelipper|Pelipper, L50, M|100/100
|switch|p1b: Archaludon|Archaludon, L50, F|100/100
|switch|p2a: Farigiraf|Farigiraf, L50, F|100/100
|switch|p2b: AMOONGUSS??!|Amoonguss, L50, M|100/100
|-weather|RainDance|[from] ability: Drizzle|[of] p1a: Pelipper
|turn|1
|
|t:|1756511346
|-terastallize|p1b: Archaludon|Grass
|move|p1a: Pelipper|Hurricane|p2b: AMOONGUSS??!
|-supereffective|p2b: AMOONGUSS??!
|-damage|p2b: AMOONGUSS??!|5/100
|move|p1b: Archaludon|Electro Shot||[still]
|-prepare|p1b: Archaludon|Electro Shot
|-boost|p1b: Archaludon|spa|1
|-anim|p1b: Archaludon|Electro Shot|p2a: Farigiraf
|-damage|p2a: Farigiraf|51/100
|move|p2a: Farigiraf|Expanding Force|p1a: Pelipper
|-damage|p1a: Pelipper|50/100
|move|p2b: AMOONGUSS??!|Spore|p1b: Archaludon
|-immune|p1b: Archaludon
|
|-weather|RainDance|[upkeep]
|upkeep
|turn|2
|
|t:|1756511364
|move|p2b: AMOONGUSS??!|Protect|p2b: AMOONGUSS??!
|-singleturn|p2b: AMOONGUSS??!|Protect
|move|p1a: Pelipper|Weather Ball|p2b: AMOONGUSS??!
|-activate|p2b: AMOONGUSS??!|move: Protect
|move|p1b: Archaludon|Electro Shot||[still]
|-prepare|p1b: Archaludon|Electro Shot
|-boost|p1b: Archaludon|spa|1
|-anim|p1b: Archaludon|Electro Shot|p2a: Farigiraf
|-damage|p2a: Farigiraf|0 fnt
|faint|p2a: Farigiraf
|
|-weather|RainDance|[upkeep]
|upkeep
|
|t:|1756511385
|switch|p2a: StringCheese|Gholdengo, L50|100/100
|turn|3
|
|t:|1756511395
|move|p2a: StringCheese|Protect|p2a: StringCheese
|-singleturn|p2a: StringCheese|Protect
|move|p1a: Pelipper|Weather Ball|p2a: StringCheese
|-activate|p2a: StringCheese|move: Protect
|move|p1b: Archaludon|Electro Shot||[still]
|-prepare|p1b: Archaludon|Electro Shot
|-boost|p1b: Archaludon|spa|1
|-anim|p1b: Archaludon|Electro Shot|p2a: StringCheese
|-activate|p2a: StringCheese|move: Protect
|move|p2b: AMOONGUSS??!|Spore|p1a: Pelipper
|-status|p1a: Pelipper|slp|[from] move: Spore
|
|-weather|RainDance|[upkeep]
|upkeep
|turn|4
|
|t:|1756511407
|move|p2b: AMOONGUSS??!|Rage Powder|p2b: AMOONGUSS??!
|-singleturn|p2b: AMOONGUSS??!|move: Rage Powder
|move|p2a: StringCheese|Nasty Plot|p2a: StringCheese
|-boost|p2a: StringCheese|spa|2
|cant|p1a: Pelipper|slp
|move|p1b: Archaludon|Electro Shot||[still]
|-prepare|p1b: Archaludon|Electro Shot
|-boost|p1b: Archaludon|spa|1
|-anim|p1b: Archaludon|Electro Shot|p2a: StringCheese
|-damage|p2a: StringCheese|0 fnt
|faint|p2a: StringCheese
|
|-weather|RainDance|[upkeep]
|upkeep
|c|☆Flareblitz54|oh lol
|
|t:|1756511417
|switch|p2a: Bonk x2!|Dragapult, L50, M|100/100
|turn|5
|
|t:|1756511424
|-terastallize|p2a: Bonk x2!|Dragon
|move|p2a: Bonk x2!|Outrage|p1a: Pelipper
|-damage|p1a: Pelipper|0 fnt
|faint|p1a: Pelipper
|move|p1b: Archaludon|Draco Meteor|p2a: Bonk x2!
|-supereffective|p2a: Bonk x2!
|-damage|p2a: Bonk x2!|0 fnt
|-unboost|p1b: Archaludon|spa|2
|faint|p2a: Bonk x2!
|move|p2b: AMOONGUSS??!|Pollen Puff|p1b: Archaludon
|-supereffective|p1b: Archaludon
|-damage|p1b: Archaludon|74/100
|-ability|p1b: Archaludon|Stamina|boost
|-boost|p1b: Archaludon|def|1
|
|-weather|none
|upkeep
|-message|Flareblitz54 forfeited.
|
|win|MinasDevilCrobats
|l|☆Flareblitz54
|player|p2|
||Flareblitz54 is ready for game 2.
||MinasDevilCrobats is ready for game 2.
|uhtml|next|Next: Game 2 of 3
