|j|☆mackerjuan
|j|☆mario16172005
|html|mackerjuanmario16172005    
|uhtml|bestof|Game 1 of a best-of-3
|t:|1756217436
|gametype|doubles
|player|p1|mackerjuan|102|1199
|player|p2|mario16172005|workerice|1177
|gen|9
|tier|[Gen 9] VGC 2025 Reg H (Bo3)
|rated|
|rule|Species Clause: Limit one of each Pokémon
|rule|Item Clause: Limit 1 of each item
|clearpoke
|poke|p1|Incineroar, L50, F|
|poke|p1|Gholdengo, L50|
|poke|p1|Porygon2, L50|
|poke|p1|Ursaluna, L50, F|
|poke|p1|Amoonguss, L50, F|
|poke|p1|Hydreigon, L50, F|
|poke|p2|Excadrill, L50, M|
|poke|p2|Tyranitar, L50, M|
|poke|p2|Dragonite, L50, F|
|poke|p2|Magmar, L50, F|
|poke|p2|Indeedee-F, L50, F|
|poke|p2|Gholdengo, L50|
|teampreview|4
|showteam|p1|Incineroar||SafetyGoggles|Intimidate|FlareBlitz,KnockOff,FakeOut,PartingShot|||F|||50|,,,,,Ghost]Gholdengo||LifeOrb|GoodasGold|MakeItRain,ShadowBall,NastyPlot,Protect||||||50|,,,,,Water]Porygon2||Eviolite|Download|TeraBlast,IceBeam,Recover,TrickRoom||||||50|,,,,,Fighting]Ursaluna||FlameOrb|Guts|Facade,HeadlongRush,Earthquake,Protect|||F|||50|,,,,,Ghost]Amoonguss||SitrusBerry|Regenerator|PollenPuff,Spore,RagePowder,Protect|||F|||50|,,,,,Water]Hydreigon||CovertCloak|Levitate|Taunt,Tailwind,DracoMeteor,Snarl|||F|||50|,,,,,Steel
|showteam|p2|Excadrill||FocusSash|SandRush|Earthquake,HighHorsepower,IronHead,Protect|||M|||50|,,,,,Stellar]Tyranitar||AssaultVest|SandStream|KnockOff,RockSlide,LowKick,TeraBlast|||M|||50|,,,,,Flying]Dragonite||LoadedDice|Multiscale|ScaleShot,Tailwind,Haze,Protect|||F|||50|,,,,,Fairy]Magmar||Eviolite|VitalSpirit|Overheat,Taunt,FollowMe,Protect|||F|||50|,,,,,Flying]Indeedee-F||PsychicSeed|PsychicSurge|Psychic,Imprison,TrickRoom,Protect|||F|||50|,,,,,Psychic]Gholdengo||LifeOrb|GoodasGold|MakeItRain,ShadowBall,NastyPlot,Protect||||||50|,,,,,Water
|inactive|Battle timer is ON: inactive players will automatically lose when time's up. (requested by mackerjuan)
|inactive|mackerjuan has 60 seconds left.
|inactive|mario16172005 has 60 seconds left.
|inactive|mario16172005 has 30 seconds left.
|inactive|mario16172005 has 20 seconds left.
|inactive|mario16172005 has 15 seconds left.
|
|t:|1756217516
|teamsize|p1|4
|teamsize|p2|4
|start
|switch|p1a: Hydreigon|Hydreigon, L50, F|100/100
|switch|p1b: Incineroar|Incineroar, L50, F|100/100
|switch|p2a: Indeedee|Indeedee-F, L50, F|100/100
|switch|p2b: Tyranitar|Tyranitar, L50, M, shiny|100/100
|-weather|Sandstorm|[from] ability: Sand Stream|[of] p2b: Tyranitar
|-fieldstart|move: Psychic Terrain|[from] ability: Psychic Surge|[of] p2a: Indeedee
|-enditem|p2a: Indeedee|Psychic Seed
|-boost|p2a: Indeedee|spd|1|[from] item: Psychic Seed
|-ability|p1b: Incineroar|Intimidate|boost
|-unboost|p2a: Indeedee|atk|1
|-unboost|p2b: Tyranitar|atk|1
|turn|1
|inactive|mackerjuan has 30 seconds left.
|inactive|mario16172005 has 30 seconds left.
|
|t:|1756217549
|switch|p1b: Ursaluna|Ursaluna, L50, F|100/100
|move|p2a: Indeedee|Protect|p2a: Indeedee
|-singleturn|p2a: Indeedee|Protect
|move|p1a: Hydreigon|Tailwind|p1a: Hydreigon
|-sidestart|p1: mackerjuan|move: Tailwind
|move|p2b: Tyranitar|Low Kick|p1a: Hydreigon
|-supereffective|p1a: Hydreigon
|-damage|p1a: Hydreigon|45/100
|
|-weather|Sandstorm|[upkeep]
|-damage|p1a: Hydreigon|39/100|[from] Sandstorm
|-damage|p2a: Indeedee|94/100|[from] Sandstorm
|-status|p1b: Ursaluna|brn|[from] item: Flame Orb
|upkeep
|turn|2
|inactive|mackerjuan has 30 seconds left.
|inactive|mario16172005 has 30 seconds left.
|
|t:|1756217582
|-terastallize|p1a: Hydreigon|Steel
|-terastallize|p2b: Tyranitar|Flying
|move|p1a: Hydreigon|Snarl|p2b: Tyranitar|[spread] p2a,p2b
|-supereffective|p2a: Indeedee
|-crit|p2a: Indeedee
|-damage|p2a: Indeedee|39/100
|-damage|p2b: Tyranitar|89/100
|-unboost|p2a: Indeedee|spa|1
|-unboost|p2b: Tyranitar|spa|1
|move|p1b: Ursaluna|Earthquake|p2a: Indeedee|[spread] p2a
|-immune|p1a: Hydreigon|[from] ability: Levitate
|-immune|p2b: Tyranitar
|-damage|p2a: Indeedee|0 fnt
|faint|p2a: Indeedee
|move|p2b: Tyranitar|Low Kick|p1b: Ursaluna
|-supereffective|p1b: Ursaluna
|-damage|p1b: Ursaluna|55/100 brn
|
|-weather|Sandstorm|[upkeep]
|-damage|p2b: Tyranitar|83/100|[from] Sandstorm
|-damage|p1b: Ursaluna|49/100 brn|[from] brn
|upkeep
|
|t:|1756217599
|switch|p2a: Excadrill|Excadrill, L50, M|100/100
|turn|3
|inactive|mackerjuan has 30 seconds left.
|inactive|mario16172005 has 30 seconds left.
|inactive|mackerjuan has 20 seconds left.
|inactive|mackerjuan has 15 seconds left.
|inactive|mackerjuan has 10 seconds left.
|
|t:|1756217645
|switch|p1a: Incineroar|Incineroar, L50, F|100/100
|-ability|p1a: Incineroar|Intimidate|boost
|-unboost|p2a: Excadrill|atk|1
|-unboost|p2b: Tyranitar|atk|1
|move|p2a: Excadrill|Earthquake|p1a: Incineroar|[spread] p1a,p1b
|-immune|p2b: Tyranitar
|-supereffective|p1a: Incineroar
|-damage|p1a: Incineroar|47/100
|-damage|p1b: Ursaluna|27/100 brn
|move|p1b: Ursaluna|Facade|p2b: Tyranitar
|-damage|p2b: Tyranitar|0 fnt
|faint|p2b: Tyranitar
|
|-weather|Sandstorm|[upkeep]
|-damage|p1b: Ursaluna|22/100 brn|[from] brn
|upkeep
|
|t:|1756217657
|switch|p2b: Magmar|Magmar, L50, F, shiny|100/100
|turn|4
|
|t:|1756217678
|switch|p1a: Porygon2|Porygon2, L50|100/100
|-ability|p1a: Porygon2|Download|boost
|-boost|p1a: Porygon2|atk|1
|switch|p1b: Hydreigon|Hydreigon, L50, F, tera:Steel|39/100
|move|p2b: Magmar|Protect|p2b: Magmar
|-singleturn|p2b: Magmar|Protect
|move|p2a: Excadrill|Earthquake|p1a: Porygon2|[spread] p1a
|-activate|p2b: Magmar|move: Protect
|-immune|p1b: Hydreigon|[from] ability: Levitate
|-damage|p1a: Porygon2|84/100
|
|-weather|Sandstorm|[upkeep]
|-damage|p2b: Magmar|95/100|[from] Sandstorm
|-damage|p1a: Porygon2|79/100|[from] Sandstorm
|-sideend|p1: mackerjuan|move: Tailwind
|upkeep
|turn|5
|inactive|mackerjuan has 30 seconds left.
|inactive|mario16172005 has 30 seconds left.
|inactive|mackerjuan has 20 seconds left.
|inactive|mario16172005 has 20 seconds left.
|
|t:|1756217718
|move|p2a: Excadrill|Iron Head|p1b: Hydreigon
|-resisted|p1b: Hydreigon
|-crit|p1b: Hydreigon
|-damage|p1b: Hydreigon|7/100
|move|p1b: Hydreigon|Tailwind|p1b: Hydreigon
|-sidestart|p1: mackerjuan|move: Tailwind
|move|p2b: Magmar|Taunt|p1a: Porygon2
|-start|p1a: Porygon2|move: Taunt
|move|p1a: Porygon2|Ice Beam|p2a: Excadrill
|-damage|p2a: Excadrill|63/100
|
|-weather|none
|-fieldend|move: Psychic Terrain
|upkeep
|turn|6
|inactive|mackerjuan has 30 seconds left.
|inactive|mario16172005 has 30 seconds left.
|
|t:|1756217749
|move|p2a: Excadrill|Protect|p2a: Excadrill
|-singleturn|p2a: Excadrill|Protect
|move|p2b: Magmar|Protect|p2b: Magmar
|-singleturn|p2b: Magmar|Protect
|move|p1b: Hydreigon|Draco Meteor|p2a: Excadrill
|-activate|p2a: Excadrill|move: Protect
|move|p1a: Porygon2|Ice Beam|p2a: Excadrill
|-activate|p2a: Excadrill|move: Protect
|
|upkeep
|turn|7
|
|t:|1756217765
|move|p2b: Magmar|Follow Me|p2b: Magmar
|-singleturn|p2b: Magmar|move: Follow Me
|move|p1b: Hydreigon|Draco Meteor|p2b: Magmar
|-damage|p2b: Magmar|45/100
|-unboost|p1b: Hydreigon|spa|2
|move|p2a: Excadrill|Iron Head|p1a: Porygon2
|-crit|p1a: Porygon2
|-damage|p1a: Porygon2|36/100
|move|p1a: Porygon2|Ice Beam|p2b: Magmar
|-resisted|p2b: Magmar
|-damage|p2b: Magmar|35/100
|
|-end|p1a: Porygon2|move: Taunt
|upkeep
|turn|8
|inactive|mackerjuan has 30 seconds left.
|inactive|mario16172005 has 30 seconds left.
|inactive|mario16172005 has 20 seconds left.
|
|t:|1756217810
|switch|p1a: Incineroar|Incineroar, L50, F|47/100
|-ability|p1a: Incineroar|Intimidate|boost
|-unboost|p2a: Excadrill|atk|1
|-unboost|p2b: Magmar|atk|1
|move|p2a: Excadrill|Protect|p2a: Excadrill
|-singleturn|p2a: Excadrill|Protect
|move|p1b: Hydreigon|Draco Meteor|p2a: Excadrill
|-activate|p2a: Excadrill|move: Protect
|move|p2b: Magmar|Overheat|p1b: Hydreigon
|-supereffective|p1b: Hydreigon
|-damage|p1b: Hydreigon|0 fnt
|-unboost|p2b: Magmar|spa|2
|faint|p1b: Hydreigon
|
|-sideend|p1: mackerjuan|move: Tailwind
|upkeep
|
|t:|1756217824
|switch|p1b: Ursaluna|Ursaluna, L50, F|22/100 brn
|turn|9
|
|t:|1756217846
|move|p2a: Excadrill|Protect|p2a: Excadrill
|-singleturn|p2a: Excadrill|Protect
|move|p2b: Magmar|Protect|p2b: Magmar
|-singleturn|p2b: Magmar|Protect
|move|p1a: Incineroar|Fake Out|p2b: Magmar
|-activate|p2b: Magmar|move: Protect
|move|p1b: Ursaluna|Earthquake|p2b: Magmar|[spread] p1a
|-activate|p2a: Excadrill|move: Protect
|-activate|p2b: Magmar|move: Protect
|-supereffective|p1a: Incineroar
|-damage|p1a: Incineroar|0 fnt
|faint|p1a: Incineroar
|
|-damage|p1b: Ursaluna|16/100 brn|[from] brn
|upkeep
|
|t:|1756217849
|switch|p1a: Porygon2|Porygon2, L50|36/100
|-ability|p1a: Porygon2|Download|boost
|-boost|p1a: Porygon2|atk|1
|turn|10
|
|t:|1756217870
|move|p1b: Ursaluna|Protect|p1b: Ursaluna
|-singleturn|p1b: Ursaluna|Protect
|move|p2a: Excadrill|High Horsepower|p1b: Ursaluna
|-activate|p1b: Ursaluna|move: Protect
|move|p2b: Magmar|Overheat|p1a: Porygon2
|-damage|p1a: Porygon2|21/100
|-unboost|p2b: Magmar|spa|2
|move|p1a: Porygon2|Trick Room|p1a: Porygon2
|-fieldstart|move: Trick Room|[of] p1a: Porygon2
|
|-damage|p1b: Ursaluna|10/100 brn|[from] brn
|upkeep
|turn|11
|
|t:|1756217894
|move|p2b: Magmar|Protect|p2b: Magmar
|-singleturn|p2b: Magmar|Protect
|move|p2a: Excadrill|Protect|p2a: Excadrill
|-singleturn|p2a: Excadrill|Protect
|move|p1a: Porygon2|Recover|p1a: Porygon2
|-heal|p1a: Porygon2|72/100
|move|p1b: Ursaluna|Facade|p2b: Magmar
|-activate|p2b: Magmar|move: Protect
|
|-damage|p1b: Ursaluna|4/100 brn|[from] brn
|upkeep
|turn|12
|
|t:|1756217917
|move|p2a: Excadrill|Protect||[still]
|-fail|p2a: Excadrill
|move|p1a: Porygon2|Recover|p1a: Porygon2
|-heal|p1a: Porygon2|100/100
|move|p1b: Ursaluna|Earthquake|p2a: Excadrill|[spread] p1a,p2a,p2b
|-supereffective|p2a: Excadrill
|-supereffective|p2b: Magmar
|-damage|p1a: Porygon2|58/100
|-damage|p2a: Excadrill|0 fnt
|-damage|p2b: Magmar|0 fnt
|faint|p2a: Excadrill
|faint|p2b: Magmar
|
|win|mackerjuan
||mario16172005 is ready for game 2.
