|j|☆Cage92
|j|☆IceApfel
|html|Cage92IceApfel    
|uhtml|bestof|Game 3 of a best-of-3
|t:|1756642106
|gametype|doubles
|player|p1|Cage92|bugsy|1138
|player|p2|IceApfel|waiter-gen4|1141
|gen|9
|tier|[Gen 9] VGC 2025 Reg H (Bo3)
|rated|
|rule|Species Clause: Limit one of each Pokémon
|rule|Item Clause: Limit 1 of each item
|clearpoke
|poke|p1|Corviknight, L50, M|
|poke|p1|Garchomp, L50, M|
|poke|p1|Tyranitar, L50, M|
|poke|p1|Gholdengo, L50|
|poke|p1|Sneasler, L50, M|
|poke|p1|Incineroar, L50, M|
|poke|p2|Volcarona, L50, M|
|poke|p2|Rillaboom, L50, M|
|poke|p2|Electabuzz, L50, F|
|poke|p2|Dragonite, L50, M|
|poke|p2|Kingambit, L50, F|
|poke|p2|Sneasler, L50, M|
|teampreview|4
|showteam|p1|Corviknight||CovertCloak|MirrorArmor|BraveBird,Taunt,Roost,Tailwind|||M|||50|,,,,,Dragon]Garchomp||ClearAmulet|RoughSkin|Earthquake,DragonClaw,StompingTantrum,Protect|||M|||50|,,,,,Steel]Tyranitar||AssaultVest|SandStream|RockSlide,KnockOff,TeraBlast,LowKick|||M|||50|,,,,,Flying]Gholdengo||LifeOrb|GoodasGold|MakeItRain,ShadowBall,NastyPlot,Protect||||||50|,,,,,Water]Sneasler||WhiteHerb|Unburden|DireClaw,CloseCombat,Coaching,Protect|||M|||50|,,,,,Ghost]Incineroar||SitrusBerry|Intimidate|FlareBlitz,WillOWisp,PartingShot,FakeOut|||M|||50|,,,,,Grass
|showteam|p2|Volcarona||CovertCloak|FlameBody|HeatWave,TeraBlast,QuiverDance,Protect|||M|||50|,,,,,Fairy]Rillaboom||AssaultVest|GrassySurge|WoodHammer,GrassyGlide,HighHorsepower,FakeOut|||M|||50|,,,,,Fire]Electabuzz||Eviolite|VitalSpirit|Thunderbolt,FollowMe,Taunt,Protect|||F|||50|,,,,,Ghost]Dragonite||LoadedDice|Multiscale|ScaleShot,ExtremeSpeed,Haze,Protect|||M|||50|,,,,,Steel]Kingambit||BlackGlasses|Defiant|KowtowCleave,SuckerPunch,SwordsDance,Protect|||F|||50|,,,,,Dark]Sneasler||FocusSash|Unburden|CloseCombat,DireClaw,Coaching,Protect|||M|||50|,,,,,Stellar
|inactive|Battle timer is ON: inactive players will automatically lose when time's up. (requested by IceApfel)
|inactive|Cage92 has 60 seconds left.
|inactive|IceApfel has 60 seconds left.
|
|t:|1756642150
|teamsize|p1|4
|teamsize|p2|4
|start
|switch|p1a: Tyranitar|Tyranitar, L50, M|100/100
|switch|p1b: Corviknight|Corviknight, L50, M|100/100
|switch|p2a: Volcarona|Volcarona, L50, M|100/100
|switch|p2b: Electabuzz|Electabuzz, L50, F, shiny|100/100
|-weather|Sandstorm|[from] ability: Sand Stream|[of] p1a: Tyranitar
|turn|1
|
|t:|1756642168
|-terastallize|p2a: Volcarona|Fairy
|move|p2b: Electabuzz|Taunt|p1b: Corviknight
|-start|p1b: Corviknight|move: Taunt
|move|p2a: Volcarona|Quiver Dance|p2a: Volcarona
|-boost|p2a: Volcarona|spa|1
|-boost|p2a: Volcarona|spd|1
|-boost|p2a: Volcarona|spe|1
|cant|p1b: Corviknight|move: Taunt|Tailwind
|move|p1a: Tyranitar|Rock Slide|p2b: Electabuzz|[spread] p2a,p2b
|-damage|p2a: Volcarona|66/100
|-damage|p2b: Electabuzz|74/100
|
|-weather|Sandstorm|[upkeep]
|-damage|p2a: Volcarona|60/100|[from] Sandstorm
|-damage|p2b: Electabuzz|69/100|[from] Sandstorm
|upkeep
|turn|2
|
|t:|1756642185
|move|p2b: Electabuzz|Follow Me|p2b: Electabuzz
|-singleturn|p2b: Electabuzz|move: Follow Me
|move|p2a: Volcarona|Tera Blast|p1a: Tyranitar|[anim] Tera Blast Fairy
|-supereffective|p1a: Tyranitar
|-damage|p1a: Tyranitar|52/100
|move|p1b: Corviknight|Brave Bird|p2b: Electabuzz
|-resisted|p2b: Electabuzz
|-damage|p2b: Electabuzz|52/100
|-damage|p1b: Corviknight|96/100|[from] Recoil
|move|p1a: Tyranitar|Rock Slide|p2a: Volcarona|[spread] p2a,p2b
|-damage|p2a: Volcarona|26/100
|-damage|p2b: Electabuzz|25/100
|
|-weather|Sandstorm|[upkeep]
|-damage|p2a: Volcarona|20/100|[from] Sandstorm
|-damage|p2b: Electabuzz|20/100|[from] Sandstorm
|upkeep
|turn|3
|
|t:|1756642207
|move|p2a: Volcarona|Tera Blast|p1a: Tyranitar|[anim] Tera Blast Fairy
|-supereffective|p1a: Tyranitar
|-damage|p1a: Tyranitar|0 fnt
|faint|p1a: Tyranitar
|move|p2b: Electabuzz|Thunderbolt|p1b: Corviknight
|-supereffective|p1b: Corviknight
|-damage|p1b: Corviknight|34/100
|move|p1b: Corviknight|Brave Bird|p2a: Volcarona
|-damage|p2a: Volcarona|0 fnt
|faint|p2a: Volcarona
|-damage|p1b: Corviknight|28/100|[from] Recoil
|
|-weather|Sandstorm|[upkeep]
|-damage|p2b: Electabuzz|14/100|[from] Sandstorm
|-end|p1b: Corviknight|move: Taunt
|upkeep
|
|t:|1756642219
|switch|p2a: Kingambit|Kingambit, L50, F, shiny|100/100
|switch|p1a: Garchomp|Garchomp, L50, M|100/100
|turn|4
|inactive|IceApfel has 30 seconds left.
|inactive|IceApfel has 20 seconds left.
|inactive|IceApfel has 15 seconds left.
|
|t:|1756642261
|move|p1a: Garchomp|Earthquake|p2a: Kingambit|[spread] p2a,p2b
|-immune|p1b: Corviknight
|-supereffective|p2a: Kingambit
|-supereffective|p2b: Electabuzz
|-damage|p2a: Kingambit|47/100
|-damage|p2b: Electabuzz|0 fnt
|faint|p2b: Electabuzz
|move|p1b: Corviknight|Taunt|p2a: Kingambit
|-start|p2a: Kingambit|move: Taunt
|cant|p2a: Kingambit|move: Taunt|Swords Dance
|
|-weather|Sandstorm|[upkeep]
|upkeep
|
|t:|1756642264
|switch|p2b: Rillaboom|Rillaboom, L50, M, shiny|100/100
|-fieldstart|move: Grassy Terrain|[from] ability: Grassy Surge|[of] p2b: Rillaboom
|turn|5
|inactive|IceApfel has 30 seconds left.
|
|t:|1756642290
|move|p1a: Garchomp|Protect|p1a: Garchomp
|-singleturn|p1a: Garchomp|Protect
|move|p2b: Rillaboom|Fake Out|p1a: Garchomp
|-activate|p1a: Garchomp|move: Protect
|move|p2a: Kingambit|Sucker Punch||[still]
|-fail|p2a: Kingambit
|move|p1b: Corviknight|Roost|p1b: Corviknight
|-heal|p1b: Corviknight|78/100
|-singleturn|p1b: Corviknight|move: Roost
|
|-weather|none
|-heal|p1b: Corviknight|84/100|[from] Grassy Terrain
|-heal|p2a: Kingambit|53/100|[from] Grassy Terrain
|upkeep
|turn|6
|
|t:|1756642305
|move|p2b: Rillaboom|Grassy Glide|p1a: Garchomp
|-damage|p1a: Garchomp|66/100
|-damage|p2b: Rillaboom|88/100|[from] ability: Rough Skin|[of] p1a: Garchomp
|move|p2a: Kingambit|Sucker Punch|p1a: Garchomp
|-damage|p1a: Garchomp|20/100
|-damage|p2a: Kingambit|41/100|[from] ability: Rough Skin|[of] p1a: Garchomp
|move|p1a: Garchomp|Stomping Tantrum|p2a: Kingambit
|-supereffective|p2a: Kingambit
|-damage|p2a: Kingambit|0 fnt
|faint|p2a: Kingambit
|move|p1b: Corviknight|Brave Bird|p2b: Rillaboom
|-supereffective|p2b: Rillaboom
|-damage|p2b: Rillaboom|12/100
|-damage|p1b: Corviknight|59/100|[from] Recoil
|
|-heal|p1a: Garchomp|26/100|[from] Grassy Terrain
|-heal|p2b: Rillaboom|18/100|[from] Grassy Terrain
|upkeep
|turn|7
|-message|IceApfel forfeited.
|
|win|Cage92
|raw|Cage92's rating: 1138 → 1163(+25 for winning)
|raw|IceApfel's rating: 1141 → 1116(-25 for losing)
|l|☆IceApfel
|player|p2|
