|j|☆mackerjuan
|j|☆LyricSum
|html|mackerjuanLyricSum    
|uhtml|bestof|Game 2 of a best-of-3
|t:|1755619529
|gametype|doubles
|player|p1|mackerjuan|170|1248
|player|p2|LyricSum|veteran|1264
|gen|9
|tier|[Gen 9] VGC 2025 Reg H (Bo3)
|rated|
|rule|Species Clause: Limit one of each Pokémon
|rule|Item Clause: Limit 1 of each item
|clearpoke
|poke|p1|Annihilape, L50, F|
|poke|p1|Maushold, L50|
|poke|p1|Pelipper, L50, M|
|poke|p1|Archaludon, L50, F|
|poke|p1|Sinistcha, L50|
|poke|p1|Basculegion, L50, M|
|poke|p2|Krookodile, L50, M|
|poke|p2|Kommo-o, L50, M|
|poke|p2|Talonflame, L50, F|
|poke|p2|Sinistcha-Masterpiece, L50|
|poke|p2|Archaludon, L50, F|
|poke|p2|Primarina, L50, M|
|teampreview|4
|showteam|p1|Annihilape||SpellTag|Defiant|BulkUp,Protect,DrainPunch,RageFist|||F|||50|,,,,,Water]Maushold||SafetyGoggles|FriendGuard|BeatUp,Taunt,FollowMe,Protect||||||50|,,,,,Ghost]Pelipper||FocusSash|Drizzle|Hurricane,WeatherBall,Tailwind,Protect|||M|||50|,,,,,Stellar]Archaludon||AssaultVest|Stamina|ElectroShot,DracoMeteor,Snarl,BodyPress|||F|||50|,,,,,Grass]Sinistcha||SitrusBerry|Hospitality|RagePowder,TrickRoom,StrengthSap,MatchaGotcha||||||50|,,,,,Water]Basculegion||LifeOrb|SwiftSwim|AquaJet,WaveCrash,LastRespects,Protect|||M|||50|,,,,,Water
|showteam|p2|Krookodile||AssaultVest|Intimidate|KnockOff,Snarl,HighHorsepower,GunkShot|||M|||50|,,,,,Poison]Kommo-o||ThroatSpray|Overcoat|ClangorousSoul,ClangingScales,AuraSphere,Protect|||M|||50|,,,,,Steel]Talonflame||FocusSash|GaleWings|Tailwind,UpperHand,DualWingbeat,Taunt|||F|||50|,,,,,Fairy]Sinistcha-Masterpiece||SitrusBerry|Hospitality|MatchaGotcha,ShadowBall,RagePowder,LifeDew||||||50|,,,,,Fairy]Archaludon||PowerHerb|Stalwart|ElectroShot,Thunderbolt,DragonPulse,Protect|||F|||50|,,,,,Electric]Primarina||LifeOrb|LiquidVoice|HyperVoice,Moonblast,AquaJet,Protect|||M|||50|,,,,,Steel
|inactive|Battle timer is ON: inactive players will automatically lose when time's up. (requested by LyricSum)
|inactive|mackerjuan also wants the timer to be on.
|inactive|mackerjuan has 60 seconds left.
|
|t:|1755619562
|teamsize|p1|4
|teamsize|p2|4
|start
|switch|p1a: Annihilape|Annihilape, L50, F|100/100
|switch|p1b: Maushold|Maushold, L50, shiny|100/100
|switch|p2a: Talonflame|Talonflame, L50, F|100/100
|switch|p2b: Archaludon|Archaludon, L50, F, shiny|100/100
|turn|1
|
|t:|1755619575
|-terastallize|p2b: Archaludon|Electric
|move|p2a: Talonflame|Tailwind|p2a: Talonflame
|-sidestart|p2: LyricSum|move: Tailwind
|move|p2b: Archaludon|Electro Shot||[still]
|-prepare|p2b: Archaludon|Electro Shot
|-boost|p2b: Archaludon|spa|1
|-enditem|p2b: Archaludon|Power Herb
|-anim|p2b: Archaludon|Electro Shot|p1a: Annihilape
|-damage|p1a: Annihilape|27/100
|move|p1b: Maushold|Beat Up|p1a: Annihilape
|-damage|p1a: Annihilape|25/100
|-damage|p1a: Annihilape|22/100
|-damage|p1a: Annihilape|20/100
|-crit|p1a: Annihilape
|-damage|p1a: Annihilape|17/100
|-hitcount|p1a: Annihilape|4
|move|p1a: Annihilape|Rage Fist|p2b: Archaludon
|-damage|p2b: Archaludon|0 fnt
|faint|p2b: Archaludon
|
|upkeep
|
|t:|1755619580
|switch|p2b: Kommo-o|Kommo-o, L50, M|100/100
|turn|2
|inactive|mackerjuan has 30 seconds left.
|inactive|mackerjuan has 20 seconds left.
|inactive|mackerjuan has 15 seconds left.
|inactive|mackerjuan has 10 seconds left.
|
|t:|1755619629
|switch|p1b: Sinistcha|Sinistcha, L50|100/100
|-heal|p1a: Annihilape|42/100|[from] ability: Hospitality|[of] p1b: Sinistcha
|move|p1a: Annihilape|Protect|p1a: Annihilape
|-singleturn|p1a: Annihilape|Protect
|move|p2a: Talonflame|Dual Wingbeat|p1b: Sinistcha
|-supereffective|p1b: Sinistcha
|-damage|p1b: Sinistcha|74/100
|-supereffective|p1b: Sinistcha
|-damage|p1b: Sinistcha|47/100
|-enditem|p1b: Sinistcha|Sitrus Berry|[eat]
|-heal|p1b: Sinistcha|71/100|[from] item: Sitrus Berry
|-hitcount|p1b: Sinistcha|2
|move|p2b: Kommo-o|Clanging Scales|p1a: Annihilape|[spread] p1b
|-activate|p1a: Annihilape|move: Protect
|-damage|p1b: Sinistcha|37/100
|-unboost|p2b: Kommo-o|def|1
|-enditem|p2b: Kommo-o|Throat Spray
|-boost|p2b: Kommo-o|spa|1|[from] item: Throat Spray
|
|upkeep
|turn|3
|inactive|mackerjuan has 30 seconds left.
|
|t:|1755619658
|move|p1b: Sinistcha|Rage Powder|p1b: Sinistcha
|-singleturn|p1b: Sinistcha|move: Rage Powder
|move|p2a: Talonflame|Dual Wingbeat|p1b: Sinistcha
|-supereffective|p1b: Sinistcha
|-damage|p1b: Sinistcha|9/100
|-supereffective|p1b: Sinistcha
|-damage|p1b: Sinistcha|0 fnt
|faint|p1b: Sinistcha
|-hitcount|p1: Sinistcha|2
|move|p2b: Kommo-o|Clanging Scales|p1a: Annihilape
|-damage|p1a: Annihilape|0 fnt
|faint|p1a: Annihilape
|-unboost|p2b: Kommo-o|def|1
|
|upkeep
|
|t:|1755619664
|switch|p1a: Archaludon|Archaludon, L50, F|100/100
|switch|p1b: Maushold|Maushold, L50, shiny|100/100
|turn|4
|
|t:|1755619688
|switch|p2a: Sinistcha|Sinistcha-Masterpiece, L50|100/100
|move|p2b: Kommo-o|Protect|p2b: Kommo-o
|-singleturn|p2b: Kommo-o|Protect
|move|p1b: Maushold|Protect|p1b: Maushold
|-singleturn|p1b: Maushold|Protect
|move|p1a: Archaludon|Draco Meteor|p2b: Kommo-o
|-activate|p2b: Kommo-o|move: Protect
|
|-sideend|p2: LyricSum|move: Tailwind
|upkeep
|turn|5
|
|t:|1755619703
|move|p2a: Sinistcha|Rage Powder|p2a: Sinistcha
|-singleturn|p2a: Sinistcha|move: Rage Powder
|move|p1b: Maushold|Taunt|p2b: Kommo-o
|-start|p2b: Kommo-o|move: Taunt
|move|p2b: Kommo-o|Clanging Scales|p1b: Maushold|[spread] p1a,p1b
|-crit|p1b: Maushold
|-damage|p1a: Archaludon|72/100
|-damage|p1b: Maushold|0 fnt
|-ability|p1a: Archaludon|Stamina|boost
|-boost|p1a: Archaludon|def|1
|faint|p1b: Maushold
|-unboost|p2b: Kommo-o|def|1
|move|p1a: Archaludon|Snarl|p2b: Kommo-o|[spread] p2a,p2b
|-supereffective|p2a: Sinistcha
|-resisted|p2b: Kommo-o
|-damage|p2a: Sinistcha|70/100
|-damage|p2b: Kommo-o|93/100
|-unboost|p2a: Sinistcha|spa|1
|-unboost|p2b: Kommo-o|spa|1
|
|upkeep
|turn|6
|
|t:|1755619723
|move|p2a: Sinistcha|Rage Powder|p2a: Sinistcha
|-singleturn|p2a: Sinistcha|move: Rage Powder
|move|p2b: Kommo-o|Aura Sphere|p1a: Archaludon
|-supereffective|p1a: Archaludon
|-damage|p1a: Archaludon|22/100
|-ability|p1a: Archaludon|Stamina|boost
|-boost|p1a: Archaludon|def|1
|move|p1a: Archaludon|Snarl|p2a: Sinistcha|[spread] p2a,p2b
|-supereffective|p2a: Sinistcha
|-resisted|p2b: Kommo-o
|-damage|p2a: Sinistcha|41/100
|-damage|p2b: Kommo-o|86/100
|-unboost|p2a: Sinistcha|spa|1
|-unboost|p2b: Kommo-o|spa|1
|-enditem|p2a: Sinistcha|Sitrus Berry|[eat]
|-heal|p2a: Sinistcha|66/100|[from] item: Sitrus Berry
|
|upkeep
|turn|7
|
|t:|1755619731
|-terastallize|p1a: Archaludon|Grass
|move|p2a: Sinistcha|Rage Powder|p2a: Sinistcha
|-singleturn|p2a: Sinistcha|move: Rage Powder
|move|p2b: Kommo-o|Aura Sphere|p1a: Archaludon
|-damage|p1a: Archaludon|6/100
|-ability|p1a: Archaludon|Stamina|boost
|-boost|p1a: Archaludon|def|1
|move|p1a: Archaludon|Snarl|p2b: Kommo-o|[spread] p2a
|-miss|p1a: Archaludon|p2b: Kommo-o
|-supereffective|p2a: Sinistcha
|-damage|p2a: Sinistcha|33/100
|-unboost|p2a: Sinistcha|spa|1
|
|-end|p2b: Kommo-o|move: Taunt
|upkeep
|turn|8
|
|t:|1755619741
|move|p2a: Sinistcha|Rage Powder|p2a: Sinistcha
|-singleturn|p2a: Sinistcha|move: Rage Powder
|move|p2b: Kommo-o|Clanging Scales|p1a: Archaludon
|-damage|p1a: Archaludon|0 fnt
|faint|p1a: Archaludon
|
|win|LyricSum
|raw|mackerjuan's rating: 1248 → 1224(-24 for losing)
|raw|LyricSum's rating: 1264 → 1288(+24 for winning)
