|j|☆DJGrooves213
|j|☆PopoVGC
|html|DJGrooves213PopoVGC    
|uhtml|bestof|Game 2 of a best-of-3
|t:|1786074857
|gametype|doubles
|player|p1|DJGrooves213|kieran|1192
|player|p2|PopoVGC|silver|1333
|gen|9
|tier|[Gen 9 Champions] VGC 2026 Reg M-B (Bo3)
|rated|
|rule|Species Clause: Limit one of each Pokémon
|rule|Item Clause: Limit 1 of each item
|clearpoke
|poke|p1|Garchomp, L50, M, shiny|
|poke|p1|Gardevoir, L50, M, shiny|
|poke|p1|Rotom-Heat, L50, shiny|
|poke|p1|Chimecho, L50, M, shiny|
|poke|p1|Milotic, L50, M, shiny|
|poke|p1|Sneasler, L50, M, shiny|
|poke|p2|Gholdengo, L50|
|poke|p2|Tyranitar, L50, F|
|poke|p2|Excadrill, L50, M|
|poke|p2|Pidgeot, L50, F|
|poke|p2|Tsareena, L50, F|
|poke|p2|Rotom-Wash, L50|
|teampreview|4
|showteam|p1|Garchomp||LifeOrb|RoughSkin|DragonClaw,Earthquake,SwordsDance,Protect|Jolly||M|||50|]Gardevoir||ChoiceScarf|Telepathy|IcyWind,Psychic,DazzlingGleam,Trick|Timid||M|||50|]Rotom-Heat||SitrusBerry|Levitate|Overheat,Thunderbolt,Electroweb,Protect|Timid|||||50|]Chimecho||Chimechite|Levitate|Psyshock,FlashCannon,Recover,Protect|Calm||M|||50|]Milotic||Leftovers|Competitive|Coil,MuddyWater,Blizzard,Recover|Calm||M|||50|]Sneasler||FocusSash|Unburden|FakeOut,CloseCombat,DireClaw,Protect|Adamant||M|||50|
|showteam|p2|Gholdengo||LifeOrb|GoodasGold|MakeItRain,ShadowBall,NastyPlot,Protect|Timid|||||50|]Tyranitar||Tyranitarite|SandStream|RockSlide,KnockOff,Protect,LowKick|Jolly||F|||50|]Excadrill||FocusSash|SandRush|IronHead,Earthquake,RockSlide,Protect|Adamant||M|||50|]Pidgeot||Pidgeotite|BigPecks|Hurricane,HeatWave,Protect,Tailwind|Timid||F|||50|]Tsareena||ChoiceScarf|QueenlyMajesty|PowerWhip,TripleAxel,Uturn,LowKick|Jolly||F|||50|]Rotom-Wash||SitrusBerry|Levitate|Thunderbolt,HydroPump,Protect,WillOWisp|Bold|||||50|
|c|☆DJGrooves213|hey whats the mega pidgeot for, its really cool to see it on ur team
|c|☆DJGrooves213|if u don't mind answering after the battle
|
|t:|1786074922
|teamsize|p1|4
|teamsize|p2|4
|start
|switch|p1a: Chimecho|Chimecho, L50, M, shiny|100/100
|switch|p1b: Garchomp|Garchomp, L50, M, shiny|100/100
|switch|p2a: Pidgeot|Pidgeot, L50, F|100/100
|switch|p2b: Tyranitar|Tyranitar, L50, F|100/100
|-weather|Sandstorm|[from] ability: Sand Stream|[of] p2b: Tyranitar
|turn|1
|
|t:|1786074943
|detailschange|p2a: Pidgeot|Pidgeot-Mega, L50, F
|-mega|p2a: Pidgeot|Pidgeot|Pidgeotite
|detailschange|p1a: Chimecho|Chimecho-Mega, L50, M, shiny
|-mega|p1a: Chimecho|Chimecho|Chimechite
|move|p1a: Chimecho|Protect|p1a: Chimecho
|-singleturn|p1a: Chimecho|Protect
|move|p2a: Pidgeot|Tailwind|p2a: Pidgeot
|-sidestart|p2: PopoVGC|move: Tailwind
|move|p2b: Tyranitar|Knock Off|p1b: Garchomp
|-damage|p1b: Garchomp|51/100
|-damage|p2b: Tyranitar|87/100|[from] ability: Rough Skin|[of] p1b: Garchomp
|-enditem|p1b: Garchomp|Life Orb|[from] move: Knock Off|[of] p2b: Tyranitar
|move|p1b: Garchomp|Earthquake|p2b: Tyranitar|[spread] p2b
|-activate|p1a: Chimecho|move: Protect
|-immune|p2a: Pidgeot
|-supereffective|p2b: Tyranitar|1
|-damage|p2b: Tyranitar|22/100
|
|-weather|Sandstorm|[upkeep]
|-damage|p2a: Pidgeot|93/100|[from] Sandstorm
|upkeep
|turn|2
|
|t:|1786074962
|move|p2a: Pidgeot|Hurricane|p1b: Garchomp
|-damage|p1b: Garchomp|0 fnt
|faint|p1b: Garchomp
|move|p2b: Tyranitar|Knock Off|p1a: Chimecho
|-supereffective|p1a: Chimecho|1
|-damage|p1a: Chimecho|35/100
|move|p1a: Chimecho|Flash Cannon|p2b: Tyranitar
|-supereffective|p2b: Tyranitar|1
|-damage|p2b: Tyranitar|0 fnt
|faint|p2b: Tyranitar
|
|-weather|Sandstorm|[upkeep]
|-damage|p2a: Pidgeot|87/100|[from] Sandstorm
|upkeep
|
|t:|1786074971
|switch|p1b: Sneasler|Sneasler, L50, M, shiny|100/100
|switch|p2b: Gholdengo|Gholdengo, L50|100/100
|turn|3
|
|t:|1786074983
|move|p2a: Pidgeot|Protect|p2a: Pidgeot
|-singleturn|p2a: Pidgeot|Protect
|move|p1b: Sneasler|Fake Out|p2a: Pidgeot
|-activate|p2a: Pidgeot|move: Protect
|move|p2b: Gholdengo|Nasty Plot|p2b: Gholdengo
|-boost|p2b: Gholdengo|spa|2
|move|p1a: Chimecho|Recover|p1a: Chimecho
|-heal|p1a: Chimecho|85/100
|
|-weather|Sandstorm|[upkeep]
|-damage|p2a: Pidgeot|81/100|[from] Sandstorm
|-damage|p1b: Sneasler|94/100|[from] Sandstorm
|upkeep
|turn|4
|
|t:|1786074989
|move|p1b: Sneasler|Protect|p1b: Sneasler
|-singleturn|p1b: Sneasler|Protect
|move|p1a: Chimecho|Protect|p1a: Chimecho
|-singleturn|p1a: Chimecho|Protect
|move|p2a: Pidgeot|Hurricane|p1b: Sneasler
|-activate|p1b: Sneasler|move: Protect
|move|p2b: Gholdengo|Shadow Ball|p1a: Chimecho
|-activate|p1a: Chimecho|move: Protect
|
|-weather|Sandstorm|[upkeep]
|-damage|p2a: Pidgeot|75/100|[from] Sandstorm
|-damage|p1b: Sneasler|88/100|[from] Sandstorm
|-sideend|p2: PopoVGC|move: Tailwind
|upkeep
|turn|5
|
|t:|1786074995
|move|p2a: Pidgeot|Hurricane|p1b: Sneasler
|-supereffective|p1b: Sneasler|1
|-crit|p1b: Sneasler
|-damage|p1b: Sneasler|0 fnt
|faint|p1b: Sneasler
|move|p2b: Gholdengo|Shadow Ball|p1a: Chimecho
|-supereffective|p1a: Chimecho|1
|-damage|p1a: Chimecho|0 fnt
|faint|p1a: Chimecho
|-damage|p2b: Gholdengo|90/100|[from] item: Life Orb
|
|-weather|none
|upkeep
|
|t:|1786074998
|switch|p1b: Rotom|Rotom-Heat, L50, shiny|100/100
|turn|6
|
|t:|1786075005
|move|p2a: Pidgeot|Tailwind|p2a: Pidgeot
|-sidestart|p2: PopoVGC|move: Tailwind
|move|p2b: Gholdengo|Shadow Ball|p1b: Rotom
|-damage|p1b: Rotom|0 fnt
|faint|p1b: Rotom
|-damage|p2b: Gholdengo|81/100|[from] item: Life Orb
|
|win|PopoVGC
||DJGrooves213 is ready for game 3.
||PopoVGC is ready for game 3.
|uhtml|next|Next: Game 3 of 3
