|j|☆GrovyleSSJ
|j|☆Il Mule
|html|GrovyleSSJIl Mule    
|uhtml|bestof|Game 2 of a best-of-3
|t:|1782388234
|gametype|doubles
|player|p1|GrovyleSSJ|266|1293
|player|p2|Il Mule|salvatore|1412
|gen|9
|tier|[Gen 9 Champions] VGC 2026 Reg M-B (Bo3)
|rated|
|rule|Species Clause: Limit one of each Pokémon
|rule|Item Clause: Limit 1 of each item
|clearpoke
|poke|p1|Aerodactyl, L50, F|
|poke|p1|Garchomp, L50, M|
|poke|p1|Kingambit, L50, M|
|poke|p1|Charizard, L50, F|
|poke|p1|Sylveon, L50, F|
|poke|p1|Farigiraf, L50, M|
|poke|p2|Corviknight, L50, F|
|poke|p2|Tyranitar, L50, F|
|poke|p2|Sneasler, L50, M|
|poke|p2|Incineroar, L50, F|
|poke|p2|Froslass, L50, F|
|poke|p2|Garchomp, L50, M|
|teampreview|4
|showteam|p1|Aerodactyl||Aerodactylite|Unnerve|IceFang,RockSlide,Tailwind,DualWingbeat|Jolly||F|||50|]Garchomp||LifeOrb|RoughSkin|DragonClaw,StompingTantrum,Earthquake,Protect|Jolly||M|||50|]Kingambit||FocusSash|Defiant|SuckerPunch,KowtowCleave,IronHead,LowKick|Adamant||M|||50|]Charizard||CharizarditeY|Blaze|Protect,WeatherBall,HeatWave,SolarBeam|Modest||F|||50|]Sylveon||FairyFeather|Pixilate|Protect,HyperVoice,HyperBeam,QuickAttack|Modest||F|||50|]Farigiraf||SitrusBerry|ArmorTail|TrickRoom,Thunderbolt,Roar,TwinBeam|Bold||M|||50|
|showteam|p2|Corviknight||OccaBerry|MirrorArmor|BraveBird,Taunt,Tailwind,Roost|Impish||F|||50|]Tyranitar||Tyranitarite|SandStream|KnockOff,RockSlide,DragonDance,Protect|Adamant||F|||50|]Sneasler||WhiteHerb|Unburden|CloseCombat,DireClaw,Coaching,FakeOut|Jolly||M|||50|]Incineroar||SitrusBerry|Intimidate|FlareBlitz,HelpingHand,PartingShot,FakeOut|Impish||F|||50|]Froslass||Froslassite|SnowCloak|Blizzard,ShadowBall,WillOWisp,Protect|Timid||F|||50|]Garchomp||LifeOrb|RoughSkin|Earthquake,RockSlide,EarthPower,Protect|Jolly||M|||50|
|inactive|Battle timer is ON: inactive players will automatically lose when time's up. (requested by GrovyleSSJ)
|j| chef orte
|j| Mafav2
|j| torpedine
|j| goldaniga
|inactive|Il Mule has 60 seconds left.
|
|t:|1782388294
|teamsize|p1|4
|teamsize|p2|4
|start
|switch|p1a: Farigiraf|Farigiraf, L50, M|100/100
|switch|p1b: Sylveon|Sylveon, L50, F|100/100
|switch|p2a: Froslass|Froslass, L50, F|100/100
|switch|p2b: Sneasler|Sneasler, L50, M|100/100
|turn|1
|c| torpedine|Che formato può essere quello in cui questo abominio di team è il più forte
|
|t:|1782388312
|switch|p2b: Incineroar|Incineroar, L50, F|100/100
|-ability|p2b: Incineroar|Intimidate|boost
|-unboost|p1a: Farigiraf|atk|1
|-unboost|p1b: Sylveon|atk|1
|detailschange|p2a: Froslass|Froslass-Mega, L50, F
|-mega|p2a: Froslass|Froslass|Froslassite
|-weather|Snowscape|[from] ability: Snow Warning|[of] p2a: Froslass
|move|p1b: Sylveon|Protect|p1b: Sylveon
|-singleturn|p1b: Sylveon|Protect
|move|p2a: Froslass|Blizzard|p1a: Farigiraf|[spread] p1a
|-activate|p1b: Sylveon|move: Protect
|-damage|p1a: Farigiraf|59/100
|move|p1a: Farigiraf|Trick Room|p1a: Farigiraf
|-fieldstart|move: Trick Room|[of] p1a: Farigiraf
|
|-weather|Snowscape|[upkeep]
|upkeep
|turn|2
|l| torpedine
|inactive|GrovyleSSJ has 30 seconds left.
|j| torpedine
|c| chef orte|perché non abbiamo leaddato corvame
|c|☆Il Mule|abomasnow
|l| goldaniga
|inactive|GrovyleSSJ has 20 seconds left.
|inactive|GrovyleSSJ has 15 seconds left.
|inactive|GrovyleSSJ has 10 seconds left.
|
|t:|1782388361
|move|p2b: Incineroar|Flare Blitz|p1b: Sylveon
|-damage|p1b: Sylveon|50/100g
|-damage|p2b: Incineroar|85/100|[from] Recoil
|move|p1b: Sylveon|Hyper Beam|p2a: Froslass
|-crit|p2a: Froslass
|-damage|p2a: Froslass|0 fnt
|-mustrecharge|p1b: Sylveon
|faint|p2a: Froslass
|move|p1a: Farigiraf|Roar|p1b: Sylveon
|drag|p1b: Garchomp|Garchomp, L50, M|100/100
|
|-weather|Snowscape|[upkeep]
|upkeep
|c| chef orte|bello
|c|☆Il Mule|boia
|l| Mafav2
|c|☆Il Mule|ma sei un genio
|c|☆Il Mule|g3
|j| goldaniga
|
|t:|1782388383
|switch|p2a: Garchomp|Garchomp, L50, M|100/100
|turn|3
|j| rovesciaporci
|
|t:|1782388401
|move|p2a: Garchomp|Protect|p2a: Garchomp
|-singleturn|p2a: Garchomp|Protect
|move|p1b: Garchomp|Protect|p1b: Garchomp
|-singleturn|p1b: Garchomp|Protect
|move|p2b: Incineroar|Parting Shot|p1b: Garchomp
|-activate|p1b: Garchomp|move: Protect
|move|p1a: Farigiraf|Roar|p1b: Garchomp
|drag|p1b: Sylveon|Sylveon, L50, F|50/100g
|
|-weather|Snowscape|[upkeep]
|upkeep
|turn|4
|j| Mafav2
|c| chef orte|roaring moon
|
|t:|1782388424
|move|p1a: Farigiraf|Thunderbolt|p2b: Incineroar
|-damage|p2b: Incineroar|66/100
|move|p2b: Incineroar|Flare Blitz|p1b: Sylveon
|-damage|p1b: Sylveon|0 fnt
|faint|p1b: Sylveon
|-damage|p2b: Incineroar|51/100|[from] Recoil
|move|p2a: Garchomp|Rock Slide|p1a: Farigiraf
|-damage|p1a: Farigiraf|33/100
|-enditem|p1a: Farigiraf|Sitrus Berry|[eat]
|-heal|p1a: Farigiraf|58/100|[from] item: Sitrus Berry
|-damage|p2a: Garchomp|90/100|[from] item: Life Orb
|
|-weather|Snowscape|[upkeep]
|upkeep
|c| rovesciaporci|prossima
|c| chef orte|calmati
|inactive|GrovyleSSJ has 30 seconds left.
|inactive|GrovyleSSJ has 20 seconds left.
|
|t:|1782388459
|switch|p1b: Charizard|Charizard, L50, F|100/100
|turn|5
|inactive|GrovyleSSJ has 30 seconds left.
|l| torpedine
|inactive|GrovyleSSJ has 20 seconds left.
|
|t:|1782388498
|move|p2a: Garchomp|Protect|p2a: Garchomp
|-singleturn|p2a: Garchomp|Protect
|move|p2b: Incineroar|Parting Shot|p1b: Charizard
|-unboost|p1b: Charizard|atk|1
|-unboost|p1b: Charizard|spa|1
|
|t:|1782388505
|switch|p2b: Sneasler|Sneasler, L50, M|100/100|[from] Parting Shot
|move|p1a: Farigiraf|Thunderbolt|p2b: Sneasler
|-damage|p2b: Sneasler|71/100
|move|p1b: Charizard|Weather Ball|p2a: Garchomp
|-activate|p2a: Garchomp|move: Protect
|
|-weather|none
|-fieldend|move: Trick Room
|upkeep
|turn|6
|inactive|GrovyleSSJ has 30 seconds left.
|inactive|Il Mule has 30 seconds left.
|inactive|GrovyleSSJ has 20 seconds left.
|inactive|Il Mule has 20 seconds left.
|inactive|Il Mule has 15 seconds left.
|j| Tridello
|
|t:|1782388549
|move|p1b: Charizard|Protect|p1b: Charizard
|-singleturn|p1b: Charizard|Protect
|move|p2b: Sneasler|Close Combat|p1a: Farigiraf
|-damage|p1a: Farigiraf|15/100
|-unboost|p2b: Sneasler|def|1
|-unboost|p2b: Sneasler|spd|1
|-enditem|p2b: Sneasler|White Herb
|-clearnegativeboost|p2b: Sneasler|[silent]
|move|p2a: Garchomp|Rock Slide|p1a: Farigiraf|[spread] p1a
|-activate|p1b: Charizard|move: Protect
|-damage|p1a: Farigiraf|0 fnt
|faint|p1a: Farigiraf
|-damage|p2a: Garchomp|80/100|[from] item: Life Orb
|
|upkeep
|
|t:|1782388561
|switch|p1a: Garchomp|Garchomp, L50, M|100/100
|turn|7
|
|t:|1782388570
|detailschange|p1b: Charizard|Charizard-Mega-Y, L50, F
|-mega|p1b: Charizard|Charizard|Charizardite Y
|-weather|SunnyDay|[from] ability: Drought|[of] p1b: Charizard
|move|p2b: Sneasler|Coaching|p2a: Garchomp
|-boost|p2a: Garchomp|atk|1
|-boost|p2a: Garchomp|def|1
|move|p2a: Garchomp|Rock Slide|p1a: Garchomp|[spread] p1a,p1b
|-resisted|p1a: Garchomp|1
|-supereffective|p1b: Charizard|2
|-damage|p1a: Garchomp|83/100
|-damage|p1b: Charizard|0 fnt
|faint|p1b: Charizard
|-damage|p2a: Garchomp|70/100|[from] item: Life Orb
|move|p1a: Garchomp|Dragon Claw|p2a: Garchomp
|-supereffective|p2a: Garchomp|1
|-damage|p2a: Garchomp|2/100
|-damage|p1a: Garchomp|70/100|[from] ability: Rough Skin|[of] p2a: Garchomp
|-damage|p1a: Garchomp|61/100|[from] item: Life Orb
|
|-weather|SunnyDay|[upkeep]
|upkeep
|turn|8
|inactive|Il Mule has 30 seconds left.
|
|t:|1782388599
|switch|p2b: Incineroar|Incineroar, L50, F|51/100
|-ability|p2b: Incineroar|Intimidate|boost
|-unboost|p1a: Garchomp|atk|1
|move|p2a: Garchomp|Protect|p2a: Garchomp
|-singleturn|p2a: Garchomp|Protect
|move|p1a: Garchomp|Earthquake|p2b: Incineroar|[spread] p2b
|-activate|p2a: Garchomp|move: Protect
|-supereffective|p2b: Incineroar|1
|-damage|p2b: Incineroar|7/100
|-enditem|p2b: Incineroar|Sitrus Berry|[eat]
|-heal|p2b: Incineroar|32/100|[from] item: Sitrus Berry
|-damage|p1a: Garchomp|51/100|[from] item: Life Orb
|
|-weather|SunnyDay|[upkeep]
|upkeep
|turn|9
|l| Mafav2
|inactive|Il Mule has 30 seconds left.
|j| Mafav2
|inactive|Il Mule has 20 seconds left.
|inactive|Il Mule has 15 seconds left.
|
|t:|1782388643
|switch|p2a: Sneasler|Sneasler, L50, M|71/100
|move|p2b: Incineroar|Fake Out|p1a: Garchomp
|-damage|p1a: Garchomp|42/100
|-damage|p2b: Incineroar|20/100y|[from] ability: Rough Skin|[of] p1a: Garchomp
|cant|p1a: Garchomp|flinch
|
|-weather|SunnyDay|[upkeep]
|upkeep
|turn|10
|
|t:|1782388654
|switch|p2b: Garchomp|Garchomp, L50, M|2/100
|move|p1a: Garchomp|Protect|p1a: Garchomp
|-singleturn|p1a: Garchomp|Protect
|move|p2a: Sneasler|Fake Out|p1a: Garchomp
|-activate|p1a: Garchomp|move: Protect
|
|-weather|SunnyDay|[upkeep]
|upkeep
|turn|11
|j| DragonCloak99
|
|t:|1782388666
|switch|p2a: Incineroar|Incineroar, L50, F|20/100y
|-ability|p2a: Incineroar|Intimidate|boost
|-unboost|p1a: Garchomp|atk|1
|move|p1a: Garchomp|Earthquake|p2a: Incineroar|[spread] p2a,p2b
|-supereffective|p2a: Incineroar|1
|-damage|p2a: Incineroar|0 fnt
|-damage|p2b: Garchomp|0 fnt
|faint|p2a: Incineroar
|faint|p2b: Garchomp
|-damage|p1a: Garchomp|32/100|[from] item: Life Orb
|
|-weather|none
|upkeep
|
|t:|1782388672
|switch|p2b: Sneasler|Sneasler, L50, M|71/100
|turn|12
|
|t:|1782388676
|move|p2b: Sneasler|Fake Out|p1a: Garchomp
|-damage|p1a: Garchomp|21/100
|-damage|p2b: Sneasler|59/100|[from] ability: Rough Skin|[of] p1a: Garchomp
|cant|p1a: Garchomp|flinch
|
|upkeep
|turn|13
|
|t:|1782388685
|move|p2b: Sneasler|Close Combat|p1a: Garchomp
|-damage|p1a: Garchomp|0 fnt
|-unboost|p2b: Sneasler|def|1
|-unboost|p2b: Sneasler|spd|1
|-damage|p2b: Sneasler|46/100|[from] ability: Rough Skin|[of] p1a: Garchomp
|faint|p1a: Garchomp
|
|win|Il Mule
||Il Mule is ready for game 3.
||GrovyleSSJ is ready for game 3.
|uhtml|next|Next: Game 3 of 3
|l| Tridello
|l| goldaniga
|l| DragonCloak99
|j| goldaniga
|j| torpedine
|l| chef orte
|j| kelso shrug
|l| Mafav2
|l|☆Il Mule
|player|p2|
|l| kelso shrug
|l|☆GrovyleSSJ
|player|p1|
|l| rovesciaporci
|l| torpedine
|j| rovesciaporci
|l| goldaniga
