|j|☆bobak dotto
|j|☆cuquabu
|html|bobak dottocuquabu    
|uhtml|bestof|Game 1 of a best-of-3
|t:|1784890820
|gametype|doubles
|player|p1|bobak dotto|265|1131
|player|p2|cuquabu|benga|1030
|gen|9
|tier|[Gen 9 Champions] VGC 2026 Reg M-B (Bo3)
|rated|
|rule|Species Clause: Limit one of each Pokémon
|rule|Item Clause: Limit 1 of each item
|clearpoke
|poke|p1|Froslass, L50, F|
|poke|p1|Talonflame, L50, M|
|poke|p1|Pyroar, L50, M|
|poke|p1|Garchomp, L50, F|
|poke|p1|Annihilape, L50, M|
|poke|p1|Maushold-Four, L50|
|poke|p2|Sneasler, L50, M, shiny|
|poke|p2|Blastoise, L50, M, shiny|
|poke|p2|Kingambit, L50, M, shiny|
|poke|p2|Incineroar, L50, M, shiny|
|poke|p2|Delphox, L50, F, shiny|
|poke|p2|Sinistcha, L50, shiny|
|teampreview|4
|showteam|p1|Froslass||Froslassite|SnowCloak|Blizzard,ShadowBall,AuroraVeil,Protect|Timid||F|||50|]Talonflame||SharpBeak|GaleWings|DualWingbeat,Taunt,Tailwind,QuickGuard|Jolly||M|||50|]Pyroar||Pyroarite|Unnerve|HeatWave,Overheat,Yawn,Protect|Modest||M|||50|]Garchomp||LifeOrb|RoughSkin|Earthquake,DragonClaw,RockSlide,Protect|Jolly||F|||50|]Annihilape||FocusSash|Defiant|CloseCombat,RageFist,Taunt,Protect|Jolly||M|||50|]Maushold-Four||ChopleBerry|FriendGuard|BeatUp,SuperFang,Feint,FollowMe|Jolly|||||50|
|showteam|p2|Sneasler||FocusSash|PoisonTouch|PoisonJab,CloseCombat,FakeOut,QuickGuard|Jolly||M|||50|]Blastoise||Blastoisinite|RainDish|DarkPulse,WaterSpout,ShellSmash,Protect|Modest||M|||50|]Kingambit||BlackGlasses|Defiant|KowtowCleave,SuckerPunch,SwordsDance,Protect|Adamant||M|||50|]Incineroar||SitrusBerry|Intimidate|FlareBlitz,HelpingHand,PartingShot,FakeOut|Careful||M|||50|]Delphox||Delphoxite|Blaze|HeatWave,NastyPlot,Psyshock,Protect|Modest||F|||50|]Sinistcha||KasibBerry|Hospitality|MatchaGotcha,RagePowder,TrickRoom,Protect|Bold|||||50|
|inactive|Battle timer is ON: inactive players will automatically lose when time's up. (requested by cuquabu)
|inactive|cuquabu has 60 seconds left.
|
|t:|1784890853
|teamsize|p1|4
|teamsize|p2|4
|start
|switch|p1a: Talonflame|Talonflame, L50, M|100/100
|switch|p1b: Annihilape|Annihilape, L50, M|100/100
|switch|p2a: Delphox|Delphox, L50, F, shiny|100/100
|switch|p2b: Sinistcha|Sinistcha, L50, shiny|100/100
|turn|1
|inactive|cuquabu has 30 seconds left.
|inactive|cuquabu has 20 seconds left.
|inactive|cuquabu has 15 seconds left.
|
|t:|1784890896
|switch|p2b: Incineroar|Incineroar, L50, M, shiny|100/100
|-ability|p2b: Incineroar|Intimidate|boost
|-unboost|p1a: Talonflame|atk|1
|-unboost|p1b: Annihilape|atk|1
|-ability|p1b: Annihilape|Defiant|boost
|-boost|p1b: Annihilape|atk|2
|detailschange|p2a: Delphox|Delphox-Mega, L50, F, shiny
|-mega|p2a: Delphox|Delphox|Delphoxite
|move|p1a: Talonflame|Tailwind|p1a: Talonflame
|-sidestart|p1: bobak dotto|move: Tailwind
|move|p1b: Annihilape|Taunt|p2b: Incineroar
|-start|p2b: Incineroar|move: Taunt
|move|p2a: Delphox|Nasty Plot|p2a: Delphox
|-boost|p2a: Delphox|spa|2
|
|upkeep
|turn|2
|
|t:|1784890917
|move|p2b: Incineroar|Fake Out|p1a: Talonflame
|-damage|p1a: Talonflame|84/100
|cant|p1a: Talonflame|flinch
|move|p1b: Annihilape|Close Combat|p2b: Incineroar
|-supereffective|p2b: Incineroar|1
|-damage|p2b: Incineroar|0 fnt
|-unboost|p1b: Annihilape|def|1
|-unboost|p1b: Annihilape|spd|1
|faint|p2b: Incineroar
|move|p2a: Delphox|Psyshock|p1b: Annihilape
|-supereffective|p1b: Annihilape|1
|-enditem|p1b: Annihilape|Focus Sash
|-damage|p1b: Annihilape|1/100
|
|upkeep
|
|t:|1784890930
|switch|p2b: Sneasler|Sneasler, L50, M, shiny|100/100
|turn|3
|inactive|cuquabu has 30 seconds left.
|inactive|cuquabu has 20 seconds left.
|inactive|cuquabu has 15 seconds left.
|inactive|cuquabu has 10 seconds left.
|
|t:|1784890979
|switch|p2a: Sinistcha|Sinistcha, L50, shiny|100/100
|move|p2b: Sneasler|Fake Out|p1a: Talonflame
|-damage|p1a: Talonflame|62/100
|cant|p1a: Talonflame|flinch
|move|p1b: Annihilape|Rage Fist|p2a: Sinistcha
|-supereffective|p2a: Sinistcha|1
|-enditem|p2a: Sinistcha|Kasib Berry|[eat]
|-enditem|p2a: Sinistcha|Kasib Berry|[weaken]
|-damage|p2a: Sinistcha|34/100
|
|upkeep
|turn|4
|inactive|cuquabu has 30 seconds left.
|
|t:|1784891005
|move|p1b: Annihilape|Protect|p1b: Annihilape
|-singleturn|p1b: Annihilape|Protect
|move|p2a: Sinistcha|Rage Powder|p2a: Sinistcha
|-singleturn|p2a: Sinistcha|move: Rage Powder
|move|p1a: Talonflame|Taunt|p2a: Sinistcha
|-start|p2a: Sinistcha|move: Taunt
|move|p2b: Sneasler|Poison Jab|p1b: Annihilape
|-activate|p1b: Annihilape|move: Protect
|
|-sideend|p1: bobak dotto|move: Tailwind
|upkeep
|turn|5
|
|t:|1784891025
|move|p1a: Talonflame|Dual Wingbeat|p2b: Sneasler
|-supereffective|p2b: Sneasler|1
|-damage|p2b: Sneasler|54/100
|-supereffective|p2b: Sneasler|1
|-damage|p2b: Sneasler|12/100
|-hitcount|p2b: Sneasler|2
|move|p2b: Sneasler|Poison Jab|p1b: Annihilape
|-resisted|p1b: Annihilape|1
|-damage|p1b: Annihilape|0 fnt
|faint|p1b: Annihilape
|move|p2a: Sinistcha|Matcha Gotcha|p1a: Talonflame
|-resisted|p1a: Talonflame|2
|-damage|p1a: Talonflame|49/100
|-heal|p2a: Sinistcha|39/100|[from] drain|[of] p1a: Talonflame
|
|upkeep
|
|t:|1784891040
|switch|p1b: Pyroar|Pyroar, L50, M|100/100
|-ability|p1b: Pyroar|Unnerve
|turn|6
|
|t:|1784891055
|switch|p2a: Delphox|Delphox-Mega, L50, F, shiny|100/100
|detailschange|p1b: Pyroar|Pyroar-Mega, L50, M
|-mega|p1b: Pyroar|Pyroar|Pyroarite
|move|p1a: Talonflame|Tailwind|p1a: Talonflame
|-sidestart|p1: bobak dotto|move: Tailwind
|move|p1b: Pyroar|Heat Wave|p2a: Delphox|[spread] p2a,p2b
|-resisted|p2a: Delphox|1
|-damage|p2a: Delphox|75/100
|-damage|p2b: Sneasler|0 fnt
|faint|p2b: Sneasler
|
|upkeep
|
|t:|1784891062
|switch|p2b: Sinistcha|Sinistcha, L50, shiny|39/100
|-heal|p2a: Delphox|100/100|[from] ability: Hospitality|[of] p2b: Sinistcha
|turn|7
|
|t:|1784891071
|move|p2b: Sinistcha|Protect|p2b: Sinistcha
|-singleturn|p2b: Sinistcha|Protect
|move|p1a: Talonflame|Dual Wingbeat|p2b: Sinistcha
|-activate|p2b: Sinistcha|move: Protect
|move|p1b: Pyroar|Yawn|p2a: Delphox
|-start|p2a: Delphox|move: Yawn|[of] p1b: Pyroar
|move|p2a: Delphox|Psyshock|p1b: Pyroar
|-damage|p1b: Pyroar|48/100
|
|upkeep
|turn|8
|inactive|cuquabu has 30 seconds left.
|
|t:|1784891098
|move|p2b: Sinistcha|Rage Powder|p2b: Sinistcha
|-singleturn|p2b: Sinistcha|move: Rage Powder
|move|p1a: Talonflame|Dual Wingbeat|p2b: Sinistcha
|-supereffective|p2b: Sinistcha|1
|-damage|p2b: Sinistcha|18/100
|-supereffective|p2b: Sinistcha|1
|-damage|p2b: Sinistcha|0 fnt
|faint|p2b: Sinistcha
|-hitcount|p2: Sinistcha|2
|move|p1b: Pyroar|Heat Wave|p2a: Delphox
|-resisted|p2a: Delphox|1
|-damage|p2a: Delphox|64/100
|move|p2a: Delphox|Psyshock|p1a: Talonflame
|-damage|p1a: Talonflame|0 fnt
|faint|p1a: Talonflame
|
|-end|p2a: Delphox|move: Yawn|[silent]
|-status|p2a: Delphox|slp
|upkeep
|
|t:|1784891108
|switch|p1a: Garchomp|Garchomp, L50, F|100/100
|turn|9
|
|t:|1784891114
|cant|p2a: Delphox|slp
|move|p1b: Pyroar|Overheat|p2a: Delphox
|-resisted|p2a: Delphox|1
|-damage|p2a: Delphox|17/100 slp
|-unboost|p1b: Pyroar|spa|2
|move|p1a: Garchomp|Rock Slide|p2a: Delphox|[miss]
|-miss|p1a: Garchomp|p2a: Delphox
|
|-sideend|p1: bobak dotto|move: Tailwind
|upkeep
|turn|10
|
|t:|1784891123
|cant|p2a: Delphox|slp
|move|p1b: Pyroar|Heat Wave|p2a: Delphox|[miss]
|-miss|p1b: Pyroar|p2a: Delphox
|move|p1a: Garchomp|Rock Slide|p2a: Delphox
|-supereffective|p2a: Delphox|1
|-damage|p2a: Delphox|0 fnt
|faint|p2a: Delphox
|-damage|p1a: Garchomp|90/100|[from] item: Life Orb
|
|win|bobak dotto
||cuquabu is ready for game 2.
||bobak dotto is ready for game 2.
|uhtml|next|Next: Game 2 of 3
