|j|☆Estalonso
|j|☆NoitUK_VGC
|html|EstalonsoNoitUK_VGC    
|uhtml|bestof|Game 1 of a best-of-3
|t:|1784837546
|gametype|doubles
|player|p1|Estalonso|170|1089
|player|p2|NoitUK_VGC|102|1151
|gen|9
|tier|[Gen 9 Champions] VGC 2026 Reg M-B (Bo3)
|rated|
|rule|Species Clause: Limit one of each Pokémon
|rule|Item Clause: Limit 1 of each item
|clearpoke
|poke|p1|Tyranitar, L50, M|
|poke|p1|Excadrill, L50, M|
|poke|p1|Milotic, L50, M|
|poke|p1|Sinistcha, L50|
|poke|p1|Staraptor, L50, M|
|poke|p1|Gholdengo, L50|
|poke|p2|Gengar, L50, M|
|poke|p2|Ninetales-Alola, L50, M|
|poke|p2|Incineroar, L50, M|
|poke|p2|Kingambit, L50, F|
|poke|p2|Staraptor, L50, M|
|poke|p2|Garchomp, L50, F|
|teampreview|4
|showteam|p1|Tyranitar||Tyranitarite|SandStream|KnockOff,RockSlide,HighHorsepower,Protect|Jolly||M|||50|]Excadrill||FocusSash|SandRush|Earthquake,IronHead,RockSlide,Protect|Adamant||M|||50|]Milotic||SitrusBerry|Competitive|Scald,IcyWind,Haze,Protect|Calm||M|||50|]Sinistcha||ColburBerry|Hospitality|MatchaGotcha,ShadowBall,Protect,RagePowder|Bold|||||50|]Staraptor||Staraptite|Intimidate|CloseCombat,BraveBird,Tailwind,Protect|Jolly||M|||50|]Gholdengo||LifeOrb|GoodasGold|MakeItRain,ShadowBall,NastyPlot,Protect|Modest|||||50|
|showteam|p2|Gengar||Gengarite|CursedBody|ShadowBall,SludgeBomb,Protect,PerishSong|Timid||M|||50|]Ninetales-Alola||NeverMeltIce|SnowWarning|Blizzard,Encore,Protect,Disable|Timid||M|||50|]Incineroar||SitrusBerry|Intimidate|FlareBlitz,PartingShot,Protect,FakeOut|Relaxed||M|||50|]Kingambit||BlackGlasses|Defiant|KowtowCleave,SuckerPunch,Protect,LowKick|Adamant||F|||50|]Staraptor||ChoiceScarf|Intimidate|FinalGambit,CloseCombat,BraveBird,Uturn|Jolly||M|||50|]Garchomp||LifeOrb|RoughSkin|Protect,RockSlide,StompingTantrum,DragonClaw|Adamant||F|||50|
|inactive|Battle timer is ON: inactive players will automatically lose when time's up. (requested by NoitUK_VGC)
|inactive|Estalonso has 60 seconds left.
|inactive|NoitUK_VGC has 60 seconds left.
|
|t:|1784837599
|teamsize|p1|4
|teamsize|p2|4
|start
|switch|p1a: Milotic|Milotic, L50, M|100/100
|switch|p1b: Gholdengo|Gholdengo, L50|100/100
|switch|p2a: Gengar|Gengar, L50, M|100/100
|switch|p2b: Kingambit|Kingambit, L50, F|100/100
|turn|1
|inactive|Estalonso has 30 seconds left.
|inactive|NoitUK_VGC has 30 seconds left.
|inactive|Estalonso has 20 seconds left.
|inactive|NoitUK_VGC has 20 seconds left.
|inactive|Estalonso has 15 seconds left.
|inactive|NoitUK_VGC has 15 seconds left.
|inactive|Estalonso has 10 seconds left.
|inactive|NoitUK_VGC has 10 seconds left.
|
|t:|1784837648
|detailschange|p2a: Gengar|Gengar-Mega, L50, M
|-mega|p2a: Gengar|Gengar|Gengarite
|move|p2a: Gengar|Protect|p2a: Gengar
|-singleturn|p2a: Gengar|Protect
|move|p1b: Gholdengo|Protect|p1b: Gholdengo
|-singleturn|p1b: Gholdengo|Protect
|move|p1a: Milotic|Scald|p2b: Kingambit
|-damage|p2b: Kingambit|71/100
|move|p2b: Kingambit|Kowtow Cleave|p1b: Gholdengo
|-activate|p1b: Gholdengo|move: Protect
|
|upkeep
|turn|2
|
|t:|1784837664
|move|p2a: Gengar|Shadow Ball|p1b: Gholdengo
|-supereffective|p1b: Gholdengo|1
|-damage|p1b: Gholdengo|17/100
|-unboost|p1b: Gholdengo|spd|1
|move|p1a: Milotic|Scald|p2b: Kingambit
|-damage|p2b: Kingambit|41/100
|move|p1b: Gholdengo|Shadow Ball|p2a: Gengar
|-supereffective|p2a: Gengar|1
|-crit|p2a: Gengar
|-damage|p2a: Gengar|0 fnt
|faint|p2a: Gengar
|-damage|p1b: Gholdengo|7/100|[from] item: Life Orb
|move|p2b: Kingambit|Kowtow Cleave|p1b: Gholdengo
|-supereffective|p1b: Gholdengo|1
|-damage|p1b: Gholdengo|0 fnt
|faint|p1b: Gholdengo
|
|upkeep
|
|t:|1784837683
|switch|p2a: Ninetales|Ninetales-Alola, L50, M|100/100
|switch|p1b: Tyranitar|Tyranitar, L50, M|100/100
|-weather|Snowscape|[from] ability: Snow Warning|[of] p2a: Ninetales
|-weather|Sandstorm|[from] ability: Sand Stream|[of] p1b: Tyranitar
|turn|3
|
|t:|1784837703
|detailschange|p1b: Tyranitar|Tyranitar-Mega, L50, M
|-mega|p1b: Tyranitar|Tyranitar|Tyranitarite
|move|p2a: Ninetales|Disable|p1a: Milotic
|-start|p1a: Milotic|Disable|Scald
|move|p1b: Tyranitar|High Horsepower|p2b: Kingambit
|-supereffective|p2b: Kingambit|1
|-damage|p2b: Kingambit|0 fnt
|faint|p2b: Kingambit
|cant|p1a: Milotic|Disable|Scald
|
|-weather|Sandstorm|[upkeep]
|-damage|p2a: Ninetales|93/100|[from] Sandstorm
|-damage|p1a: Milotic|94/100|[from] Sandstorm
|upkeep
|
|t:|1784837713
|switch|p2b: Garchomp|Garchomp, L50, F|100/100
|turn|4
|
|t:|1784837728
|move|p2b: Garchomp|Protect|p2b: Garchomp
|-singleturn|p2b: Garchomp|Protect
|move|p1b: Tyranitar|Protect|p1b: Tyranitar
|-singleturn|p1b: Tyranitar|Protect
|move|p2a: Ninetales|Encore|p1b: Tyranitar
|-activate|p1b: Tyranitar|move: Protect
|move|p1a: Milotic|Icy Wind|p2a: Ninetales|[spread] p2a
|-activate|p2b: Garchomp|move: Protect
|-resisted|p2a: Ninetales|1
|-damage|p2a: Ninetales|88/100
|-unboost|p2a: Ninetales|spe|1
|
|-weather|Sandstorm|[upkeep]
|-damage|p1a: Milotic|88/100|[from] Sandstorm
|-damage|p2a: Ninetales|82/100|[from] Sandstorm
|upkeep
|turn|5
|inactive|Estalonso has 30 seconds left.
|
|t:|1784837753
|switch|p1b: Sinistcha|Sinistcha, L50|100/100
|-heal|p1a: Milotic|100/100|[from] ability: Hospitality|[of] p1b: Sinistcha
|move|p2b: Garchomp|Rock Slide|p1b: Sinistcha|[spread] p1a,p1b
|-damage|p1a: Milotic|74/100
|-damage|p1b: Sinistcha|81/100
|-damage|p2b: Garchomp|90/100|[from] item: Life Orb
|move|p1a: Milotic|Icy Wind|p2b: Garchomp|[spread] p2a,p2b
|-resisted|p2a: Ninetales|1
|-supereffective|p2b: Garchomp|2
|-crit|p2b: Garchomp
|-damage|p2a: Ninetales|77/100
|-damage|p2b: Garchomp|30/100
|-unboost|p2a: Ninetales|spe|1
|-unboost|p2b: Garchomp|spe|1
|move|p2a: Ninetales|Encore||[still]
|-fail|p2a: Ninetales
|
|-weather|Sandstorm|[upkeep]
|-damage|p1a: Milotic|68/100|[from] Sandstorm
|-damage|p1b: Sinistcha|76/100|[from] Sandstorm
|-damage|p2a: Ninetales|71/100|[from] Sandstorm
|upkeep
|turn|6
|-message|NoitUK_VGC forfeited.
|
|win|Estalonso
