|j|☆recantodanumi
|j|☆JNEST
|html|recantodanumiJNEST    
|uhtml|bestof|Game 2 of a best-of-3
|t:|1756336798
|gametype|doubles
|player|p1|recantodanumi|roxie|1117
|player|p2|JNEST|veteran-gen4|1180
|gen|9
|tier|[Gen 9] VGC 2025 Reg H (Bo3)
|rated|
|rule|Species Clause: Limit one of each Pokémon
|rule|Item Clause: Limit 1 of each item
|clearpoke
|poke|p1|Sneasler, L50, M|
|poke|p1|Ursaluna-Bloodmoon, L50, M|
|poke|p1|Garchomp, L50, M|
|poke|p1|Rillaboom, L50, M|
|poke|p1|Gholdengo, L50|
|poke|p1|Porygon2, L50|
|poke|p2|Sneasler, L50, F|
|poke|p2|Indeedee, L50, M|
|poke|p2|Volcarona, L50, M|
|poke|p2|Ursaluna-Bloodmoon, L50, M|
|poke|p2|Annihilape, L50, M|
|poke|p2|Tyranitar, L50, M|
|teampreview|4
|showteam|p1|Sneasler||FocusSash|Unburden|CloseCombat,DireClaw,FakeOut,Protect|||M|||50|,,,,,Grass]Ursaluna-Bloodmoon||LifeOrb|MindsEye|HyperVoice,EarthPower,BloodMoon,Protect|||M|||50|,,,,,Ghost]Garchomp||ChoiceScarf|RoughSkin|StompingTantrum,DragonClaw,RockSlide,Outrage|||M|||50|,,,,,Fairy]Rillaboom||AssaultVest|GrassySurge|WoodHammer,GrassyGlide,FakeOut,HighHorsepower|||M|||50|,,,,,Fire]Gholdengo||SitrusBerry|GoodasGold|MakeItRain,ShadowBall,NastyPlot,Protect||||||50|,,,,,Water]Porygon2||Eviolite|Download|TeraBlast,IceBeam,Recover,TrickRoom||||||50|,,,,,Ground
|showteam|p2|Sneasler||PsychicSeed|Unburden|CloseCombat,DireClaw,ThroatChop,Protect|||F|||50|,,,,,Dark]Indeedee||ChoiceScarf|PsychicSurge|ExpandingForce,TeraBlast,Trick,Protect|||M|||50|,,,,,Psychic]Volcarona||SitrusBerry|FlameBody|Overheat,StruggleBug,RagePowder,Tailwind|||M|||50|,,,,,Grass]Ursaluna-Bloodmoon||LifeOrb|MindsEye|BloodMoon,HyperVoice,EarthPower,Protect|||M|||50|,,,,,Normal]Annihilape||SafetyGoggles|Defiant|CloseCombat,RageFist,Taunt,FinalGambit|||M|||50|,,,,,Fairy]Tyranitar||AssaultVest|SandStream|RockSlide,KnockOff,TeraBlast,LowKick|||M|||50|,,,,,Flying
|inactive|Battle timer is ON: inactive players will automatically lose when time's up. (requested by JNEST)
|
|t:|1756336816
|teamsize|p1|4
|teamsize|p2|4
|start
|switch|p1a: Jesonel|Porygon2, L50|100/100
|switch|p1b: Matryoshka|Rillaboom, L50, M, shiny|100/100
|switch|p2a: Tyranitar|Tyranitar, L50, M|100/100
|switch|p2b: Annihilape|Annihilape, L50, M|100/100
|-fieldstart|move: Grassy Terrain|[from] ability: Grassy Surge|[of] p1b: Matryoshka
|-weather|Sandstorm|[from] ability: Sand Stream|[of] p2a: Tyranitar
|-ability|p1a: Jesonel|Download|boost
|-boost|p1a: Jesonel|spa|1
|turn|1
|
|t:|1756336827
|switch|p1a: G. Medina|Gholdengo, L50, shiny|100/100
|-terastallize|p2a: Tyranitar|Flying
|move|p1b: Matryoshka|Fake Out|p2a: Tyranitar
|-damage|p2a: Tyranitar|87/100
|move|p2b: Annihilape|Close Combat|p1a: G. Medina
|-immune|p1a: G. Medina
|cant|p2a: Tyranitar|flinch
|
|-weather|Sandstorm|[upkeep]
|-damage|p1b: Matryoshka|94/100|[from] Sandstorm
|-damage|p2a: Tyranitar|82/100|[from] Sandstorm
|-heal|p1b: Matryoshka|100/100|[from] Grassy Terrain
|upkeep
|turn|2
|inactive|recantodanumi has 30 seconds left.
|
|t:|1756336854
|move|p1a: G. Medina|Protect|p1a: G. Medina
|-singleturn|p1a: G. Medina|Protect
|move|p2b: Annihilape|Final Gambit|p1a: G. Medina
|-activate|p1a: G. Medina|move: Protect
|move|p1b: Matryoshka|Wood Hammer|p2b: Annihilape
|-damage|p2b: Annihilape|6/100
|-damage|p1b: Matryoshka|67/100|[from] Recoil
|move|p2a: Tyranitar|Knock Off|p1a: G. Medina
|-activate|p1a: G. Medina|move: Protect
|
|-weather|Sandstorm|[upkeep]
|-damage|p1b: Matryoshka|61/100|[from] Sandstorm
|-damage|p2a: Tyranitar|76/100|[from] Sandstorm
|-heal|p2b: Annihilape|12/100|[from] Grassy Terrain
|-heal|p1b: Matryoshka|67/100|[from] Grassy Terrain
|upkeep
|turn|3
|inactive|recantodanumi has 30 seconds left.
|
|t:|1756336886
|switch|p2b: Volcarona|Volcarona, L50, M|100/100
|-terastallize|p1a: G. Medina|Water
|move|p1b: Matryoshka|Grassy Glide|p2b: Volcarona
|-resisted|p2b: Volcarona
|-damage|p2b: Volcarona|88/100
|move|p1a: G. Medina|Nasty Plot|p1a: G. Medina
|-boost|p1a: G. Medina|spa|2
|move|p2a: Tyranitar|Knock Off|p1a: G. Medina
|-damage|p1a: G. Medina|44/100
|-enditem|p1a: G. Medina|Sitrus Berry|[from] move: Knock Off|[of] p2a: Tyranitar
|
|-weather|Sandstorm|[upkeep]
|-damage|p2b: Volcarona|82/100|[from] Sandstorm
|-damage|p1a: G. Medina|38/100|[from] Sandstorm
|-damage|p1b: Matryoshka|61/100|[from] Sandstorm
|-damage|p2a: Tyranitar|70/100|[from] Sandstorm
|-heal|p2b: Volcarona|88/100|[from] Grassy Terrain
|-heal|p1a: G. Medina|44/100|[from] Grassy Terrain
|-heal|p1b: Matryoshka|67/100|[from] Grassy Terrain
|upkeep
|turn|4
|
|t:|1756336907
|switch|p1b: Jesonel|Porygon2, L50|100/100
|-ability|p1b: Jesonel|Download|boost
|-boost|p1b: Jesonel|atk|1
|move|p2b: Volcarona|Tailwind|p2b: Volcarona
|-sidestart|p2: JNEST|move: Tailwind
|move|p2a: Tyranitar|Tera Blast|p1b: Jesonel|[anim] Tera Blast Flying
|-damage|p1b: Jesonel|75/100
|move|p1a: G. Medina|Make It Rain|p2b: Volcarona|[spread] p2a,p2b
|-resisted|p2b: Volcarona
|-damage|p2a: Tyranitar|15/100
|-damage|p2b: Volcarona|47/100
|-unboost|p1a: G. Medina|spa|1
|-enditem|p2b: Volcarona|Sitrus Berry|[eat]
|-heal|p2b: Volcarona|72/100|[from] item: Sitrus Berry
|
|-weather|Sandstorm|[upkeep]
|-damage|p2b: Volcarona|66/100|[from] Sandstorm
|-damage|p2a: Tyranitar|9/100|[from] Sandstorm
|-damage|p1a: G. Medina|38/100|[from] Sandstorm
|-damage|p1b: Jesonel|69/100|[from] Sandstorm
|-heal|p2b: Volcarona|72/100|[from] Grassy Terrain
|-heal|p1a: G. Medina|44/100|[from] Grassy Terrain
|-heal|p1b: Jesonel|75/100|[from] Grassy Terrain
|upkeep
|turn|5
|
|t:|1756336931
|move|p1a: G. Medina|Protect|p1a: G. Medina
|-singleturn|p1a: G. Medina|Protect
|move|p2b: Volcarona|Struggle Bug|p1a: G. Medina|[spread] p1b
|-activate|p1a: G. Medina|move: Protect
|-damage|p1b: Jesonel|65/100
|-unboost|p1b: Jesonel|spa|1
|move|p2a: Tyranitar|Knock Off|p1b: Jesonel
|-damage|p1b: Jesonel|32/100
|-enditem|p1b: Jesonel|Eviolite|[from] move: Knock Off|[of] p2a: Tyranitar
|move|p1b: Jesonel|Recover|p1b: Jesonel
|-heal|p1b: Jesonel|82/100
|
|-weather|none
|-heal|p2b: Volcarona|78/100|[from] Grassy Terrain
|-heal|p1a: G. Medina|50/100|[from] Grassy Terrain
|-heal|p1b: Jesonel|88/100|[from] Grassy Terrain
|-fieldend|move: Grassy Terrain
|upkeep
|turn|6
|
|t:|1756336949
|move|p2b: Volcarona|Struggle Bug|p1b: Jesonel|[spread] p1a,p1b
|-damage|p1a: G. Medina|33/100
|-damage|p1b: Jesonel|71/100
|-unboost|p1a: G. Medina|spa|1
|-unboost|p1b: Jesonel|spa|1
|move|p2a: Tyranitar|Tera Blast|p1a: G. Medina|[anim] Tera Blast Flying
|-damage|p1a: G. Medina|0 fnt
|faint|p1a: G. Medina
|move|p1b: Jesonel|Trick Room|p1b: Jesonel
|-fieldstart|move: Trick Room|[of] p1b: Jesonel
|
|upkeep
|
|t:|1756336957
|switch|p1a: Freddy5Bear|Ursaluna-Bloodmoon, L50, M|100/100
|turn|7
|
|t:|1756336965
|move|p1a: Freddy5Bear|Hyper Voice|p2b: Volcarona|[spread] p2a,p2b
|-damage|p2a: Tyranitar|0 fnt
|-damage|p2b: Volcarona|30/100
|faint|p2a: Tyranitar
|-damage|p1a: Freddy5Bear|91/100|[from] item: Life Orb
|move|p1b: Jesonel|Tera Blast|p2b: Volcarona
|-damage|p2b: Volcarona|15/100
|move|p2b: Volcarona|Struggle Bug|p1a: Freddy5Bear|[spread] p1a,p1b
|-damage|p1a: Freddy5Bear|73/100
|-damage|p1b: Jesonel|54/100
|-unboost|p1a: Freddy5Bear|spa|1
|-unboost|p1b: Jesonel|spa|1
|
|-sideend|p2: JNEST|move: Tailwind
|upkeep
|
|t:|1756336977
|switch|p2a: Annihilape|Annihilape, L50, M|12/100
|turn|8
|
|t:|1756336982
|switch|p1b: Matryoshka|Rillaboom, L50, M, shiny|67/100
|-fieldstart|move: Grassy Terrain|[from] ability: Grassy Surge|[of] p1b: Matryoshka
|move|p1a: Freddy5Bear|Hyper Voice|p2a: Annihilape|[spread] p2a,p2b
|-damage|p2a: Annihilape|0 fnt
|-damage|p2b: Volcarona|0 fnt
|faint|p2a: Annihilape
|faint|p2b: Volcarona
|-damage|p1a: Freddy5Bear|64/100|[from] item: Life Orb
|
|-heal|p1a: Freddy5Bear|70/100|[from] Grassy Terrain
|-heal|p1b: Matryoshka|73/100|[from] Grassy Terrain
|upkeep
|
|t:|1756336989
|switch|p2b: Indeedee|Indeedee, L50, M, shiny|100/100
|-fieldstart|move: Psychic Terrain|[from] ability: Psychic Surge|[of] p2b: Indeedee
|turn|9
|
|t:|1756336995
|switch|p1b: Jesonel|Porygon2, L50|54/100
|-ability|p1b: Jesonel|Download|boost
|-boost|p1b: Jesonel|atk|1
|move|p1a: Freddy5Bear|Blood Moon|p2b: Indeedee
|-damage|p2b: Indeedee|9/100
|-damage|p1a: Freddy5Bear|60/100|[from] item: Life Orb
|move|p2b: Indeedee|Expanding Force|p1b: Jesonel|[spread] p1a,p1b
|-damage|p1a: Freddy5Bear|0 fnt
|-damage|p1b: Jesonel|0 fnt
|faint|p1a: Freddy5Bear
|faint|p1b: Jesonel
|
|upkeep
|
|t:|1756337008
|switch|p1b: Matryoshka|Rillaboom, L50, M, shiny|73/100
|-fieldstart|move: Grassy Terrain|[from] ability: Grassy Surge|[of] p1b: Matryoshka
|turn|10
|-message|JNEST forfeited.
|
|win|recantodanumi
||recantodanumi is ready for game 3.
