|j|☆Pikapoololol
|j|☆Basura2U
|html|PikapoolololBasura2U    
|uhtml|bestof|Game 2 of a best-of-3
|t:|1757774036
|gametype|doubles
|player|p1|Pikapoololol|ninjaboy|1134
|player|p2|Basura2U|lucas|1111
|gen|9
|tier|[Gen 9] VGC 2025 Reg H (Bo3)
|rated|
|rule|Species Clause: Limit one of each Pokémon
|rule|Item Clause: Limit 1 of each item
|clearpoke
|poke|p1|Pelipper, L50, F|
|poke|p1|Archaludon, L50, F|
|poke|p1|Incineroar, L50, M|
|poke|p1|Kingdra, L50, M|
|poke|p1|Amoonguss, L50, F|
|poke|p1|Rillaboom, L50, F|
|poke|p2|Talonflame, L50, F|
|poke|p2|Glimmora, L50, F|
|poke|p2|Gallade, L50, M|
|poke|p2|Dragapult, L50, M|
|poke|p2|Electabuzz, L50, F|
|poke|p2|Brambleghast, L50, M|
|teampreview|4
|showteam|p1|Pelipper||FocusSash|Drizzle|Hurricane,WeatherBall,Tailwind,Protect|||F|||50|,,,,,Ground]Archaludon||AssaultVest|Stamina|ElectroShot,DragonPulse,FlashCannon,BodyPress|||F|||50|,,,,,Bug]Incineroar||SafetyGoggles|Intimidate|FlareBlitz,KnockOff,PartingShot,FakeOut|||M|||50|,,,,,Ghost]Kingdra||LifeOrb|SwiftSwim|DracoMeteor,WeatherBall,Protect,MuddyWater|||M|||50|,,,,,Stellar]Amoonguss||SitrusBerry|Regenerator|PollenPuff,Protect,RagePowder,Spore|||F|||50|,,,,,Psychic]Rillaboom||LoadedDice|GrassySurge|BulletSeed,GrassyGlide,HighHorsepower,FakeOut|||F|||50|,,,,,Fire
|showteam|p2|Talonflame|||GaleWings|Acrobatics,FlareBlitz,Tailwind,Protect|||F|||50|,,,,,Ghost]Glimmora||PowerHerb|ToxicDebris|SpikyShield,EarthPower,MeteorBeam,SludgeBomb|||F|||50|,,,,,Flying]Gallade||ClearAmulet|Sharpness|Protect,SacredSword,PsychoCut,NightSlash|||M|||50|,,,,,Stellar]Dragapult||ChoiceScarf|ClearBody|DragonDarts,PhantomForce,PsychicFangs,Uturn|||M|||50|,,,,,Dragon]Electabuzz||Eviolite|VitalSpirit|FollowMe,Electroweb,Taunt,HelpingHand|||F|||50|,,,,,Fairy]Brambleghast||FocusSash|WindRider|Poltergeist,PowerWhip,ShadowSneak,StrengthSap|||M|||50|,,,,,Ghost
|inactive|Battle timer is ON: inactive players will automatically lose when time's up. (requested by Basura2U)
|
|t:|1757774071
|teamsize|p1|4
|teamsize|p2|4
|start
|switch|p1a: Incineroar|Incineroar, L50, M|100/100
|switch|p1b: Pelipper|Pelipper, L50, F|100/100
|switch|p2a: Dragapult|Dragapult, L50, M|100/100
|switch|p2b: Talonflame|Talonflame, L50, F|100/100
|-weather|RainDance|[from] ability: Drizzle|[of] p1b: Pelipper
|-ability|p1a: Incineroar|Intimidate|boost
|-fail|p2a: Dragapult|unboost|[from] ability: Clear Body|[of] p2a: Dragapult
|-unboost|p2b: Talonflame|atk|1
|turn|1
|inactive|Basura2U has 30 seconds left.
|
|t:|1757774101
|-terastallize|p2b: Talonflame|Ghost
|move|p1a: Incineroar|Fake Out|p2b: Talonflame
|-immune|p2b: Talonflame
|move|p2b: Talonflame|Acrobatics|p1b: Pelipper
|-damage|p1b: Pelipper|56/100
|move|p2a: Dragapult|U-turn|p1a: Incineroar
|-damage|p1a: Incineroar|79/100
|
|t:|1757774117
|switch|p2a: Brambleghast|Brambleghast, L50, M|100/100|[from] U-turn
|move|p1b: Pelipper|Tailwind|p1b: Pelipper
|-sidestart|p1: Pikapoololol|move: Tailwind
|
|-weather|RainDance|[upkeep]
|upkeep
|turn|2
|
|t:|1757774128
|switch|p1b: Archaludon|Archaludon, L50, F|100/100
|move|p2b: Talonflame|Tailwind|p2b: Talonflame
|-sidestart|p2: Basura2U|move: Tailwind
|-ability|p2a: Brambleghast|Wind Rider|boost
|-boost|p2a: Brambleghast|atk|1
|move|p2a: Brambleghast|Poltergeist|p1b: Archaludon
|-activate|p1b: Archaludon|move: Poltergeist|Assault Vest
|-damage|p1b: Archaludon|45/100
|-ability|p1b: Archaludon|Stamina|boost
|-boost|p1b: Archaludon|def|1
|move|p1a: Incineroar|Knock Off|p2a: Brambleghast
|-supereffective|p2a: Brambleghast
|-enditem|p2a: Brambleghast|Focus Sash
|-damage|p2a: Brambleghast|1/100
|
|-weather|RainDance|[upkeep]
|upkeep
|turn|3
|inactive|Basura2U has 30 seconds left.
|
|t:|1757774158
|move|p2b: Talonflame|Flare Blitz|p1b: Archaludon
|-damage|p1b: Archaludon|37/100
|-ability|p1b: Archaludon|Stamina|boost
|-boost|p1b: Archaludon|def|1
|-damage|p2b: Talonflame|97/100|[from] Recoil
|move|p2a: Brambleghast|Poltergeist|p1b: Archaludon
|-activate|p1b: Archaludon|move: Poltergeist|Assault Vest
|-damage|p1b: Archaludon|6/100
|-ability|p1b: Archaludon|Stamina|boost
|-boost|p1b: Archaludon|def|1
|move|p1b: Archaludon|Electro Shot||[still]
|-prepare|p1b: Archaludon|Electro Shot
|-boost|p1b: Archaludon|spa|1
|-anim|p1b: Archaludon|Electro Shot|p2a: Brambleghast
|-resisted|p2a: Brambleghast
|-damage|p2a: Brambleghast|0 fnt
|faint|p2a: Brambleghast
|move|p1a: Incineroar|Knock Off|p2b: Talonflame
|-supereffective|p2b: Talonflame
|-damage|p2b: Talonflame|10/100
|
|-weather|RainDance|[upkeep]
|upkeep
|
|t:|1757774163
|switch|p2a: Dragapult|Dragapult, L50, M|100/100
|turn|4
|inactive|Pikapoololol has 30 seconds left.
|
|t:|1757774191
|move|p2a: Dragapult|Dragon Darts|p1b: Archaludon
|-damage|p1b: Archaludon|0 fnt
|-anim|p2a: Dragapult|Dragon Darts|p1a: Incineroar
|-damage|p1a: Incineroar|55/100
|faint|p1b: Archaludon
|move|p2b: Talonflame|Acrobatics|p1a: Incineroar
|-damage|p1a: Incineroar|30/100
|move|p1a: Incineroar|Knock Off|p2a: Dragapult
|-supereffective|p2a: Dragapult
|-damage|p2a: Dragapult|0 fnt
|-enditem|p2a: Dragapult|Choice Scarf|[from] move: Knock Off|[of] p1a: Incineroar
|faint|p2a: Dragapult
|
|-weather|RainDance|[upkeep]
|-sideend|p1: Pikapoololol|move: Tailwind
|upkeep
|
|t:|1757774204
|switch|p2a: Gallade|Gallade, L50, M|100/100
|switch|p1b: Kingdra|Kingdra, L50, M|100/100
|turn|5
|
|t:|1757774224
|-terastallize|p1a: Incineroar|Ghost
|move|p1b: Kingdra|Protect|p1b: Kingdra
|-singleturn|p1b: Kingdra|Protect
|move|p2b: Talonflame|Acrobatics|p1b: Kingdra
|-activate|p1b: Kingdra|move: Protect
|move|p2a: Gallade|Sacred Sword|p1b: Kingdra
|-activate|p1b: Kingdra|move: Protect
|move|p1a: Incineroar|Knock Off|p2b: Talonflame
|-supereffective|p2b: Talonflame
|-damage|p2b: Talonflame|0 fnt
|faint|p2b: Talonflame
|
|-weather|none
|-sideend|p2: Basura2U|move: Tailwind
|upkeep
|turn|6
|
|t:|1757774237
|switch|p1a: Pelipper|Pelipper, L50, F|56/100
|-weather|RainDance|[from] ability: Drizzle|[of] p1a: Pelipper
|move|p1b: Kingdra|Weather Ball|p2a: Gallade
|-damage|p2a: Gallade|0 fnt
|faint|p2a: Gallade
|-damage|p1b: Kingdra|91/100|[from] item: Life Orb
|
|win|Pikapoololol
||Basura2U is ready for game 3.
|inactive|Pikapoololol has 30 seconds to confirm battle start!
||Pikapoololol is ready for game 3.
|uhtml|next|Next: Game 3 of 3
