|j|☆mario16172005
|j|☆Traindelpivgc
|html|mario16172005Traindelpivgc    
|uhtml|bestof|Game 2 of a best-of-3
|t:|1756465786
|gametype|doubles
|player|p1|mario16172005|workerice|1213
|player|p2|Traindelpivgc|hilbert-wonderlauncher|1178
|gen|9
|tier|[Gen 9] VGC 2025 Reg H (Bo3)
|rated|
|rule|Species Clause: Limit one of each Pokémon
|rule|Item Clause: Limit 1 of each item
|clearpoke
|poke|p1|Excadrill, L50, F|
|poke|p1|Tyranitar, L50, M|
|poke|p1|Dragonite, L50, M|
|poke|p1|Indeedee-F, L50, F|
|poke|p1|Gholdengo, L50|
|poke|p1|Sneasler, L50, F|
|poke|p2|Incineroar, L50, M|
|poke|p2|Amoonguss, L50, F|
|poke|p2|Ursaluna-Bloodmoon, L50, M|
|poke|p2|Sneasler, L50, M|
|poke|p2|Gholdengo, L50|
|poke|p2|Dragonite, L50, F|
|teampreview|4
|showteam|p1|Excadrill||FocusSash|SandRush|Earthquake,HighHorsepower,IronHead,Protect|||F|||50|,,,,,Stellar]Tyranitar||AssaultVest|SandStream|KnockOff,RockSlide,LowKick,TeraBlast|||M|||50|,,,,,Flying]Dragonite||LoadedDice|Multiscale|ScaleShot,Tailwind,Haze,Protect|||M|||50|,,,,,Fairy]Indeedee-F||PsychicSeed|PsychicSurge|Psychic,Imprison,TrickRoom,Protect|||F|||50|,,,,,Psychic]Gholdengo||LifeOrb|GoodasGold|MakeItRain,ShadowBall,NastyPlot,Protect||||||50|,,,,,Water]Sneasler||WhiteHerb|Unburden|DireClaw,CloseCombat,Coaching,FakeOut|||F|||50|,,,,,Flying
|showteam|p2|Incineroar||SafetyGoggles|Intimidate|FlareBlitz,KnockOff,PartingShot,FakeOut|||M|||50|,,,,,Ghost]Amoonguss||SitrusBerry|Regenerator|Spore,RagePowder,PollenPuff,Protect|||F|||50|,,,,,Psychic]Ursaluna-Bloodmoon||AssaultVest|MindsEye|HyperVoice,BloodMoon,EarthPower,VacuumWave|||M|||50|,,,,,Water]Sneasler||FocusSash|Unburden|CloseCombat,DireClaw,ThroatChop,Protect|||M|||50|,,,,,Stellar]Gholdengo||LifeOrb|GoodasGold|MakeItRain,ShadowBall,NastyPlot,Protect||||||50|,,,,,Water]Dragonite||LoadedDice|Multiscale|ScaleShot,Tailwind,Haze,Protect|||F|||50|,,,,,Fairy
|inactive|Battle timer is ON: inactive players will automatically lose when time's up. (requested by Traindelpivgc)
|inactive|mario16172005 has 60 seconds left.
|
|t:|1756465854
|teamsize|p1|4
|teamsize|p2|4
|start
|switch|p1a: Excadrill|Excadrill, L50, F|100/100
|switch|p1b: Dragonite|Dragonite, L50, M|100/100
|switch|p2a: Dragonite|Dragonite, L50, F|100/100
|switch|p2b: Amoonguss|Amoonguss, L50, F|100/100
|turn|1
|inactive|Traindelpivgc has 30 seconds left.
|inactive|Traindelpivgc has 20 seconds left.
|
|t:|1756465892
|-terastallize|p1b: Dragonite|Fairy
|move|p2b: Amoonguss|Rage Powder|p2b: Amoonguss
|-singleturn|p2b: Amoonguss|move: Rage Powder
|move|p1a: Excadrill|Iron Head|p2b: Amoonguss
|-damage|p2b: Amoonguss|65/100
|move|p1b: Dragonite|Scale Shot|p2b: Amoonguss
|-damage|p2b: Amoonguss|53/100
|-damage|p2b: Amoonguss|40/100
|-enditem|p2b: Amoonguss|Sitrus Berry|[eat]
|-heal|p2b: Amoonguss|65/100|[from] item: Sitrus Berry
|-damage|p2b: Amoonguss|51/100
|-damage|p2b: Amoonguss|39/100
|-damage|p2b: Amoonguss|25/100
|-hitcount|p2b: Amoonguss|5
|-unboost|p1b: Dragonite|def|1
|-boost|p1b: Dragonite|spe|1
|move|p2a: Dragonite|Tailwind|p2a: Dragonite
|-sidestart|p2: Traindelpivgc|move: Tailwind
|
|upkeep
|turn|2
|inactive|mario16172005 has 30 seconds left.
|inactive|Traindelpivgc has 30 seconds left.
|inactive|mario16172005 has 20 seconds left.
|inactive|Traindelpivgc has 20 seconds left.
|inactive|mario16172005 has 15 seconds left.
|inactive|Traindelpivgc has 15 seconds left.
|inactive|Traindelpivgc has 10 seconds left.
|
|t:|1756465941
|switch|p2a: Incineroar|Incineroar, L50, M|100/100
|-ability|p2a: Incineroar|Intimidate|boost
|-unboost|p1a: Excadrill|atk|1
|-unboost|p1b: Dragonite|atk|1
|move|p2b: Amoonguss|Protect|p2b: Amoonguss
|-singleturn|p2b: Amoonguss|Protect
|move|p1b: Dragonite|Tailwind|p1b: Dragonite
|-sidestart|p1: mario16172005|move: Tailwind
|move|p1a: Excadrill|Iron Head|p2b: Amoonguss
|-activate|p2b: Amoonguss|move: Protect
|
|upkeep
|turn|3
|inactive|mario16172005 has 30 seconds left.
|inactive|Traindelpivgc has 30 seconds left.
|inactive|mario16172005 has 20 seconds left.
|inactive|mario16172005 has 15 seconds left.
|
|t:|1756465985
|switch|p1a: Tyranitar|Tyranitar, L50, M, shiny|100/100
|-weather|Sandstorm|[from] ability: Sand Stream|[of] p1a: Tyranitar
|move|p1b: Dragonite|Protect|p1b: Dragonite
|-singleturn|p1b: Dragonite|Protect
|move|p2a: Incineroar|Fake Out|p1a: Tyranitar
|-resisted|p1a: Tyranitar
|-damage|p1a: Tyranitar|96/100
|move|p2b: Amoonguss|Spore|p1a: Tyranitar
|-status|p1a: Tyranitar|slp|[from] move: Spore
|
|-weather|Sandstorm|[upkeep]
|-damage|p1b: Dragonite|95/100|[from] Sandstorm
|-damage|p2b: Amoonguss|20/100|[from] Sandstorm
|upkeep
|turn|4
|inactive|Traindelpivgc has 30 seconds left.
|
|t:|1756466019
|switch|p2b: Sneasler|Sneasler, L50, M|100/100
|move|p1b: Dragonite|Scale Shot|p2b: Sneasler
|-damage|p2b: Sneasler|84/100
|-damage|p2b: Sneasler|67/100
|-damage|p2b: Sneasler|52/100
|-damage|p2b: Sneasler|34/100
|-damage|p2b: Sneasler|18/100
|-hitcount|p2b: Sneasler|5
|-unboost|p1b: Dragonite|def|1
|-boost|p1b: Dragonite|spe|1
|cant|p1a: Tyranitar|slp
|move|p2a: Incineroar|Knock Off|p1b: Dragonite
|-resisted|p1b: Dragonite
|-damage|p1b: Dragonite|47/100
|-enditem|p1b: Dragonite|Loaded Dice|[from] move: Knock Off|[of] p2a: Incineroar
|
|-weather|Sandstorm|[upkeep]
|-damage|p1b: Dragonite|41/100|[from] Sandstorm
|-damage|p2b: Sneasler|12/100|[from] Sandstorm
|-sideend|p2: Traindelpivgc|move: Tailwind
|upkeep
|turn|5
|inactive|mario16172005 has 30 seconds left.
|inactive|Traindelpivgc has 30 seconds left.
|inactive|mario16172005 has 20 seconds left.
|inactive|Traindelpivgc has 20 seconds left.
|
|t:|1756466056
|move|p2b: Sneasler|Protect|p2b: Sneasler
|-singleturn|p2b: Sneasler|Protect
|move|p1b: Dragonite|Scale Shot|p2b: Sneasler
|-activate|p2b: Sneasler|move: Protect
|cant|p1a: Tyranitar|slp
|move|p2a: Incineroar|Parting Shot|p1b: Dragonite
|-unboost|p1b: Dragonite|atk|1
|-unboost|p1b: Dragonite|spa|1
|
|t:|1756466065
|switch|p2a: Amoonguss|Amoonguss, L50, F|53/100|[from] Parting Shot
|
|-weather|Sandstorm|[upkeep]
|-damage|p1b: Dragonite|35/100|[from] Sandstorm
|-damage|p2b: Sneasler|6/100|[from] Sandstorm
|-damage|p2a: Amoonguss|47/100|[from] Sandstorm
|-sideend|p1: mario16172005|move: Tailwind
|upkeep
|turn|6
|
|t:|1756466079
|move|p2a: Amoonguss|Rage Powder|p2a: Amoonguss
|-singleturn|p2a: Amoonguss|move: Rage Powder
|move|p1b: Dragonite|Tailwind|p1b: Dragonite
|-sidestart|p1: mario16172005|move: Tailwind
|-curestatus|p1a: Tyranitar|slp|[msg]
|move|p1a: Tyranitar|Rock Slide|p2b: Sneasler|[spread] p2a,p2b
|-resisted|p2b: Sneasler
|-damage|p2a: Amoonguss|19/100
|-damage|p2b: Sneasler|0 fnt
|faint|p2b: Sneasler
|
|-weather|Sandstorm|[upkeep]
|-damage|p1b: Dragonite|29/100|[from] Sandstorm
|-damage|p2a: Amoonguss|13/100|[from] Sandstorm
|upkeep
|-message|Traindelpivgc forfeited.
|
|win|mario16172005
||Traindelpivgc is ready for game 3.
|inactive|mario16172005 has 30 seconds to confirm battle start!
||mario16172005 is ready for game 3.
|uhtml|next|Next: Game 3 of 3
