|j|☆LedaBMore
|j|☆javi fuego
|html|LedaBMorejavi fuego    
|uhtml|bestof|Game 3 of a best-of-3
|t:|1786009943
|gametype|doubles
|player|p1|LedaBMore|dahlia|1247
|player|p2|javi fuego|1|1346
|gen|9
|tier|[Gen 9 Champions] VGC 2026 Reg M-B (Bo3)
|rated|
|rule|Species Clause: Limit one of each Pokémon
|rule|Item Clause: Limit 1 of each item
|clearpoke
|poke|p1|Mawile, L50, M|
|poke|p1|Incineroar, L50, F|
|poke|p1|Hydrapple, L50, F|
|poke|p1|Farigiraf, L50, M|
|poke|p1|Basculegion-F, L50, F|
|poke|p1|Pelipper, L50, F|
|poke|p2|Glimmora, L50, M|
|poke|p2|Whimsicott, L50, F|
|poke|p2|Ninetales-Alola, L50, F|
|poke|p2|Kingambit, L50, M|
|poke|p2|Kommo-o, L50, M|
|poke|p2|Basculegion, L50, M|
|teampreview|4
|showteam|p1|Mawile||Mawilite|HyperCutter|RockSlide,PlayRough,SuckerPunch,Protect|Adamant||M|||50|]Incineroar||WhiteHerb|Intimidate|FakeOut,PartingShot,FlareBlitz,ThroatChop|Adamant||F|||50|]Hydrapple||LifeOrb|Regenerator|LeafStorm,FickleBeam,EarthPower,Protect|Quiet||F|||50|]Farigiraf||ColburBerry|ArmorTail|TrickRoom,PsychicFangs,LowKick,HelpingHand|Brave||M|||50|]Basculegion-F||MysticWater|SwiftSwim|MuddyWater,HydroPump,ShadowBall,Protect|Modest||F|||50|]Pelipper||SitrusBerry|Drizzle|WeatherBall,Hurricane,Tailwind,WideGuard|Modest||F|||50|
|showteam|p2|Glimmora||Glimmoranite|ToxicDebris|SludgeBomb,PowerGem,EarthPower,SpikyShield|Modest||M|||50|]Whimsicott||FocusSash|Prankster|Moonblast,Tailwind,Encore,Protect|Timid||F|||50|]Ninetales-Alola||NeverMeltIce|SnowWarning|Blizzard,FreezeDry,Disable,Protect|Timid||F|||50|]Kingambit||BlackGlasses|Defiant|KowtowCleave,SuckerPunch,IronHead,Protect|Adamant||M|||50|]Kommo-o||LifeOrb|Overcoat|ClangingScales,AuraSphere,VacuumWave,Protect|Modest||M|||50|]Basculegion||ChoiceScarf|Adaptability|WaveCrash,AquaJet,LastRespects,FlipTurn|Jolly||M|||50|
|
|t:|1786010045
|teamsize|p1|4
|teamsize|p2|4
|start
|switch|p1a: Incineroar|Incineroar, L50, F|100/100
|switch|p1b: Farigiraf|Farigiraf, L50, M|100/100
|switch|p2a: Kommo-o|Kommo-o, L50, M|100/100
|switch|p2b: Basculegion|Basculegion, L50, M|100/100
|-ability|p1a: Incineroar|Intimidate|boost
|-unboost|p2a: Kommo-o|atk|1
|-unboost|p2b: Basculegion|atk|1
|turn|1
|
|t:|1786010088
|move|p1a: Incineroar|Fake Out|p2a: Kommo-o
|-damage|p2a: Kommo-o|88/100
|move|p2b: Basculegion|Wave Crash|p1a: Incineroar
|-supereffective|p1a: Incineroar|1
|-damage|p1a: Incineroar|12/100
|-damage|p2b: Basculegion|70/100|[from] Recoil
|cant|p2a: Kommo-o|flinch
|move|p1b: Farigiraf|Trick Room|p1b: Farigiraf
|-fieldstart|move: Trick Room|[of] p1b: Farigiraf
|
|upkeep
|turn|2
|
|t:|1786010106
|switch|p2b: Kingambit|Kingambit, L50, M|100/100
|move|p1b: Farigiraf|Psychic Fangs|p2a: Kommo-o
|-supereffective|p2a: Kommo-o|1
|-damage|p2a: Kommo-o|23/100
|move|p1a: Incineroar|Flare Blitz|p2b: Kingambit
|-supereffective|p2b: Kingambit|1
|-damage|p2b: Kingambit|13/100
|-damage|p1a: Incineroar|0 fnt|[from] Recoil
|faint|p1a: Incineroar
|move|p2a: Kommo-o|Clanging Scales|p1b: Farigiraf
|-damage|p1b: Farigiraf|34/100
|-unboost|p2a: Kommo-o|def|1
|-damage|p2a: Kommo-o|13/100|[from] item: Life Orb
|
|upkeep
|
|t:|1786010121
|switch|p1a: Mawile|Mawile, L50, M|100/100
|turn|3
|
|t:|1786010150
|detailschange|p1a: Mawile|Mawile-Mega, L50, M
|-mega|p1a: Mawile|Mawile|Mawilite
|move|p2b: Kingambit|Protect|p2b: Kingambit
|-singleturn|p2b: Kingambit|Protect
|move|p2a: Kommo-o|Protect|p2a: Kommo-o
|-singleturn|p2a: Kommo-o|Protect
|move|p1b: Farigiraf|Psychic Fangs|p2b: Kingambit
|-activate|p2b: Kingambit|move: Protect
|move|p1a: Mawile|Rock Slide|p2a: Kommo-o|[spread] 
|-activate|p2a: Kommo-o|move: Protect
|-activate|p2b: Kingambit|move: Protect
|
|upkeep
|turn|4
|
|t:|1786010166
|switch|p2b: Glimmora|Glimmora, L50, M|100/100
|move|p1b: Farigiraf|Psychic Fangs|p2a: Kommo-o
|-supereffective|p2a: Kommo-o|1
|-damage|p2a: Kommo-o|0 fnt
|faint|p2a: Kommo-o
|move|p1a: Mawile|Play Rough|p2b: Glimmora
|-resisted|p2b: Glimmora|1
|-damage|p2b: Glimmora|53/100
|-activate|p2b: Glimmora|ability: Toxic Debris
|-sidestart|p1: LedaBMore|move: Toxic Spikes
|
|upkeep
|
|t:|1786010183
|switch|p2a: Kingambit|Kingambit, L50, M|13/100
|turn|5
|
|t:|1786010207
|detailschange|p2b: Glimmora|Glimmora-Mega, L50, M
|-mega|p2b: Glimmora|Glimmora|Glimmoranite
|move|p2a: Kingambit|Protect|p2a: Kingambit
|-singleturn|p2a: Kingambit|Protect
|move|p2b: Glimmora|Spiky Shield|p2b: Glimmora
|-singleturn|p2b: Glimmora|move: Protect
|move|p1b: Farigiraf|Low Kick|p2a: Kingambit
|-activate|p2a: Kingambit|move: Protect
|move|p1a: Mawile|Play Rough|p2b: Glimmora
|-activate|p2b: Glimmora|move: Protect
|-damage|p1a: Mawile|88/100|[from] Spiky Shield|[of] p2b: Glimmora
|
|-fieldend|move: Trick Room
|upkeep
|turn|6
|
|t:|1786010235
|move|p1b: Farigiraf|Helping Hand|p1a: Mawile
|-singleturn|p1a: Mawile|Helping Hand|[of] p1b: Farigiraf
|move|p1a: Mawile|Sucker Punch|p2b: Glimmora
|-damage|p2b: Glimmora|0 fnt
|faint|p2b: Glimmora
|move|p2a: Kingambit|Kowtow Cleave|p1b: Farigiraf
|-supereffective|p1b: Farigiraf|1
|-enditem|p1b: Farigiraf|Colbur Berry|[eat]
|-enditem|p1b: Farigiraf|Colbur Berry|[weaken]
|-damage|p1b: Farigiraf|0 fnt
|faint|p1b: Farigiraf
|
|upkeep
|
|t:|1786010243
|switch|p2b: Basculegion|Basculegion, L50, M|70/100
|switch|p1b: Hydrapple|Hydrapple, L50, F|100/100
|-status|p1b: Hydrapple|psn
|turn|7
|
|t:|1786010259
|move|p1a: Mawile|Protect|p1a: Mawile
|-singleturn|p1a: Mawile|Protect
|move|p1b: Hydrapple|Protect|p1b: Hydrapple
|-singleturn|p1b: Hydrapple|Protect
|move|p2b: Basculegion|Last Respects|p1a: Mawile
|-activate|p1a: Mawile|move: Protect
|move|p2a: Kingambit|Iron Head|p1a: Mawile
|-activate|p1a: Mawile|move: Protect
|
|-damage|p1b: Hydrapple|87/100 psn|[from] psn
|upkeep
|turn|8
|
|t:|1786010278
|move|p1a: Mawile|Sucker Punch|p2b: Basculegion
|-supereffective|p2b: Basculegion|1
|-damage|p2b: Basculegion|0 fnt
|faint|p2b: Basculegion
|move|p2a: Kingambit|Iron Head|p1a: Mawile
|-damage|p1a: Mawile|39/100
|move|p1b: Hydrapple|Earth Power|p2a: Kingambit
|-supereffective|p2a: Kingambit|1
|-damage|p2a: Kingambit|0 fnt
|faint|p2a: Kingambit
|-damage|p1b: Hydrapple|78/100 psn|[from] item: Life Orb
|
|win|LedaBMore
|raw|LedaBMore's rating: 1247 → 1279(+32 for winning)
|raw|javi fuego's rating: 1346 → 1320(-26 for losing)
