|j|☆RobiP
|j|☆blackstormgames
|html|RobiPblackstormgames    
|uhtml|bestof|Game 2 of a best-of-3
|t:|1782324561
|gametype|doubles
|player|p1|RobiP|giovanni|1078
|player|p2|blackstormgames|lance|1175
|gen|9
|tier|[Gen 9 Champions] VGC 2026 Reg M-B (Bo3)
|rated|
|rule|Species Clause: Limit one of each Pokémon
|rule|Item Clause: Limit 1 of each item
|clearpoke
|poke|p1|Raichu, L50, F, shiny|
|poke|p1|Grimmsnarl, L50, M, shiny|
|poke|p1|Incineroar, L50, F, shiny|
|poke|p1|Primarina, L50, F, shiny|
|poke|p1|Garchomp, L50, F, shiny|
|poke|p1|Vanilluxe, L50, F, shiny|
|poke|p2|Metagross, L50|
|poke|p2|Sneasler, L50, F|
|poke|p2|Garchomp, L50, F|
|poke|p2|Whimsicott, L50, F|
|poke|p2|Charizard, L50, M|
|poke|p2|Hydreigon, L50, M|
|teampreview|4
|showteam|p1|Raichu||RaichuniteY|LightningRod|FakeOut,ZapCannon,FocusBlast,VoltSwitch|Timid||F|||50|]Grimmsnarl||LightClay|Prankster|SpiritBreak,Reflect,LightScreen,PartingShot|Careful||M|||50|]Incineroar||SitrusBerry|Intimidate|FakeOut,FlareBlitz,ThroatChop,PartingShot|Careful||F|||50|]Primarina||Leftovers|LiquidVoice|Protect,CalmMind,HyperVoice,Moonblast|Modest||F|||50|]Garchomp||LifeOrb|RoughSkin|Protect,Earthquake,DragonClaw,RockSlide|Jolly||F|||50|]Vanilluxe||ChoiceScarf|SnowWarning|IcyWind,Blizzard,FreezeDry,FlashCannon|Timid||F|||50|
|showteam|p2|Metagross||Metagrossite|ClearBody|IronHead,PsychicFangs,StompingTantrum,Protect|Jolly|||||50|]Sneasler||WhiteHerb|Unburden|FakeOut,CloseCombat,GunkShot,Coaching|Jolly||F|||50|]Garchomp||LifeOrb|RoughSkin|DragonClaw,Earthquake,RockSlide,Protect|Jolly||F|||50|]Whimsicott||FocusSash|Prankster|Moonblast,Tailwind,Encore,Protect|Timid||F|||50|]Charizard||CharizarditeY|Blaze|HeatWave,SolarBeam,Overheat,Protect|Modest||M|||50|]Hydreigon||ChoiceScarf|Levitate|DracoMeteor,Snarl,EarthPower,DarkPulse|Modest||M|||50|
|inactive|Battle timer is ON: inactive players will automatically lose when time's up. (requested by RobiP)
|
|t:|1782324574
|teamsize|p1|4
|teamsize|p2|4
|start
|switch|p1a: Vanilluxe|Vanilluxe, L50, F, shiny|100/100
|switch|p1b: Raichu|Raichu, L50, F, shiny|100/100
|switch|p2a: Metagross|Metagross, L50|100/100
|switch|p2b: Sneasler|Sneasler, L50, F|100/100
|-weather|Snowscape|[from] ability: Snow Warning|[of] p1a: Vanilluxe
|turn|1
|
|t:|1782324590
|switch|p1b: Primarina|Primarina, L50, F, shiny|100/100
|detailschange|p2a: Metagross|Metagross-Mega, L50
|-mega|p2a: Metagross|Metagross|Metagrossite
|move|p1a: Vanilluxe|Blizzard|p2a: Metagross|[spread] p2a,p2b
|-resisted|p2a: Metagross|1
|-damage|p2a: Metagross|81/100
|-damage|p2b: Sneasler|46/100
|move|p2b: Sneasler|Coaching|p2a: Metagross
|-boost|p2a: Metagross|atk|1
|-boost|p2a: Metagross|def|1
|move|p2a: Metagross|Iron Head|p1a: Vanilluxe
|-supereffective|p1a: Vanilluxe|1
|-damage|p1a: Vanilluxe|0 fnt
|faint|p1a: Vanilluxe
|
|-weather|Snowscape|[upkeep]
|upkeep
|
|t:|1782324605
|switch|p1a: Raichu|Raichu, L50, F, shiny|100/100
|turn|2
|inactive|RobiP has 30 seconds left.
|
|t:|1782324634
|detailschange|p1a: Raichu|Raichu-Mega-Y, L50, F, shiny
|-mega|p1a: Raichu|Raichu|Raichunite Y
|move|p2a: Metagross|Protect|p2a: Metagross
|-singleturn|p2a: Metagross|Protect
|move|p1a: Raichu|Zap Cannon|p2a: Metagross
|-activate|p2a: Metagross|move: Protect
|move|p2b: Sneasler|Coaching|p2a: Metagross
|-boost|p2a: Metagross|atk|1
|-boost|p2a: Metagross|def|1
|move|p1b: Primarina|Hyper Voice|p2b: Sneasler|[spread] p2b
|-activate|p2a: Metagross|move: Protect
|-damage|p2b: Sneasler|0 fnt
|faint|p2b: Sneasler
|
|-weather|Snowscape|[upkeep]
|upkeep
|
|t:|1782324647
|switch|p2b: Whimsicott|Whimsicott, L50, F|100/100
|turn|3
|
|t:|1782324657
|switch|p1a: Garchomp|Garchomp, L50, F, shiny|100/100
|move|p2b: Whimsicott|Tailwind|p2b: Whimsicott
|-sidestart|p2: blackstormgames|move: Tailwind
|move|p2a: Metagross|Psychic Fangs|p1a: Garchomp
|-damage|p1a: Garchomp|0 fnt
|-damage|p2a: Metagross|68/100|[from] ability: Rough Skin|[of] p1a: Garchomp
|faint|p1a: Garchomp
|move|p1b: Primarina|Hyper Voice|p2b: Whimsicott|[spread] p2a,p2b
|-resisted|p2b: Whimsicott|1
|-damage|p2a: Metagross|35/100
|-damage|p2b: Whimsicott|69/100
|
|-weather|Snowscape|[upkeep]
|upkeep
|
|t:|1782324669
|switch|p1a: Raichu|Raichu-Mega-Y, L50, F, shiny|100/100
|turn|4
|
|t:|1782324676
|move|p2a: Metagross|Protect|p2a: Metagross
|-singleturn|p2a: Metagross|Protect
|move|p1a: Raichu|Fake Out|p2a: Metagross
|-activate|p2a: Metagross|move: Protect
|move|p2b: Whimsicott|Moonblast|p1b: Primarina
|-damage|p1b: Primarina|67/100
|move|p1b: Primarina|Moonblast|p2b: Whimsicott
|-damage|p2b: Whimsicott|0 fnt
|faint|p2b: Whimsicott
|
|-weather|Snowscape|[upkeep]
|-heal|p1b: Primarina|73/100|[from] item: Leftovers
|upkeep
|
|t:|1782324688
|switch|p2b: Garchomp|Garchomp, L50, F|100/100
|turn|5
|
|t:|1782324712
|move|p2a: Metagross|Psychic Fangs|p1b: Primarina
|-damage|p1b: Primarina|0 fnt
|faint|p1b: Primarina
|move|p2b: Garchomp|Dragon Claw|p1a: Raichu
|-damage|p1a: Raichu|0 fnt
|faint|p1a: Raichu
|-damage|p2b: Garchomp|90/100|[from] item: Life Orb
|
|win|blackstormgames
|raw|RobiP's rating: 1078 → 1062(-16 for losing)
|raw|blackstormgames's rating: 1175 → 1193(+18 for winning)
|l|☆RobiP
|player|p1|
