|j|☆AkihitoKei
|j|☆Hackervgc
|html|AkihitoKeiHackervgc    
|uhtml|bestof|Game 1 of a best-of-3
|t:|1782303982
|gametype|doubles
|player|p1|AkihitoKei|n|1160
|player|p2|Hackervgc|gentleman-gen4|1228
|gen|9
|tier|[Gen 9 Champions] VGC 2026 Reg M-B (Bo3)
|rated|
|rule|Species Clause: Limit one of each Pokémon
|rule|Item Clause: Limit 1 of each item
|clearpoke
|poke|p1|Sneasler, L50, M|
|poke|p1|Basculegion, L50, M|
|poke|p1|Ceruledge, L50, F|
|poke|p1|Kingambit, L50, F|
|poke|p1|Froslass, L50, F|
|poke|p1|Dragonite, L50, F|
|poke|p2|Metagross, L50|
|poke|p2|Sneasler, L50, M|
|poke|p2|Hydreigon, L50, F|
|poke|p2|Whimsicott, L50, M|
|poke|p2|Basculegion, L50, M|
|poke|p2|Incineroar, L50, M|
|teampreview|4
|showteam|p1|Sneasler||WhiteHerb|Unburden|CloseCombat,DireClaw,FakeOut,Protect|Adamant||M|||50|]Basculegion||ChoiceScarf|Adaptability|WaveCrash,LastRespects,AquaJet,FlipTurn|Jolly||M|||50|]Ceruledge||ColburBerry|FlashFire|BitterBlade,ShadowSneak,BrickBreak,Protect|Jolly||F|||50|]Kingambit||BlackGlasses|Defiant|KowtowCleave,LowKick,SuckerPunch,Protect|Adamant||F|||50|]Froslass||Froslassite|CursedBody|Blizzard,ShadowBall,AuroraVeil,Protect|Timid||F|||50|]Dragonite||Dragoninite|Multiscale|DragonPulse,Flamethrower,Tailwind,Protect|Modest||F|||50|
|showteam|p2|Metagross||Metagrossite|ClearBody|IronHead,PsychicFangs,Protect,StompingTantrum|Adamant|||||50|]Sneasler||WhiteHerb|Unburden|CloseCombat,DireClaw,Protect,FakeOut|Adamant||M|||50|]Hydreigon||ChoiceScarf|Levitate|DracoMeteor,DarkPulse,Snarl,EarthPower|Modest||F|||50|]Whimsicott||FocusSash|Prankster|Moonblast,Tailwind,Encore,Protect|Timid||M|||50|]Basculegion||MysticWater|Adaptability|WaveCrash,LastRespects,Protect,AquaJet|Adamant||M|||50|]Incineroar||ChopleBerry|Intimidate|FakeOut,FlareBlitz,DarkestLariat,PartingShot|Careful||M|||50|
|inactive|Battle timer is ON: inactive players will automatically lose when time's up. (requested by AkihitoKei)
|
|t:|1782304036
|teamsize|p1|4
|teamsize|p2|4
|start
|switch|p1a: Froslass|Froslass, L50, F|100/100
|switch|p1b: Sneasler|Sneasler, L50, M|100/100
|switch|p2a: Whimsicott|Whimsicott, L50, M|100/100
|switch|p2b: Hydreigon|Hydreigon, L50, F|100/100
|turn|1
|
|t:|1782304056
|switch|p2b: Incineroar|Incineroar, L50, M|100/100
|-ability|p2b: Incineroar|Intimidate|boost
|-unboost|p1a: Froslass|atk|1
|-unboost|p1b: Sneasler|atk|1
|-enditem|p1b: Sneasler|White Herb
|-clearnegativeboost|p1b: Sneasler|[silent]
|detailschange|p1a: Froslass|Froslass-Mega, L50, F
|-mega|p1a: Froslass|Froslass|Froslassite
|-weather|Snowscape|[from] ability: Snow Warning|[of] p1a: Froslass
|move|p2a: Whimsicott|Tailwind|p2a: Whimsicott
|-sidestart|p2: Hackervgc|move: Tailwind
|move|p1b: Sneasler|Dire Claw|p2a: Whimsicott
|-supereffective|p2a: Whimsicott|2
|-enditem|p2a: Whimsicott|Focus Sash
|-damage|p2a: Whimsicott|1/100
|-status|p2a: Whimsicott|psn
|move|p1a: Froslass|Aurora Veil|p1a: Froslass
|-sidestart|p1: AkihitoKei|move: Aurora Veil
|
|-weather|Snowscape|[upkeep]
|-damage|p2a: Whimsicott|0 fnt|[from] psn
|faint|p2a: Whimsicott
|upkeep
|
|t:|1782304076
|switch|p2a: Basculegion|Basculegion, L50, M|100/100
|turn|2
|inactive|AkihitoKei has 30 seconds left.
|inactive|Hackervgc has 30 seconds left.
|
|t:|1782304106
|move|p1b: Sneasler|Protect|p1b: Sneasler
|-singleturn|p1b: Sneasler|Protect
|move|p1a: Froslass|Protect|p1a: Froslass
|-singleturn|p1a: Froslass|Protect
|move|p2a: Basculegion|Wave Crash|p1b: Sneasler
|-activate|p1b: Sneasler|move: Protect
|move|p2b: Incineroar|Darkest Lariat|p1a: Froslass
|-activate|p1a: Froslass|move: Protect
|
|-weather|Snowscape|[upkeep]
|upkeep
|turn|3
|inactive|AkihitoKei has 30 seconds left.
|
|t:|1782304132
|switch|p1a: Ceruledge|Ceruledge, L50, F|100/100
|move|p1b: Sneasler|Close Combat|p2b: Incineroar
|-supereffective|p2b: Incineroar|1
|-enditem|p2b: Incineroar|Chople Berry|[eat]
|-enditem|p2b: Incineroar|Chople Berry|[weaken]
|-damage|p2b: Incineroar|44/100
|-unboost|p1b: Sneasler|def|1
|-unboost|p1b: Sneasler|spd|1
|move|p2a: Basculegion|Wave Crash|p1b: Sneasler
|-damage|p1b: Sneasler|0 fnt
|faint|p1b: Sneasler
|-damage|p2a: Basculegion|74/100|[from] Recoil
|move|p2b: Incineroar|Flare Blitz|p1a: Ceruledge
|-start|p1a: Ceruledge|ability: Flash Fire
|
|-weather|Snowscape|[upkeep]
|upkeep
|inactive|AkihitoKei has 30 seconds left.
|inactive|AkihitoKei has 20 seconds left.
|inactive|AkihitoKei has 15 seconds left.
|inactive|AkihitoKei has 10 seconds left.
|inactive|AkihitoKei has 5 seconds left.
|
|t:|1782304188
|switch|p1b: Froslass|Froslass-Mega, L50, F|100/100
|turn|4
|inactive|AkihitoKei has 30 seconds left.
|inactive|AkihitoKei has 20 seconds left.
|inactive|Hackervgc has 30 seconds left.
|inactive|AkihitoKei has 15 seconds left.
|inactive|AkihitoKei has 10 seconds left.
|inactive|AkihitoKei has 5 seconds left.
|inactive|Hackervgc has 20 seconds left.
|
|t:|1782304256
|move|p2a: Basculegion|Last Respects|p1b: Froslass
|-supereffective|p1b: Froslass|1
|-damage|p1b: Froslass|7/100
|move|p1b: Froslass|Blizzard|p2b: Incineroar|[spread] p2a,p2b
|-resisted|p2a: Basculegion|1
|-resisted|p2b: Incineroar|1
|-damage|p2a: Basculegion|50/100y
|-damage|p2b: Incineroar|26/100
|move|p2b: Incineroar|Darkest Lariat|p1b: Froslass
|-supereffective|p1b: Froslass|1
|-damage|p1b: Froslass|0 fnt
|faint|p1b: Froslass
|move|p1a: Ceruledge|Bitter Blade|p2b: Incineroar
|-resisted|p2b: Incineroar|1
|-crit|p2b: Incineroar
|-damage|p2b: Incineroar|0 fnt
|faint|p2b: Incineroar
|
|-weather|Snowscape|[upkeep]
|-sideend|p2: Hackervgc|move: Tailwind
|upkeep
|
|t:|1782304271
|switch|p1b: Kingambit|Kingambit, L50, F|100/100
|switch|p2b: Hydreigon|Hydreigon, L50, F|100/100
|turn|5
|
|t:|1782304287
|move|p2a: Basculegion|Aqua Jet|p1a: Ceruledge
|-supereffective|p1a: Ceruledge|1
|-damage|p1a: Ceruledge|33/100
|move|p2b: Hydreigon|Earth Power|p1a: Ceruledge
|-supereffective|p1a: Ceruledge|1
|-damage|p1a: Ceruledge|0 fnt
|faint|p1a: Ceruledge
|move|p1b: Kingambit|Kowtow Cleave|p2a: Basculegion
|-supereffective|p2a: Basculegion|1
|-damage|p2a: Basculegion|0 fnt
|faint|p2a: Basculegion
|
|-weather|none
|-sideend|p1: AkihitoKei|move: Aurora Veil
|upkeep
|turn|6
|
|t:|1782304296
|move|p2b: Hydreigon|Earth Power|p1b: Kingambit
|-supereffective|p1b: Kingambit|1
|-damage|p1b: Kingambit|34/100
|move|p1b: Kingambit|Low Kick|p2b: Hydreigon
|-supereffective|p2b: Hydreigon|1
|-damage|p2b: Hydreigon|11/100
|
|upkeep
|turn|7
|
|t:|1782304304
|move|p1b: Kingambit|Sucker Punch|p2b: Hydreigon
|-resisted|p2b: Hydreigon|1
|-damage|p2b: Hydreigon|0 fnt
|faint|p2b: Hydreigon
|
|win|AkihitoKei
||Hackervgc is ready for game 2.
||AkihitoKei is ready for game 2.
|uhtml|next|Next: Game 2 of 3
|l|☆AkihitoKei
|player|p1|
