|j|☆soratami
|j|☆lettitripppp
|html|soratamilettitripppp    
|uhtml|bestof|Game 1 of a best-of-3
|t:|1784755338
|gametype|doubles
|player|p1|soratami|veteran|1425
|player|p2|lettitripppp|lucas|1280
|gen|9
|tier|[Gen 9 Champions] VGC 2026 Reg M-B (Bo3)
|rated|
|rule|Species Clause: Limit one of each Pokémon
|rule|Item Clause: Limit 1 of each item
|clearpoke
|poke|p1|Torkoal, L50, M|
|poke|p1|Vileplume, L50, F|
|poke|p1|Sylveon, L50, F|
|poke|p1|Kangaskhan, L50, F|
|poke|p1|Farigiraf, L50, F|
|poke|p1|Pyroar, L50, F|
|poke|p2|Charizard, L50, M, shiny|
|poke|p2|Incineroar, L50, M|
|poke|p2|Toxapex, L50, F, shiny|
|poke|p2|Venusaur, L50, F|
|poke|p2|Garchomp, L50, F|
|poke|p2|Annihilape, L50, M|
|teampreview|4
|showteam|p1|Torkoal||Charcoal|Drought|Eruption,HeatWave,HelpingHand,Protect|Quiet||M|||50|]Vileplume||FocusSash|Chlorophyll|SleepPowder,SolarBeam,AfterYou,SludgeBomb|Timid||F|||50|]Sylveon||LifeOrb|Pixilate|HyperBeam,HyperVoice,QuickAttack,Detect|Quiet||F|||50|]Kangaskhan||Kangaskhanite|Scrappy|FakeOut,DoubleEdge,HammerArm,RockTomb|Adamant||F|||50|]Farigiraf||SitrusBerry|ArmorTail|Psychic,HelpingHand,TrickRoom,Thunderbolt|Modest||F|||50|]Pyroar||Pyroarite|Unnerve|HeatWave,Overheat,SolarBeam,Protect|Timid||F|||50|
|showteam|p2|Charizard||CharizarditeY|Blaze|HelpingHand,WeatherBall,HeatWave,Protect|Modest||M|||50|]Incineroar||SitrusBerry|Intimidate|PartingShot,ThroatChop,FlareBlitz,FakeOut|Impish||M|||50|]Toxapex||Leftovers|Regenerator|WideGuard,Infestation,Toxic,BanefulBunker|Bold||F|||50|]Venusaur||LifeOrb|Chlorophyll|SludgeBomb,EarthPower,SolarBeam,Protect|Modest||F|||50|]Garchomp||ChoiceScarf|RoughSkin|StompingTantrum,DragonClaw,Earthquake,RockSlide|Adamant||F|||50|]Annihilape||FocusSash|Defiant|PhantomForce,CloseCombat,RockTomb,Protect|Jolly||M|||50|
|inactive|Battle timer is ON: inactive players will automatically lose when time's up. (requested by lettitripppp)
|inactive|soratami also wants the timer to be on.
|inactive|soratami has 60 seconds left.
|inactive|lettitripppp has 60 seconds left.
|
|t:|1784755386
|teamsize|p1|4
|teamsize|p2|4
|start
|switch|p1a: Farigiraf|Farigiraf, L50, F|100/100
|switch|p1b: Kangaskhan|Kangaskhan, L50, F|100/100
|switch|p2a: AGNI|Charizard, L50, M, shiny|100/100
|switch|p2b: AOI TODO|Incineroar, L50, M|100/100
|-ability|p2b: AOI TODO|Intimidate|boost
|-unboost|p1a: Farigiraf|atk|1
|-fail|p1b: Kangaskhan|unboost|Attack|[from] ability: Scrappy|[of] p1b: Kangaskhan
|turn|1
|inactive|soratami has 30 seconds left.
|
|t:|1784755421
|switch|p2a: CRUSH SHARK|Garchomp, L50, F|100/100
|detailschange|p1b: Kangaskhan|Kangaskhan-Mega, L50, F
|-mega|p1b: Kangaskhan|Kangaskhan|Kangaskhanite
|move|p1b: Kangaskhan|Rock Tomb|p2a: CRUSH SHARK
|-resisted|p2a: CRUSH SHARK|1
|-damage|p2a: CRUSH SHARK|89/100
|-unboost|p2a: CRUSH SHARK|spe|1
|-resisted|p2a: CRUSH SHARK|1
|-damage|p2a: CRUSH SHARK|86/100
|-unboost|p2a: CRUSH SHARK|spe|1
|-hitcount|p2a: CRUSH SHARK|2
|move|p2b: AOI TODO|Parting Shot|p1b: Kangaskhan
|-unboost|p1b: Kangaskhan|atk|1
|-unboost|p1b: Kangaskhan|spa|1
|
|t:|1784755434
|switch|p2b: AGNI|Charizard, L50, M, shiny|100/100|[from] Parting Shot
|move|p1a: Farigiraf|Trick Room|p1a: Farigiraf
|-fieldstart|move: Trick Room|[of] p1a: Farigiraf
|
|upkeep
|turn|2
|inactive|soratami has 30 seconds left.
|inactive|soratami has 20 seconds left.
|
|t:|1784755473
|switch|p2b: AOI TODO|Incineroar, L50, M|100/100
|-ability|p2b: AOI TODO|Intimidate|boost
|-unboost|p1a: Farigiraf|atk|1
|-unboost|p1b: Kangaskhan|atk|1
|switch|p1b: Sylveon|Sylveon, L50, F|100/100
|move|p1a: Farigiraf|Thunderbolt|p2b: AOI TODO
|-damage|p2b: AOI TODO|77/100
|move|p2a: CRUSH SHARK|Rock Slide|p1a: Farigiraf|[spread] p1a,p1b
|-damage|p1a: Farigiraf|80/100
|-damage|p1b: Sylveon|76/100
|
|upkeep
|turn|3
|inactive|soratami has 30 seconds left.
|
|t:|1784755506
|switch|p2a: AGNI|Charizard, L50, M, shiny|100/100
|move|p1b: Sylveon|Hyper Voice|p2a: AGNI|[spread] p2a,p2b
|-resisted|p2a: AGNI|1
|-damage|p2a: AGNI|69/100
|-damage|p2b: AOI TODO|32/100
|-enditem|p2b: AOI TODO|Sitrus Berry|[eat]
|-heal|p2b: AOI TODO|57/100|[from] item: Sitrus Berry
|-damage|p1b: Sylveon|67/100|[from] item: Life Orb
|move|p1a: Farigiraf|Thunderbolt|p2b: AOI TODO
|-damage|p2b: AOI TODO|34/100
|-status|p2b: AOI TODO|par
|cant|p2b: AOI TODO|par
|
|upkeep
|turn|4
|inactive|lettitripppp has 30 seconds left.
|
|t:|1784755539
|detailschange|p2a: AGNI|Charizard-Mega-Y, L50, M, shiny
|-mega|p2a: AGNI|Charizard|Charizardite Y
|-weather|SunnyDay|[from] ability: Drought|[of] p2a: AGNI
|move|p2b: AOI TODO|Flare Blitz|p1a: Farigiraf
|-damage|p1a: Farigiraf|23/100
|-enditem|p1a: Farigiraf|Sitrus Berry|[eat]
|-heal|p1a: Farigiraf|48/100|[from] item: Sitrus Berry
|-damage|p2b: AOI TODO|13/100 par|[from] Recoil
|move|p1b: Sylveon|Hyper Voice|p2a: AGNI|[spread] p2a,p2b
|-resisted|p2a: AGNI|1
|-damage|p2a: AGNI|45/100
|-damage|p2b: AOI TODO|0 fnt
|faint|p2b: AOI TODO
|-damage|p1b: Sylveon|57/100|[from] item: Life Orb
|move|p1a: Farigiraf|Thunderbolt|p2a: AGNI
|-supereffective|p2a: AGNI|1
|-damage|p2a: AGNI|0 fnt
|faint|p2a: AGNI
|
|-weather|SunnyDay|[upkeep]
|upkeep
|
|t:|1784755556
|switch|p2b: SOFT-BOOM|Venusaur, L50, F|100/100
|switch|p2a: CRUSH SHARK|Garchomp, L50, F|86/100
|turn|5
|
|t:|1784755577
|move|p2b: SOFT-BOOM|Protect|p2b: SOFT-BOOM
|-singleturn|p2b: SOFT-BOOM|Protect
|move|p1b: Sylveon|Hyper Voice|p2a: CRUSH SHARK|[spread] p2a
|-activate|p2b: SOFT-BOOM|move: Protect
|-supereffective|p2a: CRUSH SHARK|1
|-damage|p2a: CRUSH SHARK|0 fnt
|faint|p2a: CRUSH SHARK
|-damage|p1b: Sylveon|48/100|[from] item: Life Orb
|move|p1a: Farigiraf|Psychic|p2b: SOFT-BOOM
|-activate|p2b: SOFT-BOOM|move: Protect
|
|-weather|SunnyDay|[upkeep]
|-fieldend|move: Trick Room
|upkeep
|turn|6
|
|t:|1784755600
|move|p2b: SOFT-BOOM|Earth Power|p1a: Farigiraf
|-damage|p1a: Farigiraf|11/100
|-damage|p2b: SOFT-BOOM|90/100|[from] item: Life Orb
|move|p1a: Farigiraf|Psychic|p2b: SOFT-BOOM
|-supereffective|p2b: SOFT-BOOM|1
|-damage|p2b: SOFT-BOOM|0 fnt
|faint|p2b: SOFT-BOOM
|
|win|soratami
