|j|☆namboyVGC
|j|☆the doctor rock
|html|namboyVGCthe doctor rock    
|uhtml|bestof|Game 3 of a best-of-3
|t:|1784659040
|gametype|doubles
|player|p1|namboyVGC|pokemonranger-gen4|1186
|player|p2|the doctor rock|marlon|1123
|gen|9
|tier|[Gen 9 Champions] VGC 2026 Reg M-B (Bo3)
|rated|
|rule|Species Clause: Limit one of each Pokémon
|rule|Item Clause: Limit 1 of each item
|clearpoke
|poke|p1|Swampert, L50, F|
|poke|p1|Sinistcha-Masterpiece, L50|
|poke|p1|Archaludon, L50, F|
|poke|p1|Pelipper, L50, F|
|poke|p1|Maushold, L50|
|poke|p1|Grimmsnarl, L50, M|
|poke|p2|Malamar, L50, F|
|poke|p2|Grimmsnarl, L50, M|
|poke|p2|Ceruledge, L50, F|
|poke|p2|Sinistcha, L50|
|poke|p2|Ninetales-Alola, L50, F|
|poke|p2|Milotic, L50, M|
|teampreview|4
|showteam|p1|Swampert||Swampertite|Damp|WaveCrash,HighHorsepower,IcePunch,Protect|Adamant||F|||50|]Sinistcha-Masterpiece||SitrusBerry|Hospitality|MatchaGotcha,LifeDew,TrickRoom,RagePowder|Bold|||||50|]Archaludon||Leftovers|Stamina|DragonPulse,ElectroShot,FlashCannon,Protect|Calm||F|||50|]Pelipper||FocusSash|Drizzle|WeatherBall,Hurricane,Protect,Tailwind|Modest||F|||50|]Maushold||WideLens|Technician|PopulationBomb,RainDance,FollowMe,Protect|Jolly|||||50|]Grimmsnarl||LightClay|Prankster|SpiritBreak,LightScreen,Reflect,PartingShot|Sassy||M|||50|
|showteam|p2|Malamar||Malamarite|Contrary|KnockOff,PsychoCut,Superpower,Protect|Adamant||F|||50|]Grimmsnarl||RoseliBerry|Prankster|SpiritBreak,FakeTears,ScaryFace,PartingShot|Bold||M|||50|]Ceruledge||ColburBerry|FlashFire|BitterBlade,ShadowSneak,BulkUp,Protect|Adamant||F|||50|]Sinistcha||SitrusBerry|Hospitality|MatchaGotcha,LifeDew,RagePowder,TrickRoom|Bold|||||50|]Ninetales-Alola||FocusSash|SnowWarning|FreezeDry,Moonblast,AuroraVeil,Protect|Timid||F|||50|]Milotic||Leftovers|Competitive|MuddyWater,Hypnosis,Coil,Protect|Calm||M|||50|
|inactive|Battle timer is ON: inactive players will automatically lose when time's up. (requested by namboyVGC)
|inactive|the doctor rock also wants the timer to be on.
|
|t:|1784659061
|teamsize|p1|4
|teamsize|p2|4
|start
|switch|p1a: Pelipper|Pelipper, L50, F|100/100
|switch|p1b: Archaludon|Archaludon, L50, F|100/100
|switch|p2a: Malamar|Malamar, L50, F|100/100
|switch|p2b: Sinistcha|Sinistcha, L50|100/100
|-weather|RainDance|[from] ability: Drizzle|[of] p1a: Pelipper
|turn|1
|
|t:|1784659085
|switch|p2b: Ninetales|Ninetales-Alola, L50, F|100/100
|-weather|Snowscape|[from] ability: Snow Warning|[of] p2b: Ninetales
|detailschange|p2a: Malamar|Malamar-Mega, L50, F
|-mega|p2a: Malamar|Malamar|Malamarite
|move|p1b: Archaludon|Electro Shot||[still]
|-prepare|p1b: Archaludon|Electro Shot
|-boost|p1b: Archaludon|spa|1
|move|p1a: Pelipper|Hurricane|p2b: Ninetales
|-damage|p2b: Ninetales|41/100
|move|p2a: Malamar|Superpower|p1a: Pelipper
|-resisted|p1a: Pelipper|1
|-damage|p1a: Pelipper|72/100
|-boost|p2a: Malamar|atk|1
|-boost|p2a: Malamar|def|1
|
|-weather|Snowscape|[upkeep]
|upkeep
|turn|2
|inactive|namboyVGC has 30 seconds left.
|
|t:|1784659112
|move|p2b: Ninetales|Aurora Veil|p2b: Ninetales
|-sidestart|p2: the doctor rock|move: Aurora Veil
|move|p1b: Archaludon|Electro Shot|p2b: Ninetales|[from] lockedmove
|-damage|p2b: Ninetales|0 fnt
|faint|p2b: Ninetales
|move|p1a: Pelipper|Hurricane|p2a: Malamar|[miss]
|-miss|p1a: Pelipper|p2a: Malamar
|move|p2a: Malamar|Superpower|p1a: Pelipper
|-resisted|p1a: Pelipper|1
|-damage|p1a: Pelipper|34/100
|-boost|p2a: Malamar|atk|1
|-boost|p2a: Malamar|def|1
|
|-weather|Snowscape|[upkeep]
|upkeep
|
|t:|1784659120
|switch|p2b: Milotic|Milotic, L50, M|100/100
|turn|3
|
|t:|1784659131
|switch|p1a: Sinistcha|Sinistcha-Masterpiece, L50|100/100
|move|p1b: Archaludon|Protect|p1b: Archaludon
|-singleturn|p1b: Archaludon|Protect
|move|p2a: Malamar|Superpower|p1b: Archaludon
|-activate|p1b: Archaludon|move: Protect
|move|p2b: Milotic|Coil|p2b: Milotic
|-boost|p2b: Milotic|atk|1
|-boost|p2b: Milotic|def|1
|-boost|p2b: Milotic|accuracy|1
|
|-weather|Snowscape|[upkeep]
|upkeep
|turn|4
|
|t:|1784659149
|switch|p1a: Pelipper|Pelipper, L50, F|34/100
|-weather|RainDance|[from] ability: Drizzle|[of] p1a: Pelipper
|move|p1b: Archaludon|Electro Shot||[still]
|-prepare|p1b: Archaludon|Electro Shot
|-boost|p1b: Archaludon|spa|1
|-anim|p1b: Archaludon|Electro Shot|p2b: Milotic
|-supereffective|p2b: Milotic|1
|-damage|p2b: Milotic|46/100
|move|p2a: Malamar|Knock Off|p1a: Pelipper
|-damage|p1a: Pelipper|0 fnt
|-enditem|p1a: Pelipper|Focus Sash|[from] move: Knock Off|[of] p2a: Malamar
|faint|p1a: Pelipper
|move|p2b: Milotic|Hypnosis|p1b: Archaludon
|-status|p1b: Archaludon|slp|[from] move: Hypnosis
|
|-weather|RainDance|[upkeep]
|-heal|p2b: Milotic|52/100|[from] item: Leftovers
|upkeep
|
|t:|1784659168
|switch|p1a: Swampert|Swampert, L50, F|100/100
|turn|5
|
|t:|1784659180
|detailschange|p1a: Swampert|Swampert-Mega, L50, F
|-mega|p1a: Swampert|Swampert|Swampertite
|move|p1a: Swampert|Wave Crash|p2a: Malamar
|-damage|p2a: Malamar|62/100
|-damage|p1a: Swampert|86/100|[from] Recoil
|cant|p1b: Archaludon|slp
|move|p2a: Malamar|Superpower|p1b: Archaludon
|-supereffective|p1b: Archaludon|1
|-damage|p1b: Archaludon|0 fnt
|-boost|p2a: Malamar|atk|1
|-boost|p2a: Malamar|def|1
|faint|p1b: Archaludon
|move|p2b: Milotic|Muddy Water|p1a: Swampert
|-damage|p1a: Swampert|36/100
|
|-weather|RainDance|[upkeep]
|-heal|p2b: Milotic|58/100|[from] item: Leftovers
|upkeep
|inactive|namboyVGC has 30 seconds left.
|
|t:|1784659210
|switch|p1b: Sinistcha|Sinistcha-Masterpiece, L50|100/100
|-heal|p1a: Swampert|61/100|[from] ability: Hospitality|[of] p1b: Sinistcha
|turn|6
|
|t:|1784659216
|move|p1a: Swampert|Wave Crash|p2a: Malamar
|-damage|p2a: Malamar|32/100
|-damage|p1a: Swampert|51/100|[from] Recoil
|move|p2a: Malamar|Knock Off|p1b: Sinistcha
|-supereffective|p1b: Sinistcha|1
|-damage|p1b: Sinistcha|0 fnt
|-enditem|p1b: Sinistcha|Sitrus Berry|[from] move: Knock Off|[of] p2a: Malamar
|faint|p1b: Sinistcha
|move|p2b: Milotic|Muddy Water|p1a: Swampert
|-damage|p1a: Swampert|3/100
|
|-weather|RainDance|[upkeep]
|-heal|p2b: Milotic|64/100|[from] item: Leftovers
|-sideend|p2: the doctor rock|move: Aurora Veil
|upkeep
|turn|7
|-message|namboyVGC forfeited.
|
|win|the doctor rock
|raw|namboyVGC's rating: 1186 → 1157(-29 for losing)
|raw|the doctor rock's rating: 1123 → 1152(+29 for winning)
