|j|☆AtomicTwilight
|j|☆Hhoodeee
|html|AtomicTwilightHhoodeee    
|uhtml|bestof|Game 2 of a best-of-3
|t:|1783738527
|gametype|doubles
|player|p1|AtomicTwilight|canari|
|player|p2|Hhoodeee|juggler|
|gen|9
|tier|[Gen 9 Champions] VGC 2026 Reg M-B (Bo3)
|rule|Species Clause: Limit one of each Pokémon
|rule|Item Clause: Limit 1 of each item
|clearpoke
|poke|p1|Greninja, L50, M|
|poke|p1|Slowking-Galar, L50, F|
|poke|p1|Rotom-Frost, L50|
|poke|p1|Klefki, L50, F|
|poke|p1|Krookodile, L50, F|
|poke|p1|Floette-Eternal, L50, F|
|poke|p2|Cofagrigus, L50, M|
|poke|p2|Emboar, L50, F|
|poke|p2|Chandelure, L50, F|
|poke|p2|Floette-Eternal, L50, F|
|poke|p2|Krookodile, L50, F|
|poke|p2|Slowbro, L50, F|
|teampreview|4
|showteam|p1|Greninja||Greninjite|Protean|Blizzard,DarkPulse,Extrasensory,Protect|Modest||M|||50|]Slowking-Galar||Leftovers|Regenerator|ChillyReception,Protect,Toxic,ChillingWater|Calm||F|||50|]Rotom-Frost||ChoiceScarf|Levitate|VoltSwitch,Blizzard,Discharge,Electroweb|Timid|||||50|]Klefki||LightClay|Prankster|ThunderWave,Reflect,LightScreen,DazzlingGleam|Timid||F|||50|]Krookodile||LifeOrb|Intimidate|Earthquake,KnockOff,CloseCombat,Protect|Jolly||F|||50|]Floette-Eternal||FairyFeather|FlowerVeil|Protect,DazzlingGleam,Moonblast,LightofRuin|Timid||F|||50|
|showteam|p2|Cofagrigus||MentalHerb|Mummy|WillOWisp,TrickRoom,Curse,NightShade|Sassy||M|||50|]Emboar||Emboarite|Reckless|Protect,DrainPunch,WildCharge,FlareBlitz|Adamant||F|||50|]Chandelure||Chandelurite|FlashFire|ShadowBall,HeatWave,Protect,TrickRoom|Calm||F|||50|]Floette-Eternal||FairyFeather|FlowerVeil|Moonblast,Protect,GigaDrain,DazzlingGleam|Modest||F|||50|]Krookodile||LifeOrb|Intimidate|KnockOff,StompingTantrum,RockSlide,Protect|Jolly||F|||50|]Slowbro||ColburBerry|Oblivious|Psychic,Scald,TrickRoom,LightScreen|Quiet||F|||50|
|
|t:|1783738601
|teamsize|p1|4
|teamsize|p2|4
|start
|switch|p1a: Slowking|Slowking-Galar, L50, F|100/100
|switch|p1b: Krookodile|Krookodile, L50, F|100/100
|switch|p2a: Chandelure|Chandelure, L50, F|100/100
|switch|p2b: Slowbro|Slowbro, L50, F|100/100
|-ability|p1b: Krookodile|Intimidate|boost
|-unboost|p2a: Chandelure|atk|1
|-fail|p2b: Slowbro|unboost|Attack|[from] ability: Oblivious|[of] p2b: Slowbro
|turn|1
|
|t:|1783738648
|switch|p2a: Krookodile|Krookodile, L50, F|100/100
|-ability|p2a: Krookodile|Intimidate|boost
|-unboost|p1a: Slowking|atk|1
|-unboost|p1b: Krookodile|atk|1
|move|p1b: Krookodile|Close Combat|p2a: Krookodile
|-supereffective|p2a: Krookodile|1
|-damage|p2a: Krookodile|15/100
|-unboost|p1b: Krookodile|def|1
|-unboost|p1b: Krookodile|spd|1
|-damage|p1b: Krookodile|90/100|[from] item: Life Orb
|move|p1a: Slowking|Toxic|p2b: Slowbro
|-status|p2b: Slowbro|tox
|move|p2b: Slowbro|Trick Room|p2b: Slowbro
|-fieldstart|move: Trick Room|[of] p2b: Slowbro
|
|-damage|p2b: Slowbro|94/100 tox|[from] psn
|upkeep
|turn|2
|
|t:|1783738677
|move|p2b: Slowbro|Scald|p1b: Krookodile
|-supereffective|p1b: Krookodile|1
|-damage|p1b: Krookodile|0 fnt
|faint|p1b: Krookodile
|move|p1a: Slowking|Chilling Water|p2a: Krookodile
|-supereffective|p2a: Krookodile|1
|-damage|p2a: Krookodile|0 fnt
|faint|p2a: Krookodile
|
|-damage|p2b: Slowbro|82/100 tox|[from] psn
|upkeep
|
|t:|1783738694
|switch|p2a: Chandelure|Chandelure, L50, F|100/100
|switch|p1b: Klefki|Klefki, L50, F|100/100
|turn|3
|
|t:|1783738710
|switch|p1b: Greninja|Greninja, L50, M|100/100
|detailschange|p2a: Chandelure|Chandelure-Mega, L50, F
|-mega|p2a: Chandelure|Chandelure|Chandelurite
|move|p2b: Slowbro|Light Screen|p2b: Slowbro
|-sidestart|p2: Hhoodeee|move: Light Screen
|move|p1a: Slowking|Toxic|p2a: Chandelure
|-status|p2a: Chandelure|tox
|move|p2a: Chandelure|Heat Wave|p1a: Slowking|[spread] p1a,p1b
|-resisted|p1b: Greninja|1
|-damage|p1a: Slowking|75/100
|-damage|p1b: Greninja|69/100
|
|-heal|p1a: Slowking|81/100|[from] item: Leftovers
|-damage|p2b: Slowbro|64/100 tox|[from] psn
|-damage|p2a: Chandelure|94/100 tox|[from] psn
|upkeep
|turn|4
|
|t:|1783738758
|switch|p2a: Emboar|Emboar, L50, F|100/100
|move|p1b: Greninja|Protect|p1b: Greninja
|-start|p1b: Greninja|typechange|Normal|[from] ability: Protean
|-singleturn|p1b: Greninja|Protect
|move|p2b: Slowbro|Scald|p1b: Greninja
|-activate|p1b: Greninja|move: Protect
|-prepare|p1a: Slowking|Chilly Reception|[premajor]
|move|p1a: Slowking|Chilly Reception|p1a: Slowking
|-weather|Snowscape
|
|t:|1783738769
|-heal|p1a: Slowking|100/100|[from] ability: Regenerator|[silent]
|switch|p1a: Klefki|Klefki, L50, F|100/100|[from] Chilly Reception
|
|-weather|Snowscape|[upkeep]
|-damage|p2b: Slowbro|40/100 tox|[from] psn
|upkeep
|turn|5
|
|t:|1783738821
|switch|p2b: Chandelure|Chandelure-Mega, L50, F|94/100 tox
|switch|p1b: Slowking|Slowking-Galar, L50, F|100/100
|move|p1a: Klefki|Reflect|p1a: Klefki
|-sidestart|p1: AtomicTwilight|Reflect
|move|p2a: Emboar|Drain Punch|p1b: Slowking
|-resisted|p1b: Slowking|2
|-damage|p1b: Slowking|92/100
|
|-weather|Snowscape|[upkeep]
|-heal|p1b: Slowking|98/100|[from] item: Leftovers
|-damage|p2b: Chandelure|88/100 tox|[from] psn
|-fieldend|move: Trick Room
|upkeep
|turn|6
|
|t:|1783738843
|move|p1a: Klefki|Light Screen|p1a: Klefki
|-sidestart|p1: AtomicTwilight|move: Light Screen
|move|p2b: Chandelure|Heat Wave|p1a: Klefki|[spread] p1a,p1b
|-supereffective|p1a: Klefki|1
|-damage|p1a: Klefki|8/100
|-damage|p1b: Slowking|72/100
|move|p2a: Emboar|Flare Blitz|p1a: Klefki
|-supereffective|p1a: Klefki|1
|-damage|p1a: Klefki|0 fnt
|faint|p1a: Klefki
|-damage|p2a: Emboar|97/100|[from] Recoil
|move|p1b: Slowking|Chilling Water|p2b: Chandelure
|-supereffective|p2b: Chandelure|1
|-damage|p2b: Chandelure|74/100 tox
|-unboost|p2b: Chandelure|atk|1
|
|-weather|Snowscape|[upkeep]
|-heal|p1b: Slowking|78/100|[from] item: Leftovers
|-damage|p2b: Chandelure|62/100 tox|[from] psn
|upkeep
|
|t:|1783738857
|switch|p1a: Greninja|Greninja, L50, M|69/100
|turn|7
|
|t:|1783738899
|switch|p2b: Slowbro|Slowbro, L50, F|40/100 tox
|move|p1a: Greninja|Protect|p1a: Greninja
|-start|p1a: Greninja|typechange|Normal|[from] ability: Protean
|-singleturn|p1a: Greninja|Protect
|move|p2a: Emboar|Drain Punch|p1a: Greninja
|-activate|p1a: Greninja|move: Protect
|move|p1b: Slowking|Toxic|p2a: Emboar
|-status|p2a: Emboar|tox
|
|-weather|Snowscape|[upkeep]
|-heal|p1b: Slowking|84/100|[from] item: Leftovers
|-damage|p2a: Emboar|91/100 tox|[from] psn
|-damage|p2b: Slowbro|34/100 tox|[from] psn
|-sideend|p2: Hhoodeee|move: Light Screen
|upkeep
|turn|8
|
|t:|1783738979
|detailschange|p1a: Greninja|Greninja-Mega, L50, M
|-mega|p1a: Greninja|Greninja|Greninjite
|move|p1a: Greninja|Dark Pulse|p2b: Slowbro
|-start|p1a: Greninja|typechange|Dark|[from] ability: Protean
|-supereffective|p2b: Slowbro|1
|-enditem|p2b: Slowbro|Colbur Berry|[eat]
|-enditem|p2b: Slowbro|Colbur Berry|[weaken]
|-damage|p2b: Slowbro|0 fnt
|faint|p2b: Slowbro
|move|p2a: Emboar|Drain Punch|p1a: Greninja
|-supereffective|p1a: Greninja|1
|-damage|p1a: Greninja|0 fnt
|-heal|p2a: Emboar|100/100 tox|[from] drain|[of] p1a: Greninja
|faint|p1a: Greninja
|move|p1b: Slowking|Chilling Water|p2a: Emboar
|-supereffective|p2a: Emboar|1
|-damage|p2a: Emboar|66/100 tox
|-unboost|p2a: Emboar|atk|1
|
|-weather|none
|-heal|p1b: Slowking|90/100|[from] item: Leftovers
|-damage|p2a: Emboar|54/100 tox|[from] psn
|upkeep
|
|t:|1783738999
|switch|p2b: Chandelure|Chandelure-Mega, L50, F|62/100 tox
|turn|9
|
|t:|1783739011
|move|p2b: Chandelure|Shadow Ball|p1b: Slowking
|-supereffective|p1b: Slowking|1
|-damage|p1b: Slowking|40/100
|move|p2a: Emboar|Flare Blitz|p1b: Slowking
|-damage|p1b: Slowking|3/100
|-status|p1b: Slowking|brn
|-damage|p2a: Emboar|43/100 tox|[from] Recoil
|move|p1b: Slowking|Chilling Water|p2b: Chandelure
|-supereffective|p2b: Chandelure|1
|-damage|p2b: Chandelure|43/100 tox
|-unboost|p2b: Chandelure|atk|1
|
|-heal|p1b: Slowking|9/100 brn|[from] item: Leftovers
|-damage|p2b: Chandelure|37/100 tox|[from] psn
|-damage|p2a: Emboar|25/100 tox|[from] psn
|-damage|p1b: Slowking|3/100 brn|[from] brn
|upkeep
|turn|10
|
|t:|1783739031
|move|p1b: Slowking|Protect|p1b: Slowking
|-singleturn|p1b: Slowking|Protect
|move|p2b: Chandelure|Shadow Ball|p1b: Slowking
|-activate|p1b: Slowking|move: Protect
|move|p2a: Emboar|Drain Punch|p1b: Slowking
|-activate|p1b: Slowking|move: Protect
|
|-heal|p1b: Slowking|9/100 brn|[from] item: Leftovers
|-damage|p2b: Chandelure|25/100 tox|[from] psn
|-damage|p2a: Emboar|1/100 tox|[from] psn
|-damage|p1b: Slowking|3/100 brn|[from] brn
|upkeep
|turn|11
|
|t:|1783739046
|move|p1b: Slowking|Protect||[still]
|-fail|p1b: Slowking
|move|p2b: Chandelure|Shadow Ball|p1b: Slowking
|-supereffective|p1b: Slowking|1
|-damage|p1b: Slowking|0 fnt
|faint|p1b: Slowking
|
|win|Hhoodeee
|c|☆AtomicTwilight|ggwp!
|l|☆Hhoodeee
|player|p2|
|j|☆Hhoodeee
|player|p2|Hhoodeee|juggler|
|l|☆Hhoodeee
|player|p2|
|n|☆AtomicTwilight|atomictwilight
