|j|☆ravus9
|j|☆Hj$88
|html|ravus9Hj$88    
|uhtml|bestof|Game 3 of a best-of-3
|t:|1757831088
|gametype|doubles
|player|p1|ravus9|hilbert-wonderlauncher|1048
|player|p2|Hj$88|1|1000
|gen|9
|tier|[Gen 9] VGC 2025 Reg H (Bo3)
|rated|
|rule|Species Clause: Limit one of each Pokémon
|rule|Item Clause: Limit 1 of each item
|clearpoke
|poke|p1|Volcarona, L50, F|
|poke|p1|Rillaboom, L50, M|
|poke|p1|Kingambit, L50, F|
|poke|p1|Ninetales-Alola, L50, F|
|poke|p1|Sneasler, L50, M|
|poke|p1|Basculegion, L50, M|
|poke|p2|Klefki, L50, F|
|poke|p2|Ursaluna-Bloodmoon, L50, M|
|poke|p2|Dragonite, L50, M|
|poke|p2|Archaludon, L50, M|
|poke|p2|Annihilape, L50, F|
|poke|p2|Maushold-Four, L50|
|teampreview|4
|showteam|p1|Volcarona||SitrusBerry|FlameBody|Overheat,WillOWisp,RagePowder,Protect|||F|||50|,,,,,Fairy]Rillaboom||AssaultVest|GrassySurge|GrassyGlide,WoodHammer,HighHorsepower,FakeOut|||M|||50|,,,,,Fire]Kingambit||SafetyGoggles|Defiant|KowtowCleave,SuckerPunch,SwordsDance,Protect|||F|||50|,,,,,Dark]Ninetales-Alola||LightClay|SnowWarning|Protect,Blizzard,AuroraVeil,Moonblast|||F|||50|,,,,,Ghost]Sneasler||FocusSash|Unburden|CloseCombat,DireClaw,Coaching,Protect|||M|||50|,,,,,Stellar]Basculegion||ChoiceScarf|Adaptability|WaveCrash,FlipTurn,AquaJet,LastRespects|||M|||50|,,,,,Fairy
|showteam|p2|Klefki||LightClay|Prankster|DazzlingGleam,MistyTerrain,Reflect,LightScreen|||F|||50|,,,,,Ghost]Ursaluna-Bloodmoon||AssaultVest|MindsEye|BloodMoon,EarthPower,HyperVoice,VacuumWave|||M|||50|,,,,,Water]Dragonite||LoadedDice|Multiscale|ScaleShot,Tailwind,Haze,Protect|||M|||50|,,,,,Fairy]Archaludon||PowerHerb|Stalwart|ElectroShot,FlashCannon,DracoMeteor,Protect|||M|||50|,,,,,Stellar]Annihilape||Leftovers|Defiant|RageFist,DrainPunch,BulkUp,Protect|||F|||50|,,,,,Fire]Maushold-Four||FocusSash|FriendGuard|BeatUp,FollowMe,Taunt,Protect||||||50|,,,,,Ghost
|
|t:|1757831157
|teamsize|p1|4
|teamsize|p2|4
|start
|switch|p1a: Kingambit|Kingambit, L50, F|100/100
|switch|p1b: Volcarona|Volcarona, L50, F|100/100
|switch|p2a: Annihilape|Annihilape, L50, F|100/100
|switch|p2b: Maushold|Maushold-Four, L50|100/100
|turn|1
|
|t:|1757831174
|move|p1b: Volcarona|Rage Powder|p1b: Volcarona
|-singleturn|p1b: Volcarona|move: Rage Powder
|move|p2b: Maushold|Taunt|p1b: Volcarona
|-start|p1b: Volcarona|move: Taunt
|move|p2a: Annihilape|Bulk Up|p2a: Annihilape
|-boost|p2a: Annihilape|atk|1
|-boost|p2a: Annihilape|def|1
|move|p1a: Kingambit|Swords Dance|p1a: Kingambit
|-boost|p1a: Kingambit|atk|2
|
|upkeep
|turn|2
|
|t:|1757831205
|-terastallize|p2a: Annihilape|Fire
|move|p2b: Maushold|Protect|p2b: Maushold
|-singleturn|p2b: Maushold|Protect
|move|p1a: Kingambit|Protect|p1a: Kingambit
|-singleturn|p1a: Kingambit|Protect
|move|p2a: Annihilape|Drain Punch|p1a: Kingambit
|-activate|p1a: Kingambit|move: Protect
|move|p1b: Volcarona|Overheat|p2a: Annihilape|[miss]
|-miss|p1b: Volcarona|p2a: Annihilape
|
|upkeep
|turn|3
|
|t:|1757831236
|switch|p1b: Rillaboom|Rillaboom, L50, M|100/100
|-fieldstart|move: Grassy Terrain|[from] ability: Grassy Surge|[of] p1b: Rillaboom
|-terastallize|p1a: Kingambit|Dark
|move|p1a: Kingambit|Sucker Punch|p2a: Annihilape
|-damage|p2a: Annihilape|44/100
|move|p2b: Maushold|Beat Up|p2a: Annihilape
|-damage|p2a: Annihilape|42/100
|-damage|p2a: Annihilape|40/100
|-damage|p2a: Annihilape|38/100
|-damage|p2a: Annihilape|36/100
|-hitcount|p2a: Annihilape|4
|move|p2a: Annihilape|Drain Punch|p1a: Kingambit
|-supereffective|p1a: Kingambit
|-damage|p1a: Kingambit|27/100
|-heal|p2a: Annihilape|75/100|[from] drain|[of] p1a: Kingambit
|
|-heal|p2a: Annihilape|81/100|[from] Grassy Terrain
|-heal|p2a: Annihilape|87/100|[from] item: Leftovers
|-heal|p1a: Kingambit|33/100|[from] Grassy Terrain
|upkeep
|turn|4
|
|t:|1757831274
|move|p2b: Maushold|Protect|p2b: Maushold
|-singleturn|p2b: Maushold|Protect
|move|p2a: Annihilape|Protect|p2a: Annihilape
|-singleturn|p2a: Annihilape|Protect
|move|p1b: Rillaboom|Fake Out|p2b: Maushold
|-activate|p2b: Maushold|move: Protect
|move|p1a: Kingambit|Sucker Punch||[still]
|-fail|p1a: Kingambit
|
|-heal|p2a: Annihilape|93/100|[from] Grassy Terrain
|-heal|p2a: Annihilape|99/100|[from] item: Leftovers
|-heal|p1a: Kingambit|39/100|[from] Grassy Terrain
|upkeep
|turn|5
|
|t:|1757831295
|move|p1a: Kingambit|Protect|p1a: Kingambit
|-singleturn|p1a: Kingambit|Protect
|move|p2b: Maushold|Follow Me|p2b: Maushold
|-singleturn|p2b: Maushold|move: Follow Me
|move|p2a: Annihilape|Rage Fist|p1b: Rillaboom
|-damage|p1b: Rillaboom|0 fnt
|faint|p1b: Rillaboom
|
|-heal|p2a: Annihilape|100/100|[from] Grassy Terrain
|-heal|p1a: Kingambit|44/100|[from] Grassy Terrain
|upkeep
|
|t:|1757831310
|switch|p1b: Volcarona|Volcarona, L50, F|100/100
|turn|6
|
|t:|1757831318
|move|p2b: Maushold|Follow Me|p2b: Maushold
|-singleturn|p2b: Maushold|move: Follow Me
|move|p1b: Volcarona|Rage Powder|p1b: Volcarona
|-singleturn|p1b: Volcarona|move: Rage Powder
|move|p2a: Annihilape|Rage Fist|p1b: Volcarona
|-damage|p1b: Volcarona|0 fnt
|faint|p1b: Volcarona
|move|p1a: Kingambit|Kowtow Cleave|p2b: Maushold
|-enditem|p2b: Maushold|Focus Sash
|-damage|p2b: Maushold|1/100
|
|-heal|p2b: Maushold|7/100|[from] Grassy Terrain
|-heal|p1a: Kingambit|50/100|[from] Grassy Terrain
|upkeep
|
|t:|1757831333
|switch|p1b: Basculegion|Basculegion, L50, M|100/100
|turn|7
|
|t:|1757831349
|move|p2b: Maushold|Follow Me|p2b: Maushold
|-singleturn|p2b: Maushold|move: Follow Me
|move|p1a: Kingambit|Sucker Punch||[still]
|-fail|p1a: Kingambit
|move|p1b: Basculegion|Last Respects|p2b: Maushold
|-immune|p2b: Maushold
|move|p2a: Annihilape|Rage Fist|p1b: Basculegion
|-supereffective|p1b: Basculegion
|-damage|p1b: Basculegion|0 fnt
|faint|p1b: Basculegion
|
|-heal|p2b: Maushold|13/100|[from] Grassy Terrain
|-heal|p1a: Kingambit|56/100|[from] Grassy Terrain
|-fieldend|move: Grassy Terrain
|upkeep
|turn|8
|n|!ravus9|ravus9
|-message|ravus9 forfeited.
|
|win|Hj$88
