|j|☆pakaan64
|j|☆geardox
|html|pakaan64geardox    
|uhtml|bestof|Game 1 of a best-of-3
|t:|1756568395
|gametype|doubles
|player|p1|pakaan64|101|1121
|player|p2|geardox|cyclist|1098
|gen|9
|tier|[Gen 9] VGC 2025 Reg H (Bo3)
|rated|
|rule|Species Clause: Limit one of each Pokémon
|rule|Item Clause: Limit 1 of each item
|clearpoke
|poke|p1|Metagross, L50|
|poke|p1|Ninetales-Alola, L50, F|
|poke|p1|Flygon, L50, F|
|poke|p1|Ursaluna, L50, F|
|poke|p1|Incineroar, L50, M|
|poke|p1|Electabuzz, L50, M|
|poke|p2|Sneasler, L50, M|
|poke|p2|Garchomp, L50, M|
|poke|p2|Corviknight, L50, F|
|poke|p2|Archaludon, L50, M|
|poke|p2|Amoonguss, L50, F|
|poke|p2|Incineroar, L50, F|
|teampreview|4
|showteam|p1|Metagross||Leftovers|ClearBody|HeavySlam,PsychicFangs,Protect,BulletPunch||||||50|,,,,,Water]Ninetales-Alola||LightClay|SnowWarning|AuroraVeil,Blizzard,Protect,Moonblast|||F|||50|,,,,,Ice]Flygon||CovertCloak|Levitate|Tailwind,DragonDance,Protect,Outrage|||F|||50|,,,,,Dragon]Ursaluna||FlameOrb|Guts|Earthquake,Protect,Facade,HeadlongRush|||F|||50|,,,,,Ground]Incineroar||AssaultVest|Intimidate|KnockOff,FakeOut,FlareBlitz,Uturn|||M|||50|,,,,,Bug]Electabuzz||Eviolite|VitalSpirit|Electroweb,FollowMe,Protect,HelpingHand|||M|||50|,,,,,Fairy
|showteam|p2|Sneasler||FocusSash|Unburden|DireClaw,CloseCombat,ThroatChop,Coaching|||M|||50|,,,,,Ghost]Garchomp||LifeOrb|RoughSkin|Protect,Earthquake,DragonClaw,StompingTantrum|||M|||50|,,,,,Ground]Corviknight||SitrusBerry|MirrorArmor|BraveBird,Tailwind,Roost,Taunt|||F|||50|,,,,,Fire]Archaludon||PowerHerb|Stamina|Protect,DracoMeteor,FlashCannon,ElectroShot|||M|||50|,,,,,Dragon]Amoonguss||RockyHelmet|Regenerator|ClearSmog,RagePowder,Spore,PollenPuff|||F|||50|,,,,,Water]Incineroar||AssaultVest|Intimidate|KnockOff,FlareBlitz,FakeOut,Uturn|||F|||50|,,,,,Ghost
|inactive|Battle timer is ON: inactive players will automatically lose when time's up. (requested by geardox)
|inactive|geardox has 60 seconds left.
|
|t:|1756568465
|teamsize|p1|4
|teamsize|p2|4
|start
|switch|p1a: Metagross|Metagross, L50|100/100
|switch|p1b: Flygon|Flygon, L50, F|100/100
|switch|p2a: Big Mo|Archaludon, L50, M|100/100
|switch|p2b: Chica|Corviknight, L50, F|100/100
|turn|1
|
|t:|1756568482
|switch|p1a: Ursaluna|Ursaluna, L50, F|100/100
|-terastallize|p2a: Big Mo|Dragon
|move|p1b: Flygon|Tailwind|p1b: Flygon
|-sidestart|p1: pakaan64|move: Tailwind
|move|p2a: Big Mo|Draco Meteor|p1b: Flygon|[miss]
|-miss|p2a: Big Mo|p1b: Flygon
|move|p2b: Chica|Tailwind|p2b: Chica
|-sidestart|p2: geardox|move: Tailwind
|
|-status|p1a: Ursaluna|brn|[from] item: Flame Orb
|upkeep
|turn|2
|inactive|pakaan64 has 30 seconds left.
|inactive|pakaan64 has 20 seconds left.
|inactive|pakaan64 has 15 seconds left.
|
|t:|1756568526
|move|p1b: Flygon|Outrage|p2b: Chica
|-resisted|p2b: Chica
|-damage|p2b: Chica|82/100
|move|p2a: Big Mo|Draco Meteor|p1a: Ursaluna|[miss]
|-miss|p2a: Big Mo|p1a: Ursaluna
|move|p2b: Chica|Brave Bird|p1a: Ursaluna
|-damage|p1a: Ursaluna|70/100 brn
|-damage|p2b: Chica|71/100|[from] Recoil
|move|p1a: Ursaluna|Facade|p2b: Chica
|-resisted|p2b: Chica
|-damage|p2b: Chica|30/100
|-enditem|p2b: Chica|Sitrus Berry|[eat]
|-heal|p2b: Chica|55/100|[from] item: Sitrus Berry
|
|-damage|p1a: Ursaluna|64/100 brn|[from] brn
|upkeep
|turn|3
|inactive|geardox has 30 seconds left.
|
|t:|1756568558
|move|p1b: Flygon|Outrage|p2b: Chica|[from] lockedmove
|-resisted|p2b: Chica
|-damage|p2b: Chica|35/100
|-start|p1b: Flygon|confusion|[fatigue]
|move|p2a: Big Mo|Draco Meteor|p1b: Flygon|[miss]
|-miss|p2a: Big Mo|p1b: Flygon
|move|p2b: Chica|Roost|p2b: Chica
|-heal|p2b: Chica|85/100
|-singleturn|p2b: Chica|move: Roost
|move|p1a: Ursaluna|Facade|p2b: Chica
|-resisted|p2b: Chica
|-damage|p2b: Chica|44/100
|
|-damage|p1a: Ursaluna|58/100 brn|[from] brn
|upkeep
|turn|4
|c|☆geardox|lol one day
|c|☆pakaan64|This is crazy
|inactive|geardox has 30 seconds left.
|
|t:|1756568592
|switch|p1a: Ninetales|Ninetales-Alola, L50, F|100/100
|-weather|Snowscape|[from] ability: Snow Warning|[of] p1a: Ninetales
|-activate|p1b: Flygon|confusion
|-damage|p1b: Flygon|90/100|[from] confusion
|move|p2a: Big Mo|Draco Meteor|p1a: Ninetales
|-immune|p1a: Ninetales
|move|p2b: Chica|Roost|p2b: Chica
|-heal|p2b: Chica|94/100
|-singleturn|p2b: Chica|move: Roost
|
|-weather|Snowscape|[upkeep]
|-sideend|p2: geardox|move: Tailwind
|-sideend|p1: pakaan64|move: Tailwind
|upkeep
|turn|5
|c|☆geardox|YO lol
|inactive|geardox has 30 seconds left.
|
|t:|1756568620
|-terastallize|p1a: Ninetales|Ice
|move|p1a: Ninetales|Blizzard|p2b: Chica|[spread] p2a,p2b
|-supereffective|p2a: Big Mo
|-crit|p2b: Chica
|-damage|p2a: Big Mo|9/100
|-damage|p2b: Chica|58/100
|-ability|p2a: Big Mo|Stamina|boost
|-boost|p2a: Big Mo|def|1
|-activate|p1b: Flygon|confusion
|move|p1b: Flygon|Outrage|p2a: Big Mo
|-supereffective|p2a: Big Mo
|-damage|p2a: Big Mo|0 fnt
|faint|p2a: Big Mo
|move|p2b: Chica|Tailwind|p2b: Chica
|-sidestart|p2: geardox|move: Tailwind
|
|-weather|Snowscape|[upkeep]
|upkeep
|
|t:|1756568635
|switch|p2a: Stinky Pete|Garchomp, L50, M|100/100
|turn|6
|
|t:|1756568646
|move|p2a: Stinky Pete|Earthquake|p1a: Ninetales|[spread] p1a
|-immune|p2b: Chica
|-immune|p1b: Flygon|[from] ability: Levitate
|-damage|p1a: Ninetales|59/100
|-damage|p2a: Stinky Pete|91/100|[from] item: Life Orb
|move|p2b: Chica|Brave Bird|p1b: Flygon
|-damage|p1b: Flygon|47/100
|-damage|p2b: Chica|47/100|[from] Recoil
|move|p1a: Ninetales|Blizzard|p2b: Chica|[spread] p2a,p2b
|-supereffective|p2a: Stinky Pete
|-damage|p2a: Stinky Pete|0 fnt
|-damage|p2b: Chica|25/100
|faint|p2a: Stinky Pete
|-activate|p1b: Flygon|confusion
|move|p1b: Flygon|Outrage|p2b: Chica|[from] lockedmove
|-resisted|p2b: Chica
|-damage|p2b: Chica|5/100
|
|-weather|Snowscape|[upkeep]
|upkeep
|
|t:|1756568663
|switch|p2a: Riku|Sneasler, L50, M|100/100
|turn|7
|
|t:|1756568681
|move|p2a: Riku|Dire Claw|p1a: Ninetales
|-damage|p1a: Ninetales|25/100
|move|p2b: Chica|Roost|p2b: Chica
|-heal|p2b: Chica|55/100
|-singleturn|p2b: Chica|move: Roost
|move|p1a: Ninetales|Blizzard|p2a: Riku|[spread] p2a,p2b
|-resisted|p2b: Chica
|-damage|p2a: Riku|57/100
|-damage|p2b: Chica|42/100
|-activate|p1b: Flygon|confusion
|move|p1b: Flygon|Tailwind|p1b: Flygon
|-sidestart|p1: pakaan64|move: Tailwind
|
|-weather|Snowscape|[upkeep]
|upkeep
|turn|8
|inactive|pakaan64 has 30 seconds left.
|
|t:|1756568709
|move|p2a: Riku|Dire Claw|p1a: Ninetales
|-damage|p1a: Ninetales|0 fnt
|faint|p1a: Ninetales
|-end|p1b: Flygon|confusion
|move|p1b: Flygon|Outrage|p2b: Chica
|-resisted|p2b: Chica
|-damage|p2b: Chica|23/100
|move|p2b: Chica|Brave Bird|p1b: Flygon
|-damage|p1b: Flygon|8/100
|-damage|p2b: Chica|13/100|[from] Recoil
|
|-weather|none
|-sideend|p2: geardox|move: Tailwind
|upkeep
|
|t:|1756568719
|switch|p1a: Metagross|Metagross, L50|100/100
|turn|9
|
|t:|1756568728
|move|p1b: Flygon|Outrage|p2a: Riku|[from] lockedmove
|-damage|p2a: Riku|0 fnt
|faint|p2a: Riku
|move|p1a: Metagross|Heavy Slam|p2b: Chica
|-resisted|p2b: Chica
|-damage|p2b: Chica|0 fnt
|faint|p2b: Chica
|
|win|pakaan64
||geardox is ready for game 2.
||pakaan64 is ready for game 2.
|uhtml|next|Next: Game 2 of 3
