|j|☆elfokaz
|j|☆marcusquinn
|html|elfokazmarcusquinn    
|uhtml|bestof|Game 1 of a best-of-3
|t:|1757647015
|gametype|doubles
|player|p1|elfokaz|266|1087
|player|p2|marcusquinn|hilbert-wonderlauncher|1180
|gen|9
|tier|[Gen 9] VGC 2025 Reg H (Bo3)
|rated|
|rule|Species Clause: Limit one of each Pokémon
|rule|Item Clause: Limit 1 of each item
|clearpoke
|poke|p1|Dragapult, L50, M|
|poke|p1|Kilowattrel, L50, M|
|poke|p1|Toedscruel, L50, M|
|poke|p1|Palafin, L50, M|
|poke|p1|Incineroar, L50, M|
|poke|p1|Weezing, L50, M|
|poke|p2|Archaludon, L50, F|
|poke|p2|Porygon2, L50|
|poke|p2|Incineroar, L50, M|
|poke|p2|Ursaluna, L50, M|
|poke|p2|Sneasler, L50, M|
|poke|p2|Dragonite, L50, M|
|teampreview|4
|showteam|p1|Dragapult||ChoiceBand|ClearBody|DragonDarts,PhantomForce,PsychicFangs,Uturn|||M|||50|,,,,,Dragon]Kilowattrel||CovertCloak|Competitive|VoltSwitch,AirSlash,Thunderbolt,Tailwind|||M|||50|,,,,,Electric]Toedscruel||LifeOrb|MyceliumMight|EnergyBall,EarthPower,Spore,Protect|||M|||50|,,,,,Fire]Palafin||MysticWater|ZerotoHero|JetPunch,WaveCrash,Haze,Protect|||M|||50|,,,,,Water]Incineroar||AbilityShield|Intimidate|FakeOut,KnockOff,FlareBlitz,PartingShot|||M|||50|,,,,,Ghost]Weezing||SitrusBerry|NeutralizingGas|SludgeBomb,Taunt,WillOWisp,Protect|||M|||50|,,,,,Dark
|showteam|p2|Archaludon||PowerHerb|Sturdy|Protect,ElectroShot,DracoMeteor,FlashCannon|||F|||50|,,,,,Electric]Porygon2||Eviolite|Download|TeraBlast,IceBeam,Recover,TrickRoom||||||50|,,,,,Fighting]Incineroar||SafetyGoggles|Intimidate|FlareBlitz,KnockOff,FakeOut,PartingShot|||M|||50|,,,,,Ghost]Ursaluna||FlameOrb|Guts|HeadlongRush,Facade,Earthquake,Protect|||M|||50|,,,,,Ghost]Sneasler||FocusSash|Unburden|Protect,CloseCombat,DireClaw,ThroatChop|||M|||50|,,,,,Stellar]Dragonite||LoadedDice|Multiscale|ScaleShot,Tailwind,Haze,Protect|||M|||50|,,,,,Fairy
|inactive|Battle timer is ON: inactive players will automatically lose when time's up. (requested by marcusquinn)
|inactive|elfokaz has 60 seconds left.
|inactive|elfokaz has 30 seconds left.
|
|t:|1757647079
|teamsize|p1|4
|teamsize|p2|4
|start
|switch|p1a: Palafin|Palafin, L50, M|100/100
|switch|p1b: Weezing|Weezing, L50, M|100/100
|switch|p2a: Dragonite|Dragonite, L50, M, shiny|100/100
|switch|p2b: Ursaluna|Ursaluna, L50, M|100/100
|-ability|p1b: Weezing|Neutralizing Gas
|turn|1
|inactive|marcusquinn has 30 seconds left.
|inactive|marcusquinn has 20 seconds left.
|inactive|marcusquinn has 15 seconds left.
|inactive|marcusquinn has 10 seconds left.
|
|t:|1757647127
|detailschange|p1a: Palafin|Palafin-Hero, L50, M
|switch|p1a: Incineroar|Incineroar, L50, M|100/100
|-ability|p1a: Incineroar|Intimidate|boost
|-unboost|p2a: Dragonite|atk|1
|-unboost|p2b: Ursaluna|atk|1
|-terastallize|p2b: Ursaluna|Ghost
|move|p2a: Dragonite|Scale Shot|p1b: Weezing
|-damage|p1b: Weezing|91/100
|-damage|p1b: Weezing|82/100
|-damage|p1b: Weezing|73/100
|-damage|p1b: Weezing|64/100
|-damage|p1b: Weezing|55/100
|-hitcount|p1b: Weezing|5
|-unboost|p2a: Dragonite|def|1
|-boost|p2a: Dragonite|spe|1
|move|p1b: Weezing|Will-O-Wisp|p2a: Dragonite
|-status|p2a: Dragonite|brn
|move|p2b: Ursaluna|Headlong Rush|p1b: Weezing
|-supereffective|p1b: Weezing
|-damage|p1b: Weezing|0 fnt
|-unboost|p2b: Ursaluna|def|1
|-unboost|p2b: Ursaluna|spd|1
|faint|p1b: Weezing
|-end|p1b: Weezing|ability: Neutralizing Gas
|
|-damage|p2a: Dragonite|95/100 brn|[from] brn
|-status|p2b: Ursaluna|brn|[from] item: Flame Orb
|upkeep
|inactive|elfokaz has 30 seconds left.
|
|t:|1757647160
|switch|p1b: Palafin|Palafin-Hero, L50, M|100/100
|-activate|p1b: Palafin|ability: Zero to Hero
|turn|2
|
|t:|1757647169
|-terastallize|p1b: Palafin|Water
|move|p2a: Dragonite|Protect|p2a: Dragonite
|-singleturn|p2a: Dragonite|Protect
|move|p2b: Ursaluna|Protect|p2b: Ursaluna
|-singleturn|p2b: Ursaluna|Protect
|move|p1a: Incineroar|Fake Out|p2a: Dragonite
|-activate|p2a: Dragonite|move: Protect
|move|p1b: Palafin|Wave Crash|p2b: Ursaluna
|-activate|p2b: Ursaluna|move: Protect
|
|-damage|p2a: Dragonite|89/100 brn|[from] brn
|-damage|p2b: Ursaluna|95/100 brn|[from] brn
|upkeep
|turn|3
|
|t:|1757647193
|switch|p2b: Incineroar|Incineroar, L50, M, shiny|100/100
|-ability|p2b: Incineroar|Intimidate|boost
|-unboost|p1a: Incineroar|atk|1
|-unboost|p1b: Palafin|atk|1
|move|p2a: Dragonite|Tailwind|p2a: Dragonite
|-sidestart|p2: marcusquinn|move: Tailwind
|move|p1b: Palafin|Wave Crash|p2b: Incineroar
|-supereffective|p2b: Incineroar
|-damage|p2b: Incineroar|0 fnt
|faint|p2b: Incineroar
|-damage|p1b: Palafin|65/100|[from] Recoil
|move|p1a: Incineroar|Knock Off|p2a: Dragonite
|-damage|p2a: Dragonite|45/100 brn
|-enditem|p2a: Dragonite|Loaded Dice|[from] move: Knock Off|[of] p1a: Incineroar
|
|-damage|p2a: Dragonite|39/100 brn|[from] brn
|upkeep
|
|t:|1757647207
|switch|p2b: Ursaluna|Ursaluna, L50, M, tera:Ghost|95/100 brn
|turn|4
|
|t:|1757647224
|switch|p1a: Toedscruel|Toedscruel, L50, M|100/100
|move|p1b: Palafin|Protect|p1b: Palafin
|-singleturn|p1b: Palafin|Protect
|move|p2a: Dragonite|Scale Shot|p1a: Toedscruel|[miss]
|-miss|p2a: Dragonite|p1a: Toedscruel
|move|p2b: Ursaluna|Earthquake|p1a: Toedscruel|[spread] p1a
|-activate|p1b: Palafin|move: Protect
|-immune|p2a: Dragonite
|-resisted|p1a: Toedscruel
|-damage|p1a: Toedscruel|45/100
|
|-damage|p2a: Dragonite|33/100 brn|[from] brn
|-damage|p2b: Ursaluna|89/100 brn|[from] brn
|upkeep
|turn|5
|inactive|elfokaz has 30 seconds left.
|
|t:|1757647253
|switch|p1b: Incineroar|Incineroar, L50, M|100/100
|-ability|p1b: Incineroar|Intimidate|boost
|-unboost|p2a: Dragonite|atk|1
|-unboost|p2b: Ursaluna|atk|1
|move|p1a: Toedscruel|Protect|p1a: Toedscruel
|-singleturn|p1a: Toedscruel|Protect
|move|p2a: Dragonite|Scale Shot|p1b: Incineroar
|-damage|p1b: Incineroar|97/100
|-damage|p1b: Incineroar|93/100
|-hitcount|p1b: Incineroar|2
|-unboost|p2a: Dragonite|def|1
|-boost|p2a: Dragonite|spe|1
|move|p2b: Ursaluna|Earthquake|p1b: Incineroar|[spread] p1b
|-activate|p1a: Toedscruel|move: Protect
|-immune|p2a: Dragonite
|-supereffective|p1b: Incineroar
|-damage|p1b: Incineroar|2/100
|
|-damage|p2a: Dragonite|27/100 brn|[from] brn
|-damage|p2b: Ursaluna|83/100 brn|[from] brn
|upkeep
|turn|6
|inactive|elfokaz has 30 seconds left.
|inactive|elfokaz has 20 seconds left.
|
|t:|1757647296
|move|p2a: Dragonite|Protect|p2a: Dragonite
|-singleturn|p2a: Dragonite|Protect
|move|p1b: Incineroar|Fake Out|p2a: Dragonite
|-activate|p2a: Dragonite|move: Protect
|move|p2b: Ursaluna|Earthquake|p1a: Toedscruel|[spread] p1a,p1b
|-activate|p2a: Dragonite|move: Protect
|-resisted|p1a: Toedscruel
|-supereffective|p1b: Incineroar
|-damage|p1a: Toedscruel|11/100
|-damage|p1b: Incineroar|0 fnt
|faint|p1b: Incineroar
|move|p1a: Toedscruel|Earth Power|p2b: Ursaluna
|-damage|p2b: Ursaluna|42/100 brn
|-damage|p1a: Toedscruel|1/100|[from] item: Life Orb
|
|-damage|p2a: Dragonite|21/100 brn|[from] brn
|-damage|p2b: Ursaluna|36/100 brn|[from] brn
|-sideend|p2: marcusquinn|move: Tailwind
|upkeep
|
|t:|1757647303
|switch|p1b: Palafin|Palafin-Hero, L50, M, tera:Water|65/100
|turn|7
|
|t:|1757647326
|move|p1b: Palafin|Jet Punch|p2a: Dragonite
|-resisted|p2a: Dragonite
|-damage|p2a: Dragonite|0 fnt
|faint|p2a: Dragonite
|move|p1a: Toedscruel|Earth Power|p2b: Ursaluna
|-damage|p2b: Ursaluna|0 fnt
|faint|p2b: Ursaluna
|-damage|p1a: Toedscruel|0 fnt|[from] item: Life Orb
|faint|p1a: Toedscruel
|
|upkeep
|
|t:|1757647335
|switch|p2b: Sneasler|Sneasler, L50, M|100/100
|turn|8
|
|t:|1757647341
|move|p1b: Palafin|Jet Punch|p2b: Sneasler
|-enditem|p2b: Sneasler|Focus Sash
|-damage|p2b: Sneasler|1/100
|move|p2b: Sneasler|Close Combat|p1b: Palafin
|-damage|p1b: Palafin|7/100
|-unboost|p2b: Sneasler|def|1
|-unboost|p2b: Sneasler|spd|1
|
|upkeep
|turn|9
|
|t:|1757647351
|move|p2b: Sneasler|Protect|p2b: Sneasler
|-singleturn|p2b: Sneasler|Protect
|move|p1b: Palafin|Jet Punch|p2b: Sneasler
|-activate|p2b: Sneasler|move: Protect
|
|upkeep
|turn|10
|
|t:|1757647356
|move|p2b: Sneasler|Protect||[still]
|-fail|p2b: Sneasler
|move|p1b: Palafin|Jet Punch|p2b: Sneasler
|-damage|p2b: Sneasler|0 fnt
|faint|p2b: Sneasler
|
|win|elfokaz
||marcusquinn is ready for game 2.
||elfokaz is ready for game 2.
|uhtml|next|Next: Game 2 of 3
|l|☆marcusquinn
|player|p2|
|j|☆marcusquinn
|player|p2|marcusquinn|hilbert-wonderlauncher|
