|j|☆puli95
|j|☆playrornds
|html|puli95playrornds    
|uhtml|bestof|Game 2 of a best-of-3
|t:|1756598959
|gametype|doubles
|player|p1|puli95|170|1001
|player|p2|playrornds|giovanni-gen1rb|1106
|gen|9
|tier|[Gen 9] VGC 2025 Reg H (Bo3)
|rated|
|rule|Species Clause: Limit one of each Pokémon
|rule|Item Clause: Limit 1 of each item
|clearpoke
|poke|p1|Garchomp, L50, F|
|poke|p1|Corviknight, L50, M|
|poke|p1|Whimsicott, L50, F|
|poke|p1|Incineroar, L50, M|
|poke|p1|Torkoal, L50, F|
|poke|p1|Slowbro-Galar, L50, M|
|poke|p2|Gholdengo, L50|
|poke|p2|Kilowattrel, L50, F|
|poke|p2|Ursaluna, L50, F|
|poke|p2|Porygon2, L50|
|poke|p2|Incineroar, L50, M|
|poke|p2|Amoonguss, L50, M|
|teampreview|4
|showteam|p1|Garchomp||RockyHelmet|RoughSkin|DragonClaw,StompingTantrum,Earthquake,Protect|||F|||50|,,,,,Ground]Corviknight||WeaknessPolicy|MirrorArmor|BodyPress,PowerTrip,IronDefense,Roost|||M|||50|,,,,,Water]Whimsicott||CovertCloak|Prankster|Moonblast,Tailwind,Encore,LightScreen|||F|||50|,,,,,Dark]Incineroar||SafetyGoggles|Intimidate|KnockOff,WillOWisp,FakeOut,PartingShot|||M|||50|,,,,,Bug]Torkoal||Charcoal|Drought|Eruption,HeatWave,EarthPower,Protect|||F|||50|,,,,,Fire]Slowbro-Galar||QuickClaw|QuickDraw|ShellSideArm,ExpandingForce,TrickRoom,HealPulse|||M|||50|,,,,,Dark
|showteam|p2|Gholdengo||LifeOrb|GoodasGold|MakeItRain,ShadowBall,NastyPlot,Protect||||||50|,,,,,Water]Kilowattrel||FocusSash|Competitive|Thunderbolt,AirSlash,Tailwind,Protect|||F|||50|,,,,,Ghost]Ursaluna||FlameOrb|Guts|Facade,HeadlongRush,Earthquake,Protect|||F|||50|,,,,,Fairy]Porygon2||Eviolite|Download|TeraBlast,IceBeam,Recover,TrickRoom||||||50|,,,,,Fighting]Incineroar||AssaultVest|Intimidate|FakeOut,FlareBlitz,KnockOff,Uturn|||M|||50|,,,,,Grass]Amoonguss||SitrusBerry|Regenerator|SludgeBomb,Spore,RagePowder,Protect|||M|||50|,,,,,Water
|
|t:|1756599001
|teamsize|p1|4
|teamsize|p2|4
|start
|switch|p1a: Whimsicott|Whimsicott, L50, F|100/100
|switch|p1b: Incineroar|Incineroar, L50, M|100/100
|switch|p2a: Amoonguss|Amoonguss, L50, M|100/100
|switch|p2b: Gholdengo|Gholdengo, L50|100/100
|-ability|p1b: Incineroar|Intimidate|boost
|-unboost|p2a: Amoonguss|atk|1
|-unboost|p2b: Gholdengo|atk|1
|turn|1
|
|t:|1756599050
|switch|p2a: Kilowattrel|Kilowattrel, L50, F|100/100
|-terastallize|p1a: Whimsicott|Dark
|move|p2b: Gholdengo|Protect|p2b: Gholdengo
|-singleturn|p2b: Gholdengo|Protect
|move|p1a: Whimsicott|Light Screen|p1a: Whimsicott
|-sidestart|p1: puli95|move: Light Screen
|move|p1b: Incineroar|Knock Off|p2b: Gholdengo
|-activate|p2b: Gholdengo|move: Protect
|
|upkeep
|turn|2
|
|t:|1756599067
|-terastallize|p2b: Gholdengo|Water
|move|p1a: Whimsicott|Tailwind|p1a: Whimsicott
|-sidestart|p1: puli95|move: Tailwind
|move|p2a: Kilowattrel|Tailwind|p2a: Kilowattrel
|-sidestart|p2: playrornds|move: Tailwind
|move|p2b: Gholdengo|Nasty Plot|p2b: Gholdengo
|-boost|p2b: Gholdengo|spa|2
|move|p1b: Incineroar|Knock Off|p2b: Gholdengo
|-damage|p2b: Gholdengo|58/100
|-enditem|p2b: Gholdengo|Life Orb|[from] move: Knock Off|[of] p1b: Incineroar
|
|upkeep
|turn|3
|
|t:|1756599095
|move|p2a: Kilowattrel|Protect|p2a: Kilowattrel
|-singleturn|p2a: Kilowattrel|Protect
|move|p1a: Whimsicott|Moonblast|p2b: Gholdengo
|-damage|p2b: Gholdengo|24/100
|move|p2b: Gholdengo|Nasty Plot|p2b: Gholdengo
|-boost|p2b: Gholdengo|spa|2
|move|p1b: Incineroar|Parting Shot|p2a: Kilowattrel
|-activate|p2a: Kilowattrel|move: Protect
|
|upkeep
|turn|4
|
|t:|1756599109
|move|p2a: Kilowattrel|Thunderbolt|p1b: Incineroar
|-damage|p1b: Incineroar|77/100
|move|p1a: Whimsicott|Moonblast|p2b: Gholdengo
|-damage|p2b: Gholdengo|0 fnt
|faint|p2b: Gholdengo
|move|p1b: Incineroar|Parting Shot|p2a: Kilowattrel
|-unboost|p2a: Kilowattrel|atk|1
|-ability|p2a: Kilowattrel|Competitive|boost
|-boost|p2a: Kilowattrel|spa|2
|-unboost|p2a: Kilowattrel|spa|1
|-ability|p2a: Kilowattrel|Competitive|boost
|-boost|p2a: Kilowattrel|spa|2
|
|t:|1756599121
|switch|p1b: Slowbro|Slowbro-Galar, L50, M|100/100|[from] Parting Shot
|
|upkeep
|
|t:|1756599124
|switch|p2b: Ursaluna|Ursaluna, L50, F|100/100
|turn|5
|-activate|p1b: Slowbro|ability: Quick Draw
|
|t:|1756599142
|move|p1b: Slowbro|Shell Side Arm|p2a: Kilowattrel|[anim] Shell Side Arm Special
|-damage|p2a: Kilowattrel|28/100
|-hint|Special Shell Side Arm
|-status|p2a: Kilowattrel|psn
|move|p2a: Kilowattrel|Thunderbolt|p1b: Slowbro
|-damage|p1b: Slowbro|17/100
|move|p1a: Whimsicott|Moonblast|p2a: Kilowattrel
|-damage|p2a: Kilowattrel|0 fnt
|faint|p2a: Kilowattrel
|move|p2b: Ursaluna|Earthquake|p1a: Whimsicott|[spread] p1a,p1b
|-supereffective|p1b: Slowbro
|-damage|p1a: Whimsicott|44/100
|-damage|p1b: Slowbro|0 fnt
|faint|p1b: Slowbro
|
|-sideend|p1: puli95|move: Light Screen
|-sideend|p1: puli95|move: Tailwind
|-sideend|p2: playrornds|move: Tailwind
|-status|p2b: Ursaluna|brn|[from] item: Flame Orb
|upkeep
|
|t:|1756599159
|switch|p2a: Amoonguss|Amoonguss, L50, M|100/100
|switch|p1b: Incineroar|Incineroar, L50, M|77/100
|-ability|p1b: Incineroar|Intimidate|boost
|-unboost|p2a: Amoonguss|atk|1
|-unboost|p2b: Ursaluna|atk|1
|turn|6
|
|t:|1756599193
|switch|p1a: Corviknight|Corviknight, L50, M|100/100
|move|p2b: Ursaluna|Protect|p2b: Ursaluna
|-singleturn|p2b: Ursaluna|Protect
|move|p1b: Incineroar|Parting Shot|p2a: Amoonguss
|-unboost|p2a: Amoonguss|atk|1
|-unboost|p2a: Amoonguss|spa|1
|
|t:|1756599200
|switch|p1b: Whimsicott|Whimsicott, L50, F, tera:Dark|44/100|[from] Parting Shot
|move|p2a: Amoonguss|Sludge Bomb|p1a: Corviknight
|-immune|p1a: Corviknight
|
|-damage|p2b: Ursaluna|95/100 brn|[from] brn
|upkeep
|turn|7
|
|t:|1756599227
|move|p1b: Whimsicott|Encore|p2a: Amoonguss
|-start|p2a: Amoonguss|Encore
|move|p2b: Ursaluna|Facade|p1a: Corviknight
|-resisted|p1a: Corviknight
|-damage|p1a: Corviknight|72/100
|move|p1a: Corviknight|Iron Defense|p1a: Corviknight
|-boost|p1a: Corviknight|def|2
|move|p2a: Amoonguss|Sludge Bomb|p1a: Corviknight
|-immune|p1a: Corviknight
|
|-damage|p2b: Ursaluna|89/100 brn|[from] brn
|upkeep
|turn|8
|
|t:|1756599248
|switch|p1b: Incineroar|Incineroar, L50, M|77/100
|-ability|p1b: Incineroar|Intimidate|boost
|-unboost|p2a: Amoonguss|atk|1
|-unboost|p2b: Ursaluna|atk|1
|move|p2b: Ursaluna|Facade|p1a: Corviknight
|-resisted|p1a: Corviknight
|-damage|p1a: Corviknight|61/100
|move|p1a: Corviknight|Body Press|p2b: Ursaluna
|-supereffective|p2b: Ursaluna
|-damage|p2b: Ursaluna|12/100 brn
|move|p2a: Amoonguss|Sludge Bomb|p1b: Incineroar
|-damage|p1b: Incineroar|60/100
|-status|p1b: Incineroar|psn
|
|-damage|p1b: Incineroar|48/100 psn|[from] psn
|-damage|p2b: Ursaluna|6/100 brn|[from] brn
|upkeep
|turn|9
|
|t:|1756599267
|move|p2b: Ursaluna|Facade|p1a: Corviknight
|-resisted|p1a: Corviknight
|-damage|p1a: Corviknight|49/100
|move|p1a: Corviknight|Roost|p1a: Corviknight
|-heal|p1a: Corviknight|99/100
|-singleturn|p1a: Corviknight|move: Roost
|move|p1b: Incineroar|Parting Shot|p2a: Amoonguss
|-unboost|p2a: Amoonguss|atk|1
|-unboost|p2a: Amoonguss|spa|1
|
|t:|1756599276
|switch|p1b: Whimsicott|Whimsicott, L50, F, tera:Dark|44/100|[from] Parting Shot
|move|p2a: Amoonguss|Sludge Bomb|p1b: Whimsicott
|-damage|p1b: Whimsicott|26/100
|
|-damage|p2b: Ursaluna|0 fnt|[from] brn
|faint|p2b: Ursaluna
|-end|p2a: Amoonguss|Encore
|upkeep
|turn|10
|-message|playrornds forfeited.
|
|win|puli95
