|j|☆Tronman17
|j|☆saboyita
|html|Tronman17saboyita    
|uhtml|bestof|Game 2 of a best-of-3
|t:|1756498293
|gametype|doubles
|player|p1|Tronman17|steven|1096
|player|p2|saboyita|grimsley|1084
|gen|9
|tier|[Gen 9] VGC 2025 Reg H (Bo3)
|rated|
|rule|Species Clause: Limit one of each Pokémon
|rule|Item Clause: Limit 1 of each item
|clearpoke
|poke|p1|Archaludon, L50, M|
|poke|p1|Pelipper, L50, F|
|poke|p1|Annihilape, L50, M|
|poke|p1|Rillaboom, L50, F|
|poke|p1|Sinistcha, L50|
|poke|p1|Ursaluna, L50, M|
|poke|p2|Amoonguss, L50, M|
|poke|p2|Hydreigon, L50, F|
|poke|p2|Whimsicott, L50, M|
|poke|p2|Maushold-Four, L50|
|poke|p2|Annihilape, L50, M|
|poke|p2|Ursaluna-Bloodmoon, L50, M|
|teampreview|4
|showteam|p1|Archaludon||AssaultVest|Stamina|BodyPress,ElectroShot,FlashCannon,DragonPulse|||M|||50|,,,,,Fairy]Pelipper||CovertCloak|Drizzle|Hurricane,WeatherBall,Tailwind,Uturn|||F|||50|,,,,,Stellar]Annihilape||Leftovers|Defiant|DrainPunch,RageFist,BulkUp,Protect|||M|||50|,,,,,Fire]Rillaboom||LoadedDice|GrassySurge|GrassyGlide,BulletSeed,FakeOut,HighHorsepower|||F|||50|,,,,,Fire]Sinistcha||SitrusBerry|Hospitality|MatchaGotcha,LifeDew,TrickRoom,RagePowder||||||50|,,,,,Water]Ursaluna||FlameOrb|Guts|Facade,Substitute,HeadlongRush,Protect|||M|||50|,,,,,Ghost
|showteam|p2|Amoonguss||MentalHerb|Regenerator|ClearSmog,Spore,RagePowder,Protect|||M|||50|,,,,,Water]Hydreigon||ChoiceSpecs|Levitate|Snarl,HeatWave,DarkPulse,DracoMeteor|||F|||50|,,,,,Ghost]Whimsicott||CovertCloak|Prankster|BeatUp,Encore,HelpingHand,Tailwind|||M|||50|,,,,,Dark]Maushold-Four||WideLens|Technician|PopulationBomb,Taunt,FollowMe,Protect||||||50|,,,,,Ghost]Annihilape||Leftovers|Defiant|RageFist,CloseCombat,FinalGambit,Protect|||M|||50|,,,,,Fire]Ursaluna-Bloodmoon||LifeOrb|MindsEye|HyperVoice,EarthPower,BloodMoon,Protect|||M|||50|,,,,,Water
|inactive|Battle timer is ON: inactive players will automatically lose when time's up. (requested by saboyita)
|
|t:|1756498312
|teamsize|p1|4
|teamsize|p2|4
|start
|switch|p1a: Annihilape|Annihilape, L50, M, shiny|100/100
|switch|p1b: Pelipper|Pelipper, L50, F, shiny|100/100
|switch|p2a: Whimsicott|Whimsicott, L50, M|100/100
|switch|p2b: Annihilape|Annihilape, L50, M|100/100
|-weather|RainDance|[from] ability: Drizzle|[of] p1b: Pelipper
|turn|1
|inactive|saboyita has 30 seconds left.
|
|t:|1756498342
|move|p2b: Annihilape|Protect|p2b: Annihilape
|-singleturn|p2b: Annihilape|Protect
|move|p2a: Whimsicott|Tailwind|p2a: Whimsicott
|-sidestart|p2: saboyita|move: Tailwind
|move|p1b: Pelipper|Hurricane|p2b: Annihilape
|-activate|p2b: Annihilape|move: Protect
|move|p1a: Annihilape|Bulk Up|p1a: Annihilape
|-boost|p1a: Annihilape|atk|1
|-boost|p1a: Annihilape|def|1
|
|-weather|RainDance|[upkeep]
|upkeep
|turn|2
|inactive|Tronman17 has 30 seconds left.
|
|t:|1756498375
|-terastallize|p2b: Annihilape|Fire
|move|p2a: Whimsicott|Encore|p1a: Annihilape
|-start|p1a: Annihilape|Encore
|move|p2b: Annihilape|Rage Fist|p1b: Pelipper
|-damage|p1b: Pelipper|72/100
|move|p1b: Pelipper|Hurricane|p2b: Annihilape
|-damage|p2b: Annihilape|62/100
|-start|p2b: Annihilape|confusion
|move|p1a: Annihilape|Bulk Up|p1a: Annihilape
|-boost|p1a: Annihilape|atk|1
|-boost|p1a: Annihilape|def|1
|
|-weather|RainDance|[upkeep]
|-heal|p2b: Annihilape|68/100|[from] item: Leftovers
|upkeep
|turn|3
|
|t:|1756498399
|switch|p2a: Maushold|Maushold-Four, L50|100/100
|-terastallize|p1a: Annihilape|Fire
|-activate|p2b: Annihilape|confusion
|-damage|p2b: Annihilape|55/100|[from] confusion
|move|p1b: Pelipper|U-turn|p2a: Maushold
|-damage|p2a: Maushold|87/100
|
|t:|1756498411
|switch|p1b: Archaludon|Archaludon, L50, M, shiny|100/100|[from] U-turn
|move|p1a: Annihilape|Bulk Up|p1a: Annihilape
|-boost|p1a: Annihilape|atk|1
|-boost|p1a: Annihilape|def|1
|
|-weather|RainDance|[upkeep]
|-heal|p2b: Annihilape|61/100|[from] item: Leftovers
|upkeep
|turn|4
|
|t:|1756498436
|-end|p2b: Annihilape|confusion
|move|p2b: Annihilape|Protect|p2b: Annihilape
|-singleturn|p2b: Annihilape|Protect
|move|p2a: Maushold|Population Bomb|p1a: Annihilape
|-damage|p1a: Annihilape|96/100
|-damage|p1a: Annihilape|90/100
|-damage|p1a: Annihilape|85/100
|-damage|p1a: Annihilape|80/100
|-crit|p1a: Annihilape
|-damage|p1a: Annihilape|65/100
|-damage|p1a: Annihilape|59/100
|-damage|p1a: Annihilape|54/100
|-damage|p1a: Annihilape|50/100
|-damage|p1a: Annihilape|44/100
|-crit|p1a: Annihilape
|-damage|p1a: Annihilape|28/100
|-hitcount|p1a: Annihilape|10
|move|p1a: Annihilape|Bulk Up|p1a: Annihilape
|-boost|p1a: Annihilape|atk|1
|-boost|p1a: Annihilape|def|1
|move|p1b: Archaludon|Electro Shot||[still]
|-prepare|p1b: Archaludon|Electro Shot
|-boost|p1b: Archaludon|spa|1
|-anim|p1b: Archaludon|Electro Shot|p2b: Annihilape
|-activate|p2b: Annihilape|move: Protect
|
|-weather|RainDance|[upkeep]
|-heal|p2b: Annihilape|67/100|[from] item: Leftovers
|-heal|p1a: Annihilape|35/100|[from] item: Leftovers
|-end|p1a: Annihilape|Encore
|-sideend|p2: saboyita|move: Tailwind
|upkeep
|turn|5
|inactive|Tronman17 has 30 seconds left.
|inactive|saboyita has 30 seconds left.
|inactive|Tronman17 has 20 seconds left.
|inactive|saboyita has 20 seconds left.
|inactive|Tronman17 has 15 seconds left.
|inactive|saboyita has 15 seconds left.
|
|t:|1756498481
|switch|p2b: Whimsicott|Whimsicott, L50, M|100/100
|switch|p1b: Sinistcha|Sinistcha, L50|100/100
|-heal|p1a: Annihilape|60/100|[from] ability: Hospitality|[of] p1b: Sinistcha
|move|p2a: Maushold|Population Bomb|p1a: Annihilape
|-damage|p1a: Annihilape|55/100
|-damage|p1a: Annihilape|51/100
|-damage|p1a: Annihilape|47/100
|-damage|p1a: Annihilape|43/100
|-damage|p1a: Annihilape|39/100
|-damage|p1a: Annihilape|34/100
|-damage|p1a: Annihilape|30/100
|-damage|p1a: Annihilape|26/100
|-damage|p1a: Annihilape|22/100
|-damage|p1a: Annihilape|19/100
|-hitcount|p1a: Annihilape|10
|move|p1a: Annihilape|Drain Punch|p2b: Whimsicott
|-resisted|p2b: Whimsicott
|-damage|p2b: Whimsicott|36/100
|-heal|p1a: Annihilape|45/100|[from] drain|[of] p2b: Whimsicott
|
|-weather|none
|-heal|p1a: Annihilape|51/100|[from] item: Leftovers
|upkeep
|turn|6
|inactive|Tronman17 has 30 seconds left.
|inactive|saboyita has 30 seconds left.
|inactive|saboyita has 20 seconds left.
|inactive|saboyita has 15 seconds left.
|inactive|saboyita has 10 seconds left.
|
|t:|1756498537
|switch|p1b: Archaludon|Archaludon, L50, M, shiny|100/100
|move|p2a: Maushold|Protect|p2a: Maushold
|-singleturn|p2a: Maushold|Protect
|move|p2b: Whimsicott|Tailwind|p2b: Whimsicott
|-sidestart|p2: saboyita|move: Tailwind
|move|p1a: Annihilape|Drain Punch|p2b: Whimsicott
|-resisted|p2b: Whimsicott
|-damage|p2b: Whimsicott|0 fnt
|-heal|p1a: Annihilape|65/100|[from] drain|[of] p2b: Whimsicott
|faint|p2b: Whimsicott
|
|-heal|p1a: Annihilape|72/100|[from] item: Leftovers
|upkeep
|
|t:|1756498551
|switch|p2b: Hydreigon|Hydreigon, L50, F|100/100
|turn|7
|
|t:|1756498564
|move|p2a: Maushold|Follow Me|p2a: Maushold
|-singleturn|p2a: Maushold|move: Follow Me
|move|p2b: Hydreigon|Draco Meteor|p1a: Annihilape
|-damage|p1a: Annihilape|0 fnt
|-unboost|p2b: Hydreigon|spa|2
|faint|p1a: Annihilape
|move|p1b: Archaludon|Dragon Pulse|p2a: Maushold
|-damage|p2a: Maushold|19/100
|
|upkeep
|
|t:|1756498575
|switch|p1a: Pelipper|Pelipper, L50, F, shiny|72/100
|-weather|RainDance|[from] ability: Drizzle|[of] p1a: Pelipper
|turn|8
|inactive|saboyita has 30 seconds left.
|
|t:|1756498601
|switch|p2b: Annihilape|Annihilape, L50, M, tera:Fire|67/100
|move|p2a: Maushold|Population Bomb|p1a: Pelipper
|-crit|p1a: Pelipper
|-damage|p1a: Pelipper|53/100
|-damage|p1a: Pelipper|40/100
|-damage|p1a: Pelipper|28/100
|-damage|p1a: Pelipper|15/100
|-crit|p1a: Pelipper
|-damage|p1a: Pelipper|0 fnt
|faint|p1a: Pelipper
|-hitcount|p1: Pelipper|5
|move|p1b: Archaludon|Electro Shot||[still]
|-prepare|p1b: Archaludon|Electro Shot
|-boost|p1b: Archaludon|spa|1
|-anim|p1b: Archaludon|Electro Shot|p2b: Annihilape
|-damage|p2b: Annihilape|7/100
|
|-weather|RainDance|[upkeep]
|-heal|p2b: Annihilape|13/100|[from] item: Leftovers
|upkeep
|
|t:|1756498620
|switch|p1a: Sinistcha|Sinistcha, L50|100/100
|turn|9
|inactive|Tronman17 has 30 seconds left.
|inactive|saboyita has 30 seconds left.
|
|t:|1756498653
|move|p2a: Maushold|Follow Me|p2a: Maushold
|-singleturn|p2a: Maushold|move: Follow Me
|move|p1a: Sinistcha|Rage Powder|p1a: Sinistcha
|-singleturn|p1a: Sinistcha|move: Rage Powder
|move|p2b: Annihilape|Rage Fist|p1a: Sinistcha
|-supereffective|p1a: Sinistcha
|-damage|p1a: Sinistcha|0 fnt
|faint|p1a: Sinistcha
|move|p1b: Archaludon|Electro Shot||[still]
|-prepare|p1b: Archaludon|Electro Shot
|-boost|p1b: Archaludon|spa|1
|-anim|p1b: Archaludon|Electro Shot|p2a: Maushold
|-damage|p2a: Maushold|0 fnt
|faint|p2a: Maushold
|
|-weather|RainDance|[upkeep]
|-heal|p2b: Annihilape|19/100|[from] item: Leftovers
|-sideend|p2: saboyita|move: Tailwind
|upkeep
|
|t:|1756498664
|switch|p2a: Hydreigon|Hydreigon, L50, F|100/100
|turn|10
|
|t:|1756498687
|move|p2a: Hydreigon|Draco Meteor|p1b: Archaludon
|-damage|p1b: Archaludon|19/100
|-unboost|p2a: Hydreigon|spa|2
|-ability|p1b: Archaludon|Stamina|boost
|-boost|p1b: Archaludon|def|1
|move|p2b: Annihilape|Close Combat|p1b: Archaludon
|-supereffective|p1b: Archaludon
|-damage|p1b: Archaludon|0 fnt
|-unboost|p2b: Annihilape|def|1
|-unboost|p2b: Annihilape|spd|1
|faint|p1b: Archaludon
|
|win|saboyita
