|j|☆googymoon
|j|☆metalblackknight
|html|googymoonmetalblackknight    
|uhtml|bestof|Game 3 of a best-of-3
|t:|1784296699
|gametype|doubles
|player|p1|googymoon|brawly|1066
|player|p2|metalblackknight|clerk|1135
|gen|9
|tier|[Gen 9 Champions] VGC 2026 Reg M-B (Bo3)
|rated|
|rule|Species Clause: Limit one of each Pokémon
|rule|Item Clause: Limit 1 of each item
|clearpoke
|poke|p1|Aggron, L50, M, shiny|
|poke|p1|Grimmsnarl, L50, M, shiny|
|poke|p1|Drampa, L50, M|
|poke|p1|Farigiraf, L50, F|
|poke|p1|Oranguru, L50, M|
|poke|p1|Pangoro, L50, F|
|poke|p2|Araquanid, L50, F|
|poke|p2|Pelipper, L50, M|
|poke|p2|Charizard, L50, M|
|poke|p2|Garchomp, L50, F|
|poke|p2|Annihilape, L50, M|
|poke|p2|Kingambit, L50, M|
|teampreview|4
|showteam|p1|Aggron||Aggronite|HeavyMetal|BodyPress,Rest,IronDefense,SleepTalk|Adamant||M|||50|]Grimmsnarl||LightClay|Prankster|LightScreen,SpiritBreak,FakeOut,Reflect|Adamant||M|||50|]Drampa||Drampanite|CloudNine|DracoMeteor,Blizzard,EnergyBall,Protect|Modest||M|||50|]Farigiraf||FocusSash|ArmorTail|TrickRoom,DazzlingGleam,NastyPlot,Protect|Modest||F|||50|]Oranguru||Leftovers|InnerFocus|Instruct,CalmMind,KnockOff,HyperVoice|Quiet||M|||50|]Pangoro||RoseliBerry|Scrappy|Entrainment,BulletPunch,CloseCombat,DrainPunch|Careful||F|||50|
|showteam|p2|Araquanid||MysticWater|WaterBubble|Liquidation,IcyWind,WideGuard,Entrainment|Adamant||F|||50|]Pelipper||SitrusBerry|Drizzle|Tailwind,WeatherBall,Hurricane,Protect|Modest||M|||50|]Charizard||CharizarditeY|Blaze|WeatherBall,HeatWave,SolarBeam,Protect|Timid||M|||50|]Garchomp||LifeOrb|RoughSkin|Earthquake,DragonClaw,RockSlide,Protect|Jolly||F|||50|]Annihilape||FocusSash|Defiant|CloseCombat,PhantomForce,RockTomb,Protect|Jolly||M|||50|]Kingambit||ChopleBerry|Defiant|KowtowCleave,IronHead,SuckerPunch,Protect|Brave||M|||50|
|inactive|Battle timer is ON: inactive players will automatically lose when time's up. (requested by metalblackknight)
|
|t:|1784296716
|teamsize|p1|4
|teamsize|p2|4
|start
|switch|p1a: Lofi|Grimmsnarl, L50, M, shiny|100/100
|switch|p1b: Diamonds 2|Farigiraf, L50, F|100/100
|switch|p2a: Kingambit|Kingambit, L50, M|100/100
|switch|p2b: Charizard|Charizard, L50, M|100/100
|turn|1
|inactive|googymoon has 30 seconds left.
|
|t:|1784296742
|detailschange|p2b: Charizard|Charizard-Mega-Y, L50, M
|-mega|p2b: Charizard|Charizard|Charizardite Y
|-weather|SunnyDay|[from] ability: Drought|[of] p2b: Charizard
|move|p1a: Lofi|Fake Out|p2a: Kingambit
|-resisted|p2a: Kingambit|1
|-damage|p2a: Kingambit|94/100
|move|p2b: Charizard|Heat Wave|p1b: Diamonds 2|[spread] p1a,p1b
|-damage|p1a: Lofi|17/100
|-damage|p1b: Diamonds 2|22/100
|cant|p2a: Kingambit|flinch
|move|p1b: Diamonds 2|Trick Room|p1b: Diamonds 2
|-fieldstart|move: Trick Room|[of] p1b: Diamonds 2
|
|-weather|SunnyDay|[upkeep]
|upkeep
|turn|2
|
|t:|1784296763
|move|p1b: Diamonds 2|Protect|p1b: Diamonds 2
|-singleturn|p1b: Diamonds 2|Protect
|move|p1a: Lofi|Light Screen|p1a: Lofi
|-sidestart|p1: googymoon|move: Light Screen
|move|p2a: Kingambit|Kowtow Cleave|p1b: Diamonds 2
|-activate|p1b: Diamonds 2|move: Protect
|move|p2b: Charizard|Heat Wave|p1b: Diamonds 2|[spread] p1a
|-activate|p1b: Diamonds 2|move: Protect
|-damage|p1a: Lofi|0 fnt
|faint|p1a: Lofi
|
|-weather|SunnyDay|[upkeep]
|upkeep
|
|t:|1784296776
|switch|p1a: Captain Davies|Aggron, L50, M, shiny|100/100
|turn|3
|
|t:|1784296789
|detailschange|p1a: Captain Davies|Aggron-Mega, L50, M, shiny
|-mega|p1a: Captain Davies|Aggron|Aggronite
|move|p2a: Kingambit|Kowtow Cleave|p1b: Diamonds 2
|-supereffective|p1b: Diamonds 2|1
|-damage|p1b: Diamonds 2|0 fnt
|faint|p1b: Diamonds 2
|move|p1a: Captain Davies|Body Press|p2b: Charizard
|-resisted|p2b: Charizard|1
|-damage|p2b: Charizard|69/100
|move|p2b: Charizard|Weather Ball|p1a: Captain Davies
|-supereffective|p1a: Captain Davies|1
|-damage|p1a: Captain Davies|4/100
|
|-weather|SunnyDay|[upkeep]
|upkeep
|
|t:|1784296801
|switch|p1b: Contingency Panda|Pangoro, L50, F|100/100
|turn|4
|
|t:|1784296809
|move|p2a: Kingambit|Kowtow Cleave|p1a: Captain Davies
|-crit|p1a: Captain Davies
|-damage|p1a: Captain Davies|0 fnt
|faint|p1a: Captain Davies
|move|p1b: Contingency Panda|Close Combat|p2a: Kingambit
|-supereffective|p2a: Kingambit|2
|-enditem|p2a: Kingambit|Chople Berry|[eat]
|-enditem|p2a: Kingambit|Chople Berry|[weaken]
|-damage|p2a: Kingambit|20/100y
|-unboost|p1b: Contingency Panda|def|1
|-unboost|p1b: Contingency Panda|spd|1
|move|p2b: Charizard|Weather Ball|p1b: Contingency Panda
|-damage|p1b: Contingency Panda|16/100
|
|-weather|SunnyDay|[upkeep]
|upkeep
|turn|5
|
|t:|1784296823
|move|p2a: Kingambit|Iron Head|p1b: Contingency Panda
|-damage|p1b: Contingency Panda|0 fnt
|faint|p1b: Contingency Panda
|
|win|metalblackknight
|raw|googymoon's rating: 1066 → 1050(-16 for losing)
|raw|metalblackknight's rating: 1135 → 1155(+20 for winning)
