|j|â˜†Karlye
|j|â˜†Mamoswinefanboi
|html|KarlyeMamoswinefanboi    
|uhtml|bestof|Game 1 of a best-of-3
|t:|1756713899
|gametype|doubles
|player|p1|Karlye|lucas-gen4pt|1191
|player|p2|Mamoswinefanboi|170|1196
|gen|9
|tier|[Gen 9] VGC 2025 Reg H (Bo3)
|rated|
|rule|Species Clause: Limit one of each PokÃ©mon
|rule|Item Clause: Limit 1 of each item
|clearpoke
|poke|p1|Porygon2, L50|
|poke|p1|Rillaboom, L50, M|
|poke|p1|Ursaluna, L50, M|
|poke|p1|Jumpluff, L50, F|
|poke|p1|Charizard, L50, M|
|poke|p1|Torkoal, L50, F|
|poke|p2|Rillaboom, L50, M|
|poke|p2|Volcarona, L50, F|
|poke|p2|Dragonite, L50, F|
|poke|p2|Electabuzz, L50, M|
|poke|p2|Kingambit, L50, M|
|poke|p2|Sneasler, L50, M|
|teampreview|4
|showteam|p1|Porygon2||Eviolite|Download|TeraBlast,IceBeam,TrickRoom,Recover||||||50|,,,,,Fighting]Rillaboom||AssaultVest|GrassySurge|FakeOut,GrassyGlide,WoodHammer,HighHorsepower|||M|||50|,,,,,Water]Ursaluna||FlameOrb|Guts|Protect,Facade,Earthquake,HeadlongRush|||M|||50|,,,,,Ghost]Jumpluff||CovertCloak|Chlorophyll|SleepPowder,SunnyDay,Tailwind,RagePowder|||F|||50|,,,,,Fire]Charizard||ChoiceSpecs|SolarPower|HeatWave,Overheat,WeatherBall,DragonPulse|||M|||50|,,,,,Ghost]Torkoal||EjectPack|Drought|Overheat,Eruption,HelpingHand,Protect|||F|||50|,,,,,Fire
|showteam|p2|Rillaboom||AssaultVest|GrassySurge|WoodHammer,GrassyGlide,HighHorsepower,FakeOut|||M|||50|,,,,,Fire]Volcarona||CovertCloak|FlameBody|HeatWave,TeraBlast,Protect,QuiverDance|||F|||50|,,,,,Fairy]Dragonite||LoadedDice|Multiscale|ScaleShot,Tailwind,Haze,Protect|||F|||50|,,,,,Fairy]Electabuzz||Eviolite|VitalSpirit|Electroweb,FollowMe,Protect,HelpingHand|||M|||50|,,,,,Ghost]Kingambit||BlackGlasses|Defiant|KowtowCleave,SuckerPunch,SwordsDance,Protect|||M|||50|,,,,,Fire]Sneasler||FocusSash|Unburden|CloseCombat,DireClaw,Coaching,FakeOut|||M|||50|,,,,,Fighting
|inactive|Battle timer is ON: inactive players will automatically lose when time's up. (requested by Karlye)
|c|â˜†Karlye|Glhf
|inactive|Karlye has 60 seconds left.
|
|t:|1756714006
|teamsize|p1|4
|teamsize|p2|4
|start
|switch|p1a: Jumpluff|Jumpluff, L50, F|100/100
|switch|p1b: Torkoal|Torkoal, L50, F|100/100
|switch|p2a: Dragonite|Dragonite, L50, F|100/100
|switch|p2b: Electabuzz|Electabuzz, L50, M|100/100
|-weather|SunnyDay|[from] ability: Drought|[of] p1b: Torkoal
|turn|1
|c|â˜†Mamoswinefanboi|U2
|inactive|Karlye has 30 seconds left.
|
|t:|1756714038
|move|p1a: Jumpluff|Tailwind|p1a: Jumpluff
|-sidestart|p1: Karlye|move: Tailwind
|move|p2b: Electabuzz|Electroweb|p1b: Torkoal|[spread] p1a,p1b
|-damage|p1a: Jumpluff|87/100
|-damage|p1b: Torkoal|84/100
|-unboost|p1b: Torkoal|spe|1
|-enditem|p1b: Torkoal|Eject Pack
|
|t:|1756714049
|switch|p1b: Ursaluna|Ursaluna, L50, M|100/100
|move|p2a: Dragonite|Scale Shot|p1a: Jumpluff
|-damage|p1a: Jumpluff|69/100
|-damage|p1a: Jumpluff|49/100
|-damage|p1a: Jumpluff|30/100
|-damage|p1a: Jumpluff|12/100
|-hitcount|p1a: Jumpluff|4
|-unboost|p2a: Dragonite|def|1
|-boost|p2a: Dragonite|spe|1
|
|-weather|SunnyDay|[upkeep]
|-status|p1b: Ursaluna|brn|[from] item: Flame Orb
|upkeep
|turn|2
|inactive|Karlye has 30 seconds left.
|
|t:|1756714080
|switch|p1a: Charizard|Charizard, L50, M|100/100
|move|p2a: Dragonite|Protect|p2a: Dragonite
|-singleturn|p2a: Dragonite|Protect
|move|p2b: Electabuzz|Protect|p2b: Electabuzz
|-singleturn|p2b: Electabuzz|Protect
|move|p1b: Ursaluna|Earthquake|p2b: Electabuzz|[spread] 
|-activate|p2a: Dragonite|move: Protect
|-activate|p2b: Electabuzz|move: Protect
|-immune|p1a: Charizard
|
|-weather|SunnyDay|[upkeep]
|-damage|p1a: Charizard|88/100|[from] ability: Solar Power|[of] p1a: Charizard
|-damage|p1b: Ursaluna|94/100 brn|[from] brn
|upkeep
|turn|3
|inactive|Karlye has 30 seconds left.
|inactive|Mamoswinefanboi has 30 seconds left.
|inactive|Karlye has 20 seconds left.
|inactive|Karlye has 15 seconds left.
|
|t:|1756714125
|move|p1a: Charizard|Overheat|p2b: Electabuzz
|-damage|p2b: Electabuzz|0 fnt
|-unboost|p1a: Charizard|spa|2
|faint|p2b: Electabuzz
|move|p2a: Dragonite|Scale Shot|p1a: Charizard
|-damage|p1a: Charizard|67/100
|-damage|p1a: Charizard|45/100
|-damage|p1a: Charizard|23/100
|-damage|p1a: Charizard|2/100
|-damage|p1a: Charizard|0 fnt
|faint|p1a: Charizard
|-hitcount|p1: Charizard|5
|-unboost|p2a: Dragonite|def|1
|-boost|p2a: Dragonite|spe|1
|move|p1b: Ursaluna|Facade|p2a: Dragonite
|-damage|p2a: Dragonite|0 fnt
|faint|p2a: Dragonite
|
|-weather|SunnyDay|[upkeep]
|-damage|p1b: Ursaluna|88/100 brn|[from] brn
|upkeep
|
|t:|1756714143
|switch|p2b: Kingambit|Kingambit, L50, M|100/100
|switch|p1a: Jumpluff|Jumpluff, L50, F|12/100
|switch|p2a: Rillaboom|Rillaboom, L50, M|100/100
|-fieldstart|move: Grassy Terrain|[from] ability: Grassy Surge|[of] p2a: Rillaboom
|turn|4
|inactive|Karlye has 30 seconds left.
|inactive|Karlye has 20 seconds left.
|inactive|Karlye has 15 seconds left.
|inactive|Karlye has 10 seconds left.
|
|t:|1756714191
|switch|p1a: Torkoal|Torkoal, L50, F|84/100
|move|p2b: Kingambit|Protect|p2b: Kingambit
|-singleturn|p2b: Kingambit|Protect
|move|p2a: Rillaboom|Fake Out|p1a: Torkoal
|-damage|p1a: Torkoal|73/100
|move|p1b: Ursaluna|Headlong Rush|p2b: Kingambit
|-activate|p2b: Kingambit|move: Protect
|
|-weather|SunnyDay|[upkeep]
|-heal|p1b: Ursaluna|94/100 brn|[from] Grassy Terrain
|-heal|p1a: Torkoal|79/100|[from] Grassy Terrain
|-damage|p1b: Ursaluna|88/100 brn|[from] brn
|-sideend|p1: Karlye|move: Tailwind
|upkeep
|turn|5
|inactive|Karlye has 30 seconds left.
|inactive|Karlye has 20 seconds left.
|
|t:|1756714229
|-terastallize|p2b: Kingambit|Fire
|move|p1b: Ursaluna|Protect|p1b: Ursaluna
|-singleturn|p1b: Ursaluna|Protect
|move|p2a: Rillaboom|Wood Hammer|p1b: Ursaluna
|-activate|p1b: Ursaluna|move: Protect
|move|p2b: Kingambit|Kowtow Cleave|p1b: Ursaluna
|-activate|p1b: Ursaluna|move: Protect
|move|p1a: Torkoal|Overheat|p2b: Kingambit
|-resisted|p2b: Kingambit
|-damage|p2b: Kingambit|64/100
|-unboost|p1a: Torkoal|spa|2
|
|-weather|none
|-heal|p1b: Ursaluna|94/100 brn|[from] Grassy Terrain
|-heal|p2b: Kingambit|70/100|[from] Grassy Terrain
|-heal|p1a: Torkoal|85/100|[from] Grassy Terrain
|-damage|p1b: Ursaluna|88/100 brn|[from] brn
|upkeep
|turn|6
|inactive|Karlye has 30 seconds left.
|inactive|Karlye has 20 seconds left.
|
|t:|1756714266
|-terastallize|p1b: Ursaluna|Ghost
|move|p1a: Torkoal|Helping Hand|p1b: Ursaluna
|-singleturn|p1b: Ursaluna|Helping Hand|[of] p1a: Torkoal
|move|p2b: Kingambit|Sucker Punch|p2a: Rillaboom
|-damage|p2a: Rillaboom|55/100
|move|p2a: Rillaboom|Wood Hammer|p1b: Ursaluna
|-damage|p1b: Ursaluna|29/100 brn
|-damage|p2a: Rillaboom|35/100|[from] Recoil
|move|p1b: Ursaluna|Facade|p2a: Rillaboom
|-damage|p2a: Rillaboom|0 fnt
|faint|p2a: Rillaboom
|
|-heal|p1b: Ursaluna|36/100 brn|[from] Grassy Terrain
|-heal|p2b: Kingambit|76/100|[from] Grassy Terrain
|-heal|p1a: Torkoal|91/100|[from] Grassy Terrain
|-damage|p1b: Ursaluna|29/100 brn|[from] brn
|upkeep
|turn|7
|l|â˜†Karlye
|inactive|Karlye disconnected and has a minute to reconnect!
|player|p1|
|j|â˜†Karlye
|inactive|Karlye reconnected and has 35 seconds left.
|player|p1|Karlye|lucas-gen4pt|
|inactive|Karlye has 30 seconds left.
|inactive|Karlye has 20 seconds left.
|
|t:|1756714302
|switch|p1a: Jumpluff|Jumpluff, L50, F|12/100
|move|p1b: Ursaluna|Protect|p1b: Ursaluna
|-singleturn|p1b: Ursaluna|Protect
|move|p2b: Kingambit|Kowtow Cleave|p1a: Jumpluff
|-damage|p1a: Jumpluff|0 fnt
|faint|p1a: Jumpluff
|
|-heal|p1b: Ursaluna|36/100 brn|[from] Grassy Terrain
|-heal|p2b: Kingambit|82/100|[from] Grassy Terrain
|-damage|p1b: Ursaluna|29/100 brn|[from] brn
|upkeep
|
|t:|1756714309
|switch|p1a: Torkoal|Torkoal, L50, F|91/100
|-weather|SunnyDay|[from] ability: Drought|[of] p1a: Torkoal
|turn|8
|
|t:|1756714326
|move|p1b: Ursaluna|Protect||[still]
|-fail|p1b: Ursaluna
|move|p2b: Kingambit|Sucker Punch||[still]
|-fail|p2b: Kingambit
|move|p1a: Torkoal|Eruption|p2b: Kingambit
|-resisted|p2b: Kingambit
|-damage|p2b: Kingambit|45/100
|
|-weather|SunnyDay|[upkeep]
|-heal|p1b: Ursaluna|36/100 brn|[from] Grassy Terrain
|-heal|p2b: Kingambit|51/100|[from] Grassy Terrain
|-heal|p1a: Torkoal|96/100|[from] Grassy Terrain
|-damage|p1b: Ursaluna|29/100 brn|[from] brn
|-fieldend|move: Grassy Terrain
|upkeep
|turn|9
|
|t:|1756714343
|move|p2b: Kingambit|Sucker Punch|p1b: Ursaluna
|-supereffective|p1b: Ursaluna
|-damage|p1b: Ursaluna|0 fnt
|faint|p1b: Ursaluna
|move|p1a: Torkoal|Overheat|p2b: Kingambit
|-resisted|p2b: Kingambit
|-damage|p2b: Kingambit|16/100
|-unboost|p1a: Torkoal|spa|2
|
|-weather|SunnyDay|[upkeep]
|upkeep
|turn|10
|
|t:|1756714351
|move|p2b: Kingambit|Kowtow Cleave|p1a: Torkoal
|-damage|p1a: Torkoal|50/100
|move|p1a: Torkoal|Overheat|p2b: Kingambit
|-resisted|p2b: Kingambit
|-damage|p2b: Kingambit|0 fnt
|-unboost|p1a: Torkoal|spa|2
|faint|p2b: Kingambit
|
|win|Karlye
