|j|☆spellbreakvgc
|j|☆PoorMonVgc
|html|spellbreakvgcPoorMonVgc    
|uhtml|bestof|Game 2 of a best-of-3
|t:|1756721416
|gametype|doubles
|player|p1|spellbreakvgc|lance|1190
|player|p2|PoorMonVgc|169|1166
|gen|9
|tier|[Gen 9] VGC 2025 Reg H (Bo3)
|rated|
|rule|Species Clause: Limit one of each Pokémon
|rule|Item Clause: Limit 1 of each item
|clearpoke
|poke|p1|Typhlosion-Hisui, L50, F|
|poke|p1|Dragapult, L50, M|
|poke|p1|Sneasler, L50, F|
|poke|p1|Indeedee, L50, M|
|poke|p1|Ursaluna-Bloodmoon, L50, M|
|poke|p1|Talonflame, L50, F|
|poke|p2|Sneasler, L50, M|
|poke|p2|Magmar, L50, M|
|poke|p2|Rillaboom, L50, M|
|poke|p2|Espathra, L50, M|
|poke|p2|Kingambit, L50, F|
|poke|p2|Arcanine-Hisui, L50, F|
|teampreview|4
|showteam|p1|Typhlosion-Hisui||ChoiceSpecs|Blaze|Eruption,HeatWave,ShadowBall,FocusBlast|||F|||50|,,,,,Fire]Dragapult||ChoiceBand|ClearBody|DragonDarts,Outrage,PhantomForce,Uturn|||M|||50|,,,,,Dragon]Sneasler||PsychicSeed|Unburden|DireClaw,CloseCombat,ThroatChop,Protect|||F|||50|,,,,,Dark]Indeedee||FocusSash|PsychicSurge|ExpandingForce,TeraBlast,TrickRoom,Imprison|||M|||50|,,,,,Psychic]Ursaluna-Bloodmoon||LifeOrb|MindsEye|BloodMoon,HyperVoice,EarthPower,Protect|||M|||50|,,,,,Normal]Talonflame||CovertCloak|GaleWings|Tailwind,Taunt,WillOWisp,BraveBird|||F|||50|,,,,,Ghost
|showteam|p2|Sneasler||FocusSash|Unburden|FakeOut,CloseCombat,DireClaw,Coaching|||M|||50|,,,,,Ghost]Magmar||Eviolite|VitalSpirit|FollowMe,HeatWave,Taunt,Protect|||M|||50|,,,,,Dragon]Rillaboom||AssaultVest|GrassySurge|FakeOut,WoodHammer,GrassyGlide,HighHorsepower|||M|||50|,,,,,Fire]Espathra||GrassySeed|SpeedBoost|StoredPower,TeraBlast,CalmMind,Protect|||M|||50|,,,,,Fighting]Kingambit||SafetyGoggles|Defiant|KowtowCleave,SuckerPunch,SwordsDance,Protect|||F|||50|,,,,,Dark]Arcanine-Hisui||LoadedDice|Intimidate|FlareBlitz,RockBlast,ExtremeSpeed,Protect|||F|||50|,,,,,Ghost
|inactive|Battle timer is ON: inactive players will automatically lose when time's up. (requested by PoorMonVgc)
|
|t:|1756721467
|teamsize|p1|4
|teamsize|p2|4
|start
|switch|p1a: Typhlosion|Typhlosion-Hisui, L50, F|100/100
|switch|p1b: Indeedee|Indeedee, L50, M|100/100
|switch|p2a: Magmar|Magmar, L50, M|100/100
|switch|p2b: Espathra|Espathra, L50, M, shiny|100/100
|-fieldstart|move: Psychic Terrain|[from] ability: Psychic Surge|[of] p1b: Indeedee
|turn|1
|
|t:|1756721487
|-terastallize|p1a: Typhlosion|Fire
|move|p2a: Magmar|Protect|p2a: Magmar
|-singleturn|p2a: Magmar|Protect
|move|p2b: Espathra|Protect|p2b: Espathra
|-singleturn|p2b: Espathra|Protect
|move|p1b: Indeedee|Expanding Force|p2a: Magmar|[spread] 
|-activate|p2a: Magmar|move: Protect
|-activate|p2b: Espathra|move: Protect
|move|p1a: Typhlosion|Eruption|p2a: Magmar|[spread] 
|-activate|p2a: Magmar|move: Protect
|-activate|p2b: Espathra|move: Protect
|
|-ability|p2b: Espathra|Speed Boost|boost
|-boost|p2b: Espathra|spe|1
|upkeep
|turn|2
|
|t:|1756721505
|move|p2b: Espathra|Stored Power|p1a: Typhlosion
|-damage|p1a: Typhlosion|70/100
|move|p1b: Indeedee|Expanding Force|p2b: Espathra|[spread] p2a,p2b
|-resisted|p2b: Espathra
|-damage|p2a: Magmar|59/100
|-damage|p2b: Espathra|68/100
|move|p1a: Typhlosion|Eruption|p2b: Espathra|[spread] p2a,p2b
|-resisted|p2a: Magmar
|-damage|p2a: Magmar|27/100
|-damage|p2b: Espathra|0 fnt
|faint|p2b: Espathra
|move|p2a: Magmar|Taunt|p1b: Indeedee
|-start|p1b: Indeedee|move: Taunt
|
|upkeep
|
|t:|1756721512
|switch|p2b: Rillaboom|Rillaboom, L50, M|100/100
|-fieldstart|move: Grassy Terrain|[from] ability: Grassy Surge|[of] p2b: Rillaboom
|turn|3
|
|t:|1756721525
|switch|p1a: Dragapult|Dragapult, L50, M|100/100
|switch|p1b: Sneasler|Sneasler, L50, F|100/100
|move|p2b: Rillaboom|Fake Out|p1a: Dragapult
|-immune|p1a: Dragapult
|move|p2a: Magmar|Heat Wave|p1a: Dragapult|[spread] p1a,p1b
|-resisted|p1a: Dragapult
|-damage|p1a: Dragapult|84/100
|-damage|p1b: Sneasler|65/100
|
|-heal|p1a: Dragapult|90/100|[from] Grassy Terrain
|-heal|p1b: Sneasler|71/100|[from] Grassy Terrain
|-heal|p2a: Magmar|32/100|[from] Grassy Terrain
|upkeep
|turn|4
|
|t:|1756721542
|move|p2a: Magmar|Follow Me|p2a: Magmar
|-singleturn|p2a: Magmar|move: Follow Me
|move|p1a: Dragapult|Dragon Darts|p2a: Magmar
|-damage|p2a: Magmar|0 fnt
|faint|p2a: Magmar
|move|p1b: Sneasler|Dire Claw|p2b: Rillaboom
|-supereffective|p2b: Rillaboom
|-crit|p2b: Rillaboom
|-damage|p2b: Rillaboom|0 fnt
|faint|p2b: Rillaboom
|
|-heal|p1a: Dragapult|96/100|[from] Grassy Terrain
|-heal|p1b: Sneasler|77/100|[from] Grassy Terrain
|upkeep
|inactive|PoorMonVgc has 30 seconds left.
|
|t:|1756721571
|switch|p2b: Arcanine|Arcanine-Hisui, L50, F|100/100
|-ability|p2b: Arcanine|Intimidate|boost
|-fail|p1a: Dragapult|unboost|[from] ability: Clear Body|[of] p1a: Dragapult
|-unboost|p1b: Sneasler|atk|1
|turn|5
|
|t:|1756721577
|-terastallize|p2b: Arcanine|Ghost
|move|p1a: Dragapult|Dragon Darts|p2b: Arcanine
|-damage|p2b: Arcanine|59/100
|-anim|p1a: Dragapult|Dragon Darts|p2b: Arcanine
|-damage|p2b: Arcanine|9/100
|move|p1b: Sneasler|Close Combat|p2b: Arcanine
|-immune|p2b: Arcanine
|move|p2b: Arcanine|Rock Blast|p1b: Sneasler
|-resisted|p1b: Sneasler
|-damage|p1b: Sneasler|66/100
|-resisted|p1b: Sneasler
|-damage|p1b: Sneasler|55/100
|-resisted|p1b: Sneasler
|-damage|p1b: Sneasler|45/100
|-resisted|p1b: Sneasler
|-damage|p1b: Sneasler|35/100
|-resisted|p1b: Sneasler
|-damage|p1b: Sneasler|24/100
|-hitcount|p1b: Sneasler|5
|
|-heal|p1a: Dragapult|100/100|[from] Grassy Terrain
|-heal|p1b: Sneasler|30/100|[from] Grassy Terrain
|-heal|p2b: Arcanine|15/100|[from] Grassy Terrain
|upkeep
|turn|6
|
|t:|1756721586
|move|p1a: Dragapult|Dragon Darts|p2b: Arcanine
|-damage|p2b: Arcanine|0 fnt
|faint|p2b: Arcanine
|
|win|spellbreakvgc
||spellbreakvgc is ready for game 3.
||PoorMonVgc is ready for game 3.
|uhtml|next|Next: Game 3 of 3
