|j|☆glofer
|j|☆archyx05
|html|gloferarchyx05    
|uhtml|bestof|Game 1 of a best-of-3
|t:|1785273551
|gametype|doubles
|player|p1|glofer|blackbelt|1111
|player|p2|archyx05|101|1115
|gen|9
|tier|[Gen 9 Champions] VGC 2026 Reg M-B (Bo3)
|rated|
|rule|Species Clause: Limit one of each Pokémon
|rule|Item Clause: Limit 1 of each item
|clearpoke
|poke|p1|Bellibolt, L50, M|
|poke|p1|Heliolisk, L50, F|
|poke|p1|Emolga, L50, F|
|poke|p1|Raichu, L50, F|
|poke|p1|Manectric, L50, M|
|poke|p1|Eelektross, L50, F|
|poke|p2|Sinistcha, L50|
|poke|p2|Garchomp, L50, M|
|poke|p2|Sneasler, L50, F, shiny|
|poke|p2|Floette-Eternal, L50, F|
|poke|p2|Incineroar, L50, F|
|poke|p2|Kingambit, L50, M, shiny|
|teampreview|4
|showteam|p1|Bellibolt||Leftovers|Electromorphosis|ParabolicCharge,AcidSpray,Soak,Protect|Quiet||M|||50|]Heliolisk||ChoiceScarf|DrySkin|Discharge,HyperVoice,DragonPulse,ShedTail|Timid||F|||50|]Emolga||FocusSash|MotorDrive|Electroweb,AirSlash,Encore,Protect|Timid||F|||50|]Raichu||RaichuniteY|LightningRod|ZapCannon,FocusBlast,FakeOut,Protect|Timid||F|||50|]Manectric||Manectite|LightningRod|Thunderbolt,Flamethrower,Snarl,Protect|Timid||M|||50|]Eelektross||LifeOrb|Levitate|SupercellSlam,DrainPunch,Bulldoze,Coil|Adamant||F|||50|
|showteam|p2|Sinistcha||KasibBerry|Hospitality|MatchaGotcha,RagePowder,TrickRoom,Protect|Bold|||||50|]Garchomp||Garchompite|SandVeil|Protect,RockSlide,Earthquake,StompingTantrum|Adamant||M|||50|]Sneasler||FocusSash|Unburden|CloseCombat,DireClaw,FakeOut,Coaching|Jolly||F|||50|]Floette-Eternal||Floettite|FlowerVeil|Protect,CalmMind,Moonblast,DazzlingGleam|Modest||F|||50|]Incineroar||SitrusBerry|Intimidate|FakeOut,FlareBlitz,DarkestLariat,PartingShot|Impish||F|||50|]Kingambit||ChopleBerry|Defiant|KowtowCleave,SuckerPunch,IronHead,Protect|Adamant||M|||50|
|inactive|Battle timer is ON: inactive players will automatically lose when time's up. (requested by archyx05)
|
|t:|1785273578
|teamsize|p1|4
|teamsize|p2|4
|start
|switch|p1a: Manectric|Manectric, L50, M|100/100
|switch|p1b: Bellibolt|Bellibolt, L50, M|100/100
|switch|p2a: Incineroar|Incineroar, L50, F|100/100
|switch|p2b: Garchomp|Garchomp, L50, M|100/100
|-ability|p2a: Incineroar|Intimidate|boost
|-unboost|p1a: Manectric|atk|1
|-unboost|p1b: Bellibolt|atk|1
|turn|1
|
|t:|1785273588
|detailschange|p2b: Garchomp|Garchomp-Mega, L50, M
|-mega|p2b: Garchomp|Garchomp|Garchompite
|move|p1a: Manectric|Protect|p1a: Manectric
|-singleturn|p1a: Manectric|Protect
|move|p1b: Bellibolt|Protect|p1b: Bellibolt
|-singleturn|p1b: Bellibolt|Protect
|move|p2a: Incineroar|Fake Out|p1b: Bellibolt
|-activate|p1b: Bellibolt|move: Protect
|move|p2b: Garchomp|Stomping Tantrum|p1a: Manectric
|-activate|p1a: Manectric|move: Protect
|
|upkeep
|turn|2
|
|t:|1785273604
|switch|p2a: Sinistcha|Sinistcha, L50|100/100
|detailschange|p1a: Manectric|Manectric-Mega, L50, M
|-mega|p1a: Manectric|Manectric|Manectite
|-ability|p1a: Manectric|Intimidate|boost
|-unboost|p2a: Sinistcha|atk|1
|-unboost|p2b: Garchomp|atk|1
|move|p1a: Manectric|Thunderbolt|p2a: Sinistcha
|-resisted|p2a: Sinistcha|1
|-damage|p2a: Sinistcha|76/100
|move|p2b: Garchomp|Earthquake|p1b: Bellibolt|[spread] p2a,p1a,p1b
|-resisted|p2a: Sinistcha|1
|-supereffective|p1a: Manectric|1
|-supereffective|p1b: Bellibolt|1
|-damage|p2a: Sinistcha|62/100
|-damage|p1a: Manectric|6/100
|-damage|p1b: Bellibolt|55/100
|-start|p1b: Bellibolt|Charge|Earthquake|[from] ability: Electromorphosis
|move|p1b: Bellibolt|Soak|p2b: Garchomp
|-start|p2b: Garchomp|typechange|Water
|
|-heal|p1b: Bellibolt|61/100|[from] item: Leftovers
|upkeep
|turn|3
|
|t:|1785273625
|switch|p2b: Incineroar|Incineroar, L50, F|100/100
|-ability|p2b: Incineroar|Intimidate|boost
|-unboost|p1a: Manectric|atk|1
|-unboost|p1b: Bellibolt|atk|1
|move|p1a: Manectric|Flamethrower|p2a: Sinistcha
|-supereffective|p2a: Sinistcha|1
|-damage|p2a: Sinistcha|2/100
|move|p2a: Sinistcha|Matcha Gotcha|p1a: Manectric|[spread] p1a,p1b
|-damage|p1a: Manectric|0 fnt
|-heal|p2a: Sinistcha|5/100|[from] drain|[of] p1a: Manectric
|-damage|p1b: Bellibolt|37/100
|-heal|p2a: Sinistcha|19/100|[from] drain|[of] p1b: Bellibolt
|-status|p1b: Bellibolt|brn
|-start|p1b: Bellibolt|Charge|Matcha Gotcha|[from] ability: Electromorphosis
|faint|p1a: Manectric
|move|p1b: Bellibolt|Parabolic Charge|p2b: Incineroar|[spread] p2a,p2b
|-resisted|p2a: Sinistcha|1
|-crit|p2b: Incineroar
|-damage|p2a: Sinistcha|2/100
|-heal|p1b: Bellibolt|44/100 brn|[from] drain|[of] p2a: Sinistcha
|-damage|p2b: Incineroar|53/100
|-heal|p1b: Bellibolt|66/100 brn|[from] drain|[of] p2b: Incineroar
|-end|p1b: Bellibolt|Charge|[silent]
|
|-heal|p1b: Bellibolt|72/100 brn|[from] item: Leftovers
|-damage|p1b: Bellibolt|66/100 brn|[from] brn
|upkeep
|
|t:|1785273643
|switch|p1a: Eelektross|Eelektross, L50, F|100/100
|turn|4
|
|t:|1785273651
|move|p2a: Sinistcha|Matcha Gotcha|p1b: Bellibolt|[spread] p1a
|-miss|p2a: Sinistcha|p1b: Bellibolt
|-damage|p1a: Eelektross|69/100
|-heal|p2a: Sinistcha|19/100|[from] drain|[of] p1a: Eelektross
|move|p2b: Incineroar|Parting Shot|p1a: Eelektross
|-unboost|p1a: Eelektross|atk|1
|-unboost|p1a: Eelektross|spa|1
|
|t:|1785273659
|switch|p2b: Garchomp|Garchomp-Mega, L50, M|100/100|[from] Parting Shot
|move|p1a: Eelektross|Coil|p1a: Eelektross
|-boost|p1a: Eelektross|atk|1
|-boost|p1a: Eelektross|def|1
|-boost|p1a: Eelektross|accuracy|1
|move|p1b: Bellibolt|Parabolic Charge|p2a: Sinistcha|[spread] p1a,p2a
|-immune|p2b: Garchomp
|-resisted|p1a: Eelektross|1
|-resisted|p2a: Sinistcha|1
|-damage|p1a: Eelektross|60/100
|-heal|p1b: Bellibolt|70/100 brn|[from] drain|[of] p1a: Eelektross
|-damage|p2a: Sinistcha|11/100
|-heal|p1b: Bellibolt|74/100 brn|[from] drain|[of] p2a: Sinistcha
|
|-heal|p1b: Bellibolt|80/100 brn|[from] item: Leftovers
|-damage|p1b: Bellibolt|74/100 brn|[from] brn
|upkeep
|turn|5
|
|t:|1785273681
|switch|p2a: Incineroar|Incineroar, L50, F|53/100
|-ability|p2a: Incineroar|Intimidate|boost
|-unboost|p1a: Eelektross|atk|1
|-unboost|p1b: Bellibolt|atk|1
|move|p2b: Garchomp|Stomping Tantrum|p1b: Bellibolt
|-supereffective|p1b: Bellibolt|1
|-damage|p1b: Bellibolt|9/100 brn
|-start|p1b: Bellibolt|Charge|Stomping Tantrum|[from] ability: Electromorphosis
|move|p1a: Eelektross|Coil|p1a: Eelektross
|-boost|p1a: Eelektross|atk|1
|-boost|p1a: Eelektross|def|1
|-boost|p1a: Eelektross|accuracy|1
|move|p1b: Bellibolt|Acid Spray|p2a: Incineroar
|-damage|p2a: Incineroar|43/100
|-unboost|p2a: Incineroar|spd|2
|-enditem|p2a: Incineroar|Sitrus Berry|[eat]
|-heal|p2a: Incineroar|68/100|[from] item: Sitrus Berry
|
|-heal|p1b: Bellibolt|15/100 brn|[from] item: Leftovers
|-damage|p1b: Bellibolt|9/100 brn|[from] brn
|upkeep
|turn|6
|
|t:|1785273702
|move|p2b: Garchomp|Stomping Tantrum|p1b: Bellibolt
|-supereffective|p1b: Bellibolt|1
|-damage|p1b: Bellibolt|0 fnt
|faint|p1b: Bellibolt
|move|p2a: Incineroar|Parting Shot|p1a: Eelektross
|-unboost|p1a: Eelektross|atk|1
|-unboost|p1a: Eelektross|spa|1
|
|t:|1785273710
|switch|p2a: Sneasler|Sneasler, L50, F, shiny|100/100|[from] Parting Shot
|move|p1a: Eelektross|Coil|p1a: Eelektross
|-boost|p1a: Eelektross|atk|1
|-boost|p1a: Eelektross|def|1
|-boost|p1a: Eelektross|accuracy|1
|
|upkeep
|
|t:|1785273717
|switch|p1b: Emolga|Emolga, L50, F|100/100
|turn|7
|
|t:|1785273735
|move|p2a: Sneasler|Coaching|p2b: Garchomp
|-boost|p2b: Garchomp|atk|1
|-boost|p2b: Garchomp|def|1
|move|p1b: Emolga|Air Slash|p2a: Sneasler
|-supereffective|p2a: Sneasler|1
|-damage|p2a: Sneasler|29/100
|move|p2b: Garchomp|Rock Slide|p1a: Eelektross|[spread] p1a,p1b
|-supereffective|p1b: Emolga|1
|-damage|p1a: Eelektross|48/100
|-enditem|p1b: Emolga|Focus Sash
|-damage|p1b: Emolga|1/100
|move|p1a: Eelektross|Coil|p1a: Eelektross
|-boost|p1a: Eelektross|atk|1
|-boost|p1a: Eelektross|def|1
|-boost|p1a: Eelektross|accuracy|1
|
|upkeep
|turn|8
|
|t:|1785273756
|move|p1b: Emolga|Protect|p1b: Emolga
|-singleturn|p1b: Emolga|Protect
|move|p2a: Sneasler|Coaching|p2b: Garchomp
|-boost|p2b: Garchomp|atk|1
|-boost|p2b: Garchomp|def|1
|move|p2b: Garchomp|Rock Slide|p1a: Eelektross|[spread] p1a
|-activate|p1b: Emolga|move: Protect
|-damage|p1a: Eelektross|35/100
|move|p1a: Eelektross|Drain Punch|p2a: Sneasler
|-resisted|p2a: Sneasler|1
|-damage|p2a: Sneasler|0 fnt
|-heal|p1a: Eelektross|47/100|[from] drain|[of] p2a: Sneasler
|faint|p2a: Sneasler
|-damage|p1a: Eelektross|38/100|[from] item: Life Orb
|
|upkeep
|
|t:|1785273771
|switch|p2a: Incineroar|Incineroar, L50, F|68/100
|-ability|p2a: Incineroar|Intimidate|boost
|-unboost|p1a: Eelektross|atk|1
|-unboost|p1b: Emolga|atk|1
|turn|9
|
|t:|1785273783
|move|p2a: Incineroar|Fake Out|p1b: Emolga
|-damage|p1b: Emolga|0 fnt
|faint|p1b: Emolga
|move|p2b: Garchomp|Rock Slide|p1a: Eelektross
|-damage|p1a: Eelektross|19/100
|move|p1a: Eelektross|Drain Punch|p2a: Incineroar
|-supereffective|p2a: Incineroar|1
|-damage|p2a: Incineroar|24/100
|-heal|p1a: Eelektross|42/100|[from] drain|[of] p2a: Incineroar
|-damage|p1a: Eelektross|32/100|[from] item: Life Orb
|
|upkeep
|turn|10
|
|t:|1785273800
|move|p2b: Garchomp|Rock Slide|p1a: Eelektross
|-damage|p1a: Eelektross|14/100
|move|p2a: Incineroar|Darkest Lariat|p1a: Eelektross
|-damage|p1a: Eelektross|0 fnt
|faint|p1a: Eelektross
|
|win|archyx05
