|j|☆Rimuro VGC
|j|☆lettitripppp
|html|Rimuro VGClettitripppp    
|uhtml|bestof|Game 1 of a best-of-3
|t:|1785006881
|gametype|doubles
|player|p1|Rimuro VGC|volkner|1263
|player|p2|lettitripppp|lucas|1261
|gen|9
|tier|[Gen 9 Champions] VGC 2026 Reg M-B (Bo3)
|rated|
|rule|Species Clause: Limit one of each Pokémon
|rule|Item Clause: Limit 1 of each item
|clearpoke
|poke|p1|Gardevoir, L50, F, shiny|
|poke|p1|Charizard, L50, F|
|poke|p1|Venusaur, L50, M|
|poke|p1|Garchomp, L50, F|
|poke|p1|Mawile, L50, M, shiny|
|poke|p1|Whimsicott, L50, M|
|poke|p2|Charizard, L50, F, shiny|
|poke|p2|Basculegion, L50, M, shiny|
|poke|p2|Pelipper, L50, M|
|poke|p2|Venusaur, L50, F|
|poke|p2|Archaludon, L50, F|
|poke|p2|Grimmsnarl, L50, M, shiny|
|teampreview|4
|showteam|p1|Gardevoir||FocusSash|Trace|Psychic,Moonblast,TrickRoom,Protect|Modest||F|||50|]Charizard||CharizarditeY|SolarPower|HeatWave,Protect,AirSlash,AncientPower|Modest||F|||50|]Venusaur||Leftovers|Chlorophyll|EnergyBall,SludgeBomb,SleepPowder,Protect|Modest||M|||50|]Garchomp||LifeOrb|RoughSkin|RockSlide,Outrage,Earthquake,Protect|Adamant||F|||50|]Mawile||Mawilite|Intimidate|PlayRough,IronHead,SwordsDance,Protect|Brave||M|||50|]Whimsicott||MentalHerb|Prankster|Tailwind,Protect,Moonblast,Taunt|Modest||M|||50|
|showteam|p2|Charizard||CharizarditeY|Blaze|WeatherBall,SolarBeam,HeatWave,Protect|Modest||F|||50|]Basculegion||ChoiceScarf|Adaptability|LastRespects,WaveCrash,FlipTurn,AquaJet|Jolly||M|||50|]Pelipper||SitrusBerry|Drizzle|WeatherBall,WideGuard,Hurricane,Tailwind|Modest||M|||50|]Venusaur||FocusSash|Chlorophyll|SleepPowder,SludgeBomb,EarthPower,Protect|Timid||F|||50|]Archaludon||Leftovers|Stamina|FlashCannon,DragonPulse,ElectroShot,Protect|Calm||F|||50|]Grimmsnarl||LightClay|Prankster|PartingShot,LightScreen,SpiritBreak,Reflect|Relaxed||M|||50|
|inactive|Battle timer is ON: inactive players will automatically lose when time's up. (requested by lettitripppp)
|inactive|lettitripppp has 60 seconds left.
|inactive|lettitripppp has 30 seconds left.
|
|t:|1785006942
|teamsize|p1|4
|teamsize|p2|4
|start
|switch|p1a: Whimsicott|Whimsicott, L50, M|100/100
|switch|p1b: Charizard|Charizard, L50, F|100/100
|switch|p2a: SOFT-SLEEP|Venusaur, L50, F|100/100
|switch|p2b: AGNI|Charizard, L50, F, shiny|100/100
|turn|1
|inactive|lettitripppp has 30 seconds left.
|
|t:|1785006973
|detailschange|p2b: AGNI|Charizard-Mega-Y, L50, F, shiny
|-mega|p2b: AGNI|Charizard|Charizardite Y
|-weather|SunnyDay|[from] ability: Drought|[of] p2b: AGNI
|move|p1a: Whimsicott|Tailwind|p1a: Whimsicott
|-sidestart|p1: Rimuro VGC|move: Tailwind
|move|p2a: SOFT-SLEEP|Sludge Bomb|p1a: Whimsicott
|-supereffective|p1a: Whimsicott|2
|-damage|p1a: Whimsicott|0 fnt
|faint|p1a: Whimsicott
|move|p1b: Charizard|Ancient Power|p2b: AGNI
|-supereffective|p2b: AGNI|2
|-damage|p2b: AGNI|0 fnt
|faint|p2b: AGNI
|
|-weather|SunnyDay|[upkeep]
|-damage|p1b: Charizard|87/100|[from] ability: Solar Power|[of] p1b: Charizard
|upkeep
|
|t:|1785006991
|switch|p2b: WET-BEAK|Pelipper, L50, M|100/100
|switch|p1a: Venusaur|Venusaur, L50, M|100/100
|-weather|RainDance|[from] ability: Drizzle|[of] p2b: WET-BEAK
|turn|2
|
|t:|1785007007
|move|p1b: Charizard|Ancient Power|p2b: WET-BEAK
|-supereffective|p2b: WET-BEAK|1
|-damage|p2b: WET-BEAK|40/100
|-enditem|p2b: WET-BEAK|Sitrus Berry|[eat]
|-heal|p2b: WET-BEAK|64/100|[from] item: Sitrus Berry
|move|p1a: Venusaur|Energy Ball|p2b: WET-BEAK
|-damage|p2b: WET-BEAK|5/100
|move|p2a: SOFT-SLEEP|Sleep Powder|p1b: Charizard
|-status|p1b: Charizard|slp|[from] move: Sleep Powder
|move|p2b: WET-BEAK|Tailwind|p2b: WET-BEAK
|-sidestart|p2: lettitripppp|move: Tailwind
|
|-weather|RainDance|[upkeep]
|upkeep
|turn|3
|
|t:|1785007024
|detailschange|p1b: Charizard|Charizard-Mega-Y, L50, F
|-mega|p1b: Charizard|Charizard|Charizardite Y
|-weather|SunnyDay|[from] ability: Drought|[of] p1b: Charizard
|move|p2a: SOFT-SLEEP|Sludge Bomb|p1b: Charizard
|-damage|p1b: Charizard|54/100 slp
|move|p1a: Venusaur|Energy Ball|p2b: WET-BEAK
|-damage|p2b: WET-BEAK|0 fnt
|faint|p2b: WET-BEAK
|cant|p1b: Charizard|slp
|
|-weather|SunnyDay|[upkeep]
|upkeep
|
|t:|1785007032
|switch|p2b: GHOSTWAVE|Basculegion, L50, M, shiny|100/100
|turn|4
|
|t:|1785007039
|move|p2a: SOFT-SLEEP|Sludge Bomb|p1a: Venusaur
|-damage|p1a: Venusaur|59/100
|move|p2b: GHOSTWAVE|Last Respects|p1a: Venusaur
|-damage|p1a: Venusaur|0 fnt
|faint|p1a: Venusaur
|-curestatus|p1b: Charizard|slp|[msg]
|move|p1b: Charizard|Heat Wave|p2b: GHOSTWAVE|[spread] p2a,p2b
|-supereffective|p2a: SOFT-SLEEP|1
|-resisted|p2b: GHOSTWAVE|1
|-enditem|p2a: SOFT-SLEEP|Focus Sash
|-damage|p2a: SOFT-SLEEP|1/100
|-damage|p2b: GHOSTWAVE|61/100
|
|-weather|SunnyDay|[upkeep]
|-sideend|p1: Rimuro VGC|move: Tailwind
|upkeep
|
|t:|1785007052
|switch|p1a: Garchomp|Garchomp, L50, F|100/100
|turn|5
|
|t:|1785007058
|move|p1a: Garchomp|Protect|p1a: Garchomp
|-singleturn|p1a: Garchomp|Protect
|move|p1b: Charizard|Protect|p1b: Charizard
|-singleturn|p1b: Charizard|Protect
|move|p2a: SOFT-SLEEP|Sleep Powder|p1a: Garchomp
|-activate|p1a: Garchomp|move: Protect
|move|p2b: GHOSTWAVE|Last Respects|p1b: Charizard
|-activate|p1b: Charizard|move: Protect
|
|-weather|SunnyDay|[upkeep]
|-sideend|p2: lettitripppp|move: Tailwind
|upkeep
|turn|6
|
|t:|1785007069
|move|p2a: SOFT-SLEEP|Sleep Powder|p1a: Garchomp
|-status|p1a: Garchomp|slp|[from] move: Sleep Powder
|move|p2b: GHOSTWAVE|Last Respects|p1b: Charizard
|-damage|p1b: Charizard|0 fnt
|faint|p1b: Charizard
|cant|p1a: Garchomp|slp
|
|-weather|SunnyDay|[upkeep]
|upkeep
|turn|7
|
|t:|1785007078
|cant|p1a: Garchomp|slp
|move|p2a: SOFT-SLEEP|Earth Power|p1a: Garchomp
|-damage|p1a: Garchomp|75/100 slp
|-unboost|p1a: Garchomp|spd|1
|move|p2b: GHOSTWAVE|Last Respects|p1a: Garchomp
|-damage|p1a: Garchomp|0 fnt
|faint|p1a: Garchomp
|
|win|lettitripppp
||Rimuro VGC is ready for game 2.
|inactive|lettitripppp has 30 seconds to confirm battle start!
|inactive|lettitripppp has 20 seconds to confirm battle start!
|inactive|lettitripppp has 10 seconds to confirm battle start!
