|j|☆Ninetalones
|j|☆bigmannikko
|html|Ninetalonesbigmannikko    
|uhtml|bestof|Game 1 of a best-of-3
|t:|1757782794
|gametype|doubles
|player|p1|Ninetalones|265|1322
|player|p2|bigmannikko|265|1239
|gen|9
|tier|[Gen 9] VGC 2025 Reg H (Bo3)
|rated|
|rule|Species Clause: Limit one of each Pokémon
|rule|Item Clause: Limit 1 of each item
|clearpoke
|poke|p1|Basculegion, L50, M|
|poke|p1|Kingambit, L50, M|
|poke|p1|Ninetales-Alola, L50, M|
|poke|p1|Rillaboom, L50, M|
|poke|p1|Sneasler, L50, F|
|poke|p1|Volcarona, L50, M|
|poke|p2|Drifblim, L50, M|
|poke|p2|Indeedee, L50, M|
|poke|p2|Archaludon, L50, M|
|poke|p2|Volcarona, L50, F|
|poke|p2|Sneasler, L50, M|
|poke|p2|Electabuzz, L50, F|
|teampreview|4
|showteam|p1|Basculegion||ChoiceScarf|Adaptability|AquaJet,FlipTurn,WaveCrash,LastRespects|||M|||50|,,,,,Grass]Kingambit||SafetyGoggles|Defiant|Protect,KowtowCleave,SuckerPunch,SwordsDance|||M|||50|,,,,,Ghost]Ninetales-Alola||FocusSash|SnowWarning|Protect,Blizzard,FreezeDry,Encore|||M|||50|,,,,,Ghost]Rillaboom||AssaultVest|GrassySurge|GrassyGlide,WoodHammer,FakeOut,HighHorsepower|||M|||50|,,,,,Water]Sneasler||GrassySeed|Unburden|Protect,CloseCombat,DireClaw,Coaching|||F|||50|,,,,,Fighting]Volcarona||CovertCloak|FlameBody|HeatWave,TeraBlast,QuiverDance,RagePowder|||M|||50|,,,,,Fairy
|showteam|p2|Drifblim||PsychicSeed|Unburden|Tailwind,WillOWisp,ShadowBall,StrengthSap|||M|||50|,,,,,Dark]Indeedee||LifeOrb|PsychicSurge|ExpandingForce,TrickRoom,Protect,TeraBlast|||M|||50|,,,,,Fighting]Archaludon||PowerHerb|Sturdy|ElectroShot,DragonPulse,Protect,FlashCannon|||M|||50|,,,,,Ghost]Volcarona||CovertCloak|FlameBody|QuiverDance,HeatWave,TeraBlast,Protect|||F|||50|,,,,,Fairy]Sneasler||FocusSash|Unburden|DireClaw,CloseCombat,Protect,ThroatChop|||M|||50|,,,,,Ghost]Electabuzz||Eviolite|VitalSpirit|FollowMe,Taunt,Protect,Thunderbolt|||F|||50|,,,,,Grass
|inactive|Battle timer is ON: inactive players will automatically lose when time's up. (requested by bigmannikko)
|
|t:|1757782849
|teamsize|p1|4
|teamsize|p2|4
|start
|switch|p1a: Rillaboom|Rillaboom, L50, M|100/100
|switch|p1b: Volcarona|Volcarona, L50, M|100/100
|switch|p2a: Martyr|Electabuzz, L50, F|100/100
|switch|p2b: Mothra|Volcarona, L50, F|100/100
|-fieldstart|move: Grassy Terrain|[from] ability: Grassy Surge|[of] p1a: Rillaboom
|turn|1
|
|t:|1757782867
|move|p1a: Rillaboom|Fake Out|p2a: Martyr
|-damage|p2a: Martyr|88/100
|move|p2b: Mothra|Quiver Dance|p2b: Mothra
|-boost|p2b: Mothra|spa|1
|-boost|p2b: Mothra|spd|1
|-boost|p2b: Mothra|spe|1
|move|p1b: Volcarona|Quiver Dance|p1b: Volcarona
|-boost|p1b: Volcarona|spa|1
|-boost|p1b: Volcarona|spd|1
|-boost|p1b: Volcarona|spe|1
|cant|p2a: Martyr|flinch
|
|-heal|p2a: Martyr|94/100|[from] Grassy Terrain
|upkeep
|turn|2
|inactive|Ninetalones has 30 seconds left.
|inactive|Ninetalones has 20 seconds left.
|
|t:|1757782902
|move|p2b: Mothra|Heat Wave|p1b: Volcarona|[spread] p1a,p1b
|-supereffective|p1a: Rillaboom
|-damage|p1a: Rillaboom|29/100
|-damage|p1b: Volcarona|67/100
|move|p1b: Volcarona|Quiver Dance|p1b: Volcarona
|-boost|p1b: Volcarona|spa|1
|-boost|p1b: Volcarona|spd|1
|-boost|p1b: Volcarona|spe|1
|move|p2a: Martyr|Taunt|p1b: Volcarona
|-start|p1b: Volcarona|move: Taunt
|move|p1a: Rillaboom|High Horsepower|p2a: Martyr
|-supereffective|p2a: Martyr
|-damage|p2a: Martyr|42/100
|
|-heal|p1b: Volcarona|73/100|[from] Grassy Terrain
|-heal|p2a: Martyr|48/100|[from] Grassy Terrain
|-heal|p1a: Rillaboom|35/100|[from] Grassy Terrain
|upkeep
|turn|3
|
|t:|1757782921
|switch|p1a: Basculegion|Basculegion, L50, M|100/100
|move|p2a: Martyr|Protect|p2a: Martyr
|-singleturn|p2a: Martyr|Protect
|move|p1b: Volcarona|Heat Wave|p2a: Martyr|[spread] p2b
|-activate|p2a: Martyr|move: Protect
|-damage|p2b: Mothra|56/100
|move|p2b: Mothra|Quiver Dance|p2b: Mothra
|-boost|p2b: Mothra|spa|1
|-boost|p2b: Mothra|spd|1
|-boost|p2b: Mothra|spe|1
|
|-heal|p1b: Volcarona|80/100|[from] Grassy Terrain
|-heal|p2b: Mothra|62/100|[from] Grassy Terrain
|-heal|p2a: Martyr|53/100|[from] Grassy Terrain
|upkeep
|turn|4
|inactive|Ninetalones has 30 seconds left.
|
|t:|1757782947
|move|p2a: Martyr|Follow Me|p2a: Martyr
|-singleturn|p2a: Martyr|move: Follow Me
|move|p2b: Mothra|Heat Wave|p1a: Basculegion|[spread] p1a,p1b
|-resisted|p1a: Basculegion
|-damage|p1a: Basculegion|58/100
|-damage|p1b: Volcarona|50/100
|move|p1b: Volcarona|Heat Wave|p2b: Mothra|[spread] p2b
|-miss|p1b: Volcarona|p2a: Martyr
|-damage|p2b: Mothra|31/100
|move|p1a: Basculegion|Flip Turn|p2a: Martyr
|-crit|p2a: Martyr
|-damage|p2a: Martyr|0 fnt
|faint|p2a: Martyr
|
|t:|1757782964
|switch|p1a: Sneasler|Sneasler, L50, F|100/100|[from] Flip Turn
|-enditem|p1a: Sneasler|Grassy Seed
|-boost|p1a: Sneasler|def|1|[from] item: Grassy Seed
|
|-heal|p2b: Mothra|37/100|[from] Grassy Terrain
|-heal|p1b: Volcarona|56/100|[from] Grassy Terrain
|upkeep
|
|t:|1757782969
|switch|p2a: Cheater|Sneasler, L50, M|100/100
|turn|5
|
|t:|1757782990
|move|p2b: Mothra|Protect|p2b: Mothra
|-singleturn|p2b: Mothra|Protect
|move|p1a: Sneasler|Dire Claw|p2b: Mothra
|-activate|p2b: Mothra|move: Protect
|move|p1b: Volcarona|Heat Wave|p2b: Mothra|[spread] p2a
|-activate|p2b: Mothra|move: Protect
|-damage|p2a: Cheater|8/100
|-status|p2a: Cheater|brn
|move|p2a: Cheater|Dire Claw|p1b: Volcarona
|-damage|p1b: Volcarona|31/100
|
|-heal|p2b: Mothra|44/100|[from] Grassy Terrain
|-heal|p1b: Volcarona|37/100|[from] Grassy Terrain
|-heal|p2a: Cheater|13/100 brn|[from] Grassy Terrain
|-damage|p2a: Cheater|8/100 brn|[from] brn
|-end|p1b: Volcarona|move: Taunt
|-fieldend|move: Grassy Terrain
|upkeep
|turn|6
|inactive|Ninetalones has 30 seconds left.
|
|t:|1757783021
|move|p1a: Sneasler|Dire Claw|p2b: Mothra
|-damage|p2b: Mothra|2/100
|-status|p1a: Sneasler|brn|[from] ability: Flame Body|[of] p2b: Mothra
|move|p1b: Volcarona|Heat Wave|p2b: Mothra|[spread] p2a
|-miss|p1b: Volcarona|p2b: Mothra
|-damage|p2a: Cheater|0 fnt
|faint|p2a: Cheater
|move|p2b: Mothra|Heat Wave|p1b: Volcarona|[spread] p1b
|-miss|p2b: Mothra|p1a: Sneasler
|-damage|p1b: Volcarona|4/100
|
|-damage|p1a: Sneasler|94/100 brn|[from] brn
|upkeep
|
|t:|1757783034
|switch|p2a: AC/DC|Archaludon, L50, M|100/100
|turn|7
|
|t:|1757783058
|-terastallize|p2a: AC/DC|Ghost
|move|p2b: Mothra|Protect|p2b: Mothra
|-singleturn|p2b: Mothra|Protect
|move|p1a: Sneasler|Dire Claw|p2b: Mothra
|-activate|p2b: Mothra|move: Protect
|move|p1b: Volcarona|Heat Wave|p2a: AC/DC|[spread] p2a
|-activate|p2b: Mothra|move: Protect
|-ability|p2a: AC/DC|Sturdy
|-damage|p2a: AC/DC|1/100
|move|p2a: AC/DC|Electro Shot||[still]
|-prepare|p2a: AC/DC|Electro Shot
|-boost|p2a: AC/DC|spa|1
|-enditem|p2a: AC/DC|Power Herb
|-anim|p2a: AC/DC|Electro Shot|p1b: Volcarona
|-damage|p1b: Volcarona|0 fnt
|faint|p1b: Volcarona
|
|-damage|p1a: Sneasler|88/100 brn|[from] brn
|upkeep
|
|t:|1757783081
|switch|p1b: Basculegion|Basculegion, L50, M|58/100
|turn|8
|
|t:|1757783093
|move|p2b: Mothra|Protect||[still]
|-fail|p2b: Mothra
|move|p1a: Sneasler|Dire Claw|p2b: Mothra
|-damage|p2b: Mothra|0 fnt
|faint|p2b: Mothra
|move|p1b: Basculegion|Last Respects|p2a: AC/DC
|-supereffective|p2a: AC/DC
|-damage|p2a: AC/DC|0 fnt
|faint|p2a: AC/DC
|
|win|Ninetalones
||bigmannikko is ready for game 2.
|inactive|Ninetalones has 30 seconds to confirm battle start!
||Ninetalones is ready for game 2.
|uhtml|next|Next: Game 2 of 3
