|j|☆fancy_0221
|j|☆Glacia20
|html|fancy_0221Glacia20    
|uhtml|bestof|Game 3 of a best-of-3
|t:|1782500970
|gametype|doubles
|player|p1|fancy_0221|caitlin|
|player|p2|Glacia20|hilda-wonderlauncher|
|gen|9
|tier|[Gen 9 Champions] VGC 2026 Reg M-B (Bo3)
|rule|Species Clause: Limit one of each Pokémon
|rule|Item Clause: Limit 1 of each item
|clearpoke
|poke|p1|Staraptor, L50, M|
|poke|p1|Raichu, L50, M|
|poke|p1|Typhlosion, L50, M|
|poke|p1|Snorlax, L50, M|
|poke|p1|Sinistcha, L50|
|poke|p1|Tyranitar, L50, M|
|poke|p2|Floette-Eternal, L50, F, shiny|
|poke|p2|Kommo-o, L50, F, shiny|
|poke|p2|Sneasler, L50, F, shiny|
|poke|p2|Politoed, L50, F|
|poke|p2|Gliscor, L50, F|
|poke|p2|Torterra, L50, F|
|teampreview|4
|showteam|p1|Staraptor||Staraptite|Intimidate|CloseCombat,BraveBird,Protect,Uturn|Jolly||M|||50|]Raichu||FocusSash|LightningRod|Thunderbolt,Charm,FakeOut,Nuzzle|Hasty||M|||50|]Typhlosion||ChoiceScarf|FlashFire|Eruption,FireBlast,Extrasensory,Overheat|Modest||M|||50|]Snorlax||Leftovers|ThickFat|HeavySlam,BodySlam,Yawn,Protect|Adamant||M|||50|]Sinistcha||SitrusBerry|Hospitality|MatchaGotcha,StrengthSap,RagePowder,Protect|Calm|||||50|]Tyranitar||RoseliBerry|SandStream|StoneEdge,Protect,IronHead,KnockOff|Adamant||M|||50|
|showteam|p2|Floette-Eternal||Floettite|FlowerVeil|DazzlingGleam,GigaDrain,Protect,CalmMind|Timid||F|||50|]Kommo-o||SitrusBerry|Overcoat|FlashCannon,ClangingScales,DrainPunch,RockSlide|Naive||F|||50|]Sneasler||WhiteHerb|Unburden|DireClaw,FakeOut,CloseCombat,Protect|Adamant||F|||50|]Politoed||MysticWater|Drizzle|MuddyWater,Hypnosis,Encore,IceBeam|Bold||F|||50|]Gliscor|||HyperCutter|Acrobatics,HighHorsepower,Protect,RockSlide|Jolly||F|||50|]Torterra||Leftovers|ShellArmor|ShellSmash,HeadlongRush,RockSlide,SeedBomb|Careful||F|||50|
|
|t:|1782501077
|teamsize|p1|4
|teamsize|p2|4
|start
|switch|p1a: Staraptor|Staraptor, L50, M|100/100
|switch|p1b: Raichu|Raichu, L50, M|100/100
|switch|p2a: Floette|Floette-Eternal, L50, F, shiny|100/100
|switch|p2b: Gliscor|Gliscor, L50, F|100/100
|-ability|p1a: Staraptor|Intimidate|boost
|-unboost|p2a: Floette|atk|1
|-fail|p2b: Gliscor|unboost|Attack|[from] ability: Hyper Cutter|[of] p2b: Gliscor
|turn|1
|
|t:|1782501106
|detailschange|p1a: Staraptor|Staraptor-Mega, L50, M
|-mega|p1a: Staraptor|Staraptor|Staraptite
|detailschange|p2a: Floette|Floette-Mega, L50, F, shiny
|-mega|p2a: Floette|Floette|Floettite
|-ability|p2a: Floette|Fairy Aura
|move|p1b: Raichu|Fake Out|p2a: Floette
|-damage|p2a: Floette|87/100
|move|p1a: Staraptor|Close Combat|p2b: Gliscor
|-resisted|p2b: Gliscor|1
|-damage|p2b: Gliscor|67/100
|-boost|p1a: Staraptor|def|1
|-boost|p1a: Staraptor|spd|1
|cant|p2a: Floette|flinch
|move|p2b: Gliscor|Acrobatics|p1a: Staraptor
|-supereffective|p1a: Staraptor|1
|-damage|p1a: Staraptor|29/100
|
|upkeep
|turn|2
|
|t:|1782501157
|move|p1a: Staraptor|Protect|p1a: Staraptor
|-singleturn|p1a: Staraptor|Protect
|move|p1b: Raichu|Nuzzle|p2a: Floette
|-damage|p2a: Floette|77/100
|-status|p2a: Floette|par
|move|p2b: Gliscor|High Horsepower|p1b: Raichu
|-supereffective|p1b: Raichu|1
|-enditem|p1b: Raichu|Focus Sash
|-damage|p1b: Raichu|1/100
|move|p2a: Floette|Dazzling Gleam|p1a: Staraptor|[spread] p1b
|-activate|p1a: Staraptor|move: Protect
|-damage|p1b: Raichu|0 fnt
|faint|p1b: Raichu
|
|upkeep
|
|t:|1782501172
|switch|p1b: Typhlosion|Typhlosion, L50, M|100/100
|turn|3
|
|t:|1782501198
|move|p1b: Typhlosion|Eruption|p2a: Floette|[spread] p2a,p2b
|-damage|p2a: Floette|29/100 par
|-damage|p2b: Gliscor|0 fnt
|faint|p2b: Gliscor
|move|p1a: Staraptor|Brave Bird|p2a: Floette
|-damage|p2a: Floette|0 fnt
|faint|p2a: Floette
|-damage|p1a: Staraptor|19/100|[from] Recoil
|
|upkeep
|
|t:|1782501204
|switch|p2a: Sneasler|Sneasler, L50, F, shiny|100/100
|switch|p2b: Kommo-o|Kommo-o, L50, F, shiny|100/100
|turn|4
|
|t:|1782501228
|move|p1a: Staraptor|Protect|p1a: Staraptor
|-singleturn|p1a: Staraptor|Protect
|move|p2a: Sneasler|Fake Out|p1b: Typhlosion
|-damage|p1b: Typhlosion|76/100
|cant|p1b: Typhlosion|flinch
|move|p2b: Kommo-o|Clanging Scales|p1b: Typhlosion|[spread] p1b
|-activate|p1a: Staraptor|move: Protect
|-damage|p1b: Typhlosion|41/100
|-unboost|p2b: Kommo-o|def|1
|
|upkeep
|turn|5
|
|t:|1782501273
|switch|p1b: Snorlax|Snorlax, L50, M|100/100
|move|p1a: Staraptor|Brave Bird|p2b: Kommo-o
|-supereffective|p2b: Kommo-o|1
|-damage|p2b: Kommo-o|0 fnt
|faint|p2b: Kommo-o
|-damage|p1a: Staraptor|0 fnt|[from] Recoil
|faint|p1a: Staraptor
|move|p2a: Sneasler|Dire Claw|p1b: Snorlax
|-damage|p1b: Snorlax|54/100
|
|-heal|p1b: Snorlax|59/100|[from] item: Leftovers
|upkeep
|
|t:|1782501284
|switch|p1a: Typhlosion|Typhlosion, L50, M|41/100
|turn|6
|
|t:|1782501297
|move|p1a: Typhlosion|Extrasensory|p2a: Sneasler
|-supereffective|p2a: Sneasler|2
|-damage|p2a: Sneasler|0 fnt
|faint|p2a: Sneasler
|
|win|fancy_0221
