|j|☆Syd2J
|j|☆srTerror
|html|Syd2JsrTerror    
|uhtml|bestof|Game 3 of a best-of-3
|t:|1785934501
|gametype|doubles
|player|p1|Syd2J|102|1096
|player|p2|srTerror|266|1205
|gen|9
|tier|[Gen 9 Champions] VGC 2026 Reg M-B (Bo3)
|rated|
|rule|Species Clause: Limit one of each Pokémon
|rule|Item Clause: Limit 1 of each item
|clearpoke
|poke|p1|Charizard, L50, M|
|poke|p1|Glimmora, L50, M|
|poke|p1|Whimsicott, L50, F|
|poke|p1|Ninetales-Alola, L50, F|
|poke|p1|Kingambit, L50, M|
|poke|p1|Kommo-o, L50, M|
|poke|p2|Dragonite, L50, M|
|poke|p2|Milotic, L50, M|
|poke|p2|Sneasler, L50, M|
|poke|p2|Charizard, L50, F|
|poke|p2|Gholdengo, L50|
|poke|p2|Whimsicott, L50, M|
|teampreview|4
|showteam|p1|Charizard||CharizarditeY|Blaze|HeatWave,WeatherBall,SolarBeam,Protect|Modest||M|||50|]Glimmora||Glimmoranite|ToxicDebris|SludgeBomb,PowerGem,EarthPower,SpikyShield|Modest||M|||50|]Whimsicott||FocusSash|Prankster|Moonblast,Tailwind,Encore,Protect|Timid||F|||50|]Ninetales-Alola||NeverMeltIce|SnowWarning|Blizzard,FreezeDry,Disable,Protect|Timid||F|||50|]Kingambit||BlackGlasses|Defiant|KowtowCleave,SuckerPunch,IronHead,Protect|Adamant||M|||50|]Kommo-o||LifeOrb|Overcoat|ClangingScales,AuraSphere,VacuumWave,Protect|Modest||M|||50|
|showteam|p2|Dragonite||LifeOrb|InnerFocus|Protect,DragonClaw,ExtremeSpeed,LowKick|Adamant||M|||50|]Milotic||Leftovers|Competitive|Scald,IceBeam,Recover,Protect|Modest||M|||50|]Sneasler||WhiteHerb|Unburden|GunkShot,FakeOut,CloseCombat,Coaching|Adamant||M|||50|]Charizard||CharizarditeY|Blaze|Protect,HeatWave,WeatherBall,SolarBeam|Modest||F|||50|]Gholdengo||FocusSash|GoodasGold|Protect,ShadowBall,PowerGem,MakeItRain|Modest|||||50|]Whimsicott||FairyFeather|Prankster|Protect,Moonblast,Encore,Tailwind|Timid||M|||50|
|inactive|Battle timer is ON: inactive players will automatically lose when time's up. (requested by Syd2J)
|inactive|srTerror has 60 seconds left.
|inactive|srTerror has 30 seconds left.
|
|t:|1785934562
|teamsize|p1|4
|teamsize|p2|4
|start
|switch|p1a: Whimsicott|Whimsicott, L50, F|100/100
|switch|p1b: Ninetales|Ninetales-Alola, L50, F|100/100
|switch|p2a: Whimsicott|Whimsicott, L50, M|100/100
|switch|p2b: Milotic|Milotic, L50, M|100/100
|-weather|Snowscape|[from] ability: Snow Warning|[of] p1b: Ninetales
|turn|1
|
|t:|1785934571
|move|p2a: Whimsicott|Tailwind|p2a: Whimsicott
|-sidestart|p2: srTerror|move: Tailwind
|move|p2b: Milotic|Scald|p1b: Ninetales
|-damage|p1b: Ninetales|63/100
|-status|p1b: Ninetales|brn
|move|p1a: Whimsicott|Moonblast|p2b: Milotic
|-damage|p2b: Milotic|75/100
|-unboost|p2b: Milotic|spa|1
|-ability|p2b: Milotic|Competitive|boost
|-boost|p2b: Milotic|spa|2
|move|p1b: Ninetales|Freeze-Dry|p2b: Milotic
|-supereffective|p2b: Milotic|1
|-damage|p2b: Milotic|33/100
|
|-weather|Snowscape|[upkeep]
|-heal|p2b: Milotic|39/100|[from] item: Leftovers
|-damage|p1b: Ninetales|57/100 brn|[from] brn
|upkeep
|turn|2
|inactive|srTerror has 30 seconds left.
|
|t:|1785934604
|move|p2a: Whimsicott|Encore|p1a: Whimsicott
|-start|p1a: Whimsicott|Encore
|move|p2b: Milotic|Scald|p1b: Ninetales
|-damage|p1b: Ninetales|0 fnt
|faint|p1b: Ninetales
|move|p1a: Whimsicott|Moonblast|p2b: Milotic
|-damage|p2b: Milotic|13/100
|
|-weather|Snowscape|[upkeep]
|-heal|p2b: Milotic|19/100|[from] item: Leftovers
|upkeep
|
|t:|1785934613
|switch|p1b: Glimmora|Glimmora, L50, M|100/100
|turn|3
|
|t:|1785934628
|move|p2a: Whimsicott|Protect|p2a: Whimsicott
|-singleturn|p2a: Whimsicott|Protect
|move|p1b: Glimmora|Spiky Shield|p1b: Glimmora
|-singleturn|p1b: Glimmora|move: Protect
|move|p2b: Milotic|Scald|p1b: Glimmora
|-activate|p1b: Glimmora|move: Protect
|move|p1a: Whimsicott|Moonblast|p2b: Milotic
|-damage|p2b: Milotic|0 fnt
|faint|p2b: Milotic
|
|-weather|Snowscape|[upkeep]
|upkeep
|
|t:|1785934638
|switch|p2b: Gholdengo|Gholdengo, L50|100/100
|turn|4
|
|t:|1785934651
|detailschange|p1b: Glimmora|Glimmora-Mega, L50, M
|-mega|p1b: Glimmora|Glimmora|Glimmoranite
|move|p2a: Whimsicott|Encore|p1b: Glimmora
|-start|p1b: Glimmora|Encore
|move|p1b: Glimmora|Spiky Shield||[still]
|-fail|p1b: Glimmora
|move|p2b: Gholdengo|Make It Rain|p1a: Whimsicott|[spread] p1a,p1b
|-supereffective|p1a: Whimsicott|1
|-supereffective|p1b: Glimmora|1
|-enditem|p1a: Whimsicott|Focus Sash
|-damage|p1a: Whimsicott|1/100
|-damage|p1b: Glimmora|0 fnt
|-unboost|p2b: Gholdengo|spa|2
|faint|p1b: Glimmora
|move|p1a: Whimsicott|Moonblast|p2b: Gholdengo
|-resisted|p2b: Gholdengo|1
|-damage|p2b: Gholdengo|77/100
|-unboost|p2b: Gholdengo|spa|1
|
|-weather|Snowscape|[upkeep]
|-end|p1a: Whimsicott|Encore
|-sideend|p2: srTerror|move: Tailwind
|upkeep
|
|t:|1785934661
|switch|p1b: Kommo-o|Kommo-o, L50, M|100/100
|turn|5
|-message|Syd2J forfeited.
|raw|Syd2J's rating: 1096 → 1079(-17 for losing)
|raw|srTerror's rating: 1205 → 1222(+17 for winning)
|
|win|srTerror
|l|☆Syd2J
|player|p1|
