|j|☆Yankiken
|j|☆Typ.Null07
|html|YankikenTyp.Null07    
|uhtml|bestof|Game 3 of a best-of-3
|t:|1755867694
|gametype|doubles
|player|p1|Yankiken|unknown|1283
|player|p2|Typ.Null07|lucas|1291
|gen|9
|tier|[Gen 9] VGC 2025 Reg H (Bo3)
|rated|
|rule|Species Clause: Limit one of each Pokémon
|rule|Item Clause: Limit 1 of each item
|clearpoke
|poke|p1|Ursaluna-Bloodmoon, L50, M|
|poke|p1|Porygon2, L50|
|poke|p1|Amoonguss, L50, M|
|poke|p1|Incineroar, L50, F|
|poke|p1|Dragapult, L50, M|
|poke|p1|Sneasler, L50, M|
|poke|p2|Volcarona, L50, F|
|poke|p2|Rillaboom, L50, M|
|poke|p2|Ursaluna, L50, F|
|poke|p2|Dragapult, L50, M|
|poke|p2|Farigiraf, L50, F|
|poke|p2|Incineroar, L50, M|
|teampreview|4
|showteam|p1|Ursaluna-Bloodmoon||AssaultVest|MindsEye|BloodMoon,HyperVoice,EarthPower,VacuumWave|||M|||50|,,,,,Normal]Porygon2||Eviolite|Download|TeraBlast,IceBeam,Recover,TrickRoom||||||50|,,,,,Fairy]Amoonguss||SitrusBerry|Regenerator|Spore,RagePowder,PollenPuff,ClearSmog|||M|||50|,,,,,Water]Incineroar||SafetyGoggles|Intimidate|FakeOut,FlareBlitz,KnockOff,PartingShot|||F|||50|,,,,,Ghost]Dragapult||ChoiceBand|ClearBody|DragonDarts,Outrage,PhantomForce,Uturn|||M|||50|,,,,,Dragon]Sneasler||FocusSash|PoisonTouch|Coaching,CloseCombat,DireClaw,Protect|||M|||50|,,,,,Ghost
|showteam|p2|Volcarona||GrassySeed|FlameBody|FieryDance,GigaDrain,QuiverDance,Protect|||F|||50|,,,,,Grass]Rillaboom||AssaultVest|GrassySurge|WoodHammer,GrassyGlide,Uturn,FakeOut|||M|||50|,,,,,Fire]Ursaluna||FlameOrb|Guts|Facade,HeadlongRush,Substitute,Protect|||F|||50|,,,,,Ghost]Dragapult||ChoiceBand|ClearBody|DragonDarts,PhantomForce,Outrage,Uturn|||M|||50|,,,,,Dragon]Farigiraf||ThroatSpray|ArmorTail|HyperVoice,Psychic,Roar,TrickRoom|||F|||50|,,,,,Water]Incineroar||AguavBerry|Intimidate|FlareBlitz,KnockOff,FakeOut,PartingShot|||M|||50|,,,,,Water
|inactive|Battle timer is ON: inactive players will automatically lose when time's up. (requested by Typ.Null07)
|inactive|Yankiken also wants the timer to be on.
|
|t:|1755867707
|teamsize|p1|4
|teamsize|p2|4
|start
|switch|p1a: Dragapult|Dragapult, L50, M|100/100
|switch|p1b: Amoonguss|Amoonguss, L50, M|100/100
|switch|p2a: Volcarona|Volcarona, L50, F|100/100
|switch|p2b: Incineroar|Incineroar, L50, M, shiny|100/100
|-ability|p2b: Incineroar|Intimidate|boost
|-fail|p1a: Dragapult|unboost|[from] ability: Clear Body|[of] p1a: Dragapult
|-unboost|p1b: Amoonguss|atk|1
|turn|1
|
|t:|1755867730
|-terastallize|p1a: Dragapult|Dragon
|move|p2b: Incineroar|Fake Out|p1b: Amoonguss
|-damage|p1b: Amoonguss|91/100
|move|p1a: Dragapult|Dragon Darts|p2a: Volcarona
|-damage|p2a: Volcarona|42/100
|-anim|p1a: Dragapult|Dragon Darts|p2b: Incineroar
|-damage|p2b: Incineroar|48/100
|move|p2a: Volcarona|Quiver Dance|p2a: Volcarona
|-boost|p2a: Volcarona|spa|1
|-boost|p2a: Volcarona|spd|1
|-boost|p2a: Volcarona|spe|1
|cant|p1b: Amoonguss|flinch
|
|upkeep
|turn|2
|
|t:|1755867742
|switch|p2b: Rillaboom|Rillaboom, L50, M|100/100
|-fieldstart|move: Grassy Terrain|[from] ability: Grassy Surge|[of] p2b: Rillaboom
|-enditem|p2a: Volcarona|Grassy Seed
|-boost|p2a: Volcarona|def|1|[from] item: Grassy Seed
|switch|p1b: Incineroar|Incineroar, L50, F|100/100
|-ability|p1b: Incineroar|Intimidate|boost
|-unboost|p2a: Volcarona|atk|1
|-unboost|p2b: Rillaboom|atk|1
|-terastallize|p2a: Volcarona|Grass
|move|p2a: Volcarona|Giga Drain|p1a: Dragapult
|-resisted|p1a: Dragapult
|-damage|p1a: Dragapult|47/100
|-heal|p2a: Volcarona|65/100|[from] drain|[of] p1a: Dragapult
|move|p1a: Dragapult|Dragon Darts|p2a: Volcarona
|-damage|p2a: Volcarona|23/100
|-anim|p1a: Dragapult|Dragon Darts|p2b: Rillaboom
|-damage|p2b: Rillaboom|52/100
|
|-heal|p2a: Volcarona|30/100|[from] Grassy Terrain
|-heal|p1a: Dragapult|54/100|[from] Grassy Terrain
|-heal|p2b: Rillaboom|58/100|[from] Grassy Terrain
|upkeep
|turn|3
|
|t:|1755867765
|move|p2b: Rillaboom|Fake Out|p1b: Incineroar
|-damage|p1b: Incineroar|93/100
|cant|p1b: Incineroar|flinch
|move|p2a: Volcarona|Giga Drain|p1a: Dragapult
|-resisted|p1a: Dragapult
|-crit|p1a: Dragapult
|-damage|p1a: Dragapult|0 fnt
|-heal|p2a: Volcarona|53/100|[from] drain|[of] p1a: Dragapult
|faint|p1a: Dragapult
|
|-heal|p2a: Volcarona|59/100|[from] Grassy Terrain
|-heal|p2b: Rillaboom|64/100|[from] Grassy Terrain
|-heal|p1b: Incineroar|99/100|[from] Grassy Terrain
|upkeep
|
|t:|1755867776
|switch|p1a: Porygon2|Porygon2, L50|100/100
|-ability|p1a: Porygon2|Download|boost
|-boost|p1a: Porygon2|atk|1
|turn|4
|inactive|Yankiken has 30 seconds left.
|
|t:|1755867805
|move|p2a: Volcarona|Giga Drain|p1a: Porygon2
|-damage|p1a: Porygon2|59/100
|-heal|p2a: Volcarona|80/100|[from] drain|[of] p1a: Porygon2
|move|p2b: Rillaboom|U-turn|p1b: Incineroar
|-damage|p1b: Incineroar|84/100
|
|t:|1755867810
|switch|p2b: Incineroar|Incineroar, L50, M, shiny|48/100|[from] U-turn
|-ability|p2b: Incineroar|Intimidate|boost
|-unboost|p1a: Porygon2|atk|1
|-unboost|p1b: Incineroar|atk|1
|move|p1b: Incineroar|Flare Blitz|p2a: Volcarona
|-supereffective|p2a: Volcarona
|-damage|p2a: Volcarona|32/100
|-damage|p1b: Incineroar|69/100|[from] Recoil
|move|p1a: Porygon2|Trick Room|p1a: Porygon2
|-fieldstart|move: Trick Room|[of] p1a: Porygon2
|
|-heal|p1b: Incineroar|75/100|[from] Grassy Terrain
|-heal|p1a: Porygon2|66/100|[from] Grassy Terrain
|-heal|p2b: Incineroar|54/100|[from] Grassy Terrain
|-heal|p2a: Volcarona|38/100|[from] Grassy Terrain
|upkeep
|turn|5
|inactive|Yankiken has 30 seconds left.
|
|t:|1755867837
|switch|p1b: Amoonguss|Amoonguss, L50, M|100/100
|move|p2b: Incineroar|Fake Out|p1b: Amoonguss
|-damage|p1b: Amoonguss|91/100
|move|p1a: Porygon2|Recover|p1a: Porygon2
|-heal|p1a: Porygon2|100/100
|move|p2a: Volcarona|Giga Drain|p1a: Porygon2
|-damage|p1a: Porygon2|56/100
|-heal|p2a: Volcarona|60/100|[from] drain|[of] p1a: Porygon2
|
|-heal|p1b: Amoonguss|97/100|[from] Grassy Terrain
|-heal|p1a: Porygon2|62/100|[from] Grassy Terrain
|-heal|p2b: Incineroar|60/100|[from] Grassy Terrain
|-heal|p2a: Volcarona|67/100|[from] Grassy Terrain
|upkeep
|turn|6
|inactive|Typ.Null07 has 30 seconds left.
|
|t:|1755867870
|move|p2a: Volcarona|Protect|p2a: Volcarona
|-singleturn|p2a: Volcarona|Protect
|move|p1b: Amoonguss|Spore|p2b: Incineroar
|-status|p2b: Incineroar|slp|[from] move: Spore
|move|p1a: Porygon2|Ice Beam|p2a: Volcarona
|-activate|p2a: Volcarona|move: Protect
|cant|p2b: Incineroar|slp
|
|-heal|p1b: Amoonguss|100/100|[from] Grassy Terrain
|-heal|p1a: Porygon2|69/100|[from] Grassy Terrain
|-heal|p2b: Incineroar|66/100 slp|[from] Grassy Terrain
|-heal|p2a: Volcarona|73/100|[from] Grassy Terrain
|-fieldend|move: Grassy Terrain
|upkeep
|turn|7
|
|t:|1755867884
|move|p1b: Amoonguss|Clear Smog|p2a: Volcarona
|-supereffective|p2a: Volcarona
|-damage|p2a: Volcarona|54/100
|-clearboost|p2a: Volcarona
|move|p1a: Porygon2|Ice Beam|p2a: Volcarona
|-supereffective|p2a: Volcarona
|-damage|p2a: Volcarona|7/100
|cant|p2b: Incineroar|slp
|move|p2a: Volcarona|Quiver Dance|p2a: Volcarona
|-boost|p2a: Volcarona|spa|1
|-boost|p2a: Volcarona|spd|1
|-boost|p2a: Volcarona|spe|1
|
|upkeep
|turn|8
|
|t:|1755867900
|switch|p1b: Incineroar|Incineroar, L50, F|75/100
|-ability|p1b: Incineroar|Intimidate|boost
|-unboost|p2a: Volcarona|atk|1
|-unboost|p2b: Incineroar|atk|1
|switch|p2b: Rillaboom|Rillaboom, L50, M|64/100
|-fieldstart|move: Grassy Terrain|[from] ability: Grassy Surge|[of] p2b: Rillaboom
|move|p2a: Volcarona|Protect|p2a: Volcarona
|-singleturn|p2a: Volcarona|Protect
|move|p1a: Porygon2|Tera Blast|p2b: Rillaboom
|-damage|p2b: Rillaboom|40/100
|
|-heal|p1b: Incineroar|81/100|[from] Grassy Terrain
|-heal|p1a: Porygon2|75/100|[from] Grassy Terrain
|-heal|p2b: Rillaboom|46/100|[from] Grassy Terrain
|-heal|p2a: Volcarona|14/100|[from] Grassy Terrain
|-fieldend|move: Trick Room
|upkeep
|turn|9
|
|t:|1755867918
|move|p2b: Rillaboom|Fake Out|p1b: Incineroar
|-damage|p1b: Incineroar|70/100
|cant|p1b: Incineroar|flinch
|move|p2a: Volcarona|Giga Drain|p1a: Porygon2
|-damage|p1a: Porygon2|29/100
|-heal|p2a: Volcarona|36/100|[from] drain|[of] p1a: Porygon2
|move|p1a: Porygon2|Trick Room|p1a: Porygon2
|-fieldstart|move: Trick Room|[of] p1a: Porygon2
|
|-heal|p1b: Incineroar|76/100|[from] Grassy Terrain
|-heal|p1a: Porygon2|35/100|[from] Grassy Terrain
|-heal|p2b: Rillaboom|52/100|[from] Grassy Terrain
|-heal|p2a: Volcarona|43/100|[from] Grassy Terrain
|upkeep
|turn|10
|
|t:|1755867935
|switch|p1a: Amoonguss|Amoonguss, L50, M|100/100
|switch|p2b: Incineroar|Incineroar, L50, M, shiny|66/100 slp
|-ability|p2b: Incineroar|Intimidate|boost
|-unboost|p1a: Amoonguss|atk|1
|-unboost|p1b: Incineroar|atk|1
|move|p2a: Volcarona|Protect|p2a: Volcarona
|-singleturn|p2a: Volcarona|Protect
|move|p1b: Incineroar|Flare Blitz|p2a: Volcarona
|-activate|p2a: Volcarona|move: Protect
|
|-heal|p1b: Incineroar|82/100|[from] Grassy Terrain
|-heal|p2b: Incineroar|72/100 slp|[from] Grassy Terrain
|-heal|p2a: Volcarona|49/100|[from] Grassy Terrain
|upkeep
|turn|11
|
|t:|1755867960
|cant|p2b: Incineroar|slp
|move|p1a: Amoonguss|Clear Smog|p2a: Volcarona
|-supereffective|p2a: Volcarona
|-damage|p2a: Volcarona|29/100
|-clearboost|p2a: Volcarona
|move|p1b: Incineroar|Flare Blitz|p2a: Volcarona
|-supereffective|p2a: Volcarona
|-damage|p2a: Volcarona|0 fnt
|faint|p2a: Volcarona
|-damage|p1b: Incineroar|73/100|[from] Recoil
|
|-heal|p1b: Incineroar|79/100|[from] Grassy Terrain
|-heal|p2b: Incineroar|78/100 slp|[from] Grassy Terrain
|upkeep
|
|t:|1755867962
|switch|p2a: Rillaboom|Rillaboom, L50, M|52/100
|turn|12
|
|t:|1755867971
|switch|p1b: Porygon2|Porygon2, L50|35/100
|-ability|p1b: Porygon2|Download|boost
|-boost|p1b: Porygon2|atk|1
|move|p2a: Rillaboom|Fake Out|p1b: Porygon2
|-damage|p1b: Porygon2|27/100
|move|p1a: Amoonguss|Pollen Puff|p1b: Porygon2
|-heal|p1b: Porygon2|77/100
|-curestatus|p2b: Incineroar|slp|[msg]
|move|p2b: Incineroar|Flare Blitz|p1a: Amoonguss
|-supereffective|p1a: Amoonguss
|-damage|p1a: Amoonguss|16/100
|-enditem|p1a: Amoonguss|Sitrus Berry|[eat]
|-heal|p1a: Amoonguss|41/100|[from] item: Sitrus Berry
|-damage|p2b: Incineroar|48/100|[from] Recoil
|
|-heal|p1a: Amoonguss|47/100|[from] Grassy Terrain
|-heal|p1b: Porygon2|83/100|[from] Grassy Terrain
|-heal|p2b: Incineroar|53/100|[from] Grassy Terrain
|-heal|p2a: Rillaboom|58/100|[from] Grassy Terrain
|-fieldend|move: Grassy Terrain
|upkeep
|turn|13
|
|t:|1755867994
|switch|p1a: Incineroar|Incineroar, L50, F|79/100
|-ability|p1a: Incineroar|Intimidate|boost
|-unboost|p2a: Rillaboom|atk|1
|-unboost|p2b: Incineroar|atk|1
|move|p1b: Porygon2|Ice Beam|p2a: Rillaboom
|-supereffective|p2a: Rillaboom
|-damage|p2a: Rillaboom|26/100
|move|p2b: Incineroar|Flare Blitz|p1a: Incineroar
|-resisted|p1a: Incineroar
|-damage|p1a: Incineroar|62/100
|-damage|p2b: Incineroar|48/100|[from] Recoil
|move|p2a: Rillaboom|U-turn|p1a: Incineroar
|-damage|p1a: Incineroar|48/100
|
|t:|1755868007
|switch|p2a: Dragapult|Dragapult, L50, M|100/100|[from] U-turn
|
|-fieldend|move: Trick Room
|upkeep
|turn|14
|inactive|Typ.Null07 has 30 seconds left.
|
|t:|1755868035
|move|p2a: Dragapult|Outrage|p1b: Porygon2
|-damage|p1b: Porygon2|33/100
|move|p2b: Incineroar|Parting Shot|p1b: Porygon2
|-unboost|p1b: Porygon2|atk|1
|-unboost|p1b: Porygon2|spa|1
|
|t:|1755868038
|switch|p2b: Rillaboom|Rillaboom, L50, M|26/100|[from] Parting Shot
|-fieldstart|move: Grassy Terrain|[from] ability: Grassy Surge|[of] p2b: Rillaboom
|move|p1a: Incineroar|Knock Off|p2a: Dragapult
|-supereffective|p2a: Dragapult
|-damage|p2a: Dragapult|0 fnt
|-enditem|p2a: Dragapult|Choice Band|[from] move: Knock Off|[of] p1a: Incineroar
|faint|p2a: Dragapult
|move|p1b: Porygon2|Trick Room|p1b: Porygon2
|-fieldstart|move: Trick Room|[of] p1b: Porygon2
|
|-heal|p1a: Incineroar|53/100|[from] Grassy Terrain
|-heal|p1b: Porygon2|39/100|[from] Grassy Terrain
|-heal|p2b: Rillaboom|31/100|[from] Grassy Terrain
|upkeep
|
|t:|1755868044
|switch|p2a: Incineroar|Incineroar, L50, M, shiny|48/100
|-ability|p2a: Incineroar|Intimidate|boost
|-unboost|p1a: Incineroar|atk|1
|-unboost|p1b: Porygon2|atk|1
|turn|15
|
|t:|1755868052
|switch|p1b: Amoonguss|Amoonguss, L50, M|80/100
|move|p2a: Incineroar|Fake Out|p1a: Incineroar
|-damage|p1a: Incineroar|44/100
|cant|p1a: Incineroar|flinch
|move|p2b: Rillaboom|U-turn|p1a: Incineroar
|-damage|p1a: Incineroar|24/100
|
|-heal|p1b: Amoonguss|86/100|[from] Grassy Terrain
|-heal|p1a: Incineroar|30/100|[from] Grassy Terrain
|-heal|p2a: Incineroar|54/100|[from] Grassy Terrain
|-heal|p2b: Rillaboom|37/100|[from] Grassy Terrain
|upkeep
|turn|16
|
|t:|1755868065
|move|p1b: Amoonguss|Spore|p2a: Incineroar
|-status|p2a: Incineroar|slp|[from] move: Spore
|move|p1a: Incineroar|Flare Blitz|p2b: Rillaboom
|-supereffective|p2b: Rillaboom
|-damage|p2b: Rillaboom|0 fnt
|faint|p2b: Rillaboom
|-damage|p1a: Incineroar|18/100|[from] Recoil
|cant|p2a: Incineroar|slp
|
|-heal|p1b: Amoonguss|92/100|[from] Grassy Terrain
|-heal|p1a: Incineroar|24/100|[from] Grassy Terrain
|-heal|p2a: Incineroar|60/100 slp|[from] Grassy Terrain
|upkeep
|turn|17
|c|☆Typ.Null07|ggwp
|-message|Typ.Null07 forfeited.
|
|win|Yankiken
|raw|Yankiken's rating: 1283 → 1309(+26 for winning)
|raw|Typ.Null07's rating: 1291 → 1265(-26 for losing)
|c|☆Yankiken|ggwp
|l|☆Typ.Null07
|player|p2|
