|j|☆jagheter
|j|☆corndog7
|html|jaghetercorndog7    
|uhtml|bestof|Game 2 of a best-of-3
|t:|1756447401
|gametype|doubles
|player|p1|jagheter|worker|1106
|player|p2|corndog7|roughneck|1188
|gen|9
|tier|[Gen 9] VGC 2025 Reg H (Bo3)
|rated|
|rule|Species Clause: Limit one of each Pokémon
|rule|Item Clause: Limit 1 of each item
|clearpoke
|poke|p1|Venusaur, L50, F|
|poke|p1|Volcarona, L50, F|
|poke|p1|Incineroar, L50, M|
|poke|p1|Grimmsnarl, L50, M|
|poke|p1|Dondozo, L50, M|
|poke|p1|Rillaboom, L50, F|
|poke|p2|Sneasler, L50, F|
|poke|p2|Milotic, L50, F|
|poke|p2|Volcarona, L50, M|
|poke|p2|Dragapult, L50, M|
|poke|p2|Indeedee, L50, M|
|poke|p2|Electabuzz, L50, F|
|teampreview|4
|showteam|p1|Venusaur||WideLens|Chlorophyll|SleepPowder,Protect,SludgeBomb,EarthPower|||F|||50|,,,,,Ghost]Volcarona||CovertCloak|FlameBody|FieryDance,GigaDrain,QuiverDance,Protect|||F|||50|,,,,,Dragon]Incineroar||MirrorHerb|Intimidate|FakeOut,KnockOff,Taunt,FlareBlitz|||M|||50|,,,,,Ghost]Grimmsnarl||BlackGlasses|Prankster|Reflect,LightScreen,SpiritBreak,SuckerPunch|||M|||50|,,,,,Dark]Dondozo||Leftovers|Unaware|Fissure,Protect,Liquidation,Yawn|||M|||50|,,,,,Ghost]Rillaboom||AssaultVest|GrassySurge|FakeOut,WoodHammer,GrassyGlide,Uturn|||F|||50|,,,,,Fire
|showteam|p2|Sneasler||PsychicSeed|Unburden|DireClaw,CloseCombat,ThroatChop,Protect|||F|||50|,,,,,Dark]Milotic||SitrusBerry|Competitive|Scald,MuddyWater,IceBeam,Protect|||F|||50|,,,,,Dragon]Volcarona||CovertCloak|FlameBody|HeatWave,GigaDrain,QuiverDance,Protect|||M|||50|,,,,,Grass]Dragapult||ChoiceBand|ClearBody|DragonDarts,Outrage,PhantomForce,Uturn|||M|||50|,,,,,Dragon]Indeedee||FocusSash|PsychicSurge|ExpandingForce,TeraBlast,Encore,Protect|||M|||50|,,,,,Fighting]Electabuzz||Eviolite|VitalSpirit|Electroweb,Taunt,FollowMe,Protect|||F|||50|,,,,,Ghost
|inactive|Battle timer is ON: inactive players will automatically lose when time's up. (requested by corndog7)
|inactive|jagheter has 60 seconds left.
|
|t:|1756447435
|teamsize|p1|4
|teamsize|p2|4
|start
|switch|p1a: Grimmsnarl|Grimmsnarl, L50, M, shiny|100/100
|switch|p1b: Volcarona|Volcarona, L50, F, shiny|100/100
|switch|p2a: Volcarona|Volcarona, L50, M|100/100
|switch|p2b: Electabuzz|Electabuzz, L50, F|100/100
|turn|1
|
|t:|1756447449
|move|p2b: Electabuzz|Taunt|p1b: Volcarona
|-start|p1b: Volcarona|move: Taunt
|move|p2a: Volcarona|Quiver Dance|p2a: Volcarona
|-boost|p2a: Volcarona|spa|1
|-boost|p2a: Volcarona|spd|1
|-boost|p2a: Volcarona|spe|1
|move|p1b: Volcarona|Fiery Dance|p2b: Electabuzz
|-damage|p2b: Electabuzz|67/100
|-boost|p1b: Volcarona|spa|1
|move|p1a: Grimmsnarl|Spirit Break|p2b: Electabuzz
|-crit|p2b: Electabuzz
|-damage|p2b: Electabuzz|6/100
|-unboost|p2b: Electabuzz|spa|1
|
|upkeep
|turn|2
|
|t:|1756447469
|move|p2b: Electabuzz|Follow Me|p2b: Electabuzz
|-singleturn|p2b: Electabuzz|move: Follow Me
|move|p1a: Grimmsnarl|Light Screen|p1a: Grimmsnarl
|-sidestart|p1: jagheter|move: Light Screen
|move|p2a: Volcarona|Quiver Dance|p2a: Volcarona
|-boost|p2a: Volcarona|spa|1
|-boost|p2a: Volcarona|spd|1
|-boost|p2a: Volcarona|spe|1
|move|p1b: Volcarona|Fiery Dance|p2b: Electabuzz
|-damage|p2b: Electabuzz|0 fnt
|faint|p2b: Electabuzz
|
|upkeep
|
|t:|1756447481
|switch|p2b: Indeedee|Indeedee, L50, M|100/100
|-fieldstart|move: Psychic Terrain|[from] ability: Psychic Surge|[of] p2b: Indeedee
|turn|3
|
|t:|1756447503
|switch|p1b: Rillaboom|Rillaboom, L50, F, shiny|100/100
|-fieldstart|move: Grassy Terrain|[from] ability: Grassy Surge|[of] p1b: Rillaboom
|-terastallize|p1a: Grimmsnarl|Dark
|move|p1a: Grimmsnarl|Sucker Punch||[still]
|-fail|p1a: Grimmsnarl
|move|p2a: Volcarona|Heat Wave|p1a: Grimmsnarl|[spread] p1a,p1b
|-supereffective|p1b: Rillaboom
|-damage|p1a: Grimmsnarl|48/100
|-damage|p1b: Rillaboom|27/100
|move|p2b: Indeedee|Encore|p1a: Grimmsnarl
|-start|p1a: Grimmsnarl|Encore
|
|-heal|p1b: Rillaboom|33/100|[from] Grassy Terrain
|-heal|p1a: Grimmsnarl|54/100|[from] Grassy Terrain
|upkeep
|turn|4
|
|t:|1756447521
|switch|p2b: Dragapult|Dragapult, L50, M|100/100
|switch|p1a: Incineroar|Incineroar, L50, M, shiny|100/100
|-ability|p1a: Incineroar|Intimidate|boost
|-unboost|p2a: Volcarona|atk|1
|-fail|p2b: Dragapult|unboost|[from] ability: Clear Body|[of] p2b: Dragapult
|move|p2a: Volcarona|Heat Wave|p1b: Rillaboom|[spread] p1a,p1b
|-resisted|p1a: Incineroar
|-supereffective|p1b: Rillaboom
|-damage|p1a: Incineroar|75/100
|-damage|p1b: Rillaboom|0 fnt
|faint|p1b: Rillaboom
|
|-heal|p1a: Incineroar|81/100|[from] Grassy Terrain
|upkeep
|
|t:|1756447529
|switch|p1b: Grimmsnarl|Grimmsnarl, L50, M, shiny, tera:Dark|54/100
|turn|5
|
|t:|1756447535
|switch|p2b: Indeedee|Indeedee, L50, M|100/100
|-fieldstart|move: Psychic Terrain|[from] ability: Psychic Surge|[of] p2b: Indeedee
|move|p1b: Grimmsnarl|Sucker Punch||[still]
|-fail|p1b: Grimmsnarl
|move|p2a: Volcarona|Heat Wave|p1b: Grimmsnarl|[spread] p1b
|-miss|p2a: Volcarona|p1a: Incineroar
|-damage|p1b: Grimmsnarl|0 fnt
|faint|p1b: Grimmsnarl
|move|p1a: Incineroar|Flare Blitz|p2a: Volcarona
|-damage|p2a: Volcarona|28/100
|-damage|p1a: Incineroar|60/100|[from] Recoil
|
|upkeep
|
|t:|1756447541
|switch|p1b: Volcarona|Volcarona, L50, F, shiny|100/100
|turn|6
|
|t:|1756447549
|-terastallize|p2b: Indeedee|Fighting
|move|p2a: Volcarona|Heat Wave|p1a: Incineroar|[spread] p1a,p1b
|-resisted|p1a: Incineroar
|-crit|p1a: Incineroar
|-damage|p1a: Incineroar|8/100
|-damage|p1b: Volcarona|53/100
|move|p2b: Indeedee|Tera Blast|p1a: Incineroar|[anim] Tera Blast Fighting
|-supereffective|p1a: Incineroar
|-damage|p1a: Incineroar|0 fnt
|faint|p1a: Incineroar
|move|p1b: Volcarona|Giga Drain|p2b: Indeedee
|-damage|p2b: Indeedee|65/100
|-heal|p1b: Volcarona|66/100|[from] drain|[of] p2b: Indeedee
|
|-sideend|p1: jagheter|move: Light Screen
|upkeep
|turn|7
|
|t:|1756447557
|move|p2a: Volcarona|Heat Wave|p1b: Volcarona|[miss]
|-miss|p2a: Volcarona|p1b: Volcarona
|move|p2b: Indeedee|Expanding Force|p1b: Volcarona
|-damage|p1b: Volcarona|0 fnt
|faint|p1b: Volcarona
|
|win|corndog7
|raw|jagheter's rating: 1106 → 1087(-19 for losing)
|raw|corndog7's rating: 1188 → 1207(+19 for winning)
