|j|‽Muggcat
|j|☆chalizhou
|html|Muggcatchalizhou    
|uhtml|bestof|Game 1 of a best-of-3
|t:|1757085580
|gametype|doubles
|player|p1|Muggcat|waiter-gen4dp|1055
|player|p2|chalizhou|rosa|1157
|gen|9
|tier|[Gen 9] VGC 2025 Reg H (Bo3)
|rated|
|rule|Species Clause: Limit one of each Pokémon
|rule|Item Clause: Limit 1 of each item
|clearpoke
|poke|p1|Indeedee, L50, M|
|poke|p1|Archaludon, L50, F|
|poke|p1|Ursaluna, L50, M|
|poke|p1|Sneasler, L50, M|
|poke|p1|Basculegion, L50, M|
|poke|p1|Murkrow, L50, M|
|poke|p2|Umbreon, L50, M|
|poke|p2|Gholdengo, L50|
|poke|p2|Rillaboom, L50, M|
|poke|p2|Dragonite, L50, M|
|poke|p2|Whimsicott, L50, M|
|poke|p2|Arcanine, L50, F|
|teampreview|4
|showteam|p1|Indeedee||FocusSash|PsychicSurge|ExpandingForce,Imprison,Protect,TrickRoom|||M|||50|,,,,,Psychic]Archaludon||AssaultVest|Stamina|DracoMeteor,FlashCannon,BodyPress,ElectroShot|||F|||50|,,,,,Bug]Ursaluna||FlameOrb|Guts|HeadlongRush,Facade,Earthquake,Protect|||M|||50|,,,,,Ghost]Sneasler||PsychicSeed|Unburden|Protect,DireClaw,CloseCombat,ThroatChop|||M|||50|,,,,,Dark]Basculegion||LifeOrb|SwiftSwim|WaveCrash,Protect,LastRespects,AquaJet|||M|||50|,,,,,Grass]Murkrow||Eviolite|Prankster|FoulPlay,Tailwind,Haze,RainDance|||M|||50|,,,,,Ghost
|showteam|p2|Umbreon||Leftovers|Synchronize|FoulPlay,Toxic,Protect,Wish|||M|||50|,,,,,Dark]Gholdengo||ChoiceSpecs|GoodasGold|MakeItRain,ShadowBall,PowerGem,Thunderbolt||||||50|,,,,,Steel]Rillaboom||AssaultVest|GrassySurge|WoodHammer,FakeOut,GrassyGlide,HighHorsepower|||M|||50|,,,,,Water]Dragonite||LoadedDice|Multiscale|Roost,Tailwind,ScaleShot,Haze|||M|||50|,,,,,Dragon]Whimsicott||FocusSash|Prankster|HelpingHand,Tailwind,Endeavor,Encore|||M|||50|,,,,,Grass]Arcanine||AguavBerry|Intimidate|ExtremeSpeed,FlareBlitz,HelpingHand,WillOWisp|||F|||50|,,,,,Fire
|inactive|Battle timer is ON: inactive players will automatically lose when time's up. (requested by Muggcat)
|
|t:|1757085628
|teamsize|p1|4
|teamsize|p2|4
|start
|switch|p1a: Ursaluna|Ursaluna, L50, M|100/100
|switch|p1b: Murkrow|Murkrow, L50, M|100/100
|switch|p2a: Whimsicott|Whimsicott, L50, M|100/100
|switch|p2b: Umbreon|Umbreon, L50, M|100/100
|turn|1
|inactive|chalizhou has 30 seconds left.
|inactive|chalizhou has 20 seconds left.
|
|t:|1757085664
|move|p1a: Ursaluna|Protect|p1a: Ursaluna
|-singleturn|p1a: Ursaluna|Protect
|move|p2a: Whimsicott|Tailwind|p2a: Whimsicott
|-sidestart|p2: chalizhou|move: Tailwind
|move|p1b: Murkrow|Tailwind|p1b: Murkrow
|-sidestart|p1: Muggcat|move: Tailwind
|move|p2b: Umbreon|Toxic|p1b: Murkrow
|-status|p1b: Murkrow|tox
|
|-damage|p1b: Murkrow|94/100 tox|[from] psn
|-status|p1a: Ursaluna|brn|[from] item: Flame Orb
|upkeep
|turn|2
|inactive|chalizhou has 30 seconds left.
|
|t:|1757085690
|switch|p1b: Indeedee|Indeedee, L50, M|100/100
|-fieldstart|move: Psychic Terrain|[from] ability: Psychic Surge|[of] p1b: Indeedee
|move|p2a: Whimsicott|Encore|p1a: Ursaluna
|-activate|p1a: Ursaluna|move: Psychic Terrain
|move|p2b: Umbreon|Foul Play|p1a: Ursaluna
|-damage|p1a: Ursaluna|57/100 brn
|move|p1a: Ursaluna|Facade|p2b: Umbreon
|-damage|p2b: Umbreon|26/100
|
|-heal|p2b: Umbreon|32/100|[from] item: Leftovers
|-damage|p1a: Ursaluna|51/100 brn|[from] brn
|upkeep
|turn|3
|inactive|Muggcat has 30 seconds left.
|inactive|chalizhou has 30 seconds left.
|inactive|chalizhou has 20 seconds left.
|inactive|chalizhou has 15 seconds left.
|
|t:|1757085731
|move|p1a: Ursaluna|Protect|p1a: Ursaluna
|-singleturn|p1a: Ursaluna|Protect
|move|p2a: Whimsicott|Endeavor|p1a: Ursaluna
|-activate|p1a: Ursaluna|move: Protect
|move|p2b: Umbreon|Foul Play|p1a: Ursaluna
|-activate|p1a: Ursaluna|move: Protect
|move|p1b: Indeedee|Trick Room|p1b: Indeedee
|-fieldstart|move: Trick Room|[of] p1b: Indeedee
|
|-heal|p2b: Umbreon|38/100|[from] item: Leftovers
|-damage|p1a: Ursaluna|45/100 brn|[from] brn
|upkeep
|turn|4
|
|t:|1757085749
|switch|p2b: Rillaboom|Rillaboom, L50, M|100/100
|-fieldstart|move: Grassy Terrain|[from] ability: Grassy Surge|[of] p2b: Rillaboom
|move|p2a: Whimsicott|Encore|p1a: Ursaluna
|-start|p1a: Ursaluna|Encore
|move|p1a: Ursaluna|Protect||[still]
|-fail|p1a: Ursaluna
|move|p1b: Indeedee|Expanding Force|p2a: Whimsicott
|-damage|p2a: Whimsicott|46/100
|
|-heal|p1a: Ursaluna|51/100 brn|[from] Grassy Terrain
|-heal|p2a: Whimsicott|52/100|[from] Grassy Terrain
|-damage|p1a: Ursaluna|45/100 brn|[from] brn
|-sideend|p2: chalizhou|move: Tailwind
|-sideend|p1: Muggcat|move: Tailwind
|upkeep
|turn|5
|inactive|Muggcat has 30 seconds left.
|inactive|chalizhou has 30 seconds left.
|inactive|Muggcat has 20 seconds left.
|inactive|Muggcat has 15 seconds left.
|inactive|Muggcat has 10 seconds left.
|
|t:|1757085795
|switch|p1b: Murkrow|Murkrow, L50, M|94/100 tox
|switch|p2a: Umbreon|Umbreon, L50, M|38/100
|move|p1a: Ursaluna|Protect|p1a: Ursaluna
|-singleturn|p1a: Ursaluna|Protect
|move|p2b: Rillaboom|Wood Hammer|p1b: Murkrow
|-resisted|p1b: Murkrow
|-damage|p1b: Murkrow|53/100 tox
|-damage|p2b: Rillaboom|89/100|[from] Recoil
|
|-heal|p1a: Ursaluna|51/100 brn|[from] Grassy Terrain
|-heal|p2a: Umbreon|44/100|[from] Grassy Terrain
|-heal|p2a: Umbreon|50/100|[from] item: Leftovers
|-heal|p2b: Rillaboom|95/100|[from] Grassy Terrain
|-damage|p1b: Murkrow|47/100 tox|[from] psn
|-damage|p1a: Ursaluna|45/100 brn|[from] brn
|upkeep
|turn|6
|inactive|Muggcat has 30 seconds left.
|
|t:|1757085821
|switch|p1a: Indeedee|Indeedee, L50, M|100/100
|-fieldstart|move: Psychic Terrain|[from] ability: Psychic Surge|[of] p1a: Indeedee
|move|p2a: Umbreon|Foul Play|p1a: Indeedee
|-supereffective|p1a: Indeedee
|-damage|p1a: Indeedee|32/100
|move|p2b: Rillaboom|Grassy Glide|p1a: Indeedee
|-damage|p1a: Indeedee|0 fnt
|faint|p1a: Indeedee
|move|p1b: Murkrow|Foul Play|p2b: Rillaboom
|-damage|p2b: Rillaboom|54/100
|
|-heal|p2a: Umbreon|55/100|[from] item: Leftovers
|-damage|p1b: Murkrow|35/100 tox|[from] psn
|upkeep
|
|t:|1757085838
|switch|p1a: Ursaluna|Ursaluna, L50, M|45/100 brn
|turn|7
|
|t:|1757085862
|switch|p2b: Gholdengo|Gholdengo, L50|100/100
|move|p2a: Umbreon|Protect|p2a: Umbreon
|-singleturn|p2a: Umbreon|Protect
|move|p1a: Ursaluna|Earthquake|p2a: Umbreon|[spread] p2b
|-activate|p2a: Umbreon|move: Protect
|-immune|p1b: Murkrow
|-supereffective|p2b: Gholdengo
|-damage|p2b: Gholdengo|0 fnt
|faint|p2b: Gholdengo
|move|p1b: Murkrow|Foul Play|p2a: Umbreon
|-activate|p2a: Umbreon|move: Protect
|
|-heal|p2a: Umbreon|61/100|[from] item: Leftovers
|-damage|p1b: Murkrow|17/100 tox|[from] psn
|-damage|p1a: Ursaluna|39/100 brn|[from] brn
|-fieldend|move: Trick Room
|upkeep
|
|t:|1757085882
|switch|p2b: Rillaboom|Rillaboom, L50, M|54/100
|-fieldstart|move: Grassy Terrain|[from] ability: Grassy Surge|[of] p2b: Rillaboom
|turn|8
|
|t:|1757085898
|-terastallize|p1a: Ursaluna|Ghost
|move|p1b: Murkrow|Tailwind|p1b: Murkrow
|-sidestart|p1: Muggcat|move: Tailwind
|move|p2b: Rillaboom|Grassy Glide|p1a: Ursaluna
|-damage|p1a: Ursaluna|15/100 brn
|move|p1a: Ursaluna|Facade|p2a: Umbreon
|-damage|p2a: Umbreon|0 fnt
|faint|p2a: Umbreon
|
|-heal|p1a: Ursaluna|21/100 brn|[from] Grassy Terrain
|-heal|p2b: Rillaboom|60/100|[from] Grassy Terrain
|-damage|p1b: Murkrow|0 fnt|[from] psn
|faint|p1b: Murkrow
|-damage|p1a: Ursaluna|15/100 brn|[from] brn
|upkeep
|
|t:|1757085915
|switch|p1b: Sneasler|Sneasler, L50, M|100/100
|switch|p2a: Whimsicott|Whimsicott, L50, M|52/100
|turn|9
|
|t:|1757085928
|-terastallize|p2b: Rillaboom|Water
|move|p1a: Ursaluna|Protect|p1a: Ursaluna
|-singleturn|p1a: Ursaluna|Protect
|move|p2a: Whimsicott|Tailwind|p2a: Whimsicott
|-sidestart|p2: chalizhou|move: Tailwind
|move|p1b: Sneasler|Dire Claw|p2b: Rillaboom
|-damage|p2b: Rillaboom|20/100
|move|p2b: Rillaboom|Wood Hammer|p1a: Ursaluna
|-activate|p1a: Ursaluna|move: Protect
|
|-heal|p2a: Whimsicott|58/100|[from] Grassy Terrain
|-heal|p2b: Rillaboom|26/100|[from] Grassy Terrain
|-heal|p1a: Ursaluna|21/100 brn|[from] Grassy Terrain
|-damage|p1a: Ursaluna|15/100 brn|[from] brn
|upkeep
|turn|10
|inactive|Muggcat has 30 seconds left.
|
|t:|1757085956
|move|p2a: Whimsicott|Endeavor|p1b: Sneasler
|-damage|p1b: Sneasler|62/100
|move|p1b: Sneasler|Dire Claw|p2b: Rillaboom
|-crit|p2b: Rillaboom
|-damage|p2b: Rillaboom|0 fnt
|faint|p2b: Rillaboom
|move|p1a: Ursaluna|Facade|p2a: Whimsicott
|-damage|p2a: Whimsicott|0 fnt
|faint|p2a: Whimsicott
|
|win|Muggcat
