|j|☆Ludikrik
|j|☆King_shuckle17
|html|LudikrikKing_shuckle17    
|uhtml|bestof|Game 3 of a best-of-3
|t:|1756582450
|gametype|doubles
|player|p1|Ludikrik|chili|1122
|player|p2|King_shuckle17|lusamine-masters|1130
|gen|9
|tier|[Gen 9] VGC 2025 Reg H (Bo3)
|rated|
|rule|Species Clause: Limit one of each Pokémon
|rule|Item Clause: Limit 1 of each item
|clearpoke
|poke|p1|Porygon2, L50|
|poke|p1|Primarina, L50, M|
|poke|p1|Archaludon, L50, M|
|poke|p1|Ursaluna, L50, F|
|poke|p1|Vivillon-Elegant, L50, F|
|poke|p1|Incineroar, L50, F|
|poke|p2|Garchomp, L50, M|
|poke|p2|Gholdengo, L50|
|poke|p2|Electabuzz, L50, M|
|poke|p2|Talonflame, L50, F|
|poke|p2|Annihilape, L50, M|
|poke|p2|Gyarados, L50, M|
|teampreview|4
|showteam|p1|Porygon2||Eviolite|Download|TeraBlast,IceBeam,Recover,TrickRoom||||||50|,,,,,Fighting]Primarina||LifeOrb|LiquidVoice|HyperVoice,Moonblast,Haze,Protect|||M|||50|,,,,,Poison]Archaludon||PowerHerb|Sturdy|ElectroShot,DracoMeteor,FlashCannon,Protect|||M|||50|,,,,,Stellar]Ursaluna||FlameOrb|Guts|HeadlongRush,Facade,Earthquake,Protect|||F|||50|,,,,,Ghost]Vivillon-Elegant||FocusSash|CompoundEyes|Hurricane,SleepPowder,Tailwind,Protect|||F|||50|,,,,,Ghost]Incineroar||AssaultVest|Intimidate|FakeOut,FlareBlitz,Uturn,KnockOff|||F|||50|,,,,,Grass
|showteam|p2|Garchomp||LifeOrb|RoughSkin|Earthquake,DragonClaw,Protect,StompingTantrum|||M|||50|,,,,,Ground]Gholdengo||MetalCoat|GoodasGold|MakeItRain,Protect,ShadowBall,NastyPlot||||||50|,,,,,Flying]Electabuzz||Eviolite|VitalSpirit|VoltSwitch,Taunt,Protect,FollowMe|||M|||50|,,,,,Ghost]Talonflame||CovertCloak|GaleWings|BraveBird,Taunt,WillOWisp,Tailwind|||F|||50|,,,,,Grass]Annihilape||ChoiceScarf|Defiant|FinalGambit,Coaching,CloseCombat,ShadowClaw|||M|||50|,,,,,Grass]Gyarados||ClearAmulet|Intimidate|TeraBlast,ThunderWave,Protect,Waterfall|||M|||50|,,,,,Flying
|
|t:|1756582457
|teamsize|p1|4
|teamsize|p2|4
|start
|switch|p1a: Nino|Vivillon-Elegant, L50, F|100/100
|switch|p1b: TomDuck12|Porygon2, L50|100/100
|switch|p2a: Gholdengo|Gholdengo, L50|100/100
|switch|p2b: Ziro|Annihilape, L50, M, shiny|100/100
|-ability|p1b: TomDuck12|Download|boost
|-boost|p1b: TomDuck12|spa|1
|turn|1
|
|t:|1756582474
|move|p2b: Ziro|Final Gambit|p1b: TomDuck12
|-damage|p1b: TomDuck12|0 fnt
|faint|p2b: Ziro
|faint|p1b: TomDuck12
|move|p1a: Nino|Sleep Powder|p2a: Gholdengo
|-immune|p2a: Gholdengo|[from] ability: Good as Gold
|move|p2a: Gholdengo|Make It Rain|p1a: Nino
|-enditem|p1a: Nino|Focus Sash
|-damage|p1a: Nino|1/100
|-unboost|p2a: Gholdengo|spa|1
|
|upkeep
|
|t:|1756582483
|switch|p2b: harder|Garchomp, L50, M|100/100
|switch|p1b: INFERNOOOOOO|Incineroar, L50, F|100/100
|-ability|p1b: INFERNOOOOOO|Intimidate|boost
|-unboost|p2a: Gholdengo|atk|1
|-unboost|p2b: harder|atk|1
|turn|2
|
|t:|1756582503
|move|p1b: INFERNOOOOOO|Fake Out|p2b: harder
|-damage|p2b: harder|90/100
|-damage|p1b: INFERNOOOOOO|88/100|[from] ability: Rough Skin|[of] p2b: harder
|cant|p2b: harder|flinch
|move|p1a: Nino|Tailwind|p1a: Nino
|-sidestart|p1: Ludikrik|move: Tailwind
|move|p2a: Gholdengo|Nasty Plot|p2a: Gholdengo
|-boost|p2a: Gholdengo|spa|2
|
|upkeep
|turn|3
|
|t:|1756582542
|-terastallize|p2a: Gholdengo|Flying
|move|p1a: Nino|Hurricane|p2a: Gholdengo
|-damage|p2a: Gholdengo|51/100
|-start|p2a: Gholdengo|confusion
|move|p1b: INFERNOOOOOO|Flare Blitz|p2a: Gholdengo
|-damage|p2a: Gholdengo|3/100
|-damage|p1b: INFERNOOOOOO|74/100|[from] Recoil
|move|p2b: harder|Dragon Claw|p1a: Nino
|-damage|p1a: Nino|0 fnt
|faint|p1a: Nino
|-damage|p2b: harder|80/100|[from] item: Life Orb
|-activate|p2a: Gholdengo|confusion
|move|p2a: Gholdengo|Make It Rain|p1b: INFERNOOOOOO
|-resisted|p1b: INFERNOOOOOO
|-damage|p1b: INFERNOOOOOO|36/100
|-unboost|p2a: Gholdengo|spa|1
|
|upkeep
|
|t:|1756582552
|switch|p1a: My bad|Ursaluna, L50, F|100/100
|turn|4
|
|t:|1756582578
|switch|p2b: Gyarados|Gyarados, L50, M|100/100
|-ability|p2b: Gyarados|Intimidate|boost
|-unboost|p1a: My bad|atk|1
|-unboost|p1b: INFERNOOOOOO|atk|1
|-terastallize|p1b: INFERNOOOOOO|Grass
|-end|p2a: Gholdengo|confusion
|move|p2a: Gholdengo|Protect|p2a: Gholdengo
|-singleturn|p2a: Gholdengo|Protect
|move|p1a: My bad|Facade|p2b: Gyarados
|-damage|p2b: Gyarados|68/100
|move|p1b: INFERNOOOOOO|Knock Off|p2a: Gholdengo
|-activate|p2a: Gholdengo|move: Protect
|
|-status|p1a: My bad|brn|[from] item: Flame Orb
|upkeep
|turn|5
|
|t:|1756582610
|move|p2b: Gyarados|Protect|p2b: Gyarados
|-singleturn|p2b: Gyarados|Protect
|move|p1a: My bad|Facade|p2b: Gyarados
|-activate|p2b: Gyarados|move: Protect
|move|p1b: INFERNOOOOOO|Knock Off|p2a: Gholdengo
|-damage|p2a: Gholdengo|0 fnt
|-enditem|p2a: Gholdengo|Metal Coat|[from] move: Knock Off|[of] p1b: INFERNOOOOOO
|faint|p2a: Gholdengo
|
|-damage|p1a: My bad|95/100 brn|[from] brn
|-sideend|p1: Ludikrik|move: Tailwind
|upkeep
|
|t:|1756582616
|switch|p2a: harder|Garchomp, L50, M|80/100
|turn|6
|
|t:|1756582635
|move|p2a: harder|Dragon Claw|p1b: INFERNOOOOOO
|-damage|p1b: INFERNOOOOOO|0 fnt
|faint|p1b: INFERNOOOOOO
|-damage|p2a: harder|70/100|[from] item: Life Orb
|move|p2b: Gyarados|Waterfall|p1a: My bad
|-supereffective|p1a: My bad
|-damage|p1a: My bad|27/100 brn
|cant|p1a: My bad|flinch
|
|-damage|p1a: My bad|21/100 brn|[from] brn
|upkeep
|turn|7
|c|☆King_shuckle17|gg
|c|☆Ludikrik|gg
|-message|Ludikrik forfeited.
|
|win|King_shuckle17
|raw|Ludikrik's rating: 1122 → 1098(-24 for losing)
|raw|King_shuckle17's rating: 1130 → 1154(+24 for winning)
