|j|☆JusttestingforVGC
|j|☆spellbreakvgc
|html|JusttestingforVGCspellbreakvgc    
|uhtml|bestof|Game 1 of a best-of-3
|t:|1756761707
|gametype|doubles
|player|p1|JusttestingforVGC|steven|1178
|player|p2|spellbreakvgc|lance|1139
|gen|9
|tier|[Gen 9] VGC 2025 Reg H (Bo3)
|rated|
|rule|Species Clause: Limit one of each Pokémon
|rule|Item Clause: Limit 1 of each item
|clearpoke
|poke|p1|Dondozo, L50, M|
|poke|p1|Tatsugiri, L50, F|
|poke|p1|Annihilape, L50, F|
|poke|p1|Morpeko, L50, F|
|poke|p1|Sylveon, L50, M|
|poke|p1|Talonflame, L50, M|
|poke|p2|Charizard, L50, F|
|poke|p2|Torkoal, L50, M|
|poke|p2|Porygon2, L50|
|poke|p2|Incineroar, L50, F|
|poke|p2|Jumpluff, L50, F|
|poke|p2|Ursaluna, L50, M|
|teampreview|4
|showteam|p1|Dondozo||Leftovers|Unaware|Protect,Substitute,OrderUp,WaveCrash|||M|||50|,,,,,Grass]Tatsugiri||ChoiceScarf|Commander|MuddyWater,IcyWind,DracoMeteor,Soak|||F|||50|,,,,,Dragon]Annihilape||SafetyGoggles|Defiant|Uturn,CloseCombat,FinalGambit,Coaching|||F|||50|,,,,,Steel]Morpeko||FocusSash|HungerSwitch|Protect,AuraWheel,FakeOut,BatonPass|||F|||50|,,,,,Electric]Sylveon||ThroatSpray|Pixilate|Detect,HyperVoice,Psychic,MistyTerrain|||M|||50|,,,,,Grass]Talonflame||CovertCloak|GaleWings|Tailwind,BraveBird,WillOWisp,Taunt|||M|||50|,,,,,Dark
|showteam|p2|Charizard||ChoiceSpecs|SolarPower|HeatWave,DragonPulse,WeatherBall,AirSlash|||F|||50|,,,,,Ghost]Torkoal||EjectPack|Drought|Eruption,Overheat,HelpingHand,Protect|||M|||50|,,,,,Fire]Porygon2||Eviolite|Download|TeraBlast,IceBeam,Recover,TrickRoom||||||50|,,,,,Fighting]Incineroar||SitrusBerry|Intimidate|FlareBlitz,KnockOff,FakeOut,PartingShot|||F|||50|,,,,,Ghost]Jumpluff||CovertCloak|Chlorophyll|SleepPowder,SunnyDay,RagePowder,Tailwind|||F|||50|,,,,,Water]Ursaluna||FlameOrb|Guts|HeadlongRush,Facade,Earthquake,Protect|||M|||50|,,,,,Ghost
|inactive|Battle timer is ON: inactive players will automatically lose when time's up. (requested by JusttestingforVGC)
|inactive|spellbreakvgc has 60 seconds left.
|inactive|spellbreakvgc has 30 seconds left.
|
|t:|1756761776
|teamsize|p1|4
|teamsize|p2|4
|start
|switch|p1a: Talonflame|Talonflame, L50, M|100/100
|switch|p1b: Morpeko|Morpeko, L50, F|100/100
|switch|p2a: Jumpluff|Jumpluff, L50, F|100/100
|switch|p2b: Porygon2|Porygon2, L50|100/100
|-ability|p2b: Porygon2|Download|boost
|-boost|p2b: Porygon2|spa|1
|turn|1
|
|t:|1756761796
|-terastallize|p2a: Jumpluff|Water
|move|p2a: Jumpluff|Rage Powder|p2a: Jumpluff
|-singleturn|p2a: Jumpluff|move: Rage Powder
|move|p1a: Talonflame|Taunt|p2a: Jumpluff
|-start|p2a: Jumpluff|move: Taunt
|move|p1b: Morpeko|Aura Wheel|p2a: Jumpluff
|-supereffective|p2a: Jumpluff
|-damage|p2a: Jumpluff|0 fnt
|-boost|p1b: Morpeko|spe|1
|faint|p2a: Jumpluff
|move|p2b: Porygon2|Trick Room|p2b: Porygon2
|-fieldstart|move: Trick Room|[of] p2b: Porygon2
|
|-formechange|p1b: Morpeko|Morpeko-Hangry||[from] ability: Hunger Switch
|upkeep
|
|t:|1756761811
|switch|p2a: Charizard|Charizard, L50, F, shiny|100/100
|turn|2
|
|t:|1756761828
|move|p1b: Morpeko|Protect|p1b: Morpeko
|-singleturn|p1b: Morpeko|Protect
|move|p1a: Talonflame|Brave Bird|p2a: Charizard
|-damage|p2a: Charizard|34/100
|-damage|p1a: Talonflame|78/100|[from] Recoil
|move|p2b: Porygon2|Ice Beam|p1b: Morpeko
|-activate|p1b: Morpeko|move: Protect
|move|p2a: Charizard|Heat Wave|p1b: Morpeko|[spread] p1a
|-activate|p1b: Morpeko|move: Protect
|-resisted|p1a: Talonflame
|-damage|p1a: Talonflame|43/100
|
|-formechange|p1b: Morpeko|Morpeko||[from] ability: Hunger Switch
|upkeep
|turn|3
|
|t:|1756761845
|move|p2b: Porygon2|Ice Beam|p1b: Morpeko
|-damage|p1b: Morpeko|4/100
|move|p2a: Charizard|Heat Wave|p1a: Talonflame|[spread] p1a,p1b
|-resisted|p1a: Talonflame
|-crit|p1b: Morpeko
|-damage|p1a: Talonflame|2/100
|-damage|p1b: Morpeko|0 fnt
|faint|p1b: Morpeko
|move|p1a: Talonflame|Brave Bird|p2a: Charizard
|-damage|p2a: Charizard|0 fnt
|faint|p2a: Charizard
|-damage|p1a: Talonflame|0 fnt|[from] Recoil
|faint|p1a: Talonflame
|
|upkeep
|
|t:|1756761855
|switch|p1b: Dondozo|Dondozo, L50, M|100/100
|switch|p2a: Incineroar|Incineroar, L50, F|100/100
|switch|p1a: Tatsugiri|Tatsugiri, L50, F|100/100
|-ability|p2a: Incineroar|Intimidate|boost
|-unboost|p1a: Tatsugiri|atk|1
|-unboost|p1b: Dondozo|atk|1
|-activate|p1a: Tatsugiri|ability: Commander|[of] p1b: Dondozo
|-boost|p1b: Dondozo|atk|2
|-boost|p1b: Dondozo|spa|2
|-boost|p1b: Dondozo|spe|2
|-boost|p1b: Dondozo|def|2
|-boost|p1b: Dondozo|spd|2
|turn|4
|
|t:|1756761870
|move|p1b: Dondozo|Protect|p1b: Dondozo
|-singleturn|p1b: Dondozo|Protect
|move|p2a: Incineroar|Fake Out|p1b: Dondozo
|-activate|p1b: Dondozo|move: Protect
|move|p2b: Porygon2|Ice Beam|p1b: Dondozo
|-activate|p1b: Dondozo|move: Protect
|
|upkeep
|turn|5
|
|t:|1756761883
|move|p2b: Porygon2|Ice Beam|p1b: Dondozo
|-resisted|p1b: Dondozo
|-damage|p1b: Dondozo|93/100
|move|p2a: Incineroar|Knock Off|p1b: Dondozo
|-damage|p1b: Dondozo|79/100
|-enditem|p1b: Dondozo|Leftovers|[from] move: Knock Off|[of] p2a: Incineroar
|move|p1b: Dondozo|Wave Crash|p2a: Incineroar
|-supereffective|p2a: Incineroar
|-damage|p2a: Incineroar|0 fnt
|faint|p2a: Incineroar
|-damage|p1b: Dondozo|51/100|[from] Recoil
|
|-fieldend|move: Trick Room
|upkeep
|turn|6
|
|t:|1756761896
|move|p1b: Dondozo|Substitute|p1b: Dondozo
|-start|p1b: Dondozo|Substitute
|-damage|p1b: Dondozo|26/100
|move|p2b: Porygon2|Trick Room|p2b: Porygon2
|-fieldstart|move: Trick Room|[of] p2b: Porygon2
|
|upkeep
|turn|7
|
|t:|1756761904
|move|p2b: Porygon2|Ice Beam|p1b: Dondozo
|-resisted|p1b: Dondozo
|-activate|p1b: Dondozo|move: Substitute|[damage]
|move|p1b: Dondozo|Order Up|p2b: Porygon2
|-damage|p2b: Porygon2|78/100
|-boost|p1b: Dondozo|atk|1
|
|upkeep
|turn|8
|-message|spellbreakvgc forfeited.
|
|win|JusttestingforVGC
