|j|☆x-3 demon
|j|☆OhNoValentine
|html|x-3 demonOhNoValentine    
|uhtml|bestof|Game 1 of a best-of-3
|t:|1757197689
|gametype|doubles
|player|p1|x-3 demon|boarder-gen2|1312
|player|p2|OhNoValentine|169|1337
|gen|9
|tier|[Gen 9] VGC 2025 Reg H (Bo3)
|rated|
|rule|Species Clause: Limit one of each Pokémon
|rule|Item Clause: Limit 1 of each item
|clearpoke
|poke|p1|Dragonite, L50, F|
|poke|p1|Sinistcha, L50|
|poke|p1|Ursaluna, L50, F|
|poke|p1|Gholdengo, L50|
|poke|p1|Incineroar, L50, M|
|poke|p1|Ninetales-Alola, L50, M|
|poke|p2|Rillaboom, L50, F|
|poke|p2|Sneasler, L50, F|
|poke|p2|Gholdengo, L50|
|poke|p2|Dragonite, L50, M|
|poke|p2|Annihilape, L50, F|
|poke|p2|Ursaluna-Bloodmoon, L50, M|
|teampreview|4
|showteam|p1|Dragonite||LoadedDice|Multiscale|ScaleShot,Haze,Tailwind,Protect|||F|||50|,,,,,Fairy]Sinistcha||SitrusBerry|Hospitality|MatchaGotcha,LifeDew,RagePowder,TrickRoom||||||50|,,,,,Dark]Ursaluna||FlameOrb|Guts|HeadlongRush,Earthquake,Facade,Protect|||F|||50|,,,,,Ghost]Gholdengo||LifeOrb|GoodasGold|MakeItRain,ShadowBall,NastyPlot,Protect||||||50|,,,,,Water]Incineroar||AssaultVest|Intimidate|FlareBlitz,KnockOff,FakeOut,Uturn|||M|||50|,,,,,Grass]Ninetales-Alola||FocusSash|SnowWarning|IcyWind,FreezeDry,Encore,AuroraVeil|||M|||50|,,,,,Ghost
|showteam|p2|Rillaboom||MiracleSeed|GrassySurge|FakeOut,WoodHammer,Uturn,GrassyGlide|||F|||50|,,,,,Fire]Sneasler||GrassySeed|Unburden|Protect,CloseCombat,DireClaw,ThroatChop|||F|||50|,,,,,Dark]Gholdengo||LifeOrb|GoodasGold|MakeItRain,ShadowBall,NastyPlot,Protect||||||50|,,,,,Water]Dragonite||LoadedDice|Multiscale|Protect,Tailwind,Haze,ScaleShot|||M|||50|,,,,,Steel]Annihilape||SafetyGoggles|Defiant|RageFist,DrainPunch,Protect,BulkUp|||F|||50|,,,,,Fire]Ursaluna-Bloodmoon||AssaultVest|MindsEye|BloodMoon,VacuumWave,HyperVoice,EarthPower|||M|||50|,,,,,Ghost
|inactive|Battle timer is ON: inactive players will automatically lose when time's up. (requested by OhNoValentine)
|
|t:|1757197756
|teamsize|p1|4
|teamsize|p2|4
|start
|switch|p1a: Dragonite|Dragonite, L50, F|100/100
|switch|p1b: Ninetales|Ninetales-Alola, L50, M|100/100
|switch|p2a: Annihilape|Annihilape, L50, F|100/100
|switch|p2b: Dragonite|Dragonite, L50, M|100/100
|-weather|Snowscape|[from] ability: Snow Warning|[of] p1b: Ninetales
|turn|1
|inactive|x-3 demon has 30 seconds left.
|inactive|OhNoValentine has 30 seconds left.
|
|t:|1757197786
|-terastallize|p1a: Dragonite|Fairy
|-terastallize|p2b: Dragonite|Steel
|move|p1b: Ninetales|Aurora Veil|p1b: Ninetales
|-sidestart|p1: x-3 demon|move: Aurora Veil
|move|p2a: Annihilape|Bulk Up|p2a: Annihilape
|-boost|p2a: Annihilape|atk|1
|-boost|p2a: Annihilape|def|1
|move|p2b: Dragonite|Tailwind|p2b: Dragonite
|-sidestart|p2: OhNoValentine|move: Tailwind
|move|p1a: Dragonite|Tailwind|p1a: Dragonite
|-sidestart|p1: x-3 demon|move: Tailwind
|
|-weather|Snowscape|[upkeep]
|upkeep
|turn|2
|inactive|x-3 demon has 30 seconds left.
|inactive|x-3 demon has 20 seconds left.
|
|t:|1757197824
|switch|p2b: Gholdengo|Gholdengo, L50, shiny|100/100
|move|p2a: Annihilape|Protect|p2a: Annihilape
|-singleturn|p2a: Annihilape|Protect
|move|p1b: Ninetales|Encore|p2a: Annihilape
|-activate|p2a: Annihilape|move: Protect
|move|p1a: Dragonite|Scale Shot|p2b: Gholdengo
|-resisted|p2b: Gholdengo
|-damage|p2b: Gholdengo|92/100
|-resisted|p2b: Gholdengo
|-damage|p2b: Gholdengo|83/100
|-resisted|p2b: Gholdengo
|-damage|p2b: Gholdengo|75/100
|-resisted|p2b: Gholdengo
|-damage|p2b: Gholdengo|67/100
|-hitcount|p2b: Gholdengo|4
|-unboost|p1a: Dragonite|def|1
|-boost|p1a: Dragonite|spe|1
|
|-weather|Snowscape|[upkeep]
|upkeep
|turn|3
|inactive|x-3 demon has 30 seconds left.
|inactive|x-3 demon has 20 seconds left.
|inactive|x-3 demon has 15 seconds left.
|inactive|x-3 demon has 10 seconds left.
|inactive|x-3 demon has 5 seconds left.
|
|t:|1757197880
|switch|p1b: Ursaluna|Ursaluna, L50, F, shiny|100/100
|switch|p2a: Dragonite|Dragonite, L50, M, tera:Steel|100/100
|move|p1a: Dragonite|Protect|p1a: Dragonite
|-singleturn|p1a: Dragonite|Protect
|move|p2b: Gholdengo|Make It Rain|p1b: Ursaluna|[spread] p1b
|-activate|p1a: Dragonite|move: Protect
|-damage|p1b: Ursaluna|64/100
|-unboost|p2b: Gholdengo|spa|1
|-damage|p2b: Gholdengo|57/100|[from] item: Life Orb
|
|-weather|Snowscape|[upkeep]
|-status|p1b: Ursaluna|brn|[from] item: Flame Orb
|upkeep
|turn|4
|inactive|x-3 demon has 30 seconds left.
|inactive|x-3 demon has 20 seconds left.
|inactive|x-3 demon has 15 seconds left.
|inactive|x-3 demon has 10 seconds left.
|inactive|x-3 demon has 5 seconds left.
|
|t:|1757197930
|switch|p1a: Incineroar|Incineroar, L50, M|100/100
|-ability|p1a: Incineroar|Intimidate|boost
|-unboost|p2a: Dragonite|atk|1
|-unboost|p2b: Gholdengo|atk|1
|move|p2b: Gholdengo|Make It Rain|p1b: Ursaluna|[spread] p1a,p1b
|-resisted|p1a: Incineroar
|-damage|p1a: Incineroar|92/100
|-damage|p1b: Ursaluna|40/100 brn
|-unboost|p2b: Gholdengo|spa|1
|-damage|p2b: Gholdengo|48/100|[from] item: Life Orb
|move|p2a: Dragonite|Haze|p2a: Dragonite
|-clearallboost
|move|p1b: Ursaluna|Headlong Rush|p2b: Gholdengo
|-supereffective|p2b: Gholdengo
|-damage|p2b: Gholdengo|0 fnt
|-unboost|p1b: Ursaluna|def|1
|-unboost|p1b: Ursaluna|spd|1
|faint|p2b: Gholdengo
|
|-weather|Snowscape|[upkeep]
|-damage|p1b: Ursaluna|34/100 brn|[from] brn
|-sideend|p2: OhNoValentine|move: Tailwind
|-sideend|p1: x-3 demon|move: Tailwind
|upkeep
|
|t:|1757197942
|switch|p2b: Annihilape|Annihilape, L50, F|100/100
|turn|5
|
|t:|1757197958
|switch|p1b: Dragonite|Dragonite, L50, F, tera:Fairy|100/100
|move|p2b: Annihilape|Protect|p2b: Annihilape
|-singleturn|p2b: Annihilape|Protect
|move|p2a: Dragonite|Protect|p2a: Dragonite
|-singleturn|p2a: Dragonite|Protect
|move|p1a: Incineroar|Fake Out|p2a: Dragonite
|-activate|p2a: Dragonite|move: Protect
|
|-weather|none
|-sideend|p1: x-3 demon|move: Aurora Veil
|upkeep
|turn|6
|inactive|x-3 demon has 30 seconds left.
|inactive|x-3 demon has 20 seconds left.
|
|t:|1757197995
|move|p2b: Annihilape|Drain Punch|p1a: Incineroar
|-supereffective|p1a: Incineroar
|-crit|p1a: Incineroar
|-damage|p1a: Incineroar|7/100
|move|p2a: Dragonite|Tailwind|p2a: Dragonite
|-sidestart|p2: OhNoValentine|move: Tailwind
|move|p1b: Dragonite|Tailwind|p1b: Dragonite
|-sidestart|p1: x-3 demon|move: Tailwind
|move|p1a: Incineroar|Knock Off|p2a: Dragonite
|-damage|p2a: Dragonite|74/100
|-enditem|p2a: Dragonite|Loaded Dice|[from] move: Knock Off|[of] p1a: Incineroar
|
|upkeep
|turn|7
|inactive|x-3 demon has 30 seconds left.
|inactive|x-3 demon has 20 seconds left.
|inactive|x-3 demon has 15 seconds left.
|inactive|x-3 demon has 10 seconds left.
|
|t:|1757198044
|switch|p2a: Sneasler|Sneasler, L50, F|100/100
|switch|p1a: Ninetales|Ninetales-Alola, L50, M|100/100
|-weather|Snowscape|[from] ability: Snow Warning|[of] p1a: Ninetales
|move|p2b: Annihilape|Bulk Up|p2b: Annihilape
|-boost|p2b: Annihilape|atk|1
|-boost|p2b: Annihilape|def|1
|move|p1b: Dragonite|Scale Shot|p2a: Sneasler
|-damage|p2a: Sneasler|77/100
|-damage|p2a: Sneasler|50/100
|-damage|p2a: Sneasler|24/100
|-damage|p2a: Sneasler|0 fnt
|faint|p2a: Sneasler
|-hitcount|p2: Sneasler|4
|-unboost|p1b: Dragonite|def|1
|-boost|p1b: Dragonite|spe|1
|
|-weather|Snowscape|[upkeep]
|upkeep
|
|t:|1757198055
|switch|p2a: Dragonite|Dragonite, L50, M, tera:Steel|74/100
|turn|8
|-message|OhNoValentine forfeited.
|
|win|x-3 demon
||OhNoValentine is ready for game 2.
||x-3 demon is ready for game 2.
|uhtml|next|Next: Game 2 of 3
