|j|☆teyvgc
|j|☆papucaru
|html|teyvgcpapucaru    
|uhtml|bestof|Game 1 of a best-of-3
|t:|1783206484
|gametype|doubles
|player|p1|teyvgc|1|1293
|player|p2|papucaru|169|1169
|gen|9
|tier|[Gen 9 Champions] VGC 2026 Reg M-B (Bo3)
|rated|
|rule|Species Clause: Limit one of each Pokémon
|rule|Item Clause: Limit 1 of each item
|clearpoke
|poke|p1|Excadrill, L50, M|
|poke|p1|Tyranitar, L50, F|
|poke|p1|Staraptor, L50, M|
|poke|p1|Sinistcha, L50|
|poke|p1|Milotic, L50, F|
|poke|p1|Gholdengo, L50|
|poke|p2|Blastoise, L50, F|
|poke|p2|Slowking-Galar, L50, M|
|poke|p2|Pelipper, L50, M|
|poke|p2|Archaludon, L50, F|
|poke|p2|Kingambit, L50, M|
|poke|p2|Sylveon, L50, F|
|teampreview|4
|showteam|p1|Excadrill||FocusSash|SandRush|HighHorsepower,IronHead,RockSlide,Protect|Adamant||M|||50|]Tyranitar||Tyranitarite|SandStream|RockSlide,KnockOff,DragonDance,Protect|Adamant||F|||50|]Staraptor||Staraptite|Intimidate|BraveBird,CloseCombat,Tailwind,Protect|Jolly||M|||50|]Sinistcha||SitrusBerry|Hospitality|MatchaGotcha,RagePowder,LifeDew,TrickRoom|Calm|||||50|]Milotic||Leftovers|Competitive|Scald,IceBeam,Recover,Protect|Modest||F|||50|]Gholdengo||LifeOrb|GoodasGold|MakeItRain,ShadowBall,NastyPlot,Protect|Modest|||||50|
|showteam|p2|Blastoise||Blastoisinite|Torrent|Protect,FakeOut,WaterSpout,AuraSphere|Modest||F|||50|]Slowking-Galar||MentalHerb|Regenerator|TrickRoom,RainDance,AcidSpray,HealPulse|Relaxed||M|||50|]Pelipper||SitrusBerry|Drizzle|WeatherBall,Uturn,Hurricane,Tailwind|Modest||M|||50|]Archaludon||DragonFang|Sturdy|Protect,DracoMeteor,SteelBeam,ElectroShot|Modest||F|||50|]Kingambit||BlackGlasses|Defiant|Protect,SwordsDance,KowtowCleave,SuckerPunch|Brave||M|||50|]Sylveon||FairyFeather|Pixilate|Detect,QuickAttack,HyperVoice,Psyshock|Modest||F|||50|
|
|t:|1783206561
|teamsize|p1|4
|teamsize|p2|4
|start
|switch|p1a: Staraptor|Staraptor, L50, M|100/100
|switch|p1b: Sinistcha|Sinistcha, L50|100/100
|switch|p2a: Blastoise|Blastoise, L50, F|100/100
|switch|p2b: Slowking|Slowking-Galar, L50, M|100/100
|-ability|p1a: Staraptor|Intimidate|boost
|-unboost|p2a: Blastoise|atk|1
|-unboost|p2b: Slowking|atk|1
|turn|1
|
|t:|1783206596
|detailschange|p1a: Staraptor|Staraptor-Mega, L50, M
|-mega|p1a: Staraptor|Staraptor|Staraptite
|detailschange|p2a: Blastoise|Blastoise-Mega, L50, F
|-mega|p2a: Blastoise|Blastoise|Blastoisinite
|move|p2a: Blastoise|Fake Out|p1a: Staraptor
|-damage|p1a: Staraptor|94/100
|cant|p1a: Staraptor|flinch
|move|p1b: Sinistcha|Matcha Gotcha|p2b: Slowking|[spread] p2a,p2b
|-supereffective|p2a: Blastoise|1
|-resisted|p2b: Slowking|1
|-damage|p2a: Blastoise|61/100
|-damage|p2b: Slowking|89/100
|move|p2b: Slowking|Trick Room|p2b: Slowking
|-fieldstart|move: Trick Room|[of] p2b: Slowking
|
|upkeep
|turn|2
|
|t:|1783206639
|move|p2b: Slowking|Heal Pulse|p2a: Blastoise
|-heal|p2a: Blastoise|100/100
|move|p1b: Sinistcha|Matcha Gotcha|p2b: Slowking|[spread] p2a,p2b
|-supereffective|p2a: Blastoise|1
|-resisted|p2b: Slowking|1
|-damage|p2a: Blastoise|56/100
|-damage|p2b: Slowking|80/100
|move|p2a: Blastoise|Water Spout|p1b: Sinistcha|[spread] p1a,p1b
|-resisted|p1b: Sinistcha|1
|-damage|p1a: Staraptor|53/100
|-damage|p1b: Sinistcha|84/100
|move|p1a: Staraptor|Close Combat|p2b: Slowking
|-resisted|p2b: Slowking|2
|-damage|p2b: Slowking|71/100
|-boost|p1a: Staraptor|def|1
|-boost|p1a: Staraptor|spd|1
|
|upkeep
|turn|3
|
|t:|1783206684
|switch|p2a: Pelipper|Pelipper, L50, M|100/100
|-weather|RainDance|[from] ability: Drizzle|[of] p2a: Pelipper
|move|p1a: Staraptor|Protect|p1a: Staraptor
|-singleturn|p1a: Staraptor|Protect
|move|p2b: Slowking|Acid Spray|p1b: Sinistcha
|-damage|p1b: Sinistcha|70/100
|-unboost|p1b: Sinistcha|spd|2
|move|p1b: Sinistcha|Matcha Gotcha|p2b: Slowking|[spread] p2a,p2b
|-resisted|p2b: Slowking|1
|-damage|p2a: Pelipper|62/100
|-heal|p1b: Sinistcha|88/100|[from] drain|[of] p2a: Pelipper
|-damage|p2b: Slowking|62/100
|-heal|p1b: Sinistcha|93/100|[from] drain|[of] p2b: Slowking
|-status|p2a: Pelipper|brn
|
|-weather|RainDance|[upkeep]
|-damage|p2a: Pelipper|56/100 brn|[from] brn
|upkeep
|turn|4
|
|t:|1783206732
|switch|p1b: Tyranitar|Tyranitar, L50, F|100/100
|-weather|Sandstorm|[from] ability: Sand Stream|[of] p1b: Tyranitar
|move|p2b: Slowking|Acid Spray|p1b: Tyranitar
|-resisted|p1b: Tyranitar|1
|-damage|p1b: Tyranitar|95/100
|-unboost|p1b: Tyranitar|spd|2
|move|p2a: Pelipper|Hurricane|p1a: Staraptor|[miss]
|-miss|p2a: Pelipper|p1a: Staraptor
|move|p1a: Staraptor|Close Combat|p2a: Pelipper
|-resisted|p2a: Pelipper|1
|-damage|p2a: Pelipper|23/100 brn
|-boost|p1a: Staraptor|def|1
|-boost|p1a: Staraptor|spd|1
|-enditem|p2a: Pelipper|Sitrus Berry|[eat]
|-heal|p2a: Pelipper|48/100 brn|[from] item: Sitrus Berry
|
|-weather|Sandstorm|[upkeep]
|-damage|p2b: Slowking|56/100|[from] Sandstorm
|-damage|p2a: Pelipper|42/100 brn|[from] Sandstorm
|-damage|p1a: Staraptor|47/100|[from] Sandstorm
|-damage|p2a: Pelipper|35/100 brn|[from] brn
|upkeep
|turn|5
|
|t:|1783206756
|switch|p2a: Blastoise|Blastoise-Mega, L50, F|56/100
|move|p2b: Slowking|Rain Dance|p2b: Slowking
|-weather|RainDance
|move|p1b: Tyranitar|Knock Off|p2b: Slowking
|-supereffective|p2b: Slowking|1
|-damage|p2b: Slowking|0 fnt
|-enditem|p2b: Slowking|Mental Herb|[from] move: Knock Off|[of] p1b: Tyranitar
|faint|p2b: Slowking
|move|p1a: Staraptor|Tailwind|p1a: Staraptor
|-sidestart|p1: teyvgc|move: Tailwind
|
|-weather|RainDance|[upkeep]
|-fieldend|move: Trick Room
|upkeep
|-message|papucaru forfeited.
|
|win|teyvgc
