|j|☆Esdeath0w0
|j|☆LeDGeNDaRY95
|html|Esdeath0w0LeDGeNDaRY95    
|uhtml|bestof|Game 3 of a best-of-3
|t:|1757040840
|gametype|doubles
|player|p1|Esdeath0w0|richboy|1011
|player|p2|LeDGeNDaRY95|lucas|1021
|gen|9
|tier|[Gen 9] VGC 2025 Reg H (Bo3)
|rated|
|rule|Species Clause: Limit one of each Pokémon
|rule|Item Clause: Limit 1 of each item
|clearpoke
|poke|p1|Amoonguss, L50, M|
|poke|p1|Sneasler, L50, F|
|poke|p1|Gholdengo, L50|
|poke|p1|Incineroar, L50, M|
|poke|p1|Ursaluna-Bloodmoon, L50, M|
|poke|p1|Dragonite, L50, F|
|poke|p2|Mamoswine, L50, M|
|poke|p2|Talonflame, L50, M|
|poke|p2|Archaludon, L50, F|
|poke|p2|Conkeldurr, L50, M|
|poke|p2|Dragapult, L50, M|
|poke|p2|Sinistcha, L50|
|teampreview|4
|showteam|p1|Amoonguss||RockyHelmet|Regenerator|RagePowder,Spore,PollenPuff,Protect|||M|||50|,,,,,Psychic]Sneasler||FocusSash|Unburden|Protect,DireClaw,CloseCombat,ThroatChop|||F|||50|,,,,,Stellar]Gholdengo||LifeOrb|GoodasGold|Protect,MakeItRain,ShadowBall,NastyPlot||||||50|,,,,,Water]Incineroar||SafetyGoggles|Intimidate|KnockOff,PartingShot,FlareBlitz,FakeOut|||M|||50|,,,,,Ghost]Ursaluna-Bloodmoon||AssaultVest|MindsEye|BloodMoon,EarthPower,VacuumWave,HyperVoice|||M|||50|,,,,,Water]Dragonite||LoadedDice|Multiscale|ScaleShot,Tailwind,Haze,Protect|||F|||50|,,,,,Fairy
|showteam|p2|Mamoswine||LoadedDice|ThickFat|Protect,HighHorsepower,IcicleSpear,Haze|||M|||50|,,,,,Bug]Talonflame||CovertCloak|GaleWings|Protect,Tailwind,BraveBird,FlareBlitz|||M|||50|,,,,,Fire]Archaludon||AssaultVest|Stamina|DragonPulse,Thunderbolt,FlashCannon,BodyPress|||F|||50|,,,,,Grass]Conkeldurr||FlameOrb|Guts|Protect,CloseCombat,MachPunch,ThunderPunch|||M|||50|,,,,,Dark]Dragapult||ChoiceBand|ClearBody|DragonDarts,SuckerPunch,TeraBlast,Uturn|||M|||50|,,,,,Ghost]Sinistcha||SitrusBerry|Hospitality|TrickRoom,MatchaGotcha,LifeDew,RagePowder||||||50|,,,,,Fire
|inactive|Battle timer is ON: inactive players will automatically lose when time's up. (requested by LeDGeNDaRY95)
|inactive|Esdeath0w0 has 60 seconds left.
|inactive|LeDGeNDaRY95 has 60 seconds left.
|
|t:|1757040898
|teamsize|p1|4
|teamsize|p2|4
|start
|switch|p1a: Gholdengo|Gholdengo, L50, shiny|100/100
|switch|p1b: Amoonguss|Amoonguss, L50, M, shiny|100/100
|switch|p2a: Talonflame|Talonflame, L50, M, shiny|100/100
|switch|p2b: Mamoswine|Mamoswine, L50, M|100/100
|turn|1
|
|t:|1757040919
|-terastallize|p1a: Gholdengo|Water
|-terastallize|p2b: Mamoswine|Bug
|move|p2a: Talonflame|Tailwind|p2a: Talonflame
|-sidestart|p2: LeDGeNDaRY95|move: Tailwind
|move|p2b: Mamoswine|Icicle Spear|p1b: Amoonguss
|-supereffective|p1b: Amoonguss
|-crit|p1b: Amoonguss
|-damage|p1b: Amoonguss|72/100
|-supereffective|p1b: Amoonguss
|-damage|p1b: Amoonguss|52/100
|-supereffective|p1b: Amoonguss
|-damage|p1b: Amoonguss|30/100
|-supereffective|p1b: Amoonguss
|-damage|p1b: Amoonguss|11/100
|-supereffective|p1b: Amoonguss
|-damage|p1b: Amoonguss|0 fnt
|faint|p1b: Amoonguss
|-hitcount|p1: Amoonguss|5
|move|p1a: Gholdengo|Nasty Plot|p1a: Gholdengo
|-boost|p1a: Gholdengo|spa|2
|
|upkeep
|
|t:|1757040942
|switch|p1b: Dragonite|Dragonite, L50, F|100/100
|turn|2
|
|t:|1757040955
|move|p1b: Dragonite|Protect|p1b: Dragonite
|-singleturn|p1b: Dragonite|Protect
|move|p2a: Talonflame|Brave Bird|p1b: Dragonite
|-activate|p1b: Dragonite|move: Protect
|move|p2b: Mamoswine|Haze|p2b: Mamoswine
|-clearallboost
|move|p1a: Gholdengo|Make It Rain|p2b: Mamoswine|[spread] p2a,p2b
|-resisted|p2a: Talonflame
|-damage|p2a: Talonflame|58/100
|-damage|p2b: Mamoswine|33/100
|-unboost|p1a: Gholdengo|spa|1
|-damage|p1a: Gholdengo|91/100|[from] item: Life Orb
|
|upkeep
|turn|3
|inactive|Esdeath0w0 has 30 seconds left.
|inactive|LeDGeNDaRY95 has 30 seconds left.
|
|t:|1757040982
|switch|p2a: Archaludon|Archaludon, L50, F, shiny|100/100
|move|p2b: Mamoswine|Icicle Spear|p1b: Dragonite
|-supereffective|p1b: Dragonite
|-damage|p1b: Dragonite|74/100
|-supereffective|p1b: Dragonite
|-damage|p1b: Dragonite|16/100
|-supereffective|p1b: Dragonite
|-crit|p1b: Dragonite
|-damage|p1b: Dragonite|0 fnt
|faint|p1b: Dragonite
|-hitcount|p1: Dragonite|3
|move|p1a: Gholdengo|Nasty Plot|p1a: Gholdengo
|-boost|p1a: Gholdengo|spa|2
|
|upkeep
|
|t:|1757040994
|switch|p1b: Sneasler|Sneasler, L50, F, shiny|100/100
|turn|4
|inactive|LeDGeNDaRY95 has 30 seconds left.
|
|t:|1757041023
|switch|p2a: Talonflame|Talonflame, L50, M, shiny|58/100
|move|p1b: Sneasler|Protect|p1b: Sneasler
|-singleturn|p1b: Sneasler|Protect
|move|p1a: Gholdengo|Protect|p1a: Gholdengo
|-singleturn|p1a: Gholdengo|Protect
|move|p2b: Mamoswine|Icicle Spear|p1b: Sneasler
|-activate|p1b: Sneasler|move: Protect
|
|-sideend|p2: LeDGeNDaRY95|move: Tailwind
|upkeep
|turn|5
|
|t:|1757041043
|move|p2a: Talonflame|Tailwind|p2a: Talonflame
|-sidestart|p2: LeDGeNDaRY95|move: Tailwind
|move|p2b: Mamoswine|Icicle Spear|p1b: Sneasler
|-damage|p1b: Sneasler|81/100
|-damage|p1b: Sneasler|59/100
|-damage|p1b: Sneasler|39/100
|-damage|p1b: Sneasler|18/100
|-hitcount|p1b: Sneasler|4
|move|p1b: Sneasler|Dire Claw|p2a: Talonflame
|-damage|p2a: Talonflame|0 fnt
|faint|p2a: Talonflame
|move|p1a: Gholdengo|Make It Rain|p2b: Mamoswine
|-damage|p2b: Mamoswine|0 fnt
|-unboost|p1a: Gholdengo|spa|1
|faint|p2b: Mamoswine
|-damage|p1a: Gholdengo|82/100|[from] item: Life Orb
|
|upkeep
|
|t:|1757041056
|switch|p2a: Archaludon|Archaludon, L50, F, shiny|100/100
|switch|p2b: Conkeldurr|Conkeldurr, L50, M|100/100
|turn|6
|inactive|Esdeath0w0 has 30 seconds left.
|inactive|Esdeath0w0 has 20 seconds left.
|inactive|Esdeath0w0 has 15 seconds left.
|
|t:|1757041100
|move|p1a: Gholdengo|Protect|p1a: Gholdengo
|-singleturn|p1a: Gholdengo|Protect
|move|p2b: Conkeldurr|Mach Punch|p1b: Sneasler
|-resisted|p1b: Sneasler
|-damage|p1b: Sneasler|0 fnt
|faint|p1b: Sneasler
|move|p2a: Archaludon|Thunderbolt|p1a: Gholdengo
|-activate|p1a: Gholdengo|move: Protect
|
|-status|p2b: Conkeldurr|brn|[from] item: Flame Orb
|upkeep
|turn|7
|
|t:|1757041122
|move|p2a: Archaludon|Thunderbolt|p1a: Gholdengo
|-supereffective|p1a: Gholdengo
|-damage|p1a: Gholdengo|16/100
|move|p1a: Gholdengo|Make It Rain|p2a: Archaludon|[spread] p2a,p2b
|-resisted|p2a: Archaludon
|-damage|p2a: Archaludon|79/100
|-damage|p2b: Conkeldurr|34/100 brn
|-unboost|p1a: Gholdengo|spa|1
|-ability|p2a: Archaludon|Stamina|boost
|-boost|p2a: Archaludon|def|1
|-damage|p1a: Gholdengo|6/100|[from] item: Life Orb
|move|p2b: Conkeldurr|Close Combat|p1a: Gholdengo
|-damage|p1a: Gholdengo|0 fnt
|-unboost|p2b: Conkeldurr|def|1
|-unboost|p2b: Conkeldurr|spd|1
|faint|p1a: Gholdengo
|
|win|LeDGeNDaRY95
|raw|Esdeath0w0's rating: 1011 → 1000(-11 for losing)
|raw|LeDGeNDaRY95's rating: 1021 → 1057(+36 for winning)
|c|☆LeDGeNDaRY95|gg
|l|☆Esdeath0w0
|player|p1|
