|j|☆dont make me walk
|j|☆Waschmaschine
|html|dont make me walkWaschmaschine    
|uhtml|bestof|Game 2 of a best-of-3
|t:|1756386925
|gametype|doubles
|player|p1|dont make me walk|red-masters3|1243
|player|p2|Waschmaschine|265|1136
|gen|9
|tier|[Gen 9] VGC 2025 Reg H (Bo3)
|rated|
|rule|Species Clause: Limit one of each Pokémon
|rule|Item Clause: Limit 1 of each item
|clearpoke
|poke|p1|Ursaluna-Bloodmoon, L50, M|
|poke|p1|Indeedee, L50, M|
|poke|p1|Sneasler, L50, M|
|poke|p1|Incineroar, L50, M|
|poke|p1|Electabuzz, L50, M|
|poke|p1|Talonflame, L50, M|
|poke|p2|Espeon, L50, F|
|poke|p2|Indeedee-F, L50, F|
|poke|p2|Ursaluna, L50, M|
|poke|p2|Amoonguss, L50, M|
|poke|p2|Gallade, L50, M|
|poke|p2|Torkoal, L50, M|
|teampreview|4
|showteam|p1|Ursaluna-Bloodmoon||LifeOrb|MindsEye|Protect,EarthPower,HyperVoice,BloodMoon|||M|||50|,,,,,Normal]Indeedee||FocusSash|PsychicSurge|ExpandingForce,TeraBlast,TrickRoom,Protect|||M|||50|,,,,,Fighting]Sneasler||PsychicSeed|Unburden|DireClaw,CloseCombat,ThroatChop,Protect|||M|||50|,,,,,Dark]Incineroar||AssaultVest|Intimidate|FakeOut,KnockOff,FlareBlitz,Uturn|||M|||50|,,,,,Grass]Electabuzz||Eviolite|VitalSpirit|Electroweb,Taunt,FollowMe,Protect|||M|||50|,,,,,Ghost]Talonflame||CovertCloak|GaleWings|FlareBlitz,DualWingbeat,WillOWisp,Tailwind|||M|||50|,,,,,Fairy
|showteam|p2|Espeon||LifeOrb|MagicBounce|ExpandingForce,DazzlingGleam,ShadowBall,Protect|||F|||50|,,,,,Psychic]Indeedee-F||SafetyGoggles|PsychicSurge|Psyshock,FollowMe,TrickRoom,HelpingHand|||F|||50|,,,,,Fire]Ursaluna||FlameOrb|Guts|Facade,HeadlongRush,Protect,Earthquake|||M|||50|,,,,,Ghost]Amoonguss||RockyHelmet|Regenerator|PollenPuff,Spore,RagePowder,Protect|||M|||50|,,,,,Water]Gallade||ClearAmulet|Sharpness|PsychoCut,TrickRoom,WideGuard,SacredSword|||M|||50|,,,,,Fairy]Torkoal||Charcoal|Drought|Eruption,EarthPower,Overheat,Protect|||M|||50|,,,,,Fire
|inactive|Battle timer is ON: inactive players will automatically lose when time's up. (requested by dont make me walk)
|inactive|Waschmaschine also wants the timer to be on.
|inactive|Waschmaschine has 60 seconds left.
|
|t:|1756386958
|teamsize|p1|4
|teamsize|p2|4
|start
|switch|p1a: Incineroar|Incineroar, L50, M|100/100
|switch|p1b: Sneasler|Sneasler, L50, M|100/100
|switch|p2a: Gallade|Gallade, L50, M|100/100
|switch|p2b: Indeedee|Indeedee-F, L50, F|100/100
|-ability|p1a: Incineroar|Intimidate|boost
|-fail|p2a: Gallade|unboost|[from] item: Clear Amulet|[of] p2a: Gallade
|-unboost|p2b: Indeedee|atk|1
|-fieldstart|move: Psychic Terrain|[from] ability: Psychic Surge|[of] p2b: Indeedee
|-enditem|p1b: Sneasler|Psychic Seed
|-boost|p1b: Sneasler|spd|1|[from] item: Psychic Seed
|turn|1
|inactive|Waschmaschine has 30 seconds left.
|
|t:|1756386989
|-terastallize|p1b: Sneasler|Dark
|-terastallize|p2b: Indeedee|Fire
|move|p1b: Sneasler|Throat Chop|p2b: Indeedee
|-damage|p2b: Indeedee|50/100
|-start|p2b: Indeedee|Throat Chop|[silent]
|move|p1a: Incineroar|Knock Off|p2a: Gallade
|-damage|p2a: Gallade|49/100
|-enditem|p2a: Gallade|Clear Amulet|[from] move: Knock Off|[of] p1a: Incineroar
|move|p2a: Gallade|Sacred Sword|p1a: Incineroar
|-supereffective|p1a: Incineroar
|-damage|p1a: Incineroar|0 fnt
|faint|p1a: Incineroar
|move|p2b: Indeedee|Trick Room|p2b: Indeedee
|-fieldstart|move: Trick Room|[of] p2b: Indeedee
|
|upkeep
|
|t:|1756386999
|switch|p1a: Indeedee|Indeedee, L50, M|100/100
|turn|2
|
|t:|1756387020
|move|p1b: Sneasler|Protect|p1b: Sneasler
|-singleturn|p1b: Sneasler|Protect
|move|p2a: Gallade|Sacred Sword|p1b: Sneasler
|-activate|p1b: Sneasler|move: Protect
|move|p2b: Indeedee|Trick Room|p2b: Indeedee
|-fieldend|move: Trick Room
|move|p1a: Indeedee|Trick Room|p1a: Indeedee
|-fieldstart|move: Trick Room|[of] p1a: Indeedee
|
|-end|p2b: Indeedee|Throat Chop|[silent]
|upkeep
|turn|3
|
|t:|1756387040
|switch|p2b: Torkoal|Torkoal, L50, M|100/100
|-weather|SunnyDay|[from] ability: Drought|[of] p2b: Torkoal
|move|p1b: Sneasler|Protect|p1b: Sneasler
|-singleturn|p1b: Sneasler|Protect
|move|p2a: Gallade|Sacred Sword|p1b: Sneasler
|-activate|p1b: Sneasler|move: Protect
|move|p1a: Indeedee|Trick Room|p1a: Indeedee
|-fieldend|move: Trick Room
|
|-weather|SunnyDay|[upkeep]
|upkeep
|turn|4
|inactive|Waschmaschine has 30 seconds left.
|
|t:|1756387066
|move|p2a: Gallade|Wide Guard|p2a: Gallade
|-singleturn|p2a: Gallade|Wide Guard
|move|p1b: Sneasler|Close Combat|p2b: Torkoal
|-damage|p2b: Torkoal|50/100
|-unboost|p1b: Sneasler|def|1
|-unboost|p1b: Sneasler|spd|1
|move|p1a: Indeedee|Expanding Force|p2a: Gallade|[spread] 
|-activate|p2a: Gallade|move: Wide Guard
|-activate|p2b: Torkoal|move: Wide Guard
|move|p2b: Torkoal|Overheat|p1a: Indeedee
|-enditem|p1a: Indeedee|Focus Sash
|-damage|p1a: Indeedee|1/100
|-unboost|p2b: Torkoal|spa|2
|
|-weather|SunnyDay|[upkeep]
|upkeep
|turn|5
|
|t:|1756387084
|move|p2a: Gallade|Wide Guard|p2a: Gallade
|-singleturn|p2a: Gallade|Wide Guard
|move|p1b: Sneasler|Dire Claw|p2a: Gallade
|-damage|p2a: Gallade|0 fnt
|faint|p2a: Gallade
|move|p1a: Indeedee|Tera Blast|p2b: Torkoal
|-damage|p2b: Torkoal|0 fnt
|faint|p2b: Torkoal
|
|-weather|SunnyDay|[upkeep]
|-fieldend|move: Psychic Terrain
|upkeep
|
|t:|1756387091
|switch|p2a: Indeedee|Indeedee-F, L50, F, tera:Fire|50/100
|switch|p2b: Ursaluna|Ursaluna, L50, M|100/100
|-fieldstart|move: Psychic Terrain|[from] ability: Psychic Surge|[of] p2a: Indeedee
|turn|6
|
|t:|1756387111
|move|p2a: Indeedee|Follow Me|p2a: Indeedee
|-singleturn|p2a: Indeedee|move: Follow Me
|move|p1b: Sneasler|Dire Claw|p2a: Indeedee
|-damage|p2a: Indeedee|0 fnt
|faint|p2a: Indeedee
|move|p1a: Indeedee|Expanding Force|p2b: Ursaluna
|-damage|p2b: Ursaluna|41/100
|move|p2b: Ursaluna|Earthquake|p1b: Sneasler|[spread] p1a,p1b
|-damage|p1a: Indeedee|0 fnt
|-damage|p1b: Sneasler|0 fnt
|faint|p1a: Indeedee
|faint|p1b: Sneasler
|
|-weather|SunnyDay|[upkeep]
|-status|p2b: Ursaluna|brn|[from] item: Flame Orb
|upkeep
|
|t:|1756387116
|switch|p1b: Ursaluna|Ursaluna-Bloodmoon, L50, M|100/100
|turn|7
|
|t:|1756387120
|move|p1b: Ursaluna|Blood Moon|p2b: Ursaluna
|-damage|p2b: Ursaluna|0 fnt
|faint|p2b: Ursaluna
|-damage|p1b: Ursaluna|91/100|[from] item: Life Orb
|
|win|dont make me walk
|raw|dont make me walk's rating: 1243 → 1261(+18 for winning)
|raw|Waschmaschine's rating: 1136 → 1118(-18 for losing)
|l|☆Waschmaschine
|player|p2|
