|j|☆Nasch1312
|j|☆Theredapple
|html|Nasch1312Theredapple    
|uhtml|bestof|Game 1 of a best-of-3
|t:|1783143887
|gametype|doubles
|player|p1|Nasch1312|hilbert|1232
|player|p2|Theredapple|170|1138
|gen|9
|tier|[Gen 9 Champions] VGC 2026 Reg M-B (Bo3)
|rated|
|rule|Species Clause: Limit one of each Pokémon
|rule|Item Clause: Limit 1 of each item
|clearpoke
|poke|p1|Dragonite, L50, M|
|poke|p1|Pelipper, L50, F|
|poke|p1|Basculegion, L50, M|
|poke|p1|Archaludon, L50, F|
|poke|p1|Sinistcha, L50|
|poke|p1|Gholdengo, L50, shiny|
|poke|p2|Tyranitar, L50, F|
|poke|p2|Scrafty, L50, F|
|poke|p2|Talonflame, L50, F|
|poke|p2|Mawile, L50, F|
|poke|p2|Glimmora, L50, M|
|poke|p2|Sinistcha, L50|
|teampreview|4
|showteam|p1|Dragonite||Dragoninite|InnerFocus|DragonPulse,Thunderbolt,Hurricane,Protect|Modest||M|||50|]Pelipper||SitrusBerry|Drizzle|Hurricane,WeatherBall,Tailwind,WideGuard|Modest||F|||50|]Basculegion||LifeOrb|SwiftSwim|WaveCrash,LastRespects,AquaJet,Protect|Adamant||M|||50|]Archaludon||Leftovers|Stamina|ElectroShot,DragonPulse,FlashCannon,Protect|Modest||F|||50|]Sinistcha||KasibBerry|Hospitality|RagePowder,MatchaGotcha,TrickRoom,LifeDew|Bold|||||50|]Gholdengo||ChoiceScarf|GoodasGold|MakeItRain,ShadowBall,PowerGem,Trick|Modest|||||50|
|showteam|p2|Tyranitar||FocusSash|SandStream|Protect,RockSlide,DragonDance,KnockOff|Jolly||F|||50|]Scrafty||Scraftinite|Intimidate|Protect,FakeOut,ThroatChop,DrainPunch|Brave||F|||50|]Talonflame||SharpBeak|GaleWings|FlareBlitz,Taunt,Tailwind,DualWingbeat|Jolly||F|||50|]Mawile||Mawilite|Intimidate|PlayRough,Protect,IronHead,SuckerPunch|Adamant||F|||50|]Glimmora||LifeOrb|ToxicDebris|SludgeBomb,EarthPower,PowerGem,SpikyShield|Modest||M|||50|]Sinistcha||SitrusBerry|Hospitality|TrickRoom,MatchaGotcha,ShadowBall,RagePowder|Modest|||||50|
|inactive|Battle timer is ON: inactive players will automatically lose when time's up. (requested by Theredapple)
|inactive|Nasch1312 has 60 seconds left.
|inactive|Theredapple has 60 seconds left.
|
|t:|1783143927
|teamsize|p1|4
|teamsize|p2|4
|start
|switch|p1a: Archaly|Archaludon, L50, F|100/100
|switch|p1b: Pely|Pelipper, L50, F|100/100
|switch|p2a: Sinistcha|Sinistcha, L50|100/100
|switch|p2b: Glimmora|Glimmora, L50, M|100/100
|-weather|RainDance|[from] ability: Drizzle|[of] p1b: Pely
|turn|1
|
|t:|1783143943
|switch|p2a: Tyranitar|Tyranitar, L50, F|100/100
|-weather|Sandstorm|[from] ability: Sand Stream|[of] p2a: Tyranitar
|move|p1a: Archaly|Protect|p1a: Archaly
|-singleturn|p1a: Archaly|Protect
|move|p2b: Glimmora|Earth Power|p1a: Archaly
|-activate|p1a: Archaly|move: Protect
|move|p1b: Pely|Hurricane|p2a: Tyranitar
|-resisted|p2a: Tyranitar|1
|-damage|p2a: Tyranitar|86/100
|
|-weather|Sandstorm|[upkeep]
|-damage|p1b: Pely|93/100|[from] Sandstorm
|upkeep
|turn|2
|
|t:|1783143961
|move|p2a: Tyranitar|Dragon Dance|p2a: Tyranitar
|-boost|p2a: Tyranitar|atk|1
|-boost|p2a: Tyranitar|spe|1
|move|p2b: Glimmora|Earth Power|p1a: Archaly
|-supereffective|p1a: Archaly|1
|-damage|p1a: Archaly|10/100
|-ability|p1a: Archaly|Stamina|boost
|-boost|p1a: Archaly|def|1
|-damage|p2b: Glimmora|90/100|[from] item: Life Orb
|move|p1a: Archaly|Flash Cannon|p2a: Tyranitar
|-supereffective|p2a: Tyranitar|1
|-damage|p2a: Tyranitar|31/100
|move|p1b: Pely|Tailwind|p1b: Pely
|-sidestart|p1: Nasch1312|move: Tailwind
|
|-weather|Sandstorm|[upkeep]
|-damage|p1b: Pely|87/100|[from] Sandstorm
|-heal|p1a: Archaly|16/100|[from] item: Leftovers
|upkeep
|turn|3
|inactive|Theredapple has 30 seconds left.
|inactive|Theredapple has 20 seconds left.
|inactive|Theredapple has 15 seconds left.
|inactive|Theredapple has 10 seconds left.
|
|t:|1783144007
|switch|p1b: Basculey|Basculegion, L50, M|100/100
|switch|p2b: Scrafty|Scrafty, L50, F|100/100
|-ability|p2b: Scrafty|Intimidate|boost
|-unboost|p1a: Archaly|atk|1
|-unboost|p1b: Basculey|atk|1
|move|p2a: Tyranitar|Protect|p2a: Tyranitar
|-singleturn|p2a: Tyranitar|Protect
|move|p1a: Archaly|Flash Cannon|p2b: Scrafty
|-damage|p2b: Scrafty|71/100
|
|-weather|Sandstorm|[upkeep]
|-damage|p1b: Basculey|93/100|[from] Sandstorm
|-damage|p2b: Scrafty|65/100|[from] Sandstorm
|-heal|p1a: Archaly|22/100|[from] item: Leftovers
|upkeep
|turn|4
|inactive|Nasch1312 has 30 seconds left.
|
|t:|1783144035
|detailschange|p2b: Scrafty|Scrafty-Mega, L50, F
|-mega|p2b: Scrafty|Scrafty|Scraftinite
|-ability|p2b: Scrafty|Intimidate|boost
|-unboost|p1a: Archaly|atk|1
|-unboost|p1b: Basculey|atk|1
|move|p1a: Archaly|Protect|p1a: Archaly
|-singleturn|p1a: Archaly|Protect
|move|p2b: Scrafty|Fake Out|p1a: Archaly
|-activate|p1a: Archaly|move: Protect
|move|p1b: Basculey|Aqua Jet|p2a: Tyranitar
|-supereffective|p2a: Tyranitar|1
|-damage|p2a: Tyranitar|4/100
|-damage|p1b: Basculey|84/100|[from] item: Life Orb
|move|p2a: Tyranitar|Knock Off|p1b: Basculey
|-supereffective|p1b: Basculey|1
|-damage|p1b: Basculey|0 fnt
|-enditem|p1b: Basculey|Life Orb|[from] move: Knock Off|[of] p2a: Tyranitar
|faint|p1b: Basculey
|
|-weather|Sandstorm|[upkeep]
|-damage|p2b: Scrafty|59/100|[from] Sandstorm
|-heal|p1a: Archaly|29/100|[from] item: Leftovers
|upkeep
|
|t:|1783144055
|switch|p1b: Pely|Pelipper, L50, F|87/100
|-weather|RainDance|[from] ability: Drizzle|[of] p1b: Pely
|turn|5
|inactive|Theredapple has 30 seconds left.
|
|t:|1783144086
|switch|p2b: Sinistcha|Sinistcha, L50|100/100
|-heal|p2a: Tyranitar|29/100|[from] ability: Hospitality|[of] p2b: Sinistcha
|move|p2a: Tyranitar|Protect|p2a: Tyranitar
|-singleturn|p2a: Tyranitar|Protect
|move|p1a: Archaly|Electro Shot||[still]
|-prepare|p1a: Archaly|Electro Shot
|-boost|p1a: Archaly|spa|1
|-anim|p1a: Archaly|Electro Shot|p2b: Sinistcha
|-resisted|p2b: Sinistcha|1
|-damage|p2b: Sinistcha|69/100
|move|p1b: Pely|Weather Ball|p2a: Tyranitar
|-activate|p2a: Tyranitar|move: Protect
|
|-weather|RainDance|[upkeep]
|-heal|p1a: Archaly|35/100|[from] item: Leftovers
|-sideend|p1: Nasch1312|move: Tailwind
|upkeep
|turn|6
|inactive|Theredapple has 30 seconds left.
|
|t:|1783144112
|move|p2a: Tyranitar|Knock Off|p1b: Pely
|-damage|p1b: Pely|2/100
|-enditem|p1b: Pely|Sitrus Berry|[from] move: Knock Off|[of] p2a: Tyranitar
|move|p1a: Archaly|Flash Cannon|p2a: Tyranitar
|-supereffective|p2a: Tyranitar|1
|-damage|p2a: Tyranitar|0 fnt
|faint|p2a: Tyranitar
|move|p2b: Sinistcha|Shadow Ball|p1a: Archaly
|-damage|p1a: Archaly|0 fnt
|faint|p1a: Archaly
|move|p1b: Pely|Hurricane|p2b: Sinistcha
|-supereffective|p2b: Sinistcha|1
|-damage|p2b: Sinistcha|0 fnt
|faint|p2b: Sinistcha
|
|-weather|RainDance|[upkeep]
|upkeep
|
|t:|1783144127
|switch|p2a: Glimmora|Glimmora, L50, M|90/100
|switch|p1a: Gholdey|Gholdengo, L50, shiny|100/100
|switch|p2b: Scrafty|Scrafty-Mega, L50, F|59/100
|-ability|p2b: Scrafty|Intimidate|boost
|-unboost|p1a: Gholdey|atk|1
|-unboost|p1b: Pely|atk|1
|turn|7
|
|t:|1783144148
|move|p2a: Glimmora|Spiky Shield|p2a: Glimmora
|-singleturn|p2a: Glimmora|move: Protect
|move|p2b: Scrafty|Fake Out|p1b: Pely
|-damage|p1b: Pely|0 fnt
|faint|p1b: Pely
|move|p1a: Gholdey|Make It Rain|p2a: Glimmora|[spread] 
|-activate|p2a: Glimmora|move: Protect
|-miss|p1a: Gholdey|p2b: Scrafty
|
|-weather|RainDance|[upkeep]
|upkeep
|turn|8
|
|t:|1783144167
|move|p2b: Scrafty|Protect|p2b: Scrafty
|-singleturn|p2b: Scrafty|Protect
|move|p1a: Gholdey|Make It Rain|p2b: Scrafty|[spread] p2a
|-activate|p2b: Scrafty|move: Protect
|-supereffective|p2a: Glimmora|1
|-damage|p2a: Glimmora|0 fnt
|-unboost|p1a: Gholdey|spa|2
|faint|p2a: Glimmora
|
|-weather|RainDance|[upkeep]
|upkeep
|turn|9
|
|t:|1783144175
|move|p1a: Gholdey|Make It Rain|p2b: Scrafty
|-crit|p2b: Scrafty
|-damage|p2b: Scrafty|0 fnt
|-unboost|p1a: Gholdey|spa|2
|faint|p2b: Scrafty
|
|win|Nasch1312
||Nasch1312 is ready for game 2.
||Theredapple is ready for game 2.
|uhtml|next|Next: Game 2 of 3
|l|☆Theredapple
|player|p2|
