|j|‽Juaner95
|j|☆KodeBeast0526
|html|Juaner95KodeBeast0526    
|uhtml|bestof|Game 3 of a best-of-3
|t:|1785125532
|gametype|doubles
|player|p1|Juaner95|ash-hoenn|1172
|player|p2|KodeBeast0526|hiker|1252
|gen|9
|tier|[Gen 9 Champions] VGC 2026 Reg M-B (Bo3)
|rated|
|rule|Species Clause: Limit one of each Pokémon
|rule|Item Clause: Limit 1 of each item
|clearpoke
|poke|p1|Eelektross, L50, F|
|poke|p1|Ninetales-Alola, L50, F, shiny|
|poke|p1|Talonflame, L50, M|
|poke|p1|Garchomp, L50, M|
|poke|p1|Incineroar, L50, M, shiny|
|poke|p1|Kingambit, L50, M|
|poke|p2|Staraptor, L50, M, shiny|
|poke|p2|Gholdengo, L50|
|poke|p2|Whimsicott, L50, F, shiny|
|poke|p2|Incineroar, L50, M, shiny|
|poke|p2|Basculegion, L50, M|
|poke|p2|Garchomp, L50, M, shiny|
|teampreview|4
|showteam|p1|Eelektross||Eelektrossite|Levitate|SupercellSlam,DrainPunch,Coil,Protect|Adamant||F|||50|]Ninetales-Alola||ChoiceScarf|SnowWarning|Blizzard,FreezeDry,IcyWind,Moonblast|Modest||F|||50|]Talonflame||SharpBeak|GaleWings|BraveBird,FlareBlitz,Tailwind,Protect|Jolly||M|||50|]Garchomp||LifeOrb|RoughSkin|RockSlide,Earthquake,DragonClaw,Protect|Jolly||M|||50|]Incineroar||SitrusBerry|Intimidate|FlareBlitz,ThroatChop,PartingShot,FakeOut|Careful||M|||50|]Kingambit||FocusSash|Defiant|KowtowCleave,SuckerPunch,LowKick,Protect|Adamant||M|||50|
|showteam|p2|Staraptor||Staraptite|Intimidate|BraveBird,CloseCombat,Tailwind,Protect|Jolly||M|||50|]Gholdengo||Leftovers|GoodasGold|MakeItRain,ShadowBall,NastyPlot,Protect|Modest|||||50|]Whimsicott||FocusSash|Prankster|Moonblast,Tailwind,Encore,FakeTears|Timid||F|||50|]Incineroar||SitrusBerry|Intimidate|DarkestLariat,FlareBlitz,FakeOut,PartingShot|Impish||M|||50|]Basculegion||ChoiceScarf|Adaptability|FlipTurn,WaveCrash,LastRespects,AquaJet|Adamant||M|||50|]Garchomp||LifeOrb|RoughSkin|Earthquake,DragonClaw,RockSlide,Protect|Jolly||M|||50|
|inactive|Battle timer is ON: inactive players will automatically lose when time's up. (requested by KodeBeast0526)
|inactive|Juaner95 has 60 seconds left.
|inactive|Juaner95 has 30 seconds left.
|inactive|Juaner95 has 20 seconds left.
|inactive|Juaner95 has 15 seconds left.
|inactive|KodeBeast0526 has 30 seconds left.
|inactive|Juaner95 has 10 seconds left.
|inactive|KodeBeast0526 has 20 seconds left.
|
|t:|1785125664
|teamsize|p1|4
|teamsize|p2|4
|start
|switch|p1a: Talonflame|Talonflame, L50, M|100/100
|switch|p1b: Kingambit|Kingambit, L50, M|100/100
|switch|p2a: Gholdengo|Gholdengo, L50|100/100
|switch|p2b: Whimsicott|Whimsicott, L50, F, shiny|100/100
|turn|1
|
|t:|1785125682
|switch|p2a: Garchomp|Garchomp, L50, M, shiny|100/100
|move|p1a: Talonflame|Tailwind|p1a: Talonflame
|-sidestart|p1: Juaner95|move: Tailwind
|move|p2b: Whimsicott|Tailwind|p2b: Whimsicott
|-sidestart|p2: KodeBeast0526|move: Tailwind
|move|p1b: Kingambit|Kowtow Cleave|p2a: Garchomp
|-damage|p2a: Garchomp|45/100
|-damage|p1b: Kingambit|87/100|[from] ability: Rough Skin|[of] p2a: Garchomp
|
|upkeep
|turn|2
|
|t:|1785125695
|move|p2a: Garchomp|Protect|p2a: Garchomp
|-singleturn|p2a: Garchomp|Protect
|move|p1a: Talonflame|Brave Bird|p2b: Whimsicott
|-supereffective|p2b: Whimsicott|1
|-enditem|p2b: Whimsicott|Focus Sash
|-damage|p2b: Whimsicott|1/100
|-damage|p1a: Talonflame|70/100|[from] Recoil
|move|p2b: Whimsicott|Encore|p1a: Talonflame
|-start|p1a: Talonflame|Encore
|move|p1b: Kingambit|Sucker Punch||[still]
|-fail|p1b: Kingambit
|
|upkeep
|turn|3
|
|t:|1785125707
|move|p1b: Kingambit|Sucker Punch|p2a: Garchomp
|-damage|p2a: Garchomp|1/100
|-damage|p1b: Kingambit|75/100|[from] ability: Rough Skin|[of] p2a: Garchomp
|move|p1a: Talonflame|Brave Bird|p2b: Whimsicott
|-supereffective|p2b: Whimsicott|1
|-damage|p2b: Whimsicott|0 fnt
|faint|p2b: Whimsicott
|-damage|p1a: Talonflame|70/100|[from] Recoil
|move|p2a: Garchomp|Earthquake|p1b: Kingambit|[spread] p1b
|-immune|p1a: Talonflame
|-supereffective|p1b: Kingambit|1
|-damage|p1b: Kingambit|0 fnt
|faint|p1b: Kingambit
|-damage|p2a: Garchomp|0 fnt|[from] item: Life Orb
|faint|p2a: Garchomp
|
|upkeep
|
|t:|1785125714
|switch|p2b: Gholdengo|Gholdengo, L50|100/100
|switch|p2a: Staraptor|Staraptor, L50, M, shiny|100/100
|switch|p1b: Ninetales|Ninetales-Alola, L50, F, shiny|100/100
|-weather|Snowscape|[from] ability: Snow Warning|[of] p1b: Ninetales
|-ability|p2a: Staraptor|Intimidate|boost
|-unboost|p1a: Talonflame|atk|1
|-unboost|p1b: Ninetales|atk|1
|turn|4
|inactive|KodeBeast0526 has 30 seconds left.
|
|t:|1785125740
|switch|p1a: Eelektross|Eelektross, L50, F|100/100
|move|p2a: Staraptor|Protect|p2a: Staraptor
|-singleturn|p2a: Staraptor|Protect
|move|p1b: Ninetales|Blizzard|p2a: Staraptor|[spread] p2b
|-activate|p2a: Staraptor|move: Protect
|-resisted|p2b: Gholdengo|1
|-damage|p2b: Gholdengo|82/100
|move|p2b: Gholdengo|Make It Rain|p1b: Ninetales|[spread] p1a,p1b
|-resisted|p1a: Eelektross|1
|-supereffective|p1b: Ninetales|2
|-damage|p1a: Eelektross|71/100
|-damage|p1b: Ninetales|0 fnt
|-unboost|p2b: Gholdengo|spa|2
|faint|p1b: Ninetales
|
|-weather|Snowscape|[upkeep]
|-heal|p2b: Gholdengo|89/100|[from] item: Leftovers
|-sideend|p2: KodeBeast0526|move: Tailwind
|-sideend|p1: Juaner95|move: Tailwind
|upkeep
|
|t:|1785125745
|switch|p1b: Talonflame|Talonflame, L50, M|70/100
|turn|5
|
|t:|1785125761
|detailschange|p2a: Staraptor|Staraptor-Mega, L50, M, shiny
|-mega|p2a: Staraptor|Staraptor|Staraptite
|detailschange|p1a: Eelektross|Eelektross-Mega, L50, F
|-mega|p1a: Eelektross|Eelektross|Eelektrossite
|move|p1b: Talonflame|Tailwind|p1b: Talonflame
|-sidestart|p1: Juaner95|move: Tailwind
|move|p1a: Eelektross|Coil|p1a: Eelektross
|-boost|p1a: Eelektross|atk|1
|-boost|p1a: Eelektross|def|1
|-boost|p1a: Eelektross|accuracy|1
|move|p2a: Staraptor|Close Combat|p1a: Eelektross
|-damage|p1a: Eelektross|28/100
|-boost|p2a: Staraptor|def|1
|-boost|p2a: Staraptor|spd|1
|move|p2b: Gholdengo|Nasty Plot|p2b: Gholdengo
|-boost|p2b: Gholdengo|spa|2
|
|-weather|Snowscape|[upkeep]
|-heal|p2b: Gholdengo|95/100|[from] item: Leftovers
|upkeep
|turn|6
|inactive|Juaner95 has 30 seconds left.
|inactive|KodeBeast0526 has 30 seconds left.
|
|t:|1785125790
|move|p1a: Eelektross|Protect|p1a: Eelektross
|-singleturn|p1a: Eelektross|Protect
|move|p1b: Talonflame|Flare Blitz|p2b: Gholdengo
|-supereffective|p2b: Gholdengo|1
|-damage|p2b: Gholdengo|5/100
|-damage|p1b: Talonflame|36/100|[from] Recoil
|move|p2a: Staraptor|Close Combat|p1a: Eelektross
|-activate|p1a: Eelektross|move: Protect
|move|p2b: Gholdengo|Shadow Ball|p1b: Talonflame
|-damage|p1b: Talonflame|0 fnt
|faint|p1b: Talonflame
|
|-weather|Snowscape|[upkeep]
|-heal|p2b: Gholdengo|11/100|[from] item: Leftovers
|upkeep
|turn|7
|
|t:|1785125801
|move|p1a: Eelektross|Supercell Slam|p2a: Staraptor
|-supereffective|p2a: Staraptor|1
|-damage|p2a: Staraptor|0 fnt
|faint|p2a: Staraptor
|-ability|p1a: Eelektross|Eelevate|boost
|-boost|p1a: Eelektross|atk|1
|move|p2b: Gholdengo|Make It Rain|p1a: Eelektross
|-resisted|p1a: Eelektross|1
|-damage|p1a: Eelektross|0 fnt
|-unboost|p2b: Gholdengo|spa|2
|faint|p1a: Eelektross
|
|win|KodeBeast0526
|raw|Juaner95's rating: 1172 → 1153(-19 for losing)
|raw|KodeBeast0526's rating: 1252 → 1271(+19 for winning)
