|j|☆L3git Pro
|j|☆Colonelpaco
|html|L3git ProColonelpaco    
|uhtml|bestof|Game 2 of a best-of-3
|t:|1757628968
|gametype|doubles
|player|p1|L3git Pro|cynthia-gen7|1154
|player|p2|Colonelpaco|266|1047
|gen|9
|tier|[Gen 9] VGC 2025 Reg H (Bo3)
|rated|
|rule|Species Clause: Limit one of each Pokémon
|rule|Item Clause: Limit 1 of each item
|clearpoke
|poke|p1|Dragonite, L50, F|
|poke|p1|Volcarona, L50, M|
|poke|p1|Kingambit, L50, M|
|poke|p1|Gholdengo, L50|
|poke|p1|Electabuzz, L50, M|
|poke|p1|Ursaluna-Bloodmoon, L50, M|
|poke|p2|Sneasler, L50, F|
|poke|p2|Dragapult, L50, M|
|poke|p2|Primarina, L50, M|
|poke|p2|Rillaboom, L50, M|
|poke|p2|Kingambit, L50, F|
|poke|p2|Magmar, L50, F|
|teampreview|4
|showteam|p1|Dragonite||ClearAmulet|Multiscale|DragonDance,DragonClaw,TeraBlast,Protect|||F|||50|,,,,,Flying]Volcarona||CovertCloak|FlameBody|StruggleBug,FieryDance,RagePowder,Tailwind|||M|||50|,,,,,Fairy]Kingambit||BlackGlasses|Defiant|KowtowCleave,SuckerPunch,SwordsDance,Protect|||M|||50|,,,,,Dark]Gholdengo||LifeOrb|GoodasGold|NastyPlot,ShadowBall,MakeItRain,Protect||||||50|,,,,,Water]Electabuzz||Eviolite|Static|FollowMe,HelpingHand,VoltSwitch,ThunderWave|||M|||50|,,,,,Grass]Ursaluna-Bloodmoon||AssaultVest|MindsEye|BloodMoon,HyperVoice,EarthPower,VacuumWave|||M|||50|,,,,,Water
|showteam|p2|Sneasler||FocusSash|Unburden|CloseCombat,DireClaw,FakeOut,Protect|||F|||50|,,,,,Stellar]Dragapult||ChoiceBand|ClearBody|DragonDarts,TeraBlast,PhantomForce,Uturn|||M|||50|,,,,,Ghost]Primarina||SitrusBerry|LiquidVoice|HyperVoice,Moonblast,Haze,Protect|||M|||50|,,,,,Water]Rillaboom||AssaultVest|GrassySurge|WoodHammer,GrassyGlide,HighHorsepower,FakeOut|||M|||50|,,,,,Fire]Kingambit||BlackGlasses|Defiant|KowtowCleave,SuckerPunch,SwordsDance,Protect|||F|||50|,,,,,Ghost]Magmar||Eviolite|VitalSpirit|Overheat,WillOWisp,FollowMe,Protect|||F|||50|,,,,,Ghost
|inactive|Battle timer is ON: inactive players will automatically lose when time's up. (requested by Colonelpaco)
|inactive|Colonelpaco has 60 seconds left.
|
|t:|1757629002
|teamsize|p1|4
|teamsize|p2|4
|start
|switch|p1a: Kingambit|Kingambit, L50, M|100/100
|switch|p1b: Volcarona|Volcarona, L50, M|100/100
|switch|p2a: Sneasler|Sneasler, L50, F|100/100
|switch|p2b: Kingambit|Kingambit, L50, F|100/100
|turn|1
|
|t:|1757629018
|move|p1a: Kingambit|Protect|p1a: Kingambit
|-singleturn|p1a: Kingambit|Protect
|move|p2a: Sneasler|Close Combat|p1a: Kingambit
|-activate|p1a: Kingambit|move: Protect
|move|p1b: Volcarona|Fiery Dance|p2b: Kingambit
|-supereffective|p2b: Kingambit
|-damage|p2b: Kingambit|36/100
|move|p2b: Kingambit|Swords Dance|p2b: Kingambit
|-boost|p2b: Kingambit|atk|2
|
|upkeep
|turn|2
|
|t:|1757629034
|switch|p1a: Gholdengo|Gholdengo, L50|100/100
|-terastallize|p1b: Volcarona|Fairy
|move|p2b: Kingambit|Protect|p2b: Kingambit
|-singleturn|p2b: Kingambit|Protect
|move|p2a: Sneasler|Close Combat|p1a: Gholdengo
|-immune|p1a: Gholdengo
|move|p1b: Volcarona|Fiery Dance|p2b: Kingambit
|-activate|p2b: Kingambit|move: Protect
|
|upkeep
|turn|3
|
|t:|1757629055
|move|p2b: Kingambit|Sucker Punch|p1a: Gholdengo
|-supereffective|p1a: Gholdengo
|-damage|p1a: Gholdengo|0 fnt
|faint|p1a: Gholdengo
|move|p2a: Sneasler|Dire Claw|p1b: Volcarona
|-supereffective|p1b: Volcarona
|-damage|p1b: Volcarona|31/100
|-status|p2a: Sneasler|brn|[from] ability: Flame Body|[of] p1b: Volcarona
|move|p1b: Volcarona|Fiery Dance|p2b: Kingambit
|-supereffective|p2b: Kingambit
|-damage|p2b: Kingambit|0 fnt
|faint|p2b: Kingambit
|
|-damage|p2a: Sneasler|95/100 brn|[from] brn
|upkeep
|
|t:|1757629069
|switch|p1a: Ursaluna|Ursaluna-Bloodmoon, L50, M|100/100
|switch|p2b: Rillaboom|Rillaboom, L50, M|100/100
|-fieldstart|move: Grassy Terrain|[from] ability: Grassy Surge|[of] p2b: Rillaboom
|turn|4
|
|t:|1757629090
|switch|p1a: Kingambit|Kingambit, L50, M|100/100
|move|p2b: Rillaboom|Grassy Glide|p1b: Volcarona
|-damage|p1b: Volcarona|0 fnt
|-status|p2b: Rillaboom|brn|[from] ability: Flame Body|[of] p1b: Volcarona
|faint|p1b: Volcarona
|move|p2a: Sneasler|Dire Claw|p1a: Kingambit
|-immune|p1a: Kingambit
|
|-heal|p2a: Sneasler|100/100 brn|[from] Grassy Terrain
|-damage|p2a: Sneasler|95/100 brn|[from] brn
|-damage|p2b: Rillaboom|94/100 brn|[from] brn
|upkeep
|
|t:|1757629097
|switch|p1b: Ursaluna|Ursaluna-Bloodmoon, L50, M|100/100
|turn|5
|inactive|Colonelpaco has 30 seconds left.
|
|t:|1757629122
|move|p2a: Sneasler|Protect|p2a: Sneasler
|-singleturn|p2a: Sneasler|Protect
|move|p1b: Ursaluna|Vacuum Wave|p2a: Sneasler
|-activate|p2a: Sneasler|move: Protect
|move|p1a: Kingambit|Sucker Punch||[still]
|-fail|p1a: Kingambit
|move|p2b: Rillaboom|Wood Hammer|p1b: Ursaluna
|-supereffective|p1b: Ursaluna
|-damage|p1b: Ursaluna|35/100
|-damage|p2b: Rillaboom|74/100 brn|[from] Recoil
|
|-heal|p2a: Sneasler|100/100 brn|[from] Grassy Terrain
|-heal|p2b: Rillaboom|80/100 brn|[from] Grassy Terrain
|-heal|p1b: Ursaluna|40/100|[from] Grassy Terrain
|-damage|p2a: Sneasler|95/100 brn|[from] brn
|-damage|p2b: Rillaboom|74/100 brn|[from] brn
|upkeep
|turn|6
|-message|L3git Pro forfeited.
|
|win|Colonelpaco
||L3git Pro is ready for game 3.
|inactive|Colonelpaco has 30 seconds to confirm battle start!
||Colonelpaco is ready for game 3.
|uhtml|next|Next: Game 3 of 3
|l|☆L3git Pro
|player|p1|
