|j|☆hytori
|j|☆Dungx showdown
|html|hytoriDungx showdown    
|uhtml|bestof|Game 2 of a best-of-3
|t:|1757764672
|gametype|doubles
|player|p1|hytori|picnicker|
|player|p2|Dungx showdown|101|
|gen|9
|tier|[Gen 9] VGC 2025 Reg H (Bo3)
|rule|Species Clause: Limit one of each Pokémon
|rule|Item Clause: Limit 1 of each item
|clearpoke
|poke|p1|Incineroar, L50, F|
|poke|p1|Pelipper, L50, M|
|poke|p1|Basculegion, L50, M|
|poke|p1|Amoonguss, L50, F|
|poke|p1|Maushold-Four, L50|
|poke|p1|Archaludon, L50, F|
|poke|p2|Annihilape, L50, M|
|poke|p2|Whimsicott, L50, F|
|poke|p2|Archaludon, L50, M|
|poke|p2|Basculegion, L50, M|
|poke|p2|Pelipper, L50, M|
|poke|p2|Rillaboom, L50, M|
|teampreview|4
|showteam|p1|Incineroar||SafetyGoggles|Intimidate|FakeOut,FlareBlitz,KnockOff,PartingShot|||F|||50|,,,,,Ghost]Pelipper||FocusSash|Drizzle|Hurricane,WeatherBall,Tailwind,Protect|||M|||50|,,,,,Ghost]Basculegion||MysticWater|SwiftSwim|Protect,WaveCrash,AquaJet,LastRespects|||M|||50|,,,,,Water]Amoonguss||SitrusBerry|Regenerator|Spore,RagePowder,PollenPuff,ClearSmog|||F|||50|,,,,,Water]Maushold-Four||WideLens|Technician|PopulationBomb,FollowMe,Taunt,Protect||||||50|,,,,,Grass]Archaludon||AssaultVest|Stamina|ElectroShot,DragonPulse,FlashCannon,BodyPress|||F|||50|,,,,,Bug
|showteam|p2|Annihilape||ChoiceScarf|Defiant|FinalGambit,DrainPunch,Earthquake,RageFist|||M|||50|,,,,,Ghost]Whimsicott||CovertCloak|Prankster|Moonblast,Taunt,Tailwind,StunSpore|||F|||50|,,,,,Dragon]Archaludon||PowerHerb|Stalwart|ElectroShot,DragonPulse,FlashCannon,Protect|||M|||50|,,,,,Electric]Basculegion||ChoiceBand|Adaptability|WaveCrash,HeadSmash,LastRespects,FlipTurn|||M|||50|,,,,,Rock]Pelipper||FocusSash|Drizzle|WeatherBall,Hurricane,Tailwind,Protect|||M|||50|,,,,,Ground]Rillaboom||AssaultVest|GrassySurge|WoodHammer,Uturn,FakeOut,HighHorsepower|||M|||50|,,,,,Ground
|
|t:|1757764697
|teamsize|p1|4
|teamsize|p2|4
|start
|switch|p1a: Pelipper|Pelipper, L50, M|100/100
|switch|p1b: Archaludon|Archaludon, L50, F, shiny|100/100
|switch|p2a: Luminous|Whimsicott, L50, F|100/100
|switch|p2b: Roblox|Archaludon, L50, M|100/100
|-weather|RainDance|[from] ability: Drizzle|[of] p1a: Pelipper
|turn|1
|
|t:|1757764710
|switch|p1b: Amoonguss|Amoonguss, L50, F|100/100
|move|p2a: Luminous|Stun Spore|p1b: Amoonguss
|-immune|p1b: Amoonguss
|move|p2b: Roblox|Electro Shot||[still]
|-prepare|p2b: Roblox|Electro Shot
|-boost|p2b: Roblox|spa|1
|-anim|p2b: Roblox|Electro Shot|p1a: Pelipper
|-supereffective|p1a: Pelipper
|-enditem|p1a: Pelipper|Focus Sash
|-damage|p1a: Pelipper|1/100
|move|p1a: Pelipper|Tailwind|p1a: Pelipper
|-sidestart|p1: hytori|move: Tailwind
|
|-weather|RainDance|[upkeep]
|upkeep
|turn|2
|
|t:|1757764734
|move|p2a: Luminous|Taunt|p1b: Amoonguss
|-start|p1b: Amoonguss|move: Taunt
|move|p1a: Pelipper|Hurricane|p2a: Luminous
|-supereffective|p2a: Luminous
|-damage|p2a: Luminous|0 fnt
|faint|p2a: Luminous
|move|p2b: Roblox|Electro Shot||[still]
|-prepare|p2b: Roblox|Electro Shot
|-boost|p2b: Roblox|spa|1
|-anim|p2b: Roblox|Electro Shot|p1b: Amoonguss
|-resisted|p1b: Amoonguss
|-damage|p1b: Amoonguss|69/100
|cant|p1b: Amoonguss|move: Taunt|Spore
|
|-weather|RainDance|[upkeep]
|upkeep
|
|t:|1757764748
|switch|p2a: "support"|Rillaboom, L50, M|100/100
|-fieldstart|move: Grassy Terrain|[from] ability: Grassy Surge|[of] p2a: "support"
|turn|3
|
|t:|1757764770
|move|p1a: Pelipper|Hurricane|p2a: "support"
|-supereffective|p2a: "support"
|-damage|p2a: "support"|33/100
|-start|p2a: "support"|confusion
|move|p2b: Roblox|Electro Shot||[still]
|-prepare|p2b: Roblox|Electro Shot
|-boost|p2b: Roblox|spa|1
|-anim|p2b: Roblox|Electro Shot|p1b: Amoonguss
|-resisted|p1b: Amoonguss
|-damage|p1b: Amoonguss|31/100
|-enditem|p1b: Amoonguss|Sitrus Berry|[eat]
|-heal|p1b: Amoonguss|56/100|[from] item: Sitrus Berry
|-activate|p2a: "support"|confusion
|move|p2a: "support"|U-turn|p1b: Amoonguss
|-damage|p1b: Amoonguss|30/100
|
|t:|1757764784
|switch|p2a: Recoil|Basculegion, L50, M|100/100|[from] U-turn
|move|p1b: Amoonguss|Pollen Puff|p2a: Recoil
|-resisted|p2a: Recoil
|-damage|p2a: Recoil|89/100
|
|-weather|RainDance|[upkeep]
|-heal|p2a: Recoil|95/100|[from] Grassy Terrain
|-heal|p1b: Amoonguss|36/100|[from] Grassy Terrain
|upkeep
|turn|4
|
|t:|1757764801
|move|p1a: Pelipper|Hurricane|p2a: Recoil
|-damage|p2a: Recoil|40/100
|move|p2b: Roblox|Electro Shot||[still]
|-prepare|p2b: Roblox|Electro Shot
|-boost|p2b: Roblox|spa|1
|-anim|p2b: Roblox|Electro Shot|p1b: Amoonguss
|-resisted|p1b: Amoonguss
|-damage|p1b: Amoonguss|0 fnt
|faint|p1b: Amoonguss
|move|p2a: Recoil|Last Respects|p1a: Pelipper
|-damage|p1a: Pelipper|0 fnt
|faint|p1a: Pelipper
|
|-weather|RainDance|[upkeep]
|-heal|p2a: Recoil|46/100|[from] Grassy Terrain
|-sideend|p1: hytori|move: Tailwind
|upkeep
|
|t:|1757764805
|switch|p1a: Basculegion|Basculegion, L50, M|100/100
|switch|p1b: Archaludon|Archaludon, L50, F, shiny|100/100
|turn|5
|
|t:|1757764828
|-terastallize|p1a: Basculegion|Water
|move|p1a: Basculegion|Last Respects|p2b: Roblox
|-damage|p2b: Roblox|33/100
|move|p2b: Roblox|Electro Shot||[still]
|-prepare|p2b: Roblox|Electro Shot
|-boost|p2b: Roblox|spa|1
|-anim|p2b: Roblox|Electro Shot|p1a: Basculegion
|-supereffective|p1a: Basculegion
|-damage|p1a: Basculegion|0 fnt
|faint|p1a: Basculegion
|move|p2a: Recoil|Last Respects|p1b: Archaludon
|-damage|p1b: Archaludon|36/100
|-ability|p1b: Archaludon|Stamina|boost
|-boost|p1b: Archaludon|def|1
|move|p1b: Archaludon|Electro Shot||[still]
|-prepare|p1b: Archaludon|Electro Shot
|-boost|p1b: Archaludon|spa|1
|-anim|p1b: Archaludon|Electro Shot|p2b: Roblox
|-resisted|p2b: Roblox
|-damage|p2b: Roblox|0 fnt
|faint|p2b: Roblox
|
|-weather|none
|-heal|p2a: Recoil|52/100|[from] Grassy Terrain
|-heal|p1b: Archaludon|42/100|[from] Grassy Terrain
|upkeep
|
|t:|1757764846
|switch|p2b: "support"|Rillaboom, L50, M|33/100
|turn|6
|
|t:|1757764851
|move|p2b: "support"|Fake Out|p1b: Archaludon
|-resisted|p1b: Archaludon
|-damage|p1b: Archaludon|39/100
|-ability|p1b: Archaludon|Stamina|boost
|-boost|p1b: Archaludon|def|1
|move|p2a: Recoil|Last Respects|p1b: Archaludon
|-damage|p1b: Archaludon|0 fnt
|faint|p1b: Archaludon
|
|win|Dungx showdown
|l|☆Dungx showdown
|player|p2|
|l|☆hytori
|player|p1|
|j|☆Dungx showdown
|player|p2|Dungx showdown|101|
