|j|☆Praximus
|j|☆ufhednarvgc
|html|Praximusufhednarvgc    
|uhtml|bestof|Game 2 of a best-of-3
|t:|1785347475
|gametype|doubles
|player|p1|Praximus|red|1273
|player|p2|ufhednarvgc|lance|1161
|gen|9
|tier|[Gen 9 Champions] VGC 2026 Reg M-B (Bo3)
|rated|
|rule|Species Clause: Limit one of each Pokémon
|rule|Item Clause: Limit 1 of each item
|clearpoke
|poke|p1|Staraptor, L50, M, shiny|
|poke|p1|Milotic, L50, M|
|poke|p1|Tyranitar, L50, M|
|poke|p1|Excadrill, L50, M|
|poke|p1|Gholdengo, L50|
|poke|p1|Venusaur, L50, M|
|poke|p2|Staraptor, L50, F|
|poke|p2|Whimsicott, L50, M|
|poke|p2|Garchomp, L50, F|
|poke|p2|Gholdengo, L50|
|poke|p2|Incineroar, L50, M|
|poke|p2|Raichu, L50, M|
|teampreview|4
|showteam|p1|Staraptor||Staraptite|Intimidate|BraveBird,CloseCombat,Tailwind,Protect|Jolly||M|||50|]Milotic||Leftovers|Competitive|Scald,IcyWind,IceBeam,Recover|Calm||M|||50|]Tyranitar||ChoiceScarf|SandStream|RockSlide,KnockOff,BrickBreak,IcePunch|Jolly||M|||50|]Excadrill||FocusSash|SandRush|StompingTantrum,IronHead,RockSlide,Protect|Adamant||M|||50|]Gholdengo||LifeOrb|GoodasGold|MakeItRain,ShadowBall,Thunderbolt,Protect|Serious|||||50|]Venusaur||Venusaurite|Chlorophyll|SludgeBomb,GigaDrain,EarthPower,Protect|Modest||M|||50|
|showteam|p2|Staraptor||Staraptite|Intimidate|CloseCombat,BraveBird,Roost,Protect|Jolly||F|||50|]Whimsicott||FocusSash|Prankster|Moonblast,Charm,Tailwind,LightScreen|Timid||M|||50|]Garchomp||LifeOrb|RoughSkin|DragonClaw,Earthquake,RockSlide,Protect|Jolly||F|||50|]Gholdengo||WhiteHerb|GoodasGold|MakeItRain,ShadowBall,NastyPlot,Protect|Timid|||||50|]Incineroar||SitrusBerry|Intimidate|FakeOut,FlareBlitz,PartingShot,ThroatChop|Careful||M|||50|]Raichu||RaichuniteY|Static|FakeOut,ZapCannon,FocusBlast,Protect|Timid||M|||50|
|inactive|Battle timer is ON: inactive players will automatically lose when time's up. (requested by Praximus)
|
|t:|1785347492
|teamsize|p1|4
|teamsize|p2|4
|start
|switch|p1a: Milotic|Milotic, L50, M|100/100
|switch|p1b: Gholdengo|Gholdengo, L50|100/100
|switch|p2a: Gholdengo|Gholdengo, L50|100/100
|switch|p2b: Whimsicott|Whimsicott, L50, M|100/100
|turn|1
|
|t:|1785347517
|move|p1b: Gholdengo|Protect|p1b: Gholdengo
|-singleturn|p1b: Gholdengo|Protect
|move|p2b: Whimsicott|Tailwind|p2b: Whimsicott
|-sidestart|p2: ufhednarvgc|move: Tailwind
|move|p2a: Gholdengo|Nasty Plot|p2a: Gholdengo
|-boost|p2a: Gholdengo|spa|2
|move|p1a: Milotic|Icy Wind|p2a: Gholdengo|[spread] p2a,p2b
|-resisted|p2a: Gholdengo|1
|-supereffective|p2b: Whimsicott|1
|-damage|p2a: Gholdengo|93/100
|-damage|p2b: Whimsicott|63/100
|-unboost|p2a: Gholdengo|spe|1
|-unboost|p2b: Whimsicott|spe|1
|-enditem|p2a: Gholdengo|White Herb
|-clearnegativeboost|p2a: Gholdengo|[silent]
|
|upkeep
|turn|2
|inactive|Praximus has 30 seconds left.
|
|t:|1785347544
|switch|p1b: Tyranitar|Tyranitar, L50, M|100/100
|-weather|Sandstorm|[from] ability: Sand Stream|[of] p1b: Tyranitar
|move|p2a: Gholdengo|Shadow Ball|p1a: Milotic
|-damage|p1a: Milotic|43/100
|-unboost|p1a: Milotic|spd|1
|-ability|p1a: Milotic|Competitive|boost
|-boost|p1a: Milotic|spa|2
|move|p2b: Whimsicott|Moonblast|p1a: Milotic
|-damage|p1a: Milotic|8/100
|-unboost|p1a: Milotic|spa|1
|-ability|p1a: Milotic|Competitive|boost
|-boost|p1a: Milotic|spa|2
|move|p1a: Milotic|Icy Wind|p2a: Gholdengo|[spread] p2a,p2b
|-resisted|p2a: Gholdengo|1
|-supereffective|p2b: Whimsicott|1
|-damage|p2a: Gholdengo|79/100
|-damage|p2b: Whimsicott|0 fnt
|-unboost|p2a: Gholdengo|spe|1
|faint|p2b: Whimsicott
|
|-weather|Sandstorm|[upkeep]
|-damage|p1a: Milotic|2/100|[from] Sandstorm
|-heal|p1a: Milotic|8/100|[from] item: Leftovers
|upkeep
|
|t:|1785347566
|switch|p2b: Raichu|Raichu, L50, M|100/100
|turn|3
|
|t:|1785347586
|detailschange|p2b: Raichu|Raichu-Mega-Y, L50, M
|-mega|p2b: Raichu|Raichu|Raichunite Y
|move|p2b: Raichu|Zap Cannon|p1b: Tyranitar
|-damage|p1b: Tyranitar|60/100
|-status|p1b: Tyranitar|par
|move|p2a: Gholdengo|Make It Rain|p1a: Milotic|[spread] p1a,p1b
|-resisted|p1a: Milotic|1
|-crit|p1a: Milotic
|-supereffective|p1b: Tyranitar|1
|-damage|p1a: Milotic|0 fnt
|-damage|p1b: Tyranitar|0 fnt
|-unboost|p2a: Gholdengo|spa|2
|faint|p1a: Milotic
|faint|p1b: Tyranitar
|
|-weather|Sandstorm|[upkeep]
|-damage|p2b: Raichu|94/100|[from] Sandstorm
|upkeep
|
|t:|1785347599
|switch|p1b: Gholdengo|Gholdengo, L50|100/100
|switch|p1a: Staraptor|Staraptor, L50, M, shiny|100/100
|-ability|p1a: Staraptor|Intimidate|boost
|-unboost|p2a: Gholdengo|atk|1
|-unboost|p2b: Raichu|atk|1
|turn|4
|inactive|Praximus has 30 seconds left.
|
|t:|1785347627
|switch|p2a: Garchomp|Garchomp, L50, F|100/100
|detailschange|p1a: Staraptor|Staraptor-Mega, L50, M, shiny
|-mega|p1a: Staraptor|Staraptor|Staraptite
|move|p2b: Raichu|Zap Cannon|p1a: Staraptor
|-supereffective|p1a: Staraptor|1
|-damage|p1a: Staraptor|0 fnt
|faint|p1a: Staraptor
|move|p1b: Gholdengo|Shadow Ball|p2a: Garchomp
|-damage|p2a: Garchomp|40/100
|-damage|p1b: Gholdengo|90/100|[from] item: Life Orb
|
|-weather|Sandstorm|[upkeep]
|-damage|p2b: Raichu|88/100|[from] Sandstorm
|-sideend|p2: ufhednarvgc|move: Tailwind
|upkeep
|turn|5
|
|t:|1785347643
|move|p2a: Garchomp|Protect|p2a: Garchomp
|-singleturn|p2a: Garchomp|Protect
|move|p2b: Raichu|Zap Cannon|p1b: Gholdengo
|-damage|p1b: Gholdengo|14/100
|-status|p1b: Gholdengo|par
|cant|p1b: Gholdengo|par
|
|-weather|Sandstorm|[upkeep]
|-damage|p2b: Raichu|82/100|[from] Sandstorm
|upkeep
|turn|6
|-message|Praximus forfeited.
|
|win|ufhednarvgc
|l|☆Praximus
|player|p1|
||ufhednarvgc is ready for game 3.
||Praximus is ready for game 3.
|uhtml|next|Next: Game 3 of 3
