|j|☆toottewtpachute
|j|☆ssooner
|html|toottewtpachutessooner    
|uhtml|bestof|Game 1 of a best-of-3
|t:|1786079873
|gametype|doubles
|player|p1|toottewtpachute|102|1235
|player|p2|ssooner|wallace|1177
|gen|9
|tier|[Gen 9 Champions] VGC 2026 Reg M-B (Bo3)
|rated|
|rule|Species Clause: Limit one of each Pokémon
|rule|Item Clause: Limit 1 of each item
|clearpoke
|poke|p1|Altaria, L50, F, shiny|
|poke|p1|Whimsicott, L50, F, shiny|
|poke|p1|Typhlosion-Hisui, L50, M|
|poke|p1|Farigiraf, L50, F|
|poke|p1|Garchomp, L50, M|
|poke|p1|Rotom-Wash, L50|
|poke|p2|Floette-Eternal, L50, F|
|poke|p2|Whimsicott, L50, F|
|poke|p2|Arcanine-Hisui, L50, M|
|poke|p2|Basculegion, L50, M|
|poke|p2|Kingambit, L50, F|
|poke|p2|Mudsdale, L50, F|
|teampreview|4
|showteam|p1|Altaria||Altarianite|CloudNine|HyperVoice,Flamethrower,Roost,Protect|Modest||F|||50|]Whimsicott||FocusSash|Prankster|Tailwind,Moonblast,SunnyDay,FakeTears|Modest||F|||50|]Typhlosion-Hisui||ChoiceScarf|Blaze|Eruption,HeatWave,ShadowBall,FocusBlast|Modest||M|||50|]Farigiraf||SitrusBerry|ArmorTail|TrickRoom,GrassKnot,TwinBeam,HelpingHand|Quiet||F|||50|]Garchomp||RoseliBerry|RoughSkin|PoisonJab,Protect,StompingTantrum,RockSlide|Adamant||M|||50|]Rotom-Wash||Leftovers|Levitate|Thunderbolt,Protect,HydroPump,WillOWisp|Modest|||||50|
|showteam|p2|Floette-Eternal||Floettite|FlowerVeil|Moonblast,DazzlingGleam,LightofRuin,Protect|Modest||F|||50|]Whimsicott||FocusSash|Prankster|Tailwind,Moonblast,Encore,Protect|Timid||F|||50|]Arcanine-Hisui||LifeOrb|RockHead|HeadSmash,FlareBlitz,ExtremeSpeed,Protect|Jolly||M|||50|]Basculegion||ChoiceScarf|Adaptability|WaveCrash,LastRespects,AquaJet,FlipTurn|Jolly||M|||50|]Kingambit||BlackGlasses|Defiant|KowtowCleave,SuckerPunch,IronHead,Protect|Adamant||F|||50|]Mudsdale||ExpertBelt|InnerFocus|CloseCombat,Protect,HeavySlam,RockSlide|Adamant||F|||50|
|inactive|Battle timer is ON: inactive players will automatically lose when time's up. (requested by ssooner)
|inactive|ssooner has 60 seconds left.
|
|t:|1786079930
|teamsize|p1|4
|teamsize|p2|4
|start
|switch|p1a: Rotom|Rotom-Wash, L50|100/100
|switch|p1b: Whimsicott|Whimsicott, L50, F, shiny|100/100
|switch|p2a: Whimsicott|Whimsicott, L50, F|100/100
|switch|p2b: goodest puppy|Arcanine-Hisui, L50, M|100/100
|turn|1
|
|t:|1786079955
|move|p2a: Whimsicott|Tailwind|p2a: Whimsicott
|-sidestart|p2: ssooner|move: Tailwind
|move|p1b: Whimsicott|Tailwind|p1b: Whimsicott
|-sidestart|p1: toottewtpachute|move: Tailwind
|move|p2b: goodest puppy|Head Smash|p1a: Rotom
|-damage|p1a: Rotom|5/100
|-damage|p2b: goodest puppy|90/100|[from] item: Life Orb
|move|p1a: Rotom|Hydro Pump|p2b: goodest puppy|[miss]
|-miss|p1a: Rotom|p2b: goodest puppy
|
|-heal|p1a: Rotom|10/100|[from] item: Leftovers
|upkeep
|turn|2
|inactive|toottewtpachute has 30 seconds left.
|inactive|toottewtpachute has 20 seconds left.
|
|t:|1786079991
|switch|p1b: Garchomp|Garchomp, L50, M|100/100
|move|p1a: Rotom|Protect|p1a: Rotom
|-singleturn|p1a: Rotom|Protect
|move|p2b: goodest puppy|Extreme Speed|p1a: Rotom
|-activate|p1a: Rotom|move: Protect
|move|p2a: Whimsicott|Encore||[still]
|-fail|p2a: Whimsicott
|
|-heal|p1a: Rotom|16/100|[from] item: Leftovers
|upkeep
|turn|3
|inactive|toottewtpachute has 30 seconds left.
|
|t:|1786080020
|switch|p1a: Altaria|Altaria, L50, F, shiny|100/100
|-ability|p1a: Altaria|Cloud Nine
|move|p2b: goodest puppy|Extreme Speed|p1a: Altaria
|-damage|p1a: Altaria|60/100
|-damage|p2b: goodest puppy|80/100|[from] item: Life Orb
|move|p2a: Whimsicott|Moonblast|p1b: Garchomp
|-supereffective|p1b: Garchomp|1
|-enditem|p1b: Garchomp|Roseli Berry|[eat]
|-enditem|p1b: Garchomp|Roseli Berry|[weaken]
|-damage|p1b: Garchomp|72/100
|move|p1b: Garchomp|Stomping Tantrum|p2b: goodest puppy
|-supereffective|p2b: goodest puppy|2
|-damage|p2b: goodest puppy|0 fnt
|faint|p2b: goodest puppy
|
|upkeep
|inactive|ssooner has 30 seconds left.
|
|t:|1786080050
|switch|p2b: hatsune miku|Floette-Eternal, L50, F|100/100
|turn|4
|inactive|toottewtpachute has 30 seconds left.
|inactive|ssooner has 30 seconds left.
|inactive|toottewtpachute has 20 seconds left.
|inactive|ssooner has 20 seconds left.
|inactive|toottewtpachute has 15 seconds left.
|
|t:|1786080090
|detailschange|p2b: hatsune miku|Floette-Mega, L50, F
|-mega|p2b: hatsune miku|Floette|Floettite
|-ability|p2b: hatsune miku|Fairy Aura
|move|p1a: Altaria|Protect|p1a: Altaria
|-singleturn|p1a: Altaria|Protect
|move|p2a: Whimsicott|Moonblast|p1b: Garchomp
|-supereffective|p1b: Garchomp|1
|-damage|p1b: Garchomp|0 fnt
|faint|p1b: Garchomp
|move|p2b: hatsune miku|Dazzling Gleam|p1a: Altaria
|-activate|p1a: Altaria|move: Protect
|
|-sideend|p1: toottewtpachute|move: Tailwind
|-sideend|p2: ssooner|move: Tailwind
|upkeep
|
|t:|1786080104
|switch|p1b: Whimsicott|Whimsicott, L50, F, shiny|100/100
|turn|5
|
|t:|1786080115
|switch|p1a: Rotom|Rotom-Wash, L50|16/100
|move|p2a: Whimsicott|Tailwind|p2a: Whimsicott
|-sidestart|p2: ssooner|move: Tailwind
|move|p1b: Whimsicott|Fake Tears|p2b: hatsune miku
|-unboost|p2b: hatsune miku|spd|2
|move|p2b: hatsune miku|Dazzling Gleam|p1b: Whimsicott|[spread] p1a,p1b
|-damage|p1a: Rotom|0 fnt
|-damage|p1b: Whimsicott|18/100
|faint|p1a: Rotom
|
|upkeep
|
|t:|1786080125
|switch|p1a: Altaria|Altaria, L50, F, shiny|60/100
|-ability|p1a: Altaria|Cloud Nine
|turn|6
|
|t:|1786080136
|detailschange|p1a: Altaria|Altaria-Mega, L50, F, shiny
|-mega|p1a: Altaria|Altaria|Altarianite
|move|p2a: Whimsicott|Encore|p1b: Whimsicott
|-start|p1b: Whimsicott|Encore
|move|p1b: Whimsicott|Fake Tears|p2a: Whimsicott
|-unboost|p2a: Whimsicott|spd|2
|move|p2b: hatsune miku|Dazzling Gleam|p1b: Whimsicott|[spread] p1a,p1b
|-supereffective|p1a: Altaria|1
|-damage|p1a: Altaria|0 fnt
|-damage|p1b: Whimsicott|0 fnt
|faint|p1a: Altaria
|faint|p1b: Whimsicott
|
|win|ssooner
