|j|☆Squ1dge_
|j|☆FarigiBoy
|html|Squ1dge_FarigiBoy    
|uhtml|bestof|Game 3 of a best-of-3
|t:|1784902321
|gametype|doubles
|player|p1|Squ1dge_|101|1427
|player|p2|FarigiBoy|265|1410
|gen|9
|tier|[Gen 9 Champions] VGC 2026 Reg M-B (Bo3)
|rated|
|rule|Species Clause: Limit one of each Pokémon
|rule|Item Clause: Limit 1 of each item
|clearpoke
|poke|p1|Charizard, L50, F|
|poke|p1|Garchomp, L50, F|
|poke|p1|Whimsicott, L50, M|
|poke|p1|Basculegion, L50, M|
|poke|p1|Kingambit, L50, M|
|poke|p1|Floette-Eternal, L50, F|
|poke|p2|Garchomp, L50, M|
|poke|p2|Venusaur, L50, F|
|poke|p2|Incineroar, L50, F|
|poke|p2|Charizard, L50, M|
|poke|p2|Toxapex, L50, F|
|poke|p2|Annihilape, L50, F|
|teampreview|4
|showteam|p1|Charizard||CharizarditeY|Blaze|HeatWave,SolarBeam,WeatherBall,Protect|Modest||F|||50|]Garchomp||SitrusBerry|RoughSkin|DragonClaw,Earthquake,RockSlide,Protect|Jolly||F|||50|]Whimsicott||FocusSash|Prankster|Moonblast,Tailwind,Encore,Protect|Timid||M|||50|]Basculegion||LifeOrb|Adaptability|WaveCrash,AquaJet,Protect,LastRespects|Adamant||M|||50|]Kingambit||ChopleBerry|Defiant|KowtowCleave,SuckerPunch,IronHead,LowKick|Adamant||M|||50|]Floette-Eternal||Floettite|FlowerVeil|Moonblast,DazzlingGleam,LightofRuin,Protect|Timid||F|||50|
|showteam|p2|Garchomp||ChoiceScarf|RoughSkin|Earthquake,DragonClaw,StompingTantrum,RockSlide|Adamant||M|||50|]Venusaur||LifeOrb|Chlorophyll|SolarBeam,SludgeBomb,EarthPower,Protect|Modest||F|||50|]Incineroar||SitrusBerry|Intimidate|FlareBlitz,ThroatChop,FakeOut,PartingShot|Impish||F|||50|]Charizard||CharizarditeY|Blaze|HeatWave,WeatherBall,HelpingHand,Protect|Modest||M|||50|]Toxapex||Leftovers|Regenerator|Infestation,Toxic,WideGuard,BanefulBunker|Bold||F|||50|]Annihilape||FocusSash|Defiant|CloseCombat,PhantomForce,RockTomb,Protect|Jolly||F|||50|
|
|t:|1784902362
|teamsize|p1|4
|teamsize|p2|4
|start
|switch|p1a: Charizard|Charizard, L50, F|100/100
|switch|p1b: Garchomp|Garchomp, L50, F|100/100
|switch|p2a: Toxapex|Toxapex, L50, F|100/100
|switch|p2b: Charizard|Charizard, L50, M|100/100
|turn|1
|
|t:|1784902379
|detailschange|p1a: Charizard|Charizard-Mega-Y, L50, F
|-mega|p1a: Charizard|Charizard|Charizardite Y
|-weather|SunnyDay|[from] ability: Drought|[of] p1a: Charizard
|move|p1b: Garchomp|Protect|p1b: Garchomp
|-singleturn|p1b: Garchomp|Protect
|move|p2b: Charizard|Protect|p2b: Charizard
|-singleturn|p2b: Charizard|Protect
|move|p2a: Toxapex|Baneful Bunker|p2a: Toxapex
|-singleturn|p2a: Toxapex|move: Protect
|move|p1a: Charizard|Weather Ball|p2b: Charizard
|-activate|p2b: Charizard|move: Protect
|
|-weather|SunnyDay|[upkeep]
|upkeep
|turn|2
|
|t:|1784902402
|detailschange|p2b: Charizard|Charizard-Mega-Y, L50, M
|-mega|p2b: Charizard|Charizard|Charizardite Y
|move|p2a: Toxapex|Wide Guard|p2a: Toxapex
|-singleturn|p2a: Toxapex|Wide Guard
|move|p1b: Garchomp|Dragon Claw|p2b: Charizard
|-damage|p2b: Charizard|56/100
|move|p1a: Charizard|Weather Ball|p2b: Charizard
|-resisted|p2b: Charizard|1
|-damage|p2b: Charizard|18/100
|move|p2b: Charizard|Heat Wave|p1b: Garchomp|[spread] p1b
|-miss|p2b: Charizard|p1a: Charizard
|-resisted|p1b: Garchomp|1
|-damage|p1b: Garchomp|69/100
|
|-weather|SunnyDay|[upkeep]
|upkeep
|turn|3
|
|t:|1784902419
|switch|p2b: Incineroar|Incineroar, L50, F|100/100
|-ability|p2b: Incineroar|Intimidate|boost
|-unboost|p1a: Charizard|atk|1
|-unboost|p1b: Garchomp|atk|1
|move|p1b: Garchomp|Earthquake|p2a: Toxapex|[spread] p2a,p2b
|-immune|p1a: Charizard
|-supereffective|p2a: Toxapex|1
|-supereffective|p2b: Incineroar|1
|-damage|p2a: Toxapex|65/100
|-damage|p2b: Incineroar|63/100
|move|p1a: Charizard|Weather Ball|p2b: Incineroar
|-resisted|p2b: Incineroar|1
|-damage|p2b: Incineroar|27/100
|-enditem|p2b: Incineroar|Sitrus Berry|[eat]
|-heal|p2b: Incineroar|52/100|[from] item: Sitrus Berry
|move|p2a: Toxapex|Toxic|p1b: Garchomp
|-status|p1b: Garchomp|tox
|
|-weather|SunnyDay|[upkeep]
|-heal|p2a: Toxapex|71/100|[from] item: Leftovers
|-damage|p1b: Garchomp|63/100 tox|[from] psn
|upkeep
|turn|4
|
|t:|1784902462
|switch|p1b: Kingambit|Kingambit, L50, M|100/100
|move|p2b: Incineroar|Fake Out|p1b: Kingambit
|-resisted|p1b: Kingambit|1
|-damage|p1b: Kingambit|96/100
|move|p1a: Charizard|Weather Ball|p2b: Incineroar
|-resisted|p2b: Incineroar|1
|-damage|p2b: Incineroar|13/100
|move|p2a: Toxapex|Toxic|p1a: Charizard
|-status|p1a: Charizard|tox
|
|-weather|SunnyDay|[upkeep]
|-heal|p2a: Toxapex|77/100|[from] item: Leftovers
|-damage|p1a: Charizard|94/100 tox|[from] psn
|upkeep
|turn|5
|
|t:|1784902483
|switch|p1b: Whimsicott|Whimsicott, L50, M|100/100
|move|p1a: Charizard|Weather Ball|p2b: Incineroar
|-resisted|p2b: Incineroar|1
|-crit|p2b: Incineroar
|-damage|p2b: Incineroar|0 fnt
|faint|p2b: Incineroar
|move|p2a: Toxapex|Infestation|p1a: Charizard
|-resisted|p1a: Charizard|2
|-damage|p1a: Charizard|93/100 tox
|-activate|p1a: Charizard|move: Infestation|[of] p2a: Toxapex
|
|-weather|none
|-heal|p2a: Toxapex|82/100|[from] item: Leftovers
|-damage|p1a: Charizard|82/100 tox|[from] psn
|-damage|p1a: Charizard|69/100 tox|[from] move: Infestation|[partiallytrapped]
|upkeep
|
|t:|1784902494
|switch|p2b: Garchomp|Garchomp, L50, M|100/100
|turn|6
|
|t:|1784902507
|move|p1a: Charizard|Protect|p1a: Charizard
|-singleturn|p1a: Charizard|Protect
|move|p2b: Garchomp|Stomping Tantrum|p1a: Charizard
|-activate|p1a: Charizard|move: Protect
|move|p1b: Whimsicott|Moonblast|p2b: Garchomp
|-supereffective|p2b: Garchomp|1
|-damage|p2b: Garchomp|23/100
|move|p2a: Toxapex|Toxic|p1b: Whimsicott
|-status|p1b: Whimsicott|tox
|
|-heal|p2a: Toxapex|88/100|[from] item: Leftovers
|-damage|p1b: Whimsicott|94/100 tox|[from] psn
|-damage|p1a: Charizard|52/100 tox|[from] psn
|-damage|p1a: Charizard|40/100 tox|[from] move: Infestation|[partiallytrapped]
|upkeep
|turn|7
|
|t:|1784902528
|move|p1b: Whimsicott|Encore|p2a: Toxapex
|-start|p2a: Toxapex|Encore
|move|p2b: Garchomp|Stomping Tantrum|p1b: Whimsicott
|-resisted|p1b: Whimsicott|1
|-damage|p1b: Whimsicott|65/100 tox
|move|p1a: Charizard|Heat Wave|p2b: Garchomp|[spread] p2a,p2b
|-resisted|p2a: Toxapex|1
|-resisted|p2b: Garchomp|1
|-crit|p2b: Garchomp
|-damage|p2a: Toxapex|74/100
|-damage|p2b: Garchomp|0 fnt
|-status|p2a: Toxapex|brn
|faint|p2b: Garchomp
|move|p2a: Toxapex|Toxic|p1b: Whimsicott
|-fail|p1b: Whimsicott|tox
|
|-heal|p2a: Toxapex|80/100 brn|[from] item: Leftovers
|-damage|p1b: Whimsicott|54/100 tox|[from] psn
|-damage|p1a: Charizard|17/100 tox|[from] psn
|-damage|p2a: Toxapex|74/100 brn|[from] brn
|-damage|p1a: Charizard|5/100 tox|[from] move: Infestation|[partiallytrapped]
|upkeep
|
|t:|1784902532
|switch|p2b: Charizard|Charizard-Mega-Y, L50, M|18/100
|-weather|SunnyDay|[from] ability: Drought|[of] p2b: Charizard
|turn|8
|
|t:|1784902542
|move|p1b: Whimsicott|Tailwind|p1b: Whimsicott
|-sidestart|p1: Squ1dge_|move: Tailwind
|move|p1a: Charizard|Weather Ball|p2b: Charizard
|-resisted|p2b: Charizard|1
|-damage|p2b: Charizard|0 fnt
|faint|p2b: Charizard
|move|p2a: Toxapex|Toxic|p1a: Charizard
|-fail|p1a: Charizard|tox
|
|-weather|SunnyDay|[upkeep]
|-heal|p2a: Toxapex|80/100 brn|[from] item: Leftovers
|-damage|p1b: Whimsicott|36/100 tox|[from] psn
|-damage|p1a: Charizard|0 fnt|[from] psn
|faint|p1a: Charizard
|-damage|p2a: Toxapex|74/100 brn|[from] brn
|upkeep
|
|t:|1784902545
|switch|p1a: Garchomp|Garchomp, L50, F|63/100 tox
|turn|9
|-message|FarigiBoy forfeited.
|
|win|Squ1dge_
|raw|Squ1dge_'s rating: 1427 → 1446(+19 for winning)
|raw|FarigiBoy's rating: 1410 → 1391(-19 for losing)
