|j|鈽唜-demon18
|j|鈽咶ranekBucz
|html|x-demon18FranekBucz    
|uhtml|bestof|Game 1 of a best-of-3
|t:|1784636647
|gametype|doubles
|player|p1|x-demon18|lucas|1085
|player|p2|FranekBucz|miku-ghost|1049
|gen|9
|tier|[Gen 9 Champions] VGC 2026 Reg M-B (Bo3)
|rated|
|rule|Species Clause: Limit one of each Pok茅mon
|rule|Item Clause: Limit 1 of each item
|clearpoke
|poke|p1|Incineroar, L50, M|
|poke|p1|Rotom-Wash, L50|
|poke|p1|Venusaur, L50, M|
|poke|p1|Corviknight, L50, M|
|poke|p1|Sylveon, L50, F|
|poke|p1|Garchomp, L50, M|
|poke|p2|Metagross, L50, shiny|
|poke|p2|Sylveon, L50, F, shiny|
|poke|p2|Meowscarada, L50, M|
|poke|p2|Farigiraf, L50, F|
|poke|p2|Swampert, L50, M, shiny|
|poke|p2|Pelipper, L50, M|
|teampreview|4
|showteam|p1|Incineroar||ExpertBelt|Intimidate|FakeOut,TemperFlare,ThroatChop,PartingShot|Adamant||M|||50|]Rotom-Wash||RindoBerry|Levitate|HydroPump,Electroweb,WillOWisp,VoltSwitch|Modest|||||50|]Venusaur||Venusaurite|Chlorophyll|GigaDrain,SludgeBomb,EarthPower,Protect|Modest||M|||50|]Corviknight||OccaBerry|MirrorArmor|Tailwind,DualWingbeat,IronHead,BodyPress|Adamant||M|||50|]Sylveon||FairyFeather|Pixilate|HyperVoice,QuickAttack,Yawn,Detect|Modest||F|||50|]Garchomp||LifeOrb|RoughSkin|RockSlide,DragonClaw,StompingTantrum,Protect|Jolly||M|||50|
|showteam|p2|Metagross||Metagrossite|ClearBody|Protect,MeteorMash,PsychicFangs,BulletPunch|Jolly|||||50|]Sylveon||FairyFeather|Pixilate|HyperVoice,QuickAttack,Detect,HyperBeam|Modest||F|||50|]Meowscarada||ChoiceScarf|Protean|Uturn,FlowerTrick,KnockOff,LowKick|Jolly||M|||50|]Farigiraf||ColburBerry|ArmorTail|Protect,TwinBeam,TrickRoom,HelpingHand|Sassy||F|||50|]Swampert||Swampertite|Torrent|Protect,WaveCrash,HighHorsepower,Earthquake|Adamant||M|||50|]Pelipper||FocusSash|Drizzle|Protect,Tailwind,Hurricane,WeatherBall|Modest||M|||50|
|inactive|Battle timer is ON: inactive players will automatically lose when time's up. (requested by FranekBucz)
|inactive|FranekBucz has 60 seconds left.
|
|t:|1784636682
|teamsize|p1|4
|teamsize|p2|4
|start
|switch|p1a: Griffith|Corviknight, L50, M|100/100
|switch|p1b: HydroVolt|Rotom-Wash, L50|100/100
|switch|p2a: Sylveon|Sylveon, L50, F, shiny|100/100
|switch|p2b: Farigiraf|Farigiraf, L50, F|100/100
|turn|1
|
|t:|1784636704
|move|p1b: HydroVolt|Volt Switch|p2a: Sylveon
|-damage|p2a: Sylveon|74/100
|
|t:|1784636707
|switch|p1b: Wolverine|Incineroar, L50, M|100/100|[from] Volt Switch
|-ability|p1b: Wolverine|Intimidate|boost
|-unboost|p2a: Sylveon|atk|1
|-unboost|p2b: Farigiraf|atk|1
|move|p1a: Griffith|Iron Head|p2a: Sylveon
|-supereffective|p2a: Sylveon|1
|-damage|p2a: Sylveon|7/100
|move|p2a: Sylveon|Hyper Voice|p1a: Griffith|[spread] p1a,p1b
|-resisted|p1a: Griffith|1
|-damage|p1a: Griffith|80/100
|-damage|p1b: Wolverine|54/100
|move|p2b: Farigiraf|Twin Beam|p1b: Wolverine
|-immune|p1b: Wolverine
|
|upkeep
|turn|2
|c|鈽咶ranekBucz|i might need a pair of glasses
|c|鈽咶ranekBucz|didn't see iron head
|inactive|x-demon18 has 30 seconds left.
|inactive|FranekBucz has 30 seconds left.
|
|t:|1784636737
|switch|p2b: Swampert|Swampert, L50, M, shiny|100/100
|move|p2a: Sylveon|Detect|p2a: Sylveon
|-singleturn|p2a: Sylveon|Protect
|move|p1a: Griffith|Iron Head|p2a: Sylveon
|-activate|p2a: Sylveon|move: Protect
|move|p1b: Wolverine|Throat Chop|p2b: Swampert
|-damage|p2b: Swampert|60/100
|-start|p2b: Swampert|Throat Chop|[silent]
|
|upkeep
|turn|3
|
|t:|1784636757
|switch|p2a: Pelipper|Pelipper, L50, M|100/100
|-weather|RainDance|[from] ability: Drizzle|[of] p2a: Pelipper
|switch|p1b: Yggdrasil|Venusaur, L50, M|100/100
|detailschange|p2b: Swampert|Swampert-Mega, L50, M, shiny
|-mega|p2b: Swampert|Swampert|Swampertite
|move|p2b: Swampert|Wave Crash|p1a: Griffith
|-damage|p1a: Griffith|0 fnt
|faint|p1a: Griffith
|-damage|p2b: Swampert|31/100|[from] Recoil
|
|-weather|RainDance|[upkeep]
|-end|p2b: Swampert|Throat Chop|[silent]
|upkeep
|
|t:|1784636771
|switch|p1a: HydroVolt|Rotom-Wash, L50|100/100
|turn|4
|
|t:|1784636799
|detailschange|p1b: Yggdrasil|Venusaur-Mega, L50, M
|-mega|p1b: Yggdrasil|Venusaur|Venusaurite
|move|p2b: Swampert|Protect|p2b: Swampert
|-singleturn|p2b: Swampert|Protect
|move|p1b: Yggdrasil|Protect|p1b: Yggdrasil
|-singleturn|p1b: Yggdrasil|Protect
|move|p1a: HydroVolt|Volt Switch|p2a: Pelipper
|-supereffective|p2a: Pelipper|2
|-enditem|p2a: Pelipper|Focus Sash
|-damage|p2a: Pelipper|1/100
|
|t:|1784636810
|switch|p1a: Wolverine|Incineroar, L50, M|54/100|[from] Volt Switch
|-ability|p1a: Wolverine|Intimidate|boost
|-unboost|p2a: Pelipper|atk|1
|-unboost|p2b: Swampert|atk|1
|move|p2a: Pelipper|Hurricane|p1b: Yggdrasil
|-activate|p1b: Yggdrasil|move: Protect
|
|-weather|RainDance|[upkeep]
|upkeep
|turn|5
|
|t:|1784636823
|switch|p2a: Farigiraf|Farigiraf, L50, F|100/100
|move|p1a: Wolverine|Fake Out||[still]
|cant|p2a: Farigiraf|ability: Armor Tail|Fake Out|[of] p1a: Wolverine
|move|p2b: Swampert|Wave Crash|p1a: Wolverine
|-supereffective|p1a: Wolverine|1
|-damage|p1a: Wolverine|0 fnt
|faint|p1a: Wolverine
|-damage|p2b: Swampert|12/100|[from] Recoil
|move|p1b: Yggdrasil|Giga Drain|p2b: Swampert
|-supereffective|p2b: Swampert|2
|-damage|p2b: Swampert|0 fnt
|faint|p2b: Swampert
|
|-weather|RainDance|[upkeep]
|upkeep
|
|t:|1784636839
|switch|p2b: Sylveon|Sylveon, L50, F, shiny|7/100
|switch|p1a: HydroVolt|Rotom-Wash, L50|100/100
|turn|6
|
|t:|1784636847
|move|p1b: Yggdrasil|Protect|p1b: Yggdrasil
|-singleturn|p1b: Yggdrasil|Protect
|move|p2b: Sylveon|Detect|p2b: Sylveon
|-singleturn|p2b: Sylveon|Protect
|move|p1a: HydroVolt|Electroweb|p2b: Sylveon|[spread] p2a
|-activate|p2b: Sylveon|move: Protect
|-damage|p2a: Farigiraf|88/100
|-unboost|p2a: Farigiraf|spe|1
|move|p2a: Farigiraf|Trick Room|p2a: Farigiraf
|-fieldstart|move: Trick Room|[of] p2a: Farigiraf
|
|-weather|RainDance|[upkeep]
|upkeep
|turn|7
|
|t:|1784636866
|move|p2a: Farigiraf|Twin Beam|p1b: Yggdrasil
|-supereffective|p1b: Yggdrasil|1
|-damage|p1b: Yggdrasil|74/100
|-supereffective|p1b: Yggdrasil|1
|-damage|p1b: Yggdrasil|50/100g
|-hitcount|p1b: Yggdrasil|2
|move|p2b: Sylveon|Hyper Beam|p1a: HydroVolt
|-damage|p1a: HydroVolt|0 fnt
|-mustrecharge|p2b: Sylveon
|faint|p1a: HydroVolt
|move|p1b: Yggdrasil|Giga Drain|p2a: Farigiraf
|-crit|p2a: Farigiraf
|-damage|p2a: Farigiraf|45/100
|-heal|p1b: Yggdrasil|76/100|[from] drain|[of] p2a: Farigiraf
|
|-weather|none
|upkeep
|turn|8
|
|t:|1784636884
|move|p2a: Farigiraf|Twin Beam|p1b: Yggdrasil
|-supereffective|p1b: Yggdrasil|1
|-damage|p1b: Yggdrasil|50/100g
|-supereffective|p1b: Yggdrasil|1
|-damage|p1b: Yggdrasil|26/100
|-hitcount|p1b: Yggdrasil|2
|cant|p2b: Sylveon|recharge
|move|p1b: Yggdrasil|Giga Drain|p2a: Farigiraf
|-damage|p2a: Farigiraf|17/100
|-heal|p1b: Yggdrasil|43/100|[from] drain|[of] p2a: Farigiraf
|
|upkeep
|turn|9
|
|t:|1784636897
|move|p1b: Yggdrasil|Protect|p1b: Yggdrasil
|-singleturn|p1b: Yggdrasil|Protect
|move|p2a: Farigiraf|Twin Beam|p1b: Yggdrasil
|-activate|p1b: Yggdrasil|move: Protect
|move|p2b: Sylveon|Hyper Beam|p1b: Yggdrasil
|-activate|p1b: Yggdrasil|move: Protect
|
|upkeep
|turn|10
|
|t:|1784636906
|move|p1b: Yggdrasil|Protect||[still]
|-fail|p1b: Yggdrasil
|move|p2a: Farigiraf|Twin Beam|p1b: Yggdrasil
|-supereffective|p1b: Yggdrasil|1
|-damage|p1b: Yggdrasil|20/100r
|-supereffective|p1b: Yggdrasil|1
|-damage|p1b: Yggdrasil|0 fnt
|faint|p1b: Yggdrasil
|-hitcount|p1: Yggdrasil|2
|
|win|FranekBucz
||FranekBucz is ready for game 2.
