|j|‽candangacheche
|j|☆freudianbreath
|html|candangachechefreudianbreath    
|uhtml|bestof|Game 1 of a best-of-3
|t:|1785273751
|gametype|doubles
|player|p1|candangacheche|1|1175
|player|p2|freudianbreath|170|1063
|gen|9
|tier|[Gen 9 Champions] VGC 2026 Reg M-B (Bo3)
|rated|
|rule|Species Clause: Limit one of each Pokémon
|rule|Item Clause: Limit 1 of each item
|clearpoke
|poke|p1|Delphox, L50, F, shiny|
|poke|p1|Grimmsnarl, L50, M, shiny|
|poke|p1|Garchomp, L50, M, shiny|
|poke|p1|Sylveon, L50, F|
|poke|p1|Kingambit, L50, F|
|poke|p1|Venusaur, L50, M|
|poke|p2|Whimsicott, L50, M|
|poke|p2|Tyranitar, L50, M|
|poke|p2|Grimmsnarl, L50, M|
|poke|p2|Kingambit, L50, F|
|poke|p2|Farigiraf, L50, F|
|poke|p2|Pelipper, L50, M|
|teampreview|4
|showteam|p1|Delphox||Delphoxite|Blaze|Protect,HeatWave,NastyPlot,Psychic|Timid||F|||50|]Grimmsnarl||LightClay|Prankster|LightScreen,Reflect,PartingShot,FoulPlay|Careful||M|||50|]Garchomp||LifeOrb|RoughSkin|DragonClaw,Earthquake,Protect,ThunderFang|Adamant||M|||50|]Sylveon||FairyFeather|Pixilate|HyperVoice,HyperBeam,QuickAttack,Detect|Timid||F|||50|]Kingambit||FocusSash|Defiant|SuckerPunch,KowtowCleave,Protect,IronHead|Adamant||F|||50|]Venusaur||Venusaurite|Chlorophyll|GigaDrain,EarthPower,SludgeBomb,Protect|Modest||M|||50|
|showteam|p2|Whimsicott||SitrusBerry|Prankster|Moonblast,Encore,Tailwind,Protect|Bold||M|||50|]Tyranitar||Tyranitarite|SandStream|DragonDance,LowKick,Crunch,RockSlide|Adamant||M|||50|]Grimmsnarl||LightClay|Prankster|Reflect,LightScreen,SpiritBreak,BrickBreak|Adamant||M|||50|]Kingambit||OccaBerry|Defiant|KowtowCleave,SwordsDance,SuckerPunch,Protect|Adamant||F|||50|]Farigiraf||ColburBerry|ArmorTail|HelpingHand,TrickRoom,Psychic,Thunderbolt|Relaxed||F|||50|]Pelipper||LifeOrb|Drizzle|Tailwind,Hurricane,WeatherBall,HydroPump|Modest||M|||50|
|inactive|Battle timer is ON: inactive players will automatically lose when time's up. (requested by candangacheche)
|inactive|candangacheche has 60 seconds left.
|inactive|freudianbreath has 60 seconds left.
|inactive|freudianbreath has 30 seconds left.
|
|t:|1785273841
|teamsize|p1|4
|teamsize|p2|4
|start
|switch|p1a: Venusaur|Venusaur, L50, M|100/100
|switch|p1b: Grimmsnarl|Grimmsnarl, L50, M, shiny|100/100
|switch|p2a: Grimmsnarl|Grimmsnarl, L50, M|100/100
|switch|p2b: Tyranitar|Tyranitar, L50, M|100/100
|-weather|Sandstorm|[from] ability: Sand Stream|[of] p2b: Tyranitar
|turn|1
|inactive|freudianbreath has 30 seconds left.
|inactive|freudianbreath has 20 seconds left.
|inactive|freudianbreath has 15 seconds left.
|
|t:|1785273882
|detailschange|p1a: Venusaur|Venusaur-Mega, L50, M
|-mega|p1a: Venusaur|Venusaur|Venusaurite
|detailschange|p2b: Tyranitar|Tyranitar-Mega, L50, M
|-mega|p2b: Tyranitar|Tyranitar|Tyranitarite
|move|p2a: Grimmsnarl|Light Screen|p2a: Grimmsnarl
|-sidestart|p2: freudianbreath|move: Light Screen
|move|p1b: Grimmsnarl|Reflect|p1b: Grimmsnarl
|-sidestart|p1: candangacheche|Reflect
|move|p1a: Venusaur|Giga Drain|p2b: Tyranitar
|-supereffective|p2b: Tyranitar|1
|-damage|p2b: Tyranitar|67/100
|move|p2b: Tyranitar|Dragon Dance|p2b: Tyranitar
|-boost|p2b: Tyranitar|atk|1
|-boost|p2b: Tyranitar|spe|1
|
|-weather|Sandstorm|[upkeep]
|-damage|p1a: Venusaur|94/100|[from] Sandstorm
|-damage|p2a: Grimmsnarl|94/100|[from] Sandstorm
|-damage|p1b: Grimmsnarl|94/100|[from] Sandstorm
|upkeep
|turn|2
|inactive|candangacheche has 30 seconds left.
|inactive|freudianbreath has 30 seconds left.
|inactive|freudianbreath has 20 seconds left.
|inactive|candangacheche has 20 seconds left.
|inactive|freudianbreath has 15 seconds left.
|inactive|candangacheche has 15 seconds left.
|inactive|freudianbreath has 10 seconds left.
|inactive|candangacheche has 10 seconds left.
|inactive|freudianbreath has 5 seconds left.
|
|t:|1785273936
|switch|p1b: Garchomp|Garchomp, L50, M, shiny|100/100
|move|p2b: Tyranitar|Rock Slide|p1b: Garchomp|[spread] p1a,p1b
|-resisted|p1b: Garchomp|1
|-damage|p1a: Venusaur|60/100
|-damage|p1b: Garchomp|82/100
|cant|p1a: Venusaur|flinch
|move|p2a: Grimmsnarl|Brick Break|p1b: Garchomp
|-sideend|p1: candangacheche|Reflect
|-damage|p1b: Garchomp|58/100
|-damage|p2a: Grimmsnarl|81/100|[from] ability: Rough Skin|[of] p1b: Garchomp
|
|-weather|Sandstorm|[upkeep]
|-damage|p1a: Venusaur|54/100|[from] Sandstorm
|-damage|p2a: Grimmsnarl|75/100|[from] Sandstorm
|upkeep
|turn|3
|inactive|freudianbreath has 30 seconds left.
|inactive|freudianbreath has 20 seconds left.
|inactive|freudianbreath has 15 seconds left.
|inactive|freudianbreath has 10 seconds left.
|
|t:|1785273985
|move|p1a: Venusaur|Protect|p1a: Venusaur
|-singleturn|p1a: Venusaur|Protect
|move|p2a: Grimmsnarl|Reflect|p2a: Grimmsnarl
|-sidestart|p2: freudianbreath|Reflect
|move|p2b: Tyranitar|Rock Slide|p1a: Venusaur|[spread] p1b
|-activate|p1a: Venusaur|move: Protect
|-resisted|p1b: Garchomp|1
|-damage|p1b: Garchomp|32/100
|move|p1b: Garchomp|Earthquake|p2a: Grimmsnarl|[spread] p2a,p2b
|-activate|p1a: Venusaur|move: Protect
|-supereffective|p2b: Tyranitar|1
|-crit|p2b: Tyranitar
|-damage|p2a: Grimmsnarl|30/100
|-damage|p2b: Tyranitar|0 fnt
|faint|p2b: Tyranitar
|-damage|p1b: Garchomp|22/100|[from] item: Life Orb
|
|-weather|Sandstorm|[upkeep]
|-damage|p1a: Venusaur|49/100|[from] Sandstorm
|-damage|p2a: Grimmsnarl|24/100|[from] Sandstorm
|upkeep
|inactive|freudianbreath has 30 seconds left.
|
|t:|1785274014
|switch|p2b: Farigiraf|Farigiraf, L50, F|100/100
|turn|4
|inactive|freudianbreath has 30 seconds left.
|
|t:|1785274046
|move|p1a: Venusaur|Giga Drain|p2a: Grimmsnarl
|-damage|p2a: Grimmsnarl|0 fnt
|-heal|p1a: Venusaur|64/100|[from] drain|[of] p2a: Grimmsnarl
|faint|p2a: Grimmsnarl
|move|p1b: Garchomp|Dragon Claw|p2b: Farigiraf
|-damage|p2b: Farigiraf|69/100
|-damage|p1b: Garchomp|12/100|[from] item: Life Orb
|move|p2b: Farigiraf|Trick Room|p2b: Farigiraf
|-fieldstart|move: Trick Room|[of] p2b: Farigiraf
|
|-weather|Sandstorm|[upkeep]
|-damage|p2b: Farigiraf|63/100|[from] Sandstorm
|-damage|p1a: Venusaur|59/100|[from] Sandstorm
|upkeep
|
|t:|1785274056
|switch|p2a: Kingambit|Kingambit, L50, F|100/100
|turn|5
|inactive|freudianbreath has 30 seconds left.
|inactive|freudianbreath has 20 seconds left.
|inactive|freudianbreath has 15 seconds left.
|inactive|freudianbreath has 10 seconds left.
|inactive|freudianbreath has 5 seconds left.
|
|t:|1785274109
|move|p2a: Kingambit|Protect|p2a: Kingambit
|-singleturn|p2a: Kingambit|Protect
|move|p1a: Venusaur|Protect|p1a: Venusaur
|-singleturn|p1a: Venusaur|Protect
|move|p2b: Farigiraf|Psychic|p1a: Venusaur
|-activate|p1a: Venusaur|move: Protect
|move|p1b: Garchomp|Earthquake|p2a: Kingambit|[spread] p2b
|-activate|p1a: Venusaur|move: Protect
|-activate|p2a: Kingambit|move: Protect
|-damage|p2b: Farigiraf|36/100
|-damage|p1b: Garchomp|2/100|[from] item: Life Orb
|
|-weather|none
|upkeep
|turn|6
|inactive|freudianbreath has 30 seconds left.
|inactive|freudianbreath has 20 seconds left.
|inactive|freudianbreath has 15 seconds left.
|inactive|freudianbreath has 10 seconds left.
|inactive|freudianbreath has 5 seconds left.
|
|t:|1785274161
|switch|p1a: Grimmsnarl|Grimmsnarl, L50, M, shiny|94/100
|move|p2a: Kingambit|Kowtow Cleave|p1b: Garchomp
|-damage|p1b: Garchomp|0 fnt
|-damage|p2a: Kingambit|87/100|[from] ability: Rough Skin|[of] p1b: Garchomp
|faint|p1b: Garchomp
|move|p2b: Farigiraf|Psychic|p1a: Grimmsnarl
|-immune|p1a: Grimmsnarl
|
|upkeep
|
|t:|1785274171
|switch|p1b: Sylveon|Sylveon, L50, F|100/100
|turn|7
|inactive|freudianbreath has 30 seconds left.
|inactive|freudianbreath has 20 seconds left.
|
|t:|1785274207
|move|p1b: Sylveon|Detect|p1b: Sylveon
|-singleturn|p1b: Sylveon|Protect
|move|p1a: Grimmsnarl|Reflect|p1a: Grimmsnarl
|-sidestart|p1: candangacheche|Reflect
|move|p2b: Farigiraf|Psychic|p1b: Sylveon
|-activate|p1b: Sylveon|move: Protect
|move|p2a: Kingambit|Swords Dance|p2a: Kingambit
|-boost|p2a: Kingambit|atk|2
|
|upkeep
|turn|8
|inactive|freudianbreath has 30 seconds left.
|inactive|freudianbreath has 20 seconds left.
|inactive|freudianbreath has 15 seconds left.
|
|t:|1785274251
|move|p1a: Grimmsnarl|Light Screen|p1a: Grimmsnarl
|-sidestart|p1: candangacheche|move: Light Screen
|move|p2a: Kingambit|Kowtow Cleave|p1b: Sylveon
|-resisted|p1b: Sylveon|1
|-crit|p1b: Sylveon
|-damage|p1b: Sylveon|19/100
|move|p2b: Farigiraf|Psychic|p1b: Sylveon
|-damage|p1b: Sylveon|1/100
|move|p1b: Sylveon|Hyper Voice|p2b: Farigiraf|[spread] p2a,p2b
|-damage|p2a: Kingambit|58/100
|-damage|p2b: Farigiraf|10/100
|
|-sideend|p2: freudianbreath|move: Light Screen
|-fieldend|move: Trick Room
|upkeep
|turn|9
|inactive|freudianbreath has 30 seconds left.
|inactive|freudianbreath has 20 seconds left.
|inactive|freudianbreath has 15 seconds left.
|inactive|freudianbreath has 10 seconds left.
|
|t:|1785274291
|move|p1b: Sylveon|Detect|p1b: Sylveon
|-singleturn|p1b: Sylveon|Protect
|move|p2a: Kingambit|Sucker Punch||[still]
|-fail|p2a: Kingambit
|move|p1a: Grimmsnarl|Foul Play|p2b: Farigiraf
|-supereffective|p2b: Farigiraf|1
|-enditem|p2b: Farigiraf|Colbur Berry|[eat]
|-enditem|p2b: Farigiraf|Colbur Berry|[weaken]
|-damage|p2b: Farigiraf|0 fnt
|faint|p2b: Farigiraf
|
|upkeep
|turn|10
|inactive|freudianbreath has 10 seconds left this turn.
|
|t:|1785274306
|move|p1b: Sylveon|Quick Attack|p2a: Kingambit
|-damage|p2a: Kingambit|51/100
|move|p2a: Kingambit|Sucker Punch||[still]
|-fail|p2a: Kingambit
|move|p1a: Grimmsnarl|Foul Play|p2a: Kingambit
|-resisted|p2a: Kingambit|1
|-damage|p2a: Kingambit|22/100
|
|-sideend|p2: freudianbreath|Reflect
|upkeep
|turn|11
|inactive|freudianbreath has 10 seconds left this turn.
|inactive|freudianbreath has 5 seconds left.
|-message|freudianbreath forfeited.
|
|win|candangacheche
