|j|☆yooLucass
|j|☆eggchamp49
|html|yooLucasseggchamp49    
|uhtml|bestof|Game 1 of a best-of-3
|t:|1782679232
|gametype|doubles
|player|p1|yooLucass|drayden|
|player|p2|eggchamp49|ghetsis|
|gen|9
|tier|[Gen 9 Champions] VGC 2026 Reg M-B (Bo3)
|rule|Species Clause: Limit one of each Pokémon
|rule|Item Clause: Limit 1 of each item
|clearpoke
|poke|p1|Swampert, L50, F|
|poke|p1|Pelipper, L50, F|
|poke|p1|Archaludon, L50, F|
|poke|p1|Venusaur, L50, M|
|poke|p1|Grimmsnarl, L50, M|
|poke|p1|Basculegion, L50, M|
|poke|p2|Swampert, L50, M|
|poke|p2|Metagross, L50|
|poke|p2|Archaludon, L50, F|
|poke|p2|Pelipper, L50, F|
|poke|p2|Grimmsnarl, L50, M|
|poke|p2|Sinistcha, L50|
|teampreview|4
|showteam|p1|Swampert||Swampertite|Damp|WaveCrash,Earthquake,RockSlide,Protect|Adamant||F|||50|]Pelipper||FocusSash|Drizzle|Hurricane,Tailwind,Protect,WeatherBall|Timid||F|||50|]Archaludon||Leftovers|Stamina|ElectroShot,FlashCannon,Protect,DragonPulse|Modest||F|||50|]Venusaur||Venusaurite|Chlorophyll|GigaDrain,EarthPower,SludgeBomb,Protect|Modest||M|||50|]Grimmsnarl||LightClay|Prankster|PartingShot,LightScreen,Reflect,SpiritBreak|Careful||M|||50|]Basculegion||ChoiceScarf|Adaptability|AquaJet,PsychicFangs,WaveCrash,LastRespects|Jolly||M|||50|
|showteam|p2|Swampert||Swampertite|Damp|WaveCrash,Earthquake,IcePunch,Protect|Adamant||M|||50|]Metagross||Metagrossite|ClearBody|PsychicFangs,IronHead,StompingTantrum,Protect|Jolly|||||50|]Archaludon||Leftovers|Stamina|ElectroShot,FlashCannon,DragonPulse,Protect|Modest||F|||50|]Pelipper||SitrusBerry|Drizzle|WeatherBall,Hurricane,Tailwind,WideGuard|Modest||F|||50|]Grimmsnarl||LightClay|Prankster|LightScreen,Reflect,FakeOut,PartingShot|Careful||M|||50|]Sinistcha||ColburBerry|Hospitality|RagePowder,MatchaGotcha,LifeDew,TrickRoom|Relaxed|||||50|
|c|☆yooLucass|glhf!
|c|☆eggchamp49|glhf!
|
|t:|1782679303
|teamsize|p1|4
|teamsize|p2|4
|start
|switch|p1a: Venusaur|Venusaur, L50, M|100/100
|switch|p1b: Grimmsnarl|Grimmsnarl, L50, M|100/100
|switch|p2a: Grimmsnarl|Grimmsnarl, L50, M|100/100
|switch|p2b: Metagross|Metagross, L50|100/100
|turn|1
|
|t:|1782679332
|detailschange|p2b: Metagross|Metagross-Mega, L50
|-mega|p2b: Metagross|Metagross|Metagrossite
|move|p1a: Venusaur|Protect|p1a: Venusaur
|-singleturn|p1a: Venusaur|Protect
|move|p2a: Grimmsnarl|Fake Out|p1b: Grimmsnarl
|-damage|p1b: Grimmsnarl|88/100
|cant|p1b: Grimmsnarl|flinch
|move|p2b: Metagross|Iron Head|p1b: Grimmsnarl
|-supereffective|p1b: Grimmsnarl|1
|-crit|p1b: Grimmsnarl
|-damage|p1b: Grimmsnarl|0 fnt
|faint|p1b: Grimmsnarl
|
|upkeep
|
|t:|1782679341
|switch|p1b: Basculegion|Basculegion, L50, M|100/100
|turn|2
|
|t:|1782679381
|switch|p2b: Archaludon|Archaludon, L50, F|100/100
|detailschange|p1a: Venusaur|Venusaur-Mega, L50, M
|-mega|p1a: Venusaur|Venusaur|Venusaurite
|move|p2a: Grimmsnarl|Reflect|p2a: Grimmsnarl
|-sidestart|p2: eggchamp49|Reflect
|move|p1b: Basculegion|Last Respects|p2b: Archaludon
|-damage|p2b: Archaludon|69/100
|-ability|p2b: Archaludon|Stamina|boost
|-boost|p2b: Archaludon|def|1
|move|p1a: Venusaur|Sludge Bomb|p2a: Grimmsnarl
|-supereffective|p2a: Grimmsnarl|1
|-damage|p2a: Grimmsnarl|13/100
|
|-heal|p2b: Archaludon|75/100|[from] item: Leftovers
|upkeep
|turn|3
|
|t:|1782679423
|move|p2a: Grimmsnarl|Parting Shot|p1a: Venusaur
|-unboost|p1a: Venusaur|atk|1
|-unboost|p1a: Venusaur|spa|1
|
|t:|1782679427
|switch|p2a: Pelipper|Pelipper, L50, F|100/100|[from] Parting Shot
|-weather|RainDance|[from] ability: Drizzle|[of] p2a: Pelipper
|move|p1b: Basculegion|Last Respects|p2b: Archaludon
|-damage|p2b: Archaludon|57/100
|-ability|p2b: Archaludon|Stamina|boost
|-boost|p2b: Archaludon|def|1
|move|p1a: Venusaur|Earth Power|p2b: Archaludon
|-supereffective|p2b: Archaludon|1
|-damage|p2b: Archaludon|20/100y
|-ability|p2b: Archaludon|Stamina|boost
|-boost|p2b: Archaludon|def|1
|move|p2b: Archaludon|Electro Shot||[still]
|-prepare|p2b: Archaludon|Electro Shot
|-boost|p2b: Archaludon|spa|1
|-anim|p2b: Archaludon|Electro Shot|p1b: Basculegion
|-supereffective|p1b: Basculegion|1
|-damage|p1b: Basculegion|0 fnt
|faint|p1b: Basculegion
|
|-weather|RainDance|[upkeep]
|-heal|p2b: Archaludon|26/100|[from] item: Leftovers
|upkeep
|
|t:|1782679436
|switch|p1b: Pelipper|Pelipper, L50, F|100/100
|turn|4
|
|t:|1782679457
|move|p1a: Venusaur|Protect|p1a: Venusaur
|-singleturn|p1a: Venusaur|Protect
|move|p2b: Archaludon|Protect|p2b: Archaludon
|-singleturn|p2b: Archaludon|Protect
|move|p1b: Pelipper|Tailwind|p1b: Pelipper
|-sidestart|p1: yooLucass|move: Tailwind
|move|p2a: Pelipper|Tailwind|p2a: Pelipper
|-sidestart|p2: eggchamp49|move: Tailwind
|
|-weather|RainDance|[upkeep]
|-heal|p2b: Archaludon|32/100|[from] item: Leftovers
|upkeep
|turn|5
|
|t:|1782679484
|move|p1b: Pelipper|Hurricane|p2a: Pelipper
|-crit|p2a: Pelipper
|-damage|p2a: Pelipper|16/100
|-start|p2a: Pelipper|confusion
|-enditem|p2a: Pelipper|Sitrus Berry|[eat]
|-heal|p2a: Pelipper|41/100|[from] item: Sitrus Berry
|move|p1a: Venusaur|Earth Power|p2b: Archaludon
|-supereffective|p2b: Archaludon|1
|-damage|p2b: Archaludon|0 fnt
|faint|p2b: Archaludon
|-activate|p2a: Pelipper|confusion
|move|p2a: Pelipper|Hurricane|p1a: Venusaur
|-supereffective|p1a: Venusaur|1
|-damage|p1a: Venusaur|23/100
|
|-weather|RainDance|[upkeep]
|upkeep
|
|t:|1782679499
|switch|p2b: Grimmsnarl|Grimmsnarl, L50, M|13/100
|turn|6
|
|t:|1782679509
|move|p1b: Pelipper|Protect|p1b: Pelipper
|-singleturn|p1b: Pelipper|Protect
|move|p1a: Venusaur|Protect|p1a: Venusaur
|-singleturn|p1a: Venusaur|Protect
|move|p2b: Grimmsnarl|Light Screen|p2b: Grimmsnarl
|-sidestart|p2: eggchamp49|move: Light Screen
|-activate|p2a: Pelipper|confusion
|move|p2a: Pelipper|Hurricane|p1a: Venusaur
|-activate|p1a: Venusaur|move: Protect
|
|-weather|RainDance|[upkeep]
|upkeep
|turn|7
|
|t:|1782679527
|move|p2b: Grimmsnarl|Parting Shot|p1b: Pelipper
|-unboost|p1b: Pelipper|atk|1
|-unboost|p1b: Pelipper|spa|1
|
|t:|1782679531
|switch|p2b: Metagross|Metagross-Mega, L50|100/100|[from] Parting Shot
|move|p1b: Pelipper|Hurricane|p2a: Pelipper
|-damage|p2a: Pelipper|17/100
|move|p1a: Venusaur|Earth Power|p2b: Metagross
|-supereffective|p2b: Metagross|1
|-damage|p2b: Metagross|73/100
|-activate|p2a: Pelipper|confusion
|move|p2a: Pelipper|Hurricane|p1a: Venusaur
|-supereffective|p1a: Venusaur|1
|-damage|p1a: Venusaur|0 fnt
|faint|p1a: Venusaur
|
|-weather|none
|-sideend|p2: eggchamp49|move: Tailwind
|-sideend|p1: yooLucass|move: Tailwind
|upkeep
|turn|8
|-message|yooLucass forfeited.
|
|win|eggchamp49
||eggchamp49 is ready for game 2.
||yooLucass is ready for game 2.
|uhtml|next|Next: Game 2 of 3
|l|☆yooLucass
|player|p1|
