|j|â˜†saboyita
|j|â˜†WolfeWithTheGlicky
|html|saboyitaWolfeWithTheGlicky    
|uhtml|bestof|Game 1 of a best-of-3
|t:|1756328520
|gametype|doubles
|player|p1|saboyita|grimsley|1129
|player|p2|WolfeWithTheGlicky|boarder|1216
|gen|9
|tier|[Gen 9] VGC 2025 Reg H (Bo3)
|rated|
|rule|Species Clause: Limit one of each PokÃ©mon
|rule|Item Clause: Limit 1 of each item
|clearpoke
|poke|p1|Amoonguss, L50, F|
|poke|p1|Hydreigon, L50, M|
|poke|p1|Whimsicott, L50, F|
|poke|p1|Maushold-Four, L50|
|poke|p1|Annihilape, L50, F|
|poke|p1|Ursaluna-Bloodmoon, L50, M|
|poke|p2|Porygon2, L50|
|poke|p2|Ursaluna, L50, M|
|poke|p2|Volcarona, L50, M|
|poke|p2|Grimmsnarl, L50, M|
|poke|p2|Archaludon, L50, F|
|poke|p2|Gholdengo, L50|
|teampreview|4
|showteam|p1|Amoonguss||MentalHerb|Regenerator|ClearSmog,Spore,RagePowder,Protect|||F|||50|,,,,,Water]Hydreigon||ChoiceSpecs|Levitate|Snarl,HeatWave,DarkPulse,DracoMeteor|||M|||50|,,,,,Ghost]Whimsicott||CovertCloak|Prankster|BeatUp,Encore,HelpingHand,Tailwind|||F|||50|,,,,,Dark]Maushold-Four||WideLens|Technician|PopulationBomb,Taunt,FollowMe,Protect||||||50|,,,,,Ghost]Annihilape||Leftovers|Defiant|RageFist,CloseCombat,FinalGambit,Protect|||F|||50|,,,,,Water]Ursaluna-Bloodmoon||AssaultVest|MindsEye|VacuumWave,HyperVoice,EarthPower,BloodMoon|||M|||50|,,,,,Water
|showteam|p2|Porygon2||Eviolite|Download|TriAttack,ShadowBall,Recover,TrickRoom||||||50|,,,,,Ghost]Ursaluna||FlameOrb|Guts|Facade,Earthquake,HeadlongRush,Protect|||M|||50|,,,,,Ghost]Volcarona||CovertCloak|FlameBody|Overheat,StruggleBug,RagePowder,WillOWisp|||M|||50|,,,,,Fairy]Grimmsnarl||LightClay|Prankster|SpiritBreak,Reflect,LightScreen,Taunt|||M|||50|,,,,,Poison]Archaludon||PowerHerb|Sturdy|DragonPulse,ElectroShot,Thunderbolt,Protect|||F|||50|,,,,,Electric]Gholdengo||ChoiceSpecs|GoodasGold|ShadowBall,MakeItRain,PowerGem,Trick||||||50|,,,,,Dragon
|inactive|Battle timer is ON: inactive players will automatically lose when time's up. (requested by saboyita)
|inactive|saboyita has 60 seconds left.
|inactive|WolfeWithTheGlicky has 60 seconds left.
|inactive|WolfeWithTheGlicky has 30 seconds left.
|inactive|WolfeWithTheGlicky has 20 seconds left.
|inactive|WolfeWithTheGlicky has 15 seconds left.
|inactive|WolfeWithTheGlicky has 10 seconds left.
|
|t:|1756328606
|teamsize|p1|4
|teamsize|p2|4
|start
|switch|p1a: Hydreigon|Hydreigon, L50, M|100/100
|switch|p1b: Whimsicott|Whimsicott, L50, F|100/100
|switch|p2a: Archaludon|Archaludon, L50, F|100/100
|switch|p2b: Porygon2|Porygon2, L50|100/100
|-ability|p2b: Porygon2|Download|boost
|-boost|p2b: Porygon2|spa|1
|turn|1
|inactive|saboyita has 30 seconds left.
|inactive|WolfeWithTheGlicky has 30 seconds left.
|
|t:|1756328633
|-terastallize|p1a: Hydreigon|Ghost
|move|p1b: Whimsicott|Helping Hand|p1a: Hydreigon
|-singleturn|p1a: Hydreigon|Helping Hand|[of] p1b: Whimsicott
|move|p2a: Archaludon|Dragon Pulse|p1a: Hydreigon
|-damage|p1a: Hydreigon|52/100
|move|p1a: Hydreigon|Draco Meteor|p2b: Porygon2
|-damage|p2b: Porygon2|3/100
|-unboost|p1a: Hydreigon|spa|2
|move|p2b: Porygon2|Trick Room|p2b: Porygon2
|-fieldstart|move: Trick Room|[of] p2b: Porygon2
|
|upkeep
|turn|2
|inactive|saboyita has 30 seconds left.
|inactive|WolfeWithTheGlicky has 30 seconds left.
|inactive|WolfeWithTheGlicky has 20 seconds left.
|inactive|WolfeWithTheGlicky has 15 seconds left.
|
|t:|1756328674
|switch|p2b: Ursaluna|Ursaluna, L50, M|100/100
|switch|p1a: Annihilape|Annihilape, L50, F|100/100
|move|p1b: Whimsicott|Encore||[still]
|-fail|p1b: Whimsicott
|move|p2a: Archaludon|Electro Shot||[still]
|-prepare|p2a: Archaludon|Electro Shot
|-boost|p2a: Archaludon|spa|1
|-enditem|p2a: Archaludon|Power Herb
|-anim|p2a: Archaludon|Electro Shot|p1b: Whimsicott
|-resisted|p1b: Whimsicott
|-damage|p1b: Whimsicott|59/100
|
|-status|p2b: Ursaluna|brn|[from] item: Flame Orb
|upkeep
|turn|3
|inactive|saboyita has 30 seconds left.
|
|t:|1756328700
|move|p2b: Ursaluna|Headlong Rush|p1a: Annihilape
|-damage|p1a: Annihilape|0 fnt
|-unboost|p2b: Ursaluna|def|1
|-unboost|p2b: Ursaluna|spd|1
|faint|p1a: Annihilape
|move|p2a: Archaludon|Dragon Pulse|p1b: Whimsicott
|-immune|p1b: Whimsicott
|move|p1b: Whimsicott|Beat Up|p1: Annihilape|[notarget]
|-fail|p1b: Whimsicott
|
|-damage|p2b: Ursaluna|95/100 brn|[from] brn
|upkeep
|
|t:|1756328707
|switch|p1a: Ursaluna|Ursaluna-Bloodmoon, L50, M|100/100
|turn|4
|
|t:|1756328722
|move|p1b: Whimsicott|Encore|p2b: Ursaluna
|-start|p2b: Ursaluna|Encore
|move|p2b: Ursaluna|Headlong Rush|p1b: Whimsicott
|-resisted|p1b: Whimsicott
|-damage|p1b: Whimsicott|0 fnt
|-unboost|p2b: Ursaluna|def|1
|-unboost|p2b: Ursaluna|spd|1
|faint|p1b: Whimsicott
|move|p1a: Ursaluna|Earth Power|p2a: Archaludon
|-supereffective|p2a: Archaludon
|-ability|p2a: Archaludon|Sturdy
|-damage|p2a: Archaludon|1/100
|-unboost|p2a: Archaludon|spd|1
|move|p2a: Archaludon|Dragon Pulse|p1a: Ursaluna
|-damage|p1a: Ursaluna|49/100
|
|-damage|p2b: Ursaluna|89/100 brn|[from] brn
|upkeep
|
|t:|1756328736
|switch|p1b: Hydreigon|Hydreigon, L50, M, tera:Ghost|52/100
|turn|5
|
|t:|1756328752
|move|p2a: Archaludon|Protect|p2a: Archaludon
|-singleturn|p2a: Archaludon|Protect
|move|p2b: Ursaluna|Headlong Rush|p1a: Ursaluna
|-damage|p1a: Ursaluna|0 fnt
|-unboost|p2b: Ursaluna|def|1
|-unboost|p2b: Ursaluna|spd|1
|faint|p1a: Ursaluna
|move|p1b: Hydreigon|Heat Wave|p2b: Ursaluna|[spread] p2b
|-activate|p2a: Archaludon|move: Protect
|-damage|p2b: Ursaluna|6/100 brn
|
|-damage|p2b: Ursaluna|0 fnt|[from] brn
|faint|p2b: Ursaluna
|-fieldend|move: Trick Room
|upkeep
|
|t:|1756328774
|switch|p2b: Gholdengo|Gholdengo, L50|100/100
|turn|6
|
|t:|1756328787
|-terastallize|p2b: Gholdengo|Dragon
|move|p1b: Hydreigon|Heat Wave|p2b: Gholdengo|[spread] p2a,p2b
|-resisted|p2b: Gholdengo
|-damage|p2a: Archaludon|0 fnt
|-damage|p2b: Gholdengo|79/100
|faint|p2a: Archaludon
|move|p2b: Gholdengo|Shadow Ball|p1b: Hydreigon
|-supereffective|p1b: Hydreigon
|-damage|p1b: Hydreigon|0 fnt
|faint|p1b: Hydreigon
|
|win|WolfeWithTheGlicky
||saboyita is ready for game 2.
|inactive|WolfeWithTheGlicky has 30 seconds to confirm battle start!
||WolfeWithTheGlicky is ready for game 2.
|uhtml|next|Next: Game 2 of 3
