|j|☆NegaiFreak
|j|☆ManoloVAR
|html|NegaiFreakManoloVAR    
|uhtml|bestof|Game 2 of a best-of-3
|t:|1783536104
|gametype|doubles
|player|p1|NegaiFreak|2|1088
|player|p2|ManoloVAR|hilbert|1124
|gen|9
|tier|[Gen 9 Champions] VGC 2026 Reg M-B (Bo3)
|rated|
|rule|Species Clause: Limit one of each Pokémon
|rule|Item Clause: Limit 1 of each item
|clearpoke
|poke|p1|Pelipper, L50, F|
|poke|p1|Tinkaton, L50, F|
|poke|p1|Sneasler, L50, F|
|poke|p1|Sinistcha, L50|
|poke|p1|Blastoise, L50, F|
|poke|p1|Farigiraf, L50, M|
|poke|p2|Gengar, L50, M|
|poke|p2|Sinistcha-Masterpiece, L50|
|poke|p2|Swampert, L50, M|
|poke|p2|Politoed, L50, M|
|poke|p2|Incineroar, L50, M|
|poke|p2|Kingambit, L50, M|
|teampreview|4
|showteam|p1|Pelipper||FocusSash|Drizzle|WeatherBall,Hurricane,Tailwind,Protect|Modest||F|||50|]Tinkaton||Leftovers|MoldBreaker|GigatonHammer,FakeOut,PlayRough,Feint|Adamant||F|||50|]Sneasler||WhiteHerb|Unburden|FakeOut,DireClaw,CloseCombat,Protect|Adamant||F|||50|]Sinistcha||SitrusBerry|Hospitality|MatchaGotcha,RagePowder,LifeDew,TrickRoom|Relaxed|||||50|]Blastoise||Blastoisinite|Torrent|DarkPulse,WaterSpout,ShellSmash,Protect|Modest||F|||50|]Farigiraf||ColburBerry|ArmorTail|TrickRoom,RainDance,Psychic,HelpingHand|Bold||M|||50|
|showteam|p2|Gengar||Gengarite|CursedBody|PerishSong,Disable,Protect,ShadowBall|Timid||M|||50|]Sinistcha-Masterpiece||KasibBerry|Hospitality|MatchaGotcha,Protect,LifeDew,TrickRoom|Bold|||||50|]Swampert||Swampertite|Torrent|HighHorsepower,WaveCrash,IcePunch,Protect|Adamant||M|||50|]Politoed||SitrusBerry|Drizzle|PerishSong,Protect,IcyWind,WeatherBall|Calm||M|||50|]Incineroar||WhiteHerb|Intimidate|CloseCombat,FlareBlitz,PartingShot,FakeOut|Adamant||M|||50|]Kingambit||ChopleBerry|Defiant|Protect,SuckerPunch,KowtowCleave,IronHead|Adamant||M|||50|
|inactive|Battle timer is ON: inactive players will automatically lose when time's up. (requested by ManoloVAR)
|inactive|NegaiFreak also wants the timer to be on.
|
|t:|1783536129
|teamsize|p1|4
|teamsize|p2|4
|start
|switch|p1a: Sneasler|Sneasler, L50, F|100/100
|switch|p1b: Blastoise|Blastoise, L50, F|100/100
|switch|p2a: Kingambit|Kingambit, L50, M|100/100
|switch|p2b: Incineroar|Incineroar, L50, M|100/100
|-ability|p2b: Incineroar|Intimidate|boost
|-unboost|p1a: Sneasler|atk|1
|-unboost|p1b: Blastoise|atk|1
|-enditem|p1a: Sneasler|White Herb
|-clearnegativeboost|p1a: Sneasler|[silent]
|turn|1
|inactive|ManoloVAR has 30 seconds left.
|
|t:|1783536156
|detailschange|p1b: Blastoise|Blastoise-Mega, L50, F
|-mega|p1b: Blastoise|Blastoise|Blastoisinite
|move|p1a: Sneasler|Fake Out|p2b: Incineroar
|-damage|p2b: Incineroar|84/100
|cant|p2b: Incineroar|flinch
|move|p2a: Kingambit|Sucker Punch|p1b: Blastoise
|-damage|p1b: Blastoise|66/100
|move|p1b: Blastoise|Water Spout|p2b: Incineroar|[spread] p2a,p2b
|-supereffective|p2b: Incineroar|1
|-damage|p2a: Kingambit|60/100
|-damage|p2b: Incineroar|8/100
|
|upkeep
|turn|2
|inactive|NegaiFreak has 30 seconds left.
|
|t:|1783536185
|switch|p2a: Politoed|Politoed, L50, M|100/100
|-weather|RainDance|[from] ability: Drizzle|[of] p2a: Politoed
|move|p1a: Sneasler|Close Combat|p2a: Politoed
|-damage|p2a: Politoed|38/100
|-unboost|p1a: Sneasler|def|1
|-unboost|p1a: Sneasler|spd|1
|-enditem|p2a: Politoed|Sitrus Berry|[eat]
|-heal|p2a: Politoed|63/100|[from] item: Sitrus Berry
|move|p1b: Blastoise|Shell Smash|p1b: Blastoise
|-unboost|p1b: Blastoise|def|1
|-unboost|p1b: Blastoise|spd|1
|-boost|p1b: Blastoise|atk|2
|-boost|p1b: Blastoise|spa|2
|-boost|p1b: Blastoise|spe|2
|move|p2b: Incineroar|Close Combat|p1b: Blastoise
|-damage|p1b: Blastoise|11/100
|-unboost|p2b: Incineroar|def|1
|-unboost|p2b: Incineroar|spd|1
|-enditem|p2b: Incineroar|White Herb
|-clearnegativeboost|p2b: Incineroar|[silent]
|
|-weather|RainDance|[upkeep]
|upkeep
|turn|3
|
|t:|1783536209
|switch|p2b: Kingambit|Kingambit, L50, M|60/100
|move|p1b: Blastoise|Protect|p1b: Blastoise
|-singleturn|p1b: Blastoise|Protect
|move|p2a: Politoed|Protect|p2a: Politoed
|-singleturn|p2a: Politoed|Protect
|move|p1a: Sneasler|Close Combat|p2a: Politoed
|-activate|p2a: Politoed|move: Protect
|
|-weather|RainDance|[upkeep]
|upkeep
|turn|4
|
|t:|1783536233
|switch|p1b: Farigiraf|Farigiraf, L50, M|100/100
|move|p2b: Kingambit|Sucker Punch||[still]
|cant|p1b: Farigiraf|ability: Armor Tail|Sucker Punch|[of] p2b: Kingambit
|move|p1a: Sneasler|Close Combat|p2b: Kingambit
|-supereffective|p2b: Kingambit|2
|-enditem|p2b: Kingambit|Chople Berry|[eat]
|-enditem|p2b: Kingambit|Chople Berry|[weaken]
|-damage|p2b: Kingambit|0 fnt
|-unboost|p1a: Sneasler|def|1
|-unboost|p1a: Sneasler|spd|1
|faint|p2b: Kingambit
|move|p2a: Politoed|Weather Ball|p1a: Sneasler
|-damage|p1a: Sneasler|0 fnt
|faint|p1a: Sneasler
|
|-weather|RainDance|[upkeep]
|upkeep
|
|t:|1783536243
|switch|p1a: Sinistcha|Sinistcha, L50|100/100
|switch|p2b: Swampert|Swampert, L50, M|100/100
|turn|5
|
|t:|1783536266
|switch|p2b: Incineroar|Incineroar, L50, M|8/100
|-ability|p2b: Incineroar|Intimidate|boost
|-unboost|p1a: Sinistcha|atk|1
|-unboost|p1b: Farigiraf|atk|1
|move|p2a: Politoed|Perish Song|p2a: Politoed
|-start|p1a: Sinistcha|perish3|[silent]
|-start|p1b: Farigiraf|perish3|[silent]
|-start|p2a: Politoed|perish3|[silent]
|-start|p2b: Incineroar|perish3|[silent]
|-fieldactivate|move: Perish Song
|move|p1a: Sinistcha|Matcha Gotcha|p2b: Incineroar|[spread] p2a
|-miss|p1a: Sinistcha|p2b: Incineroar
|-supereffective|p2a: Politoed|1
|-damage|p2a: Politoed|23/100
|move|p1b: Farigiraf|Psychic|p2b: Incineroar
|-immune|p2b: Incineroar
|
|-weather|RainDance|[upkeep]
|-start|p2a: Politoed|perish3
|-start|p1a: Sinistcha|perish3
|-start|p2b: Incineroar|perish3
|-start|p1b: Farigiraf|perish3
|upkeep
|turn|6
|inactive|NegaiFreak has 30 seconds left.
|inactive|ManoloVAR has 30 seconds left.
|inactive|NegaiFreak has 20 seconds left.
|inactive|ManoloVAR has 20 seconds left.
|inactive|ManoloVAR has 15 seconds left.
|inactive|ManoloVAR has 10 seconds left.
|
|t:|1783536312
|move|p2a: Politoed|Protect|p2a: Politoed
|-singleturn|p2a: Politoed|Protect
|move|p1a: Sinistcha|Matcha Gotcha|p2a: Politoed|[spread] p2b
|-activate|p2a: Politoed|move: Protect
|-resisted|p2b: Incineroar|1
|-damage|p2b: Incineroar|0 fnt
|faint|p2b: Incineroar
|move|p1b: Farigiraf|Trick Room|p1b: Farigiraf
|-fieldstart|move: Trick Room|[of] p1b: Farigiraf
|
|-weather|none
|-start|p1b: Farigiraf|perish2
|-start|p1a: Sinistcha|perish2
|-start|p2a: Politoed|perish2
|upkeep
|
|t:|1783536319
|switch|p2b: Swampert|Swampert, L50, M|100/100
|turn|7
|
|t:|1783536335
|switch|p1a: Blastoise|Blastoise-Mega, L50, F|11/100
|move|p2b: Swampert|Protect|p2b: Swampert
|-singleturn|p2b: Swampert|Protect
|move|p1b: Farigiraf|Psychic|p2a: Politoed
|-damage|p2a: Politoed|0 fnt
|faint|p2a: Politoed
|
|-start|p1b: Farigiraf|perish1
|upkeep
|turn|8
|-message|ManoloVAR forfeited.
|
|win|NegaiFreak
|raw|NegaiFreak's rating: 1088 → 1118(+30 for winning)
|raw|ManoloVAR's rating: 1124 → 1096(-28 for losing)
|l|☆ManoloVAR
|player|p2|
|c|☆NegaiFreak|GG, WP
