|j|☆neuesspielzeug
|j|☆Darknight918
|html|neuesspielzeugDarknight918    
|uhtml|bestof|Game 2 of a best-of-3
|t:|1784523946
|gametype|doubles
|player|p1|neuesspielzeug|2|1277
|player|p2|Darknight918|will|1201
|gen|9
|tier|[Gen 9 Champions] VGC 2026 Reg M-B (Bo3)
|rated|
|rule|Species Clause: Limit one of each Pokémon
|rule|Item Clause: Limit 1 of each item
|clearpoke
|poke|p1|Scrafty, L50, M|
|poke|p1|Toxapex, L50, M|
|poke|p1|Metagross, L50|
|poke|p1|Chandelure, L50, F|
|poke|p1|Hydreigon, L50, M|
|poke|p1|Sneasler, L50, M|
|poke|p2|Whimsicott, L50, M, shiny|
|poke|p2|Garchomp, L50, F, shiny|
|poke|p2|Kingambit, L50, F, shiny|
|poke|p2|Basculegion, L50, M|
|poke|p2|Charizard, L50, M|
|poke|p2|Floette-Eternal, L50, F|
|teampreview|4
|showteam|p1|Scrafty||Scraftinite|Intimidate|FakeOut,DrainPunch,KnockOff,PoisonJab|Careful||M|||50|]Toxapex||Leftovers|Regenerator|Infestation,Toxic,BanefulBunker,WideGuard|Bold||M|||50|]Metagross||Metagrossite|ClearBody|PsychicFangs,StompingTantrum,IcePunch,Protect|Jolly|||||50|]Chandelure||FocusSash|FlashFire|EnergyBall,HeatWave,ShadowBall,Protect|Timid||F|||50|]Hydreigon||ChoiceScarf|Levitate|DracoMeteor,Snarl,DarkPulse,EarthPower|Modest||M|||50|]Sneasler||LifeOrb|PoisonTouch|FakeOut,CloseCombat,DireClaw,Protect|Jolly||M|||50|
|showteam|p2|Whimsicott||FocusSash|Prankster|Moonblast,Tailwind,Encore,Protect|Timid||M|||50|]Garchomp||SitrusBerry|RoughSkin|DragonClaw,StompingTantrum,RockSlide,Protect|Adamant||F|||50|]Kingambit||ChopleBerry|Defiant|KowtowCleave,LowKick,SuckerPunch,IronHead|Adamant||F|||50|]Basculegion||MysticWater|Adaptability|WaveCrash,LastRespects,AquaJet,Protect|Adamant||M|||50|]Charizard||CharizarditeY|Blaze|HeatWave,WeatherBall,SolarBeam,Protect|Modest||M|||50|]Floette-Eternal||Floettite|FlowerVeil|Moonblast,DazzlingGleam,LightofRuin,Protect|Modest||F|||50|
|inactive|Battle timer is ON: inactive players will automatically lose when time's up. (requested by Darknight918)
|inactive|neuesspielzeug has 60 seconds left.
|inactive|Darknight918 has 60 seconds left.
|
|t:|1784523980
|teamsize|p1|4
|teamsize|p2|4
|start
|switch|p1a: Toxapex|Toxapex, L50, M|100/100
|switch|p1b: Sneasler|Sneasler, L50, M|100/100
|switch|p2a: Whimsicott|Whimsicott, L50, M, shiny|100/100
|switch|p2b: Garchomp|Garchomp, L50, F, shiny|100/100
|turn|1
|
|t:|1784524003
|move|p2a: Whimsicott|Protect|p2a: Whimsicott
|-singleturn|p2a: Whimsicott|Protect
|move|p2b: Garchomp|Protect|p2b: Garchomp
|-singleturn|p2b: Garchomp|Protect
|move|p1b: Sneasler|Fake Out|p2b: Garchomp
|-activate|p2b: Garchomp|move: Protect
|move|p1a: Toxapex|Toxic|p2a: Whimsicott
|-activate|p2a: Whimsicott|move: Protect
|
|upkeep
|turn|2
|
|t:|1784524017
|move|p1b: Sneasler|Protect|p1b: Sneasler
|-singleturn|p1b: Sneasler|Protect
|move|p2a: Whimsicott|Tailwind|p2a: Whimsicott
|-sidestart|p2: Darknight918|move: Tailwind
|move|p2b: Garchomp|Stomping Tantrum|p1b: Sneasler
|-activate|p1b: Sneasler|move: Protect
|move|p1a: Toxapex|Toxic|p2a: Whimsicott
|-status|p2a: Whimsicott|tox
|
|-damage|p2a: Whimsicott|94/100 tox|[from] psn
|upkeep
|turn|3
|
|t:|1784524028
|switch|p1b: Hydreigon|Hydreigon, L50, M|100/100
|move|p2a: Whimsicott|Encore|p1b: Hydreigon
|-hint|Since gen 7, Dark is immune to Prankster moves.
|-immune|p1b: Hydreigon
|move|p2b: Garchomp|Stomping Tantrum|p1a: Toxapex
|-supereffective|p1a: Toxapex|1
|-damage|p1a: Toxapex|45/100
|move|p1a: Toxapex|Toxic|p2b: Garchomp
|-status|p2b: Garchomp|tox
|
|-heal|p1a: Toxapex|50/100g|[from] item: Leftovers
|-damage|p2a: Whimsicott|82/100 tox|[from] psn
|-damage|p2b: Garchomp|93/100 tox|[from] psn
|upkeep
|turn|4
|inactive|neuesspielzeug has 30 seconds left.
|inactive|Darknight918 has 30 seconds left.
|
|t:|1784524062
|switch|p1b: Metagross|Metagross, L50|100/100
|move|p2a: Whimsicott|Moonblast|p1b: Metagross
|-resisted|p1b: Metagross|1
|-damage|p1b: Metagross|76/100
|move|p2b: Garchomp|Stomping Tantrum|p1b: Metagross
|-supereffective|p1b: Metagross|1
|-damage|p1b: Metagross|10/100
|move|p1a: Toxapex|Infestation|p2a: Whimsicott
|-damage|p2a: Whimsicott|77/100 tox
|-activate|p2a: Whimsicott|move: Infestation|[of] p1a: Toxapex
|
|-heal|p1a: Toxapex|56/100|[from] item: Leftovers
|-damage|p2a: Whimsicott|59/100 tox|[from] psn
|-damage|p2b: Garchomp|81/100 tox|[from] psn
|-damage|p2a: Whimsicott|47/100 tox|[from] move: Infestation|[partiallytrapped]
|upkeep
|turn|5
|inactive|neuesspielzeug has 30 seconds left.
|inactive|Darknight918 has 30 seconds left.
|
|t:|1784524095
|detailschange|p1b: Metagross|Metagross-Mega, L50
|-mega|p1b: Metagross|Metagross|Metagrossite
|move|p2a: Whimsicott|Protect|p2a: Whimsicott
|-singleturn|p2a: Whimsicott|Protect
|move|p2b: Garchomp|Protect|p2b: Garchomp
|-singleturn|p2b: Garchomp|Protect
|move|p1b: Metagross|Ice Punch|p2b: Garchomp
|-activate|p2b: Garchomp|move: Protect
|move|p1a: Toxapex|Infestation|p2b: Garchomp
|-activate|p2b: Garchomp|move: Protect
|
|-heal|p1a: Toxapex|62/100|[from] item: Leftovers
|-damage|p2a: Whimsicott|24/100 tox|[from] psn
|-damage|p2b: Garchomp|63/100 tox|[from] psn
|-damage|p2a: Whimsicott|11/100 tox|[from] move: Infestation|[partiallytrapped]
|-sideend|p2: Darknight918|move: Tailwind
|upkeep
|turn|6
|inactive|neuesspielzeug has 30 seconds left.
|inactive|neuesspielzeug has 20 seconds left.
|
|t:|1784524131
|move|p1a: Toxapex|Wide Guard|p1a: Toxapex
|-singleturn|p1a: Toxapex|Wide Guard
|move|p2a: Whimsicott|Tailwind|p2a: Whimsicott
|-sidestart|p2: Darknight918|move: Tailwind
|move|p2b: Garchomp|Dragon Claw|p1b: Metagross
|-resisted|p1b: Metagross|1
|-damage|p1b: Metagross|0 fnt
|faint|p1b: Metagross
|
|-heal|p1a: Toxapex|68/100|[from] item: Leftovers
|-damage|p2a: Whimsicott|0 fnt|[from] psn
|faint|p2a: Whimsicott
|-damage|p2b: Garchomp|39/100 tox|[from] psn
|upkeep
|-enditem|p2b: Garchomp|Sitrus Berry|[eat]
|-heal|p2b: Garchomp|64/100 tox|[from] item: Sitrus Berry
|
|t:|1784524149
|switch|p2a: Charizard|Charizard, L50, M|100/100
|switch|p1b: Sneasler|Sneasler, L50, M|100/100
|turn|7
|inactive|neuesspielzeug has 30 seconds left.
|inactive|Darknight918 has 30 seconds left.
|inactive|neuesspielzeug has 20 seconds left.
|inactive|neuesspielzeug has 15 seconds left.
|inactive|neuesspielzeug has 10 seconds left.
|
|t:|1784524198
|switch|p2b: Basculegion|Basculegion, L50, M|100/100
|-heal|p1a: Toxapex|100/100|[from] ability: Regenerator|[silent]
|switch|p1a: Hydreigon|Hydreigon, L50, M|100/100
|detailschange|p2a: Charizard|Charizard-Mega-Y, L50, M
|-mega|p2a: Charizard|Charizard|Charizardite Y
|-weather|SunnyDay|[from] ability: Drought|[of] p2a: Charizard
|move|p1b: Sneasler|Fake Out|p2b: Basculegion
|-immune|p2b: Basculegion
|move|p2a: Charizard|Weather Ball|p1b: Sneasler
|-damage|p1b: Sneasler|0 fnt
|faint|p1b: Sneasler
|
|-weather|SunnyDay|[upkeep]
|upkeep
|
|t:|1784524201
|switch|p1b: Toxapex|Toxapex, L50, M|100/100
|turn|8
|
|t:|1784524224
|switch|p2b: Garchomp|Garchomp, L50, F, shiny|64/100 tox
|move|p2a: Charizard|Weather Ball|p1a: Hydreigon
|-resisted|p1a: Hydreigon|1
|-damage|p1a: Hydreigon|46/100
|move|p1a: Hydreigon|Snarl|p2a: Charizard|[spread] p2a,p2b
|-damage|p2a: Charizard|79/100
|-damage|p2b: Garchomp|41/100 tox
|-unboost|p2a: Charizard|spa|1
|-unboost|p2b: Garchomp|spa|1
|move|p1b: Toxapex|Toxic|p2a: Charizard
|-status|p2a: Charizard|tox
|
|-weather|SunnyDay|[upkeep]
|-damage|p2b: Garchomp|35/100 tox|[from] psn
|-damage|p2a: Charizard|73/100 tox|[from] psn
|upkeep
|turn|9
|inactive|neuesspielzeug has 30 seconds left.
|
|t:|1784524258
|move|p2b: Garchomp|Dragon Claw|p1a: Hydreigon
|-supereffective|p1a: Hydreigon|1
|-damage|p1a: Hydreigon|0 fnt
|faint|p1a: Hydreigon
|move|p2a: Charizard|Solar Beam||[still]
|-prepare|p2a: Charizard|Solar Beam
|-anim|p2a: Charizard|Solar Beam|p1b: Toxapex
|-damage|p1b: Toxapex|77/100
|move|p1b: Toxapex|Infestation|p2b: Garchomp
|-damage|p2b: Garchomp|32/100 tox
|-activate|p2b: Garchomp|move: Infestation|[of] p1b: Toxapex
|-damage|p1b: Toxapex|65/100|[from] ability: Rough Skin|[of] p2b: Garchomp
|
|-weather|SunnyDay|[upkeep]
|-heal|p1b: Toxapex|71/100|[from] item: Leftovers
|-damage|p2b: Garchomp|20/100y tox|[from] psn
|-damage|p2a: Charizard|61/100 tox|[from] psn
|-damage|p2b: Garchomp|8/100 tox|[from] move: Infestation|[partiallytrapped]
|-sideend|p2: Darknight918|move: Tailwind
|upkeep
|turn|10
|
|t:|1784524271
|switch|p2a: Basculegion|Basculegion, L50, M|100/100
|move|p1b: Toxapex|Baneful Bunker|p1b: Toxapex
|-singleturn|p1b: Toxapex|move: Protect
|move|p2b: Garchomp|Stomping Tantrum|p1b: Toxapex
|-activate|p1b: Toxapex|move: Protect
|
|-weather|SunnyDay|[upkeep]
|-heal|p1b: Toxapex|77/100|[from] item: Leftovers
|-damage|p2b: Garchomp|0 fnt|[from] psn
|faint|p2b: Garchomp
|upkeep
|
|t:|1784524273
|switch|p2b: Charizard|Charizard-Mega-Y, L50, M|61/100 tox
|turn|11
|
|t:|1784524280
|move|p2b: Charizard|Solar Beam||[still]
|-prepare|p2b: Charizard|Solar Beam
|-anim|p2b: Charizard|Solar Beam|p1b: Toxapex
|-damage|p1b: Toxapex|45/100
|move|p2a: Basculegion|Last Respects|p1b: Toxapex
|-damage|p1b: Toxapex|0 fnt
|faint|p1b: Toxapex
|
|win|Darknight918
|raw|neuesspielzeug's rating: 1277 → 1247(-30 for losing)
|raw|Darknight918's rating: 1201 → 1231(+30 for winning)
|l|☆Darknight918
|player|p2|
