|j|☆Poloorco
|j|☆new mental
|html|Poloorconew mental    
|uhtml|bestof|Game 2 of a best-of-3
|t:|1784826418
|gametype|doubles
|player|p1|Poloorco|shadowtriad|1135
|player|p2|new mental|volkner|1256
|gen|9
|tier|[Gen 9 Champions] VGC 2026 Reg M-B (Bo3)
|rated|
|rule|Species Clause: Limit one of each Pokémon
|rule|Item Clause: Limit 1 of each item
|clearpoke
|poke|p1|Floette-Eternal, L50, F|
|poke|p1|Ceruledge, L50, M, shiny|
|poke|p1|Milotic, L50, F, shiny|
|poke|p1|Raichu, L50, M|
|poke|p1|Sinistcha, L50|
|poke|p1|Incineroar, L50, M|
|poke|p2|Charizard, L50, M|
|poke|p2|Garchomp, L50, F|
|poke|p2|Incineroar, L50, F|
|poke|p2|Venusaur, L50, M|
|poke|p2|Toxapex, L50, M|
|poke|p2|Sylveon, L50, M|
|teampreview|4
|showteam|p1|Floette-Eternal||Floettite|FlowerVeil|DrainingKiss,CalmMind,DazzlingGleam,Protect|Modest||F|||50|]Ceruledge||ColburBerry|FlashFire|BitterBlade,ShadowSneak,BulkUp,Protect|Adamant||M|||50|]Milotic||Leftovers|Competitive|IceBeam,Scald,Recover,Protect|Modest||F|||50|]Raichu||RaichuniteY|LightningRod|ZapCannon,FocusBlast,Protect,FakeOut|Timid||M|||50|]Sinistcha||KasibBerry|Hospitality|MatchaGotcha,LifeDew,RagePowder,Protect|Bold|||||50|]Incineroar||SitrusBerry|Intimidate|FlareBlitz,ThroatChop,FakeOut,PartingShot|Careful||M|||50|
|showteam|p2|Charizard||CharizarditeY|SolarPower|WeatherBall,HeatWave,AncientPower,Protect|Modest||M|||50|]Garchomp||ChoiceScarf|RoughSkin|RockSlide,DragonClaw,Earthquake,StompingTantrum|Adamant||F|||50|]Incineroar||SitrusBerry|Intimidate|FlareBlitz,FakeOut,DarkestLariat,PartingShot|Impish||F|||50|]Venusaur||LifeOrb|Chlorophyll|SludgeBomb,LeafStorm,EarthPower,Protect|Modest||M|||50|]Toxapex||Leftovers|Regenerator|Infestation,Toxic,WideGuard,BanefulBunker|Bold||M|||50|]Sylveon||FairyFeather|Pixilate|HyperVoice,QuickAttack,Yawn,Detect|Modest||M|||50|
|inactive|Battle timer is ON: inactive players will automatically lose when time's up. (requested by new mental)
|
|t:|1784826430
|teamsize|p1|4
|teamsize|p2|4
|start
|switch|p1a: Floette|Floette-Eternal, L50, F|100/100
|switch|p1b: Milotic|Milotic, L50, F, shiny|100/100
|switch|p2a: Charizard|Charizard, L50, M|100/100
|switch|p2b: Venusaur|Venusaur, L50, M|100/100
|turn|1
|
|t:|1784826446
|switch|p2a: Toxapex|Toxapex, L50, M|100/100
|move|p1a: Floette|Protect|p1a: Floette
|-singleturn|p1a: Floette|Protect
|move|p2b: Venusaur|Sludge Bomb|p1a: Floette
|-activate|p1a: Floette|move: Protect
|move|p1b: Milotic|Ice Beam|p2b: Venusaur
|-supereffective|p2b: Venusaur|1
|-damage|p2b: Venusaur|37/100
|
|upkeep
|turn|2
|
|t:|1784826466
|switch|p2b: Charizard|Charizard, L50, M|100/100
|detailschange|p1a: Floette|Floette-Mega, L50, F
|-mega|p1a: Floette|Floette|Floettite
|-ability|p1a: Floette|Fairy Aura
|move|p1a: Floette|Dazzling Gleam|p2b: Charizard|[spread] p2a,p2b
|-resisted|p2a: Toxapex|1
|-resisted|p2b: Charizard|1
|-damage|p2a: Toxapex|80/100
|-damage|p2b: Charizard|74/100
|move|p1b: Milotic|Ice Beam|p2b: Charizard
|-damage|p2b: Charizard|46/100
|move|p2a: Toxapex|Toxic|p1a: Floette
|-status|p1a: Floette|tox
|
|-heal|p2a: Toxapex|86/100|[from] item: Leftovers
|-damage|p1a: Floette|94/100 tox|[from] psn
|upkeep
|turn|3
|
|t:|1784826487
|detailschange|p2b: Charizard|Charizard-Mega-Y, L50, M
|-mega|p2b: Charizard|Charizard|Charizardite Y
|-weather|SunnyDay|[from] ability: Drought|[of] p2b: Charizard
|move|p2b: Charizard|Protect|p2b: Charizard
|-singleturn|p2b: Charizard|Protect
|move|p1a: Floette|Calm Mind|p1a: Floette
|-boost|p1a: Floette|spa|1
|-boost|p1a: Floette|spd|1
|move|p1b: Milotic|Ice Beam|p2a: Toxapex
|-resisted|p2a: Toxapex|1
|-damage|p2a: Toxapex|76/100
|move|p2a: Toxapex|Infestation|p1b: Milotic
|-damage|p1b: Milotic|97/100
|-activate|p1b: Milotic|move: Infestation|[of] p2a: Toxapex
|
|-weather|SunnyDay|[upkeep]
|-heal|p1b: Milotic|100/100|[from] item: Leftovers
|-heal|p2a: Toxapex|82/100|[from] item: Leftovers
|-damage|p1a: Floette|82/100 tox|[from] psn
|-damage|p1b: Milotic|87/100|[from] move: Infestation|[partiallytrapped]
|upkeep
|turn|4
|
|t:|1784826512
|switch|p2b: Venusaur|Venusaur, L50, M|37/100
|move|p1a: Floette|Draining Kiss|p2b: Venusaur
|-resisted|p2b: Venusaur|1
|-damage|p2b: Venusaur|2/100
|-heal|p1a: Floette|100/100 tox|[from] drain|[of] p2b: Venusaur
|move|p1b: Milotic|Ice Beam|p2a: Toxapex
|-resisted|p2a: Toxapex|1
|-damage|p2a: Toxapex|71/100
|move|p2a: Toxapex|Toxic|p1b: Milotic
|-status|p1b: Milotic|tox
|
|-weather|SunnyDay|[upkeep]
|-heal|p1b: Milotic|93/100 tox|[from] item: Leftovers
|-heal|p2a: Toxapex|77/100|[from] item: Leftovers
|-damage|p1a: Floette|82/100 tox|[from] psn
|-damage|p1b: Milotic|87/100 tox|[from] psn
|-damage|p1b: Milotic|75/100 tox|[from] move: Infestation|[partiallytrapped]
|upkeep
|turn|5
|
|t:|1784826530
|move|p2b: Venusaur|Protect|p2b: Venusaur
|-singleturn|p2b: Venusaur|Protect
|move|p1a: Floette|Protect|p1a: Floette
|-singleturn|p1a: Floette|Protect
|move|p1b: Milotic|Ice Beam|p2b: Venusaur
|-activate|p2b: Venusaur|move: Protect
|move|p2a: Toxapex|Infestation|p1a: Floette
|-activate|p1a: Floette|move: Protect
|
|-weather|SunnyDay|[upkeep]
|-heal|p1b: Milotic|81/100 tox|[from] item: Leftovers
|-heal|p2a: Toxapex|83/100|[from] item: Leftovers
|-damage|p1a: Floette|58/100 tox|[from] psn
|-damage|p1b: Milotic|69/100 tox|[from] psn
|-damage|p1b: Milotic|56/100 tox|[from] move: Infestation|[partiallytrapped]
|upkeep
|turn|6
|
|t:|1784826543
|switch|p1a: Ceruledge|Ceruledge, L50, M, shiny|100/100
|move|p2b: Venusaur|Sludge Bomb|p1a: Ceruledge
|-resisted|p1a: Ceruledge|1
|-damage|p1a: Ceruledge|72/100
|-damage|p2b: Venusaur|0 fnt|[from] item: Life Orb
|faint|p2b: Venusaur
|move|p1b: Milotic|Ice Beam|p2a: Toxapex
|-resisted|p2a: Toxapex|1
|-damage|p2a: Toxapex|72/100
|move|p2a: Toxapex|Infestation|p1a: Ceruledge
|-resisted|p1a: Ceruledge|2
|-damage|p1a: Ceruledge|72/100
|-activate|p1a: Ceruledge|move: Infestation|[of] p2a: Toxapex
|
|-weather|SunnyDay|[upkeep]
|-heal|p1b: Milotic|62/100 tox|[from] item: Leftovers
|-heal|p2a: Toxapex|78/100|[from] item: Leftovers
|-damage|p1b: Milotic|44/100 tox|[from] psn
|-damage|p1a: Ceruledge|60/100|[from] move: Infestation|[partiallytrapped]
|-damage|p1b: Milotic|31/100 tox|[from] move: Infestation|[partiallytrapped]
|upkeep
|
|t:|1784826546
|switch|p2b: Charizard|Charizard-Mega-Y, L50, M|46/100
|turn|7
|
|t:|1784826560
|move|p1b: Milotic|Protect|p1b: Milotic
|-singleturn|p1b: Milotic|Protect
|move|p1a: Ceruledge|Shadow Sneak|p2b: Charizard
|-damage|p2b: Charizard|28/100
|move|p2b: Charizard|Ancient Power|p1a: Ceruledge
|-supereffective|p1a: Ceruledge|1
|-damage|p1a: Ceruledge|11/100
|-boost|p2b: Charizard|atk|1
|-boost|p2b: Charizard|def|1
|-boost|p2b: Charizard|spa|1
|-boost|p2b: Charizard|spd|1
|-boost|p2b: Charizard|spe|1
|move|p2a: Toxapex|Toxic|p1a: Ceruledge
|-status|p1a: Ceruledge|tox
|
|-weather|none
|-heal|p1b: Milotic|38/100 tox|[from] item: Leftovers
|-heal|p2a: Toxapex|84/100|[from] item: Leftovers
|-damage|p1a: Ceruledge|5/100 tox|[from] psn
|-damage|p1b: Milotic|13/100 tox|[from] psn
|-damage|p1a: Ceruledge|0 fnt|[from] move: Infestation|[partiallytrapped]
|faint|p1a: Ceruledge
|-end|p1b: Milotic|Infestation|[partiallytrapped]
|upkeep
|
|t:|1784826581
|switch|p1a: Sinistcha|Sinistcha, L50|100/100
|-heal|p1b: Milotic|38/100 tox|[from] ability: Hospitality|[of] p1a: Sinistcha
|turn|8
|
|t:|1784826588
|move|p2b: Charizard|Protect|p2b: Charizard
|-singleturn|p2b: Charizard|Protect
|move|p1b: Milotic|Scald|p2b: Charizard
|-activate|p2b: Charizard|move: Protect
|move|p1a: Sinistcha|Life Dew||[still]|[spread] p1a,p1b
|-fail|p1a: Sinistcha|heal
|-heal|p1b: Milotic|63/100 tox
|move|p2a: Toxapex|Infestation|p1b: Milotic
|-damage|p1b: Milotic|60/100 tox
|-activate|p1b: Milotic|move: Infestation|[of] p2a: Toxapex
|
|-heal|p1b: Milotic|67/100 tox|[from] item: Leftovers
|-heal|p2a: Toxapex|89/100|[from] item: Leftovers
|-damage|p1b: Milotic|36/100 tox|[from] psn
|-damage|p1b: Milotic|23/100 tox|[from] move: Infestation|[partiallytrapped]
|upkeep
|turn|9
|
|t:|1784826594
|move|p2b: Charizard|Heat Wave|p1a: Sinistcha|[spread] p1a,p1b
|-supereffective|p1a: Sinistcha|1
|-resisted|p1b: Milotic|1
|-damage|p1a: Sinistcha|0 fnt
|-damage|p1b: Milotic|0 fnt
|faint|p1a: Sinistcha
|faint|p1b: Milotic
|move|p2a: Toxapex|Toxic|p1: Sinistcha|[notarget]
|-fail|p2a: Toxapex
|
|-heal|p2a: Toxapex|95/100|[from] item: Leftovers
|upkeep
|-message|Poloorco forfeited.
|raw|Poloorco's rating: 1135 → 1118(-17 for losing)
|raw|new mental's rating: 1256 → 1273(+17 for winning)
|
|win|new mental
