|j|☆wideguard_user
|j|☆b1kope
|html|wideguard_userb1kope    
|uhtml|bestof|Game 1 of a best-of-3
|t:|1756864453
|gametype|doubles
|player|p1|wideguard_user|170|1349
|player|p2|b1kope|265|1326
|gen|9
|tier|[Gen 9] VGC 2025 Reg H (Bo3)
|rated|
|rule|Species Clause: Limit one of each Pokémon
|rule|Item Clause: Limit 1 of each item
|clearpoke
|poke|p1|Gholdengo, L50|
|poke|p1|Sneasler, L50, M|
|poke|p1|Rillaboom, L50, M|
|poke|p1|Dragonite, L50, M|
|poke|p1|Ninetales-Alola, L50, F|
|poke|p1|Arcanine-Hisui, L50, F|
|poke|p2|Dragonite, L50, M|
|poke|p2|Volcarona, L50, F|
|poke|p2|Sneasler, L50, M|
|poke|p2|Rillaboom, L50, M|
|poke|p2|Electabuzz, L50, M|
|poke|p2|Kingambit, L50, M|
|teampreview|4
|showteam|p1|Gholdengo||GrassySeed|GoodasGold|MakeItRain,ShadowBall,NastyPlot,Protect||||||50|,,,,,Water]Sneasler||WhiteHerb|Unburden|DireClaw,CloseCombat,Coaching,Protect|||M|||50|,,,,,Ghost]Rillaboom||AssaultVest|GrassySurge|GrassyGlide,DrumBeating,FakeOut,HighHorsepower|||M|||50|,,,,,Fire]Dragonite||LoadedDice|Multiscale|ScaleShot,Tailwind,StompingTantrum,Protect|||M|||50|,,,,,Ground]Ninetales-Alola||FocusSash|SnowWarning|Blizzard,IcyWind,Encore,AuroraVeil|||F|||50|,,,,,Ghost]Arcanine-Hisui||ClearAmulet|Intimidate|FlareBlitz,RockSlide,ExtremeSpeed,Protect|||F|||50|,,,,,Water
|showteam|p2|Dragonite||LoadedDice|Multiscale|ScaleShot,ExtremeSpeed,Haze,Protect|||M|||50|,,,,,Fairy]Volcarona||CovertCloak|FlameBody|HeatWave,TeraBlast,QuiverDance,Protect|||F|||50|,,,,,Fairy]Sneasler||FocusSash|Unburden|CloseCombat,DireClaw,Coaching,Protect|||M|||50|,,,,,Stellar]Rillaboom||AssaultVest|GrassySurge|WoodHammer,GrassyGlide,HighHorsepower,FakeOut|||M|||50|,,,,,Water]Electabuzz||Eviolite|VitalSpirit|Thunderbolt,FollowMe,Taunt,Protect|||M|||50|,,,,,Ghost]Kingambit||BlackGlasses|Defiant|KowtowCleave,SuckerPunch,SwordsDance,Protect|||M|||50|,,,,,Dark
|inactive|Battle timer is ON: inactive players will automatically lose when time's up. (requested by b1kope)
|
|t:|1756864486
|teamsize|p1|4
|teamsize|p2|4
|start
|switch|p1a: Sneasler|Sneasler, L50, M|100/100
|switch|p1b: Dragonite|Dragonite, L50, M|100/100
|switch|p2a: Dragonite|Dragonite, L50, M|100/100
|switch|p2b: Volcarona|Volcarona, L50, F|100/100
|turn|1
|inactive|wideguard_user has 30 seconds left.
|inactive|b1kope has 30 seconds left.
|
|t:|1756864513
|switch|p2b: Kingambit|Kingambit, L50, M, shiny|100/100
|-terastallize|p2a: Dragonite|Fairy
|-terastallize|p1b: Dragonite|Ground
|move|p1a: Sneasler|Coaching|p1b: Dragonite
|-boost|p1b: Dragonite|atk|1
|-boost|p1b: Dragonite|def|1
|move|p2a: Dragonite|Scale Shot|p1a: Sneasler
|-crit|p1a: Sneasler
|-damage|p1a: Sneasler|72/100
|-damage|p1a: Sneasler|53/100
|-damage|p1a: Sneasler|32/100
|-damage|p1a: Sneasler|13/100
|-hitcount|p1a: Sneasler|4
|-unboost|p2a: Dragonite|def|1
|-boost|p2a: Dragonite|spe|1
|move|p1b: Dragonite|Scale Shot|p2a: Dragonite
|-immune|p2a: Dragonite
|
|upkeep
|turn|2
|inactive|wideguard_user has 30 seconds left.
|inactive|b1kope has 30 seconds left.
|
|t:|1756864546
|switch|p1a: Arcanine|Arcanine-Hisui, L50, F|100/100
|-ability|p1a: Arcanine|Intimidate|boost
|-unboost|p2a: Dragonite|atk|1
|-unboost|p2b: Kingambit|atk|1
|-ability|p2b: Kingambit|Defiant|boost
|-boost|p2b: Kingambit|atk|2
|move|p2b: Kingambit|Protect|p2b: Kingambit
|-singleturn|p2b: Kingambit|Protect
|move|p2a: Dragonite|Extreme Speed|p1a: Arcanine
|-resisted|p1a: Arcanine
|-damage|p1a: Arcanine|86/100
|move|p1b: Dragonite|Stomping Tantrum|p2b: Kingambit
|-activate|p2b: Kingambit|move: Protect
|
|upkeep
|turn|3
|inactive|wideguard_user has 30 seconds left.
|
|t:|1756864577
|move|p1a: Arcanine|Protect|p1a: Arcanine
|-singleturn|p1a: Arcanine|Protect
|move|p2b: Kingambit|Sucker Punch||[still]
|-fail|p2b: Kingambit
|move|p2a: Dragonite|Haze|p2a: Dragonite
|-clearallboost
|move|p1b: Dragonite|Stomping Tantrum|p2b: Kingambit
|-supereffective|p2b: Kingambit
|-damage|p2b: Kingambit|39/100
|
|upkeep
|turn|4
|inactive|wideguard_user has 30 seconds left.
|inactive|wideguard_user has 20 seconds left.
|
|t:|1756864614
|switch|p1a: Gholdengo|Gholdengo, L50|100/100
|move|p2b: Kingambit|Sucker Punch|p1b: Dragonite
|-damage|p1b: Dragonite|74/100
|move|p2a: Dragonite|Scale Shot|p1a: Gholdengo
|-resisted|p1a: Gholdengo
|-damage|p1a: Gholdengo|94/100
|-resisted|p1a: Gholdengo
|-damage|p1a: Gholdengo|86/100
|-resisted|p1a: Gholdengo
|-damage|p1a: Gholdengo|78/100
|-resisted|p1a: Gholdengo
|-damage|p1a: Gholdengo|71/100
|-resisted|p1a: Gholdengo
|-damage|p1a: Gholdengo|65/100
|-hitcount|p1a: Gholdengo|5
|-unboost|p2a: Dragonite|def|1
|-boost|p2a: Dragonite|spe|1
|move|p1b: Dragonite|Stomping Tantrum|p2b: Kingambit
|-supereffective|p2b: Kingambit
|-damage|p2b: Kingambit|0 fnt
|faint|p2b: Kingambit
|
|upkeep
|
|t:|1756864620
|switch|p2b: Volcarona|Volcarona, L50, F|100/100
|turn|5
|
|t:|1756864626
|switch|p1a: Arcanine|Arcanine-Hisui, L50, F|86/100
|-ability|p1a: Arcanine|Intimidate|boost
|-unboost|p2a: Dragonite|atk|1
|-unboost|p2b: Volcarona|atk|1
|move|p2a: Dragonite|Scale Shot|p1b: Dragonite
|-damage|p1b: Dragonite|61/100
|-damage|p1b: Dragonite|50/100
|-damage|p1b: Dragonite|38/100
|-damage|p1b: Dragonite|27/100
|-hitcount|p1b: Dragonite|4
|-unboost|p2a: Dragonite|def|1
|-boost|p2a: Dragonite|spe|1
|move|p2b: Volcarona|Quiver Dance|p2b: Volcarona
|-boost|p2b: Volcarona|spa|1
|-boost|p2b: Volcarona|spd|1
|-boost|p2b: Volcarona|spe|1
|move|p1b: Dragonite|Tailwind|p1b: Dragonite
|-sidestart|p1: wideguard_user|move: Tailwind
|
|upkeep
|turn|6
|inactive|wideguard_user has 30 seconds left.
|inactive|b1kope has 30 seconds left.
|inactive|wideguard_user has 20 seconds left.
|
|t:|1756864662
|move|p2a: Dragonite|Protect|p2a: Dragonite
|-singleturn|p2a: Dragonite|Protect
|move|p1b: Dragonite|Protect|p1b: Dragonite
|-singleturn|p1b: Dragonite|Protect
|move|p2b: Volcarona|Protect|p2b: Volcarona
|-singleturn|p2b: Volcarona|Protect
|move|p1a: Arcanine|Rock Slide|p2a: Dragonite|[spread] 
|-activate|p2a: Dragonite|move: Protect
|-activate|p2b: Volcarona|move: Protect
|
|upkeep
|turn|7
|inactive|wideguard_user has 30 seconds left.
|inactive|b1kope has 30 seconds left.
|
|t:|1756864700
|switch|p2b: Sneasler|Sneasler, L50, M|100/100
|move|p1a: Arcanine|Rock Slide|p2b: Sneasler|[spread] p2a
|-miss|p1a: Arcanine|p2b: Sneasler
|-damage|p2a: Dragonite|68/100
|move|p1b: Dragonite|Stomping Tantrum|p2a: Dragonite
|-damage|p2a: Dragonite|0 fnt
|faint|p2a: Dragonite
|
|upkeep
|
|t:|1756864708
|switch|p2a: Volcarona|Volcarona, L50, F|100/100
|turn|8
|
|t:|1756864727
|switch|p1a: Sneasler|Sneasler, L50, M|13/100
|move|p2b: Sneasler|Protect|p2b: Sneasler
|-singleturn|p2b: Sneasler|Protect
|move|p2a: Volcarona|Protect|p2a: Volcarona
|-singleturn|p2a: Volcarona|Protect
|move|p1b: Dragonite|Scale Shot|p1a: Sneasler
|-damage|p1a: Sneasler|0 fnt
|faint|p1a: Sneasler
|-hitcount|p1: Sneasler|1
|-unboost|p1b: Dragonite|def|1
|-boost|p1b: Dragonite|spe|1
|
|-sideend|p1: wideguard_user|move: Tailwind
|upkeep
|
|t:|1756864736
|switch|p1a: Arcanine|Arcanine-Hisui, L50, F|86/100
|-ability|p1a: Arcanine|Intimidate|boost
|-unboost|p2a: Volcarona|atk|1
|-unboost|p2b: Sneasler|atk|1
|turn|9
|
|t:|1756864751
|move|p1b: Dragonite|Tailwind|p1b: Dragonite
|-sidestart|p1: wideguard_user|move: Tailwind
|move|p1a: Arcanine|Rock Slide|p2a: Volcarona|[spread] p2a,p2b
|-supereffective|p2a: Volcarona
|-resisted|p2b: Sneasler
|-damage|p2a: Volcarona|0 fnt
|-damage|p2b: Sneasler|77/100
|faint|p2a: Volcarona
|cant|p2b: Sneasler|flinch
|
|upkeep
|turn|10
|-message|b1kope forfeited.
|
|win|wideguard_user
||wideguard_user is ready for game 2.
||b1kope is ready for game 2.
|uhtml|next|Next: Game 2 of 3
|l|☆b1kope
|player|p2|
