|j|☆syll0gism
|j|☆Glimme
|html|syll0gismGlimme    
|uhtml|bestof|Game 1 of a best-of-3
|t:|1782987497
|gametype|doubles
|player|p1|syll0gism|169|1221
|player|p2|Glimme|li|1301
|gen|9
|tier|[Gen 9 Champions] VGC 2026 Reg M-B (Bo3)
|rated|
|rule|Species Clause: Limit one of each Pokémon
|rule|Item Clause: Limit 1 of each item
|clearpoke
|poke|p1|Grimmsnarl, L50, M|
|poke|p1|Annihilape, L50, F|
|poke|p1|Incineroar, L50, M|
|poke|p1|Floette-Eternal, L50, F|
|poke|p1|Dragonite, L50, F|
|poke|p1|Gholdengo, L50|
|poke|p2|Blastoise, L50, M, shiny|
|poke|p2|Delphox, L50, F, shiny|
|poke|p2|Sinistcha, L50, shiny|
|poke|p2|Incineroar, L50, F, shiny|
|poke|p2|Sneasler, L50, M, shiny|
|poke|p2|Kingambit, L50, M, shiny|
|teampreview|4
|showteam|p1|Grimmsnarl||BlackGlasses|Prankster|FakeOut,SuckerPunch,SpiritBreak,PartingShot|Adamant||M|||50|]Annihilape||Leftovers|Defiant|RageFist,DrainPunch,BulkUp,Protect|Jolly||F|||50|]Incineroar||PasshoBerry|Intimidate|FakeOut,FlareBlitz,ThroatChop,PartingShot|Careful||M|||50|]Floette-Eternal||Floettite|FlowerVeil|Moonblast,DrainingKiss,CalmMind,Protect|Modest||F|||50|]Dragonite||LifeOrb|InnerFocus|BreakingSwipe,ExtremeSpeed,LowKick,Protect|Adamant||F|||50|]Gholdengo||ExpertBelt|GoodasGold|FlashCannon,ShadowBall,NastyPlot,Protect|Modest|||||50|
|showteam|p2|Blastoise||Blastoisinite|RainDish|WaterSpout,DarkPulse,ShellSmash,Protect|Modest||M|||50|]Delphox||Delphoxite|Blaze|HeatWave,Psyshock,NastyPlot,Protect|Timid||F|||50|]Sinistcha||OccaBerry|Hospitality|MatchaGotcha,RagePowder,TrickRoom,Protect|Bold|||||50|]Incineroar||PasshoBerry|Intimidate|FlareBlitz,PartingShot,HelpingHand,FakeOut|Impish||F|||50|]Sneasler||FocusSash|Unburden|DireClaw,CloseCombat,QuickGuard,FakeOut|Jolly||M|||50|]Kingambit||BlackGlasses|Defiant|KowtowCleave,SuckerPunch,SwordsDance,Protect|Adamant||M|||50|
|inactive|Battle timer is ON: inactive players will automatically lose when time's up. (requested by Glimme)
|inactive|syll0gism has 60 seconds left.
|inactive|Glimme has 60 seconds left.
|inactive|syll0gism has 30 seconds left.
|
|t:|1782987558
|teamsize|p1|4
|teamsize|p2|4
|start
|switch|p1a: Dragonite|Dragonite, L50, F|100/100
|switch|p1b: Grimmsnarl|Grimmsnarl, L50, M|100/100
|switch|p2a: Delphox|Delphox, L50, F, shiny|100/100
|switch|p2b: Incineroar|Incineroar, L50, F, shiny|100/100
|-ability|p2b: Incineroar|Intimidate|boost
|-fail|p1a: Dragonite|unboost|Attack|[from] ability: Inner Focus|[of] p1a: Dragonite
|-unboost|p1b: Grimmsnarl|atk|1
|turn|1
|inactive|syll0gism has 30 seconds left.
|
|t:|1782987586
|detailschange|p2a: Delphox|Delphox-Mega, L50, F, shiny
|-mega|p2a: Delphox|Delphox|Delphoxite
|move|p2b: Incineroar|Fake Out|p1b: Grimmsnarl
|-damage|p1b: Grimmsnarl|87/100
|cant|p1b: Grimmsnarl|flinch
|move|p2a: Delphox|Nasty Plot|p2a: Delphox
|-boost|p2a: Delphox|spa|2
|move|p1a: Dragonite|Breaking Swipe|p2b: Incineroar|[spread] p2a,p2b
|-damage|p2a: Delphox|50/100g
|-damage|p2b: Incineroar|72/100
|-unboost|p2a: Delphox|atk|1
|-unboost|p2b: Incineroar|atk|1
|-damage|p1a: Dragonite|90/100|[from] item: Life Orb
|
|upkeep
|turn|2
|
|t:|1782987610
|move|p2a: Delphox|Protect|p2a: Delphox
|-singleturn|p2a: Delphox|Protect
|move|p1b: Grimmsnarl|Sucker Punch||[still]
|-fail|p1b: Grimmsnarl
|move|p2b: Incineroar|Parting Shot|p1b: Grimmsnarl
|-unboost|p1b: Grimmsnarl|atk|1
|-unboost|p1b: Grimmsnarl|spa|1
|
|t:|1782987615
|switch|p2b: Sneasler|Sneasler, L50, M, shiny|100/100|[from] Parting Shot
|move|p1a: Dragonite|Breaking Swipe|p2a: Delphox|[spread] p2b
|-activate|p2a: Delphox|move: Protect
|-damage|p2b: Sneasler|39/100
|-unboost|p2b: Sneasler|atk|1
|-damage|p1a: Dragonite|80/100|[from] item: Life Orb
|
|upkeep
|turn|3
|
|t:|1782987630
|move|p2b: Sneasler|Quick Guard|p2b: Sneasler
|-singleturn|p2b: Sneasler|Quick Guard
|move|p1a: Dragonite|Extreme Speed|p2b: Sneasler
|-activate|p2b: Sneasler|move: Quick Guard
|move|p1b: Grimmsnarl|Sucker Punch|p2a: Delphox
|-activate|p2a: Delphox|move: Quick Guard
|move|p2a: Delphox|Psyshock|p1a: Dragonite
|-damage|p1a: Dragonite|0 fnt
|faint|p1a: Dragonite
|
|upkeep
|
|t:|1782987641
|switch|p1a: Incineroar|Incineroar, L50, M|100/100
|-ability|p1a: Incineroar|Intimidate|boost
|-unboost|p2a: Delphox|atk|1
|-unboost|p2b: Sneasler|atk|1
|turn|4
|inactive|syll0gism has 30 seconds left.
|
|t:|1782987666
|switch|p2b: Sinistcha|Sinistcha, L50, shiny|100/100
|-heal|p2a: Delphox|75/100|[from] ability: Hospitality|[of] p2b: Sinistcha
|switch|p1b: Floette|Floette-Eternal, L50, F|100/100
|move|p2a: Delphox|Protect|p2a: Delphox
|-singleturn|p2a: Delphox|Protect
|move|p1a: Incineroar|Fake Out|p2a: Delphox
|-activate|p2a: Delphox|move: Protect
|
|upkeep
|turn|5
|inactive|syll0gism has 30 seconds left.
|
|t:|1782987694
|detailschange|p1b: Floette|Floette-Mega, L50, F
|-mega|p1b: Floette|Floette|Floettite
|-ability|p1b: Floette|Fairy Aura
|move|p1b: Floette|Protect|p1b: Floette
|-singleturn|p1b: Floette|Protect
|move|p2b: Sinistcha|Rage Powder|p2b: Sinistcha
|-singleturn|p2b: Sinistcha|move: Rage Powder
|move|p2a: Delphox|Heat Wave|p1b: Floette|[spread] p1a
|-activate|p1b: Floette|move: Protect
|-resisted|p1a: Incineroar|1
|-damage|p1a: Incineroar|64/100
|move|p1a: Incineroar|Parting Shot|p2b: Sinistcha
|-unboost|p2b: Sinistcha|atk|1
|-unboost|p2b: Sinistcha|spa|1
|
|t:|1782987707
|switch|p1a: Grimmsnarl|Grimmsnarl, L50, M|87/100|[from] Parting Shot
|
|upkeep
|turn|6
|
|t:|1782987720
|switch|p2b: Incineroar|Incineroar, L50, F, shiny|72/100
|-ability|p2b: Incineroar|Intimidate|boost
|-unboost|p1a: Grimmsnarl|atk|1
|-unboost|p1b: Floette|atk|1
|move|p2a: Delphox|Protect|p2a: Delphox
|-singleturn|p2a: Delphox|Protect
|move|p1a: Grimmsnarl|Fake Out|p2a: Delphox
|-activate|p2a: Delphox|move: Protect
|move|p1b: Floette|Calm Mind|p1b: Floette
|-boost|p1b: Floette|spa|1
|-boost|p1b: Floette|spd|1
|
|upkeep
|turn|7
|
|t:|1782987743
|move|p2b: Incineroar|Fake Out|p1a: Grimmsnarl
|-damage|p1a: Grimmsnarl|73/100
|move|p2a: Delphox|Heat Wave|p1a: Grimmsnarl|[spread] p1a,p1b
|-damage|p1a: Grimmsnarl|0 fnt
|-damage|p1b: Floette|61/100
|faint|p1a: Grimmsnarl
|move|p1b: Floette|Calm Mind|p1b: Floette
|-boost|p1b: Floette|spa|1
|-boost|p1b: Floette|spd|1
|
|upkeep
|
|t:|1782987752
|switch|p1a: Incineroar|Incineroar, L50, M|64/100
|-ability|p1a: Incineroar|Intimidate|boost
|-unboost|p2a: Delphox|atk|1
|-unboost|p2b: Incineroar|atk|1
|turn|8
|
|t:|1782987761
|switch|p2b: Sinistcha|Sinistcha, L50, shiny|100/100
|-heal|p2a: Delphox|100/100|[from] ability: Hospitality|[of] p2b: Sinistcha
|move|p2a: Delphox|Protect|p2a: Delphox
|-singleturn|p2a: Delphox|Protect
|move|p1a: Incineroar|Fake Out|p2a: Delphox
|-activate|p2a: Delphox|move: Protect
|move|p1b: Floette|Draining Kiss|p2b: Sinistcha
|-damage|p2b: Sinistcha|32/100
|-heal|p1b: Floette|100/100|[from] drain|[of] p2b: Sinistcha
|
|upkeep
|turn|9
|
|t:|1782987784
|move|p2b: Sinistcha|Rage Powder|p2b: Sinistcha
|-singleturn|p2b: Sinistcha|move: Rage Powder
|move|p2a: Delphox|Psyshock|p1b: Floette
|-damage|p1b: Floette|18/100
|move|p1b: Floette|Draining Kiss|p2b: Sinistcha
|-damage|p2b: Sinistcha|0 fnt
|-heal|p1b: Floette|43/100|[from] drain|[of] p2b: Sinistcha
|faint|p2b: Sinistcha
|move|p1a: Incineroar|Throat Chop|p2a: Delphox
|-supereffective|p2a: Delphox|1
|-damage|p2a: Delphox|15/100
|-start|p2a: Delphox|Throat Chop|[silent]
|
|upkeep
|
|t:|1782987792
|switch|p2b: Sneasler|Sneasler, L50, M, shiny|39/100
|turn|10
|
|t:|1782987816
|move|p1b: Floette|Protect|p1b: Floette
|-singleturn|p1b: Floette|Protect
|move|p2a: Delphox|Psyshock|p1b: Floette
|-activate|p1b: Floette|move: Protect
|move|p2b: Sneasler|Close Combat|p1a: Incineroar
|-supereffective|p1a: Incineroar|1
|-damage|p1a: Incineroar|0 fnt
|-unboost|p2b: Sneasler|def|1
|-unboost|p2b: Sneasler|spd|1
|faint|p1a: Incineroar
|
|-end|p2a: Delphox|Throat Chop|[silent]
|upkeep
|turn|11
|-message|syll0gism forfeited.
|
|win|Glimme
