|j|☆omniaxyz
|j|☆jANMxRin
|html|omniaxyzjANMxRin    
|uhtml|bestof|Game 1 of a best-of-3
|t:|1783258402
|gametype|doubles
|player|p1|omniaxyz|266|1040
|player|p2|jANMxRin|266|1155
|gen|9
|tier|[Gen 9 Champions] VGC 2026 Reg M-B (Bo3)
|rated|
|rule|Species Clause: Limit one of each Pokémon
|rule|Item Clause: Limit 1 of each item
|clearpoke
|poke|p1|Hydreigon, L50, F|
|poke|p1|Grimmsnarl, L50, M|
|poke|p1|Metagross, L50|
|poke|p1|Charizard, L50, M|
|poke|p1|Garchomp, L50, M|
|poke|p1|Toxapex, L50, M|
|poke|p2|Delphox, L50, M|
|poke|p2|Floette-Eternal, L50, F|
|poke|p2|Sinistcha, L50|
|poke|p2|Kingambit, L50, F|
|poke|p2|Sneasler, L50, F|
|poke|p2|Incineroar, L50, M|
|teampreview|4
|showteam|p1|Hydreigon||ChoiceScarf|Levitate|DracoMeteor,Snarl,DarkPulse,HeatWave|Modest||F|||50|]Grimmsnarl||RoseliBerry|Prankster|FoulPlay,PartingShot,Reflect,FakeOut|Careful||M|||50|]Metagross||Metagrossite|ClearBody|IronHead,HammerArm,IcePunch,Protect|Jolly|||||50|]Charizard||CharizarditeY|Blaze|WeatherBall,HeatWave,SolarBeam,Protect|Modest||M|||50|]Garchomp||SitrusBerry|RoughSkin|DragonClaw,Earthquake,RockSlide,Protect|Jolly||M|||50|]Toxapex||Leftovers|Regenerator|BanefulBunker,Infestation,Toxic,WideGuard|Bold||M|||50|
|showteam|p2|Delphox||Delphoxite|Blaze|HeatWave,Psyshock,NastyPlot,Protect|Timid||M|||50|]Floette-Eternal||Floettite|FlowerVeil|Moonblast,DazzlingGleam,CalmMind,Protect|Modest||F|||50|]Sinistcha||KasibBerry|Hospitality|MatchaGotcha,RagePowder,TrickRoom,Protect|Bold|||||50|]Kingambit||BlackGlasses|Defiant|KowtowCleave,SuckerPunch,SwordsDance,Protect|Adamant||F|||50|]Sneasler||FocusSash|PoisonTouch|FakeOut,CloseCombat,DireClaw,QuickGuard|Jolly||F|||50|]Incineroar||SitrusBerry|Intimidate|PartingShot,FlareBlitz,ThroatChop,FakeOut|Impish||M|||50|
|inactive|Battle timer is ON: inactive players will automatically lose when time's up. (requested by omniaxyz)
|
|t:|1783258458
|teamsize|p1|4
|teamsize|p2|4
|start
|switch|p1a: Charizard|Charizard, L50, M|100/100
|switch|p1b: Grimmsnarl|Grimmsnarl, L50, M|100/100
|switch|p2a: Delphox|Delphox, L50, M|100/100
|switch|p2b: Sneasler|Sneasler, L50, F|100/100
|turn|1
|inactive|omniaxyz has 30 seconds left.
|inactive|jANMxRin has 30 seconds left.
|inactive|omniaxyz has 20 seconds left.
|inactive|jANMxRin has 20 seconds left.
|
|t:|1783258498
|detailschange|p2a: Delphox|Delphox-Mega, L50, M
|-mega|p2a: Delphox|Delphox|Delphoxite
|detailschange|p1a: Charizard|Charizard-Mega-Y, L50, M
|-mega|p1a: Charizard|Charizard|Charizardite Y
|-weather|SunnyDay|[from] ability: Drought|[of] p1a: Charizard
|move|p2b: Sneasler|Fake Out|p1b: Grimmsnarl
|-damage|p1b: Grimmsnarl|85/100
|cant|p1b: Grimmsnarl|flinch
|move|p2a: Delphox|Nasty Plot|p2a: Delphox
|-boost|p2a: Delphox|spa|2
|move|p1a: Charizard|Heat Wave|p2a: Delphox|[spread] p2a,p2b
|-resisted|p2a: Delphox|1
|-damage|p2a: Delphox|69/100
|-damage|p2b: Sneasler|19/100
|
|-weather|SunnyDay|[upkeep]
|upkeep
|turn|2
|inactive|omniaxyz has 30 seconds left.
|inactive|jANMxRin has 30 seconds left.
|inactive|jANMxRin has 20 seconds left.
|inactive|jANMxRin has 15 seconds left.
|inactive|jANMxRin has 10 seconds left.
|
|t:|1783258545
|move|p1b: Grimmsnarl|Parting Shot|p2a: Delphox
|-unboost|p2a: Delphox|atk|1
|-unboost|p2a: Delphox|spa|1
|
|t:|1783258550
|switch|p1b: Hydreigon|Hydreigon, L50, F|100/100|[from] Parting Shot
|move|p2a: Delphox|Heat Wave|p1a: Charizard|[spread] p1a,p1b
|-resisted|p1a: Charizard|1
|-resisted|p1b: Hydreigon|1
|-damage|p1a: Charizard|58/100
|-damage|p1b: Hydreigon|45/100
|-status|p1b: Hydreigon|brn
|move|p2b: Sneasler|Dire Claw|p1a: Charizard
|-damage|p1a: Charizard|10/100
|-status|p1a: Charizard|psn|[from] ability: Poison Touch|[of] p2b: Sneasler
|move|p1a: Charizard|Heat Wave|p2a: Delphox|[spread] p2a,p2b
|-resisted|p2a: Delphox|1
|-damage|p2a: Delphox|38/100
|-damage|p2b: Sneasler|0 fnt
|faint|p2b: Sneasler
|
|-weather|SunnyDay|[upkeep]
|-damage|p1a: Charizard|0 fnt|[from] psn
|faint|p1a: Charizard
|-damage|p1b: Hydreigon|39/100 brn|[from] brn
|upkeep
|
|t:|1783258574
|switch|p2b: Incineroar|Incineroar, L50, M|100/100
|switch|p1a: Toxapex|Toxapex, L50, M|100/100
|-ability|p2b: Incineroar|Intimidate|boost
|-unboost|p1a: Toxapex|atk|1
|-unboost|p1b: Hydreigon|atk|1
|turn|3
|inactive|omniaxyz has 30 seconds left.
|
|t:|1783258605
|switch|p1b: Grimmsnarl|Grimmsnarl, L50, M|85/100
|move|p2b: Incineroar|Fake Out|p1a: Toxapex
|-damage|p1a: Toxapex|92/100
|move|p2a: Delphox|Heat Wave|p1b: Grimmsnarl|[spread] p1a,p1b
|-resisted|p1a: Toxapex|1
|-damage|p1a: Toxapex|55/100
|-damage|p1b: Grimmsnarl|7/100
|cant|p1a: Toxapex|flinch
|
|-weather|SunnyDay|[upkeep]
|-heal|p1a: Toxapex|61/100|[from] item: Leftovers
|upkeep
|turn|4
|inactive|omniaxyz has 30 seconds left.
|
|t:|1783258639
|move|p1b: Grimmsnarl|Fake Out|p2a: Delphox
|-damage|p2a: Delphox|20/100y
|cant|p2a: Delphox|flinch
|move|p2b: Incineroar|Parting Shot|p1b: Grimmsnarl
|-unboost|p1b: Grimmsnarl|atk|1
|-unboost|p1b: Grimmsnarl|spa|1
|
|t:|1783258645
|switch|p2b: Kingambit|Kingambit, L50, F|100/100|[from] Parting Shot
|move|p1a: Toxapex|Infestation|p2a: Delphox
|-damage|p2a: Delphox|17/100
|-activate|p2a: Delphox|move: Infestation|[of] p1a: Toxapex
|
|-weather|SunnyDay|[upkeep]
|-heal|p1a: Toxapex|66/100|[from] item: Leftovers
|-damage|p2a: Delphox|4/100|[from] move: Infestation|[partiallytrapped]
|upkeep
|turn|5
|inactive|omniaxyz has 30 seconds left.
|inactive|jANMxRin has 30 seconds left.
|
|t:|1783258677
|move|p1a: Toxapex|Baneful Bunker|p1a: Toxapex
|-singleturn|p1a: Toxapex|move: Protect
|move|p1b: Grimmsnarl|Reflect|p1b: Grimmsnarl
|-sidestart|p1: omniaxyz|Reflect
|move|p2a: Delphox|Psyshock|p1a: Toxapex
|-activate|p1a: Toxapex|move: Protect
|move|p2b: Kingambit|Swords Dance|p2b: Kingambit
|-boost|p2b: Kingambit|atk|2
|
|-weather|none
|-heal|p1a: Toxapex|72/100|[from] item: Leftovers
|-damage|p2a: Delphox|0 fnt|[from] move: Infestation|[partiallytrapped]
|faint|p2a: Delphox
|upkeep
|
|t:|1783258682
|switch|p2a: Incineroar|Incineroar, L50, M|100/100
|-ability|p2a: Incineroar|Intimidate|boost
|-unboost|p1a: Toxapex|atk|1
|-unboost|p1b: Grimmsnarl|atk|1
|turn|6
|inactive|omniaxyz has 30 seconds left.
|inactive|omniaxyz has 20 seconds left.
|inactive|omniaxyz has 15 seconds left.
|inactive|omniaxyz has 10 seconds left.
|
|t:|1783258727
|move|p2a: Incineroar|Fake Out|p1a: Toxapex
|-damage|p1a: Toxapex|68/100
|move|p1b: Grimmsnarl|Foul Play|p2b: Kingambit
|-resisted|p2b: Kingambit|1
|-damage|p2b: Kingambit|58/100
|move|p2b: Kingambit|Swords Dance|p2b: Kingambit
|-boost|p2b: Kingambit|atk|2
|cant|p1a: Toxapex|flinch
|
|-heal|p1a: Toxapex|73/100|[from] item: Leftovers
|upkeep
|turn|7
|
|t:|1783258745
|move|p2b: Kingambit|Protect|p2b: Kingambit
|-singleturn|p2b: Kingambit|Protect
|move|p1b: Grimmsnarl|Foul Play|p2b: Kingambit
|-activate|p2b: Kingambit|move: Protect
|move|p2a: Incineroar|Throat Chop|p1b: Grimmsnarl
|-resisted|p1b: Grimmsnarl|2
|-damage|p1b: Grimmsnarl|2/100
|-start|p1b: Grimmsnarl|Throat Chop|[silent]
|move|p1a: Toxapex|Toxic|p2a: Incineroar
|-status|p2a: Incineroar|tox
|
|-heal|p1a: Toxapex|79/100|[from] item: Leftovers
|-damage|p2a: Incineroar|94/100 tox|[from] psn
|upkeep
|turn|8
|inactive|jANMxRin has 30 seconds left.
|
|t:|1783258774
|move|p1a: Toxapex|Baneful Bunker|p1a: Toxapex
|-singleturn|p1a: Toxapex|move: Protect
|move|p2b: Kingambit|Sucker Punch|p1b: Grimmsnarl
|-resisted|p1b: Grimmsnarl|2
|-damage|p1b: Grimmsnarl|0 fnt
|faint|p1b: Grimmsnarl
|move|p2a: Incineroar|Throat Chop|p1a: Toxapex
|-activate|p1a: Toxapex|move: Protect
|
|-heal|p1a: Toxapex|85/100|[from] item: Leftovers
|-damage|p2a: Incineroar|82/100 tox|[from] psn
|upkeep
|
|t:|1783258785
|switch|p1b: Hydreigon|Hydreigon, L50, F|39/100 brn
|turn|9
|
|t:|1783258802
|move|p2b: Kingambit|Sucker Punch|p1b: Hydreigon
|-resisted|p1b: Hydreigon|1
|-damage|p1b: Hydreigon|0 fnt
|faint|p1b: Hydreigon
|move|p2a: Incineroar|Throat Chop|p1a: Toxapex
|-damage|p1a: Toxapex|72/100
|-start|p1a: Toxapex|Throat Chop|[silent]
|move|p1a: Toxapex|Infestation|p2b: Kingambit
|-damage|p2b: Kingambit|55/100
|-activate|p2b: Kingambit|move: Infestation|[of] p1a: Toxapex
|
|-heal|p1a: Toxapex|78/100|[from] item: Leftovers
|-damage|p2a: Incineroar|64/100 tox|[from] psn
|-damage|p2b: Kingambit|43/100|[from] move: Infestation|[partiallytrapped]
|-sideend|p1: omniaxyz|Reflect
|upkeep
|turn|10
|
|t:|1783258815
|move|p1a: Toxapex|Baneful Bunker|p1a: Toxapex
|-singleturn|p1a: Toxapex|move: Protect
|move|p2a: Incineroar|Throat Chop|p1a: Toxapex
|-activate|p1a: Toxapex|move: Protect
|move|p2b: Kingambit|Kowtow Cleave|p1a: Toxapex
|-activate|p1a: Toxapex|move: Protect
|
|-heal|p1a: Toxapex|84/100|[from] item: Leftovers
|-damage|p2a: Incineroar|40/100 tox|[from] psn
|-damage|p2b: Kingambit|31/100|[from] move: Infestation|[partiallytrapped]
|-end|p1a: Toxapex|Throat Chop|[silent]
|upkeep
|-enditem|p2a: Incineroar|Sitrus Berry|[eat]
|-heal|p2a: Incineroar|65/100 tox|[from] item: Sitrus Berry
|turn|11
|inactive|omniaxyz has 30 seconds left.
|
|t:|1783258847
|move|p1a: Toxapex|Baneful Bunker||[still]
|-fail|p1a: Toxapex
|move|p2a: Incineroar|Throat Chop|p1a: Toxapex
|-damage|p1a: Toxapex|62/100
|-start|p1a: Toxapex|Throat Chop|[silent]
|move|p2b: Kingambit|Kowtow Cleave|p1a: Toxapex
|-damage|p1a: Toxapex|0 fnt
|faint|p1a: Toxapex
|
|win|jANMxRin
