|j|☆GubGubFan
|j|☆mikodex
|html|GubGubFanmikodex    
|uhtml|bestof|Game 1 of a best-of-3
|t:|1757134878
|gametype|doubles
|player|p1|GubGubFan|gladion-stance|1116
|player|p2|mikodex|265|1005
|gen|9
|tier|[Gen 9] VGC 2025 Reg H (Bo3)
|rated|
|rule|Species Clause: Limit one of each Pokémon
|rule|Item Clause: Limit 1 of each item
|clearpoke
|poke|p1|Tyranitar, L50, F|
|poke|p1|Excadrill, L50, F|
|poke|p1|Basculegion, L50, M|
|poke|p1|Incineroar, L50, F|
|poke|p1|Volcarona, L50, M|
|poke|p1|Dragonite, L50, F|
|poke|p2|Incineroar, L50, M|
|poke|p2|Flamigo, L50, F|
|poke|p2|Amoonguss, L50, F|
|poke|p2|Garchomp, L50, M|
|poke|p2|Gholdengo, L50|
|poke|p2|Hydreigon, L50, F|
|teampreview|4
|showteam|p1|Tyranitar||AssaultVest|SandStream|RockSlide,KnockOff,LowKick,TeraBlast|||F|||50|,,,,,Flying]Excadrill||FocusSash|SandRush|Earthquake,HighHorsepower,IronHead,Protect|||F|||50|,,,,,Ground]Basculegion||ChoiceScarf|Adaptability|WaveCrash,FlipTurn,AquaJet,LastRespects|||M|||50|,,,,,Grass]Incineroar||SafetyGoggles|Intimidate|FakeOut,KnockOff,PartingShot,FlareBlitz|||F|||50|,,,,,Ghost]Volcarona||Leftovers|FlameBody|HeatWave,QuiverDance,TeraBlast,Protect|||M|||50|,,,,,Fairy]Dragonite||LoadedDice|Multiscale|Protect,Tailwind,ScaleShot,Haze|||F|||50|,,,,,Fairy
|showteam|p2|Incineroar||SafetyGoggles|Intimidate|KnockOff,PartingShot,FlareBlitz,FakeOut|||M|||50|,,,,,Bug]Flamigo||FocusSash|Scrappy|CloseCombat,DualWingbeat,Tailwind,Protect|||F|||50|,,,,,Ghost]Amoonguss||CovertCloak|Regenerator|ClearSmog,PollenPuff,Spore,RagePowder|||F|||50|,,,,,Dark]Garchomp||ClearAmulet|RoughSkin|StompingTantrum,Earthquake,DragonClaw,Protect|||M|||50|,,,,,Steel]Gholdengo||MetalCoat|GoodasGold|MakeItRain,ShadowBall,Protect,NastyPlot||||||50|,,,,,Water]Hydreigon||ChoiceSpecs|Levitate|DarkPulse,DragonPulse,HeatWave,Snarl|||F|||50|,,,,,Fire
|inactive|Battle timer is ON: inactive players will automatically lose when time's up. (requested by mikodex)
|inactive|GubGubFan has 60 seconds left.
|inactive|mikodex has 60 seconds left.
|
|t:|1757134949
|teamsize|p1|4
|teamsize|p2|4
|start
|switch|p1a: Basculegion|Basculegion, L50, M|100/100
|switch|p1b: Excadrill|Excadrill, L50, F|100/100
|switch|p2a: Flamigo|Flamigo, L50, F|100/100
|switch|p2b: rex|Garchomp, L50, M|100/100
|turn|1
|inactive|GubGubFan has 30 seconds left.
|inactive|mikodex has 30 seconds left.
|
|t:|1757134977
|move|p1a: Basculegion|Flip Turn|p2a: Flamigo
|-damage|p2a: Flamigo|45/100
|
|t:|1757134981
|switch|p1a: Tyranitar|Tyranitar, L50, F|100/100|[from] Flip Turn
|-weather|Sandstorm|[from] ability: Sand Stream|[of] p1a: Tyranitar
|move|p1b: Excadrill|Iron Head|p2a: Flamigo
|-damage|p2a: Flamigo|0 fnt
|faint|p2a: Flamigo
|move|p2b: rex|Earthquake|p1a: Tyranitar|[spread] p1a,p1b
|-supereffective|p1a: Tyranitar
|-supereffective|p1b: Excadrill
|-damage|p1a: Tyranitar|40/100
|-enditem|p1b: Excadrill|Focus Sash
|-damage|p1b: Excadrill|1/100
|
|-weather|Sandstorm|[upkeep]
|upkeep
|
|t:|1757134996
|switch|p2a: Incineroar|Incineroar, L50, M|100/100
|-ability|p2a: Incineroar|Intimidate|boost
|-unboost|p1a: Tyranitar|atk|1
|-unboost|p1b: Excadrill|atk|1
|turn|2
|
|t:|1757135016
|switch|p2a: Hydreigon|Hydreigon, L50, F|100/100
|move|p1b: Excadrill|Protect|p1b: Excadrill
|-singleturn|p1b: Excadrill|Protect
|move|p2b: rex|Earthquake|p1a: Tyranitar|[spread] p1a
|-activate|p1b: Excadrill|move: Protect
|-immune|p2a: Hydreigon|[from] ability: Levitate
|-supereffective|p1a: Tyranitar
|-damage|p1a: Tyranitar|0 fnt
|faint|p1a: Tyranitar
|
|-weather|Sandstorm|[upkeep]
|-damage|p2a: Hydreigon|95/100|[from] Sandstorm
|upkeep
|
|t:|1757135022
|switch|p1a: Dragonite|Dragonite, L50, F|100/100
|turn|3
|inactive|mikodex has 30 seconds left.
|inactive|mikodex has 20 seconds left.
|inactive|mikodex has 15 seconds left.
|inactive|mikodex has 10 seconds left.
|
|t:|1757135068
|switch|p2a: Incineroar|Incineroar, L50, M|100/100
|-ability|p2a: Incineroar|Intimidate|boost
|-unboost|p1a: Dragonite|atk|1
|-unboost|p1b: Excadrill|atk|1
|move|p1a: Dragonite|Protect|p1a: Dragonite
|-singleturn|p1a: Dragonite|Protect
|move|p1b: Excadrill|Earthquake|p2b: rex|[spread] p2a,p2b
|-activate|p1a: Dragonite|move: Protect
|-supereffective|p2a: Incineroar
|-crit|p2b: rex
|-damage|p2a: Incineroar|65/100
|-damage|p2b: rex|35/100
|move|p2b: rex|Dragon Claw|p1b: Excadrill
|-resisted|p1b: Excadrill
|-damage|p1b: Excadrill|0 fnt
|faint|p1b: Excadrill
|
|-weather|Sandstorm|[upkeep]
|-damage|p1a: Dragonite|95/100|[from] Sandstorm
|upkeep
|
|t:|1757135080
|switch|p1b: Basculegion|Basculegion, L50, M|100/100
|turn|4
|inactive|mikodex has 30 seconds left.
|inactive|mikodex has 20 seconds left.
|inactive|mikodex has 15 seconds left.
|inactive|mikodex has 10 seconds left.
|inactive|mikodex has 5 seconds left.
|
|t:|1757135134
|-terastallize|p1a: Dragonite|Fairy
|move|p1b: Basculegion|Wave Crash|p2a: Incineroar
|-supereffective|p2a: Incineroar
|-damage|p2a: Incineroar|0 fnt
|faint|p2a: Incineroar
|-damage|p1b: Basculegion|79/100|[from] Recoil
|move|p2b: rex|Dragon Claw|p1a: Dragonite
|-immune|p1a: Dragonite
|move|p1a: Dragonite|Scale Shot|p2b: rex
|-supereffective|p2b: rex
|-damage|p2b: rex|15/100
|-supereffective|p2b: rex
|-damage|p2b: rex|0 fnt
|faint|p2b: rex
|-hitcount|p2: rex|2
|-unboost|p1a: Dragonite|def|1
|-boost|p1a: Dragonite|spe|1
|
|-weather|Sandstorm|[upkeep]
|-damage|p1b: Basculegion|72/100|[from] Sandstorm
|-damage|p1a: Dragonite|89/100|[from] Sandstorm
|upkeep
|
|t:|1757135152
|switch|p2b: Hydreigon|Hydreigon, L50, F|95/100
|turn|5
|
|t:|1757135163
|move|p1b: Basculegion|Wave Crash|p2b: Hydreigon
|-resisted|p2b: Hydreigon
|-damage|p2b: Hydreigon|51/100
|-damage|p1b: Basculegion|60/100|[from] Recoil
|move|p1a: Dragonite|Scale Shot|p2b: Hydreigon|[miss]
|-miss|p1a: Dragonite|p2b: Hydreigon
|move|p2b: Hydreigon|Snarl|p1a: Dragonite|[spread] p1a,p1b
|-resisted|p1a: Dragonite
|-supereffective|p1b: Basculegion
|-damage|p1a: Dragonite|71/100
|-damage|p1b: Basculegion|0 fnt
|-unboost|p1a: Dragonite|spa|1
|faint|p1b: Basculegion
|
|-weather|none
|upkeep
|turn|6
|
|t:|1757135179
|-terastallize|p2b: Hydreigon|Fire
|move|p1a: Dragonite|Scale Shot|p2b: Hydreigon
|-damage|p2b: Hydreigon|38/100
|-damage|p2b: Hydreigon|27/100
|-damage|p2b: Hydreigon|15/100
|-damage|p2b: Hydreigon|3/100
|-damage|p2b: Hydreigon|0 fnt
|faint|p2b: Hydreigon
|-hitcount|p2: Hydreigon|5
|
|win|GubGubFan
|l|☆mikodex
|player|p2|
||mikodex is ready for game 2.
||GubGubFan is ready for game 2.
|uhtml|next|Next: Game 2 of 3
