|j|☆ildrarVGC
|j|☆A Regu1ar Guy
|html|ildrarVGCA Regu1ar Guy    
|uhtml|bestof|Game 2 of a best-of-3
|t:|1756940382
|gametype|doubles
|player|p1|ildrarVGC|101|1418
|player|p2|A Regu1ar Guy|elesa|1394
|gen|9
|tier|[Gen 9] VGC 2025 Reg H (Bo3)
|rated|
|rule|Species Clause: Limit one of each Pokémon
|rule|Item Clause: Limit 1 of each item
|clearpoke
|poke|p1|Incineroar, L50, M|
|poke|p1|Amoonguss, L50, F|
|poke|p1|Porygon2, L50|
|poke|p1|Ursaluna, L50, M|
|poke|p1|Hydreigon, L50, F|
|poke|p1|Gholdengo, L50|
|poke|p2|Volcarona, L50, F|
|poke|p2|Rillaboom, L50, M|
|poke|p2|Electabuzz, L50, F|
|poke|p2|Tauros-Paldea-Aqua, L50, M|
|poke|p2|Tyranitar, L50, M|
|poke|p2|Gholdengo, L50|
|teampreview|4
|showteam|p1|Incineroar||AssaultVest|Intimidate|FlareBlitz,KnockOff,FakeOut,Uturn|||M|||50|,,,,,Grass]Amoonguss||SitrusBerry|Regenerator|Spore,RagePowder,Protect,PollenPuff|||F|||50|,,,,,Water]Porygon2||Eviolite|Download|TeraBlast,IceBeam,TrickRoom,Recover||||||50|,,,,,Fighting]Ursaluna||FlameOrb|Guts|Facade,Earthquake,HeadlongRush,Protect|||M|||50|,,,,,Ghost]Hydreigon||SafetyGoggles|Levitate|Snarl,DracoMeteor,Tailwind,Protect|||F|||50|,,,,,Ghost]Gholdengo||MetalCoat|GoodasGold|MakeItRain,ShadowBall,NastyPlot,Protect||||||50|,,,,,Steel
|showteam|p2|Volcarona||GrassySeed|FlameBody|HeatWave,GigaDrain,QuiverDance,Protect|||F|||50|,,,,,Grass]Rillaboom||MiracleSeed|GrassySurge|WoodHammer,GrassyGlide,FakeOut,HighHorsepower|||M|||50|,,,,,Fire]Electabuzz||Eviolite|VitalSpirit|Electroweb,FollowMe,Taunt,Protect|||F|||50|,,,,,Ghost]Tauros-Paldea-Aqua||MirrorHerb|Intimidate|WaveCrash,AquaJet,CloseCombat,Protect|||M|||50|,,,,,Water]Tyranitar||AssaultVest|SandStream|KnockOff,RockSlide,TeraBlast,LowKick|||M|||50|,,,,,Flying]Gholdengo||LifeOrb|GoodasGold|MakeItRain,ShadowBall,NastyPlot,Protect||||||50|,,,,,Water
|
|t:|1756940411
|teamsize|p1|4
|teamsize|p2|4
|start
|switch|p1a: Gholdengo|Gholdengo, L50|100/100
|switch|p1b: Incineroar|Incineroar, L50, M|100/100
|switch|p2a: Volcarona|Volcarona, L50, F, shiny|100/100
|switch|p2b: Tyranitar|Tyranitar, L50, M|100/100
|-weather|Sandstorm|[from] ability: Sand Stream|[of] p2b: Tyranitar
|-ability|p1b: Incineroar|Intimidate|boost
|-unboost|p2a: Volcarona|atk|1
|-unboost|p2b: Tyranitar|atk|1
|turn|1
|
|t:|1756940471
|-terastallize|p1a: Gholdengo|Steel
|move|p1a: Gholdengo|Make It Rain|p2b: Tyranitar|[spread] p2a,p2b
|-resisted|p2a: Volcarona
|-supereffective|p2b: Tyranitar
|-damage|p2a: Volcarona|64/100
|-damage|p2b: Tyranitar|31/100
|-unboost|p1a: Gholdengo|spa|1
|move|p2a: Volcarona|Quiver Dance|p2a: Volcarona
|-boost|p2a: Volcarona|spa|1
|-boost|p2a: Volcarona|spd|1
|-boost|p2a: Volcarona|spe|1
|move|p2b: Tyranitar|Knock Off|p1a: Gholdengo
|-crit|p1a: Gholdengo
|-damage|p1a: Gholdengo|7/100
|-enditem|p1a: Gholdengo|Metal Coat|[from] move: Knock Off|[of] p2b: Tyranitar
|move|p1b: Incineroar|Knock Off|p2a: Volcarona
|-damage|p2a: Volcarona|12/100
|-enditem|p2a: Volcarona|Grassy Seed|[from] move: Knock Off|[of] p1b: Incineroar
|
|-weather|Sandstorm|[upkeep]
|-damage|p2a: Volcarona|6/100|[from] Sandstorm
|-damage|p1b: Incineroar|95/100|[from] Sandstorm
|upkeep
|turn|2
|
|t:|1756940508
|switch|p1a: Hydreigon|Hydreigon, L50, F|100/100
|switch|p2b: Tauros|Tauros-Paldea-Aqua, L50, M|100/100
|-ability|p2b: Tauros|Intimidate|boost
|-unboost|p1a: Hydreigon|atk|1
|-unboost|p1b: Incineroar|atk|1
|move|p2a: Volcarona|Protect|p2a: Volcarona
|-singleturn|p2a: Volcarona|Protect
|move|p1b: Incineroar|Knock Off|p2a: Volcarona
|-activate|p2a: Volcarona|move: Protect
|
|-weather|Sandstorm|[upkeep]
|-damage|p2a: Volcarona|0 fnt|[from] Sandstorm
|-damage|p2b: Tauros|95/100|[from] Sandstorm
|-damage|p1b: Incineroar|89/100|[from] Sandstorm
|faint|p2a: Volcarona
|upkeep
|
|t:|1756940515
|switch|p2a: Tyranitar|Tyranitar, L50, M|31/100
|turn|3
|
|t:|1756940548
|switch|p1b: Gholdengo|Gholdengo, L50, tera:Steel|7/100
|move|p1a: Hydreigon|Protect|p1a: Hydreigon
|-singleturn|p1a: Hydreigon|Protect
|move|p2b: Tauros|Close Combat|p1b: Gholdengo
|-supereffective|p1b: Gholdengo
|-crit|p1b: Gholdengo
|-damage|p1b: Gholdengo|0 fnt
|-unboost|p2b: Tauros|def|1
|-unboost|p2b: Tauros|spd|1
|faint|p1b: Gholdengo
|move|p2a: Tyranitar|Low Kick|p1a: Hydreigon
|-activate|p1a: Hydreigon|move: Protect
|
|-weather|Sandstorm|[upkeep]
|-damage|p2b: Tauros|89/100|[from] Sandstorm
|upkeep
|
|t:|1756940588
|switch|p1b: Incineroar|Incineroar, L50, M|89/100
|-ability|p1b: Incineroar|Intimidate|boost
|-unboost|p2a: Tyranitar|atk|1
|-unboost|p2b: Tauros|atk|1
|turn|4
|
|t:|1756940610
|move|p1b: Incineroar|Fake Out|p2b: Tauros
|-damage|p2b: Tauros|68/100
|cant|p2b: Tauros|flinch
|move|p1a: Hydreigon|Draco Meteor|p2a: Tyranitar
|-damage|p2a: Tyranitar|7/100
|-unboost|p1a: Hydreigon|spa|2
|move|p2a: Tyranitar|Low Kick|p1a: Hydreigon
|-supereffective|p1a: Hydreigon
|-damage|p1a: Hydreigon|44/100
|
|-weather|Sandstorm|[upkeep]
|-damage|p2b: Tauros|63/100|[from] Sandstorm
|-damage|p1b: Incineroar|83/100|[from] Sandstorm
|upkeep
|turn|5
|
|t:|1756940630
|switch|p1b: Porygon2|Porygon2, L50|100/100
|-ability|p1b: Porygon2|Download|boost
|-boost|p1b: Porygon2|spa|1
|-enditem|p2b: Tauros|Mirror Herb
|-boost|p2b: Tauros|spa|1|[from] item: Mirror Herb
|move|p1a: Hydreigon|Protect|p1a: Hydreigon
|-singleturn|p1a: Hydreigon|Protect
|move|p2b: Tauros|Close Combat|p1b: Porygon2
|-supereffective|p1b: Porygon2
|-damage|p1b: Porygon2|59/100
|-unboost|p2b: Tauros|def|1
|-unboost|p2b: Tauros|spd|1
|move|p2a: Tyranitar|Low Kick|p1b: Porygon2
|-supereffective|p1b: Porygon2
|-damage|p1b: Porygon2|41/100
|
|-weather|none
|upkeep
|turn|6
|
|t:|1756940664
|switch|p1a: Incineroar|Incineroar, L50, M|83/100
|-ability|p1a: Incineroar|Intimidate|boost
|-unboost|p2a: Tyranitar|atk|1
|-unboost|p2b: Tauros|atk|1
|move|p2b: Tauros|Close Combat|p1a: Incineroar
|-supereffective|p1a: Incineroar
|-damage|p1a: Incineroar|31/100
|-unboost|p2b: Tauros|def|1
|-unboost|p2b: Tauros|spd|1
|move|p2a: Tyranitar|Low Kick|p1b: Porygon2
|-supereffective|p1b: Porygon2
|-damage|p1b: Porygon2|25/100
|move|p1b: Porygon2|Tera Blast|p2b: Tauros
|-damage|p2b: Tauros|0 fnt
|faint|p2b: Tauros
|
|upkeep
|
|t:|1756940670
|switch|p2b: Rillaboom|Rillaboom, L50, M|100/100
|-fieldstart|move: Grassy Terrain|[from] ability: Grassy Surge|[of] p2b: Rillaboom
|turn|7
|
|t:|1756940700
|-terastallize|p2b: Rillaboom|Fire
|move|p1a: Incineroar|Fake Out|p2b: Rillaboom
|-damage|p2b: Rillaboom|89/100
|cant|p2b: Rillaboom|flinch
|move|p2a: Tyranitar|Low Kick|p1a: Incineroar
|-supereffective|p1a: Incineroar
|-damage|p1a: Incineroar|4/100
|move|p1b: Porygon2|Ice Beam|p2a: Tyranitar
|-damage|p2a: Tyranitar|0 fnt
|faint|p2a: Tyranitar
|
|-heal|p2b: Rillaboom|95/100|[from] Grassy Terrain
|-heal|p1a: Incineroar|10/100|[from] Grassy Terrain
|-heal|p1b: Porygon2|31/100|[from] Grassy Terrain
|upkeep
|turn|8
|-message|A Regu1ar Guy forfeited.
|
|win|ildrarVGC
|raw|ildrarVGC's rating: 1418 → 1437(+19 for winning)
|raw|A Regu1ar Guy's rating: 1394 → 1375(-19 for losing)
|l|☆A Regu1ar Guy
|player|p2|
