|j|☆uglybeast
|j|☆epic17x
|html|uglybeastepic17x    
|uhtml|bestof|Game 2 of a best-of-3
|t:|1756929181
|gametype|doubles
|player|p1|uglybeast|lucas|1326
|player|p2|epic17x|steven|1344
|gen|9
|tier|[Gen 9] VGC 2025 Reg H (Bo3)
|rated|
|rule|Species Clause: Limit one of each Pokémon
|rule|Item Clause: Limit 1 of each item
|clearpoke
|poke|p1|Murkrow, L50, F|
|poke|p1|Ursaluna-Bloodmoon, L50, M|
|poke|p1|Sneasler, L50, M|
|poke|p1|Dragapult, L50, F|
|poke|p1|Armarouge, L50, M|
|poke|p1|Indeedee-F, L50, F|
|poke|p2|Ninetales-Alola, L50, F|
|poke|p2|Rillaboom, L50, M|
|poke|p2|Magmar, L50, F|
|poke|p2|Sneasler, L50, M|
|poke|p2|Kingambit, L50, M|
|poke|p2|Basculegion, L50, M|
|teampreview|4
|showteam|p1|Murkrow||Eviolite|Prankster|Haze,SunnyDay,Tailwind,BraveBird|||F|||50|,,,,,Ghost]Ursaluna-Bloodmoon||LifeOrb|MindsEye|BloodMoon,HyperVoice,Protect,EarthPower|||M|||50|,,,,,Normal]Sneasler||PsychicSeed|Unburden|ThroatChop,DireClaw,CloseCombat,Protect|||M|||50|,,,,,Dark]Dragapult||ChoiceBand|ClearBody|DragonDarts,Outrage,Uturn,PhantomForce|||F|||50|,,,,,Dragon]Armarouge||PowerHerb|FlashFire|HeatWave,MeteorBeam,ExpandingForce,Protect|||M|||50|,,,,,Grass]Indeedee-F||RockyHelmet|PsychicSurge|DazzlingGleam,FollowMe,HelpingHand,TrickRoom|||F|||50|,,,,,Grass
|showteam|p2|Ninetales-Alola||NeverMeltIce|SnowWarning|Blizzard,FreezeDry,Encore,Protect|||F|||50|,,,,,Ghost]Rillaboom||AssaultVest|GrassySurge|WoodHammer,FakeOut,Uturn,GrassyGlide|||M|||50|,,,,,Ghost]Magmar||Eviolite|VitalSpirit|Protect,HeatWave,WillOWisp,FollowMe|||F|||50|,,,,,Ghost]Sneasler||FocusSash|PoisonTouch|FakeOut,DireClaw,CloseCombat,Protect|||M|||50|,,,,,Ghost]Kingambit||BlackGlasses|Defiant|KowtowCleave,SwordsDance,SuckerPunch,Protect|||M|||50|,,,,,Fire]Basculegion||ChoiceScarf|Adaptability|WaveCrash,FlipTurn,TeraBlast,LastRespects|||M|||50|,,,,,Fighting
|inactive|Battle timer is ON: inactive players will automatically lose when time's up. (requested by epic17x)
|
|t:|1756929209
|teamsize|p1|4
|teamsize|p2|4
|start
|switch|p1a: Paschalis|Ursaluna-Bloodmoon, L50, M|100/100
|switch|p1b: Giandam|Armarouge, L50, M|100/100
|switch|p2a: Basculegion|Basculegion, L50, M|100/100
|switch|p2b: Kingambit|Kingambit, L50, M|100/100
|turn|1
|inactive|uglybeast has 30 seconds left.
|inactive|uglybeast has 20 seconds left.
|inactive|uglybeast has 15 seconds left.
|inactive|uglybeast has 10 seconds left.
|
|t:|1756929257
|switch|p1a: Blade|Indeedee-F, L50, F|100/100
|-fieldstart|move: Psychic Terrain|[from] ability: Psychic Surge|[of] p1a: Blade
|-terastallize|p1b: Giandam|Grass
|move|p2b: Kingambit|Protect|p2b: Kingambit
|-singleturn|p2b: Kingambit|Protect
|move|p2a: Basculegion|Flip Turn|p1a: Blade
|-damage|p1a: Blade|64/100
|-damage|p2a: Basculegion|84/100|[from] item: Rocky Helmet|[of] p1a: Blade
|
|t:|1756929267
|switch|p2a: Rillaboom|Rillaboom, L50, M|100/100|[from] Flip Turn
|-fieldstart|move: Grassy Terrain|[from] ability: Grassy Surge|[of] p2a: Rillaboom
|move|p1b: Giandam|Meteor Beam||[still]
|-prepare|p1b: Giandam|Meteor Beam
|-boost|p1b: Giandam|spa|1
|-enditem|p1b: Giandam|Power Herb
|-anim|p1b: Giandam|Meteor Beam|p2a: Rillaboom
|-damage|p2a: Rillaboom|56/100
|
|-heal|p2a: Rillaboom|62/100|[from] Grassy Terrain
|-heal|p1a: Blade|71/100|[from] Grassy Terrain
|upkeep
|turn|2
|inactive|uglybeast has 30 seconds left.
|
|t:|1756929296
|switch|p1a: Anagnoman|Sneasler, L50, M|100/100
|move|p2a: Rillaboom|Fake Out|p1b: Giandam
|-damage|p1b: Giandam|86/100
|cant|p1b: Giandam|flinch
|move|p2b: Kingambit|Kowtow Cleave|p1a: Anagnoman
|-resisted|p1a: Anagnoman
|-damage|p1a: Anagnoman|49/100
|
|-heal|p1a: Anagnoman|54/100|[from] Grassy Terrain
|-heal|p1b: Giandam|92/100|[from] Grassy Terrain
|-heal|p2a: Rillaboom|68/100|[from] Grassy Terrain
|upkeep
|turn|3
|
|t:|1756929306
|move|p2b: Kingambit|Protect|p2b: Kingambit
|-singleturn|p2b: Kingambit|Protect
|move|p1a: Anagnoman|Close Combat|p2b: Kingambit
|-activate|p2b: Kingambit|move: Protect
|move|p1b: Giandam|Heat Wave|p2b: Kingambit|[spread] 
|-activate|p2b: Kingambit|move: Protect
|-miss|p1b: Giandam|p2a: Rillaboom
|move|p2a: Rillaboom|U-turn|p1b: Giandam
|-supereffective|p1b: Giandam
|-damage|p1b: Giandam|43/100
|
|t:|1756929318
|switch|p2a: Ninetales|Ninetales-Alola, L50, F|100/100|[from] U-turn
|-weather|Snowscape|[from] ability: Snow Warning|[of] p2a: Ninetales
|
|-weather|Snowscape|[upkeep]
|-heal|p1a: Anagnoman|60/100|[from] Grassy Terrain
|-heal|p1b: Giandam|50/100|[from] Grassy Terrain
|upkeep
|turn|4
|c|☆uglybeast|sure man
|
|t:|1756929333
|switch|p1b: Blade|Indeedee-F, L50, F|71/100
|-fieldstart|move: Psychic Terrain|[from] ability: Psychic Surge|[of] p1b: Blade
|-enditem|p1a: Anagnoman|Psychic Seed
|-boost|p1a: Anagnoman|spd|1|[from] item: Psychic Seed
|-terastallize|p2b: Kingambit|Fire
|move|p1a: Anagnoman|Dire Claw|p2a: Ninetales
|-supereffective|p2a: Ninetales
|-damage|p2a: Ninetales|6/100
|move|p2a: Ninetales|Blizzard|p1a: Anagnoman|[spread] p1a,p1b
|-damage|p1a: Anagnoman|27/100
|-damage|p1b: Blade|37/100
|move|p2b: Kingambit|Kowtow Cleave|p1b: Blade
|-supereffective|p1b: Blade
|-damage|p1b: Blade|0 fnt
|-damage|p2b: Kingambit|84/100|[from] item: Rocky Helmet|[of] p1b: Blade
|faint|p1b: Blade
|
|-weather|Snowscape|[upkeep]
|upkeep
|
|t:|1756929348
|switch|p1b: Giandam|Armarouge, L50, M, tera:Grass|50/100
|turn|5
|
|t:|1756929371
|switch|p2a: Rillaboom|Rillaboom, L50, M|68/100
|-fieldstart|move: Grassy Terrain|[from] ability: Grassy Surge|[of] p2a: Rillaboom
|switch|p1b: Paschalis|Ursaluna-Bloodmoon, L50, M|100/100
|move|p2b: Kingambit|Sucker Punch|p1a: Anagnoman
|-resisted|p1a: Anagnoman
|-damage|p1a: Anagnoman|0 fnt
|faint|p1a: Anagnoman
|
|-weather|Snowscape|[upkeep]
|-heal|p2a: Rillaboom|74/100|[from] Grassy Terrain
|-heal|p2b: Kingambit|90/100|[from] Grassy Terrain
|upkeep
|
|t:|1756929381
|switch|p1a: Giandam|Armarouge, L50, M, tera:Grass|50/100
|turn|6
|
|t:|1756929395
|move|p1a: Giandam|Heat Wave|p2a: Rillaboom|[spread] p2b
|-miss|p1a: Giandam|p2a: Rillaboom
|-resisted|p2b: Kingambit
|-damage|p2b: Kingambit|72/100
|move|p2a: Rillaboom|Wood Hammer|p1b: Paschalis
|-supereffective|p1b: Paschalis
|-damage|p1b: Paschalis|0 fnt
|faint|p1b: Paschalis
|-damage|p2a: Rillaboom|43/100|[from] Recoil
|move|p2b: Kingambit|Kowtow Cleave|p1a: Giandam
|-damage|p1a: Giandam|0 fnt
|faint|p1a: Giandam
|
|win|epic17x
|raw|uglybeast's rating: 1326 → 1307(-19 for losing)
|raw|epic17x's rating: 1344 → 1363(+19 for winning)
|c|☆uglybeast|ggs not much i can do with that
