|j|☆arnauito_77
|j|☆AnTree4
|html|arnauito_77AnTree4    
|uhtml|bestof|Game 1 of a best-of-3
|t:|1757696951
|gametype|doubles
|player|p1|arnauito_77|ethan|1129
|player|p2|AnTree4|brock|1190
|gen|9
|tier|[Gen 9] VGC 2025 Reg H (Bo3)
|rated|
|rule|Species Clause: Limit one of each Pokémon
|rule|Item Clause: Limit 1 of each item
|clearpoke
|poke|p1|Indeedee-F, L50, F|
|poke|p1|Armarouge, L50, F|
|poke|p1|Torkoal, L50, F|
|poke|p1|Kingambit, L50, F|
|poke|p1|Gallade, L50, M|
|poke|p1|Maushold-Four, L50|
|poke|p2|Incineroar, L50, F|
|poke|p2|Sinistcha, L50|
|poke|p2|Volcarona, L50, M|
|poke|p2|Glimmora, L50, M|
|poke|p2|Annihilape, L50, F|
|poke|p2|Grafaiai, L50, F|
|teampreview|4
|showteam|p1|Indeedee-F||PsychicSeed|PsychicSurge|Psychic,HelpingHand,FollowMe,TrickRoom|||F|||50|,,,,,Grass]Armarouge||PowerHerb|FlashFire|ExpandingForce,ArmorCannon,MeteorBeam,TrickRoom|||F|||50|,,,,,Grass]Torkoal||Charcoal|Drought|Eruption,WeatherBall,HeatWave,ClearSmog|||F|||50|,,,,,Fire]Kingambit||SafetyGoggles|Defiant|IronHead,KowtowCleave,SwordsDance,SuckerPunch|||F|||50|,,,,,Dark]Gallade||ClearAmulet|Sharpness|SacredSword,PsychoCut,WideGuard,TrickRoom|||M|||50|,,,,,Fire]Maushold-Four||WideLens|Technician|PopulationBomb,FollowMe,Taunt,Protect||||||50|,,,,,Ghost
|showteam|p2|Incineroar||RockyHelmet|Intimidate|FakeOut,KnockOff,WillOWisp,Uturn|||F|||50|,,,,,Grass]Sinistcha||SitrusBerry|Hospitality|MatchaGotcha,Hex,TrickRoom,RagePowder||||||50|,,,,,Dark]Volcarona||Leftovers|FlameBody|TeraBlast,HeatWave,QuiverDance,Protect|||M|||50|,,,,,Fairy]Glimmora||LightClay|ToxicDebris|SludgeBomb,EarthPower,LightScreen,Reflect|||M|||50|,,,,,Grass]Annihilape||SafetyGoggles|Defiant|RageFist,DrainPunch,BulkUp,Protect|||F|||50|,,,,,Fire]Grafaiai||FocusSash|Prankster|GunkShot,Doodle,SunnyDay,PartingShot|||F|||50|,,,,,Ghost
|inactive|Battle timer is ON: inactive players will automatically lose when time's up. (requested by arnauito_77)
|inactive|AnTree4 has 60 seconds left.
|
|t:|1757697038
|teamsize|p1|4
|teamsize|p2|4
|start
|switch|p1a: Indeedee|Indeedee-F, L50, F|100/100
|switch|p1b: Armarouge|Armarouge, L50, F|100/100
|switch|p2a: Glimmora|Glimmora, L50, M|100/100
|switch|p2b: Volcarona|Volcarona, L50, M|100/100
|-fieldstart|move: Psychic Terrain|[from] ability: Psychic Surge|[of] p1a: Indeedee
|-enditem|p1a: Indeedee|Psychic Seed
|-boost|p1a: Indeedee|spd|1|[from] item: Psychic Seed
|turn|1
|inactive|arnauito_77 has 30 seconds left.
|inactive|arnauito_77 has 20 seconds left.
|inactive|arnauito_77 has 15 seconds left.
|
|t:|1757697079
|move|p2b: Volcarona|Protect|p2b: Volcarona
|-singleturn|p2b: Volcarona|Protect
|move|p2a: Glimmora|Light Screen|p2a: Glimmora
|-sidestart|p2: AnTree4|move: Light Screen
|move|p1b: Armarouge|Meteor Beam||[still]
|-prepare|p1b: Armarouge|Meteor Beam
|-boost|p1b: Armarouge|spa|1
|-enditem|p1b: Armarouge|Power Herb
|-anim|p1b: Armarouge|Meteor Beam|p2b: Volcarona
|-activate|p2b: Volcarona|move: Protect
|move|p1a: Indeedee|Trick Room|p1a: Indeedee
|-fieldstart|move: Trick Room|[of] p1a: Indeedee
|
|upkeep
|turn|2
|
|t:|1757697104
|switch|p1a: Torkoal|Torkoal, L50, F|100/100
|-weather|SunnyDay|[from] ability: Drought|[of] p1a: Torkoal
|switch|p2a: Incineroar|Incineroar, L50, F|100/100
|-ability|p2a: Incineroar|Intimidate|boost
|-unboost|p1a: Torkoal|atk|1
|-unboost|p1b: Armarouge|atk|1
|move|p1b: Armarouge|Expanding Force|p2a: Incineroar|[spread] p2b
|-immune|p2a: Incineroar
|-damage|p2b: Volcarona|40/100
|move|p2b: Volcarona|Quiver Dance|p2b: Volcarona
|-boost|p2b: Volcarona|spa|1
|-boost|p2b: Volcarona|spd|1
|-boost|p2b: Volcarona|spe|1
|
|-weather|SunnyDay|[upkeep]
|-heal|p2b: Volcarona|47/100|[from] item: Leftovers
|upkeep
|turn|3
|inactive|arnauito_77 has 30 seconds left.
|
|t:|1757697130
|-terastallize|p1a: Torkoal|Fire
|move|p2b: Volcarona|Protect|p2b: Volcarona
|-singleturn|p2b: Volcarona|Protect
|move|p1a: Torkoal|Eruption|p2b: Volcarona|[spread] p2a
|-activate|p2b: Volcarona|move: Protect
|-resisted|p2a: Incineroar
|-damage|p2a: Incineroar|66/100
|move|p2a: Incineroar|Knock Off|p1a: Torkoal
|-damage|p1a: Torkoal|72/100
|-enditem|p1a: Torkoal|Charcoal|[from] move: Knock Off|[of] p2a: Incineroar
|move|p1b: Armarouge|Armor Cannon|p2a: Incineroar
|-resisted|p2a: Incineroar
|-damage|p2a: Incineroar|26/100
|-unboost|p1b: Armarouge|def|1
|-unboost|p1b: Armarouge|spd|1
|
|-weather|SunnyDay|[upkeep]
|-heal|p2b: Volcarona|53/100|[from] item: Leftovers
|upkeep
|turn|4
|inactive|arnauito_77 has 30 seconds left.
|inactive|AnTree4 has 30 seconds left.
|inactive|AnTree4 has 20 seconds left.
|inactive|AnTree4 has 15 seconds left.
|inactive|AnTree4 has 10 seconds left.
|inactive|AnTree4 has 5 seconds left.
|
|t:|1757697182
|move|p1a: Torkoal|Weather Ball|p2a: Incineroar
|-resisted|p2a: Incineroar
|-damage|p2a: Incineroar|2/100
|move|p2a: Incineroar|U-turn|p1b: Armarouge
|-damage|p1b: Armarouge|75/100
|
|t:|1757697186
|switch|p2a: Sinistcha|Sinistcha, L50|100/100|[from] U-turn
|-heal|p2b: Volcarona|78/100|[from] ability: Hospitality|[of] p2a: Sinistcha
|move|p1b: Armarouge|Armor Cannon|p2b: Volcarona
|-damage|p2b: Volcarona|10/100
|-unboost|p1b: Armarouge|def|1
|-unboost|p1b: Armarouge|spd|1
|move|p2b: Volcarona|Quiver Dance|p2b: Volcarona
|-boost|p2b: Volcarona|spa|1
|-boost|p2b: Volcarona|spd|1
|-boost|p2b: Volcarona|spe|1
|
|-weather|SunnyDay|[upkeep]
|-heal|p2b: Volcarona|16/100|[from] item: Leftovers
|upkeep
|turn|5
|
|t:|1757697207
|switch|p1a: Kingambit|Kingambit, L50, F|100/100
|switch|p2a: Incineroar|Incineroar, L50, F|2/100
|-ability|p2a: Incineroar|Intimidate|boost
|-unboost|p1a: Kingambit|atk|1
|-ability|p1a: Kingambit|Defiant|boost
|-boost|p1a: Kingambit|atk|2
|-unboost|p1b: Armarouge|atk|1
|move|p2b: Volcarona|Protect|p2b: Volcarona
|-singleturn|p2b: Volcarona|Protect
|move|p1b: Armarouge|Armor Cannon|p2a: Incineroar
|-resisted|p2a: Incineroar
|-damage|p2a: Incineroar|0 fnt
|-unboost|p1b: Armarouge|def|1
|-unboost|p1b: Armarouge|spd|1
|faint|p2a: Incineroar
|
|-weather|SunnyDay|[upkeep]
|-heal|p2b: Volcarona|22/100|[from] item: Leftovers
|-fieldend|move: Trick Room
|-fieldend|move: Psychic Terrain
|upkeep
|
|t:|1757697221
|switch|p2a: Sinistcha|Sinistcha, L50|100/100
|-heal|p2b: Volcarona|47/100|[from] ability: Hospitality|[of] p2a: Sinistcha
|turn|6
|inactive|arnauito_77 has 30 seconds left.
|inactive|arnauito_77 has 20 seconds left.
|inactive|arnauito_77 has 15 seconds left.
|
|t:|1757697263
|switch|p1b: Indeedee|Indeedee-F, L50, F|100/100
|-fieldstart|move: Psychic Terrain|[from] ability: Psychic Surge|[of] p1b: Indeedee
|-terastallize|p2a: Sinistcha|Dark
|move|p2a: Sinistcha|Rage Powder|p2a: Sinistcha
|-singleturn|p2a: Sinistcha|move: Rage Powder
|move|p2b: Volcarona|Tera Blast|p1b: Indeedee
|-damage|p1b: Indeedee|45/100
|move|p1a: Kingambit|Kowtow Cleave|p2a: Sinistcha
|-resisted|p2a: Sinistcha
|-damage|p2a: Sinistcha|63/100
|
|-weather|none
|-heal|p2b: Volcarona|53/100|[from] item: Leftovers
|upkeep
|turn|7
|
|t:|1757697287
|move|p2b: Volcarona|Heat Wave|p1b: Indeedee|[spread] p1a,p1b
|-supereffective|p1a: Kingambit
|-damage|p1a: Kingambit|0 fnt
|-damage|p1b: Indeedee|0 fnt
|faint|p1a: Kingambit
|faint|p1b: Indeedee
|move|p2a: Sinistcha|Matcha Gotcha|p1: Kingambit|[notarget]
|-fail|p2a: Sinistcha
|
|-heal|p2b: Volcarona|60/100|[from] item: Leftovers
|upkeep
|-message|arnauito_77 forfeited.
|
|win|AnTree4
||arnauito_77 is ready for game 2.
||AnTree4 is ready for game 2.
|uhtml|next|Next: Game 2 of 3
