|j|вҳҶGamerFletch
|j|вҳҶEgoJJ
|html|GamerFletchEgoJJ    
|uhtml|bestof|Game 3 of a best-of-3
|t:|1756938007
|gametype|doubles
|player|p1|GamerFletch|2|1055
|player|p2|EgoJJ|brock|1149
|gen|9
|tier|[Gen 9] VGC 2025 Reg H (Bo3)
|rated|
|rule|Species Clause: Limit one of each PokГ©mon
|rule|Item Clause: Limit 1 of each item
|clearpoke
|poke|p1|Ursaluna, L50, M|
|poke|p1|Torkoal, L50, F|
|poke|p1|Whimsicott, L50, F|
|poke|p1|Exeggutor, L50, F|
|poke|p1|Toedscruel, L50, M|
|poke|p1|Weezing-Galar, L50, M|
|poke|p2|Hatterene, L50, F|
|poke|p2|Indeedee-F, L50, F|
|poke|p2|Ursaluna, L50, M|
|poke|p2|Torkoal, L50, M|
|poke|p2|Lilligant-Hisui, L50, F|
|poke|p2|Gallade, L50, M|
|teampreview|4
|showteam|p1|Ursaluna||FlameOrb|Guts|Facade,Protect,HeadlongRush,Taunt|||M|||50|,,,,,Ground]Torkoal||HeatRock|Drought|HelpingHand,Eruption,BodyPress,Protect|||F|||50|,,,,,Fire]Whimsicott||FocusSash|Prankster|TrickRoom,Encore,Moonblast,HelpingHand|||F|||50|,,,,,Ghost]Exeggutor||SitrusBerry|Harvest|GigaDrain,TrickRoom,Psychic,Protect|||F|||50|,,,,,Poison]Toedscruel||CovertCloak|MyceliumMight|Spore,AcidSpray,Protect,EarthPower|||M|||50|,,,,,Water]Weezing-Galar||ChoiceSpecs|NeutralizingGas|SludgeBomb,Flamethrower,DazzlingGleam,StrangeSteam|||M|||50|,,,,,Fire
|showteam|p2|Hatterene||LifeOrb|MagicBounce|ExpandingForce,TrickRoom,DazzlingGleam,Protect|||F|||50|,,,,,Psychic]Indeedee-F||PsychicSeed|PsychicSurge|TrickRoom,FollowMe,HelpingHand,DazzlingGleam|||F|||50|,,,,,Fire]Ursaluna||FlameOrb|Guts|HeadlongRush,Facade,SwordsDance,Protect|||M|||50|,,,,,Ghost]Torkoal||ChoiceSpecs|Drought|Eruption,HeatWave,WeatherBall,EarthPower|||M|||50|,,,,,Fire]Lilligant-Hisui||FocusSash|Chlorophyll|SolarBlade,SleepPowder,CloseCombat,AfterYou|||F|||50|,,,,,Ghost]Gallade||ClearAmulet|Sharpness|PsychoCut,TrickRoom,SacredSword,WideGuard|||M|||50|,,,,,Grass
|inactive|Battle timer is ON: inactive players will automatically lose when time's up. (requested by EgoJJ)
|
|t:|1756938023
|teamsize|p1|4
|teamsize|p2|4
|start
|switch|p1a: Torkoal|Torkoal, L50, F, shiny|100/100
|switch|p1b: Whimsicott|Whimsicott, L50, F, shiny|100/100
|switch|p2a: зҙ«з«ҪеҘҪеҸҜж„ӣ|Lilligant-Hisui, L50, F, shiny|100/100
|switch|p2b: еӨӘжЁӮе·ҙжҲҲж–Ҝ|Torkoal, L50, M, shiny|100/100
|-weather|SunnyDay|[from] ability: Drought|[of] p1a: Torkoal
|turn|1
|inactive|EgoJJ has 30 seconds left.
|inactive|EgoJJ has 20 seconds left.
|inactive|EgoJJ has 15 seconds left.
|
|t:|1756938064
|move|p1a: Torkoal|Protect|p1a: Torkoal
|-singleturn|p1a: Torkoal|Protect
|move|p2a: зҙ«з«ҪеҘҪеҸҜж„ӣ|Sleep Powder|p1a: Torkoal
|-activate|p1a: Torkoal|move: Protect
|move|p2b: еӨӘжЁӮе·ҙжҲҲж–Ҝ|Earth Power|p1a: Torkoal
|-activate|p1a: Torkoal|move: Protect
|move|p1b: Whimsicott|Trick Room|p1b: Whimsicott
|-fieldstart|move: Trick Room|[of] p1b: Whimsicott
|
|-weather|SunnyDay|[upkeep]
|upkeep
|turn|2
|
|t:|1756938075
|-terastallize|p1a: Torkoal|Fire
|move|p1b: Whimsicott|Helping Hand|p1a: Torkoal
|-singleturn|p1a: Torkoal|Helping Hand|[of] p1b: Whimsicott
|move|p2b: еӨӘжЁӮе·ҙжҲҲж–Ҝ|Earth Power|p1a: Torkoal
|-supereffective|p1a: Torkoal
|-damage|p1a: Torkoal|3/100
|move|p1a: Torkoal|Eruption|p2a: зҙ«з«ҪеҘҪеҸҜж„ӣ|[spread] p2a,p2b
|-supereffective|p2a: зҙ«з«ҪеҘҪеҸҜж„ӣ
|-resisted|p2b: еӨӘжЁӮе·ҙжҲҲж–Ҝ
|-damage|p2a: зҙ«з«ҪеҘҪеҸҜж„ӣ|92/100
|-damage|p2b: еӨӘжЁӮе·ҙжҲҲж–Ҝ|99/100
|move|p2a: зҙ«з«ҪеҘҪеҸҜж„ӣ|Sleep Powder|p1a: Torkoal|[miss]
|-miss|p2a: зҙ«з«ҪеҘҪеҸҜж„ӣ|p1a: Torkoal
|
|-weather|SunnyDay|[upkeep]
|upkeep
|turn|3
|inactive|GamerFletch has 30 seconds left.
|inactive|EgoJJ has 30 seconds left.
|inactive|GamerFletch has 20 seconds left.
|inactive|EgoJJ has 20 seconds left.
|inactive|EgoJJ has 15 seconds left.
|
|t:|1756938116
|move|p2b: еӨӘжЁӮе·ҙжҲҲж–Ҝ|Earth Power|p1a: Torkoal
|-supereffective|p1a: Torkoal
|-damage|p1a: Torkoal|0 fnt
|faint|p1a: Torkoal
|move|p1b: Whimsicott|Moonblast|p2b: еӨӘжЁӮе·ҙжҲҲж–Ҝ
|-resisted|p2b: еӨӘжЁӮе·ҙжҲҲж–Ҝ
|-damage|p2b: еӨӘжЁӮе·ҙжҲҲж–Ҝ|81/100
|move|p2a: зҙ«з«ҪеҘҪеҸҜж„ӣ|Solar Blade||[still]
|-prepare|p2a: зҙ«з«ҪеҘҪеҸҜж„ӣ|Solar Blade
|-anim|p2a: зҙ«з«ҪеҘҪеҸҜж„ӣ|Solar Blade|p1b: Whimsicott
|-resisted|p1b: Whimsicott
|-damage|p1b: Whimsicott|66/100
|
|-weather|SunnyDay|[upkeep]
|upkeep
|
|t:|1756938131
|switch|p1a: Exeggutor|Exeggutor, L50, F, shiny|100/100
|turn|4
|inactive|EgoJJ has 30 seconds left.
|
|t:|1756938162
|switch|p2b: зҙ«з«Ҫи¶…еҸҜж„ӣ|Indeedee-F, L50, F, shiny|100/100
|-fieldstart|move: Psychic Terrain|[from] ability: Psychic Surge|[of] p2b: зҙ«з«Ҫи¶…еҸҜж„ӣ
|-enditem|p2b: зҙ«з«Ҫи¶…еҸҜж„ӣ|Psychic Seed
|-boost|p2b: зҙ«з«Ҫи¶…еҸҜж„ӣ|spd|1|[from] item: Psychic Seed
|switch|p2a: зҙ«з«ҪиҰӘиЎӣйҡҠ|Gallade, L50, M, shiny|100/100
|move|p1a: Exeggutor|Protect|p1a: Exeggutor
|-singleturn|p1a: Exeggutor|Protect
|move|p1b: Whimsicott|Moonblast|p2a: зҙ«з«ҪиҰӘиЎӣйҡҠ
|-supereffective|p2a: зҙ«з«ҪиҰӘиЎӣйҡҠ
|-damage|p2a: зҙ«з«ҪиҰӘиЎӣйҡҠ|51/100
|
|-weather|SunnyDay|[upkeep]
|upkeep
|turn|5
|inactive|GamerFletch has 30 seconds left.
|inactive|EgoJJ has 30 seconds left.
|
|t:|1756938194
|move|p2b: зҙ«з«Ҫи¶…еҸҜж„ӣ|Follow Me|p2b: зҙ«з«Ҫи¶…еҸҜж„ӣ
|-singleturn|p2b: зҙ«з«Ҫи¶…еҸҜж„ӣ|move: Follow Me
|move|p1a: Exeggutor|Psychic|p2b: зҙ«з«Ҫи¶…еҸҜж„ӣ
|-resisted|p2b: зҙ«з«Ҫи¶…еҸҜж„ӣ
|-damage|p2b: зҙ«з«Ҫи¶…еҸҜж„ӣ|86/100
|move|p2a: зҙ«з«ҪиҰӘиЎӣйҡҠ|Psycho Cut|p1b: Whimsicott
|-crit|p1b: Whimsicott
|-damage|p1b: Whimsicott|0 fnt
|faint|p1b: Whimsicott
|
|-weather|SunnyDay|[upkeep]
|-fieldend|move: Trick Room
|upkeep
|
|t:|1756938203
|switch|p1b: Ursaluna|Ursaluna, L50, M|100/100
|turn|6
|
|t:|1756938220
|move|p1b: Ursaluna|Protect|p1b: Ursaluna
|-singleturn|p1b: Ursaluna|Protect
|move|p2b: зҙ«з«Ҫи¶…еҸҜж„ӣ|Follow Me|p2b: зҙ«з«Ҫи¶…еҸҜж„ӣ
|-singleturn|p2b: зҙ«з«Ҫи¶…еҸҜж„ӣ|move: Follow Me
|move|p2a: зҙ«з«ҪиҰӘиЎӣйҡҠ|Trick Room|p2a: зҙ«з«ҪиҰӘиЎӣйҡҠ
|-fieldstart|move: Trick Room|[of] p2a: зҙ«з«ҪиҰӘиЎӣйҡҠ
|move|p1a: Exeggutor|Trick Room|p1a: Exeggutor
|-fieldend|move: Trick Room
|
|-weather|SunnyDay|[upkeep]
|-status|p1b: Ursaluna|brn|[from] item: Flame Orb
|upkeep
|turn|7
|
|t:|1756938235
|move|p2b: зҙ«з«Ҫи¶…еҸҜж„ӣ|Helping Hand|p2a: зҙ«з«ҪиҰӘиЎӣйҡҠ
|-singleturn|p2a: зҙ«з«ҪиҰӘиЎӣйҡҠ|Helping Hand|[of] p2b: зҙ«з«Ҫи¶…еҸҜж„ӣ
|move|p2a: зҙ«з«ҪиҰӘиЎӣйҡҠ|Sacred Sword|p1b: Ursaluna
|-supereffective|p1b: Ursaluna
|-damage|p1b: Ursaluna|0 fnt
|faint|p1b: Ursaluna
|move|p1a: Exeggutor|Trick Room|p1a: Exeggutor
|-fieldstart|move: Trick Room|[of] p1a: Exeggutor
|
|-weather|SunnyDay|[upkeep]
|upkeep
|turn|8
|
|t:|1756938248
|move|p2b: зҙ«з«Ҫи¶…еҸҜж„ӣ|Follow Me|p2b: зҙ«з«Ҫи¶…еҸҜж„ӣ
|-singleturn|p2b: зҙ«з«Ҫи¶…еҸҜж„ӣ|move: Follow Me
|move|p1a: Exeggutor|Giga Drain|p2b: зҙ«з«Ҫи¶…еҸҜж„ӣ
|-damage|p2b: зҙ«з«Ҫи¶…еҸҜж„ӣ|67/100
|move|p2a: зҙ«з«ҪиҰӘиЎӣйҡҠ|Psycho Cut|p1a: Exeggutor
|-resisted|p1a: Exeggutor
|-damage|p1a: Exeggutor|68/100
|
|-weather|none
|-fieldend|move: Psychic Terrain
|upkeep
|turn|9
|
|t:|1756938256
|move|p2b: зҙ«з«Ҫи¶…еҸҜж„ӣ|Follow Me|p2b: зҙ«з«Ҫи¶…еҸҜж„ӣ
|-singleturn|p2b: зҙ«з«Ҫи¶…еҸҜж„ӣ|move: Follow Me
|move|p1a: Exeggutor|Giga Drain|p2b: зҙ«з«Ҫи¶…еҸҜж„ӣ
|-damage|p2b: зҙ«з«Ҫи¶…еҸҜж„ӣ|47/100
|-heal|p1a: Exeggutor|77/100|[from] drain|[of] p2b: зҙ«з«Ҫи¶…еҸҜж„ӣ
|move|p2a: зҙ«з«ҪиҰӘиЎӣйҡҠ|Psycho Cut|p1a: Exeggutor
|-resisted|p1a: Exeggutor
|-damage|p1a: Exeggutor|47/100
|-enditem|p1a: Exeggutor|Sitrus Berry|[eat]
|-heal|p1a: Exeggutor|72/100|[from] item: Sitrus Berry
|
|upkeep
|turn|10
|
|t:|1756938266
|move|p2b: зҙ«з«Ҫи¶…еҸҜж„ӣ|Follow Me|p2b: зҙ«з«Ҫи¶…еҸҜж„ӣ
|-singleturn|p2b: зҙ«з«Ҫи¶…еҸҜж„ӣ|move: Follow Me
|move|p1a: Exeggutor|Giga Drain|p2b: зҙ«з«Ҫи¶…еҸҜж„ӣ
|-damage|p2b: зҙ«з«Ҫи¶…еҸҜж„ӣ|25/100
|-heal|p1a: Exeggutor|82/100|[from] drain|[of] p2b: зҙ«з«Ҫи¶…еҸҜж„ӣ
|move|p2a: зҙ«з«ҪиҰӘиЎӣйҡҠ|Psycho Cut|p1a: Exeggutor
|-resisted|p1a: Exeggutor
|-crit|p1a: Exeggutor
|-damage|p1a: Exeggutor|43/100
|
|-item|p1a: Exeggutor|Sitrus Berry|[from] ability: Harvest
|upkeep
|-enditem|p1a: Exeggutor|Sitrus Berry|[eat]
|-heal|p1a: Exeggutor|68/100|[from] item: Sitrus Berry
|turn|11
|
|t:|1756938279
|move|p2b: зҙ«з«Ҫи¶…еҸҜж„ӣ|Follow Me|p2b: зҙ«з«Ҫи¶…еҸҜж„ӣ
|-singleturn|p2b: зҙ«з«Ҫи¶…еҸҜж„ӣ|move: Follow Me
|move|p1a: Exeggutor|Giga Drain|p2b: зҙ«з«Ҫи¶…еҸҜж„ӣ
|-damage|p2b: зҙ«з«Ҫи¶…еҸҜж„ӣ|4/100
|-heal|p1a: Exeggutor|78/100|[from] drain|[of] p2b: зҙ«з«Ҫи¶…еҸҜж„ӣ
|move|p2a: зҙ«з«ҪиҰӘиЎӣйҡҠ|Psycho Cut|p1a: Exeggutor
|-resisted|p1a: Exeggutor
|-damage|p1a: Exeggutor|53/100
|
|-fieldend|move: Trick Room
|upkeep
|turn|12
|
|t:|1756938291
|move|p2b: зҙ«з«Ҫи¶…еҸҜж„ӣ|Follow Me|p2b: зҙ«з«Ҫи¶…еҸҜж„ӣ
|-singleturn|p2b: зҙ«з«Ҫи¶…еҸҜж„ӣ|move: Follow Me
|move|p1a: Exeggutor|Giga Drain|p2b: зҙ«з«Ҫи¶…еҸҜж„ӣ
|-damage|p2b: зҙ«з«Ҫи¶…еҸҜж„ӣ|0 fnt
|-heal|p1a: Exeggutor|54/100|[from] drain|[of] p2b: зҙ«з«Ҫи¶…еҸҜж„ӣ
|faint|p2b: зҙ«з«Ҫи¶…еҸҜж„ӣ
|move|p2a: зҙ«з«ҪиҰӘиЎӣйҡҠ|Trick Room|p2a: зҙ«з«ҪиҰӘиЎӣйҡҠ
|-fieldstart|move: Trick Room|[of] p2a: зҙ«з«ҪиҰӘиЎӣйҡҠ
|
|upkeep
|
|t:|1756938294
|switch|p2b: еӨӘжЁӮе·ҙжҲҲж–Ҝ|Torkoal, L50, M, shiny|81/100
|-weather|SunnyDay|[from] ability: Drought|[of] p2b: еӨӘжЁӮе·ҙжҲҲж–Ҝ
|turn|13
|
|t:|1756938303
|move|p1a: Exeggutor|Protect|p1a: Exeggutor
|-singleturn|p1a: Exeggutor|Protect
|move|p2b: еӨӘжЁӮе·ҙжҲҲж–Ҝ|Eruption|p1a: Exeggutor
|-activate|p1a: Exeggutor|move: Protect
|move|p2a: зҙ«з«ҪиҰӘиЎӣйҡҠ|Psycho Cut|p1a: Exeggutor
|-activate|p1a: Exeggutor|move: Protect
|
|-weather|SunnyDay|[upkeep]
|-item|p1a: Exeggutor|Sitrus Berry|[from] ability: Harvest
|upkeep
|turn|14
|
|t:|1756938323
|move|p2b: еӨӘжЁӮе·ҙжҲҲж–Ҝ|Eruption|p1a: Exeggutor
|-supereffective|p1a: Exeggutor
|-damage|p1a: Exeggutor|0 fnt
|faint|p1a: Exeggutor
|
|win|EgoJJ
|raw|GamerFletch's rating: 1055 → 1042(-13 for losing)
|raw|EgoJJ's rating: 1149 → 1167(+18 for winning)
|l|вҳҶGamerFletch
|player|p1|
