|j|☆Wild Card Kid
|j|☆teyvgc
|html|Wild Card Kidteyvgc    
|uhtml|bestof|Game 3 of a best-of-3
|t:|1782405063
|gametype|doubles
|player|p1|Wild Card Kid|pokemaniac|1085
|player|p2|teyvgc|rood|1168
|gen|9
|tier|[Gen 9 Champions] VGC 2026 Reg M-B (Bo3)
|rated|
|rule|Species Clause: Limit one of each Pokémon
|rule|Item Clause: Limit 1 of each item
|clearpoke
|poke|p1|Raichu, L50, M|
|poke|p1|Farigiraf, L50, M, shiny|
|poke|p1|Palafin, L50, M|
|poke|p1|Whimsicott, L50, F|
|poke|p1|Incineroar, L50, F|
|poke|p1|Mawile, L50, F|
|poke|p2|Dragalge, L50, F, shiny|
|poke|p2|Gholdengo, L50|
|poke|p2|Staraptor, L50, M, shiny|
|poke|p2|Whimsicott, L50, F, shiny|
|poke|p2|Incineroar, L50, M, shiny|
|poke|p2|Farigiraf, L50, F, shiny|
|teampreview|4
|showteam|p1|Raichu||RaichuniteY|LightningRod|FocusBlast,ZapCannon,FakeOut,Protect|Modest||M|||50|]Farigiraf||Leftovers|ArmorTail|Thunderbolt,TrickRoom,Psychic,Protect|Quiet||M|||50|]Palafin|||ZerotoHero|FlipTurn,Protect,WaveCrash,Taunt|Jolly||M|||50|]Whimsicott||FocusSash|Prankster|Tailwind,Encore,Moonblast,Protect|Calm||F|||50|]Incineroar||ChestoBerry|Intimidate|Protect,PartingShot,FakeOut,FlareBlitz|Jolly||F|||50|]Mawile||Mawilite|Intimidate|ThunderPunch,IronHead,PlayRough,Protect|Adamant||F|||50|
|showteam|p2|Dragalge||Dragalgite|PoisonPoint|DracoMeteor,SludgeBomb,DragonPulse,Protect|Calm||F|||50|]Gholdengo||MetalCoat|GoodasGold|MakeItRain,Protect,NastyPlot,ShadowBall|Modest|||||50|]Staraptor||Staraptite|Intimidate|CloseCombat,DualWingbeat,Roost,Protect|Jolly||M|||50|]Whimsicott||FocusSash|Prankster|Tailwind,Charm,Moonblast,Protect|Timid||F|||50|]Incineroar||Charcoal|Intimidate|FakeOut,FlareBlitz,DarkestLariat,PartingShot|Adamant||M|||50|]Farigiraf||SitrusBerry|ArmorTail|TrickRoom,TwinBeam,Thunderbolt,Protect|Quiet||F|||50|
|
|t:|1782405092
|teamsize|p1|4
|teamsize|p2|4
|start
|switch|p1a: Raichu|Raichu, L50, M|100/100
|switch|p1b: Whimsicott|Whimsicott, L50, F|100/100
|switch|p2a: DJ Dan|Incineroar, L50, M, shiny|100/100
|switch|p2b: Kano Kyuseki|Farigiraf, L50, F, shiny|100/100
|-ability|p2a: DJ Dan|Intimidate|boost
|-unboost|p1a: Raichu|atk|1
|-unboost|p1b: Whimsicott|atk|1
|turn|1
|
|t:|1782405117
|detailschange|p1a: Raichu|Raichu-Mega-Y, L50, M
|-mega|p1a: Raichu|Raichu|Raichunite Y
|move|p2a: DJ Dan|Fake Out|p1a: Raichu
|-damage|p1a: Raichu|72/100
|move|p1b: Whimsicott|Tailwind|p1b: Whimsicott
|-sidestart|p1: Wild Card Kid|move: Tailwind
|cant|p1a: Raichu|flinch
|move|p2b: Kano Kyuseki|Twin Beam|p1a: Raichu
|-damage|p1a: Raichu|41/100
|-damage|p1a: Raichu|10/100
|-hitcount|p1a: Raichu|2
|
|upkeep
|turn|2
|
|t:|1782405149
|switch|p1b: Incineroar|Incineroar, L50, F|100/100
|-ability|p1b: Incineroar|Intimidate|boost
|-unboost|p2a: DJ Dan|atk|1
|-unboost|p2b: Kano Kyuseki|atk|1
|move|p1a: Raichu|Protect|p1a: Raichu
|-singleturn|p1a: Raichu|Protect
|move|p2a: DJ Dan|Parting Shot|p1a: Raichu
|-activate|p1a: Raichu|move: Protect
|move|p2b: Kano Kyuseki|Trick Room|p2b: Kano Kyuseki
|-fieldstart|move: Trick Room|[of] p2b: Kano Kyuseki
|
|upkeep
|turn|3
|
|t:|1782405191
|switch|p2b: Staraptor|Staraptor, L50, M, shiny|100/100
|-ability|p2b: Staraptor|Intimidate|boost
|-unboost|p1a: Raichu|atk|1
|-unboost|p1b: Incineroar|atk|1
|switch|p1a: Palafin|Palafin, L50, M|100/100
|move|p2a: DJ Dan|Flare Blitz|p1a: Palafin
|-resisted|p1a: Palafin|1
|-damage|p1a: Palafin|66/100
|-damage|p2a: DJ Dan|90/100|[from] Recoil
|move|p1b: Incineroar|Flare Blitz|p2b: Staraptor
|-damage|p2b: Staraptor|52/100
|-damage|p1b: Incineroar|87/100|[from] Recoil
|
|upkeep
|turn|4
|
|t:|1782405216
|detailschange|p2b: Staraptor|Staraptor-Mega, L50, M, shiny
|-mega|p2b: Staraptor|Staraptor|Staraptite
|move|p2a: DJ Dan|Parting Shot|p1a: Palafin
|-unboost|p1a: Palafin|atk|1
|-unboost|p1a: Palafin|spa|1
|inactive|Battle timer is ON: inactive players will automatically lose when time's up. (requested by Wild Card Kid)
|inactive|teyvgc has 60 seconds left.
|
|t:|1782405261
|switch|p2a: Sam Bankman|Gholdengo, L50|100/100|[from] Parting Shot
|move|p1b: Incineroar|Flare Blitz|p2b: Staraptor
|-damage|p2b: Staraptor|15/100
|-damage|p1b: Incineroar|77/100|[from] Recoil
|move|p2b: Staraptor|Close Combat|p1b: Incineroar
|-supereffective|p1b: Incineroar|1
|-damage|p1b: Incineroar|0 fnt
|-boost|p2b: Staraptor|def|1
|-boost|p2b: Staraptor|spd|1
|faint|p1b: Incineroar
|move|p1a: Palafin|Flip Turn|p2a: Sam Bankman
|-damage|p2a: Sam Bankman|87/100
|
|t:|1782405277
|detailschange|p1a: Palafin|Palafin-Hero, L50, M
|switch|p1a: Whimsicott|Whimsicott, L50, F|100/100|[from] Flip Turn
|
|-sideend|p1: Wild Card Kid|move: Tailwind
|upkeep
|
|t:|1782405287
|switch|p1b: Palafin|Palafin-Hero, L50, M|66/100
|-activate|p1b: Palafin|ability: Zero to Hero
|turn|5
|inactive|teyvgc has 30 seconds left.
|
|t:|1782405315
|move|p1b: Palafin|Protect|p1b: Palafin
|-singleturn|p1b: Palafin|Protect
|move|p2a: Sam Bankman|Make It Rain|p1b: Palafin|[spread] p1a
|-activate|p1b: Palafin|move: Protect
|-supereffective|p1a: Whimsicott|1
|-enditem|p1a: Whimsicott|Focus Sash
|-damage|p1a: Whimsicott|1/100
|-unboost|p2a: Sam Bankman|spa|2
|move|p1a: Whimsicott|Moonblast|p2b: Staraptor
|-supereffective|p2b: Staraptor|1
|-damage|p2b: Staraptor|0 fnt
|faint|p2b: Staraptor
|
|upkeep
|
|t:|1782405325
|switch|p2b: Kano Kyuseki|Farigiraf, L50, F, shiny|100/100
|turn|6
|
|t:|1782405345
|move|p2b: Kano Kyuseki|Thunderbolt|p1b: Palafin
|-supereffective|p1b: Palafin|1
|-damage|p1b: Palafin|1/100
|move|p2a: Sam Bankman|Make It Rain|p1b: Palafin|[spread] p1a,p1b
|-supereffective|p1a: Whimsicott|1
|-resisted|p1b: Palafin|1
|-damage|p1a: Whimsicott|0 fnt
|-damage|p1b: Palafin|0 fnt
|-unboost|p2a: Sam Bankman|spa|2
|faint|p1a: Whimsicott
|faint|p1b: Palafin
|
|-fieldend|move: Trick Room
|upkeep
|
|t:|1782405357
|switch|p1b: Raichu|Raichu-Mega-Y, L50, M|10/100
|turn|7
|
|t:|1782405363
|move|p1b: Raichu|Zap Cannon|p2a: Sam Bankman
|-damage|p2a: Sam Bankman|11/100
|-status|p2a: Sam Bankman|par
|move|p2b: Kano Kyuseki|Twin Beam|p1b: Raichu
|-damage|p1b: Raichu|0 fnt
|faint|p1b: Raichu
|-hitcount|p1: Raichu|1
|
|win|teyvgc
|raw|Wild Card Kid's rating: 1085 → 1068(-17 for losing)
|raw|teyvgc's rating: 1168 → 1187(+19 for winning)
