|j|☆viatles
|j|☆Pineyfressh
|html|viatlesPineyfressh    
|uhtml|bestof|Game 2 of a best-of-3
|t:|1785372806
|gametype|doubles
|player|p1|viatles|hiker|1139
|player|p2|Pineyfressh|1|1045
|gen|9
|tier|[Gen 9 Champions] VGC 2026 Reg M-B (Bo3)
|rated|
|rule|Species Clause: Limit one of each Pokémon
|rule|Item Clause: Limit 1 of each item
|clearpoke
|poke|p1|Falinks, L50, shiny|
|poke|p1|Wyrdeer, L50, M|
|poke|p1|Milotic, L50, F, shiny|
|poke|p1|Staraptor, L50, M|
|poke|p1|Tsareena, L50, F|
|poke|p1|Grimmsnarl, L50, M|
|poke|p2|Tyranitar, L50, F|
|poke|p2|Aerodactyl, L50, M|
|poke|p2|Gholdengo, L50|
|poke|p2|Excadrill, L50, M|
|poke|p2|Scovillain, L50, F|
|poke|p2|Milotic, L50, M|
|teampreview|4
|showteam|p1|Falinks||Falinksite|Defiant|RockSlide,CloseCombat,Protect,KnockOff|Jolly|||||50|]Wyrdeer||ChoiceScarf|Intimidate|SkillSwap,PsyshieldBash,Trick,Hypnosis|Jolly||M|||50|]Milotic||Leftovers|Competitive|IcyWind,Scald,Protect,LifeDew|Bold||F|||50|]Staraptor||Staraptite|Intimidate|CloseCombat,BraveBird,Protect,Tailwind|Jolly||M|||50|]Tsareena||WideLens|QueenlyMajesty|TripleAxel,TropKick,KnockOff,LowKick|Jolly||F|||50|]Grimmsnarl||LightClay|Prankster|FakeOut,SpiritBreak,LightScreen,Reflect|Calm||M|||50|
|showteam|p2|Tyranitar||Tyranitarite|SandStream|KnockOff,RockSlide,Protect,BrickBreak|Adamant||F|||50|]Aerodactyl||MentalHerb|RockHead|Tailwind,RockSlide,Protect,Taunt|Jolly||M|||50|]Gholdengo||LifeOrb|GoodasGold|MakeItRain,ShadowBall,NastyPlot,Protect|Timid|||||50|]Excadrill||FocusSash|SandRush|Earthquake,IronHead,Protect,StompingTantrum|Adamant||M|||50|]Scovillain||Scovillainite|Chlorophyll|RagePowder,LeechSeed,Protect,Overheat|Calm||F|||50|]Milotic||Leftovers|MarvelScale|Protect,Scald,IcyWind,Haze|Modest||M|||50|
|inactive|Battle timer is ON: inactive players will automatically lose when time's up. (requested by viatles)
|
|t:|1785372820
|teamsize|p1|4
|teamsize|p2|4
|start
|switch|p1a: Milk Duds|Falinks, L50, shiny|100/100
|switch|p1b: Wyrdeer|Wyrdeer, L50, M|100/100
|switch|p2a: Aerodactyl|Aerodactyl, L50, M|100/100
|switch|p2b: Tyranitar|Tyranitar, L50, F|100/100
|-ability|p1b: Wyrdeer|Intimidate|boost
|-unboost|p2a: Aerodactyl|atk|1
|-unboost|p2b: Tyranitar|atk|1
|-weather|Sandstorm|[from] ability: Sand Stream|[of] p2b: Tyranitar
|turn|1
|inactive|Pineyfressh has 30 seconds left.
|inactive|Pineyfressh has 20 seconds left.
|
|t:|1785372855
|switch|p2b: Gholdengo|Gholdengo, L50|100/100
|detailschange|p1a: Milk Duds|Falinks-Mega, L50, shiny
|-mega|p1a: Milk Duds|Falinks|Falinksite
|move|p2a: Aerodactyl|Tailwind|p2a: Aerodactyl
|-sidestart|p2: Pineyfressh|move: Tailwind
|move|p1b: Wyrdeer|Skill Swap|p2a: Aerodactyl
|-activate|p1b: Wyrdeer|Skill Swap|Rock Head|Intimidate|[of] p2a: Aerodactyl
|-ability|p2a: Aerodactyl|Intimidate|boost
|-unboost|p1a: Milk Duds|atk|1
|-ability|p1a: Milk Duds|Defiant|boost
|-boost|p1a: Milk Duds|atk|2
|-unboost|p1b: Wyrdeer|atk|1
|move|p1a: Milk Duds|Close Combat|p2b: Gholdengo
|-immune|p2b: Gholdengo
|
|-weather|Sandstorm|[upkeep]
|-damage|p1b: Wyrdeer|93/100|[from] Sandstorm
|-damage|p1a: Milk Duds|94/100|[from] Sandstorm
|upkeep
|turn|2
|inactive|viatles has 30 seconds left.
|inactive|Pineyfressh has 30 seconds left.
|
|t:|1785372886
|switch|p1b: Pentious|Milotic, L50, F, shiny|100/100
|move|p1a: Milk Duds|Protect|p1a: Milk Duds
|-singleturn|p1a: Milk Duds|Protect
|move|p2a: Aerodactyl|Rock Slide|p1b: Pentious|[spread] p1b
|-activate|p1a: Milk Duds|move: Protect
|-damage|p1b: Pentious|86/100
|move|p2b: Gholdengo|Make It Rain|p1a: Milk Duds|[spread] p1b
|-activate|p1a: Milk Duds|move: Protect
|-resisted|p1b: Pentious|1
|-damage|p1b: Pentious|64/100
|-unboost|p2b: Gholdengo|spa|2
|-damage|p2b: Gholdengo|90/100|[from] item: Life Orb
|
|-weather|Sandstorm|[upkeep]
|-damage|p1a: Milk Duds|88/100|[from] Sandstorm
|-damage|p1b: Pentious|57/100|[from] Sandstorm
|-heal|p1b: Pentious|64/100|[from] item: Leftovers
|upkeep
|turn|3
|
|t:|1785372910
|switch|p2b: Excadrill|Excadrill, L50, M|100/100
|move|p2a: Aerodactyl|Rock Slide|p1a: Milk Duds|[spread] p1b
|-miss|p2a: Aerodactyl|p1a: Milk Duds
|-damage|p1b: Pentious|52/100
|move|p1a: Milk Duds|Knock Off|p2b: Excadrill
|-damage|p2b: Excadrill|35/100
|-enditem|p2b: Excadrill|Focus Sash|[from] move: Knock Off|[of] p1a: Milk Duds
|cant|p1b: Pentious|flinch
|
|-weather|Sandstorm|[upkeep]
|-damage|p1a: Milk Duds|83/100|[from] Sandstorm
|-damage|p1b: Pentious|46/100|[from] Sandstorm
|-heal|p1b: Pentious|52/100|[from] item: Leftovers
|upkeep
|turn|4
|
|t:|1785372932
|switch|p1b: Wyrdeer|Wyrdeer, L50, M|93/100
|-ability|p1b: Wyrdeer|Intimidate|boost
|-unboost|p2a: Aerodactyl|atk|1
|-unboost|p2b: Excadrill|atk|1
|move|p1a: Milk Duds|Protect|p1a: Milk Duds
|-singleturn|p1a: Milk Duds|Protect
|move|p2b: Excadrill|Earthquake|p1b: Wyrdeer|[spread] p1b
|-activate|p1a: Milk Duds|move: Protect
|-immune|p2a: Aerodactyl
|-damage|p1b: Wyrdeer|58/100
|move|p2a: Aerodactyl|Rock Slide|p1a: Milk Duds|[spread] p1b
|-activate|p1a: Milk Duds|move: Protect
|-damage|p1b: Wyrdeer|46/100
|
|-weather|Sandstorm|[upkeep]
|-damage|p1b: Wyrdeer|40/100|[from] Sandstorm
|-damage|p1a: Milk Duds|77/100|[from] Sandstorm
|-sideend|p2: Pineyfressh|move: Tailwind
|upkeep
|turn|5
|inactive|viatles has 30 seconds left.
|inactive|Pineyfressh has 30 seconds left.
|
|t:|1785372962
|switch|p1b: Pentious|Milotic, L50, F, shiny|52/100
|move|p2b: Excadrill|Earthquake|p1a: Milk Duds|[spread] p1a,p1b
|-immune|p2a: Aerodactyl
|-damage|p1a: Milk Duds|50/100y
|-damage|p1b: Pentious|26/100
|move|p2a: Aerodactyl|Taunt|p1b: Pentious
|-start|p1b: Pentious|move: Taunt
|move|p1a: Milk Duds|Knock Off|p2b: Excadrill
|-damage|p2b: Excadrill|0 fnt
|faint|p2b: Excadrill
|
|-weather|none
|-heal|p1b: Pentious|32/100|[from] item: Leftovers
|upkeep
|
|t:|1785372976
|switch|p2b: Tyranitar|Tyranitar, L50, F|100/100
|-weather|Sandstorm|[from] ability: Sand Stream|[of] p2b: Tyranitar
|turn|6
|
|t:|1785372985
|switch|p1b: Wyrdeer|Wyrdeer, L50, M|40/100
|-ability|p1b: Wyrdeer|Intimidate|boost
|-unboost|p2a: Aerodactyl|atk|1
|-unboost|p2b: Tyranitar|atk|1
|detailschange|p2b: Tyranitar|Tyranitar-Mega, L50, F
|-mega|p2b: Tyranitar|Tyranitar|Tyranitarite
|move|p1a: Milk Duds|Protect|p1a: Milk Duds
|-singleturn|p1a: Milk Duds|Protect
|move|p2a: Aerodactyl|Tailwind|p2a: Aerodactyl
|-sidestart|p2: Pineyfressh|move: Tailwind
|move|p2b: Tyranitar|Rock Slide|p1a: Milk Duds|[spread] p1b
|-activate|p1a: Milk Duds|move: Protect
|-damage|p1b: Wyrdeer|12/100
|
|-weather|Sandstorm|[upkeep]
|-damage|p1b: Wyrdeer|6/100|[from] Sandstorm
|-damage|p1a: Milk Duds|44/100|[from] Sandstorm
|upkeep
|turn|7
|inactive|viatles has 30 seconds left.
|
|t:|1785373014
|switch|p2b: Gholdengo|Gholdengo, L50|90/100
|move|p2a: Aerodactyl|Rock Slide|p1b: Wyrdeer|[spread] p1a,p1b
|-resisted|p1a: Milk Duds|1
|-damage|p1a: Milk Duds|40/100
|-damage|p1b: Wyrdeer|0 fnt
|faint|p1b: Wyrdeer
|cant|p1a: Milk Duds|flinch
|
|-weather|Sandstorm|[upkeep]
|-damage|p1a: Milk Duds|34/100|[from] Sandstorm
|upkeep
|
|t:|1785373031
|switch|p1b: Pentious|Milotic, L50, F, shiny|32/100
|turn|8
|
|t:|1785373047
|move|p1b: Pentious|Protect|p1b: Pentious
|-singleturn|p1b: Pentious|Protect
|move|p2a: Aerodactyl|Rock Slide|p1b: Pentious|[spread] p1a
|-activate|p1b: Pentious|move: Protect
|-resisted|p1a: Milk Duds|1
|-damage|p1a: Milk Duds|30/100
|move|p2b: Gholdengo|Shadow Ball|p1a: Milk Duds
|-damage|p1a: Milk Duds|0 fnt
|faint|p1a: Milk Duds
|-damage|p2b: Gholdengo|80/100|[from] item: Life Orb
|
|-weather|Sandstorm|[upkeep]
|-damage|p1b: Pentious|26/100|[from] Sandstorm
|-heal|p1b: Pentious|32/100|[from] item: Leftovers
|upkeep
|
|t:|1785373061
|switch|p1a: Tsareena|Tsareena, L50, F|100/100
|turn|9
|
|t:|1785373077
|move|p2a: Aerodactyl|Rock Slide|p1b: Pentious|[spread] p1a,p1b
|-damage|p1a: Tsareena|91/100
|-damage|p1b: Pentious|26/100
|move|p2b: Gholdengo|Shadow Ball|p1a: Tsareena
|-crit|p1a: Tsareena
|-damage|p1a: Tsareena|12/100
|-damage|p2b: Gholdengo|70/100|[from] item: Life Orb
|move|p1a: Tsareena|Knock Off|p2b: Gholdengo
|-supereffective|p2b: Gholdengo|1
|-damage|p2b: Gholdengo|15/100
|-enditem|p2b: Gholdengo|Life Orb|[from] move: Knock Off|[of] p1a: Tsareena
|cant|p1b: Pentious|flinch
|
|-weather|Sandstorm|[upkeep]
|-damage|p1a: Tsareena|6/100|[from] Sandstorm
|-damage|p1b: Pentious|19/100|[from] Sandstorm
|-heal|p1b: Pentious|26/100|[from] item: Leftovers
|-sideend|p2: Pineyfressh|move: Tailwind
|upkeep
|turn|10
|
|t:|1785373097
|move|p2a: Aerodactyl|Rock Slide|p1b: Pentious|[spread] p1a,p1b
|-damage|p1a: Tsareena|0 fnt
|-damage|p1b: Pentious|19/100
|faint|p1a: Tsareena
|move|p2b: Gholdengo|Make It Rain|p1b: Pentious
|-resisted|p1b: Pentious|1
|-damage|p1b: Pentious|0 fnt
|-unboost|p2b: Gholdengo|spa|2
|faint|p1b: Pentious
|
|win|Pineyfressh
