|j|☆PippoLungoCalzino
|j|☆alecfromkanto
|html|PippoLungoCalzinoalecfromkanto    
|uhtml|bestof|Game 3 of a best-of-3
|t:|1756152482
|gametype|doubles
|player|p1|PippoLungoCalzino|bugsy|1149
|player|p2|alecfromkanto|cynthia-gen4|1243
|gen|9
|tier|[Gen 9] VGC 2025 Reg H (Bo3)
|rated|
|rule|Species Clause: Limit one of each Pokémon
|rule|Item Clause: Limit 1 of each item
|clearpoke
|poke|p1|Dragonite, L50, F|
|poke|p1|Gholdengo, L50|
|poke|p1|Sneasler, L50, M|
|poke|p1|Talonflame, L50, F|
|poke|p1|Archaludon, L50, F|
|poke|p1|Garchomp, L50, F|
|poke|p2|Basculegion, L50, M|
|poke|p2|Amoonguss, L50, M|
|poke|p2|Incineroar, L50, F|
|poke|p2|Rillaboom, L50, F|
|poke|p2|Sneasler, L50, M|
|poke|p2|Kilowattrel, L50, M|
|teampreview|4
|showteam|p1|Dragonite||LoadedDice|Multiscale|ScaleShot,ExtremeSpeed,IceSpinner,Haze|||F|||50|,,,,,Fairy]Gholdengo||ChoiceSpecs|GoodasGold|MakeItRain,ShadowBall,PowerGem,Thunderbolt||||||50|,,,,,Steel]Sneasler||FocusSash|Unburden|CloseCombat,DireClaw,FakeOut,Coaching|||M|||50|,,,,,Stellar]Talonflame||CovertCloak|GaleWings|BraveBird,Tailwind,WillOWisp,Taunt|||F|||50|,,,,,Grass]Archaludon||PowerHerb|Sturdy|FlashCannon,DracoMeteor,ElectroShot,Protect|||F|||50|,,,,,Flying]Garchomp||LifeOrb|RoughSkin|DragonClaw,StompingTantrum,Earthquake,Protect|||F|||50|,,,,,Ground
|showteam|p2|Basculegion||ChoiceScarf|Adaptability|WaveCrash,LastRespects,FlipTurn,AquaJet|||M|||50|,,,,,Water]Amoonguss||SitrusBerry|Regenerator|PollenPuff,RagePowder,Spore,Protect|||M|||50|,,,,,Water]Incineroar||SafetyGoggles|Intimidate|FakeOut,KnockOff,FlareBlitz,PartingShot|||F|||50|,,,,,Ghost]Rillaboom||AssaultVest|GrassySurge|WoodHammer,GrassyGlide,FakeOut,HighHorsepower|||F|||50|,,,,,Fire]Sneasler||GrassySeed|Unburden|CloseCombat,DireClaw,Acrobatics,Protect|||M|||50|,,,,,Flying]Kilowattrel||FocusSash|Competitive|Thunderbolt,AirSlash,Tailwind,Protect|||M|||50|,,,,,Fairy
|inactive|Battle timer is ON: inactive players will automatically lose when time's up. (requested by alecfromkanto)
|inactive|alecfromkanto has 60 seconds left.
|
|t:|1756152523
|teamsize|p1|4
|teamsize|p2|4
|start
|switch|p1a: Talonflame|Talonflame, L50, F|100/100
|switch|p1b: Gholdengo|Gholdengo, L50|100/100
|switch|p2a: Kilowattrel|Kilowattrel, L50, M, shiny|100/100
|switch|p2b: Incineroar|Incineroar, L50, F, shiny|100/100
|-ability|p2b: Incineroar|Intimidate|boost
|-unboost|p1a: Talonflame|atk|1
|-unboost|p1b: Gholdengo|atk|1
|turn|1
|inactive|PippoLungoCalzino has 30 seconds left.
|inactive|alecfromkanto has 30 seconds left.
|
|t:|1756152550
|move|p2a: Kilowattrel|Protect|p2a: Kilowattrel
|-singleturn|p2a: Kilowattrel|Protect
|move|p1a: Talonflame|Taunt|p2a: Kilowattrel
|-activate|p2a: Kilowattrel|move: Protect
|move|p1b: Gholdengo|Make It Rain|p2b: Incineroar|[spread] p2b
|-activate|p2a: Kilowattrel|move: Protect
|-resisted|p2b: Incineroar
|-damage|p2b: Incineroar|74/100
|-unboost|p1b: Gholdengo|spa|1
|move|p2b: Incineroar|Flare Blitz|p1b: Gholdengo
|-supereffective|p1b: Gholdengo
|-damage|p1b: Gholdengo|0 fnt
|faint|p1b: Gholdengo
|-damage|p2b: Incineroar|45/100|[from] Recoil
|
|upkeep
|
|t:|1756152556
|switch|p1b: Garchomp|Garchomp, L50, F|100/100
|turn|2
|inactive|alecfromkanto has 30 seconds left.
|inactive|alecfromkanto has 20 seconds left.
|inactive|alecfromkanto has 15 seconds left.
|inactive|alecfromkanto has 10 seconds left.
|inactive|PippoLungoCalzino has 30 seconds left.
|inactive|alecfromkanto has 5 seconds left.
|
|t:|1756152608
|switch|p2b: Rillaboom|Rillaboom, L50, F, shiny|100/100
|-fieldstart|move: Grassy Terrain|[from] ability: Grassy Surge|[of] p2b: Rillaboom
|-terastallize|p1a: Talonflame|Grass
|move|p1a: Talonflame|Taunt|p2a: Kilowattrel
|-start|p2a: Kilowattrel|move: Taunt
|move|p2a: Kilowattrel|Thunderbolt|p1a: Talonflame
|-resisted|p1a: Talonflame
|-damage|p1a: Talonflame|75/100
|move|p1b: Garchomp|Stomping Tantrum|p2b: Rillaboom
|-resisted|p2b: Rillaboom
|-damage|p2b: Rillaboom|79/100
|-damage|p1b: Garchomp|91/100|[from] item: Life Orb
|
|-heal|p1a: Talonflame|81/100|[from] Grassy Terrain
|-heal|p1b: Garchomp|97/100|[from] Grassy Terrain
|-heal|p2b: Rillaboom|85/100|[from] Grassy Terrain
|upkeep
|turn|3
|inactive|PippoLungoCalzino has 30 seconds left.
|inactive|alecfromkanto has 30 seconds left.
|inactive|alecfromkanto has 20 seconds left.
|
|t:|1756152644
|switch|p2a: Incineroar|Incineroar, L50, F, shiny|45/100
|-ability|p2a: Incineroar|Intimidate|boost
|-unboost|p1a: Talonflame|atk|1
|-unboost|p1b: Garchomp|atk|1
|move|p1b: Garchomp|Protect|p1b: Garchomp
|-singleturn|p1b: Garchomp|Protect
|move|p1a: Talonflame|Will-O-Wisp|p2b: Rillaboom
|-status|p2b: Rillaboom|brn
|move|p2b: Rillaboom|Wood Hammer|p1b: Garchomp
|-activate|p1b: Garchomp|move: Protect
|
|-heal|p1a: Talonflame|87/100|[from] Grassy Terrain
|-heal|p1b: Garchomp|100/100|[from] Grassy Terrain
|-heal|p2b: Rillaboom|90/100 brn|[from] Grassy Terrain
|-heal|p2a: Incineroar|52/100|[from] Grassy Terrain
|-damage|p2b: Rillaboom|85/100 brn|[from] brn
|upkeep
|turn|4
|inactive|alecfromkanto has 30 seconds left.
|
|t:|1756152674
|switch|p2b: Kilowattrel|Kilowattrel, L50, M, shiny|100/100
|move|p2a: Incineroar|Fake Out|p1b: Garchomp
|-damage|p1b: Garchomp|87/100
|-damage|p2a: Incineroar|39/100|[from] ability: Rough Skin|[of] p1b: Garchomp
|move|p1a: Talonflame|Brave Bird|p2b: Kilowattrel
|-resisted|p2b: Kilowattrel
|-damage|p2b: Kilowattrel|85/100
|-damage|p1a: Talonflame|83/100|[from] Recoil
|cant|p1b: Garchomp|flinch
|
|-heal|p1a: Talonflame|89/100|[from] Grassy Terrain
|-heal|p1b: Garchomp|93/100|[from] Grassy Terrain
|-heal|p2a: Incineroar|45/100|[from] Grassy Terrain
|upkeep
|turn|5
|inactive|PippoLungoCalzino has 30 seconds left.
|inactive|alecfromkanto has 30 seconds left.
|
|t:|1756152709
|switch|p2a: Rillaboom|Rillaboom, L50, F, shiny|85/100 brn
|move|p1a: Talonflame|Taunt|p2b: Kilowattrel
|-start|p2b: Kilowattrel|move: Taunt
|move|p2b: Kilowattrel|Air Slash|p1a: Talonflame
|-supereffective|p1a: Talonflame
|-damage|p1a: Talonflame|0 fnt
|faint|p1a: Talonflame
|move|p1b: Garchomp|Stomping Tantrum|p2a: Rillaboom
|-resisted|p2a: Rillaboom
|-crit|p2a: Rillaboom
|-damage|p2a: Rillaboom|9/100 brn
|-damage|p1b: Garchomp|84/100|[from] item: Life Orb
|
|-heal|p1b: Garchomp|90/100|[from] Grassy Terrain
|-heal|p2a: Rillaboom|15/100 brn|[from] Grassy Terrain
|-damage|p2a: Rillaboom|9/100 brn|[from] brn
|upkeep
|
|t:|1756152716
|switch|p1a: Sneasler|Sneasler, L50, M|100/100
|turn|6
|inactive|alecfromkanto has 30 seconds left.
|inactive|PippoLungoCalzino has 30 seconds left.
|inactive|PippoLungoCalzino has 20 seconds left.
|inactive|alecfromkanto has 20 seconds left.
|
|t:|1756152761
|switch|p2a: Incineroar|Incineroar, L50, F, shiny|45/100
|-ability|p2a: Incineroar|Intimidate|boost
|-unboost|p1a: Sneasler|atk|1
|-unboost|p1b: Garchomp|atk|1
|move|p1a: Sneasler|Fake Out|p2a: Incineroar
|-damage|p2a: Incineroar|35/100
|move|p2b: Kilowattrel|Air Slash|p1a: Sneasler
|-supereffective|p1a: Sneasler
|-enditem|p1a: Sneasler|Focus Sash
|-damage|p1a: Sneasler|1/100
|move|p1b: Garchomp|Dragon Claw|p2b: Kilowattrel
|-damage|p2b: Kilowattrel|39/100
|-damage|p1b: Garchomp|80/100|[from] item: Life Orb
|
|-heal|p1a: Sneasler|7/100|[from] Grassy Terrain
|-heal|p1b: Garchomp|86/100|[from] Grassy Terrain
|-heal|p2a: Incineroar|41/100|[from] Grassy Terrain
|-fieldend|move: Grassy Terrain
|upkeep
|turn|7
|inactive|alecfromkanto has 30 seconds left.
|
|t:|1756152788
|switch|p2a: Rillaboom|Rillaboom, L50, F, shiny|9/100 brn
|-fieldstart|move: Grassy Terrain|[from] ability: Grassy Surge|[of] p2a: Rillaboom
|move|p1a: Sneasler|Dire Claw|p2b: Kilowattrel
|-damage|p2b: Kilowattrel|0 fnt
|faint|p2b: Kilowattrel
|move|p1b: Garchomp|Stomping Tantrum|p2a: Rillaboom
|-resisted|p2a: Rillaboom
|-damage|p2a: Rillaboom|0 fnt
|faint|p2a: Rillaboom
|-damage|p1b: Garchomp|76/100|[from] item: Life Orb
|
|-heal|p1a: Sneasler|13/100|[from] Grassy Terrain
|-heal|p1b: Garchomp|82/100|[from] Grassy Terrain
|upkeep
|
|t:|1756152794
|switch|p2b: Sneasler|Sneasler, L50, M, shiny|100/100
|switch|p2a: Incineroar|Incineroar, L50, F, shiny|41/100
|-ability|p2a: Incineroar|Intimidate|boost
|-unboost|p1a: Sneasler|atk|1
|-unboost|p1b: Garchomp|atk|1
|-enditem|p2b: Sneasler|Grassy Seed
|-boost|p2b: Sneasler|def|1|[from] item: Grassy Seed
|turn|8
|inactive|alecfromkanto has 30 seconds left.
|inactive|alecfromkanto has 20 seconds left.
|
|t:|1756152830
|-terastallize|p2b: Sneasler|Flying
|move|p2a: Incineroar|Fake Out|p1a: Sneasler
|-crit|p1a: Sneasler
|-damage|p1a: Sneasler|0 fnt
|faint|p1a: Sneasler
|move|p2b: Sneasler|Acrobatics|p1b: Garchomp
|-damage|p1b: Garchomp|23/100
|-damage|p2b: Sneasler|88/100|[from] ability: Rough Skin|[of] p1b: Garchomp
|move|p1b: Garchomp|Stomping Tantrum|p2a: Incineroar
|-supereffective|p2a: Incineroar
|-damage|p2a: Incineroar|2/100
|-damage|p1b: Garchomp|14/100|[from] item: Life Orb
|
|-heal|p1b: Garchomp|20/100|[from] Grassy Terrain
|-heal|p2a: Incineroar|8/100|[from] Grassy Terrain
|upkeep
|turn|9
|-message|PippoLungoCalzino forfeited.
|raw|PippoLungoCalzino's rating: 1149 → 1131(-18 for losing)
|raw|alecfromkanto's rating: 1243 → 1261(+18 for winning)
|
|win|alecfromkanto
|l|☆PippoLungoCalzino
|player|p1|
