|j|☆annoptan
|j|☆KMMULLER2020
|html|annoptanKMMULLER2020    
|uhtml|bestof|Game 1 of a best-of-3
|t:|1786092516
|gametype|doubles
|player|p1|annoptan|1|1224
|player|p2|KMMULLER2020|nate|1249
|gen|9
|tier|[Gen 9 Champions] VGC 2026 Reg M-B (Bo3)
|rated|
|rule|Species Clause: Limit one of each Pokémon
|rule|Item Clause: Limit 1 of each item
|clearpoke
|poke|p1|Gengar, L50, M|
|poke|p1|Archaludon, L50, M|
|poke|p1|Politoed, L50, F|
|poke|p1|Swampert, L50, M|
|poke|p1|Vivillon-Fancy, L50, M|
|poke|p1|Incineroar, L50, F|
|poke|p2|Gengar, L50, M|
|poke|p2|Politoed, L50, F|
|poke|p2|Incineroar, L50, M|
|poke|p2|Sinistcha, L50|
|poke|p2|Hydreigon, L50, F|
|poke|p2|Aggron, L50, F|
|teampreview|4
|showteam|p1|Gengar||Gengarite|CursedBody|ShadowBall,SludgeBomb,PerishSong,Protect|Modest||M|||50|]Archaludon||Leftovers|Stamina|ElectroShot,DragonPulse,FlashCannon,Protect|Bold||M|||50|]Politoed||SitrusBerry|Drizzle|WeatherBall,Hypnosis,PerishSong,Protect|Calm||F|||50|]Swampert||Swampertite|Torrent|Earthquake,WaveCrash,IcePunch,Protect|Adamant||M|||50|]Vivillon-Fancy||FocusSash|CompoundEyes|Hurricane,SleepPowder,RagePowder,Protect|Timid||M|||50|]Incineroar||PasshoBerry|Intimidate|ThroatChop,FakeOut,PartingShot,Protect|Impish||F|||50|
|showteam|p2|Gengar||Gengarite|CursedBody|Protect,PerishSong,Disable,ShadowBall|Timid||M|||50|]Politoed||Leftovers|Drizzle|Protect,PerishSong,Encore,WeatherBall|Sassy||F|||50|]Incineroar||SitrusBerry|Intimidate|Protect,FakeOut,PartingShot,ThroatChop|Relaxed||M|||50|]Sinistcha||FocusSash|Hospitality|Protect,RagePowder,TrickRoom,MatchaGotcha|Relaxed|||||50|]Hydreigon||LifeOrb|Levitate|Protect,NastyPlot,DragonPulse,DarkPulse|Modest||F|||50|]Aggron||Aggronite|Sturdy|Protect,IronDefense,BodyPress,StoneEdge|Sassy||F|||50|
|inactive|Battle timer is ON: inactive players will automatically lose when time's up. (requested by KMMULLER2020)
|inactive|annoptan has 60 seconds left.
|inactive|KMMULLER2020 has 60 seconds left.
|
|t:|1786092570
|teamsize|p1|4
|teamsize|p2|4
|start
|switch|p1a: Swampert|Swampert, L50, M|100/100
|switch|p1b: Vivillon|Vivillon-Fancy, L50, M|100/100
|switch|p2a: Gengar|Gengar, L50, M|100/100
|switch|p2b: Incineroar|Incineroar, L50, M|100/100
|-ability|p2b: Incineroar|Intimidate|boost
|-unboost|p1a: Swampert|atk|1
|-unboost|p1b: Vivillon|atk|1
|turn|1
|inactive|KMMULLER2020 has 30 seconds left.
|inactive|KMMULLER2020 has 20 seconds left.
|
|t:|1786092609
|detailschange|p2a: Gengar|Gengar-Mega, L50, M
|-mega|p2a: Gengar|Gengar|Gengarite
|detailschange|p1a: Swampert|Swampert-Mega, L50, M
|-mega|p1a: Swampert|Swampert|Swampertite
|move|p2b: Incineroar|Fake Out|p1a: Swampert
|-damage|p1a: Swampert|90/100
|move|p2a: Gengar|Perish Song|p2a: Gengar
|-start|p1a: Swampert|perish3|[silent]
|-start|p1b: Vivillon|perish3|[silent]
|-start|p2a: Gengar|perish3|[silent]
|-start|p2b: Incineroar|perish3|[silent]
|-fieldactivate|move: Perish Song
|move|p1b: Vivillon|Sleep Powder|p2a: Gengar
|-status|p2a: Gengar|slp|[from] move: Sleep Powder
|cant|p1a: Swampert|flinch
|
|-start|p2a: Gengar|perish3
|-start|p1b: Vivillon|perish3
|-start|p1a: Swampert|perish3
|-start|p2b: Incineroar|perish3
|upkeep
|turn|2
|inactive|KMMULLER2020 has 30 seconds left.
|inactive|KMMULLER2020 has 20 seconds left.
|inactive|KMMULLER2020 has 15 seconds left.
|
|t:|1786092653
|switch|p2b: Sinistcha|Sinistcha, L50|100/100
|cant|p2a: Gengar|slp
|move|p1b: Vivillon|Hurricane|p2a: Gengar
|-damage|p2a: Gengar|49/100 slp
|move|p1a: Swampert|Earthquake|p2b: Sinistcha|[spread] p2a,p2b
|-immune|p1b: Vivillon
|-supereffective|p2a: Gengar|1
|-resisted|p2b: Sinistcha|1
|-damage|p2a: Gengar|0 fnt
|-damage|p2b: Sinistcha|86/100
|faint|p2a: Gengar
|
|-start|p1b: Vivillon|perish2
|-start|p1a: Swampert|perish2
|upkeep
|
|t:|1786092667
|switch|p2a: Incineroar|Incineroar, L50, M|100/100
|-ability|p2a: Incineroar|Intimidate|boost
|-unboost|p1a: Swampert|atk|1
|-unboost|p1b: Vivillon|atk|1
|turn|3
|
|t:|1786092674
|switch|p1a: Archaludon|Archaludon, L50, M|100/100
|move|p2a: Incineroar|Fake Out|p1b: Vivillon
|-damage|p1b: Vivillon|80/100
|cant|p1b: Vivillon|flinch
|move|p2b: Sinistcha|Trick Room|p2b: Sinistcha
|-fieldstart|move: Trick Room|[of] p2b: Sinistcha
|
|-start|p1b: Vivillon|perish1
|upkeep
|turn|4
|
|t:|1786092694
|switch|p1b: Politoed|Politoed, L50, F|100/100
|-weather|RainDance|[from] ability: Drizzle|[of] p1b: Politoed
|move|p2a: Incineroar|Parting Shot|p1a: Archaludon
|-unboost|p1a: Archaludon|atk|1
|-unboost|p1a: Archaludon|spa|1
|
|t:|1786092701
|switch|p2a: Politoed|Politoed, L50, F|100/100|[from] Parting Shot
|move|p2b: Sinistcha|Matcha Gotcha|p1b: Politoed|[spread] p1a,p1b
|-resisted|p1a: Archaludon|2
|-supereffective|p1b: Politoed|1
|-damage|p1a: Archaludon|93/100
|-heal|p2b: Sinistcha|90/100|[from] drain|[of] p1a: Archaludon
|-damage|p1b: Politoed|65/100
|-heal|p2b: Sinistcha|100/100|[from] drain|[of] p1b: Politoed
|-ability|p1a: Archaludon|Stamina|boost
|-boost|p1a: Archaludon|def|1
|move|p1a: Archaludon|Electro Shot||[still]
|-prepare|p1a: Archaludon|Electro Shot
|-boost|p1a: Archaludon|spa|1
|-anim|p1a: Archaludon|Electro Shot|p2a: Politoed
|-supereffective|p2a: Politoed|1
|-damage|p2a: Politoed|39/100
|
|-weather|RainDance|[upkeep]
|-heal|p2a: Politoed|45/100|[from] item: Leftovers
|-heal|p1a: Archaludon|100/100|[from] item: Leftovers
|upkeep
|turn|5
|inactive|KMMULLER2020 has 30 seconds left.
|inactive|KMMULLER2020 has 20 seconds left.
|inactive|KMMULLER2020 has 15 seconds left.
|inactive|KMMULLER2020 has 10 seconds left.
|
|t:|1786092748
|switch|p2a: Incineroar|Incineroar, L50, M|100/100
|-ability|p2a: Incineroar|Intimidate|boost
|-unboost|p1a: Archaludon|atk|1
|-unboost|p1b: Politoed|atk|1
|move|p1b: Politoed|Protect|p1b: Politoed
|-singleturn|p1b: Politoed|Protect
|move|p2b: Sinistcha|Matcha Gotcha|p1b: Politoed|[spread] p1a
|-activate|p1b: Politoed|move: Protect
|-resisted|p1a: Archaludon|2
|-damage|p1a: Archaludon|94/100
|-status|p1a: Archaludon|brn
|-ability|p1a: Archaludon|Stamina|boost
|-boost|p1a: Archaludon|def|1
|move|p1a: Archaludon|Electro Shot||[still]
|-prepare|p1a: Archaludon|Electro Shot
|-boost|p1a: Archaludon|spa|1
|-anim|p1a: Archaludon|Electro Shot|p2a: Incineroar
|-damage|p2a: Incineroar|51/100
|
|-weather|RainDance|[upkeep]
|-heal|p1a: Archaludon|100/100 brn|[from] item: Leftovers
|-damage|p1a: Archaludon|93/100 brn|[from] brn
|upkeep
|turn|6
|
|t:|1786092773
|switch|p2b: Politoed|Politoed, L50, F|45/100
|switch|p1b: Vivillon|Vivillon-Fancy, L50, M|80/100
|move|p2a: Incineroar|Fake Out|p1a: Archaludon
|-resisted|p1a: Archaludon|1
|-damage|p1a: Archaludon|91/100 brn
|-ability|p1a: Archaludon|Stamina|boost
|-boost|p1a: Archaludon|def|1
|cant|p1a: Archaludon|flinch
|
|-weather|RainDance|[upkeep]
|-heal|p2b: Politoed|51/100|[from] item: Leftovers
|-heal|p1a: Archaludon|97/100 brn|[from] item: Leftovers
|-damage|p1a: Archaludon|91/100 brn|[from] brn
|upkeep
|turn|7
|
|t:|1786092790
|move|p2a: Incineroar|Parting Shot|p1a: Archaludon
|-unboost|p1a: Archaludon|atk|1
|-unboost|p1a: Archaludon|spa|1
|
|t:|1786092793
|switch|p2a: Sinistcha|Sinistcha, L50|100/100|[from] Parting Shot
|-heal|p2b: Politoed|76/100|[from] ability: Hospitality|[of] p2a: Sinistcha
|move|p2b: Politoed|Weather Ball|p1b: Vivillon
|-damage|p1b: Vivillon|0 fnt
|faint|p1b: Vivillon
|move|p1a: Archaludon|Electro Shot||[still]
|-prepare|p1a: Archaludon|Electro Shot
|-boost|p1a: Archaludon|spa|1
|-anim|p1a: Archaludon|Electro Shot|p2a: Sinistcha
|-resisted|p2a: Sinistcha|1
|-damage|p2a: Sinistcha|73/100
|
|-weather|RainDance|[upkeep]
|-heal|p2b: Politoed|82/100|[from] item: Leftovers
|-heal|p1a: Archaludon|97/100 brn|[from] item: Leftovers
|-damage|p1a: Archaludon|91/100 brn|[from] brn
|-fieldend|move: Trick Room
|upkeep
|
|t:|1786092810
|switch|p1b: Swampert|Swampert-Mega, L50, M|90/100
|turn|8
|
|t:|1786092822
|switch|p2b: Incineroar|Incineroar, L50, M|51/100
|-ability|p2b: Incineroar|Intimidate|boost
|-unboost|p1a: Archaludon|atk|1
|-unboost|p1b: Swampert|atk|1
|move|p1b: Swampert|Ice Punch|p2a: Sinistcha
|-supereffective|p2a: Sinistcha|1
|-crit|p2a: Sinistcha
|-damage|p2a: Sinistcha|0 fnt
|faint|p2a: Sinistcha
|move|p1a: Archaludon|Electro Shot||[still]
|-prepare|p1a: Archaludon|Electro Shot
|-boost|p1a: Archaludon|spa|1
|-anim|p1a: Archaludon|Electro Shot|p2b: Incineroar
|-damage|p2b: Incineroar|0 fnt
|faint|p2b: Incineroar
|
|-weather|none
|-heal|p1a: Archaludon|97/100 brn|[from] item: Leftovers
|-damage|p1a: Archaludon|91/100 brn|[from] brn
|upkeep
|
|t:|1786092841
|switch|p2b: Politoed|Politoed, L50, F|82/100
|-weather|RainDance|[from] ability: Drizzle|[of] p2b: Politoed
|turn|9
|
|t:|1786092860
|move|p1b: Swampert|Wave Crash|p2b: Politoed
|-resisted|p2b: Politoed|1
|-damage|p2b: Politoed|45/100
|-damage|p1b: Swampert|76/100|[from] Recoil
|move|p1a: Archaludon|Electro Shot||[still]
|-prepare|p1a: Archaludon|Electro Shot
|-boost|p1a: Archaludon|spa|1
|-anim|p1a: Archaludon|Electro Shot|p2b: Politoed
|-supereffective|p2b: Politoed|1
|-damage|p2b: Politoed|0 fnt
|faint|p2b: Politoed
|
|win|annoptan
||KMMULLER2020 is ready for game 2.
|inactive|annoptan has 30 seconds to confirm battle start!
|inactive|annoptan has 20 seconds to confirm battle start!
|inactive|annoptan has 10 seconds to confirm battle start!
|uhtml|next|Next: Game 2 of 3
