|j|☆forzalupi1912
|j|☆JakAttack101
|html|forzalupi1912JakAttack101    
|uhtml|bestof|Game 2 of a best-of-3
|t:|1756415040
|gametype|doubles
|player|p1|forzalupi1912|102|1094
|player|p2|JakAttack101|blaine|1071
|gen|9
|tier|[Gen 9] VGC 2025 Reg H (Bo3)
|rated|
|rule|Species Clause: Limit one of each Pokémon
|rule|Item Clause: Limit 1 of each item
|clearpoke
|poke|p1|Incineroar, L50, F|
|poke|p1|Amoonguss, L50, M|
|poke|p1|Ursaluna-Bloodmoon, L50, M|
|poke|p1|Dragonite, L50, F|
|poke|p1|Sneasler, L50, F|
|poke|p1|Gholdengo, L50|
|poke|p2|Annihilape, L50, M|
|poke|p2|Ninetales-Alola, L50, M|
|poke|p2|Garchomp, L50, F|
|poke|p2|Dragonite, L50, M|
|poke|p2|Sneasler, L50, M|
|poke|p2|Incineroar, L50, F|
|teampreview|4
|showteam|p1|Incineroar||SafetyGoggles|Intimidate|FlareBlitz,KnockOff,FakeOut,PartingShot|||F|||50|,,,,,Ghost]Amoonguss||SitrusBerry|Regenerator|PollenPuff,Spore,RagePowder,Protect|||M|||50|,,,,,Psychic]Ursaluna-Bloodmoon||AssaultVest|MindsEye|HyperVoice,BloodMoon,EarthPower,VacuumWave|||M|||50|,,,,,Water]Dragonite||LoadedDice|Multiscale|ScaleShot,Tailwind,Haze,Protect|||F|||50|,,,,,Fairy]Sneasler||FocusSash|Unburden|CloseCombat,DireClaw,ThroatChop,Protect|||F|||50|,,,,,Stellar]Gholdengo||LifeOrb|GoodasGold|MakeItRain,ShadowBall,NastyPlot,Protect||||||50|,,,,,Water
|showteam|p2|Annihilape||AssaultVest|Defiant|RageFist,DrainPunch,RockTomb,FinalGambit|||M|||50|,,,,,Fire]Ninetales-Alola||ChoiceSpecs|SnowWarning|Blizzard,Moonblast,FreezeDry,IcyWind|||M|||50|,,,,,Ghost]Garchomp||LifeOrb|RoughSkin|Earthquake,StompingTantrum,DragonClaw,Protect|||F|||50|,,,,,Steel]Dragonite||LoadedDice|Multiscale|ScaleShot,Tailwind,Protect,Haze|||M|||50|,,,,,Fairy]Sneasler||FocusSash|Unburden|CloseCombat,DireClaw,FakeOut,Coaching|||M|||50|,,,,,Ghost]Incineroar||SafetyGoggles|Intimidate|KnockOff,Taunt,FakeOut,PartingShot|||F|||50|,,,,,Fairy
|inactive|Battle timer is ON: inactive players will automatically lose when time's up. (requested by forzalupi1912)
|inactive|forzalupi1912 has 60 seconds left.
|inactive|JakAttack101 has 60 seconds left.
|inactive|forzalupi1912 has 30 seconds left.
|
|t:|1756415110
|teamsize|p1|4
|teamsize|p2|4
|start
|switch|p1a: Gholdengo|Gholdengo, L50|100/100
|switch|p1b: Sneasler|Sneasler, L50, F|100/100
|switch|p2a: Dragonite|Dragonite, L50, M, shiny|100/100
|switch|p2b: Garchomp|Garchomp, L50, F|100/100
|turn|1
|inactive|forzalupi1912 has 30 seconds left.
|inactive|forzalupi1912 has 20 seconds left.
|
|t:|1756415146
|switch|p1a: Incineroar|Incineroar, L50, F|100/100
|-ability|p1a: Incineroar|Intimidate|boost
|-unboost|p2a: Dragonite|atk|1
|-unboost|p2b: Garchomp|atk|1
|-terastallize|p2b: Garchomp|Steel
|move|p1b: Sneasler|Dire Claw|p2a: Dragonite
|-damage|p2a: Dragonite|77/100
|-status|p2a: Dragonite|slp
|move|p2b: Garchomp|Earthquake|p1b: Sneasler|[spread] p1a,p1b
|-immune|p2a: Dragonite
|-supereffective|p1a: Incineroar
|-supereffective|p1b: Sneasler
|-damage|p1a: Incineroar|33/100
|-enditem|p1b: Sneasler|Focus Sash
|-damage|p1b: Sneasler|1/100
|-damage|p2b: Garchomp|91/100|[from] item: Life Orb
|cant|p2a: Dragonite|slp
|
|upkeep
|turn|2
|inactive|forzalupi1912 has 30 seconds left.
|inactive|JakAttack101 has 30 seconds left.
|inactive|forzalupi1912 has 20 seconds left.
|
|t:|1756415181
|switch|p1a: Gholdengo|Gholdengo, L50|100/100
|move|p2b: Garchomp|Protect|p2b: Garchomp
|-singleturn|p2b: Garchomp|Protect
|move|p1b: Sneasler|Close Combat|p2b: Garchomp
|-activate|p2b: Garchomp|move: Protect
|cant|p2a: Dragonite|slp
|
|upkeep
|turn|3
|inactive|forzalupi1912 has 30 seconds left.
|
|t:|1756415213
|switch|p1b: Incineroar|Incineroar, L50, F|33/100
|-ability|p1b: Incineroar|Intimidate|boost
|-unboost|p2a: Dragonite|atk|1
|-unboost|p2b: Garchomp|atk|1
|switch|p2b: Annihilape|Annihilape, L50, M, shiny|100/100
|move|p1a: Gholdengo|Nasty Plot|p1a: Gholdengo
|-boost|p1a: Gholdengo|spa|2
|cant|p2a: Dragonite|slp
|
|upkeep
|turn|4
|inactive|forzalupi1912 has 30 seconds left.
|
|t:|1756415240
|-terastallize|p1a: Gholdengo|Water
|move|p2b: Annihilape|Rage Fist|p1a: Gholdengo
|-damage|p1a: Gholdengo|78/100
|move|p1a: Gholdengo|Shadow Ball|p2b: Annihilape
|-supereffective|p2b: Annihilape
|-damage|p2b: Annihilape|0 fnt
|faint|p2b: Annihilape
|-damage|p1a: Gholdengo|68/100|[from] item: Life Orb
|-curestatus|p2a: Dragonite|slp|[msg]
|move|p2a: Dragonite|Scale Shot|p1b: Incineroar
|-damage|p1b: Incineroar|25/100
|-damage|p1b: Incineroar|17/100
|-damage|p1b: Incineroar|9/100
|-damage|p1b: Incineroar|1/100
|-hitcount|p1b: Incineroar|4
|-unboost|p2a: Dragonite|def|1
|-boost|p2a: Dragonite|spe|1
|move|p1b: Incineroar|Knock Off|p2a: Dragonite
|-damage|p2a: Dragonite|3/100
|-enditem|p2a: Dragonite|Loaded Dice|[from] move: Knock Off|[of] p1b: Incineroar
|
|upkeep
|
|t:|1756415255
|switch|p2b: Ninetales|Ninetales-Alola, L50, M, shiny|100/100
|-weather|Snowscape|[from] ability: Snow Warning|[of] p2b: Ninetales
|turn|5
|
|t:|1756415272
|move|p2a: Dragonite|Scale Shot|p1b: Incineroar
|-damage|p1b: Incineroar|0 fnt
|faint|p1b: Incineroar
|-hitcount|p1: Incineroar|1
|-unboost|p2a: Dragonite|def|1
|-boost|p2a: Dragonite|spe|1
|move|p2b: Ninetales|Freeze-Dry|p1a: Gholdengo
|-supereffective|p1a: Gholdengo
|-damage|p1a: Gholdengo|0 fnt
|faint|p1a: Gholdengo
|
|-weather|Snowscape|[upkeep]
|upkeep
|
|t:|1756415285
|switch|p1a: Sneasler|Sneasler, L50, F|1/100
|switch|p1b: Ursaluna|Ursaluna-Bloodmoon, L50, M|100/100
|turn|6
|
|t:|1756415303
|move|p1b: Ursaluna|Vacuum Wave|p2b: Ninetales
|-damage|p2b: Ninetales|83/100
|move|p2a: Dragonite|Tailwind|p2a: Dragonite
|-sidestart|p2: JakAttack101|move: Tailwind
|move|p2b: Ninetales|Freeze-Dry|p1b: Ursaluna
|-supereffective|p1b: Ursaluna
|-damage|p1b: Ursaluna|53/100
|move|p1a: Sneasler|Dire Claw|p2b: Ninetales
|-supereffective|p2b: Ninetales
|-damage|p2b: Ninetales|7/100
|
|-weather|Snowscape|[upkeep]
|upkeep
|turn|7
|
|t:|1756415322
|switch|p2b: Garchomp|Garchomp, L50, F, tera:Steel|91/100
|move|p1b: Ursaluna|Vacuum Wave|p2b: Garchomp
|-supereffective|p2b: Garchomp
|-damage|p2b: Garchomp|61/100
|move|p2a: Dragonite|Scale Shot|p1b: Ursaluna|[miss]
|-miss|p2a: Dragonite|p1b: Ursaluna
|move|p1a: Sneasler|Dire Claw|p2a: Dragonite
|-damage|p2a: Dragonite|0 fnt
|faint|p2a: Dragonite
|
|-weather|Snowscape|[upkeep]
|upkeep
|
|t:|1756415325
|switch|p2a: Ninetales|Ninetales-Alola, L50, M, shiny|7/100
|turn|8
|inactive|forzalupi1912 has 30 seconds left.
|inactive|forzalupi1912 has 20 seconds left.
|inactive|forzalupi1912 has 15 seconds left.
|inactive|forzalupi1912 has 10 seconds left.
|
|t:|1756415372
|move|p1b: Ursaluna|Vacuum Wave|p2a: Ninetales
|-damage|p2a: Ninetales|0 fnt
|faint|p2a: Ninetales
|move|p2b: Garchomp|Earthquake|p1a: Sneasler|[spread] p1a,p1b
|-supereffective|p1a: Sneasler
|-damage|p1a: Sneasler|0 fnt
|-damage|p1b: Ursaluna|17/100
|faint|p1a: Sneasler
|-damage|p2b: Garchomp|52/100|[from] item: Life Orb
|
|-weather|Snowscape|[upkeep]
|upkeep
|turn|9
|
|t:|1756415394
|move|p1b: Ursaluna|Vacuum Wave|p2b: Garchomp
|-supereffective|p2b: Garchomp
|-damage|p2b: Garchomp|19/100
|move|p2b: Garchomp|Stomping Tantrum|p1b: Ursaluna
|-damage|p1b: Ursaluna|0 fnt
|faint|p1b: Ursaluna
|-damage|p2b: Garchomp|9/100|[from] item: Life Orb
|
|win|JakAttack101
||forzalupi1912 is ready for game 3.
||JakAttack101 is ready for game 3.
|uhtml|next|Next: Game 3 of 3
|l|☆forzalupi1912
|player|p1|
