|j|☆Mashuno
|j|☆Vlasaraptor33
|html|MashunoVlasaraptor33    
|uhtml|bestof|Game 1 of a best-of-3
|t:|1784037610
|gametype|doubles
|player|p1|Mashuno|harlequin|1120
|player|p2|Vlasaraptor33|pokemaniac|1051
|gen|9
|tier|[Gen 9 Champions] VGC 2026 Reg M-B (Bo3)
|rated|
|rule|Species Clause: Limit one of each Pokémon
|rule|Item Clause: Limit 1 of each item
|clearpoke
|poke|p1|Pelipper, L50, M|
|poke|p1|Archaludon, L50, M|
|poke|p1|Blastoise, L50, F|
|poke|p1|Sinistcha, L50|
|poke|p1|Sableye, L50, M|
|poke|p1|Sneasler, L50, F|
|poke|p2|Floette-Eternal, L50, F|
|poke|p2|Whimsicott, L50, F|
|poke|p2|Basculegion, L50, M|
|poke|p2|Charizard, L50, M|
|poke|p2|Kingambit, L50, M|
|poke|p2|Garchomp, L50, M|
|teampreview|4
|showteam|p1|Pelipper||FocusSash|Drizzle|WeatherBall,Hurricane,Tailwind,RainDance|Calm||M|||50|]Archaludon||Magnet|Stamina|Protect,DracoMeteor,FlashCannon,ElectroShot|Modest||M|||50|]Blastoise||Blastoisinite|RainDish|Protect,FakeOut,WaterSpout,DarkPulse|Modest||F|||50|]Sinistcha||SitrusBerry|Hospitality|MatchaGotcha,RagePowder,LifeDew,TrickRoom|Bold|||||50|]Sableye||Leftovers|Prankster|FoulPlay,LightScreen,Reflect,RainDance|Impish||M|||50|]Sneasler||WhiteHerb|Unburden|FakeOut,DireClaw,CloseCombat,RockSlide|Jolly||F|||50|
|showteam|p2|Floette-Eternal||Floettite|FlowerVeil|DazzlingGleam,Moonblast,LightofRuin,Protect|Timid||F|||50|]Whimsicott||FocusSash|Prankster|Moonblast,Encore,Tailwind,Protect|Timid||F|||50|]Basculegion||MysticWater|Adaptability|WaveCrash,AquaJet,LastRespects,Protect|Adamant||M|||50|]Charizard||CharizarditeY|SolarPower|HeatWave,WeatherBall,SolarBeam,Protect|Modest||M|||50|]Kingambit||OccaBerry|Defiant|KowtowCleave,SuckerPunch,IronHead,Protect|Adamant||M|||50|]Garchomp||LifeOrb|RoughSkin|Earthquake,DragonClaw,RockSlide,Protect|Jolly||M|||50|
|inactive|Battle timer is ON: inactive players will automatically lose when time's up. (requested by Vlasaraptor33)
|c|☆Mashuno|gl hf <3
|c|☆Vlasaraptor33|glhf!
|inactive|Mashuno has 60 seconds left.
|
|t:|1784037652
|teamsize|p1|4
|teamsize|p2|4
|start
|switch|p1a: Sableye|Sableye, L50, M|100/100
|switch|p1b: Blastoise|Blastoise, L50, F|100/100
|switch|p2a: Charizard|Charizard, L50, M|100/100
|switch|p2b: Whimsicott|Whimsicott, L50, F|100/100
|turn|1
|inactive|Mashuno has 30 seconds left.
|inactive|Vlasaraptor33 has 30 seconds left.
|
|t:|1784037683
|switch|p2a: Basculegion|Basculegion, L50, M|100/100
|detailschange|p1b: Blastoise|Blastoise-Mega, L50, F
|-mega|p1b: Blastoise|Blastoise|Blastoisinite
|move|p1a: Sableye|Rain Dance|p1a: Sableye
|-weather|RainDance
|move|p2b: Whimsicott|Moonblast|p1a: Sableye
|-supereffective|p1a: Sableye|1
|-damage|p1a: Sableye|14/100
|move|p1b: Blastoise|Water Spout|p2b: Whimsicott|[spread] p2a,p2b
|-resisted|p2a: Basculegion|1
|-resisted|p2b: Whimsicott|1
|-damage|p2a: Basculegion|43/100
|-damage|p2b: Whimsicott|23/100
|
|-weather|RainDance|[upkeep]
|-heal|p1a: Sableye|20/100y|[from] item: Leftovers
|upkeep
|turn|2
|inactive|Mashuno has 30 seconds left.
|inactive|Vlasaraptor33 has 30 seconds left.
|inactive|Mashuno has 20 seconds left.
|inactive|Mashuno has 15 seconds left.
|inactive|Mashuno has 10 seconds left.
|
|t:|1784037733
|move|p2a: Basculegion|Aqua Jet|p1a: Sableye
|-damage|p1a: Sableye|0 fnt
|faint|p1a: Sableye
|move|p2b: Whimsicott|Moonblast|p1b: Blastoise
|-damage|p1b: Blastoise|71/100
|move|p1b: Blastoise|Water Spout|p2a: Basculegion|[spread] p2a,p2b
|-resisted|p2a: Basculegion|1
|-resisted|p2b: Whimsicott|1
|-damage|p2a: Basculegion|4/100
|-damage|p2b: Whimsicott|0 fnt
|faint|p2b: Whimsicott
|
|-weather|RainDance|[upkeep]
|upkeep
|
|t:|1784037746
|switch|p2b: Kingambit|Kingambit, L50, M|100/100
|switch|p1a: Kocho|Sneasler, L50, F|100/100
|turn|3
|inactive|Mashuno has 30 seconds left.
|
|t:|1784037780
|move|p2a: Basculegion|Protect|p2a: Basculegion
|-singleturn|p2a: Basculegion|Protect
|move|p2b: Kingambit|Protect|p2b: Kingambit
|-singleturn|p2b: Kingambit|Protect
|move|p1a: Kocho|Rock Slide|p2b: Kingambit|[spread] 
|-activate|p2a: Basculegion|move: Protect
|-activate|p2b: Kingambit|move: Protect
|move|p1b: Blastoise|Water Spout|p2b: Kingambit|[spread] 
|-activate|p2a: Basculegion|move: Protect
|-activate|p2b: Kingambit|move: Protect
|
|-weather|RainDance|[upkeep]
|upkeep
|turn|4
|
|t:|1784037804
|move|p2a: Basculegion|Aqua Jet|p1a: Kocho
|-damage|p1a: Kocho|13/100
|move|p2b: Kingambit|Sucker Punch|p1b: Blastoise
|-damage|p1b: Blastoise|34/100
|move|p1a: Kocho|Close Combat|p2b: Kingambit
|-supereffective|p2b: Kingambit|2
|-damage|p2b: Kingambit|0 fnt
|-unboost|p1a: Kocho|def|1
|-unboost|p1a: Kocho|spd|1
|faint|p2b: Kingambit
|-enditem|p1a: Kocho|White Herb
|-clearnegativeboost|p1a: Kocho|[silent]
|move|p1b: Blastoise|Dark Pulse|p2a: Basculegion
|-supereffective|p2a: Basculegion|1
|-damage|p2a: Basculegion|0 fnt
|faint|p2a: Basculegion
|
|-weather|RainDance|[upkeep]
|upkeep
|
|t:|1784037820
|switch|p2a: Charizard|Charizard, L50, M|100/100
|turn|5
|
|t:|1784037829
|move|p2a: Charizard|Protect|p2a: Charizard
|-singleturn|p2a: Charizard|Protect
|move|p1a: Kocho|Rock Slide|p2a: Charizard
|-activate|p2a: Charizard|move: Protect
|move|p1b: Blastoise|Dark Pulse|p2a: Charizard
|-activate|p2a: Charizard|move: Protect
|
|-weather|none
|upkeep
|turn|6
|
|t:|1784037849
|detailschange|p2a: Charizard|Charizard-Mega-Y, L50, M
|-mega|p2a: Charizard|Charizard|Charizardite Y
|-weather|SunnyDay|[from] ability: Drought|[of] p2a: Charizard
|move|p1a: Kocho|Rock Slide|p2a: Charizard|[miss]
|-miss|p1a: Kocho|p2a: Charizard
|move|p2a: Charizard|Heat Wave|p1b: Blastoise|[spread] p1a,p1b
|-resisted|p1b: Blastoise|1
|-damage|p1a: Kocho|0 fnt
|-damage|p1b: Blastoise|7/100
|faint|p1a: Kocho
|move|p1b: Blastoise|Dark Pulse|p2a: Charizard
|-damage|p2a: Charizard|58/100
|
|-weather|SunnyDay|[upkeep]
|upkeep
|
|t:|1784037862
|switch|p1a: Dai News|Pelipper, L50, M|100/100
|-weather|RainDance|[from] ability: Drizzle|[of] p1a: Dai News
|turn|7
|
|t:|1784037884
|move|p2a: Charizard|Protect|p2a: Charizard
|-singleturn|p2a: Charizard|Protect
|move|p1b: Blastoise|Dark Pulse|p2a: Charizard
|-activate|p2a: Charizard|move: Protect
|move|p1a: Dai News|Weather Ball|p2a: Charizard
|-activate|p2a: Charizard|move: Protect
|
|-weather|RainDance|[upkeep]
|upkeep
|turn|8
|
|t:|1784037897
|move|p2a: Charizard|Heat Wave|p1a: Dai News|[spread] p1a,p1b
|-resisted|p1a: Dai News|1
|-resisted|p1b: Blastoise|1
|-damage|p1a: Dai News|88/100
|-damage|p1b: Blastoise|0 fnt
|faint|p1b: Blastoise
|move|p1a: Dai News|Weather Ball|p2a: Charizard
|-supereffective|p2a: Charizard|1
|-damage|p2a: Charizard|0 fnt
|faint|p2a: Charizard
|
|win|Mashuno
||Vlasaraptor33 is ready for game 2.
||Mashuno is ready for game 2.
|uhtml|next|Next: Game 2 of 3
|l|☆Vlasaraptor33
|player|p2|
