|j|☆bennoVGC
|j|☆nikolasnaiz
|html|bennoVGCnikolasnaiz    
|uhtml|bestof|Game 2 of a best-of-3
|t:|1756029849
|gametype|doubles
|player|p1|bennoVGC|102|1396
|player|p2|nikolasnaiz|larry|1287
|gen|9
|tier|[Gen 9] VGC 2025 Reg H (Bo3)
|rated|
|rule|Species Clause: Limit one of each Pokémon
|rule|Item Clause: Limit 1 of each item
|clearpoke
|poke|p1|Ursaluna, L50, F|
|poke|p1|Kilowattrel, L50, F|
|poke|p1|Gholdengo, L50|
|poke|p1|Incineroar, L50, F|
|poke|p1|Amoonguss, L50, F|
|poke|p1|Porygon2, L50|
|poke|p2|Dragonite, L50, M|
|poke|p2|Ursaluna-Bloodmoon, L50, M|
|poke|p2|Annihilape, L50, F|
|poke|p2|Volcarona, L50, M|
|poke|p2|Rillaboom, L50, M|
|poke|p2|Incineroar, L50, M|
|teampreview|4
|showteam|p1|Ursaluna||FlameOrb|Guts|Facade,HeadlongRush,Earthquake,Protect|||F|||50|,,,,,Fairy]Kilowattrel||FocusSash|Competitive|Thunderbolt,AirSlash,Tailwind,Protect|||F|||50|,,,,,Ghost]Gholdengo||LifeOrb|GoodasGold|MakeItRain,ShadowBall,NastyPlot,Protect||||||50|,,,,,Dragon]Incineroar||AssaultVest|Intimidate|KnockOff,FlareBlitz,Uturn,FakeOut|||F|||50|,,,,,Grass]Amoonguss||MentalHerb|Regenerator|Spore,RagePowder,ClearSmog,Protect|||F|||50|,,,,,Fire]Porygon2||Eviolite|Download|TeraBlast,IceBeam,Recover,TrickRoom||||||50|,,,,,Fairy
|showteam|p2|Dragonite||LoadedDice|Multiscale|Protect,ScaleShot,Tailwind,Haze|||M|||50|,,,,,Steel]Ursaluna-Bloodmoon||FocusSash|MindsEye|Protect,BloodMoon,EarthPower,HyperVoice|||M|||50|,,,,,Normal]Annihilape||LumBerry|Defiant|Protect,RageFist,CloseCombat,Taunt|||F|||50|,,,,,Fire]Volcarona||CovertCloak|FlameBody|Protect,QuiverDance,HeatWave,TeraBlast|||M|||50|,,,,,Fairy]Rillaboom||AssaultVest|GrassySurge|FakeOut,WoodHammer,GrassyGlide,HighHorsepower|||M|||50|,,,,,Fire]Incineroar||SafetyGoggles|Intimidate|FakeOut,PartingShot,FlareBlitz,KnockOff|||M|||50|,,,,,Ghost
|inactive|Battle timer is ON: inactive players will automatically lose when time's up. (requested by nikolasnaiz)
|
|t:|1756029864
|teamsize|p1|4
|teamsize|p2|4
|start
|switch|p1a: Mr Worldwide|Gholdengo, L50|100/100
|switch|p1b: 뽀록나|Amoonguss, L50, F, shiny|100/100
|switch|p2a: Volcarona|Volcarona, L50, M|100/100
|switch|p2b: Annihilape|Annihilape, L50, F, shiny|100/100
|turn|1
|
|t:|1756029878
|move|p1b: 뽀록나|Protect|p1b: 뽀록나
|-singleturn|p1b: 뽀록나|Protect
|move|p2b: Annihilape|Taunt|p1b: 뽀록나
|-activate|p1b: 뽀록나|move: Protect
|move|p2a: Volcarona|Heat Wave|p1a: Mr Worldwide|[spread] p1a
|-activate|p1b: 뽀록나|move: Protect
|-supereffective|p1a: Mr Worldwide
|-damage|p1a: Mr Worldwide|25/100
|move|p1a: Mr Worldwide|Nasty Plot|p1a: Mr Worldwide
|-boost|p1a: Mr Worldwide|spa|2
|
|upkeep
|turn|2
|
|t:|1756029901
|switch|p2b: Ursaluna|Ursaluna-Bloodmoon, L50, M|100/100
|move|p1a: Mr Worldwide|Protect|p1a: Mr Worldwide
|-singleturn|p1a: Mr Worldwide|Protect
|move|p2a: Volcarona|Heat Wave|p1b: 뽀록나|[spread] p1b
|-activate|p1a: Mr Worldwide|move: Protect
|-supereffective|p1b: 뽀록나
|-damage|p1b: 뽀록나|45/100
|move|p1b: 뽀록나|Spore|p2a: Volcarona
|-status|p2a: Volcarona|slp|[from] move: Spore
|
|upkeep
|turn|3
|
|t:|1756029926
|switch|p1b: Big Bird|Kilowattrel, L50, F|100/100
|-terastallize|p2b: Ursaluna|Normal
|cant|p2a: Volcarona|slp
|move|p1a: Mr Worldwide|Make It Rain|p2a: Volcarona|[spread] p2a,p2b
|-resisted|p2a: Volcarona
|-damage|p2a: Volcarona|47/100 slp
|-enditem|p2b: Ursaluna|Focus Sash
|-damage|p2b: Ursaluna|1/100
|-unboost|p1a: Mr Worldwide|spa|1
|-damage|p1a: Mr Worldwide|15/100|[from] item: Life Orb
|move|p2b: Ursaluna|Hyper Voice|p1b: Big Bird|[spread] p1a,p1b
|-resisted|p1a: Mr Worldwide
|-damage|p1a: Mr Worldwide|0 fnt
|-damage|p1b: Big Bird|15/100
|faint|p1a: Mr Worldwide
|
|upkeep
|
|t:|1756029930
|switch|p1a: Dinko|Ursaluna, L50, F|100/100
|turn|4
|inactive|bennoVGC has 30 seconds left.
|
|t:|1756029963
|switch|p2b: Dragonite|Dragonite, L50, M, shiny|100/100
|move|p1b: Big Bird|Tailwind|p1b: Big Bird
|-sidestart|p1: bennoVGC|move: Tailwind
|move|p1a: Dinko|Earthquake|p2a: Volcarona|[spread] p2a
|-immune|p1b: Big Bird
|-immune|p2b: Dragonite
|-damage|p2a: Volcarona|0 fnt
|faint|p2a: Volcarona
|
|-status|p1a: Dinko|brn|[from] item: Flame Orb
|upkeep
|
|t:|1756029972
|switch|p2a: Ursaluna|Ursaluna-Bloodmoon, L50, M, tera:Normal|1/100
|turn|5
|
|t:|1756029995
|switch|p2b: Annihilape|Annihilape, L50, F, shiny|100/100
|-terastallize|p1a: Dinko|Fairy
|move|p1b: Big Bird|Thunderbolt|p2a: Ursaluna
|-damage|p2a: Ursaluna|0 fnt
|faint|p2a: Ursaluna
|move|p1a: Dinko|Facade|p2b: Annihilape
|-immune|p2b: Annihilape
|
|-damage|p1a: Dinko|94/100 brn|[from] brn
|upkeep
|
|t:|1756030001
|switch|p2a: Dragonite|Dragonite, L50, M, shiny|100/100
|turn|6
|
|t:|1756030021
|move|p2b: Annihilape|Protect|p2b: Annihilape
|-singleturn|p2b: Annihilape|Protect
|move|p1b: Big Bird|Thunderbolt|p2a: Dragonite
|-damage|p2a: Dragonite|81/100
|move|p1a: Dinko|Facade|p2a: Dragonite
|-damage|p2a: Dragonite|0 fnt
|faint|p2a: Dragonite
|
|-damage|p1a: Dinko|88/100 brn|[from] brn
|upkeep
|turn|7
|-message|nikolasnaiz forfeited.
|
|win|bennoVGC
|raw|bennoVGC's rating: 1396 → 1410(+14 for winning)
|raw|nikolasnaiz's rating: 1287 → 1270(-17 for losing)
|c|☆bennoVGC|ggs
|c|☆nikolasnaiz|ggs
|c|☆nikolasnaiz|you played so well
