|j|☆Hawkc10ie
|j|☆new mental
|html|Hawkc10ienew mental    
|uhtml|bestof|Game 1 of a best-of-3
|t:|1786128705
|gametype|doubles
|player|p1|Hawkc10ie|2|1244
|player|p2|new mental|volkner|1169
|gen|9
|tier|[Gen 9 Champions] VGC 2026 Reg M-B (Bo3)
|rated|
|rule|Species Clause: Limit one of each Pokémon
|rule|Item Clause: Limit 1 of each item
|clearpoke
|poke|p1|Whimsicott, L50, M|
|poke|p1|Staraptor, L50, M|
|poke|p1|Basculegion, L50, M|
|poke|p1|Kingambit, L50, F|
|poke|p1|Metagross, L50|
|poke|p1|Incineroar, L50, M|
|poke|p2|Charizard, L50, M|
|poke|p2|Garchomp, L50, M|
|poke|p2|Incineroar, L50, M|
|poke|p2|Venusaur, L50, M|
|poke|p2|Toxapex, L50, F|
|poke|p2|Sylveon, L50, M|
|teampreview|4
|showteam|p1|Whimsicott||MentalHerb|Prankster|Tailwind,Charm,FakeTears,Moonblast|Bold||M|||50|]Staraptor||Staraptite|Intimidate|Protect,CloseCombat,Roost,BraveBird|Adamant||M|||50|]Basculegion||ChoiceScarf|Adaptability|AquaJet,WaveCrash,LastRespects,FlipTurn|Timid||M|||50|]Kingambit||LifeOrb|Defiant|Protect,SuckerPunch,KowtowCleave,IronHead|Adamant||F|||50|]Metagross||Metagrossite|ClearBody|Protect,IronHead,PsychicFangs,IcePunch|Jolly|||||50|]Incineroar||PasshoBerry|Intimidate|FakeOut,PartingShot,FlareBlitz,DarkestLariat|Careful||M|||50|
|showteam|p2|Charizard||CharizarditeY|Blaze|WeatherBall,HeatWave,AncientPower,Protect|Modest||M|||50|]Garchomp||ChoiceScarf|RoughSkin|RockSlide,DragonClaw,Earthquake,StompingTantrum|Adamant||M|||50|]Incineroar||SitrusBerry|Intimidate|FlareBlitz,FakeOut,DarkestLariat,PartingShot|Impish||M|||50|]Venusaur||LifeOrb|Chlorophyll|SludgeBomb,LeafStorm,EarthPower,Protect|Modest||M|||50|]Toxapex||Leftovers|Regenerator|Infestation,Toxic,WideGuard,BanefulBunker|Bold||F|||50|]Sylveon||FairyFeather|Pixilate|HyperVoice,QuickAttack,Yawn,Detect|Modest||M|||50|
|
|t:|1786128734
|teamsize|p1|4
|teamsize|p2|4
|start
|switch|p1a: Staraptor|Staraptor, L50, M|100/100
|switch|p1b: Whimsicott|Whimsicott, L50, M|100/100
|switch|p2a: Charizard|Charizard, L50, M|100/100
|switch|p2b: Incineroar|Incineroar, L50, M|100/100
|-ability|p1a: Staraptor|Intimidate|boost
|-unboost|p2a: Charizard|atk|1
|-unboost|p2b: Incineroar|atk|1
|-ability|p2b: Incineroar|Intimidate|boost
|-unboost|p1a: Staraptor|atk|1
|-unboost|p1b: Whimsicott|atk|1
|turn|1
|
|t:|1786128759
|switch|p1b: Basculegion|Basculegion, L50, M|100/100
|detailschange|p2a: Charizard|Charizard-Mega-Y, L50, M
|-mega|p2a: Charizard|Charizard|Charizardite Y
|-weather|SunnyDay|[from] ability: Drought|[of] p2a: Charizard
|move|p1a: Staraptor|Protect|p1a: Staraptor
|-singleturn|p1a: Staraptor|Protect
|move|p2b: Incineroar|Fake Out|p1b: Basculegion
|-immune|p1b: Basculegion
|move|p2a: Charizard|Heat Wave|p1b: Basculegion|[spread] p1b
|-activate|p1a: Staraptor|move: Protect
|-resisted|p1b: Basculegion|1
|-crit|p1b: Basculegion
|-damage|p1b: Basculegion|48/100
|-status|p1b: Basculegion|brn
|
|-weather|SunnyDay|[upkeep]
|-damage|p1b: Basculegion|42/100 brn|[from] brn
|upkeep
|turn|2
|
|t:|1786128785
|detailschange|p1a: Staraptor|Staraptor-Mega, L50, M
|-mega|p1a: Staraptor|Staraptor|Staraptite
|move|p1b: Basculegion|Wave Crash|p2a: Charizard
|-supereffective|p2a: Charizard|1
|-damage|p2a: Charizard|64/100
|-damage|p1b: Basculegion|31/100 brn|[from] Recoil
|move|p2a: Charizard|Heat Wave|p1a: Staraptor|[spread] p1a
|-miss|p2a: Charizard|p1b: Basculegion
|-crit|p1a: Staraptor
|-damage|p1a: Staraptor|11/100
|move|p1a: Staraptor|Close Combat|p2b: Incineroar
|-supereffective|p2b: Incineroar|1
|-damage|p2b: Incineroar|34/100
|-boost|p1a: Staraptor|def|1
|-boost|p1a: Staraptor|spd|1
|-enditem|p2b: Incineroar|Sitrus Berry|[eat]
|-heal|p2b: Incineroar|59/100|[from] item: Sitrus Berry
|move|p2b: Incineroar|Flare Blitz|p1a: Staraptor
|-damage|p1a: Staraptor|0 fnt
|faint|p1a: Staraptor
|-damage|p2b: Incineroar|55/100|[from] Recoil
|
|-weather|SunnyDay|[upkeep]
|-damage|p1b: Basculegion|25/100 brn|[from] brn
|upkeep
|
|t:|1786128796
|switch|p1a: Kingambit|Kingambit, L50, F|100/100
|turn|3
|
|t:|1786128810
|move|p1a: Kingambit|Sucker Punch|p2a: Charizard
|-damage|p2a: Charizard|0 fnt
|faint|p2a: Charizard
|-damage|p1a: Kingambit|90/100|[from] item: Life Orb
|move|p1b: Basculegion|Wave Crash|p2b: Incineroar
|-supereffective|p2b: Incineroar|1
|-damage|p2b: Incineroar|30/100
|-damage|p1b: Basculegion|17/100 brn|[from] Recoil
|move|p2b: Incineroar|Flare Blitz|p1a: Kingambit
|-supereffective|p1a: Kingambit|1
|-damage|p1a: Kingambit|20/100y
|-damage|p2b: Incineroar|6/100|[from] Recoil
|
|-weather|SunnyDay|[upkeep]
|-damage|p1b: Basculegion|11/100 brn|[from] brn
|upkeep
|
|t:|1786128835
|switch|p2a: Garchomp|Garchomp, L50, M|100/100
|turn|4
|
|t:|1786128856
|move|p1a: Kingambit|Protect|p1a: Kingambit
|-singleturn|p1a: Kingambit|Protect
|move|p2a: Garchomp|Stomping Tantrum|p1a: Kingambit
|-activate|p1a: Kingambit|move: Protect
|move|p1b: Basculegion|Wave Crash|p2a: Garchomp
|-damage|p2a: Garchomp|84/100
|-damage|p1b: Basculegion|0 fnt|[from] ability: Rough Skin|[of] p2a: Garchomp
|faint|p1b: Basculegion
|move|p2b: Incineroar|Darkest Lariat|p1a: Kingambit
|-activate|p1a: Kingambit|move: Protect
|
|-weather|SunnyDay|[upkeep]
|upkeep
|
|t:|1786128869
|switch|p1b: Whimsicott|Whimsicott, L50, M|100/100
|turn|5
|
|t:|1786128875
|move|p1a: Kingambit|Sucker Punch|p2b: Incineroar
|-resisted|p2b: Incineroar|1
|-damage|p2b: Incineroar|0 fnt
|faint|p2b: Incineroar
|-damage|p1a: Kingambit|11/100|[from] item: Life Orb
|move|p2a: Garchomp|Stomping Tantrum|p1a: Kingambit
|-supereffective|p1a: Kingambit|1
|-damage|p1a: Kingambit|0 fnt
|faint|p1a: Kingambit
|move|p1b: Whimsicott|Moonblast|p2a: Garchomp
|-supereffective|p2a: Garchomp|1
|-damage|p2a: Garchomp|28/100
|
|-weather|none
|upkeep
|
|t:|1786128877
|switch|p2b: Venusaur|Venusaur, L50, M|100/100
|turn|6
|
|t:|1786128880
|move|p2a: Garchomp|Stomping Tantrum|p1b: Whimsicott
|-resisted|p1b: Whimsicott|1
|-damage|p1b: Whimsicott|80/100
|move|p1b: Whimsicott|Moonblast|p2a: Garchomp
|-supereffective|p2a: Garchomp|1
|-damage|p2a: Garchomp|0 fnt
|faint|p2a: Garchomp
|move|p2b: Venusaur|Sludge Bomb|p1b: Whimsicott
|-supereffective|p1b: Whimsicott|2
|-damage|p1b: Whimsicott|0 fnt
|faint|p1b: Whimsicott
|-damage|p2b: Venusaur|90/100|[from] item: Life Orb
|
|win|new mental
