|j|☆annoptan
|j|☆KodeBeast0526
|html|annoptanKodeBeast0526    
|uhtml|bestof|Game 3 of a best-of-3
|t:|1785901941
|gametype|doubles
|player|p1|annoptan|2|1202
|player|p2|KodeBeast0526|wattson|1301
|gen|9
|tier|[Gen 9 Champions] VGC 2026 Reg M-B (Bo3)
|rated|
|rule|Species Clause: Limit one of each Pokémon
|rule|Item Clause: Limit 1 of each item
|clearpoke
|poke|p1|Gengar, L50, F|
|poke|p1|Archaludon, L50, M|
|poke|p1|Politoed, L50, F|
|poke|p1|Swampert, L50, F|
|poke|p1|Vivillon-Fancy, L50, M|
|poke|p1|Incineroar, L50, F|
|poke|p2|Basculegion, L50, M|
|poke|p2|Garchomp, L50, F|
|poke|p2|Scizor, L50, F|
|poke|p2|Tyranitar, L50, F|
|poke|p2|Sneasler, L50, F|
|poke|p2|Corviknight, L50, F|
|teampreview|4
|showteam|p1|Gengar||Gengarite|CursedBody|ShadowBall,SludgeBomb,PerishSong,Protect|Modest||F|||50|]Archaludon||Leftovers|Stamina|ElectroShot,DragonPulse,FlashCannon,Protect|Bold||M|||50|]Politoed||SitrusBerry|Drizzle|WeatherBall,Hypnosis,PerishSong,Protect|Calm||F|||50|]Swampert||Swampertite|Torrent|Earthquake,WaveCrash,IcePunch,Protect|Adamant||F|||50|]Vivillon-Fancy||FocusSash|CompoundEyes|Hurricane,SleepPowder,RagePowder,Protect|Timid||M|||50|]Incineroar||PasshoBerry|Intimidate|ThroatChop,FakeOut,PartingShot,Protect|Impish||F|||50|
|showteam|p2|Basculegion||SitrusBerry|Adaptability|WaveCrash,LastRespects,AquaJet,Protect|Jolly||M|||50|]Garchomp||Garchompite|RoughSkin|EarthPower,DracoMeteor,PowerGem,Protect|Modest||F|||50|]Scizor||LifeOrb|Technician|BulletPunch,BugBite,SwordsDance,Protect|Adamant||F|||50|]Tyranitar||ChoiceScarf|SandStream|RockSlide,KnockOff,IcePunch,Superpower|Jolly||F|||50|]Sneasler||FocusSash|PoisonTouch|PoisonJab,CloseCombat,FakeOut,Protect|Jolly||F|||50|]Corviknight||Leftovers|MirrorArmor|IronHead,BraveBird,Tailwind,Protect|Impish||F|||50|
|inactive|Battle timer is ON: inactive players will automatically lose when time's up. (requested by annoptan)
|
|t:|1785901969
|teamsize|p1|4
|teamsize|p2|4
|start
|switch|p1a: Gengar|Gengar, L50, F|100/100
|switch|p1b: Incineroar|Incineroar, L50, F|100/100
|switch|p2a: Garchomp|Garchomp, L50, F|100/100
|switch|p2b: Sneasler|Sneasler, L50, F|100/100
|-ability|p1b: Incineroar|Intimidate|boost
|-unboost|p2a: Garchomp|atk|1
|-unboost|p2b: Sneasler|atk|1
|turn|1
|
|t:|1785901980
|detailschange|p2a: Garchomp|Garchomp-Mega, L50, F
|-mega|p2a: Garchomp|Garchomp|Garchompite
|detailschange|p1a: Gengar|Gengar-Mega, L50, F
|-mega|p1a: Gengar|Gengar|Gengarite
|move|p2b: Sneasler|Fake Out|p1b: Incineroar
|-damage|p1b: Incineroar|92/100
|cant|p1b: Incineroar|flinch
|move|p1a: Gengar|Perish Song|p1a: Gengar
|-start|p1a: Gengar|perish3|[silent]
|-start|p1b: Incineroar|perish3|[silent]
|-start|p2a: Garchomp|perish3|[silent]
|-start|p2b: Sneasler|perish3|[silent]
|-fieldactivate|move: Perish Song
|move|p2a: Garchomp|Earth Power|p1a: Gengar
|-supereffective|p1a: Gengar|1
|-damage|p1a: Gengar|9/100
|
|-start|p2b: Sneasler|perish3
|-start|p1a: Gengar|perish3
|-start|p2a: Garchomp|perish3
|-start|p1b: Incineroar|perish3
|upkeep
|turn|2
|
|t:|1785901996
|move|p1a: Gengar|Protect|p1a: Gengar
|-singleturn|p1a: Gengar|Protect
|move|p1b: Incineroar|Protect|p1b: Incineroar
|-singleturn|p1b: Incineroar|Protect
|move|p2b: Sneasler|Close Combat|p1b: Incineroar
|-activate|p1b: Incineroar|move: Protect
|move|p2a: Garchomp|Earth Power|p1b: Incineroar
|-activate|p1b: Incineroar|move: Protect
|
|-start|p2b: Sneasler|perish2
|-start|p1a: Gengar|perish2
|-start|p2a: Garchomp|perish2
|-start|p1b: Incineroar|perish2
|upkeep
|turn|3
|
|t:|1785902018
|switch|p1a: Vivillon|Vivillon-Fancy, L50, M|100/100
|move|p2b: Sneasler|Protect|p2b: Sneasler
|-singleturn|p2b: Sneasler|Protect
|move|p2a: Garchomp|Protect|p2a: Garchomp
|-singleturn|p2a: Garchomp|Protect
|move|p1b: Incineroar|Parting Shot|p2b: Sneasler
|-activate|p2b: Sneasler|move: Protect
|
|-start|p2b: Sneasler|perish1
|-start|p2a: Garchomp|perish1
|-start|p1b: Incineroar|perish1
|upkeep
|turn|4
|
|t:|1785902038
|switch|p2b: Basculegion|Basculegion, L50, M|100/100
|switch|p2a: Corviknight|Corviknight, L50, F|100/100
|move|p1a: Vivillon|Sleep Powder|p2b: Basculegion
|-status|p2b: Basculegion|slp|[from] move: Sleep Powder
|move|p1b: Incineroar|Parting Shot|p2a: Corviknight
|-ability|p2a: Corviknight|Mirror Armor
|-unboost|p1b: Incineroar|atk|1
|-ability|p2a: Corviknight|Mirror Armor
|-unboost|p1b: Incineroar|spa|1
|
|t:|1785902050
|switch|p1b: Gengar|Gengar-Mega, L50, F|9/100|[from] Parting Shot
|
|upkeep
|turn|5
|
|t:|1785902056
|move|p1b: Gengar|Shadow Ball|p2b: Basculegion
|-supereffective|p2b: Basculegion|1
|-damage|p2b: Basculegion|0 fnt
|faint|p2b: Basculegion
|move|p1a: Vivillon|Sleep Powder|p2a: Corviknight
|-status|p2a: Corviknight|slp|[from] move: Sleep Powder
|cant|p2a: Corviknight|slp
|
|upkeep
|
|t:|1785902062
|switch|p2b: Sneasler|Sneasler, L50, F|100/100
|turn|6
|
|t:|1785902077
|move|p2b: Sneasler|Poison Jab|p1b: Gengar
|-resisted|p1b: Gengar|2
|-damage|p1b: Gengar|0 fnt
|faint|p1b: Gengar
|move|p1a: Vivillon|Sleep Powder|p2b: Sneasler
|-status|p2b: Sneasler|slp|[from] move: Sleep Powder
|cant|p2a: Corviknight|slp
|
|upkeep
|
|t:|1785902085
|switch|p1b: Politoed|Politoed, L50, F|100/100
|-weather|RainDance|[from] ability: Drizzle|[of] p1b: Politoed
|turn|7
|
|t:|1785902092
|cant|p2b: Sneasler|slp
|move|p1a: Vivillon|Hurricane|p2b: Sneasler
|-supereffective|p2b: Sneasler|1
|-enditem|p2b: Sneasler|Focus Sash
|-damage|p2b: Sneasler|1/100 slp
|move|p1b: Politoed|Weather Ball|p2b: Sneasler
|-damage|p2b: Sneasler|0 fnt
|faint|p2b: Sneasler
|-curestatus|p2a: Corviknight|slp|[msg]
|move|p2a: Corviknight|Brave Bird|p1a: Vivillon
|-supereffective|p1a: Vivillon|1
|-enditem|p1a: Vivillon|Focus Sash
|-damage|p1a: Vivillon|1/100
|-damage|p2a: Corviknight|75/100|[from] Recoil
|
|-weather|RainDance|[upkeep]
|-heal|p2a: Corviknight|80/100|[from] item: Leftovers
|upkeep
|
|t:|1785902101
|switch|p2b: Garchomp|Garchomp-Mega, L50, F|100/100
|turn|8
|
|t:|1785902111
|move|p1a: Vivillon|Protect|p1a: Vivillon
|-singleturn|p1a: Vivillon|Protect
|move|p2b: Garchomp|Protect|p2b: Garchomp
|-singleturn|p2b: Garchomp|Protect
|move|p2a: Corviknight|Tailwind|p2a: Corviknight
|-sidestart|p2: KodeBeast0526|move: Tailwind
|move|p1b: Politoed|Perish Song|p1b: Politoed
|-start|p1a: Vivillon|perish3|[silent]
|-start|p1b: Politoed|perish3|[silent]
|-start|p2a: Corviknight|perish3|[silent]
|-start|p2b: Garchomp|perish3|[silent]
|-fieldactivate|move: Perish Song
|
|-weather|RainDance|[upkeep]
|-heal|p2a: Corviknight|86/100|[from] item: Leftovers
|-start|p2b: Garchomp|perish3
|-start|p2a: Corviknight|perish3
|-start|p1a: Vivillon|perish3
|-start|p1b: Politoed|perish3
|upkeep
|turn|9
|
|t:|1785902129
|switch|p1a: Incineroar|Incineroar, L50, F|92/100
|-ability|p1a: Incineroar|Intimidate|boost
|-ability|p2a: Corviknight|Mirror Armor
|-unboost|p1a: Incineroar|atk|1
|-unboost|p2b: Garchomp|atk|1
|move|p1b: Politoed|Protect|p1b: Politoed
|-singleturn|p1b: Politoed|Protect
|move|p2b: Garchomp|Power Gem|p1a: Incineroar
|-supereffective|p1a: Incineroar|1
|-damage|p1a: Incineroar|50/100y
|move|p2a: Corviknight|Brave Bird|p1b: Politoed
|-activate|p1b: Politoed|move: Protect
|
|-weather|RainDance|[upkeep]
|-heal|p2a: Corviknight|92/100|[from] item: Leftovers
|-start|p2b: Garchomp|perish2
|-start|p2a: Corviknight|perish2
|-start|p1b: Politoed|perish2
|upkeep
|turn|10
|
|t:|1785902148
|move|p1a: Incineroar|Protect|p1a: Incineroar
|-singleturn|p1a: Incineroar|Protect
|move|p2b: Garchomp|Earth Power|p1b: Politoed
|-damage|p1b: Politoed|61/100
|move|p2a: Corviknight|Brave Bird|p1b: Politoed
|-damage|p1b: Politoed|29/100
|-enditem|p1b: Politoed|Sitrus Berry|[eat]
|-heal|p1b: Politoed|54/100|[from] item: Sitrus Berry
|-damage|p2a: Corviknight|82/100|[from] Recoil
|move|p1b: Politoed|Hypnosis|p2b: Garchomp|[miss]
|-miss|p1b: Politoed|p2b: Garchomp
|
|-weather|RainDance|[upkeep]
|-heal|p2a: Corviknight|88/100|[from] item: Leftovers
|-start|p2b: Garchomp|perish1
|-start|p2a: Corviknight|perish1
|-start|p1b: Politoed|perish1
|upkeep
|turn|11
|
|t:|1785902166
|switch|p1b: Vivillon|Vivillon-Fancy, L50, M|1/100
|move|p2b: Garchomp|Draco Meteor|p1a: Incineroar
|-damage|p1a: Incineroar|0 fnt
|-unboost|p2b: Garchomp|spa|2
|faint|p1a: Incineroar
|move|p2a: Corviknight|Iron Head|p1b: Vivillon
|-damage|p1b: Vivillon|0 fnt
|faint|p1b: Vivillon
|
|-weather|none
|-heal|p2a: Corviknight|94/100|[from] item: Leftovers
|-start|p2b: Garchomp|perish0
|-start|p2a: Corviknight|perish0
|-sideend|p2: KodeBeast0526|move: Tailwind
|upkeep
|faint|p2b: Garchomp
|faint|p2a: Corviknight
|
|win|annoptan
|raw|annoptan's rating: 1202 → 1234(+32 for winning)
|raw|KodeBeast0526's rating: 1301 → 1275(-26 for losing)
|l|☆annoptan
|player|p1|
