|j|☆JAMieC_123
|j|☆dr_sugus_vgc
|html|JAMieC_123dr_sugus_vgc    
|uhtml|bestof|Game 2 of a best-of-3
|t:|1756636931
|gametype|doubles
|player|p1|JAMieC_123|265|1000
|player|p2|dr_sugus_vgc|169|1097
|gen|9
|tier|[Gen 9] VGC 2025 Reg H (Bo3)
|rated|
|rule|Species Clause: Limit one of each Pokémon
|rule|Item Clause: Limit 1 of each item
|clearpoke
|poke|p1|Volcarona, L50, F|
|poke|p1|Kingambit, L50, M|
|poke|p1|Dragonite, L50, M|
|poke|p1|Sneasler, L50, F|
|poke|p1|Rillaboom, L50, M|
|poke|p1|Electabuzz, L50, M|
|poke|p2|Tyranitar, L50, F|
|poke|p2|Clefable, L50, M|
|poke|p2|Excadrill, L50, F|
|poke|p2|Salamence, L50, F|
|poke|p2|Rillaboom, L50, F|
|poke|p2|Skeledirge, L50, M|
|teampreview|4
|showteam|p1|Volcarona||Leftovers|FlameBody|HeatWave,TeraBlast,QuiverDance,Protect|||F|||50|,,,,,Fairy]Kingambit||BlackGlasses|Defiant|KowtowCleave,SuckerPunch,SwordsDance,Protect|||M|||50|,,,,,Dark]Dragonite||LoadedDice|Multiscale|ScaleShot,ExtremeSpeed,Haze,Protect|||M|||50|,,,,,Steel]Sneasler||FocusSash|PoisonTouch|CloseCombat,DireClaw,FakeOut,Coaching|||F|||50|,,,,,Stellar]Rillaboom||AssaultVest|GrassySurge|WoodHammer,GrassyGlide,HighHorsepower,FakeOut|||M|||50|,,,,,Fire]Electabuzz||Eviolite|VitalSpirit|Thunderbolt,Taunt,FollowMe,Protect|||M|||50|,,,,,Ghost
|showteam|p2|Tyranitar||ClearAmulet|SandStream|RockSlide,KnockOff,Taunt,Protect|||F|||50|,,,,,Fire]Clefable||SitrusBerry|Unaware|AlluringVoice,ThunderWave,FollowMe,Protect|||M|||50|,,,,,Grass]Excadrill||FocusSash|SandRush|HighHorsepower,IronHead,SwordsDance,Protect|||F|||50|,,,,,Steel]Salamence||CovertCloak|Intimidate|DragonPulse,HeatWave,Tailwind,Protect|||F|||50|,,,,,Fairy]Rillaboom||AssaultVest|GrassySurge|FakeOut,GrassyGlide,WoodHammer,Uturn|||F|||50|,,,,,Fire]Skeledirge||SafetyGoggles|Unaware|TorchSong,Yawn,ShadowBall,Protect|||M|||50|,,,,,Fairy
|inactive|Battle timer is ON: inactive players will automatically lose when time's up. (requested by JAMieC_123)
|inactive|JAMieC_123 has 60 seconds left.
|
|t:|1756636993
|teamsize|p1|4
|teamsize|p2|4
|start
|switch|p1a: Volcarona|Volcarona, L50, F|100/100
|switch|p1b: Electabuzz|Electabuzz, L50, M|100/100
|switch|p2a: Tyranitar|Tyranitar, L50, F|100/100
|switch|p2b: Excadrill|Excadrill, L50, F|100/100
|-weather|Sandstorm|[from] ability: Sand Stream|[of] p2a: Tyranitar
|turn|1
|inactive|dr_sugus_vgc has 30 seconds left.
|
|t:|1756637021
|switch|p1b: Rillaboom|Rillaboom, L50, M|100/100
|-fieldstart|move: Grassy Terrain|[from] ability: Grassy Surge|[of] p1b: Rillaboom
|-terastallize|p1a: Volcarona|Fairy
|move|p2b: Excadrill|High Horsepower|p1b: Rillaboom
|-resisted|p1b: Rillaboom
|-crit|p1b: Rillaboom
|-damage|p1b: Rillaboom|60/100
|move|p1a: Volcarona|Quiver Dance|p1a: Volcarona
|-boost|p1a: Volcarona|spa|1
|-boost|p1a: Volcarona|spd|1
|-boost|p1a: Volcarona|spe|1
|move|p2a: Tyranitar|Rock Slide|p1b: Rillaboom|[spread] p1a,p1b
|-crit|p1a: Volcarona
|-damage|p1a: Volcarona|45/100
|-damage|p1b: Rillaboom|33/100
|
|-weather|Sandstorm|[upkeep]
|-damage|p1a: Volcarona|39/100|[from] Sandstorm
|-damage|p1b: Rillaboom|27/100|[from] Sandstorm
|-heal|p1a: Volcarona|45/100|[from] Grassy Terrain
|-heal|p1a: Volcarona|52/100|[from] item: Leftovers
|-heal|p1b: Rillaboom|33/100|[from] Grassy Terrain
|upkeep
|turn|2
|inactive|JAMieC_123 has 30 seconds left.
|inactive|dr_sugus_vgc has 30 seconds left.
|
|t:|1756637056
|-terastallize|p2a: Tyranitar|Fire
|move|p1b: Rillaboom|Fake Out|p2b: Excadrill
|-resisted|p2b: Excadrill
|-damage|p2b: Excadrill|89/100
|cant|p2b: Excadrill|flinch
|move|p1a: Volcarona|Quiver Dance|p1a: Volcarona
|-boost|p1a: Volcarona|spa|1
|-boost|p1a: Volcarona|spd|1
|-boost|p1a: Volcarona|spe|1
|move|p2a: Tyranitar|Rock Slide|p1a: Volcarona|[spread] p1b
|-miss|p2a: Tyranitar|p1a: Volcarona
|-damage|p1b: Rillaboom|2/100
|
|-weather|Sandstorm|[upkeep]
|-damage|p1a: Volcarona|45/100|[from] Sandstorm
|-damage|p1b: Rillaboom|0 fnt|[from] Sandstorm
|-damage|p2a: Tyranitar|95/100|[from] Sandstorm
|faint|p1b: Rillaboom
|-heal|p1a: Volcarona|52/100|[from] Grassy Terrain
|-heal|p1a: Volcarona|58/100|[from] item: Leftovers
|-heal|p2b: Excadrill|95/100|[from] Grassy Terrain
|-heal|p2a: Tyranitar|100/100|[from] Grassy Terrain
|upkeep
|
|t:|1756637076
|switch|p1b: Electabuzz|Electabuzz, L50, M|100/100
|turn|3
|
|t:|1756637087
|switch|p2b: Skeledirge|Skeledirge, L50, M|100/100
|move|p1b: Electabuzz|Follow Me|p1b: Electabuzz
|-singleturn|p1b: Electabuzz|move: Follow Me
|move|p1a: Volcarona|Heat Wave|p2a: Tyranitar|[spread] p2a,p2b
|-resisted|p2a: Tyranitar
|-resisted|p2b: Skeledirge
|-damage|p2a: Tyranitar|68/100
|-damage|p2b: Skeledirge|81/100
|move|p2a: Tyranitar|Rock Slide|p1b: Electabuzz|[spread] p1a,p1b
|-damage|p1a: Volcarona|24/100
|-damage|p1b: Electabuzz|78/100
|
|-weather|Sandstorm|[upkeep]
|-damage|p1a: Volcarona|18/100|[from] Sandstorm
|-damage|p1b: Electabuzz|72/100|[from] Sandstorm
|-damage|p2a: Tyranitar|62/100|[from] Sandstorm
|-heal|p1a: Volcarona|24/100|[from] Grassy Terrain
|-heal|p1a: Volcarona|30/100|[from] item: Leftovers
|-heal|p1b: Electabuzz|78/100|[from] Grassy Terrain
|-heal|p2a: Tyranitar|68/100|[from] Grassy Terrain
|-heal|p2b: Skeledirge|87/100|[from] Grassy Terrain
|upkeep
|turn|4
|inactive|dr_sugus_vgc has 30 seconds left.
|
|t:|1756637116
|move|p1b: Electabuzz|Follow Me|p1b: Electabuzz
|-singleturn|p1b: Electabuzz|move: Follow Me
|move|p1a: Volcarona|Tera Blast|p2b: Skeledirge|[anim] Tera Blast Fairy
|-resisted|p2b: Skeledirge
|-damage|p2b: Skeledirge|67/100
|move|p2a: Tyranitar|Knock Off|p1b: Electabuzz
|-damage|p1b: Electabuzz|37/100
|-enditem|p1b: Electabuzz|Eviolite|[from] move: Knock Off|[of] p2a: Tyranitar
|move|p2b: Skeledirge|Torch Song|p1b: Electabuzz
|-damage|p1b: Electabuzz|0 fnt
|-boost|p2b: Skeledirge|spa|1
|faint|p1b: Electabuzz
|
|-weather|Sandstorm|[upkeep]
|-damage|p1a: Volcarona|24/100|[from] Sandstorm
|-damage|p2a: Tyranitar|62/100|[from] Sandstorm
|-heal|p1a: Volcarona|30/100|[from] Grassy Terrain
|-heal|p1a: Volcarona|36/100|[from] item: Leftovers
|-heal|p2a: Tyranitar|68/100|[from] Grassy Terrain
|-heal|p2b: Skeledirge|73/100|[from] Grassy Terrain
|upkeep
|
|t:|1756637134
|switch|p1b: Kingambit|Kingambit, L50, M|100/100
|turn|5
|
|t:|1756637151
|move|p1b: Kingambit|Sucker Punch||[still]
|-fail|p1b: Kingambit
|move|p1a: Volcarona|Tera Blast|p2a: Tyranitar|[anim] Tera Blast Fairy
|-resisted|p2a: Tyranitar
|-crit|p2a: Tyranitar
|-damage|p2a: Tyranitar|13/100
|move|p2a: Tyranitar|Rock Slide|p1a: Volcarona|[spread] p1a,p1b
|-resisted|p1b: Kingambit
|-damage|p1a: Volcarona|3/100
|-damage|p1b: Kingambit|90/100
|move|p2b: Skeledirge|Yawn|p1b: Kingambit
|-start|p1b: Kingambit|move: Yawn|[of] p2b: Skeledirge
|
|-weather|none
|-heal|p1a: Volcarona|10/100|[from] Grassy Terrain
|-heal|p1a: Volcarona|16/100|[from] item: Leftovers
|-heal|p2a: Tyranitar|19/100|[from] Grassy Terrain
|-heal|p2b: Skeledirge|80/100|[from] Grassy Terrain
|-heal|p1b: Kingambit|96/100|[from] Grassy Terrain
|-fieldend|move: Grassy Terrain
|upkeep
|turn|6
|inactive|JAMieC_123 has 30 seconds left.
|
|t:|1756637176
|move|p2a: Tyranitar|Protect|p2a: Tyranitar
|-singleturn|p2a: Tyranitar|Protect
|move|p2b: Skeledirge|Protect|p2b: Skeledirge
|-singleturn|p2b: Skeledirge|Protect
|move|p1b: Kingambit|Sucker Punch||[still]
|-fail|p1b: Kingambit
|move|p1a: Volcarona|Quiver Dance|p1a: Volcarona
|-boost|p1a: Volcarona|spa|1
|-boost|p1a: Volcarona|spd|1
|-boost|p1a: Volcarona|spe|1
|
|-heal|p1a: Volcarona|22/100|[from] item: Leftovers
|-end|p1b: Kingambit|move: Yawn|[silent]
|-status|p1b: Kingambit|slp
|upkeep
|turn|7
|
|t:|1756637196
|switch|p2a: Clefable|Clefable, L50, M|100/100
|cant|p1b: Kingambit|slp
|move|p1a: Volcarona|Heat Wave|p2b: Skeledirge|[spread] p2a,p2b
|-resisted|p2b: Skeledirge
|-damage|p2a: Clefable|71/100
|-damage|p2b: Skeledirge|62/100
|move|p2b: Skeledirge|Torch Song|p1a: Volcarona
|-damage|p1a: Volcarona|0 fnt
|-boost|p2b: Skeledirge|spa|1
|faint|p1a: Volcarona
|
|upkeep
|turn|8
|
|t:|1756637212
|move|p2a: Clefable|Follow Me|p2a: Clefable
|-singleturn|p2a: Clefable|move: Follow Me
|move|p2b: Skeledirge|Torch Song|p1b: Kingambit
|-supereffective|p1b: Kingambit
|-damage|p1b: Kingambit|0 fnt
|-boost|p2b: Skeledirge|spa|1
|faint|p1b: Kingambit
|
|win|dr_sugus_vgc
|raw|JAMieC_123's rating: 1000 → 1000(+0 for losing)
|raw|dr_sugus_vgc's rating: 1097 → 1116(+19 for winning)
|c|☆JAMieC_123|ggwp
|c|☆dr_sugus_vgc|gg
|l|☆JAMieC_123
|player|p1|
