|j|☆AyyLwin
|j|☆robo562
|html|AyyLwinrobo562    
|uhtml|bestof|Game 2 of a best-of-3
|t:|1785309232
|gametype|doubles
|player|p1|AyyLwin|102|1049
|player|p2|robo562|266|1000
|gen|9
|tier|[Gen 9 Champions] VGC 2026 Reg M-B (Bo3)
|rated|
|rule|Species Clause: Limit one of each Pokémon
|rule|Item Clause: Limit 1 of each item
|clearpoke
|poke|p1|Charizard, L50, M|
|poke|p1|Swampert, L50, M|
|poke|p1|Sinistcha, L50|
|poke|p1|Politoed, L50, F|
|poke|p1|Clefable, L50, F|
|poke|p1|Vivillon-Fancy, L50, M|
|poke|p2|Garchomp, L50, M|
|poke|p2|Tyranitar, L50, M|
|poke|p2|Milotic, L50, F|
|poke|p2|Clefable, L50, M|
|poke|p2|Gholdengo, L50|
|poke|p2|Sinistcha-Masterpiece, L50|
|teampreview|4
|showteam|p1|Charizard||CharizarditeY|Blaze|HeatWave,Protect,WeatherBall,SolarBeam|Modest||M|||50|]Swampert||Swampertite|Torrent|FlipTurn,IcePunch,Protect,Earthquake|Adamant||M|||50|]Sinistcha||KasibBerry|Hospitality|MatchaGotcha,Protect,TrickRoom,RagePowder|Bold|||||50|]Politoed||DampRock|Drizzle|Hypnosis,Surf,WeatherBall,Protect|Sassy||F|||50|]Clefable||SitrusBerry|Unaware|FollowMe,Gravity,Protect,Moonblast|Modest||F|||50|]Vivillon-Fancy||FocusSash|CompoundEyes|SleepPowder,Protect,Hurricane,RagePowder|Timid||M|||50|
|showteam|p2|Garchomp||Garchompite|SandVeil|Protect,SwordsDance,DragonClaw,Earthquake|Adamant||M|||50|]Tyranitar||Tyranitarite|SandStream|Protect,RockSlide,KnockOff,LowKick|Adamant||M|||50|]Milotic||Leftovers|Competitive|Recover,Coil,Scald,IceBeam|Modest||F|||50|]Clefable||FairyFeather|Unaware|Protect,FollowMe,HelpingHand,Moonblast|Modest||M|||50|]Gholdengo||FocusSash|GoodasGold|Protect,NastyPlot,MakeItRain,ShadowBall|Modest|||||50|]Sinistcha-Masterpiece||SitrusBerry|Hospitality|Protect,RagePowder,TrickRoom,MatchaGotcha|Modest|||||50|
|inactive|Battle timer is ON: inactive players will automatically lose when time's up. (requested by robo562)
|inactive|AyyLwin has 60 seconds left.
|inactive|robo562 has 60 seconds left.
|
|t:|1785309287
|teamsize|p1|4
|teamsize|p2|4
|start
|switch|p1a: Charizard|Charizard, L50, M|100/100
|switch|p1b: Vivillon|Vivillon-Fancy, L50, M|100/100
|switch|p2a: Tyranitar|Tyranitar, L50, M|100/100
|switch|p2b: Sinistcha|Sinistcha-Masterpiece, L50|100/100
|-weather|Sandstorm|[from] ability: Sand Stream|[of] p2a: Tyranitar
|turn|1
|
|t:|1785309308
|switch|p1b: Sinistcha|Sinistcha, L50|100/100
|switch|p2b: Clefable|Clefable, L50, M|100/100
|move|p1a: Charizard|Protect|p1a: Charizard
|-singleturn|p1a: Charizard|Protect
|move|p2a: Tyranitar|Protect||[still]
|-fail|p2a: Tyranitar
|
|-weather|Sandstorm|[upkeep]
|-damage|p1a: Charizard|94/100|[from] Sandstorm
|-damage|p1b: Sinistcha|93/100|[from] Sandstorm
|-damage|p2b: Clefable|94/100|[from] Sandstorm
|upkeep
|turn|2
|inactive|robo562 has 30 seconds left.
|
|t:|1785309334
|switch|p1a: Politoed|Politoed, L50, F|100/100
|-weather|RainDance|[from] ability: Drizzle|[of] p1a: Politoed
|detailschange|p2a: Tyranitar|Tyranitar-Mega, L50, M
|-mega|p2a: Tyranitar|Tyranitar|Tyranitarite
|-weather|Sandstorm|[from] ability: Sand Stream|[of] p2a: Tyranitar
|move|p2b: Clefable|Helping Hand|p2a: Tyranitar
|-singleturn|p2a: Tyranitar|Helping Hand|[of] p2b: Clefable
|move|p2a: Tyranitar|Knock Off|p1b: Sinistcha
|-supereffective|p1b: Sinistcha|1
|-damage|p1b: Sinistcha|0 fnt
|-enditem|p1b: Sinistcha|Kasib Berry|[from] move: Knock Off|[of] p2a: Tyranitar
|faint|p1b: Sinistcha
|
|-weather|Sandstorm|[upkeep]
|-damage|p1a: Politoed|93/100|[from] Sandstorm
|-damage|p2b: Clefable|88/100|[from] Sandstorm
|upkeep
|
|t:|1785309352
|switch|p1b: Charizard|Charizard, L50, M|94/100
|turn|3
|inactive|robo562 has 30 seconds left.
|
|t:|1785309387
|detailschange|p1b: Charizard|Charizard-Mega-Y, L50, M
|-mega|p1b: Charizard|Charizard|Charizardite Y
|-weather|SunnyDay|[from] ability: Drought|[of] p1b: Charizard
|move|p2b: Clefable|Follow Me|p2b: Clefable
|-singleturn|p2b: Clefable|move: Follow Me
|move|p1b: Charizard|Heat Wave|p2a: Tyranitar|[spread] p2a,p2b
|-resisted|p2a: Tyranitar|1
|-damage|p2a: Tyranitar|78/100
|-damage|p2b: Clefable|19/100
|move|p2a: Tyranitar|Rock Slide|p1a: Politoed|[spread] p1a
|-miss|p2a: Tyranitar|p1b: Charizard
|-damage|p1a: Politoed|55/100
|cant|p1a: Politoed|flinch
|
|-weather|SunnyDay|[upkeep]
|upkeep
|turn|4
|inactive|robo562 has 30 seconds left.
|
|t:|1785309412
|move|p1b: Charizard|Protect|p1b: Charizard
|-singleturn|p1b: Charizard|Protect
|move|p2a: Tyranitar|Knock Off|p1a: Politoed
|-damage|p1a: Politoed|0 fnt
|-enditem|p1a: Politoed|Damp Rock|[from] move: Knock Off|[of] p2a: Tyranitar
|faint|p1a: Politoed
|move|p2b: Clefable|Moonblast|p1b: Charizard
|-activate|p1b: Charizard|move: Protect
|
|-weather|SunnyDay|[upkeep]
|upkeep
|
|t:|1785309424
|switch|p1a: Vivillon|Vivillon-Fancy, L50, M|100/100
|turn|5
|
|t:|1785309432
|switch|p2a: Sinistcha|Sinistcha-Masterpiece, L50|100/100
|-heal|p2b: Clefable|44/100|[from] ability: Hospitality|[of] p2a: Sinistcha
|switch|p2b: Gholdengo|Gholdengo, L50|100/100
|move|p1b: Charizard|Weather Ball|p2a: Sinistcha
|-supereffective|p2a: Sinistcha|1
|-damage|p2a: Sinistcha|0 fnt
|faint|p2a: Sinistcha
|move|p1a: Vivillon|Sleep Powder|p2b: Gholdengo
|-immune|p2b: Gholdengo|[from] ability: Good as Gold
|
|-weather|SunnyDay|[upkeep]
|upkeep
|
|t:|1785309449
|switch|p2a: Clefable|Clefable, L50, M|44/100
|turn|6
|
|t:|1785309465
|move|p2a: Clefable|Protect|p2a: Clefable
|-singleturn|p2a: Clefable|Protect
|move|p1b: Charizard|Heat Wave|p2b: Gholdengo|[spread] p2b
|-activate|p2a: Clefable|move: Protect
|-supereffective|p2b: Gholdengo|1
|-enditem|p2b: Gholdengo|Focus Sash
|-damage|p2b: Gholdengo|1/100
|move|p1a: Vivillon|Hurricane|p2a: Clefable
|-activate|p2a: Clefable|move: Protect
|move|p2b: Gholdengo|Make It Rain|p1a: Vivillon|[spread] p1a,p1b
|-resisted|p1b: Charizard|1
|-damage|p1a: Vivillon|1/100
|-damage|p1b: Charizard|69/100
|-unboost|p2b: Gholdengo|spa|2
|
|-weather|SunnyDay|[upkeep]
|upkeep
|turn|7
|inactive|robo562 has 30 seconds left.
|inactive|robo562 has 20 seconds left.
|
|t:|1785309502
|move|p1a: Vivillon|Protect|p1a: Vivillon
|-singleturn|p1a: Vivillon|Protect
|move|p1b: Charizard|Heat Wave|p2b: Gholdengo|[spread] p2a,p2b
|-supereffective|p2b: Gholdengo|1
|-damage|p2a: Clefable|0 fnt
|-damage|p2b: Gholdengo|0 fnt
|faint|p2a: Clefable
|faint|p2b: Gholdengo
|
|-weather|none
|upkeep
|
|t:|1785309513
|switch|p2b: Tyranitar|Tyranitar-Mega, L50, M|78/100
|-weather|Sandstorm|[from] ability: Sand Stream|[of] p2b: Tyranitar
|turn|8
|
|t:|1785309529
|move|p2b: Tyranitar|Protect|p2b: Tyranitar
|-singleturn|p2b: Tyranitar|Protect
|move|p1b: Charizard|Heat Wave|p2b: Tyranitar
|-activate|p2b: Tyranitar|move: Protect
|move|p1a: Vivillon|Sleep Powder|p2b: Tyranitar
|-activate|p2b: Tyranitar|move: Protect
|
|-weather|Sandstorm|[upkeep]
|-damage|p1b: Charizard|63/100|[from] Sandstorm
|-damage|p1a: Vivillon|0 fnt|[from] Sandstorm
|faint|p1a: Vivillon
|upkeep
|turn|9
|
|t:|1785309548
|move|p1b: Charizard|Heat Wave|p2b: Tyranitar
|-resisted|p2b: Tyranitar|1
|-damage|p2b: Tyranitar|63/100
|move|p2b: Tyranitar|Rock Slide|p1b: Charizard
|-supereffective|p1b: Charizard|2
|-damage|p1b: Charizard|0 fnt
|faint|p1b: Charizard
|
|win|robo562
|raw|AyyLwin's rating: 1049 → 1029(-20 for losing)
|raw|robo562's rating: 1000 → 1046(+46 for winning)
|c|☆robo562|gg
|l|☆AyyLwin
|player|p1|
