|j|ŌśåRillabossman
|j|ŌśåTsukiiVGC
|html|RillabossmanTsukiiVGC    
|uhtml|bestof|Game 1 of a best-of-3
|t:|1757795564
|gametype|doubles
|player|p1|Rillabossman|burglar|1133
|player|p2|TsukiiVGC|riley|1130
|gen|9
|tier|[Gen 9] VGC 2025 Reg H (Bo3)
|rated|
|rule|Species Clause: Limit one of each Pok├®mon
|rule|Item Clause: Limit 1 of each item
|clearpoke
|poke|p1|Dragapult, L50, M|
|poke|p1|Sneasler, L50, F|
|poke|p1|Rillaboom, L50, F|
|poke|p1|Primarina, L50, F|
|poke|p1|Kingambit, L50, F|
|poke|p1|Magmar, L50, F|
|poke|p2|Garchomp, L50, M|
|poke|p2|Gardevoir, L50, F|
|poke|p2|Talonflame, L50, F|
|poke|p2|Toxtricity, L50, M|
|poke|p2|Tsareena, L50, F|
|poke|p2|Basculegion, L50, M|
|teampreview|4
|showteam|p1|Dragapult||ChoiceBand|ClearBody|DragonDarts,Outrage,PhantomForce,Uturn|||M|||50|,,,,,Dragon]Sneasler||GrassySeed|Unburden|FakeOut,CloseCombat,DireClaw,Protect|||F|||50|,,,,,Stellar]Rillaboom||MiracleSeed|GrassySurge|FakeOut,GrassyGlide,WoodHammer,Uturn|||F|||50|,,,,,Grass]Primarina||LifeOrb|LiquidVoice|HyperVoice,Moonblast,Protect,Haze|||F|||50|,,,,,Poison]Kingambit||BlackGlasses|Defiant|SuckerPunch,KowtowCleave,Protect,SwordsDance|||F|||50|,,,,,Dark]Magmar||Eviolite|VitalSpirit|FollowMe,Overheat,Taunt,Protect|||F|||50|,,,,,Ghost
|showteam|p2|Garchomp||ClearAmulet|RoughSkin|Protect,Earthquake,DragonClaw,StompingTantrum|||M|||50|,,,,,Steel]Gardevoir||FocusSash|Telepathy|Protect,Psychic,TrickRoom,Imprison|||F|||50|,,,,,Ghost]Talonflame||SharpBeak|GaleWings|Protect,BraveBird,WillOWisp,Tailwind|||F|||50|,,,,,Ghost]Toxtricity||ChoiceSpecs|PunkRock|Overdrive,Boomburst,SludgeBomb,VoltSwitch|||M|||50|,,,,,Normal]Tsareena||WideLens|QueenlyMajesty|Protect,PowerWhip,TripleAxel,Taunt|||F|||50|,,,,,Ghost]Basculegion||ChoiceScarf|Adaptability|WaveCrash,LastRespects,FlipTurn,AquaJet|||M|||50|,,,,,Water
|
|t:|1757795615
|teamsize|p1|4
|teamsize|p2|4
|start
|switch|p1a: Rillaboom|Rillaboom, L50, F|100/100
|switch|p1b: Dragapult|Dragapult, L50, M|100/100
|switch|p2a: Talonflame|Talonflame, L50, F|100/100
|switch|p2b: Garchomp|Garchomp, L50, M|100/100
|-fieldstart|move: Grassy Terrain|[from] ability: Grassy Surge|[of] p1a: Rillaboom
|turn|1
|
|t:|1757795636
|switch|p1b: Primarina|Primarina, L50, F|100/100
|switch|p2b: Tsareena|Tsareena, L50, F|100/100
|move|p2a: Talonflame|Will-O-Wisp|p1b: Primarina
|-status|p1b: Primarina|brn
|move|p1a: Rillaboom|Wood Hammer|p2b: Tsareena
|-resisted|p2b: Tsareena
|-damage|p2b: Tsareena|46/100
|-damage|p1a: Rillaboom|87/100|[from] Recoil
|
|-heal|p2b: Tsareena|52/100|[from] Grassy Terrain
|-heal|p1a: Rillaboom|93/100|[from] Grassy Terrain
|-damage|p1b: Primarina|95/100 brn|[from] brn
|upkeep
|turn|2
|
|t:|1757795659
|-terastallize|p1b: Primarina|Poison
|move|p2a: Talonflame|Will-O-Wisp|p1a: Rillaboom
|-status|p1a: Rillaboom|brn
|move|p2b: Tsareena|Power Whip|p1b: Primarina
|-resisted|p1b: Primarina
|-damage|p1b: Primarina|51/100 brn
|move|p1a: Rillaboom|U-turn|p2b: Tsareena
|-supereffective|p2b: Tsareena
|-damage|p2b: Tsareena|23/100
|
|t:|1757795665
|switch|p1a: Sneasler|Sneasler, L50, F|100/100|[from] U-turn
|-enditem|p1a: Sneasler|Grassy Seed
|-boost|p1a: Sneasler|def|1|[from] item: Grassy Seed
|move|p1b: Primarina|Hyper Voice|p2a: Talonflame|[spread] p2a,p2b
|-supereffective|p2a: Talonflame
|-resisted|p2b: Tsareena
|-damage|p2a: Talonflame|0 fnt
|-damage|p2b: Tsareena|0 fnt
|faint|p2a: Talonflame
|faint|p2b: Tsareena
|-damage|p1b: Primarina|41/100 brn|[from] item: Life Orb
|
|-heal|p1b: Primarina|47/100 brn|[from] Grassy Terrain
|-damage|p1b: Primarina|41/100 brn|[from] brn
|upkeep
|
|t:|1757795673
|switch|p2a: Garchomp|Garchomp, L50, M|100/100
|switch|p2b: Basculegion|Basculegion, L50, M|100/100
|turn|3
|
|t:|1757795705
|move|p2a: Garchomp|Protect|p2a: Garchomp
|-singleturn|p2a: Garchomp|Protect
|move|p1a: Sneasler|Dire Claw|p2b: Basculegion
|-resisted|p2b: Basculegion
|-damage|p2b: Basculegion|76/100
|-status|p2b: Basculegion|slp
|cant|p2b: Basculegion|slp
|move|p1b: Primarina|Moonblast|p2a: Garchomp
|-activate|p2a: Garchomp|move: Protect
|
|-heal|p2b: Basculegion|82/100 slp|[from] Grassy Terrain
|-heal|p1b: Primarina|47/100 brn|[from] Grassy Terrain
|-damage|p1b: Primarina|41/100 brn|[from] brn
|upkeep
|turn|4
|c|ŌśåTsukiiVGC|wow
|c|ŌśåTsukiiVGC|thatŌĆÖs bailed but okay
|c|ŌśåRillabossman|basculegion doesn't reverse sweep though
|
|t:|1757795730
|move|p1a: Sneasler|Close Combat|p2a: Garchomp
|-damage|p2a: Garchomp|39/100
|-unboost|p1a: Sneasler|def|1
|-unboost|p1a: Sneasler|spd|1
|-damage|p1a: Sneasler|88/100|[from] ability: Rough Skin|[of] p2a: Garchomp
|cant|p2b: Basculegion|slp
|move|p2a: Garchomp|Stomping Tantrum|p1b: Primarina
|-supereffective|p1b: Primarina
|-damage|p1b: Primarina|0 fnt
|faint|p1b: Primarina
|
|-heal|p1a: Sneasler|94/100|[from] Grassy Terrain
|-heal|p2b: Basculegion|88/100 slp|[from] Grassy Terrain
|-heal|p2a: Garchomp|45/100|[from] Grassy Terrain
|upkeep
|c|ŌśåRillabossman|I just grassy glide it
|
|t:|1757795740
|switch|p1b: Rillaboom|Rillaboom, L50, F|93/100 brn
|turn|5
|c|ŌśåTsukiiVGC|healthy chomp helps tho
|c|ŌśåRillabossman|that's true
|c|ŌśåTsukiiVGC|prim wouldnŌĆÖt have been able to chip it
|
|t:|1757795806
|-terastallize|p2b: Basculegion|Water
|cant|p2b: Basculegion|slp
|move|p1b: Rillaboom|Grassy Glide|p2b: Basculegion
|-supereffective|p2b: Basculegion
|-crit|p2b: Basculegion
|-damage|p2b: Basculegion|7/100 slp
|move|p1a: Sneasler|Close Combat|p2a: Garchomp
|-damage|p2a: Garchomp|0 fnt
|-unboost|p1a: Sneasler|def|1
|-unboost|p1a: Sneasler|spd|1
|-damage|p1a: Sneasler|82/100|[from] ability: Rough Skin|[of] p2a: Garchomp
|faint|p2a: Garchomp
|
|-heal|p1a: Sneasler|88/100|[from] Grassy Terrain
|-heal|p2b: Basculegion|13/100 slp|[from] Grassy Terrain
|-heal|p1b: Rillaboom|99/100 brn|[from] Grassy Terrain
|-damage|p1b: Rillaboom|93/100 brn|[from] brn
|-fieldend|move: Grassy Terrain
|upkeep
|turn|6
|c|ŌśåTsukiiVGC|sigh.
|c|ŌśåTsukiiVGC|crit
|c|ŌśåTsukiiVGC|+ sleep
|c|ŌśåTsukiiVGC|thatŌĆÖs crazy
|
|t:|1757795832
|-curestatus|p2b: Basculegion|slp|[msg]
|move|p2b: Basculegion|Aqua Jet|p1a: Sneasler
|-damage|p1a: Sneasler|6/100
|move|p1a: Sneasler|Dire Claw|p2b: Basculegion
|-damage|p2b: Basculegion|0 fnt
|faint|p2b: Basculegion
|
|win|Rillabossman
||Rillabossman is ready for game 2.
|inactive|TsukiiVGC has 30 seconds to confirm battle start!
|c|ŌśåTsukiiVGC|just bs fr
||TsukiiVGC is ready for game 2.
|uhtml|next|Next: Game 2 of 3
|l|ŌśåTsukiiVGC
|player|p2|
