|j|☆NoitUK_VGC
|j|☆tmmc01
|html|NoitUK_VGCtmmc01    
|uhtml|bestof|Game 1 of a best-of-3
|t:|1784834502
|gametype|doubles
|player|p1|NoitUK_VGC|102|1152
|player|p2|tmmc01|artist|1150
|gen|9
|tier|[Gen 9 Champions] VGC 2026 Reg M-B (Bo3)
|rated|
|rule|Species Clause: Limit one of each Pokémon
|rule|Item Clause: Limit 1 of each item
|clearpoke
|poke|p1|Gengar, L50, F|
|poke|p1|Ninetales-Alola, L50, F|
|poke|p1|Incineroar, L50, F|
|poke|p1|Kingambit, L50, M|
|poke|p1|Staraptor, L50, F|
|poke|p1|Garchomp, L50, M|
|poke|p2|Aromatisse, L50, M|
|poke|p2|Farigiraf, L50, F|
|poke|p2|Toxapex, L50, F|
|poke|p2|Sinistcha, L50|
|poke|p2|Blaziken, L50, M|
|poke|p2|Kingambit, L50, M|
|teampreview|4
|showteam|p1|Gengar||Gengarite|CursedBody|ShadowBall,SludgeBomb,Protect,PerishSong|Timid||F|||50|]Ninetales-Alola||NeverMeltIce|SnowWarning|Blizzard,Encore,Protect,Disable|Timid||F|||50|]Incineroar||SitrusBerry|Intimidate|FlareBlitz,PartingShot,Protect,FakeOut|Relaxed||F|||50|]Kingambit||BlackGlasses|Defiant|KowtowCleave,SuckerPunch,Protect,LowKick|Adamant||M|||50|]Staraptor||ChoiceScarf|Intimidate|FinalGambit,CloseCombat,BraveBird,Uturn|Jolly||F|||50|]Garchomp||LifeOrb|RoughSkin|Protect,RockSlide,StompingTantrum,DragonClaw|Adamant||M|||50|
|showteam|p2|Aromatisse||SitrusBerry|AromaVeil|TrickRoom,FakeTears,Reflect,LightScreen|Relaxed||M|||50|]Farigiraf||ColburBerry|ArmorTail|NastyPlot,TrickRoom,TwinBeam,Thunderbolt|Modest||F|||50|]Toxapex||Leftovers|Regenerator|BanefulBunker,Toxic,Infestation,WideGuard|Sassy||F|||50|]Sinistcha||KasibBerry|Hospitality|RagePowder,MatchaGotcha,LifeDew,Protect|Calm|||||50|]Blaziken||Blazikenite|SpeedBoost|SwordsDance,Protect,CloseCombat,FlareBlitz|Adamant||M|||50|]Kingambit||BlackGlasses|Defiant|SwordsDance,Protect,KowtowCleave,SuckerPunch|Brave||M|||50|
|inactive|Battle timer is ON: inactive players will automatically lose when time's up. (requested by NoitUK_VGC)
|inactive|NoitUK_VGC has 60 seconds left.
|
|t:|1784834574
|teamsize|p1|4
|teamsize|p2|4
|start
|switch|p1a: Gengar|Gengar, L50, F|100/100
|switch|p1b: Kingambit|Kingambit, L50, M|100/100
|switch|p2a: Sinistcha|Sinistcha, L50|100/100
|switch|p2b: Blaziken|Blaziken, L50, M|100/100
|turn|1
|inactive|tmmc01 has 30 seconds left.
|
|t:|1784834601
|detailschange|p1a: Gengar|Gengar-Mega, L50, F
|-mega|p1a: Gengar|Gengar|Gengarite
|detailschange|p2b: Blaziken|Blaziken-Mega, L50, M
|-mega|p2b: Blaziken|Blaziken|Blazikenite
|move|p2a: Sinistcha|Rage Powder|p2a: Sinistcha
|-singleturn|p2a: Sinistcha|move: Rage Powder
|move|p1a: Gengar|Perish Song|p1a: Gengar
|-start|p1a: Gengar|perish3|[silent]
|-start|p1b: Kingambit|perish3|[silent]
|-start|p2a: Sinistcha|perish3|[silent]
|-start|p2b: Blaziken|perish3|[silent]
|-fieldactivate|move: Perish Song
|move|p2b: Blaziken|Flare Blitz|p1a: Gengar
|-damage|p1a: Gengar|3/100
|-damage|p2b: Blaziken|66/100|[from] Recoil
|move|p1b: Kingambit|Kowtow Cleave|p2a: Sinistcha
|-supereffective|p2a: Sinistcha|1
|-damage|p2a: Sinistcha|0 fnt
|faint|p2a: Sinistcha
|
|-start|p1a: Gengar|perish3
|-start|p2b: Blaziken|perish3
|-start|p1b: Kingambit|perish3
|-ability|p2b: Blaziken|Speed Boost|boost
|-boost|p2b: Blaziken|spe|1
|upkeep
|
|t:|1784834620
|switch|p2a: Farigiraf|Farigiraf, L50, F|100/100
|turn|2
|
|t:|1784834625
|switch|p1b: Incineroar|Incineroar, L50, F|100/100
|-ability|p1b: Incineroar|Intimidate|boost
|-unboost|p2a: Farigiraf|atk|1
|-unboost|p2b: Blaziken|atk|1
|move|p1a: Gengar|Protect|p1a: Gengar
|-singleturn|p1a: Gengar|Protect
|move|p2b: Blaziken|Flare Blitz|p1a: Gengar
|-activate|p1a: Gengar|move: Protect
|move|p2a: Farigiraf|Nasty Plot|p2a: Farigiraf
|-boost|p2a: Farigiraf|spa|2
|
|-start|p2b: Blaziken|perish2
|-start|p1a: Gengar|perish2
|-ability|p2b: Blaziken|Speed Boost|boost
|-boost|p2b: Blaziken|spe|1
|upkeep
|turn|3
|
|t:|1784834653
|switch|p1a: Kingambit|Kingambit, L50, M|100/100
|move|p2b: Blaziken|Swords Dance|p2b: Blaziken
|-boost|p2b: Blaziken|atk|2
|move|p2a: Farigiraf|Thunderbolt|p1b: Incineroar
|-damage|p1b: Incineroar|55/100
|move|p1b: Incineroar|Parting Shot|p2a: Farigiraf
|-unboost|p2a: Farigiraf|atk|1
|-unboost|p2a: Farigiraf|spa|1
|
|t:|1784834662
|switch|p1b: Gengar|Gengar-Mega, L50, F|3/100|[from] Parting Shot
|
|-start|p2b: Blaziken|perish1
|-ability|p2b: Blaziken|Speed Boost|boost
|-boost|p2b: Blaziken|spe|1
|upkeep
|turn|4
|
|t:|1784834673
|move|p1b: Gengar|Protect|p1b: Gengar
|-singleturn|p1b: Gengar|Protect
|move|p1a: Kingambit|Protect|p1a: Kingambit
|-singleturn|p1a: Kingambit|Protect
|move|p2b: Blaziken|Close Combat|p1a: Kingambit
|-activate|p1a: Kingambit|move: Protect
|move|p2a: Farigiraf|Trick Room|p2a: Farigiraf
|-fieldstart|move: Trick Room|[of] p2a: Farigiraf
|
|-start|p2b: Blaziken|perish0
|faint|p2b: Blaziken
|upkeep
|
|t:|1784834677
|switch|p2b: Kingambit|Kingambit, L50, M|100/100
|turn|5
|
|t:|1784834690
|switch|p1b: Garchomp|Garchomp, L50, M|100/100
|move|p2b: Kingambit|Swords Dance|p2b: Kingambit
|-boost|p2b: Kingambit|atk|2
|move|p1a: Kingambit|Low Kick|p2b: Kingambit
|-supereffective|p2b: Kingambit|2
|-damage|p2b: Kingambit|0 fnt
|faint|p2b: Kingambit
|move|p2a: Farigiraf|Nasty Plot|p2a: Farigiraf
|-boost|p2a: Farigiraf|spa|2
|
|upkeep
|turn|6
|inactive|NoitUK_VGC has 30 seconds left.
|inactive|tmmc01 has 30 seconds left.
|-message|tmmc01 forfeited.
|
|win|NoitUK_VGC
|l|☆tmmc01
|player|p2|
||tmmc01 is ready for game 2.
|inactive|NoitUK_VGC has 30 seconds to confirm battle start!
||NoitUK_VGC is ready for game 2.
|uhtml|next|Next: Game 2 of 3
