|j|Ōśåleafeon03
|j|Ōśåstraightrippingit
|html|leafeon03straightrippingit    
|uhtml|bestof|Game 2 of a best-of-3
|t:|1785274605
|gametype|doubles
|player|p1|leafeon03|erika|
|player|p2|straightrippingit|brycenman|
|gen|9
|tier|[Gen 9 Champions] VGC 2026 Reg M-B (Bo3)
|rule|Species Clause: Limit one of each Pok├®mon
|rule|Item Clause: Limit 1 of each item
|clearpoke
|poke|p1|Garchomp, L50, M, shiny|
|poke|p1|Charizard, L50, M, shiny|
|poke|p1|Whimsicott, L50, F|
|poke|p1|Floette-Eternal, L50, F|
|poke|p1|Basculegion, L50, M|
|poke|p1|Kingambit, L50, F, shiny|
|poke|p2|Tyranitar, L50, M|
|poke|p2|Excadrill, L50, M|
|poke|p2|Milotic, L50, M|
|poke|p2|Sinistcha, L50|
|poke|p2|Staraptor, L50, M|
|poke|p2|Gholdengo, L50|
|teampreview|4
|showteam|p1|Garchomp||LifeOrb|RoughSkin|Earthquake,RockSlide,DragonClaw,Protect|Jolly||M|||50|]Charizard||CharizarditeY|Blaze|HeatWave,WeatherBall,SolarBeam,Protect|Modest||M|||50|]Whimsicott||FocusSash|Prankster|Moonblast,Tailwind,Encore,Protect|Timid||F|||50|]Floette-Eternal||Floettite|FlowerVeil|Moonblast,DazzlingGleam,LightofRuin,Protect|Modest||F|||50|]Basculegion||MysticWater|Adaptability|WaveCrash,LastRespects,AquaJet,Protect|Adamant||M|||50|]Kingambit||ChopleBerry|Defiant|KowtowCleave,SuckerPunch,IronHead,LowKick|Adamant||F|||50|
|showteam|p2|Tyranitar||Tyranitarite|SandStream|KnockOff,RockSlide,HighHorsepower,Protect|Jolly||M|||50|]Excadrill||FocusSash|SandRush|Earthquake,IronHead,RockSlide,Protect|Adamant||M|||50|]Milotic||SitrusBerry|Competitive|Scald,IcyWind,Haze,Protect|Calm||M|||50|]Sinistcha||ColburBerry|Hospitality|MatchaGotcha,ShadowBall,Protect,RagePowder|Bold|||||50|]Staraptor||Staraptite|Intimidate|CloseCombat,BraveBird,Tailwind,Protect|Jolly||M|||50|]Gholdengo||LifeOrb|GoodasGold|MakeItRain,ShadowBall,NastyPlot,Protect|Modest|||||50|
|c|Ōśåstraightrippingit|I may not be operating at 100% brain power right now ngl
|c|Ōśåleafeon03|i was wrong tbf
|c|Ōśåleafeon03|you were faster
|c|Ōśåstraightrippingit|Bunch of questionable decions in the end game that I can't even explain
|c|Ōśåleafeon03|we can review tmrw
|
|t:|1785274704
|teamsize|p1|4
|teamsize|p2|4
|start
|switch|p1a: Whimsicott|Whimsicott, L50, F|100/100
|switch|p1b: Floette|Floette-Eternal, L50, F|100/100
|switch|p2a: Staraptor|Staraptor, L50, M|100/100
|switch|p2b: Tyranitar|Tyranitar, L50, M|100/100
|-ability|p2a: Staraptor|Intimidate|boost
|-block|p1a: Whimsicott|ability: Flower Veil|[of] p1b: Floette
|-unboost|p1b: Floette|atk|1
|-weather|Sandstorm|[from] ability: Sand Stream|[of] p2b: Tyranitar
|turn|1
|
|t:|1785274781
|switch|p2a: Excadrill|Excadrill, L50, M|100/100
|detailschange|p1b: Floette|Floette-Mega, L50, F
|-mega|p1b: Floette|Floette|Floettite
|-ability|p1b: Floette|Fairy Aura
|move|p2b: Tyranitar|Protect|p2b: Tyranitar
|-singleturn|p2b: Tyranitar|Protect
|move|p1a: Whimsicott|Tailwind|p1a: Whimsicott
|-sidestart|p1: leafeon03|move: Tailwind
|move|p1b: Floette|Moonblast|p2a: Excadrill
|-resisted|p2a: Excadrill|1
|-crit|p2a: Excadrill
|-damage|p2a: Excadrill|23/100
|
|-weather|Sandstorm|[upkeep]
|-damage|p1a: Whimsicott|94/100|[from] Sandstorm
|-damage|p1b: Floette|94/100|[from] Sandstorm
|upkeep
|turn|2
|
|t:|1785274851
|detailschange|p2b: Tyranitar|Tyranitar-Mega, L50, M
|-mega|p2b: Tyranitar|Tyranitar|Tyranitarite
|move|p1a: Whimsicott|Moonblast|p2b: Tyranitar
|-supereffective|p2b: Tyranitar|1
|-damage|p2b: Tyranitar|48/100
|move|p1b: Floette|Dazzling Gleam|p2a: Excadrill|[spread] p2a,p2b
|-resisted|p2a: Excadrill|1
|-supereffective|p2b: Tyranitar|1
|-damage|p2a: Excadrill|0 fnt
|-damage|p2b: Tyranitar|0 fnt
|faint|p2a: Excadrill
|faint|p2b: Tyranitar
|
|-weather|Sandstorm|[upkeep]
|-damage|p1a: Whimsicott|88/100|[from] Sandstorm
|-damage|p1b: Floette|88/100|[from] Sandstorm
|upkeep
|c|Ōśåstraightrippingit|Didn't know if I was faster had to try
|c|Ōśåleafeon03|Than flo?
|c|Ōśåleafeon03|yea you couldve been
|c|Ōśåstraightrippingit|Yeah exca is 140
|
|t:|1785274900
|switch|p2a: Staraptor|Staraptor, L50, M|100/100
|switch|p2b: Milotic|Milotic, L50, M|100/100
|-ability|p2a: Staraptor|Intimidate|boost
|-unboost|p1a: Whimsicott|atk|1
|-unboost|p1b: Floette|atk|1
|turn|3
|c|Ōśåleafeon03|im modest max
|c|Ōśåleafeon03|154
|c|Ōśåstraightrippingit|:)
|c|Ōśåstraightrippingit|I forgot about the speed increase so thought it was capped at 144
|c|Ōśåstraightrippingit|Would have out speed anyway
|
|t:|1785274966
|move|p1a: Whimsicott|Moonblast|p2b: Milotic
|-damage|p2b: Milotic|67/100
|move|p1b: Floette|Moonblast|p2a: Staraptor
|-damage|p2a: Staraptor|0 fnt
|faint|p2a: Staraptor
|move|p2b: Milotic|Icy Wind|p1a: Whimsicott|[spread] p1a,p1b
|-supereffective|p1a: Whimsicott|1
|-damage|p1a: Whimsicott|54/100
|-damage|p1b: Floette|78/100
|-unboost|p1a: Whimsicott|spe|1
|-unboost|p1b: Floette|spe|1
|
|-weather|Sandstorm|[upkeep]
|-damage|p1a: Whimsicott|48/100|[from] Sandstorm
|-damage|p1b: Floette|72/100|[from] Sandstorm
|-damage|p2b: Milotic|62/100|[from] Sandstorm
|upkeep
|turn|4
|c|Ōśåstraightrippingit|I can run 1 more set if you want?
|
|t:|1785274995
|move|p1a: Whimsicott|Protect|p1a: Whimsicott
|-singleturn|p1a: Whimsicott|Protect
|move|p1b: Floette|Protect|p1b: Floette
|-singleturn|p1b: Floette|Protect
|move|p2b: Milotic|Icy Wind|p1a: Whimsicott|[spread] 
|-activate|p1a: Whimsicott|move: Protect
|-activate|p1b: Floette|move: Protect
|
|-weather|Sandstorm|[upkeep]
|-damage|p1a: Whimsicott|43/100|[from] Sandstorm
|-damage|p1b: Floette|66/100|[from] Sandstorm
|-damage|p2b: Milotic|56/100|[from] Sandstorm
|-sideend|p1: leafeon03|move: Tailwind
|upkeep
|turn|5
|c|Ōśåleafeon03|ye can do a quick one
|c|Ōśåstraightrippingit|//forefit
|c|Ōśåleafeon03|you can click a mve, its kill turn
|c|Ōśåstraightrippingit|Goddammkt I hate mobile
|
|t:|1785275036
|move|p1a: Whimsicott|Moonblast|p2b: Milotic
|-damage|p2b: Milotic|24/100
|-enditem|p2b: Milotic|Sitrus Berry|[eat]
|-heal|p2b: Milotic|48/100|[from] item: Sitrus Berry
|move|p2b: Milotic|Icy Wind|p1b: Floette|[spread] p1a,p1b
|-supereffective|p1a: Whimsicott|1
|-damage|p1a: Whimsicott|8/100
|-damage|p1b: Floette|58/100
|-unboost|p1a: Whimsicott|spe|1
|-unboost|p1b: Floette|spe|1
|move|p1b: Floette|Light of Ruin|p2b: Milotic
|-damage|p2b: Milotic|0 fnt
|faint|p2b: Milotic
|-damage|p1b: Floette|27/100|[from] Recoil
|
|win|leafeon03
|l|Ōśåstraightrippingit
|player|p2|
