|j|‽empotato
|j|☆davidxrt
|html|empotatodavidxrt    
|uhtml|bestof|Game 2 of a best-of-3
|t:|1784342975
|gametype|doubles
|player|p1|empotato|cynthia-gen4|1242
|player|p2|davidxrt|hilbert-wonderlauncher|1366
|gen|9
|tier|[Gen 9 Champions] VGC 2026 Reg M-B (Bo3)
|rated|
|rule|Species Clause: Limit one of each Pokémon
|rule|Item Clause: Limit 1 of each item
|clearpoke
|poke|p1|Charizard, L50, M|
|poke|p1|Incineroar, L50, M|
|poke|p1|Venusaur, L50, M|
|poke|p1|Garchomp, L50, F|
|poke|p1|Toxapex, L50, F|
|poke|p1|Annihilape, L50, F|
|poke|p2|Klefki, L50, F|
|poke|p2|Lycanroc-Dusk, L50, M|
|poke|p2|Pelipper, L50, F|
|poke|p2|Archaludon, L50, M|
|poke|p2|Basculegion, L50, M|
|poke|p2|Floette-Eternal, L50, F|
|teampreview|4
|showteam|p1|Charizard||CharizarditeY|Blaze|HeatWave,WeatherBall,HelpingHand,Protect|Modest||M|||50|]Incineroar||SitrusBerry|Intimidate|FlareBlitz,ThroatChop,FakeOut,PartingShot|Impish||M|||50|]Venusaur||LifeOrb|Chlorophyll|SludgeBomb,SolarBeam,EarthPower,Protect|Modest||M|||50|]Garchomp||ChoiceScarf|RoughSkin|Earthquake,StompingTantrum,RockSlide,DragonClaw|Adamant||F|||50|]Toxapex||Leftovers|Regenerator|Toxic,Infestation,WideGuard,BanefulBunker|Bold||F|||50|]Annihilape||FocusSash|Defiant|PhantomForce,CloseCombat,RockTomb,Protect|Jolly||F|||50|
|showteam|p2|Klefki||LightClay|Prankster|Reflect,LightScreen,RainDance,TrickRoom|Bold||F|||50|]Lycanroc-Dusk||FocusSash|ToughClaws|Accelerock,CloseCombat,PsychicFangs,RockSlide|Adamant||M|||50|]Pelipper||SitrusBerry|Drizzle|Protect,Tailwind,WeatherBall,Hurricane|Modest||F|||50|]Archaludon||QuickClaw|Stamina|Protect,ElectroShot,DracoMeteor,FlashCannon|Modest||M|||50|]Basculegion||LifeOrb|SwiftSwim|Protect,AquaJet,WaveCrash,LastRespects|Adamant||M|||50|]Floette-Eternal||Floettite|FlowerVeil|Protect,DazzlingGleam,Moonblast,LightofRuin|Modest||F|||50|
|inactive|Battle timer is ON: inactive players will automatically lose when time's up. (requested by davidxrt)
|inactive|empotato has 60 seconds left.
|
|t:|1784343020
|teamsize|p1|4
|teamsize|p2|4
|start
|switch|p1a: Charizard|Charizard, L50, M|100/100
|switch|p1b: Garchomp|Garchomp, L50, F|100/100
|switch|p2a: Basculegion|Basculegion, L50, M|100/100
|switch|p2b: Floette|Floette-Eternal, L50, F|100/100
|turn|1
|
|t:|1784343040
|switch|p1b: Venusaur|Venusaur, L50, M|100/100
|move|p1a: Charizard|Protect|p1a: Charizard
|-singleturn|p1a: Charizard|Protect
|move|p2b: Floette|Protect|p2b: Floette
|-singleturn|p2b: Floette|Protect
|move|p2a: Basculegion|Protect||[still]
|-fail|p2a: Basculegion
|
|upkeep
|turn|2
|
|t:|1784343054
|detailschange|p1a: Charizard|Charizard-Mega-Y, L50, M
|-mega|p1a: Charizard|Charizard|Charizardite Y
|-weather|SunnyDay|[from] ability: Drought|[of] p1a: Charizard
|move|p2b: Floette|Protect|p2b: Floette
|-singleturn|p2b: Floette|Protect
|move|p2a: Basculegion|Protect|p2a: Basculegion
|-singleturn|p2a: Basculegion|Protect
|move|p1b: Venusaur|Solar Beam||[still]
|-prepare|p1b: Venusaur|Solar Beam
|-anim|p1b: Venusaur|Solar Beam|p2a: Basculegion
|-activate|p2a: Basculegion|move: Protect
|move|p1a: Charizard|Weather Ball|p2b: Floette
|-activate|p2b: Floette|move: Protect
|
|-weather|SunnyDay|[upkeep]
|upkeep
|turn|3
|inactive|empotato has 30 seconds left.
|inactive|davidxrt has 30 seconds left.
|inactive|empotato has 20 seconds left.
|
|t:|1784343093
|switch|p1a: Annihilape|Annihilape, L50, F|100/100
|switch|p2a: Pelipper|Pelipper, L50, F|100/100
|-weather|RainDance|[from] ability: Drizzle|[of] p2a: Pelipper
|detailschange|p2b: Floette|Floette-Mega, L50, F
|-mega|p2b: Floette|Floette|Floettite
|-ability|p2b: Floette|Fairy Aura
|move|p2b: Floette|Dazzling Gleam|p1b: Venusaur|[spread] p1a,p1b
|-supereffective|p1a: Annihilape|1
|-resisted|p1b: Venusaur|1
|-damage|p1a: Annihilape|5/100
|-damage|p1b: Venusaur|74/100
|move|p1b: Venusaur|Sludge Bomb|p2b: Floette
|-supereffective|p2b: Floette|1
|-damage|p2b: Floette|22/100
|-damage|p1b: Venusaur|64/100|[from] item: Life Orb
|
|-weather|RainDance|[upkeep]
|upkeep
|turn|4
|
|t:|1784343113
|switch|p1a: Charizard|Charizard-Mega-Y, L50, M|100/100
|-weather|SunnyDay|[from] ability: Drought|[of] p1a: Charizard
|move|p1b: Venusaur|Solar Beam||[still]
|-prepare|p1b: Venusaur|Solar Beam
|-anim|p1b: Venusaur|Solar Beam|p2a: Pelipper
|-damage|p2a: Pelipper|0 fnt
|faint|p2a: Pelipper
|-damage|p1b: Venusaur|55/100|[from] item: Life Orb
|move|p2b: Floette|Dazzling Gleam|p1a: Charizard|[spread] p1a,p1b
|-resisted|p1a: Charizard|1
|-resisted|p1b: Venusaur|1
|-damage|p1a: Charizard|80/100
|-damage|p1b: Venusaur|25/100
|
|-weather|SunnyDay|[upkeep]
|upkeep
|
|t:|1784343127
|switch|p2a: Lycanroc|Lycanroc-Dusk, L50, M|100/100
|turn|5
|inactive|empotato has 30 seconds left.
|
|t:|1784343157
|move|p2a: Lycanroc|Accelerock|p1b: Venusaur
|-crit|p1b: Venusaur
|-damage|p1b: Venusaur|0 fnt
|faint|p1b: Venusaur
|move|p1a: Charizard|Heat Wave|p2a: Lycanroc|[spread] p2a
|-miss|p1a: Charizard|p2b: Floette
|-resisted|p2a: Lycanroc|1
|-damage|p2a: Lycanroc|53/100
|move|p2b: Floette|Dazzling Gleam|p1a: Charizard
|-resisted|p1a: Charizard|1
|-damage|p1a: Charizard|54/100
|
|-weather|SunnyDay|[upkeep]
|upkeep
|
|t:|1784343162
|switch|p1b: Garchomp|Garchomp, L50, F|100/100
|turn|6
|
|t:|1784343175
|move|p1a: Charizard|Protect|p1a: Charizard
|-singleturn|p1a: Charizard|Protect
|move|p2a: Lycanroc|Accelerock|p1a: Charizard
|-activate|p1a: Charizard|move: Protect
|move|p1b: Garchomp|Earthquake|p2a: Lycanroc|[spread] p2a,p2b
|-activate|p1a: Charizard|move: Protect
|-supereffective|p2a: Lycanroc|1
|-damage|p2a: Lycanroc|0 fnt
|-damage|p2b: Floette|0 fnt
|faint|p2a: Lycanroc
|faint|p2b: Floette
|
|-weather|SunnyDay|[upkeep]
|upkeep
|
|t:|1784343188
|switch|p2b: Basculegion|Basculegion, L50, M|100/100
|turn|7
|
|t:|1784343194
|move|p2b: Basculegion|Aqua Jet|p1a: Charizard
|-supereffective|p1a: Charizard|1
|-damage|p1a: Charizard|31/100
|-damage|p2b: Basculegion|90/100|[from] item: Life Orb
|move|p1b: Garchomp|Earthquake|p2b: Basculegion|[spread] p2b
|-immune|p1a: Charizard
|-damage|p2b: Basculegion|47/100
|move|p1a: Charizard|Weather Ball|p2b: Basculegion
|-resisted|p2b: Basculegion|1
|-damage|p2b: Basculegion|2/100
|
|-weather|SunnyDay|[upkeep]
|upkeep
|turn|8
|
|t:|1784343202
|move|p1b: Garchomp|Earthquake|p2b: Basculegion|[spread] p2b
|-immune|p1a: Charizard
|-damage|p2b: Basculegion|0 fnt
|faint|p2b: Basculegion
|
|win|empotato
|raw|empotato's rating: 1242 → 1276(+34 for winning)
|raw|davidxrt's rating: 1366 → 1339(-27 for losing)
|l|☆davidxrt
|player|p2|
