|j|☆KodeBeast0526
|j|☆danicruz.music
|html|KodeBeast0526danicruz.music    
|uhtml|bestof|Game 2 of a best-of-3
|t:|1784602424
|gametype|doubles
|player|p1|KodeBeast0526|sailor|1212
|player|p2|danicruz.music|whitney|1177
|gen|9
|tier|[Gen 9 Champions] VGC 2026 Reg M-B (Bo3)
|rated|
|rule|Species Clause: Limit one of each Pokémon
|rule|Item Clause: Limit 1 of each item
|clearpoke
|poke|p1|Aerodactyl, L50, M|
|poke|p1|Kingambit, L50, M|
|poke|p1|Sylveon, L50, M|
|poke|p1|Garchomp, L50, M|
|poke|p1|Charizard, L50, M|
|poke|p1|Farigiraf, L50, M, shiny|
|poke|p2|Scovillain, L50, M|
|poke|p2|Kingambit, L50, M|
|poke|p2|Sneasler, L50, M|
|poke|p2|Aerodactyl, L50, M|
|poke|p2|Maushold, L50|
|poke|p2|Sinistcha, L50|
|teampreview|4
|showteam|p1|Aerodactyl||Aerodactylite|Unnerve|RockSlide,IceFang,Tailwind,WideGuard|Jolly||M|||50|]Kingambit||FocusSash|Defiant|KowtowCleave,SuckerPunch,IronHead,LowKick|Adamant||M|||50|]Sylveon||FairyFeather|Pixilate|Detect,HyperVoice,HyperBeam,QuickAttack|Modest||M|||50|]Garchomp||LifeOrb|RoughSkin|Earthquake,DragonClaw,StompingTantrum,Protect|Jolly||M|||50|]Charizard||CharizarditeY|Blaze|Protect,HeatWave,SolarBeam,WeatherBall|Modest||M|||50|]Farigiraf||SitrusBerry|ArmorTail|Thunderbolt,PsychicNoise,TrickRoom,HelpingHand|Bold||M|||50|
|showteam|p2|Scovillain||Scovillainite|Moody|LeechSeed,Protect,RagePowder,Flamethrower|Bold||M|||50|]Kingambit||FocusSash|Defiant|IronHead,KowtowCleave,SuckerPunch,Protect|Adamant||M|||50|]Sneasler||WhiteHerb|Unburden|FakeOut,DireClaw,CloseCombat,Protect|Adamant||M|||50|]Aerodactyl||Aerodactylite|Unnerve|RockSlide,IceFang,DualWingbeat,Protect|Jolly||M|||50|]Maushold||WideLens|Technician|TidyUp,PopulationBomb,FollowMe,Protect|Jolly|||||50|]Sinistcha||Leftovers|Hospitality|RagePowder,ShadowBall,MatchaGotcha,TrickRoom|Quiet|||||50|
|inactive|Battle timer is ON: inactive players will automatically lose when time's up. (requested by danicruz.music)
|
|t:|1784602436
|teamsize|p1|4
|teamsize|p2|4
|start
|switch|p1a: Farigiraf|Farigiraf, L50, M, shiny|100/100
|switch|p1b: Charizard|Charizard, L50, M|100/100
|switch|p2a: Scovillain|Scovillain, L50, M|100/100
|switch|p2b: Maushold|Maushold, L50|100/100
|turn|1
|
|t:|1784602447
|detailschange|p2a: Scovillain|Scovillain-Mega, L50, M
|-mega|p2a: Scovillain|Scovillain|Scovillainite
|move|p1b: Charizard|Protect|p1b: Charizard
|-singleturn|p1b: Charizard|Protect
|move|p2b: Maushold|Population Bomb|p1b: Charizard
|-activate|p1b: Charizard|move: Protect
|move|p2a: Scovillain|Flamethrower|p1a: Farigiraf
|-damage|p1a: Farigiraf|62/100
|move|p1a: Farigiraf|Trick Room|p1a: Farigiraf
|-fieldstart|move: Trick Room|[of] p1a: Farigiraf
|
|upkeep
|turn|2
|
|t:|1784602466
|detailschange|p1b: Charizard|Charizard-Mega-Y, L50, M
|-mega|p1b: Charizard|Charizard|Charizardite Y
|-weather|SunnyDay|[from] ability: Drought|[of] p1b: Charizard
|move|p1a: Farigiraf|Helping Hand|p1b: Charizard
|-singleturn|p1b: Charizard|Helping Hand|[of] p1a: Farigiraf
|move|p2b: Maushold|Protect|p2b: Maushold
|-singleturn|p2b: Maushold|Protect
|move|p2a: Scovillain|Leech Seed|p1b: Charizard
|-start|p1b: Charizard|move: Leech Seed
|move|p1b: Charizard|Heat Wave|p2a: Scovillain|[spread] p2a
|-activate|p2b: Maushold|move: Protect
|-damage|p2a: Scovillain|0 fnt
|-immune|p1b: Charizard
|faint|p2a: Scovillain
|
|-weather|SunnyDay|[upkeep]
|upkeep
|
|t:|1784602480
|switch|p2a: Kingambit|Kingambit, L50, M|100/100
|turn|3
|
|t:|1784602485
|move|p1a: Farigiraf|Helping Hand|p1b: Charizard
|-singleturn|p1b: Charizard|Helping Hand|[of] p1a: Farigiraf
|move|p2a: Kingambit|Kowtow Cleave|p1b: Charizard
|-damage|p1b: Charizard|49/100
|move|p1b: Charizard|Heat Wave|p2a: Kingambit|[spread] p2a
|-miss|p1b: Charizard|p2b: Maushold
|-supereffective|p2a: Kingambit|1
|-enditem|p2a: Kingambit|Focus Sash
|-damage|p2a: Kingambit|1/100
|move|p2b: Maushold|Population Bomb|p1a: Farigiraf
|-damage|p1a: Farigiraf|56/100
|-damage|p1a: Farigiraf|49/100
|-enditem|p1a: Farigiraf|Sitrus Berry|[eat]
|-heal|p1a: Farigiraf|74/100|[from] item: Sitrus Berry
|-damage|p1a: Farigiraf|66/100
|-damage|p1a: Farigiraf|59/100
|-damage|p1a: Farigiraf|52/100
|-damage|p1a: Farigiraf|45/100
|-damage|p1a: Farigiraf|38/100
|-damage|p1a: Farigiraf|31/100
|-damage|p1a: Farigiraf|24/100
|-damage|p1a: Farigiraf|17/100
|-hitcount|p1a: Farigiraf|10
|
|-weather|SunnyDay|[upkeep]
|-damage|p1b: Charizard|36/100|[from] Leech Seed|[of] p2a: Kingambit
|-heal|p2a: Kingambit|11/100|[silent]
|upkeep
|turn|4
|
|t:|1784602501
|move|p1b: Charizard|Protect|p1b: Charizard
|-singleturn|p1b: Charizard|Protect
|move|p2a: Kingambit|Kowtow Cleave|p1b: Charizard
|-activate|p1b: Charizard|move: Protect
|move|p1a: Farigiraf|Thunderbolt|p2a: Kingambit
|-damage|p2a: Kingambit|0 fnt
|faint|p2a: Kingambit
|move|p2b: Maushold|Population Bomb|p1a: Farigiraf
|-damage|p1a: Farigiraf|10/100
|-damage|p1a: Farigiraf|3/100
|-damage|p1a: Farigiraf|0 fnt
|faint|p1a: Farigiraf
|-hitcount|p1: Farigiraf|3
|
|-weather|SunnyDay|[upkeep]
|upkeep
|
|t:|1784602511
|switch|p2a: Sinistcha|Sinistcha, L50|100/100
|switch|p1a: Sylveon|Sylveon, L50, M|100/100
|turn|5
|
|t:|1784602520
|move|p2a: Sinistcha|Matcha Gotcha|p1b: Charizard|[spread] p1b
|-miss|p2a: Sinistcha|p1a: Sylveon
|-resisted|p1b: Charizard|2
|-damage|p1b: Charizard|29/100
|move|p1a: Sylveon|Hyper Voice|p2a: Sinistcha|[spread] p2a,p2b
|-damage|p2a: Sinistcha|44/100
|-damage|p2b: Maushold|43/100
|move|p1b: Charizard|Heat Wave|p2a: Sinistcha|[spread] p2a,p2b
|-supereffective|p2a: Sinistcha|1
|-damage|p2a: Sinistcha|0 fnt
|-damage|p2b: Maushold|0 fnt
|faint|p2a: Sinistcha
|faint|p2b: Maushold
|
|win|KodeBeast0526
|raw|KodeBeast0526's rating: 1212 → 1234(+22 for winning)
|raw|danicruz.music's rating: 1177 → 1155(-22 for losing)
|l|☆danicruz.music
|player|p2|
