|j|☆thewanderer55
|j|☆ThierryVGC
|html|thewanderer55ThierryVGC    
|uhtml|bestof|Game 3 of a best-of-3
|t:|1756226159
|gametype|doubles
|player|p1|thewanderer55|flannery|1105
|player|p2|ThierryVGC|266|1116
|gen|9
|tier|[Gen 9] VGC 2025 Reg H (Bo3)
|rated|
|rule|Species Clause: Limit one of each Pokémon
|rule|Item Clause: Limit 1 of each item
|clearpoke
|poke|p1|Typhlosion-Hisui, L50, F|
|poke|p1|Ursaluna, L50, F|
|poke|p1|Whimsicott, L50, F|
|poke|p1|Farigiraf, L50, F|
|poke|p1|Incineroar, L50, F|
|poke|p1|Torkoal, L50, F|
|poke|p2|Ursaluna, L50, M|
|poke|p2|Porygon2, L50|
|poke|p2|Incineroar, L50, F|
|poke|p2|Amoonguss, L50, F|
|poke|p2|Sinistcha-Masterpiece, L50|
|poke|p2|Mienshao, L50, F|
|teampreview|4
|showteam|p1|Typhlosion-Hisui||ChoiceScarf|Blaze|Eruption,HeatWave,ShadowBall,FocusBlast|||F|||50|,,,,,Fire]Ursaluna||FlameOrb|Guts|Facade,HeadlongRush,Earthquake,Protect|||F|||50|,,,,,Ghost]Whimsicott||FocusSash|Prankster|Moonblast,Tailwind,Taunt,SunnyDay|||F|||50|,,,,,Ghost]Farigiraf||ThroatSpray|ArmorTail|HyperVoice,Psychic,TrickRoom,Protect|||F|||50|,,,,,Fairy]Incineroar||FigyBerry|Intimidate|FakeOut,PartingShot,KnockOff,FlareBlitz|||F|||50|,,,,,Grass]Torkoal||RockyHelmet|Drought|HeatWave,Yawn,EarthPower,Protect|||F|||50|,,,,,Fire
|showteam|p2|Ursaluna||FlameOrb|Guts|Facade,Earthquake,HeadlongRush,Protect|||M|||50|,,,,,Ghost]Porygon2||Eviolite|Download|TrickRoom,Recover,ShadowBall,TeraBlast||||||50|,,,,,Electric]Incineroar||SafetyGoggles|Intimidate|KnockOff,FlareBlitz,PartingShot,FakeOut|||F|||50|,,,,,Ghost]Amoonguss||CovertCloak|Regenerator|Spore,RagePowder,ClearSmog,PollenPuff|||F|||50|,,,,,Water]Sinistcha-Masterpiece||SitrusBerry|Hospitality|MatchaGotcha,LifeDew,RagePowder,TrickRoom||||||50|,,,,,Water]Mienshao||FocusSash|InnerFocus|WideGuard,CloseCombat,IceSpinner,KnockOff|||F|||50|,,,,,Stellar
|inactive|Battle timer is ON: inactive players will automatically lose when time's up. (requested by ThierryVGC)
|
|t:|1756226195
|teamsize|p1|4
|teamsize|p2|4
|start
|switch|p1a: Farigiraf|Farigiraf, L50, F, shiny|100/100
|switch|p1b: Incineroar|Incineroar, L50, F|100/100
|switch|p2a: Ursaluna|Ursaluna, L50, M|100/100
|switch|p2b: Sinistcha|Sinistcha-Masterpiece, L50|100/100
|-ability|p1b: Incineroar|Intimidate|boost
|-unboost|p2a: Ursaluna|atk|1
|-unboost|p2b: Sinistcha|atk|1
|turn|1
|inactive|thewanderer55 has 30 seconds left.
|inactive|ThierryVGC has 30 seconds left.
|
|t:|1756226225
|switch|p2b: Incineroar|Incineroar, L50, F|100/100
|-ability|p2b: Incineroar|Intimidate|boost
|-unboost|p1a: Farigiraf|atk|1
|-unboost|p1b: Incineroar|atk|1
|switch|p2a: Amoonguss|Amoonguss, L50, F|100/100
|move|p1b: Incineroar|Parting Shot|p2b: Incineroar
|-unboost|p2b: Incineroar|atk|1
|-unboost|p2b: Incineroar|spa|1
|
|t:|1756226234
|switch|p1b: Whimsicott|Whimsicott, L50, F, shiny|100/100|[from] Parting Shot
|move|p1a: Farigiraf|Psychic|p2b: Incineroar
|-immune|p2b: Incineroar
|
|upkeep
|turn|2
|inactive|thewanderer55 has 30 seconds left.
|
|t:|1756226265
|-terastallize|p1b: Whimsicott|Ghost
|move|p1b: Whimsicott|Taunt|p2a: Amoonguss
|-start|p2a: Amoonguss|move: Taunt
|move|p2b: Incineroar|Knock Off|p1a: Farigiraf
|-supereffective|p1a: Farigiraf
|-crit|p1a: Farigiraf
|-damage|p1a: Farigiraf|0 fnt
|-enditem|p1a: Farigiraf|Throat Spray|[from] move: Knock Off|[of] p2b: Incineroar
|faint|p1a: Farigiraf
|move|p2a: Amoonguss|Clear Smog|p1b: Whimsicott
|-resisted|p1b: Whimsicott
|-damage|p1b: Whimsicott|87/100
|-clearboost|p1b: Whimsicott
|
|upkeep
|
|t:|1756226289
|switch|p1a: Ursaluna|Ursaluna, L50, F, shiny|100/100
|turn|3
|inactive|ThierryVGC has 30 seconds left.
|
|t:|1756226314
|switch|p2b: Sinistcha|Sinistcha-Masterpiece, L50|100/100
|switch|p1a: Incineroar|Incineroar, L50, F|100/100
|-ability|p1a: Incineroar|Intimidate|boost
|-unboost|p2a: Amoonguss|atk|1
|-unboost|p2b: Sinistcha|atk|1
|move|p1b: Whimsicott|Tailwind|p1b: Whimsicott
|-sidestart|p1: thewanderer55|move: Tailwind
|move|p2a: Amoonguss|Pollen Puff|p1b: Whimsicott
|-resisted|p1b: Whimsicott
|-damage|p1b: Whimsicott|73/100
|
|upkeep
|turn|4
|
|t:|1756226338
|switch|p2b: Incineroar|Incineroar, L50, F|100/100
|-ability|p2b: Incineroar|Intimidate|boost
|-unboost|p1a: Incineroar|atk|1
|-unboost|p1b: Whimsicott|atk|1
|switch|p2a: Ursaluna|Ursaluna, L50, M|100/100
|move|p1b: Whimsicott|Sunny Day|p1b: Whimsicott
|-weather|SunnyDay
|move|p1a: Incineroar|Flare Blitz|p2a: Ursaluna
|-damage|p2a: Ursaluna|61/100
|-damage|p1a: Incineroar|84/100|[from] Recoil
|
|-weather|SunnyDay|[upkeep]
|-status|p2a: Ursaluna|brn|[from] item: Flame Orb
|upkeep
|turn|5
|inactive|ThierryVGC has 30 seconds left.
|
|t:|1756226365
|move|p2b: Incineroar|Fake Out|p1a: Incineroar
|-damage|p1a: Incineroar|74/100
|move|p1b: Whimsicott|Moonblast|p2a: Ursaluna
|-damage|p2a: Ursaluna|28/100 brn
|cant|p1a: Incineroar|flinch
|move|p2a: Ursaluna|Headlong Rush|p1a: Incineroar
|-supereffective|p1a: Incineroar
|-damage|p1a: Incineroar|0 fnt
|-unboost|p2a: Ursaluna|def|1
|-unboost|p2a: Ursaluna|spd|1
|faint|p1a: Incineroar
|
|-weather|SunnyDay|[upkeep]
|-damage|p2a: Ursaluna|22/100 brn|[from] brn
|upkeep
|
|t:|1756226379
|switch|p1a: Ursaluna|Ursaluna, L50, F, shiny|100/100
|turn|6
|inactive|thewanderer55 has 30 seconds left.
|
|t:|1756226411
|switch|p2b: Sinistcha|Sinistcha-Masterpiece, L50|100/100
|-heal|p2a: Ursaluna|46/100 brn|[from] ability: Hospitality|[of] p2b: Sinistcha
|move|p1a: Ursaluna|Protect|p1a: Ursaluna
|-singleturn|p1a: Ursaluna|Protect
|move|p1b: Whimsicott|Moonblast|p2b: Sinistcha
|-damage|p2b: Sinistcha|68/100
|-unboost|p2b: Sinistcha|spa|1
|move|p2a: Ursaluna|Facade|p1a: Ursaluna
|-activate|p1a: Ursaluna|move: Protect
|
|-weather|SunnyDay|[upkeep]
|-damage|p2a: Ursaluna|41/100 brn|[from] brn
|-sideend|p1: thewanderer55|move: Tailwind
|-status|p1a: Ursaluna|brn|[from] item: Flame Orb
|upkeep
|turn|7
|inactive|thewanderer55 has 30 seconds left.
|inactive|thewanderer55 has 20 seconds left.
|
|t:|1756226450
|switch|p2b: Incineroar|Incineroar, L50, F|100/100
|-ability|p2b: Incineroar|Intimidate|boost
|-unboost|p1a: Ursaluna|atk|1
|-unboost|p1b: Whimsicott|atk|1
|move|p2a: Ursaluna|Protect|p2a: Ursaluna
|-singleturn|p2a: Ursaluna|Protect
|move|p1b: Whimsicott|Tailwind|p1b: Whimsicott
|-sidestart|p1: thewanderer55|move: Tailwind
|move|p1a: Ursaluna|Facade|p2a: Ursaluna
|-activate|p2a: Ursaluna|move: Protect
|
|-weather|SunnyDay|[upkeep]
|-damage|p1a: Ursaluna|95/100 brn|[from] brn
|-damage|p2a: Ursaluna|35/100 brn|[from] brn
|upkeep
|turn|8
|
|t:|1756226473
|switch|p2a: Sinistcha|Sinistcha-Masterpiece, L50|68/100
|move|p1a: Ursaluna|Protect|p1a: Ursaluna
|-singleturn|p1a: Ursaluna|Protect
|move|p1b: Whimsicott|Moonblast|p2a: Sinistcha
|-damage|p2a: Sinistcha|37/100
|-enditem|p2a: Sinistcha|Sitrus Berry|[eat]
|-heal|p2a: Sinistcha|62/100|[from] item: Sitrus Berry
|move|p2b: Incineroar|Knock Off|p1b: Whimsicott
|-supereffective|p1b: Whimsicott
|-damage|p1b: Whimsicott|0 fnt
|-enditem|p1b: Whimsicott|Focus Sash|[from] move: Knock Off|[of] p2b: Incineroar
|faint|p1b: Whimsicott
|
|-weather|none
|-damage|p1a: Ursaluna|89/100 brn|[from] brn
|upkeep
|turn|9
|
|t:|1756226495
|switch|p2b: Amoonguss|Amoonguss, L50, F|100/100
|move|p1a: Ursaluna|Facade|p2b: Amoonguss
|-damage|p2b: Amoonguss|35/100
|move|p2a: Sinistcha|Matcha Gotcha|p1a: Ursaluna
|-supereffective|p1a: Ursaluna
|-damage|p1a: Ursaluna|31/100 brn
|-heal|p2a: Sinistcha|97/100|[from] drain|[of] p1a: Ursaluna
|
|-damage|p1a: Ursaluna|25/100 brn|[from] brn
|upkeep
|turn|10
|
|t:|1756226510
|switch|p2b: Incineroar|Incineroar, L50, F|100/100
|-ability|p2b: Incineroar|Intimidate|boost
|-unboost|p1a: Ursaluna|atk|1
|move|p1a: Ursaluna|Earthquake|p2b: Incineroar|[spread] p2a,p2b
|-resisted|p2a: Sinistcha
|-supereffective|p2b: Incineroar
|-damage|p2a: Sinistcha|81/100
|-damage|p2b: Incineroar|41/100
|move|p2a: Sinistcha|Matcha Gotcha|p1a: Ursaluna
|-supereffective|p1a: Ursaluna
|-damage|p1a: Ursaluna|0 fnt
|-heal|p2a: Sinistcha|97/100|[from] drain|[of] p1a: Ursaluna
|faint|p1a: Ursaluna
|
|win|ThierryVGC
|raw|thewanderer55's rating: 1105 → 1081(-24 for losing)
|raw|ThierryVGC's rating: 1116 → 1140(+24 for winning)
|l|☆ThierryVGC
|player|p2|
|c|☆thewanderer55|gg bro
