|j|☆signorfogoo
|j|☆DanteRush
|html|signorfogooDanteRush    
|uhtml|bestof|Game 1 of a best-of-3
|t:|1784984329
|gametype|doubles
|player|p1|signorfogoo|265|1000
|player|p2|DanteRush|koga|1040
|gen|9
|tier|[Gen 9 Champions] VGC 2026 Reg M-B (Bo3)
|rated|
|rule|Species Clause: Limit one of each Pokémon
|rule|Item Clause: Limit 1 of each item
|clearpoke
|poke|p1|Incineroar, L50, M|
|poke|p1|Farigiraf, L50, M|
|poke|p1|Glaceon, L50, F|
|poke|p1|Torkoal, L50, M|
|poke|p1|Mawile, L50, F|
|poke|p1|Abomasnow, L50, M|
|poke|p2|Floette-Eternal, L50, F|
|poke|p2|Talonflame, L50, M|
|poke|p2|Garchomp, L50, F|
|poke|p2|Incineroar, L50, M|
|poke|p2|Basculegion, L50, M|
|poke|p2|Kingambit, L50, M|
|teampreview|4
|showteam|p1|Incineroar||LifeOrb|Intimidate|FakeOut,FlareBlitz,DarkestLariat,CloseCombat|Adamant||M|||50|]Farigiraf||ColburBerry|ArmorTail|Psychic,Thunderbolt,TrickRoom,Protect|Quiet||M|||50|]Glaceon||BrightPowder|SnowCloak|Blizzard,FreezeDry,WeatherBall,Protect|Quiet||F|||50|]Torkoal||Charcoal|Drought|Eruption,WeatherBall,SolarBeam,StoneEdge|Quiet||M|||50|]Mawile||Mawilite|Intimidate|PlayRough,SuckerPunch,RockSlide,SwordsDance|Adamant||F|||50|]Abomasnow||Abomasite|SnowWarning|Blizzard,EnergyBall,EarthPower,Protect|Quiet||M|||50|
|showteam|p2|Floette-Eternal||Floettite|FlowerVeil|Protect,DazzlingGleam,Moonblast,CalmMind|Modest||F|||50|]Talonflame||SharpBeak|GaleWings|Protect,DualWingbeat,FlareBlitz,Tailwind|Jolly||M|||50|]Garchomp||SitrusBerry|RoughSkin|Protect,DragonClaw,StompingTantrum,RockSlide|Adamant||F|||50|]Incineroar||PasshoBerry|Intimidate|FlareBlitz,ThroatChop,PartingShot,FakeOut|Careful||M|||50|]Basculegion||MysticWater|Adaptability|Protect,WaveCrash,AquaJet,LastRespects|Adamant||M|||50|]Kingambit||BlackGlasses|Defiant|Protect,KowtowCleave,SuckerPunch,IronHead|Adamant||M|||50|
|inactive|Battle timer is ON: inactive players will automatically lose when time's up. (requested by DanteRush)
|inactive|signorfogoo has 60 seconds left.
|inactive|DanteRush has 60 seconds left.
|
|t:|1784984381
|teamsize|p1|4
|teamsize|p2|4
|start
|switch|p1a: Torkoal|Torkoal, L50, M|100/100
|switch|p1b: Farigiraf|Farigiraf, L50, M|100/100
|switch|p2a: Basculegion|Basculegion, L50, M|100/100
|switch|p2b: Kingambit|Kingambit, L50, M|100/100
|-weather|SunnyDay|[from] ability: Drought|[of] p1a: Torkoal
|turn|1
|inactive|signorfogoo has 30 seconds left.
|inactive|DanteRush has 30 seconds left.
|inactive|signorfogoo has 20 seconds left.
|inactive|signorfogoo has 15 seconds left.
|
|t:|1784984423
|switch|p1a: Abomasnow|Abomasnow, L50, M|100/100
|-weather|Snowscape|[from] ability: Snow Warning|[of] p1a: Abomasnow
|move|p2a: Basculegion|Wave Crash|p1a: Abomasnow
|-resisted|p1a: Abomasnow|1
|-damage|p1a: Abomasnow|60/100
|-damage|p2a: Basculegion|88/100|[from] Recoil
|move|p2b: Kingambit|Kowtow Cleave|p1b: Farigiraf
|-supereffective|p1b: Farigiraf|1
|-enditem|p1b: Farigiraf|Colbur Berry|[eat]
|-enditem|p1b: Farigiraf|Colbur Berry|[weaken]
|-damage|p1b: Farigiraf|44/100
|move|p1b: Farigiraf|Trick Room|p1b: Farigiraf
|-fieldstart|move: Trick Room|[of] p1b: Farigiraf
|
|-weather|Snowscape|[upkeep]
|upkeep
|turn|2
|inactive|signorfogoo has 30 seconds left.
|inactive|DanteRush has 30 seconds left.
|
|t:|1784984457
|switch|p1b: Torkoal|Torkoal, L50, M|100/100
|-weather|SunnyDay|[from] ability: Drought|[of] p1b: Torkoal
|detailschange|p1a: Abomasnow|Abomasnow-Mega, L50, M
|-mega|p1a: Abomasnow|Abomasnow|Abomasite
|-weather|Snowscape|[from] ability: Snow Warning|[of] p1a: Abomasnow
|move|p1a: Abomasnow|Energy Ball|p2a: Basculegion
|-supereffective|p2a: Basculegion|1
|-damage|p2a: Basculegion|0 fnt
|faint|p2a: Basculegion
|move|p2b: Kingambit|Iron Head|p1a: Abomasnow
|-supereffective|p1a: Abomasnow|1
|-damage|p1a: Abomasnow|8/100
|
|-weather|Snowscape|[upkeep]
|upkeep
|
|t:|1784984474
|switch|p2a: Incineroar|Incineroar, L50, M|100/100
|-ability|p2a: Incineroar|Intimidate|boost
|-unboost|p1a: Abomasnow|atk|1
|-unboost|p1b: Torkoal|atk|1
|turn|3
|
|t:|1784984493
|switch|p1b: Farigiraf|Farigiraf, L50, M|44/100
|move|p2b: Kingambit|Protect|p2b: Kingambit
|-singleturn|p2b: Kingambit|Protect
|move|p1a: Abomasnow|Earth Power|p2a: Incineroar
|-supereffective|p2a: Incineroar|1
|-crit|p2a: Incineroar
|-damage|p2a: Incineroar|17/100
|move|p2a: Incineroar|Parting Shot|p1b: Farigiraf
|-unboost|p1b: Farigiraf|atk|1
|-unboost|p1b: Farigiraf|spa|1
|
|t:|1784984503
|switch|p2a: Floette|Floette-Eternal, L50, F|100/100|[from] Parting Shot
|
|-weather|Snowscape|[upkeep]
|upkeep
|turn|4
|
|t:|1784984522
|detailschange|p2a: Floette|Floette-Mega, L50, F
|-mega|p2a: Floette|Floette|Floettite
|-ability|p2a: Floette|Fairy Aura
|move|p1a: Abomasnow|Earth Power|p2b: Kingambit
|-supereffective|p2b: Kingambit|1
|-damage|p2b: Kingambit|30/100
|move|p2b: Kingambit|Kowtow Cleave|p1a: Abomasnow
|-damage|p1a: Abomasnow|0 fnt
|faint|p1a: Abomasnow
|move|p1b: Farigiraf|Psychic|p2a: Floette
|-damage|p2a: Floette|82/100
|move|p2a: Floette|Calm Mind|p2a: Floette
|-boost|p2a: Floette|spa|1
|-boost|p2a: Floette|spd|1
|
|-weather|Snowscape|[upkeep]
|upkeep
|
|t:|1784984540
|switch|p1a: Torkoal|Torkoal, L50, M|100/100
|-weather|SunnyDay|[from] ability: Drought|[of] p1a: Torkoal
|turn|5
|
|t:|1784984554
|move|p2b: Kingambit|Protect|p2b: Kingambit
|-singleturn|p2b: Kingambit|Protect
|move|p2a: Floette|Protect|p2a: Floette
|-singleturn|p2a: Floette|Protect
|move|p1a: Torkoal|Eruption|p2a: Floette|[spread] 
|-activate|p2a: Floette|move: Protect
|-activate|p2b: Kingambit|move: Protect
|move|p1b: Farigiraf|Thunderbolt|p2a: Floette
|-activate|p2a: Floette|move: Protect
|
|-weather|SunnyDay|[upkeep]
|-fieldend|move: Trick Room
|upkeep
|turn|6
|
|t:|1784984569
|move|p2a: Floette|Dazzling Gleam|p1b: Farigiraf|[spread] p1a,p1b
|-resisted|p1a: Torkoal|1
|-damage|p1a: Torkoal|54/100
|-damage|p1b: Farigiraf|0 fnt
|faint|p1b: Farigiraf
|move|p2b: Kingambit|Kowtow Cleave|p1a: Torkoal
|-damage|p1a: Torkoal|9/100
|move|p1a: Torkoal|Eruption|p2a: Floette|[spread] p2a,p2b
|-supereffective|p2b: Kingambit|1
|-damage|p2a: Floette|78/100
|-damage|p2b: Kingambit|13/100
|
|-weather|SunnyDay|[upkeep]
|upkeep
|-message|signorfogoo forfeited.
|
|win|DanteRush
