|j|☆Pareng Khufra
|j|☆fangyusuhe
|html|Pareng Khufrafangyusuhe    
|uhtml|bestof|Game 3 of a best-of-3
|t:|1784662385
|gametype|doubles
|player|p1|Pareng Khufra|2|1226
|player|p2|fangyusuhe|dawn|1179
|gen|9
|tier|[Gen 9 Champions] VGC 2026 Reg M-B (Bo3)
|rated|
|rule|Species Clause: Limit one of each Pokémon
|rule|Item Clause: Limit 1 of each item
|clearpoke
|poke|p1|Gholdengo, L50|
|poke|p1|Milotic, L50, M|
|poke|p1|Sinistcha, L50|
|poke|p1|Tyranitar, L50, M|
|poke|p1|Excadrill, L50, F|
|poke|p1|Staraptor, L50, F|
|poke|p2|Whimsicott, L50, F|
|poke|p2|Ceruledge, L50, M|
|poke|p2|Garchomp, L50, M|
|poke|p2|Gholdengo, L50|
|poke|p2|Kingambit, L50, M|
|poke|p2|Staraptor, L50, F|
|teampreview|4
|showteam|p1|Gholdengo||LifeOrb|GoodasGold|NastyPlot,Protect,ShadowBall,MakeItRain|Modest|||||50|]Milotic||SitrusBerry|Competitive|Protect,Haze,IcyWind,Scald|Calm||M|||50|]Sinistcha||ColburBerry|Hospitality|MatchaGotcha,ShadowBall,RagePowder,Protect|Bold|||||50|]Tyranitar||Tyranitarite|SandStream|RockSlide,HighHorsepower,Protect,KnockOff|Jolly||M|||50|]Excadrill||FocusSash|SandRush|RockSlide,IronHead,Earthquake,Protect|Jolly||F|||50|]Staraptor||Staraptite|Intimidate|Tailwind,CloseCombat,BraveBird,Protect|Jolly||F|||50|
|showteam|p2|Whimsicott||FocusSash|Prankster|Moonblast,Tailwind,Charm,Protect|Timid||F|||50|]Ceruledge||ColburBerry|FlashFire|BitterBlade,ShadowSneak,BulkUp,Protect|Adamant||M|||50|]Garchomp||LifeOrb|RoughSkin|Earthquake,RockSlide,DragonClaw,Protect|Jolly||M|||50|]Gholdengo||SpellTag|GoodasGold|MakeItRain,ShadowBall,NastyPlot,Protect|Modest|||||50|]Kingambit||OccaBerry|Defiant|KowtowCleave,SuckerPunch,LowKick,IronHead|Adamant||M|||50|]Staraptor||Staraptite|Intimidate|CloseCombat,Roost,BraveBird,Protect|Jolly||F|||50|
|inactive|Battle timer is ON: inactive players will automatically lose when time's up. (requested by fangyusuhe)
|
|t:|1784662400
|teamsize|p1|4
|teamsize|p2|4
|start
|switch|p1a: Milotic|Milotic, L50, M|100/100
|switch|p1b: Sinistcha|Sinistcha, L50|100/100
|switch|p2a: Gholdengo|Gholdengo, L50|100/100
|switch|p2b: Whimsicott|Whimsicott, L50, F|100/100
|turn|1
|
|t:|1784662409
|switch|p1b: Staraptor|Staraptor, L50, F|100/100
|-ability|p1b: Staraptor|Intimidate|boost
|-unboost|p2a: Gholdengo|atk|1
|-unboost|p2b: Whimsicott|atk|1
|move|p2b: Whimsicott|Moonblast|p1b: Staraptor
|-damage|p1b: Staraptor|56/100
|move|p1a: Milotic|Scald|p2a: Gholdengo
|-damage|p2a: Gholdengo|70/100
|-status|p2a: Gholdengo|brn
|move|p2a: Gholdengo|Shadow Ball|p1b: Staraptor
|-immune|p1b: Staraptor
|
|-damage|p2a: Gholdengo|64/100 brn|[from] brn
|upkeep
|turn|2
|
|t:|1784662431
|move|p2b: Whimsicott|Protect|p2b: Whimsicott
|-singleturn|p2b: Whimsicott|Protect
|move|p1b: Staraptor|Protect|p1b: Staraptor
|-singleturn|p1b: Staraptor|Protect
|move|p1a: Milotic|Icy Wind|p2b: Whimsicott|[spread] p2a
|-activate|p2b: Whimsicott|move: Protect
|-resisted|p2a: Gholdengo|1
|-damage|p2a: Gholdengo|59/100 brn
|-unboost|p2a: Gholdengo|spe|1
|move|p2a: Gholdengo|Nasty Plot|p2a: Gholdengo
|-boost|p2a: Gholdengo|spa|2
|
|-damage|p2a: Gholdengo|53/100 brn|[from] brn
|upkeep
|turn|3
|
|t:|1784662451
|switch|p1b: Gholdengo|Gholdengo, L50|100/100
|move|p2b: Whimsicott|Tailwind|p2b: Whimsicott
|-sidestart|p2: fangyusuhe|move: Tailwind
|move|p2a: Gholdengo|Make It Rain|p1a: Milotic|[spread] p1a,p1b
|-resisted|p1a: Milotic|1
|-resisted|p1b: Gholdengo|1
|-damage|p1a: Milotic|63/100
|-damage|p1b: Gholdengo|51/100
|-unboost|p2a: Gholdengo|spa|2
|move|p1a: Milotic|Haze|p1a: Milotic
|-clearallboost
|
|-damage|p2a: Gholdengo|48/100 brn|[from] brn
|upkeep
|turn|4
|
|t:|1784662470
|switch|p1b: Staraptor|Staraptor, L50, F|56/100
|-ability|p1b: Staraptor|Intimidate|boost
|-unboost|p2a: Gholdengo|atk|1
|-unboost|p2b: Whimsicott|atk|1
|move|p2b: Whimsicott|Moonblast|p1a: Milotic
|-damage|p1a: Milotic|37/100
|-enditem|p1a: Milotic|Sitrus Berry|[eat]
|-heal|p1a: Milotic|62/100|[from] item: Sitrus Berry
|move|p2a: Gholdengo|Shadow Ball|p1a: Milotic
|-damage|p1a: Milotic|27/100
|move|p1a: Milotic|Icy Wind|p2a: Gholdengo|[spread] p2a,p2b
|-resisted|p2a: Gholdengo|1
|-supereffective|p2b: Whimsicott|1
|-damage|p2a: Gholdengo|42/100 brn
|-damage|p2b: Whimsicott|64/100
|-unboost|p2a: Gholdengo|spe|1
|-unboost|p2b: Whimsicott|spe|1
|
|-damage|p2a: Gholdengo|37/100 brn|[from] brn
|upkeep
|turn|5
|inactive|Pareng Khufra has 30 seconds left.
|
|t:|1784662501
|switch|p2b: Staraptor|Staraptor, L50, F|100/100
|-ability|p2b: Staraptor|Intimidate|boost
|-unboost|p1a: Milotic|atk|1
|-ability|p1a: Milotic|Competitive|boost
|-boost|p1a: Milotic|spa|2
|-unboost|p1b: Staraptor|atk|1
|detailschange|p1b: Staraptor|Staraptor-Mega, L50, F
|-mega|p1b: Staraptor|Staraptor|Staraptite
|move|p1b: Staraptor|Tailwind|p1b: Staraptor
|-sidestart|p1: Pareng Khufra|move: Tailwind
|move|p1a: Milotic|Scald|p2a: Gholdengo
|-damage|p2a: Gholdengo|0 fnt
|faint|p2a: Gholdengo
|
|upkeep
|
|t:|1784662510
|switch|p2a: Whimsicott|Whimsicott, L50, F|64/100
|turn|6
|
|t:|1784662532
|detailschange|p2b: Staraptor|Staraptor-Mega, L50, F
|-mega|p2b: Staraptor|Staraptor|Staraptite
|move|p1a: Milotic|Protect|p1a: Milotic
|-singleturn|p1a: Milotic|Protect
|move|p2a: Whimsicott|Moonblast|p1b: Staraptor
|-supereffective|p1b: Staraptor|1
|-damage|p1b: Staraptor|0 fnt
|faint|p1b: Staraptor
|move|p2b: Staraptor|Close Combat|p1a: Milotic
|-activate|p1a: Milotic|move: Protect
|
|-sideend|p2: fangyusuhe|move: Tailwind
|upkeep
|
|t:|1784662547
|switch|p1b: Sinistcha|Sinistcha, L50|100/100
|-heal|p1a: Milotic|52/100|[from] ability: Hospitality|[of] p1b: Sinistcha
|turn|7
|
|t:|1784662554
|move|p2a: Whimsicott|Protect|p2a: Whimsicott
|-singleturn|p2a: Whimsicott|Protect
|move|p2b: Staraptor|Protect|p2b: Staraptor
|-singleturn|p2b: Staraptor|Protect
|move|p1b: Sinistcha|Rage Powder|p1b: Sinistcha
|-singleturn|p1b: Sinistcha|move: Rage Powder
|move|p1a: Milotic|Scald|p2b: Staraptor
|-activate|p2b: Staraptor|move: Protect
|
|upkeep
|turn|8
|
|t:|1784662570
|move|p1b: Sinistcha|Rage Powder|p1b: Sinistcha
|-singleturn|p1b: Sinistcha|move: Rage Powder
|move|p2a: Whimsicott|Tailwind|p2a: Whimsicott
|-sidestart|p2: fangyusuhe|move: Tailwind
|move|p2b: Staraptor|Brave Bird|p1b: Sinistcha
|-supereffective|p1b: Sinistcha|1
|-damage|p1b: Sinistcha|16/100
|-damage|p2b: Staraptor|75/100|[from] Recoil
|move|p1a: Milotic|Scald|p2b: Staraptor
|-damage|p2b: Staraptor|18/100
|-status|p2b: Staraptor|brn
|
|-damage|p2b: Staraptor|12/100 brn|[from] brn
|-sideend|p1: Pareng Khufra|move: Tailwind
|upkeep
|turn|9
|
|t:|1784662590
|switch|p1b: Gholdengo|Gholdengo, L50|51/100
|move|p2a: Whimsicott|Moonblast|p1b: Gholdengo
|-resisted|p1b: Gholdengo|1
|-damage|p1b: Gholdengo|34/100
|move|p2b: Staraptor|Close Combat|p1a: Milotic
|-damage|p1a: Milotic|26/100
|-boost|p2b: Staraptor|def|1
|-boost|p2b: Staraptor|spd|1
|move|p1a: Milotic|Scald|p2b: Staraptor
|-damage|p2b: Staraptor|0 fnt
|faint|p2b: Staraptor
|
|upkeep
|
|t:|1784662593
|switch|p2b: Garchomp|Garchomp, L50, M|100/100
|turn|10
|
|t:|1784662602
|switch|p1b: Sinistcha|Sinistcha, L50|16/100
|-heal|p1a: Milotic|51/100|[from] ability: Hospitality|[of] p1b: Sinistcha
|move|p2a: Whimsicott|Moonblast|p1a: Milotic
|-damage|p1a: Milotic|25/100
|move|p2b: Garchomp|Earthquake|p1a: Milotic|[spread] p2a,p1a,p1b
|-resisted|p2a: Whimsicott|1
|-resisted|p1b: Sinistcha|1
|-damage|p2a: Whimsicott|29/100
|-damage|p1a: Milotic|0 fnt
|-damage|p1b: Sinistcha|0 fnt
|faint|p1a: Milotic
|faint|p1b: Sinistcha
|-damage|p2b: Garchomp|90/100|[from] item: Life Orb
|
|upkeep
|
|t:|1784662612
|switch|p1b: Gholdengo|Gholdengo, L50|34/100
|turn|11
|
|t:|1784662617
|move|p1b: Gholdengo|Protect|p1b: Gholdengo
|-singleturn|p1b: Gholdengo|Protect
|move|p2a: Whimsicott|Moonblast|p1b: Gholdengo
|-activate|p1b: Gholdengo|move: Protect
|move|p2b: Garchomp|Earthquake|p1b: Gholdengo|[spread] p2a
|-activate|p1b: Gholdengo|move: Protect
|-resisted|p2a: Whimsicott|1
|-damage|p2a: Whimsicott|0 fnt
|faint|p2a: Whimsicott
|-damage|p2b: Garchomp|80/100|[from] item: Life Orb
|
|-sideend|p2: fangyusuhe|move: Tailwind
|upkeep
|turn|12
|
|t:|1784662622
|move|p2b: Garchomp|Earthquake|p1b: Gholdengo
|-supereffective|p1b: Gholdengo|1
|-damage|p1b: Gholdengo|0 fnt
|faint|p1b: Gholdengo
|-damage|p2b: Garchomp|70/100|[from] item: Life Orb
|
|win|fangyusuhe
|raw|Pareng Khufra's rating: 1226 → 1198(-28 for losing)
|raw|fangyusuhe's rating: 1179 → 1207(+28 for winning)
|l|☆Pareng Khufra
|player|p1|
