|j|☆Luh_simoes-04
|j|☆hexagonfoot
|html|Luh_simoes-04hexagonfoot    
|uhtml|bestof|Game 1 of a best-of-3
|t:|1757817293
|gametype|doubles
|player|p1|Luh_simoes-04|drayden|1174
|player|p2|hexagonfoot|caitlin|1108
|gen|9
|tier|[Gen 9] VGC 2025 Reg H (Bo3)
|rated|
|rule|Species Clause: Limit one of each Pokémon
|rule|Item Clause: Limit 1 of each item
|clearpoke
|poke|p1|Armarouge, L50, M|
|poke|p1|Ursaluna-Bloodmoon, L50, M|
|poke|p1|Indeedee-F, L50, F|
|poke|p1|Tsareena, L50, F|
|poke|p1|Primarina, L50, M|
|poke|p1|Gallade, L50, M|
|poke|p2|Gholdengo, L50|
|poke|p2|Sneasler, L50, M|
|poke|p2|Rillaboom, L50, M|
|poke|p2|Dragonite, L50, F|
|poke|p2|Ninetales-Alola, L50, M|
|poke|p2|Arcanine-Hisui, L50, M|
|teampreview|4
|showteam|p1|Armarouge||PowerHerb|FlashFire|ArmorCannon,ExpandingForce,MeteorBeam,TrickRoom|||M|||50|,,,,,Grass]Ursaluna-Bloodmoon||LifeOrb|MindsEye|HyperVoice,BloodMoon,EarthPower,Protect|||M|||50|,,,,,Normal]Indeedee-F||MentalHerb|PsychicSurge|Psychic,HelpingHand,FollowMe,TrickRoom|||F|||50|,,,,,Fairy]Tsareena||WideLens|QueenlyMajesty|PowerWhip,TripleAxel,Taunt,Protect|||F|||50|,,,,,Ice]Primarina||ThroatSpray|LiquidVoice|HyperVoice,Moonblast,Haze,Protect|||M|||50|,,,,,Steel]Gallade||SafetyGoggles|Sharpness|SacredSword,PsychoCut,WideGuard,TrickRoom|||M|||50|,,,,,Water
|showteam|p2|Gholdengo||GrassySeed|GoodasGold|NastyPlot,MakeItRain,ShadowBall,Protect||||||50|,,,,,Water]Sneasler||WhiteHerb|Unburden|CloseCombat,DireClaw,Coaching,Protect|||M|||50|,,,,,Ghost]Rillaboom||AssaultVest|GrassySurge|FakeOut,GrassyGlide,DrumBeating,HighHorsepower|||M|||50|,,,,,Fire]Dragonite||LoadedDice|Multiscale|ScaleShot,StompingTantrum,Tailwind,Protect|||F|||50|,,,,,Ground]Ninetales-Alola||FocusSash|SnowWarning|Blizzard,IcyWind,Encore,AuroraVeil|||M|||50|,,,,,Ghost]Arcanine-Hisui||ClearAmulet|Intimidate|RockSlide,FlareBlitz,ExtremeSpeed,Protect|||M|||50|,,,,,Water
|inactive|Battle timer is ON: inactive players will automatically lose when time's up. (requested by Luh_simoes-04)
|j| Cazabichosroger
|inactive|hexagonfoot has 60 seconds left.
|inactive|hexagonfoot has 30 seconds left.
|
|t:|1757817361
|teamsize|p1|4
|teamsize|p2|4
|start
|switch|p1a: Indeedee|Indeedee-F, L50, F|100/100
|switch|p1b: Gallade|Gallade, L50, M|100/100
|switch|p2a: Canada Water|Ninetales-Alola, L50, M|100/100
|switch|p2b: Barking Riverside|Arcanine-Hisui, L50, M|100/100
|-weather|Snowscape|[from] ability: Snow Warning|[of] p2a: Canada Water
|-ability|p2b: Barking Riverside|Intimidate|boost
|-unboost|p1a: Indeedee|atk|1
|-unboost|p1b: Gallade|atk|1
|-fieldstart|move: Psychic Terrain|[from] ability: Psychic Surge|[of] p1a: Indeedee
|turn|1
|
|t:|1757817386
|-terastallize|p1b: Gallade|Water
|move|p1b: Gallade|Wide Guard|p1b: Gallade
|-singleturn|p1b: Gallade|Wide Guard
|move|p2a: Canada Water|Aurora Veil|p2a: Canada Water
|-sidestart|p2: hexagonfoot|move: Aurora Veil
|move|p2b: Barking Riverside|Flare Blitz|p1b: Gallade
|-resisted|p1b: Gallade
|-damage|p1b: Gallade|67/100
|-damage|p2b: Barking Riverside|89/100|[from] Recoil
|move|p1a: Indeedee|Trick Room|p1a: Indeedee
|-fieldstart|move: Trick Room|[of] p1a: Indeedee
|
|-weather|Snowscape|[upkeep]
|upkeep
|turn|2
|inactive|hexagonfoot has 30 seconds left.
|
|t:|1757817420
|switch|p2b: Silver Street|Gholdengo, L50|100/100
|switch|p2a: Hampstead Heath|Rillaboom, L50, M|100/100
|-fieldstart|move: Grassy Terrain|[from] ability: Grassy Surge|[of] p2a: Hampstead Heath
|-enditem|p2b: Silver Street|Grassy Seed
|-boost|p2b: Silver Street|def|1|[from] item: Grassy Seed
|move|p1a: Indeedee|Helping Hand|p1b: Gallade
|-singleturn|p1b: Gallade|Helping Hand|[of] p1a: Indeedee
|move|p1b: Gallade|Sacred Sword|p2b: Silver Street
|-immune|p2b: Silver Street
|
|-weather|Snowscape|[upkeep]
|-heal|p1b: Gallade|73/100|[from] Grassy Terrain
|upkeep
|turn|3
|
|t:|1757817439
|switch|p1a: Tsareena|Tsareena, L50, F|100/100
|move|p2a: Hampstead Heath|Fake Out||[still]
|cant|p1a: Tsareena|ability: Queenly Majesty|Fake Out|[of] p2a: Hampstead Heath
|move|p1b: Gallade|Psycho Cut|p2b: Silver Street
|-resisted|p2b: Silver Street
|-crit|p2b: Silver Street
|-damage|p2b: Silver Street|65/100
|move|p2b: Silver Street|Nasty Plot|p2b: Silver Street
|-boost|p2b: Silver Street|spa|2
|
|-weather|Snowscape|[upkeep]
|-heal|p1b: Gallade|79/100|[from] Grassy Terrain
|-heal|p2b: Silver Street|71/100|[from] Grassy Terrain
|upkeep
|turn|4
|inactive|hexagonfoot has 30 seconds left.
|inactive|hexagonfoot has 20 seconds left.
|inactive|hexagonfoot has 15 seconds left.
|inactive|hexagonfoot has 10 seconds left.
|inactive|hexagonfoot has 5 seconds left.
|
|t:|1757817493
|switch|p2a: Barking Riverside|Arcanine-Hisui, L50, M|89/100
|-ability|p2a: Barking Riverside|Intimidate|boost
|-unboost|p1a: Tsareena|atk|1
|-unboost|p1b: Gallade|atk|1
|move|p1b: Gallade|Psycho Cut|p2b: Silver Street
|-resisted|p2b: Silver Street
|-damage|p2b: Silver Street|66/100
|move|p1a: Tsareena|Power Whip|p2b: Silver Street
|-resisted|p2b: Silver Street
|-damage|p2b: Silver Street|53/100
|move|p2b: Silver Street|Shadow Ball|p1b: Gallade
|-damage|p1b: Gallade|2/100
|
|-weather|Snowscape|[upkeep]
|-heal|p1b: Gallade|7/100|[from] Grassy Terrain
|-heal|p2b: Silver Street|59/100|[from] Grassy Terrain
|-heal|p2a: Barking Riverside|95/100|[from] Grassy Terrain
|upkeep
|turn|5
|
|t:|1757817518
|switch|p1b: Armarouge|Armarouge, L50, M|100/100
|move|p2a: Barking Riverside|Protect|p2a: Barking Riverside
|-singleturn|p2a: Barking Riverside|Protect
|move|p1a: Tsareena|Power Whip|p2a: Barking Riverside
|-activate|p2a: Barking Riverside|move: Protect
|move|p2b: Silver Street|Shadow Ball|p1a: Tsareena
|-damage|p1a: Tsareena|25/100
|
|-weather|none
|-heal|p1a: Tsareena|31/100|[from] Grassy Terrain
|-heal|p2b: Silver Street|65/100|[from] Grassy Terrain
|-heal|p2a: Barking Riverside|100/100|[from] Grassy Terrain
|-sideend|p2: hexagonfoot|move: Aurora Veil
|-fieldend|move: Trick Room
|upkeep
|turn|6
|
|t:|1757817535
|switch|p1a: Indeedee|Indeedee-F, L50, F|100/100
|-fieldstart|move: Psychic Terrain|[from] ability: Psychic Surge|[of] p1a: Indeedee
|move|p2a: Barking Riverside|Flare Blitz|p1a: Indeedee
|-damage|p1a: Indeedee|41/100
|-damage|p2a: Barking Riverside|80/100|[from] Recoil
|move|p2b: Silver Street|Shadow Ball|p1b: Armarouge
|-supereffective|p1b: Armarouge
|-damage|p1b: Armarouge|0 fnt
|faint|p1b: Armarouge
|
|upkeep
|-message|Luh_simoes-04 forfeited.
|
|win|hexagonfoot
|l|☆Luh_simoes-04
|player|p1|
||hexagonfoot is ready for game 2.
||Luh_simoes-04 is ready for game 2.
|uhtml|next|Next: Game 2 of 3
|l|☆hexagonfoot
|player|p2|
|j|☆hexagonfoot
|player|p2|hexagonfoot|caitlin|
