|j|☆MSAtlos
|j|☆Church of Chiyu
|html|MSAtlosChurch of Chiyu    
|uhtml|bestof|Game 2 of a best-of-3
|t:|1757760803
|gametype|doubles
|player|p1|MSAtlos|clair|1079
|player|p2|Church of Chiyu|red|1000
|gen|9
|tier|[Gen 9] VGC 2025 Reg H (Bo3)
|rated|
|rule|Species Clause: Limit one of each Pokémon
|rule|Item Clause: Limit 1 of each item
|clearpoke
|poke|p1|Baxcalibur, L50, M|
|poke|p1|Garchomp, L50, M|
|poke|p1|Gholdengo, L50|
|poke|p1|Amoonguss, L50, M|
|poke|p1|Annihilape, L50, M|
|poke|p1|Incineroar, L50, F|
|poke|p2|Rillaboom, L50, M|
|poke|p2|Incineroar, L50, M|
|poke|p2|Basculegion, L50, M|
|poke|p2|Ninetales-Alola, L50, M|
|poke|p2|Gholdengo, L50|
|poke|p2|Kommo-o, L50, F|
|teampreview|4
|showteam|p1|Baxcalibur||LoadedDice|ThermalExchange|Protect,IcicleSpear,ScaleShot,IceShard|||M|||50|,,,,,Poison]Garchomp||ChoiceBand|RoughSkin|RockSlide,StompingTantrum,DragonClaw,Earthquake|||M|||50|,,,,,Steel]Gholdengo||LifeOrb|GoodasGold|MakeItRain,ShadowBall,NastyPlot,Protect||||||50|,,,,,Water]Amoonguss||SitrusBerry|Regenerator|Spore,PollenPuff,RagePowder,ClearSmog|||M|||50|,,,,,Water]Annihilape||ChoiceScarf|Defiant|FinalGambit,CloseCombat,Uturn,Coaching|||M|||50|,,,,,Flying]Incineroar||SafetyGoggles|Intimidate|KnockOff,Taunt,FakeOut,PartingShot|||F|||50|,,,,,Ghost
|showteam|p2|Rillaboom||AssaultVest|GrassySurge|DrumBeating,GrassyGlide,KnockOff,FakeOut|||M|||50|,,,,,Ghost]Incineroar||SitrusBerry|Intimidate|KnockOff,FlareBlitz,PartingShot,FakeOut|||M|||50|,,,,,Grass]Basculegion||ChoiceScarf|Adaptability|WaveCrash,LastRespects,FlipTurn,TeraBlast|||M|||50|,,,,,Fighting]Ninetales-Alola||FocusSash|SnowWarning|Blizzard,IcyWind,Encore,Protect|||M|||50|,,,,,Ice]Gholdengo||LifeOrb|GoodasGold|MakeItRain,ShadowBall,NastyPlot,Protect||||||50|,,,,,Water]Kommo-o||Leftovers|Overcoat|BodyPress,Flamethrower,IronDefense,Protect|||F|||50|,,,,,Fire
|
|t:|1757760853
|teamsize|p1|4
|teamsize|p2|4
|start
|switch|p1a: Gholdengo|Gholdengo, L50|100/100
|switch|p1b: Incineroar|Incineroar, L50, F|100/100
|switch|p2a: Ninetales|Ninetales-Alola, L50, M|100/100
|switch|p2b: Basculegion|Basculegion, L50, M|100/100
|-weather|Snowscape|[from] ability: Snow Warning|[of] p2a: Ninetales
|-ability|p1b: Incineroar|Intimidate|boost
|-unboost|p2a: Ninetales|atk|1
|-unboost|p2b: Basculegion|atk|1
|turn|1
|
|t:|1757760883
|switch|p1b: Amoonguss|Amoonguss, L50, M|100/100
|-terastallize|p1a: Gholdengo|Water
|move|p2a: Ninetales|Protect|p2a: Ninetales
|-singleturn|p2a: Ninetales|Protect
|move|p2b: Basculegion|Flip Turn|p1b: Amoonguss
|-resisted|p1b: Amoonguss
|-damage|p1b: Amoonguss|90/100
|
|t:|1757760892
|switch|p2b: Incineroar|Incineroar, L50, M|100/100|[from] Flip Turn
|-ability|p2b: Incineroar|Intimidate|boost
|-unboost|p1a: Gholdengo|atk|1
|-unboost|p1b: Amoonguss|atk|1
|move|p1a: Gholdengo|Nasty Plot|p1a: Gholdengo
|-boost|p1a: Gholdengo|spa|2
|
|-weather|Snowscape|[upkeep]
|upkeep
|turn|2
|
|t:|1757760921
|-terastallize|p2a: Ninetales|Ice
|move|p2b: Incineroar|Fake Out|p1a: Gholdengo
|-damage|p1a: Gholdengo|87/100
|move|p2a: Ninetales|Blizzard|p1b: Amoonguss|[spread] p1a,p1b
|-resisted|p1a: Gholdengo
|-supereffective|p1b: Amoonguss
|-crit|p1b: Amoonguss
|-damage|p1a: Gholdengo|64/100
|-damage|p1b: Amoonguss|0 fnt
|faint|p1b: Amoonguss
|cant|p1a: Gholdengo|flinch
|
|-weather|Snowscape|[upkeep]
|upkeep
|
|t:|1757760932
|switch|p1b: Incineroar|Incineroar, L50, F|100/100
|-ability|p1b: Incineroar|Intimidate|boost
|-unboost|p2a: Ninetales|atk|1
|-unboost|p2b: Incineroar|atk|1
|turn|3
|
|t:|1757760952
|move|p2a: Ninetales|Protect|p2a: Ninetales
|-singleturn|p2a: Ninetales|Protect
|move|p1b: Incineroar|Fake Out|p2b: Incineroar
|-damage|p2b: Incineroar|89/100
|move|p1a: Gholdengo|Nasty Plot|p1a: Gholdengo
|-boost|p1a: Gholdengo|spa|2
|cant|p2b: Incineroar|flinch
|
|-weather|Snowscape|[upkeep]
|upkeep
|turn|4
|
|t:|1757760991
|switch|p1b: Baxcalibur|Baxcalibur, L50, M|100/100
|move|p2a: Ninetales|Encore||[still]
|-fail|p2a: Ninetales
|move|p1a: Gholdengo|Make It Rain|p2a: Ninetales|[spread] p2a,p2b
|-supereffective|p2a: Ninetales
|-resisted|p2b: Incineroar
|-enditem|p2a: Ninetales|Focus Sash
|-damage|p2a: Ninetales|1/100
|-damage|p2b: Incineroar|19/100
|-unboost|p1a: Gholdengo|spa|1
|-enditem|p2b: Incineroar|Sitrus Berry|[eat]
|-heal|p2b: Incineroar|44/100|[from] item: Sitrus Berry
|-damage|p1a: Gholdengo|54/100|[from] item: Life Orb
|move|p2b: Incineroar|Knock Off|p1a: Gholdengo
|-damage|p1a: Gholdengo|25/100
|-enditem|p1a: Gholdengo|Life Orb|[from] move: Knock Off|[of] p2b: Incineroar
|
|-weather|Snowscape|[upkeep]
|upkeep
|turn|5
|
|t:|1757761045
|move|p2a: Ninetales|Protect|p2a: Ninetales
|-singleturn|p2a: Ninetales|Protect
|move|p1b: Baxcalibur|Ice Shard|p2a: Ninetales
|-activate|p2a: Ninetales|move: Protect
|move|p1a: Gholdengo|Shadow Ball|p2b: Incineroar
|-resisted|p2b: Incineroar
|-damage|p2b: Incineroar|8/100
|move|p2b: Incineroar|Parting Shot|p1b: Baxcalibur
|-unboost|p1b: Baxcalibur|atk|1
|-unboost|p1b: Baxcalibur|spa|1
|
|t:|1757761053
|switch|p2b: Basculegion|Basculegion, L50, M|100/100|[from] Parting Shot
|
|-weather|none
|upkeep
|turn|6
|
|t:|1757761084
|switch|p2a: Incineroar|Incineroar, L50, M|8/100
|-ability|p2a: Incineroar|Intimidate|boost
|-unboost|p1a: Gholdengo|atk|1
|-unboost|p1b: Baxcalibur|atk|1
|move|p1a: Gholdengo|Protect|p1a: Gholdengo
|-singleturn|p1a: Gholdengo|Protect
|move|p1b: Baxcalibur|Protect|p1b: Baxcalibur
|-singleturn|p1b: Baxcalibur|Protect
|move|p2b: Basculegion|Wave Crash|p1a: Gholdengo
|-activate|p1a: Gholdengo|move: Protect
|
|upkeep
|turn|7
|
|t:|1757761106
|switch|p1b: Incineroar|Incineroar, L50, F|100/100
|-ability|p1b: Incineroar|Intimidate|boost
|-unboost|p2a: Incineroar|atk|1
|-unboost|p2b: Basculegion|atk|1
|move|p1a: Gholdengo|Protect||[still]
|-fail|p1a: Gholdengo
|move|p2a: Incineroar|Fake Out|p1a: Gholdengo
|-damage|p1a: Gholdengo|16/100
|move|p2b: Basculegion|Wave Crash|p1b: Incineroar
|-supereffective|p1b: Incineroar
|-damage|p1b: Incineroar|0 fnt
|faint|p1b: Incineroar
|-damage|p2b: Basculegion|66/100|[from] Recoil
|
|upkeep
|
|t:|1757761114
|switch|p1b: Baxcalibur|Baxcalibur, L50, M|100/100
|turn|8
|
|t:|1757761129
|move|p1a: Gholdengo|Protect|p1a: Gholdengo
|-singleturn|p1a: Gholdengo|Protect
|move|p2b: Basculegion|Wave Crash|p1a: Gholdengo
|-activate|p1a: Gholdengo|move: Protect
|move|p1b: Baxcalibur|Scale Shot|p2b: Basculegion
|-damage|p2b: Basculegion|46/100
|-damage|p2b: Basculegion|25/100
|-damage|p2b: Basculegion|6/100
|-damage|p2b: Basculegion|0 fnt
|faint|p2b: Basculegion
|-hitcount|p2: Basculegion|4
|-unboost|p1b: Baxcalibur|def|1
|-boost|p1b: Baxcalibur|spe|1
|move|p2a: Incineroar|Parting Shot|p1b: Baxcalibur
|-unboost|p1b: Baxcalibur|atk|1
|-unboost|p1b: Baxcalibur|spa|1
|
|t:|1757761144
|switch|p2a: Gholdengo|Gholdengo, L50|100/100|[from] Parting Shot
|
|upkeep
|
|t:|1757761146
|switch|p2b: Incineroar|Incineroar, L50, M|8/100
|-ability|p2b: Incineroar|Intimidate|boost
|-unboost|p1a: Gholdengo|atk|1
|-unboost|p1b: Baxcalibur|atk|1
|turn|9
|
|t:|1757761192
|move|p1a: Gholdengo|Protect|p1a: Gholdengo
|-singleturn|p1a: Gholdengo|Protect
|move|p2b: Incineroar|Fake Out|p1a: Gholdengo
|-activate|p1a: Gholdengo|move: Protect
|move|p1b: Baxcalibur|Icicle Spear|p2b: Incineroar
|-resisted|p2b: Incineroar
|-damage|p2b: Incineroar|4/100
|-resisted|p2b: Incineroar
|-damage|p2b: Incineroar|0 fnt
|faint|p2b: Incineroar
|-hitcount|p2: Incineroar|2
|move|p2a: Gholdengo|Make It Rain|p1a: Gholdengo|[spread] p1b
|-activate|p1a: Gholdengo|move: Protect
|-supereffective|p1b: Baxcalibur
|-damage|p1b: Baxcalibur|0 fnt
|-unboost|p2a: Gholdengo|spa|1
|faint|p1b: Baxcalibur
|-damage|p2a: Gholdengo|91/100|[from] item: Life Orb
|
|upkeep
|-message|MSAtlos forfeited.
|
|win|Church of Chiyu
|raw|MSAtlos's rating: 1079 → 1052(-27 for losing)
|raw|Church of Chiyu's rating: 1000 → 1049(+49 for winning)
|l|☆MSAtlos
|player|p1|
