|j|☆void25o
|j|☆iannaVi
|html|void25oiannaVi    
|uhtml|bestof|Game 1 of a best-of-3
|t:|1785093090
|gametype|doubles
|player|p1|void25o|miku-ghost|1191
|player|p2|iannaVi|cheren-gen5bw2|1166
|gen|9
|tier|[Gen 9 Champions] VGC 2026 Reg M-B (Bo3)
|rated|
|rule|Species Clause: Limit one of each Pokémon
|rule|Item Clause: Limit 1 of each item
|clearpoke
|poke|p1|Charizard, L50, M|
|poke|p1|Floette-Eternal, L50, F|
|poke|p1|Kingambit, L50, M|
|poke|p1|Garchomp, L50, F|
|poke|p1|Basculegion, L50, M|
|poke|p1|Whimsicott, L50, F|
|poke|p2|Venusaur, L50, F|
|poke|p2|Farigiraf, L50, F|
|poke|p2|Aerodactyl, L50, M|
|poke|p2|Torkoal, L50, F|
|poke|p2|Incineroar, L50, F|
|poke|p2|Mawile, L50, F|
|teampreview|4
|showteam|p1|Charizard||CharizarditeY|Blaze|HeatWave,WeatherBall,SolarBeam,Protect|Modest||M|||50|]Floette-Eternal||Floettite|FlowerVeil|Moonblast,DazzlingGleam,LightofRuin,Protect|Timid||F|||50|]Kingambit||BlackGlasses|Defiant|KowtowCleave,IronHead,SuckerPunch,Protect|Adamant||M|||50|]Garchomp||LifeOrb|RoughSkin|DragonClaw,Earthquake,RockSlide,Protect|Jolly||F|||50|]Basculegion||MysticWater|Adaptability|WaveCrash,LastRespects,AquaJet,Protect|Adamant||M|||50|]Whimsicott||FocusSash|Prankster|Moonblast,Encore,Tailwind,Protect|Timid||F|||50|
|showteam|p2|Venusaur||LifeOrb|Chlorophyll|SolarBeam,EarthPower,SludgeBomb,SleepPowder|Modest||F|||50|]Farigiraf||SitrusBerry|ArmorTail|TwinBeam,Thunderbolt,HelpingHand,TrickRoom|Relaxed||F|||50|]Aerodactyl||Aerodactylite|Unnerve|IceFang,DualWingbeat,RockSlide,IronHead|Adamant||M|||50|]Torkoal||Charcoal|Drought|HelpingHand,AncientPower,WeatherBall,Protect|Relaxed||F|||50|]Incineroar||MuscleBand|Intimidate|FakeOut,FlareBlitz,CloseCombat,ThroatChop|Adamant||F|||50|]Mawile||Mawilite|HyperCutter|PlayRough,SuckerPunch,SwordsDance,Protect|Adamant||F|||50|
|inactive|Battle timer is ON: inactive players will automatically lose when time's up. (requested by void25o)
|inactive|iannaVi also wants the timer to be on.
|inactive|void25o has 60 seconds left.
|
|t:|1785093124
|teamsize|p1|4
|teamsize|p2|4
|start
|switch|p1a: Jone|Kingambit, L50, M|100/100
|switch|p1b: Jon|Floette-Eternal, L50, F|100/100
|switch|p2a: Aerodactyl|Aerodactyl, L50, M|100/100
|switch|p2b: Venusaur|Venusaur, L50, F|100/100
|-ability|p2a: Aerodactyl|Unnerve
|turn|1
|inactive|void25o has 30 seconds left.
|
|t:|1785093150
|detailschange|p2a: Aerodactyl|Aerodactyl-Mega, L50, M
|-mega|p2a: Aerodactyl|Aerodactyl|Aerodactylite
|move|p1b: Jon|Protect|p1b: Jon
|-singleturn|p1b: Jon|Protect
|move|p2a: Aerodactyl|Iron Head|p1b: Jon
|-activate|p1b: Jon|move: Protect
|move|p2b: Venusaur|Sleep Powder|p1a: Jone|[miss]
|-miss|p2b: Venusaur|p1a: Jone
|move|p1a: Jone|Iron Head|p2a: Aerodactyl
|-supereffective|p2a: Aerodactyl|1
|-damage|p2a: Aerodactyl|0 fnt
|faint|p2a: Aerodactyl
|
|upkeep
|
|t:|1785093163
|switch|p2a: Torkoal|Torkoal, L50, F|100/100
|-weather|SunnyDay|[from] ability: Drought|[of] p2a: Torkoal
|turn|2
|
|t:|1785093171
|switch|p1b: Jawn|Whimsicott, L50, F|100/100
|move|p2a: Torkoal|Helping Hand|p2b: Venusaur
|-singleturn|p2b: Venusaur|Helping Hand|[of] p2a: Torkoal
|move|p1a: Jone|Protect|p1a: Jone
|-singleturn|p1a: Jone|Protect
|move|p2b: Venusaur|Earth Power|p1a: Jone
|-activate|p1a: Jone|move: Protect
|
|-weather|SunnyDay|[upkeep]
|upkeep
|turn|3
|
|t:|1785093195
|move|p1b: Jawn|Tailwind|p1b: Jawn
|-sidestart|p1: void25o|move: Tailwind
|move|p2b: Venusaur|Sludge Bomb|p1b: Jawn
|-supereffective|p1b: Jawn|2
|-enditem|p1b: Jawn|Focus Sash
|-damage|p1b: Jawn|1/100
|-status|p1b: Jawn|psn
|-damage|p2b: Venusaur|90/100|[from] item: Life Orb
|move|p1a: Jone|Kowtow Cleave|p2b: Venusaur
|-damage|p2b: Venusaur|30/100
|move|p2a: Torkoal|Weather Ball|p1a: Jone
|-supereffective|p1a: Jone|1
|-damage|p1a: Jone|6/100
|
|-weather|SunnyDay|[upkeep]
|-damage|p1b: Jawn|0 fnt|[from] psn
|faint|p1b: Jawn
|upkeep
|
|t:|1785093213
|switch|p1b: Jon|Floette-Eternal, L50, F|100/100
|turn|4
|
|t:|1785093227
|detailschange|p1b: Jon|Floette-Mega, L50, F
|-mega|p1b: Jon|Floette|Floettite
|-ability|p1b: Jon|Fairy Aura
|move|p1b: Jon|Dazzling Gleam|p2b: Venusaur|[spread] p2a,p2b
|-resisted|p2a: Torkoal|1
|-resisted|p2b: Venusaur|1
|-damage|p2a: Torkoal|77/100
|-damage|p2b: Venusaur|2/100
|move|p2b: Venusaur|Sludge Bomb|p1b: Jon
|-supereffective|p1b: Jon|1
|-damage|p1b: Jon|1/100
|-damage|p2b: Venusaur|0 fnt|[from] item: Life Orb
|faint|p2b: Venusaur
|move|p1a: Jone|Kowtow Cleave|p2a: Torkoal
|-damage|p2a: Torkoal|41/100
|move|p2a: Torkoal|Weather Ball|p1a: Jone
|-supereffective|p1a: Jone|1
|-damage|p1a: Jone|0 fnt
|faint|p1a: Jone
|
|-weather|SunnyDay|[upkeep]
|upkeep
|
|t:|1785093245
|switch|p2b: Incineroar|Incineroar, L50, F|100/100
|switch|p1a: Jonn|Charizard, L50, M|100/100
|-ability|p2b: Incineroar|Intimidate|boost
|-unboost|p1a: Jonn|atk|1
|-unboost|p1b: Jon|atk|1
|turn|5
|
|t:|1785093263
|move|p1b: Jon|Protect|p1b: Jon
|-singleturn|p1b: Jon|Protect
|move|p1a: Jonn|Protect|p1a: Jonn
|-singleturn|p1a: Jonn|Protect
|move|p2b: Incineroar|Fake Out|p1b: Jon
|-activate|p1b: Jon|move: Protect
|move|p2a: Torkoal|Ancient Power|p1a: Jonn
|-activate|p1a: Jonn|move: Protect
|
|-weather|SunnyDay|[upkeep]
|upkeep
|turn|6
|
|t:|1785093276
|move|p2a: Torkoal|Protect|p2a: Torkoal
|-singleturn|p2a: Torkoal|Protect
|move|p1b: Jon|Dazzling Gleam|p2b: Incineroar|[spread] p2b
|-activate|p2a: Torkoal|move: Protect
|-damage|p2b: Incineroar|51/100
|move|p1a: Jonn|Heat Wave|p2b: Incineroar|[spread] p2b
|-activate|p2a: Torkoal|move: Protect
|-resisted|p2b: Incineroar|1
|-damage|p2b: Incineroar|29/100
|move|p2b: Incineroar|Flare Blitz|p1b: Jon
|-damage|p1b: Jon|0 fnt
|faint|p1b: Jon
|-damage|p2b: Incineroar|29/100|[from] Recoil
|
|-weather|none
|-sideend|p1: void25o|move: Tailwind
|upkeep
|turn|7
|
|t:|1785093296
|move|p1a: Jonn|Heat Wave|p2a: Torkoal|[spread] p2a,p2b
|-resisted|p2a: Torkoal|1
|-resisted|p2b: Incineroar|1
|-damage|p2a: Torkoal|27/100
|-damage|p2b: Incineroar|15/100
|move|p2b: Incineroar|Throat Chop|p1a: Jonn
|-damage|p1a: Jonn|54/100
|-start|p1a: Jonn|Throat Chop|[silent]
|move|p2a: Torkoal|Ancient Power|p1a: Jonn
|-supereffective|p1a: Jonn|2
|-damage|p1a: Jonn|0 fnt
|faint|p1a: Jonn
|
|win|iannaVi
||iannaVi is ready for game 2.
||void25o is ready for game 2.
|uhtml|next|Next: Game 2 of 3
