|j|☆xx_junior_rx7_xx
|j|☆IndianCrackCoffee
|html|xx_junior_rx7_xxIndianCrackCoffee    
|uhtml|bestof|Game 3 of a best-of-3
|t:|1756526554
|gametype|doubles
|player|p1|xx_junior_rx7_xx|2|1018
|player|p2|IndianCrackCoffee|brendan-masters|1085
|gen|9
|tier|[Gen 9] VGC 2025 Reg H (Bo3)
|rated|
|rule|Species Clause: Limit one of each Pokémon
|rule|Item Clause: Limit 1 of each item
|clearpoke
|poke|p1|Tyranitar, L50, F|
|poke|p1|Excadrill, L50, F|
|poke|p1|Magmar, L50, F|
|poke|p1|Sneasler, L50, F|
|poke|p1|Corviknight, L50, F|
|poke|p1|Indeedee, L50, M|
|poke|p2|Dragonite, L50, M|
|poke|p2|Ursaluna-Bloodmoon, L50, M|
|poke|p2|Archaludon, L50, M|
|poke|p2|Whimsicott, L50, F|
|poke|p2|Gholdengo, L50|
|poke|p2|Incineroar, L50, F|
|teampreview|4
|showteam|p1|Tyranitar||AssaultVest|SandStream|RockSlide,KnockOff,LowKick,TeraBlast|||F|||50|,,,,,Flying]Excadrill||FocusSash|SandRush|EarthPower,IronHead,SwordsDance,Protect|||F|||50|,,,,,Ground]Magmar||Eviolite|VitalSpirit|Protect,HelpingHand,FollowMe,HeatWave|||F|||50|,,,,,Ghost]Sneasler||WhiteHerb|Unburden|FakeOut,CloseCombat,DireClaw,Coaching|||F|||50|,,,,,Flying]Corviknight||PsychicSeed|MirrorArmor|BraveBird,PowerTrip,BulkUp,Roost|||F|||50|,,,,,Water]Indeedee||ChoiceScarf|PsychicSurge|ExpandingForce,TeraBlast,Trick,Protect|||M|||50|,,,,,Psychic
|showteam|p2|Dragonite||LoadedDice|Multiscale|ScaleShot,ExtremeSpeed,IceSpinner,Protect|||M|||50|,,,,,Fairy]Ursaluna-Bloodmoon||AssaultVest|MindsEye|BloodMoon,HyperVoice,EarthPower,VacuumWave|||M|||50|,,,,,Water]Archaludon||PowerHerb|Sturdy|ElectroShot,FlashCannon,DracoMeteor,Protect|||M|||50|,,,,,Stellar]Whimsicott||CovertCloak|Prankster|FakeTears,Tailwind,Encore,Moonblast|||F|||50|,,,,,Poison]Gholdengo||ChoiceSpecs|GoodasGold|MakeItRain,ShadowBall,PowerGem,SteelBeam||||||50|,,,,,Steel]Incineroar||MirrorHerb|Intimidate|FakeOut,PartingShot,KnockOff,FlareBlitz|||F|||50|,,,,,Ghost
|
|t:|1756526613
|teamsize|p1|4
|teamsize|p2|4
|start
|switch|p1a: Sneasler|Sneasler, L50, F|100/100
|switch|p1b: Tyranitar|Tyranitar, L50, F|100/100
|switch|p2a: Whimsicott|Whimsicott, L50, F|100/100
|switch|p2b: Archaludon|Archaludon, L50, M|100/100
|-weather|Sandstorm|[from] ability: Sand Stream|[of] p1b: Tyranitar
|turn|1
|
|t:|1756526652
|move|p1a: Sneasler|Fake Out|p2b: Archaludon
|-resisted|p2b: Archaludon
|-damage|p2b: Archaludon|94/100
|move|p2a: Whimsicott|Tailwind|p2a: Whimsicott
|-sidestart|p2: IndianCrackCoffee|move: Tailwind
|cant|p2b: Archaludon|flinch
|move|p1b: Tyranitar|Knock Off|p2b: Archaludon
|-crit|p2b: Archaludon
|-damage|p2b: Archaludon|16/100
|-enditem|p2b: Archaludon|Power Herb|[from] move: Knock Off|[of] p1b: Tyranitar
|
|-weather|Sandstorm|[upkeep]
|-damage|p2a: Whimsicott|95/100|[from] Sandstorm
|-damage|p1a: Sneasler|95/100|[from] Sandstorm
|upkeep
|turn|2
|
|t:|1756526676
|move|p2a: Whimsicott|Encore|p1a: Sneasler
|-start|p1a: Sneasler|Encore
|move|p2b: Archaludon|Draco Meteor|p1a: Sneasler
|-damage|p1a: Sneasler|0 fnt
|-unboost|p2b: Archaludon|spa|2
|faint|p1a: Sneasler
|move|p1b: Tyranitar|Rock Slide|p2b: Archaludon|[spread] p2a,p2b
|-resisted|p2b: Archaludon
|-damage|p2a: Whimsicott|51/100
|-damage|p2b: Archaludon|3/100
|
|-weather|Sandstorm|[upkeep]
|-damage|p2a: Whimsicott|46/100|[from] Sandstorm
|upkeep
|
|t:|1756526689
|switch|p1a: Corviknight|Corviknight, L50, F|100/100
|turn|3
|
|t:|1756526720
|switch|p2a: Gholdengo|Gholdengo, L50|100/100
|move|p2b: Archaludon|Flash Cannon|p1b: Tyranitar
|-supereffective|p1b: Tyranitar
|-damage|p1b: Tyranitar|83/100
|move|p1a: Corviknight|Bulk Up|p1a: Corviknight
|-boost|p1a: Corviknight|atk|1
|-boost|p1a: Corviknight|def|1
|move|p1b: Tyranitar|Rock Slide|p2b: Archaludon|[spread] p2a,p2b
|-resisted|p2a: Gholdengo
|-resisted|p2b: Archaludon
|-damage|p2a: Gholdengo|83/100
|-damage|p2b: Archaludon|0 fnt
|faint|p2b: Archaludon
|
|-weather|Sandstorm|[upkeep]
|upkeep
|
|t:|1756526733
|switch|p2b: Whimsicott|Whimsicott, L50, F|46/100
|turn|4
|
|t:|1756526744
|-terastallize|p2a: Gholdengo|Steel
|move|p2b: Whimsicott|Encore|p1a: Corviknight
|-start|p1a: Corviknight|Encore
|move|p2a: Gholdengo|Make It Rain|p1b: Tyranitar|[spread] p1a,p1b
|-resisted|p1a: Corviknight
|-supereffective|p1b: Tyranitar
|-damage|p1a: Corviknight|53/100
|-damage|p1b: Tyranitar|0 fnt
|-unboost|p2a: Gholdengo|spa|1
|faint|p1b: Tyranitar
|move|p1a: Corviknight|Bulk Up|p1a: Corviknight
|-boost|p1a: Corviknight|atk|1
|-boost|p1a: Corviknight|def|1
|
|-weather|Sandstorm|[upkeep]
|-damage|p2b: Whimsicott|40/100|[from] Sandstorm
|-sideend|p2: IndianCrackCoffee|move: Tailwind
|upkeep
|
|t:|1756526758
|switch|p1b: Magmar|Magmar, L50, F|100/100
|turn|5
|
|t:|1756526803
|switch|p2a: Dragonite|Dragonite, L50, M|100/100
|move|p2b: Whimsicott|Fake Tears|p1b: Magmar
|-unboost|p1b: Magmar|spd|2
|move|p1b: Magmar|Heat Wave|p2a: Dragonite|[spread] p2a,p2b
|-resisted|p2a: Dragonite
|-supereffective|p2b: Whimsicott
|-damage|p2a: Dragonite|93/100
|-damage|p2b: Whimsicott|0 fnt
|faint|p2b: Whimsicott
|move|p1a: Corviknight|Bulk Up|p1a: Corviknight
|-boost|p1a: Corviknight|atk|1
|-boost|p1a: Corviknight|def|1
|
|-weather|none
|upkeep
|
|t:|1756526814
|switch|p2b: Gholdengo|Gholdengo, L50, tera:Steel|83/100
|turn|6
|
|t:|1756526849
|move|p2b: Gholdengo|Make It Rain|p1b: Magmar|[spread] p1a,p1b
|-resisted|p1a: Corviknight
|-resisted|p1b: Magmar
|-damage|p1a: Corviknight|0 fnt
|-damage|p1b: Magmar|25/100
|-unboost|p2b: Gholdengo|spa|1
|faint|p1a: Corviknight
|move|p2a: Dragonite|Scale Shot|p1b: Magmar
|-damage|p1b: Magmar|14/100
|-damage|p1b: Magmar|2/100
|-damage|p1b: Magmar|0 fnt
|faint|p1b: Magmar
|-hitcount|p1: Magmar|3
|
|win|IndianCrackCoffee
|raw|xx_junior_rx7_xx's rating: 1018 → 1008(-10 for losing)
|raw|IndianCrackCoffee's rating: 1085 → 1107(+22 for winning)
