|j|☆sbhaga34
|j|☆Blitzball Ace
|html|sbhaga34Blitzball Ace    
|uhtml|bestof|Game 3 of a best-of-3
|t:|1755742046
|gametype|doubles
|player|p1|sbhaga34|hugh|1344
|player|p2|Blitzball Ace|kamado-armor|1325
|gen|9
|tier|[Gen 9] VGC 2025 Reg H (Bo3)
|rated|
|rule|Species Clause: Limit one of each Pokémon
|rule|Item Clause: Limit 1 of each item
|clearpoke
|poke|p1|Indeedee-F, L50, F|
|poke|p1|Talonflame, L50, F|
|poke|p1|Tyranitar, L50, M|
|poke|p1|Excadrill, L50, F|
|poke|p1|Gardevoir, L50, M|
|poke|p1|Ursaluna-Bloodmoon, L50, M|
|poke|p2|Garchomp, L50, M|
|poke|p2|Incineroar, L50, M|
|poke|p2|Gholdengo, L50|
|poke|p2|Porygon2, L50|
|poke|p2|Primarina, L50, F|
|poke|p2|Vivillon-Polar, L50, F|
|teampreview|4
|showteam|p1|Indeedee-F||SafetyGoggles|PsychicSurge|FollowMe,TrickRoom,Imprison,Psychic|||F|||50|,,,,,Water]Talonflame||CovertCloak|GaleWings|Tailwind,Taunt,BraveBird,Uturn|||F|||50|,,,,,Flying]Tyranitar||WeaknessPolicy|SandStream|RockSlide,KnockOff,LowKick,Protect|||M|||50|,,,,,Flying]Excadrill||FocusSash|SandRush|Earthquake,IronHead,SwordsDance,Protect|||F|||50|,,,,,Ground]Gardevoir||ChoiceScarf|Telepathy|ExpandingForce,DazzlingGleam,Moonblast,IcyWind|||M|||50|,,,,,Psychic]Ursaluna-Bloodmoon||LifeOrb|MindsEye|BloodMoon,HyperVoice,EarthPower,Protect|||M|||50|,,,,,Normal
|showteam|p2|Garchomp||LifeOrb|RoughSkin|Earthquake,DragonClaw,StompingTantrum,Protect|||M|||50|,,,,,Steel]Incineroar||SafetyGoggles|Intimidate|FakeOut,FlareBlitz,KnockOff,PartingShot|||M|||50|,,,,,Ghost]Gholdengo||MetalCoat|GoodasGold|MakeItRain,ShadowBall,NastyPlot,Protect||||||50|,,,,,Dragon]Porygon2||Eviolite|Download|TeraBlast,IceBeam,TrickRoom,Recover||||||50|,,,,,Fighting]Primarina||SitrusBerry|LiquidVoice|HyperVoice,Moonblast,Haze,Protect|||F|||50|,,,,,Poison]Vivillon-Polar||FocusSash|CompoundEyes|Hurricane,SleepPowder,Protect,RagePowder|||F|||50|,,,,,Ghost
|inactive|Battle timer is ON: inactive players will automatically lose when time's up. (requested by Blitzball Ace)
|
|t:|1755742090
|teamsize|p1|4
|teamsize|p2|4
|start
|switch|p1a: Talonflame|Talonflame, L50, F|100/100
|switch|p1b: Tyranitar|Tyranitar, L50, M|100/100
|switch|p2a: Adolin|Gholdengo, L50|100/100
|switch|p2b: Taravangian|Porygon2, L50|100/100
|-weather|Sandstorm|[from] ability: Sand Stream|[of] p1b: Tyranitar
|-ability|p2b: Taravangian|Download|boost
|-boost|p2b: Taravangian|spa|1
|turn|1
|inactive|sbhaga34 has 30 seconds left.
|inactive|Blitzball Ace has 30 seconds left.
|
|t:|1755742125
|switch|p2b: Dalinar|Incineroar, L50, M, shiny|100/100
|-ability|p2b: Dalinar|Intimidate|boost
|-unboost|p1a: Talonflame|atk|1
|-unboost|p1b: Tyranitar|atk|1
|move|p1a: Talonflame|Taunt|p2b: Dalinar
|-start|p2b: Dalinar|move: Taunt
|move|p2a: Adolin|Shadow Ball|p1a: Talonflame
|-damage|p1a: Talonflame|44/100
|move|p1b: Tyranitar|Knock Off|p2b: Dalinar
|-resisted|p2b: Dalinar
|-crit|p2b: Dalinar
|-damage|p2b: Dalinar|66/100
|-enditem|p2b: Dalinar|Safety Goggles|[from] move: Knock Off|[of] p1b: Tyranitar
|
|-weather|Sandstorm|[upkeep]
|-damage|p1a: Talonflame|38/100|[from] Sandstorm
|-damage|p2b: Dalinar|60/100|[from] Sandstorm
|upkeep
|turn|2
|inactive|Blitzball Ace has 30 seconds left.
|
|t:|1755742151
|switch|p2b: Taravangian|Porygon2, L50|100/100
|-ability|p2b: Taravangian|Download|boost
|-boost|p2b: Taravangian|spa|1
|move|p1a: Talonflame|Tailwind|p1a: Talonflame
|-sidestart|p1: sbhaga34|move: Tailwind
|move|p1b: Tyranitar|Rock Slide|p2a: Adolin|[spread] p2a,p2b
|-resisted|p2a: Adolin
|-crit|p2a: Adolin
|-damage|p2a: Adolin|78/100
|-damage|p2b: Taravangian|88/100
|move|p2a: Adolin|Shadow Ball|p1a: Talonflame
|-damage|p1a: Talonflame|0 fnt
|faint|p1a: Talonflame
|
|-weather|Sandstorm|[upkeep]
|-damage|p2b: Taravangian|82/100|[from] Sandstorm
|upkeep
|
|t:|1755742165
|switch|p1a: Indeedee|Indeedee-F, L50, F|100/100
|-fieldstart|move: Psychic Terrain|[from] ability: Psychic Surge|[of] p1a: Indeedee
|turn|3
|
|t:|1755742178
|-terastallize|p2b: Taravangian|Fighting
|move|p1a: Indeedee|Imprison|p1a: Indeedee
|-start|p1a: Indeedee|move: Imprison
|move|p1b: Tyranitar|Knock Off|p2b: Taravangian
|-resisted|p2b: Taravangian
|-damage|p2b: Taravangian|71/100
|-enditem|p2b: Taravangian|Eviolite|[from] move: Knock Off|[of] p1b: Tyranitar
|move|p2a: Adolin|Make It Rain|p1a: Indeedee|[spread] p1a,p1b
|-supereffective|p1b: Tyranitar
|-damage|p1a: Indeedee|57/100
|-damage|p1b: Tyranitar|27/100
|-unboost|p2a: Adolin|spa|1
|-enditem|p1b: Tyranitar|Weakness Policy
|-boost|p1b: Tyranitar|atk|2|[from] item: Weakness Policy
|-boost|p1b: Tyranitar|spa|2|[from] item: Weakness Policy
|move|p2b: Taravangian|Tera Blast|p1b: Tyranitar|[anim] Tera Blast Fighting
|-supereffective|p1b: Tyranitar
|-damage|p1b: Tyranitar|0 fnt
|faint|p1b: Tyranitar
|
|-weather|Sandstorm|[upkeep]
|-damage|p2b: Taravangian|65/100|[from] Sandstorm
|upkeep
|
|t:|1755742197
|switch|p1b: Excadrill|Excadrill, L50, F, shiny|100/100
|turn|4
|
|t:|1755742220
|switch|p2b: Dalinar|Incineroar, L50, M, shiny|60/100
|-ability|p2b: Dalinar|Intimidate|boost
|-unboost|p1a: Indeedee|atk|1
|-unboost|p1b: Excadrill|atk|1
|move|p1b: Excadrill|Swords Dance|p1b: Excadrill
|-boost|p1b: Excadrill|atk|2
|move|p1a: Indeedee|Psychic|p2b: Dalinar
|-immune|p2b: Dalinar
|move|p2a: Adolin|Make It Rain|p1b: Excadrill|[spread] p1a,p1b
|-resisted|p1b: Excadrill
|-damage|p1a: Indeedee|29/100
|-damage|p1b: Excadrill|77/100
|-unboost|p2a: Adolin|spa|1
|
|-weather|Sandstorm|[upkeep]
|-damage|p2b: Dalinar|54/100|[from] Sandstorm
|upkeep
|turn|5
|inactive|sbhaga34 has 30 seconds left.
|inactive|Blitzball Ace has 30 seconds left.
|inactive|sbhaga34 has 20 seconds left.
|inactive|sbhaga34 has 15 seconds left.
|
|t:|1755742265
|switch|p2b: Shallan|Primarina, L50, F|100/100
|move|p1a: Indeedee|Follow Me|p1a: Indeedee
|-singleturn|p1a: Indeedee|move: Follow Me
|move|p1b: Excadrill|Iron Head|p2b: Shallan
|-damage|p2b: Shallan|23/100
|-enditem|p2b: Shallan|Sitrus Berry|[eat]
|-heal|p2b: Shallan|48/100|[from] item: Sitrus Berry
|move|p2a: Adolin|Nasty Plot|p2a: Adolin
|-boost|p2a: Adolin|spa|2
|
|-weather|none
|-sideend|p1: sbhaga34|move: Tailwind
|upkeep
|turn|6
|inactive|Blitzball Ace has 30 seconds left.
|inactive|Blitzball Ace has 20 seconds left.
|inactive|Blitzball Ace has 15 seconds left.
|inactive|Blitzball Ace has 10 seconds left.
|
|t:|1755742314
|-terastallize|p1b: Excadrill|Ground
|move|p2b: Shallan|Protect|p2b: Shallan
|-singleturn|p2b: Shallan|Protect
|move|p2a: Adolin|Make It Rain|p1b: Excadrill|[spread] p1a,p1b
|-damage|p1a: Indeedee|0 fnt
|-damage|p1b: Excadrill|3/100
|-unboost|p2a: Adolin|spa|1
|faint|p1a: Indeedee
|move|p1b: Excadrill|Earthquake|p2b: Shallan|[spread] p2a
|-activate|p2b: Shallan|move: Protect
|-supereffective|p2a: Adolin
|-damage|p2a: Adolin|0 fnt
|faint|p2a: Adolin
|
|upkeep
|
|t:|1755742334
|switch|p2a: Dalinar|Incineroar, L50, M, shiny|54/100
|-ability|p2a: Dalinar|Intimidate|boost
|-unboost|p1b: Excadrill|atk|1
|turn|7
|inactive|Blitzball Ace has 30 seconds left.
|
|t:|1755742363
|switch|p2a: Taravangian|Porygon2, L50, tera:Fighting|65/100
|-ability|p2a: Taravangian|Download|boost
|-boost|p2a: Taravangian|atk|1
|move|p1b: Excadrill|Earthquake|p2a: Taravangian|[spread] p2a,p2b
|-damage|p2a: Taravangian|15/100
|-damage|p2b: Shallan|0 fnt
|faint|p2b: Shallan
|
|-fieldend|move: Psychic Terrain
|upkeep
|
|t:|1755742370
|switch|p2b: Dalinar|Incineroar, L50, M, shiny|54/100
|-ability|p2b: Dalinar|Intimidate|boost
|-unboost|p1b: Excadrill|atk|1
|turn|8
|c|☆sbhaga34|ggwp
|
|t:|1755742380
|move|p2b: Dalinar|Fake Out|p1b: Excadrill
|-damage|p1b: Excadrill|0 fnt
|faint|p1b: Excadrill
|
|win|Blitzball Ace
|raw|sbhaga34's rating: 1344 → 1323(-21 for losing)
|raw|Blitzball Ace's rating: 1325 → 1346(+21 for winning)
