|j|☆axcoquette
|j|☆lettitripppp
|html|axcoquettelettitripppp    
|uhtml|bestof|Game 2 of a best-of-3
|t:|1783889810
|gametype|doubles
|player|p1|axcoquette|maid|1170
|player|p2|lettitripppp|lucas|1261
|gen|9
|tier|[Gen 9 Champions] VGC 2026 Reg M-B (Bo3)
|rated|
|rule|Species Clause: Limit one of each Pokémon
|rule|Item Clause: Limit 1 of each item
|clearpoke
|poke|p1|Delphox, L50, F|
|poke|p1|Sneasler, L50, F|
|poke|p1|Sinistcha, L50|
|poke|p1|Incineroar, L50, M|
|poke|p1|Kingambit, L50, M|
|poke|p1|Floette-Eternal, L50, F|
|poke|p2|Charizard, L50, F|
|poke|p2|Floette-Eternal, L50, F|
|poke|p2|Basculegion, L50, M|
|poke|p2|Whimsicott, L50, M, shiny|
|poke|p2|Garchomp, L50, M, shiny|
|poke|p2|Kingambit, L50, F, shiny|
|teampreview|4
|showteam|p1|Delphox||Delphoxite|Blaze|Protect,NastyPlot,HeatWave,Psychic|Timid||F|||50|]Sneasler||FocusSash|PoisonTouch|FakeOut,PoisonJab,CloseCombat,Protect|Jolly||F|||50|]Sinistcha||KasibBerry|Hospitality|Protect,RagePowder,MatchaGotcha,LifeDew|Bold|||||50|]Incineroar||SitrusBerry|Intimidate|FakeOut,FlareBlitz,HelpingHand,PartingShot|Careful||M|||50|]Kingambit||BlackGlasses|Defiant|KowtowCleave,SwordsDance,SuckerPunch,Protect|Adamant||M|||50|]Floette-Eternal||Floettite|FlowerVeil|Moonblast,DazzlingGleam,CalmMind,Protect|Modest||F|||50|
|showteam|p2|Charizard||CharizarditeY|Blaze|WeatherBall,SolarBeam,HeatWave,Protect|Modest||F|||50|]Floette-Eternal||Floettite|FlowerVeil|DazzlingGleam,LightofRuin,Moonblast,Protect|Modest||F|||50|]Basculegion||MysticWater|Adaptability|LastRespects,WaveCrash,AquaJet,Protect|Adamant||M|||50|]Whimsicott||FocusSash|Prankster|Moonblast,Tailwind,Encore,Protect|Timid||M|||50|]Garchomp||LifeOrb|RoughSkin|DragonClaw,Earthquake,RockSlide,Protect|Jolly||M|||50|]Kingambit||ChopleBerry|Defiant|KowtowCleave,SuckerPunch,IronHead,LowKick|Adamant||F|||50|
|inactive|Battle timer is ON: inactive players will automatically lose when time's up. (requested by axcoquette)
|inactive|lettitripppp also wants the timer to be on.
|
|t:|1783889827
|teamsize|p1|4
|teamsize|p2|4
|start
|switch|p1a: Delphox|Delphox, L50, F|100/100
|switch|p1b: Sneasler|Sneasler, L50, F|100/100
|switch|p2a: GENERAL BLADUS|Kingambit, L50, F, shiny|100/100
|switch|p2b: LETS GO GO|Whimsicott, L50, M, shiny|100/100
|turn|1
|
|t:|1783889837
|switch|p2a: CRUSH SHARK|Garchomp, L50, M, shiny|100/100
|detailschange|p1a: Delphox|Delphox-Mega, L50, F
|-mega|p1a: Delphox|Delphox|Delphoxite
|move|p2b: LETS GO GO|Protect|p2b: LETS GO GO
|-singleturn|p2b: LETS GO GO|Protect
|move|p1a: Delphox|Nasty Plot|p1a: Delphox
|-boost|p1a: Delphox|spa|2
|move|p1b: Sneasler|Close Combat|p2a: CRUSH SHARK
|-damage|p2a: CRUSH SHARK|41/100
|-unboost|p1b: Sneasler|def|1
|-unboost|p1b: Sneasler|spd|1
|-damage|p1b: Sneasler|87/100|[from] ability: Rough Skin|[of] p2a: CRUSH SHARK
|
|upkeep
|turn|2
|inactive|axcoquette has 30 seconds left.
|
|t:|1783889864
|move|p2b: LETS GO GO|Tailwind|p2b: LETS GO GO
|-sidestart|p2: lettitripppp|move: Tailwind
|move|p2a: CRUSH SHARK|Rock Slide|p1a: Delphox|[spread] p1a
|-miss|p2a: CRUSH SHARK|p1b: Sneasler
|-supereffective|p1a: Delphox|1
|-damage|p1a: Delphox|35/100
|-damage|p2a: CRUSH SHARK|31/100|[from] item: Life Orb
|move|p1a: Delphox|Heat Wave|p2a: CRUSH SHARK|[spread] 
|-miss|p1a: Delphox|p2a: CRUSH SHARK
|-miss|p1a: Delphox|p2b: LETS GO GO
|move|p1b: Sneasler|Close Combat|p2a: CRUSH SHARK
|-damage|p2a: CRUSH SHARK|0 fnt
|-unboost|p1b: Sneasler|def|1
|-unboost|p1b: Sneasler|spd|1
|-damage|p1b: Sneasler|75/100|[from] ability: Rough Skin|[of] p2a: CRUSH SHARK
|faint|p2a: CRUSH SHARK
|
|upkeep
|
|t:|1783889881
|switch|p2a: GHOSTWAVE|Basculegion, L50, M|100/100
|turn|3
|
|t:|1783889892
|move|p1a: Delphox|Protect|p1a: Delphox
|-singleturn|p1a: Delphox|Protect
|move|p1b: Sneasler|Protect|p1b: Sneasler
|-singleturn|p1b: Sneasler|Protect
|move|p2b: LETS GO GO|Moonblast|p1b: Sneasler
|-activate|p1b: Sneasler|move: Protect
|move|p2a: GHOSTWAVE|Wave Crash|p1a: Delphox
|-activate|p1a: Delphox|move: Protect
|
|upkeep
|turn|4
|
|t:|1783889904
|switch|p1a: Sinistcha|Sinistcha, L50|100/100
|-heal|p1b: Sneasler|100/100|[from] ability: Hospitality|[of] p1a: Sinistcha
|switch|p1b: Kingambit|Kingambit, L50, M|100/100
|move|p2b: LETS GO GO|Moonblast|p1b: Kingambit
|-damage|p1b: Kingambit|70/100
|move|p2a: GHOSTWAVE|Last Respects|p1a: Sinistcha
|-supereffective|p1a: Sinistcha|1
|-enditem|p1a: Sinistcha|Kasib Berry|[eat]
|-enditem|p1a: Sinistcha|Kasib Berry|[weaken]
|-damage|p1a: Sinistcha|53/100
|
|upkeep
|turn|5
|
|t:|1783889921
|move|p1a: Sinistcha|Rage Powder|p1a: Sinistcha
|-singleturn|p1a: Sinistcha|move: Rage Powder
|move|p2b: LETS GO GO|Moonblast|p1a: Sinistcha
|-damage|p1a: Sinistcha|26/100
|move|p2a: GHOSTWAVE|Last Respects|p1a: Sinistcha
|-supereffective|p1a: Sinistcha|1
|-damage|p1a: Sinistcha|0 fnt
|faint|p1a: Sinistcha
|move|p1b: Kingambit|Kowtow Cleave|p2a: GHOSTWAVE
|-supereffective|p2a: GHOSTWAVE|1
|-damage|p2a: GHOSTWAVE|0 fnt
|faint|p2a: GHOSTWAVE
|
|-sideend|p2: lettitripppp|move: Tailwind
|upkeep
|
|t:|1783889935
|switch|p2a: GENERAL BLADUS|Kingambit, L50, F, shiny|100/100
|switch|p1a: Sneasler|Sneasler, L50, F|100/100
|turn|6
|
|t:|1783889956
|move|p1b: Kingambit|Sucker Punch|p2a: GENERAL BLADUS
|-resisted|p2a: GENERAL BLADUS|1
|-damage|p2a: GENERAL BLADUS|80/100
|move|p1a: Sneasler|Close Combat|p2a: GENERAL BLADUS
|-supereffective|p2a: GENERAL BLADUS|2
|-enditem|p2a: GENERAL BLADUS|Chople Berry|[eat]
|-enditem|p2a: GENERAL BLADUS|Chople Berry|[weaken]
|-damage|p2a: GENERAL BLADUS|0 fnt
|-unboost|p1a: Sneasler|def|1
|-unboost|p1a: Sneasler|spd|1
|faint|p2a: GENERAL BLADUS
|move|p2b: LETS GO GO|Moonblast|p1a: Sneasler
|-damage|p1a: Sneasler|36/100
|
|upkeep
|turn|7
|inactive|lettitripppp has 30 seconds left.
|inactive|lettitripppp has 20 seconds left.
|
|t:|1783889992
|move|p1a: Sneasler|Poison Jab|p2b: LETS GO GO
|-supereffective|p2b: LETS GO GO|2
|-enditem|p2b: LETS GO GO|Focus Sash
|-damage|p2b: LETS GO GO|1/100
|-status|p2b: LETS GO GO|psn
|move|p2b: LETS GO GO|Moonblast|p1b: Kingambit
|-damage|p1b: Kingambit|41/100
|-unboost|p1b: Kingambit|spa|1
|-ability|p1b: Kingambit|Defiant|boost
|-boost|p1b: Kingambit|atk|2
|move|p1b: Kingambit|Kowtow Cleave|p2b: LETS GO GO
|-resisted|p2b: LETS GO GO|1
|-damage|p2b: LETS GO GO|0 fnt
|faint|p2b: LETS GO GO
|
|win|axcoquette
|inactive|axcoquette has 30 seconds to confirm battle start!
|inactive|lettitripppp has 30 seconds to confirm battle start!
||axcoquette is ready for game 3.
