|j|☆Bujero A subir
|j|☆thorn14
|html|Bujero A subirthorn14    
|uhtml|bestof|Game 3 of a best-of-3
|t:|1756549735
|gametype|doubles
|player|p1|Bujero A subir|acetrainercouple|1052
|player|p2|thorn14|hilda|1101
|gen|9
|tier|[Gen 9] VGC 2025 Reg H (Bo3)
|rated|
|rule|Species Clause: Limit one of each Pokémon
|rule|Item Clause: Limit 1 of each item
|clearpoke
|poke|p1|Rillaboom, L50, M|
|poke|p1|Kingambit, L50, M|
|poke|p1|Sneasler, L50, M|
|poke|p1|Electabuzz, L50, M|
|poke|p1|Dragonite, L50, M|
|poke|p1|Volcarona, L50, F|
|poke|p2|Archaludon, L50, F|
|poke|p2|Pelipper, L50, F|
|poke|p2|Blastoise, L50, M|
|poke|p2|Dragonite, L50, F|
|poke|p2|Sinistcha, L50|
|poke|p2|Ursaluna-Bloodmoon, L50, M|
|teampreview|4
|showteam|p1|Rillaboom||AssaultVest|GrassySurge|FakeOut,WoodHammer,HighHorsepower,GrassyGlide|||M|||50|,,,,,Fire]Kingambit||BlackGlasses|Defiant|KowtowCleave,SuckerPunch,SwordsDance,Protect|||M|||50|,,,,,Dark]Sneasler||GrassySeed|Unburden|CloseCombat,DireClaw,Protect,Coaching|||M|||50|,,,,,Stellar]Electabuzz||Eviolite|VitalSpirit|Electroweb,Taunt,FollowMe,Protect|||M|||50|,,,,,Dragon]Dragonite||LoadedDice|Multiscale|ScaleShot,Tailwind,Protect,Haze|||M|||50|,,,,,Fairy]Volcarona||CovertCloak|FlameBody|QuiverDance,TeraBlast,HeatWave,Protect|||F|||50|,,,,,Fairy
|showteam|p2|Archaludon||AssaultVest|Stamina|BodyPress,DragonPulse,ElectroShot,FlashCannon|||F|||50|,,,,,Grass]Pelipper||FocusSash|Drizzle|WideGuard,Tailwind,WeatherBall,Hurricane|||F|||50|,,,,,Ice]Blastoise||MysticWater|RainDish|WaterSpout,ShellSmash,HydroPump,FakeOut|||M|||50|,,,,,Water]Dragonite||ChoiceScarf|InnerFocus|IceSpinner,ScaleShot,ExtremeSpeed,Waterfall|||F|||50|,,,,,Normal]Sinistcha||CovertCloak|Hospitality|MatchaGotcha,ShadowBall,TrickRoom,RagePowder||||||50|,,,,,Water]Ursaluna-Bloodmoon||LifeOrb|MindsEye|BloodMoon,EarthPower,HyperVoice,Protect|||M|||50|,,,,,Normal
|inactive|Battle timer is ON: inactive players will automatically lose when time's up. (requested by thorn14)
|
|t:|1756549774
|teamsize|p1|4
|teamsize|p2|4
|start
|switch|p1a: Electabuzz|Electabuzz, L50, M, shiny|100/100
|switch|p1b: Kingambit|Kingambit, L50, M, shiny|100/100
|switch|p2a: Sinistcha|Sinistcha, L50|100/100
|switch|p2b: Ursaluna|Ursaluna-Bloodmoon, L50, M|100/100
|turn|1
|
|t:|1756549792
|move|p1b: Kingambit|Protect|p1b: Kingambit
|-singleturn|p1b: Kingambit|Protect
|move|p1a: Electabuzz|Taunt|p2a: Sinistcha
|-start|p2a: Sinistcha|move: Taunt
|move|p2a: Sinistcha|Shadow Ball|p1a: Electabuzz
|-damage|p1a: Electabuzz|71/100
|move|p2b: Ursaluna|Blood Moon|p1b: Kingambit
|-activate|p1b: Kingambit|move: Protect
|
|upkeep
|turn|2
|
|t:|1756549811
|move|p1a: Electabuzz|Follow Me|p1a: Electabuzz
|-singleturn|p1a: Electabuzz|move: Follow Me
|move|p2a: Sinistcha|Matcha Gotcha|p1b: Kingambit|[spread] p1a,p1b
|-resisted|p1b: Kingambit
|-damage|p1a: Electabuzz|52/100
|-damage|p1b: Kingambit|88/100
|-status|p1a: Electabuzz|brn
|move|p1b: Kingambit|Swords Dance|p1b: Kingambit
|-boost|p1b: Kingambit|atk|2
|move|p2b: Ursaluna|Hyper Voice|p1b: Kingambit|[spread] p1a,p1b
|-resisted|p1b: Kingambit
|-damage|p1a: Electabuzz|11/100 brn
|-damage|p1b: Kingambit|59/100
|-damage|p2b: Ursaluna|91/100|[from] item: Life Orb
|
|-damage|p1a: Electabuzz|5/100 brn|[from] brn
|upkeep
|turn|3
|inactive|Bujero A subir has 30 seconds left.
|inactive|thorn14 has 30 seconds left.
|
|t:|1756549845
|move|p1a: Electabuzz|Follow Me|p1a: Electabuzz
|-singleturn|p1a: Electabuzz|move: Follow Me
|move|p1b: Kingambit|Sucker Punch|p2a: Sinistcha
|-supereffective|p2a: Sinistcha
|-damage|p2a: Sinistcha|0 fnt
|faint|p2a: Sinistcha
|move|p2b: Ursaluna|Blood Moon|p1a: Electabuzz
|-damage|p1a: Electabuzz|0 fnt
|faint|p1a: Electabuzz
|-damage|p2b: Ursaluna|81/100|[from] item: Life Orb
|
|upkeep
|
|t:|1756549867
|switch|p1a: Rillaboom|Rillaboom, L50, M, shiny|100/100
|switch|p2a: Archaludon|Archaludon, L50, F|100/100
|-fieldstart|move: Grassy Terrain|[from] ability: Grassy Surge|[of] p1a: Rillaboom
|turn|4
|
|t:|1756549890
|switch|p2b: Pelipper|Pelipper, L50, F|100/100
|-weather|RainDance|[from] ability: Drizzle|[of] p2b: Pelipper
|-terastallize|p1b: Kingambit|Dark
|move|p1a: Rillaboom|Fake Out|p2b: Pelipper
|-damage|p2b: Pelipper|83/100
|move|p1b: Kingambit|Sucker Punch|p2a: Archaludon
|-damage|p2a: Archaludon|14/100
|-ability|p2a: Archaludon|Stamina|boost
|-boost|p2a: Archaludon|def|1
|move|p2a: Archaludon|Body Press|p1b: Kingambit
|-supereffective|p1b: Kingambit
|-damage|p1b: Kingambit|0 fnt
|faint|p1b: Kingambit
|
|-weather|RainDance|[upkeep]
|-heal|p2a: Archaludon|19/100|[from] Grassy Terrain
|upkeep
|
|t:|1756549900
|switch|p1b: Sneasler|Sneasler, L50, M, shiny|100/100
|-enditem|p1b: Sneasler|Grassy Seed
|-boost|p1b: Sneasler|def|1|[from] item: Grassy Seed
|turn|5
|inactive|thorn14 has 30 seconds left.
|
|t:|1756549931
|move|p1b: Sneasler|Close Combat|p2a: Archaludon
|-supereffective|p2a: Archaludon
|-damage|p2a: Archaludon|0 fnt
|-unboost|p1b: Sneasler|def|1
|-unboost|p1b: Sneasler|spd|1
|faint|p2a: Archaludon
|move|p2b: Pelipper|Tailwind|p2b: Pelipper
|-sidestart|p2: thorn14|move: Tailwind
|move|p1a: Rillaboom|Wood Hammer|p2b: Pelipper
|-damage|p2b: Pelipper|0 fnt
|faint|p2b: Pelipper
|-damage|p1a: Rillaboom|79/100|[from] Recoil
|
|-weather|RainDance|[upkeep]
|-heal|p1a: Rillaboom|85/100|[from] Grassy Terrain
|upkeep
|
|t:|1756549948
|switch|p2b: Ursaluna|Ursaluna-Bloodmoon, L50, M|81/100
|turn|6
|c|☆Bujero A subir|gg
|
|t:|1756549957
|-terastallize|p2b: Ursaluna|Normal
|move|p1a: Rillaboom|Grassy Glide|p2b: Ursaluna
|-damage|p2b: Ursaluna|52/100
|move|p1b: Sneasler|Close Combat|p2b: Ursaluna
|-supereffective|p2b: Ursaluna
|-damage|p2b: Ursaluna|0 fnt
|-unboost|p1b: Sneasler|def|1
|-unboost|p1b: Sneasler|spd|1
|faint|p2b: Ursaluna
|
|win|Bujero A subir
|raw|Bujero A subir's rating: 1052 → 1089(+37 for winning)
|raw|thorn14's rating: 1101 → 1072(-29 for losing)
