|j|☆ThetaB
|j|☆capspungo
|html|ThetaBcapspungo    
|uhtml|bestof|Game 2 of a best-of-3
|t:|1757189821
|gametype|doubles
|player|p1|ThetaB|palmer|1142
|player|p2|capspungo|266|1199
|gen|9
|tier|[Gen 9] VGC 2025 Reg H (Bo3)
|rated|
|rule|Species Clause: Limit one of each Pokémon
|rule|Item Clause: Limit 1 of each item
|clearpoke
|poke|p1|Excadrill, L50, M|
|poke|p1|Tyranitar, L50, F|
|poke|p1|Sneasler, L50, M|
|poke|p1|Indeedee, L50, M|
|poke|p1|Corviknight, L50, M|
|poke|p1|Annihilape, L50, M|
|poke|p2|Dragonite, L50, F|
|poke|p2|Ursaluna-Bloodmoon, L50, M|
|poke|p2|Annihilape, L50, F|
|poke|p2|Volcarona, L50, M|
|poke|p2|Rillaboom, L50, M|
|poke|p2|Incineroar, L50, M|
|teampreview|4
|showteam|p1|Excadrill||FocusSash|SandRush|IronHead,HighHorsepower,Earthquake,Protect|||M|||50|,,,,,Stellar]Tyranitar||AssaultVest|SandStream|RockSlide,KnockOff,TeraBlast,LowKick|||F|||50|,,,,,Flying]Sneasler||PsychicSeed|Unburden|DireClaw,CloseCombat,ThroatChop,Protect|||M|||50|,,,,,Dark]Indeedee||ChoiceScarf|PsychicSurge|ExpandingForce,TeraBlast,Protect,Trick|||M|||50|,,,,,Psychic]Corviknight||Leftovers|MirrorArmor|BraveBird,BulkUp,Roost,Tailwind|||M|||50|,,,,,Dragon]Annihilape||SafetyGoggles|Defiant|CloseCombat,FinalGambit,RageFist,Taunt|||M|||50|,,,,,Water
|showteam|p2|Dragonite||LoadedDice|Multiscale|Protect,ScaleShot,Tailwind,Haze|||F|||50|,,,,,Steel]Ursaluna-Bloodmoon||FocusSash|MindsEye|Protect,BloodMoon,EarthPower,HyperVoice|||M|||50|,,,,,Normal]Annihilape||LumBerry|Defiant|Coaching,RageFist,CloseCombat,Taunt|||F|||50|,,,,,Fire]Volcarona||CovertCloak|FlameBody|Protect,QuiverDance,HeatWave,TeraBlast|||M|||50|,,,,,Fairy]Rillaboom||AssaultVest|GrassySurge|FakeOut,WoodHammer,GrassyGlide,HighHorsepower|||M|||50|,,,,,Fire]Incineroar||SafetyGoggles|Intimidate|FakeOut,PartingShot,FlareBlitz,KnockOff|||M|||50|,,,,,Ghost
|inactive|Battle timer is ON: inactive players will automatically lose when time's up. (requested by capspungo)
|
|t:|1757189858
|teamsize|p1|4
|teamsize|p2|4
|start
|switch|p1a: Corviknight|Corviknight, L50, M|100/100
|switch|p1b: Annihilape|Annihilape, L50, M|100/100
|switch|p2a: Dragonite|Dragonite, L50, F|100/100
|switch|p2b: Ursaluna|Ursaluna-Bloodmoon, L50, M|100/100
|turn|1
|inactive|capspungo has 30 seconds left.
|
|t:|1757189893
|-terastallize|p2b: Ursaluna|Normal
|move|p1b: Annihilape|Taunt|p2a: Dragonite
|-start|p2a: Dragonite|move: Taunt
|move|p2a: Dragonite|Scale Shot|p1a: Corviknight
|-resisted|p1a: Corviknight
|-damage|p1a: Corviknight|95/100
|-resisted|p1a: Corviknight
|-damage|p1a: Corviknight|89/100
|-resisted|p1a: Corviknight
|-damage|p1a: Corviknight|83/100
|-resisted|p1a: Corviknight
|-damage|p1a: Corviknight|78/100
|-resisted|p1a: Corviknight
|-damage|p1a: Corviknight|72/100
|-hitcount|p1a: Corviknight|5
|-unboost|p2a: Dragonite|def|1
|-boost|p2a: Dragonite|spe|1
|move|p2b: Ursaluna|Blood Moon|p1a: Corviknight
|-resisted|p1a: Corviknight
|-damage|p1a: Corviknight|22/100
|move|p1a: Corviknight|Tailwind|p1a: Corviknight
|-sidestart|p1: ThetaB|move: Tailwind
|
|-heal|p1a: Corviknight|28/100|[from] item: Leftovers
|upkeep
|turn|2
|inactive|ThetaB has 30 seconds left.
|inactive|capspungo has 30 seconds left.
|
|t:|1757189923
|move|p1b: Annihilape|Final Gambit|p2a: Dragonite
|-damage|p2a: Dragonite|0 fnt
|faint|p1b: Annihilape
|faint|p2a: Dragonite
|move|p1a: Corviknight|Roost|p1a: Corviknight
|-heal|p1a: Corviknight|79/100
|-singleturn|p1a: Corviknight|move: Roost
|move|p2b: Ursaluna|Hyper Voice|p1a: Corviknight
|-resisted|p1a: Corviknight
|-damage|p1a: Corviknight|47/100
|
|-heal|p1a: Corviknight|53/100|[from] item: Leftovers
|upkeep
|
|t:|1757189936
|switch|p1b: Excadrill|Excadrill, L50, M, shiny|100/100
|switch|p2a: Rillaboom|Rillaboom, L50, M|100/100
|-fieldstart|move: Grassy Terrain|[from] ability: Grassy Surge|[of] p2a: Rillaboom
|turn|3
|inactive|capspungo has 30 seconds left.
|inactive|ThetaB has 30 seconds left.
|
|t:|1757189969
|move|p2a: Rillaboom|Fake Out|p1b: Excadrill
|-resisted|p1b: Excadrill
|-damage|p1b: Excadrill|91/100
|cant|p1b: Excadrill|flinch
|move|p1a: Corviknight|Brave Bird|p2a: Rillaboom
|-supereffective|p2a: Rillaboom
|-damage|p2a: Rillaboom|14/100
|-damage|p1a: Corviknight|24/100|[from] Recoil
|move|p2b: Ursaluna|Blood Moon|p1a: Corviknight
|-resisted|p1a: Corviknight
|-damage|p1a: Corviknight|0 fnt
|faint|p1a: Corviknight
|
|-heal|p1b: Excadrill|97/100|[from] Grassy Terrain
|-heal|p2a: Rillaboom|20/100|[from] Grassy Terrain
|upkeep
|
|t:|1757189974
|switch|p1a: Tyranitar|Tyranitar, L50, F, shiny|100/100
|-weather|Sandstorm|[from] ability: Sand Stream|[of] p1a: Tyranitar
|turn|4
|
|t:|1757189993
|switch|p2a: Incineroar|Incineroar, L50, M, shiny|100/100
|-ability|p2a: Incineroar|Intimidate|boost
|-unboost|p1a: Tyranitar|atk|1
|-unboost|p1b: Excadrill|atk|1
|-terastallize|p1a: Tyranitar|Flying
|move|p2b: Ursaluna|Protect|p2b: Ursaluna
|-singleturn|p2b: Ursaluna|Protect
|move|p1b: Excadrill|Earthquake|p2b: Ursaluna|[spread] p2a
|-activate|p2b: Ursaluna|move: Protect
|-immune|p1a: Tyranitar
|-supereffective|p2a: Incineroar
|-damage|p2a: Incineroar|75/100
|move|p1a: Tyranitar|Low Kick|p2b: Ursaluna
|-activate|p2b: Ursaluna|move: Protect
|
|-weather|Sandstorm|[upkeep]
|-damage|p1a: Tyranitar|95/100|[from] Sandstorm
|-damage|p2b: Ursaluna|95/100|[from] Sandstorm
|-heal|p1b: Excadrill|100/100|[from] Grassy Terrain
|-heal|p2b: Ursaluna|100/100|[from] Grassy Terrain
|-heal|p2a: Incineroar|81/100|[from] Grassy Terrain
|-sideend|p1: ThetaB|move: Tailwind
|upkeep
|turn|5
|inactive|capspungo has 30 seconds left.
|
|t:|1757190020
|move|p2a: Incineroar|Fake Out|p1a: Tyranitar
|-damage|p1a: Tyranitar|85/100
|move|p1b: Excadrill|Iron Head|p2b: Ursaluna
|-damage|p2b: Ursaluna|74/100
|move|p2b: Ursaluna|Hyper Voice|p1a: Tyranitar|[spread] p1a,p1b
|-resisted|p1b: Excadrill
|-damage|p1a: Tyranitar|54/100
|-damage|p1b: Excadrill|64/100
|cant|p1a: Tyranitar|flinch
|
|-weather|Sandstorm|[upkeep]
|-damage|p2b: Ursaluna|68/100|[from] Sandstorm
|-damage|p1a: Tyranitar|48/100|[from] Sandstorm
|-heal|p1b: Excadrill|70/100|[from] Grassy Terrain
|-heal|p2b: Ursaluna|74/100|[from] Grassy Terrain
|-heal|p2a: Incineroar|87/100|[from] Grassy Terrain
|upkeep
|turn|6
|
|t:|1757190043
|move|p1b: Excadrill|Earthquake|p2a: Incineroar|[spread] p2a,p2b
|-immune|p1a: Tyranitar
|-supereffective|p2a: Incineroar
|-damage|p2a: Incineroar|63/100
|-damage|p2b: Ursaluna|61/100
|move|p2b: Ursaluna|Blood Moon|p1a: Tyranitar
|-damage|p1a: Tyranitar|0 fnt
|faint|p1a: Tyranitar
|move|p2a: Incineroar|Parting Shot|p1b: Excadrill
|-unboost|p1b: Excadrill|atk|1
|-unboost|p1b: Excadrill|spa|1
|-message|ThetaB forfeited.
|
|win|capspungo
|raw|ThetaB's rating: 1142 → 1121(-21 for losing)
|raw|capspungo's rating: 1199 → 1220(+21 for winning)
|l|☆capspungo
|player|p2|
