|j|☆MrMrvz
|j|☆coo1kid
|html|MrMrvzcoo1kid    
|uhtml|bestof|Game 2 of a best-of-3
|t:|1784868707
|gametype|doubles
|player|p1|MrMrvz|ethan|1225
|player|p2|coo1kid|hilbert-wonderlauncher|1275
|gen|9
|tier|[Gen 9 Champions] VGC 2026 Reg M-B (Bo3)
|rated|
|rule|Species Clause: Limit one of each Pokémon
|rule|Item Clause: Limit 1 of each item
|clearpoke
|poke|p1|Feraligatr, L50, M, shiny|
|poke|p1|Sceptile, L50, M|
|poke|p1|Staraptor, L50, M|
|poke|p1|Vileplume, L50, M|
|poke|p1|Gholdengo, L50|
|poke|p1|Houndoom, L50, M|
|poke|p2|Charizard, L50, M|
|poke|p2|Toxapex, L50, M|
|poke|p2|Kingambit, L50, M|
|poke|p2|Basculegion, L50, M|
|poke|p2|Whimsicott, L50, F|
|poke|p2|Floette-Eternal, L50, F|
|teampreview|4
|showteam|p1|Feraligatr||LifeOrb|SheerForce|Liquidation,RockSlide,IcePunch,AquaJet|Adamant||M|||50|]Sceptile||WhiteHerb|Unburden|LeafStorm,RockTomb,Detect,EarthPower|Timid||M|||50|]Staraptor||Staraptite|Intimidate|BraveBird,CloseCombat,Protect,Roost|Jolly||M|||50|]Vileplume||BigRoot|EffectSpore|SludgeBomb,GigaDrain,StrengthSap,LeechSeed|Relaxed||M|||50|]Gholdengo||SitrusBerry|GoodasGold|MakeItRain,NastyPlot,ShadowBall,Protect|Modest|||||50|]Houndoom||FocusSash|FlashFire|SuckerPunch,Snarl,HeatWave,Protect|Hasty||M|||50|
|showteam|p2|Charizard||CharizarditeY|Blaze|HeatWave,SolarBeam,WeatherBall,Protect|Modest||M|||50|]Toxapex||Leftovers|Regenerator|Infestation,Toxic,BanefulBunker,WideGuard|Bold||M|||50|]Kingambit||FocusSash|Defiant|KowtowCleave,IronHead,SuckerPunch,LowKick|Adamant||M|||50|]Basculegion||ChoiceScarf|Adaptability|WaveCrash,FlipTurn,LastRespects,AquaJet|Jolly||M|||50|]Whimsicott||FairyFeather|Prankster|Moonblast,Tailwind,Encore,Protect|Timid||F|||50|]Floette-Eternal||Floettite|FlowerVeil|LightofRuin,Moonblast,DazzlingGleam,Protect|Timid||F|||50|
|inactive|Battle timer is ON: inactive players will automatically lose when time's up. (requested by coo1kid)
|
|t:|1784868714
|teamsize|p1|4
|teamsize|p2|4
|start
|switch|p1a: Feraligatr|Feraligatr, L50, M, shiny|100/100
|switch|p1b: Sceptile|Sceptile, L50, M|100/100
|switch|p2a: Whimsicott|Whimsicott, L50, F|100/100
|switch|p2b: Floette|Floette-Eternal, L50, F|100/100
|turn|1
|
|t:|1784868730
|detailschange|p2b: Floette|Floette-Mega, L50, F
|-mega|p2b: Floette|Floette|Floettite
|-ability|p2b: Floette|Fairy Aura
|move|p2a: Whimsicott|Tailwind|p2a: Whimsicott
|-sidestart|p2: coo1kid|move: Tailwind
|move|p2b: Floette|Dazzling Gleam|p1b: Sceptile|[spread] p1a,p1b
|-damage|p1a: Feraligatr|58/100
|-damage|p1b: Sceptile|44/100
|move|p1b: Sceptile|Rock Tomb|p2a: Whimsicott
|-damage|p2a: Whimsicott|83/100
|-unboost|p2a: Whimsicott|spe|1
|move|p1a: Feraligatr|Ice Punch|p2a: Whimsicott
|-supereffective|p2a: Whimsicott|1
|-damage|p2a: Whimsicott|0 fnt
|faint|p2a: Whimsicott
|
|upkeep
|
|t:|1784868743
|switch|p2a: Basculegion|Basculegion, L50, M|100/100
|turn|2
|c|☆coo1kid|yeah now u js lose
|
|t:|1784868759
|switch|p1b: Vileplume|Vileplume, L50, M|100/100
|move|p1a: Feraligatr|Aqua Jet|p2b: Floette
|-damage|p2b: Floette|70/100
|-damage|p1a: Feraligatr|48/100|[from] item: Life Orb
|move|p2a: Basculegion|Last Respects|p1a: Feraligatr
|-damage|p1a: Feraligatr|0 fnt
|faint|p1a: Feraligatr
|move|p2b: Floette|Moonblast|p1b: Vileplume
|-resisted|p1b: Vileplume|1
|-damage|p1b: Vileplume|62/100
|
|upkeep
|
|t:|1784868775
|switch|p1a: Staraptor|Staraptor, L50, M|100/100
|-ability|p1a: Staraptor|Intimidate|boost
|-unboost|p2a: Basculegion|atk|1
|-unboost|p2b: Floette|atk|1
|turn|3
|
|t:|1784868785
|detailschange|p1a: Staraptor|Staraptor-Mega, L50, M
|-mega|p1a: Staraptor|Staraptor|Staraptite
|move|p1a: Staraptor|Protect|p1a: Staraptor
|-singleturn|p1a: Staraptor|Protect
|move|p2a: Basculegion|Last Respects|p1b: Vileplume
|-damage|p1b: Vileplume|27/100
|move|p2b: Floette|Moonblast|p1a: Staraptor
|-activate|p1a: Staraptor|move: Protect
|move|p1b: Vileplume|Giga Drain|p2a: Basculegion
|-supereffective|p2a: Basculegion|1
|-damage|p2a: Basculegion|39/100
|-heal|p1b: Vileplume|70/100|[from] drain|[of] p2a: Basculegion
|
|upkeep
|turn|4
|inactive|MrMrvz has 30 seconds left.
|inactive|MrMrvz has 20 seconds left.
|inactive|MrMrvz has 15 seconds left.
|
|t:|1784868826
|switch|p1a: Sceptile|Sceptile, L50, M|44/100
|move|p2a: Basculegion|Last Respects|p1b: Vileplume
|-damage|p1b: Vileplume|35/100
|move|p2b: Floette|Moonblast|p1a: Sceptile
|-damage|p1a: Sceptile|0 fnt
|faint|p1a: Sceptile
|move|p1b: Vileplume|Sludge Bomb|p2b: Floette
|-supereffective|p2b: Floette|1
|-damage|p2b: Floette|7/100
|
|-sideend|p2: coo1kid|move: Tailwind
|upkeep
|
|t:|1784868837
|switch|p1a: Staraptor|Staraptor-Mega, L50, M|100/100
|turn|5
|
|t:|1784868850
|move|p2a: Basculegion|Last Respects|p1b: Vileplume
|-damage|p1b: Vileplume|0 fnt
|faint|p1b: Vileplume
|move|p1a: Staraptor|Close Combat|p2b: Floette
|-resisted|p2b: Floette|1
|-damage|p2b: Floette|0 fnt
|-boost|p1a: Staraptor|def|1
|-boost|p1a: Staraptor|spd|1
|faint|p2b: Floette
|
|upkeep
|
|t:|1784868854
|switch|p2b: Toxapex|Toxapex, L50, M|100/100
|turn|6
|
|t:|1784868862
|move|p2a: Basculegion|Last Respects|p1a: Staraptor
|-damage|p1a: Staraptor|56/100
|move|p1a: Staraptor|Brave Bird|p2a: Basculegion
|-damage|p2a: Basculegion|0 fnt
|faint|p2a: Basculegion
|-damage|p1a: Staraptor|42/100|[from] Recoil
|move|p2b: Toxapex|Toxic|p1a: Staraptor
|-status|p1a: Staraptor|tox
|
|-damage|p1a: Staraptor|36/100 tox|[from] psn
|upkeep
|turn|7
|
|t:|1784868873
|move|p2b: Toxapex|Baneful Bunker|p2b: Toxapex
|-singleturn|p2b: Toxapex|move: Protect
|move|p1a: Staraptor|Roost|p1a: Staraptor
|-heal|p1a: Staraptor|86/100 tox
|-singleturn|p1a: Staraptor|move: Roost
|
|-damage|p1a: Staraptor|75/100 tox|[from] psn
|upkeep
|turn|8
|
|t:|1784868884
|move|p1a: Staraptor|Brave Bird|p2b: Toxapex
|-damage|p2b: Toxapex|61/100
|-damage|p1a: Staraptor|64/100 tox|[from] Recoil
|move|p2b: Toxapex|Infestation|p1a: Staraptor
|-resisted|p1a: Staraptor|2
|-damage|p1a: Staraptor|63/100 tox
|-activate|p1a: Staraptor|move: Infestation|[of] p2b: Toxapex
|
|-heal|p2b: Toxapex|67/100|[from] item: Leftovers
|-damage|p1a: Staraptor|46/100 tox|[from] psn
|-damage|p1a: Staraptor|34/100 tox|[from] move: Infestation|[partiallytrapped]
|upkeep
|turn|9
|
|t:|1784868894
|move|p2b: Toxapex|Baneful Bunker|p2b: Toxapex
|-singleturn|p2b: Toxapex|move: Protect
|move|p1a: Staraptor|Roost|p1a: Staraptor
|-heal|p1a: Staraptor|84/100 tox
|-singleturn|p1a: Staraptor|move: Roost
|
|-heal|p2b: Toxapex|73/100|[from] item: Leftovers
|-damage|p1a: Staraptor|61/100 tox|[from] psn
|-damage|p1a: Staraptor|49/100 tox|[from] move: Infestation|[partiallytrapped]
|upkeep
|turn|10
|
|t:|1784868905
|move|p1a: Staraptor|Brave Bird|p2b: Toxapex
|-damage|p2b: Toxapex|35/100
|-damage|p1a: Staraptor|38/100 tox|[from] Recoil
|move|p2b: Toxapex|Infestation|p1a: Staraptor
|-resisted|p1a: Staraptor|2
|-damage|p1a: Staraptor|37/100 tox
|
|-heal|p2b: Toxapex|40/100|[from] item: Leftovers
|-damage|p1a: Staraptor|9/100 tox|[from] psn
|-damage|p1a: Staraptor|0 fnt|[from] move: Infestation|[partiallytrapped]
|faint|p1a: Staraptor
|
|win|coo1kid
|raw|MrMrvz's rating: 1225 → 1204(-21 for losing)
|raw|coo1kid's rating: 1275 → 1296(+21 for winning)
