|j|☆fifthtimesthecharm
|j|☆LeeCh1in0
|html|fifthtimesthecharmLeeCh1in0    
|uhtml|bestof|Game 1 of a best-of-3
|t:|1756664252
|gametype|doubles
|player|p1|fifthtimesthecharm|marshal|1024
|player|p2|LeeCh1in0|1|1000
|gen|9
|tier|[Gen 9] VGC 2025 Reg H (Bo3)
|rated|
|rule|Species Clause: Limit one of each Pokémon
|rule|Item Clause: Limit 1 of each item
|clearpoke
|poke|p1|Dragonite, L50, M|
|poke|p1|Rillaboom, L50, M|
|poke|p1|Sneasler, L50, F|
|poke|p1|Volcarona, L50, M|
|poke|p1|Electabuzz, L50, M|
|poke|p1|Kingambit, L50, M|
|poke|p2|Indeedee-F, L50, F|
|poke|p2|Torkoal, L50, M|
|poke|p2|Ursaluna, L50, M|
|poke|p2|Hatterene, L50, F|
|poke|p2|Gallade, L50, M|
|poke|p2|Incineroar, L50, F|
|teampreview|4
|showteam|p1|Dragonite||LoadedDice|Multiscale|ScaleShot,ExtremeSpeed,Haze,Protect|||M|||50|,,,,,Normal]Rillaboom||AssaultVest|GrassySurge|WoodHammer,GrassyGlide,FakeOut,Uturn|||M|||50|,,,,,Fire]Sneasler||FocusSash|Unburden|CloseCombat,Coaching,DireClaw,FakeOut|||F|||50|,,,,,Stellar]Volcarona||GrassySeed|FlameBody|Flamethrower,QuiverDance,GigaDrain,Protect|||M|||50|,,,,,Grass]Electabuzz||Eviolite|VitalSpirit|Thunderbolt,Taunt,FollowMe,Protect|||M|||50|,,,,,Ghost]Kingambit||SafetyGoggles|Defiant|KowtowCleave,SuckerPunch,SwordsDance,Protect|||M|||50|,,,,,Dark
|showteam|p2|Indeedee-F||PsychicSeed|PsychicSurge|Psychic,HelpingHand,FollowMe,TrickRoom|||F|||50|,,,,,Fairy]Torkoal||Charcoal|Drought|Eruption,WeatherBall,HeatWave,Protect|||M|||50|,,,,,Fire]Ursaluna||FlameOrb|Guts|Facade,HeadlongRush,Earthquake,Protect|||M|||50|,,,,,Ghost]Hatterene||LifeOrb|MagicBounce|ExpandingForce,DazzlingGleam,TrickRoom,MysticalFire|||F|||50|,,,,,Fire]Gallade||ScopeLens|Sharpness|WideGuard,SacredSword,PsychoCut,TrickRoom|||M|||50|,,,,,Grass]Incineroar||SafetyGoggles|Intimidate|KnockOff,PartingShot,FakeOut,FlareBlitz|||F|||50|,,,,,Ghost
|inactive|Battle timer is ON: inactive players will automatically lose when time's up. (requested by fifthtimesthecharm)
|inactive|fifthtimesthecharm has 60 seconds left.
|inactive|LeeCh1in0 has 60 seconds left.
|
|t:|1756664303
|teamsize|p1|4
|teamsize|p2|4
|start
|switch|p1a: Tokugawa|Kingambit, L50, M|100/100
|switch|p1b: Michael|Electabuzz, L50, M|100/100
|switch|p2a: Indeedee|Indeedee-F, L50, F|100/100
|switch|p2b: Hatterene|Hatterene, L50, F|100/100
|-fieldstart|move: Psychic Terrain|[from] ability: Psychic Surge|[of] p2a: Indeedee
|-enditem|p2a: Indeedee|Psychic Seed
|-boost|p2a: Indeedee|spd|1|[from] item: Psychic Seed
|turn|1
|inactive|LeeCh1in0 has 30 seconds left.
|inactive|LeeCh1in0 has 20 seconds left.
|
|t:|1756664340
|move|p2a: Indeedee|Follow Me|p2a: Indeedee
|-singleturn|p2a: Indeedee|move: Follow Me
|move|p1b: Michael|Taunt|p2a: Indeedee
|-start|p2a: Indeedee|move: Taunt
|move|p1a: Tokugawa|Swords Dance|p1a: Tokugawa
|-boost|p1a: Tokugawa|atk|2
|move|p2b: Hatterene|Trick Room|p2b: Hatterene
|-fieldstart|move: Trick Room|[of] p2b: Hatterene
|
|upkeep
|turn|2
|inactive|LeeCh1in0 has 30 seconds left.
|inactive|LeeCh1in0 has 20 seconds left.
|
|t:|1756664376
|switch|p2a: Torkoal|Torkoal, L50, M|100/100
|-weather|SunnyDay|[from] ability: Drought|[of] p2a: Torkoal
|switch|p1b: Harambe|Rillaboom, L50, M|100/100
|-fieldstart|move: Grassy Terrain|[from] ability: Grassy Surge|[of] p1b: Harambe
|-terastallize|p1a: Tokugawa|Dark
|move|p1a: Tokugawa|Sucker Punch|p2b: Hatterene
|-damage|p2b: Hatterene|0 fnt
|faint|p2b: Hatterene
|
|-weather|SunnyDay|[upkeep]
|upkeep
|
|t:|1756664389
|switch|p2b: Indeedee|Indeedee-F, L50, F|100/100
|-fieldstart|move: Psychic Terrain|[from] ability: Psychic Surge|[of] p2b: Indeedee
|turn|3
|
|t:|1756664414
|switch|p2b: Gallade|Gallade, L50, M|100/100
|switch|p1b: Douglass|Dragonite, L50, M|100/100
|-terastallize|p2a: Torkoal|Fire
|move|p1a: Tokugawa|Protect|p1a: Tokugawa
|-singleturn|p1a: Tokugawa|Protect
|move|p2a: Torkoal|Eruption|p1b: Douglass|[spread] p1b
|-activate|p1a: Tokugawa|move: Protect
|-resisted|p1b: Douglass
|-damage|p1b: Douglass|71/100
|
|-weather|SunnyDay|[upkeep]
|upkeep
|turn|4
|inactive|LeeCh1in0 has 30 seconds left.
|
|t:|1756664443
|switch|p1b: Harambe|Rillaboom, L50, M|100/100
|-fieldstart|move: Grassy Terrain|[from] ability: Grassy Surge|[of] p1b: Harambe
|move|p1a: Tokugawa|Sucker Punch|p2a: Torkoal
|-damage|p2a: Torkoal|12/100
|move|p2a: Torkoal|Eruption|p1b: Harambe|[spread] p1a,p1b
|-supereffective|p1b: Harambe
|-damage|p1a: Tokugawa|87/100
|-damage|p1b: Harambe|80/100
|move|p2b: Gallade|Psycho Cut|p1b: Harambe
|-damage|p1b: Harambe|14/100
|
|-weather|SunnyDay|[upkeep]
|-heal|p2a: Torkoal|19/100|[from] Grassy Terrain
|-heal|p1a: Tokugawa|93/100|[from] Grassy Terrain
|-heal|p1b: Harambe|20/100|[from] Grassy Terrain
|upkeep
|turn|5
|inactive|fifthtimesthecharm has 30 seconds left.
|inactive|LeeCh1in0 has 30 seconds left.
|
|t:|1756664474
|switch|p2a: Indeedee|Indeedee-F, L50, F|100/100
|-fieldstart|move: Psychic Terrain|[from] ability: Psychic Surge|[of] p2a: Indeedee
|switch|p1b: Douglass|Dragonite, L50, M|71/100
|move|p1a: Tokugawa|Protect|p1a: Tokugawa
|-singleturn|p1a: Tokugawa|Protect
|move|p2b: Gallade|Sacred Sword|p1a: Tokugawa
|-activate|p1a: Tokugawa|move: Protect
|
|-weather|SunnyDay|[upkeep]
|-fieldend|move: Trick Room
|upkeep
|turn|6
|
|t:|1756664490
|move|p2a: Indeedee|Follow Me|p2a: Indeedee
|-singleturn|p2a: Indeedee|move: Follow Me
|move|p1b: Douglass|Scale Shot|p2a: Indeedee
|-damage|p2a: Indeedee|86/100
|-damage|p2a: Indeedee|73/100
|-damage|p2a: Indeedee|59/100
|-damage|p2a: Indeedee|45/100
|-hitcount|p2a: Indeedee|4
|-unboost|p1b: Douglass|def|1
|-boost|p1b: Douglass|spe|1
|move|p2b: Gallade|Sacred Sword|p1a: Tokugawa
|-supereffective|p1a: Tokugawa
|-damage|p1a: Tokugawa|0 fnt
|faint|p1a: Tokugawa
|
|-weather|none
|upkeep
|
|t:|1756664494
|switch|p1a: Harambe|Rillaboom, L50, M|20/100
|-fieldstart|move: Grassy Terrain|[from] ability: Grassy Surge|[of] p1a: Harambe
|turn|7
|
|t:|1756664515
|move|p1a: Harambe|Fake Out|p2b: Gallade
|-damage|p2b: Gallade|79/100
|move|p2a: Indeedee|Follow Me|p2a: Indeedee
|-singleturn|p2a: Indeedee|move: Follow Me
|move|p1b: Douglass|Scale Shot|p2a: Indeedee
|-damage|p2a: Indeedee|31/100
|-damage|p2a: Indeedee|17/100
|-damage|p2a: Indeedee|4/100
|-damage|p2a: Indeedee|0 fnt
|faint|p2a: Indeedee
|-hitcount|p2: Indeedee|4
|-unboost|p1b: Douglass|def|1
|-boost|p1b: Douglass|spe|1
|cant|p2b: Gallade|flinch
|
|-heal|p1a: Harambe|26/100|[from] Grassy Terrain
|-heal|p2b: Gallade|84/100|[from] Grassy Terrain
|upkeep
|
|t:|1756664531
|switch|p2a: Torkoal|Torkoal, L50, M, tera:Fire|19/100
|-weather|SunnyDay|[from] ability: Drought|[of] p2a: Torkoal
|turn|8
|
|t:|1756664549
|move|p2a: Torkoal|Protect|p2a: Torkoal
|-singleturn|p2a: Torkoal|Protect
|move|p1b: Douglass|Extreme Speed|p2a: Torkoal
|-activate|p2a: Torkoal|move: Protect
|move|p1a: Harambe|Wood Hammer|p2b: Gallade
|-damage|p2b: Gallade|0 fnt
|faint|p2b: Gallade
|-damage|p1a: Harambe|0 fnt|[from] Recoil
|faint|p1a: Harambe
|
|-weather|SunnyDay|[upkeep]
|-heal|p2a: Torkoal|25/100|[from] Grassy Terrain
|upkeep
|
|t:|1756664557
|switch|p1a: Michael|Electabuzz, L50, M|100/100
|turn|9
|-message|LeeCh1in0 forfeited.
|
|win|fifthtimesthecharm
