|j|☆NicoHax
|j|☆lettitripppp
|html|NicoHaxlettitripppp    
|uhtml|bestof|Game 2 of a best-of-3
|t:|1785022272
|gametype|doubles
|player|p1|NicoHax|ethan|1223
|player|p2|lettitripppp|lucas|1197
|gen|9
|tier|[Gen 9 Champions] VGC 2026 Reg M-B (Bo3)
|rated|
|rule|Species Clause: Limit one of each Pokémon
|rule|Item Clause: Limit 1 of each item
|clearpoke
|poke|p1|Froslass, L50, F|
|poke|p1|Dragonite, L50, M|
|poke|p1|Toxapex, L50, F|
|poke|p1|Sneasler, L50, M|
|poke|p1|Kingambit, L50, M|
|poke|p1|Blaziken, L50, M|
|poke|p2|Charizard, L50, M, shiny|
|poke|p2|Basculegion, L50, M, shiny|
|poke|p2|Pelipper, L50, M|
|poke|p2|Venusaur, L50, M|
|poke|p2|Archaludon, L50, M|
|poke|p2|Grimmsnarl, L50, M, shiny|
|teampreview|4
|showteam|p1|Froslass||Froslassite|CursedBody|Blizzard,ShadowBall,AuroraVeil,Protect|Timid||F|||50|]Dragonite||LifeOrb|InnerFocus|DragonClaw,ExtremeSpeed,LowKick,Protect|Adamant||M|||50|]Toxapex||Leftovers|Regenerator|Infestation,Toxic,WideGuard,BanefulBunker|Bold||F|||50|]Sneasler||FocusSash|Unburden|CloseCombat,PoisonJab,FakeOut,Protect|Jolly||M|||50|]Kingambit||BlackGlasses|Defiant|KowtowCleave,IronHead,SuckerPunch,Protect|Adamant||M|||50|]Blaziken||Blazikenite|SpeedBoost|CloseCombat,FlareBlitz,RockSlide,Detect|Adamant||M|||50|
|showteam|p2|Charizard||CharizarditeY|Blaze|WeatherBall,SolarBeam,HeatWave,Protect|Modest||M|||50|]Basculegion||ChoiceScarf|Adaptability|LastRespects,WaveCrash,FlipTurn,AquaJet|Jolly||M|||50|]Pelipper||SitrusBerry|Drizzle|WeatherBall,WideGuard,Hurricane,Tailwind|Modest||M|||50|]Venusaur||FocusSash|Chlorophyll|SleepPowder,SludgeBomb,EarthPower,Protect|Timid||M|||50|]Archaludon||Leftovers|Stamina|FlashCannon,DragonPulse,ElectroShot,Protect|Calm||M|||50|]Grimmsnarl||LightClay|Prankster|PartingShot,LightScreen,FakeOut,Reflect|Relaxed||M|||50|
|inactive|Battle timer is ON: inactive players will automatically lose when time's up. (requested by lettitripppp)
|
|t:|1785022282
|teamsize|p1|4
|teamsize|p2|4
|start
|switch|p1a: Sneasler|Sneasler, L50, M|100/100
|switch|p1b: Rudlooght|Froslass, L50, F|100/100
|switch|p2a: GHOSTWAVE|Basculegion, L50, M, shiny|100/100
|switch|p2b: GO JOHAN|Grimmsnarl, L50, M, shiny|100/100
|turn|1
|
|t:|1785022290
|move|p2b: GO JOHAN|Reflect|p2b: GO JOHAN
|-sidestart|p2: lettitripppp|Reflect
|move|p2a: GHOSTWAVE|Flip Turn|p1b: Rudlooght
|-damage|p1b: Rudlooght|49/100
|-start|p2a: GHOSTWAVE|Disable|Flip Turn|[from] ability: Cursed Body|[of] p1b: Rudlooght
|
|t:|1785022304
|switch|p2a: WET-BEAK|Pelipper, L50, M|100/100|[from] Flip Turn
|-weather|RainDance|[from] ability: Drizzle|[of] p2a: WET-BEAK
|move|p1a: Sneasler|Poison Jab|p2b: GO JOHAN
|-supereffective|p2b: GO JOHAN|1
|-damage|p2b: GO JOHAN|50/100y
|move|p1b: Rudlooght|Shadow Ball|p2a: WET-BEAK
|-damage|p2a: WET-BEAK|65/100
|
|-weather|RainDance|[upkeep]
|upkeep
|turn|2
|
|t:|1785022325
|switch|p1b: Toxapex|Toxapex, L50, F|100/100
|move|p2b: GO JOHAN|Parting Shot|p1a: Sneasler
|-unboost|p1a: Sneasler|atk|1
|-unboost|p1a: Sneasler|spa|1
|
|t:|1785022331
|switch|p2b: BEYOND BRIDGE|Archaludon, L50, M|100/100|[from] Parting Shot
|move|p1a: Sneasler|Poison Jab|p2b: BEYOND BRIDGE
|-immune|p2b: BEYOND BRIDGE
|move|p2a: WET-BEAK|Tailwind|p2a: WET-BEAK
|-sidestart|p2: lettitripppp|move: Tailwind
|
|-weather|RainDance|[upkeep]
|upkeep
|turn|3
|
|t:|1785022348
|switch|p2a: GHOSTWAVE|Basculegion, L50, M, shiny|100/100
|move|p2b: BEYOND BRIDGE|Electro Shot||[still]
|-prepare|p2b: BEYOND BRIDGE|Electro Shot
|-boost|p2b: BEYOND BRIDGE|spa|1
|-anim|p2b: BEYOND BRIDGE|Electro Shot|p1b: Toxapex
|-supereffective|p1b: Toxapex|1
|-damage|p1b: Toxapex|15/100
|move|p1a: Sneasler|Close Combat|p2b: BEYOND BRIDGE
|-supereffective|p2b: BEYOND BRIDGE|1
|-damage|p2b: BEYOND BRIDGE|57/100
|-unboost|p1a: Sneasler|def|1
|-unboost|p1a: Sneasler|spd|1
|-ability|p2b: BEYOND BRIDGE|Stamina|boost
|-boost|p2b: BEYOND BRIDGE|def|1
|move|p1b: Toxapex|Infestation|p2b: BEYOND BRIDGE
|-resisted|p2b: BEYOND BRIDGE|1
|-damage|p2b: BEYOND BRIDGE|55/100
|-activate|p2b: BEYOND BRIDGE|move: Infestation|[of] p1b: Toxapex
|-ability|p2b: BEYOND BRIDGE|Stamina|boost
|-boost|p2b: BEYOND BRIDGE|def|1
|
|-weather|RainDance|[upkeep]
|-heal|p2b: BEYOND BRIDGE|61/100|[from] item: Leftovers
|-heal|p1b: Toxapex|21/100|[from] item: Leftovers
|-damage|p2b: BEYOND BRIDGE|49/100|[from] move: Infestation|[partiallytrapped]
|upkeep
|turn|4
|inactive|NicoHax has 30 seconds left.
|
|t:|1785022375
|move|p1b: Toxapex|Baneful Bunker|p1b: Toxapex
|-singleturn|p1b: Toxapex|move: Protect
|move|p2a: GHOSTWAVE|Flip Turn|p1a: Sneasler
|-enditem|p1a: Sneasler|Focus Sash
|-damage|p1a: Sneasler|1/100
|
|t:|1785022381
|switch|p2a: GO JOHAN|Grimmsnarl, L50, M, shiny|50/100y|[from] Flip Turn
|move|p1a: Sneasler|Close Combat|p2b: BEYOND BRIDGE
|-supereffective|p2b: BEYOND BRIDGE|1
|-damage|p2b: BEYOND BRIDGE|27/100
|-unboost|p1a: Sneasler|def|1
|-unboost|p1a: Sneasler|spd|1
|-ability|p2b: BEYOND BRIDGE|Stamina|boost
|-boost|p2b: BEYOND BRIDGE|def|1
|move|p2b: BEYOND BRIDGE|Electro Shot||[still]
|-prepare|p2b: BEYOND BRIDGE|Electro Shot
|-boost|p2b: BEYOND BRIDGE|spa|1
|-anim|p2b: BEYOND BRIDGE|Electro Shot|p1a: Sneasler
|-damage|p1a: Sneasler|0 fnt
|faint|p1a: Sneasler
|
|-weather|RainDance|[upkeep]
|-heal|p2b: BEYOND BRIDGE|33/100|[from] item: Leftovers
|-heal|p1b: Toxapex|27/100|[from] item: Leftovers
|-damage|p2b: BEYOND BRIDGE|21/100|[from] move: Infestation|[partiallytrapped]
|upkeep
|
|t:|1785022400
|switch|p1a: Rudlooght|Froslass, L50, F|49/100
|turn|5
|
|t:|1785022408
|move|p1a: Rudlooght|Protect|p1a: Rudlooght
|-singleturn|p1a: Rudlooght|Protect
|move|p1b: Toxapex|Baneful Bunker||[still]
|-fail|p1b: Toxapex
|move|p2a: GO JOHAN|Fake Out|p1b: Toxapex
|-damage|p1b: Toxapex|19/100
|move|p2b: BEYOND BRIDGE|Dragon Pulse|p1b: Toxapex
|-damage|p1b: Toxapex|0 fnt
|faint|p1b: Toxapex
|
|-weather|none
|-heal|p2b: BEYOND BRIDGE|27/100|[from] item: Leftovers
|-end|p2b: BEYOND BRIDGE|Infestation|[partiallytrapped]|[silent]
|-sideend|p2: lettitripppp|move: Tailwind
|upkeep
|
|t:|1785022412
|switch|p1b: Kingambit|Kingambit, L50, M|100/100
|turn|6
|
|t:|1785022420
|detailschange|p1a: Rudlooght|Froslass-Mega, L50, F
|-mega|p1a: Rudlooght|Froslass|Froslassite
|-weather|Snowscape|[from] ability: Snow Warning|[of] p1a: Rudlooght
|move|p2b: BEYOND BRIDGE|Protect|p2b: BEYOND BRIDGE
|-singleturn|p2b: BEYOND BRIDGE|Protect
|move|p2a: GO JOHAN|Light Screen|p2a: GO JOHAN
|-sidestart|p2: lettitripppp|move: Light Screen
|move|p1a: Rudlooght|Blizzard|p2b: BEYOND BRIDGE|[spread] p2a
|-activate|p2b: BEYOND BRIDGE|move: Protect
|-damage|p2a: GO JOHAN|24/100
|move|p1b: Kingambit|Iron Head|p2a: GO JOHAN
|-supereffective|p2a: GO JOHAN|1
|-damage|p2a: GO JOHAN|0 fnt
|faint|p2a: GO JOHAN
|
|-weather|Snowscape|[upkeep]
|-heal|p2b: BEYOND BRIDGE|33/100|[from] item: Leftovers
|upkeep
|
|t:|1785022431
|switch|p2a: WET-BEAK|Pelipper, L50, M|65/100
|-weather|RainDance|[from] ability: Drizzle|[of] p2a: WET-BEAK
|turn|7
|
|t:|1785022439
|move|p1b: Kingambit|Sucker Punch|p2b: BEYOND BRIDGE
|-damage|p2b: BEYOND BRIDGE|22/100
|-ability|p2b: BEYOND BRIDGE|Stamina|boost
|-boost|p2b: BEYOND BRIDGE|def|1
|move|p1a: Rudlooght|Shadow Ball|p2b: BEYOND BRIDGE
|-damage|p2b: BEYOND BRIDGE|1/100
|-ability|p2b: BEYOND BRIDGE|Stamina|boost
|-boost|p2b: BEYOND BRIDGE|def|1
|move|p2b: BEYOND BRIDGE|Electro Shot||[still]
|-prepare|p2b: BEYOND BRIDGE|Electro Shot
|-boost|p2b: BEYOND BRIDGE|spa|1
|-anim|p2b: BEYOND BRIDGE|Electro Shot|p1a: Rudlooght
|-damage|p1a: Rudlooght|0 fnt
|faint|p1a: Rudlooght
|move|p2a: WET-BEAK|Tailwind|p2a: WET-BEAK
|-sidestart|p2: lettitripppp|move: Tailwind
|
|-weather|RainDance|[upkeep]
|-heal|p2b: BEYOND BRIDGE|7/100|[from] item: Leftovers
|upkeep
|turn|8
|
|t:|1785022453
|move|p2b: BEYOND BRIDGE|Electro Shot||[still]
|-prepare|p2b: BEYOND BRIDGE|Electro Shot
|-boost|p2b: BEYOND BRIDGE|spa|1
|-anim|p2b: BEYOND BRIDGE|Electro Shot|p1b: Kingambit
|-damage|p1b: Kingambit|0 fnt
|faint|p1b: Kingambit
|
|win|lettitripppp
|raw|NicoHax's rating: 1223 → 1196(-27 for losing)
|raw|lettitripppp's rating: 1197 → 1224(+27 for winning)
|l|☆NicoHax
|player|p1|
