|j|☆Sylviana GL
|j|☆mage166
|html|Sylviana GLmage166    
|uhtml|bestof|Game 3 of a best-of-3
|t:|1783740666
|gametype|doubles
|player|p1|Sylviana GL|caitlin|1093
|player|p2|mage166|1|1141
|gen|9
|tier|[Gen 9 Champions] VGC 2026 Reg M-B (Bo3)
|rated|
|rule|Species Clause: Limit one of each Pokémon
|rule|Item Clause: Limit 1 of each item
|clearpoke
|poke|p1|Aerodactyl, L50, M, shiny|
|poke|p1|Charizard, L50, F|
|poke|p1|Sylveon, L50, F|
|poke|p1|Garchomp, L50, M|
|poke|p1|Kingambit, L50, F|
|poke|p1|Incineroar, L50, M|
|poke|p2|Staraptor, L50, M, shiny|
|poke|p2|Tyranitar, L50, M, shiny|
|poke|p2|Excadrill, L50, F, shiny|
|poke|p2|Houndstone, L50, M|
|poke|p2|Rotom-Wash, L50|
|poke|p2|Venusaur, L50, F, shiny|
|teampreview|4
|showteam|p1|Aerodactyl||Aerodactylite|Unnerve|RockSlide,IceFang,Tailwind,WideGuard|Jolly||M|||50|]Charizard||CharizarditeY|Blaze|HeatWave,WeatherBall,SolarBeam,Protect|Modest||F|||50|]Sylveon||FairyFeather|Pixilate|HyperVoice,HyperBeam,QuickAttack,Detect|Modest||F|||50|]Garchomp||LifeOrb|RoughSkin|DragonClaw,Earthquake,StompingTantrum,Protect|Jolly||M|||50|]Kingambit||FocusSash|Defiant|SuckerPunch,KowtowCleave,IronHead,Protect|Adamant||F|||50|]Incineroar||SitrusBerry|Intimidate|FlareBlitz,ThroatChop,FakeOut,PartingShot|Impish||M|||50|
|showteam|p2|Staraptor||Staraptite|Intimidate|CloseCombat,Protect,BraveBird,Tailwind|Jolly||M|||50|]Tyranitar||ChoiceScarf|SandStream|RockSlide,KnockOff,IcePunch,LowKick|Jolly||M|||50|]Excadrill||FocusSash|SandRush|Earthquake,IronHead,RockSlide,Protect|Adamant||F|||50|]Houndstone||SitrusBerry|SandRush|LastRespects,WillOWisp,AllySwitch,Protect|Adamant||M|||50|]Rotom-Wash||Magnet|Levitate|HydroPump,VoltSwitch,Thunderbolt,Protect|Modest|||||50|]Venusaur||Venusaurite|Chlorophyll|SludgeBomb,EarthPower,SleepPowder,Protect|Modest||F|||50|
|inactive|Battle timer is ON: inactive players will automatically lose when time's up. (requested by Sylviana GL)
|inactive|Sylviana GL has 60 seconds left.
|
|t:|1783740714
|teamsize|p1|4
|teamsize|p2|4
|start
|switch|p1a: Aerodactyl|Aerodactyl, L50, M, shiny|100/100
|switch|p1b: Garchomp|Garchomp, L50, M|100/100
|switch|p2a: Staraptor|Staraptor, L50, M, shiny|100/100
|switch|p2b: Tyranitar|Tyranitar, L50, M, shiny|100/100
|-ability|p1a: Aerodactyl|Unnerve
|-weather|Sandstorm|[from] ability: Sand Stream|[of] p2b: Tyranitar
|-ability|p2a: Staraptor|Intimidate|boost
|-unboost|p1a: Aerodactyl|atk|1
|-unboost|p1b: Garchomp|atk|1
|turn|1
|inactive|mage166 has 30 seconds left.
|inactive|Sylviana GL has 30 seconds left.
|inactive|mage166 has 20 seconds left.
|inactive|mage166 has 15 seconds left.
|inactive|mage166 has 10 seconds left.
|
|t:|1783740760
|detailschange|p1a: Aerodactyl|Aerodactyl-Mega, L50, M, shiny
|-mega|p1a: Aerodactyl|Aerodactyl|Aerodactylite
|detailschange|p2a: Staraptor|Staraptor-Mega, L50, M, shiny
|-mega|p2a: Staraptor|Staraptor|Staraptite
|move|p1b: Garchomp|Protect|p1b: Garchomp
|-singleturn|p1b: Garchomp|Protect
|move|p1a: Aerodactyl|Tailwind|p1a: Aerodactyl
|-sidestart|p1: Sylviana GL|move: Tailwind
|move|p2b: Tyranitar|Rock Slide|p1b: Garchomp|[spread] p1a
|-activate|p1b: Garchomp|move: Protect
|-supereffective|p1a: Aerodactyl|1
|-damage|p1a: Aerodactyl|40/100
|move|p2a: Staraptor|Close Combat|p1a: Aerodactyl
|-damage|p1a: Aerodactyl|0 fnt
|-boost|p2a: Staraptor|def|1
|-boost|p2a: Staraptor|spd|1
|faint|p1a: Aerodactyl
|
|-weather|Sandstorm|[upkeep]
|-damage|p2a: Staraptor|93/100|[from] Sandstorm
|upkeep
|
|t:|1783740772
|switch|p1a: Sylveon|Sylveon, L50, F|100/100
|turn|2
|
|t:|1783740794
|move|p1b: Garchomp|Dragon Claw|p2a: Staraptor
|-damage|p2a: Staraptor|71/100
|-damage|p1b: Garchomp|90/100|[from] item: Life Orb
|move|p1a: Sylveon|Hyper Voice|p2a: Staraptor|[spread] p2a,p2b
|-supereffective|p2a: Staraptor|1
|-supereffective|p2b: Tyranitar|1
|-damage|p2a: Staraptor|5/100
|-damage|p2b: Tyranitar|41/100
|move|p2b: Tyranitar|Rock Slide|p1a: Sylveon|[spread] p1a,p1b
|-resisted|p1b: Garchomp|1
|-crit|p1b: Garchomp
|-damage|p1a: Sylveon|64/100
|-damage|p1b: Garchomp|68/100
|move|p2a: Staraptor|Close Combat|p1b: Garchomp
|-damage|p1b: Garchomp|15/100
|-boost|p2a: Staraptor|def|1
|-boost|p2a: Staraptor|spd|1
|-damage|p2a: Staraptor|0 fnt|[from] ability: Rough Skin|[of] p1b: Garchomp
|faint|p2a: Staraptor
|
|-weather|Sandstorm|[upkeep]
|-damage|p1a: Sylveon|58/100|[from] Sandstorm
|upkeep
|inactive|mage166 has 30 seconds left.
|
|t:|1783740822
|switch|p2a: Rotom|Rotom-Wash, L50|100/100
|turn|3
|
|t:|1783740841
|move|p1b: Garchomp|Dragon Claw|p2a: Rotom
|-damage|p2a: Rotom|63/100
|-damage|p1b: Garchomp|6/100|[from] item: Life Orb
|move|p1a: Sylveon|Hyper Voice|p2a: Rotom|[spread] p2a,p2b
|-supereffective|p2b: Tyranitar|1
|-crit|p2b: Tyranitar
|-damage|p2a: Rotom|17/100
|-damage|p2b: Tyranitar|0 fnt
|faint|p2b: Tyranitar
|move|p2a: Rotom|Hydro Pump|p1b: Garchomp
|-damage|p1b: Garchomp|0 fnt
|faint|p1b: Garchomp
|
|-weather|Sandstorm|[upkeep]
|-damage|p1a: Sylveon|52/100|[from] Sandstorm
|-damage|p2a: Rotom|11/100|[from] Sandstorm
|upkeep
|
|t:|1783740856
|switch|p1b: Kingambit|Kingambit, L50, F|100/100
|switch|p2b: Excadrill|Excadrill, L50, F, shiny|100/100
|turn|4
|
|t:|1783740875
|move|p2b: Excadrill|Protect|p2b: Excadrill
|-singleturn|p2b: Excadrill|Protect
|move|p1a: Sylveon|Detect|p1a: Sylveon
|-singleturn|p1a: Sylveon|Protect
|move|p1b: Kingambit|Protect|p1b: Kingambit
|-singleturn|p1b: Kingambit|Protect
|move|p2a: Rotom|Protect||[still]
|-fail|p2a: Rotom
|
|-weather|Sandstorm|[upkeep]
|-damage|p1a: Sylveon|46/100|[from] Sandstorm
|-damage|p2a: Rotom|5/100|[from] Sandstorm
|-sideend|p1: Sylviana GL|move: Tailwind
|upkeep
|turn|5
|inactive|Sylviana GL has 30 seconds left.
|
|t:|1783740906
|move|p1a: Sylveon|Quick Attack|p2a: Rotom
|-damage|p2a: Rotom|0 fnt
|faint|p2a: Rotom
|move|p1b: Kingambit|Sucker Punch|p2b: Excadrill
|-damage|p2b: Excadrill|39/100
|move|p2b: Excadrill|Earthquake|p1b: Kingambit|[spread] p1a,p1b
|-supereffective|p1b: Kingambit|1
|-damage|p1a: Sylveon|0 fnt
|-damage|p1b: Kingambit|23/100
|faint|p1a: Sylveon
|
|-weather|none
|upkeep
|turn|6
|
|t:|1783740918
|move|p2b: Excadrill|Protect|p2b: Excadrill
|-singleturn|p2b: Excadrill|Protect
|move|p1b: Kingambit|Protect||[still]
|-fail|p1b: Kingambit
|
|upkeep
|turn|7
|
|t:|1783740922
|move|p2b: Excadrill|Protect|p2b: Excadrill
|-singleturn|p2b: Excadrill|Protect
|move|p1b: Kingambit|Protect||[still]
|-fail|p1b: Kingambit
|
|upkeep
|turn|8
|
|t:|1783740929
|move|p2b: Excadrill|Protect||[still]
|-fail|p2b: Excadrill
|move|p1b: Kingambit|Sucker Punch||[still]
|-fail|p1b: Kingambit
|
|upkeep
|turn|9
|
|t:|1783740934
|move|p2b: Excadrill|Protect|p2b: Excadrill
|-singleturn|p2b: Excadrill|Protect
|move|p1b: Kingambit|Sucker Punch||[still]
|-fail|p1b: Kingambit
|
|upkeep
|turn|10
|c|☆Sylviana GL|alright i win now
|
|t:|1783740939
|move|p2b: Excadrill|Protect|p2b: Excadrill
|-singleturn|p2b: Excadrill|Protect
|move|p1b: Kingambit|Sucker Punch||[still]
|-fail|p1b: Kingambit
|
|upkeep
|turn|11
|
|t:|1783740944
|move|p2b: Excadrill|Protect||[still]
|-fail|p2b: Excadrill
|move|p1b: Kingambit|Sucker Punch||[still]
|-fail|p1b: Kingambit
|
|upkeep
|turn|12
|
|t:|1783740948
|move|p2b: Excadrill|Protect|p2b: Excadrill
|-singleturn|p2b: Excadrill|Protect
|move|p1b: Kingambit|Sucker Punch||[still]
|-fail|p1b: Kingambit
|
|upkeep
|turn|13
|
|t:|1783740956
|move|p1b: Kingambit|Sucker Punch|p2b: Excadrill
|-damage|p2b: Excadrill|0 fnt
|faint|p2b: Excadrill
|
|win|Sylviana GL
|raw|Sylviana GL's rating: 1093 → 1123(+30 for winning)
|raw|mage166's rating: 1141 → 1113(-28 for losing)
