|j|â˜†Jolteon04
|j|â˜†DesbrozadorasGoian
|html|Jolteon04DesbrozadorasGoian    
|uhtml|bestof|Game 2 of a best-of-3
|t:|1756403722
|gametype|doubles
|player|p1|Jolteon04|riley|
|player|p2|DesbrozadorasGoian|wattson|
|gen|9
|tier|[Gen 9] VGC 2025 Reg H (Bo3)
|rule|Species Clause: Limit one of each PokÃ©mon
|rule|Item Clause: Limit 1 of each item
|clearpoke
|poke|p1|Vivillon, L50, F|
|poke|p1|Garchomp, L50, M|
|poke|p1|Primarina, L50, F|
|poke|p1|Incineroar, L50, M|
|poke|p1|Porygon2, L50|
|poke|p1|Gholdengo, L50|
|poke|p2|Indeedee, L50, M|
|poke|p2|Sneasler, L50, M|
|poke|p2|Ninetales-Alola, L50, M|
|poke|p2|Basculegion, L50, M|
|poke|p2|Kilowattrel, L50, M|
|poke|p2|Ursaluna-Bloodmoon, L50, M|
|teampreview|4
|showteam|p1|Vivillon||FocusSash|CompoundEyes|Protect,SleepPowder,RagePowder,Hurricane|||F|||50|,,,,,Ghost]Garchomp||LifeOrb|RoughSkin|Protect,Earthquake,StompingTantrum,DragonClaw|||M|||50|,,,,,Fire]Primarina||SitrusBerry|LiquidVoice|Protect,Haze,HyperVoice,Moonblast|||F|||50|,,,,,Poison]Incineroar||SafetyGoggles|Intimidate|FakeOut,FlareBlitz,KnockOff,PartingShot|||M|||50|,,,,,Ghost]Porygon2||Eviolite|Download|TrickRoom,Recover,TeraBlast,IceBeam||||||50|,,,,,Fighting]Gholdengo||MetalCoat|GoodasGold|Protect,NastyPlot,MakeItRain,ShadowBall||||||50|,,,,,Dragon
|showteam|p2|Indeedee||TwistedSpoon|PsychicSurge|ExpandingForce,DazzlingGleam,Imprison,TrickRoom|||M|||50|,,,,,Fairy]Sneasler||PsychicSeed|Unburden|DireClaw,CloseCombat,ThroatChop,Protect|||M|||50|,,,,,Dark]Ninetales-Alola||LifeOrb|SnowWarning|Blizzard,FreezeDry,Encore,Protect|||M|||50|,,,,,Ghost]Basculegion||ChoiceScarf|Adaptability|WaveCrash,LastRespects,AquaJet,FlipTurn|||M|||50|,,,,,Grass]Kilowattrel||FocusSash|Competitive|Thunderbolt,AirSlash,Tailwind,Protect|||M|||50|,,,,,Ghost]Ursaluna-Bloodmoon||AssaultVest|MindsEye|BloodMoon,HyperVoice,EarthPower,VacuumWave|||M|||50|,,,,,Water
|inactive|Battle timer is ON: inactive players will automatically lose when time's up. (requested by DesbrozadorasGoian)
|j| FeelTheIceBro
|c|â˜†DesbrozadorasGoian|GL HF
|c|â˜†DesbrozadorasGoian|PitufoMoreno Uvegece cobrador del frac
|inactive|DesbrozadorasGoian has 60 seconds left.
|inactive|DesbrozadorasGoian has 30 seconds left.
|
|t:|1756403787
|teamsize|p1|4
|teamsize|p2|4
|start
|switch|p1a: Porygon2|Porygon2, L50, shiny|100/100
|switch|p1b: Gholdengo|Gholdengo, L50, shiny|100/100
|switch|p2a: Indeedee|Indeedee, L50, M|100/100
|switch|p2b: Kilowattrel|Kilowattrel, L50, M|100/100
|-fieldstart|move: Psychic Terrain|[from] ability: Psychic Surge|[of] p2a: Indeedee
|-ability|p1a: Porygon2|Download|boost
|-boost|p1a: Porygon2|atk|1
|turn|1
|inactive|Jolteon04 has 30 seconds left.
|inactive|DesbrozadorasGoian has 30 seconds left.
|
|t:|1756403819
|move|p1b: Gholdengo|Protect|p1b: Gholdengo
|-singleturn|p1b: Gholdengo|Protect
|move|p2b: Kilowattrel|Thunderbolt|p1b: Gholdengo
|-activate|p1b: Gholdengo|move: Protect
|move|p2a: Indeedee|Imprison|p2a: Indeedee
|-start|p2a: Indeedee|move: Imprison
|cant|p1a: Porygon2|move: Imprison|Trick Room
|
|upkeep
|turn|2
|inactive|Jolteon04 has 30 seconds left.
|inactive|DesbrozadorasGoian has 30 seconds left.
|
|t:|1756403850
|move|p2b: Kilowattrel|Thunderbolt|p1b: Gholdengo
|-damage|p1b: Gholdengo|57/100
|-status|p1b: Gholdengo|par
|move|p2a: Indeedee|Expanding Force|p1a: Porygon2|[spread] p1a,p1b
|-resisted|p1b: Gholdengo
|-damage|p1a: Porygon2|65/100
|-damage|p1b: Gholdengo|24/100 par
|move|p1a: Porygon2|Ice Beam|p2b: Kilowattrel
|-supereffective|p2b: Kilowattrel
|-enditem|p2b: Kilowattrel|Focus Sash
|-damage|p2b: Kilowattrel|1/100
|cant|p1b: Gholdengo|par
|
|upkeep
|turn|3
|c|â˜†DesbrozadorasGoian|Ostia perdÃ³n
|inactive|Jolteon04 has 30 seconds left.
|inactive|DesbrozadorasGoian has 30 seconds left.
|
|t:|1756403882
|move|p1b: Gholdengo|Protect|p1b: Gholdengo
|-singleturn|p1b: Gholdengo|Protect
|move|p2b: Kilowattrel|Air Slash|p1a: Porygon2
|-damage|p1a: Porygon2|45/100
|move|p2a: Indeedee|Expanding Force|p1b: Gholdengo|[spread] p1a
|-activate|p1b: Gholdengo|move: Protect
|-damage|p1a: Porygon2|8/100
|move|p1a: Porygon2|Ice Beam|p2b: Kilowattrel
|-supereffective|p2b: Kilowattrel
|-damage|p2b: Kilowattrel|0 fnt
|faint|p2b: Kilowattrel
|
|upkeep
|
|t:|1756403893
|switch|p2b: Sneasler|Sneasler, L50, M|100/100
|-enditem|p2b: Sneasler|Psychic Seed
|-boost|p2b: Sneasler|spd|1|[from] item: Psychic Seed
|turn|4
|
|t:|1756403905
|move|p2b: Sneasler|Throat Chop|p1b: Gholdengo
|-supereffective|p1b: Gholdengo
|-damage|p1b: Gholdengo|0 fnt
|faint|p1b: Gholdengo
|move|p2a: Indeedee|Expanding Force|p1a: Porygon2
|-damage|p1a: Porygon2|0 fnt
|faint|p1a: Porygon2
|
|upkeep
|
|t:|1756403913
|switch|p1b: Garchomp|Garchomp, L50, M, shiny|100/100
|switch|p1a: Vivillon|Vivillon, L50, F, shiny|100/100
|turn|5
|inactive|Jolteon04 has 30 seconds left.
|inactive|DesbrozadorasGoian has 30 seconds left.
|inactive|Jolteon04 has 20 seconds left.
|
|t:|1756403951
|-terastallize|p2b: Sneasler|Dark
|move|p1a: Vivillon|Protect|p1a: Vivillon
|-singleturn|p1a: Vivillon|Protect
|move|p2b: Sneasler|Dire Claw|p1b: Garchomp
|-resisted|p1b: Garchomp
|-damage|p1b: Garchomp|78/100
|-damage|p2b: Sneasler|88/100|[from] ability: Rough Skin|[of] p1b: Garchomp
|move|p1b: Garchomp|Earthquake|p2b: Sneasler|[spread] p2a,p2b
|-activate|p1a: Vivillon|move: Protect
|-damage|p2a: Indeedee|2/100
|-damage|p2b: Sneasler|5/100
|-damage|p1b: Garchomp|68/100|[from] item: Life Orb
|move|p2a: Indeedee|Expanding Force|p1b: Garchomp|[spread] p1b
|-activate|p1a: Vivillon|move: Protect
|-damage|p1b: Garchomp|0 fnt
|faint|p1b: Garchomp
|
|-fieldend|move: Psychic Terrain
|upkeep
|turn|6
|
|t:|1756403975
|-terastallize|p1a: Vivillon|Ghost
|move|p2b: Sneasler|Dire Claw|p1a: Vivillon
|-resisted|p1a: Vivillon
|-damage|p1a: Vivillon|55/100
|move|p2a: Indeedee|Expanding Force|p1a: Vivillon
|-damage|p1a: Vivillon|0 fnt
|faint|p1a: Vivillon
|
|win|DesbrozadorasGoian
|c|â˜†DesbrozadorasGoian|gg wp
|l|â˜†Jolteon04
|player|p1|
