|j|☆NicoViBrittania
|j|☆Sizzle2466
|html|NicoViBrittaniaSizzle2466    
|uhtml|bestof|Game 1 of a best-of-3
|t:|1757710071
|gametype|doubles
|player|p1|NicoViBrittania|2|1120
|player|p2|Sizzle2466|2|1066
|gen|9
|tier|[Gen 9] VGC 2025 Reg H (Bo3)
|rated|
|rule|Species Clause: Limit one of each Pokémon
|rule|Item Clause: Limit 1 of each item
|clearpoke
|poke|p1|Annihilape, L50, F|
|poke|p1|Porygon2, L50|
|poke|p1|Primarina, L50, F|
|poke|p1|Torkoal, L50, F|
|poke|p1|Exeggutor-Alola, L50, M|
|poke|p1|Charizard, L50, F|
|poke|p2|Galvantula, L50, F|
|poke|p2|Incineroar, L50, F|
|poke|p2|Amoonguss, L50, F|
|poke|p2|Gholdengo, L50|
|poke|p2|Palafin, L50, F|
|poke|p2|Sneasler, L50, F|
|teampreview|4
|showteam|p1|Annihilape||SafetyGoggles|Defiant|Encore,Taunt,FinalGambit,RageFist|||F|||50|,,,,,Fire]Porygon2||Eviolite|Trace|TrickRoom,TriAttack,Protect,Recover||||||50|,,,,,Ghost]Primarina||ThroatSpray|LiquidVoice|Moonblast,Protect,HyperVoice,TeraBlast|||F|||50|,,,,,Ground]Torkoal||CovertCloak|Drought|HeatWave,HelpingHand,Protect,Eruption|||F|||50|,,,,,Fire]Exeggutor-Alola||SitrusBerry|Harvest|DracoMeteor,GigaDrain,TrickRoom,WoodHammer|||M|||50|,,,,,Ghost]Charizard||LifeOrb|SolarPower|DragonPulse,HeatWave,AirCutter,HelpingHand|||F|||50|,,,,,Fire
|showteam|p2|Galvantula||AssaultVest|CompoundEyes|Electroweb,BugBuzz,Thunder,VoltSwitch|||F|||50|,,,,,Electric]Incineroar||SafetyGoggles|Intimidate|FakeOut,FlareBlitz,KnockOff,PartingShot|||F|||50|,,,,,Ghost]Amoonguss||CovertCloak|Regenerator|Spore,RagePowder,SludgeBomb,PollenPuff|||F|||50|,,,,,Ghost]Gholdengo||SitrusBerry|GoodasGold|NastyPlot,MakeItRain,ShadowBall,Protect||||||50|,,,,,Water]Palafin||MysticWater|ZerotoHero|JetPunch,WaveCrash,Protect,FlipTurn|||F|||50|,,,,,Water]Sneasler||WhiteHerb|Unburden|Protect,CloseCombat,DireClaw,ThroatChop|||F|||50|,,,,,Stellar
|
|t:|1757710111
|teamsize|p1|4
|teamsize|p2|4
|start
|switch|p1a: Annihilape|Annihilape, L50, F|100/100
|switch|p1b: Exeggutor|Exeggutor-Alola, L50, M|100/100
|switch|p2a: Galvantula|Galvantula, L50, F|100/100
|switch|p2b: Palafin|Palafin, L50, F|100/100
|turn|1
|
|t:|1757710144
|detailschange|p2b: Palafin|Palafin-Hero, L50, F
|switch|p2b: Gholdengo|Gholdengo, L50|100/100
|move|p2a: Galvantula|Bug Buzz|p1b: Exeggutor
|-supereffective|p1b: Exeggutor
|-damage|p1b: Exeggutor|25/100
|-enditem|p1b: Exeggutor|Sitrus Berry|[eat]
|-heal|p1b: Exeggutor|50/100|[from] item: Sitrus Berry
|move|p1a: Annihilape|Taunt|p2b: Gholdengo
|-immune|p2b: Gholdengo|[from] ability: Good as Gold
|move|p1b: Exeggutor|Trick Room|p1b: Exeggutor
|-fieldstart|move: Trick Room|[of] p1b: Exeggutor
|
|-item|p1b: Exeggutor|Sitrus Berry|[from] ability: Harvest
|upkeep
|-enditem|p1b: Exeggutor|Sitrus Berry|[eat]
|-heal|p1b: Exeggutor|75/100|[from] item: Sitrus Berry
|turn|2
|
|t:|1757710173
|move|p1b: Exeggutor|Giga Drain|p2b: Gholdengo
|-resisted|p2b: Gholdengo
|-damage|p2b: Gholdengo|82/100
|-heal|p1b: Exeggutor|84/100|[from] drain|[of] p2b: Gholdengo
|move|p2b: Gholdengo|Shadow Ball|p1a: Annihilape
|-supereffective|p1a: Annihilape
|-damage|p1a: Annihilape|25/100
|move|p1a: Annihilape|Final Gambit|p2a: Galvantula
|-damage|p2a: Galvantula|68/100
|faint|p1a: Annihilape
|move|p2a: Galvantula|Bug Buzz|p1b: Exeggutor
|-supereffective|p1b: Exeggutor
|-damage|p1b: Exeggutor|9/100
|
|-item|p1b: Exeggutor|Sitrus Berry|[from] ability: Harvest
|upkeep
|-enditem|p1b: Exeggutor|Sitrus Berry|[eat]
|-heal|p1b: Exeggutor|34/100|[from] item: Sitrus Berry
|
|t:|1757710192
|switch|p1a: Torkoal|Torkoal, L50, F|100/100
|-weather|SunnyDay|[from] ability: Drought|[of] p1a: Torkoal
|turn|3
|
|t:|1757710212
|switch|p2a: Incineroar|Incineroar, L50, F|100/100
|-ability|p2a: Incineroar|Intimidate|boost
|-unboost|p1a: Torkoal|atk|1
|-unboost|p1b: Exeggutor|atk|1
|-terastallize|p1a: Torkoal|Fire
|move|p2b: Gholdengo|Protect|p2b: Gholdengo
|-singleturn|p2b: Gholdengo|Protect
|move|p1a: Torkoal|Eruption|p2b: Gholdengo|[spread] p2a
|-activate|p2b: Gholdengo|move: Protect
|-resisted|p2a: Incineroar
|-damage|p2a: Incineroar|58/100
|move|p1b: Exeggutor|Giga Drain|p2b: Gholdengo
|-activate|p2b: Gholdengo|move: Protect
|
|-weather|SunnyDay|[upkeep]
|-item|p1b: Exeggutor|Sitrus Berry|[from] ability: Harvest
|upkeep
|-enditem|p1b: Exeggutor|Sitrus Berry|[eat]
|-heal|p1b: Exeggutor|59/100|[from] item: Sitrus Berry
|turn|4
|
|t:|1757710256
|-terastallize|p2b: Gholdengo|Water
|move|p2a: Incineroar|Fake Out|p1b: Exeggutor
|-damage|p1b: Exeggutor|46/100
|move|p1a: Torkoal|Eruption|p2a: Incineroar|[spread] p2a,p2b
|-resisted|p2a: Incineroar
|-resisted|p2b: Gholdengo
|-damage|p2a: Incineroar|11/100
|-damage|p2b: Gholdengo|35/100
|-enditem|p2b: Gholdengo|Sitrus Berry|[eat]
|-heal|p2b: Gholdengo|59/100|[from] item: Sitrus Berry
|cant|p1b: Exeggutor|flinch
|move|p2b: Gholdengo|Nasty Plot|p2b: Gholdengo
|-boost|p2b: Gholdengo|spa|2
|
|-weather|SunnyDay|[upkeep]
|-item|p1b: Exeggutor|Sitrus Berry|[from] ability: Harvest
|upkeep
|-enditem|p1b: Exeggutor|Sitrus Berry|[eat]
|-heal|p1b: Exeggutor|71/100|[from] item: Sitrus Berry
|turn|5
|
|t:|1757710293
|switch|p1b: Charizard|Charizard, L50, F|100/100
|move|p2b: Gholdengo|Protect|p2b: Gholdengo
|-singleturn|p2b: Gholdengo|Protect
|move|p1a: Torkoal|Eruption|p2b: Gholdengo|[spread] p2a
|-activate|p2b: Gholdengo|move: Protect
|-resisted|p2a: Incineroar
|-damage|p2a: Incineroar|0 fnt
|faint|p2a: Incineroar
|
|-weather|SunnyDay|[upkeep]
|-damage|p1b: Charizard|88/100|[from] ability: Solar Power|[of] p1b: Charizard
|-fieldend|move: Trick Room
|upkeep
|
|t:|1757710305
|switch|p2a: Galvantula|Galvantula, L50, F|68/100
|turn|6
|
|t:|1757710344
|move|p1a: Torkoal|Helping Hand|p1b: Charizard
|-singleturn|p1b: Charizard|Helping Hand|[of] p1a: Torkoal
|move|p2a: Galvantula|Volt Switch|p1b: Charizard
|-supereffective|p1b: Charizard
|-damage|p1b: Charizard|21/100
|
|t:|1757710349
|switch|p2a: Palafin|Palafin-Hero, L50, F|100/100|[from] Volt Switch
|-activate|p2a: Palafin|ability: Zero to Hero
|move|p1b: Charizard|Air Cutter|p2b: Gholdengo|[spread] p2a,p2b
|-damage|p2a: Palafin|48/100
|-damage|p2b: Gholdengo|5/100
|-damage|p1b: Charizard|12/100|[from] item: Life Orb
|move|p2b: Gholdengo|Shadow Ball|p1a: Torkoal
|-damage|p1a: Torkoal|0 fnt
|faint|p1a: Torkoal
|
|-weather|SunnyDay|[upkeep]
|-damage|p1b: Charizard|0 fnt|[from] ability: Solar Power|[of] p1b: Charizard
|faint|p1b: Charizard
|upkeep
|-message|NicoViBrittania forfeited.
|
|win|Sizzle2466
|l|☆NicoViBrittania
|player|p1|
||Sizzle2466 is ready for game 2.
||NicoViBrittania is ready for game 2.
|uhtml|next|Next: Game 2 of 3
