|j|☆arrascaxeira
|j|☆ggep123
|html|arrascaxeiraggep123    
|uhtml|bestof|Game 2 of a best-of-3
|t:|1756570482
|gametype|doubles
|player|p1|arrascaxeira|169|1131
|player|p2|ggep123|170|1129
|gen|9
|tier|[Gen 9] VGC 2025 Reg H (Bo3)
|rated|
|rule|Species Clause: Limit one of each Pokémon
|rule|Item Clause: Limit 1 of each item
|clearpoke
|poke|p1|Gholdengo, L50|
|poke|p1|Rillaboom, L50, M|
|poke|p1|Tauros-Paldea-Aqua, L50, M|
|poke|p1|Dragonite, L50, F|
|poke|p1|Clefable, L50, M|
|poke|p1|Incineroar, L50, F|
|poke|p2|Amoonguss, L50, F|
|poke|p2|Sneasler, L50, M|
|poke|p2|Gholdengo, L50|
|poke|p2|Incineroar, L50, M|
|poke|p2|Ursaluna-Bloodmoon, L50, M|
|poke|p2|Dragonite, L50, M|
|teampreview|4
|showteam|p1|Gholdengo||GrassySeed|GoodasGold|NastyPlot,MakeItRain,ShadowBall,Protect||||||50|,,,,,Water]Rillaboom||AssaultVest|GrassySurge|FakeOut,GrassyGlide,HighHorsepower,WoodHammer|||M|||50|,,,,,Fire]Tauros-Paldea-Aqua||MirrorHerb|Intimidate|WaveCrash,CloseCombat,AquaJet,Protect|||M|||50|,,,,,Grass]Dragonite||LoadedDice|Multiscale|ScaleShot,Haze,StompingTantrum,Protect|||F|||50|,,,,,Fairy]Clefable||RockyHelmet|Unaware|Moonblast,FollowMe,IcyWind,Protect|||M|||50|,,,,,Electric]Incineroar||SafetyGoggles|Intimidate|FakeOut,PartingShot,KnockOff,FlareBlitz|||F|||50|,,,,,Bug
|showteam|p2|Amoonguss||SitrusBerry|Regenerator|RagePowder,Spore,PollenPuff,Protect|||F|||50|,,,,,Psychic]Sneasler||FocusSash|Unburden|Protect,DireClaw,CloseCombat,ThroatChop|||M|||50|,,,,,Stellar]Gholdengo||LifeOrb|GoodasGold|Protect,MakeItRain,ShadowBall,NastyPlot||||||50|,,,,,Water]Incineroar||SafetyGoggles|Intimidate|KnockOff,PartingShot,FlareBlitz,FakeOut|||M|||50|,,,,,Ghost]Ursaluna-Bloodmoon||AssaultVest|MindsEye|BloodMoon,EarthPower,VacuumWave,HyperVoice|||M|||50|,,,,,Water]Dragonite||LoadedDice|Multiscale|ScaleShot,Tailwind,Haze,Protect|||M|||50|,,,,,Fairy
|
|t:|1756570517
|teamsize|p1|4
|teamsize|p2|4
|start
|switch|p1a: Rillaboom|Rillaboom, L50, M|100/100
|switch|p1b: Gholdengo|Gholdengo, L50|100/100
|switch|p2a: attempt#3|Dragonite, L50, M|100/100
|switch|p2b: Nap Time|Amoonguss, L50, F|100/100
|-fieldstart|move: Grassy Terrain|[from] ability: Grassy Surge|[of] p1a: Rillaboom
|-enditem|p1b: Gholdengo|Grassy Seed
|-boost|p1b: Gholdengo|def|1|[from] item: Grassy Seed
|turn|1
|inactive|Battle timer is ON: inactive players will automatically lose when time's up. (requested by arrascaxeira)
|
|t:|1756570535
|move|p2b: Nap Time|Protect|p2b: Nap Time
|-singleturn|p2b: Nap Time|Protect
|move|p1a: Rillaboom|Fake Out|p2a: attempt#3
|-damage|p2a: attempt#3|93/100
|cant|p2a: attempt#3|flinch
|move|p1b: Gholdengo|Nasty Plot|p1b: Gholdengo
|-boost|p1b: Gholdengo|spa|2
|
|upkeep
|turn|2
|inactive|arrascaxeira has 30 seconds left.
|
|t:|1756570562
|switch|p1a: Incineroar|Incineroar, L50, F|100/100
|-ability|p1a: Incineroar|Intimidate|boost
|-unboost|p2a: attempt#3|atk|1
|-unboost|p2b: Nap Time|atk|1
|move|p2a: attempt#3|Haze|p2a: attempt#3
|-clearallboost
|move|p1b: Gholdengo|Make It Rain|p2a: attempt#3|[spread] p2a,p2b
|-damage|p2a: attempt#3|42/100
|-damage|p2b: Nap Time|58/100
|-unboost|p1b: Gholdengo|spa|1
|move|p2b: Nap Time|Spore|p1b: Gholdengo
|-immune|p1b: Gholdengo|[from] ability: Good as Gold
|
|-heal|p2b: Nap Time|64/100|[from] Grassy Terrain
|upkeep
|turn|3
|inactive|ggep123 has 30 seconds left.
|
|t:|1756570597
|move|p2b: Nap Time|Protect|p2b: Nap Time
|-singleturn|p2b: Nap Time|Protect
|move|p2a: attempt#3|Tailwind|p2a: attempt#3
|-sidestart|p2: ggep123|move: Tailwind
|move|p1a: Incineroar|Knock Off|p2b: Nap Time
|-activate|p2b: Nap Time|move: Protect
|move|p1b: Gholdengo|Nasty Plot|p1b: Gholdengo
|-boost|p1b: Gholdengo|spa|2
|
|-heal|p2b: Nap Time|70/100|[from] Grassy Terrain
|upkeep
|turn|4
|
|t:|1756570617
|move|p2a: attempt#3|Scale Shot|p1b: Gholdengo
|-resisted|p1b: Gholdengo
|-damage|p1b: Gholdengo|93/100
|-resisted|p1b: Gholdengo
|-crit|p1b: Gholdengo
|-damage|p1b: Gholdengo|82/100
|-resisted|p1b: Gholdengo
|-damage|p1b: Gholdengo|76/100
|-resisted|p1b: Gholdengo
|-damage|p1b: Gholdengo|68/100
|-hitcount|p1b: Gholdengo|4
|-unboost|p2a: attempt#3|def|1
|-boost|p2a: attempt#3|spe|1
|move|p1a: Incineroar|Knock Off|p2b: Nap Time
|-damage|p2b: Nap Time|41/100
|-enditem|p2b: Nap Time|Sitrus Berry|[from] move: Knock Off|[of] p1a: Incineroar
|move|p1b: Gholdengo|Make It Rain|p2a: attempt#3|[spread] p2a,p2b
|-damage|p2a: attempt#3|0 fnt
|-damage|p2b: Nap Time|0 fnt
|-unboost|p1b: Gholdengo|spa|1
|faint|p2a: attempt#3
|faint|p2b: Nap Time
|
|-heal|p1b: Gholdengo|75/100|[from] Grassy Terrain
|upkeep
|
|t:|1756570637
|switch|p2a: Gam bell|Sneasler, L50, M|100/100
|switch|p2b: Cheese|Gholdengo, L50|100/100
|turn|5
|
|t:|1756570659
|switch|p1a: Tauros|Tauros-Paldea-Aqua, L50, M|100/100
|-ability|p1a: Tauros|Intimidate|boost
|-unboost|p2a: Gam bell|atk|1
|-unboost|p2b: Cheese|atk|1
|-terastallize|p2a: Gam bell|Stellar
|move|p1b: Gholdengo|Protect|p1b: Gholdengo
|-singleturn|p1b: Gholdengo|Protect
|move|p2a: Gam bell|Dire Claw|p1b: Gholdengo
|-activate|p1b: Gholdengo|move: Protect
|move|p2b: Cheese|Nasty Plot|p2b: Cheese
|-boost|p2b: Cheese|spa|2
|-enditem|p1a: Tauros|Mirror Herb
|-boost|p1a: Tauros|spa|2|[from] item: Mirror Herb
|
|-heal|p1b: Gholdengo|81/100|[from] Grassy Terrain
|-fieldend|move: Grassy Terrain
|upkeep
|turn|6
|inactive|ggep123 has 30 seconds left.
|
|t:|1756570687
|switch|p1b: Incineroar|Incineroar, L50, F|100/100
|-ability|p1b: Incineroar|Intimidate|boost
|-unboost|p2a: Gam bell|atk|1
|-unboost|p2b: Cheese|atk|1
|move|p2b: Cheese|Protect|p2b: Cheese
|-singleturn|p2b: Cheese|Protect
|move|p1a: Tauros|Aqua Jet|p2a: Gam bell
|-damage|p2a: Gam bell|69/100
|move|p2a: Gam bell|Dire Claw|p1b: Incineroar
|-damage|p1b: Incineroar|71/100
|-status|p1b: Incineroar|par
|
|-sideend|p2: ggep123|move: Tailwind
|upkeep
|turn|7
|
|t:|1756570708
|move|p1b: Incineroar|Fake Out|p2a: Gam bell
|-damage|p2a: Gam bell|49/100
|cant|p2a: Gam bell|flinch
|move|p1a: Tauros|Wave Crash|p2b: Cheese
|-damage|p2b: Cheese|44/100
|-damage|p1a: Tauros|79/100|[from] Recoil
|move|p2b: Cheese|Make It Rain|p1a: Tauros|[spread] p1a,p1b
|-resisted|p1a: Tauros
|-resisted|p1b: Incineroar
|-damage|p1a: Tauros|0 fnt
|-damage|p1b: Incineroar|16/100 par
|-unboost|p2b: Cheese|spa|1
|faint|p1a: Tauros
|-damage|p2b: Cheese|34/100|[from] item: Life Orb
|
|upkeep
|
|t:|1756570718
|switch|p1a: Rillaboom|Rillaboom, L50, M|100/100
|-fieldstart|move: Grassy Terrain|[from] ability: Grassy Surge|[of] p1a: Rillaboom
|turn|8
|
|t:|1756570732
|switch|p1b: Gholdengo|Gholdengo, L50|81/100
|-terastallize|p1a: Rillaboom|Fire
|move|p2a: Gam bell|Protect|p2a: Gam bell
|-singleturn|p2a: Gam bell|Protect
|move|p2b: Cheese|Protect|p2b: Cheese
|-singleturn|p2b: Cheese|Protect
|move|p1a: Rillaboom|High Horsepower|p2b: Cheese
|-activate|p2b: Cheese|move: Protect
|
|-heal|p2a: Gam bell|55/100|[from] Grassy Terrain
|-heal|p2b: Cheese|40/100|[from] Grassy Terrain
|-heal|p1b: Gholdengo|87/100|[from] Grassy Terrain
|upkeep
|turn|9
|
|t:|1756570757
|move|p2a: Gam bell|Dire Claw|p1a: Rillaboom
|-damage|p1a: Rillaboom|80/100
|-status|p1a: Rillaboom|slp
|move|p2b: Cheese|Shadow Ball|p1b: Gholdengo
|-supereffective|p1b: Gholdengo
|-damage|p1b: Gholdengo|0 fnt
|faint|p1b: Gholdengo
|-damage|p2b: Cheese|31/100|[from] item: Life Orb
|cant|p1a: Rillaboom|slp
|
|-heal|p2a: Gam bell|61/100|[from] Grassy Terrain
|-heal|p2b: Cheese|37/100|[from] Grassy Terrain
|-heal|p1a: Rillaboom|86/100 slp|[from] Grassy Terrain
|upkeep
|
|t:|1756570760
|switch|p1b: Incineroar|Incineroar, L50, F|16/100 par
|-ability|p1b: Incineroar|Intimidate|boost
|-unboost|p2a: Gam bell|atk|1
|-unboost|p2b: Cheese|atk|1
|turn|10
|
|t:|1756570777
|cant|p1b: Incineroar|par
|move|p2a: Gam bell|Dire Claw|p1a: Rillaboom
|-damage|p1a: Rillaboom|69/100 slp
|move|p2b: Cheese|Make It Rain|p1b: Incineroar|[spread] p1a,p1b
|-resisted|p1a: Rillaboom
|-resisted|p1b: Incineroar
|-damage|p1a: Rillaboom|39/100 slp
|-damage|p1b: Incineroar|0 fnt
|-unboost|p2b: Cheese|spa|1
|faint|p1b: Incineroar
|-damage|p2b: Cheese|27/100|[from] item: Life Orb
|cant|p1a: Rillaboom|slp
|
|-heal|p2a: Gam bell|67/100|[from] Grassy Terrain
|-heal|p2b: Cheese|33/100|[from] Grassy Terrain
|-heal|p1a: Rillaboom|45/100 slp|[from] Grassy Terrain
|upkeep
|turn|11
|
|t:|1756570802
|move|p2a: Gam bell|Close Combat|p1a: Rillaboom
|-damage|p1a: Rillaboom|11/100 slp
|-unboost|p2a: Gam bell|def|1
|-unboost|p2a: Gam bell|spd|1
|move|p2b: Cheese|Shadow Ball|p1a: Rillaboom
|-damage|p1a: Rillaboom|0 fnt
|faint|p1a: Rillaboom
|-damage|p2b: Cheese|24/100|[from] item: Life Orb
|
|win|ggep123
||arrascaxeira is ready for game 3.
||ggep123 is ready for game 3.
|uhtml|next|Next: Game 3 of 3
|l|☆ggep123
|player|p2|
