|j|☆NandoGTG
|j|☆Craser13
|html|NandoGTGCraser13    
|uhtml|bestof|Game 1 of a best-of-3
|t:|1784764714
|gametype|doubles
|player|p1|NandoGTG|cheren|
|player|p2|Craser13|170|
|gen|9
|tier|[Gen 9 Champions] VGC 2026 Reg M-B (Bo3)
|rule|Species Clause: Limit one of each Pokémon
|rule|Item Clause: Limit 1 of each item
|clearpoke
|poke|p1|Pidgeot, L50, M, shiny|
|poke|p1|Tyranitar, L50, M|
|poke|p1|Weavile, L50, M|
|poke|p1|Aegislash, L50, F|
|poke|p1|Venusaur, L50, F|
|poke|p1|Milotic, L50, F|
|poke|p2|Froslass, L50, F|
|poke|p2|Dragonite, L50, F|
|poke|p2|Toxapex, L50, M|
|poke|p2|Sneasler, L50, F|
|poke|p2|Kingambit, L50, M|
|poke|p2|Blaziken, L50, F|
|teampreview|4
|showteam|p1|Pidgeot||Pidgeotite|BigPecks|Hurricane,HeatWave,Tailwind,Protect|Timid||M|||50|]Tyranitar||ChopleBerry|SandStream|RockSlide,KnockOff,Protect,LowKick|Adamant||M|||50|]Weavile||WideLens|Pressure|FakeOut,IceShard,TripleAxel,KnockOff|Jolly||M|||50|]Aegislash||SpellTag|StanceChange|Poltergeist,SacredSword,ShadowSneak,KingsShield|Adamant||F|||50|]Venusaur||Venusaurite|Chlorophyll|EnergyBall,SludgeBomb,EarthPower,Protect|Modest||F|||50|]Milotic||SitrusBerry|Competitive|Scald,IcyWind,LifeDew,Protect|Calm||F|||50|
|showteam|p2|Froslass||Froslassite|CursedBody|Blizzard,ShadowBall,AuroraVeil,Protect|Timid||F|||50|]Dragonite||LifeOrb|InnerFocus|DragonClaw,ExtremeSpeed,LowKick,Protect|Adamant||F|||50|]Toxapex||Leftovers|Regenerator|Infestation,Toxic,WideGuard,BanefulBunker|Bold||M|||50|]Sneasler||FocusSash|PoisonTouch|CloseCombat,PoisonJab,FakeOut,Protect|Jolly||F|||50|]Kingambit||BlackGlasses|Defiant|KowtowCleave,IronHead,SuckerPunch,Protect|Adamant||M|||50|]Blaziken||Blazikenite|SpeedBoost|CloseCombat,FlareBlitz,RockSlide,Protect|Adamant||F|||50|
|
|t:|1784764745
|teamsize|p1|4
|teamsize|p2|4
|start
|switch|p1a: Avalon|Milotic, L50, F|100/100
|switch|p1b: Cú Chulainn|Weavile, L50, M|100/100
|switch|p2a: Blaziken|Blaziken, L50, F|100/100
|switch|p2b: Sneasler|Sneasler, L50, F|100/100
|-ability|p1b: Cú Chulainn|Pressure
|turn|1
|
|t:|1784764770
|detailschange|p2a: Blaziken|Blaziken-Mega, L50, F
|-mega|p2a: Blaziken|Blaziken|Blazikenite
|move|p2a: Blaziken|Protect|p2a: Blaziken
|-singleturn|p2a: Blaziken|Protect
|move|p1b: Cú Chulainn|Fake Out|p2b: Sneasler
|-damage|p2b: Sneasler|76/100
|cant|p2b: Sneasler|flinch
|move|p1a: Avalon|Icy Wind|p2b: Sneasler|[spread] p2b
|-activate|p2a: Blaziken|move: Protect
|-damage|p2b: Sneasler|63/100
|-unboost|p2b: Sneasler|spe|1
|
|-ability|p2a: Blaziken|Speed Boost|boost
|-boost|p2a: Blaziken|spe|1
|upkeep
|turn|2
|
|t:|1784764797
|move|p2a: Blaziken|Close Combat|p1b: Cú Chulainn
|-supereffective|p1b: Cú Chulainn|2
|-damage|p1b: Cú Chulainn|0 fnt
|-unboost|p2a: Blaziken|def|1
|-unboost|p2a: Blaziken|spd|1
|faint|p1b: Cú Chulainn
|move|p2b: Sneasler|Poison Jab|p1a: Avalon
|-damage|p1a: Avalon|60/100
|-status|p1a: Avalon|psn|[from] ability: Poison Touch|[of] p2b: Sneasler
|move|p1a: Avalon|Scald|p2a: Blaziken
|-supereffective|p2a: Blaziken|1
|-damage|p2a: Blaziken|0 fnt
|faint|p2a: Blaziken
|
|-damage|p1a: Avalon|48/100 psn|[from] psn
|upkeep
|-enditem|p1a: Avalon|Sitrus Berry|[eat]
|-heal|p1a: Avalon|73/100 psn|[from] item: Sitrus Berry
|
|t:|1784764815
|switch|p1b: Venusaur|Venusaur, L50, F|100/100
|switch|p2a: Dragonite|Dragonite, L50, F|100/100
|turn|3
|
|t:|1784764835
|detailschange|p1b: Venusaur|Venusaur-Mega, L50, F
|-mega|p1b: Venusaur|Venusaur|Venusaurite
|move|p2a: Dragonite|Extreme Speed|p1b: Venusaur
|-damage|p1b: Venusaur|70/100
|-damage|p2a: Dragonite|90/100|[from] item: Life Orb
|move|p2b: Sneasler|Poison Jab|p1b: Venusaur
|-damage|p1b: Venusaur|35/100
|move|p1a: Avalon|Icy Wind|p2b: Sneasler|[spread] p2a,p2b
|-supereffective|p2a: Dragonite|2
|-damage|p2a: Dragonite|55/100
|-damage|p2b: Sneasler|49/100
|-unboost|p2a: Dragonite|spe|1
|-unboost|p2b: Sneasler|spe|1
|move|p1b: Venusaur|Earth Power|p2b: Sneasler
|-supereffective|p2b: Sneasler|1
|-damage|p2b: Sneasler|0 fnt
|faint|p2b: Sneasler
|
|-damage|p1a: Avalon|61/100 psn|[from] psn
|upkeep
|
|t:|1784764847
|switch|p2b: Froslass|Froslass, L50, F|100/100
|turn|4
|
|t:|1784764859
|move|p1b: Venusaur|Protect|p1b: Venusaur
|-singleturn|p1b: Venusaur|Protect
|move|p2b: Froslass|Shadow Ball|p1a: Avalon
|-damage|p1a: Avalon|43/100 psn
|move|p1a: Avalon|Life Dew|p1a: Avalon|[spread] p1a,p1b
|-heal|p1a: Avalon|68/100 psn
|-heal|p1b: Venusaur|60/100
|move|p2a: Dragonite|Dragon Claw|p1b: Venusaur
|-activate|p1b: Venusaur|move: Protect
|
|-damage|p1a: Avalon|56/100 psn|[from] psn
|upkeep
|turn|5
|
|t:|1784764876
|move|p2b: Froslass|Protect|p2b: Froslass
|-singleturn|p2b: Froslass|Protect
|move|p2a: Dragonite|Extreme Speed|p1b: Venusaur
|-damage|p1b: Venusaur|28/100
|-damage|p2a: Dragonite|46/100|[from] item: Life Orb
|move|p1a: Avalon|Life Dew|p1a: Avalon|[spread] p1a,p1b
|-heal|p1a: Avalon|81/100 psn
|-heal|p1b: Venusaur|53/100
|move|p1b: Venusaur|Sludge Bomb|p2b: Froslass
|-activate|p2b: Froslass|move: Protect
|
|-damage|p1a: Avalon|69/100 psn|[from] psn
|upkeep
|turn|6
|
|t:|1784764910
|move|p2b: Froslass|Shadow Ball|p1b: Venusaur
|-damage|p1b: Venusaur|33/100
|move|p1a: Avalon|Life Dew|p1a: Avalon|[spread] p1a,p1b
|-heal|p1a: Avalon|94/100 psn
|-heal|p1b: Venusaur|59/100
|move|p1b: Venusaur|Sludge Bomb|p2b: Froslass
|-resisted|p2b: Froslass|1
|-damage|p2b: Froslass|66/100
|move|p2a: Dragonite|Dragon Claw|p1b: Venusaur
|-damage|p1b: Venusaur|11/100
|-damage|p2a: Dragonite|36/100|[from] item: Life Orb
|
|-damage|p1a: Avalon|82/100 psn|[from] psn
|upkeep
|turn|7
|
|t:|1784764930
|move|p1b: Venusaur|Protect|p1b: Venusaur
|-singleturn|p1b: Venusaur|Protect
|move|p2b: Froslass|Shadow Ball|p1a: Avalon
|-damage|p1a: Avalon|66/100 psn
|move|p1a: Avalon|Life Dew|p1a: Avalon|[spread] p1a,p1b
|-heal|p1a: Avalon|91/100 psn
|-heal|p1b: Venusaur|36/100
|move|p2a: Dragonite|Dragon Claw|p1a: Avalon
|-damage|p1a: Avalon|33/100 psn
|-damage|p2a: Dragonite|26/100|[from] item: Life Orb
|
|-damage|p1a: Avalon|21/100 psn|[from] psn
|upkeep
|turn|8
|
|t:|1784764955
|switch|p1b: Kotomini|Tyranitar, L50, M|100/100
|-weather|Sandstorm|[from] ability: Sand Stream|[of] p1b: Kotomini
|move|p2a: Dragonite|Extreme Speed|p1b: Kotomini
|-resisted|p1b: Kotomini|1
|-damage|p1b: Kotomini|81/100
|-damage|p2a: Dragonite|17/100|[from] item: Life Orb
|move|p2b: Froslass|Shadow Ball|p1b: Kotomini
|-resisted|p1b: Kotomini|1
|-damage|p1b: Kotomini|74/100
|move|p1a: Avalon|Icy Wind|p2a: Dragonite|[spread] p2a,p2b
|-supereffective|p2a: Dragonite|2
|-resisted|p2b: Froslass|1
|-damage|p2a: Dragonite|0 fnt
|-damage|p2b: Froslass|60/100
|-unboost|p2b: Froslass|spe|1
|-start|p1a: Avalon|Disable|Icy Wind|[from] ability: Cursed Body|[of] p2b: Froslass
|faint|p2a: Dragonite
|
|-weather|Sandstorm|[upkeep]
|-damage|p1a: Avalon|15/100 psn|[from] Sandstorm
|-damage|p2b: Froslass|54/100|[from] Sandstorm
|-damage|p1a: Avalon|3/100 psn|[from] psn
|upkeep
|turn|9
|
|t:|1784764974
|move|p1a: Avalon|Life Dew|p1a: Avalon|[spread] p1a,p1b
|-heal|p1a: Avalon|28/100 psn
|-heal|p1b: Kotomini|99/100
|move|p2b: Froslass|Shadow Ball|p1a: Avalon
|-damage|p1a: Avalon|11/100 psn
|move|p1b: Kotomini|Knock Off|p2b: Froslass
|-supereffective|p2b: Froslass|1
|-damage|p2b: Froslass|0 fnt
|faint|p2b: Froslass
|
|win|NandoGTG
||Craser13 is ready for game 2.
||NandoGTG is ready for game 2.
|uhtml|next|Next: Game 2 of 3
