|j|☆wingblade33
|j|☆axolotlwooper
|html|wingblade33axolotlwooper    
|uhtml|bestof|Game 2 of a best-of-3
|t:|1784319677
|gametype|doubles
|player|p1|wingblade33|2|1193
|player|p2|axolotlwooper|linebacker|1213
|gen|9
|tier|[Gen 9 Champions] VGC 2026 Reg M-B (Bo3)
|rated|
|rule|Species Clause: Limit one of each Pokémon
|rule|Item Clause: Limit 1 of each item
|clearpoke
|poke|p1|Tyranitar, L50, M|
|poke|p1|Incineroar, L50, F|
|poke|p1|Sinistcha, L50|
|poke|p1|Gholdengo, L50|
|poke|p1|Excadrill, L50, F|
|poke|p1|Staraptor, L50, F|
|poke|p2|Gardevoir, L50, M, shiny|
|poke|p2|Maushold, L50|
|poke|p2|Kingambit, L50, F, shiny|
|poke|p2|Talonflame, L50, M, shiny|
|poke|p2|Basculegion, L50, M|
|poke|p2|Kommo-o, L50, F|
|teampreview|4
|showteam|p1|Tyranitar||Tyranitarite|SandStream|KnockOff,DragonDance,RockSlide,Protect|Adamant||M|||50|]Incineroar||SitrusBerry|Intimidate|FakeOut,PartingShot,DarkestLariat,FlareBlitz|Careful||F|||50|]Sinistcha||KasibBerry|Hospitality|MatchaGotcha,Protect,RagePowder,TrickRoom|Calm|||||50|]Gholdengo||LifeOrb|GoodasGold|MakeItRain,ShadowBall,NastyPlot,Protect|Modest|||||50|]Excadrill||FocusSash|SandRush|HighHorsepower,IronHead,RockSlide,Protect|Adamant||F|||50|]Staraptor||Staraptite|Intimidate|CloseCombat,BraveBird,Roost,Protect|Jolly||F|||50|
|showteam|p2|Gardevoir||Gardevoirite|Trace|HyperVoice,Psychic,Thunderbolt,Protect|Modest||M|||50|]Maushold||FocusSash|FriendGuard|SuperFang,Feint,FollowMe,Protect|Jolly|||||50|]Kingambit||ExpertBelt|Defiant|KowtowCleave,LowKick,SuckerPunch,IronHead|Adamant||F|||50|]Talonflame||SharpBeak|GaleWings|DualWingbeat,FlareBlitz,Tailwind,Protect|Jolly||M|||50|]Basculegion||ChoiceScarf|Adaptability|WaveCrash,AquaJet,FlipTurn,LastRespects|Jolly||M|||50|]Kommo-o||LifeOrb|Soundproof|ClangingScales,DracoMeteor,AuraSphere,Protect|Modest||F|||50|
|inactive|Battle timer is ON: inactive players will automatically lose when time's up. (requested by axolotlwooper)
|inactive|wingblade33 has 60 seconds left.
|inactive|axolotlwooper has 60 seconds left.
|
|t:|1784319732
|teamsize|p1|4
|teamsize|p2|4
|start
|switch|p1a: Staraptor|Staraptor, L50, F|100/100
|switch|p1b: Excadrill|Excadrill, L50, F|100/100
|switch|p2a: Talonflame|Talonflame, L50, M, shiny|100/100
|switch|p2b: Gardevoir|Gardevoir, L50, M, shiny|100/100
|-ability|p1a: Staraptor|Intimidate|boost
|-unboost|p2a: Talonflame|atk|1
|-unboost|p2b: Gardevoir|atk|1
|-ability|p2b: Gardevoir|Sand Rush|Trace|[from] ability: Trace|[of] p1b: Excadrill
|turn|1
|inactive|wingblade33 has 30 seconds left.
|inactive|axolotlwooper has 30 seconds left.
|inactive|wingblade33 has 20 seconds left.
|inactive|wingblade33 has 15 seconds left.
|
|t:|1784319775
|switch|p1a: Gholdengo|Gholdengo, L50|100/100
|detailschange|p2b: Gardevoir|Gardevoir-Mega, L50, M, shiny
|-mega|p2b: Gardevoir|Gardevoir|Gardevoirite
|move|p2a: Talonflame|Tailwind|p2a: Talonflame
|-sidestart|p2: axolotlwooper|move: Tailwind
|move|p2b: Gardevoir|Hyper Voice|p1a: Gholdengo|[spread] p1a,p1b
|-resisted|p1a: Gholdengo|1
|-crit|p1a: Gholdengo
|-resisted|p1b: Excadrill|1
|-damage|p1a: Gholdengo|56/100
|-damage|p1b: Excadrill|60/100
|move|p1b: Excadrill|Rock Slide|p2b: Gardevoir|[spread] p2a,p2b
|-supereffective|p2a: Talonflame|2
|-damage|p2a: Talonflame|0 fnt
|-damage|p2b: Gardevoir|62/100
|faint|p2a: Talonflame
|
|upkeep
|
|t:|1784319790
|switch|p2a: Kommo-o|Kommo-o, L50, F|100/100
|turn|2
|
|t:|1784319802
|move|p1b: Excadrill|Protect|p1b: Excadrill
|-singleturn|p1b: Excadrill|Protect
|move|p2b: Gardevoir|Thunderbolt|p1a: Gholdengo
|-damage|p1a: Gholdengo|13/100
|move|p2a: Kommo-o|Aura Sphere|p1b: Excadrill
|-activate|p1b: Excadrill|move: Protect
|move|p1a: Gholdengo|Make It Rain|p2b: Gardevoir|[spread] p2a,p2b
|-supereffective|p2b: Gardevoir|1
|-crit|p2b: Gardevoir
|-damage|p2a: Kommo-o|24/100
|-damage|p2b: Gardevoir|0 fnt
|-unboost|p1a: Gholdengo|spa|2
|faint|p2b: Gardevoir
|-damage|p1a: Gholdengo|3/100|[from] item: Life Orb
|
|upkeep
|
|t:|1784319816
|switch|p2b: Basculegion|Basculegion, L50, M|100/100
|turn|3
|
|t:|1784319841
|switch|p1b: Staraptor|Staraptor, L50, F|100/100
|-ability|p1b: Staraptor|Intimidate|boost
|-unboost|p2a: Kommo-o|atk|1
|-unboost|p2b: Basculegion|atk|1
|move|p2b: Basculegion|Last Respects|p1b: Staraptor
|-immune|p1b: Staraptor
|move|p2a: Kommo-o|Clanging Scales|p1a: Gholdengo|[spread] p1a,p1b
|-resisted|p1a: Gholdengo|1
|-damage|p1a: Gholdengo|0 fnt
|-damage|p1b: Staraptor|19/100
|faint|p1a: Gholdengo
|-unboost|p2a: Kommo-o|def|1
|-damage|p2a: Kommo-o|14/100|[from] item: Life Orb
|
|upkeep
|
|t:|1784319855
|switch|p1a: Tyranitar|Tyranitar, L50, M|100/100
|-weather|Sandstorm|[from] ability: Sand Stream|[of] p1a: Tyranitar
|turn|4
|inactive|wingblade33 has 30 seconds left.
|inactive|wingblade33 has 20 seconds left.
|inactive|wingblade33 has 15 seconds left.
|inactive|wingblade33 has 10 seconds left.
|inactive|wingblade33 has 5 seconds left.
|
|t:|1784319910
|detailschange|p1b: Staraptor|Staraptor-Mega, L50, F
|-mega|p1b: Staraptor|Staraptor|Staraptite
|move|p1b: Staraptor|Protect|p1b: Staraptor
|-singleturn|p1b: Staraptor|Protect
|move|p1a: Tyranitar|Protect|p1a: Tyranitar
|-singleturn|p1a: Tyranitar|Protect
|move|p2b: Basculegion|Last Respects|p1a: Tyranitar
|-activate|p1a: Tyranitar|move: Protect
|move|p2a: Kommo-o|Clanging Scales|p1a: Tyranitar|[spread] 
|-activate|p1a: Tyranitar|move: Protect
|-activate|p1b: Staraptor|move: Protect
|
|-weather|Sandstorm|[upkeep]
|-damage|p2b: Basculegion|93/100|[from] Sandstorm
|-damage|p2a: Kommo-o|8/100|[from] Sandstorm
|-damage|p1b: Staraptor|13/100|[from] Sandstorm
|-sideend|p2: axolotlwooper|move: Tailwind
|upkeep
|turn|5
|
|t:|1784319930
|move|p2b: Basculegion|Last Respects|p1a: Tyranitar
|-resisted|p1a: Tyranitar|1
|-damage|p1a: Tyranitar|72/100
|move|p1b: Staraptor|Close Combat|p2a: Kommo-o
|-damage|p2a: Kommo-o|0 fnt
|-boost|p1b: Staraptor|def|1
|-boost|p1b: Staraptor|spd|1
|faint|p2a: Kommo-o
|move|p1a: Tyranitar|Knock Off|p2b: Basculegion
|-supereffective|p2b: Basculegion|1
|-damage|p2b: Basculegion|0 fnt
|-enditem|p2b: Basculegion|Choice Scarf|[from] move: Knock Off|[of] p1a: Tyranitar
|faint|p2b: Basculegion
|
|win|wingblade33
||wingblade33 is ready for game 3.
||axolotlwooper is ready for game 3.
|uhtml|next|Next: Game 3 of 3
