|j|☆palle synchro
|j|☆shanekobe23
|html|palle synchroshanekobe23    
|uhtml|bestof|Game 1 of a best-of-3
|t:|1783351912
|gametype|doubles
|player|p1|palle synchro|volkner|1118
|player|p2|shanekobe23|1|1125
|gen|9
|tier|[Gen 9 Champions] VGC 2026 Reg M-B (Bo3)
|rated|
|rule|Species Clause: Limit one of each Pokémon
|rule|Item Clause: Limit 1 of each item
|clearpoke
|poke|p1|Swampert, L50, M|
|poke|p1|Pelipper, L50, M|
|poke|p1|Archaludon, L50, F|
|poke|p1|Venusaur, L50, F|
|poke|p1|Maushold-Four, L50|
|poke|p1|Gholdengo, L50|
|poke|p2|Charizard, L50, M|
|poke|p2|Whimsicott, L50, M|
|poke|p2|Garchomp, L50, F|
|poke|p2|Basculegion, L50, M|
|poke|p2|Sneasler, L50, F|
|poke|p2|Floette-Eternal, L50, F|
|teampreview|4
|showteam|p1|Swampert||Swampertite|Torrent|WaveCrash,HighHorsepower,IcePunch,Protect|Adamant||M|||50|]Pelipper||SitrusBerry|Drizzle|WeatherBall,Hurricane,Tailwind,WideGuard|Modest||M|||50|]Archaludon||Leftovers|Stamina|ElectroShot,DragonPulse,FlashCannon,Protect|Calm||F|||50|]Venusaur||Venusaurite|Chlorophyll|GigaDrain,EarthPower,SludgeBomb,Protect|Modest||F|||50|]Maushold-Four||FocusSash|FriendGuard|FollowMe,SuperFang,RainDance,Protect|Timid|||||50|]Gholdengo||LifeOrb|GoodasGold|MakeItRain,ShadowBall,NastyPlot,Protect|Modest|||||50|
|showteam|p2|Charizard||CharizarditeY|Blaze|WeatherBall,HeatWave,SolarBeam,Protect|Timid||M|||50|]Whimsicott||FocusSash|Prankster|Moonblast,Tailwind,Encore,Protect|Timid||M|||50|]Garchomp||LifeOrb|RoughSkin|StompingTantrum,DragonClaw,Earthquake,Protect|Adamant||F|||50|]Basculegion||MysticWater|Adaptability|AquaJet,WaveCrash,LastRespects,Protect|Jolly||M|||50|]Sneasler||WhiteHerb|PoisonTouch|FakeOut,DireClaw,CloseCombat,Coaching|Adamant||F|||50|]Floette-Eternal||Floettite|FlowerVeil|DrainingKiss,Moonblast,CalmMind,Protect|Timid||F|||50|
|inactive|Battle timer is ON: inactive players will automatically lose when time's up. (requested by palle synchro)
|
|t:|1783351932
|teamsize|p1|4
|teamsize|p2|4
|start
|switch|p1a: Maushold|Maushold-Four, L50|100/100
|switch|p1b: Swampert|Swampert, L50, M|100/100
|switch|p2a: Whimsicott|Whimsicott, L50, M|100/100
|switch|p2b: Charizard|Charizard, L50, M|100/100
|turn|1
|
|t:|1783351951
|detailschange|p2b: Charizard|Charizard-Mega-Y, L50, M
|-mega|p2b: Charizard|Charizard|Charizardite Y
|-weather|SunnyDay|[from] ability: Drought|[of] p2b: Charizard
|detailschange|p1b: Swampert|Swampert-Mega, L50, M
|-mega|p1b: Swampert|Swampert|Swampertite
|move|p1a: Maushold|Follow Me|p1a: Maushold
|-singleturn|p1a: Maushold|move: Follow Me
|move|p2a: Whimsicott|Tailwind|p2a: Whimsicott
|-sidestart|p2: shanekobe23|move: Tailwind
|move|p2b: Charizard|Solar Beam||[still]
|-prepare|p2b: Charizard|Solar Beam
|-anim|p2b: Charizard|Solar Beam|p1a: Maushold
|-damage|p1a: Maushold|45/100
|move|p1b: Swampert|Ice Punch|p2a: Whimsicott
|-supereffective|p2a: Whimsicott|1
|-damage|p2a: Whimsicott|9/100
|
|-weather|SunnyDay|[upkeep]
|upkeep
|turn|2
|inactive|shanekobe23 has 30 seconds left.
|
|t:|1783351981
|switch|p1a: Pelipper|Pelipper, L50, M|100/100
|-weather|RainDance|[from] ability: Drizzle|[of] p1a: Pelipper
|move|p2a: Whimsicott|Encore|p1b: Swampert
|-start|p1b: Swampert|Encore
|move|p2b: Charizard|Heat Wave|p1a: Pelipper|[spread] p1a,p1b
|-resisted|p1a: Pelipper|1
|-resisted|p1b: Swampert|1
|-damage|p1a: Pelipper|89/100
|-damage|p1b: Swampert|91/100
|move|p1b: Swampert|Ice Punch|p2a: Whimsicott
|-supereffective|p2a: Whimsicott|1
|-damage|p2a: Whimsicott|0 fnt
|faint|p2a: Whimsicott
|
|-weather|RainDance|[upkeep]
|upkeep
|
|t:|1783351993
|switch|p2a: Sneasler|Sneasler, L50, F|100/100
|turn|3
|
|t:|1783352005
|switch|p2b: Garchomp|Garchomp, L50, F|100/100
|switch|p1b: Archaludon|Archaludon, L50, F|100/100
|move|p2a: Sneasler|Fake Out|p1a: Pelipper
|-damage|p1a: Pelipper|74/100
|cant|p1a: Pelipper|flinch
|
|-weather|RainDance|[upkeep]
|upkeep
|turn|4
|
|t:|1783352027
|move|p1b: Archaludon|Protect|p1b: Archaludon
|-singleturn|p1b: Archaludon|Protect
|move|p2a: Sneasler|Coaching|p2b: Garchomp
|-boost|p2b: Garchomp|atk|1
|-boost|p2b: Garchomp|def|1
|move|p2b: Garchomp|Dragon Claw|p1a: Pelipper
|-crit|p1a: Pelipper
|-damage|p1a: Pelipper|0 fnt
|faint|p1a: Pelipper
|-damage|p2b: Garchomp|90/100|[from] item: Life Orb
|
|-weather|RainDance|[upkeep]
|-sideend|p2: shanekobe23|move: Tailwind
|upkeep
|
|t:|1783352037
|switch|p1a: Swampert|Swampert-Mega, L50, M|91/100
|turn|5
|
|t:|1783352048
|switch|p2a: Charizard|Charizard-Mega-Y, L50, M|100/100
|-weather|SunnyDay|[from] ability: Drought|[of] p2a: Charizard
|move|p2b: Garchomp|Earthquake|p1b: Archaludon|[spread] p1a,p1b
|-immune|p2a: Charizard
|-supereffective|p1b: Archaludon|1
|-damage|p1a: Swampert|18/100
|-damage|p1b: Archaludon|0 fnt
|faint|p1b: Archaludon
|-damage|p2b: Garchomp|80/100|[from] item: Life Orb
|move|p1a: Swampert|Ice Punch|p2b: Garchomp
|-supereffective|p2b: Garchomp|2
|-damage|p2b: Garchomp|0 fnt
|-damage|p1a: Swampert|5/100|[from] ability: Rough Skin|[of] p2b: Garchomp
|faint|p2b: Garchomp
|
|-weather|SunnyDay|[upkeep]
|upkeep
|
|t:|1783352062
|switch|p2b: Sneasler|Sneasler, L50, F|100/100
|switch|p1b: Maushold|Maushold-Four, L50|45/100
|turn|6
|
|t:|1783352075
|move|p1b: Maushold|Protect|p1b: Maushold
|-singleturn|p1b: Maushold|Protect
|move|p1a: Swampert|Protect|p1a: Swampert
|-singleturn|p1a: Swampert|Protect
|move|p2b: Sneasler|Fake Out|p1b: Maushold
|-activate|p1b: Maushold|move: Protect
|move|p2a: Charizard|Weather Ball|p1a: Swampert
|-activate|p1a: Swampert|move: Protect
|
|-weather|SunnyDay|[upkeep]
|upkeep
|turn|7
|
|t:|1783352085
|move|p1b: Maushold|Rain Dance|p1b: Maushold
|-weather|RainDance
|move|p1a: Swampert|High Horsepower|p2b: Sneasler
|-supereffective|p2b: Sneasler|1
|-damage|p2b: Sneasler|0 fnt
|faint|p2b: Sneasler
|move|p2a: Charizard|Heat Wave|p1a: Swampert|[spread] p1a,p1b
|-resisted|p1a: Swampert|1
|-damage|p1a: Swampert|0 fnt
|-damage|p1b: Maushold|20/100y
|faint|p1a: Swampert
|
|-weather|RainDance|[upkeep]
|upkeep
|turn|8
|-message|palle synchro forfeited.
|
|win|shanekobe23
