|j|☆ner0_05
|j|☆lolgz
|html|ner0_05lolgz    
|uhtml|bestof|Game 3 of a best-of-3
|t:|1783034381
|gametype|doubles
|player|p1|ner0_05|1|1145
|player|p2|lolgz|dawn|1121
|gen|9
|tier|[Gen 9 Champions] VGC 2026 Reg M-B (Bo3)
|rated|
|rule|Species Clause: Limit one of each Pokémon
|rule|Item Clause: Limit 1 of each item
|clearpoke
|poke|p1|Swampert, L50, F|
|poke|p1|Sinistcha, L50|
|poke|p1|Archaludon, L50, M|
|poke|p1|Pelipper, L50, M|
|poke|p1|Dragalge, L50, F|
|poke|p1|Grimmsnarl, L50, M|
|poke|p2|Scrafty, L50, F|
|poke|p2|Vivillon, L50, F|
|poke|p2|Incineroar, L50, F|
|poke|p2|Sinistcha, L50|
|poke|p2|Rotom-Wash, L50|
|poke|p2|Delphox, L50, F|
|teampreview|4
|showteam|p1|Swampert||Swampertite|Torrent|Protect,WaveCrash,Earthquake,KnockOff|Adamant||F|||50|]Sinistcha||KasibBerry|Hospitality|Protect,MatchaGotcha,TrickRoom,RagePowder|Bold|||||50|]Archaludon||Leftovers|Stamina|Protect,ElectroShot,FlashCannon,AuraSphere|Modest||M|||50|]Pelipper||LifeOrb|Drizzle|WeatherBall,Hurricane,WideGuard,Protect|Modest||M|||50|]Dragalge||Dragalgite|PoisonPoint|Protect,SludgeWave,SludgeBomb,DracoMeteor|Modest||F|||50|]Grimmsnarl||LightClay|Prankster|Reflect,LightScreen,PartingShot,SpiritBreak|Careful||M|||50|
|showteam|p2|Scrafty||Scraftinite|Intimidate|DrainPunch,KnockOff,Protect,DragonDance|Jolly||F|||50|]Vivillon||ChoiceScarf|CompoundEyes|SleepPowder,Hurricane,RagePowder,Tailwind|Timid||F|||50|]Incineroar||PasshoBerry|Intimidate|PartingShot,FakeOut,ThroatChop,FlareBlitz|Careful||F|||50|]Sinistcha||KasibBerry|Hospitality|MatchaGotcha,RagePowder,LifeDew,Protect|Serious|||||50|]Rotom-Wash||SitrusBerry|Levitate|HydroPump,WillOWisp,VoltSwitch,LightScreen|Modest|||||50|]Delphox||Delphoxite|Blaze|HeatWave,Psychic,Protect,NastyPlot|Timid||F|||50|
|inactive|Battle timer is ON: inactive players will automatically lose when time's up. (requested by lolgz)
|
|t:|1783034402
|teamsize|p1|4
|teamsize|p2|4
|start
|switch|p1a: Grimmsnarl|Grimmsnarl, L50, M|100/100
|switch|p1b: Pelipper|Pelipper, L50, M|100/100
|switch|p2a: Rotom|Rotom-Wash, L50|100/100
|switch|p2b: Scrafty|Scrafty, L50, F|100/100
|-ability|p2b: Scrafty|Intimidate|boost
|-unboost|p1a: Grimmsnarl|atk|1
|-unboost|p1b: Pelipper|atk|1
|-weather|RainDance|[from] ability: Drizzle|[of] p1b: Pelipper
|turn|1
|inactive|ner0_05 has 30 seconds left.
|inactive|lolgz has 30 seconds left.
|inactive|lolgz has 20 seconds left.
|inactive|lolgz has 15 seconds left.
|
|t:|1783034447
|switch|p1b: Swampert|Swampert, L50, F|100/100
|detailschange|p2b: Scrafty|Scrafty-Mega, L50, F
|-mega|p2b: Scrafty|Scrafty|Scraftinite
|-ability|p2b: Scrafty|Intimidate|boost
|-unboost|p1a: Grimmsnarl|atk|1
|-unboost|p1b: Swampert|atk|1
|move|p2b: Scrafty|Protect|p2b: Scrafty
|-singleturn|p2b: Scrafty|Protect
|move|p1a: Grimmsnarl|Parting Shot|p2a: Rotom
|-unboost|p2a: Rotom|atk|1
|-unboost|p2a: Rotom|spa|1
|
|t:|1783034461
|switch|p1a: Sinistcha|Sinistcha, L50|100/100|[from] Parting Shot
|move|p2a: Rotom|Volt Switch|p1b: Swampert
|-immune|p1b: Swampert
|
|-weather|RainDance|[upkeep]
|upkeep
|turn|2
|
|t:|1783034485
|switch|p1b: Grimmsnarl|Grimmsnarl, L50, M|100/100
|move|p2b: Scrafty|Dragon Dance|p2b: Scrafty
|-boost|p2b: Scrafty|atk|1
|-boost|p2b: Scrafty|spe|1
|move|p2a: Rotom|Will-O-Wisp|p1b: Grimmsnarl
|-status|p1b: Grimmsnarl|brn
|move|p1a: Sinistcha|Trick Room|p1a: Sinistcha
|-fieldstart|move: Trick Room|[of] p1a: Sinistcha
|
|-weather|RainDance|[upkeep]
|-damage|p1b: Grimmsnarl|94/100 brn|[from] brn
|upkeep
|turn|3
|
|t:|1783034504
|move|p2b: Scrafty|Protect|p2b: Scrafty
|-singleturn|p2b: Scrafty|Protect
|move|p1b: Grimmsnarl|Reflect|p1b: Grimmsnarl
|-sidestart|p1: ner0_05|Reflect
|move|p1a: Sinistcha|Matcha Gotcha|p2b: Scrafty|[spread] p2a
|-activate|p2b: Scrafty|move: Protect
|-supereffective|p2a: Rotom|1
|-damage|p2a: Rotom|40/100
|-enditem|p2a: Rotom|Sitrus Berry|[eat]
|-heal|p2a: Rotom|65/100|[from] item: Sitrus Berry
|move|p2a: Rotom|Will-O-Wisp|p1a: Sinistcha
|-status|p1a: Sinistcha|brn
|
|-weather|RainDance|[upkeep]
|-damage|p1b: Grimmsnarl|88/100 brn|[from] brn
|-damage|p1a: Sinistcha|93/100 brn|[from] brn
|upkeep
|turn|4
|
|t:|1783034526
|switch|p2a: Incineroar|Incineroar, L50, F|100/100
|-ability|p2a: Incineroar|Intimidate|boost
|-unboost|p1a: Sinistcha|atk|1
|-unboost|p1b: Grimmsnarl|atk|1
|move|p1b: Grimmsnarl|Spirit Break|p2b: Scrafty
|-supereffective|p2b: Scrafty|2
|-damage|p2b: Scrafty|64/100
|-unboost|p2b: Scrafty|spa|1
|move|p1a: Sinistcha|Matcha Gotcha|p2a: Incineroar|[spread] p2a,p2b
|-resisted|p2a: Incineroar|1
|-damage|p2a: Incineroar|90/100
|-heal|p1a: Sinistcha|99/100 brn|[from] drain|[of] p2a: Incineroar
|-damage|p2b: Scrafty|44/100
|-heal|p1a: Sinistcha|100/100 brn|[from] drain|[of] p2b: Scrafty
|-status|p2b: Scrafty|brn
|move|p2b: Scrafty|Dragon Dance|p2b: Scrafty
|-boost|p2b: Scrafty|atk|1
|-boost|p2b: Scrafty|spe|1
|
|-weather|RainDance|[upkeep]
|-damage|p1b: Grimmsnarl|82/100 brn|[from] brn
|-damage|p1a: Sinistcha|93/100 brn|[from] brn
|-damage|p2b: Scrafty|38/100 brn|[from] brn
|upkeep
|turn|5
|inactive|ner0_05 has 30 seconds left.
|inactive|lolgz has 30 seconds left.
|
|t:|1783034552
|move|p2a: Incineroar|Fake Out|p1b: Grimmsnarl
|-damage|p1b: Grimmsnarl|74/100 brn
|cant|p1b: Grimmsnarl|flinch
|move|p1a: Sinistcha|Matcha Gotcha|p2b: Scrafty|[spread] p2a,p2b
|-resisted|p2a: Incineroar|1
|-damage|p2a: Incineroar|81/100
|-heal|p1a: Sinistcha|99/100 brn|[from] drain|[of] p2a: Incineroar
|-damage|p2b: Scrafty|18/100 brn
|-heal|p1a: Sinistcha|100/100 brn|[from] drain|[of] p2b: Scrafty
|move|p2b: Scrafty|Knock Off|p1a: Sinistcha
|-supereffective|p1a: Sinistcha|1
|-damage|p1a: Sinistcha|50/100g brn
|-enditem|p1a: Sinistcha|Kasib Berry|[from] move: Knock Off|[of] p2b: Scrafty
|
|-weather|none
|-damage|p1b: Grimmsnarl|68/100 brn|[from] brn
|-damage|p1a: Sinistcha|44/100 brn|[from] brn
|-damage|p2b: Scrafty|12/100 brn|[from] brn
|upkeep
|turn|6
|-message|lolgz forfeited.
|
|win|ner0_05
|raw|ner0_05's rating: 1145 → 1168(+23 for winning)
|raw|lolgz's rating: 1121 → 1098(-23 for losing)
