|j|☆JakAttack101
|j|☆jerry_cilantro
|html|JakAttack101jerry_cilantro    
|uhtml|bestof|Game 3 of a best-of-3
|t:|1756499760
|gametype|doubles
|player|p1|JakAttack101|blaine|1087
|player|p2|jerry_cilantro|169|1000
|gen|9
|tier|[Gen 9] VGC 2025 Reg H (Bo3)
|rated|
|rule|Species Clause: Limit one of each Pokémon
|rule|Item Clause: Limit 1 of each item
|clearpoke
|poke|p1|Annihilape, L50, M|
|poke|p1|Ninetales-Alola, L50, M|
|poke|p1|Garchomp, L50, F|
|poke|p1|Dragonite, L50, M|
|poke|p1|Sneasler, L50, M|
|poke|p1|Incineroar, L50, F|
|poke|p2|Volcarona, L50, M|
|poke|p2|Reuniclus, L50, F|
|poke|p2|Basculegion, L50, M|
|poke|p2|Sneasler, L50, F|
|poke|p2|Ursaluna, L50, M|
|poke|p2|Indeedee-F, L50, F|
|teampreview|4
|showteam|p1|Annihilape||AssaultVest|Defiant|RageFist,DrainPunch,RockTomb,FinalGambit|||M|||50|,,,,,Fire]Ninetales-Alola||ChoiceSpecs|SnowWarning|Blizzard,Moonblast,FreezeDry,IcyWind|||M|||50|,,,,,Ghost]Garchomp||LifeOrb|RoughSkin|Earthquake,StompingTantrum,DragonClaw,Protect|||F|||50|,,,,,Steel]Dragonite||LoadedDice|Multiscale|ScaleShot,Tailwind,Protect,Haze|||M|||50|,,,,,Fairy]Sneasler||FocusSash|Unburden|CloseCombat,DireClaw,FakeOut,Coaching|||M|||50|,,,,,Ghost]Incineroar||SafetyGoggles|Intimidate|KnockOff,Taunt,FakeOut,PartingShot|||F|||50|,,,,,Fairy
|showteam|p2|Volcarona||CovertCloak|FlameBody|HeatWave,GigaDrain,BugBuzz,Tailwind|||M|||50|,,,,,Bug]Reuniclus||LifeOrb|MagicGuard|ExpandingForce,TrickRoom,ShadowBall,Protect|||F|||50|,,,,,Ghost]Basculegion||ChoiceScarf|Adaptability|WaveCrash,FlipTurn,LastRespects,Protect|||M|||50|,,,,,Grass]Sneasler||PsychicSeed|Unburden|DireClaw,FakeOut,CloseCombat,Protect|||F|||50|,,,,,Dark]Ursaluna||FlameOrb|Guts|Facade,HeadlongRush,Earthquake,Protect|||M|||50|,,,,,Normal]Indeedee-F||RockyHelmet|PsychicSurge|FollowMe,Psychic,TrickRoom,HelpingHand|||F|||50|,,,,,Ghost
|inactive|Battle timer is ON: inactive players will automatically lose when time's up. (requested by jerry_cilantro)
|
|t:|1756499771
|teamsize|p1|4
|teamsize|p2|4
|start
|switch|p1a: Dragonite|Dragonite, L50, M, shiny|100/100
|switch|p1b: Incineroar|Incineroar, L50, F, shiny|100/100
|switch|p2a: Sneasler|Sneasler, L50, F|100/100
|switch|p2b: Basculegion|Basculegion, L50, M|100/100
|-ability|p1b: Incineroar|Intimidate|boost
|-unboost|p2a: Sneasler|atk|1
|-unboost|p2b: Basculegion|atk|1
|turn|1
|j| Arkhept
|l| Arkhept
|inactive|jerry_cilantro has 30 seconds left.
|
|t:|1756499799
|move|p2a: Sneasler|Fake Out|p1a: Dragonite
|-damage|p1a: Dragonite|96/100
|move|p2b: Basculegion|Flip Turn|p1b: Incineroar
|-supereffective|p1b: Incineroar
|-damage|p1b: Incineroar|53/100
|
|t:|1756499807
|switch|p2b: Volcarona|Volcarona, L50, M|100/100|[from] Flip Turn
|cant|p1a: Dragonite|flinch
|move|p1b: Incineroar|Knock Off|p2b: Volcarona
|-damage|p2b: Volcarona|41/100
|-enditem|p2b: Volcarona|Covert Cloak|[from] move: Knock Off|[of] p1b: Incineroar
|
|upkeep
|turn|2
|inactive|jerry_cilantro has 30 seconds left.
|inactive|jerry_cilantro has 20 seconds left.
|inactive|jerry_cilantro has 15 seconds left.
|
|t:|1756499850
|-terastallize|p1b: Incineroar|Fairy
|move|p2a: Sneasler|Close Combat|p1b: Incineroar
|-resisted|p1b: Incineroar
|-damage|p1b: Incineroar|32/100
|-unboost|p2a: Sneasler|def|1
|-unboost|p2a: Sneasler|spd|1
|move|p2b: Volcarona|Tailwind|p2b: Volcarona
|-sidestart|p2: jerry_cilantro|move: Tailwind
|move|p1a: Dragonite|Scale Shot|p2b: Volcarona
|-damage|p2b: Volcarona|17/100
|-damage|p2b: Volcarona|0 fnt
|faint|p2b: Volcarona
|-hitcount|p2: Volcarona|2
|-unboost|p1a: Dragonite|def|1
|-boost|p1a: Dragonite|spe|1
|move|p1b: Incineroar|Knock Off|p2a: Sneasler
|-resisted|p2a: Sneasler
|-damage|p2a: Sneasler|51/100
|-enditem|p2a: Sneasler|Psychic Seed|[from] move: Knock Off|[of] p1b: Incineroar
|
|upkeep
|
|t:|1756499873
|switch|p2b: Basculegion|Basculegion, L50, M|100/100
|turn|3
|
|t:|1756499891
|switch|p1b: Ninetales|Ninetales-Alola, L50, M, shiny|100/100
|-weather|Snowscape|[from] ability: Snow Warning|[of] p1b: Ninetales
|move|p2a: Sneasler|Dire Claw|p1b: Ninetales
|-supereffective|p1b: Ninetales
|-damage|p1b: Ninetales|47/100
|-status|p1b: Ninetales|par
|move|p2b: Basculegion|Last Respects|p1a: Dragonite
|-damage|p1a: Dragonite|0 fnt
|faint|p1a: Dragonite
|
|-weather|Snowscape|[upkeep]
|upkeep
|
|t:|1756499903
|switch|p1a: Incineroar|Incineroar, L50, F, shiny, tera:Fairy|32/100
|-ability|p1a: Incineroar|Intimidate|boost
|-unboost|p2a: Sneasler|atk|1
|-unboost|p2b: Basculegion|atk|1
|turn|4
|
|t:|1756499922
|move|p1a: Incineroar|Fake Out|p2a: Sneasler
|-damage|p2a: Sneasler|23/100
|cant|p2a: Sneasler|flinch
|move|p2b: Basculegion|Last Respects|p1a: Incineroar
|-damage|p1a: Incineroar|0 fnt
|faint|p1a: Incineroar
|move|p1b: Ninetales|Freeze-Dry|p2b: Basculegion
|-supereffective|p2b: Basculegion
|-damage|p2b: Basculegion|3/100
|
|-weather|Snowscape|[upkeep]
|upkeep
|
|t:|1756499934
|switch|p1a: Sneasler|Sneasler, L50, M, shiny|100/100
|turn|5
|
|t:|1756499943
|move|p2a: Sneasler|Dire Claw|p1b: Ninetales
|-supereffective|p1b: Ninetales
|-damage|p1b: Ninetales|3/100 par
|move|p2b: Basculegion|Last Respects|p1a: Sneasler
|-damage|p1a: Sneasler|16/100
|move|p1a: Sneasler|Dire Claw|p2b: Basculegion
|-resisted|p2b: Basculegion
|-damage|p2b: Basculegion|0 fnt
|faint|p2b: Basculegion
|cant|p1b: Ninetales|par
|
|-weather|Snowscape|[upkeep]
|-sideend|p2: jerry_cilantro|move: Tailwind
|upkeep
|
|t:|1756499955
|switch|p2b: Ursaluna|Ursaluna, L50, M|100/100
|turn|6
|inactive|jerry_cilantro has 30 seconds left.
|
|t:|1756499985
|-terastallize|p2b: Ursaluna|Normal
|move|p2a: Sneasler|Dire Claw|p1a: Sneasler
|-resisted|p1a: Sneasler
|-damage|p1a: Sneasler|0 fnt
|faint|p1a: Sneasler
|move|p1b: Ninetales|Freeze-Dry|p2a: Sneasler
|-damage|p2a: Sneasler|0 fnt
|faint|p2a: Sneasler
|move|p2b: Ursaluna|Facade|p1b: Ninetales
|-damage|p1b: Ninetales|0 fnt
|faint|p1b: Ninetales
|
|win|jerry_cilantro
|raw|JakAttack101's rating: 1087 → 1058(-29 for losing)
|raw|jerry_cilantro's rating: 1000 → 1050(+50 for winning)
