|j|☆urii.166
|j|☆GS Barnabe
|html|urii.166GS Barnabe    
|uhtml|bestof|Game 2 of a best-of-3
|t:|1785954892
|gametype|doubles
|player|p1|urii.166|265|1041
|player|p2|GS Barnabe|1|1179
|gen|9
|tier|[Gen 9 Champions] VGC 2026 Reg M-B (Bo3)
|rated|
|rule|Species Clause: Limit one of each Pokémon
|rule|Item Clause: Limit 1 of each item
|clearpoke
|poke|p1|Swampert, L50, M|
|poke|p1|Grimmsnarl, L50, M|
|poke|p1|Pelipper, L50, F|
|poke|p1|Archaludon, L50, M|
|poke|p1|Sinistcha, L50|
|poke|p1|Metagross, L50|
|poke|p2|Clefable, L50, F|
|poke|p2|Tyranitar, L50, F|
|poke|p2|Garchomp, L50, F|
|poke|p2|Gholdengo, L50|
|poke|p2|Rotom-Wash, L50|
|poke|p2|Aerodactyl, L50, F|
|teampreview|4
|showteam|p1|Swampert||Swampertite|Damp|Protect,IcePunch,WaveCrash,Earthquake|Adamant||M|||50|]Grimmsnarl||LightClay|Prankster|FoulPlay,PartingShot,Reflect,LightScreen|Calm||M|||50|]Pelipper||SitrusBerry|Drizzle|Hurricane,Protect,WideGuard,WeatherBall|Modest||F|||50|]Archaludon||Leftovers|Stamina|Protect,ElectroShot,DragonPulse,FlashCannon|Modest||M|||50|]Sinistcha||CobaBerry|Hospitality|Protect,TrickRoom,MatchaGotcha,RagePowder|Relaxed|||||50|]Metagross||Metagrossite|ClearBody|Protect,BodyPress,PsychicFangs,IronHead|Jolly|||||50|
|showteam|p2|Clefable||SitrusBerry|Unaware|Moonblast,FollowMe,HealPulse,Protect|Bold||F|||50|]Tyranitar||ChoiceScarf|SandStream|RockSlide,KnockOff,IcePunch,Superpower|Jolly||F|||50|]Garchomp||Garchompite|SandVeil|DracoMeteor,EarthPower,PowerGem,Protect|Modest||F|||50|]Gholdengo||LifeOrb|GoodasGold|MakeItRain,ShadowBall,NastyPlot,Protect|Modest|||||50|]Rotom-Wash||Leftovers|Levitate|HydroPump,VoltSwitch,WillOWisp,Protect|Calm|||||50|]Aerodactyl||Aerodactylite|RockHead|RockSlide,DualWingbeat,Tailwind,Protect|Jolly||F|||50|
|inactive|Battle timer is ON: inactive players will automatically lose when time's up. (requested by urii.166)
|
|t:|1785954932
|teamsize|p1|4
|teamsize|p2|4
|start
|switch|p1a: Grimmsnarl|Grimmsnarl, L50, M|100/100
|switch|p1b: Metagross|Metagross, L50|100/100
|switch|p2a: Gholdengo|Gholdengo, L50|100/100
|switch|p2b: Rotom|Rotom-Wash, L50|100/100
|turn|1
|
|t:|1785954950
|move|p1a: Grimmsnarl|Light Screen|p1a: Grimmsnarl
|-sidestart|p1: urii.166|move: Light Screen
|move|p2b: Rotom|Will-O-Wisp|p1b: Metagross
|-status|p1b: Metagross|brn
|move|p1b: Metagross|Psychic Fangs|p2b: Rotom
|-damage|p2b: Rotom|75/100
|move|p2a: Gholdengo|Nasty Plot|p2a: Gholdengo
|-boost|p2a: Gholdengo|spa|2
|
|-heal|p2b: Rotom|80/100|[from] item: Leftovers
|-damage|p1b: Metagross|94/100 brn|[from] brn
|upkeep
|turn|2
|
|t:|1785954974
|move|p2b: Rotom|Volt Switch|p1a: Grimmsnarl
|-damage|p1a: Grimmsnarl|84/100
|
|t:|1785954978
|switch|p2b: Tyranitar|Tyranitar, L50, F|100/100|[from] Volt Switch
|-weather|Sandstorm|[from] ability: Sand Stream|[of] p2b: Tyranitar
|move|p1b: Metagross|Body Press|p2b: Tyranitar
|-supereffective|p2b: Tyranitar|2
|-damage|p2b: Tyranitar|55/100
|move|p2a: Gholdengo|Shadow Ball|p1b: Metagross
|-supereffective|p1b: Metagross|1
|-damage|p1b: Metagross|0 fnt
|faint|p1b: Metagross
|-damage|p2a: Gholdengo|90/100|[from] item: Life Orb
|move|p1a: Grimmsnarl|Foul Play|p2a: Gholdengo
|-supereffective|p2a: Gholdengo|1
|-damage|p2a: Gholdengo|55/100
|
|-weather|Sandstorm|[upkeep]
|-damage|p1a: Grimmsnarl|78/100|[from] Sandstorm
|upkeep
|
|t:|1785954998
|switch|p1b: Sinistcha|Sinistcha, L50|100/100
|-heal|p1a: Grimmsnarl|100/100|[from] ability: Hospitality|[of] p1b: Sinistcha
|turn|3
|
|t:|1785955012
|move|p1a: Grimmsnarl|Reflect|p1a: Grimmsnarl
|-sidestart|p1: urii.166|Reflect
|move|p2b: Tyranitar|Knock Off|p1b: Sinistcha
|-supereffective|p1b: Sinistcha|1
|-damage|p1b: Sinistcha|45/100
|-enditem|p1b: Sinistcha|Coba Berry|[from] move: Knock Off|[of] p2b: Tyranitar
|move|p2a: Gholdengo|Shadow Ball|p1b: Sinistcha
|-supereffective|p1b: Sinistcha|1
|-damage|p1b: Sinistcha|0 fnt
|faint|p1b: Sinistcha
|-damage|p2a: Gholdengo|46/100|[from] item: Life Orb
|
|-weather|Sandstorm|[upkeep]
|-damage|p1a: Grimmsnarl|94/100|[from] Sandstorm
|upkeep
|
|t:|1785955025
|switch|p1b: Swampert|Swampert, L50, M|100/100
|turn|4
|
|t:|1785955039
|switch|p2b: Rotom|Rotom-Wash, L50|80/100
|detailschange|p1b: Swampert|Swampert-Mega, L50, M
|-mega|p1b: Swampert|Swampert|Swampertite
|move|p2a: Gholdengo|Make It Rain|p1a: Grimmsnarl|[spread] p1a
|-miss|p2a: Gholdengo|p1b: Swampert
|-supereffective|p1a: Grimmsnarl|1
|-damage|p1a: Grimmsnarl|0 fnt
|-unboost|p2a: Gholdengo|spa|2
|faint|p1a: Grimmsnarl
|-damage|p2a: Gholdengo|36/100|[from] item: Life Orb
|move|p1b: Swampert|Wave Crash|p2b: Rotom
|-resisted|p2b: Rotom|1
|-damage|p2b: Rotom|41/100
|-damage|p1b: Swampert|89/100|[from] Recoil
|
|-weather|Sandstorm|[upkeep]
|-damage|p2b: Rotom|35/100|[from] Sandstorm
|-heal|p2b: Rotom|41/100|[from] item: Leftovers
|upkeep
|turn|5
|inactive|GS Barnabe has 30 seconds left.
|
|t:|1785955070
|move|p2b: Rotom|Will-O-Wisp|p1b: Swampert
|-status|p1b: Swampert|brn
|move|p2a: Gholdengo|Shadow Ball|p1b: Swampert
|-damage|p1b: Swampert|61/100 brn
|-unboost|p1b: Swampert|spd|1
|-damage|p2a: Gholdengo|26/100|[from] item: Life Orb
|move|p1b: Swampert|Wave Crash|p2b: Rotom
|-resisted|p2b: Rotom|1
|-damage|p2b: Rotom|21/100
|-damage|p1b: Swampert|55/100 brn|[from] Recoil
|
|-weather|Sandstorm|[upkeep]
|-damage|p2b: Rotom|16/100|[from] Sandstorm
|-heal|p2b: Rotom|21/100|[from] item: Leftovers
|-damage|p1b: Swampert|49/100 brn|[from] brn
|upkeep
|turn|6
|
|t:|1785955091
|move|p2b: Rotom|Hydro Pump|p1b: Swampert
|-damage|p1b: Swampert|15/100 brn
|move|p2a: Gholdengo|Shadow Ball|p1b: Swampert
|-damage|p1b: Swampert|0 fnt
|faint|p1b: Swampert
|-damage|p2a: Gholdengo|17/100|[from] item: Life Orb
|
|win|GS Barnabe
