|j|☆PatuDucc
|j|☆DibraldinhoVGC
|html|PatuDuccDibraldinhoVGC    
|uhtml|bestof|Game 2 of a best-of-3
|t:|1784683754
|gametype|doubles
|player|p1|PatuDucc|170|
|player|p2|DibraldinhoVGC|1|
|gen|9
|tier|[Gen 9 Champions] VGC 2026 Reg M-B (Bo3)
|rule|Species Clause: Limit one of each Pokémon
|rule|Item Clause: Limit 1 of each item
|clearpoke
|poke|p1|Delphox, L50, M, shiny|
|poke|p1|Sneasler, L50, M|
|poke|p1|Blastoise, L50, M|
|poke|p1|Incineroar, L50, F, shiny|
|poke|p1|Sinistcha, L50|
|poke|p1|Kingambit, L50, M, shiny|
|poke|p2|Grimmsnarl, L50, M, shiny|
|poke|p2|Pelipper, L50, M|
|poke|p2|Archaludon, L50, M|
|poke|p2|Venusaur, L50, F|
|poke|p2|Charizard, L50, M, shiny|
|poke|p2|Basculegion, L50, M|
|teampreview|4
|showteam|p1|Delphox||Delphoxite|Blaze|HeatWave,Psyshock,NastyPlot,Protect|Timid||M|||50|]Sneasler||FocusSash|Unburden|FakeOut,DireClaw,CloseCombat,QuickGuard|Jolly||M|||50|]Blastoise||Blastoisinite|Torrent|WaterSpout,DarkPulse,ShellSmash,Protect|Modest||M|||50|]Incineroar||SitrusBerry|Intimidate|FakeOut,FlareBlitz,ThroatChop,PartingShot|Relaxed||F|||50|]Sinistcha||KasibBerry|Hospitality|RagePowder,MatchaGotcha,TrickRoom,Imprison|Bold|||||50|]Kingambit||BlackGlasses|Defiant|IronHead,KowtowCleave,SuckerPunch,Protect|Adamant||M|||50|
|showteam|p2|Grimmsnarl||LightClay|Prankster|SpiritBreak,PartingShot,Reflect,LightScreen|Sassy||M|||50|]Pelipper||SitrusBerry|Drizzle|Hurricane,WeatherBall,Tailwind,WideGuard|Modest||M|||50|]Archaludon||Leftovers|Stamina|ElectroShot,DragonPulse,FlashCannon,Protect|Modest||M|||50|]Venusaur||FocusSash|Chlorophyll|SludgeBomb,EarthPower,SleepPowder,Protect|Modest||F|||50|]Charizard||CharizarditeY|Blaze|HeatWave,WeatherBall,SolarBeam,Protect|Modest||M|||50|]Basculegion||ChoiceScarf|Adaptability|WaveCrash,LastRespects,FlipTurn,AquaJet|Jolly||M|||50|
|
|t:|1784683899
|teamsize|p1|4
|teamsize|p2|4
|start
|switch|p1a: Estêvão|Sneasler, L50, M|100/100
|switch|p1b: Tia Leila|Delphox, L50, M, shiny|100/100
|switch|p2a: Charizard|Charizard, L50, M, shiny|100/100
|switch|p2b: Venusaur|Venusaur, L50, F|100/100
|turn|1
|
|t:|1784683949
|detailschange|p1b: Tia Leila|Delphox-Mega, L50, M, shiny
|-mega|p1b: Tia Leila|Delphox|Delphoxite
|detailschange|p2a: Charizard|Charizard-Mega-Y, L50, M, shiny
|-mega|p2a: Charizard|Charizard|Charizardite Y
|-weather|SunnyDay|[from] ability: Drought|[of] p2a: Charizard
|move|p1a: Estêvão|Fake Out|p2b: Venusaur
|-damage|p2b: Venusaur|80/100
|cant|p2b: Venusaur|flinch
|move|p1b: Tia Leila|Nasty Plot|p1b: Tia Leila
|-boost|p1b: Tia Leila|spa|2
|move|p2a: Charizard|Heat Wave|p1a: Estêvão|[spread] p1a
|-miss|p2a: Charizard|p1b: Tia Leila
|-damage|p1a: Estêvão|16/100
|-status|p1a: Estêvão|brn
|
|-weather|SunnyDay|[upkeep]
|-damage|p1a: Estêvão|10/100 brn|[from] brn
|upkeep
|turn|2
|
|t:|1784683983
|switch|p2b: Pelipper|Pelipper, L50, M|100/100
|-weather|RainDance|[from] ability: Drizzle|[of] p2b: Pelipper
|switch|p1a: GustavoGómez|Incineroar, L50, F, shiny|100/100
|-ability|p1a: GustavoGómez|Intimidate|boost
|-unboost|p2a: Charizard|atk|1
|-unboost|p2b: Pelipper|atk|1
|move|p1b: Tia Leila|Protect|p1b: Tia Leila
|-singleturn|p1b: Tia Leila|Protect
|move|p2a: Charizard|Weather Ball|p1a: GustavoGómez
|-supereffective|p1a: GustavoGómez|1
|-crit|p1a: GustavoGómez
|-damage|p1a: GustavoGómez|0 fnt
|faint|p1a: GustavoGómez
|
|-weather|RainDance|[upkeep]
|upkeep
|
|t:|1784684000
|switch|p1a: Estêvão|Sneasler, L50, M|10/100 brn
|turn|3
|
|t:|1784684026
|move|p2a: Charizard|Protect|p2a: Charizard
|-singleturn|p2a: Charizard|Protect
|move|p1a: Estêvão|Fake Out|p2b: Pelipper
|-damage|p2b: Pelipper|92/100
|move|p1b: Tia Leila|Psyshock|p2a: Charizard
|-activate|p2a: Charizard|move: Protect
|cant|p2b: Pelipper|flinch
|
|-weather|RainDance|[upkeep]
|-damage|p1a: Estêvão|5/100 brn|[from] brn
|upkeep
|turn|4
|
|t:|1784684053
|switch|p2a: Venusaur|Venusaur, L50, F|80/100
|move|p1b: Tia Leila|Psyshock|p2a: Venusaur
|-supereffective|p2a: Venusaur|1
|-damage|p2a: Venusaur|0 fnt
|faint|p2a: Venusaur
|move|p1a: Estêvão|Dire Claw|p2b: Pelipper
|-damage|p2b: Pelipper|68/100
|move|p2b: Pelipper|Tailwind|p2b: Pelipper
|-sidestart|p2: DibraldinhoVGC|move: Tailwind
|
|-weather|RainDance|[upkeep]
|-damage|p1a: Estêvão|0 fnt|[from] brn
|faint|p1a: Estêvão
|upkeep
|
|t:|1784684074
|switch|p1a: Palmeiras|Sinistcha, L50|100/100
|switch|p2a: Charizard|Charizard-Mega-Y, L50, M, shiny|100/100
|-weather|SunnyDay|[from] ability: Drought|[of] p2a: Charizard
|turn|5
|
|t:|1784684120
|move|p1a: Palmeiras|Rage Powder|p1a: Palmeiras
|-singleturn|p1a: Palmeiras|move: Rage Powder
|move|p2a: Charizard|Weather Ball|p1a: Palmeiras
|-supereffective|p1a: Palmeiras|1
|-damage|p1a: Palmeiras|0 fnt
|faint|p1a: Palmeiras
|move|p1b: Tia Leila|Psyshock|p2a: Charizard
|-damage|p2a: Charizard|0 fnt
|faint|p2a: Charizard
|move|p2b: Pelipper|Weather Ball|p1b: Tia Leila
|-resisted|p1b: Tia Leila|1
|-damage|p1b: Tia Leila|80/100
|
|-weather|SunnyDay|[upkeep]
|upkeep
|
|t:|1784684132
|switch|p2a: Basculegion|Basculegion, L50, M|100/100
|turn|6
|
|t:|1784684140
|move|p2a: Basculegion|Last Respects|p1b: Tia Leila
|-supereffective|p1b: Tia Leila|1
|-damage|p1b: Tia Leila|0 fnt
|faint|p1b: Tia Leila
|
|win|DibraldinhoVGC
||PatuDucc is ready for game 3.
|inactive|DibraldinhoVGC has 30 seconds to confirm battle start!
