|j|☆vilan333
|j|☆oscarmachacador
|html|vilan333oscarmachacador    
|uhtml|bestof|Game 1 of a best-of-3
|t:|1782676096
|gametype|doubles
|player|p1|vilan333|marshal|1184
|player|p2|oscarmachacador|101|1086
|gen|9
|tier|[Gen 9 Champions] VGC 2026 Reg M-B (Bo3)
|rated|
|rule|Species Clause: Limit one of each Pokémon
|rule|Item Clause: Limit 1 of each item
|clearpoke
|poke|p1|Farigiraf, L50, M|
|poke|p1|Torkoal, L50, F|
|poke|p1|Annihilape, L50, F|
|poke|p1|Aerodactyl, L50, M|
|poke|p1|Sylveon, L50, M|
|poke|p1|Metagross, L50, shiny|
|poke|p2|Scovillain, L50, M|
|poke|p2|Aerodactyl, L50, F|
|poke|p2|Rotom-Wash, L50|
|poke|p2|Sneasler, L50, F|
|poke|p2|Ninetales-Alola, L50, F|
|poke|p2|Incineroar, L50, F|
|teampreview|4
|showteam|p1|Farigiraf||SitrusBerry|ArmorTail|TrickRoom,Protect,Psychic,HelpingHand|Bold||M|||50|]Torkoal||Charcoal|Drought|Eruption,WeatherBall,EarthPower,Protect|Quiet||F|||50|]Annihilape||FocusSash|Defiant|ShadowClaw,CloseCombat,Taunt,Protect|Jolly||F|||50|]Aerodactyl||Aerodactylite|Unnerve|Tailwind,RockSlide,IceFang,WideGuard|Jolly||M|||50|]Sylveon||FairyFeather|Pixilate|Detect,HyperVoice,HyperBeam,QuickAttack|Modest||M|||50|]Metagross||Metagrossite|ClearBody|IronHead,PsychicFangs,Protect,StompingTantrum|Jolly|||||50|
|showteam|p2|Scovillain||Scovillainite|Moody|Overheat,LeechSeed,RagePowder,Protect|Calm||M|||50|]Aerodactyl||Aerodactylite|Pressure|RockSlide,DualWingbeat,Protect,IceFang|Jolly||F|||50|]Rotom-Wash||Leftovers|Levitate|HydroPump,Protect,VoltSwitch,Thunderbolt|Calm|||||50|]Sneasler||WhiteHerb|Unburden|PoisonJab,CloseCombat,FakeOut,Protect|Adamant||F|||50|]Ninetales-Alola||LightClay|SnowWarning|Blizzard,AuroraVeil,Encore,Moonblast|Timid||F|||50|]Incineroar||SitrusBerry|Intimidate|FakeOut,FlareBlitz,Snarl,PartingShot|Careful||F|||50|
|
|t:|1782676161
|teamsize|p1|4
|teamsize|p2|4
|start
|switch|p1a: Aerodactyl|Aerodactyl, L50, M|100/100
|switch|p1b: Annihilape|Annihilape, L50, F|100/100
|switch|p2a: Scovillain|Scovillain, L50, M|100/100
|switch|p2b: Ninetales|Ninetales-Alola, L50, F|100/100
|-ability|p1a: Aerodactyl|Unnerve
|-weather|Snowscape|[from] ability: Snow Warning|[of] p2b: Ninetales
|turn|1
|inactive|Battle timer is ON: inactive players will automatically lose when time's up. (requested by vilan333)
|inactive|oscarmachacador has 60 seconds left.
|
|t:|1782676197
|detailschange|p1a: Aerodactyl|Aerodactyl-Mega, L50, M
|-mega|p1a: Aerodactyl|Aerodactyl|Aerodactylite
|detailschange|p2a: Scovillain|Scovillain-Mega, L50, M
|-mega|p2a: Scovillain|Scovillain|Scovillainite
|move|p1a: Aerodactyl|Tailwind|p1a: Aerodactyl
|-sidestart|p1: vilan333|move: Tailwind
|move|p1b: Annihilape|Taunt|p2a: Scovillain
|-start|p2a: Scovillain|move: Taunt
|move|p2b: Ninetales|Aurora Veil|p2b: Ninetales
|-sidestart|p2: oscarmachacador|move: Aurora Veil
|cant|p2a: Scovillain|move: Taunt|Leech Seed
|
|-weather|Snowscape|[upkeep]
|upkeep
|turn|2
|inactive|oscarmachacador has 30 seconds left.
|
|t:|1782676227
|switch|p2a: Rotom|Rotom-Wash, L50|100/100
|move|p1a: Aerodactyl|Rock Slide|p2a: Rotom|[spread] p2a,p2b
|-supereffective|p2b: Ninetales|1
|-crit|p2b: Ninetales
|-damage|p2a: Rotom|82/100
|-damage|p2b: Ninetales|35/100
|move|p1b: Annihilape|Shadow Claw|p2b: Ninetales
|-damage|p2b: Ninetales|17/100
|move|p2b: Ninetales|Moonblast|p1b: Annihilape
|-supereffective|p1b: Annihilape|1
|-damage|p1b: Annihilape|41/100
|
|-weather|Snowscape|[upkeep]
|-heal|p2a: Rotom|87/100|[from] item: Leftovers
|upkeep
|turn|3
|inactive|vilan333 has 30 seconds left.
|inactive|oscarmachacador has 30 seconds left.
|
|t:|1782676255
|switch|p2b: Scovillain|Scovillain-Mega, L50, M|100/100
|move|p1a: Aerodactyl|Rock Slide|p2b: Scovillain|[spread] p2b
|-miss|p1a: Aerodactyl|p2a: Rotom
|-supereffective|p2b: Scovillain|1
|-damage|p2b: Scovillain|64/100
|-status|p1a: Aerodactyl|brn|[from] ability: Spicy Spray|[of] p2b: Scovillain
|move|p1b: Annihilape|Close Combat|p2a: Rotom
|-damage|p2a: Rotom|47/100
|-unboost|p1b: Annihilape|def|1
|-unboost|p1b: Annihilape|spd|1
|move|p2a: Rotom|Volt Switch|p1a: Aerodactyl
|-supereffective|p1a: Aerodactyl|1
|-damage|p1a: Aerodactyl|46/100 brn
|
|t:|1782676274
|switch|p2a: Sneasler|Sneasler, L50, F|100/100|[from] Volt Switch
|
|-weather|Snowscape|[upkeep]
|-damage|p1a: Aerodactyl|40/100 brn|[from] brn
|upkeep
|turn|4
|
|t:|1782676290
|switch|p1a: Farigiraf|Farigiraf, L50, M|100/100
|move|p2a: Sneasler|Fake Out||[still]
|cant|p1a: Farigiraf|ability: Armor Tail|Fake Out|[of] p2a: Sneasler
|move|p1b: Annihilape|Taunt|p2b: Scovillain
|-start|p2b: Scovillain|move: Taunt
|move|p2b: Scovillain|Overheat|p1b: Annihilape|[miss]
|-miss|p2b: Scovillain|p1b: Annihilape
|
|-weather|Snowscape|[upkeep]
|-sideend|p1: vilan333|move: Tailwind
|upkeep
|turn|5
|inactive|oscarmachacador has 30 seconds left.
|
|t:|1782676320
|move|p1b: Annihilape|Close Combat|p2b: Scovillain
|-damage|p2b: Scovillain|24/100
|-unboost|p1b: Annihilape|def|1
|-unboost|p1b: Annihilape|spd|1
|-status|p1b: Annihilape|brn|[from] ability: Spicy Spray|[of] p2b: Scovillain
|move|p2a: Sneasler|Poison Jab|p1b: Annihilape
|-resisted|p1b: Annihilape|1
|-crit|p1b: Annihilape
|-damage|p1b: Annihilape|0 fnt
|faint|p1b: Annihilape
|move|p2b: Scovillain|Overheat|p1a: Farigiraf
|-damage|p1a: Farigiraf|46/100
|-unboost|p2b: Scovillain|spa|2
|-enditem|p1a: Farigiraf|Sitrus Berry|[eat]
|-heal|p1a: Farigiraf|71/100|[from] item: Sitrus Berry
|move|p1a: Farigiraf|Trick Room|p1a: Farigiraf
|-fieldstart|move: Trick Room|[of] p1a: Farigiraf
|
|-weather|none
|upkeep
|
|t:|1782676339
|switch|p1b: Torkoal|Torkoal, L50, F|100/100
|-weather|SunnyDay|[from] ability: Drought|[of] p1b: Torkoal
|turn|6
|
|t:|1782676363
|switch|p2b: Ninetales|Ninetales-Alola, L50, F|17/100
|-weather|Snowscape|[from] ability: Snow Warning|[of] p2b: Ninetales
|move|p2a: Sneasler|Protect|p2a: Sneasler
|-singleturn|p2a: Sneasler|Protect
|move|p1b: Torkoal|Eruption|p2b: Ninetales|[spread] p2b
|-activate|p2a: Sneasler|move: Protect
|-supereffective|p2b: Ninetales|1
|-damage|p2b: Ninetales|0 fnt
|faint|p2b: Ninetales
|move|p1a: Farigiraf|Psychic|p2a: Sneasler
|-activate|p2a: Sneasler|move: Protect
|
|-weather|Snowscape|[upkeep]
|upkeep
|
|t:|1782676379
|switch|p2b: Scovillain|Scovillain-Mega, L50, M|24/100
|turn|7
|
|t:|1782676398
|move|p1b: Torkoal|Eruption|p2b: Scovillain|[spread] p2a,p2b
|-damage|p2a: Sneasler|57/100
|-damage|p2b: Scovillain|0 fnt
|-immune|p1b: Torkoal
|faint|p2b: Scovillain
|move|p1a: Farigiraf|Psychic|p2a: Sneasler
|-supereffective|p2a: Sneasler|2
|-damage|p2a: Sneasler|0 fnt
|faint|p2a: Sneasler
|
|-weather|Snowscape|[upkeep]
|upkeep
|inactive|oscarmachacador has 30 seconds left.
|-message|oscarmachacador forfeited.
|
|win|vilan333
|l|☆oscarmachacador
|player|p2|
