|j|☆ARROW IS MY GOAT
|j|☆vgceplt Karurosu
|html|ARROW IS MY GOATvgceplt Karurosu    
|uhtml|bestof|Game 2 of a best-of-3
|t:|1783519710
|gametype|doubles
|player|p1|ARROW IS MY GOAT|2|1000
|player|p2|vgceplt Karurosu|cynthia|1033
|gen|9
|tier|[Gen 9 Champions] VGC 2026 Reg M-B (Bo3)
|rated|
|rule|Species Clause: Limit one of each Pokémon
|rule|Item Clause: Limit 1 of each item
|clearpoke
|poke|p1|Greninja, L50, F, shiny|
|poke|p1|Vanilluxe, L50, M, shiny|
|poke|p1|Glimmora, L50, F, shiny|
|poke|p1|Garchomp, L50, M|
|poke|p1|Milotic, L50, F, shiny|
|poke|p1|Incineroar, L50, F|
|poke|p2|Kingambit, L50, M|
|poke|p2|Charizard, L50, F|
|poke|p2|Aerodactyl, L50, F|
|poke|p2|Farigiraf, L50, F|
|poke|p2|Garchomp, L50, M|
|poke|p2|Sylveon, L50, M|
|teampreview|4
|showteam|p1|Greninja||Greninjite|Protean|Blizzard,DarkPulse,Protect,LowKick|Hasty||F|||50|]Vanilluxe||ChoiceScarf|SnowWarning|Blizzard,AuroraVeil,FreezeDry,Taunt|Timid||M|||50|]Glimmora||LifeOrb|ToxicDebris|EarthPower,SludgeWave,PowerGem,SpikyShield|Bold||F|||50|]Garchomp||LumBerry|RoughSkin|RockSlide,DragonClaw,StompingTantrum,Protect|Adamant||M|||50|]Milotic||Leftovers|Competitive|IcyWind,Scald,Recover,Protect|Calm||F|||50|]Incineroar||SitrusBerry|Intimidate|PartingShot,ThroatChop,FlareBlitz,FakeOut|Careful||F|||50|
|showteam|p2|Kingambit||FocusSash|Defiant|KowtowCleave,IronHead,SuckerPunch,LowKick|Adamant||M|||50|]Charizard||CharizarditeY|Blaze|HeatWave,SolarBeam,WeatherBall,Protect|Modest||F|||50|]Aerodactyl||Aerodactylite|Unnerve|RockSlide,DualWingbeat,IceFang,Tailwind|Jolly||F|||50|]Farigiraf||SitrusBerry|ArmorTail|Psychic,Thunderbolt,TrickRoom,Protect|Bold||F|||50|]Garchomp||LifeOrb|RoughSkin|Earthquake,DragonClaw,StompingTantrum,Protect|Jolly||M|||50|]Sylveon||FairyFeather|Pixilate|HyperVoice,HyperBeam,QuickAttack,Protect|Modest||M|||50|
|
|t:|1783519794
|teamsize|p1|4
|teamsize|p2|4
|start
|switch|p1a: Vanilluxe|Vanilluxe, L50, M, shiny|100/100
|switch|p1b: Greninja|Greninja, L50, F, shiny|100/100
|switch|p2a: Kingambit|Kingambit, L50, M|100/100
|switch|p2b: Farigiraf|Farigiraf, L50, F|100/100
|-weather|Snowscape|[from] ability: Snow Warning|[of] p1a: Vanilluxe
|turn|1
|inactive|Battle timer is ON: inactive players will automatically lose when time's up. (requested by ARROW IS MY GOAT)
|
|t:|1783519881
|move|p2b: Farigiraf|Protect|p2b: Farigiraf
|-singleturn|p2b: Farigiraf|Protect
|move|p1a: Vanilluxe|Taunt|p2b: Farigiraf
|-activate|p2b: Farigiraf|move: Protect
|move|p1b: Greninja|Low Kick|p2a: Kingambit
|-start|p1b: Greninja|typechange|Fighting|[from] ability: Protean
|-supereffective|p2a: Kingambit|2
|-enditem|p2a: Kingambit|Focus Sash
|-damage|p2a: Kingambit|1/100
|move|p2a: Kingambit|Low Kick|p1b: Greninja
|-damage|p1b: Greninja|54/100
|
|-weather|Snowscape|[upkeep]
|upkeep
|turn|2
|inactive|ARROW IS MY GOAT has 30 seconds left.
|inactive|vgceplt Karurosu has 30 seconds left.
|inactive|vgceplt Karurosu has 20 seconds left.
|
|t:|1783519917
|detailschange|p1b: Greninja|Greninja-Mega, L50, F, shiny
|-mega|p1b: Greninja|Greninja|Greninjite
|move|p2a: Kingambit|Sucker Punch|p1b: Greninja
|-resisted|p1b: Greninja|1
|-damage|p1b: Greninja|20/100r
|move|p1a: Vanilluxe|Taunt|p2b: Farigiraf
|-start|p2b: Farigiraf|move: Taunt
|move|p1b: Greninja|Blizzard|p2b: Farigiraf|[spread] p2a,p2b
|-start|p1b: Greninja|typechange|Ice|[from] ability: Protean
|-resisted|p2a: Kingambit|1
|-damage|p2a: Kingambit|0 fnt
|-damage|p2b: Farigiraf|62/100
|faint|p2a: Kingambit
|move|p2b: Farigiraf|Thunderbolt|p1b: Greninja
|-damage|p1b: Greninja|0 fnt
|faint|p1b: Greninja
|
|-weather|Snowscape|[upkeep]
|upkeep
|inactive|ARROW IS MY GOAT has 30 seconds left.
|
|t:|1783519947
|switch|p1b: Milotic|Milotic, L50, F, shiny|100/100
|switch|p2a: Charizard|Charizard, L50, F|100/100
|turn|3
|
|t:|1783519957
|switch|p1a: Garchomp|Garchomp, L50, M|100/100
|detailschange|p2a: Charizard|Charizard-Mega-Y, L50, F
|-mega|p2a: Charizard|Charizard|Charizardite Y
|-weather|SunnyDay|[from] ability: Drought|[of] p2a: Charizard
|move|p2a: Charizard|Solar Beam||[still]
|-prepare|p2a: Charizard|Solar Beam
|-anim|p2a: Charizard|Solar Beam|p1b: Milotic
|-supereffective|p1b: Milotic|1
|-damage|p1b: Milotic|44/100
|move|p1b: Milotic|Scald|p2a: Charizard
|-supereffective|p2a: Charizard|1
|-damage|p2a: Charizard|75/100
|move|p2b: Farigiraf|Thunderbolt|p1b: Milotic
|-supereffective|p1b: Milotic|1
|-damage|p1b: Milotic|16/100
|
|-weather|SunnyDay|[upkeep]
|-heal|p1b: Milotic|22/100|[from] item: Leftovers
|upkeep
|turn|4
|
|t:|1783519977
|switch|p2a: Sylveon|Sylveon, L50, M|100/100
|move|p1a: Garchomp|Rock Slide|p2a: Sylveon|[spread] p2b
|-miss|p1a: Garchomp|p2a: Sylveon
|-damage|p2b: Farigiraf|46/100
|-enditem|p2b: Farigiraf|Sitrus Berry|[eat]
|-heal|p2b: Farigiraf|71/100|[from] item: Sitrus Berry
|move|p1b: Milotic|Recover|p1b: Milotic
|-heal|p1b: Milotic|72/100
|move|p2b: Farigiraf|Thunderbolt|p1b: Milotic
|-supereffective|p1b: Milotic|1
|-damage|p1b: Milotic|47/100
|
|-weather|SunnyDay|[upkeep]
|-heal|p1b: Milotic|52/100|[from] item: Leftovers
|-end|p2b: Farigiraf|move: Taunt
|upkeep
|turn|5
|inactive|ARROW IS MY GOAT has 30 seconds left.
|
|t:|1783520004
|move|p1a: Garchomp|Rock Slide|p2a: Sylveon|[spread] p2a,p2b
|-damage|p2a: Sylveon|76/100
|-damage|p2b: Farigiraf|56/100
|move|p1b: Milotic|Icy Wind|p2b: Farigiraf|[spread] p2a,p2b
|-damage|p2a: Sylveon|68/100
|-damage|p2b: Farigiraf|47/100
|-unboost|p2a: Sylveon|spe|1
|-unboost|p2b: Farigiraf|spe|1
|move|p2a: Sylveon|Hyper Voice|p1b: Milotic|[spread] p1a,p1b
|-supereffective|p1a: Garchomp|1
|-damage|p1a: Garchomp|0 fnt
|-damage|p1b: Milotic|24/100
|faint|p1a: Garchomp
|move|p2b: Farigiraf|Psychic|p1b: Milotic
|-damage|p1b: Milotic|4/100
|
|-weather|SunnyDay|[upkeep]
|-heal|p1b: Milotic|10/100|[from] item: Leftovers
|upkeep
|
|t:|1783520019
|switch|p1a: Vanilluxe|Vanilluxe, L50, M, shiny|100/100
|-weather|Snowscape|[from] ability: Snow Warning|[of] p1a: Vanilluxe
|turn|6
|
|t:|1783520031
|switch|p2b: Charizard|Charizard-Mega-Y, L50, F|75/100
|-weather|SunnyDay|[from] ability: Drought|[of] p2b: Charizard
|move|p1b: Milotic|Protect|p1b: Milotic
|-singleturn|p1b: Milotic|Protect
|move|p2a: Sylveon|Quick Attack|p1b: Milotic
|-activate|p1b: Milotic|move: Protect
|move|p1a: Vanilluxe|Blizzard|p2b: Charizard|[spread] p2a
|-miss|p1a: Vanilluxe|p2b: Charizard
|-damage|p2a: Sylveon|39/100
|
|-weather|SunnyDay|[upkeep]
|-heal|p1b: Milotic|16/100|[from] item: Leftovers
|upkeep
|turn|7
|inactive|vgceplt Karurosu has 30 seconds left.
|
|t:|1783520061
|move|p1a: Vanilluxe|Blizzard|p2b: Charizard|[spread] p2a,p2b
|-damage|p2a: Sylveon|6/100
|-damage|p2b: Charizard|44/100
|move|p2b: Charizard|Heat Wave|p1a: Vanilluxe|[spread] p1a,p1b
|-supereffective|p1a: Vanilluxe|1
|-resisted|p1b: Milotic|1
|-damage|p1a: Vanilluxe|0 fnt
|-damage|p1b: Milotic|0 fnt
|faint|p1a: Vanilluxe
|faint|p1b: Milotic
|
|win|vgceplt Karurosu
|raw|ARROW IS MY GOAT's rating: 1000 → 1000(+0 for losing)
|raw|vgceplt Karurosu's rating: 1033 → 1065(+32 for winning)
