|j|☆itssobeak
|j|‽gg wp vgc
|html|itssobeakgg wp vgc    
|uhtml|bestof|Game 1 of a best-of-3
|t:|1784699557
|gametype|doubles
|player|p1|itssobeak|birdkeeper|1298
|player|p2|gg wp vgc|266|1314
|gen|9
|tier|[Gen 9 Champions] VGC 2026 Reg M-B (Bo3)
|rated|
|rule|Species Clause: Limit one of each Pokémon
|rule|Item Clause: Limit 1 of each item
|clearpoke
|poke|p1|Staraptor, L50, F|
|poke|p1|Weavile, L50, M|
|poke|p1|Whimsicott, L50, F|
|poke|p1|Glimmora, L50, F|
|poke|p1|Kingambit, L50, M|
|poke|p1|Sinistcha, L50|
|poke|p2|Staraptor, L50, M|
|poke|p2|Kingambit, L50, F|
|poke|p2|Garchomp, L50, F|
|poke|p2|Delphox, L50, F|
|poke|p2|Whimsicott, L50, M|
|poke|p2|Glimmora, L50, F|
|teampreview|4
|showteam|p1|Staraptor||Staraptite|Intimidate|BraveBird,CloseCombat,Uturn,Protect|Jolly||F|||50|]Weavile||WideLens|Pressure|KnockOff,TripleAxel,Taunt,FakeOut|Jolly||M|||50|]Whimsicott||FocusSash|Prankster|Moonblast,Tailwind,Encore,Tickle|Timid||F|||50|]Glimmora||Glimmoranite|ToxicDebris|PowerGem,SludgeBomb,EarthPower,SpikyShield|Timid||F|||50|]Kingambit||BlackGlasses|Defiant|KowtowCleave,SuckerPunch,SwordsDance,Protect|Adamant||M|||50|]Sinistcha||CobaBerry|Hospitality|MatchaGotcha,RagePowder,LifeDew,Protect|Bold|||||50|
|showteam|p2|Staraptor||Staraptite|Intimidate|CloseCombat,BraveBird,Roost,Protect|Jolly||M|||50|]Kingambit||ChopleBerry|Defiant|KowtowCleave,IronHead,SuckerPunch,LowKick|Adamant||F|||50|]Garchomp||ChoiceScarf|RoughSkin|Earthquake,RockSlide,DragonClaw,StompingTantrum|Adamant||F|||50|]Delphox||Delphoxite|Blaze|HeatWave,Psychic,Encore,Protect|Timid||F|||50|]Whimsicott||OccaBerry|Prankster|Tailwind,Moonblast,Charm,Encore|Timid||M|||50|]Glimmora||FocusSash|ToxicDebris|PowerGem,SludgeBomb,SpikyShield,EarthPower|Timid||F|||50|
|inactive|Battle timer is ON: inactive players will automatically lose when time's up. (requested by itssobeak)
|inactive|itssobeak has 60 seconds left.
|
|t:|1784699604
|teamsize|p1|4
|teamsize|p2|4
|start
|switch|p1a: Staraptor|Staraptor, L50, F|100/100
|switch|p1b: Whimsicott|Whimsicott, L50, F|100/100
|switch|p2a: Staraptor|Staraptor, L50, M|100/100
|switch|p2b: Garchomp|Garchomp, L50, F|100/100
|-ability|p2a: Staraptor|Intimidate|boost
|-unboost|p1a: Staraptor|atk|1
|-unboost|p1b: Whimsicott|atk|1
|-ability|p1a: Staraptor|Intimidate|boost
|-unboost|p2a: Staraptor|atk|1
|-unboost|p2b: Garchomp|atk|1
|turn|1
|inactive|gg wp vgc has 30 seconds left.
|inactive|gg wp vgc has 20 seconds left.
|inactive|gg wp vgc has 15 seconds left.
|
|t:|1784699648
|switch|p2b: Whimsicott|Whimsicott, L50, M|100/100
|detailschange|p2a: Staraptor|Staraptor-Mega, L50, M
|-mega|p2a: Staraptor|Staraptor|Staraptite
|detailschange|p1a: Staraptor|Staraptor-Mega, L50, F
|-mega|p1a: Staraptor|Staraptor|Staraptite
|move|p1b: Whimsicott|Tailwind|p1b: Whimsicott
|-sidestart|p1: itssobeak|move: Tailwind
|move|p1a: Staraptor|U-turn|p2a: Staraptor
|-resisted|p2a: Staraptor|2
|-damage|p2a: Staraptor|95/100
|inactive|itssobeak has 30 seconds left.
|
|t:|1784699678
|switch|p1a: Weavile|Weavile, L50, M|100/100|[from] U-turn
|-ability|p1a: Weavile|Pressure
|move|p2a: Staraptor|Close Combat|p1b: Whimsicott
|-resisted|p1b: Whimsicott|1
|-damage|p1b: Whimsicott|64/100
|-boost|p2a: Staraptor|def|1
|-boost|p2a: Staraptor|spd|1
|
|upkeep
|turn|2
|
|t:|1784699693
|move|p2b: Whimsicott|Encore|p1b: Whimsicott
|-start|p1b: Whimsicott|Encore
|move|p1b: Whimsicott|Tailwind||[still]
|-fail|p1b: Whimsicott
|move|p1a: Weavile|Triple Axel|p2a: Staraptor
|-supereffective|p2a: Staraptor|1
|-damage|p2a: Staraptor|79/100
|-supereffective|p2a: Staraptor|1
|-damage|p2a: Staraptor|48/100
|-supereffective|p2a: Staraptor|1
|-damage|p2a: Staraptor|4/100
|-hitcount|p2a: Staraptor|3
|move|p2a: Staraptor|Close Combat|p1a: Weavile
|-supereffective|p1a: Weavile|2
|-damage|p1a: Weavile|0 fnt
|-boost|p2a: Staraptor|def|1
|-boost|p2a: Staraptor|spd|1
|faint|p1a: Weavile
|
|upkeep
|
|t:|1784699703
|switch|p1a: Staraptor|Staraptor-Mega, L50, F|100/100
|turn|3
|
|t:|1784699718
|switch|p1b: Kingambit|Kingambit, L50, M|100/100
|move|p2a: Staraptor|Protect|p2a: Staraptor
|-singleturn|p2a: Staraptor|Protect
|move|p1a: Staraptor|Close Combat|p2a: Staraptor
|-activate|p2a: Staraptor|move: Protect
|move|p2b: Whimsicott|Moonblast|p1a: Staraptor
|-supereffective|p1a: Staraptor|1
|-damage|p1a: Staraptor|35/100
|-boost|p1a: Staraptor|spa|1
|
|upkeep
|turn|4
|inactive|itssobeak has 30 seconds left.
|inactive|gg wp vgc has 30 seconds left.
|
|t:|1784699747
|switch|p2a: Garchomp|Garchomp, L50, F|100/100
|move|p1b: Kingambit|Sucker Punch||[still]
|-fail|p1b: Kingambit
|move|p1a: Staraptor|U-turn|p2b: Whimsicott
|-crit|p2b: Whimsicott
|-damage|p2b: Whimsicott|57/100
|
|t:|1784699750
|switch|p1a: Whimsicott|Whimsicott, L50, F|64/100|[from] U-turn
|move|p2b: Whimsicott|Moonblast|p1a: Whimsicott
|-damage|p1a: Whimsicott|18/100
|
|-sideend|p1: itssobeak|move: Tailwind
|upkeep
|turn|5
|inactive|itssobeak has 30 seconds left.
|
|t:|1784699780
|move|p1a: Whimsicott|Tailwind|p1a: Whimsicott
|-sidestart|p1: itssobeak|move: Tailwind
|move|p2b: Whimsicott|Tailwind|p2b: Whimsicott
|-sidestart|p2: gg wp vgc|move: Tailwind
|move|p2a: Garchomp|Earthquake|p1b: Kingambit|[spread] p2b,p1a,p1b
|-resisted|p2b: Whimsicott|1
|-resisted|p1a: Whimsicott|1
|-supereffective|p1b: Kingambit|1
|-damage|p2b: Whimsicott|30/100
|-damage|p1a: Whimsicott|0 fnt
|-damage|p1b: Kingambit|34/100
|faint|p1a: Whimsicott
|move|p1b: Kingambit|Swords Dance|p1b: Kingambit
|-boost|p1b: Kingambit|atk|2
|
|upkeep
|
|t:|1784699785
|switch|p1a: Staraptor|Staraptor-Mega, L50, F|35/100
|turn|6
|
|t:|1784699806
|move|p1b: Kingambit|Sucker Punch|p2b: Whimsicott
|-resisted|p2b: Whimsicott|1
|-damage|p2b: Whimsicott|0 fnt
|faint|p2b: Whimsicott
|move|p2a: Garchomp|Earthquake|p1a: Staraptor|[spread] p1b
|-immune|p1a: Staraptor
|-supereffective|p1b: Kingambit|1
|-damage|p1b: Kingambit|0 fnt
|faint|p1b: Kingambit
|move|p1a: Staraptor|Close Combat|p2a: Garchomp
|-damage|p2a: Garchomp|40/100
|-boost|p1a: Staraptor|def|1
|-boost|p1a: Staraptor|spd|1
|-damage|p1a: Staraptor|22/100|[from] ability: Rough Skin|[of] p2a: Garchomp
|
|upkeep
|
|t:|1784699821
|switch|p2b: Staraptor|Staraptor-Mega, L50, M|4/100
|turn|7
|
|t:|1784699827
|switch|p2a: Kingambit|Kingambit, L50, F|100/100
|move|p2b: Staraptor|Brave Bird|p1a: Staraptor
|-supereffective|p1a: Staraptor|1
|-damage|p1a: Staraptor|0 fnt
|faint|p1a: Staraptor
|-damage|p2b: Staraptor|0 fnt|[from] Recoil
|faint|p2b: Staraptor
|
|win|gg wp vgc
