|j|☆NyulaDraws
|j|☆dingosbingos
|html|NyulaDrawsdingosbingos    
|uhtml|bestof|Game 1 of a best-of-3
|t:|1783353260
|gametype|doubles
|player|p1|NyulaDraws|brawly|1071
|player|p2|dingosbingos|volkner|1027
|gen|9
|tier|[Gen 9 Champions] VGC 2026 Reg M-B (Bo3)
|rated|
|rule|Species Clause: Limit one of each Pokémon
|rule|Item Clause: Limit 1 of each item
|clearpoke
|poke|p1|Sneasler, L50, F|
|poke|p1|Blastoise, L50, F|
|poke|p1|Kingambit, L50, F|
|poke|p1|Incineroar, L50, M|
|poke|p1|Delphox, L50, M|
|poke|p1|Sinistcha, L50|
|poke|p2|Eelektross, L50, M|
|poke|p2|Maushold, L50|
|poke|p2|Pelipper, L50, M|
|poke|p2|Scizor, L50, F|
|poke|p2|Basculegion, L50, M|
|poke|p2|Archaludon, L50, F|
|teampreview|4
|showteam|p1|Sneasler||FocusSash|PoisonTouch|PoisonJab,CloseCombat,FakeOut,QuickGuard|Jolly||F|||50|]Blastoise||Blastoisinite|RainDish|DarkPulse,WaterSpout,ShellSmash,Protect|Modest||F|||50|]Kingambit||BlackGlasses|Defiant|KowtowCleave,SuckerPunch,SwordsDance,Protect|Adamant||F|||50|]Incineroar||SitrusBerry|Intimidate|FlareBlitz,HelpingHand,PartingShot,FakeOut|Careful||M|||50|]Delphox||Delphoxite|Blaze|HeatWave,NastyPlot,Psyshock,Protect|Modest||M|||50|]Sinistcha||KasibBerry|Hospitality|MatchaGotcha,RagePowder,TrickRoom,Protect|Bold|||||50|
|showteam|p2|Eelektross||Eelektrossite|Levitate|Flamethrower,GigaDrain,Thunder,Protect|Modest||M|||50|]Maushold||SitrusBerry|FriendGuard|PopulationBomb,Encore,FollowMe,Protect|Bold|||||50|]Pelipper||LifeOrb|Drizzle|Hurricane,WeatherBall,Tailwind,WideGuard|Modest||M|||50|]Scizor||Scizorite|Technician|BugBite,BulletPunch,DualWingbeat,SwordsDance|Adamant||F|||50|]Basculegion||MysticWater|SwiftSwim|AquaJet,LastRespects,WaveCrash,Protect|Adamant||M|||50|]Archaludon||Leftovers|Stamina|DracoMeteor,ElectroShot,FlashCannon,Protect|Modest||F|||50|
|inactive|Battle timer is ON: inactive players will automatically lose when time's up. (requested by dingosbingos)
|inactive|NyulaDraws has 60 seconds left.
|
|t:|1783353303
|teamsize|p1|4
|teamsize|p2|4
|start
|switch|p1a: Sneasler|Sneasler, L50, F|100/100
|switch|p1b: Blastoise|Blastoise, L50, F|100/100
|switch|p2a: Eelektross|Eelektross, L50, M|100/100
|switch|p2b: Pelipper|Pelipper, L50, M|100/100
|-weather|RainDance|[from] ability: Drizzle|[of] p2b: Pelipper
|turn|1
|inactive|NyulaDraws has 30 seconds left.
|
|t:|1783353330
|detailschange|p1b: Blastoise|Blastoise-Mega, L50, F
|-mega|p1b: Blastoise|Blastoise|Blastoisinite
|move|p2a: Eelektross|Protect|p2a: Eelektross
|-singleturn|p2a: Eelektross|Protect
|move|p1a: Sneasler|Fake Out|p2b: Pelipper
|-damage|p2b: Pelipper|83/100
|-status|p2b: Pelipper|psn|[from] ability: Poison Touch|[of] p1a: Sneasler
|move|p1b: Blastoise|Water Spout|p2a: Eelektross|[spread] p2b
|-activate|p2a: Eelektross|move: Protect
|-resisted|p2b: Pelipper|1
|-damage|p2b: Pelipper|25/100 psn
|cant|p2b: Pelipper|flinch
|
|-weather|RainDance|[upkeep]
|-damage|p2b: Pelipper|13/100 psn|[from] psn
|upkeep
|turn|2
|inactive|NyulaDraws has 30 seconds left.
|
|t:|1783353357
|switch|p1a: Incineroar|Incineroar, L50, M|100/100
|-ability|p1a: Incineroar|Intimidate|boost
|-unboost|p2a: Eelektross|atk|1
|-unboost|p2b: Pelipper|atk|1
|detailschange|p2a: Eelektross|Eelektross-Mega, L50, M
|-mega|p2a: Eelektross|Eelektross|Eelektrossite
|move|p1b: Blastoise|Protect|p1b: Blastoise
|-singleturn|p1b: Blastoise|Protect
|move|p2b: Pelipper|Wide Guard|p2b: Pelipper
|-singleturn|p2b: Pelipper|Wide Guard
|move|p2a: Eelektross|Thunder|p1b: Blastoise
|-activate|p1b: Blastoise|move: Protect
|
|-weather|RainDance|[upkeep]
|-damage|p2b: Pelipper|1/100 psn|[from] psn
|upkeep
|turn|3
|
|t:|1783353378
|switch|p2a: Basculegion|Basculegion, L50, M|100/100
|move|p1a: Incineroar|Fake Out|p2a: Basculegion
|-immune|p2a: Basculegion
|move|p1b: Blastoise|Shell Smash|p1b: Blastoise
|-unboost|p1b: Blastoise|def|1
|-unboost|p1b: Blastoise|spd|1
|-boost|p1b: Blastoise|atk|2
|-boost|p1b: Blastoise|spa|2
|-boost|p1b: Blastoise|spe|2
|move|p2b: Pelipper|Hurricane|p1b: Blastoise
|-damage|p1b: Blastoise|8/100
|-damage|p2b: Pelipper|0 fnt|[from] item: Life Orb
|faint|p2b: Pelipper
|
|-weather|RainDance|[upkeep]
|upkeep
|
|t:|1783353397
|switch|p2b: Eelektross|Eelektross-Mega, L50, M|100/100
|turn|4
|
|t:|1783353410
|move|p1b: Blastoise|Protect|p1b: Blastoise
|-singleturn|p1b: Blastoise|Protect
|move|p2a: Basculegion|Aqua Jet|p1a: Incineroar
|-supereffective|p1a: Incineroar|1
|-damage|p1a: Incineroar|28/100
|-enditem|p1a: Incineroar|Sitrus Berry|[eat]
|-heal|p1a: Incineroar|53/100|[from] item: Sitrus Berry
|move|p2b: Eelektross|Thunder|p1a: Incineroar
|-damage|p1a: Incineroar|4/100
|-status|p1a: Incineroar|par
|move|p1a: Incineroar|Parting Shot|p2b: Eelektross
|-unboost|p2b: Eelektross|atk|1
|-unboost|p2b: Eelektross|spa|1
|
|t:|1783353423
|switch|p1a: Sinistcha|Sinistcha, L50|100/100|[from] Parting Shot
|-heal|p1b: Blastoise|32/100|[from] ability: Hospitality|[of] p1a: Sinistcha
|
|-weather|RainDance|[upkeep]
|upkeep
|turn|5
|
|t:|1783353434
|move|p2b: Eelektross|Protect|p2b: Eelektross
|-singleturn|p2b: Eelektross|Protect
|move|p1a: Sinistcha|Rage Powder|p1a: Sinistcha
|-singleturn|p1a: Sinistcha|move: Rage Powder
|move|p1b: Blastoise|Dark Pulse|p2a: Basculegion
|-supereffective|p2a: Basculegion|1
|-damage|p2a: Basculegion|0 fnt
|faint|p2a: Basculegion
|
|-weather|none
|upkeep
|
|t:|1783353443
|switch|p2a: Archaludon|Archaludon, L50, F|100/100
|turn|6
|
|t:|1783353463
|move|p2b: Eelektross|Protect|p2b: Eelektross
|-singleturn|p2b: Eelektross|Protect
|move|p1a: Sinistcha|Rage Powder|p1a: Sinistcha
|-singleturn|p1a: Sinistcha|move: Rage Powder
|move|p1b: Blastoise|Dark Pulse|p2b: Eelektross
|-activate|p2b: Eelektross|move: Protect
|move|p2a: Archaludon|Draco Meteor|p1a: Sinistcha
|-damage|p1a: Sinistcha|37/100
|-unboost|p2a: Archaludon|spa|2
|
|upkeep
|turn|7
|
|t:|1783353480
|move|p2a: Archaludon|Protect|p2a: Archaludon
|-singleturn|p2a: Archaludon|Protect
|move|p1b: Blastoise|Dark Pulse|p2a: Archaludon
|-activate|p2a: Archaludon|move: Protect
|move|p2b: Eelektross|Flamethrower|p1a: Sinistcha
|-supereffective|p1a: Sinistcha|1
|-damage|p1a: Sinistcha|0 fnt
|faint|p1a: Sinistcha
|-ability|p2b: Eelektross|Eelevate|boost
|-boost|p2b: Eelektross|spa|1
|
|upkeep
|
|t:|1783353492
|switch|p1a: Sneasler|Sneasler, L50, F|100/100
|turn|8
|
|t:|1783353514
|move|p2b: Eelektross|Protect|p2b: Eelektross
|-singleturn|p2b: Eelektross|Protect
|move|p1b: Blastoise|Dark Pulse|p2a: Archaludon
|-crit|p2a: Archaludon
|-damage|p2a: Archaludon|0 fnt
|faint|p2a: Archaludon
|move|p1a: Sneasler|Close Combat|p2b: Eelektross
|-activate|p2b: Eelektross|move: Protect
|
|upkeep
|turn|9
|
|t:|1783353526
|move|p1b: Blastoise|Dark Pulse|p2b: Eelektross
|-damage|p2b: Eelektross|0 fnt
|faint|p2b: Eelektross
|
|win|NyulaDraws
||NyulaDraws is ready for game 2.
