|j|☆G3N13
|j|☆SpiderGamerXxx
|html|G3N13SpiderGamerXxx    
|uhtml|bestof|Game 2 of a best-of-3
|t:|1786175271
|gametype|doubles
|player|p1|G3N13|n|1093
|player|p2|SpiderGamerXxx|may-gen3|1078
|gen|9
|tier|[Gen 9 Champions] VGC 2026 Reg M-B (Bo3)
|rated|
|rule|Species Clause: Limit one of each Pokémon
|rule|Item Clause: Limit 1 of each item
|clearpoke
|poke|p1|Raichu, L50, F|
|poke|p1|Staraptor, L50, M|
|poke|p1|Kingambit, L50, M|
|poke|p1|Sylveon, L50, M|
|poke|p1|Farigiraf, L50, F|
|poke|p1|Arcanine-Hisui, L50, M|
|poke|p2|Raichu, L50, F|
|poke|p2|Gyarados, L50, F|
|poke|p2|Machamp, L50, M|
|poke|p2|Bellibolt, L50, F, shiny|
|poke|p2|Samurott-Hisui, L50, M|
|poke|p2|Jolteon, L50, F|
|teampreview|4
|showteam|p1|Raichu||RaichuniteY|LightningRod|ZapCannon,FakeOut,FocusBlast,Protect|Modest||F|||50|]Staraptor||Staraptite|Intimidate|BraveBird,Tailwind,CloseCombat,Protect|Jolly||M|||50|]Kingambit||LifeOrb|Defiant|SuckerPunch,SwordsDance,IronHead,KowtowCleave|Adamant||M|||50|]Sylveon||FairyFeather|Pixilate|QuickAttack,HyperVoice,HyperBeam,Detect|Modest||M|||50|]Farigiraf||SitrusBerry|ArmorTail|Protect,Psychic,TrickRoom,HelpingHand|Calm||F|||50|]Arcanine-Hisui||FocusSash|RockHead|HeadSmash,FlareBlitz,ExtremeSpeed,Protect|Jolly||M|||50|
|showteam|p2|Raichu||RaichuniteX|LightningRod|RisingVoltage,FakeOut,HelpingHand,Protect|Timid||F|||50|]Gyarados||Leftovers|Intimidate|Waterfall,Taunt,ThunderWave,Protect|Adamant||F|||50|]Machamp||LifeOrb|NoGuard|DynamicPunch,RockSlide,ThunderPunch,Detect|Adamant||M|||50|]Bellibolt||SitrusBerry|Electromorphosis|ParabolicCharge,ChillingWater,Soak,Protect|Calm||F|||50|]Samurott-Hisui||ChoiceScarf|Sharpness|AquaCutter,FlipTurn,CeaselessEdge,Soak|Jolly||M|||50|]Jolteon||FocusSash|VoltAbsorb|RisingVoltage,Discharge,AlluringVoice,Detect|Timid||F|||50|
|
|t:|1786175306
|teamsize|p1|4
|teamsize|p2|4
|start
|switch|p1a: Kingambit|Kingambit, L50, M|100/100
|switch|p1b: Farigiraf|Farigiraf, L50, F|100/100
|switch|p2a: Samurott|Samurott-Hisui, L50, M|100/100
|switch|p2b: Machamp|Machamp, L50, M|100/100
|turn|1
|
|t:|1786175335
|switch|p1a: Sylveon|Sylveon, L50, M|100/100
|move|p2a: Samurott|Ceaseless Edge|p1b: Farigiraf
|-supereffective|p1b: Farigiraf|1
|-damage|p1b: Farigiraf|23/100
|-sidestart|p1: G3N13|Spikes
|-enditem|p1b: Farigiraf|Sitrus Berry|[eat]
|-heal|p1b: Farigiraf|47/100|[from] item: Sitrus Berry
|move|p2b: Machamp|Dynamic Punch|p1a: Sylveon
|-resisted|p1a: Sylveon|1
|-damage|p1a: Sylveon|63/100
|-start|p1a: Sylveon|confusion
|-damage|p2b: Machamp|90/100|[from] item: Life Orb
|move|p1b: Farigiraf|Psychic|p2b: Machamp
|-supereffective|p2b: Machamp|1
|-damage|p2b: Machamp|16/100
|
|upkeep
|turn|2
|
|t:|1786175368
|move|p2b: Machamp|Detect|p2b: Machamp
|-singleturn|p2b: Machamp|Protect
|move|p1b: Farigiraf|Protect|p1b: Farigiraf
|-singleturn|p1b: Farigiraf|Protect
|move|p2a: Samurott|Ceaseless Edge|p1b: Farigiraf
|-activate|p1b: Farigiraf|move: Protect
|-activate|p1a: Sylveon|confusion
|move|p1a: Sylveon|Hyper Voice|p2b: Machamp|[spread] p2a
|-activate|p2b: Machamp|move: Protect
|-supereffective|p2a: Samurott|1
|-damage|p2a: Samurott|0 fnt
|faint|p2a: Samurott
|
|upkeep
|
|t:|1786175375
|switch|p2a: Raichu|Raichu, L50, F|100/100
|turn|3
|
|t:|1786175388
|detailschange|p2a: Raichu|Raichu-Mega-X, L50, F
|-mega|p2a: Raichu|Raichu|Raichunite X
|-fieldstart|move: Electric Terrain|[from] ability: Electric Surge|[of] p2a: Raichu
|move|p1b: Farigiraf|Helping Hand|p1a: Sylveon
|-singleturn|p1a: Sylveon|Helping Hand|[of] p1b: Farigiraf
|move|p2a: Raichu|Rising Voltage|p1a: Sylveon
|-hint|Rising Voltage's BP doubled on grounded target.
|-damage|p1a: Sylveon|13/100
|move|p2b: Machamp|Thunder Punch|p1b: Farigiraf
|-damage|p1b: Farigiraf|3/100
|-damage|p2b: Machamp|6/100|[from] item: Life Orb
|-activate|p1a: Sylveon|confusion
|-damage|p1a: Sylveon|6/100|[from] confusion
|
|upkeep
|turn|4
|
|t:|1786175408
|move|p2a: Raichu|Helping Hand|p2b: Machamp
|-singleturn|p2b: Machamp|Helping Hand|[of] p2a: Raichu
|-activate|p1a: Sylveon|confusion
|-damage|p1a: Sylveon|0 fnt|[from] confusion
|faint|p1a: Sylveon
|move|p2b: Machamp|Rock Slide|p1b: Farigiraf
|-damage|p1b: Farigiraf|0 fnt
|faint|p1b: Farigiraf
|-damage|p2b: Machamp|0 fnt|[from] item: Life Orb
|faint|p2b: Machamp
|
|upkeep
|
|t:|1786175417
|switch|p2b: Bellibolt|Bellibolt, L50, F, shiny|100/100
|switch|p1b: Kingambit|Kingambit, L50, M|100/100
|switch|p1a: Raichu|Raichu, L50, F|100/100
|-damage|p1a: Raichu|88/100|[from] Spikes
|-damage|p1b: Kingambit|87/100|[from] Spikes
|turn|5
|
|t:|1786175427
|move|p2a: Raichu|Helping Hand|p2b: Bellibolt
|-singleturn|p2b: Bellibolt|Helping Hand|[of] p2a: Raichu
|move|p1a: Raichu|Fake Out|p2a: Raichu
|-damage|p2a: Raichu|89/100
|move|p1b: Kingambit|Kowtow Cleave|p2b: Bellibolt
|-damage|p2b: Bellibolt|43/100
|-start|p2b: Bellibolt|Charge|Kowtow Cleave|[from] ability: Electromorphosis
|-enditem|p2b: Bellibolt|Sitrus Berry|[eat]
|-heal|p2b: Bellibolt|68/100|[from] item: Sitrus Berry
|-damage|p1b: Kingambit|78/100|[from] item: Life Orb
|move|p2b: Bellibolt|Soak|p1b: Kingambit
|-start|p1b: Kingambit|typechange|Water
|
|upkeep
|turn|6
|
|t:|1786175447
|detailschange|p1a: Raichu|Raichu-Mega-Y, L50, F
|-mega|p1a: Raichu|Raichu|Raichunite Y
|move|p2a: Raichu|Helping Hand|p2b: Bellibolt
|-singleturn|p2b: Bellibolt|Helping Hand|[of] p2a: Raichu
|move|p1b: Kingambit|Sucker Punch|p2b: Bellibolt
|-damage|p2b: Bellibolt|39/100
|-start|p2b: Bellibolt|Charge|Sucker Punch|[from] ability: Electromorphosis
|-damage|p1b: Kingambit|68/100|[from] item: Life Orb
|move|p1a: Raichu|Focus Blast|p2a: Raichu
|-damage|p2a: Raichu|29/100
|move|p2b: Bellibolt|Parabolic Charge|p1a: Raichu|[spread] p2a,p1a,p1b
|-resisted|p2a: Raichu|1
|-resisted|p1a: Raichu|1
|-supereffective|p1b: Kingambit|1
|-damage|p2a: Raichu|0 fnt
|-heal|p2b: Bellibolt|48/100|[from] drain|[of] p2a: Raichu
|-damage|p1a: Raichu|41/100
|-heal|p2b: Bellibolt|66/100|[from] drain|[of] p1a: Raichu
|-damage|p1b: Kingambit|0 fnt
|-heal|p2b: Bellibolt|100/100|[from] drain|[of] p1b: Kingambit
|faint|p2a: Raichu
|faint|p1b: Kingambit
|-end|p2b: Bellibolt|Charge|[silent]
|
|upkeep
|turn|7
|
|t:|1786175471
|move|p1a: Raichu|Protect|p1a: Raichu
|-singleturn|p1a: Raichu|Protect
|move|p2b: Bellibolt|Parabolic Charge|p1a: Raichu
|-activate|p1a: Raichu|move: Protect
|
|-fieldend|move: Electric Terrain
|upkeep
|turn|8
|
|t:|1786175479
|move|p1a: Raichu|Focus Blast|p2b: Bellibolt
|-damage|p2b: Bellibolt|67/100
|-start|p2b: Bellibolt|Charge|Focus Blast|[from] ability: Electromorphosis
|move|p2b: Bellibolt|Parabolic Charge|p1a: Raichu
|-resisted|p1a: Raichu|1
|-damage|p1a: Raichu|8/100
|-heal|p2b: Bellibolt|80/100|[from] drain|[of] p1a: Raichu
|-end|p2b: Bellibolt|Charge|[silent]
|
|upkeep
|turn|9
|
|t:|1786175486
|move|p1a: Raichu|Protect|p1a: Raichu
|-singleturn|p1a: Raichu|Protect
|move|p2b: Bellibolt|Parabolic Charge|p1a: Raichu
|-activate|p1a: Raichu|move: Protect
|
|upkeep
|turn|10
|
|t:|1786175491
|move|p1a: Raichu|Zap Cannon|p2b: Bellibolt
|-resisted|p2b: Bellibolt|1
|-damage|p2b: Bellibolt|56/100
|-start|p2b: Bellibolt|Charge|Zap Cannon|[from] ability: Electromorphosis
|move|p2b: Bellibolt|Parabolic Charge|p1a: Raichu
|-resisted|p1a: Raichu|1
|-damage|p1a: Raichu|0 fnt
|-heal|p2b: Bellibolt|60/100|[from] drain|[of] p1a: Raichu
|faint|p1a: Raichu
|-end|p2b: Bellibolt|Charge|[silent]
|
|win|SpiderGamerXxx
|raw|G3N13's rating: 1093 → 1068(-25 for losing)
|raw|SpiderGamerXxx's rating: 1078 → 1108(+30 for winning)
|l|☆G3N13
|player|p1|
