|j|☆jonan_97
|j|☆Pytonia
|html|jonan_97Pytonia    
|uhtml|bestof|Game 2 of a best-of-3
|t:|1783438927
|gametype|doubles
|player|p1|jonan_97|102|1100
|player|p2|Pytonia|lucian|1064
|gen|9
|tier|[Gen 9 Champions] VGC 2026 Reg M-B (Bo3)
|rated|
|rule|Species Clause: Limit one of each Pokémon
|rule|Item Clause: Limit 1 of each item
|clearpoke
|poke|p1|Gengar, L50, F, shiny|
|poke|p1|Ninetales-Alola, L50, M|
|poke|p1|Incineroar, L50, F|
|poke|p1|Kingambit, L50, F|
|poke|p1|Basculegion, L50, M|
|poke|p1|Blaziken, L50, M|
|poke|p2|Raichu, L50, M|
|poke|p2|Volcarona, L50, M|
|poke|p2|Milotic, L50, M|
|poke|p2|Ninetales-Alola, L50, M|
|poke|p2|Metagross, L50|
|poke|p2|Araquanid, L50, M|
|teampreview|4
|showteam|p1|Gengar||Gengarite|CursedBody|Protect,PerishSong,ShadowBall,Disable|Timid||F|||50|]Ninetales-Alola||NeverMeltIce|SnowWarning|Protect,Blizzard,FreezeDry,Encore|Timid||M|||50|]Incineroar||PasshoBerry|Intimidate|Protect,FakeOut,FlareBlitz,PartingShot|Careful||F|||50|]Kingambit||ChopleBerry|Defiant|Protect,KowtowCleave,SuckerPunch,IronHead|Adamant||F|||50|]Basculegion||FocusSash|Adaptability|Protect,Liquidation,LastRespects,AquaJet|Adamant||M|||50|]Blaziken||Blazikenite|SpeedBoost|Protect,FlareBlitz,CloseCombat,RockSlide|Adamant||M|||50|
|showteam|p2|Raichu||RaichuniteY|LightningRod|ZapCannon,FocusBlast,GrassKnot,Protect|Timid||M|||50|]Volcarona||PasshoBerry|FlameBody|HeatWave,BugBuzz,RagePowder,Protect|Bold||M|||50|]Milotic||Leftovers|Competitive|MuddyWater,Coil,Blizzard,Protect|Bold||M|||50|]Ninetales-Alola||FocusSash|SnowWarning|FreezeDry,DazzlingGleam,AuroraVeil,Protect|Timid||M|||50|]Metagross||Metagrossite|ClearBody|IronHead,PsychicFangs,IcePunch,Protect|Jolly|||||50|]Araquanid||SitrusBerry|WaterBubble|WideGuard,Liquidation,LeechLife,Protect|Brave||M|||50|
|inactive|Battle timer is ON: inactive players will automatically lose when time's up. (requested by jonan_97)
|
|t:|1783438945
|teamsize|p1|4
|teamsize|p2|4
|start
|switch|p1a: Gengar|Gengar, L50, F, shiny|100/100
|switch|p1b: Blaziken|Blaziken, L50, M|100/100
|switch|p2a: Milotic|Milotic, L50, M|100/100
|switch|p2b: Raichu|Raichu, L50, M|100/100
|turn|1
|
|t:|1783438961
|detailschange|p2b: Raichu|Raichu-Mega-Y, L50, M
|-mega|p2b: Raichu|Raichu|Raichunite Y
|detailschange|p1a: Gengar|Gengar-Mega, L50, F, shiny
|-mega|p1a: Gengar|Gengar|Gengarite
|move|p1b: Blaziken|Protect|p1b: Blaziken
|-singleturn|p1b: Blaziken|Protect
|move|p2b: Raichu|Zap Cannon|p1a: Gengar
|-damage|p1a: Gengar|12/100
|-status|p1a: Gengar|par
|move|p2a: Milotic|Coil|p2a: Milotic
|-boost|p2a: Milotic|atk|1
|-boost|p2a: Milotic|def|1
|-boost|p2a: Milotic|accuracy|1
|move|p1a: Gengar|Perish Song|p1a: Gengar
|-start|p1a: Gengar|perish3|[silent]
|-start|p1b: Blaziken|perish3|[silent]
|-start|p2a: Milotic|perish3|[silent]
|-start|p2b: Raichu|perish3|[silent]
|-fieldactivate|move: Perish Song
|
|-start|p2b: Raichu|perish3
|-start|p1b: Blaziken|perish3
|-start|p2a: Milotic|perish3
|-start|p1a: Gengar|perish3
|-ability|p1b: Blaziken|Speed Boost|boost
|-boost|p1b: Blaziken|spe|1
|upkeep
|turn|2
|inactive|jonan_97 has 30 seconds left.
|
|t:|1783438988
|switch|p1b: Kingambit|Kingambit, L50, F|100/100
|move|p2b: Raichu|Protect|p2b: Raichu
|-singleturn|p2b: Raichu|Protect
|move|p1a: Gengar|Protect|p1a: Gengar
|-singleturn|p1a: Gengar|Protect
|move|p2a: Milotic|Muddy Water|p1a: Gengar|[spread] p1b
|-activate|p1a: Gengar|move: Protect
|-damage|p1b: Kingambit|75/100
|
|-start|p2b: Raichu|perish2
|-start|p2a: Milotic|perish2
|-start|p1a: Gengar|perish2
|upkeep
|turn|3
|inactive|jonan_97 has 30 seconds left.
|inactive|Pytonia has 30 seconds left.
|
|t:|1783439019
|move|p1a: Gengar|Protect||[still]
|-fail|p1a: Gengar
|move|p2b: Raichu|Focus Blast|p1b: Kingambit
|-supereffective|p1b: Kingambit|2
|-enditem|p1b: Kingambit|Chople Berry|[eat]
|-enditem|p1b: Kingambit|Chople Berry|[weaken]
|-damage|p1b: Kingambit|0 fnt
|faint|p1b: Kingambit
|move|p2a: Milotic|Muddy Water|p1a: Gengar
|-damage|p1a: Gengar|0 fnt
|faint|p1a: Gengar
|
|-start|p2b: Raichu|perish1
|-start|p2a: Milotic|perish1
|upkeep
|
|t:|1783439031
|switch|p1a: Blaziken|Blaziken, L50, M|100/100
|switch|p1b: Incineroar|Incineroar, L50, F|100/100
|-ability|p1b: Incineroar|Intimidate|boost
|-unboost|p2a: Milotic|atk|1
|-ability|p2a: Milotic|Competitive|boost
|-boost|p2a: Milotic|spa|2
|-unboost|p2b: Raichu|atk|1
|turn|4
|
|t:|1783439045
|switch|p2a: Volcarona|Volcarona, L50, M|100/100
|move|p2b: Raichu|Focus Blast|p1b: Incineroar
|-supereffective|p1b: Incineroar|1
|-damage|p1b: Incineroar|24/100
|move|p1a: Blaziken|Close Combat|p2b: Raichu
|-damage|p2b: Raichu|0 fnt
|-unboost|p1a: Blaziken|def|1
|-unboost|p1a: Blaziken|spd|1
|faint|p2b: Raichu
|move|p1b: Incineroar|Flare Blitz|p2a: Volcarona
|-damage|p2a: Volcarona|59/100
|-damage|p1b: Incineroar|11/100|[from] Recoil
|
|-ability|p1a: Blaziken|Speed Boost|boost
|-boost|p1a: Blaziken|spe|1
|upkeep
|
|t:|1783439052
|switch|p2b: Milotic|Milotic, L50, M|100/100
|turn|5
|
|t:|1783439066
|move|p2a: Volcarona|Rage Powder|p2a: Volcarona
|-singleturn|p2a: Volcarona|move: Rage Powder
|move|p1a: Blaziken|Rock Slide|p2b: Milotic|[spread] p2a,p2b
|-supereffective|p2a: Volcarona|2
|-damage|p2a: Volcarona|0 fnt
|-damage|p2b: Milotic|83/100
|faint|p2a: Volcarona
|move|p2b: Milotic|Coil|p2b: Milotic
|-boost|p2b: Milotic|atk|1
|-boost|p2b: Milotic|def|1
|-boost|p2b: Milotic|accuracy|1
|move|p1b: Incineroar|Flare Blitz|p2b: Milotic
|-resisted|p2b: Milotic|1
|-damage|p2b: Milotic|70/100
|-damage|p1b: Incineroar|6/100|[from] Recoil
|
|-heal|p2b: Milotic|76/100|[from] item: Leftovers
|-ability|p1a: Blaziken|Speed Boost|boost
|-boost|p1a: Blaziken|spe|1
|upkeep
|
|t:|1783439068
|switch|p2a: Araquanid|Araquanid, L50, M|100/100
|turn|6
|inactive|jonan_97 has 30 seconds left.
|
|t:|1783439098
|move|p1a: Blaziken|Rock Slide|p2b: Milotic|[spread] p2a,p2b
|-supereffective|p2a: Araquanid|1
|-damage|p2a: Araquanid|60/100
|-damage|p2b: Milotic|65/100
|move|p2b: Milotic|Muddy Water|p1a: Blaziken|[spread] p1a,p1b
|-supereffective|p1a: Blaziken|1
|-supereffective|p1b: Incineroar|1
|-enditem|p1b: Incineroar|Passho Berry|[eat]
|-enditem|p1b: Incineroar|Passho Berry|[weaken]
|-damage|p1a: Blaziken|0 fnt
|-damage|p1b: Incineroar|0 fnt
|faint|p1a: Blaziken
|faint|p1b: Incineroar
|
|win|Pytonia
|raw|jonan_97's rating: 1100 → 1072(-28 for losing)
|raw|Pytonia's rating: 1064 → 1098(+34 for winning)
