|j|☆TrashTest6116
|j|☆stewiie25
|html|TrashTest6116stewiie25    
|uhtml|bestof|Game 1 of a best-of-3
|t:|1784646067
|gametype|doubles
|player|p1|TrashTest6116|colress|1212
|player|p2|stewiie25|101|1214
|gen|9
|tier|[Gen 9 Champions] VGC 2026 Reg M-B (Bo3)
|rated|
|rule|Species Clause: Limit one of each Pokémon
|rule|Item Clause: Limit 1 of each item
|clearpoke
|poke|p1|Blastoise, L50, F|
|poke|p1|Delphox, L50, M|
|poke|p1|Incineroar, L50, F|
|poke|p1|Sneasler, L50, M|
|poke|p1|Sinistcha-Masterpiece, L50|
|poke|p1|Kingambit, L50, M|
|poke|p2|Farigiraf, L50, F|
|poke|p2|Vivillon-Pokeball, L50, M|
|poke|p2|Sylveon, L50, F|
|poke|p2|Camerupt, L50, M|
|poke|p2|Kingambit, L50, M|
|poke|p2|Starmie, L50|
|teampreview|4
|showteam|p1|Blastoise||Blastoisinite|Torrent|Protect,ShellSmash,WaterSpout,DarkPulse|Modest||F|||50|]Delphox||Delphoxite|Blaze|Protect,NastyPlot,HeatWave,Psyshock|Timid||M|||50|]Incineroar||SitrusBerry|Intimidate|FakeOut,FlareBlitz,HelpingHand,PartingShot|Impish||F|||50|]Sneasler||FocusSash|PoisonTouch|CloseCombat,PoisonJab,FakeOut,QuickGuard|Jolly||M|||50|]Sinistcha-Masterpiece||OccaBerry|Hospitality|Protect,MatchaGotcha,RagePowder,LifeDew|Bold|||||50|]Kingambit||LifeOrb|Defiant|KowtowCleave,SuckerPunch,SwordsDance,Protect|Adamant||M|||50|
|showteam|p2|Farigiraf||SitrusBerry|ArmorTail|HelpingHand,TwinBeam,TrickRoom,Thunderbolt|Quiet||F|||50|]Vivillon-Pokeball||ChoiceScarf|CompoundEyes|StunSpore,Hurricane,Tailwind,SleepPowder|Timid||M|||50|]Sylveon||LifeOrb|Pixilate|CalmMind,HyperVoice,HyperBeam,Protect|Modest||F|||50|]Camerupt||Cameruptite|SolidRock|Protect,HeatWave,Eruption,EarthPower|Quiet||M|||50|]Kingambit||ChopleBerry|Defiant|SwordsDance,LowKick,KowtowCleave,SuckerPunch|Brave||M|||50|]Starmie||Starminite|Illuminate|Protect,AquaJet,Liquidation,ZenHeadbutt|Brave|||||50|
|
|t:|1784646117
|teamsize|p1|4
|teamsize|p2|4
|start
|switch|p1a: Blastoise|Blastoise, L50, F|100/100
|switch|p1b: Kingambit|Kingambit, L50, M|100/100
|switch|p2a: Farigiraf|Farigiraf, L50, F|100/100
|switch|p2b: Sylveon|Sylveon, L50, F|100/100
|turn|1
|
|t:|1784646137
|detailschange|p1a: Blastoise|Blastoise-Mega, L50, F
|-mega|p1a: Blastoise|Blastoise|Blastoisinite
|move|p1a: Blastoise|Dark Pulse|p2a: Farigiraf
|-supereffective|p2a: Farigiraf|1
|-damage|p2a: Farigiraf|0 fnt
|faint|p2a: Farigiraf
|move|p2b: Sylveon|Calm Mind|p2b: Sylveon
|-boost|p2b: Sylveon|spa|1
|-boost|p2b: Sylveon|spd|1
|move|p1b: Kingambit|Kowtow Cleave|p2b: Sylveon
|-resisted|p2b: Sylveon|1
|-damage|p2b: Sylveon|59/100
|-damage|p1b: Kingambit|90/100|[from] item: Life Orb
|
|upkeep
|
|t:|1784646143
|switch|p2a: Kingambit|Kingambit, L50, M|100/100
|turn|2
|
|t:|1784646168
|move|p1a: Blastoise|Protect|p1a: Blastoise
|-singleturn|p1a: Blastoise|Protect
|move|p2b: Sylveon|Hyper Beam|p1a: Blastoise
|-activate|p1a: Blastoise|move: Protect
|move|p1b: Kingambit|Kowtow Cleave|p2b: Sylveon
|-resisted|p2b: Sylveon|1
|-damage|p2b: Sylveon|22/100
|-damage|p1b: Kingambit|80/100|[from] item: Life Orb
|move|p2a: Kingambit|Low Kick|p1b: Kingambit
|-supereffective|p1b: Kingambit|2
|-crit|p1b: Kingambit
|-damage|p1b: Kingambit|0 fnt
|faint|p1b: Kingambit
|
|upkeep
|
|t:|1784646182
|switch|p1b: Incineroar|Incineroar, L50, F|100/100
|-ability|p1b: Incineroar|Intimidate|boost
|-unboost|p2a: Kingambit|atk|1
|-ability|p2a: Kingambit|Defiant|boost
|-boost|p2a: Kingambit|atk|2
|-unboost|p2b: Sylveon|atk|1
|turn|3
|
|t:|1784646199
|move|p1b: Incineroar|Fake Out|p2a: Kingambit
|-resisted|p2a: Kingambit|1
|-damage|p2a: Kingambit|95/100
|move|p1a: Blastoise|Water Spout|p2a: Kingambit|[spread] p2a,p2b
|-damage|p2a: Kingambit|33/100
|-damage|p2b: Sylveon|0 fnt
|faint|p2b: Sylveon
|cant|p2a: Kingambit|flinch
|
|upkeep
|
|t:|1784646204
|switch|p2b: Starmie|Starmie, L50|100/100
|turn|4
|
|t:|1784646215
|switch|p1b: Sinistcha|Sinistcha-Masterpiece, L50|100/100
|detailschange|p2b: Starmie|Starmie-Mega, L50
|-mega|p2b: Starmie|Starmie|Starminite
|move|p2b: Starmie|Liquidation|p1b: Sinistcha
|-resisted|p1b: Sinistcha|1
|-damage|p1b: Sinistcha|69/100
|move|p1a: Blastoise|Dark Pulse|p2b: Starmie
|-supereffective|p2b: Starmie|1
|-damage|p2b: Starmie|0 fnt
|faint|p2b: Starmie
|move|p2a: Kingambit|Kowtow Cleave|p1a: Blastoise
|-damage|p1a: Blastoise|32/100
|
|upkeep
|turn|5
|
|t:|1784646232
|move|p1b: Sinistcha|Rage Powder|p1b: Sinistcha
|-singleturn|p1b: Sinistcha|move: Rage Powder
|move|p1a: Blastoise|Water Spout|p2a: Kingambit
|-damage|p2a: Kingambit|3/100
|move|p2a: Kingambit|Kowtow Cleave|p1b: Sinistcha
|-supereffective|p1b: Sinistcha|1
|-damage|p1b: Sinistcha|0 fnt
|faint|p1b: Sinistcha
|
|upkeep
|
|t:|1784646236
|switch|p1b: Incineroar|Incineroar, L50, F|100/100
|-ability|p1b: Incineroar|Intimidate|boost
|-unboost|p2a: Kingambit|atk|1
|-ability|p2a: Kingambit|Defiant|boost
|-boost|p2a: Kingambit|atk|2
|turn|6
|
|t:|1784646241
|move|p2a: Kingambit|Sucker Punch|p1a: Blastoise
|-damage|p1a: Blastoise|0 fnt
|faint|p1a: Blastoise
|move|p1b: Incineroar|Flare Blitz|p2a: Kingambit
|-supereffective|p2a: Kingambit|1
|-damage|p2a: Kingambit|0 fnt
|faint|p2a: Kingambit
|-damage|p1b: Incineroar|99/100|[from] Recoil
|
|win|TrashTest6116
