|j|☆chocokoala vgc
|j|‽bermusinho
|html|chocokoala vgcbermusinho    
|uhtml|bestof|Game 2 of a best-of-3
|t:|1784969912
|gametype|doubles
|player|p1|chocokoala vgc|benga|1244
|player|p2|bermusinho|169|1307
|gen|9
|tier|[Gen 9 Champions] VGC 2026 Reg M-B (Bo3)
|rated|
|rule|Species Clause: Limit one of each Pokémon
|rule|Item Clause: Limit 1 of each item
|clearpoke
|poke|p1|Slowbro, L50, M|
|poke|p1|Appletun, L50, F|
|poke|p1|Incineroar, L50, M|
|poke|p1|Conkeldurr, L50, M|
|poke|p1|Gholdengo, L50|
|poke|p1|Aerodactyl, L50, F|
|poke|p2|Aerodactyl, L50, M|
|poke|p2|Kingambit, L50, M|
|poke|p2|Sylveon, L50, F|
|poke|p2|Garchomp, L50, F|
|poke|p2|Charizard, L50, M|
|poke|p2|Incineroar, L50, F|
|teampreview|4
|showteam|p1|Slowbro||Slowbronite|Regenerator|Psychic,Scald,Protect,TrickRoom|Modest||M|||50|]Appletun||Leftovers|ThickFat|AppleAcid,DragonPulse,Protect,LeechSeed|Sassy||F|||50|]Incineroar||SitrusBerry|Intimidate|FakeOut,PartingShot,FlareBlitz,DarkestLariat|Careful||M|||50|]Conkeldurr||LifeOrb|IronFist|MachPunch,DrainPunch,Protect,KnockOff|Brave||M|||50|]Gholdengo|||GoodasGold|MakeItRain,ShadowBall,Protect,NastyPlot|Modest|||||50|]Aerodactyl||Aerodactylite|Unnerve|RockSlide,DualWingbeat,Protect,Tailwind|Jolly||F|||50|
|showteam|p2|Aerodactyl||Aerodactylite|Unnerve|RockSlide,IceFang,Tailwind,WideGuard|Jolly||M|||50|]Kingambit||FocusSash|Defiant|KowtowCleave,SuckerPunch,IronHead,Protect|Adamant||M|||50|]Sylveon||FairyFeather|Pixilate|Detect,HyperVoice,HyperBeam,QuickAttack|Modest||F|||50|]Garchomp||LifeOrb|RoughSkin|Earthquake,DragonClaw,StompingTantrum,Protect|Jolly||F|||50|]Charizard||CharizarditeY|Blaze|Protect,HeatWave,SolarBeam,WeatherBall|Modest||M|||50|]Incineroar||SitrusBerry|Intimidate|DarkestLariat,FlareBlitz,FakeOut,PartingShot|Impish||F|||50|
|inactive|Battle timer is ON: inactive players will automatically lose when time's up. (requested by chocokoala vgc)
|
|t:|1784969942
|teamsize|p1|4
|teamsize|p2|4
|start
|switch|p1a: Incineroar|Incineroar, L50, M|100/100
|switch|p1b: Slowbro|Slowbro, L50, M|100/100
|switch|p2a: Kingambit|Kingambit, L50, M|100/100
|switch|p2b: Incineroar|Incineroar, L50, F|100/100
|-ability|p1a: Incineroar|Intimidate|boost
|-unboost|p2a: Kingambit|atk|1
|-ability|p2a: Kingambit|Defiant|boost
|-boost|p2a: Kingambit|atk|2
|-unboost|p2b: Incineroar|atk|1
|-ability|p2b: Incineroar|Intimidate|boost
|-unboost|p1a: Incineroar|atk|1
|-unboost|p1b: Slowbro|atk|1
|turn|1
|inactive|bermusinho has 30 seconds left.
|inactive|bermusinho has 20 seconds left.
|inactive|bermusinho has 15 seconds left.
|
|t:|1784969987
|move|p2a: Kingambit|Protect|p2a: Kingambit
|-singleturn|p2a: Kingambit|Protect
|move|p1a: Incineroar|Fake Out|p2a: Kingambit
|-activate|p2a: Kingambit|move: Protect
|move|p2b: Incineroar|Parting Shot|p1b: Slowbro
|-unboost|p1b: Slowbro|atk|1
|-unboost|p1b: Slowbro|spa|1
|
|t:|1784969995
|switch|p2b: Sylveon|Sylveon, L50, F|100/100|[from] Parting Shot
|move|p1b: Slowbro|Trick Room|p1b: Slowbro
|-fieldstart|move: Trick Room|[of] p1b: Slowbro
|
|upkeep
|turn|2
|
|t:|1784970008
|switch|p1b: Appletun|Appletun, L50, F|100/100
|move|p1a: Incineroar|Flare Blitz|p2a: Kingambit
|-supereffective|p2a: Kingambit|1
|-damage|p2a: Kingambit|47/100
|-damage|p1a: Incineroar|84/100|[from] Recoil
|move|p2a: Kingambit|Kowtow Cleave|p1b: Appletun
|-damage|p1b: Appletun|35/100
|move|p2b: Sylveon|Hyper Beam|p1a: Incineroar
|-damage|p1a: Incineroar|10/100
|-mustrecharge|p2b: Sylveon
|-enditem|p1a: Incineroar|Sitrus Berry|[eat]
|-heal|p1a: Incineroar|35/100|[from] item: Sitrus Berry
|
|-heal|p1b: Appletun|41/100|[from] item: Leftovers
|upkeep
|turn|3
|
|t:|1784970023
|move|p2a: Kingambit|Protect|p2a: Kingambit
|-singleturn|p2a: Kingambit|Protect
|move|p1b: Appletun|Leech Seed|p2b: Sylveon
|-start|p2b: Sylveon|move: Leech Seed
|move|p1a: Incineroar|Flare Blitz|p2a: Kingambit
|-activate|p2a: Kingambit|move: Protect
|cant|p2b: Sylveon|recharge
|
|-heal|p1b: Appletun|47/100|[from] item: Leftovers
|-damage|p2b: Sylveon|87/100|[from] Leech Seed|[of] p1b: Appletun
|-heal|p1b: Appletun|57/100|[silent]
|upkeep
|turn|4
|
|t:|1784970035
|move|p2a: Kingambit|Sucker Punch|p1a: Incineroar
|-resisted|p1a: Incineroar|1
|-damage|p1a: Incineroar|9/100
|move|p1b: Appletun|Leech Seed|p2a: Kingambit|[miss]
|-miss|p1b: Appletun|p2a: Kingambit
|move|p1a: Incineroar|Flare Blitz|p2a: Kingambit
|-supereffective|p2a: Kingambit|1
|-damage|p2a: Kingambit|0 fnt
|faint|p2a: Kingambit
|-damage|p1a: Incineroar|0 fnt|[from] Recoil
|faint|p1a: Incineroar
|move|p2b: Sylveon|Hyper Voice|p1b: Appletun
|-supereffective|p1b: Appletun|1
|-damage|p1b: Appletun|0 fnt
|faint|p1b: Appletun
|
|upkeep
|
|t:|1784970051
|switch|p1b: Gholdengo|Gholdengo, L50|100/100
|switch|p1a: Slowbro|Slowbro, L50, M|100/100
|switch|p2a: Incineroar|Incineroar, L50, F|100/100
|-ability|p2a: Incineroar|Intimidate|boost
|-unboost|p1a: Slowbro|atk|1
|-unboost|p1b: Gholdengo|atk|1
|turn|5
|
|t:|1784970061
|detailschange|p1a: Slowbro|Slowbro-Mega, L50, M
|-mega|p1a: Slowbro|Slowbro|Slowbronite
|move|p1b: Gholdengo|Protect|p1b: Gholdengo
|-singleturn|p1b: Gholdengo|Protect
|move|p2a: Incineroar|Fake Out|p1a: Slowbro
|-damage|p1a: Slowbro|93/100
|cant|p1a: Slowbro|flinch
|move|p2b: Sylveon|Hyper Voice|p1b: Gholdengo|[spread] p1a
|-activate|p1b: Gholdengo|move: Protect
|-damage|p1a: Slowbro|54/100
|
|-damage|p2b: Sylveon|75/100|[from] Leech Seed|[of] p1b: Gholdengo
|-fieldend|move: Trick Room
|upkeep
|turn|6
|
|t:|1784970083
|move|p2b: Sylveon|Detect|p2b: Sylveon
|-singleturn|p2b: Sylveon|Protect
|move|p1b: Gholdengo|Nasty Plot|p1b: Gholdengo
|-boost|p1b: Gholdengo|spa|2
|move|p2a: Incineroar|Darkest Lariat|p1a: Slowbro
|-supereffective|p1a: Slowbro|1
|-damage|p1a: Slowbro|20/100y
|move|p1a: Slowbro|Scald|p2a: Incineroar
|-supereffective|p2a: Incineroar|1
|-damage|p2a: Incineroar|27/100
|-enditem|p2a: Incineroar|Sitrus Berry|[eat]
|-heal|p2a: Incineroar|52/100|[from] item: Sitrus Berry
|
|-damage|p2b: Sylveon|63/100|[from] Leech Seed|[of] p1b: Gholdengo
|upkeep
|turn|7
|
|t:|1784970100
|move|p1a: Slowbro|Protect|p1a: Slowbro
|-singleturn|p1a: Slowbro|Protect
|move|p1b: Gholdengo|Make It Rain|p2a: Incineroar|[spread] p2a,p2b
|-resisted|p2a: Incineroar|1
|-supereffective|p2b: Sylveon|1
|-damage|p2a: Incineroar|0 fnt
|-damage|p2b: Sylveon|0 fnt
|-unboost|p1b: Gholdengo|spa|2
|faint|p2a: Incineroar
|faint|p2b: Sylveon
|
|upkeep
|
|t:|1784970110
|switch|p2b: Charizard|Charizard, L50, M|100/100
|turn|8
|
|t:|1784970115
|detailschange|p2b: Charizard|Charizard-Mega-Y, L50, M
|-mega|p2b: Charizard|Charizard|Charizardite Y
|-weather|SunnyDay|[from] ability: Drought|[of] p2b: Charizard
|move|p1b: Gholdengo|Protect|p1b: Gholdengo
|-singleturn|p1b: Gholdengo|Protect
|move|p2b: Charizard|Heat Wave|p1a: Slowbro|[spread] p1a
|-activate|p1b: Gholdengo|move: Protect
|-resisted|p1a: Slowbro|1
|-damage|p1a: Slowbro|0 fnt
|faint|p1a: Slowbro
|
|-weather|SunnyDay|[upkeep]
|upkeep
|turn|9
|-message|chocokoala vgc forfeited.
|
|win|bermusinho
|raw|chocokoala vgc's rating: 1244 → 1223(-21 for losing)
|raw|bermusinho's rating: 1307 → 1323(+16 for winning)
