|j|☆ADX Venom
|j|☆P!nkbearz07
|html|ADX VenomP!nkbearz07    
|uhtml|bestof|Game 2 of a best-of-3
|t:|1757653572
|gametype|doubles
|player|p1|ADX Venom|101|1135
|player|p2|P!nkbearz07|marlon|1036
|gen|9
|tier|[Gen 9] VGC 2025 Reg H (Bo3)
|rated|
|rule|Species Clause: Limit one of each Pokémon
|rule|Item Clause: Limit 1 of each item
|clearpoke
|poke|p1|Archaludon, L50, F|
|poke|p1|Kingdra, L50, M|
|poke|p1|Politoed, L50, F|
|poke|p1|Incineroar, L50, M|
|poke|p1|Gothitelle, L50, F|
|poke|p1|Amoonguss, L50, M|
|poke|p2|Whimsicott, L50, F|
|poke|p2|Lurantis, L50, F|
|poke|p2|Tsareena, L50, F|
|poke|p2|Sunflora, L50, M|
|poke|p2|Rillaboom, L50, F|
|poke|p2|Appletun, L50, M|
|teampreview|4
|showteam|p1|Archaludon||PowerHerb|Sturdy|Protect,ElectroShot,FlashCannon,DragonPulse|||F|||50|,,,,,Electric]Kingdra||LifeOrb|SwiftSwim|Protect,DracoMeteor,WeatherBall,MuddyWater|||M|||50|,,,,,Stellar]Politoed||Leftovers|Drizzle|Protect,WeatherBall,PerishSong,Encore|||F|||50|,,,,,Grass]Incineroar||SafetyGoggles|Intimidate|FakeOut,KnockOff,PartingShot,Protect|||M|||50|,,,,,Ghost]Gothitelle||SitrusBerry|ShadowTag|Protect,Psychic,FakeOut,TrickRoom|||F|||50|,,,,,Dark]Amoonguss||EjectButton|Regenerator|Protect,RagePowder,Spore,PollenPuff|||M|||50|,,,,,Fairy
|showteam|p2|Whimsicott||FocusSash|Prankster|Moonblast,Tailwind,FakeTears,Tickle|||F|||50|,,,,,Ghost]Lurantis||CovertCloak|Contrary|TeraBlast,Superpower,GrassyGlide,Protect|||F|||50|,,,,,Fire]Tsareena||GrassySeed|QueenlyMajesty|Acrobatics,HighJumpKick,SeedBomb,Protect|||F|||50|,,,,,Flying]Sunflora||LifeOrb|SolarPower|EnergyBall,EarthPower,DazzlingGleam,Protect|||M|||50|,,,,,Stellar]Rillaboom||AssaultVest|GrassySurge|FakeOut,GrassyGlide,WoodHammer,Uturn|||F|||50|,,,,,Water]Appletun||Leftovers|ThickFat|LightScreen,Reflect,LeechSeed,BodyPress|||M|||50|,,,,,Water
|inactive|Battle timer is ON: inactive players will automatically lose when time's up. (requested by P!nkbearz07)
|
|t:|1757653593
|teamsize|p1|4
|teamsize|p2|4
|start
|switch|p1a: Politoed|Politoed, L50, F|100/100
|switch|p1b: Incineroar|Incineroar, L50, M|100/100
|switch|p2a: Lurantis|Lurantis, L50, F, shiny|100/100
|switch|p2b: Whimsicott|Whimsicott, L50, F, shiny|100/100
|-weather|RainDance|[from] ability: Drizzle|[of] p1a: Politoed
|-ability|p1b: Incineroar|Intimidate|boost
|-boost|p2a: Lurantis|atk|1
|-unboost|p2b: Whimsicott|atk|1
|turn|1
|
|t:|1757653607
|move|p2b: Whimsicott|Tickle|p2a: Lurantis
|-boost|p2a: Lurantis|atk|1
|-boost|p2a: Lurantis|def|1
|move|p1a: Politoed|Perish Song|p1a: Politoed
|-start|p1a: Politoed|perish3|[silent]
|-start|p1b: Incineroar|perish3|[silent]
|-start|p2a: Lurantis|perish3|[silent]
|-start|p2b: Whimsicott|perish3|[silent]
|-fieldactivate|move: Perish Song
|move|p2a: Lurantis|Superpower|p1b: Incineroar
|-supereffective|p1b: Incineroar
|-damage|p1b: Incineroar|0 fnt
|-boost|p2a: Lurantis|atk|1
|-boost|p2a: Lurantis|def|1
|faint|p1b: Incineroar
|
|-weather|RainDance|[upkeep]
|-start|p2b: Whimsicott|perish3
|-start|p1a: Politoed|perish3
|-start|p2a: Lurantis|perish3
|upkeep
|
|t:|1757653621
|switch|p1b: Gothitelle|Gothitelle, L50, F|100/100
|turn|2
|inactive|P!nkbearz07 has 30 seconds left.
|
|t:|1757653649
|-terastallize|p1a: Politoed|Grass
|move|p2b: Whimsicott|Tickle|p2a: Lurantis
|-boost|p2a: Lurantis|atk|1
|-boost|p2a: Lurantis|def|1
|move|p1a: Politoed|Weather Ball|p2b: Whimsicott
|-resisted|p2b: Whimsicott
|-damage|p2b: Whimsicott|66/100
|move|p2a: Lurantis|Grassy Glide|p1a: Politoed
|-resisted|p1a: Politoed
|-damage|p1a: Politoed|56/100
|move|p1b: Gothitelle|Psychic|p2b: Whimsicott
|-damage|p2b: Whimsicott|19/100
|
|-weather|RainDance|[upkeep]
|-heal|p1a: Politoed|62/100|[from] item: Leftovers
|-start|p2b: Whimsicott|perish2
|-start|p1a: Politoed|perish2
|-start|p2a: Lurantis|perish2
|upkeep
|turn|3
|
|t:|1757653669
|move|p1a: Politoed|Protect|p1a: Politoed
|-singleturn|p1a: Politoed|Protect
|move|p1b: Gothitelle|Protect|p1b: Gothitelle
|-singleturn|p1b: Gothitelle|Protect
|move|p2b: Whimsicott|Tickle|p2a: Lurantis
|-boost|p2a: Lurantis|atk|1
|-boost|p2a: Lurantis|def|1
|move|p2a: Lurantis|Grassy Glide|p1b: Gothitelle
|-activate|p1b: Gothitelle|move: Protect
|
|-weather|RainDance|[upkeep]
|-heal|p1a: Politoed|68/100|[from] item: Leftovers
|-start|p2b: Whimsicott|perish1
|-start|p1a: Politoed|perish1
|-start|p2a: Lurantis|perish1
|upkeep
|turn|4
|
|t:|1757653693
|switch|p1a: Amoonguss|Amoonguss, L50, M|100/100
|move|p2b: Whimsicott|Tickle|p1a: Amoonguss
|-unboost|p1a: Amoonguss|atk|1
|-unboost|p1a: Amoonguss|def|1
|move|p2a: Lurantis|Superpower|p1b: Gothitelle
|-resisted|p1b: Gothitelle
|-damage|p1b: Gothitelle|37/100
|-boost|p2a: Lurantis|atk|1
|-boost|p2a: Lurantis|def|1
|-enditem|p1b: Gothitelle|Sitrus Berry|[eat]
|-heal|p1b: Gothitelle|62/100|[from] item: Sitrus Berry
|move|p1b: Gothitelle|Trick Room|p1b: Gothitelle
|-fieldstart|move: Trick Room|[of] p1b: Gothitelle
|
|-weather|RainDance|[upkeep]
|-start|p2a: Lurantis|perish0
|-start|p2b: Whimsicott|perish0
|faint|p2a: Lurantis
|faint|p2b: Whimsicott
|upkeep
|
|t:|1757653701
|switch|p2a: Tsareena|Tsareena, L50, F, shiny|100/100
|switch|p2b: Rillaboom|Rillaboom, L50, F, shiny|100/100
|-fieldstart|move: Grassy Terrain|[from] ability: Grassy Surge|[of] p2b: Rillaboom
|-enditem|p2a: Tsareena|Grassy Seed
|-boost|p2a: Tsareena|def|1|[from] item: Grassy Seed
|turn|5
|
|t:|1757653724
|move|p1b: Gothitelle|Protect|p1b: Gothitelle
|-singleturn|p1b: Gothitelle|Protect
|move|p1a: Amoonguss|Pollen Puff|p1b: Gothitelle
|-activate|p1b: Gothitelle|move: Protect
|move|p2a: Tsareena|Acrobatics|p1a: Amoonguss
|-supereffective|p1a: Amoonguss
|-damage|p1a: Amoonguss|8/100
|-enditem|p1a: Amoonguss|Eject Button
|
|t:|1757653732
|switch|p1a: Politoed|Politoed, L50, F, tera:Grass|68/100
|move|p2b: Rillaboom|Wood Hammer|p1b: Gothitelle
|-activate|p1b: Gothitelle|move: Protect
|
|-weather|none
|-heal|p1b: Gothitelle|68/100|[from] Grassy Terrain
|-heal|p1a: Politoed|74/100|[from] Grassy Terrain
|-heal|p1a: Politoed|80/100|[from] item: Leftovers
|upkeep
|turn|6
|
|t:|1757653751
|switch|p1b: Amoonguss|Amoonguss, L50, M|41/100
|-terastallize|p2a: Tsareena|Flying
|move|p2a: Tsareena|Acrobatics|p1a: Politoed
|-supereffective|p1a: Politoed
|-damage|p1a: Politoed|0 fnt
|faint|p1a: Politoed
|move|p2b: Rillaboom|Wood Hammer|p1b: Amoonguss
|-resisted|p1b: Amoonguss
|-damage|p1b: Amoonguss|28/100
|-damage|p2b: Rillaboom|96/100|[from] Recoil
|
|-heal|p1b: Amoonguss|34/100|[from] Grassy Terrain
|-heal|p2b: Rillaboom|100/100|[from] Grassy Terrain
|upkeep
|
|t:|1757653763
|switch|p1a: Gothitelle|Gothitelle, L50, F|68/100
|turn|7
|
|t:|1757653777
|move|p2a: Tsareena|Protect|p2a: Tsareena
|-singleturn|p2a: Tsareena|Protect
|move|p1a: Gothitelle|Fake Out||[still]
|cant|p2a: Tsareena|ability: Queenly Majesty|Fake Out|[of] p1a: Gothitelle
|move|p1b: Amoonguss|Spore|p2a: Tsareena
|-activate|p2a: Tsareena|move: Protect
|move|p2b: Rillaboom|U-turn|p1b: Amoonguss
|-damage|p1b: Amoonguss|16/100
|
|-heal|p1b: Amoonguss|22/100|[from] Grassy Terrain
|-heal|p1a: Gothitelle|74/100|[from] Grassy Terrain
|upkeep
|turn|8
|
|t:|1757653792
|move|p2a: Tsareena|Protect|p2a: Tsareena
|-singleturn|p2a: Tsareena|Protect
|move|p1b: Amoonguss|Spore|p2a: Tsareena
|-activate|p2a: Tsareena|move: Protect
|move|p1a: Gothitelle|Psychic|p2b: Rillaboom
|-damage|p2b: Rillaboom|80/100
|move|p2b: Rillaboom|Wood Hammer|p1a: Gothitelle
|-damage|p1a: Gothitelle|9/100
|-damage|p2b: Rillaboom|60/100|[from] Recoil
|
|-heal|p1b: Amoonguss|28/100|[from] Grassy Terrain
|-heal|p1a: Gothitelle|15/100|[from] Grassy Terrain
|-heal|p2b: Rillaboom|67/100|[from] Grassy Terrain
|-fieldend|move: Trick Room
|upkeep
|turn|9
|
|t:|1757653812
|move|p1a: Gothitelle|Protect|p1a: Gothitelle
|-singleturn|p1a: Gothitelle|Protect
|move|p2b: Rillaboom|Grassy Glide|p1a: Gothitelle
|-activate|p1a: Gothitelle|move: Protect
|move|p2a: Tsareena|Acrobatics|p1b: Amoonguss
|-supereffective|p1b: Amoonguss
|-damage|p1b: Amoonguss|0 fnt
|faint|p1b: Amoonguss
|
|-heal|p2b: Rillaboom|73/100|[from] Grassy Terrain
|-heal|p1a: Gothitelle|21/100|[from] Grassy Terrain
|-fieldend|move: Grassy Terrain
|upkeep
|turn|10
|
|t:|1757653823
|move|p1a: Gothitelle|Protect|p1a: Gothitelle
|-singleturn|p1a: Gothitelle|Protect
|move|p2b: Rillaboom|U-turn|p1a: Gothitelle
|-activate|p1a: Gothitelle|move: Protect
|move|p2a: Tsareena|Acrobatics|p1a: Gothitelle
|-activate|p1a: Gothitelle|move: Protect
|
|upkeep
|turn|11
|
|t:|1757653832
|move|p1a: Gothitelle|Protect||[still]
|-fail|p1a: Gothitelle
|move|p2b: Rillaboom|Wood Hammer|p1a: Gothitelle
|-damage|p1a: Gothitelle|0 fnt
|faint|p1a: Gothitelle
|-damage|p2b: Rillaboom|67/100|[from] Recoil
|
|win|P!nkbearz07
