|j|☆circleofsock
|j|☆ortainee
|html|circleofsockortainee    
|uhtml|bestof|Game 2 of a best-of-3
|t:|1757662467
|gametype|doubles
|player|p1|circleofsock|169|1487
|player|p2|ortainee|grimsley-gen7|1306
|gen|9
|tier|[Gen 9] VGC 2025 Reg H (Bo3)
|rated|
|rule|Species Clause: Limit one of each Pokémon
|rule|Item Clause: Limit 1 of each item
|clearpoke
|poke|p1|Dragonite, L50, M|
|poke|p1|Gholdengo, L50|
|poke|p1|Ursaluna-Bloodmoon, L50, M|
|poke|p1|Annihilape, L50, M|
|poke|p1|Maushold-Four, L50|
|poke|p1|Rillaboom, L50, F|
|poke|p2|Dragonite, L50, M|
|poke|p2|Gholdengo, L50|
|poke|p2|Rillaboom, L50, M|
|poke|p2|Ursaluna-Bloodmoon, L50, M|
|poke|p2|Maushold-Four, L50|
|poke|p2|Annihilape, L50, F|
|teampreview|4
|showteam|p1|Dragonite||LoadedDice|Multiscale|ScaleShot,Tailwind,Haze,Protect|||M|||50|,,,,,Fairy]Gholdengo||LifeOrb|GoodasGold|MakeItRain,ShadowBall,NastyPlot,Protect||||||50|,,,,,Water]Ursaluna-Bloodmoon||AssaultVest|MindsEye|BloodMoon,EarthPower,HyperVoice,VacuumWave|||M|||50|,,,,,Water]Annihilape||SitrusBerry|Defiant|DrainPunch,RageFist,BulkUp,Protect|||M|||50|,,,,,Fire]Maushold-Four||FocusSash|FriendGuard|SuperFang,BeatUp,FollowMe,Protect||||||50|,,,,,Ghost]Rillaboom||MiracleSeed|GrassySurge|WoodHammer,GrassyGlide,HighHorsepower,FakeOut|||F|||50|,,,,,Fire
|showteam|p2|Dragonite||LoadedDice|Multiscale|Tailwind,Haze,Protect,ScaleShot|||M|||50|,,,,,Fairy]Gholdengo||LifeOrb|GoodasGold|MakeItRain,ShadowBall,NastyPlot,Protect||||||50|,,,,,Water]Rillaboom||MiracleSeed|GrassySurge|WoodHammer,GrassyGlide,FakeOut,HighHorsepower|||M|||50|,,,,,Fire]Ursaluna-Bloodmoon||AssaultVest|MindsEye|BloodMoon,EarthPower,HyperVoice,VacuumWave|||M|||50|,,,,,Water]Maushold-Four||FocusSash|FriendGuard|SuperFang,FollowMe,BeatUp,Protect||||||50|,,,,,Ghost]Annihilape||SitrusBerry|Defiant|RageFist,DrainPunch,BulkUp,Protect|||F|||50|,,,,,Fire
|inactive|Battle timer is ON: inactive players will automatically lose when time's up. (requested by ortainee)
|
|t:|1757662496
|teamsize|p1|4
|teamsize|p2|4
|start
|switch|p1a: Annihilape|Annihilape, L50, M|100/100
|switch|p1b: Maushold|Maushold-Four, L50|100/100
|switch|p2a: Gholdengo|Gholdengo, L50|100/100
|switch|p2b: Dragonite|Dragonite, L50, M|100/100
|turn|1
|inactive|ortainee has 30 seconds left.
|
|t:|1757662525
|move|p1b: Maushold|Beat Up|p1a: Annihilape
|-damage|p1a: Annihilape|99/100
|-damage|p1a: Annihilape|97/100
|-damage|p1a: Annihilape|95/100
|-damage|p1a: Annihilape|93/100
|-hitcount|p1a: Annihilape|4
|move|p1a: Annihilape|Rage Fist|p2a: Gholdengo
|-supereffective|p2a: Gholdengo
|-crit|p2a: Gholdengo
|-damage|p2a: Gholdengo|0 fnt
|faint|p2a: Gholdengo
|move|p2b: Dragonite|Tailwind|p2b: Dragonite
|-sidestart|p2: ortainee|move: Tailwind
|
|upkeep
|
|t:|1757662547
|switch|p2a: Annihilape|Annihilape, L50, F|100/100
|turn|2
|
|t:|1757662563
|move|p2a: Annihilape|Drain Punch|p1b: Maushold
|-supereffective|p1b: Maushold
|-damage|p1b: Maushold|22/100
|move|p2b: Dragonite|Scale Shot|p1a: Annihilape
|-damage|p1a: Annihilape|80/100
|-damage|p1a: Annihilape|70/100
|-damage|p1a: Annihilape|58/100
|-damage|p1a: Annihilape|47/100
|-enditem|p1a: Annihilape|Sitrus Berry|[eat]
|-heal|p1a: Annihilape|72/100|[from] item: Sitrus Berry
|-damage|p1a: Annihilape|59/100
|-hitcount|p1a: Annihilape|5
|-unboost|p2b: Dragonite|def|1
|-boost|p2b: Dragonite|spe|1
|move|p1b: Maushold|Super Fang|p2a: Annihilape
|-immune|p2a: Annihilape
|move|p1a: Annihilape|Rage Fist|p2a: Annihilape
|-supereffective|p2a: Annihilape
|-damage|p2a: Annihilape|0 fnt
|faint|p2a: Annihilape
|
|upkeep
|
|t:|1757662573
|switch|p2a: Rillaboom|Rillaboom, L50, M|100/100
|-fieldstart|move: Grassy Terrain|[from] ability: Grassy Surge|[of] p2a: Rillaboom
|turn|3
|
|t:|1757662589
|switch|p1b: Rillaboom|Rillaboom, L50, F|100/100
|move|p1a: Annihilape|Protect|p1a: Annihilape
|-singleturn|p1a: Annihilape|Protect
|move|p2a: Rillaboom|Grassy Glide|p1b: Rillaboom
|-resisted|p1b: Rillaboom
|-damage|p1b: Rillaboom|78/100
|move|p2b: Dragonite|Scale Shot|p1a: Annihilape
|-activate|p1a: Annihilape|move: Protect
|
|-heal|p1a: Annihilape|65/100|[from] Grassy Terrain
|-heal|p1b: Rillaboom|84/100|[from] Grassy Terrain
|upkeep
|turn|4
|
|t:|1757662606
|-terastallize|p1a: Annihilape|Fire
|move|p1b: Rillaboom|Fake Out|p2b: Dragonite
|-damage|p2b: Dragonite|89/100
|cant|p2b: Dragonite|flinch
|move|p2a: Rillaboom|Wood Hammer|p1a: Annihilape
|-resisted|p1a: Annihilape
|-damage|p1a: Annihilape|13/100
|-damage|p2a: Rillaboom|84/100|[from] Recoil
|move|p1a: Annihilape|Rage Fist|p2a: Rillaboom
|-damage|p2a: Rillaboom|0 fnt
|faint|p2a: Rillaboom
|
|-heal|p1a: Annihilape|20/100|[from] Grassy Terrain
|-heal|p1b: Rillaboom|90/100|[from] Grassy Terrain
|-sideend|p2: ortainee|move: Tailwind
|upkeep
|turn|5
|-message|ortainee forfeited.
|
|win|circleofsock
|raw|circleofsock's rating: 1487 → 1497(+10 for winning)
|raw|ortainee's rating: 1306 → 1296(-10 for losing)
|l|☆ortainee
|player|p2|
