|j|☆Chriztians
|j|☆lux raymundi
|html|Chriztianslux raymundi    
|uhtml|bestof|Game 2 of a best-of-3
|t:|1783099426
|gametype|doubles
|player|p1|Chriztians|266|1120
|player|p2|lux raymundi|2|1199
|gen|9
|tier|[Gen 9 Champions] VGC 2026 Reg M-B (Bo3)
|rated|
|rule|Species Clause: Limit one of each Pokémon
|rule|Item Clause: Limit 1 of each item
|clearpoke
|poke|p1|Blastoise, L50, F|
|poke|p1|Slowking-Galar, L50, M|
|poke|p1|Incineroar, L50, M|
|poke|p1|Sinistcha, L50|
|poke|p1|Mawile, L50, F|
|poke|p1|Whimsicott, L50, M|
|poke|p2|Mawile, L50, M|
|poke|p2|Farigiraf, L50, M|
|poke|p2|Delphox, L50, M|
|poke|p2|Incineroar, L50, M|
|poke|p2|Sinistcha, L50|
|poke|p2|Garchomp, L50, M|
|teampreview|4
|showteam|p1|Blastoise||Blastoisinite|Torrent|WaterSpout,AuraSphere,FakeOut,Protect|Quiet||F|||50|]Slowking-Galar||Leftovers|Regenerator|AcidSpray,HealPulse,TrickRoom,RainDance|Relaxed||M|||50|]Incineroar||SitrusBerry|Intimidate|FakeOut,DarkestLariat,FlareBlitz,PartingShot|Impish||M|||50|]Sinistcha||ColburBerry|Hospitality|MatchaGotcha,Protect,RagePowder,TrickRoom|Calm|||||50|]Mawile||Mawilite|HyperCutter|PlayRough,IronHead,SuckerPunch,Protect|Adamant||F|||50|]Whimsicott||FocusSash|Prankster|Encore,Tailwind,Moonblast,Protect|Timid||M|||50|
|showteam|p2|Mawile||Mawilite|HyperCutter|SwordsDance,PlayRough,IronHead,Protect|Brave||M|||50|]Farigiraf||SitrusBerry|ArmorTail|Protect,TwinBeam,TrickRoom,Thunderbolt|Bold||M|||50|]Delphox||Delphoxite|Blaze|NastyPlot,HeatWave,Psychic,Protect|Timid||M|||50|]Incineroar||PasshoBerry|Intimidate|FakeOut,ThroatChop,FlareBlitz,PartingShot|Adamant||M|||50|]Sinistcha||ColburBerry|Hospitality|MatchaGotcha,TrickRoom,RagePowder,Protect|Relaxed|||||50|]Garchomp||LifeOrb|RoughSkin|DragonClaw,Earthquake,RockSlide,Protect|Jolly||M|||50|
|
|t:|1783099460
|teamsize|p1|4
|teamsize|p2|4
|start
|switch|p1a: Slowking|Slowking-Galar, L50, M|100/100
|switch|p1b: Incineroar|Incineroar, L50, M|100/100
|switch|p2a: Garchomp|Garchomp, L50, M|100/100
|switch|p2b: Delphox|Delphox, L50, M|100/100
|-ability|p1b: Incineroar|Intimidate|boost
|-unboost|p2a: Garchomp|atk|1
|-unboost|p2b: Delphox|atk|1
|turn|1
|
|t:|1783099489
|detailschange|p2b: Delphox|Delphox-Mega, L50, M
|-mega|p2b: Delphox|Delphox|Delphoxite
|move|p1b: Incineroar|Fake Out|p2a: Garchomp
|-damage|p2a: Garchomp|89/100
|-damage|p1b: Incineroar|87/100|[from] ability: Rough Skin|[of] p2a: Garchomp
|move|p2b: Delphox|Psychic|p1a: Slowking
|-damage|p1a: Slowking|60/100
|cant|p2a: Garchomp|flinch
|move|p1a: Slowking|Trick Room|p1a: Slowking
|-fieldstart|move: Trick Room|[of] p1a: Slowking
|
|-heal|p1a: Slowking|66/100|[from] item: Leftovers
|upkeep
|turn|2
|
|t:|1783099525
|-heal|p1a: Slowking|100/100|[from] ability: Regenerator|[silent]
|switch|p1a: Sinistcha|Sinistcha, L50|100/100
|-heal|p1b: Incineroar|100/100|[from] ability: Hospitality|[of] p1a: Sinistcha
|move|p1b: Incineroar|Parting Shot|p2b: Delphox
|-unboost|p2b: Delphox|atk|1
|-unboost|p2b: Delphox|spa|1
|
|t:|1783099537
|switch|p1b: Blastoise|Blastoise, L50, F|100/100|[from] Parting Shot
|move|p2a: Garchomp|Earthquake|p1a: Sinistcha|[spread] p1a,p1b
|-immune|p2b: Delphox|[from] ability: Levitate
|-resisted|p1a: Sinistcha|1
|-damage|p1a: Sinistcha|85/100
|-damage|p1b: Blastoise|68/100
|-damage|p2a: Garchomp|80/100|[from] item: Life Orb
|move|p2b: Delphox|Psychic|p1a: Sinistcha
|-damage|p1a: Sinistcha|53/100
|
|upkeep
|turn|3
|
|t:|1783099557
|detailschange|p1b: Blastoise|Blastoise-Mega, L50, F
|-mega|p1b: Blastoise|Blastoise|Blastoisinite
|move|p2b: Delphox|Protect|p2b: Delphox
|-singleturn|p2b: Delphox|Protect
|move|p1b: Blastoise|Water Spout|p2b: Delphox|[spread] p2a
|-activate|p2b: Delphox|move: Protect
|-damage|p2a: Garchomp|29/100
|move|p1a: Sinistcha|Matcha Gotcha|p2b: Delphox|[spread] p2a
|-activate|p2b: Delphox|move: Protect
|-damage|p2a: Garchomp|1/100
|-heal|p1a: Sinistcha|68/100|[from] drain|[of] p2a: Garchomp
|move|p2a: Garchomp|Earthquake|p1a: Sinistcha|[spread] p1a,p1b
|-activate|p2b: Delphox|move: Protect
|-resisted|p1a: Sinistcha|1
|-damage|p1a: Sinistcha|53/100
|-damage|p1b: Blastoise|40/100
|-damage|p2a: Garchomp|0 fnt|[from] item: Life Orb
|faint|p2a: Garchomp
|
|upkeep
|
|t:|1783099576
|switch|p2a: Incineroar|Incineroar, L50, M|100/100
|-ability|p2a: Incineroar|Intimidate|boost
|-unboost|p1a: Sinistcha|atk|1
|-unboost|p1b: Blastoise|atk|1
|turn|4
|
|t:|1783099584
|switch|p1a: Slowking|Slowking-Galar, L50, M|100/100
|switch|p2b: Farigiraf|Farigiraf, L50, M|100/100
|move|p1b: Blastoise|Protect|p1b: Blastoise
|-singleturn|p1b: Blastoise|Protect
|move|p2a: Incineroar|Fake Out|p1b: Blastoise
|-activate|p1b: Blastoise|move: Protect
|
|upkeep
|turn|5
|
|t:|1783099601
|move|p1a: Slowking|Heal Pulse|p1b: Blastoise
|-heal|p1b: Blastoise|90/100
|move|p2a: Incineroar|Parting Shot|p1b: Blastoise
|-unboost|p1b: Blastoise|atk|1
|-unboost|p1b: Blastoise|spa|1
|
|t:|1783099607
|switch|p2a: Delphox|Delphox-Mega, L50, M|100/100|[from] Parting Shot
|move|p2b: Farigiraf|Thunderbolt|p1b: Blastoise
|-supereffective|p1b: Blastoise|1
|-damage|p1b: Blastoise|51/100
|move|p1b: Blastoise|Aura Sphere|p2a: Delphox
|-resisted|p2a: Delphox|1
|-damage|p2a: Delphox|84/100
|
|-fieldend|move: Trick Room
|upkeep
|turn|6
|
|t:|1783099624
|switch|p1a: Sinistcha|Sinistcha, L50|53/100
|-heal|p1b: Blastoise|75/100|[from] ability: Hospitality|[of] p1a: Sinistcha
|move|p1b: Blastoise|Protect|p1b: Blastoise
|-singleturn|p1b: Blastoise|Protect
|move|p2a: Delphox|Psychic|p1a: Sinistcha
|-damage|p1a: Sinistcha|6/100
|move|p2b: Farigiraf|Trick Room|p2b: Farigiraf
|-fieldstart|move: Trick Room|[of] p2b: Farigiraf
|
|upkeep
|turn|7
|
|t:|1783099640
|move|p2b: Farigiraf|Thunderbolt|p1b: Blastoise
|-supereffective|p1b: Blastoise|1
|-damage|p1b: Blastoise|38/100
|move|p1b: Blastoise|Water Spout|p2a: Delphox|[spread] p2a,p2b
|-supereffective|p2a: Delphox|1
|-damage|p2a: Delphox|51/100
|-damage|p2b: Farigiraf|85/100
|move|p1a: Sinistcha|Matcha Gotcha|p2b: Farigiraf|[spread] p2a,p2b
|-resisted|p2a: Delphox|1
|-damage|p2a: Delphox|39/100
|-heal|p1a: Sinistcha|11/100|[from] drain|[of] p2a: Delphox
|-damage|p2b: Farigiraf|61/100
|-heal|p1a: Sinistcha|26/100|[from] drain|[of] p2b: Farigiraf
|-status|p2b: Farigiraf|brn
|move|p2a: Delphox|Heat Wave|p1b: Blastoise|[spread] p1a,p1b
|-supereffective|p1a: Sinistcha|1
|-resisted|p1b: Blastoise|1
|-damage|p1a: Sinistcha|0 fnt
|-damage|p1b: Blastoise|19/100
|faint|p1a: Sinistcha
|
|-damage|p2b: Farigiraf|55/100 brn|[from] brn
|upkeep
|
|t:|1783099660
|switch|p1a: Slowking|Slowking-Galar, L50, M|100/100
|turn|8
|
|t:|1783099680
|switch|p1b: Incineroar|Incineroar, L50, M|100/100
|-ability|p1b: Incineroar|Intimidate|boost
|-unboost|p2a: Delphox|atk|1
|-unboost|p2b: Farigiraf|atk|1
|move|p2a: Delphox|Protect|p2a: Delphox
|-singleturn|p2a: Delphox|Protect
|move|p1a: Slowking|Acid Spray|p2b: Farigiraf
|-damage|p2b: Farigiraf|40/100 brn
|-unboost|p2b: Farigiraf|spd|2
|-enditem|p2b: Farigiraf|Sitrus Berry|[eat]
|-heal|p2b: Farigiraf|64/100 brn|[from] item: Sitrus Berry
|move|p2b: Farigiraf|Thunderbolt|p1b: Incineroar
|-damage|p1b: Incineroar|81/100
|-status|p1b: Incineroar|par
|
|-damage|p2b: Farigiraf|58/100 brn|[from] brn
|upkeep
|turn|9
|
|t:|1783099705
|switch|p2a: Incineroar|Incineroar, L50, M|100/100
|-ability|p2a: Incineroar|Intimidate|boost
|-unboost|p1a: Slowking|atk|1
|-unboost|p1b: Incineroar|atk|1
|move|p1b: Incineroar|Darkest Lariat|p2a: Incineroar
|-resisted|p2a: Incineroar|1
|-damage|p2a: Incineroar|88/100
|move|p1a: Slowking|Rain Dance|p1a: Slowking
|-weather|RainDance
|move|p2b: Farigiraf|Trick Room|p2b: Farigiraf
|-fieldend|move: Trick Room
|
|-weather|RainDance|[upkeep]
|-damage|p2b: Farigiraf|52/100 brn|[from] brn
|upkeep
|turn|10
|
|t:|1783099730
|switch|p2b: Delphox|Delphox-Mega, L50, M|39/100
|move|p2a: Incineroar|Fake Out|p1a: Slowking
|-damage|p1a: Slowking|88/100
|cant|p1a: Slowking|flinch
|move|p1b: Incineroar|Darkest Lariat|p2b: Delphox
|-supereffective|p2b: Delphox|1
|-damage|p2b: Delphox|0 fnt
|faint|p2b: Delphox
|
|-weather|RainDance|[upkeep]
|-heal|p1a: Slowking|94/100|[from] item: Leftovers
|upkeep
|
|t:|1783099741
|switch|p2b: Farigiraf|Farigiraf, L50, M|52/100 brn
|turn|11
|
|t:|1783099755
|move|p2a: Incineroar|Throat Chop|p1a: Slowking
|-supereffective|p1a: Slowking|1
|-damage|p1a: Slowking|22/100
|-start|p1a: Slowking|Throat Chop|[silent]
|move|p2b: Farigiraf|Thunderbolt|p1a: Slowking
|-damage|p1a: Slowking|4/100
|move|p1a: Slowking|Acid Spray|p2b: Farigiraf
|-damage|p2b: Farigiraf|39/100 brn
|-unboost|p2b: Farigiraf|spd|2
|move|p1b: Incineroar|Darkest Lariat|p2b: Farigiraf
|-supereffective|p2b: Farigiraf|1
|-damage|p2b: Farigiraf|2/100 brn
|
|-weather|RainDance|[upkeep]
|-heal|p1a: Slowking|10/100|[from] item: Leftovers
|-damage|p2b: Farigiraf|0 fnt|[from] brn
|faint|p2b: Farigiraf
|upkeep
|turn|12
|
|t:|1783099794
|move|p2a: Incineroar|Throat Chop|p1a: Slowking
|-supereffective|p1a: Slowking|1
|-damage|p1a: Slowking|0 fnt
|faint|p1a: Slowking
|move|p1b: Incineroar|Parting Shot|p2a: Incineroar
|-unboost|p2a: Incineroar|atk|1
|-unboost|p2a: Incineroar|spa|1
|
|t:|1783099800
|switch|p1b: Blastoise|Blastoise-Mega, L50, F|19/100|[from] Parting Shot
|
|-weather|RainDance|[upkeep]
|upkeep
|
|t:|1783099805
|switch|p1a: Incineroar|Incineroar, L50, M|81/100 par
|-ability|p1a: Incineroar|Intimidate|boost
|-unboost|p2a: Incineroar|atk|1
|turn|13
|
|t:|1783099813
|move|p1a: Incineroar|Fake Out|p2a: Incineroar
|-damage|p2a: Incineroar|77/100
|move|p1b: Blastoise|Aura Sphere|p2a: Incineroar
|-supereffective|p2a: Incineroar|1
|-damage|p2a: Incineroar|0 fnt
|faint|p2a: Incineroar
|
|win|Chriztians
|raw|Chriztians's rating: 1120 → 1151(+31 for winning)
|raw|lux raymundi's rating: 1199 → 1168(-31 for losing)
