|j|☆KodeBeast0526
|j|☆Shoto.tx
|html|KodeBeast0526Shoto.tx    
|uhtml|bestof|Game 3 of a best-of-3
|t:|1756573901
|gametype|doubles
|player|p1|KodeBeast0526|wattson|1086
|player|p2|Shoto.tx|2|1124
|gen|9
|tier|[Gen 9] VGC 2025 Reg H (Bo3)
|rated|
|rule|Species Clause: Limit one of each Pokémon
|rule|Item Clause: Limit 1 of each item
|clearpoke
|poke|p1|Sneasler, L50, M|
|poke|p1|Excadrill, L50, M|
|poke|p1|Corviknight, L50, M|
|poke|p1|Tyranitar, L50, M|
|poke|p1|Indeedee-F, L50, F|
|poke|p1|Gholdengo, L50|
|poke|p2|Archaludon, L50, M|
|poke|p2|Politoed, L50, F|
|poke|p2|Gothitelle, L50, M|
|poke|p2|Kingdra, L50, M|
|poke|p2|Incineroar, L50, M|
|poke|p2|Amoonguss, L50, M|
|teampreview|4
|showteam|p1|Sneasler||WhiteHerb|Unburden|CloseCombat,DireClaw,FakeOut,Coaching|||M|||50|,,,,,Flying]Excadrill||FocusSash|SandRush|Earthquake,IronHead,SwordsDance,Protect|||M|||50|,,,,,Ground]Corviknight||PsychicSeed|MirrorArmor|BraveBird,PowerTrip,BulkUp,Roost|||M|||50|,,,,,Water]Tyranitar||AssaultVest|SandStream|RockSlide,KnockOff,LowKick,TeraBlast|||M|||50|,,,,,Flying]Indeedee-F||SafetyGoggles|PsychicSurge|DazzlingGleam,FollowMe,HelpingHand,TrickRoom|||F|||50|,,,,,Fairy]Gholdengo||MetalCoat|GoodasGold|MakeItRain,ShadowBall,NastyPlot,Protect||||||50|,,,,,Water
|showteam|p2|Archaludon||PowerHerb|Sturdy|ElectroShot,FlashCannon,DragonPulse,Protect|||M|||50|,,,,,Electric]Politoed||Leftovers|Drizzle|WeatherBall,PerishSong,Encore,Protect|||F|||50|,,,,,Grass]Gothitelle||SitrusBerry|ShadowTag|Psychic,FakeOut,TrickRoom,Protect|||M|||50|,,,,,Dark]Kingdra||LifeOrb|SwiftSwim|DracoMeteor,WeatherBall,MuddyWater,Protect|||M|||50|,,,,,Stellar]Incineroar||SafetyGoggles|Intimidate|FakeOut,KnockOff,PartingShot,Protect|||M|||50|,,,,,Ghost]Amoonguss||EjectButton|Regenerator|Spore,RagePowder,PollenPuff,Protect|||M|||50|,,,,,Fairy
|
|t:|1756573920
|teamsize|p1|4
|teamsize|p2|4
|start
|switch|p1a: Gholdengo|Gholdengo, L50|100/100
|switch|p1b: Tyranitar|Tyranitar, L50, M|100/100
|switch|p2a: Politoed|Politoed, L50, F, shiny|100/100
|switch|p2b: Incineroar|Incineroar, L50, M, shiny|100/100
|-ability|p2b: Incineroar|Intimidate|boost
|-unboost|p1a: Gholdengo|atk|1
|-unboost|p1b: Tyranitar|atk|1
|-weather|RainDance|[from] ability: Drizzle|[of] p2a: Politoed
|-weather|Sandstorm|[from] ability: Sand Stream|[of] p1b: Tyranitar
|turn|1
|
|t:|1756573946
|move|p1a: Gholdengo|Nasty Plot|p1a: Gholdengo
|-boost|p1a: Gholdengo|spa|2
|move|p2b: Incineroar|Parting Shot|p1b: Tyranitar
|-unboost|p1b: Tyranitar|atk|1
|-unboost|p1b: Tyranitar|spa|1
|
|t:|1756573954
|switch|p2b: Kingdra|Kingdra, L50, M, shiny|100/100|[from] Parting Shot
|move|p2a: Politoed|Encore|p1a: Gholdengo
|-immune|p1a: Gholdengo|[from] ability: Good as Gold
|move|p1b: Tyranitar|Rock Slide|p2b: Kingdra|[spread] p2a,p2b
|-damage|p2a: Politoed|85/100
|-damage|p2b: Kingdra|86/100
|
|-weather|Sandstorm|[upkeep]
|-damage|p2b: Kingdra|80/100|[from] Sandstorm
|-damage|p2a: Politoed|79/100|[from] Sandstorm
|-heal|p2a: Politoed|85/100|[from] item: Leftovers
|upkeep
|turn|2
|
|t:|1756573992
|switch|p2a: Incineroar|Incineroar, L50, M, shiny|100/100
|-ability|p2a: Incineroar|Intimidate|boost
|-unboost|p1a: Gholdengo|atk|1
|-unboost|p1b: Tyranitar|atk|1
|switch|p1b: Sneasler|Sneasler, L50, M|100/100
|-terastallize|p2b: Kingdra|Stellar
|move|p1a: Gholdengo|Make It Rain|p2a: Incineroar|[spread] p2a,p2b
|-resisted|p2a: Incineroar
|-resisted|p2b: Kingdra
|-damage|p2a: Incineroar|52/100
|-damage|p2b: Kingdra|25/100
|-unboost|p1a: Gholdengo|spa|1
|move|p2b: Kingdra|Muddy Water|p1a: Gholdengo|[spread] p1a,p1b
|-crit|p1b: Sneasler
|-damage|p1a: Gholdengo|41/100
|-damage|p1b: Sneasler|0 fnt
|-unboost|p1a: Gholdengo|accuracy|1
|faint|p1b: Sneasler
|-damage|p2b: Kingdra|15/100|[from] item: Life Orb
|
|-weather|Sandstorm|[upkeep]
|-damage|p2b: Kingdra|9/100|[from] Sandstorm
|upkeep
|
|t:|1756574014
|switch|p1b: Excadrill|Excadrill, L50, M|100/100
|turn|3
|
|t:|1756574031
|move|p1b: Excadrill|Protect|p1b: Excadrill
|-singleturn|p1b: Excadrill|Protect
|move|p2b: Kingdra|Protect|p2b: Kingdra
|-singleturn|p2b: Kingdra|Protect
|move|p1a: Gholdengo|Make It Rain|p2a: Incineroar|[spread] p2a
|-activate|p2b: Kingdra|move: Protect
|-resisted|p2a: Incineroar
|-damage|p2a: Incineroar|15/100
|-unboost|p1a: Gholdengo|spa|1
|move|p2a: Incineroar|Parting Shot|p1b: Excadrill
|-activate|p1b: Excadrill|move: Protect
|
|-weather|Sandstorm|[upkeep]
|-damage|p2b: Kingdra|3/100|[from] Sandstorm
|upkeep
|turn|4
|
|t:|1756574048
|switch|p2b: Gothitelle|Gothitelle, L50, M, shiny|100/100
|move|p1a: Gholdengo|Protect|p1a: Gholdengo
|-singleturn|p1a: Gholdengo|Protect
|move|p1b: Excadrill|Earthquake|p2a: Incineroar|[spread] p2a,p2b
|-activate|p1a: Gholdengo|move: Protect
|-supereffective|p2a: Incineroar
|-damage|p2a: Incineroar|0 fnt
|-damage|p2b: Gothitelle|64/100
|faint|p2a: Incineroar
|
|-weather|Sandstorm|[upkeep]
|-damage|p2b: Gothitelle|58/100|[from] Sandstorm
|upkeep
|
|t:|1756574063
|switch|p2a: Politoed|Politoed, L50, F, shiny|85/100
|-weather|RainDance|[from] ability: Drizzle|[of] p2a: Politoed
|turn|5
|
|t:|1756574101
|move|p1b: Excadrill|Protect|p1b: Excadrill
|-singleturn|p1b: Excadrill|Protect
|move|p2b: Gothitelle|Fake Out|p1b: Excadrill
|-activate|p1b: Excadrill|move: Protect
|move|p1a: Gholdengo|Shadow Ball|p2b: Gothitelle
|-supereffective|p2b: Gothitelle
|-damage|p2b: Gothitelle|0 fnt
|faint|p2b: Gothitelle
|move|p2a: Politoed|Weather Ball|p1b: Excadrill
|-activate|p1b: Excadrill|move: Protect
|
|-weather|RainDance|[upkeep]
|-heal|p2a: Politoed|91/100|[from] item: Leftovers
|upkeep
|
|t:|1756574104
|switch|p2b: Kingdra|Kingdra, L50, M, shiny, tera:Stellar|3/100
|turn|6
|
|t:|1756574117
|switch|p1a: Tyranitar|Tyranitar, L50, M|100/100
|-weather|Sandstorm|[from] ability: Sand Stream|[of] p1a: Tyranitar
|-terastallize|p1b: Excadrill|Ground
|move|p1b: Excadrill|Iron Head|p2a: Politoed
|-resisted|p2a: Politoed
|-damage|p2a: Politoed|68/100
|move|p2b: Kingdra|Muddy Water|p1b: Excadrill|[spread] p1a,p1b
|-supereffective|p1a: Tyranitar
|-supereffective|p1b: Excadrill
|-damage|p1a: Tyranitar|77/100
|-enditem|p1b: Excadrill|Focus Sash
|-damage|p1b: Excadrill|1/100
|-unboost|p1a: Tyranitar|accuracy|1
|-unboost|p1b: Excadrill|accuracy|1
|-damage|p2b: Kingdra|0 fnt|[from] item: Life Orb
|faint|p2b: Kingdra
|move|p2a: Politoed|Weather Ball|p1b: Excadrill
|-resisted|p1b: Excadrill
|-damage|p1b: Excadrill|0 fnt
|faint|p1b: Excadrill
|
|-weather|Sandstorm|[upkeep]
|-damage|p2a: Politoed|61/100|[from] Sandstorm
|-heal|p2a: Politoed|68/100|[from] item: Leftovers
|upkeep
|
|t:|1756574127
|switch|p1b: Gholdengo|Gholdengo, L50|41/100
|turn|7
|
|t:|1756574152
|move|p1b: Gholdengo|Make It Rain|p2a: Politoed
|-resisted|p2a: Politoed
|-damage|p2a: Politoed|41/100
|-unboost|p1b: Gholdengo|spa|1
|move|p2a: Politoed|Weather Ball|p1b: Gholdengo
|-resisted|p1b: Gholdengo
|-damage|p1b: Gholdengo|28/100
|move|p1a: Tyranitar|Knock Off|p2a: Politoed
|-damage|p2a: Politoed|0 fnt
|-enditem|p2a: Politoed|Leftovers|[from] move: Knock Off|[of] p1a: Tyranitar
|faint|p2a: Politoed
|
|win|KodeBeast0526
|raw|KodeBeast0526's rating: 1086 → 1116(+30 for winning)
|raw|Shoto.tx's rating: 1124 → 1096(-28 for losing)
|l|☆Shoto.tx
|player|p2|
|c|☆KodeBeast0526|gg had me tilted
|j|☆Shoto.tx
|player|p2|Shoto.tx|2|
|l|☆Shoto.tx
|player|p2|
