|j|☆ultraclaw1
|j|☆bruGno
|html|ultraclaw1bruGno    
|uhtml|bestof|Game 2 of a best-of-3
|t:|1786184398
|gametype|doubles
|player|p1|ultraclaw1|brycenman|1436
|player|p2|bruGno|ash-kalos|1377
|gen|9
|tier|[Gen 9 Champions] VGC 2026 Reg M-B (Bo3)
|rated|
|rule|Species Clause: Limit one of each Pokémon
|rule|Item Clause: Limit 1 of each item
|clearpoke
|poke|p1|Maushold, L50|
|poke|p1|Kingambit, L50, F|
|poke|p1|Garchomp, L50, F|
|poke|p1|Basculegion, L50, M|
|poke|p1|Talonflame, L50, M|
|poke|p1|Floette-Eternal, L50, F|
|poke|p2|Staraptor, L50, F|
|poke|p2|Arcanine-Hisui, L50, F|
|poke|p2|Kingambit, L50, M|
|poke|p2|Sylveon, L50, F|
|poke|p2|Raichu, L50, M|
|poke|p2|Farigiraf, L50, F|
|teampreview|4
|showteam|p1|Maushold||FocusSash|FriendGuard|SuperFang,Taunt,FollowMe,Protect|Timid|||||50|]Kingambit||ChopleBerry|Defiant|KowtowCleave,SuckerPunch,LowKick,IronHead|Adamant||F|||50|]Garchomp||LifeOrb|RoughSkin|RockSlide,Earthquake,DragonClaw,Protect|Jolly||F|||50|]Basculegion||MysticWater|Adaptability|WaveCrash,LastRespects,AquaJet,Protect|Adamant||M|||50|]Talonflame||SharpBeak|GaleWings|QuickGuard,DualWingbeat,Tailwind,Protect|Jolly||M|||50|]Floette-Eternal||Floettite|FlowerVeil|LightofRuin,Protect,Moonblast,DazzlingGleam|Modest||F|||50|
|showteam|p2|Staraptor||Staraptite|Intimidate|DualWingbeat,CloseCombat,Tailwind,Protect|Jolly||F|||50|]Arcanine-Hisui||FocusSash|RockHead|FlareBlitz,HeadSmash,ExtremeSpeed,Protect|Jolly||F|||50|]Kingambit||LifeOrb|Defiant|KowtowCleave,SuckerPunch,SwordsDance,Protect|Adamant||M|||50|]Sylveon||FairyFeather|Pixilate|HyperVoice,HyperBeam,QuickAttack,Detect|Modest||F|||50|]Raichu||RaichuniteY|LightningRod|ZapCannon,FocusBlast,FakeOut,Protect|Timid||M|||50|]Farigiraf||SitrusBerry|ArmorTail|Psychic,HelpingHand,TrickRoom,Protect|Calm||F|||50|
|inactive|Battle timer is ON: inactive players will automatically lose when time's up. (requested by ultraclaw1)
|inactive|ultraclaw1 has 60 seconds left.
|inactive|bruGno has 60 seconds left.
|
|t:|1786184441
|teamsize|p1|4
|teamsize|p2|4
|start
|switch|p1a: Floette|Floette-Eternal, L50, F|100/100
|switch|p1b: Maushold|Maushold, L50|100/100
|switch|p2a: Sylveon|Sylveon, L50, F|100/100
|switch|p2b: Raichu|Raichu, L50, M|100/100
|turn|1
|
|t:|1786184471
|detailschange|p2b: Raichu|Raichu-Mega-Y, L50, M
|-mega|p2b: Raichu|Raichu|Raichunite Y
|move|p1b: Maushold|Protect|p1b: Maushold
|-singleturn|p1b: Maushold|Protect
|move|p1a: Floette|Protect|p1a: Floette
|-singleturn|p1a: Floette|Protect
|move|p2b: Raichu|Zap Cannon|p1a: Floette
|-activate|p1a: Floette|move: Protect
|move|p2a: Sylveon|Hyper Voice|p1a: Floette|[spread] 
|-activate|p1a: Floette|move: Protect
|-activate|p1b: Maushold|move: Protect
|
|upkeep
|turn|2
|
|t:|1786184488
|detailschange|p1a: Floette|Floette-Mega, L50, F
|-mega|p1a: Floette|Floette|Floettite
|-ability|p1a: Floette|Fairy Aura
|move|p2b: Raichu|Zap Cannon|p1a: Floette
|-damage|p1a: Floette|61/100
|-status|p1a: Floette|par
|move|p1b: Maushold|Super Fang|p2a: Sylveon|[miss]
|-miss|p1b: Maushold|p2a: Sylveon
|move|p2a: Sylveon|Hyper Voice|p1a: Floette|[spread] p1a,p1b
|-damage|p1a: Floette|19/100 par
|-damage|p1b: Maushold|21/100
|move|p1a: Floette|Moonblast|p2b: Raichu
|-damage|p2b: Raichu|0 fnt
|faint|p2b: Raichu
|
|upkeep
|
|t:|1786184505
|switch|p2b: Arcanine|Arcanine-Hisui, L50, F|100/100
|turn|3
|
|t:|1786184512
|move|p1b: Maushold|Protect|p1b: Maushold
|-singleturn|p1b: Maushold|Protect
|move|p2b: Arcanine|Extreme Speed|p1b: Maushold
|-activate|p1b: Maushold|move: Protect
|move|p2a: Sylveon|Hyper Voice|p1b: Maushold|[spread] p1a
|-activate|p1b: Maushold|move: Protect
|-damage|p1a: Floette|0 fnt
|faint|p1a: Floette
|
|upkeep
|
|t:|1786184519
|switch|p1a: Basculegion|Basculegion, L50, M|100/100
|turn|4
|
|t:|1786184540
|move|p1b: Maushold|Super Fang|p2a: Sylveon
|-damage|p2a: Sylveon|50/100g
|move|p2b: Arcanine|Head Smash|p1a: Basculegion
|-damage|p1a: Basculegion|41/100
|move|p1a: Basculegion|Last Respects|p2b: Arcanine
|-damage|p2b: Arcanine|9/100
|move|p2a: Sylveon|Hyper Voice|p1b: Maushold|[spread] p1a,p1b
|-damage|p1a: Basculegion|0 fnt
|-damage|p1b: Maushold|0 fnt
|faint|p1a: Basculegion
|faint|p1b: Maushold
|
|upkeep
|
|t:|1786184547
|switch|p1b: Kingambit|Kingambit, L50, F|100/100
|turn|5
|
|t:|1786184554
|switch|p2a: Farigiraf|Farigiraf, L50, F|100/100
|move|p2b: Arcanine|Protect|p2b: Arcanine
|-singleturn|p2b: Arcanine|Protect
|move|p1b: Kingambit|Iron Head|p2a: Farigiraf
|-damage|p2a: Farigiraf|58/100
|
|upkeep
|turn|6
|
|t:|1786184563
|move|p2a: Farigiraf|Helping Hand|p2b: Arcanine
|-singleturn|p2b: Arcanine|Helping Hand|[of] p2a: Farigiraf
|move|p2b: Arcanine|Flare Blitz|p1b: Kingambit
|-supereffective|p1b: Kingambit|1
|-damage|p1b: Kingambit|0 fnt
|faint|p1b: Kingambit
|
|win|bruGno
|raw|ultraclaw1's rating: 1436 → 1413(-23 for losing)
|raw|bruGno's rating: 1377 → 1400(+23 for winning)
