|j|☆shaandii
|j|☆hakeezy
|html|shaandiihakeezy    
|uhtml|bestof|Game 1 of a best-of-3
|t:|1783455441
|gametype|doubles
|player|p1|shaandii|102|1059
|player|p2|hakeezy|102|1150
|gen|9
|tier|[Gen 9 Champions] VGC 2026 Reg M-B (Bo3)
|rated|
|rule|Species Clause: Limit one of each Pokémon
|rule|Item Clause: Limit 1 of each item
|clearpoke
|poke|p1|Gengar, L50, F, shiny|
|poke|p1|Incineroar, L50, F|
|poke|p1|Politoed, L50, M|
|poke|p1|Swampert, L50, M|
|poke|p1|Archaludon, L50, F|
|poke|p1|Vivillon-Marine, L50, M|
|poke|p2|Swampert, L50, M|
|poke|p2|Pelipper, L50, M|
|poke|p2|Kingambit, L50, F|
|poke|p2|Metagross, L50|
|poke|p2|Archaludon, L50, F|
|poke|p2|Grimmsnarl, L50, M|
|teampreview|4
|showteam|p1|Gengar||Gengarite|CursedBody|ShadowBall,SludgeBomb,PerishSong,Protect|Timid||F|||50|]Incineroar||PasshoBerry|Intimidate|FakeOut,PartingShot,ThroatChop,Protect|Sassy||F|||50|]Politoed||SitrusBerry|Drizzle|WeatherBall,PerishSong,Protect,Encore|Calm||M|||50|]Swampert||Swampertite|Torrent|HighHorsepower,WaveCrash,IcePunch,Protect|Adamant||M|||50|]Archaludon||Leftovers|Stamina|ElectroShot,DragonPulse,FlashCannon,Protect|Bold||F|||50|]Vivillon-Marine||FocusSash|CompoundEyes|RagePowder,SleepPowder,Hurricane,Protect|Timid||M|||50|
|showteam|p2|Swampert||Swampertite|Torrent|WaveCrash,Protect,Earthquake,IcePunch|Adamant||M|||50|]Pelipper||DampRock|Drizzle|Protect,WeatherBall,Hurricane,Tailwind|Timid||M|||50|]Kingambit||FocusSash|Defiant|KowtowCleave,SuckerPunch,Protect,IronHead|Serious||F|||50|]Metagross||Metagrossite|ClearBody|Protect,MeteorMash,PsychicFangs,BulletPunch|Jolly|||||50|]Archaludon||Leftovers|Stamina|FlashCannon,DracoMeteor,ElectroShot,Protect|Timid||F|||50|]Grimmsnarl||LightClay|Prankster|SpiritBreak,PartingShot,Reflect,LightScreen|Jolly||M|||50|
|
|t:|1783455482
|teamsize|p1|4
|teamsize|p2|4
|start
|switch|p1a: Incineroar|Incineroar, L50, F|100/100
|switch|p1b: Gengar|Gengar, L50, F, shiny|100/100
|switch|p2a: Metagross|Metagross, L50|100/100
|switch|p2b: Archaludon|Archaludon, L50, F|100/100
|-ability|p1a: Incineroar|Intimidate|boost
|-fail|p2a: Metagross|unboost|[from] ability: Clear Body|[of] p2a: Metagross
|-unboost|p2b: Archaludon|atk|1
|turn|1
|
|t:|1783455547
|switch|p2a: Grimmsnarl|Grimmsnarl, L50, M|100/100
|detailschange|p1b: Gengar|Gengar-Mega, L50, F, shiny
|-mega|p1b: Gengar|Gengar|Gengarite
|move|p1b: Gengar|Protect|p1b: Gengar
|-singleturn|p1b: Gengar|Protect
|move|p2b: Archaludon|Flash Cannon|p1b: Gengar
|-activate|p1b: Gengar|move: Protect
|move|p1a: Incineroar|Parting Shot|p2a: Grimmsnarl
|-unboost|p2a: Grimmsnarl|atk|1
|-unboost|p2a: Grimmsnarl|spa|1
|inactive|Battle timer is ON: inactive players will automatically lose when time's up. (requested by hakeezy)
|
|t:|1783455559
|switch|p1a: Vivillon|Vivillon-Marine, L50, M|100/100|[from] Parting Shot
|
|upkeep
|turn|2
|inactive|hakeezy has 30 seconds left.
|inactive|hakeezy has 20 seconds left.
|inactive|hakeezy has 15 seconds left.
|inactive|hakeezy has 10 seconds left.
|inactive|hakeezy has 5 seconds left.
|
|t:|1783455614
|move|p1b: Gengar|Sludge Bomb|p2a: Grimmsnarl
|-supereffective|p2a: Grimmsnarl|1
|-crit|p2a: Grimmsnarl
|-damage|p2a: Grimmsnarl|0 fnt
|faint|p2a: Grimmsnarl
|move|p1a: Vivillon|Sleep Powder|p2b: Archaludon
|-status|p2b: Archaludon|slp|[from] move: Sleep Powder
|cant|p2b: Archaludon|slp
|
|upkeep
|
|t:|1783455622
|switch|p2a: Metagross|Metagross, L50|100/100
|turn|3
|inactive|hakeezy has 30 seconds left.
|
|t:|1783455652
|detailschange|p2a: Metagross|Metagross-Mega, L50
|-mega|p2a: Metagross|Metagross|Metagrossite
|move|p1a: Vivillon|Rage Powder|p1a: Vivillon
|-singleturn|p1a: Vivillon|move: Rage Powder
|move|p2a: Metagross|Meteor Mash|p1a: Vivillon
|-crit|p1a: Vivillon
|-enditem|p1a: Vivillon|Focus Sash
|-damage|p1a: Vivillon|1/100
|-boost|p2a: Metagross|atk|1
|move|p1b: Gengar|Perish Song|p1b: Gengar
|-start|p1a: Vivillon|perish3|[silent]
|-start|p1b: Gengar|perish3|[silent]
|-start|p2a: Metagross|perish3|[silent]
|-start|p2b: Archaludon|perish3|[silent]
|-fieldactivate|move: Perish Song
|cant|p2b: Archaludon|slp
|
|-start|p2a: Metagross|perish3
|-start|p1b: Gengar|perish3
|-start|p1a: Vivillon|perish3
|-start|p2b: Archaludon|perish3
|upkeep
|turn|4
|
|t:|1783455674
|switch|p1a: Incineroar|Incineroar, L50, F|100/100
|-ability|p1a: Incineroar|Intimidate|boost
|-unboost|p2a: Metagross|atk|1
|-unboost|p2b: Archaludon|atk|1
|move|p1b: Gengar|Protect|p1b: Gengar
|-singleturn|p1b: Gengar|Protect
|move|p2a: Metagross|Bullet Punch|p1a: Incineroar
|-resisted|p1a: Incineroar|1
|-damage|p1a: Incineroar|89/100
|-curestatus|p2b: Archaludon|slp|[msg]
|move|p2b: Archaludon|Draco Meteor|p1b: Gengar
|-activate|p1b: Gengar|move: Protect
|
|-start|p2a: Metagross|perish2
|-start|p1b: Gengar|perish2
|-start|p2b: Archaludon|perish2
|upkeep
|turn|5
|inactive|shaandii has 30 seconds left.
|inactive|shaandii has 20 seconds left.
|inactive|shaandii has 15 seconds left.
|inactive|shaandii has 10 seconds left.
|
|t:|1783455720
|switch|p1b: Vivillon|Vivillon-Marine, L50, M|1/100
|move|p2a: Metagross|Psychic Fangs|p1b: Vivillon
|-damage|p1b: Vivillon|0 fnt
|faint|p1b: Vivillon
|move|p2b: Archaludon|Draco Meteor|p1a: Incineroar
|-damage|p1a: Incineroar|37/100
|-unboost|p2b: Archaludon|spa|2
|move|p1a: Incineroar|Parting Shot|p1: Vivillon|[notarget]
|-fail|p1a: Incineroar
|
|-start|p2a: Metagross|perish1
|-start|p2b: Archaludon|perish1
|upkeep
|
|t:|1783455733
|switch|p1b: Gengar|Gengar-Mega, L50, F, shiny|100/100
|turn|6
|
|t:|1783455746
|switch|p1a: Archaludon|Archaludon, L50, F|100/100
|move|p2a: Metagross|Protect|p2a: Metagross
|-singleturn|p2a: Metagross|Protect
|move|p1b: Gengar|Protect|p1b: Gengar
|-singleturn|p1b: Gengar|Protect
|move|p2b: Archaludon|Protect||[still]
|-fail|p2b: Archaludon
|
|-start|p2a: Metagross|perish0
|-start|p2b: Archaludon|perish0
|faint|p2a: Metagross
|faint|p2b: Archaludon
|upkeep
|-message|hakeezy forfeited.
|
|win|shaandii
|l|☆hakeezy
|player|p2|
|raw|shaandii's rating: 1059 → 1098(+39 for winning)
|raw|hakeezy's rating: 1150 → 1119(-31 for losing)
