|j|☆hinoky
|j|☆trainer piwi
|html|hinokytrainer piwi    
|uhtml|bestof|Game 2 of a best-of-3
|t:|1785852435
|gametype|doubles
|player|p1|hinoky|wattson|1163
|player|p2|trainer piwi|1|1051
|gen|9
|tier|[Gen 9 Champions] VGC 2026 Reg M-B (Bo3)
|rated|
|rule|Species Clause: Limit one of each Pokémon
|rule|Item Clause: Limit 1 of each item
|clearpoke
|poke|p1|Kingambit, L50, M|
|poke|p1|Glimmora, L50, M|
|poke|p1|Whimsicott, L50, M|
|poke|p1|Delphox, L50, F|
|poke|p1|Garchomp, L50, F|
|poke|p1|Staraptor, L50, M|
|poke|p2|Raichu, L50, M|
|poke|p2|Sneasler, L50, M|
|poke|p2|Hydreigon, L50, F|
|poke|p2|Incineroar, L50, F|
|poke|p2|Talonflame, L50, F|
|poke|p2|Tsareena, L50, F|
|teampreview|4
|showteam|p1|Kingambit||ChopleBerry|Defiant|SuckerPunch,KowtowCleave,IronHead,LowKick|Adamant||M|||50|]Glimmora||FocusSash|ToxicDebris|SludgeBomb,PowerGem,EarthPower,SpikyShield|Timid||M|||50|]Whimsicott||OccaBerry|Prankster|Moonblast,Tailwind,Charm,Protect|Timid||M|||50|]Delphox||Delphoxite|Blaze|HeatWave,Psyshock,Substitute,Protect|Modest||F|||50|]Garchomp||LifeOrb|RoughSkin|DragonClaw,Earthquake,RockSlide,Protect|Jolly||F|||50|]Staraptor||Staraptite|Intimidate|BraveBird,CloseCombat,Roost,Protect|Jolly||M|||50|
|showteam|p2|Raichu||RaichuniteY|Static|FakeOut,VoltSwitch,ZapCannon,FocusBlast|Timid||M|||50|]Sneasler||FocusSash|Unburden|FakeOut,Taunt,CloseCombat,DireClaw|Jolly||M|||50|]Hydreigon||ChoiceScarf|Levitate|DracoMeteor,Snarl,EarthPower,DarkPulse|Timid||F|||50|]Incineroar||SitrusBerry|Intimidate|FakeOut,DarkestLariat,FlareBlitz,PartingShot|Adamant||F|||50|]Talonflame||SharpBeak|GaleWings|Tailwind,QuickGuard,DualWingbeat,WillOWisp|Impish||F|||50|]Tsareena||WideLens|QueenlyMajesty|TripleAxel,PowerWhip,HighJumpKick,Uturn|Adamant||F|||50|
|inactive|Battle timer is ON: inactive players will automatically lose when time's up. (requested by trainer piwi)
|inactive|hinoky has 60 seconds left.
|
|t:|1785852481
|teamsize|p1|4
|teamsize|p2|4
|start
|switch|p1a: Whimsicott|Whimsicott, L50, M|100/100
|switch|p1b: Staraptor|Staraptor, L50, M|100/100
|switch|p2a: Talonflame|Talonflame, L50, F|100/100
|switch|p2b: Hydreigon|Hydreigon, L50, F|100/100
|-ability|p1b: Staraptor|Intimidate|boost
|-unboost|p2a: Talonflame|atk|1
|-unboost|p2b: Hydreigon|atk|1
|turn|1
|
|t:|1785852500
|detailschange|p1b: Staraptor|Staraptor-Mega, L50, M
|-mega|p1b: Staraptor|Staraptor|Staraptite
|move|p1a: Whimsicott|Tailwind|p1a: Whimsicott
|-sidestart|p1: hinoky|move: Tailwind
|move|p2a: Talonflame|Dual Wingbeat|p1b: Staraptor|[miss]
|-miss|p2a: Talonflame|p1b: Staraptor
|move|p1b: Staraptor|Close Combat|p2b: Hydreigon
|-supereffective|p2b: Hydreigon|1
|-damage|p2b: Hydreigon|0 fnt
|-boost|p1b: Staraptor|def|1
|-boost|p1b: Staraptor|spd|1
|faint|p2b: Hydreigon
|
|upkeep
|
|t:|1785852514
|switch|p2b: Raichu|Raichu, L50, M|100/100
|turn|2
|
|t:|1785852538
|detailschange|p2b: Raichu|Raichu-Mega-Y, L50, M
|-mega|p2b: Raichu|Raichu|Raichunite Y
|move|p1b: Staraptor|Protect|p1b: Staraptor
|-singleturn|p1b: Staraptor|Protect
|move|p2a: Talonflame|Tailwind|p2a: Talonflame
|-sidestart|p2: trainer piwi|move: Tailwind
|move|p2b: Raichu|Zap Cannon|p1b: Staraptor
|-activate|p1b: Staraptor|move: Protect
|move|p1a: Whimsicott|Moonblast|p2b: Raichu
|-damage|p2b: Raichu|49/100
|
|upkeep
|turn|3
|inactive|trainer piwi has 30 seconds left.
|
|t:|1785852572
|switch|p1b: Glimmora|Glimmora, L50, M|100/100
|move|p1a: Whimsicott|Charm|p2a: Talonflame
|-unboost|p2a: Talonflame|atk|2
|move|p2a: Talonflame|Dual Wingbeat|p1a: Whimsicott
|-supereffective|p1a: Whimsicott|1
|-damage|p1a: Whimsicott|82/100
|-supereffective|p1a: Whimsicott|1
|-damage|p1a: Whimsicott|61/100
|-hitcount|p1a: Whimsicott|2
|move|p2b: Raichu|Zap Cannon|p1b: Glimmora
|-enditem|p1b: Glimmora|Focus Sash
|-damage|p1b: Glimmora|1/100
|-status|p1b: Glimmora|par
|
|upkeep
|turn|4
|inactive|hinoky has 30 seconds left.
|
|t:|1785852599
|move|p1a: Whimsicott|Protect|p1a: Whimsicott
|-singleturn|p1a: Whimsicott|Protect
|move|p1b: Glimmora|Spiky Shield|p1b: Glimmora
|-singleturn|p1b: Glimmora|move: Protect
|move|p2a: Talonflame|Dual Wingbeat|p1b: Glimmora
|-activate|p1b: Glimmora|move: Protect
|-damage|p2a: Talonflame|87/100|[from] Spiky Shield|[of] p1b: Glimmora
|move|p2b: Raichu|Zap Cannon|p1a: Whimsicott
|-activate|p1a: Whimsicott|move: Protect
|
|-sideend|p1: hinoky|move: Tailwind
|upkeep
|turn|5
|inactive|trainer piwi has 30 seconds left.
|
|t:|1785852625
|switch|p2a: Sneasler|Sneasler, L50, M|100/100
|move|p1a: Whimsicott|Tailwind|p1a: Whimsicott
|-sidestart|p1: hinoky|move: Tailwind
|move|p2b: Raichu|Volt Switch|p1b: Glimmora
|-damage|p1b: Glimmora|0 fnt
|faint|p1b: Glimmora
|
|t:|1785852635
|switch|p2b: Talonflame|Talonflame, L50, F|87/100|[from] Volt Switch
|
|-sideend|p2: trainer piwi|move: Tailwind
|upkeep
|
|t:|1785852643
|switch|p1b: Delphox|Delphox, L50, F|100/100
|turn|6
|
|t:|1785852663
|move|p1a: Whimsicott|Protect|p1a: Whimsicott
|-singleturn|p1a: Whimsicott|Protect
|move|p2a: Sneasler|Fake Out|p1b: Delphox
|-damage|p1b: Delphox|83/100
|cant|p1b: Delphox|flinch
|move|p2b: Talonflame|Tailwind|p2b: Talonflame
|-sidestart|p2: trainer piwi|move: Tailwind
|
|upkeep
|turn|7
|inactive|trainer piwi has 30 seconds left.
|inactive|trainer piwi has 20 seconds left.
|inactive|trainer piwi has 15 seconds left.
|inactive|trainer piwi has 10 seconds left.
|
|t:|1785852711
|move|p1a: Whimsicott|Charm|p2b: Talonflame
|-unboost|p2b: Talonflame|atk|2
|move|p2a: Sneasler|Dire Claw|p1b: Delphox
|-damage|p1b: Delphox|34/100
|move|p1b: Delphox|Psyshock|p2a: Sneasler
|-supereffective|p2a: Sneasler|2
|-enditem|p2a: Sneasler|Focus Sash
|-damage|p2a: Sneasler|1/100
|move|p2b: Talonflame|Dual Wingbeat|p1a: Whimsicott
|-supereffective|p1a: Whimsicott|1
|-damage|p1a: Whimsicott|35/100
|-supereffective|p1a: Whimsicott|1
|-damage|p1a: Whimsicott|10/100
|-hitcount|p1a: Whimsicott|2
|
|upkeep
|turn|8
|inactive|hinoky has 30 seconds left.
|
|t:|1785852743
|switch|p1a: Staraptor|Staraptor-Mega, L50, M|100/100
|move|p1b: Delphox|Protect|p1b: Delphox
|-singleturn|p1b: Delphox|Protect
|move|p2a: Sneasler|Dire Claw|p1b: Delphox
|-activate|p1b: Delphox|move: Protect
|move|p2b: Talonflame|Dual Wingbeat|p1a: Staraptor
|-supereffective|p1a: Staraptor|1
|-damage|p1a: Staraptor|80/100
|-supereffective|p1a: Staraptor|1
|-damage|p1a: Staraptor|64/100
|-hitcount|p1a: Staraptor|2
|
|-sideend|p1: hinoky|move: Tailwind
|upkeep
|turn|9
|
|t:|1785852768
|move|p2a: Sneasler|Dire Claw|p1a: Staraptor
|-damage|p1a: Staraptor|22/100
|-status|p1a: Staraptor|psn
|move|p2b: Talonflame|Dual Wingbeat|p1a: Staraptor
|-supereffective|p1a: Staraptor|1
|-damage|p1a: Staraptor|5/100 psn
|-supereffective|p1a: Staraptor|1
|-damage|p1a: Staraptor|0 fnt
|faint|p1a: Staraptor
|-hitcount|p1: Staraptor|2
|move|p1b: Delphox|Heat Wave|p2b: Talonflame|[spread] p2a,p2b
|-resisted|p2b: Talonflame|1
|-damage|p2a: Sneasler|0 fnt
|-damage|p2b: Talonflame|68/100
|faint|p2a: Sneasler
|
|-sideend|p2: trainer piwi|move: Tailwind
|upkeep
|
|t:|1785852785
|switch|p2a: Raichu|Raichu-Mega-Y, L50, M|49/100
|switch|p1a: Whimsicott|Whimsicott, L50, M|10/100
|turn|10
|
|t:|1785852808
|move|p1a: Whimsicott|Protect|p1a: Whimsicott
|-singleturn|p1a: Whimsicott|Protect
|move|p1b: Delphox|Protect|p1b: Delphox
|-singleturn|p1b: Delphox|Protect
|move|p2a: Raichu|Fake Out|p1a: Whimsicott
|-activate|p1a: Whimsicott|move: Protect
|move|p2b: Talonflame|Dual Wingbeat|p1b: Delphox
|-activate|p1b: Delphox|move: Protect
|
|upkeep
|turn|11
|
|t:|1785852829
|move|p1a: Whimsicott|Tailwind|p1a: Whimsicott
|-sidestart|p1: hinoky|move: Tailwind
|move|p1b: Delphox|Heat Wave|p2b: Talonflame|[spread] p2a,p2b
|-resisted|p2b: Talonflame|1
|-damage|p2a: Raichu|2/100
|-damage|p2b: Talonflame|51/100
|move|p2a: Raichu|Zap Cannon|p1a: Whimsicott
|-resisted|p1a: Whimsicott|1
|-damage|p1a: Whimsicott|0 fnt
|faint|p1a: Whimsicott
|move|p2b: Talonflame|Dual Wingbeat|p1b: Delphox|[miss]
|-miss|p2b: Talonflame|p1b: Delphox
|
|upkeep
|turn|12
|
|t:|1785852845
|move|p1b: Delphox|Heat Wave|p2b: Talonflame|[spread] p2a
|-miss|p1b: Delphox|p2b: Talonflame
|-damage|p2a: Raichu|0 fnt
|faint|p2a: Raichu
|move|p2b: Talonflame|Dual Wingbeat|p1b: Delphox|[miss]
|-miss|p2b: Talonflame|p1b: Delphox
|
|upkeep
|turn|13
|
|t:|1785852857
|move|p1b: Delphox|Psyshock|p2b: Talonflame
|-damage|p2b: Talonflame|10/100
|move|p2b: Talonflame|Dual Wingbeat|p1b: Delphox
|-damage|p1b: Delphox|23/100
|-damage|p1b: Delphox|11/100
|-hitcount|p1b: Delphox|2
|
|upkeep
|turn|14
|
|t:|1785852867
|move|p1b: Delphox|Psyshock|p2b: Talonflame
|-damage|p2b: Talonflame|0 fnt
|faint|p2b: Talonflame
|
|win|hinoky
|raw|hinoky's rating: 1163 → 1180(+17 for winning)
|raw|trainer piwi's rating: 1051 → 1039(-12 for losing)
