|j|☆Vividedenne
|j|☆Sificon~
|html|VividedenneSificon~    
|uhtml|bestof|Game 1 of a best-of-3
|t:|1784484510
|gametype|doubles
|player|p1|Vividedenne|#npl2023|
|player|p2|Sificon~|#sificon2|
|gen|9
|tier|[Gen 9 Champions] VGC 2026 Reg M-B (Bo3)
|rule|Species Clause: Limit one of each Pokémon
|rule|Item Clause: Limit 1 of each item
|clearpoke
|poke|p1|Gardevoir, L50, M|
|poke|p1|Talonflame, L50, M|
|poke|p1|Kingambit, L50, F|
|poke|p1|Basculegion, L50, M|
|poke|p1|Kommo-o, L50, M|
|poke|p1|Maushold, L50|
|poke|p2|Blaziken, L50, M|
|poke|p2|Aerodactyl, L50, M|
|poke|p2|Kingambit, L50, M|
|poke|p2|Basculegion, L50, M|
|poke|p2|Sylveon, L50, F|
|poke|p2|Torkoal, L50, F|
|teampreview|4
|showteam|p1|Gardevoir||Gardevoirite|Trace|HyperVoice,Psychic,Thunderbolt,Protect|Modest||M|||50|]Talonflame||SharpBeak|GaleWings|FlareBlitz,DualWingbeat,Tailwind,Protect|Jolly||M|||50|]Kingambit||ExpertBelt|Defiant|KowtowCleave,SuckerPunch,IronHead,LowKick|Jolly||F|||50|]Basculegion||ChoiceScarf|Adaptability|WaveCrash,AquaJet,FlipTurn,LastRespects|Jolly||M|||50|]Kommo-o||LifeOrb|Soundproof|ClangingScales,DracoMeteor,AuraSphere,Protect|Modest||M|||50|]Maushold||FocusSash|FriendGuard|SuperFang,FollowMe,Feint,Protect|Jolly|||||50|
|showteam|p2|Blaziken||Blazikenite|SpeedBoost|FlareBlitz,CloseCombat,Protect,RockSlide|Adamant||M|||50|]Aerodactyl||Aerodactylite|Unnerve|RockSlide,DualWingbeat,IceFang,Tailwind|Jolly||M|||50|]Kingambit||LifeOrb|Defiant|KowtowCleave,Protect,IronHead,SuckerPunch|Adamant||M|||50|]Basculegion||FocusSash|Adaptability|Liquidation,Protect,LastRespects,AquaJet|Adamant||M|||50|]Sylveon||FairyFeather|Pixilate|HyperVoice,Moonblast,QuickAttack,Protect|Modest||F|||50|]Torkoal||Leftovers|Drought|BurningJealousy,WeatherBall,Protect,Yawn|Relaxed||F|||50|
|inactive|Battle timer is ON: inactive players will automatically lose when time's up. (requested by Sificon~)
|c|☆Sificon~|hf!
|c|☆Vividedenne|hf!
|inactive|Vividedenne has 60 seconds left.
|inactive|Sificon~ has 60 seconds left.
|c|☆Vividedenne|Chasch du denn btw Replays ineschicke?
|c|☆Vividedenne|Bin ned deheime
|c|☆Sificon~|jo mach i
|c|☆Vividedenne|top merci
|inactive|Vividedenne has 30 seconds left.
|inactive|Sificon~ has 30 seconds left.
|inactive|Vividedenne has 20 seconds left.
|inactive|Sificon~ has 20 seconds left.
|inactive|Vividedenne has 15 seconds left.
|inactive|Vividedenne has 10 seconds left.
|
|t:|1784484593
|teamsize|p1|4
|teamsize|p2|4
|start
|switch|p1a: Gardevoir|Gardevoir, L50, M|100/100
|switch|p1b: Kommo-o|Kommo-o, L50, M|100/100
|switch|p2a: Sylveon|Sylveon, L50, F|100/100
|switch|p2b: Aerodactyl|Aerodactyl, L50, M|100/100
|-ability|p2b: Aerodactyl|Unnerve
|-ability|p1a: Gardevoir|Pixilate|Trace|[from] ability: Trace|[of] p2a: Sylveon
|turn|1
|inactive|Vividedenne has 30 seconds left.
|inactive|Vividedenne has 20 seconds left.
|inactive|Vividedenne has 15 seconds left.
|
|t:|1784484636
|detailschange|p2b: Aerodactyl|Aerodactyl-Mega, L50, M
|-mega|p2b: Aerodactyl|Aerodactyl|Aerodactylite
|detailschange|p1a: Gardevoir|Gardevoir-Mega, L50, M
|-mega|p1a: Gardevoir|Gardevoir|Gardevoirite
|move|p1b: Kommo-o|Protect|p1b: Kommo-o
|-singleturn|p1b: Kommo-o|Protect
|move|p2b: Aerodactyl|Tailwind|p2b: Aerodactyl
|-sidestart|p2: Sificon~|move: Tailwind
|move|p2a: Sylveon|Hyper Voice|p1b: Kommo-o|[spread] p1a
|-activate|p1b: Kommo-o|move: Protect
|-damage|p1a: Gardevoir|57/100
|move|p1a: Gardevoir|Hyper Voice|p2b: Aerodactyl|[spread] p2a,p2b
|-damage|p2a: Sylveon|60/100
|-damage|p2b: Aerodactyl|38/100
|
|upkeep
|turn|2
|inactive|Vividedenne has 30 seconds left.
|
|t:|1784484664
|move|p1a: Gardevoir|Protect|p1a: Gardevoir
|-singleturn|p1a: Gardevoir|Protect
|move|p2b: Aerodactyl|Rock Slide|p1a: Gardevoir|[spread] p1b
|-activate|p1a: Gardevoir|move: Protect
|-resisted|p1b: Kommo-o|1
|-damage|p1b: Kommo-o|86/100
|move|p2a: Sylveon|Hyper Voice|p1a: Gardevoir|[spread] 
|-activate|p1a: Gardevoir|move: Protect
|-immune|p1b: Kommo-o|[from] ability: Soundproof
|move|p1b: Kommo-o|Clanging Scales|p2b: Aerodactyl|[spread] p2b
|-immune|p2a: Sylveon
|-damage|p2b: Aerodactyl|0 fnt
|faint|p2b: Aerodactyl
|-unboost|p1b: Kommo-o|def|1
|-damage|p1b: Kommo-o|76/100|[from] item: Life Orb
|
|upkeep
|
|t:|1784484676
|switch|p2b: Kingambit|Kingambit, L50, M|100/100
|turn|3
|inactive|Vividedenne has 30 seconds left.
|
|t:|1784484709
|switch|p1b: Talonflame|Talonflame, L50, M|100/100
|move|p1a: Gardevoir|Protect||[still]
|-fail|p1a: Gardevoir
|move|p2a: Sylveon|Moonblast|p1b: Talonflame
|-resisted|p1b: Talonflame|1
|-damage|p1b: Talonflame|50/100g
|move|p2b: Kingambit|Iron Head|p1a: Gardevoir
|-supereffective|p1a: Gardevoir|1
|-damage|p1a: Gardevoir|0 fnt
|faint|p1a: Gardevoir
|-damage|p2b: Kingambit|90/100|[from] item: Life Orb
|
|upkeep
|
|t:|1784484721
|switch|p1a: Kommo-o|Kommo-o, L50, M|76/100
|turn|4
|inactive|Sificon~ has 30 seconds left.
|
|t:|1784484755
|move|p1b: Talonflame|Protect|p1b: Talonflame
|-singleturn|p1b: Talonflame|Protect
|move|p1a: Kommo-o|Protect|p1a: Kommo-o
|-singleturn|p1a: Kommo-o|Protect
|move|p2a: Sylveon|Moonblast|p1a: Kommo-o
|-activate|p1a: Kommo-o|move: Protect
|move|p2b: Kingambit|Kowtow Cleave|p1b: Talonflame
|-activate|p1b: Talonflame|move: Protect
|
|-sideend|p2: Sificon~|move: Tailwind
|upkeep
|turn|5
|
|t:|1784484779
|switch|p1a: Basculegion|Basculegion, L50, M|100/100
|move|p2b: Kingambit|Sucker Punch|p1b: Talonflame
|-damage|p1b: Talonflame|0 fnt
|faint|p1b: Talonflame
|-damage|p2b: Kingambit|80/100|[from] item: Life Orb
|move|p2a: Sylveon|Moonblast|p1a: Basculegion
|-damage|p1a: Basculegion|38/100
|
|upkeep
|
|t:|1784484784
|switch|p1b: Kommo-o|Kommo-o, L50, M|76/100
|turn|6
|
|t:|1784484797
|move|p2a: Sylveon|Protect|p2a: Sylveon
|-singleturn|p2a: Sylveon|Protect
|move|p2b: Kingambit|Protect|p2b: Kingambit
|-singleturn|p2b: Kingambit|Protect
|move|p1a: Basculegion|Aqua Jet|p2a: Sylveon
|-activate|p2a: Sylveon|move: Protect
|move|p1b: Kommo-o|Aura Sphere|p2a: Sylveon
|-activate|p2a: Sylveon|move: Protect
|
|upkeep
|turn|7
|
|t:|1784484807
|move|p1a: Basculegion|Aqua Jet|p2a: Sylveon
|-damage|p2a: Sylveon|30/100
|move|p1b: Kommo-o|Aura Sphere|p2b: Kingambit
|-supereffective|p2b: Kingambit|2
|-damage|p2b: Kingambit|0 fnt
|faint|p2b: Kingambit
|-damage|p1b: Kommo-o|66/100|[from] item: Life Orb
|move|p2a: Sylveon|Moonblast|p1b: Kommo-o
|-supereffective|p1b: Kommo-o|2
|-damage|p1b: Kommo-o|0 fnt
|faint|p1b: Kommo-o
|
|upkeep
|
|t:|1784484809
|switch|p2b: Basculegion|Basculegion, L50, M|100/100
|turn|8
|
|t:|1784484814
|move|p1a: Basculegion|Aqua Jet|p2a: Sylveon
|-damage|p2a: Sylveon|0 fnt
|faint|p2a: Sylveon
|move|p2b: Basculegion|Last Respects|p1a: Basculegion
|-supereffective|p1a: Basculegion|1
|-damage|p1a: Basculegion|0 fnt
|faint|p1a: Basculegion
|
|win|Sificon~
|c|☆Sificon~|gg
||Vividedenne is ready for game 2.
||Sificon~ is ready for game 2.
|uhtml|next|Next: Game 2 of 3
|j| maybca
|l| maybca
