|j|☆toxiccroc12
|j|☆GymGlofer
|html|toxiccroc12GymGlofer    
|uhtml|bestof|Game 1 of a best-of-3
|t:|1783880715
|gametype|doubles
|player|p1|toxiccroc12|2|1077
|player|p2|GymGlofer|102|1000
|gen|9
|tier|[Gen 9 Champions] VGC 2026 Reg M-B (Bo3)
|rated|
|rule|Species Clause: Limit one of each Pokémon
|rule|Item Clause: Limit 1 of each item
|clearpoke
|poke|p1|Floette-Eternal, L50, F|
|poke|p1|Incineroar, L50, M|
|poke|p1|Sinistcha, L50|
|poke|p1|Delphox, L50, F|
|poke|p1|Sneasler, L50, F|
|poke|p1|Kingambit, L50, M|
|poke|p2|Talonflame, L50, F|
|poke|p2|Emboar, L50, F|
|poke|p2|Houndoom, L50, F|
|poke|p2|Delphox, L50, F|
|poke|p2|Ninetales, L50, F|
|poke|p2|Arcanine, L50, M|
|teampreview|4
|showteam|p1|Floette-Eternal||Floettite|FlowerVeil|DazzlingGleam,DrainingKiss,CalmMind,Protect|Modest||F|||50|]Incineroar||SitrusBerry|Intimidate|FlareBlitz,FakeOut,PartingShot,HelpingHand|Impish||M|||50|]Sinistcha||OccaBerry|Hospitality|MatchaGotcha,RagePowder,TrickRoom,Protect|Relaxed|||||50|]Delphox||Delphoxite|Blaze|HeatWave,Psyshock,NastyPlot,Protect|Timid||F|||50|]Sneasler||FocusSash|PoisonTouch|PoisonJab,CloseCombat,FakeOut,QuickGuard|Jolly||F|||50|]Kingambit||BlackGlasses|Defiant|KowtowCleave,SuckerPunch,SwordsDance,Protect|Adamant||M|||50|
|showteam|p2|Talonflame||FocusSash|GaleWings|FlameCharge,DualWingbeat,Tailwind,Protect|Adamant||F|||50|]Emboar||Emboarite|Reckless|FlareBlitz,CloseCombat,SuckerPunch,Protect|Brave||F|||50|]Houndoom||Houndoominite|Unnerve|HeatWave,DarkPulse,HyperVoice,Protect|Timid||F|||50|]Delphox||SitrusBerry|Magician|MysticalFire,Psyshock,TrickRoom,Protect|Sassy||F|||50|]Ninetales||WideLens|Drought|Overheat,SolarBeam,WillOWisp,Protect|Timid||F|||50|]Arcanine||LifeOrb|Intimidate|RagingFury,ExtremeSpeed,WildCharge,Protect|Impish||M|||50|
|inactive|Battle timer is ON: inactive players will automatically lose when time's up. (requested by GymGlofer)
|
|t:|1783880771
|teamsize|p1|4
|teamsize|p2|4
|start
|switch|p1a: Delphox|Delphox, L50, F|100/100
|switch|p1b: Sneasler|Sneasler, L50, F|100/100
|switch|p2a: Arcanine|Arcanine, L50, M|100/100
|switch|p2b: Houndoom|Houndoom, L50, F|100/100
|-ability|p2b: Houndoom|Unnerve
|-ability|p2a: Arcanine|Intimidate|boost
|-unboost|p1a: Delphox|atk|1
|-unboost|p1b: Sneasler|atk|1
|turn|1
|
|t:|1783880789
|detailschange|p1a: Delphox|Delphox-Mega, L50, F
|-mega|p1a: Delphox|Delphox|Delphoxite
|move|p2b: Houndoom|Protect|p2b: Houndoom
|-singleturn|p2b: Houndoom|Protect
|move|p2a: Arcanine|Protect|p2a: Arcanine
|-singleturn|p2a: Arcanine|Protect
|move|p1b: Sneasler|Fake Out|p2b: Houndoom
|-activate|p2b: Houndoom|move: Protect
|move|p1a: Delphox|Nasty Plot|p1a: Delphox
|-boost|p1a: Delphox|spa|2
|
|upkeep
|turn|2
|inactive|toxiccroc12 has 30 seconds left.
|inactive|GymGlofer has 30 seconds left.
|
|t:|1783880823
|switch|p2b: Ninetales|Ninetales, L50, F|100/100
|-weather|SunnyDay|[from] ability: Drought|[of] p2b: Ninetales
|move|p2a: Arcanine|Extreme Speed|p1b: Sneasler
|-damage|p1b: Sneasler|40/100
|-damage|p2a: Arcanine|90/100|[from] item: Life Orb
|move|p1a: Delphox|Heat Wave|p2a: Arcanine|[spread] p2a,p2b
|-resisted|p2a: Arcanine|1
|-resisted|p2b: Ninetales|1
|-damage|p2a: Arcanine|21/100
|-damage|p2b: Ninetales|32/100
|move|p1b: Sneasler|Close Combat|p2b: Ninetales
|-damage|p2b: Ninetales|0 fnt
|-unboost|p1b: Sneasler|def|1
|-unboost|p1b: Sneasler|spd|1
|faint|p2b: Ninetales
|
|-weather|SunnyDay|[upkeep]
|upkeep
|
|t:|1783880837
|switch|p2b: Talonflame|Talonflame, L50, F|100/100
|turn|3
|
|t:|1783880861
|switch|p1b: Incineroar|Incineroar, L50, M|100/100
|-ability|p1b: Incineroar|Intimidate|boost
|-unboost|p2a: Arcanine|atk|1
|-unboost|p2b: Talonflame|atk|1
|move|p1a: Delphox|Protect|p1a: Delphox
|-singleturn|p1a: Delphox|Protect
|move|p2a: Arcanine|Extreme Speed|p1a: Delphox
|-activate|p1a: Delphox|move: Protect
|move|p2b: Talonflame|Dual Wingbeat|p1b: Incineroar
|-damage|p1b: Incineroar|91/100
|-damage|p1b: Incineroar|83/100
|-hitcount|p1b: Incineroar|2
|
|-weather|SunnyDay|[upkeep]
|upkeep
|turn|4
|
|t:|1783880880
|move|p2b: Talonflame|Protect|p2b: Talonflame
|-singleturn|p2b: Talonflame|Protect
|move|p2a: Arcanine|Protect|p2a: Arcanine
|-singleturn|p2a: Arcanine|Protect
|move|p1b: Incineroar|Fake Out|p2b: Talonflame
|-activate|p2b: Talonflame|move: Protect
|move|p1a: Delphox|Heat Wave|p2b: Talonflame|[spread] 
|-activate|p2a: Arcanine|move: Protect
|-activate|p2b: Talonflame|move: Protect
|
|-weather|SunnyDay|[upkeep]
|upkeep
|turn|5
|inactive|toxiccroc12 has 30 seconds left.
|
|t:|1783880915
|move|p2a: Arcanine|Extreme Speed|p1a: Delphox
|-damage|p1a: Delphox|68/100
|-damage|p2a: Arcanine|12/100|[from] item: Life Orb
|move|p2b: Talonflame|Dual Wingbeat|p1a: Delphox
|-damage|p1a: Delphox|53/100
|-damage|p1a: Delphox|39/100
|-hitcount|p1a: Delphox|2
|move|p1a: Delphox|Heat Wave|p2b: Talonflame|[spread] p2a,p2b
|-resisted|p2a: Arcanine|1
|-resisted|p2b: Talonflame|1
|-damage|p2a: Arcanine|0 fnt
|-enditem|p2b: Talonflame|Focus Sash
|-damage|p2b: Talonflame|1/100
|faint|p2a: Arcanine
|move|p1b: Incineroar|Parting Shot|p2b: Talonflame
|-unboost|p2b: Talonflame|atk|1
|-unboost|p2b: Talonflame|spa|1
|
|t:|1783880930
|switch|p1b: Sinistcha|Sinistcha, L50|100/100|[from] Parting Shot
|-heal|p1a: Delphox|63/100|[from] ability: Hospitality|[of] p1b: Sinistcha
|
|-weather|SunnyDay|[upkeep]
|upkeep
|
|t:|1783880936
|switch|p2a: Houndoom|Houndoom, L50, F|100/100
|-ability|p2a: Houndoom|Unnerve
|turn|6
|
|t:|1783880957
|switch|p1b: Incineroar|Incineroar, L50, M|83/100
|-ability|p1b: Incineroar|Intimidate|boost
|-unboost|p2a: Houndoom|atk|1
|-unboost|p2b: Talonflame|atk|1
|detailschange|p2a: Houndoom|Houndoom-Mega, L50, F
|-mega|p2a: Houndoom|Houndoom|Houndoominite
|move|p1a: Delphox|Protect|p1a: Delphox
|-singleturn|p1a: Delphox|Protect
|move|p2a: Houndoom|Heat Wave|p1a: Delphox|[spread] 
|-activate|p1a: Delphox|move: Protect
|-miss|p2a: Houndoom|p1b: Incineroar
|move|p2b: Talonflame|Tailwind|p2b: Talonflame
|-sidestart|p2: GymGlofer|move: Tailwind
|
|-weather|none
|upkeep
|turn|7
|inactive|toxiccroc12 has 30 seconds left.
|inactive|toxiccroc12 has 20 seconds left.
|inactive|toxiccroc12 has 15 seconds left.
|
|t:|1783880999
|move|p2a: Houndoom|Protect|p2a: Houndoom
|-singleturn|p2a: Houndoom|Protect
|move|p2b: Talonflame|Protect|p2b: Talonflame
|-singleturn|p2b: Talonflame|Protect
|move|p1b: Incineroar|Fake Out|p2a: Houndoom
|-activate|p2a: Houndoom|move: Protect
|move|p1a: Delphox|Heat Wave|p2b: Talonflame|[spread] 
|-activate|p2a: Houndoom|move: Protect
|-activate|p2b: Talonflame|move: Protect
|
|upkeep
|turn|8
|
|t:|1783881016
|switch|p1b: Sinistcha|Sinistcha, L50|100/100
|-heal|p1a: Delphox|88/100|[from] ability: Hospitality|[of] p1b: Sinistcha
|move|p1a: Delphox|Protect|p1a: Delphox
|-singleturn|p1a: Delphox|Protect
|move|p2a: Houndoom|Heat Wave|p1b: Sinistcha|[spread] p1b
|-activate|p1a: Delphox|move: Protect
|-supereffective|p1b: Sinistcha|1
|-enditem|p1b: Sinistcha|Occa Berry|[eat]
|-enditem|p1b: Sinistcha|Occa Berry|[weaken]
|-damage|p1b: Sinistcha|62/100
|-status|p1b: Sinistcha|brn
|move|p2b: Talonflame|Flame Charge|p1b: Sinistcha
|-supereffective|p1b: Sinistcha|1
|-damage|p1b: Sinistcha|48/100 brn
|-boost|p2b: Talonflame|spe|1
|
|-damage|p1b: Sinistcha|42/100 brn|[from] brn
|upkeep
|turn|9
|
|t:|1783881041
|move|p2b: Talonflame|Protect|p2b: Talonflame
|-singleturn|p2b: Talonflame|Protect
|move|p1b: Sinistcha|Rage Powder|p1b: Sinistcha
|-singleturn|p1b: Sinistcha|move: Rage Powder
|move|p2a: Houndoom|Heat Wave|p1a: Delphox|[spread] p1a
|-miss|p2a: Houndoom|p1b: Sinistcha
|-resisted|p1a: Delphox|1
|-damage|p1a: Delphox|70/100
|move|p1a: Delphox|Heat Wave|p2b: Talonflame|[spread] p2a
|-activate|p2b: Talonflame|move: Protect
|-resisted|p2a: Houndoom|1
|-damage|p2a: Houndoom|48/100
|
|-damage|p1b: Sinistcha|36/100 brn|[from] brn
|-sideend|p2: GymGlofer|move: Tailwind
|upkeep
|turn|10
|
|t:|1783881054
|move|p1b: Sinistcha|Rage Powder|p1b: Sinistcha
|-singleturn|p1b: Sinistcha|move: Rage Powder
|move|p2b: Talonflame|Tailwind|p2b: Talonflame
|-sidestart|p2: GymGlofer|move: Tailwind
|move|p2a: Houndoom|Heat Wave|p1a: Delphox|[spread] p1a,p1b
|-resisted|p1a: Delphox|1
|-supereffective|p1b: Sinistcha|1
|-damage|p1a: Delphox|53/100
|-damage|p1b: Sinistcha|0 fnt
|faint|p1b: Sinistcha
|move|p1a: Delphox|Heat Wave|p2b: Talonflame|[spread] p2a,p2b
|-resisted|p2a: Houndoom|1
|-crit|p2a: Houndoom
|-resisted|p2b: Talonflame|1
|-damage|p2a: Houndoom|0 fnt
|-damage|p2b: Talonflame|0 fnt
|faint|p2a: Houndoom
|faint|p2b: Talonflame
|
|win|toxiccroc12
|l|☆GymGlofer
|player|p2|
||GymGlofer is ready for game 2.
