|j|☆beykidgamer
|j|☆TacoBurger
|html|beykidgamerTacoBurger    
|uhtml|bestof|Game 2 of a best-of-3
|t:|1783785801
|gametype|doubles
|player|p1|beykidgamer|lucas-gen4pt|
|player|p2|TacoBurger|tuber|
|gen|9
|tier|[Gen 9 Champions] VGC 2026 Reg M-B (Bo3)
|rule|Species Clause: Limit one of each Pokémon
|rule|Item Clause: Limit 1 of each item
|clearpoke
|poke|p1|Basculegion, L50, M, shiny|
|poke|p1|Froslass, L50, F, shiny|
|poke|p1|Maushold-Four, L50|
|poke|p1|Rotom-Wash, L50|
|poke|p1|Goodra-Hisui, L50, M|
|poke|p1|Sneasler, L50, M, shiny|
|poke|p2|Pyroar, L50, M|
|poke|p2|Ninetales, L50, F|
|poke|p2|Incineroar, L50, M|
|poke|p2|Victreebel, L50, M|
|poke|p2|Basculegion, L50, M|
|poke|p2|Sneasler, L50, M|
|teampreview|4
|showteam|p1|Basculegion||FocusSash|Adaptability|LastRespects,Liquidation,AquaJet,Protect|Adamant||M|||50|]Froslass||Froslassite|SnowCloak|Blizzard,AuroraVeil,ShadowBall,Protect|Modest||F|||50|]Maushold-Four||ChopleBerry|FriendGuard|PopulationBomb,FollowMe,Taunt,Uturn|Adamant|||||50|]Rotom-Wash||RindoBerry|Levitate|Thunderbolt,HydroPump,WillOWisp,Reflect|Modest|||||50|]Goodra-Hisui||Leftovers|SapSipper|DragonPulse,FlashCannon,BodyPress,Shelter|Bold||M|||50|]Sneasler||WhiteHerb|Unburden|DireClaw,CloseCombat,FakeOut,Acrobatics|Adamant||M|||50|
|showteam|p2|Pyroar||Pyroarite|Unnerve|HeatWave,Overheat,SolarBeam,Protect|Timid||M|||50|]Ninetales||ChoiceScarf|Drought|HeatWave,Overheat,SolarBeam,FakeTears|Modest||F|||50|]Incineroar||SitrusBerry|Intimidate|FakeOut,FlareBlitz,ThroatChop,PartingShot|Adamant||M|||50|]Victreebel||WideLens|Chlorophyll|Protect,SleepPowder,EnergyBall,SludgeBomb|Timid||M|||50|]Basculegion||LifeOrb|Adaptability|WaveCrash,LastRespects,AquaJet,Protect|Adamant||M|||50|]Sneasler||WhiteHerb|Unburden|Protect,CloseCombat,DireClaw,RockSlide|Adamant||M|||50|
|
|t:|1783785865
|teamsize|p1|4
|teamsize|p2|4
|start
|switch|p1a: Sneasler|Sneasler, L50, M, shiny|100/100
|switch|p1b: Froslass|Froslass, L50, F, shiny|100/100
|switch|p2a: Pyroar|Pyroar, L50, M|100/100
|switch|p2b: Incineroar|Incineroar, L50, M|100/100
|-ability|p2a: Pyroar|Unnerve
|-ability|p2b: Incineroar|Intimidate|boost
|-unboost|p1a: Sneasler|atk|1
|-unboost|p1b: Froslass|atk|1
|-enditem|p1a: Sneasler|White Herb
|-clearnegativeboost|p1a: Sneasler|[silent]
|turn|1
|
|t:|1783785895
|detailschange|p1b: Froslass|Froslass-Mega, L50, F, shiny
|-mega|p1b: Froslass|Froslass|Froslassite
|-weather|Snowscape|[from] ability: Snow Warning|[of] p1b: Froslass
|move|p2a: Pyroar|Protect|p2a: Pyroar
|-singleturn|p2a: Pyroar|Protect
|move|p1a: Sneasler|Fake Out|p2b: Incineroar
|-damage|p2b: Incineroar|86/100
|move|p1b: Froslass|Aurora Veil|p1b: Froslass
|-sidestart|p1: beykidgamer|move: Aurora Veil
|cant|p2b: Incineroar|flinch
|
|-weather|Snowscape|[upkeep]
|upkeep
|turn|2
|
|t:|1783785914
|switch|p2b: Ninetales|Ninetales, L50, F|100/100
|-weather|SunnyDay|[from] ability: Drought|[of] p2b: Ninetales
|detailschange|p2a: Pyroar|Pyroar-Mega, L50, M
|-mega|p2a: Pyroar|Pyroar|Pyroarite
|move|p1a: Sneasler|Close Combat|p2b: Ninetales
|-damage|p2b: Ninetales|4/100
|-unboost|p1a: Sneasler|def|1
|-unboost|p1a: Sneasler|spd|1
|move|p2a: Pyroar|Heat Wave|p1a: Sneasler|[spread] p1b
|-miss|p2a: Pyroar|p1a: Sneasler
|-supereffective|p1b: Froslass|1
|-damage|p1b: Froslass|0 fnt
|faint|p1b: Froslass
|
|-weather|SunnyDay|[upkeep]
|upkeep
|
|t:|1783785942
|switch|p1b: Maushold|Maushold-Four, L50|100/100
|turn|3
|
|t:|1783785966
|move|p1a: Sneasler|Dire Claw|p2a: Pyroar
|-damage|p2a: Pyroar|48/100
|move|p2b: Ninetales|Heat Wave|p1a: Sneasler|[spread] p1a
|-miss|p2b: Ninetales|p1b: Maushold
|-damage|p1a: Sneasler|58/100
|move|p2a: Pyroar|Heat Wave|p1b: Maushold|[spread] p1a,p1b
|-damage|p1a: Sneasler|0 fnt
|-damage|p1b: Maushold|28/100
|faint|p1a: Sneasler
|move|p1b: Maushold|U-turn|p2b: Ninetales
|-resisted|p2b: Ninetales|1
|-damage|p2b: Ninetales|0 fnt
|faint|p2b: Ninetales
|
|t:|1783785984
|switch|p1b: Basculegion|Basculegion, L50, M, shiny|100/100|[from] U-turn
|
|-weather|SunnyDay|[upkeep]
|upkeep
|
|t:|1783785995
|switch|p1a: Maushold|Maushold-Four, L50|28/100
|switch|p2b: Incineroar|Incineroar, L50, M|86/100
|-ability|p2b: Incineroar|Intimidate|boost
|-unboost|p1a: Maushold|atk|1
|-unboost|p1b: Basculegion|atk|1
|turn|4
|
|t:|1783786011
|move|p2a: Pyroar|Protect|p2a: Pyroar
|-singleturn|p2a: Pyroar|Protect
|move|p1a: Maushold|Follow Me|p1a: Maushold
|-singleturn|p1a: Maushold|move: Follow Me
|move|p1b: Basculegion|Last Respects|p2a: Pyroar
|-activate|p2a: Pyroar|move: Protect
|move|p2b: Incineroar|Parting Shot|p1a: Maushold
|-unboost|p1a: Maushold|atk|1
|-unboost|p1a: Maushold|spa|1
|
|t:|1783786021
|switch|p2b: Victreebel|Victreebel, L50, M|100/100|[from] Parting Shot
|
|-weather|SunnyDay|[upkeep]
|upkeep
|turn|5
|
|t:|1783786034
|move|p2b: Victreebel|Sleep Powder|p1b: Basculegion
|-status|p1b: Basculegion|slp|[from] move: Sleep Powder
|move|p2a: Pyroar|Heat Wave|p1b: Basculegion|[spread] p1a,p1b
|-resisted|p1b: Basculegion|1
|-damage|p1a: Maushold|0 fnt
|-damage|p1b: Basculegion|77/100 slp
|faint|p1a: Maushold
|cant|p1b: Basculegion|slp
|
|-weather|SunnyDay|[upkeep]
|-sideend|p1: beykidgamer|move: Aurora Veil
|upkeep
|turn|6
|
|t:|1783786049
|cant|p1b: Basculegion|slp
|move|p2b: Victreebel|Energy Ball|p1b: Basculegion
|-supereffective|p1b: Basculegion|1
|-damage|p1b: Basculegion|0 fnt
|faint|p1b: Basculegion
|
|win|TacoBurger
|l|☆beykidgamer
|player|p1|
|inactive|beykidgamer has 30 seconds to confirm battle start!
|inactive|TacoBurger has 30 seconds to confirm battle start!
||TacoBurger is ready for game 3.
|inactive|beykidgamer has 20 seconds to confirm battle start!
|inactive|beykidgamer has 10 seconds to confirm battle start!
|uhtml|next|Next: Game 3 of 3
