|j|☆Mahdrescher
|j|☆wweewwzz
|html|Mahdrescherwweewwzz    
|uhtml|bestof|Game 3 of a best-of-3
|t:|1755714848
|gametype|doubles
|player|p1|Mahdrescher|burglar|1291
|player|p2|wweewwzz|pokekid|1252
|gen|9
|tier|[Gen 9] VGC 2025 Reg H (Bo3)
|rated|
|rule|Species Clause: Limit one of each Pokémon
|rule|Item Clause: Limit 1 of each item
|clearpoke
|poke|p1|Rillaboom, L50, F|
|poke|p1|Electabuzz, L50, M|
|poke|p1|Archaludon, L50, M|
|poke|p1|Kingambit, L50, M|
|poke|p1|Pelipper, L50, M|
|poke|p1|Basculegion, L50, M|
|poke|p2|Gholdengo, L50|
|poke|p2|Incineroar, L50, M|
|poke|p2|Ursaluna, L50, F|
|poke|p2|Sinistcha, L50|
|poke|p2|Sneasler, L50, F|
|poke|p2|Dragonite, L50, F|
|teampreview|4
|showteam|p1|Rillaboom||LoadedDice|GrassySurge|BulletSeed,GrassyGlide,HighHorsepower,FakeOut|||F|||50|,,,,,Fire]Electabuzz||Eviolite|VitalSpirit|Electroweb,Taunt,FollowMe,Protect|||M|||50|,,,,,Ghost]Archaludon||AssaultVest|Stamina|ElectroShot,BodyPress,FlashCannon,DragonPulse|||M|||50|,,,,,Bug]Kingambit||BlackGlasses|Defiant|KowtowCleave,SuckerPunch,SwordsDance,Protect|||M|||50|,,,,,Dark]Pelipper||FocusSash|Drizzle|WeatherBall,Hurricane,Tailwind,Protect|||M|||50|,,,,,Ghost]Basculegion||ChoiceBand|SwiftSwim|WaveCrash,AquaJet,FlipTurn,LastRespects|||M|||50|,,,,,Grass
|showteam|p2|Gholdengo||LifeOrb|GoodasGold|MakeItRain,ShadowBall,NastyPlot,Protect||||||50|,,,,,Water]Incineroar||AssaultVest|Intimidate|FakeOut,Uturn,KnockOff,FlareBlitz|||M|||50|,,,,,Ghost]Ursaluna||FlameOrb|Guts|Earthquake,Facade,HeadlongRush,Protect|||F|||50|,,,,,Ghost]Sinistcha||SitrusBerry|Hospitality|MatchaGotcha,LifeDew,RagePowder,TrickRoom||||||50|,,,,,Dark]Sneasler||FocusSash|PoisonTouch|DireClaw,CloseCombat,Coaching,Protect|||F|||50|,,,,,Flying]Dragonite||LoadedDice|Multiscale|ScaleShot,Haze,Tailwind,Protect|||F|||50|,,,,,Fairy
|inactive|Battle timer is ON: inactive players will automatically lose when time's up. (requested by wweewwzz)
|inactive|Mahdrescher has 60 seconds left.
|
|t:|1755714906
|teamsize|p1|4
|teamsize|p2|4
|start
|switch|p1a: Ikarus|Pelipper, L50, M|100/100
|switch|p1b: Poseidon|Basculegion, L50, M|100/100
|switch|p2a: Ursaluna|Ursaluna, L50, F, shiny|100/100
|switch|p2b: Gholdengo|Gholdengo, L50|100/100
|-weather|RainDance|[from] ability: Drizzle|[of] p1a: Ikarus
|turn|1
|inactive|Mahdrescher has 30 seconds left.
|inactive|Mahdrescher has 20 seconds left.
|inactive|Mahdrescher has 15 seconds left.
|inactive|Mahdrescher has 10 seconds left.
|inactive|wweewwzz has 30 seconds left.
|inactive|Mahdrescher has 5 seconds left.
|inactive|wweewwzz has 20 seconds left.
|
|t:|1755714976
|switch|p2a: Sinistcha|Sinistcha, L50|100/100
|-terastallize|p1b: Poseidon|Grass
|-terastallize|p2b: Gholdengo|Water
|move|p1b: Poseidon|Wave Crash|p2b: Gholdengo
|-resisted|p2b: Gholdengo
|-damage|p2b: Gholdengo|26/100
|-damage|p1b: Poseidon|78/100|[from] Recoil
|move|p2b: Gholdengo|Shadow Ball|p1b: Poseidon
|-damage|p1b: Poseidon|20/100
|-damage|p2b: Gholdengo|17/100|[from] item: Life Orb
|move|p1a: Ikarus|Weather Ball|p2b: Gholdengo
|-resisted|p2b: Gholdengo
|-damage|p2b: Gholdengo|0 fnt
|faint|p2b: Gholdengo
|
|-weather|RainDance|[upkeep]
|upkeep
|
|t:|1755714984
|switch|p2b: Sneasler|Sneasler, L50, F|100/100
|turn|2
|inactive|Mahdrescher has 30 seconds left.
|
|t:|1755715017
|switch|p1b: Hephaistos|Archaludon, L50, M|100/100
|move|p2b: Sneasler|Dire Claw|p1a: Ikarus
|-damage|p1a: Ikarus|49/100
|move|p1a: Ikarus|Tailwind|p1a: Ikarus
|-sidestart|p1: Mahdrescher|move: Tailwind
|move|p2a: Sinistcha|Trick Room|p2a: Sinistcha
|-fieldstart|move: Trick Room|[of] p2a: Sinistcha
|
|-weather|RainDance|[upkeep]
|upkeep
|turn|3
|inactive|Mahdrescher has 30 seconds left.
|
|t:|1755715050
|switch|p2a: Ursaluna|Ursaluna, L50, F, shiny|100/100
|switch|p1b: Gaia|Rillaboom, L50, F|100/100
|-fieldstart|move: Grassy Terrain|[from] ability: Grassy Surge|[of] p1b: Gaia
|move|p1a: Ikarus|Protect|p1a: Ikarus
|-singleturn|p1a: Ikarus|Protect
|move|p2b: Sneasler|Dire Claw|p1a: Ikarus
|-activate|p1a: Ikarus|move: Protect
|
|-weather|RainDance|[upkeep]
|-status|p2a: Ursaluna|brn|[from] item: Flame Orb
|upkeep
|turn|4
|inactive|Mahdrescher has 30 seconds left.
|inactive|Mahdrescher has 20 seconds left.
|inactive|Mahdrescher has 15 seconds left.
|inactive|Mahdrescher has 10 seconds left.
|inactive|Mahdrescher has 5 seconds left.
|
|t:|1755715104
|move|p1b: Gaia|Fake Out|p2b: Sneasler
|-damage|p2b: Sneasler|79/100
|move|p2a: Ursaluna|Facade|p1a: Ikarus
|-damage|p1a: Ikarus|0 fnt
|faint|p1a: Ikarus
|cant|p2b: Sneasler|flinch
|
|-weather|RainDance|[upkeep]
|-heal|p2b: Sneasler|84/100|[from] Grassy Terrain
|-damage|p2a: Ursaluna|94/100 brn|[from] brn
|upkeep
|
|t:|1755715122
|switch|p1a: Poseidon|Basculegion, L50, M, tera:Grass|20/100
|turn|5
|inactive|Mahdrescher has 30 seconds left.
|
|t:|1755715155
|switch|p2a: Sinistcha|Sinistcha, L50|100/100
|-heal|p2b: Sneasler|100/100|[from] ability: Hospitality|[of] p2a: Sinistcha
|move|p1b: Gaia|Grassy Glide|p2b: Sneasler
|-resisted|p2b: Sneasler
|-damage|p2b: Sneasler|68/100
|move|p1a: Poseidon|Aqua Jet|p2b: Sneasler
|-damage|p2b: Sneasler|0 fnt
|faint|p2b: Sneasler
|
|-weather|none
|-heal|p1a: Poseidon|27/100|[from] Grassy Terrain
|-sideend|p1: Mahdrescher|move: Tailwind
|upkeep
|
|t:|1755715164
|switch|p2b: Ursaluna|Ursaluna, L50, F, shiny|94/100 brn
|turn|6
|
|t:|1755715180
|move|p1b: Gaia|Grassy Glide|p2b: Ursaluna
|-supereffective|p2b: Ursaluna
|-damage|p2b: Ursaluna|39/100 brn
|move|p1a: Poseidon|Aqua Jet|p2b: Ursaluna
|-supereffective|p2b: Ursaluna
|-damage|p2b: Ursaluna|0 fnt
|faint|p2b: Ursaluna
|move|p2a: Sinistcha|Matcha Gotcha|p1b: Gaia|[spread] p1a,p1b
|-resisted|p1a: Poseidon
|-resisted|p1b: Gaia
|-damage|p1a: Poseidon|10/100
|-damage|p1b: Gaia|83/100
|-status|p1a: Poseidon|brn
|
|-heal|p1b: Gaia|89/100|[from] Grassy Terrain
|-heal|p1a: Poseidon|16/100 brn|[from] Grassy Terrain
|-damage|p1a: Poseidon|10/100 brn|[from] brn
|-fieldend|move: Trick Room
|upkeep
|turn|7
|
|t:|1755715201
|switch|p1a: Hephaistos|Archaludon, L50, M|100/100
|move|p1b: Gaia|Bullet Seed|p2a: Sinistcha
|-resisted|p2a: Sinistcha
|-damage|p2a: Sinistcha|92/100
|-resisted|p2a: Sinistcha
|-damage|p2a: Sinistcha|84/100
|-resisted|p2a: Sinistcha
|-damage|p2a: Sinistcha|76/100
|-resisted|p2a: Sinistcha
|-damage|p2a: Sinistcha|67/100
|-hitcount|p2a: Sinistcha|4
|move|p2a: Sinistcha|Matcha Gotcha|p1a: Hephaistos|[spread] p1a,p1b
|-resisted|p1a: Hephaistos
|-resisted|p1b: Gaia
|-damage|p1a: Hephaistos|94/100
|-heal|p2a: Sinistcha|71/100|[from] drain|[of] p1a: Hephaistos
|-damage|p1b: Gaia|72/100
|-heal|p2a: Sinistcha|81/100|[from] drain|[of] p1b: Gaia
|-ability|p1a: Hephaistos|Stamina|boost
|-boost|p1a: Hephaistos|def|1
|
|-heal|p1b: Gaia|77/100|[from] Grassy Terrain
|-heal|p1a: Hephaistos|100/100|[from] Grassy Terrain
|-heal|p2a: Sinistcha|87/100|[from] Grassy Terrain
|-fieldend|move: Grassy Terrain
|upkeep
|turn|8
|c|☆wweewwzz|weird read
|c|☆wweewwzz|but gg
|-message|wweewwzz forfeited.
|
|win|Mahdrescher
|raw|Mahdrescher's rating: 1291 → 1313(+22 for winning)
|raw|wweewwzz's rating: 1252 → 1230(-22 for losing)
