|j|☆duggan1000
|j|☆wade connects
|html|duggan1000wade connects    
|uhtml|bestof|Game 1 of a best-of-3
|t:|1785649036
|gametype|doubles
|player|p1|duggan1000|2|1000
|player|p2|wade connects|101|1236
|gen|9
|tier|[Gen 9 Champions] VGC 2026 Reg M-B (Bo3)
|rated|
|rule|Species Clause: Limit one of each Pokémon
|rule|Item Clause: Limit 1 of each item
|clearpoke
|poke|p1|Hatterene, L50, F|
|poke|p1|Meowstic, L50, M|
|poke|p1|Incineroar, L50, M|
|poke|p1|Drampa, L50, M|
|poke|p1|Sneasler, L50, F|
|poke|p1|Tyranitar, L50, F|
|poke|p2|Gholdengo, L50|
|poke|p2|Clefable, L50, F|
|poke|p2|Blaziken, L50, F, shiny|
|poke|p2|Sceptile, L50, M|
|poke|p2|Gyarados, L50, F, shiny|
|poke|p2|Aerodactyl, L50, F|
|teampreview|4
|showteam|p1|Hatterene||TwistedSpoon|MagicBounce|ExpandingForce,DazzlingGleam,TrickRoom,Psychic|Quiet||F|||50|]Meowstic||LightClay|Prankster|ExpandingForce,PsychicTerrain,Reflect,LightScreen|Bold||M|||50|]Incineroar||SitrusBerry|Intimidate|FakeOut,DarkestLariat,FlareBlitz,PartingShot|Relaxed||M|||50|]Drampa||Drampanite|CloudNine|HyperVoice,DracoMeteor,EnergyBall,HeatWave|Quiet||M|||50|]Sneasler||MentalHerb|Unburden|FakeOut,DireClaw,CloseCombat,Protect|Jolly||F|||50|]Tyranitar||Tyranitarite|SandStream|RockSlide,KnockOff,Protect,LowKick|Adamant||F|||50|
|showteam|p2|Gholdengo||MetalCoat|GoodasGold|Protect,NastyPlot,ShadowBall,MakeItRain|Modest|||||50|]Clefable||Leftovers|Unaware|Protect,FollowMe,LifeDew,Moonblast|Bold||F|||50|]Blaziken||LifeOrb|SpeedBoost|Detect,CloseCombat,FlareBlitz,RockSlide|Adamant||F|||50|]Sceptile||Sceptilite|Overgrow|Detect,EnergyBall,DragonPulse,EarthPower|Timid||M|||50|]Gyarados||Gyaradosite|Intimidate|Protect,DragonDance,Waterfall,Crunch|Adamant||F|||50|]Aerodactyl||FocusSash|Unnerve|Protect,Tailwind,DualWingbeat,RockSlide|Jolly||F|||50|
|
|t:|1785649072
|teamsize|p1|4
|teamsize|p2|4
|start
|switch|p1a: Meowstic|Meowstic, L50, M|100/100
|switch|p1b: Hatterene|Hatterene, L50, F|100/100
|switch|p2a: Gholdengo|Gholdengo, L50|100/100
|switch|p2b: Sceptile|Sceptile, L50, M|100/100
|turn|1
|inactive|Battle timer is ON: inactive players will automatically lose when time's up. (requested by duggan1000)
|
|t:|1785649088
|detailschange|p2b: Sceptile|Sceptile-Mega, L50, M
|-mega|p2b: Sceptile|Sceptile|Sceptilite
|move|p1a: Meowstic|Light Screen|p1a: Meowstic
|-sidestart|p1: duggan1000|move: Light Screen
|move|p2b: Sceptile|Energy Ball|p1b: Hatterene
|-damage|p1b: Hatterene|62/100
|move|p2a: Gholdengo|Make It Rain|p1b: Hatterene|[spread] p1a,p1b
|-supereffective|p1b: Hatterene|1
|-damage|p1a: Meowstic|55/100
|-damage|p1b: Hatterene|0 fnt
|-unboost|p2a: Gholdengo|spa|2
|faint|p1b: Hatterene
|
|upkeep
|
|t:|1785649102
|switch|p1b: Incineroar|Incineroar, L50, M|100/100
|-ability|p1b: Incineroar|Intimidate|boost
|-unboost|p2a: Gholdengo|atk|1
|-unboost|p2b: Sceptile|atk|1
|turn|2
|
|t:|1785649116
|switch|p2a: Blaziken|Blaziken, L50, F, shiny|100/100
|move|p1b: Incineroar|Fake Out|p2b: Sceptile
|-damage|p2b: Sceptile|82/100
|move|p1a: Meowstic|Psychic Terrain|p1a: Meowstic
|-fieldstart|move: Psychic Terrain
|cant|p2b: Sceptile|flinch
|
|upkeep
|turn|3
|
|t:|1785649136
|switch|p2b: Clefable|Clefable, L50, F|100/100
|move|p2a: Blaziken|Flare Blitz|p1a: Meowstic
|-damage|p1a: Meowstic|0 fnt
|faint|p1a: Meowstic
|-damage|p2a: Blaziken|78/100|[from] Recoil
|-damage|p2a: Blaziken|69/100|[from] item: Life Orb
|move|p1b: Incineroar|Darkest Lariat|p2b: Clefable
|-resisted|p2b: Clefable|1
|-damage|p2b: Clefable|85/100
|
|-heal|p2b: Clefable|91/100|[from] item: Leftovers
|-ability|p2a: Blaziken|Speed Boost|boost
|-boost|p2a: Blaziken|spe|1
|upkeep
|
|t:|1785649148
|switch|p1a: Drampa|Drampa, L50, M|100/100
|-ability|p1a: Drampa|Cloud Nine
|turn|4
|
|t:|1785649157
|detailschange|p1a: Drampa|Drampa-Mega, L50, M
|-mega|p1a: Drampa|Drampa|Drampanite
|move|p2b: Clefable|Follow Me|p2b: Clefable
|-singleturn|p2b: Clefable|move: Follow Me
|move|p2a: Blaziken|Close Combat|p1a: Drampa
|-supereffective|p1a: Drampa|1
|-damage|p1a: Drampa|0 fnt
|-unboost|p2a: Blaziken|def|1
|-unboost|p2a: Blaziken|spd|1
|faint|p1a: Drampa
|-damage|p2a: Blaziken|59/100|[from] item: Life Orb
|move|p1b: Incineroar|Flare Blitz|p2b: Clefable
|-damage|p2b: Clefable|45/100
|-damage|p1b: Incineroar|84/100|[from] Recoil
|
|-heal|p2b: Clefable|50/100g|[from] item: Leftovers
|-ability|p2a: Blaziken|Speed Boost|boost
|-boost|p2a: Blaziken|spe|1
|upkeep
|turn|5
|inactive|wade connects has 30 seconds left.
|inactive|wade connects has 20 seconds left.
|inactive|wade connects has 15 seconds left.
|inactive|wade connects has 10 seconds left.
|inactive|wade connects has 5 seconds left.
|
|t:|1785649212
|move|p2a: Blaziken|Detect|p2a: Blaziken
|-singleturn|p2a: Blaziken|Protect
|move|p2b: Clefable|Protect|p2b: Clefable
|-singleturn|p2b: Clefable|Protect
|move|p1b: Incineroar|Flare Blitz|p2a: Blaziken
|-activate|p2a: Blaziken|move: Protect
|
|-heal|p2b: Clefable|56/100|[from] item: Leftovers
|-ability|p2a: Blaziken|Speed Boost|boost
|-boost|p2a: Blaziken|spe|1
|upkeep
|turn|6
|
|t:|1785649233
|move|p2a: Blaziken|Close Combat|p1b: Incineroar
|-supereffective|p1b: Incineroar|1
|-damage|p1b: Incineroar|0 fnt
|-unboost|p2a: Blaziken|def|1
|-unboost|p2a: Blaziken|spd|1
|faint|p1b: Incineroar
|-damage|p2a: Blaziken|50/100g|[from] item: Life Orb
|
|win|wade connects
||duggan1000 is ready for game 2.
||wade connects is ready for game 2.
|uhtml|next|Next: Game 2 of 3
|l|☆duggan1000
|player|p1|
|l|☆wade connects
|player|p2|
|j|☆wade connects
|player|p2|wade connects|101|
|l|☆wade connects
|player|p2|
|j|☆wade connects
|player|p2|wade connects|101|
