|j|☆Lstdnce
|j|☆Skyline67
|html|LstdnceSkyline67    
|uhtml|bestof|Game 2 of a best-of-3
|t:|1756228352
|gametype|doubles
|player|p1|Lstdnce|101|1278
|player|p2|Skyline67|cynthia|1250
|gen|9
|tier|[Gen 9] VGC 2025 Reg H (Bo3)
|rated|
|rule|Species Clause: Limit one of each Pokémon
|rule|Item Clause: Limit 1 of each item
|clearpoke
|poke|p1|Ursaluna-Bloodmoon, L50, M|
|poke|p1|Farigiraf, L50, M|
|poke|p1|Arcanine-Hisui, L50, M|
|poke|p1|Basculegion, L50, M|
|poke|p1|Electabuzz, L50, M|
|poke|p1|Rillaboom, L50, M|
|poke|p2|Volcarona, L50, M|
|poke|p2|Rillaboom, L50, F|
|poke|p2|Kingambit, L50, F|
|poke|p2|Electabuzz, L50, M|
|poke|p2|Dragonite, L50, F|
|poke|p2|Sneasler, L50, M|
|teampreview|4
|showteam|p1|Ursaluna-Bloodmoon||LifeOrb|MindsEye|Protect,BloodMoon,HyperVoice,EarthPower|||M|||50|,,,,,Normal]Farigiraf||SafetyGoggles|ArmorTail|Uproar,PsychicNoise,HelpingHand,TrickRoom|||M|||50|,,,,,Water]Arcanine-Hisui||ChoiceBand|RockHead|ExtremeSpeed,FlareBlitz,RockSlide,HeadSmash|||M|||50|,,,,,Normal]Basculegion||ChoiceScarf|Adaptability|FlipTurn,WaveCrash,LastRespects,AquaJet|||M|||50|,,,,,Water]Electabuzz||Eviolite|VitalSpirit|Protect,Electroweb,Taunt,FollowMe|||M|||50|,,,,,Ghost]Rillaboom||AssaultVest|GrassySurge|GrassyGlide,WoodHammer,FakeOut,Uturn|||M|||50|,,,,,Fire
|showteam|p2|Volcarona||CovertCloak|FlameBody|QuiverDance,HeatWave,TeraBlast,Protect|||M|||50|,,,,,Fairy]Rillaboom||AssaultVest|GrassySurge|FakeOut,DrumBeating,GrassyGlide,HighHorsepower|||F|||50|,,,,,Fire]Kingambit||BlackGlasses|Defiant|KowtowCleave,SuckerPunch,Protect,SwordsDance|||F|||50|,,,,,Dark]Electabuzz||Eviolite|VitalSpirit|FollowMe,Thunderbolt,Protect,Taunt|||M|||50|,,,,,Ghost]Dragonite||LoadedDice|Multiscale|ScaleShot,Haze,LowKick,Protect|||F|||50|,,,,,Steel]Sneasler||FocusSash|Unburden|CloseCombat,Coaching,Protect,DireClaw|||M|||50|,,,,,Stellar
|
|t:|1756228365
|teamsize|p1|4
|teamsize|p2|4
|start
|switch|p1a: Electabuzz|Electabuzz, L50, M|100/100
|switch|p1b: Arcanine|Arcanine-Hisui, L50, M|100/100
|switch|p2a: Escanor|Volcarona, L50, M, shiny|100/100
|switch|p2b: Electabuzz|Electabuzz, L50, M|100/100
|turn|1
|
|t:|1756228385
|move|p2a: Escanor|Protect|p2a: Escanor
|-singleturn|p2a: Escanor|Protect
|move|p2b: Electabuzz|Thunderbolt|p1b: Arcanine
|-damage|p1b: Arcanine|60/100
|move|p1b: Arcanine|Flare Blitz|p2a: Escanor
|-activate|p2a: Escanor|move: Protect
|move|p1a: Electabuzz|Taunt|p2a: Escanor
|-activate|p2a: Escanor|move: Protect
|
|upkeep
|turn|2
|inactive|Battle timer is ON: inactive players will automatically lose when time's up. (requested by Lstdnce)
|
|t:|1756228418
|switch|p2a: Rillaboom|Rillaboom, L50, F|100/100
|-fieldstart|move: Grassy Terrain|[from] ability: Grassy Surge|[of] p2a: Rillaboom
|move|p2b: Electabuzz|Follow Me|p2b: Electabuzz
|-singleturn|p2b: Electabuzz|move: Follow Me
|move|p1b: Arcanine|Flare Blitz|p2b: Electabuzz
|-crit|p2b: Electabuzz
|-damage|p2b: Electabuzz|0 fnt
|faint|p2b: Electabuzz
|move|p1a: Electabuzz|Electroweb|p2a: Rillaboom
|-resisted|p2a: Rillaboom
|-damage|p2a: Rillaboom|94/100
|-unboost|p2a: Rillaboom|spe|1
|
|-heal|p1b: Arcanine|66/100|[from] Grassy Terrain
|-heal|p2a: Rillaboom|99/100|[from] Grassy Terrain
|upkeep
|
|t:|1756228437
|switch|p2b: Kingambit|Kingambit, L50, F|100/100
|turn|3
|
|t:|1756228463
|-terastallize|p2a: Rillaboom|Fire
|move|p2b: Kingambit|Protect|p2b: Kingambit
|-singleturn|p2b: Kingambit|Protect
|move|p1a: Electabuzz|Follow Me|p1a: Electabuzz
|-singleturn|p1a: Electabuzz|move: Follow Me
|move|p1b: Arcanine|Flare Blitz|p2b: Kingambit
|-activate|p2b: Kingambit|move: Protect
|move|p2a: Rillaboom|High Horsepower|p1a: Electabuzz
|-supereffective|p1a: Electabuzz
|-damage|p1a: Electabuzz|52/100
|
|-heal|p1b: Arcanine|72/100|[from] Grassy Terrain
|-heal|p1a: Electabuzz|58/100|[from] Grassy Terrain
|-heal|p2a: Rillaboom|100/100|[from] Grassy Terrain
|upkeep
|turn|4
|
|t:|1756228488
|switch|p2b: Escanor|Volcarona, L50, M, shiny|100/100
|move|p1a: Electabuzz|Follow Me|p1a: Electabuzz
|-singleturn|p1a: Electabuzz|move: Follow Me
|move|p1b: Arcanine|Flare Blitz|p2b: Escanor
|-damage|p2b: Escanor|0 fnt
|faint|p2b: Escanor
|move|p2a: Rillaboom|High Horsepower|p1a: Electabuzz
|-supereffective|p1a: Electabuzz
|-damage|p1a: Electabuzz|10/100
|
|-heal|p1b: Arcanine|78/100|[from] Grassy Terrain
|-heal|p1a: Electabuzz|16/100|[from] Grassy Terrain
|upkeep
|
|t:|1756228499
|switch|p2b: Kingambit|Kingambit, L50, F|100/100
|turn|5
|
|t:|1756228518
|-terastallize|p1b: Arcanine|Normal
|move|p1a: Electabuzz|Protect|p1a: Electabuzz
|-singleturn|p1a: Electabuzz|Protect
|move|p2a: Rillaboom|Grassy Glide|p1a: Electabuzz
|-activate|p1a: Electabuzz|move: Protect
|move|p2b: Kingambit|Sucker Punch|p1b: Arcanine
|-damage|p1b: Arcanine|16/100
|move|p1b: Arcanine|Flare Blitz|p2b: Kingambit
|-supereffective|p2b: Kingambit
|-damage|p2b: Kingambit|0 fnt
|faint|p2b: Kingambit
|
|-heal|p1b: Arcanine|22/100|[from] Grassy Terrain
|-heal|p1a: Electabuzz|22/100|[from] Grassy Terrain
|upkeep
|turn|6
|
|t:|1756228535
|move|p2a: Rillaboom|Grassy Glide|p1b: Arcanine
|-damage|p1b: Arcanine|0 fnt
|faint|p1b: Arcanine
|move|p1a: Electabuzz|Electroweb|p2a: Rillaboom
|-damage|p2a: Rillaboom|87/100
|-unboost|p2a: Rillaboom|spe|1
|
|-heal|p1a: Electabuzz|28/100|[from] Grassy Terrain
|-heal|p2a: Rillaboom|93/100|[from] Grassy Terrain
|-fieldend|move: Grassy Terrain
|upkeep
|
|t:|1756228538
|switch|p1b: Basculegion|Basculegion, L50, M|100/100
|turn|7
|
|t:|1756228547
|move|p1b: Basculegion|Wave Crash|p2a: Rillaboom
|-supereffective|p2a: Rillaboom
|-damage|p2a: Rillaboom|0 fnt
|faint|p2a: Rillaboom
|-damage|p1b: Basculegion|68/100|[from] Recoil
|
|win|Lstdnce
||Skyline67 is ready for game 3.
||Lstdnce is ready for game 3.
|uhtml|next|Next: Game 3 of 3
|l|☆Lstdnce
|player|p1|
