|j|☆SwaglessBozo
|j|☆Keith Jones
|html|SwaglessBozoKeith Jones    
|uhtml|bestof|Game 1 of a best-of-3
|t:|1783373077
|gametype|doubles
|player|p1|SwaglessBozo|2|1185
|player|p2|Keith Jones|benga|1344
|gen|9
|tier|[Gen 9 Champions] VGC 2026 Reg M-B (Bo3)
|rated|
|rule|Species Clause: Limit one of each Pokémon
|rule|Item Clause: Limit 1 of each item
|clearpoke
|poke|p1|Raichu, L50, F|
|poke|p1|Jolteon, L50, F|
|poke|p1|Ninetales-Alola, L50, M|
|poke|p1|Staraptor, L50, M|
|poke|p1|Whimsicott, L50, F|
|poke|p1|Chandelure, L50, M|
|poke|p2|Kleavor, L50, F|
|poke|p2|Metagross, L50|
|poke|p2|Dragonite, L50, F|
|poke|p2|Incineroar, L50, F|
|poke|p2|Milotic, L50, M|
|poke|p2|Sinistcha, L50|
|teampreview|4
|showteam|p1|Raichu||RaichuniteX|LightningRod|Encore,FakeOut,VoltTackle,HelpingHand|Jolly||F|||50|]Jolteon||LifeOrb|VoltAbsorb|CalmMind,Protect,RisingVoltage,AlluringVoice|Timid||F|||50|]Ninetales-Alola||FocusSash|SnowWarning|Protect,Roar,Blizzard,FreezeDry|Timid||M|||50|]Staraptor||Staraptite|Intimidate|CloseCombat,BraveBird,Roost,Protect|Adamant||M|||50|]Whimsicott||OccaBerry|Prankster|Charm,Tailwind,Protect,Moonblast|Bold||F|||50|]Chandelure||ChoiceScarf|Infiltrator|HeatWave,ShadowBall,Overheat,EnergyBall|Timid||M|||50|
|showteam|p2|Kleavor||FocusSash|Sharpness|StoneAxe,XScissor,CloseCombat,Protect|Jolly||F|||50|]Metagross||Metagrossite|ClearBody|IronHead,IcePunch,HammerArm,Protect|Jolly|||||50|]Dragonite||DragonFang|Multiscale|ScaleShot,ExtremeSpeed,Tailwind,Protect|Adamant||F|||50|]Incineroar||SitrusBerry|Intimidate|PartingShot,FakeOut,ThroatChop,FlareBlitz|Careful||F|||50|]Milotic||Leftovers|Competitive|MuddyWater,Coil,Hypnosis,Protect|Calm||M|||50|]Sinistcha||KasibBerry|Hospitality|MatchaGotcha,RagePowder,TrickRoom,LifeDew|Relaxed|||||50|
|c|☆SwaglessBozo|At battle of two home brews
|c|☆SwaglessBozo|A battle of two homebrews*
|c|☆SwaglessBozo|Glhf
|c|☆Keith Jones|your team is insane
|inactive|Battle timer is ON: inactive players will automatically lose when time's up. (requested by SwaglessBozo)
|c|☆Keith Jones|like its so scary
|
|t:|1783373196
|teamsize|p1|4
|teamsize|p2|4
|start
|switch|p1a: Staraptor|Staraptor, L50, M|100/100
|switch|p1b: Chandelure|Chandelure, L50, M|100/100
|switch|p2a: Dragonite|Dragonite, L50, F|100/100
|switch|p2b: Kleavor|Kleavor, L50, F|100/100
|-ability|p1a: Staraptor|Intimidate|boost
|-unboost|p2a: Dragonite|atk|1
|-unboost|p2b: Kleavor|atk|1
|turn|1
|inactive|SwaglessBozo has 30 seconds left.
|
|t:|1783373226
|detailschange|p1a: Staraptor|Staraptor-Mega, L50, M
|-mega|p1a: Staraptor|Staraptor|Staraptite
|move|p2b: Kleavor|Protect|p2b: Kleavor
|-singleturn|p2b: Kleavor|Protect
|move|p1b: Chandelure|Heat Wave|p2a: Dragonite|[spread] p2a
|-activate|p2b: Kleavor|move: Protect
|-resisted|p2a: Dragonite|1
|-damage|p2a: Dragonite|90/100
|move|p1a: Staraptor|Close Combat|p2b: Kleavor
|-activate|p2b: Kleavor|move: Protect
|move|p2a: Dragonite|Tailwind|p2a: Dragonite
|-sidestart|p2: Keith Jones|move: Tailwind
|
|upkeep
|turn|2
|inactive|Keith Jones has 30 seconds left.
|
|t:|1783373256
|switch|p1b: Whimsicott|Whimsicott, L50, F|100/100
|move|p2b: Kleavor|Stone Axe|p1a: Staraptor
|-damage|p1a: Staraptor|68/100
|-sidestart|p1: SwaglessBozo|move: Stealth Rock
|move|p2a: Dragonite|Scale Shot|p1a: Staraptor|[miss]
|-miss|p2a: Dragonite|p1a: Staraptor
|move|p1a: Staraptor|Close Combat|p2b: Kleavor
|-damage|p2b: Kleavor|11/100
|-boost|p1a: Staraptor|def|1
|-boost|p1a: Staraptor|spd|1
|
|upkeep
|turn|3
|inactive|SwaglessBozo has 30 seconds left.
|
|t:|1783373282
|switch|p2b: Sinistcha|Sinistcha, L50|100/100
|-heal|p2a: Dragonite|100/100|[from] ability: Hospitality|[of] p2b: Sinistcha
|switch|p2a: Metagross|Metagross, L50|100/100
|move|p1b: Whimsicott|Tailwind|p1b: Whimsicott
|-sidestart|p1: SwaglessBozo|move: Tailwind
|move|p1a: Staraptor|Close Combat|p2b: Sinistcha
|-immune|p2b: Sinistcha
|
|upkeep
|turn|4
|inactive|SwaglessBozo has 30 seconds left.
|inactive|SwaglessBozo has 20 seconds left.
|
|t:|1783373320
|detailschange|p2a: Metagross|Metagross-Mega, L50
|-mega|p2a: Metagross|Metagross|Metagrossite
|move|p1b: Whimsicott|Protect|p1b: Whimsicott
|-singleturn|p1b: Whimsicott|Protect
|move|p1a: Staraptor|Protect|p1a: Staraptor
|-singleturn|p1a: Staraptor|Protect
|move|p2b: Sinistcha|Rage Powder|p2b: Sinistcha
|-singleturn|p2b: Sinistcha|move: Rage Powder
|move|p2a: Metagross|Ice Punch|p1a: Staraptor
|-activate|p1a: Staraptor|move: Protect
|
|-sideend|p2: Keith Jones|move: Tailwind
|upkeep
|turn|5
|
|t:|1783373343
|move|p2b: Sinistcha|Rage Powder|p2b: Sinistcha
|-singleturn|p2b: Sinistcha|move: Rage Powder
|move|p1b: Whimsicott|Charm|p1a: Staraptor
|-boost|p1a: Staraptor|atk|2
|move|p1a: Staraptor|Brave Bird|p2b: Sinistcha
|-supereffective|p2b: Sinistcha|1
|-damage|p2b: Sinistcha|0 fnt
|faint|p2b: Sinistcha
|-damage|p1a: Staraptor|38/100|[from] Recoil
|move|p2a: Metagross|Ice Punch|p1a: Staraptor
|-supereffective|p1a: Staraptor|1
|-damage|p1a: Staraptor|0 fnt
|faint|p1a: Staraptor
|
|upkeep
|
|t:|1783373357
|switch|p1a: Chandelure|Chandelure, L50, M|100/100
|switch|p2b: Dragonite|Dragonite, L50, F|100/100
|-damage|p1a: Chandelure|75/100|[from] Stealth Rock
|turn|6
|
|t:|1783373380
|move|p2a: Metagross|Protect|p2a: Metagross
|-singleturn|p2a: Metagross|Protect
|move|p1b: Whimsicott|Charm|p2b: Dragonite
|-unboost|p2b: Dragonite|atk|2
|move|p1a: Chandelure|Overheat|p2a: Metagross
|-activate|p2a: Metagross|move: Protect
|move|p2b: Dragonite|Scale Shot|p1a: Chandelure
|-damage|p1a: Chandelure|62/100
|-damage|p1a: Chandelure|48/100
|-damage|p1a: Chandelure|35/100
|-hitcount|p1a: Chandelure|3
|-unboost|p2b: Dragonite|def|1
|-boost|p2b: Dragonite|spe|1
|
|-sideend|p1: SwaglessBozo|move: Tailwind
|upkeep
|turn|7
|
|t:|1783373394
|switch|p2a: Kleavor|Kleavor, L50, F|11/100
|move|p1b: Whimsicott|Tailwind|p1b: Whimsicott
|-sidestart|p1: SwaglessBozo|move: Tailwind
|move|p1a: Chandelure|Overheat|p2a: Kleavor
|-damage|p2a: Kleavor|0 fnt
|-unboost|p1a: Chandelure|spa|2
|faint|p2a: Kleavor
|move|p2b: Dragonite|Scale Shot|p1a: Chandelure
|-damage|p1a: Chandelure|21/100
|-damage|p1a: Chandelure|8/100
|-damage|p1a: Chandelure|0 fnt
|faint|p1a: Chandelure
|-hitcount|p1: Chandelure|3
|-unboost|p2b: Dragonite|def|1
|-boost|p2b: Dragonite|spe|1
|
|upkeep
|
|t:|1783373402
|switch|p2a: Metagross|Metagross-Mega, L50|100/100
|switch|p1a: Ninetales|Ninetales-Alola, L50, M|100/100
|-damage|p1a: Ninetales|75/100|[from] Stealth Rock
|-weather|Snowscape|[from] ability: Snow Warning|[of] p1a: Ninetales
|turn|8
|
|t:|1783373413
|move|p1b: Whimsicott|Charm|p2a: Metagross
|-unboost|p2a: Metagross|atk|2
|move|p1a: Ninetales|Blizzard|p2a: Metagross|[spread] p2a,p2b
|-resisted|p2a: Metagross|1
|-supereffective|p2b: Dragonite|2
|-damage|p2a: Metagross|84/100
|-damage|p2b: Dragonite|30/100
|move|p2b: Dragonite|Tailwind|p2b: Dragonite
|-sidestart|p2: Keith Jones|move: Tailwind
|move|p2a: Metagross|Iron Head|p1a: Ninetales
|-supereffective|p1a: Ninetales|2
|-damage|p1a: Ninetales|0 fnt
|faint|p1a: Ninetales
|
|-weather|Snowscape|[upkeep]
|upkeep
|turn|9
|
|t:|1783373430
|move|p2b: Dragonite|Extreme Speed|p1b: Whimsicott
|-damage|p1b: Whimsicott|86/100
|move|p1b: Whimsicott|Charm|p2a: Metagross
|-unboost|p2a: Metagross|atk|2
|move|p2a: Metagross|Iron Head|p1b: Whimsicott
|-supereffective|p1b: Whimsicott|1
|-damage|p1b: Whimsicott|53/100
|
|-weather|Snowscape|[upkeep]
|upkeep
|turn|10
|
|t:|1783373439
|move|p2b: Dragonite|Extreme Speed|p1b: Whimsicott
|-damage|p1b: Whimsicott|41/100
|move|p2a: Metagross|Iron Head|p1b: Whimsicott
|-supereffective|p1b: Whimsicott|1
|-damage|p1b: Whimsicott|4/100
|cant|p1b: Whimsicott|flinch
|
|-weather|Snowscape|[upkeep]
|-sideend|p1: SwaglessBozo|move: Tailwind
|upkeep
|turn|11
|
|t:|1783373450
|move|p2b: Dragonite|Extreme Speed|p1b: Whimsicott
|-damage|p1b: Whimsicott|0 fnt
|faint|p1b: Whimsicott
|
|win|Keith Jones
||SwaglessBozo is ready for game 2.
||Keith Jones is ready for game 2.
|uhtml|next|Next: Game 2 of 3
