|j|☆MrPhoenixGC
|j|☆Rmilo12
|html|MrPhoenixGCRmilo12    
|uhtml|bestof|Game 1 of a best-of-3
|t:|1783557479
|gametype|doubles
|player|p1|MrPhoenixGC|steven|1312
|player|p2|Rmilo12|170|1191
|gen|9
|tier|[Gen 9 Champions] VGC 2026 Reg M-B (Bo3)
|rated|
|rule|Species Clause: Limit one of each Pokémon
|rule|Item Clause: Limit 1 of each item
|clearpoke
|poke|p1|Charizard, L50, F|
|poke|p1|Kingambit, L50, M|
|poke|p1|Sylveon, L50, F|
|poke|p1|Garchomp, L50, F|
|poke|p1|Aerodactyl, L50, F|
|poke|p1|Farigiraf, L50, F|
|poke|p2|Swampert, L50, M|
|poke|p2|Venusaur, L50, F|
|poke|p2|Archaludon, L50, M|
|poke|p2|Pelipper, L50, F|
|poke|p2|Grimmsnarl, L50, M|
|poke|p2|Farigiraf, L50, M|
|teampreview|4
|showteam|p1|Charizard||CharizarditeY|SolarPower|Protect,HeatWave,SolarBeam,WeatherBall|Modest||F|||50|]Kingambit||FocusSash|Defiant|IronHead,SuckerPunch,KowtowCleave,LowKick|Adamant||M|||50|]Sylveon||FairyFeather|Pixilate|Detect,HyperVoice,HyperBeam,QuickAttack|Modest||F|||50|]Garchomp||LifeOrb|RoughSkin|Protect,DragonClaw,Earthquake,RockSlide|Jolly||F|||50|]Aerodactyl||Aerodactylite|Unnerve|IceFang,RockSlide,Tailwind,DualWingbeat|Jolly||F|||50|]Farigiraf||SitrusBerry|ArmorTail|TrickRoom,Psychic,Thunderbolt,Protect|Bold||F|||50|
|showteam|p2|Swampert||Swampertite|Torrent|Earthquake,WaveCrash,IcePunch,Protect|Adamant||M|||50|]Venusaur||Venusaurite|Chlorophyll|GigaDrain,SludgeBomb,EarthPower,Protect|Modest||F|||50|]Archaludon||Leftovers|Stamina|ElectroShot,DragonPulse,FlashCannon,Protect|Modest||M|||50|]Pelipper||LifeOrb|Drizzle|WideGuard,WeatherBall,Hurricane,Tailwind|Modest||F|||50|]Grimmsnarl||LightClay|Prankster|PartingShot,FoulPlay,Reflect,LightScreen|Careful||M|||50|]Farigiraf||SitrusBerry|ArmorTail|Psychic,Thunderbolt,TrickRoom,Protect|Quiet||M|||50|
|inactive|Battle timer is ON: inactive players will automatically lose when time's up. (requested by Rmilo12)
|inactive|MrPhoenixGC has 60 seconds left.
|inactive|MrPhoenixGC has 30 seconds left.
|inactive|MrPhoenixGC has 20 seconds left.
|
|t:|1783557552
|teamsize|p1|4
|teamsize|p2|4
|start
|switch|p1a: Charizard|Charizard, L50, F|100/100
|switch|p1b: Kingambit|Kingambit, L50, M|100/100
|switch|p2a: Grimmsnarl|Grimmsnarl, L50, M|100/100
|switch|p2b: Swampert|Swampert, L50, M|100/100
|turn|1
|inactive|MrPhoenixGC has 30 seconds left.
|
|t:|1783557584
|detailschange|p1a: Charizard|Charizard-Mega-Y, L50, F
|-mega|p1a: Charizard|Charizard|Charizardite Y
|-weather|SunnyDay|[from] ability: Drought|[of] p1a: Charizard
|move|p2b: Swampert|Protect|p2b: Swampert
|-singleturn|p2b: Swampert|Protect
|move|p2a: Grimmsnarl|Light Screen|p2a: Grimmsnarl
|-sidestart|p2: Rmilo12|move: Light Screen
|move|p1a: Charizard|Heat Wave|p2a: Grimmsnarl|[spread] p2a
|-activate|p2b: Swampert|move: Protect
|-damage|p2a: Grimmsnarl|61/100
|move|p1b: Kingambit|Iron Head|p2a: Grimmsnarl
|-supereffective|p2a: Grimmsnarl|1
|-damage|p2a: Grimmsnarl|0 fnt
|faint|p2a: Grimmsnarl
|
|-weather|SunnyDay|[upkeep]
|upkeep
|
|t:|1783557598
|switch|p2a: Pelipper|Pelipper, L50, F|100/100
|-weather|RainDance|[from] ability: Drizzle|[of] p2a: Pelipper
|turn|2
|inactive|MrPhoenixGC has 30 seconds left.
|inactive|MrPhoenixGC has 20 seconds left.
|inactive|MrPhoenixGC has 15 seconds left.
|
|t:|1783557639
|switch|p1a: Farigiraf|Farigiraf, L50, F|100/100
|detailschange|p2b: Swampert|Swampert-Mega, L50, M
|-mega|p2b: Swampert|Swampert|Swampertite
|move|p2b: Swampert|Earthquake|p1b: Kingambit|[spread] p1a,p1b
|-immune|p2a: Pelipper
|-supereffective|p1b: Kingambit|1
|-damage|p1a: Farigiraf|61/100
|-damage|p1b: Kingambit|11/100
|move|p1b: Kingambit|Kowtow Cleave|p2a: Pelipper
|-damage|p2a: Pelipper|44/100
|move|p2a: Pelipper|Weather Ball|p1b: Kingambit
|-damage|p1b: Kingambit|0 fnt
|faint|p1b: Kingambit
|-damage|p2a: Pelipper|35/100|[from] item: Life Orb
|
|-weather|RainDance|[upkeep]
|upkeep
|
|t:|1783557657
|switch|p1b: Charizard|Charizard-Mega-Y, L50, F|100/100
|-weather|SunnyDay|[from] ability: Drought|[of] p1b: Charizard
|turn|3
|
|t:|1783557667
|switch|p2a: Archaludon|Archaludon, L50, M|100/100
|move|p2b: Swampert|Protect|p2b: Swampert
|-singleturn|p2b: Swampert|Protect
|move|p1b: Charizard|Solar Beam||[still]
|-prepare|p1b: Charizard|Solar Beam
|-anim|p1b: Charizard|Solar Beam|p2b: Swampert
|-activate|p2b: Swampert|move: Protect
|move|p1a: Farigiraf|Thunderbolt|p2a: Archaludon
|-resisted|p2a: Archaludon|1
|-damage|p2a: Archaludon|90/100
|-ability|p2a: Archaludon|Stamina|boost
|-boost|p2a: Archaludon|def|1
|
|-weather|SunnyDay|[upkeep]
|-heal|p2a: Archaludon|96/100|[from] item: Leftovers
|upkeep
|turn|4
|
|t:|1783557691
|switch|p2b: Pelipper|Pelipper, L50, F|35/100
|-weather|RainDance|[from] ability: Drizzle|[of] p2b: Pelipper
|move|p1b: Charizard|Protect|p1b: Charizard
|-singleturn|p1b: Charizard|Protect
|move|p2a: Archaludon|Electro Shot||[still]
|-prepare|p2a: Archaludon|Electro Shot
|-boost|p2a: Archaludon|spa|1
|-anim|p2a: Archaludon|Electro Shot|p1b: Charizard
|-activate|p1b: Charizard|move: Protect
|move|p1a: Farigiraf|Trick Room|p1a: Farigiraf
|-fieldstart|move: Trick Room|[of] p1a: Farigiraf
|
|-weather|RainDance|[upkeep]
|-heal|p2a: Archaludon|100/100|[from] item: Leftovers
|upkeep
|turn|5
|
|t:|1783557716
|switch|p1b: Sylveon|Sylveon, L50, F|100/100
|move|p1a: Farigiraf|Thunderbolt|p2b: Pelipper
|-supereffective|p2b: Pelipper|2
|-damage|p2b: Pelipper|0 fnt
|faint|p2b: Pelipper
|move|p2a: Archaludon|Electro Shot||[still]
|-prepare|p2a: Archaludon|Electro Shot
|-boost|p2a: Archaludon|spa|1
|-anim|p2a: Archaludon|Electro Shot|p1a: Farigiraf
|-damage|p1a: Farigiraf|0 fnt
|faint|p1a: Farigiraf
|
|-weather|RainDance|[upkeep]
|upkeep
|
|t:|1783557729
|switch|p1a: Charizard|Charizard-Mega-Y, L50, F|100/100
|switch|p2b: Swampert|Swampert-Mega, L50, M|100/100
|-weather|SunnyDay|[from] ability: Drought|[of] p1a: Charizard
|turn|6
|
|t:|1783557749
|move|p1b: Sylveon|Hyper Voice|p2a: Archaludon|[spread] p2a,p2b
|-damage|p2a: Archaludon|60/100
|-damage|p2b: Swampert|70/100
|-ability|p2a: Archaludon|Stamina|boost
|-boost|p2a: Archaludon|def|1
|move|p2a: Archaludon|Dragon Pulse|p1a: Charizard
|-damage|p1a: Charizard|24/100
|move|p2b: Swampert|Wave Crash|p1a: Charizard
|-supereffective|p1a: Charizard|1
|-damage|p1a: Charizard|0 fnt
|faint|p1a: Charizard
|-damage|p2b: Swampert|62/100|[from] Recoil
|
|-weather|SunnyDay|[upkeep]
|-heal|p2a: Archaludon|67/100|[from] item: Leftovers
|upkeep
|turn|7
|
|t:|1783557764
|move|p1b: Sylveon|Hyper Voice|p2b: Swampert|[spread] p2a,p2b
|-damage|p2a: Archaludon|27/100
|-damage|p2b: Swampert|32/100
|-ability|p2a: Archaludon|Stamina|boost
|-boost|p2a: Archaludon|def|1
|move|p2a: Archaludon|Flash Cannon|p1b: Sylveon
|-supereffective|p1b: Sylveon|1
|-damage|p1b: Sylveon|0 fnt
|faint|p1b: Sylveon
|
|win|Rmilo12
||MrPhoenixGC is ready for game 2.
|inactive|Rmilo12 has 30 seconds to confirm battle start!
||Rmilo12 is ready for game 2.
|uhtml|next|Next: Game 2 of 3
|l|☆Rmilo12
|player|p2|
