|j|☆Nathanlikestoes
|j|☆kaalaas7
|html|Nathanlikestoeskaalaas7    
|uhtml|bestof|Game 1 of a best-of-3
|t:|1785686733
|gametype|doubles
|player|p1|Nathanlikestoes|170|
|player|p2|kaalaas7|rocketgruntf|
|gen|9
|tier|[Gen 9 Champions] VGC 2026 Reg M-B (Bo3)
|rule|Species Clause: Limit one of each Pokémon
|rule|Item Clause: Limit 1 of each item
|clearpoke
|poke|p1|Tyranitar, L50, F|
|poke|p1|Excadrill, L50, F|
|poke|p1|Houndstone, L50, M|
|poke|p1|Hydreigon, L50, M|
|poke|p1|Rotom-Wash, L50|
|poke|p1|Scovillain, L50, F|
|poke|p2|Heracross, L50, F|
|poke|p2|Incineroar, L50, M|
|poke|p2|Torterra, L50, M|
|poke|p2|Gyarados, L50, M|
|poke|p2|Kingambit, L50, M|
|poke|p2|Slowking-Galar, L50, M|
|teampreview|4
|showteam|p1|Tyranitar||Tyranitarite|SandStream|RockSlide,KnockOff,StealthRock,Protect|Adamant||F|||50|]Excadrill||FocusSash|SandRush|Earthquake,IronHead,RockSlide,Protect|Adamant||F|||50|]Houndstone||SitrusBerry|SandRush|LastRespects,WillOWisp,StompingTantrum,Protect|Jolly||M|||50|]Hydreigon||LifeOrb|Levitate|DarkPulse,DracoMeteor,HeatWave,Protect|Modest||M|||50|]Rotom-Wash||LightClay|Levitate|LightScreen,Protect,Thunderbolt,HydroPump|Modest|||||50|]Scovillain||Scovillainite|Chlorophyll|Flamethrower,GigaDrain,LeechSeed,RagePowder|Modest||F|||50|
|showteam|p2|Heracross||Heracronite|Moxie|CloseCombat,BulletSeed,PinMissile,RockBlast|Adamant||F|||50|]Incineroar||PasshoBerry|Intimidate|FakeOut,PartingShot,HelpingHand,FlareBlitz|Adamant||M|||50|]Torterra||YacheBerry|Overgrow|SolarBeam,Protect,HeadlongRush,WideGuard|Relaxed||M|||50|]Gyarados|||Intimidate|IceFang,Protect,Waterfall,Earthquake|Jolly||M|||50|]Kingambit||BlackGlasses|SupremeOverlord|SuckerPunch,Protect,SwordsDance,KowtowCleave|Adamant||M|||50|]Slowking-Galar||Leftovers|Regenerator|TrickRoom,ChillingWater,PsychicNoise,Surf|Quiet||M|||50|
|j| Noir-Grey
|
|t:|1785686825
|teamsize|p1|4
|teamsize|p2|4
|start
|switch|p1a: Scovillain|Scovillain, L50, F|100/100
|switch|p1b: Houndstone|Houndstone, L50, M|100/100
|switch|p2a: Heracross|Heracross, L50, F|100/100
|switch|p2b: Incineroar|Incineroar, L50, M|100/100
|-ability|p2b: Incineroar|Intimidate|boost
|-unboost|p1a: Scovillain|atk|1
|-unboost|p1b: Houndstone|atk|1
|turn|1
|
|t:|1785686866
|detailschange|p2a: Heracross|Heracross-Mega, L50, F
|-mega|p2a: Heracross|Heracross|Heracronite
|detailschange|p1a: Scovillain|Scovillain-Mega, L50, F
|-mega|p1a: Scovillain|Scovillain|Scovillainite
|move|p2b: Incineroar|Fake Out|p1a: Scovillain
|-damage|p1a: Scovillain|84/100
|-immune|p2b: Incineroar
|move|p1b: Houndstone|Will-O-Wisp|p2a: Heracross
|-status|p2a: Heracross|brn
|cant|p1a: Scovillain|flinch
|move|p2a: Heracross|Rock Blast|p1a: Scovillain
|-supereffective|p1a: Scovillain|1
|-damage|p1a: Scovillain|72/100
|-supereffective|p1a: Scovillain|1
|-crit|p1a: Scovillain
|-damage|p1a: Scovillain|54/100
|-supereffective|p1a: Scovillain|1
|-damage|p1a: Scovillain|42/100
|-supereffective|p1a: Scovillain|1
|-damage|p1a: Scovillain|27/100
|-supereffective|p1a: Scovillain|1
|-damage|p1a: Scovillain|15/100
|-hitcount|p1a: Scovillain|5
|
|-damage|p2a: Heracross|94/100 brn|[from] brn
|upkeep
|turn|2
|j| Tearamizuu
|
|t:|1785686903
|switch|p1b: Hydreigon|Hydreigon, L50, M|100/100
|switch|p2a: Gyarados|Gyarados, L50, M|100/100
|-ability|p2a: Gyarados|Intimidate|boost
|-unboost|p1a: Scovillain|atk|1
|-unboost|p1b: Hydreigon|atk|1
|move|p1a: Scovillain|Flamethrower|p2a: Gyarados
|-resisted|p2a: Gyarados|1
|-damage|p2a: Gyarados|77/100
|move|p2b: Incineroar|Flare Blitz|p1a: Scovillain
|-crit|p1a: Scovillain
|-damage|p1a: Scovillain|0 fnt
|-immune|p2b: Incineroar
|faint|p1a: Scovillain
|-damage|p2b: Incineroar|95/100|[from] Recoil
|
|upkeep
|
|t:|1785686921
|switch|p1a: Rotom|Rotom-Wash, L50|100/100
|turn|3
|j| OroRosaXIV
|
|t:|1785686976
|move|p1b: Hydreigon|Heat Wave|p2b: Incineroar|[spread] p2a,p2b
|-resisted|p2a: Gyarados|1
|-resisted|p2b: Incineroar|1
|-damage|p2a: Gyarados|59/100
|-damage|p2b: Incineroar|80/100
|-damage|p1b: Hydreigon|90/100|[from] item: Life Orb
|move|p2a: Gyarados|Ice Fang|p1b: Hydreigon
|-supereffective|p1b: Hydreigon|1
|-damage|p1b: Hydreigon|36/100
|move|p1a: Rotom|Thunderbolt|p2a: Gyarados
|-supereffective|p2a: Gyarados|2
|-damage|p2a: Gyarados|0 fnt
|faint|p2a: Gyarados
|move|p2b: Incineroar|Parting Shot|p1a: Rotom
|-unboost|p1a: Rotom|atk|1
|-unboost|p1a: Rotom|spa|1
|
|t:|1785686988
|switch|p2b: Heracross|Heracross-Mega, L50, F|94/100 brn|[from] Parting Shot
|
|-damage|p2b: Heracross|88/100 brn|[from] brn
|upkeep
|
|t:|1785686990
|switch|p2a: Kingambit|Kingambit, L50, M|100/100
|-activate|p2a: Kingambit|ability: Supreme Overlord
|-start|p2a: Kingambit|fallen1|[silent]
|turn|4
|
|t:|1785687018
|switch|p1a: Houndstone|Houndstone, L50, M|100/100
|move|p2a: Kingambit|Sucker Punch|p1b: Hydreigon
|-resisted|p1b: Hydreigon|1
|-damage|p1b: Hydreigon|7/100
|move|p1b: Hydreigon|Heat Wave|p2b: Heracross|[spread] p2a,p2b
|-supereffective|p2a: Kingambit|1
|-supereffective|p2b: Heracross|1
|-damage|p2a: Kingambit|34/100
|-damage|p2b: Heracross|29/100 brn
|-damage|p1b: Hydreigon|0 fnt|[from] item: Life Orb
|faint|p1b: Hydreigon
|move|p2b: Heracross|Bullet Seed|p1a: Houndstone
|-damage|p1a: Houndstone|93/100
|-damage|p1a: Houndstone|86/100
|-damage|p1a: Houndstone|80/100
|-damage|p1a: Houndstone|73/100
|-damage|p1a: Houndstone|67/100
|-hitcount|p1a: Houndstone|5
|
|-damage|p2b: Heracross|24/100 brn|[from] brn
|upkeep
|
|t:|1785687038
|switch|p1b: Rotom|Rotom-Wash, L50|100/100
|turn|5
|
|t:|1785687050
|move|p1a: Houndstone|Protect|p1a: Houndstone
|-singleturn|p1a: Houndstone|Protect
|move|p2a: Kingambit|Sucker Punch||[still]
|-fail|p2a: Kingambit
|move|p1b: Rotom|Hydro Pump|p2a: Kingambit
|-damage|p2a: Kingambit|0 fnt
|faint|p2a: Kingambit
|-end|p2a: Kingambit|fallen1|[silent]
|move|p2b: Heracross|Bullet Seed|p1b: Rotom
|-supereffective|p1b: Rotom|1
|-damage|p1b: Rotom|85/100
|-supereffective|p1b: Rotom|1
|-damage|p1b: Rotom|72/100
|-supereffective|p1b: Rotom|1
|-damage|p1b: Rotom|59/100
|-supereffective|p1b: Rotom|1
|-crit|p1b: Rotom
|-damage|p1b: Rotom|40/100
|-supereffective|p1b: Rotom|1
|-damage|p1b: Rotom|26/100
|-hitcount|p1b: Rotom|5
|
|-damage|p2b: Heracross|18/100 brn|[from] brn
|upkeep
|
|t:|1785687067
|switch|p2a: Incineroar|Incineroar, L50, M|80/100
|-ability|p2a: Incineroar|Intimidate|boost
|-unboost|p1a: Houndstone|atk|1
|-unboost|p1b: Rotom|atk|1
|turn|6
|
|t:|1785687115
|move|p1b: Rotom|Protect|p1b: Rotom
|-singleturn|p1b: Rotom|Protect
|move|p2a: Incineroar|Fake Out|p1a: Houndstone
|-immune|p1a: Houndstone
|move|p1a: Houndstone|Last Respects|p2b: Heracross
|-damage|p2b: Heracross|0 fnt
|faint|p2b: Heracross
|
|upkeep
|turn|7
|
|t:|1785687134
|move|p1b: Rotom|Hydro Pump|p2a: Incineroar|[miss]
|-miss|p1b: Rotom|p2a: Incineroar
|move|p1a: Houndstone|Stomping Tantrum|p2a: Incineroar
|-supereffective|p2a: Incineroar|1
|-damage|p2a: Incineroar|56/100
|move|p2a: Incineroar|Flare Blitz|p1b: Rotom
|-resisted|p1b: Rotom|1
|-damage|p1b: Rotom|0 fnt
|faint|p1b: Rotom
|-damage|p2a: Incineroar|49/100|[from] Recoil
|
|upkeep
|turn|8
|
|t:|1785687149
|move|p1a: Houndstone|Stomping Tantrum|p2a: Incineroar
|-supereffective|p2a: Incineroar|1
|-damage|p2a: Incineroar|24/100
|move|p2a: Incineroar|Flare Blitz|p1a: Houndstone
|-damage|p1a: Houndstone|0 fnt
|faint|p1a: Houndstone
|-damage|p2a: Incineroar|4/100|[from] Recoil
|
|win|kaalaas7
|inactive|Nathanlikestoes has 30 seconds to confirm battle start!
|inactive|kaalaas7 has 30 seconds to confirm battle start!
||kaalaas7 is ready for game 2.
||Nathanlikestoes is ready for game 2.
|uhtml|next|Next: Game 2 of 3
|l| Noir-Grey
|j| Noir-Grey
