|j|☆sm0ogon
|j|☆KUTF1
|html|sm0ogonKUTF1    
|uhtml|bestof|Game 1 of a best-of-3
|t:|1782675322
|gametype|doubles
|player|p1|sm0ogon|clerkf|1000
|player|p2|KUTF1|pokemonbreederf-gen4|1000
|gen|9
|tier|[Gen 9 Champions] VGC 2026 Reg M-B (Bo3)
|rated|
|rule|Species Clause: Limit one of each Pokémon
|rule|Item Clause: Limit 1 of each item
|clearpoke
|poke|p1|Oranguru, L50, F|
|poke|p1|Torkoal, L50, M|
|poke|p1|Venusaur, L50, M|
|poke|p1|Floette-Eternal, L50, F|
|poke|p1|Charizard, L50, M|
|poke|p1|Gliscor, L50, F|
|poke|p2|Raichu, L50, M|
|poke|p2|Clefable, L50, M|
|poke|p2|Mamoswine, L50, F|
|poke|p2|Ditto, L50|
|poke|p2|Musharna, L50, F|
|poke|p2|Whimsicott, L50, M|
|teampreview|4
|showteam|p1|Oranguru||MentalHerb|InnerFocus|TrickRoom,Instruct,Psychic,Reflect|Sassy||F|||50|]Torkoal||WideLens|Drought|Eruption,HeatWave,WillOWisp,Protect|Calm||M|||50|]Venusaur||Venusaurite|Chlorophyll|SleepPowder,SolarBeam,EarthPower,Protect|Modest||M|||50|]Floette-Eternal||Floettite|FlowerVeil|CalmMind,Moonblast,DrainingKiss,Protect|Modest||F|||50|]Charizard||CharizarditeY|SolarPower|HeatWave,WeatherBall,SolarBeam,Protect|Timid||M|||50|]Gliscor||SitrusBerry|HyperCutter|Tailwind,HighHorsepower,KnockOff,DualWingbeat|Jolly||F|||50|
|showteam|p2|Raichu||RaichuniteY|LightningRod|ZapCannon,Protect,FakeOut,FocusBlast|Timid||M|||50|]Clefable||Clefablite|MagicGuard|DazzlingGleam,Protect,CalmMind,Flamethrower|Modest||M|||50|]Mamoswine||FocusSash|Oblivious|Earthquake,Protect,IcicleCrash,IceShard|Jolly||F|||50|]Ditto||ChoiceScarf|Imposter|Transform|Bold|||||50|]Musharna||ColburBerry|Telepathy|Psychic,Protect,TrickRoom,Moonblast|Relaxed||F|||50|]Whimsicott||MentalHerb|Prankster|Moonblast,Encore,Tailwind,Taunt|Timid||M|||50|
|inactive|Battle timer is ON: inactive players will automatically lose when time's up. (requested by KUTF1)
|inactive|sm0ogon has 60 seconds left.
|inactive|KUTF1 has 60 seconds left.
|inactive|sm0ogon has 30 seconds left.
|
|t:|1782675389
|teamsize|p1|4
|teamsize|p2|4
|start
|switch|p1a: Torkoal|Torkoal, L50, M|100/100
|switch|p1b: Oranguru|Oranguru, L50, F|100/100
|switch|p2a: 100 Rats|Raichu, L50, M|100/100
|switch|p2b: Chiba|Mamoswine, L50, F|100/100
|-weather|SunnyDay|[from] ability: Drought|[of] p1a: Torkoal
|turn|1
|
|t:|1782675404
|detailschange|p2a: 100 Rats|Raichu-Mega-Y, L50, M
|-mega|p2a: 100 Rats|Raichu|Raichunite Y
|move|p1a: Torkoal|Protect|p1a: Torkoal
|-singleturn|p1a: Torkoal|Protect
|move|p2a: 100 Rats|Zap Cannon|p1b: Oranguru
|-damage|p1b: Oranguru|54/100
|-status|p1b: Oranguru|par
|move|p2b: Chiba|Icicle Crash|p1b: Oranguru
|-damage|p1b: Oranguru|6/100 par
|move|p1b: Oranguru|Trick Room|p1b: Oranguru
|-fieldstart|move: Trick Room|[of] p1b: Oranguru
|
|-weather|SunnyDay|[upkeep]
|upkeep
|turn|2
|
|t:|1782675422
|move|p2a: 100 Rats|Protect|p2a: 100 Rats
|-singleturn|p2a: 100 Rats|Protect
|move|p2b: Chiba|Ice Shard|p1b: Oranguru
|-damage|p1b: Oranguru|0 fnt
|faint|p1b: Oranguru
|move|p1a: Torkoal|Eruption|p2a: 100 Rats|[spread] p2b
|-activate|p2a: 100 Rats|move: Protect
|-supereffective|p2b: Chiba|1
|-enditem|p2b: Chiba|Focus Sash
|-damage|p2b: Chiba|1/100
|
|-weather|SunnyDay|[upkeep]
|upkeep
|
|t:|1782675434
|switch|p1b: Charizard|Charizard, L50, M|100/100
|turn|3
|inactive|sm0ogon has 30 seconds left.
|inactive|sm0ogon has 20 seconds left.
|
|t:|1782675470
|switch|p2a: Whimsi|Whimsicott, L50, M|100/100
|move|p1a: Torkoal|Protect|p1a: Torkoal
|-singleturn|p1a: Torkoal|Protect
|move|p2b: Chiba|Protect|p2b: Chiba
|-singleturn|p2b: Chiba|Protect
|move|p1b: Charizard|Heat Wave|p2a: Whimsi|[spread] p2a
|-activate|p2b: Chiba|move: Protect
|-supereffective|p2a: Whimsi|1
|-damage|p2a: Whimsi|0 fnt
|faint|p2a: Whimsi
|
|-weather|SunnyDay|[upkeep]
|-damage|p1b: Charizard|87/100|[from] ability: Solar Power|[of] p1b: Charizard
|upkeep
|
|t:|1782675486
|switch|p2a: 100 Rats|Raichu-Mega-Y, L50, M|100/100
|turn|4
|inactive|sm0ogon has 30 seconds left.
|
|t:|1782675512
|move|p2a: 100 Rats|Fake Out|p1a: Torkoal
|-damage|p1a: Torkoal|93/100
|cant|p1a: Torkoal|flinch
|move|p2b: Chiba|Icicle Crash|p1b: Charizard
|-damage|p1b: Charizard|25/100
|move|p1b: Charizard|Heat Wave|p2a: 100 Rats|[spread] p2a,p2b
|-supereffective|p2b: Chiba|1
|-damage|p2a: 100 Rats|0 fnt
|-damage|p2b: Chiba|0 fnt
|faint|p2a: 100 Rats
|faint|p2b: Chiba
|
|-weather|SunnyDay|[upkeep]
|-damage|p1b: Charizard|12/100|[from] ability: Solar Power|[of] p1b: Charizard
|upkeep
|
|t:|1782675520
|switch|p2b: Squishmello|Musharna, L50, F|100/100
|turn|5
|
|t:|1782675527
|move|p1a: Torkoal|Eruption|p2b: Squishmello
|-damage|p2b: Squishmello|38/100
|move|p1b: Charizard|Weather Ball|p2b: Squishmello
|-crit|p2b: Squishmello
|-damage|p2b: Squishmello|0 fnt
|faint|p2b: Squishmello
|
|win|sm0ogon
