|j|☆Linkmasterjr
|j|☆jonathan53332
|html|Linkmasterjrjonathan53332    
|uhtml|bestof|Game 2 of a best-of-3
|t:|1782244098
|gametype|doubles
|player|p1|Linkmasterjr|170|
|player|p2|jonathan53332|102|
|gen|9
|tier|[Gen 9 Champions] VGC 2026 Reg M-B (Bo3)
|rule|Species Clause: Limit one of each Pokémon
|rule|Item Clause: Limit 1 of each item
|clearpoke
|poke|p1|Raichu, L50, F|
|poke|p1|Grimmsnarl, L50, M|
|poke|p1|Incineroar, L50, F|
|poke|p1|Garchomp, L50, F|
|poke|p1|Dragonite, L50, M|
|poke|p1|Whimsicott, L50, M|
|poke|p2|Primarina, L50, F|
|poke|p2|Sinistcha-Masterpiece, L50, shiny|
|poke|p2|Pelipper, L50, M|
|poke|p2|Meganium, L50, M, shiny|
|poke|p2|Excadrill, L50, F|
|poke|p2|Gholdengo, L50|
|teampreview|4
|showteam|p1|Raichu||RaichuniteY|LightningRod|ZapCannon,FocusBlast,Protect,VoltSwitch|Serious||F|||50|]Grimmsnarl||LightClay|Prankster|PartingShot,Reflect,LightScreen,SpiritBreak|Serious||M|||50|]Incineroar||SitrusBerry|Intimidate|PartingShot,FlareBlitz,WillOWisp,FakeOut|Serious||F|||50|]Garchomp||QuickClaw|RoughSkin|Earthquake,DragonClaw,IronHead,Protect|Serious||F|||50|]Dragonite||KingsRock|InnerFocus|IceBeam,StompingTantrum,ExtremeSpeed,HeatWave|Serious||M|||50|]Whimsicott||FocusBand|Prankster|Tailwind,DazzlingGleam,Encore,FakeTears|Serious||M|||50|
|showteam|p2|Primarina||Leftovers|LiquidVoice|HyperVoice,Blizzard,EnergyBall,ShadowBall|Modest||F|||50|]Sinistcha-Masterpiece||SitrusBerry|Hospitality|MatchaGotcha,StrengthSap,ShadowBall,Scald|Modest|||||50|]Pelipper||FocusSash|Drizzle|Hurricane,WideGuard,IcyWind,Tailwind|Modest||M|||50|]Meganium||Meganiumite|LeafGuard|WeatherBall,SolarBeam,DazzlingGleam,Synthesis|Timid||M|||50|]Excadrill||Excadrite|MoldBreaker|Earthquake,IronHead,BrickBreak,Protect|Jolly||F|||50|]Gholdengo||Metronome|GoodasGold|ShadowBall,Recover,MakeItRain,DazzlingGleam|Modest|||||50|
|
|t:|1782244140
|teamsize|p1|4
|teamsize|p2|4
|start
|switch|p1a: Whimsicott|Whimsicott, L50, M|100/100
|switch|p1b: Grimmsnarl|Grimmsnarl, L50, M|100/100
|switch|p2a: Excadrill|Excadrill, L50, F|100/100
|switch|p2b: Pelipper|Pelipper, L50, M|100/100
|-ability|p2a: Excadrill|Mold Breaker
|-weather|RainDance|[from] ability: Drizzle|[of] p2b: Pelipper
|turn|1
|
|t:|1782244173
|move|p1a: Whimsicott|Fake Tears|p2a: Excadrill
|-unboost|p2a: Excadrill|spd|2
|move|p1b: Grimmsnarl|Reflect|p1b: Grimmsnarl
|-sidestart|p1: Linkmasterjr|Reflect
|move|p2a: Excadrill|Iron Head|p1a: Whimsicott
|-supereffective|p1a: Whimsicott|1
|-damage|p1a: Whimsicott|23/100
|move|p2b: Pelipper|Icy Wind|p1a: Whimsicott|[spread] p1a,p1b
|-supereffective|p1a: Whimsicott|1
|-damage|p1a: Whimsicott|0 fnt
|-damage|p1b: Grimmsnarl|85/100
|-unboost|p1b: Grimmsnarl|spe|1
|faint|p1a: Whimsicott
|
|-weather|RainDance|[upkeep]
|upkeep
|
|t:|1782244181
|switch|p1a: Raichu|Raichu, L50, F|100/100
|turn|2
|
|t:|1782244201
|detailschange|p1a: Raichu|Raichu-Mega-Y, L50, F
|-mega|p1a: Raichu|Raichu|Raichunite Y
|move|p1b: Grimmsnarl|Light Screen|p1b: Grimmsnarl
|-sidestart|p1: Linkmasterjr|move: Light Screen
|move|p1a: Raichu|Focus Blast|p2a: Excadrill
|-supereffective|p2a: Excadrill|1
|-damage|p2a: Excadrill|0 fnt
|faint|p2a: Excadrill
|move|p2b: Pelipper|Tailwind|p2b: Pelipper
|-sidestart|p2: jonathan53332|move: Tailwind
|
|-weather|RainDance|[upkeep]
|upkeep
|
|t:|1782244216
|switch|p2a: Meganium|Meganium, L50, M, shiny|100/100
|turn|3
|
|t:|1782244228
|detailschange|p2a: Meganium|Meganium-Mega, L50, M, shiny
|-mega|p2a: Meganium|Meganium|Meganiumite
|move|p1b: Grimmsnarl|Parting Shot|p2a: Meganium
|-unboost|p2a: Meganium|atk|1
|-unboost|p2a: Meganium|spa|1
|
|t:|1782244233
|switch|p1b: Garchomp|Garchomp, L50, F|100/100|[from] Parting Shot
|move|p2a: Meganium|Solar Beam||[still]
|-prepare|p2a: Meganium|Solar Beam
|-activate|p2a: Meganium|ability: Mega Sol
|-anim|p2a: Meganium|Solar Beam|p1a: Raichu
|-damage|p1a: Raichu|62/100
|move|p2b: Pelipper|Hurricane|p1a: Raichu
|-resisted|p1a: Raichu|1
|-damage|p1a: Raichu|38/100
|move|p1a: Raichu|Zap Cannon|p2a: Meganium
|-resisted|p2a: Meganium|1
|-damage|p2a: Meganium|63/100
|-status|p2a: Meganium|par
|
|-weather|RainDance|[upkeep]
|upkeep
|turn|4
|
|t:|1782244254
|move|p1a: Raichu|Protect|p1a: Raichu
|-singleturn|p1a: Raichu|Protect
|move|p2b: Pelipper|Icy Wind|p1a: Raichu|[spread] p1b
|-activate|p1a: Raichu|move: Protect
|-supereffective|p1b: Garchomp|2
|-damage|p1b: Garchomp|60/100
|-unboost|p1b: Garchomp|spe|1
|move|p2a: Meganium|Dazzling Gleam|p1b: Garchomp|[spread] p1b
|-activate|p1a: Raichu|move: Protect
|-supereffective|p1b: Garchomp|1
|-damage|p1b: Garchomp|26/100
|move|p1b: Garchomp|Iron Head|p2a: Meganium
|-supereffective|p2a: Meganium|1
|-damage|p2a: Meganium|3/100 par
|
|-weather|RainDance|[upkeep]
|upkeep
|turn|5
|
|t:|1782244275
|switch|p1a: Grimmsnarl|Grimmsnarl, L50, M|85/100
|move|p1b: Garchomp|Protect|p1b: Garchomp
|-singleturn|p1b: Garchomp|Protect
|move|p2b: Pelipper|Icy Wind|p1a: Grimmsnarl|[spread] p1a
|-activate|p1b: Garchomp|move: Protect
|-damage|p1a: Grimmsnarl|76/100
|-unboost|p1a: Grimmsnarl|spe|1
|move|p2a: Meganium|Dazzling Gleam|p1a: Grimmsnarl|[spread] p1a
|-activate|p1b: Garchomp|move: Protect
|-supereffective|p1a: Grimmsnarl|1
|-damage|p1a: Grimmsnarl|41/100
|
|-weather|none
|-sideend|p2: jonathan53332|move: Tailwind
|upkeep
|turn|6
|
|t:|1782244302
|move|p2b: Pelipper|Icy Wind|p1b: Garchomp|[spread] p1a,p1b
|-supereffective|p1b: Garchomp|2
|-damage|p1a: Grimmsnarl|32/100
|-damage|p1b: Garchomp|0 fnt
|-unboost|p1a: Grimmsnarl|spe|1
|faint|p1b: Garchomp
|move|p2a: Meganium|Dazzling Gleam|p1a: Grimmsnarl
|-supereffective|p1a: Grimmsnarl|1
|-damage|p1a: Grimmsnarl|0 fnt
|faint|p1a: Grimmsnarl
|
|upkeep
|
|t:|1782244305
|switch|p1b: Raichu|Raichu-Mega-Y, L50, F|38/100
|turn|7
|
|t:|1782244313
|move|p1b: Raichu|Volt Switch|p2a: Meganium
|-resisted|p2a: Meganium|1
|-damage|p2a: Meganium|0 fnt
|faint|p2a: Meganium
|move|p2b: Pelipper|Tailwind|p2b: Pelipper
|-sidestart|p2: jonathan53332|move: Tailwind
|
|upkeep
|
|t:|1782244318
|switch|p2a: Sinistcha|Sinistcha-Masterpiece, L50, shiny|100/100
|turn|8
|
|t:|1782244325
|move|p2b: Pelipper|Hurricane|p1b: Raichu
|-resisted|p1b: Raichu|1
|-damage|p1b: Raichu|14/100
|move|p2a: Sinistcha|Matcha Gotcha|p1b: Raichu
|-damage|p1b: Raichu|0 fnt
|faint|p1b: Raichu
|
|win|jonathan53332
