|j|☆skovaks
|j|☆toughlogvgc
|html|skovakstoughlogvgc    
|uhtml|bestof|Game 3 of a best-of-3
|t:|1783787102
|gametype|doubles
|player|p1|skovaks|1|1000
|player|p2|toughlogvgc|2|1136
|gen|9
|tier|[Gen 9 Champions] VGC 2026 Reg M-B (Bo3)
|rated|
|rule|Species Clause: Limit one of each Pokémon
|rule|Item Clause: Limit 1 of each item
|clearpoke
|poke|p1|Charizard, L50, M|
|poke|p1|Whimsicott, L50, M|
|poke|p1|Milotic, L50, M|
|poke|p1|Kingambit, L50, M|
|poke|p1|Grimmsnarl, L50, M|
|poke|p1|Chandelure, L50, M|
|poke|p2|Charizard, L50, M|
|poke|p2|Garchomp, L50, M|
|poke|p2|Basculegion, L50, M|
|poke|p2|Whimsicott, L50, F|
|poke|p2|Kingambit, L50, F|
|poke|p2|Floette-Eternal, L50, F|
|teampreview|4
|showteam|p1|Charizard||CharizarditeX|Blaze|FlareBlitz,DragonClaw,DragonDance,Protect|Adamant||M|||50|]Whimsicott||FocusSash|Prankster|Moonblast,Tailwind,SunnyDay,Charm|Modest||M|||50|]Milotic||Leftovers|Competitive|Coil,Recover,Scald,Hypnosis|Modest||M|||50|]Kingambit||LifeOrb|Defiant|IronHead,SuckerPunch,Protect,NightSlash|Adamant||M|||50|]Grimmsnarl||LightClay|Prankster|FakeOut,LightScreen,Reflect,SpiritBreak|Adamant||M|||50|]Chandelure||ChoiceScarf|FlashFire|EnergyBall,ShadowBall,HeatWave,Psychic|Modest||M|||50|
|showteam|p2|Charizard||CharizarditeY|Blaze|HeatWave,SolarBeam,Protect,WeatherBall|Modest||M|||50|]Garchomp||LifeOrb|RoughSkin|DragonClaw,Earthquake,RockSlide,Protect|Jolly||M|||50|]Basculegion||ChoiceScarf|Adaptability|WaveCrash,AquaJet,FlipTurn,LastRespects|Adamant||M|||50|]Whimsicott||FocusSash|Prankster|Moonblast,Tailwind,Protect,Encore|Timid||F|||50|]Kingambit||BlackGlasses|Defiant|IronHead,KowtowCleave,Protect,SuckerPunch|Adamant||F|||50|]Floette-Eternal||Floettite|FlowerVeil|Moonblast,LightofRuin,DazzlingGleam,Protect|Modest||F|||50|
|inactive|Battle timer is ON: inactive players will automatically lose when time's up. (requested by skovaks)
|inactive|toughlogvgc has 60 seconds left.
|
|t:|1783787162
|teamsize|p1|4
|teamsize|p2|4
|start
|switch|p1a: Charizard|Charizard, L50, M|100/100
|switch|p1b: Whimsicott|Whimsicott, L50, M|100/100
|switch|p2a: Whimsicott|Whimsicott, L50, F|100/100
|switch|p2b: Charizard|Charizard, L50, M|100/100
|turn|1
|inactive|toughlogvgc has 30 seconds left.
|
|t:|1783787195
|detailschange|p1a: Charizard|Charizard-Mega-X, L50, M
|-mega|p1a: Charizard|Charizard|Charizardite X
|detailschange|p2b: Charizard|Charizard-Mega-Y, L50, M
|-mega|p2b: Charizard|Charizard|Charizardite Y
|-weather|SunnyDay|[from] ability: Drought|[of] p2b: Charizard
|move|p2a: Whimsicott|Tailwind|p2a: Whimsicott
|-sidestart|p2: toughlogvgc|move: Tailwind
|move|p1b: Whimsicott|Tailwind|p1b: Whimsicott
|-sidestart|p1: skovaks|move: Tailwind
|move|p1a: Charizard|Flare Blitz|p2a: Whimsicott
|-supereffective|p2a: Whimsicott|1
|-enditem|p2a: Whimsicott|Focus Sash
|-damage|p2a: Whimsicott|1/100
|-damage|p1a: Charizard|75/100|[from] Recoil
|move|p2b: Charizard|Heat Wave|p1a: Charizard|[spread] p1a,p1b
|-resisted|p1a: Charizard|2
|-supereffective|p1b: Whimsicott|1
|-damage|p1a: Charizard|60/100
|-enditem|p1b: Whimsicott|Focus Sash
|-damage|p1b: Whimsicott|1/100
|
|-weather|SunnyDay|[upkeep]
|upkeep
|turn|2
|inactive|skovaks has 30 seconds left.
|inactive|toughlogvgc has 30 seconds left.
|
|t:|1783787224
|switch|p1b: Grimmsnarl|Grimmsnarl, L50, M|100/100
|move|p2a: Whimsicott|Encore|p1b: Grimmsnarl
|-hint|Since gen 7, Dark is immune to Prankster moves.
|-immune|p1b: Grimmsnarl
|move|p1a: Charizard|Dragon Claw|p2b: Charizard
|-damage|p2b: Charizard|40/100
|move|p2b: Charizard|Heat Wave|p1a: Charizard|[spread] p1a,p1b
|-resisted|p1a: Charizard|2
|-damage|p1a: Charizard|42/100
|-damage|p1b: Grimmsnarl|40/100
|
|-weather|SunnyDay|[upkeep]
|upkeep
|turn|3
|inactive|skovaks has 30 seconds left.
|inactive|skovaks has 20 seconds left.
|inactive|skovaks has 15 seconds left.
|
|t:|1783787267
|switch|p1a: Kingambit|Kingambit, L50, M|100/100
|move|p2b: Charizard|Protect|p2b: Charizard
|-singleturn|p2b: Charizard|Protect
|move|p1b: Grimmsnarl|Fake Out|p2b: Charizard
|-activate|p2b: Charizard|move: Protect
|move|p2a: Whimsicott|Moonblast|p1b: Grimmsnarl
|-supereffective|p1b: Grimmsnarl|1
|-damage|p1b: Grimmsnarl|0 fnt
|faint|p1b: Grimmsnarl
|
|-weather|SunnyDay|[upkeep]
|upkeep
|
|t:|1783787279
|switch|p1b: Charizard|Charizard-Mega-X, L50, M|42/100
|turn|4
|inactive|toughlogvgc has 30 seconds left.
|inactive|toughlogvgc has 20 seconds left.
|
|t:|1783787315
|move|p1a: Kingambit|Sucker Punch|p2b: Charizard
|-damage|p2b: Charizard|0 fnt
|faint|p2b: Charizard
|-damage|p1a: Kingambit|90/100|[from] item: Life Orb
|move|p2a: Whimsicott|Moonblast|p1b: Charizard
|-crit|p1b: Charizard
|-damage|p1b: Charizard|0 fnt
|faint|p1b: Charizard
|
|-weather|SunnyDay|[upkeep]
|-sideend|p1: skovaks|move: Tailwind
|-sideend|p2: toughlogvgc|move: Tailwind
|upkeep
|
|t:|1783787334
|switch|p1b: Whimsicott|Whimsicott, L50, M|1/100
|switch|p2b: Garchomp|Garchomp, L50, M|100/100
|turn|5
|
|t:|1783787356
|move|p2a: Whimsicott|Tailwind|p2a: Whimsicott
|-sidestart|p2: toughlogvgc|move: Tailwind
|move|p1b: Whimsicott|Charm|p2b: Garchomp
|-unboost|p2b: Garchomp|atk|2
|move|p1a: Kingambit|Sucker Punch||[still]
|-fail|p1a: Kingambit
|move|p2b: Garchomp|Earthquake|p1a: Kingambit|[spread] p2a,p1a,p1b
|-resisted|p2a: Whimsicott|1
|-supereffective|p1a: Kingambit|1
|-resisted|p1b: Whimsicott|1
|-damage|p2a: Whimsicott|0 fnt
|-damage|p1a: Kingambit|48/100
|-damage|p1b: Whimsicott|0 fnt
|faint|p2a: Whimsicott
|faint|p1b: Whimsicott
|-damage|p2b: Garchomp|90/100|[from] item: Life Orb
|
|-weather|none
|upkeep
|
|t:|1783787370
|switch|p2a: Basculegion|Basculegion, L50, M|100/100
|turn|6
|
|t:|1783787395
|move|p1a: Kingambit|Sucker Punch|p2a: Basculegion
|-supereffective|p2a: Basculegion|1
|-damage|p2a: Basculegion|0 fnt
|faint|p2a: Basculegion
|-damage|p1a: Kingambit|39/100|[from] item: Life Orb
|move|p2b: Garchomp|Earthquake|p1a: Kingambit
|-supereffective|p1a: Kingambit|1
|-damage|p1a: Kingambit|0 fnt
|faint|p1a: Kingambit
|-damage|p2b: Garchomp|80/100|[from] item: Life Orb
|
|win|toughlogvgc
|raw|skovaks's rating: 1000 → 1000(+0 for losing)
|raw|toughlogvgc's rating: 1136 → 1152(+16 for winning)
|l|☆skovaks
|player|p1|
