|j|☆namboyVGC
|j|☆ineverfinishedOR
|html|namboyVGCineverfinishedOR    
|uhtml|bestof|Game 2 of a best-of-3
|t:|1756412692
|gametype|doubles
|player|p1|namboyVGC|pokemonranger-gen4|
|player|p2|ineverfinishedOR|2|
|gen|9
|tier|[Gen 9] VGC 2025 Reg H (Bo3)
|rule|Species Clause: Limit one of each Pokémon
|rule|Item Clause: Limit 1 of each item
|clearpoke
|poke|p1|Sneasler, L50, F|
|poke|p1|Indeedee, L50, M|
|poke|p1|Annihilape, L50, M|
|poke|p1|Tyranitar, L50, M|
|poke|p1|Excadrill, L50, M|
|poke|p1|Hydreigon, L50, F|
|poke|p2|Indeedee-F, L50, F|
|poke|p2|Delphox, L50, M|
|poke|p2|Sneasler, L50, M|
|poke|p2|Incineroar, L50, F|
|poke|p2|Murkrow, L50, F|
|poke|p2|Maushold, L50|
|teampreview|4
|showteam|p1|Sneasler||PsychicSeed|Unburden|CloseCombat,DireClaw,ThroatChop,Protect|||F|||50|,,,,,Dark]Indeedee||ChoiceScarf|PsychicSurge|ExpandingForce,TeraBlast,Trick,DazzlingGleam|||M|||50|,,,,,Fire]Annihilape||SafetyGoggles|Defiant|CloseCombat,RageFist,Taunt,FinalGambit|||M|||50|,,,,,Water]Tyranitar||AssaultVest|SandStream|RockSlide,KnockOff,TeraBlast,LowKick|||M|||50|,,,,,Flying]Excadrill||FocusSash|SandRush|HighHorsepower,Earthquake,IronHead,Protect|||M|||50|,,,,,Stellar]Hydreigon||CovertCloak|Levitate|Snarl,DracoMeteor,Tailwind,Roar|||F|||50|,,,,,Ghost
|showteam|p2|Indeedee-F||RockyHelmet|PsychicSurge|FollowMe,HelpingHand,Imprison,TrickRoom|||F|||50|,,,,,Fairy]Delphox||LifeOrb|Blaze|Protect,NastyPlot,HeatWave,ExpandingForce|||M|||50|,,,,,Psychic]Sneasler||PsychicSeed|Unburden|Protect,CloseCombat,DireClaw,ThroatChop|||M|||50|,,,,,Dark]Incineroar||SafetyGoggles|Intimidate|FakeOut,WillOWisp,KnockOff,PartingShot|||F|||50|,,,,,Ghost]Murkrow||Eviolite|Prankster|FoulPlay,SunnyDay,Haze,Tailwind|||F|||50|,,,,,Ghost]Maushold||WideLens|Technician|Protect,PopulationBomb,Encore,Taunt||||||50|,,,,,Normal
|inactive|Battle timer is ON: inactive players will automatically lose when time's up. (requested by namboyVGC)
|inactive|namboyVGC has 60 seconds left.
|inactive|ineverfinishedOR has 60 seconds left.
|
|t:|1756412727
|teamsize|p1|4
|teamsize|p2|4
|start
|switch|p1a: Hydreigon|Hydreigon, L50, F|100/100
|switch|p1b: Excadrill|Excadrill, L50, M|100/100
|switch|p2a: Incineroar|Incineroar, L50, F|100/100
|switch|p2b: Sneasler|Sneasler, L50, M|100/100
|-ability|p2a: Incineroar|Intimidate|boost
|-unboost|p1a: Hydreigon|atk|1
|-unboost|p1b: Excadrill|atk|1
|turn|1
|inactive|namboyVGC has 30 seconds left.
|inactive|ineverfinishedOR has 30 seconds left.
|inactive|ineverfinishedOR has 20 seconds left.
|inactive|ineverfinishedOR has 15 seconds left.
|
|t:|1756412770
|switch|p2b: Murkrow|Murkrow, L50, F|100/100
|-terastallize|p1a: Hydreigon|Ghost
|-terastallize|p2a: Incineroar|Ghost
|move|p1a: Hydreigon|Tailwind|p1a: Hydreigon
|-sidestart|p1: namboyVGC|move: Tailwind
|move|p1b: Excadrill|High Horsepower|p2b: Murkrow
|-immune|p2b: Murkrow
|move|p2a: Incineroar|Will-O-Wisp|p1b: Excadrill|[miss]
|-miss|p2a: Incineroar|p1b: Excadrill
|
|upkeep
|turn|2
|inactive|ineverfinishedOR has 30 seconds left.
|inactive|ineverfinishedOR has 20 seconds left.
|
|t:|1756412807
|move|p1a: Hydreigon|Snarl|p2a: Incineroar|[spread] p2a,p2b
|-supereffective|p2a: Incineroar
|-crit|p2a: Incineroar
|-resisted|p2b: Murkrow
|-damage|p2a: Incineroar|46/100
|-damage|p2b: Murkrow|91/100
|-unboost|p2a: Incineroar|spa|1
|-unboost|p2b: Murkrow|spa|1
|move|p1b: Excadrill|Iron Head|p2a: Incineroar
|-damage|p2a: Incineroar|20/100
|move|p2b: Murkrow|Foul Play|p1a: Hydreigon
|-supereffective|p1a: Hydreigon
|-damage|p1a: Hydreigon|63/100
|cant|p2a: Incineroar|flinch
|
|upkeep
|turn|3
|inactive|namboyVGC has 30 seconds left.
|inactive|ineverfinishedOR has 30 seconds left.
|
|t:|1756412835
|switch|p1a: Tyranitar|Tyranitar, L50, M|100/100
|-weather|Sandstorm|[from] ability: Sand Stream|[of] p1a: Tyranitar
|move|p1b: Excadrill|High Horsepower|p2a: Incineroar
|-damage|p2a: Incineroar|0 fnt
|faint|p2a: Incineroar
|move|p2b: Murkrow|Foul Play|p1b: Excadrill
|-damage|p1b: Excadrill|49/100
|
|-weather|Sandstorm|[upkeep]
|-damage|p2b: Murkrow|85/100|[from] Sandstorm
|upkeep
|
|t:|1756412850
|switch|p2a: Sneasler|Sneasler, L50, M|100/100
|turn|4
|
|t:|1756412856
|move|p2a: Sneasler|Protect|p2a: Sneasler
|-singleturn|p2a: Sneasler|Protect
|move|p2b: Murkrow|Sunny Day|p2b: Murkrow
|-weather|SunnyDay
|move|p1b: Excadrill|High Horsepower|p2a: Sneasler
|-activate|p2a: Sneasler|move: Protect
|move|p1a: Tyranitar|Rock Slide|p2b: Murkrow|[spread] p2b
|-activate|p2a: Sneasler|move: Protect
|-supereffective|p2b: Murkrow
|-damage|p2b: Murkrow|18/100
|
|-weather|SunnyDay|[upkeep]
|-sideend|p1: namboyVGC|move: Tailwind
|upkeep
|turn|5
|
|t:|1756412880
|switch|p2b: Maushold|Maushold, L50|100/100
|move|p2a: Sneasler|Close Combat|p1b: Excadrill
|-supereffective|p1b: Excadrill
|-damage|p1b: Excadrill|0 fnt
|-unboost|p2a: Sneasler|def|1
|-unboost|p2a: Sneasler|spd|1
|faint|p1b: Excadrill
|move|p1a: Tyranitar|Rock Slide|p2b: Maushold|[spread] p2b
|-miss|p1a: Tyranitar|p2a: Sneasler
|-damage|p2b: Maushold|47/100
|
|-weather|SunnyDay|[upkeep]
|upkeep
|
|t:|1756412896
|switch|p1b: Hydreigon|Hydreigon, L50, F, tera:Ghost|63/100
|turn|6
|inactive|ineverfinishedOR has 30 seconds left.
|inactive|ineverfinishedOR has 20 seconds left.
|inactive|ineverfinishedOR has 15 seconds left.
|inactive|ineverfinishedOR has 10 seconds left.
|
|t:|1756412944
|move|p2b: Maushold|Protect|p2b: Maushold
|-singleturn|p2b: Maushold|Protect
|move|p2a: Sneasler|Throat Chop|p1b: Hydreigon
|-supereffective|p1b: Hydreigon
|-damage|p1b: Hydreigon|0 fnt
|faint|p1b: Hydreigon
|move|p1a: Tyranitar|Rock Slide|p2a: Sneasler|[spread] p2a
|-activate|p2b: Maushold|move: Protect
|-resisted|p2a: Sneasler
|-damage|p2a: Sneasler|62/100
|
|-weather|SunnyDay|[upkeep]
|upkeep
|
|t:|1756412957
|switch|p1b: Sneasler|Sneasler, L50, F|100/100
|turn|7
|
|t:|1756412965
|move|p2b: Maushold|Population Bomb|p1b: Sneasler
|-damage|p1b: Sneasler|80/100
|-damage|p1b: Sneasler|63/100
|-damage|p1b: Sneasler|45/100
|-damage|p1b: Sneasler|28/100
|-damage|p1b: Sneasler|10/100
|-damage|p1b: Sneasler|0 fnt
|faint|p1b: Sneasler
|-hitcount|p1: Sneasler|6
|move|p2a: Sneasler|Close Combat|p1a: Tyranitar
|-supereffective|p1a: Tyranitar
|-damage|p1a: Tyranitar|0 fnt
|-unboost|p2a: Sneasler|def|1
|-unboost|p2a: Sneasler|spd|1
|faint|p1a: Tyranitar
|
|win|ineverfinishedOR
||namboyVGC is ready for game 3.
||ineverfinishedOR is ready for game 3.
|uhtml|next|Next: Game 3 of 3
