|j|☆beeetch
|j|☆TheThunderstorm
|html|beeetchTheThunderstorm    
|uhtml|bestof|Game 1 of a best-of-3
|t:|1786197756
|gametype|doubles
|player|p1|beeetch|101|1143
|player|p2|TheThunderstorm|102|1143
|gen|9
|tier|[Gen 9 Champions] VGC 2026 Reg M-B (Bo3)
|rated|
|rule|Species Clause: Limit one of each Pokémon
|rule|Item Clause: Limit 1 of each item
|clearpoke
|poke|p1|Hydreigon, L50, M|
|poke|p1|Raichu, L50, F|
|poke|p1|Annihilape, L50, F|
|poke|p1|Delphox, L50, F|
|poke|p1|Mamoswine, L50, M|
|poke|p1|Whimsicott, L50, M|
|poke|p2|Raichu, L50, F|
|poke|p2|Staraptor, L50, F|
|poke|p2|Arcanine-Hisui, L50, M|
|poke|p2|Farigiraf, L50, M|
|poke|p2|Sylveon, L50, F|
|poke|p2|Kingambit, L50, M|
|teampreview|4
|showteam|p1|Hydreigon||ChoiceScarf|Levitate|Snarl,DarkPulse,DracoMeteor,EarthPower|Timid||M|||50|]Raichu||RaichuniteY|LightningRod|ZapCannon,FocusBlast,FakeOut,Protect|Timid||F|||50|]Annihilape||Leftovers|Defiant|Taunt,Protect,RageFist,BrickBreak|Jolly||F|||50|]Delphox||Delphoxite|Blaze|HeatWave,Psyshock,NastyPlot,Protect|Timid||F|||50|]Mamoswine||LifeOrb|Oblivious|RockSlide,IcicleCrash,Protect,Earthquake|Jolly||M|||50|]Whimsicott||FocusSash|Prankster|Tailwind,Protect,Encore,Moonblast|Bold||M|||50|
|showteam|p2|Raichu||RaichuniteY|LightningRod|ZapCannon,FocusBlast,FakeOut,Protect|Timid||F|||50|]Staraptor||Staraptite|Intimidate|CloseCombat,DualWingbeat,Tailwind,Protect|Jolly||F|||50|]Arcanine-Hisui||FocusSash|RockHead|FlareBlitz,HeadSmash,ExtremeSpeed,Protect|Jolly||M|||50|]Farigiraf||SitrusBerry|ArmorTail|Psychic,HelpingHand,TrickRoom,Protect|Calm||M|||50|]Sylveon||FairyFeather|Pixilate|HyperVoice,QuickAttack,HyperBeam,Detect|Modest||F|||50|]Kingambit||LifeOrb|Defiant|KowtowCleave,SuckerPunch,SwordsDance,Protect|Adamant||M|||50|
|inactive|Battle timer is ON: inactive players will automatically lose when time's up. (requested by TheThunderstorm)
|
|t:|1786197799
|teamsize|p1|4
|teamsize|p2|4
|start
|switch|p1a: Annihilape|Annihilape, L50, F|100/100
|switch|p1b: Raichu|Raichu, L50, F|100/100
|switch|p2a: Raichu|Raichu, L50, F|100/100
|switch|p2b: Arcanine|Arcanine-Hisui, L50, M|100/100
|turn|1
|inactive|TheThunderstorm has 30 seconds left.
|inactive|TheThunderstorm has 20 seconds left.
|inactive|TheThunderstorm has 15 seconds left.
|inactive|TheThunderstorm has 10 seconds left.
|
|t:|1786197847
|switch|p2b: Sylveon|Sylveon, L50, F|100/100
|move|p1b: Raichu|Protect|p1b: Raichu
|-singleturn|p1b: Raichu|Protect
|move|p2a: Raichu|Fake Out|p1b: Raichu
|-activate|p1b: Raichu|move: Protect
|move|p1a: Annihilape|Brick Break|p2b: Sylveon
|-resisted|p2b: Sylveon|1
|-damage|p2b: Sylveon|83/100
|
|upkeep
|turn|2
|
|t:|1786197869
|switch|p2a: Farigiraf|Farigiraf, L50, M|100/100
|move|p1a: Annihilape|Protect|p1a: Annihilape
|-singleturn|p1a: Annihilape|Protect
|move|p1b: Raichu|Focus Blast|p2a: Farigiraf
|-damage|p2a: Farigiraf|79/100
|move|p2b: Sylveon|Hyper Voice|p1b: Raichu|[spread] p1b
|-activate|p1a: Annihilape|move: Protect
|-damage|p1b: Raichu|39/100
|
|upkeep
|turn|3
|
|t:|1786197893
|switch|p1b: Mamoswine|Mamoswine, L50, M|100/100
|move|p1a: Annihilape|Taunt|p2a: Farigiraf
|-start|p2a: Farigiraf|move: Taunt
|move|p2b: Sylveon|Hyper Voice|p1b: Mamoswine|[spread] p1a,p1b
|-supereffective|p1a: Annihilape|1
|-damage|p1a: Annihilape|24/100
|-damage|p1b: Mamoswine|27/100
|cant|p2a: Farigiraf|move: Taunt|Trick Room
|
|-heal|p1a: Annihilape|30/100|[from] item: Leftovers
|upkeep
|turn|4
|
|t:|1786197915
|move|p2b: Sylveon|Detect|p2b: Sylveon
|-singleturn|p2b: Sylveon|Protect
|move|p1b: Mamoswine|Rock Slide|p2a: Farigiraf|[spread] p2a
|-activate|p2b: Sylveon|move: Protect
|-crit|p2a: Farigiraf
|-damage|p2a: Farigiraf|45/100
|-enditem|p2a: Farigiraf|Sitrus Berry|[eat]
|-heal|p2a: Farigiraf|70/100|[from] item: Sitrus Berry
|-damage|p1b: Mamoswine|17/100|[from] item: Life Orb
|move|p1a: Annihilape|Rage Fist|p2b: Sylveon
|-activate|p2b: Sylveon|move: Protect
|move|p2a: Farigiraf|Psychic|p1a: Annihilape
|-supereffective|p1a: Annihilape|1
|-damage|p1a: Annihilape|0 fnt
|faint|p1a: Annihilape
|
|upkeep
|
|t:|1786197928
|switch|p1a: Hydreigon|Hydreigon, L50, M|100/100
|turn|5
|
|t:|1786197945
|switch|p2a: Arcanine|Arcanine-Hisui, L50, M|100/100
|move|p1a: Hydreigon|Snarl|p2a: Arcanine|[spread] p2a,p2b
|-resisted|p2b: Sylveon|1
|-damage|p2a: Arcanine|75/100
|-damage|p2b: Sylveon|75/100
|-unboost|p2a: Arcanine|spa|1
|-unboost|p2b: Sylveon|spa|1
|move|p1b: Mamoswine|Earthquake|p2b: Sylveon|[spread] p2a,p2b
|-immune|p1a: Hydreigon|[from] ability: Levitate
|-supereffective|p2a: Arcanine|2
|-damage|p2a: Arcanine|0 fnt
|-damage|p2b: Sylveon|19/100
|faint|p2a: Arcanine
|-damage|p1b: Mamoswine|8/100|[from] item: Life Orb
|move|p2b: Sylveon|Hyper Voice|p1b: Mamoswine|[spread] p1a,p1b
|-supereffective|p1a: Hydreigon|2
|-damage|p1a: Hydreigon|0 fnt
|-damage|p1b: Mamoswine|0 fnt
|faint|p1a: Hydreigon
|faint|p1b: Mamoswine
|
|upkeep
|
|t:|1786197970
|switch|p2a: Farigiraf|Farigiraf, L50, M|70/100
|switch|p1b: Raichu|Raichu, L50, F|39/100
|turn|6
|
|t:|1786197994
|switch|p2b: Raichu|Raichu, L50, F|100/100
|detailschange|p1b: Raichu|Raichu-Mega-Y, L50, F
|-mega|p1b: Raichu|Raichu|Raichunite Y
|move|p1b: Raichu|Focus Blast|p2a: Farigiraf
|-damage|p2a: Farigiraf|37/100
|move|p2a: Farigiraf|Psychic|p1b: Raichu
|-damage|p1b: Raichu|0 fnt
|faint|p1b: Raichu
|
|win|TheThunderstorm
||beeetch is ready for game 2.
||TheThunderstorm is ready for game 2.
|uhtml|next|Next: Game 2 of 3
