|j|☆AndrewDingFan001
|j|☆dxbpunk
|html|AndrewDingFan001dxbpunk    
|uhtml|bestof|Game 1 of a best-of-3
|t:|1756533439
|gametype|doubles
|player|p1|AndrewDingFan001|265|
|player|p2|dxbpunk|lance|
|gen|9
|tier|[Gen 9] VGC 2025 Reg H (Bo3)
|rule|Species Clause: Limit one of each Pokémon
|rule|Item Clause: Limit 1 of each item
|clearpoke
|poke|p1|Muk-Alola, L50, M|
|poke|p1|Araquanid, L50, M|
|poke|p1|Porygon2, L50|
|poke|p1|Dragonite, L50, F|
|poke|p1|Kingambit, L50, M|
|poke|p1|Arcanine-Hisui, L50, M|
|poke|p2|Oranguru, L50, M|
|poke|p2|Sneasler, L50, F|
|poke|p2|Rillaboom, L50, M|
|poke|p2|Annihilape, L50, M|
|poke|p2|Torkoal, L50, F|
|poke|p2|Dragonite, L50, F|
|teampreview|4
|showteam|p1|Muk-Alola||FigyBerry|PoisonTouch|KnockOff,PoisonJab,Curse,Protect|||M|||50|,,,,,Flying]Araquanid||ClearAmulet|WaterBubble|Liquidation,Lunge,WideGuard,IcyWind|||M|||50|,,,,,Water]Porygon2||Eviolite|Download|TeraBlast,IceBeam,TrickRoom,Recover||||||50|,,,,,Fighting]Dragonite||LoadedDice|InnerFocus|ScaleShot,Tailwind,Haze,Protect|||F|||50|,,,,,Steel]Kingambit||BlackGlasses|Defiant|SuckerPunch,IronHead,SwordsDance,Protect|||M|||50|,,,,,Fire]Arcanine-Hisui||SafetyGoggles|Intimidate|RockSlide,ExtremeSpeed,FlareBlitz,Protect|||M|||50|,,,,,Grass
|showteam|p2|Oranguru||ChoiceBand|Symbiosis|PsychicTerrain,TrickRoom,Instruct,ChillingWater|||M|||50|,,,,,Dark]Sneasler||PsychicSeed|PoisonTouch|DireClaw,FakeOut,CloseCombat,ThroatChop|||F|||50|,,,,,Dark]Rillaboom||GrassySeed|GrassySurge|FakeOut,WoodHammer,GrassyGlide,HighHorsepower|||M|||50|,,,,,Fire]Annihilape||ChoiceScarf|Defiant|FinalGambit,RageFist,Coaching,CloseCombat|||M|||50|,,,,,Normal]Torkoal||Charcoal|Drought|Eruption,HeatWave,EarthPower,Protect|||F|||50|,,,,,Fire]Dragonite||AssaultVest|Multiscale|ExtremeSpeed,ScaleShot,Outrage,IronHead|||F|||50|,,,,,Normal
|
|t:|1756533558
|teamsize|p1|4
|teamsize|p2|4
|start
|switch|p1a: Dragonite|Dragonite, L50, F|100/100
|switch|p1b: Kingambit|Kingambit, L50, M|100/100
|switch|p2a: Oranguru|Oranguru, L50, M|100/100
|switch|p2b: Sneasler|Sneasler, L50, F|100/100
|turn|1
|
|t:|1756533584
|switch|p1b: Arcanine|Arcanine-Hisui, L50, M|100/100
|-ability|p1b: Arcanine|Intimidate|boost
|-unboost|p2a: Oranguru|atk|1
|-unboost|p2b: Sneasler|atk|1
|move|p2b: Sneasler|Fake Out|p1b: Arcanine
|-resisted|p1b: Arcanine
|-damage|p1b: Arcanine|95/100
|-status|p1b: Arcanine|psn|[from] ability: Poison Touch|[of] p2b: Sneasler
|move|p1a: Dragonite|Scale Shot|p2b: Sneasler
|-damage|p2b: Sneasler|75/100
|-damage|p2b: Sneasler|51/100
|-damage|p2b: Sneasler|24/100
|-damage|p2b: Sneasler|0 fnt
|faint|p2b: Sneasler
|-hitcount|p2: Sneasler|4
|-unboost|p1a: Dragonite|def|1
|-boost|p1a: Dragonite|spe|1
|move|p2a: Oranguru|Psychic Terrain|p2a: Oranguru
|-fieldstart|move: Psychic Terrain
|
|-damage|p1b: Arcanine|83/100 psn|[from] psn
|upkeep
|
|t:|1756533604
|switch|p2b: Rillaboom|Rillaboom, L50, M|100/100
|-fieldstart|move: Grassy Terrain|[from] ability: Grassy Surge|[of] p2b: Rillaboom
|-enditem|p2b: Rillaboom|Grassy Seed
|-boost|p2b: Rillaboom|def|1|[from] item: Grassy Seed
|-activate|p2a: Oranguru|ability: Symbiosis|Choice Band|[of] p2b: Rillaboom
|turn|2
|
|t:|1756533628
|switch|p1a: Muk|Muk-Alola, L50, M|100/100
|move|p1b: Arcanine|Flare Blitz|p2b: Rillaboom
|-supereffective|p2b: Rillaboom
|-damage|p2b: Rillaboom|33/100
|-damage|p1b: Arcanine|56/100 psn|[from] Recoil
|move|p2b: Rillaboom|Wood Hammer|p1a: Muk
|-resisted|p1a: Muk
|-damage|p1a: Muk|46/100
|-damage|p2b: Rillaboom|15/100|[from] Recoil
|move|p2a: Oranguru|Chilling Water|p1b: Arcanine
|-supereffective|p1b: Arcanine
|-damage|p1b: Arcanine|5/100 psn
|-unboost|p1b: Arcanine|atk|1
|
|-heal|p1b: Arcanine|10/100 psn|[from] Grassy Terrain
|-heal|p2b: Rillaboom|20/100|[from] Grassy Terrain
|-heal|p1a: Muk|52/100|[from] Grassy Terrain
|-damage|p1b: Arcanine|0 fnt|[from] psn
|faint|p1b: Arcanine
|upkeep
|
|t:|1756533684
|switch|p1b: Kingambit|Kingambit, L50, M|100/100
|turn|3
|
|t:|1756533702
|move|p1b: Kingambit|Sucker Punch|p2b: Rillaboom
|-damage|p2b: Rillaboom|0 fnt
|faint|p2b: Rillaboom
|move|p2a: Oranguru|Instruct|p2: Rillaboom|[notarget]
|-fail|p2a: Oranguru
|move|p1a: Muk|Curse|p1a: Muk
|-unboost|p1a: Muk|spe|1
|-boost|p1a: Muk|atk|1
|-boost|p1a: Muk|def|1
|
|-heal|p1a: Muk|58/100|[from] Grassy Terrain
|upkeep
|
|t:|1756533711
|switch|p2b: Dragonite|Dragonite, L50, F|100/100
|turn|4
|
|t:|1756533728
|-terastallize|p2b: Dragonite|Normal
|move|p2b: Dragonite|Extreme Speed|p1a: Muk
|-damage|p1a: Muk|34/100
|move|p2a: Oranguru|Chilling Water|p1b: Kingambit
|-damage|p1b: Kingambit|89/100
|-unboost|p1b: Kingambit|atk|1
|-ability|p1b: Kingambit|Defiant|boost
|-boost|p1b: Kingambit|atk|2
|move|p1b: Kingambit|Swords Dance|p1b: Kingambit
|-boost|p1b: Kingambit|atk|2
|move|p1a: Muk|Knock Off|p2a: Oranguru
|-supereffective|p2a: Oranguru
|-damage|p2a: Oranguru|43/100
|
|-heal|p2a: Oranguru|49/100|[from] Grassy Terrain
|-heal|p1b: Kingambit|95/100|[from] Grassy Terrain
|-heal|p1a: Muk|40/100|[from] Grassy Terrain
|upkeep
|turn|5
|
|t:|1756533754
|move|p2b: Dragonite|Scale Shot|p1b: Kingambit
|-resisted|p1b: Kingambit
|-damage|p1b: Kingambit|89/100
|-resisted|p1b: Kingambit
|-damage|p1b: Kingambit|83/100
|-hitcount|p1b: Kingambit|2
|-unboost|p2b: Dragonite|def|1
|-boost|p2b: Dragonite|spe|1
|move|p2a: Oranguru|Instruct|p2b: Dragonite
|-singleturn|p2b: Dragonite|move: Instruct|[of] p2a: Oranguru
|move|p2b: Dragonite|Scale Shot|p1b: Kingambit
|-resisted|p1b: Kingambit
|-damage|p1b: Kingambit|77/100
|-resisted|p1b: Kingambit
|-damage|p1b: Kingambit|72/100
|-resisted|p1b: Kingambit
|-damage|p1b: Kingambit|65/100
|-resisted|p1b: Kingambit
|-damage|p1b: Kingambit|59/100
|-resisted|p1b: Kingambit
|-damage|p1b: Kingambit|54/100
|-hitcount|p1b: Kingambit|5
|-unboost|p2b: Dragonite|def|1
|-boost|p2b: Dragonite|spe|1
|move|p1b: Kingambit|Iron Head|p2b: Dragonite
|-damage|p2b: Dragonite|0 fnt
|faint|p2b: Dragonite
|move|p1a: Muk|Knock Off|p2a: Oranguru
|-supereffective|p2a: Oranguru
|-damage|p2a: Oranguru|0 fnt
|faint|p2a: Oranguru
|
|win|AndrewDingFan001
|inactive|AndrewDingFan001 has 30 seconds to confirm battle start!
|inactive|dxbpunk has 30 seconds to confirm battle start!
|inactive|AndrewDingFan001 has 20 seconds to confirm battle start!
|inactive|dxbpunk has 20 seconds to confirm battle start!
||dxbpunk is ready for game 2.
||AndrewDingFan001 is ready for game 2.
|uhtml|next|Next: Game 2 of 3
|l|☆dxbpunk
|player|p2|
