|j|☆avaiugg
|j|☆andiom123
|html|avaiuggandiom123    
|uhtml|bestof|Game 2 of a best-of-3
|t:|1785379685
|gametype|doubles
|player|p1|avaiugg|169|1070
|player|p2|andiom123|red|1167
|gen|9
|tier|[Gen 9 Champions] VGC 2026 Reg M-B (Bo3)
|rated|
|rule|Species Clause: Limit one of each Pokémon
|rule|Item Clause: Limit 1 of each item
|clearpoke
|poke|p1|Torkoal, L50, M|
|poke|p1|Typhlosion-Hisui, L50, F|
|poke|p1|Incineroar, L50, F|
|poke|p1|Lopunny, L50, M|
|poke|p1|Vivillon, L50, F|
|poke|p1|Farigiraf, L50, M|
|poke|p2|Incineroar, L50, F|
|poke|p2|Farigiraf, L50, M|
|poke|p2|Sylveon, L50, F|
|poke|p2|Torkoal, L50, F|
|poke|p2|Kangaskhan, L50, F|
|poke|p2|Mudsdale, L50, F|
|teampreview|4
|showteam|p1|Torkoal||Charcoal|Drought|WeatherBall,Eruption,Protect,HeatWave|Quiet||M|||50|]Typhlosion-Hisui||ChoiceScarf|Frisk|Eruption,ShadowBall,Overheat,HeatWave|Timid||F|||50|]Incineroar||SitrusBerry|Intimidate|PartingShot,FakeOut,FlareBlitz,ThroatChop|Adamant||F|||50|]Lopunny||Lopunnite|Limber|AfterYou,CloseCombat,IcePunch,FakeOut|Jolly||M|||50|]Vivillon||FocusSash|CompoundEyes|SleepPowder,Hurricane,Tailwind,RagePowder|Timid||F|||50|]Farigiraf||ColburBerry|ArmorTail|HyperVoice,Psychic,TrickRoom,HelpingHand|Quiet||M|||50|
|showteam|p2|Incineroar||MuscleBand|Intimidate|ThroatChop,FlareBlitz,FakeOut,PartingShot|Brave||F|||50|]Farigiraf||SitrusBerry|ArmorTail|FoulPlay,PsychicNoise,TrickRoom,HelpingHand|Relaxed||M|||50|]Sylveon||FairyFeather|Pixilate|HyperVoice,HyperBeam,Yawn,Detect|Modest||F|||50|]Torkoal||Charcoal|Drought|Eruption,EarthPower,Flamethrower,Protect|Quiet||F|||50|]Kangaskhan||Kangaskhanite|Scrappy|DoubleEdge,FakeOut,IcePunch,HammerArm|Brave||F|||50|]Mudsdale||LifeOrb|InnerFocus|HighHorsepower,Earthquake,RockSlide,HeavySlam|Brave||F|||50|
|
|t:|1785379721
|teamsize|p1|4
|teamsize|p2|4
|start
|switch|p1a: Farigiraf|Farigiraf, L50, M|100/100
|switch|p1b: Vivillon|Vivillon, L50, F|100/100
|switch|p2a: Kangaskhan|Kangaskhan, L50, F|100/100
|switch|p2b: Mudsdale|Mudsdale, L50, F|100/100
|turn|1
|
|t:|1785379737
|detailschange|p2a: Kangaskhan|Kangaskhan-Mega, L50, F
|-mega|p2a: Kangaskhan|Kangaskhan|Kangaskhanite
|move|p1b: Vivillon|Sleep Powder|p2b: Mudsdale
|-status|p2b: Mudsdale|slp|[from] move: Sleep Powder
|move|p2a: Kangaskhan|Double-Edge|p1b: Vivillon
|-enditem|p1b: Vivillon|Focus Sash
|-damage|p1b: Vivillon|1/100
|-damage|p1b: Vivillon|0 fnt
|faint|p1b: Vivillon
|-hitcount|p1: Vivillon|2
|-damage|p2a: Kangaskhan|75/100|[from] Recoil
|move|p1a: Farigiraf|Hyper Voice|p2b: Mudsdale|[spread] p2a,p2b
|-damage|p2a: Kangaskhan|47/100
|-damage|p2b: Mudsdale|66/100 slp
|cant|p2b: Mudsdale|slp
|
|upkeep
|
|t:|1785379751
|switch|p1b: Incineroar|Incineroar, L50, F|100/100
|-ability|p1b: Incineroar|Intimidate|boost
|-unboost|p2a: Kangaskhan|atk|1
|-fail|p2b: Mudsdale|unboost|Attack|[from] ability: Inner Focus|[of] p2b: Mudsdale
|turn|2
|
|t:|1785379772
|move|p1b: Incineroar|Fake Out|p2a: Kangaskhan
|-damage|p2a: Kangaskhan|35/100
|cant|p2a: Kangaskhan|flinch
|move|p1a: Farigiraf|Hyper Voice|p2a: Kangaskhan|[spread] p2a,p2b
|-damage|p2a: Kangaskhan|9/100
|-damage|p2b: Mudsdale|32/100 slp
|cant|p2b: Mudsdale|slp
|
|upkeep
|turn|3
|
|t:|1785379793
|move|p2a: Kangaskhan|Double-Edge|p1a: Farigiraf
|-damage|p1a: Farigiraf|55/100
|-damage|p1a: Farigiraf|45/100
|-hitcount|p1a: Farigiraf|2
|-damage|p2a: Kangaskhan|0 fnt|[from] Recoil
|faint|p2a: Kangaskhan
|move|p1b: Incineroar|Parting Shot|p2b: Mudsdale
|-unboost|p2b: Mudsdale|atk|1
|-unboost|p2b: Mudsdale|spa|1
|
|t:|1785379797
|switch|p1b: Lopunny|Lopunny, L50, M|100/100|[from] Parting Shot
|move|p1a: Farigiraf|Hyper Voice|p2b: Mudsdale
|-damage|p2b: Mudsdale|0 fnt
|faint|p2b: Mudsdale
|
|upkeep
|
|t:|1785379808
|switch|p2a: Sylveon|Sylveon, L50, F|100/100
|switch|p2b: Torkoal|Torkoal, L50, F|100/100
|-weather|SunnyDay|[from] ability: Drought|[of] p2b: Torkoal
|turn|4
|
|t:|1785379851
|detailschange|p1b: Lopunny|Lopunny-Mega, L50, M
|-mega|p1b: Lopunny|Lopunny|Lopunnite
|move|p2a: Sylveon|Detect|p2a: Sylveon
|-singleturn|p2a: Sylveon|Protect
|move|p1b: Lopunny|Fake Out|p2a: Sylveon
|-activate|p2a: Sylveon|move: Protect
|move|p1a: Farigiraf|Hyper Voice|p2a: Sylveon|[spread] p2b
|-activate|p2a: Sylveon|move: Protect
|-damage|p2b: Torkoal|57/100
|move|p2b: Torkoal|Eruption|p1b: Lopunny|[spread] p1a,p1b
|-damage|p1a: Farigiraf|0 fnt
|-damage|p1b: Lopunny|33/100
|faint|p1a: Farigiraf
|
|-weather|SunnyDay|[upkeep]
|upkeep
|
|t:|1785379855
|switch|p1a: Incineroar|Incineroar, L50, F|100/100
|-ability|p1a: Incineroar|Intimidate|boost
|-unboost|p2a: Sylveon|atk|1
|-unboost|p2b: Torkoal|atk|1
|turn|5
|
|t:|1785379874
|move|p2a: Sylveon|Detect|p2a: Sylveon
|-singleturn|p2a: Sylveon|Protect
|move|p2b: Torkoal|Protect|p2b: Torkoal
|-singleturn|p2b: Torkoal|Protect
|move|p1b: Lopunny|Close Combat|p2b: Torkoal
|-activate|p2b: Torkoal|move: Protect
|move|p1a: Incineroar|Flare Blitz|p2a: Sylveon
|-activate|p2a: Sylveon|move: Protect
|
|-weather|SunnyDay|[upkeep]
|upkeep
|turn|6
|
|t:|1785379898
|move|p1b: Lopunny|Close Combat|p2a: Sylveon
|-resisted|p2a: Sylveon|1
|-damage|p2a: Sylveon|69/100
|-unboost|p1b: Lopunny|def|1
|-unboost|p1b: Lopunny|spd|1
|move|p2a: Sylveon|Hyper Voice|p1b: Lopunny|[spread] p1a,p1b
|-supereffective|p1b: Lopunny|1
|-damage|p1a: Incineroar|59/100
|-damage|p1b: Lopunny|0 fnt
|faint|p1b: Lopunny
|move|p1a: Incineroar|Flare Blitz|p2a: Sylveon
|-damage|p2a: Sylveon|0 fnt
|faint|p2a: Sylveon
|-damage|p1a: Incineroar|37/100|[from] Recoil
|-enditem|p1a: Incineroar|Sitrus Berry|[eat]
|-heal|p1a: Incineroar|62/100|[from] item: Sitrus Berry
|move|p2b: Torkoal|Earth Power|p1a: Incineroar
|-supereffective|p1a: Incineroar|1
|-damage|p1a: Incineroar|14/100
|
|-weather|SunnyDay|[upkeep]
|upkeep
|turn|7
|
|t:|1785379918
|move|p1a: Incineroar|Throat Chop|p2b: Torkoal
|-damage|p2b: Torkoal|24/100
|-start|p2b: Torkoal|Throat Chop|[silent]
|move|p2b: Torkoal|Earth Power|p1a: Incineroar
|-supereffective|p1a: Incineroar|1
|-damage|p1a: Incineroar|0 fnt
|faint|p1a: Incineroar
|
|win|andiom123
|raw|avaiugg's rating: 1070 → 1055(-15 for losing)
|raw|andiom123's rating: 1167 → 1185(+18 for winning)
