|j|☆tedidn
|j|☆The median voter
|html|tedidnThe median voter    
|uhtml|bestof|Game 3 of a best-of-3
|t:|1756673052
|gametype|doubles
|player|p1|tedidn|marshal|1286
|player|p2|The median voter|scientist-gen4dp|1252
|gen|9
|tier|[Gen 9] VGC 2025 Reg H (Bo3)
|rated|
|rule|Species Clause: Limit one of each Pokémon
|rule|Item Clause: Limit 1 of each item
|clearpoke
|poke|p1|Dragonite, L50, M|
|poke|p1|Rillaboom, L50, M|
|poke|p1|Sneasler, L50, F|
|poke|p1|Volcarona, L50, M|
|poke|p1|Electabuzz, L50, M|
|poke|p1|Kingambit, L50, M|
|poke|p2|Sneasler, L50, M|
|poke|p2|Indeedee, L50, M|
|poke|p2|Volcarona, L50, M|
|poke|p2|Annihilape, L50, F|
|poke|p2|Tyranitar, L50, M|
|poke|p2|Excadrill, L50, M|
|teampreview|4
|showteam|p1|Dragonite||LoadedDice|Multiscale|ScaleShot,ExtremeSpeed,Haze,Protect|||M|||50|,,,,,Normal]Rillaboom||AssaultVest|GrassySurge|WoodHammer,GrassyGlide,FakeOut,Uturn|||M|||50|,,,,,Fire]Sneasler||FocusSash|Unburden|CloseCombat,Coaching,DireClaw,FakeOut|||F|||50|,,,,,Stellar]Volcarona||GrassySeed|FlameBody|Flamethrower,QuiverDance,GigaDrain,Protect|||M|||50|,,,,,Grass]Electabuzz||Eviolite|VitalSpirit|Thunderbolt,Taunt,FollowMe,Protect|||M|||50|,,,,,Ghost]Kingambit||SafetyGoggles|Defiant|KowtowCleave,SuckerPunch,SwordsDance,Protect|||M|||50|,,,,,Dark
|showteam|p2|Sneasler||PsychicSeed|Unburden|CloseCombat,DireClaw,ThroatChop,Protect|||M|||50|,,,,,Dark]Indeedee||ChoiceScarf|PsychicSurge|ExpandingForce,TeraBlast,Trick,SkillSwap|||M|||50|,,,,,Psychic]Volcarona||SitrusBerry|FlameBody|Overheat,StruggleBug,RagePowder,Tailwind|||M|||50|,,,,,Grass]Annihilape||SafetyGoggles|Defiant|CloseCombat,RageFist,Taunt,FinalGambit|||F|||50|,,,,,Fire]Tyranitar||AssaultVest|SandStream|RockSlide,KnockOff,TeraBlast,LowKick|||M|||50|,,,,,Flying]Excadrill||FocusSash|SandRush|IronHead,Protect,Earthquake,HighHorsepower|||M|||50|,,,,,Ground
|inactive|Battle timer is ON: inactive players will automatically lose when time's up. (requested by tedidn)
|inactive|tedidn has 60 seconds left.
|
|t:|1756673091
|teamsize|p1|4
|teamsize|p2|4
|start
|switch|p1a: Harambe|Rillaboom, L50, M|100/100
|switch|p1b: Tokugawa|Kingambit, L50, M|100/100
|switch|p2a: Volcarona|Volcarona, L50, M|100/100
|switch|p2b: Annihilape|Annihilape, L50, F|100/100
|-fieldstart|move: Grassy Terrain|[from] ability: Grassy Surge|[of] p1a: Harambe
|turn|1
|
|t:|1756673105
|switch|p1b: Michael|Electabuzz, L50, M|100/100
|move|p2a: Volcarona|Tailwind|p2a: Volcarona
|-sidestart|p2: The median voter|move: Tailwind
|move|p2b: Annihilape|Final Gambit|p1a: Harambe
|-damage|p1a: Harambe|0 fnt
|faint|p2b: Annihilape
|faint|p1a: Harambe
|
|upkeep
|
|t:|1756673113
|switch|p2b: Indeedee|Indeedee, L50, M|100/100
|switch|p1a: Douglass|Dragonite, L50, M|100/100
|-fieldstart|move: Psychic Terrain|[from] ability: Psychic Surge|[of] p2b: Indeedee
|turn|2
|
|t:|1756673126
|-terastallize|p2b: Indeedee|Psychic
|move|p2a: Volcarona|Rage Powder|p2a: Volcarona
|-singleturn|p2a: Volcarona|move: Rage Powder
|move|p1b: Michael|Follow Me|p1b: Michael
|-singleturn|p1b: Michael|move: Follow Me
|move|p2b: Indeedee|Expanding Force|p1b: Michael|[spread] p1a,p1b
|-damage|p1a: Douglass|56/100
|-damage|p1b: Michael|39/100
|move|p1a: Douglass|Scale Shot|p2a: Volcarona
|-damage|p2a: Volcarona|82/100
|-damage|p2a: Volcarona|61/100
|-damage|p2a: Volcarona|42/100
|-enditem|p2a: Volcarona|Sitrus Berry|[eat]
|-heal|p2a: Volcarona|67/100|[from] item: Sitrus Berry
|-crit|p2a: Volcarona
|-damage|p2a: Volcarona|42/100
|-damage|p2a: Volcarona|23/100
|-hitcount|p2a: Volcarona|5
|-unboost|p1a: Douglass|def|1
|-boost|p1a: Douglass|spe|1
|
|upkeep
|turn|3
|
|t:|1756673147
|switch|p2a: Sneasler|Sneasler, L50, M|100/100
|-enditem|p2a: Sneasler|Psychic Seed
|-boost|p2a: Sneasler|spd|1|[from] item: Psychic Seed
|switch|p1a: Tokugawa|Kingambit, L50, M|100/100
|move|p2b: Indeedee|Expanding Force|p1b: Michael|[spread] p1b
|-immune|p1a: Tokugawa
|-damage|p1b: Michael|0 fnt
|faint|p1b: Michael
|
|upkeep
|
|t:|1756673156
|switch|p1b: Douglass|Dragonite, L50, M|56/100
|turn|4
|
|t:|1756673169
|move|p1b: Douglass|Protect|p1b: Douglass
|-singleturn|p1b: Douglass|Protect
|move|p1a: Tokugawa|Protect|p1a: Tokugawa
|-singleturn|p1a: Tokugawa|Protect
|move|p2a: Sneasler|Close Combat|p1a: Tokugawa
|-activate|p1a: Tokugawa|move: Protect
|move|p2b: Indeedee|Expanding Force|p1a: Tokugawa|[spread] 
|-activate|p1a: Tokugawa|move: Protect
|-activate|p1b: Douglass|move: Protect
|
|-sideend|p2: The median voter|move: Tailwind
|upkeep
|turn|5
|
|t:|1756673183
|-terastallize|p1a: Tokugawa|Dark
|move|p2a: Sneasler|Close Combat|p1a: Tokugawa
|-supereffective|p1a: Tokugawa
|-damage|p1a: Tokugawa|3/100
|-unboost|p2a: Sneasler|def|1
|-unboost|p2a: Sneasler|spd|1
|move|p2b: Indeedee|Expanding Force|p1a: Tokugawa|[spread] p1b
|-immune|p1a: Tokugawa
|-damage|p1b: Douglass|0 fnt
|faint|p1b: Douglass
|move|p1a: Tokugawa|Kowtow Cleave|p2a: Sneasler
|-resisted|p2a: Sneasler
|-damage|p2a: Sneasler|22/100
|
|upkeep
|turn|6
|
|t:|1756673190
|switch|p2b: Volcarona|Volcarona, L50, M|23/100
|move|p1a: Tokugawa|Protect|p1a: Tokugawa
|-singleturn|p1a: Tokugawa|Protect
|move|p2a: Sneasler|Close Combat|p1a: Tokugawa
|-activate|p1a: Tokugawa|move: Protect
|
|-fieldend|move: Psychic Terrain
|upkeep
|turn|7
|
|t:|1756673197
|move|p2a: Sneasler|Close Combat|p1a: Tokugawa
|-supereffective|p1a: Tokugawa
|-damage|p1a: Tokugawa|0 fnt
|-unboost|p2a: Sneasler|def|1
|-unboost|p2a: Sneasler|spd|1
|faint|p1a: Tokugawa
|
|win|The median voter
|raw|tedidn's rating: 1286 → 1259(-27 for losing)
|raw|The median voter's rating: 1252 → 1279(+27 for winning)
