|j|☆fifthtimesthecharm
|j|☆TheRedSceptile
|html|fifthtimesthecharmTheRedSceptile    
|uhtml|bestof|Game 1 of a best-of-3
|t:|1756606214
|gametype|doubles
|player|p1|fifthtimesthecharm|marshal|
|player|p2|TheRedSceptile|1|
|gen|9
|tier|[Gen 9] VGC 2025 Reg H (Bo3)
|rule|Species Clause: Limit one of each Pokémon
|rule|Item Clause: Limit 1 of each item
|clearpoke
|poke|p1|Dragonite, L50, F|
|poke|p1|Ursaluna, L50, M|
|poke|p1|Gholdengo, L50|
|poke|p1|Porygon2, L50|
|poke|p1|Volcarona, L50, F|
|poke|p1|Grimmsnarl, L50, M|
|poke|p2|Kingambit, L50, F|
|poke|p2|Primarina, L50, F|
|poke|p2|Sneasler, L50, F|
|poke|p2|Rillaboom, L50, F|
|poke|p2|Dragapult, L50, F|
|poke|p2|Electabuzz, L50, F|
|teampreview|4
|showteam|p1|Dragonite||LoadedDice|InnerFocus|ScaleShot,Tailwind,Haze,Protect|||F|||50|,,,,,Fairy]Ursaluna||FlameOrb|Guts|HeadlongRush,Earthquake,Facade,Protect|||M|||50|,,,,,Grass]Gholdengo||LifeOrb|GoodasGold|MakeItRain,ShadowBall,NastyPlot,Protect||||||50|,,,,,Dragon]Porygon2||Eviolite|Download|TeraBlast,Recover,IceBeam,TrickRoom||||||50|,,,,,Fighting]Volcarona||SafetyGoggles|FlameBody|Overheat,Tailwind,StruggleBug,RagePowder|||F|||50|,,,,,Fairy]Grimmsnarl||LightClay|Prankster|FoulPlay,ThunderWave,Reflect,LightScreen|||M|||50|,,,,,Ghost
|showteam|p2|Kingambit||BlackGlasses|Defiant|KowtowCleave,SuckerPunch,SwordsDance,Protect|||F|||50|,,,,,Dark]Primarina||SitrusBerry|LiquidVoice|HyperVoice,Moonblast,Haze,Protect|||F|||50|,,,,,Poison]Sneasler||FocusSash|Unburden|CloseCombat,DireClaw,FakeOut,Protect|||F|||50|,,,,,Ghost]Rillaboom||AssaultVest|GrassySurge|WoodHammer,GrassyGlide,HighHorsepower,FakeOut|||F|||50|,,,,,Fire]Dragapult||ChoiceBand|ClearBody|DragonDarts,PhantomForce,Outrage,Uturn|||F|||50|,,,,,Dragon]Electabuzz||Eviolite|VitalSpirit|Protect,Electroweb,FollowMe,HelpingHand|||F|||50|,,,,,Bug
|inactive|Battle timer is ON: inactive players will automatically lose when time's up. (requested by fifthtimesthecharm)
|j| the crimson wooper
|inactive|fifthtimesthecharm has 60 seconds left.
|inactive|TheRedSceptile has 60 seconds left.
|inactive|TheRedSceptile has 30 seconds left.
|inactive|TheRedSceptile has 20 seconds left.
|
|t:|1756606288
|teamsize|p1|4
|teamsize|p2|4
|start
|switch|p1a: Daquavion|Porygon2, L50|100/100
|switch|p1b: Sinatra|Volcarona, L50, F|100/100
|switch|p2a: Kingambit|Kingambit, L50, F|100/100
|switch|p2b: Sneasler|Sneasler, L50, F|100/100
|-ability|p1a: Daquavion|Download|boost
|-boost|p1a: Daquavion|spa|1
|turn|1
|
|t:|1756606308
|-terastallize|p1a: Daquavion|Fighting
|-terastallize|p2a: Kingambit|Dark
|move|p2b: Sneasler|Fake Out|p1a: Daquavion
|-damage|p1a: Daquavion|91/100
|move|p1b: Sinatra|Overheat|p2a: Kingambit
|-damage|p2a: Kingambit|43/100
|-unboost|p1b: Sinatra|spa|2
|move|p2a: Kingambit|Swords Dance|p2a: Kingambit
|-boost|p2a: Kingambit|atk|2
|cant|p1a: Daquavion|flinch
|
|upkeep
|turn|2
|inactive|TheRedSceptile has 30 seconds left.
|inactive|TheRedSceptile has 20 seconds left.
|inactive|fifthtimesthecharm has 30 seconds left.
|inactive|TheRedSceptile has 15 seconds left.
|inactive|TheRedSceptile has 10 seconds left.
|
|t:|1756606355
|switch|p2b: Electabuzz|Electabuzz, L50, F|100/100
|move|p1b: Sinatra|Rage Powder|p1b: Sinatra
|-singleturn|p1b: Sinatra|move: Rage Powder
|move|p2a: Kingambit|Kowtow Cleave|p1b: Sinatra
|-damage|p1b: Sinatra|0 fnt
|-status|p2a: Kingambit|brn|[from] ability: Flame Body|[of] p1b: Sinatra
|faint|p1b: Sinatra
|move|p1a: Daquavion|Trick Room|p1a: Daquavion
|-fieldstart|move: Trick Room|[of] p1a: Daquavion
|
|-damage|p2a: Kingambit|38/100 brn|[from] brn
|upkeep
|
|t:|1756606360
|switch|p1b: Freddy|Ursaluna, L50, M|100/100
|turn|3
|
|t:|1756606374
|move|p2a: Kingambit|Protect|p2a: Kingambit
|-singleturn|p2a: Kingambit|Protect
|move|p1b: Freddy|Protect|p1b: Freddy
|-singleturn|p1b: Freddy|Protect
|move|p2b: Electabuzz|Protect|p2b: Electabuzz
|-singleturn|p2b: Electabuzz|Protect
|move|p1a: Daquavion|Tera Blast|p2a: Kingambit|[anim] Tera Blast Fighting
|-activate|p2a: Kingambit|move: Protect
|
|-damage|p2a: Kingambit|32/100 brn|[from] brn
|-status|p1b: Freddy|brn|[from] item: Flame Orb
|upkeep
|turn|4
|
|t:|1756606391
|move|p2b: Electabuzz|Helping Hand|p2a: Kingambit
|-singleturn|p2a: Kingambit|Helping Hand|[of] p2b: Electabuzz
|move|p2a: Kingambit|Sucker Punch|p1b: Freddy
|-damage|p1b: Freddy|33/100 brn
|move|p1b: Freddy|Earthquake|p2a: Kingambit|[spread] p1a,p2a,p2b
|-supereffective|p2b: Electabuzz
|-damage|p1a: Daquavion|53/100
|-damage|p2a: Kingambit|0 fnt
|-damage|p2b: Electabuzz|2/100
|faint|p2a: Kingambit
|move|p1a: Daquavion|Recover|p1a: Daquavion
|-heal|p1a: Daquavion|100/100
|
|-damage|p1b: Freddy|27/100 brn|[from] brn
|upkeep
|
|t:|1756606400
|switch|p2a: Sneasler|Sneasler, L50, F|100/100
|turn|5
|
|t:|1756606411
|switch|p1b: Mr.Bigbucks|Gholdengo, L50|100/100
|move|p2b: Electabuzz|Helping Hand|p2a: Sneasler
|-singleturn|p2a: Sneasler|Helping Hand|[of] p2b: Electabuzz
|move|p1a: Daquavion|Ice Beam|p2a: Sneasler
|-damage|p2a: Sneasler|51/100
|move|p2a: Sneasler|Dire Claw|p1a: Daquavion
|-crit|p1a: Daquavion
|-damage|p1a: Daquavion|46/100
|-status|p1a: Daquavion|par
|
|upkeep
|turn|6
|
|t:|1756606434
|move|p2b: Electabuzz|Protect|p2b: Electabuzz
|-singleturn|p2b: Electabuzz|Protect
|move|p2a: Sneasler|Protect|p2a: Sneasler
|-singleturn|p2a: Sneasler|Protect
|move|p1a: Daquavion|Recover|p1a: Daquavion
|-heal|p1a: Daquavion|96/100 par
|move|p1b: Mr.Bigbucks|Make It Rain|p2b: Electabuzz|[spread] 
|-activate|p2a: Sneasler|move: Protect
|-activate|p2b: Electabuzz|move: Protect
|
|-fieldend|move: Trick Room
|upkeep
|turn|7
|
|t:|1756606457
|move|p2b: Electabuzz|Helping Hand|p2a: Sneasler
|-singleturn|p2a: Sneasler|Helping Hand|[of] p2b: Electabuzz
|move|p2a: Sneasler|Close Combat|p1a: Daquavion
|-damage|p1a: Daquavion|41/100 par
|-unboost|p2a: Sneasler|def|1
|-unboost|p2a: Sneasler|spd|1
|move|p1b: Mr.Bigbucks|Make It Rain|p2b: Electabuzz|[spread] p2a,p2b
|-resisted|p2b: Electabuzz
|-damage|p2a: Sneasler|0 fnt
|-damage|p2b: Electabuzz|0 fnt
|-unboost|p1b: Mr.Bigbucks|spa|1
|faint|p2a: Sneasler
|faint|p2b: Electabuzz
|-damage|p1b: Mr.Bigbucks|91/100|[from] item: Life Orb
|move|p1a: Daquavion|Trick Room|p1a: Daquavion
|-fieldstart|move: Trick Room|[of] p1a: Daquavion
|
|upkeep
|
|t:|1756606462
|switch|p2b: Primarina|Primarina, L50, F|100/100
|turn|8
|
|t:|1756606468
|move|p1a: Daquavion|Tera Blast|p2b: Primarina|[anim] Tera Blast Fighting
|-resisted|p2b: Primarina
|-damage|p2b: Primarina|80/100
|move|p2b: Primarina|Hyper Voice|p1a: Daquavion|[spread] p1a,p1b
|-damage|p1a: Daquavion|22/100 par
|-damage|p1b: Mr.Bigbucks|61/100
|move|p1b: Mr.Bigbucks|Nasty Plot|p1b: Mr.Bigbucks
|-boost|p1b: Mr.Bigbucks|spa|2
|
|upkeep
|turn|9
|
|t:|1756606482
|move|p2b: Primarina|Protect|p2b: Primarina
|-singleturn|p2b: Primarina|Protect
|move|p1a: Daquavion|Recover|p1a: Daquavion
|-heal|p1a: Daquavion|72/100 par
|move|p1b: Mr.Bigbucks|Make It Rain|p2b: Primarina
|-activate|p2b: Primarina|move: Protect
|
|upkeep
|turn|10
|
|t:|1756606491
|move|p1a: Daquavion|Recover|p1a: Daquavion
|-heal|p1a: Daquavion|100/100 par
|move|p2b: Primarina|Moonblast|p1a: Daquavion
|-supereffective|p1a: Daquavion
|-damage|p1a: Daquavion|37/100 par
|-unboost|p1a: Daquavion|spa|1
|move|p1b: Mr.Bigbucks|Make It Rain|p2b: Primarina
|-damage|p2b: Primarina|0 fnt
|-unboost|p1b: Mr.Bigbucks|spa|1
|faint|p2b: Primarina
|-damage|p1b: Mr.Bigbucks|51/100|[from] item: Life Orb
|
|win|fifthtimesthecharm
