|j|☆exessvgc
|j|☆beni_9
|html|exessvgcbeni_9    
|uhtml|bestof|Game 2 of a best-of-3
|t:|1784756773
|gametype|doubles
|player|p1|exessvgc|266|
|player|p2|beni_9|alder|
|gen|9
|tier|[Gen 9 Champions] VGC 2026 Reg M-B (Bo3)
|rule|Species Clause: Limit one of each Pokémon
|rule|Item Clause: Limit 1 of each item
|clearpoke
|poke|p1|Farigiraf, L50, M|
|poke|p1|Aerodactyl, L50, F|
|poke|p1|Sylveon, L50, M|
|poke|p1|Kingambit, L50, M|
|poke|p1|Garchomp, L50, M|
|poke|p1|Charizard, L50, F|
|poke|p2|Sinistcha, L50|
|poke|p2|Incineroar, L50, M|
|poke|p2|Milotic, L50, M|
|poke|p2|Raichu, L50, F|
|poke|p2|Floette-Eternal, L50, F|
|poke|p2|Ceruledge, L50, M|
|teampreview|4
|showteam|p1|Farigiraf||SitrusBerry|ArmorTail|TrickRoom,TwinBeam,HelpingHand,Thunderbolt|Bold||M|||50|]Aerodactyl||Aerodactylite|Unnerve|RockSlide,Protect,Tailwind,Taunt|Jolly||F|||50|]Sylveon||FairyFeather|Pixilate|HyperVoice,HyperBeam,Protect,ShadowBall|Modest||M|||50|]Kingambit||FocusSash|Defiant|IronHead,SuckerPunch,LowKick,Protect|Adamant||M|||50|]Garchomp||LifeOrb|RoughSkin|DragonClaw,Earthquake,StompingTantrum,Protect|Adamant||M|||50|]Charizard||CharizarditeY|Blaze|WeatherBall,HeatWave,SolarBeam,Protect|Modest||F|||50|
|showteam|p2|Sinistcha||KasibBerry|Hospitality|MatchaGotcha,LifeDew,RagePowder,Protect|Relaxed|||||50|]Incineroar||SitrusBerry|Intimidate|FlareBlitz,DarkestLariat,FakeOut,PartingShot|Impish||M|||50|]Milotic||Leftovers|Competitive|MuddyWater,Coil,Hypnosis,Protect|Calm||M|||50|]Raichu||RaichuniteY|LightningRod|ZapCannon,FocusBlast,FakeOut,Protect|Timid||F|||50|]Floette-Eternal||Floettite|FlowerVeil|DrainingKiss,DazzlingGleam,CalmMind,Protect|Timid||F|||50|]Ceruledge||ColburBerry|FlashFire|BitterBlade,ShadowSneak,BulkUp,Protect|Adamant||M|||50|
|j| Shmon
|
|t:|1784756928
|teamsize|p1|4
|teamsize|p2|4
|start
|switch|p1a: Charizard|Charizard, L50, F|100/100
|switch|p1b: DINOSAUVO|Aerodactyl, L50, F|100/100
|switch|p2a: Incineroar|Incineroar, L50, M|100/100
|switch|p2b: Milotic|Milotic, L50, M|100/100
|-ability|p1b: DINOSAUVO|Unnerve
|-ability|p2a: Incineroar|Intimidate|boost
|-unboost|p1a: Charizard|atk|1
|-unboost|p1b: DINOSAUVO|atk|1
|turn|1
|
|t:|1784756965
|detailschange|p1a: Charizard|Charizard-Mega-Y, L50, F
|-mega|p1a: Charizard|Charizard|Charizardite Y
|-weather|SunnyDay|[from] ability: Drought|[of] p1a: Charizard
|move|p2a: Incineroar|Fake Out|p1a: Charizard
|-damage|p1a: Charizard|89/100
|move|p1b: DINOSAUVO|Rock Slide|p2a: Incineroar|[spread] p2a,p2b
|-supereffective|p2a: Incineroar|1
|-crit|p2a: Incineroar
|-damage|p2a: Incineroar|39/100
|-damage|p2b: Milotic|85/100
|cant|p1a: Charizard|flinch
|move|p2b: Milotic|Coil|p2b: Milotic
|-boost|p2b: Milotic|atk|1
|-boost|p2b: Milotic|def|1
|-boost|p2b: Milotic|accuracy|1
|
|-weather|SunnyDay|[upkeep]
|-heal|p2b: Milotic|91/100|[from] item: Leftovers
|upkeep
|turn|2
|
|t:|1784757012
|move|p2b: Milotic|Protect|p2b: Milotic
|-singleturn|p2b: Milotic|Protect
|move|p1b: DINOSAUVO|Taunt|p2a: Incineroar
|-start|p2a: Incineroar|move: Taunt
|move|p1a: Charizard|Solar Beam||[still]
|-prepare|p1a: Charizard|Solar Beam
|-anim|p1a: Charizard|Solar Beam|p2b: Milotic
|-activate|p2b: Milotic|move: Protect
|cant|p2a: Incineroar|move: Taunt|Parting Shot
|
|-weather|SunnyDay|[upkeep]
|-heal|p2b: Milotic|97/100|[from] item: Leftovers
|upkeep
|turn|3
|
|t:|1784757033
|switch|p2a: Sinistcha|Sinistcha, L50|100/100
|-heal|p2b: Milotic|100/100|[from] ability: Hospitality|[of] p2a: Sinistcha
|move|p1b: DINOSAUVO|Taunt|p2b: Milotic
|-start|p2b: Milotic|move: Taunt
|move|p1a: Charizard|Weather Ball|p2a: Sinistcha
|-supereffective|p2a: Sinistcha|1
|-damage|p2a: Sinistcha|0 fnt
|faint|p2a: Sinistcha
|move|p2b: Milotic|Muddy Water|p1b: DINOSAUVO|[spread] p1a,p1b
|-supereffective|p1a: Charizard|1
|-supereffective|p1b: DINOSAUVO|1
|-damage|p1a: Charizard|68/100
|-damage|p1b: DINOSAUVO|69/100
|
|-weather|SunnyDay|[upkeep]
|upkeep
|
|t:|1784757047
|switch|p2a: Incineroar|Incineroar, L50, M|39/100
|-ability|p2a: Incineroar|Intimidate|boost
|-unboost|p1a: Charizard|atk|1
|-unboost|p1b: DINOSAUVO|atk|1
|turn|4
|
|t:|1784757080
|switch|p1b: Kingambit|Kingambit, L50, M|100/100
|-enditem|p2a: Incineroar|Sitrus Berry|[eat]
|-heal|p2a: Incineroar|64/100|[from] item: Sitrus Berry
|move|p1a: Charizard|Protect|p1a: Charizard
|-singleturn|p1a: Charizard|Protect
|move|p2a: Incineroar|Fake Out|p1a: Charizard
|-activate|p1a: Charizard|move: Protect
|move|p2b: Milotic|Muddy Water|p1b: Kingambit|[spread] p1b
|-activate|p1a: Charizard|move: Protect
|-damage|p1b: Kingambit|88/100
|
|-weather|SunnyDay|[upkeep]
|upkeep
|turn|5
|inactive|Battle timer is ON: inactive players will automatically lose when time's up. (requested by beni_9)
|
|t:|1784757176
|switch|p1a: DINOSAUVO|Aerodactyl, L50, F|69/100
|-ability|p1a: DINOSAUVO|Unnerve
|switch|p1b: Garchomp|Garchomp, L50, M|100/100
|move|p2b: Milotic|Muddy Water|p1a: DINOSAUVO|[spread] p1a,p1b
|-supereffective|p1a: DINOSAUVO|1
|-damage|p1a: DINOSAUVO|35/100
|-damage|p1b: Garchomp|90/100
|-unboost|p1a: DINOSAUVO|accuracy|1
|move|p2a: Incineroar|Flare Blitz|p1b: Garchomp
|-resisted|p1b: Garchomp|1
|-crit|p1b: Garchomp
|-damage|p1b: Garchomp|41/100
|-damage|p2a: Incineroar|51/100|[from] ability: Rough Skin|[of] p1b: Garchomp
|-damage|p2a: Incineroar|36/100|[from] Recoil
|
|-weather|none
|-end|p2b: Milotic|move: Taunt
|upkeep
|turn|6
|inactive|exessvgc has 30 seconds left.
|inactive|beni_9 has 30 seconds left.
|inactive|beni_9 has 20 seconds left.
|
|t:|1784757215
|move|p1a: DINOSAUVO|Taunt|p2b: Milotic|[miss]
|-miss|p1a: DINOSAUVO|p2b: Milotic
|move|p1b: Garchomp|Earthquake|p2a: Incineroar|[spread] p2a,p2b
|-immune|p1a: DINOSAUVO
|-supereffective|p2a: Incineroar|1
|-damage|p2a: Incineroar|0 fnt
|-damage|p2b: Milotic|68/100
|faint|p2a: Incineroar
|-damage|p1b: Garchomp|31/100|[from] item: Life Orb
|move|p2b: Milotic|Muddy Water|p1b: Garchomp|[spread] p1a,p1b
|-supereffective|p1a: DINOSAUVO|1
|-damage|p1a: DINOSAUVO|0 fnt
|-damage|p1b: Garchomp|13/100
|faint|p1a: DINOSAUVO
|
|-heal|p2b: Milotic|74/100|[from] item: Leftovers
|upkeep
|inactive|exessvgc has 30 seconds left.
|inactive|exessvgc has 20 seconds left.
|inactive|exessvgc has 15 seconds left.
|
|t:|1784757257
|switch|p1a: Charizard|Charizard-Mega-Y, L50, F|68/100
|switch|p2a: Raichu|Raichu, L50, F|100/100
|-weather|SunnyDay|[from] ability: Drought|[of] p1a: Charizard
|turn|7
|inactive|exessvgc has 30 seconds left.
|inactive|beni_9 has 30 seconds left.
|inactive|exessvgc has 20 seconds left.
|inactive|beni_9 has 20 seconds left.
|inactive|exessvgc has 15 seconds left.
|inactive|beni_9 has 15 seconds left.
|inactive|exessvgc has 10 seconds left.
|inactive|beni_9 has 10 seconds left.
|inactive|exessvgc has 5 seconds left.
|
|t:|1784757307
|detailschange|p2a: Raichu|Raichu-Mega-Y, L50, F
|-mega|p2a: Raichu|Raichu|Raichunite Y
|move|p2a: Raichu|Focus Blast|p1b: Garchomp
|-damage|p1b: Garchomp|0 fnt
|faint|p1b: Garchomp
|move|p1a: Charizard|Solar Beam||[still]
|-prepare|p1a: Charizard|Solar Beam
|-anim|p1a: Charizard|Solar Beam|p2b: Milotic
|-supereffective|p2b: Milotic|1
|-damage|p2b: Milotic|16/100
|move|p2b: Milotic|Hypnosis|p1a: Charizard
|-status|p1a: Charizard|slp|[from] move: Hypnosis
|
|-weather|SunnyDay|[upkeep]
|-heal|p2b: Milotic|22/100|[from] item: Leftovers
|upkeep
|
|t:|1784757317
|switch|p1b: Kingambit|Kingambit, L50, M|88/100
|turn|8
|inactive|exessvgc has 30 seconds left.
|inactive|exessvgc has 20 seconds left.
|inactive|exessvgc has 15 seconds left.
|
|t:|1784757360
|cant|p1a: Charizard|slp
|move|p2a: Raichu|Zap Cannon|p1a: Charizard
|-supereffective|p1a: Charizard|1
|-damage|p1a: Charizard|0 fnt
|faint|p1a: Charizard
|move|p2b: Milotic|Hypnosis|p1b: Kingambit
|-status|p1b: Kingambit|slp|[from] move: Hypnosis
|cant|p1b: Kingambit|slp
|
|-weather|SunnyDay|[upkeep]
|-heal|p2b: Milotic|28/100|[from] item: Leftovers
|upkeep
|turn|9
|inactive|exessvgc has 30 seconds left.
|inactive|exessvgc has 20 seconds left.
|inactive|exessvgc has 15 seconds left.
|
|t:|1784757401
|move|p2a: Raichu|Focus Blast|p1b: Kingambit
|-supereffective|p1b: Kingambit|2
|-damage|p1b: Kingambit|0 fnt
|faint|p1b: Kingambit
|
|win|beni_9
|c| Shmon|ggs
