|j|☆blisswy
|j|☆Mega Chime Time
|html|blisswyMega Chime Time    
|uhtml|bestof|Game 1 of a best-of-3
|t:|1783269130
|gametype|doubles
|player|p1|blisswy|lady-gen4|
|player|p2|Mega Chime Time|miku-flying|
|gen|9
|tier|[Gen 9 Champions] VGC 2026 Reg M-B (Bo3)
|rule|Species Clause: Limit one of each Pokémon
|rule|Item Clause: Limit 1 of each item
|clearpoke
|poke|p1|Krookodile, L50, M|
|poke|p1|Klefki, L50, F|
|poke|p1|Floette-Eternal, L50, F|
|poke|p1|Charizard, L50, F|
|poke|p1|Gengar, L50, F|
|poke|p1|Pinsir, L50, M|
|poke|p2|Starmie, L50|
|poke|p2|Klefki, L50, F|
|poke|p2|Rotom-Mow, L50|
|poke|p2|Arcanine, L50, M|
|poke|p2|Floette-Eternal, L50, F|
|poke|p2|Mudsdale, L50, M|
|teampreview|4
|showteam|p1|Krookodile||LifeOrb|Intimidate|Earthquake,KnockOff,Protect,Snarl|Jolly||M|||50|]Klefki||LightClay|Prankster|Reflect,LightScreen,DazzlingGleam,SunnyDay|Sassy||F|||50|]Floette-Eternal||FairyFeather|FlowerVeil|DrainingKiss,CalmMind,DazzlingGleam,Protect|Modest||F|||50|]Charizard||ChoiceScarf|SolarPower|HeatWave,WeatherBall,DragonPulse,SolarBeam|Modest||F|||50|]Gengar||FocusSash|CursedBody|ShadowBall,Taunt,IcyWind,SludgeBomb|Timid||F|||50|]Pinsir||Pinsirite|HyperCutter|BodySlam,Lunge,Protect,QuickAttack|Jolly||M|||50|
|showteam|p2|Starmie||Starminite|NaturalCure|BulkUp,AquaJet,Liquidation,Protect|Adamant|||||50|]Klefki||LightClay|Prankster|RainDance,Reflect,LightScreen,DazzlingGleam|Modest||F|||50|]Rotom-Mow||ChoiceScarf|Levitate|VoltSwitch,Trick,LeafStorm,Electroweb|Timid|||||50|]Arcanine||Charcoal|Intimidate|ExtremeSpeed,FlareBlitz,Snarl,Protect|Jolly||M|||50|]Floette-Eternal||FairyFeather|FlowerVeil|Moonblast,DazzlingGleam,CalmMind,Protect|Modest||F|||50|]Mudsdale||Leftovers|Stamina|HighHorsepower,RockSlide,Protect,BodyPress|Adamant||M|||50|
|inactive|Battle timer is ON: inactive players will automatically lose when time's up. (requested by Mega Chime Time)
|inactive|blisswy has 60 seconds left.
|inactive|Mega Chime Time has 60 seconds left.
|j| shaboogles
|c|☆Mega Chime Time|sh*boogles
|inactiveoff|Battle timer is now OFF.
|c| shaboogles|remember ceri goat
|c| shaboogles|rotom mow has the biggest smile out of all the rotoms
|c|☆Mega Chime Time|yeah he's been tickled 10 times
|c| shaboogles|LOOOOOLLLLLLLLLLLL
|
|t:|1783269239
|teamsize|p1|4
|teamsize|p2|4
|start
|switch|p1a: Klefki|Klefki, L50, F|100/100
|switch|p1b: Gengar|Gengar, L50, F|100/100
|switch|p2a: Starmie|Starmie, L50|100/100
|switch|p2b: Arcanine|Arcanine, L50, M|100/100
|-ability|p2b: Arcanine|Intimidate|boost
|-unboost|p1a: Klefki|atk|1
|-unboost|p1b: Gengar|atk|1
|turn|1
|
|t:|1783269257
|switch|p2a: Klefki|Klefki, L50, F|100/100
|move|p1a: Klefki|Reflect|p1a: Klefki
|-sidestart|p1: blisswy|Reflect
|move|p1b: Gengar|Shadow Ball|p2a: Klefki
|-damage|p2a: Klefki|51/100
|move|p2b: Arcanine|Flare Blitz|p1a: Klefki
|-supereffective|p1a: Klefki|1
|-damage|p1a: Klefki|4/100
|-damage|p2b: Arcanine|68/100|[from] Recoil
|
|upkeep
|turn|2
|
|t:|1783269269
|move|p2a: Klefki|Light Screen|p2a: Klefki
|-sidestart|p2: Mega Chime Time|move: Light Screen
|move|p1a: Klefki|Light Screen|p1a: Klefki
|-sidestart|p1: blisswy|move: Light Screen
|move|p1b: Gengar|Taunt|p2a: Klefki
|-start|p2a: Klefki|move: Taunt
|move|p2b: Arcanine|Snarl|p1b: Gengar|[spread] p1a,p1b
|-resisted|p1a: Klefki|1
|-supereffective|p1b: Gengar|1
|-damage|p1a: Klefki|1/100
|-damage|p1b: Gengar|79/100
|-unboost|p1a: Klefki|spa|1
|-unboost|p1b: Gengar|spa|1
|
|upkeep
|turn|3
|
|t:|1783269287
|switch|p2a: Mudsdale|Mudsdale, L50, M|100/100
|move|p1b: Gengar|Shadow Ball|p2a: Mudsdale
|-damage|p2a: Mudsdale|80/100
|-ability|p2a: Mudsdale|Stamina|boost
|-boost|p2a: Mudsdale|def|1
|move|p2b: Arcanine|Snarl|p1a: Klefki|[spread] p1a,p1b
|-resisted|p1a: Klefki|1
|-supereffective|p1b: Gengar|1
|-damage|p1a: Klefki|0 fnt
|-damage|p1b: Gengar|61/100
|-unboost|p1b: Gengar|spa|1
|faint|p1a: Klefki
|
|-heal|p2a: Mudsdale|86/100|[from] item: Leftovers
|upkeep
|
|t:|1783269295
|switch|p1a: Floette|Floette-Eternal, L50, F|100/100
|turn|4
|
|t:|1783269312
|move|p1b: Gengar|Sludge Bomb|p2b: Arcanine
|-damage|p2b: Arcanine|46/100
|move|p2b: Arcanine|Snarl|p1a: Floette|[spread] p1a,p1b
|-resisted|p1a: Floette|1
|-crit|p1a: Floette
|-supereffective|p1b: Gengar|1
|-damage|p1a: Floette|94/100
|-damage|p1b: Gengar|41/100
|-unboost|p1a: Floette|spa|1
|-unboost|p1b: Gengar|spa|1
|move|p1a: Floette|Calm Mind|p1a: Floette
|-boost|p1a: Floette|spa|1
|-boost|p1a: Floette|spd|1
|move|p2a: Mudsdale|High Horsepower|p1a: Floette
|-damage|p1a: Floette|47/100
|
|-heal|p2a: Mudsdale|92/100|[from] item: Leftovers
|upkeep
|turn|5
|
|t:|1783269332
|move|p1b: Gengar|Sludge Bomb|p2b: Arcanine
|-damage|p2b: Arcanine|30/100
|move|p2b: Arcanine|Snarl|p1b: Gengar|[spread] p1a,p1b
|-resisted|p1a: Floette|1
|-supereffective|p1b: Gengar|1
|-damage|p1a: Floette|46/100
|-damage|p1b: Gengar|21/100
|-unboost|p1a: Floette|spa|1
|-unboost|p1b: Gengar|spa|1
|-start|p2b: Arcanine|Disable|Snarl|[from] ability: Cursed Body|[of] p1b: Gengar
|move|p1a: Floette|Draining Kiss|p2a: Mudsdale
|-damage|p2a: Mudsdale|79/100
|-heal|p1a: Floette|57/100|[from] drain|[of] p2a: Mudsdale
|-ability|p2a: Mudsdale|Stamina|boost
|-boost|p2a: Mudsdale|def|1
|move|p2a: Mudsdale|High Horsepower|p1b: Gengar
|-supereffective|p1b: Gengar|1
|-damage|p1b: Gengar|0 fnt
|faint|p1b: Gengar
|
|-heal|p2a: Mudsdale|85/100|[from] item: Leftovers
|upkeep
|
|t:|1783269343
|switch|p1b: Pinsir|Pinsir, L50, M|100/100
|turn|6
|
|t:|1783269357
|detailschange|p1b: Pinsir|Pinsir-Mega, L50, M
|-mega|p1b: Pinsir|Pinsir|Pinsirite
|move|p2a: Mudsdale|Protect|p2a: Mudsdale
|-singleturn|p2a: Mudsdale|Protect
|move|p1b: Pinsir|Body Slam|p2a: Mudsdale
|-activate|p2a: Mudsdale|move: Protect
|move|p2b: Arcanine|Flare Blitz|p1b: Pinsir
|-supereffective|p1b: Pinsir|1
|-damage|p1b: Pinsir|1/100
|-damage|p2b: Arcanine|2/100|[from] Recoil
|move|p1a: Floette|Calm Mind|p1a: Floette
|-boost|p1a: Floette|spa|1
|-boost|p1a: Floette|spd|1
|
|-heal|p2a: Mudsdale|90/100|[from] item: Leftovers
|upkeep
|turn|7
|
|t:|1783269369
|move|p2b: Arcanine|Extreme Speed|p1b: Pinsir
|-damage|p1b: Pinsir|0 fnt
|faint|p1b: Pinsir
|move|p1a: Floette|Dazzling Gleam|p2a: Mudsdale|[spread] p2a,p2b
|-resisted|p2b: Arcanine|1
|-damage|p2a: Mudsdale|67/100
|-damage|p2b: Arcanine|0 fnt
|-ability|p2a: Mudsdale|Stamina|boost
|-boost|p2a: Mudsdale|def|1
|faint|p2b: Arcanine
|move|p2a: Mudsdale|High Horsepower|p1a: Floette
|-damage|p1a: Floette|11/100
|
|-heal|p2a: Mudsdale|73/100|[from] item: Leftovers
|upkeep
|-message|blisswy forfeited.
|
|win|Mega Chime Time
||blisswy is ready for game 2.
||Mega Chime Time is ready for game 2.
|uhtml|next|Next: Game 2 of 3
