|j|☆uglybeast
|j|☆Caro040
|html|uglybeastCaro040    
|uhtml|bestof|Game 2 of a best-of-3
|t:|1756153521
|gametype|doubles
|player|p1|uglybeast|lucas|1226
|player|p2|Caro040|265|1150
|gen|9
|tier|[Gen 9] VGC 2025 Reg H (Bo3)
|rated|
|rule|Species Clause: Limit one of each Pokémon
|rule|Item Clause: Limit 1 of each item
|clearpoke
|poke|p1|Murkrow, L50, F|
|poke|p1|Ursaluna-Bloodmoon, L50, M|
|poke|p1|Sneasler, L50, F|
|poke|p1|Dragapult, L50, F|
|poke|p1|Armarouge, L50, M|
|poke|p1|Indeedee-F, L50, F|
|poke|p2|Primarina, L50, F|
|poke|p2|Decidueye-Hisui, L50, M|
|poke|p2|Indeedee-F, L50, F|
|poke|p2|Armarouge, L50, M|
|poke|p2|Amoonguss, L50, F|
|poke|p2|Kingambit, L50, F|
|teampreview|4
|showteam|p1|Murkrow||Eviolite|Prankster|Haze,SunnyDay,Tailwind,BraveBird|||F|||50|,,,,,Ghost]Ursaluna-Bloodmoon||LifeOrb|MindsEye|BloodMoon,HyperVoice,Protect,EarthPower|||M|||50|,,,,,Normal]Sneasler||PsychicSeed|Unburden|ThroatChop,DireClaw,CloseCombat,Protect|||F|||50|,,,,,Dark]Dragapult||ChoiceBand|ClearBody|DragonDarts,Outrage,Uturn,PhantomForce|||F|||50|,,,,,Dragon]Armarouge||PowerHerb|FlashFire|HeatWave,MeteorBeam,ExpandingForce,Protect|||M|||50|,,,,,Grass]Indeedee-F||RockyHelmet|PsychicSurge|DazzlingGleam,FollowMe,HelpingHand,TrickRoom|||F|||50|,,,,,Grass
|showteam|p2|Primarina||ThroatSpray|LiquidVoice|HyperVoice,Moonblast,CalmMind,Protect|||F|||50|,,,,,Grass]Decidueye-Hisui||ScopeLens|Scrappy|LeafBlade,TripleArrows,BulkUp,Protect|||M|||50|,,,,,Fire]Indeedee-F||PsychicSeed|PsychicSurge|Psychic,FollowMe,TrickRoom,HelpingHand|||F|||50|,,,,,Fairy]Armarouge||LifeOrb|FlashFire|ExpandingForce,ArmorCannon,WideGuard,TrickRoom|||M|||50|,,,,,Grass]Amoonguss||SitrusBerry|Regenerator|PollenPuff,Spore,RagePowder,ClearSmog|||F|||50|,,,,,Water]Kingambit||AssaultVest|Defiant|KowtowCleave,SuckerPunch,IronHead,BrickBreak|||F|||50|,,,,,Fairy
|inactive|Battle timer is ON: inactive players will automatically lose when time's up. (requested by uglybeast)
|
|t:|1756153569
|teamsize|p1|4
|teamsize|p2|4
|start
|switch|p1a: Giandam|Armarouge, L50, M|100/100
|switch|p1b: Blade|Indeedee-F, L50, F|100/100
|switch|p2a: Armarouge|Armarouge, L50, M|100/100
|switch|p2b: Indeedee|Indeedee-F, L50, F|100/100
|-fieldstart|move: Psychic Terrain|[from] ability: Psychic Surge|[of] p1b: Blade
|-enditem|p2b: Indeedee|Psychic Seed
|-boost|p2b: Indeedee|spd|1|[from] item: Psychic Seed
|turn|1
|inactive|uglybeast has 30 seconds left.
|inactive|Caro040 has 30 seconds left.
|
|t:|1756153603
|move|p1b: Blade|Helping Hand|p1a: Giandam
|-singleturn|p1a: Giandam|Helping Hand|[of] p1b: Blade
|move|p2b: Indeedee|Follow Me|p2b: Indeedee
|-singleturn|p2b: Indeedee|move: Follow Me
|move|p1a: Giandam|Meteor Beam||[still]
|-prepare|p1a: Giandam|Meteor Beam
|-boost|p1a: Giandam|spa|1
|-enditem|p1a: Giandam|Power Herb
|-anim|p1a: Giandam|Meteor Beam|p2b: Indeedee
|-damage|p2b: Indeedee|47/100
|move|p2a: Armarouge|Trick Room|p2a: Armarouge
|-fieldstart|move: Trick Room|[of] p2a: Armarouge
|
|upkeep
|turn|2
|
|t:|1756153622
|move|p1b: Blade|Helping Hand|p1a: Giandam
|-singleturn|p1a: Giandam|Helping Hand|[of] p1b: Blade
|move|p2b: Indeedee|Helping Hand|p2a: Armarouge
|-singleturn|p2a: Armarouge|Helping Hand|[of] p2b: Indeedee
|move|p2a: Armarouge|Expanding Force|p1b: Blade|[spread] p1a,p1b
|-resisted|p1a: Giandam
|-resisted|p1b: Blade
|-damage|p1a: Giandam|12/100
|-damage|p1b: Blade|39/100
|-damage|p2a: Armarouge|91/100|[from] item: Life Orb
|move|p1a: Giandam|Expanding Force|p2b: Indeedee|[spread] p2a,p2b
|-resisted|p2a: Armarouge
|-resisted|p2b: Indeedee
|-damage|p2a: Armarouge|17/100
|-damage|p2b: Indeedee|8/100
|
|upkeep
|turn|3
|
|t:|1756153646
|move|p2b: Indeedee|Helping Hand|p2a: Armarouge
|-singleturn|p2a: Armarouge|Helping Hand|[of] p2b: Indeedee
|move|p1a: Giandam|Protect|p1a: Giandam
|-singleturn|p1a: Giandam|Protect
|move|p2a: Armarouge|Expanding Force|p1b: Blade|[spread] p1b
|-activate|p1a: Giandam|move: Protect
|-resisted|p1b: Blade
|-damage|p1b: Blade|0 fnt
|faint|p1b: Blade
|-damage|p2a: Armarouge|8/100|[from] item: Life Orb
|
|upkeep
|
|t:|1756153668
|switch|p1b: Anagnoman|Sneasler, L50, F|100/100
|-enditem|p1b: Anagnoman|Psychic Seed
|-boost|p1b: Anagnoman|spd|1|[from] item: Psychic Seed
|turn|4
|inactive|uglybeast has 30 seconds left.
|inactive|uglybeast has 20 seconds left.
|inactive|uglybeast has 15 seconds left.
|inactive|uglybeast has 10 seconds left.
|inactive|uglybeast has 5 seconds left.
|
|t:|1756153722
|-terastallize|p1b: Anagnoman|Dark
|move|p1a: Giandam|Protect||[still]
|-fail|p1a: Giandam
|move|p2a: Armarouge|Armor Cannon|p1b: Anagnoman
|-damage|p1b: Anagnoman|15/100
|-unboost|p2a: Armarouge|def|1
|-unboost|p2a: Armarouge|spd|1
|-damage|p2a: Armarouge|0 fnt|[from] item: Life Orb
|faint|p2a: Armarouge
|move|p2b: Indeedee|Psychic|p1a: Giandam
|-resisted|p1a: Giandam
|-damage|p1a: Giandam|0 fnt
|faint|p1a: Giandam
|move|p1b: Anagnoman|Throat Chop|p2b: Indeedee
|-supereffective|p2b: Indeedee
|-damage|p2b: Indeedee|0 fnt
|faint|p2b: Indeedee
|
|upkeep
|
|t:|1756153736
|switch|p2a: Primarina|Primarina, L50, F|100/100
|switch|p2b: Decidueye|Decidueye-Hisui, L50, M|100/100
|switch|p1a: Paschalis|Ursaluna-Bloodmoon, L50, M|100/100
|turn|5
|
|t:|1756153754
|move|p2b: Decidueye|Protect|p2b: Decidueye
|-singleturn|p2b: Decidueye|Protect
|move|p2a: Primarina|Protect|p2a: Primarina
|-singleturn|p2a: Primarina|Protect
|move|p1a: Paschalis|Protect|p1a: Paschalis
|-singleturn|p1a: Paschalis|Protect
|move|p1b: Anagnoman|Protect||[still]
|-fail|p1b: Anagnoman
|
|-fieldend|move: Trick Room
|-fieldend|move: Psychic Terrain
|upkeep
|turn|6
|inactive|uglybeast has 30 seconds left.
|inactive|Caro040 has 30 seconds left.
|
|t:|1756153787
|move|p1b: Anagnoman|Dire Claw|p2a: Primarina
|-supereffective|p2a: Primarina
|-damage|p2a: Primarina|0 fnt
|faint|p2a: Primarina
|move|p1a: Paschalis|Hyper Voice|p2b: Decidueye
|-damage|p2b: Decidueye|45/100
|-damage|p1a: Paschalis|91/100|[from] item: Life Orb
|move|p2b: Decidueye|Triple Arrows|p1a: Paschalis
|-supereffective|p1a: Paschalis
|-damage|p1a: Paschalis|11/100
|-unboost|p1a: Paschalis|def|1
|
|upkeep
|turn|7
|-message|Caro040 forfeited.
|
|win|uglybeast
|raw|uglybeast's rating: 1226 → 1246(+20 for winning)
|raw|Caro040's rating: 1150 → 1130(-20 for losing)
|l|☆Caro040
|player|p2|
