|j|☆pressinblades
|j|☆Furyr
|html|pressinbladesFuryr    
|uhtml|bestof|Game 3 of a best-of-3
|t:|1783618426
|gametype|doubles
|player|p1|pressinblades|steven|1216
|player|p2|Furyr|byron|1176
|gen|9
|tier|[Gen 9 Champions] VGC 2026 Reg M-B (Bo3)
|rated|
|rule|Species Clause: Limit one of each Pokémon
|rule|Item Clause: Limit 1 of each item
|clearpoke
|poke|p1|Talonflame, L50, M, shiny|
|poke|p1|Garchomp, L50, F, shiny|
|poke|p1|Maushold, L50|
|poke|p1|Gardevoir, L50, M, shiny|
|poke|p1|Incineroar, L50, M, shiny|
|poke|p1|Torkoal, L50, F|
|poke|p2|Blaziken, L50, M|
|poke|p2|Kingambit, L50, M|
|poke|p2|Basculegion, L50, M|
|poke|p2|Torkoal, L50, M|
|poke|p2|Sylveon, L50, M|
|poke|p2|Aerodactyl, L50, F|
|teampreview|4
|showteam|p1|Talonflame||SharpBeak|GaleWings|Protect,Tailwind,DualWingbeat,WillOWisp|Naive||M|||50|]Garchomp||LifeOrb|SandVeil|Protect,RockSlide,Earthquake,DragonTail|Jolly||F|||50|]Maushold||FocusSash|FriendGuard|Protect,FollowMe,SuperFang,Encore|Timid|||||50|]Gardevoir||Gardevoirite|Telepathy|Protect,TrickRoom,HyperVoice,Psyshock|Modest||M|||50|]Incineroar||SitrusBerry|Intimidate|FakeOut,ThroatChop,PartingShot,FlareBlitz|Careful||M|||50|]Torkoal||WhiteHerb|Drought|Protect,Overheat,RockTomb,HeatWave|Quiet||F|||50|
|showteam|p2|Blaziken||Blazikenite|SpeedBoost|FlareBlitz,Protect,CloseCombat,RockSlide|Adamant||M|||50|]Kingambit||LifeOrb|Defiant|SuckerPunch,KowtowCleave,IronHead,Protect|Adamant||M|||50|]Basculegion||FocusSash|Adaptability|Liquidation,AquaJet,LastRespects,Protect|Adamant||M|||50|]Torkoal||Leftovers|Drought|EarthPower,Protect,Yawn,WeatherBall|Relaxed||M|||50|]Sylveon||FairyFeather|Pixilate|HyperVoice,Moonblast,QuickAttack,Detect|Modest||M|||50|]Aerodactyl||Aerodactylite|Unnerve|DualWingbeat,RockSlide,Tailwind,IceFang|Jolly||F|||50|
|inactive|Battle timer is ON: inactive players will automatically lose when time's up. (requested by Furyr)
|inactive|pressinblades has 60 seconds left.
|inactive|pressinblades has 30 seconds left.
|inactive|pressinblades has 20 seconds left.
|inactive|pressinblades has 15 seconds left.
|inactive|pressinblades has 10 seconds left.
|inactive|pressinblades has 5 seconds left.
|
|t:|1783618515
|teamsize|p1|4
|teamsize|p2|4
|start
|switch|p1a: Maushold|Maushold, L50|100/100
|switch|p1b: Gardevoir|Gardevoir, L50, M, shiny|100/100
|switch|p2a: Aerodactyl|Aerodactyl, L50, F|100/100
|switch|p2b: Blaziken|Blaziken, L50, M|100/100
|-ability|p2a: Aerodactyl|Unnerve
|turn|1
|inactive|pressinblades has 30 seconds left.
|inactive|Furyr has 30 seconds left.
|inactive|pressinblades has 20 seconds left.
|inactive|Furyr has 20 seconds left.
|inactive|Furyr has 15 seconds left.
|inactive|Furyr has 10 seconds left.
|inactive|Furyr has 5 seconds left.
|
|t:|1783618567
|switch|p1a: Incineroar|Incineroar, L50, M, shiny|100/100
|-ability|p1a: Incineroar|Intimidate|boost
|-unboost|p2a: Aerodactyl|atk|1
|-unboost|p2b: Blaziken|atk|1
|detailschange|p2a: Aerodactyl|Aerodactyl-Mega, L50, F
|-mega|p2a: Aerodactyl|Aerodactyl|Aerodactylite
|move|p1b: Gardevoir|Protect|p1b: Gardevoir
|-singleturn|p1b: Gardevoir|Protect
|move|p2a: Aerodactyl|Dual Wingbeat|p1a: Incineroar
|-damage|p1a: Incineroar|83/100
|-damage|p1a: Incineroar|66/100
|-hitcount|p1a: Incineroar|2
|move|p2b: Blaziken|Flare Blitz|p1b: Gardevoir
|-activate|p1b: Gardevoir|move: Protect
|
|-ability|p2b: Blaziken|Speed Boost|boost
|-boost|p2b: Blaziken|spe|1
|upkeep
|turn|2
|
|t:|1783618588
|switch|p2b: Sylveon|Sylveon, L50, M|100/100
|detailschange|p1b: Gardevoir|Gardevoir-Mega, L50, M, shiny
|-mega|p1b: Gardevoir|Gardevoir|Gardevoirite
|move|p1a: Incineroar|Fake Out|p2b: Sylveon
|-damage|p2b: Sylveon|86/100
|move|p2a: Aerodactyl|Tailwind|p2a: Aerodactyl
|-sidestart|p2: Furyr|move: Tailwind
|move|p1b: Gardevoir|Trick Room|p1b: Gardevoir
|-fieldstart|move: Trick Room|[of] p1b: Gardevoir
|
|upkeep
|turn|3
|
|t:|1783618609
|move|p2b: Sylveon|Detect|p2b: Sylveon
|-singleturn|p2b: Sylveon|Protect
|move|p1a: Incineroar|Parting Shot|p2b: Sylveon
|-activate|p2b: Sylveon|move: Protect
|move|p1b: Gardevoir|Hyper Voice|p2b: Sylveon|[spread] p2a
|-activate|p2b: Sylveon|move: Protect
|-damage|p2a: Aerodactyl|42/100
|move|p2a: Aerodactyl|Rock Slide|p1a: Incineroar|[spread] p1a,p1b
|-supereffective|p1a: Incineroar|1
|-damage|p1a: Incineroar|30/100
|-damage|p1b: Gardevoir|75/100
|-enditem|p1a: Incineroar|Sitrus Berry|[eat]
|-heal|p1a: Incineroar|55/100|[from] item: Sitrus Berry
|
|upkeep
|turn|4
|inactive|Furyr has 30 seconds left.
|
|t:|1783618636
|switch|p2b: Kingambit|Kingambit, L50, M|100/100
|move|p1a: Incineroar|Parting Shot|p2b: Kingambit
|-unboost|p2b: Kingambit|atk|1
|-ability|p2b: Kingambit|Defiant|boost
|-boost|p2b: Kingambit|atk|2
|-unboost|p2b: Kingambit|spa|1
|-ability|p2b: Kingambit|Defiant|boost
|-boost|p2b: Kingambit|atk|2
|
|t:|1783618647
|switch|p1a: Maushold|Maushold, L50|100/100|[from] Parting Shot
|move|p1b: Gardevoir|Hyper Voice|p2a: Aerodactyl|[spread] p2a,p2b
|-damage|p2a: Aerodactyl|0 fnt
|-damage|p2b: Kingambit|43/100
|faint|p2a: Aerodactyl
|
|upkeep
|
|t:|1783618656
|switch|p2a: Sylveon|Sylveon, L50, M|86/100
|turn|5
|inactive|pressinblades has 30 seconds left.
|inactive|pressinblades has 20 seconds left.
|inactive|pressinblades has 15 seconds left.
|inactive|pressinblades has 10 seconds left.
|inactive|pressinblades has 5 seconds left.
|
|t:|1783618711
|move|p1b: Gardevoir|Protect|p1b: Gardevoir
|-singleturn|p1b: Gardevoir|Protect
|move|p1a: Maushold|Protect|p1a: Maushold
|-singleturn|p1a: Maushold|Protect
|move|p2b: Kingambit|Protect|p2b: Kingambit
|-singleturn|p2b: Kingambit|Protect
|move|p2a: Sylveon|Quick Attack|p1a: Maushold
|-activate|p1a: Maushold|move: Protect
|
|-sideend|p2: Furyr|move: Tailwind
|upkeep
|turn|6
|inactive|Furyr has 30 seconds left.
|
|t:|1783618741
|move|p1a: Maushold|Follow Me|p1a: Maushold
|-singleturn|p1a: Maushold|move: Follow Me
|move|p2b: Kingambit|Kowtow Cleave|p1a: Maushold
|-enditem|p1a: Maushold|Focus Sash
|-damage|p1a: Maushold|1/100
|-damage|p2b: Kingambit|34/100|[from] item: Life Orb
|move|p2a: Sylveon|Hyper Voice|p1a: Maushold|[spread] p1a,p1b
|-damage|p1a: Maushold|0 fnt
|-damage|p1b: Gardevoir|46/100
|faint|p1a: Maushold
|move|p1b: Gardevoir|Hyper Voice|p2a: Sylveon|[spread] p2a,p2b
|-damage|p2a: Sylveon|47/100
|-damage|p2b: Kingambit|0 fnt
|faint|p2b: Kingambit
|
|-fieldend|move: Trick Room
|upkeep
|inactive|pressinblades has 30 seconds left.
|inactive|pressinblades has 20 seconds left.
|inactive|pressinblades has 15 seconds left.
|
|t:|1783618784
|switch|p1a: Garchomp|Garchomp, L50, F, shiny|100/100
|switch|p2b: Blaziken|Blaziken, L50, M|100/100
|turn|7
|
|t:|1783618798
|move|p2b: Blaziken|Protect|p2b: Blaziken
|-singleturn|p2b: Blaziken|Protect
|move|p1b: Gardevoir|Protect|p1b: Gardevoir
|-singleturn|p1b: Gardevoir|Protect
|move|p1a: Garchomp|Earthquake|p2b: Blaziken|[spread] p2a
|-activate|p1b: Gardevoir|move: Protect
|-activate|p2b: Blaziken|move: Protect
|-damage|p2a: Sylveon|0 fnt
|faint|p2a: Sylveon
|-damage|p1a: Garchomp|90/100|[from] item: Life Orb
|
|-ability|p2b: Blaziken|Speed Boost|boost
|-boost|p2b: Blaziken|spe|1
|upkeep
|turn|8
|-message|Furyr forfeited.
|raw|pressinblades's rating: 1216 → 1238(+22 for winning)
|raw|Furyr's rating: 1176 → 1154(-22 for losing)
|
|win|pressinblades
|l|☆Furyr
|player|p2|
