|j|☆MetaphorCrazyMonk
|j|☆datrandomguy787
|html|MetaphorCrazyMonkdatrandomguy787    
|uhtml|bestof|Game 1 of a best-of-3
|t:|1786056981
|gametype|doubles
|player|p1|MetaphorCrazyMonk|169|1344
|player|p2|datrandomguy787|169|1271
|gen|9
|tier|[Gen 9 Champions] VGC 2026 Reg M-B (Bo3)
|rated|
|rule|Species Clause: Limit one of each Pokémon
|rule|Item Clause: Limit 1 of each item
|clearpoke
|poke|p1|Tyranitar, L50, M|
|poke|p1|Excadrill, L50, M, shiny|
|poke|p1|Sneasler, L50, M|
|poke|p1|Delphox, L50, M|
|poke|p1|Incineroar, L50, M|
|poke|p1|Tsareena, L50, F|
|poke|p2|Sneasler, L50, M|
|poke|p2|Blastoise, L50, M|
|poke|p2|Kingambit, L50, M|
|poke|p2|Incineroar, L50, M|
|poke|p2|Delphox, L50, F|
|poke|p2|Sinistcha, L50|
|teampreview|4
|showteam|p1|Tyranitar||Tyranitarite|SandStream|RockSlide,KnockOff,DragonDance,Protect|Jolly||M|||50|]Excadrill||FocusSash|SandRush|HighHorsepower,IronHead,RockSlide,Protect|Adamant||M|||50|]Sneasler||WhiteHerb|Unburden|CloseCombat,DireClaw,FakeOut,Coaching|Jolly||M|||50|]Delphox||Delphoxite|Blaze|HeatWave,Psychic,NastyPlot,Protect|Timid||M|||50|]Incineroar||SitrusBerry|Intimidate|FlareBlitz,FakeOut,PartingShot,DarkestLariat|Impish||M|||50|]Tsareena||ExpertBelt|QueenlyMajesty|PowerWhip,LowKick,HelpingHand,Protect|Adamant||F|||50|
|showteam|p2|Sneasler||FocusSash|PoisonTouch|PoisonJab,CloseCombat,FakeOut,QuickGuard|Jolly||M|||50|]Blastoise||Blastoisinite|RainDish|DarkPulse,WaterSpout,ShellSmash,Protect|Modest||M|||50|]Kingambit||BlackGlasses|Defiant|KowtowCleave,SuckerPunch,SwordsDance,Protect|Adamant||M|||50|]Incineroar||SitrusBerry|Intimidate|FlareBlitz,HelpingHand,PartingShot,FakeOut|Careful||M|||50|]Delphox||Delphoxite|Blaze|HeatWave,NastyPlot,Psychic,Protect|Modest||F|||50|]Sinistcha||ColburBerry|Hospitality|MatchaGotcha,RagePowder,TrickRoom,Protect|Bold|||||50|
|
|t:|1786057006
|teamsize|p1|4
|teamsize|p2|4
|start
|switch|p1a: quando provo|Tyranitar, L50, M|100/100
|switch|p1b: sabotage|Sneasler, L50, M|100/100
|switch|p2a: Blastoise|Blastoise, L50, M|100/100
|switch|p2b: Sneasler|Sneasler, L50, M|100/100
|-weather|Sandstorm|[from] ability: Sand Stream|[of] p1a: quando provo
|turn|1
|inactive|Battle timer is ON: inactive players will automatically lose when time's up. (requested by datrandomguy787)
|
|t:|1786057070
|switch|p1a: b.alario|Incineroar, L50, M|100/100
|-ability|p1a: b.alario|Intimidate|boost
|-unboost|p2a: Blastoise|atk|1
|-unboost|p2b: Sneasler|atk|1
|detailschange|p2a: Blastoise|Blastoise-Mega, L50, M
|-mega|p2a: Blastoise|Blastoise|Blastoisinite
|move|p1b: sabotage|Fake Out|p2a: Blastoise
|-damage|p2a: Blastoise|88/100
|move|p2b: Sneasler|Close Combat|p1a: b.alario
|-supereffective|p1a: b.alario|1
|-damage|p1a: b.alario|40/100
|-unboost|p2b: Sneasler|def|1
|-unboost|p2b: Sneasler|spd|1
|-enditem|p1a: b.alario|Sitrus Berry|[eat]
|-heal|p1a: b.alario|65/100|[from] item: Sitrus Berry
|cant|p2a: Blastoise|flinch
|
|-weather|Sandstorm|[upkeep]
|-damage|p1b: sabotage|94/100|[from] Sandstorm
|-damage|p2b: Sneasler|94/100|[from] Sandstorm
|-damage|p2a: Blastoise|82/100|[from] Sandstorm
|-damage|p1a: b.alario|59/100|[from] Sandstorm
|upkeep
|turn|2
|
|t:|1786057089
|switch|p2b: Sinistcha|Sinistcha, L50|100/100
|-heal|p2a: Blastoise|100/100|[from] ability: Hospitality|[of] p2b: Sinistcha
|move|p2a: Blastoise|Protect|p2a: Blastoise
|-singleturn|p2a: Blastoise|Protect
|move|p1a: b.alario|Fake Out|p2a: Blastoise
|-activate|p2a: Blastoise|move: Protect
|move|p1b: sabotage|Close Combat|p2b: Sinistcha
|-immune|p2b: Sinistcha
|
|-weather|Sandstorm|[upkeep]
|-damage|p1b: sabotage|88/100|[from] Sandstorm
|-damage|p2a: Blastoise|94/100|[from] Sandstorm
|-damage|p2b: Sinistcha|93/100|[from] Sandstorm
|-damage|p1a: b.alario|53/100|[from] Sandstorm
|upkeep
|turn|3
|inactive|MetaphorCrazyMonk has 30 seconds left.
|inactive|MetaphorCrazyMonk has 20 seconds left.
|inactive|MetaphorCrazyMonk has 15 seconds left.
|inactive|MetaphorCrazyMonk has 10 seconds left.
|
|t:|1786057139
|switch|p1a: gervasoni|Excadrill, L50, M, shiny|100/100
|move|p2b: Sinistcha|Rage Powder|p2b: Sinistcha
|-singleturn|p2b: Sinistcha|move: Rage Powder
|move|p1b: sabotage|Dire Claw|p2b: Sinistcha
|-damage|p2b: Sinistcha|66/100
|move|p2a: Blastoise|Water Spout|p1b: sabotage|[spread] p1a,p1b
|-supereffective|p1a: gervasoni|1
|-enditem|p1a: gervasoni|Focus Sash
|-damage|p1a: gervasoni|1/100
|-damage|p1b: sabotage|0 fnt
|faint|p1b: sabotage
|
|-weather|Sandstorm|[upkeep]
|-damage|p2a: Blastoise|88/100|[from] Sandstorm
|-damage|p2b: Sinistcha|60/100|[from] Sandstorm
|upkeep
|
|t:|1786057150
|switch|p1b: quando provo|Tyranitar, L50, M|100/100
|turn|4
|
|t:|1786057159
|switch|p2b: Incineroar|Incineroar, L50, M|100/100
|-ability|p2b: Incineroar|Intimidate|boost
|-unboost|p1a: gervasoni|atk|1
|-unboost|p1b: quando provo|atk|1
|detailschange|p1b: quando provo|Tyranitar-Mega, L50, M
|-mega|p1b: quando provo|Tyranitar|Tyranitarite
|move|p2a: Blastoise|Protect|p2a: Blastoise
|-singleturn|p2a: Blastoise|Protect
|move|p1a: gervasoni|Rock Slide|p2b: Incineroar|[spread] p2b
|-activate|p2a: Blastoise|move: Protect
|-supereffective|p2b: Incineroar|1
|-damage|p2b: Incineroar|73/100
|move|p1b: quando provo|Rock Slide|p2b: Incineroar|[spread] p2b
|-activate|p2a: Blastoise|move: Protect
|-supereffective|p2b: Incineroar|1
|-damage|p2b: Incineroar|28/100
|-enditem|p2b: Incineroar|Sitrus Berry|[eat]
|-heal|p2b: Incineroar|53/100|[from] item: Sitrus Berry
|
|-weather|Sandstorm|[upkeep]
|-damage|p2a: Blastoise|82/100|[from] Sandstorm
|-damage|p2b: Incineroar|47/100|[from] Sandstorm
|upkeep
|turn|5
|
|t:|1786057180
|switch|p1a: b.alario|Incineroar, L50, M|53/100
|-ability|p1a: b.alario|Intimidate|boost
|-unboost|p2a: Blastoise|atk|1
|-unboost|p2b: Incineroar|atk|1
|move|p2b: Incineroar|Fake Out|p1a: b.alario
|-damage|p1a: b.alario|48/100
|move|p1b: quando provo|Dragon Dance|p1b: quando provo
|-boost|p1b: quando provo|atk|1
|-boost|p1b: quando provo|spe|1
|move|p2a: Blastoise|Water Spout|p1a: b.alario|[spread] p1a,p1b
|-supereffective|p1a: b.alario|1
|-supereffective|p1b: quando provo|1
|-damage|p1a: b.alario|0 fnt
|-damage|p1b: quando provo|42/100
|faint|p1a: b.alario
|
|-weather|none
|upkeep
|
|t:|1786057192
|switch|p1a: gervasoni|Excadrill, L50, M, shiny|1/100
|turn|6
|
|t:|1786057208
|move|p2a: Blastoise|Protect|p2a: Blastoise
|-singleturn|p2a: Blastoise|Protect
|move|p1b: quando provo|Dragon Dance|p1b: quando provo
|-boost|p1b: quando provo|atk|1
|-boost|p1b: quando provo|spe|1
|move|p1a: gervasoni|Iron Head|p2b: Incineroar
|-resisted|p2b: Incineroar|1
|-damage|p2b: Incineroar|23/100
|move|p2b: Incineroar|Flare Blitz|p1a: gervasoni
|-supereffective|p1a: gervasoni|1
|-damage|p1a: gervasoni|0 fnt
|faint|p1a: gervasoni
|-damage|p2b: Incineroar|22/100|[from] Recoil
|
|upkeep
|turn|7
|
|t:|1786057222
|move|p1b: quando provo|Rock Slide|p2b: Incineroar|[spread] p2a,p2b
|-supereffective|p2b: Incineroar|1
|-damage|p2a: Blastoise|39/100
|-damage|p2b: Incineroar|0 fnt
|faint|p2b: Incineroar
|cant|p2a: Blastoise|flinch
|
|upkeep
|
|t:|1786057236
|switch|p2b: Sneasler|Sneasler, L50, M|94/100
|turn|8
|
|t:|1786057241
|switch|p2a: Sinistcha|Sinistcha, L50|60/100
|-heal|p2b: Sneasler|100/100|[from] ability: Hospitality|[of] p2a: Sinistcha
|move|p1b: quando provo|Protect|p1b: quando provo
|-singleturn|p1b: quando provo|Protect
|move|p2b: Sneasler|Close Combat|p1b: quando provo
|-activate|p1b: quando provo|move: Protect
|
|upkeep
|turn|9
|
|t:|1786057253
|switch|p2a: Blastoise|Blastoise-Mega, L50, M|39/100
|move|p1b: quando provo|Rock Slide|p2a: Blastoise|[spread] p2a,p2b
|-resisted|p2b: Sneasler|1
|-damage|p2a: Blastoise|0 fnt
|-damage|p2b: Sneasler|57/100
|faint|p2a: Blastoise
|cant|p2b: Sneasler|flinch
|
|upkeep
|
|t:|1786057258
|switch|p2a: Sinistcha|Sinistcha, L50|60/100
|-heal|p2b: Sneasler|82/100|[from] ability: Hospitality|[of] p2a: Sinistcha
|turn|10
|
|t:|1786057271
|move|p1b: quando provo|Rock Slide|p2a: Sinistcha|[spread] p2a,p2b
|-resisted|p2b: Sneasler|1
|-crit|p2b: Sneasler
|-damage|p2a: Sinistcha|17/100
|-damage|p2b: Sneasler|21/100
|move|p2b: Sneasler|Close Combat|p1b: quando provo
|-supereffective|p1b: quando provo|2
|-damage|p1b: quando provo|0 fnt
|-unboost|p2b: Sneasler|def|1
|-unboost|p2b: Sneasler|spd|1
|faint|p1b: quando provo
|
|win|datrandomguy787
||datrandomguy787 is ready for game 2.
|inactive|MetaphorCrazyMonk has 30 seconds to confirm battle start!
||MetaphorCrazyMonk is ready for game 2.
|uhtml|next|Next: Game 2 of 3
|l|☆datrandomguy787
|player|p2|
