|j|☆Rotsen1
|j|☆ferpshowdown
|html|Rotsen1ferpshowdown    
|uhtml|bestof|Game 1 of a best-of-3
|t:|1782727429
|gametype|doubles
|player|p1|Rotsen1|265|1074
|player|p2|ferpshowdown|lucas|1106
|gen|9
|tier|[Gen 9 Champions] VGC 2026 Reg M-B (Bo3)
|rated|
|rule|Species Clause: Limit one of each Pokémon
|rule|Item Clause: Limit 1 of each item
|clearpoke
|poke|p1|Florges, L50, F|
|poke|p1|Toxapex, L50, M|
|poke|p1|Heracross, L50, M|
|poke|p1|Alakazam, L50, F|
|poke|p1|Ninetales-Alola, L50, F|
|poke|p1|Grimmsnarl, L50, M|
|poke|p2|Charizard, L50, F|
|poke|p2|Aerodactyl, L50, F|
|poke|p2|Garchomp, L50, M|
|poke|p2|Farigiraf, L50, M|
|poke|p2|Kingambit, L50, F|
|poke|p2|Sylveon, L50, F|
|teampreview|4
|showteam|p1|Florges||SitrusBerry|FlowerVeil|DazzlingGleam,GigaDrain,Psychic,Protect|Serious||F|||50|]Toxapex||Leftovers|Merciless|BanefulBunker,SludgeBomb,Hex,Surf|Modest||M|||50|]Heracross||Heracronite|Moxie|RockSlide,Lunge,CircleThrow,Protect|Adamant||M|||50|]Alakazam||Alakazite|MagicGuard|Protect,Psychic,DazzlingGleam,ShadowBall|Modest||F|||50|]Ninetales-Alola||IcyRock|SnowWarning|AuroraVeil,Snowscape,Blizzard,Moonblast|Modest||F|||50|]Grimmsnarl||LightClay|Prankster|LightScreen,Reflect,Protect,SpiritBreak|Brave||M|||50|
|showteam|p2|Charizard||CharizarditeY|Blaze|HeatWave,WeatherBall,SolarBeam,Protect|Modest||F|||50|]Aerodactyl||Aerodactylite|Unnerve|RockSlide,DualWingbeat,IceFang,Tailwind|Jolly||F|||50|]Garchomp||LifeOrb|RoughSkin|DragonClaw,Earthquake,RockSlide,Protect|Jolly||M|||50|]Farigiraf||SitrusBerry|ArmorTail|Psychic,Thunderbolt,TrickRoom,HelpingHand|Bold||M|||50|]Kingambit||FocusSash|Defiant|KowtowCleave,IronHead,SuckerPunch,LowKick|Adamant||F|||50|]Sylveon||FairyFeather|Pixilate|HyperVoice,HyperBeam,QuickAttack,Protect|Modest||F|||50|
|inactive|Battle timer is ON: inactive players will automatically lose when time's up. (requested by Rotsen1)
|inactive|ferpshowdown has 60 seconds left.
|
|t:|1782727495
|teamsize|p1|4
|teamsize|p2|4
|start
|switch|p1a: Grimmsnarl|Grimmsnarl, L50, M|100/100
|switch|p1b: Ninetales|Ninetales-Alola, L50, F|100/100
|switch|p2a: Aerodactyl|Aerodactyl, L50, F|100/100
|switch|p2b: Garchomp|Garchomp, L50, M|100/100
|-ability|p2a: Aerodactyl|Unnerve
|-weather|Snowscape|[from] ability: Snow Warning|[of] p1b: Ninetales
|turn|1
|
|t:|1782727519
|move|p2b: Garchomp|Protect|p2b: Garchomp
|-singleturn|p2b: Garchomp|Protect
|move|p1a: Grimmsnarl|Reflect|p1a: Grimmsnarl
|-sidestart|p1: Rotsen1|Reflect
|move|p2a: Aerodactyl|Tailwind|p2a: Aerodactyl
|-sidestart|p2: ferpshowdown|move: Tailwind
|move|p1b: Ninetales|Aurora Veil|p1b: Ninetales
|-sidestart|p1: Rotsen1|move: Aurora Veil
|
|-weather|Snowscape|[upkeep]
|upkeep
|turn|2
|
|t:|1782727534
|move|p1a: Grimmsnarl|Light Screen|p1a: Grimmsnarl
|-sidestart|p1: Rotsen1|move: Light Screen
|move|p2a: Aerodactyl|Rock Slide|p1b: Ninetales|[spread] p1a,p1b
|-supereffective|p1b: Ninetales|1
|-damage|p1a: Grimmsnarl|80/100
|-damage|p1b: Ninetales|69/100
|move|p2b: Garchomp|Rock Slide|p1a: Grimmsnarl|[spread] p1a,p1b
|-supereffective|p1b: Ninetales|1
|-damage|p1a: Grimmsnarl|59/100
|-damage|p1b: Ninetales|36/100
|-damage|p2b: Garchomp|90/100|[from] item: Life Orb
|cant|p1b: Ninetales|flinch
|
|-weather|Snowscape|[upkeep]
|upkeep
|turn|3
|
|t:|1782727551
|move|p2a: Aerodactyl|Rock Slide|p1b: Ninetales|[spread] p1b
|-miss|p2a: Aerodactyl|p1a: Grimmsnarl
|-supereffective|p1b: Ninetales|1
|-damage|p1b: Ninetales|1/100
|move|p2b: Garchomp|Rock Slide|p1b: Ninetales|[spread] p1a,p1b
|-supereffective|p1b: Ninetales|1
|-damage|p1a: Grimmsnarl|38/100
|-damage|p1b: Ninetales|0 fnt
|faint|p1b: Ninetales
|-damage|p2b: Garchomp|80/100|[from] item: Life Orb
|move|p1a: Grimmsnarl|Spirit Break|p2b: Garchomp
|-supereffective|p2b: Garchomp|1
|-crit|p2b: Garchomp
|-damage|p2b: Garchomp|0 fnt
|-damage|p1a: Grimmsnarl|25/100|[from] ability: Rough Skin|[of] p2b: Garchomp
|faint|p2b: Garchomp
|
|-weather|Snowscape|[upkeep]
|upkeep
|
|t:|1782727571
|switch|p2b: Charizard|Charizard, L50, F|100/100
|switch|p1b: Florges|Florges, L50, F|100/100
|turn|4
|
|t:|1782727589
|detailschange|p2b: Charizard|Charizard-Mega-Y, L50, F
|-mega|p2b: Charizard|Charizard|Charizardite Y
|-weather|SunnyDay|[from] ability: Drought|[of] p2b: Charizard
|move|p2a: Aerodactyl|Rock Slide|p1a: Grimmsnarl|[spread] p1a
|-miss|p2a: Aerodactyl|p1b: Florges
|-damage|p1a: Grimmsnarl|5/100
|move|p2b: Charizard|Weather Ball|p1b: Florges
|-damage|p1b: Florges|63/100
|move|p1b: Florges|Dazzling Gleam|p2b: Charizard|[spread] p2a,p2b
|-resisted|p2b: Charizard|1
|-damage|p2a: Aerodactyl|63/100
|-damage|p2b: Charizard|86/100
|move|p1a: Grimmsnarl|Spirit Break|p2b: Charizard
|-resisted|p2b: Charizard|1
|-damage|p2b: Charizard|65/100
|-unboost|p2b: Charizard|spa|1
|
|-weather|SunnyDay|[upkeep]
|-sideend|p2: ferpshowdown|move: Tailwind
|upkeep
|turn|5
|
|t:|1782727613
|move|p2a: Aerodactyl|Rock Slide|p1b: Florges|[spread] p1a,p1b
|-damage|p1a: Grimmsnarl|0 fnt
|-damage|p1b: Florges|36/100
|faint|p1a: Grimmsnarl
|move|p2b: Charizard|Weather Ball|p1b: Florges
|-damage|p1b: Florges|8/100
|move|p1b: Florges|Psychic|p2b: Charizard
|-damage|p2b: Charizard|39/100
|
|-weather|SunnyDay|[upkeep]
|-sideend|p1: Rotsen1|move: Aurora Veil
|upkeep
|
|t:|1782727626
|switch|p1a: Alakazam|Alakazam, L50, F|100/100
|turn|6
|
|t:|1782727633
|detailschange|p1a: Alakazam|Alakazam-Mega, L50, F
|-mega|p1a: Alakazam|Alakazam|Alakazite
|-ability|p1a: Alakazam|Drought|Trace|[from] ability: Trace|[of] p2b: Charizard
|move|p1b: Florges|Protect|p1b: Florges
|-singleturn|p1b: Florges|Protect
|move|p2a: Aerodactyl|Rock Slide|p1b: Florges|[spread] p1a
|-activate|p1b: Florges|move: Protect
|-damage|p1a: Alakazam|68/100
|move|p1a: Alakazam|Shadow Ball|p2b: Charizard
|-damage|p2b: Charizard|1/100
|move|p2b: Charizard|Weather Ball|p1a: Alakazam
|-damage|p1a: Alakazam|30/100
|
|-weather|SunnyDay|[upkeep]
|upkeep
|turn|7
|
|t:|1782727653
|move|p2b: Charizard|Protect|p2b: Charizard
|-singleturn|p2b: Charizard|Protect
|move|p2a: Aerodactyl|Rock Slide|p1a: Alakazam|[spread] p1a,p1b
|-damage|p1a: Alakazam|0 fnt
|-damage|p1b: Florges|0 fnt
|faint|p1a: Alakazam
|faint|p1b: Florges
|
|win|ferpshowdown
||ferpshowdown is ready for game 2.
|inactive|Rotsen1 has 30 seconds to confirm battle start!
|raw|Rotsen1's rating: 1074 → 1055(-19 for losing)
|raw|ferpshowdown's rating: 1106 → 1129(+23 for winning)
|l|☆Rotsen1
|player|p1|
