|j|☆dcerza127
|j|☆dialghite
|html|dcerza127dialghite    
|uhtml|bestof|Game 3 of a best-of-3
|t:|1754494580
|gametype|doubles
|player|p1|dcerza127|101|1292
|player|p2|dialghite|volkner|1384
|gen|9
|tier|[Gen 9] VGC 2025 Reg H (Bo3)
|rated|
|rule|Species Clause: Limit one of each Pokémon
|rule|Item Clause: Limit 1 of each item
|clearpoke
|poke|p1|Meowscarada, L50, M|
|poke|p1|Primarina, L50, M|
|poke|p1|Sneasler, L50, M|
|poke|p1|Indeedee, L50, M|
|poke|p1|Decidueye-Hisui, L50, F|
|poke|p1|Arcanine-Hisui, L50, F|
|poke|p2|Whimsicott, L50, F|
|poke|p2|Dragonite, L50, F|
|poke|p2|Indeedee, L50, M|
|poke|p2|Sneasler, L50, F|
|poke|p2|Ursaluna-Bloodmoon, L50, M|
|poke|p2|Archaludon, L50, F|
|teampreview|4
|showteam|p1|Meowscarada||FocusSash|Overgrow|GrassPledge,FlowerTrick,KnockOff,Protect|||M|||50|,,,,,Ghost]Primarina||CovertCloak|LiquidVoice|WaterPledge,HyperVoice,Moonblast,Protect|||M|||50|,,,,,Poison]Sneasler||PsychicSeed|Unburden|DireClaw,CloseCombat,ThroatChop,Protect|||M|||50|,,,,,Dark]Indeedee||SafetyGoggles|PsychicSurge|ExpandingForce,TrickRoom,Imprison,Protect|||M|||50|,,,,,Fairy]Decidueye-Hisui||RazorClaw|Scrappy|TripleArrows,LeafBlade,Tailwind,Protect|||F|||50|,,,,,Fire]Arcanine-Hisui||ClearAmulet|Intimidate|RockSlide,FlareBlitz,ExtremeSpeed,Protect|||F|||50|,,,,,Normal
|showteam|p2|Whimsicott||CovertCloak|Prankster|Moonblast,Taunt,Tailwind,FakeTears|||F|||50|,,,,,Water]Dragonite||LoadedDice|Multiscale|ScaleShot,StompingTantrum,Haze,Protect|||F|||50|,,,,,Steel]Indeedee||FocusSash|PsychicSurge|ExpandingForce,TeraBlast,Imprison,TrickRoom|||M|||50|,,,,,Psychic]Sneasler||PsychicSeed|Unburden|CloseCombat,DireClaw,ThroatChop,Protect|||F|||50|,,,,,Dark]Ursaluna-Bloodmoon||LifeOrb|MindsEye|HyperVoice,BloodMoon,EarthPower,Protect|||M|||50|,,,,,Normal]Archaludon||PowerHerb|Stalwart|ElectroShot,DragonPulse,Thunderbolt,Protect|||F|||50|,,,,,Electric
|inactive|Battle timer is ON: inactive players will automatically lose when time's up. (requested by dcerza127)
|inactive|dcerza127 has 60 seconds left.
|
|t:|1754494612
|teamsize|p1|4
|teamsize|p2|4
|start
|switch|p1a: Sneasler|Sneasler, L50, M|100/100
|switch|p1b: Indeedee|Indeedee, L50, M|100/100
|switch|p2a: Dragonite|Dragonite, L50, F|100/100
|switch|p2b: Whimsicott|Whimsicott, L50, F|100/100
|-fieldstart|move: Psychic Terrain|[from] ability: Psychic Surge|[of] p1b: Indeedee
|-enditem|p1a: Sneasler|Psychic Seed
|-boost|p1a: Sneasler|spd|1|[from] item: Psychic Seed
|turn|1
|inactive|dialghite has 30 seconds left.
|inactive|dcerza127 has 30 seconds left.
|
|t:|1754494648
|move|p1a: Sneasler|Protect|p1a: Sneasler
|-singleturn|p1a: Sneasler|Protect
|move|p1b: Indeedee|Protect|p1b: Indeedee
|-singleturn|p1b: Indeedee|Protect
|move|p2b: Whimsicott|Moonblast|p1b: Indeedee
|-activate|p1b: Indeedee|move: Protect
|move|p2a: Dragonite|Scale Shot|p1a: Sneasler
|-activate|p1a: Sneasler|move: Protect
|
|upkeep
|turn|2
|inactive|dcerza127 has 30 seconds left.
|inactive|dcerza127 has 20 seconds left.
|inactive|dcerza127 has 15 seconds left.
|inactive|dcerza127 has 10 seconds left.
|
|t:|1754494696
|-terastallize|p1b: Indeedee|Fairy
|move|p2b: Whimsicott|Tailwind|p2b: Whimsicott
|-sidestart|p2: dialghite|move: Tailwind
|move|p1a: Sneasler|Dire Claw|p2b: Whimsicott
|-supereffective|p2b: Whimsicott
|-damage|p2b: Whimsicott|0 fnt
|faint|p2b: Whimsicott
|move|p2a: Dragonite|Scale Shot|p1a: Sneasler
|-damage|p1a: Sneasler|76/100
|-damage|p1a: Sneasler|53/100
|-damage|p1a: Sneasler|30/100
|-damage|p1a: Sneasler|5/100
|-damage|p1a: Sneasler|0 fnt
|faint|p1a: Sneasler
|-hitcount|p1: Sneasler|5
|-unboost|p2a: Dragonite|def|1
|-boost|p2a: Dragonite|spe|1
|move|p1b: Indeedee|Trick Room|p1b: Indeedee
|-fieldstart|move: Trick Room|[of] p1b: Indeedee
|
|upkeep
|inactive|dialghite has 30 seconds left.
|
|t:|1754494724
|switch|p1a: Primarina|Primarina, L50, M|100/100
|switch|p2b: Indeedee|Indeedee, L50, M|100/100
|turn|3
|
|t:|1754494743
|move|p1a: Primarina|Moonblast|p2b: Indeedee
|-damage|p2b: Indeedee|31/100
|-unboost|p2b: Indeedee|spa|1
|move|p1b: Indeedee|Expanding Force|p2a: Dragonite|[spread] p2a,p2b
|-resisted|p2b: Indeedee
|-damage|p2a: Dragonite|71/100
|-damage|p2b: Indeedee|0 fnt
|faint|p2b: Indeedee
|move|p2a: Dragonite|Stomping Tantrum|p1a: Primarina
|-damage|p1a: Primarina|69/100
|
|upkeep
|
|t:|1754494754
|switch|p2b: Sneasler|Sneasler, L50, F|100/100
|-enditem|p2b: Sneasler|Psychic Seed
|-boost|p2b: Sneasler|spd|1|[from] item: Psychic Seed
|turn|4
|
|t:|1754494769
|-terastallize|p2b: Sneasler|Dark
|move|p1a: Primarina|Moonblast|p2b: Sneasler
|-supereffective|p2b: Sneasler
|-damage|p2b: Sneasler|7/100
|move|p1b: Indeedee|Expanding Force|p2b: Sneasler|[spread] p2a
|-immune|p2b: Sneasler
|-damage|p2a: Dragonite|17/100
|move|p2a: Dragonite|Stomping Tantrum|p1a: Primarina
|-damage|p1a: Primarina|39/100
|move|p2b: Sneasler|Dire Claw|p1b: Indeedee
|-supereffective|p1b: Indeedee
|-damage|p1b: Indeedee|0 fnt
|faint|p1b: Indeedee
|
|upkeep
|
|t:|1754494783
|switch|p1b: Meowscarada|Meowscarada, L50, M|100/100
|turn|5
|
|t:|1754494796
|move|p2a: Dragonite|Protect|p2a: Dragonite
|-singleturn|p2a: Dragonite|Protect
|move|p2b: Sneasler|Protect|p2b: Sneasler
|-singleturn|p2b: Sneasler|Protect
|move|p1a: Primarina|Hyper Voice|p2a: Dragonite|[spread] 
|-activate|p2a: Dragonite|move: Protect
|-activate|p2b: Sneasler|move: Protect
|move|p1b: Meowscarada|Knock Off|p2a: Dragonite
|-activate|p2a: Dragonite|move: Protect
|
|-sideend|p2: dialghite|move: Tailwind
|-fieldend|move: Psychic Terrain
|upkeep
|turn|6
|
|t:|1754494812
|move|p2a: Dragonite|Protect|p2a: Dragonite
|-singleturn|p2a: Dragonite|Protect
|move|p2b: Sneasler|Protect|p2b: Sneasler
|-singleturn|p2b: Sneasler|Protect
|move|p1a: Primarina|Moonblast|p2a: Dragonite
|-activate|p2a: Dragonite|move: Protect
|move|p1b: Meowscarada|Flower Trick|p2b: Sneasler
|-activate|p2b: Sneasler|move: Protect
|
|-fieldend|move: Trick Room
|upkeep
|turn|7
|c|☆dcerza127|HAHA
|c|☆dcerza127|gg
|c|☆dialghite|ggsorry
|inactive|dcerza127 has 30 seconds left.
|inactive|dcerza127 has 20 seconds left.
|
|t:|1754494848
|move|p2b: Sneasler|Dire Claw|p1a: Primarina
|-supereffective|p1a: Primarina
|-damage|p1a: Primarina|0 fnt
|faint|p1a: Primarina
|move|p2a: Dragonite|Scale Shot|p1b: Meowscarada
|-crit|p1b: Meowscarada
|-damage|p1b: Meowscarada|66/100
|-damage|p1b: Meowscarada|42/100
|-damage|p1b: Meowscarada|20/100
|-damage|p1b: Meowscarada|0 fnt
|faint|p1b: Meowscarada
|-hitcount|p1: Meowscarada|4
|
|win|dialghite
|raw|dcerza127's rating: 1292 → 1273(-19 for losing)
|raw|dialghite's rating: 1384 → 1399(+15 for winning)
|l|☆dcerza127
|player|p1|
|j|☆dcerza127
|player|p1|dcerza127|101|
|l|☆dialghite
|player|p2|
