|j|☆RaikuDraco
|j|☆catnip enthusiast
|html|RaikuDracocatnip enthusiast    
|uhtml|bestof|Game 1 of a best-of-3
|t:|1757112900
|gametype|doubles
|player|p1|RaikuDraco|drake-gen3|1215
|player|p2|catnip enthusiast|bianca|1209
|gen|9
|tier|[Gen 9] VGC 2025 Reg H (Bo3)
|rated|
|rule|Species Clause: Limit one of each Pokémon
|rule|Item Clause: Limit 1 of each item
|clearpoke
|poke|p1|Archaludon, L50, F|
|poke|p1|Sinistcha-Masterpiece, L50|
|poke|p1|Dragonite, L50, M|
|poke|p1|Pelipper, L50, M|
|poke|p1|Ursaluna, L50, M|
|poke|p1|Gholdengo, L50|
|poke|p2|Ursaluna, L50, F|
|poke|p2|Gholdengo, L50|
|poke|p2|Incineroar, L50, F|
|poke|p2|Porygon2, L50|
|poke|p2|Kilowattrel, L50, F|
|poke|p2|Amoonguss, L50, M|
|teampreview|4
|showteam|p1|Archaludon||AssaultVest|Stamina|BodyPress,Snarl,ElectroShot,FlashCannon|||F|||50|,,,,,Fighting]Sinistcha-Masterpiece||SitrusBerry|Hospitality|MatchaGotcha,RagePowder,TrickRoom,LifeDew||||||50|,,,,,Dark]Dragonite||LoadedDice|Multiscale|ScaleShot,Protect,Tailwind,Haze|||M|||50|,,,,,Steel]Pelipper||FocusSash|Drizzle|WeatherBall,Hurricane,Tailwind,Protect|||M|||50|,,,,,Ground]Ursaluna||FlameOrb|Guts|Facade,HeadlongRush,Earthquake,Protect|||M|||50|,,,,,Ghost]Gholdengo||ChoiceScarf|GoodasGold|MakeItRain,TeraBlast,ShadowBall,Trick||||||50|,,,,,Water
|showteam|p2|Ursaluna||FlameOrb|Guts|Facade,HeadlongRush,Protect,Earthquake|||F|||50|,,,,,Fairy]Gholdengo||LifeOrb|GoodasGold|MakeItRain,ShadowBall,NastyPlot,Protect||||||50|,,,,,Dragon]Incineroar||AssaultVest|Intimidate|FakeOut,FlareBlitz,KnockOff,Uturn|||F|||50|,,,,,Grass]Porygon2||Eviolite|Download|TeraBlast,IceBeam,TrickRoom,Recover||||||50|,,,,,Fighting]Kilowattrel||FocusSash|Competitive|Thunderbolt,AirSlash,Tailwind,Protect|||F|||50|,,,,,Ghost]Amoonguss||SitrusBerry|Regenerator|Spore,RagePowder,PollenPuff,Protect|||M|||50|,,,,,Water
|inactive|Battle timer is ON: inactive players will automatically lose when time's up. (requested by RaikuDraco)
|inactive|RaikuDraco has 60 seconds left.
|
|t:|1757112961
|teamsize|p1|4
|teamsize|p2|4
|start
|switch|p1a: Ursaluna|Ursaluna, L50, M|100/100
|switch|p1b: Gholdengo|Gholdengo, L50|100/100
|switch|p2a: Wattrina|Kilowattrel, L50, F|100/100
|switch|p2b: Doughboy|Gholdengo, L50|100/100
|turn|1
|inactive|RaikuDraco has 30 seconds left.
|inactive|catnip enthusiast has 30 seconds left.
|inactive|RaikuDraco has 20 seconds left.
|inactive|RaikuDraco has 15 seconds left.
|inactive|RaikuDraco has 10 seconds left.
|
|t:|1757113009
|-terastallize|p1b: Gholdengo|Water
|move|p1b: Gholdengo|Shadow Ball|p2a: Wattrina
|-damage|p2a: Wattrina|16/100
|move|p2a: Wattrina|Thunderbolt|p1b: Gholdengo
|-supereffective|p1b: Gholdengo
|-crit|p1b: Gholdengo
|-damage|p1b: Gholdengo|0 fnt
|faint|p1b: Gholdengo
|move|p2b: Doughboy|Shadow Ball|p1a: Ursaluna
|-immune|p1a: Ursaluna
|move|p1a: Ursaluna|Facade|p2a: Wattrina
|-damage|p2a: Wattrina|0 fnt
|faint|p2a: Wattrina
|
|-status|p1a: Ursaluna|brn|[from] item: Flame Orb
|upkeep
|
|t:|1757113030
|switch|p2a: JPEGMAFIA|Porygon2, L50|100/100
|switch|p1b: Pelipper|Pelipper, L50, M|100/100
|-weather|RainDance|[from] ability: Drizzle|[of] p1b: Pelipper
|-ability|p2a: JPEGMAFIA|Download|boost
|-boost|p2a: JPEGMAFIA|spa|1
|turn|2
|inactive|RaikuDraco has 30 seconds left.
|inactive|catnip enthusiast has 30 seconds left.
|inactive|RaikuDraco has 20 seconds left.
|inactive|catnip enthusiast has 20 seconds left.
|inactive|catnip enthusiast has 15 seconds left.
|
|t:|1757113073
|move|p2b: Doughboy|Protect|p2b: Doughboy
|-singleturn|p2b: Doughboy|Protect
|move|p1b: Pelipper|Hurricane|p2a: JPEGMAFIA
|-damage|p2a: JPEGMAFIA|71/100
|move|p1a: Ursaluna|Earthquake|p2b: Doughboy|[spread] p2a
|-activate|p2b: Doughboy|move: Protect
|-immune|p1b: Pelipper
|-damage|p2a: JPEGMAFIA|32/100
|move|p2a: JPEGMAFIA|Ice Beam|p1a: Ursaluna
|-supereffective|p1a: Ursaluna
|-damage|p1a: Ursaluna|20/100 brn
|
|-weather|RainDance|[upkeep]
|-damage|p1a: Ursaluna|14/100 brn|[from] brn
|upkeep
|turn|3
|inactive|RaikuDraco has 30 seconds left.
|inactive|RaikuDraco has 20 seconds left.
|inactive|RaikuDraco has 15 seconds left.
|
|t:|1757113117
|-terastallize|p2b: Doughboy|Dragon
|move|p1a: Ursaluna|Protect|p1a: Ursaluna
|-singleturn|p1a: Ursaluna|Protect
|move|p2b: Doughboy|Make It Rain|p1b: Pelipper|[spread] p1b
|-activate|p1a: Ursaluna|move: Protect
|-resisted|p1b: Pelipper
|-damage|p1b: Pelipper|52/100
|-unboost|p2b: Doughboy|spa|1
|-damage|p2b: Doughboy|91/100|[from] item: Life Orb
|move|p1b: Pelipper|Tailwind|p1b: Pelipper
|-sidestart|p1: RaikuDraco|move: Tailwind
|move|p2a: JPEGMAFIA|Recover|p2a: JPEGMAFIA
|-heal|p2a: JPEGMAFIA|82/100
|
|-weather|RainDance|[upkeep]
|-damage|p1a: Ursaluna|8/100 brn|[from] brn
|upkeep
|turn|4
|inactive|RaikuDraco has 30 seconds left.
|inactive|RaikuDraco has 20 seconds left.
|inactive|RaikuDraco has 15 seconds left.
|
|t:|1757113158
|move|p1b: Pelipper|Weather Ball|p2a: JPEGMAFIA
|-damage|p2a: JPEGMAFIA|45/100
|move|p1a: Ursaluna|Facade|p2a: JPEGMAFIA
|-damage|p2a: JPEGMAFIA|0 fnt
|faint|p2a: JPEGMAFIA
|move|p2b: Doughboy|Shadow Ball|p1b: Pelipper
|-damage|p1b: Pelipper|0 fnt
|faint|p1b: Pelipper
|-damage|p2b: Doughboy|81/100|[from] item: Life Orb
|
|-weather|RainDance|[upkeep]
|-damage|p1a: Ursaluna|2/100 brn|[from] brn
|upkeep
|
|t:|1757113174
|switch|p1b: Archaludon|Archaludon, L50, F|100/100
|switch|p2a: Peach Cobbler|Ursaluna, L50, F, shiny|100/100
|turn|5
|inactive|RaikuDraco has 30 seconds left.
|inactive|RaikuDraco has 20 seconds left.
|inactive|RaikuDraco has 15 seconds left.
|inactive|RaikuDraco has 10 seconds left.
|
|t:|1757113220
|move|p2b: Doughboy|Protect|p2b: Doughboy
|-singleturn|p2b: Doughboy|Protect
|move|p2a: Peach Cobbler|Protect|p2a: Peach Cobbler
|-singleturn|p2a: Peach Cobbler|Protect
|move|p1b: Archaludon|Snarl|p2b: Doughboy|[spread] 
|-activate|p2a: Peach Cobbler|move: Protect
|-activate|p2b: Doughboy|move: Protect
|move|p1a: Ursaluna|Facade|p2a: Peach Cobbler
|-activate|p2a: Peach Cobbler|move: Protect
|
|-weather|RainDance|[upkeep]
|-damage|p1a: Ursaluna|0 fnt|[from] brn
|faint|p1a: Ursaluna
|-status|p2a: Peach Cobbler|brn|[from] item: Flame Orb
|upkeep
|turn|6
|inactive|RaikuDraco has 30 seconds left.
|inactive|RaikuDraco has 20 seconds left.
|
|t:|1757113256
|move|p1b: Archaludon|Body Press|p2a: Peach Cobbler
|-supereffective|p2a: Peach Cobbler
|-damage|p2a: Peach Cobbler|59/100 brn
|move|p2b: Doughboy|Nasty Plot|p2b: Doughboy
|-boost|p2b: Doughboy|spa|2
|move|p2a: Peach Cobbler|Headlong Rush|p1b: Archaludon
|-supereffective|p1b: Archaludon
|-damage|p1b: Archaludon|0 fnt
|-unboost|p2a: Peach Cobbler|def|1
|-unboost|p2a: Peach Cobbler|spd|1
|faint|p1b: Archaludon
|
|win|catnip enthusiast
||catnip enthusiast is ready for game 2.
||RaikuDraco is ready for game 2.
|uhtml|next|Next: Game 2 of 3
|l|☆catnip enthusiast
|player|p2|
