|j|☆Ribombees believer
|j|☆TailwindMakeItRain
|html|Ribombees believerTailwindMakeItRain    
|uhtml|bestof|Game 2 of a best-of-3
|t:|1757647001
|gametype|doubles
|player|p1|Ribombees believer|skier|1453
|player|p2|TailwindMakeItRain|iris|1533
|gen|9
|tier|[Gen 9] VGC 2025 Reg H (Bo3)
|rated|
|rule|Species Clause: Limit one of each Pokémon
|rule|Item Clause: Limit 1 of each item
|clearpoke
|poke|p1|Dondozo, L50, M|
|poke|p1|Tatsugiri, L50, M|
|poke|p1|Indeedee, L50, M|
|poke|p1|Dragapult, L50, M|
|poke|p1|Ribombee, L50, F|
|poke|p1|Gholdengo, L50|
|poke|p2|Gholdengo, L50|
|poke|p2|Ursaluna-Bloodmoon, L50, M|
|poke|p2|Rillaboom, L50, M|
|poke|p2|Incineroar, L50, M|
|poke|p2|Sneasler, L50, F|
|poke|p2|Annihilape, L50, M|
|teampreview|4
|showteam|p1|Dondozo||Leftovers|Unaware|WaveCrash,Earthquake,OrderUp,Protect|||M|||50|,,,,,Grass]Tatsugiri||ChoiceScarf|Commander|MuddyWater,DracoMeteor,DragonPulse,TeraBlast|||M|||50|,,,,,Fairy]Indeedee||FocusSash|PsychicSurge|ExpandingForce,TeraBlast,HyperVoice,Protect|||M|||50|,,,,,Fighting]Dragapult||ChoiceBand|ClearBody|DragonDarts,Outrage,PhantomForce,Uturn|||M|||50|,,,,,Dragon]Ribombee||ChoiceSpecs|ShieldDust|Moonblast,PollenPuff,DazzlingGleam,TeraBlast|||F|||50|,,,,,Ground]Gholdengo||LifeOrb|GoodasGold|MakeItRain,ShadowBall,Thunderbolt,Protect||||||50|,,,,,Water
|showteam|p2|Gholdengo||ChoiceScarf|GoodasGold|MakeItRain,ShadowBall,Trick,Protect||||||50|,,,,,Steel]Ursaluna-Bloodmoon||Leftovers|MindsEye|BloodMoon,EarthPower,CalmMind,Protect|||M|||50|,,,,,Water]Rillaboom||AssaultVest|GrassySurge|DrumBeating,GrassyGlide,HighHorsepower,FakeOut|||M|||50|,,,,,Fire]Incineroar||SitrusBerry|Intimidate|PartingShot,FlareBlitz,KnockOff,FakeOut|||M|||50|,,,,,Ghost]Sneasler||GrassySeed|Unburden|DireClaw,CloseCombat,Acrobatics,Protect|||F|||50|,,,,,Flying]Annihilape||SafetyGoggles|Defiant|RageFist,CloseCombat,FinalGambit,Coaching|||M|||50|,,,,,Fire
|j| teamthief420
|inactive|Battle timer is ON: inactive players will automatically lose when time's up. (requested by Ribombees believer)
|
|t:|1757647011
|teamsize|p1|4
|teamsize|p2|4
|start
|switch|p1a: ilaunchmybro|Dragapult, L50, M|100/100
|switch|p1b: Gholdengo|Gholdengo, L50|100/100
|switch|p2a: Gholdengo|Gholdengo, L50|100/100
|switch|p2b: Incineroar|Incineroar, L50, M|100/100
|-ability|p2b: Incineroar|Intimidate|boost
|-fail|p1a: ilaunchmybro|unboost|[from] ability: Clear Body|[of] p1a: ilaunchmybro
|-unboost|p1b: Gholdengo|atk|1
|turn|1
|inactive|Ribombees believer has 30 seconds left.
|
|t:|1757647042
|-terastallize|p1a: ilaunchmybro|Dragon
|move|p2a: Gholdengo|Shadow Ball|p1a: ilaunchmybro
|-damage|p1a: ilaunchmybro|36/100
|move|p1a: ilaunchmybro|Dragon Darts|p2a: Gholdengo
|-resisted|p2a: Gholdengo
|-damage|p2a: Gholdengo|70/100
|-anim|p1a: ilaunchmybro|Dragon Darts|p2b: Incineroar
|-damage|p2b: Incineroar|45/100
|-enditem|p2b: Incineroar|Sitrus Berry|[eat]
|-heal|p2b: Incineroar|70/100|[from] item: Sitrus Berry
|move|p1b: Gholdengo|Shadow Ball|p2a: Gholdengo
|-supereffective|p2a: Gholdengo
|-damage|p2a: Gholdengo|0 fnt
|faint|p2a: Gholdengo
|-damage|p1b: Gholdengo|91/100|[from] item: Life Orb
|move|p2b: Incineroar|Knock Off|p1b: Gholdengo
|-supereffective|p1b: Gholdengo
|-damage|p1b: Gholdengo|4/100
|-enditem|p1b: Gholdengo|Life Orb|[from] move: Knock Off|[of] p2b: Incineroar
|
|upkeep
|
|t:|1757647050
|switch|p2a: Rillaboom|Rillaboom, L50, M|100/100
|-fieldstart|move: Grassy Terrain|[from] ability: Grassy Surge|[of] p2a: Rillaboom
|turn|2
|
|t:|1757647070
|switch|p1a: Alaskan Roll|Tatsugiri, L50, M|100/100
|switch|p1b: Big Back|Dondozo, L50, M|100/100
|-activate|p1a: Alaskan Roll|ability: Commander|[of] p1b: Big Back
|-boost|p1b: Big Back|atk|2
|-boost|p1b: Big Back|spa|2
|-boost|p1b: Big Back|spe|2
|-boost|p1b: Big Back|def|2
|-boost|p1b: Big Back|spd|2
|move|p2a: Rillaboom|Fake Out|p1a: Alaskan Roll|[miss]
|-miss|p2a: Rillaboom|p1a: Alaskan Roll
|move|p2b: Incineroar|Parting Shot|p1a: Alaskan Roll|[miss]
|-miss|p2b: Incineroar|p1a: Alaskan Roll
|
|-heal|p2b: Incineroar|76/100|[from] Grassy Terrain
|upkeep
|turn|3
|inactive|TailwindMakeItRain has 30 seconds left.
|
|t:|1757647098
|-terastallize|p2b: Incineroar|Ghost
|move|p1b: Big Back|Wave Crash|p2b: Incineroar
|-damage|p2b: Incineroar|0 fnt
|faint|p2b: Incineroar
|-damage|p1b: Big Back|79/100|[from] Recoil
|move|p2a: Rillaboom|Drum Beating|p1b: Big Back
|-supereffective|p1b: Big Back
|-damage|p1b: Big Back|46/100
|-unboost|p1b: Big Back|spe|1
|
|-heal|p1b: Big Back|52/100|[from] Grassy Terrain
|-heal|p1b: Big Back|59/100|[from] item: Leftovers
|upkeep
|
|t:|1757647101
|switch|p2b: Ursaluna|Ursaluna-Bloodmoon, L50, M|100/100
|turn|4
|
|t:|1757647114
|move|p1b: Big Back|Protect|p1b: Big Back
|-singleturn|p1b: Big Back|Protect
|move|p2a: Rillaboom|Drum Beating|p1b: Big Back
|-activate|p1b: Big Back|move: Protect
|move|p2b: Ursaluna|Blood Moon|p1b: Big Back
|-activate|p1b: Big Back|move: Protect
|
|-heal|p1b: Big Back|65/100|[from] Grassy Terrain
|-heal|p1b: Big Back|71/100|[from] item: Leftovers
|upkeep
|turn|5
|-message|TailwindMakeItRain forfeited.
|
|win|Ribombees believer
|raw|Ribombees believer's rating: 1453 → 1478(+25 for winning)
|raw|TailwindMakeItRain's rating: 1533 → 1508(-25 for losing)
|l| teamthief420
|l|☆TailwindMakeItRain
|player|p2|
