|j|☆whissoo
|j|☆rapidcream
|html|whissoorapidcream    
|uhtml|bestof|Game 2 of a best-of-3
|t:|1785676383
|gametype|doubles
|player|p1|whissoo|265|1086
|player|p2|rapidcream|swimmerf-gen4|1029
|gen|9
|tier|[Gen 9 Champions] VGC 2026 Reg M-B (Bo3)
|rated|
|rule|Species Clause: Limit one of each Pokémon
|rule|Item Clause: Limit 1 of each item
|clearpoke
|poke|p1|Kommo-o, L50, F, shiny|
|poke|p1|Excadrill, L50, F, shiny|
|poke|p1|Tyranitar, L50, M|
|poke|p1|Grimmsnarl, L50, M|
|poke|p1|Scovillain, L50, M|
|poke|p1|Basculegion, L50, M|
|poke|p2|Blaziken, L50, F|
|poke|p2|Kingambit, L50, F|
|poke|p2|Sableye, L50, M|
|poke|p2|Ninetales-Alola, L50, F|
|poke|p2|Primarina, L50, F|
|poke|p2|Dragapult, L50, M|
|teampreview|4
|showteam|p1|Kommo-o||Leftovers|Overcoat|ClangingScales,ClangorousSoul,AuraSphere,Protect|Modest||F|||50|]Excadrill||LifeOrb|SandRush|HighHorsepower,RockSlide,IronHead,Protect|Adamant||F|||50|]Tyranitar||Tyranitarite|SandStream|DragonDance,RockSlide,KnockOff,Protect|Jolly||M|||50|]Grimmsnarl||LightClay|Prankster|SpiritBreak,LightScreen,Reflect,FakeOut|Impish||M|||50|]Scovillain||Scovillainite|Moody|Protect,RagePowder,Overheat,EnergyBall|Bold||M|||50|]Basculegion||ChoiceScarf|Adaptability|WaveCrash,LastRespects,AquaJet,FlipTurn|Adamant||M|||50|
|showteam|p2|Blaziken||Blazikenite|SpeedBoost|FlareBlitz,CloseCombat,RockSlide,Protect|Adamant||F|||50|]Kingambit||LifeOrb|Defiant|SuckerPunch,KowtowCleave,IronHead,Protect|Adamant||F|||50|]Sableye||FocusSash|Prankster|FakeOut,Encore,HelpingHand,Disable|Calm||M|||50|]Ninetales-Alola||LightClay|SnowWarning|AuroraVeil,Blizzard,FreezeDry,Protect|Timid||F|||50|]Primarina||SitrusBerry|LiquidVoice|HyperVoice,Moonblast,Protect,Blizzard|Timid||F|||50|]Dragapult||ExpertBelt|Infiltrator|BreakingSwipe,WillOWisp,PhantomForce,Protect|Jolly||M|||50|
|
|t:|1785676423
|teamsize|p1|4
|teamsize|p2|4
|start
|switch|p1a: Basculegion|Basculegion, L50, M|100/100
|switch|p1b: Scovillain|Scovillain, L50, M|100/100
|switch|p2a: Sableye|Sableye, L50, M|100/100
|switch|p2b: Dragapult|Dragapult, L50, M|100/100
|turn|1
|
|t:|1785676453
|move|p2b: Dragapult|Protect|p2b: Dragapult
|-singleturn|p2b: Dragapult|Protect
|move|p2a: Sableye|Fake Out|p1b: Scovillain
|-damage|p1b: Scovillain|91/100
|cant|p1b: Scovillain|flinch
|move|p1a: Basculegion|Wave Crash|p2a: Sableye
|-enditem|p2a: Sableye|Focus Sash
|-damage|p2a: Sableye|1/100
|-damage|p1a: Basculegion|74/100|[from] Recoil
|
|-ability|p1b: Scovillain|Moody|boost
|-boost|p1b: Scovillain|atk|2
|-unboost|p1b: Scovillain|spd|1
|upkeep
|turn|2
|
|t:|1785676469
|move|p1b: Scovillain|Rage Powder|p1b: Scovillain
|-singleturn|p1b: Scovillain|move: Rage Powder
|move|p2a: Sableye|Disable|p1b: Scovillain
|-start|p1b: Scovillain|Disable|Rage Powder
|move|p1a: Basculegion|Wave Crash|p2a: Sableye
|-damage|p2a: Sableye|0 fnt
|faint|p2a: Sableye
|-damage|p1a: Basculegion|73/100|[from] Recoil
|move|p2b: Dragapult|Will-O-Wisp|p1b: Scovillain
|-immune|p1b: Scovillain
|
|-ability|p1b: Scovillain|Moody|boost
|-boost|p1b: Scovillain|spd|2
|-unboost|p1b: Scovillain|spe|1
|upkeep
|
|t:|1785676477
|switch|p2a: Ninetales|Ninetales-Alola, L50, F|100/100
|-weather|Snowscape|[from] ability: Snow Warning|[of] p2a: Ninetales
|turn|3
|j| reanschawrzer
|
|t:|1785676490
|switch|p1a: Tyranitar|Tyranitar, L50, M|100/100
|-weather|Sandstorm|[from] ability: Sand Stream|[of] p1a: Tyranitar
|detailschange|p1b: Scovillain|Scovillain-Mega, L50, M
|-mega|p1b: Scovillain|Scovillain|Scovillainite
|move|p2b: Dragapult|Breaking Swipe|p1a: Tyranitar|[spread] p1a,p1b
|-crit|p1a: Tyranitar
|-damage|p1a: Tyranitar|70/100
|-damage|p1b: Scovillain|70/100
|-unboost|p1a: Tyranitar|atk|1
|-unboost|p1b: Scovillain|atk|1
|-status|p2b: Dragapult|brn|[from] ability: Spicy Spray|[of] p1b: Scovillain
|move|p2a: Ninetales|Freeze-Dry|p1a: Tyranitar
|-damage|p1a: Tyranitar|51/100
|move|p1b: Scovillain|Overheat|p2a: Ninetales|[miss]
|-miss|p1b: Scovillain|p2a: Ninetales
|
|-weather|Sandstorm|[upkeep]
|-damage|p2b: Dragapult|93/100 brn|[from] Sandstorm
|-damage|p2a: Ninetales|93/100|[from] Sandstorm
|-damage|p1b: Scovillain|64/100|[from] Sandstorm
|-damage|p2b: Dragapult|87/100 brn|[from] brn
|upkeep
|turn|4
|l| reanschawrzer
|
|t:|1785676529
|switch|p2a: Blaziken|Blaziken, L50, F|100/100
|move|p2b: Dragapult|Breaking Swipe|p1a: Tyranitar|[spread] p1a,p1b
|-damage|p1a: Tyranitar|42/100
|-damage|p1b: Scovillain|53/100
|-unboost|p1a: Tyranitar|atk|1
|-unboost|p1b: Scovillain|atk|1
|move|p1a: Tyranitar|Rock Slide|p2b: Dragapult|[spread] p2a,p2b
|-damage|p2a: Blaziken|78/100
|-damage|p2b: Dragapult|70/100 brn
|move|p1b: Scovillain|Overheat|p2b: Dragapult
|-resisted|p2b: Dragapult|1
|-damage|p2b: Dragapult|36/100 brn
|-unboost|p1b: Scovillain|spa|2
|
|-weather|Sandstorm|[upkeep]
|-damage|p2b: Dragapult|30/100 brn|[from] Sandstorm
|-damage|p2a: Blaziken|73/100|[from] Sandstorm
|-damage|p1b: Scovillain|47/100|[from] Sandstorm
|-damage|p2b: Dragapult|24/100 brn|[from] brn
|upkeep
|turn|5
|inactive|Battle timer is ON: inactive players will automatically lose when time's up. (requested by whissoo)
|
|t:|1785676551
|switch|p2b: Ninetales|Ninetales-Alola, L50, F|93/100
|-weather|Snowscape|[from] ability: Snow Warning|[of] p2b: Ninetales
|switch|p1b: Basculegion|Basculegion, L50, M|73/100
|detailschange|p2a: Blaziken|Blaziken-Mega, L50, F
|-mega|p2a: Blaziken|Blaziken|Blazikenite
|move|p2a: Blaziken|Rock Slide|p1b: Basculegion|[spread] p1a,p1b
|-damage|p1a: Tyranitar|21/100
|-damage|p1b: Basculegion|41/100
|cant|p1a: Tyranitar|flinch
|
|-weather|Snowscape|[upkeep]
|-ability|p2a: Blaziken|Speed Boost|boost
|-boost|p2a: Blaziken|spe|1
|upkeep
|turn|6
|
|t:|1785676569
|move|p2a: Blaziken|Protect|p2a: Blaziken
|-singleturn|p2a: Blaziken|Protect
|move|p1b: Basculegion|Wave Crash|p2a: Blaziken
|-activate|p2a: Blaziken|move: Protect
|move|p2b: Ninetales|Aurora Veil|p2b: Ninetales
|-sidestart|p2: rapidcream|move: Aurora Veil
|move|p1a: Tyranitar|Rock Slide|p2a: Blaziken|[spread] 
|-activate|p2a: Blaziken|move: Protect
|-miss|p1a: Tyranitar|p2b: Ninetales
|
|-weather|Snowscape|[upkeep]
|-ability|p2a: Blaziken|Speed Boost|boost
|-boost|p2a: Blaziken|spe|1
|upkeep
|turn|7
|
|t:|1785676580
|switch|p2b: Dragapult|Dragapult, L50, M|24/100 brn
|move|p2a: Blaziken|Rock Slide|p1b: Basculegion|[spread] p1a,p1b
|-crit|p1b: Basculegion
|-damage|p1a: Tyranitar|0 fnt
|-damage|p1b: Basculegion|0 fnt
|faint|p1a: Tyranitar
|faint|p1b: Basculegion
|
|-weather|Snowscape|[upkeep]
|-damage|p2b: Dragapult|18/100 brn|[from] brn
|-ability|p2a: Blaziken|Speed Boost|boost
|-boost|p2a: Blaziken|spe|1
|upkeep
|
|t:|1785676599
|switch|p1b: Scovillain|Scovillain-Mega, L50, M|47/100
|switch|p1a: Toni|Kommo-o, L50, F, shiny|100/100
|turn|8
|
|t:|1785676617
|move|p1b: Scovillain|Protect|p1b: Scovillain
|-singleturn|p1b: Scovillain|Protect
|move|p2a: Blaziken|Rock Slide|p1a: Toni|[spread] p1a
|-activate|p1b: Scovillain|move: Protect
|-resisted|p1a: Toni|1
|-damage|p1a: Toni|88/100
|move|p2b: Dragapult|Breaking Swipe|p1a: Toni|[spread] p1a
|-activate|p1b: Scovillain|move: Protect
|-supereffective|p1a: Toni|1
|-damage|p1a: Toni|61/100
|-unboost|p1a: Toni|atk|1
|cant|p1a: Toni|flinch
|
|-weather|Snowscape|[upkeep]
|-heal|p1a: Toni|67/100|[from] item: Leftovers
|-damage|p2b: Dragapult|12/100 brn|[from] brn
|-ability|p2a: Blaziken|Speed Boost|boost
|-boost|p2a: Blaziken|spe|1
|upkeep
|turn|9
|
|t:|1785676631
|move|p2a: Blaziken|Rock Slide|p1b: Scovillain|[spread] p1a,p1b
|-resisted|p1a: Toni|1
|-supereffective|p1b: Scovillain|1
|-damage|p1a: Toni|54/100
|-damage|p1b: Scovillain|0 fnt
|-immune|p2a: Blaziken
|faint|p1b: Scovillain
|move|p2b: Dragapult|Breaking Swipe|p1a: Toni
|-supereffective|p1a: Toni|1
|-damage|p1a: Toni|17/100
|-unboost|p1a: Toni|atk|1
|cant|p1a: Toni|flinch
|
|-weather|none
|-heal|p1a: Toni|23/100|[from] item: Leftovers
|-damage|p2b: Dragapult|6/100 brn|[from] brn
|-ability|p2a: Blaziken|Speed Boost|boost
|-boost|p2a: Blaziken|spe|1
|upkeep
|turn|10
|c|☆rapidcream|I am confused
|inactive|whissoo has 30 seconds left.
|
|t:|1785676656
|move|p2a: Blaziken|Rock Slide|p1a: Toni
|-resisted|p1a: Toni|1
|-damage|p1a: Toni|7/100
|move|p2b: Dragapult|Breaking Swipe|p1a: Toni
|-supereffective|p1a: Toni|1
|-damage|p1a: Toni|0 fnt
|faint|p1a: Toni
|
|win|rapidcream
|raw|whissoo's rating: 1086 → 1059(-27 for losing)
|raw|rapidcream's rating: 1029 → 1070(+41 for winning)
|c|☆rapidcream|how are u getting fliched that much
|c|☆whissoo|brpop what
|c|☆whissoo|flinched critted and missed
|c|☆whissoo|all at once in just 2 games
|c|☆rapidcream|bad luck i guess
|l|☆rapidcream
|player|p2|
