|j|☆kpizzle35
|j|☆breloomb01
|html|kpizzle35breloomb01    
|uhtml|bestof|Game 1 of a best-of-3
|t:|1785434816
|gametype|doubles
|player|p1|kpizzle35|102|1140
|player|p2|breloomb01|roughneck|1191
|gen|9
|tier|[Gen 9 Champions] VGC 2026 Reg M-B (Bo3)
|rated|
|rule|Species Clause: Limit one of each Pokémon
|rule|Item Clause: Limit 1 of each item
|clearpoke
|poke|p1|Torkoal, L50, M|
|poke|p1|Farigiraf, L50, M|
|poke|p1|Avalugg-Hisui, L50, F|
|poke|p1|Mr. Rime, L50, M|
|poke|p1|Chesnaught, L50, M|
|poke|p1|Raichu, L50, F|
|poke|p2|Floette-Eternal, L50, F|
|poke|p2|Incineroar, L50, F|
|poke|p2|Sinistcha, L50|
|poke|p2|Garchomp, L50, F|
|poke|p2|Sneasler, L50, M|
|poke|p2|Rotom-Wash, L50|
|teampreview|4
|showteam|p1|Torkoal||Charcoal|Drought|Eruption,WeatherBall,EarthPower,HeatWave|Modest||M|||50|]Farigiraf||LifeOrb|ArmorTail|HyperVoice,DazzlingGleam,TrickRoom,ExpandingForce|Quiet||M|||50|]Avalugg-Hisui||WideLens|Sturdy|MountainGale,RockSlide,WideGuard,BodyPress|Brave||F|||50|]Mr. Rime||IronBall|ScreenCleaner|FreezeDry,PsychicTerrain,FakeOut,Encore|Quiet||M|||50|]Chesnaught||Chesnaughtite|Bulletproof|SpikyShield,Feint,KnockOff,BodyPress|Relaxed||M|||50|]Raichu||RaichuniteY|Static|FakeOut,ZapCannon,FocusBlast,Protect|Hasty||F|||50|
|showteam|p2|Floette-Eternal||Floettite|FlowerVeil|DrainingKiss,DazzlingGleam,CalmMind,Protect|Modest||F|||50|]Incineroar||SitrusBerry|Intimidate|FakeOut,FlareBlitz,ThroatChop,PartingShot|Careful||F|||50|]Sinistcha||KasibBerry|Hospitality|Protect,RagePowder,MatchaGotcha,TrickRoom|Calm|||||50|]Garchomp||LifeOrb|RoughSkin|Earthquake,DragonClaw,RockSlide,Protect|Jolly||F|||50|]Sneasler||FocusSash|PoisonTouch|FakeOut,DireClaw,CloseCombat,Protect|Jolly||M|||50|]Rotom-Wash||Leftovers|Levitate|HydroPump,Protect,WillOWisp,Electroweb|Bold|||||50|
|inactive|Battle timer is ON: inactive players will automatically lose when time's up. (requested by kpizzle35)
|
|t:|1785434899
|teamsize|p1|4
|teamsize|p2|4
|start
|switch|p1a: Farigiraf|Farigiraf, L50, M|100/100
|switch|p1b: Raichu|Raichu, L50, F|100/100
|switch|p2a: Floette|Floette-Eternal, L50, F|100/100
|switch|p2b: Incineroar|Incineroar, L50, F|100/100
|-ability|p2b: Incineroar|Intimidate|boost
|-unboost|p1a: Farigiraf|atk|1
|-unboost|p1b: Raichu|atk|1
|turn|1
|
|t:|1785434918
|detailschange|p1b: Raichu|Raichu-Mega-Y, L50, F
|-mega|p1b: Raichu|Raichu|Raichunite Y
|detailschange|p2a: Floette|Floette-Mega, L50, F
|-mega|p2a: Floette|Floette|Floettite
|-ability|p2a: Floette|Fairy Aura
|move|p1b: Raichu|Fake Out|p2a: Floette
|-damage|p2a: Floette|92/100
|cant|p2a: Floette|flinch
|move|p2b: Incineroar|Parting Shot|p1b: Raichu
|-unboost|p1b: Raichu|atk|1
|-unboost|p1b: Raichu|spa|1
|
|t:|1785434923
|switch|p2b: Sinistcha|Sinistcha, L50|100/100|[from] Parting Shot
|-heal|p2a: Floette|100/100|[from] ability: Hospitality|[of] p2b: Sinistcha
|move|p1a: Farigiraf|Trick Room|p1a: Farigiraf
|-fieldstart|move: Trick Room|[of] p1a: Farigiraf
|
|upkeep
|turn|2
|
|t:|1785434938
|switch|p2b: Incineroar|Incineroar, L50, F|100/100
|-ability|p2b: Incineroar|Intimidate|boost
|-unboost|p1a: Farigiraf|atk|1
|-unboost|p1b: Raichu|atk|1
|move|p1a: Farigiraf|Expanding Force|p2b: Incineroar
|-immune|p2b: Incineroar
|move|p2a: Floette|Calm Mind|p2a: Floette
|-boost|p2a: Floette|spa|1
|-boost|p2a: Floette|spd|1
|move|p1b: Raichu|Zap Cannon|p2b: Incineroar
|-damage|p2b: Incineroar|62/100
|-status|p2b: Incineroar|par
|
|upkeep
|turn|3
|
|t:|1785434951
|move|p2b: Incineroar|Parting Shot|p1b: Raichu
|-unboost|p1b: Raichu|atk|1
|-unboost|p1b: Raichu|spa|1
|
|t:|1785434956
|switch|p2b: Sinistcha|Sinistcha, L50|100/100|[from] Parting Shot
|move|p1a: Farigiraf|Hyper Voice|p2a: Floette|[spread] p2a
|-immune|p2b: Sinistcha
|-damage|p2a: Floette|78/100
|-damage|p1a: Farigiraf|90/100|[from] item: Life Orb
|move|p2a: Floette|Calm Mind|p2a: Floette
|-boost|p2a: Floette|spa|1
|-boost|p2a: Floette|spd|1
|move|p1b: Raichu|Focus Blast|p2b: Sinistcha
|-immune|p2b: Sinistcha
|
|upkeep
|turn|4
|
|t:|1785434967
|move|p1a: Farigiraf|Expanding Force|p2a: Floette
|-damage|p2a: Floette|58/100
|-damage|p1a: Farigiraf|80/100|[from] item: Life Orb
|move|p2b: Sinistcha|Matcha Gotcha|p1b: Raichu|[spread] p1a,p1b
|-damage|p1a: Farigiraf|57/100
|-damage|p1b: Raichu|64/100
|-status|p1a: Farigiraf|brn
|move|p2a: Floette|Draining Kiss|p1b: Raichu
|-damage|p1b: Raichu|0 fnt
|-heal|p2a: Floette|94/100|[from] drain|[of] p1b: Raichu
|faint|p1b: Raichu
|
|-damage|p1a: Farigiraf|51/100 brn|[from] brn
|upkeep
|
|t:|1785434975
|switch|p1b: Avalugg|Avalugg-Hisui, L50, F|100/100
|turn|5
|
|t:|1785434986
|switch|p2b: Incineroar|Incineroar, L50, F|62/100 par
|-ability|p2b: Incineroar|Intimidate|boost
|-unboost|p1a: Farigiraf|atk|1
|-unboost|p1b: Avalugg|atk|1
|move|p2a: Floette|Protect|p2a: Floette
|-singleturn|p2a: Floette|Protect
|move|p1b: Avalugg|Mountain Gale|p2b: Incineroar
|-resisted|p2b: Incineroar|1
|-damage|p2b: Incineroar|42/100 par
|-enditem|p2b: Incineroar|Sitrus Berry|[eat]
|-heal|p2b: Incineroar|66/100 par|[from] item: Sitrus Berry
|move|p1a: Farigiraf|Expanding Force|p2a: Floette
|-activate|p2a: Floette|move: Protect
|
|-damage|p1a: Farigiraf|45/100 brn|[from] brn
|-fieldend|move: Trick Room
|upkeep
|turn|6
|
|t:|1785434997
|move|p2a: Floette|Draining Kiss|p1b: Avalugg
|-ability|p1b: Avalugg|Sturdy
|-damage|p1b: Avalugg|1/100
|-heal|p2a: Floette|100/100|[from] drain|[of] p1b: Avalugg
|move|p1a: Farigiraf|Hyper Voice|p2b: Incineroar|[spread] p2a,p2b
|-damage|p2a: Floette|85/100
|-damage|p2b: Incineroar|32/100 par
|-damage|p1a: Farigiraf|35/100 brn|[from] item: Life Orb
|move|p1b: Avalugg|Mountain Gale|p2a: Floette
|-damage|p2a: Floette|38/100
|move|p2b: Incineroar|Parting Shot|p1b: Avalugg
|-unboost|p1b: Avalugg|atk|1
|-unboost|p1b: Avalugg|spa|1
|
|t:|1785435012
|switch|p2b: Sinistcha|Sinistcha, L50|100/100|[from] Parting Shot
|-heal|p2a: Floette|62/100|[from] ability: Hospitality|[of] p2b: Sinistcha
|
|-damage|p1a: Farigiraf|29/100 brn|[from] brn
|upkeep
|turn|7
|
|t:|1785435022
|switch|p1b: Torkoal|Torkoal, L50, M|100/100
|-weather|SunnyDay|[from] ability: Drought|[of] p1b: Torkoal
|move|p2a: Floette|Draining Kiss|p1a: Farigiraf
|-damage|p1a: Farigiraf|0 fnt
|-heal|p2a: Floette|90/100|[from] drain|[of] p1a: Farigiraf
|faint|p1a: Farigiraf
|move|p2b: Sinistcha|Matcha Gotcha|p1b: Torkoal
|-resisted|p1b: Torkoal|1
|-damage|p1b: Torkoal|76/100
|
|-weather|SunnyDay|[upkeep]
|upkeep
|
|t:|1785435023
|switch|p1a: Avalugg|Avalugg-Hisui, L50, F|1/100
|turn|8
|
|t:|1785435031
|move|p1a: Avalugg|Wide Guard|p1a: Avalugg
|-singleturn|p1a: Avalugg|Wide Guard
|move|p2a: Floette|Draining Kiss|p1b: Torkoal
|-resisted|p1b: Torkoal|1
|-damage|p1b: Torkoal|22/100
|-heal|p2a: Floette|100/100|[from] drain|[of] p1b: Torkoal
|move|p2b: Sinistcha|Matcha Gotcha|p1b: Torkoal|[spread] 
|-activate|p1a: Avalugg|move: Wide Guard
|-activate|p1b: Torkoal|move: Wide Guard
|move|p1b: Torkoal|Heat Wave|p2b: Sinistcha|[spread] p2a,p2b
|-supereffective|p2b: Sinistcha|1
|-damage|p2a: Floette|78/100
|-damage|p2b: Sinistcha|2/100
|-status|p2b: Sinistcha|brn
|
|-weather|SunnyDay|[upkeep]
|-damage|p2b: Sinistcha|0 fnt|[from] brn
|faint|p2b: Sinistcha
|upkeep
|
|t:|1785435034
|switch|p2b: Incineroar|Incineroar, L50, F|32/100 par
|-ability|p2b: Incineroar|Intimidate|boost
|-unboost|p1a: Avalugg|atk|1
|-unboost|p1b: Torkoal|atk|1
|turn|9
|
|t:|1785435049
|move|p2b: Incineroar|Fake Out|p1a: Avalugg
|-resisted|p1a: Avalugg|1
|-damage|p1a: Avalugg|0 fnt
|faint|p1a: Avalugg
|move|p2a: Floette|Draining Kiss|p1b: Torkoal
|-resisted|p1b: Torkoal|1
|-damage|p1b: Torkoal|0 fnt
|-heal|p2a: Floette|94/100|[from] drain|[of] p1b: Torkoal
|faint|p1b: Torkoal
|
|win|breloomb01
||kpizzle35 is ready for game 2.
