|j|☆monsoonisbest
|j|☆Drunk express
|html|monsoonisbestDrunk express    
|uhtml|bestof|Game 3 of a best-of-3
|t:|1783982402
|gametype|doubles
|player|p1|monsoonisbest|102|1182
|player|p2|Drunk express|169|1152
|gen|9
|tier|[Gen 9 Champions] VGC 2026 Reg M-B (Bo3)
|rated|
|rule|Species Clause: Limit one of each Pokémon
|rule|Item Clause: Limit 1 of each item
|clearpoke
|poke|p1|Gengar, L50, M|
|poke|p1|Incineroar, L50, F|
|poke|p1|Politoed, L50, F, shiny|
|poke|p1|Archaludon, L50, M|
|poke|p1|Vivillon, L50, F|
|poke|p1|Swampert, L50, F|
|poke|p2|Chesnaught, L50, M|
|poke|p2|Gholdengo, L50|
|poke|p2|Swampert, L50, M|
|poke|p2|Pelipper, L50, M, shiny|
|poke|p2|Kangaskhan, L50, F|
|poke|p2|Incineroar, L50, M|
|teampreview|4
|showteam|p1|Gengar||Gengarite|CursedBody|ShadowBall,SludgeBomb,PerishSong,Protect|Timid||M|||50|]Incineroar||PasshoBerry|Intimidate|PartingShot,DarkestLariat,Protect,FakeOut|Sassy||F|||50|]Politoed||SitrusBerry|Drizzle|WeatherBall,PerishSong,Encore,Protect|Calm||F|||50|]Archaludon||Leftovers|Stamina|DragonPulse,FlashCannon,ElectroShot,Protect|Bold||M|||50|]Vivillon||FocusSash|CompoundEyes|Hurricane,SleepPowder,RagePowder,Protect|Timid||F|||50|]Swampert||Swampertite|Torrent|WaveCrash,IcePunch,Earthquake,Protect|Adamant||F|||50|
|showteam|p2|Chesnaught||Chesnaughtite|Bulletproof|SpikyShield,BodyPress,LeechSeed,IronDefense|Sassy||M|||50|]Gholdengo||KasibBerry|GoodasGold|NastyPlot,Thunderbolt,MakeItRain,Protect|Timid|||||50|]Swampert||Swampertite|Torrent|Protect,WaveCrash,IcePunch,Earthquake|Adamant||M|||50|]Pelipper||FocusSash|Drizzle|Tailwind,Hurricane,WeatherBall,WideGuard|Modest||M|||50|]Kangaskhan||SilkScarf|Scrappy|FakeOut,DoubleEdge,SuckerPunch,BrickBreak|Adamant||F|||50|]Incineroar||SitrusBerry|Intimidate|DarkestLariat,PartingShot,WillOWisp,FakeOut|Brave||M|||50|
|
|t:|1783982421
|teamsize|p1|4
|teamsize|p2|4
|start
|switch|p1a: Politoed|Politoed, L50, F, shiny|100/100
|switch|p1b: Swampert|Swampert, L50, F|100/100
|switch|p2a: Incineroar|Incineroar, L50, M|100/100
|switch|p2b: Gholdengo|Gholdengo, L50|100/100
|-weather|RainDance|[from] ability: Drizzle|[of] p1a: Politoed
|-ability|p2a: Incineroar|Intimidate|boost
|-unboost|p1a: Politoed|atk|1
|-unboost|p1b: Swampert|atk|1
|turn|1
|inactive|Battle timer is ON: inactive players will automatically lose when time's up. (requested by Drunk express)
|
|t:|1783982442
|move|p1b: Swampert|Protect|p1b: Swampert
|-singleturn|p1b: Swampert|Protect
|move|p2a: Incineroar|Fake Out|p1b: Swampert
|-activate|p1b: Swampert|move: Protect
|move|p2b: Gholdengo|Thunderbolt|p1a: Politoed
|-supereffective|p1a: Politoed|1
|-damage|p1a: Politoed|53/100
|move|p1a: Politoed|Encore|p2a: Incineroar
|-start|p2a: Incineroar|Encore
|
|-weather|RainDance|[upkeep]
|upkeep
|turn|2
|
|t:|1783982458
|switch|p1a: Vivillon|Vivillon, L50, F|100/100
|switch|p2a: Chesnaught|Chesnaught, L50, M|100/100
|detailschange|p1b: Swampert|Swampert-Mega, L50, F
|-mega|p1b: Swampert|Swampert|Swampertite
|move|p1b: Swampert|Earthquake|p2a: Chesnaught|[spread] p2a,p2b
|-immune|p1a: Vivillon
|-resisted|p2a: Chesnaught|1
|-supereffective|p2b: Gholdengo|1
|-damage|p2a: Chesnaught|89/100
|-damage|p2b: Gholdengo|30/100
|move|p2b: Gholdengo|Thunderbolt|p1a: Vivillon
|-supereffective|p1a: Vivillon|1
|-enditem|p1a: Vivillon|Focus Sash
|-damage|p1a: Vivillon|1/100
|
|-weather|RainDance|[upkeep]
|upkeep
|turn|3
|
|t:|1783982480
|detailschange|p2a: Chesnaught|Chesnaught-Mega, L50, M
|-mega|p2a: Chesnaught|Chesnaught|Chesnaughtite
|move|p2a: Chesnaught|Spiky Shield|p2a: Chesnaught
|-singleturn|p2a: Chesnaught|move: Protect
|move|p1b: Swampert|Earthquake|p2b: Gholdengo|[spread] p2b
|-activate|p2a: Chesnaught|move: Protect
|-immune|p1a: Vivillon
|-supereffective|p2b: Gholdengo|1
|-damage|p2b: Gholdengo|0 fnt
|faint|p2b: Gholdengo
|move|p1a: Vivillon|Hurricane|p2a: Chesnaught
|-activate|p2a: Chesnaught|move: Protect
|
|-weather|RainDance|[upkeep]
|upkeep
|
|t:|1783982492
|switch|p2b: Incineroar|Incineroar, L50, M|100/100
|-ability|p2b: Incineroar|Intimidate|boost
|-unboost|p1a: Vivillon|atk|1
|-unboost|p1b: Swampert|atk|1
|turn|4
|inactive|Drunk express has 30 seconds left.
|
|t:|1783982522
|switch|p1a: Archaludon|Archaludon, L50, M|100/100
|move|p2b: Incineroar|Fake Out|p1a: Archaludon
|-resisted|p1a: Archaludon|1
|-damage|p1a: Archaludon|95/100
|-ability|p1a: Archaludon|Stamina|boost
|-boost|p1a: Archaludon|def|1
|move|p1b: Swampert|Wave Crash|p2b: Incineroar
|-supereffective|p2b: Incineroar|1
|-damage|p2b: Incineroar|9/100
|-enditem|p2b: Incineroar|Sitrus Berry|[eat]
|-heal|p2b: Incineroar|34/100|[from] item: Sitrus Berry
|-damage|p1b: Swampert|70/100|[from] Recoil
|move|p2a: Chesnaught|Iron Defense|p2a: Chesnaught
|-boost|p2a: Chesnaught|def|2
|
|-weather|RainDance|[upkeep]
|-heal|p1a: Archaludon|100/100|[from] item: Leftovers
|upkeep
|turn|5
|
|t:|1783982542
|switch|p1b: Politoed|Politoed, L50, F, shiny|53/100
|switch|p2b: Kangaskhan|Kangaskhan, L50, F|100/100
|move|p1a: Archaludon|Electro Shot||[still]
|-prepare|p1a: Archaludon|Electro Shot
|-boost|p1a: Archaludon|spa|1
|-anim|p1a: Archaludon|Electro Shot|p2b: Kangaskhan
|-damage|p2b: Kangaskhan|33/100
|move|p2a: Chesnaught|Iron Defense|p2a: Chesnaught
|-boost|p2a: Chesnaught|def|2
|
|-weather|none
|upkeep
|turn|6
|
|t:|1783982566
|switch|p1b: Swampert|Swampert-Mega, L50, F|70/100
|move|p1a: Archaludon|Protect|p1a: Archaludon
|-singleturn|p1a: Archaludon|Protect
|move|p2b: Kangaskhan|Double-Edge|p1b: Swampert
|-damage|p1b: Swampert|16/100
|-damage|p2b: Kangaskhan|13/100|[from] Recoil
|move|p2a: Chesnaught|Body Press|p1a: Archaludon
|-activate|p1a: Archaludon|move: Protect
|
|upkeep
|turn|7
|
|t:|1783982576
|switch|p1b: Politoed|Politoed, L50, F, shiny|53/100
|-weather|RainDance|[from] ability: Drizzle|[of] p1b: Politoed
|move|p2b: Kangaskhan|Sucker Punch||[still]
|-fail|p2b: Kangaskhan
|move|p1a: Archaludon|Electro Shot||[still]
|-prepare|p1a: Archaludon|Electro Shot
|-boost|p1a: Archaludon|spa|1
|-anim|p1a: Archaludon|Electro Shot|p2b: Kangaskhan
|-damage|p2b: Kangaskhan|0 fnt
|faint|p2b: Kangaskhan
|move|p2a: Chesnaught|Body Press|p1a: Archaludon
|-supereffective|p1a: Archaludon|1
|-damage|p1a: Archaludon|0 fnt
|faint|p1a: Archaludon
|
|-weather|RainDance|[upkeep]
|upkeep
|
|t:|1783982594
|switch|p2b: Incineroar|Incineroar, L50, M|34/100
|switch|p1a: Vivillon|Vivillon, L50, F|1/100
|-ability|p2b: Incineroar|Intimidate|boost
|-unboost|p1a: Vivillon|atk|1
|-unboost|p1b: Politoed|atk|1
|turn|8
|
|t:|1783982601
|move|p1a: Vivillon|Protect|p1a: Vivillon
|-singleturn|p1a: Vivillon|Protect
|move|p1b: Politoed|Protect|p1b: Politoed
|-singleturn|p1b: Politoed|Protect
|move|p2b: Incineroar|Fake Out|p1a: Vivillon
|-activate|p1a: Vivillon|move: Protect
|move|p2a: Chesnaught|Body Press|p1a: Vivillon
|-activate|p1a: Vivillon|move: Protect
|
|-weather|RainDance|[upkeep]
|upkeep
|turn|9
|
|t:|1783982606
|move|p2a: Chesnaught|Spiky Shield|p2a: Chesnaught
|-singleturn|p2a: Chesnaught|move: Protect
|move|p1a: Vivillon|Hurricane|p2a: Chesnaught
|-activate|p2a: Chesnaught|move: Protect
|move|p1b: Politoed|Weather Ball|p2b: Incineroar
|-supereffective|p2b: Incineroar|1
|-damage|p2b: Incineroar|0 fnt
|faint|p2b: Incineroar
|
|-weather|RainDance|[upkeep]
|upkeep
|turn|10
|
|t:|1783982616
|move|p1a: Vivillon|Hurricane|p2a: Chesnaught
|-supereffective|p2a: Chesnaught|2
|-damage|p2a: Chesnaught|0 fnt
|faint|p2a: Chesnaught
|
|win|monsoonisbest
|raw|monsoonisbest's rating: 1182 → 1205(+23 for winning)
|raw|Drunk express's rating: 1152 → 1129(-23 for losing)
