|j|☆trepanbad
|j|☆IngeVGC
|html|trepanbadIngeVGC    
|uhtml|bestof|Game 1 of a best-of-3
|t:|1756416331
|gametype|doubles
|player|p1|trepanbad|hilbert|1362
|player|p2|IngeVGC|fisherman-gen4|1447
|gen|9
|tier|[Gen 9] VGC 2025 Reg H (Bo3)
|rated|
|rule|Species Clause: Limit one of each Pokémon
|rule|Item Clause: Limit 1 of each item
|clearpoke
|poke|p1|Incineroar, L50, M|
|poke|p1|Ursaluna-Bloodmoon, L50, M|
|poke|p1|Sneasler, L50, F|
|poke|p1|Amoonguss, L50, M|
|poke|p1|Dragonite, L50, F|
|poke|p1|Gholdengo, L50|
|poke|p2|Kingambit, L50, F|
|poke|p2|Rillaboom, L50, M|
|poke|p2|Electabuzz, L50, M|
|poke|p2|Volcarona, L50, F|
|poke|p2|Sneasler, L50, F|
|poke|p2|Dragonite, L50, F|
|teampreview|4
|showteam|p1|Incineroar||SafetyGoggles|Intimidate|FakeOut,PartingShot,FlareBlitz,KnockOff|||M|||50|,,,,,Ghost]Ursaluna-Bloodmoon||AssaultVest|MindsEye|BloodMoon,EarthPower,HyperVoice,VacuumWave|||M|||50|,,,,,Water]Sneasler||FocusSash|Unburden|CloseCombat,DireClaw,Protect,FakeOut|||F|||50|,,,,,Stellar]Amoonguss||SitrusBerry|Regenerator|Protect,Spore,PollenPuff,RagePowder|||M|||50|,,,,,Psychic]Dragonite||LoadedDice|Multiscale|Protect,ScaleShot,Haze,Tailwind|||F|||50|,,,,,Fairy]Gholdengo||LifeOrb|GoodasGold|Protect,NastyPlot,MakeItRain,ShadowBall||||||50|,,,,,Water
|showteam|p2|Kingambit||BlackGlasses|Defiant|Protect,KowtowCleave,SuckerPunch,SwordsDance|||F|||50|,,,,,Dark]Rillaboom||AssaultVest|GrassySurge|WoodHammer,GrassyGlide,HighHorsepower,FakeOut|||M|||50|,,,,,Fire]Electabuzz||Eviolite|VitalSpirit|Protect,Thunderbolt,HelpingHand,FollowMe|||M|||50|,,,,,Ghost]Volcarona||CovertCloak|FlameBody|Protect,HeatWave,TeraBlast,QuiverDance|||F|||50|,,,,,Fairy]Sneasler||FocusSash|Unburden|CloseCombat,DireClaw,Coaching,FakeOut|||F|||50|,,,,,Stellar]Dragonite||LoadedDice|Multiscale|ScaleShot,Haze,ExtremeSpeed,Protect|||F|||50|,,,,,Fairy
|inactive|Battle timer is ON: inactive players will automatically lose when time's up. (requested by trepanbad)
|inactive|IngeVGC has 60 seconds left.
|
|t:|1756416387
|teamsize|p1|4
|teamsize|p2|4
|start
|switch|p1a: Sneasler|Sneasler, L50, F|100/100
|switch|p1b: Dragonite|Dragonite, L50, F|100/100
|switch|p2a: Nobunaga|Kingambit, L50, F, shiny|100/100
|switch|p2b: Vanessa|Sneasler, L50, F|100/100
|turn|1
|inactive|IngeVGC has 30 seconds left.
|
|t:|1756416416
|move|p2b: Vanessa|Fake Out|p1b: Dragonite
|-damage|p1b: Dragonite|93/100
|move|p1a: Sneasler|Close Combat|p2a: Nobunaga
|-supereffective|p2a: Nobunaga
|-damage|p2a: Nobunaga|0 fnt
|-unboost|p1a: Sneasler|def|1
|-unboost|p1a: Sneasler|spd|1
|faint|p2a: Nobunaga
|cant|p1b: Dragonite|flinch
|
|upkeep
|
|t:|1756416422
|switch|p2a: Cassie|Dragonite, L50, F|100/100
|turn|2
|c|☆trepanbad|Is Vanessa really that toxic?
|
|t:|1756416436
|switch|p1a: Incineroar|Incineroar, L50, M|100/100
|-ability|p1a: Incineroar|Intimidate|boost
|-unboost|p2a: Cassie|atk|1
|-unboost|p2b: Vanessa|atk|1
|move|p1b: Dragonite|Protect|p1b: Dragonite
|-singleturn|p1b: Dragonite|Protect
|move|p2b: Vanessa|Coaching|p2a: Cassie
|-boost|p2a: Cassie|atk|1
|-boost|p2a: Cassie|def|1
|move|p2a: Cassie|Scale Shot|p1a: Incineroar
|-damage|p1a: Incineroar|90/100
|-damage|p1a: Incineroar|78/100
|-damage|p1a: Incineroar|67/100
|-damage|p1a: Incineroar|53/100
|-damage|p1a: Incineroar|43/100
|-hitcount|p1a: Incineroar|5
|-unboost|p2a: Cassie|def|1
|-boost|p2a: Cassie|spe|1
|
|upkeep
|turn|3
|c|☆IngeVGC|Yes she was
|c|☆trepanbad|I'm sorry
|c|☆IngeVGC|Well
|c|☆IngeVGC|Still
|inactive|IngeVGC has 30 seconds left.
|c|☆IngeVGC|Hahahaha
|c|☆trepanbad|I'm even more sorry
|inactive|IngeVGC has 20 seconds left.
|inactive|IngeVGC has 15 seconds left.
|
|t:|1756416479
|switch|p2b: Snarf|Electabuzz, L50, M|100/100
|-terastallize|p2a: Cassie|Fairy
|-terastallize|p1b: Dragonite|Fairy
|move|p1a: Incineroar|Fake Out|p2b: Snarf
|-damage|p2b: Snarf|93/100
|move|p2a: Cassie|Scale Shot|p1b: Dragonite
|-immune|p1b: Dragonite
|move|p1b: Dragonite|Scale Shot|p2b: Snarf
|-damage|p2b: Snarf|82/100
|-damage|p2b: Snarf|72/100
|-damage|p2b: Snarf|61/100
|-damage|p2b: Snarf|50/100
|-hitcount|p2b: Snarf|4
|-unboost|p1b: Dragonite|def|1
|-boost|p1b: Dragonite|spe|1
|
|upkeep
|turn|4
|c|☆trepanbad|Does she know that you call her sneasler like her?
|inactive|trepanbad has 30 seconds left.
|c|☆IngeVGC|She doesnt
|
|t:|1756416514
|move|p2b: Snarf|Protect|p2b: Snarf
|-singleturn|p2b: Snarf|Protect
|move|p1b: Dragonite|Scale Shot|p2b: Snarf
|-activate|p2b: Snarf|move: Protect
|move|p2a: Cassie|Scale Shot|p1a: Incineroar
|-damage|p1a: Incineroar|31/100
|-damage|p1a: Incineroar|17/100
|-damage|p1a: Incineroar|5/100
|-damage|p1a: Incineroar|0 fnt
|faint|p1a: Incineroar
|-hitcount|p1: Incineroar|4
|-unboost|p2a: Cassie|def|1
|-boost|p2a: Cassie|spe|1
|
|upkeep
|
|t:|1756416525
|switch|p1a: Ursaluna|Ursaluna-Bloodmoon, L50, M|100/100
|turn|5
|
|t:|1756416537
|move|p2b: Snarf|Helping Hand|p2a: Cassie
|-singleturn|p2a: Cassie|Helping Hand|[of] p2b: Snarf
|move|p2a: Cassie|Scale Shot|p1a: Ursaluna
|-damage|p1a: Ursaluna|84/100
|-damage|p1a: Ursaluna|68/100
|-damage|p1a: Ursaluna|52/100
|-damage|p1a: Ursaluna|34/100
|-damage|p1a: Ursaluna|17/100
|-hitcount|p1a: Ursaluna|5
|-unboost|p2a: Cassie|def|1
|-boost|p2a: Cassie|spe|1
|move|p1b: Dragonite|Scale Shot|p2b: Snarf
|-crit|p2b: Snarf
|-damage|p2b: Snarf|31/100
|-damage|p2b: Snarf|20/100
|-damage|p2b: Snarf|9/100
|-damage|p2b: Snarf|0 fnt
|faint|p2b: Snarf
|-hitcount|p2: Snarf|4
|-unboost|p1b: Dragonite|def|1
|-boost|p1b: Dragonite|spe|1
|move|p1a: Ursaluna|Blood Moon|p2a: Cassie
|-damage|p2a: Cassie|62/100
|
|upkeep
|
|t:|1756416552
|switch|p2b: Vanessa|Sneasler, L50, F|100/100
|turn|6
|inactive|trepanbad has 30 seconds left.
|inactive|IngeVGC has 30 seconds left.
|inactive|IngeVGC has 20 seconds left.
|
|t:|1756416591
|move|p1b: Dragonite|Protect|p1b: Dragonite
|-singleturn|p1b: Dragonite|Protect
|move|p2b: Vanessa|Fake Out|p1b: Dragonite
|-activate|p1b: Dragonite|move: Protect
|move|p1a: Ursaluna|Vacuum Wave|p2b: Vanessa
|-resisted|p2b: Vanessa
|-damage|p2b: Vanessa|90/100
|move|p2a: Cassie|Scale Shot|p1a: Ursaluna
|-damage|p1a: Ursaluna|5/100
|-damage|p1a: Ursaluna|0 fnt
|faint|p1a: Ursaluna
|-hitcount|p1: Ursaluna|2
|-unboost|p2a: Cassie|def|1
|-boost|p2a: Cassie|spe|1
|
|upkeep
|
|t:|1756416600
|switch|p1a: Sneasler|Sneasler, L50, F|100/100
|turn|7
|inactive|trepanbad has 30 seconds left.
|
|t:|1756416626
|move|p2a: Cassie|Scale Shot|p1a: Sneasler
|-damage|p1a: Sneasler|76/100
|-damage|p1a: Sneasler|50/100
|-damage|p1a: Sneasler|29/100
|-damage|p1a: Sneasler|6/100
|-hitcount|p1a: Sneasler|4
|-unboost|p2a: Cassie|def|1
|-boost|p2a: Cassie|spe|1
|move|p1b: Dragonite|Scale Shot|p2b: Vanessa
|-damage|p2b: Vanessa|65/100
|-damage|p2b: Vanessa|40/100
|-damage|p2b: Vanessa|13/100
|-crit|p2b: Vanessa
|-damage|p2b: Vanessa|0 fnt
|faint|p2b: Vanessa
|-hitcount|p2: Vanessa|4
|-unboost|p1b: Dragonite|def|1
|-boost|p1b: Dragonite|spe|1
|move|p1a: Sneasler|Dire Claw|p2a: Cassie
|-supereffective|p2a: Cassie
|-damage|p2a: Cassie|0 fnt
|faint|p2a: Cassie
|
|win|trepanbad
|inactive|trepanbad has 30 seconds to confirm battle start!
|inactive|IngeVGC has 30 seconds to confirm battle start!
|c|☆trepanbad|GG
||IngeVGC is ready for game 2.
||trepanbad is ready for game 2.
|uhtml|next|Next: Game 2 of 3
|l|☆trepanbad
|player|p1|
