|j|☆t8mcrae
|j|☆ViveCodin
|html|t8mcraeViveCodin    
|uhtml|bestof|Game 3 of a best-of-3
|t:|1755975020
|gametype|doubles
|player|p1|t8mcrae|skyla|1210
|player|p2|ViveCodin|harmony|1193
|gen|9
|tier|[Gen 9] VGC 2025 Reg H (Bo3)
|rated|
|rule|Species Clause: Limit one of each Pokémon
|rule|Item Clause: Limit 1 of each item
|clearpoke
|poke|p1|Maushold, L50|
|poke|p1|Annihilape, L50, F|
|poke|p1|Gholdengo, L50|
|poke|p1|Dragonite, L50, M|
|poke|p1|Garchomp, L50, M|
|poke|p1|Ninetales-Alola, L50, M|
|poke|p2|Volcarona, L50, M|
|poke|p2|Rillaboom, L50, F|
|poke|p2|Amoonguss, L50, F|
|poke|p2|Gholdengo, L50|
|poke|p2|Sneasler, L50, M|
|poke|p2|Dragonite, L50, F|
|teampreview|4
|showteam|p1|Maushold||WideLens|FriendGuard|PopulationBomb,BeatUp,FollowMe,Protect||||||50|,,,,,Ghost]Annihilape||SafetyGoggles|Defiant|RageFist,DrainPunch,BulkUp,Protect|||F|||50|,,,,,Fire]Gholdengo||SitrusBerry|GoodasGold|MakeItRain,ShadowBall,NastyPlot,Protect||||||50|,,,,,Water]Dragonite||LoadedDice|Multiscale|ScaleShot,Tailwind,Haze,Protect|||M|||50|,,,,,Fairy]Garchomp||LifeOrb|RoughSkin|StompingTantrum,Earthquake,RockSlide,Protect|||M|||50|,,,,,Ground]Ninetales-Alola||LightClay|SnowWarning|Blizzard,AuroraVeil,FreezeDry,Protect|||M|||50|,,,,,Water
|showteam|p2|Volcarona||CovertCloak|FlameBody|QuiverDance,HeatWave,TeraBlast,Protect|||M|||50|,,,,,Fairy]Rillaboom||AssaultVest|GrassySurge|Uturn,WoodHammer,GrassyGlide,FakeOut|||F|||50|,,,,,Fire]Amoonguss||RockyHelmet|Regenerator|SludgeBomb,RagePowder,Spore,Protect|||F|||50|,,,,,Dark]Gholdengo||MetalCoat|GoodasGold|MakeItRain,ShadowBall,NastyPlot,Protect||||||50|,,,,,Dragon]Sneasler||FocusSash|Unburden|DireClaw,CloseCombat,FakeOut,Protect|||M|||50|,,,,,Stellar]Dragonite||LoadedDice|Multiscale|ScaleShot,Tailwind,Haze,Protect|||F|||50|,,,,,Fairy
|inactive|Battle timer is ON: inactive players will automatically lose when time's up. (requested by ViveCodin)
|inactive|t8mcrae has 60 seconds left.
|
|t:|1755975055
|teamsize|p1|4
|teamsize|p2|4
|start
|switch|p1a: Ninetales|Ninetales-Alola, L50, M|100/100
|switch|p1b: Gholdengo|Gholdengo, L50|100/100
|switch|p2a: Amoonguss|Amoonguss, L50, F, shiny|100/100
|switch|p2b: Volcarona|Volcarona, L50, M, shiny|100/100
|-weather|Snowscape|[from] ability: Snow Warning|[of] p1a: Ninetales
|turn|1
|
|t:|1755975079
|move|p1a: Ninetales|Blizzard|p2a: Amoonguss|[spread] p2a,p2b
|-supereffective|p2a: Amoonguss
|-resisted|p2b: Volcarona
|-damage|p2a: Amoonguss|59/100
|-damage|p2b: Volcarona|89/100
|move|p1b: Gholdengo|Make It Rain|p2a: Amoonguss|[spread] p2a,p2b
|-resisted|p2b: Volcarona
|-damage|p2a: Amoonguss|21/100
|-damage|p2b: Volcarona|68/100
|-unboost|p1b: Gholdengo|spa|1
|move|p2b: Volcarona|Quiver Dance|p2b: Volcarona
|-boost|p2b: Volcarona|spa|1
|-boost|p2b: Volcarona|spd|1
|-boost|p2b: Volcarona|spe|1
|move|p2a: Amoonguss|Spore|p1a: Ninetales
|-status|p1a: Ninetales|slp|[from] move: Spore
|
|-weather|Snowscape|[upkeep]
|upkeep
|turn|2
|
|t:|1755975101
|switch|p2a: Rillaboom|Rillaboom, L50, F, shiny|100/100
|-fieldstart|move: Grassy Terrain|[from] ability: Grassy Surge|[of] p2a: Rillaboom
|move|p2b: Volcarona|Heat Wave|p1a: Ninetales|[spread] p1a,p1b
|-supereffective|p1a: Ninetales
|-supereffective|p1b: Gholdengo
|-damage|p1a: Ninetales|0 fnt
|-damage|p1b: Gholdengo|0 fnt
|faint|p1a: Ninetales
|faint|p1b: Gholdengo
|
|-weather|Snowscape|[upkeep]
|-heal|p2b: Volcarona|74/100|[from] Grassy Terrain
|upkeep
|
|t:|1755975109
|switch|p1a: Garchomp|Garchomp, L50, M|100/100
|switch|p1b: Dragonite|Dragonite, L50, M|100/100
|turn|3
|inactive|ViveCodin has 30 seconds left.
|
|t:|1755975136
|switch|p2a: Sneasler|Sneasler, L50, M|100/100
|-terastallize|p2b: Volcarona|Fairy
|-terastallize|p1b: Dragonite|Fairy
|move|p2b: Volcarona|Tera Blast|p1b: Dragonite|[anim] Tera Blast Fairy
|-damage|p1b: Dragonite|71/100
|move|p1a: Garchomp|Rock Slide|p2a: Sneasler|[spread] p2a,p2b
|-resisted|p2a: Sneasler
|-damage|p2a: Sneasler|77/100
|-damage|p2b: Volcarona|43/100
|-damage|p1a: Garchomp|91/100|[from] item: Life Orb
|move|p1b: Dragonite|Haze|p1b: Dragonite
|-clearallboost
|
|-weather|Snowscape|[upkeep]
|-heal|p2a: Sneasler|83/100|[from] Grassy Terrain
|-heal|p1a: Garchomp|97/100|[from] Grassy Terrain
|-heal|p2b: Volcarona|49/100|[from] Grassy Terrain
|-heal|p1b: Dragonite|77/100|[from] Grassy Terrain
|upkeep
|turn|4
|inactive|t8mcrae has 30 seconds left.
|inactive|t8mcrae has 20 seconds left.
|inactive|ViveCodin has 30 seconds left.
|
|t:|1755975177
|move|p2a: Sneasler|Fake Out|p1a: Garchomp
|-damage|p1a: Garchomp|81/100
|-damage|p2a: Sneasler|71/100|[from] ability: Rough Skin|[of] p1a: Garchomp
|cant|p1a: Garchomp|flinch
|move|p2b: Volcarona|Heat Wave|p1b: Dragonite|[spread] p1a,p1b
|-resisted|p1a: Garchomp
|-damage|p1a: Garchomp|63/100
|-damage|p1b: Dragonite|41/100
|move|p1b: Dragonite|Tailwind|p1b: Dragonite
|-sidestart|p1: t8mcrae|move: Tailwind
|
|-weather|Snowscape|[upkeep]
|-heal|p1a: Garchomp|69/100|[from] Grassy Terrain
|-heal|p1b: Dragonite|47/100|[from] Grassy Terrain
|-heal|p2a: Sneasler|77/100|[from] Grassy Terrain
|-heal|p2b: Volcarona|56/100|[from] Grassy Terrain
|upkeep
|turn|5
|
|t:|1755975202
|move|p2a: Sneasler|Protect|p2a: Sneasler
|-singleturn|p2a: Sneasler|Protect
|move|p1a: Garchomp|Stomping Tantrum|p2b: Volcarona
|-damage|p2b: Volcarona|0 fnt
|faint|p2b: Volcarona
|-damage|p1a: Garchomp|59/100|[from] item: Life Orb
|move|p1b: Dragonite|Scale Shot|p2a: Sneasler
|-activate|p2a: Sneasler|move: Protect
|
|-weather|none
|-heal|p1a: Garchomp|65/100|[from] Grassy Terrain
|-heal|p1b: Dragonite|53/100|[from] Grassy Terrain
|-heal|p2a: Sneasler|83/100|[from] Grassy Terrain
|upkeep
|
|t:|1755975211
|switch|p2b: Amoonguss|Amoonguss, L50, F, shiny|55/100
|turn|6
|inactive|t8mcrae has 30 seconds left.
|
|t:|1755975239
|move|p2b: Amoonguss|Rage Powder|p2b: Amoonguss
|-singleturn|p2b: Amoonguss|move: Rage Powder
|move|p1a: Garchomp|Earthquake|p2a: Sneasler|[spread] p1b,p2a,p2b
|-supereffective|p2a: Sneasler
|-damage|p1b: Dragonite|22/100
|-damage|p2a: Sneasler|0 fnt
|-damage|p2b: Amoonguss|35/100
|faint|p2a: Sneasler
|-damage|p1a: Garchomp|55/100|[from] item: Life Orb
|move|p1b: Dragonite|Scale Shot|p2b: Amoonguss
|-damage|p2b: Amoonguss|24/100
|-damage|p2b: Amoonguss|11/100
|-crit|p2b: Amoonguss
|-damage|p2b: Amoonguss|0 fnt
|faint|p2b: Amoonguss
|-hitcount|p2: Amoonguss|3
|-unboost|p1b: Dragonite|def|1
|-boost|p1b: Dragonite|spe|1
|
|-heal|p1b: Dragonite|28/100|[from] Grassy Terrain
|-heal|p1a: Garchomp|61/100|[from] Grassy Terrain
|-fieldend|move: Grassy Terrain
|upkeep
|
|t:|1755975253
|switch|p2b: Rillaboom|Rillaboom, L50, F, shiny|100/100
|-fieldstart|move: Grassy Terrain|[from] ability: Grassy Surge|[of] p2b: Rillaboom
|turn|7
|
|t:|1755975271
|move|p1b: Dragonite|Protect|p1b: Dragonite
|-singleturn|p1b: Dragonite|Protect
|move|p2b: Rillaboom|Grassy Glide|p1b: Dragonite
|-activate|p1b: Dragonite|move: Protect
|move|p1a: Garchomp|Rock Slide|p2b: Rillaboom
|-damage|p2b: Rillaboom|67/100
|-damage|p1a: Garchomp|51/100|[from] item: Life Orb
|
|-heal|p1b: Dragonite|34/100|[from] Grassy Terrain
|-heal|p1a: Garchomp|57/100|[from] Grassy Terrain
|-heal|p2b: Rillaboom|73/100|[from] Grassy Terrain
|-sideend|p1: t8mcrae|move: Tailwind
|upkeep
|turn|8
|
|t:|1755975290
|move|p2b: Rillaboom|Grassy Glide|p1b: Dragonite
|-damage|p1b: Dragonite|0 fnt
|faint|p1b: Dragonite
|move|p1a: Garchomp|Rock Slide|p2b: Rillaboom
|-damage|p2b: Rillaboom|43/100
|-damage|p1a: Garchomp|47/100|[from] item: Life Orb
|
|-heal|p1a: Garchomp|54/100|[from] Grassy Terrain
|-heal|p2b: Rillaboom|49/100|[from] Grassy Terrain
|upkeep
|turn|9
|
|t:|1755975302
|move|p1a: Garchomp|Protect|p1a: Garchomp
|-singleturn|p1a: Garchomp|Protect
|move|p2b: Rillaboom|Wood Hammer|p1a: Garchomp
|-activate|p1a: Garchomp|move: Protect
|
|-heal|p1a: Garchomp|60/100|[from] Grassy Terrain
|-heal|p2b: Rillaboom|55/100|[from] Grassy Terrain
|upkeep
|turn|10
|
|t:|1755975314
|move|p1a: Garchomp|Rock Slide|p2b: Rillaboom
|-damage|p2b: Rillaboom|21/100
|-damage|p1a: Garchomp|50/100|[from] item: Life Orb
|cant|p2b: Rillaboom|flinch
|
|-heal|p1a: Garchomp|56/100|[from] Grassy Terrain
|-heal|p2b: Rillaboom|27/100|[from] Grassy Terrain
|upkeep
|turn|11
|c|☆ViveCodin|it had to flinch obviously
|
|t:|1755975331
|move|p1a: Garchomp|Protect|p1a: Garchomp
|-singleturn|p1a: Garchomp|Protect
|move|p2b: Rillaboom|Wood Hammer|p1a: Garchomp
|-activate|p1a: Garchomp|move: Protect
|
|-heal|p1a: Garchomp|62/100|[from] Grassy Terrain
|-heal|p2b: Rillaboom|33/100|[from] Grassy Terrain
|-fieldend|move: Grassy Terrain
|upkeep
|turn|12
|c|☆ViveCodin|first the roll of eq and now this
|
|t:|1755975341
|move|p1a: Garchomp|Rock Slide|p2b: Rillaboom
|-damage|p2b: Rillaboom|0 fnt
|faint|p2b: Rillaboom
|-damage|p1a: Garchomp|52/100|[from] item: Life Orb
|
|win|t8mcrae
|raw|t8mcrae's rating: 1210 → 1234(+24 for winning)
|raw|ViveCodin's rating: 1193 → 1169(-24 for losing)
|c|☆ViveCodin|sure
|c|☆ViveCodin|high roll
|c|☆ViveCodin|so good
|c|☆ViveCodin|so skilles
|l|☆ViveCodin
|player|p2|
