|j|☆FocusRanja
|j|☆Pelosis
|html|FocusRanjaPelosis    
|uhtml|bestof|Game 3 of a best-of-3
|t:|1784040931
|gametype|doubles
|player|p1|FocusRanja|2|1058
|player|p2|Pelosis|2|1091
|gen|9
|tier|[Gen 9 Champions] VGC 2026 Reg M-B (Bo3)
|rated|
|rule|Species Clause: Limit one of each Pokémon
|rule|Item Clause: Limit 1 of each item
|clearpoke
|poke|p1|Sinistcha, L50|
|poke|p1|Farigiraf, L50, M|
|poke|p1|Mawile, L50, F, shiny|
|poke|p1|Torkoal, L50, M|
|poke|p1|Scrafty, L50, M|
|poke|p1|Lycanroc-Dusk, L50, F|
|poke|p2|Mawile, L50, F|
|poke|p2|Farigiraf, L50, F|
|poke|p2|Incineroar, L50, M|
|poke|p2|Torkoal, L50, M|
|poke|p2|Venusaur, L50, M|
|poke|p2|Scrafty, L50, M|
|teampreview|4
|showteam|p1|Sinistcha||SitrusBerry|Hospitality|MatchaGotcha,RagePowder,TrickRoom,ShadowBall|Relaxed|||||50|]Farigiraf||ColburBerry|ArmorTail|Psychic,TrickRoom,Thunderbolt,HelpingHand|Relaxed||M|||50|]Mawile||Mawilite|Intimidate|PlayRough,IronHead,SuckerPunch,Protect|Brave||F|||50|]Torkoal||Charcoal|Drought|Eruption,WeatherBall,SolarBeam,Protect|Quiet||M|||50|]Scrafty||Scraftinite|Intimidate|BulkUp,BrickBreak,KnockOff,FakeOut|Brave||M|||50|]Lycanroc-Dusk||FocusSash|ToughClaws|Accelerock,RockSlide,CloseCombat,Protect|Adamant||F|||50|
|showteam|p2|Mawile||Mawilite|HyperCutter|Protect,PlayRough,SwordsDance,SuckerPunch|Brave||F|||50|]Farigiraf||SitrusBerry|ArmorTail|TrickRoom,TwinBeam,Thunderbolt,HelpingHand|Quiet||F|||50|]Incineroar||WhiteHerb|Intimidate|FakeOut,CloseCombat,FlareBlitz,ThroatChop|Brave||M|||50|]Torkoal||Charcoal|Drought|Protect,Eruption,HeatWave,WeatherBall|Quiet||M|||50|]Venusaur||FocusSash|Chlorophyll|SleepPowder,EarthPower,EnergyBall,SludgeBomb|Modest||M|||50|]Scrafty||Scraftinite|Intimidate|FakeOut,CloseCombat,KnockOff,IcePunch|Brave||M|||50|
|inactive|Battle timer is ON: inactive players will automatically lose when time's up. (requested by Pelosis)
|inactive|Pelosis has 60 seconds left.
|
|t:|1784040973
|teamsize|p1|4
|teamsize|p2|4
|start
|switch|p1a: Lycanroc|Lycanroc-Dusk, L50, F|100/100
|switch|p1b: Scrafty|Scrafty, L50, M|100/100
|switch|p2a: Venusaur|Venusaur, L50, M|100/100
|switch|p2b: Torkoal|Torkoal, L50, M|100/100
|-ability|p1b: Scrafty|Intimidate|boost
|-unboost|p2a: Venusaur|atk|1
|-unboost|p2b: Torkoal|atk|1
|-weather|SunnyDay|[from] ability: Drought|[of] p2b: Torkoal
|turn|1
|inactive|FocusRanja has 30 seconds left.
|
|t:|1784041000
|switch|p2b: Farigiraf|Farigiraf, L50, F|100/100
|move|p1b: Scrafty|Fake Out||[still]
|cant|p2b: Farigiraf|ability: Armor Tail|Fake Out|[of] p1b: Scrafty
|move|p2a: Venusaur|Sleep Powder|p1a: Lycanroc
|-status|p1a: Lycanroc|slp|[from] move: Sleep Powder
|cant|p1a: Lycanroc|slp
|
|-weather|SunnyDay|[upkeep]
|upkeep
|turn|2
|
|t:|1784041022
|move|p2a: Venusaur|Sleep Powder|p1b: Scrafty
|-status|p1b: Scrafty|slp|[from] move: Sleep Powder
|-curestatus|p1a: Lycanroc|slp|[msg]
|move|p1a: Lycanroc|Rock Slide|p2a: Venusaur|[spread] p2a,p2b
|-damage|p2a: Venusaur|61/100
|-damage|p2b: Farigiraf|74/100
|move|p2b: Farigiraf|Thunderbolt|p1a: Lycanroc
|-damage|p1a: Lycanroc|57/100
|cant|p1b: Scrafty|slp
|
|-weather|SunnyDay|[upkeep]
|upkeep
|turn|3
|inactive|FocusRanja has 30 seconds left.
|inactive|Pelosis has 30 seconds left.
|
|t:|1784041051
|switch|p2b: Mawile|Mawile, L50, F|100/100
|move|p2a: Venusaur|Energy Ball|p1a: Lycanroc
|-supereffective|p1a: Lycanroc|1
|-damage|p1a: Lycanroc|0 fnt
|faint|p1a: Lycanroc
|cant|p1b: Scrafty|slp
|
|-weather|SunnyDay|[upkeep]
|upkeep
|
|t:|1784041060
|switch|p1a: Farigiraf|Farigiraf, L50, M|100/100
|turn|4
|inactive|Pelosis has 30 seconds left.
|
|t:|1784041087
|detailschange|p1b: Scrafty|Scrafty-Mega, L50, M
|-mega|p1b: Scrafty|Scrafty|Scraftinite
|-ability|p1b: Scrafty|Intimidate|boost
|-unboost|p2a: Venusaur|atk|1
|-fail|p2b: Mawile|unboost|Attack|[from] ability: Hyper Cutter|[of] p2b: Mawile
|detailschange|p2b: Mawile|Mawile-Mega, L50, F
|-mega|p2b: Mawile|Mawile|Mawilite
|move|p2a: Venusaur|Energy Ball|p1b: Scrafty
|-damage|p1b: Scrafty|64/100 slp
|-curestatus|p1b: Scrafty|slp|[msg]
|move|p1b: Scrafty|Brick Break|p2b: Mawile
|-damage|p2b: Mawile|59/100
|move|p1a: Farigiraf|Psychic|p2a: Venusaur
|-supereffective|p2a: Venusaur|1
|-crit|p2a: Venusaur
|-damage|p2a: Venusaur|0 fnt
|faint|p2a: Venusaur
|move|p2b: Mawile|Play Rough|p1b: Scrafty
|-supereffective|p1b: Scrafty|2
|-damage|p1b: Scrafty|0 fnt
|faint|p1b: Scrafty
|
|-weather|SunnyDay|[upkeep]
|upkeep
|
|t:|1784041110
|switch|p2a: Farigiraf|Farigiraf, L50, F|74/100
|switch|p1b: Torkoal|Torkoal, L50, M|100/100
|turn|5
|inactive|Pelosis has 30 seconds left.
|inactive|Pelosis has 20 seconds left.
|inactive|Pelosis has 15 seconds left.
|
|t:|1784041155
|move|p1b: Torkoal|Protect|p1b: Torkoal
|-singleturn|p1b: Torkoal|Protect
|move|p2a: Farigiraf|Twin Beam|p1b: Torkoal
|-activate|p1b: Torkoal|move: Protect
|move|p2b: Mawile|Swords Dance|p2b: Mawile
|-boost|p2b: Mawile|atk|2
|move|p1a: Farigiraf|Trick Room|p1a: Farigiraf
|-fieldstart|move: Trick Room|[of] p1a: Farigiraf
|
|-weather|none
|upkeep
|turn|6
|
|t:|1784041173
|move|p1a: Farigiraf|Helping Hand|p1b: Torkoal
|-singleturn|p1b: Torkoal|Helping Hand|[of] p1a: Farigiraf
|move|p2b: Mawile|Protect|p2b: Mawile
|-singleturn|p2b: Mawile|Protect
|move|p1b: Torkoal|Eruption|p2a: Farigiraf|[spread] p2a
|-activate|p2b: Mawile|move: Protect
|-damage|p2a: Farigiraf|0 fnt
|faint|p2a: Farigiraf
|
|upkeep
|
|t:|1784041182
|switch|p2a: Torkoal|Torkoal, L50, M|100/100
|-weather|SunnyDay|[from] ability: Drought|[of] p2a: Torkoal
|turn|7
|
|t:|1784041194
|move|p1a: Farigiraf|Helping Hand|p1b: Torkoal
|-singleturn|p1b: Torkoal|Helping Hand|[of] p1a: Farigiraf
|move|p2b: Mawile|Protect||[still]
|-fail|p2b: Mawile
|move|p2a: Torkoal|Eruption|p1a: Farigiraf|[spread] p1a,p1b
|-resisted|p1b: Torkoal|1
|-damage|p1a: Farigiraf|29/100
|-damage|p1b: Torkoal|45/100
|move|p1b: Torkoal|Eruption|p2a: Torkoal|[spread] p2a,p2b
|-resisted|p2a: Torkoal|1
|-supereffective|p2b: Mawile|1
|-damage|p2a: Torkoal|58/100
|-damage|p2b: Mawile|0 fnt
|faint|p2b: Mawile
|
|-weather|SunnyDay|[upkeep]
|upkeep
|turn|8
|inactive|FocusRanja has 30 seconds left.
|
|t:|1784041223
|move|p1b: Torkoal|Weather Ball|p2a: Torkoal
|-resisted|p2a: Torkoal|1
|-damage|p2a: Torkoal|7/100
|move|p2a: Torkoal|Heat Wave|p1b: Torkoal|[spread] p1a,p1b
|-resisted|p1b: Torkoal|1
|-damage|p1a: Farigiraf|0 fnt
|-damage|p1b: Torkoal|5/100
|faint|p1a: Farigiraf
|
|-weather|SunnyDay|[upkeep]
|upkeep
|turn|9
|
|t:|1784041235
|move|p1b: Torkoal|Weather Ball|p2a: Torkoal
|-resisted|p2a: Torkoal|1
|-damage|p2a: Torkoal|0 fnt
|faint|p2a: Torkoal
|
|win|FocusRanja
|raw|FocusRanja's rating: 1058 → 1092(+34 for winning)
|raw|Pelosis's rating: 1091 → 1065(-26 for losing)
