|j|☆espectrometria
|j|☆p1ch1pichi
|html|espectrometriap1ch1pichi    
|uhtml|bestof|Game 3 of a best-of-3
|t:|1784997014
|gametype|doubles
|player|p1|espectrometria|nate|1103
|player|p2|p1ch1pichi|n|1097
|gen|9
|tier|[Gen 9 Champions] VGC 2026 Reg M-B (Bo3)
|rated|
|rule|Species Clause: Limit one of each Pokémon
|rule|Item Clause: Limit 1 of each item
|clearpoke
|poke|p1|Milotic, L50, F|
|poke|p1|Sneasler, L50, F|
|poke|p1|Charizard, L50, M, shiny|
|poke|p1|Garchomp, L50, F|
|poke|p1|Venusaur, L50, M|
|poke|p1|Incineroar, L50, M|
|poke|p2|Blastoise, L50, M, shiny|
|poke|p2|Delphox, L50, M|
|poke|p2|Sneasler, L50, F|
|poke|p2|Incineroar, L50, M|
|poke|p2|Sinistcha, L50|
|poke|p2|Kingambit, L50, F|
|teampreview|4
|showteam|p1|Milotic||Leftovers|Competitive|IceBeam,Scald,Protect,Coil|Modest||F|||50|]Sneasler||SilkScarf|Pressure|CloseCombat,DireClaw,RockSlide,Protect|Naughty||F|||50|]Charizard||CharizarditeY|Blaze|Protect,HeatWave,AirSlash,SolarBeam|Rash||M|||50|]Garchomp||LifeOrb|RoughSkin|DragonClaw,Earthquake,Protect,RockSlide|Jolly||F|||50|]Venusaur||FocusSash|Chlorophyll|Protect,SludgeWave,SleepPowder,EnergyBall|Serious||M|||50|]Incineroar||SitrusBerry|Intimidate|FakeOut,PartingShot,DarkestLariat,FireBlast|Serious||M|||50|
|showteam|p2|Blastoise||Blastoisinite|RainDish|Protect,WaterSpout,DarkPulse,ShellSmash|Modest||M|||50|]Delphox||Delphoxite|Blaze|Protect,HeatWave,Psyshock,NastyPlot|Modest||M|||50|]Sneasler||FocusSash|PoisonTouch|QuickGuard,FakeOut,PoisonJab,CloseCombat|Jolly||F|||50|]Incineroar||SitrusBerry|Intimidate|PartingShot,FakeOut,FlareBlitz,HelpingHand|Careful||M|||50|]Sinistcha||KasibBerry|Hospitality|Protect,MatchaGotcha,RagePowder,TrickRoom|Bold|||||50|]Kingambit||BlackGlasses|Defiant|Protect,KowtowCleave,SuckerPunch,SwordsDance|Adamant||F|||50|
|inactive|Battle timer is ON: inactive players will automatically lose when time's up. (requested by p1ch1pichi)
|inactive|espectrometria has 60 seconds left.
|inactive|p1ch1pichi has 60 seconds left.
|inactive|espectrometria has 30 seconds left.
|
|t:|1784997082
|teamsize|p1|4
|teamsize|p2|4
|start
|switch|p1a: Charizard|Charizard, L50, M, shiny|100/100
|switch|p1b: Venusaur|Venusaur, L50, M|100/100
|switch|p2a: Sneasler|Sneasler, L50, F|100/100
|switch|p2b: Delphox|Delphox, L50, M|100/100
|turn|1
|inactive|espectrometria has 30 seconds left.
|
|t:|1784997113
|switch|p1b: Incineroar|Incineroar, L50, M|100/100
|-ability|p1b: Incineroar|Intimidate|boost
|-unboost|p2a: Sneasler|atk|1
|-unboost|p2b: Delphox|atk|1
|detailschange|p2b: Delphox|Delphox-Mega, L50, M
|-mega|p2b: Delphox|Delphox|Delphoxite
|detailschange|p1a: Charizard|Charizard-Mega-Y, L50, M, shiny
|-mega|p1a: Charizard|Charizard|Charizardite Y
|-weather|SunnyDay|[from] ability: Drought|[of] p1a: Charizard
|move|p1a: Charizard|Protect|p1a: Charizard
|-singleturn|p1a: Charizard|Protect
|move|p2a: Sneasler|Fake Out|p1b: Incineroar
|-damage|p1b: Incineroar|88/100
|move|p2b: Delphox|Nasty Plot|p2b: Delphox
|-boost|p2b: Delphox|spa|2
|
|-weather|SunnyDay|[upkeep]
|upkeep
|turn|2
|inactive|espectrometria has 30 seconds left.
|inactive|p1ch1pichi has 30 seconds left.
|inactive|espectrometria has 20 seconds left.
|inactive|espectrometria has 15 seconds left.
|
|t:|1784997154
|move|p2a: Sneasler|Close Combat|p1b: Incineroar
|-supereffective|p1b: Incineroar|1
|-damage|p1b: Incineroar|0 fnt
|-unboost|p2a: Sneasler|def|1
|-unboost|p2a: Sneasler|spd|1
|faint|p1b: Incineroar
|move|p2b: Delphox|Psyshock|p1a: Charizard
|-damage|p1a: Charizard|1/100
|move|p1a: Charizard|Air Slash|p2a: Sneasler
|-supereffective|p2a: Sneasler|1
|-enditem|p2a: Sneasler|Focus Sash
|-damage|p2a: Sneasler|1/100
|
|-weather|SunnyDay|[upkeep]
|upkeep
|
|t:|1784997161
|switch|p1b: Venusaur|Venusaur, L50, M|100/100
|turn|3
|
|t:|1784997176
|switch|p1a: Milotic|Milotic, L50, F|100/100
|move|p2b: Delphox|Protect|p2b: Delphox
|-singleturn|p2b: Delphox|Protect
|move|p1b: Venusaur|Sleep Powder|p2b: Delphox
|-activate|p2b: Delphox|move: Protect
|move|p2a: Sneasler|Poison Jab|p1a: Milotic
|-damage|p1a: Milotic|61/100
|
|-weather|SunnyDay|[upkeep]
|-heal|p1a: Milotic|67/100|[from] item: Leftovers
|upkeep
|turn|4
|inactive|espectrometria has 30 seconds left.
|inactive|p1ch1pichi has 30 seconds left.
|
|t:|1784997204
|switch|p2b: Sinistcha|Sinistcha, L50|100/100
|-heal|p2a: Sneasler|25/100|[from] ability: Hospitality|[of] p2b: Sinistcha
|move|p1b: Venusaur|Protect|p1b: Venusaur
|-singleturn|p1b: Venusaur|Protect
|move|p1a: Milotic|Protect|p1a: Milotic
|-singleturn|p1a: Milotic|Protect
|move|p2a: Sneasler|Poison Jab|p1a: Milotic
|-activate|p1a: Milotic|move: Protect
|
|-weather|SunnyDay|[upkeep]
|-heal|p1a: Milotic|72/100|[from] item: Leftovers
|upkeep
|turn|5
|inactive|p1ch1pichi has 30 seconds left.
|
|t:|1784997231
|move|p1b: Venusaur|Sleep Powder|p2a: Sneasler
|-status|p2a: Sneasler|slp|[from] move: Sleep Powder
|cant|p2a: Sneasler|slp
|move|p1a: Milotic|Ice Beam|p2b: Sinistcha
|-supereffective|p2b: Sinistcha|1
|-damage|p2b: Sinistcha|41/100
|move|p2b: Sinistcha|Matcha Gotcha|p1a: Milotic|[spread] p1a,p1b
|-supereffective|p1a: Milotic|1
|-resisted|p1b: Venusaur|2
|-damage|p1a: Milotic|32/100
|-heal|p2b: Sinistcha|60/100|[from] drain|[of] p1a: Milotic
|-damage|p1b: Venusaur|94/100
|-heal|p2b: Sinistcha|64/100|[from] drain|[of] p1b: Venusaur
|-status|p1b: Venusaur|brn
|
|-weather|none
|-heal|p1a: Milotic|38/100|[from] item: Leftovers
|-damage|p1b: Venusaur|88/100 brn|[from] brn
|upkeep
|turn|6
|
|t:|1784997253
|switch|p2a: Delphox|Delphox-Mega, L50, M|100/100
|switch|p1b: Charizard|Charizard-Mega-Y, L50, M, shiny|1/100
|-weather|SunnyDay|[from] ability: Drought|[of] p1b: Charizard
|move|p1a: Milotic|Scald|p2a: Delphox
|-supereffective|p2a: Delphox|1
|-damage|p2a: Delphox|65/100
|move|p2b: Sinistcha|Matcha Gotcha|p1a: Milotic|[spread] 
|-miss|p2b: Sinistcha|p1a: Milotic
|-miss|p2b: Sinistcha|p1b: Charizard
|
|-weather|SunnyDay|[upkeep]
|-heal|p1a: Milotic|44/100|[from] item: Leftovers
|upkeep
|turn|7
|
|t:|1784997274
|move|p1a: Milotic|Protect|p1a: Milotic
|-singleturn|p1a: Milotic|Protect
|move|p2a: Delphox|Heat Wave|p1a: Milotic|[spread] p1b
|-activate|p1a: Milotic|move: Protect
|-resisted|p1b: Charizard|1
|-damage|p1b: Charizard|0 fnt
|faint|p1b: Charizard
|move|p2b: Sinistcha|Matcha Gotcha|p1a: Milotic
|-activate|p1a: Milotic|move: Protect
|
|-weather|SunnyDay|[upkeep]
|-heal|p1a: Milotic|50/100g|[from] item: Leftovers
|upkeep
|
|t:|1784997283
|switch|p1b: Venusaur|Venusaur, L50, M|88/100 brn
|turn|8
|
|t:|1784997302
|move|p2a: Delphox|Protect|p2a: Delphox
|-singleturn|p2a: Delphox|Protect
|move|p1b: Venusaur|Sludge Wave|p2b: Sinistcha|[spread] p1a,p2b
|-activate|p2a: Delphox|move: Protect
|-damage|p1a: Milotic|25/100
|-damage|p2b: Sinistcha|36/100
|move|p1a: Milotic|Scald|p2a: Delphox
|-activate|p2a: Delphox|move: Protect
|move|p2b: Sinistcha|Matcha Gotcha|p1a: Milotic|[spread] p1a,p1b
|-supereffective|p1a: Milotic|1
|-resisted|p1b: Venusaur|2
|-damage|p1a: Milotic|0 fnt
|-heal|p2b: Sinistcha|48/100|[from] drain|[of] p1a: Milotic
|-damage|p1b: Venusaur|82/100 brn
|-heal|p2b: Sinistcha|51/100|[from] drain|[of] p1b: Venusaur
|faint|p1a: Milotic
|
|-weather|SunnyDay|[upkeep]
|-damage|p1b: Venusaur|77/100 brn|[from] brn
|upkeep
|turn|9
|inactive|p1ch1pichi has 30 seconds left.
|
|t:|1784997328
|switch|p2a: Sneasler|Sneasler, L50, F|25/100 slp
|move|p2b: Sinistcha|Protect|p2b: Sinistcha
|-singleturn|p2b: Sinistcha|Protect
|move|p1b: Venusaur|Sludge Wave|p2a: Sneasler|[spread] p2a
|-activate|p2b: Sinistcha|move: Protect
|-resisted|p2a: Sneasler|1
|-damage|p2a: Sneasler|3/100 slp
|
|-weather|SunnyDay|[upkeep]
|-damage|p1b: Venusaur|71/100 brn|[from] brn
|upkeep
|turn|10
|
|t:|1784997341
|switch|p2b: Incineroar|Incineroar, L50, M|100/100
|-ability|p2b: Incineroar|Intimidate|boost
|-unboost|p1b: Venusaur|atk|1
|cant|p2a: Sneasler|slp
|move|p1b: Venusaur|Sludge Wave|p2a: Sneasler|[spread] p2a,p2b
|-resisted|p2a: Sneasler|1
|-damage|p2a: Sneasler|0 fnt
|-damage|p2b: Incineroar|77/100
|faint|p2a: Sneasler
|
|-weather|none
|-damage|p1b: Venusaur|65/100 brn|[from] brn
|upkeep
|
|t:|1784997352
|switch|p2a: Delphox|Delphox-Mega, L50, M|65/100
|turn|11
|
|t:|1784997357
|move|p1b: Venusaur|Protect|p1b: Venusaur
|-singleturn|p1b: Venusaur|Protect
|move|p2b: Incineroar|Fake Out|p1b: Venusaur
|-activate|p1b: Venusaur|move: Protect
|move|p2a: Delphox|Psyshock|p1b: Venusaur
|-activate|p1b: Venusaur|move: Protect
|
|-damage|p1b: Venusaur|59/100 brn|[from] brn
|upkeep
|turn|12
|
|t:|1784997374
|move|p2b: Incineroar|Helping Hand|p2a: Delphox
|-singleturn|p2a: Delphox|Helping Hand|[of] p2b: Incineroar
|move|p2a: Delphox|Psyshock|p1b: Venusaur
|-supereffective|p1b: Venusaur|1
|-damage|p1b: Venusaur|0 fnt
|faint|p1b: Venusaur
|
|win|p1ch1pichi
|raw|espectrometria's rating: 1103 → 1078(-25 for losing)
|raw|p1ch1pichi's rating: 1097 → 1123(+26 for winning)
|l|☆espectrometria
|player|p1|
