|j|☆Realmyth10
|j|☆justin tang1234
|html|Realmyth10justin tang1234    
|uhtml|bestof|Game 2 of a best-of-3
|t:|1785754229
|gametype|doubles
|player|p1|Realmyth10|101|1093
|player|p2|justin tang1234|266|1213
|gen|9
|tier|[Gen 9 Champions] VGC 2026 Reg M-B (Bo3)
|rated|
|rule|Species Clause: Limit one of each Pokémon
|rule|Item Clause: Limit 1 of each item
|clearpoke
|poke|p1|Froslass, L50, F|
|poke|p1|Bellibolt, L50, M|
|poke|p1|Garchomp, L50, F|
|poke|p1|Incineroar, L50, M|
|poke|p1|Venusaur, L50, F|
|poke|p1|Milotic, L50, F|
|poke|p2|Staraptor, L50, M|
|poke|p2|Garchomp, L50, M|
|poke|p2|Whimsicott, L50, M|
|poke|p2|Delphox, L50, M|
|poke|p2|Glimmora, L50, M|
|poke|p2|Kingambit, L50, M|
|teampreview|4
|showteam|p1|Froslass||Froslassite|SnowCloak|Blizzard,ShadowBall,AuroraVeil,Protect|Modest||F|||50|]Bellibolt||Leftovers|Electromorphosis|Electroweb,Protect,Thunderbolt,Soak|Quiet||M|||50|]Garchomp||ChoiceScarf|RoughSkin|DragonClaw,StompingTantrum,RockSlide,BreakingSwipe|Adamant||F|||50|]Incineroar||SitrusBerry|Intimidate|FakeOut,ThroatChop,PartingShot,FlareBlitz|Adamant||M|||50|]Venusaur||Venusaurite|Chlorophyll|SludgeBomb,EarthPower,SleepPowder,GigaDrain|Modest||F|||50|]Milotic||LifeOrb|Competitive|Scald,IcyWind,Protect,LifeDew|Modest||F|||50|
|showteam|p2|Staraptor||Staraptite|Intimidate|Protect,Roost,CloseCombat,BraveBird|Jolly||M|||50|]Garchomp||LifeOrb|RoughSkin|Protect,RockSlide,Earthquake,DragonClaw|Jolly||M|||50|]Whimsicott||OccaBerry|Prankster|Moonblast,Tailwind,Charm,LightScreen|Timid||M|||50|]Delphox||Delphoxite|Magician|Protect,Psychic,HeatWave,Substitute|Timid||M|||50|]Glimmora||FocusSash|ToxicDebris|SpikyShield,SludgeBomb,EarthPower,PowerGem|Timid||M|||50|]Kingambit||ChopleBerry|Defiant|SuckerPunch,LowKick,IronHead,KowtowCleave|Adamant||M|||50|
|j| humanbacon
|inactive|Battle timer is ON: inactive players will automatically lose when time's up. (requested by Realmyth10)
|inactive|Realmyth10 has 60 seconds left.
|
|t:|1785754275
|teamsize|p1|4
|teamsize|p2|4
|start
|switch|p1a: Incineroar|Incineroar, L50, M|100/100
|switch|p1b: Milotic|Milotic, L50, F|100/100
|switch|p2a: Whimsicott|Whimsicott, L50, M|100/100
|switch|p2b: Staraptor|Staraptor, L50, M|100/100
|-ability|p2b: Staraptor|Intimidate|boost
|-unboost|p1a: Incineroar|atk|1
|-unboost|p1b: Milotic|atk|1
|-ability|p1b: Milotic|Competitive|boost
|-boost|p1b: Milotic|spa|2
|-ability|p1a: Incineroar|Intimidate|boost
|-unboost|p2a: Whimsicott|atk|1
|-unboost|p2b: Staraptor|atk|1
|turn|1
|inactive|Realmyth10 has 30 seconds left.
|inactive|justin tang1234 has 30 seconds left.
|inactive|Realmyth10 has 20 seconds left.
|
|t:|1785754312
|switch|p2b: Kingambit|Kingambit, L50, M|100/100
|move|p2a: Whimsicott|Tailwind|p2a: Whimsicott
|-sidestart|p2: justin tang1234|move: Tailwind
|move|p1b: Milotic|Scald|p2a: Whimsicott
|-resisted|p2a: Whimsicott|1
|-damage|p2a: Whimsicott|24/100
|-damage|p1b: Milotic|90/100|[from] item: Life Orb
|move|p1a: Incineroar|Flare Blitz|p2a: Whimsicott
|-supereffective|p2a: Whimsicott|1
|-enditem|p2a: Whimsicott|Occa Berry|[eat]
|-enditem|p2a: Whimsicott|Occa Berry|[weaken]
|-damage|p2a: Whimsicott|0 fnt
|faint|p2a: Whimsicott
|-damage|p1a: Incineroar|93/100|[from] Recoil
|
|upkeep
|
|t:|1785754328
|switch|p2a: Staraptor|Staraptor, L50, M|100/100
|-ability|p2a: Staraptor|Intimidate|boost
|-unboost|p1a: Incineroar|atk|1
|-unboost|p1b: Milotic|atk|1
|-ability|p1b: Milotic|Competitive|boost
|-boost|p1b: Milotic|spa|2
|turn|2
|
|t:|1785754346
|switch|p1a: Garchomp|Garchomp, L50, F|100/100
|detailschange|p2a: Staraptor|Staraptor-Mega, L50, M
|-mega|p2a: Staraptor|Staraptor|Staraptite
|move|p2a: Staraptor|Close Combat|p1b: Milotic
|-damage|p1b: Milotic|29/100
|-boost|p2a: Staraptor|def|1
|-boost|p2a: Staraptor|spd|1
|move|p2b: Kingambit|Kowtow Cleave|p1b: Milotic
|-damage|p1b: Milotic|0 fnt
|faint|p1b: Milotic
|
|upkeep
|
|t:|1785754352
|switch|p1b: Froslass|Froslass, L50, F|100/100
|turn|3
|inactive|Realmyth10 has 30 seconds left.
|inactive|justin tang1234 has 30 seconds left.
|
|t:|1785754381
|detailschange|p1b: Froslass|Froslass-Mega, L50, F
|-mega|p1b: Froslass|Froslass|Froslassite
|-weather|Snowscape|[from] ability: Snow Warning|[of] p1b: Froslass
|move|p2b: Kingambit|Sucker Punch||[still]
|-fail|p2b: Kingambit
|move|p2a: Staraptor|Close Combat|p1a: Garchomp
|-damage|p1a: Garchomp|44/100
|-boost|p2a: Staraptor|def|1
|-boost|p2a: Staraptor|spd|1
|-damage|p2a: Staraptor|87/100|[from] ability: Rough Skin|[of] p1a: Garchomp
|move|p1a: Garchomp|Stomping Tantrum|p2b: Kingambit
|-supereffective|p2b: Kingambit|1
|-damage|p2b: Kingambit|35/100
|move|p1b: Froslass|Aurora Veil|p1b: Froslass
|-sidestart|p1: Realmyth10|move: Aurora Veil
|
|-weather|Snowscape|[upkeep]
|upkeep
|turn|4
|inactive|justin tang1234 has 30 seconds left.
|
|t:|1785754411
|move|p2b: Kingambit|Sucker Punch|p1b: Froslass
|-supereffective|p1b: Froslass|1
|-damage|p1b: Froslass|45/100
|move|p2a: Staraptor|Close Combat|p1a: Garchomp
|-damage|p1a: Garchomp|6/100
|-boost|p2a: Staraptor|def|1
|-boost|p2a: Staraptor|spd|1
|-damage|p2a: Staraptor|75/100|[from] ability: Rough Skin|[of] p1a: Garchomp
|move|p1a: Garchomp|Stomping Tantrum|p2b: Kingambit
|-supereffective|p2b: Kingambit|1
|-damage|p2b: Kingambit|0 fnt
|faint|p2b: Kingambit
|move|p1b: Froslass|Blizzard|p2a: Staraptor
|-supereffective|p2a: Staraptor|1
|-damage|p2a: Staraptor|23/100
|
|-weather|Snowscape|[upkeep]
|-sideend|p2: justin tang1234|move: Tailwind
|upkeep
|
|t:|1785754417
|switch|p2b: Garchomp|Garchomp, L50, M|100/100
|turn|5
|
|t:|1785754438
|switch|p1a: Incineroar|Incineroar, L50, M|93/100
|-ability|p1a: Incineroar|Intimidate|boost
|-boost|p2a: Staraptor|atk|1
|-unboost|p2b: Garchomp|atk|1
|move|p2a: Staraptor|Roost|p2a: Staraptor
|-heal|p2a: Staraptor|74/100
|-singleturn|p2a: Staraptor|move: Roost
|move|p1b: Froslass|Blizzard|p2a: Staraptor|[spread] p2a,p2b
|-supereffective|p2b: Garchomp|2
|-damage|p2a: Staraptor|52/100
|-damage|p2b: Garchomp|0 fnt
|faint|p2b: Garchomp
|
|-weather|Snowscape|[upkeep]
|upkeep
|turn|6
|
|t:|1785754453
|move|p2a: Staraptor|Protect|p2a: Staraptor
|-singleturn|p2a: Staraptor|Protect
|move|p1a: Incineroar|Fake Out|p2a: Staraptor
|-activate|p2a: Staraptor|move: Protect
|move|p1b: Froslass|Blizzard|p2a: Staraptor
|-activate|p2a: Staraptor|move: Protect
|
|-weather|Snowscape|[upkeep]
|upkeep
|turn|7
|
|t:|1785754461
|switch|p1a: Garchomp|Garchomp, L50, F|6/100
|move|p2a: Staraptor|Close Combat|p1a: Garchomp
|-damage|p1a: Garchomp|0 fnt
|-boost|p2a: Staraptor|def|1
|-boost|p2a: Staraptor|spd|1
|-damage|p2a: Staraptor|40/100|[from] ability: Rough Skin|[of] p1a: Garchomp
|faint|p1a: Garchomp
|move|p1b: Froslass|Blizzard|p2a: Staraptor
|-supereffective|p2a: Staraptor|1
|-damage|p2a: Staraptor|0 fnt
|faint|p2a: Staraptor
|
|win|Realmyth10
||justin tang1234 is ready for game 3.
|inactive|Realmyth10 has 30 seconds to confirm battle start!
