|j|☆scottedstone
|j|☆Onemagician4496
|html|scottedstoneOnemagician4496    
|uhtml|bestof|Game 1 of a best-of-3
|t:|1757919337
|gametype|doubles
|player|p1|scottedstone|169|1332
|player|p2|Onemagician4496|170|1396
|gen|9
|tier|[Gen 9] VGC 2025 Reg H (Bo3)
|rated|
|rule|Species Clause: Limit one of each Pokémon
|rule|Item Clause: Limit 1 of each item
|clearpoke
|poke|p1|Pelipper, L50, M|
|poke|p1|Basculegion, L50, M|
|poke|p1|Archaludon, L50, F|
|poke|p1|Sneasler, L50, M|
|poke|p1|Indeedee, L50, M|
|poke|p1|Amoonguss, L50, M|
|poke|p2|Sneasler, L50, F|
|poke|p2|Ninetales-Alola, L50, M|
|poke|p2|Gholdengo, L50|
|poke|p2|Ursaluna-Bloodmoon, L50, M|
|poke|p2|Rillaboom, L50, F|
|poke|p2|Incineroar, L50, F|
|teampreview|4
|showteam|p1|Pelipper||FocusSash|Drizzle|Hurricane,WeatherBall,Tailwind,Protect|||M|||50|,,,,,Stellar]Basculegion||LifeOrb|SwiftSwim|WaveCrash,LastRespects,AquaJet,Protect|||M|||50|,,,,,Water]Archaludon||AssaultVest|Stamina|DragonPulse,FlashCannon,ElectroShot,BodyPress|||F|||50|,,,,,Grass]Sneasler||PsychicSeed|Unburden|DireClaw,CloseCombat,ThroatChop,Protect|||M|||50|,,,,,Dark]Indeedee||ChoiceScarf|PsychicSurge|ExpandingForce,TeraBlast,Protect,Trick|||M|||50|,,,,,Psychic]Amoonguss||SitrusBerry|Regenerator|PollenPuff,RagePowder,Spore,Protect|||M|||50|,,,,,Water
|showteam|p2|Sneasler||GrassySeed|Unburden|Protect,CloseCombat,Acrobatics,SwordsDance|||F|||50|,,,,,Flying]Ninetales-Alola||FocusSash|SnowWarning|Blizzard,TeraBlast,AuroraVeil,Protect|||M|||50|,,,,,Ground]Gholdengo||LifeOrb|GoodasGold|Protect,MakeItRain,ShadowBall,NastyPlot||||||50|,,,,,Water]Ursaluna-Bloodmoon||Leftovers|MindsEye|Protect,Yawn,BloodMoon,EarthPower|||M|||50|,,,,,Water]Rillaboom||AssaultVest|GrassySurge|WoodHammer,GrassyGlide,FakeOut,HighHorsepower|||F|||50|,,,,,Fire]Incineroar||SitrusBerry|Intimidate|FakeOut,FlareBlitz,KnockOff,PartingShot|||F|||50|,,,,,Grass
|inactive|Battle timer is ON: inactive players will automatically lose when time's up. (requested by scottedstone)
|
|t:|1757919365
|teamsize|p1|4
|teamsize|p2|4
|start
|switch|p1a: Pelipper|Pelipper, L50, M|100/100
|switch|p1b: Basculegion|Basculegion, L50, M|100/100
|switch|p2a: Sneasler|Sneasler, L50, F|100/100
|switch|p2b: Gholdengo|Gholdengo, L50|100/100
|-weather|RainDance|[from] ability: Drizzle|[of] p1a: Pelipper
|turn|1
|inactive|scottedstone has 30 seconds left.
|inactive|scottedstone has 20 seconds left.
|inactive|scottedstone has 15 seconds left.
|inactive|scottedstone has 10 seconds left.
|
|t:|1757919412
|switch|p2a: Ninetales|Ninetales-Alola, L50, M|100/100
|-weather|Snowscape|[from] ability: Snow Warning|[of] p2a: Ninetales
|-terastallize|p1b: Basculegion|Water
|-terastallize|p2b: Gholdengo|Water
|move|p2b: Gholdengo|Nasty Plot|p2b: Gholdengo
|-boost|p2b: Gholdengo|spa|2
|move|p1b: Basculegion|Wave Crash|p2a: Ninetales
|-enditem|p2a: Ninetales|Focus Sash
|-damage|p2a: Ninetales|1/100
|-damage|p1b: Basculegion|75/100|[from] Recoil
|-damage|p1b: Basculegion|66/100|[from] item: Life Orb
|move|p1a: Pelipper|Hurricane|p2b: Gholdengo
|-damage|p2b: Gholdengo|44/100
|-start|p2b: Gholdengo|confusion
|
|-weather|Snowscape|[upkeep]
|upkeep
|turn|2
|inactive|Onemagician4496 has 30 seconds left.
|
|t:|1757919438
|move|p1b: Basculegion|Aqua Jet|p2a: Ninetales
|-damage|p2a: Ninetales|0 fnt
|faint|p2a: Ninetales
|-damage|p1b: Basculegion|56/100|[from] item: Life Orb
|-activate|p2b: Gholdengo|confusion
|-damage|p2b: Gholdengo|38/100|[from] confusion
|move|p1a: Pelipper|Hurricane|p2b: Gholdengo
|-damage|p2b: Gholdengo|0 fnt
|faint|p2b: Gholdengo
|
|-weather|Snowscape|[upkeep]
|upkeep
|
|t:|1757919447
|switch|p2a: Sneasler|Sneasler, L50, F|100/100
|switch|p2b: Rillaboom|Rillaboom, L50, F|100/100
|-fieldstart|move: Grassy Terrain|[from] ability: Grassy Surge|[of] p2b: Rillaboom
|-enditem|p2a: Sneasler|Grassy Seed
|-boost|p2a: Sneasler|def|1|[from] item: Grassy Seed
|turn|3
|
|t:|1757919461
|move|p1b: Basculegion|Protect|p1b: Basculegion
|-singleturn|p1b: Basculegion|Protect
|move|p1a: Pelipper|Protect|p1a: Pelipper
|-singleturn|p1a: Pelipper|Protect
|move|p2b: Rillaboom|Grassy Glide|p1a: Pelipper
|-activate|p1a: Pelipper|move: Protect
|move|p2a: Sneasler|Acrobatics|p1a: Pelipper
|-activate|p1a: Pelipper|move: Protect
|
|-weather|Snowscape|[upkeep]
|-heal|p1b: Basculegion|62/100|[from] Grassy Terrain
|upkeep
|turn|4
|inactive|scottedstone has 30 seconds left.
|inactive|scottedstone has 20 seconds left.
|
|t:|1757919501
|move|p1b: Basculegion|Aqua Jet|p2a: Sneasler
|-damage|p2a: Sneasler|67/100
|-damage|p1b: Basculegion|53/100|[from] item: Life Orb
|move|p2b: Rillaboom|Grassy Glide|p1a: Pelipper
|-crit|p1a: Pelipper
|-damage|p1a: Pelipper|29/100
|move|p2a: Sneasler|Acrobatics|p1a: Pelipper
|-damage|p1a: Pelipper|0 fnt
|faint|p1a: Pelipper
|
|-weather|Snowscape|[upkeep]
|-heal|p2a: Sneasler|73/100|[from] Grassy Terrain
|-heal|p1b: Basculegion|59/100|[from] Grassy Terrain
|upkeep
|
|t:|1757919512
|switch|p1a: Indeedee|Indeedee, L50, M|100/100
|-fieldstart|move: Psychic Terrain|[from] ability: Psychic Surge|[of] p1a: Indeedee
|turn|5
|
|t:|1757919529
|move|p1b: Basculegion|Aqua Jet|p2a: Sneasler
|-activate|p2a: Sneasler|move: Psychic Terrain
|move|p2a: Sneasler|Acrobatics|p1a: Indeedee
|-damage|p1a: Indeedee|29/100
|move|p1a: Indeedee|Expanding Force|p2b: Rillaboom|[spread] p2a,p2b
|-supereffective|p2a: Sneasler
|-damage|p2a: Sneasler|0 fnt
|-damage|p2b: Rillaboom|64/100
|faint|p2a: Sneasler
|move|p2b: Rillaboom|Wood Hammer|p1b: Basculegion
|-supereffective|p1b: Basculegion
|-damage|p1b: Basculegion|0 fnt
|faint|p1b: Basculegion
|-damage|p2b: Rillaboom|45/100|[from] Recoil
|
|-weather|none
|upkeep
|
|t:|1757919535
|switch|p1b: Sneasler|Sneasler, L50, M|100/100
|-enditem|p1b: Sneasler|Psychic Seed
|-boost|p1b: Sneasler|spd|1|[from] item: Psychic Seed
|turn|6
|-message|Onemagician4496 forfeited.
|
|win|scottedstone
||scottedstone is ready for game 2.
||Onemagician4496 is ready for game 2.
|uhtml|next|Next: Game 2 of 3
