|j|☆The Wet legend
|j|☆ApostrofoRosaVGC
|html|The Wet legendApostrofoRosaVGC    
|uhtml|bestof|Game 2 of a best-of-3
|t:|1756124817
|gametype|doubles
|player|p1|The Wet legend|tuber|1313
|player|p2|ApostrofoRosaVGC|170|1222
|gen|9
|tier|[Gen 9] VGC 2025 Reg H (Bo3)
|rated|
|rule|Species Clause: Limit one of each Pokémon
|rule|Item Clause: Limit 1 of each item
|clearpoke
|poke|p1|Sneasler, L50, M|
|poke|p1|Indeedee, L50, M|
|poke|p1|Ursaluna-Bloodmoon, L50, M|
|poke|p1|Electabuzz, L50, F|
|poke|p1|Incineroar, L50, M|
|poke|p1|Talonflame, L50, M|
|poke|p2|Gholdengo, L50|
|poke|p2|Sneasler, L50, M|
|poke|p2|Ursaluna-Bloodmoon, L50, M|
|poke|p2|Dragonite, L50, M|
|poke|p2|Incineroar, L50, M|
|poke|p2|Amoonguss, L50, M|
|teampreview|4
|showteam|p1|Sneasler||PsychicSeed|Unburden|CloseCombat,DireClaw,ThroatChop,Protect|||M|||50|,,,,,Dark]Indeedee||FocusSash|PsychicSurge|ExpandingForce,TrickRoom,HelpingHand,Protect|||M|||50|,,,,,Psychic]Ursaluna-Bloodmoon||LifeOrb|MindsEye|BloodMoon,HyperVoice,EarthPower,Protect|||M|||50|,,,,,Normal]Electabuzz||Eviolite|VitalSpirit|Electroweb,FollowMe,Taunt,Protect|||F|||50|,,,,,Dragon]Incineroar||SafetyGoggles|Intimidate|FlareBlitz,KnockOff,PartingShot,FakeOut|||M|||50|,,,,,Ghost]Talonflame||CovertCloak|GaleWings|FlareBlitz,DualWingbeat,WillOWisp,Tailwind|||M|||50|,,,,,Fairy
|showteam|p2|Gholdengo||LifeOrb|GoodasGold|MakeItRain,ShadowBall,NastyPlot,Protect||||||50|,,,,,Water]Sneasler||FocusSash|Unburden|CloseCombat,DireClaw,ThroatChop,Protect|||M|||50|,,,,,Stellar]Ursaluna-Bloodmoon||AssaultVest|MindsEye|EarthPower,BloodMoon,HyperVoice,VacuumWave|||M|||50|,,,,,Water]Dragonite||LoadedDice|Multiscale|ScaleShot,Tailwind,Haze,Protect|||M|||50|,,,,,Fairy]Incineroar||SafetyGoggles|Intimidate|FlareBlitz,KnockOff,FakeOut,PartingShot|||M|||50|,,,,,Ghost]Amoonguss||SitrusBerry|Regenerator|PollenPuff,Spore,RagePowder,Protect|||M|||50|,,,,,Psychic
|
|t:|1756124846
|teamsize|p1|4
|teamsize|p2|4
|start
|switch|p1a: Ursaluna|Ursaluna-Bloodmoon, L50, M|100/100
|switch|p1b: Talonflame|Talonflame, L50, M|100/100
|switch|p2a: Incineroar|Incineroar, L50, M|100/100
|switch|p2b: Dragonite|Dragonite, L50, M|100/100
|-ability|p2a: Incineroar|Intimidate|boost
|-unboost|p1a: Ursaluna|atk|1
|-unboost|p1b: Talonflame|atk|1
|turn|1
|
|t:|1756124880
|move|p1a: Ursaluna|Protect|p1a: Ursaluna
|-singleturn|p1a: Ursaluna|Protect
|move|p1b: Talonflame|Will-O-Wisp|p2b: Dragonite
|-status|p2b: Dragonite|brn
|move|p2b: Dragonite|Scale Shot|p1a: Ursaluna
|-activate|p1a: Ursaluna|move: Protect
|move|p2a: Incineroar|Knock Off|p1b: Talonflame
|-damage|p1b: Talonflame|36/100
|-enditem|p1b: Talonflame|Covert Cloak|[from] move: Knock Off|[of] p2a: Incineroar
|
|-damage|p2b: Dragonite|94/100 brn|[from] brn
|upkeep
|turn|2
|
|t:|1756124905
|move|p1b: Talonflame|Tailwind|p1b: Talonflame
|-sidestart|p1: The Wet legend|move: Tailwind
|move|p1a: Ursaluna|Earth Power|p2a: Incineroar
|-supereffective|p2a: Incineroar
|-crit|p2a: Incineroar
|-damage|p2a: Incineroar|0 fnt
|faint|p2a: Incineroar
|-damage|p1a: Ursaluna|91/100|[from] item: Life Orb
|move|p2b: Dragonite|Scale Shot|p1a: Ursaluna
|-damage|p1a: Ursaluna|85/100
|-damage|p1a: Ursaluna|78/100
|-damage|p1a: Ursaluna|72/100
|-damage|p1a: Ursaluna|65/100
|-hitcount|p1a: Ursaluna|4
|-unboost|p2b: Dragonite|def|1
|-boost|p2b: Dragonite|spe|1
|
|-damage|p2b: Dragonite|88/100 brn|[from] brn
|upkeep
|
|t:|1756124916
|switch|p2a: Sneasler|Sneasler, L50, M|100/100
|turn|3
|
|t:|1756124935
|switch|p2a: Gholdengo|Gholdengo, L50|100/100
|move|p1b: Talonflame|Dual Wingbeat|p2a: Gholdengo
|-resisted|p2a: Gholdengo
|-damage|p2a: Gholdengo|95/100
|-resisted|p2a: Gholdengo
|-damage|p2a: Gholdengo|90/100
|-hitcount|p2a: Gholdengo|2
|move|p1a: Ursaluna|Hyper Voice|p2a: Gholdengo|[spread] p2a,p2b
|-resisted|p2a: Gholdengo
|-damage|p2a: Gholdengo|62/100
|-damage|p2b: Dragonite|29/100 brn
|-damage|p1a: Ursaluna|56/100|[from] item: Life Orb
|move|p2b: Dragonite|Tailwind|p2b: Dragonite
|-sidestart|p2: ApostrofoRosaVGC|move: Tailwind
|
|-damage|p2b: Dragonite|23/100 brn|[from] brn
|upkeep
|turn|4
|
|t:|1756124975
|-terastallize|p2a: Gholdengo|Water
|move|p2b: Dragonite|Scale Shot|p1b: Talonflame
|-damage|p1b: Talonflame|25/100
|-damage|p1b: Talonflame|14/100
|-damage|p1b: Talonflame|3/100
|-damage|p1b: Talonflame|0 fnt
|faint|p1b: Talonflame
|-hitcount|p1: Talonflame|4
|-unboost|p2b: Dragonite|def|1
|-boost|p2b: Dragonite|spe|1
|move|p2a: Gholdengo|Make It Rain|p1a: Ursaluna
|-damage|p1a: Ursaluna|0 fnt
|-unboost|p2a: Gholdengo|spa|1
|faint|p1a: Ursaluna
|-damage|p2a: Gholdengo|52/100|[from] item: Life Orb
|
|-damage|p2b: Dragonite|17/100 brn|[from] brn
|upkeep
|
|t:|1756124989
|switch|p1b: Sneasler|Sneasler, L50, M|100/100
|switch|p1a: Indeedee|Indeedee, L50, M|100/100
|-fieldstart|move: Psychic Terrain|[from] ability: Psychic Surge|[of] p1a: Indeedee
|-enditem|p1b: Sneasler|Psychic Seed
|-boost|p1b: Sneasler|spd|1|[from] item: Psychic Seed
|turn|5
|
|t:|1756125016
|-terastallize|p1b: Sneasler|Dark
|move|p2b: Dragonite|Protect|p2b: Dragonite
|-singleturn|p2b: Dragonite|Protect
|move|p2a: Gholdengo|Protect|p2a: Gholdengo
|-singleturn|p2a: Gholdengo|Protect
|move|p1b: Sneasler|Throat Chop|p2a: Gholdengo
|-activate|p2a: Gholdengo|move: Protect
|move|p1a: Indeedee|Trick Room|p1a: Indeedee
|-fieldstart|move: Trick Room|[of] p1a: Indeedee
|
|-damage|p2b: Dragonite|11/100 brn|[from] brn
|-sideend|p1: The Wet legend|move: Tailwind
|upkeep
|turn|6
|
|t:|1756125042
|move|p1a: Indeedee|Expanding Force|p2a: Gholdengo|[spread] p2a,p2b
|-damage|p2a: Gholdengo|0 fnt
|-damage|p2b: Dragonite|0 fnt
|faint|p2a: Gholdengo
|faint|p2b: Dragonite
|move|p1b: Sneasler|Dire Claw|p2: Gholdengo|[notarget]
|-fail|p1b: Sneasler
|
|-sideend|p2: ApostrofoRosaVGC|move: Tailwind
|upkeep
|
|t:|1756125048
|switch|p2a: Sneasler|Sneasler, L50, M|100/100
|turn|7
|
|t:|1756125056
|move|p1a: Indeedee|Expanding Force|p2a: Sneasler
|-supereffective|p2a: Sneasler
|-enditem|p2a: Sneasler|Focus Sash
|-damage|p2a: Sneasler|1/100
|move|p1b: Sneasler|Dire Claw|p2a: Sneasler
|-resisted|p2a: Sneasler
|-damage|p2a: Sneasler|0 fnt
|faint|p2a: Sneasler
|
|win|The Wet legend
|raw|The Wet legend's rating: 1313 → 1328(+15 for winning)
|raw|ApostrofoRosaVGC's rating: 1222 → 1203(-19 for losing)
