|j|☆MrTedno
|j|☆crudo de fava
|html|MrTednocrudo de fava    
|uhtml|bestof|Game 1 of a best-of-3
|t:|1757706126
|gametype|doubles
|player|p1|MrTedno|barry|1285
|player|p2|crudo de fava|ingo|1441
|gen|9
|tier|[Gen 9] VGC 2025 Reg H (Bo3)
|rated|
|rule|Species Clause: Limit one of each Pokémon
|rule|Item Clause: Limit 1 of each item
|clearpoke
|poke|p1|Ninetales-Alola, L50, F|
|poke|p1|Garchomp, L50, F|
|poke|p1|Flamigo, L50, M|
|poke|p1|Incineroar, L50, F|
|poke|p1|Gholdengo, L50|
|poke|p1|Amoonguss, L50, M|
|poke|p2|Dragonite, L50, M|
|poke|p2|Gholdengo, L50|
|poke|p2|Archaludon, L50, M|
|poke|p2|Pelipper, L50, M|
|poke|p2|Ursaluna, L50, M|
|poke|p2|Sinistcha, L50|
|teampreview|4
|showteam|p1|Ninetales-Alola||LightClay|SnowWarning|Protect,Blizzard,FreezeDry,AuroraVeil|||F|||50|,,,,,Water]Garchomp||ClearAmulet|RoughSkin|Earthquake,DragonClaw,StompingTantrum,Protect|||F|||50|,,,,,Fire]Flamigo||CovertCloak|Scrappy|BraveBird,CloseCombat,Tailwind,Detect|||M|||50|,,,,,Dark]Incineroar||SafetyGoggles|Intimidate|FakeOut,PartingShot,FlareBlitz,KnockOff|||F|||50|,,,,,Ghost]Gholdengo||LifeOrb|GoodasGold|ShadowBall,MakeItRain,NastyPlot,Protect||||||50|,,,,,Flying]Amoonguss||SitrusBerry|Regenerator|Spore,RagePowder,PollenPuff,ClearSmog|||M|||50|,,,,,Water
|showteam|p2|Dragonite||LoadedDice|Multiscale|ScaleShot,Tailwind,Haze,Protect|||M|||50|,,,,,Fairy]Gholdengo||ChoiceScarf|GoodasGold|MakeItRain,ShadowBall,Trick,PowerGem||||||50|,,,,,Flying]Archaludon||AssaultVest|Stamina|ElectroShot,DragonPulse,BodyPress,Snarl|||M|||50|,,,,,Bug]Pelipper||SafetyGoggles|Drizzle|MuddyWater,Hurricane,Tailwind,Protect|||M|||50|,,,,,Ground]Ursaluna||FlameOrb|Guts|Earthquake,Facade,HeadlongRush,Protect|||M|||50|,,,,,Ghost]Sinistcha||SitrusBerry|Hospitality|MatchaGotcha,RagePowder,TrickRoom,LifeDew||||||50|,,,,,Dark
|c|☆MrTedno|glhf
|inactive|Battle timer is ON: inactive players will automatically lose when time's up. (requested by MrTedno)
|inactive|MrTedno has 60 seconds left.
|inactive|crudo de fava has 60 seconds left.
|inactive|MrTedno has 30 seconds left.
|inactive|crudo de fava has 30 seconds left.
|inactive|MrTedno has 20 seconds left.
|inactive|MrTedno has 15 seconds left.
|inactive|MrTedno has 10 seconds left.
|
|t:|1757706285
|teamsize|p1|4
|teamsize|p2|4
|start
|switch|p1a: Skipper|Gholdengo, L50|100/100
|switch|p1b: Julien|Incineroar, L50, F|100/100
|switch|p2a: Gholdengo|Gholdengo, L50|100/100
|switch|p2b: Dragonite|Dragonite, L50, M|100/100
|-ability|p1b: Julien|Intimidate|boost
|-unboost|p2a: Gholdengo|atk|1
|-unboost|p2b: Dragonite|atk|1
|turn|1
|inactive|MrTedno has 30 seconds left.
|inactive|crudo de fava has 30 seconds left.
|inactive|MrTedno has 20 seconds left.
|inactive|crudo de fava has 20 seconds left.
|inactive|MrTedno has 15 seconds left.
|inactive|crudo de fava has 15 seconds left.
|inactive|crudo de fava has 10 seconds left.
|inactive|crudo de fava has 5 seconds left.
|
|t:|1757706336
|switch|p1b: Melman|Amoonguss, L50, M|100/100
|move|p1a: Skipper|Protect|p1a: Skipper
|-singleturn|p1a: Skipper|Protect
|move|p2a: Gholdengo|Power Gem|p1b: Melman
|-damage|p1b: Melman|72/100
|move|p2b: Dragonite|Scale Shot|p1b: Melman
|-damage|p1b: Melman|65/100
|-damage|p1b: Melman|58/100
|-damage|p1b: Melman|51/100
|-damage|p1b: Melman|44/100
|-enditem|p1b: Melman|Sitrus Berry|[eat]
|-heal|p1b: Melman|69/100|[from] item: Sitrus Berry
|-hitcount|p1b: Melman|4
|-unboost|p2b: Dragonite|def|1
|-boost|p2b: Dragonite|spe|1
|
|upkeep
|turn|2
|inactive|MrTedno has 30 seconds left.
|inactive|MrTedno has 20 seconds left.
|inactive|MrTedno has 15 seconds left.
|
|t:|1757706378
|switch|p2a: Ursaluna|Ursaluna, L50, M|100/100
|switch|p1b: Julien|Incineroar, L50, F|100/100
|-ability|p1b: Julien|Intimidate|boost
|-unboost|p2a: Ursaluna|atk|1
|-unboost|p2b: Dragonite|atk|1
|move|p2b: Dragonite|Protect|p2b: Dragonite
|-singleturn|p2b: Dragonite|Protect
|move|p1a: Skipper|Nasty Plot|p1a: Skipper
|-boost|p1a: Skipper|spa|2
|
|-status|p2a: Ursaluna|brn|[from] item: Flame Orb
|upkeep
|turn|3
|inactive|MrTedno has 30 seconds left.
|inactive|crudo de fava has 30 seconds left.
|inactive|MrTedno has 20 seconds left.
|inactive|crudo de fava has 20 seconds left.
|inactive|MrTedno has 15 seconds left.
|inactive|crudo de fava has 15 seconds left.
|inactive|MrTedno has 10 seconds left.
|inactive|crudo de fava has 10 seconds left.
|inactive|MrTedno has 5 seconds left.
|
|t:|1757706429
|switch|p2b: Gholdengo|Gholdengo, L50|100/100
|move|p2a: Ursaluna|Protect|p2a: Ursaluna
|-singleturn|p2a: Ursaluna|Protect
|move|p1b: Julien|Fake Out|p2b: Gholdengo
|-immune|p2b: Gholdengo
|move|p1a: Skipper|Make It Rain|p2a: Ursaluna|[spread] p2b
|-activate|p2a: Ursaluna|move: Protect
|-resisted|p2b: Gholdengo
|-damage|p2b: Gholdengo|34/100
|-unboost|p1a: Skipper|spa|1
|-damage|p1a: Skipper|91/100|[from] item: Life Orb
|
|-damage|p2a: Ursaluna|95/100 brn|[from] brn
|upkeep
|turn|4
|
|t:|1757706449
|switch|p1b: Melman|Amoonguss, L50, M|100/100
|move|p1a: Skipper|Protect|p1a: Skipper
|-singleturn|p1a: Skipper|Protect
|move|p2b: Gholdengo|Shadow Ball|p1a: Skipper
|-activate|p1a: Skipper|move: Protect
|move|p2a: Ursaluna|Headlong Rush|p1b: Melman
|-damage|p1b: Melman|50/100
|-unboost|p2a: Ursaluna|def|1
|-unboost|p2a: Ursaluna|spd|1
|
|-damage|p2a: Ursaluna|89/100 brn|[from] brn
|upkeep
|turn|5
|inactive|MrTedno has 30 seconds left.
|inactive|MrTedno has 20 seconds left.
|inactive|MrTedno has 15 seconds left.
|inactive|MrTedno has 10 seconds left.
|
|t:|1757706499
|switch|p2a: Sinistcha|Sinistcha, L50|100/100
|-heal|p2b: Gholdengo|58/100|[from] ability: Hospitality|[of] p2a: Sinistcha
|-terastallize|p1a: Skipper|Flying
|move|p1b: Melman|Rage Powder|p1b: Melman
|-singleturn|p1b: Melman|move: Rage Powder
|move|p2b: Gholdengo|Shadow Ball|p1b: Melman
|-damage|p1b: Melman|6/100
|move|p1a: Skipper|Shadow Ball|p2b: Gholdengo
|-supereffective|p2b: Gholdengo
|-damage|p2b: Gholdengo|0 fnt
|faint|p2b: Gholdengo
|-damage|p1a: Skipper|82/100|[from] item: Life Orb
|
|upkeep
|inactive|crudo de fava has 30 seconds left.
|
|t:|1757706525
|switch|p2b: Dragonite|Dragonite, L50, M|100/100
|turn|6
|inactive|MrTedno has 30 seconds left.
|inactive|MrTedno has 20 seconds left.
|
|t:|1757706561
|switch|p1b: Julien|Incineroar, L50, F|100/100
|-ability|p1b: Julien|Intimidate|boost
|-unboost|p2a: Sinistcha|atk|1
|-unboost|p2b: Dragonite|atk|1
|move|p1a: Skipper|Make It Rain|p2b: Dragonite|[spread] p2a,p2b
|-damage|p2a: Sinistcha|27/100
|-damage|p2b: Dragonite|61/100
|-unboost|p1a: Skipper|spa|1
|-enditem|p2a: Sinistcha|Sitrus Berry|[eat]
|-heal|p2a: Sinistcha|52/100|[from] item: Sitrus Berry
|-damage|p1a: Skipper|72/100|[from] item: Life Orb
|move|p2b: Dragonite|Scale Shot|p1a: Skipper
|-damage|p1a: Skipper|61/100
|-damage|p1a: Skipper|50/100
|-damage|p1a: Skipper|41/100
|-damage|p1a: Skipper|31/100
|-hitcount|p1a: Skipper|4
|-unboost|p2b: Dragonite|def|1
|-boost|p2b: Dragonite|spe|1
|move|p2a: Sinistcha|Matcha Gotcha|p1a: Skipper|[spread] p1a
|-miss|p2a: Sinistcha|p1b: Julien
|-resisted|p1a: Skipper
|-damage|p1a: Skipper|17/100
|-heal|p2a: Sinistcha|59/100|[from] drain|[of] p1a: Skipper
|
|upkeep
|turn|7
|inactive|MrTedno has 30 seconds left.
|inactive|crudo de fava has 30 seconds left.
|inactive|MrTedno has 20 seconds left.
|inactive|MrTedno has 15 seconds left.
|
|t:|1757706602
|move|p2b: Dragonite|Protect|p2b: Dragonite
|-singleturn|p2b: Dragonite|Protect
|move|p1a: Skipper|Make It Rain|p2a: Sinistcha|[spread] p2a
|-activate|p2b: Dragonite|move: Protect
|-damage|p2a: Sinistcha|10/100
|-unboost|p1a: Skipper|spa|1
|-damage|p1a: Skipper|8/100|[from] item: Life Orb
|move|p2a: Sinistcha|Matcha Gotcha|p1a: Skipper|[spread] p1a,p1b
|-resisted|p1a: Skipper
|-resisted|p1b: Julien
|-damage|p1a: Skipper|0 fnt
|-heal|p2a: Sinistcha|13/100|[from] drain|[of] p1a: Skipper
|-damage|p1b: Julien|91/100
|-heal|p2a: Sinistcha|18/100|[from] drain|[of] p1b: Julien
|faint|p1a: Skipper
|move|p1b: Julien|Knock Off|p2a: Sinistcha
|-supereffective|p2a: Sinistcha
|-damage|p2a: Sinistcha|0 fnt
|faint|p2a: Sinistcha
|
|upkeep
|
|t:|1757706624
|switch|p1a: Gloria|Ninetales-Alola, L50, F|100/100
|switch|p2a: Ursaluna|Ursaluna, L50, M|89/100 brn
|-weather|Snowscape|[from] ability: Snow Warning|[of] p1a: Gloria
|turn|8
|
|t:|1757706639
|switch|p1b: Melman|Amoonguss, L50, M|39/100
|-terastallize|p2a: Ursaluna|Ghost
|move|p1a: Gloria|Protect|p1a: Gloria
|-singleturn|p1a: Gloria|Protect
|move|p2b: Dragonite|Tailwind|p2b: Dragonite
|-sidestart|p2: crudo de fava|move: Tailwind
|move|p2a: Ursaluna|Earthquake|p1b: Melman|[spread] p1b
|-activate|p1a: Gloria|move: Protect
|-immune|p2b: Dragonite
|-damage|p1b: Melman|0 fnt
|faint|p1b: Melman
|
|-weather|Snowscape|[upkeep]
|-damage|p2a: Ursaluna|83/100 brn|[from] brn
|upkeep
|
|t:|1757706646
|switch|p1b: Julien|Incineroar, L50, F|91/100
|-ability|p1b: Julien|Intimidate|boost
|-unboost|p2a: Ursaluna|atk|1
|-unboost|p2b: Dragonite|atk|1
|turn|9
|inactive|crudo de fava has 30 seconds left.
|inactive|crudo de fava has 20 seconds left.
|inactive|crudo de fava has 15 seconds left.
|
|t:|1757706688
|move|p2b: Dragonite|Protect|p2b: Dragonite
|-singleturn|p2b: Dragonite|Protect
|move|p2a: Ursaluna|Protect|p2a: Ursaluna
|-singleturn|p2a: Ursaluna|Protect
|move|p1a: Gloria|Blizzard|p2b: Dragonite|[spread] 
|-activate|p2a: Ursaluna|move: Protect
|-activate|p2b: Dragonite|move: Protect
|move|p1b: Julien|Knock Off|p2a: Ursaluna
|-activate|p2a: Ursaluna|move: Protect
|
|-weather|Snowscape|[upkeep]
|-damage|p2a: Ursaluna|77/100 brn|[from] brn
|upkeep
|turn|10
|inactive|crudo de fava has 30 seconds left.
|
|t:|1757706720
|move|p2b: Dragonite|Haze|p2b: Dragonite
|-clearallboost
|move|p2a: Ursaluna|Facade|p1a: Gloria
|-damage|p1a: Gloria|0 fnt
|faint|p1a: Gloria
|move|p1b: Julien|Knock Off|p2a: Ursaluna
|-supereffective|p2a: Ursaluna
|-damage|p2a: Ursaluna|13/100 brn
|-enditem|p2a: Ursaluna|Flame Orb|[from] move: Knock Off|[of] p1b: Julien
|
|-weather|Snowscape|[upkeep]
|-damage|p2a: Ursaluna|7/100 brn|[from] brn
|upkeep
|turn|11
|
|t:|1757706730
|move|p2b: Dragonite|Scale Shot|p1b: Julien
|-damage|p1b: Julien|79/100
|-damage|p1b: Julien|66/100
|-damage|p1b: Julien|54/100
|-damage|p1b: Julien|41/100
|-damage|p1b: Julien|27/100
|-hitcount|p1b: Julien|5
|-unboost|p2b: Dragonite|def|1
|-boost|p2b: Dragonite|spe|1
|move|p2a: Ursaluna|Headlong Rush|p1b: Julien
|-supereffective|p1b: Julien
|-crit|p1b: Julien
|-damage|p1b: Julien|0 fnt
|-unboost|p2a: Ursaluna|def|1
|-unboost|p2a: Ursaluna|spd|1
|faint|p1b: Julien
|
|win|crudo de fava
