|j|☆Pokeventurer
|j|☆H1ld3G04T
|html|PokeventurerH1ld3G04T    
|uhtml|bestof|Game 1 of a best-of-3
|t:|1757791415
|gametype|doubles
|player|p1|Pokeventurer|169|1091
|player|p2|H1ld3G04T|2|1076
|gen|9
|tier|[Gen 9] VGC 2025 Reg H (Bo3)
|rated|
|rule|Species Clause: Limit one of each Pokémon
|rule|Item Clause: Limit 1 of each item
|clearpoke
|poke|p1|Incineroar, L50, M|
|poke|p1|Amoonguss, L50, M|
|poke|p1|Ursaluna-Bloodmoon, L50, M|
|poke|p1|Sneasler, L50, F|
|poke|p1|Gholdengo, L50|
|poke|p1|Dragonite, L50, M|
|poke|p2|Annihilape, L50, F|
|poke|p2|Maushold, L50|
|poke|p2|Sinistcha, L50|
|poke|p2|Rillaboom, L50, F|
|poke|p2|Ursaluna-Bloodmoon, L50, M|
|poke|p2|Talonflame, L50, F|
|teampreview|4
|showteam|p1|Incineroar||SafetyGoggles|Intimidate|FlareBlitz,KnockOff,PartingShot,FakeOut|||M|||50|,,,,,Ghost]Amoonguss||CovertCloak|Regenerator|Spore,RagePowder,PollenPuff,Protect|||M|||50|,,,,,Water]Ursaluna-Bloodmoon||AssaultVest|MindsEye|HyperVoice,BloodMoon,EarthPower,VacuumWave|||M|||50|,,,,,Water]Sneasler||FocusSash|Unburden|CloseCombat,DireClaw,ThroatChop,Protect|||F|||50|,,,,,Stellar]Gholdengo||LifeOrb|GoodasGold|MakeItRain,ShadowBall,NastyPlot,Protect||||||50|,,,,,Water]Dragonite||LoadedDice|Multiscale|ScaleShot,Tailwind,Haze,Protect|||M|||50|,,,,,Fairy
|showteam|p2|Annihilape||Leftovers|Defiant|DrainPunch,RageFist,BulkUp,Protect|||F|||50|,,,,,Water]Maushold||SafetyGoggles|FriendGuard|BeatUp,Taunt,FollowMe,Protect||||||50|,,,,,Ghost]Sinistcha||SitrusBerry|Hospitality|MatchaGotcha,LifeDew,TrickRoom,Reflect||||||50|,,,,,Water]Rillaboom||AssaultVest|GrassySurge|GrassyGlide,WoodHammer,HighHorsepower,FakeOut|||F|||50|,,,,,Fire]Ursaluna-Bloodmoon||LifeOrb|MindsEye|BloodMoon,HyperVoice,EarthPower,Protect|||M|||50|,,,,,Normal]Talonflame||CovertCloak|GaleWings|BraveBird,FlareBlitz,Tailwind,WillOWisp|||F|||50|,,,,,Fire
|inactive|Battle timer is ON: inactive players will automatically lose when time's up. (requested by Pokeventurer)
|
|t:|1757791441
|teamsize|p1|4
|teamsize|p2|4
|start
|switch|p1a: Dragonite|Dragonite, L50, M|100/100
|switch|p1b: Sneasler|Sneasler, L50, F|100/100
|switch|p2a: Annihilape|Annihilape, L50, F|100/100
|switch|p2b: Maushold|Maushold, L50|100/100
|turn|1
|l|☆Pokeventurer
|inactive|Pokeventurer disconnected and has a minute to reconnect!
|player|p1|
|inactive|Pokeventurer has 30 seconds left.
|inactive|H1ld3G04T has 30 seconds left.
|j|☆Pokeventurer
|inactive|Pokeventurer reconnected and has 25 seconds left.
|player|p1|Pokeventurer|169|
|inactive|Pokeventurer has 20 seconds left.
|inactive|Pokeventurer has 15 seconds left.
|inactive|Pokeventurer has 10 seconds left.
|
|t:|1757791491
|move|p1b: Sneasler|Throat Chop|p2b: Maushold
|-damage|p2b: Maushold|64/100
|-start|p2b: Maushold|Throat Chop|[silent]
|move|p2b: Maushold|Beat Up|p2a: Annihilape
|-damage|p2a: Annihilape|99/100
|-damage|p2a: Annihilape|97/100
|-damage|p2a: Annihilape|95/100
|-damage|p2a: Annihilape|92/100
|-hitcount|p2a: Annihilape|4
|move|p2a: Annihilape|Drain Punch|p1b: Sneasler
|-resisted|p1b: Sneasler
|-damage|p1b: Sneasler|70/100
|-heal|p2a: Annihilape|100/100|[from] drain|[of] p1b: Sneasler
|move|p1a: Dragonite|Scale Shot|p2b: Maushold
|-damage|p2b: Maushold|46/100
|-damage|p2b: Maushold|28/100
|-damage|p2b: Maushold|11/100
|-damage|p2b: Maushold|0 fnt
|faint|p2b: Maushold
|-hitcount|p2: Maushold|4
|-unboost|p1a: Dragonite|def|1
|-boost|p1a: Dragonite|spe|1
|
|upkeep
|
|t:|1757791514
|switch|p2b: Rillaboom|Rillaboom, L50, F|100/100
|-fieldstart|move: Grassy Terrain|[from] ability: Grassy Surge|[of] p2b: Rillaboom
|turn|2
|inactive|Pokeventurer has 30 seconds left.
|inactive|Pokeventurer has 20 seconds left.
|inactive|Pokeventurer has 15 seconds left.
|
|t:|1757791554
|move|p1b: Sneasler|Protect|p1b: Sneasler
|-singleturn|p1b: Sneasler|Protect
|move|p2b: Rillaboom|Fake Out|p1a: Dragonite
|-damage|p1a: Dragonite|90/100
|cant|p1a: Dragonite|flinch
|move|p2a: Annihilape|Rage Fist|p1a: Dragonite
|-damage|p1a: Dragonite|0 fnt
|faint|p1a: Dragonite
|
|-heal|p1b: Sneasler|75/100|[from] Grassy Terrain
|upkeep
|
|t:|1757791580
|switch|p1a: Gholdengo|Gholdengo, L50|100/100
|turn|3
|
|t:|1757791588
|move|p1a: Gholdengo|Protect|p1a: Gholdengo
|-singleturn|p1a: Gholdengo|Protect
|move|p1b: Sneasler|Dire Claw|p2a: Annihilape
|-resisted|p2a: Annihilape
|-damage|p2a: Annihilape|80/100
|-status|p2a: Annihilape|slp
|cant|p2a: Annihilape|slp
|move|p2b: Rillaboom|High Horsepower|p1b: Sneasler
|-supereffective|p1b: Sneasler
|-damage|p1b: Sneasler|0 fnt
|faint|p1b: Sneasler
|
|-heal|p2a: Annihilape|86/100 slp|[from] Grassy Terrain
|-heal|p2a: Annihilape|92/100 slp|[from] item: Leftovers
|upkeep
|
|t:|1757791597
|switch|p1b: Ursaluna|Ursaluna-Bloodmoon, L50, M|100/100
|turn|4
|inactive|H1ld3G04T has 30 seconds left.
|
|t:|1757791632
|-terastallize|p2a: Annihilape|Water
|move|p2b: Rillaboom|Grassy Glide|p1b: Ursaluna
|-supereffective|p1b: Ursaluna
|-damage|p1b: Ursaluna|53/100
|-curestatus|p2a: Annihilape|slp|[msg]
|move|p2a: Annihilape|Drain Punch|p1b: Ursaluna
|-supereffective|p1b: Ursaluna
|-damage|p1b: Ursaluna|1/100
|-heal|p2a: Annihilape|100/100|[from] drain|[of] p1b: Ursaluna
|move|p1a: Gholdengo|Nasty Plot|p1a: Gholdengo
|-boost|p1a: Gholdengo|spa|2
|move|p1b: Ursaluna|Blood Moon|p2b: Rillaboom
|-damage|p2b: Rillaboom|54/100
|
|-heal|p2b: Rillaboom|60/100|[from] Grassy Terrain
|-heal|p1b: Ursaluna|7/100|[from] Grassy Terrain
|upkeep
|turn|5
|inactive|H1ld3G04T has 30 seconds left.
|
|t:|1757791664
|move|p2b: Rillaboom|Grassy Glide|p1b: Ursaluna
|-supereffective|p1b: Ursaluna
|-damage|p1b: Ursaluna|0 fnt
|faint|p1b: Ursaluna
|move|p2a: Annihilape|Bulk Up|p2a: Annihilape
|-boost|p2a: Annihilape|atk|1
|-boost|p2a: Annihilape|def|1
|move|p1a: Gholdengo|Shadow Ball|p2a: Annihilape
|-damage|p2a: Annihilape|4/100
|-damage|p1a: Gholdengo|91/100|[from] item: Life Orb
|
|-heal|p2a: Annihilape|11/100|[from] Grassy Terrain
|-heal|p2a: Annihilape|17/100|[from] item: Leftovers
|-heal|p1a: Gholdengo|97/100|[from] Grassy Terrain
|-heal|p2b: Rillaboom|66/100|[from] Grassy Terrain
|upkeep
|turn|6
|inactive|H1ld3G04T has 30 seconds left.
|
|t:|1757791690
|move|p2a: Annihilape|Rage Fist|p1a: Gholdengo
|-supereffective|p1a: Gholdengo
|-crit|p1a: Gholdengo
|-damage|p1a: Gholdengo|0 fnt
|faint|p1a: Gholdengo
|
|win|H1ld3G04T
||Pokeventurer is ready for game 2.
|inactive|H1ld3G04T has 30 seconds to confirm battle start!
||H1ld3G04T is ready for game 2.
|uhtml|next|Next: Game 2 of 3
