|j|☆Malumancer
|j|☆corvid_queen
|html|Malumancercorvid_queen    
|uhtml|bestof|Game 1 of a best-of-3
|t:|1756621132
|gametype|doubles
|player|p1|Malumancer|pryce|
|player|p2|corvid_queen|guitarist|
|gen|9
|tier|[Gen 9] VGC 2025 Reg H (Bo3)
|rule|Species Clause: Limit one of each Pokémon
|rule|Item Clause: Limit 1 of each item
|clearpoke
|poke|p1|Gholdengo, L50|
|poke|p1|Incineroar, L50, F|
|poke|p1|Porygon2, L50|
|poke|p1|Amoonguss, L50, M|
|poke|p1|Ursaluna-Bloodmoon, L50, M|
|poke|p1|Dragonite, L50, M|
|poke|p2|Ursaluna-Bloodmoon, L50, M|
|poke|p2|Porygon2, L50|
|poke|p2|Amoonguss, L50, M|
|poke|p2|Incineroar, L50, M|
|poke|p2|Dragapult, L50, M|
|poke|p2|Sneasler, L50, M|
|teampreview|4
|showteam|p1|Gholdengo||LifeOrb|GoodasGold|MakeItRain,ShadowBall,NastyPlot,Protect||||||50|,,,,,Water]Incineroar||SafetyGoggles|Intimidate|KnockOff,FakeOut,PartingShot,FlareBlitz|||F|||50|,,,,,Water]Porygon2||Eviolite|Download|TeraBlast,IceBeam,TrickRoom,Recover||||||50|,,,,,Ghost]Amoonguss||CovertCloak|Regenerator|Spore,PollenPuff,RagePowder,Protect|||M|||50|,,,,,Psychic]Ursaluna-Bloodmoon||AssaultVest|MindsEye|BloodMoon,EarthPower,HyperVoice,VacuumWave|||M|||50|,,,,,Water]Dragonite||LoadedDice|Multiscale|ScaleShot,Haze,Tailwind,Protect|||M|||50|,,,,,Fairy
|showteam|p2|Ursaluna-Bloodmoon||AssaultVest|MindsEye|BloodMoon,HyperVoice,EarthPower,VacuumWave|||M|||50|,,,,,Normal]Porygon2||Eviolite|Trace|IceBeam,Thunderbolt,Recover,TrickRoom||||||50|,,,,,Ghost]Amoonguss||CovertCloak|Regenerator|Spore,RagePowder,PollenPuff,SludgeBomb|||M|||50|,,,,,Water]Incineroar||SafetyGoggles|Intimidate|KnockOff,FakeOut,PartingShot,FlareBlitz|||M|||50|,,,,,Ghost]Dragapult||ChoiceBand|ClearBody|DragonDarts,Outrage,PhantomForce,Uturn|||M|||50|,,,,,Dragon]Sneasler||FocusSash|PoisonTouch|CloseCombat,DireClaw,ThroatChop,FakeOut|||M|||50|,,,,,Dark
|inactive|Battle timer is ON: inactive players will automatically lose when time's up. (requested by Malumancer)
|c|☆corvid_queen|glhf
|c|☆Malumancer|same
|inactive|Malumancer has 60 seconds left.
|inactive|corvid_queen has 60 seconds left.
|inactive|Malumancer has 30 seconds left.
|inactive|corvid_queen has 30 seconds left.
|inactive|Malumancer has 20 seconds left.
|inactive|corvid_queen has 20 seconds left.
|inactive|Malumancer has 15 seconds left.
|inactive|corvid_queen has 15 seconds left.
|inactive|Malumancer has 10 seconds left.
|
|t:|1756621215
|teamsize|p1|4
|teamsize|p2|4
|start
|switch|p1a: Dragonite|Dragonite, L50, M|100/100
|switch|p1b: Incineroar|Incineroar, L50, F|100/100
|switch|p2a: Amoonguss|Amoonguss, L50, M|100/100
|switch|p2b: Incineroar|Incineroar, L50, M|100/100
|-ability|p1b: Incineroar|Intimidate|boost
|-unboost|p2a: Amoonguss|atk|1
|-unboost|p2b: Incineroar|atk|1
|-ability|p2b: Incineroar|Intimidate|boost
|-unboost|p1a: Dragonite|atk|1
|-unboost|p1b: Incineroar|atk|1
|turn|1
|inactive|Malumancer has 30 seconds left.
|inactive|corvid_queen has 30 seconds left.
|inactive|Malumancer has 20 seconds left.
|
|t:|1756621250
|move|p1a: Dragonite|Protect|p1a: Dragonite
|-singleturn|p1a: Dragonite|Protect
|move|p2b: Incineroar|Fake Out|p1a: Dragonite
|-activate|p1a: Dragonite|move: Protect
|move|p1b: Incineroar|Knock Off|p2b: Incineroar
|-resisted|p2b: Incineroar
|-damage|p2b: Incineroar|89/100
|-enditem|p2b: Incineroar|Safety Goggles|[from] move: Knock Off|[of] p1b: Incineroar
|move|p2a: Amoonguss|Spore|p1a: Dragonite
|-activate|p1a: Dragonite|move: Protect
|
|upkeep
|turn|2
|inactive|corvid_queen has 30 seconds left.
|inactive|corvid_queen has 20 seconds left.
|inactive|corvid_queen has 15 seconds left.
|inactive|corvid_queen has 10 seconds left.
|
|t:|1756621299
|move|p1a: Dragonite|Scale Shot|p2a: Amoonguss
|-damage|p2a: Amoonguss|92/100
|-damage|p2a: Amoonguss|84/100
|-damage|p2a: Amoonguss|76/100
|-damage|p2a: Amoonguss|67/100
|-hitcount|p2a: Amoonguss|4
|-unboost|p1a: Dragonite|def|1
|-boost|p1a: Dragonite|spe|1
|move|p1b: Incineroar|Flare Blitz|p2a: Amoonguss
|-supereffective|p2a: Amoonguss
|-damage|p2a: Amoonguss|13/100
|-damage|p1b: Incineroar|81/100|[from] Recoil
|move|p2b: Incineroar|Knock Off|p1b: Incineroar
|-resisted|p1b: Incineroar
|-damage|p1b: Incineroar|67/100
|-enditem|p1b: Incineroar|Safety Goggles|[from] move: Knock Off|[of] p2b: Incineroar
|move|p2a: Amoonguss|Spore|p1a: Dragonite
|-status|p1a: Dragonite|slp|[from] move: Spore
|
|upkeep
|turn|3
|inactive|Malumancer has 30 seconds left.
|inactive|corvid_queen has 30 seconds left.
|inactive|corvid_queen has 20 seconds left.
|inactive|corvid_queen has 15 seconds left.
|
|t:|1756621341
|switch|p1a: Amoonguss|Amoonguss, L50, M|100/100
|switch|p2a: Ursaluna|Ursaluna-Bloodmoon, L50, M|100/100
|move|p1b: Incineroar|Parting Shot|p2b: Incineroar
|-unboost|p2b: Incineroar|atk|1
|-unboost|p2b: Incineroar|spa|1
|
|t:|1756621349
|switch|p1b: Gholdengo|Gholdengo, L50|100/100|[from] Parting Shot
|move|p2b: Incineroar|Knock Off|p1a: Amoonguss
|-damage|p1a: Amoonguss|81/100
|-enditem|p1a: Amoonguss|Covert Cloak|[from] move: Knock Off|[of] p2b: Incineroar
|
|upkeep
|turn|4
|inactive|Malumancer has 30 seconds left.
|inactive|corvid_queen has 30 seconds left.
|inactive|Malumancer has 20 seconds left.
|inactive|corvid_queen has 20 seconds left.
|inactive|corvid_queen has 15 seconds left.
|inactive|corvid_queen has 10 seconds left.
|
|t:|1756621399
|-terastallize|p1b: Gholdengo|Water
|move|p1b: Gholdengo|Nasty Plot|p1b: Gholdengo
|-boost|p1b: Gholdengo|spa|2
|move|p2a: Ursaluna|Earth Power|p1b: Gholdengo
|-damage|p1b: Gholdengo|42/100
|move|p2b: Incineroar|Parting Shot|p1b: Gholdengo
|-immune|p1b: Gholdengo|[from] ability: Good as Gold
|move|p1a: Amoonguss|Spore|p2a: Ursaluna
|-status|p2a: Ursaluna|slp|[from] move: Spore
|
|upkeep
|turn|5
|inactive|Malumancer has 30 seconds left.
|inactive|corvid_queen has 30 seconds left.
|inactive|Malumancer has 20 seconds left.
|inactive|corvid_queen has 20 seconds left.
|inactive|corvid_queen has 15 seconds left.
|
|t:|1756621441
|switch|p2a: Porygon2|Porygon2, L50|100/100
|-ability|p2a: Porygon2|Good as Gold|Trace|[from] ability: Trace|[of] p1b: Gholdengo
|switch|p1a: Incineroar|Incineroar, L50, F|67/100
|-ability|p1a: Incineroar|Intimidate|boost
|-unboost|p2a: Porygon2|atk|1
|-unboost|p2b: Incineroar|atk|1
|move|p1b: Gholdengo|Nasty Plot|p1b: Gholdengo
|-boost|p1b: Gholdengo|spa|2
|move|p2b: Incineroar|Parting Shot|p1a: Incineroar
|-unboost|p1a: Incineroar|atk|1
|-unboost|p1a: Incineroar|spa|1
|
|t:|1756621459
|switch|p2b: Amoonguss|Amoonguss, L50, M|46/100|[from] Parting Shot
|
|upkeep
|turn|6
|inactive|Malumancer has 30 seconds left.
|inactive|corvid_queen has 30 seconds left.
|inactive|Malumancer has 20 seconds left.
|inactive|corvid_queen has 20 seconds left.
|inactive|corvid_queen has 15 seconds left.
|inactive|corvid_queen has 10 seconds left.
|inactive|corvid_queen has 5 seconds left.
|
|t:|1756621512
|-terastallize|p2b: Amoonguss|Water
|move|p1a: Incineroar|Fake Out|p2a: Porygon2
|-damage|p2a: Porygon2|96/100
|move|p2b: Amoonguss|Rage Powder|p2b: Amoonguss
|-singleturn|p2b: Amoonguss|move: Rage Powder
|move|p1b: Gholdengo|Nasty Plot|p1b: Gholdengo
|-boost|p1b: Gholdengo|spa|2
|cant|p2a: Porygon2|flinch
|
|upkeep
|turn|7
|inactive|Malumancer has 30 seconds left.
|
|t:|1756621546
|switch|p1a: Amoonguss|Amoonguss, L50, M|100/100
|move|p2b: Amoonguss|Rage Powder|p2b: Amoonguss
|-singleturn|p2b: Amoonguss|move: Rage Powder
|move|p1b: Gholdengo|Make It Rain|p2b: Amoonguss|[spread] p2a,p2b
|-resisted|p2b: Amoonguss
|-damage|p2a: Porygon2|0 fnt
|-damage|p2b: Amoonguss|0 fnt
|-unboost|p1b: Gholdengo|spa|1
|faint|p2a: Porygon2
|faint|p2b: Amoonguss
|-damage|p1b: Gholdengo|32/100|[from] item: Life Orb
|
|upkeep
|
|t:|1756621558
|switch|p2a: Incineroar|Incineroar, L50, M|89/100
|switch|p2b: Ursaluna|Ursaluna-Bloodmoon, L50, M|100/100 slp
|-ability|p2a: Incineroar|Intimidate|boost
|-unboost|p1a: Amoonguss|atk|1
|-unboost|p1b: Gholdengo|atk|1
|turn|8
|inactive|corvid_queen has 30 seconds left.
|inactive|corvid_queen has 20 seconds left.
|inactive|corvid_queen has 15 seconds left.
|
|t:|1756621598
|move|p1b: Gholdengo|Protect|p1b: Gholdengo
|-singleturn|p1b: Gholdengo|Protect
|move|p2a: Incineroar|Fake Out|p1b: Gholdengo
|-activate|p1b: Gholdengo|move: Protect
|cant|p2b: Ursaluna|slp
|move|p1a: Amoonguss|Spore|p2a: Incineroar
|-status|p2a: Incineroar|slp|[from] move: Spore
|
|upkeep
|turn|9
|inactive|Malumancer has 30 seconds left.
|
|t:|1756621626
|move|p1b: Gholdengo|Make It Rain|p2b: Ursaluna|[spread] p2a,p2b
|-resisted|p2a: Incineroar
|-damage|p2a: Incineroar|0 fnt
|-damage|p2b: Ursaluna|0 fnt
|-unboost|p1b: Gholdengo|spa|1
|faint|p2a: Incineroar
|faint|p2b: Ursaluna
|-damage|p1b: Gholdengo|23/100|[from] item: Life Orb
|
|win|Malumancer
||Malumancer is ready for game 2.
||corvid_queen is ready for game 2.
|uhtml|next|Next: Game 2 of 3
