|j|☆Pepitolopalote
|j|☆raksbach
|html|Pepitolopaloteraksbach    
|uhtml|bestof|Game 1 of a best-of-3
|t:|1782469780
|gametype|doubles
|player|p1|Pepitolopalote|hiker-gen4|1175
|player|p2|raksbach|170|1065
|gen|9
|tier|[Gen 9 Champions] VGC 2026 Reg M-B (Bo3)
|rated|
|rule|Species Clause: Limit one of each Pokémon
|rule|Item Clause: Limit 1 of each item
|clearpoke
|poke|p1|Charizard, L50, M|
|poke|p1|Sylveon, L50, M|
|poke|p1|Farigiraf, L50, F|
|poke|p1|Aerodactyl, L50, F|
|poke|p1|Garchomp, L50, F|
|poke|p1|Kingambit, L50, F|
|poke|p2|Swampert, L50, M|
|poke|p2|Pelipper, L50, M|
|poke|p2|Archaludon, L50, F|
|poke|p2|Venusaur, L50, F|
|poke|p2|Gholdengo, L50|
|poke|p2|Grimmsnarl, L50, M|
|teampreview|4
|showteam|p1|Charizard||CharizarditeY|SolarPower|Protect,WeatherBall,SolarBeam,HeatWave|Modest||M|||50|]Sylveon||FairyFeather|Pixilate|Protect,HyperVoice,QuickAttack,HyperBeam|Modest||M|||50|]Farigiraf||SitrusBerry|ArmorTail|Psychic,GrassKnot,TrickRoom,Thunderbolt|Bold||F|||50|]Aerodactyl||Aerodactylite|Unnerve|RockSlide,DualWingbeat,Tailwind,IceFang|Jolly||F|||50|]Garchomp||LifeOrb|RoughSkin|Earthquake,StompingTantrum,DragonClaw,Protect|Jolly||F|||50|]Kingambit||FocusSash|Defiant|KowtowCleave,IronHead,SuckerPunch,LowKick|Adamant||F|||50|
|showteam|p2|Swampert||Swampertite|Damp|WaveCrash,Earthquake,IcePunch,Protect|Adamant||M|||50|]Pelipper||SitrusBerry|Drizzle|Hurricane,WeatherBall,WideGuard,Tailwind|Bold||M|||50|]Archaludon||Leftovers|Stamina|DragonPulse,FlashCannon,ElectroShot,Protect|Modest||F|||50|]Venusaur||Venusaurite|Chlorophyll|SludgeBomb,GigaDrain,EarthPower,Protect|Modest||F|||50|]Gholdengo||LifeOrb|GoodasGold|MakeItRain,ShadowBall,NastyPlot,Protect|Timid|||||50|]Grimmsnarl||LightClay|Prankster|FoulPlay,Reflect,LightScreen,PartingShot|Careful||M|||50|
|inactive|Battle timer is ON: inactive players will automatically lose when time's up. (requested by raksbach)
|inactive|Pepitolopalote has 60 seconds left.
|inactive|raksbach has 60 seconds left.
|inactive|Pepitolopalote has 30 seconds left.
|inactive|Pepitolopalote has 20 seconds left.
|inactive|Pepitolopalote has 15 seconds left.
|inactive|Pepitolopalote has 10 seconds left.
|inactive|Pepitolopalote has 5 seconds left.
|
|t:|1782469867
|teamsize|p1|4
|teamsize|p2|4
|start
|switch|p1a: Kingambit|Kingambit, L50, F|100/100
|switch|p1b: Farigiraf|Farigiraf, L50, F|100/100
|switch|p2a: Gholdengo|Gholdengo, L50|100/100
|switch|p2b: Grimmsnarl|Grimmsnarl, L50, M|100/100
|turn|1
|inactive|Pepitolopalote has 30 seconds left.
|inactive|Pepitolopalote has 20 seconds left.
|inactive|Pepitolopalote has 15 seconds left.
|inactive|Pepitolopalote has 10 seconds left.
|inactive|Pepitolopalote has 5 seconds left.
|
|t:|1782469922
|move|p2a: Gholdengo|Shadow Ball|p1b: Farigiraf
|-immune|p1b: Farigiraf
|move|p1a: Kingambit|Kowtow Cleave|p2b: Grimmsnarl
|-resisted|p2b: Grimmsnarl|2
|-damage|p2b: Grimmsnarl|86/100
|move|p2b: Grimmsnarl|Foul Play|p1b: Farigiraf
|-supereffective|p1b: Farigiraf|1
|-damage|p1b: Farigiraf|56/100
|move|p1b: Farigiraf|Psychic|p2a: Gholdengo
|-resisted|p2a: Gholdengo|1
|-damage|p2a: Gholdengo|80/100
|
|upkeep
|turn|2
|
|t:|1782469944
|move|p2a: Gholdengo|Protect|p2a: Gholdengo
|-singleturn|p2a: Gholdengo|Protect
|move|p2b: Grimmsnarl|Reflect|p2b: Grimmsnarl
|-sidestart|p2: raksbach|Reflect
|move|p1a: Kingambit|Kowtow Cleave|p2a: Gholdengo
|-activate|p2a: Gholdengo|move: Protect
|move|p1b: Farigiraf|Thunderbolt|p2b: Grimmsnarl
|-damage|p2b: Grimmsnarl|66/100
|
|upkeep
|turn|3
|
|t:|1782469961
|switch|p2a: Pelipper|Pelipper, L50, M|100/100
|-weather|RainDance|[from] ability: Drizzle|[of] p2a: Pelipper
|move|p2b: Grimmsnarl|Parting Shot||[still]
|cant|p1b: Farigiraf|ability: Armor Tail|Parting Shot|[of] p2b: Grimmsnarl
|move|p1a: Kingambit|Kowtow Cleave|p2a: Pelipper
|-damage|p2a: Pelipper|68/100
|move|p1b: Farigiraf|Thunderbolt|p2b: Grimmsnarl
|-damage|p2b: Grimmsnarl|45/100
|-status|p2b: Grimmsnarl|par
|
|-weather|RainDance|[upkeep]
|upkeep
|turn|4
|inactive|Pepitolopalote has 30 seconds left.
|inactive|raksbach has 30 seconds left.
|
|t:|1782469991
|move|p1a: Kingambit|Kowtow Cleave|p2a: Pelipper
|-damage|p2a: Pelipper|36/100
|-enditem|p2a: Pelipper|Sitrus Berry|[eat]
|-heal|p2a: Pelipper|61/100|[from] item: Sitrus Berry
|move|p2a: Pelipper|Hurricane|p1b: Farigiraf
|-damage|p1b: Farigiraf|21/100
|-enditem|p1b: Farigiraf|Sitrus Berry|[eat]
|-heal|p1b: Farigiraf|46/100|[from] item: Sitrus Berry
|move|p1b: Farigiraf|Thunderbolt|p2a: Pelipper
|-supereffective|p2a: Pelipper|2
|-damage|p2a: Pelipper|0 fnt
|faint|p2a: Pelipper
|move|p2b: Grimmsnarl|Foul Play|p1b: Farigiraf
|-supereffective|p1b: Farigiraf|1
|-damage|p1b: Farigiraf|5/100
|
|-weather|RainDance|[upkeep]
|upkeep
|
|t:|1782470001
|switch|p2a: Swampert|Swampert, L50, M|100/100
|turn|5
|
|t:|1782470025
|detailschange|p2a: Swampert|Swampert-Mega, L50, M
|-mega|p2a: Swampert|Swampert|Swampertite
|move|p2a: Swampert|Wave Crash|p1a: Kingambit
|-damage|p1a: Kingambit|7/100
|-damage|p2a: Swampert|71/100|[from] Recoil
|move|p1a: Kingambit|Iron Head|p2b: Grimmsnarl
|-supereffective|p2b: Grimmsnarl|1
|-damage|p2b: Grimmsnarl|0 fnt
|faint|p2b: Grimmsnarl
|move|p1b: Farigiraf|Grass Knot|p2a: Swampert
|-supereffective|p2a: Swampert|2
|-damage|p2a: Swampert|0 fnt
|faint|p2a: Swampert
|
|-weather|RainDance|[upkeep]
|upkeep
|
|t:|1782470032
|switch|p2b: Gholdengo|Gholdengo, L50|80/100
|turn|6
|
|t:|1782470037
|move|p1a: Kingambit|Sucker Punch|p2b: Gholdengo
|-supereffective|p2b: Gholdengo|1
|-damage|p2b: Gholdengo|16/100
|move|p2b: Gholdengo|Make It Rain|p1a: Kingambit|[spread] p1a,p1b
|-resisted|p1a: Kingambit|1
|-damage|p1a: Kingambit|0 fnt
|-damage|p1b: Farigiraf|0 fnt
|-unboost|p2b: Gholdengo|spa|2
|faint|p1a: Kingambit
|faint|p1b: Farigiraf
|-damage|p2b: Gholdengo|7/100|[from] item: Life Orb
|
|-weather|RainDance|[upkeep]
|upkeep
|
|t:|1782470040
|switch|p1a: Charizard|Charizard, L50, M|100/100
|switch|p1b: Garchomp|Garchomp, L50, F|100/100
|turn|7
|
|t:|1782470045
|detailschange|p1a: Charizard|Charizard-Mega-Y, L50, M
|-mega|p1a: Charizard|Charizard|Charizardite Y
|-weather|SunnyDay|[from] ability: Drought|[of] p1a: Charizard
|move|p1b: Garchomp|Earthquake|p2b: Gholdengo|[spread] p2b
|-immune|p1a: Charizard
|-supereffective|p2b: Gholdengo|1
|-damage|p2b: Gholdengo|0 fnt
|faint|p2b: Gholdengo
|-damage|p1b: Garchomp|90/100|[from] item: Life Orb
|
|win|Pepitolopalote
