|j|☆OwanTanSoup
|j|☆LostAzi
|html|OwanTanSoupLostAzi    
|uhtml|bestof|Game 1 of a best-of-3
|t:|1756782643
|gametype|doubles
|player|p1|OwanTanSoup|ingo|1000
|player|p2|LostAzi|roxie|1020
|gen|9
|tier|[Gen 9] VGC 2025 Reg H (Bo3)
|rated|
|rule|Species Clause: Limit one of each Pokémon
|rule|Item Clause: Limit 1 of each item
|clearpoke
|poke|p1|Dragonite, L50, F|
|poke|p1|Scrafty, L50, M|
|poke|p1|Grimmsnarl, L50, M|
|poke|p1|Mimikyu, L50, M|
|poke|p1|Volcarona, L50, M|
|poke|p1|Primarina, L50, M|
|poke|p2|Incineroar, L50, M|
|poke|p2|Dragonite, L50, F|
|poke|p2|Gholdengo, L50|
|poke|p2|Amoonguss, L50, F|
|poke|p2|Sneasler, L50, F|
|poke|p2|Ursaluna-Bloodmoon, L50, M|
|teampreview|4
|showteam|p1|Dragonite||SafetyGoggles|Multiscale|ThunderPunch,ExtremeSpeed,Tailwind,IceSpinner|||F|||50|,,,,,Normal]Scrafty||SitrusBerry|Intimidate|Protect,FakeOut,CloseCombat,Crunch|||M|||50|,,,,,Steel]Grimmsnarl||LightClay|Prankster|ThunderWave,LightScreen,SpiritBreak,Reflect|||M|||50|,,,,,Dark]Mimikyu||LumBerry|Disguise|ShadowSneak,ShadowClaw,PlayRough,SwordsDance|||M|||50|,,,,,Ghost]Volcarona||LifeOrb|FlameBody|Protect,HeatWave,QuiverDance,BugBuzz|||M|||50|,,,,,Fire]Primarina||ThroatSpray|LiquidVoice|Protect,IceBeam,HyperVoice,DrainingKiss|||M|||50|,,,,,Water
|showteam|p2|Incineroar||SafetyGoggles|Intimidate|FlareBlitz,KnockOff,FakeOut,PartingShot|||M|||50|,,,,,Ghost]Dragonite||LoadedDice|Multiscale|ScaleShot,Tailwind,Haze,Protect|||F|||50|,,,,,Fairy]Gholdengo||LifeOrb|GoodasGold|MakeItRain,NastyPlot,ShadowBall,Protect||||||50|,,,,,Water]Amoonguss||SitrusBerry|Regenerator|PollenPuff,Spore,RagePowder,Protect|||F|||50|,,,,,Psychic]Sneasler||FocusSash|Unburden|CloseCombat,DireClaw,ThroatChop,Protect|||F|||50|,,,,,Stellar]Ursaluna-Bloodmoon||AssaultVest|MindsEye|HyperVoice,BloodMoon,EarthPower,VacuumWave|||M|||50|,,,,,Water
|inactive|Battle timer is ON: inactive players will automatically lose when time's up. (requested by LostAzi)
|inactive|OwanTanSoup has 60 seconds left.
|inactive|LostAzi has 60 seconds left.
|inactive|OwanTanSoup has 30 seconds left.
|
|t:|1756782724
|teamsize|p1|4
|teamsize|p2|4
|start
|switch|p1a: Scrafty|Scrafty, L50, M|100/100
|switch|p1b: Primarina|Primarina, L50, M|100/100
|switch|p2a: Incineroar|Incineroar, L50, M, shiny|100/100
|switch|p2b: Ursaluna|Ursaluna-Bloodmoon, L50, M|100/100
|-ability|p2a: Incineroar|Intimidate|boost
|-unboost|p1a: Scrafty|atk|1
|-unboost|p1b: Primarina|atk|1
|-ability|p1a: Scrafty|Intimidate|boost
|-unboost|p2a: Incineroar|atk|1
|-unboost|p2b: Ursaluna|atk|1
|turn|1
|inactive|LostAzi has 30 seconds left.
|inactive|LostAzi has 20 seconds left.
|
|t:|1756782761
|-terastallize|p2b: Ursaluna|Water
|move|p2a: Incineroar|Fake Out|p1a: Scrafty
|-damage|p1a: Scrafty|93/100
|cant|p1a: Scrafty|flinch
|move|p1b: Primarina|Hyper Voice|p2a: Incineroar|[spread] p2a,p2b
|-supereffective|p2a: Incineroar
|-resisted|p2b: Ursaluna
|-damage|p2a: Incineroar|27/100
|-damage|p2b: Ursaluna|89/100
|-enditem|p1b: Primarina|Throat Spray
|-boost|p1b: Primarina|spa|1|[from] item: Throat Spray
|move|p2b: Ursaluna|Hyper Voice|p1b: Primarina|[spread] p1a,p1b
|-damage|p1a: Scrafty|62/100
|-damage|p1b: Primarina|68/100
|
|upkeep
|turn|2
|inactive|LostAzi has 30 seconds left.
|
|t:|1756782787
|move|p1b: Primarina|Protect|p1b: Primarina
|-singleturn|p1b: Primarina|Protect
|move|p2a: Incineroar|Parting Shot|p1b: Primarina
|-activate|p1b: Primarina|move: Protect
|move|p2b: Ursaluna|Blood Moon|p1b: Primarina
|-activate|p1b: Primarina|move: Protect
|move|p1a: Scrafty|Close Combat|p2b: Ursaluna
|-damage|p2b: Ursaluna|61/100
|-unboost|p1a: Scrafty|def|1
|-unboost|p1a: Scrafty|spd|1
|
|upkeep
|turn|3
|inactive|OwanTanSoup has 30 seconds left.
|
|t:|1756782812
|switch|p1a: Dragonite|Dragonite, L50, F|100/100
|move|p2b: Ursaluna|Vacuum Wave|p1a: Dragonite
|-resisted|p1a: Dragonite
|-damage|p1a: Dragonite|97/100
|move|p2a: Incineroar|Parting Shot|p1b: Primarina
|-unboost|p1b: Primarina|atk|1
|-unboost|p1b: Primarina|spa|1
|
|t:|1756782822
|switch|p2a: Amoonguss|Amoonguss, L50, F, shiny|100/100|[from] Parting Shot
|move|p1b: Primarina|Draining Kiss|p2b: Ursaluna
|-damage|p2b: Ursaluna|42/100
|-heal|p1b: Primarina|84/100|[from] drain|[of] p2b: Ursaluna
|
|upkeep
|turn|4
|inactive|OwanTanSoup has 30 seconds left.
|
|t:|1756782850
|switch|p2b: Sneasler|Sneasler, L50, F, shiny|100/100
|move|p1a: Dragonite|Ice Spinner|p2a: Amoonguss
|-supereffective|p2a: Amoonguss
|-damage|p2a: Amoonguss|41/100
|-enditem|p2a: Amoonguss|Sitrus Berry|[eat]
|-heal|p2a: Amoonguss|66/100|[from] item: Sitrus Berry
|move|p1b: Primarina|Ice Beam|p2a: Amoonguss
|-supereffective|p2a: Amoonguss
|-damage|p2a: Amoonguss|15/100
|move|p2a: Amoonguss|Spore|p1a: Dragonite
|-activate|p1a: Dragonite|item: Safety Goggles|Spore
|
|upkeep
|turn|5
|
|t:|1756782873
|-terastallize|p1b: Primarina|Water
|move|p2a: Amoonguss|Protect|p2a: Amoonguss
|-singleturn|p2a: Amoonguss|Protect
|move|p2b: Sneasler|Dire Claw|p1b: Primarina
|-damage|p1b: Primarina|33/100
|-status|p1b: Primarina|psn
|move|p1a: Dragonite|Tailwind|p1a: Dragonite
|-sidestart|p1: OwanTanSoup|move: Tailwind
|move|p1b: Primarina|Hyper Voice|p2b: Sneasler|[spread] p2b
|-activate|p2a: Amoonguss|move: Protect
|-damage|p2b: Sneasler|31/100
|
|-damage|p1b: Primarina|20/100 psn|[from] psn
|upkeep
|turn|6
|inactive|LostAzi has 30 seconds left.
|inactive|LostAzi has 20 seconds left.
|inactive|LostAzi has 15 seconds left.
|inactive|LostAzi has 10 seconds left.
|
|t:|1756782920
|move|p1a: Dragonite|Extreme Speed|p2b: Sneasler
|-damage|p2b: Sneasler|0 fnt
|faint|p2b: Sneasler
|move|p1b: Primarina|Ice Beam|p2a: Amoonguss
|-supereffective|p2a: Amoonguss
|-damage|p2a: Amoonguss|0 fnt
|faint|p2a: Amoonguss
|
|-damage|p1b: Primarina|8/100 psn|[from] psn
|upkeep
|
|t:|1756782930
|switch|p2b: Ursaluna|Ursaluna-Bloodmoon, L50, M, tera:Water|42/100
|switch|p2a: Incineroar|Incineroar, L50, M, shiny|27/100
|-ability|p2a: Incineroar|Intimidate|boost
|-unboost|p1a: Dragonite|atk|1
|-unboost|p1b: Primarina|atk|1
|turn|7
|
|t:|1756782945
|move|p2a: Incineroar|Fake Out|p1b: Primarina
|-damage|p1b: Primarina|0 fnt
|faint|p1b: Primarina
|move|p1a: Dragonite|Extreme Speed|p2a: Incineroar
|-damage|p2a: Incineroar|6/100
|move|p2b: Ursaluna|Blood Moon|p1a: Dragonite
|-damage|p1a: Dragonite|23/100
|
|upkeep
|
|t:|1756782958
|switch|p1b: Scrafty|Scrafty, L50, M|62/100
|-ability|p1b: Scrafty|Intimidate|boost
|-unboost|p2a: Incineroar|atk|1
|-unboost|p2b: Ursaluna|atk|1
|turn|8
|
|t:|1756782974
|move|p1b: Scrafty|Fake Out|p2b: Ursaluna
|-damage|p2b: Ursaluna|32/100
|move|p1a: Dragonite|Extreme Speed|p2a: Incineroar
|-damage|p2a: Incineroar|0 fnt
|faint|p2a: Incineroar
|cant|p2b: Ursaluna|flinch
|
|-sideend|p1: OwanTanSoup|move: Tailwind
|upkeep
|turn|9
|
|t:|1756782989
|move|p1a: Dragonite|Extreme Speed|p2b: Ursaluna
|-crit|p2b: Ursaluna
|-damage|p2b: Ursaluna|0 fnt
|faint|p2b: Ursaluna
|
|win|OwanTanSoup
||LostAzi is ready for game 2.
||OwanTanSoup is ready for game 2.
|uhtml|next|Next: Game 2 of 3
|l|☆OwanTanSoup
|player|p1|
