|j|☆DOCTORCHUNK
|j|☆ghotamcity2.0
|html|DOCTORCHUNKghotamcity2.0    
|uhtml|bestof|Game 1 of a best-of-3
|t:|1757919461
|gametype|doubles
|player|p1|DOCTORCHUNK|266|1148
|player|p2|ghotamcity2.0|biker-gen4|1064
|gen|9
|tier|[Gen 9] VGC 2025 Reg H (Bo3)
|rated|
|rule|Species Clause: Limit one of each Pokémon
|rule|Item Clause: Limit 1 of each item
|clearpoke
|poke|p1|Tyranitar, L50, M|
|poke|p1|Garchomp, L50, F|
|poke|p1|Kilowattrel, L50, F|
|poke|p1|Orthworm, L50, F|
|poke|p1|Amoonguss, L50, F|
|poke|p1|Rotom-Wash, L50|
|poke|p2|Incineroar, L50, M|
|poke|p2|Kommo-o, L50, M|
|poke|p2|Rillaboom, L50, M|
|poke|p2|Farigiraf, L50, F|
|poke|p2|Ursaluna-Bloodmoon, L50, M|
|poke|p2|Amoonguss, L50, M|
|teampreview|4
|showteam|p1|Tyranitar||AssaultVest|SandStream|RockSlide,KnockOff,LowKick,TeraBlast|||M|||50|,,,,,Flying]Garchomp||BrightPowder|SandVeil|DragonClaw,Earthquake,SwordsDance,Protect|||F|||50|,,,,,Steel]Kilowattrel||ChoiceSpecs|Competitive|VoltSwitch,Discharge,AirSlash,Endeavor|||F|||50|,,,,,Ghost]Orthworm||Leftovers|EarthEater|IronTail,Coil,BodyPress,Protect|||F|||50|,,,,,Poison]Amoonguss||CovertCloak|EffectSpore|Spore,PollenPuff,RagePowder,ClearSmog|||F|||50|,,,,,Water]Rotom-Wash||SafetyGoggles|Levitate|Discharge,HydroPump,WillOWisp,HelpingHand||||||50|,,,,,Fire
|showteam|p2|Incineroar||SafetyGoggles|Intimidate|FakeOut,FlareBlitz,KnockOff,PartingShot|||M|||50|,,,,,Water]Kommo-o||Leftovers|Overcoat|Protect,IronDefense,BodyPress,Flamethrower|||M|||50|,,,,,Fire]Rillaboom||AssaultVest|GrassySurge|FakeOut,DrumBeating,Uturn,GrassyGlide|||M|||50|,,,,,Fire]Farigiraf||ThroatSpray|ArmorTail|HyperVoice,Psychic,Protect,TrickRoom|||F|||50|,,,,,Grass]Ursaluna-Bloodmoon||LifeOrb|MindsEye|Protect,BloodMoon,HyperVoice,EarthPower|||M|||50|,,,,,Normal]Amoonguss||SitrusBerry|Regenerator|Protect,RagePowder,Spore,PollenPuff|||M|||50|,,,,,Water
|inactive|Battle timer is ON: inactive players will automatically lose when time's up. (requested by ghotamcity2.0)
|
|t:|1757919518
|teamsize|p1|4
|teamsize|p2|4
|start
|switch|p1a: Amoonguss|Amoonguss, L50, F|100/100
|switch|p1b: Kilowattrel|Kilowattrel, L50, F|100/100
|switch|p2a: Kommo-o|Kommo-o, L50, M|100/100
|switch|p2b: Incineroar|Incineroar, L50, M|100/100
|-ability|p2b: Incineroar|Intimidate|boost
|-unboost|p1a: Amoonguss|atk|1
|-unboost|p1b: Kilowattrel|atk|1
|-ability|p1b: Kilowattrel|Competitive|boost
|-boost|p1b: Kilowattrel|spa|2
|turn|1
|inactive|DOCTORCHUNK has 30 seconds left.
|
|t:|1757919551
|switch|p1a: Garchomp|Garchomp, L50, F|100/100
|move|p2a: Kommo-o|Protect|p2a: Kommo-o
|-singleturn|p2a: Kommo-o|Protect
|move|p1b: Kilowattrel|Discharge|p2b: Incineroar|[spread] p2b
|-activate|p2a: Kommo-o|move: Protect
|-immune|p1a: Garchomp
|-damage|p2b: Incineroar|25/100
|move|p2b: Incineroar|Knock Off|p1b: Kilowattrel
|-damage|p1b: Kilowattrel|14/100
|-enditem|p1b: Kilowattrel|Choice Specs|[from] move: Knock Off|[of] p2b: Incineroar
|
|upkeep
|turn|2
|inactive|ghotamcity2.0 has 30 seconds left.
|
|t:|1757919580
|move|p1b: Kilowattrel|Endeavor|p2a: Kommo-o
|-damage|p2a: Kommo-o|11/100
|move|p1a: Garchomp|Earthquake|p2b: Incineroar|[spread] p2a,p2b
|-immune|p1b: Kilowattrel
|-supereffective|p2b: Incineroar
|-damage|p2a: Kommo-o|0 fnt
|-damage|p2b: Incineroar|0 fnt
|faint|p2a: Kommo-o
|faint|p2b: Incineroar
|
|upkeep
|
|t:|1757919587
|switch|p2a: Ursaluna|Ursaluna-Bloodmoon, L50, M|100/100
|switch|p2b: Rillaboom|Rillaboom, L50, M|100/100
|-fieldstart|move: Grassy Terrain|[from] ability: Grassy Surge|[of] p2b: Rillaboom
|turn|3
|
|t:|1757919605
|switch|p1b: Amoonguss|Amoonguss, L50, F|100/100
|-terastallize|p2a: Ursaluna|Normal
|move|p2b: Rillaboom|Grassy Glide|p1b: Amoonguss
|-resisted|p1b: Amoonguss
|-damage|p1b: Amoonguss|94/100
|move|p1a: Garchomp|Swords Dance|p1a: Garchomp
|-boost|p1a: Garchomp|atk|2
|move|p2a: Ursaluna|Blood Moon|p1a: Garchomp|[miss]
|-miss|p2a: Ursaluna|p1a: Garchomp
|
|-heal|p1b: Amoonguss|99/100|[from] Grassy Terrain
|upkeep
|turn|4
|inactive|DOCTORCHUNK has 30 seconds left.
|inactive|DOCTORCHUNK has 20 seconds left.
|
|t:|1757919644
|move|p1a: Garchomp|Dragon Claw|p2b: Rillaboom
|-damage|p2b: Rillaboom|12/100
|move|p2b: Rillaboom|Drum Beating|p1a: Garchomp
|-damage|p1a: Garchomp|54/100
|-unboost|p1a: Garchomp|spe|1
|move|p2a: Ursaluna|Hyper Voice|p1a: Garchomp|[spread] p1a,p1b
|-damage|p1a: Garchomp|0 fnt
|-damage|p1b: Amoonguss|36/100
|faint|p1a: Garchomp
|-damage|p2a: Ursaluna|90/100|[from] item: Life Orb
|move|p1b: Amoonguss|Spore|p2a: Ursaluna
|-status|p2a: Ursaluna|slp|[from] move: Spore
|
|-heal|p2b: Rillaboom|18/100|[from] Grassy Terrain
|-heal|p2a: Ursaluna|96/100 slp|[from] Grassy Terrain
|-heal|p1b: Amoonguss|42/100|[from] Grassy Terrain
|upkeep
|
|t:|1757919656
|switch|p1a: Tyranitar|Tyranitar, L50, M|100/100
|-weather|Sandstorm|[from] ability: Sand Stream|[of] p1a: Tyranitar
|turn|5
|
|t:|1757919667
|-terastallize|p1a: Tyranitar|Flying
|cant|p2a: Ursaluna|slp
|move|p2b: Rillaboom|Drum Beating|p1a: Tyranitar
|-resisted|p1a: Tyranitar
|-damage|p1a: Tyranitar|80/100
|-unboost|p1a: Tyranitar|spe|1
|move|p1a: Tyranitar|Low Kick|p2a: Ursaluna
|-supereffective|p2a: Ursaluna
|-damage|p2a: Ursaluna|26/100 slp
|move|p1b: Amoonguss|Clear Smog|p2b: Rillaboom
|-supereffective|p2b: Rillaboom
|-damage|p2b: Rillaboom|0 fnt
|-clearboost|p2b: Rillaboom
|faint|p2b: Rillaboom
|
|-weather|Sandstorm|[upkeep]
|-damage|p1a: Tyranitar|75/100|[from] Sandstorm
|-damage|p2a: Ursaluna|20/100 slp|[from] Sandstorm
|-damage|p1b: Amoonguss|36/100|[from] Sandstorm
|-heal|p2a: Ursaluna|26/100 slp|[from] Grassy Terrain
|-heal|p1b: Amoonguss|42/100|[from] Grassy Terrain
|upkeep
|turn|6
|
|t:|1757919685
|move|p1b: Amoonguss|Rage Powder|p1b: Amoonguss
|-singleturn|p1b: Amoonguss|move: Rage Powder
|move|p1a: Tyranitar|Knock Off|p2a: Ursaluna
|-damage|p2a: Ursaluna|0 fnt
|-enditem|p2a: Ursaluna|Life Orb|[from] move: Knock Off|[of] p1a: Tyranitar
|faint|p2a: Ursaluna
|
|win|DOCTORCHUNK
||DOCTORCHUNK is ready for game 2.
||ghotamcity2.0 is ready for game 2.
|uhtml|next|Next: Game 2 of 3
|l|☆ghotamcity2.0
|player|p2|
|l|☆DOCTORCHUNK
|player|p1|
