|j|☆heatvw
|j|☆sille rovert
|html|heatvwsille rovert    
|uhtml|bestof|Game 2 of a best-of-3
|t:|1756524298
|gametype|doubles
|player|p1|heatvw|170|1096
|player|p2|sille rovert|trevor|1185
|gen|9
|tier|[Gen 9] VGC 2025 Reg H (Bo3)
|rated|
|rule|Species Clause: Limit one of each Pokémon
|rule|Item Clause: Limit 1 of each item
|clearpoke
|poke|p1|Flamigo, L50, M|
|poke|p1|Ninetales-Alola, L50, F|
|poke|p1|Garchomp, L50, M|
|poke|p1|Incineroar, L50, M|
|poke|p1|Amoonguss, L50, F|
|poke|p1|Kingambit, L50, F|
|poke|p2|Smeargle, L50, M|
|poke|p2|Gholdengo, L50|
|poke|p2|Hydreigon, L50, F|
|poke|p2|Rillaboom, L50, F|
|poke|p2|Porygon2, L50|
|poke|p2|Sneasler, L50, F|
|teampreview|4
|showteam|p1|Flamigo||ChoiceBand|Scrappy|Uturn,CloseCombat,BraveBird,Facade|||M|||50|,,,,,Stellar]Ninetales-Alola||FocusSash|SnowWarning|Protect,Encore,IcyWind,Blizzard|||F|||50|,,,,,Ghost]Garchomp||LifeOrb|RoughSkin|DragonClaw,StompingTantrum,Earthquake,Protect|||M|||50|,,,,,Ground]Incineroar||SafetyGoggles|Intimidate|FakeOut,FlareBlitz,KnockOff,PartingShot|||M|||50|,,,,,Ghost]Amoonguss||SitrusBerry|Regenerator|Spore,RagePowder,PollenPuff,Protect|||F|||50|,,,,,Water]Kingambit||AssaultVest|Defiant|KowtowCleave,IronHead,LowKick,SuckerPunch|||F|||50|,,,,,Fire
|showteam|p2|Smeargle||FocusSash|Moody|Spore,SpikyShield,Ruination,FollowMe|||M|||50|,,,,,Ghost]Gholdengo||Leftovers|GoodasGold|MakeItRain,ShadowBall,NastyPlot,Protect||||||50|,,,,,Water]Hydreigon||LifeOrb|Levitate|HeatWave,DarkPulse,Protect,DracoMeteor|||F|||50|,,,,,Fire]Rillaboom||AssaultVest|GrassySurge|WoodHammer,GrassyGlide,FakeOut,HighHorsepower|||F|||50|,,,,,Fire]Porygon2||Eviolite|Download|IceBeam,TeraBlast,Recover,TrickRoom||||||50|,,,,,Ground]Sneasler||GrassySeed|Unburden|FakeOut,CloseCombat,DireClaw,Protect|||F|||50|,,,,,Stellar
|inactive|Battle timer is ON: inactive players will automatically lose when time's up. (requested by heatvw)
|
|t:|1756524316
|teamsize|p1|4
|teamsize|p2|4
|start
|switch|p1a: Garchomp|Garchomp, L50, M, shiny|100/100
|switch|p1b: Flamigo|Flamigo, L50, M, shiny|100/100
|switch|p2a: Smeargle|Smeargle, L50, M|100/100
|switch|p2b: Gholdengo|Gholdengo, L50|100/100
|turn|1
|
|t:|1756524339
|move|p2a: Smeargle|Spiky Shield|p2a: Smeargle
|-singleturn|p2a: Smeargle|move: Protect
|move|p2b: Gholdengo|Protect|p2b: Gholdengo
|-singleturn|p2b: Gholdengo|Protect
|move|p1a: Garchomp|Earthquake|p2b: Gholdengo|[spread] 
|-activate|p2a: Smeargle|move: Protect
|-activate|p2b: Gholdengo|move: Protect
|-immune|p1b: Flamigo
|move|p1b: Flamigo|Close Combat|p2b: Gholdengo
|-activate|p2b: Gholdengo|move: Protect
|
|-ability|p2a: Smeargle|Moody|boost
|-boost|p2a: Smeargle|spe|2
|-unboost|p2a: Smeargle|atk|1
|upkeep
|turn|2
|inactive|sille rovert has 30 seconds left.
|
|t:|1756524364
|switch|p1a: Incineroar|Incineroar, L50, M, shiny|100/100
|-ability|p1a: Incineroar|Intimidate|boost
|-unboost|p2a: Smeargle|atk|1
|-unboost|p2b: Gholdengo|atk|1
|-terastallize|p2b: Gholdengo|Water
|move|p2a: Smeargle|Spore|p1b: Flamigo
|-status|p1b: Flamigo|slp|[from] move: Spore
|cant|p1b: Flamigo|slp
|move|p2b: Gholdengo|Nasty Plot|p2b: Gholdengo
|-boost|p2b: Gholdengo|spa|2
|
|-ability|p2a: Smeargle|Moody|boost
|-boost|p2a: Smeargle|spd|2
|-unboost|p2a: Smeargle|spe|1
|upkeep
|turn|3
|
|t:|1756524383
|move|p1a: Incineroar|Fake Out|p2b: Gholdengo
|-damage|p2b: Gholdengo|89/100
|move|p2a: Smeargle|Ruination|p1a: Incineroar
|-damage|p1a: Incineroar|51/100
|cant|p1b: Flamigo|slp
|cant|p2b: Gholdengo|flinch
|
|-heal|p2b: Gholdengo|95/100|[from] item: Leftovers
|-ability|p2a: Smeargle|Moody|boost
|-boost|p2a: Smeargle|atk|2
|-unboost|p2a: Smeargle|spd|1
|upkeep
|turn|4
|
|t:|1756524403
|move|p2a: Smeargle|Follow Me|p2a: Smeargle
|-singleturn|p2a: Smeargle|move: Follow Me
|cant|p1b: Flamigo|slp
|move|p2b: Gholdengo|Shadow Ball|p1b: Flamigo
|-crit|p1b: Flamigo
|-damage|p1b: Flamigo|0 fnt
|faint|p1b: Flamigo
|move|p1a: Incineroar|Knock Off|p2a: Smeargle
|-damage|p2a: Smeargle|2/100
|-enditem|p2a: Smeargle|Focus Sash|[from] move: Knock Off|[of] p1a: Incineroar
|
|-heal|p2b: Gholdengo|100/100|[from] item: Leftovers
|-ability|p2a: Smeargle|Moody|boost
|-boost|p2a: Smeargle|atk|2
|-unboost|p2a: Smeargle|spe|1
|upkeep
|
|t:|1756524423
|switch|p1b: Ninetales|Ninetales-Alola, L50, F|100/100
|-weather|Snowscape|[from] ability: Snow Warning|[of] p1b: Ninetales
|turn|5
|
|t:|1756524446
|switch|p2a: Rillaboom|Rillaboom, L50, F|100/100
|-fieldstart|move: Grassy Terrain|[from] ability: Grassy Surge|[of] p2a: Rillaboom
|move|p1b: Ninetales|Icy Wind|p2b: Gholdengo|[spread] p2a,p2b
|-supereffective|p2a: Rillaboom
|-resisted|p2b: Gholdengo
|-damage|p2a: Rillaboom|79/100
|-damage|p2b: Gholdengo|93/100
|-unboost|p2a: Rillaboom|spe|1
|-unboost|p2b: Gholdengo|spe|1
|move|p1a: Incineroar|Knock Off|p2b: Gholdengo
|-damage|p2b: Gholdengo|52/100
|-enditem|p2b: Gholdengo|Leftovers|[from] move: Knock Off|[of] p1a: Incineroar
|move|p2b: Gholdengo|Make It Rain|p1b: Ninetales|[spread] p1a,p1b
|-resisted|p1a: Incineroar
|-supereffective|p1b: Ninetales
|-damage|p1a: Incineroar|10/100
|-enditem|p1b: Ninetales|Focus Sash
|-damage|p1b: Ninetales|1/100
|-unboost|p2b: Gholdengo|spa|1
|
|-weather|Snowscape|[upkeep]
|-heal|p1b: Ninetales|7/100|[from] Grassy Terrain
|-heal|p1a: Incineroar|16/100|[from] Grassy Terrain
|-heal|p2b: Gholdengo|58/100|[from] Grassy Terrain
|-heal|p2a: Rillaboom|85/100|[from] Grassy Terrain
|upkeep
|turn|6
|inactive|heatvw has 30 seconds left.
|inactive|sille rovert has 30 seconds left.
|inactive|heatvw has 20 seconds left.
|
|t:|1756524484
|-terastallize|p1b: Ninetales|Ghost
|move|p2b: Gholdengo|Protect|p2b: Gholdengo
|-singleturn|p2b: Gholdengo|Protect
|move|p2a: Rillaboom|Grassy Glide|p1a: Incineroar
|-resisted|p1a: Incineroar
|-damage|p1a: Incineroar|0 fnt
|faint|p1a: Incineroar
|move|p1b: Ninetales|Blizzard|p2a: Rillaboom|[spread] p2a
|-activate|p2b: Gholdengo|move: Protect
|-supereffective|p2a: Rillaboom
|-damage|p2a: Rillaboom|41/100
|
|-weather|Snowscape|[upkeep]
|-heal|p1b: Ninetales|13/100|[from] Grassy Terrain
|-heal|p2b: Gholdengo|65/100|[from] Grassy Terrain
|-heal|p2a: Rillaboom|47/100|[from] Grassy Terrain
|upkeep
|
|t:|1756524494
|switch|p1a: Garchomp|Garchomp, L50, M, shiny|100/100
|turn|7
|
|t:|1756524512
|move|p1b: Ninetales|Protect|p1b: Ninetales
|-singleturn|p1b: Ninetales|Protect
|move|p2a: Rillaboom|Grassy Glide|p1b: Ninetales
|-activate|p1b: Ninetales|move: Protect
|move|p1a: Garchomp|Dragon Claw|p2b: Gholdengo
|-damage|p2b: Gholdengo|11/100
|-damage|p1a: Garchomp|91/100|[from] item: Life Orb
|move|p2b: Gholdengo|Make It Rain|p1b: Ninetales|[spread] p1a
|-activate|p1b: Ninetales|move: Protect
|-damage|p1a: Garchomp|17/100
|-unboost|p2b: Gholdengo|spa|1
|
|-weather|Snowscape|[upkeep]
|-heal|p1b: Ninetales|19/100|[from] Grassy Terrain
|-heal|p1a: Garchomp|23/100|[from] Grassy Terrain
|-heal|p2b: Gholdengo|17/100|[from] Grassy Terrain
|-heal|p2a: Rillaboom|52/100|[from] Grassy Terrain
|upkeep
|turn|8
|inactive|heatvw has 30 seconds left.
|
|t:|1756524547
|move|p2a: Rillaboom|Grassy Glide|p1b: Ninetales
|-damage|p1b: Ninetales|0 fnt
|faint|p1b: Ninetales
|move|p1a: Garchomp|Dragon Claw|p2b: Gholdengo
|-damage|p2b: Gholdengo|0 fnt
|faint|p2b: Gholdengo
|-damage|p1a: Garchomp|13/100|[from] item: Life Orb
|
|-weather|Snowscape|[upkeep]
|-heal|p1a: Garchomp|19/100|[from] Grassy Terrain
|-heal|p2a: Rillaboom|58/100|[from] Grassy Terrain
|upkeep
|
|t:|1756524550
|switch|p2b: Sneasler|Sneasler, L50, F|100/100
|-enditem|p2b: Sneasler|Grassy Seed
|-boost|p2b: Sneasler|def|1|[from] item: Grassy Seed
|turn|9
|
|t:|1756524555
|move|p1a: Garchomp|Protect|p1a: Garchomp
|-singleturn|p1a: Garchomp|Protect
|move|p2a: Rillaboom|Grassy Glide|p1a: Garchomp
|-activate|p1a: Garchomp|move: Protect
|move|p2b: Sneasler|Close Combat|p1a: Garchomp
|-activate|p1a: Garchomp|move: Protect
|
|-weather|none
|-heal|p1a: Garchomp|25/100|[from] Grassy Terrain
|-heal|p2a: Rillaboom|64/100|[from] Grassy Terrain
|-fieldend|move: Grassy Terrain
|upkeep
|turn|10
|
|t:|1756524561
|move|p2b: Sneasler|Close Combat|p1a: Garchomp
|-damage|p1a: Garchomp|0 fnt
|-unboost|p2b: Sneasler|def|1
|-unboost|p2b: Sneasler|spd|1
|-damage|p2b: Sneasler|88/100|[from] ability: Rough Skin|[of] p1a: Garchomp
|faint|p1a: Garchomp
|
|win|sille rovert
||heatvw is ready for game 3.
||sille rovert is ready for game 3.
|uhtml|next|Next: Game 3 of 3
|l|☆sille rovert
|player|p2|
