|j|Γÿåuutung
|j|Γÿåstrye
|html|uutungstrye    
|uhtml|bestof|Game 2 of a best-of-3
|t:|1785763487
|gametype|doubles
|player|p1|uutung|102|
|player|p2|strye|2|
|gen|9
|tier|[Gen 9 Champions] VGC 2026 Reg M-B (Bo3)
|rule|Species Clause: Limit one of each Pok├⌐mon
|rule|Item Clause: Limit 1 of each item
|clearpoke
|poke|p1|Charizard, L50, M|
|poke|p1|Glimmora, L50, M|
|poke|p1|Whimsicott, L50, F|
|poke|p1|Ninetales-Alola, L50, F|
|poke|p1|Kingambit, L50, M|
|poke|p1|Kommo-o, L50, M|
|poke|p2|Blaziken, L50, M, shiny|
|poke|p2|Kingambit, L50, F, shiny|
|poke|p2|Basculegion, L50, M, shiny|
|poke|p2|Sylveon, L50, M, shiny|
|poke|p2|Torkoal, L50, F, shiny|
|poke|p2|Aerodactyl, L50, F, shiny|
|teampreview|4
|showteam|p1|Charizard||CharizarditeY|Blaze|HeatWave,WeatherBall,SolarBeam,Protect|Modest||M|||50|]Glimmora||Glimmoranite|ToxicDebris|SludgeBomb,PowerGem,EarthPower,SpikyShield|Modest||M|||50|]Whimsicott||FocusSash|Prankster|Moonblast,Tailwind,Encore,Protect|Timid||F|||50|]Ninetales-Alola||NeverMeltIce|SnowWarning|Blizzard,FreezeDry,Disable,Protect|Timid||F|||50|]Kingambit||BlackGlasses|Defiant|KowtowCleave,SuckerPunch,IronHead,Protect|Adamant||M|||50|]Kommo-o||LifeOrb|Overcoat|ClangingScales,AuraSphere,VacuumWave,Protect|Modest||M|||50|
|showteam|p2|Blaziken||Blazikenite|SpeedBoost|FlareBlitz,CloseCombat,RockSlide,Detect|Adamant||M|||50|]Kingambit||LifeOrb|Defiant|KowtowCleave,SuckerPunch,IronHead,Protect|Adamant||F|||50|]Basculegion||FocusSash|Adaptability|Liquidation,AquaJet,LastRespects,Protect|Adamant||M|||50|]Sylveon||FairyFeather|Pixilate|HyperVoice,HyperBeam,QuickAttack,Protect|Modest||M|||50|]Torkoal||Leftovers|Drought|BurningJealousy,WeatherBall,Yawn,Protect|Relaxed||F|||50|]Aerodactyl||Aerodactylite|Unnerve|RockSlide,DualWingbeat,IceFang,Tailwind|Jolly||F|||50|
|
|t:|1785763566
|teamsize|p1|4
|teamsize|p2|4
|start
|switch|p1a: Glimmora|Glimmora, L50, M|100/100
|switch|p1b: Whimsicott|Whimsicott, L50, F|100/100
|switch|p2a: Aerodactyl|Aerodactyl, L50, F, shiny|100/100
|switch|p2b: Basculegion|Basculegion, L50, M, shiny|100/100
|-ability|p2a: Aerodactyl|Unnerve
|turn|1
|c|Γÿåstrye|ΘÇÖµçëΦ⌐▓µÿ»µêæτ¼¼Σ╕Çµ¼íΦó½ΘÉ╡Θá¡τòÅτ╕«
|
|t:|1785763635
|detailschange|p2a: Aerodactyl|Aerodactyl-Mega, L50, F, shiny
|-mega|p2a: Aerodactyl|Aerodactyl|Aerodactylite
|detailschange|p1a: Glimmora|Glimmora-Mega, L50, M
|-mega|p1a: Glimmora|Glimmora|Glimmoranite
|move|p1b: Whimsicott|Tailwind|p1b: Whimsicott
|-sidestart|p1: uutung|move: Tailwind
|move|p1a: Glimmora|Sludge Bomb|p2b: Basculegion
|-resisted|p2b: Basculegion|1
|-damage|p2b: Basculegion|56/100
|move|p2a: Aerodactyl|Dual Wingbeat|p1b: Whimsicott|[miss]
|-miss|p2a: Aerodactyl|p1b: Whimsicott
|move|p2b: Basculegion|Liquidation|p1a: Glimmora
|-supereffective|p1a: Glimmora|1
|-damage|p1a: Glimmora|0 fnt
|faint|p1a: Glimmora
|
|upkeep
|
|t:|1785763661
|switch|p1a: Kommo-o|Kommo-o, L50, M|100/100
|turn|2
|c|Γÿåuutung|Θ¢Öτ┐╝ miss qq
|
|t:|1785763708
|switch|p2b: Kingambit|Kingambit, L50, F, shiny|100/100
|move|p1b: Whimsicott|Moonblast|p2a: Aerodactyl
|-damage|p2a: Aerodactyl|64/100
|move|p1a: Kommo-o|Clanging Scales|p2b: Kingambit|[spread] p2a,p2b
|-resisted|p2b: Kingambit|1
|-damage|p2a: Aerodactyl|14/100
|-damage|p2b: Kingambit|71/100
|-unboost|p1a: Kommo-o|def|1
|-damage|p1a: Kommo-o|90/100|[from] item: Life Orb
|move|p2a: Aerodactyl|Dual Wingbeat|p1b: Whimsicott|[miss]
|-miss|p2a: Aerodactyl|p1b: Whimsicott
|
|upkeep
|turn|3
|c|Γÿåstrye|???
|c|Γÿåuutung|∩╝ƒ∩╝ƒ
|
|t:|1785763762
|move|p1a: Kommo-o|Vacuum Wave|p2b: Kingambit
|-supereffective|p2b: Kingambit|2
|-damage|p2b: Kingambit|0 fnt
|faint|p2b: Kingambit
|-damage|p1a: Kommo-o|80/100|[from] item: Life Orb
|move|p1b: Whimsicott|Moonblast|p2a: Aerodactyl
|-damage|p2a: Aerodactyl|0 fnt
|faint|p2a: Aerodactyl
|
|upkeep
|
|t:|1785763770
|switch|p2a: Blaziken|Blaziken, L50, M, shiny|100/100
|switch|p2b: Basculegion|Basculegion, L50, M, shiny|56/100
|turn|4
|
|t:|1785763790
|switch|p1a: Kingambit|Kingambit, L50, M|100/100
|move|p2b: Basculegion|Protect|p2b: Basculegion
|-singleturn|p2b: Basculegion|Protect
|move|p1b: Whimsicott|Moonblast|p2b: Basculegion
|-activate|p2b: Basculegion|move: Protect
|move|p2a: Blaziken|Flare Blitz|p1b: Whimsicott
|-supereffective|p1b: Whimsicott|1
|-enditem|p1b: Whimsicott|Focus Sash
|-damage|p1b: Whimsicott|1/100
|-damage|p2a: Blaziken|71/100|[from] Recoil
|
|-sideend|p1: uutung|move: Tailwind
|-ability|p2a: Blaziken|Speed Boost|boost
|-boost|p2a: Blaziken|spe|1
|upkeep
|turn|5
|j| otenkoz
|
|t:|1785763823
|move|p1b: Whimsicott|Encore|p2a: Blaziken
|-start|p2a: Blaziken|Encore
|move|p2b: Basculegion|Aqua Jet|p1b: Whimsicott
|-resisted|p1b: Whimsicott|1
|-damage|p1b: Whimsicott|0 fnt
|faint|p1b: Whimsicott
|move|p1a: Kingambit|Sucker Punch||[still]
|-fail|p1a: Kingambit
|move|p2a: Blaziken|Flare Blitz|p1a: Kingambit
|-supereffective|p1a: Kingambit|1
|-damage|p1a: Kingambit|0 fnt
|faint|p1a: Kingambit
|-damage|p2a: Blaziken|33/100|[from] Recoil
|
|-ability|p2a: Blaziken|Speed Boost|boost
|-boost|p2a: Blaziken|spe|1
|upkeep
|l| otenkoz
|
|t:|1785763836
|switch|p1a: Kommo-o|Kommo-o, L50, M|80/100
|turn|6
|
|t:|1785763843
|move|p2a: Blaziken|Flare Blitz|p1a: Kommo-o
|-resisted|p1a: Kommo-o|1
|-damage|p1a: Kommo-o|46/100
|-status|p1a: Kommo-o|brn
|-damage|p2a: Blaziken|22/100|[from] Recoil
|move|p1a: Kommo-o|Clanging Scales|p2a: Blaziken|[spread] p2a,p2b
|-damage|p2a: Blaziken|0 fnt
|-damage|p2b: Basculegion|0 fnt
|faint|p2a: Blaziken
|faint|p2b: Basculegion
|-damage|p1a: Kommo-o|36/100 brn|[from] item: Life Orb
|
|win|uutung
|l|Γÿåstrye
|player|p2|
