|j|☆Iultimatemage
|j|☆andiom123
|html|Iultimatemageandiom123    
|uhtml|bestof|Game 2 of a best-of-3
|t:|1784692359
|gametype|doubles
|player|p1|Iultimatemage|170|1184
|player|p2|andiom123|red|1212
|gen|9
|tier|[Gen 9 Champions] VGC 2026 Reg M-B (Bo3)
|rated|
|rule|Species Clause: Limit one of each Pokémon
|rule|Item Clause: Limit 1 of each item
|clearpoke
|poke|p1|Eelektross, L50, F|
|poke|p1|Garchomp, L50, F|
|poke|p1|Sinistcha-Masterpiece, L50|
|poke|p1|Incineroar, L50, M|
|poke|p1|Whimsicott, L50, M|
|poke|p1|Aegislash, L50, M|
|poke|p2|Incineroar, L50, M|
|poke|p2|Farigiraf, L50, M|
|poke|p2|Sylveon, L50, F|
|poke|p2|Torkoal, L50, M|
|poke|p2|Kangaskhan, L50, F|
|poke|p2|Mudsdale, L50, F|
|teampreview|4
|showteam|p1|Eelektross||Eelektrossite|Levitate|Thunderbolt,Flamethrower,DragonPulse,Protect|Modest||F|||50|]Garchomp||LifeOrb|RoughSkin|Earthquake,RockSlide,DragonClaw,Protect|Jolly||F|||50|]Sinistcha-Masterpiece||ColburBerry|Hospitality|MatchaGotcha,TrickRoom,LifeDew,RagePowder|Relaxed|||||50|]Incineroar||WhiteHerb|Intimidate|FlareBlitz,FakeOut,ThroatChop,PartingShot|Adamant||M|||50|]Whimsicott||FocusSash|Prankster|Moonblast,Tailwind,Encore,Protect|Timid||M|||50|]Aegislash||OccaBerry|StanceChange|WideGuard,ShadowBall,KingsShield,FlashCannon|Calm||M|||50|
|showteam|p2|Incineroar||MuscleBand|Intimidate|ThroatChop,FlareBlitz,FakeOut,PartingShot|Brave||M|||50|]Farigiraf||SitrusBerry|ArmorTail|FoulPlay,PsychicNoise,TrickRoom,HelpingHand|Relaxed||M|||50|]Sylveon||FairyFeather|Pixilate|HyperVoice,HyperBeam,Yawn,Detect|Modest||F|||50|]Torkoal||Charcoal|Drought|Eruption,EarthPower,Flamethrower,Protect|Quiet||M|||50|]Kangaskhan||Kangaskhanite|Scrappy|DoubleEdge,FakeOut,IcePunch,HammerArm|Brave||F|||50|]Mudsdale||LifeOrb|InnerFocus|HighHorsepower,Earthquake,RockSlide,HeavySlam|Brave||F|||50|
|inactive|Battle timer is ON: inactive players will automatically lose when time's up. (requested by Iultimatemage)
|inactive|Iultimatemage has 60 seconds left.
|
|t:|1784692398
|teamsize|p1|4
|teamsize|p2|4
|start
|switch|p1a: Garchomp|Garchomp, L50, F|100/100
|switch|p1b: Incineroar|Incineroar, L50, M|100/100
|switch|p2a: Farigiraf|Farigiraf, L50, M|100/100
|switch|p2b: Incineroar|Incineroar, L50, M|100/100
|-ability|p1b: Incineroar|Intimidate|boost
|-unboost|p2a: Farigiraf|atk|1
|-unboost|p2b: Incineroar|atk|1
|-ability|p2b: Incineroar|Intimidate|boost
|-unboost|p1a: Garchomp|atk|1
|-unboost|p1b: Incineroar|atk|1
|-enditem|p1b: Incineroar|White Herb
|-clearnegativeboost|p1b: Incineroar|[silent]
|turn|1
|inactive|andiom123 has 30 seconds left.
|inactive|andiom123 has 20 seconds left.
|
|t:|1784692437
|move|p1a: Garchomp|Rock Slide|p2a: Farigiraf|[spread] p2a,p2b
|-supereffective|p2b: Incineroar|1
|-damage|p2a: Farigiraf|87/100
|-damage|p2b: Incineroar|69/100
|-damage|p1a: Garchomp|90/100|[from] item: Life Orb
|move|p1b: Incineroar|Throat Chop|p2a: Farigiraf
|-supereffective|p2a: Farigiraf|1
|-damage|p2a: Farigiraf|25/100
|-start|p2a: Farigiraf|Throat Chop|[silent]
|-enditem|p2a: Farigiraf|Sitrus Berry|[eat]
|-heal|p2a: Farigiraf|50/100g|[from] item: Sitrus Berry
|move|p2b: Incineroar|Parting Shot|p1b: Incineroar
|-unboost|p1b: Incineroar|atk|1
|-unboost|p1b: Incineroar|spa|1
|
|t:|1784692451
|switch|p2b: Kangaskhan|Kangaskhan, L50, F|100/100|[from] Parting Shot
|cant|p2a: Farigiraf|flinch
|
|upkeep
|turn|2
|
|t:|1784692472
|move|p2b: Kangaskhan|Fake Out|p1b: Incineroar
|-damage|p1b: Incineroar|80/100
|move|p1a: Garchomp|Rock Slide|p2a: Farigiraf|[spread] p2a,p2b
|-damage|p2a: Farigiraf|38/100
|-damage|p2b: Kangaskhan|83/100
|-damage|p1a: Garchomp|80/100|[from] item: Life Orb
|cant|p1b: Incineroar|flinch
|move|p2a: Farigiraf|Trick Room|p2a: Farigiraf
|-fieldstart|move: Trick Room|[of] p2a: Farigiraf
|
|-end|p2a: Farigiraf|Throat Chop|[silent]
|upkeep
|turn|3
|inactive|andiom123 has 30 seconds left.
|inactive|andiom123 has 20 seconds left.
|inactive|andiom123 has 15 seconds left.
|inactive|andiom123 has 10 seconds left.
|
|t:|1784692517
|switch|p2a: Incineroar|Incineroar, L50, M|69/100
|-ability|p2a: Incineroar|Intimidate|boost
|-unboost|p1a: Garchomp|atk|1
|-unboost|p1b: Incineroar|atk|1
|move|p1a: Garchomp|Protect|p1a: Garchomp
|-singleturn|p1a: Garchomp|Protect
|move|p1b: Incineroar|Throat Chop|p2a: Incineroar
|-resisted|p2a: Incineroar|1
|-damage|p2a: Incineroar|58/100
|-start|p2a: Incineroar|Throat Chop|[silent]
|move|p2b: Kangaskhan|Hammer Arm|p1b: Incineroar
|-supereffective|p1b: Incineroar|1
|-damage|p1b: Incineroar|15/100
|-unboost|p2b: Kangaskhan|spe|1
|
|upkeep
|turn|4
|inactive|andiom123 has 30 seconds left.
|
|t:|1784692550
|switch|p1a: Sinistcha|Sinistcha-Masterpiece, L50|100/100
|-heal|p1b: Incineroar|40/100|[from] ability: Hospitality|[of] p1a: Sinistcha
|detailschange|p2b: Kangaskhan|Kangaskhan-Mega, L50, F
|-mega|p2b: Kangaskhan|Kangaskhan|Kangaskhanite
|move|p2b: Kangaskhan|Ice Punch|p1a: Sinistcha
|-supereffective|p1a: Sinistcha|1
|-damage|p1a: Sinistcha|59/100
|-supereffective|p1a: Sinistcha|1
|-crit|p1a: Sinistcha
|-damage|p1a: Sinistcha|44/100
|-hitcount|p1a: Sinistcha|2
|move|p2a: Incineroar|Flare Blitz|p1b: Incineroar
|-resisted|p1b: Incineroar|1
|-crit|p1b: Incineroar
|-damage|p1b: Incineroar|0 fnt
|faint|p1b: Incineroar
|-damage|p2a: Incineroar|45/100|[from] Recoil
|
|-end|p2a: Incineroar|Throat Chop|[silent]
|upkeep
|
|t:|1784692567
|switch|p1b: Eelektross|Eelektross, L50, F|100/100
|turn|5
|
|t:|1784692583
|detailschange|p1b: Eelektross|Eelektross-Mega, L50, F
|-mega|p1b: Eelektross|Eelektross|Eelektrossite
|move|p2b: Kangaskhan|Double-Edge|p1b: Eelektross
|-damage|p1b: Eelektross|26/100
|-damage|p1b: Eelektross|8/100
|-hitcount|p1b: Eelektross|2
|-damage|p2b: Kangaskhan|55/100|[from] Recoil
|move|p2a: Incineroar|Flare Blitz|p1a: Sinistcha
|-supereffective|p1a: Sinistcha|1
|-damage|p1a: Sinistcha|0 fnt
|faint|p1a: Sinistcha
|-damage|p2a: Incineroar|32/100|[from] Recoil
|move|p1b: Eelektross|Thunderbolt|p2a: Incineroar
|-damage|p2a: Incineroar|0 fnt
|faint|p2a: Incineroar
|-ability|p1b: Eelektross|Eelevate|boost
|-boost|p1b: Eelektross|spa|1
|
|upkeep
|
|t:|1784692605
|switch|p2a: Farigiraf|Farigiraf, L50, M|38/100
|switch|p1a: Garchomp|Garchomp, L50, F|80/100
|turn|6
|
|t:|1784692620
|move|p1b: Eelektross|Protect|p1b: Eelektross
|-singleturn|p1b: Eelektross|Protect
|move|p1a: Garchomp|Protect|p1a: Garchomp
|-singleturn|p1a: Garchomp|Protect
|move|p2b: Kangaskhan|Ice Punch|p1a: Garchomp
|-activate|p1a: Garchomp|move: Protect
|move|p2a: Farigiraf|Psychic Noise|p1b: Eelektross
|-activate|p1b: Eelektross|move: Protect
|
|-fieldend|move: Trick Room
|upkeep
|turn|7
|
|t:|1784692643
|switch|p2b: Torkoal|Torkoal, L50, M|100/100
|-weather|SunnyDay|[from] ability: Drought|[of] p2b: Torkoal
|move|p1a: Garchomp|Earthquake|p2b: Torkoal|[spread] p2a,p2b
|-immune|p1b: Eelektross|[from] ability: Eelevate
|-supereffective|p2b: Torkoal|1
|-damage|p2a: Farigiraf|0 fnt
|-damage|p2b: Torkoal|23/100
|faint|p2a: Farigiraf
|-damage|p1a: Garchomp|70/100|[from] item: Life Orb
|move|p1b: Eelektross|Thunderbolt|p2b: Torkoal
|-damage|p2b: Torkoal|0 fnt
|faint|p2b: Torkoal
|-ability|p1b: Eelektross|Eelevate|boost
|-boost|p1b: Eelektross|spa|1
|
|-weather|SunnyDay|[upkeep]
|upkeep
|
|t:|1784692660
|switch|p2b: Kangaskhan|Kangaskhan-Mega, L50, F|55/100
|turn|8
|
|t:|1784692676
|move|p1a: Garchomp|Earthquake|p2b: Kangaskhan|[spread] p2b
|-immune|p1b: Eelektross|[from] ability: Eelevate
|-damage|p2b: Kangaskhan|9/100
|-damage|p1a: Garchomp|61/100|[from] item: Life Orb
|move|p2b: Kangaskhan|Ice Punch|p1a: Garchomp
|-supereffective|p1a: Garchomp|2
|-damage|p1a: Garchomp|0 fnt
|-damage|p2b: Kangaskhan|0 fnt|[from] ability: Rough Skin|[of] p1a: Garchomp
|faint|p1a: Garchomp
|faint|p2b: Kangaskhan
|
|win|Iultimatemage
|inactive|Iultimatemage has 30 seconds to confirm battle start!
|inactive|andiom123 has 30 seconds to confirm battle start!
||andiom123 is ready for game 3.
||Iultimatemage is ready for game 3.
|uhtml|next|Next: Game 3 of 3
|l|☆Iultimatemage
|player|p1|
|j|☆Iultimatemage
|player|p1|Iultimatemage|170|
|l|☆andiom123
|player|p2|
