|j|☆BranchingBee
|j|☆Needels
|html|BranchingBeeNeedels    
|uhtml|bestof|Game 2 of a best-of-3
|t:|1756958202
|gametype|doubles
|player|p1|BranchingBee|102|1099
|player|p2|Needels|eusine|1193
|gen|9
|tier|[Gen 9] VGC 2025 Reg H (Bo3)
|rated|
|rule|Species Clause: Limit one of each Pokémon
|rule|Item Clause: Limit 1 of each item
|clearpoke
|poke|p1|Typhlosion-Hisui, L50, M|
|poke|p1|Murkrow, L50, M|
|poke|p1|Sinistcha, L50|
|poke|p1|Maushold-Four, L50|
|poke|p1|Indeedee, L50, M|
|poke|p1|Gholdengo, L50|
|poke|p2|Ursaluna, L50, M|
|poke|p2|Jumpluff, L50, F|
|poke|p2|Charizard, L50, F|
|poke|p2|Torkoal, L50, F|
|poke|p2|Incineroar, L50, F|
|poke|p2|Porygon2, L50|
|teampreview|4
|showteam|p1|Typhlosion-Hisui||ChoiceScarf|Blaze|Eruption,HeatWave,ShadowBall,Overheat|||M|||50|,,,,,Fire]Murkrow||Eviolite|Prankster|Tailwind,SunnyDay,DarkPulse,Quash|||M|||50|,,,,,Dark]Sinistcha||FocusSash|Hospitality|MatchaGotcha,LifeDew,RagePowder,Protect||||||50|,,,,,Grass]Maushold-Four||WideLens|FriendGuard|HelpingHand,FollowMe,PopulationBomb,Protect||||||50|,,,,,Normal]Indeedee||ChoiceSpecs|PsychicSurge|ExpandingForce,DrainingKiss,Psychic,DazzlingGleam|||M|||50|,,,,,Psychic]Gholdengo||MetalCoat|GoodasGold|ShadowBall,MakeItRain,Protect,NastyPlot||||||50|,,,,,Steel
|showteam|p2|Ursaluna||FlameOrb|Guts|HeadlongRush,Facade,Earthquake,Protect|||M|||50|,,,,,Ghost]Jumpluff||CovertCloak|Chlorophyll|SleepPowder,SunnyDay,Tailwind,RagePowder|||F|||50|,,,,,Fire]Charizard||ChoiceSpecs|SolarPower|DragonPulse,HeatWave,Overheat,WeatherBall|||F|||50|,,,,,Ghost]Torkoal||EjectPack|Drought|HelpingHand,Eruption,Overheat,Protect|||F|||50|,,,,,Fire]Incineroar||SitrusBerry|Intimidate|FakeOut,FlareBlitz,KnockOff,PartingShot|||F|||50|,,,,,Ghost]Porygon2||Eviolite|Download|TeraBlast,IceBeam,Recover,TrickRoom||||||50|,,,,,Fighting
|
|t:|1756958231
|teamsize|p1|4
|teamsize|p2|4
|start
|switch|p1a: Typhlosion|Typhlosion-Hisui, L50, M|100/100
|switch|p1b: Murkrow|Murkrow, L50, M|100/100
|switch|p2a: Jumpluff|Jumpluff, L50, F, shiny|100/100
|switch|p2b: Incineroar|Incineroar, L50, F|100/100
|-ability|p2b: Incineroar|Intimidate|boost
|-unboost|p1a: Typhlosion|atk|1
|-unboost|p1b: Murkrow|atk|1
|turn|1
|inactive|Battle timer is ON: inactive players will automatically lose when time's up. (requested by Needels)
|
|t:|1756958292
|-terastallize|p1a: Typhlosion|Fire
|-terastallize|p2a: Jumpluff|Fire
|move|p2b: Incineroar|Fake Out|p1b: Murkrow
|-damage|p1b: Murkrow|86/100
|cant|p1b: Murkrow|flinch
|move|p1a: Typhlosion|Eruption|p2b: Incineroar|[spread] p2a,p2b
|-resisted|p2a: Jumpluff
|-resisted|p2b: Incineroar
|-damage|p2a: Jumpluff|62/100
|-damage|p2b: Incineroar|62/100
|move|p2a: Jumpluff|Sleep Powder|p1a: Typhlosion
|-status|p1a: Typhlosion|slp|[from] move: Sleep Powder
|
|upkeep
|turn|2
|
|t:|1756958316
|cant|p1a: Typhlosion|slp
|move|p2a: Jumpluff|Tailwind|p2a: Jumpluff
|-sidestart|p2: Needels|move: Tailwind
|move|p2b: Incineroar|Parting Shot|p1a: Typhlosion
|-unboost|p1a: Typhlosion|atk|1
|-unboost|p1a: Typhlosion|spa|1
|
|t:|1756958334
|switch|p2b: Ursaluna|Ursaluna, L50, M|100/100|[from] Parting Shot
|move|p1b: Murkrow|Dark Pulse|p2a: Jumpluff
|-damage|p2a: Jumpluff|39/100
|
|-status|p2b: Ursaluna|brn|[from] item: Flame Orb
|upkeep
|turn|3
|inactive|Needels has 30 seconds left.
|inactive|BranchingBee has 30 seconds left.
|inactive|Needels has 20 seconds left.
|inactive|Needels has 15 seconds left.
|
|t:|1756958377
|move|p2a: Jumpluff|Rage Powder|p2a: Jumpluff
|-singleturn|p2a: Jumpluff|move: Rage Powder
|move|p1b: Murkrow|Sunny Day|p1b: Murkrow
|-weather|SunnyDay
|cant|p1a: Typhlosion|slp
|move|p2b: Ursaluna|Facade|p1a: Typhlosion
|-damage|p1a: Typhlosion|0 fnt
|faint|p1a: Typhlosion
|
|-weather|SunnyDay|[upkeep]
|-damage|p2b: Ursaluna|95/100 brn|[from] brn
|upkeep
|
|t:|1756958388
|switch|p1a: Indeedee|Indeedee, L50, M|100/100
|-fieldstart|move: Psychic Terrain|[from] ability: Psychic Surge|[of] p1a: Indeedee
|turn|4
|
|t:|1756958409
|switch|p2a: Incineroar|Incineroar, L50, F|62/100
|-ability|p2a: Incineroar|Intimidate|boost
|-unboost|p1a: Indeedee|atk|1
|-unboost|p1b: Murkrow|atk|1
|move|p1b: Murkrow|Quash|p2a: Incineroar
|-activate|p2a: Incineroar|move: Psychic Terrain
|move|p2b: Ursaluna|Facade|p1b: Murkrow
|-damage|p1b: Murkrow|0 fnt
|faint|p1b: Murkrow
|move|p1a: Indeedee|Expanding Force|p2a: Incineroar|[spread] p2b
|-immune|p2a: Incineroar
|-damage|p2b: Ursaluna|19/100 brn
|
|-weather|SunnyDay|[upkeep]
|-damage|p2b: Ursaluna|14/100 brn|[from] brn
|upkeep
|
|t:|1756958424
|switch|p1b: Maushold|Maushold-Four, L50|100/100
|turn|5
|
|t:|1756958448
|switch|p2a: Charizard|Charizard, L50, F, shiny|100/100
|move|p1b: Maushold|Population Bomb|p2b: Ursaluna
|-damage|p2b: Ursaluna|9/100 brn
|-damage|p2b: Ursaluna|5/100 brn
|-damage|p2b: Ursaluna|0 fnt
|faint|p2b: Ursaluna
|-hitcount|p2: Ursaluna|3
|move|p1a: Indeedee|Expanding Force|p2a: Charizard
|-damage|p2a: Charizard|0 fnt
|faint|p2a: Charizard
|
|-weather|SunnyDay|[upkeep]
|-sideend|p2: Needels|move: Tailwind
|upkeep
|
|t:|1756958456
|switch|p2a: Incineroar|Incineroar, L50, F|62/100
|switch|p2b: Jumpluff|Jumpluff, L50, F, shiny, tera:Fire|39/100
|-ability|p2a: Incineroar|Intimidate|boost
|-unboost|p1a: Indeedee|atk|1
|-unboost|p1b: Maushold|atk|1
|turn|6
|inactive|BranchingBee has 30 seconds left.
|inactive|Needels has 30 seconds left.
|
|t:|1756958486
|move|p1b: Maushold|Follow Me|p1b: Maushold
|-singleturn|p1b: Maushold|move: Follow Me
|move|p2b: Jumpluff|Sleep Powder|p1b: Maushold
|-status|p1b: Maushold|slp|[from] move: Sleep Powder
|move|p1a: Indeedee|Expanding Force|p2b: Jumpluff|[spread] p2b
|-immune|p2a: Incineroar
|-damage|p2b: Jumpluff|0 fnt
|faint|p2b: Jumpluff
|move|p2a: Incineroar|Knock Off|p1b: Maushold
|-damage|p1b: Maushold|44/100 slp
|-enditem|p1b: Maushold|Wide Lens|[from] move: Knock Off|[of] p2a: Incineroar
|
|-weather|SunnyDay|[upkeep]
|upkeep
|turn|7
|
|t:|1756958508
|cant|p1b: Maushold|slp
|move|p1a: Indeedee|Expanding Force|p2a: Incineroar
|-immune|p2a: Incineroar
|move|p2a: Incineroar|Flare Blitz|p1b: Maushold
|-damage|p1b: Maushold|0 fnt
|faint|p1b: Maushold
|-damage|p2a: Incineroar|49/100|[from] Recoil
|-enditem|p2a: Incineroar|Sitrus Berry|[eat]
|-heal|p2a: Incineroar|74/100|[from] item: Sitrus Berry
|
|-weather|none
|upkeep
|turn|8
|-message|BranchingBee forfeited.
|
|win|Needels
