|j|☆poodle sundae
|j|☆VenuDaAsco
|html|poodle sundaeVenuDaAsco    
|uhtml|bestof|Game 2 of a best-of-3
|t:|1782418611
|gametype|doubles
|player|p1|poodle sundae|2|1318
|player|p2|VenuDaAsco|169|1299
|gen|9
|tier|[Gen 9 Champions] VGC 2026 Reg M-B (Bo3)
|rated|
|rule|Species Clause: Limit one of each Pokémon
|rule|Item Clause: Limit 1 of each item
|clearpoke
|poke|p1|Metagross, L50|
|poke|p1|Hydreigon, L50, M|
|poke|p1|Venusaur, L50, M|
|poke|p1|Milotic, L50, F|
|poke|p1|Garchomp, L50, F|
|poke|p1|Ceruledge, L50, M|
|poke|p2|Gardevoir, L50, F|
|poke|p2|Aerodactyl, L50, M|
|poke|p2|Maushold-Four, L50|
|poke|p2|Gholdengo, L50|
|poke|p2|Garchomp, L50, M|
|poke|p2|Tsareena, L50, F|
|teampreview|4
|showteam|p1|Metagross||Metagrossite|ClearBody|IronHead,PsychicFangs,BodyPress,Protect|Jolly|||||50|]Hydreigon||ChoiceScarf|Levitate|DarkPulse,DracoMeteor,Snarl,HeatWave|Modest||M|||50|]Venusaur||Venusaurite|Chlorophyll|GigaDrain,SludgeBomb,EarthPower,Protect|Modest||M|||50|]Milotic||Leftovers|Competitive|MuddyWater,Coil,Hypnosis,Protect|Calm||F|||50|]Garchomp||LifeOrb|RoughSkin|DragonClaw,Earthquake,RockSlide,Protect|Jolly||F|||50|]Ceruledge||ColburBerry|FlashFire|BitterBlade,ShadowSneak,BulkUp,Protect|Adamant||M|||50|
|showteam|p2|Gardevoir||Gardevoirite|Trace|Protect,Psyshock,HyperVoice,MysticalFire|Modest||F|||50|]Aerodactyl||Aerodactylite|RockHead|RockSlide,Tailwind,DualWingbeat,WideGuard|Jolly||M|||50|]Maushold-Four||ChopleBerry|FriendGuard|Taunt,SuperFang,FollowMe,Feint|Jolly|||||50|]Gholdengo||SpellTag|GoodasGold|Protect,NastyPlot,MakeItRain,ShadowBall|Modest|||||50|]Garchomp||LifeOrb|RoughSkin|Protect,RockSlide,DragonClaw,Earthquake|Jolly||M|||50|]Tsareena||WideLens|QueenlyMajesty|TripleAxel,TropKick,HighJumpKick,Protect|Adamant||F|||50|
|inactive|Battle timer is ON: inactive players will automatically lose when time's up. (requested by VenuDaAsco)
|inactive|poodle sundae has 60 seconds left.
|inactive|VenuDaAsco has 60 seconds left.
|
|t:|1782418656
|teamsize|p1|4
|teamsize|p2|4
|start
|switch|p1a: Hydreigon|Hydreigon, L50, M|100/100
|switch|p1b: Metagross|Metagross, L50|100/100
|switch|p2a: Garchomp|Garchomp, L50, M|100/100
|switch|p2b: Maushold|Maushold-Four, L50|100/100
|turn|1
|
|t:|1782418678
|switch|p1a: Milotic|Milotic, L50, F|100/100
|move|p1b: Metagross|Protect|p1b: Metagross
|-singleturn|p1b: Metagross|Protect
|move|p2b: Maushold|Follow Me|p2b: Maushold
|-singleturn|p2b: Maushold|move: Follow Me
|move|p2a: Garchomp|Dragon Claw|p1a: Milotic
|-damage|p1a: Milotic|51/100
|-damage|p2a: Garchomp|90/100|[from] item: Life Orb
|
|-heal|p1a: Milotic|57/100|[from] item: Leftovers
|upkeep
|turn|2
|inactive|poodle sundae has 30 seconds left.
|inactive|VenuDaAsco has 30 seconds left.
|inactive|poodle sundae has 20 seconds left.
|inactive|poodle sundae has 15 seconds left.
|inactive|poodle sundae has 10 seconds left.
|
|t:|1782418725
|detailschange|p1b: Metagross|Metagross-Mega, L50
|-mega|p1b: Metagross|Metagross|Metagrossite
|move|p2a: Garchomp|Protect|p2a: Garchomp
|-singleturn|p2a: Garchomp|Protect
|move|p1b: Metagross|Iron Head|p2b: Maushold
|-damage|p2b: Maushold|33/100
|move|p2b: Maushold|Super Fang|p1b: Metagross
|-damage|p1b: Metagross|50/100y
|move|p1a: Milotic|Muddy Water|p2b: Maushold|[spread] p2b
|-activate|p2a: Garchomp|move: Protect
|-crit|p2b: Maushold
|-damage|p2b: Maushold|0 fnt
|faint|p2b: Maushold
|
|-heal|p1a: Milotic|63/100|[from] item: Leftovers
|upkeep
|
|t:|1782418729
|switch|p2b: Aerodactyl|Aerodactyl, L50, M|100/100
|turn|3
|
|t:|1782418741
|move|p1b: Metagross|Protect|p1b: Metagross
|-singleturn|p1b: Metagross|Protect
|move|p2b: Aerodactyl|Tailwind|p2b: Aerodactyl
|-sidestart|p2: VenuDaAsco|move: Tailwind
|move|p2a: Garchomp|Earthquake|p1b: Metagross|[spread] p1a
|-activate|p1b: Metagross|move: Protect
|-immune|p2b: Aerodactyl
|-damage|p1a: Milotic|23/100
|-damage|p2a: Garchomp|80/100|[from] item: Life Orb
|move|p1a: Milotic|Coil|p1a: Milotic
|-boost|p1a: Milotic|atk|1
|-boost|p1a: Milotic|def|1
|-boost|p1a: Milotic|accuracy|1
|
|-heal|p1a: Milotic|29/100|[from] item: Leftovers
|upkeep
|turn|4
|
|t:|1782418757
|switch|p1b: Hydreigon|Hydreigon, L50, M|100/100
|move|p1a: Milotic|Protect|p1a: Milotic
|-singleturn|p1a: Milotic|Protect
|move|p2b: Aerodactyl|Dual Wingbeat|p1a: Milotic
|-activate|p1a: Milotic|move: Protect
|move|p2a: Garchomp|Earthquake|p1b: Hydreigon|[spread] 
|-activate|p1a: Milotic|move: Protect
|-immune|p2b: Aerodactyl
|-immune|p1b: Hydreigon|[from] ability: Levitate
|
|-heal|p1a: Milotic|35/100|[from] item: Leftovers
|upkeep
|turn|5
|
|t:|1782418779
|switch|p1b: Garchomp|Garchomp, L50, F|100/100
|move|p2b: Aerodactyl|Rock Slide|p1b: Garchomp|[spread] p1b
|-miss|p2b: Aerodactyl|p1a: Milotic
|-resisted|p1b: Garchomp|1
|-damage|p1b: Garchomp|88/100
|move|p2a: Garchomp|Dragon Claw|p1b: Garchomp
|-supereffective|p1b: Garchomp|1
|-damage|p1b: Garchomp|0 fnt
|-damage|p2a: Garchomp|68/100|[from] ability: Rough Skin|[of] p1b: Garchomp
|faint|p1b: Garchomp
|-damage|p2a: Garchomp|58/100|[from] item: Life Orb
|move|p1a: Milotic|Hypnosis|p2a: Garchomp
|-status|p2a: Garchomp|slp|[from] move: Hypnosis
|
|-heal|p1a: Milotic|41/100|[from] item: Leftovers
|upkeep
|
|t:|1782418791
|switch|p1b: Metagross|Metagross-Mega, L50|50/100y
|turn|6
|
|t:|1782418799
|move|p2b: Aerodactyl|Rock Slide|p1b: Metagross|[spread] p1a,p1b
|-resisted|p1b: Metagross|1
|-damage|p1a: Milotic|28/100
|-damage|p1b: Metagross|41/100
|cant|p2a: Garchomp|slp
|move|p1b: Metagross|Iron Head|p2a: Garchomp
|-crit|p2a: Garchomp
|-damage|p2a: Garchomp|0 fnt
|-damage|p1b: Metagross|29/100|[from] ability: Rough Skin|[of] p2a: Garchomp
|faint|p2a: Garchomp
|move|p1a: Milotic|Hypnosis|p2b: Aerodactyl
|-status|p2b: Aerodactyl|slp|[from] move: Hypnosis
|
|-heal|p1a: Milotic|34/100|[from] item: Leftovers
|-sideend|p2: VenuDaAsco|move: Tailwind
|upkeep
|
|t:|1782418801
|switch|p2a: Gardevoir|Gardevoir, L50, F|100/100
|-ability|p2a: Gardevoir|Competitive|Trace|[from] ability: Trace|[of] p1a: Milotic
|turn|7
|
|t:|1782418807
|move|p2a: Gardevoir|Protect|p2a: Gardevoir
|-singleturn|p2a: Gardevoir|Protect
|cant|p2b: Aerodactyl|slp
|move|p1b: Metagross|Iron Head|p2a: Gardevoir
|-activate|p2a: Gardevoir|move: Protect
|move|p1a: Milotic|Muddy Water|p2a: Gardevoir|[spread] p2b
|-activate|p2a: Gardevoir|move: Protect
|-supereffective|p2b: Aerodactyl|1
|-damage|p2b: Aerodactyl|42/100 slp
|
|-heal|p1a: Milotic|40/100|[from] item: Leftovers
|upkeep
|turn|8
|
|t:|1782418832
|detailschange|p2a: Gardevoir|Gardevoir-Mega, L50, F
|-mega|p2a: Gardevoir|Gardevoir|Gardevoirite
|-curestatus|p2b: Aerodactyl|slp|[msg]
|move|p2b: Aerodactyl|Tailwind|p2b: Aerodactyl
|-sidestart|p2: VenuDaAsco|move: Tailwind
|move|p2a: Gardevoir|Mystical Fire|p1b: Metagross
|-supereffective|p1b: Metagross|1
|-damage|p1b: Metagross|0 fnt
|faint|p1b: Metagross
|move|p1a: Milotic|Hypnosis|p2a: Gardevoir|[miss]
|-miss|p1a: Milotic|p2a: Gardevoir
|
|-heal|p1a: Milotic|46/100|[from] item: Leftovers
|upkeep
|
|t:|1782418847
|switch|p1b: Hydreigon|Hydreigon, L50, M|100/100
|turn|9
|
|t:|1782418863
|move|p2b: Aerodactyl|Rock Slide|p1b: Hydreigon|[spread] p1a,p1b
|-damage|p1a: Milotic|34/100
|-damage|p1b: Hydreigon|73/100
|move|p2a: Gardevoir|Hyper Voice|p1b: Hydreigon|[spread] p1a,p1b
|-supereffective|p1b: Hydreigon|2
|-damage|p1a: Milotic|4/100
|-damage|p1b: Hydreigon|0 fnt
|faint|p1b: Hydreigon
|move|p1a: Milotic|Hypnosis|p2a: Gardevoir
|-status|p2a: Gardevoir|slp|[from] move: Hypnosis
|
|-heal|p1a: Milotic|10/100|[from] item: Leftovers
|upkeep
|turn|10
|
|t:|1782418872
|move|p1a: Milotic|Protect|p1a: Milotic
|-singleturn|p1a: Milotic|Protect
|move|p2b: Aerodactyl|Dual Wingbeat|p1a: Milotic
|-activate|p1a: Milotic|move: Protect
|cant|p2a: Gardevoir|slp
|
|-heal|p1a: Milotic|16/100|[from] item: Leftovers
|upkeep
|turn|11
|
|t:|1782418878
|move|p2b: Aerodactyl|Rock Slide|p1a: Milotic
|-damage|p1a: Milotic|1/100
|cant|p2a: Gardevoir|slp
|cant|p1a: Milotic|flinch
|
|-heal|p1a: Milotic|6/100|[from] item: Leftovers
|-sideend|p2: VenuDaAsco|move: Tailwind
|upkeep
|turn|12
|-message|poodle sundae forfeited.
|raw|poodle sundae's rating: 1318 → 1297(-21 for losing)
|raw|VenuDaAsco's rating: 1299 → 1325(+26 for winning)
|
|win|VenuDaAsco
