|j|☆r4ka
|j|☆DanielderKonig
|html|r4kaDanielderKonig    
|uhtml|bestof|Game 1 of a best-of-3
|t:|1756642383
|gametype|doubles
|player|p1|r4ka|169|1131
|player|p2|DanielderKonig|2|1048
|gen|9
|tier|[Gen 9] VGC 2025 Reg H (Bo3)
|rated|
|rule|Species Clause: Limit one of each Pokémon
|rule|Item Clause: Limit 1 of each item
|clearpoke
|poke|p1|Rillaboom, L50, M|
|poke|p1|Dragonite, L50, M|
|poke|p1|Sneasler, L50, F|
|poke|p1|Kingambit, L50, M|
|poke|p1|Electabuzz, L50, M|
|poke|p1|Volcarona, L50, M|
|poke|p2|Dragonite, L50, F|
|poke|p2|Ursaluna-Bloodmoon, L50, M|
|poke|p2|Gholdengo, L50|
|poke|p2|Incineroar, L50, M|
|poke|p2|Rillaboom, L50, M|
|poke|p2|Sneasler, L50, M|
|teampreview|4
|showteam|p1|Rillaboom||AssaultVest|GrassySurge|FakeOut,HighHorsepower,WoodHammer,GrassyGlide|||M|||50|,,,,,Fire]Dragonite||LoadedDice|Multiscale|ExtremeSpeed,ScaleShot,Protect,Haze|||M|||50|,,,,,Steel]Sneasler||FocusSash|PoisonTouch|DireClaw,CloseCombat,FakeOut,Coaching|||F|||50|,,,,,Stellar]Kingambit||BlackGlasses|Defiant|KowtowCleave,SuckerPunch,SwordsDance,Protect|||M|||50|,,,,,Dark]Electabuzz||Eviolite|VitalSpirit|Thunderbolt,Taunt,Protect,FollowMe|||M|||50|,,,,,Ghost]Volcarona||Leftovers|FlameBody|HeatWave,TeraBlast,QuiverDance,Protect|||M|||50|,,,,,Fairy
|showteam|p2|Dragonite||LoadedDice|Multiscale|ScaleShot,Tailwind,Haze,Protect|||F|||50|,,,,,Steel]Ursaluna-Bloodmoon||CovertCloak|MindsEye|BloodMoon,EarthPower,HyperVoice,Protect|||M|||50|,,,,,Poison]Gholdengo||LifeOrb|GoodasGold|MakeItRain,ShadowBall,NastyPlot,Protect||||||50|,,,,,Water]Incineroar||SafetyGoggles|Intimidate|FlareBlitz,KnockOff,FakeOut,PartingShot|||M|||50|,,,,,Water]Rillaboom||AssaultVest|GrassySurge|WoodHammer,GrassyGlide,HighHorsepower,FakeOut|||M|||50|,,,,,Fire]Sneasler||FocusSash|PoisonTouch|CloseCombat,DireClaw,ThroatChop,Protect|||M|||50|,,,,,Stellar
|inactive|Battle timer is ON: inactive players will automatically lose when time's up. (requested by r4ka)
|inactive|r4ka has 60 seconds left.
|
|t:|1756642433
|teamsize|p1|4
|teamsize|p2|4
|start
|switch|p1a: Rillaboom|Rillaboom, L50, M|100/100
|switch|p1b: Volcarona|Volcarona, L50, M|100/100
|switch|p2a: Rillaboom|Rillaboom, L50, M|100/100
|switch|p2b: Ursaluna|Ursaluna-Bloodmoon, L50, M|100/100
|-fieldstart|move: Grassy Terrain|[from] ability: Grassy Surge|[of] p1a: Rillaboom
|turn|1
|
|t:|1756642451
|move|p1a: Rillaboom|Fake Out|p2b: Ursaluna
|-damage|p2b: Ursaluna|90/100
|move|p2a: Rillaboom|Fake Out|p1a: Rillaboom
|-damage|p1a: Rillaboom|88/100
|move|p1b: Volcarona|Quiver Dance|p1b: Volcarona
|-boost|p1b: Volcarona|spa|1
|-boost|p1b: Volcarona|spd|1
|-boost|p1b: Volcarona|spe|1
|move|p2b: Ursaluna|Earth Power|p1b: Volcarona
|-damage|p1b: Volcarona|68/100
|
|-heal|p1b: Volcarona|74/100|[from] Grassy Terrain
|-heal|p1b: Volcarona|81/100|[from] item: Leftovers
|-heal|p1a: Rillaboom|94/100|[from] Grassy Terrain
|-heal|p2b: Ursaluna|97/100|[from] Grassy Terrain
|upkeep
|turn|2
|
|t:|1756642472
|-terastallize|p2a: Rillaboom|Fire
|move|p1b: Volcarona|Quiver Dance|p1b: Volcarona
|-boost|p1b: Volcarona|spa|1
|-boost|p1b: Volcarona|spd|1
|-boost|p1b: Volcarona|spe|1
|move|p1a: Rillaboom|Wood Hammer|p2b: Ursaluna
|-supereffective|p2b: Ursaluna
|-damage|p2b: Ursaluna|0 fnt
|faint|p2b: Ursaluna
|-damage|p1a: Rillaboom|61/100|[from] Recoil
|move|p2a: Rillaboom|High Horsepower|p1b: Volcarona
|-damage|p1b: Volcarona|45/100
|
|-heal|p1b: Volcarona|51/100|[from] Grassy Terrain
|-heal|p1b: Volcarona|57/100|[from] item: Leftovers
|-heal|p1a: Rillaboom|67/100|[from] Grassy Terrain
|upkeep
|
|t:|1756642486
|switch|p2b: Sneasler|Sneasler, L50, M|100/100
|turn|3
|
|t:|1756642495
|move|p1b: Volcarona|Protect|p1b: Volcarona
|-singleturn|p1b: Volcarona|Protect
|move|p1a: Rillaboom|Grassy Glide|p2b: Sneasler
|-resisted|p2b: Sneasler
|-damage|p2b: Sneasler|70/100
|move|p2b: Sneasler|Dire Claw|p1b: Volcarona
|-activate|p1b: Volcarona|move: Protect
|move|p2a: Rillaboom|High Horsepower|p1b: Volcarona
|-activate|p1b: Volcarona|move: Protect
|
|-heal|p1b: Volcarona|64/100|[from] Grassy Terrain
|-heal|p1b: Volcarona|70/100|[from] item: Leftovers
|-heal|p2b: Sneasler|76/100|[from] Grassy Terrain
|-heal|p1a: Rillaboom|73/100|[from] Grassy Terrain
|upkeep
|turn|4
|
|t:|1756642512
|move|p1b: Volcarona|Heat Wave|p2b: Sneasler|[spread] p2a
|-miss|p1b: Volcarona|p2b: Sneasler
|-resisted|p2a: Rillaboom
|-damage|p2a: Rillaboom|75/100
|move|p2b: Sneasler|Dire Claw|p1b: Volcarona
|-damage|p1b: Volcarona|25/100
|-status|p1b: Volcarona|psn
|-status|p2b: Sneasler|brn|[from] ability: Flame Body|[of] p1b: Volcarona
|move|p2a: Rillaboom|High Horsepower|p1b: Volcarona|[miss]
|-miss|p2a: Rillaboom|p1b: Volcarona
|move|p1a: Rillaboom|High Horsepower|p2a: Rillaboom
|-supereffective|p2a: Rillaboom
|-damage|p2a: Rillaboom|15/100
|
|-heal|p1b: Volcarona|31/100 psn|[from] Grassy Terrain
|-heal|p1b: Volcarona|37/100 psn|[from] item: Leftovers
|-heal|p2b: Sneasler|82/100 brn|[from] Grassy Terrain
|-heal|p1a: Rillaboom|79/100|[from] Grassy Terrain
|-heal|p2a: Rillaboom|21/100|[from] Grassy Terrain
|-damage|p1b: Volcarona|25/100 psn|[from] psn
|-damage|p2b: Sneasler|76/100 brn|[from] brn
|upkeep
|turn|5
|inactive|DanielderKonig has 30 seconds left.
|
|t:|1756642538
|move|p1b: Volcarona|Protect|p1b: Volcarona
|-singleturn|p1b: Volcarona|Protect
|move|p2b: Sneasler|Protect|p2b: Sneasler
|-singleturn|p2b: Sneasler|Protect
|move|p2a: Rillaboom|Wood Hammer|p1b: Volcarona
|-activate|p1b: Volcarona|move: Protect
|move|p1a: Rillaboom|High Horsepower|p2b: Sneasler
|-activate|p2b: Sneasler|move: Protect
|
|-heal|p1b: Volcarona|31/100 psn|[from] Grassy Terrain
|-heal|p1b: Volcarona|37/100 psn|[from] item: Leftovers
|-heal|p2b: Sneasler|82/100 brn|[from] Grassy Terrain
|-heal|p2a: Rillaboom|27/100|[from] Grassy Terrain
|-heal|p1a: Rillaboom|85/100|[from] Grassy Terrain
|-damage|p1b: Volcarona|25/100 psn|[from] psn
|-damage|p2b: Sneasler|76/100 brn|[from] brn
|-fieldend|move: Grassy Terrain
|upkeep
|turn|6
|
|t:|1756642555
|move|p2b: Sneasler|Protect||[still]
|-fail|p2b: Sneasler
|move|p1b: Volcarona|Heat Wave|p2a: Rillaboom|[spread] p2a,p2b
|-resisted|p2a: Rillaboom
|-damage|p2a: Rillaboom|0 fnt
|-damage|p2b: Sneasler|0 fnt
|faint|p2a: Rillaboom
|faint|p2b: Sneasler
|move|p1a: Rillaboom|High Horsepower|p2: Rillaboom|[notarget]
|-fail|p1a: Rillaboom
|
|-heal|p1b: Volcarona|31/100 psn|[from] item: Leftovers
|-damage|p1b: Volcarona|19/100 psn|[from] psn
|upkeep
|-message|DanielderKonig forfeited.
|
|win|r4ka
|l|☆DanielderKonig
|player|p2|
||r4ka is ready for game 2.
||DanielderKonig is ready for game 2.
|uhtml|next|Next: Game 2 of 3
