|j|â˜†fratencio
|j|â˜†TheThunderstorm
|html|fratencioTheThunderstorm    
|uhtml|bestof|Game 1 of a best-of-3
|t:|1786129551
|gametype|doubles
|player|p1|fratencio|2|1047
|player|p2|TheThunderstorm|265|1148
|gen|9
|tier|[Gen 9 Champions] VGC 2026 Reg M-B (Bo3)
|rated|
|rule|Species Clause: Limit one of each PokÃ©mon
|rule|Item Clause: Limit 1 of each item
|clearpoke
|poke|p1|Slowbro, L50, F|
|poke|p1|Raichu, L50, F, shiny|
|poke|p1|Mawile, L50, F|
|poke|p1|Houndoom, L50, M|
|poke|p1|Altaria, L50, M|
|poke|p1|Sceptile, L50, F, shiny|
|poke|p2|Staraptor, L50, M|
|poke|p2|Garchomp, L50, M|
|poke|p2|Whimsicott, L50, M|
|poke|p2|Delphox, L50, M|
|poke|p2|Glimmora, L50, M|
|poke|p2|Kingambit, L50, M|
|teampreview|4
|showteam|p1|Slowbro||Leftovers|Regenerator|MuddyWater,PsychicNoise,ShadowBall,TrickRoom|Calm||F|||50|]Raichu||RaichuniteX|LightningRod|Feint,FakeOut,VoltSwitch,BrickBreak|Jolly||F|||50|]Mawile||Mawilite|Intimidate|SwordsDance,IronHead,PlayRough,IcyWind|Jolly||F|||50|]Houndoom||Houndoominite|FlashFire|Protect,FireSpin,SuckerPunch,Snarl|Serious||M|||50|]Altaria||YacheBerry|CloudNine|IceBeam,DragonDance,DracoMeteor,Earthquake|Jolly||M|||50|]Sceptile||FocusSash|Unburden|Synthesis,ThunderPunch,Agility,BulletSeed|Adamant||F|||50|
|showteam|p2|Staraptor||Staraptite|Intimidate|Protect,Roost,CloseCombat,BraveBird|Jolly||M|||50|]Garchomp||LifeOrb|RoughSkin|Protect,RockSlide,Earthquake,DragonClaw|Jolly||M|||50|]Whimsicott||OccaBerry|Prankster|Moonblast,Tailwind,Charm,LightScreen|Timid||M|||50|]Delphox||Delphoxite|Magician|Protect,Psychic,HeatWave,Substitute|Timid||M|||50|]Glimmora||FocusSash|ToxicDebris|SpikyShield,SludgeBomb,EarthPower,PowerGem|Timid||M|||50|]Kingambit||ChopleBerry|Defiant|SuckerPunch,LowKick,IronHead,KowtowCleave|Adamant||M|||50|
|
|t:|1786129611
|teamsize|p1|4
|teamsize|p2|4
|start
|switch|p1a: Slowbro|Slowbro, L50, F|100/100
|switch|p1b: Mawile|Mawile, L50, F|100/100
|switch|p2a: Staraptor|Staraptor, L50, M|100/100
|switch|p2b: Whimsicott|Whimsicott, L50, M|100/100
|-ability|p2a: Staraptor|Intimidate|boost
|-unboost|p1a: Slowbro|atk|1
|-unboost|p1b: Mawile|atk|1
|-ability|p1b: Mawile|Intimidate|boost
|-unboost|p2a: Staraptor|atk|1
|-unboost|p2b: Whimsicott|atk|1
|turn|1
|inactive|Battle timer is ON: inactive players will automatically lose when time's up. (requested by TheThunderstorm)
|
|t:|1786129632
|switch|p1a: Houndoom|Houndoom, L50, M|100/100
|detailschange|p2a: Staraptor|Staraptor-Mega, L50, M
|-mega|p2a: Staraptor|Staraptor|Staraptite
|detailschange|p1b: Mawile|Mawile-Mega, L50, F
|-mega|p1b: Mawile|Mawile|Mawilite
|move|p2b: Whimsicott|Charm|p2a: Staraptor
|-boost|p2a: Staraptor|atk|2
|move|p2a: Staraptor|Close Combat|p1b: Mawile
|-damage|p1b: Mawile|5/100
|-boost|p2a: Staraptor|def|1
|-boost|p2a: Staraptor|spd|1
|move|p1b: Mawile|Play Rough|p2a: Staraptor
|-supereffective|p2a: Staraptor|1
|-damage|p2a: Staraptor|46/100
|
|upkeep
|turn|2
|inactive|fratencio has 30 seconds left.
|inactive|TheThunderstorm has 30 seconds left.
|inactive|TheThunderstorm has 20 seconds left.
|inactive|TheThunderstorm has 15 seconds left.
|
|t:|1786129674
|switch|p1b: Slowbro|Slowbro, L50, F|100/100
|move|p2a: Staraptor|Protect|p2a: Staraptor
|-singleturn|p2a: Staraptor|Protect
|move|p2b: Whimsicott|Tailwind|p2b: Whimsicott
|-sidestart|p2: TheThunderstorm|move: Tailwind
|move|p1a: Houndoom|Fire Spin|p2a: Staraptor
|-activate|p2a: Staraptor|move: Protect
|
|upkeep
|turn|3
|
|t:|1786129697
|switch|p2b: Glimmora|Glimmora, L50, M|100/100
|move|p2a: Staraptor|Roost|p2a: Staraptor
|-heal|p2a: Staraptor|96/100
|-singleturn|p2a: Staraptor|move: Roost
|move|p1a: Houndoom|Fire Spin|p2a: Staraptor
|-damage|p2a: Staraptor|86/100
|-activate|p2a: Staraptor|move: Fire Spin|[of] p1a: Houndoom
|move|p1b: Slowbro|Trick Room|p1b: Slowbro
|-fieldstart|move: Trick Room|[of] p1b: Slowbro
|
|-damage|p2a: Staraptor|74/100|[from] move: Fire Spin|[partiallytrapped]
|upkeep
|turn|4
|inactive|fratencio has 30 seconds left.
|inactive|TheThunderstorm has 30 seconds left.
|inactive|TheThunderstorm has 20 seconds left.
|inactive|TheThunderstorm has 15 seconds left.
|inactive|TheThunderstorm has 10 seconds left.
|inactive|fratencio has 20 seconds left.
|inactive|TheThunderstorm has 5 seconds left.
|inactive|fratencio has 15 seconds left.
|inactive|fratencio has 10 seconds left.
|
|t:|1786129760
|move|p1b: Slowbro|Psychic Noise|p2a: Staraptor
|-supereffective|p2a: Staraptor|1
|-crit|p2a: Staraptor
|-damage|p2a: Staraptor|0 fnt
|faint|p2a: Staraptor
|move|p1a: Houndoom|Snarl|p2b: Glimmora
|-damage|p2b: Glimmora|73/100
|-unboost|p2b: Glimmora|spa|1
|move|p2b: Glimmora|Sludge Bomb|p1b: Slowbro
|-damage|p1b: Slowbro|73/100
|
|-heal|p1b: Slowbro|79/100|[from] item: Leftovers
|upkeep
|c|â˜†fratencio|Lol
|c|â˜†fratencio|Thats crit
|
|t:|1786129782
|switch|p2a: Garchomp|Garchomp, L50, M|100/100
|turn|5
|
|t:|1786129797
|move|p2b: Glimmora|Spiky Shield|p2b: Glimmora
|-singleturn|p2b: Glimmora|move: Protect
|move|p1b: Slowbro|Muddy Water|p2b: Glimmora|[spread] 
|-activate|p2b: Glimmora|move: Protect
|-miss|p1b: Slowbro|p2a: Garchomp
|move|p1a: Houndoom|Fire Spin|p2a: Garchomp
|-resisted|p2a: Garchomp|1
|-damage|p2a: Garchomp|92/100
|-activate|p2a: Garchomp|move: Fire Spin|[of] p1a: Houndoom
|move|p2a: Garchomp|Earthquake|p1b: Slowbro|[spread] p1a,p1b
|-activate|p2b: Glimmora|move: Protect
|-supereffective|p1a: Houndoom|1
|-damage|p1a: Houndoom|0 fnt
|-damage|p1b: Slowbro|42/100
|faint|p1a: Houndoom
|-damage|p2a: Garchomp|83/100|[from] item: Life Orb
|
|-heal|p1b: Slowbro|48/100|[from] item: Leftovers
|-end|p2a: Garchomp|Fire Spin|[partiallytrapped]|[silent]
|-sideend|p2: TheThunderstorm|move: Tailwind
|upkeep
|
|t:|1786129814
|switch|p1a: Mawile|Mawile-Mega, L50, F|5/100
|turn|6
|inactive|TheThunderstorm has 30 seconds left.
|
|t:|1786129840
|switch|p2b: Whimsicott|Whimsicott, L50, M|100/100
|move|p1b: Slowbro|Muddy Water|p2a: Garchomp|[spread] p2a,p2b
|-resisted|p2b: Whimsicott|1
|-damage|p2a: Garchomp|53/100
|-damage|p2b: Whimsicott|80/100
|-unboost|p2a: Garchomp|accuracy|1
|move|p1a: Mawile|Iron Head|p2b: Whimsicott
|-supereffective|p2b: Whimsicott|1
|-damage|p2b: Whimsicott|0 fnt
|faint|p2b: Whimsicott
|move|p2a: Garchomp|Earthquake|p1a: Mawile|[spread] p1a,p1b
|-supereffective|p1a: Mawile|1
|-damage|p1a: Mawile|0 fnt
|-damage|p1b: Slowbro|4/100
|faint|p1a: Mawile
|-damage|p2a: Garchomp|43/100|[from] item: Life Orb
|
|-heal|p1b: Slowbro|10/100|[from] item: Leftovers
|upkeep
|
|t:|1786129856
|switch|p1a: Altaria|Altaria, L50, M|100/100
|switch|p2b: Glimmora|Glimmora, L50, M|73/100
|-ability|p1a: Altaria|Cloud Nine
|turn|7
|
|t:|1786129874
|move|p2b: Glimmora|Spiky Shield|p2b: Glimmora
|-singleturn|p2b: Glimmora|move: Protect
|move|p2a: Garchomp|Protect|p2a: Garchomp
|-singleturn|p2a: Garchomp|Protect
|move|p1b: Slowbro|Muddy Water|p2b: Glimmora|[spread] 
|-activate|p2a: Garchomp|move: Protect
|-activate|p2b: Glimmora|move: Protect
|move|p1a: Altaria|Dragon Dance|p1a: Altaria
|-boost|p1a: Altaria|atk|1
|-boost|p1a: Altaria|spe|1
|
|-heal|p1b: Slowbro|16/100|[from] item: Leftovers
|-fieldend|move: Trick Room
|upkeep
|turn|8
|
|t:|1786129894
|move|p1a: Altaria|Ice Beam|p2a: Garchomp
|-supereffective|p2a: Garchomp|2
|-damage|p2a: Garchomp|0 fnt
|faint|p2a: Garchomp
|move|p2b: Glimmora|Power Gem|p1a: Altaria
|-supereffective|p1a: Altaria|1
|-damage|p1a: Altaria|24/100
|move|p1b: Slowbro|Trick Room|p1b: Slowbro
|-fieldstart|move: Trick Room|[of] p1b: Slowbro
|
|-heal|p1b: Slowbro|22/100|[from] item: Leftovers
|upkeep
|turn|9
|
|t:|1786129911
|move|p1b: Slowbro|Psychic Noise|p2b: Glimmora
|-supereffective|p2b: Glimmora|1
|-damage|p2b: Glimmora|0 fnt
|faint|p2b: Glimmora
|
|win|fratencio
||TheThunderstorm is ready for game 2.
