|j|☆spellbreakvgc
|j|☆friesejung
|html|spellbreakvgcfriesejung    
|uhtml|bestof|Game 3 of a best-of-3
|t:|1757803489
|gametype|doubles
|player|p1|spellbreakvgc|lance|1079
|player|p2|friesejung|crasherwake|1178
|gen|9
|tier|[Gen 9] VGC 2025 Reg H (Bo3)
|rated|
|rule|Species Clause: Limit one of each Pokémon
|rule|Item Clause: Limit 1 of each item
|clearpoke
|poke|p1|Dachsbun, L50, M|
|poke|p1|Typhlosion-Hisui, L50, M|
|poke|p1|Whimsicott, L50, F|
|poke|p1|Baxcalibur, L50, M|
|poke|p1|Ninetales-Alola, L50, M|
|poke|p1|Dondozo, L50, M|
|poke|p2|Armarouge, L50, F|
|poke|p2|Indeedee-F, L50, F|
|poke|p2|Ursaluna-Bloodmoon, L50, M|
|poke|p2|Gallade, L50, M|
|poke|p2|Torkoal, L50, F|
|poke|p2|Talonflame, L50, F|
|teampreview|4
|showteam|p1|Dachsbun||Leftovers|WellBakedBody|BodyPress,Snarl,Substitute,Protect|||M|||50|,,,,,Steel]Typhlosion-Hisui||ChoiceScarf|Frisk|Eruption,ShadowBall,Flamethrower,LavaPlume|||M|||50|,,,,,Fire]Whimsicott||CovertCloak|Prankster|Moonblast,Tailwind,LightScreen,SunnyDay|||F|||50|,,,,,Poison]Baxcalibur||LoadedDice|ThermalExchange|ScaleShot,IcicleSpear,IceShard,Protect|||M|||50|,,,,,Water]Ninetales-Alola||LightClay|SnowWarning|AuroraVeil,FreezeDry,Blizzard,Protect|||M|||50|,,,,,Ghost]Dondozo||SitrusBerry|Unaware|Yawn,Fissure,Liquidation,Protect|||M|||50|,,,,,Water
|showteam|p2|Armarouge||WeaknessPolicy|FlashFire|ArmorCannon,ExpandingForce,AuraSphere,TrickRoom|||F|||50|,,,,,Grass]Indeedee-F||PsychicSeed|PsychicSurge|Psychic,FollowMe,HelpingHand,TrickRoom|||F|||50|,,,,,Grass]Ursaluna-Bloodmoon||LifeOrb|MindsEye|EarthPower,HyperVoice,Protect,BloodMoon|||M|||50|,,,,,Normal]Gallade||ClearAmulet|Sharpness|PsychoCut,SacredSword,Protect,TrickRoom|||M|||50|,,,,,Fire]Torkoal||Charcoal|Drought|Eruption,HeatWave,WeatherBall,ClearSmog|||F|||50|,,,,,Fire]Talonflame||CovertCloak|GaleWings|DualWingbeat,Tailwind,WillOWisp,Protect|||F|||50|,,,,,Fairy
|inactive|Battle timer is ON: inactive players will automatically lose when time's up. (requested by spellbreakvgc)
|
|t:|1757803505
|teamsize|p1|4
|teamsize|p2|4
|start
|switch|p1a: Typhlosion|Typhlosion-Hisui, L50, M|100/100
|switch|p1b: Dachsbun|Dachsbun, L50, M|100/100
|switch|p2a: Indeedee|Indeedee-F, L50, F|100/100
|switch|p2b: Armarouge|Armarouge, L50, F|100/100
|-item|p2a: Indeedee|Psychic Seed|[from] ability: Frisk|[of] p1a: Typhlosion
|-item|p2b: Armarouge|Weakness Policy|[from] ability: Frisk|[of] p1a: Typhlosion
|-fieldstart|move: Psychic Terrain|[from] ability: Psychic Surge|[of] p2a: Indeedee
|-enditem|p2a: Indeedee|Psychic Seed
|-boost|p2a: Indeedee|spd|1|[from] item: Psychic Seed
|turn|1
|
|t:|1757803523
|move|p2a: Indeedee|Follow Me|p2a: Indeedee
|-singleturn|p2a: Indeedee|move: Follow Me
|move|p1a: Typhlosion|Lava Plume|p2b: Armarouge|[spread] p2a
|-ability|p1b: Dachsbun|Well-Baked Body|boost
|-boost|p1b: Dachsbun|def|2
|-start|p2b: Armarouge|ability: Flash Fire
|-crit|p2a: Indeedee
|-damage|p2a: Indeedee|54/100
|move|p1b: Dachsbun|Snarl|p2b: Armarouge|[spread] p2a,p2b
|-supereffective|p2a: Indeedee
|-supereffective|p2b: Armarouge
|-damage|p2a: Indeedee|47/100
|-damage|p2b: Armarouge|89/100
|-unboost|p2a: Indeedee|spa|1
|-unboost|p2b: Armarouge|spa|1
|-enditem|p2b: Armarouge|Weakness Policy
|-boost|p2b: Armarouge|atk|2|[from] item: Weakness Policy
|-boost|p2b: Armarouge|spa|2|[from] item: Weakness Policy
|move|p2b: Armarouge|Trick Room|p2b: Armarouge
|-fieldstart|move: Trick Room|[of] p2b: Armarouge
|
|upkeep
|turn|2
|inactive|friesejung has 30 seconds left.
|
|t:|1757803555
|move|p1b: Dachsbun|Protect|p1b: Dachsbun
|-singleturn|p1b: Dachsbun|Protect
|move|p2a: Indeedee|Follow Me|p2a: Indeedee
|-singleturn|p2a: Indeedee|move: Follow Me
|move|p2b: Armarouge|Armor Cannon|p1b: Dachsbun
|-activate|p1b: Dachsbun|move: Protect
|move|p1a: Typhlosion|Lava Plume|p2b: Armarouge|[spread] p2a
|-activate|p1b: Dachsbun|move: Protect
|-immune|p2b: Armarouge|[from] ability: Flash Fire
|-damage|p2a: Indeedee|27/100
|
|upkeep
|turn|3
|
|t:|1757803571
|move|p2a: Indeedee|Helping Hand|p2b: Armarouge
|-singleturn|p2b: Armarouge|Helping Hand|[of] p2a: Indeedee
|move|p2b: Armarouge|Expanding Force|p1a: Typhlosion|[spread] p1a,p1b
|-damage|p1a: Typhlosion|0 fnt
|-damage|p1b: Dachsbun|0 fnt
|faint|p1a: Typhlosion
|faint|p1b: Dachsbun
|
|upkeep
|
|t:|1757803578
|switch|p1b: Baxcalibur|Baxcalibur, L50, M|100/100
|switch|p1a: Ninetales|Ninetales-Alola, L50, M|100/100
|-weather|Snowscape|[from] ability: Snow Warning|[of] p1a: Ninetales
|turn|4
|
|t:|1757803587
|move|p1b: Baxcalibur|Protect|p1b: Baxcalibur
|-singleturn|p1b: Baxcalibur|Protect
|move|p2a: Indeedee|Follow Me|p2a: Indeedee
|-singleturn|p2a: Indeedee|move: Follow Me
|move|p2b: Armarouge|Expanding Force|p1b: Baxcalibur|[spread] p1a
|-activate|p1b: Baxcalibur|move: Protect
|-damage|p1a: Ninetales|7/100
|move|p1a: Ninetales|Aurora Veil|p1a: Ninetales
|-sidestart|p1: spellbreakvgc|move: Aurora Veil
|
|-weather|Snowscape|[upkeep]
|upkeep
|turn|5
|
|t:|1757803603
|switch|p2a: Torkoal|Torkoal, L50, F|100/100
|-weather|SunnyDay|[from] ability: Drought|[of] p2a: Torkoal
|move|p1a: Ninetales|Protect|p1a: Ninetales
|-singleturn|p1a: Ninetales|Protect
|move|p2b: Armarouge|Armor Cannon|p1b: Baxcalibur
|-damage|p1b: Baxcalibur|0 fnt
|-unboost|p2b: Armarouge|def|1
|-unboost|p2b: Armarouge|spd|1
|faint|p1b: Baxcalibur
|
|-weather|SunnyDay|[upkeep]
|-fieldend|move: Trick Room
|-fieldend|move: Psychic Terrain
|upkeep
|turn|6
|-message|spellbreakvgc forfeited.
|
|win|friesejung
