|j|☆majordomo0001
|j|☆Ninjacoox
|html|majordomo0001Ninjacoox    
|uhtml|bestof|Game 3 of a best-of-3
|t:|1785374999
|gametype|doubles
|player|p1|majordomo0001|102|1201
|player|p2|Ninjacoox|rood|1127
|gen|9
|tier|[Gen 9 Champions] VGC 2026 Reg M-B (Bo3)
|rated|
|rule|Species Clause: Limit one of each Pokémon
|rule|Item Clause: Limit 1 of each item
|clearpoke
|poke|p1|Blaziken, L50, M, shiny|
|poke|p1|Kingambit, L50, M|
|poke|p1|Floette-Eternal, L50, F|
|poke|p1|Whimsicott, L50, F|
|poke|p1|Incineroar, L50, M|
|poke|p1|Basculegion, L50, M|
|poke|p2|Staraptor, L50, M|
|poke|p2|Sinistcha, L50|
|poke|p2|Maushold, L50|
|poke|p2|Kingambit, L50, F|
|poke|p2|Sneasler, L50, M|
|poke|p2|Delphox, L50, M|
|teampreview|4
|showteam|p1|Blaziken||Blazikenite|SpeedBoost|FlareBlitz,CloseCombat,RockSlide,Detect|Adamant||M|||50|]Kingambit||BlackGlasses|Defiant|SuckerPunch,KowtowCleave,IronHead,Protect|Adamant||M|||50|]Floette-Eternal||Floettite|FlowerVeil|Protect,DazzlingGleam,Moonblast,DrainingKiss|Timid||F|||50|]Whimsicott||FocusSash|Prankster|Tailwind,Moonblast,Encore,Protect|Timid||F|||50|]Incineroar||SitrusBerry|Intimidate|FakeOut,PartingShot,FlareBlitz,HelpingHand|Impish||M|||50|]Basculegion||ChoiceScarf|Adaptability|WaveCrash,LastRespects,AquaJet,FlipTurn|Jolly||M|||50|
|showteam|p2|Staraptor||Staraptite|Intimidate|CloseCombat,BraveBird,Roost,Protect|Adamant||M|||50|]Sinistcha||SitrusBerry|Hospitality|RagePowder,MatchaGotcha,Protect,LifeDew|Calm|||||50|]Maushold||LumBerry|FriendGuard|Encore,Charm,FollowMe,Protect|Timid|||||50|]Kingambit||BlackGlasses|Defiant|KowtowCleave,SuckerPunch,SwordsDance,Protect|Adamant||F|||50|]Sneasler||WhiteHerb|Unburden|CloseCombat,DireClaw,FakeOut,Feint|Jolly||M|||50|]Delphox||Delphoxite|Blaze|HeatWave,Psyshock,NastyPlot,Protect|Timid||M|||50|
|inactive|Battle timer is ON: inactive players will automatically lose when time's up. (requested by Ninjacoox)
|
|t:|1785375026
|teamsize|p1|4
|teamsize|p2|4
|start
|switch|p1a: Floette|Floette-Eternal, L50, F|100/100
|switch|p1b: Whimsicott|Whimsicott, L50, F|100/100
|switch|p2a: Maushold|Maushold, L50|100/100
|switch|p2b: Delphox|Delphox, L50, M|100/100
|turn|1
|
|t:|1785375044
|detailschange|p1a: Floette|Floette-Mega, L50, F
|-mega|p1a: Floette|Floette|Floettite
|-ability|p1a: Floette|Fairy Aura
|move|p2a: Maushold|Protect|p2a: Maushold
|-singleturn|p2a: Maushold|Protect
|move|p1b: Whimsicott|Tailwind|p1b: Whimsicott
|-sidestart|p1: majordomo0001|move: Tailwind
|move|p1a: Floette|Dazzling Gleam|p2b: Delphox|[spread] p2b
|-activate|p2a: Maushold|move: Protect
|-resisted|p2b: Delphox|1
|-damage|p2b: Delphox|82/100
|move|p2b: Delphox|Nasty Plot|p2b: Delphox
|-boost|p2b: Delphox|spa|2
|
|upkeep
|turn|2
|
|t:|1785375064
|detailschange|p2b: Delphox|Delphox-Mega, L50, M
|-mega|p2b: Delphox|Delphox|Delphoxite
|move|p2a: Maushold|Follow Me|p2a: Maushold
|-singleturn|p2a: Maushold|move: Follow Me
|move|p1b: Whimsicott|Encore|p2a: Maushold
|-start|p2a: Maushold|Encore
|move|p1a: Floette|Dazzling Gleam|p2a: Maushold|[spread] p2a,p2b
|-resisted|p2b: Delphox|1
|-damage|p2a: Maushold|39/100
|-damage|p2b: Delphox|67/100
|move|p2b: Delphox|Heat Wave|p1a: Floette|[spread] p1a,p1b
|-supereffective|p1b: Whimsicott|1
|-damage|p1a: Floette|30/100
|-enditem|p1b: Whimsicott|Focus Sash
|-damage|p1b: Whimsicott|1/100
|
|upkeep
|turn|3
|inactive|majordomo0001 has 30 seconds left.
|
|t:|1785375090
|move|p1b: Whimsicott|Protect|p1b: Whimsicott
|-singleturn|p1b: Whimsicott|Protect
|move|p2a: Maushold|Follow Me|p2a: Maushold
|-singleturn|p2a: Maushold|move: Follow Me
|move|p1a: Floette|Draining Kiss|p2a: Maushold
|-damage|p2a: Maushold|0 fnt
|-heal|p1a: Floette|62/100|[from] drain|[of] p2a: Maushold
|faint|p2a: Maushold
|move|p2b: Delphox|Heat Wave|p1b: Whimsicott|[spread] p1a
|-activate|p1b: Whimsicott|move: Protect
|-damage|p1a: Floette|0 fnt
|faint|p1a: Floette
|
|upkeep
|
|t:|1785375108
|switch|p2a: Sneasler|Sneasler, L50, M|100/100
|switch|p1a: Kingambit|Kingambit, L50, M|100/100
|turn|4
|
|t:|1785375119
|move|p1b: Whimsicott|Protect|p1b: Whimsicott
|-singleturn|p1b: Whimsicott|Protect
|move|p2b: Delphox|Protect|p2b: Delphox
|-singleturn|p2b: Delphox|Protect
|move|p1a: Kingambit|Protect|p1a: Kingambit
|-singleturn|p1a: Kingambit|Protect
|move|p2a: Sneasler|Fake Out|p1b: Whimsicott
|-activate|p1b: Whimsicott|move: Protect
|
|-sideend|p1: majordomo0001|move: Tailwind
|upkeep
|turn|5
|
|t:|1785375143
|move|p2a: Sneasler|Feint|p1b: Whimsicott
|-damage|p1b: Whimsicott|0 fnt
|faint|p1b: Whimsicott
|move|p1a: Kingambit|Sucker Punch||[still]
|-fail|p1a: Kingambit
|move|p2b: Delphox|Nasty Plot|p2b: Delphox
|-boost|p2b: Delphox|spa|2
|
|upkeep
|
|t:|1785375147
|switch|p1b: Basculegion|Basculegion, L50, M|100/100
|turn|6
|
|t:|1785375159
|switch|p2a: Kingambit|Kingambit, L50, F|100/100
|move|p1a: Kingambit|Sucker Punch|p2b: Delphox
|-supereffective|p2b: Delphox|1
|-damage|p2b: Delphox|0 fnt
|faint|p2b: Delphox
|move|p1b: Basculegion|Last Respects|p2a: Kingambit
|-resisted|p2a: Kingambit|1
|-damage|p2a: Kingambit|63/100
|
|upkeep
|
|t:|1785375163
|switch|p2b: Sneasler|Sneasler, L50, M|100/100
|turn|7
|
|t:|1785375181
|move|p2b: Sneasler|Fake Out|p1a: Kingambit
|-resisted|p1a: Kingambit|1
|-damage|p1a: Kingambit|95/100
|move|p2a: Kingambit|Sucker Punch|p1b: Basculegion
|-supereffective|p1b: Basculegion|1
|-damage|p1b: Basculegion|0 fnt
|faint|p1b: Basculegion
|cant|p1a: Kingambit|flinch
|
|upkeep
|turn|8
|
|t:|1785375188
|move|p2b: Sneasler|Close Combat|p1a: Kingambit
|-supereffective|p1a: Kingambit|2
|-crit|p1a: Kingambit
|-damage|p1a: Kingambit|0 fnt
|-unboost|p2b: Sneasler|def|1
|-unboost|p2b: Sneasler|spd|1
|faint|p1a: Kingambit
|
|win|Ninjacoox
|raw|majordomo0001's rating: 1201 → 1171(-30 for losing)
|raw|Ninjacoox's rating: 1127 → 1157(+30 for winning)
|l|☆majordomo0001
|player|p1|
