|j|☆Bay13
|j|☆ainhoavgc
|html|Bay13ainhoavgc    
|uhtml|bestof|Game 3 of a best-of-3
|t:|1784599757
|gametype|doubles
|player|p1|Bay13|2|1106
|player|p2|ainhoavgc|2|1231
|gen|9
|tier|[Gen 9 Champions] VGC 2026 Reg M-B (Bo3)
|rated|
|rule|Species Clause: Limit one of each Pokémon
|rule|Item Clause: Limit 1 of each item
|clearpoke
|poke|p1|Blastoise, L50, F|
|poke|p1|Archaludon, L50, M|
|poke|p1|Sinistcha-Masterpiece, L50|
|poke|p1|Incineroar, L50, M|
|poke|p1|Pelipper, L50, M|
|poke|p1|Falinks, L50|
|poke|p2|Sneasler, L50, M|
|poke|p2|Delphox, L50, M|
|poke|p2|Kingambit, L50, M|
|poke|p2|Sinistcha, L50|
|poke|p2|Incineroar, L50, M|
|poke|p2|Blastoise, L50, M|
|teampreview|4
|showteam|p1|Blastoise||Blastoisinite|Torrent|WaterSpout,DarkPulse,ShellSmash,Protect|Modest||F|||50|]Archaludon||LifeOrb|Stalwart|ElectroShot,DracoMeteor,FlashCannon,Protect|Timid||M|||50|]Sinistcha-Masterpiece||SitrusBerry|Hospitality|MatchaGotcha,RagePowder,TrickRoom,LifeDew|Relaxed|||||50|]Incineroar||WhiteHerb|Intimidate|FakeOut,FlareBlitz,CloseCombat,DarkestLariat|Adamant||M|||50|]Pelipper||FocusSash|Drizzle|WeatherBall,WideGuard,Tailwind,Protect|Bold||M|||50|]Falinks||Falinksite|Defiant|CloseCombat,KnockOff,NoRetreat,Protect|Jolly|||||50|
|showteam|p2|Sneasler||FocusSash|PoisonTouch|PoisonJab,QuickGuard,CloseCombat,FakeOut|Jolly||M|||50|]Delphox||Delphoxite|Blaze|HeatWave,Psychic,NastyPlot,Protect|Timid||M|||50|]Kingambit||LifeOrb|Defiant|KowtowCleave,SuckerPunch,SwordsDance,Protect|Adamant||M|||50|]Sinistcha||ColburBerry|Hospitality|MatchaGotcha,RagePowder,TrickRoom,Protect|Bold|||||50|]Incineroar||SitrusBerry|Intimidate|FlareBlitz,HelpingHand,PartingShot,FakeOut|Impish||M|||50|]Blastoise||Blastoisinite|RainDish|WaterSpout,DarkPulse,ShellSmash,Protect|Modest||M|||50|
|inactive|Battle timer is ON: inactive players will automatically lose when time's up. (requested by Bay13)
|
|t:|1784599786
|teamsize|p1|4
|teamsize|p2|4
|start
|switch|p1a: Sinistcha|Sinistcha-Masterpiece, L50|100/100
|switch|p1b: Falinks|Falinks, L50|100/100
|switch|p2a: Blastoise|Blastoise, L50, M|100/100
|switch|p2b: Sinistcha|Sinistcha, L50|100/100
|turn|1
|inactive|ainhoavgc has 30 seconds left.
|
|t:|1784599817
|switch|p2a: Incineroar|Incineroar, L50, M|100/100
|-ability|p2a: Incineroar|Intimidate|boost
|-unboost|p1a: Sinistcha|atk|1
|-unboost|p1b: Falinks|atk|1
|-ability|p1b: Falinks|Defiant|boost
|-boost|p1b: Falinks|atk|2
|detailschange|p1b: Falinks|Falinks-Mega, L50
|-mega|p1b: Falinks|Falinks|Falinksite
|move|p1b: Falinks|No Retreat|p1b: Falinks
|-boost|p1b: Falinks|atk|1
|-boost|p1b: Falinks|def|1
|-boost|p1b: Falinks|spa|1
|-boost|p1b: Falinks|spd|1
|-boost|p1b: Falinks|spe|1
|-start|p1b: Falinks|move: No Retreat
|move|p2b: Sinistcha|Matcha Gotcha|p1a: Sinistcha|[spread] p1a,p1b
|-resisted|p1a: Sinistcha|1
|-damage|p1a: Sinistcha|86/100
|-damage|p1b: Falinks|68/100
|-status|p1b: Falinks|brn
|move|p1a: Sinistcha|Matcha Gotcha|p2a: Incineroar|[spread] p2b
|-miss|p1a: Sinistcha|p2a: Incineroar
|-resisted|p2b: Sinistcha|1
|-damage|p2b: Sinistcha|88/100
|-heal|p1a: Sinistcha|92/100|[from] drain|[of] p2b: Sinistcha
|
|-damage|p1b: Falinks|62/100 brn|[from] brn
|upkeep
|turn|2
|
|t:|1784599839
|move|p1b: Falinks|Protect|p1b: Falinks
|-singleturn|p1b: Falinks|Protect
|move|p2b: Sinistcha|Rage Powder|p2b: Sinistcha
|-singleturn|p2b: Sinistcha|move: Rage Powder
|move|p2a: Incineroar|Parting Shot|p1b: Falinks
|-activate|p1b: Falinks|move: Protect
|move|p1a: Sinistcha|Life Dew|p1a: Sinistcha|[spread] p1a,p1b
|-heal|p1a: Sinistcha|100/100
|-heal|p1b: Falinks|88/100 brn
|
|-damage|p1b: Falinks|82/100 brn|[from] brn
|upkeep
|turn|3
|
|t:|1784599852
|move|p2b: Sinistcha|Rage Powder|p2b: Sinistcha
|-singleturn|p2b: Sinistcha|move: Rage Powder
|move|p1a: Sinistcha|Rage Powder|p1a: Sinistcha
|-singleturn|p1a: Sinistcha|move: Rage Powder
|move|p1b: Falinks|Knock Off|p2b: Sinistcha
|-supereffective|p2b: Sinistcha|1
|-enditem|p2b: Sinistcha|Colbur Berry|[eat]
|-enditem|p2b: Sinistcha|Colbur Berry|[weaken]
|-damage|p2b: Sinistcha|60/100
|move|p2a: Incineroar|Flare Blitz|p1a: Sinistcha
|-supereffective|p1a: Sinistcha|1
|-damage|p1a: Sinistcha|29/100
|-enditem|p1a: Sinistcha|Sitrus Berry|[eat]
|-heal|p1a: Sinistcha|53/100|[from] item: Sitrus Berry
|-damage|p2a: Incineroar|79/100|[from] Recoil
|
|-damage|p1b: Falinks|76/100 brn|[from] brn
|upkeep
|turn|4
|
|t:|1784599871
|switch|p1a: Pelipper|Pelipper, L50, M|100/100
|-weather|RainDance|[from] ability: Drizzle|[of] p1a: Pelipper
|move|p2b: Sinistcha|Rage Powder|p2b: Sinistcha
|-singleturn|p2b: Sinistcha|move: Rage Powder
|move|p1b: Falinks|Knock Off|p2b: Sinistcha
|-supereffective|p2b: Sinistcha|1
|-damage|p2b: Sinistcha|20/100y
|move|p2a: Incineroar|Parting Shot|p1a: Pelipper
|-unboost|p1a: Pelipper|atk|1
|-unboost|p1a: Pelipper|spa|1
|
|t:|1784599874
|switch|p2a: Blastoise|Blastoise, L50, M|100/100|[from] Parting Shot
|
|-weather|RainDance|[upkeep]
|-damage|p1b: Falinks|71/100 brn|[from] brn
|upkeep
|turn|5
|
|t:|1784599887
|detailschange|p2a: Blastoise|Blastoise-Mega, L50, M
|-mega|p2a: Blastoise|Blastoise|Blastoisinite
|move|p1a: Pelipper|Wide Guard|p1a: Pelipper
|-singleturn|p1a: Pelipper|Wide Guard
|move|p2b: Sinistcha|Rage Powder|p2b: Sinistcha
|-singleturn|p2b: Sinistcha|move: Rage Powder
|move|p1b: Falinks|Knock Off|p2b: Sinistcha
|-supereffective|p2b: Sinistcha|1
|-damage|p2b: Sinistcha|0 fnt
|faint|p2b: Sinistcha
|move|p2a: Blastoise|Shell Smash|p2a: Blastoise
|-unboost|p2a: Blastoise|def|1
|-unboost|p2a: Blastoise|spd|1
|-boost|p2a: Blastoise|atk|2
|-boost|p2a: Blastoise|spa|2
|-boost|p2a: Blastoise|spe|2
|
|-weather|RainDance|[upkeep]
|-damage|p1b: Falinks|65/100 brn|[from] brn
|upkeep
|
|t:|1784599890
|switch|p2b: Sneasler|Sneasler, L50, M|100/100
|turn|6
|
|t:|1784599899
|move|p1b: Falinks|Protect|p1b: Falinks
|-singleturn|p1b: Falinks|Protect
|move|p1a: Pelipper|Protect|p1a: Pelipper
|-singleturn|p1a: Pelipper|Protect
|move|p2b: Sneasler|Fake Out|p1a: Pelipper
|-activate|p1a: Pelipper|move: Protect
|move|p2a: Blastoise|Water Spout|p1a: Pelipper|[spread] 
|-activate|p1a: Pelipper|move: Protect
|-activate|p1b: Falinks|move: Protect
|
|-weather|RainDance|[upkeep]
|-damage|p1b: Falinks|59/100 brn|[from] brn
|upkeep
|turn|7
|
|t:|1784599906
|move|p1a: Pelipper|Wide Guard|p1a: Pelipper
|-singleturn|p1a: Pelipper|Wide Guard
|move|p2a: Blastoise|Dark Pulse|p1b: Falinks
|-resisted|p1b: Falinks|1
|-damage|p1b: Falinks|0 fnt
|faint|p1b: Falinks
|move|p2b: Sneasler|Close Combat|p1a: Pelipper
|-resisted|p1a: Pelipper|1
|-damage|p1a: Pelipper|77/100
|-unboost|p2b: Sneasler|def|1
|-unboost|p2b: Sneasler|spd|1
|
|-weather|RainDance|[upkeep]
|upkeep
|
|t:|1784599920
|switch|p1b: Archaludon|Archaludon, L50, M|100/100
|turn|8
|
|t:|1784599928
|move|p1b: Archaludon|Protect|p1b: Archaludon
|-singleturn|p1b: Archaludon|Protect
|move|p2a: Blastoise|Dark Pulse|p1a: Pelipper
|-damage|p1a: Pelipper|0 fnt
|faint|p1a: Pelipper
|move|p2b: Sneasler|Close Combat|p1b: Archaludon
|-activate|p1b: Archaludon|move: Protect
|
|-weather|none
|upkeep
|
|t:|1784599930
|switch|p1a: Sinistcha|Sinistcha-Masterpiece, L50|53/100
|turn|9
|c|☆ainhoavgc|gg
|
|t:|1784599940
|move|p2a: Blastoise|Dark Pulse|p1a: Sinistcha
|-supereffective|p1a: Sinistcha|1
|-damage|p1a: Sinistcha|0 fnt
|faint|p1a: Sinistcha
|move|p2b: Sneasler|Close Combat|p1b: Archaludon
|-supereffective|p1b: Archaludon|1
|-damage|p1b: Archaludon|0 fnt
|-unboost|p2b: Sneasler|def|1
|-unboost|p2b: Sneasler|spd|1
|faint|p1b: Archaludon
|
|win|ainhoavgc
|raw|Bay13's rating: 1106 → 1090(-16 for losing)
|raw|ainhoavgc's rating: 1231 → 1247(+16 for winning)
|l|☆Bay13
|player|p1|
