|j|☆pilalazer
|j|☆Luisnm01
|html|pilalazerLuisnm01    
|uhtml|bestof|Game 1 of a best-of-3
|t:|1785935174
|gametype|doubles
|player|p1|pilalazer|170|1000
|player|p2|Luisnm01|265|1096
|gen|9
|tier|[Gen 9 Champions] VGC 2026 Reg M-B (Bo3)
|rated|
|rule|Species Clause: Limit one of each Pokémon
|rule|Item Clause: Limit 1 of each item
|clearpoke
|poke|p1|Delphox, L50, F|
|poke|p1|Rotom-Wash, L50|
|poke|p1|Garchomp, L50, M|
|poke|p1|Whimsicott, L50, M|
|poke|p1|Kingambit, L50, M|
|poke|p1|Talonflame, L50, M|
|poke|p2|Archaludon, L50, F|
|poke|p2|Pelipper, L50, M|
|poke|p2|Swampert, L50, F|
|poke|p2|Sinistcha, L50|
|poke|p2|Sableye, L50, M|
|poke|p2|Primarina, L50, F|
|teampreview|4
|showteam|p1|Delphox||Delphoxite|Blaze|Protect,NastyPlot,Psychic,HeatWave|Timid||F|||50|]Rotom-Wash||LifeOrb|Levitate|Protect,VoltSwitch,Thunderbolt,HydroPump|Timid|||||50|]Garchomp||ChoiceScarf|RoughSkin|Earthquake,ScaleShot,DragonClaw,RockSlide|Jolly||M|||50|]Whimsicott||FocusSash|Prankster|Protect,Taunt,Tailwind,DazzlingGleam|Modest||M|||50|]Kingambit||ExpertBelt|Defiant|Protect,SuckerPunch,KowtowCleave,IronHead|Adamant||M|||50|]Talonflame|||GaleWings|Protect,SunnyDay,Acrobatics,FlareBlitz|Jolly||M|||50|
|showteam|p2|Archaludon||Leftovers|Stamina|Protect,ElectroShot,FlashCannon,DragonPulse|Modest||F|||50|]Pelipper||LifeOrb|Drizzle|Protect,Hurricane,WeatherBall,Tailwind|Timid||M|||50|]Swampert||Swampertite|Damp|Blizzard,Earthquake,WaveCrash,FlipTurn|Adamant||F|||50|]Sinistcha||KasibBerry|Hospitality|RagePowder,MatchaGotcha,LifeDew,TrickRoom|Bold|||||50|]Sableye||LightClay|Prankster|LightScreen,Reflect,RainDance,Encore|Calm||M|||50|]Primarina||SitrusBerry|LiquidVoice|Protect,HyperVoice,Moonblast,CalmMind|Modest||F|||50|
|inactive|Battle timer is ON: inactive players will automatically lose when time's up. (requested by pilalazer)
|inactive|Luisnm01 has 60 seconds left.
|
|t:|1785935253
|teamsize|p1|4
|teamsize|p2|4
|start
|switch|p1a: Delphox|Delphox, L50, F|100/100
|switch|p1b: Talonflame|Talonflame, L50, M|100/100
|switch|p2a: Sableye|Sableye, L50, M|100/100
|switch|p2b: Swampert|Swampert, L50, F|100/100
|turn|1
|inactive|Luisnm01 has 30 seconds left.
|inactive|Luisnm01 has 20 seconds left.
|inactive|Luisnm01 has 15 seconds left.
|inactive|Luisnm01 has 10 seconds left.
|
|t:|1785935299
|detailschange|p1a: Delphox|Delphox-Mega, L50, F
|-mega|p1a: Delphox|Delphox|Delphoxite
|detailschange|p2b: Swampert|Swampert-Mega, L50, F
|-mega|p2b: Swampert|Swampert|Swampertite
|move|p2a: Sableye|Rain Dance|p2a: Sableye
|-weather|RainDance
|move|p2b: Swampert|Wave Crash|p1a: Delphox
|-supereffective|p1a: Delphox|1
|-damage|p1a: Delphox|0 fnt
|faint|p1a: Delphox
|-damage|p2b: Swampert|71/100|[from] Recoil
|move|p1b: Talonflame|Sunny Day|p1b: Talonflame
|-weather|SunnyDay
|
|-weather|SunnyDay|[upkeep]
|upkeep
|
|t:|1785935308
|switch|p1a: Rotom|Rotom-Wash, L50|100/100
|turn|2
|
|t:|1785935330
|move|p1b: Talonflame|Acrobatics|p2b: Swampert
|-damage|p2b: Swampert|34/100
|move|p2a: Sableye|Rain Dance|p2a: Sableye
|-weather|RainDance
|move|p2b: Swampert|Wave Crash|p1b: Talonflame
|-supereffective|p1b: Talonflame|1
|-damage|p1b: Talonflame|0 fnt
|faint|p1b: Talonflame
|-damage|p2b: Swampert|5/100|[from] Recoil
|move|p1a: Rotom|Hydro Pump|p2b: Swampert
|-damage|p2b: Swampert|0 fnt
|faint|p2b: Swampert
|-damage|p1a: Rotom|90/100|[from] item: Life Orb
|
|-weather|RainDance|[upkeep]
|upkeep
|
|t:|1785935342
|switch|p1b: Whimsicott|Whimsicott, L50, M|100/100
|switch|p2b: Archaludon|Archaludon, L50, F|100/100
|turn|3
|inactive|Luisnm01 has 30 seconds left.
|
|t:|1785935370
|move|p1b: Whimsicott|Tailwind|p1b: Whimsicott
|-sidestart|p1: pilalazer|move: Tailwind
|move|p2a: Sableye|Light Screen|p2a: Sableye
|-sidestart|p2: Luisnm01|move: Light Screen
|move|p1a: Rotom|Thunderbolt|p2a: Sableye
|-damage|p2a: Sableye|61/100
|-damage|p1a: Rotom|81/100|[from] item: Life Orb
|move|p2b: Archaludon|Flash Cannon|p1b: Whimsicott
|-supereffective|p1b: Whimsicott|1
|-enditem|p1b: Whimsicott|Focus Sash
|-damage|p1b: Whimsicott|1/100
|
|-weather|RainDance|[upkeep]
|upkeep
|turn|4
|
|t:|1785935392
|move|p1b: Whimsicott|Protect|p1b: Whimsicott
|-singleturn|p1b: Whimsicott|Protect
|move|p2a: Sableye|Encore|p1b: Whimsicott
|-activate|p1b: Whimsicott|move: Protect
|move|p1a: Rotom|Hydro Pump|p2b: Archaludon
|-resisted|p2b: Archaludon|1
|-damage|p2b: Archaludon|65/100
|-ability|p2b: Archaludon|Stamina|boost
|-boost|p2b: Archaludon|def|1
|-damage|p1a: Rotom|71/100|[from] item: Life Orb
|move|p2b: Archaludon|Electro Shot||[still]
|-prepare|p2b: Archaludon|Electro Shot
|-boost|p2b: Archaludon|spa|1
|-anim|p2b: Archaludon|Electro Shot|p1a: Rotom
|-damage|p1a: Rotom|0 fnt
|faint|p1a: Rotom
|
|-weather|RainDance|[upkeep]
|-heal|p2b: Archaludon|72/100|[from] item: Leftovers
|upkeep
|turn|5
|-message|pilalazer forfeited.
|raw|pilalazer's rating: 1000 → 1000(+0 for losing)
|raw|Luisnm01's rating: 1096 → 1115(+19 for winning)
|
|win|Luisnm01
