|j|ŌśåNinjacoox
|j|Ōśåcrescentsoul
|html|Ninjacooxcrescentsoul    
|uhtml|bestof|Game 2 of a best-of-3
|t:|1783557628
|gametype|doubles
|player|p1|Ninjacoox|101|
|player|p2|crescentsoul|benga|
|gen|9
|tier|[Gen 9 Champions] VGC 2026 Reg M-B (Bo3)
|rule|Species Clause: Limit one of each Pok├®mon
|rule|Item Clause: Limit 1 of each item
|clearpoke
|poke|p1|Grimmsnarl, L50, M|
|poke|p1|Raichu, L50, F|
|poke|p1|Drampa, L50, F|
|poke|p1|Slowking-Galar, L50, F|
|poke|p1|Torkoal, L50, F|
|poke|p1|Mamoswine, L50, F|
|poke|p2|Volcarona, L50, F|
|poke|p2|Blastoise, L50, F|
|poke|p2|Farigiraf, L50, F|
|poke|p2|Grimmsnarl, L50, M|
|poke|p2|Dragapult, L50, M|
|poke|p2|Kingambit, L50, F|
|teampreview|4
|showteam|p1|Grimmsnarl||LightClay|Prankster|Reflect,LightScreen,SpiritBreak,Taunt|Impish||M|||50|]Raichu||RaichuniteX|Static|NastyPlot,Discharge,DazzlingGleam,Protect|Timid||F|||50|]Drampa||Drampanite|Berserk|DragonPulse,HyperVoice,HeatWave,Protect|Modest||F|||50|]Slowking-Galar||Leftovers|Regenerator|ChillingWater,PsychicNoise,TrickRoom,ChillyReception|Sassy||F|||50|]Torkoal||Charcoal|Drought|Eruption,HeatWave,ScorchingSands,Protect|Quiet||F|||50|]Mamoswine||LifeOrb|SnowCloak|IcicleCrash,HighHorsepower,RockSlide,Protect|Jolly||F|||50|
|showteam|p2|Volcarona||FocusSash|FlameBody|RagePowder,FieryDance,GigaDrain,Hurricane|Timid||F|||50|]Blastoise||Blastoisinite|Torrent|WaterSpout,ShellSmash,Protect,DarkPulse|Modest||F|||50|]Farigiraf||SitrusBerry|ArmorTail|Protect,HyperVoice,HelpingHand,TrickRoom|Modest||F|||50|]Grimmsnarl||LightClay|Prankster|Reflect,LightScreen,Taunt,PartingShot|Relaxed||M|||50|]Dragapult||LifeOrb|ClearBody|DracoMeteor,Thunderbolt,Flamethrower,ShadowBall|Timid||M|||50|]Kingambit||BlackGlasses|SupremeOverlord|KowtowCleave,IronHead,SuckerPunch,Protect|Adamant||F|||50|
|c|Ōśåcrescentsoul|did you like the team? :3
|c|ŌśåNinjacoox|yes
|c|ŌśåNinjacoox|very cool
|c|Ōśåcrescentsoul|tyty
|c|ŌśåNinjacoox|I once tried that same thing in reg I I think
|c|ŌśåNinjacoox|it got absolutely cleaned because of spread moves
|c|Ōśåcrescentsoul|yeah
|c|Ōśåcrescentsoul|wide guard is a good move too
|
|t:|1783557698
|teamsize|p1|4
|teamsize|p2|4
|start
|switch|p1a: Raichu|Raichu, L50, F|100/100
|switch|p1b: Grimmsnarl|Grimmsnarl, L50, M|100/100
|switch|p2a: Dragapult|Dragapult, L50, M|100/100
|switch|p2b: Blastoise|Blastoise, L50, F|100/100
|turn|1
|
|t:|1783557722
|move|p2b: Blastoise|Protect|p2b: Blastoise
|-singleturn|p2b: Blastoise|Protect
|move|p1b: Grimmsnarl|Light Screen|p1b: Grimmsnarl
|-sidestart|p1: Ninjacoox|move: Light Screen
|move|p2a: Dragapult|Draco Meteor|p1a: Raichu
|-damage|p1a: Raichu|21/100
|-unboost|p2a: Dragapult|spa|2
|-damage|p2a: Dragapult|90/100|[from] item: Life Orb
|move|p1a: Raichu|Nasty Plot|p1a: Raichu
|-boost|p1a: Raichu|spa|2
|
|upkeep
|turn|2
|
|t:|1783557744
|detailschange|p2b: Blastoise|Blastoise-Mega, L50, F
|-mega|p2b: Blastoise|Blastoise|Blastoisinite
|move|p1a: Raichu|Protect|p1a: Raichu
|-singleturn|p1a: Raichu|Protect
|move|p1b: Grimmsnarl|Taunt|p2b: Blastoise
|-start|p2b: Blastoise|move: Taunt
|move|p2a: Dragapult|Draco Meteor|p1a: Raichu
|-activate|p1a: Raichu|move: Protect
|cant|p2b: Blastoise|move: Taunt|Shell Smash
|
|upkeep
|turn|3
|c|Ōśåcrescentsoul|ooo smart
|c|Ōśåcrescentsoul|:)
|c|ŌśåNinjacoox|ty
|c|ŌśåNinjacoox|:)
|
|t:|1783557786
|switch|p2b: Farigiraf|Farigiraf, L50, F|100/100
|detailschange|p1a: Raichu|Raichu-Mega-X, L50, F
|-mega|p1a: Raichu|Raichu|Raichunite X
|-fieldstart|move: Electric Terrain|[from] ability: Electric Surge|[of] p1a: Raichu
|move|p2a: Dragapult|Draco Meteor|p1a: Raichu
|-damage|p1a: Raichu|0 fnt
|-unboost|p2a: Dragapult|spa|2
|faint|p1a: Raichu
|-damage|p2a: Dragapult|80/100|[from] item: Life Orb
|move|p1b: Grimmsnarl|Spirit Break|p2a: Dragapult
|-supereffective|p2a: Dragapult|1
|-damage|p2a: Dragapult|3/100
|
|upkeep
|c|Ōśåcrescentsoul|aw
|
|t:|1783557793
|switch|p1a: Mamoswine|Mamoswine, L50, F|100/100
|turn|4
|c|Ōśåcrescentsoul|i was hoping youd kill my dragapult
|c|ŌśåNinjacoox|yeah
|
|t:|1783557817
|move|p2b: Farigiraf|Protect|p2b: Farigiraf
|-singleturn|p2b: Farigiraf|Protect
|move|p2a: Dragapult|Flamethrower|p1a: Mamoswine
|-supereffective|p1a: Mamoswine|1
|-damage|p1a: Mamoswine|79/100
|-damage|p2a: Dragapult|0 fnt|[from] item: Life Orb
|faint|p2a: Dragapult
|move|p1a: Mamoswine|Rock Slide|p2b: Farigiraf
|-activate|p2b: Farigiraf|move: Protect
|move|p1b: Grimmsnarl|Spirit Break|p2b: Farigiraf
|-activate|p2b: Farigiraf|move: Protect
|
|upkeep
|c|ŌśåNinjacoox|I was way too slow
|
|t:|1783557821
|switch|p2a: Blastoise|Blastoise-Mega, L50, F|100/100
|turn|5
|c|ŌśåNinjacoox|shit
|c|Ōśåcrescentsoul|mmm
|c|Ōśåcrescentsoul|lets seee
|c|Ōśåcrescentsoul|your mamoswine is faster
|c|Ōśåcrescentsoul|:<
|c|ŌśåNinjacoox|tr and protect
|c|ŌśåNinjacoox|I'm calling it
|
|t:|1783557889
|switch|p2a: Volcarona|Volcarona, L50, F|100/100
|move|p1a: Mamoswine|Rock Slide|p2b: Farigiraf|[spread] p2a,p2b
|-supereffective|p2a: Volcarona|2
|-enditem|p2a: Volcarona|Focus Sash
|-damage|p2a: Volcarona|1/100
|-damage|p2b: Farigiraf|72/100
|-damage|p1a: Mamoswine|70/100|[from] item: Life Orb
|move|p1b: Grimmsnarl|Spirit Break|p2a: Volcarona
|-resisted|p2a: Volcarona|1
|-damage|p2a: Volcarona|0 fnt
|faint|p2a: Volcarona
|move|p2b: Farigiraf|Hyper Voice|p1a: Mamoswine|[spread] p1a,p1b
|-damage|p1a: Mamoswine|39/100
|-damage|p1b: Grimmsnarl|78/100
|
|upkeep
|
|t:|1783557894
|switch|p2a: Blastoise|Blastoise-Mega, L50, F|100/100
|turn|6
|c|Ōśåcrescentsoul|nah
|c|Ōśåcrescentsoul|that would put me at a disadvantage remember?
|c|Ōśåcrescentsoul|i still lose
|c|Ōśåcrescentsoul|unleeesssss
|c|Ōśåcrescentsoul|:3
|
|t:|1783557933
|move|p2a: Blastoise|Protect|p2a: Blastoise
|-singleturn|p2a: Blastoise|Protect
|move|p1a: Mamoswine|Rock Slide|p2a: Blastoise|[spread] p2b
|-activate|p2a: Blastoise|move: Protect
|-damage|p2b: Farigiraf|45/100
|-enditem|p2b: Farigiraf|Sitrus Berry|[eat]
|-heal|p2b: Farigiraf|70/100|[from] item: Sitrus Berry
|-damage|p1a: Mamoswine|29/100|[from] item: Life Orb
|move|p1b: Grimmsnarl|Spirit Break|p2a: Blastoise
|-activate|p2a: Blastoise|move: Protect
|move|p2b: Farigiraf|Hyper Voice|p1a: Mamoswine|[spread] p1a,p1b
|-damage|p1a: Mamoswine|0 fnt
|-damage|p1b: Grimmsnarl|57/100
|faint|p1a: Mamoswine
|
|upkeep
|c|ŌśåNinjacoox|am I cooked
|c|ŌśåNinjacoox|flinch
|c|Ōśåcrescentsoul|nah youre not
|
|t:|1783557945
|switch|p1a: Torkoal|Torkoal, L50, F|100/100
|-weather|SunnyDay|[from] ability: Drought|[of] p1a: Torkoal
|turn|7
|c|Ōśåcrescentsoul|THERE
|c|Ōśåcrescentsoul|hehe
|c|Ōśåcrescentsoul|ooo
|c|Ōśåcrescentsoul|waiittt
|c|Ōśåcrescentsoul|im cooked!
|c|Ōśåcrescentsoul|or am i
|c|Ōśåcrescentsoul|oh you have the lightscreen
|c|Ōśåcrescentsoul|yeahhh
|c|Ōśåcrescentsoul|ggs
|c|Ōśåcrescentsoul|i lose
|
|t:|1783557974
|move|p2b: Farigiraf|Helping Hand|p2a: Blastoise
|-singleturn|p2a: Blastoise|Helping Hand|[of] p2b: Farigiraf
|move|p2a: Blastoise|Water Spout|p1a: Torkoal|[spread] p1a,p1b
|-supereffective|p1a: Torkoal|1
|-damage|p1a: Torkoal|15/100
|-damage|p1b: Grimmsnarl|25/100
|move|p1b: Grimmsnarl|Spirit Break|p2a: Blastoise
|-damage|p2a: Blastoise|67/100
|-unboost|p2a: Blastoise|spa|1
|move|p1a: Torkoal|Heat Wave|p2a: Blastoise|[spread] p2a,p2b
|-resisted|p2a: Blastoise|1
|-damage|p2a: Blastoise|40/100
|-damage|p2b: Farigiraf|10/100
|
|-weather|SunnyDay|[upkeep]
|-fieldend|move: Electric Terrain
|upkeep
|turn|8
|c|Ōśåcrescentsoul|he
|c|Ōśåcrescentsoul|he
|c|Ōśåcrescentsoul|he
|c|Ōśåcrescentsoul|hehehe
|c|Ōśåcrescentsoul|if i outspeed i win
|c|Ōśåcrescentsoul|wait a sec
|c|Ōśåcrescentsoul|giraff is slow!
|c|Ōśåcrescentsoul|aw
|c|Ōśåcrescentsoul|:(
|c|Ōśåcrescentsoul|ggs man
|
|t:|1783558024
|move|p2a: Blastoise|Protect|p2a: Blastoise
|-singleturn|p2a: Blastoise|Protect
|move|p1a: Torkoal|Protect|p1a: Torkoal
|-singleturn|p1a: Torkoal|Protect
|move|p1b: Grimmsnarl|Spirit Break|p2a: Blastoise
|-activate|p2a: Blastoise|move: Protect
|move|p2b: Farigiraf|Hyper Voice|p1b: Grimmsnarl|[spread] p1b
|-activate|p1a: Torkoal|move: Protect
|-damage|p1b: Grimmsnarl|3/100
|
|-weather|SunnyDay|[upkeep]
|-sideend|p1: Ninjacoox|move: Light Screen
|upkeep
|turn|9
|c|Ōśåcrescentsoul|did i get you?
|c|ŌśåNinjacoox|yeah
|c|ŌśåNinjacoox|I lost
|c|Ōśåcrescentsoul|ggs
|c|Ōśåcrescentsoul|hehe
|
|t:|1783558038
|move|p2b: Farigiraf|Helping Hand|p2a: Blastoise
|-singleturn|p2a: Blastoise|Helping Hand|[of] p2b: Farigiraf
|move|p2a: Blastoise|Water Spout|p1b: Grimmsnarl|[spread] p1a,p1b
|-supereffective|p1a: Torkoal|1
|-damage|p1a: Torkoal|0 fnt
|-damage|p1b: Grimmsnarl|0 fnt
|faint|p1a: Torkoal
|faint|p1b: Grimmsnarl
|
|win|crescentsoul
|c|Ōśåcrescentsoul|pow
|c|Ōśåcrescentsoul|pew pew
|c|ŌśåNinjacoox|close
|c|Ōśåcrescentsoul|ggs
