|j|☆viatles
|j|☆Iron Paws
|html|viatlesIron Paws    
|uhtml|bestof|Game 2 of a best-of-3
|t:|1756241765
|gametype|doubles
|player|p1|viatles|hiker|1000
|player|p2|Iron Paws|may-masters3|1078
|gen|9
|tier|[Gen 9] VGC 2025 Reg H (Bo3)
|rated|
|rule|Species Clause: Limit one of each Pokémon
|rule|Item Clause: Limit 1 of each item
|clearpoke
|poke|p1|Oricorio-Sensu, L50, F|
|poke|p1|Volcarona, L50, F|
|poke|p1|Sylveon, L50, F|
|poke|p1|Murkrow, L50, F|
|poke|p1|Dragapult, L50, F|
|poke|p1|Baxcalibur, L50, M|
|poke|p2|Ursaluna, L50, M|
|poke|p2|Amoonguss, L50, M|
|poke|p2|Porygon2, L50|
|poke|p2|Incineroar, L50, F|
|poke|p2|Gholdengo, L50|
|poke|p2|Mienshao, L50, F|
|teampreview|4
|showteam|p1|Oricorio-Sensu||FocusSash|Dancer|QuiverDance,BatonPass,RevelationDance,Protect|||F|||50|,,,,,Fighting]Volcarona||SitrusBerry|FlameBody|QuiverDance,GigaDrain,FieryDance,Protect|||F|||50|,,,,,Grass]Sylveon||ChoiceScarf|Pixilate|HyperVoice,TeraBlast,StoredPower,SleepTalk|||F|||50|,,,,,Ground]Murkrow||Eviolite|Prankster|Tailwind,FoulPlay,Haze,FeatherDance|||F|||50|,,,,,Dark]Dragapult||CovertCloak|ClearBody|DragonCheer,DragonDarts,Protect,PhantomForce|||F|||50|,,,,,Stellar]Baxcalibur||LoadedDice|ThermalExchange|IcicleSpear,ScaleShot,GlaiveRush,Protect|||M|||50|,,,,,Grass
|showteam|p2|Ursaluna||FlameOrb|Guts|Protect,Facade,HeadlongRush,Substitute|||M|||50|,,,,,Ghost]Amoonguss||CovertCloak|Regenerator|RagePowder,ClearSmog,PollenPuff,Spore|||M|||50|,,,,,Electric]Porygon2||Eviolite|Download|Recover,TeraBlast,IceBeam,TrickRoom||||||50|,,,,,Fighting]Incineroar||AssaultVest|Intimidate|Uturn,FlareBlitz,KnockOff,FakeOut|||F|||50|,,,,,Grass]Gholdengo||LifeOrb|GoodasGold|Protect,MakeItRain,ShadowBall,NastyPlot||||||50|,,,,,Water]Mienshao||FocusSash|InnerFocus|CloseCombat,KnockOff,IceSpinner,WideGuard|||F|||50|,,,,,Stellar
|inactive|Battle timer is ON: inactive players will automatically lose when time's up. (requested by viatles)
|inactive|Iron Paws has 60 seconds left.
|inactive|Iron Paws has 30 seconds left.
|
|t:|1756241840
|teamsize|p1|4
|teamsize|p2|4
|start
|switch|p1a: Oricorio|Oricorio-Sensu, L50, F|100/100
|switch|p1b: Volcarona|Volcarona, L50, F|100/100
|switch|p2a: Mienshao|Mienshao, L50, F|100/100
|switch|p2b: Porygon2|Porygon2, L50, shiny|100/100
|-ability|p2b: Porygon2|Download|boost
|-boost|p2b: Porygon2|atk|1
|turn|1
|
|t:|1756241858
|move|p2a: Mienshao|Ice Spinner|p1a: Oricorio
|-supereffective|p1a: Oricorio
|-damage|p1a: Oricorio|20/100
|move|p1a: Oricorio|Quiver Dance|p1a: Oricorio
|-boost|p1a: Oricorio|spa|1
|-boost|p1a: Oricorio|spd|1
|-boost|p1a: Oricorio|spe|1
|move|p1b: Volcarona|Fiery Dance|p2a: Mienshao
|-damage|p2a: Mienshao|30/100
|-boost|p1b: Volcarona|spa|1
|-activate|p1a: Oricorio|ability: Dancer
|move|p1a: Oricorio|Fiery Dance|p2a: Mienshao|[from] ability: Dancer
|-damage|p2a: Mienshao|0 fnt
|-boost|p1a: Oricorio|spa|1
|faint|p2a: Mienshao
|move|p2b: Porygon2|Trick Room|p2b: Porygon2
|-fieldstart|move: Trick Room|[of] p2b: Porygon2
|
|upkeep
|
|t:|1756241875
|switch|p2a: Ursaluna|Ursaluna, L50, M|100/100
|turn|2
|inactive|viatles has 30 seconds left.
|inactive|viatles has 20 seconds left.
|
|t:|1756241913
|switch|p1a: Sylveon|Sylveon, L50, F|100/100
|move|p2a: Ursaluna|Protect|p2a: Ursaluna
|-singleturn|p2a: Ursaluna|Protect
|move|p2b: Porygon2|Ice Beam|p1a: Sylveon
|-damage|p1a: Sylveon|80/100
|move|p1b: Volcarona|Giga Drain|p2b: Porygon2
|-damage|p2b: Porygon2|78/100
|
|-status|p2a: Ursaluna|brn|[from] item: Flame Orb
|upkeep
|turn|3
|inactive|viatles has 30 seconds left.
|inactive|Iron Paws has 30 seconds left.
|
|t:|1756241943
|move|p2a: Ursaluna|Facade|p1a: Sylveon
|-crit|p1a: Sylveon
|-damage|p1a: Sylveon|0 fnt
|faint|p1a: Sylveon
|move|p2b: Porygon2|Tera Blast|p1b: Volcarona
|-damage|p1b: Volcarona|69/100
|move|p1b: Volcarona|Giga Drain|p2a: Ursaluna
|-supereffective|p2a: Ursaluna
|-damage|p2a: Ursaluna|28/100 brn
|-heal|p1b: Volcarona|100/100|[from] drain|[of] p2a: Ursaluna
|
|-damage|p2a: Ursaluna|22/100 brn|[from] brn
|upkeep
|
|t:|1756241960
|switch|p1a: Dragapult|Dragapult, L50, F|100/100
|turn|4
|
|t:|1756241980
|switch|p2b: Gholdengo|Gholdengo, L50|100/100
|move|p1b: Volcarona|Protect|p1b: Volcarona
|-singleturn|p1b: Volcarona|Protect
|move|p2a: Ursaluna|Facade|p1b: Volcarona
|-activate|p1b: Volcarona|move: Protect
|move|p1a: Dragapult|Dragon Darts|p2b: Gholdengo
|-resisted|p2b: Gholdengo
|-damage|p2b: Gholdengo|87/100
|-anim|p1a: Dragapult|Dragon Darts|p2a: Ursaluna
|-damage|p2a: Ursaluna|4/100 brn
|
|-damage|p2a: Ursaluna|0 fnt|[from] brn
|faint|p2a: Ursaluna
|upkeep
|
|t:|1756241994
|switch|p2a: Porygon2|Porygon2, L50, shiny|78/100
|-ability|p2a: Porygon2|Download|boost
|-boost|p2a: Porygon2|atk|1
|turn|5
|
|t:|1756242004
|-terastallize|p2b: Gholdengo|Water
|move|p1a: Dragapult|Protect|p1a: Dragapult
|-singleturn|p1a: Dragapult|Protect
|move|p2a: Porygon2|Ice Beam|p1a: Dragapult
|-activate|p1a: Dragapult|move: Protect
|move|p2b: Gholdengo|Nasty Plot|p2b: Gholdengo
|-boost|p2b: Gholdengo|spa|2
|move|p1b: Volcarona|Quiver Dance|p1b: Volcarona
|-boost|p1b: Volcarona|spa|1
|-boost|p1b: Volcarona|spd|1
|-boost|p1b: Volcarona|spe|1
|
|-fieldend|move: Trick Room
|upkeep
|turn|6
|
|t:|1756242023
|move|p2b: Gholdengo|Protect|p2b: Gholdengo
|-singleturn|p2b: Gholdengo|Protect
|move|p1a: Dragapult|Phantom Force||[still]
|-prepare|p1a: Dragapult|Phantom Force
|move|p1b: Volcarona|Giga Drain|p2a: Porygon2
|-damage|p2a: Porygon2|49/100
|move|p2a: Porygon2|Trick Room|p2a: Porygon2
|-fieldstart|move: Trick Room|[of] p2a: Porygon2
|
|upkeep
|turn|7
|
|t:|1756242037
|move|p2a: Porygon2|Recover|p2a: Porygon2
|-heal|p2a: Porygon2|99/100
|move|p2b: Gholdengo|Shadow Ball|p1b: Volcarona
|-damage|p1b: Volcarona|33/100
|-unboost|p1b: Volcarona|spd|1
|-enditem|p1b: Volcarona|Sitrus Berry|[eat]
|-heal|p1b: Volcarona|58/100|[from] item: Sitrus Berry
|-damage|p2b: Gholdengo|77/100|[from] item: Life Orb
|move|p1b: Volcarona|Giga Drain|p2b: Gholdengo
|-supereffective|p2b: Gholdengo
|-damage|p2b: Gholdengo|0 fnt
|-heal|p1b: Volcarona|94/100|[from] drain|[of] p2b: Gholdengo
|faint|p2b: Gholdengo
|move|p1a: Dragapult|Phantom Force|p2a: Porygon2|[from] lockedmove
|-immune|p2a: Porygon2
|
|upkeep
|turn|8
|
|t:|1756242060
|move|p2a: Porygon2|Ice Beam|p1a: Dragapult
|-supereffective|p1a: Dragapult
|-damage|p1a: Dragapult|35/100
|move|p1b: Volcarona|Giga Drain|p2a: Porygon2
|-damage|p2a: Porygon2|68/100
|-heal|p1b: Volcarona|100/100|[from] drain|[of] p2a: Porygon2
|move|p1a: Dragapult|Dragon Cheer|p1b: Volcarona
|-start|p1b: Volcarona|move: Dragon Cheer
|
|upkeep
|turn|9
|inactive|Iron Paws has 30 seconds left.
|inactive|Iron Paws has 20 seconds left.
|inactive|Iron Paws has 15 seconds left.
|
|t:|1756242105
|move|p1a: Dragapult|Protect|p1a: Dragapult
|-singleturn|p1a: Dragapult|Protect
|move|p2a: Porygon2|Ice Beam|p1a: Dragapult
|-activate|p1a: Dragapult|move: Protect
|move|p1b: Volcarona|Quiver Dance|p1b: Volcarona
|-boost|p1b: Volcarona|spa|1
|-boost|p1b: Volcarona|spd|1
|-boost|p1b: Volcarona|spe|1
|
|upkeep
|turn|10
|inactive|Iron Paws has 30 seconds left.
|
|t:|1756242133
|move|p2a: Porygon2|Tera Blast|p1b: Volcarona
|-damage|p1b: Volcarona|80/100
|move|p1a: Dragapult|Dragon Darts|p2a: Porygon2
|-damage|p2a: Porygon2|54/100
|-anim|p1a: Dragapult|Dragon Darts|p2a: Porygon2
|-damage|p2a: Porygon2|36/100
|move|p1b: Volcarona|Fiery Dance|p2a: Porygon2
|-crit|p2a: Porygon2
|-damage|p2a: Porygon2|0 fnt
|faint|p2a: Porygon2
|
|win|viatles
|raw|viatles's rating: 1000 → 1049(+49 for winning)
|raw|Iron Paws's rating: 1078 → 1052(-26 for losing)
|c|☆viatles|ggs
|l|☆Iron Paws
|player|p2|
