|j|☆latios66
|j|☆Lazybones9190
|html|latios66Lazybones9190    
|uhtml|bestof|Game 1 of a best-of-3
|t:|1756327512
|gametype|doubles
|player|p1|latios66|265|1102
|player|p2|Lazybones9190|dawn|1000
|gen|9
|tier|[Gen 9] VGC 2025 Reg H (Bo3)
|rated|
|rule|Species Clause: Limit one of each Pokémon
|rule|Item Clause: Limit 1 of each item
|clearpoke
|poke|p1|Indeedee, L50, M|
|poke|p1|Drifblim, L50, M|
|poke|p1|Volcarona, L50, F|
|poke|p1|Kommo-o, L50, M|
|poke|p1|Toxtricity, L50, M|
|poke|p1|Hydreigon, L50, M|
|poke|p2|Politoed, L50, M|
|poke|p2|Kingdra, L50, M|
|poke|p2|Gothitelle, L50, F|
|poke|p2|Archaludon, L50, M|
|poke|p2|Incineroar, L50, F|
|poke|p2|Amoonguss, L50, M|
|teampreview|4
|showteam|p1|Indeedee||FocusSash|PsychicSurge|ExpandingForce,TeraBlast,Imprison,TrickRoom|||M|||50|,,,,,Ground]Drifblim||PsychicSeed|Unburden|ShadowBall,WillOWisp,StrengthSap,Tailwind|||M|||50|,,,,,Grass]Volcarona||LifeOrb|FlameBody|BugBuzz,HeatWave,TeraBlast,Protect|||F|||50|,,,,,Fairy]Kommo-o||Leftovers|Soundproof|BodyPress,Flamethrower,IronDefense,Protect|||M|||50|,,,,,Fire]Toxtricity||ChoiceSpecs|PunkRock|Overdrive,SludgeBomb,Boomburst,VoltSwitch|||M|||50|,,,,,Normal]Hydreigon||AssaultVest|Levitate|DarkPulse,DracoMeteor,EarthPower,Snarl|||M|||50|,,,,,Ghost
|showteam|p2|Politoed||Leftovers|Drizzle|WeatherBall,Encore,PerishSong,Protect|||M|||50|,,,,,Grass]Kingdra||LifeOrb|SwiftSwim|WeatherBall,DracoMeteor,MuddyWater,Protect|||M|||50|,,,,,Stellar]Gothitelle||SitrusBerry|ShadowTag|FakeOut,Psychic,TrickRoom,Protect|||F|||50|,,,,,Dark]Archaludon||PowerHerb|Sturdy|ElectroShot,DragonPulse,FlashCannon,Protect|||M|||50|,,,,,Electric]Incineroar||SafetyGoggles|Intimidate|FakeOut,KnockOff,PartingShot,Protect|||F|||50|,,,,,Ghost]Amoonguss||EjectButton|Regenerator|PollenPuff,Spore,Protect,RagePowder|||M|||50|,,,,,Water
|
|t:|1756327566
|teamsize|p1|4
|teamsize|p2|4
|start
|switch|p1a: Indeedee|Indeedee, L50, M|100/100
|switch|p1b: Toxtricity|Toxtricity, L50, M|100/100
|switch|p2a: Kingdra|Kingdra, L50, M|100/100
|switch|p2b: Gothitelle|Gothitelle, L50, F, shiny|100/100
|-fieldstart|move: Psychic Terrain|[from] ability: Psychic Surge|[of] p1a: Indeedee
|turn|1
|
|t:|1756327579
|switch|p2b: Politoed|Politoed, L50, M, shiny|100/100
|-weather|RainDance|[from] ability: Drizzle|[of] p2b: Politoed
|-terastallize|p2a: Kingdra|Stellar
|move|p2a: Kingdra|Muddy Water|p1b: Toxtricity|[spread] p1a,p1b
|-enditem|p1a: Indeedee|Focus Sash
|-damage|p1a: Indeedee|1/100
|-damage|p1b: Toxtricity|0 fnt
|faint|p1b: Toxtricity
|-damage|p2a: Kingdra|90/100|[from] item: Life Orb
|move|p1a: Indeedee|Expanding Force|p2b: Politoed|[spread] p2a,p2b
|-damage|p2a: Kingdra|26/100
|-damage|p2b: Politoed|65/100
|
|-weather|RainDance|[upkeep]
|-heal|p2b: Politoed|72/100|[from] item: Leftovers
|upkeep
|
|t:|1756327599
|switch|p1b: Hydreigon|Hydreigon, L50, M|100/100
|turn|2
|
|t:|1756327611
|-terastallize|p1b: Hydreigon|Ghost
|move|p2a: Kingdra|Draco Meteor|p1b: Hydreigon
|-damage|p1b: Hydreigon|28/100
|-unboost|p2a: Kingdra|spa|2
|-damage|p2a: Kingdra|16/100|[from] item: Life Orb
|move|p1a: Indeedee|Expanding Force|p2b: Politoed|[spread] p2a,p2b
|-damage|p2a: Kingdra|0 fnt
|-damage|p2b: Politoed|39/100
|faint|p2a: Kingdra
|move|p1b: Hydreigon|Snarl|p2b: Politoed
|-damage|p2b: Politoed|22/100
|-unboost|p2b: Politoed|spa|1
|move|p2b: Politoed|Weather Ball|p1a: Indeedee
|-damage|p1a: Indeedee|0 fnt
|faint|p1a: Indeedee
|
|-weather|RainDance|[upkeep]
|-heal|p2b: Politoed|28/100|[from] item: Leftovers
|upkeep
|
|t:|1756327628
|switch|p1a: Kommo-o|Kommo-o, L50, M|100/100
|switch|p2a: Gothitelle|Gothitelle, L50, F, shiny|100/100
|turn|3
|
|t:|1756327638
|move|p2a: Gothitelle|Fake Out|p1a: Kommo-o
|-activate|p1a: Kommo-o|move: Psychic Terrain
|move|p1b: Hydreigon|Dark Pulse|p2a: Gothitelle
|-supereffective|p2a: Gothitelle
|-damage|p2a: Gothitelle|46/100
|-enditem|p2a: Gothitelle|Sitrus Berry|[eat]
|-heal|p2a: Gothitelle|71/100|[from] item: Sitrus Berry
|move|p1a: Kommo-o|Body Press|p2a: Gothitelle
|-resisted|p2a: Gothitelle
|-damage|p2a: Gothitelle|53/100
|move|p2b: Politoed|Weather Ball|p1b: Hydreigon
|-damage|p1b: Hydreigon|3/100
|
|-weather|RainDance|[upkeep]
|-heal|p2b: Politoed|35/100|[from] item: Leftovers
|upkeep
|turn|4
|
|t:|1756327653
|move|p1b: Hydreigon|Snarl|p2a: Gothitelle|[spread] p2a,p2b
|-supereffective|p2a: Gothitelle
|-damage|p2a: Gothitelle|25/100
|-damage|p2b: Politoed|20/100
|-unboost|p2a: Gothitelle|spa|1
|-unboost|p2b: Politoed|spa|1
|move|p1a: Kommo-o|Iron Defense|p1a: Kommo-o
|-boost|p1a: Kommo-o|def|2
|move|p2b: Politoed|Weather Ball|p1b: Hydreigon
|-crit|p1b: Hydreigon
|-damage|p1b: Hydreigon|0 fnt
|faint|p1b: Hydreigon
|move|p2a: Gothitelle|Psychic|p1a: Kommo-o
|-supereffective|p1a: Kommo-o
|-damage|p1a: Kommo-o|53/100
|
|-weather|RainDance|[upkeep]
|-heal|p1a: Kommo-o|59/100|[from] item: Leftovers
|-heal|p2b: Politoed|26/100|[from] item: Leftovers
|upkeep
|turn|5
|
|t:|1756327670
|move|p1a: Kommo-o|Body Press|p2b: Politoed
|-damage|p2b: Politoed|0 fnt
|faint|p2b: Politoed
|move|p2a: Gothitelle|Psychic|p1a: Kommo-o
|-supereffective|p1a: Kommo-o
|-damage|p1a: Kommo-o|12/100
|
|-weather|none
|-heal|p1a: Kommo-o|18/100|[from] item: Leftovers
|-fieldend|move: Psychic Terrain
|upkeep
|
|t:|1756327675
|switch|p2b: Incineroar|Incineroar, L50, F|100/100
|-ability|p2b: Incineroar|Intimidate|boost
|-unboost|p1a: Kommo-o|atk|1
|turn|6
|
|t:|1756327685
|move|p1a: Kommo-o|Protect|p1a: Kommo-o
|-singleturn|p1a: Kommo-o|Protect
|move|p2b: Incineroar|Fake Out|p1a: Kommo-o
|-activate|p1a: Kommo-o|move: Protect
|move|p2a: Gothitelle|Psychic|p1a: Kommo-o
|-activate|p1a: Kommo-o|move: Protect
|
|-heal|p1a: Kommo-o|24/100|[from] item: Leftovers
|upkeep
|turn|7
|
|t:|1756327696
|move|p1a: Kommo-o|Body Press|p2a: Gothitelle
|-resisted|p2a: Gothitelle
|-damage|p2a: Gothitelle|0 fnt
|faint|p2a: Gothitelle
|move|p2b: Incineroar|Knock Off|p1a: Kommo-o
|-resisted|p1a: Kommo-o
|-damage|p1a: Kommo-o|18/100
|-enditem|p1a: Kommo-o|Leftovers|[from] move: Knock Off|[of] p2b: Incineroar
|
|upkeep
|turn|8
|
|t:|1756327705
|move|p2b: Incineroar|Protect|p2b: Incineroar
|-singleturn|p2b: Incineroar|Protect
|move|p1a: Kommo-o|Body Press|p2b: Incineroar
|-activate|p2b: Incineroar|move: Protect
|
|upkeep
|turn|9
|
|t:|1756327713
|move|p1a: Kommo-o|Body Press|p2b: Incineroar
|-supereffective|p2b: Incineroar
|-damage|p2b: Incineroar|0 fnt
|faint|p2b: Incineroar
|
|win|latios66
||Lazybones9190 is ready for game 2.
