|j|☆leomartinfa
|j|☆Gentlefish
|html|leomartinfaGentlefish    
|uhtml|bestof|Game 1 of a best-of-3
|t:|1756754716
|gametype|doubles
|player|p1|leomartinfa|101|1078
|player|p2|Gentlefish|burglar-gen1rb|1078
|gen|9
|tier|[Gen 9] VGC 2025 Reg H (Bo3)
|rated|
|rule|Species Clause: Limit one of each Pokémon
|rule|Item Clause: Limit 1 of each item
|clearpoke
|poke|p1|Glimmora, L50, F|
|poke|p1|Tyranitar, L50, M|
|poke|p1|Dondozo, L50, F|
|poke|p1|Tatsugiri, L50, M|
|poke|p1|Sneasler, L50, M|
|poke|p1|Garchomp, L50, M|
|poke|p2|Garchomp, L50, F|
|poke|p2|Weezing-Galar, L50, F|
|poke|p2|Archaludon, L50, M|
|poke|p2|Gholdengo, L50|
|poke|p2|Talonflame, L50, F|
|poke|p2|Annihilape, L50, M|
|teampreview|4
|showteam|p1|Glimmora||FocusSash|ToxicDebris|MortalSpin,ToxicSpikes,PowerGem,SpikyShield|||F|||50|,,,,,Grass]Tyranitar||AssaultVest|SandStream|RockSlide,SandTomb,KnockOff,TeraBlast|||M|||50|,,,,,Flying]Dondozo||Leftovers|Unaware|OrderUp,Dive,BodyPress,Protect|||F|||50|,,,,,Grass]Tatsugiri||ChoiceScarf|Commander|DracoMeteor,MuddyWater,HydroPump,IcyWind|||M|||50|,,,,,Water]Sneasler||BigNugget|Unburden|DireClaw,Acrobatics,Fling,FakeOut|||M|||50|,,,,,Flying]Garchomp||BrightPowder|SandVeil|StompingTantrum,Earthquake,DragonRush,Protect|||M|||50|,,,,,Ground
|showteam|p2|Garchomp||LifeOrb|RoughSkin|DragonClaw,Earthquake,StompingTantrum,Protect|||F|||50|,,,,,Ground]Weezing-Galar||FocusSash|NeutralizingGas|Protect,SludgeBomb,Taunt,StrangeSteam|||F|||50|,,,,,Flying]Archaludon||PowerHerb|Sturdy|ElectroShot,Thunderbolt,DracoMeteor,Protect|||M|||50|,,,,,Electric]Gholdengo||ChoiceSpecs|GoodasGold|ShadowBall,DazzlingGleam,PowerGem,MakeItRain||||||50|,,,,,Fairy]Talonflame||CovertCloak|GaleWings|Tailwind,DualWingbeat,Taunt,FlareBlitz|||F|||50|,,,,,Stellar]Annihilape||AssaultVest|Defiant|CloseCombat,RageFist,FinalGambit,IcePunch|||M|||50|,,,,,Grass
|inactive|Battle timer is ON: inactive players will automatically lose when time's up. (requested by leomartinfa)
|inactive|Gentlefish has 60 seconds left.
|
|t:|1756754798
|teamsize|p1|4
|teamsize|p2|4
|start
|switch|p1a: Sneasler|Sneasler, L50, M|100/100
|switch|p1b: Garchomp|Garchomp, L50, M|100/100
|switch|p2a: Talonflame|Talonflame, L50, F|100/100
|switch|p2b: Gholdengo|Gholdengo, L50|100/100
|turn|1
|inactive|Gentlefish has 30 seconds left.
|inactive|Gentlefish has 20 seconds left.
|inactive|Gentlefish has 15 seconds left.
|inactive|leomartinfa has 30 seconds left.
|
|t:|1756754854
|move|p2a: Talonflame|Tailwind|p2a: Talonflame
|-sidestart|p2: Gentlefish|move: Tailwind
|move|p2b: Gholdengo|Dazzling Gleam|p1a: Sneasler|[spread] p1a,p1b
|-supereffective|p1b: Garchomp
|-damage|p1a: Sneasler|55/100
|-damage|p1b: Garchomp|24/100
|move|p1a: Sneasler|Fling|p2b: Gholdengo
|-supereffective|p2b: Gholdengo
|-damage|p2b: Gholdengo|0 fnt
|-enditem|p1a: Sneasler|Big Nugget|[from] move: Fling
|faint|p2b: Gholdengo
|move|p1b: Garchomp|Dragon Rush|p2a: Talonflame|[miss]
|-miss|p1b: Garchomp|p2a: Talonflame
|
|upkeep
|
|t:|1756754866
|switch|p2b: Weezing|Weezing-Galar, L50, F|100/100
|-ability|p2b: Weezing|Neutralizing Gas
|turn|2
|inactive|leomartinfa has 30 seconds left.
|inactive|leomartinfa has 20 seconds left.
|inactive|leomartinfa has 15 seconds left.
|
|t:|1756754908
|move|p2a: Talonflame|Dual Wingbeat|p1a: Sneasler
|-supereffective|p1a: Sneasler
|-damage|p1a: Sneasler|4/100
|-supereffective|p1a: Sneasler
|-damage|p1a: Sneasler|0 fnt
|faint|p1a: Sneasler
|-hitcount|p1: Sneasler|2
|move|p2b: Weezing|Strange Steam|p1b: Garchomp
|-supereffective|p1b: Garchomp
|-damage|p1b: Garchomp|0 fnt
|faint|p1b: Garchomp
|
|upkeep
|
|t:|1756754917
|switch|p1a: Tatsugiri|Tatsugiri, L50, M|100/100
|switch|p1b: Dondozo|Dondozo, L50, F|100/100
|turn|3
|inactive|Gentlefish has 30 seconds left.
|
|t:|1756754943
|-terastallize|p2a: Talonflame|Stellar
|move|p2a: Talonflame|Dual Wingbeat|p1a: Tatsugiri
|-crit|p1a: Tatsugiri
|-damage|p1a: Tatsugiri|46/100
|-damage|p1a: Tatsugiri|6/100
|-hitcount|p1a: Tatsugiri|2
|move|p2b: Weezing|Strange Steam|p1a: Tatsugiri
|-supereffective|p1a: Tatsugiri
|-damage|p1a: Tatsugiri|0 fnt
|faint|p1a: Tatsugiri
|move|p1b: Dondozo|Dive||[still]
|-prepare|p1b: Dondozo|Dive
|
|upkeep
|turn|4
|inactive|Gentlefish has 30 seconds left.
|
|t:|1756754976
|-end|p2b: Weezing|ability: Neutralizing Gas
|switch|p2b: Annihilape|Annihilape, L50, M|100/100
|move|p2a: Talonflame|Taunt|p1b: Dondozo|[miss]
|-miss|p2a: Talonflame|p1b: Dondozo
|move|p1b: Dondozo|Dive|p2b: Annihilape|[from] lockedmove
|-damage|p2b: Annihilape|71/100
|
|-sideend|p2: Gentlefish|move: Tailwind
|upkeep
|turn|5
|
|t:|1756754993
|move|p2a: Talonflame|Dual Wingbeat|p1b: Dondozo
|-damage|p1b: Dondozo|91/100
|-damage|p1b: Dondozo|83/100
|-hitcount|p1b: Dondozo|2
|move|p2b: Annihilape|Rage Fist|p1b: Dondozo
|-damage|p1b: Dondozo|57/100
|move|p1b: Dondozo|Dive||[still]
|-prepare|p1b: Dondozo|Dive
|
|-heal|p1b: Dondozo|63/100|[from] item: Leftovers
|upkeep
|turn|6
|inactive|Gentlefish has 30 seconds left.
|
|t:|1756755022
|move|p2a: Talonflame|Flare Blitz|p1b: Dondozo|[miss]
|-miss|p2a: Talonflame|p1b: Dondozo
|move|p2b: Annihilape|Rage Fist|p1b: Dondozo|[miss]
|-miss|p2b: Annihilape|p1b: Dondozo
|move|p1b: Dondozo|Dive|p2a: Talonflame|[from] lockedmove
|-supereffective|p2a: Talonflame
|-damage|p2a: Talonflame|21/100
|
|-heal|p1b: Dondozo|69/100|[from] item: Leftovers
|upkeep
|turn|7
|
|t:|1756755030
|move|p1b: Dondozo|Protect|p1b: Dondozo
|-singleturn|p1b: Dondozo|Protect
|move|p2a: Talonflame|Dual Wingbeat|p1b: Dondozo
|-activate|p1b: Dondozo|move: Protect
|move|p2b: Annihilape|Rage Fist|p1b: Dondozo
|-activate|p1b: Dondozo|move: Protect
|
|-heal|p1b: Dondozo|76/100|[from] item: Leftovers
|upkeep
|turn|8
|
|t:|1756755036
|move|p2a: Talonflame|Flare Blitz|p1b: Dondozo
|-resisted|p1b: Dondozo
|-damage|p1b: Dondozo|57/100
|-damage|p2a: Talonflame|10/100|[from] Recoil
|move|p2b: Annihilape|Rage Fist|p1b: Dondozo
|-damage|p1b: Dondozo|30/100
|move|p1b: Dondozo|Dive||[still]
|-prepare|p1b: Dondozo|Dive
|
|-heal|p1b: Dondozo|36/100|[from] item: Leftovers
|upkeep
|turn|9
|
|t:|1756755045
|move|p2a: Talonflame|Taunt|p1b: Dondozo|[miss]
|-miss|p2a: Talonflame|p1b: Dondozo
|move|p2b: Annihilape|Rage Fist|p1b: Dondozo|[miss]
|-miss|p2b: Annihilape|p1b: Dondozo
|move|p1b: Dondozo|Dive|p2a: Talonflame|[from] lockedmove
|-supereffective|p2a: Talonflame
|-damage|p2a: Talonflame|0 fnt
|faint|p2a: Talonflame
|
|-heal|p1b: Dondozo|43/100|[from] item: Leftovers
|upkeep
|
|t:|1756755046
|switch|p2a: Weezing|Weezing-Galar, L50, F|100/100
|-ability|p2a: Weezing|Neutralizing Gas
|turn|10
|
|t:|1756755052
|move|p1b: Dondozo|Protect|p1b: Dondozo
|-singleturn|p1b: Dondozo|Protect
|move|p2b: Annihilape|Rage Fist|p1b: Dondozo
|-activate|p1b: Dondozo|move: Protect
|move|p2a: Weezing|Sludge Bomb|p1b: Dondozo
|-activate|p1b: Dondozo|move: Protect
|
|-heal|p1b: Dondozo|49/100|[from] item: Leftovers
|upkeep
|turn|11
|
|t:|1756755058
|move|p2b: Annihilape|Rage Fist|p1b: Dondozo
|-damage|p1b: Dondozo|21/100
|move|p2a: Weezing|Sludge Bomb|p1b: Dondozo
|-damage|p1b: Dondozo|0 fnt
|faint|p1b: Dondozo
|
|win|Gentlefish
||leomartinfa is ready for game 2.
||Gentlefish is ready for game 2.
|uhtml|next|Next: Game 2 of 3
|l|☆leomartinfa
|player|p1|
