|j|☆duckofjudgement
|j|☆Dawsonschris
|html|duckofjudgementDawsonschris    
|uhtml|bestof|Game 1 of a best-of-3
|t:|1756582630
|gametype|doubles
|player|p1|duckofjudgement|cheryl|1000
|player|p2|Dawsonschris|artist-gen4|1090
|gen|9
|tier|[Gen 9] VGC 2025 Reg H (Bo3)
|rated|
|rule|Species Clause: Limit one of each Pokémon
|rule|Item Clause: Limit 1 of each item
|clearpoke
|poke|p1|Alcremie-Salted-Cream, L50, F|
|poke|p1|Clefairy, L50, F|
|poke|p1|Annihilape, L50, M|
|poke|p1|Rillaboom, L50, M|
|poke|p1|Indeedee-F, L50, F|
|poke|p1|Amoonguss, L50, F|
|poke|p2|Ursaluna-Bloodmoon, L50, M|
|poke|p2|Electabuzz, L50, M|
|poke|p2|Sneasler, L50, M|
|poke|p2|Indeedee, L50, M|
|poke|p2|Talonflame, L50, M|
|poke|p2|Tatsugiri, L50, F|
|teampreview|4
|showteam|p1|Alcremie-Salted-Cream||SafetyGoggles|AromaVeil|DrainingKiss,StoredPower,CalmMind,Protect|||F|||50|,,,,,Steel]Clefairy||Eviolite|CuteCharm|LifeDew,FollowMe,IcyWind,HelpingHand|||F|||50|,,,,,Steel]Annihilape||ChoiceScarf|VitalSpirit|Coaching,FinalGambit,RageFist,Uturn|||M|||50|,,,,,Ghost]Rillaboom||AssaultVest|GrassySurge|FakeOut,GrassyGlide,WoodHammer,Uturn|||M|||50|,,,,,Fire]Indeedee-F||SitrusBerry|PsychicSurge|FollowMe,HelpingHand,HealPulse,DrainingKiss|||F|||50|,,,,,Dark]Amoonguss||RockyHelmet|Regenerator|PollenPuff,Protect,RagePowder,Spore|||F|||50|,,,,,Bug
|showteam|p2|Ursaluna-Bloodmoon||LifeOrb|MindsEye|Protect,BloodMoon,EarthPower,HyperVoice|||M|||50|,,,,,Normal]Electabuzz||Eviolite|VitalSpirit|FollowMe,Taunt,Electroweb,Protect|||M|||50|,,,,,Dragon]Sneasler||PsychicSeed|Unburden|ThroatChop,DireClaw,CloseCombat,Protect|||M|||50|,,,,,Dark]Indeedee||FocusSash|PsychicSurge|ExpandingForce,TrickRoom,HelpingHand,Protect|||M|||50|,,,,,Psychic]Talonflame||CovertCloak|GaleWings|FlareBlitz,DualWingbeat,WillOWisp,Tailwind|||M|||50|,,,,,Fairy]Tatsugiri||ChoiceScarf|StormDrain|IcyWind,DracoMeteor,DragonDance,MuddyWater|||F|||50|,,,,,Fairy
|inactive|Battle timer is ON: inactive players will automatically lose when time's up. (requested by Dawsonschris)
|inactive|duckofjudgement also wants the timer to be on.
|inactive|duckofjudgement has 60 seconds left.
|inactive|duckofjudgement has 30 seconds left.
|inactive|duckofjudgement has 20 seconds left.
|inactive|duckofjudgement has 15 seconds left.
|
|t:|1756582739
|teamsize|p1|4
|teamsize|p2|4
|start
|switch|p1a: Annihilape|Annihilape, L50, M|100/100
|switch|p1b: Alcremie|Alcremie-Salted-Cream, L50, F|100/100
|switch|p2a: Electabuzz|Electabuzz, L50, M|100/100
|switch|p2b: Ursaluna|Ursaluna-Bloodmoon, L50, M|100/100
|turn|1
|
|t:|1756582757
|-terastallize|p2b: Ursaluna|Normal
|move|p2a: Electabuzz|Follow Me|p2a: Electabuzz
|-singleturn|p2a: Electabuzz|move: Follow Me
|move|p1a: Annihilape|Coaching|p1b: Alcremie
|-boost|p1b: Alcremie|atk|1
|-boost|p1b: Alcremie|def|1
|move|p2b: Ursaluna|Hyper Voice|p1a: Annihilape|[spread] p1a,p1b
|-damage|p1a: Annihilape|39/100
|-damage|p1b: Alcremie|43/100
|-damage|p2b: Ursaluna|91/100|[from] item: Life Orb
|move|p1b: Alcremie|Calm Mind|p1b: Alcremie
|-boost|p1b: Alcremie|spa|1
|-boost|p1b: Alcremie|spd|1
|
|upkeep
|turn|2
|
|t:|1756582779
|move|p2a: Electabuzz|Follow Me|p2a: Electabuzz
|-singleturn|p2a: Electabuzz|move: Follow Me
|move|p1a: Annihilape|Coaching|p1b: Alcremie
|-boost|p1b: Alcremie|atk|1
|-boost|p1b: Alcremie|def|1
|move|p2b: Ursaluna|Hyper Voice|p1a: Annihilape|[spread] p1a,p1b
|-damage|p1a: Annihilape|0 fnt
|-damage|p1b: Alcremie|7/100
|faint|p1a: Annihilape
|-damage|p2b: Ursaluna|81/100|[from] item: Life Orb
|move|p1b: Alcremie|Draining Kiss|p2a: Electabuzz
|-damage|p2a: Electabuzz|67/100
|-heal|p1b: Alcremie|31/100|[from] drain|[of] p2a: Electabuzz
|
|upkeep
|
|t:|1756582792
|switch|p1a: Clefairy|Clefairy, L50, F|100/100
|turn|3
|
|t:|1756582800
|move|p1b: Alcremie|Protect|p1b: Alcremie
|-singleturn|p1b: Alcremie|Protect
|move|p2a: Electabuzz|Follow Me|p2a: Electabuzz
|-singleturn|p2a: Electabuzz|move: Follow Me
|move|p2b: Ursaluna|Hyper Voice|p1b: Alcremie|[spread] p1a
|-activate|p1b: Alcremie|move: Protect
|-damage|p1a: Clefairy|59/100
|-damage|p2b: Ursaluna|72/100|[from] item: Life Orb
|move|p1a: Clefairy|Life Dew|p1a: Clefairy|[spread] p1a,p1b
|-heal|p1a: Clefairy|84/100
|-heal|p1b: Alcremie|56/100
|
|upkeep
|turn|4
|
|t:|1756582820
|move|p2a: Electabuzz|Follow Me|p2a: Electabuzz
|-singleturn|p2a: Electabuzz|move: Follow Me
|move|p2b: Ursaluna|Hyper Voice|p1b: Alcremie|[spread] p1a,p1b
|-damage|p1a: Clefairy|37/100
|-damage|p1b: Alcremie|20/100
|-damage|p2b: Ursaluna|62/100|[from] item: Life Orb
|move|p1b: Alcremie|Calm Mind|p1b: Alcremie
|-boost|p1b: Alcremie|spa|1
|-boost|p1b: Alcremie|spd|1
|move|p1a: Clefairy|Life Dew|p1a: Clefairy|[spread] p1a,p1b
|-heal|p1a: Clefairy|62/100
|-heal|p1b: Alcremie|45/100
|
|upkeep
|turn|5
|
|t:|1756582835
|move|p2b: Ursaluna|Protect|p2b: Ursaluna
|-singleturn|p2b: Ursaluna|Protect
|move|p2a: Electabuzz|Taunt|p1a: Clefairy
|-block|p1a: Clefairy|ability: Aroma Veil|[of] p1b: Alcremie
|move|p1b: Alcremie|Calm Mind|p1b: Alcremie
|-boost|p1b: Alcremie|spa|1
|-boost|p1b: Alcremie|spd|1
|move|p1a: Clefairy|Life Dew|p1a: Clefairy|[spread] p1a,p1b
|-heal|p1a: Clefairy|87/100
|-heal|p1b: Alcremie|70/100
|
|upkeep
|turn|6
|
|t:|1756582853
|move|p2a: Electabuzz|Follow Me|p2a: Electabuzz
|-singleturn|p2a: Electabuzz|move: Follow Me
|move|p2b: Ursaluna|Blood Moon|p1a: Clefairy
|-damage|p1a: Clefairy|0 fnt
|faint|p1a: Clefairy
|-damage|p2b: Ursaluna|53/100|[from] item: Life Orb
|move|p1b: Alcremie|Stored Power|p2a: Electabuzz
|-damage|p2a: Electabuzz|0 fnt
|faint|p2a: Electabuzz
|
|upkeep
|
|t:|1756582869
|switch|p2a: Sneasler|Sneasler, L50, M|100/100
|switch|p1a: Rillaboom|Rillaboom, L50, M|100/100
|-fieldstart|move: Grassy Terrain|[from] ability: Grassy Surge|[of] p1a: Rillaboom
|turn|7
|inactive|duckofjudgement has 30 seconds left.
|
|t:|1756582894
|-terastallize|p1b: Alcremie|Steel
|move|p2a: Sneasler|Protect|p2a: Sneasler
|-singleturn|p2a: Sneasler|Protect
|move|p2b: Ursaluna|Protect|p2b: Ursaluna
|-singleturn|p2b: Ursaluna|Protect
|move|p1a: Rillaboom|Fake Out|p2b: Ursaluna
|-activate|p2b: Ursaluna|move: Protect
|move|p1b: Alcremie|Stored Power|p2a: Sneasler
|-activate|p2a: Sneasler|move: Protect
|
|-heal|p2b: Ursaluna|58/100|[from] Grassy Terrain
|-heal|p1b: Alcremie|75/100|[from] Grassy Terrain
|upkeep
|turn|8
|inactive|duckofjudgement has 30 seconds left.
|inactive|Dawsonschris has 30 seconds left.
|
|t:|1756582927
|switch|p2b: Indeedee|Indeedee, L50, M|100/100
|-fieldstart|move: Psychic Terrain|[from] ability: Psychic Surge|[of] p2b: Indeedee
|-enditem|p2a: Sneasler|Psychic Seed
|-boost|p2a: Sneasler|spd|1|[from] item: Psychic Seed
|move|p2a: Sneasler|Dire Claw|p1a: Rillaboom
|-supereffective|p1a: Rillaboom
|-damage|p1a: Rillaboom|7/100
|-status|p1a: Rillaboom|slp
|cant|p1a: Rillaboom|slp
|move|p1b: Alcremie|Stored Power|p2a: Sneasler
|-supereffective|p2a: Sneasler
|-damage|p2a: Sneasler|0 fnt
|faint|p2a: Sneasler
|
|upkeep
|
|t:|1756582943
|switch|p2a: Ursaluna|Ursaluna-Bloodmoon, L50, M, tera:Normal|58/100
|turn|9
|
|t:|1756582960
|move|p1b: Alcremie|Protect|p1b: Alcremie
|-singleturn|p1b: Alcremie|Protect
|move|p2b: Indeedee|Expanding Force|p1a: Rillaboom|[spread] p1a
|-activate|p1b: Alcremie|move: Protect
|-damage|p1a: Rillaboom|0 fnt
|faint|p1a: Rillaboom
|move|p2a: Ursaluna|Earth Power|p1b: Alcremie
|-activate|p1b: Alcremie|move: Protect
|
|upkeep
|turn|10
|
|t:|1756582983
|move|p2b: Indeedee|Helping Hand|p2a: Ursaluna
|-singleturn|p2a: Ursaluna|Helping Hand|[of] p2b: Indeedee
|move|p2a: Ursaluna|Earth Power|p1b: Alcremie
|-supereffective|p1b: Alcremie
|-damage|p1b: Alcremie|12/100
|-damage|p2a: Ursaluna|49/100|[from] item: Life Orb
|move|p1b: Alcremie|Calm Mind|p1b: Alcremie
|-boost|p1b: Alcremie|spa|1
|-boost|p1b: Alcremie|spd|1
|
|upkeep
|turn|11
|-message|duckofjudgement forfeited.
|
|win|Dawsonschris
|l|☆duckofjudgement
|player|p1|
||duckofjudgement is ready for game 2.
