|j|☆pokehys3
|j|☆catsharknado
|html|pokehys3catsharknado    
|uhtml|bestof|Game 3 of a best-of-3
|t:|1754597320
|gametype|doubles
|player|p1|pokehys3|170|1268
|player|p2|catsharknado|266|1172
|gen|9
|tier|[Gen 9] VGC 2025 Reg H (Bo3)
|rated|
|rule|Species Clause: Limit one of each Pokémon
|rule|Item Clause: Limit 1 of each item
|clearpoke
|poke|p1|Gholdengo, L50|
|poke|p1|Sneasler, L50, M|
|poke|p1|Rillaboom, L50, F|
|poke|p1|Dragonite, L50, F|
|poke|p1|Ninetales-Alola, L50, F|
|poke|p1|Annihilape, L50, F|
|poke|p2|Sinistcha, L50|
|poke|p2|Dragonite, L50, M|
|poke|p2|Ursaluna-Bloodmoon, L50, M|
|poke|p2|Sneasler, L50, M|
|poke|p2|Rillaboom, L50, F|
|poke|p2|Incineroar, L50, F|
|teampreview|4
|showteam|p1|Gholdengo||GrassySeed|GoodasGold|NastyPlot,MakeItRain,ShadowBall,Protect||||||50|,,,,,Water]Sneasler||WhiteHerb|Unburden|CloseCombat,DireClaw,Coaching,Protect|||M|||50|,,,,,Ghost]Rillaboom||AssaultVest|GrassySurge|FakeOut,GrassyGlide,WoodHammer,HighHorsepower|||F|||50|,,,,,Fire]Dragonite||LoadedDice|Multiscale|ScaleShot,StompingTantrum,Tailwind,Protect|||F|||50|,,,,,Ground]Ninetales-Alola||FocusSash|SnowWarning|Blizzard,IcyWind,Encore,AuroraVeil|||F|||50|,,,,,Ghost]Annihilape||SafetyGoggles|Defiant|CloseCombat,RageFist,Taunt,FinalGambit|||F|||50|,,,,,Fairy
|showteam|p2|Sinistcha||SitrusBerry|Hospitality|MatchaGotcha,LifeDew,Curse,RagePowder||||||50|,,,,,Fire]Dragonite||LoadedDice|Multiscale|ScaleShot,Tailwind,Haze,Protect|||M|||50|,,,,,Grass]Ursaluna-Bloodmoon||AssaultVest|MindsEye|BloodMoon,EarthPower,HyperVoice,VacuumWave|||M|||50|,,,,,Ghost]Sneasler||FocusSash|PoisonTouch|DireClaw,ThroatChop,CloseCombat,Protect|||M|||50|,,,,,Grass]Rillaboom||MiracleSeed|GrassySurge|WoodHammer,GrassyGlide,Uturn,FakeOut|||F|||50|,,,,,Fire]Incineroar||SafetyGoggles|Intimidate|FlareBlitz,KnockOff,PartingShot,FakeOut|||F|||50|,,,,,Ghost
|inactive|Battle timer is ON: inactive players will automatically lose when time's up. (requested by pokehys3)
|inactive|catsharknado also wants the timer to be on.
|
|t:|1754597349
|teamsize|p1|4
|teamsize|p2|4
|start
|switch|p1a: Annihilape|Annihilape, L50, F|100/100
|switch|p1b: Dragonite|Dragonite, L50, F|100/100
|switch|p2a: Sneasler|Sneasler, L50, M|100/100
|switch|p2b: Ursaluna|Ursaluna-Bloodmoon, L50, M|100/100
|turn|1
|inactive|pokehys3 has 30 seconds left.
|inactive|catsharknado has 30 seconds left.
|
|t:|1754597378
|-terastallize|p2b: Ursaluna|Ghost
|move|p2a: Sneasler|Protect|p2a: Sneasler
|-singleturn|p2a: Sneasler|Protect
|move|p1a: Annihilape|Close Combat|p2a: Sneasler
|-activate|p2a: Sneasler|move: Protect
|move|p1b: Dragonite|Scale Shot|p2a: Sneasler
|-activate|p2a: Sneasler|move: Protect
|move|p2b: Ursaluna|Blood Moon|p1a: Annihilape
|-damage|p1a: Annihilape|34/100
|
|upkeep
|turn|2
|
|t:|1754597394
|move|p2a: Sneasler|Dire Claw|p1b: Dragonite
|-damage|p1b: Dragonite|79/100
|-status|p1b: Dragonite|par
|move|p1a: Annihilape|Rage Fist|p2b: Ursaluna
|-supereffective|p2b: Ursaluna
|-damage|p2b: Ursaluna|45/100
|move|p2b: Ursaluna|Hyper Voice|p1b: Dragonite|[spread] p1a,p1b
|-damage|p1a: Annihilape|1/100
|-damage|p1b: Dragonite|41/100 par
|cant|p1b: Dragonite|par
|
|upkeep
|turn|3
|
|t:|1754597419
|move|p2a: Sneasler|Dire Claw|p1a: Annihilape
|-resisted|p1a: Annihilape
|-damage|p1a: Annihilape|0 fnt
|faint|p1a: Annihilape
|move|p2b: Ursaluna|Hyper Voice|p1b: Dragonite
|-damage|p1b: Dragonite|0 fnt
|faint|p1b: Dragonite
|
|upkeep
|
|t:|1754597430
|switch|p1a: Ninetales|Ninetales-Alola, L50, F|100/100
|switch|p1b: Sneasler|Sneasler, L50, M|100/100
|-weather|Snowscape|[from] ability: Snow Warning|[of] p1a: Ninetales
|turn|4
|
|t:|1754597454
|switch|p2a: Sinistcha|Sinistcha, L50|100/100
|-heal|p2b: Ursaluna|70/100|[from] ability: Hospitality|[of] p2a: Sinistcha
|-terastallize|p1b: Sneasler|Ghost
|move|p1a: Ninetales|Blizzard|p2b: Ursaluna|[spread] p2a,p2b
|-supereffective|p2a: Sinistcha
|-damage|p2a: Sinistcha|49/100
|-damage|p2b: Ursaluna|49/100
|-enditem|p2a: Sinistcha|Sitrus Berry|[eat]
|-heal|p2a: Sinistcha|74/100|[from] item: Sitrus Berry
|move|p1b: Sneasler|Dire Claw|p2b: Ursaluna
|-resisted|p2b: Ursaluna
|-damage|p2b: Ursaluna|35/100
|-status|p2b: Ursaluna|par
|cant|p2b: Ursaluna|par
|
|-weather|Snowscape|[upkeep]
|upkeep
|turn|5
|inactive|pokehys3 has 30 seconds left.
|inactive|pokehys3 has 20 seconds left.
|
|t:|1754597491
|switch|p2a: Incineroar|Incineroar, L50, F|100/100
|-ability|p2a: Incineroar|Intimidate|boost
|-unboost|p1a: Ninetales|atk|1
|-unboost|p1b: Sneasler|atk|1
|-enditem|p1b: Sneasler|White Herb
|-clearnegativeboost|p1b: Sneasler|[silent]
|move|p2b: Ursaluna|Vacuum Wave|p1a: Ninetales
|-damage|p1a: Ninetales|83/100
|move|p1b: Sneasler|Dire Claw|p2b: Ursaluna
|-resisted|p2b: Ursaluna
|-damage|p2b: Ursaluna|19/100 par
|move|p1a: Ninetales|Blizzard|p2b: Ursaluna|[spread] p2a,p2b
|-resisted|p2a: Incineroar
|-damage|p2a: Incineroar|86/100
|-damage|p2b: Ursaluna|0 fnt
|faint|p2b: Ursaluna
|
|-weather|Snowscape|[upkeep]
|upkeep
|
|t:|1754597510
|switch|p2b: Sneasler|Sneasler, L50, M|100/100
|turn|6
|inactive|pokehys3 has 30 seconds left.
|
|t:|1754597542
|move|p1b: Sneasler|Dire Claw|p2b: Sneasler
|-resisted|p2b: Sneasler
|-damage|p2b: Sneasler|62/100
|-status|p2b: Sneasler|slp
|cant|p2b: Sneasler|slp
|move|p1a: Ninetales|Aurora Veil|p1a: Ninetales
|-sidestart|p1: pokehys3|move: Aurora Veil
|move|p2a: Incineroar|Flare Blitz|p1a: Ninetales
|-supereffective|p1a: Ninetales
|-damage|p1a: Ninetales|11/100
|-damage|p2a: Incineroar|68/100|[from] Recoil
|
|-weather|Snowscape|[upkeep]
|upkeep
|turn|7
|
|t:|1754597564
|switch|p2a: Sinistcha|Sinistcha, L50|74/100
|-heal|p2b: Sneasler|87/100 slp|[from] ability: Hospitality|[of] p2a: Sinistcha
|cant|p2b: Sneasler|slp
|move|p1b: Sneasler|Close Combat|p2a: Sinistcha
|-immune|p2a: Sinistcha
|move|p1a: Ninetales|Icy Wind|p2a: Sinistcha|[spread] p2a,p2b
|-supereffective|p2a: Sinistcha
|-damage|p2a: Sinistcha|47/100
|-damage|p2b: Sneasler|65/100 slp
|-unboost|p2a: Sinistcha|spe|1
|-unboost|p2b: Sneasler|spe|1
|
|-weather|Snowscape|[upkeep]
|upkeep
|turn|8
|
|t:|1754597583
|switch|p2a: Incineroar|Incineroar, L50, F|68/100
|-ability|p2a: Incineroar|Intimidate|boost
|-unboost|p1a: Ninetales|atk|1
|-unboost|p1b: Sneasler|atk|1
|-curestatus|p2b: Sneasler|slp|[msg]
|move|p2b: Sneasler|Protect|p2b: Sneasler
|-singleturn|p2b: Sneasler|Protect
|move|p1b: Sneasler|Close Combat|p2b: Sneasler
|-activate|p2b: Sneasler|move: Protect
|move|p1a: Ninetales|Blizzard|p2b: Sneasler|[spread] p2a
|-activate|p2b: Sneasler|move: Protect
|-resisted|p2a: Incineroar
|-damage|p2a: Incineroar|54/100
|
|-weather|none
|upkeep
|turn|9
|inactive|pokehys3 has 30 seconds left.
|inactive|catsharknado has 30 seconds left.
|
|t:|1754597616
|switch|p2a: Sinistcha|Sinistcha, L50|47/100
|-heal|p2b: Sneasler|90/100|[from] ability: Hospitality|[of] p2a: Sinistcha
|move|p1b: Sneasler|Close Combat|p2a: Sinistcha
|-immune|p2a: Sinistcha
|move|p1a: Ninetales|Blizzard|p2a: Sinistcha|[spread] p2a,p2b
|-supereffective|p2a: Sinistcha
|-damage|p2a: Sinistcha|0 fnt
|-damage|p2b: Sneasler|47/100
|faint|p2a: Sinistcha
|move|p2b: Sneasler|Dire Claw|p1a: Ninetales
|-supereffective|p1a: Ninetales
|-damage|p1a: Ninetales|0 fnt
|faint|p1a: Ninetales
|
|upkeep
|
|t:|1754597627
|switch|p2a: Incineroar|Incineroar, L50, F|54/100
|-ability|p2a: Incineroar|Intimidate|boost
|-unboost|p1b: Sneasler|atk|1
|turn|10
|
|t:|1754597635
|move|p1b: Sneasler|Close Combat|p2a: Incineroar
|-supereffective|p2a: Incineroar
|-damage|p2a: Incineroar|0 fnt
|-unboost|p1b: Sneasler|def|1
|-unboost|p1b: Sneasler|spd|1
|faint|p2a: Incineroar
|move|p2b: Sneasler|Throat Chop|p1b: Sneasler
|-supereffective|p1b: Sneasler
|-damage|p1b: Sneasler|33/100
|-start|p1b: Sneasler|Throat Chop|[silent]
|
|-sideend|p1: pokehys3|move: Aurora Veil
|upkeep
|turn|11
|
|t:|1754597650
|move|p1b: Sneasler|Dire Claw|p2b: Sneasler
|-resisted|p2b: Sneasler
|-damage|p2b: Sneasler|30/100
|-status|p2b: Sneasler|slp
|cant|p2b: Sneasler|slp
|
|-end|p1b: Sneasler|Throat Chop|[silent]
|upkeep
|turn|12
|c|☆pokehys3|wow
|c|☆pokehys3|my sneasler rolling the fucking dice today
|
|t:|1754597668
|move|p1b: Sneasler|Close Combat|p2b: Sneasler
|-resisted|p2b: Sneasler
|-damage|p2b: Sneasler|2/100 slp
|-unboost|p1b: Sneasler|def|1
|-unboost|p1b: Sneasler|spd|1
|cant|p2b: Sneasler|slp
|
|upkeep
|turn|13
|
|t:|1754597672
|move|p1b: Sneasler|Close Combat|p2b: Sneasler
|-resisted|p2b: Sneasler
|-damage|p2b: Sneasler|0 fnt
|-unboost|p1b: Sneasler|def|1
|-unboost|p1b: Sneasler|spd|1
|faint|p2b: Sneasler
|
|win|pokehys3
|raw|pokehys3's rating: 1268 → 1286(+18 for winning)
|raw|catsharknado's rating: 1172 → 1154(-18 for losing)
