|j|☆laufey#1fan
|j|☆techinsan3
|html|laufey#1fantechinsan3    
|uhtml|bestof|Game 3 of a best-of-3
|t:|1756529323
|gametype|doubles
|player|p1|laufey#1fan|lady|1175
|player|p2|techinsan3|ghetsis-gen5bw|1206
|gen|9
|tier|[Gen 9] VGC 2025 Reg H (Bo3)
|rated|
|rule|Species Clause: Limit one of each Pokémon
|rule|Item Clause: Limit 1 of each item
|clearpoke
|poke|p1|Gholdengo, L50|
|poke|p1|Ursaluna-Bloodmoon, L50, M|
|poke|p1|Incineroar, L50, F|
|poke|p1|Maushold-Four, L50|
|poke|p1|Annihilape, L50, M|
|poke|p1|Dragonite, L50, F|
|poke|p2|Volcarona, L50, M|
|poke|p2|Rillaboom, L50, F|
|poke|p2|Kingambit, L50, F|
|poke|p2|Electabuzz, L50, M|
|poke|p2|Sneasler, L50, M|
|poke|p2|Dragonite, L50, F|
|teampreview|4
|showteam|p1|Gholdengo||LifeOrb|GoodasGold|MakeItRain,NastyPlot,ShadowBall,Protect||||||50|,,,,,Water]Ursaluna-Bloodmoon||AssaultVest|MindsEye|BloodMoon,EarthPower,HyperVoice,VacuumWave|||M|||50|,,,,,Water]Incineroar||SafetyGoggles|Intimidate|FakeOut,FlareBlitz,PartingShot,KnockOff|||F|||50|,,,,,Ghost]Maushold-Four||FocusSash|FriendGuard|SuperFang,FollowMe,BeatUp,Protect||||||50|,,,,,Grass]Annihilape||SitrusBerry|Defiant|DrainPunch,BulkUp,RageFist,Protect|||M|||50|,,,,,Fire]Dragonite||LoadedDice|Multiscale|ScaleShot,ExtremeSpeed,Protect,Tailwind|||F|||50|,,,,,Fairy
|showteam|p2|Volcarona||CovertCloak|FlameBody|HeatWave,TeraBlast,QuiverDance,Protect|||M|||50|,,,,,Fairy]Rillaboom||AssaultVest|GrassySurge|WoodHammer,GrassyGlide,HighHorsepower,FakeOut|||F|||50|,,,,,Fire]Kingambit||SafetyGoggles|Defiant|KowtowCleave,SuckerPunch,SwordsDance,Protect|||F|||50|,,,,,Dark]Electabuzz||Eviolite|VitalSpirit|Thunderbolt,Taunt,FollowMe,Protect|||M|||50|,,,,,Ghost]Sneasler||FocusSash|Unburden|DireClaw,CloseCombat,Coaching,FakeOut|||M|||50|,,,,,Stellar]Dragonite||LoadedDice|Multiscale|ScaleShot,ExtremeSpeed,Haze,Protect|||F|||50|,,,,,Steel
|
|t:|1756529339
|teamsize|p1|4
|teamsize|p2|4
|start
|switch|p1a: Carousel|Maushold-Four, L50|100/100
|switch|p1b: Sabotage|Annihilape, L50, M, shiny|100/100
|switch|p2a: Volcarona|Volcarona, L50, M, shiny|100/100
|switch|p2b: Electabuzz|Electabuzz, L50, M, shiny|100/100
|turn|1
|
|t:|1756529364
|-terastallize|p1b: Sabotage|Fire
|move|p1a: Carousel|Super Fang|p2b: Electabuzz
|-damage|p2b: Electabuzz|50/100
|move|p1b: Sabotage|Bulk Up|p1b: Sabotage
|-boost|p1b: Sabotage|atk|1
|-boost|p1b: Sabotage|def|1
|move|p2b: Electabuzz|Thunderbolt|p1a: Carousel
|-damage|p1a: Carousel|64/100
|move|p2a: Volcarona|Quiver Dance|p2a: Volcarona
|-boost|p2a: Volcarona|spa|1
|-boost|p2a: Volcarona|spd|1
|-boost|p2a: Volcarona|spe|1
|
|upkeep
|turn|2
|
|t:|1756529377
|move|p2b: Electabuzz|Follow Me|p2b: Electabuzz
|-singleturn|p2b: Electabuzz|move: Follow Me
|move|p2a: Volcarona|Quiver Dance|p2a: Volcarona
|-boost|p2a: Volcarona|spa|1
|-boost|p2a: Volcarona|spd|1
|-boost|p2a: Volcarona|spe|1
|move|p1a: Carousel|Super Fang|p2b: Electabuzz
|-damage|p2b: Electabuzz|26/100
|move|p1b: Sabotage|Bulk Up|p1b: Sabotage
|-boost|p1b: Sabotage|atk|1
|-boost|p1b: Sabotage|def|1
|
|upkeep
|turn|3
|
|t:|1756529389
|switch|p1a: Snow white|Incineroar, L50, F, shiny|100/100
|-ability|p1a: Snow white|Intimidate|boost
|-unboost|p2a: Volcarona|atk|1
|-unboost|p2b: Electabuzz|atk|1
|move|p2b: Electabuzz|Follow Me|p2b: Electabuzz
|-singleturn|p2b: Electabuzz|move: Follow Me
|move|p2a: Volcarona|Quiver Dance|p2a: Volcarona
|-boost|p2a: Volcarona|spa|1
|-boost|p2a: Volcarona|spd|1
|-boost|p2a: Volcarona|spe|1
|move|p1b: Sabotage|Rage Fist|p2b: Electabuzz
|-damage|p2b: Electabuzz|0 fnt
|faint|p2b: Electabuzz
|
|upkeep
|
|t:|1756529397
|switch|p2b: Rillaboom|Rillaboom, L50, F, shiny|100/100
|-fieldstart|move: Grassy Terrain|[from] ability: Grassy Surge|[of] p2b: Rillaboom
|turn|4
|
|t:|1756529408
|switch|p1a: Carousel|Maushold-Four, L50|64/100
|-terastallize|p2a: Volcarona|Fairy
|move|p1b: Sabotage|Protect|p1b: Sabotage
|-singleturn|p1b: Sabotage|Protect
|move|p2b: Rillaboom|Fake Out|p1b: Sabotage
|-activate|p1b: Sabotage|move: Protect
|move|p2a: Volcarona|Tera Blast|p1a: Carousel|[anim] Tera Blast Fairy
|-damage|p1a: Carousel|0 fnt
|faint|p1a: Carousel
|
|upkeep
|
|t:|1756529418
|switch|p1a: Snow white|Incineroar, L50, F, shiny|100/100
|-ability|p1a: Snow white|Intimidate|boost
|-unboost|p2a: Volcarona|atk|1
|-unboost|p2b: Rillaboom|atk|1
|turn|5
|
|t:|1756529426
|move|p1a: Snow white|Fake Out|p2b: Rillaboom
|-damage|p2b: Rillaboom|87/100
|move|p2a: Volcarona|Tera Blast|p1a: Snow white|[anim] Tera Blast Fairy
|-damage|p1a: Snow white|17/100
|move|p1b: Sabotage|Rage Fist|p2a: Volcarona
|-damage|p2a: Volcarona|52/100
|cant|p2b: Rillaboom|flinch
|
|-heal|p2a: Volcarona|58/100|[from] Grassy Terrain
|-heal|p2b: Rillaboom|93/100|[from] Grassy Terrain
|-heal|p1a: Snow white|23/100|[from] Grassy Terrain
|upkeep
|turn|6
|
|t:|1756529450
|switch|p1a: Clear Air|Dragonite, L50, F|100/100
|move|p2a: Volcarona|Protect|p2a: Volcarona
|-singleturn|p2a: Volcarona|Protect
|move|p1b: Sabotage|Bulk Up|p1b: Sabotage
|-boost|p1b: Sabotage|atk|1
|-boost|p1b: Sabotage|def|1
|move|p2b: Rillaboom|High Horsepower|p1a: Clear Air
|-immune|p1a: Clear Air
|
|-heal|p2a: Volcarona|64/100|[from] Grassy Terrain
|-heal|p2b: Rillaboom|99/100|[from] Grassy Terrain
|upkeep
|turn|7
|
|t:|1756529473
|switch|p1a: Snow white|Incineroar, L50, F, shiny|23/100
|-ability|p1a: Snow white|Intimidate|boost
|-unboost|p2a: Volcarona|atk|1
|-unboost|p2b: Rillaboom|atk|1
|move|p2a: Volcarona|Tera Blast|p1a: Snow white|[anim] Tera Blast Fairy
|-damage|p1a: Snow white|0 fnt
|faint|p1a: Snow white
|move|p1b: Sabotage|Rage Fist|p2a: Volcarona
|-damage|p2a: Volcarona|5/100
|move|p2b: Rillaboom|High Horsepower|p1b: Sabotage
|-supereffective|p1b: Sabotage
|-damage|p1b: Sabotage|87/100
|
|-heal|p2a: Volcarona|11/100|[from] Grassy Terrain
|-heal|p1b: Sabotage|93/100|[from] Grassy Terrain
|-heal|p2b: Rillaboom|100/100|[from] Grassy Terrain
|upkeep
|
|t:|1756529486
|switch|p1a: Clear Air|Dragonite, L50, F|100/100
|turn|8
|
|t:|1756529505
|switch|p2b: Sneasler|Sneasler, L50, M, shiny|100/100
|move|p2a: Volcarona|Protect|p2a: Volcarona
|-singleturn|p2a: Volcarona|Protect
|move|p1a: Clear Air|Extreme Speed|p2a: Volcarona
|-activate|p2a: Volcarona|move: Protect
|move|p1b: Sabotage|Rage Fist|p2b: Sneasler
|-enditem|p2b: Sneasler|Focus Sash
|-damage|p2b: Sneasler|1/100
|
|-heal|p2b: Sneasler|7/100|[from] Grassy Terrain
|-heal|p2a: Volcarona|17/100|[from] Grassy Terrain
|-heal|p1b: Sabotage|99/100|[from] Grassy Terrain
|-fieldend|move: Grassy Terrain
|upkeep
|turn|9
|
|t:|1756529531
|move|p1b: Sabotage|Protect|p1b: Sabotage
|-singleturn|p1b: Sabotage|Protect
|move|p1a: Clear Air|Protect|p1a: Clear Air
|-singleturn|p1a: Clear Air|Protect
|move|p2b: Sneasler|Fake Out|p1b: Sabotage
|-activate|p1b: Sabotage|move: Protect
|move|p2a: Volcarona|Heat Wave|p1a: Clear Air|[spread] 
|-activate|p1a: Clear Air|move: Protect
|-activate|p1b: Sabotage|move: Protect
|
|upkeep
|turn|10
|
|t:|1756529538
|move|p2a: Volcarona|Protect|p2a: Volcarona
|-singleturn|p2a: Volcarona|Protect
|move|p1a: Clear Air|Extreme Speed|p2a: Volcarona
|-activate|p2a: Volcarona|move: Protect
|move|p2b: Sneasler|Dire Claw|p1a: Clear Air
|-damage|p1a: Clear Air|79/100
|-status|p1a: Clear Air|slp
|move|p1b: Sabotage|Rage Fist|p2b: Sneasler
|-damage|p2b: Sneasler|0 fnt
|faint|p2b: Sneasler
|
|upkeep
|
|t:|1756529549
|switch|p2b: Rillaboom|Rillaboom, L50, F, shiny|100/100
|-fieldstart|move: Grassy Terrain|[from] ability: Grassy Surge|[of] p2b: Rillaboom
|turn|11
|
|t:|1756529560
|move|p1b: Sabotage|Protect|p1b: Sabotage
|-singleturn|p1b: Sabotage|Protect
|cant|p1a: Clear Air|slp
|move|p2a: Volcarona|Heat Wave|p1b: Sabotage|[spread] p1a
|-activate|p1b: Sabotage|move: Protect
|-resisted|p1a: Clear Air
|-damage|p1a: Clear Air|31/100 slp
|move|p2b: Rillaboom|High Horsepower|p1b: Sabotage
|-activate|p1b: Sabotage|move: Protect
|
|-heal|p2a: Volcarona|23/100|[from] Grassy Terrain
|-heal|p1b: Sabotage|100/100|[from] Grassy Terrain
|upkeep
|turn|12
|
|t:|1756529570
|cant|p1a: Clear Air|slp
|move|p2a: Volcarona|Heat Wave|p1a: Clear Air|[spread] p1a,p1b
|-resisted|p1a: Clear Air
|-resisted|p1b: Sabotage
|-damage|p1a: Clear Air|0 fnt
|-damage|p1b: Sabotage|55/100
|faint|p1a: Clear Air
|move|p1b: Sabotage|Rage Fist|p2b: Rillaboom
|-damage|p2b: Rillaboom|0 fnt
|faint|p2b: Rillaboom
|
|-heal|p2a: Volcarona|30/100|[from] Grassy Terrain
|-heal|p1b: Sabotage|61/100|[from] Grassy Terrain
|upkeep
|turn|13
|
|t:|1756529582
|move|p2a: Volcarona|Heat Wave|p1b: Sabotage
|-resisted|p1b: Sabotage
|-damage|p1b: Sabotage|3/100
|-enditem|p1b: Sabotage|Sitrus Berry|[eat]
|-heal|p1b: Sabotage|28/100|[from] item: Sitrus Berry
|move|p1b: Sabotage|Rage Fist|p2a: Volcarona
|-damage|p2a: Volcarona|0 fnt
|faint|p2a: Volcarona
|
|win|laufey#1fan
|raw|laufey#1fan's rating: 1175 → 1202(+27 for winning)
|raw|techinsan3's rating: 1206 → 1179(-27 for losing)
|l|☆techinsan3
|player|p2|
