|j|☆Crying Flurmels
|j|☆PugBurro
|html|Crying FlurmelsPugBurro    
|uhtml|bestof|Game 1 of a best-of-3
|t:|1756927007
|gametype|doubles
|player|p1|Crying Flurmels|102|
|player|p2|PugBurro|red|
|gen|9
|tier|[Gen 9] VGC 2025 Reg H (Bo3)
|rule|Species Clause: Limit one of each Pokémon
|rule|Item Clause: Limit 1 of each item
|clearpoke
|poke|p1|Murkrow, L50, F|
|poke|p1|Volcarona, L50, F|
|poke|p1|Sneasler, L50, M|
|poke|p1|Kingambit, L50, F|
|poke|p1|Dragonite, L50, M|
|poke|p1|Rillaboom, L50, M|
|poke|p2|Archaludon, L50, F|
|poke|p2|Pelipper, L50, F|
|poke|p2|Basculegion, L50, M|
|poke|p2|Sneasler, L50, F|
|poke|p2|Amoonguss, L50, F|
|poke|p2|Maushold, L50|
|teampreview|4
|showteam|p1|Murkrow||Eviolite|Prankster|FoulPlay,Tailwind,Haze,SunnyDay|||F|||50|,,,,,Ghost]Volcarona||CovertCloak|FlameBody|HeatWave,TeraBlast,QuiverDance,Protect|||F|||50|,,,,,Water]Sneasler||GrassySeed|Unburden|DireClaw,CloseCombat,Protect,Coaching|||M|||50|,,,,,Stellar]Kingambit||BlackGlasses|Defiant|KowtowCleave,SuckerPunch,SwordsDance,Protect|||F|||50|,,,,,Dark]Dragonite||ChoiceBand|InnerFocus|Outrage,StompingTantrum,LowKick,ExtremeSpeed|||M|||50|,,,,,Normal]Rillaboom||MiracleSeed|GrassySurge|WoodHammer,GrassyGlide,Uturn,FakeOut|||M|||50|,,,,,Fire
|showteam|p2|Archaludon||AssaultVest|Stamina|ElectroShot,DracoMeteor,FlashCannon,BodyPress|||F|||50|,,,,,Fairy]Pelipper||CovertCloak|Drizzle|WeatherBall,Hurricane,Tailwind,Protect|||F|||50|,,,,,Steel]Basculegion||MysticWater|SwiftSwim|WaveCrash,LastRespects,AquaJet,Protect|||M|||50|,,,,,Grass]Sneasler||FocusSash|Unburden|CloseCombat,DireClaw,FakeOut,Protect|||F|||50|,,,,,Stellar]Amoonguss||SitrusBerry|Regenerator|Spore,RagePowder,PollenPuff,ClearSmog|||F|||50|,,,,,Water]Maushold||WideLens|Technician|PopulationBomb,FollowMe,Taunt,Protect||||||50|,,,,,Ghost
|c|☆Crying Flurmels|glhf
|c|☆PugBurro|u22
|
|t:|1756927039
|teamsize|p1|4
|teamsize|p2|4
|start
|switch|p1a: Murkrow|Murkrow, L50, F|100/100
|switch|p1b: Volcarona|Volcarona, L50, F|100/100
|switch|p2a: Archaludon|Archaludon, L50, F, shiny|100/100
|switch|p2b: Sneasler|Sneasler, L50, F, shiny|100/100
|turn|1
|
|t:|1756927071
|-terastallize|p1a: Murkrow|Ghost
|move|p2b: Sneasler|Fake Out|p1a: Murkrow
|-immune|p1a: Murkrow
|move|p1a: Murkrow|Sunny Day|p1a: Murkrow
|-weather|SunnyDay
|move|p1b: Volcarona|Quiver Dance|p1b: Volcarona
|-boost|p1b: Volcarona|spa|1
|-boost|p1b: Volcarona|spd|1
|-boost|p1b: Volcarona|spe|1
|move|p2a: Archaludon|Draco Meteor|p1b: Volcarona
|-damage|p1b: Volcarona|62/100
|-unboost|p2a: Archaludon|spa|2
|
|-weather|SunnyDay|[upkeep]
|upkeep
|turn|2
|
|t:|1756927099
|switch|p2a: Pelipper|Pelipper, L50, F, shiny|100/100
|-weather|RainDance|[from] ability: Drizzle|[of] p2a: Pelipper
|move|p1a: Murkrow|Sunny Day|p1a: Murkrow
|-weather|SunnyDay
|move|p1b: Volcarona|Heat Wave|p2b: Sneasler|[spread] p2a,p2b
|-resisted|p2a: Pelipper
|-damage|p2a: Pelipper|42/100
|-enditem|p2b: Sneasler|Focus Sash
|-damage|p2b: Sneasler|1/100
|-status|p2b: Sneasler|brn
|move|p2b: Sneasler|Dire Claw|p1b: Volcarona
|-damage|p1b: Volcarona|37/100
|
|-weather|SunnyDay|[upkeep]
|-damage|p2b: Sneasler|0 fnt|[from] brn
|faint|p2b: Sneasler
|upkeep
|
|t:|1756927114
|switch|p2b: Archaludon|Archaludon, L50, F, shiny|100/100
|turn|3
|
|t:|1756927125
|move|p2a: Pelipper|Protect|p2a: Pelipper
|-singleturn|p2a: Pelipper|Protect
|move|p1b: Volcarona|Heat Wave|p2a: Pelipper|[spread] p2b
|-activate|p2a: Pelipper|move: Protect
|-damage|p2b: Archaludon|38/100
|-ability|p2b: Archaludon|Stamina|boost
|-boost|p2b: Archaludon|def|1
|move|p2b: Archaludon|Draco Meteor|p1b: Volcarona
|-damage|p1b: Volcarona|0 fnt
|-unboost|p2b: Archaludon|spa|2
|faint|p1b: Volcarona
|move|p1a: Murkrow|Foul Play|p2a: Pelipper
|-activate|p2a: Pelipper|move: Protect
|
|-weather|SunnyDay|[upkeep]
|upkeep
|
|t:|1756927138
|switch|p1b: Sneasler|Sneasler, L50, M|100/100
|turn|4
|
|t:|1756927150
|switch|p2b: Amoonguss|Amoonguss, L50, F, shiny|100/100
|move|p1b: Sneasler|Protect|p1b: Sneasler
|-singleturn|p1b: Sneasler|Protect
|move|p1a: Murkrow|Haze|p1a: Murkrow
|-clearallboost
|move|p2a: Pelipper|Tailwind|p2a: Pelipper
|-sidestart|p2: PugBurro|move: Tailwind
|
|-weather|SunnyDay|[upkeep]
|upkeep
|turn|5
|
|t:|1756927179
|switch|p2a: Archaludon|Archaludon, L50, F, shiny|38/100
|move|p1a: Murkrow|Tailwind|p1a: Murkrow
|-sidestart|p1: Crying Flurmels|move: Tailwind
|move|p1b: Sneasler|Dire Claw|p2b: Amoonguss
|-damage|p2b: Amoonguss|65/100
|move|p2b: Amoonguss|Pollen Puff|p2a: Archaludon
|-heal|p2a: Archaludon|88/100
|
|-weather|SunnyDay|[upkeep]
|upkeep
|turn|6
|
|t:|1756927215
|switch|p1a: Kingambit|Kingambit, L50, F, shiny|100/100
|move|p2b: Amoonguss|Rage Powder|p2b: Amoonguss
|-singleturn|p2b: Amoonguss|move: Rage Powder
|move|p1b: Sneasler|Coaching|p1a: Kingambit
|-boost|p1a: Kingambit|atk|1
|-boost|p1a: Kingambit|def|1
|move|p2a: Archaludon|Flash Cannon|p1b: Sneasler
|-damage|p1b: Sneasler|52/100
|
|-weather|none
|upkeep
|turn|7
|
|t:|1756927245
|-terastallize|p2a: Archaludon|Fairy
|move|p2b: Amoonguss|Rage Powder|p2b: Amoonguss
|-singleturn|p2b: Amoonguss|move: Rage Powder
|move|p1b: Sneasler|Dire Claw|p2b: Amoonguss
|-damage|p2b: Amoonguss|32/100
|-enditem|p2b: Amoonguss|Sitrus Berry|[eat]
|-heal|p2b: Amoonguss|57/100|[from] item: Sitrus Berry
|move|p2a: Archaludon|Body Press|p1a: Kingambit
|-supereffective|p1a: Kingambit
|-damage|p1a: Kingambit|44/100
|move|p1a: Kingambit|Kowtow Cleave|p2b: Amoonguss
|-damage|p2b: Amoonguss|0 fnt
|faint|p2b: Amoonguss
|
|-sideend|p2: PugBurro|move: Tailwind
|upkeep
|
|t:|1756927259
|switch|p2b: Pelipper|Pelipper, L50, F, shiny|42/100
|-weather|RainDance|[from] ability: Drizzle|[of] p2b: Pelipper
|turn|8
|
|t:|1756927279
|move|p2b: Pelipper|Protect|p2b: Pelipper
|-singleturn|p2b: Pelipper|Protect
|move|p1b: Sneasler|Dire Claw|p2a: Archaludon
|-supereffective|p2a: Archaludon
|-damage|p2a: Archaludon|32/100
|-ability|p2a: Archaludon|Stamina|boost
|-boost|p2a: Archaludon|def|1
|move|p1a: Kingambit|Kowtow Cleave|p2a: Archaludon
|-resisted|p2a: Archaludon
|-damage|p2a: Archaludon|12/100
|-ability|p2a: Archaludon|Stamina|boost
|-boost|p2a: Archaludon|def|1
|move|p2a: Archaludon|Electro Shot||[still]
|-prepare|p2a: Archaludon|Electro Shot
|-boost|p2a: Archaludon|spa|1
|-anim|p2a: Archaludon|Electro Shot|p1b: Sneasler
|-damage|p1b: Sneasler|0 fnt
|faint|p1b: Sneasler
|
|-weather|RainDance|[upkeep]
|-sideend|p1: Crying Flurmels|move: Tailwind
|upkeep
|
|t:|1756927291
|switch|p1b: Murkrow|Murkrow, L50, F, tera:Ghost|100/100
|turn|9
|
|t:|1756927307
|move|p1b: Murkrow|Tailwind|p1b: Murkrow
|-sidestart|p1: Crying Flurmels|move: Tailwind
|move|p1a: Kingambit|Sucker Punch|p2a: Archaludon
|-resisted|p2a: Archaludon
|-damage|p2a: Archaludon|1/100
|-ability|p2a: Archaludon|Stamina|boost
|-boost|p2a: Archaludon|def|1
|move|p2a: Archaludon|Body Press|p1a: Kingambit
|-supereffective|p1a: Kingambit
|-damage|p1a: Kingambit|0 fnt
|faint|p1a: Kingambit
|move|p2b: Pelipper|Weather Ball|p1b: Murkrow
|-damage|p1b: Murkrow|21/100
|
|-weather|RainDance|[upkeep]
|upkeep
|turn|10
|c|☆PugBurro|ggs
|-message|Crying Flurmels forfeited.
|
|win|PugBurro
||Crying Flurmels is ready for game 2.
||PugBurro is ready for game 2.
|uhtml|next|Next: Game 2 of 3
|l|☆PugBurro
|player|p2|
|l|☆Crying Flurmels
|player|p1|
|j|☆Crying Flurmels
|player|p1|Crying Flurmels|102|
