|j|☆tamagotchai-03
|j|☆ToastedArt
|html|tamagotchai-03ToastedArt    
|uhtml|bestof|Game 1 of a best-of-3
|t:|1785613845
|gametype|doubles
|player|p1|tamagotchai-03|1|1148
|player|p2|ToastedArt|iris|1043
|gen|9
|tier|[Gen 9 Champions] VGC 2026 Reg M-B (Bo3)
|rated|
|rule|Species Clause: Limit one of each Pokémon
|rule|Item Clause: Limit 1 of each item
|clearpoke
|poke|p1|Froslass, L50, F|
|poke|p1|Kingambit, L50, F|
|poke|p1|Sinistcha, L50|
|poke|p1|Blaziken, L50, M|
|poke|p1|Basculegion, L50, M|
|poke|p1|Sneasler, L50, F|
|poke|p2|Sneasler, L50, M|
|poke|p2|Incineroar, L50, M|
|poke|p2|Sinistcha, L50|
|poke|p2|Floette-Eternal, L50, F|
|poke|p2|Blastoise, L50, F|
|poke|p2|Kingambit, L50, M|
|teampreview|4
|showteam|p1|Froslass||Froslassite|CursedBody|Blizzard,ShadowBall,WillOWisp,Protect|Modest||F|||50|]Kingambit||LifeOrb|Defiant|KowtowCleave,SuckerPunch,SwordsDance,Protect|Adamant||F|||50|]Sinistcha||KasibBerry|Hospitality|MatchaGotcha,RagePowder,LifeDew,Protect|Relaxed|||||50|]Blaziken||Blazikenite|SpeedBoost|FlareBlitz,CloseCombat,RockSlide,Protect|Adamant||M|||50|]Basculegion||ChoiceScarf|Adaptability|WaveCrash,AquaJet,LastRespects,FlipTurn|Adamant||M|||50|]Sneasler||FocusSash|PoisonTouch|DireClaw,CloseCombat,Coaching,FakeOut|Adamant||F|||50|
|showteam|p2|Sneasler||FocusSash|PoisonTouch|CloseCombat,PoisonJab,FakeOut,QuickGuard|Jolly||M|||50|]Incineroar||SitrusBerry|Intimidate|FlareBlitz,DarkestLariat,PartingShot,FakeOut|Impish||M|||50|]Sinistcha||KasibBerry|Hospitality|MatchaGotcha,RagePowder,TrickRoom,Protect|Relaxed|||||50|]Floette-Eternal||Floettite|FlowerVeil|DazzlingGleam,DrainingKiss,CalmMind,Protect|Modest||F|||50|]Blastoise||Blastoisinite|Torrent|WaterSpout,DarkPulse,ShellSmash,Protect|Modest||F|||50|]Kingambit||BlackGlasses|Defiant|KowtowCleave,SuckerPunch,SwordsDance,Protect|Adamant||M|||50|
|inactive|Battle timer is ON: inactive players will automatically lose when time's up. (requested by ToastedArt)
|inactive|tamagotchai-03 also wants the timer to be on.
|inactive|ToastedArt has 60 seconds left.
|inactive|ToastedArt has 30 seconds left.
|inactive|ToastedArt has 20 seconds left.
|inactive|ToastedArt has 15 seconds left.
|inactive|ToastedArt has 10 seconds left.
|inactive|ToastedArt has 5 seconds left.
|
|t:|1785613932
|teamsize|p1|4
|teamsize|p2|4
|start
|switch|p1a: Froslass|Froslass, L50, F|100/100
|switch|p1b: Sinistcha|Sinistcha, L50|100/100
|switch|p2a: Sneasler|Sneasler, L50, M|100/100
|switch|p2b: Floette|Floette-Eternal, L50, F|100/100
|turn|1
|
|t:|1785613952
|switch|p2a: Incineroar|Incineroar, L50, M|100/100
|-ability|p2a: Incineroar|Intimidate|boost
|-unboost|p1a: Froslass|atk|1
|-unboost|p1b: Sinistcha|atk|1
|detailschange|p1a: Froslass|Froslass-Mega, L50, F
|-mega|p1a: Froslass|Froslass|Froslassite
|-weather|Snowscape|[from] ability: Snow Warning|[of] p1a: Froslass
|detailschange|p2b: Floette|Floette-Mega, L50, F
|-mega|p2b: Floette|Floette|Floettite
|-ability|p2b: Floette|Fairy Aura
|move|p1a: Froslass|Blizzard|p2b: Floette|[spread] p2a,p2b
|-resisted|p2a: Incineroar|1
|-damage|p2a: Incineroar|79/100
|-damage|p2b: Floette|67/100
|move|p2b: Floette|Calm Mind|p2b: Floette
|-boost|p2b: Floette|spa|1
|-boost|p2b: Floette|spd|1
|move|p1b: Sinistcha|Matcha Gotcha|p2a: Incineroar|[spread] p2a,p2b
|-resisted|p2a: Incineroar|1
|-crit|p2a: Incineroar
|-damage|p2a: Incineroar|61/100
|-damage|p2b: Floette|53/100
|
|-weather|Snowscape|[upkeep]
|upkeep
|turn|2
|
|t:|1785613975
|move|p1a: Froslass|Protect|p1a: Froslass
|-singleturn|p1a: Froslass|Protect
|move|p2b: Floette|Draining Kiss|p1b: Sinistcha
|-damage|p1b: Sinistcha|49/100
|-heal|p2b: Floette|95/100|[from] drain|[of] p1b: Sinistcha
|move|p1b: Sinistcha|Life Dew||[still]|[spread] p1a,p1b
|-fail|p1a: Froslass|heal
|-heal|p1b: Sinistcha|74/100
|move|p2a: Incineroar|Parting Shot|p1a: Froslass
|-activate|p1a: Froslass|move: Protect
|
|-weather|Snowscape|[upkeep]
|upkeep
|turn|3
|
|t:|1785613996
|move|p1a: Froslass|Blizzard|p2a: Incineroar|[spread] p2a,p2b
|-resisted|p2a: Incineroar|1
|-damage|p2a: Incineroar|41/100
|-damage|p2b: Floette|71/100
|-status|p2a: Incineroar|frz
|-enditem|p2a: Incineroar|Sitrus Berry|[eat]
|-heal|p2a: Incineroar|65/100 frz|[from] item: Sitrus Berry
|move|p2b: Floette|Draining Kiss|p1b: Sinistcha
|-damage|p1b: Sinistcha|22/100
|-heal|p2b: Floette|100/100|[from] drain|[of] p1b: Sinistcha
|move|p1b: Sinistcha|Matcha Gotcha|p2b: Floette|[spread] p2a,p2b
|-resisted|p2a: Incineroar|1
|-damage|p2a: Incineroar|53/100 frz
|-heal|p1b: Sinistcha|29/100|[from] drain|[of] p2a: Incineroar
|-damage|p2b: Floette|88/100
|-heal|p1b: Sinistcha|34/100|[from] drain|[of] p2b: Floette
|-curestatus|p2a: Incineroar|frz|[msg]
|move|p2a: Incineroar|Flare Blitz|p1a: Froslass
|-supereffective|p1a: Froslass|1
|-damage|p1a: Froslass|19/100
|-damage|p2a: Incineroar|31/100|[from] Recoil
|
|-weather|Snowscape|[upkeep]
|upkeep
|turn|4
|
|t:|1785614020
|move|p1b: Sinistcha|Protect|p1b: Sinistcha
|-singleturn|p1b: Sinistcha|Protect
|move|p1a: Froslass|Shadow Ball|p2a: Incineroar
|-resisted|p2a: Incineroar|1
|-damage|p2a: Incineroar|10/100
|move|p2b: Floette|Dazzling Gleam|p1a: Froslass|[spread] p1a
|-activate|p1b: Sinistcha|move: Protect
|-damage|p1a: Froslass|0 fnt
|faint|p1a: Froslass
|move|p2a: Incineroar|Flare Blitz|p1b: Sinistcha
|-activate|p1b: Sinistcha|move: Protect
|
|-weather|Snowscape|[upkeep]
|upkeep
|
|t:|1785614021
|switch|p1a: Blaziken|Blaziken, L50, M|100/100
|turn|5
|
|t:|1785614027
|switch|p2a: Sinistcha|Sinistcha, L50|100/100
|-heal|p2b: Floette|100/100|[from] ability: Hospitality|[of] p2a: Sinistcha
|move|p1a: Blaziken|Protect|p1a: Blaziken
|-singleturn|p1a: Blaziken|Protect
|move|p1b: Sinistcha|Protect|p1b: Sinistcha
|-singleturn|p1b: Sinistcha|Protect
|move|p2b: Floette|Draining Kiss|p1a: Blaziken
|-activate|p1a: Blaziken|move: Protect
|
|-weather|none
|-ability|p1a: Blaziken|Speed Boost|boost
|-boost|p1a: Blaziken|spe|1
|upkeep
|turn|6
|inactive|ToastedArt has 30 seconds left.
|
|t:|1785614060
|move|p1b: Sinistcha|Rage Powder|p1b: Sinistcha
|-singleturn|p1b: Sinistcha|move: Rage Powder
|move|p2a: Sinistcha|Rage Powder|p2a: Sinistcha
|-singleturn|p2a: Sinistcha|move: Rage Powder
|move|p1a: Blaziken|Rock Slide|p2b: Floette|[spread] p2a,p2b
|-damage|p2a: Sinistcha|83/100
|-damage|p2b: Floette|78/100
|cant|p2b: Floette|flinch
|
|-ability|p1a: Blaziken|Speed Boost|boost
|-boost|p1a: Blaziken|spe|1
|upkeep
|turn|7
|
|t:|1785614079
|move|p2a: Sinistcha|Rage Powder|p2a: Sinistcha
|-singleturn|p2a: Sinistcha|move: Rage Powder
|move|p1a: Blaziken|Rock Slide|p2a: Sinistcha|[spread] p2a,p2b
|-damage|p2a: Sinistcha|64/100
|-damage|p2b: Floette|56/100
|move|p2b: Floette|Draining Kiss|p1a: Blaziken
|-damage|p1a: Blaziken|8/100
|-heal|p2b: Floette|100/100|[from] drain|[of] p1a: Blaziken
|move|p1b: Sinistcha|Life Dew|p1b: Sinistcha|[spread] p1a,p1b
|-heal|p1a: Blaziken|33/100
|-heal|p1b: Sinistcha|60/100
|
|-ability|p1a: Blaziken|Speed Boost|boost
|-boost|p1a: Blaziken|spe|1
|upkeep
|turn|8
|
|t:|1785614096
|switch|p2a: Incineroar|Incineroar, L50, M|10/100
|-ability|p2a: Incineroar|Intimidate|boost
|-unboost|p1a: Blaziken|atk|1
|-unboost|p1b: Sinistcha|atk|1
|move|p1b: Sinistcha|Rage Powder|p1b: Sinistcha
|-singleturn|p1b: Sinistcha|move: Rage Powder
|move|p1a: Blaziken|Rock Slide|p2b: Floette|[spread] p2a,p2b
|-supereffective|p2a: Incineroar|1
|-damage|p2a: Incineroar|0 fnt
|-damage|p2b: Floette|85/100
|faint|p2a: Incineroar
|cant|p2b: Floette|flinch
|
|-ability|p1a: Blaziken|Speed Boost|boost
|-boost|p1a: Blaziken|spe|1
|upkeep
|
|t:|1785614113
|switch|p2a: Sinistcha|Sinistcha, L50|64/100
|-heal|p2b: Floette|100/100|[from] ability: Hospitality|[of] p2a: Sinistcha
|turn|9
|
|t:|1785614119
|move|p2a: Sinistcha|Rage Powder|p2a: Sinistcha
|-singleturn|p2a: Sinistcha|move: Rage Powder
|move|p1a: Blaziken|Rock Slide|p2b: Floette|[spread] p2a,p2b
|-damage|p2a: Sinistcha|53/100
|-damage|p2b: Floette|85/100
|move|p2b: Floette|Draining Kiss|p1a: Blaziken
|-damage|p1a: Blaziken|0 fnt
|-heal|p2b: Floette|100/100|[from] drain|[of] p1a: Blaziken
|faint|p1a: Blaziken
|move|p1b: Sinistcha|Life Dew|p1b: Sinistcha
|-heal|p1b: Sinistcha|85/100
|
|upkeep
|
|t:|1785614119
|switch|p1a: Basculegion|Basculegion, L50, M|100/100
|turn|10
|
|t:|1785614135
|move|p2a: Sinistcha|Rage Powder|p2a: Sinistcha
|-singleturn|p2a: Sinistcha|move: Rage Powder
|move|p1a: Basculegion|Last Respects|p2a: Sinistcha
|-supereffective|p2a: Sinistcha|1
|-enditem|p2a: Sinistcha|Kasib Berry|[eat]
|-enditem|p2a: Sinistcha|Kasib Berry|[weaken]
|-damage|p2a: Sinistcha|0 fnt
|faint|p2a: Sinistcha
|move|p2b: Floette|Draining Kiss|p1a: Basculegion
|-damage|p1a: Basculegion|27/100
|move|p1b: Sinistcha|Life Dew|p1b: Sinistcha|[spread] p1a,p1b
|-heal|p1a: Basculegion|52/100
|-heal|p1b: Sinistcha|100/100
|
|upkeep
|
|t:|1785614146
|switch|p2a: Sneasler|Sneasler, L50, M|100/100
|turn|11
|
|t:|1785614152
|move|p1a: Basculegion|Last Respects|p2b: Floette
|-crit|p2b: Floette
|-damage|p2b: Floette|0 fnt
|faint|p2b: Floette
|move|p2a: Sneasler|Poison Jab|p1a: Basculegion
|-resisted|p1a: Basculegion|1
|-damage|p1a: Basculegion|25/100
|-status|p1a: Basculegion|psn
|move|p1b: Sinistcha|Life Dew||[still]|[spread] p1a,p1b
|-heal|p1a: Basculegion|50/100g psn
|-fail|p1b: Sinistcha|heal
|
|-damage|p1a: Basculegion|38/100 psn|[from] psn
|upkeep
|turn|12
|
|t:|1785614162
|move|p1a: Basculegion|Last Respects|p2a: Sneasler
|-enditem|p2a: Sneasler|Focus Sash
|-damage|p2a: Sneasler|1/100
|move|p2a: Sneasler|Poison Jab|p1b: Sinistcha
|-damage|p1b: Sinistcha|66/100
|move|p1b: Sinistcha|Matcha Gotcha|p2a: Sneasler
|-resisted|p2a: Sneasler|1
|-damage|p2a: Sneasler|0 fnt
|-heal|p1b: Sinistcha|66/100|[from] drain|[of] p2a: Sneasler
|faint|p2a: Sneasler
|
|win|tamagotchai-03
