|j|☆Bulba_Ssauroo
|j|☆Gworf
|html|Bulba_SsaurooGworf    
|uhtml|bestof|Game 2 of a best-of-3
|t:|1757699774
|gametype|doubles
|player|p1|Bulba_Ssauroo|2|1057
|player|p2|Gworf|acetrainer-gen4dp|1067
|gen|9
|tier|[Gen 9] VGC 2025 Reg H (Bo3)
|rated|
|rule|Species Clause: Limit one of each Pokémon
|rule|Item Clause: Limit 1 of each item
|clearpoke
|poke|p1|Gholdengo, L50|
|poke|p1|Sneasler, L50, M|
|poke|p1|Rillaboom, L50, M|
|poke|p1|Dragonite, L50, F|
|poke|p1|Ninetales-Alola, L50, M|
|poke|p1|Arcanine-Hisui, L50, F|
|poke|p2|Ninetales, L50, M|
|poke|p2|Scizor, L50, M|
|poke|p2|Charizard, L50, F|
|poke|p2|Jumpluff, L50, F|
|poke|p2|Zoroark-Hisui, L50, M|
|poke|p2|Gastrodon, L50, F|
|teampreview|4
|showteam|p1|Gholdengo||GrassySeed|GoodasGold|NastyPlot,MakeItRain,ShadowBall,Protect||||||50|,,,,,Water]Sneasler||WhiteHerb|Unburden|CloseCombat,DireClaw,Coaching,Protect|||M|||50|,,,,,Ghost]Rillaboom||AssaultVest|GrassySurge|FakeOut,GrassyGlide,DrumBeating,HighHorsepower|||M|||50|,,,,,Fire]Dragonite||LoadedDice|Multiscale|ScaleShot,StompingTantrum,Tailwind,Protect|||F|||50|,,,,,Ground]Ninetales-Alola||FocusSash|SnowWarning|Blizzard,IcyWind,Encore,AuroraVeil|||M|||50|,,,,,Ghost]Arcanine-Hisui||ClearAmulet|Intimidate|RockSlide,FlareBlitz,ExtremeSpeed,Protect|||F|||50|,,,,,Water
|showteam|p2|Ninetales||LifeOrb|Drought|HeatWave,CalmMind,WillOWisp,Protect|||M|||50|,,,,,Grass]Scizor||ChoiceBand|Technician|BulletPunch,CloseCombat,Uturn,BugBite|||M|||50|,,,,,Steel]Charizard||ChoiceSpecs|SolarPower|HeatWave,FireBlast,ScorchingSands,Hurricane|||F|||50|,,,,,Ghost]Jumpluff||MentalHerb|Chlorophyll|Tailwind,RagePowder,SleepPowder,LeafStorm|||F|||50|,,,,,Ghost]Zoroark-Hisui||FocusSash|Illusion|BitterMalice,HyperVoice,NastyPlot,Protect|||M|||50|,,,,,Normal]Gastrodon||AssaultVest|StormDrain|EarthPower,WeatherBall,IcyWind,MuddyWater|||F|||50|,,,,,Fire
|inactive|Battle timer is ON: inactive players will automatically lose when time's up. (requested by Gworf)
|
|t:|1757699808
|teamsize|p1|4
|teamsize|p2|4
|start
|switch|p1a: Rillaboom|Rillaboom, L50, M|100/100
|switch|p1b: Arcanine|Arcanine-Hisui, L50, F|100/100
|switch|p2a: Jumpluff|Jumpluff, L50, F|100/100
|switch|p2b: Ninetales|Ninetales, L50, M, shiny|100/100
|-weather|SunnyDay|[from] ability: Drought|[of] p2b: Ninetales
|-ability|p1b: Arcanine|Intimidate|boost
|-unboost|p2a: Jumpluff|atk|1
|-unboost|p2b: Ninetales|atk|1
|-fieldstart|move: Grassy Terrain|[from] ability: Grassy Surge|[of] p1a: Rillaboom
|turn|1
|inactive|Bulba_Ssauroo has 30 seconds left.
|inactive|Gworf has 30 seconds left.
|inactive|Gworf has 20 seconds left.
|inactive|Gworf has 15 seconds left.
|inactive|Gworf has 10 seconds left.
|inactive|Gworf has 5 seconds left.
|
|t:|1757699862
|-terastallize|p2a: Jumpluff|Ghost
|move|p2b: Ninetales|Protect|p2b: Ninetales
|-singleturn|p2b: Ninetales|Protect
|move|p1a: Rillaboom|Fake Out|p2a: Jumpluff
|-immune|p2a: Jumpluff
|move|p2a: Jumpluff|Tailwind|p2a: Jumpluff
|-sidestart|p2: Gworf|move: Tailwind
|move|p1b: Arcanine|Flare Blitz|p2a: Jumpluff
|-damage|p2a: Jumpluff|2/100
|-damage|p1b: Arcanine|67/100|[from] Recoil
|
|-weather|SunnyDay|[upkeep]
|-heal|p2a: Jumpluff|7/100|[from] Grassy Terrain
|-heal|p1b: Arcanine|73/100|[from] Grassy Terrain
|upkeep
|turn|2
|inactive|Bulba_Ssauroo has 30 seconds left.
|inactive|Gworf has 30 seconds left.
|
|t:|1757699890
|move|p1a: Rillaboom|Grassy Glide|p2a: Jumpluff
|-damage|p2a: Jumpluff|0 fnt
|faint|p2a: Jumpluff
|move|p2b: Ninetales|Heat Wave|p1a: Rillaboom|[spread] p1a,p1b
|-supereffective|p1a: Rillaboom
|-resisted|p1b: Arcanine
|-damage|p1a: Rillaboom|21/100
|-damage|p1b: Arcanine|58/100
|-damage|p2b: Ninetales|91/100|[from] item: Life Orb
|move|p1b: Arcanine|Rock Slide|p2b: Ninetales
|-supereffective|p2b: Ninetales
|-damage|p2b: Ninetales|0 fnt
|faint|p2b: Ninetales
|
|-weather|SunnyDay|[upkeep]
|-heal|p1b: Arcanine|64/100|[from] Grassy Terrain
|-heal|p1a: Rillaboom|26/100|[from] Grassy Terrain
|upkeep
|
|t:|1757699893
|switch|p2a: Charizard|Charizard, L50, F|100/100
|switch|p2b: Scizor|Scizor, L50, M|100/100
|turn|3
|
|t:|1757699914
|-terastallize|p1b: Arcanine|Water
|move|p2b: Scizor|Bullet Punch|p1b: Arcanine
|-resisted|p1b: Arcanine
|-damage|p1b: Arcanine|36/100
|move|p2a: Charizard|Heat Wave|p1a: Rillaboom|[spread] p1a,p1b
|-supereffective|p1a: Rillaboom
|-resisted|p1b: Arcanine
|-damage|p1a: Rillaboom|0 fnt
|-damage|p1b: Arcanine|0 fnt
|faint|p1a: Rillaboom
|faint|p1b: Arcanine
|
|-weather|SunnyDay|[upkeep]
|-damage|p2a: Charizard|88/100|[from] ability: Solar Power|[of] p2a: Charizard
|upkeep
|
|t:|1757699928
|switch|p1b: Dragonite|Dragonite, L50, F|100/100
|switch|p1a: Sneasler|Sneasler, L50, M|100/100
|turn|4
|
|t:|1757699943
|move|p2b: Scizor|Bullet Punch|p1b: Dragonite
|-damage|p1b: Dragonite|75/100
|move|p2a: Charizard|Heat Wave|p1b: Dragonite|[spread] p1a,p1b
|-resisted|p1b: Dragonite
|-damage|p1a: Sneasler|0 fnt
|-damage|p1b: Dragonite|18/100
|faint|p1a: Sneasler
|move|p1b: Dragonite|Scale Shot|p2a: Charizard
|-damage|p2a: Charizard|70/100
|-damage|p2a: Charizard|51/100
|-damage|p2a: Charizard|31/100
|-damage|p2a: Charizard|10/100
|-hitcount|p2a: Charizard|4
|-unboost|p1b: Dragonite|def|1
|-boost|p1b: Dragonite|spe|1
|
|-weather|SunnyDay|[upkeep]
|-damage|p2a: Charizard|0 fnt|[from] ability: Solar Power|[of] p2a: Charizard
|faint|p2a: Charizard
|-sideend|p2: Gworf|move: Tailwind
|upkeep
|turn|5
|
|t:|1757699962
|move|p2b: Scizor|Bullet Punch|p1b: Dragonite
|-damage|p1b: Dragonite|0 fnt
|faint|p1b: Dragonite
|
|win|Gworf
|l|☆Gworf
|player|p2|
||Bulba_Ssauroo is ready for game 3.
|l|☆Bulba_Ssauroo
|player|p1|
|inactive|Gworf has 30 seconds to confirm battle start!
||Gworf is ready for game 3.
|uhtml|next|Next: Game 3 of 3
