|j|☆julielovesfroslass
|j|☆JoackoMaga
|html|julielovesfroslassJoackoMaga    
|uhtml|bestof|Game 1 of a best-of-3
|t:|1783983345
|gametype|doubles
|player|p1|julielovesfroslass|waitress|1000
|player|p2|JoackoMaga|265|1000
|gen|9
|tier|[Gen 9 Champions] VGC 2026 Reg M-B (Bo3)
|rated|
|rule|Species Clause: Limit one of each Pokémon
|rule|Item Clause: Limit 1 of each item
|clearpoke
|poke|p1|Charizard, L50, F|
|poke|p1|Farigiraf, L50, F|
|poke|p1|Venusaur, L50, F|
|poke|p1|Incineroar, L50, M|
|poke|p1|Sylveon, L50, M|
|poke|p1|Mamoswine, L50, M|
|poke|p2|Basculegion, L50, M|
|poke|p2|Archaludon, L50, F|
|poke|p2|Pelipper, L50, F|
|poke|p2|Swampert, L50, M|
|poke|p2|Raichu, L50, M|
|poke|p2|Kingambit, L50, F|
|teampreview|4
|showteam|p1|Charizard||CharizarditeY|Blaze|HeatWave,WeatherBall,Protect,HelpingHand|Modest||F|||50|]Farigiraf||ColburBerry|ArmorTail|Psychic,Thunderbolt,HelpingHand,TrickRoom|Modest||F|||50|]Venusaur||LifeOrb|Chlorophyll|SolarBeam,SludgeBomb,EarthPower,Protect|Modest||F|||50|]Incineroar||SitrusBerry|Intimidate|FlareBlitz,DarkestLariat,PartingShot,FakeOut|Careful||M|||50|]Sylveon||FairyFeather|Pixilate|HyperVoice,HyperBeam,QuickAttack,Protect|Modest||M|||50|]Mamoswine||FocusSash|Oblivious|HighHorsepower,IceShard,RockTomb,Protect|Adamant||M|||50|
|showteam|p2|Basculegion||ExpertBelt|SwiftSwim|WaveCrash,PsychicFangs,Crunch,LastRespects|Jolly||M|||50|]Archaludon||LifeOrb|Stamina|ElectroShot,DragonPulse,AuraSphere,FlashCannon|Timid||F|||50|]Pelipper||WacanBerry|Drizzle|Hurricane,Protect,IceBeam,MuddyWater|Modest||F|||50|]Swampert||Swampertite|Damp|IcePunch,Superpower,WaveCrash,Earthquake|Adamant||M|||50|]Raichu||RaichuniteX|LightningRod|PlayRough,FakeOut,VoltTackle,DrainPunch|Jolly||M|||50|]Kingambit||BlackBelt|SupremeOverlord|SuckerPunch,IronHead,PoisonJab,XScissor|Adamant||F|||50|
|inactive|Battle timer is ON: inactive players will automatically lose when time's up. (requested by julielovesfroslass)
|
|t:|1783983364
|teamsize|p1|4
|teamsize|p2|4
|start
|switch|p1a: Charizard|Charizard, L50, F|100/100
|switch|p1b: Venusaur|Venusaur, L50, F|100/100
|switch|p2a: Pelipper|Pelipper, L50, F|100/100
|switch|p2b: Raichu|Raichu, L50, M|100/100
|-weather|RainDance|[from] ability: Drizzle|[of] p2a: Pelipper
|turn|1
|inactive|julielovesfroslass has 30 seconds left.
|inactive|JoackoMaga has 30 seconds left.
|inactive|JoackoMaga has 20 seconds left.
|
|t:|1783983416
|detailschange|p2b: Raichu|Raichu-Mega-X, L50, M
|-mega|p2b: Raichu|Raichu|Raichunite X
|-fieldstart|move: Electric Terrain|[from] ability: Electric Surge|[of] p2b: Raichu
|detailschange|p1a: Charizard|Charizard-Mega-Y, L50, F
|-mega|p1a: Charizard|Charizard|Charizardite Y
|-weather|SunnyDay|[from] ability: Drought|[of] p1a: Charizard
|move|p1b: Venusaur|Protect|p1b: Venusaur
|-singleturn|p1b: Venusaur|Protect
|move|p1a: Charizard|Protect|p1a: Charizard
|-singleturn|p1a: Charizard|Protect
|move|p2a: Pelipper|Protect|p2a: Pelipper
|-singleturn|p2a: Pelipper|Protect
|move|p2b: Raichu|Volt Tackle|p1a: Charizard
|-activate|p1a: Charizard|move: Protect
|
|-weather|SunnyDay|[upkeep]
|upkeep
|turn|2
|
|t:|1783983435
|switch|p1a: Incineroar|Incineroar, L50, M|100/100
|-ability|p1a: Incineroar|Intimidate|boost
|-unboost|p2a: Pelipper|atk|1
|-unboost|p2b: Raichu|atk|1
|switch|p2a: Archaludon|Archaludon, L50, F|100/100
|move|p1b: Venusaur|Earth Power|p2b: Raichu
|-supereffective|p2b: Raichu|1
|-damage|p2b: Raichu|5/100
|-damage|p1b: Venusaur|90/100|[from] item: Life Orb
|move|p2b: Raichu|Volt Tackle|p1a: Incineroar
|-damage|p1a: Incineroar|47/100
|-enditem|p1a: Incineroar|Sitrus Berry|[eat]
|-heal|p1a: Incineroar|72/100|[from] item: Sitrus Berry
|-damage|p2b: Raichu|0 fnt|[from] Recoil
|faint|p2b: Raichu
|
|-weather|SunnyDay|[upkeep]
|upkeep
|
|t:|1783983449
|switch|p2b: Pelipper|Pelipper, L50, F|100/100
|-weather|RainDance|[from] ability: Drizzle|[of] p2b: Pelipper
|turn|3
|
|t:|1783983460
|switch|p1b: Charizard|Charizard-Mega-Y, L50, F|100/100
|-weather|SunnyDay|[from] ability: Drought|[of] p1b: Charizard
|move|p2a: Archaludon|Electro Shot||[still]
|-prepare|p2a: Archaludon|Electro Shot
|-boost|p2a: Archaludon|spa|1
|move|p2b: Pelipper|Muddy Water|p1a: Incineroar|[spread] 
|-miss|p2b: Pelipper|p1a: Incineroar
|-miss|p2b: Pelipper|p1b: Charizard
|move|p1a: Incineroar|Parting Shot|p2a: Archaludon
|-unboost|p2a: Archaludon|atk|1
|-unboost|p2a: Archaludon|spa|1
|
|t:|1783983473
|switch|p1a: Venusaur|Venusaur, L50, F|90/100|[from] Parting Shot
|
|-weather|SunnyDay|[upkeep]
|upkeep
|turn|4
|
|t:|1783983482
|switch|p2b: Swampert|Swampert, L50, M|100/100
|move|p1b: Charizard|Helping Hand|p1a: Venusaur
|-singleturn|p1a: Venusaur|Helping Hand|[of] p1b: Charizard
|move|p1a: Venusaur|Earth Power|p2a: Archaludon
|-supereffective|p2a: Archaludon|1
|-damage|p2a: Archaludon|0 fnt
|faint|p2a: Archaludon
|-damage|p1a: Venusaur|80/100|[from] item: Life Orb
|
|-weather|SunnyDay|[upkeep]
|upkeep
|
|t:|1783983490
|switch|p2a: Pelipper|Pelipper, L50, F|100/100
|-weather|RainDance|[from] ability: Drizzle|[of] p2a: Pelipper
|turn|5
|
|t:|1783983498
|switch|p1b: Incineroar|Incineroar, L50, M|72/100
|-ability|p1b: Incineroar|Intimidate|boost
|-unboost|p2a: Pelipper|atk|1
|-unboost|p2b: Swampert|atk|1
|move|p1a: Venusaur|Protect|p1a: Venusaur
|-singleturn|p1a: Venusaur|Protect
|move|p2a: Pelipper|Hurricane|p1a: Venusaur
|-activate|p1a: Venusaur|move: Protect
|move|p2b: Swampert|Wave Crash|p1b: Incineroar
|-supereffective|p1b: Incineroar|1
|-damage|p1b: Incineroar|0 fnt
|faint|p1b: Incineroar
|-damage|p2b: Swampert|76/100|[from] Recoil
|
|-weather|RainDance|[upkeep]
|-fieldend|move: Electric Terrain
|upkeep
|-message|JoackoMaga forfeited.
|
|win|julielovesfroslass
|l|☆JoackoMaga
|player|p2|
|raw|julielovesfroslass's rating: 1000 → 1040(+40 for winning)
|raw|JoackoMaga's rating: 1000 → 1000(+0 for losing)
