|j|☆LostAzi
|j|☆GoofyGifts
|html|LostAziGoofyGifts    
|uhtml|bestof|Game 1 of a best-of-3
|t:|1756485036
|gametype|doubles
|player|p1|LostAzi|roxie|
|player|p2|GoofyGifts|blue|
|gen|9
|tier|[Gen 9] VGC 2025 Reg H (Bo3)
|rule|Species Clause: Limit one of each Pokémon
|rule|Item Clause: Limit 1 of each item
|clearpoke
|poke|p1|Meowstic, L50, M|
|poke|p1|Zoroark-Hisui, L50, F|
|poke|p1|Grafaiai, L50, M|
|poke|p1|Sneasler, L50, M|
|poke|p1|Meowscarada, L50, F|
|poke|p1|Archaludon, L50, F|
|poke|p2|Indeedee, L50, M|
|poke|p2|Drifblim, L50, M|
|poke|p2|Volcarona, L50, F|
|poke|p2|Kommo-o, L50, M|
|poke|p2|Toxtricity, L50, M|
|poke|p2|Hydreigon, L50, M|
|teampreview|4
|showteam|p1|Meowstic||CovertCloak|Prankster|FakeOut,FakeTears,TeraBlast,Yawn|||M|||50|,,,,,Bug]Zoroark-Hisui||FocusSash|Illusion|TeraBlast,Hex,HyperVoice,Protect|||F|||50|,,,,,Fairy]Grafaiai||MentalHerb|Prankster|Encore,Taunt,Toxic,SuperFang|||M|||50|,,,,,Dark]Sneasler||SitrusBerry|Unburden|DireClaw,FakeOut,CloseCombat,Acrobatics|||M|||50|,,,,,Flying]Meowscarada||SafetyGoggles|Overgrow|FlowerTrick,PowerGem,SkillSwap,TripleAxel|||F|||50|,,,,,Rock]Archaludon||AssaultVest|Stamina|ElectroShot,DragonPulse,FlashCannon,BodyPress|||F|||50|,,,,,Grass
|showteam|p2|Indeedee||FocusSash|PsychicSurge|ExpandingForce,TeraBlast,Imprison,TrickRoom|||M|||50|,,,,,Ground]Drifblim||PsychicSeed|Unburden|Acrobatics,WillOWisp,StrengthSap,Tailwind|||M|||50|,,,,,Grass]Volcarona||LifeOrb|FlameBody|BugBuzz,HeatWave,TeraBlast,Protect|||F|||50|,,,,,Fairy]Kommo-o||Leftovers|Soundproof|BodyPress,Flamethrower,IronDefense,Protect|||M|||50|,,,,,Fire]Toxtricity||ChoiceSpecs|PunkRock|Overdrive,Boomburst,SludgeBomb,VoltSwitch|||M|||50|,,,,,Normal]Hydreigon||AssaultVest|Levitate|DarkPulse,DracoMeteor,EarthPower,Snarl|||M|||50|,,,,,Ghost
|inactive|Battle timer is ON: inactive players will automatically lose when time's up. (requested by LostAzi)
|inactive|GoofyGifts has 60 seconds left.
|
|t:|1756485082
|teamsize|p1|4
|teamsize|p2|4
|start
|switch|p1a: Grafaiai|Grafaiai, L50, M, shiny|100/100
|switch|p1b: Sneasler|Sneasler, L50, M, shiny|100/100
|switch|p2a: Reward|Toxtricity, L50, M|100/100
|switch|p2b: Pull|Drifblim, L50, M|100/100
|turn|1
|inactive|GoofyGifts has 30 seconds left.
|inactive|GoofyGifts has 20 seconds left.
|
|t:|1756485120
|move|p1b: Sneasler|Fake Out|p2a: Reward
|-damage|p2a: Reward|79/100
|move|p1a: Grafaiai|Taunt|p2b: Pull
|-start|p2b: Pull|move: Taunt
|cant|p2b: Pull|move: Taunt|Tailwind
|cant|p2a: Reward|flinch
|
|upkeep
|turn|2
|inactive|GoofyGifts has 30 seconds left.
|inactive|GoofyGifts has 20 seconds left.
|inactive|GoofyGifts has 15 seconds left.
|
|t:|1756485163
|switch|p2a: Shaggy|Kommo-o, L50, M|100/100
|move|p1a: Grafaiai|Encore||[still]
|-fail|p1a: Grafaiai
|move|p1b: Sneasler|Close Combat|p2a: Shaggy
|-damage|p2a: Shaggy|52/100
|-unboost|p1b: Sneasler|def|1
|-unboost|p1b: Sneasler|spd|1
|move|p2b: Pull|Acrobatics|p1a: Grafaiai
|-damage|p1a: Grafaiai|75/100
|
|-heal|p2a: Shaggy|58/100|[from] item: Leftovers
|upkeep
|turn|3
|inactive|LostAzi has 30 seconds left.
|inactive|GoofyGifts has 30 seconds left.
|
|t:|1756485195
|move|p1a: Grafaiai|Toxic|p2b: Pull
|-status|p2b: Pull|tox
|move|p1b: Sneasler|Acrobatics|p2a: Shaggy
|-supereffective|p2a: Shaggy
|-damage|p2a: Shaggy|31/100
|move|p2b: Pull|Acrobatics|p1b: Sneasler
|-supereffective|p1b: Sneasler
|-damage|p1b: Sneasler|18/100
|-enditem|p1b: Sneasler|Sitrus Berry|[eat]
|-heal|p1b: Sneasler|42/100|[from] item: Sitrus Berry
|move|p2a: Shaggy|Flamethrower|p1a: Grafaiai
|-damage|p1a: Grafaiai|54/100
|-status|p1a: Grafaiai|brn
|
|-heal|p2a: Shaggy|37/100|[from] item: Leftovers
|-damage|p2b: Pull|94/100 tox|[from] psn
|-damage|p1a: Grafaiai|48/100 brn|[from] brn
|-end|p2b: Pull|move: Taunt
|upkeep
|turn|4
|inactive|LostAzi has 30 seconds left.
|inactive|GoofyGifts has 30 seconds left.
|inactive|GoofyGifts has 20 seconds left.
|inactive|GoofyGifts has 15 seconds left.
|inactive|GoofyGifts has 10 seconds left.
|inactive|GoofyGifts has 5 seconds left.
|
|t:|1756485246
|move|p1a: Grafaiai|Taunt|p2b: Pull
|-start|p2b: Pull|move: Taunt
|move|p1b: Sneasler|Acrobatics|p2a: Shaggy
|-supereffective|p2a: Shaggy
|-damage|p2a: Shaggy|0 fnt
|faint|p2a: Shaggy
|move|p2b: Pull|Acrobatics|p1b: Sneasler
|-supereffective|p1b: Sneasler
|-damage|p1b: Sneasler|0 fnt
|faint|p1b: Sneasler
|
|-damage|p2b: Pull|82/100 tox|[from] psn
|-damage|p1a: Grafaiai|42/100 brn|[from] brn
|upkeep
|
|t:|1756485267
|switch|p1b: Archaludon|Archaludon, L50, F|100/100
|switch|p2a: King dedede|Indeedee, L50, M|100/100
|-fieldstart|move: Psychic Terrain|[from] ability: Psychic Surge|[of] p2a: King dedede
|-enditem|p2b: Pull|Psychic Seed
|-boost|p2b: Pull|spd|1|[from] item: Psychic Seed
|turn|5
|inactive|LostAzi has 30 seconds left.
|inactive|GoofyGifts has 30 seconds left.
|
|t:|1756485300
|-terastallize|p2a: King dedede|Ground
|-terastallize|p1a: Grafaiai|Dark
|move|p2b: Pull|Acrobatics|p1b: Archaludon
|-resisted|p1b: Archaludon
|-damage|p1b: Archaludon|90/100
|-ability|p1b: Archaludon|Stamina|boost
|-boost|p1b: Archaludon|def|1
|move|p2a: King dedede|Tera Blast|p1b: Archaludon|[anim] Tera Blast Ground
|-supereffective|p1b: Archaludon
|-damage|p1b: Archaludon|44/100
|-ability|p1b: Archaludon|Stamina|boost
|-boost|p1b: Archaludon|def|1
|move|p1a: Grafaiai|Super Fang|p2a: King dedede
|-damage|p2a: King dedede|51/100
|move|p1b: Archaludon|Electro Shot||[still]
|-prepare|p1b: Archaludon|Electro Shot
|-boost|p1b: Archaludon|spa|1
|
|-damage|p2b: Pull|63/100 tox|[from] psn
|-damage|p1a: Grafaiai|36/100 brn|[from] brn
|upkeep
|turn|6
|inactive|GoofyGifts has 30 seconds left.
|
|t:|1756485331
|move|p2b: Pull|Acrobatics|p1a: Grafaiai
|-damage|p1a: Grafaiai|0 fnt
|faint|p1a: Grafaiai
|move|p2a: King dedede|Tera Blast|p1b: Archaludon|[anim] Tera Blast Ground
|-supereffective|p1b: Archaludon
|-damage|p1b: Archaludon|0 fnt
|faint|p1b: Archaludon
|
|-damage|p2b: Pull|38/100 tox|[from] psn
|-end|p2b: Pull|move: Taunt
|upkeep
|
|t:|1756485342
|switch|p1b: Meowscarada|Meowscarada, L50, F, shiny|100/100
|turn|7
|inactive|GoofyGifts has 30 seconds left.
|inactive|GoofyGifts has 20 seconds left.
|inactive|GoofyGifts has 15 seconds left.
|inactive|GoofyGifts has 10 seconds left.
|
|t:|1756485389
|switch|p2a: Reward|Toxtricity, L50, M|79/100
|move|p2b: Pull|Acrobatics|p1b: Meowscarada
|-supereffective|p1b: Meowscarada
|-crit|p1b: Meowscarada
|-damage|p1b: Meowscarada|0 fnt
|faint|p1b: Meowscarada
|
|win|GoofyGifts
||GoofyGifts is ready for game 2.
|inactive|LostAzi has 30 seconds to confirm battle start!
