|j|☆nagashichill
|j|☆Taiyougetsu
|html|nagashichillTaiyougetsu    
|uhtml|bestof|Game 3 of a best-of-3
|t:|1784566891
|gametype|doubles
|player|p1|nagashichill|266|1116
|player|p2|Taiyougetsu|169|1000
|gen|9
|tier|[Gen 9 Champions] VGC 2026 Reg M-B (Bo3)
|rated|
|rule|Species Clause: Limit one of each Pokémon
|rule|Item Clause: Limit 1 of each item
|clearpoke
|poke|p1|Froslass, L50, F|
|poke|p1|Scovillain, L50, M|
|poke|p1|Lycanroc-Dusk, L50, M|
|poke|p1|Kingambit, L50, M|
|poke|p1|Sneasler, L50, M|
|poke|p1|Basculegion, L50, M|
|poke|p2|Raichu, L50, M|
|poke|p2|Sneasler, L50, F|
|poke|p2|Basculegion, L50, M|
|poke|p2|Incineroar, L50, F|
|poke|p2|Gholdengo, L50|
|poke|p2|Whimsicott, L50, F|
|teampreview|4
|showteam|p1|Froslass||Froslassite|CursedBody|Protect,Blizzard,AuroraVeil,ShadowBall|Modest||F|||50|]Scovillain||Scovillainite|Moody|Overheat,GigaDrain,RagePowder,Protect|Bold||M|||50|]Lycanroc-Dusk||FocusSash|ToughClaws|RockSlide,CloseCombat,Accelerock,Protect|Adamant||M|||50|]Kingambit||LifeOrb|Defiant|KowtowCleave,SuckerPunch,SwordsDance,Protect|Adamant||M|||50|]Sneasler||WhiteHerb|Unburden|FakeOut,CloseCombat,GunkShot,Protect|Jolly||M|||50|]Basculegion||SitrusBerry|Adaptability|WaveCrash,LastRespects,AquaJet,Protect|Adamant||M|||50|
|showteam|p2|Raichu||RaichuniteY|LightningRod|ZapCannon,FocusBlast,DazzlingGleam,Protect|Timid||M|||50|]Sneasler||WhiteHerb|Unburden|CloseCombat,DireClaw,FakeOut,RockSlide|Adamant||F|||50|]Basculegion||ExpertBelt|Adaptability|WaveCrash,LastRespects,IceFang,Protect|Adamant||M|||50|]Incineroar||Leftovers|Intimidate|FakeOut,DarkestLariat,Protect,PartingShot|Careful||F|||50|]Gholdengo||ChoiceScarf|GoodasGold|MakeItRain,ShadowBall,Thunderbolt,DazzlingGleam|Timid|||||50|]Whimsicott||FocusSash|Prankster|DazzlingGleam,GigaDrain,Tailwind,Encore|Timid||F|||50|
|
|t:|1784566910
|teamsize|p1|4
|teamsize|p2|4
|start
|switch|p1a: Basculegion|Basculegion, L50, M|100/100
|switch|p1b: Scovillain|Scovillain, L50, M|100/100
|switch|p2a: Whimsicott|Whimsicott, L50, F|100/100
|switch|p2b: Gholdengo|Gholdengo, L50|100/100
|turn|1
|
|t:|1784566934
|switch|p1a: Kingambit|Kingambit, L50, M|100/100
|move|p1b: Scovillain|Protect|p1b: Scovillain
|-singleturn|p1b: Scovillain|Protect
|move|p2a: Whimsicott|Tailwind|p2a: Whimsicott
|-sidestart|p2: Taiyougetsu|move: Tailwind
|move|p2b: Gholdengo|Thunderbolt|p1a: Kingambit
|-damage|p1a: Kingambit|67/100
|
|-ability|p1b: Scovillain|Moody|boost
|-boost|p1b: Scovillain|spa|2
|-unboost|p1b: Scovillain|atk|1
|upkeep
|turn|2
|
|t:|1784566958
|switch|p2b: Sneasler|Sneasler, L50, F|100/100
|detailschange|p1b: Scovillain|Scovillain-Mega, L50, M
|-mega|p1b: Scovillain|Scovillain|Scovillainite
|move|p2a: Whimsicott|Encore|p1b: Scovillain
|-start|p1b: Scovillain|Encore
|move|p1b: Scovillain|Protect||[still]
|-fail|p1b: Scovillain
|move|p1a: Kingambit|Sucker Punch||[still]
|-fail|p1a: Kingambit
|
|upkeep
|turn|3
|
|t:|1784566977
|switch|p1b: Basculegion|Basculegion, L50, M|100/100
|move|p1a: Kingambit|Protect|p1a: Kingambit
|-singleturn|p1a: Kingambit|Protect
|move|p2a: Whimsicott|Dazzling Gleam|p1a: Kingambit|[spread] p1b
|-activate|p1a: Kingambit|move: Protect
|-damage|p1b: Basculegion|79/100
|move|p2b: Sneasler|Close Combat|p1a: Kingambit
|-activate|p1a: Kingambit|move: Protect
|
|upkeep
|turn|4
|
|t:|1784566999
|switch|p1a: Sneasler|Sneasler, L50, M|100/100
|move|p2a: Whimsicott|Giga Drain|p1b: Basculegion
|-supereffective|p1b: Basculegion|1
|-damage|p1b: Basculegion|28/100
|-enditem|p1b: Basculegion|Sitrus Berry|[eat]
|-heal|p1b: Basculegion|53/100|[from] item: Sitrus Berry
|move|p2b: Sneasler|Close Combat|p1a: Sneasler
|-resisted|p1a: Sneasler|1
|-damage|p1a: Sneasler|55/100
|-unboost|p2b: Sneasler|def|1
|-unboost|p2b: Sneasler|spd|1
|-enditem|p2b: Sneasler|White Herb
|-clearnegativeboost|p2b: Sneasler|[silent]
|move|p1b: Basculegion|Wave Crash|p2b: Sneasler
|-damage|p2b: Sneasler|0 fnt
|faint|p2b: Sneasler
|-damage|p1b: Basculegion|28/100|[from] Recoil
|
|-sideend|p2: Taiyougetsu|move: Tailwind
|upkeep
|
|t:|1784567004
|switch|p2b: Raichu|Raichu, L50, M|100/100
|turn|5
|
|t:|1784567033
|detailschange|p2b: Raichu|Raichu-Mega-Y, L50, M
|-mega|p2b: Raichu|Raichu|Raichunite Y
|move|p1a: Sneasler|Fake Out|p2a: Whimsicott
|-damage|p2a: Whimsicott|77/100
|move|p2b: Raichu|Dazzling Gleam|p1a: Sneasler|[spread] p1a,p1b
|-damage|p1a: Sneasler|21/100
|-damage|p1b: Basculegion|5/100
|cant|p2a: Whimsicott|flinch
|move|p1b: Basculegion|Wave Crash|p2b: Raichu
|-damage|p2b: Raichu|0 fnt
|faint|p2b: Raichu
|-damage|p1b: Basculegion|0 fnt|[from] Recoil
|faint|p1b: Basculegion
|
|upkeep
|
|t:|1784567047
|switch|p2b: Gholdengo|Gholdengo, L50|100/100
|switch|p1b: Kingambit|Kingambit, L50, M|67/100
|turn|6
|
|t:|1784567056
|move|p1b: Kingambit|Sucker Punch|p2b: Gholdengo
|-supereffective|p2b: Gholdengo|1
|-damage|p2b: Gholdengo|0 fnt
|faint|p2b: Gholdengo
|-damage|p1b: Kingambit|57/100|[from] item: Life Orb
|move|p2a: Whimsicott|Dazzling Gleam|p1a: Sneasler|[spread] p1a,p1b
|-damage|p1a: Sneasler|0 fnt
|-damage|p1b: Kingambit|37/100
|faint|p1a: Sneasler
|
|upkeep
|
|t:|1784567065
|switch|p1a: Scovillain|Scovillain-Mega, L50, M|100/100
|turn|7
|c|☆Taiyougetsu|gg
|
|t:|1784567071
|move|p2a: Whimsicott|Dazzling Gleam|p1a: Scovillain|[spread] p1a,p1b
|-resisted|p1a: Scovillain|1
|-damage|p1a: Scovillain|88/100
|-damage|p1b: Kingambit|13/100
|-status|p2a: Whimsicott|brn|[from] ability: Spicy Spray|[of] p1a: Scovillain
|move|p1a: Scovillain|Overheat|p2a: Whimsicott
|-supereffective|p2a: Whimsicott|1
|-damage|p2a: Whimsicott|0 fnt
|-unboost|p1a: Scovillain|spa|2
|faint|p2a: Whimsicott
|
|win|nagashichill
|raw|nagashichill's rating: 1116 → 1133(+17 for winning)
|raw|Taiyougetsu's rating: 1000 → 1000(+0 for losing)
