|j|☆Glimme
|j|☆rokesaurio
|html|Glimmerokesaurio    
|uhtml|bestof|Game 1 of a best-of-3
|t:|1782981405
|gametype|doubles
|player|p1|Glimme|li|1277
|player|p2|rokesaurio|1|1256
|gen|9
|tier|[Gen 9 Champions] VGC 2026 Reg M-B (Bo3)
|rated|
|rule|Species Clause: Limit one of each Pokémon
|rule|Item Clause: Limit 1 of each item
|clearpoke
|poke|p1|Blastoise, L50, M, shiny|
|poke|p1|Delphox, L50, F, shiny|
|poke|p1|Sinistcha, L50, shiny|
|poke|p1|Incineroar, L50, F, shiny|
|poke|p1|Sneasler, L50, M, shiny|
|poke|p1|Kingambit, L50, M, shiny|
|poke|p2|Pyroar, L50, F|
|poke|p2|Torkoal, L50, M|
|poke|p2|Farigiraf, L50, F|
|poke|p2|Aerodactyl, L50, M|
|poke|p2|Garchomp, L50, F|
|poke|p2|Basculegion, L50, M|
|teampreview|4
|showteam|p1|Blastoise||Blastoisinite|RainDish|WaterSpout,DarkPulse,ShellSmash,Protect|Modest||M|||50|]Delphox||Delphoxite|Blaze|HeatWave,Psyshock,NastyPlot,Protect|Timid||F|||50|]Sinistcha||OccaBerry|Hospitality|MatchaGotcha,RagePowder,TrickRoom,Protect|Bold|||||50|]Incineroar||PasshoBerry|Intimidate|FlareBlitz,PartingShot,HelpingHand,FakeOut|Impish||F|||50|]Sneasler||FocusSash|PoisonTouch|DireClaw,CloseCombat,QuickGuard,FakeOut|Jolly||M|||50|]Kingambit||BlackGlasses|Defiant|KowtowCleave,SuckerPunch,SwordsDance,Protect|Adamant||M|||50|
|showteam|p2|Pyroar||Pyroarite|Unnerve|HeatWave,Overheat,Flamethrower,Protect|Modest||F|||50|]Torkoal||Charcoal|Drought|Eruption,HelpingHand,EarthPower,WeatherBall|Quiet||M|||50|]Farigiraf||SitrusBerry|ArmorTail|TrickRoom,TwinBeam,Thunderbolt,HelpingHand|Bold||F|||50|]Aerodactyl||Aerodactylite|Unnerve|RockSlide,Tailwind,DualWingbeat,SunnyDay|Jolly||M|||50|]Garchomp||LifeOrb|RoughSkin|DragonClaw,StompingTantrum,RockSlide,Protect|Jolly||F|||50|]Basculegion||FocusSash|Adaptability|Liquidation,AquaJet,Protect,LastRespects|Adamant||M|||50|
|inactive|Battle timer is ON: inactive players will automatically lose when time's up. (requested by Glimme)
|inactive|rokesaurio also wants the timer to be on.
|
|t:|1782981430
|teamsize|p1|4
|teamsize|p2|4
|start
|switch|p1a: Blastoise|Blastoise, L50, M, shiny|100/100
|switch|p1b: Incineroar|Incineroar, L50, F, shiny|100/100
|switch|p2a: Pyroar|Pyroar, L50, F|100/100
|switch|p2b: Torkoal|Torkoal, L50, M|100/100
|-ability|p2a: Pyroar|Unnerve
|-ability|p1b: Incineroar|Intimidate|boost
|-unboost|p2a: Pyroar|atk|1
|-unboost|p2b: Torkoal|atk|1
|-weather|SunnyDay|[from] ability: Drought|[of] p2b: Torkoal
|turn|1
|
|t:|1782981454
|switch|p2b: Farigiraf|Farigiraf, L50, F|100/100
|detailschange|p2a: Pyroar|Pyroar-Mega, L50, F
|-mega|p2a: Pyroar|Pyroar|Pyroarite
|move|p1a: Blastoise|Protect|p1a: Blastoise
|-singleturn|p1a: Blastoise|Protect
|move|p2a: Pyroar|Flamethrower|p1a: Blastoise
|-activate|p1a: Blastoise|move: Protect
|move|p1b: Incineroar|Parting Shot|p2a: Pyroar
|-unboost|p2a: Pyroar|atk|1
|-unboost|p2a: Pyroar|spa|1
|
|t:|1782981460
|switch|p1b: Kingambit|Kingambit, L50, M, shiny|100/100|[from] Parting Shot
|
|-weather|SunnyDay|[upkeep]
|upkeep
|turn|2
|
|t:|1782981471
|switch|p1b: Incineroar|Incineroar, L50, F, shiny|100/100
|-ability|p1b: Incineroar|Intimidate|boost
|-unboost|p2a: Pyroar|atk|1
|-unboost|p2b: Farigiraf|atk|1
|detailschange|p1a: Blastoise|Blastoise-Mega, L50, M, shiny
|-mega|p1a: Blastoise|Blastoise|Blastoisinite
|move|p2b: Farigiraf|Helping Hand|p2a: Pyroar
|-singleturn|p2a: Pyroar|Helping Hand|[of] p2b: Farigiraf
|move|p2a: Pyroar|Heat Wave|p1a: Blastoise|[spread] p1b
|-miss|p2a: Pyroar|p1a: Blastoise
|-resisted|p1b: Incineroar|1
|-damage|p1b: Incineroar|56/100
|move|p1a: Blastoise|Dark Pulse|p2b: Farigiraf
|-supereffective|p2b: Farigiraf|1
|-damage|p2b: Farigiraf|11/100
|-enditem|p2b: Farigiraf|Sitrus Berry|[eat]
|-heal|p2b: Farigiraf|36/100|[from] item: Sitrus Berry
|
|-weather|SunnyDay|[upkeep]
|upkeep
|turn|3
|inactive|rokesaurio has 30 seconds left.
|
|t:|1782981506
|move|p2b: Farigiraf|Helping Hand|p2a: Pyroar
|-singleturn|p2a: Pyroar|Helping Hand|[of] p2b: Farigiraf
|move|p2a: Pyroar|Heat Wave|p1b: Incineroar|[spread] p1a,p1b
|-resisted|p1a: Blastoise|1
|-resisted|p1b: Incineroar|1
|-damage|p1a: Blastoise|55/100
|-damage|p1b: Incineroar|12/100
|move|p1a: Blastoise|Shell Smash|p1a: Blastoise
|-unboost|p1a: Blastoise|def|1
|-unboost|p1a: Blastoise|spd|1
|-boost|p1a: Blastoise|atk|2
|-boost|p1a: Blastoise|spa|2
|-boost|p1a: Blastoise|spe|2
|move|p1b: Incineroar|Flare Blitz|p2b: Farigiraf
|-damage|p2b: Farigiraf|0 fnt
|faint|p2b: Farigiraf
|-damage|p1b: Incineroar|0 fnt|[from] Recoil
|faint|p1b: Incineroar
|
|-weather|SunnyDay|[upkeep]
|upkeep
|inactive|rokesaurio has 30 seconds left.
|
|t:|1782981538
|switch|p1b: Sinistcha|Sinistcha, L50, shiny|100/100
|switch|p2b: Basculegion|Basculegion, L50, M|100/100
|-heal|p1a: Blastoise|80/100|[from] ability: Hospitality|[of] p1b: Sinistcha
|turn|4
|
|t:|1782981553
|move|p2a: Pyroar|Protect|p2a: Pyroar
|-singleturn|p2a: Pyroar|Protect
|move|p1b: Sinistcha|Rage Powder|p1b: Sinistcha
|-singleturn|p1b: Sinistcha|move: Rage Powder
|move|p1a: Blastoise|Water Spout|p2a: Pyroar|[spread] p2b
|-activate|p2a: Pyroar|move: Protect
|-resisted|p2b: Basculegion|1
|-damage|p2b: Basculegion|71/100
|move|p2b: Basculegion|Last Respects|p1b: Sinistcha
|-supereffective|p1b: Sinistcha|1
|-damage|p1b: Sinistcha|0 fnt
|faint|p1b: Sinistcha
|
|-weather|SunnyDay|[upkeep]
|upkeep
|
|t:|1782981559
|switch|p1b: Kingambit|Kingambit, L50, M, shiny|100/100
|turn|5
|inactive|rokesaurio has 30 seconds left.
|inactive|rokesaurio has 20 seconds left.
|inactive|rokesaurio has 15 seconds left.
|
|t:|1782981599
|move|p1b: Kingambit|Sucker Punch|p2b: Basculegion
|-supereffective|p2b: Basculegion|1
|-damage|p2b: Basculegion|0 fnt
|faint|p2b: Basculegion
|move|p1a: Blastoise|Water Spout|p2a: Pyroar
|-supereffective|p2a: Pyroar|1
|-damage|p2a: Pyroar|0 fnt
|faint|p2a: Pyroar
|
|-weather|none
|upkeep
|
|t:|1782981602
|switch|p2b: Torkoal|Torkoal, L50, M|100/100
|-weather|SunnyDay|[from] ability: Drought|[of] p2b: Torkoal
|turn|6
|
|t:|1782981609
|move|p1a: Blastoise|Water Spout|p2b: Torkoal
|-supereffective|p2b: Torkoal|1
|-damage|p2b: Torkoal|0 fnt
|faint|p2b: Torkoal
|
|win|Glimme
