|j|☆Freudianbreath
|j|☆Oura138
|html|FreudianbreathOura138    
|uhtml|bestof|Game 2 of a best-of-3
|t:|1756193355
|gametype|doubles
|player|p1|Freudianbreath|2|1000
|player|p2|Oura138|koga|1113
|gen|9
|tier|[Gen 9] VGC 2025 Reg H (Bo3)
|rated|
|rule|Species Clause: Limit one of each Pokémon
|rule|Item Clause: Limit 1 of each item
|clearpoke
|poke|p1|Incineroar, L50, M|
|poke|p1|Dragonite, L50, F|
|poke|p1|Gholdengo, L50|
|poke|p1|Breloom, L50, F|
|poke|p1|Arcanine-Hisui, L50, F|
|poke|p1|Rillaboom, L50, M|
|poke|p2|Sneasler, L50, F|
|poke|p2|Kingambit, L50, M|
|poke|p2|Rillaboom, L50, M|
|poke|p2|Electabuzz, L50, M|
|poke|p2|Ninetales-Alola, L50, M|
|poke|p2|Volcarona, L50, F|
|teampreview|4
|showteam|p1|Incineroar||SafetyGoggles|Intimidate|FakeOut,KnockOff,WillOWisp,PartingShot|||M|||50|,,,,,Ghost]Dragonite||SilkScarf|Multiscale|Protect,ExtremeSpeed,Tailwind,StompingTantrum|||F|||50|,,,,,Fairy]Gholdengo||LifeOrb|GoodasGold|MakeItRain,ShadowBall,NastyPlot,Protect||||||50|,,,,,Dragon]Breloom||LoadedDice|Technician|BulletSeed,MachPunch,Protect,Spore|||F|||50|,,,,,Fire]Arcanine-Hisui||ChoiceBand|Intimidate|ExtremeSpeed,FlareBlitz,RockSlide,HeadSmash|||F|||50|,,,,,Normal]Rillaboom||AssaultVest|GrassySurge|WoodHammer,GrassyGlide,FakeOut,HighHorsepower|||M|||50|,,,,,Fire
|showteam|p2|Sneasler||GrassySeed|Unburden|DireClaw,CloseCombat,Protect,Acrobatics|||F|||50|,,,,,Flying]Kingambit||BlackGlasses|Defiant|KowtowCleave,SwordsDance,SuckerPunch,Protect|||M|||50|,,,,,Ghost]Rillaboom||AssaultVest|GrassySurge|WoodHammer,Uturn,GrassyGlide,FakeOut|||M|||50|,,,,,Fire]Electabuzz||Eviolite|VitalSpirit|Electroweb,FollowMe,Taunt,Protect|||M|||50|,,,,,Ghost]Ninetales-Alola||FocusSash|SnowWarning|Blizzard,FreezeDry,Encore,Protect|||M|||50|,,,,,Ice]Volcarona||Leftovers|FlameBody|HeatWave,TeraBlast,QuiverDance,Protect|||F|||50|,,,,,Water
|
|t:|1756193395
|teamsize|p1|4
|teamsize|p2|4
|start
|switch|p1a: Rillaboom|Rillaboom, L50, M|100/100
|switch|p1b: Breloom|Breloom, L50, F|100/100
|switch|p2a: Volcarona|Volcarona, L50, F|100/100
|switch|p2b: Rillaboom|Rillaboom, L50, M|100/100
|-fieldstart|move: Grassy Terrain|[from] ability: Grassy Surge|[of] p1a: Rillaboom
|turn|1
|
|t:|1756193448
|switch|p1a: Incineroar|Incineroar, L50, M|100/100
|-ability|p1a: Incineroar|Intimidate|boost
|-unboost|p2a: Volcarona|atk|1
|-unboost|p2b: Rillaboom|atk|1
|move|p1b: Breloom|Protect|p1b: Breloom
|-singleturn|p1b: Breloom|Protect
|move|p2a: Volcarona|Quiver Dance|p2a: Volcarona
|-boost|p2a: Volcarona|spa|1
|-boost|p2a: Volcarona|spd|1
|-boost|p2a: Volcarona|spe|1
|move|p2b: Rillaboom|U-turn|p1a: Incineroar
|-damage|p1a: Incineroar|86/100
|
|t:|1756193463
|switch|p2b: Sneasler|Sneasler, L50, F|100/100|[from] U-turn
|-enditem|p2b: Sneasler|Grassy Seed
|-boost|p2b: Sneasler|def|1|[from] item: Grassy Seed
|
|-heal|p1a: Incineroar|92/100|[from] Grassy Terrain
|upkeep
|turn|2
|
|t:|1756193506
|-terastallize|p1b: Breloom|Fire
|move|p2b: Sneasler|Close Combat|p1a: Incineroar
|-supereffective|p1a: Incineroar
|-damage|p1a: Incineroar|0 fnt
|-unboost|p2b: Sneasler|def|1
|-unboost|p2b: Sneasler|spd|1
|faint|p1a: Incineroar
|move|p2a: Volcarona|Quiver Dance|p2a: Volcarona
|-boost|p2a: Volcarona|spa|1
|-boost|p2a: Volcarona|spd|1
|-boost|p2a: Volcarona|spe|1
|move|p1b: Breloom|Spore|p2a: Volcarona
|-status|p2a: Volcarona|slp|[from] move: Spore
|
|upkeep
|
|t:|1756193530
|switch|p1a: Dragonite|Dragonite, L50, F|100/100
|turn|3
|
|t:|1756193584
|move|p1b: Breloom|Protect|p1b: Breloom
|-singleturn|p1b: Breloom|Protect
|move|p1a: Dragonite|Extreme Speed|p2b: Sneasler
|-damage|p2b: Sneasler|40/100
|move|p2b: Sneasler|Close Combat|p1b: Breloom
|-activate|p1b: Breloom|move: Protect
|cant|p2a: Volcarona|slp
|
|-heal|p2b: Sneasler|46/100|[from] Grassy Terrain
|upkeep
|turn|4
|
|t:|1756193621
|move|p1a: Dragonite|Extreme Speed|p2b: Sneasler
|-damage|p2b: Sneasler|0 fnt
|faint|p2b: Sneasler
|cant|p2a: Volcarona|slp
|move|p1b: Breloom|Bullet Seed|p2a: Volcarona
|-resisted|p2a: Volcarona
|-damage|p2a: Volcarona|94/100 slp
|-resisted|p2a: Volcarona
|-damage|p2a: Volcarona|86/100 slp
|-resisted|p2a: Volcarona
|-damage|p2a: Volcarona|80/100 slp
|-resisted|p2a: Volcarona
|-damage|p2a: Volcarona|72/100 slp
|-resisted|p2a: Volcarona
|-damage|p2a: Volcarona|65/100 slp
|-hitcount|p2a: Volcarona|5
|
|-heal|p2a: Volcarona|71/100 slp|[from] Grassy Terrain
|-heal|p2a: Volcarona|78/100 slp|[from] item: Leftovers
|upkeep
|
|t:|1756193631
|switch|p2b: Ninetales|Ninetales-Alola, L50, M|100/100
|-weather|Snowscape|[from] ability: Snow Warning|[of] p2b: Ninetales
|turn|5
|
|t:|1756193662
|-terastallize|p2b: Ninetales|Ice
|move|p1a: Dragonite|Extreme Speed|p2b: Ninetales
|-damage|p2b: Ninetales|64/100
|move|p1b: Breloom|Mach Punch|p2b: Ninetales
|-supereffective|p2b: Ninetales
|-damage|p2b: Ninetales|0 fnt
|faint|p2b: Ninetales
|cant|p2a: Volcarona|slp
|
|-weather|Snowscape|[upkeep]
|-heal|p2a: Volcarona|84/100 slp|[from] Grassy Terrain
|-heal|p2a: Volcarona|90/100 slp|[from] item: Leftovers
|-fieldend|move: Grassy Terrain
|upkeep
|
|t:|1756193678
|switch|p2b: Rillaboom|Rillaboom, L50, M|100/100
|-fieldstart|move: Grassy Terrain|[from] ability: Grassy Surge|[of] p2b: Rillaboom
|turn|6
|
|t:|1756193703
|move|p1a: Dragonite|Protect|p1a: Dragonite
|-singleturn|p1a: Dragonite|Protect
|move|p2b: Rillaboom|Grassy Glide|p1b: Breloom
|-resisted|p1b: Breloom
|-damage|p1b: Breloom|70/100
|-curestatus|p2a: Volcarona|slp|[msg]
|move|p2a: Volcarona|Heat Wave|p1a: Dragonite|[spread] p1b
|-activate|p1a: Dragonite|move: Protect
|-resisted|p1b: Breloom
|-damage|p1b: Breloom|9/100
|move|p1b: Breloom|Spore|p2a: Volcarona
|-status|p2a: Volcarona|slp|[from] move: Spore
|
|-weather|Snowscape|[upkeep]
|-heal|p2a: Volcarona|96/100 slp|[from] Grassy Terrain
|-heal|p2a: Volcarona|100/100 slp|[from] item: Leftovers
|-heal|p1b: Breloom|15/100|[from] Grassy Terrain
|upkeep
|turn|7
|-message|Oura138 forfeited.
|raw|Freudianbreath's rating: 1000 → 1053(+53 for winning)
|raw|Oura138's rating: 1113 → 1080(-33 for losing)
|
|win|Freudianbreath
|l|☆Oura138
|player|p2|
