|j|☆Inferno prodigy
|j|☆Its Sushiii
|html|Inferno prodigyIts Sushiii    
|uhtml|bestof|Game 3 of a best-of-3
|t:|1784578436
|gametype|doubles
|player|p1|Inferno prodigy|102|1311
|player|p2|Its Sushiii|2|1403
|gen|9
|tier|[Gen 9 Champions] VGC 2026 Reg M-B (Bo3)
|rated|
|rule|Species Clause: Limit one of each Pokémon
|rule|Item Clause: Limit 1 of each item
|clearpoke
|poke|p1|Staraptor, L50, M|
|poke|p1|Metagross, L50|
|poke|p1|Farigiraf, L50, M|
|poke|p1|Whimsicott, L50, M|
|poke|p1|Garchomp, L50, M|
|poke|p1|Ceruledge, L50, F|
|poke|p2|Excadrill, L50, M, shiny|
|poke|p2|Tyranitar, L50, M|
|poke|p2|Farigiraf, L50, M|
|poke|p2|Sylveon, L50, M|
|poke|p2|Charizard, L50, F|
|poke|p2|Hydreigon, L50, F|
|teampreview|4
|showteam|p1|Staraptor||Staraptite|Intimidate|CloseCombat,Roost,BraveBird,Protect|Jolly||M|||50|]Metagross||Metagrossite|ClearBody|Protect,IronHead,PsychicFangs,BodyPress|Adamant|||||50|]Farigiraf||SitrusBerry|ArmorTail|Psychic,Thunderbolt,HelpingHand,TrickRoom|Calm||M|||50|]Whimsicott||FocusSash|Prankster|Moonblast,Tailwind,Encore,Charm|Timid||M|||50|]Garchomp||LifeOrb|RoughSkin|StompingTantrum,RockSlide,DragonClaw,Protect|Jolly||M|||50|]Ceruledge||ColburBerry|FlashFire|BitterBlade,ShadowSneak,BulkUp,Protect|Adamant||F|||50|
|showteam|p2|Excadrill||FocusSash|SandRush|IronHead,HighHorsepower,RockSlide,Protect|Adamant||M|||50|]Tyranitar||Tyranitarite|SandStream|RockSlide,KnockOff,IcePunch,Protect|Adamant||M|||50|]Farigiraf||SitrusBerry|ArmorTail|Psychic,Thunderbolt,TrickRoom,Protect|Relaxed||M|||50|]Sylveon||LifeOrb|Pixilate|HyperVoice,HyperBeam,QuickAttack,Detect|Modest||M|||50|]Charizard||CharizarditeY|Blaze|HeatWave,SolarBeam,WeatherBall,Protect|Modest||F|||50|]Hydreigon||ChoiceScarf|Levitate|DarkPulse,DracoMeteor,EarthPower,Snarl|Modest||F|||50|
|inactive|Battle timer is ON: inactive players will automatically lose when time's up. (requested by Its Sushiii)
|inactive|Inferno prodigy has 60 seconds left.
|
|t:|1784578498
|teamsize|p1|4
|teamsize|p2|4
|start
|switch|p1a: Whimsicott|Whimsicott, L50, M|100/100
|switch|p1b: Ceruledge|Ceruledge, L50, F|100/100
|switch|p2a: Farigiraf|Farigiraf, L50, M|100/100
|switch|p2b: Sylveon|Sylveon, L50, M|100/100
|turn|1
|
|t:|1784578522
|move|p1a: Whimsicott|Moonblast|p2a: Farigiraf
|-damage|p2a: Farigiraf|67/100
|move|p1b: Ceruledge|Bulk Up|p1b: Ceruledge
|-boost|p1b: Ceruledge|atk|1
|-boost|p1b: Ceruledge|def|1
|move|p2b: Sylveon|Hyper Voice|p1a: Whimsicott|[spread] p1a,p1b
|-resisted|p1b: Ceruledge|1
|-damage|p1a: Whimsicott|5/100
|-damage|p1b: Ceruledge|74/100
|-damage|p2b: Sylveon|90/100|[from] item: Life Orb
|move|p2a: Farigiraf|Trick Room|p2a: Farigiraf
|-fieldstart|move: Trick Room|[of] p2a: Farigiraf
|
|upkeep
|turn|2
|
|t:|1784578545
|move|p2a: Farigiraf|Psychic|p1b: Ceruledge
|-damage|p1b: Ceruledge|42/100
|move|p2b: Sylveon|Hyper Voice|p1b: Ceruledge|[spread] p1a,p1b
|-crit|p1a: Whimsicott
|-resisted|p1b: Ceruledge|1
|-damage|p1a: Whimsicott|0 fnt
|-damage|p1b: Ceruledge|17/100
|faint|p1a: Whimsicott
|-damage|p2b: Sylveon|80/100|[from] item: Life Orb
|move|p1b: Ceruledge|Bitter Blade|p2a: Farigiraf
|-damage|p2a: Farigiraf|10/100
|-heal|p1b: Ceruledge|51/100|[from] drain|[of] p2a: Farigiraf
|-enditem|p2a: Farigiraf|Sitrus Berry|[eat]
|-heal|p2a: Farigiraf|35/100|[from] item: Sitrus Berry
|
|upkeep
|
|t:|1784578559
|switch|p1a: Metagross|Metagross, L50|100/100
|turn|3
|inactive|Its Sushiii has 30 seconds left.
|
|t:|1784578589
|switch|p2a: Tyranitar|Tyranitar, L50, M|100/100
|-weather|Sandstorm|[from] ability: Sand Stream|[of] p2a: Tyranitar
|detailschange|p1a: Metagross|Metagross-Mega, L50
|-mega|p1a: Metagross|Metagross|Metagrossite
|move|p1b: Ceruledge|Protect|p1b: Ceruledge
|-singleturn|p1b: Ceruledge|Protect
|move|p2b: Sylveon|Hyper Beam|p1b: Ceruledge
|-activate|p1b: Ceruledge|move: Protect
|move|p1a: Metagross|Iron Head|p2b: Sylveon
|-supereffective|p2b: Sylveon|1
|-damage|p2b: Sylveon|0 fnt
|faint|p2b: Sylveon
|
|-weather|Sandstorm|[upkeep]
|-damage|p1b: Ceruledge|45/100|[from] Sandstorm
|upkeep
|inactive|Its Sushiii has 30 seconds left.
|inactive|Its Sushiii has 20 seconds left.
|inactive|Its Sushiii has 15 seconds left.
|inactive|Its Sushiii has 10 seconds left.
|
|t:|1784578639
|switch|p2b: Farigiraf|Farigiraf, L50, M|35/100
|turn|4
|
|t:|1784578658
|detailschange|p2a: Tyranitar|Tyranitar-Mega, L50, M
|-mega|p2a: Tyranitar|Tyranitar|Tyranitarite
|move|p2b: Farigiraf|Thunderbolt|p1a: Metagross
|-damage|p1a: Metagross|76/100
|move|p2a: Tyranitar|Knock Off|p1a: Metagross
|-supereffective|p1a: Metagross|1
|-damage|p1a: Metagross|8/100
|move|p1b: Ceruledge|Bitter Blade|p2b: Farigiraf
|-crit|p2b: Farigiraf
|-damage|p2b: Farigiraf|0 fnt
|-heal|p1b: Ceruledge|67/100|[from] drain|[of] p2b: Farigiraf
|faint|p2b: Farigiraf
|move|p1a: Metagross|Body Press|p2a: Tyranitar
|-supereffective|p2a: Tyranitar|2
|-damage|p2a: Tyranitar|11/100
|
|-weather|Sandstorm|[upkeep]
|-damage|p1b: Ceruledge|61/100|[from] Sandstorm
|upkeep
|
|t:|1784578672
|switch|p2b: Hydreigon|Hydreigon, L50, F|100/100
|turn|5
|inactive|Its Sushiii has 30 seconds left.
|
|t:|1784578705
|move|p1b: Ceruledge|Shadow Sneak|p2a: Tyranitar
|-resisted|p2a: Tyranitar|1
|-damage|p2a: Tyranitar|1/100
|move|p2a: Tyranitar|Rock Slide|p1a: Metagross|[spread] p1a,p1b
|-resisted|p1a: Metagross|1
|-supereffective|p1b: Ceruledge|1
|-damage|p1a: Metagross|0 fnt
|-damage|p1b: Ceruledge|0 fnt
|faint|p1a: Metagross
|faint|p1b: Ceruledge
|move|p2b: Hydreigon|Draco Meteor|p1: Metagross|[notarget]
|-fail|p2b: Hydreigon
|
|-weather|Sandstorm|[upkeep]
|-damage|p2b: Hydreigon|94/100|[from] Sandstorm
|-fieldend|move: Trick Room
|upkeep
|
|t:|1784578715
|switch|p1b: Garchomp|Garchomp, L50, M|100/100
|turn|6
|
|t:|1784578722
|move|p2b: Hydreigon|Draco Meteor|p1b: Garchomp
|-supereffective|p1b: Garchomp|1
|-damage|p1b: Garchomp|0 fnt
|-unboost|p2b: Hydreigon|spa|2
|faint|p1b: Garchomp
|
|win|Its Sushiii
|raw|Inferno prodigy's rating: 1311 → 1296(-15 for losing)
|raw|Its Sushiii's rating: 1403 → 1418(+15 for winning)
|c|☆Inferno prodigy|You chest set t
|l|☆Inferno prodigy
|player|p1|
