|j|☆HumanPlaysVGC
|j|☆RillaZardCJM
|html|HumanPlaysVGCRillaZardCJM    
|uhtml|bestof|Game 1 of a best-of-3
|t:|1756557891
|gametype|doubles
|player|p1|HumanPlaysVGC|n-masters3|
|player|p2|RillaZardCJM|byron|
|gen|9
|tier|[Gen 9] VGC 2025 Reg H (Bo3)
|rule|Species Clause: Limit one of each Pokémon
|rule|Item Clause: Limit 1 of each item
|clearpoke
|poke|p1|Weezing-Galar, L50, F|
|poke|p1|Toedscruel, L50, F|
|poke|p1|Corviknight, L50, F|
|poke|p1|Incineroar, L50, M|
|poke|p1|Garchomp, L50, F|
|poke|p1|Indeedee, L50, M|
|poke|p2|Archaludon, L50, M|
|poke|p2|Maushold-Four, L50|
|poke|p2|Pelipper, L50, M|
|poke|p2|Rillaboom, L50, M|
|poke|p2|Dondozo, L50, F|
|poke|p2|Tatsugiri, L50, F|
|teampreview|4
|showteam|p1|Weezing-Galar||SitrusBerry|NeutralizingGas|DazzlingGleam,SludgeBomb,Protect,Taunt|||F|||50|,,,,,Grass]Toedscruel||CovertCloak|MyceliumMight|Spore,RagePowder,EarthPower,AcidSpray|||F|||50|,,,,,Water]Corviknight||RockyHelmet|MirrorArmor|Tailwind,BraveBird,Protect,Roost|||F|||50|,,,,,Dragon]Incineroar||AbilityShield|Intimidate|FakeOut,KnockOff,PartingShot,Taunt|||M|||50|,,,,,Ghost]Garchomp||LifeOrb|RoughSkin|DragonClaw,Earthquake,Protect,StompingTantrum|||F|||50|,,,,,Ground]Indeedee||FocusSash|PsychicSurge|ExpandingForce,DazzlingGleam,Protect,TrickRoom|||M|||50|,,,,,Psychic
|showteam|p2|Archaludon||AssaultVest|Stamina|FlashCannon,BodyPress,ElectroShot,DragonPulse|||M|||50|,,,,,Fairy]Maushold-Four||LoadedDice|FriendGuard|BeatUp,PopulationBomb,Protect,Taunt||||||50|,,,,,Normal]Pelipper||SitrusBerry|Drizzle|Tailwind,WeatherBall,Hurricane,Protect|||M|||50|,,,,,Water]Rillaboom||MeadowPlate|GrassySurge|WoodHammer,FakeOut,GrassyGlide,HighHorsepower|||M|||50|,,,,,Grass]Dondozo||Leftovers|Unaware|OrderUp,WaveCrash,Protect,Yawn|||F|||50|,,,,,Grass]Tatsugiri||FocusSash|Commander|IcyWind,MuddyWater,Protect,DracoMeteor|||F|||50|,,,,,Steel
|
|t:|1756557977
|teamsize|p1|4
|teamsize|p2|4
|start
|switch|p1a: Indeedee|Indeedee, L50, M|100/100
|switch|p1b: Toedscruel|Toedscruel, L50, F|100/100
|switch|p2a: Pelipper|Pelipper, L50, M|100/100
|switch|p2b: Rillaboom|Rillaboom, L50, M|100/100
|-fieldstart|move: Grassy Terrain|[from] ability: Grassy Surge|[of] p2b: Rillaboom
|-fieldstart|move: Psychic Terrain|[from] ability: Psychic Surge|[of] p1a: Indeedee
|-weather|RainDance|[from] ability: Drizzle|[of] p2a: Pelipper
|turn|1
|
|t:|1756558032
|move|p2a: Pelipper|Protect|p2a: Pelipper
|-singleturn|p2a: Pelipper|Protect
|move|p1b: Toedscruel|Acid Spray|p2b: Rillaboom
|-supereffective|p2b: Rillaboom
|-damage|p2b: Rillaboom|80/100
|-unboost|p2b: Rillaboom|spd|2
|move|p2b: Rillaboom|Wood Hammer|p1a: Indeedee
|-enditem|p1a: Indeedee|Focus Sash
|-damage|p1a: Indeedee|1/100
|-damage|p2b: Rillaboom|54/100|[from] Recoil
|move|p1a: Indeedee|Expanding Force|p2a: Pelipper|[spread] p2b
|-activate|p2a: Pelipper|move: Protect
|-damage|p2b: Rillaboom|0 fnt
|faint|p2b: Rillaboom
|
|-weather|RainDance|[upkeep]
|upkeep
|
|t:|1756558050
|switch|p2b: Dondozo|Dondozo, L50, F|100/100
|turn|2
|
|t:|1756558065
|switch|p1a: Weezing|Weezing-Galar, L50, F|100/100
|-ability|p1a: Weezing|Neutralizing Gas
|move|p2b: Dondozo|Protect|p2b: Dondozo
|-singleturn|p2b: Dondozo|Protect
|move|p2a: Pelipper|Tailwind|p2a: Pelipper
|-sidestart|p2: RillaZardCJM|move: Tailwind
|move|p1b: Toedscruel|Spore|p2b: Dondozo
|-activate|p2b: Dondozo|move: Protect
|
|-weather|RainDance|[upkeep]
|upkeep
|turn|3
|
|t:|1756558086
|switch|p2b: Tatsugiri|Tatsugiri, L50, F|100/100
|move|p2a: Pelipper|Hurricane|p1b: Toedscruel
|-supereffective|p1b: Toedscruel
|-damage|p1b: Toedscruel|20/100
|move|p1b: Toedscruel|Acid Spray|p2b: Tatsugiri
|-damage|p2b: Tatsugiri|91/100
|-unboost|p2b: Tatsugiri|spd|2
|move|p1a: Weezing|Sludge Bomb|p2b: Tatsugiri
|-damage|p2b: Tatsugiri|30/100
|-status|p2b: Tatsugiri|psn
|
|-weather|RainDance|[upkeep]
|-damage|p2b: Tatsugiri|18/100 psn|[from] psn
|upkeep
|turn|4
|
|t:|1756558116
|switch|p2b: Dondozo|Dondozo, L50, F|100/100
|move|p2a: Pelipper|Hurricane|p1b: Toedscruel
|-supereffective|p1b: Toedscruel
|-damage|p1b: Toedscruel|0 fnt
|faint|p1b: Toedscruel
|move|p1a: Weezing|Dazzling Gleam|p2a: Pelipper|[spread] p2a,p2b
|-damage|p2a: Pelipper|76/100
|-damage|p2b: Dondozo|83/100
|
|-weather|RainDance|[upkeep]
|-heal|p2b: Dondozo|89/100|[from] item: Leftovers
|upkeep
|
|t:|1756558149
|switch|p1b: Garchomp|Garchomp, L50, F|100/100
|turn|5
|
|t:|1756558168
|-terastallize|p2b: Dondozo|Grass
|move|p1b: Garchomp|Protect|p1b: Garchomp
|-singleturn|p1b: Garchomp|Protect
|move|p2a: Pelipper|Hurricane|p1a: Weezing
|-damage|p1a: Weezing|59/100
|-start|p1a: Weezing|confusion
|move|p2b: Dondozo|Yawn|p1b: Garchomp
|-activate|p1b: Garchomp|move: Protect
|-activate|p1a: Weezing|confusion
|move|p1a: Weezing|Dazzling Gleam|p2a: Pelipper|[spread] p2a,p2b
|-damage|p2a: Pelipper|48/100
|-damage|p2b: Dondozo|72/100
|-enditem|p2a: Pelipper|Sitrus Berry|[eat]
|-heal|p2a: Pelipper|73/100|[from] item: Sitrus Berry
|
|-weather|none
|-heal|p2b: Dondozo|79/100|[from] item: Leftovers
|-sideend|p2: RillaZardCJM|move: Tailwind
|-fieldend|move: Psychic Terrain
|upkeep
|turn|6
|
|t:|1756558206
|move|p1b: Garchomp|Dragon Claw|p2a: Pelipper
|-damage|p2a: Pelipper|0 fnt
|faint|p2a: Pelipper
|-damage|p1b: Garchomp|91/100|[from] item: Life Orb
|-end|p1a: Weezing|confusion
|move|p1a: Weezing|Sludge Bomb|p2b: Dondozo
|-supereffective|p2b: Dondozo
|-damage|p2b: Dondozo|22/100
|move|p2b: Dondozo|Order Up|p1b: Garchomp
|-supereffective|p1b: Garchomp
|-damage|p1b: Garchomp|48/100
|
|-heal|p2b: Dondozo|28/100|[from] item: Leftovers
|upkeep
|
|t:|1756558219
|switch|p2a: Tatsugiri|Tatsugiri, L50, F|18/100 psn
|turn|7
|
|t:|1756558238
|move|p2b: Dondozo|Protect|p2b: Dondozo
|-singleturn|p2b: Dondozo|Protect
|move|p1b: Garchomp|Dragon Claw|p2a: Tatsugiri
|-supereffective|p2a: Tatsugiri
|-damage|p2a: Tatsugiri|0 fnt
|faint|p2a: Tatsugiri
|-damage|p1b: Garchomp|38/100|[from] item: Life Orb
|move|p1a: Weezing|Sludge Bomb|p2b: Dondozo
|-activate|p2b: Dondozo|move: Protect
|
|-heal|p2b: Dondozo|34/100|[from] item: Leftovers
|upkeep
|turn|8
|
|t:|1756558257
|move|p1b: Garchomp|Dragon Claw|p2b: Dondozo
|-damage|p2b: Dondozo|8/100
|-damage|p1b: Garchomp|29/100|[from] item: Life Orb
|move|p1a: Weezing|Sludge Bomb|p2b: Dondozo
|-supereffective|p2b: Dondozo
|-crit|p2b: Dondozo
|-damage|p2b: Dondozo|0 fnt
|faint|p2b: Dondozo
|
|win|HumanPlaysVGC
||RillaZardCJM is ready for game 2.
||HumanPlaysVGC is ready for game 2.
|uhtml|next|Next: Game 2 of 3
