|j|☆Oscarm92
|j|☆TheDark69420
|html|Oscarm92TheDark69420    
|uhtml|bestof|Game 2 of a best-of-3
|t:|1783010939
|gametype|doubles
|player|p1|Oscarm92|170|1287
|player|p2|TheDark69420|ghetsis-gen5bw|1292
|gen|9
|tier|[Gen 9 Champions] VGC 2026 Reg M-B (Bo3)
|rated|
|rule|Species Clause: Limit one of each Pokémon
|rule|Item Clause: Limit 1 of each item
|clearpoke
|poke|p1|Charizard, L50, M, shiny|
|poke|p1|Aerodactyl, L50, F|
|poke|p1|Garchomp, L50, F, shiny|
|poke|p1|Kingambit, L50, F|
|poke|p1|Sylveon, L50, M|
|poke|p1|Farigiraf, L50, M|
|poke|p2|Incineroar, L50, F|
|poke|p2|Kingambit, L50, M|
|poke|p2|Sneasler, L50, M|
|poke|p2|Floette-Eternal, L50, F|
|poke|p2|Sinistcha, L50|
|poke|p2|Dragonite, L50, M|
|teampreview|4
|showteam|p1|Charizard||CharizarditeY|Blaze|HeatWave,WeatherBall,SolarBeam,Protect|Modest||M|||50|]Aerodactyl||Aerodactylite|RockHead|IceFang,RockSlide,Tailwind,DualWingbeat|Jolly||F|||50|]Garchomp||LifeOrb|RoughSkin|DragonClaw,StompingTantrum,Earthquake,Protect|Jolly||F|||50|]Kingambit||FocusSash|Defiant|SuckerPunch,KowtowCleave,IronHead,LowKick|Adamant||F|||50|]Sylveon||FairyFeather|Pixilate|QuickAttack,HyperVoice,HyperBeam,Protect|Modest||M|||50|]Farigiraf||SitrusBerry|ArmorTail|TrickRoom,Thunderbolt,GrassKnot,TwinBeam|Bold||M|||50|
|showteam|p2|Incineroar||SitrusBerry|Intimidate|FakeOut,FlareBlitz,DarkestLariat,PartingShot|Careful||F|||50|]Kingambit||ChopleBerry|Defiant|KowtowCleave,SuckerPunch,SwordsDance,Protect|Adamant||M|||50|]Sneasler||FocusSash|PoisonTouch|FakeOut,Coaching,CloseCombat,PoisonJab|Jolly||M|||50|]Floette-Eternal||Floettite|FlowerVeil|CalmMind,Protect,DrainingKiss,DazzlingGleam|Bold||F|||50|]Sinistcha||Leftovers|Hospitality|TrickRoom,RagePowder,MatchaGotcha,Protect|Bold|||||50|]Dragonite||LumBerry|Multiscale|ExtremeSpeed,DragonClaw,Protect,FirePunch|Adamant||M|||50|
|inactive|Battle timer is ON: inactive players will automatically lose when time's up. (requested by TheDark69420)
|
|t:|1783010965
|teamsize|p1|4
|teamsize|p2|4
|start
|switch|p1a: Aerodactyl|Aerodactyl, L50, F|100/100
|switch|p1b: Kingambit|Kingambit, L50, F|100/100
|switch|p2a: Dragonite|Dragonite, L50, M|100/100
|switch|p2b: Floette|Floette-Eternal, L50, F|100/100
|turn|1
|inactive|Oscarm92 has 30 seconds left.
|
|t:|1783010999
|detailschange|p1a: Aerodactyl|Aerodactyl-Mega, L50, F
|-mega|p1a: Aerodactyl|Aerodactyl|Aerodactylite
|detailschange|p2b: Floette|Floette-Mega, L50, F
|-mega|p2b: Floette|Floette|Floettite
|-ability|p2b: Floette|Fairy Aura
|move|p1a: Aerodactyl|Rock Slide|p2a: Dragonite|[spread] p2a,p2b
|-supereffective|p2a: Dragonite|1
|-damage|p2a: Dragonite|72/100
|-damage|p2b: Floette|77/100
|move|p2b: Floette|Dazzling Gleam|p1a: Aerodactyl|[spread] p1a,p1b
|-damage|p1a: Aerodactyl|62/100
|-damage|p1b: Kingambit|57/100
|move|p1b: Kingambit|Iron Head|p2b: Floette
|-supereffective|p2b: Floette|1
|-damage|p2b: Floette|0 fnt
|faint|p2b: Floette
|move|p2a: Dragonite|Fire Punch|p1b: Kingambit
|-supereffective|p1b: Kingambit|1
|-damage|p1b: Kingambit|2/100
|
|upkeep
|
|t:|1783011017
|switch|p2b: Sneasler|Sneasler, L50, M|100/100
|turn|2
|
|t:|1783011024
|switch|p1b: Farigiraf|Farigiraf, L50, M|100/100
|move|p2a: Dragonite|Extreme Speed||[still]
|cant|p1b: Farigiraf|ability: Armor Tail|Extreme Speed|[of] p2a: Dragonite
|move|p1a: Aerodactyl|Dual Wingbeat|p2b: Sneasler
|-supereffective|p2b: Sneasler|1
|-damage|p2b: Sneasler|22/100
|-supereffective|p2b: Sneasler|1
|-damage|p2b: Sneasler|0 fnt
|faint|p2b: Sneasler
|-hitcount|p2: Sneasler|2
|
|upkeep
|
|t:|1783011031
|switch|p2b: Sinistcha|Sinistcha, L50|100/100
|-heal|p2a: Dragonite|97/100|[from] ability: Hospitality|[of] p2b: Sinistcha
|turn|3
|inactive|Oscarm92 has 30 seconds left.
|inactive|Oscarm92 has 20 seconds left.
|
|t:|1783011067
|move|p1a: Aerodactyl|Rock Slide|p2b: Sinistcha|[spread] p2a,p2b
|-supereffective|p2a: Dragonite|1
|-damage|p2a: Dragonite|51/100
|-damage|p2b: Sinistcha|77/100
|move|p2a: Dragonite|Dragon Claw|p1a: Aerodactyl
|-damage|p1a: Aerodactyl|7/100
|cant|p2b: Sinistcha|flinch
|move|p1b: Farigiraf|Twin Beam|p2a: Dragonite
|-damage|p2a: Dragonite|38/100
|-damage|p2a: Dragonite|24/100
|-hitcount|p2a: Dragonite|2
|
|-heal|p2b: Sinistcha|82/100|[from] item: Leftovers
|upkeep
|turn|4
|
|t:|1783011087
|move|p2a: Dragonite|Protect|p2a: Dragonite
|-singleturn|p2a: Dragonite|Protect
|move|p1a: Aerodactyl|Ice Fang|p2a: Dragonite
|-activate|p2a: Dragonite|move: Protect
|move|p2b: Sinistcha|Matcha Gotcha|p1b: Farigiraf|[spread] p1a,p1b
|-damage|p1a: Aerodactyl|0 fnt
|-heal|p2b: Sinistcha|87/100|[from] drain|[of] p1a: Aerodactyl
|-damage|p1b: Farigiraf|76/100
|-heal|p2b: Sinistcha|100/100|[from] drain|[of] p1b: Farigiraf
|-status|p1b: Farigiraf|brn
|faint|p1a: Aerodactyl
|move|p1b: Farigiraf|Twin Beam|p2b: Sinistcha
|-damage|p2b: Sinistcha|82/100
|-damage|p2b: Sinistcha|64/100
|-hitcount|p2b: Sinistcha|2
|
|-heal|p2b: Sinistcha|70/100|[from] item: Leftovers
|-damage|p1b: Farigiraf|70/100 brn|[from] brn
|upkeep
|
|t:|1783011091
|switch|p1a: Sylveon|Sylveon, L50, M|100/100
|turn|5
|
|t:|1783011109
|move|p1a: Sylveon|Quick Attack|p2a: Dragonite
|-supereffective|p2a: Dragonite|1
|-damage|p2a: Dragonite|2/100
|move|p2a: Dragonite|Fire Punch|p1a: Sylveon
|-damage|p1a: Sylveon|68/100
|move|p2b: Sinistcha|Matcha Gotcha|p1b: Farigiraf|[spread] p1a,p1b
|-damage|p1a: Sylveon|46/100
|-heal|p2b: Sinistcha|81/100|[from] drain|[of] p1a: Sylveon
|-damage|p1b: Farigiraf|45/100 brn
|-heal|p2b: Sinistcha|98/100|[from] drain|[of] p1b: Farigiraf
|-status|p1a: Sylveon|brn
|-enditem|p1b: Farigiraf|Sitrus Berry|[eat]
|-heal|p1b: Farigiraf|70/100 brn|[from] item: Sitrus Berry
|move|p1b: Farigiraf|Twin Beam|p2b: Sinistcha
|-damage|p2b: Sinistcha|82/100
|-damage|p2b: Sinistcha|66/100
|-hitcount|p2b: Sinistcha|2
|
|-heal|p2b: Sinistcha|72/100|[from] item: Leftovers
|-damage|p1a: Sylveon|40/100 brn|[from] brn
|-damage|p1b: Farigiraf|64/100 brn|[from] brn
|upkeep
|turn|6
|inactive|Oscarm92 has 30 seconds left.
|
|t:|1783011136
|move|p2a: Dragonite|Protect|p2a: Dragonite
|-singleturn|p2a: Dragonite|Protect
|move|p2b: Sinistcha|Matcha Gotcha|p1a: Sylveon|[spread] p1a,p1b
|-damage|p1a: Sylveon|22/100 brn
|-heal|p2b: Sinistcha|82/100|[from] drain|[of] p1a: Sylveon
|-damage|p1b: Farigiraf|41/100 brn
|-heal|p2b: Sinistcha|97/100|[from] drain|[of] p1b: Farigiraf
|move|p1a: Sylveon|Hyper Voice|p2a: Dragonite|[spread] p2b
|-activate|p2a: Dragonite|move: Protect
|-damage|p2b: Sinistcha|48/100
|move|p1b: Farigiraf|Twin Beam|p2b: Sinistcha
|-damage|p2b: Sinistcha|30/100
|-damage|p2b: Sinistcha|15/100
|-hitcount|p2b: Sinistcha|2
|
|-heal|p2b: Sinistcha|21/100|[from] item: Leftovers
|-damage|p1a: Sylveon|15/100 brn|[from] brn
|-damage|p1b: Farigiraf|35/100 brn|[from] brn
|upkeep
|turn|7
|
|t:|1783011149
|move|p2a: Dragonite|Protect|p2a: Dragonite
|-singleturn|p2a: Dragonite|Protect
|move|p2b: Sinistcha|Protect|p2b: Sinistcha
|-singleturn|p2b: Sinistcha|Protect
|move|p1a: Sylveon|Quick Attack|p2a: Dragonite
|-activate|p2a: Dragonite|move: Protect
|move|p1b: Farigiraf|Twin Beam|p2b: Sinistcha
|-activate|p2b: Sinistcha|move: Protect
|
|-heal|p2b: Sinistcha|27/100|[from] item: Leftovers
|-damage|p1a: Sylveon|9/100 brn|[from] brn
|-damage|p1b: Farigiraf|29/100 brn|[from] brn
|upkeep
|turn|8
|
|t:|1783011164
|move|p1a: Sylveon|Quick Attack|p2a: Dragonite
|-supereffective|p2a: Dragonite|1
|-damage|p2a: Dragonite|0 fnt
|faint|p2a: Dragonite
|move|p2b: Sinistcha|Matcha Gotcha|p1b: Farigiraf|[spread] p1a,p1b
|-damage|p1a: Sylveon|0 fnt
|-heal|p2b: Sinistcha|32/100|[from] drain|[of] p1a: Sylveon
|-damage|p1b: Farigiraf|7/100 brn
|-heal|p2b: Sinistcha|46/100|[from] drain|[of] p1b: Farigiraf
|faint|p1a: Sylveon
|move|p1b: Farigiraf|Twin Beam|p2b: Sinistcha
|-crit|p2b: Sinistcha
|-damage|p2b: Sinistcha|23/100
|-damage|p2b: Sinistcha|5/100
|-hitcount|p2b: Sinistcha|2
|
|-heal|p2b: Sinistcha|11/100|[from] item: Leftovers
|-damage|p1b: Farigiraf|1/100 brn|[from] brn
|upkeep
|
|t:|1783011170
|switch|p1a: Kingambit|Kingambit, L50, F|2/100
|turn|9
|
|t:|1783011179
|move|p2b: Sinistcha|Protect|p2b: Sinistcha
|-singleturn|p2b: Sinistcha|Protect
|move|p1a: Kingambit|Sucker Punch||[still]
|-fail|p1a: Kingambit
|move|p1b: Farigiraf|Twin Beam|p2b: Sinistcha
|-activate|p2b: Sinistcha|move: Protect
|
|-heal|p2b: Sinistcha|17/100|[from] item: Leftovers
|-damage|p1b: Farigiraf|0 fnt|[from] brn
|faint|p1b: Farigiraf
|upkeep
|turn|10
|
|t:|1783011182
|move|p2b: Sinistcha|Rage Powder|p2b: Sinistcha
|-singleturn|p2b: Sinistcha|move: Rage Powder
|move|p1a: Kingambit|Sucker Punch||[still]
|-fail|p1a: Kingambit
|
|-heal|p2b: Sinistcha|23/100|[from] item: Leftovers
|upkeep
|turn|11
|
|t:|1783011199
|move|p2b: Sinistcha|Protect|p2b: Sinistcha
|-singleturn|p2b: Sinistcha|Protect
|move|p1a: Kingambit|Sucker Punch||[still]
|-fail|p1a: Kingambit
|
|-heal|p2b: Sinistcha|29/100|[from] item: Leftovers
|upkeep
|turn|12
|
|t:|1783011205
|move|p1a: Kingambit|Sucker Punch|p2b: Sinistcha
|-supereffective|p2b: Sinistcha|1
|-damage|p2b: Sinistcha|0 fnt
|faint|p2b: Sinistcha
|
|win|Oscarm92
||TheDark69420 is ready for game 3.
||Oscarm92 is ready for game 3.
|uhtml|next|Next: Game 3 of 3
|l|☆TheDark69420
|player|p2|
