|j|☆dambro222
|j|☆jussdoit
|html|dambro222jussdoit    
|uhtml|bestof|Game 3 of a best-of-3
|t:|1756812424
|gametype|doubles
|player|p1|dambro222|ethan|1153
|player|p2|jussdoit|steven|1060
|gen|9
|tier|[Gen 9] VGC 2025 Reg H (Bo3)
|rated|
|rule|Species Clause: Limit one of each Pokémon
|rule|Item Clause: Limit 1 of each item
|clearpoke
|poke|p1|Dragonite, L50, M|
|poke|p1|Volcarona, L50, F|
|poke|p1|Sneasler, L50, M|
|poke|p1|Rillaboom, L50, M|
|poke|p1|Electabuzz, L50, M|
|poke|p1|Kingambit, L50, M|
|poke|p2|Glaceon, L50, M|
|poke|p2|Ninetales-Alola, L50, F|
|poke|p2|Ceruledge, L50, F|
|poke|p2|Sneasler, L50, M|
|poke|p2|Greninja-*, L50, M|
|poke|p2|Sinistcha, L50|
|teampreview|4
|showteam|p1|Dragonite||LoadedDice|Multiscale|ScaleShot,ExtremeSpeed,Haze,Protect|||M|||50|,,,,,Fairy]Volcarona||CovertCloak|FlameBody|HeatWave,TeraBlast,QuiverDance,Protect|||F|||50|,,,,,Fairy]Sneasler||FocusSash|Unburden|CloseCombat,DireClaw,RockSlide,Protect|||M|||50|,,,,,Stellar]Rillaboom||AssaultVest|GrassySurge|WoodHammer,GrassyGlide,HighHorsepower,FakeOut|||M|||50|,,,,,Water]Electabuzz||Eviolite|VitalSpirit|Electroweb,FollowMe,Taunt,Protect|||M|||50|,,,,,Ghost]Kingambit||BlackGlasses|Defiant|KowtowCleave,SuckerPunch,SwordsDance,Protect|||M|||50|,,,,,Dark
|showteam|p2|Glaceon||ChoiceSpecs|SnowCloak|Blizzard,IceBeam,TeraBlast,WeatherBall|||M|||50|,,,,,Psychic]Ninetales-Alola||CovertCloak|SnowWarning|AuroraVeil,Snowscape,Moonblast,Encore|||F|||50|,,,,,Ice]Ceruledge||BigRoot|FlashFire|BitterBlade,ShadowSneak,SwordsDance,Protect|||F|||50|,,,,,Grass]Sneasler||NormalGem|Unburden|DireClaw,FakeOut,SwordsDance,CloseCombat|||M|||50|,,,,,Stellar]Greninja||LifeOrb|Protean|WaterShuriken,DarkPulse,Blizzard,Taunt|||M|||50|,,,,,Steel]Sinistcha||WeaknessPolicy|Hospitality|LifeDew,MatchaGotcha,StrengthSap,Protect||||||50|,,,,,Fire
|inactive|Battle timer is ON: inactive players will automatically lose when time's up. (requested by jussdoit)
|inactive|dambro222 also wants the timer to be on.
|inactive|dambro222 has 60 seconds left.
|
|t:|1756812465
|teamsize|p1|4
|teamsize|p2|4
|start
|switch|p1a: Volcarona|Volcarona, L50, F|100/100
|switch|p1b: Sneasler|Sneasler, L50, M|100/100
|switch|p2a: Glaceon|Glaceon, L50, M|100/100
|switch|p2b: Ninetales|Ninetales-Alola, L50, F|100/100
|-weather|Snowscape|[from] ability: Snow Warning|[of] p2b: Ninetales
|turn|1
|
|t:|1756812480
|move|p1b: Sneasler|Dire Claw|p2b: Ninetales
|-supereffective|p2b: Ninetales
|-damage|p2b: Ninetales|39/100
|move|p2b: Ninetales|Aurora Veil|p2b: Ninetales
|-sidestart|p2: jussdoit|move: Aurora Veil
|move|p1a: Volcarona|Heat Wave|p2b: Ninetales|[spread] p2a,p2b
|-supereffective|p2a: Glaceon
|-supereffective|p2b: Ninetales
|-damage|p2a: Glaceon|49/100
|-damage|p2b: Ninetales|0 fnt
|faint|p2b: Ninetales
|move|p2a: Glaceon|Blizzard|p1a: Volcarona|[spread] p1a,p1b
|-resisted|p1a: Volcarona
|-damage|p1a: Volcarona|70/100
|-damage|p1b: Sneasler|7/100
|
|-weather|Snowscape|[upkeep]
|upkeep
|
|t:|1756812497
|switch|p2b: Greninja|Greninja, L50, M|100/100
|turn|2
|
|t:|1756812508
|switch|p2a: Ceruledge|Ceruledge, L50, F|100/100
|move|p1b: Sneasler|Protect|p1b: Sneasler
|-singleturn|p1b: Sneasler|Protect
|move|p1a: Volcarona|Protect|p1a: Volcarona
|-singleturn|p1a: Volcarona|Protect
|move|p2b: Greninja|Blizzard|p1b: Sneasler|[spread] 
|-start|p2b: Greninja|typechange|Ice|[from] ability: Protean
|-activate|p1a: Volcarona|move: Protect
|-activate|p1b: Sneasler|move: Protect
|
|-weather|Snowscape|[upkeep]
|upkeep
|turn|3
|inactive|dambro222 has 30 seconds left.
|inactive|dambro222 has 20 seconds left.
|inactive|dambro222 has 15 seconds left.
|
|t:|1756812550
|switch|p1b: Electabuzz|Electabuzz, L50, M|100/100
|move|p2b: Greninja|Water Shuriken|p1b: Electabuzz
|-damage|p1b: Electabuzz|95/100
|-damage|p1b: Electabuzz|91/100
|-hitcount|p1b: Electabuzz|2
|-damage|p2b: Greninja|91/100|[from] item: Life Orb
|move|p1a: Volcarona|Heat Wave|p2b: Greninja|[spread] p2b
|-start|p2a: Ceruledge|ability: Flash Fire
|-supereffective|p2b: Greninja
|-damage|p2b: Greninja|18/100
|move|p2a: Ceruledge|Bitter Blade|p1a: Volcarona
|-damage|p1a: Volcarona|0 fnt
|faint|p1a: Volcarona
|
|-weather|Snowscape|[upkeep]
|upkeep
|
|t:|1756812571
|switch|p1a: Sneasler|Sneasler, L50, M|7/100
|turn|4
|
|t:|1756812580
|move|p1b: Electabuzz|Follow Me|p1b: Electabuzz
|-singleturn|p1b: Electabuzz|move: Follow Me
|move|p1a: Sneasler|Dire Claw|p2b: Greninja
|-damage|p2b: Greninja|0 fnt
|faint|p2b: Greninja
|move|p2a: Ceruledge|Swords Dance|p2a: Ceruledge
|-boost|p2a: Ceruledge|atk|2
|
|-weather|Snowscape|[upkeep]
|upkeep
|
|t:|1756812588
|switch|p2b: Glaceon|Glaceon, L50, M|49/100
|turn|5
|
|t:|1756812595
|-terastallize|p2b: Glaceon|Psychic
|move|p1b: Electabuzz|Follow Me|p1b: Electabuzz
|-singleturn|p1b: Electabuzz|move: Follow Me
|move|p1a: Sneasler|Dire Claw|p2b: Glaceon
|-damage|p2b: Glaceon|21/100
|-status|p2b: Glaceon|par
|move|p2a: Ceruledge|Bitter Blade|p1b: Electabuzz
|-crit|p1b: Electabuzz
|-damage|p1b: Electabuzz|0 fnt
|faint|p1b: Electabuzz
|cant|p2b: Glaceon|par
|
|-weather|none
|-sideend|p2: jussdoit|move: Aurora Veil
|upkeep
|
|t:|1756812608
|switch|p1b: Kingambit|Kingambit, L50, M, shiny|100/100
|turn|6
|
|t:|1756812626
|-terastallize|p1b: Kingambit|Dark
|move|p2a: Ceruledge|Shadow Sneak|p1a: Sneasler
|-damage|p1a: Sneasler|0 fnt
|faint|p1a: Sneasler
|move|p1b: Kingambit|Sucker Punch||[still]
|-fail|p1b: Kingambit
|move|p2b: Glaceon|Ice Beam|p1b: Kingambit
|-damage|p1b: Kingambit|35/100
|
|upkeep
|turn|7
|
|t:|1756812642
|move|p1b: Kingambit|Sucker Punch|p2b: Glaceon
|-supereffective|p2b: Glaceon
|-damage|p2b: Glaceon|0 fnt
|faint|p2b: Glaceon
|move|p2a: Ceruledge|Bitter Blade|p1b: Kingambit
|-damage|p1b: Kingambit|0 fnt
|faint|p1b: Kingambit
|
|win|jussdoit
|raw|dambro222's rating: 1153 → 1121(-32 for losing)
|raw|jussdoit's rating: 1060 → 1099(+39 for winning)
|c|☆dambro222|gg
|c|☆jussdoit|gg
|l|☆jussdoit
|player|p2|
