|j|☆Marcored87
|j|☆crullvgc
|html|Marcored87crullvgc    
|uhtml|bestof|Game 1 of a best-of-3
|t:|1757708457
|gametype|doubles
|player|p1|Marcored87|2|1125
|player|p2|crullvgc|janitor|1103
|gen|9
|tier|[Gen 9] VGC 2025 Reg H (Bo3)
|rated|
|rule|Species Clause: Limit one of each Pokémon
|rule|Item Clause: Limit 1 of each item
|clearpoke
|poke|p1|Indeedee-F, L50, F|
|poke|p1|Hatterene, L50, F|
|poke|p1|Torkoal, L50, M|
|poke|p1|Gallade, L50, M|
|poke|p1|Lilligant-Hisui, L50, F|
|poke|p1|Ursaluna, L50, F|
|poke|p2|Gholdengo, L50|
|poke|p2|Porygon2, L50|
|poke|p2|Ursaluna, L50, M|
|poke|p2|Amoonguss, L50, F|
|poke|p2|Incineroar, L50, M|
|poke|p2|Dragonite, L50, M|
|teampreview|4
|showteam|p1|Indeedee-F||PsychicSeed|PsychicSurge|FollowMe,HelpingHand,Psychic,TrickRoom|||F|||50|,,,,,Grass]Hatterene||LifeOrb|MagicBounce|ExpandingForce,DazzlingGleam,TrickRoom,MysticalFire|||F|||50|,,,,,Fire]Torkoal||ChoiceSpecs|Drought|Eruption,HeatWave,EarthPower,WeatherBall|||M|||50|,,,,,Fire]Gallade||ClearAmulet|Sharpness|WideGuard,SacredSword,PsychoCut,TrickRoom|||M|||50|,,,,,Grass]Lilligant-Hisui||FocusSash|Chlorophyll|AfterYou,SolarBlade,CloseCombat,SleepPowder|||F|||50|,,,,,Ghost]Ursaluna||FlameOrb|Guts|Facade,HeadlongRush,Earthquake,Protect|||F|||50|,,,,,Ghost
|showteam|p2|Gholdengo||LifeOrb|GoodasGold|MakeItRain,ShadowBall,NastyPlot,Protect||||||50|,,,,,Water]Porygon2||Eviolite|Download|TeraBlast,IceBeam,Recover,TrickRoom||||||50|,,,,,Fighting]Ursaluna||FlameOrb|Guts|Facade,Earthquake,HeadlongRush,Protect|||M|||50|,,,,,Ghost]Amoonguss||SitrusBerry|Regenerator|RagePowder,PollenPuff,Spore,Protect|||F|||50|,,,,,Water]Incineroar||SafetyGoggles|Intimidate|FlareBlitz,KnockOff,FakeOut,PartingShot|||M|||50|,,,,,Ghost]Dragonite||LoadedDice|Multiscale|ScaleShot,Haze,Tailwind,Protect|||M|||50|,,,,,Fairy
|inactive|Battle timer is ON: inactive players will automatically lose when time's up. (requested by Marcored87)
|inactive|crullvgc has 60 seconds left.
|
|t:|1757708500
|teamsize|p1|4
|teamsize|p2|4
|start
|switch|p1a: Indeedee|Indeedee-F, L50, F|100/100
|switch|p1b: Hatterene|Hatterene, L50, F|100/100
|switch|p2a: Gholdengo|Gholdengo, L50|100/100
|switch|p2b: Porygon2|Porygon2, L50|100/100
|-ability|p2b: Porygon2|Download|boost
|-boost|p2b: Porygon2|atk|1
|-fieldstart|move: Psychic Terrain|[from] ability: Psychic Surge|[of] p1a: Indeedee
|-enditem|p1a: Indeedee|Psychic Seed
|-boost|p1a: Indeedee|spd|1|[from] item: Psychic Seed
|turn|1
|
|t:|1757708519
|-terastallize|p1b: Hatterene|Fire
|move|p1a: Indeedee|Follow Me|p1a: Indeedee
|-singleturn|p1a: Indeedee|move: Follow Me
|move|p2a: Gholdengo|Make It Rain|p1a: Indeedee|[spread] p1a,p1b
|-resisted|p1b: Hatterene
|-damage|p1a: Indeedee|62/100
|-damage|p1b: Hatterene|68/100
|-unboost|p2a: Gholdengo|spa|1
|-damage|p2a: Gholdengo|91/100|[from] item: Life Orb
|move|p1b: Hatterene|Mystical Fire|p2a: Gholdengo
|-supereffective|p2a: Gholdengo
|-damage|p2a: Gholdengo|0 fnt
|faint|p2a: Gholdengo
|-damage|p1b: Hatterene|58/100|[from] item: Life Orb
|move|p2b: Porygon2|Trick Room|p2b: Porygon2
|-fieldstart|move: Trick Room|[of] p2b: Porygon2
|
|upkeep
|
|t:|1757708531
|switch|p2a: Amoonguss|Amoonguss, L50, F|100/100
|turn|2
|
|t:|1757708551
|-terastallize|p2a: Amoonguss|Water
|move|p1b: Hatterene|Expanding Force|p2b: Porygon2|[spread] p2a,p2b
|-damage|p2a: Amoonguss|31/100
|-damage|p2b: Porygon2|45/100
|-enditem|p2a: Amoonguss|Sitrus Berry|[eat]
|-heal|p2a: Amoonguss|56/100|[from] item: Sitrus Berry
|-damage|p1b: Hatterene|49/100|[from] item: Life Orb
|move|p2a: Amoonguss|Spore|p1a: Indeedee
|-status|p1a: Indeedee|slp|[from] move: Spore
|cant|p1a: Indeedee|slp
|move|p2b: Porygon2|Trick Room|p2b: Porygon2
|-fieldend|move: Trick Room
|
|upkeep
|turn|3
|
|t:|1757708568
|switch|p2a: Incineroar|Incineroar, L50, M|100/100
|-ability|p2a: Incineroar|Intimidate|boost
|-unboost|p1a: Indeedee|atk|1
|-unboost|p1b: Hatterene|atk|1
|move|p2b: Porygon2|Tera Blast|p1b: Hatterene
|-damage|p1b: Hatterene|13/100
|-curestatus|p1a: Indeedee|slp|[msg]
|move|p1a: Indeedee|Psychic|p2a: Incineroar
|-immune|p2a: Incineroar
|move|p1b: Hatterene|Expanding Force|p2a: Incineroar|[spread] p2b
|-immune|p2a: Incineroar
|-damage|p2b: Porygon2|0 fnt
|faint|p2b: Porygon2
|-damage|p1b: Hatterene|4/100|[from] item: Life Orb
|
|upkeep
|
|t:|1757708580
|switch|p2b: Amoonguss|Amoonguss, L50, F, tera:Water|89/100
|turn|4
|
|t:|1757708601
|switch|p1a: Ursaluna|Ursaluna, L50, F|100/100
|move|p2a: Incineroar|Knock Off|p1a: Ursaluna
|-damage|p1a: Ursaluna|72/100
|-enditem|p1a: Ursaluna|Flame Orb|[from] move: Knock Off|[of] p2a: Incineroar
|move|p2b: Amoonguss|Pollen Puff|p1b: Hatterene
|-resisted|p1b: Hatterene
|-damage|p1b: Hatterene|0 fnt
|faint|p1b: Hatterene
|
|upkeep
|
|t:|1757708613
|switch|p1b: Indeedee|Indeedee-F, L50, F|62/100
|turn|5
|
|t:|1757708621
|move|p2a: Incineroar|Knock Off|p1b: Indeedee
|-supereffective|p1b: Indeedee
|-damage|p1b: Indeedee|7/100
|move|p2b: Amoonguss|Spore|p1a: Ursaluna
|-status|p1a: Ursaluna|slp|[from] move: Spore
|cant|p1a: Ursaluna|slp
|move|p1b: Indeedee|Trick Room|p1b: Indeedee
|-fieldstart|move: Trick Room|[of] p1b: Indeedee
|
|-fieldend|move: Psychic Terrain
|upkeep
|turn|6
|
|t:|1757708637
|cant|p1a: Ursaluna|slp
|move|p2b: Amoonguss|Pollen Puff|p1b: Indeedee
|-supereffective|p1b: Indeedee
|-damage|p1b: Indeedee|0 fnt
|faint|p1b: Indeedee
|move|p2a: Incineroar|Flare Blitz|p1a: Ursaluna
|-damage|p1a: Ursaluna|36/100 slp
|-damage|p2a: Incineroar|86/100|[from] Recoil
|
|upkeep
|
|t:|1757708641
|switch|p1b: Torkoal|Torkoal, L50, M|100/100
|-weather|SunnyDay|[from] ability: Drought|[of] p1b: Torkoal
|turn|7
|
|t:|1757708654
|move|p2b: Amoonguss|Protect|p2b: Amoonguss
|-singleturn|p2b: Amoonguss|Protect
|move|p1b: Torkoal|Eruption|p2a: Incineroar|[spread] p2a
|-activate|p2b: Amoonguss|move: Protect
|-resisted|p2a: Incineroar
|-damage|p2a: Incineroar|36/100
|cant|p1a: Ursaluna|slp
|move|p2a: Incineroar|Knock Off|p1b: Torkoal
|-damage|p1b: Torkoal|69/100
|-enditem|p1b: Torkoal|Choice Specs|[from] move: Knock Off|[of] p2a: Incineroar
|
|-weather|SunnyDay|[upkeep]
|upkeep
|turn|8
|
|t:|1757708672
|move|p1b: Torkoal|Eruption|p2b: Amoonguss|[spread] p2a,p2b
|-resisted|p2a: Incineroar
|-resisted|p2b: Amoonguss
|-crit|p2b: Amoonguss
|-damage|p2a: Incineroar|11/100
|-damage|p2b: Amoonguss|59/100
|-curestatus|p1a: Ursaluna|slp|[msg]
|move|p1a: Ursaluna|Headlong Rush|p2b: Amoonguss
|-damage|p2b: Amoonguss|0 fnt
|-unboost|p1a: Ursaluna|def|1
|-unboost|p1a: Ursaluna|spd|1
|faint|p2b: Amoonguss
|move|p2a: Incineroar|Flare Blitz|p1a: Ursaluna
|-damage|p1a: Ursaluna|0 fnt
|faint|p1a: Ursaluna
|-damage|p2a: Incineroar|0 fnt|[from] Recoil
|faint|p2a: Incineroar
|
|win|Marcored87
