|j|☆AGreatRobot
|j|☆Daravones Soup
|html|AGreatRobotDaravones Soup    
|uhtml|bestof|Game 2 of a best-of-3
|t:|1783204941
|gametype|doubles
|player|p1|AGreatRobot|medium|
|player|p2|Daravones Soup|lady-gen4|
|gen|9
|tier|[Gen 9 Champions] VGC 2026 Reg M-B (Bo3)
|rule|Species Clause: Limit one of each Pokémon
|rule|Item Clause: Limit 1 of each item
|clearpoke
|poke|p1|Annihilape, L50, F|
|poke|p1|Aerodactyl, L50, F|
|poke|p1|Blaziken, L50, F|
|poke|p1|Roserade, L50, M|
|poke|p1|Rotom-Wash, L50|
|poke|p1|Scizor, L50, M|
|poke|p2|Gengar, L50, F|
|poke|p2|Tyranitar, L50, M|
|poke|p2|Excadrill, L50, F|
|poke|p2|Corviknight, L50, F|
|poke|p2|Rotom-Wash, L50|
|poke|p2|Clefable, L50, M|
|teampreview|4
|showteam|p1|Annihilape||SitrusBerry|Defiant|RageFist,DrainPunch,BulkUp,Protect|Careful||F|||50|]Aerodactyl||FocusSash|Pressure|RockSlide,WideGuard,Tailwind,Taunt|Jolly||F|||50|]Blaziken||Blazikenite|SpeedBoost|FlareBlitz,CloseCombat,SwordsDance,Detect|Adamant||F|||50|]Roserade||WideLens|PoisonPoint|PinMissile,SleepPowder,LifeDew,LeafStorm|Timid||M|||50|]Rotom-Wash||ChoiceScarf|Levitate|HydroPump,Electroweb,VoltSwitch,Thunderbolt|Modest|||||50|]Scizor||LifeOrb|Technician|Assurance,BulletPunch,Uturn,Protect|Adamant||M|||50|
|showteam|p2|Gengar||Gengarite|CursedBody|ShadowBall,SludgeBomb,IcyWind,Protect|Modest||F|||50|]Tyranitar||Tyranitarite|SandStream|DragonDance,KnockOff,RockSlide,Protect|Jolly||M|||50|]Excadrill||FocusSash|SandRush|Earthquake,IronHead,RockSlide,Protect|Adamant||F|||50|]Corviknight||Leftovers|MirrorArmor|Tailwind,BulkUp,BraveBird,BodyPress|Adamant||F|||50|]Rotom-Wash||SitrusBerry|Levitate|HydroPump,WillOWisp,VoltSwitch,LightScreen|Bold|||||50|]Clefable||KebiaBerry|Unaware|FollowMe,HelpingHand,Moonblast,Protect|Bold||M|||50|
|c|☆AGreatRobot|If it makes you feel better
|inactive|Battle timer is ON: inactive players will automatically lose when time's up. (requested by Daravones Soup)
|c|☆AGreatRobot|blaziken was in the back
|inactive|AGreatRobot has 60 seconds left.
|c|☆Daravones Soup|Haha I have a plan into all this besides roserade
|
|t:|1783204998
|teamsize|p1|4
|teamsize|p2|4
|start
|switch|p1a: Scizor|Scizor, L50, M|100/100
|switch|p1b: Rotom|Rotom-Wash, L50|100/100
|switch|p2a: Gengar|Gengar, L50, F|100/100
|switch|p2b: Clefable|Clefable, L50, M|100/100
|turn|1
|
|t:|1783205013
|detailschange|p2a: Gengar|Gengar-Mega, L50, F
|-mega|p2a: Gengar|Gengar|Gengarite
|move|p2b: Clefable|Helping Hand|p2a: Gengar
|-singleturn|p2a: Gengar|Helping Hand|[of] p2b: Clefable
|move|p1a: Scizor|Bullet Punch|p2b: Clefable
|-supereffective|p2b: Clefable|1
|-damage|p2b: Clefable|29/100
|-damage|p1a: Scizor|90/100|[from] item: Life Orb
|move|p1b: Rotom|Volt Switch|p2b: Clefable
|-crit|p2b: Clefable
|-damage|p2b: Clefable|0 fnt
|faint|p2b: Clefable
|
|t:|1783205023
|switch|p1b: Blaziken|Blaziken, L50, F|100/100|[from] Volt Switch
|move|p2a: Gengar|Sludge Bomb|p1b: Blaziken
|-damage|p1b: Blaziken|0 fnt
|faint|p1b: Blaziken
|
|upkeep
|
|t:|1783205036
|switch|p1b: Rotom|Rotom-Wash, L50|100/100
|switch|p2b: Excadrill|Excadrill, L50, F|100/100
|turn|2
|c|☆AGreatRobot|Roserade really just a random dude
|inactive|Daravones Soup has 30 seconds left.
|
|t:|1783205061
|move|p1b: Rotom|Hydro Pump|p2b: Excadrill
|-supereffective|p2b: Excadrill|1
|-enditem|p2b: Excadrill|Focus Sash
|-damage|p2b: Excadrill|1/100
|move|p2a: Gengar|Sludge Bomb|p1b: Rotom
|-damage|p1b: Rotom|43/100
|move|p2b: Excadrill|Rock Slide|p1b: Rotom|[spread] p1a,p1b
|-damage|p1a: Scizor|69/100
|-damage|p1b: Rotom|19/100
|cant|p1a: Scizor|flinch
|
|upkeep
|turn|3
|inactive|Daravones Soup has 30 seconds left.
|inactive|Daravones Soup has 20 seconds left.
|
|t:|1783205101
|switch|p2b: Corviknight|Corviknight, L50, F|100/100
|move|p1b: Rotom|Hydro Pump|p2b: Corviknight
|-damage|p2b: Corviknight|54/100
|move|p2a: Gengar|Shadow Ball|p1b: Rotom
|-damage|p1b: Rotom|0 fnt
|faint|p1b: Rotom
|move|p1a: Scizor|Assurance|p2a: Gengar
|-supereffective|p2a: Gengar|1
|-damage|p2a: Gengar|16/100
|-damage|p1a: Scizor|60/100|[from] item: Life Orb
|
|-heal|p2b: Corviknight|60/100|[from] item: Leftovers
|upkeep
|c|☆AGreatRobot|Big bulk ggar
|
|t:|1783205119
|switch|p1b: Roserade|Roserade, L50, M|100/100
|turn|4
|inactive|Daravones Soup has 30 seconds left.
|
|t:|1783205147
|switch|p2a: Excadrill|Excadrill, L50, F|1/100
|move|p1a: Scizor|Bullet Punch|p2a: Excadrill
|-resisted|p2a: Excadrill|1
|-crit|p2a: Excadrill
|-damage|p2a: Excadrill|0 fnt
|faint|p2a: Excadrill
|-damage|p1a: Scizor|50/100g|[from] item: Life Orb
|move|p1b: Roserade|Sleep Powder|p2b: Corviknight
|-status|p2b: Corviknight|slp|[from] move: Sleep Powder
|cant|p2b: Corviknight|slp
|
|-heal|p2b: Corviknight|66/100 slp|[from] item: Leftovers
|upkeep
|
|t:|1783205158
|switch|p2a: Gengar|Gengar-Mega, L50, F|16/100
|turn|5
|
|t:|1783205171
|move|p1a: Scizor|Bullet Punch|p2a: Gengar
|-damage|p2a: Gengar|0 fnt
|faint|p2a: Gengar
|-damage|p1a: Scizor|40/100|[from] item: Life Orb
|move|p1b: Roserade|Life Dew||[still]|[spread] p1a,p1b
|-heal|p1a: Scizor|65/100
|-fail|p1b: Roserade|heal
|-curestatus|p2b: Corviknight|slp|[msg]
|move|p2b: Corviknight|Tailwind|p2b: Corviknight
|-sidestart|p2: Daravones Soup|move: Tailwind
|
|-heal|p2b: Corviknight|72/100|[from] item: Leftovers
|upkeep
|turn|6
|
|t:|1783205184
|move|p2b: Corviknight|Brave Bird|p1b: Roserade
|-supereffective|p1b: Roserade|1
|-damage|p1b: Roserade|0 fnt
|faint|p1b: Roserade
|-damage|p2b: Corviknight|45/100|[from] Recoil
|move|p1a: Scizor|Assurance|p2b: Corviknight
|-damage|p2b: Corviknight|0 fnt
|faint|p2b: Corviknight
|-damage|p1a: Scizor|56/100|[from] item: Life Orb
|
|win|AGreatRobot
|c|☆AGreatRobot|Ggs
|c|☆Daravones Soup|Oh damn
|c|☆Daravones Soup|that killed
|c|☆Daravones Soup|haha
|c|☆Daravones Soup|ggs
|c|☆AGreatRobot|I thought it crit at first ngl
