|j|☆TMJS01
|j|☆naibot2814
|html|TMJS01naibot2814    
|uhtml|bestof|Game 3 of a best-of-3
|t:|1782498353
|gametype|doubles
|player|p1|TMJS01|unknown|1356
|player|p2|naibot2814|ghetsis|1407
|gen|9
|tier|[Gen 9 Champions] VGC 2026 Reg M-B (Bo3)
|rated|
|rule|Species Clause: Limit one of each Pokémon
|rule|Item Clause: Limit 1 of each item
|clearpoke
|poke|p1|Sinistcha, L50|
|poke|p1|Incineroar, L50, M|
|poke|p1|Garchomp, L50, F|
|poke|p1|Floette-Eternal, L50, F|
|poke|p1|Delphox, L50, M|
|poke|p1|Kingambit, L50, M|
|poke|p2|Metagross, L50, shiny|
|poke|p2|Sneasler, L50, M|
|poke|p2|Incineroar, L50, M|
|poke|p2|Hydreigon, L50, M|
|poke|p2|Aerodactyl, L50, M|
|poke|p2|Floette-Eternal, L50, F|
|teampreview|4
|showteam|p1|Sinistcha||KasibBerry|Hospitality|MatchaGotcha,RagePowder,TrickRoom,LifeDew|Relaxed|||||50|]Incineroar||ChopleBerry|Intimidate|ThroatChop,FlareBlitz,PartingShot,FakeOut|Impish||M|||50|]Garchomp||LifeOrb|RoughSkin|ScaleShot,StompingTantrum,Protect,RockTomb|Jolly||F|||50|]Floette-Eternal||Floettite|FlowerVeil|Protect,CalmMind,Moonblast,DazzlingGleam|Modest||F|||50|]Delphox||Delphoxite|Blaze|NastyPlot,HeatWave,Psyshock,Protect|Timid||M|||50|]Kingambit||FocusSash|Defiant|SuckerPunch,IronHead,KowtowCleave,LowKick|Brave||M|||50|
|showteam|p2|Metagross||Metagrossite|ClearBody|IronHead,PsychicFangs,BodyPress,Protect|Jolly|||||50|]Sneasler||WhiteHerb|Unburden|DireClaw,FakeOut,CloseCombat,Coaching|Jolly||M|||50|]Incineroar||PasshoBerry|Intimidate|FakeOut,FlareBlitz,DarkestLariat,PartingShot|Careful||M|||50|]Hydreigon||ChoiceScarf|Levitate|DracoMeteor,DarkPulse,Flamethrower,Snarl|Modest||M|||50|]Aerodactyl||FocusSash|Unnerve|RockSlide,DualWingbeat,Tailwind,WideGuard|Jolly||M|||50|]Floette-Eternal||Floettite|FlowerVeil|DrainingKiss,DazzlingGleam,CalmMind,Protect|Modest||F|||50|
|inactive|Battle timer is ON: inactive players will automatically lose when time's up. (requested by TMJS01)
|
|t:|1782498383
|teamsize|p1|4
|teamsize|p2|4
|start
|switch|p1a: Delphox|Delphox, L50, M|100/100
|switch|p1b: Incineroar|Incineroar, L50, M|100/100
|switch|p2a: Aerodactyl|Aerodactyl, L50, M|100/100
|switch|p2b: Hydreigon|Hydreigon, L50, M|100/100
|-ability|p2a: Aerodactyl|Unnerve
|-ability|p1b: Incineroar|Intimidate|boost
|-unboost|p2a: Aerodactyl|atk|1
|-unboost|p2b: Hydreigon|atk|1
|turn|1
|
|t:|1782498406
|switch|p1a: Kingambit|Kingambit, L50, M|100/100
|move|p2b: Hydreigon|Dark Pulse|p1a: Kingambit
|-resisted|p1a: Kingambit|1
|-damage|p1a: Kingambit|77/100
|move|p2a: Aerodactyl|Tailwind|p2a: Aerodactyl
|-sidestart|p2: naibot2814|move: Tailwind
|move|p1b: Incineroar|Parting Shot|p2b: Hydreigon
|-unboost|p2b: Hydreigon|atk|1
|-unboost|p2b: Hydreigon|spa|1
|
|t:|1782498413
|switch|p1b: Garchomp|Garchomp, L50, F|100/100|[from] Parting Shot
|
|upkeep
|turn|2
|
|t:|1782498428
|switch|p2b: Sneasler|Sneasler, L50, M|100/100
|move|p2a: Aerodactyl|Rock Slide|p1b: Garchomp|[spread] p1a
|-miss|p2a: Aerodactyl|p1b: Garchomp
|-resisted|p1a: Kingambit|1
|-damage|p1a: Kingambit|70/100
|move|p1b: Garchomp|Scale Shot|p2b: Sneasler
|-damage|p2b: Sneasler|77/100
|-damage|p2b: Sneasler|55/100
|-hitcount|p2b: Sneasler|2
|-unboost|p1b: Garchomp|def|1
|-boost|p1b: Garchomp|spe|1
|-damage|p1b: Garchomp|90/100|[from] item: Life Orb
|move|p1a: Kingambit|Kowtow Cleave|p2b: Sneasler
|-resisted|p2b: Sneasler|1
|-damage|p2b: Sneasler|22/100
|
|upkeep
|turn|3
|
|t:|1782498449
|switch|p2a: Hydreigon|Hydreigon, L50, M|100/100
|switch|p1a: Delphox|Delphox, L50, M|100/100
|move|p1b: Garchomp|Protect|p1b: Garchomp
|-singleturn|p1b: Garchomp|Protect
|move|p2b: Sneasler|Close Combat|p1a: Delphox
|-resisted|p1a: Delphox|1
|-damage|p1a: Delphox|64/100
|-unboost|p2b: Sneasler|def|1
|-unboost|p2b: Sneasler|spd|1
|-enditem|p2b: Sneasler|White Herb
|-clearnegativeboost|p2b: Sneasler|[silent]
|
|upkeep
|turn|4
|
|t:|1782498467
|switch|p1b: Incineroar|Incineroar, L50, M|100/100
|-ability|p1b: Incineroar|Intimidate|boost
|-unboost|p2a: Hydreigon|atk|1
|-unboost|p2b: Sneasler|atk|1
|move|p2b: Sneasler|Close Combat|p1b: Incineroar
|-supereffective|p1b: Incineroar|1
|-enditem|p1b: Incineroar|Chople Berry|[eat]
|-enditem|p1b: Incineroar|Chople Berry|[weaken]
|-damage|p1b: Incineroar|65/100
|-unboost|p2b: Sneasler|def|1
|-unboost|p2b: Sneasler|spd|1
|move|p2a: Hydreigon|Dark Pulse|p1b: Incineroar
|-resisted|p1b: Incineroar|1
|-damage|p1b: Incineroar|47/100
|move|p1a: Delphox|Heat Wave|p2a: Hydreigon|[spread] p2a,p2b
|-resisted|p2a: Hydreigon|1
|-damage|p2a: Hydreigon|82/100
|-damage|p2b: Sneasler|0 fnt
|faint|p2b: Sneasler
|
|-sideend|p2: naibot2814|move: Tailwind
|upkeep
|
|t:|1782498476
|switch|p2b: Aerodactyl|Aerodactyl, L50, M|100/100
|-ability|p2b: Aerodactyl|Unnerve
|turn|5
|
|t:|1782498485
|move|p1b: Incineroar|Fake Out|p2a: Hydreigon
|-damage|p2a: Hydreigon|69/100
|cant|p2a: Hydreigon|flinch
|move|p2b: Aerodactyl|Tailwind|p2b: Aerodactyl
|-sidestart|p2: naibot2814|move: Tailwind
|move|p1a: Delphox|Psyshock|p2b: Aerodactyl
|-damage|p2b: Aerodactyl|43/100
|
|upkeep
|turn|6
|
|t:|1782498496
|switch|p2b: Metagross|Metagross, L50, shiny|100/100
|switch|p1a: Kingambit|Kingambit, L50, M|70/100
|move|p2a: Hydreigon|Dark Pulse|p1a: Kingambit
|-resisted|p1a: Kingambit|1
|-damage|p1a: Kingambit|47/100
|move|p1b: Incineroar|Parting Shot|p2b: Metagross
|-fail|p2b: Metagross|unboost|[from] ability: Clear Body|[of] p2b: Metagross
|
|upkeep
|turn|7
|
|t:|1782498513
|detailschange|p2b: Metagross|Metagross-Mega, L50, shiny
|-mega|p2b: Metagross|Metagross|Metagrossite
|move|p1a: Kingambit|Sucker Punch|p2b: Metagross
|-supereffective|p2b: Metagross|1
|-damage|p2b: Metagross|30/100
|move|p2a: Hydreigon|Dark Pulse|p1b: Incineroar
|-resisted|p1b: Incineroar|1
|-damage|p1b: Incineroar|29/100
|move|p2b: Metagross|Body Press|p1a: Kingambit
|-supereffective|p1a: Kingambit|2
|-damage|p1a: Kingambit|0 fnt
|faint|p1a: Kingambit
|move|p1b: Incineroar|Parting Shot|p2b: Metagross
|-unboost|p2b: Metagross|atk|1
|-unboost|p2b: Metagross|spa|1
|
|t:|1782498522
|switch|p1b: Delphox|Delphox, L50, M|64/100|[from] Parting Shot
|
|upkeep
|
|t:|1782498524
|switch|p1a: Garchomp|Garchomp, L50, F|90/100
|turn|8
|
|t:|1782498543
|detailschange|p1b: Delphox|Delphox-Mega, L50, M
|-mega|p1b: Delphox|Delphox|Delphoxite
|move|p1b: Delphox|Protect|p1b: Delphox
|-singleturn|p1b: Delphox|Protect
|move|p1a: Garchomp|Protect|p1a: Garchomp
|-singleturn|p1a: Garchomp|Protect
|move|p2a: Hydreigon|Dark Pulse|p1a: Garchomp
|-activate|p1a: Garchomp|move: Protect
|move|p2b: Metagross|Body Press|p1a: Garchomp
|-activate|p1a: Garchomp|move: Protect
|
|-sideend|p2: naibot2814|move: Tailwind
|upkeep
|turn|9
|inactive|TMJS01 has 30 seconds left.
|
|t:|1782498568
|switch|p1b: Incineroar|Incineroar, L50, M|29/100
|-ability|p1b: Incineroar|Intimidate|boost
|-unboost|p2a: Hydreigon|atk|1
|-unboost|p2b: Metagross|atk|1
|move|p2a: Hydreigon|Dark Pulse|p1a: Garchomp
|-damage|p1a: Garchomp|41/100
|move|p2b: Metagross|Iron Head|p1a: Garchomp
|-damage|p1a: Garchomp|12/100
|-damage|p2b: Metagross|17/100|[from] ability: Rough Skin|[of] p1a: Garchomp
|cant|p1a: Garchomp|flinch
|
|upkeep
|turn|10
|
|t:|1782498589
|switch|p2a: Aerodactyl|Aerodactyl, L50, M|43/100
|-ability|p2a: Aerodactyl|Unnerve
|move|p1a: Garchomp|Protect|p1a: Garchomp
|-singleturn|p1a: Garchomp|Protect
|move|p2b: Metagross|Iron Head|p1a: Garchomp
|-activate|p1a: Garchomp|move: Protect
|move|p1b: Incineroar|Parting Shot|p2a: Aerodactyl
|-unboost|p2a: Aerodactyl|atk|1
|-unboost|p2a: Aerodactyl|spa|1
|
|t:|1782498591
|switch|p1b: Delphox|Delphox-Mega, L50, M|64/100|[from] Parting Shot
|
|upkeep
|turn|11
|inactive|naibot2814 has 30 seconds left.
|
|t:|1782498618
|move|p2b: Metagross|Protect|p2b: Metagross
|-singleturn|p2b: Metagross|Protect
|move|p1b: Delphox|Heat Wave|p2b: Metagross|[spread] p2a
|-activate|p2b: Metagross|move: Protect
|-resisted|p2a: Aerodactyl|1
|-damage|p2a: Aerodactyl|14/100
|move|p2a: Aerodactyl|Rock Slide|p1b: Delphox|[spread] p1a
|-miss|p2a: Aerodactyl|p1b: Delphox
|-resisted|p1a: Garchomp|1
|-damage|p1a: Garchomp|4/100
|move|p1a: Garchomp|Scale Shot|p2a: Aerodactyl
|-damage|p2a: Aerodactyl|0 fnt
|faint|p2a: Aerodactyl
|-hitcount|p2: Aerodactyl|1
|-unboost|p1a: Garchomp|def|1
|-boost|p1a: Garchomp|spe|1
|-damage|p1a: Garchomp|0 fnt|[from] item: Life Orb
|faint|p1a: Garchomp
|
|upkeep
|
|t:|1782498632
|switch|p2a: Hydreigon|Hydreigon, L50, M|69/100
|switch|p1a: Incineroar|Incineroar, L50, M|29/100
|-ability|p1a: Incineroar|Intimidate|boost
|-unboost|p2a: Hydreigon|atk|1
|-unboost|p2b: Metagross|atk|1
|turn|12
|
|t:|1782498637
|move|p1a: Incineroar|Fake Out|p2a: Hydreigon
|-damage|p2a: Hydreigon|56/100
|cant|p2a: Hydreigon|flinch
|move|p1b: Delphox|Heat Wave|p2a: Hydreigon|[spread] p2a,p2b
|-resisted|p2a: Hydreigon|1
|-supereffective|p2b: Metagross|1
|-damage|p2a: Hydreigon|33/100
|-damage|p2b: Metagross|0 fnt
|faint|p2b: Metagross
|
|upkeep
|turn|13
|
|t:|1782498648
|move|p1b: Delphox|Protect|p1b: Delphox
|-singleturn|p1b: Delphox|Protect
|move|p2a: Hydreigon|Dark Pulse|p1a: Incineroar
|-resisted|p1a: Incineroar|1
|-damage|p1a: Incineroar|9/100
|move|p1a: Incineroar|Parting Shot|p2a: Hydreigon
|-unboost|p2a: Hydreigon|atk|1
|-unboost|p2a: Hydreigon|spa|1
|
|upkeep
|turn|14
|
|t:|1782498658
|move|p2a: Hydreigon|Dark Pulse|p1b: Delphox
|-supereffective|p1b: Delphox|1
|-damage|p1b: Delphox|7/100
|move|p1b: Delphox|Heat Wave|p2a: Hydreigon
|-resisted|p2a: Hydreigon|1
|-damage|p2a: Hydreigon|4/100
|move|p1a: Incineroar|Flare Blitz|p2a: Hydreigon
|-resisted|p2a: Hydreigon|1
|-damage|p2a: Hydreigon|0 fnt
|faint|p2a: Hydreigon
|-damage|p1a: Incineroar|7/100|[from] Recoil
|
|win|TMJS01
|raw|TMJS01's rating: 1356 → 1379(+23 for winning)
|raw|naibot2814's rating: 1407 → 1384(-23 for losing)
|c|☆TMJS01|ggs
|l|☆naibot2814
|player|p2|
