|j|☆bunii on spotify
|j|☆sille rovert
|html|bunii on spotifysille rovert    
|uhtml|bestof|Game 3 of a best-of-3
|t:|1757179374
|gametype|doubles
|player|p1|bunii on spotify|cheryl|1165
|player|p2|sille rovert|trevor|1228
|gen|9
|tier|[Gen 9] VGC 2025 Reg H (Bo3)
|rated|
|rule|Species Clause: Limit one of each Pokémon
|rule|Item Clause: Limit 1 of each item
|clearpoke
|poke|p1|Charizard, L50, F|
|poke|p1|Torkoal, L50, F|
|poke|p1|Porygon2, L50|
|poke|p1|Incineroar, L50, F|
|poke|p1|Jumpluff, L50, M|
|poke|p1|Ursaluna, L50, M|
|poke|p2|Samurott-Hisui, L50, M|
|poke|p2|Dragonite, L50, M|
|poke|p2|Ursaluna-Bloodmoon, L50, M|
|poke|p2|Sneasler, L50, M|
|poke|p2|Indeedee, L50, M|
|poke|p2|Gholdengo, L50|
|teampreview|4
|showteam|p1|Charizard||ChoiceSpecs|SolarPower|HeatWave,Overheat,WeatherBall,AirSlash|||F|||50|,,,,,Ghost]Torkoal||EjectPack|Drought|Eruption,Overheat,HelpingHand,Protect|||F|||50|,,,,,Fire]Porygon2||Eviolite|Download|TeraBlast,IceBeam,Recover,TrickRoom||||||50|,,,,,Fighting]Incineroar||SitrusBerry|Intimidate|FlareBlitz,KnockOff,FakeOut,PartingShot|||F|||50|,,,,,Ghost]Jumpluff||CovertCloak|Chlorophyll|SleepPowder,SunnyDay,Encore,Tailwind|||M|||50|,,,,,Water]Ursaluna||FlameOrb|Guts|HeadlongRush,Facade,Earthquake,Protect|||M|||50|,,,,,Ghost
|showteam|p2|Samurott-Hisui||AssaultVest|Sharpness|CeaselessEdge,IcyWind,AquaCutter,SacredSword|||M|||50|,,,,,Poison]Dragonite||LoadedDice|Multiscale|Protect,ScaleShot,Tailwind,Haze|||M|||50|,,,,,Steel]Ursaluna-Bloodmoon||LifeOrb|MindsEye|Protect,HyperVoice,EarthPower,BloodMoon|||M|||50|,,,,,Normal]Sneasler||PsychicSeed|Unburden|Protect,CloseCombat,DireClaw,ThroatChop|||M|||50|,,,,,Stellar]Indeedee||FocusSash|PsychicSurge|ExpandingForce,Imprison,TeraBlast,TrickRoom|||M|||50|,,,,,Fighting]Gholdengo||ChoiceSpecs|GoodasGold|MakeItRain,ShadowBall,PowerGem,Trick||||||50|,,,,,Steel
|inactive|Battle timer is ON: inactive players will automatically lose when time's up. (requested by sille rovert)
|
|t:|1757179391
|teamsize|p1|4
|teamsize|p2|4
|start
|switch|p1a: Porygon2|Porygon2, L50|100/100
|switch|p1b: Incineroar|Incineroar, L50, F|100/100
|switch|p2a: Sneasler|Sneasler, L50, M|100/100
|switch|p2b: Indeedee|Indeedee, L50, M|100/100
|-fieldstart|move: Psychic Terrain|[from] ability: Psychic Surge|[of] p2b: Indeedee
|-enditem|p2a: Sneasler|Psychic Seed
|-boost|p2a: Sneasler|spd|1|[from] item: Psychic Seed
|-ability|p1b: Incineroar|Intimidate|boost
|-unboost|p2a: Sneasler|atk|1
|-unboost|p2b: Indeedee|atk|1
|-ability|p1a: Porygon2|Download|boost
|-boost|p1a: Porygon2|atk|1
|turn|1
|inactive|bunii on spotify has 30 seconds left.
|
|t:|1757179418
|-terastallize|p2a: Sneasler|Stellar
|move|p2a: Sneasler|Close Combat|p1b: Incineroar
|-supereffective|p1b: Incineroar
|-damage|p1b: Incineroar|0 fnt
|-unboost|p2a: Sneasler|def|1
|-unboost|p2a: Sneasler|spd|1
|faint|p1b: Incineroar
|move|p2b: Indeedee|Imprison|p2b: Indeedee
|-start|p2b: Indeedee|move: Imprison
|cant|p1a: Porygon2|move: Imprison|Tera Blast
|
|upkeep
|
|t:|1757179429
|switch|p1b: Jumpluff|Jumpluff, L50, M|100/100
|turn|2
|inactive|bunii on spotify has 30 seconds left.
|
|t:|1757179458
|-terastallize|p1b: Jumpluff|Water
|move|p2a: Sneasler|Dire Claw|p1b: Jumpluff
|-damage|p1b: Jumpluff|52/100
|move|p1b: Jumpluff|Encore|p2b: Indeedee
|-start|p2b: Indeedee|Encore
|move|p2b: Indeedee|Imprison||[still]
|-fail|p2b: Indeedee
|move|p1a: Porygon2|Ice Beam|p2a: Sneasler
|-damage|p2a: Sneasler|59/100
|-status|p2a: Sneasler|frz
|
|upkeep
|turn|3
|inactive|sille rovert has 30 seconds left.
|
|t:|1757179492
|switch|p2b: Ursaluna|Ursaluna-Bloodmoon, L50, M|100/100
|cant|p2a: Sneasler|frz
|move|p1b: Jumpluff|Tailwind|p1b: Jumpluff
|-sidestart|p1: bunii on spotify|move: Tailwind
|move|p1a: Porygon2|Ice Beam|p2a: Sneasler
|-damage|p2a: Sneasler|20/100 frz
|
|upkeep
|turn|4
|
|t:|1757179511
|cant|p2a: Sneasler|frz
|move|p1b: Jumpluff|Sleep Powder|p2b: Ursaluna
|-status|p2b: Ursaluna|slp|[from] move: Sleep Powder
|move|p1a: Porygon2|Ice Beam|p2a: Sneasler
|-damage|p2a: Sneasler|0 fnt
|faint|p2a: Sneasler
|cant|p2b: Ursaluna|slp
|
|upkeep
|
|t:|1757179514
|switch|p2a: Indeedee|Indeedee, L50, M|100/100
|turn|5
|
|t:|1757179521
|move|p1b: Jumpluff|Sleep Powder|p2a: Indeedee|[miss]
|-miss|p1b: Jumpluff|p2a: Indeedee
|move|p1a: Porygon2|Ice Beam|p2b: Ursaluna
|-supereffective|p2b: Ursaluna
|-damage|p2b: Ursaluna|27/100 slp
|move|p2a: Indeedee|Expanding Force|p1b: Jumpluff|[spread] p1a,p1b
|-damage|p1a: Porygon2|65/100
|-damage|p1b: Jumpluff|2/100
|cant|p2b: Ursaluna|slp
|
|-fieldend|move: Psychic Terrain
|upkeep
|turn|6
|
|t:|1757179536
|move|p1b: Jumpluff|Sleep Powder|p2a: Indeedee
|-status|p2a: Indeedee|slp|[from] move: Sleep Powder
|move|p1a: Porygon2|Ice Beam|p2b: Ursaluna
|-supereffective|p2b: Ursaluna
|-damage|p2b: Ursaluna|0 fnt
|faint|p2b: Ursaluna
|cant|p2a: Indeedee|slp
|
|-sideend|p1: bunii on spotify|move: Tailwind
|upkeep
|
|t:|1757179540
|switch|p2b: Dragonite|Dragonite, L50, M|100/100
|turn|7
|
|t:|1757179551
|move|p1b: Jumpluff|Tailwind|p1b: Jumpluff
|-sidestart|p1: bunii on spotify|move: Tailwind
|move|p1a: Porygon2|Ice Beam|p2b: Dragonite
|-supereffective|p2b: Dragonite
|-damage|p2b: Dragonite|37/100
|cant|p2a: Indeedee|slp
|move|p2b: Dragonite|Scale Shot|p1a: Porygon2
|-damage|p1a: Porygon2|56/100
|-damage|p1a: Porygon2|47/100
|-damage|p1a: Porygon2|39/100
|-damage|p1a: Porygon2|30/100
|-hitcount|p1a: Porygon2|4
|-unboost|p2b: Dragonite|def|1
|-boost|p2b: Dragonite|spe|1
|
|upkeep
|turn|8
|
|t:|1757179569
|move|p2b: Dragonite|Protect|p2b: Dragonite
|-singleturn|p2b: Dragonite|Protect
|move|p1b: Jumpluff|Sleep Powder|p2b: Dragonite
|-activate|p2b: Dragonite|move: Protect
|move|p1a: Porygon2|Ice Beam|p2b: Dragonite
|-activate|p2b: Dragonite|move: Protect
|-curestatus|p2a: Indeedee|slp|[msg]
|move|p2a: Indeedee|Expanding Force|p1b: Jumpluff
|-damage|p1b: Jumpluff|0 fnt
|faint|p1b: Jumpluff
|
|upkeep
|
|t:|1757179571
|switch|p1b: Ursaluna|Ursaluna, L50, M|100/100
|turn|9
|
|t:|1757179591
|move|p2b: Dragonite|Scale Shot|p1a: Porygon2
|-damage|p1a: Porygon2|21/100
|-damage|p1a: Porygon2|12/100
|-damage|p1a: Porygon2|4/100
|-damage|p1a: Porygon2|0 fnt
|faint|p1a: Porygon2
|-hitcount|p1: Porygon2|4
|-unboost|p2b: Dragonite|def|1
|-boost|p2b: Dragonite|spe|1
|move|p1b: Ursaluna|Facade|p2b: Dragonite
|-damage|p2b: Dragonite|0 fnt
|faint|p2b: Dragonite
|move|p2a: Indeedee|Expanding Force|p1b: Ursaluna
|-damage|p1b: Ursaluna|64/100
|
|-status|p1b: Ursaluna|brn|[from] item: Flame Orb
|upkeep
|turn|10
|
|t:|1757179599
|move|p1b: Ursaluna|Facade|p2a: Indeedee
|-enditem|p2a: Indeedee|Focus Sash
|-damage|p2a: Indeedee|1/100
|move|p2a: Indeedee|Expanding Force|p1b: Ursaluna
|-damage|p1b: Ursaluna|27/100 brn
|
|-damage|p1b: Ursaluna|22/100 brn|[from] brn
|-sideend|p1: bunii on spotify|move: Tailwind
|upkeep
|turn|11
|n|!sille rovert|sillerovert
|
|t:|1757179608
|move|p2a: Indeedee|Expanding Force|p1b: Ursaluna
|-damage|p1b: Ursaluna|0 fnt
|faint|p1b: Ursaluna
|
|win|sille rovert
