|j|☆leafeon03
|j|☆oncenroan
|html|leafeon03oncenroan    
|uhtml|bestof|Game 2 of a best-of-3
|t:|1785843837
|gametype|doubles
|player|p1|leafeon03|erika|1418
|player|p2|oncenroan|170|1325
|gen|9
|tier|[Gen 9 Champions] VGC 2026 Reg M-B (Bo3)
|rated|
|rule|Species Clause: Limit one of each Pokémon
|rule|Item Clause: Limit 1 of each item
|clearpoke
|poke|p1|Garchomp, L50, F|
|poke|p1|Charizard, L50, M, shiny|
|poke|p1|Whimsicott, L50, M|
|poke|p1|Basculegion, L50, M, shiny|
|poke|p1|Dragonite, L50, F, shiny|
|poke|p1|Glimmora, L50, M, shiny|
|poke|p2|Staraptor, L50, F|
|poke|p2|Arcanine-Hisui, L50, M|
|poke|p2|Gholdengo, L50|
|poke|p2|Whimsicott, L50, M|
|poke|p2|Mamoswine, L50, F|
|poke|p2|Hydreigon, L50, M|
|teampreview|4
|showteam|p1|Garchomp||SitrusBerry|RoughSkin|Earthquake,RockSlide,DragonClaw,Protect|Adamant||F|||50|]Charizard||CharizarditeY|Blaze|HeatWave,WeatherBall,SolarBeam,Protect|Modest||M|||50|]Whimsicott||OccaBerry|Prankster|Moonblast,Tailwind,Encore,Protect|Bold||M|||50|]Basculegion||MysticWater|Adaptability|WaveCrash,LastRespects,AquaJet,Protect|Adamant||M|||50|]Dragonite||LifeOrb|InnerFocus|DragonClaw,LowKick,ExtremeSpeed,Protect|Adamant||F|||50|]Glimmora||FocusSash|ToxicDebris|SludgeBomb,PowerGem,EarthPower,SpikyShield|Modest||M|||50|
|showteam|p2|Staraptor||Staraptite|Intimidate|CloseCombat,Protect,DualWingbeat,Roost|Adamant||F|||50|]Arcanine-Hisui||FocusSash|RockHead|HeadSmash,FlareBlitz,Protect,ExtremeSpeed|Adamant||M|||50|]Gholdengo||MetalCoat|GoodasGold|MakeItRain,ShadowBall,FlashCannon,Protect|Modest|||||50|]Whimsicott||OccaBerry|Prankster|Protect,Encore,Moonblast,Tailwind|Timid||M|||50|]Mamoswine||ExpertBelt|Oblivious|HighHorsepower,IceShard,Protect,IcicleCrash|Adamant||F|||50|]Hydreigon||LifeOrb|Levitate|DarkPulse,EarthPower,Protect,DracoMeteor|Modest||M|||50|
|inactive|Battle timer is ON: inactive players will automatically lose when time's up. (requested by oncenroan)
|inactive|leafeon03 has 60 seconds left.
|inactive|leafeon03 has 30 seconds left.
|inactive|leafeon03 has 20 seconds left.
|
|t:|1785843998
|teamsize|p1|4
|teamsize|p2|4
|start
|switch|p1a: Whimsicott|Whimsicott, L50, M|100/100
|switch|p1b: Glimmora|Glimmora, L50, M, shiny|100/100
|switch|p2a: Whimsicott|Whimsicott, L50, M|100/100
|switch|p2b: Arcanine|Arcanine-Hisui, L50, M|100/100
|turn|1
|inactive|oncenroan has 30 seconds left.
|
|t:|1785844024
|move|p2a: Whimsicott|Tailwind|p2a: Whimsicott
|-sidestart|p2: oncenroan|move: Tailwind
|move|p1a: Whimsicott|Tailwind|p1a: Whimsicott
|-sidestart|p1: leafeon03|move: Tailwind
|move|p1b: Glimmora|Sludge Bomb|p2a: Whimsicott
|-supereffective|p2a: Whimsicott|2
|-damage|p2a: Whimsicott|0 fnt
|faint|p2a: Whimsicott
|move|p2b: Arcanine|Head Smash|p1b: Glimmora
|-crit|p1b: Glimmora
|-enditem|p1b: Glimmora|Focus Sash
|-damage|p1b: Glimmora|1/100
|-activate|p1b: Glimmora|ability: Toxic Debris
|-sidestart|p2: oncenroan|move: Toxic Spikes
|
|upkeep
|
|t:|1785844034
|switch|p2a: Gholdengo|Gholdengo, L50|100/100
|turn|2
|inactive|leafeon03 has 30 seconds left.
|inactive|leafeon03 has 20 seconds left.
|inactive|leafeon03 has 15 seconds left.
|inactive|leafeon03 has 10 seconds left.
|inactive|leafeon03 has 5 seconds left.
|
|t:|1785844086
|move|p1a: Whimsicott|Protect|p1a: Whimsicott
|-singleturn|p1a: Whimsicott|Protect
|move|p2b: Arcanine|Extreme Speed|p1b: Glimmora
|-resisted|p1b: Glimmora|1
|-damage|p1b: Glimmora|0 fnt
|-activate|p1b: Glimmora|ability: Toxic Debris
|-sidestart|p2: oncenroan|move: Toxic Spikes
|faint|p1b: Glimmora
|move|p2a: Gholdengo|Flash Cannon|p1a: Whimsicott
|-activate|p1a: Whimsicott|move: Protect
|
|upkeep
|
|t:|1785844101
|switch|p1b: Garchomp|Garchomp, L50, F|100/100
|turn|3
|inactive|leafeon03 has 30 seconds left.
|inactive|oncenroan has 30 seconds left.
|inactive|leafeon03 has 20 seconds left.
|
|t:|1785844139
|switch|p2b: Staraptor|Staraptor, L50, F|100/100
|-ability|p2b: Staraptor|Intimidate|boost
|-unboost|p1a: Whimsicott|atk|1
|-unboost|p1b: Garchomp|atk|1
|switch|p1a: Charizard|Charizard, L50, M, shiny|100/100
|move|p2a: Gholdengo|Protect|p2a: Gholdengo
|-singleturn|p2a: Gholdengo|Protect
|move|p1b: Garchomp|Earthquake|p2a: Gholdengo|[spread] 
|-activate|p2a: Gholdengo|move: Protect
|-immune|p1a: Charizard
|-immune|p2b: Staraptor
|
|upkeep
|turn|4
|inactive|leafeon03 has 30 seconds left.
|inactive|leafeon03 has 20 seconds left.
|inactive|leafeon03 has 15 seconds left.
|
|t:|1785844180
|detailschange|p2b: Staraptor|Staraptor-Mega, L50, F
|-mega|p2b: Staraptor|Staraptor|Staraptite
|detailschange|p1a: Charizard|Charizard-Mega-Y, L50, M, shiny
|-mega|p1a: Charizard|Charizard|Charizardite Y
|-weather|SunnyDay|[from] ability: Drought|[of] p1a: Charizard
|move|p2b: Staraptor|Close Combat|p1b: Garchomp
|-damage|p1b: Garchomp|42/100
|-boost|p2b: Staraptor|def|1
|-boost|p2b: Staraptor|spd|1
|-damage|p2b: Staraptor|87/100|[from] ability: Rough Skin|[of] p1b: Garchomp
|-enditem|p1b: Garchomp|Sitrus Berry|[eat]
|-heal|p1b: Garchomp|66/100|[from] item: Sitrus Berry
|move|p1b: Garchomp|Earthquake|p2a: Gholdengo|[spread] p2a
|-immune|p1a: Charizard
|-immune|p2b: Staraptor
|-supereffective|p2a: Gholdengo|1
|-damage|p2a: Gholdengo|47/100
|move|p1a: Charizard|Heat Wave|p2a: Gholdengo|[spread] p2a,p2b
|-supereffective|p2a: Gholdengo|1
|-damage|p2a: Gholdengo|0 fnt
|-damage|p2b: Staraptor|38/100
|faint|p2a: Gholdengo
|
|-weather|SunnyDay|[upkeep]
|-sideend|p1: leafeon03|move: Tailwind
|-sideend|p2: oncenroan|move: Tailwind
|upkeep
|
|t:|1785844198
|switch|p2a: Arcanine|Arcanine-Hisui, L50, M|100/100
|-status|p2a: Arcanine|tox
|turn|5
|inactive|leafeon03 has 30 seconds left.
|
|t:|1785844223
|move|p2a: Arcanine|Extreme Speed|p1b: Garchomp
|-damage|p1b: Garchomp|46/100
|-damage|p2a: Arcanine|87/100 tox|[from] ability: Rough Skin|[of] p1b: Garchomp
|move|p2b: Staraptor|Close Combat|p1b: Garchomp
|-damage|p1b: Garchomp|0 fnt
|-boost|p2b: Staraptor|def|1
|-boost|p2b: Staraptor|spd|1
|-damage|p2b: Staraptor|26/100|[from] ability: Rough Skin|[of] p1b: Garchomp
|faint|p1b: Garchomp
|move|p1a: Charizard|Weather Ball|p2b: Staraptor
|-damage|p2b: Staraptor|0 fnt
|faint|p2b: Staraptor
|
|-weather|SunnyDay|[upkeep]
|-damage|p2a: Arcanine|81/100 tox|[from] psn
|upkeep
|
|t:|1785844240
|switch|p1b: Whimsicott|Whimsicott, L50, M|100/100
|turn|6
|
|t:|1785844244
|move|p1b: Whimsicott|Protect|p1b: Whimsicott
|-singleturn|p1b: Whimsicott|Protect
|move|p1a: Charizard|Protect|p1a: Charizard
|-singleturn|p1a: Charizard|Protect
|move|p2a: Arcanine|Head Smash|p1a: Charizard
|-activate|p1a: Charizard|move: Protect
|
|-weather|SunnyDay|[upkeep]
|-damage|p2a: Arcanine|69/100 tox|[from] psn
|upkeep
|turn|7
|
|t:|1785844268
|move|p1b: Whimsicott|Tailwind|p1b: Whimsicott
|-sidestart|p1: leafeon03|move: Tailwind
|move|p1a: Charizard|Solar Beam||[still]
|-prepare|p1a: Charizard|Solar Beam
|-anim|p1a: Charizard|Solar Beam|p2a: Arcanine
|-damage|p2a: Arcanine|20/100y tox
|move|p2a: Arcanine|Head Smash|p1a: Charizard
|-supereffective|p1a: Charizard|2
|-damage|p1a: Charizard|0 fnt
|faint|p1a: Charizard
|
|-weather|SunnyDay|[upkeep]
|-damage|p2a: Arcanine|2/100 tox|[from] psn
|upkeep
|turn|8
|-message|oncenroan forfeited.
|
|win|leafeon03
|raw|leafeon03's rating: 1418 → 1433(+15 for winning)
|raw|oncenroan's rating: 1325 → 1310(-15 for losing)
