|j|☆pantalonesHat
|j|☆redpandavgclol
|html|pantalonesHatredpandavgclol    
|uhtml|bestof|Game 2 of a best-of-3
|t:|1757737335
|gametype|doubles
|player|p1|pantalonesHat|swimmer-gen4dp|1025
|player|p2|redpandavgclol|pokemonranger-gen4|1102
|gen|9
|tier|[Gen 9] VGC 2025 Reg H (Bo3)
|rated|
|rule|Species Clause: Limit one of each Pokémon
|rule|Item Clause: Limit 1 of each item
|clearpoke
|poke|p1|Archaludon, L50, F|
|poke|p1|Gholdengo, L50|
|poke|p1|Incineroar, L50, F|
|poke|p1|Overqwil, L50, M|
|poke|p1|Pelipper, L50, M|
|poke|p1|Amoonguss, L50, F|
|poke|p2|Rillaboom, L50, M|
|poke|p2|Archaludon, L50, F|
|poke|p2|Grimmsnarl, L50, M|
|poke|p2|Basculegion, L50, M|
|poke|p2|Politoed, L50, M|
|poke|p2|Incineroar, L50, F|
|teampreview|4
|showteam|p1|Archaludon||AssaultVest|Stamina|BodyPress,DragonPulse,ElectroShot,FlashCannon|||F|||50|,,,,,Grass]Gholdengo||LifeOrb|GoodasGold|MakeItRain,ShadowBall,NastyPlot,Protect||||||50|,,,,,Water]Incineroar||SafetyGoggles|Intimidate|KnockOff,Taunt,PartingShot,FakeOut|||F|||50|,,,,,Fire]Overqwil||ClearAmulet|SwiftSwim|GunkShot,SwordsDance,Liquidation,Protect|||M|||50|,,,,,Water]Pelipper||CovertCloak|Drizzle|WeatherBall,Hurricane,Protect,Tailwind|||M|||50|,,,,,Ground]Amoonguss||MentalHerb|Regenerator|Spore,RagePowder,Protect,ClearSmog|||F|||50|,,,,,Water
|showteam|p2|Rillaboom||AssaultVest|GrassySurge|GrassyGlide,Uturn,FakeOut,WoodHammer|||M|||50|,,,,,Fire]Archaludon||Leftovers|Stamina|ElectroShot,FlashCannon,BodyPress,Protect|||F|||50|,,,,,Fairy]Grimmsnarl||LightClay|Prankster|PartingShot,ThunderWave,LightScreen,Reflect|||M|||50|,,,,,Ghost]Basculegion||LifeOrb|Adaptability|AquaJet,LastRespects,WaveCrash,Protect|||M|||50|,,,,,Water]Politoed||SitrusBerry|Drizzle|Protect,WeatherBall,Haze,HelpingHand|||M|||50|,,,,,Grass]Incineroar||IapapaBerry|Intimidate|FakeOut,KnockOff,Taunt,PartingShot|||F|||50|,,,,,Grass
|inactive|Battle timer is ON: inactive players will automatically lose when time's up. (requested by redpandavgclol)
|
|t:|1757737432
|teamsize|p1|4
|teamsize|p2|4
|start
|switch|p1a: Incineroar|Incineroar, L50, F|100/100
|switch|p1b: Amoonguss|Amoonguss, L50, F, shiny|100/100
|switch|p2a: frog|Grimmsnarl, L50, M, shiny|100/100
|switch|p2b: anguish|Incineroar, L50, F|100/100
|-ability|p1a: Incineroar|Intimidate|boost
|-unboost|p2a: frog|atk|1
|-unboost|p2b: anguish|atk|1
|-ability|p2b: anguish|Intimidate|boost
|-unboost|p1a: Incineroar|atk|1
|-unboost|p1b: Amoonguss|atk|1
|turn|1
|inactive|pantalonesHat has 30 seconds left.
|
|t:|1757737462
|move|p2a: frog|Thunder Wave|p1b: Amoonguss|[miss]
|-miss|p2a: frog|p1b: Amoonguss
|move|p1a: Incineroar|Taunt|p2a: frog
|-start|p2a: frog|move: Taunt
|move|p2b: anguish|Taunt|p1b: Amoonguss
|-start|p1b: Amoonguss|move: Taunt
|-enditem|p1b: Amoonguss|Mental Herb
|-end|p1b: Amoonguss|move: Taunt
|move|p1b: Amoonguss|Spore|p2b: anguish
|-status|p2b: anguish|slp|[from] move: Spore
|
|upkeep
|turn|2
|inactive|pantalonesHat has 30 seconds left.
|
|t:|1757737495
|switch|p1a: Gholdengo|Gholdengo, L50, shiny|100/100
|cant|p2b: anguish|slp
|-activate|p2a: frog|move: Struggle
|move|p2a: frog|Struggle|p1a: Gholdengo
|-damage|p1a: Gholdengo|91/100
|-damage|p2a: frog|75/100|[from] recoil
|move|p1b: Amoonguss|Spore|p2a: frog
|-status|p2a: frog|slp|[from] move: Spore
|
|upkeep
|turn|3
|
|t:|1757737508
|move|p1b: Amoonguss|Rage Powder|p1b: Amoonguss
|-singleturn|p1b: Amoonguss|move: Rage Powder
|move|p1a: Gholdengo|Nasty Plot|p1a: Gholdengo
|-boost|p1a: Gholdengo|spa|2
|cant|p2b: anguish|slp
|cant|p2a: frog|slp
|
|upkeep
|turn|4
|
|t:|1757737523
|move|p1b: Amoonguss|Rage Powder|p1b: Amoonguss
|-singleturn|p1b: Amoonguss|move: Rage Powder
|move|p1a: Gholdengo|Make It Rain|p2b: anguish|[spread] p2a,p2b
|-supereffective|p2a: frog
|-resisted|p2b: anguish
|-damage|p2a: frog|0 fnt
|-damage|p2b: anguish|59/100 slp
|-unboost|p1a: Gholdengo|spa|1
|faint|p2a: frog
|-damage|p1a: Gholdengo|81/100|[from] item: Life Orb
|cant|p2b: anguish|slp
|
|upkeep
|
|t:|1757737535
|switch|p2a: Tappan Zee|Archaludon, L50, F, shiny|100/100
|turn|5
|
|t:|1757737544
|move|p1a: Gholdengo|Protect|p1a: Gholdengo
|-singleturn|p1a: Gholdengo|Protect
|move|p2a: Tappan Zee|Protect|p2a: Tappan Zee
|-singleturn|p2a: Tappan Zee|Protect
|-curestatus|p2b: anguish|slp|[msg]
|move|p2b: anguish|Knock Off|p1a: Gholdengo
|-activate|p1a: Gholdengo|move: Protect
|move|p1b: Amoonguss|Spore|p2a: Tappan Zee
|-activate|p2a: Tappan Zee|move: Protect
|
|upkeep
|turn|6
|
|t:|1757737562
|-terastallize|p1a: Gholdengo|Water
|move|p1b: Amoonguss|Rage Powder|p1b: Amoonguss
|-singleturn|p1b: Amoonguss|move: Rage Powder
|move|p1a: Gholdengo|Nasty Plot|p1a: Gholdengo
|-boost|p1a: Gholdengo|spa|2
|move|p2a: Tappan Zee|Flash Cannon|p1b: Amoonguss
|-damage|p1b: Amoonguss|70/100
|move|p2b: anguish|Taunt|p1b: Amoonguss
|-start|p1b: Amoonguss|move: Taunt
|
|upkeep
|turn|7
|inactive|pantalonesHat has 30 seconds left.
|inactive|pantalonesHat has 20 seconds left.
|inactive|pantalonesHat has 15 seconds left.
|inactive|pantalonesHat has 10 seconds left.
|
|t:|1757737608
|switch|p1b: Archaludon|Archaludon, L50, F|100/100
|move|p1a: Gholdengo|Make It Rain|p2a: Tappan Zee|[spread] p2a,p2b
|-resisted|p2a: Tappan Zee
|-resisted|p2b: anguish
|-damage|p2a: Tappan Zee|28/100
|-damage|p2b: anguish|10/100
|-unboost|p1a: Gholdengo|spa|1
|-ability|p2a: Tappan Zee|Stamina|boost
|-boost|p2a: Tappan Zee|def|1
|-enditem|p2b: anguish|Iapapa Berry|[eat]
|-heal|p2b: anguish|44/100|[from] item: Iapapa Berry
|-damage|p1a: Gholdengo|71/100|[from] item: Life Orb
|move|p2a: Tappan Zee|Flash Cannon|p1a: Gholdengo
|-resisted|p1a: Gholdengo
|-damage|p1a: Gholdengo|46/100
|move|p2b: anguish|Knock Off|p1a: Gholdengo
|-damage|p1a: Gholdengo|18/100
|-enditem|p1a: Gholdengo|Life Orb|[from] move: Knock Off|[of] p2b: anguish
|
|-heal|p2a: Tappan Zee|35/100|[from] item: Leftovers
|upkeep
|turn|8
|inactive|pantalonesHat has 30 seconds left.
|inactive|redpandavgclol has 30 seconds left.
|inactive|pantalonesHat has 20 seconds left.
|inactive|redpandavgclol has 20 seconds left.
|inactive|redpandavgclol has 15 seconds left.
|
|t:|1757737648
|switch|p2b: peepoclap|Politoed, L50, M, shiny|100/100
|-weather|RainDance|[from] ability: Drizzle|[of] p2b: peepoclap
|move|p1a: Gholdengo|Protect|p1a: Gholdengo
|-singleturn|p1a: Gholdengo|Protect
|move|p1b: Archaludon|Body Press|p2b: peepoclap
|-damage|p2b: peepoclap|75/100
|move|p2a: Tappan Zee|Electro Shot||[still]
|-prepare|p2a: Tappan Zee|Electro Shot
|-boost|p2a: Tappan Zee|spa|1
|-anim|p2a: Tappan Zee|Electro Shot|p1a: Gholdengo
|-activate|p1a: Gholdengo|move: Protect
|
|-weather|RainDance|[upkeep]
|-heal|p2a: Tappan Zee|41/100|[from] item: Leftovers
|upkeep
|turn|9
|inactive|pantalonesHat has 30 seconds left.
|inactive|redpandavgclol has 30 seconds left.
|
|t:|1757737680
|move|p1a: Gholdengo|Make It Rain|p2b: peepoclap|[spread] p2a,p2b
|-resisted|p2a: Tappan Zee
|-resisted|p2b: peepoclap
|-damage|p2a: Tappan Zee|0 fnt
|-damage|p2b: peepoclap|47/100
|-unboost|p1a: Gholdengo|spa|1
|-enditem|p2b: peepoclap|Sitrus Berry|[eat]
|-heal|p2b: peepoclap|72/100|[from] item: Sitrus Berry
|faint|p2a: Tappan Zee
|move|p1b: Archaludon|Electro Shot||[still]
|-prepare|p1b: Archaludon|Electro Shot
|-boost|p1b: Archaludon|spa|1
|-anim|p1b: Archaludon|Electro Shot|p2b: peepoclap
|-supereffective|p2b: peepoclap
|-damage|p2b: peepoclap|0 fnt
|faint|p2b: peepoclap
|
|-weather|RainDance|[upkeep]
|upkeep
|
|t:|1757737692
|switch|p2b: anguish|Incineroar, L50, F|44/100
|-ability|p2b: anguish|Intimidate|boost
|-unboost|p1a: Gholdengo|atk|1
|-unboost|p1b: Archaludon|atk|1
|turn|10
|
|t:|1757737705
|-terastallize|p2b: anguish|Grass
|move|p1a: Gholdengo|Protect|p1a: Gholdengo
|-singleturn|p1a: Gholdengo|Protect
|move|p1b: Archaludon|Body Press|p2b: anguish
|-damage|p2b: anguish|22/100
|move|p2b: anguish|Parting Shot|p1b: Archaludon
|-unboost|p1b: Archaludon|atk|1
|-unboost|p1b: Archaludon|spa|1
|
|-weather|RainDance|[upkeep]
|upkeep
|turn|11
|
|t:|1757737724
|move|p1a: Gholdengo|Shadow Ball|p2b: anguish
|-damage|p2b: anguish|0 fnt
|faint|p2b: anguish
|
|win|pantalonesHat
||redpandavgclol is ready for game 3.
