|j|☆washingtongargacha
|j|☆fosa25
|html|washingtongargachafosa25    
|uhtml|bestof|Game 2 of a best-of-3
|t:|1756938959
|gametype|doubles
|player|p1|washingtongargacha|265|1154
|player|p2|fosa25|psychicf|1231
|gen|9
|tier|[Gen 9] VGC 2025 Reg H (Bo3)
|rated|
|rule|Species Clause: Limit one of each Pokémon
|rule|Item Clause: Limit 1 of each item
|clearpoke
|poke|p1|Talonflame, L50, M|
|poke|p1|Gholdengo, L50|
|poke|p1|Dragonite, L50, M|
|poke|p1|Archaludon, L50, M|
|poke|p1|Tyranitar, L50, F|
|poke|p1|Garchomp, L50, M|
|poke|p2|Gholdengo, L50|
|poke|p2|Magmar, L50, M|
|poke|p2|Dragonite, L50, F|
|poke|p2|Dondozo, L50, M|
|poke|p2|Rillaboom, L50, F|
|poke|p2|Annihilape, L50, F|
|teampreview|4
|showteam|p1|Talonflame||CovertCloak|GaleWings|Tailwind,BraveBird,Taunt,WillOWisp|||M|||50|,,,,,Ghost]Gholdengo||ChoiceSpecs|GoodasGold|MakeItRain,SteelBeam,ShadowBall,PowerGem||||||50|,,,,,Steel]Dragonite||LoadedDice|Multiscale|ScaleShot,IceSpinner,Haze,Protect|||M|||50|,,,,,Steel]Archaludon||PowerHerb|Sturdy|FlashCannon,ElectroShot,DracoMeteor,Protect|||M|||50|,,,,,Flying]Tyranitar||AssaultVest|SandStream|KnockOff,RockSlide,TeraBlast,LowKick|||F|||50|,,,,,Flying]Garchomp||LifeOrb|RoughSkin|DragonClaw,StompingTantrum,Earthquake,Protect|||M|||50|,,,,,Steel
|showteam|p2|Gholdengo||LifeOrb|GoodasGold|Protect,NastyPlot,MakeItRain,ShadowBall||||||50|,,,,,Water]Magmar||Eviolite|VitalSpirit|Taunt,WillOWisp,FollowMe,HeatWave|||M|||50|,,,,,Ghost]Dragonite||LoadedDice|Multiscale|Protect,Haze,Tailwind,ScaleShot|||F|||50|,,,,,Fairy]Dondozo||Leftovers|Unaware|Protect,Yawn,WaveCrash,Fissure|||M|||50|,,,,,Fairy]Rillaboom||AssaultVest|GrassySurge|FakeOut,GrassyGlide,WoodHammer,Uturn|||F|||50|,,,,,Fire]Annihilape||SafetyGoggles|Defiant|Protect,BulkUp,RageFist,DrainPunch|||F|||50|,,,,,Steel
|inactive|Battle timer is ON: inactive players will automatically lose when time's up. (requested by fosa25)
|inactive|washingtongargacha has 60 seconds left.
|
|t:|1756938990
|teamsize|p1|4
|teamsize|p2|4
|start
|switch|p1a: Talonflame|Talonflame, L50, M|100/100
|switch|p1b: Archaludon|Archaludon, L50, M|100/100
|switch|p2a: Gholdengo|Gholdengo, L50|100/100
|switch|p2b: Magmar|Magmar, L50, M|100/100
|turn|1
|inactive|washingtongargacha has 30 seconds left.
|
|t:|1756939017
|switch|p1b: Garchomp|Garchomp, L50, M|100/100
|move|p2b: Magmar|Follow Me|p2b: Magmar
|-singleturn|p2b: Magmar|move: Follow Me
|move|p1a: Talonflame|Taunt|p2b: Magmar
|-start|p2b: Magmar|move: Taunt
|move|p2a: Gholdengo|Nasty Plot|p2a: Gholdengo
|-boost|p2a: Gholdengo|spa|2
|
|upkeep
|turn|2
|
|t:|1756939037
|switch|p2b: Dragonite|Dragonite, L50, F|100/100
|-terastallize|p2a: Gholdengo|Water
|move|p1a: Talonflame|Brave Bird|p2a: Gholdengo
|-damage|p2a: Gholdengo|63/100
|-damage|p1a: Talonflame|89/100|[from] Recoil
|move|p1b: Garchomp|Earthquake|p2b: Dragonite|[spread] p2a
|-immune|p1a: Talonflame
|-immune|p2b: Dragonite
|-damage|p2a: Gholdengo|10/100
|-damage|p1b: Garchomp|91/100|[from] item: Life Orb
|move|p2a: Gholdengo|Make It Rain|p1b: Garchomp|[spread] p1a,p1b
|-resisted|p1a: Talonflame
|-damage|p1a: Talonflame|7/100
|-damage|p1b: Garchomp|0 fnt
|-unboost|p2a: Gholdengo|spa|1
|faint|p1b: Garchomp
|-damage|p2a: Gholdengo|0 fnt|[from] item: Life Orb
|faint|p2a: Gholdengo
|
|upkeep
|
|t:|1756939061
|switch|p1b: Gholdengo|Gholdengo, L50|100/100
|switch|p2a: Annihilape|Annihilape, L50, F|100/100
|turn|3
|
|t:|1756939079
|-terastallize|p1b: Gholdengo|Steel
|move|p2a: Annihilape|Protect|p2a: Annihilape
|-singleturn|p2a: Annihilape|Protect
|move|p1a: Talonflame|Tailwind|p1a: Talonflame
|-sidestart|p1: washingtongargacha|move: Tailwind
|move|p1b: Gholdengo|Make It Rain|p2a: Annihilape|[spread] p2b
|-activate|p2a: Annihilape|move: Protect
|-damage|p2b: Dragonite|52/100
|-unboost|p1b: Gholdengo|spa|1
|move|p2b: Dragonite|Tailwind|p2b: Dragonite
|-sidestart|p2: fosa25|move: Tailwind
|
|upkeep
|turn|4
|
|t:|1756939099
|move|p1a: Talonflame|Brave Bird|p2a: Annihilape
|-supereffective|p2a: Annihilape
|-damage|p2a: Annihilape|32/100
|-damage|p1a: Talonflame|0 fnt|[from] Recoil
|faint|p1a: Talonflame
|move|p2b: Dragonite|Scale Shot|p1b: Gholdengo
|-resisted|p1b: Gholdengo
|-damage|p1b: Gholdengo|95/100
|-resisted|p1b: Gholdengo
|-damage|p1b: Gholdengo|89/100
|-resisted|p1b: Gholdengo
|-damage|p1b: Gholdengo|83/100
|-resisted|p1b: Gholdengo
|-damage|p1b: Gholdengo|78/100
|-resisted|p1b: Gholdengo
|-damage|p1b: Gholdengo|71/100
|-hitcount|p1b: Gholdengo|5
|-unboost|p2b: Dragonite|def|1
|-boost|p2b: Dragonite|spe|1
|move|p2a: Annihilape|Drain Punch|p1b: Gholdengo
|-supereffective|p1b: Gholdengo
|-crit|p1b: Gholdengo
|-damage|p1b: Gholdengo|0 fnt
|-heal|p2a: Annihilape|64/100|[from] drain|[of] p1b: Gholdengo
|faint|p1b: Gholdengo
|
|upkeep
|
|t:|1756939122
|switch|p1b: Archaludon|Archaludon, L50, M|100/100
|turn|5
|
|t:|1756939145
|switch|p2a: Magmar|Magmar, L50, M|100/100
|move|p2b: Dragonite|Protect|p2b: Dragonite
|-singleturn|p2b: Dragonite|Protect
|move|p1b: Archaludon|Electro Shot||[still]
|-prepare|p1b: Archaludon|Electro Shot
|-boost|p1b: Archaludon|spa|1
|-enditem|p1b: Archaludon|Power Herb
|-anim|p1b: Archaludon|Electro Shot|p2b: Dragonite
|-activate|p2b: Dragonite|move: Protect
|
|upkeep
|turn|6
|
|t:|1756939168
|move|p2a: Magmar|Follow Me|p2a: Magmar
|-singleturn|p2a: Magmar|move: Follow Me
|move|p2b: Dragonite|Haze|p2b: Dragonite
|-clearallboost
|move|p1b: Archaludon|Draco Meteor|p2a: Magmar
|-damage|p2a: Magmar|53/100
|-unboost|p1b: Archaludon|spa|2
|
|-sideend|p2: fosa25|move: Tailwind
|-sideend|p1: washingtongargacha|move: Tailwind
|upkeep
|turn|7
|-message|washingtongargacha forfeited.
|
|win|fosa25
