|j|☆Luh_simoes-04
|j|☆howard b real
|html|Luh_simoes-04howard b real    
|uhtml|bestof|Game 1 of a best-of-3
|t:|1757817057
|gametype|doubles
|player|p1|Luh_simoes-04|drayden|1194
|player|p2|howard b real|giovanni|1264
|gen|9
|tier|[Gen 9] VGC 2025 Reg H (Bo3)
|rated|
|rule|Species Clause: Limit one of each Pokémon
|rule|Item Clause: Limit 1 of each item
|clearpoke
|poke|p1|Armarouge, L50, F|
|poke|p1|Ursaluna-Bloodmoon, L50, M|
|poke|p1|Indeedee-F, L50, F|
|poke|p1|Tsareena, L50, F|
|poke|p1|Primarina, L50, M|
|poke|p1|Gallade, L50, M|
|poke|p2|Amoonguss, L50, F|
|poke|p2|Dragonite, L50, F|
|poke|p2|Excadrill, L50, F|
|poke|p2|Gholdengo, L50|
|poke|p2|Gyarados, L50, F|
|poke|p2|Tyranitar, L50, M|
|teampreview|4
|showteam|p1|Armarouge||PowerHerb|FlashFire|ArmorCannon,ExpandingForce,MeteorBeam,TrickRoom|||F|||50|,,,,,Grass]Ursaluna-Bloodmoon||LifeOrb|MindsEye|HyperVoice,BloodMoon,EarthPower,Protect|||M|||50|,,,,,Normal]Indeedee-F||MentalHerb|PsychicSurge|Psychic,HelpingHand,FollowMe,TrickRoom|||F|||50|,,,,,Fairy]Tsareena||WideLens|QueenlyMajesty|PowerWhip,TripleAxel,Taunt,Protect|||F|||50|,,,,,Ice]Primarina||ThroatSpray|LiquidVoice|HyperVoice,Moonblast,Haze,Protect|||M|||50|,,,,,Steel]Gallade||SafetyGoggles|Sharpness|SacredSword,PsychoCut,WideGuard,TrickRoom|||M|||50|,,,,,Water
|showteam|p2|Amoonguss||CovertCloak|Regenerator|RagePowder,Spore,SludgeBomb,Protect|||F|||50|,,,,,Psychic]Dragonite||LoadedDice|InnerFocus|ScaleShot,LowKick,Tailwind,Haze|||F|||50|,,,,,Fairy]Excadrill||FocusSash|SandRush|Protect,HighHorsepower,Earthquake,IronHead|||F|||50|,,,,,Ghost]Gholdengo||LifeOrb|GoodasGold|MakeItRain,NastyPlot,Protect,ShadowBall||||||50|,,,,,Water]Gyarados||SafetyGoggles|Intimidate|Waterfall,ThunderWave,Taunt,Protect|||F|||50|,,,,,Steel]Tyranitar||AssaultVest|SandStream|RockSlide,KnockOff,LowKick,TeraBlast|||M|||50|,,,,,Flying
|inactive|Battle timer is ON: inactive players will automatically lose when time's up. (requested by howard b real)
|inactive|Luh_simoes-04 also wants the timer to be on.
|
|t:|1757817087
|teamsize|p1|4
|teamsize|p2|4
|start
|switch|p1a: Indeedee|Indeedee-F, L50, F|100/100
|switch|p1b: Gallade|Gallade, L50, M|100/100
|switch|p2a: Gholdengo|Gholdengo, L50|100/100
|switch|p2b: Tyranitar|Tyranitar, L50, M|100/100
|-weather|Sandstorm|[from] ability: Sand Stream|[of] p2b: Tyranitar
|-fieldstart|move: Psychic Terrain|[from] ability: Psychic Surge|[of] p1a: Indeedee
|turn|1
|
|t:|1757817102
|-terastallize|p2b: Tyranitar|Flying
|-terastallize|p1b: Gallade|Water
|move|p1a: Indeedee|Follow Me|p1a: Indeedee
|-singleturn|p1a: Indeedee|move: Follow Me
|move|p2a: Gholdengo|Nasty Plot|p2a: Gholdengo
|-boost|p2a: Gholdengo|spa|2
|move|p2b: Tyranitar|Knock Off|p1a: Indeedee
|-supereffective|p1a: Indeedee
|-damage|p1a: Indeedee|0 fnt
|-enditem|p1a: Indeedee|Mental Herb|[from] move: Knock Off|[of] p2b: Tyranitar
|faint|p1a: Indeedee
|move|p1b: Gallade|Trick Room|p1b: Gallade
|-fieldstart|move: Trick Room|[of] p1b: Gallade
|
|-weather|Sandstorm|[upkeep]
|-damage|p2b: Tyranitar|94/100|[from] Sandstorm
|upkeep
|
|t:|1757817112
|switch|p1a: Armarouge|Armarouge, L50, F|100/100
|turn|2
|
|t:|1757817126
|switch|p2a: Gyarados|Gyarados, L50, F|100/100
|-ability|p2a: Gyarados|Intimidate|boost
|-unboost|p1a: Armarouge|atk|1
|-unboost|p1b: Gallade|atk|1
|move|p1a: Armarouge|Meteor Beam||[still]
|-prepare|p1a: Armarouge|Meteor Beam
|-boost|p1a: Armarouge|spa|1
|-enditem|p1a: Armarouge|Power Herb
|-anim|p1a: Armarouge|Meteor Beam|p2b: Tyranitar|[miss]
|-miss|p1a: Armarouge|p2b: Tyranitar
|move|p1b: Gallade|Psycho Cut|p2b: Tyranitar
|-damage|p2b: Tyranitar|59/100
|move|p2b: Tyranitar|Knock Off|p1a: Armarouge
|-supereffective|p1a: Armarouge
|-damage|p1a: Armarouge|28/100
|
|-weather|Sandstorm|[upkeep]
|-damage|p1a: Armarouge|21/100|[from] Sandstorm
|-damage|p2b: Tyranitar|53/100|[from] Sandstorm
|upkeep
|turn|3
|
|t:|1757817142
|move|p1a: Armarouge|Expanding Force|p2b: Tyranitar|[spread] p2a,p2b
|-damage|p2a: Gyarados|25/100
|-damage|p2b: Tyranitar|0 fnt
|faint|p2b: Tyranitar
|move|p1b: Gallade|Psycho Cut|p2a: Gyarados
|-damage|p2a: Gyarados|0 fnt
|faint|p2a: Gyarados
|
|-weather|Sandstorm|[upkeep]
|-damage|p1a: Armarouge|15/100|[from] Sandstorm
|upkeep
|
|t:|1757817146
|switch|p2b: Gholdengo|Gholdengo, L50|100/100
|switch|p2a: Amoonguss|Amoonguss, L50, F|100/100
|turn|4
|
|t:|1757817157
|switch|p1a: Primarina|Primarina, L50, M|100/100
|move|p2a: Amoonguss|Spore|p1a: Primarina
|-status|p1a: Primarina|slp|[from] move: Spore
|move|p1b: Gallade|Psycho Cut|p2a: Amoonguss
|-supereffective|p2a: Amoonguss
|-damage|p2a: Amoonguss|34/100
|move|p2b: Gholdengo|Shadow Ball|p1b: Gallade
|-damage|p1b: Gallade|54/100
|-damage|p2b: Gholdengo|91/100|[from] item: Life Orb
|
|-weather|Sandstorm|[upkeep]
|-damage|p2a: Amoonguss|28/100|[from] Sandstorm
|-damage|p1a: Primarina|95/100 slp|[from] Sandstorm
|upkeep
|turn|5
|
|t:|1757817169
|move|p2a: Amoonguss|Protect|p2a: Amoonguss
|-singleturn|p2a: Amoonguss|Protect
|move|p1b: Gallade|Psycho Cut|p2a: Amoonguss
|-activate|p2a: Amoonguss|move: Protect
|cant|p1a: Primarina|slp
|move|p2b: Gholdengo|Nasty Plot|p2b: Gholdengo
|-boost|p2b: Gholdengo|spa|2
|
|-weather|none
|-fieldend|move: Trick Room
|-fieldend|move: Psychic Terrain
|upkeep
|turn|6
|
|t:|1757817178
|move|p1b: Gallade|Wide Guard|p1b: Gallade
|-singleturn|p1b: Gallade|Wide Guard
|move|p2b: Gholdengo|Shadow Ball|p1b: Gallade
|-damage|p1b: Gallade|0 fnt
|faint|p1b: Gallade
|-damage|p2b: Gholdengo|81/100|[from] item: Life Orb
|cant|p1a: Primarina|slp
|move|p2a: Amoonguss|Sludge Bomb|p1a: Primarina
|-supereffective|p1a: Primarina
|-damage|p1a: Primarina|45/100 slp
|
|upkeep
|
|t:|1757817184
|switch|p1b: Armarouge|Armarouge, L50, F|15/100
|turn|7
|
|t:|1757817190
|move|p2b: Gholdengo|Make It Rain|p1a: Primarina|[spread] p1a,p1b
|-resisted|p1b: Armarouge
|-damage|p1a: Primarina|0 fnt
|-damage|p1b: Armarouge|0 fnt
|-unboost|p2b: Gholdengo|spa|1
|faint|p1a: Primarina
|faint|p1b: Armarouge
|-damage|p2b: Gholdengo|72/100|[from] item: Life Orb
|
|win|howard b real
||howard b real is ready for game 2.
||Luh_simoes-04 is ready for game 2.
|uhtml|next|Next: Game 2 of 3
|l|☆Luh_simoes-04
|player|p1|
|l|☆howard b real
|player|p2|
