|j|☆ppcp100
|j|☆axcoquette
|html|ppcp100axcoquette    
|uhtml|bestof|Game 1 of a best-of-3
|t:|1782348756
|gametype|doubles
|player|p1|ppcp100|265|1002
|player|p2|axcoquette|maid|1086
|gen|9
|tier|[Gen 9 Champions] VGC 2026 Reg M-B (Bo3)
|rated|
|rule|Species Clause: Limit one of each Pokémon
|rule|Item Clause: Limit 1 of each item
|clearpoke
|poke|p1|Basculegion, L50, M, shiny|
|poke|p1|Corviknight, L50, M|
|poke|p1|Clefable, L50, M|
|poke|p1|Eelektross, L50, M|
|poke|p1|Pelipper, L50, M|
|poke|p1|Tyranitar, L50, F|
|poke|p2|Charizard, L50, F|
|poke|p2|Floette-Eternal, L50, F|
|poke|p2|Basculegion, L50, M|
|poke|p2|Kingambit, L50, M|
|poke|p2|Garchomp, L50, M|
|poke|p2|Whimsicott, L50, F|
|teampreview|4
|showteam|p1|Basculegion||KingsRock|SwiftSwim|Blizzard,Crunch,Hex,Liquidation|Naughty||M|||50|]Corviknight||Leftovers|Pressure|IronDefense,BraveBird,BodyPress,BodySlam|Bold||M|||50|]Clefable||BabiriBerry|Unaware|Moonlight,DrainingKiss,Endeavor,HealingWish|Serious||M|||50|]Eelektross||Eelektrossite|Levitate|BodySlam,Coil,GigaDrain,Thunderbolt|Serious||M|||50|]Pelipper||ChoiceScarf|Drizzle|Protect,Surf,IceBeam,AirSlash|Hasty||M|||50|]Tyranitar||ExpertBelt|SandStream|Earthquake,HydroPump,PowerGem,DragonDance|Serious||F|||50|
|showteam|p2|Charizard||CharizarditeY|Blaze|HeatWave,WeatherBall,SolarBeam,Protect|Modest||F|||50|]Floette-Eternal||Floettite|FlowerVeil|DazzlingGleam,Moonblast,LightofRuin,Protect|Timid||F|||50|]Basculegion||MysticWater|Adaptability|WaveCrash,LastRespects,AquaJet,Protect|Adamant||M|||50|]Kingambit||BlackGlasses|Defiant|KowtowCleave,IronHead,SuckerPunch,Protect|Lonely||M|||50|]Garchomp||SitrusBerry|RoughSkin|DragonClaw,Earthquake,RockSlide,Protect|Jolly||M|||50|]Whimsicott||FocusSash|Prankster|Tailwind,Moonblast,Encore,Protect|Timid||F|||50|
|inactive|Battle timer is ON: inactive players will automatically lose when time's up. (requested by axcoquette)
|inactive|axcoquette has 60 seconds left.
|
|t:|1782348793
|teamsize|p1|4
|teamsize|p2|4
|start
|switch|p1a: Corviknight|Corviknight, L50, M|100/100
|switch|p1b: Clefable|Clefable, L50, M|100/100
|switch|p2a: Kingambit|Kingambit, L50, M|100/100
|switch|p2b: Whimsicott|Whimsicott, L50, F|100/100
|-ability|p1a: Corviknight|Pressure
|turn|1
|inactive|ppcp100 has 30 seconds left.
|inactive|ppcp100 has 20 seconds left.
|inactive|ppcp100 has 15 seconds left.
|
|t:|1782348835
|move|p2b: Whimsicott|Tailwind|p2b: Whimsicott
|-sidestart|p2: axcoquette|move: Tailwind
|move|p2a: Kingambit|Iron Head|p1b: Clefable
|-supereffective|p1b: Clefable|1
|-enditem|p1b: Clefable|Babiri Berry|[eat]
|-enditem|p1b: Clefable|Babiri Berry|[weaken]
|-damage|p1b: Clefable|48/100
|move|p1a: Corviknight|Iron Defense|p1a: Corviknight
|-boost|p1a: Corviknight|def|2
|move|p1b: Clefable|Endeavor|p2a: Kingambit
|-damage|p2a: Kingambit|42/100
|
|upkeep
|turn|2
|
|t:|1782348855
|move|p2b: Whimsicott|Encore|p1a: Corviknight
|-start|p1a: Corviknight|Encore
|move|p2a: Kingambit|Iron Head|p1b: Clefable
|-supereffective|p1b: Clefable|1
|-damage|p1b: Clefable|0 fnt
|faint|p1b: Clefable
|move|p1a: Corviknight|Iron Defense|p1a: Corviknight
|-boost|p1a: Corviknight|def|2
|
|upkeep
|
|t:|1782348868
|switch|p1b: Tyranitar|Tyranitar, L50, F|100/100
|-weather|Sandstorm|[from] ability: Sand Stream|[of] p1b: Tyranitar
|turn|3
|
|t:|1782348878
|move|p2b: Whimsicott|Moonblast|p1b: Tyranitar
|-supereffective|p1b: Tyranitar|1
|-damage|p1b: Tyranitar|59/100
|move|p2a: Kingambit|Iron Head|p1b: Tyranitar
|-supereffective|p1b: Tyranitar|1
|-damage|p1b: Tyranitar|0 fnt
|faint|p1b: Tyranitar
|move|p1a: Corviknight|Iron Defense|p1a: Corviknight
|-boost|p1a: Corviknight|def|2
|
|-weather|Sandstorm|[upkeep]
|-damage|p2b: Whimsicott|94/100|[from] Sandstorm
|upkeep
|
|t:|1782348892
|switch|p1b: Eelektross|Eelektross, L50, M|100/100
|turn|4
|
|t:|1782348916
|move|p2b: Whimsicott|Protect|p2b: Whimsicott
|-singleturn|p2b: Whimsicott|Protect
|move|p2a: Kingambit|Kowtow Cleave|p1b: Eelektross
|-damage|p1b: Eelektross|30/100
|move|p1a: Corviknight|Iron Defense|p1a: Corviknight
|-boost|p1a: Corviknight|def|0
|move|p1b: Eelektross|Thunderbolt|p2a: Kingambit
|-damage|p2a: Kingambit|9/100
|-status|p2a: Kingambit|par
|
|-weather|Sandstorm|[upkeep]
|-damage|p2b: Whimsicott|88/100|[from] Sandstorm
|-damage|p1b: Eelektross|24/100|[from] Sandstorm
|-end|p1a: Corviknight|Encore
|-sideend|p2: axcoquette|move: Tailwind
|upkeep
|turn|5
|inactive|ppcp100 has 30 seconds left.
|
|t:|1782348945
|move|p2b: Whimsicott|Encore|p1a: Corviknight
|-start|p1a: Corviknight|Encore
|move|p2a: Kingambit|Sucker Punch|p1b: Eelektross
|-damage|p1b: Eelektross|0 fnt
|faint|p1b: Eelektross
|move|p1a: Corviknight|Iron Defense|p1a: Corviknight
|-boost|p1a: Corviknight|def|0
|
|-weather|Sandstorm|[upkeep]
|-damage|p2b: Whimsicott|82/100|[from] Sandstorm
|upkeep
|turn|6
|
|t:|1782348962
|switch|p2a: Charizard|Charizard, L50, F|100/100
|move|p2b: Whimsicott|Tailwind|p2b: Whimsicott
|-sidestart|p2: axcoquette|move: Tailwind
|move|p1a: Corviknight|Iron Defense|p1a: Corviknight
|-boost|p1a: Corviknight|def|0
|
|-weather|Sandstorm|[upkeep]
|-damage|p2b: Whimsicott|76/100|[from] Sandstorm
|-damage|p2a: Charizard|94/100|[from] Sandstorm
|upkeep
|turn|7
|inactive|ppcp100 has 30 seconds left.
|inactive|ppcp100 has 20 seconds left.
|inactive|ppcp100 has 15 seconds left.
|
|t:|1782349006
|detailschange|p2a: Charizard|Charizard-Mega-Y, L50, F
|-mega|p2a: Charizard|Charizard|Charizardite Y
|-weather|SunnyDay|[from] ability: Drought|[of] p2a: Charizard
|move|p2b: Whimsicott|Moonblast|p1a: Corviknight
|-resisted|p1a: Corviknight|1
|-damage|p1a: Corviknight|81/100
|move|p2a: Charizard|Weather Ball|p1a: Corviknight
|-supereffective|p1a: Corviknight|1
|-damage|p1a: Corviknight|0 fnt
|faint|p1a: Corviknight
|
|win|axcoquette
||axcoquette is ready for game 2.
|inactive|ppcp100 has 30 seconds to confirm battle start!
|l|☆ppcp100
|player|p1|
|inactive|ppcp100 has 20 seconds to confirm battle start!
|inactive|ppcp100 has 10 seconds to confirm battle start!
|uhtml|next|Next: Game 2 of 3
