|j|☆new mental
|j|☆munjah 14
|html|new mentalmunjah 14    
|uhtml|bestof|Game 1 of a best-of-3
|t:|1784467212
|gametype|doubles
|player|p1|new mental|volkner|1242
|player|p2|munjah 14|170|1264
|gen|9
|tier|[Gen 9 Champions] VGC 2026 Reg M-B (Bo3)
|rated|
|rule|Species Clause: Limit one of each Pokémon
|rule|Item Clause: Limit 1 of each item
|clearpoke
|poke|p1|Aerodactyl, L50, F|
|poke|p1|Garchomp, L50, M|
|poke|p1|Kingambit, L50, M|
|poke|p1|Charizard, L50, F|
|poke|p1|Sylveon, L50, F|
|poke|p1|Farigiraf, L50, M|
|poke|p2|Tyranitar, L50, M, shiny|
|poke|p2|Talonflame, L50, M, shiny|
|poke|p2|Sneasler, L50, F, shiny|
|poke|p2|Grimmsnarl, L50, M, shiny|
|poke|p2|Rotom-Wash, L50, shiny|
|poke|p2|Venusaur, L50, M, shiny|
|teampreview|4
|showteam|p1|Aerodactyl||Aerodactylite|Unnerve|IceFang,RockSlide,Tailwind,DualWingbeat|Jolly||F|||50|]Garchomp||LifeOrb|RoughSkin|DragonClaw,RockSlide,Earthquake,Protect|Jolly||M|||50|]Kingambit||FocusSash|Defiant|SuckerPunch,KowtowCleave,IronHead,LowKick|Adamant||M|||50|]Charizard||CharizarditeY|SolarPower|Protect,WeatherBall,HeatWave,SolarBeam|Modest||F|||50|]Sylveon||FairyFeather|Pixilate|Protect,HyperVoice,HyperBeam,QuickAttack|Modest||F|||50|]Farigiraf||SitrusBerry|ArmorTail|TrickRoom,Thunderbolt,Roar,Psychic|Bold||M|||50|
|showteam|p2|Tyranitar||Tyranitarite|SandStream|DragonDance,RockSlide,KnockOff,Protect|Jolly||M|||50|]Talonflame||SharpBeak|GaleWings|Tailwind,FlareBlitz,BraveBird,Protect|Jolly||M|||50|]Sneasler||WhiteHerb|Unburden|FakeOut,CloseCombat,DireClaw,Protect|Jolly||F|||50|]Grimmsnarl||LightClay|Prankster|Reflect,LightScreen,PartingShot,FoulPlay|Careful||M|||50|]Rotom-Wash||WideLens|Levitate|HydroPump,Thunderbolt,WillOWisp,Protect|Modest|||||50|]Venusaur||Venusaurite|Chlorophyll|EnergyBall,EarthPower,SludgeBomb,Protect|Modest||M|||50|
|inactive|Battle timer is ON: inactive players will automatically lose when time's up. (requested by munjah 14)
|inactive|new mental has 60 seconds left.
|inactive|new mental has 30 seconds left.
|
|t:|1784467327
|teamsize|p1|4
|teamsize|p2|4
|start
|switch|p1a: Charizard|Charizard, L50, F|100/100
|switch|p1b: Garchomp|Garchomp, L50, M|100/100
|switch|p2a: Rotom|Rotom-Wash, L50, shiny|100/100
|switch|p2b: Grimmsnarl|Grimmsnarl, L50, M, shiny|100/100
|turn|1
|inactive|munjah 14 has 30 seconds left.
|
|t:|1784467357
|detailschange|p1a: Charizard|Charizard-Mega-Y, L50, F
|-mega|p1a: Charizard|Charizard|Charizardite Y
|-weather|SunnyDay|[from] ability: Drought|[of] p1a: Charizard
|move|p2b: Grimmsnarl|Parting Shot|p1b: Garchomp
|-unboost|p1b: Garchomp|atk|1
|-unboost|p1b: Garchomp|spa|1
|
|t:|1784467364
|switch|p2b: Tyranitar|Tyranitar, L50, M, shiny|100/100|[from] Parting Shot
|-weather|Sandstorm|[from] ability: Sand Stream|[of] p2b: Tyranitar
|move|p1b: Garchomp|Dragon Claw|p2a: Rotom
|-damage|p2a: Rotom|60/100
|-damage|p1b: Garchomp|90/100|[from] item: Life Orb
|move|p1a: Charizard|Solar Beam||[still]
|-prepare|p1a: Charizard|Solar Beam
|move|p2a: Rotom|Thunderbolt|p1a: Charizard
|-supereffective|p1a: Charizard|1
|-damage|p1a: Charizard|21/100
|
|-weather|Sandstorm|[upkeep]
|-damage|p1a: Charizard|15/100|[from] Sandstorm
|-damage|p2a: Rotom|54/100|[from] Sandstorm
|upkeep
|turn|2
|
|t:|1784467389
|switch|p2a: Grimmsnarl|Grimmsnarl, L50, M, shiny|100/100
|move|p2b: Tyranitar|Protect|p2b: Tyranitar
|-singleturn|p2b: Tyranitar|Protect
|move|p1b: Garchomp|Earthquake|p2a: Grimmsnarl|[spread] p2a
|-activate|p2b: Tyranitar|move: Protect
|-immune|p1a: Charizard
|-damage|p2a: Grimmsnarl|58/100
|-damage|p1b: Garchomp|80/100|[from] item: Life Orb
|move|p1a: Charizard|Solar Beam|p2a: Grimmsnarl|[from] lockedmove
|-damage|p2a: Grimmsnarl|41/100
|
|-weather|Sandstorm|[upkeep]
|-damage|p1a: Charizard|9/100|[from] Sandstorm
|-damage|p2a: Grimmsnarl|35/100|[from] Sandstorm
|upkeep
|turn|3
|
|t:|1784467412
|switch|p1a: Farigiraf|Farigiraf, L50, M|100/100
|move|p2a: Grimmsnarl|Reflect|p2a: Grimmsnarl
|-sidestart|p2: munjah 14|Reflect
|move|p1b: Garchomp|Earthquake|p2b: Tyranitar|[spread] p1a,p2a,p2b
|-supereffective|p2b: Tyranitar|1
|-damage|p1a: Farigiraf|72/100
|-damage|p2a: Grimmsnarl|8/100
|-damage|p2b: Tyranitar|61/100
|-damage|p1b: Garchomp|70/100|[from] item: Life Orb
|move|p2b: Tyranitar|Dragon Dance|p2b: Tyranitar
|-boost|p2b: Tyranitar|atk|1
|-boost|p2b: Tyranitar|spe|1
|
|-weather|Sandstorm|[upkeep]
|-damage|p2a: Grimmsnarl|2/100|[from] Sandstorm
|-damage|p1a: Farigiraf|66/100|[from] Sandstorm
|upkeep
|turn|4
|
|t:|1784467428
|move|p2b: Tyranitar|Protect|p2b: Tyranitar
|-singleturn|p2b: Tyranitar|Protect
|move|p2a: Grimmsnarl|Light Screen|p2a: Grimmsnarl
|-sidestart|p2: munjah 14|move: Light Screen
|move|p1b: Garchomp|Earthquake|p2a: Grimmsnarl|[spread] p1a,p2a
|-activate|p2b: Tyranitar|move: Protect
|-damage|p1a: Farigiraf|43/100
|-damage|p2a: Grimmsnarl|0 fnt
|-enditem|p1a: Farigiraf|Sitrus Berry|[eat]
|-heal|p1a: Farigiraf|68/100|[from] item: Sitrus Berry
|faint|p2a: Grimmsnarl
|-damage|p1b: Garchomp|60/100|[from] item: Life Orb
|move|p1a: Farigiraf|Trick Room|p1a: Farigiraf
|-fieldstart|move: Trick Room|[of] p1a: Farigiraf
|
|-weather|Sandstorm|[upkeep]
|-damage|p1a: Farigiraf|62/100|[from] Sandstorm
|upkeep
|
|t:|1784467445
|switch|p2a: Rotom|Rotom-Wash, L50, shiny|54/100
|turn|5
|
|t:|1784467457
|detailschange|p2b: Tyranitar|Tyranitar-Mega, L50, M, shiny
|-mega|p2b: Tyranitar|Tyranitar|Tyranitarite
|move|p1a: Farigiraf|Psychic|p2a: Rotom
|-damage|p2a: Rotom|31/100
|move|p2a: Rotom|Will-O-Wisp|p1b: Garchomp
|-status|p1b: Garchomp|brn
|move|p1b: Garchomp|Earthquake|p2a: Rotom|[spread] p1a,p2b
|-immune|p2a: Rotom|[from] ability: Levitate
|-supereffective|p2b: Tyranitar|1
|-damage|p1a: Farigiraf|48/100
|-damage|p2b: Tyranitar|46/100
|-damage|p1b: Garchomp|50/100g brn|[from] item: Life Orb
|move|p2b: Tyranitar|Rock Slide|p1a: Farigiraf|[spread] p1a,p1b
|-resisted|p1b: Garchomp|1
|-damage|p1a: Farigiraf|8/100
|-damage|p1b: Garchomp|25/100 brn
|
|-weather|none
|-damage|p1b: Garchomp|19/100 brn|[from] brn
|upkeep
|turn|6
|inactive|munjah 14 has 30 seconds left.
|
|t:|1784467484
|switch|p2b: Venusaur|Venusaur, L50, M, shiny|100/100
|move|p1a: Farigiraf|Psychic|p2a: Rotom
|-damage|p2a: Rotom|9/100
|move|p2a: Rotom|Thunderbolt|p1a: Farigiraf
|-damage|p1a: Farigiraf|0 fnt
|faint|p1a: Farigiraf
|move|p1b: Garchomp|Rock Slide|p2b: Venusaur|[spread] p2a,p2b
|-damage|p2a: Rotom|3/100
|-damage|p2b: Venusaur|94/100
|-damage|p1b: Garchomp|9/100 brn|[from] item: Life Orb
|
|-damage|p1b: Garchomp|3/100 brn|[from] brn
|upkeep
|
|t:|1784467501
|switch|p1a: Kingambit|Kingambit, L50, M|100/100
|turn|7
|
|t:|1784467515
|move|p2a: Rotom|Protect|p2a: Rotom
|-singleturn|p2a: Rotom|Protect
|move|p2b: Venusaur|Earth Power|p1a: Kingambit
|-supereffective|p1a: Kingambit|1
|-damage|p1a: Kingambit|30/100
|move|p1a: Kingambit|Iron Head|p2a: Rotom
|-activate|p2a: Rotom|move: Protect
|move|p1b: Garchomp|Rock Slide|p2a: Rotom|[spread] p2b
|-activate|p2a: Rotom|move: Protect
|-damage|p2b: Venusaur|88/100
|-damage|p1b: Garchomp|0 fnt|[from] item: Life Orb
|faint|p1b: Garchomp
|
|upkeep
|
|t:|1784467518
|switch|p1b: Charizard|Charizard-Mega-Y, L50, F|9/100
|-weather|SunnyDay|[from] ability: Drought|[of] p1b: Charizard
|turn|8
|
|t:|1784467539
|switch|p2a: Tyranitar|Tyranitar-Mega, L50, M, shiny|46/100
|-weather|Sandstorm|[from] ability: Sand Stream|[of] p2a: Tyranitar
|move|p2b: Venusaur|Sludge Bomb|p1b: Charizard
|-damage|p1b: Charizard|0 fnt
|faint|p1b: Charizard
|move|p1a: Kingambit|Iron Head|p2a: Tyranitar
|-supereffective|p2a: Tyranitar|1
|-damage|p2a: Tyranitar|1/100
|
|-weather|Sandstorm|[upkeep]
|-damage|p2b: Venusaur|82/100|[from] Sandstorm
|-fieldend|move: Trick Room
|upkeep
|turn|9
|-message|new mental forfeited.
|
|win|munjah 14
