|j|☆gravyholder
|j|☆Cazenovia
|html|gravyholderCazenovia    
|uhtml|bestof|Game 3 of a best-of-3
|t:|1785966662
|gametype|doubles
|player|p1|gravyholder|guitarist|
|player|p2|Cazenovia|anabel|
|gen|9
|tier|[Gen 9 Champions] VGC 2026 Reg M-B (Bo3)
|rule|Species Clause: Limit one of each Pokémon
|rule|Item Clause: Limit 1 of each item
|clearpoke
|poke|p1|Excadrill, L50, F|
|poke|p1|Tyranitar, L50, F|
|poke|p1|Grimmsnarl, L50, M|
|poke|p1|Klefki, L50, F|
|poke|p1|Venusaur, L50, M|
|poke|p1|Typhlosion-Hisui, L50, F|
|poke|p2|Incineroar, L50, M|
|poke|p2|Sinistcha, L50|
|poke|p2|Blastoise, L50, F|
|poke|p2|Scizor, L50, M|
|poke|p2|Audino, L50, M|
|poke|p2|Goodra-Hisui, L50, M|
|teampreview|4
|showteam|p1|Excadrill||FocusSash|SandRush|IronHead,Earthquake,HighHorsepower,Protect|Jolly||F|||50|]Tyranitar||Tyranitarite|SandStream|RockSlide,KnockOff,IcePunch,Protect|Jolly||F|||50|]Grimmsnarl||BabiriBerry|Prankster|SpiritBreak,SuckerPunch,PartingShot,Taunt|Impish||M|||50|]Klefki||SitrusBerry|Prankster|DazzlingGleam,Imprison,TrickRoom,Protect|Bold||F|||50|]Venusaur||Venusaurite|Overgrow|EnergyBall,EarthPower,Toxic,Protect|Timid||M|||50|]Typhlosion-Hisui||Charcoal|Frisk|Eruption,Flamethrower,ShadowBall,Protect|Modest||F|||50|
|showteam|p2|Incineroar||ChartiBerry|Intimidate|FakeOut,BrickBreak,FlareBlitz,Protect|Brave||M|||50|]Sinistcha||ColburBerry|Hospitality|TrickRoom,MatchaGotcha,StrengthSap,RagePowder|Relaxed|||||50|]Blastoise||Blastoisinite|Torrent|WaterPulse,WaterSpout,AuraSphere,IceBeam|Modest||F|||50|]Scizor||LifeOrb|Technician|SwordsDance,BulletPunch,BrickBreak,BrutalSwing|Adamant||M|||50|]Audino||Audinite|Regenerator|TrickRoom,DazzlingGleam,Encore,HealingWish|Relaxed||M|||50|]Goodra-Hisui||ExpertBelt|SapSipper|AcidSpray,HeavySlam,Flamethrower,BodyPress|Quiet||M|||50|
|inactive|Battle timer is ON: inactive players will automatically lose when time's up. (requested by gravyholder)
|j| Spiderc
|j| eddaket
|inactiveoff|Battle timer is now OFF.
|
|t:|1785966743
|teamsize|p1|4
|teamsize|p2|4
|start
|switch|p1a: Old Flame|Typhlosion-Hisui, L50, F|100/100
|switch|p1b: Boo-Boo Keys|Klefki, L50, F|100/100
|switch|p2a: Sinistcha|Sinistcha, L50|100/100
|switch|p2b: Blastoise|Blastoise, L50, F|100/100
|-item|p2a: Sinistcha|Colbur Berry|[from] ability: Frisk|[of] p1a: Old Flame
|-item|p2b: Blastoise|Blastoisinite|[from] ability: Frisk|[of] p1a: Old Flame
|turn|1
|
|t:|1785966770
|switch|p1a: Big FRICK|Venusaur, L50, M|100/100
|switch|p2a: Goodra|Goodra-Hisui, L50, M|100/100
|detailschange|p2b: Blastoise|Blastoise-Mega, L50, F
|-mega|p2b: Blastoise|Blastoise|Blastoisinite
|move|p1b: Boo-Boo Keys|Imprison|p1b: Boo-Boo Keys
|-start|p1b: Boo-Boo Keys|move: Imprison
|move|p2b: Blastoise|Water Spout|p1b: Boo-Boo Keys|[spread] p1a,p1b
|-resisted|p1a: Big FRICK|1
|-damage|p1a: Big FRICK|71/100
|-damage|p1b: Boo-Boo Keys|31/100
|-enditem|p1b: Boo-Boo Keys|Sitrus Berry|[eat]
|-heal|p1b: Boo-Boo Keys|56/100|[from] item: Sitrus Berry
|
|upkeep
|turn|2
|
|t:|1785966824
|switch|p2b: Scizor|Scizor, L50, M|100/100
|move|p1b: Boo-Boo Keys|Protect|p1b: Boo-Boo Keys
|-singleturn|p1b: Boo-Boo Keys|Protect
|move|p1a: Big FRICK|Energy Ball|p2b: Scizor
|-resisted|p2b: Scizor|2
|-damage|p2b: Scizor|90/100
|move|p2a: Goodra|Flamethrower|p1a: Big FRICK
|-supereffective|p1a: Big FRICK|1
|-damage|p1a: Big FRICK|0 fnt
|faint|p1a: Big FRICK
|
|upkeep
|
|t:|1785966836
|switch|p1a: Old Flame|Typhlosion-Hisui, L50, F|100/100
|-item|p2a: Goodra|Expert Belt|[from] ability: Frisk|[of] p1a: Old Flame
|-item|p2b: Scizor|Life Orb|[from] ability: Frisk|[of] p1a: Old Flame
|turn|3
|
|t:|1785966845
|move|p1a: Old Flame|Eruption|p2a: Goodra|[spread] p2a,p2b
|-supereffective|p2b: Scizor|2
|-damage|p2a: Goodra|55/100
|-damage|p2b: Scizor|0 fnt
|faint|p2b: Scizor
|move|p1b: Boo-Boo Keys|Dazzling Gleam|p2a: Goodra
|-damage|p2a: Goodra|40/100
|move|p2a: Goodra|Flamethrower|p1b: Boo-Boo Keys
|-supereffective|p1b: Boo-Boo Keys|1
|-damage|p1b: Boo-Boo Keys|0 fnt
|faint|p1b: Boo-Boo Keys
|
|upkeep
|
|t:|1785966861
|switch|p1b: Gizmo|Grimmsnarl, L50, M|100/100
|switch|p2b: Blastoise|Blastoise-Mega, L50, F|100/100
|turn|4
|
|t:|1785966879
|move|p1b: Gizmo|Parting Shot|p2b: Blastoise
|-unboost|p2b: Blastoise|atk|1
|-unboost|p2b: Blastoise|spa|1
|move|p1a: Old Flame|Shadow Ball|p2b: Blastoise
|-damage|p2b: Blastoise|60/100
|move|p2b: Blastoise|Water Pulse|p1a: Old Flame
|-supereffective|p1a: Old Flame|1
|-damage|p1a: Old Flame|14/100
|move|p2a: Goodra|Heavy Slam|p1b: Gizmo
|-supereffective|p1b: Gizmo|1
|-crit|p1b: Gizmo
|-enditem|p1b: Gizmo|Babiri Berry|[eat]
|-enditem|p1b: Gizmo|Babiri Berry|[weaken]
|-damage|p1b: Gizmo|35/100
|
|upkeep
|turn|5
|
|t:|1785966905
|switch|p2a: Sinistcha|Sinistcha, L50|100/100
|-heal|p2b: Blastoise|85/100|[from] ability: Hospitality|[of] p2a: Sinistcha
|move|p1b: Gizmo|Sucker Punch||[still]
|-fail|p1b: Gizmo
|move|p1a: Old Flame|Flamethrower|p2a: Sinistcha
|-supereffective|p2a: Sinistcha|1
|-damage|p2a: Sinistcha|0 fnt
|faint|p2a: Sinistcha
|move|p2b: Blastoise|Water Spout|p1a: Old Flame|[spread] p1a,p1b
|-supereffective|p1a: Old Flame|1
|-damage|p1a: Old Flame|0 fnt
|-damage|p1b: Gizmo|0 fnt
|faint|p1a: Old Flame
|faint|p1b: Gizmo
|
|win|Cazenovia
|c|☆gravyholder|dang gg
