|j|☆DelanterooPichichi
|j|☆la cabra1
|html|DelanterooPichichila cabra1    
|uhtml|bestof|Game 2 of a best-of-3
|t:|1782987412
|gametype|doubles
|player|p1|DelanterooPichichi|morty|1323
|player|p2|la cabra1|volkner|1317
|gen|9
|tier|[Gen 9 Champions] VGC 2026 Reg M-B (Bo3)
|rated|
|rule|Species Clause: Limit one of each Pokémon
|rule|Item Clause: Limit 1 of each item
|clearpoke
|poke|p1|Gholdengo, L50|
|poke|p1|Staraptor, L50, F|
|poke|p1|Maushold-Four, L50|
|poke|p1|Garchomp, L50, M|
|poke|p1|Delphox, L50, F|
|poke|p1|Whimsicott, L50, M|
|poke|p2|Aerodactyl, L50, F|
|poke|p2|Garchomp, L50, F|
|poke|p2|Kingambit, L50, F|
|poke|p2|Charizard, L50, M|
|poke|p2|Sylveon, L50, M|
|poke|p2|Farigiraf, L50, M|
|teampreview|4
|showteam|p1|Gholdengo||LifeOrb|GoodasGold|MakeItRain,ShadowBall,NastyPlot,Protect|Timid|||||50|]Staraptor||Staraptite|Intimidate|CloseCombat,BraveBird,Roost,Protect|Jolly||F|||50|]Maushold-Four||ChopleBerry|FriendGuard|FollowMe,SuperFang,Charm,Protect|Jolly|||||50|]Garchomp||ChoiceScarf|RoughSkin|DragonClaw,Earthquake,StompingTantrum,RockSlide|Adamant||M|||50|]Delphox||Delphoxite|Blaze|HeatWave,Psychic,NastyPlot,Protect|Timid||F|||50|]Whimsicott||CobaBerry|Prankster|Moonblast,Tailwind,Encore,Charm|Bold||M|||50|
|showteam|p2|Aerodactyl||Aerodactylite|Unnerve|IceFang,RockSlide,Tailwind,DualWingbeat|Jolly||F|||50|]Garchomp||LifeOrb|RoughSkin|DragonClaw,StompingTantrum,Earthquake,Protect|Jolly||F|||50|]Kingambit||FocusSash|Defiant|SuckerPunch,KowtowCleave,IronHead,LowKick|Adamant||F|||50|]Charizard||CharizarditeY|SolarPower|Protect,HeatWave,SolarBeam,WeatherBall|Modest||M|||50|]Sylveon||FairyFeather|Pixilate|Protect,HyperVoice,HyperBeam,QuickAttack|Modest||M|||50|]Farigiraf||SitrusBerry|ArmorTail|TrickRoom,Thunderbolt,Psychic,Roar|Bold||M|||50|
|inactive|Battle timer is ON: inactive players will automatically lose when time's up. (requested by DelanterooPichichi)
|
|t:|1782987429
|teamsize|p1|4
|teamsize|p2|4
|start
|switch|p1a: Delphox|Delphox, L50, F|100/100
|switch|p1b: Gholdengo|Gholdengo, L50|100/100
|switch|p2a: Sylveon|Sylveon, L50, M|100/100
|switch|p2b: Farigiraf|Farigiraf, L50, M|100/100
|turn|1
|
|t:|1782987437
|detailschange|p1a: Delphox|Delphox-Mega, L50, F
|-mega|p1a: Delphox|Delphox|Delphoxite
|move|p1a: Delphox|Heat Wave|p2a: Sylveon|[spread] p2a,p2b
|-damage|p2a: Sylveon|69/100
|-damage|p2b: Farigiraf|60/100
|move|p1b: Gholdengo|Make It Rain|p2b: Farigiraf|[spread] p2a,p2b
|-supereffective|p2a: Sylveon|1
|-damage|p2a: Sylveon|0 fnt
|-damage|p2b: Farigiraf|3/100
|-unboost|p1b: Gholdengo|spa|2
|-enditem|p2b: Farigiraf|Sitrus Berry|[eat]
|-heal|p2b: Farigiraf|28/100|[from] item: Sitrus Berry
|faint|p2a: Sylveon
|-damage|p1b: Gholdengo|90/100|[from] item: Life Orb
|move|p2b: Farigiraf|Trick Room|p2b: Farigiraf
|-fieldstart|move: Trick Room|[of] p2b: Farigiraf
|
|upkeep
|
|t:|1782987454
|switch|p2a: Kingambit|Kingambit, L50, F|100/100
|turn|2
|
|t:|1782987462
|switch|p1b: Maushold|Maushold-Four, L50|100/100
|move|p1a: Delphox|Protect|p1a: Delphox
|-singleturn|p1a: Delphox|Protect
|move|p2b: Farigiraf|Psychic|p1b: Maushold
|-damage|p1b: Maushold|60/100
|move|p2a: Kingambit|Kowtow Cleave|p1a: Delphox
|-activate|p1a: Delphox|move: Protect
|
|upkeep
|turn|3
|
|t:|1782987476
|move|p1b: Maushold|Follow Me|p1b: Maushold
|-singleturn|p1b: Maushold|move: Follow Me
|move|p2b: Farigiraf|Psychic|p1b: Maushold
|-damage|p1b: Maushold|17/100
|move|p2a: Kingambit|Kowtow Cleave|p1b: Maushold
|-damage|p1b: Maushold|0 fnt
|faint|p1b: Maushold
|move|p1a: Delphox|Heat Wave|p2b: Farigiraf|[spread] p2a,p2b
|-supereffective|p2a: Kingambit|1
|-damage|p2a: Kingambit|4/100
|-damage|p2b: Farigiraf|0 fnt
|faint|p2b: Farigiraf
|
|upkeep
|
|t:|1782987493
|switch|p2b: Charizard|Charizard, L50, M|100/100
|switch|p1b: Gholdengo|Gholdengo, L50|90/100
|turn|4
|
|t:|1782987506
|switch|p1a: Whimsicott|Whimsicott, L50, M|100/100
|detailschange|p2b: Charizard|Charizard-Mega-Y, L50, M
|-mega|p2b: Charizard|Charizard|Charizardite Y
|-weather|SunnyDay|[from] ability: Drought|[of] p2b: Charizard
|move|p1b: Gholdengo|Protect|p1b: Gholdengo
|-singleturn|p1b: Gholdengo|Protect
|move|p2a: Kingambit|Sucker Punch||[still]
|-fail|p2a: Kingambit
|move|p2b: Charizard|Heat Wave|p1a: Whimsicott|[spread] p1a
|-activate|p1b: Gholdengo|move: Protect
|-supereffective|p1a: Whimsicott|1
|-damage|p1a: Whimsicott|0 fnt
|faint|p1a: Whimsicott
|
|-weather|SunnyDay|[upkeep]
|upkeep
|
|t:|1782987518
|switch|p1a: Delphox|Delphox-Mega, L50, F|100/100
|turn|5
|
|t:|1782987536
|move|p1b: Gholdengo|Protect|p1b: Gholdengo
|-singleturn|p1b: Gholdengo|Protect
|move|p1a: Delphox|Protect|p1a: Delphox
|-singleturn|p1a: Delphox|Protect
|move|p2a: Kingambit|Kowtow Cleave|p1b: Gholdengo
|-activate|p1b: Gholdengo|move: Protect
|move|p2b: Charizard|Weather Ball|p1a: Delphox
|-activate|p1a: Delphox|move: Protect
|
|-weather|SunnyDay|[upkeep]
|-fieldend|move: Trick Room
|upkeep
|turn|6
|
|t:|1782987551
|move|p2a: Kingambit|Sucker Punch||[still]
|-fail|p2a: Kingambit
|move|p1a: Delphox|Nasty Plot|p1a: Delphox
|-boost|p1a: Delphox|spa|2
|move|p1b: Gholdengo|Shadow Ball|p2a: Kingambit
|-resisted|p2a: Kingambit|1
|-damage|p2a: Kingambit|0 fnt
|faint|p2a: Kingambit
|-damage|p1b: Gholdengo|81/100|[from] item: Life Orb
|move|p2b: Charizard|Heat Wave|p1a: Delphox|[spread] p1a
|-miss|p2b: Charizard|p1b: Gholdengo
|-resisted|p1a: Delphox|1
|-damage|p1a: Delphox|70/100
|
|-weather|SunnyDay|[upkeep]
|upkeep
|turn|7
|c|☆DelanterooPichichi|gg
|
|t:|1782987565
|move|p1a: Delphox|Psychic|p2b: Charizard
|-damage|p2b: Charizard|13/100
|move|p1b: Gholdengo|Shadow Ball|p2b: Charizard
|-damage|p2b: Charizard|0 fnt
|faint|p2b: Charizard
|-damage|p1b: Gholdengo|71/100|[from] item: Life Orb
|
|win|DelanterooPichichi
||la cabra1 is ready for game 3.
||DelanterooPichichi is ready for game 3.
|uhtml|next|Next: Game 3 of 3
|l|☆DelanterooPichichi
|player|p1|
