|j|☆hippopotas fritas
|j|☆5wamp
|html|hippopotas fritas5wamp    
|uhtml|bestof|Game 3 of a best-of-3
|t:|1785255150
|gametype|doubles
|player|p1|hippopotas fritas|colress|
|player|p2|5wamp|170|
|gen|9
|tier|[Gen 9 Champions] VGC 2026 Reg M-B (Bo3)
|rule|Species Clause: Limit one of each Pokémon
|rule|Item Clause: Limit 1 of each item
|clearpoke
|poke|p1|Tyranitar, L50, M|
|poke|p1|Excadrill, L50, F|
|poke|p1|Milotic, L50, M|
|poke|p1|Sinistcha, L50|
|poke|p1|Staraptor, L50, F|
|poke|p1|Gholdengo, L50|
|poke|p2|Kingambit, L50, F|
|poke|p2|Gardevoir, L50, M|
|poke|p2|Talonflame, L50, M|
|poke|p2|Maushold, L50, shiny|
|poke|p2|Basculegion, L50, M|
|poke|p2|Kommo-o, L50, M|
|teampreview|4
|showteam|p1|Tyranitar||Tyranitarite|SandStream|KnockOff,RockSlide,HighHorsepower,Protect|Jolly||M|||50|]Excadrill||FocusSash|SandRush|HighHorsepower,IronHead,RockSlide,Protect|Adamant||F|||50|]Milotic||SitrusBerry|Competitive|Scald,IcyWind,Haze,Protect|Calm||M|||50|]Sinistcha||ColburBerry|Hospitality|MatchaGotcha,ShadowBall,Protect,RagePowder|Bold|||||50|]Staraptor||Staraptite|Intimidate|CloseCombat,BraveBird,Tailwind,Protect|Jolly||F|||50|]Gholdengo||LifeOrb|GoodasGold|MakeItRain,ShadowBall,NastyPlot,Protect|Modest|||||50|
|showteam|p2|Kingambit||FocusSash|Defiant|KowtowCleave,IronHead,SuckerPunch,LowKick|Adamant||F|||50|]Gardevoir||Gardevoirite|Telepathy|HyperVoice,Psyshock,Thunderbolt,Protect|Modest||M|||50|]Talonflame||SharpBeak|GaleWings|DualWingbeat,FlareBlitz,Tailwind,Protect|Jolly||M|||50|]Maushold||ChopleBerry|FriendGuard|Feint,SuperFang,FollowMe,Protect|Impish|||||50|]Basculegion||MysticWater|Adaptability|WaveCrash,LastRespects,AquaJet,Protect|Adamant||M|||50|]Kommo-o||LifeOrb|Overcoat|ClangingScales,AuraSphere,VacuumWave,Protect|Modest||M|||50|
|c|☆hippopotas fritas|i needed to keep ghold alive there
|c|☆hippopotas fritas|the lead seems ok into gambit i think tho
|c|☆5wamp|yeah agreed
|c|☆hippopotas fritas|is raptor useful?
|c|☆5wamp|I think so
|
|t:|1785255196
|teamsize|p1|4
|teamsize|p2|4
|start
|switch|p1a: Drilly the kid|Excadrill, L50, F|100/100
|switch|p1b: LegallyNotGodzilla|Tyranitar, L50, M|100/100
|switch|p2a: Kommo-o|Kommo-o, L50, M|100/100
|switch|p2b: Kingambit|Kingambit, L50, F|100/100
|-weather|Sandstorm|[from] ability: Sand Stream|[of] p1b: LegallyNotGodzilla
|turn|1
|c|☆5wamp|what else would you bring?
|
|t:|1785255205
|move|p2a: Kommo-o|Vacuum Wave|p1a: Drilly the kid
|-supereffective|p1a: Drilly the kid|1
|-damage|p1a: Drilly the kid|32/100
|-damage|p2a: Kommo-o|90/100|[from] item: Life Orb
|move|p2b: Kingambit|Sucker Punch|p1a: Drilly the kid
|-damage|p1a: Drilly the kid|0 fnt
|faint|p1a: Drilly the kid
|move|p1b: LegallyNotGodzilla|High Horsepower|p2b: Kingambit
|-supereffective|p2b: Kingambit|1
|-damage|p2b: Kingambit|45/100
|
|-weather|Sandstorm|[upkeep]
|upkeep
|
|t:|1785255214
|switch|p1a: Gholdielocks|Gholdengo, L50|100/100
|turn|2
|
|t:|1785255234
|switch|p1b: unpopular opinion|Staraptor, L50, F|100/100
|-ability|p1b: unpopular opinion|Intimidate|boost
|-unboost|p2a: Kommo-o|atk|1
|-unboost|p2b: Kingambit|atk|1
|-ability|p2b: Kingambit|Defiant|boost
|-boost|p2b: Kingambit|atk|2
|move|p1a: Gholdielocks|Protect|p1a: Gholdielocks
|-singleturn|p1a: Gholdielocks|Protect
|move|p2a: Kommo-o|Aura Sphere|p1b: unpopular opinion
|-damage|p1b: unpopular opinion|38/100
|-damage|p2a: Kommo-o|80/100|[from] item: Life Orb
|move|p2b: Kingambit|Kowtow Cleave|p1a: Gholdielocks
|-activate|p1a: Gholdielocks|move: Protect
|
|-weather|Sandstorm|[upkeep]
|-damage|p1b: unpopular opinion|32/100|[from] Sandstorm
|upkeep
|turn|3
|
|t:|1785255246
|detailschange|p1b: unpopular opinion|Staraptor-Mega, L50, F
|-mega|p1b: unpopular opinion|Staraptor|Staraptite
|move|p2b: Kingambit|Sucker Punch||[still]
|-fail|p2b: Kingambit
|move|p1b: unpopular opinion|Close Combat|p2b: Kingambit
|-supereffective|p2b: Kingambit|2
|-damage|p2b: Kingambit|0 fnt
|-boost|p1b: unpopular opinion|def|1
|-boost|p1b: unpopular opinion|spd|1
|faint|p2b: Kingambit
|move|p2a: Kommo-o|Clanging Scales|p1b: unpopular opinion|[spread] p1a,p1b
|-resisted|p1a: Gholdielocks|1
|-damage|p1a: Gholdielocks|77/100
|-damage|p1b: unpopular opinion|0 fnt
|faint|p1b: unpopular opinion
|-unboost|p2a: Kommo-o|def|1
|-damage|p2a: Kommo-o|70/100|[from] item: Life Orb
|move|p1a: Gholdielocks|Nasty Plot|p1a: Gholdielocks
|-boost|p1a: Gholdielocks|spa|2
|
|-weather|Sandstorm|[upkeep]
|upkeep
|
|t:|1785255269
|switch|p1b: LegallyNotGodzilla|Tyranitar, L50, M|100/100
|switch|p2b: Maushold|Maushold, L50, shiny|100/100
|turn|4
|
|t:|1785255284
|move|p2b: Maushold|Protect|p2b: Maushold
|-singleturn|p2b: Maushold|Protect
|move|p2a: Kommo-o|Protect|p2a: Kommo-o
|-singleturn|p2a: Kommo-o|Protect
|move|p1b: LegallyNotGodzilla|Protect|p1b: LegallyNotGodzilla
|-singleturn|p1b: LegallyNotGodzilla|Protect
|move|p1a: Gholdielocks|Make It Rain|p2b: Maushold|[spread] 
|-activate|p2a: Kommo-o|move: Protect
|-activate|p2b: Maushold|move: Protect
|
|-weather|Sandstorm|[upkeep]
|-damage|p2b: Maushold|93/100|[from] Sandstorm
|upkeep
|turn|5
|
|t:|1785255294
|switch|p2b: Basculegion|Basculegion, L50, M|100/100
|move|p1b: LegallyNotGodzilla|Protect|p1b: LegallyNotGodzilla
|-singleturn|p1b: LegallyNotGodzilla|Protect
|move|p2a: Kommo-o|Aura Sphere|p1b: LegallyNotGodzilla
|-activate|p1b: LegallyNotGodzilla|move: Protect
|move|p1a: Gholdielocks|Make It Rain|p2b: Basculegion|[spread] p2a,p2b
|-resisted|p2b: Basculegion|1
|-damage|p2a: Kommo-o|0 fnt
|-damage|p2b: Basculegion|46/100
|-unboost|p1a: Gholdielocks|spa|2
|faint|p2a: Kommo-o
|-damage|p1a: Gholdielocks|67/100|[from] item: Life Orb
|
|-weather|none
|upkeep
|
|t:|1785255300
|switch|p2a: Maushold|Maushold, L50, shiny|93/100
|turn|6
|
|t:|1785255309
|move|p2a: Maushold|Follow Me|p2a: Maushold
|-singleturn|p2a: Maushold|move: Follow Me
|move|p1b: LegallyNotGodzilla|Knock Off|p2a: Maushold
|-damage|p2a: Maushold|50/100g
|-enditem|p2a: Maushold|Chople Berry|[from] move: Knock Off|[of] p1b: LegallyNotGodzilla
|move|p1a: Gholdielocks|Shadow Ball|p2a: Maushold
|-immune|p2a: Maushold
|move|p2b: Basculegion|Last Respects|p1a: Gholdielocks
|-supereffective|p1a: Gholdielocks|1
|-damage|p1a: Gholdielocks|0 fnt
|faint|p1a: Gholdielocks
|
|upkeep
|turn|7
|c|☆hippopotas fritas|ooh mb should have made it rain
|c|☆5wamp|you always rock slide too
|c|☆5wamp|may as well fish for flinch
|
|t:|1785255347
|move|p2a: Maushold|Follow Me|p2a: Maushold
|-singleturn|p2a: Maushold|move: Follow Me
|move|p1b: LegallyNotGodzilla|Rock Slide|p2a: Maushold|[spread] p2a,p2b
|-damage|p2a: Maushold|20/100y
|-damage|p2b: Basculegion|23/100
|move|p2b: Basculegion|Wave Crash|p1b: LegallyNotGodzilla
|-supereffective|p1b: LegallyNotGodzilla|1
|-damage|p1b: LegallyNotGodzilla|0 fnt
|faint|p1b: LegallyNotGodzilla
|-damage|p2b: Basculegion|0 fnt|[from] Recoil
|faint|p2b: Basculegion
|
|win|5wamp
