|j|☆detoxfilms
|j|☆Wezly_ME
|html|detoxfilmsWezly_ME    
|uhtml|bestof|Game 1 of a best-of-3
|t:|1757698990
|gametype|doubles
|player|p1|detoxfilms|clerk|1201
|player|p2|Wezly_ME|palmer|1112
|gen|9
|tier|[Gen 9] VGC 2025 Reg H (Bo3)
|rated|
|rule|Species Clause: Limit one of each Pokémon
|rule|Item Clause: Limit 1 of each item
|clearpoke
|poke|p1|Primarina, L50, M|
|poke|p1|Gothitelle, L50, F|
|poke|p1|Lapras, L50, M|
|poke|p1|Dragapult, L50, F|
|poke|p1|Incineroar, L50, M|
|poke|p1|Rillaboom, L50, F|
|poke|p2|Ursaluna-Bloodmoon, L50, M|
|poke|p2|Sinistcha, L50|
|poke|p2|Smeargle, L50, F|
|poke|p2|Sneasler, L50, M|
|poke|p2|Bellibolt, L50, F|
|poke|p2|Farigiraf, L50, M|
|teampreview|4
|showteam|p1|Primarina||CovertCloak|LiquidVoice|Protect,HyperVoice,PerishSong,Encore|||M|||50|,,,,,Dark]Gothitelle||SitrusBerry|ShadowTag|Protect,FakeOut,Psychic,TrickRoom|||F|||50|,,,,,Psychic]Lapras||Leftovers|WaterAbsorb|Protect,MuddyWater,DragonCheer,PerishSong|||M|||50|,,,,,Grass]Dragapult||ChoiceBand|ClearBody|DragonDarts,TeraBlast,PhantomForce,Uturn|||F|||50|,,,,,Ghost]Incineroar||SafetyGoggles|Intimidate|FakeOut,FlareBlitz,PartingShot,Protect|||M|||50|,,,,,Bug]Rillaboom||AssaultVest|GrassySurge|FakeOut,GrassyGlide,HighHorsepower,Uturn|||F|||50|,,,,,Fire
|showteam|p2|Ursaluna-Bloodmoon||AssaultVest|MindsEye|BloodMoon,HyperVoice,EarthPower,Moonblast|||M|||50|,,,,,Fairy]Sinistcha||Leftovers|Hospitality|Protect,LifeDew,ShadowBall,MatchaGotcha||||||50|,,,,,Water]Smeargle||FocusSash|Moody|FakeOut,FollowMe,Decorate,Spore|||F|||50|,,,,,Ghost]Sneasler||NormalGem|Unburden|FakeOut,NightSlash,DireClaw,CloseCombat|||M|||50|,,,,,Flying]Bellibolt||BigRoot|Electromorphosis|ParabolicCharge,AcidSpray,Soak,Protect|||F|||50|,,,,,Grass]Farigiraf||RockyHelmet|ArmorTail|Protect,TrickRoom,HyperVoice,Psychic|||M|||50|,,,,,Fairy
|inactive|Battle timer is ON: inactive players will automatically lose when time's up. (requested by Wezly_ME)
|inactive|detoxfilms has 60 seconds left.
|inactive|Wezly_ME has 60 seconds left.
|inactive|Wezly_ME has 30 seconds left.
|
|t:|1757699058
|teamsize|p1|4
|teamsize|p2|4
|start
|switch|p1a: Primarina|Primarina, L50, M|100/100
|switch|p1b: Dragapult|Dragapult, L50, F|100/100
|switch|p2a: Sneasler|Sneasler, L50, M|100/100
|switch|p2b: Farigiraf|Farigiraf, L50, M|100/100
|turn|1
|inactive|detoxfilms has 30 seconds left.
|inactive|Wezly_ME has 30 seconds left.
|
|t:|1757699093
|-terastallize|p1a: Primarina|Dark
|move|p1b: Dragapult|U-turn|p2b: Farigiraf
|-supereffective|p2b: Farigiraf
|-damage|p2b: Farigiraf|39/100
|-damage|p1b: Dragapult|84/100|[from] item: Rocky Helmet|[of] p2b: Farigiraf
|
|t:|1757699098
|switch|p1b: Gothitelle|Gothitelle, L50, F|100/100|[from] U-turn
|move|p2a: Sneasler|Night Slash|p1b: Gothitelle
|-supereffective|p1b: Gothitelle
|-damage|p1b: Gothitelle|41/100
|-enditem|p1b: Gothitelle|Sitrus Berry|[eat]
|-heal|p1b: Gothitelle|65/100|[from] item: Sitrus Berry
|move|p1a: Primarina|Perish Song|p1a: Primarina
|-start|p1a: Primarina|perish3|[silent]
|-start|p1b: Gothitelle|perish3|[silent]
|-start|p2a: Sneasler|perish3|[silent]
|-start|p2b: Farigiraf|perish3|[silent]
|-fieldactivate|move: Perish Song
|move|p2b: Farigiraf|Psychic|p1b: Gothitelle
|-resisted|p1b: Gothitelle
|-damage|p1b: Gothitelle|54/100
|
|-start|p2a: Sneasler|perish3
|-start|p1a: Primarina|perish3
|-start|p2b: Farigiraf|perish3
|-start|p1b: Gothitelle|perish3
|upkeep
|turn|2
|
|t:|1757699119
|switch|p1a: Lapras|Lapras, L50, M|100/100
|move|p1b: Gothitelle|Protect|p1b: Gothitelle
|-singleturn|p1b: Gothitelle|Protect
|move|p2a: Sneasler|Close Combat|p1a: Lapras
|-supereffective|p1a: Lapras
|-damage|p1a: Lapras|0 fnt
|-unboost|p2a: Sneasler|def|1
|-unboost|p2a: Sneasler|spd|1
|faint|p1a: Lapras
|move|p2b: Farigiraf|Hyper Voice|p1b: Gothitelle
|-activate|p1b: Gothitelle|move: Protect
|
|-start|p2a: Sneasler|perish2
|-start|p2b: Farigiraf|perish2
|-start|p1b: Gothitelle|perish2
|upkeep
|
|t:|1757699132
|switch|p1a: Dragapult|Dragapult, L50, F|84/100
|turn|3
|
|t:|1757699143
|move|p1a: Dragapult|Dragon Darts|p2a: Sneasler
|-damage|p2a: Sneasler|22/100
|-anim|p1a: Dragapult|Dragon Darts|p2b: Farigiraf
|-damage|p2b: Farigiraf|5/100
|move|p2a: Sneasler|Night Slash|p1b: Gothitelle
|-supereffective|p1b: Gothitelle
|-damage|p1b: Gothitelle|0 fnt
|faint|p1b: Gothitelle
|move|p2b: Farigiraf|Psychic|p1a: Dragapult
|-damage|p1a: Dragapult|34/100
|
|-start|p2a: Sneasler|perish1
|-start|p2b: Farigiraf|perish1
|upkeep
|
|t:|1757699153
|switch|p1b: Primarina|Primarina, L50, M, tera:Dark|100/100
|turn|4
|inactive|Wezly_ME has 30 seconds left.
|
|t:|1757699182
|switch|p2a: Bellibolt|Bellibolt, L50, F|100/100
|move|p1a: Dragapult|Dragon Darts|p2a: Bellibolt
|-damage|p2a: Bellibolt|69/100
|-start|p2a: Bellibolt|Charge|Dragon Darts|[from] ability: Electromorphosis
|-anim|p1a: Dragapult|Dragon Darts|p2b: Farigiraf
|-damage|p2b: Farigiraf|0 fnt
|faint|p2b: Farigiraf
|move|p1b: Primarina|Hyper Voice|p2a: Bellibolt
|-damage|p2a: Bellibolt|36/100
|-start|p2a: Bellibolt|Charge|Hyper Voice|[from] ability: Electromorphosis
|
|upkeep
|
|t:|1757699195
|switch|p2b: Sneasler|Sneasler, L50, M|22/100
|turn|5
|
|t:|1757699201
|move|p1b: Primarina|Protect|p1b: Primarina
|-singleturn|p1b: Primarina|Protect
|move|p2b: Sneasler|Fake Out|p1a: Dragapult
|-immune|p1a: Dragapult
|move|p1a: Dragapult|Dragon Darts|p2b: Sneasler
|-damage|p2b: Sneasler|0 fnt
|-anim|p1a: Dragapult|Dragon Darts|p2a: Bellibolt
|-damage|p2a: Bellibolt|6/100
|-start|p2a: Bellibolt|Charge|Dragon Darts|[from] ability: Electromorphosis
|faint|p2b: Sneasler
|move|p2a: Bellibolt|Parabolic Charge|p1b: Primarina|[spread] p1a
|-activate|p1b: Primarina|move: Protect
|-resisted|p1a: Dragapult
|-damage|p1a: Dragapult|7/100
|-heal|p2a: Bellibolt|21/100|[from] drain|[of] p1a: Dragapult
|-end|p2a: Bellibolt|Charge|[silent]
|
|upkeep
|
|t:|1757699216
|switch|p2b: Sinistcha|Sinistcha, L50|100/100
|-heal|p2a: Bellibolt|46/100|[from] ability: Hospitality|[of] p2b: Sinistcha
|turn|6
|
|t:|1757699240
|move|p1a: Dragapult|Dragon Darts|p2a: Bellibolt
|-damage|p2a: Bellibolt|17/100
|-start|p2a: Bellibolt|Charge|Dragon Darts|[from] ability: Electromorphosis
|-anim|p1a: Dragapult|Dragon Darts|p2b: Sinistcha
|-damage|p2b: Sinistcha|60/100
|move|p2b: Sinistcha|Matcha Gotcha|p1b: Primarina|[spread] p1b
|-miss|p2b: Sinistcha|p1a: Dragapult
|-damage|p1b: Primarina|83/100
|-heal|p2b: Sinistcha|71/100|[from] drain|[of] p1b: Primarina
|move|p1b: Primarina|Hyper Voice|p2b: Sinistcha|[spread] p2a,p2b
|-resisted|p2b: Sinistcha
|-damage|p2a: Bellibolt|0 fnt
|-damage|p2b: Sinistcha|57/100
|faint|p2a: Bellibolt
|
|-heal|p2b: Sinistcha|63/100|[from] item: Leftovers
|upkeep
|turn|7
|
|t:|1757699261
|move|p1a: Dragapult|Dragon Darts|p2b: Sinistcha
|-damage|p2b: Sinistcha|24/100
|-anim|p1a: Dragapult|Dragon Darts|p2b: Sinistcha
|-damage|p2b: Sinistcha|0 fnt
|faint|p2b: Sinistcha
|
|win|detoxfilms
||detoxfilms is ready for game 2.
|l|☆Wezly_ME
|player|p2|
||Wezly_ME is ready for game 2.
|uhtml|next|Next: Game 2 of 3
