|j|☆Spruce101
|j|☆seeyouatthetip
|html|Spruce101seeyouatthetip    
|uhtml|bestof|Game 3 of a best-of-3
|t:|1756415700
|gametype|doubles
|player|p1|Spruce101|lucas|1304
|player|p2|seeyouatthetip|hiker-gen4|1311
|gen|9
|tier|[Gen 9] VGC 2025 Reg H (Bo3)
|rated|
|rule|Species Clause: Limit one of each Pokémon
|rule|Item Clause: Limit 1 of each item
|clearpoke
|poke|p1|Archaludon, L50, M|
|poke|p1|Dragonite, L50, F|
|poke|p1|Pelipper, L50, M|
|poke|p1|Ursaluna, L50, M|
|poke|p1|Sinistcha, L50|
|poke|p1|Gholdengo, L50|
|poke|p2|Amoonguss, L50, F|
|poke|p2|Incineroar, L50, F|
|poke|p2|Gholdengo, L50|
|poke|p2|Annihilape, L50, M|
|poke|p2|Kingambit, L50, M|
|poke|p2|Dragonite, L50, M|
|teampreview|4
|showteam|p1|Archaludon||AssaultVest|Stamina|FlashCannon,BodyPress,ElectroShot,Snarl|||M|||50|,,,,,Fighting]Dragonite||LoadedDice|Multiscale|ScaleShot,Tailwind,Haze,Protect|||F|||50|,,,,,Fairy]Pelipper||FocusSash|Drizzle|MuddyWater,Hurricane,Tailwind,Protect|||M|||50|,,,,,Ghost]Ursaluna||FlameOrb|Guts|Facade,HeadlongRush,Earthquake,Protect|||M|||50|,,,,,Ghost]Sinistcha||SitrusBerry|Hospitality|MatchaGotcha,LifeDew,RagePowder,TrickRoom||||||50|,,,,,Dark]Gholdengo||ChoiceScarf|GoodasGold|MakeItRain,ShadowBall,Trick,Protect||||||50|,,,,,Flying
|showteam|p2|Amoonguss||SitrusBerry|Regenerator|Spore,RagePowder,SludgeBomb,Protect|||F|||50|,,,,,Fire]Incineroar||SafetyGoggles|Intimidate|FlareBlitz,FakeOut,PartingShot,KnockOff|||F|||50|,,,,,Ghost]Gholdengo||LifeOrb|GoodasGold|MakeItRain,ShadowBall,NastyPlot,Protect||||||50|,,,,,Steel]Annihilape||FocusSash|Defiant|CloseCombat,RageFist,Coaching,FinalGambit|||M|||50|,,,,,Grass]Kingambit||AssaultVest|Defiant|KowtowCleave,SuckerPunch,IronHead,LowKick|||M|||50|,,,,,Dark]Dragonite||LoadedDice|Multiscale|ScaleShot,ExtremeSpeed,Haze,Protect|||M|||50|,,,,,Fairy
|inactive|Battle timer is ON: inactive players will automatically lose when time's up. (requested by seeyouatthetip)
|inactive|seeyouatthetip has 60 seconds left.
|inactive|seeyouatthetip has 30 seconds left.
|
|t:|1756415770
|teamsize|p1|4
|teamsize|p2|4
|start
|switch|p1a: Ursaluna|Ursaluna, L50, M|100/100
|switch|p1b: Gholdengo|Gholdengo, L50|100/100
|switch|p2a: Incineroar|Incineroar, L50, F|100/100
|switch|p2b: Dragonite|Dragonite, L50, M|100/100
|-ability|p2a: Incineroar|Intimidate|boost
|-unboost|p1a: Ursaluna|atk|1
|-unboost|p1b: Gholdengo|atk|1
|turn|1
|inactive|seeyouatthetip has 30 seconds left.
|
|t:|1756415798
|switch|p1b: Archaludon|Archaludon, L50, M|100/100
|move|p1a: Ursaluna|Protect|p1a: Ursaluna
|-singleturn|p1a: Ursaluna|Protect
|move|p2b: Dragonite|Scale Shot|p1b: Archaludon
|-damage|p1b: Archaludon|91/100
|-ability|p1b: Archaludon|Stamina|boost
|-boost|p1b: Archaludon|def|1
|-damage|p1b: Archaludon|84/100
|-ability|p1b: Archaludon|Stamina|boost
|-boost|p1b: Archaludon|def|1
|-damage|p1b: Archaludon|79/100
|-ability|p1b: Archaludon|Stamina|boost
|-boost|p1b: Archaludon|def|1
|-damage|p1b: Archaludon|75/100
|-ability|p1b: Archaludon|Stamina|boost
|-boost|p1b: Archaludon|def|1
|-damage|p1b: Archaludon|71/100
|-ability|p1b: Archaludon|Stamina|boost
|-boost|p1b: Archaludon|def|1
|-hitcount|p1b: Archaludon|5
|-unboost|p2b: Dragonite|def|1
|-boost|p2b: Dragonite|spe|1
|move|p2a: Incineroar|Knock Off|p1a: Ursaluna
|-activate|p1a: Ursaluna|move: Protect
|
|-status|p1a: Ursaluna|brn|[from] item: Flame Orb
|upkeep
|turn|2
|inactive|Spruce101 has 30 seconds left.
|inactive|seeyouatthetip has 30 seconds left.
|inactive|Spruce101 has 20 seconds left.
|inactive|seeyouatthetip has 20 seconds left.
|
|t:|1756415837
|move|p2b: Dragonite|Haze|p2b: Dragonite
|-clearallboost
|move|p2a: Incineroar|Knock Off|p1a: Ursaluna
|-damage|p1a: Ursaluna|62/100 brn
|-enditem|p1a: Ursaluna|Flame Orb|[from] move: Knock Off|[of] p2a: Incineroar
|move|p1b: Archaludon|Flash Cannon|p2b: Dragonite
|-damage|p2b: Dragonite|84/100
|move|p1a: Ursaluna|Headlong Rush|p2a: Incineroar
|-supereffective|p2a: Incineroar
|-damage|p2a: Incineroar|0 fnt
|-unboost|p1a: Ursaluna|def|1
|-unboost|p1a: Ursaluna|spd|1
|faint|p2a: Incineroar
|
|-damage|p1a: Ursaluna|56/100 brn|[from] brn
|upkeep
|
|t:|1756415858
|switch|p2a: Gholdengo|Gholdengo, L50|100/100
|turn|3
|
|t:|1756415873
|switch|p1a: Sinistcha|Sinistcha, L50|100/100
|-heal|p1b: Archaludon|96/100|[from] ability: Hospitality|[of] p1a: Sinistcha
|-terastallize|p2a: Gholdengo|Steel
|move|p2a: Gholdengo|Make It Rain|p1b: Archaludon|[spread] p1a,p1b
|-resisted|p1b: Archaludon
|-damage|p1a: Sinistcha|30/100
|-damage|p1b: Archaludon|69/100
|-unboost|p2a: Gholdengo|spa|1
|-ability|p1b: Archaludon|Stamina|boost
|-boost|p1b: Archaludon|def|1
|-enditem|p1a: Sinistcha|Sitrus Berry|[eat]
|-heal|p1a: Sinistcha|55/100|[from] item: Sitrus Berry
|-damage|p2a: Gholdengo|91/100|[from] item: Life Orb
|move|p2b: Dragonite|Scale Shot|p1b: Archaludon
|-damage|p1b: Archaludon|62/100
|-ability|p1b: Archaludon|Stamina|boost
|-boost|p1b: Archaludon|def|1
|-damage|p1b: Archaludon|57/100
|-ability|p1b: Archaludon|Stamina|boost
|-boost|p1b: Archaludon|def|1
|-damage|p1b: Archaludon|53/100
|-ability|p1b: Archaludon|Stamina|boost
|-boost|p1b: Archaludon|def|1
|-damage|p1b: Archaludon|49/100
|-ability|p1b: Archaludon|Stamina|boost
|-boost|p1b: Archaludon|def|1
|-damage|p1b: Archaludon|46/100
|-ability|p1b: Archaludon|Stamina|boost
|-boost|p1b: Archaludon|def|1
|-hitcount|p1b: Archaludon|5
|-unboost|p2b: Dragonite|def|1
|-boost|p2b: Dragonite|spe|1
|move|p1b: Archaludon|Snarl|p2b: Dragonite|[spread] p2a,p2b
|-damage|p2a: Gholdengo|76/100
|-damage|p2b: Dragonite|71/100
|-unboost|p2a: Gholdengo|spa|1
|-unboost|p2b: Dragonite|spa|1
|
|upkeep
|turn|4
|inactive|Spruce101 has 30 seconds left.
|inactive|seeyouatthetip has 30 seconds left.
|inactive|Spruce101 has 20 seconds left.
|inactive|Spruce101 has 15 seconds left.
|
|t:|1756415913
|switch|p1a: Gholdengo|Gholdengo, L50|100/100
|move|p2b: Dragonite|Haze|p2b: Dragonite
|-clearallboost
|move|p2a: Gholdengo|Make It Rain|p1a: Gholdengo|[spread] p1a,p1b
|-resisted|p1a: Gholdengo
|-resisted|p1b: Archaludon
|-damage|p1a: Gholdengo|49/100
|-damage|p1b: Archaludon|15/100
|-unboost|p2a: Gholdengo|spa|1
|-ability|p1b: Archaludon|Stamina|boost
|-boost|p1b: Archaludon|def|1
|-damage|p2a: Gholdengo|66/100|[from] item: Life Orb
|move|p1b: Archaludon|Body Press|p2b: Dragonite
|-resisted|p2b: Dragonite
|-damage|p2b: Dragonite|46/100
|
|upkeep
|turn|5
|inactive|seeyouatthetip has 30 seconds left.
|
|t:|1756415941
|switch|p1b: Sinistcha|Sinistcha, L50|55/100
|-heal|p1a: Gholdengo|74/100|[from] ability: Hospitality|[of] p1b: Sinistcha
|move|p2b: Dragonite|Protect|p2b: Dragonite
|-singleturn|p2b: Dragonite|Protect
|move|p1a: Gholdengo|Make It Rain|p2a: Gholdengo|[spread] p2a
|-activate|p2b: Dragonite|move: Protect
|-resisted|p2a: Gholdengo
|-damage|p2a: Gholdengo|35/100
|-unboost|p1a: Gholdengo|spa|1
|move|p2a: Gholdengo|Make It Rain|p1a: Gholdengo|[spread] p1a,p1b
|-resisted|p1a: Gholdengo
|-damage|p1a: Gholdengo|40/100
|-damage|p1b: Sinistcha|8/100
|-unboost|p2a: Gholdengo|spa|1
|-damage|p2a: Gholdengo|25/100|[from] item: Life Orb
|
|upkeep
|turn|6
|j| Marvcolor
|l| Marvcolor
|inactive|seeyouatthetip has 30 seconds left.
|inactive|Spruce101 has 30 seconds left.
|
|t:|1756415979
|switch|p2b: Kingambit|Kingambit, L50, M, shiny|100/100
|switch|p1b: Archaludon|Archaludon, L50, M|15/100
|move|p1a: Gholdengo|Make It Rain|p2a: Gholdengo|[spread] p2a,p2b
|-resisted|p2a: Gholdengo
|-resisted|p2b: Kingambit
|-damage|p2a: Gholdengo|3/100
|-damage|p2b: Kingambit|89/100
|-unboost|p1a: Gholdengo|spa|1
|move|p2a: Gholdengo|Make It Rain|p1a: Gholdengo|[spread] p1a,p1b
|-resisted|p1a: Gholdengo
|-resisted|p1b: Archaludon
|-damage|p1a: Gholdengo|14/100
|-damage|p1b: Archaludon|2/100
|-unboost|p2a: Gholdengo|spa|1
|-ability|p1b: Archaludon|Stamina|boost
|-boost|p1b: Archaludon|def|1
|-damage|p2a: Gholdengo|0 fnt|[from] item: Life Orb
|faint|p2a: Gholdengo
|
|upkeep
|
|t:|1756415997
|switch|p2a: Dragonite|Dragonite, L50, M|46/100
|turn|7
|inactive|Spruce101 has 30 seconds left.
|inactive|seeyouatthetip has 30 seconds left.
|inactive|Spruce101 has 20 seconds left.
|
|t:|1756416035
|switch|p1a: Sinistcha|Sinistcha, L50|8/100
|-heal|p1b: Archaludon|27/100|[from] ability: Hospitality|[of] p1a: Sinistcha
|move|p2b: Kingambit|Sucker Punch|p1b: Archaludon
|-damage|p1b: Archaludon|10/100
|-ability|p1b: Archaludon|Stamina|boost
|-boost|p1b: Archaludon|def|1
|move|p2a: Dragonite|Scale Shot|p1b: Archaludon
|-damage|p1b: Archaludon|5/100
|-ability|p1b: Archaludon|Stamina|boost
|-boost|p1b: Archaludon|def|1
|-damage|p1b: Archaludon|0 fnt
|faint|p1b: Archaludon
|-hitcount|p1: Archaludon|2
|-unboost|p2a: Dragonite|def|1
|-boost|p2a: Dragonite|spe|1
|
|upkeep
|
|t:|1756416042
|switch|p1b: Gholdengo|Gholdengo, L50|14/100
|turn|8
|inactive|seeyouatthetip has 30 seconds left.
|
|t:|1756416068
|move|p2a: Dragonite|Protect|p2a: Dragonite
|-singleturn|p2a: Dragonite|Protect
|move|p1a: Sinistcha|Rage Powder|p1a: Sinistcha
|-singleturn|p1a: Sinistcha|move: Rage Powder
|move|p1b: Gholdengo|Trick|p2b: Kingambit
|-activate|p1b: Gholdengo|move: Trick|[of] p2b: Kingambit
|-item|p2b: Kingambit|Choice Scarf|[from] move: Trick
|-item|p1b: Gholdengo|Assault Vest|[from] move: Trick
|move|p2b: Kingambit|Kowtow Cleave|p1a: Sinistcha
|-supereffective|p1a: Sinistcha
|-damage|p1a: Sinistcha|0 fnt
|faint|p1a: Sinistcha
|
|upkeep
|
|t:|1756416074
|switch|p1a: Ursaluna|Ursaluna, L50, M|56/100 brn
|turn|9
|
|t:|1756416091
|move|p2a: Dragonite|Scale Shot|p1a: Ursaluna
|-damage|p1a: Ursaluna|43/100 brn
|-crit|p1a: Ursaluna
|-damage|p1a: Ursaluna|25/100 brn
|-crit|p1a: Ursaluna
|-damage|p1a: Ursaluna|7/100 brn
|-damage|p1a: Ursaluna|0 fnt
|faint|p1a: Ursaluna
|-hitcount|p1: Ursaluna|4
|-unboost|p2a: Dragonite|def|1
|-boost|p2a: Dragonite|spe|1
|move|p1b: Gholdengo|Make It Rain|p2a: Dragonite|[spread] p2a,p2b
|-resisted|p2b: Kingambit
|-damage|p2a: Dragonite|0 fnt
|-damage|p2b: Kingambit|62/100
|-unboost|p1b: Gholdengo|spa|1
|faint|p2a: Dragonite
|move|p2b: Kingambit|Kowtow Cleave|p1b: Gholdengo
|-supereffective|p1b: Gholdengo
|-damage|p1b: Gholdengo|0 fnt
|faint|p1b: Gholdengo
|
|win|seeyouatthetip
|raw|Spruce101's rating: 1304 → 1284(-20 for losing)
|raw|seeyouatthetip's rating: 1311 → 1331(+20 for winning)
|c|☆seeyouatthetip|gg
|c|☆seeyouatthetip|that was fun
|l|☆Spruce101
|player|p1|
