|j|ŌśåEmekaD
|j|Ōśåpachi_deidad
|html|EmekaDpachi_deidad    
|uhtml|bestof|Game 1 of a best-of-3
|t:|1782430682
|gametype|doubles
|player|p1|EmekaD|alain|
|player|p2|pachi_deidad|102|
|gen|9
|tier|[Gen 9 Champions] VGC 2026 Reg M-B (Bo3)
|rule|Species Clause: Limit one of each Pok├®mon
|rule|Item Clause: Limit 1 of each item
|clearpoke
|poke|p1|Lycanroc-Dusk, L50, F|
|poke|p1|Sneasler, L50, F|
|poke|p1|Scovillain, L50, M|
|poke|p1|Basculegion, L50, M|
|poke|p1|Froslass, L50, F|
|poke|p1|Kingambit, L50, M|
|poke|p2|Drampa, L50, M, shiny|
|poke|p2|Klefki, L50, M, shiny|
|poke|p2|Torkoal, L50, M, shiny|
|poke|p2|Mawile, L50, M, shiny|
|poke|p2|Oranguru, L50, M, shiny|
|poke|p2|Sinistcha-Masterpiece, L50, shiny|
|teampreview|4
|showteam|p1|Lycanroc-Dusk||FocusSash|ToughClaws|RockSlide,CloseCombat,Accelerock,Protect|Adamant||F|||50|]Sneasler||WhiteHerb|Unburden|CloseCombat,GunkShot,FakeOut,Protect|Jolly||F|||50|]Scovillain||Scovillainite|Moody|Overheat,GigaDrain,RagePowder,Protect|Bold||M|||50|]Basculegion||SitrusBerry|Adaptability|WaveCrash,LastRespects,AquaJet,Protect|Adamant||M|||50|]Froslass||Froslassite|SnowCloak|Blizzard,ShadowBall,AuroraVeil,Protect|Modest||F|||50|]Kingambit||BlackGlasses|Defiant|KowtowCleave,SuckerPunch,SwordsDance,Protect|Adamant||M|||50|
|showteam|p2|Drampa||Drampanite|Berserk|Flamethrower,DracoMeteor,Protect,Thunderbolt|Quiet||M|||50|]Klefki||LightClay|Prankster|Reflect,LightScreen,TrickRoom,FoulPlay|Bold||M|||50|]Torkoal||HeatRock|Drought|Eruption,HeatWave,Protect,EarthPower|Quiet||M|||50|]Mawile||Mawilite|HyperCutter|PlayRough,SuckerPunch,Protect,SwordsDance|Brave||M|||50|]Oranguru||MentalHerb|InnerFocus|TrickRoom,Protect,FoulPlay,Instruct|Impish||M|||50|]Sinistcha-Masterpiece||SitrusBerry|Hospitality|LifeDew,RagePowder,TrickRoom,ShadowBall|Bold|||||50|
|c|ŌśåEmekaD|gl
|c|ŌśåEmekaD|aca ya esta todo open
|c|Ōśåpachi_deidad|doka oka
|c|Ōśåpachi_deidad|gl
|
|t:|1782430732
|teamsize|p1|4
|teamsize|p2|4
|start
|switch|p1a: Froslass|Froslass, L50, F|100/100
|switch|p1b: Kingambit|Kingambit, L50, M|100/100
|switch|p2a: Oranguru|Oranguru, L50, M, shiny|100/100
|switch|p2b: Klefki|Klefki, L50, M, shiny|100/100
|turn|1
|
|t:|1782430749
|detailschange|p1a: Froslass|Froslass-Mega, L50, F
|-mega|p1a: Froslass|Froslass|Froslassite
|-weather|Snowscape|[from] ability: Snow Warning|[of] p1a: Froslass
|move|p2b: Klefki|Reflect|p2b: Klefki
|-sidestart|p2: pachi_deidad|Reflect
|move|p1a: Froslass|Aurora Veil|p1a: Froslass
|-sidestart|p1: EmekaD|move: Aurora Veil
|move|p1b: Kingambit|Swords Dance|p1b: Kingambit
|-boost|p1b: Kingambit|atk|2
|move|p2a: Oranguru|Trick Room|p2a: Oranguru
|-fieldstart|move: Trick Room|[of] p2a: Oranguru
|
|-weather|Snowscape|[upkeep]
|upkeep
|turn|2
|
|t:|1782430767
|switch|p1a: Lycanroc|Lycanroc-Dusk, L50, F|100/100
|move|p1b: Kingambit|Kowtow Cleave|p2a: Oranguru
|-supereffective|p2a: Oranguru|1
|-damage|p2a: Oranguru|0 fnt
|faint|p2a: Oranguru
|move|p2b: Klefki|Foul Play|p1b: Kingambit
|-resisted|p1b: Kingambit|1
|-damage|p1b: Kingambit|83/100
|
|-weather|Snowscape|[upkeep]
|upkeep
|
|t:|1782430776
|switch|p2a: Torkoal|Torkoal, L50, M, shiny|100/100
|-weather|SunnyDay|[from] ability: Drought|[of] p2a: Torkoal
|turn|3
|
|t:|1782430791
|move|p1b: Kingambit|Sucker Punch|p2a: Torkoal
|-crit|p2a: Torkoal
|-damage|p2a: Torkoal|0 fnt
|faint|p2a: Torkoal
|move|p1a: Lycanroc|Accelerock|p2b: Klefki
|-resisted|p2b: Klefki|1
|-damage|p2b: Klefki|90/100
|move|p2b: Klefki|Foul Play|p1b: Kingambit
|-resisted|p1b: Kingambit|1
|-damage|p1b: Kingambit|65/100
|
|-weather|SunnyDay|[upkeep]
|upkeep
|c|Ōśåpachi_deidad|ala
|c|ŌśåEmekaD|f, igual moria
|c|ŌśåEmekaD|por el focus
|
|t:|1782430799
|switch|p2a: Mawile|Mawile, L50, M, shiny|100/100
|turn|4
|c|ŌśåEmekaD|con kinga es mejor MU
|
|t:|1782430821
|detailschange|p2a: Mawile|Mawile-Mega, L50, M, shiny
|-mega|p2a: Mawile|Mawile|Mawilite
|move|p1b: Kingambit|Protect|p1b: Kingambit
|-singleturn|p1b: Kingambit|Protect
|move|p1a: Lycanroc|Protect|p1a: Lycanroc
|-singleturn|p1a: Lycanroc|Protect
|move|p2a: Mawile|Play Rough|p1b: Kingambit
|-activate|p1b: Kingambit|move: Protect
|move|p2b: Klefki|Foul Play|p1b: Kingambit
|-activate|p1b: Kingambit|move: Protect
|
|-weather|SunnyDay|[upkeep]
|upkeep
|turn|5
|
|t:|1782430846
|switch|p1a: Froslass|Froslass-Mega, L50, F|100/100
|-weather|Snowscape|[from] ability: Snow Warning|[of] p1a: Froslass
|move|p2a: Mawile|Play Rough|p1b: Kingambit
|-damage|p1b: Kingambit|23/100
|move|p1b: Kingambit|Kowtow Cleave|p2a: Mawile
|-resisted|p2a: Mawile|1
|-crit|p2a: Mawile
|-damage|p2a: Mawile|15/100
|move|p2b: Klefki|Foul Play|p1b: Kingambit
|-resisted|p1b: Kingambit|1
|-damage|p1b: Kingambit|4/100
|
|-weather|Snowscape|[upkeep]
|-sideend|p1: EmekaD|move: Aurora Veil
|-fieldend|move: Trick Room
|upkeep
|turn|6
|c|ŌśåEmekaD|ese critico clave
|c|ŌśåEmekaD|sorry
|
|t:|1782430865
|move|p2a: Mawile|Protect|p2a: Mawile
|-singleturn|p2a: Mawile|Protect
|move|p1a: Froslass|Aurora Veil|p1a: Froslass
|-sidestart|p1: EmekaD|move: Aurora Veil
|move|p2b: Klefki|Foul Play|p1b: Kingambit
|-resisted|p1b: Kingambit|1
|-crit|p1b: Kingambit
|-damage|p1b: Kingambit|0 fnt
|faint|p1b: Kingambit
|
|-weather|Snowscape|[upkeep]
|upkeep
|c|Ōśåpachi_deidad|nah asi es la cosa
|
|t:|1782430879
|switch|p1b: Sneasler|Sneasler, L50, F|100/100
|turn|7
|
|t:|1782430891
|move|p2a: Mawile|Protect||[still]
|-fail|p2a: Mawile
|move|p1b: Sneasler|Fake Out|p2b: Klefki
|-resisted|p2b: Klefki|1
|-damage|p2b: Klefki|86/100
|cant|p2b: Klefki|flinch
|move|p1a: Froslass|Shadow Ball|p2a: Mawile
|-damage|p2a: Mawile|0 fnt
|faint|p2a: Mawile
|
|-weather|Snowscape|[upkeep]
|upkeep
|turn|8
|c|Ōśåpachi_deidad|trollie
|c|ŌśåEmekaD|na
|c|ŌśåEmekaD|siempre ganaba miplay
|c|ŌśåEmekaD|cuando perdiste el torkoa
|c|ŌśåEmekaD|ganaba ya
|c|Ōśåpachi_deidad|digo con el ultimo protec
|
|t:|1782430920
|move|p1b: Sneasler|Close Combat|p2b: Klefki
|-damage|p2b: Klefki|48/100
|-unboost|p1b: Sneasler|def|1
|-unboost|p1b: Sneasler|spd|1
|-enditem|p1b: Sneasler|White Herb
|-clearnegativeboost|p1b: Sneasler|[silent]
|move|p1a: Froslass|Shadow Ball|p2b: Klefki
|-damage|p2b: Klefki|9/100
|move|p2b: Klefki|Foul Play|p1a: Froslass
|-supereffective|p1a: Froslass|1
|-damage|p1a: Froslass|79/100
|
|-weather|Snowscape|[upkeep]
|-sideend|p2: pachi_deidad|Reflect
|upkeep
|turn|9
|c|ŌśåEmekaD|ahi si
|c|ŌśåEmekaD|porque lo lei
|c|Ōśåpachi_deidad|queria tirar golpe bajo aun asi no hacia nada
|
|t:|1782430940
|move|p1b: Sneasler|Close Combat|p2b: Klefki
|-damage|p2b: Klefki|0 fnt
|-unboost|p1b: Sneasler|def|1
|-unboost|p1b: Sneasler|spd|1
|faint|p2b: Klefki
|
|win|EmekaD
||EmekaD is ready for game 2.
||pachi_deidad is ready for game 2.
|uhtml|next|Next: Game 2 of 3
|l|Ōśåpachi_deidad
|player|p2|
