|j|☆jompinhans
|j|☆Jiaco5
|html|jompinhansJiaco5    
|uhtml|bestof|Game 1 of a best-of-3
|t:|1784256753
|gametype|doubles
|player|p1|jompinhans|169|
|player|p2|Jiaco5|1|
|gen|9
|tier|[Gen 9 Champions] VGC 2026 Reg M-B (Bo3)
|rule|Species Clause: Limit one of each Pokémon
|rule|Item Clause: Limit 1 of each item
|clearpoke
|poke|p1|Grimmsnarl, L50, M|
|poke|p1|Basculegion, L50, M|
|poke|p1|Charizard, L50, F|
|poke|p1|Pelipper, L50, M|
|poke|p1|Venusaur, L50, M|
|poke|p1|Archaludon, L50, M|
|poke|p2|Blastoise, L50, M|
|poke|p2|Sinistcha, L50|
|poke|p2|Delphox, L50, F|
|poke|p2|Sneasler, L50, F|
|poke|p2|Incineroar, L50, M|
|poke|p2|Kingambit, L50, M|
|teampreview|4
|showteam|p1|Grimmsnarl||LightClay|Prankster|SpiritBreak,PartingShot,Reflect,LightScreen|Sassy||M|||50|]Basculegion||ChoiceScarf|Adaptability|LastRespects,WaveCrash,AquaJet,FlipTurn|Jolly||M|||50|]Charizard||CharizarditeY|Blaze|Protect,HeatWave,WeatherBall,SolarBeam|Modest||F|||50|]Pelipper||SitrusBerry|Drizzle|Hurricane,WeatherBall,Tailwind,WideGuard|Modest||M|||50|]Venusaur||FocusSash|Chlorophyll|SludgeBomb,SleepPowder,EarthPower,Protect|Modest||M|||50|]Archaludon||Leftovers|Stamina|ElectroShot,DragonPulse,FlashCannon,Protect|Calm||M|||50|
|showteam|p2|Blastoise||Blastoisinite|RainDish|WaterSpout,DarkPulse,ShellSmash,Protect|Modest||M|||50|]Sinistcha||OccaBerry|Hospitality|MatchaGotcha,TrickRoom,RagePowder,Protect|Relaxed|||||50|]Delphox||Delphoxite|Blaze|HeatWave,Psychic,NastyPlot,Protect|Timid||F|||50|]Sneasler||FocusSash|PoisonTouch|CloseCombat,PoisonJab,FakeOut,QuickGuard|Jolly||F|||50|]Incineroar||SitrusBerry|Intimidate|FlareBlitz,FakeOut,ThroatChop,PartingShot|Impish||M|||50|]Kingambit||LifeOrb|Defiant|KowtowCleave,SuckerPunch,SwordsDance,Protect|Adamant||M|||50|
|inactive|Battle timer is ON: inactive players will automatically lose when time's up. (requested by Jiaco5)
|
|t:|1784256767
|teamsize|p1|4
|teamsize|p2|4
|start
|switch|p1a: Charizard|Charizard, L50, F|100/100
|switch|p1b: Venusaur|Venusaur, L50, M|100/100
|switch|p2a: Sinistcha|Sinistcha, L50|100/100
|switch|p2b: Incineroar|Incineroar, L50, M|100/100
|-ability|p2b: Incineroar|Intimidate|boost
|-unboost|p1a: Charizard|atk|1
|-unboost|p1b: Venusaur|atk|1
|turn|1
|inactive|jompinhans has 30 seconds left.
|inactive|jompinhans has 20 seconds left.
|inactive|jompinhans has 15 seconds left.
|inactive|jompinhans has 10 seconds left.
|inactive|jompinhans has 5 seconds left.
|
|t:|1784256820
|switch|p1a: Pelipper|Pelipper, L50, M|100/100
|-weather|RainDance|[from] ability: Drizzle|[of] p1a: Pelipper
|move|p1b: Venusaur|Protect|p1b: Venusaur
|-singleturn|p1b: Venusaur|Protect
|move|p2b: Incineroar|Fake Out|p1b: Venusaur
|-activate|p1b: Venusaur|move: Protect
|move|p2a: Sinistcha|Trick Room|p2a: Sinistcha
|-fieldstart|move: Trick Room|[of] p2a: Sinistcha
|
|-weather|RainDance|[upkeep]
|upkeep
|turn|2
|inactive|Jiaco5 has 30 seconds left.
|inactive|Jiaco5 has 20 seconds left.
|inactive|Jiaco5 has 15 seconds left.
|inactive|Jiaco5 has 10 seconds left.
|inactive|Jiaco5 has 5 seconds left.
|
|t:|1784256871
|move|p2a: Sinistcha|Matcha Gotcha|p1b: Venusaur|[spread] p1a,p1b
|-crit|p1a: Pelipper
|-resisted|p1b: Venusaur|2
|-damage|p1a: Pelipper|42/100
|-damage|p1b: Venusaur|92/100
|-status|p1a: Pelipper|brn
|-status|p1b: Venusaur|brn
|-enditem|p1a: Pelipper|Sitrus Berry|[eat]
|-heal|p1a: Pelipper|66/100 brn|[from] item: Sitrus Berry
|move|p2b: Incineroar|Parting Shot|p1a: Pelipper
|-unboost|p1a: Pelipper|atk|1
|-unboost|p1a: Pelipper|spa|1
|
|t:|1784256886
|switch|p2b: Blastoise|Blastoise, L50, M|100/100|[from] Parting Shot
|move|p1a: Pelipper|Hurricane|p2a: Sinistcha
|-supereffective|p2a: Sinistcha|1
|-damage|p2a: Sinistcha|39/100
|move|p1b: Venusaur|Sleep Powder|p2b: Blastoise|[miss]
|-miss|p1b: Venusaur|p2b: Blastoise
|
|-weather|RainDance|[upkeep]
|-damage|p1a: Pelipper|60/100 brn|[from] brn
|-damage|p1b: Venusaur|87/100 brn|[from] brn
|upkeep
|turn|3
|inactive|jompinhans has 30 seconds left.
|inactive|Jiaco5 has 30 seconds left.
|inactive|jompinhans has 20 seconds left.
|inactive|Jiaco5 has 20 seconds left.
|inactive|Jiaco5 has 15 seconds left.
|inactive|Jiaco5 has 10 seconds left.
|
|t:|1784256936
|switch|p2a: Kingambit|Kingambit, L50, M|100/100
|detailschange|p2b: Blastoise|Blastoise-Mega, L50, M
|-mega|p2b: Blastoise|Blastoise|Blastoisinite
|move|p1a: Pelipper|Hurricane|p2a: Kingambit
|-resisted|p2a: Kingambit|1
|-damage|p2a: Kingambit|84/100
|move|p2b: Blastoise|Dark Pulse|p1b: Venusaur
|-damage|p1b: Venusaur|38/100 brn
|cant|p1b: Venusaur|flinch
|
|-weather|RainDance|[upkeep]
|-damage|p1a: Pelipper|54/100 brn|[from] brn
|-damage|p1b: Venusaur|33/100 brn|[from] brn
|upkeep
|turn|4
|inactive|jompinhans has 30 seconds left.
|inactive|jompinhans has 20 seconds left.
|inactive|jompinhans has 15 seconds left.
|
|t:|1784256978
|move|p2a: Kingambit|Kowtow Cleave|p1a: Pelipper
|-damage|p1a: Pelipper|0 fnt
|faint|p1a: Pelipper
|-damage|p2a: Kingambit|74/100|[from] item: Life Orb
|move|p2b: Blastoise|Dark Pulse|p1b: Venusaur
|-damage|p1b: Venusaur|0 fnt
|faint|p1b: Venusaur
|
|-weather|RainDance|[upkeep]
|upkeep
|
|t:|1784256991
|switch|p1a: Basculegion|Basculegion, L50, M|100/100
|switch|p1b: Charizard|Charizard, L50, F|100/100
|turn|5
|
|t:|1784257009
|detailschange|p1b: Charizard|Charizard-Mega-Y, L50, F
|-mega|p1b: Charizard|Charizard|Charizardite Y
|-weather|SunnyDay|[from] ability: Drought|[of] p1b: Charizard
|move|p2a: Kingambit|Kowtow Cleave|p1a: Basculegion
|-supereffective|p1a: Basculegion|1
|-damage|p1a: Basculegion|0 fnt
|faint|p1a: Basculegion
|-damage|p2a: Kingambit|64/100|[from] item: Life Orb
|move|p2b: Blastoise|Water Spout|p1b: Charizard
|-supereffective|p1b: Charizard|1
|-damage|p1b: Charizard|21/100
|move|p1b: Charizard|Heat Wave|p2a: Kingambit|[spread] p2a,p2b
|-supereffective|p2a: Kingambit|1
|-resisted|p2b: Blastoise|1
|-damage|p2a: Kingambit|0 fnt
|-damage|p2b: Blastoise|71/100
|faint|p2a: Kingambit
|
|-weather|SunnyDay|[upkeep]
|-fieldend|move: Trick Room
|upkeep
|
|t:|1784257025
|switch|p2a: Incineroar|Incineroar, L50, M|100/100
|-ability|p2a: Incineroar|Intimidate|boost
|-unboost|p1b: Charizard|atk|1
|turn|6
|
|t:|1784257030
|move|p1b: Charizard|Protect|p1b: Charizard
|-singleturn|p1b: Charizard|Protect
|move|p2a: Incineroar|Fake Out|p1b: Charizard
|-activate|p1b: Charizard|move: Protect
|move|p2b: Blastoise|Shell Smash|p2b: Blastoise
|-unboost|p2b: Blastoise|def|1
|-unboost|p2b: Blastoise|spd|1
|-boost|p2b: Blastoise|atk|2
|-boost|p2b: Blastoise|spa|2
|-boost|p2b: Blastoise|spe|2
|
|-weather|SunnyDay|[upkeep]
|upkeep
|turn|7
|
|t:|1784257039
|move|p2b: Blastoise|Dark Pulse|p1b: Charizard
|-damage|p1b: Charizard|0 fnt
|faint|p1b: Charizard
|
|win|Jiaco5
||jompinhans is ready for game 2.
|inactive|Jiaco5 has 30 seconds to confirm battle start!
|inactive|Jiaco5 has 20 seconds to confirm battle start!
|inactive|Jiaco5 has 10 seconds to confirm battle start!
