|j|☆Polite Peony
|j|☆Bertton
|html|Polite PeonyBertton    
|uhtml|bestof|Game 2 of a best-of-3
|t:|1757101581
|gametype|doubles
|player|p1|Polite Peony|lady|1210
|player|p2|Bertton|101|1098
|gen|9
|tier|[Gen 9] VGC 2025 Reg H (Bo3)
|rated|
|rule|Species Clause: Limit one of each Pokémon
|rule|Item Clause: Limit 1 of each item
|clearpoke
|poke|p1|Gholdengo, L50|
|poke|p1|Whimsicott, L50, F|
|poke|p1|Indeedee, L50, M|
|poke|p1|Archaludon, L50, M|
|poke|p1|Ursaluna-Bloodmoon, L50, M|
|poke|p1|Sneasler, L50, F|
|poke|p2|Ursaluna, L50, M|
|poke|p2|Farigiraf, L50, M|
|poke|p2|Torkoal, L50, M|
|poke|p2|Incineroar, L50, M|
|poke|p2|Amoonguss, L50, M|
|poke|p2|Sinistcha-Masterpiece, L50|
|teampreview|4
|showteam|p1|Gholdengo||ChoiceSpecs|GoodasGold|MakeItRain,DazzlingGleam,ShadowBall,Trick||||||50|,,,,,Fairy]Whimsicott||CovertCloak|Prankster|Moonblast,FakeTears,Tailwind,Taunt|||F|||50|,,,,,Water]Indeedee||FocusSash|PsychicSurge|ExpandingForce,Imprison,TeraBlast,TrickRoom|||M|||50|,,,,,Psychic]Archaludon||PowerHerb|Stalwart|Protect,DragonPulse,ElectroShot,Thunderbolt|||M|||50|,,,,,Electric]Ursaluna-Bloodmoon||LifeOrb|MindsEye|Protect,BloodMoon,EarthPower,HyperVoice|||M|||50|,,,,,Normal]Sneasler||PsychicSeed|Unburden|Protect,CloseCombat,DireClaw,ThroatChop|||F|||50|,,,,,Dark
|showteam|p2|Ursaluna||FlameOrb|Guts|Protect,Facade,HighHorsepower,ShadowClaw|||M|||50|,,,,,Ghost]Farigiraf||CovertCloak|ArmorTail|TrickRoom,Protect,PsychicNoise,LightScreen|||M|||50|,,,,,Poison]Torkoal||Charcoal|Drought|Eruption,Protect,SolarBeam,EarthPower|||M|||50|,,,,,Fire]Incineroar||SafetyGoggles|Intimidate|FakeOut,KnockOff,Protect,PartingShot|||M|||50|,,,,,Bug]Amoonguss||SitrusBerry|Regenerator|RagePowder,PollenPuff,Protect,Spore|||M|||50|,,,,,Water]Sinistcha-Masterpiece||MentalHerb|Heatproof|TrickRoom,Scald,Protect,LifeDew||||||50|,,,,,Grass
|inactive|Battle timer is ON: inactive players will automatically lose when time's up. (requested by Bertton)
|inactive|Polite Peony has 60 seconds left.
|inactive|Polite Peony has 30 seconds left.
|
|t:|1757101654
|teamsize|p1|4
|teamsize|p2|4
|start
|switch|p1a: Indeedee|Indeedee, L50, M|100/100
|switch|p1b: Ursaluna|Ursaluna-Bloodmoon, L50, M|100/100
|switch|p2a: Farigiraf|Farigiraf, L50, M|100/100
|switch|p2b: Ursaluna|Ursaluna, L50, M|100/100
|-fieldstart|move: Psychic Terrain|[from] ability: Psychic Surge|[of] p1a: Indeedee
|turn|1
|
|t:|1757101671
|-terastallize|p1b: Ursaluna|Normal
|move|p2b: Ursaluna|Protect|p2b: Ursaluna
|-singleturn|p2b: Ursaluna|Protect
|move|p1a: Indeedee|Imprison|p1a: Indeedee
|-start|p1a: Indeedee|move: Imprison
|move|p1b: Ursaluna|Blood Moon|p2b: Ursaluna
|-activate|p2b: Ursaluna|move: Protect
|move|p2a: Farigiraf|Light Screen|p2a: Farigiraf
|-sidestart|p2: Bertton|move: Light Screen
|
|-status|p2b: Ursaluna|brn|[from] item: Flame Orb
|upkeep
|turn|2
|
|t:|1757101690
|switch|p2a: Amoonguss|Amoonguss, L50, M|100/100
|-terastallize|p2b: Ursaluna|Ghost
|move|p1a: Indeedee|Expanding Force|p2b: Ursaluna|[spread] p2a,p2b
|-supereffective|p2a: Amoonguss
|-damage|p2a: Amoonguss|55/100
|-damage|p2b: Ursaluna|71/100 brn
|move|p1b: Ursaluna|Hyper Voice|p2b: Ursaluna|[spread] p2a,p2b
|-damage|p2a: Amoonguss|24/100
|-damage|p2b: Ursaluna|26/100 brn
|-enditem|p2a: Amoonguss|Sitrus Berry|[eat]
|-heal|p2a: Amoonguss|48/100|[from] item: Sitrus Berry
|-damage|p1b: Ursaluna|91/100|[from] item: Life Orb
|move|p2b: Ursaluna|Facade|p1b: Ursaluna
|-damage|p1b: Ursaluna|0 fnt
|faint|p1b: Ursaluna
|
|-damage|p2b: Ursaluna|20/100 brn|[from] brn
|upkeep
|
|t:|1757101705
|switch|p1b: Gholdengo|Gholdengo, L50|100/100
|turn|3
|inactive|Bertton has 30 seconds left.
|
|t:|1757101732
|switch|p2b: Incineroar|Incineroar, L50, M|100/100
|-ability|p2b: Incineroar|Intimidate|boost
|-unboost|p1a: Indeedee|atk|1
|-unboost|p1b: Gholdengo|atk|1
|move|p1a: Indeedee|Expanding Force|p2b: Incineroar|[spread] p2a
|-immune|p2b: Incineroar
|-supereffective|p2a: Amoonguss
|-damage|p2a: Amoonguss|3/100
|move|p1b: Gholdengo|Trick|p1a: Indeedee
|-activate|p1b: Gholdengo|move: Trick|[of] p1a: Indeedee
|-item|p1a: Indeedee|Choice Specs|[from] move: Trick
|-item|p1b: Gholdengo|Focus Sash|[from] move: Trick
|move|p2a: Amoonguss|Spore|p1a: Indeedee
|-status|p1a: Indeedee|slp|[from] move: Spore
|
|upkeep
|turn|4
|inactive|Polite Peony has 30 seconds left.
|
|t:|1757101765
|switch|p2a: Farigiraf|Farigiraf, L50, M|100/100
|cant|p1a: Indeedee|slp
|move|p1b: Gholdengo|Dazzling Gleam|p2b: Incineroar|[spread] p2a,p2b
|-damage|p2a: Farigiraf|91/100
|-damage|p2b: Incineroar|92/100
|move|p2b: Incineroar|Knock Off|p1a: Indeedee
|-supereffective|p1a: Indeedee
|-damage|p1a: Indeedee|0 fnt
|-enditem|p1a: Indeedee|Choice Specs|[from] move: Knock Off|[of] p2b: Incineroar
|faint|p1a: Indeedee
|
|upkeep
|
|t:|1757101774
|switch|p1a: Archaludon|Archaludon, L50, M, shiny|100/100
|turn|5
|inactive|Bertton has 30 seconds left.
|
|t:|1757101807
|move|p1a: Archaludon|Electro Shot||[still]
|-prepare|p1a: Archaludon|Electro Shot
|-boost|p1a: Archaludon|spa|1
|-enditem|p1a: Archaludon|Power Herb
|-anim|p1a: Archaludon|Electro Shot|p2a: Farigiraf
|-damage|p2a: Farigiraf|59/100
|move|p1b: Gholdengo|Make It Rain|p2a: Farigiraf|[spread] p2a,p2b
|-resisted|p2b: Incineroar
|-damage|p2a: Farigiraf|39/100
|-damage|p2b: Incineroar|82/100
|-unboost|p1b: Gholdengo|spa|1
|move|p2b: Incineroar|Parting Shot|p1a: Archaludon
|-unboost|p1a: Archaludon|atk|1
|-unboost|p1a: Archaludon|spa|1
|
|t:|1757101824
|switch|p2b: Ursaluna|Ursaluna, L50, M, tera:Ghost|20/100 brn|[from] Parting Shot
|move|p2a: Farigiraf|Trick Room|p2a: Farigiraf
|-fieldstart|move: Trick Room|[of] p2a: Farigiraf
|
|-damage|p2b: Ursaluna|14/100 brn|[from] brn
|-sideend|p2: Bertton|move: Light Screen
|-fieldend|move: Psychic Terrain
|upkeep
|turn|6
|-message|Polite Peony forfeited.
|
|win|Bertton
