|j|☆ExessVGC
|j|☆alejojojoy
|html|ExessVGCalejojojoy    
|uhtml|bestof|Game 2 of a best-of-3
|t:|1756163823
|gametype|doubles
|player|p1|ExessVGC|169|1027
|player|p2|alejojojoy|striker|1004
|gen|9
|tier|[Gen 9] VGC 2025 Reg H (Bo3)
|rated|
|rule|Species Clause: Limit one of each Pokémon
|rule|Item Clause: Limit 1 of each item
|clearpoke
|poke|p1|Kingambit, L50, M|
|poke|p1|Incineroar, L50, F|
|poke|p1|Primarina, L50, M|
|poke|p1|Rillaboom, L50, M|
|poke|p1|Amoonguss, L50, M|
|poke|p1|Goodra-Hisui, L50, F|
|poke|p2|Kommo-o, L50, F|
|poke|p2|Porygon2, L50|
|poke|p2|Incineroar, L50, F|
|poke|p2|Whimsicott, L50, F|
|poke|p2|Empoleon, L50, F|
|poke|p2|Toxtricity, L50, M|
|teampreview|4
|showteam|p1|Kingambit||AssaultVest|Defiant|KowtowCleave,SuckerPunch,IronHead,LowKick|||M|||50|,,,,,Flying]Incineroar||SafetyGoggles|Intimidate|FakeOut,FlareBlitz,PartingShot,KnockOff|||F|||50|,,,,,Water]Primarina||ThroatSpray|LiquidVoice|HyperVoice,Moonblast,Encore,Protect|||M|||50|,,,,,Steel]Rillaboom||MiracleSeed|GrassySurge|FakeOut,GrassyGlide,WoodHammer,HighHorsepower|||M|||50|,,,,,Fire]Amoonguss||RockyHelmet|Regenerator|RagePowder,Spore,PollenPuff,Protect|||M|||50|,,,,,Water]Goodra-Hisui||Leftovers|SapSipper|DracoMeteor,FlashCannon,Thunderbolt,Flamethrower|||F|||50|,,,,,Fairy
|showteam|p2|Kommo-o||ClearAmulet|Bulletproof|ClangorousSoul,ShadowClaw,PoisonJab,DrainPunch|||F|||50|,,,,,Ghost]Porygon2||Eviolite|Download|TrickRoom,TeraBlast,Protect,ThunderWave||||||50|,,,,,Fairy]Incineroar||SafetyGoggles|Intimidate|FakeOut,PartingShot,FlareBlitz,Protect|||F|||50|,,,,,Fire]Whimsicott||FocusSash|Prankster|Tailwind,Taunt,EnergyBall,Thief|||F|||50|,,,,,Poison]Empoleon||AssaultVest|Competitive|IceBeam,Whirlpool,WaterPledge,FlashCannon|||F|||50|,,,,,Water]Toxtricity||ThroatSpray|PunkRock|Boomburst,Protect,VoltSwitch,Snarl|||M|||50|,,,,,Normal
|inactive|Battle timer is ON: inactive players will automatically lose when time's up. (requested by ExessVGC)
|
|t:|1756163850
|teamsize|p1|4
|teamsize|p2|4
|start
|switch|p1a: Kingambit|Kingambit, L50, M|100/100
|switch|p1b: Amoonguss|Amoonguss, L50, M|100/100
|switch|p2a: Private|Empoleon, L50, F|100/100
|switch|p2b: Pinky|Whimsicott, L50, F|100/100
|turn|1
|inactive|alejojojoy has 30 seconds left.
|
|t:|1756163877
|-terastallize|p2a: Private|Water
|move|p2b: Pinky|Taunt|p1b: Amoonguss
|-start|p1b: Amoonguss|move: Taunt
|move|p2a: Private|Whirlpool|p1a: Kingambit
|-damage|p1a: Kingambit|77/100
|-activate|p1a: Kingambit|move: Whirlpool|[of] p2a: Private
|move|p1a: Kingambit|Low Kick|p2a: Private
|-damage|p2a: Private|66/100
|cant|p1b: Amoonguss|move: Taunt|Spore
|
|-damage|p1a: Kingambit|65/100|[from] move: Whirlpool|[partiallytrapped]
|upkeep
|turn|2
|
|t:|1756163899
|move|p2b: Pinky|Tailwind|p2b: Pinky
|-sidestart|p2: alejojojoy|move: Tailwind
|move|p2a: Private|Water Pledge|p1a: Kingambit
|-damage|p1a: Kingambit|33/100
|move|p1a: Kingambit|Low Kick|p2b: Pinky
|-resisted|p2b: Pinky
|-damage|p2b: Pinky|94/100
|move|p1b: Amoonguss|Pollen Puff|p1a: Kingambit
|-heal|p1a: Kingambit|83/100
|
|-damage|p1a: Kingambit|71/100|[from] move: Whirlpool|[partiallytrapped]
|upkeep
|turn|3
|
|t:|1756163922
|move|p2b: Pinky|Energy Ball|p1a: Kingambit
|-resisted|p1a: Kingambit
|-damage|p1a: Kingambit|62/100
|-unboost|p1a: Kingambit|spd|1
|-ability|p1a: Kingambit|Defiant|boost
|-boost|p1a: Kingambit|atk|2
|move|p2a: Private|Ice Beam|p1b: Amoonguss
|-supereffective|p1b: Amoonguss
|-damage|p1b: Amoonguss|48/100
|-status|p1b: Amoonguss|frz
|move|p1a: Kingambit|Iron Head|p2b: Pinky
|-supereffective|p2b: Pinky
|-damage|p2b: Pinky|0 fnt
|faint|p2b: Pinky
|cant|p1b: Amoonguss|frz
|
|-damage|p1a: Kingambit|50/100|[from] move: Whirlpool|[partiallytrapped]
|-end|p1b: Amoonguss|move: Taunt
|upkeep
|
|t:|1756163941
|switch|p2b: Yungblood|Toxtricity, L50, M|100/100
|turn|4
|
|t:|1756163958
|move|p1a: Kingambit|Sucker Punch|p2a: Private
|-damage|p2a: Private|0 fnt
|faint|p2a: Private
|move|p2b: Yungblood|Volt Switch|p1a: Kingambit
|-damage|p1a: Kingambit|15/100
|
|t:|1756163964
|switch|p2b: Bits|Kommo-o, L50, F|100/100|[from] Volt Switch
|cant|p1b: Amoonguss|frz
|
|-end|p1a: Kingambit|Whirlpool|[partiallytrapped]|[silent]
|upkeep
|
|t:|1756163970
|switch|p2a: Yungblood|Toxtricity, L50, M|100/100
|turn|5
|inactive|alejojojoy has 30 seconds left.
|
|t:|1756163996
|move|p1a: Kingambit|Sucker Punch|p2a: Yungblood
|-damage|p2a: Yungblood|0 fnt
|faint|p2a: Yungblood
|move|p2b: Bits|Clangorous Soul|p2b: Bits
|-boost|p2b: Bits|atk|1
|-boost|p2b: Bits|def|1
|-boost|p2b: Bits|spa|1
|-boost|p2b: Bits|spd|1
|-boost|p2b: Bits|spe|1
|-damage|p2b: Bits|68/100
|cant|p1b: Amoonguss|frz
|
|-sideend|p2: alejojojoy|move: Tailwind
|upkeep
|turn|6
|
|t:|1756164018
|cant|p1b: Amoonguss|frz
|move|p1a: Kingambit|Sucker Punch|p2b: Bits
|-resisted|p2b: Bits
|-crit|p2b: Bits
|-damage|p2b: Bits|18/100
|move|p2b: Bits|Drain Punch|p1a: Kingambit
|-supereffective|p1a: Kingambit
|-damage|p1a: Kingambit|0 fnt
|-heal|p2b: Bits|27/100|[from] drain|[of] p1a: Kingambit
|faint|p1a: Kingambit
|
|upkeep
|
|t:|1756164040
|switch|p1a: Goodra|Goodra-Hisui, L50, F|100/100
|turn|7
|
|t:|1756164049
|-terastallize|p1a: Goodra|Fairy
|cant|p1b: Amoonguss|frz
|move|p2b: Bits|Drain Punch|p1a: Goodra
|-resisted|p1a: Goodra
|-damage|p1a: Goodra|79/100
|-heal|p2b: Bits|40/100|[from] drain|[of] p1a: Goodra
|move|p1a: Goodra|Draco Meteor|p2b: Bits
|-supereffective|p2b: Bits
|-damage|p2b: Bits|0 fnt
|-unboost|p1a: Goodra|spa|2
|faint|p2b: Bits
|
|win|ExessVGC
|raw|ExessVGC's rating: 1027 → 1061(+34 for winning)
|raw|alejojojoy's rating: 1004 → 1000(-4 for losing)
|l|☆alejojojoy
|player|p2|
