|j|☆BuffBuneary
|j|☆lofiandchil
|html|BuffBunearylofiandchil    
|uhtml|bestof|Game 2 of a best-of-3
|t:|1756762627
|gametype|doubles
|player|p1|BuffBuneary|shauntal|1149
|player|p2|lofiandchil|iris|1137
|gen|9
|tier|[Gen 9] VGC 2025 Reg H (Bo3)
|rated|
|rule|Species Clause: Limit one of each Pokémon
|rule|Item Clause: Limit 1 of each item
|clearpoke
|poke|p1|Annihilape, L50, M|
|poke|p1|Ninetales-Alola, L50, F|
|poke|p1|Talonflame, L50, F|
|poke|p1|Garchomp, L50, M|
|poke|p1|Vivillon-Ocean, L50, F|
|poke|p1|Gholdengo, L50|
|poke|p2|Electabuzz, L50, M|
|poke|p2|Kingambit, L50, M|
|poke|p2|Volcarona, L50, F|
|poke|p2|Dragonite, L50, F|
|poke|p2|Sneasler, L50, F|
|poke|p2|Rillaboom, L50, M|
|teampreview|4
|showteam|p1|Annihilape||SafetyGoggles|Defiant|RageFist,DrainPunch,BulkUp,Protect|||M|||50|,,,,,Water]Ninetales-Alola||CovertCloak|SnowWarning|Blizzard,FreezeDry,AuroraVeil,Protect|||F|||50|,,,,,Ice]Talonflame||SharpBeak|GaleWings|DualWingbeat,Tailwind,WillOWisp,Protect|||F|||50|,,,,,Ghost]Garchomp||LifeOrb|RoughSkin|Earthquake,StompingTantrum,DragonClaw,Protect|||M|||50|,,,,,Steel]Vivillon-Ocean||FocusSash|CompoundEyes|SleepPowder,Hurricane,RagePowder,Protect|||F|||50|,,,,,Ghost]Gholdengo||IronPlate|GoodasGold|MakeItRain,ShadowBall,NastyPlot,Protect||||||50|,,,,,Steel
|showteam|p2|Electabuzz||Eviolite|VitalSpirit|FollowMe,Thunderbolt,Taunt,Protect|||M|||50|,,,,,Ghost]Kingambit||BlackGlasses|Defiant|KowtowCleave,SuckerPunch,SwordsDance,Protect|||M|||50|,,,,,Dark]Volcarona||Leftovers|FlameBody|HeatWave,TeraBlast,QuiverDance,Protect|||F|||50|,,,,,Fairy]Dragonite||LoadedDice|Multiscale|ScaleShot,ExtremeSpeed,Haze,Protect|||F|||50|,,,,,Fairy]Sneasler||FocusSash|Unburden|DireClaw,CloseCombat,Coaching,FakeOut|||F|||50|,,,,,Stellar]Rillaboom||AssaultVest|GrassySurge|FakeOut,WoodHammer,GrassyGlide,HighHorsepower|||M|||50|,,,,,Fire
|inactive|Battle timer is ON: inactive players will automatically lose when time's up. (requested by lofiandchil)
|inactive|lofiandchil has 60 seconds left.
|inactive|lofiandchil has 30 seconds left.
|
|t:|1756762700
|teamsize|p1|4
|teamsize|p2|4
|start
|switch|p1a: Garchomp|Garchomp, L50, M|100/100
|switch|p1b: Ninetales|Ninetales-Alola, L50, F, shiny|100/100
|switch|p2a: Volcarona|Volcarona, L50, F|100/100
|switch|p2b: Rillaboom|Rillaboom, L50, M|100/100
|-weather|Snowscape|[from] ability: Snow Warning|[of] p1b: Ninetales
|-fieldstart|move: Grassy Terrain|[from] ability: Grassy Surge|[of] p2b: Rillaboom
|turn|1
|inactive|BuffBuneary has 30 seconds left.
|inactive|BuffBuneary has 20 seconds left.
|inactive|BuffBuneary has 15 seconds left.
|inactive|BuffBuneary has 10 seconds left.
|
|t:|1756762746
|move|p2b: Rillaboom|Fake Out|p1a: Garchomp
|-damage|p1a: Garchomp|87/100
|-damage|p2b: Rillaboom|88/100|[from] ability: Rough Skin|[of] p1a: Garchomp
|move|p1b: Ninetales|Aurora Veil|p1b: Ninetales
|-sidestart|p1: BuffBuneary|move: Aurora Veil
|cant|p1a: Garchomp|flinch
|move|p2a: Volcarona|Quiver Dance|p2a: Volcarona
|-boost|p2a: Volcarona|spa|1
|-boost|p2a: Volcarona|spd|1
|-boost|p2a: Volcarona|spe|1
|
|-weather|Snowscape|[upkeep]
|-heal|p1a: Garchomp|93/100|[from] Grassy Terrain
|-heal|p2b: Rillaboom|94/100|[from] Grassy Terrain
|upkeep
|turn|2
|inactive|BuffBuneary has 30 seconds left.
|inactive|lofiandchil has 30 seconds left.
|
|t:|1756762778
|-terastallize|p2a: Volcarona|Fairy
|move|p2a: Volcarona|Heat Wave|p1b: Ninetales|[spread] p1a,p1b
|-resisted|p1a: Garchomp
|-supereffective|p1b: Ninetales
|-damage|p1a: Garchomp|73/100
|-damage|p1b: Ninetales|19/100
|move|p1b: Ninetales|Blizzard|p2b: Rillaboom|[spread] p2a,p2b
|-supereffective|p2b: Rillaboom
|-damage|p2a: Volcarona|83/100
|-damage|p2b: Rillaboom|52/100
|move|p1a: Garchomp|Stomping Tantrum|p2a: Volcarona
|-damage|p2a: Volcarona|0 fnt
|-status|p1a: Garchomp|brn|[from] ability: Flame Body|[of] p2a: Volcarona
|faint|p2a: Volcarona
|-damage|p1a: Garchomp|63/100 brn|[from] item: Life Orb
|move|p2b: Rillaboom|Wood Hammer|p1a: Garchomp
|-damage|p1a: Garchomp|11/100 brn
|-damage|p2b: Rillaboom|40/100|[from] ability: Rough Skin|[of] p1a: Garchomp
|-damage|p2b: Rillaboom|25/100|[from] Recoil
|
|-weather|Snowscape|[upkeep]
|-heal|p1b: Ninetales|25/100|[from] Grassy Terrain
|-heal|p1a: Garchomp|17/100 brn|[from] Grassy Terrain
|-heal|p2b: Rillaboom|31/100|[from] Grassy Terrain
|-damage|p1a: Garchomp|11/100 brn|[from] brn
|upkeep
|
|t:|1756762798
|switch|p2a: Kingambit|Kingambit, L50, M|100/100
|turn|3
|
|t:|1756762821
|switch|p1a: Gholdengo|Gholdengo, L50|100/100
|move|p2b: Rillaboom|Grassy Glide|p1b: Ninetales
|-crit|p1b: Ninetales
|-damage|p1b: Ninetales|0 fnt
|faint|p1b: Ninetales
|move|p2a: Kingambit|Sucker Punch||[still]
|-fail|p2a: Kingambit
|
|-weather|Snowscape|[upkeep]
|-heal|p2b: Rillaboom|37/100|[from] Grassy Terrain
|upkeep
|
|t:|1756762831
|switch|p1b: Vivillon|Vivillon-Ocean, L50, F|100/100
|turn|4
|
|t:|1756762850
|switch|p2b: Electabuzz|Electabuzz, L50, M|100/100
|move|p1a: Gholdengo|Protect|p1a: Gholdengo
|-singleturn|p1a: Gholdengo|Protect
|move|p2a: Kingambit|Protect|p2a: Kingambit
|-singleturn|p2a: Kingambit|Protect
|move|p1b: Vivillon|Sleep Powder|p2a: Kingambit
|-activate|p2a: Kingambit|move: Protect
|
|-weather|Snowscape|[upkeep]
|upkeep
|turn|5
|inactive|BuffBuneary has 30 seconds left.
|inactive|BuffBuneary has 20 seconds left.
|inactive|BuffBuneary has 15 seconds left.
|inactive|BuffBuneary has 10 seconds left.
|
|t:|1756762898
|-terastallize|p1a: Gholdengo|Steel
|move|p2b: Electabuzz|Follow Me|p2b: Electabuzz
|-singleturn|p2b: Electabuzz|move: Follow Me
|move|p1b: Vivillon|Hurricane|p2b: Electabuzz
|-resisted|p2b: Electabuzz
|-damage|p2b: Electabuzz|81/100
|-start|p2b: Electabuzz|confusion
|move|p1a: Gholdengo|Shadow Ball|p2b: Electabuzz
|-damage|p2b: Electabuzz|50/100
|move|p2a: Kingambit|Swords Dance|p2a: Kingambit
|-boost|p2a: Kingambit|atk|2
|
|-weather|none
|-heal|p2b: Electabuzz|56/100|[from] Grassy Terrain
|-sideend|p1: BuffBuneary|move: Aurora Veil
|-fieldend|move: Grassy Terrain
|upkeep
|turn|6
|
|t:|1756762923
|move|p1a: Gholdengo|Protect|p1a: Gholdengo
|-singleturn|p1a: Gholdengo|Protect
|-activate|p2b: Electabuzz|confusion
|-damage|p2b: Electabuzz|48/100|[from] confusion
|move|p1b: Vivillon|Sleep Powder|p2a: Kingambit
|-status|p2a: Kingambit|slp|[from] move: Sleep Powder
|cant|p2a: Kingambit|slp
|
|upkeep
|turn|7
|inactive|BuffBuneary has 30 seconds left.
|
|t:|1756762956
|-activate|p2b: Electabuzz|confusion
|move|p2b: Electabuzz|Protect|p2b: Electabuzz
|-singleturn|p2b: Electabuzz|Protect
|move|p1b: Vivillon|Hurricane|p2b: Electabuzz
|-activate|p2b: Electabuzz|move: Protect
|move|p1a: Gholdengo|Shadow Ball|p2b: Electabuzz
|-activate|p2b: Electabuzz|move: Protect
|cant|p2a: Kingambit|slp
|
|upkeep
|turn|8
|
|t:|1756762968
|switch|p2b: Rillaboom|Rillaboom, L50, M|37/100
|-fieldstart|move: Grassy Terrain|[from] ability: Grassy Surge|[of] p2b: Rillaboom
|move|p1b: Vivillon|Hurricane|p2b: Rillaboom
|-supereffective|p2b: Rillaboom
|-damage|p2b: Rillaboom|0 fnt
|faint|p2b: Rillaboom
|move|p1a: Gholdengo|Shadow Ball|p2a: Kingambit
|-resisted|p2a: Kingambit
|-damage|p2a: Kingambit|81/100 slp
|cant|p2a: Kingambit|slp
|
|-heal|p2a: Kingambit|87/100 slp|[from] Grassy Terrain
|upkeep
|
|t:|1756762979
|switch|p2b: Electabuzz|Electabuzz, L50, M|48/100
|turn|9
|inactive|BuffBuneary has 30 seconds left.
|
|t:|1756763004
|move|p2b: Electabuzz|Protect|p2b: Electabuzz
|-singleturn|p2b: Electabuzz|Protect
|move|p1b: Vivillon|Hurricane|p2b: Electabuzz
|-activate|p2b: Electabuzz|move: Protect
|move|p1a: Gholdengo|Shadow Ball|p2b: Electabuzz
|-activate|p2b: Electabuzz|move: Protect
|-curestatus|p2a: Kingambit|slp|[msg]
|move|p2a: Kingambit|Kowtow Cleave|p1a: Gholdengo
|-damage|p1a: Gholdengo|0 fnt
|faint|p1a: Gholdengo
|
|-heal|p2b: Electabuzz|54/100|[from] Grassy Terrain
|-heal|p2a: Kingambit|93/100|[from] Grassy Terrain
|upkeep
|
|t:|1756763007
|switch|p1a: Garchomp|Garchomp, L50, M|11/100 brn
|turn|10
|inactive|BuffBuneary has 30 seconds left.
|inactive|BuffBuneary has 20 seconds left.
|
|t:|1756763046
|move|p1a: Garchomp|Protect|p1a: Garchomp
|-singleturn|p1a: Garchomp|Protect
|move|p2b: Electabuzz|Follow Me|p2b: Electabuzz
|-singleturn|p2b: Electabuzz|move: Follow Me
|move|p2a: Kingambit|Sucker Punch||[still]
|-fail|p2a: Kingambit
|move|p1b: Vivillon|Sleep Powder|p2b: Electabuzz
|-immune|p2b: Electabuzz|[from] ability: Vital Spirit
|
|-heal|p1a: Garchomp|17/100 brn|[from] Grassy Terrain
|-heal|p2b: Electabuzz|60/100|[from] Grassy Terrain
|-heal|p2a: Kingambit|99/100|[from] Grassy Terrain
|-damage|p1a: Garchomp|11/100 brn|[from] brn
|upkeep
|turn|11
|
|t:|1756763061
|move|p1b: Vivillon|Rage Powder|p1b: Vivillon
|-singleturn|p1b: Vivillon|move: Rage Powder
|move|p2b: Electabuzz|Follow Me|p2b: Electabuzz
|-singleturn|p2b: Electabuzz|move: Follow Me
|move|p2a: Kingambit|Sucker Punch||[still]
|-fail|p2a: Kingambit
|move|p1a: Garchomp|Earthquake|p2b: Electabuzz|[spread] p2a,p2b
|-immune|p1b: Vivillon
|-supereffective|p2a: Kingambit
|-supereffective|p2b: Electabuzz
|-damage|p2a: Kingambit|78/100
|-damage|p2b: Electabuzz|42/100
|-damage|p1a: Garchomp|2/100 brn|[from] item: Life Orb
|
|-heal|p1a: Garchomp|8/100 brn|[from] Grassy Terrain
|-heal|p2b: Electabuzz|48/100|[from] Grassy Terrain
|-heal|p2a: Kingambit|84/100|[from] Grassy Terrain
|-damage|p1a: Garchomp|2/100 brn|[from] brn
|upkeep
|turn|12
|inactive|BuffBuneary has 30 seconds left.
|-message|BuffBuneary forfeited.
|
|win|lofiandchil
||BuffBuneary is ready for game 3.
