|j|☆claudiusmaximus125
|j|☆Cristante terabug
|html|claudiusmaximus125Cristante terabug    
|uhtml|bestof|Game 2 of a best-of-3
|t:|1756334788
|gametype|doubles
|player|p1|claudiusmaximus125|ghetsis-gen5bw|1097
|player|p2|Cristante terabug|kieran-champion|1111
|gen|9
|tier|[Gen 9] VGC 2025 Reg H (Bo3)
|rated|
|rule|Species Clause: Limit one of each Pokémon
|rule|Item Clause: Limit 1 of each item
|clearpoke
|poke|p1|Sneasler, L50, F|
|poke|p1|Incineroar, L50, F|
|poke|p1|Dragonite, L50, F|
|poke|p1|Gholdengo, L50|
|poke|p1|Amoonguss, L50, M|
|poke|p1|Ursaluna-Bloodmoon, L50, M|
|poke|p2|Tyranitar, L50, F|
|poke|p2|Kommo-o, L50, F|
|poke|p2|Primarina, L50, M|
|poke|p2|Corviknight, L50, F|
|poke|p2|Volcarona, L50, M|
|poke|p2|Sinistcha, L50|
|teampreview|4
|showteam|p1|Sneasler||FocusSash|Unburden|DireClaw,CloseCombat,ThroatChop,Protect|||F|||50|,,,,,Stellar]Incineroar||SafetyGoggles|Intimidate|KnockOff,FlareBlitz,PartingShot,FakeOut|||F|||50|,,,,,Ghost]Dragonite||LoadedDice|Multiscale|ScaleShot,TeraBlast,Tailwind,Protect|||F|||50|,,,,,Flying]Gholdengo||LifeOrb|GoodasGold|MakeItRain,ShadowBall,NastyPlot,Protect||||||50|,,,,,Water]Amoonguss||SitrusBerry|Regenerator|Spore,RagePowder,PollenPuff,Protect|||M|||50|,,,,,Water]Ursaluna-Bloodmoon||ThroatSpray|MindsEye|BloodMoon,EarthPower,HyperVoice,Protect|||M|||50|,,,,,Normal
|showteam|p2|Tyranitar||AssaultVest|SandStream|KnockOff,LowKick,RockSlide,TeraBlast|||F|||50|,,,,,Flying]Kommo-o||Leftovers|Overcoat|BodyPress,IronDefense,ThroatChop,Protect|||F|||50|,,,,,Steel]Primarina||MysticWater|LiquidVoice|Haze,Moonblast,HyperVoice,Protect|||M|||50|,,,,,Poison]Corviknight||SafetyGoggles|MirrorArmor|BraveBird,BulkUp,Roost,Tailwind|||F|||50|,,,,,Ghost]Volcarona||CovertCloak|FlameBody|HeatWave,Protect,RagePowder,StruggleBug|||M|||50|,,,,,Dragon]Sinistcha||SitrusBerry|Hospitality|Protect,MatchaGotcha,RagePowder,ShadowBall||||||50|,,,,,Water
|inactive|Battle timer is ON: inactive players will automatically lose when time's up. (requested by Cristante terabug)
|inactive|claudiusmaximus125 has 60 seconds left.
|
|t:|1756334833
|teamsize|p1|4
|teamsize|p2|4
|start
|switch|p1a: Gholdengo|Gholdengo, L50|100/100
|switch|p1b: Amoonguss|Amoonguss, L50, M|100/100
|switch|p2a: Basil|Volcarona, L50, M|100/100
|switch|p2b: Omori|Kommo-o, L50, F|100/100
|turn|1
|
|t:|1756334854
|-terastallize|p1b: Amoonguss|Water
|move|p1a: Gholdengo|Protect|p1a: Gholdengo
|-singleturn|p1a: Gholdengo|Protect
|move|p2a: Basil|Heat Wave|p1b: Amoonguss|[spread] p1b
|-activate|p1a: Gholdengo|move: Protect
|-resisted|p1b: Amoonguss
|-damage|p1b: Amoonguss|86/100
|move|p2b: Omori|Iron Defense|p2b: Omori
|-boost|p2b: Omori|def|2
|move|p1b: Amoonguss|Spore|p2a: Basil
|-status|p2a: Basil|slp|[from] move: Spore
|
|upkeep
|turn|2
|
|t:|1756334872
|-terastallize|p2b: Omori|Steel
|move|p1b: Amoonguss|Rage Powder|p1b: Amoonguss
|-singleturn|p1b: Amoonguss|move: Rage Powder
|cant|p2a: Basil|slp
|move|p1a: Gholdengo|Nasty Plot|p1a: Gholdengo
|-boost|p1a: Gholdengo|spa|2
|move|p2b: Omori|Throat Chop|p1a: Gholdengo
|-supereffective|p1a: Gholdengo
|-damage|p1a: Gholdengo|53/100
|-start|p1a: Gholdengo|Throat Chop|[silent]
|
|upkeep
|turn|3
|
|t:|1756334893
|cant|p2a: Basil|slp
|move|p1a: Gholdengo|Shadow Ball|p2b: Omori
|-damage|p2b: Omori|0 fnt
|faint|p2b: Omori
|-damage|p1a: Gholdengo|43/100|[from] item: Life Orb
|move|p1b: Amoonguss|Pollen Puff|p1a: Gholdengo
|-heal|p1a: Gholdengo|93/100
|
|-end|p1a: Gholdengo|Throat Chop|[silent]
|upkeep
|
|t:|1756334905
|switch|p2b: Kel|Corviknight, L50, F|100/100
|turn|4
|
|t:|1756334912
|move|p1a: Gholdengo|Protect|p1a: Gholdengo
|-singleturn|p1a: Gholdengo|Protect
|-curestatus|p2a: Basil|slp|[msg]
|move|p2a: Basil|Heat Wave|p1a: Gholdengo|[spread] p1b
|-activate|p1a: Gholdengo|move: Protect
|-resisted|p1b: Amoonguss
|-damage|p1b: Amoonguss|72/100
|move|p2b: Kel|Brave Bird|p1b: Amoonguss
|-damage|p1b: Amoonguss|36/100
|-enditem|p1b: Amoonguss|Sitrus Berry|[eat]
|-heal|p1b: Amoonguss|61/100|[from] item: Sitrus Berry
|-damage|p2b: Kel|88/100|[from] Recoil
|move|p1b: Amoonguss|Spore|p2b: Kel
|-activate|p2b: Kel|item: Safety Goggles|Spore
|
|upkeep
|turn|5
|inactive|claudiusmaximus125 has 30 seconds left.
|
|t:|1756334943
|move|p1b: Amoonguss|Protect|p1b: Amoonguss
|-singleturn|p1b: Amoonguss|Protect
|move|p2a: Basil|Heat Wave|p1b: Amoonguss|[spread] p1a
|-activate|p1b: Amoonguss|move: Protect
|-supereffective|p1a: Gholdengo
|-damage|p1a: Gholdengo|8/100
|move|p1a: Gholdengo|Shadow Ball|p2a: Basil
|-damage|p2a: Basil|0 fnt
|faint|p2a: Basil
|-damage|p1a: Gholdengo|0 fnt|[from] item: Life Orb
|faint|p1a: Gholdengo
|move|p2b: Kel|Brave Bird|p1b: Amoonguss
|-activate|p1b: Amoonguss|move: Protect
|
|upkeep
|
|t:|1756334967
|switch|p2a: Aubrey|Primarina, L50, M|100/100
|switch|p1a: Incineroar|Incineroar, L50, F, shiny|100/100
|-ability|p1a: Incineroar|Intimidate|boost
|-unboost|p2a: Aubrey|atk|1
|-ability|p2b: Kel|Mirror Armor
|-unboost|p1a: Incineroar|atk|1
|turn|6
|
|t:|1756334982
|move|p2a: Aubrey|Protect|p2a: Aubrey
|-singleturn|p2a: Aubrey|Protect
|move|p1a: Incineroar|Fake Out|p2b: Kel
|-resisted|p2b: Kel
|-damage|p2b: Kel|85/100
|cant|p2b: Kel|flinch
|move|p1b: Amoonguss|Spore|p2a: Aubrey
|-activate|p2a: Aubrey|move: Protect
|
|upkeep
|turn|7
|
|t:|1756334995
|move|p2b: Kel|Bulk Up|p2b: Kel
|-boost|p2b: Kel|atk|1
|-boost|p2b: Kel|def|1
|move|p2a: Aubrey|Hyper Voice|p1b: Amoonguss|[spread] p1a,p1b
|-supereffective|p1a: Incineroar
|-resisted|p1b: Amoonguss
|-damage|p1a: Incineroar|29/100
|-damage|p1b: Amoonguss|44/100
|move|p1a: Incineroar|Flare Blitz|p2b: Kel
|-supereffective|p2b: Kel
|-damage|p2b: Kel|46/100
|-damage|p1a: Incineroar|16/100|[from] Recoil
|move|p1b: Amoonguss|Spore|p2a: Aubrey
|-status|p2a: Aubrey|slp|[from] move: Spore
|
|upkeep
|turn|8
|
|t:|1756335014
|move|p1b: Amoonguss|Protect|p1b: Amoonguss
|-singleturn|p1b: Amoonguss|Protect
|move|p2b: Kel|Roost|p2b: Kel
|-heal|p2b: Kel|96/100
|-singleturn|p2b: Kel|move: Roost
|cant|p2a: Aubrey|slp
|move|p1a: Incineroar|Flare Blitz|p2b: Kel
|-supereffective|p2b: Kel
|-damage|p2b: Kel|60/100
|-damage|p1a: Incineroar|4/100|[from] Recoil
|
|upkeep
|turn|9
|
|t:|1756335032
|move|p2b: Kel|Roost|p2b: Kel
|-heal|p2b: Kel|100/100
|-singleturn|p2b: Kel|move: Roost
|cant|p2a: Aubrey|slp
|move|p1a: Incineroar|Parting Shot|p2a: Aubrey
|-unboost|p2a: Aubrey|atk|1
|-unboost|p2a: Aubrey|spa|1
|
|t:|1756335041
|switch|p1a: Ursaluna|Ursaluna-Bloodmoon, L50, M|100/100|[from] Parting Shot
|move|p1b: Amoonguss|Pollen Puff|p1a: Ursaluna
|
|upkeep
|turn|10
|
|t:|1756335064
|move|p2b: Kel|Brave Bird|p1a: Ursaluna
|-damage|p1a: Ursaluna|52/100
|-damage|p2b: Kel|85/100|[from] Recoil
|move|p1a: Ursaluna|Earth Power|p2b: Kel
|-immune|p2b: Kel
|-curestatus|p2a: Aubrey|slp|[msg]
|move|p2a: Aubrey|Haze|p2a: Aubrey
|-clearallboost
|move|p1b: Amoonguss|Spore|p2a: Aubrey
|-status|p2a: Aubrey|slp|[from] move: Spore
|
|upkeep
|turn|11
|
|t:|1756335081
|move|p1b: Amoonguss|Rage Powder|p1b: Amoonguss
|-singleturn|p1b: Amoonguss|move: Rage Powder
|move|p2b: Kel|Brave Bird|p1a: Ursaluna
|-damage|p1a: Ursaluna|17/100
|-damage|p2b: Kel|74/100|[from] Recoil
|move|p1a: Ursaluna|Blood Moon|p2b: Kel
|-resisted|p2b: Kel
|-damage|p2b: Kel|33/100
|cant|p2a: Aubrey|slp
|
|upkeep
|turn|12
|inactive|claudiusmaximus125 has 30 seconds left.
|inactive|claudiusmaximus125 has 20 seconds left.
|inactive|claudiusmaximus125 has 15 seconds left.
|inactive|claudiusmaximus125 has 10 seconds left.
|inactive|claudiusmaximus125 has 5 seconds left.
|
|t:|1756335133
|switch|p1b: Incineroar|Incineroar, L50, F, shiny|4/100
|-ability|p1b: Incineroar|Intimidate|boost
|-unboost|p2a: Aubrey|atk|1
|-ability|p2b: Kel|Mirror Armor
|-unboost|p1b: Incineroar|atk|1
|move|p1a: Ursaluna|Protect|p1a: Ursaluna
|-singleturn|p1a: Ursaluna|Protect
|move|p2b: Kel|Brave Bird|p1a: Ursaluna
|-activate|p1a: Ursaluna|move: Protect
|cant|p2a: Aubrey|slp
|
|upkeep
|turn|13
|
|t:|1756335154
|move|p1b: Incineroar|Fake Out|p2b: Kel
|-resisted|p2b: Kel
|-damage|p2b: Kel|30/100
|cant|p2b: Kel|flinch
|move|p1a: Ursaluna|Blood Moon|p2b: Kel
|-resisted|p2b: Kel
|-damage|p2b: Kel|0 fnt
|faint|p2b: Kel
|cant|p2a: Aubrey|slp
|
|upkeep
|turn|14
|inactive|claudiusmaximus125 has 30 seconds left.
|inactive|claudiusmaximus125 has 20 seconds left.
|
|t:|1756335190
|switch|p1a: Amoonguss|Amoonguss, L50, M, tera:Water|77/100
|-curestatus|p2a: Aubrey|slp|[msg]
|move|p2a: Aubrey|Moonblast|p1b: Incineroar
|-damage|p1b: Incineroar|0 fnt
|faint|p1b: Incineroar
|
|upkeep
|
|t:|1756335198
|switch|p1b: Ursaluna|Ursaluna-Bloodmoon, L50, M|17/100
|turn|15
|
|t:|1756335204
|move|p2a: Aubrey|Protect|p2a: Aubrey
|-singleturn|p2a: Aubrey|Protect
|move|p1b: Ursaluna|Blood Moon|p2a: Aubrey
|-activate|p2a: Aubrey|move: Protect
|move|p1a: Amoonguss|Pollen Puff|p1b: Ursaluna
|-heal|p1b: Ursaluna|66/100
|
|upkeep
|turn|16
|
|t:|1756335216
|move|p1b: Ursaluna|Protect|p1b: Ursaluna
|-singleturn|p1b: Ursaluna|Protect
|move|p2a: Aubrey|Hyper Voice|p1a: Amoonguss|[spread] p1a
|-activate|p1b: Ursaluna|move: Protect
|-resisted|p1a: Amoonguss
|-damage|p1a: Amoonguss|59/100
|move|p1a: Amoonguss|Spore|p2a: Aubrey
|-status|p2a: Aubrey|slp|[from] move: Spore
|
|upkeep
|turn|17
|-message|Cristante terabug forfeited.
|
|win|claudiusmaximus125
|raw|claudiusmaximus125's rating: 1097 → 1123(+26 for winning)
|raw|Cristante terabug's rating: 1111 → 1085(-26 for losing)
|l|☆Cristante terabug
|player|p2|
|j|☆Cristante terabug
|player|p2|Cristante terabug|kieran-champion|
