|j|☆PkSbm
|j|☆wumblesnsuch
|html|PkSbmwumblesnsuch    
|uhtml|bestof|Game 2 of a best-of-3
|t:|1756662317
|gametype|doubles
|player|p1|PkSbm|265|1190
|player|p2|wumblesnsuch|blue|1128
|gen|9
|tier|[Gen 9] VGC 2025 Reg H (Bo3)
|rated|
|rule|Species Clause: Limit one of each Pokémon
|rule|Item Clause: Limit 1 of each item
|clearpoke
|poke|p1|Gholdengo, L50|
|poke|p1|Dragonite, L50, F|
|poke|p1|Porygon2, L50|
|poke|p1|Ursaluna-Bloodmoon, L50, M|
|poke|p1|Primarina, L50, M|
|poke|p1|Incineroar, L50, F|
|poke|p2|Talonflame, L50, M|
|poke|p2|Sneasler, L50, F|
|poke|p2|Indeedee, L50, M|
|poke|p2|Gholdengo, L50|
|poke|p2|Garchomp, L50, F|
|poke|p2|Ninetales-Alola, L50, M|
|teampreview|4
|showteam|p1|Gholdengo||LifeOrb|GoodasGold|ShadowBall,MakeItRain,Reflect,LightScreen||||||50|,,,,,Steel]Dragonite||LoadedDice|Multiscale|Tailwind,ScaleShot,ExtremeSpeed,Haze|||F|||50|,,,,,Fairy]Porygon2||Eviolite|Download|Recover,IceBeam,TrickRoom,TeraBlast||||||50|,,,,,Fighting]Ursaluna-Bloodmoon||AssaultVest|MindsEye|VacuumWave,EarthPower,HyperVoice,BloodMoon|||M|||50|,,,,,Ghost]Primarina||SitrusBerry|LiquidVoice|HyperVoice,Haze,Moonblast,Protect|||M|||50|,,,,,Steel]Incineroar||SafetyGoggles|Intimidate|FakeOut,KnockOff,PartingShot,FlareBlitz|||F|||50|,,,,,Ghost
|showteam|p2|Talonflame||CovertCloak|GaleWings|BraveBird,Tailwind,WillOWisp,FlareBlitz|||M|||50|,,,,,Flying]Sneasler||PsychicSeed|Unburden|ThroatChop,CloseCombat,DireClaw,AcidSpray|||F|||50|,,,,,Dark]Indeedee||FocusSash|PsychicSurge|Protect,TrickRoom,Imprison,ExpandingForce|||M|||50|,,,,,Psychic]Gholdengo||ChoiceSpecs|GoodasGold|MakeItRain,ShadowBall,Thunderbolt,SteelBeam||||||50|,,,,,Steel]Garchomp||LifeOrb|RoughSkin|Protect,StompingTantrum,Earthquake,Outrage|||F|||50|,,,,,Ground]Ninetales-Alola||NeverMeltIce|SnowWarning|Blizzard,FreezeDry,AuroraVeil,Protect|||M|||50|,,,,,Ice
|
|t:|1756662335
|teamsize|p1|4
|teamsize|p2|4
|start
|switch|p1a: Dragonite|Dragonite, L50, F|100/100
|switch|p1b: Primarina|Primarina, L50, M|100/100
|switch|p2a: Gholdengo|Gholdengo, L50|100/100
|switch|p2b: Ninetales|Ninetales-Alola, L50, M|100/100
|-weather|Snowscape|[from] ability: Snow Warning|[of] p2b: Ninetales
|turn|1
|
|t:|1756662355
|move|p2b: Ninetales|Blizzard|p1a: Dragonite|[spread] p1a,p1b
|-supereffective|p1a: Dragonite
|-resisted|p1b: Primarina
|-damage|p1a: Dragonite|28/100
|-damage|p1b: Primarina|85/100
|move|p2a: Gholdengo|Make It Rain|p1b: Primarina|[spread] p1a,p1b
|-damage|p1a: Dragonite|0 fnt
|-damage|p1b: Primarina|17/100
|-unboost|p2a: Gholdengo|spa|1
|-enditem|p1b: Primarina|Sitrus Berry|[eat]
|-heal|p1b: Primarina|42/100|[from] item: Sitrus Berry
|faint|p1a: Dragonite
|move|p1b: Primarina|Moonblast|p2b: Ninetales
|-damage|p2b: Ninetales|44/100
|-unboost|p2b: Ninetales|spa|1
|
|-weather|Snowscape|[upkeep]
|upkeep
|
|t:|1756662363
|switch|p1a: Ursaluna|Ursaluna-Bloodmoon, L50, M|100/100
|turn|2
|
|t:|1756662374
|-terastallize|p2a: Gholdengo|Steel
|-terastallize|p1a: Ursaluna|Ghost
|move|p2b: Ninetales|Aurora Veil|p2b: Ninetales
|-sidestart|p2: wumblesnsuch|move: Aurora Veil
|move|p2a: Gholdengo|Make It Rain|p1b: Primarina|[spread] p1a,p1b
|-crit|p1b: Primarina
|-damage|p1a: Ursaluna|44/100
|-damage|p1b: Primarina|0 fnt
|-unboost|p2a: Gholdengo|spa|1
|faint|p1b: Primarina
|move|p1a: Ursaluna|Earth Power|p2a: Gholdengo
|-supereffective|p2a: Gholdengo
|-damage|p2a: Gholdengo|14/100
|
|-weather|Snowscape|[upkeep]
|upkeep
|
|t:|1756662387
|switch|p1b: Porygon2|Porygon2, L50|100/100
|-ability|p1b: Porygon2|Download|boost
|-boost|p1b: Porygon2|atk|1
|turn|3
|
|t:|1756662400
|move|p1a: Ursaluna|Vacuum Wave|p2a: Gholdengo
|-supereffective|p2a: Gholdengo
|-damage|p2a: Gholdengo|0 fnt
|faint|p2a: Gholdengo
|move|p2b: Ninetales|Blizzard|p1a: Ursaluna|[spread] p1a,p1b
|-damage|p1a: Ursaluna|23/100
|-damage|p1b: Porygon2|86/100
|move|p1b: Porygon2|Trick Room|p1b: Porygon2
|-fieldstart|move: Trick Room|[of] p1b: Porygon2
|
|-weather|Snowscape|[upkeep]
|upkeep
|
|t:|1756662412
|switch|p2a: Indeedee|Indeedee, L50, M, shiny|100/100
|-fieldstart|move: Psychic Terrain|[from] ability: Psychic Surge|[of] p2a: Indeedee
|turn|4
|
|t:|1756662418
|move|p2a: Indeedee|Protect|p2a: Indeedee
|-singleturn|p2a: Indeedee|Protect
|move|p1a: Ursaluna|Blood Moon|p2a: Indeedee
|-activate|p2a: Indeedee|move: Protect
|move|p1b: Porygon2|Tera Blast|p2a: Indeedee
|-activate|p2a: Indeedee|move: Protect
|move|p2b: Ninetales|Blizzard|p1b: Porygon2|[spread] p1a,p1b
|-damage|p1a: Ursaluna|4/100
|-damage|p1b: Porygon2|71/100
|
|-weather|Snowscape|[upkeep]
|upkeep
|turn|5
|
|t:|1756662437
|move|p1a: Ursaluna|Hyper Voice|p2a: Indeedee|[spread] p2a,p2b
|-damage|p2a: Indeedee|63/100
|-damage|p2b: Ninetales|13/100
|move|p1b: Porygon2|Tera Blast|p2a: Indeedee
|-damage|p2a: Indeedee|30/100
|move|p2a: Indeedee|Expanding Force|p1b: Porygon2|[spread] p1a,p1b
|-damage|p1a: Ursaluna|0 fnt
|-damage|p1b: Porygon2|38/100
|faint|p1a: Ursaluna
|move|p2b: Ninetales|Blizzard|p1b: Porygon2
|-damage|p1b: Porygon2|18/100
|
|-weather|none
|upkeep
|turn|6
|
|t:|1756662449
|move|p2a: Indeedee|Protect|p2a: Indeedee
|-singleturn|p2a: Indeedee|Protect
|move|p2b: Ninetales|Protect|p2b: Ninetales
|-singleturn|p2b: Ninetales|Protect
|move|p1b: Porygon2|Recover|p1b: Porygon2
|-heal|p1b: Porygon2|68/100
|
|-sideend|p2: wumblesnsuch|move: Aurora Veil
|upkeep
|turn|7
|
|t:|1756662456
|move|p1b: Porygon2|Tera Blast|p2a: Indeedee
|-damage|p2a: Indeedee|0 fnt
|faint|p2a: Indeedee
|move|p2b: Ninetales|Blizzard|p1b: Porygon2|[miss]
|-miss|p2b: Ninetales|p1b: Porygon2
|
|-fieldend|move: Trick Room
|upkeep
|
|t:|1756662458
|switch|p2a: Sneasler|Sneasler, L50, F, shiny|100/100
|-enditem|p2a: Sneasler|Psychic Seed
|-boost|p2a: Sneasler|spd|1|[from] item: Psychic Seed
|turn|8
|
|t:|1756662463
|move|p2a: Sneasler|Close Combat|p1b: Porygon2
|-supereffective|p1b: Porygon2
|-damage|p1b: Porygon2|0 fnt
|-unboost|p2a: Sneasler|def|1
|-unboost|p2a: Sneasler|spd|1
|faint|p1b: Porygon2
|
|win|wumblesnsuch
