|j|☆regitron 21
|j|☆disart
|html|regitron 21disart    
|uhtml|bestof|Game 2 of a best-of-3
|t:|1756522675
|gametype|doubles
|player|p1|regitron 21|shauntal|1063
|player|p2|disart|265|1013
|gen|9
|tier|[Gen 9] VGC 2025 Reg H (Bo3)
|rated|
|rule|Species Clause: Limit one of each Pokémon
|rule|Item Clause: Limit 1 of each item
|clearpoke
|poke|p1|Palafin, L50, M|
|poke|p1|Meowstic, L50, M|
|poke|p1|Volcarona, L50, M|
|poke|p1|Typhlosion-Hisui, L50, F|
|poke|p1|Whimsicott, L50, F|
|poke|p1|Dragonite, L50, F|
|poke|p2|Amoonguss, L50, F|
|poke|p2|Archaludon, L50, F|
|poke|p2|Pelipper, L50, M|
|poke|p2|Basculegion, L50, M|
|poke|p2|Incineroar, L50, F|
|poke|p2|Baxcalibur, L50, M|
|teampreview|4
|showteam|p1|Palafin||MysticWater|ZerotoHero|Protect,ThroatChop,JetPunch,CloseCombat|||M|||50|,,,,,Water]Meowstic||CovertCloak|Prankster|FakeOut,AlluringVoice,ThunderWave,SunnyDay|||M|||50|,,,,,Dark]Volcarona||Leftovers|FlameBody|GigaDrain,QuiverDance,BugBuzz,HeatWave|||M|||50|,,,,,Grass]Typhlosion-Hisui||LifeOrb|Blaze|Eruption,ShadowBall,HeatWave,Protect|||F|||50|,,,,,Fire]Whimsicott||FocusSash|Prankster|Moonblast,Taunt,Protect,Tailwind|||F|||50|,,,,,Grass]Dragonite||ClearAmulet|Multiscale|Tailwind,DragonDance,ExtremeSpeed,DragonClaw|||F|||50|,,,,,Normal
|showteam|p2|Amoonguss||MentalHerb|Regenerator|Spore,PollenPuff,RagePowder,Protect|||F|||50|,,,,,Water]Archaludon||PowerHerb|Stamina|ElectroShot,FlashCannon,DracoMeteor,Protect|||F|||50|,,,,,Electric]Pelipper||FocusSash|Drizzle|Hurricane,WeatherBall,Tailwind,Protect|||M|||50|,,,,,Ghost]Basculegion||ChoiceBand|SwiftSwim|FlipTurn,AquaJet,WaveCrash,LastRespects|||M|||50|,,,,,Water]Incineroar||RockyHelmet|Intimidate|FakeOut,PartingShot,KnockOff,FlareBlitz|||F|||50|,,,,,Ghost]Baxcalibur||LoadedDice|ThermalExchange|Protect,IcicleSpear,ScaleShot,GlaiveRush|||M|||50|,,,,,Fairy
|c|☆regitron 21|good luck in this match man
|
|t:|1756522698
|teamsize|p1|4
|teamsize|p2|4
|start
|switch|p1a: Dragonite|Dragonite, L50, F|100/100
|switch|p1b: Palafin|Palafin, L50, M|100/100
|switch|p2a: Incineroar|Incineroar, L50, F|100/100
|switch|p2b: Basculegion|Basculegion, L50, M|100/100
|-ability|p2a: Incineroar|Intimidate|boost
|-fail|p1a: Dragonite|unboost|[from] item: Clear Amulet|[of] p1a: Dragonite
|-unboost|p1b: Palafin|atk|1
|turn|1
|
|t:|1756522727
|detailschange|p1b: Palafin|Palafin-Hero, L50, M
|switch|p1b: Whimsicott|Whimsicott, L50, F|100/100
|move|p2a: Incineroar|Fake Out|p1b: Whimsicott
|-damage|p1b: Whimsicott|85/100
|move|p2b: Basculegion|Flip Turn|p1a: Dragonite
|-resisted|p1a: Dragonite
|-damage|p1a: Dragonite|90/100
|
|t:|1756522734
|switch|p2b: Pelipper|Pelipper, L50, M|100/100|[from] Flip Turn
|-weather|RainDance|[from] ability: Drizzle|[of] p2b: Pelipper
|move|p1a: Dragonite|Dragon Dance|p1a: Dragonite
|-boost|p1a: Dragonite|atk|1
|-boost|p1a: Dragonite|spe|1
|
|-weather|RainDance|[upkeep]
|upkeep
|turn|2
|
|t:|1756522756
|switch|p2a: Basculegion|Basculegion, L50, M|100/100
|move|p1b: Whimsicott|Taunt|p2b: Pelipper
|-start|p2b: Pelipper|move: Taunt
|move|p1a: Dragonite|Dragon Claw|p2b: Pelipper
|-damage|p2b: Pelipper|10/100
|move|p2b: Pelipper|Hurricane|p1b: Whimsicott
|-supereffective|p1b: Whimsicott
|-damage|p1b: Whimsicott|0 fnt
|faint|p1b: Whimsicott
|
|-weather|RainDance|[upkeep]
|upkeep
|
|t:|1756522767
|switch|p1b: Palafin|Palafin-Hero, L50, M|100/100
|-activate|p1b: Palafin|ability: Zero to Hero
|turn|3
|
|t:|1756522800
|switch|p2a: Incineroar|Incineroar, L50, F|100/100
|-ability|p2a: Incineroar|Intimidate|boost
|-fail|p1a: Dragonite|unboost|[from] item: Clear Amulet|[of] p1a: Dragonite
|-unboost|p1b: Palafin|atk|1
|move|p1b: Palafin|Throat Chop|p2a: Incineroar
|-resisted|p2a: Incineroar
|-damage|p2a: Incineroar|92/100
|-start|p2a: Incineroar|Throat Chop|[silent]
|-damage|p1b: Palafin|84/100|[from] item: Rocky Helmet|[of] p2a: Incineroar
|move|p1a: Dragonite|Tailwind|p1a: Dragonite
|-sidestart|p1: regitron 21|move: Tailwind
|move|p2b: Pelipper|Hurricane|p1a: Dragonite
|-damage|p1a: Dragonite|46/100
|
|-weather|RainDance|[upkeep]
|upkeep
|turn|4
|
|t:|1756522825
|move|p2a: Incineroar|Fake Out|p1b: Palafin
|-damage|p1b: Palafin|73/100
|cant|p1b: Palafin|flinch
|move|p1a: Dragonite|Dragon Claw|p2b: Pelipper
|-damage|p2b: Pelipper|0 fnt
|faint|p2b: Pelipper
|
|-weather|RainDance|[upkeep]
|-end|p2a: Incineroar|Throat Chop|[silent]
|upkeep
|
|t:|1756522837
|switch|p2b: Basculegion|Basculegion, L50, M|100/100
|turn|5
|
|t:|1756522862
|-terastallize|p1a: Dragonite|Normal
|-terastallize|p2a: Incineroar|Ghost
|move|p1a: Dragonite|Extreme Speed|p2a: Incineroar
|-immune|p2a: Incineroar
|move|p1b: Palafin|Throat Chop|p2b: Basculegion
|-supereffective|p2b: Basculegion
|-damage|p2b: Basculegion|47/100
|-start|p2b: Basculegion|Throat Chop|[silent]
|move|p2b: Basculegion|Last Respects|p1a: Dragonite
|-immune|p1a: Dragonite
|move|p2a: Incineroar|Parting Shot|p1b: Palafin
|-unboost|p1b: Palafin|atk|1
|-unboost|p1b: Palafin|spa|1
|
|t:|1756522874
|switch|p2a: Archaludon|Archaludon, L50, F|100/100|[from] Parting Shot
|
|-weather|none
|upkeep
|turn|6
|
|t:|1756522898
|switch|p1b: Typhlosion|Typhlosion-Hisui, L50, F|100/100
|switch|p2b: Incineroar|Incineroar, L50, F, tera:Ghost|92/100
|-ability|p2b: Incineroar|Intimidate|boost
|-fail|p1a: Dragonite|unboost|[from] item: Clear Amulet|[of] p1a: Dragonite
|-unboost|p1b: Typhlosion|atk|1
|move|p1a: Dragonite|Dragon Claw|p2b: Incineroar
|-damage|p2b: Incineroar|32/100
|-damage|p1a: Dragonite|29/100|[from] item: Rocky Helmet|[of] p2b: Incineroar
|move|p2a: Archaludon|Draco Meteor|p1a: Dragonite
|-damage|p1a: Dragonite|0 fnt
|-unboost|p2a: Archaludon|spa|2
|faint|p1a: Dragonite
|
|-sideend|p1: regitron 21|move: Tailwind
|upkeep
|
|t:|1756522912
|switch|p1a: Palafin|Palafin-Hero, L50, M|73/100
|turn|7
|
|t:|1756522921
|switch|p2a: Basculegion|Basculegion, L50, M|47/100
|move|p1a: Palafin|Protect|p1a: Palafin
|-singleturn|p1a: Palafin|Protect
|move|p2b: Incineroar|Fake Out|p1a: Palafin
|-activate|p1a: Palafin|move: Protect
|move|p1b: Typhlosion|Eruption|p2b: Incineroar|[spread] p2a,p2b
|-resisted|p2a: Basculegion
|-damage|p2a: Basculegion|6/100
|-damage|p2b: Incineroar|0 fnt
|faint|p2b: Incineroar
|-damage|p1b: Typhlosion|91/100|[from] item: Life Orb
|
|upkeep
|
|t:|1756522933
|switch|p2b: Archaludon|Archaludon, L50, F|100/100
|turn|8
|
|t:|1756522944
|move|p1a: Palafin|Jet Punch|p2a: Basculegion
|-resisted|p2a: Basculegion
|-damage|p2a: Basculegion|0 fnt
|faint|p2a: Basculegion
|move|p1b: Typhlosion|Eruption|p2b: Archaludon
|-damage|p2b: Archaludon|0 fnt
|faint|p2b: Archaludon
|-damage|p1b: Typhlosion|82/100|[from] item: Life Orb
|
|win|regitron 21
|raw|regitron 21's rating: 1063 → 1089(+26 for winning)
|raw|disart's rating: 1013 → 1003(-10 for losing)
|c|☆regitron 21|gg nice team man
|l|☆disart
|player|p2|
