|j|‽NemoAK
|j|☆doingVGCthings
|html|NemoAKdoingVGCthings    
|uhtml|bestof|Game 2 of a best-of-3
|t:|1757041778
|gametype|doubles
|player|p1|NemoAK|170|1090
|player|p2|doingVGCthings|swimmer-gen4dp|1242
|gen|9
|tier|[Gen 9] VGC 2025 Reg H (Bo3)
|rated|
|rule|Species Clause: Limit one of each Pokémon
|rule|Item Clause: Limit 1 of each item
|clearpoke
|poke|p1|Armarouge, L50, M|
|poke|p1|Garchomp, L50, M|
|poke|p1|Indeedee-F, L50, F|
|poke|p1|Murkrow, L50, M|
|poke|p1|Kingdra, L50, M|
|poke|p1|Torkoal, L50, M|
|poke|p2|Volcarona, L50, M|
|poke|p2|Dragonite, L50, F|
|poke|p2|Tyranitar, L50, M|
|poke|p2|Amoonguss, L50, M|
|poke|p2|Incineroar, L50, F|
|poke|p2|Basculegion, L50, M|
|teampreview|4
|showteam|p1|Armarouge||PowerHerb|FlashFire|ExpandingForce,ArmorCannon,MeteorBeam,TrickRoom|||M|||50|,,,,,Bug]Garchomp||LifeOrb|RoughSkin|BreakingSwipe,Protect,StompingTantrum,Earthquake|||M|||50|,,,,,Fairy]Indeedee-F||PsychicSeed|PsychicSurge|Psychic,TrickRoom,HelpingHand,FollowMe|||F|||50|,,,,,Fairy]Murkrow||Eviolite|Prankster|FoulPlay,RainDance,Haze,Tailwind|||M|||50|,,,,,Ghost]Kingdra||MysticWater|SwiftSwim|WeatherBall,DracoMeteor,MuddyWater,Protect|||M|||50|,,,,,Water]Torkoal||CovertCloak|Drought|Eruption,HeatWave,EarthPower,Protect|||M|||50|,,,,,Fire
|showteam|p2|Volcarona||CovertCloak|FlameBody|Protect,HeatWave,GigaDrain,QuiverDance|||M|||50|,,,,,Grass]Dragonite||LoadedDice|InnerFocus|Protect,ScaleShot,ExtremeSpeed,Haze|||F|||50|,,,,,Normal]Tyranitar||AssaultVest|SandStream|RockSlide,KnockOff,LowKick,TeraBlast|||M|||50|,,,,,Flying]Amoonguss||SitrusBerry|Regenerator|Protect,PollenPuff,Spore,RagePowder|||M|||50|,,,,,Fairy]Incineroar||SafetyGoggles|Intimidate|FlareBlitz,KnockOff,PartingShot,FakeOut|||F|||50|,,,,,Ghost]Basculegion||ChoiceScarf|Adaptability|WaveCrash,LastRespects,AquaJet,FlipTurn|||M|||50|,,,,,Grass
|inactive|Battle timer is ON: inactive players will automatically lose when time's up. (requested by doingVGCthings)
|
|t:|1757041792
|teamsize|p1|4
|teamsize|p2|4
|start
|switch|p1a: Armarouge|Armarouge, L50, M|100/100
|switch|p1b: Indeedee|Indeedee-F, L50, F|100/100
|switch|p2a: Dragonite|Dragonite, L50, F|100/100
|switch|p2b: Amoonguss|Amoonguss, L50, M|100/100
|-fieldstart|move: Psychic Terrain|[from] ability: Psychic Surge|[of] p1b: Indeedee
|-enditem|p1b: Indeedee|Psychic Seed
|-boost|p1b: Indeedee|spd|1|[from] item: Psychic Seed
|turn|1
|
|t:|1757041812
|move|p2a: Dragonite|Protect|p2a: Dragonite
|-singleturn|p2a: Dragonite|Protect
|move|p1b: Indeedee|Follow Me|p1b: Indeedee
|-singleturn|p1b: Indeedee|move: Follow Me
|move|p1a: Armarouge|Expanding Force|p2b: Amoonguss|[spread] p2b
|-activate|p2a: Dragonite|move: Protect
|-supereffective|p2b: Amoonguss
|-damage|p2b: Amoonguss|0 fnt
|faint|p2b: Amoonguss
|
|upkeep
|
|t:|1757041819
|switch|p2b: Tyranitar|Tyranitar, L50, M|100/100
|-weather|Sandstorm|[from] ability: Sand Stream|[of] p2b: Tyranitar
|turn|2
|inactive|doingVGCthings has 30 seconds left.
|inactive|doingVGCthings has 20 seconds left.
|
|t:|1757041855
|-terastallize|p1b: Indeedee|Fairy
|move|p1b: Indeedee|Follow Me|p1b: Indeedee
|-singleturn|p1b: Indeedee|move: Follow Me
|move|p2a: Dragonite|Scale Shot|p1b: Indeedee
|-immune|p1b: Indeedee
|move|p2b: Tyranitar|Rock Slide|p1b: Indeedee|[spread] p1a,p1b
|-supereffective|p1a: Armarouge
|-damage|p1a: Armarouge|40/100
|-damage|p1b: Indeedee|71/100
|move|p1a: Armarouge|Meteor Beam||[still]
|-prepare|p1a: Armarouge|Meteor Beam
|-boost|p1a: Armarouge|spa|1
|-enditem|p1a: Armarouge|Power Herb
|-anim|p1a: Armarouge|Meteor Beam|p2a: Dragonite
|-supereffective|p2a: Dragonite
|-damage|p2a: Dragonite|0 fnt
|faint|p2a: Dragonite
|
|-weather|Sandstorm|[upkeep]
|-damage|p1b: Indeedee|65/100|[from] Sandstorm
|-damage|p1a: Armarouge|34/100|[from] Sandstorm
|upkeep
|
|t:|1757041866
|switch|p2a: Volcarona|Volcarona, L50, M|100/100
|turn|3
|
|t:|1757041887
|switch|p1a: Torkoal|Torkoal, L50, M|100/100
|-weather|SunnyDay|[from] ability: Drought|[of] p1a: Torkoal
|move|p2a: Volcarona|Quiver Dance|p2a: Volcarona
|-boost|p2a: Volcarona|spa|1
|-boost|p2a: Volcarona|spd|1
|-boost|p2a: Volcarona|spe|1
|move|p2b: Tyranitar|Rock Slide|p1b: Indeedee|[spread] p1a,p1b
|-supereffective|p1a: Torkoal
|-damage|p1a: Torkoal|43/100
|-damage|p1b: Indeedee|31/100
|move|p1b: Indeedee|Trick Room|p1b: Indeedee
|-fieldstart|move: Trick Room|[of] p1b: Indeedee
|
|-weather|SunnyDay|[upkeep]
|upkeep
|turn|4
|
|t:|1757041906
|move|p1b: Indeedee|Helping Hand|p1a: Torkoal
|-singleturn|p1a: Torkoal|Helping Hand|[of] p1b: Indeedee
|move|p2a: Volcarona|Protect|p2a: Volcarona
|-singleturn|p2a: Volcarona|Protect
|move|p1a: Torkoal|Eruption|p2a: Volcarona|[spread] p2b
|-activate|p2a: Volcarona|move: Protect
|-resisted|p2b: Tyranitar
|-damage|p2b: Tyranitar|87/100
|move|p2b: Tyranitar|Rock Slide|p1a: Torkoal|[spread] p1b
|-miss|p2b: Tyranitar|p1a: Torkoal
|-damage|p1b: Indeedee|0 fnt
|faint|p1b: Indeedee
|
|-weather|SunnyDay|[upkeep]
|upkeep
|
|t:|1757041923
|switch|p1b: Armarouge|Armarouge, L50, M|34/100
|turn|5
|
|t:|1757041939
|move|p2a: Volcarona|Protect|p2a: Volcarona
|-singleturn|p2a: Volcarona|Protect
|move|p1a: Torkoal|Heat Wave|p2a: Volcarona|[spread] p2b
|-activate|p2a: Volcarona|move: Protect
|-resisted|p2b: Tyranitar
|-damage|p2b: Tyranitar|75/100
|move|p1b: Armarouge|Armor Cannon|p2a: Volcarona
|-activate|p2a: Volcarona|move: Protect
|move|p2b: Tyranitar|Knock Off|p1b: Armarouge
|-supereffective|p1b: Armarouge
|-damage|p1b: Armarouge|0 fnt
|faint|p1b: Armarouge
|
|-weather|SunnyDay|[upkeep]
|-fieldend|move: Psychic Terrain
|upkeep
|inactive|NemoAK has 30 seconds left.
|
|t:|1757041973
|switch|p1b: Garchomp|Garchomp, L50, M|100/100
|turn|6
|
|t:|1757041983
|move|p1a: Torkoal|Heat Wave|p2a: Volcarona|[spread] p2a,p2b
|-resisted|p2b: Tyranitar
|-damage|p2a: Volcarona|68/100
|-damage|p2b: Tyranitar|61/100
|move|p2b: Tyranitar|Rock Slide|p1a: Torkoal|[spread] p1a,p1b
|-supereffective|p1a: Torkoal
|-resisted|p1b: Garchomp
|-damage|p1a: Torkoal|0 fnt
|-damage|p1b: Garchomp|85/100
|faint|p1a: Torkoal
|move|p1b: Garchomp|Breaking Swipe|p2b: Tyranitar|[spread] p2a,p2b
|-damage|p2a: Volcarona|32/100
|-damage|p2b: Tyranitar|38/100
|-unboost|p2b: Tyranitar|atk|1
|-damage|p1b: Garchomp|75/100|[from] item: Life Orb
|move|p2a: Volcarona|Heat Wave|p1b: Garchomp
|-resisted|p1b: Garchomp
|-damage|p1b: Garchomp|12/100
|
|-weather|SunnyDay|[upkeep]
|upkeep
|turn|7
|
|t:|1757042008
|move|p2a: Volcarona|Protect|p2a: Volcarona
|-singleturn|p2a: Volcarona|Protect
|move|p2b: Tyranitar|Knock Off|p1b: Garchomp
|-damage|p1b: Garchomp|0 fnt
|-damage|p2b: Tyranitar|26/100|[from] ability: Rough Skin|[of] p1b: Garchomp
|-enditem|p1b: Garchomp|Life Orb|[from] move: Knock Off|[of] p2b: Tyranitar
|faint|p1b: Garchomp
|
|win|doingVGCthings
|raw|NemoAK's rating: 1090 → 1076(-14 for losing)
|raw|doingVGCthings's rating: 1242 → 1257(+15 for winning)
|l|‽NemoAK
|player|p1|
