|j|☆lShoots
|j|☆mackerjuan
|html|lShootsmackerjuan    
|uhtml|bestof|Game 3 of a best-of-3
|t:|1756199690
|gametype|doubles
|player|p1|lShoots|169|1123
|player|p2|mackerjuan|2|1226
|gen|9
|tier|[Gen 9] VGC 2025 Reg H (Bo3)
|rated|
|rule|Species Clause: Limit one of each Pokémon
|rule|Item Clause: Limit 1 of each item
|clearpoke
|poke|p1|Primarina, L50, F|
|poke|p1|Hydreigon, L50, F|
|poke|p1|Ursaluna-Bloodmoon, L50, M|
|poke|p1|Amoonguss, L50, F|
|poke|p1|Incineroar, L50, M|
|poke|p1|Gholdengo, L50|
|poke|p2|Incineroar, L50, F|
|poke|p2|Gholdengo, L50|
|poke|p2|Porygon2, L50|
|poke|p2|Ursaluna, L50, M|
|poke|p2|Amoonguss, L50, M|
|poke|p2|Hydreigon, L50, M|
|teampreview|4
|showteam|p1|Primarina||AssaultVest|LiquidVoice|Moonblast,HyperVoice,IcyWind,FlipTurn|||F|||50|,,,,,Dragon]Hydreigon||SafetyGoggles|Levitate|DracoMeteor,DarkPulse,Tailwind,Protect|||F|||50|,,,,,Poison]Ursaluna-Bloodmoon||LifeOrb|MindsEye|BloodMoon,EarthPower,HyperVoice,Protect|||M|||50|,,,,,Normal]Amoonguss||RockyHelmet|EffectSpore|Spore,RagePowder,SludgeBomb,PollenPuff|||F|||50|,,,,,Water]Incineroar||SitrusBerry|Intimidate|KnockOff,FlareBlitz,FakeOut,PartingShot|||M|||50|,,,,,Ghost]Gholdengo||MetalCoat|GoodasGold|MakeItRain,ShadowBall,NastyPlot,Protect||||||50|,,,,,Water
|showteam|p2|Incineroar||SafetyGoggles|Intimidate|FlareBlitz,KnockOff,FakeOut,PartingShot|||F|||50|,,,,,Ghost]Gholdengo||LifeOrb|GoodasGold|MakeItRain,ShadowBall,NastyPlot,Protect||||||50|,,,,,Water]Porygon2||Eviolite|Download|TeraBlast,IceBeam,Recover,TrickRoom||||||50|,,,,,Fighting]Ursaluna||FlameOrb|Guts|Facade,HeadlongRush,Earthquake,Protect|||M|||50|,,,,,Ghost]Amoonguss||SitrusBerry|Regenerator|PollenPuff,Spore,RagePowder,Protect|||M|||50|,,,,,Water]Hydreigon||CovertCloak|Levitate|Taunt,Tailwind,DracoMeteor,Snarl|||M|||50|,,,,,Steel
|inactive|Battle timer is ON: inactive players will automatically lose when time's up. (requested by mackerjuan)
|inactive|lShoots has 60 seconds left.
|inactive|mackerjuan has 60 seconds left.
|
|t:|1756199729
|teamsize|p1|4
|teamsize|p2|4
|start
|switch|p1a: Incineroar|Incineroar, L50, M|100/100
|switch|p1b: Hydreigon|Hydreigon, L50, F, shiny|100/100
|switch|p2a: Hydreigon|Hydreigon, L50, M|100/100
|switch|p2b: Amoonguss|Amoonguss, L50, M|100/100
|-ability|p1a: Incineroar|Intimidate|boost
|-unboost|p2a: Hydreigon|atk|1
|-unboost|p2b: Amoonguss|atk|1
|turn|1
|
|t:|1756199750
|-terastallize|p2a: Hydreigon|Steel
|move|p2b: Amoonguss|Protect|p2b: Amoonguss
|-singleturn|p2b: Amoonguss|Protect
|move|p2a: Hydreigon|Snarl|p1b: Hydreigon|[spread] p1a,p1b
|-resisted|p1a: Incineroar
|-resisted|p1b: Hydreigon
|-damage|p1a: Incineroar|94/100
|-damage|p1b: Hydreigon|90/100
|-unboost|p1a: Incineroar|spa|1
|-unboost|p1b: Hydreigon|spa|1
|move|p1b: Hydreigon|Draco Meteor|p2a: Hydreigon
|-resisted|p2a: Hydreigon
|-damage|p2a: Hydreigon|78/100
|-unboost|p1b: Hydreigon|spa|2
|move|p1a: Incineroar|Flare Blitz|p2a: Hydreigon
|-supereffective|p2a: Hydreigon
|-damage|p2a: Hydreigon|0 fnt
|faint|p2a: Hydreigon
|-damage|p1a: Incineroar|70/100|[from] Recoil
|
|upkeep
|
|t:|1756199772
|switch|p2a: Ursaluna|Ursaluna, L50, M|100/100
|turn|2
|inactive|lShoots has 30 seconds left.
|inactive|mackerjuan has 30 seconds left.
|inactive|lShoots has 20 seconds left.
|
|t:|1756199807
|move|p1b: Hydreigon|Dark Pulse|p2a: Ursaluna
|-crit|p2a: Ursaluna
|-damage|p2a: Ursaluna|48/100
|move|p2a: Ursaluna|Headlong Rush|p1a: Incineroar
|-supereffective|p1a: Incineroar
|-damage|p1a: Incineroar|0 fnt
|-unboost|p2a: Ursaluna|def|1
|-unboost|p2a: Ursaluna|spd|1
|faint|p1a: Incineroar
|move|p2b: Amoonguss|Spore|p1b: Hydreigon
|-activate|p1b: Hydreigon|item: Safety Goggles|Spore
|
|-status|p2a: Ursaluna|brn|[from] item: Flame Orb
|upkeep
|
|t:|1756199822
|switch|p1a: Ursaluna|Ursaluna-Bloodmoon, L50, M|100/100
|turn|3
|
|t:|1756199835
|-terastallize|p1a: Ursaluna|Normal
|move|p2b: Amoonguss|Rage Powder|p2b: Amoonguss
|-singleturn|p2b: Amoonguss|move: Rage Powder
|move|p1b: Hydreigon|Tailwind|p1b: Hydreigon
|-sidestart|p1: lShoots|move: Tailwind
|move|p1a: Ursaluna|Hyper Voice|p2b: Amoonguss|[spread] p2a,p2b
|-damage|p2a: Ursaluna|0 fnt
|-damage|p2b: Amoonguss|49/100
|-enditem|p2b: Amoonguss|Sitrus Berry|[eat]
|-heal|p2b: Amoonguss|74/100|[from] item: Sitrus Berry
|faint|p2a: Ursaluna
|-damage|p1a: Ursaluna|91/100|[from] item: Life Orb
|
|upkeep
|
|t:|1756199847
|switch|p2a: Gholdengo|Gholdengo, L50|100/100
|turn|4
|
|t:|1756199862
|move|p1a: Ursaluna|Protect|p1a: Ursaluna
|-singleturn|p1a: Ursaluna|Protect
|move|p2a: Gholdengo|Protect|p2a: Gholdengo
|-singleturn|p2a: Gholdengo|Protect
|move|p1b: Hydreigon|Dark Pulse|p2a: Gholdengo
|-activate|p2a: Gholdengo|move: Protect
|move|p2b: Amoonguss|Spore|p1a: Ursaluna
|-activate|p1a: Ursaluna|move: Protect
|
|upkeep
|turn|5
|
|t:|1756199879
|move|p2a: Gholdengo|Protect||[still]
|-fail|p2a: Gholdengo
|move|p1b: Hydreigon|Dark Pulse|p2a: Gholdengo
|-supereffective|p2a: Gholdengo
|-damage|p2a: Gholdengo|68/100
|move|p1a: Ursaluna|Blood Moon|p2b: Amoonguss
|-damage|p2b: Amoonguss|0 fnt
|faint|p2b: Amoonguss
|-damage|p1a: Ursaluna|81/100|[from] item: Life Orb
|
|upkeep
|turn|6
|-message|mackerjuan forfeited.
|
|win|lShoots
|raw|lShoots's rating: 1123 → 1155(+32 for winning)
|raw|mackerjuan's rating: 1226 → 1194(-32 for losing)
