|j|☆Declan777
|j|‽pikajah12
|html|Declan777pikajah12    
|uhtml|bestof|Game 2 of a best-of-3
|t:|1784049804
|gametype|doubles
|player|p1|Declan777|unknown|1040
|player|p2|pikajah12|gambler|1028
|gen|9
|tier|[Gen 9 Champions] VGC 2026 Reg M-B (Bo3)
|rated|
|rule|Species Clause: Limit one of each Pokémon
|rule|Item Clause: Limit 1 of each item
|clearpoke
|poke|p1|Ampharos, L50, M|
|poke|p1|Sinistcha, L50|
|poke|p1|Metagross, L50, shiny|
|poke|p1|Toxapex, L50, F|
|poke|p1|Ceruledge, L50, M|
|poke|p1|Tauros-Paldea-Aqua, L50, M|
|poke|p2|Farigiraf, L50, F|
|poke|p2|Camerupt, L50, M|
|poke|p2|Meowscarada, L50, F|
|poke|p2|Torkoal, L50, F|
|poke|p2|Kangaskhan, L50, F|
|poke|p2|Rampardos, L50, M|
|teampreview|4
|showteam|p1|Ampharos||Ampharosite|Static|CottonGuard,Thunderbolt,DragonPulse,Protect|Modest||M|||50|]Sinistcha||SitrusBerry|Hospitality|TrickRoom,MatchaGotcha,LifeDew,Protect|Bold|||||50|]Metagross||Metagrossite|ClearBody|IronHead,BulletPunch,PsychicFangs,Protect|Jolly|||||50|]Toxapex||Leftovers|Regenerator|Toxic,BanefulBunker,Infestation,WideGuard|Sassy||F|||50|]Ceruledge||ColburBerry|FlashFire|BitterBlade,BulkUp,ShadowSneak,Protect|Jolly||M|||50|]Tauros-Paldea-Aqua||LifeOrb|Intimidate|AquaJet,CloseCombat,WaveCrash,Protect|Jolly||M|||50|
|showteam|p2|Farigiraf||SitrusBerry|ArmorTail|Psychic,Thunderbolt,TrickRoom,HelpingHand|Sassy||F|||50|]Camerupt||Cameruptite|SolidRock|Eruption,HeatWave,EarthPower,Protect|Quiet||M|||50|]Meowscarada||ChoiceScarf|Protean|FlowerTrick,TripleAxel,KnockOff,Uturn|Jolly||F|||50|]Torkoal||Charcoal|Drought|Eruption,HeatWave,SolarBeam,HelpingHand|Quiet||F|||50|]Kangaskhan||Kangaskhanite|InnerFocus|FakeOut,DoubleEdge,SuckerPunch,RockSlide|Brave||F|||50|]Rampardos||LifeOrb|SheerForce|RockSlide,FirePunch,BrickBreak,DragonClaw|Brave||M|||50|
|inactive|Battle timer is ON: inactive players will automatically lose when time's up. (requested by Declan777)
|inactive|Declan777 has 60 seconds left.
|
|t:|1784049853
|teamsize|p1|4
|teamsize|p2|4
|start
|switch|p1a: Ampharos|Ampharos, L50, M|100/100
|switch|p1b: Sinistcha|Sinistcha, L50|100/100
|switch|p2a: Farigiraf|Farigiraf, L50, F|100/100
|switch|p2b: Rampardos|Rampardos, L50, M|100/100
|turn|1
|inactive|Declan777 has 30 seconds left.
|
|t:|1784049886
|detailschange|p1a: Ampharos|Ampharos-Mega, L50, M
|-mega|p1a: Ampharos|Ampharos|Ampharosite
|-ability|p1a: Ampharos|Mold Breaker
|move|p1b: Sinistcha|Matcha Gotcha|p2b: Rampardos|[spread] p2a,p2b
|-supereffective|p2b: Rampardos|1
|-damage|p2a: Farigiraf|76/100
|-damage|p2b: Rampardos|31/100
|move|p2b: Rampardos|Rock Slide|p1b: Sinistcha|[spread] p1a
|-miss|p2b: Rampardos|p1b: Sinistcha
|-damage|p1a: Ampharos|42/100
|move|p1a: Ampharos|Cotton Guard|p1a: Ampharos
|-boost|p1a: Ampharos|def|3
|move|p2a: Farigiraf|Trick Room|p2a: Farigiraf
|-fieldstart|move: Trick Room|[of] p2a: Farigiraf
|
|upkeep
|turn|2
|inactive|pikajah12 has 30 seconds left.
|
|t:|1784049914
|switch|p1b: Toxapex|Toxapex, L50, F|100/100
|move|p1a: Ampharos|Protect|p1a: Ampharos
|-singleturn|p1a: Ampharos|Protect
|move|p2b: Rampardos|Rock Slide|p1a: Ampharos|[spread] 
|-activate|p1a: Ampharos|move: Protect
|-miss|p2b: Rampardos|p1b: Toxapex
|move|p2a: Farigiraf|Psychic|p1a: Ampharos
|-activate|p1a: Ampharos|move: Protect
|
|upkeep
|turn|3
|inactive|Declan777 has 30 seconds left.
|inactive|Declan777 has 20 seconds left.
|inactive|Declan777 has 15 seconds left.
|
|t:|1784049958
|move|p1b: Toxapex|Toxic|p2a: Farigiraf
|-status|p2a: Farigiraf|tox
|move|p1a: Ampharos|Thunderbolt|p2b: Rampardos
|-damage|p2b: Rampardos|0 fnt
|faint|p2b: Rampardos
|move|p2a: Farigiraf|Psychic|p1b: Toxapex
|-supereffective|p1b: Toxapex|1
|-damage|p1b: Toxapex|50/100g
|
|-heal|p1b: Toxapex|56/100|[from] item: Leftovers
|-damage|p2a: Farigiraf|69/100 tox|[from] psn
|upkeep
|
|t:|1784049967
|switch|p2b: Camerupt|Camerupt, L50, M|100/100
|turn|4
|
|t:|1784049983
|-heal|p1b: Toxapex|89/100|[from] ability: Regenerator|[silent]
|switch|p1b: Sinistcha|Sinistcha, L50|100/100
|-heal|p1a: Ampharos|67/100|[from] ability: Hospitality|[of] p1b: Sinistcha
|detailschange|p2b: Camerupt|Camerupt-Mega, L50, M
|-mega|p2b: Camerupt|Camerupt|Cameruptite
|move|p2b: Camerupt|Earth Power|p1a: Ampharos
|-supereffective|p1a: Ampharos|1
|-damage|p1a: Ampharos|0 fnt
|faint|p1a: Ampharos
|move|p2a: Farigiraf|Psychic|p1b: Sinistcha
|-damage|p1b: Sinistcha|69/100
|
|-damage|p2a: Farigiraf|57/100 tox|[from] psn
|upkeep
|
|t:|1784049998
|switch|p1a: Toxapex|Toxapex, L50, F|89/100
|turn|5
|inactive|Declan777 has 30 seconds left.
|inactive|Declan777 has 20 seconds left.
|
|t:|1784050038
|switch|p2b: Meowscarada|Meowscarada, L50, F|100/100
|move|p1a: Toxapex|Baneful Bunker|p1a: Toxapex
|-singleturn|p1a: Toxapex|move: Protect
|move|p2a: Farigiraf|Psychic|p1a: Toxapex
|-activate|p1a: Toxapex|move: Protect
|move|p1b: Sinistcha|Life Dew|p1b: Sinistcha|[spread] p1a,p1b
|-heal|p1a: Toxapex|100/100
|-heal|p1b: Sinistcha|94/100
|
|-damage|p2a: Farigiraf|38/100 tox|[from] psn
|-fieldend|move: Trick Room
|upkeep
|-enditem|p2a: Farigiraf|Sitrus Berry|[eat]
|-heal|p2a: Farigiraf|63/100 tox|[from] item: Sitrus Berry
|turn|6
|inactive|Declan777 has 30 seconds left.
|inactive|pikajah12 has 30 seconds left.
|inactive|pikajah12 has 20 seconds left.
|
|t:|1784050075
|switch|p1b: Ceruledge|Ceruledge, L50, M|100/100
|move|p2b: Meowscarada|Triple Axel|p1b: Ceruledge
|-start|p2b: Meowscarada|typechange|Ice|[from] ability: Protean
|-resisted|p1b: Ceruledge|1
|-damage|p1b: Ceruledge|92/100
|-resisted|p1b: Ceruledge|1
|-damage|p1b: Ceruledge|81/100
|-resisted|p1b: Ceruledge|1
|-crit|p1b: Ceruledge
|-damage|p1b: Ceruledge|52/100
|-hitcount|p1b: Ceruledge|3
|move|p2a: Farigiraf|Psychic|p1b: Ceruledge
|-damage|p1b: Ceruledge|15/100
|move|p1a: Toxapex|Infestation|p2b: Meowscarada
|-damage|p2b: Meowscarada|94/100
|-activate|p2b: Meowscarada|move: Infestation|[of] p1a: Toxapex
|
|-damage|p2a: Farigiraf|38/100 tox|[from] psn
|-damage|p2b: Meowscarada|82/100|[from] move: Infestation|[partiallytrapped]
|upkeep
|turn|7
|inactive|Declan777 has 30 seconds left.
|
|t:|1784050102
|move|p1b: Ceruledge|Protect|p1b: Ceruledge
|-singleturn|p1b: Ceruledge|Protect
|move|p2b: Meowscarada|Triple Axel|p1b: Ceruledge
|-activate|p1b: Ceruledge|move: Protect
|move|p1a: Toxapex|Toxic|p2b: Meowscarada
|-status|p2b: Meowscarada|tox
|move|p2a: Farigiraf|Trick Room|p2a: Farigiraf
|-fieldstart|move: Trick Room|[of] p2a: Farigiraf
|
|-damage|p2a: Farigiraf|7/100 tox|[from] psn
|-damage|p2b: Meowscarada|76/100 tox|[from] psn
|-damage|p2b: Meowscarada|64/100 tox|[from] move: Infestation|[partiallytrapped]
|upkeep
|turn|8
|inactive|Declan777 has 30 seconds left.
|
|t:|1784050135
|move|p1b: Ceruledge|Shadow Sneak||[still]
|cant|p2a: Farigiraf|ability: Armor Tail|Shadow Sneak|[of] p1b: Ceruledge
|move|p1a: Toxapex|Infestation|p2a: Farigiraf
|-supereffective|p2a: Farigiraf|1
|-damage|p2a: Farigiraf|1/100 tox
|-activate|p2a: Farigiraf|move: Infestation|[of] p1a: Toxapex
|move|p2a: Farigiraf|Psychic|p1a: Toxapex
|-supereffective|p1a: Toxapex|1
|-damage|p1a: Toxapex|50/100g
|move|p2b: Meowscarada|Triple Axel|p1b: Ceruledge
|-resisted|p1b: Ceruledge|1
|-damage|p1b: Ceruledge|8/100
|-resisted|p1b: Ceruledge|1
|-damage|p1b: Ceruledge|0 fnt
|faint|p1b: Ceruledge
|-hitcount|p1: Ceruledge|2
|
|-heal|p1a: Toxapex|56/100|[from] item: Leftovers
|-damage|p2a: Farigiraf|0 fnt|[from] psn
|faint|p2a: Farigiraf
|-damage|p2b: Meowscarada|52/100 tox|[from] psn
|-damage|p2b: Meowscarada|39/100 tox|[from] move: Infestation|[partiallytrapped]
|upkeep
|
|t:|1784050145
|switch|p2a: Camerupt|Camerupt-Mega, L50, M|100/100
|switch|p1b: Sinistcha|Sinistcha, L50|94/100
|-heal|p1a: Toxapex|80/100|[from] ability: Hospitality|[of] p1b: Sinistcha
|turn|9
|inactive|Declan777 has 30 seconds left.
|inactive|Declan777 has 20 seconds left.
|
|t:|1784050183
|move|p2a: Camerupt|Earth Power|p1a: Toxapex
|-supereffective|p1a: Toxapex|1
|-damage|p1a: Toxapex|0 fnt
|faint|p1a: Toxapex
|move|p1b: Sinistcha|Matcha Gotcha|p2a: Camerupt|[spread] p2a,p2b
|-damage|p2a: Camerupt|74/100
|-heal|p1b: Sinistcha|100/100|[from] drain|[of] p2a: Camerupt
|-damage|p2b: Meowscarada|1/100 tox
|move|p2b: Meowscarada|Triple Axel|p1b: Sinistcha
|-supereffective|p1b: Sinistcha|1
|-damage|p1b: Sinistcha|83/100
|-hitcount|p1b: Sinistcha|1
|
|-damage|p2b: Meowscarada|0 fnt|[from] psn
|faint|p2b: Meowscarada
|upkeep
|turn|10
|
|t:|1784050196
|move|p1b: Sinistcha|Protect|p1b: Sinistcha
|-singleturn|p1b: Sinistcha|Protect
|move|p2a: Camerupt|Eruption|p1b: Sinistcha
|-activate|p1b: Sinistcha|move: Protect
|
|upkeep
|turn|11
|
|t:|1784050202
|move|p1b: Sinistcha|Protect|p1b: Sinistcha
|-singleturn|p1b: Sinistcha|Protect
|move|p2a: Camerupt|Heat Wave|p1b: Sinistcha
|-activate|p1b: Sinistcha|move: Protect
|
|-fieldend|move: Trick Room
|upkeep
|turn|12
|
|t:|1784050205
|move|p1b: Sinistcha|Matcha Gotcha|p2a: Camerupt
|-damage|p2a: Camerupt|44/100
|-heal|p1b: Sinistcha|98/100|[from] drain|[of] p2a: Camerupt
|move|p2a: Camerupt|Heat Wave|p1b: Sinistcha
|-supereffective|p1b: Sinistcha|1
|-damage|p1b: Sinistcha|0 fnt
|faint|p1b: Sinistcha
|
|win|pikajah12
