|j|☆AnriVGC
|j|☆funnymann66
|html|AnriVGCfunnymann66    
|uhtml|bestof|Game 3 of a best-of-3
|t:|1756496207
|gametype|doubles
|player|p1|AnriVGC|hilda-masters3|1088
|player|p2|funnymann66|lucas-gen4pt|1044
|gen|9
|tier|[Gen 9] VGC 2025 Reg H (Bo3)
|rated|
|rule|Species Clause: Limit one of each Pokémon
|rule|Item Clause: Limit 1 of each item
|clearpoke
|poke|p1|Gholdengo, L50|
|poke|p1|Sneasler, L50, F|
|poke|p1|Rillaboom, L50, F|
|poke|p1|Dragonite, L50, F|
|poke|p1|Ninetales-Alola, L50, M|
|poke|p1|Arcanine-Hisui, L50, M|
|poke|p2|Annihilape, L50, M|
|poke|p2|Archaludon, L50, M|
|poke|p2|Maushold, L50|
|poke|p2|Pelipper, L50, M|
|poke|p2|Sinistcha, L50|
|poke|p2|Ursaluna, L50, M|
|teampreview|4
|showteam|p1|Gholdengo||GrassySeed|GoodasGold|NastyPlot,MakeItRain,ShadowBall,Protect||||||50|,,,,,Water]Sneasler||FocusSash|Unburden|CloseCombat,DireClaw,Coaching,FakeOut|||F|||50|,,,,,Ghost]Rillaboom||AssaultVest|GrassySurge|FakeOut,DrumBeating,HighHorsepower,GrassyGlide|||F|||50|,,,,,Fire]Dragonite||LoadedDice|Multiscale|ScaleShot,StompingTantrum,Haze,Protect|||F|||50|,,,,,Steel]Ninetales-Alola||LightClay|SnowWarning|IcyWind,Blizzard,Moonblast,AuroraVeil|||M|||50|,,,,,Water]Arcanine-Hisui||ClearAmulet|Intimidate|RockSlide,FlareBlitz,ExtremeSpeed,Protect|||M|||50|,,,,,Grass
|showteam|p2|Annihilape||Leftovers|Defiant|DrainPunch,RageFist,Protect,BulkUp|||M|||50|,,,,,Steel]Archaludon||AssaultVest|Stamina|FlashCannon,DragonPulse,ElectroShot,BodyPress|||M|||50|,,,,,Bug]Maushold||SafetyGoggles|FriendGuard|FollowMe,Protect,BeatUp,Taunt||||||50|,,,,,Ghost]Pelipper||FocusSash|Drizzle|Hurricane,WeatherBall,Protect,Tailwind|||M|||50|,,,,,Flying]Sinistcha||SitrusBerry|Hospitality|MatchaGotcha,TrickRoom,RagePowder,LifeDew||||||50|,,,,,Fire]Ursaluna||FlameOrb|Guts|HeadlongRush,Facade,PlayRough,Protect|||M|||50|,,,,,Fairy
|inactive|Battle timer is ON: inactive players will automatically lose when time's up. (requested by funnymann66)
|inactive|funnymann66 has 60 seconds left.
|
|t:|1756496247
|teamsize|p1|4
|teamsize|p2|4
|start
|switch|p1a: Dragonite|Dragonite, L50, F|100/100
|switch|p1b: Sneasler|Sneasler, L50, F|100/100
|switch|p2a: Archaludon|Archaludon, L50, M|100/100
|switch|p2b: Pelipper|Pelipper, L50, M|100/100
|-weather|RainDance|[from] ability: Drizzle|[of] p2b: Pelipper
|turn|1
|inactive|funnymann66 has 30 seconds left.
|
|t:|1756496272
|move|p2b: Pelipper|Protect|p2b: Pelipper
|-singleturn|p2b: Pelipper|Protect
|move|p1b: Sneasler|Fake Out|p2b: Pelipper
|-activate|p2b: Pelipper|move: Protect
|move|p1a: Dragonite|Stomping Tantrum|p2a: Archaludon
|-supereffective|p2a: Archaludon
|-damage|p2a: Archaludon|60/100
|-ability|p2a: Archaludon|Stamina|boost
|-boost|p2a: Archaludon|def|1
|move|p2a: Archaludon|Electro Shot||[still]
|-prepare|p2a: Archaludon|Electro Shot
|-boost|p2a: Archaludon|spa|1
|-anim|p2a: Archaludon|Electro Shot|p1b: Sneasler
|-damage|p1b: Sneasler|11/100
|
|-weather|RainDance|[upkeep]
|upkeep
|turn|2
|inactive|funnymann66 has 30 seconds left.
|inactive|AnriVGC has 30 seconds left.
|inactive|funnymann66 has 20 seconds left.
|
|t:|1756496314
|-terastallize|p2a: Archaludon|Bug
|move|p1b: Sneasler|Coaching|p1a: Dragonite
|-boost|p1a: Dragonite|atk|1
|-boost|p1a: Dragonite|def|1
|move|p1a: Dragonite|Scale Shot|p2b: Pelipper
|-damage|p2b: Pelipper|69/100
|-damage|p2b: Pelipper|39/100
|-damage|p2b: Pelipper|9/100
|-damage|p2b: Pelipper|0 fnt
|faint|p2b: Pelipper
|-hitcount|p2: Pelipper|4
|-unboost|p1a: Dragonite|def|1
|-boost|p1a: Dragonite|spe|1
|move|p2a: Archaludon|Dragon Pulse|p1b: Sneasler
|-damage|p1b: Sneasler|0 fnt
|faint|p1b: Sneasler
|
|-weather|RainDance|[upkeep]
|upkeep
|
|t:|1756496329
|switch|p1b: Ninetales|Ninetales-Alola, L50, M|100/100
|switch|p2b: Maushold|Maushold, L50|100/100
|-weather|Snowscape|[from] ability: Snow Warning|[of] p1b: Ninetales
|turn|3
|inactive|funnymann66 has 30 seconds left.
|
|t:|1756496356
|move|p1a: Dragonite|Scale Shot|p2a: Archaludon
|-damage|p2a: Archaludon|53/100
|-ability|p2a: Archaludon|Stamina|boost
|-boost|p2a: Archaludon|def|1
|-crit|p2a: Archaludon
|-damage|p2a: Archaludon|36/100
|-ability|p2a: Archaludon|Stamina|boost
|-boost|p2a: Archaludon|def|1
|-damage|p2a: Archaludon|30/100
|-ability|p2a: Archaludon|Stamina|boost
|-boost|p2a: Archaludon|def|1
|-damage|p2a: Archaludon|27/100
|-ability|p2a: Archaludon|Stamina|boost
|-boost|p2a: Archaludon|def|1
|-hitcount|p2a: Archaludon|4
|-unboost|p1a: Dragonite|def|1
|-boost|p1a: Dragonite|spe|1
|move|p2b: Maushold|Beat Up|p1a: Dragonite
|-damage|p1a: Dragonite|99/100
|-damage|p1a: Dragonite|95/100
|-crit|p1a: Dragonite
|-damage|p1a: Dragonite|89/100
|-hitcount|p1a: Dragonite|3
|move|p1b: Ninetales|Aurora Veil|p1b: Ninetales
|-sidestart|p1: AnriVGC|move: Aurora Veil
|move|p2a: Archaludon|Dragon Pulse|p1a: Dragonite
|-supereffective|p1a: Dragonite
|-damage|p1a: Dragonite|11/100
|
|-weather|Snowscape|[upkeep]
|upkeep
|turn|4
|inactive|funnymann66 has 30 seconds left.
|inactive|funnymann66 has 20 seconds left.
|inactive|AnriVGC has 30 seconds left.
|inactive|funnymann66 has 15 seconds left.
|inactive|funnymann66 has 10 seconds left.
|
|t:|1756496404
|move|p2b: Maushold|Follow Me|p2b: Maushold
|-singleturn|p2b: Maushold|move: Follow Me
|move|p1a: Dragonite|Haze|p1a: Dragonite
|-clearallboost
|move|p1b: Ninetales|Blizzard|p2a: Archaludon|[spread] p2a,p2b
|-damage|p2a: Archaludon|14/100
|-damage|p2b: Maushold|72/100
|-ability|p2a: Archaludon|Stamina|boost
|-boost|p2a: Archaludon|def|1
|move|p2a: Archaludon|Flash Cannon|p1b: Ninetales
|-supereffective|p1b: Ninetales
|-damage|p1b: Ninetales|0 fnt
|faint|p1b: Ninetales
|
|-weather|Snowscape|[upkeep]
|upkeep
|
|t:|1756496414
|switch|p1b: Gholdengo|Gholdengo, L50|100/100
|turn|5
|
|t:|1756496434
|move|p2b: Maushold|Protect|p2b: Maushold
|-singleturn|p2b: Maushold|Protect
|move|p1a: Dragonite|Scale Shot|p2b: Maushold
|-activate|p2b: Maushold|move: Protect
|move|p1b: Gholdengo|Nasty Plot|p1b: Gholdengo
|-boost|p1b: Gholdengo|spa|2
|move|p2a: Archaludon|Dragon Pulse|p1a: Dragonite
|-supereffective|p1a: Dragonite
|-damage|p1a: Dragonite|0 fnt
|faint|p1a: Dragonite
|
|-weather|Snowscape|[upkeep]
|upkeep
|turn|6
|
|t:|1756496455
|move|p2b: Maushold|Beat Up|p1b: Gholdengo
|-supereffective|p1b: Gholdengo
|-damage|p1b: Gholdengo|98/100
|-supereffective|p1b: Gholdengo
|-damage|p1b: Gholdengo|95/100
|-supereffective|p1b: Gholdengo
|-damage|p1b: Gholdengo|93/100
|-hitcount|p1b: Gholdengo|3
|move|p1b: Gholdengo|Make It Rain|p2a: Archaludon|[spread] p2a,p2b
|-damage|p2a: Archaludon|0 fnt
|-damage|p2b: Maushold|0 fnt
|-unboost|p1b: Gholdengo|spa|1
|faint|p2a: Archaludon
|faint|p2b: Maushold
|
|-weather|Snowscape|[upkeep]
|upkeep
|
|t:|1756496458
|switch|p2b: Annihilape|Annihilape, L50, M|100/100
|turn|7
|
|t:|1756496469
|-terastallize|p1b: Gholdengo|Water
|move|p1b: Gholdengo|Shadow Ball|p2b: Annihilape
|-supereffective|p2b: Annihilape
|-damage|p2b: Annihilape|0 fnt
|faint|p2b: Annihilape
|
|win|AnriVGC
|raw|AnriVGC's rating: 1088 → 1111(+23 for winning)
|raw|funnymann66's rating: 1044 → 1029(-15 for losing)
