|j|вҳҶYei_Lai
|j|вҳҶKotestplayer
|html|Yei_LaiKotestplayer    
|uhtml|bestof|Game 1 of a best-of-3
|t:|1786193937
|gametype|doubles
|player|p1|Yei_Lai|dawn|
|player|p2|Kotestplayer|266|
|gen|9
|tier|[Gen 9 Champions] VGC 2026 Reg M-B (Bo3)
|rule|Species Clause: Limit one of each PokГ©mon
|rule|Item Clause: Limit 1 of each item
|clearpoke
|poke|p1|Charizard, L50, F|
|poke|p1|Garchomp, L50, F|
|poke|p1|Whimsicott, L50, F|
|poke|p1|Basculegion, L50, M|
|poke|p1|Floette-Eternal, L50, F|
|poke|p1|Kingambit, L50, F|
|poke|p2|Whimsicott, L50, M|
|poke|p2|Garchomp, L50, F|
|poke|p2|Sylveon, L50, M|
|poke|p2|Gholdengo, L50|
|poke|p2|Gyarados, L50, M|
|poke|p2|Raichu, L50, M|
|teampreview|4
|showteam|p1|Charizard||CharizarditeY|Blaze|HeatWave,SolarBeam,WeatherBall,Protect|Modest||F|||50|]Garchomp||LifeOrb|RoughSkin|DragonClaw,StompingTantrum,RockSlide,Protect|Jolly||F|||50|]Whimsicott||FocusSash|Prankster|Moonblast,Tailwind,Encore,Protect|Timid||F|||50|]Basculegion||MysticWater|Adaptability|WaveCrash,AquaJet,Protect,LastRespects|Adamant||M|||50|]Floette-Eternal||Floettite|FlowerVeil|Moonblast,DazzlingGleam,LightofRuin,Protect|Timid||F|||50|]Kingambit||ChopleBerry|Defiant|KowtowCleave,LowKick,SuckerPunch,IronHead|Adamant||F|||50|
|showteam|p2|Whimsicott||FocusSash|Prankster|Moonblast,Tailwind,Encore,Protect|Timid||M|||50|]Garchomp||LifeOrb|RoughSkin|DragonClaw,StompingTantrum,RockSlide,Protect|Jolly||F|||50|]Sylveon||FairyFeather|Pixilate|HyperVoice,HyperBeam,QuickAttack,Detect|Modest||M|||50|]Gholdengo||SitrusBerry|GoodasGold|MakeItRain,ShadowBall,NastyPlot,Protect|Modest|||||50|]Gyarados||Gyaradosite|Intimidate|Waterfall,IceFang,LashOut,Protect|Adamant||M|||50|]Raichu||RaichuniteY|Static|FakeOut,ZapCannon,FocusBlast,Protect|Timid||M|||50|
|c|вҳҶKotestplayer|дҪ еҘҪ жҲ‘иІјеҖӢйҖЈзөҗпјҢеҸҜд»ҘдёҚй–ӢжҷӮй–“е—Һпјҹ
|c|вҳҶYei_Lai|еҘҪзҡ„
|c|вҳҶYei_Lai|жҲ‘йҖҷйӮҠOKдәҶ
|l|вҳҶKotestplayer
|player|p2|
|c|вҳҶYei_Lai|дҪ жә–еӮҷеҘҪзҡ„и©ұеҶҚиӘӘдёҖдёӢе°ұеҘҪ
|j|вҳҶKotestplayer
|player|p2|Kotestplayer|266|
|j| Jason0103
|j| dd9261248
|j| eight-clouds
|c|вҳҶKotestplayer|жҲ‘иІјеҘҪдәҶ
|j| qaz8787
|c|вҳҶYei_Lai|еҘҪзҡ„пјҢи«ӢеӨҡжҢҮж•ҷ
|j| AllySwitch24
|l| eight-clouds
|
|t:|1786194106
|teamsize|p1|4
|teamsize|p2|4
|start
|switch|p1a: Basculegion|Basculegion, L50, M|100/100
|switch|p1b: Whimsicott|Whimsicott, L50, F|100/100
|switch|p2a: Whimsicott|Whimsicott, L50, M|100/100
|switch|p2b: Raichu|Raichu, L50, M|100/100
|turn|1
|j| eight-clouds
|j| 1pat_mud
|
|t:|1786194156
|switch|p1a: Garchomp|Garchomp, L50, F|100/100
|move|p2b: Raichu|Protect|p2b: Raichu
|-singleturn|p2b: Raichu|Protect
|move|p2a: Whimsicott|Tailwind|p2a: Whimsicott
|-sidestart|p2: Kotestplayer|move: Tailwind
|move|p1b: Whimsicott|Moonblast|p2a: Whimsicott
|-damage|p2a: Whimsicott|46/100
|-unboost|p2a: Whimsicott|spa|1
|
|upkeep
|turn|2
|j| allen40103
|
|t:|1786194194
|switch|p2b: Sylveon|Sylveon, L50, M|100/100
|move|p1a: Garchomp|Protect|p1a: Garchomp
|-singleturn|p1a: Garchomp|Protect
|move|p2a: Whimsicott|Moonblast|p1a: Garchomp
|-activate|p1a: Garchomp|move: Protect
|move|p1b: Whimsicott|Moonblast|p2a: Whimsicott
|-damage|p2a: Whimsicott|0 fnt
|faint|p2a: Whimsicott
|
|upkeep
|
|t:|1786194209
|switch|p2a: Raichu|Raichu, L50, M|100/100
|turn|3
|
|t:|1786194230
|detailschange|p2a: Raichu|Raichu-Mega-Y, L50, M
|-mega|p2a: Raichu|Raichu|Raichunite Y
|move|p1b: Whimsicott|Tailwind|p1b: Whimsicott
|-sidestart|p1: Yei_Lai|move: Tailwind
|move|p2a: Raichu|Zap Cannon|p1b: Whimsicott
|-resisted|p1b: Whimsicott|1
|-damage|p1b: Whimsicott|42/100
|-status|p1b: Whimsicott|par
|move|p1a: Garchomp|Stomping Tantrum|p2a: Raichu
|-supereffective|p2a: Raichu|1
|-damage|p2a: Raichu|0 fnt
|faint|p2a: Raichu
|-damage|p1a: Garchomp|90/100|[from] item: Life Orb
|move|p2b: Sylveon|Hyper Voice|p1b: Whimsicott|[spread] p1a,p1b
|-supereffective|p1a: Garchomp|1
|-damage|p1a: Garchomp|0 fnt
|-damage|p1b: Whimsicott|0 fnt
|faint|p1a: Garchomp
|faint|p1b: Whimsicott
|
|upkeep
|
|t:|1786194249
|switch|p2a: Garchomp|Garchomp, L50, F|100/100
|switch|p1b: Basculegion|Basculegion, L50, M|100/100
|switch|p1a: Charizard|Charizard, L50, F|100/100
|turn|4
|
|t:|1786194275
|move|p1a: Charizard|Protect|p1a: Charizard
|-singleturn|p1a: Charizard|Protect
|move|p1b: Basculegion|Protect|p1b: Basculegion
|-singleturn|p1b: Basculegion|Protect
|move|p2a: Garchomp|Rock Slide|p1a: Charizard|[spread] 
|-activate|p1a: Charizard|move: Protect
|-activate|p1b: Basculegion|move: Protect
|move|p2b: Sylveon|Hyper Beam|p1b: Basculegion
|-activate|p1b: Basculegion|move: Protect
|
|-sideend|p2: Kotestplayer|move: Tailwind
|upkeep
|turn|5
|
|t:|1786194301
|detailschange|p1a: Charizard|Charizard-Mega-Y, L50, F
|-mega|p1a: Charizard|Charizard|Charizardite Y
|-weather|SunnyDay|[from] ability: Drought|[of] p1a: Charizard
|move|p2a: Garchomp|Protect|p2a: Garchomp
|-singleturn|p2a: Garchomp|Protect
|move|p1a: Charizard|Heat Wave|p2b: Sylveon|[spread] p2b
|-activate|p2a: Garchomp|move: Protect
|-damage|p2b: Sylveon|46/100
|move|p1b: Basculegion|Last Respects|p2b: Sylveon
|-damage|p2b: Sylveon|0 fnt
|faint|p2b: Sylveon
|
|-weather|SunnyDay|[upkeep]
|upkeep
|turn|6
|
|t:|1786194324
|move|p1a: Charizard|Solar Beam||[still]
|-prepare|p1a: Charizard|Solar Beam
|-anim|p1a: Charizard|Solar Beam|p2a: Garchomp
|-damage|p2a: Garchomp|46/100
|move|p1b: Basculegion|Last Respects|p2a: Garchomp
|-damage|p2a: Garchomp|0 fnt
|faint|p2a: Garchomp
|
|win|Yei_Lai
||Yei_Lai is ready for game 2.
|l| eight-clouds
||Kotestplayer is ready for game 2.
|uhtml|next|Next: Game 2 of 3
|j| eight-clouds
