|j|☆flaminanmol
|j|☆fazelicious
|html|flaminanmolfazelicious    
|uhtml|bestof|Game 3 of a best-of-3
|t:|1783932623
|gametype|doubles
|player|p1|flaminanmol|red|1127
|player|p2|fazelicious|mars|1044
|gen|9
|tier|[Gen 9 Champions] VGC 2026 Reg M-B (Bo3)
|rated|
|rule|Species Clause: Limit one of each Pokémon
|rule|Item Clause: Limit 1 of each item
|clearpoke
|poke|p1|Sneasler, L50, M|
|poke|p1|Whimsicott, L50, F|
|poke|p1|Incineroar, L50, F|
|poke|p1|Staraptor, L50, M|
|poke|p1|Garchomp, L50, F|
|poke|p1|Farigiraf, L50, M|
|poke|p2|Gardevoir, L50, F, shiny|
|poke|p2|Garchomp, L50, F|
|poke|p2|Talonflame, L50, F|
|poke|p2|Torkoal, L50, F|
|poke|p2|Vileplume, L50, F, shiny|
|poke|p2|Conkeldurr, L50, M|
|teampreview|4
|showteam|p1|Sneasler||FocusSash|Unburden|DireClaw,CloseCombat,FakeOut,Protect|Adamant||M|||50|]Whimsicott||MentalHerb|Prankster|Tailwind,Protect,Moonblast,Charm|Timid||F|||50|]Incineroar||SitrusBerry|Intimidate|FakeOut,FlareBlitz,DarkestLariat,PartingShot|Brave||F|||50|]Staraptor||Staraptite|Intimidate|CloseCombat,BraveBird,Protect,Roost|Adamant||M|||50|]Garchomp||ChoiceScarf|RoughSkin|DragonClaw,Earthquake,Outrage,RockSlide|Adamant||F|||50|]Farigiraf||SilkScarf|ArmorTail|HyperVoice,TrickRoom,HelpingHand,Protect|Quiet||M|||50|
|showteam|p2|Gardevoir||Gardevoirite|Telepathy|HyperVoice,Psyshock,TrickRoom,Protect|Serious||F|||50|]Garchomp||SoftSand|RoughSkin|Earthquake,DragonClaw,RockSlide,Protect|Adamant||F|||50|]Talonflame||SharpBeak|GaleWings|DualWingbeat,Tailwind,QuickGuard,Protect|Jolly||F|||50|]Torkoal||SitrusBerry|Drought|Eruption,WeatherBall,EarthPower,Protect|Quiet||F|||50|]Vileplume||FocusSash|Chlorophyll|SolarBeam,SludgeWave,SleepPowder,AfterYou|Modest||F|||50|]Conkeldurr||Leftovers|IronFist|CloseCombat,MachPunch,IcePunch,Detect|Brave||M|||50|
|inactive|Battle timer is ON: inactive players will automatically lose when time's up. (requested by fazelicious)
|
|t:|1783932649
|teamsize|p1|4
|teamsize|p2|4
|start
|switch|p1a: Sneasler|Sneasler, L50, M|100/100
|switch|p1b: Incineroar|Incineroar, L50, F|100/100
|switch|p2a: Torkoal|Torkoal, L50, F|100/100
|switch|p2b: Vileplume|Vileplume, L50, F, shiny|100/100
|-ability|p1b: Incineroar|Intimidate|boost
|-unboost|p2a: Torkoal|atk|1
|-unboost|p2b: Vileplume|atk|1
|-weather|SunnyDay|[from] ability: Drought|[of] p2a: Torkoal
|turn|1
|inactive|flaminanmol has 30 seconds left.
|inactive|fazelicious has 30 seconds left.
|inactive|fazelicious has 20 seconds left.
|inactive|fazelicious has 15 seconds left.
|l|☆flaminanmol
|inactive|flaminanmol disconnected and has a minute to reconnect!
|player|p1|
|inactive|fazelicious has 10 seconds left.
|j|☆flaminanmol
|inactive|flaminanmol reconnected.
|player|p1|flaminanmol|red|
|inactive|fazelicious has 5 seconds left.
|
|t:|1783932700
|move|p1b: Incineroar|Fake Out|p2b: Vileplume
|-damage|p2b: Vileplume|82/100
|cant|p2b: Vileplume|flinch
|move|p1a: Sneasler|Dire Claw|p2b: Vileplume
|-damage|p2b: Vileplume|16/100
|move|p2a: Torkoal|Eruption|p1a: Sneasler|[spread] p1a,p1b
|-resisted|p1b: Incineroar|1
|-damage|p1a: Sneasler|1/100
|-damage|p1b: Incineroar|64/100
|
|-weather|SunnyDay|[upkeep]
|upkeep
|turn|2
|
|t:|1783932723
|move|p2b: Vileplume|After You|p2a: Torkoal
|-activate|p2a: Torkoal|move: After You
|move|p2a: Torkoal|Eruption|p1b: Incineroar|[spread] p1a,p1b
|-resisted|p1b: Incineroar|1
|-damage|p1a: Sneasler|0 fnt
|-damage|p1b: Incineroar|30/100
|-enditem|p1b: Incineroar|Sitrus Berry|[eat]
|-heal|p1b: Incineroar|55/100|[from] item: Sitrus Berry
|faint|p1a: Sneasler
|move|p1b: Incineroar|Darkest Lariat|p2b: Vileplume
|-damage|p2b: Vileplume|0 fnt
|faint|p2b: Vileplume
|
|-weather|SunnyDay|[upkeep]
|upkeep
|
|t:|1783932738
|switch|p1a: Staraptor|Staraptor, L50, M|100/100
|switch|p2b: Gardevoir|Gardevoir, L50, F, shiny|100/100
|-ability|p1a: Staraptor|Intimidate|boost
|-unboost|p2a: Torkoal|atk|1
|-unboost|p2b: Gardevoir|atk|1
|turn|3
|inactive|fazelicious has 30 seconds left.
|inactive|fazelicious has 20 seconds left.
|inactive|fazelicious has 15 seconds left.
|
|t:|1783932780
|detailschange|p1a: Staraptor|Staraptor-Mega, L50, M
|-mega|p1a: Staraptor|Staraptor|Staraptite
|detailschange|p2b: Gardevoir|Gardevoir-Mega, L50, F, shiny
|-mega|p2b: Gardevoir|Gardevoir|Gardevoirite
|move|p1a: Staraptor|Protect|p1a: Staraptor
|-singleturn|p1a: Staraptor|Protect
|move|p2b: Gardevoir|Protect|p2b: Gardevoir
|-singleturn|p2b: Gardevoir|Protect
|move|p1b: Incineroar|Darkest Lariat|p2a: Torkoal
|-crit|p2a: Torkoal
|-damage|p2a: Torkoal|48/100
|-enditem|p2a: Torkoal|Sitrus Berry|[eat]
|-heal|p2a: Torkoal|73/100|[from] item: Sitrus Berry
|move|p2a: Torkoal|Eruption|p1a: Staraptor|[spread] p1b
|-activate|p1a: Staraptor|move: Protect
|-resisted|p1b: Incineroar|1
|-damage|p1b: Incineroar|29/100
|
|-weather|SunnyDay|[upkeep]
|upkeep
|turn|4
|inactive|flaminanmol has 30 seconds left.
|
|t:|1783932808
|move|p1a: Staraptor|Brave Bird|p2b: Gardevoir
|-damage|p2b: Gardevoir|0 fnt
|faint|p2b: Gardevoir
|-damage|p1a: Staraptor|67/100|[from] Recoil
|move|p1b: Incineroar|Darkest Lariat|p2a: Torkoal
|-damage|p2a: Torkoal|39/100
|move|p2a: Torkoal|Eruption|p1a: Staraptor|[spread] p1a,p1b
|-resisted|p1b: Incineroar|1
|-damage|p1a: Staraptor|33/100
|-damage|p1b: Incineroar|15/100
|
|-weather|SunnyDay|[upkeep]
|upkeep
|
|t:|1783932819
|switch|p2b: Talonflame|Talonflame, L50, F|100/100
|turn|5
|
|t:|1783932827
|move|p1a: Staraptor|Protect|p1a: Staraptor
|-singleturn|p1a: Staraptor|Protect
|move|p2b: Talonflame|Dual Wingbeat|p1a: Staraptor
|-activate|p1a: Staraptor|move: Protect
|move|p1b: Incineroar|Darkest Lariat|p2a: Torkoal
|-damage|p2a: Torkoal|8/100
|move|p2a: Torkoal|Earth Power|p1b: Incineroar
|-supereffective|p1b: Incineroar|1
|-damage|p1b: Incineroar|0 fnt
|faint|p1b: Incineroar
|
|-weather|none
|upkeep
|
|t:|1783932843
|switch|p1b: Whimsicott|Whimsicott, L50, F|100/100
|turn|6
|
|t:|1783932864
|move|p1a: Staraptor|Protect||[still]
|-fail|p1a: Staraptor
|move|p2a: Torkoal|Protect|p2a: Torkoal
|-singleturn|p2a: Torkoal|Protect
|move|p2b: Talonflame|Dual Wingbeat|p1b: Whimsicott
|-supereffective|p1b: Whimsicott|1
|-damage|p1b: Whimsicott|54/100
|-supereffective|p1b: Whimsicott|1
|-damage|p1b: Whimsicott|9/100
|-hitcount|p1b: Whimsicott|2
|move|p1b: Whimsicott|Moonblast|p2a: Torkoal
|-activate|p2a: Torkoal|move: Protect
|
|upkeep
|turn|7
|
|t:|1783932881
|move|p2b: Talonflame|Dual Wingbeat|p1b: Whimsicott
|-supereffective|p1b: Whimsicott|1
|-damage|p1b: Whimsicott|0 fnt
|faint|p1b: Whimsicott
|-hitcount|p1: Whimsicott|1
|move|p1a: Staraptor|Brave Bird|p2b: Talonflame
|-damage|p2b: Talonflame|15/100
|-damage|p1a: Staraptor|1/100|[from] Recoil
|move|p2a: Torkoal|Weather Ball|p1a: Staraptor
|-damage|p1a: Staraptor|0 fnt
|faint|p1a: Staraptor
|
|win|fazelicious
|raw|flaminanmol's rating: 1127 → 1096(-31 for losing)
|raw|fazelicious's rating: 1044 → 1085(+41 for winning)
