|j|☆colemarcusvgc
|j|☆Pier (Champion)
|html|colemarcusvgcPier (Champion)    
|uhtml|bestof|Game 1 of a best-of-3
|t:|1757794706
|gametype|doubles
|player|p1|colemarcusvgc|n|1089
|player|p2|Pier (Champion)|cynthia-gen4|1106
|gen|9
|tier|[Gen 9] VGC 2025 Reg H (Bo3)
|rated|
|rule|Species Clause: Limit one of each Pokémon
|rule|Item Clause: Limit 1 of each item
|clearpoke
|poke|p1|Indeedee-F, L50, F|
|poke|p1|Hatterene, L50, F|
|poke|p1|Gallade, L50, M|
|poke|p1|Ursaluna, L50, M|
|poke|p1|Torkoal, L50, F|
|poke|p1|Zoroark-Hisui, L50, F|
|poke|p2|Annihilape, L50, F|
|poke|p2|Sinistcha, L50|
|poke|p2|Maushold-Four, L50|
|poke|p2|Klefki, L50, M|
|poke|p2|Ursaluna-Bloodmoon, L50, M|
|poke|p2|Ninetales-Alola, L50, F|
|teampreview|4
|showteam|p1|Indeedee-F||PsychicSeed|PsychicSurge|TrickRoom,FollowMe,HelpingHand,DazzlingGleam|||F|||50|,,,,,Fire]Hatterene||TwistedSpoon|MagicBounce|ExpandingForce,TrickRoom,DazzlingGleam,Protect|||F|||50|,,,,,Water]Gallade||ClearAmulet|Sharpness|SacredSword,PsychoCut,TrickRoom,WideGuard|||M|||50|,,,,,Grass]Ursaluna||FlameOrb|Guts|HeadlongRush,Facade,Earthquake,Protect|||M|||50|,,,,,Ghost]Torkoal||ChoiceSpecs|Drought|Eruption,HeatWave,WeatherBall,EarthPower|||F|||50|,,,,,Fire]Zoroark-Hisui||FocusSash|Illusion|HyperVoice,BitterMalice,Snarl,Taunt|||F|||50|,,,,,Stellar
|showteam|p2|Annihilape||Leftovers|Defiant|Protect,BulkUp,DrainPunch,RageFist|||F|||50|,,,,,Fire]Sinistcha||SitrusBerry|Hospitality|MatchaGotcha,TrickRoom,LifeDew,RagePowder||||||50|,,,,,Water]Maushold-Four||SafetyGoggles|FriendGuard|FollowMe,Taunt,BeatUp,Protect||||||50|,,,,,Ghost]Klefki||LightClay|Prankster|Reflect,LightScreen,MistyTerrain,DazzlingGleam|||M|||50|,,,,,Ghost]Ursaluna-Bloodmoon||AssaultVest|MindsEye|BloodMoon,HyperVoice,EarthPower,VacuumWave|||M|||50|,,,,,Water]Ninetales-Alola||FocusSash|SnowWarning|Protect,Encore,FreezeDry,Blizzard|||F|||50|,,,,,Ghost
|inactive|Battle timer is ON: inactive players will automatically lose when time's up. (requested by colemarcusvgc)
|inactive|colemarcusvgc has 60 seconds left.
|
|t:|1757794768
|teamsize|p1|4
|teamsize|p2|4
|start
|switch|p1a: Indeedee|Indeedee-F, L50, F|100/100
|switch|p1b: Gallade|Gallade, L50, M|100/100
|switch|p2a: Annihilape|Annihilape, L50, F|100/100
|switch|p2b: Klefki|Klefki, L50, M|100/100
|-fieldstart|move: Psychic Terrain|[from] ability: Psychic Surge|[of] p1a: Indeedee
|-enditem|p1a: Indeedee|Psychic Seed
|-boost|p1a: Indeedee|spd|1|[from] item: Psychic Seed
|turn|1
|
|t:|1757794792
|move|p2a: Annihilape|Protect|p2a: Annihilape
|-singleturn|p2a: Annihilape|Protect
|move|p2b: Klefki|Misty Terrain|p2b: Klefki
|-fieldstart|move: Misty Terrain
|move|p1b: Gallade|Taunt|p2b: Klefki
|-start|p2b: Klefki|move: Taunt
|move|p1a: Indeedee|Trick Room|p1a: Indeedee
|-fieldstart|move: Trick Room|[of] p1a: Indeedee
|
|upkeep
|turn|2
|inactive|colemarcusvgc has 30 seconds left.
|inactive|colemarcusvgc has 20 seconds left.
|
|t:|1757794828
|switch|p1a: Torkoal|Torkoal, L50, F|100/100
|-weather|SunnyDay|[from] ability: Drought|[of] p1a: Torkoal
|switch|p2b: Maushold|Maushold-Four, L50|100/100
|-terastallize|p2a: Annihilape|Fire
|move|p2a: Annihilape|Bulk Up|p2a: Annihilape
|-boost|p2a: Annihilape|atk|1
|-boost|p2a: Annihilape|def|1
|move|p1b: Gallade|Bitter Malice|p2a: Annihilape
|-damage|p2a: Annihilape|75/100
|-unboost|p2a: Annihilape|atk|1
|-ability|p2a: Annihilape|Defiant|boost
|-boost|p2a: Annihilape|atk|2
|
|-weather|SunnyDay|[upkeep]
|-heal|p2a: Annihilape|82/100|[from] item: Leftovers
|upkeep
|turn|3
|inactive|colemarcusvgc has 30 seconds left.
|
|t:|1757794860
|-terastallize|p1a: Torkoal|Fire
|move|p2b: Maushold|Protect|p2b: Maushold
|-singleturn|p2b: Maushold|Protect
|move|p1a: Torkoal|Eruption|p2a: Annihilape|[spread] p2a
|-activate|p2b: Maushold|move: Protect
|-resisted|p2a: Annihilape
|-damage|p2a: Annihilape|31/100
|move|p2a: Annihilape|Rage Fist|p1a: Torkoal
|-damage|p1a: Torkoal|10/100
|move|p1b: Gallade|Taunt|p2a: Annihilape
|-start|p2a: Annihilape|move: Taunt
|
|-weather|SunnyDay|[upkeep]
|-heal|p2a: Annihilape|37/100|[from] item: Leftovers
|upkeep
|turn|4
|
|t:|1757794882
|move|p2b: Maushold|Follow Me|p2b: Maushold
|-singleturn|p2b: Maushold|move: Follow Me
|move|p1a: Torkoal|Eruption|p2a: Annihilape|[spread] p2a,p2b
|-resisted|p2a: Annihilape
|-damage|p2a: Annihilape|32/100
|-damage|p2b: Maushold|83/100
|move|p2a: Annihilape|Drain Punch|p1a: Torkoal
|-damage|p1a: Torkoal|0 fnt
|-heal|p2a: Annihilape|37/100|[from] drain|[of] p1a: Torkoal
|faint|p1a: Torkoal
|move|p1b: Gallade|Hyper Voice|p2a: Annihilape|[spread] p2a,p2b
|-damage|p2a: Annihilape|14/100
|-damage|p2b: Maushold|39/100
|
|-weather|SunnyDay|[upkeep]
|-heal|p2a: Annihilape|21/100|[from] item: Leftovers
|upkeep
|
|t:|1757794896
|switch|p1a: Gallade|Gallade, L50, M|100/100
|turn|5
|
|t:|1757794919
|switch|p2a: Klefki|Klefki, L50, M|100/100
|move|p2b: Maushold|Protect|p2b: Maushold
|-singleturn|p2b: Maushold|Protect
|move|p1a: Gallade|Sacred Sword|p2a: Klefki
|-damage|p2a: Klefki|34/100
|move|p1b: Gallade|Hyper Voice|p2b: Maushold|[spread] p2a
|-activate|p2b: Maushold|move: Protect
|-resisted|p2a: Klefki
|-damage|p2a: Klefki|22/100
|
|-weather|SunnyDay|[upkeep]
|-fieldend|move: Trick Room
|-fieldend|Misty Terrain
|upkeep
|turn|6
|inactive|colemarcusvgc has 30 seconds left.
|inactive|Pier (Champion) has 30 seconds left.
|
|t:|1757794957
|switch|p1b: Indeedee|Indeedee-F, L50, F|100/100
|-fieldstart|move: Psychic Terrain|[from] ability: Psychic Surge|[of] p1b: Indeedee
|move|p2a: Klefki|Light Screen|p2a: Klefki
|-sidestart|p2: Pier (Champion)|move: Light Screen
|move|p2b: Maushold|Taunt|p1a: Gallade
|-start|p1a: Gallade|move: Taunt
|move|p1a: Gallade|Sacred Sword|p2b: Maushold
|-supereffective|p2b: Maushold
|-damage|p2b: Maushold|0 fnt
|faint|p2b: Maushold
|
|-weather|none
|upkeep
|
|t:|1757794970
|switch|p2b: Annihilape|Annihilape, L50, F, tera:Fire|21/100
|turn|7
|
|t:|1757794979
|move|p1b: Indeedee|Follow Me|p1b: Indeedee
|-singleturn|p1b: Indeedee|move: Follow Me
|move|p2a: Klefki|Misty Terrain|p2a: Klefki
|-fieldstart|move: Misty Terrain
|move|p2b: Annihilape|Rage Fist|p1b: Indeedee
|-immune|p1b: Indeedee
|move|p1a: Gallade|Sacred Sword|p2b: Annihilape
|-damage|p2b: Annihilape|0 fnt
|faint|p2b: Annihilape
|
|upkeep
|
|t:|1757794984
|switch|p2b: Ursaluna|Ursaluna-Bloodmoon, L50, M|100/100
|turn|8
|
|t:|1757794995
|move|p2a: Klefki|Reflect|p2a: Klefki
|-sidestart|p2: Pier (Champion)|Reflect
|move|p1a: Gallade|Sacred Sword|p2b: Ursaluna
|-supereffective|p2b: Ursaluna
|-damage|p2b: Ursaluna|35/100
|move|p2b: Ursaluna|Hyper Voice|p1a: Gallade|[spread] p1a,p1b
|-damage|p1a: Gallade|67/100
|-damage|p1b: Indeedee|68/100
|move|p1b: Indeedee|Trick Room|p1b: Indeedee
|-fieldstart|move: Trick Room|[of] p1b: Indeedee
|
|-end|p1a: Gallade|move: Taunt
|upkeep
|turn|9
|
|t:|1757795007
|move|p2b: Ursaluna|Blood Moon|p1a: Gallade
|-damage|p1a: Gallade|0 fnt
|faint|p1a: Gallade
|move|p1b: Indeedee|Dazzling Gleam|p2b: Ursaluna|[spread] p2a,p2b
|-resisted|p2a: Klefki
|-damage|p2a: Klefki|18/100
|-damage|p2b: Ursaluna|29/100
|move|p2a: Klefki|Dazzling Gleam|p1b: Indeedee
|-damage|p1b: Indeedee|44/100
|
|upkeep
|
|t:|1757795017
|switch|p1a: Indeedee|Indeedee-F, L50, F|100/100
|turn|10
|
|t:|1757795034
|move|p1b: Indeedee|Helping Hand|p1a: Indeedee
|-singleturn|p1a: Indeedee|Helping Hand|[of] p1b: Indeedee
|move|p2b: Ursaluna|Hyper Voice|p1b: Indeedee|[spread] p1a,p1b
|-damage|p1a: Indeedee|26/100
|-damage|p1b: Indeedee|10/100
|replace|p1a: Zoroark|Zoroark-Hisui, L50, F
|-end|p1a: Zoroark|Illusion
|move|p2a: Klefki|Dazzling Gleam|p1b: Indeedee|[spread] p1a,p1b
|-damage|p1a: Zoroark|0 fnt
|-damage|p1b: Indeedee|0 fnt
|faint|p1a: Zoroark
|faint|p1b: Indeedee
|
|win|Pier (Champion)
||Pier (Champion) is ready for game 2.
|inactive|colemarcusvgc has 30 seconds to confirm battle start!
