|j|☆minccino fan
|j|☆Rigel10
|html|minccino fanRigel10    
|uhtml|bestof|Game 1 of a best-of-3
|t:|1756273693
|gametype|doubles
|player|p1|minccino fan|170|1114
|player|p2|Rigel10|169|1082
|gen|9
|tier|[Gen 9] VGC 2025 Reg H (Bo3)
|rated|
|rule|Species Clause: Limit one of each Pokémon
|rule|Item Clause: Limit 1 of each item
|clearpoke
|poke|p1|Charizard, L50, F|
|poke|p1|Torkoal, L50, M|
|poke|p1|Porygon2, L50|
|poke|p1|Incineroar, L50, M|
|poke|p1|Jumpluff, L50, M|
|poke|p1|Ursaluna, L50, F|
|poke|p2|Politoed, L50, M|
|poke|p2|Basculegion, L50, M|
|poke|p2|Gothitelle, L50, M|
|poke|p2|Incineroar, L50, F|
|poke|p2|Rillaboom, L50, F|
|poke|p2|Ursaluna-Bloodmoon, L50, M|
|teampreview|4
|showteam|p1|Charizard||ChoiceSpecs|SolarPower|HeatWave,Overheat,WeatherBall,AirSlash|||F|||50|,,,,,Ghost]Torkoal||EjectPack|Drought|Eruption,Overheat,HelpingHand,Protect|||M|||50|,,,,,Fire]Porygon2||Eviolite|Download|TeraBlast,IceBeam,Recover,TrickRoom||||||50|,,,,,Fighting]Incineroar||SitrusBerry|Intimidate|FlareBlitz,KnockOff,FakeOut,PartingShot|||M|||50|,,,,,Ghost]Jumpluff||CovertCloak|Chlorophyll|SleepPowder,SunnyDay,RagePowder,Tailwind|||M|||50|,,,,,Water]Ursaluna||FlameOrb|Guts|HeadlongRush,Facade,Earthquake,Protect|||F|||50|,,,,,Ghost
|showteam|p2|Politoed||Leftovers|Drizzle|WeatherBall,PerishSong,Encore,Protect|||M|||50|,,,,,Grass]Basculegion||ChoiceScarf|Adaptability|WaveCrash,AquaJet,FlipTurn,LastRespects|||M|||50|,,,,,Dragon]Gothitelle||SitrusBerry|ShadowTag|FakeOut,Psychic,TrickRoom,Protect|||M|||50|,,,,,Dark]Incineroar||SafetyGoggles|Intimidate|FakeOut,KnockOff,PartingShot,Protect|||F|||50|,,,,,Ghost]Rillaboom||AssaultVest|GrassySurge|FakeOut,WoodHammer,Uturn,KnockOff|||F|||50|,,,,,Fire]Ursaluna-Bloodmoon||LifeOrb|MindsEye|BloodMoon,EarthPower,HyperVoice,Protect|||M|||50|,,,,,Ghost
|inactive|Battle timer is ON: inactive players will automatically lose when time's up. (requested by minccino fan)
|inactive|Rigel10 has 60 seconds left.
|inactive|Rigel10 has 30 seconds left.
|inactive|Rigel10 has 20 seconds left.
|
|t:|1756273766
|teamsize|p1|4
|teamsize|p2|4
|start
|switch|p1a: Incineroar|Incineroar, L50, M|100/100
|switch|p1b: Jumpluff|Jumpluff, L50, M|100/100
|switch|p2a: Basculegion|Basculegion, L50, M|100/100
|switch|p2b: Incineroar|Incineroar, L50, F, shiny|100/100
|-ability|p1a: Incineroar|Intimidate|boost
|-unboost|p2a: Basculegion|atk|1
|-unboost|p2b: Incineroar|atk|1
|-ability|p2b: Incineroar|Intimidate|boost
|-unboost|p1a: Incineroar|atk|1
|-unboost|p1b: Jumpluff|atk|1
|turn|1
|inactive|minccino fan has 30 seconds left.
|inactive|Rigel10 has 30 seconds left.
|inactive|minccino fan has 20 seconds left.
|inactive|Rigel10 has 20 seconds left.
|inactive|minccino fan has 15 seconds left.
|inactive|minccino fan has 10 seconds left.
|inactive|minccino fan has 5 seconds left.
|
|t:|1756273818
|switch|p1a: Porygon2|Porygon2, L50|100/100
|-ability|p1a: Porygon2|Download|boost
|-boost|p1a: Porygon2|atk|1
|switch|p2b: Politoed|Politoed, L50, M, shiny|100/100
|-weather|RainDance|[from] ability: Drizzle|[of] p2b: Politoed
|move|p2a: Basculegion|Flip Turn|p1a: Porygon2
|-damage|p1a: Porygon2|70/100
|
|t:|1756273830
|switch|p2a: Incineroar|Incineroar, L50, F, shiny|100/100|[from] Flip Turn
|-ability|p2a: Incineroar|Intimidate|boost
|-unboost|p1a: Porygon2|atk|1
|-unboost|p1b: Jumpluff|atk|1
|move|p1b: Jumpluff|Sleep Powder|p2a: Incineroar
|-activate|p2a: Incineroar|item: Safety Goggles|Sleep Powder
|
|-weather|RainDance|[upkeep]
|upkeep
|turn|2
|inactive|minccino fan has 30 seconds left.
|
|t:|1756273865
|switch|p1a: Ursaluna|Ursaluna, L50, F|100/100
|-terastallize|p2b: Politoed|Grass
|move|p1b: Jumpluff|Tailwind|p1b: Jumpluff
|-sidestart|p1: minccino fan|move: Tailwind
|move|p2b: Politoed|Perish Song|p2b: Politoed
|-start|p1a: Ursaluna|perish3|[silent]
|-start|p1b: Jumpluff|perish3|[silent]
|-start|p2a: Incineroar|perish3|[silent]
|-start|p2b: Politoed|perish3|[silent]
|-fieldactivate|move: Perish Song
|move|p2a: Incineroar|Parting Shot|p1a: Ursaluna
|-unboost|p1a: Ursaluna|atk|1
|-unboost|p1a: Ursaluna|spa|1
|
|t:|1756273874
|switch|p2a: Gothitelle|Gothitelle, L50, M|100/100|[from] Parting Shot
|
|-weather|RainDance|[upkeep]
|-start|p1b: Jumpluff|perish3
|-start|p1a: Ursaluna|perish3
|-start|p2b: Politoed|perish3
|-status|p1a: Ursaluna|brn|[from] item: Flame Orb
|upkeep
|turn|3
|inactive|Rigel10 has 30 seconds left.
|inactive|minccino fan has 30 seconds left.
|inactive|Rigel10 has 20 seconds left.
|
|t:|1756273912
|-terastallize|p1a: Ursaluna|Ghost
|move|p2b: Politoed|Protect|p2b: Politoed
|-singleturn|p2b: Politoed|Protect
|move|p2a: Gothitelle|Protect|p2a: Gothitelle
|-singleturn|p2a: Gothitelle|Protect
|move|p1b: Jumpluff|Sleep Powder|p2a: Gothitelle
|-activate|p2a: Gothitelle|move: Protect
|move|p1a: Ursaluna|Earthquake|p2b: Politoed|[spread] 
|-activate|p2a: Gothitelle|move: Protect
|-activate|p2b: Politoed|move: Protect
|-immune|p1b: Jumpluff
|
|-weather|RainDance|[upkeep]
|-damage|p1a: Ursaluna|95/100 brn|[from] brn
|-start|p1b: Jumpluff|perish2
|-start|p1a: Ursaluna|perish2
|-start|p2b: Politoed|perish2
|upkeep
|turn|4
|inactive|Rigel10 has 30 seconds left.
|inactive|minccino fan has 30 seconds left.
|inactive|Rigel10 has 20 seconds left.
|inactive|Rigel10 has 15 seconds left.
|inactive|minccino fan has 20 seconds left.
|inactive|Rigel10 has 10 seconds left.
|inactive|minccino fan has 15 seconds left.
|inactive|Rigel10 has 5 seconds left.
|
|t:|1756273969
|switch|p2a: Incineroar|Incineroar, L50, F, shiny|100/100
|-ability|p2a: Incineroar|Intimidate|boost
|-unboost|p1a: Ursaluna|atk|1
|-unboost|p1b: Jumpluff|atk|1
|move|p1b: Jumpluff|Sunny Day|p1b: Jumpluff
|-weather|SunnyDay
|move|p1a: Ursaluna|Earthquake|p2a: Incineroar|[spread] p2a,p2b
|-immune|p1b: Jumpluff
|-supereffective|p2a: Incineroar
|-resisted|p2b: Politoed
|-damage|p2a: Incineroar|38/100
|-damage|p2b: Politoed|83/100
|move|p2b: Politoed|Encore|p1b: Jumpluff
|-start|p1b: Jumpluff|Encore
|
|-weather|SunnyDay|[upkeep]
|-heal|p2b: Politoed|89/100|[from] item: Leftovers
|-damage|p1a: Ursaluna|89/100 brn|[from] brn
|-start|p1b: Jumpluff|perish1
|-start|p1a: Ursaluna|perish1
|-start|p2b: Politoed|perish1
|upkeep
|turn|5
|inactive|Rigel10 has 30 seconds left.
|inactive|Rigel10 has 20 seconds left.
|inactive|Rigel10 has 15 seconds left.
|
|t:|1756274010
|switch|p1b: Porygon2|Porygon2, L50|70/100
|-ability|p1b: Porygon2|Download|boost
|-boost|p1b: Porygon2|atk|1
|switch|p1a: Incineroar|Incineroar, L50, M|100/100
|-ability|p1a: Incineroar|Intimidate|boost
|-unboost|p2a: Incineroar|atk|1
|-unboost|p2b: Politoed|atk|1
|switch|p2b: Gothitelle|Gothitelle, L50, M|100/100
|move|p2a: Incineroar|Knock Off|p1a: Incineroar
|-resisted|p1a: Incineroar
|-damage|p1a: Incineroar|87/100
|-enditem|p1a: Incineroar|Sitrus Berry|[from] move: Knock Off|[of] p2a: Incineroar
|
|-weather|SunnyDay|[upkeep]
|-sideend|p1: minccino fan|move: Tailwind
|upkeep
|turn|6
|inactive|minccino fan has 30 seconds left.
|inactive|Rigel10 has 30 seconds left.
|inactive|minccino fan has 20 seconds left.
|inactive|Rigel10 has 20 seconds left.
|inactive|minccino fan has 15 seconds left.
|inactive|Rigel10 has 15 seconds left.
|inactive|minccino fan has 10 seconds left.
|
|t:|1756274056
|switch|p2a: Politoed|Politoed, L50, M, shiny, tera:Grass|89/100
|-weather|RainDance|[from] ability: Drizzle|[of] p2a: Politoed
|move|p2b: Gothitelle|Protect|p2b: Gothitelle
|-singleturn|p2b: Gothitelle|Protect
|move|p1a: Incineroar|Flare Blitz|p2a: Politoed
|-supereffective|p2a: Politoed
|-damage|p2a: Politoed|30/100
|-status|p2a: Politoed|brn
|-damage|p1a: Incineroar|68/100|[from] Recoil
|move|p1b: Porygon2|Tera Blast|p2a: Politoed
|-damage|p2a: Politoed|1/100 brn
|
|-weather|RainDance|[upkeep]
|-heal|p2a: Politoed|7/100 brn|[from] item: Leftovers
|-damage|p2a: Politoed|1/100 brn|[from] brn
|upkeep
|turn|7
|inactive|minccino fan has 30 seconds left.
|inactive|Rigel10 has 30 seconds left.
|inactive|Rigel10 has 20 seconds left.
|
|t:|1756274091
|switch|p2b: Incineroar|Incineroar, L50, F, shiny|38/100
|-ability|p2b: Incineroar|Intimidate|boost
|-unboost|p1a: Incineroar|atk|1
|-unboost|p1b: Porygon2|atk|1
|move|p1a: Incineroar|Knock Off|p2b: Incineroar
|-resisted|p2b: Incineroar
|-damage|p2b: Incineroar|25/100
|-enditem|p2b: Incineroar|Safety Goggles|[from] move: Knock Off|[of] p1a: Incineroar
|move|p2a: Politoed|Weather Ball|p1a: Incineroar
|-supereffective|p1a: Incineroar
|-crit|p1a: Incineroar
|-damage|p1a: Incineroar|0 fnt
|faint|p1a: Incineroar
|move|p1b: Porygon2|Trick Room|p1b: Porygon2
|-fieldstart|move: Trick Room|[of] p1b: Porygon2
|
|-weather|RainDance|[upkeep]
|-heal|p2a: Politoed|7/100 brn|[from] item: Leftovers
|-damage|p2a: Politoed|1/100 brn|[from] brn
|upkeep
|
|t:|1756274098
|switch|p1a: Ursaluna|Ursaluna, L50, F, tera:Ghost|89/100 brn
|turn|8
|inactive|Rigel10 has 30 seconds left.
|
|t:|1756274138
|switch|p1b: Jumpluff|Jumpluff, L50, M|100/100
|move|p2b: Incineroar|Protect|p2b: Incineroar
|-singleturn|p2b: Incineroar|Protect
|move|p1a: Ursaluna|Earthquake|p2a: Politoed|[spread] p2a
|-activate|p2b: Incineroar|move: Protect
|-immune|p1b: Jumpluff
|-resisted|p2a: Politoed
|-damage|p2a: Politoed|0 fnt
|faint|p2a: Politoed
|
|-weather|RainDance|[upkeep]
|-damage|p1a: Ursaluna|83/100 brn|[from] brn
|upkeep
|
|t:|1756274155
|switch|p2a: Gothitelle|Gothitelle, L50, M|100/100
|turn|9
|
|t:|1756274173
|move|p1b: Jumpluff|Rage Powder|p1b: Jumpluff
|-singleturn|p1b: Jumpluff|move: Rage Powder
|move|p2b: Incineroar|Parting Shot|p1b: Jumpluff
|-unboost|p1b: Jumpluff|atk|1
|-unboost|p1b: Jumpluff|spa|1
|
|t:|1756274178
|switch|p2b: Basculegion|Basculegion, L50, M|100/100|[from] Parting Shot
|move|p1a: Ursaluna|Earthquake|p2b: Basculegion|[spread] p2a,p2b
|-immune|p1b: Jumpluff
|-damage|p2a: Gothitelle|39/100
|-damage|p2b: Basculegion|13/100
|-enditem|p2a: Gothitelle|Sitrus Berry|[eat]
|-heal|p2a: Gothitelle|64/100|[from] item: Sitrus Berry
|move|p2a: Gothitelle|Trick Room|p2a: Gothitelle
|-fieldend|move: Trick Room
|
|-weather|RainDance|[upkeep]
|-damage|p1a: Ursaluna|77/100 brn|[from] brn
|upkeep
|turn|10
|inactive|Rigel10 has 30 seconds left.
|inactive|Rigel10 has 20 seconds left.
|
|t:|1756274214
|move|p1b: Jumpluff|Rage Powder|p1b: Jumpluff
|-singleturn|p1b: Jumpluff|move: Rage Powder
|move|p2b: Basculegion|Flip Turn|p1b: Jumpluff
|-resisted|p1b: Jumpluff
|-damage|p1b: Jumpluff|59/100
|
|t:|1756274219
|switch|p2b: Incineroar|Incineroar, L50, F, shiny|25/100|[from] Flip Turn
|-ability|p2b: Incineroar|Intimidate|boost
|-unboost|p1a: Ursaluna|atk|1
|-unboost|p1b: Jumpluff|atk|1
|move|p1a: Ursaluna|Earthquake|p2b: Incineroar|[spread] p2a,p2b
|-immune|p1b: Jumpluff
|-supereffective|p2b: Incineroar
|-damage|p2a: Gothitelle|21/100
|-damage|p2b: Incineroar|0 fnt
|faint|p2b: Incineroar
|move|p2a: Gothitelle|Psychic|p1b: Jumpluff
|-damage|p1b: Jumpluff|26/100
|
|-weather|none
|-damage|p1a: Ursaluna|71/100 brn|[from] brn
|upkeep
|
|t:|1756274233
|switch|p2b: Basculegion|Basculegion, L50, M|13/100
|turn|11
|
|t:|1756274242
|move|p1b: Jumpluff|Rage Powder|p1b: Jumpluff
|-singleturn|p1b: Jumpluff|move: Rage Powder
|move|p2b: Basculegion|Last Respects|p1b: Jumpluff
|-damage|p1b: Jumpluff|0 fnt
|faint|p1b: Jumpluff
|move|p1a: Ursaluna|Earthquake|p2a: Gothitelle|[spread] p2a,p2b
|-damage|p2a: Gothitelle|0 fnt
|-damage|p2b: Basculegion|0 fnt
|faint|p2a: Gothitelle
|faint|p2b: Basculegion
|
|win|minccino fan
|inactive|minccino fan has 30 seconds to confirm battle start!
|inactive|Rigel10 has 30 seconds to confirm battle start!
