|j|☆asiermii
|j|☆mrsuaaaaj
|html|asiermiimrsuaaaaj    
|uhtml|bestof|Game 3 of a best-of-3
|t:|1782553225
|gametype|doubles
|player|p1|asiermii|169|1108
|player|p2|mrsuaaaaj|1|1090
|gen|9
|tier|[Gen 9 Champions] VGC 2026 Reg M-B (Bo3)
|rated|
|rule|Species Clause: Limit one of each Pokémon
|rule|Item Clause: Limit 1 of each item
|clearpoke
|poke|p1|Sylveon, L50, F, shiny|
|poke|p1|Aerodactyl, L50, M|
|poke|p1|Metagross, L50, shiny|
|poke|p1|Sinistcha, L50|
|poke|p1|Incineroar, L50, F, shiny|
|poke|p1|Rotom-Wash, L50|
|poke|p2|Charizard, L50, M|
|poke|p2|Incineroar, L50, M|
|poke|p2|Farigiraf, L50, M|
|poke|p2|Sylveon, L50, M|
|poke|p2|Aerodactyl, L50, M|
|poke|p2|Venusaur, L50, M|
|teampreview|4
|showteam|p1|Sylveon||FairyFeather|Pixilate|HyperVoice,HyperBeam,QuickAttack,Detect|Modest||F|||50|]Aerodactyl||Aerodactylite|Unnerve|RockSlide,IceFang,Tailwind,WideGuard|Jolly||M|||50|]Metagross||Metagrossite|ClearBody|PsychicFangs,IronHead,BulletPunch,Protect|Adamant|||||50|]Sinistcha||KasibBerry|Hospitality|MatchaGotcha,RagePowder,StrengthSap,Protect|Bold|||||50|]Incineroar||SitrusBerry|Intimidate|FakeOut,FlareBlitz,PartingShot,ThroatChop|Careful||F|||50|]Rotom-Wash||Leftovers|Levitate|HydroPump,Thunderbolt,WillOWisp,Protect|Bold|||||50|
|showteam|p2|Charizard||CharizarditeY|Blaze|Protect,HeatWave,SolarBeam,WeatherBall|Timid||M|||50|]Incineroar||PasshoBerry|Intimidate|FakeOut,FlareBlitz,DarkestLariat,PartingShot|Careful||M|||50|]Farigiraf||SitrusBerry|ArmorTail|Psychic,Thunderbolt,Roar,TrickRoom|Bold||M|||50|]Sylveon||FairyFeather|Pixilate|Detect,HyperVoice,HyperBeam,QuickAttack|Modest||M|||50|]Aerodactyl||FocusSash|Unnerve|Protect,RockSlide,IceFang,Tailwind|Jolly||M|||50|]Venusaur||LifeOrb|Chlorophyll|Protect,GigaDrain,SludgeBomb,EarthPower|Modest||M|||50|
|inactive|Battle timer is ON: inactive players will automatically lose when time's up. (requested by asiermii)
|
|t:|1782553268
|teamsize|p1|4
|teamsize|p2|4
|start
|switch|p1a: Rotom|Rotom-Wash, L50|100/100
|switch|p1b: Metagross|Metagross, L50, shiny|100/100
|switch|p2a: Farigiraf|Farigiraf, L50, M|100/100
|switch|p2b: Incineroar|Incineroar, L50, M|100/100
|-ability|p2b: Incineroar|Intimidate|boost
|-unboost|p1a: Rotom|atk|1
|-fail|p1b: Metagross|unboost|[from] ability: Clear Body|[of] p1b: Metagross
|turn|1
|inactive|asiermii has 30 seconds left.
|inactive|mrsuaaaaj has 30 seconds left.
|inactive|asiermii has 20 seconds left.
|inactive|mrsuaaaaj has 20 seconds left.
|inactive|asiermii has 15 seconds left.
|inactive|asiermii has 10 seconds left.
|inactive|asiermii has 5 seconds left.
|
|t:|1782553321
|switch|p1b: Incineroar|Incineroar, L50, F, shiny|100/100
|-ability|p1b: Incineroar|Intimidate|boost
|-unboost|p2a: Farigiraf|atk|1
|-unboost|p2b: Incineroar|atk|1
|move|p1a: Rotom|Hydro Pump|p2b: Incineroar
|-supereffective|p2b: Incineroar|1
|-enditem|p2b: Incineroar|Passho Berry|[eat]
|-enditem|p2b: Incineroar|Passho Berry|[weaken]
|-damage|p2b: Incineroar|67/100
|move|p2b: Incineroar|Parting Shot|p1b: Incineroar
|-unboost|p1b: Incineroar|atk|1
|-unboost|p1b: Incineroar|spa|1
|
|t:|1782553335
|switch|p2b: Sylveon|Sylveon, L50, M|100/100|[from] Parting Shot
|move|p2a: Farigiraf|Trick Room|p2a: Farigiraf
|-fieldstart|move: Trick Room|[of] p2a: Farigiraf
|
|upkeep
|turn|2
|inactive|mrsuaaaaj has 30 seconds left.
|
|t:|1782553364
|switch|p1b: Metagross|Metagross, L50, shiny|100/100
|move|p1a: Rotom|Protect|p1a: Rotom
|-singleturn|p1a: Rotom|Protect
|move|p2b: Sylveon|Hyper Beam|p1b: Metagross|[miss]
|-miss|p2b: Sylveon|p1b: Metagross
|move|p2a: Farigiraf|Roar|p2b: Sylveon
|drag|p2b: Incineroar|Incineroar, L50, M|67/100
|-ability|p2b: Incineroar|Intimidate|boost
|-unboost|p1a: Rotom|atk|1
|-fail|p1b: Metagross|unboost|[from] ability: Clear Body|[of] p1b: Metagross
|
|upkeep
|turn|3
|inactive|mrsuaaaaj has 30 seconds left.
|inactive|mrsuaaaaj has 20 seconds left.
|inactive|mrsuaaaaj has 15 seconds left.
|
|t:|1782553406
|detailschange|p1b: Metagross|Metagross-Mega, L50, shiny
|-mega|p1b: Metagross|Metagross|Metagrossite
|move|p2a: Farigiraf|Psychic|p1a: Rotom
|-damage|p1a: Rotom|63/100
|move|p2b: Incineroar|Parting Shot|p1b: Metagross
|-unboost|p1b: Metagross|atk|1
|-unboost|p1b: Metagross|spa|1
|
|t:|1782553418
|switch|p2b: Sylveon|Sylveon, L50, M|100/100|[from] Parting Shot
|move|p1a: Rotom|Hydro Pump|p2b: Sylveon
|-damage|p2b: Sylveon|69/100
|move|p1b: Metagross|Iron Head|p2b: Sylveon
|-supereffective|p2b: Sylveon|1
|-damage|p2b: Sylveon|0 fnt
|faint|p2b: Sylveon
|
|-heal|p1a: Rotom|69/100|[from] item: Leftovers
|upkeep
|
|t:|1782553429
|switch|p2b: Charizard|Charizard, L50, M|100/100
|turn|4
|
|t:|1782553440
|switch|p2a: Incineroar|Incineroar, L50, M|67/100
|-ability|p2a: Incineroar|Intimidate|boost
|-unboost|p1a: Rotom|atk|1
|-unboost|p1b: Metagross|atk|1
|switch|p1b: Incineroar|Incineroar, L50, F, shiny|100/100
|-ability|p1b: Incineroar|Intimidate|boost
|-unboost|p2a: Incineroar|atk|1
|-unboost|p2b: Charizard|atk|1
|detailschange|p2b: Charizard|Charizard-Mega-Y, L50, M
|-mega|p2b: Charizard|Charizard|Charizardite Y
|-weather|SunnyDay|[from] ability: Drought|[of] p2b: Charizard
|move|p1a: Rotom|Protect|p1a: Rotom
|-singleturn|p1a: Rotom|Protect
|move|p2b: Charizard|Heat Wave|p1b: Incineroar|[spread] 
|-activate|p1a: Rotom|move: Protect
|-miss|p2b: Charizard|p1b: Incineroar
|
|-weather|SunnyDay|[upkeep]
|-heal|p1a: Rotom|75/100|[from] item: Leftovers
|upkeep
|turn|5
|inactive|asiermii has 30 seconds left.
|inactive|mrsuaaaaj has 30 seconds left.
|inactive|mrsuaaaaj has 20 seconds left.
|inactive|mrsuaaaaj has 15 seconds left.
|
|t:|1782553484
|move|p1b: Incineroar|Fake Out|p2b: Charizard
|-damage|p2b: Charizard|87/100
|move|p2a: Incineroar|Parting Shot|p1b: Incineroar
|-unboost|p1b: Incineroar|atk|1
|-unboost|p1b: Incineroar|spa|1
|
|t:|1782553489
|switch|p2a: Farigiraf|Farigiraf, L50, M|100/100|[from] Parting Shot
|move|p1a: Rotom|Thunderbolt|p2b: Charizard
|-supereffective|p2b: Charizard|1
|-damage|p2b: Charizard|21/100
|cant|p2b: Charizard|flinch
|
|-weather|SunnyDay|[upkeep]
|-heal|p1a: Rotom|80/100|[from] item: Leftovers
|-fieldend|move: Trick Room
|upkeep
|turn|6
|inactive|asiermii has 30 seconds left.
|
|t:|1782553524
|switch|p2a: Incineroar|Incineroar, L50, M|67/100
|-ability|p2a: Incineroar|Intimidate|boost
|-unboost|p1a: Rotom|atk|1
|-unboost|p1b: Incineroar|atk|1
|move|p1a: Rotom|Protect|p1a: Rotom
|-singleturn|p1a: Rotom|Protect
|move|p2b: Charizard|Solar Beam||[still]
|-prepare|p2b: Charizard|Solar Beam
|-anim|p2b: Charizard|Solar Beam|p1a: Rotom
|-activate|p1a: Rotom|move: Protect
|move|p1b: Incineroar|Parting Shot|p2b: Charizard
|-unboost|p2b: Charizard|atk|1
|-unboost|p2b: Charizard|spa|1
|
|t:|1782553537
|switch|p1b: Sinistcha|Sinistcha, L50|100/100|[from] Parting Shot
|-heal|p1a: Rotom|100/100|[from] ability: Hospitality|[of] p1b: Sinistcha
|
|-weather|SunnyDay|[upkeep]
|upkeep
|turn|7
|
|t:|1782553556
|move|p1b: Sinistcha|Rage Powder|p1b: Sinistcha
|-singleturn|p1b: Sinistcha|move: Rage Powder
|move|p2b: Charizard|Solar Beam||[still]
|-prepare|p2b: Charizard|Solar Beam
|-anim|p2b: Charizard|Solar Beam|p1b: Sinistcha
|-resisted|p1b: Sinistcha|1
|-damage|p1b: Sinistcha|82/100
|move|p1a: Rotom|Thunderbolt|p2b: Charizard
|-supereffective|p2b: Charizard|1
|-damage|p2b: Charizard|0 fnt
|faint|p2b: Charizard
|move|p2a: Incineroar|Flare Blitz|p1b: Sinistcha
|-supereffective|p1b: Sinistcha|1
|-damage|p1b: Sinistcha|0 fnt
|faint|p1b: Sinistcha
|-damage|p2a: Incineroar|43/100|[from] Recoil
|
|-weather|SunnyDay|[upkeep]
|upkeep
|c|☆mrsuaaaaj|gg
|
|t:|1782553579
|switch|p2b: Farigiraf|Farigiraf, L50, M|100/100
|switch|p1b: Incineroar|Incineroar, L50, F, shiny|100/100
|-ability|p1b: Incineroar|Intimidate|boost
|-unboost|p2a: Incineroar|atk|1
|-unboost|p2b: Farigiraf|atk|1
|turn|8
|-message|mrsuaaaaj forfeited.
|
|win|asiermii
|raw|asiermii's rating: 1108 → 1132(+24 for winning)
|raw|mrsuaaaaj's rating: 1090 → 1068(-22 for losing)
|l|☆asiermii
|player|p1|
