|j|☆isthisbelias?
|j|☆djmaeson
|html|isthisbelias?djmaeson    
|uhtml|bestof|Game 3 of a best-of-3
|t:|1782374042
|gametype|doubles
|player|p1|isthisbelias?|janitor|1192
|player|p2|djmaeson|102|1186
|gen|9
|tier|[Gen 9 Champions] VGC 2026 Reg M-B (Bo3)
|rated|
|rule|Species Clause: Limit one of each Pokémon
|rule|Item Clause: Limit 1 of each item
|clearpoke
|poke|p1|Gardevoir, L50, F, shiny|
|poke|p1|Talonflame, L50, M|
|poke|p1|Sneasler, L50, M|
|poke|p1|Incineroar, L50, M|
|poke|p1|Sinistcha, L50|
|poke|p1|Kingambit, L50, M|
|poke|p2|Sableye, L50, F|
|poke|p2|Archaludon, L50, F|
|poke|p2|Basculegion, L50, M|
|poke|p2|Pelipper, L50, F|
|poke|p2|Sinistcha, L50|
|poke|p2|Dragonite, L50, M|
|teampreview|4
|showteam|p1|Gardevoir||Gardevoirite|Trace|HyperVoice,Psyshock,TrickRoom,Protect|Modest||F|||50|]Talonflame||SharpBeak|GaleWings|BraveBird,WillOWisp,QuickGuard,Tailwind|Jolly||M|||50|]Sneasler||FocusSash|PoisonTouch|FakeOut,DireClaw,CloseCombat,Protect|Jolly||M|||50|]Incineroar||SitrusBerry|Intimidate|FlareBlitz,Snarl,PartingShot,FakeOut|Impish||M|||50|]Sinistcha||Leftovers|Hospitality|MatchaGotcha,ShadowBall,TrickRoom,RagePowder|Modest|||||50|]Kingambit||BlackGlasses|Defiant|SuckerPunch,KowtowCleave,IronHead,Protect|Adamant||M|||50|
|showteam|p2|Sableye||RoseliBerry|Prankster|Reflect,Quash,RainDance,LightScreen|Calm||F|||50|]Archaludon||Leftovers|Stamina|ElectroShot,DragonPulse,FlashCannon,Protect|Modest||F|||50|]Basculegion||ChoiceScarf|Adaptability|WaveCrash,FlipTurn,AquaJet,LastRespects|Jolly||M|||50|]Pelipper||SitrusBerry|Drizzle|WideGuard,WeatherBall,Hurricane,Tailwind|Modest||F|||50|]Sinistcha||KasibBerry|Hospitality|MatchaGotcha,LifeDew,TrickRoom,RagePowder|Sassy|||||50|]Dragonite||Dragoninite|InnerFocus|DracoMeteor,Flamethrower,Hurricane,Tailwind|Modest||M|||50|
|
|t:|1782374076
|teamsize|p1|4
|teamsize|p2|4
|start
|switch|p1a: Gardevoir|Gardevoir, L50, F, shiny|100/100
|switch|p1b: Sneasler|Sneasler, L50, M|100/100
|switch|p2a: Archaludon|Archaludon, L50, F|100/100
|switch|p2b: Sableye|Sableye, L50, F|100/100
|-ability|p1a: Gardevoir|Prankster|Trace|[from] ability: Trace|[of] p2b: Sableye
|turn|1
|
|t:|1782374098
|switch|p2a: Sinistcha|Sinistcha, L50|100/100
|detailschange|p1a: Gardevoir|Gardevoir-Mega, L50, F, shiny
|-mega|p1a: Gardevoir|Gardevoir|Gardevoirite
|move|p2b: Sableye|Light Screen|p2b: Sableye
|-sidestart|p2: djmaeson|move: Light Screen
|move|p1b: Sneasler|Dire Claw|p2b: Sableye
|-resisted|p2b: Sableye|1
|-damage|p2b: Sableye|70/100
|move|p1a: Gardevoir|Hyper Voice|p2a: Sinistcha|[spread] p2a,p2b
|-supereffective|p2b: Sableye|1
|-enditem|p2b: Sableye|Roseli Berry|[eat]
|-enditem|p2b: Sableye|Roseli Berry|[weaken]
|-damage|p2a: Sinistcha|69/100
|-damage|p2b: Sableye|34/100
|
|upkeep
|turn|2
|
|t:|1782374135
|switch|p2b: Archaludon|Archaludon, L50, F|100/100
|move|p1b: Sneasler|Dire Claw|p2a: Sinistcha
|-damage|p2a: Sinistcha|27/100
|-status|p2a: Sinistcha|psn
|move|p1a: Gardevoir|Hyper Voice|p2b: Archaludon|[spread] p2a,p2b
|-damage|p2a: Sinistcha|0 fnt
|-damage|p2b: Archaludon|69/100
|-ability|p2b: Archaludon|Stamina|boost
|-boost|p2b: Archaludon|def|1
|faint|p2a: Sinistcha
|
|-heal|p2b: Archaludon|75/100|[from] item: Leftovers
|upkeep
|
|t:|1782374151
|switch|p2a: Dragonite|Dragonite, L50, M|100/100
|turn|3
|
|t:|1782374176
|detailschange|p2a: Dragonite|Dragonite-Mega, L50, M
|-mega|p2a: Dragonite|Dragonite|Dragoninite
|move|p1b: Sneasler|Dire Claw|p2a: Dragonite
|-damage|p2a: Dragonite|78/100
|move|p2a: Dragonite|Tailwind|p2a: Dragonite
|-sidestart|p2: djmaeson|move: Tailwind
|move|p2b: Archaludon|Flash Cannon|p1a: Gardevoir
|-supereffective|p1a: Gardevoir|1
|-damage|p1a: Gardevoir|37/100
|move|p1a: Gardevoir|Trick Room|p1a: Gardevoir
|-fieldstart|move: Trick Room|[of] p1a: Gardevoir
|
|-heal|p2b: Archaludon|81/100|[from] item: Leftovers
|upkeep
|turn|4
|
|t:|1782374214
|move|p1a: Gardevoir|Hyper Voice|p2b: Archaludon|[spread] p2a,p2b
|-supereffective|p2a: Dragonite|1
|-damage|p2a: Dragonite|23/100
|-damage|p2b: Archaludon|50/100g
|-ability|p2b: Archaludon|Stamina|boost
|-boost|p2b: Archaludon|def|1
|move|p1b: Sneasler|Close Combat|p2b: Archaludon
|-supereffective|p2b: Archaludon|1
|-damage|p2b: Archaludon|2/100
|-unboost|p1b: Sneasler|def|1
|-unboost|p1b: Sneasler|spd|1
|-ability|p2b: Archaludon|Stamina|boost
|-boost|p2b: Archaludon|def|1
|move|p2b: Archaludon|Dragon Pulse|p1b: Sneasler
|-damage|p1b: Sneasler|22/100
|move|p2a: Dragonite|Hurricane|p1a: Gardevoir|[miss]
|-miss|p2a: Dragonite|p1a: Gardevoir
|
|-heal|p2b: Archaludon|8/100|[from] item: Leftovers
|upkeep
|turn|5
|-message|djmaeson forfeited.
|
|win|isthisbelias?
|raw|isthisbelias?'s rating: 1192 → 1217(+25 for winning)
|raw|djmaeson's rating: 1186 → 1161(-25 for losing)
