|j|☆Rodrigo21amz
|j|☆Starbai
|html|Rodrigo21amzStarbai    
|uhtml|bestof|Game 1 of a best-of-3
|t:|1757097309
|gametype|doubles
|player|p1|Rodrigo21amz|volkner|1278
|player|p2|Starbai|acetrainer-gen4dp|1285
|gen|9
|tier|[Gen 9] VGC 2025 Reg H (Bo3)
|rated|
|rule|Species Clause: Limit one of each Pokémon
|rule|Item Clause: Limit 1 of each item
|clearpoke
|poke|p1|Ursaluna-Bloodmoon, L50, M|
|poke|p1|Electabuzz, L50, F|
|poke|p1|Sneasler, L50, F|
|poke|p1|Dragonite, L50, F|
|poke|p1|Rillaboom, L50, F|
|poke|p1|Volcarona, L50, M|
|poke|p2|Dragonite, L50, F|
|poke|p2|Volcarona, L50, M|
|poke|p2|Kingambit, L50, M|
|poke|p2|Sneasler, L50, F|
|poke|p2|Electabuzz, L50, M|
|poke|p2|Rillaboom, L50, M|
|teampreview|4
|showteam|p1|Ursaluna-Bloodmoon||LifeOrb|MindsEye|BloodMoon,HyperVoice,EarthPower,Protect|||M|||50|,,,,,Normal]Electabuzz||Eviolite|VitalSpirit|FollowMe,Electroweb,Taunt,Protect|||F|||50|,,,,,Fairy]Sneasler||FocusSash|PoisonTouch|FakeOut,DireClaw,CloseCombat,Protect|||F|||50|,,,,,Stellar]Dragonite||LoadedDice|Multiscale|Haze,ScaleShot,Protect,ExtremeSpeed|||F|||50|,,,,,Steel]Rillaboom||AssaultVest|GrassySurge|WoodHammer,FakeOut,GrassyGlide,HighHorsepower|||F|||50|,,,,,Fire]Volcarona||Leftovers|FlameBody|QuiverDance,Protect,TeraBlast,HeatWave|||M|||50|,,,,,Fairy
|showteam|p2|Dragonite||LoadedDice|Multiscale|ScaleShot,ExtremeSpeed,Haze,Protect|||F|||50|,,,,,Steel]Volcarona||CovertCloak|FlameBody|HeatWave,TeraBlast,QuiverDance,Protect|||M|||50|,,,,,Fairy]Kingambit||BlackGlasses|Defiant|KowtowCleave,SuckerPunch,SwordsDance,Protect|||M|||50|,,,,,Dark]Sneasler||FocusSash|Unburden|CloseCombat,DireClaw,FakeOut,Coaching|||F|||50|,,,,,Stellar]Electabuzz||Eviolite|VitalSpirit|Thunderbolt,FollowMe,Taunt,Protect|||M|||50|,,,,,Ghost]Rillaboom||AssaultVest|GrassySurge|WoodHammer,GrassyGlide,FakeOut,HighHorsepower|||M|||50|,,,,,Fire
|
|t:|1757097344
|teamsize|p1|4
|teamsize|p2|4
|start
|switch|p1a: Ursaluna|Ursaluna-Bloodmoon, L50, M|100/100
|switch|p1b: Electabuzz|Electabuzz, L50, F|100/100
|switch|p2a: Dragonite|Dragonite, L50, F|100/100
|switch|p2b: Sneasler|Sneasler, L50, F|100/100
|turn|1
|
|t:|1757097378
|-terastallize|p1a: Ursaluna|Normal
|move|p2b: Sneasler|Fake Out|p1b: Electabuzz
|-damage|p1b: Electabuzz|88/100
|cant|p1b: Electabuzz|flinch
|move|p2a: Dragonite|Scale Shot|p1a: Ursaluna
|-damage|p1a: Ursaluna|89/100
|-damage|p1a: Ursaluna|76/100
|-damage|p1a: Ursaluna|64/100
|-damage|p1a: Ursaluna|53/100
|-hitcount|p1a: Ursaluna|4
|-unboost|p2a: Dragonite|def|1
|-boost|p2a: Dragonite|spe|1
|move|p1a: Ursaluna|Blood Moon|p2a: Dragonite
|-damage|p2a: Dragonite|29/100
|-damage|p1a: Ursaluna|44/100|[from] item: Life Orb
|
|upkeep
|turn|2
|
|t:|1757097407
|move|p2a: Dragonite|Protect|p2a: Dragonite
|-singleturn|p2a: Dragonite|Protect
|move|p1a: Ursaluna|Protect|p1a: Ursaluna
|-singleturn|p1a: Ursaluna|Protect
|move|p2b: Sneasler|Coaching|p2a: Dragonite
|-boost|p2a: Dragonite|atk|1
|-boost|p2a: Dragonite|def|1
|move|p1b: Electabuzz|Electroweb|p2b: Sneasler|[spread] p2b
|-activate|p2a: Dragonite|move: Protect
|-damage|p2b: Sneasler|81/100
|-unboost|p2b: Sneasler|spe|1
|
|upkeep
|turn|3
|
|t:|1757097422
|move|p2a: Dragonite|Scale Shot|p1b: Electabuzz
|-damage|p1b: Electabuzz|64/100
|-damage|p1b: Electabuzz|44/100
|-damage|p1b: Electabuzz|23/100
|-damage|p1b: Electabuzz|1/100
|-hitcount|p1b: Electabuzz|4
|-unboost|p2a: Dragonite|def|1
|-boost|p2a: Dragonite|spe|1
|move|p1b: Electabuzz|Electroweb|p2b: Sneasler|[spread] p2a,p2b
|-damage|p2a: Dragonite|15/100
|-damage|p2b: Sneasler|61/100
|-unboost|p2a: Dragonite|spe|1
|-unboost|p2b: Sneasler|spe|1
|move|p1a: Ursaluna|Hyper Voice|p2a: Dragonite|[spread] p2a,p2b
|-damage|p2a: Dragonite|0 fnt
|-damage|p2b: Sneasler|0 fnt
|faint|p2a: Dragonite
|faint|p2b: Sneasler
|-damage|p1a: Ursaluna|34/100|[from] item: Life Orb
|
|upkeep
|inactive|Battle timer is ON: inactive players will automatically lose when time's up. (requested by Starbai)
|
|t:|1757097429
|switch|p2b: Electabuzz|Electabuzz, L50, M|100/100
|switch|p2a: Volcarona|Volcarona, L50, M|100/100
|turn|4
|inactive|Rodrigo21amz has 30 seconds left.
|inactive|Rodrigo21amz has 20 seconds left.
|inactive|Rodrigo21amz has 15 seconds left.
|
|t:|1757097470
|move|p1a: Ursaluna|Protect|p1a: Ursaluna
|-singleturn|p1a: Ursaluna|Protect
|move|p1b: Electabuzz|Taunt|p2a: Volcarona
|-start|p2a: Volcarona|move: Taunt
|move|p2a: Volcarona|Heat Wave|p1a: Ursaluna|[spread] p1b
|-activate|p1a: Ursaluna|move: Protect
|-damage|p1b: Electabuzz|0 fnt
|faint|p1b: Electabuzz
|move|p2b: Electabuzz|Thunderbolt|p1a: Ursaluna
|-activate|p1a: Ursaluna|move: Protect
|
|upkeep
|
|t:|1757097487
|switch|p1b: Volcarona|Volcarona, L50, M|100/100
|turn|5
|
|t:|1757097500
|move|p2a: Volcarona|Heat Wave|p1b: Volcarona|[spread] p1a,p1b
|-damage|p1a: Ursaluna|0 fnt
|-damage|p1b: Volcarona|66/100
|faint|p1a: Ursaluna
|move|p1b: Volcarona|Quiver Dance|p1b: Volcarona
|-boost|p1b: Volcarona|spa|1
|-boost|p1b: Volcarona|spd|1
|-boost|p1b: Volcarona|spe|1
|move|p2b: Electabuzz|Taunt|p1b: Volcarona
|-start|p1b: Volcarona|move: Taunt
|
|-heal|p1b: Volcarona|73/100|[from] item: Leftovers
|upkeep
|
|t:|1757097510
|switch|p1a: Sneasler|Sneasler, L50, F|100/100
|turn|6
|inactive|Rodrigo21amz has 30 seconds left.
|inactive|Starbai has 30 seconds left.
|
|t:|1757097540
|-terastallize|p2b: Electabuzz|Ghost
|move|p1b: Volcarona|Heat Wave|p2b: Electabuzz|[spread] p2a,p2b
|-damage|p2a: Volcarona|43/100
|-damage|p2b: Electabuzz|59/100
|-status|p2b: Electabuzz|brn
|move|p1a: Sneasler|Close Combat|p2b: Electabuzz
|-immune|p2b: Electabuzz
|move|p2a: Volcarona|Heat Wave|p1a: Sneasler|[spread] p1a,p1b
|-crit|p1a: Sneasler
|-damage|p1a: Sneasler|27/100
|-damage|p1b: Volcarona|50/100
|move|p2b: Electabuzz|Thunderbolt|p1a: Sneasler
|-damage|p1a: Sneasler|0 fnt
|faint|p1a: Sneasler
|
|-heal|p1b: Volcarona|57/100|[from] item: Leftovers
|-damage|p2b: Electabuzz|53/100 brn|[from] brn
|-end|p2a: Volcarona|move: Taunt
|upkeep
|turn|7
|
|t:|1757097561
|move|p1b: Volcarona|Heat Wave|p2b: Electabuzz|[spread] p2a,p2b
|-damage|p2a: Volcarona|0 fnt
|-damage|p2b: Electabuzz|12/100 brn
|faint|p2a: Volcarona
|move|p2b: Electabuzz|Thunderbolt|p1b: Volcarona
|-damage|p1b: Volcarona|38/100
|
|-heal|p1b: Volcarona|44/100|[from] item: Leftovers
|-damage|p2b: Electabuzz|6/100 brn|[from] brn
|upkeep
|turn|8
|
|t:|1757097573
|move|p1b: Volcarona|Tera Blast|p2b: Electabuzz
|-immune|p2b: Electabuzz
|move|p2b: Electabuzz|Thunderbolt|p1b: Volcarona
|-damage|p1b: Volcarona|25/100
|
|-heal|p1b: Volcarona|32/100|[from] item: Leftovers
|-damage|p2b: Electabuzz|0 fnt|[from] brn
|faint|p2b: Electabuzz
|
|win|Rodrigo21amz
||Starbai is ready for game 2.
||Rodrigo21amz is ready for game 2.
|uhtml|next|Next: Game 2 of 3
