|j|☆Manthis
|j|☆ToastedArt
|html|ManthisToastedArt    
|uhtml|bestof|Game 3 of a best-of-3
|t:|1785725077
|gametype|doubles
|player|p1|Manthis|lance|1000
|player|p2|ToastedArt|1|1138
|gen|9
|tier|[Gen 9 Champions] VGC 2026 Reg M-B (Bo3)
|rated|
|rule|Species Clause: Limit one of each Pokémon
|rule|Item Clause: Limit 1 of each item
|clearpoke
|poke|p1|Goodra-Hisui, L50, M|
|poke|p1|Scovillain, L50, F|
|poke|p1|Basculegion, L50, M|
|poke|p1|Farigiraf, L50, M|
|poke|p1|Incineroar, L50, F|
|poke|p1|Sylveon, L50, F|
|poke|p2|Staraptor, L50, F|
|poke|p2|Whimsicott, L50, F|
|poke|p2|Incineroar, L50, M|
|poke|p2|Sinistcha, L50|
|poke|p2|Arcanine-Hisui, L50, F|
|poke|p2|Zoroark-Hisui, L50, M|
|teampreview|4
|showteam|p1|Goodra-Hisui||Leftovers|ShellArmor|Shelter,BodyPress,HeavySlam,DracoMeteor|Sassy||M|||50|]Scovillain||Scovillainite|Chlorophyll|LeechSeed,GigaDrain,RagePowder,Overheat|Sassy||F|||50|]Basculegion||MysticWater|Adaptability|WaveCrash,LastRespects,Protect,AquaJet|Adamant||M|||50|]Farigiraf||ColburBerry|ArmorTail|TwinBeam,Thunderbolt,TrickRoom,HelpingHand|Sassy||M|||50|]Incineroar||PasshoBerry|Intimidate|FakeOut,PartingShot,FlareBlitz,ThroatChop|Careful||F|||50|]Sylveon||FairyFeather|Pixilate|Detect,QuickAttack,HyperBeam,HyperVoice|Quiet||F|||50|
|showteam|p2|Staraptor||Staraptite|Intimidate|CloseCombat,DualWingbeat,Roost,Protect|Jolly||F|||50|]Whimsicott||OccaBerry|Prankster|Moonblast,Tailwind,Charm,LightScreen|Timid||F|||50|]Incineroar||SitrusBerry|Intimidate|PartingShot,FlareBlitz,ThroatChop,FakeOut|Careful||M|||50|]Sinistcha||ColburBerry|Hospitality|MatchaGotcha,RagePowder,TrickRoom,Protect|Relaxed|||||50|]Arcanine-Hisui||FocusSash|RockHead|FlareBlitz,HeadSmash,ExtremeSpeed,Protect|Jolly||F|||50|]Zoroark-Hisui||ChoiceScarf|Illusion|ShadowBall,IcyWind,Psychic,Flamethrower|Timid||M|||50|
|inactive|Battle timer is ON: inactive players will automatically lose when time's up. (requested by ToastedArt)
|inactive|Manthis has 60 seconds left.
|inactive|ToastedArt has 60 seconds left.
|inactive|ToastedArt has 30 seconds left.
|
|t:|1785725143
|teamsize|p1|4
|teamsize|p2|4
|start
|switch|p1a: Incineroar|Incineroar, L50, F|100/100
|switch|p1b: Farigiraf|Farigiraf, L50, M|100/100
|switch|p2a: Pickle Cup|Sinistcha, L50|100/100
|switch|p2b: Incineroar|Incineroar, L50, M|100/100
|-ability|p2b: Incineroar|Intimidate|boost
|-unboost|p1a: Incineroar|atk|1
|-unboost|p1b: Farigiraf|atk|1
|-ability|p1a: Incineroar|Intimidate|boost
|-unboost|p2a: Pickle Cup|atk|1
|-unboost|p2b: Incineroar|atk|1
|turn|1
|
|t:|1785725170
|move|p1b: Farigiraf|Helping Hand|p1a: Incineroar
|-singleturn|p1a: Incineroar|Helping Hand|[of] p1b: Farigiraf
|move|p2a: Pickle Cup|Protect|p2a: Pickle Cup
|-singleturn|p2a: Pickle Cup|Protect
|move|p2b: Incineroar|Throat Chop|p1b: Farigiraf
|-supereffective|p1b: Farigiraf|1
|-enditem|p1b: Farigiraf|Colbur Berry|[eat]
|-enditem|p1b: Farigiraf|Colbur Berry|[weaken]
|-damage|p1b: Farigiraf|81/100
|-start|p1b: Farigiraf|Throat Chop|[silent]
|move|p1a: Incineroar|Throat Chop|p2a: Pickle Cup
|-activate|p2a: Pickle Cup|move: Protect
|
|upkeep
|turn|2
|inactive|Manthis has 30 seconds left.
|inactive|ToastedArt has 30 seconds left.
|
|t:|1785725205
|switch|p2a: Whimsicott|Whimsicott, L50, F|100/100
|move|p2b: Incineroar|Throat Chop|p1b: Farigiraf
|-supereffective|p1b: Farigiraf|1
|-damage|p1b: Farigiraf|43/100
|move|p1a: Incineroar|Parting Shot|p2b: Incineroar
|-unboost|p2b: Incineroar|atk|1
|-unboost|p2b: Incineroar|spa|1
|
|t:|1785725214
|switch|p1a: Sylveon|Sylveon, L50, F|100/100|[from] Parting Shot
|move|p1b: Farigiraf|Trick Room|p1b: Farigiraf
|-fieldstart|move: Trick Room|[of] p1b: Farigiraf
|
|-end|p1b: Farigiraf|Throat Chop|[silent]
|upkeep
|turn|3
|
|t:|1785725234
|switch|p1b: Incineroar|Incineroar, L50, F|100/100
|-ability|p1b: Incineroar|Intimidate|boost
|-unboost|p2a: Whimsicott|atk|1
|-unboost|p2b: Incineroar|atk|1
|move|p2a: Whimsicott|Light Screen|p2a: Whimsicott
|-sidestart|p2: ToastedArt|move: Light Screen
|move|p1a: Sylveon|Hyper Voice|p2a: Whimsicott|[spread] p2a,p2b
|-damage|p2a: Whimsicott|59/100
|-damage|p2b: Incineroar|73/100
|move|p2b: Incineroar|Parting Shot|p1a: Sylveon
|-unboost|p1a: Sylveon|atk|1
|-unboost|p1a: Sylveon|spa|1
|
|t:|1785725247
|switch|p2b: Pickle Cup|Sinistcha, L50|100/100|[from] Parting Shot
|-heal|p2a: Whimsicott|84/100|[from] ability: Hospitality|[of] p2b: Pickle Cup
|
|upkeep
|turn|4
|
|t:|1785725269
|move|p2a: Whimsicott|Charm|p1b: Incineroar
|-hint|Since gen 7, Dark is immune to Prankster moves.
|-immune|p1b: Incineroar
|move|p1a: Sylveon|Hyper Voice|p2b: Pickle Cup|[spread] p2a,p2b
|-damage|p2a: Whimsicott|53/100
|-damage|p2b: Pickle Cup|79/100
|move|p1b: Incineroar|Flare Blitz|p2b: Pickle Cup
|-supereffective|p2b: Pickle Cup|1
|-damage|p2b: Pickle Cup|0 fnt
|faint|p2b: Pickle Cup
|-damage|p1b: Incineroar|75/100|[from] Recoil
|
|upkeep
|
|t:|1785725289
|switch|p2b: Incineroar|Incineroar, L50, M|73/100
|-ability|p2b: Incineroar|Intimidate|boost
|-unboost|p1a: Sylveon|atk|1
|-unboost|p1b: Incineroar|atk|1
|turn|5
|-message|ToastedArt forfeited.
|
|win|Manthis
|raw|Manthis's rating: 1000 → 1055(+55 for winning)
|raw|ToastedArt's rating: 1138 → 1104(-34 for losing)
