|j|☆phuc_lamvgc
|j|☆CloudDino
|html|phuc_lamvgcCloudDino    
|uhtml|bestof|Game 2 of a best-of-3
|t:|1783776635
|gametype|doubles
|player|p1|phuc_lamvgc|miku-ghost|1077
|player|p2|CloudDino|265|1153
|gen|9
|tier|[Gen 9 Champions] VGC 2026 Reg M-B (Bo3)
|rated|
|rule|Species Clause: Limit one of each Pokémon
|rule|Item Clause: Limit 1 of each item
|clearpoke
|poke|p1|Raichu, L50, M|
|poke|p1|Floette-Eternal, L50, F|
|poke|p1|Sinistcha, L50|
|poke|p1|Ceruledge, L50, M|
|poke|p1|Milotic, L50, F|
|poke|p1|Incineroar, L50, M|
|poke|p2|Mawile, L50, M|
|poke|p2|Farigiraf, L50, M|
|poke|p2|Kangaskhan, L50, F|
|poke|p2|Torkoal, L50, F|
|poke|p2|Vileplume, L50, M|
|poke|p2|Sylveon, L50, F|
|teampreview|4
|showteam|p1|Raichu||RaichuniteY|LightningRod|ZapCannon,VoltSwitch,FocusBlast,FakeOut|Timid||M|||50|]Floette-Eternal||Floettite|FlowerVeil|Moonblast,DrainingKiss,CalmMind,Protect|Modest||F|||50|]Sinistcha||KasibBerry|Hospitality|MatchaGotcha,RagePowder,LifeDew,Protect|Bold|||||50|]Ceruledge||ColburBerry|FlashFire|BitterBlade,ShadowSneak,BulkUp,Protect|Adamant||M|||50|]Milotic||Leftovers|Competitive|MuddyWater,Hypnosis,Coil,Protect|Calm||F|||50|]Incineroar||SitrusBerry|Intimidate|FlareBlitz,ThroatChop,FakeOut,PartingShot|Impish||M|||50|
|showteam|p2|Mawile||Mawilite|HyperCutter|PlayRough,Protect,SwordsDance,SuckerPunch|Brave||M|||50|]Farigiraf||ColburBerry|ArmorTail|TrickRoom,HyperVoice,Psychic,GrassKnot|Quiet||M|||50|]Kangaskhan||SilkScarf|Scrappy|FakeOut,LastResort|Brave||F|||50|]Torkoal||Charcoal|Drought|Eruption,HeatWave,WeatherBall,Protect|Quiet||F|||50|]Vileplume||FocusSash|Chlorophyll|SleepPowder,AfterYou,SludgeBomb,LeafStorm|Timid||M|||50|]Sylveon||FairyFeather|Pixilate|HyperBeam,HyperVoice,QuickAttack,Detect|Quiet||F|||50|
|inactive|Battle timer is ON: inactive players will automatically lose when time's up. (requested by CloudDino)
|
|t:|1783776652
|teamsize|p1|4
|teamsize|p2|4
|start
|switch|p1a: Ceruledge|Ceruledge, L50, M|100/100
|switch|p1b: Raichu|Raichu, L50, M|100/100
|switch|p2a: Farigiraf|Farigiraf, L50, M|100/100
|switch|p2b: Kangaskhan|Kangaskhan, L50, F|100/100
|turn|1
|
|t:|1783776663
|detailschange|p1b: Raichu|Raichu-Mega-Y, L50, M
|-mega|p1b: Raichu|Raichu|Raichunite Y
|move|p2b: Kangaskhan|Fake Out|p1b: Raichu
|-damage|p1b: Raichu|64/100
|cant|p1b: Raichu|flinch
|move|p1a: Ceruledge|Bulk Up|p1a: Ceruledge
|-boost|p1a: Ceruledge|atk|1
|-boost|p1a: Ceruledge|def|1
|move|p2a: Farigiraf|Trick Room|p2a: Farigiraf
|-fieldstart|move: Trick Room|[of] p2a: Farigiraf
|
|upkeep
|turn|2
|
|t:|1783776675
|move|p2a: Farigiraf|Psychic|p1a: Ceruledge
|-damage|p1a: Ceruledge|63/100
|move|p2b: Kangaskhan|Last Resort|p1b: Raichu
|-damage|p1b: Raichu|0 fnt
|faint|p1b: Raichu
|move|p1a: Ceruledge|Bitter Blade|p2b: Kangaskhan
|-damage|p2b: Kangaskhan|33/100
|-heal|p1a: Ceruledge|100/100|[from] drain|[of] p2b: Kangaskhan
|
|upkeep
|
|t:|1783776680
|switch|p1b: Incineroar|Incineroar, L50, M|100/100
|-ability|p1b: Incineroar|Intimidate|boost
|-unboost|p2a: Farigiraf|atk|1
|-fail|p2b: Kangaskhan|unboost|Attack|[from] ability: Scrappy|[of] p2b: Kangaskhan
|turn|3
|
|t:|1783776686
|move|p2a: Farigiraf|Psychic|p1a: Ceruledge
|-damage|p1a: Ceruledge|63/100
|move|p1b: Incineroar|Throat Chop|p2a: Farigiraf
|-supereffective|p2a: Farigiraf|1
|-enditem|p2a: Farigiraf|Colbur Berry|[eat]
|-enditem|p2a: Farigiraf|Colbur Berry|[weaken]
|-damage|p2a: Farigiraf|71/100
|-start|p2a: Farigiraf|Throat Chop|[silent]
|move|p2b: Kangaskhan|Last Resort|p1a: Ceruledge
|-damage|p1a: Ceruledge|10/100
|move|p1a: Ceruledge|Bitter Blade|p2b: Kangaskhan
|-damage|p2b: Kangaskhan|0 fnt
|-heal|p1a: Ceruledge|30/100|[from] drain|[of] p2b: Kangaskhan
|faint|p2b: Kangaskhan
|
|upkeep
|
|t:|1783776689
|switch|p2b: Sylveon|Sylveon, L50, F|100/100
|turn|4
|
|t:|1783776700
|move|p1a: Ceruledge|Protect|p1a: Ceruledge
|-singleturn|p1a: Ceruledge|Protect
|move|p2a: Farigiraf|Psychic|p1a: Ceruledge
|-activate|p1a: Ceruledge|move: Protect
|move|p2b: Sylveon|Hyper Voice|p1a: Ceruledge|[spread] p1b
|-activate|p1a: Ceruledge|move: Protect
|-damage|p1b: Incineroar|57/100
|move|p1b: Incineroar|Throat Chop|p2b: Sylveon
|-resisted|p2b: Sylveon|1
|-damage|p2b: Sylveon|83/100
|-start|p2b: Sylveon|Throat Chop|[silent]
|
|-end|p2a: Farigiraf|Throat Chop|[silent]
|upkeep
|turn|5
|
|t:|1783776724
|switch|p1b: Sinistcha|Sinistcha, L50|100/100
|-heal|p1a: Ceruledge|54/100|[from] ability: Hospitality|[of] p1b: Sinistcha
|move|p2a: Farigiraf|Psychic|p1a: Ceruledge
|-damage|p1a: Ceruledge|16/100
|move|p2b: Sylveon|Hyper Beam|p1b: Sinistcha
|-damage|p1b: Sinistcha|10/100
|-mustrecharge|p2b: Sylveon
|move|p1a: Ceruledge|Bitter Blade|p2b: Sylveon
|-damage|p2b: Sylveon|8/100
|-heal|p1a: Ceruledge|56/100|[from] drain|[of] p2b: Sylveon
|
|-end|p2b: Sylveon|Throat Chop|[silent]
|-fieldend|move: Trick Room
|upkeep
|turn|6
|
|t:|1783776739
|move|p1a: Ceruledge|Bitter Blade|p2a: Farigiraf
|-damage|p2a: Farigiraf|11/100
|-heal|p1a: Ceruledge|93/100|[from] drain|[of] p2a: Farigiraf
|move|p1b: Sinistcha|Matcha Gotcha|p2b: Sylveon|[spread] p2a,p2b
|-damage|p2a: Farigiraf|0 fnt
|-heal|p1b: Sinistcha|17/100|[from] drain|[of] p2a: Farigiraf
|-damage|p2b: Sylveon|0 fnt
|-heal|p1b: Sinistcha|22/100|[from] drain|[of] p2b: Sylveon
|faint|p2a: Farigiraf
|faint|p2b: Sylveon
|
|upkeep
|-message|CloudDino forfeited.
|
|win|phuc_lamvgc
|l|☆CloudDino
|player|p2|
||phuc_lamvgc is ready for game 3.
||phuc_lamvgc is ready for game 3.
||CloudDino is ready for game 3.
|uhtml|next|Next: Game 3 of 3
