|j|☆cocacolaindahhouse
|j|☆ProtectPartingShot
|html|cocacolaindahhouseProtectPartingShot    
|uhtml|bestof|Game 1 of a best-of-3
|t:|1756479493
|gametype|doubles
|player|p1|cocacolaindahhouse|1|1449
|player|p2|ProtectPartingShot|iris|1524
|gen|9
|tier|[Gen 9] VGC 2025 Reg H (Bo3)
|rated|
|rule|Species Clause: Limit one of each Pokémon
|rule|Item Clause: Limit 1 of each item
|clearpoke
|poke|p1|Ursaluna, L50, M|
|poke|p1|Dragonite, L50, M|
|poke|p1|Archaludon, L50, M|
|poke|p1|Sinistcha, L50|
|poke|p1|Pelipper, L50, M|
|poke|p1|Gholdengo, L50|
|poke|p2|Gholdengo, L50|
|poke|p2|Incineroar, L50, F|
|poke|p2|Sneasler, L50, M|
|poke|p2|Dragonite, L50, F|
|poke|p2|Ursaluna-Bloodmoon, L50, M|
|poke|p2|Clefable, L50, F|
|teampreview|4
|showteam|p1|Ursaluna||FlameOrb|Guts|Facade,Protect,HeadlongRush,Earthquake|||M|||50|,,,,,Ghost]Dragonite||LoadedDice|Multiscale|ScaleShot,Protect,Haze,Tailwind|||M|||50|,,,,,Fairy]Archaludon||AssaultVest|Stamina|FlashCannon,BodyPress,ElectroShot,Snarl|||M|||50|,,,,,Fighting]Sinistcha||SitrusBerry|Hospitality|LifeDew,MatchaGotcha,TrickRoom,RagePowder||||||50|,,,,,Dark]Pelipper||FocusSash|Drizzle|Hurricane,Tailwind,MuddyWater,Protect|||M|||50|,,,,,Ghost]Gholdengo||ChoiceScarf|GoodasGold|MakeItRain,ShadowBall,Trick,TeraBlast||||||50|,,,,,Water
|showteam|p2|Gholdengo||LifeOrb|GoodasGold|MakeItRain,ShadowBall,NastyPlot,Protect||||||50|,,,,,Water]Incineroar||SafetyGoggles|Intimidate|PartingShot,FlareBlitz,KnockOff,FakeOut|||F|||50|,,,,,Ghost]Sneasler||FocusSash|PoisonTouch|DireClaw,CloseCombat,ThroatChop,Protect|||M|||50|,,,,,Stellar]Dragonite||LoadedDice|Multiscale|ScaleShot,Tailwind,Haze,Protect|||F|||50|,,,,,Fairy]Ursaluna-Bloodmoon||AssaultVest|MindsEye|HyperVoice,EarthPower,BloodMoon,VacuumWave|||M|||50|,,,,,Water]Clefable||SitrusBerry|Unaware|FollowMe,Moonblast,ThunderWave,Protect|||F|||50|,,,,,Water
|inactive|Battle timer is ON: inactive players will automatically lose when time's up. (requested by ProtectPartingShot)
|inactive|cocacolaindahhouse has 60 seconds left.
|
|t:|1756479569
|teamsize|p1|4
|teamsize|p2|4
|start
|switch|p1a: Archaludon|Archaludon, L50, M|100/100
|switch|p1b: Pelipper|Pelipper, L50, M|100/100
|switch|p2a: Dragonite|Dragonite, L50, F|100/100
|switch|p2b: Ursaluna|Ursaluna-Bloodmoon, L50, M|100/100
|-weather|RainDance|[from] ability: Drizzle|[of] p1b: Pelipper
|turn|1
|inactive|cocacolaindahhouse has 30 seconds left.
|inactive|cocacolaindahhouse has 20 seconds left.
|inactive|cocacolaindahhouse has 15 seconds left.
|inactive|cocacolaindahhouse has 10 seconds left.
|
|t:|1756479616
|move|p2a: Dragonite|Tailwind|p2a: Dragonite
|-sidestart|p2: ProtectPartingShot|move: Tailwind
|move|p2b: Ursaluna|Hyper Voice|p1b: Pelipper|[spread] p1a,p1b
|-resisted|p1a: Archaludon
|-damage|p1a: Archaludon|89/100
|-damage|p1b: Pelipper|41/100
|-ability|p1a: Archaludon|Stamina|boost
|-boost|p1a: Archaludon|def|1
|move|p1b: Pelipper|Tailwind|p1b: Pelipper
|-sidestart|p1: cocacolaindahhouse|move: Tailwind
|move|p1a: Archaludon|Snarl|p2b: Ursaluna|[spread] p2a,p2b
|-damage|p2a: Dragonite|95/100
|-damage|p2b: Ursaluna|92/100
|-unboost|p2a: Dragonite|spa|1
|-unboost|p2b: Ursaluna|spa|1
|
|-weather|RainDance|[upkeep]
|upkeep
|turn|2
|inactive|cocacolaindahhouse has 30 seconds left.
|
|t:|1756479650
|move|p2a: Dragonite|Scale Shot|p1b: Pelipper
|-damage|p1b: Pelipper|21/100
|-damage|p1b: Pelipper|0 fnt
|faint|p1b: Pelipper
|-hitcount|p1: Pelipper|2
|-unboost|p2a: Dragonite|def|1
|-boost|p2a: Dragonite|spe|1
|move|p1a: Archaludon|Electro Shot||[still]
|-prepare|p1a: Archaludon|Electro Shot
|-boost|p1a: Archaludon|spa|1
|-anim|p1a: Archaludon|Electro Shot|p2a: Dragonite
|-damage|p2a: Dragonite|34/100
|move|p2b: Ursaluna|Earth Power|p1a: Archaludon
|-supereffective|p1a: Archaludon
|-damage|p1a: Archaludon|43/100
|-ability|p1a: Archaludon|Stamina|boost
|-boost|p1a: Archaludon|def|1
|
|-weather|RainDance|[upkeep]
|upkeep
|inactive|cocacolaindahhouse has 30 seconds left.
|
|t:|1756479679
|switch|p1b: Sinistcha|Sinistcha, L50|100/100
|-heal|p1a: Archaludon|68/100|[from] ability: Hospitality|[of] p1b: Sinistcha
|turn|3
|inactive|cocacolaindahhouse has 30 seconds left.
|inactive|cocacolaindahhouse has 20 seconds left.
|
|t:|1756479718
|-terastallize|p1a: Archaludon|Fighting
|move|p2a: Dragonite|Haze|p2a: Dragonite
|-clearallboost
|move|p1a: Archaludon|Body Press|p2b: Ursaluna
|-supereffective|p2b: Ursaluna
|-crit|p2b: Ursaluna
|-damage|p2b: Ursaluna|4/100
|move|p1b: Sinistcha|Life Dew||[still]|[spread] p1a,p1b
|-heal|p1a: Archaludon|93/100
|-fail|p1b: Sinistcha|heal
|move|p2b: Ursaluna|Earth Power|p1a: Archaludon
|-damage|p1a: Archaludon|60/100
|-unboost|p1a: Archaludon|spd|1
|-ability|p1a: Archaludon|Stamina|boost
|-boost|p1a: Archaludon|def|1
|
|-weather|RainDance|[upkeep]
|upkeep
|turn|4
|inactive|cocacolaindahhouse has 30 seconds left.
|inactive|cocacolaindahhouse has 20 seconds left.
|inactive|cocacolaindahhouse has 15 seconds left.
|
|t:|1756479761
|move|p2a: Dragonite|Scale Shot|p1b: Sinistcha
|-crit|p1b: Sinistcha
|-damage|p1b: Sinistcha|82/100
|-damage|p1b: Sinistcha|70/100
|-damage|p1b: Sinistcha|58/100
|-damage|p1b: Sinistcha|44/100
|-enditem|p1b: Sinistcha|Sitrus Berry|[eat]
|-heal|p1b: Sinistcha|69/100|[from] item: Sitrus Berry
|-hitcount|p1b: Sinistcha|4
|-unboost|p2a: Dragonite|def|1
|-boost|p2a: Dragonite|spe|1
|move|p1a: Archaludon|Flash Cannon|p2b: Ursaluna
|-damage|p2b: Ursaluna|0 fnt
|faint|p2b: Ursaluna
|move|p1b: Sinistcha|Trick Room|p1b: Sinistcha
|-fieldstart|move: Trick Room|[of] p1b: Sinistcha
|
|-weather|RainDance|[upkeep]
|-sideend|p2: ProtectPartingShot|move: Tailwind
|-sideend|p1: cocacolaindahhouse|move: Tailwind
|upkeep
|
|t:|1756479765
|switch|p2b: Incineroar|Incineroar, L50, F|100/100
|-ability|p2b: Incineroar|Intimidate|boost
|-unboost|p1a: Archaludon|atk|1
|-unboost|p1b: Sinistcha|atk|1
|turn|5
|inactive|cocacolaindahhouse has 30 seconds left.
|inactive|ProtectPartingShot has 30 seconds left.
|
|t:|1756479801
|move|p1b: Sinistcha|Life Dew|p1b: Sinistcha|[spread] p1a,p1b
|-heal|p1a: Archaludon|85/100
|-heal|p1b: Sinistcha|94/100
|move|p2b: Incineroar|Parting Shot|p1a: Archaludon
|-unboost|p1a: Archaludon|atk|1
|-unboost|p1a: Archaludon|spa|1
|
|t:|1756479806
|switch|p2b: Gholdengo|Gholdengo, L50|100/100|[from] Parting Shot
|move|p1a: Archaludon|Electro Shot||[still]
|-prepare|p1a: Archaludon|Electro Shot
|-boost|p1a: Archaludon|spa|1
|-anim|p1a: Archaludon|Electro Shot|p2a: Dragonite
|-damage|p2a: Dragonite|0 fnt
|faint|p2a: Dragonite
|
|-weather|none
|upkeep
|
|t:|1756479807
|switch|p2a: Incineroar|Incineroar, L50, F|100/100
|-ability|p2a: Incineroar|Intimidate|boost
|-unboost|p1a: Archaludon|atk|1
|-unboost|p1b: Sinistcha|atk|1
|turn|6
|inactive|cocacolaindahhouse has 30 seconds left.
|inactive|ProtectPartingShot has 30 seconds left.
|inactive|cocacolaindahhouse has 20 seconds left.
|
|t:|1756479844
|switch|p1b: Ursaluna|Ursaluna, L50, M|100/100
|move|p2a: Incineroar|Knock Off|p1a: Archaludon
|-resisted|p1a: Archaludon
|-damage|p1a: Archaludon|75/100
|-ability|p1a: Archaludon|Stamina|boost
|-boost|p1a: Archaludon|def|1
|-enditem|p1a: Archaludon|Assault Vest|[from] move: Knock Off|[of] p2a: Incineroar
|move|p1a: Archaludon|Snarl|p2b: Gholdengo|[spread] p2a
|-miss|p1a: Archaludon|p2b: Gholdengo
|-resisted|p2a: Incineroar
|-crit|p2a: Incineroar
|-damage|p2a: Incineroar|94/100
|-unboost|p2a: Incineroar|spa|1
|move|p2b: Gholdengo|Make It Rain|p1b: Ursaluna|[spread] p1a,p1b
|-damage|p1a: Archaludon|0 fnt
|-damage|p1b: Ursaluna|41/100
|-unboost|p2b: Gholdengo|spa|1
|faint|p1a: Archaludon
|-damage|p2b: Gholdengo|91/100|[from] item: Life Orb
|
|-status|p1b: Ursaluna|brn|[from] item: Flame Orb
|upkeep
|
|t:|1756479864
|switch|p1a: Sinistcha|Sinistcha, L50|94/100
|-heal|p1b: Ursaluna|66/100 brn|[from] ability: Hospitality|[of] p1a: Sinistcha
|turn|7
|
|t:|1756479889
|-terastallize|p2a: Incineroar|Ghost
|move|p2b: Gholdengo|Protect|p2b: Gholdengo
|-singleturn|p2b: Gholdengo|Protect
|move|p1a: Sinistcha|Life Dew|p1a: Sinistcha|[spread] p1a,p1b
|-heal|p1a: Sinistcha|100/100
|-heal|p1b: Ursaluna|91/100 brn
|move|p2a: Incineroar|Flare Blitz|p1b: Ursaluna
|-damage|p1b: Ursaluna|45/100 brn
|-damage|p2a: Incineroar|78/100|[from] Recoil
|move|p1b: Ursaluna|Headlong Rush|p2b: Gholdengo
|-activate|p2b: Gholdengo|move: Protect
|
|-damage|p1b: Ursaluna|39/100 brn|[from] brn
|upkeep
|turn|8
|
|t:|1756479908
|move|p2b: Gholdengo|Protect||[still]
|-fail|p2b: Gholdengo
|move|p1a: Sinistcha|Life Dew||[still]|[spread] p1a,p1b
|-fail|p1a: Sinistcha|heal
|-heal|p1b: Ursaluna|64/100 brn
|move|p2a: Incineroar|Flare Blitz|p1b: Ursaluna
|-damage|p1b: Ursaluna|19/100 brn
|-damage|p2a: Incineroar|63/100|[from] Recoil
|move|p1b: Ursaluna|Earthquake|p2b: Gholdengo|[spread] p1a,p2a,p2b
|-resisted|p1a: Sinistcha
|-supereffective|p2b: Gholdengo
|-damage|p1a: Sinistcha|74/100
|-damage|p2a: Incineroar|0 fnt
|-damage|p2b: Gholdengo|0 fnt
|faint|p2a: Incineroar
|faint|p2b: Gholdengo
|
|win|cocacolaindahhouse
||ProtectPartingShot is ready for game 2.
|inactive|cocacolaindahhouse has 30 seconds to confirm battle start!
||cocacolaindahhouse is ready for game 2.
|uhtml|next|Next: Game 2 of 3
