|j|☆Cyberman152
|j|☆Iceriderplayer370
|html|Cyberman152Iceriderplayer370    
|uhtml|bestof|Game 3 of a best-of-3
|t:|1754763001
|gametype|doubles
|player|p1|Cyberman152|170|1359
|player|p2|Iceriderplayer370|wattson|1285
|gen|9
|tier|[Gen 9] VGC 2025 Reg H (Bo3)
|rated|
|rule|Species Clause: Limit one of each Pokémon
|rule|Item Clause: Limit 1 of each item
|clearpoke
|poke|p1|Archaludon, L50, M|
|poke|p1|Pelipper, L50, M|
|poke|p1|Basculegion, L50, M|
|poke|p1|Incineroar, L50, M|
|poke|p1|Rillaboom, L50, M|
|poke|p1|Volcarona, L50, F|
|poke|p2|Ursaluna, L50, M|
|poke|p2|Kilowattrel, L50, F|
|poke|p2|Gholdengo, L50|
|poke|p2|Incineroar, L50, M|
|poke|p2|Amoonguss, L50, F|
|poke|p2|Porygon2, L50|
|teampreview|4
|showteam|p1|Archaludon||AssaultVest|Stamina|FlashCannon,DragonPulse,ElectroShot,BodyPress|||M|||50|,,,,,Bug]Pelipper||FocusSash|Drizzle|WeatherBall,Hurricane,Tailwind,Protect|||M|||50|,,,,,Stellar]Basculegion||ChoiceBand|SwiftSwim|WaveCrash,FlipTurn,AquaJet,LastRespects|||M|||50|,,,,,Grass]Incineroar||SafetyGoggles|Intimidate|KnockOff,FakeOut,Taunt,PartingShot|||M|||50|,,,,,Ghost]Rillaboom||LoadedDice|GrassySurge|BulletSeed,GrassyGlide,FakeOut,Protect|||M|||50|,,,,,Fire]Volcarona||GrassySeed|FlameBody|FieryDance,TeraBlast,QuiverDance,Protect|||F|||50|,,,,,Fairy
|showteam|p2|Ursaluna||FlameOrb|Guts|Facade,HeadlongRush,Earthquake,Protect|||M|||50|,,,,,Fairy]Kilowattrel||FocusSash|Competitive|Thunderbolt,AirSlash,Tailwind,Protect|||F|||50|,,,,,Ghost]Gholdengo||LifeOrb|GoodasGold|MakeItRain,ShadowBall,NastyPlot,Protect||||||50|,,,,,Flying]Incineroar||SafetyGoggles|Intimidate|KnockOff,FlareBlitz,PartingShot,FakeOut|||M|||50|,,,,,Grass]Amoonguss||SitrusBerry|Regenerator|Spore,RagePowder,SludgeBomb,Protect|||F|||50|,,,,,Psychic]Porygon2||Eviolite|Download|TeraBlast,IceBeam,Recover,TrickRoom||||||50|,,,,,Fighting
|inactive|Battle timer is ON: inactive players will automatically lose when time's up. (requested by Iceriderplayer370)
|
|t:|1754763028
|teamsize|p1|4
|teamsize|p2|4
|start
|switch|p1a: Volcarona|Volcarona, L50, F, shiny|100/100
|switch|p1b: Incineroar|Incineroar, L50, M, shiny|100/100
|switch|p2a: LeBron|Incineroar, L50, M, shiny|100/100
|switch|p2b: 뽀록나|Amoonguss, L50, F, shiny|100/100
|-ability|p1b: Incineroar|Intimidate|boost
|-unboost|p2a: LeBron|atk|1
|-unboost|p2b: 뽀록나|atk|1
|-ability|p2a: LeBron|Intimidate|boost
|-unboost|p1a: Volcarona|atk|1
|-unboost|p1b: Incineroar|atk|1
|turn|1
|
|t:|1754763050
|switch|p2b: Cocaine bear|Ursaluna, L50, M|100/100
|move|p1a: Volcarona|Protect|p1a: Volcarona
|-singleturn|p1a: Volcarona|Protect
|move|p2a: LeBron|Parting Shot|p1a: Volcarona
|-activate|p1a: Volcarona|move: Protect
|move|p1b: Incineroar|Taunt|p2b: Cocaine bear
|-start|p2b: Cocaine bear|move: Taunt
|
|-status|p2b: Cocaine bear|brn|[from] item: Flame Orb
|upkeep
|turn|2
|
|t:|1754763072
|switch|p1a: Archaludon|Archaludon, L50, M, shiny|100/100
|move|p2a: LeBron|Parting Shot|p1a: Archaludon
|-unboost|p1a: Archaludon|atk|1
|-unboost|p1a: Archaludon|spa|1
|
|t:|1754763077
|switch|p2a: 뽀록나|Amoonguss, L50, F, shiny|100/100|[from] Parting Shot
|move|p1b: Incineroar|Parting Shot|p2b: Cocaine bear
|-unboost|p2b: Cocaine bear|atk|1
|-unboost|p2b: Cocaine bear|spa|1
|
|t:|1754763086
|switch|p1b: Rillaboom|Rillaboom, L50, M, shiny|100/100|[from] Parting Shot
|-fieldstart|move: Grassy Terrain|[from] ability: Grassy Surge|[of] p1b: Rillaboom
|move|p2b: Cocaine bear|Facade|p1a: Archaludon
|-resisted|p1a: Archaludon
|-damage|p1a: Archaludon|67/100
|-ability|p1a: Archaludon|Stamina|boost
|-boost|p1a: Archaludon|def|1
|
|-heal|p1a: Archaludon|73/100|[from] Grassy Terrain
|-damage|p2b: Cocaine bear|95/100 brn|[from] brn
|upkeep
|turn|3
|inactive|Cyberman152 has 30 seconds left.
|inactive|Cyberman152 has 20 seconds left.
|inactive|Cyberman152 has 15 seconds left.
|
|t:|1754763128
|-terastallize|p2b: Cocaine bear|Fairy
|move|p1b: Rillaboom|Fake Out|p2b: Cocaine bear
|-damage|p2b: Cocaine bear|83/100 brn
|move|p1a: Archaludon|Body Press|p2a: 뽀록나
|-resisted|p2a: 뽀록나
|-damage|p2a: 뽀록나|84/100
|cant|p2b: Cocaine bear|flinch
|move|p2a: 뽀록나|Spore|p1a: Archaludon
|-status|p1a: Archaludon|slp|[from] move: Spore
|
|-heal|p1a: Archaludon|79/100 slp|[from] Grassy Terrain
|-heal|p2b: Cocaine bear|89/100 brn|[from] Grassy Terrain
|-heal|p2a: 뽀록나|90/100|[from] Grassy Terrain
|-damage|p2b: Cocaine bear|83/100 brn|[from] brn
|-end|p2b: Cocaine bear|move: Taunt
|upkeep
|turn|4
|
|t:|1754763156
|move|p1b: Rillaboom|Bullet Seed|p1a: Archaludon
|-resisted|p1a: Archaludon
|-damage|p1a: Archaludon|76/100 slp
|-ability|p1a: Archaludon|Stamina|boost
|-boost|p1a: Archaludon|def|1
|-resisted|p1a: Archaludon
|-damage|p1a: Archaludon|75/100 slp
|-ability|p1a: Archaludon|Stamina|boost
|-boost|p1a: Archaludon|def|1
|-resisted|p1a: Archaludon
|-damage|p1a: Archaludon|74/100 slp
|-ability|p1a: Archaludon|Stamina|boost
|-boost|p1a: Archaludon|def|1
|-resisted|p1a: Archaludon
|-damage|p1a: Archaludon|73/100 slp
|-ability|p1a: Archaludon|Stamina|boost
|-boost|p1a: Archaludon|def|1
|-hitcount|p1a: Archaludon|4
|cant|p1a: Archaludon|slp
|move|p2b: Cocaine bear|Headlong Rush|p1a: Archaludon
|-supereffective|p1a: Archaludon
|-damage|p1a: Archaludon|40/100 slp
|-unboost|p2b: Cocaine bear|def|1
|-unboost|p2b: Cocaine bear|spd|1
|-ability|p1a: Archaludon|Stamina|boost
|-boost|p1a: Archaludon|def|1
|move|p2a: 뽀록나|Sludge Bomb|p1a: Archaludon
|-immune|p1a: Archaludon
|
|-heal|p1a: Archaludon|45/100 slp|[from] Grassy Terrain
|-heal|p2b: Cocaine bear|89/100 brn|[from] Grassy Terrain
|-heal|p2a: 뽀록나|96/100|[from] Grassy Terrain
|-damage|p2b: Cocaine bear|83/100 brn|[from] brn
|upkeep
|turn|5
|inactive|Cyberman152 has 30 seconds left.
|
|t:|1754763188
|switch|p1b: Incineroar|Incineroar, L50, M, shiny|100/100
|-ability|p1b: Incineroar|Intimidate|boost
|-unboost|p2a: 뽀록나|atk|1
|-unboost|p2b: Cocaine bear|atk|1
|switch|p2b: Nokia Brick|Porygon2, L50, shiny|100/100
|-ability|p2b: Nokia Brick|Download|boost
|-boost|p2b: Nokia Brick|spa|1
|cant|p1a: Archaludon|slp
|move|p2a: 뽀록나|Sludge Bomb|p1b: Incineroar
|-damage|p1b: Incineroar|75/100
|-status|p1b: Incineroar|psn
|
|-heal|p1a: Archaludon|51/100 slp|[from] Grassy Terrain
|-heal|p1b: Incineroar|81/100 psn|[from] Grassy Terrain
|-heal|p2a: 뽀록나|100/100|[from] Grassy Terrain
|-damage|p1b: Incineroar|69/100 psn|[from] psn
|upkeep
|turn|6
|
|t:|1754763208
|switch|p2b: Cocaine bear|Ursaluna, L50, M, tera:Fairy|83/100 brn
|move|p2a: 뽀록나|Protect|p2a: 뽀록나
|-singleturn|p2a: 뽀록나|Protect
|cant|p1a: Archaludon|slp
|move|p1b: Incineroar|Taunt|p2b: Cocaine bear
|-start|p2b: Cocaine bear|move: Taunt
|
|-heal|p1a: Archaludon|57/100 slp|[from] Grassy Terrain
|-heal|p1b: Incineroar|75/100 psn|[from] Grassy Terrain
|-heal|p2b: Cocaine bear|89/100 brn|[from] Grassy Terrain
|-damage|p1b: Incineroar|63/100 psn|[from] psn
|-damage|p2b: Cocaine bear|83/100 brn|[from] brn
|-fieldend|move: Grassy Terrain
|upkeep
|turn|7
|
|t:|1754763229
|switch|p2a: LeBron|Incineroar, L50, M, shiny|100/100
|-ability|p2a: LeBron|Intimidate|boost
|-unboost|p1a: Archaludon|atk|1
|-unboost|p1b: Incineroar|atk|1
|-curestatus|p1a: Archaludon|slp|[msg]
|move|p1a: Archaludon|Flash Cannon|p2b: Cocaine bear
|-supereffective|p2b: Cocaine bear
|-damage|p2b: Cocaine bear|27/100 brn
|-unboost|p2b: Cocaine bear|spd|1
|move|p1b: Incineroar|Taunt|p2a: LeBron
|-start|p2a: LeBron|move: Taunt
|move|p2b: Cocaine bear|Headlong Rush|p1b: Incineroar
|-supereffective|p1b: Incineroar
|-damage|p1b: Incineroar|0 fnt
|-unboost|p2b: Cocaine bear|def|1
|-unboost|p2b: Cocaine bear|spd|1
|faint|p1b: Incineroar
|
|-damage|p2b: Cocaine bear|21/100 brn|[from] brn
|upkeep
|
|t:|1754763246
|switch|p1b: Rillaboom|Rillaboom, L50, M, shiny|100/100
|-fieldstart|move: Grassy Terrain|[from] ability: Grassy Surge|[of] p1b: Rillaboom
|turn|8
|
|t:|1754763253
|switch|p2a: 뽀록나|Amoonguss, L50, F, shiny|100/100
|move|p1b: Rillaboom|Fake Out|p2a: 뽀록나
|-damage|p2a: 뽀록나|89/100
|move|p1a: Archaludon|Body Press|p2b: Cocaine bear
|-resisted|p2b: Cocaine bear
|-damage|p2b: Cocaine bear|0 fnt
|faint|p2b: Cocaine bear
|
|-heal|p1a: Archaludon|63/100|[from] Grassy Terrain
|-heal|p2a: 뽀록나|95/100|[from] Grassy Terrain
|upkeep
|
|t:|1754763260
|switch|p2b: LeBron|Incineroar, L50, M, shiny|100/100
|-ability|p2b: LeBron|Intimidate|boost
|-unboost|p1a: Archaludon|atk|1
|-unboost|p1b: Rillaboom|atk|1
|turn|9
|
|t:|1754763283
|switch|p1b: Volcarona|Volcarona, L50, F, shiny|100/100
|-enditem|p1b: Volcarona|Grassy Seed
|-boost|p1b: Volcarona|def|1|[from] item: Grassy Seed
|move|p2b: LeBron|Fake Out|p1a: Archaludon
|-resisted|p1a: Archaludon
|-damage|p1a: Archaludon|62/100
|cant|p1a: Archaludon|flinch
|move|p2a: 뽀록나|Spore|p1a: Archaludon
|-status|p1a: Archaludon|slp|[from] move: Spore
|
|-heal|p1a: Archaludon|68/100 slp|[from] Grassy Terrain
|-heal|p2a: 뽀록나|100/100|[from] Grassy Terrain
|upkeep
|turn|10
|
|t:|1754763298
|switch|p2a: Nokia Brick|Porygon2, L50, shiny|100/100
|-ability|p2a: Nokia Brick|Download|boost
|-boost|p2a: Nokia Brick|spa|1
|move|p1b: Volcarona|Fiery Dance|p2a: Nokia Brick
|-damage|p2a: Nokia Brick|78/100
|-boost|p1b: Volcarona|spa|1
|cant|p1a: Archaludon|slp
|move|p2b: LeBron|Knock Off|p1a: Archaludon
|-damage|p1a: Archaludon|58/100 slp
|-enditem|p1a: Archaludon|Assault Vest|[from] move: Knock Off|[of] p2b: LeBron
|
|-heal|p1a: Archaludon|64/100 slp|[from] Grassy Terrain
|-heal|p2a: Nokia Brick|84/100|[from] Grassy Terrain
|upkeep
|turn|11
|
|t:|1754763307
|move|p1b: Volcarona|Fiery Dance|p2a: Nokia Brick
|-damage|p2a: Nokia Brick|51/100
|-boost|p1b: Volcarona|spa|1
|cant|p1a: Archaludon|slp
|move|p2b: LeBron|Parting Shot|p1b: Volcarona
|-unboost|p1b: Volcarona|atk|1
|-unboost|p1b: Volcarona|spa|1
|
|t:|1754763310
|switch|p2b: 뽀록나|Amoonguss, L50, F, shiny|100/100|[from] Parting Shot
|move|p2a: Nokia Brick|Trick Room|p2a: Nokia Brick
|-fieldstart|move: Trick Room|[of] p2a: Nokia Brick
|
|-heal|p2a: Nokia Brick|57/100|[from] Grassy Terrain
|-heal|p1a: Archaludon|70/100 slp|[from] Grassy Terrain
|upkeep
|turn|12
|
|t:|1754763333
|move|p2b: 뽀록나|Rage Powder|p2b: 뽀록나
|-singleturn|p2b: 뽀록나|move: Rage Powder
|move|p2a: Nokia Brick|Ice Beam|p1a: Archaludon
|-crit|p1a: Archaludon
|-damage|p1a: Archaludon|5/100 slp
|cant|p1a: Archaludon|slp
|move|p1b: Volcarona|Fiery Dance|p2b: 뽀록나
|-supereffective|p2b: 뽀록나
|-damage|p2b: 뽀록나|0 fnt
|faint|p2b: 뽀록나
|
|-heal|p2a: Nokia Brick|62/100|[from] Grassy Terrain
|-heal|p1a: Archaludon|11/100 slp|[from] Grassy Terrain
|-fieldend|move: Grassy Terrain
|upkeep
|
|t:|1754763343
|switch|p2b: LeBron|Incineroar, L50, M, shiny|100/100
|-ability|p2b: LeBron|Intimidate|boost
|-unboost|p1a: Archaludon|atk|1
|-unboost|p1b: Volcarona|atk|1
|turn|13
|
|t:|1754763359
|move|p2b: LeBron|Fake Out|p1b: Volcarona
|-damage|p1b: Volcarona|90/100
|move|p2a: Nokia Brick|Ice Beam|p1a: Archaludon
|-damage|p1a: Archaludon|0 fnt
|faint|p1a: Archaludon
|cant|p1b: Volcarona|flinch
|
|upkeep
|
|t:|1754763363
|switch|p1a: Rillaboom|Rillaboom, L50, M, shiny|100/100
|-fieldstart|move: Grassy Terrain|[from] ability: Grassy Surge|[of] p1a: Rillaboom
|turn|14
|
|t:|1754763373
|move|p1a: Rillaboom|Fake Out|p2b: LeBron
|-damage|p2b: LeBron|87/100
|move|p2a: Nokia Brick|Recover|p2a: Nokia Brick
|-heal|p2a: Nokia Brick|100/100
|cant|p2b: LeBron|flinch
|move|p1b: Volcarona|Fiery Dance|p2a: Nokia Brick
|-damage|p2a: Nokia Brick|71/100
|-boost|p1b: Volcarona|spa|1
|
|-heal|p2a: Nokia Brick|76/100|[from] Grassy Terrain
|-heal|p2b: LeBron|93/100|[from] Grassy Terrain
|-heal|p1b: Volcarona|96/100|[from] Grassy Terrain
|upkeep
|turn|15
|
|t:|1754763394
|-terastallize|p1a: Rillaboom|Fire
|move|p2a: Nokia Brick|Tera Blast|p1b: Volcarona
|-damage|p1b: Volcarona|55/100
|move|p2b: LeBron|Knock Off|p1b: Volcarona
|-crit|p1b: Volcarona
|-damage|p1b: Volcarona|0 fnt
|faint|p1b: Volcarona
|move|p1a: Rillaboom|Bullet Seed|p2a: Nokia Brick
|-damage|p2a: Nokia Brick|65/100
|-damage|p2a: Nokia Brick|54/100
|-damage|p2a: Nokia Brick|44/100
|-damage|p2a: Nokia Brick|35/100
|-hitcount|p2a: Nokia Brick|4
|
|-heal|p2a: Nokia Brick|40/100|[from] Grassy Terrain
|-heal|p2b: LeBron|99/100|[from] Grassy Terrain
|-fieldend|move: Trick Room
|upkeep
|turn|16
|
|t:|1754763408
|move|p1a: Rillaboom|Bullet Seed|p2a: Nokia Brick
|-damage|p2a: Nokia Brick|29/100
|-damage|p2a: Nokia Brick|18/100
|-damage|p2a: Nokia Brick|7/100
|-damage|p2a: Nokia Brick|0 fnt
|faint|p2a: Nokia Brick
|-hitcount|p2: Nokia Brick|4
|move|p2b: LeBron|Knock Off|p1a: Rillaboom
|-damage|p1a: Rillaboom|53/100
|-enditem|p1a: Rillaboom|Loaded Dice|[from] move: Knock Off|[of] p2b: LeBron
|
|-heal|p1a: Rillaboom|59/100|[from] Grassy Terrain
|-heal|p2b: LeBron|100/100|[from] Grassy Terrain
|upkeep
|turn|17
|inactive|Cyberman152 has 30 seconds left.
|inactive|Cyberman152 has 20 seconds left.
|inactive|Cyberman152 has 15 seconds left.
|inactive|Cyberman152 has 10 seconds left.
|
|t:|1754763457
|move|p1a: Rillaboom|Protect|p1a: Rillaboom
|-singleturn|p1a: Rillaboom|Protect
|move|p2b: LeBron|Knock Off|p1a: Rillaboom
|-activate|p1a: Rillaboom|move: Protect
|
|-heal|p1a: Rillaboom|65/100|[from] Grassy Terrain
|upkeep
|turn|18
|
|t:|1754763460
|move|p1a: Rillaboom|Bullet Seed|p2b: LeBron
|-resisted|p2b: LeBron
|-damage|p2b: LeBron|93/100
|-resisted|p2b: LeBron
|-damage|p2b: LeBron|84/100
|-resisted|p2b: LeBron
|-damage|p2b: LeBron|75/100
|-resisted|p2b: LeBron
|-damage|p2b: LeBron|68/100
|-resisted|p2b: LeBron
|-damage|p2b: LeBron|59/100
|-hitcount|p2b: LeBron|5
|move|p2b: LeBron|Knock Off|p1a: Rillaboom
|-crit|p1a: Rillaboom
|-damage|p1a: Rillaboom|18/100
|
|-heal|p1a: Rillaboom|24/100|[from] Grassy Terrain
|-heal|p2b: LeBron|65/100|[from] Grassy Terrain
|-fieldend|move: Grassy Terrain
|upkeep
|turn|19
|c|☆Cyberman152|Bro
|inactive|Cyberman152 has 30 seconds left.
|c|☆Cyberman152|Please tell me your crit secrets
|inactive|Cyberman152 has 20 seconds left.
|c|☆Iceriderplayer370|Use a faster team you get crit less
|inactive|Cyberman152 has 15 seconds left.
|inactive|Cyberman152 has 10 seconds left.
|inactive|Cyberman152 has 5 seconds left.
|
|t:|1754763515
|move|p1a: Rillaboom|Bullet Seed|p2b: LeBron
|-resisted|p2b: LeBron
|-damage|p2b: LeBron|58/100
|-resisted|p2b: LeBron
|-damage|p2b: LeBron|52/100
|-resisted|p2b: LeBron
|-damage|p2b: LeBron|45/100
|-resisted|p2b: LeBron
|-damage|p2b: LeBron|38/100
|-hitcount|p2b: LeBron|4
|move|p2b: LeBron|Knock Off|p1a: Rillaboom
|-damage|p1a: Rillaboom|0 fnt
|faint|p1a: Rillaboom
|
|win|Iceriderplayer370
|raw|Cyberman152's rating: 1359 → 1335(-24 for losing)
|raw|Iceriderplayer370's rating: 1285 → 1315(+30 for winning)
