|j|☆mountainofruina
|j|☆sultan_sucuk.jr
|html|mountainofruinasultan_sucuk.jr    
|uhtml|bestof|Game 1 of a best-of-3
|t:|1782698050
|gametype|doubles
|player|p1|mountainofruina|cynthia|1131
|player|p2|sultan_sucuk.jr|swimmer-gen4|1067
|gen|9
|tier|[Gen 9 Champions] VGC 2026 Reg M-B (Bo3)
|rated|
|rule|Species Clause: Limit one of each Pokémon
|rule|Item Clause: Limit 1 of each item
|clearpoke
|poke|p1|Toxapex, L50, M|
|poke|p1|Pyroar, L50, F|
|poke|p1|Hydreigon, L50, F|
|poke|p1|Incineroar, L50, F|
|poke|p1|Sneasler, L50, M|
|poke|p1|Whimsicott, L50, F|
|poke|p2|Charizard, L50, M|
|poke|p2|Whimsicott, L50, F|
|poke|p2|Incineroar, L50, F|
|poke|p2|Basculegion, L50, M|
|poke|p2|Sneasler, L50, M|
|poke|p2|Sylveon, L50, M|
|teampreview|4
|showteam|p1|Toxapex||Leftovers|Regenerator|Toxic,BanefulBunker,Infestation,WideGuard|Bold||M|||50|]Pyroar||Pyroarite|Unnerve|HeatWave,Overheat,Yawn,Protect|Timid||F|||50|]Hydreigon||ChoiceScarf|Levitate|Snarl,DarkPulse,DracoMeteor,EarthPower|Modest||F|||50|]Incineroar||SitrusBerry|Intimidate|FakeOut,PartingShot,HelpingHand,FlareBlitz|Careful||F|||50|]Sneasler||WhiteHerb|Unburden|CloseCombat,GunkShot,FakeOut,Protect|Adamant||M|||50|]Whimsicott||FocusSash|Prankster|Tailwind,SunnyDay,Encore,Moonblast|Timid||F|||50|
|showteam|p2|Charizard||CharizarditeY|SolarPower|WeatherBall,HeatWave,SolarBeam,Protect|Modest||M|||50|]Whimsicott||FocusSash|Prankster|Moonblast,Tailwind,Encore,LightScreen|Timid||F|||50|]Incineroar||SitrusBerry|Intimidate|FakeOut,FlareBlitz,HelpingHand,PartingShot|Careful||F|||50|]Basculegion||LifeOrb|Adaptability|WaveCrash,AquaJet,LastRespects,Protect|Jolly||M|||50|]Sneasler||WhiteHerb|Unburden|FakeOut,CloseCombat,DireClaw,Protect|Adamant||M|||50|]Sylveon||FairyFeather|Pixilate|HyperBeam,HyperVoice,QuickAttack,Detect|Quiet||M|||50|
|inactive|Battle timer is ON: inactive players will automatically lose when time's up. (requested by sultan_sucuk.jr)
|
|t:|1782698157
|teamsize|p1|4
|teamsize|p2|4
|start
|switch|p1a: Pyroar|Pyroar, L50, F|100/100
|switch|p1b: Incineroar|Incineroar, L50, F|100/100
|switch|p2a: Charizard|Charizard, L50, M|100/100
|switch|p2b: Incineroar|Incineroar, L50, F|100/100
|-ability|p1a: Pyroar|Unnerve
|-ability|p2b: Incineroar|Intimidate|boost
|-unboost|p1a: Pyroar|atk|1
|-unboost|p1b: Incineroar|atk|1
|-ability|p1b: Incineroar|Intimidate|boost
|-unboost|p2a: Charizard|atk|1
|-unboost|p2b: Incineroar|atk|1
|turn|1
|inactive|mountainofruina has 30 seconds left.
|inactive|sultan_sucuk.jr has 30 seconds left.
|
|t:|1782698186
|detailschange|p1a: Pyroar|Pyroar-Mega, L50, F
|-mega|p1a: Pyroar|Pyroar|Pyroarite
|move|p2a: Charizard|Protect|p2a: Charizard
|-singleturn|p2a: Charizard|Protect
|move|p1b: Incineroar|Fake Out|p2a: Charizard
|-activate|p2a: Charizard|move: Protect
|move|p2b: Incineroar|Fake Out|p1b: Incineroar
|-damage|p1b: Incineroar|94/100
|move|p1a: Pyroar|Heat Wave|p2a: Charizard|[spread] p2b
|-activate|p2a: Charizard|move: Protect
|-resisted|p2b: Incineroar|1
|-damage|p2b: Incineroar|78/100
|
|upkeep
|turn|2
|inactive|mountainofruina has 30 seconds left.
|inactive|sultan_sucuk.jr has 30 seconds left.
|inactive|mountainofruina has 20 seconds left.
|
|t:|1782698222
|detailschange|p2a: Charizard|Charizard-Mega-Y, L50, M
|-mega|p2a: Charizard|Charizard|Charizardite Y
|-weather|SunnyDay|[from] ability: Drought|[of] p2a: Charizard
|move|p2b: Incineroar|Helping Hand|p2a: Charizard
|-singleturn|p2a: Charizard|Helping Hand|[of] p2b: Incineroar
|move|p1a: Pyroar|Protect|p1a: Pyroar
|-singleturn|p1a: Pyroar|Protect
|move|p2a: Charizard|Heat Wave|p1b: Incineroar|[spread] p1b
|-activate|p1a: Pyroar|move: Protect
|-resisted|p1b: Incineroar|1
|-damage|p1b: Incineroar|55/100
|move|p1b: Incineroar|Parting Shot|p2a: Charizard
|-unboost|p2a: Charizard|atk|1
|-unboost|p2a: Charizard|spa|1
|
|t:|1782698240
|switch|p1b: Hydreigon|Hydreigon, L50, F|100/100|[from] Parting Shot
|
|-weather|SunnyDay|[upkeep]
|upkeep
|turn|3
|
|t:|1782698261
|switch|p2a: Whimsicott|Whimsicott, L50, F|100/100
|move|p1b: Hydreigon|Earth Power|p2b: Incineroar
|-supereffective|p2b: Incineroar|1
|-damage|p2b: Incineroar|25/100
|-enditem|p2b: Incineroar|Sitrus Berry|[eat]
|-heal|p2b: Incineroar|50/100g|[from] item: Sitrus Berry
|move|p1a: Pyroar|Heat Wave|p2a: Whimsicott|[spread] p2a
|-miss|p1a: Pyroar|p2b: Incineroar
|-supereffective|p2a: Whimsicott|1
|-enditem|p2a: Whimsicott|Focus Sash
|-damage|p2a: Whimsicott|1/100
|move|p2b: Incineroar|Parting Shot|p1a: Pyroar
|-unboost|p1a: Pyroar|atk|1
|-unboost|p1a: Pyroar|spa|1
|
|t:|1782698277
|switch|p2b: Sneasler|Sneasler, L50, M|100/100|[from] Parting Shot
|
|-weather|SunnyDay|[upkeep]
|upkeep
|turn|4
|
|t:|1782698291
|switch|p1a: Toxapex|Toxapex, L50, M|100/100
|move|p2b: Sneasler|Fake Out|p1b: Hydreigon
|-damage|p1b: Hydreigon|81/100
|cant|p1b: Hydreigon|flinch
|move|p2a: Whimsicott|Moonblast|p1b: Hydreigon
|-supereffective|p1b: Hydreigon|2
|-damage|p1b: Hydreigon|0 fnt
|faint|p1b: Hydreigon
|
|-weather|SunnyDay|[upkeep]
|upkeep
|
|t:|1782698298
|switch|p1b: Incineroar|Incineroar, L50, F|55/100
|-ability|p1b: Incineroar|Intimidate|boost
|-unboost|p2a: Whimsicott|atk|1
|-unboost|p2b: Sneasler|atk|1
|-enditem|p2b: Sneasler|White Herb
|-clearnegativeboost|p2b: Sneasler|[silent]
|turn|5
|inactive|sultan_sucuk.jr has 30 seconds left.
|
|t:|1782698326
|switch|p2a: Incineroar|Incineroar, L50, F|50/100g
|-ability|p2a: Incineroar|Intimidate|boost
|-unboost|p1a: Toxapex|atk|1
|-unboost|p1b: Incineroar|atk|1
|move|p1b: Incineroar|Fake Out|p2b: Sneasler
|-damage|p2b: Sneasler|87/100
|cant|p2b: Sneasler|flinch
|move|p1a: Toxapex|Infestation|p2a: Incineroar
|-damage|p2a: Incineroar|48/100
|-activate|p2a: Incineroar|move: Infestation|[of] p1a: Toxapex
|
|-weather|SunnyDay|[upkeep]
|-damage|p2a: Incineroar|35/100|[from] move: Infestation|[partiallytrapped]
|upkeep
|turn|6
|inactive|mountainofruina has 30 seconds left.
|
|t:|1782698351
|move|p2a: Incineroar|Fake Out|p1a: Toxapex
|-damage|p1a: Toxapex|92/100
|move|p2b: Sneasler|Close Combat|p1b: Incineroar
|-supereffective|p1b: Incineroar|1
|-damage|p1b: Incineroar|0 fnt
|-unboost|p2b: Sneasler|def|1
|-unboost|p2b: Sneasler|spd|1
|faint|p1b: Incineroar
|cant|p1a: Toxapex|flinch
|
|-weather|none
|-heal|p1a: Toxapex|98/100|[from] item: Leftovers
|-damage|p2a: Incineroar|23/100|[from] move: Infestation|[partiallytrapped]
|upkeep
|
|t:|1782698353
|switch|p1b: Pyroar|Pyroar-Mega, L50, F|100/100
|turn|7
|
|t:|1782698374
|move|p2a: Incineroar|Helping Hand|p2b: Sneasler
|-singleturn|p2b: Sneasler|Helping Hand|[of] p2a: Incineroar
|move|p2b: Sneasler|Close Combat|p1b: Pyroar
|-supereffective|p1b: Pyroar|1
|-damage|p1b: Pyroar|0 fnt
|-unboost|p2b: Sneasler|def|1
|-unboost|p2b: Sneasler|spd|1
|faint|p1b: Pyroar
|move|p1a: Toxapex|Infestation|p2b: Sneasler
|-resisted|p2b: Sneasler|2
|-crit|p2b: Sneasler
|-damage|p2b: Sneasler|85/100
|-activate|p2b: Sneasler|move: Infestation|[of] p1a: Toxapex
|
|-heal|p1a: Toxapex|100/100|[from] item: Leftovers
|-damage|p2b: Sneasler|73/100|[from] move: Infestation|[partiallytrapped]
|-damage|p2a: Incineroar|10/100|[from] move: Infestation|[partiallytrapped]
|upkeep
|turn|8
|-message|mountainofruina forfeited.
|
|win|sultan_sucuk.jr
||mountainofruina is ready for game 2.
||sultan_sucuk.jr is ready for game 2.
|uhtml|next|Next: Game 2 of 3
|l|☆mountainofruina
|player|p1|
|j|☆mountainofruina
|player|p1|mountainofruina|cynthia|
