|j|☆queenghidorah12
|j|☆KodeBeast0526
|html|queenghidorah12KodeBeast0526    
|uhtml|bestof|Game 1 of a best-of-3
|t:|1784320689
|gametype|doubles
|player|p1|queenghidorah12|102|1153
|player|p2|KodeBeast0526|hiker|1220
|gen|9
|tier|[Gen 9 Champions] VGC 2026 Reg M-B (Bo3)
|rated|
|rule|Species Clause: Limit one of each Pokémon
|rule|Item Clause: Limit 1 of each item
|clearpoke
|poke|p1|Toxapex, L50, F|
|poke|p1|Grimmsnarl, L50, M|
|poke|p1|Scovillain, L50, M|
|poke|p1|Snorlax, L50, M|
|poke|p1|Hydreigon, L50, M|
|poke|p1|Charizard, L50, M|
|poke|p2|Aerodactyl, L50, M|
|poke|p2|Kingambit, L50, M|
|poke|p2|Sylveon, L50, M|
|poke|p2|Garchomp, L50, M|
|poke|p2|Charizard, L50, M|
|poke|p2|Incineroar, L50, M|
|teampreview|4
|showteam|p1|Toxapex||SitrusBerry|Regenerator|BanefulBunker,Toxic,Infestation,WideGuard|Bold||F|||50|]Grimmsnarl||LightClay|Prankster|SpiritBreak,Reflect,LightScreen,PartingShot|Careful||M|||50|]Scovillain||Scovillainite|Moody|LeechSeed,Overheat,RagePowder,Protect|Bold||M|||50|]Snorlax||Leftovers|ThickFat|Yawn,Protect,BodySlam,Fissure|Impish||M|||50|]Hydreigon||ChoiceScarf|Levitate|Snarl,DarkPulse,DracoMeteor,HeatWave|Modest||M|||50|]Charizard||CharizarditeY|Blaze|Protect,HeatWave,SolarBeam,WeatherBall|Timid||M|||50|
|showteam|p2|Aerodactyl||Aerodactylite|Unnerve|RockSlide,IceFang,Tailwind,WideGuard|Jolly||M|||50|]Kingambit||FocusSash|Defiant|KowtowCleave,SuckerPunch,IronHead,Protect|Adamant||M|||50|]Sylveon||FairyFeather|Pixilate|Detect,HyperVoice,HyperBeam,QuickAttack|Modest||M|||50|]Garchomp||LifeOrb|RoughSkin|Earthquake,DragonClaw,StompingTantrum,Protect|Jolly||M|||50|]Charizard||CharizarditeY|Blaze|Protect,HeatWave,SolarBeam,WeatherBall|Modest||M|||50|]Incineroar||SitrusBerry|Intimidate|DarkestLariat,FlareBlitz,FakeOut,PartingShot|Impish||M|||50|
|
|t:|1784320726
|teamsize|p1|4
|teamsize|p2|4
|start
|switch|p1a: Alpharius/omega|Scovillain, L50, M|100/100
|switch|p1b: Horus|Grimmsnarl, L50, M|100/100
|switch|p2a: Garchomp|Garchomp, L50, M|100/100
|switch|p2b: Charizard|Charizard, L50, M|100/100
|turn|1
|
|t:|1784320747
|switch|p2a: Aerodactyl|Aerodactyl, L50, M|100/100
|-ability|p2a: Aerodactyl|Unnerve
|detailschange|p2b: Charizard|Charizard-Mega-Y, L50, M
|-mega|p2b: Charizard|Charizard|Charizardite Y
|-weather|SunnyDay|[from] ability: Drought|[of] p2b: Charizard
|detailschange|p1a: Alpharius/omega|Scovillain-Mega, L50, M
|-mega|p1a: Alpharius/omega|Scovillain|Scovillainite
|move|p1b: Horus|Light Screen|p1b: Horus
|-sidestart|p1: queenghidorah12|move: Light Screen
|move|p2b: Charizard|Heat Wave|p1b: Horus|[spread] p1b
|-miss|p2b: Charizard|p1a: Alpharius/omega
|-damage|p1b: Horus|61/100
|move|p1a: Alpharius/omega|Leech Seed|p2a: Aerodactyl
|-start|p2a: Aerodactyl|move: Leech Seed
|
|-weather|SunnyDay|[upkeep]
|-damage|p2a: Aerodactyl|87/100|[from] Leech Seed|[of] p1a: Alpharius/omega
|upkeep
|turn|2
|
|t:|1784320771
|move|p1b: Horus|Reflect|p1b: Horus
|-sidestart|p1: queenghidorah12|Reflect
|move|p2a: Aerodactyl|Tailwind|p2a: Aerodactyl
|-sidestart|p2: KodeBeast0526|move: Tailwind
|move|p2b: Charizard|Weather Ball|p1a: Alpharius/omega
|-damage|p1a: Alpharius/omega|40/100
|-immune|p2b: Charizard
|move|p1a: Alpharius/omega|Leech Seed|p2b: Charizard
|-start|p2b: Charizard|move: Leech Seed
|
|-weather|SunnyDay|[upkeep]
|-damage|p2a: Aerodactyl|75/100|[from] Leech Seed|[of] p1a: Alpharius/omega
|-heal|p1a: Alpharius/omega|53/100|[silent]
|-damage|p2b: Charizard|87/100|[from] Leech Seed|[of] p1a: Alpharius/omega
|-heal|p1a: Alpharius/omega|66/100|[silent]
|upkeep
|turn|3
|
|t:|1784320797
|move|p1a: Alpharius/omega|Protect|p1a: Alpharius/omega
|-singleturn|p1a: Alpharius/omega|Protect
|move|p1b: Horus|Parting Shot|p2b: Charizard
|-unboost|p2b: Charizard|atk|1
|-unboost|p2b: Charizard|spa|1
|
|t:|1784320802
|switch|p1b: Guilliman|Toxapex, L50, F|100/100|[from] Parting Shot
|move|p2a: Aerodactyl|Rock Slide|p1b: Guilliman|[spread] p1b
|-activate|p1a: Alpharius/omega|move: Protect
|-damage|p1b: Guilliman|91/100
|move|p2b: Charizard|Heat Wave|p1a: Alpharius/omega|[spread] p1b
|-activate|p1a: Alpharius/omega|move: Protect
|-resisted|p1b: Guilliman|1
|-damage|p1b: Guilliman|79/100
|
|-weather|SunnyDay|[upkeep]
|-damage|p2a: Aerodactyl|63/100|[from] Leech Seed|[of] p1a: Alpharius/omega
|-heal|p1a: Alpharius/omega|79/100|[silent]
|-damage|p2b: Charizard|75/100|[from] Leech Seed|[of] p1a: Alpharius/omega
|-heal|p1a: Alpharius/omega|91/100|[silent]
|upkeep
|turn|4
|
|t:|1784320824
|move|p1a: Alpharius/omega|Rage Powder|p1a: Alpharius/omega
|-singleturn|p1a: Alpharius/omega|move: Rage Powder
|move|p2a: Aerodactyl|Ice Fang|p1a: Alpharius/omega
|-damage|p1a: Alpharius/omega|80/100
|-status|p2a: Aerodactyl|brn|[from] ability: Spicy Spray|[of] p1a: Alpharius/omega
|move|p2b: Charizard|Weather Ball|p1a: Alpharius/omega
|-damage|p1a: Alpharius/omega|37/100
|-immune|p2b: Charizard
|move|p1b: Guilliman|Toxic|p2b: Charizard
|-status|p2b: Charizard|tox
|
|-weather|SunnyDay|[upkeep]
|-damage|p2a: Aerodactyl|51/100 brn|[from] Leech Seed|[of] p1a: Alpharius/omega
|-heal|p1a: Alpharius/omega|50/100g|[silent]
|-damage|p2b: Charizard|62/100 tox|[from] Leech Seed|[of] p1a: Alpharius/omega
|-heal|p1a: Alpharius/omega|63/100|[silent]
|-damage|p2b: Charizard|56/100 tox|[from] psn
|-damage|p2a: Aerodactyl|45/100 brn|[from] brn
|upkeep
|turn|5
|
|t:|1784320848
|move|p1a: Alpharius/omega|Protect|p1a: Alpharius/omega
|-singleturn|p1a: Alpharius/omega|Protect
|move|p2a: Aerodactyl|Rock Slide|p1b: Guilliman|[spread] p1b
|-activate|p1a: Alpharius/omega|move: Protect
|-damage|p1b: Guilliman|74/100
|move|p2b: Charizard|Heat Wave|p1a: Alpharius/omega|[spread] p1b
|-activate|p1a: Alpharius/omega|move: Protect
|-resisted|p1b: Guilliman|1
|-damage|p1b: Guilliman|63/100
|move|p1b: Guilliman|Infestation|p2b: Charizard
|-resisted|p2b: Charizard|2
|-damage|p2b: Charizard|55/100 tox
|-activate|p2b: Charizard|move: Infestation|[of] p1b: Guilliman
|
|-weather|none
|-damage|p2a: Aerodactyl|33/100 brn|[from] Leech Seed|[of] p1a: Alpharius/omega
|-heal|p1a: Alpharius/omega|76/100|[silent]
|-damage|p2b: Charizard|43/100 tox|[from] Leech Seed|[of] p1a: Alpharius/omega
|-heal|p1a: Alpharius/omega|88/100|[silent]
|-damage|p2b: Charizard|31/100 tox|[from] psn
|-damage|p2a: Aerodactyl|27/100 brn|[from] brn
|-damage|p2b: Charizard|18/100 tox|[from] move: Infestation|[partiallytrapped]
|-sideend|p2: KodeBeast0526|move: Tailwind
|upkeep
|turn|6
|-message|KodeBeast0526 forfeited.
|
|win|queenghidorah12
|l|☆KodeBeast0526
|player|p2|
|j|☆KodeBeast0526
|player|p2|KodeBeast0526|hiker|
