|j|☆Jacrepid
|j|☆falafeeeel
|html|Jacrepidfalafeeeel    
|uhtml|bestof|Game 3 of a best-of-3
|t:|1785434496
|gametype|doubles
|player|p1|Jacrepid|fisherman|1049
|player|p2|falafeeeel|ghetsis|1182
|gen|9
|tier|[Gen 9 Champions] VGC 2026 Reg M-B (Bo3)
|rated|
|rule|Species Clause: Limit one of each Pokémon
|rule|Item Clause: Limit 1 of each item
|clearpoke
|poke|p1|Metagross, L50, shiny|
|poke|p1|Charizard, L50, F, shiny|
|poke|p1|Incineroar, L50, F, shiny|
|poke|p1|Garchomp, L50, M, shiny|
|poke|p1|Hydreigon, L50, F, shiny|
|poke|p1|Whimsicott, L50, M|
|poke|p2|Venusaur, L50, F, shiny|
|poke|p2|Dragonite, L50, F|
|poke|p2|Gholdengo, L50, shiny|
|poke|p2|Samurott-Hisui, L50, F|
|poke|p2|Raichu, L50, F|
|poke|p2|Whimsicott, L50, F|
|teampreview|4
|showteam|p1|Metagross||Metagrossite|ClearBody|IronHead,PsychicFangs,BodyPress,Protect|Jolly|||||50|]Charizard||CharizarditeY|Blaze|HeatWave,WeatherBall,SolarBeam,Protect|Timid||F|||50|]Incineroar||SitrusBerry|Intimidate|FlareBlitz,ThroatChop,FakeOut,PartingShot|Impish||F|||50|]Garchomp||LifeOrb|RoughSkin|Earthquake,DragonClaw,RockSlide,Protect|Jolly||M|||50|]Hydreigon||ChoiceScarf|Levitate|DracoMeteor,DarkPulse,Snarl,HeatWave|Modest||F|||50|]Whimsicott||FocusSash|Prankster|Tailwind,Encore,Protect,Moonblast|Timid||M|||50|
|showteam|p2|Venusaur||Venusaurite|Chlorophyll|GigaDrain,SludgeBomb,EarthPower,Protect|Modest||F|||50|]Dragonite||LifeOrb|Multiscale|DragonClaw,LowKick,ExtremeSpeed,Protect|Adamant||F|||50|]Gholdengo||Leftovers|GoodasGold|MakeItRain,ShadowBall,NastyPlot,Protect|Modest|||||50|]Samurott-Hisui||FocusSash|Sharpness|AquaCutter,CeaselessEdge,AquaJet,Detect|Adamant||F|||50|]Raichu||RaichuniteY|LightningRod|FakeOut,ZapCannon,FocusBlast,Protect|Timid||F|||50|]Whimsicott||FairyFeather|Prankster|Tailwind,Moonblast,Encore,Protect|Timid||F|||50|
|inactive|Battle timer is ON: inactive players will automatically lose when time's up. (requested by falafeeeel)
|inactive|falafeeeel has 60 seconds left.
|
|t:|1785434554
|teamsize|p1|4
|teamsize|p2|4
|start
|switch|p1a: Jarrkhan|Garchomp, L50, M, shiny|100/100
|switch|p1b: Xaria|Charizard, L50, F, shiny|100/100
|switch|p2a: Raichu|Raichu, L50, F|100/100
|switch|p2b: Whimsicott|Whimsicott, L50, F|100/100
|turn|1
|inactive|Jacrepid has 30 seconds left.
|
|t:|1785434585
|switch|p1b: Ol' Reliable|Incineroar, L50, F, shiny|100/100
|-ability|p1b: Ol' Reliable|Intimidate|boost
|-unboost|p2a: Raichu|atk|1
|-unboost|p2b: Whimsicott|atk|1
|move|p2b: Whimsicott|Protect|p2b: Whimsicott
|-singleturn|p2b: Whimsicott|Protect
|move|p2a: Raichu|Protect|p2a: Raichu
|-singleturn|p2a: Raichu|Protect
|move|p1a: Jarrkhan|Earthquake|p2a: Raichu|[spread] p1b
|-activate|p2a: Raichu|move: Protect
|-activate|p2b: Whimsicott|move: Protect
|-supereffective|p1b: Ol' Reliable|1
|-damage|p1b: Ol' Reliable|25/100
|-enditem|p1b: Ol' Reliable|Sitrus Berry|[eat]
|-heal|p1b: Ol' Reliable|50/100y|[from] item: Sitrus Berry
|-damage|p1a: Jarrkhan|90/100|[from] item: Life Orb
|
|upkeep
|turn|2
|
|t:|1785434608
|switch|p2a: Dragonite|Dragonite, L50, F|100/100
|move|p1a: Jarrkhan|Protect|p1a: Jarrkhan
|-singleturn|p1a: Jarrkhan|Protect
|move|p2b: Whimsicott|Tailwind|p2b: Whimsicott
|-sidestart|p2: falafeeeel|move: Tailwind
|move|p1b: Ol' Reliable|Flare Blitz|p2b: Whimsicott
|-supereffective|p2b: Whimsicott|1
|-damage|p2b: Whimsicott|0 fnt
|faint|p2b: Whimsicott
|-damage|p1b: Ol' Reliable|27/100|[from] Recoil
|
|upkeep
|
|t:|1785434620
|switch|p2b: Raichu|Raichu, L50, F|100/100
|turn|3
|
|t:|1785434630
|detailschange|p2b: Raichu|Raichu-Mega-Y, L50, F
|-mega|p2b: Raichu|Raichu|Raichunite Y
|move|p2b: Raichu|Zap Cannon|p1b: Ol' Reliable
|-damage|p1b: Ol' Reliable|0 fnt
|faint|p1b: Ol' Reliable
|move|p2a: Dragonite|Dragon Claw|p1a: Jarrkhan
|-supereffective|p1a: Jarrkhan|1
|-damage|p1a: Jarrkhan|0 fnt
|-damage|p2a: Dragonite|87/100|[from] ability: Rough Skin|[of] p1a: Jarrkhan
|faint|p1a: Jarrkhan
|-damage|p2a: Dragonite|77/100|[from] item: Life Orb
|
|upkeep
|
|t:|1785434634
|switch|p1a: Whimsicott|Whimsicott, L50, M|100/100
|switch|p1b: Xaria|Charizard, L50, F, shiny|100/100
|turn|4
|
|t:|1785434652
|switch|p2a: Gholdengo|Gholdengo, L50, shiny|100/100
|move|p1a: Whimsicott|Protect|p1a: Whimsicott
|-singleturn|p1a: Whimsicott|Protect
|move|p1b: Xaria|Protect|p1b: Xaria
|-singleturn|p1b: Xaria|Protect
|move|p2b: Raichu|Zap Cannon|p1b: Xaria
|-activate|p1b: Xaria|move: Protect
|
|upkeep
|turn|5
|
|t:|1785434664
|detailschange|p1b: Xaria|Charizard-Mega-Y, L50, F, shiny
|-mega|p1b: Xaria|Charizard|Charizardite Y
|-weather|SunnyDay|[from] ability: Drought|[of] p1b: Xaria
|move|p1a: Whimsicott|Tailwind|p1a: Whimsicott
|-sidestart|p1: Jacrepid|move: Tailwind
|move|p2b: Raichu|Zap Cannon|p1b: Xaria
|-supereffective|p1b: Xaria|1
|-damage|p1b: Xaria|0 fnt
|faint|p1b: Xaria
|move|p2a: Gholdengo|Nasty Plot|p2a: Gholdengo
|-boost|p2a: Gholdengo|spa|2
|
|-weather|SunnyDay|[upkeep]
|-sideend|p2: falafeeeel|move: Tailwind
|upkeep
|turn|6
|
|t:|1785434674
|move|p1a: Whimsicott|Moonblast|p2b: Raichu
|-damage|p2b: Raichu|53/100
|move|p2b: Raichu|Zap Cannon|p1a: Whimsicott
|-resisted|p1a: Whimsicott|1
|-damage|p1a: Whimsicott|40/100
|-status|p1a: Whimsicott|par
|move|p2a: Gholdengo|Shadow Ball|p1a: Whimsicott
|-crit|p1a: Whimsicott
|-damage|p1a: Whimsicott|0 fnt
|faint|p1a: Whimsicott
|
|win|falafeeeel
|raw|Jacrepid's rating: 1049 → 1038(-11 for losing)
|raw|falafeeeel's rating: 1182 → 1198(+16 for winning)
