|j|☆toast88d
|j|☆lettitripppp
|html|toast88dlettitripppp    
|uhtml|bestof|Game 2 of a best-of-3
|t:|1785187959
|gametype|doubles
|player|p1|toast88d|veteran-gen4|1117
|player|p2|lettitripppp|lucas|1246
|gen|9
|tier|[Gen 9 Champions] VGC 2026 Reg M-B (Bo3)
|rated|
|rule|Species Clause: Limit one of each Pokémon
|rule|Item Clause: Limit 1 of each item
|clearpoke
|poke|p1|Staraptor, L50, F, shiny|
|poke|p1|Whimsicott, L50, F, shiny|
|poke|p1|Basculegion, L50, M|
|poke|p1|Grimmsnarl, L50, M|
|poke|p1|Farigiraf, L50, F|
|poke|p1|Gholdengo, L50|
|poke|p2|Charizard, L50, F|
|poke|p2|Floette-Eternal, L50, F|
|poke|p2|Basculegion, L50, M|
|poke|p2|Whimsicott, L50, M, shiny|
|poke|p2|Garchomp, L50, M|
|poke|p2|Kingambit, L50, F, shiny|
|teampreview|4
|showteam|p1|Staraptor||Staraptite|Intimidate|CloseCombat,BraveBird,Roost,Protect|Jolly||F|||50|]Whimsicott||FocusSash|Prankster|Tailwind,CottonSpore,Charm,Encore|Timid||F|||50|]Basculegion||MysticWater|Adaptability|WaveCrash,LastRespects,FlipTurn,AquaJet|Adamant||M|||50|]Grimmsnarl||LightClay|Prankster|LightScreen,Reflect,FakeOut,PartingShot|Calm||M|||50|]Farigiraf||SitrusBerry|ArmorTail|HelpingHand,TrickRoom,TwinBeam,Thunderbolt|Modest||F|||50|]Gholdengo||LifeOrb|GoodasGold|MakeItRain,NastyPlot,ShadowBall,Protect|Modest|||||50|
|showteam|p2|Charizard||CharizarditeY|Blaze|AncientPower,WeatherBall,HeatWave,Protect|Modest||F|||50|]Floette-Eternal||Floettite|Symbiosis|DazzlingGleam,LightofRuin,Moonblast,Protect|Timid||F|||50|]Basculegion||LifeOrb|Adaptability|LastRespects,WaveCrash,AquaJet,Protect|Adamant||M|||50|]Whimsicott||FocusSash|Prankster|Moonblast,Tailwind,Encore,Protect|Timid||M|||50|]Garchomp||RoseliBerry|RoughSkin|DragonClaw,Earthquake,PoisonJab,RockSlide|Jolly||M|||50|]Kingambit||OccaBerry|Defiant|KowtowCleave,SuckerPunch,IronHead,Protect|Adamant||F|||50|
|inactive|Battle timer is ON: inactive players will automatically lose when time's up. (requested by toast88d)
|inactive|lettitripppp also wants the timer to be on.
|
|t:|1785187970
|teamsize|p1|4
|teamsize|p2|4
|start
|switch|p1a: Whimsicott|Whimsicott, L50, F, shiny|100/100
|switch|p1b: Basculegion|Basculegion, L50, M|100/100
|switch|p2a: RUINOUS LIGHT|Floette-Eternal, L50, F|100/100
|switch|p2b: LETS GO AGAIN|Whimsicott, L50, M, shiny|100/100
|turn|1
|
|t:|1785187985
|detailschange|p2a: RUINOUS LIGHT|Floette-Mega, L50, F
|-mega|p2a: RUINOUS LIGHT|Floette|Floettite
|-ability|p2a: RUINOUS LIGHT|Fairy Aura
|move|p2b: LETS GO AGAIN|Tailwind|p2b: LETS GO AGAIN
|-sidestart|p2: lettitripppp|move: Tailwind
|move|p1a: Whimsicott|Tailwind|p1a: Whimsicott
|-sidestart|p1: toast88d|move: Tailwind
|move|p2a: RUINOUS LIGHT|Light of Ruin|p1b: Basculegion
|-damage|p1b: Basculegion|0 fnt
|faint|p1b: Basculegion
|-damage|p2a: RUINOUS LIGHT|34/100|[from] Recoil
|
|upkeep
|
|t:|1785187999
|switch|p1b: Gholdengo|Gholdengo, L50|100/100
|turn|2
|
|t:|1785188012
|switch|p2a: GENERAL BLADUS|Kingambit, L50, F, shiny|100/100
|move|p1a: Whimsicott|Encore|p2b: LETS GO AGAIN
|-start|p2b: LETS GO AGAIN|Encore
|move|p2b: LETS GO AGAIN|Tailwind||[still]
|-fail|p2b: LETS GO AGAIN
|move|p1b: Gholdengo|Make It Rain|p2b: LETS GO AGAIN|[spread] p2a,p2b
|-resisted|p2a: GENERAL BLADUS|1
|-supereffective|p2b: LETS GO AGAIN|1
|-damage|p2a: GENERAL BLADUS|63/100
|-enditem|p2b: LETS GO AGAIN|Focus Sash
|-damage|p2b: LETS GO AGAIN|1/100
|-unboost|p1b: Gholdengo|spa|2
|-damage|p1b: Gholdengo|90/100|[from] item: Life Orb
|
|upkeep
|turn|3
|
|t:|1785188034
|switch|p1a: Staraptor|Staraptor, L50, F, shiny|100/100
|-ability|p1a: Staraptor|Intimidate|boost
|-unboost|p2a: GENERAL BLADUS|atk|1
|-ability|p2a: GENERAL BLADUS|Defiant|boost
|-boost|p2a: GENERAL BLADUS|atk|2
|-unboost|p2b: LETS GO AGAIN|atk|1
|move|p1b: Gholdengo|Protect|p1b: Gholdengo
|-singleturn|p1b: Gholdengo|Protect
|move|p2b: LETS GO AGAIN|Tailwind||[still]
|-fail|p2b: LETS GO AGAIN
|move|p2a: GENERAL BLADUS|Kowtow Cleave|p1b: Gholdengo
|-activate|p1b: Gholdengo|move: Protect
|
|upkeep
|turn|4
|
|t:|1785188054
|switch|p2b: RUINOUS LIGHT|Floette-Mega, L50, F|34/100
|-ability|p2b: RUINOUS LIGHT|Fairy Aura
|detailschange|p1a: Staraptor|Staraptor-Mega, L50, F, shiny
|-mega|p1a: Staraptor|Staraptor|Staraptite
|move|p2a: GENERAL BLADUS|Protect|p2a: GENERAL BLADUS
|-singleturn|p2a: GENERAL BLADUS|Protect
|move|p1a: Staraptor|Close Combat|p2a: GENERAL BLADUS
|-activate|p2a: GENERAL BLADUS|move: Protect
|move|p1b: Gholdengo|Shadow Ball|p2b: RUINOUS LIGHT
|-damage|p2b: RUINOUS LIGHT|10/100
|-damage|p1b: Gholdengo|80/100|[from] item: Life Orb
|
|-sideend|p2: lettitripppp|move: Tailwind
|-sideend|p1: toast88d|move: Tailwind
|upkeep
|turn|5
|inactive|toast88d has 30 seconds left.
|
|t:|1785188080
|move|p2a: GENERAL BLADUS|Sucker Punch|p1b: Gholdengo
|-supereffective|p1b: Gholdengo|1
|-damage|p1b: Gholdengo|0 fnt
|faint|p1b: Gholdengo
|move|p1a: Staraptor|Close Combat|p2a: GENERAL BLADUS
|-supereffective|p2a: GENERAL BLADUS|2
|-damage|p2a: GENERAL BLADUS|0 fnt
|-boost|p1a: Staraptor|def|1
|-boost|p1a: Staraptor|spd|1
|faint|p2a: GENERAL BLADUS
|move|p2b: RUINOUS LIGHT|Moonblast|p1a: Staraptor
|-supereffective|p1a: Staraptor|1
|-damage|p1a: Staraptor|0 fnt
|faint|p1a: Staraptor
|
|upkeep
|
|t:|1785188094
|switch|p1a: Whimsicott|Whimsicott, L50, F, shiny|100/100
|switch|p2a: CRUSH SHARK|Garchomp, L50, M|100/100
|turn|6
|c|☆lettitripppp|gg
|-message|toast88d forfeited.
|
|win|lettitripppp
|raw|toast88d's rating: 1117 → 1101(-16 for losing)
|raw|lettitripppp's rating: 1246 → 1262(+16 for winning)
|l|☆toast88d
|player|p1|
