|j|☆castoriceball
|j|☆NemoAK
|html|castoriceballNemoAK    
|uhtml|bestof|Game 1 of a best-of-3
|t:|1783484667
|gametype|doubles
|player|p1|castoriceball|miku-flying|1202
|player|p2|NemoAK|2|1183
|gen|9
|tier|[Gen 9 Champions] VGC 2026 Reg M-B (Bo3)
|rated|
|rule|Species Clause: Limit one of each Pokémon
|rule|Item Clause: Limit 1 of each item
|clearpoke
|poke|p1|Garchomp, L50, F|
|poke|p1|Floette-Eternal, L50, F|
|poke|p1|Talonflame, L50, M|
|poke|p1|Rotom-Wash, L50, shiny|
|poke|p1|Ceruledge, L50, M|
|poke|p1|Sneasler, L50, M|
|poke|p2|Charizard, L50, M|
|poke|p2|Whimsicott, L50, M|
|poke|p2|Basculegion, L50, M|
|poke|p2|Farigiraf, L50, M|
|poke|p2|Garchomp, L50, M|
|poke|p2|Kingambit, L50, M|
|teampreview|4
|showteam|p1|Garchomp||LifeOrb|RoughSkin|DragonClaw,Earthquake,RockSlide,Protect|Adamant||F|||50|]Floette-Eternal||Floettite|FlowerVeil|Moonblast,DazzlingGleam,LightofRuin,Protect|Modest||F|||50|]Talonflame||SharpBeak|GaleWings|Tailwind,DualWingbeat,FlareBlitz,Protect|Jolly||M|||50|]Rotom-Wash||Magnet|Levitate|Thunderbolt,HydroPump,Electroweb,Protect|Modest|||||50|]Ceruledge||ColburBerry|FlashFire|Poltergeist,BitterBlade,ShadowSneak,Protect|Adamant||M|||50|]Sneasler||FocusSash|Unburden|FakeOut,DireClaw,CloseCombat,Coaching|Naughty||M|||50|
|showteam|p2|Charizard||CharizarditeY|Blaze|HeatWave,WeatherBall,SolarBeam,Protect|Modest||M|||50|]Whimsicott||MentalHerb|Prankster|Moonblast,Tailwind,Protect,Tickle|Timid||M|||50|]Basculegion||ChoiceScarf|Adaptability|LastRespects,WaveCrash,AquaJet,FlipTurn|Adamant||M|||50|]Farigiraf||SitrusBerry|ArmorTail|Psychic,HyperVoice,TrickRoom,HelpingHand|Quiet||M|||50|]Garchomp||LifeOrb|RoughSkin|Earthquake,RockSlide,ScaleShot,Protect|Jolly||M|||50|]Kingambit||FocusSash|Defiant|LowKick,SuckerPunch,IronHead,Protect|Adamant||M|||50|
|inactive|Battle timer is ON: inactive players will automatically lose when time's up. (requested by NemoAK)
|inactive|NemoAK has 60 seconds left.
|
|t:|1783484719
|teamsize|p1|4
|teamsize|p2|4
|start
|switch|p1a: $70 flutter|Floette-Eternal, L50, F|100/100
|switch|p1b: Laundry List|Rotom-Wash, L50, shiny|100/100
|switch|p2a: Fluffy|Whimsicott, L50, M|100/100
|switch|p2b: Checkmate|Kingambit, L50, M|100/100
|turn|1
|
|t:|1783484732
|switch|p1a: Swords4Hands|Ceruledge, L50, M|100/100
|move|p2a: Fluffy|Tailwind|p2a: Fluffy
|-sidestart|p2: NemoAK|move: Tailwind
|move|p2b: Checkmate|Iron Head|p1a: Swords4Hands
|-resisted|p1a: Swords4Hands|1
|-damage|p1a: Swords4Hands|73/100
|move|p1b: Laundry List|Hydro Pump|p2b: Checkmate
|-damage|p2b: Checkmate|52/100
|
|upkeep
|turn|2
|
|t:|1783484749
|move|p1a: Swords4Hands|Protect|p1a: Swords4Hands
|-singleturn|p1a: Swords4Hands|Protect
|move|p2a: Fluffy|Tickle|p1b: Laundry List
|-unboost|p1b: Laundry List|atk|1
|-unboost|p1b: Laundry List|def|1
|move|p2b: Checkmate|Sucker Punch||[still]
|-fail|p2b: Checkmate
|move|p1b: Laundry List|Thunderbolt|p2b: Checkmate
|-damage|p2b: Checkmate|1/100
|
|upkeep
|turn|3
|
|t:|1783484763
|switch|p2a: Toothless|Garchomp, L50, M|100/100
|switch|p1a: $70 flutter|Floette-Eternal, L50, F|100/100
|move|p2b: Checkmate|Sucker Punch||[still]
|-fail|p2b: Checkmate
|move|p1b: Laundry List|Electroweb|p2b: Checkmate|[spread] p2b
|-immune|p2a: Toothless
|-damage|p2b: Checkmate|0 fnt
|faint|p2b: Checkmate
|
|upkeep
|
|t:|1783484771
|switch|p2b: Dracarys|Charizard, L50, M|100/100
|turn|4
|
|t:|1783484788
|detailschange|p2b: Dracarys|Charizard-Mega-Y, L50, M
|-mega|p2b: Dracarys|Charizard|Charizardite Y
|-weather|SunnyDay|[from] ability: Drought|[of] p2b: Dracarys
|detailschange|p1a: $70 flutter|Floette-Mega, L50, F
|-mega|p1a: $70 flutter|Floette|Floettite
|-ability|p1a: $70 flutter|Fairy Aura
|move|p1a: $70 flutter|Protect|p1a: $70 flutter
|-singleturn|p1a: $70 flutter|Protect
|move|p2a: Toothless|Earthquake|p1a: $70 flutter|[spread] 
|-activate|p1a: $70 flutter|move: Protect
|-immune|p2b: Dracarys
|-immune|p1b: Laundry List|[from] ability: Levitate
|move|p2b: Dracarys|Solar Beam||[still]
|-prepare|p2b: Dracarys|Solar Beam
|-anim|p2b: Dracarys|Solar Beam|p1b: Laundry List
|-supereffective|p1b: Laundry List|1
|-damage|p1b: Laundry List|12/100
|move|p1b: Laundry List|Electroweb|p2b: Dracarys|[spread] p2b
|-immune|p2a: Toothless
|-supereffective|p2b: Dracarys|1
|-damage|p2b: Dracarys|49/100
|-unboost|p2b: Dracarys|spe|1
|
|-weather|SunnyDay|[upkeep]
|-sideend|p2: NemoAK|move: Tailwind
|upkeep
|turn|5
|
|t:|1783484799
|switch|p2b: Fluffy|Whimsicott, L50, M|100/100
|move|p2a: Toothless|Rock Slide|p1a: $70 flutter|[spread] p1a,p1b
|-damage|p1a: $70 flutter|66/100
|-damage|p1b: Laundry List|0 fnt
|faint|p1b: Laundry List
|-damage|p2a: Toothless|90/100|[from] item: Life Orb
|move|p1a: $70 flutter|Moonblast|p2a: Toothless
|-supereffective|p2a: Toothless|1
|-damage|p2a: Toothless|0 fnt
|faint|p2a: Toothless
|
|-weather|SunnyDay|[upkeep]
|upkeep
|
|t:|1783484804
|switch|p2a: Dracarys|Charizard-Mega-Y, L50, M|49/100
|switch|p1b: Swords4Hands|Ceruledge, L50, M|73/100
|turn|6
|
|t:|1783484809
|move|p1a: $70 flutter|Protect|p1a: $70 flutter
|-singleturn|p1a: $70 flutter|Protect
|move|p2b: Fluffy|Tailwind|p2b: Fluffy
|-sidestart|p2: NemoAK|move: Tailwind
|move|p2a: Dracarys|Weather Ball|p1a: $70 flutter
|-activate|p1a: $70 flutter|move: Protect
|move|p1b: Swords4Hands|Bitter Blade|p2b: Fluffy
|-supereffective|p2b: Fluffy|1
|-damage|p2b: Fluffy|0 fnt
|-heal|p1b: Swords4Hands|100/100|[from] drain|[of] p2b: Fluffy
|faint|p2b: Fluffy
|
|-weather|SunnyDay|[upkeep]
|upkeep
|turn|7
|-message|NemoAK forfeited.
|
|win|castoriceball
|l|☆NemoAK
|player|p2|
