|j|☆elitetweet
|j|☆Zaint
|html|elitetweetZaint    
|uhtml|bestof|Game 1 of a best-of-3
|t:|1784751887
|gametype|doubles
|player|p1|elitetweet|korrina|1284
|player|p2|Zaint|2|1212
|gen|9
|tier|[Gen 9 Champions] VGC 2026 Reg M-B (Bo3)
|rated|
|rule|Species Clause: Limit one of each Pokémon
|rule|Item Clause: Limit 1 of each item
|clearpoke
|poke|p1|Aerodactyl, L50, M|
|poke|p1|Rotom-Wash, L50, shiny|
|poke|p1|Garchomp, L50, M|
|poke|p1|Sneasler, L50, M|
|poke|p1|Incineroar, L50, M|
|poke|p1|Floette-Eternal, L50, F|
|poke|p2|Corviknight, L50, F|
|poke|p2|Sinistcha, L50|
|poke|p2|Sylveon, L50, M|
|poke|p2|Garchomp, L50, M|
|poke|p2|Ninetales-Alola, L50, F|
|poke|p2|Raichu, L50, F|
|teampreview|4
|showteam|p1|Aerodactyl||FocusSash|Unnerve|RockSlide,DualWingbeat,Taunt,Tailwind|Jolly||M|||50|]Rotom-Wash||ChoiceScarf|Levitate|HydroPump,Electroweb,WillOWisp,Thunderbolt|Timid|||||50|]Garchomp||LifeOrb|RoughSkin|StompingTantrum,DragonClaw,RockSlide,Protect|Jolly||M|||50|]Sneasler||WhiteHerb|Unburden|FakeOut,DireClaw,CloseCombat,Coaching|Adamant||M|||50|]Incineroar||SitrusBerry|Intimidate|FakeOut,FlareBlitz,DarkestLariat,PartingShot|Adamant||M|||50|]Floette-Eternal||Floettite|FlowerVeil|DazzlingGleam,CalmMind,DrainingKiss,Protect|Modest||F|||50|
|showteam|p2|Corviknight||Leftovers|MirrorArmor|BraveBird,Roost,Tailwind,BodyPress|Careful||F|||50|]Sinistcha||SitrusBerry|Hospitality|MatchaGotcha,RagePowder,Protect,TrickRoom|Bold|||||50|]Sylveon||FairyFeather|Pixilate|HyperBeam,HyperVoice,QuickAttack,Detect|Modest||M|||50|]Garchomp||LifeOrb|RoughSkin|Earthquake,DragonClaw,RockSlide,Protect|Jolly||M|||50|]Ninetales-Alola||NeverMeltIce|SnowWarning|Blizzard,FreezeDry,Protect,Encore|Timid||F|||50|]Raichu||RaichuniteX|Static|VoltTackle,VoltSwitch,FakeOut,Protect|Jolly||F|||50|
|inactive|Battle timer is ON: inactive players will automatically lose when time's up. (requested by elitetweet)
|inactive|elitetweet has 60 seconds left.
|inactive|Zaint has 60 seconds left.
|inactive|elitetweet has 30 seconds left.
|inactive|Zaint has 30 seconds left.
|inactive|elitetweet has 20 seconds left.
|inactive|Zaint has 20 seconds left.
|inactive|Zaint has 15 seconds left.
|inactive|Zaint has 10 seconds left.
|
|t:|1784751970
|teamsize|p1|4
|teamsize|p2|4
|start
|switch|p1a: john smogon|Rotom-Wash, L50, shiny|100/100
|switch|p1b: gesundheit|Sneasler, L50, M|100/100
|switch|p2a: Raichu|Raichu, L50, F|100/100
|switch|p2b: Ninetales|Ninetales-Alola, L50, F|100/100
|-weather|Snowscape|[from] ability: Snow Warning|[of] p2b: Ninetales
|turn|1
|inactive|elitetweet has 30 seconds left.
|inactive|Zaint has 30 seconds left.
|inactive|elitetweet has 20 seconds left.
|inactive|elitetweet has 15 seconds left.
|inactive|elitetweet has 10 seconds left.
|
|t:|1784752017
|switch|p1b: John Cenaroar|Incineroar, L50, M|100/100
|-ability|p1b: John Cenaroar|Intimidate|boost
|-unboost|p2a: Raichu|atk|1
|-unboost|p2b: Ninetales|atk|1
|move|p2a: Raichu|Fake Out|p1a: john smogon
|-damage|p1a: john smogon|90/100
|cant|p1a: john smogon|flinch
|move|p2b: Ninetales|Freeze-Dry|p1a: john smogon
|-supereffective|p1a: john smogon|1
|-damage|p1a: john smogon|14/100
|
|-weather|Snowscape|[upkeep]
|upkeep
|turn|2
|inactive|elitetweet has 30 seconds left.
|
|t:|1784752042
|switch|p2b: Garchomp|Garchomp, L50, M|100/100
|move|p2a: Raichu|Protect|p2a: Raichu
|-singleturn|p2a: Raichu|Protect
|move|p1a: john smogon|Electroweb|p2a: Raichu|[spread] 
|-activate|p2a: Raichu|move: Protect
|-immune|p2b: Garchomp
|move|p1b: John Cenaroar|Parting Shot|p2a: Raichu
|-activate|p2a: Raichu|move: Protect
|
|-weather|Snowscape|[upkeep]
|upkeep
|turn|3
|inactive|Zaint has 30 seconds left.
|
|t:|1784752072
|move|p1a: john smogon|Electroweb|p2b: Garchomp|[spread] p2a
|-immune|p2b: Garchomp
|-resisted|p2a: Raichu|1
|-damage|p2a: Raichu|86/100
|-unboost|p2a: Raichu|spe|1
|move|p2b: Garchomp|Rock Slide|p1b: John Cenaroar|[spread] p1a,p1b
|-supereffective|p1b: John Cenaroar|1
|-damage|p1a: john smogon|0 fnt
|-damage|p1b: John Cenaroar|53/100
|faint|p1a: john smogon
|-damage|p2b: Garchomp|90/100|[from] item: Life Orb
|move|p2a: Raichu|Volt Switch|p1b: John Cenaroar
|-damage|p1b: John Cenaroar|35/100
|-enditem|p1b: John Cenaroar|Sitrus Berry|[eat]
|-heal|p1b: John Cenaroar|59/100|[from] item: Sitrus Berry
|
|t:|1784752087
|switch|p2a: Corviknight|Corviknight, L50, F|100/100|[from] Volt Switch
|move|p1b: John Cenaroar|Parting Shot|p2a: Corviknight
|-ability|p2a: Corviknight|Mirror Armor
|-unboost|p1b: John Cenaroar|atk|1
|-ability|p2a: Corviknight|Mirror Armor
|-unboost|p1b: John Cenaroar|spa|1
|
|t:|1784752091
|switch|p1b: gesundheit|Sneasler, L50, M|100/100|[from] Parting Shot
|
|-weather|Snowscape|[upkeep]
|upkeep
|
|t:|1784752104
|switch|p1a: Floette|Floette-Eternal, L50, F|100/100
|turn|4
|
|t:|1784752125
|detailschange|p1a: Floette|Floette-Mega, L50, F
|-mega|p1a: Floette|Floette|Floettite
|-ability|p1a: Floette|Fairy Aura
|move|p1b: gesundheit|Fake Out|p2b: Garchomp
|-damage|p2b: Garchomp|75/100
|-damage|p1b: gesundheit|87/100|[from] ability: Rough Skin|[of] p2b: Garchomp
|cant|p2b: Garchomp|flinch
|move|p1a: Floette|Calm Mind|p1a: Floette
|-boost|p1a: Floette|spa|1
|-boost|p1a: Floette|spd|1
|move|p2a: Corviknight|Tailwind|p2a: Corviknight
|-sidestart|p2: Zaint|move: Tailwind
|
|-weather|Snowscape|[upkeep]
|upkeep
|turn|5
|inactive|Zaint has 30 seconds left.
|inactive|elitetweet has 30 seconds left.
|
|t:|1784752156
|switch|p1b: John Cenaroar|Incineroar, L50, M|59/100
|-ability|p1b: John Cenaroar|Intimidate|boost
|-ability|p2a: Corviknight|Mirror Armor
|-unboost|p1b: John Cenaroar|atk|1
|-unboost|p2b: Garchomp|atk|1
|move|p1a: Floette|Protect|p1a: Floette
|-singleturn|p1a: Floette|Protect
|move|p2b: Garchomp|Earthquake|p1b: John Cenaroar|[spread] p1b
|-activate|p1a: Floette|move: Protect
|-immune|p2a: Corviknight
|-supereffective|p1b: John Cenaroar|1
|-damage|p1b: John Cenaroar|0 fnt
|faint|p1b: John Cenaroar
|-damage|p2b: Garchomp|65/100|[from] item: Life Orb
|move|p2a: Corviknight|Brave Bird|p1a: Floette
|-activate|p1a: Floette|move: Protect
|
|-weather|none
|upkeep
|
|t:|1784752169
|switch|p1b: gesundheit|Sneasler, L50, M|87/100
|turn|6
|
|t:|1784752179
|move|p1b: gesundheit|Fake Out|p2b: Garchomp
|-damage|p2b: Garchomp|51/100
|-damage|p1b: gesundheit|75/100|[from] ability: Rough Skin|[of] p2b: Garchomp
|cant|p2b: Garchomp|flinch
|move|p2a: Corviknight|Brave Bird|p1a: Floette
|-damage|p1a: Floette|64/100
|-damage|p2a: Corviknight|89/100|[from] Recoil
|move|p1a: Floette|Calm Mind|p1a: Floette
|-boost|p1a: Floette|spa|1
|-boost|p1a: Floette|spd|1
|
|-heal|p2a: Corviknight|95/100|[from] item: Leftovers
|upkeep
|turn|7
|inactive|elitetweet has 30 seconds left.
|
|t:|1784752213
|switch|p2b: Raichu|Raichu, L50, F|86/100
|move|p2a: Corviknight|Brave Bird|p1b: gesundheit
|-supereffective|p1b: gesundheit|1
|-damage|p1b: gesundheit|0 fnt
|faint|p1b: gesundheit
|-damage|p2a: Corviknight|76/100|[from] Recoil
|move|p1a: Floette|Dazzling Gleam|p2b: Raichu|[spread] p2a,p2b
|-resisted|p2a: Corviknight|1
|-damage|p2a: Corviknight|40/100
|-damage|p2b: Raichu|0 fnt
|faint|p2b: Raichu
|
|-heal|p2a: Corviknight|46/100|[from] item: Leftovers
|-sideend|p2: Zaint|move: Tailwind
|upkeep
|
|t:|1784752233
|switch|p2b: Ninetales|Ninetales-Alola, L50, F|100/100
|-weather|Snowscape|[from] ability: Snow Warning|[of] p2b: Ninetales
|turn|8
|
|t:|1784752243
|move|p2b: Ninetales|Blizzard|p1a: Floette
|-damage|p1a: Floette|47/100
|move|p1a: Floette|Draining Kiss|p2b: Ninetales
|-damage|p2b: Ninetales|12/100
|-heal|p1a: Floette|100/100|[from] drain|[of] p2b: Ninetales
|move|p2a: Corviknight|Tailwind|p2a: Corviknight
|-sidestart|p2: Zaint|move: Tailwind
|
|-weather|Snowscape|[upkeep]
|-heal|p2a: Corviknight|52/100|[from] item: Leftovers
|upkeep
|turn|9
|
|t:|1784752258
|move|p2b: Ninetales|Protect|p2b: Ninetales
|-singleturn|p2b: Ninetales|Protect
|move|p2a: Corviknight|Roost|p2a: Corviknight
|-heal|p2a: Corviknight|100/100
|-singleturn|p2a: Corviknight|move: Roost
|move|p1a: Floette|Dazzling Gleam|p2b: Ninetales|[spread] p2a
|-activate|p2b: Ninetales|move: Protect
|-resisted|p2a: Corviknight|1
|-damage|p2a: Corviknight|63/100
|
|-weather|Snowscape|[upkeep]
|-heal|p2a: Corviknight|69/100|[from] item: Leftovers
|upkeep
|turn|10
|
|t:|1784752274
|move|p2b: Ninetales|Blizzard|p1a: Floette
|-damage|p1a: Floette|84/100
|move|p2a: Corviknight|Brave Bird|p1a: Floette
|-damage|p1a: Floette|45/100
|-damage|p2a: Corviknight|58/100|[from] Recoil
|move|p1a: Floette|Dazzling Gleam|p2a: Corviknight|[spread] p2a,p2b
|-resisted|p2a: Corviknight|1
|-damage|p2a: Corviknight|20/100y
|-damage|p2b: Ninetales|0 fnt
|faint|p2b: Ninetales
|
|-weather|Snowscape|[upkeep]
|-heal|p2a: Corviknight|26/100|[from] item: Leftovers
|upkeep
|
|t:|1784752286
|switch|p2b: Garchomp|Garchomp, L50, M|51/100
|turn|11
|
|t:|1784752294
|move|p2b: Garchomp|Earthquake|p1a: Floette|[spread] p1a
|-immune|p2a: Corviknight
|-damage|p1a: Floette|0 fnt
|faint|p1a: Floette
|-damage|p2b: Garchomp|41/100|[from] item: Life Orb
|
|win|Zaint
||elitetweet is ready for game 2.
||Zaint is ready for game 2.
|uhtml|next|Next: Game 2 of 3
|l|☆Zaint
|player|p2|
|l|☆elitetweet
|player|p1|
|j|☆Zaint
|player|p2|Zaint|2|
