|j|☆Squall413
|j|☆HolgerD
|html|Squall413HolgerD    
|uhtml|bestof|Game 2 of a best-of-3
|t:|1756719489
|gametype|doubles
|player|p1|Squall413|170|1324
|player|p2|HolgerD|265|1317
|gen|9
|tier|[Gen 9] VGC 2025 Reg H (Bo3)
|rated|
|rule|Species Clause: Limit one of each Pokémon
|rule|Item Clause: Limit 1 of each item
|clearpoke
|poke|p1|Incineroar, L50, M|
|poke|p1|Sneasler, L50, M|
|poke|p1|Kingambit, L50, F|
|poke|p1|Electabuzz, L50, F|
|poke|p1|Baxcalibur, L50, F|
|poke|p1|Primarina, L50, F|
|poke|p2|Maushold, L50|
|poke|p2|Pelipper, L50, F|
|poke|p2|Archaludon, L50, M|
|poke|p2|Ursaluna, L50, M|
|poke|p2|Sinistcha, L50|
|poke|p2|Basculegion, L50, M|
|teampreview|4
|showteam|p1|Incineroar||SitrusBerry|Intimidate|FakeOut,PartingShot,FlareBlitz,KnockOff|||M|||50|,,,,,Grass]Sneasler||FocusSash|Unburden|FakeOut,CloseCombat,DireClaw,Coaching|||M|||50|,,,,,Stellar]Kingambit||SafetyGoggles|Defiant|KowtowCleave,SuckerPunch,SwordsDance,Protect|||F|||50|,,,,,Ghost]Electabuzz||Eviolite|VitalSpirit|VoltSwitch,Taunt,FollowMe,Protect|||F|||50|,,,,,Ghost]Baxcalibur||LoadedDice|ThermalExchange|ScaleShot,IcicleSpear,IceShard,Protect|||F|||50|,,,,,Poison]Primarina||ThroatSpray|LiquidVoice|HyperVoice,Moonblast,Haze,Protect|||F|||50|,,,,,Water
|showteam|p2|Maushold||WideLens|Technician|PopulationBomb,FollowMe,Taunt,Protect||||||50|,,,,,Ghost]Pelipper||FocusSash|Drizzle|Hurricane,MuddyWater,Tailwind,Protect|||F|||50|,,,,,Stellar]Archaludon||AssaultVest|Stamina|DragonPulse,ElectroShot,BodyPress,FlashCannon|||M|||50|,,,,,Bug]Ursaluna||FlameOrb|Guts|Facade,HeadlongRush,Earthquake,Protect|||M|||50|,,,,,Ghost]Sinistcha||SitrusBerry|Hospitality|MatchaGotcha,LifeDew,RagePowder,TrickRoom||||||50|,,,,,Dark]Basculegion||ChoiceBand|SwiftSwim|AquaJet,FlipTurn,LastRespects,WaveCrash|||M|||50|,,,,,Water
|
|t:|1756719551
|teamsize|p1|4
|teamsize|p2|4
|start
|switch|p1a: Kingambit|Kingambit, L50, F|100/100
|switch|p1b: Electabuzz|Electabuzz, L50, F|100/100
|switch|p2a: Maushold|Maushold, L50|100/100
|switch|p2b: Basculegion|Basculegion, L50, M|100/100
|turn|1
|
|t:|1756719571
|-terastallize|p1b: Electabuzz|Ghost
|-terastallize|p2b: Basculegion|Water
|move|p1b: Electabuzz|Follow Me|p1b: Electabuzz
|-singleturn|p1b: Electabuzz|move: Follow Me
|move|p2a: Maushold|Population Bomb|p1b: Electabuzz
|-immune|p1b: Electabuzz
|move|p2b: Basculegion|Wave Crash|p1b: Electabuzz
|-damage|p1b: Electabuzz|0 fnt
|faint|p1b: Electabuzz
|-damage|p2b: Basculegion|74/100|[from] Recoil
|move|p1a: Kingambit|Swords Dance|p1a: Kingambit
|-boost|p1a: Kingambit|atk|2
|
|upkeep
|
|t:|1756719605
|switch|p1b: Sneasler|Sneasler, L50, M|100/100
|turn|2
|
|t:|1756719640
|move|p2a: Maushold|Protect|p2a: Maushold
|-singleturn|p2a: Maushold|Protect
|move|p1a: Kingambit|Sucker Punch|p2b: Basculegion
|-damage|p2b: Basculegion|0 fnt
|faint|p2b: Basculegion
|move|p1b: Sneasler|Close Combat|p2a: Maushold
|-activate|p2a: Maushold|move: Protect
|
|upkeep
|
|t:|1756719648
|switch|p2b: Pelipper|Pelipper, L50, F|100/100
|-weather|RainDance|[from] ability: Drizzle|[of] p2b: Pelipper
|turn|3
|
|t:|1756719690
|switch|p1b: Incineroar|Incineroar, L50, M, shiny|100/100
|-ability|p1b: Incineroar|Intimidate|boost
|-unboost|p2a: Maushold|atk|1
|-unboost|p2b: Pelipper|atk|1
|move|p2a: Maushold|Protect||[still]
|-fail|p2a: Maushold
|move|p2b: Pelipper|Tailwind|p2b: Pelipper
|-sidestart|p2: HolgerD|move: Tailwind
|move|p1a: Kingambit|Swords Dance|p1a: Kingambit
|-boost|p1a: Kingambit|atk|2
|
|-weather|RainDance|[upkeep]
|upkeep
|turn|4
|
|t:|1756719713
|switch|p2b: Archaludon|Archaludon, L50, M|100/100
|move|p1b: Incineroar|Fake Out|p2b: Archaludon
|-resisted|p2b: Archaludon
|-damage|p2b: Archaludon|96/100
|-ability|p2b: Archaludon|Stamina|boost
|-boost|p2b: Archaludon|def|1
|move|p1a: Kingambit|Sucker Punch|p2a: Maushold
|-damage|p2a: Maushold|0 fnt
|faint|p2a: Maushold
|
|-weather|RainDance|[upkeep]
|upkeep
|
|t:|1756719721
|switch|p2a: Pelipper|Pelipper, L50, F|100/100
|turn|5
|inactive|Battle timer is ON: inactive players will automatically lose when time's up. (requested by HolgerD)
|
|t:|1756719819
|switch|p1b: Sneasler|Sneasler, L50, M|100/100
|move|p1a: Kingambit|Protect|p1a: Kingambit
|-singleturn|p1a: Kingambit|Protect
|move|p2a: Pelipper|Muddy Water|p1a: Kingambit|[spread] p1b
|-activate|p1a: Kingambit|move: Protect
|-damage|p1b: Sneasler|44/100
|move|p2b: Archaludon|Body Press|p1a: Kingambit
|-activate|p1a: Kingambit|move: Protect
|
|-weather|RainDance|[upkeep]
|upkeep
|turn|6
|
|t:|1756719837
|move|p1b: Sneasler|Fake Out|p2b: Archaludon
|-resisted|p2b: Archaludon
|-damage|p2b: Archaludon|93/100
|-ability|p2b: Archaludon|Stamina|boost
|-boost|p2b: Archaludon|def|1
|move|p2a: Pelipper|Hurricane|p1b: Sneasler
|-supereffective|p1b: Sneasler
|-damage|p1b: Sneasler|0 fnt
|faint|p1b: Sneasler
|cant|p2b: Archaludon|flinch
|move|p1a: Kingambit|Kowtow Cleave|p2b: Archaludon
|-damage|p2b: Archaludon|46/100
|-ability|p2b: Archaludon|Stamina|boost
|-boost|p2b: Archaludon|def|1
|
|-weather|RainDance|[upkeep]
|-sideend|p2: HolgerD|move: Tailwind
|upkeep
|
|t:|1756719851
|switch|p1b: Incineroar|Incineroar, L50, M, shiny|100/100
|-ability|p1b: Incineroar|Intimidate|boost
|-unboost|p2a: Pelipper|atk|1
|-unboost|p2b: Archaludon|atk|1
|turn|7
|
|t:|1756719859
|move|p1b: Incineroar|Fake Out|p2b: Archaludon
|-resisted|p2b: Archaludon
|-damage|p2b: Archaludon|44/100
|-ability|p2b: Archaludon|Stamina|boost
|-boost|p2b: Archaludon|def|1
|move|p2a: Pelipper|Muddy Water|p1b: Incineroar|[spread] p1b
|-miss|p2a: Pelipper|p1a: Kingambit
|-supereffective|p1b: Incineroar
|-damage|p1b: Incineroar|31/100
|-enditem|p1b: Incineroar|Sitrus Berry|[eat]
|-heal|p1b: Incineroar|56/100|[from] item: Sitrus Berry
|cant|p2b: Archaludon|flinch
|move|p1a: Kingambit|Kowtow Cleave|p2b: Archaludon
|-damage|p2b: Archaludon|13/100
|-ability|p2b: Archaludon|Stamina|boost
|-boost|p2b: Archaludon|def|1
|
|-weather|none
|upkeep
|turn|8
|inactive|Squall413 has 30 seconds left.
|inactive|Squall413 has 20 seconds left.
|
|t:|1756719898
|move|p1a: Kingambit|Sucker Punch|p2b: Archaludon
|-damage|p2b: Archaludon|0 fnt
|faint|p2b: Archaludon
|move|p2a: Pelipper|Muddy Water|p1a: Kingambit|[spread] p1a,p1b
|-supereffective|p1b: Incineroar
|-damage|p1a: Kingambit|72/100
|-damage|p1b: Incineroar|7/100
|-unboost|p1a: Kingambit|accuracy|1
|-ability|p1a: Kingambit|Defiant|boost
|-boost|p1a: Kingambit|atk|2
|move|p1b: Incineroar|Knock Off|p2a: Pelipper
|-damage|p2a: Pelipper|47/100
|-enditem|p2a: Pelipper|Focus Sash|[from] move: Knock Off|[of] p1b: Incineroar
|
|upkeep
|turn|9
|
|t:|1756719914
|move|p1a: Kingambit|Sucker Punch|p2a: Pelipper
|-damage|p2a: Pelipper|0 fnt
|faint|p2a: Pelipper
|
|win|Squall413
||HolgerD is ready for game 3.
||Squall413 is ready for game 3.
|uhtml|next|Next: Game 3 of 3
|l|☆Squall413
|player|p1|
