|j|☆Prepucio Perez
|j|☆pokemonalpha.es
|html|Prepucio Perezpokemonalpha.es    
|uhtml|bestof|Game 3 of a best-of-3
|t:|1783095927
|gametype|doubles
|player|p1|Prepucio Perez|striker|
|player|p2|pokemonalpha.es|lebanne|
|gen|9
|tier|[Gen 9 Champions] VGC 2026 Reg M-B (Bo3)
|rule|Species Clause: Limit one of each Pokémon
|rule|Item Clause: Limit 1 of each item
|clearpoke
|poke|p1|Gardevoir, L50, M|
|poke|p1|Aerodactyl, L50, F|
|poke|p1|Garchomp, L50, F|
|poke|p1|Gholdengo, L50|
|poke|p1|Maushold-Four, L50|
|poke|p1|Kingambit, L50, F|
|poke|p2|Sneasler, L50, F|
|poke|p2|Scovillain, L50, F|
|poke|p2|Kingambit, L50, M|
|poke|p2|Toxapex, L50, M|
|poke|p2|Snorlax, L50, F|
|poke|p2|Basculegion, L50, M|
|teampreview|4
|showteam|p1|Gardevoir||Gardevoirite|Telepathy|HyperVoice,Psyshock,CalmMind,Protect|Modest||M|||50|]Aerodactyl||FocusSash|RockHead|DualWingbeat,RockSlide,Tailwind,Protect|Jolly||F|||50|]Garchomp||LifeOrb|RoughSkin|DragonClaw,Earthquake,StompingTantrum,Protect|Jolly||F|||50|]Gholdengo||MetalCoat|GoodasGold|MakeItRain,ShadowBall,NastyPlot,Protect|Modest|||||50|]Maushold-Four||WideLens|FriendGuard|FollowMe,Encore,PopulationBomb,Protect|Jolly|||||50|]Kingambit||ChopleBerry|Defiant|KowtowCleave,SuckerPunch,LowKick,Protect|Adamant||F|||50|
|showteam|p2|Sneasler||WhiteHerb|Unburden|CloseCombat,GunkShot,FakeOut,Protect|Jolly||F|||50|]Scovillain||Scovillainite|Moody|Overheat,RagePowder,LeechSeed,Protect|Calm||F|||50|]Kingambit||ChopleBerry|Defiant|KowtowCleave,SuckerPunch,LowKick,Protect|Adamant||M|||50|]Toxapex||Leftovers|Regenerator|Infestation,WideGuard,Recover,Protect|Bold||M|||50|]Snorlax||SitrusBerry|ThickFat|DoubleEdge,Yawn,Fissure,Protect|Relaxed||F|||50|]Basculegion||ChoiceScarf|Adaptability|WaveCrash,LastRespects,FlipTurn,AquaJet|Jolly||M|||50|
|inactive|Battle timer is ON: inactive players will automatically lose when time's up. (requested by pokemonalpha.es)
|
|t:|1783095987
|teamsize|p1|4
|teamsize|p2|4
|start
|switch|p1a: Aerodactyl|Aerodactyl, L50, F|100/100
|switch|p1b: Kingambit|Kingambit, L50, F|100/100
|switch|p2a: Scovillain|Scovillain, L50, F|100/100
|switch|p2b: Toxapex|Toxapex, L50, M|100/100
|turn|1
|inactive|Prepucio Perez has 30 seconds left.
|
|t:|1783096018
|switch|p1b: Gholdengo|Gholdengo, L50|100/100
|detailschange|p2a: Scovillain|Scovillain-Mega, L50, F
|-mega|p2a: Scovillain|Scovillain|Scovillainite
|move|p1a: Aerodactyl|Rock Slide|p2a: Scovillain|[spread] p2a
|-miss|p1a: Aerodactyl|p2b: Toxapex
|-supereffective|p2a: Scovillain|1
|-damage|p2a: Scovillain|46/100
|-status|p1a: Aerodactyl|brn|[from] ability: Spicy Spray|[of] p2a: Scovillain
|move|p2a: Scovillain|Leech Seed|p1a: Aerodactyl
|-start|p1a: Aerodactyl|move: Leech Seed
|move|p2b: Toxapex|Infestation|p1a: Aerodactyl
|-resisted|p1a: Aerodactyl|1
|-damage|p1a: Aerodactyl|98/100 brn
|-activate|p1a: Aerodactyl|move: Infestation|[of] p2b: Toxapex
|
|-damage|p1a: Aerodactyl|85/100 brn|[from] Leech Seed|[of] p2a: Scovillain
|-heal|p2a: Scovillain|57/100|[silent]
|-damage|p1a: Aerodactyl|80/100 brn|[from] brn
|-damage|p1a: Aerodactyl|68/100 brn|[from] move: Infestation|[partiallytrapped]
|upkeep
|turn|2
|
|t:|1783096040
|move|p2a: Scovillain|Protect|p2a: Scovillain
|-singleturn|p2a: Scovillain|Protect
|move|p1a: Aerodactyl|Dual Wingbeat|p2a: Scovillain
|-activate|p2a: Scovillain|move: Protect
|move|p1b: Gholdengo|Shadow Ball|p2a: Scovillain
|-activate|p2a: Scovillain|move: Protect
|move|p2b: Toxapex|Infestation|p1b: Gholdengo
|-resisted|p1b: Gholdengo|2
|-damage|p1b: Gholdengo|99/100
|-activate|p1b: Gholdengo|move: Infestation|[of] p2b: Toxapex
|
|-damage|p1a: Aerodactyl|56/100 brn|[from] Leech Seed|[of] p2a: Scovillain
|-heal|p2a: Scovillain|68/100|[silent]
|-damage|p1a: Aerodactyl|50/100g brn|[from] brn
|-damage|p1a: Aerodactyl|38/100 brn|[from] move: Infestation|[partiallytrapped]
|-damage|p1b: Gholdengo|87/100|[from] move: Infestation|[partiallytrapped]
|upkeep
|turn|3
|inactive|pokemonalpha.es has 30 seconds left.
|
|t:|1783096075
|switch|p2a: Kingambit|Kingambit, L50, M|100/100
|move|p1a: Aerodactyl|Dual Wingbeat|p2a: Kingambit
|-resisted|p2a: Kingambit|1
|-damage|p2a: Kingambit|96/100
|-resisted|p2a: Kingambit|1
|-damage|p2a: Kingambit|93/100
|-hitcount|p2a: Kingambit|2
|move|p1b: Gholdengo|Shadow Ball|p2a: Kingambit
|-resisted|p2a: Kingambit|1
|-damage|p2a: Kingambit|71/100
|-unboost|p2a: Kingambit|spd|1
|-ability|p2a: Kingambit|Defiant|boost
|-boost|p2a: Kingambit|atk|2
|move|p2b: Toxapex|Infestation|p1b: Gholdengo
|-resisted|p1b: Gholdengo|2
|-damage|p1b: Gholdengo|86/100
|
|-damage|p1a: Aerodactyl|26/100 brn|[from] Leech Seed|[of] p2a: Kingambit
|-heal|p2a: Kingambit|80/100|[silent]
|-damage|p1a: Aerodactyl|20/100y brn|[from] brn
|-damage|p1a: Aerodactyl|8/100 brn|[from] move: Infestation|[partiallytrapped]
|-damage|p1b: Gholdengo|74/100|[from] move: Infestation|[partiallytrapped]
|upkeep
|turn|4
|j| maxibeasm
|inactive|Prepucio Perez has 30 seconds left.
|
|t:|1783096105
|move|p1b: Gholdengo|Protect|p1b: Gholdengo
|-singleturn|p1b: Gholdengo|Protect
|move|p2b: Toxapex|Protect|p2b: Toxapex
|-singleturn|p2b: Toxapex|Protect
|move|p1a: Aerodactyl|Tailwind|p1a: Aerodactyl
|-sidestart|p1: Prepucio Perez|move: Tailwind
|move|p2a: Kingambit|Kowtow Cleave|p1b: Gholdengo
|-activate|p1b: Gholdengo|move: Protect
|
|-damage|p1a: Aerodactyl|0 fnt|[from] Leech Seed|[of] p2a: Kingambit
|-heal|p2a: Kingambit|86/100|[silent]
|faint|p1a: Aerodactyl
|-damage|p1b: Gholdengo|62/100|[from] move: Infestation|[partiallytrapped]
|upkeep
|
|t:|1783096115
|switch|p1a: Kingambit|Kingambit, L50, F|100/100
|turn|5
|
|t:|1783096122
|move|p1b: Gholdengo|Nasty Plot|p1b: Gholdengo
|-boost|p1b: Gholdengo|spa|2
|move|p1a: Kingambit|Low Kick|p2a: Kingambit
|-supereffective|p2a: Kingambit|2
|-enditem|p2a: Kingambit|Chople Berry|[eat]
|-enditem|p2a: Kingambit|Chople Berry|[weaken]
|-damage|p2a: Kingambit|25/100
|move|p2a: Kingambit|Kowtow Cleave|p1b: Gholdengo
|-supereffective|p1b: Gholdengo|1
|-damage|p1b: Gholdengo|0 fnt
|faint|p1b: Gholdengo
|move|p2b: Toxapex|Infestation|p1a: Kingambit
|-damage|p1a: Kingambit|96/100
|-activate|p1a: Kingambit|move: Infestation|[of] p2b: Toxapex
|
|-damage|p1a: Kingambit|84/100|[from] move: Infestation|[partiallytrapped]
|upkeep
|
|t:|1783096125
|switch|p1b: Gardevoir|Gardevoir, L50, M|100/100
|turn|6
|
|t:|1783096144
|switch|p2a: Scovillain|Scovillain-Mega, L50, F|68/100
|detailschange|p1b: Gardevoir|Gardevoir-Mega, L50, M
|-mega|p1b: Gardevoir|Gardevoir|Gardevoirite
|move|p1b: Gardevoir|Psyshock|p2b: Toxapex
|-supereffective|p2b: Toxapex|1
|-damage|p2b: Toxapex|23/100
|move|p1a: Kingambit|Kowtow Cleave|p2b: Toxapex
|-damage|p2b: Toxapex|0 fnt
|faint|p2b: Toxapex
|
|-end|p1a: Kingambit|Infestation|[partiallytrapped]|[silent]
|upkeep
|
|t:|1783096163
|switch|p2b: Snorlax|Snorlax, L50, F|100/100
|turn|7
|inactive|Prepucio Perez has 30 seconds left.
|
|t:|1783096193
|move|p2a: Scovillain|Protect|p2a: Scovillain
|-singleturn|p2a: Scovillain|Protect
|move|p1b: Gardevoir|Hyper Voice|p2a: Scovillain|[spread] p2b
|-activate|p2a: Scovillain|move: Protect
|-damage|p2b: Snorlax|68/100
|move|p1a: Kingambit|Kowtow Cleave|p2a: Scovillain
|-activate|p2a: Scovillain|move: Protect
|move|p2b: Snorlax|Yawn|p1b: Gardevoir
|-start|p1b: Gardevoir|move: Yawn|[of] p2b: Snorlax
|
|-sideend|p1: Prepucio Perez|move: Tailwind
|upkeep
|turn|8
|inactive|Prepucio Perez has 30 seconds left.
|inactive|Prepucio Perez has 20 seconds left.
|inactive|Prepucio Perez has 15 seconds left.
|inactive|Prepucio Perez has 10 seconds left.
|
|t:|1783096241
|switch|p2a: Kingambit|Kingambit, L50, M|25/100
|move|p2b: Snorlax|Protect|p2b: Snorlax
|-singleturn|p2b: Snorlax|Protect
|move|p1a: Kingambit|Sucker Punch||[still]
|-fail|p1a: Kingambit
|move|p1b: Gardevoir|Psyshock|p2a: Kingambit
|-immune|p2a: Kingambit
|
|-end|p1b: Gardevoir|move: Yawn|[silent]
|-status|p1b: Gardevoir|slp
|upkeep
|turn|9
|inactive|Prepucio Perez has 30 seconds left.
|inactive|Prepucio Perez has 20 seconds left.
|
|t:|1783096276
|cant|p1b: Gardevoir|slp
|move|p1a: Kingambit|Low Kick|p2b: Snorlax
|-supereffective|p2b: Snorlax|1
|-damage|p2b: Snorlax|9/100
|-enditem|p2b: Snorlax|Sitrus Berry|[eat]
|-heal|p2b: Snorlax|34/100|[from] item: Sitrus Berry
|move|p2a: Kingambit|Kowtow Cleave|p1b: Gardevoir
|-damage|p1b: Gardevoir|31/100 slp
|move|p2b: Snorlax|Double-Edge|p1b: Gardevoir
|-damage|p1b: Gardevoir|0 fnt
|faint|p1b: Gardevoir
|-damage|p2b: Snorlax|27/100|[from] Recoil
|
|upkeep
|turn|10
|
|t:|1783096291
|move|p1a: Kingambit|Low Kick|p2a: Kingambit
|-supereffective|p2a: Kingambit|2
|-damage|p2a: Kingambit|0 fnt
|faint|p2a: Kingambit
|move|p2b: Snorlax|Yawn|p1a: Kingambit
|-start|p1a: Kingambit|move: Yawn|[of] p2b: Snorlax
|
|upkeep
|
|t:|1783096294
|switch|p2a: Scovillain|Scovillain-Mega, L50, F|68/100
|turn|11
|
|t:|1783096303
|move|p2a: Scovillain|Protect|p2a: Scovillain
|-singleturn|p2a: Scovillain|Protect
|move|p2b: Snorlax|Protect|p2b: Snorlax
|-singleturn|p2b: Snorlax|Protect
|move|p1a: Kingambit|Kowtow Cleave|p2a: Scovillain
|-activate|p2a: Scovillain|move: Protect
|
|-end|p1a: Kingambit|move: Yawn|[silent]
|-status|p1a: Kingambit|slp
|upkeep
|turn|12
|c|☆Prepucio Perez|vaya guarrada
|inactive|Prepucio Perez has 30 seconds left.
|inactive|Prepucio Perez has 20 seconds left.
|inactive|Prepucio Perez has 15 seconds left.
|c|☆pokemonalpha.es|joe pues lo he pasao mal pa llegar hasta aquí cabrón ggs
|inactive|Prepucio Perez has 10 seconds left.
|c|☆Prepucio Perez|te hago time stall por si se te va el wifi
|inactive|Prepucio Perez has 5 seconds left.
|
|t:|1783096358
|move|p2a: Scovillain|Overheat|p1a: Kingambit
|-supereffective|p1a: Kingambit|1
|-damage|p1a: Kingambit|0 fnt
|-unboost|p2a: Scovillain|spa|2
|faint|p1a: Kingambit
|
|win|pokemonalpha.es
|c|☆pokemonalpha.es|se funde la luz del calor que hace
|c|☆Prepucio Perez|gg
|l|☆Prepucio Perez
|player|p1|
