|j|☆Pledgen
|j|☆jamaicantheif
|html|Pledgenjamaicantheif    
|uhtml|bestof|Game 1 of a best-of-3
|t:|1783479169
|gametype|doubles
|player|p1|Pledgen|102|1078
|player|p2|jamaicantheif|2|1028
|gen|9
|tier|[Gen 9 Champions] VGC 2026 Reg M-B (Bo3)
|rated|
|rule|Species Clause: Limit one of each Pokémon
|rule|Item Clause: Limit 1 of each item
|clearpoke
|poke|p1|Farigiraf, L50, M|
|poke|p1|Alakazam, L50, M|
|poke|p1|Blaziken, L50, M|
|poke|p1|Ditto, L50|
|poke|p1|Grimmsnarl, L50, M|
|poke|p1|Whimsicott, L50, F|
|poke|p2|Tyranitar, L50, F, shiny|
|poke|p2|Excadrill, L50, F|
|poke|p2|Incineroar, L50, M|
|poke|p2|Houndstone, L50, F|
|poke|p2|Whimsicott, L50, M, shiny|
|poke|p2|Rotom-Wash, L50, shiny|
|teampreview|4
|showteam|p1|Farigiraf||SitrusBerry|ArmorTail|TrickRoom,PsychicTerrain,ExpandingForce,HelpingHand|Bold||M|||50|]Alakazam||Alakazite|MagicGuard|ExpandingForce,CalmMind,DazzlingGleam,Protect|Timid||M|||50|]Blaziken||Blazikenite|SpeedBoost|CloseCombat,BraveBird,BlazeKick,Protect|Adamant||M|||50|]Ditto||ChoiceScarf|Imposter|Transform|Bold|||||50|]Grimmsnarl||LightClay|Prankster|FakeOut,Reflect,LightScreen,PartingShot|Careful||M|||50|]Whimsicott||FocusSash|Prankster|Encore,Tailwind,DazzlingGleam,Taunt|Timid||F|||50|
|showteam|p2|Tyranitar||Tyranitarite|SandStream|KnockOff,RockSlide,IcePunch,LowKick|Adamant||F|||50|]Excadrill||FocusSash|SandRush|HighHorsepower,Protect,IronHead,RockSlide|Jolly||F|||50|]Incineroar||SitrusBerry|Intimidate|DarkestLariat,FakeOut,FlareBlitz,PartingShot|Jolly||M|||50|]Houndstone||LifeOrb|SandRush|LastRespects,AllySwitch,PsychicFangs,StompingTantrum|Adamant||F|||50|]Whimsicott||BrightPowder|Prankster|Tailwind,Moonblast,GigaDrain,Memento|Modest||M|||50|]Rotom-Wash||Magnet|Levitate|HydroPump,Thunderbolt,VoltSwitch,WillOWisp|Calm|||||50|
|
|t:|1783479202
|teamsize|p1|4
|teamsize|p2|4
|start
|switch|p1a: Blaziken|Blaziken, L50, M|100/100
|switch|p1b: Grimmsnarl|Grimmsnarl, L50, M|100/100
|switch|p2a: Tyranitar|Tyranitar, L50, F, shiny|100/100
|switch|p2b: Incineroar|Incineroar, L50, M|100/100
|-ability|p2b: Incineroar|Intimidate|boost
|-unboost|p1a: Blaziken|atk|1
|-unboost|p1b: Grimmsnarl|atk|1
|-weather|Sandstorm|[from] ability: Sand Stream|[of] p2a: Tyranitar
|turn|1
|
|t:|1783479231
|detailschange|p1a: Blaziken|Blaziken-Mega, L50, M
|-mega|p1a: Blaziken|Blaziken|Blazikenite
|detailschange|p2a: Tyranitar|Tyranitar-Mega, L50, F, shiny
|-mega|p2a: Tyranitar|Tyranitar|Tyranitarite
|move|p2b: Incineroar|Fake Out|p1a: Blaziken
|-damage|p1a: Blaziken|84/100
|move|p1b: Grimmsnarl|Fake Out|p2b: Incineroar
|-crit|p2b: Incineroar
|-damage|p2b: Incineroar|82/100
|cant|p1a: Blaziken|flinch
|move|p2a: Tyranitar|Rock Slide|p1b: Grimmsnarl|[spread] p1a,p1b
|-damage|p1a: Blaziken|32/100
|-damage|p1b: Grimmsnarl|51/100
|
|-weather|Sandstorm|[upkeep]
|-damage|p1a: Blaziken|26/100|[from] Sandstorm
|-damage|p2b: Incineroar|76/100|[from] Sandstorm
|-damage|p1b: Grimmsnarl|46/100|[from] Sandstorm
|-ability|p1a: Blaziken|Speed Boost|boost
|-boost|p1a: Blaziken|spe|1
|upkeep
|turn|2
|
|t:|1783479249
|switch|p2a: Rotom|Rotom-Wash, L50, shiny|100/100
|move|p1b: Grimmsnarl|Reflect|p1b: Grimmsnarl
|-sidestart|p1: Pledgen|Reflect
|move|p1a: Blaziken|Close Combat|p2a: Rotom
|-damage|p2a: Rotom|38/100
|-unboost|p1a: Blaziken|def|1
|-unboost|p1a: Blaziken|spd|1
|move|p2b: Incineroar|Flare Blitz|p1b: Grimmsnarl
|-damage|p1b: Grimmsnarl|3/100
|-damage|p2b: Incineroar|62/100|[from] Recoil
|
|-weather|Sandstorm|[upkeep]
|-damage|p1a: Blaziken|21/100|[from] Sandstorm
|-damage|p2b: Incineroar|56/100|[from] Sandstorm
|-damage|p2a: Rotom|32/100|[from] Sandstorm
|-damage|p1b: Grimmsnarl|0 fnt|[from] Sandstorm
|faint|p1b: Grimmsnarl
|-ability|p1a: Blaziken|Speed Boost|boost
|-boost|p1a: Blaziken|spe|1
|upkeep
|
|t:|1783479260
|switch|p1b: Ditto|Ditto, L50|100/100
|-transform|p1b: Ditto|p2a: Rotom|[from] ability: Imposter
|turn|3
|
|t:|1783479283
|move|p1a: Blaziken|Close Combat|p2b: Incineroar
|-supereffective|p2b: Incineroar|1
|-damage|p2b: Incineroar|0 fnt
|-unboost|p1a: Blaziken|def|1
|-unboost|p1a: Blaziken|spd|1
|faint|p2b: Incineroar
|move|p1b: Ditto|Thunderbolt|p2a: Rotom
|-crit|p2a: Rotom
|-damage|p2a: Rotom|0 fnt
|faint|p2a: Rotom
|
|-weather|Sandstorm|[upkeep]
|-damage|p1a: Blaziken|15/100|[from] Sandstorm
|-damage|p1b: Ditto|94/100|[from] Sandstorm
|-ability|p1a: Blaziken|Speed Boost|boost
|-boost|p1a: Blaziken|spe|1
|upkeep
|
|t:|1783479293
|switch|p2b: Houndstone|Houndstone, L50, F|100/100
|switch|p2a: Tyranitar|Tyranitar-Mega, L50, F, shiny|100/100
|turn|4
|
|t:|1783479325
|move|p1a: Blaziken|Close Combat|p2a: Tyranitar
|-supereffective|p2a: Tyranitar|2
|-damage|p2a: Tyranitar|0 fnt
|-unboost|p1a: Blaziken|def|1
|-unboost|p1a: Blaziken|spd|1
|faint|p2a: Tyranitar
|move|p2b: Houndstone|Last Respects|p1b: Ditto
|-damage|p1b: Ditto|13/100
|-damage|p2b: Houndstone|90/100|[from] item: Life Orb
|move|p1b: Ditto|Thunderbolt|p2b: Houndstone
|-damage|p2b: Houndstone|53/100
|
|-weather|Sandstorm|[upkeep]
|-damage|p1a: Blaziken|9/100|[from] Sandstorm
|-damage|p1b: Ditto|7/100|[from] Sandstorm
|-ability|p1a: Blaziken|Speed Boost|boost
|-boost|p1a: Blaziken|spe|1
|upkeep
|turn|5
|
|t:|1783479343
|move|p1a: Blaziken|Brave Bird|p2b: Houndstone
|-damage|p2b: Houndstone|20/100y
|-damage|p1a: Blaziken|0 fnt|[from] Recoil
|faint|p1a: Blaziken
|move|p2b: Houndstone|Stomping Tantrum|p1b: Ditto
|-immune|p1b: Ditto|[from] ability: Levitate
|move|p1b: Ditto|Thunderbolt|p2b: Houndstone
|-damage|p2b: Houndstone|0 fnt
|faint|p2b: Houndstone
|
|win|Pledgen
||Pledgen is ready for game 2.
||jamaicantheif is ready for game 2.
|uhtml|next|Next: Game 2 of 3
