|j|☆sebrai
|j|☆oscaria
|html|sebraioscaria    
|uhtml|bestof|Game 2 of a best-of-3
|t:|1786184217
|gametype|doubles
|player|p1|sebrai|iris-gen5bw2|
|player|p2|oscaria|steven|
|gen|9
|tier|[Gen 9 Champions] VGC 2026 Reg M-B (Bo3)
|rule|Species Clause: Limit one of each Pokémon
|rule|Item Clause: Limit 1 of each item
|clearpoke
|poke|p1|Annihilape, L50, M|
|poke|p1|Maushold, L50|
|poke|p1|Whimsicott, L50, M|
|poke|p1|Arcanine, L50, F|
|poke|p1|Staraptor, L50, M|
|poke|p1|Slowbro, L50, M|
|poke|p2|Lopunny, L50, M|
|poke|p2|Aerodactyl, L50, F|
|poke|p2|Blaziken, L50, F|
|poke|p2|Scovillain, L50, M|
|poke|p2|Metagross, L50|
|poke|p2|Altaria, L50, M|
|teampreview|4
|showteam|p1|Annihilape||SitrusBerry|InnerFocus|RageFist,DrainPunch,BulkUp,Protect|Adamant||M|||50|]Maushold||BrightPowder|FriendGuard|BeatUp,FollowMe,Taunt,Protect|Jolly|||||50|]Whimsicott||FocusSash|Prankster|Tailwind,Encore,Moonblast,Charm|Bold||M|||50|]Arcanine||ChoiceScarf|Intimidate|FlareBlitz,PsychicFangs,Crunch,IronHead|Adamant||F|||50|]Staraptor||Staraptite|Intimidate|BraveBird,CloseCombat,BlazeKick,Protect|Jolly||M|||50|]Slowbro||Slowbronite|Regenerator|TrickRoom,Scald,CalmMind,Protect|Relaxed||M|||50|
|showteam|p2|Lopunny||MentalHerb|CuteCharm|FakeOut,CloseCombat,Protect,AfterYou|Jolly||M|||50|]Aerodactyl||FocusSash|Unnerve|Tailwind,Roost,RockBlast,DualWingbeat|Jolly||F|||50|]Blaziken||Blazikenite|SpeedBoost|FlareBlitz,CloseCombat,Detect,SwordsDance|Adamant||F|||50|]Scovillain||LifeOrb|Chlorophyll|Overheat,SpicyExtract,WillOWisp,RagePowder|Timid||M|||50|]Metagross||Metagrossite|ClearBody|MeteorMash,PsychicFangs,RockSlide,Agility|Adamant|||||50|]Altaria||Leftovers|CloudNine|Tailwind,DragonDance,BraveBird,BodySlam|Adamant||M|||50|
|inactive|Battle timer is ON: inactive players will automatically lose when time's up. (requested by sebrai)
|inactive|sebrai has 60 seconds left.
|inactive|oscaria has 60 seconds left.
|
|t:|1786184249
|teamsize|p1|4
|teamsize|p2|4
|start
|switch|p1a: springtrap|Slowbro, L50, M|100/100
|switch|p1b: big dog|Arcanine, L50, F|100/100
|switch|p2a: Blaziken|Blaziken, L50, F|100/100
|switch|p2b: Lopunny|Lopunny, L50, M|100/100
|-ability|p1b: big dog|Intimidate|boost
|-unboost|p2a: Blaziken|atk|1
|-unboost|p2b: Lopunny|atk|1
|turn|1
|inactive|sebrai has 30 seconds left.
|inactive|oscaria has 30 seconds left.
|inactive|oscaria has 20 seconds left.
|inactive|oscaria has 15 seconds left.
|
|t:|1786184292
|detailschange|p1a: springtrap|Slowbro-Mega, L50, M
|-mega|p1a: springtrap|Slowbro|Slowbronite
|move|p2b: Lopunny|Fake Out|p1b: big dog
|-damage|p1b: big dog|87/100
|cant|p1b: big dog|flinch
|move|p2a: Blaziken|Swords Dance|p2a: Blaziken
|-boost|p2a: Blaziken|atk|2
|move|p1a: springtrap|Calm Mind|p1a: springtrap
|-boost|p1a: springtrap|spa|1
|-boost|p1a: springtrap|spd|1
|
|-ability|p2a: Blaziken|Speed Boost|boost
|-boost|p2a: Blaziken|spe|1
|upkeep
|turn|2
|
|t:|1786184312
|switch|p2b: Aerodactyl|Aerodactyl, L50, F|100/100
|-ability|p2b: Aerodactyl|Unnerve
|move|p1b: big dog|Psychic Fangs|p2a: Blaziken
|-supereffective|p2a: Blaziken|1
|-damage|p2a: Blaziken|13/100
|move|p2a: Blaziken|Close Combat|p1b: big dog
|-damage|p1b: big dog|0 fnt
|-unboost|p2a: Blaziken|def|1
|-unboost|p2a: Blaziken|spd|1
|faint|p1b: big dog
|move|p1a: springtrap|Trick Room|p1a: springtrap
|-fieldstart|move: Trick Room|[of] p1a: springtrap
|
|-ability|p2a: Blaziken|Speed Boost|boost
|-boost|p2a: Blaziken|spe|1
|upkeep
|
|t:|1786184326
|switch|p1b: haaland|Annihilape, L50, M|100/100
|turn|3
|inactive|sebrai has 30 seconds left.
|
|t:|1786184352
|move|p1a: springtrap|Scald|p2b: Aerodactyl
|-supereffective|p2b: Aerodactyl|1
|-enditem|p2b: Aerodactyl|Focus Sash
|-damage|p2b: Aerodactyl|1/100
|-status|p2b: Aerodactyl|brn
|move|p1b: haaland|Drain Punch|p2b: Aerodactyl
|-damage|p2b: Aerodactyl|0 fnt
|faint|p2b: Aerodactyl
|move|p2a: Blaziken|Close Combat|p1a: springtrap
|-resisted|p1a: springtrap|1
|-damage|p1a: springtrap|77/100
|-unboost|p2a: Blaziken|def|1
|-unboost|p2a: Blaziken|spd|1
|
|-ability|p2a: Blaziken|Speed Boost|boost
|-boost|p2a: Blaziken|spe|1
|upkeep
|
|t:|1786184366
|switch|p2b: Lopunny|Lopunny, L50, M|100/100
|turn|4
|
|t:|1786184375
|move|p1a: springtrap|Protect|p1a: springtrap
|-singleturn|p1a: springtrap|Protect
|move|p2a: Blaziken|Detect|p2a: Blaziken
|-singleturn|p2a: Blaziken|Protect
|move|p2b: Lopunny|Fake Out|p1a: springtrap
|-activate|p1a: springtrap|move: Protect
|move|p1b: haaland|Drain Punch|p2a: Blaziken
|-activate|p2a: Blaziken|move: Protect
|
|-ability|p2a: Blaziken|Speed Boost|boost
|-boost|p2a: Blaziken|spe|1
|upkeep
|turn|5
|inactive|oscaria has 30 seconds left.
|
|t:|1786184402
|switch|p2b: Altaria|Altaria, L50, M|100/100
|-ability|p2b: Altaria|Cloud Nine
|move|p1a: springtrap|Scald|p2a: Blaziken
|-supereffective|p2a: Blaziken|1
|-damage|p2a: Blaziken|0 fnt
|faint|p2a: Blaziken
|move|p1b: haaland|Bulk Up|p1b: haaland
|-boost|p1b: haaland|atk|1
|-boost|p1b: haaland|def|1
|
|upkeep
|
|t:|1786184407
|switch|p2a: Lopunny|Lopunny, L50, M|100/100
|turn|6
|inactive|sebrai has 30 seconds left.
|
|t:|1786184434
|move|p1a: springtrap|Protect|p1a: springtrap
|-singleturn|p1a: springtrap|Protect
|move|p2a: Lopunny|Fake Out|p1a: springtrap
|-activate|p1a: springtrap|move: Protect
|move|p1b: haaland|Drain Punch|p2a: Lopunny
|-supereffective|p2a: Lopunny|1
|-damage|p2a: Lopunny|0 fnt
|faint|p2a: Lopunny
|move|p2b: Altaria|Brave Bird|p1b: haaland
|-supereffective|p1b: haaland|1
|-damage|p1b: haaland|38/100
|-enditem|p1b: haaland|Sitrus Berry|[eat]
|-heal|p1b: haaland|63/100|[from] item: Sitrus Berry
|-damage|p2b: Altaria|71/100|[from] Recoil
|
|-heal|p2b: Altaria|76/100|[from] item: Leftovers
|-fieldend|move: Trick Room
|upkeep
|turn|7
|
|t:|1786184452
|move|p2b: Altaria|Brave Bird|p1b: haaland
|-supereffective|p1b: haaland|1
|-damage|p1b: haaland|0 fnt
|faint|p1b: haaland
|-damage|p2b: Altaria|47/100|[from] Recoil
|move|p1a: springtrap|Trick Room|p1a: springtrap
|-fieldstart|move: Trick Room|[of] p1a: springtrap
|
|-heal|p2b: Altaria|53/100|[from] item: Leftovers
|upkeep
|
|t:|1786184460
|switch|p1b: ratrap|Maushold, L50|100/100
|turn|8
|
|t:|1786184471
|move|p1a: springtrap|Scald|p2b: Altaria
|-resisted|p2b: Altaria|1
|-damage|p2b: Altaria|24/100
|-status|p2b: Altaria|brn
|move|p2b: Altaria|Body Slam|p1b: ratrap
|-damage|p1b: ratrap|86/100
|move|p1b: ratrap|Taunt|p2b: Altaria
|-start|p2b: Altaria|move: Taunt
|
|-heal|p2b: Altaria|30/100 brn|[from] item: Leftovers
|-damage|p2b: Altaria|24/100 brn|[from] brn
|upkeep
|turn|9
|
|t:|1786184481
|move|p1b: ratrap|Follow Me|p1b: ratrap
|-singleturn|p1b: ratrap|move: Follow Me
|move|p1a: springtrap|Scald|p2b: Altaria
|-resisted|p2b: Altaria|1
|-damage|p2b: Altaria|0 fnt
|faint|p2b: Altaria
|
|win|sebrai
|l|☆oscaria
|player|p2|
|c|☆sebrai|gg
