|j|☆beeetch
|j|☆OOF? YEE?
|html|beeetchOOF? YEE?    
|uhtml|bestof|Game 2 of a best-of-3
|t:|1756242976
|gametype|doubles
|player|p1|beeetch|beauty-gen4dp|1332
|player|p2|OOF? YEE?|102|1403
|gen|9
|tier|[Gen 9] VGC 2025 Reg H (Bo3)
|rated|
|rule|Species Clause: Limit one of each Pokémon
|rule|Item Clause: Limit 1 of each item
|clearpoke
|poke|p1|Toedscruel, L50, M|
|poke|p1|Weezing-Galar, L50, F|
|poke|p1|Corviknight, L50, M|
|poke|p1|Pawmot, L50, F|
|poke|p1|Garchomp, L50, F|
|poke|p1|Typhlosion-Hisui, L50, F|
|poke|p2|Archaludon, L50, F|
|poke|p2|Pelipper, L50, M|
|poke|p2|Basculegion, L50, M|
|poke|p2|Toedscruel, L50, F|
|poke|p2|Comfey, L50, M|
|poke|p2|Weezing, L50, M|
|teampreview|4
|showteam|p1|Toedscruel||CovertCloak|MyceliumMight|Spore,EarthPower,AcidSpray,RagePowder|||M|||50|,,,,,Water]Weezing-Galar||ChoiceSpecs|NeutralizingGas|DazzlingGleam,SludgeBomb,StrangeSteam,Flamethrower|||F|||50|,,,,,Flying]Corviknight||SitrusBerry|MirrorArmor|Protect,Tailwind,Roost,BraveBird|||M|||50|,,,,,Dragon]Pawmot||FocusSash|NaturalCure|Protect,CloseCombat,DoubleShock,FakeOut|||F|||50|,,,,,Electric]Garchomp||LifeOrb|RoughSkin|Protect,Earthquake,DragonClaw,StompingTantrum|||F|||50|,,,,,Ground]Typhlosion-Hisui||ChoiceScarf|Blaze|Eruption,SleepTalk,HeatWave,ShadowBall|||F|||50|,,,,,Fire
|showteam|p2|Archaludon||AssaultVest|Stamina|ElectroShot,BodyPress,FlashCannon,Snarl|||F|||50|,,,,,Grass]Pelipper||ChoiceScarf|Drizzle|Tailwind,Hurricane,WeatherBall,Uturn|||M|||50|,,,,,Ghost]Basculegion||MysticWater|SwiftSwim|Protect,FlipTurn,WaveCrash,LastRespects|||M|||50|,,,,,Dragon]Toedscruel||CovertCloak|MyceliumMight|Spore,EarthPower,BulletSeed,RagePowder|||F|||50|,,,,,Water]Comfey||SafetyGoggles|Triage|DrainingKiss,FloralHealing,Taunt,Protect|||M|||50|,,,,,Steel]Weezing||ChoiceSpecs|NeutralizingGas|DarkPulse,DestinyBond,ClearSmog,SludgeBomb|||M|||50|,,,,,Ghost
|
|t:|1756243003
|teamsize|p1|4
|teamsize|p2|4
|start
|switch|p1a: Weezing|Weezing-Galar, L50, F|100/100
|switch|p1b: Garchomp|Garchomp, L50, F|100/100
|switch|p2a: Toedscruel|Toedscruel, L50, F|100/100
|switch|p2b: Basculegion|Basculegion, L50, M|100/100
|-ability|p1a: Weezing|Neutralizing Gas
|turn|1
|
|t:|1756243021
|-terastallize|p1a: Weezing|Flying
|move|p1b: Garchomp|Earthquake|p2b: Basculegion|[spread] p2a,p2b
|-immune|p1a: Weezing
|-resisted|p2a: Toedscruel
|-damage|p2a: Toedscruel|68/100
|-damage|p2b: Basculegion|41/100
|-damage|p1b: Garchomp|91/100|[from] item: Life Orb
|move|p2a: Toedscruel|Spore|p1a: Weezing
|-status|p1a: Weezing|slp|[from] move: Spore
|move|p2b: Basculegion|Wave Crash|p1b: Garchomp
|-damage|p1b: Garchomp|22/100
|-damage|p2b: Basculegion|21/100|[from] Recoil
|cant|p1a: Weezing|slp
|
|upkeep
|turn|2
|
|t:|1756243065
|switch|p2b: Archaludon|Archaludon, L50, F|100/100
|move|p1b: Garchomp|Protect|p1b: Garchomp
|-singleturn|p1b: Garchomp|Protect
|move|p2a: Toedscruel|Earth Power|p1b: Garchomp
|-activate|p1b: Garchomp|move: Protect
|-curestatus|p1a: Weezing|slp|[msg]
|move|p1a: Weezing|Dazzling Gleam|p2b: Archaludon|[spread] p2a,p2b
|-damage|p2a: Toedscruel|39/100
|-damage|p2b: Archaludon|78/100
|
|upkeep
|turn|3
|
|t:|1756243078
|move|p1b: Garchomp|Earthquake|p2b: Archaludon|[spread] p2a,p2b
|-immune|p1a: Weezing
|-resisted|p2a: Toedscruel
|-supereffective|p2b: Archaludon
|-damage|p2a: Toedscruel|8/100
|-damage|p2b: Archaludon|0 fnt
|faint|p2b: Archaludon
|-damage|p1b: Garchomp|12/100|[from] item: Life Orb
|move|p2a: Toedscruel|Earth Power|p1b: Garchomp
|-damage|p1b: Garchomp|0 fnt
|faint|p1b: Garchomp
|move|p1a: Weezing|Dazzling Gleam|p2a: Toedscruel
|-damage|p2a: Toedscruel|0 fnt
|faint|p2a: Toedscruel
|
|upkeep
|
|t:|1756243091
|switch|p1b: Pawmot|Pawmot, L50, F|100/100
|switch|p2a: Pelipper|Pelipper, L50, M|100/100
|switch|p2b: Basculegion|Basculegion, L50, M|21/100
|turn|4
|
|t:|1756243108
|-terastallize|p2a: Pelipper|Ghost
|move|p2a: Pelipper|Hurricane|p1b: Pawmot|[miss]
|-miss|p2a: Pelipper|p1b: Pawmot
|move|p1b: Pawmot|Double Shock|p2b: Basculegion
|-supereffective|p2b: Basculegion
|-damage|p2b: Basculegion|0 fnt
|-start|p1b: Pawmot|typechange|???/Fighting|[from] move: Double Shock
|faint|p2b: Basculegion
|move|p1a: Weezing|Dazzling Gleam|p2a: Pelipper
|-damage|p2a: Pelipper|19/100
|
|upkeep
|turn|5
|-message|OOF? YEE? forfeited.
|
|win|beeetch
