|j|☆Escanor_CS
|j|☆SHOMA_WIN
|html|Escanor_CSSHOMA_WIN    
|uhtml|bestof|Game 2 of a best-of-3
|t:|1782304489
|gametype|doubles
|player|p1|Escanor_CS|266|1337
|player|p2|SHOMA_WIN|scientist|1423
|gen|9
|tier|[Gen 9 Champions] VGC 2026 Reg M-B (Bo3)
|rated|
|rule|Species Clause: Limit one of each Pokémon
|rule|Item Clause: Limit 1 of each item
|clearpoke
|poke|p1|Maushold-Four, L50|
|poke|p1|Sneasler, L50, M|
|poke|p1|Incineroar, L50, M|
|poke|p1|Sinistcha, L50|
|poke|p1|Delphox, L50, F|
|poke|p1|Floette-Eternal, L50, F|
|poke|p2|Aerodactyl, L50, M|
|poke|p2|Garchomp, L50, M|
|poke|p2|Kingambit, L50, F|
|poke|p2|Charizard, L50, M|
|poke|p2|Sylveon, L50, F|
|poke|p2|Farigiraf, L50, F|
|teampreview|4
|showteam|p1|Maushold-Four||ChopleBerry|FriendGuard|FollowMe,Feint,Protect,Taunt|Impish|||||50|]Sneasler||FocusSash|PoisonTouch|DireClaw,CloseCombat,FakeOut,Protect|Jolly||M|||50|]Incineroar||SitrusBerry|Intimidate|FakeOut,PartingShot,FlareBlitz,ThroatChop|Impish||M|||50|]Sinistcha||KasibBerry|Hospitality|MatchaGotcha,RagePowder,TrickRoom,Protect|Bold|||||50|]Delphox||Delphoxite|Blaze|Psyshock,HeatWave,NastyPlot,Protect|Timid||F|||50|]Floette-Eternal||Floettite|FlowerVeil|CalmMind,Moonblast,DazzlingGleam,Protect|Timid||F|||50|
|showteam|p2|Aerodactyl||Aerodactylite|Unnerve|IceFang,RockSlide,Tailwind,DualWingbeat|Jolly||M|||50|]Garchomp||LifeOrb|RoughSkin|DragonClaw,StompingTantrum,Earthquake,Protect|Jolly||M|||50|]Kingambit||FocusSash|Defiant|SuckerPunch,KowtowCleave,IronHead,LowKick|Adamant||F|||50|]Charizard||CharizarditeY|Blaze|Protect,WeatherBall,HeatWave,SolarBeam|Modest||M|||50|]Sylveon||FairyFeather|Pixilate|Protect,HyperVoice,HyperBeam,QuickAttack|Modest||F|||50|]Farigiraf||SitrusBerry|ArmorTail|TrickRoom,Thunderbolt,Roar,TwinBeam|Bold||F|||50|
|inactive|Battle timer is ON: inactive players will automatically lose when time's up. (requested by Escanor_CS)
|inactive|SHOMA_WIN has 60 seconds left.
|
|t:|1782304553
|teamsize|p1|4
|teamsize|p2|4
|start
|switch|p1a: Floette|Floette-Eternal, L50, F|100/100
|switch|p1b: Sneasler|Sneasler, L50, M|100/100
|switch|p2a: Kingambit|Kingambit, L50, F|100/100
|switch|p2b: Aerodactyl|Aerodactyl, L50, M|100/100
|-ability|p2b: Aerodactyl|Unnerve
|turn|1
|
|t:|1782304572
|switch|p2a: Farigiraf|Farigiraf, L50, F|100/100
|detailschange|p2b: Aerodactyl|Aerodactyl-Mega, L50, M
|-mega|p2b: Aerodactyl|Aerodactyl|Aerodactylite
|detailschange|p1a: Floette|Floette-Mega, L50, F
|-mega|p1a: Floette|Floette|Floettite
|-ability|p1a: Floette|Fairy Aura
|move|p1b: Sneasler|Fake Out||[still]
|cant|p2a: Farigiraf|ability: Armor Tail|Fake Out|[of] p1b: Sneasler
|move|p2b: Aerodactyl|Dual Wingbeat|p1b: Sneasler
|-supereffective|p1b: Sneasler|1
|-damage|p1b: Sneasler|12/100
|-supereffective|p1b: Sneasler|1
|-crit|p1b: Sneasler
|-damage|p1b: Sneasler|0 fnt
|faint|p1b: Sneasler
|-hitcount|p1: Sneasler|2
|move|p1a: Floette|Moonblast|p2b: Aerodactyl
|-damage|p2b: Aerodactyl|33/100
|
|upkeep
|
|t:|1782304576
|switch|p1b: Incineroar|Incineroar, L50, M|100/100
|-ability|p1b: Incineroar|Intimidate|boost
|-unboost|p2a: Farigiraf|atk|1
|-unboost|p2b: Aerodactyl|atk|1
|turn|2
|
|t:|1782304600
|move|p2b: Aerodactyl|Tailwind|p2b: Aerodactyl
|-sidestart|p2: SHOMA_WIN|move: Tailwind
|move|p2a: Farigiraf|Twin Beam|p1a: Floette
|-damage|p1a: Floette|86/100
|-damage|p1a: Floette|74/100
|-hitcount|p1a: Floette|2
|move|p1a: Floette|Dazzling Gleam|p2a: Farigiraf|[spread] p2a,p2b
|-damage|p2a: Farigiraf|64/100
|-damage|p2b: Aerodactyl|0 fnt
|faint|p2b: Aerodactyl
|move|p1b: Incineroar|Throat Chop|p2a: Farigiraf
|-supereffective|p2a: Farigiraf|1
|-damage|p2a: Farigiraf|14/100
|-start|p2a: Farigiraf|Throat Chop|[silent]
|-enditem|p2a: Farigiraf|Sitrus Berry|[eat]
|-heal|p2a: Farigiraf|39/100|[from] item: Sitrus Berry
|
|upkeep
|
|t:|1782304604
|switch|p2b: Kingambit|Kingambit, L50, F|100/100
|turn|3
|inactive|Escanor_CS has 30 seconds left.
|
|t:|1782304631
|switch|p2a: Sylveon|Sylveon, L50, F|100/100
|move|p1a: Floette|Protect|p1a: Floette
|-singleturn|p1a: Floette|Protect
|move|p2b: Kingambit|Iron Head|p1a: Floette
|-activate|p1a: Floette|move: Protect
|move|p1b: Incineroar|Flare Blitz|p2b: Kingambit
|-supereffective|p2b: Kingambit|1
|-damage|p2b: Kingambit|20/100y
|-status|p2b: Kingambit|brn
|-damage|p1b: Incineroar|77/100|[from] Recoil
|
|-damage|p2b: Kingambit|14/100 brn|[from] brn
|upkeep
|turn|4
|inactive|SHOMA_WIN has 30 seconds left.
|
|t:|1782304665
|switch|p1a: Sinistcha|Sinistcha, L50|100/100
|-heal|p1b: Incineroar|100/100|[from] ability: Hospitality|[of] p1a: Sinistcha
|move|p2b: Kingambit|Kowtow Cleave|p1a: Sinistcha
|-supereffective|p1a: Sinistcha|1
|-damage|p1a: Sinistcha|64/100
|move|p2a: Sylveon|Hyper Voice|p1a: Sinistcha|[spread] p1a,p1b
|-damage|p1a: Sinistcha|14/100
|-damage|p1b: Incineroar|56/100
|move|p1b: Incineroar|Flare Blitz|p2b: Kingambit
|-supereffective|p2b: Kingambit|1
|-damage|p2b: Kingambit|0 fnt
|faint|p2b: Kingambit
|-damage|p1b: Incineroar|52/100|[from] Recoil
|
|upkeep
|
|t:|1782304672
|switch|p2b: Farigiraf|Farigiraf, L50, F|39/100
|turn|5
|inactive|SHOMA_WIN has 30 seconds left.
|inactive|SHOMA_WIN has 20 seconds left.
|
|t:|1782304711
|move|p1a: Sinistcha|Protect|p1a: Sinistcha
|-singleturn|p1a: Sinistcha|Protect
|move|p2a: Sylveon|Hyper Voice|p1b: Incineroar|[spread] p1b
|-activate|p1a: Sinistcha|move: Protect
|-damage|p1b: Incineroar|7/100
|-enditem|p1b: Incineroar|Sitrus Berry|[eat]
|-heal|p1b: Incineroar|32/100|[from] item: Sitrus Berry
|move|p2b: Farigiraf|Thunderbolt|p1b: Incineroar
|-damage|p1b: Incineroar|13/100
|move|p1b: Incineroar|Throat Chop|p2b: Farigiraf
|-supereffective|p2b: Farigiraf|1
|-damage|p2b: Farigiraf|0 fnt
|faint|p2b: Farigiraf
|
|-sideend|p2: SHOMA_WIN|move: Tailwind
|upkeep
|turn|6
|
|t:|1782304731
|move|p1a: Sinistcha|Protect||[still]
|-fail|p1a: Sinistcha
|move|p2a: Sylveon|Hyper Voice|p1b: Incineroar|[spread] p1a,p1b
|-damage|p1a: Sinistcha|0 fnt
|-damage|p1b: Incineroar|0 fnt
|faint|p1a: Sinistcha
|faint|p1b: Incineroar
|
|upkeep
|
|t:|1782304737
|switch|p1b: Floette|Floette-Mega, L50, F|74/100
|-ability|p1b: Floette|Fairy Aura
|turn|7
|
|t:|1782304740
|move|p1b: Floette|Calm Mind|p1b: Floette
|-boost|p1b: Floette|spa|1
|-boost|p1b: Floette|spd|1
|move|p2a: Sylveon|Hyper Beam|p1b: Floette
|-damage|p1b: Floette|0 fnt
|-mustrecharge|p2a: Sylveon
|faint|p1b: Floette
|
|win|SHOMA_WIN
|raw|Escanor_CS's rating: 1337 → 1322(-15 for losing)
|raw|SHOMA_WIN's rating: 1423 → 1438(+15 for winning)
