|j|☆Ziik
|j|☆gonnatortureyou
|html|Ziikgonnatortureyou    
|uhtml|bestof|Game 3 of a best-of-3
|t:|1756326152
|gametype|doubles
|player|p1|Ziik|170|1139
|player|p2|gonnatortureyou|170|1051
|gen|9
|tier|[Gen 9] VGC 2025 Reg H (Bo3)
|rated|
|rule|Species Clause: Limit one of each Pokémon
|rule|Item Clause: Limit 1 of each item
|clearpoke
|poke|p1|Amoonguss, L50, F|
|poke|p1|Archaludon, L50, F|
|poke|p1|Basculegion, L50, M|
|poke|p1|Pelipper, L50, M|
|poke|p1|Rillaboom, L50, M|
|poke|p1|Maushold-Four, L50|
|poke|p2|Indeedee, L50, M|
|poke|p2|Sneasler, L50, M|
|poke|p2|Excadrill, L50, F|
|poke|p2|Magmar, L50, M|
|poke|p2|Tyranitar, L50, M|
|poke|p2|Kommo-o, L50, M|
|teampreview|4
|showteam|p1|Amoonguss||SitrusBerry|Regenerator|RagePowder,Spore,PollenPuff,ClearSmog|||F|||50|,,,,,Fire]Archaludon||AssaultVest|Stamina|ElectroShot,FlashCannon,DracoMeteor,BodyPress|||F|||50|,,,,,Bug]Basculegion||LifeOrb|SwiftSwim|WaveCrash,LastRespects,AquaJet,FlipTurn|||M|||50|,,,,,Water]Pelipper||FocusSash|Drizzle|Protect,WeatherBall,Hurricane,Tailwind|||M|||50|,,,,,Steel]Rillaboom||MiracleSeed|GrassySurge|FakeOut,GrassyGlide,WoodHammer,Uturn|||M|||50|,,,,,Fire]Maushold-Four||WideLens|FriendGuard|Protect,FollowMe,Taunt,PopulationBomb||||||50|,,,,,Grass
|showteam|p2|Indeedee||ChoiceScarf|PsychicSurge|ExpandingForce,TeraBlast,Trick,Protect|||M|||50|,,,,,Psychic]Sneasler||PsychicSeed|Unburden|Protect,CloseCombat,DireClaw,ThroatChop|||M|||50|,,,,,Dark]Excadrill||FocusSash|SandRush|Earthquake,IronHead,SwordsDance,Protect|||F|||50|,,,,,Ground]Magmar||Eviolite|VitalSpirit|HeatWave,FollowMe,HelpingHand,Protect|||M|||50|,,,,,Flying]Tyranitar||AssaultVest|SandStream|RockSlide,KnockOff,LowKick,TeraBlast|||M|||50|,,,,,Flying]Kommo-o||ThroatSpray|Soundproof|ClangorousSoul,ClangingScales,Flamethrower,Protect|||M|||50|,,,,,Fire
|inactive|Battle timer is ON: inactive players will automatically lose when time's up. (requested by gonnatortureyou)
|inactive|gonnatortureyou has 60 seconds left.
|
|t:|1756326195
|teamsize|p1|4
|teamsize|p2|4
|start
|switch|p1a: Rillaboom|Rillaboom, L50, M|100/100
|switch|p1b: Archaludon|Archaludon, L50, F|100/100
|switch|p2a: Tyranitar|Tyranitar, L50, M|100/100
|switch|p2b: Kommo-o|Kommo-o, L50, M|100/100
|-fieldstart|move: Grassy Terrain|[from] ability: Grassy Surge|[of] p1a: Rillaboom
|-weather|Sandstorm|[from] ability: Sand Stream|[of] p2a: Tyranitar
|turn|1
|inactive|Ziik has 30 seconds left.
|
|t:|1756326222
|switch|p2a: Magmar|Magmar, L50, M|100/100
|move|p2b: Kommo-o|Protect|p2b: Kommo-o
|-singleturn|p2b: Kommo-o|Protect
|move|p1a: Rillaboom|U-turn|p2a: Magmar
|-resisted|p2a: Magmar
|-damage|p2a: Magmar|92/100
|
|t:|1756326230
|switch|p1a: Pelipper|Pelipper, L50, M|100/100|[from] U-turn
|-weather|RainDance|[from] ability: Drizzle|[of] p1a: Pelipper
|move|p1b: Archaludon|Draco Meteor|p2b: Kommo-o
|-activate|p2b: Kommo-o|move: Protect
|
|-weather|RainDance|[upkeep]
|-heal|p2a: Magmar|98/100|[from] Grassy Terrain
|upkeep
|turn|2
|inactive|Ziik has 30 seconds left.
|
|t:|1756326260
|switch|p1a: Rillaboom|Rillaboom, L50, M|100/100
|move|p2a: Magmar|Follow Me|p2a: Magmar
|-singleturn|p2a: Magmar|move: Follow Me
|move|p2b: Kommo-o|Clanging Scales|p1b: Archaludon|[spread] p1a,p1b
|-damage|p1a: Rillaboom|69/100
|-damage|p1b: Archaludon|79/100
|-ability|p1b: Archaludon|Stamina|boost
|-boost|p1b: Archaludon|def|1
|-unboost|p2b: Kommo-o|def|1
|-enditem|p2b: Kommo-o|Throat Spray
|-boost|p2b: Kommo-o|spa|1|[from] item: Throat Spray
|move|p1b: Archaludon|Body Press|p2a: Magmar
|-damage|p2a: Magmar|71/100
|
|-weather|RainDance|[upkeep]
|-heal|p1a: Rillaboom|75/100|[from] Grassy Terrain
|-heal|p1b: Archaludon|85/100|[from] Grassy Terrain
|-heal|p2a: Magmar|77/100|[from] Grassy Terrain
|upkeep
|turn|3
|inactive|Ziik has 30 seconds left.
|
|t:|1756326290
|move|p2b: Kommo-o|Protect|p2b: Kommo-o
|-singleturn|p2b: Kommo-o|Protect
|move|p2a: Magmar|Protect|p2a: Magmar
|-singleturn|p2a: Magmar|Protect
|move|p1a: Rillaboom|Fake Out|p2b: Kommo-o
|-activate|p2b: Kommo-o|move: Protect
|move|p1b: Archaludon|Body Press|p2a: Magmar
|-activate|p2a: Magmar|move: Protect
|
|-weather|RainDance|[upkeep]
|-heal|p1a: Rillaboom|82/100|[from] Grassy Terrain
|-heal|p1b: Archaludon|91/100|[from] Grassy Terrain
|-heal|p2a: Magmar|82/100|[from] Grassy Terrain
|upkeep
|turn|4
|inactive|Ziik has 30 seconds left.
|
|t:|1756326315
|move|p2a: Magmar|Follow Me|p2a: Magmar
|-singleturn|p2a: Magmar|move: Follow Me
|move|p2b: Kommo-o|Clangorous Soul|p2b: Kommo-o
|-boost|p2b: Kommo-o|atk|1
|-boost|p2b: Kommo-o|def|1
|-boost|p2b: Kommo-o|spa|1
|-boost|p2b: Kommo-o|spd|1
|-boost|p2b: Kommo-o|spe|1
|-damage|p2b: Kommo-o|68/100
|move|p1a: Rillaboom|U-turn|p2a: Magmar
|-resisted|p2a: Magmar
|-damage|p2a: Magmar|74/100
|
|t:|1756326326
|switch|p1a: Basculegion|Basculegion, L50, M|100/100|[from] U-turn
|move|p1b: Archaludon|Draco Meteor|p2a: Magmar
|-damage|p2a: Magmar|25/100
|-unboost|p1b: Archaludon|spa|2
|
|-weather|RainDance|[upkeep]
|-heal|p2b: Kommo-o|74/100|[from] Grassy Terrain
|-heal|p1b: Archaludon|97/100|[from] Grassy Terrain
|-heal|p2a: Magmar|31/100|[from] Grassy Terrain
|upkeep
|turn|5
|
|t:|1756326347
|switch|p1b: Rillaboom|Rillaboom, L50, M|82/100
|move|p2a: Magmar|Follow Me|p2a: Magmar
|-singleturn|p2a: Magmar|move: Follow Me
|move|p1a: Basculegion|Flip Turn|p2a: Magmar
|-supereffective|p2a: Magmar
|-damage|p2a: Magmar|0 fnt
|faint|p2a: Magmar
|-damage|p1a: Basculegion|91/100|[from] item: Life Orb
|
|t:|1756326357
|switch|p1a: Archaludon|Archaludon, L50, F|97/100|[from] Flip Turn
|move|p2b: Kommo-o|Clanging Scales|p1a: Archaludon|[spread] p1a,p1b
|-damage|p1a: Archaludon|48/100
|-damage|p1b: Rillaboom|16/100
|-ability|p1a: Archaludon|Stamina|boost
|-boost|p1a: Archaludon|def|1
|-unboost|p2b: Kommo-o|def|1
|
|-weather|none
|-heal|p2b: Kommo-o|79/100|[from] Grassy Terrain
|-heal|p1b: Rillaboom|22/100|[from] Grassy Terrain
|-heal|p1a: Archaludon|54/100|[from] Grassy Terrain
|-fieldend|move: Grassy Terrain
|upkeep
|
|t:|1756326364
|switch|p2a: Sneasler|Sneasler, L50, M|100/100
|turn|6
|
|t:|1756326380
|switch|p1b: Pelipper|Pelipper, L50, M|100/100
|-weather|RainDance|[from] ability: Drizzle|[of] p1b: Pelipper
|-terastallize|p1a: Archaludon|Bug
|move|p2b: Kommo-o|Clanging Scales|p1a: Archaludon|[spread] p1a,p1b
|-damage|p1a: Archaludon|9/100
|-enditem|p1b: Pelipper|Focus Sash
|-damage|p1b: Pelipper|1/100
|-ability|p1a: Archaludon|Stamina|boost
|-boost|p1a: Archaludon|def|1
|-unboost|p2b: Kommo-o|def|1
|move|p2a: Sneasler|Close Combat|p1a: Archaludon
|-resisted|p1a: Archaludon
|-damage|p1a: Archaludon|0 fnt
|-unboost|p2a: Sneasler|def|1
|-unboost|p2a: Sneasler|spd|1
|faint|p1a: Archaludon
|
|-weather|RainDance|[upkeep]
|upkeep
|
|t:|1756326406
|switch|p1a: Rillaboom|Rillaboom, L50, M|22/100
|-fieldstart|move: Grassy Terrain|[from] ability: Grassy Surge|[of] p1a: Rillaboom
|turn|7
|
|t:|1756326417
|-terastallize|p2b: Kommo-o|Fire
|move|p1a: Rillaboom|Fake Out|p2b: Kommo-o
|-damage|p2b: Kommo-o|57/100
|cant|p2b: Kommo-o|flinch
|move|p2a: Sneasler|Dire Claw|p1a: Rillaboom
|-supereffective|p1a: Rillaboom
|-damage|p1a: Rillaboom|0 fnt
|faint|p1a: Rillaboom
|move|p1b: Pelipper|Tailwind|p1b: Pelipper
|-sidestart|p1: Ziik|move: Tailwind
|
|-weather|RainDance|[upkeep]
|-heal|p2b: Kommo-o|63/100|[from] Grassy Terrain
|upkeep
|
|t:|1756326432
|switch|p1a: Basculegion|Basculegion, L50, M|91/100
|turn|8
|
|t:|1756326449
|switch|p2a: Tyranitar|Tyranitar, L50, M|100/100
|-weather|Sandstorm|[from] ability: Sand Stream|[of] p2a: Tyranitar
|move|p2b: Kommo-o|Protect|p2b: Kommo-o
|-singleturn|p2b: Kommo-o|Protect
|move|p1a: Basculegion|Wave Crash|p2b: Kommo-o
|-activate|p2b: Kommo-o|move: Protect
|move|p1b: Pelipper|Hurricane|p2a: Tyranitar
|-resisted|p2a: Tyranitar
|-damage|p2a: Tyranitar|90/100
|
|-weather|Sandstorm|[upkeep]
|-damage|p1a: Basculegion|85/100|[from] Sandstorm
|-damage|p1b: Pelipper|0 fnt|[from] Sandstorm
|-damage|p2b: Kommo-o|57/100|[from] Sandstorm
|faint|p1b: Pelipper
|-heal|p1a: Basculegion|91/100|[from] Grassy Terrain
|-heal|p2b: Kommo-o|63/100|[from] Grassy Terrain
|-heal|p2a: Tyranitar|96/100|[from] Grassy Terrain
|upkeep
|turn|9
|inactive|Ziik has 30 seconds left.
|
|t:|1756326477
|move|p1a: Basculegion|Last Respects|p2b: Kommo-o
|-damage|p2b: Kommo-o|0 fnt
|faint|p2b: Kommo-o
|-damage|p1a: Basculegion|81/100|[from] item: Life Orb
|move|p2a: Tyranitar|Knock Off|p1a: Basculegion
|-supereffective|p1a: Basculegion
|-damage|p1a: Basculegion|0 fnt
|-enditem|p1a: Basculegion|Life Orb|[from] move: Knock Off|[of] p2a: Tyranitar
|faint|p1a: Basculegion
|
|win|gonnatortureyou
|raw|Ziik's rating: 1139 → 1108(-31 for losing)
|raw|gonnatortureyou's rating: 1051 → 1091(+40 for winning)
|l|☆Ziik
|player|p1|
