|j|☆RosieAndJim
|j|☆anthmags72
|html|RosieAndJimanthmags72    
|uhtml|bestof|Game 2 of a best-of-3
|t:|1756256667
|gametype|doubles
|player|p1|RosieAndJim|2|1101
|player|p2|anthmags72|ghetsis-gen5bw|1000
|gen|9
|tier|[Gen 9] VGC 2025 Reg H (Bo3)
|rated|
|rule|Species Clause: Limit one of each Pokémon
|rule|Item Clause: Limit 1 of each item
|clearpoke
|poke|p1|Archaludon, L50, M|
|poke|p1|Garchomp, L50, F|
|poke|p1|Incineroar, L50, M|
|poke|p1|Pelipper, L50, M|
|poke|p1|Talonflame, L50, M|
|poke|p1|Tinkaton, L50, F|
|poke|p2|Volcarona, L50, M|
|poke|p2|Gholdengo, L50|
|poke|p2|Dondozo, L50, F|
|poke|p2|Grimmsnarl, L50, M|
|poke|p2|Pelipper, L50, M|
|poke|p2|Archaludon, L50, F|
|teampreview|4
|showteam|p1|Archaludon||AssaultVest|Stamina|ElectroShot,DragonPulse,BodyPress,Snarl|||M|||50|,,,,,Grass]Garchomp||LifeOrb|RoughSkin|Earthquake,DragonClaw,StompingTantrum,Protect|||F|||50|,,,,,Ground]Incineroar||SafetyGoggles|Intimidate|FlareBlitz,KnockOff,PartingShot,FakeOut|||M|||50|,,,,,Ghost]Pelipper||FocusSash|Drizzle|WeatherBall,Hurricane,Tailwind,Protect|||M|||50|,,,,,Stellar]Talonflame||CovertCloak|GaleWings|BraveBird,Tailwind,Taunt,RainDance|||M|||50|,,,,,Flying]Tinkaton||SitrusBerry|MoldBreaker|GigatonHammer,KnockOff,ThunderWave,FakeOut|||F|||50|,,,,,Fairy
|showteam|p2|Volcarona||SitrusBerry|FlameBody|HeatWave,BugBuzz,QuiverDance,RagePowder|||M|||50|,,,,,Dragon]Gholdengo||MetalCoat|GoodasGold|MakeItRain,ShadowBall,NastyPlot,Protect||||||50|,,,,,Dragon]Dondozo||Leftovers|Oblivious|WaveCrash,TeraBlast,Yawn,Protect|||F|||50|,,,,,Grass]Grimmsnarl||LightClay|Prankster|SpiritBreak,ThunderWave,Reflect,LightScreen|||M|||50|,,,,,Steel]Pelipper||FocusSash|Drizzle|WeatherBall,Hurricane,Tailwind,Protect|||M|||50|,,,,,Grass]Archaludon||AssaultVest|Stamina|FlashCannon,DracoMeteor,ElectroShot,BodyPress|||F|||50|,,,,,Bug
|inactive|Battle timer is ON: inactive players will automatically lose when time's up. (requested by anthmags72)
|
|t:|1756256694
|teamsize|p1|4
|teamsize|p2|4
|start
|switch|p1a: Tinkaton|Tinkaton, L50, F|100/100
|switch|p1b: Garchomp|Garchomp, L50, F|100/100
|switch|p2a: Archaludon|Archaludon, L50, F|100/100
|switch|p2b: Volcarona|Volcarona, L50, M|100/100
|-ability|p1a: Tinkaton|Mold Breaker
|turn|1
|inactive|RosieAndJim has 30 seconds left.
|inactive|RosieAndJim has 20 seconds left.
|inactive|RosieAndJim has 15 seconds left.
|inactive|RosieAndJim has 10 seconds left.
|
|t:|1756256741
|switch|p2a: Grimmsnarl|Grimmsnarl, L50, M|100/100
|-terastallize|p1b: Garchomp|Ground
|move|p1b: Garchomp|Dragon Claw|p2b: Volcarona
|-damage|p2b: Volcarona|38/100
|-enditem|p2b: Volcarona|Sitrus Berry|[eat]
|-heal|p2b: Volcarona|63/100|[from] item: Sitrus Berry
|-damage|p1b: Garchomp|91/100|[from] item: Life Orb
|move|p1a: Tinkaton|Knock Off|p2b: Volcarona
|-damage|p2b: Volcarona|48/100
|move|p2b: Volcarona|Quiver Dance|p2b: Volcarona
|-boost|p2b: Volcarona|spa|1
|-boost|p2b: Volcarona|spd|1
|-boost|p2b: Volcarona|spe|1
|
|upkeep
|turn|2
|inactive|RosieAndJim has 30 seconds left.
|
|t:|1756256773
|move|p2a: Grimmsnarl|Reflect|p2a: Grimmsnarl
|-sidestart|p2: anthmags72|Reflect
|move|p2b: Volcarona|Heat Wave|p1b: Garchomp|[spread] p1a,p1b
|-supereffective|p1a: Tinkaton
|-damage|p1a: Tinkaton|4/100
|-damage|p1b: Garchomp|37/100
|-enditem|p1a: Tinkaton|Sitrus Berry|[eat]
|-heal|p1a: Tinkaton|29/100|[from] item: Sitrus Berry
|move|p1b: Garchomp|Dragon Claw|p2b: Volcarona
|-damage|p2b: Volcarona|5/100
|-status|p1b: Garchomp|brn|[from] ability: Flame Body|[of] p2b: Volcarona
|-damage|p1b: Garchomp|27/100 brn|[from] item: Life Orb
|move|p1a: Tinkaton|Gigaton Hammer|p2a: Grimmsnarl
|-supereffective|p2a: Grimmsnarl
|-damage|p2a: Grimmsnarl|37/100
|
|-damage|p1b: Garchomp|21/100 brn|[from] brn
|upkeep
|turn|3
|inactive|RosieAndJim has 30 seconds left.
|
|t:|1756256801
|switch|p1b: Archaludon|Archaludon, L50, M|100/100
|switch|p1a: Pelipper|Pelipper, L50, M|100/100
|-weather|RainDance|[from] ability: Drizzle|[of] p1a: Pelipper
|move|p2a: Grimmsnarl|Light Screen|p2a: Grimmsnarl
|-sidestart|p2: anthmags72|move: Light Screen
|move|p2b: Volcarona|Heat Wave|p1b: Archaludon|[spread] p1a,p1b
|-resisted|p1a: Pelipper
|-damage|p1a: Pelipper|78/100
|-damage|p1b: Archaludon|83/100
|-ability|p1b: Archaludon|Stamina|boost
|-boost|p1b: Archaludon|def|1
|
|-weather|RainDance|[upkeep]
|upkeep
|turn|4
|inactive|anthmags72 has 30 seconds left.
|
|t:|1756256833
|move|p1a: Pelipper|Protect|p1a: Pelipper
|-singleturn|p1a: Pelipper|Protect
|move|p2b: Volcarona|Bug Buzz|p1a: Pelipper
|-activate|p1a: Pelipper|move: Protect
|move|p1b: Archaludon|Electro Shot||[still]
|-prepare|p1b: Archaludon|Electro Shot
|-boost|p1b: Archaludon|spa|1
|-anim|p1b: Archaludon|Electro Shot|p2b: Volcarona
|-damage|p2b: Volcarona|0 fnt
|faint|p2b: Volcarona
|move|p2a: Grimmsnarl|Spirit Break|p1a: Pelipper
|-activate|p1a: Pelipper|move: Protect
|
|-weather|RainDance|[upkeep]
|upkeep
|
|t:|1756256850
|switch|p2b: Archaludon|Archaludon, L50, F|100/100
|turn|5
|
|t:|1756256872
|switch|p1a: Tinkaton|Tinkaton, L50, F|29/100
|-ability|p1a: Tinkaton|Mold Breaker
|move|p2a: Grimmsnarl|Thunder Wave|p1b: Archaludon
|-status|p1b: Archaludon|par
|move|p2b: Archaludon|Electro Shot||[still]
|-prepare|p2b: Archaludon|Electro Shot
|-boost|p2b: Archaludon|spa|1
|-anim|p2b: Archaludon|Electro Shot|p1a: Tinkaton
|-damage|p1a: Tinkaton|0 fnt
|faint|p1a: Tinkaton
|move|p1b: Archaludon|Electro Shot||[still]
|-prepare|p1b: Archaludon|Electro Shot
|-boost|p1b: Archaludon|spa|1
|-anim|p1b: Archaludon|Electro Shot|p2a: Grimmsnarl
|-damage|p2a: Grimmsnarl|0 fnt
|faint|p2a: Grimmsnarl
|
|-weather|RainDance|[upkeep]
|upkeep
|inactive|RosieAndJim has 30 seconds left.
|
|t:|1756256899
|switch|p1a: Pelipper|Pelipper, L50, M|78/100
|switch|p2a: Dondozo|Dondozo, L50, F|100/100
|turn|6
|
|t:|1756256923
|move|p2a: Dondozo|Protect|p2a: Dondozo
|-singleturn|p2a: Dondozo|Protect
|move|p1a: Pelipper|Hurricane|p2b: Archaludon
|-resisted|p2b: Archaludon
|-damage|p2b: Archaludon|88/100
|-ability|p2b: Archaludon|Stamina|boost
|-boost|p2b: Archaludon|def|1
|move|p2b: Archaludon|Electro Shot||[still]
|-prepare|p2b: Archaludon|Electro Shot
|-boost|p2b: Archaludon|spa|1
|-anim|p2b: Archaludon|Electro Shot|p1a: Pelipper
|-supereffective|p1a: Pelipper
|-damage|p1a: Pelipper|0 fnt
|faint|p1a: Pelipper
|move|p1b: Archaludon|Electro Shot||[still]
|-prepare|p1b: Archaludon|Electro Shot
|-boost|p1b: Archaludon|spa|1
|-anim|p1b: Archaludon|Electro Shot|p2b: Archaludon
|-resisted|p2b: Archaludon
|-damage|p2b: Archaludon|64/100
|-ability|p2b: Archaludon|Stamina|boost
|-boost|p2b: Archaludon|def|1
|
|-weather|RainDance|[upkeep]
|upkeep
|
|t:|1756256941
|switch|p1a: Garchomp|Garchomp, L50, F, tera:Ground|21/100 brn
|turn|7
|
|t:|1756256965
|-terastallize|p2b: Archaludon|Bug
|move|p1a: Garchomp|Stomping Tantrum|p2b: Archaludon
|-resisted|p2b: Archaludon
|-damage|p2b: Archaludon|60/100
|-ability|p2b: Archaludon|Stamina|boost
|-boost|p2b: Archaludon|def|1
|-damage|p1a: Garchomp|11/100 brn|[from] item: Life Orb
|move|p2b: Archaludon|Draco Meteor|p1b: Archaludon
|-damage|p1b: Archaludon|0 fnt
|-unboost|p2b: Archaludon|spa|2
|faint|p1b: Archaludon
|move|p2a: Dondozo|Wave Crash|p1a: Garchomp
|-supereffective|p1a: Garchomp
|-damage|p1a: Garchomp|0 fnt
|-damage|p2a: Dondozo|88/100|[from] ability: Rough Skin|[of] p1a: Garchomp
|faint|p1a: Garchomp
|-damage|p2a: Dondozo|85/100|[from] Recoil
|
|win|anthmags72
|raw|RosieAndJim's rating: 1101 → 1069(-32 for losing)
|raw|anthmags72's rating: 1000 → 1051(+51 for winning)
