|j|☆Olive19907
|j|☆Er ciccio98
|html|Olive19907Er ciccio98    
|uhtml|bestof|Game 2 of a best-of-3
|t:|1757838437
|gametype|doubles
|player|p1|Olive19907|cynthia-gen4|1008
|player|p2|Er ciccio98|101|1037
|gen|9
|tier|[Gen 9] VGC 2025 Reg H (Bo3)
|rated|
|rule|Species Clause: Limit one of each Pokémon
|rule|Item Clause: Limit 1 of each item
|clearpoke
|poke|p1|Sylveon, L50, M|
|poke|p1|Amoonguss, L50, F|
|poke|p1|Gastrodon-East, L50, F|
|poke|p1|Garchomp, L50, F|
|poke|p1|Klefki, L50, M|
|poke|p1|Gligar, L50, F|
|poke|p2|Incineroar, L50, F|
|poke|p2|Torkoal, L50, M|
|poke|p2|Electabuzz, L50, F|
|poke|p2|Ursaluna-Bloodmoon, L50, M|
|poke|p2|Mimikyu, L50, M|
|poke|p2|Lilligant-Hisui, L50, F|
|teampreview|4
|showteam|p1|Sylveon||ThroatSpray|Pixilate|HyperVoice,TeraBlast,QuickAttack,Protect|||M|||50|,,,,,Fire]Amoonguss||WikiBerry|Regenerator|PollenPuff,Spore,WorrySeed,Protect|||F|||50|,,,,,Water]Gastrodon-East||Leftovers|StormDrain|EarthPower,IceBeam,Snowscape,Protect|||F|||50|,,,,,Fire]Garchomp||ClearAmulet|RoughSkin|Earthquake,RockSlide,SwordsDance,Protect|||F|||50|,,,,,Fire]Klefki||LightClay|Prankster|FoulPlay,TrickRoom,LightScreen,Reflect|||M|||50|,,,,,Dark]Gligar||Eviolite|HyperCutter|DualWingbeat,KnockOff,Feint,Taunt|||F|||50|,,,,,Water
|showteam|p2|Incineroar||AssaultVest|Intimidate|FakeOut,KnockOff,FlareBlitz,Uturn|||F|||50|,,,,,Bug]Torkoal||Charcoal|Drought|Eruption,Protect,Flamethrower,ClearSmog|||M|||50|,,,,,Fire]Electabuzz||Eviolite|Static|FollowMe,Electroweb,Taunt,HelpingHand|||F|||50|,,,,,Ghost]Ursaluna-Bloodmoon||LifeOrb|MindsEye|HyperVoice,BloodMoon,Protect,EarthPower|||M|||50|,,,,,Normal]Mimikyu||MentalHerb|Disguise|ShadowSneak,PlayRough,ShadowClaw,TrickRoom|||M|||50|,,,,,Steel]Lilligant-Hisui||FocusSash|Chlorophyll|AfterYou,CloseCombat,SleepPowder,LeafBlade|||F|||50|,,,,,Ghost
|inactive|Battle timer is ON: inactive players will automatically lose when time's up. (requested by Er ciccio98)
|
|t:|1757838466
|teamsize|p1|4
|teamsize|p2|4
|start
|switch|p1a: Gligar|Gligar, L50, F|100/100
|switch|p1b: Gastrodon|Gastrodon-East, L50, F|100/100
|switch|p2a: Torkoal|Torkoal, L50, M|100/100
|switch|p2b: Lilligant|Lilligant-Hisui, L50, F|100/100
|-weather|SunnyDay|[from] ability: Drought|[of] p2a: Torkoal
|turn|1
|inactive|Olive19907 has 30 seconds left.
|inactive|Er ciccio98 has 30 seconds left.
|
|t:|1757838493
|move|p2b: Lilligant|After You|p2a: Torkoal
|-activate|p2a: Torkoal|move: After You
|move|p2a: Torkoal|Eruption|p1b: Gastrodon|[spread] p1a,p1b
|-resisted|p1b: Gastrodon
|-damage|p1a: Gligar|46/100
|-damage|p1b: Gastrodon|61/100
|move|p1a: Gligar|Dual Wingbeat|p2b: Lilligant
|-supereffective|p2b: Lilligant
|-crit|p2b: Lilligant
|-enditem|p2b: Lilligant|Focus Sash
|-damage|p2b: Lilligant|1/100
|-supereffective|p2b: Lilligant
|-damage|p2b: Lilligant|0 fnt
|faint|p2b: Lilligant
|-hitcount|p2: Lilligant|2
|move|p1b: Gastrodon|Snowscape|p1b: Gastrodon
|-weather|Snowscape
|
|-weather|Snowscape|[upkeep]
|-heal|p1b: Gastrodon|67/100|[from] item: Leftovers
|upkeep
|
|t:|1757838510
|switch|p2b: Incineroar|Incineroar, L50, F|100/100
|-ability|p2b: Incineroar|Intimidate|boost
|-fail|p1a: Gligar|unboost|Attack|[from] ability: Hyper Cutter|[of] p1a: Gligar
|-unboost|p1b: Gastrodon|atk|1
|turn|2
|
|t:|1757838533
|switch|p2a: Ursaluna|Ursaluna-Bloodmoon, L50, M|100/100
|move|p1a: Gligar|Knock Off|p2b: Incineroar
|-resisted|p2b: Incineroar
|-damage|p2b: Incineroar|94/100
|-enditem|p2b: Incineroar|Assault Vest|[from] move: Knock Off|[of] p1a: Gligar
|move|p2b: Incineroar|U-turn|p1a: Gligar
|-resisted|p1a: Gligar
|-damage|p1a: Gligar|39/100
|
|t:|1757838542
|switch|p2b: Torkoal|Torkoal, L50, M|100/100|[from] U-turn
|-weather|SunnyDay|[from] ability: Drought|[of] p2b: Torkoal
|move|p1b: Gastrodon|Earth Power|p2a: Ursaluna
|-damage|p2a: Ursaluna|68/100
|
|-weather|SunnyDay|[upkeep]
|-heal|p1b: Gastrodon|73/100|[from] item: Leftovers
|upkeep
|turn|3
|
|t:|1757838563
|-terastallize|p2b: Torkoal|Fire
|move|p1a: Gligar|Knock Off|p2a: Ursaluna
|-damage|p2a: Ursaluna|54/100
|-enditem|p2a: Ursaluna|Life Orb|[from] move: Knock Off|[of] p1a: Gligar
|move|p2a: Ursaluna|Blood Moon|p1b: Gastrodon
|-damage|p1b: Gastrodon|9/100
|move|p1b: Gastrodon|Earth Power|p2b: Torkoal
|-supereffective|p2b: Torkoal
|-damage|p2b: Torkoal|29/100
|move|p2b: Torkoal|Flamethrower|p1a: Gligar
|-damage|p1a: Gligar|0 fnt
|faint|p1a: Gligar
|
|-weather|SunnyDay|[upkeep]
|-heal|p1b: Gastrodon|15/100|[from] item: Leftovers
|upkeep
|
|t:|1757838583
|switch|p1a: Garchomp|Garchomp, L50, F|100/100
|turn|4
|
|t:|1757838593
|switch|p2b: Incineroar|Incineroar, L50, F|94/100
|-ability|p2b: Incineroar|Intimidate|boost
|-fail|p1a: Garchomp|unboost|[from] item: Clear Amulet|[of] p1a: Garchomp
|-unboost|p1b: Gastrodon|atk|1
|move|p1b: Gastrodon|Protect|p1b: Gastrodon
|-singleturn|p1b: Gastrodon|Protect
|move|p1a: Garchomp|Earthquake|p2a: Ursaluna|[spread] p2a,p2b
|-activate|p1b: Gastrodon|move: Protect
|-supereffective|p2b: Incineroar
|-damage|p2a: Ursaluna|29/100
|-damage|p2b: Incineroar|32/100
|move|p2a: Ursaluna|Hyper Voice|p1b: Gastrodon|[spread] p1a
|-activate|p1b: Gastrodon|move: Protect
|-damage|p1a: Garchomp|61/100
|
|-weather|SunnyDay|[upkeep]
|-heal|p1b: Gastrodon|21/100|[from] item: Leftovers
|upkeep
|turn|5
|
|t:|1757838617
|switch|p1b: Amoonguss|Amoonguss, L50, F|100/100
|move|p2b: Incineroar|Fake Out|p1a: Garchomp
|-damage|p1a: Garchomp|48/100
|-damage|p2b: Incineroar|19/100|[from] ability: Rough Skin|[of] p1a: Garchomp
|cant|p1a: Garchomp|flinch
|move|p2a: Ursaluna|Hyper Voice|p1a: Garchomp|[spread] p1a,p1b
|-damage|p1a: Garchomp|7/100
|-damage|p1b: Amoonguss|69/100
|
|-weather|SunnyDay|[upkeep]
|upkeep
|turn|6
|
|t:|1757838637
|switch|p2b: Torkoal|Torkoal, L50, M, tera:Fire|29/100
|move|p2a: Ursaluna|Protect|p2a: Ursaluna
|-singleturn|p2a: Ursaluna|Protect
|move|p1b: Amoonguss|Protect|p1b: Amoonguss
|-singleturn|p1b: Amoonguss|Protect
|move|p1a: Garchomp|Earthquake|p2b: Torkoal|[spread] p2b
|-activate|p1b: Amoonguss|move: Protect
|-activate|p2a: Ursaluna|move: Protect
|-supereffective|p2b: Torkoal
|-damage|p2b: Torkoal|0 fnt
|faint|p2b: Torkoal
|
|-weather|none
|upkeep
|
|t:|1757838649
|switch|p2b: Incineroar|Incineroar, L50, F|19/100
|-ability|p2b: Incineroar|Intimidate|boost
|-fail|p1a: Garchomp|unboost|[from] item: Clear Amulet|[of] p1a: Garchomp
|-unboost|p1b: Amoonguss|atk|1
|turn|7
|inactive|Olive19907 has 30 seconds left.
|
|t:|1757838675
|-terastallize|p1b: Amoonguss|Water
|move|p2b: Incineroar|Fake Out|p1a: Garchomp
|-damage|p1a: Garchomp|0 fnt
|-damage|p2b: Incineroar|7/100|[from] ability: Rough Skin|[of] p1a: Garchomp
|faint|p1a: Garchomp
|move|p2a: Ursaluna|Hyper Voice|p1b: Amoonguss
|-damage|p1b: Amoonguss|26/100
|move|p1b: Amoonguss|Spore|p2a: Ursaluna
|-status|p2a: Ursaluna|slp|[from] move: Spore
|
|upkeep
|
|t:|1757838687
|switch|p1a: Gastrodon|Gastrodon-East, L50, F|21/100
|turn|8
|
|t:|1757838702
|move|p2b: Incineroar|U-turn|p1b: Amoonguss
|-crit|p1b: Amoonguss
|-damage|p1b: Amoonguss|1/100
|-enditem|p1b: Amoonguss|Wiki Berry|[eat]
|-heal|p1b: Amoonguss|34/100|[from] item: Wiki Berry
|cant|p2a: Ursaluna|slp
|move|p1a: Gastrodon|Earth Power|p2b: Incineroar
|-supereffective|p2b: Incineroar
|-damage|p2b: Incineroar|0 fnt
|faint|p2b: Incineroar
|move|p1b: Amoonguss|Spore|p2a: Ursaluna
|-fail|p2a: Ursaluna|slp
|
|-heal|p1a: Gastrodon|28/100|[from] item: Leftovers
|upkeep
|turn|9
|
|t:|1757838723
|cant|p2a: Ursaluna|slp
|move|p1a: Gastrodon|Earth Power|p2a: Ursaluna
|-damage|p2a: Ursaluna|0 fnt
|faint|p2a: Ursaluna
|
|win|Olive19907
|inactive|Olive19907 has 30 seconds to confirm battle start!
|inactive|Er ciccio98 has 30 seconds to confirm battle start!
||Er ciccio98 is ready for game 3.
|l|☆Olive19907
|player|p1|
||Olive19907 is ready for game 3.
|uhtml|next|Next: Game 3 of 3
