|j|☆ronansting
|j|☆darthmorton
|html|ronanstingdarthmorton    
|uhtml|bestof|Game 3 of a best-of-3
|t:|1754232901
|gametype|doubles
|player|p1|ronansting|baker|1286
|player|p2|darthmorton|ingo|1179
|gen|9
|tier|[Gen 9] VGC 2025 Reg H (Bo3)
|rated|
|rule|Species Clause: Limit one of each Pokémon
|rule|Item Clause: Limit 1 of each item
|clearpoke
|poke|p1|Archaludon, L50, M|
|poke|p1|Pelipper, L50, F|
|poke|p1|Indeedee, L50, M|
|poke|p1|Amoonguss, L50, M|
|poke|p1|Basculegion, L50, M|
|poke|p1|Hydreigon, L50, M|
|poke|p2|Kommo-o, L50, M|
|poke|p2|Rillaboom, L50, F|
|poke|p2|Clefairy, L50, F|
|poke|p2|Ninetales-Alola, L50, F|
|poke|p2|Kingambit, L50, M|
|poke|p2|Sneasler, L50, F|
|teampreview|4
|showteam|p1|Archaludon||AssaultVest|Stamina|ElectroShot,DracoMeteor,BodyPress,FlashCannon|||M|||50|,,,,,Grass]Pelipper||FocusSash|Drizzle|WeatherBall,Hurricane,Tailwind,Protect|||F|||50|,,,,,Ghost]Indeedee||ChoiceScarf|PsychicSurge|ExpandingForce,TeraBlast,Trick,DazzlingGleam|||M|||50|,,,,,Ground]Amoonguss||SitrusBerry|Regenerator|Spore,SludgeBomb,Protect,RagePowder|||M|||50|,,,,,Water]Basculegion||ChoiceBand|SwiftSwim|FlipTurn,WaveCrash,LastRespects,AquaJet|||M|||50|,,,,,Poison]Hydreigon||CovertCloak|Levitate|Taunt,Snarl,DracoMeteor,EarthPower|||M|||50|,,,,,Ghost
|showteam|p2|Kommo-o||ThroatSpray|Overcoat|ClangingScales,Flamethrower,ClangorousSoul,Protect|||M|||50|,,,,,Fire]Rillaboom||AssaultVest|GrassySurge|FakeOut,WoodHammer,GrassyGlide,Uturn|||F|||50|,,,,,Fire]Clefairy||Eviolite|FriendGuard|FollowMe,HelpingHand,Protect,AfterYou|||F|||50|,,,,,Grass]Ninetales-Alola||FocusSash|SnowWarning|Blizzard,IcyWind,Encore,AuroraVeil|||F|||50|,,,,,Ghost]Kingambit||BlackGlasses|Defiant|KowtowCleave,SuckerPunch,IronHead,Protect|||M|||50|,,,,,Ghost]Sneasler||GrassySeed|Unburden|FakeOut,CloseCombat,DireClaw,Coaching|||F|||50|,,,,,Stellar
|inactive|Battle timer is ON: inactive players will automatically lose when time's up. (requested by darthmorton)
|
|t:|1754232923
|teamsize|p1|4
|teamsize|p2|4
|start
|switch|p1a: Empire|Basculegion, L50, M|100/100
|switch|p1b: Smellypper|Pelipper, L50, F|100/100
|switch|p2a: Blake|Kommo-o, L50, M, shiny|100/100
|switch|p2b: Seam|Clefairy, L50, F, shiny|100/100
|-weather|RainDance|[from] ability: Drizzle|[of] p1b: Smellypper
|turn|1
|
|t:|1754232935
|-terastallize|p2b: Seam|Grass
|move|p2b: Seam|Follow Me|p2b: Seam
|-singleturn|p2b: Seam|move: Follow Me
|move|p1a: Empire|Wave Crash|p2b: Seam
|-resisted|p2b: Seam
|-damage|p2b: Seam|50/100
|-damage|p1a: Empire|85/100|[from] Recoil
|move|p2a: Blake|Clangorous Soul|p2a: Blake
|-boost|p2a: Blake|atk|1
|-boost|p2a: Blake|def|1
|-boost|p2a: Blake|spa|1
|-boost|p2a: Blake|spd|1
|-boost|p2a: Blake|spe|1
|-damage|p2a: Blake|68/100
|-enditem|p2a: Blake|Throat Spray
|-boost|p2a: Blake|spa|1|[from] item: Throat Spray
|move|p1b: Smellypper|Hurricane|p2b: Seam
|-supereffective|p2b: Seam
|-damage|p2b: Seam|0 fnt
|faint|p2b: Seam
|
|-weather|RainDance|[upkeep]
|upkeep
|
|t:|1754232950
|switch|p2b: AJ|Rillaboom, L50, F, shiny|100/100
|-fieldstart|move: Grassy Terrain|[from] ability: Grassy Surge|[of] p2b: AJ
|turn|2
|
|t:|1754232972
|move|p1b: Smellypper|Protect|p1b: Smellypper
|-singleturn|p1b: Smellypper|Protect
|move|p1a: Empire|Wave Crash|p2a: Blake
|-resisted|p2a: Blake
|-damage|p2a: Blake|24/100
|-damage|p1a: Empire|74/100|[from] Recoil
|move|p2a: Blake|Clanging Scales|p1a: Empire|[spread] p1a
|-activate|p1b: Smellypper|move: Protect
|-damage|p1a: Empire|0 fnt
|faint|p1a: Empire
|-unboost|p2a: Blake|def|1
|move|p2b: AJ|U-turn|p1b: Smellypper
|-activate|p1b: Smellypper|move: Protect
|
|-weather|RainDance|[upkeep]
|-heal|p2a: Blake|30/100|[from] Grassy Terrain
|upkeep
|
|t:|1754232987
|switch|p1a: Arching|Archaludon, L50, M|100/100
|turn|3
|
|t:|1754233000
|switch|p1b: Schmooner|Amoonguss, L50, M|100/100
|move|p2a: Blake|Clanging Scales|p1b: Schmooner|[spread] p1a,p1b
|-crit|p1b: Schmooner
|-damage|p1a: Arching|58/100
|-damage|p1b: Schmooner|16/100
|-ability|p1a: Arching|Stamina|boost
|-boost|p1a: Arching|def|1
|-enditem|p1b: Schmooner|Sitrus Berry|[eat]
|-heal|p1b: Schmooner|41/100|[from] item: Sitrus Berry
|-unboost|p2a: Blake|def|1
|move|p2b: AJ|U-turn|p1b: Schmooner
|-damage|p1b: Schmooner|22/100
|
|t:|1754233012
|switch|p2b: Craig|Sneasler, L50, F, shiny|100/100|[from] U-turn
|-enditem|p2b: Craig|Grassy Seed
|-boost|p2b: Craig|def|1|[from] item: Grassy Seed
|move|p1a: Arching|Electro Shot||[still]
|-prepare|p1a: Arching|Electro Shot
|-boost|p1a: Arching|spa|1
|-anim|p1a: Arching|Electro Shot|p2b: Craig
|-damage|p2b: Craig|19/100
|
|-weather|RainDance|[upkeep]
|-heal|p2b: Craig|25/100|[from] Grassy Terrain
|-heal|p2a: Blake|36/100|[from] Grassy Terrain
|-heal|p1a: Arching|64/100|[from] Grassy Terrain
|-heal|p1b: Schmooner|28/100|[from] Grassy Terrain
|upkeep
|turn|4
|
|t:|1754233026
|move|p1b: Schmooner|Protect|p1b: Schmooner
|-singleturn|p1b: Schmooner|Protect
|move|p2b: Craig|Fake Out|p1a: Arching
|-resisted|p1a: Arching
|-damage|p1a: Arching|60/100
|-ability|p1a: Arching|Stamina|boost
|-boost|p1a: Arching|def|1
|move|p2a: Blake|Clanging Scales|p1b: Schmooner|[spread] p1a
|-activate|p1b: Schmooner|move: Protect
|-damage|p1a: Arching|14/100
|-ability|p1a: Arching|Stamina|boost
|-boost|p1a: Arching|def|1
|-unboost|p2a: Blake|def|1
|cant|p1a: Arching|flinch
|
|-weather|RainDance|[upkeep]
|-heal|p2b: Craig|31/100|[from] Grassy Terrain
|-heal|p2a: Blake|42/100|[from] Grassy Terrain
|-heal|p1a: Arching|20/100|[from] Grassy Terrain
|-heal|p1b: Schmooner|34/100|[from] Grassy Terrain
|upkeep
|turn|5
|
|t:|1754233045
|move|p2b: Craig|Dire Claw|p1b: Schmooner
|-damage|p1b: Schmooner|0 fnt
|faint|p1b: Schmooner
|move|p2a: Blake|Clanging Scales|p1a: Arching
|-damage|p1a: Arching|0 fnt
|faint|p1a: Arching
|-unboost|p2a: Blake|def|1
|
|-weather|none
|-heal|p2b: Craig|36/100|[from] Grassy Terrain
|-heal|p2a: Blake|48/100|[from] Grassy Terrain
|upkeep
|-message|ronansting forfeited.
|
|win|darthmorton
|raw|ronansting's rating: 1286 → 1254(-32 for losing)
|raw|darthmorton's rating: 1179 → 1211(+32 for winning)
