|j|вҳҶ2whitefl
|j|вҳҶGyra78
|html|2whiteflGyra78    
|uhtml|bestof|Game 3 of a best-of-3
|t:|1756175841
|gametype|doubles
|player|p1|2whitefl|blue|1240
|player|p2|Gyra78|volkner|1256
|gen|9
|tier|[Gen 9] VGC 2025 Reg H (Bo3)
|rated|
|rule|Species Clause: Limit one of each PokГ©mon
|rule|Item Clause: Limit 1 of each item
|clearpoke
|poke|p1|Basculegion, L50, M|
|poke|p1|Archaludon, L50, M|
|poke|p1|Incineroar, L50, F|
|poke|p1|Gholdengo, L50|
|poke|p1|Rillaboom, L50, F|
|poke|p1|Pelipper, L50, M|
|poke|p2|Basculegion, L50, M|
|poke|p2|Pelipper, L50, M|
|poke|p2|Archaludon, L50, M|
|poke|p2|Incineroar, L50, M|
|poke|p2|Gholdengo, L50|
|poke|p2|Amoonguss, L50, M|
|teampreview|4
|showteam|p1|Basculegion||ChoiceScarf|Adaptability|LastRespects,WaveCrash,AquaJet,FlipTurn|||M|||50|,,,,,Water]Archaludon||AssaultVest|Stamina|DracoMeteor,ElectroShot,BodyPress,FlashCannon|||M|||50|,,,,,Grass]Incineroar||SafetyGoggles|Intimidate|FakeOut,KnockOff,FlareBlitz,PartingShot|||F|||50|,,,,,Water]Gholdengo||LifeOrb|GoodasGold|MakeItRain,ShadowBall,NastyPlot,Protect||||||50|,,,,,Water]Rillaboom||ClearAmulet|GrassySurge|FakeOut,GrassyGlide,WoodHammer,Uturn|||F|||50|,,,,,Fire]Pelipper||FocusSash|Drizzle|Hurricane,MuddyWater,Tailwind,Protect|||M|||50|,,,,,Ghost
|showteam|p2|Basculegion||LifeOrb|SwiftSwim|WaveCrash,LastRespects,Protect,FlipTurn|||M|||50|,,,,,Grass]Pelipper||FocusSash|Drizzle|Protect,Hurricane,WeatherBall,Tailwind|||M|||50|,,,,,Ghost]Archaludon||AssaultVest|Stamina|ElectroShot,DracoMeteor,Snarl,BodyPress|||M|||50|,,,,,Grass]Incineroar||SafetyGoggles|Intimidate|FakeOut,PartingShot,Taunt,KnockOff|||M|||50|,,,,,Bug]Gholdengo||SitrusBerry|GoodasGold|MakeItRain,ShadowBall,NastyPlot,Protect||||||50|,,,,,Flying]Amoonguss||RockyHelmet|Regenerator|Spore,RagePowder,PollenPuff,Protect|||M|||50|,,,,,Water
|inactive|Battle timer is ON: inactive players will automatically lose when time's up. (requested by 2whitefl)
|inactive|Gyra78 has 60 seconds left.
|
|t:|1756175888
|teamsize|p1|4
|teamsize|p2|4
|start
|switch|p1a: Basculegion|Basculegion, L50, M|100/100
|switch|p1b: Archaludon|Archaludon, L50, M|100/100
|switch|p2a: ACвҡЎпёҺDC|Archaludon, L50, M, shiny|100/100
|switch|p2b: Alfredo|Amoonguss, L50, M, shiny|100/100
|turn|1
|inactive|2whitefl has 30 seconds left.
|inactive|Gyra78 has 30 seconds left.
|inactive|Gyra78 has 20 seconds left.
|
|t:|1756175927
|move|p1a: Basculegion|Flip Turn|p2b: Alfredo
|-resisted|p2b: Alfredo
|-damage|p2b: Alfredo|84/100
|-damage|p1a: Basculegion|84/100|[from] item: Rocky Helmet|[of] p2b: Alfredo
|
|t:|1756175932
|switch|p1a: Gholdengo|Gholdengo, L50|100/100|[from] Flip Turn
|move|p1b: Archaludon|Draco Meteor|p2b: Alfredo
|-damage|p2b: Alfredo|41/100
|-unboost|p1b: Archaludon|spa|2
|move|p2a: ACвҡЎпёҺDC|Draco Meteor|p1a: Gholdengo
|-resisted|p1a: Gholdengo
|-damage|p1a: Gholdengo|64/100
|-unboost|p2a: ACвҡЎпёҺDC|spa|2
|move|p2b: Alfredo|Spore|p1b: Archaludon
|-status|p1b: Archaludon|slp|[from] move: Spore
|
|upkeep
|turn|2
|
|t:|1756175955
|switch|p2b: Davy Jones|Basculegion, L50, M, shiny|100/100
|move|p1a: Gholdengo|Nasty Plot|p1a: Gholdengo
|-boost|p1a: Gholdengo|spa|2
|cant|p1b: Archaludon|slp
|move|p2a: ACвҡЎпёҺDC|Snarl|p1a: Gholdengo|[spread] p1a,p1b
|-supereffective|p1a: Gholdengo
|-damage|p1a: Gholdengo|49/100
|-damage|p1b: Archaludon|95/100 slp
|-unboost|p1a: Gholdengo|spa|1
|-unboost|p1b: Archaludon|spa|1
|-ability|p1b: Archaludon|Stamina|boost
|-boost|p1b: Archaludon|def|1
|
|upkeep
|turn|3
|
|t:|1756175977
|switch|p2a: Alfredo|Amoonguss, L50, M, shiny|74/100
|-terastallize|p1a: Gholdengo|Water
|-terastallize|p2b: Davy Jones|Grass
|move|p1a: Gholdengo|Shadow Ball|p2b: Davy Jones
|-damage|p2b: Davy Jones|10/100
|-damage|p1a: Gholdengo|39/100|[from] item: Life Orb
|move|p2b: Davy Jones|Wave Crash|p1a: Gholdengo
|-resisted|p1a: Gholdengo
|-damage|p1a: Gholdengo|0 fnt
|faint|p1a: Gholdengo
|-damage|p2b: Davy Jones|0 fnt|[from] Recoil
|faint|p2b: Davy Jones
|-curestatus|p1b: Archaludon|slp|[msg]
|move|p1b: Archaludon|Body Press|p2a: Alfredo
|-resisted|p2a: Alfredo
|-damage|p2a: Alfredo|59/100
|-damage|p1b: Archaludon|79/100|[from] item: Rocky Helmet|[of] p2a: Alfredo
|
|upkeep
|
|t:|1756175999
|switch|p1a: Pelipper|Pelipper, L50, M|100/100
|switch|p2b: PennyBoard|Gholdengo, L50, shiny|100/100
|-weather|RainDance|[from] ability: Drizzle|[of] p1a: Pelipper
|turn|4
|inactive|2whitefl has 30 seconds left.
|
|t:|1756176029
|switch|p2a: ACвҡЎпёҺDC|Archaludon, L50, M, shiny|100/100
|move|p1a: Pelipper|Hurricane|p2a: ACвҡЎпёҺDC
|-resisted|p2a: ACвҡЎпёҺDC
|-damage|p2a: ACвҡЎпёҺDC|80/100
|-ability|p2a: ACвҡЎпёҺDC|Stamina|boost
|-boost|p2a: ACвҡЎпёҺDC|def|1
|move|p1b: Archaludon|Draco Meteor|p2a: ACвҡЎпёҺDC
|-damage|p2a: ACвҡЎпёҺDC|65/100
|-unboost|p1b: Archaludon|spa|2
|-ability|p2a: ACвҡЎпёҺDC|Stamina|boost
|-boost|p2a: ACвҡЎпёҺDC|def|1
|move|p2b: PennyBoard|Nasty Plot|p2b: PennyBoard
|-boost|p2b: PennyBoard|spa|2
|
|-weather|RainDance|[upkeep]
|upkeep
|turn|5
|inactive|2whitefl has 30 seconds left.
|
|t:|1756176058
|move|p1a: Pelipper|Muddy Water|p2a: ACвҡЎпёҺDC|[spread] p2a,p2b
|-resisted|p2a: ACвҡЎпёҺDC
|-damage|p2a: ACвҡЎпёҺDC|47/100
|-damage|p2b: PennyBoard|56/100
|-unboost|p2b: PennyBoard|accuracy|1
|-ability|p2a: ACвҡЎпёҺDC|Stamina|boost
|-boost|p2a: ACвҡЎпёҺDC|def|1
|move|p1b: Archaludon|Body Press|p2a: ACвҡЎпёҺDC
|-supereffective|p2a: ACвҡЎпёҺDC
|-damage|p2a: ACвҡЎпёҺDC|24/100
|-ability|p2a: ACвҡЎпёҺDC|Stamina|boost
|-boost|p2a: ACвҡЎпёҺDC|def|1
|move|p2b: PennyBoard|Make It Rain|p1a: Pelipper|[spread] p1a,p1b
|-resisted|p1a: Pelipper
|-resisted|p1b: Archaludon
|-crit|p1b: Archaludon
|-damage|p1a: Pelipper|9/100
|-damage|p1b: Archaludon|32/100
|-unboost|p2b: PennyBoard|spa|1
|-ability|p1b: Archaludon|Stamina|boost
|-boost|p1b: Archaludon|def|1
|move|p2a: ACвҡЎпёҺDC|Electro Shot||[still]
|-prepare|p2a: ACвҡЎпёҺDC|Electro Shot
|-boost|p2a: ACвҡЎпёҺDC|spa|1
|-anim|p2a: ACвҡЎпёҺDC|Electro Shot|p1a: Pelipper
|-supereffective|p1a: Pelipper
|-damage|p1a: Pelipper|0 fnt
|faint|p1a: Pelipper
|
|-weather|RainDance|[upkeep]
|upkeep
|
|t:|1756176068
|switch|p1a: Basculegion|Basculegion, L50, M|84/100
|turn|6
|inactive|Gyra78 has 30 seconds left.
|inactive|Gyra78 has 20 seconds left.
|
|t:|1756176105
|move|p2b: PennyBoard|Protect|p2b: PennyBoard
|-singleturn|p2b: PennyBoard|Protect
|move|p1a: Basculegion|Last Respects|p2b: PennyBoard
|-activate|p2b: PennyBoard|move: Protect
|move|p1b: Archaludon|Body Press|p2a: ACвҡЎпёҺDC
|-supereffective|p2a: ACвҡЎпёҺDC
|-damage|p2a: ACвҡЎпёҺDC|0 fnt
|faint|p2a: ACвҡЎпёҺDC
|
|-weather|RainDance|[upkeep]
|upkeep
|
|t:|1756176115
|switch|p2a: Alfredo|Amoonguss, L50, M, shiny|92/100
|turn|7
|
|t:|1756176123
|move|p2a: Alfredo|Rage Powder|p2a: Alfredo
|-singleturn|p2a: Alfredo|move: Rage Powder
|move|p1a: Basculegion|Last Respects|p2a: Alfredo
|-damage|p2a: Alfredo|6/100
|move|p1b: Archaludon|Electro Shot||[still]
|-prepare|p1b: Archaludon|Electro Shot
|-boost|p1b: Archaludon|spa|1
|-anim|p1b: Archaludon|Electro Shot|p2a: Alfredo
|-resisted|p2a: Alfredo
|-damage|p2a: Alfredo|0 fnt
|faint|p2a: Alfredo
|move|p2b: PennyBoard|Shadow Ball|p1a: Basculegion
|-supereffective|p1a: Basculegion
|-damage|p1a: Basculegion|0 fnt
|faint|p1a: Basculegion
|
|-weather|RainDance|[upkeep]
|upkeep
|turn|8
|
|t:|1756176137
|move|p1b: Archaludon|Electro Shot||[still]
|-prepare|p1b: Archaludon|Electro Shot
|-boost|p1b: Archaludon|spa|1
|-anim|p1b: Archaludon|Electro Shot|p2b: PennyBoard
|-damage|p2b: PennyBoard|42/100
|-enditem|p2b: PennyBoard|Sitrus Berry|[eat]
|-heal|p2b: PennyBoard|66/100|[from] item: Sitrus Berry
|move|p2b: PennyBoard|Shadow Ball|p1b: Archaludon|[miss]
|-miss|p2b: PennyBoard|p1b: Archaludon
|
|-weather|none
|upkeep
|turn|9
|
|t:|1756176150
|move|p1b: Archaludon|Draco Meteor|p2b: PennyBoard
|-resisted|p2b: PennyBoard
|-damage|p2b: PennyBoard|55/100
|-unboost|p1b: Archaludon|spa|2
|move|p2b: PennyBoard|Shadow Ball|p1b: Archaludon
|-damage|p1b: Archaludon|0 fnt
|faint|p1b: Archaludon
|
|win|Gyra78
|raw|2whitefl's rating: 1240 → 1216(-24 for losing)
|raw|Gyra78's rating: 1256 → 1280(+24 for winning)
|l|вҳҶGyra78
|player|p2|
|l|вҳҶ2whitefl
|player|p1|
|j|вҳҶGyra78
|player|p2|Gyra78|volkner|
