|j|‽Pitoune901
|j|☆gumbaasifun'a
|html|Pitoune901gumbaasifun'a    
|uhtml|bestof|Game 3 of a best-of-3
|t:|1757839426
|gametype|doubles
|player|p1|Pitoune901|lucas|1028
|player|p2|gumbaasifun'a|170|1000
|gen|9
|tier|[Gen 9] VGC 2025 Reg H (Bo3)
|rated|
|rule|Species Clause: Limit one of each Pokémon
|rule|Item Clause: Limit 1 of each item
|clearpoke
|poke|p1|Charizard, L50, F|
|poke|p1|Torkoal, L50, M|
|poke|p1|Porygon2, L50|
|poke|p1|Incineroar, L50, M|
|poke|p1|Jumpluff, L50, F|
|poke|p1|Ursaluna, L50, F|
|poke|p2|Ursaluna, L50, F|
|poke|p2|Torkoal, L50, F|
|poke|p2|Porygon2, L50|
|poke|p2|Incineroar, L50, M|
|poke|p2|Ceruledge, L50, F|
|poke|p2|Jumpluff, L50, F|
|teampreview|4
|showteam|p1|Charizard||ChoiceSpecs|SolarPower|HeatWave,Overheat,WeatherBall,AirSlash|||F|||50|,,,,,Ghost]Torkoal||EjectPack|Drought|Eruption,Overheat,HelpingHand,Protect|||M|||50|,,,,,Fire]Porygon2||Eviolite|Download|TeraBlast,IceBeam,Recover,TrickRoom||||||50|,,,,,Fighting]Incineroar||SitrusBerry|Intimidate|FlareBlitz,KnockOff,FakeOut,PartingShot|||M|||50|,,,,,Ghost]Jumpluff||CovertCloak|Chlorophyll|SleepPowder,SunnyDay,RagePowder,Tailwind|||F|||50|,,,,,Water]Ursaluna||FlameOrb|Guts|HeadlongRush,Facade,Earthquake,Protect|||F|||50|,,,,,Ghost
|showteam|p2|Ursaluna||FlameOrb|Guts|Facade,Earthquake,HeadlongRush,Protect|||F|||50|,,,,,Ghost]Torkoal||ChoiceSpecs|Drought|Eruption,HeatWave,WeatherBall,SludgeBomb|||F|||50|,,,,,Fire]Porygon2||Eviolite|Download|TeraBlast,IceBeam,TrickRoom,Protect||||||50|,,,,,Grass]Incineroar||SafetyGoggles|Intimidate|FakeOut,KnockOff,FlareBlitz,Uturn|||M|||50|,,,,,Ghost]Ceruledge||LifeOrb|FlashFire|BitterBlade,SwordsDance,ShadowClaw,Protect|||F|||50|,,,,,Grass]Jumpluff||CovertCloak|Chlorophyll|SunnyDay,RagePowder,SleepPowder,Tailwind|||F|||50|,,,,,Fire
|
|t:|1757839445
|teamsize|p1|4
|teamsize|p2|4
|start
|switch|p1a: Jumpluff|Jumpluff, L50, F|100/100
|switch|p1b: Ursaluna|Ursaluna, L50, F|100/100
|switch|p2a: Porygon2|Porygon2, L50|100/100
|switch|p2b: Incineroar|Incineroar, L50, M|100/100
|-ability|p2b: Incineroar|Intimidate|boost
|-unboost|p1a: Jumpluff|atk|1
|-unboost|p1b: Ursaluna|atk|1
|-ability|p2a: Porygon2|Download|boost
|-boost|p2a: Porygon2|spa|1
|turn|1
|
|t:|1757839473
|move|p1b: Ursaluna|Protect|p1b: Ursaluna
|-singleturn|p1b: Ursaluna|Protect
|move|p1a: Jumpluff|Sleep Powder|p2a: Porygon2
|-status|p2a: Porygon2|slp|[from] move: Sleep Powder
|move|p2b: Incineroar|Flare Blitz|p1a: Jumpluff
|-supereffective|p1a: Jumpluff
|-damage|p1a: Jumpluff|0 fnt
|faint|p1a: Jumpluff
|-damage|p2b: Incineroar|70/100|[from] Recoil
|cant|p2a: Porygon2|slp
|
|-status|p1b: Ursaluna|brn|[from] item: Flame Orb
|upkeep
|inactive|Battle timer is ON: inactive players will automatically lose when time's up. (requested by Pitoune901)
|
|t:|1757839486
|switch|p1a: Torkoal|Torkoal, L50, M|100/100
|-weather|SunnyDay|[from] ability: Drought|[of] p1a: Torkoal
|turn|2
|inactive|Pitoune901 has 30 seconds left.
|inactive|gumbaasifun'a has 30 seconds left.
|
|t:|1757839513
|-terastallize|p2b: Incineroar|Ghost
|-curestatus|p2a: Porygon2|slp|[msg]
|move|p2a: Porygon2|Protect|p2a: Porygon2
|-singleturn|p2a: Porygon2|Protect
|move|p2b: Incineroar|Flare Blitz|p1b: Ursaluna
|-damage|p1b: Ursaluna|35/100 brn
|-damage|p2b: Incineroar|45/100|[from] Recoil
|move|p1b: Ursaluna|Facade|p2a: Porygon2
|-activate|p2a: Porygon2|move: Protect
|move|p1a: Torkoal|Eruption|p2b: Incineroar|[spread] p2b
|-activate|p2a: Porygon2|move: Protect
|-damage|p2b: Incineroar|0 fnt
|faint|p2b: Incineroar
|
|-weather|SunnyDay|[upkeep]
|-damage|p1b: Ursaluna|30/100 brn|[from] brn
|upkeep
|
|t:|1757839538
|switch|p2b: Ursaluna|Ursaluna, L50, F|100/100
|turn|3
|
|t:|1757839560
|move|p1b: Ursaluna|Protect|p1b: Ursaluna
|-singleturn|p1b: Ursaluna|Protect
|move|p2b: Ursaluna|Headlong Rush|p1a: Torkoal
|-supereffective|p1a: Torkoal
|-damage|p1a: Torkoal|1/100
|-unboost|p2b: Ursaluna|def|1
|-unboost|p2b: Ursaluna|spd|1
|move|p1a: Torkoal|Overheat|p2b: Ursaluna
|-damage|p2b: Ursaluna|0 fnt
|-unboost|p1a: Torkoal|spa|2
|faint|p2b: Ursaluna
|-enditem|p1a: Torkoal|Eject Pack
|
|t:|1757839571
|switch|p1a: Incineroar|Incineroar, L50, M|100/100
|-ability|p1a: Incineroar|Intimidate|boost
|-unboost|p2a: Porygon2|atk|1
|move|p2a: Porygon2|Trick Room|p2a: Porygon2
|-fieldstart|move: Trick Room|[of] p2a: Porygon2
|
|-weather|SunnyDay|[upkeep]
|-damage|p1b: Ursaluna|24/100 brn|[from] brn
|upkeep
|
|t:|1757839582
|switch|p2b: Torkoal|Torkoal, L50, F|100/100
|turn|4
|
|t:|1757839606
|move|p1a: Incineroar|Fake Out|p2b: Torkoal
|-damage|p2b: Torkoal|91/100
|cant|p2b: Torkoal|flinch
|move|p2a: Porygon2|Ice Beam|p1b: Ursaluna
|-supereffective|p1b: Ursaluna
|-damage|p1b: Ursaluna|0 fnt
|faint|p1b: Ursaluna
|
|-weather|SunnyDay|[upkeep]
|upkeep
|
|t:|1757839612
|switch|p1b: Torkoal|Torkoal, L50, M|1/100
|turn|5
|inactive|Pitoune901 has 30 seconds left.
|inactive|Pitoune901 has 20 seconds left.
|
|t:|1757839647
|move|p2a: Porygon2|Protect|p2a: Porygon2
|-singleturn|p2a: Porygon2|Protect
|move|p2b: Torkoal|Weather Ball|p1a: Incineroar
|-resisted|p1a: Incineroar
|-damage|p1a: Incineroar|50/100
|-enditem|p1a: Incineroar|Sitrus Berry|[eat]
|-heal|p1a: Incineroar|75/100|[from] item: Sitrus Berry
|move|p1b: Torkoal|Overheat|p2b: Torkoal
|-resisted|p2b: Torkoal
|-damage|p2b: Torkoal|37/100
|-unboost|p1b: Torkoal|spa|2
|move|p1a: Incineroar|Knock Off|p2a: Porygon2
|-activate|p2a: Porygon2|move: Protect
|
|-weather|SunnyDay|[upkeep]
|upkeep
|turn|6
|
|t:|1757839671
|move|p1b: Torkoal|Helping Hand|p1a: Incineroar
|-singleturn|p1a: Incineroar|Helping Hand|[of] p1b: Torkoal
|move|p2b: Torkoal|Weather Ball|p1a: Incineroar
|-resisted|p1a: Incineroar
|-damage|p1a: Incineroar|29/100
|move|p2a: Porygon2|Tera Blast|p1b: Torkoal
|-damage|p1b: Torkoal|0 fnt
|faint|p1b: Torkoal
|move|p1a: Incineroar|Knock Off|p2a: Porygon2
|-damage|p2a: Porygon2|67/100
|-enditem|p2a: Porygon2|Eviolite|[from] move: Knock Off|[of] p1a: Incineroar
|
|-weather|none
|upkeep
|turn|7
|inactive|gumbaasifun'a has 30 seconds left.
|
|t:|1757839702
|move|p2b: Torkoal|Weather Ball|p1a: Incineroar
|-damage|p1a: Incineroar|8/100
|move|p2a: Porygon2|Tera Blast|p1a: Incineroar
|-damage|p1a: Incineroar|0 fnt
|faint|p1a: Incineroar
|
|win|gumbaasifun'a
|raw|Pitoune901's rating: 1028 → 1013(-15 for losing)
|raw|gumbaasifun'a's rating: 1000 → 1043(+43 for winning)
|l|☆gumbaasifun'a
|player|p2|
