|j|☆Yishop
|j|☆isam2910
|html|Yishopisam2910    
|uhtml|bestof|Game 3 of a best-of-3
|t:|1783257094
|gametype|doubles
|player|p1|Yishop|lance|
|player|p2|isam2910|2|
|gen|9
|tier|[Gen 9 Champions] VGC 2026 Reg M-B (Bo3)
|rule|Species Clause: Limit one of each Pokémon
|rule|Item Clause: Limit 1 of each item
|clearpoke
|poke|p1|Metagross, L50|
|poke|p1|Zoroark-Hisui, L50, M|
|poke|p1|Basculegion-F, L50, F|
|poke|p1|Chandelure, L50, F|
|poke|p1|Crabominable, L50, F|
|poke|p1|Froslass, L50, F|
|poke|p2|Incineroar, L50, F|
|poke|p2|Staraptor, L50, M|
|poke|p2|Whimsicott, L50, F|
|poke|p2|Archaludon, L50, F|
|poke|p2|Hydrapple, L50, M|
|poke|p2|Vaporeon, L50, M|
|teampreview|4
|showteam|p1|Metagross||Metagrossite|ClearBody|BodyPress,BulletPunch,MeteorMash,ThunderPunch|Jolly|||||50|]Zoroark-Hisui||ExpertBelt|Illusion|BitterMalice,DarkPulse,Protect,CalmMind|Timid||M|||50|]Basculegion-F||ChoiceScarf|Adaptability|FlipTurn,LastRespects,IceFang,WaveCrash|Jolly||F|||50|]Chandelure||Leftovers|FlashFire|HeatWave,DarkPulse,CalmMind,Protect|Timid||F|||50|]Crabominable||LifeOrb|IronFist|WideGuard,IceHammer,CloseCombat,Protect|Adamant||F|||50|]Froslass||Froslassite|SnowCloak|AuroraVeil,Blizzard,NastyPlot,DestinyBond|Timid||F|||50|
|showteam|p2|Incineroar||SitrusBerry|Intimidate|FakeOut,FlareBlitz,WillOWisp,PartingShot|Careful||F|||50|]Staraptor||Staraptite|Intimidate|CloseCombat,BraveBird,Protect,Roost|Jolly||M|||50|]Whimsicott||FocusSash|Prankster|BeatUp,Moonblast,Encore,Protect|Serious||F|||50|]Archaludon||BlackGlasses|Stamina|FlashCannon,Snarl,StealthRock,DarkPulse|Bold||F|||50|]Hydrapple||YacheBerry|Regenerator|GigaDrain,DracoMeteor,EarthPower,FickleBeam|Calm||M|||50|]Vaporeon||Leftovers|WaterAbsorb|FlipTurn,Scald,Roar,Protect|Bold||M|||50|
|j| Riri 82
|j| SC7PLAYZZ
|j| Zain37
|c| Riri 82|What a save!
|c| Riri 82|What a save!
|c| Riri 82|What a save!
|c| Zain37|https://replay.pokemonshowdown.com/gen9championsvgc2026regmbbo3-2644320746
|c| Zain37|https://replay.pokemonshowdown.com/gen9championsvgc2026regmbbo3-2644320746
|
|t:|1783257149
|teamsize|p1|4
|teamsize|p2|4
|start
|switch|p1a: sMASH|Crabominable, L50, F|100/100
|switch|p1b: Froslass|Froslass, L50, F|100/100
|switch|p2a: Archaludon|Archaludon, L50, F|100/100
|switch|p2b: Incineroar|Incineroar, L50, F|100/100
|-ability|p2b: Incineroar|Intimidate|boost
|-unboost|p1a: sMASH|atk|1
|-unboost|p1b: Froslass|atk|1
|turn|1
|c|☆Yishop|This is Rocket League!
|c| Riri 82|This isn't Rocket League!
|c| SC7PLAYZZ|Nice Shot!
|
|t:|1783257180
|detailschange|p1b: Froslass|Froslass-Mega, L50, F
|-mega|p1b: Froslass|Froslass|Froslassite
|-weather|Snowscape|[from] ability: Snow Warning|[of] p1b: Froslass
|move|p1b: Froslass|Aurora Veil|p1b: Froslass
|-sidestart|p1: Yishop|move: Aurora Veil
|move|p2a: Archaludon|Snarl|p1a: sMASH|[spread] p1a,p1b
|-resisted|p1a: sMASH|1
|-supereffective|p1b: Froslass|1
|-damage|p1a: sMASH|94/100
|-damage|p1b: Froslass|78/100
|-unboost|p1a: sMASH|spa|1
|-unboost|p1b: Froslass|spa|1
|move|p2b: Incineroar|Flare Blitz|p1b: Froslass
|-supereffective|p1b: Froslass|1
|-damage|p1b: Froslass|10/100
|-damage|p2b: Incineroar|83/100|[from] Recoil
|move|p1a: sMASH|Close Combat|p2b: Incineroar
|-supereffective|p2b: Incineroar|1
|-damage|p2b: Incineroar|0 fnt
|-unboost|p1a: sMASH|def|1
|-unboost|p1a: sMASH|spd|1
|faint|p2b: Incineroar
|-damage|p1a: sMASH|84/100|[from] item: Life Orb
|
|-weather|Snowscape|[upkeep]
|upkeep
|c| Zain37|Im Gay?
|
|t:|1783257196
|switch|p2b: Staraptor|Staraptor, L50, M|100/100
|-ability|p2b: Staraptor|Intimidate|boost
|-unboost|p1a: sMASH|atk|1
|-unboost|p1b: Froslass|atk|1
|turn|2
|
|t:|1783257230
|detailschange|p2b: Staraptor|Staraptor-Mega, L50, M
|-mega|p2b: Staraptor|Staraptor|Staraptite
|move|p2b: Staraptor|Protect|p2b: Staraptor
|-singleturn|p2b: Staraptor|Protect
|move|p1b: Froslass|Blizzard|p2b: Staraptor|[spread] p2a
|-activate|p2b: Staraptor|move: Protect
|-damage|p2a: Archaludon|60/100
|-ability|p2a: Archaludon|Stamina|boost
|-boost|p2a: Archaludon|def|1
|move|p2a: Archaludon|Flash Cannon|p1a: sMASH
|-supereffective|p1a: sMASH|1
|-damage|p1a: sMASH|7/100
|move|p1a: sMASH|Ice Hammer|p2b: Staraptor
|-activate|p2b: Staraptor|move: Protect
|
|-weather|Snowscape|[upkeep]
|upkeep
|turn|3
|
|t:|1783257263
|switch|p2b: Vaporeon|Vaporeon, L50, M|100/100
|move|p1a: sMASH|Wide Guard|p1a: sMASH
|-singleturn|p1a: sMASH|Wide Guard
|move|p1b: Froslass|Blizzard|p2b: Vaporeon|[spread] p2a,p2b
|-resisted|p2b: Vaporeon|1
|-damage|p2a: Archaludon|23/100
|-damage|p2b: Vaporeon|87/100
|-ability|p2a: Archaludon|Stamina|boost
|-boost|p2a: Archaludon|def|1
|move|p2a: Archaludon|Flash Cannon|p1a: sMASH
|-supereffective|p1a: sMASH|1
|-damage|p1a: sMASH|0 fnt
|faint|p1a: sMASH
|
|-weather|Snowscape|[upkeep]
|-heal|p2b: Vaporeon|93/100|[from] item: Leftovers
|upkeep
|
|t:|1783257285
|switch|p1a: Bashed Potats|Metagross, L50|100/100
|turn|4
|
|t:|1783257295
|move|p1b: Froslass|Blizzard|p2b: Vaporeon|[spread] p2a,p2b
|-resisted|p2b: Vaporeon|1
|-damage|p2a: Archaludon|0 fnt
|-damage|p2b: Vaporeon|81/100
|faint|p2a: Archaludon
|move|p1a: Bashed Potats|Thunder Punch|p2b: Vaporeon
|-supereffective|p2b: Vaporeon|1
|-damage|p2b: Vaporeon|38/100
|move|p2b: Vaporeon|Scald|p1a: Bashed Potats
|-damage|p1a: Bashed Potats|75/100
|
|-weather|Snowscape|[upkeep]
|-heal|p2b: Vaporeon|44/100|[from] item: Leftovers
|upkeep
|
|t:|1783257307
|switch|p2a: Staraptor|Staraptor-Mega, L50, M|100/100
|turn|5
|
|t:|1783257364
|move|p2a: Staraptor|Protect|p2a: Staraptor
|-singleturn|p2a: Staraptor|Protect
|move|p2b: Vaporeon|Protect|p2b: Vaporeon
|-singleturn|p2b: Vaporeon|Protect
|move|p1b: Froslass|Blizzard|p2b: Vaporeon|[spread] 
|-activate|p2a: Staraptor|move: Protect
|-activate|p2b: Vaporeon|move: Protect
|move|p1a: Bashed Potats|Thunder Punch|p2a: Staraptor
|-activate|p2a: Staraptor|move: Protect
|
|-weather|none
|-heal|p2b: Vaporeon|50/100g|[from] item: Leftovers
|-sideend|p1: Yishop|move: Aurora Veil
|upkeep
|turn|6
|
|t:|1783257405
|move|p1b: Froslass|Blizzard|p2b: Vaporeon|[spread] p2a,p2b
|-supereffective|p2a: Staraptor|1
|-resisted|p2b: Vaporeon|1
|-damage|p2a: Staraptor|21/100
|-damage|p2b: Vaporeon|38/100
|move|p2a: Staraptor|Brave Bird|p1a: Bashed Potats
|-resisted|p1a: Bashed Potats|1
|-damage|p1a: Bashed Potats|42/100
|-damage|p2a: Staraptor|10/100|[from] Recoil
|move|p1a: Bashed Potats|Thunder Punch|p2b: Vaporeon
|-supereffective|p2b: Vaporeon|1
|-damage|p2b: Vaporeon|0 fnt
|faint|p2b: Vaporeon
|
|upkeep
|turn|7
|
|t:|1783257431
|move|p2a: Staraptor|Protect|p2a: Staraptor
|-singleturn|p2a: Staraptor|Protect
|move|p1a: Bashed Potats|Bullet Punch|p2a: Staraptor
|-activate|p2a: Staraptor|move: Protect
|move|p1b: Froslass|Blizzard|p2a: Staraptor
|-activate|p2a: Staraptor|move: Protect
|
|upkeep
|turn|8
|
|t:|1783257441
|move|p2a: Staraptor|Protect||[still]
|-fail|p2a: Staraptor
|move|p1a: Bashed Potats|Bullet Punch|p2a: Staraptor
|-damage|p2a: Staraptor|0 fnt
|faint|p2a: Staraptor
|
|win|Yishop
|l| Riri 82
|l|☆Yishop
|player|p1|
