|j|☆RuruViGiCi
|j|☆HADES055
|html|RuruViGiCiHADES055    
|uhtml|bestof|Game 2 of a best-of-3
|t:|1783018971
|gametype|doubles
|player|p1|RuruViGiCi|nate|
|player|p2|HADES055|pokemaniac|
|gen|9
|tier|[Gen 9 Champions] VGC 2026 Reg M-B (Bo3)
|rule|Species Clause: Limit one of each Pokémon
|rule|Item Clause: Limit 1 of each item
|clearpoke
|poke|p1|Blaziken, L50, M|
|poke|p1|Milotic, L50, F|
|poke|p1|Sinistcha, L50|
|poke|p1|Sylveon, L50, F|
|poke|p1|Metagross, L50|
|poke|p1|Hydreigon, L50, M|
|poke|p2|Meowstic, L50, M|
|poke|p2|Overqwil, L50, M|
|poke|p2|Delphox, L50, M|
|poke|p2|Sableye, L50, F|
|poke|p2|Klefki, L50, M|
|poke|p2|Sneasler, L50, M|
|teampreview|4
|showteam|p1|Blaziken||Blazikenite|SpeedBoost|FlareBlitz,CloseCombat,RockSlide,Detect|Adamant||M|||50|]Milotic||Leftovers|Competitive|MuddyWater,Coil,Hypnosis,Recover|Calm||F|||50|]Sinistcha||SitrusBerry|Hospitality|MatchaGotcha,RagePowder,TrickRoom,ShadowBall|Bold|||||50|]Sylveon||FairyFeather|Pixilate|HyperVoice,HyperBeam,QuickAttack,Detect|Modest||F|||50|]Metagross||Metagrossite|ClearBody|IronHead,PsychicFangs,StompingTantrum,Protect|Jolly|||||50|]Hydreigon||ChoiceScarf|Levitate|DarkPulse,EarthPower,Snarl,DracoMeteor|Modest||M|||50|
|showteam|p2|Meowstic||BrightPowder|Prankster|Yawn,SkillSwap,SunnyDay,FakeOut|Impish||M|||50|]Overqwil||Leftovers|Intimidate|BarbBarrage,Stockpile,Minimize,Protect|Careful||M|||50|]Delphox||Delphoxite|Blaze|HeatWave,StoredPower,PsychUp,Protect|Timid||M|||50|]Sableye||Sablenite|Prankster|FoulPlay,DarkPulse,PainSplit,PsychUp|Sassy||F|||50|]Klefki||SitrusBerry|Prankster|DrainingKiss,CalmMind,Substitute,PsychUp|Bold||M|||50|]Sneasler||FocusSash|PoisonTouch|PoisonJab,CloseCombat,QuickGuard,FakeOut|Jolly||M|||50|
|c|☆RuruViGiCi|g2
|c|☆RuruViGiCi|do we start timer now?
|inactive|Battle timer is ON: inactive players will automatically lose when time's up. (requested by HADES055)
|c|☆HADES055|thanks my b
|c|☆RuruViGiCi|no worries
|inactive|RuruViGiCi has 60 seconds left.
|inactive|HADES055 has 60 seconds left.
|inactive|RuruViGiCi has 30 seconds left.
|inactive|HADES055 has 30 seconds left.
|inactive|RuruViGiCi has 20 seconds left.
|inactive|RuruViGiCi has 15 seconds left.
|inactive|RuruViGiCi has 10 seconds left.
|inactive|RuruViGiCi has 5 seconds left.
|
|t:|1783019087
|teamsize|p1|4
|teamsize|p2|4
|start
|switch|p1a: Hydreigon|Hydreigon, L50, M|100/100
|switch|p1b: Milotic|Milotic, L50, F|100/100
|switch|p2a: Meowstic|Meowstic, L50, M|100/100
|switch|p2b: Sneasler|Sneasler, L50, M|100/100
|turn|1
|inactive|RuruViGiCi has 30 seconds left.
|
|t:|1783019118
|switch|p1a: Sinistcha|Sinistcha, L50|100/100
|move|p2a: Meowstic|Fake Out|p1a: Sinistcha
|-immune|p1a: Sinistcha
|move|p2b: Sneasler|Poison Jab|p1b: Milotic
|-damage|p1b: Milotic|64/100
|move|p1b: Milotic|Coil|p1b: Milotic
|-boost|p1b: Milotic|atk|1
|-boost|p1b: Milotic|def|1
|-boost|p1b: Milotic|accuracy|1
|
|-heal|p1b: Milotic|70/100|[from] item: Leftovers
|upkeep
|turn|2
|inactive|RuruViGiCi has 30 seconds left.
|
|t:|1783019149
|move|p2a: Meowstic|Sunny Day|p2a: Meowstic
|-weather|SunnyDay
|move|p2b: Sneasler|Poison Jab|p1a: Sinistcha
|-damage|p1a: Sinistcha|69/100
|move|p1b: Milotic|Muddy Water|p2a: Meowstic|[spread] p2a,p2b
|-damage|p2a: Meowstic|88/100
|-damage|p2b: Sneasler|83/100
|-unboost|p2a: Meowstic|accuracy|1
|move|p1a: Sinistcha|Shadow Ball|p2a: Meowstic
|-supereffective|p2a: Meowstic|1
|-damage|p2a: Meowstic|14/100
|
|-weather|SunnyDay|[upkeep]
|-heal|p1b: Milotic|76/100|[from] item: Leftovers
|upkeep
|turn|3
|
|t:|1783019172
|switch|p2b: Overqwil|Overqwil, L50, M|100/100
|-ability|p2b: Overqwil|Intimidate|boost
|-unboost|p1a: Sinistcha|atk|1
|-unboost|p1b: Milotic|atk|1
|-ability|p1b: Milotic|Competitive|boost
|-boost|p1b: Milotic|spa|2
|move|p2a: Meowstic|Skill Swap|p2b: Overqwil
|-activate|p2a: Meowstic|Skill Swap|||[of] p2b: Overqwil
|-ability|p2a: Meowstic|Intimidate|boost
|-unboost|p1a: Sinistcha|atk|1
|-unboost|p1b: Milotic|atk|1
|-ability|p1b: Milotic|Competitive|boost
|-boost|p1b: Milotic|spa|2
|move|p1b: Milotic|Hypnosis|p2b: Overqwil
|-status|p2b: Overqwil|slp|[from] move: Hypnosis
|move|p1a: Sinistcha|Shadow Ball|p2a: Meowstic
|-supereffective|p2a: Meowstic|1
|-damage|p2a: Meowstic|0 fnt
|faint|p2a: Meowstic
|
|-weather|SunnyDay|[upkeep]
|-heal|p1b: Milotic|82/100|[from] item: Leftovers
|upkeep
|
|t:|1783019180
|switch|p2a: Sneasler|Sneasler, L50, M|83/100
|turn|4
|
|t:|1783019203
|switch|p1a: Hydreigon|Hydreigon, L50, M|100/100
|cant|p2b: Overqwil|slp
|move|p2a: Sneasler|Close Combat|p1a: Hydreigon
|-supereffective|p1a: Hydreigon|1
|-damage|p1a: Hydreigon|0 fnt
|-unboost|p2a: Sneasler|def|1
|-unboost|p2a: Sneasler|spd|1
|faint|p1a: Hydreigon
|move|p1b: Milotic|Muddy Water|p2a: Sneasler|[spread] p2a,p2b
|-damage|p2a: Sneasler|8/100
|-damage|p2b: Overqwil|66/100 slp
|-unboost|p2a: Sneasler|accuracy|1
|
|-weather|SunnyDay|[upkeep]
|-heal|p2b: Overqwil|72/100 slp|[from] item: Leftovers
|-heal|p1b: Milotic|88/100|[from] item: Leftovers
|upkeep
|
|t:|1783019214
|switch|p1a: Blaziken|Blaziken, L50, M|100/100
|turn|5
|
|t:|1783019237
|detailschange|p1a: Blaziken|Blaziken-Mega, L50, M
|-mega|p1a: Blaziken|Blaziken|Blazikenite
|cant|p2b: Overqwil|slp
|move|p2a: Sneasler|Poison Jab|p1b: Milotic|[miss]
|-miss|p2a: Sneasler|p1b: Milotic
|move|p1a: Blaziken|Flare Blitz|p2b: Overqwil
|-damage|p2b: Overqwil|0 fnt
|faint|p2b: Overqwil
|-damage|p1a: Blaziken|70/100|[from] Recoil
|move|p1b: Milotic|Muddy Water|p2a: Sneasler
|-damage|p2a: Sneasler|0 fnt
|faint|p2a: Sneasler
|
|-weather|SunnyDay|[upkeep]
|-heal|p1b: Milotic|94/100|[from] item: Leftovers
|-ability|p1a: Blaziken|Speed Boost|boost
|-boost|p1a: Blaziken|spe|1
|upkeep
|
|t:|1783019245
|switch|p2a: Delphox|Delphox, L50, M|100/100
|turn|6
|
|t:|1783019261
|detailschange|p2a: Delphox|Delphox-Mega, L50, M
|-mega|p2a: Delphox|Delphox|Delphoxite
|move|p1a: Blaziken|Detect|p1a: Blaziken
|-singleturn|p1a: Blaziken|Protect
|move|p2a: Delphox|Heat Wave|p1a: Blaziken|[spread] p1b
|-activate|p1a: Blaziken|move: Protect
|-resisted|p1b: Milotic|1
|-damage|p1b: Milotic|77/100
|move|p1b: Milotic|Muddy Water|p2a: Delphox
|-supereffective|p2a: Delphox|1
|-damage|p2a: Delphox|14/100
|
|-weather|none
|-heal|p1b: Milotic|83/100|[from] item: Leftovers
|-ability|p1a: Blaziken|Speed Boost|boost
|-boost|p1a: Blaziken|spe|1
|upkeep
|turn|7
|
|t:|1783019274
|move|p1a: Blaziken|Flare Blitz|p2a: Delphox
|-resisted|p2a: Delphox|1
|-damage|p2a: Delphox|0 fnt
|faint|p2a: Delphox
|-damage|p1a: Blaziken|65/100|[from] Recoil
|
|win|RuruViGiCi
|c|☆HADES055|ggs
|c|☆RuruViGiCi|GGs!
|c|☆HADES055|only pokemon i didnt wanna see today was milo
|c|☆RuruViGiCi|yeah you dont have much for it
|c|☆RuruViGiCi|but God I was scared of your team
