|j|☆MarillRag1
|j|☆MetaknightXIII
|html|MarillRag1MetaknightXIII    
|uhtml|bestof|Game 2 of a best-of-3
|t:|1785646917
|gametype|doubles
|player|p1|MarillRag1|169|1326
|player|p2|MetaknightXIII|veteran|1302
|gen|9
|tier|[Gen 9 Champions] VGC 2026 Reg M-B (Bo3)
|rated|
|rule|Species Clause: Limit one of each Pokémon
|rule|Item Clause: Limit 1 of each item
|clearpoke
|poke|p1|Charizard, L50, F|
|poke|p1|Kingambit, L50, M|
|poke|p1|Whimsicott, L50, M|
|poke|p1|Ninetales-Alola, L50, F|
|poke|p1|Kommo-o, L50, F|
|poke|p1|Glimmora, L50, F|
|poke|p2|Staraptor, L50, M|
|poke|p2|Delphox, L50, M, shiny|
|poke|p2|Glimmora, L50, M|
|poke|p2|Mamoswine, L50, F|
|poke|p2|Kingambit, L50, F|
|poke|p2|Whimsicott, L50, M|
|teampreview|4
|showteam|p1|Charizard||CharizarditeY|Blaze|Protect,HeatWave,SolarBeam,WeatherBall|Modest||F|||50|]Kingambit||BlackGlasses|Defiant|Protect,KowtowCleave,IronHead,SuckerPunch|Adamant||M|||50|]Whimsicott||FocusSash|Prankster|Protect,Moonblast,Tailwind,Encore|Timid||M|||50|]Ninetales-Alola||NeverMeltIce|SnowWarning|Protect,Blizzard,Disable,FreezeDry|Timid||F|||50|]Kommo-o||LifeOrb|Overcoat|Protect,AuraSphere,ClangingScales,VacuumWave|Modest||F|||50|]Glimmora||Glimmoranite|ToxicDebris|SpikyShield,SludgeBomb,PowerGem,EarthPower|Modest||F|||50|
|showteam|p2|Staraptor||Staraptite|Intimidate|CloseCombat,DualWingbeat,Roost,Protect|Jolly||M|||50|]Delphox||Delphoxite|Blaze|HeatWave,Psychic,Encore,Protect|Modest||M|||50|]Glimmora||FocusSash|ToxicDebris|PowerGem,SludgeBomb,EarthPower,SpikyShield|Timid||M|||50|]Mamoswine||LifeOrb|Oblivious|IceShard,HighHorsepower,Earthquake,Protect|Jolly||F|||50|]Kingambit||ChopleBerry|Defiant|KowtowCleave,SuckerPunch,IronHead,LowKick|Adamant||F|||50|]Whimsicott||OccaBerry|Prankster|Moonblast,Tailwind,Charm,LightScreen|Timid||M|||50|
|
|t:|1785646938
|teamsize|p1|4
|teamsize|p2|4
|start
|switch|p1a: Charizard|Charizard, L50, F|100/100
|switch|p1b: Kingambit|Kingambit, L50, M|100/100
|switch|p2a: Delphox|Delphox, L50, M, shiny|100/100
|switch|p2b: Whimsicott|Whimsicott, L50, M|100/100
|turn|1
|
|t:|1785646961
|switch|p2a: Glimmora|Glimmora, L50, M|100/100
|detailschange|p1a: Charizard|Charizard-Mega-Y, L50, F
|-mega|p1a: Charizard|Charizard|Charizardite Y
|-weather|SunnyDay|[from] ability: Drought|[of] p1a: Charizard
|move|p2b: Whimsicott|Light Screen|p2b: Whimsicott
|-sidestart|p2: MetaknightXIII|move: Light Screen
|move|p1b: Kingambit|Sucker Punch||[still]
|-fail|p1b: Kingambit
|move|p1a: Charizard|Heat Wave|p2a: Glimmora|[spread] p2a,p2b
|-resisted|p2a: Glimmora|1
|-supereffective|p2b: Whimsicott|1
|-enditem|p2b: Whimsicott|Occa Berry|[eat]
|-enditem|p2b: Whimsicott|Occa Berry|[weaken]
|-damage|p2a: Glimmora|72/100
|-damage|p2b: Whimsicott|49/100
|
|-weather|SunnyDay|[upkeep]
|upkeep
|turn|2
|
|t:|1785646989
|move|p1a: Charizard|Protect|p1a: Charizard
|-singleturn|p1a: Charizard|Protect
|move|p2b: Whimsicott|Moonblast|p1b: Kingambit
|-damage|p1b: Kingambit|73/100
|move|p2a: Glimmora|Earth Power|p1b: Kingambit
|-supereffective|p1b: Kingambit|1
|-damage|p1b: Kingambit|15/100
|move|p1b: Kingambit|Iron Head|p2a: Glimmora
|-supereffective|p2a: Glimmora|1
|-damage|p2a: Glimmora|0 fnt
|-activate|p2a: Glimmora|ability: Toxic Debris
|-sidestart|p1: MarillRag1|move: Toxic Spikes
|faint|p2a: Glimmora
|
|-weather|SunnyDay|[upkeep]
|upkeep
|
|t:|1785646999
|switch|p2a: Delphox|Delphox, L50, M, shiny|100/100
|turn|3
|
|t:|1785647031
|switch|p1a: Kommo-o|Kommo-o, L50, F|100/100
|-status|p1a: Kommo-o|psn
|detailschange|p2a: Delphox|Delphox-Mega, L50, M, shiny
|-mega|p2a: Delphox|Delphox|Delphoxite
|move|p1b: Kingambit|Protect|p1b: Kingambit
|-singleturn|p1b: Kingambit|Protect
|move|p2a: Delphox|Encore||[still]
|-fail|p2a: Delphox
|move|p2b: Whimsicott|Moonblast|p1b: Kingambit
|-activate|p1b: Kingambit|move: Protect
|
|-weather|SunnyDay|[upkeep]
|-damage|p1a: Kommo-o|87/100 psn|[from] psn
|upkeep
|turn|4
|
|t:|1785647058
|move|p1a: Kommo-o|Protect|p1a: Kommo-o
|-singleturn|p1a: Kommo-o|Protect
|move|p1b: Kingambit|Sucker Punch|p2b: Whimsicott
|-resisted|p2b: Whimsicott|1
|-damage|p2b: Whimsicott|21/100
|move|p2a: Delphox|Encore|p1b: Kingambit
|-start|p1b: Kingambit|Encore
|move|p2b: Whimsicott|Moonblast|p1a: Kommo-o
|-activate|p1a: Kommo-o|move: Protect
|
|-weather|SunnyDay|[upkeep]
|-damage|p1a: Kommo-o|75/100 psn|[from] psn
|upkeep
|turn|5
|
|t:|1785647079
|move|p1a: Kommo-o|Vacuum Wave|p2b: Whimsicott
|-resisted|p2b: Whimsicott|1
|-damage|p2b: Whimsicott|10/100
|-damage|p1a: Kommo-o|66/100 psn|[from] item: Life Orb
|move|p1b: Kingambit|Sucker Punch|p2b: Whimsicott
|-resisted|p2b: Whimsicott|1
|-damage|p2b: Whimsicott|0 fnt
|faint|p2b: Whimsicott
|move|p2a: Delphox|Heat Wave|p1b: Kingambit|[spread] p1a,p1b
|-resisted|p1a: Kommo-o|1
|-supereffective|p1b: Kingambit|1
|-damage|p1a: Kommo-o|33/100 psn
|-damage|p1b: Kingambit|0 fnt
|faint|p1b: Kingambit
|
|-weather|none
|-damage|p1a: Kommo-o|21/100 psn|[from] psn
|-sideend|p2: MetaknightXIII|move: Light Screen
|upkeep
|
|t:|1785647089
|switch|p2b: Mamoswine|Mamoswine, L50, F|100/100
|switch|p1b: Whimsicott|Whimsicott, L50, M|100/100
|-status|p1b: Whimsicott|psn
|turn|6
|
|t:|1785647110
|move|p2b: Mamoswine|Protect|p2b: Mamoswine
|-singleturn|p2b: Mamoswine|Protect
|move|p1b: Whimsicott|Tailwind|p1b: Whimsicott
|-sidestart|p1: MarillRag1|move: Tailwind
|move|p1a: Kommo-o|Clanging Scales|p2b: Mamoswine|[spread] p2a
|-activate|p2b: Mamoswine|move: Protect
|-damage|p2a: Delphox|49/100
|-unboost|p1a: Kommo-o|def|1
|-damage|p1a: Kommo-o|11/100 psn|[from] item: Life Orb
|move|p2a: Delphox|Heat Wave|p1a: Kommo-o|[spread] p1a,p1b
|-resisted|p1a: Kommo-o|1
|-supereffective|p1b: Whimsicott|1
|-damage|p1a: Kommo-o|0 fnt
|-enditem|p1b: Whimsicott|Focus Sash
|-damage|p1b: Whimsicott|1/100 psn
|faint|p1a: Kommo-o
|
|-damage|p1b: Whimsicott|0 fnt|[from] psn
|faint|p1b: Whimsicott
|upkeep
|
|t:|1785647115
|switch|p1b: Charizard|Charizard-Mega-Y, L50, F|100/100
|-weather|SunnyDay|[from] ability: Drought|[of] p1b: Charizard
|turn|7
|
|t:|1785647135
|move|p2b: Mamoswine|Ice Shard|p1b: Charizard
|-damage|p1b: Charizard|70/100
|-damage|p2b: Mamoswine|90/100|[from] item: Life Orb
|move|p1b: Charizard|Heat Wave|p2a: Delphox|[spread] p2a,p2b
|-resisted|p2a: Delphox|1
|-supereffective|p2b: Mamoswine|1
|-crit|p2b: Mamoswine
|-damage|p2a: Delphox|23/100
|-damage|p2b: Mamoswine|0 fnt
|faint|p2b: Mamoswine
|move|p2a: Delphox|Psychic|p1b: Charizard
|-damage|p1b: Charizard|16/100
|-unboost|p1b: Charizard|spd|1
|
|-weather|SunnyDay|[upkeep]
|upkeep
|turn|8
|
|t:|1785647150
|move|p2a: Delphox|Protect|p2a: Delphox
|-singleturn|p2a: Delphox|Protect
|move|p1b: Charizard|Weather Ball|p2a: Delphox
|-activate|p2a: Delphox|move: Protect
|
|-weather|SunnyDay|[upkeep]
|upkeep
|turn|9
|
|t:|1785647153
|move|p1b: Charizard|Weather Ball|p2a: Delphox
|-resisted|p2a: Delphox|1
|-damage|p2a: Delphox|0 fnt
|faint|p2a: Delphox
|
|win|MarillRag1
|raw|MarillRag1's rating: 1326 → 1345(+19 for winning)
|raw|MetaknightXIII's rating: 1302 → 1283(-19 for losing)
|l|☆MetaknightXIII
|player|p2|
