|j|☆Pupa202
|j|☆zweeta
|html|Pupa202zweeta    
|uhtml|bestof|Game 2 of a best-of-3
|t:|1756600359
|gametype|doubles
|player|p1|Pupa202|2|1000
|player|p2|zweeta|pokekid|1040
|gen|9
|tier|[Gen 9] VGC 2025 Reg H (Bo3)
|rated|
|rule|Species Clause: Limit one of each Pokémon
|rule|Item Clause: Limit 1 of each item
|clearpoke
|poke|p1|Pincurchin, L50, F|
|poke|p1|Conkeldurr, L50, F|
|poke|p1|Raichu, L50, M|
|poke|p1|Armarouge, L50, M|
|poke|p1|Farigiraf, L50, M|
|poke|p1|Noivern, L50, F|
|poke|p2|Gholdengo, L50|
|poke|p2|Ursaluna, L50, F|
|poke|p2|Sinistcha, L50|
|poke|p2|Sneasler, L50, F|
|poke|p2|Dragonite, L50, M|
|poke|p2|Incineroar, L50, F|
|teampreview|4
|showteam|p1|Pincurchin||FocusSash|ElectricSurge|ToxicSpikes,ZingZap,MuddyWater,Protect|||F|||50|,,,,,Water]Conkeldurr||FlameOrb|Guts|DrainPunch,Protect,ThunderPunch,HammerArm|||F|||50|,,,,,Fighting]Raichu||ZapPlate|LightningRod|FakeOut,Nuzzle,VoltSwitch,Protect|||M|||50|,,,,,Ghost]Armarouge||WeaknessPolicy|FlashFire|TrickRoom,LightScreen,ArmorCannon,Protect|||M|||50|,,,,,Grass]Farigiraf||SafetyGoggles|ArmorTail|TrickRoom,Psychic,HelpingHand,Protect|||M|||50|,,,,,Fairy]Noivern||LifeOrb|Frisk|Tailwind,DracoMeteor,Hurricane,Taunt|||F|||50|,,,,,Flying
|showteam|p2|Gholdengo||LifeOrb|GoodasGold|MakeItRain,ShadowBall,NastyPlot,Protect||||||50|,,,,,Water]Ursaluna||FlameOrb|Guts|Facade,HeadlongRush,Earthquake,Protect|||F|||50|,,,,,Ghost]Sinistcha||SitrusBerry|Hospitality|MatchaGotcha,LifeDew,RagePowder,TrickRoom||||||50|,,,,,Dark]Sneasler||FocusSash|PoisonTouch|DireClaw,CloseCombat,Coaching,Protect|||F|||50|,,,,,Flying]Dragonite||LoadedDice|Multiscale|ScaleShot,Haze,Tailwind,Protect|||M|||50|,,,,,Fairy]Incineroar||SafetyGoggles|Intimidate|FakeOut,FlareBlitz,KnockOff,PartingShot|||F|||50|,,,,,Ghost
|inactive|Battle timer is ON: inactive players will automatically lose when time's up. (requested by zweeta)
|inactive|zweeta has 60 seconds left.
|
|t:|1756600396
|teamsize|p1|4
|teamsize|p2|4
|start
|switch|p1a: Pincurchin|Pincurchin, L50, F|100/100
|switch|p1b: Raichu|Raichu, L50, M|100/100
|switch|p2a: Gholdengo|Gholdengo, L50, shiny|100/100
|switch|p2b: Incineroar|Incineroar, L50, F|100/100
|-ability|p2b: Incineroar|Intimidate|boost
|-unboost|p1a: Pincurchin|atk|1
|-unboost|p1b: Raichu|atk|1
|-fieldstart|move: Electric Terrain|[from] ability: Electric Surge|[of] p1a: Pincurchin
|turn|1
|inactive|Pupa202 has 30 seconds left.
|inactive|Pupa202 has 20 seconds left.
|
|t:|1756600431
|-terastallize|p2a: Gholdengo|Water
|move|p1b: Raichu|Fake Out|p2a: Gholdengo
|-damage|p2a: Gholdengo|94/100
|cant|p2a: Gholdengo|flinch
|move|p2b: Incineroar|Parting Shot|p1b: Raichu
|-unboost|p1b: Raichu|atk|1
|-unboost|p1b: Raichu|spa|1
|
|t:|1756600442
|switch|p2b: Dragonite|Dragonite, L50, M, shiny|100/100|[from] Parting Shot
|move|p1a: Pincurchin|Toxic Spikes|p2b: Dragonite
|-sidestart|p2: zweeta|move: Toxic Spikes
|
|upkeep
|turn|2
|
|t:|1756600464
|switch|p1a: Noivern|Noivern, L50, F|100/100
|-item|p2a: Gholdengo|Life Orb|[from] ability: Frisk|[of] p1a: Noivern
|-item|p2b: Dragonite|Loaded Dice|[from] ability: Frisk|[of] p1a: Noivern
|move|p1b: Raichu|Volt Switch|p2a: Gholdengo
|-supereffective|p2a: Gholdengo
|-damage|p2a: Gholdengo|29/100
|
|t:|1756600474
|switch|p1b: Conkeldurr|Conkeldurr, L50, F|100/100|[from] Volt Switch
|move|p2a: Gholdengo|Nasty Plot|p2a: Gholdengo
|-boost|p2a: Gholdengo|spa|2
|move|p2b: Dragonite|Scale Shot|p1b: Conkeldurr
|-damage|p1b: Conkeldurr|88/100
|-damage|p1b: Conkeldurr|75/100
|-damage|p1b: Conkeldurr|62/100
|-damage|p1b: Conkeldurr|47/100
|-hitcount|p1b: Conkeldurr|4
|-unboost|p2b: Dragonite|def|1
|-boost|p2b: Dragonite|spe|1
|
|-status|p1b: Conkeldurr|brn|[from] item: Flame Orb
|upkeep
|turn|3
|inactive|Pupa202 has 30 seconds left.
|inactive|Pupa202 has 20 seconds left.
|inactive|Pupa202 has 15 seconds left.
|
|t:|1756600516
|move|p2b: Dragonite|Tailwind|p2b: Dragonite
|-sidestart|p2: zweeta|move: Tailwind
|move|p2a: Gholdengo|Make It Rain|p1b: Conkeldurr|[spread] p1a,p1b
|-damage|p1a: Noivern|0 fnt
|-damage|p1b: Conkeldurr|0 fnt
|-unboost|p2a: Gholdengo|spa|1
|faint|p1a: Noivern
|faint|p1b: Conkeldurr
|-damage|p2a: Gholdengo|19/100|[from] item: Life Orb
|
|upkeep
|
|t:|1756600527
|switch|p1a: Pincurchin|Pincurchin, L50, F|100/100
|switch|p1b: Raichu|Raichu, L50, M|100/100
|turn|4
|
|t:|1756600545
|move|p2b: Dragonite|Protect|p2b: Dragonite
|-singleturn|p2b: Dragonite|Protect
|move|p2a: Gholdengo|Protect|p2a: Gholdengo
|-singleturn|p2a: Gholdengo|Protect
|move|p1b: Raichu|Volt Switch|p2a: Gholdengo
|-activate|p2a: Gholdengo|move: Protect
|move|p1a: Pincurchin|Zing Zap|p1b: Raichu
|-activate|p1b: Raichu|ability: Lightning Rod
|-ability|p1b: Raichu|Lightning Rod|boost
|-boost|p1b: Raichu|spa|1
|
|upkeep
|turn|5
|inactive|Pupa202 has 30 seconds left.
|
|t:|1756600578
|move|p2b: Dragonite|Scale Shot|p1a: Pincurchin|[miss]
|-miss|p2b: Dragonite|p1a: Pincurchin
|move|p2a: Gholdengo|Make It Rain|p1a: Pincurchin|[spread] p1a,p1b
|-resisted|p1a: Pincurchin
|-crit|p1a: Pincurchin
|-resisted|p1b: Raichu
|-damage|p1a: Pincurchin|19/100
|-damage|p1b: Raichu|29/100
|-unboost|p2a: Gholdengo|spa|1
|-damage|p2a: Gholdengo|10/100|[from] item: Life Orb
|move|p1b: Raichu|Volt Switch|p2a: Gholdengo
|-supereffective|p2a: Gholdengo
|-damage|p2a: Gholdengo|0 fnt
|faint|p2a: Gholdengo
|move|p1a: Pincurchin|Muddy Water|p2b: Dragonite
|-resisted|p2b: Dragonite
|-damage|p2b: Dragonite|95/100
|
|-fieldend|move: Electric Terrain
|upkeep
|
|t:|1756600582
|switch|p2a: Sneasler|Sneasler, L50, F, shiny|100/100
|-sideend|p2: zweeta|move: Toxic Spikes|[of] p2a: Sneasler
|turn|6
|
|t:|1756600603
|move|p1b: Raichu|Protect|p1b: Raichu
|-singleturn|p1b: Raichu|Protect
|move|p1a: Pincurchin|Protect|p1a: Pincurchin
|-singleturn|p1a: Pincurchin|Protect
|move|p2b: Dragonite|Scale Shot|p1a: Pincurchin
|-activate|p1a: Pincurchin|move: Protect
|move|p2a: Sneasler|Dire Claw|p1b: Raichu
|-activate|p1b: Raichu|move: Protect
|
|-sideend|p2: zweeta|move: Tailwind
|upkeep
|turn|7
|inactive|Pupa202 has 30 seconds left.
|
|t:|1756600629
|move|p2b: Dragonite|Scale Shot|p1a: Pincurchin
|-damage|p1a: Pincurchin|7/100
|-damage|p1a: Pincurchin|0 fnt
|faint|p1a: Pincurchin
|-hitcount|p1: Pincurchin|2
|-unboost|p2b: Dragonite|def|1
|-boost|p2b: Dragonite|spe|1
|move|p2a: Sneasler|Dire Claw|p1b: Raichu
|-damage|p1b: Raichu|0 fnt
|faint|p1b: Raichu
|
|win|zweeta
|raw|Pupa202's rating: 1000 → 1000(+0 for losing)
|raw|zweeta's rating: 1040 → 1070(+30 for winning)
