|j|☆Yamaguu
|j|☆Toed Sage
|html|YamaguuToed Sage    
|uhtml|bestof|Game 2 of a best-of-3
|t:|1785809268
|gametype|doubles
|player|p1|Yamaguu|169|
|player|p2|Toed Sage|veteran-gen4|
|gen|9
|tier|[Gen 9 Champions] VGC 2026 Reg M-B (Bo3)
|rule|Species Clause: Limit one of each Pokémon
|rule|Item Clause: Limit 1 of each item
|clearpoke
|poke|p1|Sceptile, L50, M|
|poke|p1|Noivern, L50, M|
|poke|p1|Tyranitar, L50, F|
|poke|p1|Excadrill, L50, M|
|poke|p1|Incineroar, L50, M|
|poke|p1|Rotom-Wash, L50|
|poke|p2|Blaziken, L50, M|
|poke|p2|Kingambit, L50, F|
|poke|p2|Meowstic, L50, M|
|poke|p2|Basculegion, L50, M|
|poke|p2|Gliscor, L50, F|
|poke|p2|Rotom-Mow, L50|
|teampreview|4
|showteam|p1|Sceptile||Sceptilite|Overgrow|VacuumWave,EnergyBall,DragonPulse,Detect|Modest||M|||50|]Noivern||FocusSash|Telepathy|Tailwind,DarkPulse,AirSlash,Protect|Modest||M|||50|]Tyranitar||ChopleBerry|SandStream|DragonDance,HighHorsepower,KnockOff,Protect|Adamant||F|||50|]Excadrill||Excadrite|SandRush|Earthquake,HighHorsepower,ThroatChop,Protect|Jolly||M|||50|]Incineroar||SitrusBerry|Intimidate|FlareBlitz,DarkestLariat,FakeOut,Roar|Adamant||M|||50|]Rotom-Wash||ChoiceScarf|Levitate|Discharge,HydroPump,WillOWisp,Trick|Timid|||||50|
|showteam|p2|Blaziken||Blazikenite|SpeedBoost|FlareBlitz,CloseCombat,SwordsDance,Detect|Jolly||M|||50|]Kingambit||LifeOrb|Defiant|SuckerPunch,IronHead,LowKick,Protect|Adamant||F|||50|]Meowstic||Meowsticite|Prankster|FakeOut,Reflect,LightScreen,AlluringVoice|Bold||M|||50|]Basculegion||MysticWater|Adaptability|AquaJet,WaveCrash,IceFang,Protect|Adamant||M|||50|]Gliscor||ChoiceScarf|HyperCutter|Earthquake,KnockOff,IceFang,Tailwind|Adamant||F|||50|]Rotom-Mow||SitrusBerry|Levitate|Thunderbolt,LeafStorm,WillOWisp,Protect|Modest|||||50|
|j| Cmholde2
|j| 4Azzy
|j| MikeTitan
|c|☆Yamaguu|gl hf g2
|j| pokemon_and_beer
|j| simple mystery
|
|t:|1785809314
|teamsize|p1|4
|teamsize|p2|4
|start
|switch|p1a: Noivern|Noivern, L50, M|100/100
|switch|p1b: Tyranitar|Tyranitar, L50, F|100/100
|switch|p2a: Meowstic|Meowstic, L50, M|100/100
|switch|p2b: Rotom|Rotom-Mow, L50|100/100
|-weather|Sandstorm|[from] ability: Sand Stream|[of] p1b: Tyranitar
|turn|1
|c|☆Toed Sage|Glhf!
|l| simple mystery
|
|t:|1785809349
|move|p2a: Meowstic|Fake Out|p1b: Tyranitar
|-resisted|p1b: Tyranitar|1
|-damage|p1b: Tyranitar|97/100
|move|p1a: Noivern|Dark Pulse|p2a: Meowstic
|-supereffective|p2a: Meowstic|1
|-damage|p2a: Meowstic|42/100
|cant|p1b: Tyranitar|flinch
|move|p2b: Rotom|Will-O-Wisp|p1b: Tyranitar
|-status|p1b: Tyranitar|brn
|
|-weather|Sandstorm|[upkeep]
|-damage|p1a: Noivern|93/100|[from] Sandstorm
|-damage|p2a: Meowstic|36/100|[from] Sandstorm
|-damage|p2b: Rotom|94/100|[from] Sandstorm
|-damage|p1b: Tyranitar|91/100 brn|[from] brn
|upkeep
|turn|2
|j| Inspector Detector
|
|t:|1785809372
|move|p2a: Meowstic|Light Screen|p2a: Meowstic
|-sidestart|p2: Toed Sage|move: Light Screen
|move|p1a: Noivern|Air Slash|p2b: Rotom
|-damage|p2b: Rotom|68/100
|move|p1b: Tyranitar|Dragon Dance|p1b: Tyranitar
|-boost|p1b: Tyranitar|atk|1
|-boost|p1b: Tyranitar|spe|1
|cant|p2b: Rotom|flinch
|
|-weather|Sandstorm|[upkeep]
|-damage|p1a: Noivern|87/100|[from] Sandstorm
|-damage|p2a: Meowstic|30/100|[from] Sandstorm
|-damage|p2b: Rotom|62/100|[from] Sandstorm
|-damage|p1b: Tyranitar|85/100 brn|[from] brn
|upkeep
|turn|3
|j| simple mystery
|
|t:|1785809410
|move|p1a: Noivern|Air Slash|p2b: Rotom|[miss]
|-miss|p1a: Noivern|p2b: Rotom
|move|p1b: Tyranitar|Dragon Dance|p1b: Tyranitar
|-boost|p1b: Tyranitar|atk|1
|-boost|p1b: Tyranitar|spe|1
|move|p2a: Meowstic|Alluring Voice|p1a: Noivern
|-supereffective|p1a: Noivern|1
|-damage|p1a: Noivern|46/100
|move|p2b: Rotom|Thunderbolt|p1a: Noivern
|-damage|p1a: Noivern|0 fnt
|faint|p1a: Noivern
|
|-weather|Sandstorm|[upkeep]
|-damage|p2a: Meowstic|24/100|[from] Sandstorm
|-damage|p2b: Rotom|56/100|[from] Sandstorm
|-damage|p1b: Tyranitar|79/100 brn|[from] brn
|upkeep
|
|t:|1785809440
|switch|p1a: Excadrill|Excadrill, L50, M|100/100
|turn|4
|
|t:|1785809456
|detailschange|p1a: Excadrill|Excadrill-Mega, L50, M
|-mega|p1a: Excadrill|Excadrill|Excadrite
|move|p2a: Meowstic|Reflect|p2a: Meowstic
|-sidestart|p2: Toed Sage|Reflect
|move|p1b: Tyranitar|Knock Off|p2b: Rotom
|-damage|p2b: Rotom|17/100
|-enditem|p2b: Rotom|Sitrus Berry|[from] move: Knock Off|[of] p1b: Tyranitar
|move|p1a: Excadrill|High Horsepower|p2a: Meowstic
|-damage|p2a: Meowstic|0 fnt
|faint|p2a: Meowstic
|move|p2b: Rotom|Will-O-Wisp|p1a: Excadrill
|-status|p1a: Excadrill|brn
|
|-weather|Sandstorm|[upkeep]
|-damage|p2b: Rotom|12/100|[from] Sandstorm
|-damage|p1b: Tyranitar|72/100 brn|[from] brn
|-damage|p1a: Excadrill|94/100 brn|[from] brn
|upkeep
|
|t:|1785809480
|switch|p2a: Kingambit|Kingambit, L50, F|100/100
|turn|5
|
|t:|1785809509
|move|p1b: Tyranitar|High Horsepower|p2a: Kingambit
|-supereffective|p2a: Kingambit|1
|-damage|p2a: Kingambit|62/100
|move|p1a: Excadrill|High Horsepower|p2a: Kingambit
|-supereffective|p2a: Kingambit|1
|-damage|p2a: Kingambit|35/100
|move|p2b: Rotom|Leaf Storm|p1a: Excadrill
|-damage|p1a: Excadrill|8/100 brn
|-unboost|p2b: Rotom|spa|2
|move|p2a: Kingambit|Low Kick|p1a: Excadrill
|-supereffective|p1a: Excadrill|1
|-crit|p1a: Excadrill
|-damage|p1a: Excadrill|0 fnt
|faint|p1a: Excadrill
|-damage|p2a: Kingambit|26/100|[from] item: Life Orb
|
|-weather|none
|-damage|p1b: Tyranitar|66/100 brn|[from] brn
|upkeep
|
|t:|1785809526
|switch|p1a: Rotom|Rotom-Wash, L50|100/100
|turn|6
|
|t:|1785809547
|move|p2a: Kingambit|Sucker Punch|p1a: Rotom
|-damage|p1a: Rotom|39/100
|-damage|p2a: Kingambit|16/100|[from] item: Life Orb
|move|p1b: Tyranitar|High Horsepower|p2a: Kingambit
|-supereffective|p2a: Kingambit|1
|-damage|p2a: Kingambit|0 fnt
|faint|p2a: Kingambit
|move|p1a: Rotom|Hydro Pump|p2b: Rotom
|-resisted|p2b: Rotom|1
|-crit|p2b: Rotom
|-damage|p2b: Rotom|0 fnt
|faint|p2b: Rotom
|
|-damage|p1b: Tyranitar|60/100 brn|[from] brn
|-sideend|p2: Toed Sage|move: Light Screen
|upkeep
|l| Inspector Detector
|
|t:|1785809559
|switch|p2b: Basculegion|Basculegion, L50, M|100/100
|turn|7
|
|t:|1785809571
|move|p1b: Tyranitar|Protect|p1b: Tyranitar
|-singleturn|p1b: Tyranitar|Protect
|move|p1a: Rotom|Hydro Pump|p2b: Basculegion|[miss]
|-miss|p1a: Rotom|p2b: Basculegion
|move|p2b: Basculegion|Wave Crash|p1b: Tyranitar
|-activate|p1b: Tyranitar|move: Protect
|
|-damage|p1b: Tyranitar|54/100 brn|[from] brn
|upkeep
|turn|8
|j| Inspector Detector
|
|t:|1785809583
|move|p1b: Tyranitar|Knock Off|p2b: Basculegion
|-supereffective|p2b: Basculegion|1
|-damage|p2b: Basculegion|20/100y
|-enditem|p2b: Basculegion|Mystic Water|[from] move: Knock Off|[of] p1b: Tyranitar
|move|p1a: Rotom|Hydro Pump|p2b: Basculegion
|-resisted|p2b: Basculegion|1
|-damage|p2b: Basculegion|0 fnt
|faint|p2b: Basculegion
|
|win|Yamaguu
|l| simple mystery
|l| MikeTitan
|c|☆Toed Sage|Ggwp!
|l| Cmholde2
|c|☆Yamaguu|whew. ggs! Thought basc had me for sure
|l|☆Toed Sage
|player|p2|
