|j|☆TwistedGengar
|j|☆babytronfan420
|html|TwistedGengarbabytronfan420    
|uhtml|bestof|Game 1 of a best-of-3
|t:|1757786329
|gametype|doubles
|player|p1|TwistedGengar|170|1217
|player|p2|babytronfan420|2|1211
|gen|9
|tier|[Gen 9] VGC 2025 Reg H (Bo3)
|rated|
|rule|Species Clause: Limit one of each Pokémon
|rule|Item Clause: Limit 1 of each item
|clearpoke
|poke|p1|Sinistcha, L50|
|poke|p1|Kingambit, L50, F|
|poke|p1|Garchomp, L50, F|
|poke|p1|Primarina, L50, F|
|poke|p1|Volcarona, L50, M|
|poke|p1|Hariyama, L50, M|
|poke|p2|Indeedee, L50, M|
|poke|p2|Espathra, L50, M|
|poke|p2|Sneasler, L50, F|
|poke|p2|Murkrow, L50, M|
|poke|p2|Typhlosion-Hisui, L50, F|
|poke|p2|Archaludon, L50, F|
|teampreview|4
|showteam|p1|Sinistcha||MentalHerb|Heatproof|MatchaGotcha,CalmMind,StrengthSap,TrickRoom||||||50|,,,,,Dark]Kingambit||SafetyGoggles|Defiant|KowtowCleave,IronHead,SuckerPunch,SwordsDance|||F|||50|,,,,,Ghost]Garchomp||LoadedDice|RoughSkin|StompingTantrum,ScaleShot,SwordsDance,Protect|||F|||50|,,,,,Steel]Primarina||ChoiceSpecs|LiquidVoice|HyperVoice,Moonblast,DazzlingGleam,HydroCannon|||F|||50|,,,,,Grass]Volcarona||CovertCloak|FlameBody|StruggleBug,Flamethrower,RagePowder,Tailwind|||M|||50|,,,,,Water]Hariyama||AssaultVest|ThickFat|CloseCombat,KnockOff,HeavySlam,FakeOut|||M|||50|,,,,,Psychic
|showteam|p2|Indeedee||FocusSash|PsychicSurge|ExpandingForce,Imprison,TrickRoom,TeraBlast|||M|||50|,,,,,Fighting]Espathra||LifeOrb|SpeedBoost|Protect,ExpandingForce,LuminaCrash,DazzlingGleam|||M|||50|,,,,,Fairy]Sneasler||PsychicSeed|Unburden|Protect,DireClaw,CloseCombat,ThroatChop|||F|||50|,,,,,Dark]Murkrow||Eviolite|Prankster|Tailwind,Haze,SunnyDay,FoulPlay|||M|||50|,,,,,Ghost]Typhlosion-Hisui||ChoiceScarf|Blaze|HeatWave,Eruption,SleepTalk,ShadowBall|||F|||50|,,,,,Fire]Archaludon||PowerHerb|Sturdy|Protect,ElectroShot,Thunderbolt,DragonPulse|||F|||50|,,,,,Electric
|inactive|Battle timer is ON: inactive players will automatically lose when time's up. (requested by babytronfan420)
|inactive|TwistedGengar has 60 seconds left.
|inactive|babytronfan420 has 60 seconds left.
|inactive|TwistedGengar has 30 seconds left.
|
|t:|1757786398
|teamsize|p1|4
|teamsize|p2|4
|start
|switch|p1a: Sinistcha|Sinistcha, L50|100/100
|switch|p1b: Garchomp|Garchomp, L50, F|100/100
|switch|p2a: Grape Juice|Indeedee, L50, M, shiny|100/100
|switch|p2b: Gaga|Espathra, L50, M, shiny|100/100
|-fieldstart|move: Psychic Terrain|[from] ability: Psychic Surge|[of] p2a: Grape Juice
|turn|1
|inactive|TwistedGengar has 30 seconds left.
|
|t:|1757786427
|-terastallize|p1a: Sinistcha|Dark
|move|p2b: Gaga|Protect|p2b: Gaga
|-singleturn|p2b: Gaga|Protect
|move|p1b: Garchomp|Scale Shot|p2a: Grape Juice
|-damage|p2a: Grape Juice|72/100
|-damage|p2a: Grape Juice|42/100
|-damage|p2a: Grape Juice|15/100
|-damage|p2a: Grape Juice|0 fnt
|faint|p2a: Grape Juice
|-hitcount|p2: Grape Juice|4
|-unboost|p1b: Garchomp|def|1
|-boost|p1b: Garchomp|spe|1
|move|p1a: Sinistcha|Trick Room|p1a: Sinistcha
|-fieldstart|move: Trick Room|[of] p1a: Sinistcha
|
|-ability|p2b: Gaga|Speed Boost|boost
|-boost|p2b: Gaga|spe|1
|upkeep
|
|t:|1757786442
|switch|p2a: Charge Em Up!|Archaludon, L50, F, shiny|100/100
|turn|2
|inactive|TwistedGengar has 30 seconds left.
|inactive|TwistedGengar has 20 seconds left.
|inactive|TwistedGengar has 15 seconds left.
|
|t:|1757786482
|move|p1a: Sinistcha|Matcha Gotcha|p2a: Charge Em Up!|[spread] p2a,p2b
|-resisted|p2a: Charge Em Up!
|-damage|p2a: Charge Em Up!|91/100
|-damage|p2b: Gaga|61/100
|move|p2a: Charge Em Up!|Dragon Pulse|p1b: Garchomp
|-supereffective|p1b: Garchomp
|-damage|p1b: Garchomp|13/100
|move|p2b: Gaga|Dazzling Gleam|p1a: Sinistcha|[spread] p1a,p1b
|-supereffective|p1a: Sinistcha
|-supereffective|p1b: Garchomp
|-damage|p1a: Sinistcha|54/100
|-damage|p1b: Garchomp|0 fnt
|faint|p1b: Garchomp
|-damage|p2b: Gaga|52/100|[from] item: Life Orb
|
|-ability|p2b: Gaga|Speed Boost|boost
|-boost|p2b: Gaga|spe|1
|upkeep
|
|t:|1757786494
|switch|p1b: Primarina|Primarina, L50, F|100/100
|turn|3
|
|t:|1757786515
|move|p2a: Charge Em Up!|Protect|p2a: Charge Em Up!
|-singleturn|p2a: Charge Em Up!|Protect
|move|p1b: Primarina|Moonblast|p2a: Charge Em Up!
|-activate|p2a: Charge Em Up!|move: Protect
|move|p1a: Sinistcha|Calm Mind|p1a: Sinistcha
|-boost|p1a: Sinistcha|spa|1
|-boost|p1a: Sinistcha|spd|1
|move|p2b: Gaga|Dazzling Gleam|p1a: Sinistcha|[spread] p1a,p1b
|-supereffective|p1a: Sinistcha
|-damage|p1a: Sinistcha|25/100
|-damage|p1b: Primarina|80/100
|-damage|p2b: Gaga|43/100|[from] item: Life Orb
|
|-ability|p2b: Gaga|Speed Boost|boost
|-boost|p2b: Gaga|spe|1
|upkeep
|turn|4
|
|t:|1757786540
|move|p1b: Primarina|Moonblast|p2a: Charge Em Up!
|-damage|p2a: Charge Em Up!|0 fnt
|faint|p2a: Charge Em Up!
|move|p1a: Sinistcha|Matcha Gotcha|p2b: Gaga
|-damage|p2b: Gaga|0 fnt
|-heal|p1a: Sinistcha|45/100|[from] drain|[of] p2b: Gaga
|faint|p2b: Gaga
|
|upkeep
|
|t:|1757786544
|switch|p2b: Dire Ends|Sneasler, L50, F, shiny|100/100
|-enditem|p2b: Dire Ends|Psychic Seed
|-boost|p2b: Dire Ends|spd|1|[from] item: Psychic Seed
|turn|5
|
|t:|1757786555
|move|p2b: Dire Ends|Protect|p2b: Dire Ends
|-singleturn|p2b: Dire Ends|Protect
|move|p1b: Primarina|Moonblast|p2b: Dire Ends
|-activate|p2b: Dire Ends|move: Protect
|move|p1a: Sinistcha|Strength Sap|p1b: Primarina
|-unboost|p1b: Primarina|atk|1
|-heal|p1a: Sinistcha|85/100
|
|-fieldend|move: Trick Room
|-fieldend|move: Psychic Terrain
|upkeep
|turn|6
|
|t:|1757786568
|move|p2b: Dire Ends|Dire Claw|p1b: Primarina
|-supereffective|p1b: Primarina
|-damage|p1b: Primarina|0 fnt
|faint|p1b: Primarina
|move|p1a: Sinistcha|Trick Room|p1a: Sinistcha
|-fieldstart|move: Trick Room|[of] p1a: Sinistcha
|
|upkeep
|
|t:|1757786571
|switch|p1b: Hariyama|Hariyama, L50, M|100/100
|turn|7
|
|t:|1757786577
|move|p2b: Dire Ends|Protect|p2b: Dire Ends
|-singleturn|p2b: Dire Ends|Protect
|move|p1b: Hariyama|Heavy Slam|p2b: Dire Ends
|-activate|p2b: Dire Ends|move: Protect
|move|p1a: Sinistcha|Matcha Gotcha|p2b: Dire Ends
|-activate|p2b: Dire Ends|move: Protect
|
|upkeep
|turn|8
|
|t:|1757786590
|move|p1b: Hariyama|Heavy Slam|p2b: Dire Ends
|-damage|p2b: Dire Ends|32/100
|move|p1a: Sinistcha|Matcha Gotcha|p2b: Dire Ends
|-resisted|p2b: Dire Ends
|-damage|p2b: Dire Ends|8/100
|-heal|p1a: Sinistcha|95/100|[from] drain|[of] p2b: Dire Ends
|move|p2b: Dire Ends|Dire Claw|p1b: Hariyama
|-damage|p1b: Hariyama|54/100
|-status|p1b: Hariyama|par
|
|upkeep
|turn|9
|inactive|TwistedGengar has 30 seconds left.
|
|t:|1757786621
|move|p1b: Hariyama|Knock Off|p2b: Dire Ends
|-resisted|p2b: Dire Ends
|-damage|p2b: Dire Ends|0 fnt
|faint|p2b: Dire Ends
|
|win|TwistedGengar
||babytronfan420 is ready for game 2.
||TwistedGengar is ready for game 2.
|uhtml|next|Next: Game 2 of 3
