|j|☆pantalonesHat
|j|☆redpandavgclol
|html|pantalonesHatredpandavgclol    
|uhtml|bestof|Game 3 of a best-of-3
|t:|1757737742
|gametype|doubles
|player|p1|pantalonesHat|swimmer-gen4dp|1025
|player|p2|redpandavgclol|pokemonranger-gen4|1102
|gen|9
|tier|[Gen 9] VGC 2025 Reg H (Bo3)
|rated|
|rule|Species Clause: Limit one of each Pokémon
|rule|Item Clause: Limit 1 of each item
|clearpoke
|poke|p1|Archaludon, L50, F|
|poke|p1|Gholdengo, L50|
|poke|p1|Incineroar, L50, F|
|poke|p1|Overqwil, L50, M|
|poke|p1|Pelipper, L50, M|
|poke|p1|Amoonguss, L50, F|
|poke|p2|Rillaboom, L50, M|
|poke|p2|Archaludon, L50, F|
|poke|p2|Grimmsnarl, L50, M|
|poke|p2|Basculegion, L50, M|
|poke|p2|Politoed, L50, M|
|poke|p2|Incineroar, L50, F|
|teampreview|4
|showteam|p1|Archaludon||AssaultVest|Stamina|BodyPress,DragonPulse,ElectroShot,FlashCannon|||F|||50|,,,,,Grass]Gholdengo||LifeOrb|GoodasGold|MakeItRain,ShadowBall,NastyPlot,Protect||||||50|,,,,,Water]Incineroar||SafetyGoggles|Intimidate|KnockOff,Taunt,PartingShot,FakeOut|||F|||50|,,,,,Fire]Overqwil||ClearAmulet|SwiftSwim|GunkShot,SwordsDance,Liquidation,Protect|||M|||50|,,,,,Water]Pelipper||CovertCloak|Drizzle|WeatherBall,Hurricane,Protect,Tailwind|||M|||50|,,,,,Ground]Amoonguss||MentalHerb|Regenerator|Spore,RagePowder,Protect,ClearSmog|||F|||50|,,,,,Water
|showteam|p2|Rillaboom||AssaultVest|GrassySurge|GrassyGlide,Uturn,FakeOut,WoodHammer|||M|||50|,,,,,Fire]Archaludon||Leftovers|Stamina|ElectroShot,FlashCannon,BodyPress,Protect|||F|||50|,,,,,Fairy]Grimmsnarl||LightClay|Prankster|PartingShot,ThunderWave,LightScreen,Reflect|||M|||50|,,,,,Ghost]Basculegion||LifeOrb|Adaptability|AquaJet,LastRespects,WaveCrash,Protect|||M|||50|,,,,,Water]Politoed||SitrusBerry|Drizzle|Protect,WeatherBall,Haze,HelpingHand|||M|||50|,,,,,Grass]Incineroar||IapapaBerry|Intimidate|FakeOut,KnockOff,Taunt,PartingShot|||F|||50|,,,,,Grass
|inactive|Battle timer is ON: inactive players will automatically lose when time's up. (requested by pantalonesHat)
|
|t:|1757737776
|teamsize|p1|4
|teamsize|p2|4
|start
|switch|p1a: Pelipper|Pelipper, L50, M|100/100
|switch|p1b: Archaludon|Archaludon, L50, F|100/100
|switch|p2a: frog|Grimmsnarl, L50, M, shiny|100/100
|switch|p2b: anguish|Incineroar, L50, F|100/100
|-weather|RainDance|[from] ability: Drizzle|[of] p1a: Pelipper
|-ability|p2b: anguish|Intimidate|boost
|-unboost|p1a: Pelipper|atk|1
|-unboost|p1b: Archaludon|atk|1
|turn|1
|inactive|redpandavgclol has 30 seconds left.
|
|t:|1757737806
|-terastallize|p2b: anguish|Grass
|move|p2a: frog|Light Screen|p2a: frog
|-sidestart|p2: redpandavgclol|move: Light Screen
|move|p1a: Pelipper|Tailwind|p1a: Pelipper
|-sidestart|p1: pantalonesHat|move: Tailwind
|move|p1b: Archaludon|Body Press|p2b: anguish
|-damage|p2b: anguish|82/100
|move|p2b: anguish|Knock Off|p1a: Pelipper
|-damage|p1a: Pelipper|54/100
|-enditem|p1a: Pelipper|Covert Cloak|[from] move: Knock Off|[of] p2b: anguish
|
|-weather|RainDance|[upkeep]
|upkeep
|turn|2
|
|t:|1757737830
|move|p2a: frog|Parting Shot|p1a: Pelipper
|-unboost|p1a: Pelipper|atk|1
|-unboost|p1a: Pelipper|spa|1
|
|t:|1757737834
|switch|p2a: Duppy|Basculegion, L50, M|100/100|[from] Parting Shot
|move|p1a: Pelipper|Hurricane|p2b: anguish
|-supereffective|p2b: anguish
|-damage|p2b: anguish|56/100
|-start|p2b: anguish|confusion
|move|p1b: Archaludon|Electro Shot||[still]
|-prepare|p1b: Archaludon|Electro Shot
|-boost|p1b: Archaludon|spa|1
|-anim|p1b: Archaludon|Electro Shot|p2a: Duppy
|-supereffective|p2a: Duppy
|-damage|p2a: Duppy|25/100
|-activate|p2b: anguish|confusion
|-damage|p2b: anguish|48/100|[from] confusion
|
|-weather|RainDance|[upkeep]
|upkeep
|turn|3
|inactive|pantalonesHat has 30 seconds left.
|
|t:|1757737864
|switch|p1a: Amoonguss|Amoonguss, L50, F, shiny|100/100
|move|p2a: Duppy|Protect|p2a: Duppy
|-singleturn|p2a: Duppy|Protect
|move|p1b: Archaludon|Electro Shot||[still]
|-prepare|p1b: Archaludon|Electro Shot
|-boost|p1b: Archaludon|spa|1
|-anim|p1b: Archaludon|Electro Shot|p2a: Duppy
|-activate|p2a: Duppy|move: Protect
|-activate|p2b: anguish|confusion
|move|p2b: anguish|Parting Shot|p1b: Archaludon
|-unboost|p1b: Archaludon|atk|1
|-unboost|p1b: Archaludon|spa|1
|
|t:|1757737880
|switch|p2b: Tappan Zee|Archaludon, L50, F, shiny|100/100|[from] Parting Shot
|
|-weather|RainDance|[upkeep]
|upkeep
|turn|4
|
|t:|1757737898
|move|p1b: Archaludon|Electro Shot||[still]
|-prepare|p1b: Archaludon|Electro Shot
|-boost|p1b: Archaludon|spa|1
|-anim|p1b: Archaludon|Electro Shot|p2a: Duppy
|-supereffective|p2a: Duppy
|-damage|p2a: Duppy|0 fnt
|faint|p2a: Duppy
|move|p2b: Tappan Zee|Flash Cannon|p1a: Amoonguss
|-damage|p1a: Amoonguss|69/100
|move|p1a: Amoonguss|Spore|p2b: Tappan Zee
|-status|p2b: Tappan Zee|slp|[from] move: Spore
|
|-weather|RainDance|[upkeep]
|-sideend|p1: pantalonesHat|move: Tailwind
|upkeep
|
|t:|1757737903
|switch|p2a: anguish|Incineroar, L50, F, tera:Grass|48/100
|-ability|p2a: anguish|Intimidate|boost
|-unboost|p1a: Amoonguss|atk|1
|-unboost|p1b: Archaludon|atk|1
|turn|5
|-message|redpandavgclol forfeited.
|raw|pantalonesHat's rating: 1025 → 1069(+44 for winning)
|raw|redpandavgclol's rating: 1102 → 1072(-30 for losing)
|
|win|pantalonesHat
|l|☆redpandavgclol
|player|p2|
|l|☆pantalonesHat
|player|p1|
