|j|☆twice2129
|j|☆CrystalGem02
|html|twice2129CrystalGem02    
|uhtml|bestof|Game 2 of a best-of-3
|t:|1755571709
|gametype|doubles
|player|p1|twice2129|#sempra|1261
|player|p2|CrystalGem02|valerie|1313
|gen|9
|tier|[Gen 9] VGC 2025 Reg H (Bo3)
|rated|
|rule|Species Clause: Limit one of each Pokémon
|rule|Item Clause: Limit 1 of each item
|clearpoke
|poke|p1|Incineroar, L50, F|
|poke|p1|Kommo-o, L50, F|
|poke|p1|Electabuzz, L50, F|
|poke|p1|Sinistcha, L50|
|poke|p1|Kingambit, L50, F|
|poke|p1|Sneasler, L50, F|
|poke|p2|Incineroar, L50, F|
|poke|p2|Amoonguss, L50, F|
|poke|p2|Ursaluna-Bloodmoon, L50, M|
|poke|p2|Sneasler, L50, M|
|poke|p2|Gholdengo, L50|
|poke|p2|Dragonite, L50, F|
|teampreview|4
|showteam|p1|Incineroar||AssaultVest|Intimidate|FakeOut,FlareBlitz,KnockOff,Uturn|||F|||50|,,,,,Ghost]Kommo-o||ThroatSpray|Overcoat|ClangingScales,FlashCannon,ClangorousSoul,Protect|||F|||50|,,,,,Steel]Electabuzz||Eviolite|VitalSpirit|Thunderbolt,Taunt,FollowMe,Protect|||F|||50|,,,,,Fairy]Sinistcha||SitrusBerry|Hospitality|MatchaGotcha,StrengthSap,RagePowder,LifeDew||||||50|,,,,,Water]Kingambit||BlackGlasses|Defiant|KowtowCleave,SuckerPunch,SwordsDance,Protect|||F|||50|,,,,,Dark]Sneasler||FocusSash|PoisonTouch|FakeOut,CloseCombat,DireClaw,Protect|||F|||50|,,,,,Ghost
|showteam|p2|Incineroar||SafetyGoggles|Intimidate|FlareBlitz,KnockOff,PartingShot,FakeOut|||F|||50|,,,,,Ghost]Amoonguss||SitrusBerry|Regenerator|Spore,RagePowder,PollenPuff,Protect|||F|||50|,,,,,Psychic]Ursaluna-Bloodmoon||AssaultVest|MindsEye|HyperVoice,BloodMoon,EarthPower,VacuumWave|||M|||50|,,,,,Water]Sneasler||FocusSash|Unburden|CloseCombat,DireClaw,ThroatChop,Protect|||M|||50|,,,,,Stellar]Gholdengo||LifeOrb|GoodasGold|MakeItRain,ShadowBall,NastyPlot,Protect||||||50|,,,,,Water]Dragonite||LoadedDice|Multiscale|ScaleShot,Tailwind,Haze,Protect|||F|||50|,,,,,Fairy
|inactive|Battle timer is ON: inactive players will automatically lose when time's up. (requested by twice2129)
|inactive|CrystalGem02 has 60 seconds left.
|inactive|CrystalGem02 has 30 seconds left.
|inactive|CrystalGem02 has 20 seconds left.
|
|t:|1755571780
|teamsize|p1|4
|teamsize|p2|4
|start
|switch|p1a: Kingambit|Kingambit, L50, F|100/100
|switch|p1b: Sneasler|Sneasler, L50, F|100/100
|switch|p2a: Incineroar|Incineroar, L50, F|100/100
|switch|p2b: Dragonite|Dragonite, L50, F, shiny|100/100
|-ability|p2a: Incineroar|Intimidate|boost
|-unboost|p1a: Kingambit|atk|1
|-ability|p1a: Kingambit|Defiant|boost
|-boost|p1a: Kingambit|atk|2
|-unboost|p1b: Sneasler|atk|1
|turn|1
|
|t:|1755571796
|move|p2a: Incineroar|Fake Out|p1a: Kingambit
|-resisted|p1a: Kingambit
|-damage|p1a: Kingambit|96/100
|move|p1b: Sneasler|Dire Claw|p2b: Dragonite
|-damage|p2b: Dragonite|84/100
|move|p2b: Dragonite|Tailwind|p2b: Dragonite
|-sidestart|p2: CrystalGem02|move: Tailwind
|cant|p1a: Kingambit|flinch
|
|upkeep
|turn|2
|
|t:|1755571811
|move|p2b: Dragonite|Scale Shot|p1b: Sneasler|[miss]
|-miss|p2b: Dragonite|p1b: Sneasler
|move|p1b: Sneasler|Close Combat|p2a: Incineroar
|-supereffective|p2a: Incineroar
|-damage|p2a: Incineroar|31/100
|-unboost|p1b: Sneasler|def|1
|-unboost|p1b: Sneasler|spd|1
|-status|p2a: Incineroar|psn|[from] ability: Poison Touch|[of] p1b: Sneasler
|move|p2a: Incineroar|Flare Blitz|p1a: Kingambit
|-supereffective|p1a: Kingambit
|-damage|p1a: Kingambit|18/100
|-damage|p2a: Incineroar|5/100 psn|[from] Recoil
|move|p1a: Kingambit|Kowtow Cleave|p2b: Dragonite
|-damage|p2b: Dragonite|0 fnt
|faint|p2b: Dragonite
|
|-damage|p2a: Incineroar|0 fnt|[from] psn
|faint|p2a: Incineroar
|upkeep
|
|t:|1755571825
|switch|p2b: Sneasler|Sneasler, L50, M|100/100
|switch|p2a: Ursaluna|Ursaluna-Bloodmoon, L50, M|100/100
|turn|3
|inactive|twice2129 has 30 seconds left.
|inactive|twice2129 has 20 seconds left.
|inactive|twice2129 has 15 seconds left.
|
|t:|1755571870
|switch|p1b: Sinistcha|Sinistcha, L50|100/100
|-heal|p1a: Kingambit|43/100|[from] ability: Hospitality|[of] p1b: Sinistcha
|move|p1a: Kingambit|Protect|p1a: Kingambit
|-singleturn|p1a: Kingambit|Protect
|move|p2a: Ursaluna|Vacuum Wave|p1a: Kingambit
|-activate|p1a: Kingambit|move: Protect
|move|p2b: Sneasler|Dire Claw|p1b: Sinistcha
|-damage|p1b: Sinistcha|66/100
|-status|p1b: Sinistcha|psn
|
|-damage|p1b: Sinistcha|54/100 psn|[from] psn
|upkeep
|turn|4
|inactive|CrystalGem02 has 30 seconds left.
|
|t:|1755571900
|-terastallize|p1a: Kingambit|Dark
|move|p1b: Sinistcha|Rage Powder|p1b: Sinistcha
|-singleturn|p1b: Sinistcha|move: Rage Powder
|move|p1a: Kingambit|Sucker Punch|p2a: Ursaluna
|-damage|p2a: Ursaluna|29/100
|move|p2b: Sneasler|Throat Chop|p1b: Sinistcha
|-supereffective|p1b: Sinistcha
|-damage|p1b: Sinistcha|6/100 psn
|-start|p1b: Sinistcha|Throat Chop|[silent]
|-enditem|p1b: Sinistcha|Sitrus Berry|[eat]
|-heal|p1b: Sinistcha|30/100 psn|[from] item: Sitrus Berry
|move|p2a: Ursaluna|Earth Power|p1b: Sinistcha
|-resisted|p1b: Sinistcha
|-damage|p1b: Sinistcha|9/100 psn
|
|-damage|p1b: Sinistcha|0 fnt|[from] psn
|faint|p1b: Sinistcha
|-sideend|p2: CrystalGem02|move: Tailwind
|upkeep
|
|t:|1755571908
|switch|p1b: Sneasler|Sneasler, L50, F|100/100
|turn|5
|
|t:|1755571919
|move|p2a: Ursaluna|Vacuum Wave|p1a: Kingambit
|-supereffective|p1a: Kingambit
|-damage|p1a: Kingambit|15/100
|move|p1a: Kingambit|Sucker Punch|p2b: Sneasler
|-resisted|p2b: Sneasler
|-damage|p2b: Sneasler|14/100
|move|p1b: Sneasler|Close Combat|p2a: Ursaluna
|-supereffective|p2a: Ursaluna
|-damage|p2a: Ursaluna|0 fnt
|-unboost|p1b: Sneasler|def|1
|-unboost|p1b: Sneasler|spd|1
|faint|p2a: Ursaluna
|move|p2b: Sneasler|Dire Claw|p1b: Sneasler
|-resisted|p1b: Sneasler
|-damage|p1b: Sneasler|47/100
|
|upkeep
|turn|6
|c|☆CrystalGem02|luck is with you
|c|☆CrystalGem02|gg
|-message|CrystalGem02 forfeited.
|
|win|twice2129
|raw|twice2129's rating: 1261 → 1290(+29 for winning)
|raw|CrystalGem02's rating: 1313 → 1290(-23 for losing)
