|j|☆vilan333
|j|☆Beatyful
|html|vilan333Beatyful    
|uhtml|bestof|Game 1 of a best-of-3
|t:|1756761649
|gametype|doubles
|player|p1|vilan333|265|1159
|player|p2|Beatyful|miku-water|1142
|gen|9
|tier|[Gen 9] VGC 2025 Reg H (Bo3)
|rated|
|rule|Species Clause: Limit one of each Pokémon
|rule|Item Clause: Limit 1 of each item
|clearpoke
|poke|p1|Sneasler, L50, M|
|poke|p1|Indeedee, L50, M|
|poke|p1|Porygon2, L50|
|poke|p1|Ursaluna, L50, M|
|poke|p1|Dragapult, L50, F|
|poke|p1|Talonflame, L50, M|
|poke|p2|Volcarona, L50, F|
|poke|p2|Dragonite, L50, M|
|poke|p2|Annihilape, L50, M|
|poke|p2|Sneasler, L50, M|
|poke|p2|Rillaboom, L50, F|
|poke|p2|Incineroar, L50, M|
|teampreview|4
|showteam|p1|Sneasler||PsychicSeed|Unburden|Protect,CloseCombat,DireClaw,ThroatChop|||M|||50|,,,,,Dark]Indeedee||FocusSash|PsychicSurge|Imprison,TrickRoom,ExpandingForce,Protect|||M|||50|,,,,,Fighting]Porygon2||Eviolite|Download|Recover,TeraBlast,IceBeam,TrickRoom||||||50|,,,,,Fighting]Ursaluna||FlameOrb|Guts|Protect,Facade,HeadlongRush,Substitute|||M|||50|,,,,,Water]Dragapult||ChoiceBand|ClearBody|DragonDarts,TeraBlast,PhantomForce,Outrage|||F|||50|,,,,,Fairy]Talonflame||CovertCloak|GaleWings|Tailwind,WillOWisp,DualWingbeat,FlareBlitz|||M|||50|,,,,,Fairy
|showteam|p2|Volcarona||Leftovers|FlameBody|HeatWave,TeraBlast,QuiverDance,Protect|||F|||50|,,,,,Fairy]Dragonite||LoadedDice|Multiscale|ScaleShot,ExtremeSpeed,Haze,Protect|||M|||50|,,,,,Steel]Annihilape||SafetyGoggles|Defiant|CloseCombat,RageFist,Taunt,FinalGambit|||M|||50|,,,,,Fire]Sneasler||FocusSash|Unburden|CloseCombat,DireClaw,Coaching,Protect|||M|||50|,,,,,Stellar]Rillaboom||AssaultVest|GrassySurge|WoodHammer,GrassyGlide,HighHorsepower,FakeOut|||F|||50|,,,,,Fire]Incineroar||RockyHelmet|Intimidate|FakeOut,KnockOff,FlareBlitz,PartingShot|||M|||50|,,,,,Grass
|
|t:|1756761722
|teamsize|p1|4
|teamsize|p2|4
|start
|switch|p1a: Dragapult|Dragapult, L50, F|100/100
|switch|p1b: TacticaNurse|Indeedee, L50, M|100/100
|switch|p2a: Incineroar|Incineroar, L50, M|100/100
|switch|p2b: Volcarona|Volcarona, L50, F|100/100
|-fieldstart|move: Psychic Terrain|[from] ability: Psychic Surge|[of] p1b: TacticaNurse
|-ability|p2a: Incineroar|Intimidate|boost
|-fail|p1a: Dragapult|unboost|[from] ability: Clear Body|[of] p1a: Dragapult
|-unboost|p1b: TacticaNurse|atk|1
|turn|1
|inactive|Battle timer is ON: inactive players will automatically lose when time's up. (requested by vilan333)
|
|t:|1756761778
|switch|p1b: Talonflame|Talonflame, L50, M, shiny|100/100
|move|p2b: Volcarona|Protect|p2b: Volcarona
|-singleturn|p2b: Volcarona|Protect
|move|p1a: Dragapult|Dragon Darts|p2a: Incineroar
|-damage|p2a: Incineroar|66/100
|-anim|p1a: Dragapult|Dragon Darts|p2a: Incineroar
|-damage|p2a: Incineroar|33/100
|move|p2a: Incineroar|Parting Shot|p1b: Talonflame
|-unboost|p1b: Talonflame|atk|1
|-unboost|p1b: Talonflame|spa|1
|
|t:|1756761789
|switch|p2a: Rillaboom|Rillaboom, L50, F|100/100|[from] Parting Shot
|-fieldstart|move: Grassy Terrain|[from] ability: Grassy Surge|[of] p2a: Rillaboom
|
|upkeep
|turn|2
|
|t:|1756761807
|switch|p2a: Incineroar|Incineroar, L50, M|33/100
|-ability|p2a: Incineroar|Intimidate|boost
|-fail|p1a: Dragapult|unboost|[from] ability: Clear Body|[of] p1a: Dragapult
|-unboost|p1b: Talonflame|atk|1
|-terastallize|p2b: Volcarona|Fairy
|move|p1a: Dragapult|Dragon Darts|p2a: Incineroar
|-damage|p2a: Incineroar|0 fnt
|faint|p2a: Incineroar
|move|p1b: Talonflame|Will-O-Wisp|p2b: Volcarona
|-status|p2b: Volcarona|brn
|move|p2b: Volcarona|Quiver Dance|p2b: Volcarona
|-boost|p2b: Volcarona|spa|1
|-boost|p2b: Volcarona|spd|1
|-boost|p2b: Volcarona|spe|1
|
|-damage|p2b: Volcarona|94/100 brn|[from] brn
|upkeep
|inactive|Beatyful has 30 seconds left.
|
|t:|1756761832
|switch|p2a: Rillaboom|Rillaboom, L50, F|100/100
|turn|3
|
|t:|1756761854
|move|p2a: Rillaboom|Fake Out|p1b: Talonflame
|-damage|p1b: Talonflame|78/100
|move|p2b: Volcarona|Tera Blast|p1a: Dragapult|[anim] Tera Blast Fairy
|-supereffective|p1a: Dragapult
|-damage|p1a: Dragapult|0 fnt
|faint|p1a: Dragapult
|move|p1b: Talonflame|Flare Blitz|p2a: Rillaboom
|-supereffective|p2a: Rillaboom
|-damage|p2a: Rillaboom|58/100
|-damage|p1b: Talonflame|60/100|[from] Recoil
|
|-heal|p2b: Volcarona|100/100 brn|[from] Grassy Terrain
|-heal|p2a: Rillaboom|64/100|[from] Grassy Terrain
|-damage|p2b: Volcarona|94/100 brn|[from] brn
|upkeep
|
|t:|1756761868
|switch|p1a: TacticaNurse|Indeedee, L50, M|100/100
|-fieldstart|move: Psychic Terrain|[from] ability: Psychic Surge|[of] p1a: TacticaNurse
|turn|4
|inactive|Beatyful has 30 seconds left.
|
|t:|1756761900
|switch|p2a: Annihilape|Annihilape, L50, M, shiny|100/100
|move|p1a: TacticaNurse|Protect|p1a: TacticaNurse
|-singleturn|p1a: TacticaNurse|Protect
|move|p2b: Volcarona|Heat Wave|p1a: TacticaNurse|[spread] p1b
|-activate|p1a: TacticaNurse|move: Protect
|-resisted|p1b: Talonflame
|-damage|p1b: Talonflame|17/100
|move|p1b: Talonflame|Tailwind|p1b: Talonflame
|-sidestart|p1: vilan333|move: Tailwind
|
|-heal|p2b: Volcarona|100/100 brn|[from] item: Leftovers
|-damage|p2b: Volcarona|94/100 brn|[from] brn
|upkeep
|turn|5
|inactive|vilan333 has 30 seconds left.
|
|t:|1756761931
|switch|p1a: Lewyn II|Sneasler, L50, M|100/100
|-enditem|p1a: Lewyn II|Psychic Seed
|-boost|p1a: Lewyn II|spd|1|[from] item: Psychic Seed
|switch|p2a: Rillaboom|Rillaboom, L50, F|64/100
|-fieldstart|move: Grassy Terrain|[from] ability: Grassy Surge|[of] p2a: Rillaboom
|move|p1b: Talonflame|Flare Blitz|p2a: Rillaboom
|-supereffective|p2a: Rillaboom
|-crit|p2a: Rillaboom
|-damage|p2a: Rillaboom|0 fnt
|faint|p2a: Rillaboom
|-damage|p1b: Talonflame|0 fnt|[from] Recoil
|faint|p1b: Talonflame
|move|p2b: Volcarona|Quiver Dance|p2b: Volcarona
|-boost|p2b: Volcarona|spa|1
|-boost|p2b: Volcarona|spd|1
|-boost|p2b: Volcarona|spe|1
|
|-heal|p2b: Volcarona|100/100 brn|[from] Grassy Terrain
|-damage|p2b: Volcarona|94/100 brn|[from] brn
|upkeep
|
|t:|1756761952
|switch|p1b: TacticaNurse|Indeedee, L50, M|100/100
|switch|p2a: Annihilape|Annihilape, L50, M, shiny|100/100
|-fieldstart|move: Psychic Terrain|[from] ability: Psychic Surge|[of] p1b: TacticaNurse
|turn|6
|
|t:|1756761977
|move|p1a: Lewyn II|Dire Claw|p2a: Annihilape
|-resisted|p2a: Annihilape
|-damage|p2a: Annihilape|77/100
|move|p1b: TacticaNurse|Expanding Force|p2b: Volcarona|[spread] p2a,p2b
|-supereffective|p2a: Annihilape
|-damage|p2a: Annihilape|0 fnt
|-damage|p2b: Volcarona|69/100 brn
|faint|p2a: Annihilape
|move|p2b: Volcarona|Heat Wave|p1a: Lewyn II|[spread] p1a
|-miss|p2b: Volcarona|p1b: TacticaNurse
|-damage|p1a: Lewyn II|44/100
|
|-heal|p2b: Volcarona|75/100 brn|[from] item: Leftovers
|-damage|p2b: Volcarona|69/100 brn|[from] brn
|upkeep
|turn|7
|
|t:|1756761997
|move|p1a: Lewyn II|Dire Claw|p2b: Volcarona
|-supereffective|p2b: Volcarona
|-damage|p2b: Volcarona|0 fnt
|faint|p2b: Volcarona
|
|win|vilan333
|l|☆vilan333
|player|p1|
||Beatyful is ready for game 2.
|inactive|vilan333 has 30 seconds to confirm battle start!
||vilan333 is ready for game 2.
|uhtml|next|Next: Game 2 of 3
