|j|☆mygreat
|j|☆new mental
|html|mygreatnew mental    
|uhtml|bestof|Game 1 of a best-of-3
|t:|1784882775
|gametype|doubles
|player|p1|mygreat|lance|1292
|player|p2|new mental|volkner|1307
|gen|9
|tier|[Gen 9 Champions] VGC 2026 Reg M-B (Bo3)
|rated|
|rule|Species Clause: Limit one of each Pokémon
|rule|Item Clause: Limit 1 of each item
|clearpoke
|poke|p1|Charizard, L50, F|
|poke|p1|Hydreigon, L50, F|
|poke|p1|Mamoswine, L50, M|
|poke|p1|Toxapex, L50, F|
|poke|p1|Incineroar, L50, M|
|poke|p1|Gholdengo, L50|
|poke|p2|Charizard, L50, F|
|poke|p2|Garchomp, L50, F|
|poke|p2|Incineroar, L50, M|
|poke|p2|Venusaur, L50, M|
|poke|p2|Toxapex, L50, F|
|poke|p2|Sylveon, L50, M|
|teampreview|4
|showteam|p1|Charizard||CharizarditeY|Blaze|SolarBeam,WeatherBall,HeatWave,Protect|Modest||F|||50|]Hydreigon||ChoiceScarf|Levitate|Snarl,DarkPulse,EarthPower,DracoMeteor|Modest||F|||50|]Mamoswine||FocusSash|Oblivious|HighHorsepower,IcicleCrash,IceShard,Protect|Adamant||M|||50|]Toxapex||Leftovers|Regenerator|WideGuard,Infestation,BanefulBunker,Toxic|Bold||F|||50|]Incineroar||SitrusBerry|Intimidate|FlareBlitz,DarkestLariat,PartingShot,FakeOut|Careful||M|||50|]Gholdengo||LifeOrb|GoodasGold|MakeItRain,ShadowBall,PowerGem,Protect|Modest|||||50|
|showteam|p2|Charizard||CharizarditeY|SolarPower|WeatherBall,HeatWave,AncientPower,Protect|Modest||F|||50|]Garchomp||ChoiceScarf|RoughSkin|RockSlide,DragonClaw,Earthquake,StompingTantrum|Adamant||F|||50|]Incineroar||SitrusBerry|Intimidate|FlareBlitz,FakeOut,DarkestLariat,PartingShot|Impish||M|||50|]Venusaur||LifeOrb|Chlorophyll|SludgeBomb,LeafStorm,EarthPower,Protect|Modest||M|||50|]Toxapex||Leftovers|Regenerator|Infestation,Toxic,WideGuard,BanefulBunker|Bold||F|||50|]Sylveon||FairyFeather|Pixilate|HyperVoice,QuickAttack,Yawn,Detect|Modest||M|||50|
|inactive|Battle timer is ON: inactive players will automatically lose when time's up. (requested by mygreat)
|inactive|new mental has 60 seconds left.
|
|t:|1784882833
|teamsize|p1|4
|teamsize|p2|4
|start
|switch|p1a: Charizard|Charizard, L50, F|100/100
|switch|p1b: Toxapex|Toxapex, L50, F|100/100
|switch|p2a: Charizard|Charizard, L50, F|100/100
|switch|p2b: Incineroar|Incineroar, L50, M|100/100
|-ability|p2b: Incineroar|Intimidate|boost
|-unboost|p1a: Charizard|atk|1
|-unboost|p1b: Toxapex|atk|1
|turn|1
|
|t:|1784882848
|detailschange|p2a: Charizard|Charizard-Mega-Y, L50, F
|-mega|p2a: Charizard|Charizard|Charizardite Y
|-weather|SunnyDay|[from] ability: Drought|[of] p2a: Charizard
|move|p1a: Charizard|Protect|p1a: Charizard
|-singleturn|p1a: Charizard|Protect
|move|p2b: Incineroar|Fake Out|p1b: Toxapex
|-damage|p1b: Toxapex|92/100
|move|p2a: Charizard|Ancient Power|p1a: Charizard
|-activate|p1a: Charizard|move: Protect
|cant|p1b: Toxapex|flinch
|
|-weather|SunnyDay|[upkeep]
|-heal|p1b: Toxapex|98/100|[from] item: Leftovers
|upkeep
|turn|2
|
|t:|1784882864
|detailschange|p1a: Charizard|Charizard-Mega-Y, L50, F
|-mega|p1a: Charizard|Charizard|Charizardite Y
|move|p1a: Charizard|Weather Ball|p2a: Charizard
|-resisted|p2a: Charizard|1
|-damage|p2a: Charizard|61/100
|move|p2a: Charizard|Ancient Power|p1a: Charizard
|-supereffective|p1a: Charizard|2
|-damage|p1a: Charizard|14/100
|move|p2b: Incineroar|Parting Shot|p1a: Charizard
|-unboost|p1a: Charizard|atk|1
|-unboost|p1a: Charizard|spa|1
|
|t:|1784882878
|switch|p2b: Sylveon|Sylveon, L50, M|100/100|[from] Parting Shot
|move|p1b: Toxapex|Toxic|p2a: Charizard
|-status|p2a: Charizard|tox
|
|-weather|SunnyDay|[upkeep]
|-heal|p1b: Toxapex|100/100|[from] item: Leftovers
|-damage|p2a: Charizard|55/100 tox|[from] psn
|upkeep
|turn|3
|
|t:|1784882886
|switch|p2a: Toxapex|Toxapex, L50, F|100/100
|move|p1a: Charizard|Heat Wave|p2a: Toxapex|[spread] p2a,p2b
|-resisted|p2a: Toxapex|1
|-damage|p2a: Toxapex|84/100
|-damage|p2b: Sylveon|68/100
|move|p2b: Sylveon|Yawn|p1b: Toxapex
|-start|p1b: Toxapex|move: Yawn|[of] p2b: Sylveon
|move|p1b: Toxapex|Toxic|p2b: Sylveon
|-status|p2b: Sylveon|tox
|
|-weather|SunnyDay|[upkeep]
|-heal|p2a: Toxapex|89/100|[from] item: Leftovers
|-damage|p2b: Sylveon|62/100 tox|[from] psn
|upkeep
|turn|4
|
|t:|1784882903
|switch|p1a: Gholdengo|Gholdengo, L50|100/100
|switch|p2b: Incineroar|Incineroar, L50, M|100/100
|-ability|p2b: Incineroar|Intimidate|boost
|-unboost|p1a: Gholdengo|atk|1
|-unboost|p1b: Toxapex|atk|1
|move|p1b: Toxapex|Infestation|p2b: Incineroar
|-damage|p2b: Incineroar|97/100
|-activate|p2b: Incineroar|move: Infestation|[of] p1b: Toxapex
|move|p2a: Toxapex|Infestation|p1b: Toxapex
|-resisted|p1b: Toxapex|1
|-crit|p1b: Toxapex
|-damage|p1b: Toxapex|98/100
|-activate|p1b: Toxapex|move: Infestation|[of] p2a: Toxapex
|
|-weather|SunnyDay|[upkeep]
|-heal|p1b: Toxapex|100/100|[from] item: Leftovers
|-heal|p2a: Toxapex|95/100|[from] item: Leftovers
|-damage|p2b: Incineroar|84/100|[from] move: Infestation|[partiallytrapped]
|-damage|p1b: Toxapex|87/100|[from] move: Infestation|[partiallytrapped]
|-end|p1b: Toxapex|move: Yawn|[silent]
|-status|p1b: Toxapex|slp
|upkeep
|turn|5
|inactive|mygreat has 30 seconds left.
|
|t:|1784882934
|move|p1a: Gholdengo|Power Gem|p2b: Incineroar
|-supereffective|p2b: Incineroar|1
|-damage|p2b: Incineroar|20/100y
|-enditem|p2b: Incineroar|Sitrus Berry|[eat]
|-heal|p2b: Incineroar|45/100|[from] item: Sitrus Berry
|-damage|p1a: Gholdengo|90/100|[from] item: Life Orb
|move|p2b: Incineroar|Flare Blitz|p1a: Gholdengo
|-supereffective|p1a: Gholdengo|1
|-damage|p1a: Gholdengo|0 fnt
|faint|p1a: Gholdengo
|-damage|p2b: Incineroar|20/100y|[from] Recoil
|move|p2a: Toxapex|Infestation|p1b: Toxapex
|-resisted|p1b: Toxapex|1
|-damage|p1b: Toxapex|86/100 slp
|cant|p1b: Toxapex|slp
|
|-weather|none
|-heal|p2a: Toxapex|100/100|[from] item: Leftovers
|-heal|p1b: Toxapex|92/100 slp|[from] item: Leftovers
|-damage|p2b: Incineroar|7/100|[from] move: Infestation|[partiallytrapped]
|-damage|p1b: Toxapex|80/100 slp|[from] move: Infestation|[partiallytrapped]
|upkeep
|
|t:|1784882942
|switch|p1a: Mamoswine|Mamoswine, L50, M|100/100
|turn|6
|
|t:|1784882949
|move|p1a: Mamoswine|High Horsepower|p2a: Toxapex
|-supereffective|p2a: Toxapex|1
|-damage|p2a: Toxapex|26/100
|move|p2b: Incineroar|Parting Shot|p1a: Mamoswine
|-unboost|p1a: Mamoswine|atk|1
|-unboost|p1a: Mamoswine|spa|1
|
|t:|1784882954
|switch|p2b: Charizard|Charizard-Mega-Y, L50, F|55/100 tox|[from] Parting Shot
|-weather|SunnyDay|[from] ability: Drought|[of] p2b: Charizard
|-curestatus|p1b: Toxapex|slp|[msg]
|move|p1b: Toxapex|Infestation|p2a: Toxapex
|-resisted|p2a: Toxapex|1
|-damage|p2a: Toxapex|24/100
|-activate|p2a: Toxapex|move: Infestation|[of] p1b: Toxapex
|move|p2a: Toxapex|Infestation|p1a: Mamoswine
|-damage|p1a: Mamoswine|95/100
|-activate|p1a: Mamoswine|move: Infestation|[of] p2a: Toxapex
|
|-weather|SunnyDay|[upkeep]
|-heal|p2a: Toxapex|30/100|[from] item: Leftovers
|-heal|p1b: Toxapex|85/100|[from] item: Leftovers
|-damage|p2b: Charizard|49/100 tox|[from] psn
|-damage|p1a: Mamoswine|83/100|[from] move: Infestation|[partiallytrapped]
|-damage|p2a: Toxapex|18/100|[from] move: Infestation|[partiallytrapped]
|-damage|p1b: Toxapex|73/100|[from] move: Infestation|[partiallytrapped]
|upkeep
|turn|7
|inactive|new mental has 30 seconds left.
|
|t:|1784882980
|move|p1a: Mamoswine|Protect|p1a: Mamoswine
|-singleturn|p1a: Mamoswine|Protect
|move|p2b: Charizard|Weather Ball|p1a: Mamoswine
|-activate|p1a: Mamoswine|move: Protect
|move|p2a: Toxapex|Toxic|p1a: Mamoswine
|-activate|p1a: Mamoswine|move: Protect
|move|p1b: Toxapex|Infestation|p2b: Charizard
|-resisted|p2b: Charizard|2
|-damage|p2b: Charizard|48/100 tox
|-activate|p2b: Charizard|move: Infestation|[of] p1b: Toxapex
|
|-weather|SunnyDay|[upkeep]
|-heal|p2a: Toxapex|24/100|[from] item: Leftovers
|-heal|p1b: Toxapex|79/100|[from] item: Leftovers
|-damage|p2b: Charizard|36/100 tox|[from] psn
|-damage|p1a: Mamoswine|71/100|[from] move: Infestation|[partiallytrapped]
|-damage|p2b: Charizard|24/100 tox|[from] move: Infestation|[partiallytrapped]
|-damage|p2a: Toxapex|12/100|[from] move: Infestation|[partiallytrapped]
|-damage|p1b: Toxapex|67/100|[from] move: Infestation|[partiallytrapped]
|upkeep
|turn|8
|
|t:|1784882992
|move|p1a: Mamoswine|Protect||[still]
|-fail|p1a: Mamoswine
|move|p2b: Charizard|Weather Ball|p1a: Mamoswine
|-supereffective|p1a: Mamoswine|1
|-damage|p1a: Mamoswine|0 fnt
|faint|p1a: Mamoswine
|move|p2a: Toxapex|Toxic|p1b: Toxapex
|-immune|p1b: Toxapex
|move|p1b: Toxapex|Infestation|p2a: Toxapex
|-resisted|p2a: Toxapex|1
|-damage|p2a: Toxapex|10/100
|
|-weather|SunnyDay|[upkeep]
|-heal|p2a: Toxapex|16/100|[from] item: Leftovers
|-heal|p1b: Toxapex|73/100|[from] item: Leftovers
|-damage|p2b: Charizard|6/100 tox|[from] psn
|-damage|p2b: Charizard|0 fnt|[from] move: Infestation|[partiallytrapped]
|faint|p2b: Charizard
|-end|p1b: Toxapex|Infestation|[partiallytrapped]
|-damage|p2a: Toxapex|4/100|[from] move: Infestation|[partiallytrapped]
|upkeep
|
|t:|1784883004
|switch|p1a: Charizard|Charizard-Mega-Y, L50, F|14/100
|switch|p2b: Incineroar|Incineroar, L50, M|7/100
|-ability|p2b: Incineroar|Intimidate|boost
|-unboost|p1a: Charizard|atk|1
|-unboost|p1b: Toxapex|atk|1
|turn|9
|
|t:|1784883013
|move|p1a: Charizard|Protect|p1a: Charizard
|-singleturn|p1a: Charizard|Protect
|move|p2b: Incineroar|Fake Out|p1a: Charizard
|-activate|p1a: Charizard|move: Protect
|move|p2a: Toxapex|Infestation|p1b: Toxapex
|-resisted|p1b: Toxapex|1
|-damage|p1b: Toxapex|71/100
|-activate|p1b: Toxapex|move: Infestation|[of] p2a: Toxapex
|move|p1b: Toxapex|Infestation|p2b: Incineroar
|-damage|p2b: Incineroar|4/100
|-activate|p2b: Incineroar|move: Infestation|[of] p1b: Toxapex
|
|-weather|SunnyDay|[upkeep]
|-heal|p1b: Toxapex|77/100|[from] item: Leftovers
|-heal|p2a: Toxapex|10/100|[from] item: Leftovers
|-damage|p2b: Incineroar|0 fnt|[from] move: Infestation|[partiallytrapped]
|faint|p2b: Incineroar
|-damage|p2a: Toxapex|0 fnt|[from] move: Infestation|[partiallytrapped]
|faint|p2a: Toxapex
|-end|p1b: Toxapex|Infestation|[partiallytrapped]|[silent]
|upkeep
|-message|new mental forfeited.
|
|win|mygreat
