|j|Ōśåbattle sim trainer
|j|ŌśåJuanGuerrero09
|html|battle sim trainerJuanGuerrero09    
|uhtml|bestof|Game 3 of a best-of-3
|t:|1757237328
|gametype|doubles
|player|p1|battle sim trainer|steven|1133
|player|p2|JuanGuerrero09|265|1070
|gen|9
|tier|[Gen 9] VGC 2025 Reg H (Bo3)
|rated|
|rule|Species Clause: Limit one of each Pok├®mon
|rule|Item Clause: Limit 1 of each item
|clearpoke
|poke|p1|Bronzong, L50|
|poke|p1|Pincurchin, L50, F|
|poke|p1|Toxtricity-Low-Key, L50, M|
|poke|p1|Araquanid, L50, M|
|poke|p1|Indeedee, L50, M|
|poke|p1|Raichu-Alola, L50, M|
|poke|p2|Sneasler, L50, M|
|poke|p2|Indeedee, L50, M|
|poke|p2|Tyranitar, L50, M|
|poke|p2|Excadrill, L50, M|
|poke|p2|Gholdengo, L50|
|poke|p2|Incineroar, L50, M|
|teampreview|4
|showteam|p1|Bronzong||ElectricSeed|Levitate|BodyPress,TrickRoom,Protect,IronDefense||||||50|,,,,,Fire]Pincurchin||EjectButton|ElectricSurge|ToxicSpikes,RainDance,ZingZap,Protect|||F|||50|,,,,,Ghost]Toxtricity-Low-Key||ChoiceSpecs|PunkRock|Overdrive,SludgeBomb,Boomburst,VoltSwitch|||M|||50|,,,,,Electric]Araquanid||MysticWater|WaterBubble|Liquidation,WideGuard,Soak,Protect|||M|||50|,,,,,Water]Indeedee||ChoiceScarf|PsychicSurge|TrickRoom,Trick,ExpandingForce,TeraBlast|||M|||50|,,,,,Ground]Raichu-Alola||FocusSash|SurgeSurfer|VoltSwitch,Thunderbolt,ExpandingForce,FakeOut|||M|||50|,,,,,Ghost
|showteam|p2|Sneasler||PsychicSeed|Unburden|CloseCombat,DireClaw,ThroatChop,Protect|||M|||50|,,,,,Stellar]Indeedee||ChoiceScarf|PsychicSurge|ExpandingForce,TeraBlast,Trick,Protect|||M|||50|,,,,,Fire]Tyranitar||AssaultVest|SandStream|RockSlide,KnockOff,TeraBlast,LowKick|||M|||50|,,,,,Flying]Excadrill||FocusSash|SandRush|HighHorsepower,Earthquake,IronHead,Protect|||M|||50|,,,,,Ground]Gholdengo||MetalCoat|GoodasGold|ShadowBall,Protect,MakeItRain,NastyPlot||||||50|,,,,,Water]Incineroar||SafetyGoggles|Intimidate|FakeOut,KnockOff,FlareBlitz,PartingShot|||M|||50|,,,,,Ghost
|c|Ōśåbattle sim trainer|thought you would read it
|c|ŌśåJuanGuerrero09|uno reeverse card
|c|Ōśåbattle sim trainer|XDXDXD
|
|t:|1757237408
|teamsize|p1|4
|teamsize|p2|4
|start
|switch|p1a: Indeedee|Indeedee, L50, M|100/100
|switch|p1b: Hug me|Bronzong, L50, shiny|100/100
|switch|p2a: Indeedee|Indeedee, L50, M|100/100
|switch|p2b: Excadrill|Excadrill, L50, M|100/100
|-fieldstart|move: Psychic Terrain|[from] ability: Psychic Surge|[of] p2a: Indeedee
|turn|1
|
|t:|1757237443
|switch|p1a: Thorn|Pincurchin, L50, F|100/100
|-fieldstart|move: Electric Terrain|[from] ability: Electric Surge|[of] p1a: Thorn
|-enditem|p1b: Hug me|Electric Seed
|-boost|p1b: Hug me|def|1|[from] item: Electric Seed
|-terastallize|p1b: Hug me|Fire
|move|p2b: Excadrill|Protect|p2b: Excadrill
|-singleturn|p2b: Excadrill|Protect
|move|p2a: Indeedee|Trick|p1a: Thorn
|-activate|p2a: Indeedee|move: Trick|[of] p1a: Thorn
|-item|p1a: Thorn|Choice Scarf|[from] move: Trick
|-item|p2a: Indeedee|Eject Button|[from] move: Trick
|move|p1b: Hug me|Trick Room|p1b: Hug me
|-fieldstart|move: Trick Room|[of] p1b: Hug me
|
|upkeep
|turn|2
|c|Ōśåbattle sim trainer|even with scarf urchin is the slowest lmao
|c|ŌśåJuanGuerrero09|damn
|
|t:|1757237496
|-terastallize|p2b: Excadrill|Ground
|move|p1a: Thorn|Toxic Spikes|p2b: Excadrill
|-sidestart|p2: JuanGuerrero09|move: Toxic Spikes
|move|p1b: Hug me|Iron Defense|p1b: Hug me
|-boost|p1b: Hug me|def|2
|move|p2b: Excadrill|Earthquake|p1a: Thorn|[spread] p2a,p1a
|-immune|p1b: Hug me|[from] ability: Levitate
|-supereffective|p1a: Thorn
|-damage|p2a: Indeedee|0 fnt
|-damage|p1a: Thorn|0 fnt
|faint|p2a: Indeedee
|faint|p1a: Thorn
|
|upkeep
|c|Ōśåbattle sim trainer|EQ?! :O
|
|t:|1757237514
|switch|p1a: Spoderman|Araquanid, L50, M, shiny|100/100
|switch|p2a: Gholdengo|Gholdengo, L50|100/100
|turn|3
|c|ŌśåJuanGuerrero09|forgot levityate tho
|c|Ōśåbattle sim trainer|F
|c|Ōśåbattle sim trainer|it happens to the best of us
|
|t:|1757237571
|switch|p2b: Sneasler|Sneasler, L50, M|100/100
|-sideend|p2: JuanGuerrero09|move: Toxic Spikes|[of] p2b: Sneasler
|move|p1a: Spoderman|Liquidation|p2a: Gholdengo
|-damage|p2a: Gholdengo|7/100
|-unboost|p2a: Gholdengo|def|1
|move|p1b: Hug me|Body Press|p2b: Sneasler
|-resisted|p2b: Sneasler
|-damage|p2b: Sneasler|44/100
|move|p2a: Gholdengo|Nasty Plot|p2a: Gholdengo
|-boost|p2a: Gholdengo|spa|2
|
|upkeep
|turn|4
|
|t:|1757237602
|move|p2a: Gholdengo|Protect|p2a: Gholdengo
|-singleturn|p2a: Gholdengo|Protect
|move|p1a: Spoderman|Liquidation|p2b: Sneasler
|-damage|p2b: Sneasler|0 fnt
|faint|p2b: Sneasler
|move|p1b: Hug me|Iron Defense|p1b: Hug me
|-boost|p1b: Hug me|def|2
|
|upkeep
|
|t:|1757237608
|switch|p2b: Excadrill|Excadrill, L50, M, tera:Ground|100/100
|turn|5
|
|t:|1757237624
|move|p2b: Excadrill|Protect|p2b: Excadrill
|-singleturn|p2b: Excadrill|Protect
|move|p2a: Gholdengo|Protect||[still]
|-fail|p2a: Gholdengo
|move|p1a: Spoderman|Liquidation|p2a: Gholdengo
|-damage|p2a: Gholdengo|0 fnt
|faint|p2a: Gholdengo
|move|p1b: Hug me|Body Press|p2b: Excadrill
|-activate|p2b: Excadrill|move: Protect
|
|-fieldend|move: Trick Room
|-fieldend|move: Electric Terrain
|upkeep
|turn|6
|c|ŌśåJuanGuerrero09|gg
|c|Ōśåbattle sim trainer|ggwp
|
|t:|1757237639
|move|p2b: Excadrill|High Horsepower|p1a: Spoderman
|-resisted|p1a: Spoderman
|-damage|p1a: Spoderman|62/100
|move|p1b: Hug me|Body Press|p2b: Excadrill
|-enditem|p2b: Excadrill|Focus Sash
|-damage|p2b: Excadrill|1/100
|move|p1a: Spoderman|Liquidation|p2b: Excadrill
|-supereffective|p2b: Excadrill
|-damage|p2b: Excadrill|0 fnt
|faint|p2b: Excadrill
|
|win|battle sim trainer
|raw|battle sim trainer's rating: 1133 → 1154(+21 for winning)
|raw|JuanGuerrero09's rating: 1070 → 1053(-17 for losing)
|l|ŌśåJuanGuerrero09
|player|p2|
