|j|☆TipoLucha
|j|☆homerj71
|html|TipoLuchahomerj71    
|uhtml|bestof|Game 1 of a best-of-3
|t:|1785742012
|gametype|doubles
|player|p1|TipoLucha|2|1190
|player|p2|homerj71|1|1152
|gen|9
|tier|[Gen 9 Champions] VGC 2026 Reg M-B (Bo3)
|rated|
|rule|Species Clause: Limit one of each Pokémon
|rule|Item Clause: Limit 1 of each item
|clearpoke
|poke|p1|Whimsicott, L50, M|
|poke|p1|Froslass, L50, F|
|poke|p1|Scizor, L50, F|
|poke|p1|Sneasler, L50, F|
|poke|p1|Tsareena, L50, F|
|poke|p1|Milotic, L50, F|
|poke|p2|Tyranitar, L50, F|
|poke|p2|Staraptor, L50, F|
|poke|p2|Gholdengo, L50|
|poke|p2|Excadrill, L50, M|
|poke|p2|Sinistcha, L50|
|poke|p2|Milotic, L50, M|
|teampreview|4
|showteam|p1|Whimsicott||FocusSash|Prankster|Tailwind,FakeTears,Moonblast,EnergyBall|Timid||M|||50|]Froslass||Froslassite|SnowCloak|Blizzard,ShadowBall,Protect,Psychic|Timid||F|||50|]Scizor||Scizorite|Technician|BugBite,BulletPunch,BrickBreak,Protect|Adamant||F|||50|]Sneasler||WhiteHerb|Unburden|CloseCombat,RockSlide,DireClaw,FakeOut|Adamant||F|||50|]Tsareena||SitrusBerry|QueenlyMajesty|TropKick,LowKick,TripleAxel,Protect|Adamant||F|||50|]Milotic||MysticWater|Competitive|Scald,IceBeam,Protect,IcyWind|Modest||F|||50|
|showteam|p2|Tyranitar||Tyranitarite|SandStream|KnockOff,RockSlide,Protect,LowKick|Jolly||F|||50|]Staraptor||Staraptite|Intimidate|DualWingbeat,CloseCombat,Protect,Tailwind|Jolly||F|||50|]Gholdengo||LifeOrb|GoodasGold|MakeItRain,NastyPlot,Protect,ShadowBall|Timid|||||50|]Excadrill||FocusSash|SandRush|HighHorsepower,IronHead,RockSlide,Protect|Adamant||M|||50|]Sinistcha||SitrusBerry|Hospitality|MatchaGotcha,RagePowder,ShadowBall,Protect|Calm|||||50|]Milotic||Leftovers|Competitive|Scald,IcyWind,Protect,IceBeam|Modest||M|||50|
|inactive|Battle timer is ON: inactive players will automatically lose when time's up. (requested by homerj71)
|inactive|TipoLucha has 60 seconds left.
|inactive|homerj71 has 60 seconds left.
|
|t:|1785742071
|teamsize|p1|4
|teamsize|p2|4
|start
|switch|p1a: Tsareena|Tsareena, L50, F|100/100
|switch|p1b: Milotic|Milotic, L50, F|100/100
|switch|p2a: Staraptor|Staraptor, L50, F|100/100
|switch|p2b: Gholdengo|Gholdengo, L50|100/100
|-ability|p2a: Staraptor|Intimidate|boost
|-unboost|p1a: Tsareena|atk|1
|-unboost|p1b: Milotic|atk|1
|-ability|p1b: Milotic|Competitive|boost
|-boost|p1b: Milotic|spa|2
|turn|1
|inactive|TipoLucha has 30 seconds left.
|
|t:|1785742100
|move|p2b: Gholdengo|Protect|p2b: Gholdengo
|-singleturn|p2b: Gholdengo|Protect
|move|p2a: Staraptor|Tailwind|p2a: Staraptor
|-sidestart|p2: homerj71|move: Tailwind
|move|p1b: Milotic|Scald|p2b: Gholdengo
|-activate|p2b: Gholdengo|move: Protect
|move|p1a: Tsareena|Triple Axel|p2a: Staraptor
|-supereffective|p2a: Staraptor|1
|-damage|p2a: Staraptor|86/100
|-supereffective|p2a: Staraptor|1
|-damage|p2a: Staraptor|60/100
|-supereffective|p2a: Staraptor|1
|-damage|p2a: Staraptor|22/100
|-hitcount|p2a: Staraptor|3
|
|upkeep
|turn|2
|inactive|homerj71 has 30 seconds left.
|
|t:|1785742134
|switch|p2a: Tyranitar|Tyranitar, L50, F|100/100
|-weather|Sandstorm|[from] ability: Sand Stream|[of] p2a: Tyranitar
|move|p2b: Gholdengo|Nasty Plot|p2b: Gholdengo
|-boost|p2b: Gholdengo|spa|2
|move|p1b: Milotic|Scald|p2b: Gholdengo
|-damage|p2b: Gholdengo|2/100
|move|p1a: Tsareena|Triple Axel|p2a: Tyranitar
|-damage|p2a: Tyranitar|95/100
|-damage|p2a: Tyranitar|86/100
|-damage|p2a: Tyranitar|74/100
|-hitcount|p2a: Tyranitar|3
|
|-weather|Sandstorm|[upkeep]
|-damage|p1b: Milotic|94/100|[from] Sandstorm
|-damage|p1a: Tsareena|93/100|[from] Sandstorm
|upkeep
|turn|3
|
|t:|1785742150
|detailschange|p2a: Tyranitar|Tyranitar-Mega, L50, F
|-mega|p2a: Tyranitar|Tyranitar|Tyranitarite
|move|p2b: Gholdengo|Make It Rain|p1a: Tsareena|[spread] p1a,p1b
|-resisted|p1b: Milotic|1
|-damage|p1a: Tsareena|0 fnt
|-damage|p1b: Milotic|52/100
|-unboost|p2b: Gholdengo|spa|2
|faint|p1a: Tsareena
|-damage|p2b: Gholdengo|0 fnt|[from] item: Life Orb
|faint|p2b: Gholdengo
|move|p2a: Tyranitar|Knock Off|p1b: Milotic
|-damage|p1b: Milotic|0 fnt
|-enditem|p1b: Milotic|Mystic Water|[from] move: Knock Off|[of] p2a: Tyranitar
|faint|p1b: Milotic
|
|-weather|Sandstorm|[upkeep]
|upkeep
|
|t:|1785742162
|switch|p2b: Staraptor|Staraptor, L50, F|22/100
|switch|p1b: Sneasler|Sneasler, L50, F|100/100
|switch|p1a: Froslass|Froslass, L50, F|100/100
|-ability|p2b: Staraptor|Intimidate|boost
|-unboost|p1a: Froslass|atk|1
|-unboost|p1b: Sneasler|atk|1
|-enditem|p1b: Sneasler|White Herb
|-clearnegativeboost|p1b: Sneasler|[silent]
|turn|4
|
|t:|1785742175
|detailschange|p1a: Froslass|Froslass-Mega, L50, F
|-mega|p1a: Froslass|Froslass|Froslassite
|-weather|Snowscape|[from] ability: Snow Warning|[of] p1a: Froslass
|move|p2a: Tyranitar|Protect|p2a: Tyranitar
|-singleturn|p2a: Tyranitar|Protect
|move|p1b: Sneasler|Fake Out|p2a: Tyranitar
|-activate|p2a: Tyranitar|move: Protect
|move|p2b: Staraptor|Dual Wingbeat|p1b: Sneasler|[miss]
|-miss|p2b: Staraptor|p1b: Sneasler
|move|p1a: Froslass|Blizzard|p2a: Tyranitar|[spread] p2b
|-activate|p2a: Tyranitar|move: Protect
|-supereffective|p2b: Staraptor|1
|-damage|p2b: Staraptor|0 fnt
|faint|p2b: Staraptor
|
|-weather|Snowscape|[upkeep]
|-sideend|p2: homerj71|move: Tailwind
|upkeep
|
|t:|1785742186
|switch|p2b: Excadrill|Excadrill, L50, M|100/100
|turn|5
|
|t:|1785742195
|move|p1b: Sneasler|Close Combat|p2b: Excadrill
|-supereffective|p2b: Excadrill|1
|-crit|p2b: Excadrill
|-enditem|p2b: Excadrill|Focus Sash
|-damage|p2b: Excadrill|1/100
|-unboost|p1b: Sneasler|def|1
|-unboost|p1b: Sneasler|spd|1
|move|p1a: Froslass|Blizzard|p2a: Tyranitar|[spread] p2a,p2b
|-crit|p2b: Excadrill
|-damage|p2a: Tyranitar|35/100
|-damage|p2b: Excadrill|0 fnt
|faint|p2b: Excadrill
|move|p2a: Tyranitar|Knock Off|p1a: Froslass
|-supereffective|p1a: Froslass|1
|-damage|p1a: Froslass|17/100
|
|-weather|Snowscape|[upkeep]
|upkeep
|turn|6
|-message|homerj71 forfeited.
|
|win|TipoLucha
