|j|☆carmelotb
|j|☆imnotthatgoodvgc
|html|carmelotbimnotthatgoodvgc    
|uhtml|bestof|Game 2 of a best-of-3
|t:|1784815624
|gametype|doubles
|player|p1|carmelotb|pilot|1065
|player|p2|imnotthatgoodvgc|pokekid|1040
|gen|9
|tier|[Gen 9 Champions] VGC 2026 Reg M-B (Bo3)
|rated|
|rule|Species Clause: Limit one of each Pokémon
|rule|Item Clause: Limit 1 of each item
|clearpoke
|poke|p1|Tyranitar, L50, F|
|poke|p1|Excadrill, L50, M|
|poke|p1|Rotom-Heat, L50|
|poke|p1|Tauros-Paldea-Aqua, L50, M|
|poke|p1|Whimsicott, L50, M|
|poke|p1|Meganium, L50, F|
|poke|p2|Incineroar, L50, M|
|poke|p2|Charizard, L50, M|
|poke|p2|Garchomp, L50, M|
|poke|p2|Azumarill, L50, M|
|poke|p2|Sinistcha, L50|
|poke|p2|Goodra-Hisui, L50, M|
|teampreview|4
|showteam|p1|Tyranitar||Tyranitarite|SandStream|Crunch,DragonDance,RockSlide,Protect|Jolly||F|||50|]Excadrill||FocusSash|SandRush|RockSlide,Earthquake,IronHead,Protect|Adamant||M|||50|]Rotom-Heat||ChoiceScarf|Levitate|VoltSwitch,Thunderbolt,Overheat,Trick|Modest|||||50|]Tauros-Paldea-Aqua||WhiteHerb|Intimidate|AquaJet,WaveCrash,CloseCombat,Protect|Jolly||M|||50|]Whimsicott||LifeOrb|Prankster|EnergyBall,Moonblast,Tailwind,Protect|Timid||M|||50|]Meganium||Meganiumite|Overgrow|DazzlingGleam,SolarBeam,WeatherBall,Protect|Modest||F|||50|
|showteam|p2|Incineroar||Leftovers|Intimidate|PartingShot,FakeOut,FlareBlitz,ThroatChop|Careful||M|||50|]Charizard||CharizarditeY|Blaze|Protect,HeatWave,SolarBeam,WeatherBall|Modest||M|||50|]Garchomp||ScopeLens|RoughSkin|Protect,DragonClaw,RockSlide,Earthquake|Adamant||M|||50|]Azumarill||SitrusBerry|HugePower|Protect,AquaJet,BellyDrum,PlayRough|Adamant||M|||50|]Sinistcha||FocusSash|Hospitality|Protect,TrickRoom,MatchaGotcha,RagePowder|Calm|||||50|]Goodra-Hisui||ShellBell|SapSipper|Feint,Protect,DragonCheer,HeavySlam|Relaxed||M|||50|
|inactive|Battle timer is ON: inactive players will automatically lose when time's up. (requested by imnotthatgoodvgc)
|inactive|imnotthatgoodvgc has 60 seconds left.
|inactive|carmelotb has 60 seconds left.
|inactive|imnotthatgoodvgc has 30 seconds left.
|
|t:|1784815698
|teamsize|p1|4
|teamsize|p2|4
|start
|switch|p1a: Whimsicott|Whimsicott, L50, M|100/100
|switch|p1b: Rotom|Rotom-Heat, L50|100/100
|switch|p2a: Sinistcha|Sinistcha, L50|100/100
|switch|p2b: Azumarill|Azumarill, L50, M|100/100
|turn|1
|
|t:|1784815714
|move|p2a: Sinistcha|Rage Powder|p2a: Sinistcha
|-singleturn|p2a: Sinistcha|move: Rage Powder
|move|p1b: Rotom|Trick|p2a: Sinistcha
|-activate|p1b: Rotom|move: Trick|[of] p2a: Sinistcha
|-item|p2a: Sinistcha|Choice Scarf|[from] move: Trick
|-item|p1b: Rotom|Focus Sash|[from] move: Trick
|move|p1a: Whimsicott|Energy Ball|p2b: Azumarill
|-supereffective|p2b: Azumarill|1
|-damage|p2b: Azumarill|11/100
|-unboost|p2b: Azumarill|spd|1
|-enditem|p2b: Azumarill|Sitrus Berry|[eat]
|-heal|p2b: Azumarill|36/100|[from] item: Sitrus Berry
|-damage|p1a: Whimsicott|90/100|[from] item: Life Orb
|move|p2b: Azumarill|Belly Drum||[still]
|-fail|p2b: Azumarill
|
|upkeep
|turn|2
|inactive|carmelotb has 30 seconds left.
|inactive|imnotthatgoodvgc has 30 seconds left.
|inactive|carmelotb has 20 seconds left.
|inactive|imnotthatgoodvgc has 20 seconds left.
|
|t:|1784815752
|switch|p2b: Incineroar|Incineroar, L50, M|100/100
|-ability|p2b: Incineroar|Intimidate|boost
|-unboost|p1a: Whimsicott|atk|1
|-unboost|p1b: Rotom|atk|1
|move|p1a: Whimsicott|Tailwind|p1a: Whimsicott
|-sidestart|p1: carmelotb|move: Tailwind
|move|p1b: Rotom|Thunderbolt|p2b: Incineroar
|-damage|p2b: Incineroar|74/100
|move|p2a: Sinistcha|Trick Room|p2a: Sinistcha
|-fieldstart|move: Trick Room|[of] p2a: Sinistcha
|
|-heal|p2b: Incineroar|80/100|[from] item: Leftovers
|upkeep
|turn|3
|inactive|imnotthatgoodvgc has 30 seconds left.
|inactive|imnotthatgoodvgc has 20 seconds left.
|inactive|imnotthatgoodvgc has 15 seconds left.
|inactive|imnotthatgoodvgc has 10 seconds left.
|
|t:|1784815799
|switch|p2a: Azumarill|Azumarill, L50, M|36/100
|move|p1a: Whimsicott|Protect|p1a: Whimsicott
|-singleturn|p1a: Whimsicott|Protect
|move|p2b: Incineroar|Flare Blitz|p1a: Whimsicott
|-activate|p1a: Whimsicott|move: Protect
|move|p1b: Rotom|Thunderbolt|p2a: Azumarill
|-supereffective|p2a: Azumarill|1
|-damage|p2a: Azumarill|0 fnt
|faint|p2a: Azumarill
|
|-heal|p2b: Incineroar|86/100|[from] item: Leftovers
|upkeep
|
|t:|1784815815
|switch|p2a: Garchomp|Garchomp, L50, M|100/100
|turn|4
|
|t:|1784815836
|switch|p1b: Tauros|Tauros-Paldea-Aqua, L50, M|100/100
|-ability|p1b: Tauros|Intimidate|boost
|-unboost|p2a: Garchomp|atk|1
|-unboost|p2b: Incineroar|atk|1
|move|p2b: Incineroar|Flare Blitz|p1a: Whimsicott
|-supereffective|p1a: Whimsicott|1
|-damage|p1a: Whimsicott|5/100
|-damage|p2b: Incineroar|67/100|[from] Recoil
|move|p2a: Garchomp|Rock Slide|p1b: Tauros|[spread] p1a,p1b
|-resisted|p1b: Tauros|1
|-damage|p1a: Whimsicott|0 fnt
|-damage|p1b: Tauros|92/100
|faint|p1a: Whimsicott
|
|-heal|p2b: Incineroar|73/100|[from] item: Leftovers
|upkeep
|
|t:|1784815850
|switch|p1a: Meganium|Meganium, L50, F|100/100
|turn|5
|
|t:|1784815864
|switch|p2a: Sinistcha|Sinistcha, L50|100/100
|-heal|p2b: Incineroar|98/100|[from] ability: Hospitality|[of] p2a: Sinistcha
|detailschange|p1a: Meganium|Meganium-Mega, L50, F
|-mega|p1a: Meganium|Meganium|Meganiumite
|move|p1a: Meganium|Protect|p1a: Meganium
|-singleturn|p1a: Meganium|Protect
|move|p1b: Tauros|Aqua Jet|p2b: Incineroar
|-supereffective|p2b: Incineroar|1
|-damage|p2b: Incineroar|62/100
|move|p2b: Incineroar|Parting Shot|p1a: Meganium
|-activate|p1a: Meganium|move: Protect
|
|-heal|p2b: Incineroar|68/100|[from] item: Leftovers
|-sideend|p1: carmelotb|move: Tailwind
|upkeep
|turn|6
|inactive|imnotthatgoodvgc has 30 seconds left.
|inactive|imnotthatgoodvgc has 20 seconds left.
|inactive|carmelotb has 30 seconds left.
|
|t:|1784815909
|switch|p1a: Rotom|Rotom-Heat, L50|100/100
|move|p2a: Sinistcha|Rage Powder|p2a: Sinistcha
|-singleturn|p2a: Sinistcha|move: Rage Powder
|move|p2b: Incineroar|Flare Blitz|p1a: Rotom
|-resisted|p1a: Rotom|1
|-damage|p1a: Rotom|82/100
|-damage|p2b: Incineroar|63/100|[from] Recoil
|move|p1b: Tauros|Wave Crash|p2a: Sinistcha
|-resisted|p2a: Sinistcha|1
|-crit|p2a: Sinistcha
|-damage|p2a: Sinistcha|59/100
|-damage|p1b: Tauros|76/100|[from] Recoil
|
|-heal|p2b: Incineroar|69/100|[from] item: Leftovers
|-fieldend|move: Trick Room
|upkeep
|turn|7
|
|t:|1784815931
|switch|p2a: Garchomp|Garchomp, L50, M|100/100
|move|p1b: Tauros|Protect|p1b: Tauros
|-singleturn|p1b: Tauros|Protect
|move|p1a: Rotom|Overheat|p2a: Garchomp|[miss]
|-miss|p1a: Rotom|p2a: Garchomp
|move|p2b: Incineroar|Parting Shot|p1a: Rotom
|-unboost|p1a: Rotom|atk|1
|-unboost|p1a: Rotom|spa|1
|
|t:|1784815942
|switch|p2b: Sinistcha|Sinistcha, L50|59/100|[from] Parting Shot
|
|upkeep
|turn|8
|inactive|carmelotb has 30 seconds left.
|
|t:|1784815970
|move|p2b: Sinistcha|Rage Powder|p2b: Sinistcha
|-singleturn|p2b: Sinistcha|move: Rage Powder
|move|p1b: Tauros|Wave Crash|p2b: Sinistcha
|-resisted|p2b: Sinistcha|1
|-damage|p2b: Sinistcha|35/100
|-damage|p1b: Tauros|66/100|[from] Recoil
|move|p2a: Garchomp|Rock Slide|p1b: Tauros|[spread] p1b
|-miss|p2a: Garchomp|p1a: Rotom
|-resisted|p1b: Tauros|1
|-damage|p1b: Tauros|54/100
|move|p1a: Rotom|Overheat|p2b: Sinistcha
|-supereffective|p2b: Sinistcha|1
|-damage|p2b: Sinistcha|0 fnt
|-unboost|p1a: Rotom|spa|2
|faint|p2b: Sinistcha
|
|upkeep
|
|t:|1784815987
|switch|p2b: Incineroar|Incineroar, L50, M|69/100
|-ability|p2b: Incineroar|Intimidate|boost
|-unboost|p1a: Rotom|atk|1
|-unboost|p1b: Tauros|atk|1
|-enditem|p1b: Tauros|White Herb
|-clearnegativeboost|p1b: Tauros|[silent]
|turn|9
|
|t:|1784816007
|move|p1b: Tauros|Protect|p1b: Tauros
|-singleturn|p1b: Tauros|Protect
|move|p2b: Incineroar|Fake Out|p1b: Tauros
|-activate|p1b: Tauros|move: Protect
|move|p2a: Garchomp|Rock Slide|p1b: Tauros|[spread] p1a
|-activate|p1b: Tauros|move: Protect
|-supereffective|p1a: Rotom|1
|-damage|p1a: Rotom|37/100
|move|p1a: Rotom|Trick|p2b: Incineroar
|-activate|p1a: Rotom|move: Trick|[of] p2b: Incineroar
|-item|p2b: Incineroar|Focus Sash|[from] move: Trick
|-item|p1a: Rotom|Leftovers|[from] move: Trick
|
|-heal|p1a: Rotom|43/100|[from] item: Leftovers
|upkeep
|turn|10
|inactive|imnotthatgoodvgc has 30 seconds left.
|inactive|imnotthatgoodvgc has 20 seconds left.
|inactive|imnotthatgoodvgc has 15 seconds left.
|
|t:|1784816048
|switch|p1a: Meganium|Meganium-Mega, L50, F|100/100
|move|p1b: Tauros|Wave Crash|p2b: Incineroar
|-supereffective|p2b: Incineroar|1
|-damage|p2b: Incineroar|0 fnt
|faint|p2b: Incineroar
|-damage|p1b: Tauros|23/100|[from] Recoil
|move|p2a: Garchomp|Dragon Claw|p1b: Tauros
|-crit|p1b: Tauros
|-damage|p1b: Tauros|0 fnt
|faint|p1b: Tauros
|
|upkeep
|
|t:|1784816058
|switch|p1b: Rotom|Rotom-Heat, L50|43/100
|turn|11
|
|t:|1784816077
|move|p2a: Garchomp|Rock Slide|p1a: Meganium|[spread] p1a,p1b
|-supereffective|p1b: Rotom|1
|-damage|p1a: Meganium|78/100
|-damage|p1b: Rotom|0 fnt
|faint|p1b: Rotom
|move|p1a: Meganium|Solar Beam||[still]
|-prepare|p1a: Meganium|Solar Beam
|-activate|p1a: Meganium|ability: Mega Sol
|-anim|p1a: Meganium|Solar Beam|p2a: Garchomp
|-damage|p2a: Garchomp|23/100
|
|upkeep
|turn|12
|
|t:|1784816089
|move|p2a: Garchomp|Rock Slide|p1a: Meganium
|-damage|p1a: Meganium|49/100
|move|p1a: Meganium|Dazzling Gleam|p2a: Garchomp
|-supereffective|p2a: Garchomp|1
|-damage|p2a: Garchomp|0 fnt
|faint|p2a: Garchomp
|
|win|carmelotb
|l|☆carmelotb
|player|p1|
||carmelotb is ready for game 3.
