|j|☆Mamoswinefanboi
|j|☆cm3112
|html|Mamoswinefanboicm3112    
|uhtml|bestof|Game 2 of a best-of-3
|t:|1757921575
|gametype|doubles
|player|p1|Mamoswinefanboi|265|1461
|player|p2|cm3112|266|1387
|gen|9
|tier|[Gen 9] VGC 2025 Reg H (Bo3)
|rated|
|rule|Species Clause: Limit one of each Pokémon
|rule|Item Clause: Limit 1 of each item
|clearpoke
|poke|p1|Incineroar, L50, M|
|poke|p1|Gholdengo, L50|
|poke|p1|Rillaboom, L50, M|
|poke|p1|Ursaluna-Bloodmoon, L50, M|
|poke|p1|Sneasler, L50, M|
|poke|p1|Dondozo, L50, M|
|poke|p2|Archaludon, L50, F|
|poke|p2|Maushold-Four, L50|
|poke|p2|Pelipper, L50, F|
|poke|p2|Basculegion, L50, M|
|poke|p2|Incineroar, L50, F|
|poke|p2|Sinistcha-Masterpiece, L50|
|teampreview|4
|showteam|p1|Incineroar||SafetyGoggles|Intimidate|FakeOut,FlareBlitz,KnockOff,PartingShot|||M|||50|,,,,,Ghost]Gholdengo||LifeOrb|GoodasGold|MakeItRain,ShadowBall,NastyPlot,Protect||||||50|,,,,,Water]Rillaboom||MiracleSeed|GrassySurge|WoodHammer,GrassyGlide,FakeOut,HighHorsepower|||M|||50|,,,,,Fire]Ursaluna-Bloodmoon||AssaultVest|MindsEye|BloodMoon,EarthPower,HyperVoice,VacuumWave|||M|||50|,,,,,Electric]Sneasler||GrassySeed|Unburden|CloseCombat,Acrobatics,SwordsDance,Protect|||M|||50|,,,,,Flying]Dondozo||Leftovers|Unaware|Protect,WaveCrash,Fissure,Yawn|||M|||50|,,,,,Bug
|showteam|p2|Archaludon||AssaultVest|Stamina|FlashCannon,ElectroShot,DracoMeteor,BodyPress|||F|||50|,,,,,Fairy]Maushold-Four||WideLens|Technician|PopulationBomb,Taunt,FollowMe,Protect||||||50|,,,,,Ghost]Pelipper||FocusSash|Drizzle|MuddyWater,Hurricane,WideGuard,Protect|||F|||50|,,,,,Grass]Basculegion||ChoiceBand|SwiftSwim|WaveCrash,FlipTurn,AquaJet,LastRespects|||M|||50|,,,,,Grass]Incineroar||SafetyGoggles|Intimidate|FakeOut,PartingShot,KnockOff,WillOWisp|||F|||50|,,,,,Bug]Sinistcha-Masterpiece||RockyHelmet|Hospitality|MatchaGotcha,ShadowBall,CalmMind,Protect||||||50|,,,,,Dark
|inactive|Battle timer is ON: inactive players will automatically lose when time's up. (requested by cm3112)
|
|t:|1757921597
|teamsize|p1|4
|teamsize|p2|4
|start
|switch|p1a: Gholdengo|Gholdengo, L50|100/100
|switch|p1b: Incineroar|Incineroar, L50, M|100/100
|switch|p2a: Maushold|Maushold-Four, L50|100/100
|switch|p2b: Incineroar|Incineroar, L50, F|100/100
|-ability|p1b: Incineroar|Intimidate|boost
|-unboost|p2a: Maushold|atk|1
|-unboost|p2b: Incineroar|atk|1
|-ability|p2b: Incineroar|Intimidate|boost
|-unboost|p1a: Gholdengo|atk|1
|-unboost|p1b: Incineroar|atk|1
|turn|1
|inactive|cm3112 has 30 seconds left.
|
|t:|1757921625
|switch|p2a: Basculegion|Basculegion, L50, M|100/100
|move|p1b: Incineroar|Fake Out|p2b: Incineroar
|-damage|p2b: Incineroar|95/100
|move|p1a: Gholdengo|Nasty Plot|p1a: Gholdengo
|-boost|p1a: Gholdengo|spa|2
|cant|p2b: Incineroar|flinch
|
|upkeep
|turn|2
|
|t:|1757921633
|switch|p2b: Pelipper|Pelipper, L50, F|100/100
|-weather|RainDance|[from] ability: Drizzle|[of] p2b: Pelipper
|move|p1a: Gholdengo|Protect|p1a: Gholdengo
|-singleturn|p1a: Gholdengo|Protect
|move|p2a: Basculegion|Flip Turn|p1b: Incineroar
|-supereffective|p1b: Incineroar
|-damage|p1b: Incineroar|0 fnt
|faint|p1b: Incineroar
|
|t:|1757921645
|switch|p2a: Maushold|Maushold-Four, L50|100/100|[from] Flip Turn
|
|-weather|RainDance|[upkeep]
|upkeep
|
|t:|1757921648
|switch|p1b: Rillaboom|Rillaboom, L50, M|100/100
|-fieldstart|move: Grassy Terrain|[from] ability: Grassy Surge|[of] p1b: Rillaboom
|turn|3
|
|t:|1757921654
|switch|p2b: Incineroar|Incineroar, L50, F|95/100
|-ability|p2b: Incineroar|Intimidate|boost
|-unboost|p1a: Gholdengo|atk|1
|-unboost|p1b: Rillaboom|atk|1
|-terastallize|p2a: Maushold|Ghost
|move|p1b: Rillaboom|Fake Out|p2b: Incineroar
|-damage|p2b: Incineroar|88/100
|move|p2a: Maushold|Population Bomb|p1b: Rillaboom
|-damage|p1b: Rillaboom|89/100
|-damage|p1b: Rillaboom|79/100
|-damage|p1b: Rillaboom|69/100
|-damage|p1b: Rillaboom|57/100
|-damage|p1b: Rillaboom|45/100
|-damage|p1b: Rillaboom|33/100
|-damage|p1b: Rillaboom|22/100
|-damage|p1b: Rillaboom|12/100
|-damage|p1b: Rillaboom|1/100
|-damage|p1b: Rillaboom|0 fnt
|faint|p1b: Rillaboom
|-hitcount|p1: Rillaboom|10
|move|p1a: Gholdengo|Nasty Plot|p1a: Gholdengo
|-boost|p1a: Gholdengo|spa|2
|
|-weather|RainDance|[upkeep]
|-heal|p2b: Incineroar|94/100|[from] Grassy Terrain
|upkeep
|
|t:|1757921660
|switch|p1b: Dondozo|Dondozo, L50, M|100/100
|turn|4
|
|t:|1757921673
|move|p2a: Maushold|Population Bomb|p1b: Dondozo
|-damage|p1b: Dondozo|94/100
|-damage|p1b: Dondozo|87/100
|-damage|p1b: Dondozo|81/100
|-damage|p1b: Dondozo|74/100
|-damage|p1b: Dondozo|67/100
|-damage|p1b: Dondozo|59/100
|-damage|p1b: Dondozo|52/100
|-damage|p1b: Dondozo|46/100
|-damage|p1b: Dondozo|40/100
|-damage|p1b: Dondozo|34/100
|-hitcount|p1b: Dondozo|10
|move|p1a: Gholdengo|Make It Rain|p2a: Maushold|[spread] p2a,p2b
|-resisted|p2b: Incineroar
|-damage|p2a: Maushold|0 fnt
|-damage|p2b: Incineroar|29/100
|-unboost|p1a: Gholdengo|spa|1
|faint|p2a: Maushold
|-damage|p1a: Gholdengo|91/100|[from] item: Life Orb
|move|p2b: Incineroar|Knock Off|p1b: Dondozo
|-damage|p1b: Dondozo|13/100
|-enditem|p1b: Dondozo|Leftovers|[from] move: Knock Off|[of] p2b: Incineroar
|move|p1b: Dondozo|Yawn|p2b: Incineroar
|-start|p2b: Incineroar|move: Yawn|[of] p1b: Dondozo
|
|-weather|RainDance|[upkeep]
|-heal|p1a: Gholdengo|97/100|[from] Grassy Terrain
|-heal|p2b: Incineroar|35/100|[from] Grassy Terrain
|-heal|p1b: Dondozo|19/100|[from] Grassy Terrain
|upkeep
|
|t:|1757921697
|switch|p2a: Basculegion|Basculegion, L50, M|100/100
|turn|5
|
|t:|1757921705
|switch|p2b: Pelipper|Pelipper, L50, F|100/100
|-terastallize|p1a: Gholdengo|Water
|move|p2a: Basculegion|Last Respects|p1a: Gholdengo
|-damage|p1a: Gholdengo|12/100
|move|p1a: Gholdengo|Shadow Ball|p2a: Basculegion
|-supereffective|p2a: Basculegion
|-damage|p2a: Basculegion|0 fnt
|faint|p2a: Basculegion
|-damage|p1a: Gholdengo|2/100|[from] item: Life Orb
|move|p1b: Dondozo|Yawn|p2b: Pelipper
|-start|p2b: Pelipper|move: Yawn|[of] p1b: Dondozo
|
|-weather|RainDance|[upkeep]
|-heal|p1a: Gholdengo|8/100|[from] Grassy Terrain
|-heal|p1b: Dondozo|25/100|[from] Grassy Terrain
|upkeep
|
|t:|1757921715
|switch|p2a: Incineroar|Incineroar, L50, F|35/100
|-ability|p2a: Incineroar|Intimidate|boost
|-unboost|p1a: Gholdengo|atk|1
|-unboost|p1b: Dondozo|atk|1
|turn|6
|
|t:|1757921727
|move|p1a: Gholdengo|Protect|p1a: Gholdengo
|-singleturn|p1a: Gholdengo|Protect
|move|p1b: Dondozo|Protect|p1b: Dondozo
|-singleturn|p1b: Dondozo|Protect
|move|p2a: Incineroar|Fake Out|p1b: Dondozo
|-activate|p1b: Dondozo|move: Protect
|move|p2b: Pelipper|Muddy Water|p1b: Dondozo|[spread] 
|-activate|p1a: Gholdengo|move: Protect
|-activate|p1b: Dondozo|move: Protect
|
|-weather|none
|-heal|p1a: Gholdengo|14/100|[from] Grassy Terrain
|-heal|p2a: Incineroar|41/100|[from] Grassy Terrain
|-heal|p1b: Dondozo|31/100|[from] Grassy Terrain
|-end|p2b: Pelipper|move: Yawn|[silent]
|-status|p2b: Pelipper|slp
|upkeep
|turn|7
|
|t:|1757921733
|move|p1a: Gholdengo|Shadow Ball|p2a: Incineroar
|-resisted|p2a: Incineroar
|-damage|p2a: Incineroar|0 fnt
|faint|p2a: Incineroar
|-damage|p1a: Gholdengo|5/100|[from] item: Life Orb
|cant|p2b: Pelipper|slp
|move|p1b: Dondozo|Wave Crash|p2b: Pelipper
|-resisted|p2b: Pelipper
|-damage|p2b: Pelipper|80/100 slp
|-damage|p1b: Dondozo|28/100|[from] Recoil
|
|-heal|p1a: Gholdengo|11/100|[from] Grassy Terrain
|-heal|p1b: Dondozo|34/100|[from] Grassy Terrain
|-fieldend|move: Grassy Terrain
|upkeep
|turn|8
|
|t:|1757921743
|move|p1a: Gholdengo|Shadow Ball|p2b: Pelipper
|-damage|p2b: Pelipper|0 fnt
|faint|p2b: Pelipper
|-damage|p1a: Gholdengo|2/100|[from] item: Life Orb
|
|win|Mamoswinefanboi
||cm3112 is ready for game 3.
||Mamoswinefanboi is ready for game 3.
|uhtml|next|Next: Game 3 of 3
|l|☆cm3112
|player|p2|
|l|☆Mamoswinefanboi
|player|p1|
