|j|☆Vicentefc2
|j|☆Lucario Palworld
|html|Vicentefc2Lucario Palworld    
|uhtml|bestof|Game 1 of a best-of-3
|t:|1757702374
|gametype|doubles
|player|p1|Vicentefc2|hilbert|1366
|player|p2|Lucario Palworld|1|1369
|gen|9
|tier|[Gen 9] VGC 2025 Reg H (Bo3)
|rated|
|rule|Species Clause: Limit one of each Pokémon
|rule|Item Clause: Limit 1 of each item
|clearpoke
|poke|p1|Rillaboom, L50, M|
|poke|p1|Annihilape, L50, M|
|poke|p1|Politoed, L50, M|
|poke|p1|Murkrow, L50, M|
|poke|p1|Archaludon, L50, M|
|poke|p1|Maushold, L50|
|poke|p2|Whimsicott, L50, F|
|poke|p2|Pelipper, L50, F|
|poke|p2|Tatsugiri, L50, F|
|poke|p2|Dondozo, L50, F|
|poke|p2|Gholdengo, L50|
|poke|p2|Perrserker, L50, M|
|teampreview|4
|showteam|p1|Rillaboom||AssaultVest|GrassySurge|WoodHammer,GrassyGlide,Uturn,FakeOut|||M|||50|,,,,,Fire]Annihilape||Leftovers|Defiant|DrainPunch,RageFist,BulkUp,Protect|||M|||50|,,,,,Fire]Politoed||LifeOrb|Drizzle|WeatherBall,IceBeam,RainDance,Protect|||M|||50|,,,,,Steel]Murkrow||Eviolite|Prankster|FoulPlay,Taunt,Haze,Tailwind|||M|||50|,,,,,Steel]Archaludon||PowerHerb|Sturdy|ElectroShot,DracoMeteor,FlashCannon,Protect|||M|||50|,,,,,Electric]Maushold||WideLens|Technician|PopulationBomb,FollowMe,BeatUp,Protect||||||50|,,,,,Ghost
|showteam|p2|Whimsicott||CovertCloak|Prankster|Moonblast,LightScreen,Tailwind,Encore|||F|||50|,,,,,Fire]Pelipper||FocusSash|Drizzle|Hurricane,WeatherBall,Tailwind,WideGuard|||F|||50|,,,,,Ghost]Tatsugiri||ChoiceScarf|Commander|MuddyWater,DracoMeteor,DragonPulse,IcyWind|||F|||50|,,,,,Steel]Dondozo||ClearAmulet|Unaware|Earthquake,WaveCrash,OrderUp,Protect|||F|||50|,,,,,Grass]Gholdengo||ChoiceSpecs|GoodasGold|ShadowBall,MakeItRain,FocusBlast,Thunderbolt||||||50|,,,,,Steel]Perrserker||ChopleBerry|SteelySpirit|FakeOut,IronHead,Taunt,KnockOff|||M|||50|,,,,,Steel
|
|t:|1757702427
|teamsize|p1|4
|teamsize|p2|4
|start
|switch|p1a: micky|Maushold, L50|100/100
|switch|p1b: rocky|Annihilape, L50, M|100/100
|switch|p2a: Gholdengo|Gholdengo, L50|100/100
|switch|p2b: Whimsicott|Whimsicott, L50, F|100/100
|turn|1
|
|t:|1757702456
|-terastallize|p1b: rocky|Fire
|move|p1a: micky|Protect|p1a: micky
|-singleturn|p1a: micky|Protect
|move|p2b: Whimsicott|Tailwind|p2b: Whimsicott
|-sidestart|p2: Lucario Palworld|move: Tailwind
|move|p2a: Gholdengo|Make It Rain|p1a: micky|[spread] p1b
|-activate|p1a: micky|move: Protect
|-resisted|p1b: rocky
|-damage|p1b: rocky|67/100
|-unboost|p2a: Gholdengo|spa|1
|move|p1b: rocky|Bulk Up|p1b: rocky
|-boost|p1b: rocky|atk|1
|-boost|p1b: rocky|def|1
|
|-heal|p1b: rocky|73/100|[from] item: Leftovers
|upkeep
|turn|2
|
|t:|1757702469
|-terastallize|p2a: Gholdengo|Steel
|move|p1a: micky|Follow Me|p1a: micky
|-singleturn|p1a: micky|move: Follow Me
|move|p2b: Whimsicott|Light Screen|p2b: Whimsicott
|-sidestart|p2: Lucario Palworld|move: Light Screen
|move|p2a: Gholdengo|Make It Rain|p1b: rocky|[spread] p1a,p1b
|-resisted|p1b: rocky
|-damage|p1a: micky|3/100
|-damage|p1b: rocky|43/100
|-unboost|p2a: Gholdengo|spa|1
|move|p1b: rocky|Rage Fist|p2b: Whimsicott
|-crit|p2b: Whimsicott
|-damage|p2b: Whimsicott|0 fnt
|faint|p2b: Whimsicott
|
|-heal|p1b: rocky|49/100|[from] item: Leftovers
|upkeep
|
|t:|1757702480
|switch|p2b: Dondozo|Dondozo, L50, F|100/100
|turn|3
|
|t:|1757702488
|move|p1b: rocky|Protect|p1b: rocky
|-singleturn|p1b: rocky|Protect
|move|p2a: Gholdengo|Make It Rain|p1a: micky|[spread] p1a
|-activate|p1b: rocky|move: Protect
|-crit|p1a: micky
|-damage|p1a: micky|0 fnt
|-unboost|p2a: Gholdengo|spa|1
|faint|p1a: micky
|move|p2b: Dondozo|Wave Crash|p1b: rocky
|-activate|p1b: rocky|move: Protect
|
|-heal|p1b: rocky|55/100|[from] item: Leftovers
|upkeep
|
|t:|1757702494
|switch|p1a: edgar|Murkrow, L50, M|100/100
|turn|4
|
|t:|1757702510
|switch|p2a: Tatsugiri|Tatsugiri, L50, F|100/100
|-activate|p2a: Tatsugiri|ability: Commander|[of] p2b: Dondozo
|-boost|p2b: Dondozo|atk|2
|-boost|p2b: Dondozo|spa|2
|-boost|p2b: Dondozo|spe|2
|-boost|p2b: Dondozo|def|2
|-boost|p2b: Dondozo|spd|2
|move|p1a: edgar|Tailwind|p1a: edgar
|-sidestart|p1: Vicentefc2|move: Tailwind
|move|p2b: Dondozo|Wave Crash|p1a: edgar
|-damage|p1a: edgar|0 fnt
|faint|p1a: edgar
|-damage|p2b: Dondozo|77/100|[from] Recoil
|move|p1b: rocky|Rage Fist|p2b: Dondozo
|-damage|p2b: Dondozo|55/100
|
|-heal|p1b: rocky|61/100|[from] item: Leftovers
|-sideend|p2: Lucario Palworld|move: Tailwind
|upkeep
|
|t:|1757702521
|switch|p1a: megadramon|Archaludon, L50, M|100/100
|turn|5
|
|t:|1757702528
|move|p2b: Dondozo|Protect|p2b: Dondozo
|-singleturn|p2b: Dondozo|Protect
|move|p1a: megadramon|Electro Shot||[still]
|-prepare|p1a: megadramon|Electro Shot
|-boost|p1a: megadramon|spa|1
|-enditem|p1a: megadramon|Power Herb
|-anim|p1a: megadramon|Electro Shot|p2b: Dondozo
|-activate|p2b: Dondozo|move: Protect
|move|p1b: rocky|Rage Fist|p2b: Dondozo
|-activate|p2b: Dondozo|move: Protect
|
|-heal|p1b: rocky|67/100|[from] item: Leftovers
|upkeep
|turn|6
|
|t:|1757702543
|move|p1b: rocky|Protect|p1b: rocky
|-singleturn|p1b: rocky|Protect
|move|p1a: megadramon|Electro Shot||[still]
|-prepare|p1a: megadramon|Electro Shot
|-boost|p1a: megadramon|spa|1
|move|p2b: Dondozo|Earthquake|p1a: megadramon|[spread] p1a
|-miss|p2b: Dondozo|p2a: Tatsugiri
|-activate|p1b: rocky|move: Protect
|-supereffective|p1a: megadramon
|-crit|p1a: megadramon
|-ability|p1a: megadramon|Sturdy
|-damage|p1a: megadramon|1/100
|
|-heal|p1b: rocky|73/100|[from] item: Leftovers
|-sideend|p2: Lucario Palworld|move: Light Screen
|upkeep
|turn|7
|
|t:|1757702555
|move|p2b: Dondozo|Protect|p2b: Dondozo
|-singleturn|p2b: Dondozo|Protect
|move|p1a: megadramon|Electro Shot|p2b: Dondozo|[from] lockedmove
|-activate|p2b: Dondozo|move: Protect
|move|p1b: rocky|Rage Fist|p2b: Dondozo
|-activate|p2b: Dondozo|move: Protect
|
|-heal|p1b: rocky|79/100|[from] item: Leftovers
|-sideend|p1: Vicentefc2|move: Tailwind
|upkeep
|turn|8
|
|t:|1757702560
|move|p1a: megadramon|Protect|p1a: megadramon
|-singleturn|p1a: megadramon|Protect
|move|p2b: Dondozo|Earthquake|p1b: rocky|[spread] p1b
|-miss|p2b: Dondozo|p2a: Tatsugiri
|-activate|p1a: megadramon|move: Protect
|-supereffective|p1b: rocky
|-damage|p1b: rocky|0 fnt
|faint|p1b: rocky
|
|upkeep
|turn|9
|
|t:|1757702598
|move|p2b: Dondozo|Earthquake|p1a: megadramon|[spread] p1a
|-miss|p2b: Dondozo|p2a: Tatsugiri
|-supereffective|p1a: megadramon
|-damage|p1a: megadramon|0 fnt
|faint|p1a: megadramon
|
|win|Lucario Palworld
||Vicentefc2 is ready for game 2.
||Lucario Palworld is ready for game 2.
|uhtml|next|Next: Game 2 of 3
|l|☆Vicentefc2
|player|p1|
|l|☆Lucario Palworld
|player|p2|
