|j|☆antopeizYZ
|j|☆StarDoor01
|html|antopeizYZStarDoor01    
|uhtml|bestof|Game 1 of a best-of-3
|t:|1785489051
|gametype|doubles
|player|p1|antopeizYZ|hilda|1189
|player|p2|StarDoor01|265|1240
|gen|9
|tier|[Gen 9 Champions] VGC 2026 Reg M-B (Bo3)
|rated|
|rule|Species Clause: Limit one of each Pokémon
|rule|Item Clause: Limit 1 of each item
|clearpoke
|poke|p1|Hatterene, L50, F, shiny|
|poke|p1|Farigiraf, L50, F|
|poke|p1|Camerupt, L50, M|
|poke|p1|Grimmsnarl, L50, M, shiny|
|poke|p1|Sinistcha, L50|
|poke|p1|Dragalge, L50, F|
|poke|p2|Scovillain, L50, F|
|poke|p2|Sylveon, L50, M|
|poke|p2|Kingambit, L50, M|
|poke|p2|Lycanroc-Dusk, L50, M|
|poke|p2|Basculegion, L50, M|
|poke|p2|Metagross, L50|
|teampreview|4
|showteam|p1|Hatterene||LifeOrb|MagicBounce|DazzlingGleam,TrickRoom,Psychic,Protect|Quiet||F|||50|]Farigiraf||SitrusBerry|ArmorTail|TrickRoom,TwinBeam,Protect,HelpingHand|Relaxed||F|||50|]Camerupt||Cameruptite|SolidRock|AncientPower,HeatWave,EarthPower,Protect|Quiet||M|||50|]Grimmsnarl||LightClay|Prankster|SpiritBreak,Reflect,LightScreen,PartingShot|Sassy||M|||50|]Sinistcha||Leftovers|Hospitality|MatchaGotcha,RagePowder,TrickRoom,Protect|Relaxed|||||50|]Dragalge||Dragalgite|Adaptability|SludgeBomb,DracoMeteor,DragonPulse,Protect|Relaxed||F|||50|
|showteam|p2|Scovillain||Scovillainite|Moody|GigaDrain,Overheat,RagePowder,Protect|Bold||F|||50|]Sylveon||FairyFeather|Pixilate|HyperVoice,HyperBeam,QuickAttack,Detect|Modest||M|||50|]Kingambit||BlackGlasses|Defiant|KowtowCleave,SuckerPunch,SwordsDance,Protect|Adamant||M|||50|]Lycanroc-Dusk||FocusSash|ToughClaws|CloseCombat,Accelerock,RockSlide,Protect|Adamant||M|||50|]Basculegion||SitrusBerry|Adaptability|WaveCrash,LastRespects,AquaJet,Protect|Adamant||M|||50|]Metagross||Metagrossite|ClearBody|PsychicFangs,IcePunch,IronHead,Protect|Jolly|||||50|
|inactive|Battle timer is ON: inactive players will automatically lose when time's up. (requested by antopeizYZ)
|inactive|StarDoor01 has 60 seconds left.
|
|t:|1785489100
|teamsize|p1|4
|teamsize|p2|4
|start
|switch|p1a: Hatterene|Hatterene, L50, F, shiny|100/100
|switch|p1b: Grimmsnarl|Grimmsnarl, L50, M, shiny|100/100
|switch|p2a: Metagross|Metagross, L50|100/100
|switch|p2b: Basculegion|Basculegion, L50, M|100/100
|turn|1
|inactive|antopeizYZ has 30 seconds left.
|inactive|StarDoor01 has 30 seconds left.
|inactive|StarDoor01 has 20 seconds left.
|inactive|StarDoor01 has 15 seconds left.
|inactive|StarDoor01 has 10 seconds left.
|
|t:|1785489145
|detailschange|p2a: Metagross|Metagross-Mega, L50
|-mega|p2a: Metagross|Metagross|Metagrossite
|move|p1a: Hatterene|Protect|p1a: Hatterene
|-singleturn|p1a: Hatterene|Protect
|move|p1b: Grimmsnarl|Reflect|p1b: Grimmsnarl
|-sidestart|p1: antopeizYZ|Reflect
|move|p2a: Metagross|Iron Head|p1b: Grimmsnarl
|-supereffective|p1b: Grimmsnarl|1
|-damage|p1b: Grimmsnarl|14/100
|move|p2b: Basculegion|Wave Crash|p1a: Hatterene
|-activate|p1a: Hatterene|move: Protect
|
|upkeep
|turn|2
|
|t:|1785489158
|move|p1b: Grimmsnarl|Parting Shot|p2a: Metagross
|-unboost|p2a: Metagross|atk|1
|-unboost|p2a: Metagross|spa|1
|inactive|antopeizYZ has 30 seconds left.
|
|t:|1785489185
|switch|p1b: Camerupt|Camerupt, L50, M|100/100|[from] Parting Shot
|move|p2a: Metagross|Psychic Fangs|p1a: Hatterene
|-sideend|p1: antopeizYZ|Reflect
|-resisted|p1a: Hatterene|1
|-damage|p1a: Hatterene|79/100
|move|p2b: Basculegion|Wave Crash|p1a: Hatterene
|-damage|p1a: Hatterene|0 fnt
|faint|p1a: Hatterene
|-damage|p2b: Basculegion|78/100|[from] Recoil
|
|upkeep
|
|t:|1785489201
|switch|p1a: Sinistcha|Sinistcha, L50|100/100
|turn|3
|inactive|StarDoor01 has 30 seconds left.
|inactive|StarDoor01 has 20 seconds left.
|inactive|StarDoor01 has 15 seconds left.
|
|t:|1785489243
|switch|p2a: Sylveon|Sylveon, L50, M|100/100
|detailschange|p1b: Camerupt|Camerupt-Mega, L50, M
|-mega|p1b: Camerupt|Camerupt|Cameruptite
|move|p1a: Sinistcha|Rage Powder|p1a: Sinistcha
|-singleturn|p1a: Sinistcha|move: Rage Powder
|move|p2b: Basculegion|Last Respects|p1a: Sinistcha
|-supereffective|p1a: Sinistcha|1
|-damage|p1a: Sinistcha|48/100
|move|p1b: Camerupt|Earth Power|p2b: Basculegion
|-damage|p2b: Basculegion|3/100
|-enditem|p2b: Basculegion|Sitrus Berry|[eat]
|-heal|p2b: Basculegion|28/100|[from] item: Sitrus Berry
|
|-heal|p1a: Sinistcha|54/100|[from] item: Leftovers
|upkeep
|turn|4
|inactive|StarDoor01 has 30 seconds left.
|
|t:|1785489276
|move|p2b: Basculegion|Protect|p2b: Basculegion
|-singleturn|p2b: Basculegion|Protect
|move|p1a: Sinistcha|Rage Powder|p1a: Sinistcha
|-singleturn|p1a: Sinistcha|move: Rage Powder
|move|p2a: Sylveon|Hyper Voice|p1b: Camerupt|[spread] p1a,p1b
|-crit|p1a: Sinistcha
|-resisted|p1b: Camerupt|1
|-damage|p1a: Sinistcha|0 fnt
|-damage|p1b: Camerupt|81/100
|faint|p1a: Sinistcha
|move|p1b: Camerupt|Heat Wave|p2a: Sylveon|[spread] p2a
|-activate|p2b: Basculegion|move: Protect
|-crit|p2a: Sylveon
|-damage|p2a: Sylveon|35/100
|
|upkeep
|
|t:|1785489287
|switch|p1a: Grimmsnarl|Grimmsnarl, L50, M, shiny|14/100
|turn|5
|
|t:|1785489301
|move|p1a: Grimmsnarl|Reflect|p1a: Grimmsnarl
|-sidestart|p1: antopeizYZ|Reflect
|move|p2b: Basculegion|Wave Crash|p1b: Camerupt
|-supereffective|p1b: Camerupt|2
|-damage|p1b: Camerupt|0 fnt
|faint|p1b: Camerupt
|-damage|p2b: Basculegion|4/100|[from] Recoil
|move|p2a: Sylveon|Hyper Voice|p1a: Grimmsnarl
|-supereffective|p1a: Grimmsnarl|1
|-damage|p1a: Grimmsnarl|0 fnt
|faint|p1a: Grimmsnarl
|
|win|StarDoor01
||antopeizYZ is ready for game 2.
||StarDoor01 is ready for game 2.
|uhtml|next|Next: Game 2 of 3
