|j|☆Dominick Misterio
|j|☆lux raymundi
|html|Dominick Misteriolux raymundi    
|uhtml|bestof|Game 1 of a best-of-3
|t:|1782488096
|gametype|doubles
|player|p1|Dominick Misterio|colress|1213
|player|p2|lux raymundi|102|1355
|gen|9
|tier|[Gen 9 Champions] VGC 2026 Reg M-B (Bo3)
|rated|
|rule|Species Clause: Limit one of each Pokémon
|rule|Item Clause: Limit 1 of each item
|clearpoke
|poke|p1|Sylveon, L50, M|
|poke|p1|Garchomp, L50, F|
|poke|p1|Blaziken, L50, M|
|poke|p1|Aerodactyl, L50, M|
|poke|p1|Kingambit, L50, M|
|poke|p1|Maushold-Four, L50|
|poke|p2|Farigiraf, L50, M|
|poke|p2|Floette-Eternal, L50, F|
|poke|p2|Basculegion, L50, M|
|poke|p2|Sneasler, L50, M|
|poke|p2|Sinistcha, L50|
|poke|p2|Delphox, L50, F|
|teampreview|4
|showteam|p1|Sylveon||FairyFeather|Pixilate|Detect,HyperBeam,HyperVoice,QuickAttack|Modest||M|||50|]Garchomp||LifeOrb|RoughSkin|Protect,Earthquake,DragonClaw,RockTomb|Jolly||F|||50|]Blaziken||Blazikenite|SpeedBoost|Protect,CloseCombat,SwordsDance,FlareBlitz|Adamant||M|||50|]Aerodactyl||Aerodactylite|Unnerve|RockSlide,DualWingbeat,Tailwind,IceFang|Jolly||M|||50|]Kingambit||FocusSash|Defiant|SuckerPunch,IronHead,LowKick,KowtowCleave|Adamant||M|||50|]Maushold-Four||ChopleBerry|FriendGuard|SunnyDay,Encore,SuperFang,Taunt|Jolly|||||50|
|showteam|p2|Farigiraf||SitrusBerry|ArmorTail|TrickRoom,HelpingHand,Protect,TwinBeam|Bold||M|||50|]Floette-Eternal||Floettite|FlowerVeil|CalmMind,DazzlingGleam,Moonblast,Protect|Modest||F|||50|]Basculegion||FocusSash|Adaptability|AquaJet,Liquidation,LastRespects,Protect|Adamant||M|||50|]Sneasler||WhiteHerb|Unburden|FakeOut,CloseCombat,DireClaw,Protect|Jolly||M|||50|]Sinistcha||KasibBerry|Hospitality|MatchaGotcha,RagePowder,TrickRoom,LifeDew|Serious|||||50|]Delphox||Delphoxite|Blaze|NastyPlot,HeatWave,Psychic,Protect|Timid||F|||50|
|
|t:|1782488136
|teamsize|p1|4
|teamsize|p2|4
|start
|switch|p1a: Aerodactyl|Aerodactyl, L50, M|100/100
|switch|p1b: Maushold|Maushold-Four, L50|100/100
|switch|p2a: Sneasler|Sneasler, L50, M|100/100
|switch|p2b: Basculegion|Basculegion, L50, M|100/100
|-ability|p1a: Aerodactyl|Unnerve
|turn|1
|
|t:|1782488160
|switch|p1a: Garchomp|Garchomp, L50, F|100/100
|move|p2a: Sneasler|Fake Out|p1b: Maushold
|-damage|p1b: Maushold|82/100
|cant|p1b: Maushold|flinch
|move|p2b: Basculegion|Liquidation|p1a: Garchomp
|-damage|p1a: Garchomp|59/100
|-damage|p2b: Basculegion|87/100|[from] ability: Rough Skin|[of] p1a: Garchomp
|
|upkeep
|turn|2
|
|t:|1782488185
|move|p2a: Sneasler|Close Combat|p1a: Garchomp
|-damage|p1a: Garchomp|14/100
|-unboost|p2a: Sneasler|def|1
|-unboost|p2a: Sneasler|spd|1
|-damage|p2a: Sneasler|87/100|[from] ability: Rough Skin|[of] p1a: Garchomp
|-enditem|p2a: Sneasler|White Herb
|-clearnegativeboost|p2a: Sneasler|[silent]
|move|p1a: Garchomp|Dragon Claw|p2b: Basculegion
|-damage|p2b: Basculegion|23/100
|-damage|p1a: Garchomp|4/100|[from] item: Life Orb
|move|p1b: Maushold|Encore|p2a: Sneasler
|-start|p2a: Sneasler|Encore
|move|p2b: Basculegion|Liquidation|p1b: Maushold
|-damage|p1b: Maushold|12/100
|-unboost|p1b: Maushold|def|1
|
|upkeep
|turn|3
|
|t:|1782488214
|move|p2b: Basculegion|Aqua Jet|p1a: Garchomp
|-damage|p1a: Garchomp|0 fnt
|-damage|p2b: Basculegion|11/100|[from] ability: Rough Skin|[of] p1a: Garchomp
|faint|p1a: Garchomp
|move|p2a: Sneasler|Close Combat|p1b: Maushold
|-supereffective|p1b: Maushold|1
|-crit|p1b: Maushold
|-enditem|p1b: Maushold|Chople Berry|[eat]
|-enditem|p1b: Maushold|Chople Berry|[weaken]
|-damage|p1b: Maushold|0 fnt
|-unboost|p2a: Sneasler|def|1
|-unboost|p2a: Sneasler|spd|1
|faint|p1b: Maushold
|
|upkeep
|
|t:|1782488227
|switch|p1a: Aerodactyl|Aerodactyl, L50, M|100/100
|switch|p1b: Kingambit|Kingambit, L50, M|100/100
|-ability|p1a: Aerodactyl|Unnerve
|turn|4
|
|t:|1782488263
|switch|p2a: Farigiraf|Farigiraf, L50, M|100/100
|detailschange|p1a: Aerodactyl|Aerodactyl-Mega, L50, M
|-mega|p1a: Aerodactyl|Aerodactyl|Aerodactylite
|move|p2b: Basculegion|Aqua Jet|p1a: Aerodactyl
|-supereffective|p1a: Aerodactyl|1
|-damage|p1a: Aerodactyl|28/100
|move|p1b: Kingambit|Sucker Punch||[still]
|cant|p2a: Farigiraf|ability: Armor Tail|Sucker Punch|[of] p1b: Kingambit
|move|p1a: Aerodactyl|Rock Slide|p2b: Basculegion|[spread] p2a,p2b
|-damage|p2a: Farigiraf|74/100
|-damage|p2b: Basculegion|0 fnt
|faint|p2b: Basculegion
|
|upkeep
|
|t:|1782488278
|switch|p2b: Sneasler|Sneasler, L50, M|87/100
|turn|5
|
|t:|1782488314
|move|p2a: Farigiraf|Protect|p2a: Farigiraf
|-singleturn|p2a: Farigiraf|Protect
|move|p1a: Aerodactyl|Dual Wingbeat|p2b: Sneasler
|-supereffective|p2b: Sneasler|1
|-damage|p2b: Sneasler|2/100
|-supereffective|p2b: Sneasler|1
|-damage|p2b: Sneasler|0 fnt
|faint|p2b: Sneasler
|-hitcount|p2: Sneasler|2
|move|p1b: Kingambit|Kowtow Cleave|p2a: Farigiraf
|-activate|p2a: Farigiraf|move: Protect
|
|upkeep
|
|t:|1782488325
|switch|p2b: Delphox|Delphox, L50, F|100/100
|turn|6
|
|t:|1782488334
|detailschange|p2b: Delphox|Delphox-Mega, L50, F
|-mega|p2b: Delphox|Delphox|Delphoxite
|move|p1a: Aerodactyl|Rock Slide|p2b: Delphox|[spread] p2b
|-miss|p1a: Aerodactyl|p2a: Farigiraf
|-supereffective|p2b: Delphox|1
|-damage|p2b: Delphox|4/100
|move|p2b: Delphox|Heat Wave|p1b: Kingambit|[spread] p1a,p1b
|-resisted|p1a: Aerodactyl|1
|-supereffective|p1b: Kingambit|1
|-damage|p1a: Aerodactyl|4/100
|-enditem|p1b: Kingambit|Focus Sash
|-damage|p1b: Kingambit|1/100
|move|p1b: Kingambit|Kowtow Cleave|p2a: Farigiraf
|-supereffective|p2a: Farigiraf|1
|-damage|p2a: Farigiraf|0 fnt
|faint|p2a: Farigiraf
|
|upkeep
|turn|7
|
|t:|1782488355
|move|p1b: Kingambit|Sucker Punch|p2b: Delphox
|-supereffective|p2b: Delphox|1
|-damage|p2b: Delphox|0 fnt
|faint|p2b: Delphox
|
|win|Dominick Misterio
