|j|☆CretaceousDraconid
|j|☆is_katabo
|html|CretaceousDraconidis_katabo    
|uhtml|bestof|Game 1 of a best-of-3
|t:|1785285761
|gametype|doubles
|player|p1|CretaceousDraconid|zinnia-masters|1311
|player|p2|is_katabo|youngster-gen4dp|1284
|gen|9
|tier|[Gen 9 Champions] VGC 2026 Reg M-B (Bo3)
|rated|
|rule|Species Clause: Limit one of each Pokémon
|rule|Item Clause: Limit 1 of each item
|clearpoke
|poke|p1|Farigiraf, L50, F|
|poke|p1|Rampardos, L50, F|
|poke|p1|Charizard, L50, M|
|poke|p1|Incineroar, L50, M|
|poke|p1|Mamoswine, L50, M|
|poke|p1|Annihilape, L50, F|
|poke|p2|Tyranitar, L50, F|
|poke|p2|Garchomp, L50, M|
|poke|p2|Incineroar, L50, M|
|poke|p2|Farigiraf, L50, M|
|poke|p2|Milotic, L50, F|
|poke|p2|Houndstone, L50, F|
|teampreview|4
|showteam|p1|Farigiraf||ColburBerry|ArmorTail|Psychic,Thunderbolt,TwinBeam,TrickRoom|Relaxed||F|||50|]Rampardos||LifeOrb|SheerForce|RockSlide,HammerArm,IceBeam,Protect|Brave||F|||50|]Charizard||CharizarditeY|Blaze|HeatWave,SolarBeam,WeatherBall,Protect|Modest||M|||50|]Incineroar||SitrusBerry|Intimidate|FlareBlitz,DarkestLariat,FakeOut,PartingShot|Careful||M|||50|]Mamoswine||FocusSash|Oblivious|IceShard,HighHorsepower,IcicleCrash,Protect|Adamant||M|||50|]Annihilape||ChoiceScarf|Defiant|ShadowClaw,CloseCombat,Uturn,RockSlide|Jolly||F|||50|
|showteam|p2|Tyranitar||ChoiceScarf|SandStream|RockSlide,KnockOff,LowKick,IcePunch|Jolly||F|||50|]Garchomp||Garchompite|RoughSkin|EarthPower,DracoMeteor,PowerGem,Protect|Modest||M|||50|]Incineroar||SitrusBerry|Intimidate|FakeOut,ThroatChop,FlareBlitz,PartingShot|Careful||M|||50|]Farigiraf||ColburBerry|ArmorTail|Psychic,HelpingHand,TrickRoom,Protect|Calm||M|||50|]Milotic||Leftovers|Competitive|Scald,IceBeam,Haze,Protect|Modest||F|||50|]Houndstone||FocusSash|SandRush|Poltergeist,BodyPress,ShadowSneak,Protect|Adamant||F|||50|
|c|☆is_katabo|not the twitter rampardos
|
|t:|1785285811
|teamsize|p1|4
|teamsize|p2|4
|start
|switch|p1a: Incineroar|Incineroar, L50, M|100/100
|switch|p1b: Farigiraf|Farigiraf, L50, F|100/100
|switch|p2a: Milotic|Milotic, L50, F|100/100
|switch|p2b: Tyranitar|Tyranitar, L50, F|100/100
|-weather|Sandstorm|[from] ability: Sand Stream|[of] p2b: Tyranitar
|-ability|p1a: Incineroar|Intimidate|boost
|-unboost|p2a: Milotic|atk|1
|-ability|p2a: Milotic|Competitive|boost
|-boost|p2a: Milotic|spa|2
|-unboost|p2b: Tyranitar|atk|1
|turn|1
|
|t:|1785285828
|move|p1a: Incineroar|Fake Out|p2a: Milotic
|-damage|p2a: Milotic|91/100
|move|p2b: Tyranitar|Rock Slide|p1b: Farigiraf|[spread] p1a,p1b
|-supereffective|p1a: Incineroar|1
|-damage|p1a: Incineroar|64/100
|-damage|p1b: Farigiraf|82/100
|cant|p2a: Milotic|flinch
|move|p1b: Farigiraf|Trick Room|p1b: Farigiraf
|-fieldstart|move: Trick Room|[of] p1b: Farigiraf
|
|-weather|Sandstorm|[upkeep]
|-damage|p1b: Farigiraf|76/100|[from] Sandstorm
|-damage|p1a: Incineroar|58/100|[from] Sandstorm
|-damage|p2a: Milotic|85/100|[from] Sandstorm
|-heal|p2a: Milotic|91/100|[from] item: Leftovers
|upkeep
|turn|2
|
|t:|1785285850
|switch|p2b: Farigiraf|Farigiraf, L50, M|100/100
|move|p1b: Farigiraf|Thunderbolt|p2a: Milotic
|-supereffective|p2a: Milotic|1
|-damage|p2a: Milotic|61/100
|move|p1a: Incineroar|Parting Shot|p2b: Farigiraf
|-unboost|p2b: Farigiraf|atk|1
|-unboost|p2b: Farigiraf|spa|1
|
|t:|1785285863
|switch|p1a: Rampardos|Rampardos, L50, F|100/100|[from] Parting Shot
|move|p2a: Milotic|Scald|p1a: Rampardos
|-supereffective|p1a: Rampardos|1
|-damage|p1a: Rampardos|0 fnt
|faint|p1a: Rampardos
|
|-weather|Sandstorm|[upkeep]
|-damage|p1b: Farigiraf|70/100|[from] Sandstorm
|-damage|p2b: Farigiraf|93/100|[from] Sandstorm
|-damage|p2a: Milotic|55/100|[from] Sandstorm
|-heal|p2a: Milotic|61/100|[from] item: Leftovers
|upkeep
|
|t:|1785285872
|switch|p1a: Charizard|Charizard, L50, M|100/100
|turn|3
|
|t:|1785285884
|detailschange|p1a: Charizard|Charizard-Mega-Y, L50, M
|-mega|p1a: Charizard|Charizard|Charizardite Y
|-weather|SunnyDay|[from] ability: Drought|[of] p1a: Charizard
|move|p1b: Farigiraf|Thunderbolt|p2b: Farigiraf
|-damage|p2b: Farigiraf|75/100
|move|p2b: Farigiraf|Psychic|p1a: Charizard
|-damage|p1a: Charizard|79/100
|move|p2a: Milotic|Scald|p1a: Charizard
|-supereffective|p1a: Charizard|1
|-damage|p1a: Charizard|23/100
|move|p1a: Charizard|Solar Beam||[still]
|-prepare|p1a: Charizard|Solar Beam
|-anim|p1a: Charizard|Solar Beam|p2a: Milotic
|-supereffective|p2a: Milotic|1
|-damage|p2a: Milotic|0 fnt
|faint|p2a: Milotic
|
|-weather|SunnyDay|[upkeep]
|upkeep
|
|t:|1785285901
|switch|p2a: Garchomp|Garchomp, L50, M|100/100
|turn|4
|
|t:|1785285911
|switch|p1a: Incineroar|Incineroar, L50, M|58/100
|-ability|p1a: Incineroar|Intimidate|boost
|-unboost|p2a: Garchomp|atk|1
|-unboost|p2b: Farigiraf|atk|1
|detailschange|p2a: Garchomp|Garchomp-Mega, L50, M
|-mega|p2a: Garchomp|Garchomp|Garchompite
|move|p1b: Farigiraf|Psychic|p2a: Garchomp
|-damage|p2a: Garchomp|65/100
|move|p2b: Farigiraf|Psychic|p1a: Incineroar
|-immune|p1a: Incineroar
|move|p2a: Garchomp|Earth Power|p1b: Farigiraf
|-damage|p1b: Farigiraf|23/100
|-unboost|p1b: Farigiraf|spd|1
|
|-weather|SunnyDay|[upkeep]
|upkeep
|turn|5
|
|t:|1785285948
|switch|p2b: Tyranitar|Tyranitar, L50, F|100/100
|-weather|Sandstorm|[from] ability: Sand Stream|[of] p2b: Tyranitar
|move|p2a: Garchomp|Protect|p2a: Garchomp
|-singleturn|p2a: Garchomp|Protect
|move|p1b: Farigiraf|Psychic|p2a: Garchomp
|-activate|p2a: Garchomp|move: Protect
|move|p1a: Incineroar|Parting Shot|p2a: Garchomp
|-activate|p2a: Garchomp|move: Protect
|
|-weather|Sandstorm|[upkeep]
|-damage|p1b: Farigiraf|17/100|[from] Sandstorm
|-damage|p1a: Incineroar|52/100|[from] Sandstorm
|-fieldend|move: Trick Room
|upkeep
|turn|6
|
|t:|1785285965
|move|p2b: Tyranitar|Knock Off|p1b: Farigiraf
|-supereffective|p1b: Farigiraf|1
|-enditem|p1b: Farigiraf|Colbur Berry|[eat]
|-enditem|p1b: Farigiraf|Colbur Berry|[weaken]
|-damage|p1b: Farigiraf|0 fnt
|faint|p1b: Farigiraf
|move|p2a: Garchomp|Power Gem|p1a: Incineroar
|-supereffective|p1a: Incineroar|1
|-damage|p1a: Incineroar|0 fnt
|faint|p1a: Incineroar
|
|-weather|Sandstorm|[upkeep]
|upkeep
|-message|CretaceousDraconid forfeited.
|
|win|is_katabo
||CretaceousDraconid is ready for game 2.
||is_katabo is ready for game 2.
|uhtml|next|Next: Game 2 of 3
|l|☆CretaceousDraconid
|player|p1|
