|j|☆Pikapower25
|j|☆testdigi
|html|Pikapower25testdigi    
|uhtml|bestof|Game 2 of a best-of-3
|t:|1784900972
|gametype|doubles
|player|p1|Pikapower25|2|1145
|player|p2|testdigi|101|1070
|gen|9
|tier|[Gen 9 Champions] VGC 2026 Reg M-B (Bo3)
|rated|
|rule|Species Clause: Limit one of each Pokémon
|rule|Item Clause: Limit 1 of each item
|clearpoke
|poke|p1|Raichu, L50, M|
|poke|p1|Mamoswine, L50, M|
|poke|p1|Chandelure, L50, F|
|poke|p1|Corviknight, L50, F|
|poke|p1|Alcremie, L50, F|
|poke|p1|Mr. Rime, L50, M|
|poke|p2|Raichu, L50, F|
|poke|p2|Sinistcha, L50|
|poke|p2|Corviknight, L50, F|
|poke|p2|Sylveon, L50, M|
|poke|p2|Garchomp, L50, F|
|poke|p2|Tyranitar, L50, M|
|teampreview|4
|showteam|p1|Raichu||RaichuniteY|LightningRod|ZapCannon,FocusBlast,FakeOut,Protect|Timid||M|||50|]Mamoswine||LifeOrb|Oblivious|HighHorsepower,IcicleCrash,IceShard,Protect|Adamant||M|||50|]Chandelure||Chandelurite|FlashFire|HeatWave,ShadowBall,EnergyBall,Protect|Modest||F|||50|]Corviknight||Leftovers|MirrorArmor|Roost,BodyPress,HeavySlam,BulkUp|Adamant||F|||50|]Alcremie||FairyFeather|AromaVeil|Decorate,HelpingHand,EnergyBall,AlluringVoice|Timid||F|||50|]Mr. Rime||SitrusBerry|ScreenCleaner|SheerCold,Psychic,Protect,RolePlay|Bold||M|||50|
|showteam|p2|Raichu||RaichuniteY|LightningRod|ZapCannon,FocusBlast,FakeOut,Protect|Timid||F|||50|]Sinistcha||KasibBerry|Hospitality|MatchaGotcha,ShadowBall,RagePowder,Protect|Modest|||||50|]Corviknight||Leftovers|MirrorArmor|IronHead,BraveBird,Tailwind,Protect|Adamant||F|||50|]Sylveon||FairyFeather|Pixilate|HyperVoice,QuickAttack,Yawn,Detect|Modest||M|||50|]Garchomp||SitrusBerry|RoughSkin|DragonClaw,StompingTantrum,RockSlide,Protect|Adamant||F|||50|]Tyranitar||FocusSash|SandStream|RockBlast,KnockOff,Superpower,Protect|Adamant||M|||50|
|
|t:|1784901009
|teamsize|p1|4
|teamsize|p2|4
|start
|switch|p1a: Mr. Rime|Mr. Rime, L50, M|100/100
|switch|p1b: Raichu|Raichu, L50, M|100/100
|switch|p2a: Sylveon|Sylveon, L50, M|100/100
|switch|p2b: Sinistcha|Sinistcha, L50|100/100
|turn|1
|
|t:|1784901035
|move|p2b: Sinistcha|Protect|p2b: Sinistcha
|-singleturn|p2b: Sinistcha|Protect
|move|p1b: Raichu|Fake Out|p2a: Sylveon
|-damage|p2a: Sylveon|91/100
|cant|p2a: Sylveon|flinch
|move|p1a: Mr. Rime|Role Play|p1b: Raichu
|-ability|p1a: Mr. Rime|Lightning Rod|Screen Cleaner|[from] move: Role Play|[of] p1b: Raichu
|
|upkeep
|turn|2
|
|t:|1784901062
|detailschange|p1b: Raichu|Raichu-Mega-Y, L50, M
|-mega|p1b: Raichu|Raichu|Raichunite Y
|move|p1b: Raichu|Protect|p1b: Raichu
|-singleturn|p1b: Raichu|Protect
|move|p2b: Sinistcha|Shadow Ball|p1a: Mr. Rime
|-supereffective|p1a: Mr. Rime|1
|-damage|p1a: Mr. Rime|25/100
|-enditem|p1a: Mr. Rime|Sitrus Berry|[eat]
|-heal|p1a: Mr. Rime|49/100|[from] item: Sitrus Berry
|move|p2a: Sylveon|Hyper Voice|p1a: Mr. Rime|[spread] p1a
|-activate|p1b: Raichu|move: Protect
|-damage|p1a: Mr. Rime|5/100
|move|p1a: Mr. Rime|Role Play|p1b: Raichu
|-ability|p1a: Mr. Rime|No Guard|Lightning Rod|[from] move: Role Play|[of] p1b: Raichu
|
|upkeep
|turn|3
|c|☆Pikapower25|I forgot to hit mega evolve, that’s gg
|
|t:|1784901095
|move|p2b: Sinistcha|Rage Powder|p2b: Sinistcha
|-singleturn|p2b: Sinistcha|move: Rage Powder
|move|p1b: Raichu|Zap Cannon|p2b: Sinistcha
|-resisted|p2b: Sinistcha|1
|-crit|p2b: Sinistcha
|-damage|p2b: Sinistcha|50/100g
|-status|p2b: Sinistcha|par
|move|p2a: Sylveon|Yawn|p1b: Raichu
|-start|p1b: Raichu|move: Yawn|[of] p2a: Sylveon
|move|p1a: Mr. Rime|Sheer Cold|p2b: Sinistcha
|-damage|p2b: Sinistcha|0 fnt
|faint|p2b: Sinistcha
|-ohko
|
|upkeep
|
|t:|1784901107
|switch|p2b: Raichu|Raichu, L50, F|100/100
|turn|4
|
|t:|1784901121
|move|p2b: Raichu|Protect|p2b: Raichu
|-singleturn|p2b: Raichu|Protect
|move|p2a: Sylveon|Detect|p2a: Sylveon
|-singleturn|p2a: Sylveon|Protect
|move|p1b: Raichu|Focus Blast|p2b: Raichu
|-activate|p2b: Raichu|move: Protect
|move|p1a: Mr. Rime|Sheer Cold|p2a: Sylveon
|-activate|p2a: Sylveon|move: Protect
|
|-end|p1b: Raichu|move: Yawn|[silent]
|-status|p1b: Raichu|slp
|upkeep
|turn|5
|
|t:|1784901136
|detailschange|p2b: Raichu|Raichu-Mega-Y, L50, F
|-mega|p2b: Raichu|Raichu|Raichunite Y
|move|p2b: Raichu|Focus Blast|p1a: Mr. Rime
|-damage|p1a: Mr. Rime|0 fnt
|faint|p1a: Mr. Rime
|cant|p1b: Raichu|slp
|move|p2a: Sylveon|Hyper Voice|p1b: Raichu
|-damage|p1b: Raichu|28/100 slp
|
|upkeep
|
|t:|1784901149
|switch|p1a: Chandelure|Chandelure, L50, F|100/100
|turn|6
|
|t:|1784901159
|move|p1a: Chandelure|Protect|p1a: Chandelure
|-singleturn|p1a: Chandelure|Protect
|move|p2a: Sylveon|Quick Attack|p1b: Raichu
|-damage|p1b: Raichu|10/100 slp
|move|p2b: Raichu|Zap Cannon|p1a: Chandelure
|-activate|p1a: Chandelure|move: Protect
|cant|p1b: Raichu|slp
|
|upkeep
|turn|7
|
|t:|1784901178
|switch|p2b: Tyranitar|Tyranitar, L50, M|100/100
|-weather|Sandstorm|[from] ability: Sand Stream|[of] p2b: Tyranitar
|switch|p1a: Mamoswine|Mamoswine, L50, M|100/100
|-curestatus|p1b: Raichu|slp|[msg]
|move|p1b: Raichu|Protect|p1b: Raichu
|-singleturn|p1b: Raichu|Protect
|move|p2a: Sylveon|Yawn|p1a: Mamoswine
|-start|p1a: Mamoswine|move: Yawn|[of] p2a: Sylveon
|
|-weather|Sandstorm|[upkeep]
|-damage|p1b: Raichu|4/100|[from] Sandstorm
|-damage|p2a: Sylveon|85/100|[from] Sandstorm
|upkeep
|turn|8
|
|t:|1784901202
|switch|p1a: Chandelure|Chandelure, L50, F|100/100
|move|p2b: Tyranitar|Protect|p2b: Tyranitar
|-singleturn|p2b: Tyranitar|Protect
|move|p2a: Sylveon|Quick Attack|p1b: Raichu
|-damage|p1b: Raichu|0 fnt
|faint|p1b: Raichu
|
|-weather|Sandstorm|[upkeep]
|-damage|p1a: Chandelure|94/100|[from] Sandstorm
|-damage|p2a: Sylveon|79/100|[from] Sandstorm
|upkeep
|
|t:|1784901213
|switch|p1b: Mamoswine|Mamoswine, L50, M|100/100
|turn|9
|
|t:|1784901233
|move|p2b: Tyranitar|Knock Off|p1b: Mamoswine
|-damage|p1b: Mamoswine|45/100
|-enditem|p1b: Mamoswine|Life Orb|[from] move: Knock Off|[of] p2b: Tyranitar
|move|p1a: Chandelure|Shadow Ball|p2a: Sylveon
|-damage|p2a: Sylveon|39/100
|move|p1b: Mamoswine|High Horsepower|p2b: Tyranitar
|-supereffective|p2b: Tyranitar|1
|-damage|p2b: Tyranitar|10/100
|move|p2a: Sylveon|Yawn|p1a: Chandelure
|-start|p1a: Chandelure|move: Yawn|[of] p2a: Sylveon
|
|-weather|Sandstorm|[upkeep]
|-damage|p1a: Chandelure|88/100|[from] Sandstorm
|-damage|p2a: Sylveon|33/100|[from] Sandstorm
|upkeep
|turn|10
|
|t:|1784901253
|move|p2b: Tyranitar|Protect|p2b: Tyranitar
|-singleturn|p2b: Tyranitar|Protect
|move|p2a: Sylveon|Detect|p2a: Sylveon
|-singleturn|p2a: Sylveon|Protect
|move|p1b: Mamoswine|Ice Shard|p2a: Sylveon
|-activate|p2a: Sylveon|move: Protect
|move|p1a: Chandelure|Heat Wave|p2b: Tyranitar|[spread] 
|-activate|p2a: Sylveon|move: Protect
|-activate|p2b: Tyranitar|move: Protect
|
|-weather|Sandstorm|[upkeep]
|-damage|p1a: Chandelure|82/100|[from] Sandstorm
|-damage|p2a: Sylveon|28/100|[from] Sandstorm
|-end|p1a: Chandelure|move: Yawn|[silent]
|-status|p1a: Chandelure|slp
|upkeep
|turn|11
|
|t:|1784901270
|move|p1b: Mamoswine|Ice Shard|p2a: Sylveon
|-damage|p2a: Sylveon|5/100
|move|p2b: Tyranitar|Superpower|p1b: Mamoswine
|-supereffective|p1b: Mamoswine|1
|-damage|p1b: Mamoswine|0 fnt
|-unboost|p2b: Tyranitar|atk|1
|-unboost|p2b: Tyranitar|def|1
|faint|p1b: Mamoswine
|cant|p1a: Chandelure|slp
|move|p2a: Sylveon|Hyper Voice|p1a: Chandelure
|-resisted|p1a: Chandelure|1
|-damage|p1a: Chandelure|47/100 slp
|
|-weather|none
|upkeep
|turn|12
|
|t:|1784901286
|move|p2a: Sylveon|Detect|p2a: Sylveon
|-singleturn|p2a: Sylveon|Protect
|move|p2b: Tyranitar|Knock Off|p1a: Chandelure
|-supereffective|p1a: Chandelure|1
|-damage|p1a: Chandelure|0 fnt
|faint|p1a: Chandelure
|
|win|testdigi
