|j|☆kdan_7
|j|☆seeyouatthetip
|html|kdan_7seeyouatthetip    
|uhtml|bestof|Game 1 of a best-of-3
|t:|1756492536
|gametype|doubles
|player|p1|kdan_7|shauntal|1168
|player|p2|seeyouatthetip|hiker-gen4|1308
|gen|9
|tier|[Gen 9] VGC 2025 Reg H (Bo3)
|rated|
|rule|Species Clause: Limit one of each Pokémon
|rule|Item Clause: Limit 1 of each item
|clearpoke
|poke|p1|Amoonguss, L50, F|
|poke|p1|Sneasler, L50, F|
|poke|p1|Gholdengo, L50|
|poke|p1|Incineroar, L50, F|
|poke|p1|Ursaluna-Bloodmoon, L50, M|
|poke|p1|Dragonite, L50, M|
|poke|p2|Amoonguss, L50, F|
|poke|p2|Incineroar, L50, M|
|poke|p2|Gholdengo, L50|
|poke|p2|Annihilape, L50, M|
|poke|p2|Kingambit, L50, F|
|poke|p2|Dragonite, L50, F|
|teampreview|4
|showteam|p1|Amoonguss||SitrusBerry|Regenerator|RagePowder,Spore,PollenPuff,Protect|||F|||50|,,,,,Psychic]Sneasler||FocusSash|Unburden|Protect,DireClaw,CloseCombat,ThroatChop|||F|||50|,,,,,Stellar]Gholdengo||LifeOrb|GoodasGold|Protect,MakeItRain,ShadowBall,NastyPlot||||||50|,,,,,Water]Incineroar||SafetyGoggles|Intimidate|KnockOff,PartingShot,FlareBlitz,FakeOut|||F|||50|,,,,,Ghost]Ursaluna-Bloodmoon||AssaultVest|MindsEye|BloodMoon,EarthPower,VacuumWave,HyperVoice|||M|||50|,,,,,Water]Dragonite||LoadedDice|Multiscale|ScaleShot,Tailwind,Haze,Protect|||M|||50|,,,,,Fairy
|showteam|p2|Amoonguss||SitrusBerry|Regenerator|Spore,RagePowder,SludgeBomb,Protect|||F|||50|,,,,,Fire]Incineroar||SafetyGoggles|Intimidate|FlareBlitz,FakeOut,PartingShot,KnockOff|||M|||50|,,,,,Ghost]Gholdengo||LifeOrb|GoodasGold|MakeItRain,ShadowBall,NastyPlot,Protect||||||50|,,,,,Steel]Annihilape||FocusSash|Defiant|CloseCombat,RageFist,Coaching,FinalGambit|||M|||50|,,,,,Grass]Kingambit||AssaultVest|Defiant|KowtowCleave,SuckerPunch,IronHead,LowKick|||F|||50|,,,,,Dark]Dragonite||LoadedDice|Multiscale|ScaleShot,ExtremeSpeed,Haze,Protect|||F|||50|,,,,,Fairy
|inactive|Battle timer is ON: inactive players will automatically lose when time's up. (requested by seeyouatthetip)
|inactive|seeyouatthetip has 60 seconds left.
|inactive|seeyouatthetip has 30 seconds left.
|
|t:|1756492606
|teamsize|p1|4
|teamsize|p2|4
|start
|switch|p1a: Say Cheese|Gholdengo, L50|100/100
|switch|p1b: Zzzzzzzz|Amoonguss, L50, F|100/100
|switch|p2a: Annihilape|Annihilape, L50, M|100/100
|switch|p2b: Dragonite|Dragonite, L50, F|100/100
|turn|1
|
|t:|1756492629
|switch|p2a: Incineroar|Incineroar, L50, M|100/100
|-ability|p2a: Incineroar|Intimidate|boost
|-unboost|p1a: Say Cheese|atk|1
|-unboost|p1b: Zzzzzzzz|atk|1
|move|p1a: Say Cheese|Protect|p1a: Say Cheese
|-singleturn|p1a: Say Cheese|Protect
|move|p2b: Dragonite|Protect|p2b: Dragonite
|-singleturn|p2b: Dragonite|Protect
|move|p1b: Zzzzzzzz|Spore|p2b: Dragonite
|-activate|p2b: Dragonite|move: Protect
|
|upkeep
|turn|2
|
|t:|1756492649
|-terastallize|p1a: Say Cheese|Water
|move|p1a: Say Cheese|Nasty Plot|p1a: Say Cheese
|-boost|p1a: Say Cheese|spa|2
|move|p2b: Dragonite|Scale Shot|p1b: Zzzzzzzz
|-damage|p1b: Zzzzzzzz|88/100
|-damage|p1b: Zzzzzzzz|75/100
|-damage|p1b: Zzzzzzzz|62/100
|-damage|p1b: Zzzzzzzz|50/100
|-enditem|p1b: Zzzzzzzz|Sitrus Berry|[eat]
|-heal|p1b: Zzzzzzzz|75/100|[from] item: Sitrus Berry
|-damage|p1b: Zzzzzzzz|63/100
|-hitcount|p1b: Zzzzzzzz|5
|-unboost|p2b: Dragonite|def|1
|-boost|p2b: Dragonite|spe|1
|move|p2a: Incineroar|Flare Blitz|p1b: Zzzzzzzz
|-supereffective|p1b: Zzzzzzzz
|-damage|p1b: Zzzzzzzz|0 fnt
|faint|p1b: Zzzzzzzz
|-damage|p2a: Incineroar|77/100|[from] Recoil
|
|upkeep
|
|t:|1756492660
|switch|p1b: 8|Sneasler, L50, F|100/100
|turn|3
|inactive|seeyouatthetip has 30 seconds left.
|inactive|seeyouatthetip has 20 seconds left.
|
|t:|1756492700
|move|p2b: Dragonite|Protect|p2b: Dragonite
|-singleturn|p2b: Dragonite|Protect
|move|p1b: 8|Protect|p1b: 8
|-singleturn|p1b: 8|Protect
|move|p1a: Say Cheese|Shadow Ball|p2b: Dragonite
|-activate|p2b: Dragonite|move: Protect
|move|p2a: Incineroar|Knock Off|p1a: Say Cheese
|-damage|p1a: Say Cheese|55/100
|-enditem|p1a: Say Cheese|Life Orb|[from] move: Knock Off|[of] p2a: Incineroar
|
|upkeep
|turn|4
|
|t:|1756492721
|switch|p1b: Tony|Ursaluna-Bloodmoon, L50, M|100/100
|move|p1a: Say Cheese|Protect|p1a: Say Cheese
|-singleturn|p1a: Say Cheese|Protect
|move|p2b: Dragonite|Scale Shot|p1a: Say Cheese
|-activate|p1a: Say Cheese|move: Protect
|move|p2a: Incineroar|Flare Blitz|p1b: Tony
|-damage|p1b: Tony|59/100
|-damage|p2a: Incineroar|63/100|[from] Recoil
|
|upkeep
|turn|5
|inactive|seeyouatthetip has 30 seconds left.
|
|t:|1756492749
|move|p1b: Tony|Vacuum Wave|p2b: Dragonite
|-resisted|p2b: Dragonite
|-damage|p2b: Dragonite|97/100
|move|p2b: Dragonite|Scale Shot|p1a: Say Cheese
|-damage|p1a: Say Cheese|40/100
|-damage|p1a: Say Cheese|25/100
|-damage|p1a: Say Cheese|8/100
|-damage|p1a: Say Cheese|0 fnt
|faint|p1a: Say Cheese
|-hitcount|p1: Say Cheese|4
|-unboost|p2b: Dragonite|def|1
|-boost|p2b: Dragonite|spe|1
|move|p2a: Incineroar|Flare Blitz|p1b: Tony
|-damage|p1b: Tony|21/100
|-damage|p2a: Incineroar|50/100|[from] Recoil
|
|upkeep
|-message|kdan_7 forfeited.
|
|win|seeyouatthetip
||kdan_7 is ready for game 2.
||seeyouatthetip is ready for game 2.
|uhtml|next|Next: Game 2 of 3
