|j|☆Cartercaio
|j|☆oxoc
|html|Cartercaiooxoc    
|uhtml|bestof|Game 3 of a best-of-3
|t:|1757810670
|gametype|doubles
|player|p1|Cartercaio|cheren-gen5bw2|1128
|player|p2|oxoc|266|1022
|gen|9
|tier|[Gen 9] VGC 2025 Reg H (Bo3)
|rated|
|rule|Species Clause: Limit one of each Pokémon
|rule|Item Clause: Limit 1 of each item
|clearpoke
|poke|p1|Charizard, L50, M|
|poke|p1|Torkoal, L50, M|
|poke|p1|Porygon2, L50|
|poke|p1|Incineroar, L50, M|
|poke|p1|Jumpluff, L50, M|
|poke|p1|Ursaluna, L50, F|
|poke|p2|Porygon2, L50|
|poke|p2|Incineroar, L50, F|
|poke|p2|Dragonite, L50, F|
|poke|p2|Gholdengo, L50|
|poke|p2|Ursaluna, L50, M|
|poke|p2|Amoonguss, L50, F|
|teampreview|4
|showteam|p1|Charizard||ChoiceSpecs|SolarPower|HeatWave,Overheat,WeatherBall,AirSlash|||M|||50|,,,,,Ghost]Torkoal||EjectPack|Drought|Eruption,Overheat,HelpingHand,Protect|||M|||50|,,,,,Fire]Porygon2||Eviolite|Download|TeraBlast,IceBeam,Recover,TrickRoom||||||50|,,,,,Fighting]Incineroar||SitrusBerry|Intimidate|FlareBlitz,KnockOff,FakeOut,PartingShot|||M|||50|,,,,,Ghost]Jumpluff||CovertCloak|Chlorophyll|SleepPowder,SunnyDay,RagePowder,Tailwind|||M|||50|,,,,,Water]Ursaluna||FlameOrb|Guts|HeadlongRush,Facade,Earthquake,Protect|||F|||50|,,,,,Ghost
|showteam|p2|Porygon2||Eviolite|Download|IceBeam,TeraBlast,TrickRoom,Recover||||||50|,,,,,Fighting]Incineroar||SafetyGoggles|Intimidate|FlareBlitz,KnockOff,FakeOut,PartingShot|||F|||50|,,,,,Ghost]Dragonite||LoadedDice|Multiscale|ScaleShot,Haze,Tailwind,Protect|||F|||50|,,,,,Steel]Gholdengo||LifeOrb|GoodasGold|NastyPlot,Protect,MakeItRain,ShadowBall||||||50|,,,,,Water]Ursaluna||FlameOrb|Guts|HeadlongRush,Facade,Earthquake,Protect|||M|||50|,,,,,Ghost]Amoonguss||SitrusBerry|Regenerator|Spore,PollenPuff,Protect,RagePowder|||F|||50|,,,,,Water
|inactive|Battle timer is ON: inactive players will automatically lose when time's up. (requested by oxoc)
|inactive|Cartercaio has 60 seconds left.
|
|t:|1757810705
|teamsize|p1|4
|teamsize|p2|4
|start
|switch|p1a: Charizard|Charizard, L50, M|100/100
|switch|p1b: Jumpluff|Jumpluff, L50, M|100/100
|switch|p2a: Incineroar|Incineroar, L50, F|100/100
|switch|p2b: Dragonite|Dragonite, L50, F|100/100
|-ability|p2a: Incineroar|Intimidate|boost
|-unboost|p1a: Charizard|atk|1
|-unboost|p1b: Jumpluff|atk|1
|turn|1
|
|t:|1757810729
|move|p2a: Incineroar|Fake Out|p1b: Jumpluff
|-damage|p1b: Jumpluff|87/100
|move|p1b: Jumpluff|Sleep Powder|p2b: Dragonite
|-status|p2b: Dragonite|slp|[from] move: Sleep Powder
|move|p1a: Charizard|Air Slash|p2a: Incineroar
|-damage|p2a: Incineroar|56/100
|cant|p2b: Dragonite|slp
|
|upkeep
|turn|2
|
|t:|1757810747
|switch|p1b: Porygon2|Porygon2, L50|100/100
|-ability|p1b: Porygon2|Download|boost
|-boost|p1b: Porygon2|atk|1
|switch|p2b: Porygon2|Porygon2, L50|100/100
|-ability|p2b: Porygon2|Download|boost
|-boost|p2b: Porygon2|atk|1
|move|p1a: Charizard|Air Slash|p2a: Incineroar
|-damage|p2a: Incineroar|13/100
|cant|p2a: Incineroar|flinch
|
|upkeep
|turn|3
|inactive|oxoc has 30 seconds left.
|inactive|Cartercaio has 30 seconds left.
|inactive|oxoc has 20 seconds left.
|inactive|oxoc has 15 seconds left.
|inactive|Cartercaio has 20 seconds left.
|inactive|oxoc has 10 seconds left.
|inactive|oxoc has 5 seconds left.
|
|t:|1757810800
|-terastallize|p2b: Porygon2|Fighting
|-terastallize|p1b: Porygon2|Fighting
|move|p1a: Charizard|Air Slash|p2b: Porygon2
|-supereffective|p2b: Porygon2
|-damage|p2b: Porygon2|43/100
|move|p2a: Incineroar|Parting Shot|p1a: Charizard
|-unboost|p1a: Charizard|atk|1
|-unboost|p1a: Charizard|spa|1
|
|t:|1757810814
|switch|p2a: Ursaluna|Ursaluna, L50, M|100/100|[from] Parting Shot
|move|p2b: Porygon2|Tera Blast|p1a: Charizard|[anim] Tera Blast Fighting
|-resisted|p1a: Charizard
|-damage|p1a: Charizard|77/100
|move|p1b: Porygon2|Tera Blast|p2b: Porygon2|[anim] Tera Blast Fighting
|-damage|p2b: Porygon2|21/100
|
|-status|p2a: Ursaluna|brn|[from] item: Flame Orb
|upkeep
|turn|4
|inactive|oxoc has 30 seconds left.
|inactive|oxoc has 20 seconds left.
|inactive|oxoc has 15 seconds left.
|
|t:|1757810854
|switch|p2a: Dragonite|Dragonite, L50, F|100/100 slp
|move|p1a: Charizard|Air Slash|p2b: Porygon2
|-supereffective|p2b: Porygon2
|-damage|p2b: Porygon2|0 fnt
|faint|p2b: Porygon2
|move|p1b: Porygon2|Tera Blast|p2a: Dragonite|[anim] Tera Blast Fighting
|-resisted|p2a: Dragonite
|-damage|p2a: Dragonite|90/100 slp
|
|upkeep
|
|t:|1757810871
|switch|p2b: Incineroar|Incineroar, L50, F|13/100
|-ability|p2b: Incineroar|Intimidate|boost
|-unboost|p1a: Charizard|atk|1
|-unboost|p1b: Porygon2|atk|1
|turn|5
|inactive|Cartercaio has 30 seconds left.
|
|t:|1757810900
|move|p2b: Incineroar|Fake Out|p1b: Porygon2
|-damage|p1b: Porygon2|94/100
|move|p1a: Charizard|Air Slash|p2b: Incineroar
|-damage|p2b: Incineroar|0 fnt
|faint|p2b: Incineroar
|cant|p2a: Dragonite|slp
|cant|p1b: Porygon2|flinch
|
|upkeep
|
|t:|1757810908
|switch|p2b: Ursaluna|Ursaluna, L50, M|100/100 brn
|turn|6
|inactive|Cartercaio has 30 seconds left.
|
|t:|1757810935
|move|p2b: Ursaluna|Protect|p2b: Ursaluna
|-singleturn|p2b: Ursaluna|Protect
|move|p1a: Charizard|Air Slash|p2b: Ursaluna
|-activate|p2b: Ursaluna|move: Protect
|cant|p2a: Dragonite|slp
|move|p1b: Porygon2|Ice Beam|p2a: Dragonite
|-supereffective|p2a: Dragonite
|-damage|p2a: Dragonite|0 fnt
|faint|p2a: Dragonite
|
|-damage|p2b: Ursaluna|95/100 brn|[from] brn
|upkeep
|turn|7
|-message|oxoc forfeited.
|
|win|Cartercaio
|raw|Cartercaio's rating: 1128 → 1146(+18 for winning)
|raw|oxoc's rating: 1022 → 1013(-9 for losing)
|l|☆oxoc
|player|p2|
|j|☆oxoc
|player|p2|oxoc|266|
