|j|☆zio_gelato
|j|☆Israelkuro
|html|zio_gelatoIsraelkuro    
|uhtml|bestof|Game 1 of a best-of-3
|t:|1757855268
|gametype|doubles
|player|p1|zio_gelato|cynthia-gen4|1154
|player|p2|Israelkuro|1|1215
|gen|9
|tier|[Gen 9] VGC 2025 Reg H (Bo3)
|rated|
|rule|Species Clause: Limit one of each Pokémon
|rule|Item Clause: Limit 1 of each item
|clearpoke
|poke|p1|Archaludon, L50, M|
|poke|p1|Rillaboom, L50, F|
|poke|p1|Basculegion, L50, M|
|poke|p1|Kingambit, L50, F|
|poke|p1|Pelipper, L50, F|
|poke|p1|Electabuzz, L50, M|
|poke|p2|Ceruledge, L50, M|
|poke|p2|Gastrodon, L50, M|
|poke|p2|Rillaboom, L50, M|
|poke|p2|Dragonite, L50, M|
|poke|p2|Ninetales-Alola, L50, M|
|poke|p2|Annihilape, L50, F|
|teampreview|4
|showteam|p1|Archaludon||AssaultVest|Stamina|ElectroShot,DracoMeteor,FlashCannon,BodyPress|||M|||50|,,,,,Fairy]Rillaboom||GrassySeed|GrassySurge|WoodHammer,GrassyGlide,FakeOut,HighHorsepower|||F|||50|,,,,,Fire]Basculegion||ChoiceBand|SwiftSwim|WaveCrash,LastRespects,FlipTurn,AquaJet|||M|||50|,,,,,Grass]Kingambit||BlackGlasses|Defiant|KowtowCleave,SuckerPunch,SwordsDance,Protect|||F|||50|,,,,,Dark]Pelipper||FocusSash|Drizzle|WeatherBall,Hurricane,Tailwind,Protect|||F|||50|,,,,,Ghost]Electabuzz||Eviolite|VitalSpirit|Electroweb,Taunt,FollowMe,Protect|||M|||50|,,,,,Ghost
|showteam|p2|Ceruledge||Leftovers|FlashFire|BitterBlade,ShadowSneak,BulkUp,Protect|||M|||50|,,,,,Grass]Gastrodon||SitrusBerry|StormDrain|EarthPower,IceBeam,ClearSmog,Protect|||M|||50|,,,,,Poison]Rillaboom||AssaultVest|GrassySurge|WoodHammer,HighHorsepower,GrassyGlide,FakeOut|||M|||50|,,,,,Fire]Dragonite||LumBerry|Multiscale|TeraBlast,LowKick,ExtremeSpeed,Protect|||M|||50|,,,,,Flying]Ninetales-Alola||FocusSash|SnowWarning|AuroraVeil,FreezeDry,Moonblast,Encore|||M|||50|,,,,,Ghost]Annihilape||SafetyGoggles|Defiant|CloseCombat,Taunt,RageFist,Protect|||F|||50|,,,,,Fire
|
|t:|1757855302
|teamsize|p1|4
|teamsize|p2|4
|start
|switch|p1a: Rillaboom|Rillaboom, L50, F|100/100
|switch|p1b: Pelipper|Pelipper, L50, F|100/100
|switch|p2a: Ceruledge|Ceruledge, L50, M|100/100
|switch|p2b: Gastrodon|Gastrodon, L50, M|100/100
|-fieldstart|move: Grassy Terrain|[from] ability: Grassy Surge|[of] p1a: Rillaboom
|-enditem|p1a: Rillaboom|Grassy Seed
|-boost|p1a: Rillaboom|def|1|[from] item: Grassy Seed
|-weather|RainDance|[from] ability: Drizzle|[of] p1b: Pelipper
|turn|1
|inactive|Battle timer is ON: inactive players will automatically lose when time's up. (requested by Israelkuro)
|
|t:|1757855337
|switch|p2b: Ninetales|Ninetales-Alola, L50, M|100/100
|-weather|Snowscape|[from] ability: Snow Warning|[of] p2b: Ninetales
|-terastallize|p1a: Rillaboom|Fire
|move|p2a: Ceruledge|Bulk Up|p2a: Ceruledge
|-boost|p2a: Ceruledge|atk|1
|-boost|p2a: Ceruledge|def|1
|move|p1a: Rillaboom|Wood Hammer|p2b: Ninetales
|-damage|p2b: Ninetales|44/100
|-damage|p1a: Rillaboom|86/100|[from] Recoil
|move|p1b: Pelipper|Weather Ball|p2a: Ceruledge
|-resisted|p2a: Ceruledge
|-damage|p2a: Ceruledge|87/100
|
|-weather|Snowscape|[upkeep]
|-heal|p2b: Ninetales|50/100|[from] Grassy Terrain
|-heal|p2a: Ceruledge|94/100|[from] Grassy Terrain
|-heal|p1a: Rillaboom|92/100|[from] Grassy Terrain
|-heal|p2a: Ceruledge|99/100|[from] item: Leftovers
|upkeep
|turn|2
|inactive|zio_gelato has 30 seconds left.
|inactive|Israelkuro has 30 seconds left.
|
|t:|1757855369
|move|p2b: Ninetales|Aurora Veil|p2b: Ninetales
|-sidestart|p2: Israelkuro|move: Aurora Veil
|move|p2a: Ceruledge|Bitter Blade|p1b: Pelipper
|-resisted|p1b: Pelipper
|-damage|p1b: Pelipper|61/100
|-heal|p2a: Ceruledge|100/100|[from] drain|[of] p1b: Pelipper
|move|p1a: Rillaboom|Wood Hammer|p2b: Ninetales
|-damage|p2b: Ninetales|9/100
|-damage|p1a: Rillaboom|81/100|[from] Recoil
|move|p1b: Pelipper|Tailwind|p1b: Pelipper
|-sidestart|p1: zio_gelato|move: Tailwind
|
|-weather|Snowscape|[upkeep]
|-heal|p1a: Rillaboom|87/100|[from] Grassy Terrain
|-heal|p2b: Ninetales|15/100|[from] Grassy Terrain
|upkeep
|turn|3
|inactive|zio_gelato has 30 seconds left.
|inactive|zio_gelato has 20 seconds left.
|
|t:|1757855406
|switch|p2b: Rillaboom|Rillaboom, L50, M|100/100
|move|p1b: Pelipper|Protect|p1b: Pelipper
|-singleturn|p1b: Pelipper|Protect
|move|p1a: Rillaboom|High Horsepower|p2a: Ceruledge
|-supereffective|p2a: Ceruledge
|-damage|p2a: Ceruledge|68/100
|move|p2a: Ceruledge|Bulk Up|p2a: Ceruledge
|-boost|p2a: Ceruledge|atk|1
|-boost|p2a: Ceruledge|def|1
|
|-weather|Snowscape|[upkeep]
|-heal|p1a: Rillaboom|93/100|[from] Grassy Terrain
|-heal|p2a: Ceruledge|74/100|[from] Grassy Terrain
|-heal|p2a: Ceruledge|81/100|[from] item: Leftovers
|upkeep
|turn|4
|inactive|zio_gelato has 30 seconds left.
|inactive|Israelkuro has 30 seconds left.
|
|t:|1757855440
|switch|p1b: Archaludon|Archaludon, L50, M|100/100
|move|p1a: Rillaboom|High Horsepower|p2a: Ceruledge
|-supereffective|p2a: Ceruledge
|-damage|p2a: Ceruledge|58/100
|move|p2a: Ceruledge|Bulk Up|p2a: Ceruledge
|-boost|p2a: Ceruledge|atk|1
|-boost|p2a: Ceruledge|def|1
|move|p2b: Rillaboom|High Horsepower|p1a: Rillaboom
|-supereffective|p1a: Rillaboom
|-damage|p1a: Rillaboom|48/100
|
|-weather|Snowscape|[upkeep]
|-heal|p1a: Rillaboom|54/100|[from] Grassy Terrain
|-heal|p2a: Ceruledge|64/100|[from] Grassy Terrain
|-heal|p2a: Ceruledge|70/100|[from] item: Leftovers
|upkeep
|turn|5
|
|t:|1757855458
|switch|p1a: Pelipper|Pelipper, L50, F|61/100
|-weather|RainDance|[from] ability: Drizzle|[of] p1a: Pelipper
|switch|p2b: Ninetales|Ninetales-Alola, L50, M|15/100
|-weather|Snowscape|[from] ability: Snow Warning|[of] p2b: Ninetales
|move|p1b: Archaludon|Electro Shot||[still]
|-prepare|p1b: Archaludon|Electro Shot
|-boost|p1b: Archaludon|spa|1
|move|p2a: Ceruledge|Bitter Blade|p1b: Archaludon
|-damage|p1b: Archaludon|35/100
|-heal|p2a: Ceruledge|100/100|[from] drain|[of] p1b: Archaludon
|-ability|p1b: Archaludon|Stamina|boost
|-boost|p1b: Archaludon|def|1
|
|-weather|Snowscape|[upkeep]
|-heal|p1b: Archaludon|41/100|[from] Grassy Terrain
|-heal|p2b: Ninetales|22/100|[from] Grassy Terrain
|-sideend|p1: zio_gelato|move: Tailwind
|-fieldend|move: Grassy Terrain
|upkeep
|turn|6
|inactive|zio_gelato has 30 seconds left.
|
|t:|1757855484
|move|p2b: Ninetales|Freeze-Dry|p1a: Pelipper
|-supereffective|p1a: Pelipper
|-damage|p1a: Pelipper|0 fnt
|faint|p1a: Pelipper
|move|p1b: Archaludon|Electro Shot|p2a: Ceruledge|[from] lockedmove
|-damage|p2a: Ceruledge|69/100
|move|p2a: Ceruledge|Bitter Blade|p1b: Archaludon
|-damage|p1b: Archaludon|0 fnt
|-heal|p2a: Ceruledge|91/100|[from] drain|[of] p1b: Archaludon
|faint|p1b: Archaludon
|
|-weather|Snowscape|[upkeep]
|-heal|p2a: Ceruledge|98/100|[from] item: Leftovers
|-sideend|p2: Israelkuro|move: Aurora Veil
|upkeep
|
|t:|1757855498
|switch|p1b: Rillaboom|Rillaboom, L50, F, tera:Fire|54/100
|switch|p1a: Basculegion|Basculegion, L50, M|100/100
|-fieldstart|move: Grassy Terrain|[from] ability: Grassy Surge|[of] p1b: Rillaboom
|turn|7
|
|t:|1757855518
|move|p2a: Ceruledge|Protect|p2a: Ceruledge
|-singleturn|p2a: Ceruledge|Protect
|move|p1b: Rillaboom|Fake Out|p2a: Ceruledge
|-activate|p2a: Ceruledge|move: Protect
|move|p2b: Ninetales|Freeze-Dry|p1a: Basculegion
|-supereffective|p1a: Basculegion
|-damage|p1a: Basculegion|53/100
|move|p1a: Basculegion|Last Respects|p2a: Ceruledge
|-activate|p2a: Ceruledge|move: Protect
|
|-weather|Snowscape|[upkeep]
|-heal|p2b: Ninetales|28/100|[from] Grassy Terrain
|-heal|p1a: Basculegion|59/100|[from] Grassy Terrain
|-heal|p1b: Rillaboom|60/100|[from] Grassy Terrain
|-heal|p2a: Ceruledge|100/100|[from] Grassy Terrain
|upkeep
|turn|8
|
|t:|1757855535
|move|p1b: Rillaboom|Grassy Glide|p2b: Ninetales
|-damage|p2b: Ninetales|1/100
|move|p2a: Ceruledge|Shadow Sneak|p1a: Basculegion
|-supereffective|p1a: Basculegion
|-damage|p1a: Basculegion|0 fnt
|faint|p1a: Basculegion
|move|p2b: Ninetales|Encore|p1b: Rillaboom
|-start|p1b: Rillaboom|Encore
|
|-weather|Snowscape|[upkeep]
|-heal|p2b: Ninetales|7/100|[from] Grassy Terrain
|-heal|p1b: Rillaboom|66/100|[from] Grassy Terrain
|upkeep
|turn|9
|
|t:|1757855550
|switch|p2b: Rillaboom|Rillaboom, L50, M|100/100
|move|p1b: Rillaboom|Grassy Glide|p2b: Rillaboom
|-resisted|p2b: Rillaboom
|-damage|p2b: Rillaboom|83/100
|move|p2a: Ceruledge|Bitter Blade|p1b: Rillaboom
|-resisted|p1b: Rillaboom
|-damage|p1b: Rillaboom|18/100
|
|-weather|none
|-heal|p2b: Rillaboom|89/100|[from] Grassy Terrain
|-heal|p1b: Rillaboom|24/100|[from] Grassy Terrain
|upkeep
|turn|10
|
|t:|1757855563
|move|p2b: Rillaboom|Fake Out|p1b: Rillaboom
|-damage|p1b: Rillaboom|11/100
|cant|p1b: Rillaboom|flinch
|move|p2a: Ceruledge|Bitter Blade|p1b: Rillaboom
|-resisted|p1b: Rillaboom
|-damage|p1b: Rillaboom|0 fnt
|faint|p1b: Rillaboom
|
|win|Israelkuro
||Israelkuro is ready for game 2.
||zio_gelato is ready for game 2.
|uhtml|next|Next: Game 2 of 3
|l|☆Israelkuro
|player|p2|
