|j|☆Zaxxxxxx
|j|☆TeyVgc
|html|ZaxxxxxxTeyVgc    
|uhtml|bestof|Game 2 of a best-of-3
|t:|1783179729
|gametype|doubles
|player|p1|Zaxxxxxx|benga|1271
|player|p2|TeyVgc|rood|1236
|gen|9
|tier|[Gen 9 Champions] VGC 2026 Reg M-B (Bo3)
|rated|
|rule|Species Clause: Limit one of each Pokémon
|rule|Item Clause: Limit 1 of each item
|clearpoke
|poke|p1|Sylveon, L50, F, shiny|
|poke|p1|Aerodactyl, L50, M, shiny|
|poke|p1|Incineroar, L50, F, shiny|
|poke|p1|Charizard, L50, F, shiny|
|poke|p1|Metagross, L50, shiny|
|poke|p1|Garchomp, L50, F, shiny|
|poke|p2|Excadrill, L50, M|
|poke|p2|Tyranitar, L50, F|
|poke|p2|Staraptor, L50, F|
|poke|p2|Sinistcha, L50|
|poke|p2|Milotic, L50, F|
|poke|p2|Gholdengo, L50|
|teampreview|4
|showteam|p1|Sylveon||FairyFeather|Pixilate|Protect,HyperBeam,HyperVoice,QuickAttack|Modest||F|||50|]Aerodactyl||FocusSash|RockHead|Protect,Tailwind,RockSlide,AerialAce|Jolly||M|||50|]Incineroar||SitrusBerry|Intimidate|FakeOut,DarkestLariat,FlareBlitz,PartingShot|Careful||F|||50|]Charizard||CharizarditeY|Blaze|Protect,SolarBeam,HeatWave,WeatherBall|Modest||F|||50|]Metagross||Metagrossite|ClearBody|Protect,BulletPunch,PsychicFangs,BodyPress|Adamant|||||50|]Garchomp||LifeOrb|RoughSkin|DragonClaw,Protect,Earthquake,RockSlide|Jolly||F|||50|
|showteam|p2|Excadrill||FocusSash|SandRush|Earthquake,IronHead,RockSlide,Protect|Adamant||M|||50|]Tyranitar||Tyranitarite|SandStream|RockSlide,KnockOff,DragonDance,Protect|Adamant||F|||50|]Staraptor||Staraptite|Intimidate|BraveBird,CloseCombat,Tailwind,Protect|Jolly||F|||50|]Sinistcha||SitrusBerry|Hospitality|MatchaGotcha,RagePowder,LifeDew,TrickRoom|Calm|||||50|]Milotic||Leftovers|Competitive|Scald,IceBeam,Recover,Protect|Modest||F|||50|]Gholdengo||LifeOrb|GoodasGold|MakeItRain,ShadowBall,NastyPlot,Protect|Modest|||||50|
|
|t:|1783179794
|teamsize|p1|4
|teamsize|p2|4
|start
|switch|p1a: Sylveon|Sylveon, L50, F, shiny|100/100
|switch|p1b: Aerodactyl|Aerodactyl, L50, M, shiny|100/100
|switch|p2a: Gholdengo|Gholdengo, L50|100/100
|switch|p2b: Staraptor|Staraptor, L50, F|100/100
|-ability|p2b: Staraptor|Intimidate|boost
|-unboost|p1a: Sylveon|atk|1
|-unboost|p1b: Aerodactyl|atk|1
|turn|1
|
|t:|1783179813
|switch|p1a: Garchomp|Garchomp, L50, F, shiny|100/100
|move|p1b: Aerodactyl|Tailwind|p1b: Aerodactyl
|-sidestart|p1: Zaxxxxxx|move: Tailwind
|move|p2b: Staraptor|Tailwind|p2b: Staraptor
|-sidestart|p2: TeyVgc|move: Tailwind
|move|p2a: Gholdengo|Nasty Plot|p2a: Gholdengo
|-boost|p2a: Gholdengo|spa|2
|
|upkeep
|turn|2
|
|t:|1783179836
|detailschange|p2b: Staraptor|Staraptor-Mega, L50, F
|-mega|p2b: Staraptor|Staraptor|Staraptite
|move|p2a: Gholdengo|Protect|p2a: Gholdengo
|-singleturn|p2a: Gholdengo|Protect
|move|p1b: Aerodactyl|Rock Slide|p2a: Gholdengo|[spread] p2b
|-activate|p2a: Gholdengo|move: Protect
|-crit|p2b: Staraptor
|-damage|p2b: Staraptor|60/100
|move|p2b: Staraptor|Close Combat|p1a: Garchomp
|-damage|p1a: Garchomp|42/100
|-boost|p2b: Staraptor|def|1
|-boost|p2b: Staraptor|spd|1
|-damage|p2b: Staraptor|47/100|[from] ability: Rough Skin|[of] p1a: Garchomp
|move|p1a: Garchomp|Earthquake|p2b: Staraptor|[spread] 
|-activate|p2a: Gholdengo|move: Protect
|-immune|p1b: Aerodactyl
|-immune|p2b: Staraptor
|
|upkeep
|turn|3
|
|t:|1783179876
|move|p1a: Garchomp|Protect|p1a: Garchomp
|-singleturn|p1a: Garchomp|Protect
|move|p1b: Aerodactyl|Rock Slide|p2b: Staraptor|[spread] p2a,p2b
|-resisted|p2a: Gholdengo|1
|-crit|p2a: Gholdengo
|-damage|p2a: Gholdengo|79/100
|-damage|p2b: Staraptor|36/100
|move|p2b: Staraptor|Brave Bird|p1a: Garchomp
|-activate|p1a: Garchomp|move: Protect
|cant|p2a: Gholdengo|flinch
|
|upkeep
|turn|4
|
|t:|1783179905
|move|p1b: Aerodactyl|Rock Slide|p2b: Staraptor|[spread] p2a,p2b
|-resisted|p2a: Gholdengo|1
|-damage|p2a: Gholdengo|70/100
|-damage|p2b: Staraptor|25/100
|move|p2b: Staraptor|Close Combat|p1a: Garchomp
|-damage|p1a: Garchomp|0 fnt
|-boost|p2b: Staraptor|def|1
|-boost|p2b: Staraptor|spd|1
|-damage|p2b: Staraptor|13/100|[from] ability: Rough Skin|[of] p1a: Garchomp
|faint|p1a: Garchomp
|move|p2a: Gholdengo|Shadow Ball|p1b: Aerodactyl
|-enditem|p1b: Aerodactyl|Focus Sash
|-damage|p1b: Aerodactyl|1/100
|-damage|p2a: Gholdengo|60/100|[from] item: Life Orb
|
|-sideend|p1: Zaxxxxxx|move: Tailwind
|-sideend|p2: TeyVgc|move: Tailwind
|upkeep
|
|t:|1783179923
|switch|p1a: Metagross|Metagross, L50, shiny|100/100
|turn|5
|
|t:|1783179963
|detailschange|p1a: Metagross|Metagross-Mega, L50, shiny
|-mega|p1a: Metagross|Metagross|Metagrossite
|move|p1b: Aerodactyl|Rock Slide|p2a: Gholdengo|[spread] p2b
|-miss|p1b: Aerodactyl|p2a: Gholdengo
|-damage|p2b: Staraptor|5/100
|move|p2b: Staraptor|Tailwind|p2b: Staraptor
|-sidestart|p2: TeyVgc|move: Tailwind
|move|p2a: Gholdengo|Shadow Ball|p1a: Metagross
|-supereffective|p1a: Metagross|1
|-damage|p1a: Metagross|0 fnt
|faint|p1a: Metagross
|-damage|p2a: Gholdengo|50/100g|[from] item: Life Orb
|
|upkeep
|
|t:|1783179989
|switch|p1a: Sylveon|Sylveon, L50, F, shiny|100/100
|turn|6
|
|t:|1783179996
|move|p2b: Staraptor|Brave Bird|p1a: Sylveon
|-damage|p1a: Sylveon|37/100
|-damage|p2b: Staraptor|0 fnt|[from] Recoil
|faint|p2b: Staraptor
|move|p2a: Gholdengo|Make It Rain|p1a: Sylveon|[spread] p1a,p1b
|-supereffective|p1a: Sylveon|1
|-supereffective|p1b: Aerodactyl|1
|-damage|p1a: Sylveon|0 fnt
|-damage|p1b: Aerodactyl|0 fnt
|-unboost|p2a: Gholdengo|spa|2
|faint|p1a: Sylveon
|faint|p1b: Aerodactyl
|-damage|p2a: Gholdengo|40/100|[from] item: Life Orb
|
|win|TeyVgc
