|j|☆ShadowGhost4488
|j|☆mbmonotonozzz
|html|ShadowGhost4488mbmonotonozzz    
|uhtml|bestof|Game 1 of a best-of-3
|t:|1783349331
|gametype|doubles
|player|p1|ShadowGhost4488|unknownf|1136
|player|p2|mbmonotonozzz|veteran|1329
|gen|9
|tier|[Gen 9 Champions] VGC 2026 Reg M-B (Bo3)
|rated|
|rule|Species Clause: Limit one of each Pokémon
|rule|Item Clause: Limit 1 of each item
|clearpoke
|poke|p1|Scrafty, L50, M, shiny|
|poke|p1|Golurk, L50, shiny|
|poke|p1|Sylveon, L50, F, shiny|
|poke|p1|Torkoal, L50, M, shiny|
|poke|p1|Farigiraf, L50, F, shiny|
|poke|p1|Sinistcha-Masterpiece, L50, shiny|
|poke|p2|Charizard, L50, M|
|poke|p2|Aerodactyl, L50, F|
|poke|p2|Sylveon, L50, M|
|poke|p2|Farigiraf, L50, F|
|poke|p2|Kingambit, L50, M|
|poke|p2|Garchomp, L50, F|
|teampreview|4
|showteam|p1|Scrafty||Scraftinite|Intimidate|Detect,CloseCombat,KnockOff,IronHead|Brave||M|||50|]Golurk||Golurkite|IronFist|HeadlongRush,Poltergeist,Protect,RockSlide|Brave|||||50|]Sylveon||FairyFeather|Pixilate|Detect,QuickAttack,HyperVoice,HyperBeam|Quiet||F|||50|]Torkoal||Charcoal|Drought|Eruption,EarthPower,Protect,WeatherBall|Quiet||M|||50|]Farigiraf||SitrusBerry|ArmorTail|TrickRoom,HelpingHand,HyperVoice,TwinBeam|Relaxed||F|||50|]Sinistcha-Masterpiece||ColburBerry|Hospitality|TrickRoom,LifeDew,MatchaGotcha,RagePowder|Bold|||||50|
|showteam|p2|Charizard||CharizarditeY|Blaze|HeatWave,SolarBeam,Protect,WeatherBall|Timid||M|||50|]Aerodactyl||Aerodactylite|Unnerve|RockSlide,Tailwind,DualWingbeat,IceFang|Jolly||F|||50|]Sylveon||FairyFeather|Pixilate|HyperVoice,HyperBeam,Detect,QuickAttack|Modest||M|||50|]Farigiraf||SitrusBerry|ArmorTail|TwinBeam,TrickRoom,HelpingHand,Thunderbolt|Bold||F|||50|]Kingambit||FocusSash|Defiant|KowtowCleave,IronHead,LowKick,SuckerPunch|Adamant||M|||50|]Garchomp||LifeOrb|RoughSkin|StompingTantrum,DragonClaw,Protect,Earthquake|Jolly||F|||50|
|inactive|Battle timer is ON: inactive players will automatically lose when time's up. (requested by ShadowGhost4488)
|inactive|mbmonotonozzz also wants the timer to be on.
|inactive|mbmonotonozzz has 60 seconds left.
|
|t:|1783349366
|teamsize|p1|4
|teamsize|p2|4
|start
|switch|p1a: Farigiraf|Farigiraf, L50, F, shiny|100/100
|switch|p1b: Golurk|Golurk, L50, shiny|100/100
|switch|p2a: Kingambit|Kingambit, L50, M|100/100
|switch|p2b: Sylveon|Sylveon, L50, M|100/100
|turn|1
|
|t:|1783349387
|switch|p1a: Torkoal|Torkoal, L50, M, shiny|100/100
|-weather|SunnyDay|[from] ability: Drought|[of] p1a: Torkoal
|detailschange|p1b: Golurk|Golurk-Mega, L50, shiny
|-mega|p1b: Golurk|Golurk|Golurkite
|move|p2a: Kingambit|Kowtow Cleave|p1a: Torkoal
|-damage|p1a: Torkoal|62/100
|move|p2b: Sylveon|Hyper Voice|p1a: Torkoal|[spread] p1a,p1b
|-resisted|p1a: Torkoal|1
|-damage|p1a: Torkoal|33/100
|-damage|p1b: Golurk|55/100
|move|p1b: Golurk|Headlong Rush|p2a: Kingambit
|-supereffective|p2a: Kingambit|1
|-enditem|p2a: Kingambit|Focus Sash
|-damage|p2a: Kingambit|1/100
|-unboost|p1b: Golurk|def|1
|-unboost|p1b: Golurk|spd|1
|
|-weather|SunnyDay|[upkeep]
|upkeep
|turn|2
|
|t:|1783349410
|switch|p1b: Sinistcha|Sinistcha-Masterpiece, L50, shiny|100/100
|-heal|p1a: Torkoal|58/100|[from] ability: Hospitality|[of] p1b: Sinistcha
|move|p2a: Kingambit|Kowtow Cleave|p1a: Torkoal
|-damage|p1a: Torkoal|15/100
|move|p2b: Sylveon|Hyper Voice|p1b: Sinistcha|[spread] p1a,p1b
|-resisted|p1a: Torkoal|1
|-damage|p1a: Torkoal|0 fnt
|-damage|p1b: Sinistcha|48/100
|faint|p1a: Torkoal
|
|-weather|SunnyDay|[upkeep]
|upkeep
|
|t:|1783349422
|switch|p1a: Golurk|Golurk-Mega, L50, shiny|55/100
|turn|3
|
|t:|1783349431
|move|p1a: Golurk|Protect|p1a: Golurk
|-singleturn|p1a: Golurk|Protect
|move|p2a: Kingambit|Kowtow Cleave|p1a: Golurk
|-activate|p1a: Golurk|move: Protect
|move|p2b: Sylveon|Hyper Voice|p1b: Sinistcha|[spread] p1b
|-activate|p1a: Golurk|move: Protect
|-damage|p1b: Sinistcha|2/100
|move|p1b: Sinistcha|Trick Room|p1b: Sinistcha
|-fieldstart|move: Trick Room|[of] p1b: Sinistcha
|
|-weather|SunnyDay|[upkeep]
|upkeep
|turn|4
|
|t:|1783349449
|move|p2b: Sylveon|Quick Attack|p1b: Sinistcha
|-damage|p1b: Sinistcha|0 fnt
|faint|p1b: Sinistcha
|move|p2a: Kingambit|Sucker Punch|p1a: Golurk
|-supereffective|p1a: Golurk|1
|-damage|p1a: Golurk|0 fnt
|faint|p1a: Golurk
|
|-weather|SunnyDay|[upkeep]
|upkeep
|
|t:|1783349454
|switch|p1b: Farigiraf|Farigiraf, L50, F, shiny|100/100
|turn|5
|
|t:|1783349459
|move|p1b: Farigiraf|Hyper Voice|p2a: Kingambit|[spread] p2a,p2b
|-resisted|p2a: Kingambit|1
|-damage|p2a: Kingambit|0 fnt
|-damage|p2b: Sylveon|77/100
|faint|p2a: Kingambit
|move|p2b: Sylveon|Hyper Voice|p1b: Farigiraf
|-damage|p1b: Farigiraf|45/100
|-enditem|p1b: Farigiraf|Sitrus Berry|[eat]
|-heal|p1b: Farigiraf|69/100|[from] item: Sitrus Berry
|
|-weather|none
|upkeep
|
|t:|1783349464
|switch|p2a: Farigiraf|Farigiraf, L50, F|100/100
|turn|6
|
|t:|1783349474
|move|p2a: Farigiraf|Helping Hand|p2b: Sylveon
|-singleturn|p2b: Sylveon|Helping Hand|[of] p2a: Farigiraf
|move|p1b: Farigiraf|Hyper Voice|p2a: Farigiraf|[spread] p2a,p2b
|-damage|p2a: Farigiraf|73/100
|-damage|p2b: Sylveon|57/100
|move|p2b: Sylveon|Hyper Voice|p1b: Farigiraf
|-damage|p1b: Farigiraf|0 fnt
|faint|p1b: Farigiraf
|
|win|mbmonotonozzz
||ShadowGhost4488 is ready for game 2.
||mbmonotonozzz is ready for game 2.
|uhtml|next|Next: Game 2 of 3
