|j|☆Darkan33
|j|☆tulpeon
|html|Darkan33tulpeon    
|uhtml|bestof|Game 1 of a best-of-3
|t:|1756329457
|gametype|doubles
|player|p1|Darkan33|veteran|1013
|player|p2|tulpeon|hilda|1032
|gen|9
|tier|[Gen 9] VGC 2025 Reg H (Bo3)
|rated|
|rule|Species Clause: Limit one of each Pokémon
|rule|Item Clause: Limit 1 of each item
|clearpoke
|poke|p1|Hydreigon, L50, M|
|poke|p1|Ursaluna, L50, M|
|poke|p1|Gholdengo, L50|
|poke|p1|Incineroar, L50, F|
|poke|p1|Amoonguss, L50, M|
|poke|p1|Porygon2, L50|
|poke|p2|Archaludon, L50, F|
|poke|p2|Pelipper, L50, F|
|poke|p2|Grimmsnarl, L50, M|
|poke|p2|Amoonguss, L50, F|
|poke|p2|Basculegion, L50, M|
|poke|p2|Incineroar, L50, M|
|teampreview|4
|showteam|p1|Hydreigon||SafetyGoggles|Levitate|DracoMeteor,Snarl,Protect,Tailwind|||M|||50|,,,,,Fire]Ursaluna||FlameOrb|Guts|HeadlongRush,Facade,Protect,Earthquake|||M|||50|,,,,,Ghost]Gholdengo||LifeOrb|GoodasGold|MakeItRain,ShadowBall,Protect,NastyPlot||||||50|,,,,,Water]Incineroar||MirrorHerb|Intimidate|FakeOut,KnockOff,FlareBlitz,PartingShot|||F|||50|,,,,,Ghost]Amoonguss||SitrusBerry|Regenerator|Spore,RagePowder,Protect,PollenPuff|||M|||50|,,,,,Fairy]Porygon2||Eviolite|Download|TrickRoom,IceBeam,TeraBlast,Recover||||||50|,,,,,Fighting
|showteam|p2|Archaludon||AssaultVest|Stamina|ElectroShot,BodyPress,FlashCannon,DracoMeteor|||F|||50|,,,,,Flying]Pelipper||FocusSash|Drizzle|Tailwind,Hurricane,WeatherBall,Protect|||F|||50|,,,,,Ghost]Grimmsnarl||LightClay|Prankster|PartingShot,SpiritBreak,LightScreen,Reflect|||M|||50|,,,,,Steel]Amoonguss||RockyHelmet|Regenerator|PollenPuff,RagePowder,Spore,Protect|||F|||50|,,,,,Dark]Basculegion||ChoiceBand|Adaptability|WaveCrash,LastRespects,FlipTurn,TeraBlast|||M|||50|,,,,,Stellar]Incineroar||SafetyGoggles|Intimidate|FakeOut,PartingShot,KnockOff,FlareBlitz|||M|||50|,,,,,Ghost
|inactive|Battle timer is ON: inactive players will automatically lose when time's up. (requested by Darkan33)
|
|t:|1756329515
|teamsize|p1|4
|teamsize|p2|4
|start
|switch|p1a: Hydreigon|Hydreigon, L50, M, shiny|100/100
|switch|p1b: Incineroar|Incineroar, L50, F, shiny|100/100
|switch|p2a: la poste|Pelipper, L50, F|100/100
|switch|p2b: M$|Incineroar, L50, M, shiny|100/100
|-weather|RainDance|[from] ability: Drizzle|[of] p2a: la poste
|-ability|p2b: M$|Intimidate|boost
|-unboost|p1a: Hydreigon|atk|1
|-unboost|p1b: Incineroar|atk|1
|-ability|p1b: Incineroar|Intimidate|boost
|-unboost|p2a: la poste|atk|1
|-unboost|p2b: M$|atk|1
|turn|1
|inactive|Darkan33 has 30 seconds left.
|inactive|tulpeon has 30 seconds left.
|inactive|tulpeon has 20 seconds left.
|inactive|Darkan33 has 20 seconds left.
|inactive|Darkan33 has 15 seconds left.
|
|t:|1756329560
|move|p2b: M$|Fake Out|p1b: Incineroar
|-damage|p1b: Incineroar|95/100
|cant|p1b: Incineroar|flinch
|move|p1a: Hydreigon|Tailwind|p1a: Hydreigon
|-sidestart|p1: Darkan33|move: Tailwind
|move|p2a: la poste|Tailwind|p2a: la poste
|-sidestart|p2: tulpeon|move: Tailwind
|
|-weather|RainDance|[upkeep]
|upkeep
|turn|2
|inactive|Darkan33 has 30 seconds left.
|
|t:|1756329594
|move|p1a: Hydreigon|Draco Meteor|p2a: la poste
|-enditem|p2a: la poste|Focus Sash
|-damage|p2a: la poste|1/100
|-unboost|p1a: Hydreigon|spa|2
|move|p2a: la poste|Weather Ball|p1b: Incineroar
|-supereffective|p1b: Incineroar
|-damage|p1b: Incineroar|0 fnt
|faint|p1b: Incineroar
|move|p2b: M$|Parting Shot|p1a: Hydreigon
|-unboost|p1a: Hydreigon|atk|1
|-unboost|p1a: Hydreigon|spa|1
|
|t:|1756329606
|switch|p2b: arch btw|Archaludon, L50, F, shiny|100/100|[from] Parting Shot
|
|-weather|RainDance|[upkeep]
|upkeep
|
|t:|1756329611
|switch|p1b: Gholdengo|Gholdengo, L50|100/100
|turn|3
|inactive|Darkan33 has 30 seconds left.
|inactive|tulpeon has 30 seconds left.
|
|t:|1756329645
|switch|p1a: Toti|Ursaluna, L50, M|100/100
|switch|p2a: M$|Incineroar, L50, M, shiny|100/100
|-ability|p2a: M$|Intimidate|boost
|-unboost|p1a: Toti|atk|1
|-unboost|p1b: Gholdengo|atk|1
|move|p1b: Gholdengo|Nasty Plot|p1b: Gholdengo
|-boost|p1b: Gholdengo|spa|2
|move|p2b: arch btw|Electro Shot||[still]
|-prepare|p2b: arch btw|Electro Shot
|-boost|p2b: arch btw|spa|1
|-anim|p2b: arch btw|Electro Shot|p1b: Gholdengo
|-damage|p1b: Gholdengo|21/100
|
|-weather|RainDance|[upkeep]
|-status|p1a: Toti|brn|[from] item: Flame Orb
|upkeep
|turn|4
|inactive|tulpeon has 30 seconds left.
|
|t:|1756329679
|-terastallize|p2b: arch btw|Flying
|move|p1b: Gholdengo|Protect|p1b: Gholdengo
|-singleturn|p1b: Gholdengo|Protect
|move|p2a: M$|Knock Off|p1b: Gholdengo
|-activate|p1b: Gholdengo|move: Protect
|move|p2b: arch btw|Draco Meteor|p1a: Toti
|-damage|p1a: Toti|0 fnt
|-unboost|p2b: arch btw|spa|2
|faint|p1a: Toti
|
|-weather|RainDance|[upkeep]
|-sideend|p2: tulpeon|move: Tailwind
|-sideend|p1: Darkan33|move: Tailwind
|upkeep
|
|t:|1756329687
|switch|p1a: Hydreigon|Hydreigon, L50, M, shiny|100/100
|turn|5
|
|t:|1756329699
|move|p1a: Hydreigon|Snarl|p2b: arch btw|[spread] p2a,p2b
|-resisted|p2a: M$
|-damage|p2a: M$|90/100
|-damage|p2b: arch btw|81/100
|-unboost|p2a: M$|spa|1
|-unboost|p2b: arch btw|spa|1
|-ability|p2b: arch btw|Stamina|boost
|-boost|p2b: arch btw|def|1
|move|p1b: Gholdengo|Make It Rain|p2a: M$|[spread] p2a,p2b
|-resisted|p2a: M$
|-damage|p2a: M$|30/100
|-damage|p2b: arch btw|0 fnt
|-unboost|p1b: Gholdengo|spa|1
|faint|p2b: arch btw
|-damage|p1b: Gholdengo|12/100|[from] item: Life Orb
|move|p2a: M$|Parting Shot|p1a: Hydreigon
|-unboost|p1a: Hydreigon|atk|1
|-unboost|p1a: Hydreigon|spa|1
|
|t:|1756329717
|switch|p2a: la poste|Pelipper, L50, F|1/100|[from] Parting Shot
|
|-weather|none
|upkeep
|
|t:|1756329728
|switch|p2b: Basculegion|Basculegion, L50, M, shiny|100/100
|turn|6
|inactive|Darkan33 has 30 seconds left.
|inactive|tulpeon has 30 seconds left.
|inactive|Darkan33 has 20 seconds left.
|inactive|Darkan33 has 15 seconds left.
|inactive|Darkan33 has 10 seconds left.
|inactive|Darkan33 has 5 seconds left.
|
|t:|1756329778
|switch|p2a: M$|Incineroar, L50, M, shiny|30/100
|-ability|p2a: M$|Intimidate|boost
|-unboost|p1a: Hydreigon|atk|1
|-unboost|p1b: Gholdengo|atk|1
|move|p1b: Gholdengo|Protect|p1b: Gholdengo
|-singleturn|p1b: Gholdengo|Protect
|move|p1a: Hydreigon|Tailwind|p1a: Hydreigon
|-sidestart|p1: Darkan33|move: Tailwind
|move|p2b: Basculegion|Wave Crash|p1b: Gholdengo
|-activate|p1b: Gholdengo|move: Protect
|
|upkeep
|turn|7
|inactive|Darkan33 has 30 seconds left.
|inactive|Darkan33 has 20 seconds left.
|inactive|Darkan33 has 15 seconds left.
|inactive|Darkan33 has 10 seconds left.
|inactive|Darkan33 has 5 seconds left.
|
|t:|1756329833
|switch|p2b: la poste|Pelipper, L50, F|1/100
|-weather|RainDance|[from] ability: Drizzle|[of] p2b: la poste
|move|p2a: M$|Fake Out|p1a: Hydreigon
|-damage|p1a: Hydreigon|86/100
|cant|p1a: Hydreigon|flinch
|move|p1b: Gholdengo|Make It Rain|p2a: M$|[spread] p2a,p2b
|-resisted|p2a: M$
|-resisted|p2b: la poste
|-damage|p2a: M$|0 fnt
|-damage|p2b: la poste|0 fnt
|-unboost|p1b: Gholdengo|spa|1
|faint|p2a: M$
|faint|p2b: la poste
|-damage|p1b: Gholdengo|2/100|[from] item: Life Orb
|
|-weather|RainDance|[upkeep]
|upkeep
|
|t:|1756329850
|switch|p2b: Basculegion|Basculegion, L50, M, shiny|100/100
|turn|8
|
|t:|1756329867
|move|p1a: Hydreigon|Draco Meteor|p2b: Basculegion
|-damage|p2b: Basculegion|51/100
|-unboost|p1a: Hydreigon|spa|2
|move|p1b: Gholdengo|Shadow Ball|p2b: Basculegion
|-supereffective|p2b: Basculegion
|-damage|p2b: Basculegion|0 fnt
|faint|p2b: Basculegion
|-damage|p1b: Gholdengo|0 fnt|[from] item: Life Orb
|faint|p1b: Gholdengo
|
|win|Darkan33
||tulpeon is ready for game 2.
|inactive|Darkan33 has 30 seconds to confirm battle start!
|inactive|Darkan33 has 20 seconds to confirm battle start!
||Darkan33 is ready for game 2.
|uhtml|next|Next: Game 2 of 3
|l|☆tulpeon
|player|p2|
