|j|☆p1ch1pichi
|j|☆Elitefreund12
|html|p1ch1pichiElitefreund12    
|uhtml|bestof|Game 1 of a best-of-3
|t:|1785767626
|gametype|doubles
|player|p1|p1ch1pichi|n|1117
|player|p2|Elitefreund12|benga|1274
|gen|9
|tier|[Gen 9 Champions] VGC 2026 Reg M-B (Bo3)
|rated|
|rule|Species Clause: Limit one of each Pokémon
|rule|Item Clause: Limit 1 of each item
|clearpoke
|poke|p1|Raichu, L50, M, shiny|
|poke|p1|Staraptor, L50, M, shiny|
|poke|p1|Farigiraf, L50, F, shiny|
|poke|p1|Sylveon, L50, F, shiny|
|poke|p1|Kingambit, L50, F|
|poke|p1|Arcanine-Hisui, L50, F|
|poke|p2|Froslass, L50, F|
|poke|p2|Basculegion, L50, M|
|poke|p2|Kingambit, L50, M|
|poke|p2|Sneasler, L50, F|
|poke|p2|Lycanroc-Dusk, L50, F|
|poke|p2|Scovillain, L50, F|
|teampreview|4
|showteam|p1|Raichu||RaichuniteY|LightningRod|ZapCannon,FocusBlast,FakeOut,Protect|Timid||M|||50|]Staraptor||Staraptite|Intimidate|DualWingbeat,CloseCombat,Tailwind,Protect|Jolly||M|||50|]Farigiraf||SitrusBerry|ArmorTail|Protect,Psychic,HelpingHand,TrickRoom|Relaxed||F|||50|]Sylveon||FairyFeather|Pixilate|HyperVoice,HyperBeam,QuickAttack,Detect|Modest||F|||50|]Kingambit||LifeOrb|Defiant|Protect,KowtowCleave,SuckerPunch,SwordsDance|Adamant||F|||50|]Arcanine-Hisui||FocusSash|RockHead|Protect,ExtremeSpeed,FlareBlitz,HeadSmash|Jolly||F|||50|
|showteam|p2|Froslass||Froslassite|CursedBody|Blizzard,ShadowBall,AuroraVeil,Protect|Timid||F|||50|]Basculegion||SitrusBerry|Adaptability|Protect,WaveCrash,LastRespects,AquaJet|Adamant||M|||50|]Kingambit||LifeOrb|Defiant|Protect,KowtowCleave,SuckerPunch,SwordsDance|Adamant||M|||50|]Sneasler||WhiteHerb|Unburden|Protect,CloseCombat,GunkShot,FakeOut|Jolly||F|||50|]Lycanroc-Dusk||FocusSash|ToughClaws|Protect,RockSlide,CloseCombat,Accelerock|Adamant||F|||50|]Scovillain||Scovillainite|Moody|Protect,Overheat,GigaDrain,RagePowder|Bold||F|||50|
|inactive|Battle timer is ON: inactive players will automatically lose when time's up. (requested by Elitefreund12)
|inactive|p1ch1pichi also wants the timer to be on.
|inactive|Elitefreund12 has 60 seconds left.
|
|t:|1785767686
|teamsize|p1|4
|teamsize|p2|4
|start
|switch|p1a: Arcanine|Arcanine-Hisui, L50, F|100/100
|switch|p1b: Float|Farigiraf, L50, F, shiny|100/100
|switch|p2a: Sneasler|Sneasler, L50, F|100/100
|switch|p2b: Scovillain|Scovillain, L50, F|100/100
|turn|1
|inactive|Elitefreund12 has 30 seconds left.
|
|t:|1785767721
|switch|p2a: Basculegion|Basculegion, L50, M|100/100
|detailschange|p2b: Scovillain|Scovillain-Mega, L50, F
|-mega|p2b: Scovillain|Scovillain|Scovillainite
|move|p2b: Scovillain|Protect|p2b: Scovillain
|-singleturn|p2b: Scovillain|Protect
|move|p1a: Arcanine|Head Smash|p2b: Scovillain
|-activate|p2b: Scovillain|move: Protect
|move|p1b: Float|Psychic|p2a: Basculegion
|-crit|p2a: Basculegion
|-damage|p2a: Basculegion|53/100
|
|upkeep
|turn|2
|inactive|p1ch1pichi has 30 seconds left.
|inactive|Elitefreund12 has 30 seconds left.
|
|t:|1785767749
|switch|p2b: Kingambit|Kingambit, L50, M|100/100
|move|p1a: Arcanine|Head Smash|p2b: Kingambit
|-resisted|p2b: Kingambit|1
|-damage|p2b: Kingambit|73/100
|move|p2a: Basculegion|Wave Crash|p1b: Float
|-damage|p1b: Float|40/100
|-enditem|p1b: Float|Sitrus Berry|[eat]
|-heal|p1b: Float|64/100|[from] item: Sitrus Berry
|-damage|p2a: Basculegion|32/100|[from] Recoil
|-enditem|p2a: Basculegion|Sitrus Berry|[eat]
|-heal|p2a: Basculegion|57/100|[from] item: Sitrus Berry
|move|p1b: Float|Psychic|p2a: Basculegion
|-damage|p2a: Basculegion|24/100
|
|upkeep
|turn|3
|
|t:|1785767772
|move|p1b: Float|Helping Hand|p1a: Arcanine
|-singleturn|p1a: Arcanine|Helping Hand|[of] p1b: Float
|move|p2b: Kingambit|Protect|p2b: Kingambit
|-singleturn|p2b: Kingambit|Protect
|move|p1a: Arcanine|Flare Blitz|p2b: Kingambit
|-activate|p2b: Kingambit|move: Protect
|move|p2a: Basculegion|Wave Crash|p1a: Arcanine
|-supereffective|p1a: Arcanine|2
|-enditem|p1a: Arcanine|Focus Sash
|-damage|p1a: Arcanine|1/100
|-damage|p2a: Basculegion|0 fnt|[from] Recoil
|faint|p2a: Basculegion
|
|upkeep
|
|t:|1785767782
|switch|p2a: Sneasler|Sneasler, L50, F|100/100
|turn|4
|
|t:|1785767790
|move|p2a: Sneasler|Protect|p2a: Sneasler
|-singleturn|p2a: Sneasler|Protect
|move|p1a: Arcanine|Protect|p1a: Arcanine
|-singleturn|p1a: Arcanine|Protect
|move|p1b: Float|Psychic|p2a: Sneasler
|-activate|p2a: Sneasler|move: Protect
|move|p2b: Kingambit|Kowtow Cleave|p1b: Float
|-supereffective|p1b: Float|1
|-damage|p1b: Float|0 fnt
|faint|p1b: Float
|-damage|p2b: Kingambit|64/100|[from] item: Life Orb
|
|upkeep
|
|t:|1785767802
|switch|p1b: Kaoru|Raichu, L50, M, shiny|100/100
|turn|5
|
|t:|1785767829
|switch|p2a: Scovillain|Scovillain-Mega, L50, F|100/100
|switch|p1a: QueenGambit|Kingambit, L50, F|100/100
|detailschange|p1b: Kaoru|Raichu-Mega-Y, L50, M, shiny
|-mega|p1b: Kaoru|Raichu|Raichunite Y
|move|p2b: Kingambit|Protect|p2b: Kingambit
|-singleturn|p2b: Kingambit|Protect
|move|p1b: Kaoru|Fake Out|p2a: Scovillain
|-damage|p2a: Scovillain|92/100
|-status|p1b: Kaoru|brn|[from] ability: Spicy Spray|[of] p2a: Scovillain
|
|-damage|p1b: Kaoru|94/100 brn|[from] brn
|upkeep
|turn|6
|
|t:|1785767852
|move|p2a: Scovillain|Rage Powder|p2a: Scovillain
|-singleturn|p2a: Scovillain|move: Rage Powder
|move|p1b: Kaoru|Zap Cannon|p2a: Scovillain
|-resisted|p2a: Scovillain|1
|-damage|p2a: Scovillain|62/100
|-status|p2a: Scovillain|par
|move|p2b: Kingambit|Kowtow Cleave|p1b: Kaoru
|-damage|p1b: Kaoru|6/100 brn
|-damage|p2b: Kingambit|54/100|[from] item: Life Orb
|move|p1a: QueenGambit|Swords Dance|p1a: QueenGambit
|-boost|p1a: QueenGambit|atk|2
|
|-damage|p1b: Kaoru|1/100 brn|[from] brn
|upkeep
|turn|7
|inactive|p1ch1pichi has 30 seconds left.
|inactive|Elitefreund12 has 30 seconds left.
|
|t:|1785767888
|switch|p1b: Arcanine|Arcanine-Hisui, L50, F|1/100
|move|p2b: Kingambit|Sucker Punch||[still]
|-fail|p2b: Kingambit
|move|p1a: QueenGambit|Kowtow Cleave|p2b: Kingambit
|-resisted|p2b: Kingambit|1
|-damage|p2b: Kingambit|14/100
|-damage|p1a: QueenGambit|90/100|[from] item: Life Orb
|move|p2a: Scovillain|Overheat|p1a: QueenGambit|[miss]
|-miss|p2a: Scovillain|p1a: QueenGambit
|
|upkeep
|turn|8
|
|t:|1785767914
|move|p1b: Arcanine|Protect|p1b: Arcanine
|-singleturn|p1b: Arcanine|Protect
|move|p2a: Scovillain|Rage Powder|p2a: Scovillain
|-singleturn|p2a: Scovillain|move: Rage Powder
|move|p2b: Kingambit|Kowtow Cleave|p1b: Arcanine
|-activate|p1b: Arcanine|move: Protect
|move|p1a: QueenGambit|Kowtow Cleave|p2a: Scovillain
|-damage|p2a: Scovillain|0 fnt
|-status|p1a: QueenGambit|brn|[from] ability: Spicy Spray|[of] p2a: Scovillain
|faint|p2a: Scovillain
|-damage|p1a: QueenGambit|80/100 brn|[from] item: Life Orb
|
|-damage|p1a: QueenGambit|74/100 brn|[from] brn
|upkeep
|
|t:|1785767918
|switch|p2a: Sneasler|Sneasler, L50, F|100/100
|turn|9
|
|t:|1785767938
|move|p1a: QueenGambit|Protect|p1a: QueenGambit
|-singleturn|p1a: QueenGambit|Protect
|move|p2b: Kingambit|Sucker Punch|p1b: Arcanine
|-damage|p1b: Arcanine|0 fnt
|faint|p1b: Arcanine
|-damage|p2b: Kingambit|5/100|[from] item: Life Orb
|move|p2a: Sneasler|Close Combat|p1a: QueenGambit
|-activate|p1a: QueenGambit|move: Protect
|
|-damage|p1a: QueenGambit|69/100 brn|[from] brn
|upkeep
|
|t:|1785767949
|switch|p1b: Kaoru|Raichu-Mega-Y, L50, M, shiny|1/100 brn
|turn|10
|
|t:|1785767955
|move|p2a: Sneasler|Protect|p2a: Sneasler
|-singleturn|p2a: Sneasler|Protect
|move|p2b: Kingambit|Protect|p2b: Kingambit
|-singleturn|p2b: Kingambit|Protect
|move|p1a: QueenGambit|Sucker Punch||[still]
|-fail|p1a: QueenGambit
|move|p1b: Kaoru|Zap Cannon|p2a: Sneasler
|-activate|p2a: Sneasler|move: Protect
|
|-damage|p1b: Kaoru|0 fnt|[from] brn
|faint|p1b: Kaoru
|-damage|p1a: QueenGambit|63/100 brn|[from] brn
|upkeep
|turn|11
|-message|p1ch1pichi forfeited.
|
|win|Elitefreund12
||p1ch1pichi is ready for game 2.
||Elitefreund12 is ready for game 2.
|uhtml|next|Next: Game 2 of 3
