|j|☆Aeon_Twins
|j|☆dandetheheartless
|html|Aeon_Twinsdandetheheartless    
|uhtml|bestof|Game 3 of a best-of-3
|t:|1782515438
|gametype|doubles
|player|p1|Aeon_Twins|n|1320
|player|p2|dandetheheartless|winona|1260
|gen|9
|tier|[Gen 9 Champions] VGC 2026 Reg M-B (Bo3)
|rated|
|rule|Species Clause: Limit one of each Pokémon
|rule|Item Clause: Limit 1 of each item
|clearpoke
|poke|p1|Torkoal, L50, M|
|poke|p1|Farigiraf, L50, M|
|poke|p1|Pyroar, L50, M|
|poke|p1|Venusaur, L50, F|
|poke|p1|Sylveon, L50, M|
|poke|p1|Scrafty, L50, F|
|poke|p2|Kingambit, L50, F|
|poke|p2|Delphox, L50, F|
|poke|p2|Sneasler, L50, F|
|poke|p2|Garchomp, L50, F|
|poke|p2|Clefable, L50, F|
|poke|p2|Basculegion, L50, M|
|teampreview|4
|showteam|p1|Torkoal||Charcoal|Drought|Eruption,HeatWave,HelpingHand,Protect|Quiet||M|||50|]Farigiraf||ColburBerry|ArmorTail|Psychic,Thunderbolt,TrickRoom,HelpingHand|Sassy||M|||50|]Pyroar||Pyroarite|Rivalry|Overheat,HyperVoice,HeatWave,Protect|Timid||M|||50|]Venusaur||LifeOrb|Chlorophyll|GigaDrain,EarthPower,SleepPowder,Protect|Timid||F|||50|]Sylveon||FairyFeather|Pixilate|HyperBeam,HyperVoice,WeatherBall,Protect|Modest||M|||50|]Scrafty||Scraftinite|Intimidate|FakeOut,CloseCombat,KnockOff,Protect|Brave||F|||50|
|showteam|p2|Kingambit||FocusSash|Defiant|IronHead,LowKick,SuckerPunch,Protect|Adamant||F|||50|]Delphox||Delphoxite|Blaze|HeatWave,Psyshock,NastyPlot,Protect|Modest||F|||50|]Sneasler||WhiteHerb|Unburden|GunkShot,FakeOut,CloseCombat,Protect|Adamant||F|||50|]Garchomp||LifeOrb|RoughSkin|Earthquake,RockSlide,DragonClaw,Protect|Jolly||F|||50|]Clefable||SitrusBerry|Unaware|Moonblast,FollowMe,HelpingHand,Protect|Bold||F|||50|]Basculegion||ChoiceScarf|Adaptability|AquaJet,FlipTurn,LastRespects,WaveCrash|Jolly||M|||50|
|inactive|Battle timer is ON: inactive players will automatically lose when time's up. (requested by dandetheheartless)
|
|t:|1782515463
|teamsize|p1|4
|teamsize|p2|4
|start
|switch|p1a: Pyroar|Pyroar, L50, M|100/100
|switch|p1b: Torkoal|Torkoal, L50, M|100/100
|switch|p2a: Delphox|Delphox, L50, F|100/100
|switch|p2b: Basculegion|Basculegion, L50, M|100/100
|-weather|SunnyDay|[from] ability: Drought|[of] p1b: Torkoal
|turn|1
|inactive|Aeon_Twins has 30 seconds left.
|
|t:|1782515497
|detailschange|p2a: Delphox|Delphox-Mega, L50, F
|-mega|p2a: Delphox|Delphox|Delphoxite
|move|p1a: Pyroar|Protect|p1a: Pyroar
|-singleturn|p1a: Pyroar|Protect
|move|p2b: Basculegion|Wave Crash|p1a: Pyroar
|-activate|p1a: Pyroar|move: Protect
|move|p2a: Delphox|Heat Wave|p1b: Torkoal|[spread] p1b
|-activate|p1a: Pyroar|move: Protect
|-resisted|p1b: Torkoal|1
|-damage|p1b: Torkoal|59/100
|move|p1b: Torkoal|Heat Wave|p2a: Delphox|[spread] p2a,p2b
|-resisted|p2a: Delphox|1
|-resisted|p2b: Basculegion|1
|-damage|p2a: Delphox|77/100
|-damage|p2b: Basculegion|65/100
|
|-weather|SunnyDay|[upkeep]
|upkeep
|turn|2
|
|t:|1782515512
|switch|p1a: Farigiraf|Farigiraf, L50, M|100/100
|move|p2a: Delphox|Protect|p2a: Delphox
|-singleturn|p2a: Delphox|Protect
|move|p2b: Basculegion|Wave Crash|p1a: Farigiraf
|-damage|p1a: Farigiraf|67/100
|-damage|p2b: Basculegion|53/100|[from] Recoil
|move|p1b: Torkoal|Heat Wave|p2b: Basculegion|[spread] p2b
|-activate|p2a: Delphox|move: Protect
|-resisted|p2b: Basculegion|1
|-damage|p2b: Basculegion|20/100y
|
|-weather|SunnyDay|[upkeep]
|upkeep
|turn|3
|
|t:|1782515528
|move|p2b: Basculegion|Wave Crash|p1a: Farigiraf
|-damage|p1a: Farigiraf|32/100
|-damage|p2b: Basculegion|7/100|[from] Recoil
|move|p2a: Delphox|Heat Wave|p1a: Farigiraf|[spread] 
|-miss|p2a: Delphox|p1a: Farigiraf
|-miss|p2a: Delphox|p1b: Torkoal
|move|p1b: Torkoal|Heat Wave|p2a: Delphox|[spread] p2a,p2b
|-resisted|p2a: Delphox|1
|-resisted|p2b: Basculegion|1
|-damage|p2a: Delphox|54/100
|-damage|p2b: Basculegion|0 fnt
|faint|p2b: Basculegion
|move|p1a: Farigiraf|Trick Room|p1a: Farigiraf
|-fieldstart|move: Trick Room|[of] p1a: Farigiraf
|
|-weather|SunnyDay|[upkeep]
|upkeep
|
|t:|1782515540
|switch|p2b: Garchomp|Garchomp, L50, F|100/100
|turn|4
|
|t:|1782515563
|move|p2a: Delphox|Protect|p2a: Delphox
|-singleturn|p2a: Delphox|Protect
|move|p1b: Torkoal|Heat Wave|p2b: Garchomp|[spread] 
|-activate|p2a: Delphox|move: Protect
|-miss|p1b: Torkoal|p2b: Garchomp
|move|p1a: Farigiraf|Psychic|p2b: Garchomp
|-damage|p2b: Garchomp|62/100
|move|p2b: Garchomp|Earthquake|p1a: Farigiraf|[spread] p1a,p1b
|-activate|p2a: Delphox|move: Protect
|-supereffective|p1b: Torkoal|1
|-damage|p1a: Farigiraf|0 fnt
|-damage|p1b: Torkoal|0 fnt
|faint|p1a: Farigiraf
|faint|p1b: Torkoal
|-damage|p2b: Garchomp|52/100|[from] item: Life Orb
|
|-weather|SunnyDay|[upkeep]
|upkeep
|
|t:|1782515567
|switch|p1b: Venusaur|Venusaur, L50, F|100/100
|switch|p1a: Pyroar|Pyroar, L50, M|100/100
|turn|5
|
|t:|1782515575
|move|p1a: Pyroar|Protect|p1a: Pyroar
|-singleturn|p1a: Pyroar|Protect
|move|p1b: Venusaur|Protect|p1b: Venusaur
|-singleturn|p1b: Venusaur|Protect
|move|p2b: Garchomp|Earthquake|p1b: Venusaur|[spread] 
|-activate|p1a: Pyroar|move: Protect
|-activate|p1b: Venusaur|move: Protect
|-immune|p2a: Delphox|[from] ability: Levitate
|move|p2a: Delphox|Psyshock|p1b: Venusaur
|-activate|p1b: Venusaur|move: Protect
|
|-weather|none
|upkeep
|turn|6
|inactive|Aeon_Twins has 30 seconds left.
|
|t:|1782515610
|detailschange|p1a: Pyroar|Pyroar-Mega, L50, M
|-mega|p1a: Pyroar|Pyroar|Pyroarite
|move|p1a: Pyroar|Protect||[still]
|-fail|p1a: Pyroar
|move|p1b: Venusaur|Sleep Powder|p2a: Delphox
|-status|p2a: Delphox|slp|[from] move: Sleep Powder
|move|p2b: Garchomp|Earthquake|p1b: Venusaur|[spread] p1a,p1b
|-immune|p2a: Delphox|[from] ability: Levitate
|-supereffective|p1a: Pyroar|1
|-damage|p1a: Pyroar|0 fnt
|-damage|p1b: Venusaur|33/100
|faint|p1a: Pyroar
|-damage|p2b: Garchomp|42/100|[from] item: Life Orb
|cant|p2a: Delphox|slp
|
|upkeep
|turn|7
|
|t:|1782515615
|move|p1b: Venusaur|Giga Drain|p2b: Garchomp
|-damage|p2b: Garchomp|0 fnt
|-heal|p1b: Venusaur|58/100|[from] drain|[of] p2b: Garchomp
|faint|p2b: Garchomp
|-damage|p1b: Venusaur|49/100|[from] item: Life Orb
|cant|p2a: Delphox|slp
|
|-fieldend|move: Trick Room
|upkeep
|
|t:|1782515618
|switch|p2b: Kingambit|Kingambit, L50, F|100/100
|turn|8
|c|☆Aeon_Twins|when a miss kills me ahahahahah
|
|t:|1782515637
|-curestatus|p2a: Delphox|slp|[msg]
|move|p2a: Delphox|Psyshock|p1b: Venusaur
|-supereffective|p1b: Venusaur|1
|-damage|p1b: Venusaur|0 fnt
|faint|p1b: Venusaur
|
|win|dandetheheartless
