|j|☆3illyEdgar
|j|☆Garden Monke
|html|3illyEdgarGarden Monke    
|uhtml|bestof|Game 1 of a best-of-3
|t:|1785103359
|gametype|doubles
|player|p1|3illyEdgar|169|1059
|player|p2|Garden Monke|giacomo|1153
|gen|9
|tier|[Gen 9 Champions] VGC 2026 Reg M-B (Bo3)
|rated|
|rule|Species Clause: Limit one of each Pokémon
|rule|Item Clause: Limit 1 of each item
|clearpoke
|poke|p1|Charizard, L50, M|
|poke|p1|Sneasler, L50, F|
|poke|p1|Corviknight, L50, M|
|poke|p1|Garchomp, L50, F|
|poke|p1|Ceruledge, L50, M|
|poke|p1|Eelektross, L50, F|
|poke|p2|Garchomp, L50, M|
|poke|p2|Venusaur, L50, F|
|poke|p2|Incineroar, L50, F|
|poke|p2|Charizard, L50, F|
|poke|p2|Toxapex, L50, F|
|poke|p2|Annihilape, L50, F|
|teampreview|4
|showteam|p1|Charizard||CharizarditeY|Blaze|Protect,HeatWave,WeatherBall,AirSlash|Timid||M|||50|]Sneasler||WhiteHerb|Unburden|CloseCombat,DireClaw,Protect,FakeOut|Jolly||F|||50|]Corviknight||Leftovers|MirrorArmor|Tailwind,Protect,BulkUp,DualWingbeat|Careful||M|||50|]Garchomp||LifeOrb|RoughSkin|Earthquake,Protect,RockSlide,ScaleShot|Adamant||F|||50|]Ceruledge||ColburBerry|FlashFire|BitterBlade,Protect,ShadowSneak,BulkUp|Adamant||M|||50|]Eelektross||Eelektrossite|Levitate|Coil,KnockOff,DrainPunch,SupercellSlam|Careful||F|||50|
|showteam|p2|Garchomp||ChoiceScarf|RoughSkin|Earthquake,RockSlide,DragonClaw,StompingTantrum|Adamant||M|||50|]Venusaur||LifeOrb|Chlorophyll|SludgeBomb,SolarBeam,EarthPower,Protect|Modest||F|||50|]Incineroar||SitrusBerry|Intimidate|FakeOut,FlareBlitz,ThroatChop,PartingShot|Impish||F|||50|]Charizard||CharizarditeY|Blaze|HeatWave,WeatherBall,Protect,HelpingHand|Modest||F|||50|]Toxapex||Leftovers|Regenerator|Infestation,Toxic,WideGuard,BanefulBunker|Impish||F|||50|]Annihilape||FocusSash|Defiant|CloseCombat,PhantomForce,RockTomb,Protect|Jolly||F|||50|
|inactive|Battle timer is ON: inactive players will automatically lose when time's up. (requested by Garden Monke)
|j| FancyPipels
|inactive|3illyEdgar has 60 seconds left.
|inactive|Garden Monke has 60 seconds left.
|
|t:|1785103405
|teamsize|p1|4
|teamsize|p2|4
|start
|switch|p1a: Eelektross|Eelektross, L50, F|100/100
|switch|p1b: Garchomp|Garchomp, L50, F|100/100
|switch|p2a: Incineroar|Incineroar, L50, F|100/100
|switch|p2b: Charizard|Charizard, L50, F|100/100
|-ability|p2a: Incineroar|Intimidate|boost
|-unboost|p1a: Eelektross|atk|1
|-unboost|p1b: Garchomp|atk|1
|turn|1
|
|t:|1785103424
|switch|p2b: Garchomp|Garchomp, L50, M|100/100
|detailschange|p1a: Eelektross|Eelektross-Mega, L50, F
|-mega|p1a: Eelektross|Eelektross|Eelektrossite
|move|p2a: Incineroar|Fake Out|p1a: Eelektross
|-damage|p1a: Eelektross|87/100
|move|p1b: Garchomp|Rock Slide|p2b: Garchomp|[spread] p2a,p2b
|-supereffective|p2a: Incineroar|1
|-resisted|p2b: Garchomp|1
|-damage|p2a: Incineroar|72/100
|-damage|p2b: Garchomp|90/100
|-damage|p1b: Garchomp|90/100|[from] item: Life Orb
|cant|p1a: Eelektross|flinch
|
|upkeep
|turn|2
|
|t:|1785103441
|switch|p2b: Toxapex|Toxapex, L50, F|100/100
|move|p1b: Garchomp|Earthquake|p2b: Toxapex|[spread] p2a,p2b
|-immune|p1a: Eelektross|[from] ability: Eelevate
|-supereffective|p2a: Incineroar|1
|-supereffective|p2b: Toxapex|1
|-damage|p2a: Incineroar|13/100
|-damage|p2b: Toxapex|45/100
|-enditem|p2a: Incineroar|Sitrus Berry|[eat]
|-heal|p2a: Incineroar|38/100|[from] item: Sitrus Berry
|-damage|p1b: Garchomp|80/100|[from] item: Life Orb
|move|p1a: Eelektross|Coil|p1a: Eelektross
|-boost|p1a: Eelektross|atk|1
|-boost|p1a: Eelektross|def|1
|-boost|p1a: Eelektross|accuracy|1
|move|p2a: Incineroar|Parting Shot|p1b: Garchomp
|-unboost|p1b: Garchomp|atk|1
|-unboost|p1b: Garchomp|spa|1
|
|t:|1785103451
|switch|p2a: Garchomp|Garchomp, L50, M|90/100|[from] Parting Shot
|
|-heal|p2b: Toxapex|50/100g|[from] item: Leftovers
|upkeep
|turn|3
|l| FancyPipels
|
|t:|1785103469
|switch|p1b: Corviknight|Corviknight, L50, M|100/100
|-heal|p2b: Toxapex|84/100|[from] ability: Regenerator|[silent]
|switch|p2b: Incineroar|Incineroar, L50, F|38/100
|-ability|p2b: Incineroar|Intimidate|boost
|-unboost|p1a: Eelektross|atk|1
|-ability|p1b: Corviknight|Mirror Armor
|-unboost|p2b: Incineroar|atk|1
|move|p2a: Garchomp|Dragon Claw|p1b: Corviknight
|-resisted|p1b: Corviknight|1
|-damage|p1b: Corviknight|80/100
|move|p1a: Eelektross|Supercell Slam|p2b: Incineroar
|-damage|p2b: Incineroar|16/100
|
|-heal|p1b: Corviknight|86/100|[from] item: Leftovers
|upkeep
|turn|4
|inactive|3illyEdgar has 30 seconds left.
|inactive|3illyEdgar has 20 seconds left.
|
|t:|1785103507
|move|p2b: Incineroar|Fake Out|p1a: Eelektross
|-damage|p1a: Eelektross|82/100
|move|p2a: Garchomp|Dragon Claw|p1a: Eelektross
|-damage|p1a: Eelektross|52/100
|cant|p1a: Eelektross|flinch
|move|p1b: Corviknight|Tailwind|p1b: Corviknight
|-sidestart|p1: 3illyEdgar|move: Tailwind
|
|-heal|p1b: Corviknight|92/100|[from] item: Leftovers
|upkeep
|turn|5
|
|t:|1785103528
|switch|p2b: Toxapex|Toxapex, L50, F|84/100
|move|p2a: Garchomp|Dragon Claw|p1a: Eelektross
|-damage|p1a: Eelektross|20/100y
|move|p1a: Eelektross|Drain Punch|p2b: Toxapex
|-resisted|p2b: Toxapex|1
|-damage|p2b: Toxapex|78/100
|-heal|p1a: Eelektross|23/100|[from] drain|[of] p2b: Toxapex
|move|p1b: Corviknight|Bulk Up|p1b: Corviknight
|-boost|p1b: Corviknight|atk|1
|-boost|p1b: Corviknight|def|1
|
|-heal|p1b: Corviknight|98/100|[from] item: Leftovers
|-heal|p2b: Toxapex|84/100|[from] item: Leftovers
|upkeep
|turn|6
|inactive|3illyEdgar has 30 seconds left.
|
|t:|1785103558
|move|p2a: Garchomp|Dragon Claw|p1a: Eelektross
|-damage|p1a: Eelektross|0 fnt
|faint|p1a: Eelektross
|move|p1b: Corviknight|Dual Wingbeat|p2b: Toxapex
|-damage|p2b: Toxapex|72/100
|-damage|p2b: Toxapex|60/100
|-hitcount|p2b: Toxapex|2
|move|p2b: Toxapex|Infestation|p1b: Corviknight
|-resisted|p1b: Corviknight|2
|-damage|p1b: Corviknight|97/100
|-activate|p1b: Corviknight|move: Infestation|[of] p2b: Toxapex
|
|-heal|p1b: Corviknight|100/100|[from] item: Leftovers
|-heal|p2b: Toxapex|66/100|[from] item: Leftovers
|-damage|p1b: Corviknight|87/100|[from] move: Infestation|[partiallytrapped]
|upkeep
|
|t:|1785103563
|switch|p1a: Garchomp|Garchomp, L50, F|80/100
|turn|7
|
|t:|1785103582
|move|p2b: Toxapex|Baneful Bunker|p2b: Toxapex
|-singleturn|p2b: Toxapex|move: Protect
|move|p1a: Garchomp|Scale Shot|p2a: Garchomp
|-supereffective|p2a: Garchomp|1
|-damage|p2a: Garchomp|50/100g
|-supereffective|p2a: Garchomp|1
|-damage|p2a: Garchomp|15/100
|-supereffective|p2a: Garchomp|1
|-damage|p2a: Garchomp|0 fnt
|faint|p2a: Garchomp
|-hitcount|p2: Garchomp|3
|-unboost|p1a: Garchomp|def|1
|-boost|p1a: Garchomp|spe|1
|-damage|p1a: Garchomp|70/100|[from] item: Life Orb
|move|p1b: Corviknight|Dual Wingbeat|p2b: Toxapex
|-activate|p2b: Toxapex|move: Protect
|
|-heal|p1b: Corviknight|93/100|[from] item: Leftovers
|-heal|p2b: Toxapex|71/100|[from] item: Leftovers
|-damage|p1b: Corviknight|81/100|[from] move: Infestation|[partiallytrapped]
|-sideend|p1: 3illyEdgar|move: Tailwind
|upkeep
|
|t:|1785103591
|switch|p2a: Charizard|Charizard, L50, F|100/100
|turn|8
|
|t:|1785103597
|detailschange|p2a: Charizard|Charizard-Mega-Y, L50, F
|-mega|p2a: Charizard|Charizard|Charizardite Y
|-weather|SunnyDay|[from] ability: Drought|[of] p2a: Charizard
|move|p1a: Garchomp|Protect|p1a: Garchomp
|-singleturn|p1a: Garchomp|Protect
|move|p2b: Toxapex|Wide Guard|p2b: Toxapex
|-singleturn|p2b: Toxapex|Wide Guard
|move|p2a: Charizard|Heat Wave|p1b: Corviknight|[spread] p1b
|-activate|p1a: Garchomp|move: Protect
|-supereffective|p1b: Corviknight|1
|-damage|p1b: Corviknight|0 fnt
|faint|p1b: Corviknight
|
|-weather|SunnyDay|[upkeep]
|-heal|p2b: Toxapex|77/100|[from] item: Leftovers
|upkeep
|
|t:|1785103607
|switch|p1b: Ceruledge|Ceruledge, L50, M|100/100
|turn|9
|
|t:|1785103625
|move|p2a: Charizard|Protect|p2a: Charizard
|-singleturn|p2a: Charizard|Protect
|move|p1a: Garchomp|Rock Slide|p2a: Charizard|[spread] p2b
|-activate|p2a: Charizard|move: Protect
|-damage|p2b: Toxapex|59/100
|-damage|p1a: Garchomp|61/100|[from] item: Life Orb
|move|p1b: Ceruledge|Bulk Up|p1b: Ceruledge
|-boost|p1b: Ceruledge|atk|1
|-boost|p1b: Ceruledge|def|1
|move|p2b: Toxapex|Toxic|p1a: Garchomp
|-status|p1a: Garchomp|tox
|
|-weather|SunnyDay|[upkeep]
|-heal|p2b: Toxapex|64/100|[from] item: Leftovers
|-damage|p1a: Garchomp|55/100 tox|[from] psn
|upkeep
|turn|10
|inactive|3illyEdgar has 30 seconds left.
|
|t:|1785103652
|move|p1a: Garchomp|Scale Shot|p2a: Charizard
|-damage|p2a: Charizard|80/100
|-crit|p2a: Charizard
|-damage|p2a: Charizard|48/100
|-damage|p2a: Charizard|28/100
|-damage|p2a: Charizard|8/100
|-hitcount|p2a: Charizard|4
|-unboost|p1a: Garchomp|def|1
|-boost|p1a: Garchomp|spe|1
|-damage|p1a: Garchomp|45/100 tox|[from] item: Life Orb
|move|p2a: Charizard|Weather Ball|p1a: Garchomp
|-resisted|p1a: Garchomp|1
|-damage|p1a: Garchomp|0 fnt
|faint|p1a: Garchomp
|move|p1b: Ceruledge|Bulk Up|p1b: Ceruledge
|-boost|p1b: Ceruledge|atk|1
|-boost|p1b: Ceruledge|def|1
|move|p2b: Toxapex|Toxic|p1b: Ceruledge
|-status|p1b: Ceruledge|tox
|
|-weather|SunnyDay|[upkeep]
|-heal|p2b: Toxapex|70/100|[from] item: Leftovers
|-damage|p1b: Ceruledge|93/100 tox|[from] psn
|upkeep
|turn|11
|
|t:|1785103675
|switch|p2a: Incineroar|Incineroar, L50, F|16/100
|-ability|p2a: Incineroar|Intimidate|boost
|-unboost|p1b: Ceruledge|atk|1
|move|p1b: Ceruledge|Bitter Blade|p2b: Toxapex
|-resisted|p2b: Toxapex|1
|-damage|p2b: Toxapex|29/100
|-heal|p1b: Ceruledge|100/100 tox|[from] drain|[of] p2b: Toxapex
|move|p2b: Toxapex|Infestation|p1b: Ceruledge
|-resisted|p1b: Ceruledge|2
|-damage|p1b: Ceruledge|99/100 tox
|-activate|p1b: Ceruledge|move: Infestation|[of] p2b: Toxapex
|
|-weather|SunnyDay|[upkeep]
|-heal|p2b: Toxapex|35/100|[from] item: Leftovers
|-damage|p1b: Ceruledge|87/100 tox|[from] psn
|-damage|p1b: Ceruledge|75/100 tox|[from] move: Infestation|[partiallytrapped]
|upkeep
|turn|12
|
|t:|1785103692
|-heal|p2b: Toxapex|68/100|[from] ability: Regenerator|[silent]
|switch|p2b: Charizard|Charizard-Mega-Y, L50, F|8/100
|move|p1b: Ceruledge|Bitter Blade|p2a: Incineroar
|-resisted|p2a: Incineroar|1
|-damage|p2a: Incineroar|0 fnt
|-heal|p1b: Ceruledge|84/100 tox|[from] drain|[of] p2a: Incineroar
|faint|p2a: Incineroar
|
|-weather|none
|-damage|p1b: Ceruledge|66/100 tox|[from] psn
|-end|p1b: Ceruledge|Infestation|[partiallytrapped]|[silent]
|upkeep
|
|t:|1785103699
|switch|p2a: Toxapex|Toxapex, L50, F|68/100
|turn|13
|
|t:|1785103707
|move|p2b: Charizard|Protect|p2b: Charizard
|-singleturn|p2b: Charizard|Protect
|move|p2a: Toxapex|Baneful Bunker|p2a: Toxapex
|-singleturn|p2a: Toxapex|move: Protect
|move|p1b: Ceruledge|Bitter Blade|p2a: Toxapex
|-activate|p2a: Toxapex|move: Protect
|
|-heal|p2a: Toxapex|73/100|[from] item: Leftovers
|-damage|p1b: Ceruledge|42/100 tox|[from] psn
|upkeep
|turn|14
|
|t:|1785103726
|move|p2b: Charizard|Weather Ball|p1b: Ceruledge
|-immune|p1b: Ceruledge
|move|p1b: Ceruledge|Bitter Blade|p2b: Charizard
|-resisted|p2b: Charizard|1
|-damage|p2b: Charizard|0 fnt
|-heal|p1b: Ceruledge|46/100 tox|[from] drain|[of] p2b: Charizard
|faint|p2b: Charizard
|move|p2a: Toxapex|Infestation|p1b: Ceruledge
|-resisted|p1b: Ceruledge|2
|-damage|p1b: Ceruledge|46/100 tox
|-activate|p1b: Ceruledge|move: Infestation|[of] p2a: Toxapex
|
|-heal|p2a: Toxapex|79/100|[from] item: Leftovers
|-damage|p1b: Ceruledge|15/100 tox|[from] psn
|-damage|p1b: Ceruledge|3/100 tox|[from] move: Infestation|[partiallytrapped]
|upkeep
|turn|15
|
|t:|1785103743
|move|p2a: Toxapex|Baneful Bunker|p2a: Toxapex
|-singleturn|p2a: Toxapex|move: Protect
|move|p1b: Ceruledge|Bitter Blade|p2a: Toxapex
|-activate|p2a: Toxapex|move: Protect
|
|-heal|p2a: Toxapex|85/100|[from] item: Leftovers
|-damage|p1b: Ceruledge|0 fnt|[from] psn
|faint|p1b: Ceruledge
|
|win|Garden Monke
||3illyEdgar is ready for game 2.
|inactive|Garden Monke has 30 seconds to confirm battle start!
|l|☆3illyEdgar
|player|p1|
|inactive|Garden Monke has 20 seconds to confirm battle start!
||Garden Monke is ready for game 2.
|uhtml|next|Next: Game 2 of 3
