|j|☆re4pr.
|j|☆kDreamzzz
|html|re4pr.kDreamzzz    
|uhtml|bestof|Game 2 of a best-of-3
|t:|1784744094
|gametype|doubles
|player|p1|re4pr.|266|
|player|p2|kDreamzzz|170|
|gen|9
|tier|[Gen 9 Champions] VGC 2026 Reg M-B (Bo3)
|rule|Species Clause: Limit one of each Pokémon
|rule|Item Clause: Limit 1 of each item
|clearpoke
|poke|p1|Eelektross, L50, F|
|poke|p1|Garchomp, L50, F|
|poke|p1|Gholdengo, L50|
|poke|p1|Talonflame, L50, F|
|poke|p1|Falinks, L50|
|poke|p1|Watchog, L50, M|
|poke|p2|Swampert, L50, M|
|poke|p2|Sableye, L50, F|
|poke|p2|Politoed, L50, F|
|poke|p2|Dragonite, L50, M|
|poke|p2|Tsareena, L50, F|
|poke|p2|Bellibolt, L50, F|
|teampreview|4
|showteam|p1|Eelektross||Eelektrossite|Levitate|Protect,Discharge,Thunderbolt,GrassKnot|Modest||F|||50|]Garchomp||RoseliBerry|RoughSkin|RockSlide,DragonClaw,PoisonJab,Earthquake|Jolly||F|||50|]Gholdengo||LifeOrb|GoodasGold|Protect,ShadowBall,NastyPlot,MakeItRain|Timid|||||50|]Talonflame||Charcoal|GaleWings|Overheat,BraveBird,Tailwind,QuickGuard|Naive||F|||50|]Falinks||Falinksite|Defiant|Protect,CloseCombat,KnockOff,NoRetreat|Adamant|||||50|]Watchog||ChopleBerry|Analytic|Crunch,IcePunch,LowKick,Hypnosis|Jolly||M|||50|
|showteam|p2|Swampert||Swampertite|Torrent|HighHorsepower,WaveCrash,IcePunch,Protect|Adamant||M|||50|]Sableye||KasibBerry|Prankster|Encore,Quash,FoulPlay,LightScreen|Sassy||F|||50|]Politoed||WacanBerry|Drizzle|HelpingHand,WeatherBall,Haze,IceBeam|Modest||F|||50|]Dragonite||Dragoninite|Multiscale|Protect,Hurricane,DracoMeteor,Thunder|Modest||M|||50|]Tsareena||WideLens|QueenlyMajesty|TropKick,LowKick,TripleAxel,Protect|Adamant||F|||50|]Bellibolt||SitrusBerry|Electromorphosis|ChillingWater,Protect,Thunderbolt,Electroweb|Modest||F|||50|
|
|t:|1784744121
|teamsize|p1|4
|teamsize|p2|4
|start
|switch|p1a: Wiggle Wiggle|Eelektross, L50, F|100/100
|switch|p1b: America|Talonflame, L50, F|100/100
|switch|p2a: Swampert|Swampert, L50, M|100/100
|switch|p2b: Politoed|Politoed, L50, F|100/100
|-weather|RainDance|[from] ability: Drizzle|[of] p2b: Politoed
|turn|1
|
|t:|1784744145
|switch|p2a: Dragonite|Dragonite, L50, M|100/100
|detailschange|p1a: Wiggle Wiggle|Eelektross-Mega, L50, F
|-mega|p1a: Wiggle Wiggle|Eelektross|Eelektrossite
|move|p1b: America|Tailwind|p1b: America
|-sidestart|p1: re4pr.|move: Tailwind
|move|p1a: Wiggle Wiggle|Thunderbolt|p2b: Politoed
|-supereffective|p2b: Politoed|1
|-enditem|p2b: Politoed|Wacan Berry|[eat]
|-enditem|p2b: Politoed|Wacan Berry|[weaken]
|-damage|p2b: Politoed|54/100
|move|p2b: Politoed|Weather Ball|p1b: America
|-supereffective|p1b: America|1
|-damage|p1b: America|0 fnt
|faint|p1b: America
|
|-weather|RainDance|[upkeep]
|upkeep
|
|t:|1784744158
|switch|p1b: Baby Rat|Watchog, L50, M|100/100
|turn|2
|
|t:|1784744176
|detailschange|p2a: Dragonite|Dragonite-Mega, L50, M
|-mega|p2a: Dragonite|Dragonite|Dragoninite
|move|p1a: Wiggle Wiggle|Protect|p1a: Wiggle Wiggle
|-singleturn|p1a: Wiggle Wiggle|Protect
|move|p1b: Baby Rat|Hypnosis|p2a: Dragonite|[miss]
|-miss|p1b: Baby Rat|p2a: Dragonite
|move|p2a: Dragonite|Draco Meteor|p1a: Wiggle Wiggle
|-activate|p1a: Wiggle Wiggle|move: Protect
|move|p2b: Politoed|Weather Ball|p1b: Baby Rat
|-damage|p1b: Baby Rat|0 fnt
|faint|p1b: Baby Rat
|
|-weather|RainDance|[upkeep]
|upkeep
|
|t:|1784744187
|switch|p1b: Cheese Strips|Gholdengo, L50|100/100
|turn|3
|
|t:|1784744204
|move|p2b: Politoed|Helping Hand|p2a: Dragonite
|-singleturn|p2a: Dragonite|Helping Hand|[of] p2b: Politoed
|move|p1b: Cheese Strips|Nasty Plot|p1b: Cheese Strips
|-boost|p1b: Cheese Strips|spa|2
|move|p1a: Wiggle Wiggle|Thunderbolt|p2b: Politoed
|-supereffective|p2b: Politoed|1
|-damage|p2b: Politoed|0 fnt
|faint|p2b: Politoed
|-ability|p1a: Wiggle Wiggle|Eelevate|boost
|-boost|p1a: Wiggle Wiggle|spa|1
|move|p2a: Dragonite|Draco Meteor|p1a: Wiggle Wiggle
|-damage|p1a: Wiggle Wiggle|0 fnt
|-unboost|p2a: Dragonite|spa|2
|faint|p1a: Wiggle Wiggle
|
|-weather|RainDance|[upkeep]
|upkeep
|
|t:|1784744219
|switch|p2b: Swampert|Swampert, L50, M|100/100
|turn|4
|
|t:|1784744241
|move|p2b: Swampert|Protect|p2b: Swampert
|-singleturn|p2b: Swampert|Protect
|move|p1b: Cheese Strips|Shadow Ball|p2b: Swampert
|-activate|p2b: Swampert|move: Protect
|move|p2a: Dragonite|Thunder|p1b: Cheese Strips
|-damage|p1b: Cheese Strips|72/100
|
|-weather|RainDance|[upkeep]
|-sideend|p1: re4pr.|move: Tailwind
|upkeep
|turn|5
|
|t:|1784744255
|switch|p2a: Sableye|Sableye, L50, F|100/100
|move|p1b: Cheese Strips|Protect|p1b: Cheese Strips
|-singleturn|p1b: Cheese Strips|Protect
|move|p2b: Swampert|High Horsepower|p1b: Cheese Strips
|-activate|p1b: Cheese Strips|move: Protect
|
|-weather|none
|upkeep
|turn|6
|
|t:|1784744272
|move|p2a: Sableye|Light Screen|p2a: Sableye
|-sidestart|p2: kDreamzzz|move: Light Screen
|move|p1b: Cheese Strips|Make It Rain|p2a: Sableye|[spread] p2a,p2b
|-resisted|p2b: Swampert|1
|-damage|p2a: Sableye|5/100
|-damage|p2b: Swampert|54/100
|-unboost|p1b: Cheese Strips|spa|2
|-damage|p1b: Cheese Strips|62/100|[from] item: Life Orb
|move|p2b: Swampert|High Horsepower|p1b: Cheese Strips
|-supereffective|p1b: Cheese Strips|1
|-damage|p1b: Cheese Strips|0 fnt
|faint|p1b: Cheese Strips
|
|win|kDreamzzz
|c|☆re4pr.|Gg
|c|☆kDreamzzz|ggs
|l|☆re4pr.
|player|p1|
|c|☆kDreamzzz|do you want to upload the replays or should I?
|j|☆re4pr.
|player|p1|re4pr.|266|
