|j|☆Aircross360
|j|☆metvgc
|html|Aircross360metvgc    
|uhtml|bestof|Game 1 of a best-of-3
|t:|1756291009
|gametype|doubles
|player|p1|Aircross360|265|1117
|player|p2|metvgc|linebacker|1191
|gen|9
|tier|[Gen 9] VGC 2025 Reg H (Bo3)
|rated|
|rule|Species Clause: Limit one of each Pokémon
|rule|Item Clause: Limit 1 of each item
|clearpoke
|poke|p1|Annihilape, L50, F|
|poke|p1|Gholdengo, L50|
|poke|p1|Dragonite, L50, M|
|poke|p1|Ninetales-Alola, L50, F|
|poke|p1|Magmar, L50, M|
|poke|p1|Ursaluna-Bloodmoon, L50, M|
|poke|p2|Electabuzz, L50, F|
|poke|p2|Sneasler, L50, M|
|poke|p2|Volcarona, L50, F|
|poke|p2|Rillaboom, L50, M|
|poke|p2|Dragapult, L50, F|
|poke|p2|Incineroar, L50, M|
|teampreview|4
|showteam|p1|Annihilape||SafetyGoggles|Defiant|DrainPunch,RageFist,BulkUp,Protect|||F|||50|,,,,,Water]Gholdengo||MetalCoat|GoodasGold|MakeItRain,ShadowBall,NastyPlot,Protect||||||50|,,,,,Dragon]Dragonite||LoadedDice|Multiscale|ScaleShot,ExtremeSpeed,IceSpinner,Protect|||M|||50|,,,,,Steel]Ninetales-Alola||LightClay|SnowWarning|Blizzard,Encore,IcyWind,AuroraVeil|||F|||50|,,,,,Ghost]Magmar||Eviolite|FlameBody|Overheat,FollowMe,Protect,ClearSmog|||M|||50|,,,,,Ghost]Ursaluna-Bloodmoon||AssaultVest|MindsEye|BloodMoon,EarthPower,HyperVoice,VacuumWave|||M|||50|,,,,,Water
|showteam|p2|Electabuzz||Eviolite|VitalSpirit|Electroweb,Taunt,Protect,FollowMe|||F|||50|,,,,,Fairy]Sneasler||FocusSash|PoisonTouch|DireClaw,CloseCombat,Coaching,FakeOut|||M|||50|,,,,,Ghost]Volcarona||CovertCloak|FlameBody|Protect,QuiverDance,HeatWave,GigaDrain|||F|||50|,,,,,Grass]Rillaboom||AssaultVest|GrassySurge|FakeOut,GrassyGlide,WoodHammer,Uturn|||M|||50|,,,,,Fire]Dragapult||ChoiceBand|ClearBody|DragonDarts,Outrage,PhantomForce,Uturn|||F|||50|,,,,,Dragon]Incineroar||SafetyGoggles|Intimidate|KnockOff,FlareBlitz,PartingShot,FakeOut|||M|||50|,,,,,Ghost
|inactive|Battle timer is ON: inactive players will automatically lose when time's up. (requested by metvgc)
|inactive|Aircross360 has 60 seconds left.
|inactive|Aircross360 has 30 seconds left.
|
|t:|1756291078
|teamsize|p1|4
|teamsize|p2|4
|start
|switch|p1a: Dragonite|Dragonite, L50, M|100/100
|switch|p1b: Annihilape|Annihilape, L50, F|100/100
|switch|p2a: Sneasler|Sneasler, L50, M|100/100
|switch|p2b: Volcarona|Volcarona, L50, F|100/100
|turn|1
|inactive|Aircross360 has 30 seconds left.
|inactive|Aircross360 has 20 seconds left.
|inactive|Aircross360 has 15 seconds left.
|inactive|Aircross360 has 10 seconds left.
|
|t:|1756291128
|move|p2a: Sneasler|Fake Out|p1a: Dragonite
|-damage|p1a: Dragonite|93/100
|move|p1b: Annihilape|Bulk Up|p1b: Annihilape
|-boost|p1b: Annihilape|atk|1
|-boost|p1b: Annihilape|def|1
|move|p2b: Volcarona|Quiver Dance|p2b: Volcarona
|-boost|p2b: Volcarona|spa|1
|-boost|p2b: Volcarona|spd|1
|-boost|p2b: Volcarona|spe|1
|cant|p1a: Dragonite|flinch
|
|upkeep
|turn|2
|inactive|Aircross360 has 30 seconds left.
|inactive|Aircross360 has 20 seconds left.
|inactive|Aircross360 has 15 seconds left.
|inactive|Aircross360 has 10 seconds left.
|
|t:|1756291177
|move|p2b: Volcarona|Heat Wave|p1b: Annihilape|[spread] p1a,p1b
|-resisted|p1a: Dragonite
|-damage|p1a: Dragonite|66/100
|-damage|p1b: Annihilape|54/100
|move|p2a: Sneasler|Dire Claw|p1a: Dragonite
|-damage|p1a: Dragonite|17/100
|move|p1b: Annihilape|Drain Punch|p2a: Sneasler
|-resisted|p2a: Sneasler
|-damage|p2a: Sneasler|59/100
|-heal|p1b: Annihilape|69/100|[from] drain|[of] p2a: Sneasler
|move|p1a: Dragonite|Scale Shot|p2b: Volcarona
|-damage|p2b: Volcarona|85/100
|-damage|p2b: Volcarona|69/100
|-damage|p2b: Volcarona|51/100
|-damage|p2b: Volcarona|33/100
|-damage|p2b: Volcarona|17/100
|-hitcount|p2b: Volcarona|5
|-unboost|p1a: Dragonite|def|1
|-boost|p1a: Dragonite|spe|1
|
|upkeep
|turn|3
|inactive|Aircross360 has 30 seconds left.
|inactive|Aircross360 has 20 seconds left.
|
|t:|1756291216
|move|p1a: Dragonite|Extreme Speed|p2b: Volcarona
|-damage|p2b: Volcarona|0 fnt
|-status|p1a: Dragonite|brn|[from] ability: Flame Body|[of] p2b: Volcarona
|faint|p2b: Volcarona
|move|p2a: Sneasler|Dire Claw|p1a: Dragonite
|-damage|p1a: Dragonite|0 fnt
|faint|p1a: Dragonite
|move|p1b: Annihilape|Rage Fist|p2a: Sneasler
|-damage|p2a: Sneasler|0 fnt
|faint|p2a: Sneasler
|
|upkeep
|
|t:|1756291232
|switch|p2a: Incineroar|Incineroar, L50, M|100/100
|switch|p2b: Dragapult|Dragapult, L50, F|100/100
|switch|p1a: Magmar|Magmar, L50, M|100/100
|-ability|p2a: Incineroar|Intimidate|boost
|-unboost|p1a: Magmar|atk|1
|-unboost|p1b: Annihilape|atk|1
|-ability|p1b: Annihilape|Defiant|boost
|-boost|p1b: Annihilape|atk|2
|turn|4
|inactive|Aircross360 has 30 seconds left.
|
|t:|1756291263
|-terastallize|p2b: Dragapult|Dragon
|move|p1b: Annihilape|Protect|p1b: Annihilape
|-singleturn|p1b: Annihilape|Protect
|move|p1a: Magmar|Protect|p1a: Magmar
|-singleturn|p1a: Magmar|Protect
|move|p2b: Dragapult|Outrage|p1b: Annihilape
|-activate|p1b: Annihilape|move: Protect
|move|p2a: Incineroar|Knock Off|p1a: Magmar
|-activate|p1a: Magmar|move: Protect
|
|upkeep
|turn|5
|
|t:|1756291276
|move|p1a: Magmar|Follow Me|p1a: Magmar
|-singleturn|p1a: Magmar|move: Follow Me
|move|p2b: Dragapult|Outrage|p1a: Magmar
|-damage|p1a: Magmar|14/100
|-status|p2b: Dragapult|brn|[from] ability: Flame Body|[of] p1a: Magmar
|move|p1b: Annihilape|Drain Punch|p2a: Incineroar
|-supereffective|p2a: Incineroar
|-damage|p2a: Incineroar|0 fnt
|-heal|p1b: Annihilape|100/100|[from] drain|[of] p2a: Incineroar
|faint|p2a: Incineroar
|
|-damage|p2b: Dragapult|94/100 brn|[from] brn
|upkeep
|turn|6
|
|t:|1756291300
|move|p1a: Magmar|Follow Me|p1a: Magmar
|-singleturn|p1a: Magmar|move: Follow Me
|move|p2b: Dragapult|Outrage|p1a: Magmar|[from] lockedmove
|-damage|p1a: Magmar|0 fnt
|faint|p1a: Magmar
|-start|p2b: Dragapult|confusion|[fatigue]
|move|p1b: Annihilape|Rage Fist|p2b: Dragapult
|-damage|p2b: Dragapult|0 fnt
|faint|p2b: Dragapult
|
|win|Aircross360
||metvgc is ready for game 2.
|inactive|Aircross360 has 30 seconds to confirm battle start!
||Aircross360 is ready for game 2.
|uhtml|next|Next: Game 2 of 3
|l|☆metvgc
|player|p2|
