|j|☆HayesL
|j|☆pokseanz
|html|HayesLpokseanz    
|uhtml|bestof|Game 1 of a best-of-3
|t:|1784402419
|gametype|doubles
|player|p1|HayesL|will|
|player|p2|pokseanz|265|
|gen|9
|tier|[Gen 9 Champions] VGC 2026 Reg M-B (Bo3)
|rule|Species Clause: Limit one of each Pokémon
|rule|Item Clause: Limit 1 of each item
|clearpoke
|poke|p1|Garchomp, L50, M|
|poke|p1|Kingambit, L50, F|
|poke|p1|Farigiraf, L50, M|
|poke|p1|Aerodactyl, L50, M|
|poke|p1|Clefable, L50, F|
|poke|p1|Rotom-Heat, L50|
|poke|p2|Sinistcha, L50|
|poke|p2|Floette-Eternal, L50, F|
|poke|p2|Incineroar, L50, M|
|poke|p2|Toxapex, L50, M|
|poke|p2|Rotom-Wash, L50|
|poke|p2|Hippowdon, L50, F|
|teampreview|4
|showteam|p1|Garchomp||Garchompite|SandVeil|Earthquake,RockSlide,DragonClaw,Protect|Adamant||M|||50|]Kingambit||BlackGlasses|Defiant|KowtowCleave,SuckerPunch,IronHead,Protect|Adamant||F|||50|]Farigiraf||SitrusBerry|ArmorTail|Psychic,Thunderbolt,TrickRoom,Roar|Modest||M|||50|]Aerodactyl||FocusSash|RockHead|RockSlide,DualWingbeat,Tailwind,WideGuard|Jolly||M|||50|]Clefable||Leftovers|Unaware|Moonblast,FollowMe,HelpingHand,Protect|Bold||F|||50|]Rotom-Heat||PasshoBerry|Levitate|Overheat,Thunderbolt,WillOWisp,Protect|Timid|||||50|
|showteam|p2|Sinistcha||CobaBerry|Hospitality|MatchaGotcha,RagePowder,TrickRoom,Protect|Bold|||||50|]Floette-Eternal||Floettite|FlowerVeil|DrainingKiss,DazzlingGleam,CalmMind,Protect|Modest||F|||50|]Incineroar||ShucaBerry|Intimidate|FlareBlitz,ThroatChop,FakeOut,PartingShot|Impish||M|||50|]Toxapex||Leftovers|Regenerator|Infestation,Recover,WideGuard,BanefulBunker|Calm||M|||50|]Rotom-Wash||LifeOrb|Levitate|HydroPump,Thunderbolt,WillOWisp,Protect|Modest|||||50|]Hippowdon||SitrusBerry|SandStream|HighHorsepower,RockTomb,Yawn,Protect|Careful||F|||50|
|c|☆pokseanz|glhf
|c|☆HayesL|u2 u2
|
|t:|1784402505
|teamsize|p1|4
|teamsize|p2|4
|start
|switch|p1a: zoomies|Aerodactyl, L50, M|100/100
|switch|p1b: trebleleblebleb|Clefable, L50, F|100/100
|switch|p2a: Rotom|Rotom-Wash, L50|100/100
|switch|p2b: Hippowdon|Hippowdon, L50, F|100/100
|-weather|Sandstorm|[from] ability: Sand Stream|[of] p2b: Hippowdon
|turn|1
|
|t:|1784402519
|move|p1b: trebleleblebleb|Follow Me|p1b: trebleleblebleb
|-singleturn|p1b: trebleleblebleb|move: Follow Me
|move|p1a: zoomies|Tailwind|p1a: zoomies
|-sidestart|p1: HayesL|move: Tailwind
|move|p2a: Rotom|Thunderbolt|p1b: trebleleblebleb
|-damage|p1b: trebleleblebleb|46/100
|-damage|p2a: Rotom|90/100|[from] item: Life Orb
|move|p2b: Hippowdon|Yawn|p1b: trebleleblebleb
|-start|p1b: trebleleblebleb|move: Yawn|[of] p2b: Hippowdon
|
|-weather|Sandstorm|[upkeep]
|-damage|p1b: trebleleblebleb|40/100|[from] Sandstorm
|-damage|p2a: Rotom|84/100|[from] Sandstorm
|-heal|p1b: trebleleblebleb|46/100|[from] item: Leftovers
|upkeep
|turn|2
|
|t:|1784402542
|move|p2a: Rotom|Protect|p2a: Rotom
|-singleturn|p2a: Rotom|Protect
|move|p1a: zoomies|Dual Wingbeat|p2b: Hippowdon
|-damage|p2b: Hippowdon|86/100
|-damage|p2b: Hippowdon|72/100
|-hitcount|p2b: Hippowdon|2
|move|p1b: trebleleblebleb|Moonblast|p2b: Hippowdon
|-damage|p2b: Hippowdon|48/100
|-enditem|p2b: Hippowdon|Sitrus Berry|[eat]
|-heal|p2b: Hippowdon|73/100|[from] item: Sitrus Berry
|move|p2b: Hippowdon|Rock Tomb|p1a: zoomies
|-supereffective|p1a: zoomies|1
|-damage|p1a: zoomies|46/100
|-unboost|p1a: zoomies|spe|1
|
|-weather|Sandstorm|[upkeep]
|-damage|p1b: trebleleblebleb|40/100|[from] Sandstorm
|-damage|p2a: Rotom|78/100|[from] Sandstorm
|-heal|p1b: trebleleblebleb|46/100|[from] item: Leftovers
|-end|p1b: trebleleblebleb|move: Yawn|[silent]
|-status|p1b: trebleleblebleb|slp
|upkeep
|turn|3
|
|t:|1784402580
|switch|p1b: da don|Garchomp, L50, M|100/100
|move|p1a: zoomies|Rock Slide|p2b: Hippowdon|[spread] p2a,p2b
|-crit|p2a: Rotom
|-resisted|p2b: Hippowdon|1
|-crit|p2b: Hippowdon
|-damage|p2a: Rotom|40/100
|-damage|p2b: Hippowdon|59/100
|move|p2a: Rotom|Hydro Pump|p1b: da don
|-damage|p1b: da don|30/100
|-damage|p2a: Rotom|30/100|[from] item: Life Orb
|move|p2b: Hippowdon|Yawn|p1a: zoomies
|-start|p1a: zoomies|move: Yawn|[of] p2b: Hippowdon
|
|-weather|Sandstorm|[upkeep]
|-damage|p2a: Rotom|24/100|[from] Sandstorm
|upkeep
|turn|4
|
|t:|1784402628
|switch|p1a: trebleleblebleb|Clefable, L50, F|46/100 slp
|switch|p2a: Incineroar|Incineroar, L50, M|100/100
|-ability|p2a: Incineroar|Intimidate|boost
|-unboost|p1a: trebleleblebleb|atk|1
|-unboost|p1b: da don|atk|1
|move|p1b: da don|Protect|p1b: da don
|-singleturn|p1b: da don|Protect
|move|p2b: Hippowdon|Yawn||[still]
|-fail|p2b: Hippowdon
|
|-weather|Sandstorm|[upkeep]
|-damage|p1a: trebleleblebleb|40/100 slp|[from] Sandstorm
|-damage|p2a: Incineroar|94/100|[from] Sandstorm
|-heal|p1a: trebleleblebleb|46/100 slp|[from] item: Leftovers
|-sideend|p1: HayesL|move: Tailwind
|upkeep
|turn|5
|
|t:|1784402646
|detailschange|p1b: da don|Garchomp-Mega, L50, M
|-mega|p1b: da don|Garchomp|Garchompite
|cant|p1a: trebleleblebleb|slp
|move|p2a: Incineroar|Fake Out|p1b: da don
|-damage|p1b: da don|20/100y
|cant|p1b: da don|flinch
|move|p2b: Hippowdon|Yawn|p1b: da don
|-start|p1b: da don|move: Yawn|[of] p2b: Hippowdon
|
|-weather|none
|-heal|p1a: trebleleblebleb|51/100 slp|[from] item: Leftovers
|upkeep
|turn|6
|
|t:|1784402662
|switch|p2a: Rotom|Rotom-Wash, L50|24/100
|-curestatus|p1a: trebleleblebleb|slp|[msg]
|move|p1a: trebleleblebleb|Helping Hand|p1b: da don
|-singleturn|p1b: da don|Helping Hand|[of] p1a: trebleleblebleb
|move|p2b: Hippowdon|Protect|p2b: Hippowdon
|-singleturn|p2b: Hippowdon|Protect
|move|p1b: da don|Earthquake|p2a: Rotom|[spread] p1a
|-activate|p2b: Hippowdon|move: Protect
|-immune|p2a: Rotom|[from] ability: Levitate
|-damage|p1a: trebleleblebleb|0 fnt
|faint|p1a: trebleleblebleb
|
|-end|p1b: da don|move: Yawn|[silent]
|-status|p1b: da don|slp
|upkeep
|
|t:|1784402664
|switch|p1a: shogun|Kingambit, L50, F|100/100
|turn|7
|
|t:|1784402681
|cant|p1b: da don|slp
|move|p2a: Rotom|Will-O-Wisp|p1a: shogun
|-status|p1a: shogun|brn
|move|p2b: Hippowdon|High Horsepower|p1b: da don
|-damage|p1b: da don|0 fnt
|faint|p1b: da don
|move|p1a: shogun|Kowtow Cleave|p2a: Rotom
|-damage|p2a: Rotom|0 fnt
|faint|p2a: Rotom
|
|-damage|p1a: shogun|94/100 brn|[from] brn
|upkeep
|
|t:|1784402694
|switch|p1b: zoomies|Aerodactyl, L50, M|46/100
|switch|p2a: Floette|Floette-Eternal, L50, F|100/100
|turn|8
|
|t:|1784402706
|detailschange|p2a: Floette|Floette-Mega, L50, F
|-mega|p2a: Floette|Floette|Floettite
|-ability|p2a: Floette|Fairy Aura
|move|p1b: zoomies|Rock Slide|p2a: Floette|[spread] p2a,p2b
|-resisted|p2b: Hippowdon|1
|-damage|p2a: Floette|76/100
|-damage|p2b: Hippowdon|51/100
|move|p2a: Floette|Draining Kiss|p1b: zoomies
|-damage|p1b: zoomies|0 fnt
|-heal|p2a: Floette|100/100|[from] drain|[of] p1b: zoomies
|faint|p1b: zoomies
|move|p2b: Hippowdon|High Horsepower|p1a: shogun|[miss]
|-miss|p2b: Hippowdon|p1a: shogun
|move|p1a: shogun|Iron Head|p2a: Floette
|-supereffective|p2a: Floette|1
|-damage|p2a: Floette|51/100
|
|-damage|p1a: shogun|88/100 brn|[from] brn
|upkeep
|turn|9
|
|t:|1784402722
|move|p2a: Floette|Draining Kiss|p1a: shogun
|-damage|p1a: shogun|50/100g brn
|-heal|p2a: Floette|84/100|[from] drain|[of] p1a: shogun
|move|p2b: Hippowdon|High Horsepower|p1a: shogun
|-supereffective|p1a: shogun|1
|-damage|p1a: shogun|0 fnt
|faint|p1a: shogun
|
|win|pokseanz
|c|☆pokseanz|gr
|c|☆HayesL|yeee
||HayesL is ready for game 2.
|inactive|pokseanz has 30 seconds to confirm battle start!
||pokseanz is ready for game 2.
|uhtml|next|Next: Game 2 of 3
