|j|☆mak2012
|j|☆TMJS01
|html|mak2012TMJS01    
|uhtml|bestof|Game 1 of a best-of-3
|t:|1782184183
|gametype|doubles
|player|p1|mak2012|1|1137
|player|p2|TMJS01|unknown|1269
|gen|9
|tier|[Gen 9 Champions] VGC 2026 Reg M-B (Bo3)
|rated|
|rule|Species Clause: Limit one of each Pokémon
|rule|Item Clause: Limit 1 of each item
|clearpoke
|poke|p1|Sceptile, L50, M|
|poke|p1|Sylveon, L50, M|
|poke|p1|Garchomp, L50, F|
|poke|p1|Rotom-Heat, L50|
|poke|p1|Whimsicott, L50, F|
|poke|p1|Aegislash, L50, M|
|poke|p2|Sinistcha, L50|
|poke|p2|Incineroar, L50, F|
|poke|p2|Garchomp, L50, F|
|poke|p2|Floette-Eternal, L50, F|
|poke|p2|Delphox, L50, M|
|poke|p2|Kommo-o, L50, M|
|teampreview|4
|showteam|p1|Sceptile||Sceptilite|Overgrow|EnergyBall,EarthPower,DragonPulse,Detect|Timid||M|||50|]Sylveon||FairyFeather|Pixilate|HyperVoice,HyperBeam,Detect,HelpingHand|Timid||M|||50|]Garchomp||ChoiceScarf|RoughSkin|RockSlide,DragonClaw,Crunch,Earthquake|Jolly||F|||50|]Rotom-Heat||SitrusBerry|Levitate|Discharge,Reflect,VoltSwitch,Overheat|Modest|||||50|]Whimsicott||FocusSash|Prankster|Tailwind,Encore,Moonblast,LightScreen|Timid||F|||50|]Aegislash||LifeOrb|StanceChange|SacredSword,PsychoCut,KingsShield,IronHead|Adamant||M|||50|
|showteam|p2|Sinistcha||KasibBerry|Hospitality|MatchaGotcha,RagePowder,TrickRoom,LifeDew|Relaxed|||||50|]Incineroar||ChopleBerry|Intimidate|ThroatChop,FlareBlitz,PartingShot,FakeOut|Impish||F|||50|]Garchomp||LifeOrb|RoughSkin|ScaleShot,StompingTantrum,Protect,RockTomb|Jolly||F|||50|]Floette-Eternal||Floettite|FlowerVeil|Protect,CalmMind,Moonblast,DazzlingGleam|Modest||F|||50|]Delphox||Delphoxite|Blaze|NastyPlot,HeatWave,Psyshock,Protect|Timid||M|||50|]Kommo-o||Leftovers|Overcoat|ClangingScales,ClangorousSoul,AuraSphere,Protect|Modest||M|||50|
|inactive|Battle timer is ON: inactive players will automatically lose when time's up. (requested by TMJS01)
|inactive|mak2012 has 60 seconds left.
|inactive|TMJS01 has 60 seconds left.
|inactive|mak2012 has 30 seconds left.
|
|t:|1782184247
|teamsize|p1|4
|teamsize|p2|4
|start
|switch|p1a: Whimsicott|Whimsicott, L50, F|100/100
|switch|p1b: Sylveon|Sylveon, L50, M|100/100
|switch|p2a: Delphox|Delphox, L50, M|100/100
|switch|p2b: Incineroar|Incineroar, L50, F|100/100
|-ability|p2b: Incineroar|Intimidate|boost
|-unboost|p1a: Whimsicott|atk|1
|-unboost|p1b: Sylveon|atk|1
|turn|1
|inactive|mak2012 has 30 seconds left.
|
|t:|1782184282
|detailschange|p2a: Delphox|Delphox-Mega, L50, M
|-mega|p2a: Delphox|Delphox|Delphoxite
|move|p2b: Incineroar|Fake Out|p1b: Sylveon
|-damage|p1b: Sylveon|86/100
|move|p1a: Whimsicott|Tailwind|p1a: Whimsicott
|-sidestart|p1: mak2012|move: Tailwind
|cant|p1b: Sylveon|flinch
|move|p2a: Delphox|Heat Wave|p1b: Sylveon|[spread] p1a,p1b
|-supereffective|p1a: Whimsicott|1
|-enditem|p1a: Whimsicott|Focus Sash
|-damage|p1a: Whimsicott|1/100
|-damage|p1b: Sylveon|57/100
|
|upkeep
|turn|2
|
|t:|1782184304
|move|p1a: Whimsicott|Light Screen|p1a: Whimsicott
|-sidestart|p1: mak2012|move: Light Screen
|move|p1b: Sylveon|Hyper Voice|p2a: Delphox|[spread] p2a,p2b
|-resisted|p2a: Delphox|1
|-damage|p2a: Delphox|81/100
|-damage|p2b: Incineroar|66/100
|move|p2a: Delphox|Heat Wave|p1b: Sylveon|[spread] p1a,p1b
|-supereffective|p1a: Whimsicott|1
|-damage|p1a: Whimsicott|0 fnt
|-damage|p1b: Sylveon|38/100
|faint|p1a: Whimsicott
|move|p2b: Incineroar|Flare Blitz|p1b: Sylveon
|-damage|p1b: Sylveon|0 fnt
|faint|p1b: Sylveon
|-damage|p2b: Incineroar|53/100|[from] Recoil
|
|upkeep
|
|t:|1782184317
|switch|p1a: Garchomp|Garchomp, L50, F|100/100
|switch|p1b: Aegislash|Aegislash, L50, M|100/100
|turn|3
|
|t:|1782184328
|switch|p2b: Sinistcha|Sinistcha, L50|100/100
|-heal|p2a: Delphox|100/100|[from] ability: Hospitality|[of] p2b: Sinistcha
|move|p2a: Delphox|Protect|p2a: Delphox
|-singleturn|p2a: Delphox|Protect
|move|p1a: Garchomp|Crunch|p2a: Delphox
|-activate|p2a: Delphox|move: Protect
|-formechange|p1b: Aegislash|Aegislash-Blade|
|move|p1b: Aegislash|Sacred Sword|p2b: Sinistcha
|-immune|p2b: Sinistcha
|
|upkeep
|turn|4
|
|t:|1782184350
|switch|p2b: Incineroar|Incineroar, L50, F|53/100
|-ability|p2b: Incineroar|Intimidate|boost
|-unboost|p1a: Garchomp|atk|1
|-unboost|p1b: Aegislash|atk|1
|move|p1a: Garchomp|Crunch|p2a: Delphox
|-supereffective|p2a: Delphox|1
|-damage|p2a: Delphox|52/100
|-unboost|p2a: Delphox|def|1
|move|p2a: Delphox|Nasty Plot|p2a: Delphox
|-boost|p2a: Delphox|spa|2
|move|p1b: Aegislash|Iron Head|p2a: Delphox
|-resisted|p2a: Delphox|1
|-damage|p2a: Delphox|9/100
|-damage|p1b: Aegislash|90/100|[from] item: Life Orb
|
|-sideend|p1: mak2012|move: Tailwind
|upkeep
|turn|5
|
|t:|1782184368
|move|p2b: Incineroar|Fake Out|p1a: Garchomp
|-damage|p1a: Garchomp|89/100
|-damage|p2b: Incineroar|41/100|[from] ability: Rough Skin|[of] p1a: Garchomp
|cant|p1a: Garchomp|flinch
|move|p2a: Delphox|Heat Wave|p1b: Aegislash|[spread] p1a,p1b
|-resisted|p1a: Garchomp|1
|-supereffective|p1b: Aegislash|1
|-damage|p1a: Garchomp|58/100
|-damage|p1b: Aegislash|0 fnt
|faint|p1b: Aegislash
|
|upkeep
|turn|6
|
|t:|1782184379
|move|p2a: Delphox|Protect|p2a: Delphox
|-singleturn|p2a: Delphox|Protect
|move|p1a: Garchomp|Crunch|p2a: Delphox
|-activate|p2a: Delphox|move: Protect
|move|p2b: Incineroar|Parting Shot|p1a: Garchomp
|-unboost|p1a: Garchomp|atk|1
|-unboost|p1a: Garchomp|spa|1
|
|t:|1782184381
|switch|p2b: Sinistcha|Sinistcha, L50|100/100|[from] Parting Shot
|-heal|p2a: Delphox|34/100|[from] ability: Hospitality|[of] p2b: Sinistcha
|
|-sideend|p1: mak2012|move: Light Screen
|upkeep
|turn|7
|
|t:|1782184391
|move|p2b: Sinistcha|Rage Powder|p2b: Sinistcha
|-singleturn|p2b: Sinistcha|move: Rage Powder
|move|p1a: Garchomp|Crunch|p2b: Sinistcha
|-supereffective|p2b: Sinistcha|1
|-damage|p2b: Sinistcha|77/100
|move|p2a: Delphox|Psyshock|p1a: Garchomp
|-damage|p1a: Garchomp|0 fnt
|faint|p1a: Garchomp
|
|win|TMJS01
||mak2012 is ready for game 2.
||TMJS01 is ready for game 2.
|uhtml|next|Next: Game 2 of 3
