|j|☆arts and stuff
|j|☆PM77Switch
|html|arts and stuffPM77Switch    
|uhtml|bestof|Game 2 of a best-of-3
|t:|1783721377
|gametype|doubles
|player|p1|arts and stuff|169|1000
|player|p2|PM77Switch|may-masters3|1116
|gen|9
|tier|[Gen 9 Champions] VGC 2026 Reg M-B (Bo3)
|rated|
|rule|Species Clause: Limit one of each Pokémon
|rule|Item Clause: Limit 1 of each item
|clearpoke
|poke|p1|Scolipede, L50, M, shiny|
|poke|p1|Maushold-Four, L50, shiny|
|poke|p1|Incineroar, L50, F, shiny|
|poke|p1|Raichu, L50, F, shiny|
|poke|p1|Whimsicott, L50, F, shiny|
|poke|p1|Sylveon, L50, F, shiny|
|poke|p2|Staraptor, L50, M, shiny|
|poke|p2|Farigiraf, L50, M, shiny|
|poke|p2|Charizard, L50, M, shiny|
|poke|p2|Whimsicott, L50, M, shiny|
|poke|p2|Garchomp, L50, M, shiny|
|poke|p2|Gholdengo, L50, shiny|
|teampreview|4
|showteam|p1|Scolipede||Scolipite|PoisonPoint|Protect,LeechLife,PoisonJab,SwordsDance|Adamant||M|||50|]Maushold-Four||WideLens|FriendGuard|PopulationBomb,FollowMe,LowKick,Protect|Jolly|||||50|]Incineroar||Leftovers|Intimidate|FlareBlitz,FakeOut,PartingShot,Protect|Careful||F|||50|]Raichu||RaichuniteY|LightningRod|VoltSwitch,FocusBlast,Thunderbolt,Protect|Timid||F|||50|]Whimsicott||FocusSash|Prankster|Moonblast,Encore,Protect,Tailwind|Bold||F|||50|]Sylveon||LifeOrb|Pixilate|HyperBeam,HyperVoice,Detect,MysticalFire|Modest||F|||50|
|showteam|p2|Staraptor||Staraptite|Intimidate|DualWingbeat,CloseCombat,BlazeKick,Protect|Jolly||M|||50|]Farigiraf||SitrusBerry|ArmorTail|Psychic,HelpingHand,TrickRoom,Imprison|Bold||M|||50|]Charizard||CharizarditeY|SolarPower|HeatWave,WeatherBall,SolarBeam,Protect|Modest||M|||50|]Whimsicott||FairyFeather|Prankster|Moonblast,Tailwind,SunnyDay,Taunt|Timid||M|||50|]Garchomp||LifeOrb|RoughSkin|StompingTantrum,DragonClaw,RockSlide,Protect|Jolly||M|||50|]Gholdengo||ChoiceScarf|GoodasGold|MakeItRain,ShadowBall,PowerGem,Thunderbolt|Timid|||||50|
|inactive|Battle timer is ON: inactive players will automatically lose when time's up. (requested by PM77Switch)
|inactive|arts and stuff has 60 seconds left.
|
|t:|1783721409
|teamsize|p1|4
|teamsize|p2|4
|start
|switch|p1a: Cotton core|Whimsicott, L50, F, shiny|100/100
|switch|p1b: Nikola|Raichu, L50, F, shiny|100/100
|switch|p2a: Charizard|Charizard, L50, M, shiny|100/100
|switch|p2b: Gholdengo|Gholdengo, L50, shiny|100/100
|turn|1
|
|t:|1783721421
|switch|p2a: Garchomp|Garchomp, L50, M, shiny|100/100
|move|p1b: Nikola|Protect|p1b: Nikola
|-singleturn|p1b: Nikola|Protect
|move|p1a: Cotton core|Tailwind|p1a: Cotton core
|-sidestart|p1: arts and stuff|move: Tailwind
|move|p2b: Gholdengo|Make It Rain|p1a: Cotton core|[spread] p1a
|-activate|p1b: Nikola|move: Protect
|-supereffective|p1a: Cotton core|1
|-enditem|p1a: Cotton core|Focus Sash
|-damage|p1a: Cotton core|1/100
|-unboost|p2b: Gholdengo|spa|2
|
|upkeep
|turn|2
|
|t:|1783721443
|detailschange|p1b: Nikola|Raichu-Mega-Y, L50, F, shiny
|-mega|p1b: Nikola|Raichu|Raichunite Y
|move|p1b: Nikola|Thunderbolt|p2b: Gholdengo
|-damage|p2b: Gholdengo|34/100
|move|p1a: Cotton core|Moonblast|p2a: Garchomp
|-supereffective|p2a: Garchomp|1
|-crit|p2a: Garchomp
|-damage|p2a: Garchomp|3/100
|move|p2b: Gholdengo|Make It Rain|p1a: Cotton core|[spread] p1a,p1b
|-supereffective|p1a: Cotton core|1
|-resisted|p1b: Nikola|1
|-damage|p1a: Cotton core|0 fnt
|-damage|p1b: Nikola|82/100
|-unboost|p2b: Gholdengo|spa|2
|faint|p1a: Cotton core
|move|p2a: Garchomp|Stomping Tantrum|p1b: Nikola
|-supereffective|p1b: Nikola|1
|-damage|p1b: Nikola|0 fnt
|faint|p1b: Nikola
|-damage|p2a: Garchomp|0 fnt|[from] item: Life Orb
|faint|p2a: Garchomp
|
|upkeep
|
|t:|1783721464
|switch|p1b: El Tigre|Incineroar, L50, F, shiny|100/100
|switch|p2a: Charizard|Charizard, L50, M, shiny|100/100
|switch|p1a: Rupaul|Sylveon, L50, F, shiny|100/100
|-ability|p1b: El Tigre|Intimidate|boost
|-unboost|p2a: Charizard|atk|1
|-unboost|p2b: Gholdengo|atk|1
|turn|3
|
|t:|1783721474
|switch|p2b: Whimsicott|Whimsicott, L50, M, shiny|100/100
|move|p2a: Charizard|Protect|p2a: Charizard
|-singleturn|p2a: Charizard|Protect
|move|p1b: El Tigre|Fake Out|p2a: Charizard
|-activate|p2a: Charizard|move: Protect
|move|p1a: Rupaul|Hyper Voice|p2a: Charizard|[spread] p2b
|-activate|p2a: Charizard|move: Protect
|-damage|p2b: Whimsicott|14/100
|-damage|p1a: Rupaul|90/100|[from] item: Life Orb
|
|upkeep
|turn|4
|
|t:|1783721497
|detailschange|p2a: Charizard|Charizard-Mega-Y, L50, M, shiny
|-mega|p2a: Charizard|Charizard|Charizardite Y
|-weather|SunnyDay|[from] ability: Drought|[of] p2a: Charizard
|move|p2b: Whimsicott|Tailwind|p2b: Whimsicott
|-sidestart|p2: PM77Switch|move: Tailwind
|move|p2a: Charizard|Heat Wave|p1a: Rupaul|[spread] p1a,p1b
|-resisted|p1b: El Tigre|1
|-crit|p1b: El Tigre
|-damage|p1a: Rupaul|46/100
|-damage|p1b: El Tigre|69/100
|move|p1b: El Tigre|Parting Shot|p2a: Charizard
|-unboost|p2a: Charizard|atk|1
|-unboost|p2a: Charizard|spa|1
|move|p1a: Rupaul|Hyper Voice|p2a: Charizard|[spread] p2a,p2b
|-resisted|p2a: Charizard|1
|-damage|p2a: Charizard|74/100
|-damage|p2b: Whimsicott|0 fnt
|faint|p2b: Whimsicott
|-damage|p1a: Rupaul|36/100|[from] item: Life Orb
|
|-weather|SunnyDay|[upkeep]
|-heal|p1b: El Tigre|75/100|[from] item: Leftovers
|-sideend|p1: arts and stuff|move: Tailwind
|upkeep
|
|t:|1783721509
|switch|p2b: Gholdengo|Gholdengo, L50, shiny|34/100
|turn|5
|
|t:|1783721525
|move|p1a: Rupaul|Detect|p1a: Rupaul
|-singleturn|p1a: Rupaul|Protect
|move|p2b: Gholdengo|Power Gem|p1b: El Tigre
|-supereffective|p1b: El Tigre|1
|-damage|p1b: El Tigre|40/100
|move|p2a: Charizard|Weather Ball|p1a: Rupaul
|-activate|p1a: Rupaul|move: Protect
|move|p1b: El Tigre|Flare Blitz|p2b: Gholdengo
|-supereffective|p2b: Gholdengo|1
|-damage|p2b: Gholdengo|0 fnt
|faint|p2b: Gholdengo
|-damage|p1b: El Tigre|31/100|[from] Recoil
|
|-weather|SunnyDay|[upkeep]
|-heal|p1b: El Tigre|37/100|[from] item: Leftovers
|upkeep
|turn|6
|
|t:|1783721539
|move|p2a: Charizard|Heat Wave|p1a: Rupaul|[spread] p1a,p1b
|-resisted|p1b: El Tigre|1
|-damage|p1a: Rupaul|3/100
|-damage|p1b: El Tigre|23/100
|move|p1b: El Tigre|Flare Blitz|p2a: Charizard
|-resisted|p2a: Charizard|1
|-damage|p2a: Charizard|31/100
|-damage|p1b: El Tigre|12/100|[from] Recoil
|move|p1a: Rupaul|Hyper Beam|p2a: Charizard
|-resisted|p2a: Charizard|1
|-damage|p2a: Charizard|0 fnt
|-mustrecharge|p1a: Rupaul
|faint|p2a: Charizard
|-damage|p1a: Rupaul|0 fnt|[from] item: Life Orb
|faint|p1a: Rupaul
|
|win|arts and stuff
