|j|Ōśåwh1ssperr77
|j|ŌśåDilluVGC
|html|wh1ssperr77DilluVGC    
|uhtml|bestof|Game 3 of a best-of-3
|t:|1785856673
|gametype|doubles
|player|p1|wh1ssperr77|pokekid|1110
|player|p2|DilluVGC|blaine|1097
|gen|9
|tier|[Gen 9 Champions] VGC 2026 Reg M-B (Bo3)
|rated|
|rule|Species Clause: Limit one of each Pok├®mon
|rule|Item Clause: Limit 1 of each item
|clearpoke
|poke|p1|Metagross, L50, shiny|
|poke|p1|Aerodactyl, L50, M|
|poke|p1|Garchomp, L50, M, shiny|
|poke|p1|Charizard, L50, F, shiny|
|poke|p1|Sylveon, L50, M|
|poke|p1|Samurott-Hisui, L50, F, shiny|
|poke|p2|Gengar, L50, F|
|poke|p2|Archaludon, L50, F|
|poke|p2|Politoed, L50, F|
|poke|p2|Swampert, L50, F|
|poke|p2|Vivillon, L50, F|
|poke|p2|Incineroar, L50, M|
|teampreview|4
|showteam|p1|Metagross||Metagrossite|ClearBody|IronHead,IcePunch,PsychicFangs,Protect|Jolly|||||50|]Aerodactyl||FocusSash|Unnerve|RockSlide,Tailwind,WideGuard,Protect|Jolly||M|||50|]Garchomp||LifeOrb|RoughSkin|Earthquake,DragonClaw,StompingTantrum,Protect|Jolly||M|||50|]Charizard||CharizarditeY|Blaze|HeatWave,SolarBeam,WeatherBall,Protect|Modest||F|||50|]Sylveon||FairyFeather|Pixilate|HyperVoice,HyperBeam,QuickAttack,Protect|Modest||M|||50|]Samurott-Hisui||BlackGlasses|Sharpness|SuckerPunch,CeaselessEdge,SacredSword,Protect|Adamant||F|||50|
|showteam|p2|Gengar||Gengarite|CursedBody|ShadowBall,SludgeBomb,PerishSong,Protect|Modest||F|||50|]Archaludon||Leftovers|Stamina|ElectroShot,DragonPulse,FlashCannon,Protect|Bold||F|||50|]Politoed||SitrusBerry|Drizzle|WeatherBall,Hypnosis,PerishSong,Protect|Calm||F|||50|]Swampert||Swampertite|Torrent|WaveCrash,Earthquake,IcePunch,Protect|Adamant||F|||50|]Vivillon||FocusSash|CompoundEyes|Hurricane,SleepPowder,RagePowder,Protect|Timid||F|||50|]Incineroar||PasshoBerry|Intimidate|ThroatChop,FakeOut,PartingShot,Protect|Impish||M|||50|
|
|t:|1785856715
|teamsize|p1|4
|teamsize|p2|4
|start
|switch|p1a: Aerodactyl|Aerodactyl, L50, M|100/100
|switch|p1b: Samurott|Samurott-Hisui, L50, F, shiny|100/100
|switch|p2a: Vivillon|Vivillon, L50, F|100/100
|switch|p2b: Politoed|Politoed, L50, F|100/100
|-ability|p1a: Aerodactyl|Unnerve
|-weather|RainDance|[from] ability: Drizzle|[of] p2b: Politoed
|turn|1
|
|t:|1785856750
|move|p2a: Vivillon|Protect|p2a: Vivillon
|-singleturn|p2a: Vivillon|Protect
|move|p1a: Aerodactyl|Tailwind|p1a: Aerodactyl
|-sidestart|p1: wh1ssperr77|move: Tailwind
|move|p1b: Samurott|Ceaseless Edge|p2a: Vivillon
|-activate|p2a: Vivillon|move: Protect
|move|p2b: Politoed|Weather Ball|p1a: Aerodactyl
|-supereffective|p1a: Aerodactyl|1
|-enditem|p1a: Aerodactyl|Focus Sash
|-damage|p1a: Aerodactyl|1/100
|
|-weather|RainDance|[upkeep]
|upkeep
|turn|2
|
|t:|1785856770
|switch|p2a: Swampert|Swampert, L50, F|100/100
|move|p1a: Aerodactyl|Rock Slide|p2b: Politoed|[spread] p2a,p2b
|-resisted|p2a: Swampert|1
|-damage|p2a: Swampert|89/100
|-damage|p2b: Politoed|82/100
|move|p1b: Samurott|Ceaseless Edge|p2a: Swampert
|-damage|p2a: Swampert|35/100
|-sidestart|p2: DilluVGC|Spikes
|move|p2b: Politoed|Hypnosis|p1b: Samurott
|-status|p1b: Samurott|slp|[from] move: Hypnosis
|
|-weather|RainDance|[upkeep]
|upkeep
|turn|3
|
|t:|1785856815
|switch|p2b: Archaludon|Archaludon, L50, F|100/100
|-damage|p2b: Archaludon|87/100|[from] Spikes
|detailschange|p2a: Swampert|Swampert-Mega, L50, F
|-mega|p2a: Swampert|Swampert|Swampertite
|move|p1a: Aerodactyl|Rock Slide|p2a: Swampert|[spread] p2a,p2b
|-resisted|p2a: Swampert|1
|-resisted|p2b: Archaludon|1
|-damage|p2a: Swampert|25/100
|-damage|p2b: Archaludon|81/100
|-ability|p2b: Archaludon|Stamina|boost
|-boost|p2b: Archaludon|def|1
|move|p2a: Swampert|Ice Punch|p1a: Aerodactyl
|-supereffective|p1a: Aerodactyl|1
|-damage|p1a: Aerodactyl|0 fnt
|faint|p1a: Aerodactyl
|cant|p1b: Samurott|slp
|
|-weather|RainDance|[upkeep]
|-heal|p2b: Archaludon|87/100|[from] item: Leftovers
|upkeep
|
|t:|1785856835
|switch|p1a: Sylveon|Sylveon, L50, M|100/100
|turn|4
|
|t:|1785856843
|move|p2a: Swampert|Wave Crash|p1a: Sylveon
|-damage|p1a: Sylveon|0 fnt
|faint|p1a: Sylveon
|-damage|p2a: Swampert|0 fnt|[from] Recoil
|faint|p2a: Swampert
|cant|p1b: Samurott|slp
|move|p2b: Archaludon|Electro Shot||[still]
|-prepare|p2b: Archaludon|Electro Shot
|-boost|p2b: Archaludon|spa|1
|-anim|p2b: Archaludon|Electro Shot|p1b: Samurott
|-supereffective|p1b: Samurott|1
|-damage|p1b: Samurott|0 fnt
|faint|p1b: Samurott
|
|-weather|RainDance|[upkeep]
|-heal|p2b: Archaludon|93/100|[from] item: Leftovers
|-sideend|p1: wh1ssperr77|move: Tailwind
|upkeep
|c|ŌśåDilluVGC|ggs
|inactive|Battle timer is ON: inactive players will automatically lose when time's up. (requested by DilluVGC)
|l|Ōśåwh1ssperr77
|inactive|wh1ssperr77 disconnected and has a minute to reconnect!
|player|p1|
|inactive|wh1ssperr77 has 30 seconds to reconnect!
|j|Ōśåwh1ssperr77
|inactive|wh1ssperr77 reconnected and has 55 seconds left.
|player|p1|wh1ssperr77|pokekid|
|c|Ōśåwh1ssperr77|Gg
|
|t:|1785856939
|switch|p2a: Vivillon|Vivillon, L50, F|100/100
|switch|p1a: Garchomp|Garchomp, L50, M, shiny|100/100
|turn|5
|
|t:|1785856955
|move|p2b: Archaludon|Protect|p2b: Archaludon
|-singleturn|p2b: Archaludon|Protect
|move|p2a: Vivillon|Sleep Powder|p1a: Garchomp
|-status|p1a: Garchomp|slp|[from] move: Sleep Powder
|cant|p1a: Garchomp|slp
|
|-weather|none
|-heal|p2b: Archaludon|100/100|[from] item: Leftovers
|upkeep
|turn|6
|-message|wh1ssperr77 forfeited.
|
|win|DilluVGC
|raw|wh1ssperr77's rating: 1110 → 1084(-26 for losing)
|raw|DilluVGC's rating: 1097 → 1123(+26 for winning)
|l|Ōśåwh1ssperr77
|player|p1|
