|j|☆dont make me walk
|j|☆Ulico
|html|dont make me walkUlico    
|uhtml|bestof|Game 2 of a best-of-3
|t:|1755033121
|gametype|doubles
|player|p1|dont make me walk|red-masters3|1276
|player|p2|Ulico|mrstone|1303
|gen|9
|tier|[Gen 9] VGC 2025 Reg H (Bo3)
|rated|
|rule|Species Clause: Limit one of each Pokémon
|rule|Item Clause: Limit 1 of each item
|clearpoke
|poke|p1|Murkrow, L50, F|
|poke|p1|Indeedee-F, L50, F|
|poke|p1|Ursaluna-Bloodmoon, L50, M|
|poke|p1|Armarouge, L50, F|
|poke|p1|Gholdengo, L50|
|poke|p1|Annihilape, L50, M|
|poke|p2|Porygon2, L50|
|poke|p2|Incineroar, L50, F|
|poke|p2|Ursaluna, L50, F|
|poke|p2|Amoonguss, L50, M|
|poke|p2|Gholdengo, L50|
|poke|p2|Dragonite, L50, F|
|teampreview|4
|showteam|p1|Murkrow||Eviolite|Prankster|Tailwind,FoulPlay,Haze,SunnyDay|||F|||50|,,,,,Ghost]Indeedee-F||RockyHelmet|PsychicSurge|FollowMe,TrickRoom,HelpingHand,Psychic|||F|||50|,,,,,Fairy]Ursaluna-Bloodmoon||LifeOrb|MindsEye|Protect,EarthPower,HyperVoice,BloodMoon|||M|||50|,,,,,Normal]Armarouge||PowerHerb|FlashFire|TrickRoom,MeteorBeam,HeatWave,ExpandingForce|||F|||50|,,,,,Grass]Gholdengo||ChoiceSpecs|GoodasGold|MakeItRain,ShadowBall,Thunderbolt,Trick||||||50|,,,,,Steel]Annihilape||SafetyGoggles|Defiant|Protect,BulkUp,RageFist,DrainPunch|||M|||50|,,,,,Fire
|showteam|p2|Porygon2||Eviolite|Download|TeraBlast,IceBeam,Recover,TrickRoom||||||50|,,,,,Fighting]Incineroar||SafetyGoggles|Intimidate|FakeOut,KnockOff,FlareBlitz,PartingShot|||F|||50|,,,,,Ghost]Ursaluna||FlameOrb|Guts|HeadlongRush,Facade,Earthquake,Protect|||F|||50|,,,,,Ghost]Amoonguss||SitrusBerry|Regenerator|PollenPuff,Spore,RagePowder,Protect|||M|||50|,,,,,Water]Gholdengo||LifeOrb|GoodasGold|MakeItRain,ShadowBall,NastyPlot,Protect||||||50|,,,,,Water]Dragonite||LoadedDice|Multiscale|ScaleShot,Haze,Tailwind,Protect|||F|||50|,,,,,Steel
|inactive|Battle timer is ON: inactive players will automatically lose when time's up. (requested by dont make me walk)
|j| Ottomatek
|inactive|Ulico has 60 seconds left.
|
|t:|1755033152
|teamsize|p1|4
|teamsize|p2|4
|start
|switch|p1a: Ursaluna|Ursaluna-Bloodmoon, L50, M|100/100
|switch|p1b: Indeedee|Indeedee-F, L50, F|100/100
|switch|p2a: Dragonite|Dragonite, L50, F|100/100
|switch|p2b: Ursaluna|Ursaluna, L50, F|100/100
|-fieldstart|move: Psychic Terrain|[from] ability: Psychic Surge|[of] p1b: Indeedee
|turn|1
|
|t:|1755033171
|-terastallize|p1a: Ursaluna|Normal
|move|p2a: Dragonite|Scale Shot|p1b: Indeedee
|-damage|p1b: Indeedee|87/100
|-damage|p1b: Indeedee|72/100
|-damage|p1b: Indeedee|58/100
|-damage|p1b: Indeedee|45/100
|-hitcount|p1b: Indeedee|4
|-unboost|p2a: Dragonite|def|1
|-boost|p2a: Dragonite|spe|1
|move|p1a: Ursaluna|Hyper Voice|p2b: Ursaluna|[spread] p2a,p2b
|-damage|p2a: Dragonite|67/100
|-damage|p2b: Ursaluna|41/100
|-damage|p1a: Ursaluna|91/100|[from] item: Life Orb
|move|p1b: Indeedee|Psychic|p2a: Dragonite
|-damage|p2a: Dragonite|23/100
|-unboost|p2a: Dragonite|spd|1
|move|p2b: Ursaluna|Earthquake|p1a: Ursaluna|[spread] p1a,p1b
|-immune|p2a: Dragonite
|-damage|p1a: Ursaluna|56/100
|-damage|p1b: Indeedee|0 fnt
|faint|p1b: Indeedee
|
|-status|p2b: Ursaluna|brn|[from] item: Flame Orb
|upkeep
|
|t:|1755033177
|switch|p1b: Annihilape|Annihilape, L50, M, shiny|100/100
|turn|2
|
|t:|1755033196
|move|p1a: Ursaluna|Protect|p1a: Ursaluna
|-singleturn|p1a: Ursaluna|Protect
|move|p2a: Dragonite|Tailwind|p2a: Dragonite
|-sidestart|p2: Ulico|move: Tailwind
|move|p2b: Ursaluna|Earthquake|p1a: Ursaluna|[spread] p1b
|-activate|p1a: Ursaluna|move: Protect
|-immune|p2a: Dragonite
|-damage|p1b: Annihilape|36/100
|move|p1b: Annihilape|Rage Fist|p2a: Dragonite
|-damage|p2a: Dragonite|0 fnt
|faint|p2a: Dragonite
|
|-damage|p2b: Ursaluna|35/100 brn|[from] brn
|upkeep
|
|t:|1755033217
|switch|p2a: Incineroar|Incineroar, L50, F|100/100
|-ability|p2a: Incineroar|Intimidate|boost
|-unboost|p1a: Ursaluna|atk|1
|-unboost|p1b: Annihilape|atk|1
|-ability|p1b: Annihilape|Defiant|boost
|-boost|p1b: Annihilape|atk|2
|turn|3
|inactive|Ulico has 30 seconds left.
|
|t:|1755033247
|-terastallize|p2a: Incineroar|Ghost
|move|p1b: Annihilape|Protect|p1b: Annihilape
|-singleturn|p1b: Annihilape|Protect
|move|p2a: Incineroar|Knock Off|p1b: Annihilape
|-activate|p1b: Annihilape|move: Protect
|move|p2b: Ursaluna|Facade|p1a: Ursaluna
|-damage|p1a: Ursaluna|0 fnt
|faint|p1a: Ursaluna
|
|-damage|p2b: Ursaluna|29/100 brn|[from] brn
|upkeep
|
|t:|1755033255
|switch|p1a: Armarouge|Armarouge, L50, F, shiny|100/100
|turn|4
|
|t:|1755033264
|move|p2a: Incineroar|Knock Off|p1a: Armarouge
|-supereffective|p1a: Armarouge
|-damage|p1a: Armarouge|35/100
|-enditem|p1a: Armarouge|Power Herb|[from] move: Knock Off|[of] p2a: Incineroar
|move|p2b: Ursaluna|Headlong Rush|p1b: Annihilape
|-damage|p1b: Annihilape|0 fnt
|-unboost|p2b: Ursaluna|def|1
|-unboost|p2b: Ursaluna|spd|1
|faint|p1b: Annihilape
|move|p1a: Armarouge|Expanding Force|p2b: Ursaluna|[spread] p2a,p2b
|-damage|p2a: Incineroar|47/100
|-damage|p2b: Ursaluna|0 fnt
|faint|p2b: Ursaluna
|
|upkeep
|
|t:|1755033270
|switch|p2b: Amoonguss|Amoonguss, L50, M|100/100
|turn|5
|-message|dont make me walk forfeited.
|
|win|Ulico
|raw|dont make me walk's rating: 1276 → 1253(-23 for losing)
|raw|Ulico's rating: 1303 → 1321(+18 for winning)
|l|☆Ulico
|player|p2|
