|j|☆jomivgc
|j|☆edhen
|html|jomivgcedhen    
|uhtml|bestof|Game 1 of a best-of-3
|t:|1783714977
|gametype|doubles
|player|p1|jomivgc|falkner-gen2|1163
|player|p2|edhen|clair|1184
|gen|9
|tier|[Gen 9 Champions] VGC 2026 Reg M-B (Bo3)
|rated|
|rule|Species Clause: Limit one of each Pokémon
|rule|Item Clause: Limit 1 of each item
|clearpoke
|poke|p1|Kleavor, L50, M|
|poke|p1|Sinistcha, L50|
|poke|p1|Archaludon, L50, M|
|poke|p1|Swampert, L50, M|
|poke|p1|Froslass, L50, F|
|poke|p1|Pelipper, L50, F|
|poke|p2|Milotic, L50, F|
|poke|p2|Victreebel, L50, F|
|poke|p2|Ceruledge, L50, F|
|poke|p2|Garchomp, L50, F|
|poke|p2|Gallade, L50, M|
|poke|p2|Ninetales-Alola, L50, F|
|teampreview|4
|showteam|p1|Kleavor||ChoiceScarf|Sharpness|StoneAxe,XScissor,CloseCombat,NightSlash|Jolly||M|||50|]Sinistcha||KasibBerry|Hospitality|MatchaGotcha,Protect,RagePowder,TrickRoom|Modest|||||50|]Archaludon||Leftovers|Stamina|FlashCannon,Protect,ElectroShot,DragonPulse|Modest||M|||50|]Swampert||Swampertite|Damp|WaveCrash,Earthquake,RockSlide,Protect|Adamant||M|||50|]Froslass||Froslassite|CursedBody|Blizzard,RainDance,AuroraVeil,Protect|Modest||F|||50|]Pelipper||FocusSash|Drizzle|Hurricane,WeatherBall,WideGuard,Tailwind|Modest||F|||50|
|showteam|p2|Milotic||Leftovers|Competitive|Protect,Coil,Hypnosis,Scald|Bold||F|||50|]Victreebel||Victreebelite|Chlorophyll|PowerWhip,PoisonJab,SuckerPunch,StrengthSap|Naughty||F|||50|]Ceruledge||ColburBerry|FlashFire|Protect,ShadowSneak,BitterBlade,BulkUp|Adamant||F|||50|]Garchomp||LifeOrb|RoughSkin|Protect,DragonClaw,StompingTantrum,RockSlide|Jolly||F|||50|]Gallade||FocusSash|Sharpness|XScissor,ShadowSneak,PsychoCut,SacredSword|Jolly||M|||50|]Ninetales-Alola||NeverMeltIce|SnowWarning|Protect,FreezeDry,Blizzard,Encore|Timid||F|||50|
|inactive|Battle timer is ON: inactive players will automatically lose when time's up. (requested by jomivgc)
|inactive|jomivgc has 60 seconds left.
|inactive|edhen has 60 seconds left.
|
|t:|1783715024
|teamsize|p1|4
|teamsize|p2|4
|start
|switch|p1a: Swampert|Swampert, L50, M|100/100
|switch|p1b: Froslass|Froslass, L50, F|100/100
|switch|p2a: Victreebel|Victreebel, L50, F|100/100
|switch|p2b: Gallade|Gallade, L50, M|100/100
|turn|1
|inactive|jomivgc has 30 seconds left.
|inactive|edhen has 30 seconds left.
|inactive|jomivgc has 20 seconds left.
|inactive|jomivgc has 15 seconds left.
|inactive|jomivgc has 10 seconds left.
|inactive|jomivgc has 5 seconds left.
|
|t:|1783715079
|detailschange|p2a: Victreebel|Victreebel-Mega, L50, F
|-mega|p2a: Victreebel|Victreebel|Victreebelite
|move|p1b: Froslass|Blizzard|p2b: Gallade|[spread] p2a
|-miss|p1b: Froslass|p2b: Gallade
|-supereffective|p2a: Victreebel|1
|-crit|p2a: Victreebel
|-damage|p2a: Victreebel|0 fnt
|-damage|p1b: Froslass|0 fnt|[from] ability: Innards Out|[of] p2a: Victreebel
|faint|p2a: Victreebel
|faint|p1b: Froslass
|move|p2b: Gallade|Psycho Cut|p1a: Swampert
|-crit|p1a: Swampert
|-damage|p1a: Swampert|14/100
|move|p1a: Swampert|Wave Crash|p2b: Gallade
|-crit|p2b: Gallade
|-enditem|p2b: Gallade|Focus Sash
|-damage|p2b: Gallade|1/100
|-damage|p1a: Swampert|0 fnt|[from] Recoil
|faint|p1a: Swampert
|
|upkeep
|
|t:|1783715100
|switch|p1b: Pelipper|Pelipper, L50, F|100/100
|switch|p2a: Ceruledge|Ceruledge, L50, F|100/100
|switch|p1a: Archaludon|Archaludon, L50, M|100/100
|-weather|RainDance|[from] ability: Drizzle|[of] p1b: Pelipper
|turn|2
|
|t:|1783715124
|switch|p2a: Ninetales|Ninetales-Alola, L50, F|100/100
|-weather|Snowscape|[from] ability: Snow Warning|[of] p2a: Ninetales
|move|p1a: Archaludon|Protect|p1a: Archaludon
|-singleturn|p1a: Archaludon|Protect
|move|p2b: Gallade|Sacred Sword|p1a: Archaludon
|-activate|p1a: Archaludon|move: Protect
|move|p1b: Pelipper|Tailwind|p1b: Pelipper
|-sidestart|p1: jomivgc|move: Tailwind
|
|-weather|Snowscape|[upkeep]
|upkeep
|turn|3
|inactive|edhen has 30 seconds left.
|inactive|edhen has 20 seconds left.
|inactive|edhen has 15 seconds left.
|
|t:|1783715167
|switch|p2a: Ceruledge|Ceruledge, L50, F|100/100
|move|p2b: Gallade|Shadow Sneak|p1b: Pelipper
|-damage|p1b: Pelipper|83/100
|move|p1b: Pelipper|Weather Ball|p2b: Gallade
|-damage|p2b: Gallade|0 fnt
|faint|p2b: Gallade
|move|p1a: Archaludon|Flash Cannon|p2a: Ceruledge
|-resisted|p2a: Ceruledge|1
|-damage|p2a: Ceruledge|81/100
|
|-weather|Snowscape|[upkeep]
|upkeep
|
|t:|1783715176
|switch|p2b: Ninetales|Ninetales-Alola, L50, F|100/100
|turn|4
|
|t:|1783715199
|move|p2b: Ninetales|Protect|p2b: Ninetales
|-singleturn|p2b: Ninetales|Protect
|move|p1b: Pelipper|Hurricane|p2a: Ceruledge
|-damage|p2a: Ceruledge|22/100
|move|p1a: Archaludon|Flash Cannon|p2b: Ninetales
|-activate|p2b: Ninetales|move: Protect
|move|p2a: Ceruledge|Bitter Blade|p1a: Archaludon
|-damage|p1a: Archaludon|65/100
|-heal|p2a: Ceruledge|43/100|[from] drain|[of] p1a: Archaludon
|-ability|p1a: Archaludon|Stamina|boost
|-boost|p1a: Archaludon|def|1
|
|-weather|Snowscape|[upkeep]
|-heal|p1a: Archaludon|72/100|[from] item: Leftovers
|upkeep
|turn|5
|
|t:|1783715218
|move|p2b: Ninetales|Protect||[still]
|-fail|p2b: Ninetales
|move|p2a: Ceruledge|Protect|p2a: Ceruledge
|-singleturn|p2a: Ceruledge|Protect
|move|p1b: Pelipper|Hurricane|p2a: Ceruledge
|-activate|p2a: Ceruledge|move: Protect
|move|p1a: Archaludon|Flash Cannon|p2b: Ninetales
|-supereffective|p2b: Ninetales|2
|-damage|p2b: Ninetales|0 fnt
|faint|p2b: Ninetales
|
|-weather|Snowscape|[upkeep]
|-heal|p1a: Archaludon|78/100|[from] item: Leftovers
|-sideend|p1: jomivgc|move: Tailwind
|upkeep
|turn|6
|-message|edhen forfeited.
|
|win|jomivgc
|l|☆edhen
|player|p2|
