|j|Ōśåelychee267
|j|Ōśåparks34VGC
|html|elychee267parks34VGC    
|uhtml|bestof|Game 1 of a best-of-3
|t:|1785727340
|gametype|doubles
|player|p1|elychee267|lucas-gen4pt|
|player|p2|parks34VGC|steven|
|gen|9
|tier|[Gen 9 Champions] VGC 2026 Reg M-B (Bo3)
|rule|Species Clause: Limit one of each Pok├®mon
|rule|Item Clause: Limit 1 of each item
|clearpoke
|poke|p1|Garchomp, L50, M|
|poke|p1|Venusaur, L50, F|
|poke|p1|Incineroar, L50, M|
|poke|p1|Charizard, L50, F|
|poke|p1|Toxapex, L50, M|
|poke|p1|Annihilape, L50, F|
|poke|p2|Metagross, L50|
|poke|p2|Whimsicott, L50, F|
|poke|p2|Staraptor, L50, M|
|poke|p2|Farigiraf, L50, M|
|poke|p2|Glimmora, L50, M|
|poke|p2|Basculegion, L50, M|
|teampreview|4
|showteam|p1|Garchomp||ChoiceScarf|RoughSkin|Earthquake,RockSlide,DragonClaw,StompingTantrum|Adamant||M|||50|]Venusaur||LifeOrb|Chlorophyll|SludgeBomb,SolarBeam,EarthPower,Protect|Modest||F|||50|]Incineroar||SitrusBerry|Intimidate|FakeOut,FlareBlitz,ThroatChop,PartingShot|Impish||M|||50|]Charizard||CharizarditeY|Blaze|HeatWave,WeatherBall,Protect,HelpingHand|Modest||F|||50|]Toxapex||Leftovers|Regenerator|Infestation,Toxic,WideGuard,BanefulBunker|Impish||M|||50|]Annihilape||FocusSash|Defiant|CloseCombat,PhantomForce,RockTomb,Protect|Jolly||F|||50|
|showteam|p2|Metagross||Metagrossite|ClearBody|BulletPunch,PsychicFangs,Protect,BodyPress|Jolly|||||50|]Whimsicott||FocusSash|Prankster|Moonblast,Charm,Protect,Tailwind|Timid||F|||50|]Staraptor||Staraptite|Intimidate|CloseCombat,BraveBird,Protect,Roost|Jolly||M|||50|]Farigiraf||SitrusBerry|ArmorTail|TrickRoom,Thunderbolt,HelpingHand,Psychic|Bold||M|||50|]Glimmora||LifeOrb|ToxicDebris|SludgeBomb,PowerGem,SpikyShield,EarthPower|Modest||M|||50|]Basculegion||ChoiceScarf|Adaptability|LastRespects,FlipTurn,WaveCrash,PsychicFangs|Jolly||M|||50|
|inactive|Battle timer is ON: inactive players will automatically lose when time's up. (requested by elychee267)
|inactiveoff|Battle timer is now OFF.
|j| miradonaod
|c| miradonaod|bo3
|c|Ōśåelychee267|so, go thru the same process of thinking again
|c|Ōśåelychee267|and figure out how i might adapt
|c|Ōśåelychee267|yeah
|c| miradonaod|ots makes it SO MUCH easier
|c|Ōśåelychee267|ikr
|c|Ōśåparks34VGC|after this I need to go to sleep
|
|t:|1785727399
|teamsize|p1|4
|teamsize|p2|4
|start
|switch|p1a: Garchomp|Garchomp, L50, M|100/100
|switch|p1b: Charizard|Charizard, L50, F|100/100
|switch|p2a: Thor my best dog|Whimsicott, L50, F|100/100
|switch|p2b: Thor sleepey dog|Glimmora, L50, M|100/100
|turn|1
|c|Ōśåelychee267|ok
|inactive|Battle timer is ON: inactive players will automatically lose when time's up. (requested by parks34VGC)
|
|t:|1785727416
|switch|p1b: Incineroar|Incineroar, L50, M|100/100
|-ability|p1b: Incineroar|Intimidate|boost
|-unboost|p2a: Thor my best dog|atk|1
|-unboost|p2b: Thor sleepey dog|atk|1
|move|p2b: Thor sleepey dog|Spiky Shield|p2b: Thor sleepey dog
|-singleturn|p2b: Thor sleepey dog|move: Protect
|move|p2a: Thor my best dog|Tailwind|p2a: Thor my best dog
|-sidestart|p2: parks34VGC|move: Tailwind
|move|p1a: Garchomp|Earthquake|p2b: Thor sleepey dog|[spread] p1b,p2a
|-activate|p2b: Thor sleepey dog|move: Protect
|-supereffective|p1b: Incineroar|1
|-resisted|p2a: Thor my best dog|1
|-damage|p1b: Incineroar|36/100
|-damage|p2a: Thor my best dog|70/100
|-enditem|p1b: Incineroar|Sitrus Berry|[eat]
|-heal|p1b: Incineroar|61/100|[from] item: Sitrus Berry
|
|upkeep
|turn|2
|c|Ōśåparks34VGC|were doing this like a tour
|
|t:|1785727431
|switch|p2b: Basculegion|Basculegion, L50, M|100/100
|move|p1b: Incineroar|Fake Out|p2a: Thor my best dog
|-crit|p2a: Thor my best dog
|-damage|p2a: Thor my best dog|47/100
|cant|p2a: Thor my best dog|flinch
|move|p1a: Garchomp|Earthquake|p2a: Thor my best dog|[spread] p1b,p2a,p2b
|-supereffective|p1b: Incineroar|1
|-resisted|p2a: Thor my best dog|1
|-damage|p1b: Incineroar|0 fnt
|-damage|p2a: Thor my best dog|14/100
|-damage|p2b: Basculegion|43/100
|faint|p1b: Incineroar
|
|upkeep
|c| miradonaod|how
|
|t:|1785727444
|switch|p1b: Charizard|Charizard, L50, F|100/100
|turn|3
|c|Ōśåelychee267|yeah, how???
|c|Ōśåparks34VGC|first crit?
|
|t:|1785727461
|move|p1b: Charizard|Protect|p1b: Charizard
|-singleturn|p1b: Charizard|Protect
|move|p2a: Thor my best dog|Charm|p1a: Garchomp
|-unboost|p1a: Garchomp|atk|2
|move|p2b: Basculegion|Last Respects|p1b: Charizard
|-activate|p1b: Charizard|move: Protect
|move|p1a: Garchomp|Earthquake|p2a: Thor my best dog|[spread] p2a,p2b
|-activate|p1b: Charizard|move: Protect
|-resisted|p2a: Thor my best dog|1
|-damage|p2a: Thor my best dog|0 fnt
|-damage|p2b: Basculegion|17/100
|faint|p2a: Thor my best dog
|
|upkeep
|
|t:|1785727471
|switch|p2a: Thor my dog|Staraptor, L50, M|100/100
|-ability|p2a: Thor my dog|Intimidate|boost
|-unboost|p1a: Garchomp|atk|1
|-unboost|p1b: Charizard|atk|1
|turn|4
|
|t:|1785727491
|switch|p1a: Toxapex|Toxapex, L50, M|100/100
|detailschange|p2a: Thor my dog|Staraptor-Mega, L50, M
|-mega|p2a: Thor my dog|Staraptor|Staraptite
|detailschange|p1b: Charizard|Charizard-Mega-Y, L50, F
|-mega|p1b: Charizard|Charizard|Charizardite Y
|-weather|SunnyDay|[from] ability: Drought|[of] p1b: Charizard
|move|p2b: Basculegion|Last Respects|p1b: Charizard
|-damage|p1b: Charizard|44/100
|move|p2a: Thor my dog|Close Combat|p1a: Toxapex
|-resisted|p1a: Toxapex|1
|-damage|p1a: Toxapex|80/100
|-boost|p2a: Thor my dog|def|1
|-boost|p2a: Thor my dog|spd|1
|move|p1b: Charizard|Heat Wave|p2a: Thor my dog|[spread] p2a,p2b
|-resisted|p2b: Basculegion|1
|-damage|p2a: Thor my dog|60/100
|-damage|p2b: Basculegion|0 fnt
|-status|p2a: Thor my dog|brn
|faint|p2b: Basculegion
|
|-weather|SunnyDay|[upkeep]
|-heal|p1a: Toxapex|85/100|[from] item: Leftovers
|-damage|p2a: Thor my dog|54/100 brn|[from] brn
|-sideend|p2: parks34VGC|move: Tailwind
|upkeep
|
|t:|1785727510
|switch|p2b: Thor sleepey dog|Glimmora, L50, M|100/100
|turn|5
|c| miradonaod|burn
|c|Ōśåparks34VGC|good
|c|Ōśåparks34VGC|gg
|
|t:|1785727530
|switch|p1b: Garchomp|Garchomp, L50, M|100/100
|move|p2a: Thor my dog|Protect|p2a: Thor my dog
|-singleturn|p2a: Thor my dog|Protect
|move|p2b: Thor sleepey dog|Earth Power|p1a: Toxapex
|-supereffective|p1a: Toxapex|1
|-damage|p1a: Toxapex|19/100
|-damage|p2b: Thor sleepey dog|90/100|[from] item: Life Orb
|move|p1a: Toxapex|Infestation|p2b: Thor sleepey dog
|-resisted|p2b: Thor sleepey dog|1
|-damage|p2b: Thor sleepey dog|88/100
|-activate|p2b: Thor sleepey dog|move: Infestation|[of] p1a: Toxapex
|
|-weather|SunnyDay|[upkeep]
|-heal|p1a: Toxapex|25/100|[from] item: Leftovers
|-damage|p2a: Thor my dog|48/100 brn|[from] brn
|-damage|p2b: Thor sleepey dog|75/100|[from] move: Infestation|[partiallytrapped]
|upkeep
|turn|6
|inactive|elychee267 has 30 seconds left.
|inactive|parks34VGC has 30 seconds left.
|
|t:|1785727558
|move|p1a: Toxapex|Baneful Bunker|p1a: Toxapex
|-singleturn|p1a: Toxapex|move: Protect
|move|p1b: Garchomp|Earthquake|p2b: Thor sleepey dog|[spread] p2b
|-activate|p1a: Toxapex|move: Protect
|-immune|p2a: Thor my dog
|-supereffective|p2b: Thor sleepey dog|2
|-damage|p2b: Thor sleepey dog|0 fnt
|-activate|p2b: Thor sleepey dog|ability: Toxic Debris
|-sidestart|p1: elychee267|move: Toxic Spikes
|faint|p2b: Thor sleepey dog
|move|p2a: Thor my dog|Close Combat|p1b: Garchomp
|-damage|p1b: Garchomp|70/100
|-boost|p2a: Thor my dog|def|1
|-boost|p2a: Thor my dog|spd|1
|-damage|p2a: Thor my dog|35/100 brn|[from] ability: Rough Skin|[of] p1b: Garchomp
|
|-weather|SunnyDay|[upkeep]
|-heal|p1a: Toxapex|31/100|[from] item: Leftovers
|-damage|p2a: Thor my dog|29/100 brn|[from] brn
|upkeep
|turn|7
|c| miradonaod|yk pex is a pi vot right
|c|Ōśåparks34VGC|gg
|c|Ōśåelychee267|isnt it support for yard
|
|t:|1785727579
|switch|p1b: Charizard|Charizard-Mega-Y, L50, F|44/100
|move|p2a: Thor my dog|Roost|p2a: Thor my dog
|-heal|p2a: Thor my dog|79/100 brn
|-singleturn|p2a: Thor my dog|move: Roost
|move|p1a: Toxapex|Infestation|p2a: Thor my dog
|-resisted|p2a: Thor my dog|1
|-damage|p2a: Thor my dog|79/100 brn
|-activate|p2a: Thor my dog|move: Infestation|[of] p1a: Toxapex
|
|-weather|SunnyDay|[upkeep]
|-heal|p1a: Toxapex|36/100|[from] item: Leftovers
|-damage|p2a: Thor my dog|72/100 brn|[from] brn
|-damage|p2a: Thor my dog|60/100 brn|[from] move: Infestation|[partiallytrapped]
|upkeep
|turn|8
|c| miradonaod|just saying
|
|t:|1785727590
|move|p1b: Charizard|Protect|p1b: Charizard
|-singleturn|p1b: Charizard|Protect
|move|p1a: Toxapex|Baneful Bunker|p1a: Toxapex
|-singleturn|p1a: Toxapex|move: Protect
|move|p2a: Thor my dog|Roost|p2a: Thor my dog
|-heal|p2a: Thor my dog|100/100 brn
|-singleturn|p2a: Thor my dog|move: Roost
|
|-weather|none
|-heal|p1a: Toxapex|42/100|[from] item: Leftovers
|-damage|p2a: Thor my dog|93/100 brn|[from] brn
|-damage|p2a: Thor my dog|81/100 brn|[from] move: Infestation|[partiallytrapped]
|upkeep
|turn|9
|c|Ōśåelychee267|ik its a pivot too dw
|
|t:|1785727614
|switch|p1b: Garchomp|Garchomp, L50, M|70/100
|-status|p1b: Garchomp|psn
|move|p2a: Thor my dog|Brave Bird|p1b: Garchomp
|-crit|p1b: Garchomp
|-damage|p1b: Garchomp|29/100 psn
|-damage|p2a: Thor my dog|68/100 brn|[from] ability: Rough Skin|[of] p1b: Garchomp
|-damage|p2a: Thor my dog|55/100 brn|[from] Recoil
|move|p1a: Toxapex|Infestation|p2a: Thor my dog
|-resisted|p2a: Thor my dog|2
|-damage|p2a: Thor my dog|55/100 brn
|
|-heal|p1a: Toxapex|48/100|[from] item: Leftovers
|-damage|p1b: Garchomp|17/100 psn|[from] psn
|-damage|p2a: Thor my dog|48/100 brn|[from] brn
|-damage|p2a: Thor my dog|36/100 brn|[from] move: Infestation|[partiallytrapped]
|upkeep
|turn|10
|
|t:|1785727628
|move|p1b: Garchomp|Dragon Claw|p2a: Thor my dog
|-damage|p2a: Thor my dog|16/100 brn
|move|p2a: Thor my dog|Roost|p2a: Thor my dog
|-heal|p2a: Thor my dog|66/100 brn
|-singleturn|p2a: Thor my dog|move: Roost
|move|p1a: Toxapex|Infestation|p2a: Thor my dog
|-resisted|p2a: Thor my dog|1
|-damage|p2a: Thor my dog|65/100 brn
|
|-heal|p1a: Toxapex|54/100|[from] item: Leftovers
|-damage|p1b: Garchomp|4/100 psn|[from] psn
|-damage|p2a: Thor my dog|59/100 brn|[from] brn
|-damage|p2a: Thor my dog|46/100 brn|[from] move: Infestation|[partiallytrapped]
|upkeep
|turn|11
|
|t:|1785727641
|move|p1b: Garchomp|Dragon Claw|p2a: Thor my dog
|-damage|p2a: Thor my dog|26/100 brn
|move|p2a: Thor my dog|Roost|p2a: Thor my dog
|-heal|p2a: Thor my dog|76/100 brn
|-singleturn|p2a: Thor my dog|move: Roost
|move|p1a: Toxapex|Infestation|p2a: Thor my dog
|-resisted|p2a: Thor my dog|1
|-damage|p2a: Thor my dog|76/100 brn
|
|-heal|p1a: Toxapex|59/100|[from] item: Leftovers
|-damage|p1b: Garchomp|0 fnt|[from] psn
|faint|p1b: Garchomp
|-damage|p2a: Thor my dog|69/100 brn|[from] brn
|-damage|p2a: Thor my dog|57/100 brn|[from] move: Infestation|[partiallytrapped]
|upkeep
|c| miradonaod|its used as a pivot until the end game where it is used to stall out the last mon or 2
|c|Ōśåelychee267|kk
|
|t:|1785727655
|switch|p1b: Charizard|Charizard-Mega-Y, L50, F|44/100
|-weather|SunnyDay|[from] ability: Drought|[of] p1b: Charizard
|turn|12
|c| miradonaod|#ag player
|
|t:|1785727668
|move|p1b: Charizard|Protect|p1b: Charizard
|-singleturn|p1b: Charizard|Protect
|move|p1a: Toxapex|Baneful Bunker|p1a: Toxapex
|-singleturn|p1a: Toxapex|move: Protect
|move|p2a: Thor my dog|Brave Bird|p1b: Charizard
|-activate|p1b: Charizard|move: Protect
|
|-weather|SunnyDay|[upkeep]
|-heal|p1a: Toxapex|65/100|[from] item: Leftovers
|-damage|p2a: Thor my dog|51/100 brn|[from] brn
|-end|p2a: Thor my dog|Infestation|[partiallytrapped]
|upkeep
|turn|13
|c|Ōśåelychee267|lol
|
|t:|1785727683
|move|p2a: Thor my dog|Brave Bird|p1b: Charizard
|-damage|p1b: Charizard|16/100
|-damage|p2a: Thor my dog|42/100 brn|[from] Recoil
|move|p1b: Charizard|Weather Ball|p2a: Thor my dog
|-damage|p2a: Thor my dog|1/100 brn
|move|p1a: Toxapex|Infestation|p2a: Thor my dog
|-resisted|p2a: Thor my dog|2
|-damage|p2a: Thor my dog|1/100 brn
|-activate|p2a: Thor my dog|move: Infestation|[of] p1a: Toxapex
|
|-weather|SunnyDay|[upkeep]
|-heal|p1a: Toxapex|71/100|[from] item: Leftovers
|-damage|p2a: Thor my dog|0 fnt|[from] brn
|faint|p2a: Thor my dog
|
|win|elychee267
||parks34VGC is ready for game 2.
||elychee267 is ready for game 2.
|uhtml|next|Next: Game 2 of 3
|c| miradonaod|0%
|l|Ōśåparks34VGC
|player|p2|
