|j|☆bellytelevision
|j|☆B1g b3luga
|html|bellytelevisionB1g b3luga    
|uhtml|bestof|Game 3 of a best-of-3
|t:|1784828188
|gametype|doubles
|player|p1|bellytelevision|dawn|1107
|player|p2|B1g b3luga|101|1092
|gen|9
|tier|[Gen 9 Champions] VGC 2026 Reg M-B (Bo3)
|rated|
|rule|Species Clause: Limit one of each Pokémon
|rule|Item Clause: Limit 1 of each item
|clearpoke
|poke|p1|Venusaur, L50, M, shiny|
|poke|p1|Metagross, L50|
|poke|p1|Sinistcha, L50|
|poke|p1|Pelipper, L50, F|
|poke|p1|Archaludon, L50, M, shiny|
|poke|p1|Sableye, L50, M, shiny|
|poke|p2|Sceptile, L50, M, shiny|
|poke|p2|Swampert, L50, F|
|poke|p2|Pelipper, L50, M|
|poke|p2|Sylveon, L50, F|
|poke|p2|Archaludon, L50, M|
|poke|p2|Basculegion, L50, M|
|teampreview|4
|showteam|p1|Venusaur||Venusaurite|Chlorophyll|GigaDrain,SludgeBomb,Protect,EarthPower|Modest||M|||50|]Metagross||Metagrossite|ClearBody|IronHead,PsychicFangs,IcePunch,Protect|Jolly|||||50|]Sinistcha||ColburBerry|Hospitality|RagePowder,MatchaGotcha,LifeDew,TrickRoom|Sassy|||||50|]Pelipper||SitrusBerry|Drizzle|Tailwind,Hurricane,WeatherBall,WideGuard|Bold||F|||50|]Archaludon||Leftovers|Stamina|ElectroShot,FlashCannon,DragonPulse,Protect|Modest||M|||50|]Sableye||LightClay|Prankster|RainDance,Reflect,LightScreen,WillOWisp|Sassy||M|||50|
|showteam|p2|Sceptile||Sceptilite|Unburden|Detect,LeafStorm,DragonPulse,EarthPower|Timid||M|||50|]Swampert||Swampertite|Damp|WaveCrash,Earthquake,KnockOff,Protect|Adamant||F|||50|]Pelipper||FocusSash|Drizzle|WeatherBall,Tailwind,WideGuard,Hurricane|Timid||M|||50|]Sylveon||FairyFeather|Pixilate|HyperBeam,HyperVoice,QuickAttack,Detect|Modest||F|||50|]Archaludon||Leftovers|Stamina|FlashCannon,Protect,ElectroShot,DragonPulse|Timid||M|||50|]Basculegion||LifeOrb|Adaptability|WaveCrash,LastRespects,AquaJet,Protect|Adamant||M|||50|
|inactive|Battle timer is ON: inactive players will automatically lose when time's up. (requested by B1g b3luga)
|inactive|B1g b3luga has 60 seconds left.
|inactive|B1g b3luga has 30 seconds left.
|
|t:|1784828262
|teamsize|p1|4
|teamsize|p2|4
|start
|switch|p1a: Pelipper|Pelipper, L50, F|100/100
|switch|p1b: Sableye|Sableye, L50, M, shiny|100/100
|switch|p2a: Pelipper|Pelipper, L50, M|100/100
|switch|p2b: Swampert|Swampert, L50, F|100/100
|-weather|RainDance|[from] ability: Drizzle|[of] p2a: Pelipper
|turn|1
|inactive|bellytelevision has 30 seconds left.
|
|t:|1784828293
|detailschange|p2b: Swampert|Swampert-Mega, L50, F
|-mega|p2b: Swampert|Swampert|Swampertite
|move|p2b: Swampert|Protect|p2b: Swampert
|-singleturn|p2b: Swampert|Protect
|move|p1b: Sableye|Will-O-Wisp|p2b: Swampert
|-activate|p2b: Swampert|move: Protect
|move|p2a: Pelipper|Hurricane|p1a: Pelipper
|-crit|p1a: Pelipper
|-damage|p1a: Pelipper|22/100
|-enditem|p1a: Pelipper|Sitrus Berry|[eat]
|-heal|p1a: Pelipper|46/100|[from] item: Sitrus Berry
|move|p1a: Pelipper|Hurricane|p2a: Pelipper
|-damage|p2a: Pelipper|40/100
|
|-weather|RainDance|[upkeep]
|upkeep
|turn|2
|inactive|bellytelevision has 30 seconds left.
|inactive|bellytelevision has 20 seconds left.
|
|t:|1784828332
|switch|p2b: Archaludon|Archaludon, L50, M|100/100
|move|p1b: Sableye|Will-O-Wisp|p2b: Archaludon
|-status|p2b: Archaludon|brn
|move|p2a: Pelipper|Hurricane|p1a: Pelipper
|-damage|p1a: Pelipper|0 fnt
|faint|p1a: Pelipper
|
|-weather|RainDance|[upkeep]
|-damage|p2b: Archaludon|93/100 brn|[from] brn
|upkeep
|
|t:|1784828342
|switch|p1a: Venusaur|Venusaur, L50, M, shiny|100/100
|turn|3
|
|t:|1784828355
|detailschange|p1a: Venusaur|Venusaur-Mega, L50, M, shiny
|-mega|p1a: Venusaur|Venusaur|Venusaurite
|move|p1b: Sableye|Light Screen|p1b: Sableye
|-sidestart|p1: bellytelevision|move: Light Screen
|move|p2b: Archaludon|Electro Shot||[still]
|-prepare|p2b: Archaludon|Electro Shot
|-boost|p2b: Archaludon|spa|1
|-anim|p2b: Archaludon|Electro Shot|p1b: Sableye
|-damage|p1b: Sableye|56/100
|move|p2a: Pelipper|Hurricane|p1a: Venusaur
|-supereffective|p1a: Venusaur|1
|-damage|p1a: Venusaur|42/100
|move|p1a: Venusaur|Giga Drain|p2a: Pelipper
|-damage|p2a: Pelipper|0 fnt
|-heal|p1a: Venusaur|58/100|[from] drain|[of] p2a: Pelipper
|faint|p2a: Pelipper
|
|-weather|RainDance|[upkeep]
|-heal|p2b: Archaludon|100/100 brn|[from] item: Leftovers
|-damage|p2b: Archaludon|93/100 brn|[from] brn
|upkeep
|l|☆B1g b3luga
|inactive|B1g b3luga disconnected and has a minute to reconnect!
|player|p2|
|j|☆B1g b3luga
|inactive|B1g b3luga reconnected and has 40 seconds left.
|player|p2|B1g b3luga|101|
|inactive|B1g b3luga has 30 seconds left.
|inactive|B1g b3luga has 20 seconds left.
|inactive|B1g b3luga has 15 seconds left.
|
|t:|1784828397
|switch|p2a: Basculegion|Basculegion, L50, M|100/100
|turn|4
|
|t:|1784828419
|move|p1a: Venusaur|Protect|p1a: Venusaur
|-singleturn|p1a: Venusaur|Protect
|move|p1b: Sableye|Will-O-Wisp|p2a: Basculegion|[miss]
|-miss|p1b: Sableye|p2a: Basculegion
|move|p2b: Archaludon|Electro Shot||[still]
|-prepare|p2b: Archaludon|Electro Shot
|-boost|p2b: Archaludon|spa|1
|-anim|p2b: Archaludon|Electro Shot|p1b: Sableye
|-damage|p1b: Sableye|0 fnt
|faint|p1b: Sableye
|move|p2a: Basculegion|Last Respects|p1a: Venusaur
|-activate|p1a: Venusaur|move: Protect
|
|-weather|RainDance|[upkeep]
|-heal|p2b: Archaludon|100/100 brn|[from] item: Leftovers
|-damage|p2b: Archaludon|93/100 brn|[from] brn
|upkeep
|
|t:|1784828434
|switch|p1b: Sinistcha|Sinistcha, L50|100/100
|-heal|p1a: Venusaur|83/100|[from] ability: Hospitality|[of] p1b: Sinistcha
|turn|5
|
|t:|1784828448
|move|p1b: Sinistcha|Rage Powder|p1b: Sinistcha
|-singleturn|p1b: Sinistcha|move: Rage Powder
|move|p2b: Archaludon|Dragon Pulse|p1b: Sinistcha
|-damage|p1b: Sinistcha|50/100g
|move|p1a: Venusaur|Giga Drain|p2a: Basculegion
|-supereffective|p2a: Basculegion|1
|-damage|p2a: Basculegion|3/100
|-heal|p1a: Venusaur|100/100|[from] drain|[of] p2a: Basculegion
|move|p2a: Basculegion|Last Respects|p1b: Sinistcha
|-supereffective|p1b: Sinistcha|1
|-damage|p1b: Sinistcha|0 fnt
|faint|p1b: Sinistcha
|-damage|p2a: Basculegion|0 fnt|[from] item: Life Orb
|faint|p2a: Basculegion
|
|-weather|none
|-heal|p2b: Archaludon|100/100 brn|[from] item: Leftovers
|-damage|p2b: Archaludon|93/100 brn|[from] brn
|upkeep
|
|t:|1784828456
|switch|p2a: Swampert|Swampert-Mega, L50, F|100/100
|turn|6
|
|t:|1784828471
|move|p2b: Archaludon|Dragon Pulse|p1a: Venusaur
|-damage|p1a: Venusaur|54/100
|move|p1a: Venusaur|Earth Power|p2b: Archaludon
|-supereffective|p2b: Archaludon|1
|-damage|p2b: Archaludon|13/100 brn
|-ability|p2b: Archaludon|Stamina|boost
|-boost|p2b: Archaludon|def|1
|move|p2a: Swampert|Knock Off|p1a: Venusaur
|-crit|p1a: Venusaur
|-damage|p1a: Venusaur|17/100
|
|-heal|p2b: Archaludon|20/100r brn|[from] item: Leftovers
|-damage|p2b: Archaludon|13/100 brn|[from] brn
|upkeep
|turn|7
|
|t:|1784828491
|move|p2b: Archaludon|Dragon Pulse|p1a: Venusaur
|-damage|p1a: Venusaur|0 fnt
|faint|p1a: Venusaur
|
|win|B1g b3luga
|raw|bellytelevision's rating: 1107 → 1081(-26 for losing)
|raw|B1g b3luga's rating: 1092 → 1119(+27 for winning)
|c|☆bellytelevision|gg!
|l|☆B1g b3luga
|player|p2|
