|j|☆Rotomotopoto
|j|☆blfuller_4
|html|Rotomotopotoblfuller_4    
|uhtml|bestof|Game 3 of a best-of-3
|t:|1755923614
|gametype|doubles
|player|p1|Rotomotopoto|cynthia|1238
|player|p2|blfuller_4|101|1341
|gen|9
|tier|[Gen 9] VGC 2025 Reg H (Bo3)
|rated|
|rule|Species Clause: Limit one of each Pokémon
|rule|Item Clause: Limit 1 of each item
|clearpoke
|poke|p1|Archaludon, L50, M|
|poke|p1|Pelipper, L50, M|
|poke|p1|Basculegion, L50, M|
|poke|p1|Maushold-Four, L50|
|poke|p1|Annihilape, L50, M|
|poke|p1|Sinistcha-Masterpiece, L50|
|poke|p2|Tyranitar, L50, F|
|poke|p2|Excadrill, L50, F|
|poke|p2|Sneasler, L50, F|
|poke|p2|Indeedee, L50, M|
|poke|p2|Gholdengo, L50|
|poke|p2|Whimsicott, L50, M|
|teampreview|4
|showteam|p1|Archaludon||AssaultVest|Stamina|ElectroShot,DracoMeteor,FlashCannon,BodyPress|||M|||50|,,,,,Grass]Pelipper||FocusSash|Drizzle|WeatherBall,Hurricane,Tailwind,WideGuard|||M|||50|,,,,,Ghost]Basculegion||LifeOrb|SwiftSwim|WaveCrash,FlipTurn,LastRespects,AquaJet|||M|||50|,,,,,Water]Maushold-Four||SafetyGoggles|FriendGuard|SuperFang,BeatUp,Taunt,FollowMe||||||50|,,,,,Ghost]Annihilape||Leftovers|Defiant|RageFist,DrainPunch,BulkUp,Protect|||M|||50|,,,,,Fire]Sinistcha-Masterpiece||SitrusBerry|Hospitality|MatchaGotcha,RagePowder,LifeDew,TrickRoom||||||50|,,,,,Fairy
|showteam|p2|Tyranitar||AssaultVest|SandStream|RockSlide,TeraBlast,KnockOff,LowKick|||F|||50|,,,,,Flying]Excadrill||FocusSash|SandRush|Protect,Earthquake,HighHorsepower,IronHead|||F|||50|,,,,,Stellar]Sneasler||PsychicSeed|Unburden|ThroatChop,Protect,CloseCombat,DireClaw|||F|||50|,,,,,Dark]Indeedee||ChoiceScarf|PsychicSurge|ExpandingForce,DazzlingGleam,ShadowBall,Trick|||M|||50|,,,,,Psychic]Gholdengo||ChoiceSpecs|GoodasGold|MakeItRain,ShadowBall,Thunderbolt,PowerGem||||||50|,,,,,Steel]Whimsicott||CovertCloak|Prankster|Tailwind,Moonblast,Encore,FakeTears|||M|||50|,,,,,Dark
|
|t:|1755923628
|teamsize|p1|4
|teamsize|p2|4
|start
|switch|p1a: Pelipper|Pelipper, L50, M|100/100
|switch|p1b: Basculegion|Basculegion, L50, M, shiny|100/100
|switch|p2a: Gholdengo|Gholdengo, L50|100/100
|switch|p2b: Whimsicott|Whimsicott, L50, M|100/100
|-weather|RainDance|[from] ability: Drizzle|[of] p1a: Pelipper
|turn|1
|
|t:|1755923654
|switch|p1b: Archaludon|Archaludon, L50, M, shiny|100/100
|move|p2b: Whimsicott|Fake Tears|p1b: Archaludon
|-unboost|p1b: Archaludon|spd|2
|move|p2a: Gholdengo|Shadow Ball|p1b: Archaludon
|-damage|p1b: Archaludon|15/100
|-ability|p1b: Archaludon|Stamina|boost
|-boost|p1b: Archaludon|def|1
|move|p1a: Pelipper|Weather Ball|p2a: Gholdengo
|-damage|p2a: Gholdengo|21/100
|
|-weather|RainDance|[upkeep]
|upkeep
|turn|2
|
|t:|1755923674
|switch|p1a: Maushold|Maushold-Four, L50|100/100
|move|p2b: Whimsicott|Moonblast|p1b: Archaludon
|-damage|p1b: Archaludon|0 fnt
|faint|p1b: Archaludon
|move|p2a: Gholdengo|Shadow Ball|p1a: Maushold
|-immune|p1a: Maushold
|
|-weather|RainDance|[upkeep]
|upkeep
|
|t:|1755923679
|switch|p1b: Pelipper|Pelipper, L50, M|100/100
|turn|3
|
|t:|1755923697
|move|p2b: Whimsicott|Tailwind|p2b: Whimsicott
|-sidestart|p2: blfuller_4|move: Tailwind
|move|p2a: Gholdengo|Shadow Ball|p1b: Pelipper
|-damage|p1b: Pelipper|16/100
|move|p1a: Maushold|Taunt|p2b: Whimsicott
|-start|p2b: Whimsicott|move: Taunt
|move|p1b: Pelipper|Hurricane|p2a: Gholdengo
|-resisted|p2a: Gholdengo
|-damage|p2a: Gholdengo|0 fnt
|faint|p2a: Gholdengo
|
|-weather|RainDance|[upkeep]
|upkeep
|
|t:|1755923718
|switch|p2a: Sneasler|Sneasler, L50, F|100/100
|turn|4
|
|t:|1755923740
|-terastallize|p2a: Sneasler|Dark
|move|p1a: Maushold|Follow Me|p1a: Maushold
|-singleturn|p1a: Maushold|move: Follow Me
|move|p2b: Whimsicott|Moonblast|p1a: Maushold
|-damage|p1a: Maushold|67/100
|-unboost|p1a: Maushold|spa|1
|move|p2a: Sneasler|Dire Claw|p1a: Maushold
|-damage|p1a: Maushold|13/100
|move|p1b: Pelipper|Hurricane|p2a: Sneasler
|-damage|p2a: Sneasler|36/100
|
|-weather|RainDance|[upkeep]
|upkeep
|turn|5
|
|t:|1755923773
|switch|p1b: Basculegion|Basculegion, L50, M, shiny|100/100
|move|p1a: Maushold|Follow Me|p1a: Maushold
|-singleturn|p1a: Maushold|move: Follow Me
|move|p2b: Whimsicott|Moonblast|p1a: Maushold
|-damage|p1a: Maushold|0 fnt
|faint|p1a: Maushold
|move|p2a: Sneasler|Dire Claw|p1b: Basculegion
|-resisted|p1b: Basculegion
|-damage|p1b: Basculegion|73/100
|-status|p1b: Basculegion|psn
|
|-weather|none
|-damage|p1b: Basculegion|61/100 psn|[from] psn
|upkeep
|
|t:|1755923784
|switch|p1a: Pelipper|Pelipper, L50, M|16/100
|-weather|RainDance|[from] ability: Drizzle|[of] p1a: Pelipper
|turn|6
|
|t:|1755923820
|-terastallize|p1b: Basculegion|Water
|move|p1b: Basculegion|Aqua Jet|p2a: Sneasler
|-damage|p2a: Sneasler|0 fnt
|faint|p2a: Sneasler
|-damage|p1b: Basculegion|52/100 psn|[from] item: Life Orb
|move|p2b: Whimsicott|Moonblast|p1a: Pelipper
|-damage|p1a: Pelipper|0 fnt
|faint|p1a: Pelipper
|
|-weather|RainDance|[upkeep]
|-damage|p1b: Basculegion|39/100 psn|[from] psn
|-end|p2b: Whimsicott|move: Taunt
|-sideend|p2: blfuller_4|move: Tailwind
|upkeep
|
|t:|1755923828
|switch|p2a: Indeedee|Indeedee, L50, M|100/100
|-fieldstart|move: Psychic Terrain|[from] ability: Psychic Surge|[of] p2a: Indeedee
|turn|7
|-message|Rotomotopoto forfeited.
|
|win|blfuller_4
|raw|Rotomotopoto's rating: 1238 → 1220(-18 for losing)
|raw|blfuller_4's rating: 1341 → 1355(+14 for winning)
|l|☆Rotomotopoto
|player|p1|
