|j|☆wowiekazowee
|j|☆KingV1337
|html|wowiekazoweeKingV1337    
|uhtml|bestof|Game 3 of a best-of-3
|t:|1757187958
|gametype|doubles
|player|p1|wowiekazowee|idol|1130
|player|p2|KingV1337|cynthia-gen4|1217
|gen|9
|tier|[Gen 9] VGC 2025 Reg H (Bo3)
|rated|
|rule|Species Clause: Limit one of each Pokémon
|rule|Item Clause: Limit 1 of each item
|clearpoke
|poke|p1|Incineroar, L50, F|
|poke|p1|Rillaboom, L50, M|
|poke|p1|Sneasler, L50, F|
|poke|p1|Gholdengo, L50|
|poke|p1|Ninetales-Alola, L50, F|
|poke|p1|Electabuzz, L50, F|
|poke|p2|Tyranitar, L50, F|
|poke|p2|Garchomp, L50, M|
|poke|p2|Gholdengo, L50|
|poke|p2|Primarina, L50, M|
|poke|p2|Talonflame, L50, F|
|poke|p2|Sneasler, L50, F|
|teampreview|4
|showteam|p1|Incineroar||SafetyGoggles|Intimidate|FakeOut,FlareBlitz,KnockOff,PartingShot|||F|||50|,,,,,Water]Rillaboom||AssaultVest|GrassySurge|WoodHammer,GrassyGlide,FakeOut,Uturn|||M|||50|,,,,,Fire]Sneasler||GrassySeed|Unburden|CloseCombat,DireClaw,FakeOut,Protect|||F|||50|,,,,,Dark]Gholdengo||LifeOrb|GoodasGold|MakeItRain,ShadowBall,NastyPlot,Protect||||||50|,,,,,Dragon]Ninetales-Alola||LightClay|SnowWarning|Moonblast,AuroraVeil,Blizzard,Protect|||F|||50|,,,,,Fire]Electabuzz||Eviolite|Static|Electroweb,VoltSwitch,FollowMe,Protect|||F|||50|,,,,,Grass
|showteam|p2|Tyranitar||AssaultVest|SandStream|KnockOff,StoneEdge,TeraBlast,LowKick|||F|||50|,,,,,Flying]Garchomp||ClearAmulet|SandVeil|StompingTantrum,DragonClaw,SwordsDance,Protect|||M|||50|,,,,,Ground]Gholdengo||LifeOrb|GoodasGold|MakeItRain,ShadowBall,NastyPlot,Protect||||||50|,,,,,Water]Primarina||Leftovers|LiquidVoice|HyperVoice,Moonblast,Haze,Protect|||M|||50|,,,,,Poison]Talonflame||SafetyGoggles|GaleWings|DualWingbeat,Tailwind,Taunt,WillOWisp|||F|||50|,,,,,Ghost]Sneasler||WhiteHerb|Unburden|FakeOut,CloseCombat,DireClaw,Coaching|||F|||50|,,,,,Dark
|inactive|Battle timer is ON: inactive players will automatically lose when time's up. (requested by KingV1337)
|inactive|KingV1337 has 60 seconds left.
|inactive|KingV1337 has 30 seconds left.
|
|t:|1757188023
|teamsize|p1|4
|teamsize|p2|4
|start
|switch|p1a: Sale|Gholdengo, L50|100/100
|switch|p1b: Drone|Electabuzz, L50, F|100/100
|switch|p2a: Talonflame|Talonflame, L50, F|100/100
|switch|p2b: Sneasler|Sneasler, L50, F|100/100
|turn|1
|inactive|KingV1337 has 30 seconds left.
|inactive|KingV1337 has 20 seconds left.
|inactive|KingV1337 has 15 seconds left.
|
|t:|1757188064
|move|p2b: Sneasler|Fake Out|p1b: Drone
|-damage|p1b: Drone|87/100
|-status|p2b: Sneasler|par|[from] ability: Static|[of] p1b: Drone
|cant|p1b: Drone|flinch
|move|p2a: Talonflame|Tailwind|p2a: Talonflame
|-sidestart|p2: KingV1337|move: Tailwind
|move|p1a: Sale|Nasty Plot|p1a: Sale
|-boost|p1a: Sale|spa|2
|
|upkeep
|turn|2
|
|t:|1757188078
|switch|p2a: Gholdengo|Gholdengo, L50|100/100
|move|p1b: Drone|Follow Me|p1b: Drone
|-singleturn|p1b: Drone|move: Follow Me
|move|p2b: Sneasler|Dire Claw|p1b: Drone
|-damage|p1b: Drone|45/100
|move|p1a: Sale|Make It Rain|p2a: Gholdengo|[spread] p2a,p2b
|-resisted|p2a: Gholdengo
|-damage|p2a: Gholdengo|40/100
|-damage|p2b: Sneasler|0 fnt
|-unboost|p1a: Sale|spa|1
|faint|p2b: Sneasler
|-damage|p1a: Sale|91/100|[from] item: Life Orb
|
|upkeep
|
|t:|1757188087
|switch|p2b: Tyranitar|Tyranitar, L50, F|100/100
|-weather|Sandstorm|[from] ability: Sand Stream|[of] p2b: Tyranitar
|turn|3
|
|t:|1757188095
|move|p1a: Sale|Protect|p1a: Sale
|-singleturn|p1a: Sale|Protect
|move|p2a: Gholdengo|Shadow Ball|p1b: Drone
|-damage|p1b: Drone|4/100
|-damage|p2a: Gholdengo|30/100|[from] item: Life Orb
|move|p1b: Drone|Electroweb|p2a: Gholdengo|[spread] p2a,p2b
|-damage|p2a: Gholdengo|15/100
|-damage|p2b: Tyranitar|94/100
|-unboost|p2a: Gholdengo|spe|1
|-unboost|p2b: Tyranitar|spe|1
|move|p2b: Tyranitar|Knock Off|p1a: Sale
|-activate|p1a: Sale|move: Protect
|
|-weather|Sandstorm|[upkeep]
|-damage|p1b: Drone|0 fnt|[from] Sandstorm
|faint|p1b: Drone
|upkeep
|
|t:|1757188110
|switch|p1b: Bornanors|Rillaboom, L50, M|100/100
|-fieldstart|move: Grassy Terrain|[from] ability: Grassy Surge|[of] p1b: Bornanors
|turn|4
|
|t:|1757188121
|switch|p2b: Talonflame|Talonflame, L50, F|100/100
|move|p1b: Bornanors|Fake Out|p2b: Talonflame
|-damage|p2b: Talonflame|79/100
|move|p2a: Gholdengo|Shadow Ball|p1a: Sale
|-supereffective|p1a: Sale
|-damage|p1a: Sale|0 fnt
|faint|p1a: Sale
|-damage|p2a: Gholdengo|6/100|[from] item: Life Orb
|
|-weather|Sandstorm|[upkeep]
|-damage|p1b: Bornanors|95/100|[from] Sandstorm
|-heal|p2a: Gholdengo|12/100|[from] Grassy Terrain
|-heal|p1b: Bornanors|100/100|[from] Grassy Terrain
|-sideend|p2: KingV1337|move: Tailwind
|upkeep
|
|t:|1757188134
|switch|p1a: Ashleigh|Sneasler, L50, F|100/100
|-enditem|p1a: Ashleigh|Grassy Seed
|-boost|p1a: Ashleigh|def|1|[from] item: Grassy Seed
|turn|5
|
|t:|1757188144
|move|p1b: Bornanors|Grassy Glide|p2a: Gholdengo
|-resisted|p2a: Gholdengo
|-damage|p2a: Gholdengo|0 fnt
|faint|p2a: Gholdengo
|move|p1a: Ashleigh|Dire Claw|p2b: Talonflame
|-damage|p2b: Talonflame|12/100
|move|p2b: Talonflame|Tailwind|p2b: Talonflame
|-sidestart|p2: KingV1337|move: Tailwind
|
|-weather|Sandstorm|[upkeep]
|-damage|p1a: Ashleigh|95/100|[from] Sandstorm
|-damage|p1b: Bornanors|95/100|[from] Sandstorm
|-heal|p1a: Ashleigh|100/100|[from] Grassy Terrain
|-heal|p1b: Bornanors|100/100|[from] Grassy Terrain
|upkeep
|
|t:|1757188147
|switch|p2a: Tyranitar|Tyranitar, L50, F|94/100
|turn|6
|
|t:|1757188164
|-terastallize|p2a: Tyranitar|Flying
|move|p1b: Bornanors|Grassy Glide|p2b: Talonflame
|-resisted|p2b: Talonflame
|-damage|p2b: Talonflame|0 fnt
|faint|p2b: Talonflame
|move|p1a: Ashleigh|Close Combat|p2a: Tyranitar
|-resisted|p2a: Tyranitar
|-damage|p2a: Tyranitar|71/100
|-unboost|p1a: Ashleigh|def|1
|-unboost|p1a: Ashleigh|spd|1
|move|p2a: Tyranitar|Tera Blast|p1a: Ashleigh|[anim] Tera Blast Flying
|-supereffective|p1a: Ashleigh
|-damage|p1a: Ashleigh|0 fnt
|faint|p1a: Ashleigh
|
|-weather|Sandstorm|[upkeep]
|-damage|p2a: Tyranitar|65/100|[from] Sandstorm
|-damage|p1b: Bornanors|95/100|[from] Sandstorm
|-heal|p1b: Bornanors|100/100|[from] Grassy Terrain
|upkeep
|turn|7
|
|t:|1757188188
|move|p2a: Tyranitar|Tera Blast|p1b: Bornanors|[anim] Tera Blast Flying
|-supereffective|p1b: Bornanors
|-damage|p1b: Bornanors|27/100
|move|p1b: Bornanors|Wood Hammer|p2a: Tyranitar
|-resisted|p2a: Tyranitar
|-damage|p2a: Tyranitar|40/100
|-damage|p1b: Bornanors|19/100|[from] Recoil
|
|-weather|none
|-heal|p1b: Bornanors|25/100|[from] Grassy Terrain
|upkeep
|turn|8
|
|t:|1757188200
|-terastallize|p1b: Bornanors|Fire
|move|p2a: Tyranitar|Tera Blast|p1b: Bornanors|[anim] Tera Blast Flying
|-damage|p1b: Bornanors|0 fnt
|faint|p1b: Bornanors
|
|win|KingV1337
|raw|wowiekazowee's rating: 1130 → 1111(-19 for losing)
|raw|KingV1337's rating: 1217 → 1236(+19 for winning)
