|j|☆misaos
|j|☆AimiMitsuhana
|html|misaosAimiMitsuhana    
|uhtml|bestof|Game 1 of a best-of-3
|t:|1757907233
|gametype|doubles
|player|p1|misaos|acetrainer-gen4dp|1051
|player|p2|AimiMitsuhana|shauntal|1010
|gen|9
|tier|[Gen 9] VGC 2025 Reg H (Bo3)
|rated|
|rule|Species Clause: Limit one of each Pokémon
|rule|Item Clause: Limit 1 of each item
|clearpoke
|poke|p1|Dragonite, L50, F|
|poke|p1|Ursaluna-Bloodmoon, L50, M|
|poke|p1|Gholdengo, L50|
|poke|p1|Maushold-Four, L50|
|poke|p1|Annihilape, L50, M|
|poke|p1|Rillaboom, L50, M|
|poke|p2|Torkoal, L50, F|
|poke|p2|Slowpoke, L50, F|
|poke|p2|Gothitelle, L50, M|
|poke|p2|Politoed, L50, F|
|poke|p2|Rillaboom, L50, F|
|poke|p2|Sneasler, L50, M|
|teampreview|4
|showteam|p1|Dragonite||LoadedDice|Multiscale|ScaleShot,Tailwind,Haze,Protect|||F|||50|,,,,,Fairy]Ursaluna-Bloodmoon||AssaultVest|MindsEye|BloodMoon,EarthPower,HyperVoice,VacuumWave|||M|||50|,,,,,Water]Gholdengo||LifeOrb|GoodasGold|MakeItRain,ShadowBall,NastyPlot,Protect||||||50|,,,,,Water]Maushold-Four||FocusSash|FriendGuard|SuperFang,FollowMe,BeatUp,Protect||||||50|,,,,,Ghost]Annihilape||SitrusBerry|Defiant|RageFist,DrainPunch,BulkUp,Protect|||M|||50|,,,,,Fire]Rillaboom||MiracleSeed|GrassySurge|WoodHammer,GrassyGlide,HighHorsepower,FakeOut|||M|||50|,,,,,Fire
|showteam|p2|Torkoal||WeaknessPolicy|Drought|Eruption,SolarBeam,EarthPower,Protect|||F|||50|,,,,,Fire]Slowpoke||Eviolite|Oblivious|Yawn,Surf,TrickRoom,Protect|||F|||50|,,,,,Grass]Gothitelle||FocusSash|ShadowTag|FakeOut,Psychic,FocusBlast,Protect|||M|||50|,,,,,Fairy]Politoed||CovertCloak|Drizzle|WeatherBall,Haze,PerishSong,Protect|||F|||50|,,,,,Dark]Rillaboom||AssaultVest|GrassySurge|FakeOut,KnockOff,GrassyGlide,Uturn|||F|||50|,,,,,Fire]Sneasler||GrassySeed|Unburden|Acrobatics,DireClaw,CloseCombat,Protect|||M|||50|,,,,,Flying
|inactive|Battle timer is ON: inactive players will automatically lose when time's up. (requested by AimiMitsuhana)
|
|t:|1757907287
|teamsize|p1|4
|teamsize|p2|4
|start
|switch|p1a: Gholdengo|Gholdengo, L50|100/100
|switch|p1b: Rillaboom|Rillaboom, L50, M|100/100
|switch|p2a: Sneasler|Sneasler, L50, M|100/100
|switch|p2b: Rillaboom|Rillaboom, L50, F|100/100
|-fieldstart|move: Grassy Terrain|[from] ability: Grassy Surge|[of] p2b: Rillaboom
|-enditem|p2a: Sneasler|Grassy Seed
|-boost|p2a: Sneasler|def|1|[from] item: Grassy Seed
|turn|1
|inactive|misaos has 30 seconds left.
|inactive|misaos has 20 seconds left.
|inactive|misaos has 15 seconds left.
|inactive|misaos has 10 seconds left.
|inactive|misaos has 5 seconds left.
|
|t:|1757907338
|move|p2b: Rillaboom|Fake Out|p1b: Rillaboom
|-damage|p1b: Rillaboom|86/100
|cant|p1b: Rillaboom|flinch
|move|p2a: Sneasler|Acrobatics|p1b: Rillaboom
|-supereffective|p1b: Rillaboom
|-damage|p1b: Rillaboom|13/100
|move|p1a: Gholdengo|Nasty Plot|p1a: Gholdengo
|-boost|p1a: Gholdengo|spa|2
|
|-heal|p1b: Rillaboom|19/100|[from] Grassy Terrain
|upkeep
|turn|2
|inactive|AimiMitsuhana has 30 seconds left.
|
|t:|1757907364
|switch|p1b: Dragonite|Dragonite, L50, F|100/100
|move|p2a: Sneasler|Protect|p2a: Sneasler
|-singleturn|p2a: Sneasler|Protect
|move|p1a: Gholdengo|Make It Rain|p2b: Rillaboom|[spread] p2b
|-activate|p2a: Sneasler|move: Protect
|-damage|p2b: Rillaboom|7/100
|-unboost|p1a: Gholdengo|spa|1
|-damage|p1a: Gholdengo|91/100|[from] item: Life Orb
|move|p2b: Rillaboom|U-turn|p1b: Dragonite
|-resisted|p1b: Dragonite
|-damage|p1b: Dragonite|94/100
|
|t:|1757907385
|switch|p2b: Slowpoke|Slowpoke, L50, F|100/100|[from] U-turn
|
|-heal|p1a: Gholdengo|97/100|[from] Grassy Terrain
|upkeep
|turn|3
|
|t:|1757907396
|switch|p2a: Torkoal|Torkoal, L50, F|100/100
|-weather|SunnyDay|[from] ability: Drought|[of] p2a: Torkoal
|move|p1a: Gholdengo|Make It Rain|p2a: Torkoal|[spread] p2a,p2b
|-resisted|p2a: Torkoal
|-resisted|p2b: Slowpoke
|-damage|p2a: Torkoal|49/100
|-damage|p2b: Slowpoke|64/100
|-unboost|p1a: Gholdengo|spa|1
|-damage|p1a: Gholdengo|87/100|[from] item: Life Orb
|move|p1b: Dragonite|Scale Shot|p2a: Torkoal
|-damage|p2a: Torkoal|36/100
|-damage|p2a: Torkoal|25/100
|-damage|p2a: Torkoal|11/100
|-damage|p2a: Torkoal|0 fnt
|faint|p2a: Torkoal
|-hitcount|p2: Torkoal|4
|-unboost|p1b: Dragonite|def|1
|-boost|p1b: Dragonite|spe|1
|move|p2b: Slowpoke|Trick Room|p2b: Slowpoke
|-fieldstart|move: Trick Room|[of] p2b: Slowpoke
|
|-weather|SunnyDay|[upkeep]
|-heal|p2b: Slowpoke|71/100|[from] Grassy Terrain
|-heal|p1a: Gholdengo|93/100|[from] Grassy Terrain
|upkeep
|inactive|AimiMitsuhana has 30 seconds left.
|inactive|AimiMitsuhana has 20 seconds left.
|
|t:|1757907433
|switch|p2a: Sneasler|Sneasler, L50, M|100/100
|turn|4
|
|t:|1757907456
|-terastallize|p2a: Sneasler|Flying
|move|p2b: Slowpoke|Yawn|p1b: Dragonite
|-start|p1b: Dragonite|move: Yawn|[of] p2b: Slowpoke
|move|p2a: Sneasler|Acrobatics|p1a: Gholdengo
|-resisted|p1a: Gholdengo
|-damage|p1a: Gholdengo|61/100
|move|p1a: Gholdengo|Nasty Plot|p1a: Gholdengo
|-boost|p1a: Gholdengo|spa|2
|move|p1b: Dragonite|Scale Shot|p2a: Sneasler
|-damage|p2a: Sneasler|80/100
|-damage|p2a: Sneasler|57/100
|-damage|p2a: Sneasler|35/100
|-crit|p2a: Sneasler
|-damage|p2a: Sneasler|2/100
|-damage|p2a: Sneasler|0 fnt
|faint|p2a: Sneasler
|-hitcount|p2: Sneasler|5
|-unboost|p1b: Dragonite|def|1
|-boost|p1b: Dragonite|spe|1
|
|-weather|SunnyDay|[upkeep]
|-heal|p2b: Slowpoke|77/100|[from] Grassy Terrain
|-heal|p1a: Gholdengo|67/100|[from] Grassy Terrain
|upkeep
|
|t:|1757907471
|switch|p2a: Rillaboom|Rillaboom, L50, F|7/100
|turn|5
|
|t:|1757907483
|move|p1a: Gholdengo|Protect|p1a: Gholdengo
|-singleturn|p1a: Gholdengo|Protect
|move|p2b: Slowpoke|Yawn|p1a: Gholdengo
|-activate|p1a: Gholdengo|move: Protect
|move|p2a: Rillaboom|Knock Off|p1a: Gholdengo
|-activate|p1a: Gholdengo|move: Protect
|move|p1b: Dragonite|Scale Shot|p2a: Rillaboom
|-damage|p2a: Rillaboom|0 fnt
|faint|p2a: Rillaboom
|-hitcount|p2: Rillaboom|1
|-unboost|p1b: Dragonite|def|1
|-boost|p1b: Dragonite|spe|1
|
|-weather|SunnyDay|[upkeep]
|-heal|p2b: Slowpoke|83/100|[from] Grassy Terrain
|-heal|p1a: Gholdengo|73/100|[from] Grassy Terrain
|-end|p1b: Dragonite|move: Yawn|[silent]
|-status|p1b: Dragonite|slp
|-fieldend|move: Grassy Terrain
|upkeep
|turn|6
|inactive|AimiMitsuhana has 30 seconds left.
|
|t:|1757907510
|switch|p1b: Rillaboom|Rillaboom, L50, M|19/100
|-fieldstart|move: Grassy Terrain|[from] ability: Grassy Surge|[of] p1b: Rillaboom
|move|p2b: Slowpoke|Surf|p1b: Rillaboom|[spread] p1a,p1b
|-resisted|p1b: Rillaboom
|-damage|p1a: Gholdengo|68/100
|-damage|p1b: Rillaboom|16/100
|move|p1a: Gholdengo|Shadow Ball|p2b: Slowpoke
|-supereffective|p2b: Slowpoke
|-damage|p2b: Slowpoke|0 fnt
|faint|p2b: Slowpoke
|-damage|p1a: Gholdengo|58/100|[from] item: Life Orb
|
|win|misaos
||AimiMitsuhana is ready for game 2.
|inactive|misaos has 30 seconds to confirm battle start!
||misaos is ready for game 2.
|uhtml|next|Next: Game 2 of 3
