|j|☆Jack Hexapod
|j|☆Seven_Summits
|html|Jack HexapodSeven_Summits    
|uhtml|bestof|Game 3 of a best-of-3
|t:|1782277626
|gametype|doubles
|player|p1|Jack Hexapod|bugcatcher-gen4dp|1083
|player|p2|Seven_Summits|guitarist|1044
|gen|9
|tier|[Gen 9 Champions] VGC 2026 Reg M-B (Bo3)
|rated|
|rule|Species Clause: Limit one of each Pokémon
|rule|Item Clause: Limit 1 of each item
|clearpoke
|poke|p1|Sinistcha, L50, shiny|
|poke|p1|Grimmsnarl, L50, M, shiny|
|poke|p1|Pelipper, L50, M, shiny|
|poke|p1|Archaludon, L50, M, shiny|
|poke|p1|Swampert, L50, F|
|poke|p1|Metagross, L50, shiny|
|poke|p2|Staraptor, L50, F|
|poke|p2|Whimsicott, L50, F|
|poke|p2|Garchomp, L50, M|
|poke|p2|Delphox, L50, F|
|poke|p2|Sinistcha-Masterpiece, L50|
|poke|p2|Incineroar, L50, F|
|teampreview|4
|showteam|p1|Sinistcha||KasibBerry|Hospitality|MatchaGotcha,RagePowder,TrickRoom,Protect|Relaxed|||||50|]Grimmsnarl||LightClay|Prankster|SpiritBreak,Reflect,LightScreen,PartingShot|Careful||M|||50|]Pelipper||SitrusBerry|Drizzle|Hurricane,WeatherBall,Tailwind,WideGuard|Modest||M|||50|]Archaludon||Leftovers|Stamina|ElectroShot,FlashCannon,DragonPulse,Protect|Modest||M|||50|]Swampert||Swampertite|Damp|WaveCrash,Earthquake,IcePunch,Protect|Adamant||F|||50|]Metagross||Metagrossite|ClearBody|PsychicFangs,IronHead,StompingTantrum,Protect|Jolly|||||50|
|showteam|p2|Staraptor||Staraptite|Intimidate|Protect,Roost,BraveBird,CloseCombat|Jolly||F|||50|]Whimsicott||FocusSash|Prankster|Encore,Tailwind,Charm,Moonblast|Timid||F|||50|]Garchomp||LifeOrb|RoughSkin|Protect,Earthquake,RockSlide,DragonClaw|Jolly||M|||50|]Delphox||Delphoxite|Blaze|HeatWave,Psyshock,NastyPlot,Protect|Timid||F|||50|]Sinistcha-Masterpiece||KasibBerry|Hospitality|Protect,RagePowder,StrengthSap,MatchaGotcha|Bold|||||50|]Incineroar||SitrusBerry|Intimidate|FakeOut,PartingShot,ThroatChop,FlareBlitz|Careful||F|||50|
|inactive|Battle timer is ON: inactive players will automatically lose when time's up. (requested by Jack Hexapod)
|
|t:|1782277659
|teamsize|p1|4
|teamsize|p2|4
|start
|switch|p1a: Caipiroto|Grimmsnarl, L50, M, shiny|100/100
|switch|p1b: Chrono|Pelipper, L50, M, shiny|100/100
|switch|p2a: Whimsicott|Whimsicott, L50, F|100/100
|switch|p2b: Staraptor|Staraptor, L50, F|100/100
|-ability|p2b: Staraptor|Intimidate|boost
|-unboost|p1a: Caipiroto|atk|1
|-unboost|p1b: Chrono|atk|1
|-weather|RainDance|[from] ability: Drizzle|[of] p1b: Chrono
|turn|1
|
|t:|1782277680
|move|p2b: Staraptor|Protect|p2b: Staraptor
|-singleturn|p2b: Staraptor|Protect
|move|p1a: Caipiroto|Reflect|p1a: Caipiroto
|-sidestart|p1: Jack Hexapod|Reflect
|move|p2a: Whimsicott|Moonblast|p1a: Caipiroto
|-supereffective|p1a: Caipiroto|1
|-damage|p1a: Caipiroto|39/100
|move|p1b: Chrono|Hurricane|p2b: Staraptor
|-activate|p2b: Staraptor|move: Protect
|
|-weather|RainDance|[upkeep]
|upkeep
|turn|2
|inactive|Seven_Summits has 30 seconds left.
|
|t:|1782277709
|detailschange|p2b: Staraptor|Staraptor-Mega, L50, F
|-mega|p2b: Staraptor|Staraptor|Staraptite
|move|p2a: Whimsicott|Charm|p2b: Staraptor
|-boost|p2b: Staraptor|atk|2
|move|p2b: Staraptor|Close Combat|p1a: Caipiroto
|-damage|p1a: Caipiroto|0 fnt
|-boost|p2b: Staraptor|def|1
|-boost|p2b: Staraptor|spd|1
|faint|p1a: Caipiroto
|move|p1b: Chrono|Hurricane|p2b: Staraptor
|-supereffective|p2b: Staraptor|1
|-damage|p2b: Staraptor|32/100
|-start|p2b: Staraptor|confusion
|
|-weather|RainDance|[upkeep]
|upkeep
|
|t:|1782277731
|switch|p1a: Palace|Archaludon, L50, M, shiny|100/100
|turn|3
|
|t:|1782277744
|switch|p2b: Garchomp|Garchomp, L50, M|100/100
|move|p2a: Whimsicott|Tailwind|p2a: Whimsicott
|-sidestart|p2: Seven_Summits|move: Tailwind
|move|p1a: Palace|Electro Shot||[still]
|-prepare|p1a: Palace|Electro Shot
|-boost|p1a: Palace|spa|1
|-anim|p1a: Palace|Electro Shot|p2b: Garchomp
|-immune|p2b: Garchomp
|move|p1b: Chrono|Hurricane|p2b: Garchomp
|-damage|p2b: Garchomp|55/100
|-start|p2b: Garchomp|confusion
|
|-weather|RainDance|[upkeep]
|upkeep
|turn|4
|inactive|Jack Hexapod has 30 seconds left.
|inactive|Seven_Summits has 30 seconds left.
|inactive|Jack Hexapod has 20 seconds left.
|
|t:|1782277781
|move|p2a: Whimsicott|Encore|p1a: Palace
|-start|p1a: Palace|Encore
|-activate|p2b: Garchomp|confusion
|move|p2b: Garchomp|Dragon Claw|p1a: Palace
|-damage|p1a: Palace|73/100
|-ability|p1a: Palace|Stamina|boost
|-boost|p1a: Palace|def|1
|-damage|p2b: Garchomp|45/100|[from] item: Life Orb
|move|p1a: Palace|Electro Shot||[still]
|-prepare|p1a: Palace|Electro Shot
|-boost|p1a: Palace|spa|1
|-anim|p1a: Palace|Electro Shot|p2a: Whimsicott
|-resisted|p2a: Whimsicott|1
|-damage|p2a: Whimsicott|27/100
|move|p1b: Chrono|Hurricane|p2a: Whimsicott
|-supereffective|p2a: Whimsicott|1
|-damage|p2a: Whimsicott|0 fnt
|faint|p2a: Whimsicott
|
|-weather|RainDance|[upkeep]
|-heal|p1a: Palace|79/100|[from] item: Leftovers
|upkeep
|
|t:|1782277794
|switch|p2a: Staraptor|Staraptor-Mega, L50, F|32/100
|turn|5
|
|t:|1782277815
|switch|p2b: Sinistcha|Sinistcha-Masterpiece, L50|100/100
|-heal|p2a: Staraptor|56/100|[from] ability: Hospitality|[of] p2b: Sinistcha
|move|p2a: Staraptor|Protect|p2a: Staraptor
|-singleturn|p2a: Staraptor|Protect
|move|p1a: Palace|Electro Shot||[still]
|-prepare|p1a: Palace|Electro Shot
|-boost|p1a: Palace|spa|1
|-anim|p1a: Palace|Electro Shot|p2a: Staraptor
|-activate|p2a: Staraptor|move: Protect
|move|p1b: Chrono|Hurricane|p2a: Staraptor
|-activate|p2a: Staraptor|move: Protect
|
|-weather|none
|-heal|p1a: Palace|85/100|[from] item: Leftovers
|upkeep
|turn|6
|inactive|Seven_Summits has 30 seconds left.
|
|t:|1782277845
|move|p2a: Staraptor|Close Combat|p1a: Palace
|-supereffective|p1a: Palace|1
|-damage|p1a: Palace|46/100
|-boost|p2a: Staraptor|def|1
|-boost|p2a: Staraptor|spd|1
|-ability|p1a: Palace|Stamina|boost
|-boost|p1a: Palace|def|1
|move|p2b: Sinistcha|Strength Sap|p2a: Staraptor
|-boost|p2a: Staraptor|atk|1
|move|p1a: Palace|Electro Shot||[still]
|-prepare|p1a: Palace|Electro Shot
|-boost|p1a: Palace|spa|1
|move|p1b: Chrono|Tailwind|p1b: Chrono
|-sidestart|p1: Jack Hexapod|move: Tailwind
|
|-heal|p1a: Palace|52/100|[from] item: Leftovers
|-end|p1a: Palace|Encore
|-sideend|p2: Seven_Summits|move: Tailwind
|upkeep
|turn|7
|
|t:|1782277869
|switch|p1b: Inoxidavel|Metagross, L50, shiny|100/100
|move|p2b: Sinistcha|Rage Powder|p2b: Sinistcha
|-singleturn|p2b: Sinistcha|move: Rage Powder
|move|p1a: Palace|Electro Shot|p2b: Sinistcha|[from] lockedmove
|-resisted|p2b: Sinistcha|1
|-damage|p2b: Sinistcha|42/100
|move|p2a: Staraptor|Close Combat|p1a: Palace
|-supereffective|p1a: Palace|1
|-damage|p1a: Palace|3/100
|-boost|p2a: Staraptor|def|1
|-boost|p2a: Staraptor|spd|1
|-ability|p1a: Palace|Stamina|boost
|-boost|p1a: Palace|def|1
|
|-heal|p1a: Palace|9/100|[from] item: Leftovers
|upkeep
|turn|8
|inactive|Seven_Summits has 30 seconds left.
|
|t:|1782277895
|detailschange|p1b: Inoxidavel|Metagross-Mega, L50, shiny
|-mega|p1b: Inoxidavel|Metagross|Metagrossite
|move|p1b: Inoxidavel|Psychic Fangs|p2a: Staraptor
|-supereffective|p2a: Staraptor|1
|-damage|p2a: Staraptor|0 fnt
|faint|p2a: Staraptor
|move|p1a: Palace|Dragon Pulse|p2b: Sinistcha
|-damage|p2b: Sinistcha|0 fnt
|faint|p2b: Sinistcha
|
|-heal|p1a: Palace|15/100|[from] item: Leftovers
|-sideend|p1: Jack Hexapod|Reflect
|upkeep
|
|t:|1782277905
|switch|p2b: Garchomp|Garchomp, L50, M|45/100
|turn|9
|
|t:|1782277920
|move|p2b: Garchomp|Protect|p2b: Garchomp
|-singleturn|p2b: Garchomp|Protect
|move|p1b: Inoxidavel|Iron Head|p2b: Garchomp
|-activate|p2b: Garchomp|move: Protect
|move|p1a: Palace|Dragon Pulse|p2b: Garchomp
|-activate|p2b: Garchomp|move: Protect
|
|-heal|p1a: Palace|21/100|[from] item: Leftovers
|-sideend|p1: Jack Hexapod|move: Tailwind
|upkeep
|turn|10
|
|t:|1782277935
|move|p1b: Inoxidavel|Psychic Fangs|p2b: Garchomp
|-damage|p2b: Garchomp|0 fnt
|-damage|p1b: Inoxidavel|87/100|[from] ability: Rough Skin|[of] p2b: Garchomp
|faint|p2b: Garchomp
|
|win|Jack Hexapod
|raw|Jack Hexapod's rating: 1083 → 1107(+24 for winning)
|raw|Seven_Summits's rating: 1044 → 1029(-15 for losing)
|l|☆Jack Hexapod
|player|p1|
