|j|☆Seppia98
|j|☆Mortipherus
|html|Seppia98Mortipherus    
|uhtml|bestof|Game 1 of a best-of-3
|t:|1756389685
|gametype|doubles
|player|p1|Seppia98|265|1101
|player|p2|Mortipherus|biker-gen4|1129
|gen|9
|tier|[Gen 9] VGC 2025 Reg H (Bo3)
|rated|
|rule|Species Clause: Limit one of each Pokémon
|rule|Item Clause: Limit 1 of each item
|clearpoke
|poke|p1|Ursaluna-Bloodmoon, L50, M|
|poke|p1|Gholdengo, L50|
|poke|p1|Dragonite, L50, M|
|poke|p1|Sneasler, L50, F|
|poke|p1|Incineroar, L50, M|
|poke|p1|Amoonguss, L50, M|
|poke|p2|Hydrapple, L50, M|
|poke|p2|Arcanine-Hisui, L50, F|
|poke|p2|Gholdengo, L50|
|poke|p2|Electabuzz, L50, F|
|poke|p2|Indeedee, L50, M|
|poke|p2|Sneasler, L50, M|
|teampreview|4
|showteam|p1|Ursaluna-Bloodmoon||AssaultVest|MindsEye|BloodMoon,EarthPower,VacuumWave,HyperVoice|||M|||50|,,,,,Water]Gholdengo||LifeOrb|GoodasGold|Protect,MakeItRain,ShadowBall,NastyPlot||||||50|,,,,,Water]Dragonite||LoadedDice|Multiscale|ScaleShot,Tailwind,Haze,Protect|||M|||50|,,,,,Fairy]Sneasler||FocusSash|Unburden|Protect,DireClaw,CloseCombat,ThroatChop|||F|||50|,,,,,Stellar]Incineroar||SafetyGoggles|Intimidate|KnockOff,PartingShot,FlareBlitz,FakeOut|||M|||50|,,,,,Ghost]Amoonguss||SitrusBerry|Regenerator|RagePowder,Spore,PollenPuff,Protect|||M|||50|,,,,,Psychic
|showteam|p2|Hydrapple||AssaultVest|Regenerator|FickleBeam,EnergyBall,EarthPower,PollenPuff|||M|||50|,,,,,Bug]Arcanine-Hisui||ClearAmulet|Intimidate|Protect,ExtremeSpeed,FlareBlitz,RockSlide|||F|||50|,,,,,Grass]Gholdengo||LifeOrb|GoodasGold|Protect,NastyPlot,MakeItRain,ShadowBall||||||50|,,,,,Flying]Electabuzz||Eviolite|VitalSpirit|Protect,FollowMe,Taunt,Electroweb|||F|||50|,,,,,Dragon]Indeedee||FocusSash|PsychicSurge|Protect,TrickRoom,ExpandingForce,TeraBlast|||M|||50|,,,,,Ground]Sneasler||PsychicSeed|Unburden|Protect,ThroatChop,DireClaw,CloseCombat|||M|||50|,,,,,Dark
|inactive|Battle timer is ON: inactive players will automatically lose when time's up. (requested by Mortipherus)
|
|t:|1756389736
|teamsize|p1|4
|teamsize|p2|4
|start
|switch|p1a: Gholdengo|Gholdengo, L50|100/100
|switch|p1b: Amoonguss|Amoonguss, L50, M|100/100
|switch|p2a: Indeedee|Indeedee, L50, M|100/100
|switch|p2b: Arcanine|Arcanine-Hisui, L50, F|100/100
|-fieldstart|move: Psychic Terrain|[from] ability: Psychic Surge|[of] p2a: Indeedee
|-ability|p2b: Arcanine|Intimidate|boost
|-unboost|p1a: Gholdengo|atk|1
|-unboost|p1b: Amoonguss|atk|1
|turn|1
|inactive|Seppia98 has 30 seconds left.
|inactive|Seppia98 has 20 seconds left.
|inactive|Seppia98 has 15 seconds left.
|
|t:|1756389779
|switch|p1a: Incineroar|Incineroar, L50, M|100/100
|-ability|p1a: Incineroar|Intimidate|boost
|-unboost|p2a: Indeedee|atk|1
|-fail|p2b: Arcanine|unboost|[from] item: Clear Amulet|[of] p2b: Arcanine
|-terastallize|p1b: Amoonguss|Psychic
|move|p2a: Indeedee|Expanding Force|p1b: Amoonguss|[spread] p1b
|-immune|p1a: Incineroar
|-resisted|p1b: Amoonguss
|-damage|p1b: Amoonguss|79/100
|move|p2b: Arcanine|Rock Slide|p1a: Incineroar|[spread] p1a,p1b
|-supereffective|p1a: Incineroar
|-damage|p1a: Incineroar|50/100
|-damage|p1b: Amoonguss|58/100
|cant|p1b: Amoonguss|flinch
|
|upkeep
|turn|2
|inactive|Seppia98 has 30 seconds left.
|
|t:|1756389809
|switch|p1a: Gholdengo|Gholdengo, L50|100/100
|move|p2a: Indeedee|Tera Blast|p1b: Amoonguss
|-damage|p1b: Amoonguss|25/100
|-enditem|p1b: Amoonguss|Sitrus Berry|[eat]
|-heal|p1b: Amoonguss|50/100|[from] item: Sitrus Berry
|move|p2b: Arcanine|Rock Slide|p1b: Amoonguss|[spread] p1a,p1b
|-resisted|p1a: Gholdengo
|-damage|p1a: Gholdengo|88/100
|-damage|p1b: Amoonguss|28/100
|move|p1b: Amoonguss|Spore|p2b: Arcanine
|-status|p2b: Arcanine|slp|[from] move: Spore
|
|upkeep
|turn|3
|
|t:|1756389832
|-terastallize|p2a: Indeedee|Ground
|move|p1b: Amoonguss|Rage Powder|p1b: Amoonguss
|-singleturn|p1b: Amoonguss|move: Rage Powder
|move|p2a: Indeedee|Tera Blast|p1b: Amoonguss|[anim] Tera Blast Ground
|-damage|p1b: Amoonguss|0 fnt
|faint|p1b: Amoonguss
|move|p1a: Gholdengo|Nasty Plot|p1a: Gholdengo
|-boost|p1a: Gholdengo|spa|2
|cant|p2b: Arcanine|slp
|
|upkeep
|
|t:|1756389845
|switch|p1b: Sneasler|Sneasler, L50, F|100/100
|turn|4
|inactive|Seppia98 has 30 seconds left.
|
|t:|1756389878
|move|p1a: Gholdengo|Protect|p1a: Gholdengo
|-singleturn|p1a: Gholdengo|Protect
|move|p1b: Sneasler|Close Combat|p2b: Arcanine
|-supereffective|p2b: Arcanine
|-damage|p2b: Arcanine|0 fnt
|-unboost|p1b: Sneasler|def|1
|-unboost|p1b: Sneasler|spd|1
|faint|p2b: Arcanine
|move|p2a: Indeedee|Tera Blast|p1a: Gholdengo|[anim] Tera Blast Ground
|-activate|p1a: Gholdengo|move: Protect
|
|upkeep
|
|t:|1756389888
|switch|p2b: Sneasler|Sneasler, L50, M|100/100
|-enditem|p2b: Sneasler|Psychic Seed
|-boost|p2b: Sneasler|spd|1|[from] item: Psychic Seed
|turn|5
|
|t:|1756389899
|switch|p1a: Incineroar|Incineroar, L50, M|50/100
|-ability|p1a: Incineroar|Intimidate|boost
|-unboost|p2a: Indeedee|atk|1
|-unboost|p2b: Sneasler|atk|1
|move|p2b: Sneasler|Dire Claw|p1b: Sneasler
|-resisted|p1b: Sneasler
|-damage|p1b: Sneasler|63/100
|move|p1b: Sneasler|Close Combat|p2a: Indeedee
|-enditem|p2a: Indeedee|Focus Sash
|-damage|p2a: Indeedee|1/100
|-unboost|p1b: Sneasler|def|1
|-unboost|p1b: Sneasler|spd|1
|move|p2a: Indeedee|Tera Blast|p1a: Incineroar|[anim] Tera Blast Ground
|-supereffective|p1a: Incineroar
|-damage|p1a: Incineroar|0 fnt
|faint|p1a: Incineroar
|
|-fieldend|move: Psychic Terrain
|upkeep
|
|t:|1756389915
|switch|p1a: Gholdengo|Gholdengo, L50|88/100
|turn|6
|inactive|Seppia98 has 30 seconds left.
|inactive|Seppia98 has 20 seconds left.
|inactive|Seppia98 has 15 seconds left.
|inactive|Seppia98 has 10 seconds left.
|
|t:|1756389960
|switch|p2a: Hydrapple|Hydrapple, L50, M|100/100
|move|p2b: Sneasler|Dire Claw|p1b: Sneasler
|-resisted|p1b: Sneasler
|-damage|p1b: Sneasler|8/100
|-status|p1b: Sneasler|par
|move|p1a: Gholdengo|Make It Rain|p2a: Hydrapple|[spread] p2a,p2b
|-damage|p2a: Hydrapple|62/100
|-damage|p2b: Sneasler|52/100
|-unboost|p1a: Gholdengo|spa|1
|-damage|p1a: Gholdengo|79/100|[from] item: Life Orb
|move|p1b: Sneasler|Dire Claw|p2b: Sneasler
|-resisted|p2b: Sneasler
|-damage|p2b: Sneasler|15/100
|-status|p2b: Sneasler|par
|
|upkeep
|turn|7
|inactive|Seppia98 has 30 seconds left.
|inactive|Seppia98 has 20 seconds left.
|
|t:|1756389997
|switch|p2b: Indeedee|Indeedee, L50, M, tera:Ground|1/100
|-fieldstart|move: Psychic Terrain|[from] ability: Psychic Surge|[of] p2b: Indeedee
|move|p1a: Gholdengo|Nasty Plot|p1a: Gholdengo
|-boost|p1a: Gholdengo|spa|2
|move|p1b: Sneasler|Dire Claw|p2a: Hydrapple
|-supereffective|p2a: Hydrapple
|-damage|p2a: Hydrapple|1/100
|move|p2a: Hydrapple|Earth Power|p1a: Gholdengo
|-supereffective|p1a: Gholdengo
|-damage|p1a: Gholdengo|3/100
|
|upkeep
|turn|8
|inactive|Seppia98 has 30 seconds left.
|inactive|Seppia98 has 20 seconds left.
|inactive|Seppia98 has 15 seconds left.
|inactive|Seppia98 has 10 seconds left.
|
|t:|1756390043
|switch|p2a: Sneasler|Sneasler, L50, M|15/100 par
|move|p1a: Gholdengo|Protect|p1a: Gholdengo
|-singleturn|p1a: Gholdengo|Protect
|move|p2b: Indeedee|Expanding Force|p1a: Gholdengo|[spread] p1b
|-activate|p1a: Gholdengo|move: Protect
|-supereffective|p1b: Sneasler
|-damage|p1b: Sneasler|0 fnt
|faint|p1b: Sneasler
|
|upkeep
|turn|9
|
|t:|1756390062
|move|p2b: Indeedee|Tera Blast|p1a: Gholdengo|[anim] Tera Blast Ground
|-supereffective|p1a: Gholdengo
|-damage|p1a: Gholdengo|0 fnt
|faint|p1a: Gholdengo
|
|win|Mortipherus
||Mortipherus is ready for game 2.
||Seppia98 is ready for game 2.
|uhtml|next|Next: Game 2 of 3
