|j|☆bermusinho
|j|☆Aeon_Twins
|html|bermusinhoAeon_Twins    
|uhtml|bestof|Game 1 of a best-of-3
|t:|1782597929
|gametype|doubles
|player|p1|bermusinho|169|1309
|player|p2|Aeon_Twins|n|1341
|gen|9
|tier|[Gen 9 Champions] VGC 2026 Reg M-B (Bo3)
|rated|
|rule|Species Clause: Limit one of each Pokémon
|rule|Item Clause: Limit 1 of each item
|clearpoke
|poke|p1|Grimmsnarl, L50, M|
|poke|p1|Swampert, L50, M|
|poke|p1|Pelipper, L50, M|
|poke|p1|Archaludon, L50, M|
|poke|p1|Sinistcha, L50|
|poke|p1|Metagross, L50|
|poke|p2|Metagross, L50|
|poke|p2|Swampert, L50, M|
|poke|p2|Archaludon, L50, M|
|poke|p2|Pelipper, L50, M|
|poke|p2|Sinistcha, L50|
|poke|p2|Grimmsnarl, L50, M|
|teampreview|4
|showteam|p1|Grimmsnarl||LightClay|Prankster|FoulPlay,PartingShot,Reflect,LightScreen|Calm||M|||50|]Swampert||Swampertite|Damp|WaveCrash,Earthquake,IcePunch,Protect|Adamant||M|||50|]Pelipper||SitrusBerry|Drizzle|Hurricane,WeatherBall,Tailwind,WideGuard|Modest||M|||50|]Archaludon||Leftovers|Stamina|ElectroShot,DragonPulse,FlashCannon,Protect|Modest||M|||50|]Sinistcha||CobaBerry|Hospitality|MatchaGotcha,RagePowder,TrickRoom,Protect|Relaxed|||||50|]Metagross||Metagrossite|ClearBody|IronHead,PsychicFangs,BodyPress,Protect|Jolly|||||50|
|showteam|p2|Metagross||Metagrossite|ClearBody|IronHead,PsychicFangs,BodyPress,Protect|Jolly|||||50|]Swampert||Swampertite|Torrent|WaveCrash,StompingTantrum,IcePunch,Protect|Adamant||M|||50|]Archaludon||Leftovers|Stamina|DragonPulse,FlashCannon,ElectroShot,Protect|Modest||M|||50|]Pelipper||SitrusBerry|Drizzle|WeatherBall,Hurricane,Tailwind,Protect|Bold||M|||50|]Sinistcha||KasibBerry|Hospitality|MatchaGotcha,RagePowder,LifeDew,Protect|Relaxed|||||50|]Grimmsnarl||LightClay|Prankster|FoulPlay,PartingShot,LightScreen,Reflect|Calm||M|||50|
|inactive|Battle timer is ON: inactive players will automatically lose when time's up. (requested by bermusinho)
|inactive|Aeon_Twins has 60 seconds left.
|inactive|bermusinho has 30 seconds left.
|
|t:|1782598005
|teamsize|p1|4
|teamsize|p2|4
|start
|switch|p1a: Archaludon|Archaludon, L50, M|100/100
|switch|p1b: Grimmsnarl|Grimmsnarl, L50, M|100/100
|switch|p2a: Swampert|Swampert, L50, M|100/100
|switch|p2b: Sinistcha|Sinistcha, L50|100/100
|turn|1
|
|t:|1782598026
|switch|p2b: Grimmsnarl|Grimmsnarl, L50, M|100/100
|detailschange|p2a: Swampert|Swampert-Mega, L50, M
|-mega|p2a: Swampert|Swampert|Swampertite
|move|p1a: Archaludon|Protect|p1a: Archaludon
|-singleturn|p1a: Archaludon|Protect
|move|p1b: Grimmsnarl|Parting Shot|p2a: Swampert
|-unboost|p2a: Swampert|atk|1
|-unboost|p2a: Swampert|spa|1
|
|t:|1782598034
|switch|p1b: Sinistcha|Sinistcha, L50|100/100|[from] Parting Shot
|move|p2a: Swampert|Stomping Tantrum|p1a: Archaludon
|-activate|p1a: Archaludon|move: Protect
|
|upkeep
|turn|2
|
|t:|1782598042
|switch|p2a: Archaludon|Archaludon, L50, M|100/100
|switch|p1a: Grimmsnarl|Grimmsnarl, L50, M|100/100
|move|p2b: Grimmsnarl|Light Screen|p2b: Grimmsnarl
|-sidestart|p2: Aeon_Twins|move: Light Screen
|move|p1b: Sinistcha|Matcha Gotcha|p2b: Grimmsnarl|[spread] p2a
|-miss|p1b: Sinistcha|p2b: Grimmsnarl
|-resisted|p2a: Archaludon|2
|-damage|p2a: Archaludon|96/100
|-status|p2a: Archaludon|brn
|-ability|p2a: Archaludon|Stamina|boost
|-boost|p2a: Archaludon|def|1
|
|-heal|p2a: Archaludon|100/100 brn|[from] item: Leftovers
|-damage|p2a: Archaludon|93/100 brn|[from] brn
|upkeep
|turn|3
|
|t:|1782598061
|move|p1a: Grimmsnarl|Parting Shot|p2a: Archaludon
|-unboost|p2a: Archaludon|atk|1
|-unboost|p2a: Archaludon|spa|1
|
|t:|1782598065
|switch|p1a: Archaludon|Archaludon, L50, M|100/100|[from] Parting Shot
|move|p2a: Archaludon|Electro Shot||[still]
|-prepare|p2a: Archaludon|Electro Shot
|-boost|p2a: Archaludon|spa|1
|move|p1b: Sinistcha|Matcha Gotcha|p2b: Grimmsnarl|[spread] p2a,p2b
|-resisted|p2a: Archaludon|2
|-damage|p2a: Archaludon|89/100 brn
|-damage|p2b: Grimmsnarl|82/100
|-ability|p2a: Archaludon|Stamina|boost
|-boost|p2a: Archaludon|def|1
|move|p2b: Grimmsnarl|Foul Play|p1b: Sinistcha
|-supereffective|p1b: Sinistcha|1
|-damage|p1b: Sinistcha|65/100
|
|-heal|p2a: Archaludon|95/100 brn|[from] item: Leftovers
|-damage|p2a: Archaludon|89/100 brn|[from] brn
|upkeep
|turn|4
|inactive|bermusinho has 30 seconds left.
|
|t:|1782598095
|move|p2b: Grimmsnarl|Parting Shot|p1a: Archaludon
|-unboost|p1a: Archaludon|atk|1
|-unboost|p1a: Archaludon|spa|1
|
|t:|1782598099
|switch|p2b: Sinistcha|Sinistcha, L50|100/100|[from] Parting Shot
|-heal|p2a: Archaludon|100/100 brn|[from] ability: Hospitality|[of] p2b: Sinistcha
|move|p1a: Archaludon|Dragon Pulse|p2a: Archaludon
|-damage|p2a: Archaludon|84/100 brn
|-ability|p2a: Archaludon|Stamina|boost
|-boost|p2a: Archaludon|def|1
|move|p2a: Archaludon|Electro Shot|p1a: Archaludon|[from] lockedmove
|-resisted|p1a: Archaludon|1
|-damage|p1a: Archaludon|80/100
|-ability|p1a: Archaludon|Stamina|boost
|-boost|p1a: Archaludon|def|1
|move|p1b: Sinistcha|Matcha Gotcha|p2a: Archaludon|[spread] p2a
|-miss|p1b: Sinistcha|p2b: Sinistcha
|-resisted|p2a: Archaludon|2
|-damage|p2a: Archaludon|81/100 brn
|-heal|p1b: Sinistcha|67/100|[from] drain|[of] p2a: Archaludon
|-ability|p2a: Archaludon|Stamina|boost
|-boost|p2a: Archaludon|def|1
|
|-heal|p1a: Archaludon|86/100|[from] item: Leftovers
|-heal|p2a: Archaludon|87/100 brn|[from] item: Leftovers
|-damage|p2a: Archaludon|81/100 brn|[from] brn
|upkeep
|turn|5
|
|t:|1782598121
|switch|p1b: Grimmsnarl|Grimmsnarl, L50, M|100/100
|move|p1a: Archaludon|Protect|p1a: Archaludon
|-singleturn|p1a: Archaludon|Protect
|move|p2a: Archaludon|Electro Shot||[still]
|-prepare|p2a: Archaludon|Electro Shot
|-boost|p2a: Archaludon|spa|1
|move|p2b: Sinistcha|Life Dew||[still]|[spread] p2a,p2b
|-heal|p2a: Archaludon|100/100 brn
|-fail|p2b: Sinistcha|heal
|
|-heal|p1a: Archaludon|92/100|[from] item: Leftovers
|-damage|p2a: Archaludon|93/100 brn|[from] brn
|upkeep
|turn|6
|
|t:|1782598140
|move|p1b: Grimmsnarl|Parting Shot|p2a: Archaludon
|-unboost|p2a: Archaludon|atk|1
|-unboost|p2a: Archaludon|spa|1
|
|t:|1782598143
|switch|p1b: Pelipper|Pelipper, L50, M|100/100|[from] Parting Shot
|-weather|RainDance|[from] ability: Drizzle|[of] p1b: Pelipper
|move|p1a: Archaludon|Electro Shot||[still]
|-prepare|p1a: Archaludon|Electro Shot
|-boost|p1a: Archaludon|spa|1
|-anim|p1a: Archaludon|Electro Shot|p2b: Sinistcha
|-resisted|p2b: Sinistcha|1
|-damage|p2b: Sinistcha|86/100
|move|p2a: Archaludon|Electro Shot|p1b: Pelipper|[from] lockedmove
|-supereffective|p1b: Pelipper|2
|-damage|p1b: Pelipper|0 fnt
|faint|p1b: Pelipper
|move|p2b: Sinistcha|Matcha Gotcha|p1a: Archaludon
|-resisted|p1a: Archaludon|2
|-damage|p1a: Archaludon|85/100
|-heal|p2b: Sinistcha|91/100|[from] drain|[of] p1a: Archaludon
|-ability|p1a: Archaludon|Stamina|boost
|-boost|p1a: Archaludon|def|1
|
|-weather|RainDance|[upkeep]
|-heal|p1a: Archaludon|91/100|[from] item: Leftovers
|-heal|p2a: Archaludon|100/100 brn|[from] item: Leftovers
|-damage|p2a: Archaludon|93/100 brn|[from] brn
|upkeep
|
|t:|1782598164
|switch|p1b: Grimmsnarl|Grimmsnarl, L50, M|100/100
|turn|7
|inactive|Aeon_Twins has 30 seconds left.
|
|t:|1782598197
|switch|p2b: Grimmsnarl|Grimmsnarl, L50, M|82/100
|move|p1b: Grimmsnarl|Light Screen|p1b: Grimmsnarl
|-sidestart|p1: bermusinho|move: Light Screen
|move|p1a: Archaludon|Electro Shot||[still]
|-prepare|p1a: Archaludon|Electro Shot
|-boost|p1a: Archaludon|spa|1
|-anim|p1a: Archaludon|Electro Shot|p2b: Grimmsnarl
|-damage|p2b: Grimmsnarl|44/100
|move|p2a: Archaludon|Electro Shot||[still]
|-prepare|p2a: Archaludon|Electro Shot
|-boost|p2a: Archaludon|spa|1
|-anim|p2a: Archaludon|Electro Shot|p1b: Grimmsnarl
|-damage|p1b: Grimmsnarl|63/100
|
|-weather|RainDance|[upkeep]
|-heal|p1a: Archaludon|97/100|[from] item: Leftovers
|-heal|p2a: Archaludon|100/100 brn|[from] item: Leftovers
|-damage|p2a: Archaludon|93/100 brn|[from] brn
|upkeep
|turn|8
|
|t:|1782598214
|move|p1a: Archaludon|Protect|p1a: Archaludon
|-singleturn|p1a: Archaludon|Protect
|move|p2b: Grimmsnarl|Parting Shot|p1a: Archaludon
|-activate|p1a: Archaludon|move: Protect
|move|p1b: Grimmsnarl|Parting Shot|p2a: Archaludon
|-unboost|p2a: Archaludon|atk|1
|-unboost|p2a: Archaludon|spa|1
|
|t:|1782598221
|switch|p1b: Sinistcha|Sinistcha, L50|67/100|[from] Parting Shot
|-heal|p1a: Archaludon|100/100|[from] ability: Hospitality|[of] p1b: Sinistcha
|move|p2a: Archaludon|Electro Shot||[still]
|-prepare|p2a: Archaludon|Electro Shot
|-boost|p2a: Archaludon|spa|1
|-anim|p2a: Archaludon|Electro Shot|p1b: Sinistcha
|-resisted|p1b: Sinistcha|1
|-damage|p1b: Sinistcha|47/100
|
|-weather|RainDance|[upkeep]
|-heal|p2a: Archaludon|100/100 brn|[from] item: Leftovers
|-damage|p2a: Archaludon|93/100 brn|[from] brn
|upkeep
|turn|9
|
|t:|1782598235
|move|p1b: Sinistcha|Rage Powder|p1b: Sinistcha
|-singleturn|p1b: Sinistcha|move: Rage Powder
|move|p2b: Grimmsnarl|Parting Shot|p1b: Sinistcha
|-unboost|p1b: Sinistcha|atk|1
|-unboost|p1b: Sinistcha|spa|1
|
|t:|1782598241
|switch|p2b: Sinistcha|Sinistcha, L50|91/100|[from] Parting Shot
|-heal|p2a: Archaludon|100/100 brn|[from] ability: Hospitality|[of] p2b: Sinistcha
|move|p1a: Archaludon|Electro Shot||[still]
|-prepare|p1a: Archaludon|Electro Shot
|-boost|p1a: Archaludon|spa|1
|-anim|p1a: Archaludon|Electro Shot|p2b: Sinistcha
|-resisted|p2b: Sinistcha|1
|-damage|p2b: Sinistcha|62/100
|move|p2a: Archaludon|Electro Shot||[still]
|-prepare|p2a: Archaludon|Electro Shot
|-boost|p2a: Archaludon|spa|1
|-anim|p2a: Archaludon|Electro Shot|p1b: Sinistcha
|-resisted|p1b: Sinistcha|1
|-crit|p1b: Sinistcha
|-damage|p1b: Sinistcha|0 fnt
|faint|p1b: Sinistcha
|
|-weather|RainDance|[upkeep]
|-damage|p2a: Archaludon|93/100 brn|[from] brn
|-sideend|p2: Aeon_Twins|move: Light Screen
|upkeep
|
|t:|1782598258
|switch|p1b: Grimmsnarl|Grimmsnarl, L50, M|63/100
|turn|10
|
|t:|1782598270
|move|p2b: Sinistcha|Rage Powder|p2b: Sinistcha
|-singleturn|p2b: Sinistcha|move: Rage Powder
|move|p1b: Grimmsnarl|Parting Shot|p2b: Sinistcha
|-unboost|p2b: Sinistcha|atk|1
|-unboost|p2b: Sinistcha|spa|1
|move|p1a: Archaludon|Electro Shot||[still]
|-prepare|p1a: Archaludon|Electro Shot
|-boost|p1a: Archaludon|spa|1
|-anim|p1a: Archaludon|Electro Shot|p2b: Sinistcha
|-resisted|p2b: Sinistcha|1
|-damage|p2b: Sinistcha|10/100
|move|p2a: Archaludon|Electro Shot||[still]
|-prepare|p2a: Archaludon|Electro Shot
|-boost|p2a: Archaludon|spa|1
|-anim|p2a: Archaludon|Electro Shot|p1b: Grimmsnarl
|-damage|p1b: Grimmsnarl|3/100
|
|-weather|none
|-heal|p2a: Archaludon|100/100 brn|[from] item: Leftovers
|-damage|p2a: Archaludon|93/100 brn|[from] brn
|upkeep
|turn|11
|inactive|Aeon_Twins has 30 seconds left.
|inactive|bermusinho has 30 seconds left.
|inactive|Aeon_Twins has 20 seconds left.
|inactive|Aeon_Twins has 15 seconds left.
|inactive|Aeon_Twins has 10 seconds left.
|
|t:|1782598322
|switch|p2b: Swampert|Swampert-Mega, L50, M|100/100
|move|p2a: Archaludon|Protect|p2a: Archaludon
|-singleturn|p2a: Archaludon|Protect
|move|p1b: Grimmsnarl|Parting Shot|p2a: Archaludon
|-activate|p2a: Archaludon|move: Protect
|move|p1a: Archaludon|Flash Cannon|p2b: Swampert
|-resisted|p2b: Swampert|1
|-damage|p2b: Swampert|60/100
|
|-heal|p2a: Archaludon|100/100 brn|[from] item: Leftovers
|-damage|p2a: Archaludon|93/100 brn|[from] brn
|upkeep
|turn|12
|inactive|Aeon_Twins has 30 seconds left.
|inactive|Aeon_Twins has 20 seconds left.
|inactive|Aeon_Twins has 15 seconds left.
|
|t:|1782598366
|switch|p2a: Grimmsnarl|Grimmsnarl, L50, M|44/100
|move|p1b: Grimmsnarl|Reflect|p1b: Grimmsnarl
|-sidestart|p1: bermusinho|Reflect
|move|p2b: Swampert|Wave Crash|p1b: Grimmsnarl
|-crit|p1b: Grimmsnarl
|-damage|p1b: Grimmsnarl|0 fnt
|faint|p1b: Grimmsnarl
|-damage|p2b: Swampert|59/100|[from] Recoil
|move|p1a: Archaludon|Dragon Pulse|p2a: Grimmsnarl
|-immune|p2a: Grimmsnarl
|
|upkeep
|turn|13
|
|t:|1782598381
|move|p2a: Grimmsnarl|Parting Shot|p1a: Archaludon
|-unboost|p1a: Archaludon|atk|1
|-unboost|p1a: Archaludon|spa|1
|
|t:|1782598387
|switch|p2a: Archaludon|Archaludon, L50, M|93/100 brn|[from] Parting Shot
|move|p2b: Swampert|Stomping Tantrum|p1a: Archaludon
|-supereffective|p1a: Archaludon|1
|-damage|p1a: Archaludon|77/100
|-ability|p1a: Archaludon|Stamina|boost
|-boost|p1a: Archaludon|def|1
|move|p1a: Archaludon|Flash Cannon|p2a: Archaludon
|-resisted|p2a: Archaludon|1
|-damage|p2a: Archaludon|56/100 brn
|-ability|p2a: Archaludon|Stamina|boost
|-boost|p2a: Archaludon|def|1
|
|-heal|p1a: Archaludon|83/100|[from] item: Leftovers
|-heal|p2a: Archaludon|62/100 brn|[from] item: Leftovers
|-damage|p2a: Archaludon|56/100 brn|[from] brn
|upkeep
|turn|14
|
|t:|1782598405
|switch|p2a: Grimmsnarl|Grimmsnarl, L50, M|44/100
|move|p2b: Swampert|Stomping Tantrum|p1a: Archaludon
|-supereffective|p1a: Archaludon|1
|-damage|p1a: Archaludon|63/100
|-ability|p1a: Archaludon|Stamina|boost
|-boost|p1a: Archaludon|def|1
|move|p1a: Archaludon|Dragon Pulse|p2b: Swampert
|-damage|p2b: Swampert|0 fnt
|faint|p2b: Swampert
|
|-heal|p1a: Archaludon|69/100|[from] item: Leftovers
|-sideend|p1: bermusinho|move: Light Screen
|upkeep
|
|t:|1782598420
|switch|p2b: Archaludon|Archaludon, L50, M|56/100 brn
|turn|15
|
|t:|1782598426
|move|p2b: Archaludon|Protect|p2b: Archaludon
|-singleturn|p2b: Archaludon|Protect
|move|p2a: Grimmsnarl|Light Screen|p2a: Grimmsnarl
|-sidestart|p2: Aeon_Twins|move: Light Screen
|move|p1a: Archaludon|Dragon Pulse|p2b: Archaludon
|-activate|p2b: Archaludon|move: Protect
|
|-heal|p1a: Archaludon|75/100|[from] item: Leftovers
|-heal|p2b: Archaludon|62/100 brn|[from] item: Leftovers
|-damage|p2b: Archaludon|56/100 brn|[from] brn
|upkeep
|turn|16
|
|t:|1782598437
|move|p2a: Grimmsnarl|Parting Shot|p1a: Archaludon
|-unboost|p1a: Archaludon|atk|1
|-unboost|p1a: Archaludon|spa|1
|
|t:|1782598440
|switch|p2a: Sinistcha|Sinistcha, L50|10/100|[from] Parting Shot
|-heal|p2b: Archaludon|81/100 brn|[from] ability: Hospitality|[of] p2a: Sinistcha
|move|p1a: Archaludon|Dragon Pulse|p2b: Archaludon
|-damage|p2b: Archaludon|42/100 brn
|-ability|p2b: Archaludon|Stamina|boost
|-boost|p2b: Archaludon|def|1
|move|p2b: Archaludon|Dragon Pulse|p1a: Archaludon
|-damage|p1a: Archaludon|35/100
|-ability|p1a: Archaludon|Stamina|boost
|-boost|p1a: Archaludon|def|1
|
|-heal|p1a: Archaludon|41/100|[from] item: Leftovers
|-heal|p2b: Archaludon|48/100 brn|[from] item: Leftovers
|-damage|p2b: Archaludon|42/100 brn|[from] brn
|upkeep
|turn|17
|-message|bermusinho forfeited.
|
|win|Aeon_Twins
|l|‽bermusinho
|player|p1|
||bermusinho is ready for game 2.
||Aeon_Twins is ready for game 2.
|uhtml|next|Next: Game 2 of 3
