|j|☆MSAtlos
|j|☆sandy ghost 5
|html|MSAtlossandy ghost 5    
|uhtml|bestof|Game 2 of a best-of-3
|t:|1757070930
|gametype|doubles
|player|p1|MSAtlos|clair|1095
|player|p2|sandy ghost 5|baker|1236
|gen|9
|tier|[Gen 9] VGC 2025 Reg H (Bo3)
|rated|
|rule|Species Clause: Limit one of each Pokémon
|rule|Item Clause: Limit 1 of each item
|clearpoke
|poke|p1|Baxcalibur, L50, F|
|poke|p1|Rillaboom, L50, M|
|poke|p1|Sneasler, L50, F|
|poke|p1|Volcarona, L50, M|
|poke|p1|Annihilape, L50, F|
|poke|p1|Maushold-Four, L50|
|poke|p2|Tyranitar, L50, M|
|poke|p2|Excadrill, L50, F|
|poke|p2|Sinistcha-Masterpiece, L50|
|poke|p2|Salamence, L50, F|
|poke|p2|Blaziken, L50, F|
|poke|p2|Bruxish, L50, F|
|teampreview|4
|showteam|p1|Baxcalibur||LoadedDice|ThermalExchange|Protect,IcicleSpear,ScaleShot,IceShard|||F|||50|,,,,,Poison]Rillaboom||AssaultVest|GrassySurge|WoodHammer,GrassyGlide,FakeOut,HighHorsepower|||M|||50|,,,,,Fire]Sneasler||FocusSash|Unburden|Protect,CloseCombat,DireClaw,Coaching|||F|||50|,,,,,Stellar]Volcarona||CovertCloak|FlameBody|HeatWave,TeraBlast,QuiverDance,RagePowder|||M|||50|,,,,,Fairy]Annihilape||SitrusBerry|Defiant|DrainPunch,RageFist,BulkUp,Protect|||F|||50|,,,,,Fire]Maushold-Four||SafetyGoggles|FriendGuard|BeatUp,Taunt,FollowMe,Protect||||||50|,,,,,Ghost
|showteam|p2|Tyranitar||ClearAmulet|SandStream|RockSlide,KnockOff,DragonDance,Protect|||M|||50|,,,,,Grass]Excadrill||AssaultVest|SandRush|Earthquake,IronHead,HighHorsepower,RockSlide|||F|||50|,,,,,Ghost]Sinistcha-Masterpiece||SitrusBerry|Hospitality|ShadowBall,MatchaGotcha,RagePowder,Protect||||||50|,,,,,Dark]Salamence||LifeOrb|Intimidate|DracoMeteor,AirSlash,Protect,Tailwind|||F|||50|,,,,,Ghost]Blaziken||CovertCloak|SpeedBoost|AuraSphere,HeatWave,Coaching,WillOWisp|||F|||50|,,,,,Dragon]Bruxish||ChoiceScarf|Dazzling|PsychicFangs,FlipTurn,WaveCrash,SuperFang|||F|||50|,,,,,Water
|
|t:|1757070951
|teamsize|p1|4
|teamsize|p2|4
|start
|switch|p1a: Baxcalibur|Baxcalibur, L50, F|100/100
|switch|p1b: Sneasler|Sneasler, L50, F|100/100
|switch|p2a: Tyranitar|Tyranitar, L50, M|100/100
|switch|p2b: Excadrill|Excadrill, L50, F|100/100
|-weather|Sandstorm|[from] ability: Sand Stream|[of] p2a: Tyranitar
|turn|1
|
|t:|1757071017
|switch|p1b: Rillaboom|Rillaboom, L50, M|100/100
|-fieldstart|move: Grassy Terrain|[from] ability: Grassy Surge|[of] p1b: Rillaboom
|switch|p2a: Salamence|Salamence, L50, F|100/100
|-ability|p2a: Salamence|Intimidate|boost
|-unboost|p1a: Baxcalibur|atk|1
|-unboost|p1b: Rillaboom|atk|1
|-terastallize|p2b: Excadrill|Ghost
|move|p1a: Baxcalibur|Protect|p1a: Baxcalibur
|-singleturn|p1a: Baxcalibur|Protect
|move|p2b: Excadrill|Earthquake|p1b: Rillaboom|[spread] p1b
|-activate|p1a: Baxcalibur|move: Protect
|-immune|p2a: Salamence
|-resisted|p1b: Rillaboom
|-damage|p1b: Rillaboom|90/100
|
|-weather|Sandstorm|[upkeep]
|-damage|p2a: Salamence|95/100|[from] Sandstorm
|-damage|p1a: Baxcalibur|94/100|[from] Sandstorm
|-damage|p1b: Rillaboom|84/100|[from] Sandstorm
|-heal|p1a: Baxcalibur|100/100|[from] Grassy Terrain
|-heal|p1b: Rillaboom|90/100|[from] Grassy Terrain
|upkeep
|turn|2
|
|t:|1757071062
|switch|p1a: Sneasler|Sneasler, L50, F|100/100
|move|p2b: Excadrill|Iron Head|p1a: Sneasler
|-damage|p1a: Sneasler|17/100
|move|p2a: Salamence|Air Slash|p1a: Sneasler
|-supereffective|p1a: Sneasler
|-damage|p1a: Sneasler|0 fnt
|faint|p1a: Sneasler
|-damage|p2a: Salamence|85/100|[from] item: Life Orb
|move|p1b: Rillaboom|Wood Hammer|p2b: Excadrill
|-damage|p2b: Excadrill|18/100
|-damage|p1b: Rillaboom|65/100|[from] Recoil
|
|-weather|Sandstorm|[upkeep]
|-damage|p2a: Salamence|79/100|[from] Sandstorm
|-damage|p1b: Rillaboom|59/100|[from] Sandstorm
|-heal|p2b: Excadrill|24/100|[from] Grassy Terrain
|-heal|p1b: Rillaboom|65/100|[from] Grassy Terrain
|upkeep
|
|t:|1757071077
|switch|p1a: Baxcalibur|Baxcalibur, L50, F|100/100
|turn|3
|
|t:|1757071090
|switch|p2a: Puppet|Sinistcha-Masterpiece, L50|100/100
|-heal|p2b: Excadrill|49/100|[from] ability: Hospitality|[of] p2a: Puppet
|-terastallize|p1a: Baxcalibur|Poison
|move|p1b: Rillaboom|Grassy Glide|p2b: Excadrill
|-damage|p2b: Excadrill|12/100
|move|p2b: Excadrill|High Horsepower|p1a: Baxcalibur
|-supereffective|p1a: Baxcalibur
|-damage|p1a: Baxcalibur|0 fnt
|faint|p1a: Baxcalibur
|
|-weather|Sandstorm|[upkeep]
|-damage|p1b: Rillaboom|59/100|[from] Sandstorm
|-damage|p2a: Puppet|94/100|[from] Sandstorm
|-heal|p2b: Excadrill|18/100|[from] Grassy Terrain
|-heal|p1b: Rillaboom|65/100|[from] Grassy Terrain
|-heal|p2a: Puppet|100/100|[from] Grassy Terrain
|upkeep
|
|t:|1757071107
|switch|p1a: Volcarona|Volcarona, L50, M|100/100
|turn|4
|
|t:|1757071120
|switch|p2a: Salamence|Salamence, L50, F|79/100
|-ability|p2a: Salamence|Intimidate|boost
|-unboost|p1a: Volcarona|atk|1
|-unboost|p1b: Rillaboom|atk|1
|move|p1b: Rillaboom|Grassy Glide|p2b: Excadrill
|-damage|p2b: Excadrill|0 fnt
|faint|p2b: Excadrill
|move|p1a: Volcarona|Quiver Dance|p1a: Volcarona
|-boost|p1a: Volcarona|spa|1
|-boost|p1a: Volcarona|spd|1
|-boost|p1a: Volcarona|spe|1
|
|-weather|Sandstorm|[upkeep]
|-damage|p1a: Volcarona|94/100|[from] Sandstorm
|-damage|p2a: Salamence|73/100|[from] Sandstorm
|-damage|p1b: Rillaboom|59/100|[from] Sandstorm
|-heal|p1a: Volcarona|100/100|[from] Grassy Terrain
|-heal|p1b: Rillaboom|65/100|[from] Grassy Terrain
|upkeep
|
|t:|1757071128
|switch|p2b: Puppet|Sinistcha-Masterpiece, L50|100/100
|-heal|p2a: Salamence|98/100|[from] ability: Hospitality|[of] p2b: Puppet
|turn|5
|
|t:|1757071143
|move|p1a: Volcarona|Heat Wave|p2b: Puppet|[spread] p2a
|-miss|p1a: Volcarona|p2b: Puppet
|-resisted|p2a: Salamence
|-damage|p2a: Salamence|61/100
|move|p2a: Salamence|Air Slash|p1b: Rillaboom
|-supereffective|p1b: Rillaboom
|-damage|p1b: Rillaboom|6/100
|-damage|p2a: Salamence|51/100|[from] item: Life Orb
|move|p1b: Rillaboom|Wood Hammer|p2a: Salamence
|-resisted|p2a: Salamence
|-damage|p2a: Salamence|39/100
|-damage|p1b: Rillaboom|3/100|[from] Recoil
|move|p2b: Puppet|Shadow Ball|p1a: Volcarona
|-damage|p1a: Volcarona|77/100
|
|-weather|none
|-heal|p1a: Volcarona|83/100|[from] Grassy Terrain
|-heal|p1b: Rillaboom|9/100|[from] Grassy Terrain
|-fieldend|move: Grassy Terrain
|upkeep
|turn|6
|
|t:|1757071188
|switch|p2a: Tyranitar|Tyranitar, L50, M|100/100
|-weather|Sandstorm|[from] ability: Sand Stream|[of] p2a: Tyranitar
|move|p1a: Volcarona|Heat Wave|p2b: Puppet|[spread] p2a
|-miss|p1a: Volcarona|p2b: Puppet
|-resisted|p2a: Tyranitar
|-damage|p2a: Tyranitar|82/100
|move|p1b: Rillaboom|Wood Hammer|p2a: Tyranitar
|-supereffective|p2a: Tyranitar
|-damage|p2a: Tyranitar|30/100
|-damage|p1b: Rillaboom|0 fnt|[from] Recoil
|faint|p1b: Rillaboom
|move|p2b: Puppet|Matcha Gotcha|p1a: Volcarona
|-resisted|p1a: Volcarona
|-damage|p1a: Volcarona|77/100
|
|-weather|Sandstorm|[upkeep]
|-damage|p1a: Volcarona|71/100|[from] Sandstorm
|-damage|p2b: Puppet|94/100|[from] Sandstorm
|upkeep
|turn|7
|
|t:|1757071205
|switch|p2b: Salamence|Salamence, L50, F|39/100
|-ability|p2b: Salamence|Intimidate|boost
|-unboost|p1a: Volcarona|atk|1
|move|p2a: Tyranitar|Protect|p2a: Tyranitar
|-singleturn|p2a: Tyranitar|Protect
|move|p1a: Volcarona|Heat Wave|p2a: Tyranitar|[spread] p2b
|-activate|p2a: Tyranitar|move: Protect
|-resisted|p2b: Salamence
|-damage|p2b: Salamence|7/100
|
|-weather|Sandstorm|[upkeep]
|-damage|p1a: Volcarona|65/100|[from] Sandstorm
|-damage|p2b: Salamence|1/100|[from] Sandstorm
|upkeep
|turn|8
|
|t:|1757071217
|switch|p2b: Puppet|Sinistcha-Masterpiece, L50|94/100
|-heal|p2a: Tyranitar|55/100|[from] ability: Hospitality|[of] p2b: Puppet
|move|p1a: Volcarona|Heat Wave|p2a: Tyranitar|[spread] p2a
|-miss|p1a: Volcarona|p2b: Puppet
|-resisted|p2a: Tyranitar
|-damage|p2a: Tyranitar|37/100
|move|p2a: Tyranitar|Rock Slide|p1a: Volcarona
|-supereffective|p1a: Volcarona
|-damage|p1a: Volcarona|0 fnt
|faint|p1a: Volcarona
|
|win|sandy ghost 5
|inactive|MSAtlos has 30 seconds to confirm battle start!
|inactive|sandy ghost 5 has 30 seconds to confirm battle start!
||sandy ghost 5 is ready for game 3.
|c|☆MSAtlos|3 misses on the sinistcha wow
|inactive|MSAtlos has 20 seconds to confirm battle start!
||MSAtlos is ready for game 3.
|uhtml|next|Next: Game 3 of 3
|l|☆MSAtlos
|player|p1|
