|j|☆KorrinaOps5
|j|☆ZieCE
|html|KorrinaOps5ZieCE    
|uhtml|bestof|Game 3 of a best-of-3
|t:|1757751138
|gametype|doubles
|player|p1|KorrinaOps5|170|1104
|player|p2|ZieCE|alder|1042
|gen|9
|tier|[Gen 9] VGC 2025 Reg H (Bo3)
|rated|
|rule|Species Clause: Limit one of each Pokémon
|rule|Item Clause: Limit 1 of each item
|clearpoke
|poke|p1|Pelipper, L50, M|
|poke|p1|Dragonite, L50, M|
|poke|p1|Sinistcha, L50|
|poke|p1|Incineroar, L50, M|
|poke|p1|Archaludon, L50, F|
|poke|p1|Ursaluna, L50, M|
|poke|p2|Dragapult, L50, M|
|poke|p2|Kingambit, L50, F|
|poke|p2|Indeedee-F, L50, F|
|poke|p2|Ursaluna-Bloodmoon, L50, M|
|poke|p2|Sneasler, L50, M|
|poke|p2|Ninetales-Alola, L50, M|
|teampreview|4
|showteam|p1|Pelipper||FocusSash|Drizzle|MuddyWater,Hurricane,Tailwind,Protect|||M|||50|,,,,,Stellar]Dragonite||LoadedDice|Multiscale|ScaleShot,Tailwind,Haze,Protect|||M|||50|,,,,,Steel]Sinistcha||SitrusBerry|Hospitality|MatchaGotcha,RagePowder,LifeDew,TrickRoom||||||50|,,,,,Water]Incineroar||SafetyGoggles|Intimidate|KnockOff,Taunt,PartingShot,FakeOut|||M|||50|,,,,,Ghost]Archaludon||AssaultVest|Stamina|FlashCannon,Snarl,BodyPress,ElectroShot|||F|||50|,,,,,Fighting]Ursaluna||FlameOrb|Guts|Facade,HeadlongRush,Earthquake,Protect|||M|||50|,,,,,Fairy
|showteam|p2|Dragapult||ChoiceBand|ClearBody|DragonDarts,PhantomForce,Uturn,Outrage|||M|||50|,,,,,Steel]Kingambit||AssaultVest|Defiant|KowtowCleave,LowKick,SuckerPunch,IronHead|||F|||50|,,,,,Flying]Indeedee-F||RockyHelmet|PsychicSurge|FollowMe,TrickRoom,SkillSwap,HelpingHand|||F|||50|,,,,,Fairy]Ursaluna-Bloodmoon||LifeOrb|MindsEye|BloodMoon,EarthPower,Protect,HyperVoice|||M|||50|,,,,,Normal]Sneasler||PsychicSeed|Unburden|Coaching,CloseCombat,Protect,DireClaw|||M|||50|,,,,,Grass]Ninetales-Alola||FocusSash|SnowWarning|Protect,Blizzard,FreezeDry,Moonblast|||M|||50|,,,,,Ghost
|
|t:|1757751225
|teamsize|p1|4
|teamsize|p2|4
|start
|switch|p1a: Dragonite|Dragonite, L50, M|100/100
|switch|p1b: Archaludon|Archaludon, L50, F|100/100
|switch|p2a: Indeedee|Indeedee-F, L50, F|100/100
|switch|p2b: Ursaluna|Ursaluna-Bloodmoon, L50, M|100/100
|-fieldstart|move: Psychic Terrain|[from] ability: Psychic Surge|[of] p2a: Indeedee
|turn|1
|
|t:|1757751278
|-terastallize|p1b: Archaludon|Fighting
|-terastallize|p2b: Ursaluna|Normal
|move|p2a: Indeedee|Follow Me|p2a: Indeedee
|-singleturn|p2a: Indeedee|move: Follow Me
|move|p1a: Dragonite|Scale Shot|p2a: Indeedee
|-damage|p2a: Indeedee|86/100
|-damage|p2a: Indeedee|71/100
|-damage|p2a: Indeedee|57/100
|-damage|p2a: Indeedee|42/100
|-damage|p2a: Indeedee|26/100
|-hitcount|p2a: Indeedee|5
|-unboost|p1a: Dragonite|def|1
|-boost|p1a: Dragonite|spe|1
|move|p1b: Archaludon|Snarl|p2b: Ursaluna|[spread] p2a
|-miss|p1b: Archaludon|p2b: Ursaluna
|-supereffective|p2a: Indeedee
|-damage|p2a: Indeedee|5/100
|-unboost|p2a: Indeedee|spa|1
|move|p2b: Ursaluna|Hyper Voice|p1b: Archaludon|[spread] p1a,p1b
|-damage|p1a: Dragonite|64/100
|-damage|p1b: Archaludon|49/100
|-ability|p1b: Archaludon|Stamina|boost
|-boost|p1b: Archaludon|def|1
|-damage|p2b: Ursaluna|91/100|[from] item: Life Orb
|
|upkeep
|turn|2
|inactive|Battle timer is ON: inactive players will automatically lose when time's up. (requested by KorrinaOps5)
|inactive|ZieCE has 60 seconds left.
|
|t:|1757751323
|move|p2b: Ursaluna|Protect|p2b: Ursaluna
|-singleturn|p2b: Ursaluna|Protect
|move|p1a: Dragonite|Tailwind|p1a: Dragonite
|-sidestart|p1: KorrinaOps5|move: Tailwind
|move|p1b: Archaludon|Snarl|p2a: Indeedee|[spread] p2a
|-activate|p2b: Ursaluna|move: Protect
|-supereffective|p2a: Indeedee
|-damage|p2a: Indeedee|0 fnt
|faint|p2a: Indeedee
|
|upkeep
|inactive|ZieCE has 30 seconds left.
|
|t:|1757751351
|switch|p2a: Ninetales|Ninetales-Alola, L50, M|100/100
|-weather|Snowscape|[from] ability: Snow Warning|[of] p2a: Ninetales
|turn|3
|inactive|KorrinaOps5 has 30 seconds left.
|
|t:|1757751382
|move|p1a: Dragonite|Scale Shot|p2b: Ursaluna
|-damage|p2b: Ursaluna|79/100
|-damage|p2b: Ursaluna|67/100
|-damage|p2b: Ursaluna|56/100
|-crit|p2b: Ursaluna
|-damage|p2b: Ursaluna|40/100
|-damage|p2b: Ursaluna|28/100
|-hitcount|p2b: Ursaluna|5
|-unboost|p1a: Dragonite|def|1
|-boost|p1a: Dragonite|spe|1
|move|p1b: Archaludon|Flash Cannon|p2a: Ninetales
|-supereffective|p2a: Ninetales
|-enditem|p2a: Ninetales|Focus Sash
|-damage|p2a: Ninetales|1/100
|move|p2a: Ninetales|Moonblast|p1b: Archaludon
|-supereffective|p1b: Archaludon
|-damage|p1b: Archaludon|0 fnt
|faint|p1b: Archaludon
|move|p2b: Ursaluna|Hyper Voice|p1a: Dragonite
|-damage|p1a: Dragonite|0 fnt
|faint|p1a: Dragonite
|-damage|p2b: Ursaluna|19/100|[from] item: Life Orb
|
|-weather|Snowscape|[upkeep]
|upkeep
|
|t:|1757751385
|switch|p1a: Pelipper|Pelipper, L50, M|100/100
|switch|p1b: Sinistcha|Sinistcha, L50|100/100
|-weather|RainDance|[from] ability: Drizzle|[of] p1a: Pelipper
|turn|4
|inactive|ZieCE has 30 seconds left.
|inactive|ZieCE has 20 seconds left.
|inactive|ZieCE has 15 seconds left.
|inactive|ZieCE has 10 seconds left.
|inactive|ZieCE has 5 seconds left.
|
|t:|1757751440
|move|p2a: Ninetales|Protect|p2a: Ninetales
|-singleturn|p2a: Ninetales|Protect
|move|p1a: Pelipper|Muddy Water|p2b: Ursaluna|[spread] p2b
|-activate|p2a: Ninetales|move: Protect
|-damage|p2b: Ursaluna|0 fnt
|faint|p2b: Ursaluna
|move|p1b: Sinistcha|Matcha Gotcha|p2a: Ninetales
|-activate|p2a: Ninetales|move: Protect
|
|-weather|RainDance|[upkeep]
|upkeep
|
|t:|1757751462
|switch|p2b: Kingambit|Kingambit, L50, F|100/100
|turn|5
|
|t:|1757751477
|move|p2a: Ninetales|Protect|p2a: Ninetales
|-singleturn|p2a: Ninetales|Protect
|move|p1a: Pelipper|Muddy Water|p2b: Kingambit|[spread] p2b
|-activate|p2a: Ninetales|move: Protect
|-damage|p2b: Kingambit|75/100
|move|p1b: Sinistcha|Matcha Gotcha|p2a: Ninetales|[spread] p2b
|-activate|p2a: Ninetales|move: Protect
|-resisted|p2b: Kingambit
|-damage|p2b: Kingambit|67/100
|-status|p2b: Kingambit|brn
|move|p2b: Kingambit|Kowtow Cleave|p1b: Sinistcha
|-supereffective|p1b: Sinistcha
|-damage|p1b: Sinistcha|61/100
|
|-weather|RainDance|[upkeep]
|-damage|p2b: Kingambit|61/100 brn|[from] brn
|-sideend|p1: KorrinaOps5|move: Tailwind
|-fieldend|move: Psychic Terrain
|upkeep
|turn|6
|inactive|ZieCE has 30 seconds left.
|
|t:|1757751506
|move|p2a: Ninetales|Freeze-Dry|p1a: Pelipper
|-supereffective|p1a: Pelipper
|-enditem|p1a: Pelipper|Focus Sash
|-damage|p1a: Pelipper|1/100
|move|p1a: Pelipper|Muddy Water|p2a: Ninetales|[spread] p2a,p2b
|-damage|p2a: Ninetales|0 fnt
|-damage|p2b: Kingambit|31/100 brn
|faint|p2a: Ninetales
|move|p1b: Sinistcha|Matcha Gotcha|p2b: Kingambit
|-resisted|p2b: Kingambit
|-damage|p2b: Kingambit|21/100 brn
|-heal|p1b: Sinistcha|67/100|[from] drain|[of] p2b: Kingambit
|move|p2b: Kingambit|Kowtow Cleave|p1b: Sinistcha
|-supereffective|p1b: Sinistcha
|-crit|p1b: Sinistcha
|-damage|p1b: Sinistcha|7/100
|-enditem|p1b: Sinistcha|Sitrus Berry|[eat]
|-heal|p1b: Sinistcha|31/100|[from] item: Sitrus Berry
|
|-weather|RainDance|[upkeep]
|-damage|p2b: Kingambit|15/100 brn|[from] brn
|upkeep
|turn|7
|inactive|ZieCE has 30 seconds left.
|
|t:|1757751533
|move|p2b: Kingambit|Sucker Punch|p1a: Pelipper
|-damage|p1a: Pelipper|0 fnt
|faint|p1a: Pelipper
|move|p1b: Sinistcha|Matcha Gotcha|p2b: Kingambit
|-resisted|p2b: Kingambit
|-damage|p2b: Kingambit|4/100 brn
|-heal|p1b: Sinistcha|38/100|[from] drain|[of] p2b: Kingambit
|
|-weather|RainDance|[upkeep]
|-damage|p2b: Kingambit|0 fnt|[from] brn
|faint|p2b: Kingambit
|
|win|KorrinaOps5
|raw|KorrinaOps5's rating: 1104 → 1125(+21 for winning)
|raw|ZieCE's rating: 1042 → 1029(-13 for losing)
|l|☆ZieCE
|player|p2|
|c|☆KorrinaOps5|crazy
