|j|☆s4m1_jaw3d
|j|☆kDreamzzz
|html|s4m1_jaw3dkDreamzzz    
|uhtml|bestof|Game 2 of a best-of-3
|t:|1784146416
|gametype|doubles
|player|p1|s4m1_jaw3d|volkner|
|player|p2|kDreamzzz|1|
|gen|9
|tier|[Gen 9 Champions] VGC 2026 Reg M-B (Bo3)
|rule|Species Clause: Limit one of each Pokémon
|rule|Item Clause: Limit 1 of each item
|clearpoke
|poke|p1|Grimmsnarl, L50, M|
|poke|p1|Archaludon, L50, M|
|poke|p1|Venusaur, L50, M|
|poke|p1|Medicham, L50, F|
|poke|p1|Pelipper, L50, F|
|poke|p1|Beartic, L50, F|
|poke|p2|Swampert, L50, F|
|poke|p2|Sableye, L50, F|
|poke|p2|Politoed, L50, M|
|poke|p2|Dragonite, L50, M|
|poke|p2|Tsareena, L50, F|
|poke|p2|Corviknight, L50, M|
|teampreview|4
|showteam|p1|Grimmsnarl||LightClay|Prankster|Reflect,PartingShot,LightScreen,FoulPlay|Adamant||M|||50|]Archaludon||Leftovers|Stamina|Protect,ElectroShot,DragonPulse,FlashCannon|Modest||M|||50|]Venusaur||Venusaurite|Overgrow|GigaDrain,LeechSeed,Protect,SludgeBomb|Serious||M|||50|]Medicham||Medichamite|PurePower|FakeOut,CloseCombat,IcePunch,Protect|Jolly||F|||50|]Pelipper||FocusSash|Drizzle|Protect,Tailwind,Hurricane,WeatherBall|Timid||F|||50|]Beartic||ExpertBelt|SwiftSwim|GrassKnot,IcicleCrash,Protect,IcyWind|Rash||F|||50|
|showteam|p2|Swampert||Swampertite|Damp|HighHorsepower,WaveCrash,Earthquake,Protect|Adamant||F|||50|]Sableye||LightClay|Prankster|Encore,Quash,FoulPlay,LightScreen|Sassy||F|||50|]Politoed||SitrusBerry|Drizzle|HelpingHand,WeatherBall,Haze,IceBeam|Modest||M|||50|]Dragonite||Dragoninite|Multiscale|Protect,Hurricane,DracoMeteor,Thunder|Modest||M|||50|]Tsareena||WideLens|QueenlyMajesty|TropKick,LowKick,TripleAxel,Protect|Adamant||F|||50|]Corviknight||Leftovers|Unnerve|IronHead,BraveBird,Roost,Tailwind|Impish||M|||50|
|
|t:|1784146452
|teamsize|p1|4
|teamsize|p2|4
|start
|switch|p1a: Medicham|Medicham, L50, F|100/100
|switch|p1b: Grimmsnarl|Grimmsnarl, L50, M|100/100
|switch|p2a: Dragonite|Dragonite, L50, M|100/100
|switch|p2b: Sableye|Sableye, L50, F|100/100
|turn|1
|inactive|Battle timer is ON: inactive players will automatically lose when time's up. (requested by s4m1_jaw3d)
|
|t:|1784146493
|switch|p2b: Politoed|Politoed, L50, M|100/100
|-weather|RainDance|[from] ability: Drizzle|[of] p2b: Politoed
|detailschange|p1a: Medicham|Medicham-Mega, L50, F
|-mega|p1a: Medicham|Medicham|Medichamite
|move|p1b: Grimmsnarl|Light Screen|p1b: Grimmsnarl
|-sidestart|p1: s4m1_jaw3d|move: Light Screen
|move|p1a: Medicham|Ice Punch|p2b: Politoed
|-resisted|p2b: Politoed|1
|-damage|p2b: Politoed|74/100
|move|p2a: Dragonite|Hurricane|p1a: Medicham
|-supereffective|p1a: Medicham|1
|-damage|p1a: Medicham|0 fnt
|faint|p1a: Medicham
|
|-weather|RainDance|[upkeep]
|upkeep
|
|t:|1784146504
|switch|p1a: Beartic|Beartic, L50, F|100/100
|turn|2
|inactive|kDreamzzz has 30 seconds left.
|
|t:|1784146533
|detailschange|p2a: Dragonite|Dragonite-Mega, L50, M
|-mega|p2a: Dragonite|Dragonite|Dragoninite
|move|p2b: Politoed|Helping Hand|p2a: Dragonite
|-singleturn|p2a: Dragonite|Helping Hand|[of] p2b: Politoed
|move|p1b: Grimmsnarl|Parting Shot|p2b: Politoed
|-unboost|p2b: Politoed|atk|1
|-unboost|p2b: Politoed|spa|1
|
|t:|1784146540
|switch|p1b: Pelipper|Pelipper, L50, F|100/100|[from] Parting Shot
|move|p1a: Beartic|Icy Wind|p2b: Politoed|[spread] p2a,p2b
|-supereffective|p2a: Dragonite|2
|-resisted|p2b: Politoed|1
|-damage|p2a: Dragonite|69/100
|-damage|p2b: Politoed|68/100
|-unboost|p2a: Dragonite|spe|1
|-unboost|p2b: Politoed|spe|1
|move|p2a: Dragonite|Draco Meteor|p1a: Beartic
|-damage|p1a: Beartic|0 fnt
|-unboost|p2a: Dragonite|spa|2
|faint|p1a: Beartic
|
|-weather|RainDance|[upkeep]
|upkeep
|
|t:|1784146542
|switch|p1a: Grimmsnarl|Grimmsnarl, L50, M|100/100
|turn|3
|
|t:|1784146566
|move|p1b: Pelipper|Hurricane|p2a: Dragonite
|-damage|p2a: Dragonite|35/100
|move|p1a: Grimmsnarl|Foul Play|p2b: Politoed
|-damage|p2b: Politoed|50/100g
|move|p2a: Dragonite|Hurricane|p1a: Grimmsnarl
|-damage|p1a: Grimmsnarl|78/100
|move|p2b: Politoed|Haze|p2b: Politoed
|-clearallboost
|
|-weather|RainDance|[upkeep]
|upkeep
|turn|4
|inactive|kDreamzzz has 30 seconds left.
|
|t:|1784146597
|move|p1b: Pelipper|Tailwind|p1b: Pelipper
|-sidestart|p1: s4m1_jaw3d|move: Tailwind
|move|p1a: Grimmsnarl|Foul Play|p2a: Dragonite
|-damage|p2a: Dragonite|5/100
|move|p2a: Dragonite|Hurricane|p1a: Grimmsnarl
|-damage|p1a: Grimmsnarl|32/100
|move|p2b: Politoed|Weather Ball|p1a: Grimmsnarl
|-damage|p1a: Grimmsnarl|0 fnt
|faint|p1a: Grimmsnarl
|
|-weather|RainDance|[upkeep]
|upkeep
|turn|5
|inactive|kDreamzzz has 30 seconds left.
|
|t:|1784146622
|move|p2a: Dragonite|Protect|p2a: Dragonite
|-singleturn|p2a: Dragonite|Protect
|move|p1b: Pelipper|Hurricane|p2b: Politoed
|-damage|p2b: Politoed|9/100
|-enditem|p2b: Politoed|Sitrus Berry|[eat]
|-heal|p2b: Politoed|34/100|[from] item: Sitrus Berry
|move|p2b: Politoed|Ice Beam|p1b: Pelipper
|-damage|p1b: Pelipper|68/100
|
|-weather|none
|upkeep
|turn|6
|
|t:|1784146641
|move|p1b: Pelipper|Weather Ball|p2a: Dragonite
|-damage|p2a: Dragonite|0 fnt
|faint|p2a: Dragonite
|move|p2b: Politoed|Ice Beam|p1b: Pelipper
|-damage|p1b: Pelipper|35/100
|
|upkeep
|
|t:|1784146650
|switch|p2a: Sableye|Sableye, L50, F|100/100
|turn|7
|
|t:|1784146665
|move|p1b: Pelipper|Hurricane|p2b: Politoed
|-damage|p2b: Politoed|0 fnt
|faint|p2b: Politoed
|move|p2a: Sableye|Foul Play|p1b: Pelipper
|-damage|p1b: Pelipper|13/100
|
|-sideend|p1: s4m1_jaw3d|move: Tailwind
|upkeep
|
|t:|1784146672
|switch|p2b: Corviknight|Corviknight, L50, M|100/100
|-ability|p2b: Corviknight|Unnerve
|turn|8
|
|t:|1784146683
|move|p1b: Pelipper|Hurricane|p2a: Sableye
|-damage|p2a: Sableye|45/100
|move|p2b: Corviknight|Brave Bird|p1b: Pelipper
|-damage|p1b: Pelipper|0 fnt
|faint|p1b: Pelipper
|-damage|p2b: Corviknight|97/100|[from] Recoil
|
|win|kDreamzzz
||s4m1_jaw3d is ready for game 3.
||kDreamzzz is ready for game 3.
|uhtml|next|Next: Game 3 of 3
|l|☆s4m1_jaw3d
|player|p1|
