|j|☆MrFreeloader
|j|☆Cyllage Cyclones
|html|MrFreeloaderCyllage Cyclones    
|uhtml|bestof|Game 2 of a best-of-3
|t:|1756241685
|gametype|doubles
|player|p1|MrFreeloader|1|1057
|player|p2|Cyllage Cyclones|101|1000
|gen|9
|tier|[Gen 9] VGC 2025 Reg H (Bo3)
|rated|
|rule|Species Clause: Limit one of each Pokémon
|rule|Item Clause: Limit 1 of each item
|clearpoke
|poke|p1|Ursaluna-Bloodmoon, L50, M|
|poke|p1|Farigiraf, L50, F|
|poke|p1|Whimsicott, L50, M|
|poke|p1|Garchomp, L50, M|
|poke|p1|Flamigo, L50, F|
|poke|p1|Incineroar, L50, M|
|poke|p2|Electabuzz, L50, M|
|poke|p2|Pelipper, L50, M|
|poke|p2|Rillaboom, L50, M|
|poke|p2|Basculegion, L50, M|
|poke|p2|Kingambit, L50, M|
|poke|p2|Archaludon, L50, M|
|teampreview|4
|showteam|p1|Ursaluna-Bloodmoon||LifeOrb|MindsEye|BloodMoon,HyperVoice,EarthPower,Protect|||M|||50|,,,,,Normal]Farigiraf||SitrusBerry|ArmorTail|Psychic,HelpingHand,TrickRoom,Protect|||F|||50|,,,,,Fairy]Whimsicott||CovertCloak|Prankster|Tailwind,LightScreen,Moonblast,Encore|||M|||50|,,,,,Dark]Garchomp||ClearAmulet|RoughSkin|DragonClaw,StompingTantrum,SwordsDance,Protect|||M|||50|,,,,,Fire]Flamigo||FocusSash|Scrappy|WideGuard,CloseCombat,BraveBird,Detect|||F|||50|,,,,,Ghost]Incineroar||AssaultVest|Intimidate|FakeOut,FlareBlitz,KnockOff,Uturn|||M|||50|,,,,,Grass
|showteam|p2|Electabuzz||Eviolite|VitalSpirit|Electroweb,Protect,FollowMe,Taunt|||M|||50|,,,,,Ghost]Pelipper||FocusSash|Drizzle|WeatherBall,Hurricane,Tailwind,Protect|||M|||50|,,,,,Ghost]Rillaboom||LoadedDice|GrassySurge|BulletSeed,GrassyGlide,FakeOut,HighHorsepower|||M|||50|,,,,,Fire]Basculegion||ChoiceBand|SwiftSwim|WaveCrash,LastRespects,FlipTurn,AquaJet|||M|||50|,,,,,Grass]Kingambit||BlackGlasses|Defiant|KowtowCleave,SuckerPunch,Protect,SwordsDance|||M|||50|,,,,,Dark]Archaludon||AssaultVest|Stamina|DracoMeteor,ElectroShot,FlashCannon,BodyPress|||M|||50|,,,,,Fairy
|inactive|Battle timer is ON: inactive players will automatically lose when time's up. (requested by MrFreeloader)
|inactive|MrFreeloader has 60 seconds left.
|inactive|Cyllage Cyclones has 60 seconds left.
|
|t:|1756241744
|teamsize|p1|4
|teamsize|p2|4
|start
|switch|p1a: Whimsicott|Whimsicott, L50, M|100/100
|switch|p1b: Flamigo|Flamigo, L50, F|100/100
|switch|p2a: Rillaboom|Rillaboom, L50, M|100/100
|switch|p2b: Archaludon|Archaludon, L50, M|100/100
|-fieldstart|move: Grassy Terrain|[from] ability: Grassy Surge|[of] p2a: Rillaboom
|turn|1
|inactive|Cyllage Cyclones has 30 seconds left.
|
|t:|1756241771
|switch|p1a: Farigiraf|Farigiraf, L50, F|100/100
|-terastallize|p2a: Rillaboom|Fire
|move|p1b: Flamigo|Close Combat|p2b: Archaludon
|-supereffective|p2b: Archaludon
|-damage|p2b: Archaludon|26/100
|-unboost|p1b: Flamigo|def|1
|-unboost|p1b: Flamigo|spd|1
|-ability|p2b: Archaludon|Stamina|boost
|-boost|p2b: Archaludon|def|1
|move|p2a: Rillaboom|Bullet Seed|p2b: Archaludon
|-resisted|p2b: Archaludon
|-damage|p2b: Archaludon|24/100
|-ability|p2b: Archaludon|Stamina|boost
|-boost|p2b: Archaludon|def|1
|-resisted|p2b: Archaludon
|-damage|p2b: Archaludon|22/100
|-ability|p2b: Archaludon|Stamina|boost
|-boost|p2b: Archaludon|def|1
|-resisted|p2b: Archaludon
|-damage|p2b: Archaludon|21/100
|-ability|p2b: Archaludon|Stamina|boost
|-boost|p2b: Archaludon|def|1
|-resisted|p2b: Archaludon
|-damage|p2b: Archaludon|20/100
|-ability|p2b: Archaludon|Stamina|boost
|-boost|p2b: Archaludon|def|1
|-resisted|p2b: Archaludon
|-damage|p2b: Archaludon|20/100
|-ability|p2b: Archaludon|Stamina|boost
|-boost|p2b: Archaludon|def|1
|-hitcount|p2b: Archaludon|5
|move|p2b: Archaludon|Flash Cannon|p1a: Farigiraf
|-damage|p1a: Farigiraf|63/100
|
|-heal|p2b: Archaludon|26/100|[from] Grassy Terrain
|-heal|p1a: Farigiraf|70/100|[from] Grassy Terrain
|upkeep
|turn|2
|inactive|MrFreeloader has 30 seconds left.
|inactive|Cyllage Cyclones has 30 seconds left.
|inactive|MrFreeloader has 20 seconds left.
|inactive|Cyllage Cyclones has 20 seconds left.
|inactive|MrFreeloader has 15 seconds left.
|
|t:|1756241814
|switch|p1a: Whimsicott|Whimsicott, L50, M|100/100
|move|p1b: Flamigo|Brave Bird|p2a: Rillaboom
|-damage|p2a: Rillaboom|45/100
|-damage|p1b: Flamigo|77/100|[from] Recoil
|move|p2a: Rillaboom|Bullet Seed|p1a: Whimsicott
|-resisted|p1a: Whimsicott
|-damage|p1a: Whimsicott|88/100
|-resisted|p1a: Whimsicott
|-damage|p1a: Whimsicott|74/100
|-resisted|p1a: Whimsicott
|-damage|p1a: Whimsicott|61/100
|-resisted|p1a: Whimsicott
|-damage|p1a: Whimsicott|47/100
|-hitcount|p1a: Whimsicott|4
|move|p2b: Archaludon|Body Press|p1a: Whimsicott
|-resisted|p1a: Whimsicott
|-damage|p1a: Whimsicott|0 fnt
|faint|p1a: Whimsicott
|
|-heal|p2a: Rillaboom|51/100|[from] Grassy Terrain
|-heal|p2b: Archaludon|32/100|[from] Grassy Terrain
|upkeep
|
|t:|1756241826
|switch|p1a: Farigiraf|Farigiraf, L50, F|70/100
|turn|3
|
|t:|1756241845
|switch|p2a: Electabuzz|Electabuzz, L50, M|100/100
|move|p1a: Farigiraf|Helping Hand|p1b: Flamigo
|-singleturn|p1b: Flamigo|Helping Hand|[of] p1a: Farigiraf
|move|p1b: Flamigo|Close Combat|p2b: Archaludon
|-supereffective|p2b: Archaludon
|-damage|p2b: Archaludon|1/100
|-unboost|p1b: Flamigo|def|1
|-unboost|p1b: Flamigo|spd|1
|move|p2b: Archaludon|Body Press|p1a: Farigiraf
|-damage|p1a: Farigiraf|0 fnt
|faint|p1a: Farigiraf
|
|-heal|p2b: Archaludon|7/100|[from] Grassy Terrain
|upkeep
|
|t:|1756241857
|switch|p1a: Ursaluna|Ursaluna-Bloodmoon, L50, M|100/100
|turn|4
|
|t:|1756241880
|-terastallize|p1a: Ursaluna|Normal
|move|p2a: Electabuzz|Follow Me|p2a: Electabuzz
|-singleturn|p2a: Electabuzz|move: Follow Me
|move|p1b: Flamigo|Close Combat|p2a: Electabuzz
|-damage|p2a: Electabuzz|53/100
|-unboost|p1b: Flamigo|def|1
|-unboost|p1b: Flamigo|spd|1
|move|p2b: Archaludon|Body Press|p1a: Ursaluna
|-supereffective|p1a: Ursaluna
|-damage|p1a: Ursaluna|0 fnt
|faint|p1a: Ursaluna
|
|-heal|p2a: Electabuzz|59/100|[from] Grassy Terrain
|-heal|p2b: Archaludon|13/100|[from] Grassy Terrain
|upkeep
|turn|5
|-message|MrFreeloader forfeited.
|
|win|Cyllage Cyclones
|l|☆MrFreeloader
|player|p1|
