|j|☆pablittoo
|j|☆StarDoor01
|html|pablittooStarDoor01    
|uhtml|bestof|Game 2 of a best-of-3
|t:|1785410199
|gametype|doubles
|player|p1|pablittoo|102|1291
|player|p2|StarDoor01|2|1226
|gen|9
|tier|[Gen 9 Champions] VGC 2026 Reg M-B (Bo3)
|rated|
|rule|Species Clause: Limit one of each Pokémon
|rule|Item Clause: Limit 1 of each item
|clearpoke
|poke|p1|Floette-Eternal, L50, F|
|poke|p1|Whimsicott, L50, M|
|poke|p1|Rotom-Heat, L50|
|poke|p1|Gholdengo, L50|
|poke|p1|Sneasler, L50, M|
|poke|p1|Basculegion, L50, M|
|poke|p2|Scovillain, L50, M|
|poke|p2|Sylveon, L50, F|
|poke|p2|Kingambit, L50, F|
|poke|p2|Lycanroc-Dusk, L50, F|
|poke|p2|Basculegion, L50, M|
|poke|p2|Metagross, L50|
|teampreview|4
|showteam|p1|Floette-Eternal||Floettite|FlowerVeil|Moonblast,DazzlingGleam,LightofRuin,Protect|Modest||F|||50|]Whimsicott||FocusSash|Prankster|Encore,Moonblast,Tailwind,Protect|Timid||M|||50|]Rotom-Heat||ChoiceScarf|Levitate|Electroweb,VoltSwitch,Overheat,Thunderbolt|Timid|||||50|]Gholdengo||LifeOrb|GoodasGold|ShadowBall,PowerGem,MakeItRain,Protect|Timid|||||50|]Sneasler||WhiteHerb|Unburden|FakeOut,QuickGuard,CloseCombat,DireClaw|Jolly||M|||50|]Basculegion||MysticWater|Adaptability|WaveCrash,AquaJet,LastRespects,Protect|Adamant||M|||50|
|showteam|p2|Scovillain||Scovillainite|Moody|GigaDrain,Overheat,RagePowder,Protect|Bold||M|||50|]Sylveon||FairyFeather|Pixilate|HyperVoice,HyperBeam,QuickAttack,Detect|Modest||F|||50|]Kingambit||BlackGlasses|Defiant|KowtowCleave,SuckerPunch,SwordsDance,Protect|Adamant||F|||50|]Lycanroc-Dusk||FocusSash|ToughClaws|CloseCombat,Accelerock,RockSlide,Protect|Adamant||F|||50|]Basculegion||SitrusBerry|Adaptability|WaveCrash,LastRespects,AquaJet,Protect|Adamant||M|||50|]Metagross||Metagrossite|ClearBody|PsychicFangs,IcePunch,IronHead,Protect|Jolly|||||50|
|inactive|Battle timer is ON: inactive players will automatically lose when time's up. (requested by StarDoor01)
|inactive|pablittoo has 60 seconds left.
|inactive|StarDoor01 has 60 seconds left.
|
|t:|1785410297
|teamsize|p1|4
|teamsize|p2|4
|start
|switch|p1a: Sneasler|Sneasler, L50, M|100/100
|switch|p1b: Gholdengo|Gholdengo, L50|100/100
|switch|p2a: Scovillain|Scovillain, L50, M|100/100
|switch|p2b: Metagross|Metagross, L50|100/100
|turn|1
|inactive|StarDoor01 has 30 seconds left.
|
|t:|1785410323
|switch|p1a: Whimsicott|Whimsicott, L50, M|100/100
|move|p2b: Metagross|Protect|p2b: Metagross
|-singleturn|p2b: Metagross|Protect
|move|p2a: Scovillain|Protect|p2a: Scovillain
|-singleturn|p2a: Scovillain|Protect
|move|p1b: Gholdengo|Power Gem|p2a: Scovillain
|-activate|p2a: Scovillain|move: Protect
|
|-ability|p2a: Scovillain|Moody|boost
|-boost|p2a: Scovillain|def|2
|-unboost|p2a: Scovillain|spe|1
|upkeep
|turn|2
|inactive|StarDoor01 has 30 seconds left.
|inactive|StarDoor01 has 20 seconds left.
|inactive|StarDoor01 has 15 seconds left.
|inactive|StarDoor01 has 10 seconds left.
|
|t:|1785410371
|switch|p2b: Kingambit|Kingambit, L50, F|100/100
|detailschange|p2a: Scovillain|Scovillain-Mega, L50, M
|-mega|p2a: Scovillain|Scovillain|Scovillainite
|move|p1a: Whimsicott|Encore|p2b: Kingambit
|-hint|Since gen 7, Dark is immune to Prankster moves.
|-immune|p2b: Kingambit
|move|p1b: Gholdengo|Power Gem|p2a: Scovillain
|-supereffective|p2a: Scovillain|1
|-damage|p2a: Scovillain|30/100
|-status|p1b: Gholdengo|brn|[from] ability: Spicy Spray|[of] p2a: Scovillain
|-damage|p1b: Gholdengo|90/100 brn|[from] item: Life Orb
|move|p2a: Scovillain|Overheat|p1b: Gholdengo
|-supereffective|p1b: Gholdengo|1
|-damage|p1b: Gholdengo|0 fnt
|-unboost|p2a: Scovillain|spa|2
|faint|p1b: Gholdengo
|
|upkeep
|
|t:|1785410392
|switch|p1b: Floette|Floette-Eternal, L50, F|100/100
|turn|3
|inactive|StarDoor01 has 30 seconds left.
|inactive|StarDoor01 has 20 seconds left.
|inactive|StarDoor01 has 15 seconds left.
|inactive|StarDoor01 has 10 seconds left.
|
|t:|1785410439
|detailschange|p1b: Floette|Floette-Mega, L50, F
|-mega|p1b: Floette|Floette|Floettite
|-ability|p1b: Floette|Fairy Aura
|move|p2b: Kingambit|Protect|p2b: Kingambit
|-singleturn|p2b: Kingambit|Protect
|move|p1a: Whimsicott|Moonblast|p2b: Kingambit
|-activate|p2b: Kingambit|move: Protect
|move|p1b: Floette|Dazzling Gleam|p2b: Kingambit|[spread] p2a
|-activate|p2b: Kingambit|move: Protect
|-resisted|p2a: Scovillain|1
|-damage|p2a: Scovillain|2/100
|-status|p1b: Floette|brn|[from] ability: Spicy Spray|[of] p2a: Scovillain
|move|p2a: Scovillain|Giga Drain|p1b: Floette
|-damage|p1b: Floette|83/100 brn
|-heal|p2a: Scovillain|10/100|[from] drain|[of] p1b: Floette
|
|-damage|p1b: Floette|77/100 brn|[from] brn
|upkeep
|turn|4
|inactive|StarDoor01 has 30 seconds left.
|inactive|StarDoor01 has 20 seconds left.
|
|t:|1785410479
|switch|p2b: Metagross|Metagross, L50|100/100
|move|p2a: Scovillain|Rage Powder|p2a: Scovillain
|-singleturn|p2a: Scovillain|move: Rage Powder
|move|p1a: Whimsicott|Moonblast|p2b: Metagross
|-resisted|p2b: Metagross|1
|-damage|p2b: Metagross|71/100
|move|p1b: Floette|Dazzling Gleam|p2a: Scovillain|[spread] p2a,p2b
|-resisted|p2a: Scovillain|1
|-resisted|p2b: Metagross|1
|-damage|p2a: Scovillain|0 fnt
|-damage|p2b: Metagross|41/100
|faint|p2a: Scovillain
|
|-damage|p1b: Floette|71/100 brn|[from] brn
|upkeep
|
|t:|1785410499
|switch|p2a: Basculegion|Basculegion, L50, M|100/100
|turn|5
|inactive|pablittoo has 30 seconds left.
|inactive|pablittoo has 20 seconds left.
|inactive|pablittoo has 15 seconds left.
|
|t:|1785410543
|move|p1a: Whimsicott|Tailwind|p1a: Whimsicott
|-sidestart|p1: pablittoo|move: Tailwind
|move|p1b: Floette|Light of Ruin|p2a: Basculegion
|-damage|p2a: Basculegion|0 fnt
|faint|p2a: Basculegion
|-damage|p1b: Floette|4/100 brn|[from] Recoil
|move|p2b: Metagross|Iron Head|p1b: Floette
|-supereffective|p1b: Floette|1
|-damage|p1b: Floette|0 fnt
|faint|p1b: Floette
|
|upkeep
|
|t:|1785410553
|switch|p1b: Sneasler|Sneasler, L50, M|100/100
|switch|p2a: Kingambit|Kingambit, L50, F|100/100
|turn|6
|inactive|pablittoo has 30 seconds left.
|
|t:|1785410583
|move|p2b: Metagross|Protect|p2b: Metagross
|-singleturn|p2b: Metagross|Protect
|move|p2a: Kingambit|Protect|p2a: Kingambit
|-singleturn|p2a: Kingambit|Protect
|move|p1b: Sneasler|Fake Out|p2b: Metagross
|-activate|p2b: Metagross|move: Protect
|move|p1a: Whimsicott|Encore|p2b: Metagross
|-activate|p2b: Metagross|move: Protect
|
|upkeep
|turn|7
|inactive|StarDoor01 has 30 seconds left.
|inactive|StarDoor01 has 20 seconds left.
|
|t:|1785410619
|move|p1a: Whimsicott|Encore|p2b: Metagross
|-start|p2b: Metagross|Encore
|move|p2b: Metagross|Protect||[still]
|-fail|p2b: Metagross
|move|p1b: Sneasler|Close Combat|p2a: Kingambit
|-supereffective|p2a: Kingambit|2
|-damage|p2a: Kingambit|0 fnt
|-unboost|p1b: Sneasler|def|1
|-unboost|p1b: Sneasler|spd|1
|faint|p2a: Kingambit
|-enditem|p1b: Sneasler|White Herb
|-clearnegativeboost|p1b: Sneasler|[silent]
|
|upkeep
|turn|8
|
|t:|1785410632
|move|p2b: Metagross|Protect|p2b: Metagross
|-singleturn|p2b: Metagross|Protect
|move|p1b: Sneasler|Quick Guard|p1b: Sneasler
|-singleturn|p1b: Sneasler|Quick Guard
|move|p1a: Whimsicott|Moonblast|p2b: Metagross
|-activate|p2b: Metagross|move: Protect
|
|-sideend|p1: pablittoo|move: Tailwind
|upkeep
|turn|9
|
|t:|1785410640
|move|p2b: Metagross|Protect|p2b: Metagross
|-singleturn|p2b: Metagross|Protect
|move|p1b: Sneasler|Quick Guard|p1b: Sneasler
|-singleturn|p1b: Sneasler|Quick Guard
|move|p1a: Whimsicott|Moonblast|p2b: Metagross
|-activate|p2b: Metagross|move: Protect
|
|-end|p2b: Metagross|Encore
|upkeep
|turn|10
|
|t:|1785410646
|move|p1a: Whimsicott|Encore|p2b: Metagross
|-start|p2b: Metagross|Encore
|move|p2b: Metagross|Protect|p2b: Metagross
|-singleturn|p2b: Metagross|Protect
|move|p1b: Sneasler|Dire Claw|p2b: Metagross
|-activate|p2b: Metagross|move: Protect
|
|upkeep
|turn|11
|
|t:|1785410650
|move|p2b: Metagross|Protect||[still]
|-fail|p2b: Metagross
|move|p1b: Sneasler|Quick Guard|p1b: Sneasler
|-singleturn|p1b: Sneasler|Quick Guard
|move|p1a: Whimsicott|Moonblast|p2b: Metagross
|-resisted|p2b: Metagross|1
|-damage|p2b: Metagross|18/100
|
|upkeep
|turn|12
|
|t:|1785410663
|move|p2b: Metagross|Protect|p2b: Metagross
|-singleturn|p2b: Metagross|Protect
|move|p1a: Whimsicott|Tailwind|p1a: Whimsicott
|-sidestart|p1: pablittoo|move: Tailwind
|move|p1b: Sneasler|Dire Claw|p2b: Metagross
|-activate|p2b: Metagross|move: Protect
|
|-end|p2b: Metagross|Encore
|upkeep
|turn|13
|
|t:|1785410670
|move|p1a: Whimsicott|Protect|p1a: Whimsicott
|-singleturn|p1a: Whimsicott|Protect
|move|p1b: Sneasler|Close Combat|p2b: Metagross
|-damage|p2b: Metagross|0 fnt
|-unboost|p1b: Sneasler|def|1
|-unboost|p1b: Sneasler|spd|1
|faint|p2b: Metagross
|
|win|pablittoo
|raw|pablittoo's rating: 1291 → 1311(+20 for winning)
|raw|StarDoor01's rating: 1226 → 1206(-20 for losing)
