|j|☆kotamager34
|j|☆pinba2
|html|kotamager34pinba2    
|uhtml|bestof|Game 3 of a best-of-3
|t:|1756915249
|gametype|doubles
|player|p1|kotamager34|grimsley|1079
|player|p2|pinba2|nate|1000
|gen|9
|tier|[Gen 9] VGC 2025 Reg H (Bo3)
|rated|
|rule|Species Clause: Limit one of each Pokémon
|rule|Item Clause: Limit 1 of each item
|clearpoke
|poke|p1|Dragonite, L50, M|
|poke|p1|Volcarona, L50, F|
|poke|p1|Gholdengo, L50|
|poke|p1|Ninetales-Alola, L50, M|
|poke|p1|Garchomp, L50, M|
|poke|p1|Rillaboom, L50, M|
|poke|p2|Annihilape, L50, M|
|poke|p2|Garchomp, L50, M|
|poke|p2|Incineroar, L50, M|
|poke|p2|Whimsicott, L50, F|
|poke|p2|Rillaboom, L50, M|
|poke|p2|Palafin, L50, F|
|teampreview|4
|showteam|p1|Dragonite||LoadedDice|Multiscale|ScaleShot,Tailwind,Haze,Protect|||M|||50|,,,,,Fairy]Volcarona||CovertCloak|FlameBody|QuiverDance,TeraBlast,HeatWave,RagePowder|||F|||50|,,,,,Fairy]Gholdengo||ChoiceScarf|GoodasGold|MakeItRain,ShadowBall,Trick,Protect||||||50|,,,,,Steel]Ninetales-Alola||FocusSash|SnowWarning|FreezeDry,IcyWind,DazzlingGleam,Protect|||M|||50|,,,,,Ghost]Garchomp||LifeOrb|RoughSkin|DragonClaw,Earthquake,StompingTantrum,Protect|||M|||50|,,,,,Steel]Rillaboom||AssaultVest|GrassySurge|FakeOut,GrassyGlide,WoodHammer,HighHorsepower|||M|||50|,,,,,Grass
|showteam|p2|Annihilape||ChoiceScarf|Defiant|IcePunch,PoisonJab,RageFist,CloseCombat|||M|||50|,,,,,Dark]Garchomp||LifeOrb|RoughSkin|ScaleShot,RockSlide,Earthquake,Protect|||M|||50|,,,,,Fairy]Incineroar||CovertCloak|Intimidate|FlareBlitz,PartingShot,KnockOff,FakeOut|||M|||50|,,,,,Bug]Whimsicott||FocusSash|Prankster|Endeavor,Tailwind,DazzlingGleam,TrickRoom|||F|||50|,,,,,Dark]Rillaboom||MiracleSeed|GrassySurge|FakeOut,GrassyGlide,WoodHammer,Taunt|||M|||50|,,,,,Fire]Palafin||MysticWater|ZerotoHero|CloseCombat,WaveCrash,Encore,Mist|||F|||50|,,,,,Water
|inactive|Battle timer is ON: inactive players will automatically lose when time's up. (requested by kotamager34)
|inactive|pinba2 has 60 seconds left.
|inactive|pinba2 has 30 seconds left.
|
|t:|1756915317
|teamsize|p1|4
|teamsize|p2|4
|start
|switch|p1a: Volcarona|Volcarona, L50, F|100/100
|switch|p1b: Rillaboom|Rillaboom, L50, M|100/100
|switch|p2a: Whimsicott|Whimsicott, L50, F|100/100
|switch|p2b: Incineroar|Incineroar, L50, M|100/100
|-fieldstart|move: Grassy Terrain|[from] ability: Grassy Surge|[of] p1b: Rillaboom
|-ability|p2b: Incineroar|Intimidate|boost
|-unboost|p1a: Volcarona|atk|1
|-unboost|p1b: Rillaboom|atk|1
|turn|1
|inactive|pinba2 has 30 seconds left.
|inactive|pinba2 has 20 seconds left.
|inactive|pinba2 has 15 seconds left.
|
|t:|1756915362
|move|p1b: Rillaboom|Fake Out|p2a: Whimsicott
|-damage|p2a: Whimsicott|86/100
|cant|p2a: Whimsicott|flinch
|move|p1a: Volcarona|Heat Wave|p2a: Whimsicott|[spread] p2b
|-miss|p1a: Volcarona|p2a: Whimsicott
|-resisted|p2b: Incineroar
|-damage|p2b: Incineroar|82/100
|move|p2b: Incineroar|Flare Blitz|p1b: Rillaboom
|-supereffective|p1b: Rillaboom
|-damage|p1b: Rillaboom|0 fnt
|faint|p1b: Rillaboom
|-damage|p2b: Incineroar|49/100|[from] Recoil
|
|-heal|p2a: Whimsicott|92/100|[from] Grassy Terrain
|-heal|p2b: Incineroar|54/100|[from] Grassy Terrain
|upkeep
|inactive|kotamager34 has 30 seconds left.
|c|☆kotamager34|WHAT HAPPENS WITH THIS GAME
|inactive|kotamager34 has 20 seconds left.
|inactive|kotamager34 has 15 seconds left.
|c|☆kotamager34|What is wrong with it?
|inactive|kotamager34 has 10 seconds left.
|inactive|kotamager34 has 5 seconds left.
|
|t:|1756915412
|switch|p1b: Garchomp|Garchomp, L50, M|100/100
|turn|2
|inactive|pinba2 has 30 seconds left.
|
|t:|1756915445
|-terastallize|p2b: Incineroar|Bug
|move|p2a: Whimsicott|Tailwind|p2a: Whimsicott
|-sidestart|p2: pinba2|move: Tailwind
|move|p2b: Incineroar|Flare Blitz|p1a: Volcarona
|-damage|p1a: Volcarona|27/100
|-status|p2b: Incineroar|brn|[from] ability: Flame Body|[of] p1a: Volcarona
|-damage|p2b: Incineroar|33/100 brn|[from] Recoil
|move|p1a: Volcarona|Heat Wave|p2a: Whimsicott|[spread] p2a,p2b
|-supereffective|p2a: Whimsicott
|-supereffective|p2b: Incineroar
|-damage|p2a: Whimsicott|0 fnt
|-damage|p2b: Incineroar|0 fnt
|faint|p2a: Whimsicott
|faint|p2b: Incineroar
|move|p1b: Garchomp|Stomping Tantrum|p2: Whimsicott|[notarget]
|-fail|p1b: Garchomp
|
|-heal|p1a: Volcarona|33/100|[from] Grassy Terrain
|upkeep
|c|☆kotamager34|THANKS
|
|t:|1756915466
|switch|p2a: Garchomp|Garchomp, L50, M|100/100
|switch|p2b: Annihilape|Annihilape, L50, M|100/100
|turn|3
|
|t:|1756915490
|move|p1a: Volcarona|Rage Powder|p1a: Volcarona
|-singleturn|p1a: Volcarona|move: Rage Powder
|move|p2b: Annihilape|Rage Fist|p1a: Volcarona
|-damage|p1a: Volcarona|0 fnt
|faint|p1a: Volcarona
|move|p2a: Garchomp|Scale Shot|p1b: Garchomp
|-supereffective|p1b: Garchomp
|-damage|p1b: Garchomp|70/100
|-supereffective|p1b: Garchomp
|-damage|p1b: Garchomp|39/100
|-supereffective|p1b: Garchomp
|-damage|p1b: Garchomp|9/100
|-supereffective|p1b: Garchomp
|-damage|p1b: Garchomp|0 fnt
|faint|p1b: Garchomp
|-hitcount|p1: Garchomp|4
|-unboost|p2a: Garchomp|def|1
|-boost|p2a: Garchomp|spe|1
|-damage|p2a: Garchomp|91/100|[from] item: Life Orb
|
|-heal|p2a: Garchomp|97/100|[from] Grassy Terrain
|upkeep
|
|t:|1756915503
|switch|p1b: Dragonite|Dragonite, L50, M|100/100
|turn|4
|
|t:|1756915524
|-terastallize|p1b: Dragonite|Fairy
|move|p2a: Garchomp|Protect|p2a: Garchomp
|-singleturn|p2a: Garchomp|Protect
|move|p2b: Annihilape|Rage Fist|p1b: Dragonite
|-damage|p1b: Dragonite|86/100
|move|p1b: Dragonite|Scale Shot|p2a: Garchomp
|-activate|p2a: Garchomp|move: Protect
|
|-heal|p2a: Garchomp|100/100|[from] Grassy Terrain
|-heal|p1b: Dragonite|92/100|[from] Grassy Terrain
|upkeep
|turn|5
|
|t:|1756915541
|move|p2a: Garchomp|Rock Slide|p1b: Dragonite
|-damage|p1b: Dragonite|53/100
|-damage|p2a: Garchomp|91/100|[from] item: Life Orb
|move|p2b: Annihilape|Rage Fist|p1b: Dragonite
|-damage|p1b: Dragonite|20/100
|move|p1b: Dragonite|Scale Shot|p2a: Garchomp|[miss]
|-miss|p1b: Dragonite|p2a: Garchomp
|
|-heal|p2a: Garchomp|97/100|[from] Grassy Terrain
|-heal|p1b: Dragonite|26/100|[from] Grassy Terrain
|-sideend|p2: pinba2|move: Tailwind
|-fieldend|move: Grassy Terrain
|upkeep
|turn|6
|-message|kotamager34 forfeited.
|
|win|pinba2
|raw|kotamager34's rating: 1079 → 1052(-27 for losing)
|raw|pinba2's rating: 1000 → 1049(+49 for winning)
|l|☆kotamager34
|player|p1|
