|j|☆jd8erh
|j|☆meikh_neiht
|html|jd8erhmeikh_neiht    
|uhtml|bestof|Game 3 of a best-of-3
|t:|1783339561
|gametype|doubles
|player|p1|jd8erh|170|1150
|player|p2|meikh_neiht|lucas|1291
|gen|9
|tier|[Gen 9 Champions] VGC 2026 Reg M-B (Bo3)
|rated|
|rule|Species Clause: Limit one of each Pokémon
|rule|Item Clause: Limit 1 of each item
|clearpoke
|poke|p1|Sableye, L50, M|
|poke|p1|Swampert, L50, M|
|poke|p1|Pelipper, L50, F|
|poke|p1|Maushold-Four, L50|
|poke|p1|Archaludon, L50, M|
|poke|p1|Meganium, L50, M|
|poke|p2|Staraptor, L50, F|
|poke|p2|Sinistcha, L50|
|poke|p2|Maushold, L50|
|poke|p2|Kingambit, L50, F|
|poke|p2|Sneasler, L50, F|
|poke|p2|Delphox, L50, M|
|teampreview|4
|showteam|p1|Sableye||LightClay|Prankster|Reflect,LightScreen,RainDance,Encore|Bold||M|||50|]Swampert||Swampertite|Torrent|WaveCrash,HighHorsepower,IcePunch,Protect|Adamant||M|||50|]Pelipper||SitrusBerry|Drizzle|WeatherBall,Hurricane,WideGuard,Tailwind|Timid||F|||50|]Maushold-Four||WideLens|Technician|FollowMe,PopulationBomb,Taunt,Protect|Jolly|||||50|]Archaludon||Leftovers|Stamina|ElectroShot,DracoMeteor,FlashCannon,Protect|Modest||M|||50|]Meganium||Meganiumite|LeafGuard|SolarBeam,WeatherBall,DazzlingGleam,Protect|Modest||M|||50|
|showteam|p2|Staraptor||Staraptite|Intimidate|CloseCombat,BraveBird,Roost,Protect|Adamant||F|||50|]Sinistcha||SitrusBerry|Hospitality|RagePowder,MatchaGotcha,Protect,LifeDew|Calm|||||50|]Maushold||LumBerry|FriendGuard|Encore,Charm,FollowMe,Protect|Timid|||||50|]Kingambit||BlackGlasses|Defiant|KowtowCleave,SuckerPunch,SwordsDance,Protect|Adamant||F|||50|]Sneasler||WhiteHerb|Unburden|CloseCombat,DireClaw,FakeOut,Protect|Jolly||F|||50|]Delphox||Delphoxite|Blaze|HeatWave,Psyshock,NastyPlot,Protect|Timid||M|||50|
|inactive|Battle timer is ON: inactive players will automatically lose when time's up. (requested by jd8erh)
|c|☆jd8erh|I think it also was a roll with reflect last cc
|c|☆meikh_neiht|no that one wasnt
|c|☆meikh_neiht|this one is EVed to 2hko no bulk peli past screens
|inactive|jd8erh has 60 seconds left.
|inactive|meikh_neiht has 60 seconds left.
|c|☆meikh_neiht|unless ur peli was hella bulky i dont think so
|
|t:|1783339609
|teamsize|p1|4
|teamsize|p2|4
|start
|switch|p1a: Swampert|Swampert, L50, M|100/100
|switch|p1b: Pelipper|Pelipper, L50, F|100/100
|switch|p2a: Staraptor|Staraptor, L50, F|100/100
|switch|p2b: Maushold|Maushold, L50|100/100
|-ability|p2a: Staraptor|Intimidate|boost
|-unboost|p1a: Swampert|atk|1
|-unboost|p1b: Pelipper|atk|1
|-weather|RainDance|[from] ability: Drizzle|[of] p1b: Pelipper
|turn|1
|
|t:|1783339620
|detailschange|p2a: Staraptor|Staraptor-Mega, L50, F
|-mega|p2a: Staraptor|Staraptor|Staraptite
|detailschange|p1a: Swampert|Swampert-Mega, L50, M
|-mega|p1a: Swampert|Swampert|Swampertite
|move|p1a: Swampert|Wave Crash|p2a: Staraptor
|-damage|p2a: Staraptor|49/100
|-damage|p1a: Swampert|84/100|[from] Recoil
|move|p2b: Maushold|Charm|p2a: Staraptor
|-boost|p2a: Staraptor|atk|2
|move|p2a: Staraptor|Close Combat|p1a: Swampert
|-damage|p1a: Swampert|0 fnt
|-boost|p2a: Staraptor|def|1
|-boost|p2a: Staraptor|spd|1
|faint|p1a: Swampert
|move|p1b: Pelipper|Tailwind|p1b: Pelipper
|-sidestart|p1: jd8erh|move: Tailwind
|
|-weather|RainDance|[upkeep]
|upkeep
|c|☆meikh_neiht|god i love this stupid birb
|
|t:|1783339641
|switch|p1a: Maushold|Maushold-Four, L50|100/100
|turn|2
|inactive|meikh_neiht has 30 seconds left.
|
|t:|1783339673
|move|p2b: Maushold|Follow Me|p2b: Maushold
|-singleturn|p2b: Maushold|move: Follow Me
|move|p1a: Maushold|Population Bomb|p2b: Maushold
|-crit|p2b: Maushold
|-damage|p2b: Maushold|79/100
|-damage|p2b: Maushold|66/100
|-damage|p2b: Maushold|53/100
|-damage|p2b: Maushold|40/100
|-damage|p2b: Maushold|26/100
|-damage|p2b: Maushold|13/100
|-hitcount|p2b: Maushold|6
|move|p1b: Pelipper|Hurricane|p2b: Maushold
|-damage|p2b: Maushold|0 fnt
|faint|p2b: Maushold
|move|p2a: Staraptor|Roost|p2a: Staraptor
|-heal|p2a: Staraptor|100/100
|-singleturn|p2a: Staraptor|move: Roost
|
|-weather|RainDance|[upkeep]
|upkeep
|c|☆jd8erh|Its surely strong
|
|t:|1783339686
|switch|p2b: Kingambit|Kingambit, L50, F|100/100
|turn|3
|
|t:|1783339701
|move|p2a: Staraptor|Protect|p2a: Staraptor
|-singleturn|p2a: Staraptor|Protect
|move|p1a: Maushold|Population Bomb|p2a: Staraptor
|-activate|p2a: Staraptor|move: Protect
|move|p1b: Pelipper|Hurricane|p2a: Staraptor
|-activate|p2a: Staraptor|move: Protect
|move|p2b: Kingambit|Kowtow Cleave|p1b: Pelipper
|-damage|p1b: Pelipper|40/100
|-enditem|p1b: Pelipper|Sitrus Berry|[eat]
|-heal|p1b: Pelipper|64/100|[from] item: Sitrus Berry
|
|-weather|RainDance|[upkeep]
|upkeep
|turn|4
|
|t:|1783339725
|move|p1a: Maushold|Population Bomb|p2a: Staraptor
|-damage|p2a: Staraptor|91/100
|-damage|p2a: Staraptor|84/100
|-damage|p2a: Staraptor|76/100
|-damage|p2a: Staraptor|67/100
|-damage|p2a: Staraptor|59/100
|-damage|p2a: Staraptor|51/100
|-damage|p2a: Staraptor|44/100
|-damage|p2a: Staraptor|35/100
|-damage|p2a: Staraptor|27/100
|-damage|p2a: Staraptor|18/100
|-hitcount|p2a: Staraptor|10
|move|p1b: Pelipper|Hurricane|p2a: Staraptor
|-supereffective|p2a: Staraptor|1
|-damage|p2a: Staraptor|0 fnt
|faint|p2a: Staraptor
|move|p2b: Kingambit|Swords Dance|p2b: Kingambit
|-boost|p2b: Kingambit|atk|2
|
|-weather|RainDance|[upkeep]
|-sideend|p1: jd8erh|move: Tailwind
|upkeep
|
|t:|1783339729
|switch|p2a: Sinistcha|Sinistcha, L50|100/100
|turn|5
|
|t:|1783339749
|move|p1a: Maushold|Follow Me|p1a: Maushold
|-singleturn|p1a: Maushold|move: Follow Me
|move|p2a: Sinistcha|Rage Powder|p2a: Sinistcha
|-singleturn|p2a: Sinistcha|move: Rage Powder
|move|p1b: Pelipper|Weather Ball|p2a: Sinistcha
|-resisted|p2a: Sinistcha|1
|-damage|p2a: Sinistcha|76/100
|move|p2b: Kingambit|Kowtow Cleave|p1a: Maushold
|-damage|p1a: Maushold|0 fnt
|faint|p1a: Maushold
|
|-weather|none
|upkeep
|
|t:|1783339754
|switch|p1a: Sableye|Sableye, L50, M|100/100
|turn|6
|
|t:|1783339764
|move|p1a: Sableye|Rain Dance|p1a: Sableye
|-weather|RainDance
|move|p1b: Pelipper|Hurricane|p2a: Sinistcha
|-supereffective|p2a: Sinistcha|1
|-damage|p2a: Sinistcha|2/100
|-enditem|p2a: Sinistcha|Sitrus Berry|[eat]
|-heal|p2a: Sinistcha|27/100|[from] item: Sitrus Berry
|move|p2a: Sinistcha|Life Dew||[still]|[spread] p2a,p2b
|-heal|p2a: Sinistcha|52/100
|-fail|p2b: Kingambit|heal
|move|p2b: Kingambit|Kowtow Cleave|p1b: Pelipper
|-damage|p1b: Pelipper|0 fnt
|faint|p1b: Pelipper
|
|-weather|RainDance|[upkeep]
|upkeep
|turn|7
|c|☆jd8erh|Ggs
|c|☆meikh_neiht|ggs
|-message|jd8erh forfeited.
|
|win|meikh_neiht
|raw|jd8erh's rating: 1150 → 1135(-15 for losing)
|raw|meikh_neiht's rating: 1291 → 1306(+15 for winning)
|c|☆meikh_neiht|it feels so nice
|c|☆meikh_neiht|like my entire team was js EVed to be able to play into rain
|l|☆jd8erh
|player|p1|
|c|☆meikh_neiht|you didnt test a lot of the lines but for example maus lives the -1 wave crash in rain
