|j|☆Speedt1er
|j|☆CaratroncoSun
|html|Speedt1erCaratroncoSun    
|uhtml|bestof|Game 1 of a best-of-3
|t:|1782462292
|gametype|doubles
|player|p1|Speedt1er|169|1216
|player|p2|CaratroncoSun|juan|1214
|gen|9
|tier|[Gen 9 Champions] VGC 2026 Reg M-B (Bo3)
|rated|
|rule|Species Clause: Limit one of each Pokémon
|rule|Item Clause: Limit 1 of each item
|clearpoke
|poke|p1|Whimsicott, L50, F|
|poke|p1|Charizard, L50, M, shiny|
|poke|p1|Kingambit, L50, F|
|poke|p1|Floette-Eternal, L50, F|
|poke|p1|Garchomp, L50, M|
|poke|p1|Basculegion, L50, M|
|poke|p2|Overqwil, L50, M, shiny|
|poke|p2|Swampert, L50, F|
|poke|p2|Pelipper, L50, M|
|poke|p2|Metagross, L50, shiny|
|poke|p2|Sneasler, L50, M|
|poke|p2|Sinistcha-Masterpiece, L50|
|teampreview|4
|showteam|p1|Whimsicott||FocusSash|Prankster|Protect,Tailwind,Encore,Moonblast|Timid||F|||50|]Charizard||CharizarditeY|SolarPower|SolarBeam,HeatWave,Protect,WeatherBall|Timid||M|||50|]Kingambit||ChopleBerry|Defiant|Protect,SuckerPunch,KowtowCleave,IronHead|Adamant||F|||50|]Floette-Eternal||Floettite|FlowerVeil|LightofRuin,Moonblast,DazzlingGleam,Protect|Modest||F|||50|]Garchomp||LifeOrb|RoughSkin|RockSlide,Protect,DragonClaw,StompingTantrum|Jolly||M|||50|]Basculegion||ChoiceScarf|Adaptability|AquaJet,LastRespects,WaveCrash,FlipTurn|Jolly||M|||50|
|showteam|p2|Overqwil||LifeOrb|SwiftSwim|Protect,PoisonJab,ThroatChop,Liquidation|Adamant||M|||50|]Swampert||Swampertite|Damp|Protect,WaveCrash,HighHorsepower,IcePunch|Adamant||F|||50|]Pelipper||FocusSash|Drizzle|RainDance,Tailwind,Hurricane,WeatherBall|Modest||M|||50|]Metagross||Metagrossite|ClearBody|Protect,PsychicFangs,IronHead,IcePunch|Jolly|||||50|]Sneasler||WhiteHerb|Unburden|Coaching,FakeOut,DireClaw,CloseCombat|Jolly||M|||50|]Sinistcha-Masterpiece||SitrusBerry|Hospitality|MatchaGotcha,TrickRoom,LifeDew,RagePowder|Bold|||||50|
|inactive|Battle timer is ON: inactive players will automatically lose when time's up. (requested by Speedt1er)
|j| icarus543
|
|t:|1782462321
|teamsize|p1|4
|teamsize|p2|4
|start
|switch|p1a: Whimsicott|Whimsicott, L50, F|100/100
|switch|p1b: Charizard|Charizard, L50, M, shiny|100/100
|switch|p2a: Sneasler|Sneasler, L50, M|100/100
|switch|p2b: Metagross|Metagross, L50, shiny|100/100
|turn|1
|
|t:|1782462346
|detailschange|p1b: Charizard|Charizard-Mega-Y, L50, M, shiny
|-mega|p1b: Charizard|Charizard|Charizardite Y
|-weather|SunnyDay|[from] ability: Drought|[of] p1b: Charizard
|detailschange|p2b: Metagross|Metagross-Mega, L50, shiny
|-mega|p2b: Metagross|Metagross|Metagrossite
|move|p2a: Sneasler|Fake Out|p1a: Whimsicott
|-damage|p1a: Whimsicott|78/100
|cant|p1a: Whimsicott|flinch
|move|p2b: Metagross|Psychic Fangs|p1b: Charizard
|-damage|p1b: Charizard|18/100
|move|p1b: Charizard|Heat Wave|p2b: Metagross|[spread] p2a,p2b
|-supereffective|p2b: Metagross|1
|-damage|p2a: Sneasler|26/100
|-damage|p2b: Metagross|0 fnt
|faint|p2b: Metagross
|
|-weather|SunnyDay|[upkeep]
|upkeep
|
|t:|1782462361
|switch|p2b: Pelipper|Pelipper, L50, M|100/100
|-weather|RainDance|[from] ability: Drizzle|[of] p2b: Pelipper
|turn|2
|
|t:|1782462377
|move|p1a: Whimsicott|Tailwind|p1a: Whimsicott
|-sidestart|p1: Speedt1er|move: Tailwind
|move|p1b: Charizard|Weather Ball|p2a: Sneasler
|-damage|p2a: Sneasler|0 fnt
|faint|p2a: Sneasler
|move|p2b: Pelipper|Tailwind|p2b: Pelipper
|-sidestart|p2: CaratroncoSun|move: Tailwind
|
|-weather|RainDance|[upkeep]
|upkeep
|
|t:|1782462385
|switch|p2a: Overqwil|Overqwil, L50, M, shiny|100/100
|turn|3
|
|t:|1782462405
|switch|p1b: Garchomp|Garchomp, L50, M|100/100
|move|p1a: Whimsicott|Encore|p2b: Pelipper
|-start|p2b: Pelipper|Encore
|move|p2a: Overqwil|Throat Chop|p1b: Garchomp
|-damage|p1b: Garchomp|42/100
|-start|p1b: Garchomp|Throat Chop|[silent]
|-damage|p2a: Overqwil|87/100|[from] ability: Rough Skin|[of] p1b: Garchomp
|-damage|p2a: Overqwil|77/100|[from] item: Life Orb
|move|p2b: Pelipper|Tailwind||[still]
|-fail|p2b: Pelipper
|
|-weather|RainDance|[upkeep]
|upkeep
|turn|4
|
|t:|1782462422
|move|p2a: Overqwil|Poison Jab|p1b: Garchomp
|-resisted|p1b: Garchomp|1
|-damage|p1b: Garchomp|16/100
|-damage|p2a: Overqwil|65/100|[from] ability: Rough Skin|[of] p1b: Garchomp
|-damage|p2a: Overqwil|55/100|[from] item: Life Orb
|move|p1a: Whimsicott|Moonblast|p2b: Pelipper
|-damage|p2b: Pelipper|36/100
|move|p1b: Garchomp|Dragon Claw|p2b: Pelipper
|-damage|p2b: Pelipper|0 fnt
|faint|p2b: Pelipper
|-damage|p1b: Garchomp|6/100|[from] item: Life Orb
|
|-weather|RainDance|[upkeep]
|-end|p1b: Garchomp|Throat Chop|[silent]
|upkeep
|turn|5
|-message|CaratroncoSun forfeited.
|
|win|Speedt1er
