|j|☆Genesis77
|j|☆FireTornado2023
|html|Genesis77FireTornado2023    
|uhtml|bestof|Game 2 of a best-of-3
|t:|1785027830
|gametype|doubles
|player|p1|Genesis77|blaine|
|player|p2|FireTornado2023|2|
|gen|9
|tier|[Gen 9 Champions] VGC 2026 Reg M-B (Bo3)
|rule|Species Clause: Limit one of each Pokémon
|rule|Item Clause: Limit 1 of each item
|clearpoke
|poke|p1|Charizard, L50, F|
|poke|p1|Garchomp, L50, M|
|poke|p1|Toxapex, L50, M|
|poke|p1|Incineroar, L50, M|
|poke|p1|Farigiraf, L50, M|
|poke|p1|Hydreigon, L50, F|
|poke|p2|Tyranitar, L50, F|
|poke|p2|Excadrill, L50, F|
|poke|p2|Rotom-Wash, L50|
|poke|p2|Sinistcha, L50|
|poke|p2|Staraptor, L50, F|
|poke|p2|Gholdengo, L50|
|teampreview|4
|showteam|p1|Charizard||CharizarditeY|Blaze|HeatWave,WeatherBall,SolarBeam,Protect|Timid||F|||50|]Garchomp||ChoiceScarf|RoughSkin|DragonClaw,StompingTantrum,Earthquake,RockTomb|Jolly||M|||50|]Toxapex||Leftovers|Regenerator|Toxic,Infestation,WideGuard,BanefulBunker|Bold||M|||50|]Incineroar||SitrusBerry|Intimidate|FakeOut,FlareBlitz,PartingShot,Protect|Impish||M|||50|]Farigiraf||ColburBerry|ArmorTail|Psychic,TrickRoom,SunnyDay,HelpingHand|Bold||M|||50|]Hydreigon||FocusSash|Levitate|DarkPulse,DracoMeteor,Snarl,EarthPower|Timid||F|||50|
|showteam|p2|Tyranitar||Tyranitarite|SandStream|RockSlide,KnockOff,HighHorsepower,Protect|Jolly||F|||50|]Excadrill||FocusSash|SandRush|Earthquake,IronHead,RockSlide,Protect|Adamant||F|||50|]Rotom-Wash||Magnet|Levitate|Thunderbolt,VoltSwitch,Protect,HydroPump|Timid|||||50|]Sinistcha||ColburBerry|Hospitality|MatchaGotcha,ShadowBall,Protect,RagePowder|Bold|||||50|]Staraptor||Staraptite|Intimidate|CloseCombat,BraveBird,Tailwind,Protect|Jolly||F|||50|]Gholdengo||LifeOrb|GoodasGold|MakeItRain,ShadowBall,NastyPlot,Protect|Timid|||||50|
|inactive|Battle timer is ON: inactive players will automatically lose when time's up. (requested by Genesis77)
|inactive|Genesis77 has 60 seconds left.
|inactive|FireTornado2023 has 60 seconds left.
|inactive|Genesis77 has 30 seconds left.
|inactive|Genesis77 has 20 seconds left.
|inactive|Genesis77 has 15 seconds left.
|
|t:|1785027907
|teamsize|p1|4
|teamsize|p2|4
|start
|switch|p1a: Toxapex|Toxapex, L50, M|100/100
|switch|p1b: Incineroar|Incineroar, L50, M|100/100
|switch|p2a: Staraptor|Staraptor, L50, F|100/100
|switch|p2b: Rotom|Rotom-Wash, L50|100/100
|-ability|p2a: Staraptor|Intimidate|boost
|-unboost|p1a: Toxapex|atk|1
|-unboost|p1b: Incineroar|atk|1
|-ability|p1b: Incineroar|Intimidate|boost
|-unboost|p2a: Staraptor|atk|1
|-unboost|p2b: Rotom|atk|1
|turn|1
|
|t:|1785027921
|move|p2a: Staraptor|Protect|p2a: Staraptor
|-singleturn|p2a: Staraptor|Protect
|move|p1b: Incineroar|Fake Out|p2b: Rotom
|-damage|p2b: Rotom|91/100
|cant|p2b: Rotom|flinch
|move|p1a: Toxapex|Toxic|p2a: Staraptor
|-activate|p2a: Staraptor|move: Protect
|
|upkeep
|turn|2
|inactive|FireTornado2023 has 30 seconds left.
|inactive|Genesis77 has 30 seconds left.
|
|t:|1785027960
|detailschange|p2a: Staraptor|Staraptor-Mega, L50, F
|-mega|p2a: Staraptor|Staraptor|Staraptite
|move|p2a: Staraptor|Close Combat|p1b: Incineroar
|-supereffective|p1b: Incineroar|1
|-damage|p1b: Incineroar|42/100
|-boost|p2a: Staraptor|def|1
|-boost|p2a: Staraptor|spd|1
|-enditem|p1b: Incineroar|Sitrus Berry|[eat]
|-heal|p1b: Incineroar|67/100|[from] item: Sitrus Berry
|move|p2b: Rotom|Thunderbolt|p1a: Toxapex
|-supereffective|p1a: Toxapex|1
|-damage|p1a: Toxapex|41/100
|move|p1b: Incineroar|Parting Shot|p2b: Rotom
|-unboost|p2b: Rotom|atk|1
|-unboost|p2b: Rotom|spa|1
|
|t:|1785027967
|switch|p1b: Charizard|Charizard, L50, F|100/100|[from] Parting Shot
|move|p1a: Toxapex|Toxic|p2b: Rotom
|-status|p2b: Rotom|tox
|
|-heal|p1a: Toxapex|47/100|[from] item: Leftovers
|-damage|p2b: Rotom|85/100 tox|[from] psn
|upkeep
|turn|3
|
|t:|1785027990
|detailschange|p1b: Charizard|Charizard-Mega-Y, L50, F
|-mega|p1b: Charizard|Charizard|Charizardite Y
|-weather|SunnyDay|[from] ability: Drought|[of] p1b: Charizard
|move|p2a: Staraptor|Tailwind|p2a: Staraptor
|-sidestart|p2: FireTornado2023|move: Tailwind
|move|p2b: Rotom|Volt Switch|p1b: Charizard
|-supereffective|p1b: Charizard|1
|-damage|p1b: Charizard|63/100
|
|t:|1785027997
|switch|p2b: Tyranitar|Tyranitar, L50, F|100/100|[from] Volt Switch
|-weather|Sandstorm|[from] ability: Sand Stream|[of] p2b: Tyranitar
|move|p1b: Charizard|Solar Beam||[still]
|-prepare|p1b: Charizard|Solar Beam
|move|p1a: Toxapex|Toxic|p2a: Staraptor
|-status|p2a: Staraptor|tox
|
|-weather|Sandstorm|[upkeep]
|-damage|p2a: Staraptor|94/100 tox|[from] Sandstorm
|-damage|p1b: Charizard|57/100|[from] Sandstorm
|-damage|p1a: Toxapex|41/100|[from] Sandstorm
|-heal|p1a: Toxapex|47/100|[from] item: Leftovers
|-damage|p2a: Staraptor|88/100 tox|[from] psn
|upkeep
|turn|4
|inactive|Genesis77 has 30 seconds left.
|
|t:|1785028023
|-heal|p1a: Toxapex|80/100|[from] ability: Regenerator|[silent]
|switch|p1a: Garchomp|Garchomp, L50, M|100/100
|move|p2a: Staraptor|Brave Bird|p1b: Charizard
|-damage|p1b: Charizard|10/100
|-damage|p2a: Staraptor|73/100 tox|[from] Recoil
|move|p2b: Tyranitar|High Horsepower|p1a: Garchomp
|-damage|p1a: Garchomp|68/100
|-damage|p2b: Tyranitar|87/100|[from] ability: Rough Skin|[of] p1a: Garchomp
|move|p1b: Charizard|Solar Beam|p2b: Tyranitar|[from] lockedmove
|-supereffective|p2b: Tyranitar|1
|-damage|p2b: Tyranitar|61/100
|
|-weather|Sandstorm|[upkeep]
|-damage|p2a: Staraptor|67/100 tox|[from] Sandstorm
|-damage|p1b: Charizard|4/100|[from] Sandstorm
|-damage|p2a: Staraptor|55/100 tox|[from] psn
|upkeep
|turn|5
|
|t:|1785028048
|switch|p1b: Toxapex|Toxapex, L50, M|80/100
|move|p2a: Staraptor|Close Combat|p1a: Garchomp
|-damage|p1a: Garchomp|31/100
|-boost|p2a: Staraptor|def|1
|-boost|p2a: Staraptor|spd|1
|-damage|p2a: Staraptor|43/100 tox|[from] ability: Rough Skin|[of] p1a: Garchomp
|move|p2b: Tyranitar|Rock Slide|p1b: Toxapex|[spread] p1a,p1b
|-resisted|p1a: Garchomp|1
|-damage|p1a: Garchomp|17/100
|-damage|p1b: Toxapex|62/100
|move|p1a: Garchomp|Stomping Tantrum|p2b: Tyranitar
|-supereffective|p2b: Tyranitar|1
|-damage|p2b: Tyranitar|0 fnt
|faint|p2b: Tyranitar
|
|-weather|Sandstorm|[upkeep]
|-damage|p2a: Staraptor|37/100 tox|[from] Sandstorm
|-damage|p1b: Toxapex|56/100|[from] Sandstorm
|-heal|p1b: Toxapex|62/100|[from] item: Leftovers
|-damage|p2a: Staraptor|20/100y tox|[from] psn
|upkeep
|
|t:|1785028068
|switch|p2b: Rotom|Rotom-Wash, L50|85/100 tox
|turn|6
|
|t:|1785028077
|switch|p2a: Sinistcha|Sinistcha, L50|100/100
|-heal|p2b: Rotom|100/100 tox|[from] ability: Hospitality|[of] p2a: Sinistcha
|move|p1b: Toxapex|Baneful Bunker|p1b: Toxapex
|-singleturn|p1b: Toxapex|move: Protect
|move|p2b: Rotom|Hydro Pump|p1a: Garchomp
|-damage|p1a: Garchomp|0 fnt
|faint|p1a: Garchomp
|
|-weather|Sandstorm|[upkeep]
|-damage|p2b: Rotom|94/100 tox|[from] Sandstorm
|-damage|p2a: Sinistcha|94/100|[from] Sandstorm
|-damage|p1b: Toxapex|56/100|[from] Sandstorm
|-heal|p1b: Toxapex|62/100|[from] item: Leftovers
|-damage|p2b: Rotom|88/100 tox|[from] psn
|-sideend|p2: FireTornado2023|move: Tailwind
|upkeep
|
|t:|1785028080
|switch|p1a: Charizard|Charizard-Mega-Y, L50, F|4/100
|-weather|SunnyDay|[from] ability: Drought|[of] p1a: Charizard
|turn|7
|inactive|FireTornado2023 has 30 seconds left.
|
|t:|1785028115
|-heal|p1b: Toxapex|95/100|[from] ability: Regenerator|[silent]
|switch|p1b: Incineroar|Incineroar, L50, M|67/100
|-ability|p1b: Incineroar|Intimidate|boost
|-unboost|p2a: Sinistcha|atk|1
|-unboost|p2b: Rotom|atk|1
|move|p1a: Charizard|Heat Wave|p2a: Sinistcha|[spread] p2b
|-miss|p1a: Charizard|p2a: Sinistcha
|-resisted|p2b: Rotom|1
|-damage|p2b: Rotom|53/100 tox
|move|p2b: Rotom|Volt Switch|p1a: Charizard
|-supereffective|p1a: Charizard|1
|-damage|p1a: Charizard|0 fnt
|faint|p1a: Charizard
|
|t:|1785028128
|switch|p2b: Staraptor|Staraptor-Mega, L50, F|20/100y tox|[from] Volt Switch
|move|p2a: Sinistcha|Matcha Gotcha|p1b: Incineroar
|-resisted|p1b: Incineroar|1
|-damage|p1b: Incineroar|53/100
|-heal|p2a: Sinistcha|100/100|[from] drain|[of] p1b: Incineroar
|
|-weather|SunnyDay|[upkeep]
|-damage|p2b: Staraptor|14/100 tox|[from] psn
|upkeep
|
|t:|1785028130
|switch|p1a: Toxapex|Toxapex, L50, M|95/100
|turn|8
|inactive|Genesis77 has 30 seconds left.
|inactive|FireTornado2023 has 30 seconds left.
|
|t:|1785028159
|move|p1b: Incineroar|Fake Out|p2b: Staraptor
|-damage|p2b: Staraptor|3/100 tox
|cant|p2b: Staraptor|flinch
|move|p2a: Sinistcha|Matcha Gotcha|p1b: Incineroar|[spread] p1b
|-miss|p2a: Sinistcha|p1a: Toxapex
|-resisted|p1b: Incineroar|1
|-damage|p1b: Incineroar|44/100
|move|p1a: Toxapex|Infestation|p2a: Sinistcha
|-damage|p2a: Sinistcha|96/100
|-activate|p2a: Sinistcha|move: Infestation|[of] p1a: Toxapex
|
|-weather|SunnyDay|[upkeep]
|-heal|p1a: Toxapex|100/100|[from] item: Leftovers
|-damage|p2b: Staraptor|0 fnt|[from] psn
|faint|p2b: Staraptor
|-damage|p2a: Sinistcha|84/100|[from] move: Infestation|[partiallytrapped]
|upkeep
|
|t:|1785028176
|switch|p2b: Rotom|Rotom-Wash, L50|53/100 tox
|turn|9
|
|t:|1785028192
|move|p1b: Incineroar|Protect|p1b: Incineroar
|-singleturn|p1b: Incineroar|Protect
|move|p1a: Toxapex|Baneful Bunker|p1a: Toxapex
|-singleturn|p1a: Toxapex|move: Protect
|move|p2b: Rotom|Hydro Pump|p1b: Incineroar
|-activate|p1b: Incineroar|move: Protect
|move|p2a: Sinistcha|Shadow Ball|p1b: Incineroar
|-activate|p1b: Incineroar|move: Protect
|
|-weather|SunnyDay|[upkeep]
|-damage|p2b: Rotom|47/100 tox|[from] psn
|-damage|p2a: Sinistcha|72/100|[from] move: Infestation|[partiallytrapped]
|upkeep
|turn|10
|inactive|FireTornado2023 has 30 seconds left.
|inactive|FireTornado2023 has 20 seconds left.
|
|t:|1785028230
|move|p2b: Rotom|Hydro Pump|p1b: Incineroar|[miss]
|-miss|p2b: Rotom|p1b: Incineroar
|move|p2a: Sinistcha|Matcha Gotcha|p1a: Toxapex|[spread] p1a,p1b
|-resisted|p1b: Incineroar|1
|-damage|p1a: Toxapex|82/100
|-heal|p2a: Sinistcha|80/100|[from] drain|[of] p1a: Toxapex
|-damage|p1b: Incineroar|33/100
|-heal|p2a: Sinistcha|86/100|[from] drain|[of] p1b: Incineroar
|move|p1b: Incineroar|Flare Blitz|p2a: Sinistcha
|-supereffective|p2a: Sinistcha|1
|-damage|p2a: Sinistcha|0 fnt
|faint|p2a: Sinistcha
|-damage|p1b: Incineroar|8/100|[from] Recoil
|move|p1a: Toxapex|Infestation|p2b: Rotom
|-damage|p2b: Rotom|43/100 tox
|-activate|p2b: Rotom|move: Infestation|[of] p1a: Toxapex
|
|-weather|SunnyDay|[upkeep]
|-heal|p1a: Toxapex|88/100|[from] item: Leftovers
|-damage|p2b: Rotom|31/100 tox|[from] psn
|-damage|p2b: Rotom|19/100 tox|[from] move: Infestation|[partiallytrapped]
|upkeep
|turn|11
|c|☆Genesis77|ggs
|c|☆Genesis77|sorry abt the pumps
|c|☆FireTornado2023|its all good
|
|t:|1785028253
|move|p1b: Incineroar|Protect|p1b: Incineroar
|-singleturn|p1b: Incineroar|Protect
|move|p1a: Toxapex|Baneful Bunker|p1a: Toxapex
|-singleturn|p1a: Toxapex|move: Protect
|move|p2b: Rotom|Thunderbolt|p1a: Toxapex
|-activate|p1a: Toxapex|move: Protect
|
|-weather|none
|-heal|p1a: Toxapex|94/100|[from] item: Leftovers
|-damage|p2b: Rotom|1/100 tox|[from] psn
|-damage|p2b: Rotom|0 fnt|[from] move: Infestation|[partiallytrapped]
|faint|p2b: Rotom
|
|win|Genesis77
|c|☆FireTornado2023|yea unfort lol
|l|☆Genesis77
|player|p1|
