|j|☆dubbies
|j|☆davirru5
|html|dubbiesdavirru5    
|uhtml|bestof|Game 1 of a best-of-3
|t:|1756650297
|gametype|doubles
|player|p1|dubbies|hoopster|1072
|player|p2|davirru5|ghetsis|1136
|gen|9
|tier|[Gen 9] VGC 2025 Reg H (Bo3)
|rated|
|rule|Species Clause: Limit one of each Pokémon
|rule|Item Clause: Limit 1 of each item
|clearpoke
|poke|p1|Gholdengo, L50|
|poke|p1|Grimmsnarl, L50, M|
|poke|p1|Maushold, L50|
|poke|p1|Dragonite, L50, M|
|poke|p1|Pelipper, L50, M|
|poke|p1|Archaludon, L50, M|
|poke|p2|Annihilape, L50, F|
|poke|p2|Maushold-Four, L50|
|poke|p2|Incineroar, L50, M|
|poke|p2|Ninetales-Alola, L50, M|
|poke|p2|Ursaluna-Bloodmoon, L50, M|
|poke|p2|Sinistcha, L50|
|teampreview|4
|showteam|p1|Gholdengo||LifeOrb|GoodasGold|MakeItRain,ShadowBall,NastyPlot,Protect||||||50|,,,,,Water]Grimmsnarl||LightClay|Prankster|FoulPlay,LightScreen,Reflect,ThunderWave|||M|||50|,,,,,Ghost]Maushold||SafetyGoggles|FriendGuard|Protect,SuperFang,FollowMe,BeatUp||||||50|,,,,,Ghost]Dragonite||LoadedDice|Multiscale|Protect,ScaleShot,ExtremeSpeed,Tailwind|||M|||50|,,,,,Steel]Pelipper||FocusSash|Drizzle|Protect,MuddyWater,Hurricane,Tailwind|||M|||50|,,,,,Ground]Archaludon||AssaultVest|Stamina|DracoMeteor,ElectroShot,BodyPress,Snarl|||M|||50|,,,,,Bug
|showteam|p2|Annihilape||Leftovers|Defiant|DrainPunch,RageFist,BulkUp,Protect|||F|||50|,,,,,Fire]Maushold-Four||SafetyGoggles|FriendGuard|FollowMe,BeatUp,Taunt,Protect||||||50|,,,,,Ghost]Incineroar||RockyHelmet|Intimidate|FakeOut,FlareBlitz,KnockOff,PartingShot|||M|||50|,,,,,Grass]Ninetales-Alola||FocusSash|SnowWarning|Blizzard,FreezeDry,Encore,Protect|||M|||50|,,,,,Ghost]Ursaluna-Bloodmoon||AssaultVest|MindsEye|EarthPower,BloodMoon,HyperVoice,VacuumWave|||M|||50|,,,,,Water]Sinistcha||SitrusBerry|Hospitality|MatchaGotcha,RagePowder,LifeDew,TrickRoom||||||50|,,,,,Dark
|inactive|Battle timer is ON: inactive players will automatically lose when time's up. (requested by davirru5)
|inactive|dubbies also wants the timer to be on.
|inactive|dubbies has 60 seconds left.
|inactive|dubbies has 30 seconds left.
|
|t:|1756650363
|teamsize|p1|4
|teamsize|p2|4
|start
|switch|p1a: Grimmsnarl|Grimmsnarl, L50, M, shiny|100/100
|switch|p1b: Dragonite|Dragonite, L50, M, shiny|100/100
|switch|p2a: Maushold|Maushold-Four, L50|100/100
|switch|p2b: Annihilape|Annihilape, L50, F|100/100
|turn|1
|inactive|dubbies has 30 seconds left.
|inactive|davirru5 has 30 seconds left.
|inactive|dubbies has 20 seconds left.
|
|t:|1756650399
|move|p1a: Grimmsnarl|Thunder Wave|p2b: Annihilape
|-status|p2b: Annihilape|par
|move|p2a: Maushold|Beat Up|p2b: Annihilape
|-damage|p2b: Annihilape|99/100 par
|-damage|p2b: Annihilape|98/100 par
|-damage|p2b: Annihilape|96/100 par
|-hitcount|p2b: Annihilape|3
|move|p1b: Dragonite|Scale Shot|p2a: Maushold
|-damage|p2a: Maushold|84/100
|-damage|p2a: Maushold|67/100
|-damage|p2a: Maushold|52/100
|-damage|p2a: Maushold|35/100
|-damage|p2a: Maushold|16/100
|-hitcount|p2a: Maushold|5
|-unboost|p1b: Dragonite|def|1
|-boost|p1b: Dragonite|spe|1
|move|p2b: Annihilape|Bulk Up|p2b: Annihilape
|-boost|p2b: Annihilape|atk|1
|-boost|p2b: Annihilape|def|1
|
|-heal|p2b: Annihilape|100/100 par|[from] item: Leftovers
|upkeep
|turn|2
|
|t:|1756650416
|move|p1a: Grimmsnarl|Reflect|p1a: Grimmsnarl
|-sidestart|p1: dubbies|Reflect
|move|p1b: Dragonite|Scale Shot|p2b: Annihilape|[miss]
|-miss|p1b: Dragonite|p2b: Annihilape
|move|p2a: Maushold|Taunt|p1a: Grimmsnarl
|-start|p1a: Grimmsnarl|move: Taunt
|move|p2b: Annihilape|Rage Fist|p1b: Dragonite
|-damage|p1b: Dragonite|38/100
|
|upkeep
|turn|3
|inactive|davirru5 has 30 seconds left.
|
|t:|1756650443
|switch|p2a: Ninetales|Ninetales-Alola, L50, M|100/100
|-weather|Snowscape|[from] ability: Snow Warning|[of] p2a: Ninetales
|move|p1b: Dragonite|Extreme Speed|p2a: Ninetales
|-damage|p2a: Ninetales|70/100
|move|p1a: Grimmsnarl|Foul Play|p2b: Annihilape
|-damage|p2b: Annihilape|64/100 par
|cant|p2b: Annihilape|par
|
|-weather|Snowscape|[upkeep]
|-heal|p2b: Annihilape|71/100 par|[from] item: Leftovers
|upkeep
|turn|4
|
|t:|1756650467
|switch|p1b: Pelipper|Pelipper, L50, M, shiny|100/100
|-weather|RainDance|[from] ability: Drizzle|[of] p1b: Pelipper
|move|p2a: Ninetales|Blizzard|p1a: Grimmsnarl|[spread] p1a,p1b
|-damage|p1a: Grimmsnarl|69/100
|-damage|p1b: Pelipper|45/100
|-status|p1a: Grimmsnarl|frz
|cant|p1a: Grimmsnarl|frz
|move|p2b: Annihilape|Rage Fist|p1a: Grimmsnarl
|-resisted|p1a: Grimmsnarl
|-damage|p1a: Grimmsnarl|21/100 frz
|
|-weather|RainDance|[upkeep]
|-heal|p2b: Annihilape|77/100 par|[from] item: Leftovers
|upkeep
|turn|5
|
|t:|1756650485
|move|p2a: Ninetales|Freeze-Dry|p1b: Pelipper
|-supereffective|p1b: Pelipper
|-damage|p1b: Pelipper|0 fnt
|faint|p1b: Pelipper
|cant|p1a: Grimmsnarl|frz
|cant|p2b: Annihilape|par
|
|-weather|RainDance|[upkeep]
|-heal|p2b: Annihilape|83/100 par|[from] item: Leftovers
|-end|p1a: Grimmsnarl|move: Taunt
|upkeep
|
|t:|1756650489
|switch|p1b: Gholdengo|Gholdengo, L50|100/100
|turn|6
|
|t:|1756650509
|switch|p2a: Maushold|Maushold-Four, L50|16/100
|-terastallize|p1b: Gholdengo|Water
|-terastallize|p2b: Annihilape|Fire
|cant|p1a: Grimmsnarl|frz
|move|p1b: Gholdengo|Make It Rain|p2a: Maushold|[spread] p2a,p2b
|-resisted|p2b: Annihilape
|-damage|p2a: Maushold|0 fnt
|-damage|p2b: Annihilape|63/100 par
|-unboost|p1b: Gholdengo|spa|1
|faint|p2a: Maushold
|-damage|p1b: Gholdengo|91/100|[from] item: Life Orb
|cant|p2b: Annihilape|par
|
|-weather|RainDance|[upkeep]
|-heal|p2b: Annihilape|69/100 par|[from] item: Leftovers
|upkeep
|
|t:|1756650522
|switch|p2a: Ninetales|Ninetales-Alola, L50, M|70/100
|-weather|Snowscape|[from] ability: Snow Warning|[of] p2a: Ninetales
|turn|7
|
|t:|1756650534
|move|p1b: Gholdengo|Protect|p1b: Gholdengo
|-singleturn|p1b: Gholdengo|Protect
|cant|p1a: Grimmsnarl|frz
|move|p2a: Ninetales|Blizzard|p1b: Gholdengo|[spread] p1a
|-activate|p1b: Gholdengo|move: Protect
|-damage|p1a: Grimmsnarl|0 fnt
|faint|p1a: Grimmsnarl
|move|p2b: Annihilape|Rage Fist|p1b: Gholdengo
|-activate|p1b: Gholdengo|move: Protect
|
|-weather|Snowscape|[upkeep]
|-heal|p2b: Annihilape|75/100 par|[from] item: Leftovers
|upkeep
|
|t:|1756650541
|switch|p1a: Dragonite|Dragonite, L50, M, shiny|38/100
|turn|8
|inactive|dubbies has 30 seconds left.
|
|t:|1756650571
|move|p2a: Ninetales|Blizzard|p1b: Gholdengo|[spread] p1a,p1b
|-supereffective|p1a: Dragonite
|-resisted|p1b: Gholdengo
|-damage|p1a: Dragonite|0 fnt
|-damage|p1b: Gholdengo|74/100
|-status|p1b: Gholdengo|frz
|faint|p1a: Dragonite
|cant|p1b: Gholdengo|frz
|move|p2b: Annihilape|Rage Fist|p1b: Gholdengo
|-damage|p1b: Gholdengo|0 fnt
|faint|p1b: Gholdengo
|
|win|davirru5
||dubbies is ready for game 2.
|inactive|davirru5 has 30 seconds to confirm battle start!
