|j|☆csemideia2
|j|☆ReggioVGC
|html|csemideia2ReggioVGC    
|uhtml|bestof|Game 3 of a best-of-3
|t:|1756896268
|gametype|doubles
|player|p1|csemideia2|cynthia-gen4|1089
|player|p2|ReggioVGC|lucas|1096
|gen|9
|tier|[Gen 9] VGC 2025 Reg H (Bo3)
|rated|
|rule|Species Clause: Limit one of each Pokémon
|rule|Item Clause: Limit 1 of each item
|clearpoke
|poke|p1|Ninetales-Alola, L50, M|
|poke|p1|Garchomp, L50, M|
|poke|p1|Dragonite, L50, M|
|poke|p1|Sneasler, L50, F|
|poke|p1|Kingambit, L50, F|
|poke|p1|Amoonguss, L50, F|
|poke|p2|Ursaluna, L50, F|
|poke|p2|Kilowattrel, L50, F|
|poke|p2|Gholdengo, L50|
|poke|p2|Incineroar, L50, F|
|poke|p2|Amoonguss, L50, F|
|poke|p2|Porygon2, L50|
|teampreview|4
|showteam|p1|Ninetales-Alola||ChoiceSpecs|SnowWarning|Blizzard,Moonblast,FreezeDry,IcyWind|||M|||50|,,,,,Ice]Garchomp||LifeOrb|RoughSkin|StompingTantrum,Earthquake,DragonClaw,Protect|||M|||50|,,,,,Steel]Dragonite||LumBerry|Multiscale|TeraBlast,ExtremeSpeed,LowKick,Protect|||M|||50|,,,,,Flying]Sneasler||FocusSash|PoisonTouch|DireClaw,CloseCombat,Coaching,FakeOut|||F|||50|,,,,,Ghost]Kingambit||AssaultVest|Defiant|KowtowCleave,IronHead,SuckerPunch,LowKick|||F|||50|,,,,,Water]Amoonguss||CovertCloak|Regenerator|PollenPuff,ClearSmog,RagePowder,Spore|||F|||50|,,,,,Fairy
|showteam|p2|Ursaluna||FlameOrb|Guts|Facade,HeadlongRush,Earthquake,Protect|||F|||50|,,,,,Fairy]Kilowattrel||FocusSash|Competitive|Thunderbolt,AirSlash,Tailwind,Protect|||F|||50|,,,,,Ghost]Gholdengo||LifeOrb|GoodasGold|MakeItRain,ShadowBall,NastyPlot,Protect||||||50|,,,,,Flying]Incineroar||AssaultVest|Intimidate|KnockOff,FlareBlitz,Uturn,FakeOut|||F|||50|,,,,,Grass]Amoonguss||SitrusBerry|Regenerator|Spore,RagePowder,SludgeBomb,Protect|||F|||50|,,,,,Water]Porygon2||Eviolite|Download|TeraBlast,IceBeam,Recover,TrickRoom||||||50|,,,,,Fighting
|inactive|Battle timer is ON: inactive players will automatically lose when time's up. (requested by csemideia2)
|inactive|csemideia2 has 60 seconds left.
|inactive|ReggioVGC has 60 seconds left.
|inactive|ReggioVGC has 30 seconds left.
|
|t:|1756896335
|teamsize|p1|4
|teamsize|p2|4
|start
|switch|p1a: Garchomp|Garchomp, L50, M|100/100
|switch|p1b: Kingambit|Kingambit, L50, F|100/100
|switch|p2a: Nokia Brick|Porygon2, L50|100/100
|switch|p2b: 뽀록나|Amoonguss, L50, F, shiny|100/100
|-ability|p2a: Nokia Brick|Download|boost
|-boost|p2a: Nokia Brick|spa|1
|turn|1
|inactive|csemideia2 has 30 seconds left.
|inactive|csemideia2 has 20 seconds left.
|
|t:|1756896373
|move|p1a: Garchomp|Dragon Claw|p2b: 뽀록나
|-damage|p2b: 뽀록나|57/100
|-damage|p1a: Garchomp|91/100|[from] item: Life Orb
|move|p1b: Kingambit|Low Kick|p2a: Nokia Brick
|-supereffective|p2a: Nokia Brick
|-damage|p2a: Nokia Brick|74/100
|move|p2b: 뽀록나|Spore|p1b: Kingambit
|-status|p1b: Kingambit|slp|[from] move: Spore
|move|p2a: Nokia Brick|Trick Room|p2a: Nokia Brick
|-fieldstart|move: Trick Room|[of] p2a: Nokia Brick
|
|upkeep
|turn|2
|inactive|ReggioVGC has 30 seconds left.
|
|t:|1756896400
|-terastallize|p2a: Nokia Brick|Fighting
|move|p1a: Garchomp|Protect|p1a: Garchomp
|-singleturn|p1a: Garchomp|Protect
|move|p2b: 뽀록나|Spore|p1a: Garchomp
|-activate|p1a: Garchomp|move: Protect
|cant|p1b: Kingambit|slp
|move|p2a: Nokia Brick|Tera Blast|p1b: Kingambit|[anim] Tera Blast Fighting
|-supereffective|p1b: Kingambit
|-damage|p1b: Kingambit|0 fnt
|faint|p1b: Kingambit
|
|upkeep
|
|t:|1756896418
|switch|p1b: Sneasler|Sneasler, L50, F|100/100
|turn|3
|inactive|csemideia2 has 30 seconds left.
|inactive|ReggioVGC has 30 seconds left.
|inactive|csemideia2 has 20 seconds left.
|
|t:|1756896453
|switch|p2b: Pumpy the Grumpy|Incineroar, L50, F, shiny|100/100
|-ability|p2b: Pumpy the Grumpy|Intimidate|boost
|-unboost|p1a: Garchomp|atk|1
|-unboost|p1b: Sneasler|atk|1
|-terastallize|p1a: Garchomp|Steel
|move|p1b: Sneasler|Fake Out|p2b: Pumpy the Grumpy
|-damage|p2b: Pumpy the Grumpy|91/100
|-status|p2b: Pumpy the Grumpy|psn|[from] ability: Poison Touch|[of] p1b: Sneasler
|move|p2a: Nokia Brick|Ice Beam|p1a: Garchomp
|-resisted|p1a: Garchomp
|-damage|p1a: Garchomp|73/100
|move|p1a: Garchomp|Stomping Tantrum|p2a: Nokia Brick
|-damage|p2a: Nokia Brick|51/100
|-damage|p1a: Garchomp|63/100|[from] item: Life Orb
|
|-damage|p2b: Pumpy the Grumpy|79/100 psn|[from] psn
|upkeep
|turn|4
|inactive|ReggioVGC has 30 seconds left.
|
|t:|1756896479
|switch|p1b: Dragonite|Dragonite, L50, M|100/100
|move|p1a: Garchomp|Protect|p1a: Garchomp
|-singleturn|p1a: Garchomp|Protect
|move|p2a: Nokia Brick|Recover|p2a: Nokia Brick
|-heal|p2a: Nokia Brick|100/100
|move|p2b: Pumpy the Grumpy|U-turn|p1b: Dragonite
|-resisted|p1b: Dragonite
|-damage|p1b: Dragonite|95/100
|inactive|ReggioVGC has 30 seconds left.
|
|t:|1756896505
|switch|p2b: Dinko|Ursaluna, L50, F|100/100|[from] U-turn
|
|-status|p2b: Dinko|brn|[from] item: Flame Orb
|upkeep
|turn|5
|inactive|ReggioVGC has 30 seconds left.
|inactive|ReggioVGC has 20 seconds left.
|
|t:|1756896544
|switch|p1a: Sneasler|Sneasler, L50, F|100/100
|move|p1b: Dragonite|Protect|p1b: Dragonite
|-singleturn|p1b: Dragonite|Protect
|move|p2a: Nokia Brick|Tera Blast|p1a: Sneasler|[anim] Tera Blast Fighting
|-resisted|p1a: Sneasler
|-damage|p1a: Sneasler|73/100
|move|p2b: Dinko|Facade|p1a: Sneasler
|-damage|p1a: Sneasler|0 fnt
|faint|p1a: Sneasler
|
|-damage|p2b: Dinko|95/100 brn|[from] brn
|-fieldend|move: Trick Room
|upkeep
|
|t:|1756896554
|switch|p1a: Garchomp|Garchomp, L50, M, tera:Steel|63/100
|turn|6
|
|t:|1756896575
|switch|p2b: Pumpy the Grumpy|Incineroar, L50, F, shiny|79/100 psn
|-ability|p2b: Pumpy the Grumpy|Intimidate|boost
|-unboost|p1a: Garchomp|atk|1
|-unboost|p1b: Dragonite|atk|1
|move|p1b: Dragonite|Extreme Speed|p2a: Nokia Brick
|-crit|p2a: Nokia Brick
|-damage|p2a: Nokia Brick|74/100
|move|p1a: Garchomp|Stomping Tantrum|p2a: Nokia Brick
|-damage|p2a: Nokia Brick|51/100
|-damage|p1a: Garchomp|53/100|[from] item: Life Orb
|move|p2a: Nokia Brick|Trick Room|p2a: Nokia Brick
|-fieldstart|move: Trick Room|[of] p2a: Nokia Brick
|
|-damage|p2b: Pumpy the Grumpy|67/100 psn|[from] psn
|upkeep
|turn|7
|-message|csemideia2 forfeited.
|
|win|ReggioVGC
|raw|csemideia2's rating: 1089 → 1066(-23 for losing)
|raw|ReggioVGC's rating: 1096 → 1121(+25 for winning)
|l|☆csemideia2
|player|p1|
