|j|☆buf91 Lupita
|j|☆GetaJobApplication
|html|buf91 LupitaGetaJobApplication    
|uhtml|bestof|Game 3 of a best-of-3
|t:|1757703589
|gametype|doubles
|player|p1|buf91 Lupita|lucas|1298
|player|p2|GetaJobApplication|cynthia-gen4|1205
|gen|9
|tier|[Gen 9] VGC 2025 Reg H (Bo3)
|rated|
|rule|Species Clause: Limit one of each Pokémon
|rule|Item Clause: Limit 1 of each item
|clearpoke
|poke|p1|Typhlosion-Hisui, L50, F|
|poke|p1|Whimsicott, L50, F|
|poke|p1|Kingambit, L50, M|
|poke|p1|Farigiraf, L50, F|
|poke|p1|Ursaluna-Bloodmoon, L50, M|
|poke|p1|Annihilape, L50, F|
|poke|p2|Incineroar, L50, F|
|poke|p2|Indeedee, L50, M|
|poke|p2|Kommo-o, L50, M|
|poke|p2|Amoonguss, L50, F|
|poke|p2|Gholdengo, L50|
|poke|p2|Sneasler, L50, M|
|teampreview|4
|showteam|p1|Typhlosion-Hisui||ChoiceSpecs|Blaze|HeatWave,Eruption,ShadowBall,Flamethrower|||F|||50|,,,,,Fire]Whimsicott||CovertCloak|Prankster|SunnyDay,Tailwind,Moonblast,Encore|||F|||50|,,,,,Ghost]Kingambit||AssaultVest|Defiant|KowtowCleave,LowKick,IronHead,SuckerPunch|||M|||50|,,,,,Fairy]Farigiraf||SitrusBerry|ArmorTail|TrickRoom,HelpingHand,Psychic,FoulPlay|||F|||50|,,,,,Fairy]Ursaluna-Bloodmoon||LifeOrb|MindsEye|Protect,BloodMoon,HyperVoice,EarthPower|||M|||50|,,,,,Normal]Annihilape||Leftovers|Defiant|Protect,BulkUp,DrainPunch,RageFist|||F|||50|,,,,,Fire
|showteam|p2|Incineroar||AssaultVest|Intimidate|FakeOut,KnockOff,Uturn,FlareBlitz|||F|||50|,,,,,Bug]Indeedee||ChoiceScarf|PsychicSurge|ExpandingForce,Trick,HelpingHand,DazzlingGleam|||M|||50|,,,,,Psychic]Kommo-o||ThroatSpray|Overcoat|ClangorousSoul,ClangingScales,Protect,Flamethrower|||M|||50|,,,,,Fire]Amoonguss||SitrusBerry|Regenerator|Spore,RagePowder,PollenPuff,Protect|||F|||50|,,,,,Water]Gholdengo||LifeOrb|GoodasGold|MakeItRain,ShadowBall,NastyPlot,Protect||||||50|,,,,,Steel]Sneasler||PsychicSeed|Unburden|DireClaw,CloseCombat,ThroatChop,Protect|||M|||50|,,,,,Dark
|inactive|Battle timer is ON: inactive players will automatically lose when time's up. (requested by buf91 Lupita)
|inactive|GetaJobApplication has 60 seconds left.
|
|t:|1757703661
|teamsize|p1|4
|teamsize|p2|4
|start
|switch|p1a: Typhlosion|Typhlosion-Hisui, L50, F|100/100
|switch|p1b: Whimsicott|Whimsicott, L50, F|100/100
|switch|p2a: Kommo-o|Kommo-o, L50, M|100/100
|switch|p2b: Gholdengo|Gholdengo, L50|100/100
|turn|1
|
|t:|1757703674
|switch|p2b: Incineroar|Incineroar, L50, F|100/100
|-ability|p2b: Incineroar|Intimidate|boost
|-unboost|p1a: Typhlosion|atk|1
|-unboost|p1b: Whimsicott|atk|1
|-terastallize|p1a: Typhlosion|Fire
|-terastallize|p2a: Kommo-o|Fire
|move|p1b: Whimsicott|Sunny Day|p1b: Whimsicott
|-weather|SunnyDay
|move|p1a: Typhlosion|Eruption|p2a: Kommo-o|[spread] p2a,p2b
|-resisted|p2a: Kommo-o
|-resisted|p2b: Incineroar
|-damage|p2a: Kommo-o|22/100
|-damage|p2b: Incineroar|50/100
|move|p2a: Kommo-o|Flamethrower|p1b: Whimsicott
|-supereffective|p1b: Whimsicott
|-damage|p1b: Whimsicott|0 fnt
|faint|p1b: Whimsicott
|
|-weather|SunnyDay|[upkeep]
|upkeep
|
|t:|1757703694
|switch|p1b: Ursaluna|Ursaluna-Bloodmoon, L50, M|100/100
|turn|2
|inactive|GetaJobApplication has 30 seconds left.
|
|t:|1757703719
|move|p2b: Incineroar|Fake Out|p1a: Typhlosion
|-damage|p1a: Typhlosion|84/100
|cant|p1a: Typhlosion|flinch
|move|p2a: Kommo-o|Clanging Scales|p1b: Ursaluna|[spread] p1a,p1b
|-damage|p1a: Typhlosion|35/100
|-damage|p1b: Ursaluna|64/100
|-unboost|p2a: Kommo-o|def|1
|-enditem|p2a: Kommo-o|Throat Spray
|-boost|p2a: Kommo-o|spa|1|[from] item: Throat Spray
|move|p1b: Ursaluna|Hyper Voice|p2a: Kommo-o|[spread] p2a,p2b
|-damage|p2a: Kommo-o|0 fnt
|-damage|p2b: Incineroar|21/100
|faint|p2a: Kommo-o
|-damage|p1b: Ursaluna|55/100|[from] item: Life Orb
|
|-weather|SunnyDay|[upkeep]
|upkeep
|
|t:|1757703731
|switch|p2a: Gholdengo|Gholdengo, L50|100/100
|turn|3
|inactive|buf91 Lupita has 30 seconds left.
|inactive|buf91 Lupita has 20 seconds left.
|inactive|buf91 Lupita has 15 seconds left.
|inactive|buf91 Lupita has 10 seconds left.
|
|t:|1757703777
|switch|p2b: Amoonguss|Amoonguss, L50, F|100/100
|move|p2a: Gholdengo|Protect|p2a: Gholdengo
|-singleturn|p2a: Gholdengo|Protect
|move|p1b: Ursaluna|Protect|p1b: Ursaluna
|-singleturn|p1b: Ursaluna|Protect
|move|p1a: Typhlosion|Eruption|p2a: Gholdengo|[spread] p2b
|-activate|p2a: Gholdengo|move: Protect
|-supereffective|p2b: Amoonguss
|-crit|p2b: Amoonguss
|-damage|p2b: Amoonguss|0 fnt
|faint|p2b: Amoonguss
|
|-weather|SunnyDay|[upkeep]
|upkeep
|
|t:|1757703788
|switch|p2b: Incineroar|Incineroar, L50, F|21/100
|-ability|p2b: Incineroar|Intimidate|boost
|-unboost|p1a: Typhlosion|atk|1
|-unboost|p1b: Ursaluna|atk|1
|turn|4
|
|t:|1757703798
|switch|p1b: Kingambit|Kingambit, L50, M|100/100
|move|p2b: Incineroar|Fake Out|p1a: Typhlosion
|-damage|p1a: Typhlosion|16/100
|cant|p1a: Typhlosion|flinch
|move|p2a: Gholdengo|Make It Rain|p1a: Typhlosion|[spread] p1a,p1b
|-resisted|p1a: Typhlosion
|-resisted|p1b: Kingambit
|-damage|p1a: Typhlosion|0 fnt
|-damage|p1b: Kingambit|81/100
|-unboost|p2a: Gholdengo|spa|1
|faint|p1a: Typhlosion
|-damage|p2a: Gholdengo|91/100|[from] item: Life Orb
|
|-weather|SunnyDay|[upkeep]
|upkeep
|
|t:|1757703808
|switch|p1a: Ursaluna|Ursaluna-Bloodmoon, L50, M|55/100
|turn|5
|
|t:|1757703816
|move|p2a: Gholdengo|Protect|p2a: Gholdengo
|-singleturn|p2a: Gholdengo|Protect
|move|p2b: Incineroar|Flare Blitz|p1b: Kingambit
|-supereffective|p1b: Kingambit
|-damage|p1b: Kingambit|0 fnt
|faint|p1b: Kingambit
|-damage|p2b: Incineroar|0 fnt|[from] Recoil
|faint|p2b: Incineroar
|move|p1a: Ursaluna|Hyper Voice|p2a: Gholdengo
|-activate|p2a: Gholdengo|move: Protect
|
|-weather|none
|upkeep
|turn|6
|
|t:|1757703826
|move|p2a: Gholdengo|Make It Rain|p1a: Ursaluna
|-damage|p1a: Ursaluna|0 fnt
|-unboost|p2a: Gholdengo|spa|1
|faint|p1a: Ursaluna
|-damage|p2a: Gholdengo|81/100|[from] item: Life Orb
|
|win|GetaJobApplication
|raw|buf91 Lupita's rating: 1298 → 1266(-32 for losing)
|raw|GetaJobApplication's rating: 1205 → 1237(+32 for winning)
|c|☆GetaJobApplication|gg
|l|☆buf91 Lupita
|player|p1|
