|j|☆benb1122
|j|☆NiterZero
|html|benb1122NiterZero    
|uhtml|bestof|Game 1 of a best-of-3
|t:|1757693209
|gametype|doubles
|player|p1|benb1122|alder|
|player|p2|NiterZero|steven|
|gen|9
|tier|[Gen 9] VGC 2025 Reg H (Bo3)
|rule|Species Clause: Limit one of each Pokémon
|rule|Item Clause: Limit 1 of each item
|clearpoke
|poke|p1|Maushold, L50|
|poke|p1|Annihilape, L50, F|
|poke|p1|Lucario, L50, F|
|poke|p1|Illumise, L50, F|
|poke|p1|Rillaboom, L50, M|
|poke|p1|Gholdengo, L50|
|poke|p2|Araquanid, L50, M|
|poke|p2|Pelipper, L50, M|
|poke|p2|Archaludon, L50, F|
|poke|p2|Rillaboom, L50, M|
|poke|p2|Incineroar, L50, M|
|poke|p2|Farigiraf, L50, M|
|teampreview|4
|showteam|p1|Maushold||FocusSash|FriendGuard|BeatUp,HelpingHand,FollowMe,Protect||||||50|,,,,,Ghost]Annihilape||ChestoBerry|Defiant|RageFist,DrainPunch,BulkUp,Rest|||F|||50|,,,,,Fairy]Lucario||LifeOrb|Justified|ExtremeSpeed,CloseCombat,SwordsDance,Protect|||F|||50|,,,,,Normal]Illumise||CovertCloak|Prankster|Tailwind,Encore,HelpingHand,ThunderWave|||F|||50|,,,,,Dark]Rillaboom||AssaultVest|GrassySurge|WoodHammer,GrassyGlide,HighHorsepower,FakeOut|||M|||50|,,,,,Grass]Gholdengo||Leftovers|GoodasGold|MakeItRain,ShadowBall,NastyPlot,Protect||||||50|,,,,,Water
|showteam|p2|Araquanid||LifeOrb|WaterBubble|Liquidation,LeechLife,WideGuard,Protect|||M|||50|,,,,,Water]Pelipper||DampRock|Drizzle|WeatherBall,Hurricane,HelpingHand,WideGuard|||M|||50|,,,,,Grass]Archaludon||Leftovers|Stamina|ElectroShot,FlashCannon,DracoMeteor,Protect|||F|||50|,,,,,Fairy]Rillaboom||AssaultVest|GrassySurge|FakeOut,WoodHammer,GrassyGlide,Uturn|||M|||50|,,,,,Water]Incineroar||SafetyGoggles|Intimidate|FakeOut,KnockOff,PartingShot,WillOWisp|||M|||50|,,,,,Ghost]Farigiraf||SitrusBerry|ArmorTail|Uproar,DazzlingGleam,TrickRoom,Protect|||M|||50|,,,,,Fairy
|
|t:|1757693233
|teamsize|p1|4
|teamsize|p2|4
|start
|switch|p1a: Maushold|Maushold, L50|100/100
|switch|p1b: Annihilape|Annihilape, L50, F|100/100
|switch|p2a: Pelipper|Pelipper, L50, M|100/100
|switch|p2b: Rillaboom|Rillaboom, L50, M, shiny|100/100
|-fieldstart|move: Grassy Terrain|[from] ability: Grassy Surge|[of] p2b: Rillaboom
|-weather|RainDance|[from] ability: Drizzle|[of] p2a: Pelipper
|turn|1
|
|t:|1757693303
|-terastallize|p1b: Annihilape|Fairy
|move|p1a: Maushold|Protect|p1a: Maushold
|-singleturn|p1a: Maushold|Protect
|move|p1b: Annihilape|Bulk Up|p1b: Annihilape
|-boost|p1b: Annihilape|atk|1
|-boost|p1b: Annihilape|def|1
|move|p2b: Rillaboom|U-turn|p1a: Maushold
|-activate|p1a: Maushold|move: Protect
|move|p2a: Pelipper|Weather Ball|p1b: Annihilape
|-damage|p1b: Annihilape|67/100
|
|-weather|RainDance|[upkeep]
|-heal|p1b: Annihilape|73/100|[from] Grassy Terrain
|upkeep
|turn|2
|
|t:|1757693327
|move|p2a: Pelipper|Helping Hand|p2b: Rillaboom
|-singleturn|p2b: Rillaboom|Helping Hand|[of] p2a: Pelipper
|move|p1a: Maushold|Beat Up|p1b: Annihilape
|-resisted|p1b: Annihilape
|-damage|p1b: Annihilape|73/100
|-resisted|p1b: Annihilape
|-damage|p1b: Annihilape|72/100
|-resisted|p1b: Annihilape
|-damage|p1b: Annihilape|72/100
|-resisted|p1b: Annihilape
|-damage|p1b: Annihilape|71/100
|-hitcount|p1b: Annihilape|4
|move|p1b: Annihilape|Drain Punch|p2b: Rillaboom
|-damage|p2b: Rillaboom|58/100
|-heal|p1b: Annihilape|92/100|[from] drain|[of] p2b: Rillaboom
|move|p2b: Rillaboom|U-turn|p1a: Maushold
|-damage|p1a: Maushold|50/100
|
|t:|1757693343
|switch|p2b: Farigiraf|Farigiraf, L50, M|100/100|[from] U-turn
|
|-weather|RainDance|[upkeep]
|-heal|p1a: Maushold|56/100|[from] Grassy Terrain
|-heal|p1b: Annihilape|98/100|[from] Grassy Terrain
|upkeep
|turn|3
|
|t:|1757693366
|move|p1a: Maushold|Helping Hand|p1b: Annihilape
|-singleturn|p1b: Annihilape|Helping Hand|[of] p1a: Maushold
|move|p2b: Farigiraf|Protect|p2b: Farigiraf
|-singleturn|p2b: Farigiraf|Protect
|move|p1b: Annihilape|Drain Punch|p2b: Farigiraf
|-activate|p2b: Farigiraf|move: Protect
|move|p2a: Pelipper|Weather Ball|p1a: Maushold
|-damage|p1a: Maushold|0 fnt
|faint|p1a: Maushold
|
|-weather|RainDance|[upkeep]
|-heal|p1b: Annihilape|100/100|[from] Grassy Terrain
|upkeep
|
|t:|1757693375
|switch|p1a: Illumise|Illumise, L50, F|100/100
|turn|4
|
|t:|1757693409
|-terastallize|p2b: Farigiraf|Fairy
|move|p1a: Illumise|Encore||[still]
|cant|p2b: Farigiraf|ability: Armor Tail|Encore|[of] p1a: Illumise
|move|p1b: Annihilape|Rage Fist|p2a: Pelipper
|-damage|p2a: Pelipper|0 fnt
|faint|p2a: Pelipper
|move|p2b: Farigiraf|Trick Room|p2b: Farigiraf
|-fieldstart|move: Trick Room|[of] p2b: Farigiraf
|
|-weather|RainDance|[upkeep]
|upkeep
|
|t:|1757693422
|switch|p2a: Araquanid|Araquanid, L50, M, shiny|100/100
|turn|5
|c|☆benb1122|firgot about that
|
|t:|1757693446
|move|p1a: Illumise|Helping Hand|p1b: Annihilape
|-singleturn|p1b: Annihilape|Helping Hand|[of] p1a: Illumise
|move|p2a: Araquanid|Liquidation|p1b: Annihilape
|-damage|p1b: Annihilape|25/100
|-unboost|p1b: Annihilape|def|1
|-ability|p1b: Annihilape|Defiant|boost
|-boost|p1b: Annihilape|atk|2
|-damage|p2a: Araquanid|91/100|[from] item: Life Orb
|move|p2b: Farigiraf|Dazzling Gleam|p1b: Annihilape|[spread] p1a,p1b
|-damage|p1a: Illumise|74/100
|-damage|p1b: Annihilape|6/100
|move|p1b: Annihilape|Rage Fist|p2a: Araquanid
|-damage|p2a: Araquanid|0 fnt
|faint|p2a: Araquanid
|
|-weather|RainDance|[upkeep]
|-heal|p1b: Annihilape|12/100|[from] Grassy Terrain
|-heal|p1a: Illumise|79/100|[from] Grassy Terrain
|-fieldend|move: Grassy Terrain
|upkeep
|
|t:|1757693463
|switch|p2a: Rillaboom|Rillaboom, L50, M, shiny|58/100
|-fieldstart|move: Grassy Terrain|[from] ability: Grassy Surge|[of] p2a: Rillaboom
|turn|6
|
|t:|1757693496
|switch|p1a: Gholdengo|Gholdengo, L50|100/100
|move|p2a: Rillaboom|Fake Out|p1b: Annihilape
|-damage|p1b: Annihilape|0 fnt
|faint|p1b: Annihilape
|move|p2b: Farigiraf|Dazzling Gleam|p1a: Gholdengo
|-resisted|p1a: Gholdengo
|-damage|p1a: Gholdengo|85/100
|
|-weather|RainDance|[upkeep]
|-heal|p2a: Rillaboom|64/100|[from] Grassy Terrain
|-heal|p1a: Gholdengo|91/100|[from] Grassy Terrain
|-heal|p1a: Gholdengo|97/100|[from] item: Leftovers
|upkeep
|
|t:|1757693505
|switch|p1b: Illumise|Illumise, L50, F|79/100
|turn|7
|
|t:|1757693523
|move|p1b: Illumise|Helping Hand|p1a: Gholdengo
|-immune|p1a: Gholdengo|[from] ability: Good as Gold
|move|p2b: Farigiraf|Dazzling Gleam|p1a: Gholdengo|[spread] p1a,p1b
|-resisted|p1a: Gholdengo
|-damage|p1a: Gholdengo|88/100
|-damage|p1b: Illumise|51/100
|move|p2a: Rillaboom|Wood Hammer|p1a: Gholdengo
|-resisted|p1a: Gholdengo
|-damage|p1a: Gholdengo|49/100
|-damage|p2a: Rillaboom|52/100|[from] Recoil
|move|p1a: Gholdengo|Make It Rain|p2a: Rillaboom|[spread] p2a,p2b
|-supereffective|p2b: Farigiraf
|-damage|p2a: Rillaboom|13/100
|-damage|p2b: Farigiraf|23/100
|-unboost|p1a: Gholdengo|spa|1
|-enditem|p2b: Farigiraf|Sitrus Berry|[eat]
|-heal|p2b: Farigiraf|48/100|[from] item: Sitrus Berry
|
|-weather|RainDance|[upkeep]
|-heal|p2b: Farigiraf|54/100|[from] Grassy Terrain
|-heal|p2a: Rillaboom|19/100|[from] Grassy Terrain
|-heal|p1a: Gholdengo|55/100|[from] Grassy Terrain
|-heal|p1a: Gholdengo|61/100|[from] item: Leftovers
|-heal|p1b: Illumise|57/100|[from] Grassy Terrain
|upkeep
|turn|8
|c|☆benb1122|no way thats the interaction there
|c|☆benb1122|wtf
|c|☆NiterZero|lebron james reportedly forgot about helping had good as gold
|c|☆benb1122|i never knew about it in the first place
|
|t:|1757693563
|move|p1a: Gholdengo|Protect|p1a: Gholdengo
|-singleturn|p1a: Gholdengo|Protect
|move|p1b: Illumise|Tailwind|p1b: Illumise
|-sidestart|p1: benb1122|move: Tailwind
|move|p2b: Farigiraf|Dazzling Gleam|p1b: Illumise|[spread] p1b
|-activate|p1a: Gholdengo|move: Protect
|-damage|p1b: Illumise|32/100
|move|p2a: Rillaboom|Wood Hammer|p1a: Gholdengo
|-activate|p1a: Gholdengo|move: Protect
|
|-weather|none
|-heal|p2b: Farigiraf|60/100|[from] Grassy Terrain
|-heal|p2a: Rillaboom|25/100|[from] Grassy Terrain
|-heal|p1a: Gholdengo|68/100|[from] Grassy Terrain
|-heal|p1a: Gholdengo|74/100|[from] item: Leftovers
|-heal|p1b: Illumise|38/100|[from] Grassy Terrain
|-fieldend|move: Trick Room
|upkeep
|turn|9
|
|t:|1757693585
|move|p2b: Farigiraf|Protect|p2b: Farigiraf
|-singleturn|p2b: Farigiraf|Protect
|move|p1b: Illumise|Thunder Wave||[still]
|cant|p2b: Farigiraf|ability: Armor Tail|Thunder Wave|[of] p1b: Illumise
|move|p2a: Rillaboom|Grassy Glide|p1b: Illumise
|-resisted|p1b: Illumise
|-damage|p1b: Illumise|15/100
|move|p1a: Gholdengo|Make It Rain|p2a: Rillaboom|[spread] p2a
|-activate|p2b: Farigiraf|move: Protect
|-damage|p2a: Rillaboom|0 fnt
|-unboost|p1a: Gholdengo|spa|1
|faint|p2a: Rillaboom
|
|-heal|p1b: Illumise|20/100|[from] Grassy Terrain
|-heal|p1a: Gholdengo|80/100|[from] Grassy Terrain
|-heal|p1a: Gholdengo|86/100|[from] item: Leftovers
|-heal|p2b: Farigiraf|66/100|[from] Grassy Terrain
|upkeep
|turn|10
|
|t:|1757693608
|move|p1b: Illumise|Helping Hand|p1a: Gholdengo
|-immune|p1a: Gholdengo|[from] ability: Good as Gold
|move|p1a: Gholdengo|Make It Rain|p2b: Farigiraf
|-supereffective|p2b: Farigiraf
|-damage|p2b: Farigiraf|13/100
|-unboost|p1a: Gholdengo|spa|1
|move|p2b: Farigiraf|Dazzling Gleam|p1a: Gholdengo|[spread] p1a,p1b
|-resisted|p1a: Gholdengo
|-damage|p1a: Gholdengo|75/100
|-damage|p1b: Illumise|0 fnt
|faint|p1b: Illumise
|
|-heal|p1a: Gholdengo|81/100|[from] Grassy Terrain
|-heal|p1a: Gholdengo|88/100|[from] item: Leftovers
|-heal|p2b: Farigiraf|19/100|[from] Grassy Terrain
|-fieldend|move: Grassy Terrain
|upkeep
|turn|11
|
|t:|1757693625
|move|p2b: Farigiraf|Protect|p2b: Farigiraf
|-singleturn|p2b: Farigiraf|Protect
|move|p1a: Gholdengo|Make It Rain|p2b: Farigiraf
|-activate|p2b: Farigiraf|move: Protect
|
|-heal|p1a: Gholdengo|94/100|[from] item: Leftovers
|-sideend|p1: benb1122|move: Tailwind
|upkeep
|turn|12
|
|t:|1757693633
|move|p1a: Gholdengo|Make It Rain|p2b: Farigiraf
|-supereffective|p2b: Farigiraf
|-damage|p2b: Farigiraf|0 fnt
|-unboost|p1a: Gholdengo|spa|1
|faint|p2b: Farigiraf
|
|win|benb1122
||NiterZero is ready for game 2.
||benb1122 is ready for game 2.
|uhtml|next|Next: Game 2 of 3
