|j|☆sydneeysweeny67
|j|☆MuseigenTest
|html|sydneeysweeny67MuseigenTest    
|uhtml|bestof|Game 3 of a best-of-3
|t:|1782529922
|gametype|doubles
|player|p1|sydneeysweeny67|lady-gen4|1040
|player|p2|MuseigenTest|102|1169
|gen|9
|tier|[Gen 9 Champions] VGC 2026 Reg M-B (Bo3)
|rated|
|rule|Species Clause: Limit one of each Pokémon
|rule|Item Clause: Limit 1 of each item
|clearpoke
|poke|p1|Kingambit, L50, M, shiny|
|poke|p1|Floette-Eternal, L50, F|
|poke|p1|Sinistcha, L50, shiny|
|poke|p1|Toxapex, L50, M, shiny|
|poke|p1|Delphox, L50, M, shiny|
|poke|p1|Incineroar, L50, F|
|poke|p2|Sinistcha, L50, shiny|
|poke|p2|Incineroar, L50, M, shiny|
|poke|p2|Milotic, L50, F|
|poke|p2|Scrafty, L50, F|
|poke|p2|Floette-Eternal, L50, F|
|poke|p2|Sneasler, L50, M|
|teampreview|4
|showteam|p1|Kingambit||BlackGlasses|Defiant|KowtowCleave,SwordsDance,SuckerPunch,Protect|Adamant||M|||50|]Floette-Eternal||Floettite|FlowerVeil|DazzlingGleam,Moonblast,CalmMind,Protect|Modest||F|||50|]Sinistcha||KasibBerry|Hospitality|MatchaGotcha,TrickRoom,RagePowder,Protect|Bold|||||50|]Toxapex||Leftovers|Regenerator|Toxic,Infestation,WideGuard,BanefulBunker|Bold||M|||50|]Delphox||Delphoxite|Blaze|NastyPlot,Psyshock,HeatWave,Protect|Timid||M|||50|]Incineroar||SitrusBerry|Intimidate|FakeOut,PartingShot,FlareBlitz,ThroatChop|Impish||F|||50|
|showteam|p2|Sinistcha||KasibBerry|Hospitality|Protect,RagePowder,MatchaGotcha,LifeDew|Calm|||||50|]Incineroar||SitrusBerry|Intimidate|FakeOut,ThroatChop,FlareBlitz,PartingShot|Impish||M|||50|]Milotic||Leftovers|Competitive|Coil,MuddyWater,Hypnosis,Protect|Bold||F|||50|]Scrafty||Scraftinite|Intimidate|DrainPunch,SwordsDance,KnockOff,FakeOut|Careful||F|||50|]Floette-Eternal||Floettite|FlowerVeil|Protect,DrainingKiss,CalmMind,DazzlingGleam|Timid||F|||50|]Sneasler||FocusSash|PoisonTouch|FakeOut,CloseCombat,DireClaw,Coaching|Jolly||M|||50|
|inactive|Battle timer is ON: inactive players will automatically lose when time's up. (requested by MuseigenTest)
|inactive|MuseigenTest has 60 seconds left.
|inactive|MuseigenTest has 30 seconds left.
|
|t:|1782529986
|teamsize|p1|4
|teamsize|p2|4
|start
|switch|p1a: Floette|Floette-Eternal, L50, F|100/100
|switch|p1b: Sinistcha|Sinistcha, L50, shiny|100/100
|switch|p2a: Sneasler|Sneasler, L50, M|100/100
|switch|p2b: Floette|Floette-Eternal, L50, F|100/100
|turn|1
|
|t:|1782530002
|switch|p1a: Toxapex|Toxapex, L50, M, shiny|100/100
|detailschange|p2b: Floette|Floette-Mega, L50, F
|-mega|p2b: Floette|Floette|Floettite
|-ability|p2b: Floette|Fairy Aura
|move|p2a: Sneasler|Fake Out|p1a: Toxapex
|-damage|p1a: Toxapex|91/100
|move|p2b: Floette|Calm Mind|p2b: Floette
|-boost|p2b: Floette|spa|1
|-boost|p2b: Floette|spd|1
|move|p1b: Sinistcha|Matcha Gotcha|p2b: Floette|[spread] p2b
|-miss|p1b: Sinistcha|p2a: Sneasler
|-damage|p2b: Floette|85/100
|
|-heal|p1a: Toxapex|96/100|[from] item: Leftovers
|upkeep
|turn|2
|inactive|MuseigenTest has 30 seconds left.
|
|t:|1782530034
|switch|p2a: Incineroar|Incineroar, L50, M, shiny|100/100
|-ability|p2a: Incineroar|Intimidate|boost
|-unboost|p1a: Toxapex|atk|1
|-unboost|p1b: Sinistcha|atk|1
|switch|p1b: Incineroar|Incineroar, L50, F|100/100
|-ability|p1b: Incineroar|Intimidate|boost
|-unboost|p2a: Incineroar|atk|1
|-unboost|p2b: Floette|atk|1
|move|p2b: Floette|Protect|p2b: Floette
|-singleturn|p2b: Floette|Protect
|move|p1a: Toxapex|Toxic|p2b: Floette
|-activate|p2b: Floette|move: Protect
|
|-heal|p1a: Toxapex|100/100|[from] item: Leftovers
|upkeep
|turn|3
|inactive|MuseigenTest has 30 seconds left.
|
|t:|1782530059
|move|p1b: Incineroar|Fake Out|p2a: Incineroar
|-damage|p2a: Incineroar|91/100
|cant|p2a: Incineroar|flinch
|move|p2b: Floette|Calm Mind|p2b: Floette
|-boost|p2b: Floette|spa|1
|-boost|p2b: Floette|spd|1
|move|p1a: Toxapex|Toxic|p2b: Floette
|-status|p2b: Floette|tox
|
|-damage|p2b: Floette|80/100 tox|[from] psn
|upkeep
|turn|4
|
|t:|1782530084
|move|p2b: Floette|Protect|p2b: Floette
|-singleturn|p2b: Floette|Protect
|move|p1b: Incineroar|Flare Blitz|p2b: Floette
|-activate|p2b: Floette|move: Protect
|move|p2a: Incineroar|Parting Shot|p1b: Incineroar
|-unboost|p1b: Incineroar|atk|1
|-unboost|p1b: Incineroar|spa|1
|
|t:|1782530107
|switch|p2a: Sinistcha|Sinistcha, L50, shiny|100/100|[from] Parting Shot
|-heal|p2b: Floette|100/100 tox|[from] ability: Hospitality|[of] p2a: Sinistcha
|move|p1a: Toxapex|Infestation|p2b: Floette
|-activate|p2b: Floette|move: Protect
|
|-damage|p2b: Floette|88/100 tox|[from] psn
|upkeep
|turn|5
|
|t:|1782530121
|switch|p2a: Incineroar|Incineroar, L50, M, shiny|91/100
|-ability|p2a: Incineroar|Intimidate|boost
|-unboost|p1a: Toxapex|atk|1
|-unboost|p1b: Incineroar|atk|1
|move|p2b: Floette|Draining Kiss|p1b: Incineroar
|-damage|p1b: Incineroar|37/100
|-heal|p2b: Floette|100/100 tox|[from] drain|[of] p1b: Incineroar
|-enditem|p1b: Incineroar|Sitrus Berry|[eat]
|-heal|p1b: Incineroar|61/100|[from] item: Sitrus Berry
|move|p1b: Incineroar|Parting Shot|p2b: Floette
|-unboost|p2b: Floette|atk|1
|-unboost|p2b: Floette|spa|1
|
|t:|1782530130
|switch|p1b: Floette|Floette-Eternal, L50, F|100/100|[from] Parting Shot
|move|p1a: Toxapex|Infestation|p2b: Floette
|-resisted|p2b: Floette|1
|-damage|p2b: Floette|99/100 tox
|-activate|p2b: Floette|move: Infestation|[of] p1a: Toxapex
|
|-damage|p2b: Floette|81/100 tox|[from] psn
|-damage|p2b: Floette|69/100 tox|[from] move: Infestation|[partiallytrapped]
|upkeep
|turn|6
|inactive|MuseigenTest has 30 seconds left.
|
|t:|1782530160
|detailschange|p1b: Floette|Floette-Mega, L50, F
|-mega|p1b: Floette|Floette|Floettite
|-ability|p1b: Floette|Fairy Aura
|move|p2b: Floette|Draining Kiss|p1a: Toxapex
|-resisted|p1a: Toxapex|1
|-damage|p1a: Toxapex|78/100
|-heal|p2b: Floette|86/100 tox|[from] drain|[of] p1a: Toxapex
|move|p1b: Floette|Calm Mind|p1b: Floette
|-boost|p1b: Floette|spa|1
|-boost|p1b: Floette|spd|1
|move|p2a: Incineroar|Parting Shot|p1b: Floette
|-unboost|p1b: Floette|atk|1
|-unboost|p1b: Floette|spa|1
|
|t:|1782530174
|switch|p2a: Sneasler|Sneasler, L50, M|100/100|[from] Parting Shot
|move|p1a: Toxapex|Toxic|p2a: Sneasler
|-immune|p2a: Sneasler
|
|-heal|p1a: Toxapex|84/100|[from] item: Leftovers
|-damage|p2b: Floette|63/100 tox|[from] psn
|-damage|p2b: Floette|50/100g tox|[from] move: Infestation|[partiallytrapped]
|upkeep
|turn|7
|
|t:|1782530196
|move|p1b: Floette|Protect|p1b: Floette
|-singleturn|p1b: Floette|Protect
|move|p2a: Sneasler|Dire Claw|p1b: Floette
|-activate|p1b: Floette|move: Protect
|move|p2b: Floette|Draining Kiss|p1a: Toxapex
|-resisted|p1a: Toxapex|1
|-damage|p1a: Toxapex|63/100
|-heal|p2b: Floette|67/100 tox|[from] drain|[of] p1a: Toxapex
|move|p1a: Toxapex|Infestation|p2a: Sneasler
|-resisted|p2a: Sneasler|2
|-damage|p2a: Sneasler|99/100
|-activate|p2a: Sneasler|move: Infestation|[of] p1a: Toxapex
|
|-heal|p1a: Toxapex|68/100|[from] item: Leftovers
|-damage|p2b: Floette|38/100 tox|[from] psn
|-damage|p2a: Sneasler|87/100|[from] move: Infestation|[partiallytrapped]
|-damage|p2b: Floette|25/100 tox|[from] move: Infestation|[partiallytrapped]
|upkeep
|turn|8
|inactive|MuseigenTest has 30 seconds left.
|inactive|sydneeysweeny67 has 30 seconds left.
|
|t:|1782530230
|switch|p1b: Incineroar|Incineroar, L50, F|61/100
|-ability|p1b: Incineroar|Intimidate|boost
|-unboost|p2a: Sneasler|atk|1
|-unboost|p2b: Floette|atk|1
|move|p1a: Toxapex|Baneful Bunker|p1a: Toxapex
|-singleturn|p1a: Toxapex|move: Protect
|move|p2a: Sneasler|Dire Claw|p1a: Toxapex
|-activate|p1a: Toxapex|move: Protect
|move|p2b: Floette|Draining Kiss|p1b: Incineroar
|-damage|p1b: Incineroar|14/100
|-heal|p2b: Floette|72/100 tox|[from] drain|[of] p1b: Incineroar
|
|-heal|p1a: Toxapex|74/100|[from] item: Leftovers
|-damage|p2b: Floette|37/100 tox|[from] psn
|-damage|p2a: Sneasler|74/100|[from] move: Infestation|[partiallytrapped]
|-damage|p2b: Floette|25/100 tox|[from] move: Infestation|[partiallytrapped]
|upkeep
|turn|9
|inactive|MuseigenTest has 30 seconds left.
|
|t:|1782530261
|move|p1b: Incineroar|Fake Out|p2b: Floette
|-damage|p2b: Floette|13/100 tox
|move|p2a: Sneasler|Dire Claw|p1b: Incineroar
|-damage|p1b: Incineroar|0 fnt
|faint|p1b: Incineroar
|cant|p2b: Floette|flinch
|move|p1a: Toxapex|Infestation|p2a: Sneasler
|-resisted|p2a: Sneasler|2
|-damage|p2a: Sneasler|74/100
|
|-heal|p1a: Toxapex|80/100|[from] item: Leftovers
|-damage|p2b: Floette|0 fnt|[from] psn
|faint|p2b: Floette
|-damage|p2a: Sneasler|61/100|[from] move: Infestation|[partiallytrapped]
|upkeep
|
|t:|1782530281
|switch|p2b: Incineroar|Incineroar, L50, M, shiny|91/100
|switch|p1b: Floette|Floette-Mega, L50, F|100/100
|-ability|p1b: Floette|Fairy Aura
|-ability|p2b: Incineroar|Intimidate|boost
|-unboost|p1a: Toxapex|atk|1
|-unboost|p1b: Floette|atk|1
|turn|10
|
|t:|1782530296
|move|p1b: Floette|Protect|p1b: Floette
|-singleturn|p1b: Floette|Protect
|move|p2b: Incineroar|Fake Out|p1b: Floette
|-activate|p1b: Floette|move: Protect
|move|p2a: Sneasler|Dire Claw|p1b: Floette
|-activate|p1b: Floette|move: Protect
|move|p1a: Toxapex|Toxic|p2b: Incineroar
|-status|p2b: Incineroar|tox
|
|-heal|p1a: Toxapex|85/100|[from] item: Leftovers
|-damage|p2b: Incineroar|85/100 tox|[from] psn
|-damage|p2a: Sneasler|49/100|[from] move: Infestation|[partiallytrapped]
|upkeep
|turn|11
|
|t:|1782530318
|move|p2a: Sneasler|Dire Claw|p1b: Floette
|-supereffective|p1b: Floette|1
|-damage|p1b: Floette|35/100
|move|p1b: Floette|Dazzling Gleam|p2b: Incineroar|[spread] p2a,p2b
|-damage|p2a: Sneasler|0 fnt
|-damage|p2b: Incineroar|44/100 tox
|-enditem|p2b: Incineroar|Sitrus Berry|[eat]
|-heal|p2b: Incineroar|69/100 tox|[from] item: Sitrus Berry
|faint|p2a: Sneasler
|move|p2b: Incineroar|Parting Shot|p1b: Floette
|-unboost|p1b: Floette|atk|1
|-unboost|p1b: Floette|spa|1
|
|t:|1782530324
|switch|p2b: Sinistcha|Sinistcha, L50, shiny|100/100|[from] Parting Shot
|move|p1a: Toxapex|Infestation|p2b: Sinistcha
|-damage|p2b: Sinistcha|97/100
|-activate|p2b: Sinistcha|move: Infestation|[of] p1a: Toxapex
|
|-heal|p1a: Toxapex|91/100|[from] item: Leftovers
|-damage|p2b: Sinistcha|84/100|[from] move: Infestation|[partiallytrapped]
|upkeep
|
|t:|1782530326
|switch|p2a: Incineroar|Incineroar, L50, M, shiny|69/100 tox
|-ability|p2a: Incineroar|Intimidate|boost
|-unboost|p1a: Toxapex|atk|1
|-unboost|p1b: Floette|atk|1
|turn|12
|
|t:|1782530344
|move|p2a: Incineroar|Fake Out|p1a: Toxapex
|-damage|p1a: Toxapex|84/100
|move|p1b: Floette|Moonblast|p2a: Incineroar
|-damage|p2a: Incineroar|25/100 tox
|move|p2b: Sinistcha|Matcha Gotcha|p1b: Floette|[spread] p1a,p1b
|-damage|p1a: Toxapex|64/100
|-heal|p2b: Sinistcha|93/100|[from] drain|[of] p1a: Toxapex
|-damage|p1b: Floette|16/100
|-heal|p2b: Sinistcha|100/100|[from] drain|[of] p1b: Floette
|cant|p1a: Toxapex|flinch
|
|-heal|p1a: Toxapex|70/100|[from] item: Leftovers
|-damage|p2a: Incineroar|19/100 tox|[from] psn
|-damage|p2b: Sinistcha|87/100|[from] move: Infestation|[partiallytrapped]
|upkeep
|turn|13
|c|☆MuseigenTest|gg
|-message|MuseigenTest forfeited.
|
|win|sydneeysweeny67
|raw|sydneeysweeny67's rating: 1040 → 1086(+46 for winning)
|raw|MuseigenTest's rating: 1169 → 1135(-34 for losing)
|l|☆sydneeysweeny67
|player|p1|
|l|☆MuseigenTest
|player|p2|
|j|☆MuseigenTest
|player|p2|MuseigenTest|102|
