|j|☆KingNoahC17
|j|☆castoriceball
|html|KingNoahC17castoriceball    
|uhtml|bestof|Game 2 of a best-of-3
|t:|1784024950
|gametype|doubles
|player|p1|KingNoahC17|alec-anime|1382
|player|p2|castoriceball|miku-flying|1339
|gen|9
|tier|[Gen 9 Champions] VGC 2026 Reg M-B (Bo3)
|rated|
|rule|Species Clause: Limit one of each Pokémon
|rule|Item Clause: Limit 1 of each item
|clearpoke
|poke|p1|Volcarona, L50, M|
|poke|p1|Milotic, L50, F|
|poke|p1|Gholdengo, L50|
|poke|p1|Sinistcha, L50|
|poke|p1|Tyranitar, L50, F|
|poke|p1|Grimmsnarl, L50, M|
|poke|p2|Garchomp, L50, M|
|poke|p2|Floette-Eternal, L50, F|
|poke|p2|Talonflame, L50, M|
|poke|p2|Rotom-Wash, L50, shiny|
|poke|p2|Annihilape, L50, M|
|poke|p2|Venusaur, L50, M|
|teampreview|4
|showteam|p1|Volcarona||SitrusBerry|FlameBody|FieryDance,StruggleBug,RagePowder,Tailwind|Timid||M|||50|]Milotic||Leftovers|Competitive|MuddyWater,Coil,Hypnosis,Recover|Calm||F|||50|]Gholdengo||LifeOrb|GoodasGold|MakeItRain,ShadowBall,NastyPlot,Protect|Modest|||||50|]Sinistcha||ColburBerry|Hospitality|MatchaGotcha,RagePowder,TrickRoom,Protect|Bold|||||50|]Tyranitar||Tyranitarite|SandStream|RockSlide,KnockOff,DragonDance,Protect|Jolly||F|||50|]Grimmsnarl||LightClay|Prankster|FakeOut,Reflect,LightScreen,PartingShot|Careful||M|||50|
|showteam|p2|Garchomp||LifeOrb|RoughSkin|DragonClaw,Earthquake,RockSlide,Protect|Adamant||M|||50|]Floette-Eternal||Floettite|FlowerVeil|Moonblast,DazzlingGleam,LightofRuin,Protect|Modest||F|||50|]Talonflame||SharpBeak|GaleWings|Tailwind,DualWingbeat,FlareBlitz,Protect|Jolly||M|||50|]Rotom-Wash||Magnet|Levitate|Thunderbolt,HydroPump,Electroweb,Protect|Modest|||||50|]Annihilape||FocusSash|Defiant|CloseCombat,PhantomForce,Taunt,HelpingHand|Jolly||M|||50|]Venusaur||Venusaurite|Chlorophyll|GigaDrain,SludgeBomb,EarthPower,Protect|Modest||M|||50|
|inactive|Battle timer is ON: inactive players will automatically lose when time's up. (requested by KingNoahC17)
|inactive|KingNoahC17 has 60 seconds left.
|
|t:|1784024994
|teamsize|p1|4
|teamsize|p2|4
|start
|switch|p1a: Milotic|Milotic, L50, F|100/100
|switch|p1b: Grimmsnarl|Grimmsnarl, L50, M|100/100
|switch|p2a: Fwog|Venusaur, L50, M|100/100
|switch|p2b: Laundry List|Rotom-Wash, L50, shiny|100/100
|turn|1
|
|t:|1784025013
|switch|p1a: Sinistcha|Sinistcha, L50|100/100
|detailschange|p2a: Fwog|Venusaur-Mega, L50, M
|-mega|p2a: Fwog|Venusaur|Venusaurite
|move|p1b: Grimmsnarl|Light Screen|p1b: Grimmsnarl
|-sidestart|p1: KingNoahC17|move: Light Screen
|move|p2b: Laundry List|Thunderbolt|p1a: Sinistcha
|-resisted|p1a: Sinistcha|1
|-damage|p1a: Sinistcha|84/100
|move|p2a: Fwog|Giga Drain|p1a: Sinistcha
|-resisted|p1a: Sinistcha|1
|-damage|p1a: Sinistcha|70/100
|
|upkeep
|turn|2
|
|t:|1784025031
|switch|p2b: Annihilape|Annihilape, L50, M|100/100
|move|p1b: Grimmsnarl|Parting Shot|p2a: Fwog
|-unboost|p2a: Fwog|atk|1
|-unboost|p2a: Fwog|spa|1
|
|t:|1784025042
|switch|p1b: Milotic|Milotic, L50, F|100/100|[from] Parting Shot
|move|p2a: Fwog|Sludge Bomb|p1b: Milotic
|-damage|p1b: Milotic|86/100
|-status|p1b: Milotic|psn
|move|p1a: Sinistcha|Matcha Gotcha|p2b: Annihilape|[spread] p2a,p2b
|-resisted|p2a: Fwog|2
|-damage|p2a: Fwog|95/100
|-heal|p1a: Sinistcha|73/100|[from] drain|[of] p2a: Fwog
|-damage|p2b: Annihilape|74/100
|-heal|p1a: Sinistcha|87/100|[from] drain|[of] p2b: Annihilape
|
|-heal|p1b: Milotic|92/100 psn|[from] item: Leftovers
|-damage|p1b: Milotic|80/100 psn|[from] psn
|upkeep
|turn|3
|
|t:|1784025056
|move|p2b: Annihilape|Close Combat|p1b: Milotic
|-damage|p1b: Milotic|33/100 psn
|-unboost|p2b: Annihilape|def|1
|-unboost|p2b: Annihilape|spd|1
|move|p2a: Fwog|Giga Drain|p1b: Milotic
|-supereffective|p1b: Milotic|1
|-damage|p1b: Milotic|13/100 psn
|-heal|p2a: Fwog|100/100|[from] drain|[of] p1b: Milotic
|move|p1b: Milotic|Coil|p1b: Milotic
|-boost|p1b: Milotic|atk|1
|-boost|p1b: Milotic|def|1
|-boost|p1b: Milotic|accuracy|1
|move|p1a: Sinistcha|Trick Room|p1a: Sinistcha
|-fieldstart|move: Trick Room|[of] p1a: Sinistcha
|
|-heal|p1b: Milotic|19/100 psn|[from] item: Leftovers
|-damage|p1b: Milotic|6/100 psn|[from] psn
|upkeep
|turn|4
|inactive|castoriceball has 30 seconds left.
|
|t:|1784025083
|move|p2b: Annihilape|Helping Hand|p2a: Fwog
|-singleturn|p2a: Fwog|Helping Hand|[of] p2b: Annihilape
|move|p1a: Sinistcha|Matcha Gotcha|p2b: Annihilape|[spread] p2a,p2b
|-resisted|p2a: Fwog|2
|-damage|p2a: Fwog|95/100
|-heal|p1a: Sinistcha|89/100|[from] drain|[of] p2a: Fwog
|-damage|p2b: Annihilape|35/100
|-heal|p1a: Sinistcha|100/100|[from] drain|[of] p2b: Annihilape
|move|p1b: Milotic|Recover|p1b: Milotic
|-heal|p1b: Milotic|56/100 psn
|move|p2a: Fwog|Sludge Bomb|p1a: Sinistcha
|-damage|p1a: Sinistcha|67/100
|
|-heal|p1b: Milotic|62/100 psn|[from] item: Leftovers
|-damage|p1b: Milotic|50/100g psn|[from] psn
|upkeep
|turn|5
|
|t:|1784025102
|switch|p1a: Gholdengo|Gholdengo, L50|100/100
|move|p1b: Milotic|Muddy Water|p2a: Fwog|[spread] p2a,p2b
|-resisted|p2a: Fwog|1
|-damage|p2a: Fwog|85/100
|-damage|p2b: Annihilape|0 fnt
|-unboost|p2a: Fwog|accuracy|1
|faint|p2b: Annihilape
|move|p2a: Fwog|Sludge Bomb|p1a: Gholdengo
|-immune|p1a: Gholdengo
|
|-heal|p1b: Milotic|56/100 psn|[from] item: Leftovers
|-damage|p1b: Milotic|44/100 psn|[from] psn
|upkeep
|
|t:|1784025116
|switch|p2b: Laundry List|Rotom-Wash, L50, shiny|100/100
|turn|6
|
|t:|1784025125
|switch|p2a: jarchomp|Garchomp, L50, M|100/100
|move|p1b: Milotic|Hypnosis|p2b: Laundry List
|-status|p2b: Laundry List|slp|[from] move: Hypnosis
|cant|p2b: Laundry List|slp
|move|p1a: Gholdengo|Nasty Plot|p1a: Gholdengo
|-boost|p1a: Gholdengo|spa|2
|
|-heal|p1b: Milotic|50/100y psn|[from] item: Leftovers
|-damage|p1b: Milotic|37/100 psn|[from] psn
|upkeep
|turn|7
|
|t:|1784025143
|move|p2a: jarchomp|Protect|p2a: jarchomp
|-singleturn|p2a: jarchomp|Protect
|move|p1b: Milotic|Recover|p1b: Milotic
|-heal|p1b: Milotic|87/100 psn
|cant|p2b: Laundry List|slp
|move|p1a: Gholdengo|Make It Rain|p2a: jarchomp|[spread] p2b
|-activate|p2a: jarchomp|move: Protect
|-resisted|p2b: Laundry List|2
|-damage|p2b: Laundry List|69/100 slp
|-unboost|p1a: Gholdengo|spa|2
|-damage|p1a: Gholdengo|90/100|[from] item: Life Orb
|
|-heal|p1b: Milotic|93/100 psn|[from] item: Leftovers
|-damage|p1b: Milotic|81/100 psn|[from] psn
|-fieldend|move: Trick Room
|upkeep
|turn|8
|
|t:|1784025159
|move|p1a: Gholdengo|Protect|p1a: Gholdengo
|-singleturn|p1a: Gholdengo|Protect
|move|p2a: jarchomp|Earthquake|p1a: Gholdengo|[spread] p1b
|-activate|p1a: Gholdengo|move: Protect
|-immune|p2b: Laundry List|[from] ability: Levitate
|-damage|p1b: Milotic|49/100 psn
|-damage|p2a: jarchomp|90/100|[from] item: Life Orb
|-curestatus|p2b: Laundry List|slp|[msg]
|move|p2b: Laundry List|Thunderbolt|p1b: Milotic
|-supereffective|p1b: Milotic|1
|-damage|p1b: Milotic|7/100 psn
|move|p1b: Milotic|Hypnosis|p2a: jarchomp
|-status|p2a: jarchomp|slp|[from] move: Hypnosis
|
|-heal|p1b: Milotic|13/100 psn|[from] item: Leftovers
|-damage|p1b: Milotic|1/100 psn|[from] psn
|-sideend|p1: KingNoahC17|move: Light Screen
|upkeep
|turn|9
|
|t:|1784025178
|switch|p1b: Grimmsnarl|Grimmsnarl, L50, M|100/100
|cant|p2a: jarchomp|slp
|move|p1a: Gholdengo|Nasty Plot|p1a: Gholdengo
|-boost|p1a: Gholdengo|spa|2
|move|p2b: Laundry List|Electroweb|p1a: Gholdengo|[spread] p1a,p1b
|-damage|p1a: Gholdengo|64/100
|-damage|p1b: Grimmsnarl|79/100
|-unboost|p1a: Gholdengo|spe|1
|-unboost|p1b: Grimmsnarl|spe|1
|
|upkeep
|turn|10
|
|t:|1784025195
|move|p2b: Laundry List|Protect|p2b: Laundry List
|-singleturn|p2b: Laundry List|Protect
|move|p1a: Gholdengo|Protect|p1a: Gholdengo
|-singleturn|p1a: Gholdengo|Protect
|move|p1b: Grimmsnarl|Reflect|p1b: Grimmsnarl
|-sidestart|p1: KingNoahC17|Reflect
|cant|p2a: jarchomp|slp
|
|upkeep
|turn|11
|
|t:|1784025211
|move|p1b: Grimmsnarl|Parting Shot|p2a: jarchomp
|-unboost|p2a: jarchomp|atk|1
|-unboost|p2a: jarchomp|spa|1
|
|t:|1784025214
|switch|p1b: Sinistcha|Sinistcha, L50|67/100|[from] Parting Shot
|-heal|p1a: Gholdengo|89/100|[from] ability: Hospitality|[of] p1b: Sinistcha
|-curestatus|p2a: jarchomp|slp|[msg]
|move|p2a: jarchomp|Earthquake|p1a: Gholdengo|[spread] p1a,p1b
|-immune|p2b: Laundry List|[from] ability: Levitate
|-supereffective|p1a: Gholdengo|1
|-resisted|p1b: Sinistcha|1
|-damage|p1a: Gholdengo|34/100
|-damage|p1b: Sinistcha|57/100
|-damage|p2a: jarchomp|80/100|[from] item: Life Orb
|move|p2b: Laundry List|Thunderbolt|p1a: Gholdengo
|-damage|p1a: Gholdengo|0 fnt
|faint|p1a: Gholdengo
|
|upkeep
|
|t:|1784025228
|switch|p1a: Grimmsnarl|Grimmsnarl, L50, M|79/100
|turn|12
|
|t:|1784025234
|move|p1a: Grimmsnarl|Fake Out|p2a: jarchomp
|-damage|p2a: jarchomp|68/100
|-damage|p1a: Grimmsnarl|66/100|[from] ability: Rough Skin|[of] p2a: jarchomp
|cant|p2a: jarchomp|flinch
|move|p2b: Laundry List|Thunderbolt|p1b: Sinistcha
|-resisted|p1b: Sinistcha|1
|-damage|p1b: Sinistcha|30/100
|move|p1b: Sinistcha|Matcha Gotcha|p2a: jarchomp|[spread] p2b
|-miss|p1b: Sinistcha|p2a: jarchomp
|-supereffective|p2b: Laundry List|1
|-damage|p2b: Laundry List|19/100
|-heal|p1b: Sinistcha|52/100|[from] drain|[of] p2b: Laundry List
|
|upkeep
|turn|13
|
|t:|1784025246
|move|p2a: jarchomp|Protect|p2a: jarchomp
|-singleturn|p2a: jarchomp|Protect
|move|p2b: Laundry List|Protect|p2b: Laundry List
|-singleturn|p2b: Laundry List|Protect
|move|p1a: Grimmsnarl|Light Screen|p1a: Grimmsnarl
|-sidestart|p1: KingNoahC17|move: Light Screen
|move|p1b: Sinistcha|Matcha Gotcha|p2a: jarchomp|[spread] 
|-activate|p2a: jarchomp|move: Protect
|-activate|p2b: Laundry List|move: Protect
|
|upkeep
|turn|14
|
|t:|1784025263
|move|p1a: Grimmsnarl|Parting Shot|p2a: jarchomp
|-unboost|p2a: jarchomp|atk|1
|-unboost|p2a: jarchomp|spa|1
|
|t:|1784025267
|switch|p1a: Milotic|Milotic, L50, F|1/100 psn|[from] Parting Shot
|move|p2a: jarchomp|Dragon Claw|p1b: Sinistcha
|-damage|p1b: Sinistcha|38/100
|-damage|p2a: jarchomp|59/100|[from] item: Life Orb
|move|p2b: Laundry List|Thunderbolt|p1a: Milotic
|-supereffective|p1a: Milotic|1
|-damage|p1a: Milotic|0 fnt
|faint|p1a: Milotic
|move|p1b: Sinistcha|Matcha Gotcha|p2a: jarchomp|[spread] p2b
|-miss|p1b: Sinistcha|p2a: jarchomp
|-supereffective|p2b: Laundry List|1
|-damage|p2b: Laundry List|0 fnt
|-heal|p1b: Sinistcha|46/100|[from] drain|[of] p2b: Laundry List
|faint|p2b: Laundry List
|
|upkeep
|
|t:|1784025277
|switch|p2b: Fwog|Venusaur-Mega, L50, M|85/100
|switch|p1a: Grimmsnarl|Grimmsnarl, L50, M|66/100
|turn|15
|
|t:|1784025284
|move|p1a: Grimmsnarl|Fake Out|p2b: Fwog
|-damage|p2b: Fwog|75/100
|move|p2a: jarchomp|Dragon Claw|p1b: Sinistcha
|-damage|p1b: Sinistcha|31/100
|-damage|p2a: jarchomp|49/100|[from] item: Life Orb
|cant|p2b: Fwog|flinch
|move|p1b: Sinistcha|Matcha Gotcha|p2b: Fwog|[spread] p2a,p2b
|-resisted|p2b: Fwog|2
|-damage|p2a: jarchomp|22/100
|-heal|p1b: Sinistcha|46/100|[from] drain|[of] p2a: jarchomp
|-damage|p2b: Fwog|71/100
|-heal|p1b: Sinistcha|48/100|[from] drain|[of] p2b: Fwog
|
|upkeep
|turn|16
|
|t:|1784025306
|move|p1b: Sinistcha|Protect|p1b: Sinistcha
|-singleturn|p1b: Sinistcha|Protect
|move|p1a: Grimmsnarl|Parting Shot|p2b: Fwog
|-unboost|p2b: Fwog|atk|1
|-unboost|p2b: Fwog|spa|1
|move|p2a: jarchomp|Dragon Claw|p1b: Sinistcha
|-activate|p1b: Sinistcha|move: Protect
|move|p2b: Fwog|Sludge Bomb|p1b: Sinistcha
|-activate|p1b: Sinistcha|move: Protect
|
|upkeep
|turn|17
|
|t:|1784025322
|move|p1a: Grimmsnarl|Parting Shot|p2b: Fwog
|-unboost|p2b: Fwog|atk|1
|-unboost|p2b: Fwog|spa|1
|move|p2a: jarchomp|Rock Slide|p1b: Sinistcha|[spread] p1a
|-miss|p2a: jarchomp|p1b: Sinistcha
|-damage|p1a: Grimmsnarl|57/100
|-damage|p2a: jarchomp|12/100|[from] item: Life Orb
|move|p2b: Fwog|Sludge Bomb|p1b: Sinistcha
|-crit|p1b: Sinistcha
|-damage|p1b: Sinistcha|0 fnt
|faint|p1b: Sinistcha
|
|-sideend|p1: KingNoahC17|Reflect
|upkeep
|turn|18
|
|t:|1784025341
|move|p2a: jarchomp|Protect|p2a: jarchomp
|-singleturn|p2a: jarchomp|Protect
|move|p1a: Grimmsnarl|Parting Shot|p2b: Fwog
|-unboost|p2b: Fwog|atk|1
|-unboost|p2b: Fwog|spa|1
|move|p2b: Fwog|Sludge Bomb|p1a: Grimmsnarl
|-supereffective|p1a: Grimmsnarl|1
|-damage|p1a: Grimmsnarl|37/100
|-status|p1a: Grimmsnarl|psn
|
|-damage|p1a: Grimmsnarl|25/100 psn|[from] psn
|upkeep
|turn|19
|
|t:|1784025352
|move|p1a: Grimmsnarl|Parting Shot|p2a: jarchomp
|-unboost|p2a: jarchomp|atk|1
|-unboost|p2a: jarchomp|spa|1
|move|p2a: jarchomp|Rock Slide|p1a: Grimmsnarl|[miss]
|-miss|p2a: jarchomp|p1a: Grimmsnarl
|move|p2b: Fwog|Sludge Bomb|p1a: Grimmsnarl
|-supereffective|p1a: Grimmsnarl|1
|-damage|p1a: Grimmsnarl|4/100 psn
|
|-damage|p1a: Grimmsnarl|0 fnt|[from] psn
|faint|p1a: Grimmsnarl
|
|win|castoriceball
|raw|KingNoahC17's rating: 1382 → 1360(-22 for losing)
|raw|castoriceball's rating: 1339 → 1361(+22 for winning)
