|j|☆Blaccmoneytree
|j|☆tang de maracuja
|html|Blaccmoneytreetang de maracuja    
|uhtml|bestof|Game 1 of a best-of-3
|t:|1784564393
|gametype|doubles
|player|p1|Blaccmoneytree|169|1088
|player|p2|tang de maracuja|morty|1072
|gen|9
|tier|[Gen 9 Champions] VGC 2026 Reg M-B (Bo3)
|rated|
|rule|Species Clause: Limit one of each Pokémon
|rule|Item Clause: Limit 1 of each item
|clearpoke
|poke|p1|Gengar, L50, M, shiny|
|poke|p1|Archaludon, L50, M|
|poke|p1|Politoed, L50, F, shiny|
|poke|p1|Swampert, L50, M, shiny|
|poke|p1|Vivillon-Pokeball, L50, M|
|poke|p1|Incineroar, L50, F, shiny|
|poke|p2|Gengar, L50, F|
|poke|p2|Archaludon, L50, M|
|poke|p2|Politoed, L50, M|
|poke|p2|Swampert, L50, F|
|poke|p2|Vivillon, L50, M|
|poke|p2|Incineroar, L50, F|
|teampreview|4
|showteam|p1|Gengar||Gengarite|CursedBody|ShadowBall,SludgeBomb,PerishSong,Protect|Modest||M|||50|]Archaludon||Leftovers|Stamina|ElectroShot,DragonPulse,FlashCannon,Protect|Bold||M|||50|]Politoed||SitrusBerry|Drizzle|WeatherBall,Hypnosis,PerishSong,Protect|Calm||F|||50|]Swampert||Swampertite|Torrent|WaveCrash,Earthquake,IcePunch,Protect|Adamant||M|||50|]Vivillon-Pokeball||FocusSash|CompoundEyes|Hurricane,SleepPowder,RagePowder,Protect|Timid||M|||50|]Incineroar||PasshoBerry|Intimidate|ThroatChop,FakeOut,PartingShot,Protect|Impish||F|||50|
|showteam|p2|Gengar||Gengarite|CursedBody|ShadowBall,SludgeBomb,PerishSong,Protect|Modest||F|||50|]Archaludon||Leftovers|Stamina|ElectroShot,DragonPulse,FlashCannon,Protect|Bold||M|||50|]Politoed||SitrusBerry|Drizzle|WeatherBall,Hypnosis,PerishSong,Protect|Calm||M|||50|]Swampert||Swampertite|Torrent|WaveCrash,Earthquake,IcePunch,Protect|Adamant||F|||50|]Vivillon||FocusSash|CompoundEyes|Hurricane,SleepPowder,RagePowder,Protect|Timid||M|||50|]Incineroar||PasshoBerry|Intimidate|ThroatChop,FakeOut,PartingShot,Protect|Impish||F|||50|
|inactive|Battle timer is ON: inactive players will automatically lose when time's up. (requested by tang de maracuja)
|
|t:|1784564423
|teamsize|p1|4
|teamsize|p2|4
|start
|switch|p1a: Swampert|Swampert, L50, M, shiny|100/100
|switch|p1b: Politoed|Politoed, L50, F, shiny|100/100
|switch|p2a: Gengar|Gengar, L50, F|100/100
|switch|p2b: Vivillon|Vivillon, L50, M|100/100
|-weather|RainDance|[from] ability: Drizzle|[of] p1b: Politoed
|turn|1
|
|t:|1784564447
|detailschange|p2a: Gengar|Gengar-Mega, L50, F
|-mega|p2a: Gengar|Gengar|Gengarite
|detailschange|p1a: Swampert|Swampert-Mega, L50, M, shiny
|-mega|p1a: Swampert|Swampert|Swampertite
|move|p1a: Swampert|Ice Punch|p2b: Vivillon
|-supereffective|p2b: Vivillon|1
|-enditem|p2b: Vivillon|Focus Sash
|-damage|p2b: Vivillon|1/100
|move|p2a: Gengar|Shadow Ball|p1a: Swampert
|-damage|p1a: Swampert|57/100
|-unboost|p1a: Swampert|spd|1
|move|p2b: Vivillon|Sleep Powder|p1a: Swampert
|-status|p1a: Swampert|slp|[from] move: Sleep Powder
|move|p1b: Politoed|Weather Ball|p2b: Vivillon
|-damage|p2b: Vivillon|0 fnt
|faint|p2b: Vivillon
|
|-weather|RainDance|[upkeep]
|upkeep
|
|t:|1784564454
|switch|p2b: Archaludon|Archaludon, L50, M|100/100
|turn|2
|
|t:|1784564475
|cant|p1a: Swampert|slp
|move|p2a: Gengar|Shadow Ball|p1a: Swampert
|-damage|p1a: Swampert|0 fnt
|faint|p1a: Swampert
|move|p2b: Archaludon|Electro Shot||[still]
|-prepare|p2b: Archaludon|Electro Shot
|-boost|p2b: Archaludon|spa|1
|-anim|p2b: Archaludon|Electro Shot|p1b: Politoed
|-supereffective|p1b: Politoed|1
|-damage|p1b: Politoed|20/100y
|-enditem|p1b: Politoed|Sitrus Berry|[eat]
|-heal|p1b: Politoed|45/100|[from] item: Sitrus Berry
|move|p1b: Politoed|Hypnosis|p2a: Gengar
|-status|p2a: Gengar|slp|[from] move: Hypnosis
|
|-weather|RainDance|[upkeep]
|upkeep
|
|t:|1784564492
|switch|p1a: Archaludon|Archaludon, L50, M|100/100
|turn|3
|
|t:|1784564516
|move|p1b: Politoed|Protect|p1b: Politoed
|-singleturn|p1b: Politoed|Protect
|cant|p2a: Gengar|slp
|move|p1a: Archaludon|Electro Shot||[still]
|-prepare|p1a: Archaludon|Electro Shot
|-boost|p1a: Archaludon|spa|1
|-anim|p1a: Archaludon|Electro Shot|p2a: Gengar
|-damage|p2a: Gengar|52/100 slp
|move|p2b: Archaludon|Electro Shot||[still]
|-prepare|p2b: Archaludon|Electro Shot
|-boost|p2b: Archaludon|spa|1
|-anim|p2b: Archaludon|Electro Shot|p1b: Politoed
|-activate|p1b: Politoed|move: Protect
|
|-weather|RainDance|[upkeep]
|upkeep
|turn|4
|inactive|Blaccmoneytree has 30 seconds left.
|inactive|Blaccmoneytree has 20 seconds left.
|inactive|Blaccmoneytree has 15 seconds left.
|
|t:|1784564561
|cant|p2a: Gengar|slp
|move|p2b: Archaludon|Dragon Pulse|p1a: Archaludon
|-damage|p1a: Archaludon|29/100
|-ability|p1a: Archaludon|Stamina|boost
|-boost|p1a: Archaludon|def|1
|move|p1a: Archaludon|Electro Shot||[still]
|-prepare|p1a: Archaludon|Electro Shot
|-boost|p1a: Archaludon|spa|1
|-anim|p1a: Archaludon|Electro Shot|p2a: Gengar
|-damage|p2a: Gengar|0 fnt
|faint|p2a: Gengar
|move|p1b: Politoed|Hypnosis|p2b: Archaludon
|-status|p2b: Archaludon|slp|[from] move: Hypnosis
|
|-weather|RainDance|[upkeep]
|-heal|p1a: Archaludon|35/100|[from] item: Leftovers
|upkeep
|
|t:|1784564571
|switch|p2a: Politoed|Politoed, L50, M|100/100
|turn|5
|
|t:|1784564592
|switch|p1b: Vivillon|Vivillon-Pokeball, L50, M|100/100
|move|p1a: Archaludon|Dragon Pulse|p2b: Archaludon
|-damage|p2b: Archaludon|32/100 slp
|-ability|p2b: Archaludon|Stamina|boost
|-boost|p2b: Archaludon|def|1
|cant|p2b: Archaludon|slp
|move|p2a: Politoed|Hypnosis|p1a: Archaludon
|-status|p1a: Archaludon|slp|[from] move: Hypnosis
|
|-weather|none
|-heal|p1a: Archaludon|41/100 slp|[from] item: Leftovers
|-heal|p2b: Archaludon|38/100 slp|[from] item: Leftovers
|upkeep
|turn|6
|inactive|Blaccmoneytree has 30 seconds left.
|
|t:|1784564621
|move|p2a: Politoed|Protect|p2a: Politoed
|-singleturn|p2a: Politoed|Protect
|move|p1b: Vivillon|Sleep Powder|p2a: Politoed
|-activate|p2a: Politoed|move: Protect
|cant|p1a: Archaludon|slp
|cant|p2b: Archaludon|slp
|
|-heal|p1a: Archaludon|47/100 slp|[from] item: Leftovers
|-heal|p2b: Archaludon|44/100 slp|[from] item: Leftovers
|upkeep
|turn|7
|
|t:|1784564639
|-curestatus|p1a: Archaludon|slp|[msg]
|move|p1a: Archaludon|Protect|p1a: Archaludon
|-singleturn|p1a: Archaludon|Protect
|move|p1b: Vivillon|Rage Powder|p1b: Vivillon
|-singleturn|p1b: Vivillon|move: Rage Powder
|-curestatus|p2b: Archaludon|slp|[msg]
|move|p2b: Archaludon|Dragon Pulse|p1b: Vivillon
|-enditem|p1b: Vivillon|Focus Sash
|-damage|p1b: Vivillon|1/100
|move|p2a: Politoed|Hypnosis|p1b: Vivillon
|-status|p1b: Vivillon|slp|[from] move: Hypnosis
|
|-heal|p1a: Archaludon|53/100|[from] item: Leftovers
|-heal|p2b: Archaludon|50/100g|[from] item: Leftovers
|upkeep
|turn|8
|inactive|Blaccmoneytree has 30 seconds left.
|
|t:|1784564668
|switch|p1b: Politoed|Politoed, L50, F, shiny|45/100
|-weather|RainDance|[from] ability: Drizzle|[of] p1b: Politoed
|move|p2b: Archaludon|Dragon Pulse|p1a: Archaludon
|-damage|p1a: Archaludon|0 fnt
|faint|p1a: Archaludon
|move|p2a: Politoed|Weather Ball|p1b: Politoed
|-resisted|p1b: Politoed|1
|-damage|p1b: Politoed|28/100
|
|-weather|RainDance|[upkeep]
|-heal|p2b: Archaludon|56/100|[from] item: Leftovers
|upkeep
|
|t:|1784564679
|switch|p1a: Vivillon|Vivillon-Pokeball, L50, M|1/100 slp
|turn|9
|
|t:|1784564686
|cant|p1a: Vivillon|slp
|move|p2b: Archaludon|Electro Shot||[still]
|-prepare|p2b: Archaludon|Electro Shot
|-boost|p2b: Archaludon|spa|1
|-anim|p2b: Archaludon|Electro Shot|p1b: Politoed
|-supereffective|p1b: Politoed|1
|-damage|p1b: Politoed|0 fnt
|faint|p1b: Politoed
|move|p2a: Politoed|Weather Ball|p1a: Vivillon
|-damage|p1a: Vivillon|0 fnt
|faint|p1a: Vivillon
|
|win|tang de maracuja
||tang de maracuja is ready for game 2.
|l|☆Blaccmoneytree
|player|p1|
||Blaccmoneytree is ready for game 2.
|uhtml|next|Next: Game 2 of 3
