|j|☆Hadrian1917
|j|☆hamlessmel
|html|Hadrian1917hamlessmel    
|uhtml|bestof|Game 1 of a best-of-3
|t:|1756937990
|gametype|doubles
|player|p1|Hadrian1917|1|1136
|player|p2|hamlessmel|dawn-gen4pt|1179
|gen|9
|tier|[Gen 9] VGC 2025 Reg H (Bo3)
|rated|
|rule|Species Clause: Limit one of each Pokémon
|rule|Item Clause: Limit 1 of each item
|clearpoke
|poke|p1|Annihilape, L50, M|
|poke|p1|Dragonite, L50, F|
|poke|p1|Ursaluna-Bloodmoon, L50, M|
|poke|p1|Rillaboom, L50, F|
|poke|p1|Gholdengo, L50|
|poke|p1|Maushold, L50|
|poke|p2|Annihilape, L50, F|
|poke|p2|Dragonite, L50, F|
|poke|p2|Gholdengo, L50|
|poke|p2|Ursaluna-Bloodmoon, L50, M|
|poke|p2|Incineroar, L50, F|
|poke|p2|Rillaboom, L50, F|
|teampreview|4
|showteam|p1|Annihilape||SitrusBerry|Defiant|Protect,BulkUp,RageFist,DrainPunch|||M|||50|,,,,,Fire]Dragonite||LoadedDice|Multiscale|Protect,ScaleShot,Haze,Tailwind|||F|||50|,,,,,Steel]Ursaluna-Bloodmoon||AssaultVest|MindsEye|HyperVoice,EarthPower,BloodMoon,VacuumWave|||M|||50|,,,,,Dragon]Rillaboom||MiracleSeed|GrassySurge|FakeOut,WoodHammer,GrassyGlide,HighHorsepower|||F|||50|,,,,,Fire]Gholdengo||LifeOrb|GoodasGold|Protect,NastyPlot,ShadowBall,MakeItRain||||||50|,,,,,Water]Maushold||FocusSash|FriendGuard|Protect,BeatUp,FollowMe,SuperFang||||||50|,,,,,Ghost
|showteam|p2|Annihilape||Leftovers|VitalSpirit|BulkUp,Protect,RageFist,DrainPunch|||F|||50|,,,,,Grass]Dragonite||LoadedDice|Multiscale|Protect,Tailwind,ScaleShot,StompingTantrum|||F|||50|,,,,,Steel]Gholdengo||MetalCoat|GoodasGold|MakeItRain,Protect,NastyPlot,ShadowBall||||||50|,,,,,Steel]Ursaluna-Bloodmoon||LifeOrb|MindsEye|Protect,BloodMoon,EarthPower,VacuumWave|||M|||50|,,,,,Normal]Incineroar||SafetyGoggles|Intimidate|FakeOut,FlareBlitz,KnockOff,PartingShot|||F|||50|,,,,,Ghost]Rillaboom||AssaultVest|GrassySurge|StompingTantrum,GrassyGlide,FakeOut,WoodHammer|||F|||50|,,,,,Water
|inactive|Battle timer is ON: inactive players will automatically lose when time's up. (requested by Hadrian1917)
|
|t:|1756938049
|teamsize|p1|4
|teamsize|p2|4
|start
|switch|p1a: Annihilape|Annihilape, L50, M, shiny|100/100
|switch|p1b: Dragonite|Dragonite, L50, F, shiny|100/100
|switch|p2a: Dragonite|Dragonite, L50, F|100/100
|switch|p2b: Rillaboom|Rillaboom, L50, F|100/100
|-fieldstart|move: Grassy Terrain|[from] ability: Grassy Surge|[of] p2b: Rillaboom
|turn|1
|inactive|Hadrian1917 has 30 seconds left.
|inactive|hamlessmel has 30 seconds left.
|inactive|Hadrian1917 has 20 seconds left.
|
|t:|1756938087
|move|p1b: Dragonite|Protect|p1b: Dragonite
|-singleturn|p1b: Dragonite|Protect
|move|p2a: Dragonite|Protect|p2a: Dragonite
|-singleturn|p2a: Dragonite|Protect
|move|p1a: Annihilape|Bulk Up|p1a: Annihilape
|-boost|p1a: Annihilape|atk|1
|-boost|p1a: Annihilape|def|1
|move|p2b: Rillaboom|Wood Hammer|p1a: Annihilape
|-damage|p1a: Annihilape|44/100
|-enditem|p1a: Annihilape|Sitrus Berry|[eat]
|-heal|p1a: Annihilape|69/100|[from] item: Sitrus Berry
|-damage|p2b: Rillaboom|80/100|[from] Recoil
|
|-heal|p1a: Annihilape|75/100|[from] Grassy Terrain
|-heal|p2b: Rillaboom|86/100|[from] Grassy Terrain
|upkeep
|turn|2
|inactive|Hadrian1917 has 30 seconds left.
|inactive|hamlessmel has 30 seconds left.
|inactive|Hadrian1917 has 20 seconds left.
|inactive|hamlessmel has 20 seconds left.
|inactive|hamlessmel has 15 seconds left.
|inactive|hamlessmel has 10 seconds left.
|
|t:|1756938132
|-terastallize|p1a: Annihilape|Fire
|-terastallize|p2a: Dragonite|Steel
|move|p1a: Annihilape|Bulk Up|p1a: Annihilape
|-boost|p1a: Annihilape|atk|1
|-boost|p1a: Annihilape|def|1
|move|p1b: Dragonite|Tailwind|p1b: Dragonite
|-sidestart|p1: Hadrian1917|move: Tailwind
|move|p2a: Dragonite|Tailwind|p2a: Dragonite
|-sidestart|p2: hamlessmel|move: Tailwind
|move|p2b: Rillaboom|Stomping Tantrum|p1b: Dragonite
|-immune|p1b: Dragonite
|
|-heal|p1a: Annihilape|81/100|[from] Grassy Terrain
|-heal|p2b: Rillaboom|92/100|[from] Grassy Terrain
|upkeep
|turn|3
|inactive|Hadrian1917 has 30 seconds left.
|inactive|hamlessmel has 30 seconds left.
|
|t:|1756938167
|switch|p2b: Ursaluna|Ursaluna-Bloodmoon, L50, M|100/100
|move|p1a: Annihilape|Protect|p1a: Annihilape
|-singleturn|p1a: Annihilape|Protect
|move|p2a: Dragonite|Protect|p2a: Dragonite
|-singleturn|p2a: Dragonite|Protect
|move|p1b: Dragonite|Scale Shot|p2a: Dragonite
|-activate|p2a: Dragonite|move: Protect
|
|-heal|p1a: Annihilape|88/100|[from] Grassy Terrain
|upkeep
|turn|4
|inactive|Hadrian1917 has 30 seconds left.
|
|t:|1756938201
|move|p2b: Ursaluna|Protect|p2b: Ursaluna
|-singleturn|p2b: Ursaluna|Protect
|move|p1a: Annihilape|Drain Punch|p2b: Ursaluna
|-activate|p2b: Ursaluna|move: Protect
|move|p1b: Dragonite|Scale Shot|p2a: Dragonite|[miss]
|-miss|p1b: Dragonite|p2a: Dragonite
|move|p2a: Dragonite|Scale Shot|p1b: Dragonite
|-supereffective|p1b: Dragonite
|-damage|p1b: Dragonite|85/100
|-supereffective|p1b: Dragonite
|-damage|p1b: Dragonite|53/100
|-supereffective|p1b: Dragonite
|-damage|p1b: Dragonite|21/100
|-supereffective|p1b: Dragonite
|-damage|p1b: Dragonite|0 fnt
|faint|p1b: Dragonite
|-hitcount|p1: Dragonite|4
|-unboost|p2a: Dragonite|def|1
|-boost|p2a: Dragonite|spe|1
|
|-heal|p1a: Annihilape|94/100|[from] Grassy Terrain
|upkeep
|
|t:|1756938220
|switch|p1b: Maushold|Maushold, L50, shiny|100/100
|turn|5
|
|t:|1756938229
|move|p1b: Maushold|Protect|p1b: Maushold
|-singleturn|p1b: Maushold|Protect
|move|p2a: Dragonite|Protect|p2a: Dragonite
|-singleturn|p2a: Dragonite|Protect
|move|p1a: Annihilape|Drain Punch|p2b: Ursaluna
|-supereffective|p2b: Ursaluna
|-damage|p2b: Ursaluna|13/100
|-heal|p1a: Annihilape|100/100|[from] drain|[of] p2b: Ursaluna
|move|p2b: Ursaluna|Earth Power|p1a: Annihilape
|-supereffective|p1a: Annihilape
|-damage|p1a: Annihilape|0 fnt
|faint|p1a: Annihilape
|-damage|p2b: Ursaluna|3/100|[from] item: Life Orb
|
|-heal|p2b: Ursaluna|9/100|[from] Grassy Terrain
|-sideend|p2: hamlessmel|move: Tailwind
|-sideend|p1: Hadrian1917|move: Tailwind
|-fieldend|move: Grassy Terrain
|upkeep
|-message|Hadrian1917 forfeited.
|
|win|hamlessmel
||hamlessmel is ready for game 2.
||Hadrian1917 is ready for game 2.
|uhtml|next|Next: Game 2 of 3
|l|☆hamlessmel
|player|p2|
