|j|☆eklyst
|j|☆I LOVE KOMMO-O
|html|eklystI LOVE KOMMO-O    
|uhtml|bestof|Game 2 of a best-of-3
|t:|1756866802
|gametype|doubles
|player|p1|eklyst|pokemaniac|1103
|player|p2|I LOVE KOMMO-O|n|1144
|gen|9
|tier|[Gen 9] VGC 2025 Reg H (Bo3)
|rated|
|rule|Species Clause: Limit one of each Pokémon
|rule|Item Clause: Limit 1 of each item
|clearpoke
|poke|p1|Ursaluna-Bloodmoon, L50, M|
|poke|p1|Incineroar, L50, M|
|poke|p1|Rillaboom, L50, F|
|poke|p1|Farigiraf, L50, M|
|poke|p1|Sneasler, L50, M|
|poke|p1|Volcarona, L50, M|
|poke|p2|Drifblim, L50, F|
|poke|p2|Indeedee, L50, M|
|poke|p2|Kommo-o, L50, F|
|poke|p2|Hydreigon, L50, M|
|poke|p2|Ursaluna-Bloodmoon, L50, M|
|poke|p2|Arcanine-Hisui, L50, M|
|teampreview|4
|showteam|p1|Ursaluna-Bloodmoon||LifeOrb|MindsEye|HyperVoice,BloodMoon,EarthPower,Protect|||M|||50|,,,,,Normal]Incineroar||SitrusBerry|Intimidate|FakeOut,FlareBlitz,KnockOff,PartingShot|||M|||50|,,,,,Bug]Rillaboom||AssaultVest|GrassySurge|Uturn,WoodHammer,GrassyGlide,FakeOut|||F|||50|,,,,,Fire]Farigiraf||ThroatSpray|ArmorTail|HyperVoice,Protect,Psychic,TrickRoom|||M|||50|,,,,,Fairy]Sneasler||FocusSash|Unburden|CloseCombat,Protect,FakeOut,ThroatChop|||M|||50|,,,,,Dark]Volcarona||CovertCloak|FlameBody|HeatWave,Protect,StruggleBug,RagePowder|||M|||50|,,,,,Water
|showteam|p2|Drifblim||PsychicSeed|Unburden|Acrobatics,Tailwind,WillOWisp,StrengthSap|||F|||50|,,,,,Grass]Indeedee||FocusSash|PsychicSurge|ExpandingForce,TeraBlast,TrickRoom,Imprison|||M|||50|,,,,,Fairy]Kommo-o||Leftovers|Soundproof|BodyPress,Flamethrower,IronDefense,Protect|||F|||50|,,,,,Fire]Hydreigon||AssaultVest|Levitate|DarkPulse,Snarl,EarthPower,DracoMeteor|||M|||50|,,,,,Ghost]Ursaluna-Bloodmoon||LifeOrb|MindsEye|HyperVoice,BloodMoon,EarthPower,Protect|||M|||50|,,,,,Normal]Arcanine-Hisui||SafetyGoggles|Intimidate|RockSlide,FlareBlitz,WillOWisp,Protect|||M|||50|,,,,,Water
|
|t:|1756866836
|teamsize|p1|4
|teamsize|p2|4
|start
|switch|p1a: Farigiraf|Farigiraf, L50, M|100/100
|switch|p1b: Volcarona|Volcarona, L50, M|100/100
|switch|p2a: Kommo-o|Kommo-o, L50, F|100/100
|switch|p2b: Hydreigon|Hydreigon, L50, M|100/100
|turn|1
|
|t:|1756866866
|-terastallize|p2a: Kommo-o|Fire
|-terastallize|p1a: Farigiraf|Fairy
|move|p1b: Volcarona|Struggle Bug|p2b: Hydreigon|[spread] p2a,p2b
|-resisted|p2a: Kommo-o
|-supereffective|p2b: Hydreigon
|-damage|p2a: Kommo-o|92/100
|-damage|p2b: Hydreigon|76/100
|-unboost|p2a: Kommo-o|spa|1
|-unboost|p2b: Hydreigon|spa|1
|move|p2b: Hydreigon|Snarl|p1b: Volcarona|[spread] p1a,p1b
|-resisted|p1a: Farigiraf
|-crit|p1a: Farigiraf
|-damage|p1a: Farigiraf|86/100
|-damage|p1b: Volcarona|87/100
|-unboost|p1a: Farigiraf|spa|1
|move|p2a: Kommo-o|Iron Defense|p2a: Kommo-o
|-boost|p2a: Kommo-o|def|2
|move|p1a: Farigiraf|Trick Room|p1a: Farigiraf
|-fieldstart|move: Trick Room|[of] p1a: Farigiraf
|
|-heal|p2a: Kommo-o|98/100|[from] item: Leftovers
|upkeep
|turn|2
|
|t:|1756866913
|switch|p2b: Indeedee|Indeedee, L50, M|100/100
|-fieldstart|move: Psychic Terrain|[from] ability: Psychic Surge|[of] p2b: Indeedee
|move|p2a: Kommo-o|Protect|p2a: Kommo-o
|-singleturn|p2a: Kommo-o|Protect
|move|p1a: Farigiraf|Hyper Voice|p2b: Indeedee|[spread] p2b
|-activate|p2a: Kommo-o|move: Protect
|-damage|p2b: Indeedee|69/100
|-enditem|p1a: Farigiraf|Throat Spray
|-boost|p1a: Farigiraf|spa|1|[from] item: Throat Spray
|move|p1b: Volcarona|Struggle Bug|p2a: Kommo-o|[spread] p2b
|-activate|p2a: Kommo-o|move: Protect
|-supereffective|p2b: Indeedee
|-damage|p2b: Indeedee|16/100
|-unboost|p2b: Indeedee|spa|1
|
|-heal|p2a: Kommo-o|100/100|[from] item: Leftovers
|upkeep
|turn|3
|
|t:|1756866940
|switch|p1a: Rillaboom|Rillaboom, L50, F|100/100
|-fieldstart|move: Grassy Terrain|[from] ability: Grassy Surge|[of] p1a: Rillaboom
|switch|p1b: Ursaluna|Ursaluna-Bloodmoon, L50, M|100/100
|move|p2a: Kommo-o|Flamethrower|p1a: Rillaboom
|-supereffective|p1a: Rillaboom
|-damage|p1a: Rillaboom|73/100
|move|p2b: Indeedee|Expanding Force|p1a: Rillaboom
|-damage|p1a: Rillaboom|59/100
|
|-heal|p1a: Rillaboom|64/100|[from] Grassy Terrain
|-heal|p2b: Indeedee|22/100|[from] Grassy Terrain
|upkeep
|turn|4
|
|t:|1756866972
|switch|p2b: Hydreigon|Hydreigon, L50, M|76/100
|move|p2a: Kommo-o|Protect|p2a: Kommo-o
|-singleturn|p2a: Kommo-o|Protect
|move|p1b: Ursaluna|Blood Moon|p2a: Kommo-o
|-activate|p2a: Kommo-o|move: Protect
|move|p1a: Rillaboom|U-turn|p2b: Hydreigon
|-supereffective|p2b: Hydreigon
|-damage|p2b: Hydreigon|31/100
|
|t:|1756866984
|switch|p1a: Farigiraf|Farigiraf, L50, M, tera:Fairy|86/100|[from] U-turn
|
|-heal|p1a: Farigiraf|92/100|[from] Grassy Terrain
|upkeep
|turn|5
|
|t:|1756867009
|switch|p2a: Arcanine|Arcanine-Hisui, L50, M|100/100
|-ability|p2a: Arcanine|Intimidate|boost
|-unboost|p1a: Farigiraf|atk|1
|-unboost|p1b: Ursaluna|atk|1
|move|p1a: Farigiraf|Hyper Voice|p2b: Hydreigon|[spread] p2a,p2b
|-resisted|p2a: Arcanine
|-damage|p2a: Arcanine|83/100
|-damage|p2b: Hydreigon|11/100
|move|p1b: Ursaluna|Earth Power|p2a: Arcanine
|-supereffective|p2a: Arcanine
|-damage|p2a: Arcanine|0 fnt
|faint|p2a: Arcanine
|-damage|p1b: Ursaluna|90/100|[from] item: Life Orb
|move|p2b: Hydreigon|Snarl|p1a: Farigiraf|[spread] p1a,p1b
|-resisted|p1a: Farigiraf
|-damage|p1a: Farigiraf|84/100
|-damage|p1b: Ursaluna|68/100
|-unboost|p1a: Farigiraf|spa|1
|-unboost|p1b: Ursaluna|spa|1
|
|-heal|p1a: Farigiraf|90/100|[from] Grassy Terrain
|-heal|p1b: Ursaluna|74/100|[from] Grassy Terrain
|-fieldend|move: Trick Room
|upkeep
|
|t:|1756867034
|switch|p2a: Indeedee|Indeedee, L50, M|22/100
|-fieldstart|move: Psychic Terrain|[from] ability: Psychic Surge|[of] p2a: Indeedee
|turn|6
|
|t:|1756867054
|switch|p1b: Rillaboom|Rillaboom, L50, F|64/100
|-fieldstart|move: Grassy Terrain|[from] ability: Grassy Surge|[of] p1b: Rillaboom
|move|p2a: Indeedee|Expanding Force|p1a: Farigiraf
|-damage|p1a: Farigiraf|56/100
|move|p2b: Hydreigon|Earth Power|p1a: Farigiraf
|-damage|p1a: Farigiraf|27/100
|move|p1a: Farigiraf|Trick Room|p1a: Farigiraf
|-fieldstart|move: Trick Room|[of] p1a: Farigiraf
|
|-heal|p1a: Farigiraf|33/100|[from] Grassy Terrain
|-heal|p1b: Rillaboom|70/100|[from] Grassy Terrain
|-heal|p2a: Indeedee|28/100|[from] Grassy Terrain
|upkeep
|turn|7
|-message|I LOVE KOMMO-O forfeited.
|
|win|eklyst
||I LOVE KOMMO-O is ready for game 3.
||eklyst is ready for game 3.
|uhtml|next|Next: Game 3 of 3
