|j|☆VenuDaAsco
|j|☆Aeon_Twins
|html|VenuDaAscoAeon_Twins    
|uhtml|bestof|Game 2 of a best-of-3
|t:|1782420158
|gametype|doubles
|player|p1|VenuDaAsco|169|1325
|player|p2|Aeon_Twins|n|1290
|gen|9
|tier|[Gen 9 Champions] VGC 2026 Reg M-B (Bo3)
|rated|
|rule|Species Clause: Limit one of each Pokémon
|rule|Item Clause: Limit 1 of each item
|clearpoke
|poke|p1|Garchomp, L50, M, shiny|
|poke|p1|Charizard, L50, M, shiny|
|poke|p1|Whimsicott, L50, M, shiny|
|poke|p1|Farigiraf, L50, M, shiny|
|poke|p1|Basculegion, L50, M, shiny|
|poke|p1|Sylveon, L50, M, shiny|
|poke|p2|Raichu, L50, F|
|poke|p2|Mawile, L50, M|
|poke|p2|Sinistcha, L50|
|poke|p2|Ceruledge, L50, M|
|poke|p2|Milotic, L50, F|
|poke|p2|Incineroar, L50, F|
|teampreview|4
|showteam|p1|Garchomp||LifeOrb|RoughSkin|Earthquake,DragonClaw,RockSlide,Protect|Jolly||M|||50|]Charizard||CharizarditeY|SolarPower|HeatWave,WeatherBall,SolarBeam,Protect|Modest||M|||50|]Whimsicott||CobaBerry|Prankster|Moonblast,Tailwind,Encore,Protect|Timid||M|||50|]Farigiraf||SitrusBerry|ArmorTail|TwinBeam,FoulPlay,HelpingHand,TrickRoom|Bold||M|||50|]Basculegion||MysticWater|Adaptability|WaveCrash,LastRespects,AquaJet,Protect|Adamant||M|||50|]Sylveon||FairyFeather|Pixilate|HyperVoice,HyperBeam,QuickAttack,Detect|Modest||M|||50|
|showteam|p2|Raichu||RaichuniteY|LightningRod|ZapCannon,FocusBlast,FakeOut,Protect|Timid||F|||50|]Mawile||Mawilite|HyperCutter|PlayRough,SuckerPunch,SwordsDance,Protect|Adamant||M|||50|]Sinistcha||KasibBerry|Hospitality|MatchaGotcha,LifeDew,RagePowder,Protect|Relaxed|||||50|]Ceruledge||ColburBerry|FlashFire|BitterBlade,ShadowSneak,BulkUp,Protect|Adamant||M|||50|]Milotic||Leftovers|Competitive|MuddyWater,Coil,Hypnosis,Protect|Calm||F|||50|]Incineroar||SitrusBerry|Intimidate|FlareBlitz,ThroatChop,FakeOut,PartingShot|Impish||F|||50|
|inactive|Battle timer is ON: inactive players will automatically lose when time's up. (requested by VenuDaAsco)
|inactive|Aeon_Twins has 60 seconds left.
|
|t:|1782420190
|teamsize|p1|4
|teamsize|p2|4
|start
|switch|p1a: Charizard|Charizard, L50, M, shiny|100/100
|switch|p1b: Basculegion|Basculegion, L50, M, shiny|100/100
|switch|p2a: Ceruledge|Ceruledge, L50, M|100/100
|switch|p2b: Incineroar|Incineroar, L50, F|100/100
|-ability|p2b: Incineroar|Intimidate|boost
|-unboost|p1a: Charizard|atk|1
|-unboost|p1b: Basculegion|atk|1
|turn|1
|
|t:|1782420204
|switch|p1a: Garchomp|Garchomp, L50, M, shiny|100/100
|move|p2a: Ceruledge|Protect|p2a: Ceruledge
|-singleturn|p2a: Ceruledge|Protect
|move|p1b: Basculegion|Wave Crash|p2a: Ceruledge
|-activate|p2a: Ceruledge|move: Protect
|move|p2b: Incineroar|Parting Shot|p1b: Basculegion
|-unboost|p1b: Basculegion|atk|1
|-unboost|p1b: Basculegion|spa|1
|
|t:|1782420213
|switch|p2b: Sinistcha|Sinistcha, L50|100/100|[from] Parting Shot
|
|upkeep
|turn|2
|
|t:|1782420220
|switch|p1b: Whimsicott|Whimsicott, L50, M, shiny|100/100
|switch|p2b: Incineroar|Incineroar, L50, F|100/100
|-ability|p2b: Incineroar|Intimidate|boost
|-unboost|p1a: Garchomp|atk|1
|-unboost|p1b: Whimsicott|atk|1
|move|p1a: Garchomp|Earthquake|p2a: Ceruledge|[spread] p1b,p2a,p2b
|-resisted|p1b: Whimsicott|1
|-supereffective|p2a: Ceruledge|1
|-supereffective|p2b: Incineroar|1
|-crit|p2b: Incineroar
|-damage|p1b: Whimsicott|83/100
|-damage|p2a: Ceruledge|25/100
|-damage|p2b: Incineroar|0 fnt
|faint|p2b: Incineroar
|-damage|p1a: Garchomp|90/100|[from] item: Life Orb
|move|p2a: Ceruledge|Bulk Up|p2a: Ceruledge
|-boost|p2a: Ceruledge|atk|1
|-boost|p2a: Ceruledge|def|1
|
|upkeep
|
|t:|1782420240
|switch|p2b: Milotic|Milotic, L50, F|100/100
|turn|3
|
|t:|1782420248
|switch|p1a: Charizard|Charizard, L50, M, shiny|100/100
|move|p2a: Ceruledge|Protect|p2a: Ceruledge
|-singleturn|p2a: Ceruledge|Protect
|move|p1b: Whimsicott|Encore|p2a: Ceruledge
|-activate|p2a: Ceruledge|move: Protect
|move|p2b: Milotic|Hypnosis|p1b: Whimsicott
|-status|p1b: Whimsicott|slp|[from] move: Hypnosis
|
|upkeep
|turn|4
|
|t:|1782420269
|switch|p1b: Basculegion|Basculegion, L50, M, shiny|100/100
|move|p1a: Charizard|Protect|p1a: Charizard
|-singleturn|p1a: Charizard|Protect
|move|p2a: Ceruledge|Bitter Blade|p1b: Basculegion
|-resisted|p1b: Basculegion|1
|-damage|p1b: Basculegion|62/100
|-heal|p2a: Ceruledge|48/100|[from] drain|[of] p1b: Basculegion
|move|p2b: Milotic|Coil|p2b: Milotic
|-boost|p2b: Milotic|atk|1
|-boost|p2b: Milotic|def|1
|-boost|p2b: Milotic|accuracy|1
|
|upkeep
|turn|5
|
|t:|1782420281
|detailschange|p1a: Charizard|Charizard-Mega-Y, L50, M, shiny
|-mega|p1a: Charizard|Charizard|Charizardite Y
|-weather|SunnyDay|[from] ability: Drought|[of] p1a: Charizard
|move|p1b: Basculegion|Aqua Jet|p2a: Ceruledge
|-supereffective|p2a: Ceruledge|1
|-damage|p2a: Ceruledge|25/100
|move|p2a: Ceruledge|Shadow Sneak|p1b: Basculegion
|-supereffective|p1b: Basculegion|1
|-damage|p1b: Basculegion|0 fnt
|faint|p1b: Basculegion
|move|p1a: Charizard|Solar Beam||[still]
|-prepare|p1a: Charizard|Solar Beam
|-anim|p1a: Charizard|Solar Beam|p2a: Ceruledge
|-resisted|p2a: Ceruledge|1
|-damage|p2a: Ceruledge|2/100
|move|p2b: Milotic|Hypnosis|p1a: Charizard
|-status|p1a: Charizard|slp|[from] move: Hypnosis
|
|-weather|SunnyDay|[upkeep]
|upkeep
|
|t:|1782420286
|switch|p1b: Garchomp|Garchomp, L50, M, shiny|90/100
|turn|6
|c|☆VenuDaAsco|bro...
|inactive|Aeon_Twins has 30 seconds left.
|
|t:|1782420311
|move|p1b: Garchomp|Protect|p1b: Garchomp
|-singleturn|p1b: Garchomp|Protect
|move|p2a: Ceruledge|Protect|p2a: Ceruledge
|-singleturn|p2a: Ceruledge|Protect
|cant|p1a: Charizard|slp
|move|p2b: Milotic|Hypnosis|p1b: Garchomp
|-activate|p1b: Garchomp|move: Protect
|
|-weather|SunnyDay|[upkeep]
|upkeep
|turn|7
|
|t:|1782420335
|move|p2a: Ceruledge|Shadow Sneak|p1a: Charizard
|-damage|p1a: Charizard|63/100 slp
|move|p1b: Garchomp|Earthquake|p2a: Ceruledge|[spread] p2a,p2b
|-immune|p1a: Charizard
|-supereffective|p2a: Ceruledge|1
|-damage|p2a: Ceruledge|0 fnt
|-damage|p2b: Milotic|72/100
|faint|p2a: Ceruledge
|-damage|p1b: Garchomp|80/100|[from] item: Life Orb
|cant|p1a: Charizard|slp
|move|p2b: Milotic|Muddy Water|p1b: Garchomp|[spread] p1a,p1b
|-supereffective|p1a: Charizard|1
|-damage|p1a: Charizard|43/100 slp
|-damage|p1b: Garchomp|67/100
|-unboost|p1a: Charizard|accuracy|1
|-unboost|p1b: Garchomp|accuracy|1
|
|-weather|SunnyDay|[upkeep]
|-heal|p2b: Milotic|78/100|[from] item: Leftovers
|upkeep
|
|t:|1782420348
|switch|p2a: Sinistcha|Sinistcha, L50|100/100
|-heal|p2b: Milotic|100/100|[from] ability: Hospitality|[of] p2a: Sinistcha
|turn|8
|
|t:|1782420355
|switch|p1b: Whimsicott|Whimsicott, L50, M, shiny|83/100 slp
|move|p2a: Sinistcha|Protect|p2a: Sinistcha
|-singleturn|p2a: Sinistcha|Protect
|-curestatus|p1a: Charizard|slp|[msg]
|move|p1a: Charizard|Weather Ball|p2a: Sinistcha
|-activate|p2a: Sinistcha|move: Protect
|move|p2b: Milotic|Muddy Water|p1b: Whimsicott|[spread] p1a,p1b
|-supereffective|p1a: Charizard|1
|-resisted|p1b: Whimsicott|1
|-damage|p1a: Charizard|20/100y
|-damage|p1b: Whimsicott|75/100 slp
|
|-weather|SunnyDay|[upkeep]
|upkeep
|turn|9
|
|t:|1782420372
|move|p2a: Sinistcha|Rage Powder|p2a: Sinistcha
|-singleturn|p2a: Sinistcha|move: Rage Powder
|cant|p1b: Whimsicott|slp
|move|p1a: Charizard|Weather Ball|p2a: Sinistcha
|-supereffective|p2a: Sinistcha|1
|-damage|p2a: Sinistcha|0 fnt
|faint|p2a: Sinistcha
|move|p2b: Milotic|Hypnosis|p1a: Charizard
|-status|p1a: Charizard|slp|[from] move: Hypnosis
|
|-weather|none
|upkeep
|turn|10
|
|t:|1782420388
|switch|p1a: Garchomp|Garchomp, L50, M, shiny|67/100
|cant|p1b: Whimsicott|slp
|move|p2b: Milotic|Muddy Water|p1b: Whimsicott|[spread] p1a,p1b
|-resisted|p1b: Whimsicott|1
|-damage|p1a: Garchomp|40/100
|-damage|p1b: Whimsicott|56/100 slp
|-unboost|p1b: Whimsicott|accuracy|1
|
|upkeep
|turn|11
|
|t:|1782420398
|-curestatus|p1b: Whimsicott|slp|[msg]
|move|p1b: Whimsicott|Protect|p1b: Whimsicott
|-singleturn|p1b: Whimsicott|Protect
|move|p1a: Garchomp|Protect|p1a: Garchomp
|-singleturn|p1a: Garchomp|Protect
|move|p2b: Milotic|Muddy Water|p1b: Whimsicott|[spread] 
|-activate|p1a: Garchomp|move: Protect
|-activate|p1b: Whimsicott|move: Protect
|
|upkeep
|turn|12
|
|t:|1782420406
|move|p1b: Whimsicott|Moonblast|p2b: Milotic|[miss]
|-miss|p1b: Whimsicott|p2b: Milotic
|move|p1a: Garchomp|Rock Slide|p2b: Milotic
|-damage|p2b: Milotic|79/100
|-damage|p1a: Garchomp|30/100|[from] item: Life Orb
|cant|p2b: Milotic|flinch
|
|-heal|p2b: Milotic|85/100|[from] item: Leftovers
|upkeep
|turn|13
|
|t:|1782420421
|move|p1a: Garchomp|Protect|p1a: Garchomp
|-singleturn|p1a: Garchomp|Protect
|move|p1b: Whimsicott|Moonblast|p2b: Milotic
|-damage|p2b: Milotic|66/100
|move|p2b: Milotic|Muddy Water|p1a: Garchomp|[spread] p1b
|-activate|p1a: Garchomp|move: Protect
|-resisted|p1b: Whimsicott|1
|-damage|p1b: Whimsicott|41/100
|-unboost|p1b: Whimsicott|accuracy|1
|
|-heal|p2b: Milotic|72/100|[from] item: Leftovers
|upkeep
|turn|14
|
|t:|1782420440
|switch|p1b: Charizard|Charizard-Mega-Y, L50, M, shiny|20/100y slp
|-weather|SunnyDay|[from] ability: Drought|[of] p1b: Charizard
|move|p1a: Garchomp|Rock Slide|p2b: Milotic
|-damage|p2b: Milotic|53/100
|-damage|p1a: Garchomp|20/100y|[from] item: Life Orb
|move|p2b: Milotic|Muddy Water|p1b: Charizard|[spread] p1a,p1b
|-supereffective|p1b: Charizard|1
|-damage|p1a: Garchomp|9/100
|-damage|p1b: Charizard|0 fnt
|faint|p1b: Charizard
|
|-weather|SunnyDay|[upkeep]
|-heal|p2b: Milotic|59/100|[from] item: Leftovers
|upkeep
|
|t:|1782420442
|switch|p1b: Whimsicott|Whimsicott, L50, M, shiny|41/100
|turn|15
|
|t:|1782420453
|move|p1b: Whimsicott|Protect|p1b: Whimsicott
|-singleturn|p1b: Whimsicott|Protect
|move|p1a: Garchomp|Protect|p1a: Garchomp
|-singleturn|p1a: Garchomp|Protect
|move|p2b: Milotic|Muddy Water|p1b: Whimsicott|[spread] 
|-activate|p1a: Garchomp|move: Protect
|-activate|p1b: Whimsicott|move: Protect
|
|-weather|SunnyDay|[upkeep]
|-heal|p2b: Milotic|65/100|[from] item: Leftovers
|upkeep
|turn|16
|
|t:|1782420470
|move|p1b: Whimsicott|Moonblast|p2b: Milotic
|-damage|p2b: Milotic|49/100
|-unboost|p2b: Milotic|spa|1
|-ability|p2b: Milotic|Competitive|boost
|-boost|p2b: Milotic|spa|2
|move|p1a: Garchomp|Dragon Claw|p2b: Milotic
|-damage|p2b: Milotic|16/100
|-damage|p1a: Garchomp|0 fnt|[from] item: Life Orb
|faint|p1a: Garchomp
|move|p2b: Milotic|Muddy Water|p1b: Whimsicott
|-resisted|p1b: Whimsicott|1
|-crit|p1b: Whimsicott
|-damage|p1b: Whimsicott|15/100
|
|-weather|SunnyDay|[upkeep]
|-heal|p2b: Milotic|22/100|[from] item: Leftovers
|upkeep
|turn|17
|
|t:|1782420486
|move|p1b: Whimsicott|Moonblast|p2b: Milotic
|-damage|p2b: Milotic|4/100
|move|p2b: Milotic|Muddy Water|p1b: Whimsicott
|-resisted|p1b: Whimsicott|1
|-damage|p1b: Whimsicott|0 fnt
|faint|p1b: Whimsicott
|
|win|Aeon_Twins
||VenuDaAsco is ready for game 3.
|c|☆Aeon_Twins|gg
||Aeon_Twins is ready for game 3.
|uhtml|next|Next: Game 3 of 3
