|j|☆xo89
|j|☆lordtentacle69
|html|xo89lordtentacle69    
|uhtml|bestof|Game 3 of a best-of-3
|t:|1783055387
|gametype|doubles
|player|p1|xo89|pokemonbreeder-gen4|1323
|player|p2|lordtentacle69|corbeau|1288
|gen|9
|tier|[Gen 9 Champions] VGC 2026 Reg M-B (Bo3)
|rated|
|rule|Species Clause: Limit one of each Pokémon
|rule|Item Clause: Limit 1 of each item
|clearpoke
|poke|p1|Venusaur, L50, M|
|poke|p1|Tyranitar, L50, F|
|poke|p1|Skeledirge, L50, M|
|poke|p1|Grimmsnarl, L50, M|
|poke|p1|Garchomp, L50, F|
|poke|p1|Milotic, L50, F|
|poke|p2|Aerodactyl, L50, M|
|poke|p2|Charizard, L50, F|
|poke|p2|Kingambit, L50, M|
|poke|p2|Sylveon, L50, M|
|poke|p2|Farigiraf, L50, F|
|poke|p2|Garchomp, L50, F|
|teampreview|4
|showteam|p1|Venusaur||Venusaurite|Overgrow|SludgeBomb,GigaDrain,Protect,EarthPower|Modest||M|||50|]Tyranitar||FocusSash|SandStream|RockSlide,KnockOff,Protect,LowKick|Adamant||F|||50|]Skeledirge||SitrusBerry|Unaware|TorchSong,WillOWisp,SlackOff,Protect|Bold||M|||50|]Grimmsnarl||RoseliBerry|Prankster|LightScreen,Reflect,SpiritBreak,PartingShot|Impish||M|||50|]Garchomp||LifeOrb|RoughSkin|Earthquake,StompingTantrum,Protect,DragonClaw|Jolly||F|||50|]Milotic||Leftovers|Competitive|Scald,IceBeam,Protect,LifeDew|Modest||F|||50|
|showteam|p2|Aerodactyl||Aerodactylite|Unnerve|RockSlide,DualWingbeat,IceFang,Tailwind|Jolly||M|||50|]Charizard||CharizarditeY|Blaze|HeatWave,Protect,SolarBeam,WeatherBall|Modest||F|||50|]Kingambit||FocusSash|Defiant|KowtowCleave,SuckerPunch,LowKick,IronHead|Adamant||M|||50|]Sylveon||FairyFeather|Pixilate|HyperVoice,HyperBeam,QuickAttack,Protect|Modest||M|||50|]Farigiraf||SitrusBerry|ArmorTail|Psychic,Protect,TrickRoom,Thunderbolt|Bold||F|||50|]Garchomp||LifeOrb|RoughSkin|Earthquake,StompingTantrum,DragonClaw,Protect|Jolly||F|||50|
|
|t:|1783055419
|teamsize|p1|4
|teamsize|p2|4
|start
|switch|p1a: Milotic|Milotic, L50, F|100/100
|switch|p1b: Grimmsnarl|Grimmsnarl, L50, M|100/100
|switch|p2a: Aerodactyl|Aerodactyl, L50, M|100/100
|switch|p2b: Sylveon|Sylveon, L50, M|100/100
|-ability|p2a: Aerodactyl|Unnerve
|turn|1
|
|t:|1783055432
|move|p1b: Grimmsnarl|Light Screen|p1b: Grimmsnarl
|-sidestart|p1: xo89|move: Light Screen
|move|p2a: Aerodactyl|Rock Slide|p1a: Milotic|[spread] p1a,p1b
|-damage|p1a: Milotic|77/100
|-damage|p1b: Grimmsnarl|76/100
|move|p1a: Milotic|Scald|p2a: Aerodactyl
|-supereffective|p2a: Aerodactyl|1
|-damage|p2a: Aerodactyl|7/100
|move|p2b: Sylveon|Hyper Voice|p1b: Grimmsnarl|[spread] p1a,p1b
|-supereffective|p1b: Grimmsnarl|1
|-damage|p1a: Milotic|55/100
|-damage|p1b: Grimmsnarl|10/100
|
|-heal|p1a: Milotic|61/100|[from] item: Leftovers
|upkeep
|turn|2
|
|t:|1783055458
|move|p2b: Sylveon|Quick Attack|p1b: Grimmsnarl
|-supereffective|p1b: Grimmsnarl|1
|-damage|p1b: Grimmsnarl|0 fnt
|faint|p1b: Grimmsnarl
|move|p2a: Aerodactyl|Rock Slide|p1a: Milotic
|-damage|p1a: Milotic|31/100
|move|p1a: Milotic|Scald|p2a: Aerodactyl
|-supereffective|p2a: Aerodactyl|1
|-damage|p2a: Aerodactyl|0 fnt
|faint|p2a: Aerodactyl
|
|-heal|p1a: Milotic|37/100|[from] item: Leftovers
|upkeep
|
|t:|1783055467
|switch|p2a: Garchomp|Garchomp, L50, F|100/100
|switch|p1b: Venusaur|Venusaur, L50, M|100/100
|turn|3
|
|t:|1783055484
|switch|p2b: Farigiraf|Farigiraf, L50, F|100/100
|detailschange|p1b: Venusaur|Venusaur-Mega, L50, M
|-mega|p1b: Venusaur|Venusaur|Venusaurite
|move|p1a: Milotic|Protect|p1a: Milotic
|-singleturn|p1a: Milotic|Protect
|move|p2a: Garchomp|Dragon Claw|p1a: Milotic
|-activate|p1a: Milotic|move: Protect
|move|p1b: Venusaur|Sludge Bomb|p2b: Farigiraf
|-damage|p2b: Farigiraf|61/100
|-status|p2b: Farigiraf|psn
|
|-heal|p1a: Milotic|43/100|[from] item: Leftovers
|-damage|p2b: Farigiraf|49/100 psn|[from] psn
|upkeep
|-enditem|p2b: Farigiraf|Sitrus Berry|[eat]
|-heal|p2b: Farigiraf|74/100 psn|[from] item: Sitrus Berry
|turn|4
|
|t:|1783055508
|move|p2a: Garchomp|Protect|p2a: Garchomp
|-singleturn|p2a: Garchomp|Protect
|move|p1b: Venusaur|Sludge Bomb|p2b: Farigiraf
|-damage|p2b: Farigiraf|36/100 psn
|move|p1a: Milotic|Ice Beam|p2a: Garchomp
|-activate|p2a: Garchomp|move: Protect
|move|p2b: Farigiraf|Thunderbolt|p1a: Milotic
|-supereffective|p1a: Milotic|1
|-damage|p1a: Milotic|23/100
|
|-heal|p1a: Milotic|29/100|[from] item: Leftovers
|-damage|p2b: Farigiraf|23/100 psn|[from] psn
|upkeep
|turn|5
|
|t:|1783055528
|move|p1a: Milotic|Protect|p1a: Milotic
|-singleturn|p1a: Milotic|Protect
|move|p2b: Farigiraf|Protect|p2b: Farigiraf
|-singleturn|p2b: Farigiraf|Protect
|move|p2a: Garchomp|Earthquake|p1a: Milotic|[spread] p1b
|-activate|p2b: Farigiraf|move: Protect
|-activate|p1a: Milotic|move: Protect
|-damage|p1b: Venusaur|61/100
|-damage|p2a: Garchomp|90/100|[from] item: Life Orb
|move|p1b: Venusaur|Sludge Bomb|p2b: Farigiraf
|-activate|p2b: Farigiraf|move: Protect
|
|-heal|p1a: Milotic|35/100|[from] item: Leftovers
|-damage|p2b: Farigiraf|11/100 psn|[from] psn
|-sideend|p1: xo89|move: Light Screen
|upkeep
|turn|6
|
|t:|1783055547
|move|p2a: Garchomp|Dragon Claw|p1a: Milotic
|-damage|p1a: Milotic|0 fnt
|faint|p1a: Milotic
|-damage|p2a: Garchomp|80/100|[from] item: Life Orb
|move|p1b: Venusaur|Giga Drain|p2b: Farigiraf
|-damage|p2b: Farigiraf|0 fnt
|-heal|p1b: Venusaur|68/100|[from] drain|[of] p2b: Farigiraf
|faint|p2b: Farigiraf
|
|upkeep
|
|t:|1783055553
|switch|p1a: Tyranitar|Tyranitar, L50, F|100/100
|switch|p2b: Sylveon|Sylveon, L50, M|100/100
|-weather|Sandstorm|[from] ability: Sand Stream|[of] p1a: Tyranitar
|turn|7
|
|t:|1783055572
|move|p1a: Tyranitar|Protect|p1a: Tyranitar
|-singleturn|p1a: Tyranitar|Protect
|move|p1b: Venusaur|Protect|p1b: Venusaur
|-singleturn|p1b: Venusaur|Protect
|move|p2a: Garchomp|Dragon Claw|p1b: Venusaur
|-activate|p1b: Venusaur|move: Protect
|move|p2b: Sylveon|Hyper Voice|p1b: Venusaur|[spread] 
|-activate|p1a: Tyranitar|move: Protect
|-activate|p1b: Venusaur|move: Protect
|
|-weather|Sandstorm|[upkeep]
|-damage|p1b: Venusaur|62/100|[from] Sandstorm
|-damage|p2b: Sylveon|93/100|[from] Sandstorm
|upkeep
|turn|8
|
|t:|1783055589
|move|p2b: Sylveon|Protect|p2b: Sylveon
|-singleturn|p2b: Sylveon|Protect
|move|p2a: Garchomp|Earthquake|p1b: Venusaur|[spread] p1a,p1b
|-activate|p2b: Sylveon|move: Protect
|-supereffective|p1a: Tyranitar|1
|-damage|p1a: Tyranitar|7/100
|-damage|p1b: Venusaur|28/100
|-damage|p2a: Garchomp|70/100|[from] item: Life Orb
|move|p1a: Tyranitar|Knock Off|p2a: Garchomp
|-damage|p2a: Garchomp|10/100
|-damage|p1a: Tyranitar|0 fnt|[from] ability: Rough Skin|[of] p2a: Garchomp
|-enditem|p2a: Garchomp|Life Orb|[from] move: Knock Off|[of] p1a: Tyranitar
|faint|p1a: Tyranitar
|move|p1b: Venusaur|Giga Drain|p2a: Garchomp
|-damage|p2a: Garchomp|0 fnt
|-heal|p1b: Venusaur|34/100|[from] drain|[of] p2a: Garchomp
|faint|p2a: Garchomp
|
|-weather|Sandstorm|[upkeep]
|-damage|p1b: Venusaur|28/100|[from] Sandstorm
|-damage|p2b: Sylveon|87/100|[from] Sandstorm
|upkeep
|turn|9
|
|t:|1783055606
|move|p1b: Venusaur|Protect|p1b: Venusaur
|-singleturn|p1b: Venusaur|Protect
|move|p2b: Sylveon|Hyper Beam|p1b: Venusaur
|-activate|p1b: Venusaur|move: Protect
|
|-weather|Sandstorm|[upkeep]
|-damage|p1b: Venusaur|21/100|[from] Sandstorm
|-damage|p2b: Sylveon|81/100|[from] Sandstorm
|upkeep
|turn|10
|
|t:|1783055612
|move|p1b: Venusaur|Giga Drain|p2b: Sylveon
|-damage|p2b: Sylveon|53/100
|-heal|p1b: Venusaur|36/100|[from] drain|[of] p2b: Sylveon
|move|p2b: Sylveon|Hyper Beam|p1b: Venusaur
|-resisted|p1b: Venusaur|1
|-damage|p1b: Venusaur|0 fnt
|-mustrecharge|p2b: Sylveon
|faint|p1b: Venusaur
|
|win|lordtentacle69
|raw|xo89's rating: 1323 → 1301(-22 for losing)
|raw|lordtentacle69's rating: 1288 → 1316(+28 for winning)
