|j|☆kirkin07
|j|☆NutsToButts67
|html|kirkin07NutsToButts67    
|uhtml|bestof|Game 2 of a best-of-3
|t:|1782340390
|gametype|doubles
|player|p1|kirkin07|170|1138
|player|p2|NutsToButts67|2|1042
|gen|9
|tier|[Gen 9 Champions] VGC 2026 Reg M-B (Bo3)
|rated|
|rule|Species Clause: Limit one of each Pokémon
|rule|Item Clause: Limit 1 of each item
|clearpoke
|poke|p1|Blaziken, L50, M|
|poke|p1|Basculegion, L50, M|
|poke|p1|Hydreigon, L50, M|
|poke|p1|Farigiraf, L50, F|
|poke|p1|Metagross, L50|
|poke|p1|Whimsicott, L50, M|
|poke|p2|Charizard, L50, F|
|poke|p2|Venusaur, L50, M|
|poke|p2|Raichu-Alola, L50, M|
|poke|p2|Typhlosion-Hisui, L50, F|
|poke|p2|Corviknight, L50, F|
|poke|p2|Sylveon, L50, F|
|teampreview|4
|showteam|p1|Blaziken||Blazikenite|SpeedBoost|FlareBlitz,CloseCombat,Detect,RockSlide|Adamant||M|||50|]Basculegion||LifeOrb|Adaptability|AquaJet,LastRespects,WaveCrash,Protect|Adamant||M|||50|]Hydreigon||ChoiceScarf|Levitate|EarthPower,DracoMeteor,DarkPulse,Snarl|Modest||M|||50|]Farigiraf||SitrusBerry|ArmorTail|Thunderbolt,Psychic,TrickRoom,Roar|Bold||F|||50|]Metagross||Metagrossite|ClearBody|IcePunch,PsychicFangs,Protect,IronHead|Jolly|||||50|]Whimsicott||FocusSash|Prankster|EnergyBall,Moonblast,Tailwind,Protect|Timid||M|||50|
|showteam|p2|Charizard||CharizarditeY|SolarPower|HeatWave,SolarBeam,WeatherBall,Protect|Timid||F|||50|]Venusaur||FocusSash|Chlorophyll|SleepPowder,SludgeBomb,GigaDrain,Protect|Modest||M|||50|]Raichu-Alola||SitrusBerry|SurgeSurfer|FakeOut,Nuzzle,Thunderbolt,Protect|Timid||M|||50|]Typhlosion-Hisui||ChoiceScarf|Blaze|Eruption,HeatWave,ShadowBall,Flamethrower|Mild||F|||50|]Corviknight||MentalHerb|MirrorArmor|Tailwind,Uturn,Roost,IronHead|Impish||F|||50|]Sylveon||LifeOrb|Pixilate|HyperVoice,CalmMind,ShadowBall,Protect|Modest||F|||50|
|
|t:|1782340411
|teamsize|p1|4
|teamsize|p2|4
|start
|switch|p1a: Blaziken|Blaziken, L50, M|100/100
|switch|p1b: Hydreigon|Hydreigon, L50, M|100/100
|switch|p2a: Charizard|Charizard, L50, F|100/100
|switch|p2b: Venusaur|Venusaur, L50, M|100/100
|turn|1
|inactive|Battle timer is ON: inactive players will automatically lose when time's up. (requested by kirkin07)
|inactive|NutsToButts67 has 60 seconds left.
|
|t:|1782340449
|detailschange|p2a: Charizard|Charizard-Mega-Y, L50, F
|-mega|p2a: Charizard|Charizard|Charizardite Y
|-weather|SunnyDay|[from] ability: Drought|[of] p2a: Charizard
|detailschange|p1a: Blaziken|Blaziken-Mega, L50, M
|-mega|p1a: Blaziken|Blaziken|Blazikenite
|move|p2b: Venusaur|Sleep Powder|p1a: Blaziken|[miss]
|-miss|p2b: Venusaur|p1a: Blaziken
|move|p1b: Hydreigon|Dark Pulse|p2b: Venusaur
|-damage|p2b: Venusaur|51/100
|move|p2a: Charizard|Weather Ball|p1b: Hydreigon
|-resisted|p1b: Hydreigon|1
|-damage|p1b: Hydreigon|50/100g
|move|p1a: Blaziken|Rock Slide|p2a: Charizard|[spread] p2a,p2b
|-supereffective|p2a: Charizard|2
|-damage|p2a: Charizard|0 fnt
|-damage|p2b: Venusaur|16/100
|faint|p2a: Charizard
|
|-weather|SunnyDay|[upkeep]
|-ability|p1a: Blaziken|Speed Boost|boost
|-boost|p1a: Blaziken|spe|1
|upkeep
|
|t:|1782340467
|switch|p2a: Raichu|Raichu-Alola, L50, M|100/100
|turn|2
|
|t:|1782340484
|switch|p1b: Whimsicott|Whimsicott, L50, M|100/100
|move|p1a: Blaziken|Detect|p1a: Blaziken
|-singleturn|p1a: Blaziken|Protect
|move|p2a: Raichu|Fake Out|p1a: Blaziken
|-activate|p1a: Blaziken|move: Protect
|move|p2b: Venusaur|Sleep Powder|p1b: Whimsicott
|-immune|p1b: Whimsicott
|
|-weather|SunnyDay|[upkeep]
|-ability|p1a: Blaziken|Speed Boost|boost
|-boost|p1a: Blaziken|spe|1
|upkeep
|turn|3
|
|t:|1782340506
|move|p2a: Raichu|Protect|p2a: Raichu
|-singleturn|p2a: Raichu|Protect
|move|p1a: Blaziken|Rock Slide|p2a: Raichu|[spread] p2b
|-activate|p2a: Raichu|move: Protect
|-damage|p2b: Venusaur|0 fnt
|faint|p2b: Venusaur
|move|p1b: Whimsicott|Moonblast|p2a: Raichu
|-activate|p2a: Raichu|move: Protect
|
|-weather|SunnyDay|[upkeep]
|-ability|p1a: Blaziken|Speed Boost|boost
|-boost|p1a: Blaziken|spe|1
|upkeep
|
|t:|1782340517
|switch|p2b: Typhlosion|Typhlosion-Hisui, L50, F|100/100
|turn|4
|
|t:|1782340525
|move|p1b: Whimsicott|Protect|p1b: Whimsicott
|-singleturn|p1b: Whimsicott|Protect
|move|p1a: Blaziken|Detect|p1a: Blaziken
|-singleturn|p1a: Blaziken|Protect
|move|p2b: Typhlosion|Eruption|p1b: Whimsicott|[spread] 
|-activate|p1a: Blaziken|move: Protect
|-activate|p1b: Whimsicott|move: Protect
|move|p2a: Raichu|Nuzzle|p1a: Blaziken
|-activate|p1a: Blaziken|move: Protect
|
|-weather|SunnyDay|[upkeep]
|-ability|p1a: Blaziken|Speed Boost|boost
|-boost|p1a: Blaziken|spe|1
|upkeep
|turn|5
|
|t:|1782340547
|move|p1a: Blaziken|Rock Slide|p2a: Raichu|[spread] p2a,p2b
|-supereffective|p2b: Typhlosion|1
|-damage|p2a: Raichu|39/100
|-damage|p2b: Typhlosion|30/100
|-enditem|p2a: Raichu|Sitrus Berry|[eat]
|-heal|p2a: Raichu|64/100|[from] item: Sitrus Berry
|move|p2b: Typhlosion|Eruption|p1a: Blaziken|[spread] p1a,p1b
|-resisted|p1a: Blaziken|1
|-supereffective|p1b: Whimsicott|1
|-damage|p1a: Blaziken|74/100
|-enditem|p1b: Whimsicott|Focus Sash
|-damage|p1b: Whimsicott|1/100
|move|p1b: Whimsicott|Moonblast|p2a: Raichu
|-damage|p2a: Raichu|7/100
|move|p2a: Raichu|Thunderbolt|p1a: Blaziken
|-damage|p1a: Blaziken|17/100
|-status|p1a: Blaziken|par
|
|-weather|none
|-ability|p1a: Blaziken|Speed Boost|boost
|-boost|p1a: Blaziken|spe|1
|upkeep
|turn|6
|inactive|kirkin07 has 30 seconds left.
|inactive|NutsToButts67 has 30 seconds left.
|
|t:|1782340575
|move|p1a: Blaziken|Rock Slide|p2a: Raichu|[spread] p2a,p2b
|-crit|p2a: Raichu
|-supereffective|p2b: Typhlosion|1
|-damage|p2a: Raichu|0 fnt
|-damage|p2b: Typhlosion|0 fnt
|faint|p2a: Raichu
|faint|p2b: Typhlosion
|
|win|kirkin07
|raw|kirkin07's rating: 1138 → 1156(+18 for winning)
|raw|NutsToButts67's rating: 1042 → 1030(-12 for losing)
|l|☆NutsToButts67
|player|p2|
