|j|☆TheDomainOfCheese
|j|☆echoes630
|html|TheDomainOfCheeseechoes630    
|uhtml|bestof|Game 1 of a best-of-3
|t:|1756348687
|gametype|doubles
|player|p1|TheDomainOfCheese|cynthia|
|player|p2|echoes630|colress|
|gen|9
|tier|[Gen 9] VGC 2025 Reg H (Bo3)
|rule|Species Clause: Limit one of each Pokémon
|rule|Item Clause: Limit 1 of each item
|clearpoke
|poke|p1|Torkoal, L50, M|
|poke|p1|Ursaluna, L50, F|
|poke|p1|Porygon2, L50|
|poke|p1|Amoonguss, L50, F|
|poke|p1|Dragonite, L50, M|
|poke|p1|Sneasler, L50, F|
|poke|p2|Primarina, L50, F|
|poke|p2|Garchomp, L50, M|
|poke|p2|Gholdengo, L50|
|poke|p2|Talonflame, L50, F|
|poke|p2|Incineroar, L50, F|
|poke|p2|Annihilape, L50, F|
|teampreview|4
|showteam|p1|Torkoal||Charcoal|Drought|Eruption,HeatWave,EarthPower,Protect|||M|||50|,,,,,Fire]Ursaluna||FlameOrb|Guts|Facade,HeadlongRush,Earthquake,Protect|||F|||50|,,,,,Ghost]Porygon2||Eviolite|Download|TrickRoom,IceBeam,Recover,TeraBlast||||||50|,,,,,Fairy]Amoonguss||SitrusBerry|Regenerator|Spore,RagePowder,PollenPuff,Protect|||F|||50|,,,,,Water]Dragonite||LoadedDice|Multiscale|ScaleShot,ExtremeSpeed,Haze,Protect|||M|||50|,,,,,Normal]Sneasler||FocusSash|Unburden|FakeOut,CloseCombat,DireClaw,Protect|||F|||50|,,,,,Ghost
|showteam|p2|Primarina||ThroatSpray|LiquidVoice|HyperVoice,Moonblast,Haze,Protect|||F|||50|,,,,,Poison]Garchomp||LifeOrb|RoughSkin|Earthquake,DragonClaw,Protect,StompingTantrum|||M|||50|,,,,,Ground]Gholdengo||Leftovers|GoodasGold|MakeItRain,ShadowBall,NastyPlot,Protect||||||50|,,,,,Flying]Talonflame||SharpBeak|GaleWings|WillOWisp,Protect,BraveBird,Tailwind|||F|||50|,,,,,Ghost]Incineroar||SafetyGoggles|Intimidate|PartingShot,KnockOff,FlareBlitz,FakeOut|||F|||50|,,,,,Ghost]Annihilape||ChoiceScarf|Defiant|FinalGambit,Coaching,CloseCombat,ShadowClaw|||F|||50|,,,,,Grass
|inactive|Battle timer is ON: inactive players will automatically lose when time's up. (requested by TheDomainOfCheese)
|inactive|TheDomainOfCheese has 60 seconds left.
|inactive|echoes630 has 60 seconds left.
|
|t:|1756348743
|teamsize|p1|4
|teamsize|p2|4
|start
|switch|p1a: Ursaluna|Ursaluna, L50, F|100/100
|switch|p1b: Sneasler|Sneasler, L50, F|100/100
|switch|p2a: Gholdengo|Gholdengo, L50|100/100
|switch|p2b: Ziro|Annihilape, L50, F, shiny|100/100
|turn|1
|
|t:|1756348759
|-terastallize|p1a: Ursaluna|Ghost
|move|p2b: Ziro|Coaching|p2a: Gholdengo
|-immune|p2a: Gholdengo|[from] ability: Good as Gold
|move|p1b: Sneasler|Dire Claw|p2b: Ziro
|-resisted|p2b: Ziro
|-damage|p2b: Ziro|83/100
|move|p2a: Gholdengo|Nasty Plot|p2a: Gholdengo
|-boost|p2a: Gholdengo|spa|2
|move|p1a: Ursaluna|Headlong Rush|p2a: Gholdengo
|-supereffective|p2a: Gholdengo
|-damage|p2a: Gholdengo|0 fnt
|-unboost|p1a: Ursaluna|def|1
|-unboost|p1a: Ursaluna|spd|1
|faint|p2a: Gholdengo
|
|-status|p1a: Ursaluna|brn|[from] item: Flame Orb
|upkeep
|
|t:|1756348767
|switch|p2a: harder|Garchomp, L50, M|100/100
|turn|2
|
|t:|1756348782
|switch|p1b: Dragonite|Dragonite, L50, M|100/100
|move|p1a: Ursaluna|Protect|p1a: Ursaluna
|-singleturn|p1a: Ursaluna|Protect
|move|p2b: Ziro|Coaching|p2a: harder
|-boost|p2a: harder|atk|1
|-boost|p2a: harder|def|1
|move|p2a: harder|Dragon Claw|p1b: Dragonite
|-supereffective|p1b: Dragonite
|-damage|p1b: Dragonite|23/100
|-damage|p2a: harder|91/100|[from] item: Life Orb
|
|-damage|p1a: Ursaluna|95/100 brn|[from] brn
|upkeep
|turn|3
|inactive|TheDomainOfCheese has 30 seconds left.
|
|t:|1756348820
|switch|p1a: Amoonguss|Amoonguss, L50, F|100/100
|-terastallize|p2a: harder|Ground
|move|p1b: Dragonite|Extreme Speed|p2a: harder
|-damage|p2a: harder|70/100
|-damage|p1b: Dragonite|10/100|[from] ability: Rough Skin|[of] p2a: harder
|move|p2b: Ziro|Coaching|p2a: harder
|-boost|p2a: harder|atk|1
|-boost|p2a: harder|def|1
|move|p2a: harder|Stomping Tantrum|p1a: Amoonguss
|-damage|p1a: Amoonguss|0 fnt
|faint|p1a: Amoonguss
|-damage|p2a: harder|60/100|[from] item: Life Orb
|
|upkeep
|
|t:|1756348832
|switch|p1a: Sneasler|Sneasler, L50, F|100/100
|turn|4
|
|t:|1756348839
|switch|p2a: Friend #1|Incineroar, L50, F|100/100
|-ability|p2a: Friend #1|Intimidate|boost
|-unboost|p1a: Sneasler|atk|1
|-unboost|p1b: Dragonite|atk|1
|move|p1a: Sneasler|Fake Out|p2a: Friend #1
|-damage|p2a: Friend #1|91/100
|move|p2b: Ziro|Coaching|p2a: Friend #1
|-boost|p2a: Friend #1|atk|1
|-boost|p2a: Friend #1|def|1
|move|p1b: Dragonite|Scale Shot|p2a: Friend #1
|-damage|p2a: Friend #1|85/100
|-damage|p2a: Friend #1|78/100
|-damage|p2a: Friend #1|72/100
|-damage|p2a: Friend #1|65/100
|-damage|p2a: Friend #1|59/100
|-hitcount|p2a: Friend #1|5
|-unboost|p1b: Dragonite|def|1
|-boost|p1b: Dragonite|spe|1
|
|upkeep
|turn|5
|
|t:|1756348855
|move|p2a: Friend #1|Fake Out|p1b: Dragonite
|-damage|p1b: Dragonite|0 fnt
|faint|p1b: Dragonite
|move|p2b: Ziro|Coaching|p2a: Friend #1
|-boost|p2a: Friend #1|atk|1
|-boost|p2a: Friend #1|def|1
|move|p1a: Sneasler|Close Combat|p2a: Friend #1
|-supereffective|p2a: Friend #1
|-damage|p2a: Friend #1|15/100
|-unboost|p1a: Sneasler|def|1
|-unboost|p1a: Sneasler|spd|1
|
|upkeep
|
|t:|1756348865
|switch|p1b: Ursaluna|Ursaluna, L50, F, tera:Ghost|95/100 brn
|turn|6
|
|t:|1756348882
|switch|p2a: harder|Garchomp, L50, M, tera:Ground|60/100
|move|p1a: Sneasler|Protect|p1a: Sneasler
|-singleturn|p1a: Sneasler|Protect
|move|p1b: Ursaluna|Protect|p1b: Ursaluna
|-singleturn|p1b: Ursaluna|Protect
|move|p2b: Ziro|Coaching|p2a: harder
|-boost|p2a: harder|atk|1
|-boost|p2a: harder|def|1
|
|-damage|p1b: Ursaluna|89/100 brn|[from] brn
|upkeep
|turn|7
|
|t:|1756348898
|move|p2b: Ziro|Coaching|p2a: harder
|-boost|p2a: harder|atk|1
|-boost|p2a: harder|def|1
|move|p1a: Sneasler|Dire Claw|p2a: harder
|-resisted|p2a: harder
|-damage|p2a: harder|53/100
|-status|p2a: harder|psn
|-damage|p1a: Sneasler|88/100|[from] ability: Rough Skin|[of] p2a: harder
|move|p2a: harder|Stomping Tantrum|p1b: Ursaluna
|-damage|p1b: Ursaluna|0 fnt
|faint|p1b: Ursaluna
|-damage|p2a: harder|43/100 psn|[from] item: Life Orb
|
|-damage|p2a: harder|31/100 psn|[from] psn
|upkeep
|turn|8
|-message|TheDomainOfCheese forfeited.
|
|win|echoes630
|l|☆TheDomainOfCheese
|player|p1|
||TheDomainOfCheese is ready for game 2.
||echoes630 is ready for game 2.
|uhtml|next|Next: Game 2 of 3
