|j|☆BerceoX
|j|☆flaabs cgv
|html|BerceoXflaabs cgv    
|uhtml|bestof|Game 2 of a best-of-3
|t:|1784033501
|gametype|doubles
|player|p1|BerceoX|ghetsis|1012
|player|p2|flaabs cgv|265|1042
|gen|9
|tier|[Gen 9 Champions] VGC 2026 Reg M-B (Bo3)
|rated|
|rule|Species Clause: Limit one of each Pokémon
|rule|Item Clause: Limit 1 of each item
|clearpoke
|poke|p1|Vivillon-Pokeball, L50, F|
|poke|p1|Politoed, L50, M|
|poke|p1|Gengar, L50, F|
|poke|p1|Incineroar, L50, M|
|poke|p1|Archaludon, L50, M|
|poke|p1|Swampert, L50, F|
|poke|p2|Tinkaton, L50, F|
|poke|p2|Garchomp, L50, M|
|poke|p2|Pyroar, L50, F|
|poke|p2|Torkoal, L50, M|
|poke|p2|Basculegion, L50, M|
|poke|p2|Venusaur, L50, M|
|teampreview|4
|showteam|p1|Vivillon-Pokeball||FocusSash|CompoundEyes|Protect,RagePowder,SleepPowder,Hurricane|Timid||F|||50|]Politoed||SitrusBerry|Drizzle|WeatherBall,PerishSong,Protect,Encore|Calm||M|||50|]Gengar||Gengarite|CursedBody|PerishSong,Protect,ShadowBall,SludgeBomb|Timid||F|||50|]Incineroar||PasshoBerry|Intimidate|FakeOut,Protect,PartingShot,ThroatChop|Impish||M|||50|]Archaludon||Leftovers|Stamina|ElectroShot,DragonPulse,FlashCannon,Protect|Modest||M|||50|]Swampert||Swampertite|Torrent|WaveCrash,Earthquake,IcePunch,Protect|Adamant||F|||50|
|showteam|p2|Tinkaton||ShucaBerry|MoldBreaker|FakeOut,FakeTears,GigatonHammer,Protect|Adamant||F|||50|]Garchomp||LifeOrb|RoughSkin|DragonClaw,Protect,Earthquake,RockSlide|Jolly||M|||50|]Pyroar||Pyroarite|Unnerve|HeatWave,Protect,PsychicFangs,Overheat|Modest||F|||50|]Torkoal||Leftovers|Drought|Eruption,BodyPress,Protect,SolarBeam|Serious||M|||50|]Basculegion||MysticWater|Adaptability|AquaJet,WaveCrash,Protect,LastRespects|Serious||M|||50|]Venusaur||FocusSash|Chlorophyll|EarthPower,SleepPowder,Protect,SolarBeam|Modest||M|||50|
|inactive|Battle timer is ON: inactive players will automatically lose when time's up. (requested by BerceoX)
|
|t:|1784033544
|teamsize|p1|4
|teamsize|p2|4
|start
|switch|p1a: Gengar|Gengar, L50, F|100/100
|switch|p1b: Incineroar|Incineroar, L50, M|100/100
|switch|p2a: Pyroar|Pyroar, L50, F|100/100
|switch|p2b: Torkoal|Torkoal, L50, M|100/100
|-ability|p2a: Pyroar|Unnerve
|-ability|p1b: Incineroar|Intimidate|boost
|-unboost|p2a: Pyroar|atk|1
|-unboost|p2b: Torkoal|atk|1
|-weather|SunnyDay|[from] ability: Drought|[of] p2b: Torkoal
|turn|1
|inactive|BerceoX has 30 seconds left.
|inactive|BerceoX has 20 seconds left.
|inactive|BerceoX has 15 seconds left.
|inactive|BerceoX has 10 seconds left.
|
|t:|1784033592
|switch|p2b: Venusaur|Venusaur, L50, M|100/100
|detailschange|p2a: Pyroar|Pyroar-Mega, L50, F
|-mega|p2a: Pyroar|Pyroar|Pyroarite
|detailschange|p1a: Gengar|Gengar-Mega, L50, F
|-mega|p1a: Gengar|Gengar|Gengarite
|move|p1a: Gengar|Protect|p1a: Gengar
|-singleturn|p1a: Gengar|Protect
|move|p2a: Pyroar|Heat Wave|p1b: Incineroar|[spread] p1b
|-activate|p1a: Gengar|move: Protect
|-resisted|p1b: Incineroar|1
|-damage|p1b: Incineroar|64/100
|move|p1b: Incineroar|Parting Shot|p2a: Pyroar
|-unboost|p2a: Pyroar|atk|1
|-unboost|p2a: Pyroar|spa|1
|
|t:|1784033604
|switch|p1b: Politoed|Politoed, L50, M|100/100|[from] Parting Shot
|-weather|RainDance|[from] ability: Drizzle|[of] p1b: Politoed
|
|-weather|RainDance|[upkeep]
|upkeep
|turn|2
|inactive|BerceoX has 30 seconds left.
|inactive|flaabs cgv has 30 seconds left.
|inactive|BerceoX has 20 seconds left.
|inactive|flaabs cgv has 20 seconds left.
|inactive|BerceoX has 15 seconds left.
|inactive|BerceoX has 10 seconds left.
|inactive|BerceoX has 5 seconds left.
|
|t:|1784033661
|switch|p1a: Vivillon|Vivillon-Pokeball, L50, F|100/100
|move|p2a: Pyroar|Protect|p2a: Pyroar
|-singleturn|p2a: Pyroar|Protect
|move|p2b: Venusaur|Sleep Powder|p1b: Politoed
|-status|p1b: Politoed|slp|[from] move: Sleep Powder
|cant|p1b: Politoed|slp
|
|-weather|RainDance|[upkeep]
|upkeep
|turn|3
|inactive|BerceoX has 30 seconds left.
|inactive|flaabs cgv has 30 seconds left.
|
|t:|1784033697
|switch|p2a: Torkoal|Torkoal, L50, M|100/100
|-weather|SunnyDay|[from] ability: Drought|[of] p2a: Torkoal
|switch|p1b: Incineroar|Incineroar, L50, M|64/100
|-ability|p1b: Incineroar|Intimidate|boost
|-unboost|p2a: Torkoal|atk|1
|-unboost|p2b: Venusaur|atk|1
|move|p2b: Venusaur|Sleep Powder|p1a: Vivillon
|-status|p1a: Vivillon|slp|[from] move: Sleep Powder
|cant|p1a: Vivillon|slp
|
|-weather|SunnyDay|[upkeep]
|upkeep
|turn|4
|inactive|flaabs cgv has 30 seconds left.
|inactive|flaabs cgv has 20 seconds left.
|
|t:|1784033733
|switch|p2a: Garchomp|Garchomp, L50, M|100/100
|move|p1b: Incineroar|Fake Out|p2b: Venusaur
|-damage|p2b: Venusaur|85/100
|cant|p2b: Venusaur|flinch
|-curestatus|p1a: Vivillon|slp|[msg]
|move|p1a: Vivillon|Sleep Powder|p2a: Garchomp
|-status|p2a: Garchomp|slp|[from] move: Sleep Powder
|
|-weather|SunnyDay|[upkeep]
|upkeep
|turn|5
|
|t:|1784033751
|switch|p1b: Politoed|Politoed, L50, M|100/100 slp
|-weather|RainDance|[from] ability: Drizzle|[of] p1b: Politoed
|cant|p2a: Garchomp|slp
|move|p1a: Vivillon|Hurricane|p2b: Venusaur
|-supereffective|p2b: Venusaur|1
|-damage|p2b: Venusaur|0 fnt
|faint|p2b: Venusaur
|
|-weather|RainDance|[upkeep]
|upkeep
|
|t:|1784033763
|switch|p2b: Torkoal|Torkoal, L50, M|100/100
|-weather|SunnyDay|[from] ability: Drought|[of] p2b: Torkoal
|turn|6
|
|t:|1784033773
|switch|p1b: Incineroar|Incineroar, L50, M|64/100
|-ability|p1b: Incineroar|Intimidate|boost
|-unboost|p2a: Garchomp|atk|1
|-unboost|p2b: Torkoal|atk|1
|cant|p2a: Garchomp|slp
|move|p1a: Vivillon|Sleep Powder|p2b: Torkoal
|-status|p2b: Torkoal|slp|[from] move: Sleep Powder
|cant|p2b: Torkoal|slp
|
|-weather|SunnyDay|[upkeep]
|upkeep
|turn|7
|
|t:|1784033788
|switch|p2a: Pyroar|Pyroar-Mega, L50, F|100/100
|switch|p1a: Politoed|Politoed, L50, M|100/100 slp
|-weather|RainDance|[from] ability: Drizzle|[of] p1a: Politoed
|move|p1b: Incineroar|Parting Shot|p2a: Pyroar
|-unboost|p2a: Pyroar|atk|1
|-unboost|p2a: Pyroar|spa|1
|
|t:|1784033795
|switch|p1b: Gengar|Gengar-Mega, L50, F|100/100|[from] Parting Shot
|cant|p2b: Torkoal|slp
|
|-weather|RainDance|[upkeep]
|upkeep
|turn|8
|c|☆flaabs cgv|this is just tragic tbh
|-message|flaabs cgv forfeited.
|
|win|BerceoX
|raw|BerceoX's rating: 1012 → 1053(+41 for winning)
|raw|flaabs cgv's rating: 1042 → 1024(-18 for losing)
|l|☆BerceoX
|player|p1|
|l|☆flaabs cgv
|player|p2|
|j|☆flaabs cgv
|player|p2|flaabs cgv|265|
