|j|☆Silverfang538
|j|☆fffffffff2
|html|Silverfang538fffffffff2    
|uhtml|bestof|Game 1 of a best-of-3
|t:|1783110955
|gametype|doubles
|player|p1|Silverfang538|265|1000
|player|p2|fffffffff2|artist-gen4|1000
|gen|9
|tier|[Gen 9 Champions] VGC 2026 Reg M-B (Bo3)
|rated|
|rule|Species Clause: Limit one of each Pokémon
|rule|Item Clause: Limit 1 of each item
|clearpoke
|poke|p1|Charizard, L50, M|
|poke|p1|Venusaur, L50, M|
|poke|p1|Sneasler, L50, M|
|poke|p1|Kingambit, L50, F|
|poke|p1|Sylveon, L50, M|
|poke|p1|Sinistcha, L50|
|poke|p2|Mawile, L50, F|
|poke|p2|Basculegion, L50, M|
|poke|p2|Pelipper, L50, M|
|poke|p2|Mimikyu, L50, F|
|poke|p2|Dragalge, L50, M|
|poke|p2|Incineroar, L50, F|
|teampreview|4
|showteam|p1|Charizard||CharizarditeY|SolarPower|HeatWave,SolarBeam,WeatherBall,Protect|Modest||M|||50|]Venusaur||MiracleSeed|Chlorophyll|GigaDrain,SludgeBomb,EarthPower,Protect|Calm||M|||50|]Sneasler||WhiteHerb|Unburden|DireClaw,CloseCombat,FakeOut,Protect|Jolly||M|||50|]Kingambit||ChopleBerry|Defiant|KowtowCleave,SuckerPunch,IronHead,Protect|Adamant||F|||50|]Sylveon||FairyFeather|Pixilate|HyperVoice,HyperBeam,QuickAttack,Detect|Modest||M|||50|]Sinistcha||Leftovers|Hospitality|MatchaGotcha,RagePowder,LifeDew,TrickRoom|Bold|||||50|
|showteam|p2|Mawile||Mawilite|SheerForce|IcePunch,PlayRough,Protect,IronHead|Adamant||F|||50|]Basculegion||ChoiceScarf|SwiftSwim|AquaJet,FlipTurn,LastRespects,Waterfall|Jolly||M|||50|]Pelipper||FocusSash|Drizzle|Hurricane,Tailwind,Uturn,Protect|Bold||M|||50|]Mimikyu||LifeOrb|Disguise|TrickRoom,BulkUp,PlayRough,Protect|Sassy||F|||50|]Dragalge||Dragalgite|Adaptability|DracoMeteor,Protect,SludgeBomb,FlipTurn|Calm||M|||50|]Incineroar||SitrusBerry|Intimidate|FakeOut,FlareBlitz,PartingShot,Protect|Careful||F|||50|
|
|t:|1783111001
|teamsize|p1|4
|teamsize|p2|4
|start
|switch|p1a: Kingambit|Kingambit, L50, F|100/100
|switch|p1b: Sinistcha|Sinistcha, L50|100/100
|switch|p2a: Mimikyu|Mimikyu, L50, F|100/100
|switch|p2b: Dragalge|Dragalge, L50, M|100/100
|turn|1
|
|t:|1783111021
|detailschange|p2b: Dragalge|Dragalge-Mega, L50, M
|-mega|p2b: Dragalge|Dragalge|Dragalgite
|move|p2a: Mimikyu|Protect|p2a: Mimikyu
|-singleturn|p2a: Mimikyu|Protect
|move|p1b: Sinistcha|Rage Powder|p1b: Sinistcha
|-singleturn|p1b: Sinistcha|move: Rage Powder
|move|p1a: Kingambit|Sucker Punch||[still]
|-fail|p1a: Kingambit
|move|p2b: Dragalge|Draco Meteor|p1b: Sinistcha
|-damage|p1b: Sinistcha|39/100
|-unboost|p2b: Dragalge|spa|2
|
|-heal|p1b: Sinistcha|45/100|[from] item: Leftovers
|upkeep
|turn|2
|
|t:|1783111046
|move|p1b: Sinistcha|Matcha Gotcha|p2a: Mimikyu|[spread] p2a,p2b
|-resisted|p2b: Dragalge|2
|-activate|p2a: Mimikyu|ability: Disguise
|-damage|p2a: Mimikyu|100/100
|-damage|p2b: Dragalge|96/100
|-heal|p1b: Sinistcha|47/100|[from] drain|[of] p2b: Dragalge
|-status|p2a: Mimikyu|brn
|detailschange|p2a: Mimikyu|Mimikyu-Busted, L50, F
|-damage|p2a: Mimikyu|87/100 brn|[from] pokemon: Mimikyu-Busted
|move|p1a: Kingambit|Kowtow Cleave|p2b: Dragalge
|-damage|p2b: Dragalge|45/100
|move|p2b: Dragalge|Flip Turn|p1a: Kingambit
|-damage|p1a: Kingambit|91/100
|
|t:|1783111062
|-heal|p2b: Dragalge|78/100|[from] ability: Regenerator|[silent]
|switch|p2b: Mawile|Mawile, L50, F|100/100|[from] Flip Turn
|move|p2a: Mimikyu|Trick Room|p2a: Mimikyu
|-fieldstart|move: Trick Room|[of] p2a: Mimikyu
|
|-heal|p1b: Sinistcha|53/100|[from] item: Leftovers
|-damage|p2a: Mimikyu|81/100 brn|[from] brn
|upkeep
|turn|3
|
|t:|1783111086
|move|p2b: Mawile|Protect|p2b: Mawile
|-singleturn|p2b: Mawile|Protect
|move|p1a: Kingambit|Sucker Punch|p2a: Mimikyu
|-damage|p2a: Mimikyu|27/100 brn
|move|p2a: Mimikyu|Play Rough|p1b: Sinistcha
|-damage|p1b: Sinistcha|38/100
|-damage|p2a: Mimikyu|17/100 brn|[from] item: Life Orb
|move|p1b: Sinistcha|Trick Room|p1b: Sinistcha
|-fieldend|move: Trick Room
|
|-heal|p1b: Sinistcha|44/100|[from] item: Leftovers
|-damage|p2a: Mimikyu|11/100 brn|[from] brn
|upkeep
|turn|4
|
|t:|1783111113
|move|p2a: Mimikyu|Play Rough|p1b: Sinistcha
|-damage|p1b: Sinistcha|29/100
|-damage|p2a: Mimikyu|1/100 brn|[from] item: Life Orb
|move|p1b: Sinistcha|Life Dew|p1b: Sinistcha|[spread] p1a,p1b
|-heal|p1a: Kingambit|100/100
|-heal|p1b: Sinistcha|55/100
|move|p2b: Mawile|Ice Punch|p1b: Sinistcha
|-supereffective|p1b: Sinistcha|1
|-damage|p1b: Sinistcha|10/100
|move|p1a: Kingambit|Kowtow Cleave|p2a: Mimikyu
|-damage|p2a: Mimikyu|0 fnt
|faint|p2a: Mimikyu
|
|-heal|p1b: Sinistcha|16/100|[from] item: Leftovers
|upkeep
|
|t:|1783111132
|switch|p2a: Dragalge|Dragalge-Mega, L50, M|78/100
|turn|5
|
|t:|1783111169
|move|p1b: Sinistcha|Life Dew||[still]|[spread] p1a,p1b
|-fail|p1a: Kingambit|heal
|-heal|p1b: Sinistcha|41/100
|move|p1a: Kingambit|Iron Head|p2a: Dragalge
|-damage|p2a: Dragalge|31/100
|move|p2b: Mawile|Ice Punch|p1b: Sinistcha
|-supereffective|p1b: Sinistcha|1
|-crit|p1b: Sinistcha
|-damage|p1b: Sinistcha|0 fnt
|faint|p1b: Sinistcha
|move|p2a: Dragalge|Draco Meteor|p1a: Kingambit
|-resisted|p1a: Kingambit|1
|-damage|p1a: Kingambit|74/100
|-unboost|p2a: Dragalge|spa|2
|
|upkeep
|
|t:|1783111185
|switch|p1b: Charizard|Charizard, L50, M|100/100
|turn|6
|
|t:|1783111199
|detailschange|p1b: Charizard|Charizard-Mega-Y, L50, M
|-mega|p1b: Charizard|Charizard|Charizardite Y
|-weather|SunnyDay|[from] ability: Drought|[of] p1b: Charizard
|move|p1b: Charizard|Heat Wave|p2b: Mawile|[spread] p2a,p2b
|-resisted|p2a: Dragalge|1
|-supereffective|p2b: Mawile|1
|-damage|p2a: Dragalge|13/100
|-damage|p2b: Mawile|0 fnt
|faint|p2b: Mawile
|move|p1a: Kingambit|Iron Head|p2a: Dragalge
|-damage|p2a: Dragalge|0 fnt
|faint|p2a: Dragalge
|
|-weather|SunnyDay|[upkeep]
|upkeep
|-message|fffffffff2 forfeited.
|
|win|Silverfang538
|l|☆fffffffff2
|player|p2|
|raw|Silverfang538's rating: 1000 → 1040(+40 for winning)
|raw|fffffffff2's rating: 1000 → 1000(+0 for losing)
