|j|☆BlackAshura
|j|☆suzerdito
|html|BlackAshurasuzerdito    
|uhtml|bestof|Game 1 of a best-of-3
|t:|1783452873
|gametype|doubles
|player|p1|BlackAshura|samsonoak|1077
|player|p2|suzerdito|169|1091
|gen|9
|tier|[Gen 9 Champions] VGC 2026 Reg M-B (Bo3)
|rated|
|rule|Species Clause: Limit one of each Pokémon
|rule|Item Clause: Limit 1 of each item
|clearpoke
|poke|p1|Metagross, L50, shiny|
|poke|p1|Kleavor, L50, F|
|poke|p1|Hydreigon, L50, M|
|poke|p1|Venusaur, L50, M, shiny|
|poke|p1|Simipour, L50, F, shiny|
|poke|p1|Talonflame, L50, M, shiny|
|poke|p2|Aerodactyl, L50, F|
|poke|p2|Kingambit, L50, M, shiny|
|poke|p2|Charizard, L50, M, shiny|
|poke|p2|Sylveon, L50, M, shiny|
|poke|p2|Farigiraf, L50, F|
|poke|p2|Garchomp, L50, M|
|teampreview|4
|showteam|p1|Metagross||Metagrossite|ClearBody|IronHead,PsychicFangs,IcePunch,Protect|Jolly|||||50|]Kleavor||ChoiceScarf|Sharpness|StoneAxe,CloseCombat,NightSlash,XScissor|Jolly||F|||50|]Hydreigon||LifeOrb|Levitate|DracoMeteor,DarkPulse,EarthPower,Protect|Timid||M|||50|]Venusaur||Venusaurite|Overgrow|GigaDrain,SludgeBomb,EarthPower,Protect|Modest||M|||50|]Simipour||FocusSash|Torrent|FakeOut,Scald,IceBeam,Protect|Timid||F|||50|]Talonflame||Charcoal|GaleWings|Overheat,Taunt,QuickGuard,Tailwind|Timid||M|||50|
|showteam|p2|Aerodactyl||Aerodactylite|RockHead|RockSlide,IceFang,Tailwind,DualWingbeat|Jolly||F|||50|]Kingambit||FocusSash|Defiant|KowtowCleave,IronHead,SuckerPunch,LowKick|Adamant||M|||50|]Charizard||CharizarditeY|Blaze|Protect,HeatWave,SolarBeam,WeatherBall|Timid||M|||50|]Sylveon||FairyFeather|Pixilate|Detect,QuickAttack,HyperVoice,HyperBeam|Timid||M|||50|]Farigiraf||SitrusBerry|ArmorTail|Psychic,Thunderbolt,TrickRoom,Roar|Bold||F|||50|]Garchomp||LifeOrb|RoughSkin|Protect,StompingTantrum,Earthquake,DragonClaw|Jolly||M|||50|
|
|t:|1783452902
|teamsize|p1|4
|teamsize|p2|4
|start
|switch|p1a: Talonflame|Talonflame, L50, M, shiny|100/100
|switch|p1b: Kleavor|Kleavor, L50, F|100/100
|switch|p2a: Kingambit|Kingambit, L50, M, shiny|100/100
|switch|p2b: Farigiraf|Farigiraf, L50, F|100/100
|turn|1
|inactive|Battle timer is ON: inactive players will automatically lose when time's up. (requested by BlackAshura)
|
|t:|1783452956
|move|p2a: Kingambit|Sucker Punch|p1a: Talonflame
|-damage|p1a: Talonflame|41/100
|move|p1b: Kleavor|X-Scissor|p2b: Farigiraf
|-supereffective|p2b: Farigiraf|1
|-damage|p2b: Farigiraf|1/100
|-enditem|p2b: Farigiraf|Sitrus Berry|[eat]
|-heal|p2b: Farigiraf|26/100|[from] item: Sitrus Berry
|move|p1a: Talonflame|Overheat|p2a: Kingambit
|-supereffective|p2a: Kingambit|1
|-enditem|p2a: Kingambit|Focus Sash
|-damage|p2a: Kingambit|1/100
|-unboost|p1a: Talonflame|spa|2
|move|p2b: Farigiraf|Trick Room|p2b: Farigiraf
|-fieldstart|move: Trick Room|[of] p2b: Farigiraf
|
|upkeep
|turn|2
|inactive|BlackAshura has 30 seconds left.
|inactive|BlackAshura has 20 seconds left.
|
|t:|1783452995
|switch|p1a: Hydreigon|Hydreigon, L50, M|100/100
|switch|p1b: Metagross|Metagross, L50, shiny|100/100
|move|p2b: Farigiraf|Thunderbolt|p1a: Hydreigon
|-resisted|p1a: Hydreigon|1
|-damage|p1a: Hydreigon|86/100
|move|p2a: Kingambit|Iron Head|p1b: Metagross
|-resisted|p1b: Metagross|1
|-damage|p1b: Metagross|80/100
|
|upkeep
|turn|3
|inactive|BlackAshura has 30 seconds left.
|inactive|BlackAshura has 20 seconds left.
|
|t:|1783453032
|switch|p1b: Talonflame|Talonflame, L50, M, shiny|41/100
|move|p1a: Hydreigon|Protect|p1a: Hydreigon
|-singleturn|p1a: Hydreigon|Protect
|move|p2b: Farigiraf|Thunderbolt|p1a: Hydreigon
|-activate|p1a: Hydreigon|move: Protect
|move|p2a: Kingambit|Kowtow Cleave|p1b: Talonflame
|-damage|p1b: Talonflame|0 fnt
|faint|p1b: Talonflame
|
|upkeep
|
|t:|1783453047
|switch|p1b: Metagross|Metagross, L50, shiny|80/100
|turn|4
|inactive|BlackAshura has 30 seconds left.
|
|t:|1783453074
|switch|p2b: Sylveon|Sylveon, L50, M, shiny|100/100
|move|p1b: Metagross|Protect|p1b: Metagross
|-singleturn|p1b: Metagross|Protect
|move|p2a: Kingambit|Kowtow Cleave|p1b: Metagross
|-activate|p1b: Metagross|move: Protect
|move|p1a: Hydreigon|Earth Power|p2a: Kingambit
|-supereffective|p2a: Kingambit|1
|-damage|p2a: Kingambit|0 fnt
|faint|p2a: Kingambit
|-damage|p1a: Hydreigon|77/100|[from] item: Life Orb
|
|upkeep
|
|t:|1783453086
|switch|p2a: Charizard|Charizard, L50, M, shiny|100/100
|turn|5
|inactive|BlackAshura has 30 seconds left.
|inactive|BlackAshura has 20 seconds left.
|
|t:|1783453126
|detailschange|p1b: Metagross|Metagross-Mega, L50, shiny
|-mega|p1b: Metagross|Metagross|Metagrossite
|detailschange|p2a: Charizard|Charizard-Mega-Y, L50, M, shiny
|-mega|p2a: Charizard|Charizard|Charizardite Y
|-weather|SunnyDay|[from] ability: Drought|[of] p2a: Charizard
|move|p1a: Hydreigon|Protect|p1a: Hydreigon
|-singleturn|p1a: Hydreigon|Protect
|move|p1b: Metagross|Protect||[still]
|-fail|p1b: Metagross
|move|p2b: Sylveon|Hyper Voice|p1b: Metagross|[spread] p1b
|-activate|p1a: Hydreigon|move: Protect
|-resisted|p1b: Metagross|1
|-damage|p1b: Metagross|58/100
|move|p2a: Charizard|Weather Ball|p1b: Metagross
|-supereffective|p1b: Metagross|1
|-damage|p1b: Metagross|0 fnt
|faint|p1b: Metagross
|
|-weather|SunnyDay|[upkeep]
|-fieldend|move: Trick Room
|upkeep
|
|t:|1783453143
|switch|p1b: Kleavor|Kleavor, L50, F|100/100
|turn|6
|
|t:|1783453153
|move|p2a: Charizard|Protect|p2a: Charizard
|-singleturn|p2a: Charizard|Protect
|move|p1b: Kleavor|Stone Axe|p2b: Sylveon
|-damage|p2b: Sylveon|37/100
|-sidestart|p2: suzerdito|move: Stealth Rock
|move|p1a: Hydreigon|Dark Pulse|p2b: Sylveon
|-resisted|p2b: Sylveon|1
|-damage|p2b: Sylveon|14/100
|-damage|p1a: Hydreigon|68/100|[from] item: Life Orb
|move|p2b: Sylveon|Hyper Voice|p1b: Kleavor|[spread] p1a,p1b
|-supereffective|p1a: Hydreigon|2
|-crit|p1a: Hydreigon
|-damage|p1a: Hydreigon|0 fnt
|-damage|p1b: Kleavor|22/100
|faint|p1a: Hydreigon
|
|-weather|SunnyDay|[upkeep]
|upkeep
|turn|7
|
|t:|1783453174
|move|p1b: Kleavor|Stone Axe|p2a: Charizard
|-supereffective|p2a: Charizard|2
|-damage|p2a: Charizard|0 fnt
|faint|p2a: Charizard
|move|p2b: Sylveon|Hyper Voice|p1b: Kleavor
|-damage|p1b: Kleavor|0 fnt
|faint|p1b: Kleavor
|
|win|suzerdito
