|j|☆James Ferraro
|j|☆Tatsugrilo
|html|James FerraroTatsugrilo    
|uhtml|bestof|Game 1 of a best-of-3
|t:|1782227256
|gametype|doubles
|player|p1|James Ferraro|veteranf|1181
|player|p2|Tatsugrilo|169|1286
|gen|9
|tier|[Gen 9 Champions] VGC 2026 Reg M-B (Bo3)
|rated|
|rule|Species Clause: Limit one of each Pokémon
|rule|Item Clause: Limit 1 of each item
|clearpoke
|poke|p1|Basculegion, L50, M|
|poke|p1|Kingambit, L50, M|
|poke|p1|Sneasler, L50, F|
|poke|p1|Incineroar, L50, M|
|poke|p1|Sinistcha, L50|
|poke|p1|Floette-Eternal, L50, F|
|poke|p2|Swampert, L50, F|
|poke|p2|Pelipper, L50, F|
|poke|p2|Incineroar, L50, F|
|poke|p2|Archaludon, L50, F|
|poke|p2|Floette-Eternal, L50, F|
|poke|p2|Basculegion, L50, M|
|teampreview|4
|showteam|p1|Basculegion||ChoiceScarf|Adaptability|LastRespects,WaveCrash,FlipTurn,AquaJet|Adamant||M|||50|]Kingambit||BlackGlasses|Defiant|KowtowCleave,SuckerPunch,SwordsDance,Protect|Adamant||M|||50|]Sneasler||FocusSash|PoisonTouch|CloseCombat,DireClaw,FakeOut,Protect|Jolly||F|||50|]Incineroar||SitrusBerry|Intimidate|FlareBlitz,ThroatChop,FakeOut,PartingShot|Impish||M|||50|]Sinistcha||KasibBerry|Hospitality|MatchaGotcha,LifeDew,RagePowder,Protect|Relaxed|||||50|]Floette-Eternal||Floettite|FlowerVeil|DazzlingGleam,DrainingKiss,CalmMind,Protect|Timid||F|||50|
|showteam|p2|Swampert||Swampertite|Torrent|WaveCrash,Earthquake,IcePunch,Protect|Adamant||F|||50|]Pelipper||SitrusBerry|Drizzle|WeatherBall,Hurricane,Tailwind,WideGuard|Modest||F|||50|]Incineroar||ChopleBerry|Intimidate|FlareBlitz,ThroatChop,PartingShot,FakeOut|Impish||F|||50|]Archaludon||Magnet|Sturdy|FlashCannon,ElectroShot,DragonPulse,Protect|Timid||F|||50|]Floette-Eternal||Floettite|FlowerVeil|Moonblast,DazzlingGleam,CalmMind,Protect|Timid||F|||50|]Basculegion||FocusSash|Adaptability|Liquidation,LastRespects,AquaJet,Protect|Jolly||M|||50|
|inactive|Battle timer is ON: inactive players will automatically lose when time's up. (requested by James Ferraro)
|
|t:|1782227291
|teamsize|p1|4
|teamsize|p2|4
|start
|switch|p1a: Incineroar|Incineroar, L50, M|100/100
|switch|p1b: Floette|Floette-Eternal, L50, F|100/100
|switch|p2a: danilo|Pelipper, L50, F|100/100
|switch|p2b: virginia|Floette-Eternal, L50, F|100/100
|-weather|RainDance|[from] ability: Drizzle|[of] p2a: danilo
|-ability|p1a: Incineroar|Intimidate|boost
|-unboost|p2a: danilo|atk|1
|-unboost|p2b: virginia|atk|1
|turn|1
|
|t:|1782227303
|detailschange|p1b: Floette|Floette-Mega, L50, F
|-mega|p1b: Floette|Floette|Floettite
|-ability|p1b: Floette|Fairy Aura
|detailschange|p2b: virginia|Floette-Mega, L50, F
|-mega|p2b: virginia|Floette|Floettite
|-ability|p2b: virginia|Fairy Aura
|move|p1a: Incineroar|Fake Out|p2a: danilo
|-damage|p2a: danilo|88/100
|move|p2b: virginia|Calm Mind|p2b: virginia
|-boost|p2b: virginia|spa|1
|-boost|p2b: virginia|spd|1
|move|p1b: Floette|Calm Mind|p1b: Floette
|-boost|p1b: Floette|spa|1
|-boost|p1b: Floette|spd|1
|cant|p2a: danilo|flinch
|
|-weather|RainDance|[upkeep]
|upkeep
|turn|2
|inactive|Tatsugrilo has 30 seconds left.
|
|t:|1782227329
|move|p1b: Floette|Calm Mind|p1b: Floette
|-boost|p1b: Floette|spa|1
|-boost|p1b: Floette|spd|1
|move|p2b: virginia|Moonblast|p1a: Incineroar
|-damage|p1a: Incineroar|4/100
|-enditem|p1a: Incineroar|Sitrus Berry|[eat]
|-heal|p1a: Incineroar|29/100|[from] item: Sitrus Berry
|move|p2a: danilo|Tailwind|p2a: danilo
|-sidestart|p2: Tatsugrilo|move: Tailwind
|move|p1a: Incineroar|Parting Shot|p2b: virginia
|-unboost|p2b: virginia|atk|1
|-unboost|p2b: virginia|spa|1
|
|t:|1782227340
|switch|p1a: Basculegion|Basculegion, L50, M|100/100|[from] Parting Shot
|
|-weather|RainDance|[upkeep]
|upkeep
|turn|3
|
|t:|1782227355
|move|p2b: virginia|Moonblast|p1a: Basculegion
|-damage|p1a: Basculegion|27/100
|move|p2a: danilo|Hurricane|p1b: Floette
|-damage|p1b: Floette|82/100
|move|p1a: Basculegion|Wave Crash|p2b: virginia
|-damage|p2b: virginia|0 fnt
|faint|p2b: virginia
|-damage|p1a: Basculegion|0 fnt|[from] Recoil
|faint|p1a: Basculegion
|move|p1b: Floette|Draining Kiss|p2a: danilo
|-damage|p2a: danilo|0 fnt
|-heal|p1b: Floette|100/100|[from] drain|[of] p2a: danilo
|faint|p2a: danilo
|
|-weather|RainDance|[upkeep]
|upkeep
|
|t:|1782227369
|switch|p2b: matheus cunha|Swampert, L50, F|100/100
|switch|p1a: Incineroar|Incineroar, L50, M|29/100
|switch|p2a: endrick|Basculegion, L50, M|100/100
|-ability|p1a: Incineroar|Intimidate|boost
|-unboost|p2a: endrick|atk|1
|-unboost|p2b: matheus cunha|atk|1
|turn|4
|
|t:|1782227385
|switch|p1a: Sinistcha|Sinistcha, L50|100/100
|move|p1b: Floette|Protect|p1b: Floette
|-singleturn|p1b: Floette|Protect
|move|p2a: endrick|Last Respects|p1b: Floette
|-activate|p1b: Floette|move: Protect
|move|p2b: matheus cunha|Wave Crash|p1b: Floette
|-activate|p1b: Floette|move: Protect
|
|-weather|RainDance|[upkeep]
|upkeep
|turn|5
|-message|Tatsugrilo forfeited.
|
|win|James Ferraro
||Tatsugrilo is ready for game 2.
