|j|☆CrazyyBoi
|j|☆daarpavgc
|html|CrazyyBoidaarpavgc    
|uhtml|bestof|Game 1 of a best-of-3
|t:|1757737592
|gametype|doubles
|player|p1|CrazyyBoi|170|1111
|player|p2|daarpavgc|170|1062
|gen|9
|tier|[Gen 9] VGC 2025 Reg H (Bo3)
|rated|
|rule|Species Clause: Limit one of each Pokémon
|rule|Item Clause: Limit 1 of each item
|clearpoke
|poke|p1|Meowscarada, L50, F|
|poke|p1|Sableye, L50, F|
|poke|p1|Gothitelle, L50, M|
|poke|p1|Kommo-o, L50, F|
|poke|p1|Incineroar, L50, F|
|poke|p1|Primarina, L50, F|
|poke|p2|Malamar, L50, M|
|poke|p2|Dondozo, L50, M|
|poke|p2|Glimmora, L50, F|
|poke|p2|Incineroar, L50, M|
|poke|p2|Arboliva, L50, F|
|poke|p2|Dragonite, L50, M|
|teampreview|4
|showteam|p1|Meowscarada||ClearAmulet|Overgrow|FlowerTrick,SuckerPunch,ThroatChop,Protect|||F|||50|,,,,,Fire]Sableye||MentalHerb|Prankster|WillOWisp,Quash,Disable,Encore|||F|||50|,,,,,Grass]Gothitelle||SitrusBerry|ShadowTag|FakeOut,Psychic,TrickRoom,Protect|||M|||50|,,,,,Steel]Kommo-o||ThroatSpray|Overcoat|ClangorousSoul,ClangingScales,Protect,AuraSphere|||F|||50|,,,,,Steel]Incineroar||SafetyGoggles|Intimidate|FakeOut,PartingShot,KnockOff,Taunt|||F|||50|,,,,,Ghost]Primarina||LifeOrb|LiquidVoice|HyperVoice,Moonblast,PerishSong,Protect|||F|||50|,,,,,Dragon
|showteam|p2|Malamar||SitrusBerry|Contrary|Superpower,Protect,KnockOff,Taunt|||M|||50|,,,,,Fighting]Dondozo||Leftovers|Unaware|Bulldoze,WaveCrash,Avalanche,Protect|||M|||50|,,,,,Grass]Glimmora||FocusSash|ToxicDebris|SpikyShield,MortalSpin,EarthPower,SludgeBomb|||F|||50|,,,,,Flying]Incineroar||AssaultVest|Intimidate|Uturn,FakeOut,FlareBlitz,KnockOff|||M|||50|,,,,,Ghost]Arboliva||LifeOrb|SeedSower|GigaDrain,HyperVoice,EarthPower,Protect|||F|||50|,,,,,Fairy]Dragonite||LoadedDice|Multiscale|Tailwind,ScaleShot,ExtremeSpeed,Haze|||M|||50|,,,,,Fairy
|inactive|Battle timer is ON: inactive players will automatically lose when time's up. (requested by daarpavgc)
|j| SykeKo18
|l| SykeKo18
|
|t:|1757737670
|teamsize|p1|4
|teamsize|p2|4
|start
|switch|p1a: Primarina|Primarina, L50, F|100/100
|switch|p1b: Gothitelle|Gothitelle, L50, M|100/100
|switch|p2a: Arboliva|Arboliva, L50, F, shiny|100/100
|switch|p2b: Malamar|Malamar, L50, M, shiny|100/100
|turn|1
|j| SykeKo18
|l| SykeKo18
|j| SykeKo18
|inactive|CrazyyBoi has 30 seconds left.
|inactive|daarpavgc has 30 seconds left.
|l| SykeKo18
|
|t:|1757737704
|move|p2b: Malamar|Protect|p2b: Malamar
|-singleturn|p2b: Malamar|Protect
|move|p1b: Gothitelle|Fake Out|p2a: Arboliva
|-damage|p2a: Arboliva|96/100
|-fieldstart|move: Grassy Terrain|[from] ability: Seed Sower|[of] p2a: Arboliva
|move|p1a: Primarina|Perish Song|p1a: Primarina
|-start|p1a: Primarina|perish3|[silent]
|-start|p1b: Gothitelle|perish3|[silent]
|-start|p2a: Arboliva|perish3|[silent]
|-start|p2b: Malamar|perish3|[silent]
|-fieldactivate|move: Perish Song
|cant|p2a: Arboliva|flinch
|
|-heal|p2a: Arboliva|100/100|[from] Grassy Terrain
|-start|p2b: Malamar|perish3
|-start|p1a: Primarina|perish3
|-start|p1b: Gothitelle|perish3
|-start|p2a: Arboliva|perish3
|upkeep
|turn|2
|inactive|CrazyyBoi has 30 seconds left.
|inactive|CrazyyBoi has 20 seconds left.
|inactive|CrazyyBoi has 15 seconds left.
|inactive|CrazyyBoi has 10 seconds left.
|
|t:|1757737751
|move|p1a: Primarina|Protect|p1a: Primarina
|-singleturn|p1a: Primarina|Protect
|move|p1b: Gothitelle|Protect|p1b: Gothitelle
|-singleturn|p1b: Gothitelle|Protect
|move|p2b: Malamar|Knock Off|p1b: Gothitelle
|-activate|p1b: Gothitelle|move: Protect
|move|p2a: Arboliva|Hyper Voice|p1a: Primarina|[spread] 
|-activate|p1a: Primarina|move: Protect
|-activate|p1b: Gothitelle|move: Protect
|
|-start|p2b: Malamar|perish2
|-start|p1a: Primarina|perish2
|-start|p1b: Gothitelle|perish2
|-start|p2a: Arboliva|perish2
|upkeep
|turn|3
|
|t:|1757737774
|switch|p1a: Kommo-o|Kommo-o, L50, F|100/100
|-terastallize|p1b: Gothitelle|Steel
|move|p2b: Malamar|Taunt|p1b: Gothitelle
|-start|p1b: Gothitelle|move: Taunt
|move|p2a: Arboliva|Giga Drain|p1a: Kommo-o
|-resisted|p1a: Kommo-o
|-damage|p1a: Kommo-o|65/100
|-damage|p2a: Arboliva|91/100|[from] item: Life Orb
|cant|p1b: Gothitelle|move: Taunt|Trick Room
|
|-heal|p1a: Kommo-o|71/100|[from] Grassy Terrain
|-heal|p2a: Arboliva|97/100|[from] Grassy Terrain
|-start|p2b: Malamar|perish1
|-start|p1b: Gothitelle|perish1
|-start|p2a: Arboliva|perish1
|upkeep
|turn|4
|inactive|CrazyyBoi has 30 seconds left.
|inactive|daarpavgc has 30 seconds left.
|
|t:|1757737808
|move|p1a: Kommo-o|Protect|p1a: Kommo-o
|-singleturn|p1a: Kommo-o|Protect
|move|p2b: Malamar|Superpower|p1b: Gothitelle
|-supereffective|p1b: Gothitelle
|-damage|p1b: Gothitelle|37/100
|-boost|p2b: Malamar|atk|1
|-boost|p2b: Malamar|def|1
|-enditem|p1b: Gothitelle|Sitrus Berry|[eat]
|-heal|p1b: Gothitelle|62/100|[from] item: Sitrus Berry
|move|p1b: Gothitelle|Psychic|p2a: Arboliva
|-damage|p2a: Arboliva|69/100
|move|p2a: Arboliva|Earth Power|p1b: Gothitelle
|-supereffective|p1b: Gothitelle
|-damage|p1b: Gothitelle|0 fnt
|faint|p1b: Gothitelle
|-damage|p2a: Arboliva|59/100|[from] item: Life Orb
|
|-heal|p1a: Kommo-o|77/100|[from] Grassy Terrain
|-heal|p2a: Arboliva|65/100|[from] Grassy Terrain
|-start|p2b: Malamar|perish0
|-start|p2a: Arboliva|perish0
|faint|p2b: Malamar
|faint|p2a: Arboliva
|upkeep
|
|t:|1757737829
|switch|p2b: Dondozo|Dondozo, L50, M|100/100
|switch|p1b: Primarina|Primarina, L50, F|100/100
|switch|p2a: Dragonite|Dragonite, L50, M, shiny|100/100
|turn|5
|inactive|daarpavgc has 30 seconds left.
|
|t:|1757737859
|switch|p1a: Incineroar|Incineroar, L50, F|100/100
|-ability|p1a: Incineroar|Intimidate|boost
|-unboost|p2a: Dragonite|atk|1
|-unboost|p2b: Dondozo|atk|1
|-terastallize|p2a: Dragonite|Fairy
|move|p2a: Dragonite|Scale Shot|p1a: Incineroar
|-damage|p1a: Incineroar|93/100
|-damage|p1a: Incineroar|85/100
|-damage|p1a: Incineroar|77/100
|-damage|p1a: Incineroar|68/100
|-hitcount|p1a: Incineroar|4
|-unboost|p2a: Dragonite|def|1
|-boost|p2a: Dragonite|spe|1
|move|p1b: Primarina|Perish Song|p1b: Primarina
|-start|p1a: Incineroar|perish3|[silent]
|-start|p1b: Primarina|perish3|[silent]
|-start|p2a: Dragonite|perish3|[silent]
|-start|p2b: Dondozo|perish3|[silent]
|-fieldactivate|move: Perish Song
|move|p2b: Dondozo|Wave Crash|p1b: Primarina
|-resisted|p1b: Primarina
|-damage|p1b: Primarina|81/100
|-damage|p2b: Dondozo|96/100|[from] Recoil
|
|-heal|p1b: Primarina|87/100|[from] Grassy Terrain
|-heal|p1a: Incineroar|74/100|[from] Grassy Terrain
|-heal|p2b: Dondozo|100/100|[from] Grassy Terrain
|-start|p2a: Dragonite|perish3
|-start|p1b: Primarina|perish3
|-start|p1a: Incineroar|perish3
|-start|p2b: Dondozo|perish3
|-fieldend|move: Grassy Terrain
|upkeep
|turn|6
|inactive|daarpavgc has 30 seconds left.
|l|☆daarpavgc
|inactive|daarpavgc disconnected and has a minute to reconnect!
|player|p2|
|inactive|daarpavgc has 20 seconds left.
|j|☆daarpavgc
|inactive|daarpavgc reconnected and has 20 seconds left.
|player|p2|daarpavgc|170|
|inactive|daarpavgc has 15 seconds left.
|inactive|daarpavgc has 10 seconds left.
|-message|daarpavgc forfeited.
|
|win|CrazyyBoi
|l|☆daarpavgc
|player|p2|
||CrazyyBoi is ready for game 2.
||daarpavgc is ready for game 2.
|uhtml|next|Next: Game 2 of 3
