|j|☆ultraclaw1
|j|☆0-x ft wayne
|html|ultraclaw10-x ft wayne    
|uhtml|bestof|Game 1 of a best-of-3
|t:|1756239915
|gametype|doubles
|player|p1|ultraclaw1|alder|1070
|player|p2|0-x ft wayne|kamado-armor|1086
|gen|9
|tier|[Gen 9] VGC 2025 Reg H (Bo3)
|rated|
|rule|Species Clause: Limit one of each Pokémon
|rule|Item Clause: Limit 1 of each item
|clearpoke
|poke|p1|Ursaluna, L50, M|
|poke|p1|Torkoal, L50, F|
|poke|p1|Incineroar, L50, M|
|poke|p1|Porygon2, L50|
|poke|p1|Typhlosion-Hisui, L50, F|
|poke|p1|Jumpluff, L50, M|
|poke|p2|Ursaluna, L50, M|
|poke|p2|Amoonguss, L50, M|
|poke|p2|Porygon2, L50|
|poke|p2|Annihilape, L50, M|
|poke|p2|Gholdengo, L50|
|poke|p2|Incineroar, L50, F|
|teampreview|4
|showteam|p1|Ursaluna||FlameOrb|Guts|HeadlongRush,Facade,Earthquake,Protect|||M|||50|,,,,,Ghost]Torkoal||EjectPack|Drought|Overheat,HeatWave,Protect,HelpingHand|||F|||50|,,,,,Flying]Incineroar||SitrusBerry|Intimidate|FlareBlitz,KnockOff,PartingShot,FakeOut|||M|||50|,,,,,Ghost]Porygon2||Eviolite|Download|TeraBlast,TrickRoom,Recover,IceBeam||||||50|,,,,,Flying]Typhlosion-Hisui||ChoiceSpecs|Blaze|Eruption,Overheat,ShadowBall,HeatWave|||F|||50|,,,,,Fire]Jumpluff||CovertCloak|Chlorophyll|SleepPowder,Encore,SunnyDay,Tailwind|||M|||50|,,,,,Dark
|showteam|p2|Ursaluna||FlameOrb|Guts|Protect,Facade,HeadlongRush,Earthquake|||M|||50|,,,,,Ghost]Amoonguss||CovertCloak|Regenerator|RagePowder,Protect,PollenPuff,Spore|||M|||50|,,,,,Electric]Porygon2||Eviolite|Download|Recover,TeraBlast,IceBeam,TrickRoom||||||50|,,,,,Fighting]Annihilape||SafetyGoggles|Defiant|RageFist,CloseCombat,Taunt,Protect|||M|||50|,,,,,Fire]Gholdengo||LifeOrb|GoodasGold|Protect,MakeItRain,ShadowBall,NastyPlot||||||50|,,,,,Water]Incineroar||AssaultVest|Intimidate|Uturn,FlareBlitz,KnockOff,FakeOut|||F|||50|,,,,,Grass
|inactive|Battle timer is ON: inactive players will automatically lose when time's up. (requested by ultraclaw1)
|inactive|0-x ft wayne has 60 seconds left.
|
|t:|1756239949
|teamsize|p1|4
|teamsize|p2|4
|start
|switch|p1a: Typhlosion|Typhlosion-Hisui, L50, F|100/100
|switch|p1b: Torkoal|Torkoal, L50, F|100/100
|switch|p2a: Ursaluna|Ursaluna, L50, M, shiny|100/100
|switch|p2b: Annihilape|Annihilape, L50, M, shiny|100/100
|-weather|SunnyDay|[from] ability: Drought|[of] p1b: Torkoal
|turn|1
|
|t:|1756239968
|-terastallize|p2b: Annihilape|Fire
|move|p2a: Ursaluna|Protect|p2a: Ursaluna
|-singleturn|p2a: Ursaluna|Protect
|move|p1a: Typhlosion|Eruption|p2a: Ursaluna|[spread] p2b
|-activate|p2a: Ursaluna|move: Protect
|-resisted|p2b: Annihilape
|-damage|p2b: Annihilape|48/100
|move|p2b: Annihilape|Rage Fist|p1a: Typhlosion
|-supereffective|p1a: Typhlosion
|-damage|p1a: Typhlosion|0 fnt
|faint|p1a: Typhlosion
|move|p1b: Torkoal|Overheat|p2a: Ursaluna
|-activate|p2a: Ursaluna|move: Protect
|
|-weather|SunnyDay|[upkeep]
|-status|p2a: Ursaluna|brn|[from] item: Flame Orb
|upkeep
|
|t:|1756239977
|switch|p1a: Porygon2|Porygon2, L50|100/100
|-ability|p1a: Porygon2|Download|boost
|-boost|p1a: Porygon2|spa|1
|turn|2
|inactive|0-x ft wayne has 30 seconds left.
|inactive|0-x ft wayne has 20 seconds left.
|inactive|0-x ft wayne has 15 seconds left.
|inactive|0-x ft wayne has 10 seconds left.
|inactive|0-x ft wayne has 5 seconds left.
|
|t:|1756240028
|switch|p2b: Incineroar|Incineroar, L50, F|100/100
|-ability|p2b: Incineroar|Intimidate|boost
|-unboost|p1a: Porygon2|atk|1
|-unboost|p1b: Torkoal|atk|1
|-enditem|p1b: Torkoal|Eject Pack
|
|t:|1756240033
|switch|p1b: Ursaluna|Ursaluna, L50, M|100/100
|move|p1a: Porygon2|Ice Beam|p2a: Ursaluna
|-supereffective|p2a: Ursaluna
|-damage|p2a: Ursaluna|34/100 brn
|move|p2a: Ursaluna|Facade|p1b: Ursaluna
|-damage|p1b: Ursaluna|13/100
|
|-weather|SunnyDay|[upkeep]
|-damage|p2a: Ursaluna|28/100 brn|[from] brn
|-status|p1b: Ursaluna|brn|[from] item: Flame Orb
|upkeep
|turn|3
|
|t:|1756240052
|-terastallize|p1a: Porygon2|Flying
|move|p1b: Ursaluna|Protect|p1b: Ursaluna
|-singleturn|p1b: Ursaluna|Protect
|move|p2a: Ursaluna|Protect|p2a: Ursaluna
|-singleturn|p2a: Ursaluna|Protect
|move|p2b: Incineroar|Knock Off|p1b: Ursaluna
|-activate|p1b: Ursaluna|move: Protect
|move|p1a: Porygon2|Ice Beam|p2a: Ursaluna
|-activate|p2a: Ursaluna|move: Protect
|
|-weather|SunnyDay|[upkeep]
|-damage|p1b: Ursaluna|7/100 brn|[from] brn
|-damage|p2a: Ursaluna|22/100 brn|[from] brn
|upkeep
|turn|4
|
|t:|1756240066
|switch|p2a: Porygon2|Porygon2, L50, shiny|100/100
|-ability|p2a: Porygon2|Download|boost
|-boost|p2a: Porygon2|spa|1
|move|p2b: Incineroar|U-turn|p1b: Ursaluna
|-damage|p1b: Ursaluna|0 fnt
|faint|p1b: Ursaluna
|
|t:|1756240075
|switch|p2b: Annihilape|Annihilape, L50, M, shiny, tera:Fire|48/100|[from] U-turn
|move|p1a: Porygon2|Ice Beam|p2a: Porygon2
|-damage|p2a: Porygon2|80/100
|
|-weather|SunnyDay|[upkeep]
|upkeep
|
|t:|1756240081
|switch|p1b: Torkoal|Torkoal, L50, F|100/100
|turn|5
|inactive|0-x ft wayne has 30 seconds left.
|
|t:|1756240110
|move|p2b: Annihilape|Rage Fist|p1a: Porygon2
|-damage|p1a: Porygon2|77/100
|move|p1a: Porygon2|Tera Blast|p2b: Annihilape|[anim] Tera Blast Flying
|-damage|p2b: Annihilape|4/100
|move|p2a: Porygon2|Ice Beam|p1a: Porygon2
|-supereffective|p1a: Porygon2
|-damage|p1a: Porygon2|26/100
|move|p1b: Torkoal|Heat Wave|p2b: Annihilape|[spread] p2a,p2b
|-resisted|p2b: Annihilape
|-damage|p2a: Porygon2|52/100
|-damage|p2b: Annihilape|0 fnt
|faint|p2b: Annihilape
|
|-weather|none
|upkeep
|
|t:|1756240124
|switch|p2b: Incineroar|Incineroar, L50, F|100/100
|-ability|p2b: Incineroar|Intimidate|boost
|-unboost|p1a: Porygon2|atk|1
|-unboost|p1b: Torkoal|atk|1
|turn|6
|
|t:|1756240129
|move|p2b: Incineroar|Fake Out|p1a: Porygon2
|-damage|p1a: Porygon2|20/100
|cant|p1a: Porygon2|flinch
|move|p2a: Porygon2|Ice Beam|p1a: Porygon2
|-supereffective|p1a: Porygon2
|-damage|p1a: Porygon2|0 fnt
|faint|p1a: Porygon2
|move|p1b: Torkoal|Heat Wave|p2b: Incineroar|[spread] p2a,p2b
|-resisted|p2b: Incineroar
|-damage|p2a: Porygon2|35/100
|-damage|p2b: Incineroar|91/100
|
|upkeep
|turn|7
|-message|ultraclaw1 forfeited.
|
|win|0-x ft wayne
