|j|☆The Bradicus
|j|☆Ninjacoox
|html|The BradicusNinjacoox    
|uhtml|bestof|Game 1 of a best-of-3
|t:|1785190080
|gametype|doubles
|player|p1|The Bradicus|richboy-gen6xy|1339
|player|p2|Ninjacoox|170|1247
|gen|9
|tier|[Gen 9 Champions] VGC 2026 Reg M-B (Bo3)
|rated|
|rule|Species Clause: Limit one of each Pokémon
|rule|Item Clause: Limit 1 of each item
|clearpoke
|poke|p1|Starmie, L50|
|poke|p1|Pelipper, L50, M|
|poke|p1|Grimmsnarl, L50, M|
|poke|p1|Scizor, L50, F|
|poke|p1|Meganium, L50, M|
|poke|p1|Slowking-Galar, L50, M|
|poke|p2|Glimmora, L50, M|
|poke|p2|Ninetales-Alola, L50, F|
|poke|p2|Talonflame, L50, M|
|poke|p2|Basculegion, L50, M|
|poke|p2|Kommo-o, L50, M|
|poke|p2|Kingambit, L50, F|
|teampreview|4
|showteam|p1|Starmie||Starminite|Illuminate|Liquidation,ZenHeadbutt,AquaJet,Protect|Adamant|||||50|]Pelipper||SitrusBerry|Drizzle|Hurricane,Tailwind,WideGuard,Protect|Calm||M|||50|]Grimmsnarl||BlackGlasses|Prankster|SpiritBreak,FakeOut,SuckerPunch,PartingShot|Adamant||M|||50|]Scizor||MetalCoat|Technician|BugBite,BulletPunch,CloseCombat,Protect|Adamant||F|||50|]Meganium||Meganiumite|LeafGuard|SolarBeam,WeatherBall,DazzlingGleam,Protect|Modest||M|||50|]Slowking-Galar||ColburBerry|Regenerator|SludgeBomb,Psyshock,TrickRoom,ChillyReception|Relaxed||M|||50|
|showteam|p2|Glimmora||Glimmoranite|ToxicDebris|PowerGem,SludgeBomb,EarthPower,SpikyShield|Modest||M|||50|]Ninetales-Alola||NeverMeltIce|SnowWarning|Blizzard,FreezeDry,DazzlingGleam,Protect|Timid||F|||50|]Talonflame||SharpBeak|GaleWings|DualWingbeat,FlareBlitz,Tailwind,QuickGuard|Jolly||M|||50|]Basculegion||ChoiceScarf|Adaptability|WaveCrash,AquaJet,FlipTurn,LastRespects|Jolly||M|||50|]Kommo-o||LifeOrb|Soundproof|ClangingScales,DracoMeteor,AuraSphere,Protect|Modest||M|||50|]Kingambit||FocusSash|Defiant|SuckerPunch,KowtowCleave,IronHead,LowKick|Adamant||F|||50|
|inactive|Battle timer is ON: inactive players will automatically lose when time's up. (requested by The Bradicus)
|inactive|The Bradicus has 60 seconds left.
|inactive|Ninjacoox has 60 seconds left.
|
|t:|1785190116
|teamsize|p1|4
|teamsize|p2|4
|start
|switch|p1a: Scizor|Scizor, L50, F|100/100
|switch|p1b: Grimmsnarl|Grimmsnarl, L50, M|100/100
|switch|p2a: Talonflame|Talonflame, L50, M|100/100
|switch|p2b: Kommo-o|Kommo-o, L50, M|100/100
|turn|1
|inactive|The Bradicus has 30 seconds left.
|
|t:|1785190143
|switch|p1a: Slowking|Slowking-Galar, L50, M|100/100
|move|p2a: Talonflame|Tailwind|p2a: Talonflame
|-sidestart|p2: Ninjacoox|move: Tailwind
|move|p2b: Kommo-o|Aura Sphere|p1b: Grimmsnarl
|-damage|p1b: Grimmsnarl|48/100
|-damage|p2b: Kommo-o|90/100|[from] item: Life Orb
|move|p1b: Grimmsnarl|Spirit Break|p2b: Kommo-o
|-supereffective|p2b: Kommo-o|2
|-damage|p2b: Kommo-o|0 fnt
|faint|p2b: Kommo-o
|
|upkeep
|
|t:|1785190153
|switch|p2b: Ninetales|Ninetales-Alola, L50, F|100/100
|-weather|Snowscape|[from] ability: Snow Warning|[of] p2b: Ninetales
|turn|2
|
|t:|1785190168
|move|p2a: Talonflame|Dual Wingbeat|p1a: Slowking
|-damage|p1a: Slowking|86/100
|-damage|p1a: Slowking|72/100
|-hitcount|p1a: Slowking|2
|move|p1b: Grimmsnarl|Parting Shot|p2a: Talonflame
|-unboost|p2a: Talonflame|atk|1
|-unboost|p2a: Talonflame|spa|1
|
|t:|1785190190
|switch|p1b: Meganium|Meganium, L50, M|100/100|[from] Parting Shot
|move|p2b: Ninetales|Blizzard|p1b: Meganium|[spread] p1a,p1b
|-supereffective|p1b: Meganium|1
|-damage|p1a: Slowking|44/100
|-damage|p1b: Meganium|26/100
|move|p1a: Slowking|Trick Room|p1a: Slowking
|-fieldstart|move: Trick Room|[of] p1a: Slowking
|
|-weather|Snowscape|[upkeep]
|upkeep
|turn|3
|
|t:|1785190205
|detailschange|p1b: Meganium|Meganium-Mega, L50, M
|-mega|p1b: Meganium|Meganium|Meganiumite
|move|p1b: Meganium|Protect|p1b: Meganium
|-singleturn|p1b: Meganium|Protect
|move|p1a: Slowking|Sludge Bomb|p2a: Talonflame
|-damage|p2a: Talonflame|49/100
|move|p2b: Ninetales|Blizzard|p1a: Slowking|[spread] p1a
|-activate|p1b: Meganium|move: Protect
|-damage|p1a: Slowking|18/100
|move|p2a: Talonflame|Flare Blitz|p1a: Slowking
|-damage|p1a: Slowking|0 fnt
|faint|p1a: Slowking
|-damage|p2a: Talonflame|40/100|[from] Recoil
|
|-weather|Snowscape|[upkeep]
|upkeep
|
|t:|1785190214
|switch|p1a: Grimmsnarl|Grimmsnarl, L50, M|48/100
|turn|4
|
|t:|1785190219
|move|p1a: Grimmsnarl|Sucker Punch|p2a: Talonflame
|-damage|p2a: Talonflame|0 fnt
|faint|p2a: Talonflame
|move|p1b: Meganium|Weather Ball|p2b: Ninetales
|-supereffective|p2b: Ninetales|1
|-damage|p2b: Ninetales|0 fnt
|faint|p2b: Ninetales
|
|-weather|Snowscape|[upkeep]
|-sideend|p2: Ninjacoox|move: Tailwind
|upkeep
|
|t:|1785190224
|switch|p2b: Glimmora|Glimmora, L50, M|100/100
|turn|5
|
|t:|1785190236
|detailschange|p2b: Glimmora|Glimmora-Mega, L50, M
|-mega|p2b: Glimmora|Glimmora|Glimmoranite
|move|p1a: Grimmsnarl|Spirit Break|p2b: Glimmora
|-resisted|p2b: Glimmora|1
|-damage|p2b: Glimmora|77/100
|-unboost|p2b: Glimmora|spa|1
|move|p1b: Meganium|Solar Beam||[still]
|-prepare|p1b: Meganium|Solar Beam
|-activate|p1b: Meganium|ability: Mega Sol
|-anim|p1b: Meganium|Solar Beam|p2b: Glimmora
|-damage|p2b: Glimmora|0 fnt
|faint|p2b: Glimmora
|
|win|The Bradicus
||Ninjacoox is ready for game 2.
|inactive|The Bradicus has 30 seconds to confirm battle start!
||The Bradicus is ready for game 2.
|uhtml|next|Next: Game 2 of 3
|l|☆Ninjacoox
|player|p2|
