|j|☆redpandavgclol
|j|☆Acedragon7353
|html|redpandavgclolAcedragon7353    
|uhtml|bestof|Game 1 of a best-of-3
|t:|1757225471
|gametype|doubles
|player|p1|redpandavgclol|pokemonranger-gen4|1000
|player|p2|Acedragon7353|102|1000
|gen|9
|tier|[Gen 9] VGC 2025 Reg H (Bo3)
|rated|
|rule|Species Clause: Limit one of each Pokémon
|rule|Item Clause: Limit 1 of each item
|clearpoke
|poke|p1|Gothitelle, L50, F|
|poke|p1|Gothorita, L50, F|
|poke|p1|Toxapex, L50, M|
|poke|p1|Wigglytuff, L50, M|
|poke|p1|Altaria, L50, F|
|poke|p1|Grimmsnarl, L50, M|
|poke|p2|Whimsicott, L50, F|
|poke|p2|Rotom-Wash, L50|
|poke|p2|Amoonguss, L50, M|
|poke|p2|Archaludon, L50, F|
|poke|p2|Pelipper, L50, F|
|poke|p2|Bruxish, L50, M|
|teampreview|4
|showteam|p1|Gothitelle||Leftovers|ShadowTag|Psychic,CalmMind,Protect,FakeOut|||F|||50|,,,,,Dark]Gothorita||Eviolite|ShadowTag|MirrorCoat,FoulPlay,FakeOut,Protect|||F|||50|,,,,,Normal]Toxapex||BlackSludge|Regenerator|WideGuard,BanefulBunker,Recover,Toxic|||M|||50|,,,,,Dark]Wigglytuff||MentalHerb|Competitive|PerishSong,Protect,Stockpile,Charm|||M|||50|,,,,,Normal]Altaria||AguavBerry|NaturalCure|PerishSong,Protect,DracoMeteor,Roost|||F|||50|,,,,,Steel]Grimmsnarl||LightClay|Prankster|PartingShot,ThunderWave,LightScreen,Reflect|||M|||50|,,,,,Ghost
|showteam|p2|Whimsicott||FocusSash|Prankster|Tailwind,Moonblast,Encore,FakeTears|||F|||50|,,,,,Ghost]Rotom-Wash||SitrusBerry|Levitate|Thunderbolt,HydroPump,WillOWisp,Protect||||||50|,,,,,Grass]Amoonguss||RockyHelmet|Regenerator|Spore,RagePowder,PollenPuff,Protect|||M|||50|,,,,,Water]Archaludon||AssaultVest|Stamina|DracoMeteor,FlashCannon,BodyPress,ElectroShot|||F|||50|,,,,,Steel]Pelipper||MysticWater|Drizzle|Tailwind,Uturn,Liquidation,KnockOff|||F|||50|,,,,,Water]Bruxish||ChoiceBand|StrongJaw|FlipTurn,IceFang,PsychicFangs,Protect|||M|||50|,,,,,Water
|
|t:|1757225504
|teamsize|p1|4
|teamsize|p2|4
|start
|switch|p1a: frog|Grimmsnarl, L50, M, shiny|100/100
|switch|p1b: Puffles|Altaria, L50, F|100/100
|switch|p2a: Whimsicott|Whimsicott, L50, F|100/100
|switch|p2b: Pelipper|Pelipper, L50, F|100/100
|-weather|RainDance|[from] ability: Drizzle|[of] p2b: Pelipper
|turn|1
|
|t:|1757225540
|-terastallize|p1b: Puffles|Steel
|move|p1a: frog|Light Screen|p1a: frog
|-sidestart|p1: redpandavgclol|move: Light Screen
|move|p2a: Whimsicott|Moonblast|p1b: Puffles
|-resisted|p1b: Puffles
|-damage|p1b: Puffles|89/100
|move|p2b: Pelipper|U-turn|p1a: frog
|-damage|p1a: frog|91/100
|
|t:|1757225552
|switch|p2b: Archaludon|Archaludon, L50, F|100/100|[from] U-turn
|move|p1b: Puffles|Perish Song|p1b: Puffles
|-start|p1a: frog|perish3|[silent]
|-start|p1b: Puffles|perish3|[silent]
|-start|p2a: Whimsicott|perish3|[silent]
|-start|p2b: Archaludon|perish3|[silent]
|-fieldactivate|move: Perish Song
|
|-weather|RainDance|[upkeep]
|-start|p2a: Whimsicott|perish3
|-start|p2b: Archaludon|perish3
|-start|p1b: Puffles|perish3
|-start|p1a: frog|perish3
|upkeep
|turn|2
|
|t:|1757225585
|move|p2a: Whimsicott|Tailwind|p2a: Whimsicott
|-sidestart|p2: Acedragon7353|move: Tailwind
|move|p1a: frog|Parting Shot|p2b: Archaludon
|-unboost|p2b: Archaludon|atk|1
|-unboost|p2b: Archaludon|spa|1
|
|t:|1757225591
|switch|p1a: Mame-Gosu|Gothorita, L50, F|100/100|[from] Parting Shot
|move|p2b: Archaludon|Electro Shot||[still]
|-prepare|p2b: Archaludon|Electro Shot
|-boost|p2b: Archaludon|spa|1
|-anim|p2b: Archaludon|Electro Shot|p1b: Puffles
|-damage|p1b: Puffles|62/100
|move|p1b: Puffles|Perish Song|p1b: Puffles
|-start|p1a: Mame-Gosu|perish3|[silent]
|-fieldactivate|move: Perish Song
|
|-weather|RainDance|[upkeep]
|-start|p2a: Whimsicott|perish2
|-start|p2b: Archaludon|perish2
|-start|p1b: Puffles|perish2
|-start|p1a: Mame-Gosu|perish3
|upkeep
|turn|3
|
|t:|1757225646
|move|p1a: Mame-Gosu|Fake Out|p2b: Archaludon
|-resisted|p2b: Archaludon
|-damage|p2b: Archaludon|99/100
|-ability|p2b: Archaludon|Stamina|boost
|-boost|p2b: Archaludon|def|1
|move|p2a: Whimsicott|Fake Tears|p1a: Mame-Gosu
|-unboost|p1a: Mame-Gosu|spd|2
|cant|p2b: Archaludon|flinch
|move|p1b: Puffles|Roost|p1b: Puffles
|-heal|p1b: Puffles|100/100
|
|-weather|RainDance|[upkeep]
|-start|p2a: Whimsicott|perish1
|-start|p2b: Archaludon|perish1
|-start|p1b: Puffles|perish1
|-start|p1a: Mame-Gosu|perish2
|upkeep
|turn|4
|
|t:|1757225673
|switch|p1b: frog|Grimmsnarl, L50, M, shiny|91/100
|move|p1a: Mame-Gosu|Protect|p1a: Mame-Gosu
|-singleturn|p1a: Mame-Gosu|Protect
|move|p2a: Whimsicott|Fake Tears|p1b: frog
|-hint|Since gen 7, Dark is immune to Prankster moves.
|-immune|p1b: frog
|move|p2b: Archaludon|Electro Shot||[still]
|-prepare|p2b: Archaludon|Electro Shot
|-boost|p2b: Archaludon|spa|1
|-anim|p2b: Archaludon|Electro Shot|p1a: Mame-Gosu
|-activate|p1a: Mame-Gosu|move: Protect
|
|-weather|RainDance|[upkeep]
|-start|p2a: Whimsicott|perish0
|-start|p2b: Archaludon|perish0
|-start|p1a: Mame-Gosu|perish1
|faint|p2a: Whimsicott
|faint|p2b: Archaludon
|upkeep
|
|t:|1757225686
|switch|p2a: Bruxish|Bruxish, L50, M|100/100
|switch|p2b: Pelipper|Pelipper, L50, F|100/100
|turn|5
|
|t:|1757225708
|switch|p1a: Puffles|Altaria, L50, F, tera:Steel|100/100
|move|p1b: frog|Parting Shot|p1a: Puffles
|-unboost|p1a: Puffles|atk|1
|-unboost|p1a: Puffles|spa|1
|-message|Acedragon7353 forfeited.
|
|win|redpandavgclol
|l|☆Acedragon7353
|player|p2|
