|j|☆Roamingboob
|j|☆sbhaga34
|html|Roamingboobsbhaga34    
|uhtml|bestof|Game 2 of a best-of-3
|t:|1784681913
|gametype|doubles
|player|p1|Roamingboob|265|1236
|player|p2|sbhaga34|hugh|1305
|gen|9
|tier|[Gen 9 Champions] VGC 2026 Reg M-B (Bo3)
|rated|
|rule|Species Clause: Limit one of each Pokémon
|rule|Item Clause: Limit 1 of each item
|clearpoke
|poke|p1|Meganium, L50, M|
|poke|p1|Aerodactyl, L50, F|
|poke|p1|Farigiraf, L50, M|
|poke|p1|Archaludon, L50, M|
|poke|p1|Sneasler, L50, M|
|poke|p1|Politoed, L50, F|
|poke|p2|Excadrill, L50, M|
|poke|p2|Tyranitar, L50, F|
|poke|p2|Corviknight, L50, F|
|poke|p2|Rotom-Wash, L50|
|poke|p2|Chandelure, L50, M|
|poke|p2|Scovillain, L50, F|
|teampreview|4
|showteam|p1|Meganium||Meganiumite|Overgrow|WeatherBall,Protect,SolarBeam,DazzlingGleam|Modest||M|||50|]Aerodactyl||Aerodactylite|Unnerve|Tailwind,RockSlide,DualWingbeat,Protect|Jolly||F|||50|]Farigiraf||MentalHerb|ArmorTail|TrickRoom,Protect,Psychic,HyperVoice|Quiet||M|||50|]Archaludon||Leftovers|Sturdy|DracoMeteor,FlashCannon,Protect,ElectroShot|Modest||M|||50|]Sneasler||WhiteHerb|Unburden|DireClaw,CloseCombat,Protect,FakeOut|Adamant||M|||50|]Politoed||MysticWater|Drizzle|WeatherBall,Encore,Protect,IceBeam|Modest||F|||50|
|showteam|p2|Excadrill||FocusSash|SandRush|Earthquake,IronHead,SwordsDance,Protect|Adamant||M|||50|]Tyranitar||Tyranitarite|SandStream|RockSlide,KnockOff,LowKick,Protect|Adamant||F|||50|]Corviknight||SharpBeak|MirrorArmor|BraveBird,Tailwind,BulkUp,Roost|Careful||F|||50|]Rotom-Wash||ChoiceScarf|Levitate|VoltSwitch,Thunderbolt,Electroweb,HydroPump|Timid|||||50|]Chandelure||ShucaBerry|FlashFire|HeatWave,ShadowBall,TrickRoom,Protect|Modest||M|||50|]Scovillain||Scovillainite|Chlorophyll|RagePowder,Overheat,GigaDrain,Protect|Calm||F|||50|
|inactive|Battle timer is ON: inactive players will automatically lose when time's up. (requested by sbhaga34)
|
|t:|1784681932
|teamsize|p1|4
|teamsize|p2|4
|start
|switch|p1a: Sneasler|Sneasler, L50, M|100/100
|switch|p1b: Farigiraf|Farigiraf, L50, M|100/100
|switch|p2a: Rotom|Rotom-Wash, L50|100/100
|switch|p2b: Excadrill|Excadrill, L50, M|100/100
|turn|1
|
|t:|1784681947
|move|p1a: Sneasler|Fake Out|p2b: Excadrill
|-resisted|p2b: Excadrill|1
|-damage|p2b: Excadrill|88/100
|move|p2a: Rotom|Volt Switch|p1a: Sneasler
|-damage|p1a: Sneasler|66/100
|
|t:|1784681952
|switch|p2a: Chandelure|Chandelure, L50, M|100/100|[from] Volt Switch
|cant|p2b: Excadrill|flinch
|move|p1b: Farigiraf|Trick Room|p1b: Farigiraf
|-fieldstart|move: Trick Room|[of] p1b: Farigiraf
|
|upkeep
|turn|2
|
|t:|1784681960
|move|p2b: Excadrill|Protect|p2b: Excadrill
|-singleturn|p2b: Excadrill|Protect
|move|p1a: Sneasler|Protect|p1a: Sneasler
|-singleturn|p1a: Sneasler|Protect
|move|p1b: Farigiraf|Psychic|p2a: Chandelure
|-damage|p2a: Chandelure|47/100
|move|p2a: Chandelure|Shadow Ball|p1a: Sneasler
|-activate|p1a: Sneasler|move: Protect
|
|upkeep
|turn|3
|
|t:|1784681969
|switch|p1a: Politoed|Politoed, L50, F|100/100
|-weather|RainDance|[from] ability: Drizzle|[of] p1a: Politoed
|move|p1b: Farigiraf|Psychic|p2a: Chandelure
|-damage|p2a: Chandelure|1/100
|move|p2a: Chandelure|Shadow Ball|p1a: Politoed
|-damage|p1a: Politoed|56/100
|move|p2b: Excadrill|Iron Head|p1a: Politoed
|-resisted|p1a: Politoed|1
|-damage|p1a: Politoed|30/100
|
|-weather|RainDance|[upkeep]
|upkeep
|turn|4
|
|t:|1784681989
|switch|p1a: Sneasler|Sneasler, L50, M|66/100
|switch|p2b: Tyranitar|Tyranitar, L50, F|100/100
|-weather|Sandstorm|[from] ability: Sand Stream|[of] p2b: Tyranitar
|move|p2a: Chandelure|Protect|p2a: Chandelure
|-singleturn|p2a: Chandelure|Protect
|move|p1b: Farigiraf|Psychic|p2a: Chandelure
|-activate|p2a: Chandelure|move: Protect
|
|-weather|Sandstorm|[upkeep]
|-damage|p1b: Farigiraf|93/100|[from] Sandstorm
|-damage|p2a: Chandelure|0 fnt|[from] Sandstorm
|-damage|p1a: Sneasler|60/100|[from] Sandstorm
|faint|p2a: Chandelure
|upkeep
|
|t:|1784682012
|switch|p2a: Excadrill|Excadrill, L50, M|88/100
|turn|5
|
|t:|1784682026
|move|p1b: Farigiraf|Protect|p1b: Farigiraf
|-singleturn|p1b: Farigiraf|Protect
|move|p2b: Tyranitar|Protect|p2b: Tyranitar
|-singleturn|p2b: Tyranitar|Protect
|move|p1a: Sneasler|Protect|p1a: Sneasler
|-singleturn|p1a: Sneasler|Protect
|move|p2a: Excadrill|Protect||[still]
|-fail|p2a: Excadrill
|
|-weather|Sandstorm|[upkeep]
|-damage|p1b: Farigiraf|87/100|[from] Sandstorm
|-damage|p1a: Sneasler|54/100|[from] Sandstorm
|-fieldend|move: Trick Room
|upkeep
|turn|6
|
|t:|1784682043
|detailschange|p2b: Tyranitar|Tyranitar-Mega, L50, F
|-mega|p2b: Tyranitar|Tyranitar|Tyranitarite
|move|p2a: Excadrill|Earthquake|p1a: Sneasler|[spread] p2b,p1a,p1b
|-supereffective|p2b: Tyranitar|1
|-supereffective|p1a: Sneasler|1
|-damage|p2b: Tyranitar|42/100
|-damage|p1a: Sneasler|0 fnt
|-damage|p1b: Farigiraf|50/100g
|faint|p1a: Sneasler
|move|p2b: Tyranitar|Knock Off|p1b: Farigiraf
|-supereffective|p1b: Farigiraf|1
|-damage|p1b: Farigiraf|0 fnt
|-enditem|p1b: Farigiraf|Mental Herb|[from] move: Knock Off|[of] p2b: Tyranitar
|faint|p1b: Farigiraf
|
|-weather|Sandstorm|[upkeep]
|upkeep
|
|t:|1784682051
|switch|p1a: Politoed|Politoed, L50, F|30/100
|switch|p1b: Archaludon|Archaludon, L50, M|100/100
|-weather|RainDance|[from] ability: Drizzle|[of] p1a: Politoed
|turn|7
|
|t:|1784682067
|switch|p2b: Rotom|Rotom-Wash, L50|100/100
|move|p2a: Excadrill|Protect|p2a: Excadrill
|-singleturn|p2a: Excadrill|Protect
|move|p1b: Archaludon|Electro Shot||[still]
|-prepare|p1b: Archaludon|Electro Shot
|-boost|p1b: Archaludon|spa|1
|-anim|p1b: Archaludon|Electro Shot|p2b: Rotom
|-damage|p2b: Rotom|27/100
|move|p1a: Politoed|Ice Beam|p2a: Excadrill
|-activate|p2a: Excadrill|move: Protect
|
|-weather|RainDance|[upkeep]
|upkeep
|turn|8
|
|t:|1784682081
|move|p1a: Politoed|Protect|p1a: Politoed
|-singleturn|p1a: Politoed|Protect
|move|p2b: Rotom|Volt Switch|p1a: Politoed
|-activate|p1a: Politoed|move: Protect
|move|p2a: Excadrill|Swords Dance|p2a: Excadrill
|-boost|p2a: Excadrill|atk|2
|move|p1b: Archaludon|Flash Cannon|p2b: Rotom
|-resisted|p2b: Rotom|2
|-damage|p2b: Rotom|12/100
|
|-weather|RainDance|[upkeep]
|upkeep
|turn|9
|inactive|Roamingboob has 30 seconds left.
|inactive|sbhaga34 has 30 seconds left.
|
|t:|1784682116
|move|p2a: Excadrill|Protect|p2a: Excadrill
|-singleturn|p2a: Excadrill|Protect
|move|p2b: Rotom|Volt Switch|p1a: Politoed
|-supereffective|p1a: Politoed|1
|-damage|p1a: Politoed|0 fnt
|faint|p1a: Politoed
|
|t:|1784682121
|switch|p2b: Tyranitar|Tyranitar-Mega, L50, F|42/100|[from] Volt Switch
|-weather|Sandstorm|[from] ability: Sand Stream|[of] p2b: Tyranitar
|move|p1b: Archaludon|Flash Cannon|p2b: Tyranitar
|-supereffective|p2b: Tyranitar|1
|-damage|p2b: Tyranitar|0 fnt
|faint|p2b: Tyranitar
|
|-weather|Sandstorm|[upkeep]
|upkeep
|
|t:|1784682127
|switch|p2b: Rotom|Rotom-Wash, L50|12/100
|turn|10
|
|t:|1784682136
|move|p2a: Excadrill|Earthquake|p1b: Archaludon|[spread] p1b
|-immune|p2b: Rotom|[from] ability: Levitate
|-supereffective|p1b: Archaludon|1
|-ability|p1b: Archaludon|Sturdy
|-damage|p1b: Archaludon|1/100
|move|p2b: Rotom|Thunderbolt|p1b: Archaludon
|-resisted|p1b: Archaludon|1
|-damage|p1b: Archaludon|0 fnt
|faint|p1b: Archaludon
|
|win|sbhaga34
|raw|Roamingboob's rating: 1236 → 1216(-20 for losing)
|raw|sbhaga34's rating: 1305 → 1321(+16 for winning)
