|j|☆DaGondy
|j|☆roacchin
|html|DaGondyroacchin    
|uhtml|bestof|Game 2 of a best-of-3
|t:|1783792721
|gametype|doubles
|player|p1|DaGondy|mars|
|player|p2|roacchin|cynthia-gen4|
|gen|9
|tier|[Gen 9 Champions] VGC 2026 Reg M-B (Bo3)
|rule|Species Clause: Limit one of each Pokémon
|rule|Item Clause: Limit 1 of each item
|clearpoke
|poke|p1|Ditto, L50, shiny|
|poke|p1|Pelipper, L50, M|
|poke|p1|Eelektross, L50, M|
|poke|p1|Roserade, L50, F|
|poke|p1|Lycanroc-Dusk, L50, M, shiny|
|poke|p1|Whimsicott, L50, F|
|poke|p2|Charizard, L50, F|
|poke|p2|Venusaur, L50, M|
|poke|p2|Kingambit, L50, F, shiny|
|poke|p2|Grimmsnarl, L50, M, shiny|
|poke|p2|Trevenant, L50, M, shiny|
|poke|p2|Goodra-Hisui, L50, F|
|teampreview|4
|showteam|p1|Ditto||FocusSash|Imposter|Transform|Bold|||||50|]Pelipper||SitrusBerry|Drizzle|Tailwind,Hurricane,Roost,Protect|Bold||M|||50|]Eelektross||Eelektrossite|Levitate|Flamethrower,GrassKnot,Thunder,VoltSwitch|Timid||M|||50|]Roserade||PoisonBarb|PoisonPoint|Extrasensory,LeafStorm,SleepPowder,SludgeBomb|Timid||F|||50|]Lycanroc-Dusk||HardStone|ToughClaws|Accelerock,CloseCombat,StoneEdge,BrickBreak|Jolly||M|||50|]Whimsicott||Leftovers|Prankster|Tailwind,Moonblast,Uturn,Encore|Bold||F|||50|
|showteam|p2|Charizard||CharizarditeY|SolarPower|SolarBeam,Protect,WeatherBall,Roost|Timid||F|||50|]Venusaur||FocusSash|Chlorophyll|WeatherBall,SludgeBomb,EnergyBall,Growth|Modest||M|||50|]Kingambit||Leftovers|Defiant|KowtowCleave,IronHead,SuckerPunch,Protect|Adamant||F|||50|]Grimmsnarl||ExpertBelt|Prankster|FakeOut,PlayRough,Reflect,StompingTantrum|Adamant||M|||50|]Trevenant||LifeOrb|Harvest|FoulPlay,HornLeech,Poltergeist,RockSlide|Adamant||M|||50|]Goodra-Hisui||SitrusBerry|SapSipper|Thunderbolt,IceBeam,SludgeBomb,LifeDew|Modest||F|||50|
|
|t:|1783792735
|teamsize|p1|4
|teamsize|p2|4
|start
|switch|p1a: Whimsicott|Whimsicott, L50, F|100/100
|switch|p1b: pooopfart|Lycanroc-Dusk, L50, M, shiny|100/100
|switch|p2a: Charizard|Charizard, L50, F|100/100
|switch|p2b: Grimmsnarl|Grimmsnarl, L50, M, shiny|100/100
|turn|1
|
|t:|1783792756
|detailschange|p2a: Charizard|Charizard-Mega-Y, L50, F
|-mega|p2a: Charizard|Charizard|Charizardite Y
|-weather|SunnyDay|[from] ability: Drought|[of] p2a: Charizard
|move|p2b: Grimmsnarl|Fake Out|p1b: pooopfart
|-resisted|p1b: pooopfart|1
|-damage|p1b: pooopfart|87/100
|move|p1a: Whimsicott|Tailwind|p1a: Whimsicott
|-sidestart|p1: DaGondy|move: Tailwind
|cant|p1b: pooopfart|flinch
|move|p2a: Charizard|Weather Ball|p1a: Whimsicott
|-supereffective|p1a: Whimsicott|1
|-damage|p1a: Whimsicott|0 fnt
|faint|p1a: Whimsicott
|
|-weather|SunnyDay|[upkeep]
|upkeep
|
|t:|1783792770
|switch|p1a: Pelipper|Pelipper, L50, M|100/100
|-weather|RainDance|[from] ability: Drizzle|[of] p1a: Pelipper
|turn|2
|
|t:|1783792784
|move|p2a: Charizard|Protect|p2a: Charizard
|-singleturn|p2a: Charizard|Protect
|move|p2b: Grimmsnarl|Reflect|p2b: Grimmsnarl
|-sidestart|p2: roacchin|Reflect
|move|p1b: pooopfart|Stone Edge|p2a: Charizard
|-activate|p2a: Charizard|move: Protect
|move|p1a: Pelipper|Hurricane|p2b: Grimmsnarl
|-damage|p2b: Grimmsnarl|58/100
|-start|p2b: Grimmsnarl|confusion
|
|-weather|RainDance|[upkeep]
|upkeep
|turn|3
|
|t:|1783792820
|switch|p2a: Kingambit|Kingambit, L50, F, shiny|100/100
|move|p1b: pooopfart|Brick Break|p2a: Kingambit
|-sideend|p2: roacchin|Reflect
|-supereffective|p2a: Kingambit|2
|-damage|p2a: Kingambit|13/100
|move|p1a: Pelipper|Hurricane|p2b: Grimmsnarl
|-damage|p2b: Grimmsnarl|16/100
|-activate|p2b: Grimmsnarl|confusion
|move|p2b: Grimmsnarl|Stomping Tantrum|p1b: pooopfart
|-supereffective|p1b: pooopfart|1
|-damage|p1b: pooopfart|0 fnt
|faint|p1b: pooopfart
|
|-weather|RainDance|[upkeep]
|-heal|p2a: Kingambit|18/100|[from] item: Leftovers
|upkeep
|
|t:|1783792834
|switch|p1b: Eelektross|Eelektross, L50, M|100/100
|turn|4
|
|t:|1783792846
|detailschange|p1b: Eelektross|Eelektross-Mega, L50, M
|-mega|p1b: Eelektross|Eelektross|Eelektrossite
|move|p2a: Kingambit|Sucker Punch|p1b: Eelektross
|-damage|p1b: Eelektross|41/100
|move|p1b: Eelektross|Flamethrower|p2a: Kingambit
|-supereffective|p2a: Kingambit|1
|-damage|p2a: Kingambit|0 fnt
|faint|p2a: Kingambit
|-ability|p1b: Eelektross|Eelevate|boost
|-boost|p1b: Eelektross|spa|1
|move|p1a: Pelipper|Hurricane|p2b: Grimmsnarl
|-damage|p2b: Grimmsnarl|0 fnt
|faint|p2b: Grimmsnarl
|
|-weather|RainDance|[upkeep]
|-sideend|p1: DaGondy|move: Tailwind
|upkeep
|
|t:|1783792854
|switch|p2b: Venusaur|Venusaur, L50, M|100/100
|switch|p2a: Charizard|Charizard-Mega-Y, L50, F|100/100
|-weather|SunnyDay|[from] ability: Drought|[of] p2a: Charizard
|turn|5
|
|t:|1783792870
|move|p2b: Venusaur|Weather Ball|p1b: Eelektross
|-damage|p1b: Eelektross|0 fnt
|faint|p1b: Eelektross
|move|p2a: Charizard|Solar Beam||[still]
|-prepare|p2a: Charizard|Solar Beam
|-anim|p2a: Charizard|Solar Beam|p1a: Pelipper
|-damage|p1a: Pelipper|29/100
|-enditem|p1a: Pelipper|Sitrus Berry|[eat]
|-heal|p1a: Pelipper|54/100|[from] item: Sitrus Berry
|move|p1a: Pelipper|Tailwind|p1a: Pelipper
|-sidestart|p1: DaGondy|move: Tailwind
|
|-weather|SunnyDay|[upkeep]
|upkeep
|turn|6
|
|t:|1783792884
|move|p1a: Pelipper|Protect|p1a: Pelipper
|-singleturn|p1a: Pelipper|Protect
|move|p2b: Venusaur|Energy Ball|p1a: Pelipper
|-activate|p1a: Pelipper|move: Protect
|move|p2a: Charizard|Solar Beam||[still]
|-prepare|p2a: Charizard|Solar Beam
|-anim|p2a: Charizard|Solar Beam|p1a: Pelipper
|-activate|p1a: Pelipper|move: Protect
|
|-weather|SunnyDay|[upkeep]
|upkeep
|turn|7
|
|t:|1783792896
|move|p2b: Venusaur|Energy Ball|p1a: Pelipper
|-damage|p1a: Pelipper|0 fnt
|faint|p1a: Pelipper
|
|win|roacchin
