|j|☆PaquitoelBollito
|j|☆Navizz0
|html|PaquitoelBollitoNavizz0    
|uhtml|bestof|Game 1 of a best-of-3
|t:|1786125687
|gametype|doubles
|player|p1|PaquitoelBollito|102|1144
|player|p2|Navizz0|ethan|1205
|gen|9
|tier|[Gen 9 Champions] VGC 2026 Reg M-B (Bo3)
|rated|
|rule|Species Clause: Limit one of each Pokémon
|rule|Item Clause: Limit 1 of each item
|clearpoke
|poke|p1|Froslass, L50, F|
|poke|p1|Scovillain, L50, F|
|poke|p1|Kingambit, L50, M|
|poke|p1|Sneasler, L50, M|
|poke|p1|Basculegion, L50, M|
|poke|p1|Lycanroc-Dusk, L50, M|
|poke|p2|Blaziken, L50, F|
|poke|p2|Ninetales-Alola, L50, F|
|poke|p2|Sinistcha, L50|
|poke|p2|Aerodactyl, L50, M|
|poke|p2|Kingambit, L50, F|
|poke|p2|Basculegion, L50, M|
|teampreview|4
|showteam|p1|Froslass||Froslassite|CursedBody|Protect,Blizzard,AuroraVeil,ShadowBall|Modest||F|||50|]Scovillain||Scovillainite|Moody|Protect,Overheat,GigaDrain,RagePowder|Modest||F|||50|]Kingambit||BlackGlasses|Defiant|Protect,KowtowCleave,SwordsDance,SuckerPunch|Adamant||M|||50|]Sneasler||WhiteHerb|Unburden|FakeOut,GunkShot,CloseCombat,Protect|Adamant||M|||50|]Basculegion||SitrusBerry|Adaptability|Protect,LastRespects,WaveCrash,AquaJet|Adamant||M|||50|]Lycanroc-Dusk||FocusSash|ToughClaws|Protect,Accelerock,RockSlide,CloseCombat|Adamant||M|||50|
|showteam|p2|Blaziken||Blazikenite|SpeedBoost|AuraSphere,HeatWave,ScorchingSands,Detect|Modest||F|||50|]Ninetales-Alola||LifeOrb|SnowWarning|Blizzard,FreezeDry,Moonblast,Protect|Timid||F|||50|]Sinistcha||SitrusBerry|Hospitality|MatchaGotcha,Protect,TrickRoom,RagePowder|Calm|||||50|]Aerodactyl||Aerodactylite|Unnerve|RockSlide,DualWingbeat,Taunt,Tailwind|Jolly||M|||50|]Kingambit||FocusSash|Defiant|SuckerPunch,IronHead,LowKick,KowtowCleave|Adamant||F|||50|]Basculegion||MysticWater|Adaptability|LastRespects,WaveCrash,AquaJet,Protect|Adamant||M|||50|
|inactive|Battle timer is ON: inactive players will automatically lose when time's up. (requested by Navizz0)
|inactive|PaquitoelBollito also wants the timer to be on.
|inactive|PaquitoelBollito has 60 seconds left.
|inactive|PaquitoelBollito has 30 seconds left.
|
|t:|1786125751
|teamsize|p1|4
|teamsize|p2|4
|start
|switch|p1a: Scovillain|Scovillain, L50, F|100/100
|switch|p1b: Kingambit|Kingambit, L50, M|100/100
|switch|p2a: Ninetales|Ninetales-Alola, L50, F|100/100
|switch|p2b: Blaziken|Blaziken, L50, F|100/100
|-weather|Snowscape|[from] ability: Snow Warning|[of] p2a: Ninetales
|turn|1
|
|t:|1786125769
|detailschange|p2b: Blaziken|Blaziken-Mega, L50, F
|-mega|p2b: Blaziken|Blaziken|Blazikenite
|detailschange|p1a: Scovillain|Scovillain-Mega, L50, F
|-mega|p1a: Scovillain|Scovillain|Scovillainite
|move|p1b: Kingambit|Protect|p1b: Kingambit
|-singleturn|p1b: Kingambit|Protect
|move|p2a: Ninetales|Blizzard|p1a: Scovillain|[spread] p1a
|-activate|p1b: Kingambit|move: Protect
|-damage|p1a: Scovillain|54/100
|-status|p2a: Ninetales|brn|[from] ability: Spicy Spray|[of] p1a: Scovillain
|-damage|p2a: Ninetales|90/100 brn|[from] item: Life Orb
|move|p2b: Blaziken|Heat Wave|p1b: Kingambit|[spread] p1a
|-activate|p1b: Kingambit|move: Protect
|-damage|p1a: Scovillain|15/100
|-immune|p2b: Blaziken
|move|p1a: Scovillain|Overheat|p2a: Ninetales
|-supereffective|p2a: Ninetales|1
|-damage|p2a: Ninetales|0 fnt
|-unboost|p1a: Scovillain|spa|2
|faint|p2a: Ninetales
|
|-weather|Snowscape|[upkeep]
|-ability|p2b: Blaziken|Speed Boost|boost
|-boost|p2b: Blaziken|spe|1
|upkeep
|
|t:|1786125785
|switch|p2a: Kingambit|Kingambit, L50, F|100/100
|turn|2
|
|t:|1786125805
|move|p1b: Kingambit|Sucker Punch|p2b: Blaziken
|-resisted|p2b: Blaziken|1
|-damage|p2b: Blaziken|67/100
|move|p2b: Blaziken|Heat Wave|p1a: Scovillain|[spread] p1b
|-miss|p2b: Blaziken|p1a: Scovillain
|-supereffective|p1b: Kingambit|1
|-damage|p1b: Kingambit|4/100
|-status|p1b: Kingambit|brn
|move|p2a: Kingambit|Low Kick|p1b: Kingambit
|-supereffective|p1b: Kingambit|2
|-damage|p1b: Kingambit|0 fnt
|faint|p1b: Kingambit
|move|p1a: Scovillain|Overheat|p2a: Kingambit
|-supereffective|p2a: Kingambit|1
|-damage|p2a: Kingambit|22/100
|-unboost|p1a: Scovillain|spa|2
|
|-weather|Snowscape|[upkeep]
|-ability|p2b: Blaziken|Speed Boost|boost
|-boost|p2b: Blaziken|spe|1
|upkeep
|
|t:|1786125811
|switch|p1b: Lycanroc|Lycanroc-Dusk, L50, M|100/100
|turn|3
|
|t:|1786125818
|move|p1a: Scovillain|Rage Powder|p1a: Scovillain
|-singleturn|p1a: Scovillain|move: Rage Powder
|move|p1b: Lycanroc|Accelerock|p2b: Blaziken
|-damage|p2b: Blaziken|27/100
|move|p2a: Kingambit|Sucker Punch||[still]
|-fail|p2a: Kingambit
|move|p2b: Blaziken|Heat Wave|p1a: Scovillain|[spread] p1a
|-miss|p2b: Blaziken|p1b: Lycanroc
|-damage|p1a: Scovillain|0 fnt
|-immune|p2b: Blaziken
|faint|p1a: Scovillain
|
|-weather|Snowscape|[upkeep]
|-ability|p2b: Blaziken|Speed Boost|boost
|-boost|p2b: Blaziken|spe|1
|upkeep
|
|t:|1786125826
|switch|p1a: Basculegion|Basculegion, L50, M|100/100
|turn|4
|
|t:|1786125836
|move|p2b: Blaziken|Detect|p2b: Blaziken
|-singleturn|p2b: Blaziken|Protect
|move|p1b: Lycanroc|Accelerock|p2a: Kingambit
|-resisted|p2a: Kingambit|1
|-damage|p2a: Kingambit|10/100
|move|p1a: Basculegion|Aqua Jet|p2b: Blaziken
|-activate|p2b: Blaziken|move: Protect
|move|p2a: Kingambit|Sucker Punch||[still]
|-fail|p2a: Kingambit
|
|-weather|Snowscape|[upkeep]
|-ability|p2b: Blaziken|Speed Boost|boost
|-boost|p2b: Blaziken|spe|1
|upkeep
|turn|5
|inactive|PaquitoelBollito has 30 seconds left.
|
|t:|1786125866
|switch|p2b: Basculegion|Basculegion, L50, M|100/100
|move|p1b: Lycanroc|Accelerock|p2a: Kingambit
|-resisted|p2a: Kingambit|1
|-damage|p2a: Kingambit|0 fnt
|faint|p2a: Kingambit
|move|p1a: Basculegion|Aqua Jet|p2b: Basculegion
|-resisted|p2b: Basculegion|1
|-damage|p2b: Basculegion|82/100
|
|-weather|none
|upkeep
|
|t:|1786125868
|switch|p2a: Blaziken|Blaziken-Mega, L50, F|27/100
|turn|6
|inactive|PaquitoelBollito has 30 seconds left.
|
|t:|1786125901
|move|p1b: Lycanroc|Accelerock|p2a: Blaziken
|-damage|p2a: Blaziken|0 fnt
|faint|p2a: Blaziken
|move|p2b: Basculegion|Last Respects|p1a: Basculegion
|-supereffective|p1a: Basculegion|1
|-damage|p1a: Basculegion|0 fnt
|faint|p1a: Basculegion
|
|upkeep
|turn|7
|
|t:|1786125919
|move|p1b: Lycanroc|Accelerock|p2b: Basculegion
|-damage|p2b: Basculegion|47/100
|move|p2b: Basculegion|Aqua Jet|p1b: Lycanroc
|-supereffective|p1b: Lycanroc|1
|-enditem|p1b: Lycanroc|Focus Sash
|-damage|p1b: Lycanroc|1/100
|
|upkeep
|turn|8
|
|t:|1786125926
|move|p1b: Lycanroc|Accelerock|p2b: Basculegion
|-damage|p2b: Basculegion|13/100
|move|p2b: Basculegion|Aqua Jet|p1b: Lycanroc
|-supereffective|p1b: Lycanroc|1
|-damage|p1b: Lycanroc|0 fnt
|faint|p1b: Lycanroc
|
|win|Navizz0
