|j|☆gallium1005
|j|☆vglabmty
|html|gallium1005vglabmty    
|uhtml|bestof|Game 2 of a best-of-3
|t:|1784325709
|gametype|doubles
|player|p1|gallium1005|hilbert|1164
|player|p2|vglabmty|scientist|1146
|gen|9
|tier|[Gen 9 Champions] VGC 2026 Reg M-B (Bo3)
|rated|
|rule|Species Clause: Limit one of each Pokémon
|rule|Item Clause: Limit 1 of each item
|clearpoke
|poke|p1|Swampert, L50, F|
|poke|p1|Archaludon, L50, M|
|poke|p1|Pelipper, L50, M|
|poke|p1|Sneasler, L50, M|
|poke|p1|Floette-Eternal, L50, F|
|poke|p1|Sinistcha, L50|
|poke|p2|Tyranitar, L50, M|
|poke|p2|Rotom-Mow, L50|
|poke|p2|Farigiraf, L50, M|
|poke|p2|Sneasler, L50, M|
|poke|p2|Houndstone, L50, F|
|poke|p2|Scizor, L50, M|
|teampreview|4
|showteam|p1|Swampert||Swampertite|Torrent|WaveCrash,Earthquake,KnockOff,Protect|Adamant||F|||50|]Archaludon||Leftovers|Stamina|ElectroShot,DragonPulse,FlashCannon,Protect|Modest||M|||50|]Pelipper||FocusSash|Drizzle|Tailwind,Hurricane,WeatherBall,Protect|Timid||M|||50|]Sneasler||WhiteHerb|Unburden|FakeOut,DireClaw,CloseCombat,Protect|Jolly||M|||50|]Floette-Eternal||Floettite|FlowerVeil|DrainingKiss,DazzlingGleam,CalmMind,Protect|Modest||F|||50|]Sinistcha||SitrusBerry|Hospitality|MatchaGotcha,RagePowder,TrickRoom,Protect|Bold|||||50|
|showteam|p2|Tyranitar||Tyranitarite|SandStream|Protect,DragonDance,Crunch,RockSlide|Adamant||M|||50|]Rotom-Mow||Leftovers|Levitate|WillOWisp,Electroweb,LeafStorm,Protect|Calm|||||50|]Farigiraf||SitrusBerry|ArmorTail|HelpingHand,TrickRoom,TwinBeam,Thunderbolt|Quiet||M|||50|]Sneasler||WhiteHerb|Unburden|FakeOut,DireClaw,CloseCombat,ThroatChop|Adamant||M|||50|]Houndstone||ColburBerry|SandRush|Protect,LastRespects,ShadowSneak,IceFang|Adamant||F|||50|]Scizor||LifeOrb|Technician|Protect,BulletPunch,BugBite,DualWingbeat|Brave||M|||50|
|inactive|Battle timer is ON: inactive players will automatically lose when time's up. (requested by vglabmty)
|inactive|gallium1005 has 60 seconds left.
|
|t:|1784325760
|teamsize|p1|4
|teamsize|p2|4
|start
|switch|p1a: Archaludon|Archaludon, L50, M|100/100
|switch|p1b: Sneasler|Sneasler, L50, M|100/100
|switch|p2a: Farigiraf|Farigiraf, L50, M|100/100
|switch|p2b: Sneasler|Sneasler, L50, M|100/100
|turn|1
|
|t:|1784325781
|move|p2a: Farigiraf|Helping Hand|p2b: Sneasler
|-singleturn|p2b: Sneasler|Helping Hand|[of] p2a: Farigiraf
|move|p1b: Sneasler|Protect|p1b: Sneasler
|-singleturn|p1b: Sneasler|Protect
|move|p1a: Archaludon|Protect|p1a: Archaludon
|-singleturn|p1a: Archaludon|Protect
|move|p2b: Sneasler|Close Combat|p1b: Sneasler
|-activate|p1b: Sneasler|move: Protect
|
|upkeep
|turn|2
|inactive|gallium1005 has 30 seconds left.
|
|t:|1784325808
|switch|p1a: Pelipper|Pelipper, L50, M|100/100
|-weather|RainDance|[from] ability: Drizzle|[of] p1a: Pelipper
|move|p1b: Sneasler|Dire Claw|p2a: Farigiraf
|-damage|p2a: Farigiraf|57/100
|move|p2b: Sneasler|Close Combat|p1a: Pelipper
|-resisted|p1a: Pelipper|1
|-damage|p1a: Pelipper|51/100
|-unboost|p2b: Sneasler|def|1
|-unboost|p2b: Sneasler|spd|1
|-enditem|p2b: Sneasler|White Herb
|-clearnegativeboost|p2b: Sneasler|[silent]
|move|p2a: Farigiraf|Twin Beam|p1b: Sneasler
|-supereffective|p1b: Sneasler|2
|-damage|p1b: Sneasler|0 fnt
|faint|p1b: Sneasler
|-hitcount|p1: Sneasler|1
|
|-weather|RainDance|[upkeep]
|upkeep
|
|t:|1784325825
|switch|p1b: Swampert|Swampert, L50, F|100/100
|turn|3
|inactive|vglabmty has 30 seconds left.
|inactive|vglabmty has 20 seconds left.
|
|t:|1784325862
|switch|p2b: Scizor|Scizor, L50, M|100/100
|detailschange|p1b: Swampert|Swampert-Mega, L50, F
|-mega|p1b: Swampert|Swampert|Swampertite
|move|p1b: Swampert|Knock Off|p2a: Farigiraf
|-supereffective|p2a: Farigiraf|1
|-damage|p2a: Farigiraf|0 fnt
|-enditem|p2a: Farigiraf|Sitrus Berry|[from] move: Knock Off|[of] p1b: Swampert
|faint|p2a: Farigiraf
|move|p1a: Pelipper|Hurricane|p2b: Scizor
|-damage|p2b: Scizor|44/100
|
|-weather|RainDance|[upkeep]
|upkeep
|
|t:|1784325874
|switch|p2a: Tyranitar|Tyranitar, L50, M|100/100
|-weather|Sandstorm|[from] ability: Sand Stream|[of] p2a: Tyranitar
|turn|4
|inactive|vglabmty has 30 seconds left.
|
|t:|1784325899
|switch|p1a: Archaludon|Archaludon, L50, M|100/100
|move|p1b: Swampert|Wave Crash|p2b: Scizor
|-damage|p2b: Scizor|0 fnt
|faint|p2b: Scizor
|-damage|p1b: Swampert|85/100|[from] Recoil
|move|p2a: Tyranitar|Dragon Dance|p2a: Tyranitar
|-boost|p2a: Tyranitar|atk|1
|-boost|p2a: Tyranitar|spe|1
|
|-weather|Sandstorm|[upkeep]
|upkeep
|
|t:|1784325909
|switch|p2b: Sneasler|Sneasler, L50, M|100/100
|turn|5
|inactive|gallium1005 has 30 seconds left.
|inactive|gallium1005 has 20 seconds left.
|inactive|gallium1005 has 15 seconds left.
|inactive|gallium1005 has 10 seconds left.
|
|t:|1784325961
|move|p1b: Swampert|Protect|p1b: Swampert
|-singleturn|p1b: Swampert|Protect
|move|p1a: Archaludon|Protect|p1a: Archaludon
|-singleturn|p1a: Archaludon|Protect
|move|p2b: Sneasler|Fake Out|p1b: Swampert
|-activate|p1b: Swampert|move: Protect
|move|p2a: Tyranitar|Dragon Dance|p2a: Tyranitar
|-boost|p2a: Tyranitar|atk|1
|-boost|p2a: Tyranitar|spe|1
|
|-weather|Sandstorm|[upkeep]
|-damage|p2b: Sneasler|94/100|[from] Sandstorm
|upkeep
|turn|6
|
|t:|1784325982
|switch|p1a: Pelipper|Pelipper, L50, M|51/100
|-weather|RainDance|[from] ability: Drizzle|[of] p1a: Pelipper
|move|p2a: Tyranitar|Protect|p2a: Tyranitar
|-singleturn|p2a: Tyranitar|Protect
|move|p1b: Swampert|Earthquake|p2b: Sneasler|[spread] p2b
|-activate|p2a: Tyranitar|move: Protect
|-immune|p1a: Pelipper
|-supereffective|p2b: Sneasler|1
|-damage|p2b: Sneasler|0 fnt
|faint|p2b: Sneasler
|
|-weather|RainDance|[upkeep]
|upkeep
|turn|7
|
|t:|1784326002
|detailschange|p2a: Tyranitar|Tyranitar-Mega, L50, M
|-mega|p2a: Tyranitar|Tyranitar|Tyranitarite
|-weather|Sandstorm|[from] ability: Sand Stream|[of] p2a: Tyranitar
|move|p2a: Tyranitar|Crunch|p1b: Swampert
|-damage|p1b: Swampert|0 fnt
|faint|p1b: Swampert
|move|p1a: Pelipper|Weather Ball|p2a: Tyranitar
|-damage|p2a: Tyranitar|83/100
|
|-weather|Sandstorm|[upkeep]
|-damage|p1a: Pelipper|45/100|[from] Sandstorm
|upkeep
|
|t:|1784326014
|switch|p1b: Archaludon|Archaludon, L50, M|100/100
|turn|8
|
|t:|1784326020
|move|p2a: Tyranitar|Crunch|p1b: Archaludon
|-crit|p1b: Archaludon
|-damage|p1b: Archaludon|0 fnt
|faint|p1b: Archaludon
|move|p1a: Pelipper|Tailwind|p1a: Pelipper
|-sidestart|p1: gallium1005|move: Tailwind
|
|-weather|Sandstorm|[upkeep]
|-damage|p1a: Pelipper|40/100|[from] Sandstorm
|upkeep
|turn|9
|c|☆gallium1005|that crit 100% mattered :(
|
|t:|1784326033
|move|p1a: Pelipper|Hurricane|p2a: Tyranitar|[miss]
|-miss|p1a: Pelipper|p2a: Tyranitar
|move|p2a: Tyranitar|Crunch|p1a: Pelipper
|-damage|p1a: Pelipper|0 fnt
|faint|p1a: Pelipper
|
|win|vglabmty
||gallium1005 is ready for game 3.
||vglabmty is ready for game 3.
|uhtml|next|Next: Game 3 of 3
|l|☆vglabmty
|player|p2|
