|j|☆slakingsd
|j|☆BenniBenBau
|html|slakingsdBenniBenBau    
|uhtml|bestof|Game 2 of a best-of-3
|t:|1756409669
|gametype|doubles
|player|p1|slakingsd|2|
|player|p2|BenniBenBau|brycen|
|gen|9
|tier|[Gen 9] VGC 2025 Reg H (Bo3)
|rule|Species Clause: Limit one of each Pokémon
|rule|Item Clause: Limit 1 of each item
|clearpoke
|poke|p1|Typhlosion-Hisui, L50, F|
|poke|p1|Whimsicott, L50, F|
|poke|p1|Ursaluna-Bloodmoon, L50, M|
|poke|p1|Primarina, L50, F|
|poke|p1|Rillaboom, L50, F|
|poke|p1|Indeedee-F, L50, F|
|poke|p2|Politoed, L50, M|
|poke|p2|Archaludon, L50, F|
|poke|p2|Kingdra, L50, F|
|poke|p2|Incineroar, L50, M|
|poke|p2|Amoonguss, L50, M|
|poke|p2|Gothitelle, L50, M|
|teampreview|4
|showteam|p1|Typhlosion-Hisui||Charcoal|Blaze|Eruption,HeatWave,ShadowBall,Protect|||F|||50|,,,,,Fire]Whimsicott||CovertCloak|Prankster|Tailwind,Moonblast,SunnyDay,Encore|||F|||50|,,,,,Dark]Ursaluna-Bloodmoon||LifeOrb|MindsEye|HyperVoice,BloodMoon,EarthPower,Protect|||M|||50|,,,,,Normal]Primarina||ThroatSpray|LiquidVoice|Moonblast,HyperVoice,Haze,Protect|||F|||50|,,,,,Grass]Rillaboom||AssaultVest|GrassySurge|WoodHammer,FakeOut,Uturn,GrassyGlide|||F|||50|,,,,,Ghost]Indeedee-F||SafetyGoggles|PsychicSurge|Psychic,FollowMe,TrickRoom,HelpingHand|||F|||50|,,,,,Fairy
|showteam|p2|Politoed||Leftovers|Drizzle|Protect,WeatherBall,PerishSong,Encore|||M|||50|,,,,,Grass]Archaludon||PowerHerb|Sturdy|Protect,ElectroShot,FlashCannon,DragonPulse|||F|||50|,,,,,Electric]Kingdra||LifeOrb|SwiftSwim|Protect,DracoMeteor,WeatherBall,MuddyWater|||F|||50|,,,,,Stellar]Incineroar||SafetyGoggles|Intimidate|FakeOut,KnockOff,PartingShot,Protect|||M|||50|,,,,,Ghost]Amoonguss||EjectButton|Regenerator|Protect,RagePowder,Spore,PollenPuff|||M|||50|,,,,,Fairy]Gothitelle||SitrusBerry|ShadowTag|Protect,Psychic,FakeOut,TrickRoom|||M|||50|,,,,,Dark
|
|t:|1756409693
|teamsize|p1|4
|teamsize|p2|4
|start
|switch|p1a: Typhlosion|Typhlosion-Hisui, L50, F|100/100
|switch|p1b: Whimsicott|Whimsicott, L50, F|100/100
|switch|p2a: Politoed|Politoed, L50, M|100/100
|switch|p2b: Kingdra|Kingdra, L50, F|100/100
|-weather|RainDance|[from] ability: Drizzle|[of] p2a: Politoed
|turn|1
|
|t:|1756409716
|-terastallize|p2b: Kingdra|Stellar
|move|p1b: Whimsicott|Sunny Day|p1b: Whimsicott
|-weather|SunnyDay
|move|p1a: Typhlosion|Shadow Ball|p2a: Politoed
|-damage|p2a: Politoed|69/100
|move|p2b: Kingdra|Draco Meteor|p1a: Typhlosion
|-damage|p1a: Typhlosion|0 fnt
|-unboost|p2b: Kingdra|spa|2
|faint|p1a: Typhlosion
|-damage|p2b: Kingdra|91/100|[from] item: Life Orb
|move|p2a: Politoed|Weather Ball|p1b: Whimsicott
|-supereffective|p1b: Whimsicott
|-damage|p1b: Whimsicott|13/100
|
|-weather|SunnyDay|[upkeep]
|-heal|p2a: Politoed|75/100|[from] item: Leftovers
|upkeep
|
|t:|1756409741
|switch|p1a: Primarina|Primarina, L50, F|100/100
|turn|2
|
|t:|1756409757
|switch|p2b: Gothitelle|Gothitelle, L50, M|100/100
|move|p1b: Whimsicott|Moonblast|p2a: Politoed
|-damage|p2a: Politoed|53/100
|move|p2a: Politoed|Weather Ball|p1b: Whimsicott
|-supereffective|p1b: Whimsicott
|-damage|p1b: Whimsicott|0 fnt
|faint|p1b: Whimsicott
|move|p1a: Primarina|Hyper Voice|p2a: Politoed|[spread] p2a,p2b
|-resisted|p2a: Politoed
|-damage|p2a: Politoed|49/100
|-damage|p2b: Gothitelle|90/100
|-enditem|p1a: Primarina|Throat Spray
|-boost|p1a: Primarina|spa|1|[from] item: Throat Spray
|
|-weather|SunnyDay|[upkeep]
|-heal|p2a: Politoed|55/100|[from] item: Leftovers
|upkeep
|
|t:|1756409775
|switch|p1b: Indeedee|Indeedee-F, L50, F|100/100
|-fieldstart|move: Psychic Terrain|[from] ability: Psychic Surge|[of] p1b: Indeedee
|turn|3
|
|t:|1756409791
|move|p2a: Politoed|Perish Song|p2a: Politoed
|-start|p1a: Primarina|perish3|[silent]
|-start|p1b: Indeedee|perish3|[silent]
|-start|p2a: Politoed|perish3|[silent]
|-start|p2b: Gothitelle|perish3|[silent]
|-fieldactivate|move: Perish Song
|move|p1b: Indeedee|Psychic|p2a: Politoed
|-damage|p2a: Politoed|24/100
|move|p1a: Primarina|Moonblast|p2b: Gothitelle
|-damage|p2b: Gothitelle|46/100
|-unboost|p2b: Gothitelle|spa|1
|-enditem|p2b: Gothitelle|Sitrus Berry|[eat]
|-heal|p2b: Gothitelle|71/100|[from] item: Sitrus Berry
|move|p2b: Gothitelle|Psychic|p1a: Primarina
|-damage|p1a: Primarina|84/100
|
|-weather|SunnyDay|[upkeep]
|-heal|p2a: Politoed|30/100|[from] item: Leftovers
|-start|p2a: Politoed|perish3
|-start|p1b: Indeedee|perish3
|-start|p1a: Primarina|perish3
|-start|p2b: Gothitelle|perish3
|upkeep
|turn|4
|
|t:|1756409830
|switch|p2a: Incineroar|Incineroar, L50, M|100/100
|-ability|p2a: Incineroar|Intimidate|boost
|-unboost|p1a: Primarina|atk|1
|-unboost|p1b: Indeedee|atk|1
|move|p2b: Gothitelle|Protect|p2b: Gothitelle
|-singleturn|p2b: Gothitelle|Protect
|move|p1b: Indeedee|Psychic|p2a: Incineroar
|-immune|p2a: Incineroar
|move|p1a: Primarina|Moonblast|p2b: Gothitelle
|-activate|p2b: Gothitelle|move: Protect
|
|-weather|SunnyDay|[upkeep]
|-start|p1b: Indeedee|perish2
|-start|p1a: Primarina|perish2
|-start|p2b: Gothitelle|perish2
|upkeep
|turn|5
|
|t:|1756409862
|switch|p2b: Kingdra|Kingdra, L50, F, tera:Stellar|91/100
|move|p1b: Indeedee|Helping Hand|p1a: Primarina
|-singleturn|p1a: Primarina|Helping Hand|[of] p1b: Indeedee
|move|p2a: Incineroar|Protect|p2a: Incineroar
|-singleturn|p2a: Incineroar|Protect
|move|p1a: Primarina|Hyper Voice|p2b: Kingdra|[spread] p2b
|-activate|p2a: Incineroar|move: Protect
|-resisted|p2b: Kingdra
|-crit|p2b: Kingdra
|-damage|p2b: Kingdra|75/100
|
|-weather|none
|-start|p1b: Indeedee|perish1
|-start|p1a: Primarina|perish1
|upkeep
|turn|6
|
|t:|1756409885
|switch|p2a: Gothitelle|Gothitelle, L50, M|71/100
|move|p1b: Indeedee|Helping Hand|p1a: Primarina
|-singleturn|p1a: Primarina|Helping Hand|[of] p1b: Indeedee
|move|p2b: Kingdra|Protect|p2b: Kingdra
|-singleturn|p2b: Kingdra|Protect
|move|p1a: Primarina|Hyper Voice|p2a: Gothitelle|[spread] p2a
|-activate|p2b: Kingdra|move: Protect
|-damage|p2a: Gothitelle|20/100
|
|-start|p1b: Indeedee|perish0
|-start|p1a: Primarina|perish0
|faint|p1b: Indeedee
|faint|p1a: Primarina
|
|win|BenniBenBau
|l|☆slakingsd
|player|p1|
|c|☆BenniBenBau|gg
