|j|☆SRareFox
|j|☆Zady11
|html|SRareFoxZady11    
|uhtml|bestof|Game 2 of a best-of-3
|t:|1754310469
|gametype|doubles
|player|p1|SRareFox|169|1129
|player|p2|Zady11|guitarist|1231
|gen|9
|tier|[Gen 9] VGC 2025 Reg H (Bo3)
|rated|
|rule|Species Clause: Limit one of each Pokémon
|rule|Item Clause: Limit 1 of each item
|clearpoke
|poke|p1|Hatterene, L50, F|
|poke|p1|Indeedee-F, L50, F|
|poke|p1|Gallade, L50, M|
|poke|p1|Ursaluna, L50, F|
|poke|p1|Torkoal, L50, M|
|poke|p1|Porygon2, L50|
|poke|p2|Whimsicott, L50, M|
|poke|p2|Typhlosion-Hisui, L50, F|
|poke|p2|Basculegion, L50, M|
|poke|p2|Ursaluna-Bloodmoon, L50, M|
|poke|p2|Farigiraf, L50, M|
|poke|p2|Maushold-Four, L50|
|teampreview|4
|showteam|p1|Hatterene||LifeOrb|MagicBounce|ExpandingForce,DazzlingGleam,TrickRoom,MysticalFire|||F|||50|,,,,,Fire]Indeedee-F||SafetyGoggles|PsychicSurge|Psychic,FollowMe,TrickRoom,HelpingHand|||F|||50|,,,,,Water]Gallade||ClearAmulet|Sharpness|PsychoCut,SacredSword,TrickRoom,WideGuard|||M|||50|,,,,,Grass]Ursaluna||FlameOrb|Guts|Facade,HeadlongRush,Earthquake,Protect|||F|||50|,,,,,Ghost]Torkoal||Charcoal|Drought|Eruption,WeatherBall,ClearSmog,Protect|||M|||50|,,,,,Fire]Porygon2||Eviolite|Download|IceBeam,TeraBlast,TrickRoom,Recover||||||50|,,,,,Flying
|showteam|p2|Whimsicott||CovertCloak|Prankster|Moonblast,SunnyDay,Encore,Tailwind|||M|||50|,,,,,Water]Typhlosion-Hisui||ChoiceSpecs|Blaze|Eruption,HeatWave,ShadowBall,Overheat|||F|||50|,,,,,Fire]Basculegion||ChoiceScarf|Adaptability|WaveCrash,LastRespects,AquaJet,FlipTurn|||M|||50|,,,,,Water]Ursaluna-Bloodmoon||LifeOrb|MindsEye|BloodMoon,HyperVoice,EarthPower,Protect|||M|||50|,,,,,Normal]Farigiraf||ThroatSpray|ArmorTail|HyperVoice,HelpingHand,Psychic,TrickRoom|||M|||50|,,,,,Fire]Maushold-Four||WideLens|Technician|PopulationBomb,Taunt,FollowMe,Protect||||||50|,,,,,Ghost
|inactive|Battle timer is ON: inactive players will automatically lose when time's up. (requested by SRareFox)
|inactive|Zady11 has 60 seconds left.
|
|t:|1754310502
|teamsize|p1|4
|teamsize|p2|4
|start
|switch|p1a: Hatterene|Hatterene, L50, F|100/100
|switch|p1b: Indeedee|Indeedee-F, L50, F|100/100
|switch|p2a: Colin|Maushold-Four, L50|100/100
|switch|p2b: Mike|Ursaluna-Bloodmoon, L50, M|100/100
|-fieldstart|move: Psychic Terrain|[from] ability: Psychic Surge|[of] p1b: Indeedee
|turn|1
|inactive|SRareFox has 30 seconds left.
|inactive|SRareFox has 20 seconds left.
|inactive|SRareFox has 15 seconds left.
|inactive|SRareFox has 10 seconds left.
|
|t:|1754310557
|-terastallize|p2b: Mike|Normal
|move|p1b: Indeedee|Follow Me|p1b: Indeedee
|-singleturn|p1b: Indeedee|move: Follow Me
|move|p2a: Colin|Taunt|p1b: Indeedee
|-start|p1b: Indeedee|move: Taunt
|move|p2b: Mike|Blood Moon|p1b: Indeedee
|-damage|p1b: Indeedee|0 fnt
|faint|p1b: Indeedee
|-damage|p2b: Mike|91/100|[from] item: Life Orb
|move|p1a: Hatterene|Trick Room|p1a: Hatterene
|-fieldstart|move: Trick Room|[of] p1a: Hatterene
|
|upkeep
|
|t:|1754310571
|switch|p1b: Gallade|Gallade, L50, M|100/100
|turn|2
|
|t:|1754310583
|move|p2b: Mike|Protect|p2b: Mike
|-singleturn|p2b: Mike|Protect
|move|p2a: Colin|Protect|p2a: Colin
|-singleturn|p2a: Colin|Protect
|move|p1a: Hatterene|Expanding Force|p2b: Mike|[spread] 
|-activate|p2a: Colin|move: Protect
|-activate|p2b: Mike|move: Protect
|move|p1b: Gallade|Sacred Sword|p2b: Mike
|-activate|p2b: Mike|move: Protect
|
|upkeep
|turn|3
|
|t:|1754310599
|switch|p2b: Dave|Basculegion, L50, M|100/100
|switch|p2a: Emily|Typhlosion-Hisui, L50, F|100/100
|move|p1a: Hatterene|Expanding Force|p2a: Emily|[spread] p2a,p2b
|-damage|p2a: Emily|0 fnt
|-damage|p2b: Dave|3/100
|faint|p2a: Emily
|-damage|p1a: Hatterene|91/100|[from] item: Life Orb
|move|p1b: Gallade|Sacred Sword|p2b: Dave
|-immune|p2b: Dave
|
|upkeep
|
|t:|1754310612
|switch|p2a: Colin|Maushold-Four, L50|100/100
|turn|4
|
|t:|1754310623
|move|p2a: Colin|Protect|p2a: Colin
|-singleturn|p2a: Colin|Protect
|move|p1a: Hatterene|Expanding Force|p2a: Colin|[spread] p2b
|-activate|p2a: Colin|move: Protect
|-damage|p2b: Dave|0 fnt
|faint|p2b: Dave
|-damage|p1a: Hatterene|81/100|[from] item: Life Orb
|move|p1b: Gallade|Psycho Cut|p2a: Colin
|-activate|p2a: Colin|move: Protect
|
|upkeep
|
|t:|1754310632
|switch|p2b: Mike|Ursaluna-Bloodmoon, L50, M, tera:Normal|91/100
|turn|5
|
|t:|1754310639
|move|p2b: Mike|Protect|p2b: Mike
|-singleturn|p2b: Mike|Protect
|move|p2a: Colin|Protect||[still]
|-fail|p2a: Colin
|move|p1a: Hatterene|Expanding Force|p2a: Colin|[spread] p2a
|-activate|p2b: Mike|move: Protect
|-damage|p2a: Colin|0 fnt
|faint|p2a: Colin
|-damage|p1a: Hatterene|71/100|[from] item: Life Orb
|move|p1b: Gallade|Sacred Sword|p2b: Mike
|-activate|p2b: Mike|move: Protect
|
|-fieldend|move: Trick Room
|-fieldend|move: Psychic Terrain
|upkeep
|turn|6
|
|t:|1754310663
|move|p2b: Mike|Hyper Voice|p1a: Hatterene|[spread] p1a,p1b
|-crit|p1a: Hatterene
|-damage|p1a: Hatterene|0 fnt
|-damage|p1b: Gallade|35/100
|faint|p1a: Hatterene
|-damage|p2b: Mike|81/100|[from] item: Life Orb
|move|p1b: Gallade|Trick Room|p1b: Gallade
|-fieldstart|move: Trick Room|[of] p1b: Gallade
|
|upkeep
|
|t:|1754310668
|switch|p1a: Ursaluna|Ursaluna, L50, F|100/100
|turn|7
|
|t:|1754310683
|move|p1a: Ursaluna|Protect|p1a: Ursaluna
|-singleturn|p1a: Ursaluna|Protect
|move|p1b: Gallade|Sacred Sword|p2b: Mike
|-supereffective|p2b: Mike
|-damage|p2b: Mike|0 fnt
|faint|p2b: Mike
|
|win|SRareFox
|raw|SRareFox's rating: 1129 → 1161(+32 for winning)
|raw|Zady11's rating: 1231 → 1199(-32 for losing)
