|j|☆JOJOPT.2
|j|☆Curebo
|html|JOJOPT.2Curebo    
|uhtml|bestof|Game 1 of a best-of-3
|t:|1782357107
|gametype|doubles
|player|p1|JOJOPT.2|102|1048
|player|p2|Curebo|clay|1125
|gen|9
|tier|[Gen 9 Champions] VGC 2026 Reg M-B (Bo3)
|rated|
|rule|Species Clause: Limit one of each Pokémon
|rule|Item Clause: Limit 1 of each item
|clearpoke
|poke|p1|Pelipper, L50, M|
|poke|p1|Archaludon, L50, M|
|poke|p1|Basculegion, L50, M|
|poke|p1|Swampert, L50, M|
|poke|p1|Sneasler, L50, M|
|poke|p1|Dragonite, L50, F|
|poke|p2|Excadrill, L50, M, shiny|
|poke|p2|Tyranitar, L50, F, shiny|
|poke|p2|Corviknight, L50, M, shiny|
|poke|p2|Hydreigon, L50, F, shiny|
|poke|p2|Scovillain, L50, F, shiny|
|poke|p2|Houndstone, L50, F, shiny|
|teampreview|4
|showteam|p1|Pelipper||Leftovers|Drizzle|WeatherBall,Hurricane,WideGuard,Tailwind|Bold||M|||50|]Archaludon||SitrusBerry|Stamina|FlashCannon,DragonPulse,Protect,ElectroShot|Timid||M|||50|]Basculegion||ChoiceScarf|SwiftSwim|AquaJet,Waterfall,LastRespects,FlipTurn|Adamant||M|||50|]Swampert||Swampertite|Torrent|Earthquake,HighHorsepower,Waterfall,Protect|Adamant||M|||50|]Sneasler||WhiteHerb|PoisonTouch|FakeOut,Protect,DireClaw,CloseCombat|Jolly||M|||50|]Dragonite||Dragoninite|InnerFocus|ExtremeSpeed,ScaleShot,Protect,Tailwind|Jolly||F|||50|
|showteam|p2|Excadrill||FocusSash|SandRush|Earthquake,IronHead,RockSlide,Protect|Adamant||M|||50|]Tyranitar||Tyranitarite|SandStream|RockSlide,KnockOff,LowKick,Protect|Adamant||F|||50|]Corviknight||Leftovers|MirrorArmor|BraveBird,BulkUp,Roost,Tailwind|Careful||M|||50|]Hydreigon||ChoiceScarf|Levitate|DracoMeteor,DarkPulse,HeatWave,Snarl|Modest||F|||50|]Scovillain||Scovillainite|Moody|Overheat,GigaDrain,RagePowder,Protect|Calm||F|||50|]Houndstone||SitrusBerry|SandRush|LastRespects,WillOWisp,BodyPress,Protect|Adamant||F|||50|
|inactive|Battle timer is ON: inactive players will automatically lose when time's up. (requested by Curebo)
|inactive|Curebo has 60 seconds left.
|
|t:|1782357145
|teamsize|p1|4
|teamsize|p2|4
|start
|switch|p1a: Sneasler|Sneasler, L50, M|100/100
|switch|p1b: Dragonite|Dragonite, L50, F|100/100
|switch|p2a: Hydreigon|Hydreigon, L50, F, shiny|100/100
|switch|p2b: Corviknight|Corviknight, L50, M, shiny|100/100
|turn|1
|inactive|Curebo has 30 seconds left.
|
|t:|1782357171
|detailschange|p1b: Dragonite|Dragonite-Mega, L50, F
|-mega|p1b: Dragonite|Dragonite|Dragoninite
|move|p2a: Hydreigon|Draco Meteor|p1b: Dragonite
|-supereffective|p1b: Dragonite|1
|-damage|p1b: Dragonite|31/100
|-unboost|p2a: Hydreigon|spa|2
|move|p1a: Sneasler|Close Combat|p2b: Corviknight
|-crit|p2b: Corviknight
|-damage|p2b: Corviknight|22/100
|-unboost|p1a: Sneasler|def|1
|-unboost|p1a: Sneasler|spd|1
|-enditem|p1a: Sneasler|White Herb
|-clearnegativeboost|p1a: Sneasler|[silent]
|move|p1b: Dragonite|Scale Shot|p2a: Hydreigon
|-supereffective|p2a: Hydreigon|1
|-damage|p2a: Hydreigon|72/100
|-supereffective|p2a: Hydreigon|1
|-damage|p2a: Hydreigon|44/100
|-hitcount|p2a: Hydreigon|2
|-unboost|p1b: Dragonite|def|1
|-boost|p1b: Dragonite|spe|1
|move|p2b: Corviknight|Tailwind|p2b: Corviknight
|-sidestart|p2: Curebo|move: Tailwind
|
|-heal|p2b: Corviknight|28/100|[from] item: Leftovers
|upkeep
|turn|2
|inactive|JOJOPT.2 has 30 seconds left.
|inactive|Curebo has 30 seconds left.
|inactive|Curebo has 20 seconds left.
|inactive|Curebo has 15 seconds left.
|
|t:|1782357212
|move|p2a: Hydreigon|Draco Meteor|p1b: Dragonite|[miss]
|-miss|p2a: Hydreigon|p1b: Dragonite
|move|p1b: Dragonite|Tailwind|p1b: Dragonite
|-sidestart|p1: JOJOPT.2|move: Tailwind
|move|p1a: Sneasler|Close Combat|p2a: Hydreigon
|-supereffective|p2a: Hydreigon|1
|-damage|p2a: Hydreigon|0 fnt
|-unboost|p1a: Sneasler|def|1
|-unboost|p1a: Sneasler|spd|1
|faint|p2a: Hydreigon
|move|p2b: Corviknight|Roost|p2b: Corviknight
|-heal|p2b: Corviknight|78/100
|-singleturn|p2b: Corviknight|move: Roost
|
|-heal|p2b: Corviknight|84/100|[from] item: Leftovers
|upkeep
|
|t:|1782357226
|switch|p2a: Scovillain|Scovillain, L50, F, shiny|100/100
|turn|3
|
|t:|1782357242
|detailschange|p2a: Scovillain|Scovillain-Mega, L50, F, shiny
|-mega|p2a: Scovillain|Scovillain|Scovillainite
|move|p2a: Scovillain|Rage Powder|p2a: Scovillain
|-singleturn|p2a: Scovillain|move: Rage Powder
|move|p1b: Dragonite|Scale Shot|p2a: Scovillain
|-damage|p2a: Scovillain|85/100
|-status|p1b: Dragonite|brn|[from] ability: Spicy Spray|[of] p2a: Scovillain
|-damage|p2a: Scovillain|79/100
|-hitcount|p2a: Scovillain|2
|-unboost|p1b: Dragonite|def|1
|-boost|p1b: Dragonite|spe|1
|move|p1a: Sneasler|Dire Claw|p2a: Scovillain
|-supereffective|p2a: Scovillain|1
|-damage|p2a: Scovillain|0 fnt
|-status|p1a: Sneasler|brn|[from] ability: Spicy Spray|[of] p2a: Scovillain
|faint|p2a: Scovillain
|move|p2b: Corviknight|Brave Bird|p1a: Sneasler
|-supereffective|p1a: Sneasler|1
|-damage|p1a: Sneasler|0 fnt
|faint|p1a: Sneasler
|-damage|p2b: Corviknight|58/100|[from] Recoil
|
|-heal|p2b: Corviknight|64/100|[from] item: Leftovers
|-damage|p1b: Dragonite|25/100 brn|[from] brn
|upkeep
|inactive|JOJOPT.2 has 30 seconds left.
|
|t:|1782357268
|switch|p1a: Swampert|Swampert, L50, M|100/100
|switch|p2a: Tyranitar|Tyranitar, L50, F, shiny|100/100
|-weather|Sandstorm|[from] ability: Sand Stream|[of] p2a: Tyranitar
|turn|4
|
|t:|1782357283
|switch|p1b: Pelipper|Pelipper, L50, M|100/100
|-weather|RainDance|[from] ability: Drizzle|[of] p1b: Pelipper
|move|p2a: Tyranitar|Protect|p2a: Tyranitar
|-singleturn|p2a: Tyranitar|Protect
|move|p2b: Corviknight|Bulk Up|p2b: Corviknight
|-boost|p2b: Corviknight|atk|1
|-boost|p2b: Corviknight|def|1
|move|p1a: Swampert|Earthquake|p2a: Tyranitar|[spread] 
|-activate|p2a: Tyranitar|move: Protect
|-immune|p1b: Pelipper
|-immune|p2b: Corviknight
|
|-weather|RainDance|[upkeep]
|-heal|p2b: Corviknight|70/100|[from] item: Leftovers
|-sideend|p2: Curebo|move: Tailwind
|upkeep
|turn|5
|inactive|Curebo has 30 seconds left.
|
|t:|1782357317
|move|p1b: Pelipper|Weather Ball|p2b: Corviknight
|-damage|p2b: Corviknight|23/100
|move|p1a: Swampert|Earthquake|p2a: Tyranitar|[spread] p2a
|-immune|p1b: Pelipper
|-immune|p2b: Corviknight
|-supereffective|p2a: Tyranitar|1
|-damage|p2a: Tyranitar|37/100
|move|p2b: Corviknight|Bulk Up|p2b: Corviknight
|-boost|p2b: Corviknight|atk|1
|-boost|p2b: Corviknight|def|1
|move|p2a: Tyranitar|Rock Slide|p1a: Swampert|[spread] p1a,p1b
|-resisted|p1a: Swampert|1
|-supereffective|p1b: Pelipper|1
|-damage|p1a: Swampert|85/100
|-damage|p1b: Pelipper|49/100
|
|-weather|RainDance|[upkeep]
|-heal|p1b: Pelipper|55/100|[from] item: Leftovers
|-heal|p2b: Corviknight|29/100|[from] item: Leftovers
|-sideend|p1: JOJOPT.2|move: Tailwind
|upkeep
|turn|6
|
|t:|1782357337
|move|p2b: Corviknight|Roost|p2b: Corviknight
|-heal|p2b: Corviknight|79/100
|-singleturn|p2b: Corviknight|move: Roost
|move|p2a: Tyranitar|Rock Slide|p1b: Pelipper|[spread] p1a,p1b
|-resisted|p1a: Swampert|1
|-supereffective|p1b: Pelipper|1
|-damage|p1a: Swampert|72/100
|-damage|p1b: Pelipper|8/100
|move|p1b: Pelipper|Weather Ball|p2b: Corviknight
|-damage|p2b: Corviknight|33/100
|cant|p1a: Swampert|flinch
|
|-weather|RainDance|[upkeep]
|-heal|p2b: Corviknight|39/100|[from] item: Leftovers
|-heal|p1b: Pelipper|14/100|[from] item: Leftovers
|upkeep
|turn|7
|inactive|Curebo has 30 seconds left.
|inactive|Curebo has 20 seconds left.
|
|t:|1782357374
|move|p2b: Corviknight|Roost|p2b: Corviknight
|-heal|p2b: Corviknight|89/100
|-singleturn|p2b: Corviknight|move: Roost
|move|p2a: Tyranitar|Rock Slide|p1b: Pelipper|[spread] p1a,p1b
|-resisted|p1a: Swampert|1
|-supereffective|p1b: Pelipper|1
|-damage|p1a: Swampert|58/100
|-damage|p1b: Pelipper|0 fnt
|faint|p1b: Pelipper
|move|p1a: Swampert|Earthquake|p2b: Corviknight|[spread] p2a,p2b
|-supereffective|p2a: Tyranitar|1
|-supereffective|p2b: Corviknight|1
|-damage|p2a: Tyranitar|0 fnt
|-damage|p2b: Corviknight|56/100
|faint|p2a: Tyranitar
|
|-weather|RainDance|[upkeep]
|-heal|p2b: Corviknight|62/100|[from] item: Leftovers
|upkeep
|
|t:|1782357389
|switch|p1b: Dragonite|Dragonite-Mega, L50, F|25/100 brn
|turn|8
|
|t:|1782357400
|move|p1b: Dragonite|Scale Shot|p2b: Corviknight
|-resisted|p2b: Corviknight|1
|-damage|p2b: Corviknight|61/100
|-resisted|p2b: Corviknight|1
|-damage|p2b: Corviknight|59/100
|-resisted|p2b: Corviknight|1
|-damage|p2b: Corviknight|58/100
|-resisted|p2b: Corviknight|1
|-damage|p2b: Corviknight|57/100
|-resisted|p2b: Corviknight|1
|-damage|p2b: Corviknight|55/100
|-hitcount|p2b: Corviknight|5
|-unboost|p1b: Dragonite|def|1
|-boost|p1b: Dragonite|spe|1
|move|p2b: Corviknight|Roost|p2b: Corviknight
|-heal|p2b: Corviknight|100/100
|-singleturn|p2b: Corviknight|move: Roost
|move|p1a: Swampert|Waterfall|p2b: Corviknight
|-damage|p2b: Corviknight|74/100
|
|-weather|none
|-heal|p2b: Corviknight|80/100|[from] item: Leftovers
|-damage|p1b: Dragonite|19/100 brn|[from] brn
|upkeep
|turn|9
|inactive|JOJOPT.2 has 30 seconds left.
|
|t:|1782357428
|move|p1b: Dragonite|Extreme Speed|p2b: Corviknight
|-resisted|p2b: Corviknight|1
|-damage|p2b: Corviknight|77/100
|move|p2b: Corviknight|Brave Bird|p1a: Swampert
|-damage|p1a: Swampert|0 fnt
|faint|p1a: Swampert
|-damage|p2b: Corviknight|57/100|[from] Recoil
|
|-heal|p2b: Corviknight|63/100|[from] item: Leftovers
|-damage|p1b: Dragonite|13/100 brn|[from] brn
|upkeep
|turn|10
|
|t:|1782357444
|move|p1b: Dragonite|Extreme Speed|p2b: Corviknight
|-resisted|p2b: Corviknight|1
|-damage|p2b: Corviknight|61/100
|move|p2b: Corviknight|Brave Bird|p1b: Dragonite
|-damage|p1b: Dragonite|0 fnt
|faint|p1b: Dragonite
|-damage|p2b: Corviknight|57/100|[from] Recoil
|
|win|Curebo
||JOJOPT.2 is ready for game 2.
||Curebo is ready for game 2.
|uhtml|next|Next: Game 2 of 3
