|j|☆sum1dum
|j|☆titojuanalvapor33
|html|sum1dumtitojuanalvapor33    
|uhtml|bestof|Game 2 of a best-of-3
|t:|1783184894
|gametype|doubles
|player|p1|sum1dum|rosa|1262
|player|p2|titojuanalvapor33|102|1194
|gen|9
|tier|[Gen 9 Champions] VGC 2026 Reg M-B (Bo3)
|rated|
|rule|Species Clause: Limit one of each Pokémon
|rule|Item Clause: Limit 1 of each item
|clearpoke
|poke|p1|Gliscor, L50, F|
|poke|p1|Primarina, L50, M|
|poke|p1|Metagross, L50|
|poke|p1|Ninetales-Alola, L50, F|
|poke|p1|Incineroar, L50, M|
|poke|p1|Sinistcha, L50|
|poke|p2|Maushold, L50|
|poke|p2|Pyroar, L50, F|
|poke|p2|Sylveon, L50, M|
|poke|p2|Aegislash, L50, F|
|poke|p2|Venusaur, L50, M|
|poke|p2|Aerodactyl, L50, M|
|teampreview|4
|showteam|p1|Gliscor||LifeOrb|HyperCutter|DualWingbeat,HighHorsepower,Protect,RockSlide|Jolly||F|||50|]Primarina||Leftovers|LiquidVoice|CalmMind,HyperVoice,Moonblast,Protect|Modest||M|||50|]Metagross||Metagrossite|ClearBody|BulletPunch,IronHead,Protect,PsychicFangs|Jolly|||||50|]Ninetales-Alola||LightClay|SnowWarning|AuroraVeil,FreezeDry,Moonblast,Protect|Timid||F|||50|]Incineroar||ChopleBerry|Intimidate|FakeOut,FlareBlitz,DarkestLariat,PartingShot|Impish||M|||50|]Sinistcha||SitrusBerry|Hospitality|MatchaGotcha,Protect,LifeDew,RagePowder|Bold|||||50|
|showteam|p2|Maushold||ChopleBerry|FriendGuard|SunnyDay,FollowMe,SuperFang,Protect|Jolly|||||50|]Pyroar||Pyroarite|Moxie|Yawn,HeatWave,Overheat,Protect|Timid||F|||50|]Sylveon||FairyFeather|Pixilate|HyperVoice,HyperBeam,Protect,QuickAttack|Modest||M|||50|]Aegislash||SpellTag|StanceChange|Poltergeist,ShadowSneak,SacredSword,KingsShield|Adamant||F|||50|]Venusaur||LifeOrb|Chlorophyll|EnergyBall,SludgeBomb,EarthPower,Protect|Modest||M|||50|]Aerodactyl||Aerodactylite|Unnerve|Tailwind,IceFang,RockSlide,Protect|Jolly||M|||50|
|inactive|Battle timer is ON: inactive players will automatically lose when time's up. (requested by sum1dum)
|inactive|titojuanalvapor33 also wants the timer to be on.
|inactive|titojuanalvapor33 has 60 seconds left.
|
|t:|1783184949
|teamsize|p1|4
|teamsize|p2|4
|start
|switch|p1a: Justice|Incineroar, L50, M|100/100
|switch|p1b: Patience|Primarina, L50, M|100/100
|switch|p2a: Aerodactyl|Aerodactyl, L50, M|100/100
|switch|p2b: Pyroar|Pyroar, L50, F|100/100
|-ability|p2a: Aerodactyl|Unnerve
|-ability|p1a: Justice|Intimidate|boost
|-unboost|p2a: Aerodactyl|atk|1
|-unboost|p2b: Pyroar|atk|1
|turn|1
|
|t:|1783184963
|switch|p2a: Sylveon|Sylveon, L50, M|100/100
|detailschange|p2b: Pyroar|Pyroar-Mega, L50, F
|-mega|p2b: Pyroar|Pyroar|Pyroarite
|move|p2b: Pyroar|Protect|p2b: Pyroar
|-singleturn|p2b: Pyroar|Protect
|move|p1a: Justice|Fake Out|p2a: Sylveon
|-damage|p2a: Sylveon|88/100
|move|p1b: Patience|Calm Mind|p1b: Patience
|-boost|p1b: Patience|spa|1
|-boost|p1b: Patience|spd|1
|
|upkeep
|turn|2
|
|t:|1783184983
|switch|p2b: Aegislash|Aegislash, L50, F|100/100
|move|p2a: Sylveon|Hyper Voice|p1b: Patience|[spread] p1a,p1b
|-damage|p1a: Justice|62/100
|-damage|p1b: Patience|72/100
|move|p1a: Justice|Parting Shot|p2a: Sylveon
|-unboost|p2a: Sylveon|atk|1
|-unboost|p2a: Sylveon|spa|1
|
|t:|1783184985
|switch|p1a: Bravery|Gliscor, L50, F|100/100|[from] Parting Shot
|move|p1b: Patience|Hyper Voice|p2b: Aegislash|[spread] p2a,p2b
|-damage|p2a: Sylveon|46/100
|-damage|p2b: Aegislash|61/100
|
|-heal|p1b: Patience|78/100|[from] item: Leftovers
|upkeep
|turn|3
|inactive|titojuanalvapor33 has 30 seconds left.
|inactive|titojuanalvapor33 has 20 seconds left.
|inactive|titojuanalvapor33 has 15 seconds left.
|
|t:|1783185028
|-formechange|p2b: Aegislash|Aegislash-Blade|
|move|p2b: Aegislash|Shadow Sneak|p1b: Patience
|-damage|p1b: Patience|48/100
|move|p1a: Bravery|High Horsepower|p2b: Aegislash|[miss]
|-miss|p1a: Bravery|p2b: Aegislash
|move|p2a: Sylveon|Hyper Beam|p1b: Patience
|-damage|p1b: Patience|10/100
|-mustrecharge|p2a: Sylveon
|move|p1b: Patience|Hyper Voice|p2b: Aegislash|[spread] p2a,p2b
|-damage|p2a: Sylveon|3/100
|-damage|p2b: Aegislash|0 fnt
|faint|p2b: Aegislash
|
|-heal|p1b: Patience|16/100|[from] item: Leftovers
|upkeep
|
|t:|1783185042
|switch|p2b: Aerodactyl|Aerodactyl, L50, M|100/100
|-ability|p2b: Aerodactyl|Unnerve
|turn|4
|
|t:|1783185057
|move|p2b: Aerodactyl|Rock Slide|p1a: Bravery|[spread] p1a,p1b
|-damage|p1a: Bravery|75/100
|-damage|p1b: Patience|0 fnt
|faint|p1b: Patience
|cant|p1a: Bravery|flinch
|cant|p2a: Sylveon|recharge
|
|upkeep
|
|t:|1783185062
|switch|p1b: Perserverance|Metagross, L50|100/100
|turn|5
|
|t:|1783185085
|detailschange|p1b: Perserverance|Metagross-Mega, L50
|-mega|p1b: Perserverance|Metagross|Metagrossite
|move|p2b: Aerodactyl|Protect|p2b: Aerodactyl
|-singleturn|p2b: Aerodactyl|Protect
|move|p1b: Perserverance|Iron Head|p2b: Aerodactyl
|-activate|p2b: Aerodactyl|move: Protect
|move|p1a: Bravery|Rock Slide|p2a: Sylveon|[spread] p2a
|-activate|p2b: Aerodactyl|move: Protect
|-damage|p2a: Sylveon|0 fnt
|faint|p2a: Sylveon
|-damage|p1a: Bravery|65/100|[from] item: Life Orb
|
|upkeep
|
|t:|1783185095
|switch|p2a: Pyroar|Pyroar-Mega, L50, F|100/100
|turn|6
|
|t:|1783185102
|move|p1b: Perserverance|Bullet Punch|p2b: Aerodactyl
|-supereffective|p2b: Aerodactyl|1
|-damage|p2b: Aerodactyl|8/100
|move|p2b: Aerodactyl|Ice Fang|p1a: Bravery
|-supereffective|p1a: Bravery|2
|-damage|p1a: Bravery|0 fnt
|faint|p1a: Bravery
|move|p2a: Pyroar|Heat Wave|p1b: Perserverance
|-supereffective|p1b: Perserverance|1
|-damage|p1b: Perserverance|0 fnt
|faint|p1b: Perserverance
|
|upkeep
|
|t:|1783185107
|switch|p1a: Justice|Incineroar, L50, M|62/100
|-ability|p1a: Justice|Intimidate|boost
|-unboost|p2a: Pyroar|atk|1
|-unboost|p2b: Aerodactyl|atk|1
|turn|7
|
|t:|1783185125
|move|p2b: Aerodactyl|Protect|p2b: Aerodactyl
|-singleturn|p2b: Aerodactyl|Protect
|move|p1a: Justice|Fake Out|p2b: Aerodactyl
|-activate|p2b: Aerodactyl|move: Protect
|move|p2a: Pyroar|Yawn|p1a: Justice
|-start|p1a: Justice|move: Yawn|[of] p2a: Pyroar
|
|upkeep
|turn|8
|-message|sum1dum forfeited.
|
|win|titojuanalvapor33
|raw|sum1dum's rating: 1262 → 1232(-30 for losing)
|raw|titojuanalvapor33's rating: 1194 → 1224(+30 for winning)
