|j|☆Jun RH
|j|☆livelaughlotad1
|html|Jun RHlivelaughlotad1    
|uhtml|bestof|Game 1 of a best-of-3
|t:|1756930849
|gametype|doubles
|player|p1|Jun RH|burglar|1093
|player|p2|livelaughlotad1|acetrainerf|1046
|gen|9
|tier|[Gen 9] VGC 2025 Reg H (Bo3)
|rated|
|rule|Species Clause: Limit one of each Pokémon
|rule|Item Clause: Limit 1 of each item
|clearpoke
|poke|p1|Gholdengo, L50|
|poke|p1|Incineroar, L50, M|
|poke|p1|Amoonguss, L50, M|
|poke|p1|Dragonite, L50, F|
|poke|p1|Garchomp, L50, M|
|poke|p1|Primarina, L50, F|
|poke|p2|Ursaluna, L50, F|
|poke|p2|Kilowattrel, L50, F|
|poke|p2|Farigiraf, L50, M|
|poke|p2|Annihilape, L50, F|
|poke|p2|Gyarados, L50, F|
|poke|p2|Incineroar, L50, M|
|teampreview|4
|showteam|p1|Gholdengo||LifeOrb|GoodasGold|MakeItRain,ShadowBall,NastyPlot,Protect||||||50|,,,,,Water]Incineroar||SafetyGoggles|Intimidate|KnockOff,FlareBlitz,FakeOut,PartingShot|||M|||50|,,,,,Ghost]Amoonguss||CovertCloak|Regenerator|RagePowder,PollenPuff,Protect,Spore|||M|||50|,,,,,Dark]Dragonite||LoadedDice|Multiscale|ScaleShot,Tailwind,Protect,Haze|||F|||50|,,,,,Fairy]Garchomp||ClearAmulet|RoughSkin|DragonClaw,Earthquake,StompingTantrum,Protect|||M|||50|,,,,,Fire]Primarina||AssaultVest|LiquidVoice|HyperVoice,Moonblast,IcyWind,DazzlingGleam|||F|||50|,,,,,Grass
|showteam|p2|Ursaluna||FlameOrb|Guts|Facade,HeadlongRush,Earthquake,Protect|||F|||50|,,,,,Ghost]Kilowattrel||FocusSash|Competitive|Discharge,AirSlash,Tailwind,Protect|||F|||50|,,,,,Ghost]Farigiraf||ThroatSpray|ArmorTail|HyperVoice,Psychic,TrickRoom,Protect|||M|||50|,,,,,Fairy]Annihilape||AssaultVest|Defiant|DrainPunch,RageFist,BrickBreak,Uturn|||F|||50|,,,,,Grass]Gyarados||SafetyGoggles|Intimidate|Waterfall,Earthquake,Taunt,Protect|||F|||50|,,,,,Ground]Incineroar||SitrusBerry|Intimidate|FakeOut,FlareBlitz,KnockOff,PartingShot|||M|||50|,,,,,Grass
|
|t:|1756930945
|teamsize|p1|4
|teamsize|p2|4
|start
|switch|p1a: Dragonite|Dragonite, L50, F|100/100
|switch|p1b: Garchomp|Garchomp, L50, M|100/100
|switch|p2a: Farigiraf|Farigiraf, L50, M|100/100
|switch|p2b: Ursaluna|Ursaluna, L50, F|100/100
|turn|1
|
|t:|1756930989
|switch|p1a: Amoonguss|Amoonguss, L50, M|100/100
|move|p2a: Farigiraf|Protect|p2a: Farigiraf
|-singleturn|p2a: Farigiraf|Protect
|move|p2b: Ursaluna|Protect|p2b: Ursaluna
|-singleturn|p2b: Ursaluna|Protect
|move|p1b: Garchomp|Stomping Tantrum|p2a: Farigiraf
|-activate|p2a: Farigiraf|move: Protect
|
|-status|p2b: Ursaluna|brn|[from] item: Flame Orb
|upkeep
|turn|2
|
|t:|1756931014
|move|p1a: Amoonguss|Protect|p1a: Amoonguss
|-singleturn|p1a: Amoonguss|Protect
|move|p1b: Garchomp|Earthquake|p2b: Ursaluna|[spread] p2a,p2b
|-activate|p1a: Amoonguss|move: Protect
|-damage|p2a: Farigiraf|56/100
|-damage|p2b: Ursaluna|72/100 brn
|move|p2b: Ursaluna|Facade|p1b: Garchomp
|-damage|p1b: Garchomp|0 fnt
|-damage|p2b: Ursaluna|59/100 brn|[from] ability: Rough Skin|[of] p1b: Garchomp
|faint|p1b: Garchomp
|move|p2a: Farigiraf|Trick Room|p2a: Farigiraf
|-fieldstart|move: Trick Room|[of] p2a: Farigiraf
|
|-damage|p2b: Ursaluna|53/100 brn|[from] brn
|upkeep
|
|t:|1756931033
|switch|p1b: Primarina|Primarina, L50, F|100/100
|turn|3
|
|t:|1756931076
|switch|p2a: Gyarados|Gyarados, L50, F|100/100
|-ability|p2a: Gyarados|Intimidate|boost
|-unboost|p1a: Amoonguss|atk|1
|-unboost|p1b: Primarina|atk|1
|-terastallize|p1a: Amoonguss|Dark
|move|p1a: Amoonguss|Rage Powder|p1a: Amoonguss
|-singleturn|p1a: Amoonguss|move: Rage Powder
|move|p2b: Ursaluna|Facade|p1a: Amoonguss
|-damage|p1a: Amoonguss|0 fnt
|faint|p1a: Amoonguss
|move|p1b: Primarina|Hyper Voice|p2b: Ursaluna|[spread] p2a,p2b
|-resisted|p2a: Gyarados
|-supereffective|p2b: Ursaluna
|-damage|p2a: Gyarados|84/100
|-damage|p2b: Ursaluna|0 fnt
|faint|p2b: Ursaluna
|
|upkeep
|
|t:|1756931097
|switch|p1a: Dragonite|Dragonite, L50, F|100/100
|switch|p2b: Farigiraf|Farigiraf, L50, M|56/100
|turn|4
|
|t:|1756931120
|switch|p2a: Annihilape|Annihilape, L50, F|100/100
|move|p1b: Primarina|Moonblast|p2b: Farigiraf
|-damage|p2b: Farigiraf|6/100
|move|p2b: Farigiraf|Hyper Voice|p1b: Primarina|[spread] p1a,p1b
|-damage|p1a: Dragonite|86/100
|-damage|p1b: Primarina|83/100
|-enditem|p2b: Farigiraf|Throat Spray
|-boost|p2b: Farigiraf|spa|1|[from] item: Throat Spray
|move|p1a: Dragonite|Scale Shot|p2a: Annihilape
|-damage|p2a: Annihilape|88/100
|-damage|p2a: Annihilape|75/100
|-damage|p2a: Annihilape|63/100
|-damage|p2a: Annihilape|49/100
|-damage|p2a: Annihilape|35/100
|-hitcount|p2a: Annihilape|5
|-unboost|p1a: Dragonite|def|1
|-boost|p1a: Dragonite|spe|1
|
|upkeep
|turn|5
|
|t:|1756931149
|move|p1a: Dragonite|Protect|p1a: Dragonite
|-singleturn|p1a: Dragonite|Protect
|move|p1b: Primarina|Hyper Voice|p2a: Annihilape|[spread] p2a,p2b
|-damage|p2a: Annihilape|11/100
|-damage|p2b: Farigiraf|0 fnt
|faint|p2b: Farigiraf
|move|p2a: Annihilape|Rage Fist|p1a: Dragonite
|-activate|p1a: Dragonite|move: Protect
|
|upkeep
|
|t:|1756931157
|switch|p2b: Gyarados|Gyarados, L50, F|84/100
|-ability|p2b: Gyarados|Intimidate|boost
|-unboost|p1a: Dragonite|atk|1
|-unboost|p1b: Primarina|atk|1
|turn|6
|
|t:|1756931176
|move|p1b: Primarina|Dazzling Gleam|p2b: Gyarados|[spread] p2a,p2b
|-supereffective|p2a: Annihilape
|-damage|p2a: Annihilape|0 fnt
|-damage|p2b: Gyarados|58/100
|faint|p2a: Annihilape
|move|p2b: Gyarados|Waterfall|p1a: Dragonite
|-resisted|p1a: Dragonite
|-damage|p1a: Dragonite|50/100
|move|p1a: Dragonite|Scale Shot|p2b: Gyarados
|-damage|p2b: Gyarados|50/100
|-damage|p2b: Gyarados|41/100
|-damage|p2b: Gyarados|31/100
|-damage|p2b: Gyarados|22/100
|-hitcount|p2b: Gyarados|4
|-unboost|p1a: Dragonite|def|1
|-boost|p1a: Dragonite|spe|1
|
|-fieldend|move: Trick Room
|upkeep
|turn|7
|-message|livelaughlotad1 forfeited.
|
|win|Jun RH
||livelaughlotad1 is ready for game 2.
