|j|☆Ruben1452
|j|☆MrTedno
|html|Ruben1452MrTedno    
|uhtml|bestof|Game 1 of a best-of-3
|t:|1756894399
|gametype|doubles
|player|p1|Ruben1452|hilbert-wonderlauncher|1152
|player|p2|MrTedno|barry|1213
|gen|9
|tier|[Gen 9] VGC 2025 Reg H (Bo3)
|rated|
|rule|Species Clause: Limit one of each Pokémon
|rule|Item Clause: Limit 1 of each item
|clearpoke
|poke|p1|Incineroar, L50, M|
|poke|p1|Basculegion, L50, M|
|poke|p1|Pelipper, L50, F|
|poke|p1|Amoonguss, L50, M|
|poke|p1|Archaludon, L50, M|
|poke|p1|Gholdengo, L50|
|poke|p2|Ninetales-Alola, L50, F|
|poke|p2|Garchomp, L50, M|
|poke|p2|Dragonite, L50, M|
|poke|p2|Incineroar, L50, M|
|poke|p2|Gholdengo, L50|
|poke|p2|Farigiraf, L50, M|
|teampreview|4
|showteam|p1|Incineroar||SafetyGoggles|Intimidate|FakeOut,PartingShot,Taunt,KnockOff|||M|||50|,,,,,Ghost]Basculegion||ChoiceBand|SwiftSwim|WaveCrash,LastRespects,FlipTurn,AquaJet|||M|||50|,,,,,Grass]Pelipper||FocusSash|Drizzle|WeatherBall,Hurricane,Tailwind,Protect|||F|||50|,,,,,Ground]Amoonguss||SitrusBerry|Regenerator|Spore,RagePowder,PollenPuff,Protect|||M|||50|,,,,,Water]Archaludon||AssaultVest|Stamina|ElectroShot,DragonPulse,FlashCannon,BodyPress|||M|||50|,,,,,Bug]Gholdengo||LifeOrb|GoodasGold|MakeItRain,ShadowBall,NastyPlot,Protect||||||50|,,,,,Water
|showteam|p2|Ninetales-Alola||FocusSash|SnowWarning|Encore,Blizzard,FreezeDry,Protect|||F|||50|,,,,,Ghost]Garchomp||ClearAmulet|RoughSkin|Earthquake,DragonClaw,StompingTantrum,Protect|||M|||50|,,,,,Ground]Dragonite||LumBerry|InnerFocus|TeraBlast,LowKick,ExtremeSpeed,Protect|||M|||50|,,,,,Flying]Incineroar||SafetyGoggles|Intimidate|FakeOut,PartingShot,FlareBlitz,KnockOff|||M|||50|,,,,,Ghost]Gholdengo||LifeOrb|GoodasGold|ShadowBall,MakeItRain,NastyPlot,Protect||||||50|,,,,,Flying]Farigiraf||SitrusBerry|ArmorTail|TrickRoom,Protect,TeraBlast,PsychicNoise|||M|||50|,,,,,Fighting
|inactive|Battle timer is ON: inactive players will automatically lose when time's up. (requested by MrTedno)
|inactive|Ruben1452 also wants the timer to be on.
|c|☆MrTedno|glhf
|c|☆Ruben1452|Glhf
|inactive|Ruben1452 has 60 seconds left.
|inactive|MrTedno has 60 seconds left.
|inactive|Ruben1452 has 30 seconds left.
|inactive|Ruben1452 has 20 seconds left.
|inactive|Ruben1452 has 15 seconds left.
|inactive|Ruben1452 has 10 seconds left.
|inactive|Ruben1452 has 5 seconds left.
|
|t:|1756894487
|teamsize|p1|4
|teamsize|p2|4
|start
|switch|p1a: Incineroar|Incineroar, L50, M|100/100
|switch|p1b: Pelipper|Pelipper, L50, F|100/100
|switch|p2a: Skipper|Gholdengo, L50|100/100
|switch|p2b: Julien|Incineroar, L50, M|100/100
|-weather|RainDance|[from] ability: Drizzle|[of] p1b: Pelipper
|-ability|p2b: Julien|Intimidate|boost
|-unboost|p1a: Incineroar|atk|1
|-unboost|p1b: Pelipper|atk|1
|-ability|p1a: Incineroar|Intimidate|boost
|-unboost|p2a: Skipper|atk|1
|-unboost|p2b: Julien|atk|1
|turn|1
|inactive|Ruben1452 has 30 seconds left.
|inactive|MrTedno has 30 seconds left.
|inactive|MrTedno has 20 seconds left.
|inactive|MrTedno has 15 seconds left.
|inactive|MrTedno has 10 seconds left.
|
|t:|1756894535
|switch|p2b: Gloria|Ninetales-Alola, L50, F|100/100
|-weather|Snowscape|[from] ability: Snow Warning|[of] p2b: Gloria
|move|p2a: Skipper|Protect|p2a: Skipper
|-singleturn|p2a: Skipper|Protect
|move|p1a: Incineroar|Fake Out|p2b: Gloria
|-damage|p2b: Gloria|92/100
|move|p1b: Pelipper|Weather Ball|p2a: Skipper
|-activate|p2a: Skipper|move: Protect
|
|-weather|Snowscape|[upkeep]
|upkeep
|turn|2
|
|t:|1756894554
|move|p2b: Gloria|Encore|p1a: Incineroar
|-start|p1a: Incineroar|Encore
|move|p2a: Skipper|Nasty Plot|p2a: Skipper
|-boost|p2a: Skipper|spa|2
|move|p1b: Pelipper|Weather Ball|p2a: Skipper
|-resisted|p2a: Skipper
|-damage|p2a: Skipper|83/100
|move|p1a: Incineroar|Fake Out||[still]
|-hint|Fake Out only works on your first turn out.
|-fail|p1a: Incineroar
|
|-weather|Snowscape|[upkeep]
|upkeep
|turn|3
|inactive|MrTedno has 30 seconds left.
|
|t:|1756894585
|switch|p1a: Gholdengo|Gholdengo, L50|100/100
|move|p1b: Pelipper|Protect|p1b: Pelipper
|-singleturn|p1b: Pelipper|Protect
|move|p2b: Gloria|Encore|p1b: Pelipper
|-activate|p1b: Pelipper|move: Protect
|move|p2a: Skipper|Shadow Ball|p1a: Gholdengo
|-supereffective|p1a: Gholdengo
|-damage|p1a: Gholdengo|0 fnt
|faint|p1a: Gholdengo
|-damage|p2a: Skipper|74/100|[from] item: Life Orb
|
|-weather|Snowscape|[upkeep]
|upkeep
|
|t:|1756894599
|switch|p1a: Incineroar|Incineroar, L50, M|100/100
|-ability|p1a: Incineroar|Intimidate|boost
|-unboost|p2a: Skipper|atk|1
|-unboost|p2b: Gloria|atk|1
|turn|4
|inactive|MrTedno has 30 seconds left.
|
|t:|1756894625
|move|p2a: Skipper|Protect|p2a: Skipper
|-singleturn|p2a: Skipper|Protect
|move|p2b: Gloria|Encore|p1b: Pelipper
|-start|p1b: Pelipper|Encore
|move|p1b: Pelipper|Protect||[still]
|-fail|p1b: Pelipper
|move|p1a: Incineroar|Knock Off|p2a: Skipper
|-activate|p2a: Skipper|move: Protect
|
|-weather|Snowscape|[upkeep]
|upkeep
|turn|5
|inactive|Ruben1452 has 30 seconds left.
|inactive|MrTedno has 30 seconds left.
|
|t:|1756894651
|switch|p2a: Julien|Incineroar, L50, M|100/100
|-ability|p2a: Julien|Intimidate|boost
|-unboost|p1a: Incineroar|atk|1
|-unboost|p1b: Pelipper|atk|1
|move|p1b: Pelipper|Protect|p1b: Pelipper
|-singleturn|p1b: Pelipper|Protect
|move|p2b: Gloria|Freeze-Dry|p1b: Pelipper
|-activate|p1b: Pelipper|move: Protect
|move|p1a: Incineroar|Parting Shot|p2b: Gloria
|-unboost|p2b: Gloria|atk|1
|-unboost|p2b: Gloria|spa|1
|
|t:|1756894663
|switch|p1a: Basculegion|Basculegion, L50, M|100/100|[from] Parting Shot
|
|-weather|none
|upkeep
|turn|6
|inactive|MrTedno has 30 seconds left.
|
|t:|1756894690
|switch|p1b: Incineroar|Incineroar, L50, M|100/100
|-ability|p1b: Incineroar|Intimidate|boost
|-unboost|p2a: Julien|atk|1
|-unboost|p2b: Gloria|atk|1
|switch|p2a: Alex|Garchomp, L50, M|100/100
|move|p2b: Gloria|Freeze-Dry|p1a: Basculegion
|-supereffective|p1a: Basculegion
|-damage|p1a: Basculegion|57/100
|move|p1a: Basculegion|Flip Turn|p2a: Alex
|-damage|p2a: Alex|51/100
|-damage|p1a: Basculegion|45/100|[from] ability: Rough Skin|[of] p2a: Alex
|
|t:|1756894704
|switch|p1a: Pelipper|Pelipper, L50, F|100/100|[from] Flip Turn
|-weather|RainDance|[from] ability: Drizzle|[of] p1a: Pelipper
|
|-weather|RainDance|[upkeep]
|upkeep
|turn|7
|inactive|Ruben1452 has 30 seconds left.
|inactive|MrTedno has 30 seconds left.
|inactive|Ruben1452 has 20 seconds left.
|inactive|MrTedno has 20 seconds left.
|
|t:|1756894741
|switch|p2b: Skipper|Gholdengo, L50|74/100
|-terastallize|p1b: Incineroar|Ghost
|move|p2a: Alex|Protect|p2a: Alex
|-singleturn|p2a: Alex|Protect
|move|p1b: Incineroar|Fake Out|p2b: Skipper
|-immune|p2b: Skipper
|move|p1a: Pelipper|Tailwind|p1a: Pelipper
|-sidestart|p1: Ruben1452|move: Tailwind
|
|-weather|RainDance|[upkeep]
|upkeep
|turn|8
|inactive|Ruben1452 has 30 seconds left.
|inactive|MrTedno has 30 seconds left.
|inactive|MrTedno has 20 seconds left.
|inactive|MrTedno has 15 seconds left.
|inactive|MrTedno has 10 seconds left.
|
|t:|1756894789
|switch|p2a: Gloria|Ninetales-Alola, L50, F|92/100
|-weather|Snowscape|[from] ability: Snow Warning|[of] p2a: Gloria
|move|p1a: Pelipper|Weather Ball|p2a: Gloria
|-resisted|p2a: Gloria
|-damage|p2a: Gloria|74/100
|move|p1b: Incineroar|Knock Off|p2b: Skipper
|-supereffective|p2b: Skipper
|-damage|p2b: Skipper|0 fnt
|-enditem|p2b: Skipper|Life Orb|[from] move: Knock Off|[of] p1b: Incineroar
|faint|p2b: Skipper
|
|-weather|Snowscape|[upkeep]
|upkeep
|
|t:|1756894808
|switch|p2b: Julien|Incineroar, L50, M|100/100
|-ability|p2b: Julien|Intimidate|boost
|-unboost|p1a: Pelipper|atk|1
|-unboost|p1b: Incineroar|atk|1
|turn|9
|inactive|MrTedno has 30 seconds left.
|inactive|Ruben1452 has 30 seconds left.
|inactive|MrTedno has 20 seconds left.
|inactive|MrTedno has 15 seconds left.
|inactive|MrTedno has 10 seconds left.
|
|t:|1756894857
|move|p1a: Pelipper|Hurricane|p2a: Gloria|[miss]
|-miss|p1a: Pelipper|p2a: Gloria
|move|p2a: Gloria|Freeze-Dry|p1a: Pelipper
|-supereffective|p1a: Pelipper
|-enditem|p1a: Pelipper|Focus Sash
|-damage|p1a: Pelipper|1/100
|move|p1b: Incineroar|Knock Off|p2a: Gloria
|-resisted|p2a: Gloria
|-damage|p2a: Gloria|62/100
|-enditem|p2a: Gloria|Focus Sash|[from] move: Knock Off|[of] p1b: Incineroar
|move|p2b: Julien|Knock Off|p1b: Incineroar
|-supereffective|p1b: Incineroar
|-damage|p1b: Incineroar|26/100
|-enditem|p1b: Incineroar|Safety Goggles|[from] move: Knock Off|[of] p2b: Julien
|
|-weather|Snowscape|[upkeep]
|upkeep
|turn|10
|inactive|MrTedno has 30 seconds left.
|inactive|Ruben1452 has 30 seconds left.
|inactive|MrTedno has 20 seconds left.
|inactive|Ruben1452 has 20 seconds left.
|inactive|Ruben1452 has 15 seconds left.
|inactive|Ruben1452 has 10 seconds left.
|inactive|Ruben1452 has 5 seconds left.
|
|t:|1756894914
|move|p1a: Pelipper|Hurricane|p2a: Gloria
|-damage|p2a: Gloria|5/100
|move|p2a: Gloria|Blizzard|p1b: Incineroar|[spread] p1a,p1b
|-damage|p1a: Pelipper|0 fnt
|-damage|p1b: Incineroar|0 fnt
|faint|p1a: Pelipper
|faint|p1b: Incineroar
|move|p2b: Julien|Parting Shot|p1: Pelipper|[notarget]
|-fail|p2b: Julien
|
|-weather|Snowscape|[upkeep]
|-sideend|p1: Ruben1452|move: Tailwind
|upkeep
|
|t:|1756894921
|switch|p1b: Basculegion|Basculegion, L50, M|45/100
|turn|11
|
|t:|1756894929
|move|p1b: Basculegion|Aqua Jet|p2a: Gloria
|-damage|p2a: Gloria|0 fnt
|faint|p2a: Gloria
|move|p2b: Julien|Knock Off|p1b: Basculegion
|-supereffective|p1b: Basculegion
|-damage|p1b: Basculegion|0 fnt
|-enditem|p1b: Basculegion|Choice Band|[from] move: Knock Off|[of] p2b: Julien
|faint|p1b: Basculegion
|
|win|MrTedno
||Ruben1452 is ready for game 2.
||MrTedno is ready for game 2.
|uhtml|next|Next: Game 2 of 3
