|j|☆113biggirl
|j|☆asefito
|html|113biggirlasefito    
|uhtml|bestof|Game 1 of a best-of-3
|t:|1783724723
|gametype|doubles
|player|p1|113biggirl|aromalady|1106
|player|p2|asefito|266|1162
|gen|9
|tier|[Gen 9 Champions] VGC 2026 Reg M-B (Bo3)
|rated|
|rule|Species Clause: Limit one of each Pokémon
|rule|Item Clause: Limit 1 of each item
|clearpoke
|poke|p1|Sneasler, L50, M|
|poke|p1|Floette-Eternal, L50, F|
|poke|p1|Basculegion, L50, M|
|poke|p1|Alcremie-Rainbow-Swirl, L50, F|
|poke|p1|Gengar, L50, M|
|poke|p1|Kommo-o, L50, F|
|poke|p2|Incineroar, L50, F|
|poke|p2|Basculegion, L50, M|
|poke|p2|Tinkaton, L50, F|
|poke|p2|Floette-Eternal, L50, F|
|poke|p2|Ceruledge, L50, M|
|poke|p2|Sneasler, L50, M|
|teampreview|4
|showteam|p1|Sneasler||WhiteHerb|Unburden|CloseCombat,DireClaw,FakeOut,Coaching|Adamant||M|||50|]Floette-Eternal||Floettite|FlowerVeil|DrainingKiss,CalmMind,LightofRuin,Moonblast|Modest||F|||50|]Basculegion||ChoiceScarf|Adaptability|LastRespects,WaveCrash,FlipTurn,PhantomForce|Adamant||M|||50|]Alcremie-Rainbow-Swirl||Leftovers|AromaVeil|Protect,DrainingKiss,Decorate,Recover|Gentle||F|||50|]Gengar||Gengarite|CursedBody|PerishSong,ShadowBall,SludgeWave,Toxic|Timid||M|||50|]Kommo-o||LifeOrb|Soundproof|ClangingScales,ClangorousSoul,HyperVoice,CloseCombat|Adamant||F|||50|
|showteam|p2|Incineroar||SitrusBerry|Intimidate|FlareBlitz,DarkestLariat,PartingShot,FakeOut|Careful||F|||50|]Basculegion||ChoiceScarf|Adaptability|WaveCrash,LastRespects,FlipTurn,AquaJet|Jolly||M|||50|]Tinkaton||Leftovers|MoldBreaker|GigatonHammer,PlayRough,FakeOut,BrickBreak|Adamant||F|||50|]Floette-Eternal||Floettite|FlowerVeil|DrainingKiss,DazzlingGleam,CalmMind,Protect|Modest||F|||50|]Ceruledge||ColburBerry|FlashFire|BitterBlade,BulkUp,ShadowSneak,Protect|Adamant||M|||50|]Sneasler||FocusSash|PoisonTouch|CloseCombat,DireClaw,Feint,FakeOut|Jolly||M|||50|
|inactive|Battle timer is ON: inactive players will automatically lose when time's up. (requested by asefito)
|inactive|113biggirl also wants the timer to be on.
|inactive|asefito has 60 seconds left.
|
|t:|1783724754
|teamsize|p1|4
|teamsize|p2|4
|start
|switch|p1a: Kommo-o|Kommo-o, L50, F|100/100
|switch|p1b: Basculegion|Basculegion, L50, M|100/100
|switch|p2a: Incineroar|Incineroar, L50, F|100/100
|switch|p2b: Basculegion|Basculegion, L50, M|100/100
|-ability|p2a: Incineroar|Intimidate|boost
|-unboost|p1a: Kommo-o|atk|1
|-unboost|p1b: Basculegion|atk|1
|turn|1
|
|t:|1783724777
|move|p2b: Basculegion|Flip Turn|p1a: Kommo-o
|-resisted|p1a: Kommo-o|1
|-damage|p1a: Kommo-o|80/100
|
|t:|1783724782
|switch|p2b: Sneasler|Sneasler, L50, M|100/100|[from] Flip Turn
|move|p1b: Basculegion|Last Respects|p2b: Sneasler
|-damage|p2b: Sneasler|60/100
|move|p1a: Kommo-o|Close Combat|p2a: Incineroar
|-supereffective|p2a: Incineroar|1
|-damage|p2a: Incineroar|1/100
|-unboost|p1a: Kommo-o|def|1
|-unboost|p1a: Kommo-o|spd|1
|-enditem|p2a: Incineroar|Sitrus Berry|[eat]
|-heal|p2a: Incineroar|26/100|[from] item: Sitrus Berry
|-damage|p1a: Kommo-o|70/100|[from] item: Life Orb
|move|p2a: Incineroar|Parting Shot|p1b: Basculegion
|-unboost|p1b: Basculegion|atk|1
|-unboost|p1b: Basculegion|spa|1
|
|t:|1783724797
|switch|p2a: Floette|Floette-Eternal, L50, F|100/100|[from] Parting Shot
|
|upkeep
|turn|2
|
|t:|1783724805
|switch|p1b: Sneasler|Sneasler, L50, M|100/100
|switch|p1a: Gengar|Gengar, L50, M|100/100
|detailschange|p2a: Floette|Floette-Mega, L50, F
|-mega|p2a: Floette|Floette|Floettite
|-ability|p2a: Floette|Fairy Aura
|move|p2b: Sneasler|Dire Claw|p1b: Sneasler
|-resisted|p1b: Sneasler|1
|-crit|p1b: Sneasler
|-damage|p1b: Sneasler|45/100
|-status|p1b: Sneasler|slp
|move|p2a: Floette|Dazzling Gleam|p1a: Gengar|[spread] p1a,p1b
|-resisted|p1a: Gengar|1
|-damage|p1a: Gengar|65/100
|-damage|p1b: Sneasler|0 fnt
|faint|p1b: Sneasler
|
|upkeep
|
|t:|1783724823
|switch|p1b: Basculegion|Basculegion, L50, M|100/100
|turn|3
|
|t:|1783724841
|switch|p2a: Incineroar|Incineroar, L50, F|26/100
|-ability|p2a: Incineroar|Intimidate|boost
|-unboost|p1a: Gengar|atk|1
|-unboost|p1b: Basculegion|atk|1
|detailschange|p1a: Gengar|Gengar-Mega, L50, M
|-mega|p1a: Gengar|Gengar|Gengarite
|move|p1a: Gengar|Sludge Wave|p2b: Sneasler|[spread] p1b,p2a,p2b
|-resisted|p1b: Basculegion|1
|-resisted|p2b: Sneasler|1
|-damage|p1b: Basculegion|75/100
|-damage|p2a: Incineroar|0 fnt
|-damage|p2b: Sneasler|31/100
|faint|p2a: Incineroar
|move|p1b: Basculegion|Last Respects|p2b: Sneasler
|-damage|p2b: Sneasler|0 fnt
|faint|p2b: Sneasler
|
|upkeep
|
|t:|1783724852
|switch|p2b: Basculegion|Basculegion, L50, M|100/100
|switch|p2a: Floette|Floette-Mega, L50, F|100/100
|-ability|p2a: Floette|Fairy Aura
|turn|4
|
|t:|1783724867
|switch|p1b: Kommo-o|Kommo-o, L50, F|70/100
|move|p2b: Basculegion|Last Respects|p1a: Gengar
|-supereffective|p1a: Gengar|1
|-damage|p1a: Gengar|0 fnt
|faint|p1a: Gengar
|move|p2a: Floette|Dazzling Gleam|p1b: Kommo-o
|-supereffective|p1b: Kommo-o|2
|-damage|p1b: Kommo-o|0 fnt
|faint|p1b: Kommo-o
|
|upkeep
|
|t:|1783724873
|switch|p1b: Basculegion|Basculegion, L50, M|75/100
|turn|5
|
|t:|1783724877
|move|p2b: Basculegion|Last Respects|p1b: Basculegion
|-supereffective|p1b: Basculegion|1
|-damage|p1b: Basculegion|0 fnt
|faint|p1b: Basculegion
|
|win|asefito
