|j|‽abigb
|j|☆raksbachtesting1
|html|abigbraksbachtesting1    
|uhtml|bestof|Game 2 of a best-of-3
|t:|1785162874
|gametype|doubles
|player|p1|abigb|brycenman|1041
|player|p2|raksbachtesting1|doubleteam|1153
|gen|9
|tier|[Gen 9 Champions] VGC 2026 Reg M-B (Bo3)
|rated|
|rule|Species Clause: Limit one of each Pokémon
|rule|Item Clause: Limit 1 of each item
|clearpoke
|poke|p1|Blaziken, L50, M|
|poke|p1|Heliolisk, L50, M|
|poke|p1|Hydreigon, L50, M|
|poke|p1|Basculegion, L50, M, shiny|
|poke|p1|Annihilape, L50, F|
|poke|p1|Maushold-Four, L50|
|poke|p2|Charizard, L50, M|
|poke|p2|Garchomp, L50, F|
|poke|p2|Incineroar, L50, M|
|poke|p2|Venusaur, L50, F|
|poke|p2|Toxapex, L50, M|
|poke|p2|Sylveon, L50, M|
|teampreview|4
|showteam|p1|Blaziken||Blazikenite|SpeedBoost|CloseCombat,FlareBlitz,RockSlide,Protect|Adamant||M|||50|]Heliolisk||ShucaBerry|DrySkin|GrassKnot,Electroweb,Protect,VoltSwitch|Modest||M|||50|]Hydreigon||ChoiceScarf|Levitate|DarkPulse,DracoMeteor,EarthPower,HeatWave|Modest||M|||50|]Basculegion||FocusSash|Adaptability|LastRespects,Liquidation,Protect,AquaJet|Adamant||M|||50|]Annihilape||SitrusBerry|Defiant|DrainPunch,Protect,RageFist,Coaching|Adamant||F|||50|]Maushold-Four||ChopleBerry|FriendGuard|Feint,Protect,FollowMe,BeatUp|Impish|||||50|
|showteam|p2|Charizard||CharizarditeY|SolarPower|WeatherBall,HeatWave,AncientPower,Protect|Modest||M|||50|]Garchomp||ChoiceScarf|RoughSkin|RockSlide,DragonClaw,Earthquake,StompingTantrum|Adamant||F|||50|]Incineroar||SitrusBerry|Intimidate|FlareBlitz,FakeOut,DarkestLariat,PartingShot|Impish||M|||50|]Venusaur||LifeOrb|Chlorophyll|SludgeBomb,LeafStorm,EarthPower,Protect|Modest||F|||50|]Toxapex||Leftovers|Regenerator|Infestation,Toxic,WideGuard,BanefulBunker|Bold||M|||50|]Sylveon||FairyFeather|Pixilate|HyperVoice,QuickAttack,Yawn,Detect|Modest||M|||50|
|inactive|Battle timer is ON: inactive players will automatically lose when time's up. (requested by raksbachtesting1)
|inactive|abigb also wants the timer to be on.
|inactive|abigb has 60 seconds left.
|
|t:|1785162929
|teamsize|p1|4
|teamsize|p2|4
|start
|switch|p1a: Hydreigon|Hydreigon, L50, M|100/100
|switch|p1b: Blaziken|Blaziken, L50, M|100/100
|switch|p2a: Charizard|Charizard, L50, M|100/100
|switch|p2b: Garchomp|Garchomp, L50, F|100/100
|turn|1
|inactive|abigb has 30 seconds left.
|inactive|abigb has 20 seconds left.
|inactive|abigb has 15 seconds left.
|inactive|abigb has 10 seconds left.
|
|t:|1785162978
|switch|p2b: Sylveon|Sylveon, L50, M|100/100
|switch|p2a: Toxapex|Toxapex, L50, M|100/100
|detailschange|p1b: Blaziken|Blaziken-Mega, L50, M
|-mega|p1b: Blaziken|Blaziken|Blazikenite
|move|p1a: Hydreigon|Draco Meteor|p2b: Sylveon
|-immune|p2b: Sylveon
|move|p1b: Blaziken|Rock Slide|p2b: Sylveon|[spread] p2a,p2b
|-damage|p2a: Toxapex|82/100
|-damage|p2b: Sylveon|75/100
|
|-heal|p2a: Toxapex|87/100|[from] item: Leftovers
|-ability|p1b: Blaziken|Speed Boost|boost
|-boost|p1b: Blaziken|spe|1
|upkeep
|turn|2
|inactive|abigb has 30 seconds left.
|inactive|raksbachtesting1 has 30 seconds left.
|inactive|abigb has 20 seconds left.
|inactive|abigb has 15 seconds left.
|
|t:|1785163020
|move|p1b: Blaziken|Protect|p1b: Blaziken
|-singleturn|p1b: Blaziken|Protect
|move|p1a: Hydreigon|Draco Meteor|p2b: Sylveon
|-immune|p2b: Sylveon
|move|p2b: Sylveon|Hyper Voice|p1b: Blaziken|[spread] p1a
|-activate|p1b: Blaziken|move: Protect
|-supereffective|p1a: Hydreigon|2
|-damage|p1a: Hydreigon|0 fnt
|faint|p1a: Hydreigon
|move|p2a: Toxapex|Infestation|p1b: Blaziken
|-activate|p1b: Blaziken|move: Protect
|
|-heal|p2a: Toxapex|93/100|[from] item: Leftovers
|-ability|p1b: Blaziken|Speed Boost|boost
|-boost|p1b: Blaziken|spe|1
|upkeep
|
|t:|1785163036
|switch|p1a: Maushold|Maushold-Four, L50|100/100
|turn|3
|
|t:|1785163055
|move|p1a: Maushold|Feint|p2b: Sylveon
|-damage|p2b: Sylveon|68/100
|move|p1b: Blaziken|Flare Blitz|p2b: Sylveon
|-damage|p2b: Sylveon|0 fnt
|faint|p2b: Sylveon
|-damage|p1b: Blaziken|75/100|[from] Recoil
|move|p2a: Toxapex|Infestation|p1b: Blaziken
|-resisted|p1b: Blaziken|2
|-damage|p1b: Blaziken|74/100
|-activate|p1b: Blaziken|move: Infestation|[of] p2a: Toxapex
|
|-heal|p2a: Toxapex|99/100|[from] item: Leftovers
|-damage|p1b: Blaziken|62/100|[from] move: Infestation|[partiallytrapped]
|-ability|p1b: Blaziken|Speed Boost|boost
|-boost|p1b: Blaziken|spe|1
|upkeep
|
|t:|1785163069
|switch|p2b: Garchomp|Garchomp, L50, F|100/100
|turn|4
|
|t:|1785163086
|move|p1a: Maushold|Protect|p1a: Maushold
|-singleturn|p1a: Maushold|Protect
|move|p2a: Toxapex|Baneful Bunker|p2a: Toxapex
|-singleturn|p2a: Toxapex|move: Protect
|move|p1b: Blaziken|Close Combat|p2b: Garchomp
|-damage|p2b: Garchomp|19/100
|-unboost|p1b: Blaziken|def|1
|-unboost|p1b: Blaziken|spd|1
|-damage|p1b: Blaziken|50/100y|[from] ability: Rough Skin|[of] p2b: Garchomp
|move|p2b: Garchomp|Earthquake|p1a: Maushold|[spread] p1b
|-activate|p2a: Toxapex|move: Protect
|-activate|p1a: Maushold|move: Protect
|-supereffective|p1b: Blaziken|1
|-damage|p1b: Blaziken|0 fnt
|faint|p1b: Blaziken
|
|-heal|p2a: Toxapex|100/100|[from] item: Leftovers
|upkeep
|
|t:|1785163104
|switch|p1b: Basculegion|Basculegion, L50, M, shiny|100/100
|turn|5
|
|t:|1785163116
|switch|p2b: Charizard|Charizard, L50, M|100/100
|move|p1a: Maushold|Follow Me|p1a: Maushold
|-singleturn|p1a: Maushold|move: Follow Me
|move|p1b: Basculegion|Aqua Jet|p2b: Charizard
|-supereffective|p2b: Charizard|1
|-damage|p2b: Charizard|43/100
|move|p2a: Toxapex|Infestation|p1a: Maushold
|-damage|p1a: Maushold|96/100
|-activate|p1a: Maushold|move: Infestation|[of] p2a: Toxapex
|
|-damage|p1a: Maushold|84/100|[from] move: Infestation|[partiallytrapped]
|upkeep
|turn|6
|
|t:|1785163135
|detailschange|p2b: Charizard|Charizard-Mega-Y, L50, M
|-mega|p2b: Charizard|Charizard|Charizardite Y
|-weather|SunnyDay|[from] ability: Drought|[of] p2b: Charizard
|move|p1a: Maushold|Feint|p2b: Charizard
|-crit|p2b: Charizard
|-damage|p2b: Charizard|31/100
|move|p1b: Basculegion|Liquidation|p2b: Charizard
|-supereffective|p2b: Charizard|1
|-damage|p2b: Charizard|0 fnt
|faint|p2b: Charizard
|move|p2a: Toxapex|Toxic|p1a: Maushold
|-status|p1a: Maushold|tox
|
|-weather|SunnyDay|[upkeep]
|-damage|p1a: Maushold|78/100 tox|[from] psn
|-damage|p1a: Maushold|66/100 tox|[from] move: Infestation|[partiallytrapped]
|upkeep
|
|t:|1785163148
|switch|p2b: Garchomp|Garchomp, L50, F|19/100
|turn|7
|
|t:|1785163162
|move|p2a: Toxapex|Baneful Bunker|p2a: Toxapex
|-singleturn|p2a: Toxapex|move: Protect
|move|p1a: Maushold|Feint|p2b: Garchomp
|-damage|p2b: Garchomp|10/100
|move|p1b: Basculegion|Aqua Jet|p2b: Garchomp
|-damage|p2b: Garchomp|0 fnt
|-damage|p1b: Basculegion|87/100|[from] ability: Rough Skin|[of] p2b: Garchomp
|faint|p2b: Garchomp
|
|-weather|SunnyDay|[upkeep]
|-damage|p1a: Maushold|54/100 tox|[from] psn
|-damage|p1a: Maushold|41/100 tox|[from] move: Infestation|[partiallytrapped]
|upkeep
|turn|8
|
|t:|1785163177
|move|p1a: Maushold|Follow Me|p1a: Maushold
|-singleturn|p1a: Maushold|move: Follow Me
|move|p1b: Basculegion|Last Respects|p2a: Toxapex
|-damage|p2a: Toxapex|29/100
|move|p2a: Toxapex|Infestation|p1a: Maushold
|-damage|p1a: Maushold|38/100 tox
|
|-weather|SunnyDay|[upkeep]
|-heal|p2a: Toxapex|35/100|[from] item: Leftovers
|-damage|p1a: Maushold|19/100 tox|[from] psn
|-damage|p1a: Maushold|7/100 tox|[from] move: Infestation|[partiallytrapped]
|upkeep
|turn|9
|
|t:|1785163190
|move|p2a: Toxapex|Baneful Bunker|p2a: Toxapex
|-singleturn|p2a: Toxapex|move: Protect
|move|p1a: Maushold|Feint|p2a: Toxapex
|-activate|p2a: Toxapex|move: Feint
|-damage|p2a: Toxapex|29/100
|move|p1b: Basculegion|Last Respects|p2a: Toxapex
|-damage|p2a: Toxapex|0 fnt
|faint|p2a: Toxapex
|
|win|abigb
|raw|abigb's rating: 1041 → 1085(+44 for winning)
|raw|raksbachtesting1's rating: 1153 → 1120(-33 for losing)
