|j|☆CrystalGem02
|j|☆SongokuVG Fr
|html|CrystalGem02SongokuVG Fr    
|uhtml|bestof|Game 3 of a best-of-3
|t:|1756233803
|gametype|doubles
|player|p1|CrystalGem02|valerie|1197
|player|p2|SongokuVG Fr|lucian|1225
|gen|9
|tier|[Gen 9] VGC 2025 Reg H (Bo3)
|rated|
|rule|Species Clause: Limit one of each Pokémon
|rule|Item Clause: Limit 1 of each item
|clearpoke
|poke|p1|Rillaboom, L50, F|
|poke|p1|Electabuzz, L50, F|
|poke|p1|Archaludon, L50, F|
|poke|p1|Kingambit, L50, M|
|poke|p1|Pelipper, L50, M|
|poke|p1|Basculegion, L50, M|
|poke|p2|Electabuzz, L50, F|
|poke|p2|Ninetales-Alola, L50, M|
|poke|p2|Rillaboom, L50, F|
|poke|p2|Volcarona, L50, F|
|poke|p2|Ursaluna-Bloodmoon, L50, M|
|poke|p2|Kingambit, L50, M|
|teampreview|4
|showteam|p1|Rillaboom||LoadedDice|GrassySurge|BulletSeed,GrassyGlide,HighHorsepower,FakeOut|||F|||50|,,,,,Fire]Electabuzz||Eviolite|VitalSpirit|Electroweb,Taunt,FollowMe,Protect|||F|||50|,,,,,Ghost]Archaludon||AssaultVest|Stamina|ElectroShot,DracoMeteor,FlashCannon,BodyPress|||F|||50|,,,,,Fairy]Kingambit||BlackGlasses|Defiant|KowtowCleave,SuckerPunch,SwordsDance,Protect|||M|||50|,,,,,Dark]Pelipper||FocusSash|Drizzle|WeatherBall,Hurricane,Tailwind,Protect|||M|||50|,,,,,Ghost]Basculegion||ChoiceBand|SwiftSwim|WaveCrash,FlipTurn,AquaJet,LastRespects|||M|||50|,,,,,Grass
|showteam|p2|Electabuzz||Eviolite|VitalSpirit|FollowMe,Electroweb,Protect,Taunt|||F|||50|,,,,,Ghost]Ninetales-Alola||LightClay|SnowWarning|Blizzard,FreezeDry,Protect,AuroraVeil|||M|||50|,,,,,Ghost]Rillaboom||AssaultVest|GrassySurge|FakeOut,WoodHammer,GrassyGlide,HighHorsepower|||F|||50|,,,,,Fire]Volcarona||CovertCloak|FlameBody|QuiverDance,Protect,TeraBlast,FieryDance|||F|||50|,,,,,Fairy]Ursaluna-Bloodmoon||LifeOrb|MindsEye|EarthPower,Protect,HyperVoice,BloodMoon|||M|||50|,,,,,Normal]Kingambit||BlackGlasses|Defiant|KowtowCleave,Protect,SwordsDance,SuckerPunch|||M|||50|,,,,,Flying
|inactive|Battle timer is ON: inactive players will automatically lose when time's up. (requested by SongokuVG Fr)
|
|t:|1756233819
|teamsize|p1|4
|teamsize|p2|4
|start
|switch|p1a: Archaludon|Archaludon, L50, F|100/100
|switch|p1b: Pelipper|Pelipper, L50, M|100/100
|switch|p2a: Electabuzz|Electabuzz, L50, F|100/100
|switch|p2b: Ursaluna|Ursaluna-Bloodmoon, L50, M|100/100
|-weather|RainDance|[from] ability: Drizzle|[of] p1b: Pelipper
|turn|1
|inactive|SongokuVG Fr has 30 seconds left.
|
|t:|1756233849
|switch|p1b: Kingambit|Kingambit, L50, M|100/100
|-terastallize|p2b: Ursaluna|Normal
|move|p2a: Electabuzz|Electroweb|p1b: Kingambit|[spread] p1a,p1b
|-resisted|p1a: Archaludon
|-crit|p1a: Archaludon
|-damage|p1a: Archaludon|93/100
|-damage|p1b: Kingambit|86/100
|-unboost|p1a: Archaludon|spe|1
|-unboost|p1b: Kingambit|spe|1
|-ability|p1b: Kingambit|Defiant|boost
|-boost|p1b: Kingambit|atk|2
|-ability|p1a: Archaludon|Stamina|boost
|-boost|p1a: Archaludon|def|1
|move|p2b: Ursaluna|Hyper Voice|p1a: Archaludon|[spread] p1a,p1b
|-resisted|p1a: Archaludon
|-resisted|p1b: Kingambit
|-damage|p1a: Archaludon|68/100
|-damage|p1b: Kingambit|49/100
|-ability|p1a: Archaludon|Stamina|boost
|-boost|p1a: Archaludon|def|1
|-damage|p2b: Ursaluna|91/100|[from] item: Life Orb
|move|p1a: Archaludon|Flash Cannon|p2b: Ursaluna
|-damage|p2b: Ursaluna|35/100
|
|-weather|RainDance|[upkeep]
|upkeep
|turn|2
|inactive|CrystalGem02 has 30 seconds left.
|inactive|CrystalGem02 has 20 seconds left.
|
|t:|1756233889
|move|p1b: Kingambit|Protect|p1b: Kingambit
|-singleturn|p1b: Kingambit|Protect
|move|p2a: Electabuzz|Follow Me|p2a: Electabuzz
|-singleturn|p2a: Electabuzz|move: Follow Me
|move|p2b: Ursaluna|Earth Power|p1a: Archaludon
|-supereffective|p1a: Archaludon
|-damage|p1a: Archaludon|0 fnt
|faint|p1a: Archaludon
|-damage|p2b: Ursaluna|26/100|[from] item: Life Orb
|
|-weather|RainDance|[upkeep]
|upkeep
|
|t:|1756233895
|switch|p1a: Basculegion|Basculegion, L50, M|100/100
|turn|3
|
|t:|1756233918
|move|p2a: Electabuzz|Follow Me|p2a: Electabuzz
|-singleturn|p2a: Electabuzz|move: Follow Me
|move|p1a: Basculegion|Flip Turn|p2a: Electabuzz
|-damage|p2a: Electabuzz|31/100
|
|t:|1756233922
|switch|p1a: Pelipper|Pelipper, L50, M|100/100|[from] Flip Turn
|move|p2b: Ursaluna|Hyper Voice|p1b: Kingambit|[spread] p1a,p1b
|-resisted|p1b: Kingambit
|-enditem|p1a: Pelipper|Focus Sash
|-damage|p1a: Pelipper|1/100
|-damage|p1b: Kingambit|15/100
|-damage|p2b: Ursaluna|16/100|[from] item: Life Orb
|move|p1b: Kingambit|Kowtow Cleave|p2a: Electabuzz
|-damage|p2a: Electabuzz|0 fnt
|faint|p2a: Electabuzz
|
|-weather|RainDance|[upkeep]
|upkeep
|
|t:|1756233930
|switch|p2a: Ninetales|Ninetales-Alola, L50, M|100/100
|-weather|Snowscape|[from] ability: Snow Warning|[of] p2a: Ninetales
|turn|4
|
|t:|1756233939
|switch|p2b: Kingambit|Kingambit, L50, M|100/100
|move|p1a: Pelipper|Protect|p1a: Pelipper
|-singleturn|p1a: Pelipper|Protect
|move|p1b: Kingambit|Protect|p1b: Kingambit
|-singleturn|p1b: Kingambit|Protect
|move|p2a: Ninetales|Blizzard|p1a: Pelipper|[spread] 
|-activate|p1a: Pelipper|move: Protect
|-activate|p1b: Kingambit|move: Protect
|
|-weather|Snowscape|[upkeep]
|upkeep
|turn|5
|
|t:|1756233951
|switch|p1a: Basculegion|Basculegion, L50, M|100/100
|move|p1b: Kingambit|Sucker Punch|p2a: Ninetales
|-resisted|p2a: Ninetales
|-damage|p2a: Ninetales|62/100
|move|p2a: Ninetales|Blizzard|p1a: Basculegion|[spread] p1a,p1b
|-resisted|p1a: Basculegion
|-resisted|p1b: Kingambit
|-damage|p1a: Basculegion|86/100
|-damage|p1b: Kingambit|3/100
|-status|p1b: Kingambit|frz
|move|p2b: Kingambit|Kowtow Cleave|p1a: Basculegion
|-supereffective|p1a: Basculegion
|-damage|p1a: Basculegion|0 fnt
|faint|p1a: Basculegion
|
|-weather|Snowscape|[upkeep]
|upkeep
|
|t:|1756233959
|switch|p1a: Pelipper|Pelipper, L50, M|1/100
|-weather|RainDance|[from] ability: Drizzle|[of] p1a: Pelipper
|turn|6
|
|t:|1756233966
|cant|p1b: Kingambit|frz
|move|p2a: Ninetales|Freeze-Dry|p1a: Pelipper
|-supereffective|p1a: Pelipper
|-damage|p1a: Pelipper|0 fnt
|faint|p1a: Pelipper
|move|p2b: Kingambit|Kowtow Cleave|p1b: Kingambit
|-resisted|p1b: Kingambit
|-damage|p1b: Kingambit|0 fnt
|faint|p1b: Kingambit
|
|win|SongokuVG Fr
|raw|CrystalGem02's rating: 1197 → 1174(-23 for losing)
|raw|SongokuVG Fr's rating: 1225 → 1248(+23 for winning)
