|j|☆darkocin
|j|☆Keith Jones
|html|darkocinKeith Jones    
|uhtml|bestof|Game 1 of a best-of-3
|t:|1783453697
|gametype|doubles
|player|p1|darkocin|169|1395
|player|p2|Keith Jones|benga|1442
|gen|9
|tier|[Gen 9 Champions] VGC 2026 Reg M-B (Bo3)
|rated|
|rule|Species Clause: Limit one of each Pokémon
|rule|Item Clause: Limit 1 of each item
|clearpoke
|poke|p1|Raichu, L50, F|
|poke|p1|Floette-Eternal, L50, F|
|poke|p1|Sinistcha, L50|
|poke|p1|Incineroar, L50, F|
|poke|p1|Milotic, L50, M|
|poke|p1|Ceruledge, L50, M|
|poke|p2|Kleavor, L50, F|
|poke|p2|Talonflame, L50, M|
|poke|p2|Sneasler, L50, M|
|poke|p2|Kingambit, L50, M|
|poke|p2|Basculegion, L50, M|
|poke|p2|Floette-Eternal, L50, F|
|teampreview|4
|showteam|p1|Raichu||RaichuniteY|LightningRod|FakeOut,ZapCannon,FocusBlast,Protect|Timid||F|||50|]Floette-Eternal||Floettite|FlowerVeil|DazzlingGleam,DrainingKiss,CalmMind,Protect|Timid||F|||50|]Sinistcha||KasibBerry|Hospitality|MatchaGotcha,LifeDew,RagePowder,Protect|Relaxed|||||50|]Incineroar||SitrusBerry|Intimidate|FakeOut,FlareBlitz,ThroatChop,PartingShot|Impish||F|||50|]Milotic||Leftovers|Competitive|MuddyWater,Coil,Hypnosis,Protect|Calm||M|||50|]Ceruledge||ColburBerry|FlashFire|BitterBlade,ShadowSneak,BulkUp,Protect|Adamant||M|||50|
|showteam|p2|Kleavor||FocusSash|Sharpness|StoneAxe,CloseCombat,XScissor,Protect|Jolly||F|||50|]Talonflame||Leftovers|GaleWings|DualWingbeat,WillOWisp,Tailwind,Protect|Jolly||M|||50|]Sneasler||WhiteHerb|Unburden|DireClaw,CloseCombat,FakeOut,Protect|Jolly||M|||50|]Kingambit||BlackGlasses|Defiant|KowtowCleave,SuckerPunch,SwordsDance,Protect|Adamant||M|||50|]Basculegion||ChoiceScarf|Adaptability|WaveCrash,LastRespects,AquaJet,FlipTurn|Jolly||M|||50|]Floette-Eternal||Floettite|FlowerVeil|Moonblast,DazzlingGleam,CalmMind,Protect|Timid||F|||50|
|
|t:|1783453763
|teamsize|p1|4
|teamsize|p2|4
|start
|switch|p1a: Raichu|Raichu, L50, F|100/100
|switch|p1b: Ceruledge|Ceruledge, L50, M|100/100
|switch|p2a: Talonflame|Talonflame, L50, M|100/100
|switch|p2b: Kleavor|Kleavor, L50, F|100/100
|turn|1
|
|t:|1783453803
|detailschange|p1a: Raichu|Raichu-Mega-Y, L50, F
|-mega|p1a: Raichu|Raichu|Raichunite Y
|move|p2a: Talonflame|Protect|p2a: Talonflame
|-singleturn|p2a: Talonflame|Protect
|move|p2b: Kleavor|Protect|p2b: Kleavor
|-singleturn|p2b: Kleavor|Protect
|move|p1a: Raichu|Fake Out|p2b: Kleavor
|-activate|p2b: Kleavor|move: Protect
|move|p1b: Ceruledge|Bulk Up|p1b: Ceruledge
|-boost|p1b: Ceruledge|atk|1
|-boost|p1b: Ceruledge|def|1
|
|upkeep
|turn|2
|
|t:|1783453812
|switch|p1a: Incineroar|Incineroar, L50, F|100/100
|-ability|p1a: Incineroar|Intimidate|boost
|-unboost|p2a: Talonflame|atk|1
|-unboost|p2b: Kleavor|atk|1
|move|p2a: Talonflame|Tailwind|p2a: Talonflame
|-sidestart|p2: Keith Jones|move: Tailwind
|move|p2b: Kleavor|Stone Axe|p1a: Incineroar
|-supereffective|p1a: Incineroar|1
|-damage|p1a: Incineroar|52/100
|-sidestart|p1: darkocin|move: Stealth Rock
|move|p1b: Ceruledge|Bitter Blade|p2b: Kleavor
|-damage|p2b: Kleavor|10/100
|
|upkeep
|turn|3
|
|t:|1783453838
|switch|p2a: Basculegion|Basculegion, L50, M|100/100
|switch|p2b: Kingambit|Kingambit, L50, M|100/100
|move|p1a: Incineroar|Fake Out|p2b: Kingambit
|-resisted|p2b: Kingambit|1
|-damage|p2b: Kingambit|95/100
|move|p1b: Ceruledge|Bulk Up|p1b: Ceruledge
|-boost|p1b: Ceruledge|atk|1
|-boost|p1b: Ceruledge|def|1
|
|upkeep
|turn|4
|
|t:|1783453854
|move|p1b: Ceruledge|Shadow Sneak|p2a: Basculegion
|-supereffective|p2a: Basculegion|1
|-damage|p2a: Basculegion|0 fnt
|faint|p2a: Basculegion
|move|p2b: Kingambit|Swords Dance|p2b: Kingambit
|-boost|p2b: Kingambit|atk|2
|move|p1a: Incineroar|Flare Blitz|p2b: Kingambit
|-supereffective|p2b: Kingambit|1
|-damage|p2b: Kingambit|18/100
|-damage|p1a: Incineroar|27/100|[from] Recoil
|-enditem|p1a: Incineroar|Sitrus Berry|[eat]
|-heal|p1a: Incineroar|52/100|[from] item: Sitrus Berry
|
|upkeep
|
|t:|1783453862
|switch|p2a: Kleavor|Kleavor, L50, F|10/100
|turn|5
|
|t:|1783453885
|move|p1b: Ceruledge|Protect|p1b: Ceruledge
|-singleturn|p1b: Ceruledge|Protect
|move|p2b: Kingambit|Sucker Punch||[still]
|-fail|p2b: Kingambit
|move|p2a: Kleavor|Stone Axe|p1a: Incineroar
|-supereffective|p1a: Incineroar|1
|-damage|p1a: Incineroar|0 fnt
|faint|p1a: Incineroar
|
|-sideend|p2: Keith Jones|move: Tailwind
|upkeep
|
|t:|1783453892
|switch|p1a: Raichu|Raichu-Mega-Y, L50, F|100/100
|-damage|p1a: Raichu|87/100|[from] Stealth Rock
|turn|6
|
|t:|1783453906
|switch|p2a: Talonflame|Talonflame, L50, M|100/100
|move|p2b: Kingambit|Protect|p2b: Kingambit
|-singleturn|p2b: Kingambit|Protect
|move|p1a: Raichu|Fake Out|p2b: Kingambit
|-activate|p2b: Kingambit|move: Protect
|move|p1b: Ceruledge|Shadow Sneak|p2a: Talonflame
|-damage|p2a: Talonflame|49/100
|
|-heal|p2a: Talonflame|55/100|[from] item: Leftovers
|upkeep
|turn|7
|
|t:|1783453922
|move|p2b: Kingambit|Sucker Punch|p1a: Raichu
|-damage|p1a: Raichu|0 fnt
|faint|p1a: Raichu
|move|p2a: Talonflame|Tailwind|p2a: Talonflame
|-sidestart|p2: Keith Jones|move: Tailwind
|move|p1b: Ceruledge|Bitter Blade|p2b: Kingambit
|-supereffective|p2b: Kingambit|1
|-damage|p2b: Kingambit|0 fnt
|faint|p2b: Kingambit
|
|-heal|p2a: Talonflame|61/100|[from] item: Leftovers
|upkeep
|
|t:|1783453932
|switch|p1a: Sinistcha|Sinistcha, L50|100/100
|switch|p2b: Kleavor|Kleavor, L50, F|10/100
|-damage|p1a: Sinistcha|87/100|[from] Stealth Rock
|turn|8
|
|t:|1783453945
|move|p1a: Sinistcha|Rage Powder|p1a: Sinistcha
|-singleturn|p1a: Sinistcha|move: Rage Powder
|move|p1b: Ceruledge|Shadow Sneak|p2b: Kleavor
|-damage|p2b: Kleavor|0 fnt
|faint|p2b: Kleavor
|move|p2a: Talonflame|Dual Wingbeat|p1a: Sinistcha
|-supereffective|p1a: Sinistcha|1
|-damage|p1a: Sinistcha|67/100
|-supereffective|p1a: Sinistcha|1
|-damage|p1a: Sinistcha|46/100
|-hitcount|p1a: Sinistcha|2
|
|-heal|p2a: Talonflame|67/100|[from] item: Leftovers
|upkeep
|turn|9
|-message|Keith Jones forfeited.
|
|win|darkocin
||Keith Jones is ready for game 2.
||darkocin is ready for game 2.
|uhtml|next|Next: Game 2 of 3
