|j|☆big grape soda
|j|☆trchlt1
|html|big grape sodatrchlt1    
|uhtml|bestof|Game 1 of a best-of-3
|t:|1757639382
|gametype|doubles
|player|p1|big grape soda|2|1312
|player|p2|trchlt1|102|1370
|gen|9
|tier|[Gen 9] VGC 2025 Reg H (Bo3)
|rated|
|rule|Species Clause: Limit one of each Pokémon
|rule|Item Clause: Limit 1 of each item
|clearpoke
|poke|p1|Dragonite, L50, F|
|poke|p1|Sneasler, L50, M|
|poke|p1|Ninetales-Alola, L50, M|
|poke|p1|Magmar, L50, M|
|poke|p1|Gholdengo, L50|
|poke|p1|Rillaboom, L50, F|
|poke|p2|Whimsicott, L50, M|
|poke|p2|Gholdengo, L50|
|poke|p2|Sneasler, L50, M|
|poke|p2|Garchomp, L50, M|
|poke|p2|Dragonite, L50, F|
|poke|p2|Incineroar, L50, M|
|teampreview|4
|showteam|p1|Dragonite||LoadedDice|Multiscale|ScaleShot,Protect,Tailwind,Haze|||F|||50|,,,,,Steel]Sneasler||WhiteHerb|Unburden|DireClaw,CloseCombat,Coaching,Protect|||M|||50|,,,,,Ghost]Ninetales-Alola||FocusSash|SnowWarning|IcyWind,Blizzard,AuroraVeil,Encore|||M|||50|,,,,,Ghost]Magmar||Eviolite|VitalSpirit|HeatWave,Taunt,FollowMe,Protect|||M|||50|,,,,,Fairy]Gholdengo||GrassySeed|GoodasGold|MakeItRain,ShadowBall,NastyPlot,Protect||||||50|,,,,,Water]Rillaboom||AssaultVest|GrassySurge|WoodHammer,GrassyGlide,HighHorsepower,FakeOut|||F|||50|,,,,,Fire
|showteam|p2|Whimsicott||FocusSash|Prankster|Protect,Moonblast,Tailwind,Encore|||M|||50|,,,,,Ghost]Gholdengo||ChoiceSpecs|GoodasGold|MakeItRain,ShadowBall,Trick,PowerGem||||||50|,,,,,Steel]Sneasler||WhiteHerb|Unburden|Protect,DireClaw,CloseCombat,FakeOut|||M|||50|,,,,,Stellar]Garchomp||LifeOrb|RoughSkin|Protect,Earthquake,StompingTantrum,DragonClaw|||M|||50|,,,,,Ground]Dragonite||ChoiceBand|InnerFocus|ExtremeSpeed,Outrage,IceSpinner,StompingTantrum|||F|||50|,,,,,Normal]Incineroar||AssaultVest|Intimidate|FlareBlitz,KnockOff,Uturn,FakeOut|||M|||50|,,,,,Grass
|inactive|Battle timer is ON: inactive players will automatically lose when time's up. (requested by big grape soda)
|inactive|big grape soda has 60 seconds left.
|inactive|trchlt1 has 60 seconds left.
|
|t:|1757639433
|teamsize|p1|4
|teamsize|p2|4
|start
|switch|p1a: Gholdengo|Gholdengo, L50|100/100
|switch|p1b: Rillaboom|Rillaboom, L50, F|100/100
|switch|p2a: Incineroar|Incineroar, L50, M|100/100
|switch|p2b: Garchomp|Garchomp, L50, M|100/100
|-fieldstart|move: Grassy Terrain|[from] ability: Grassy Surge|[of] p1b: Rillaboom
|-enditem|p1a: Gholdengo|Grassy Seed
|-boost|p1a: Gholdengo|def|1|[from] item: Grassy Seed
|-ability|p2a: Incineroar|Intimidate|boost
|-unboost|p1a: Gholdengo|atk|1
|-unboost|p1b: Rillaboom|atk|1
|turn|1
|
|t:|1757639455
|switch|p1b: Ninetales|Ninetales-Alola, L50, M|100/100
|-weather|Snowscape|[from] ability: Snow Warning|[of] p1b: Ninetales
|move|p1a: Gholdengo|Protect|p1a: Gholdengo
|-singleturn|p1a: Gholdengo|Protect
|move|p2b: Garchomp|Stomping Tantrum|p1a: Gholdengo
|-activate|p1a: Gholdengo|move: Protect
|move|p2a: Incineroar|Flare Blitz|p1b: Ninetales
|-supereffective|p1b: Ninetales
|-enditem|p1b: Ninetales|Focus Sash
|-damage|p1b: Ninetales|1/100
|-damage|p2a: Incineroar|76/100|[from] Recoil
|
|-weather|Snowscape|[upkeep]
|-heal|p1b: Ninetales|7/100|[from] Grassy Terrain
|-heal|p2a: Incineroar|82/100|[from] Grassy Terrain
|upkeep
|turn|2
|
|t:|1757639472
|-terastallize|p1a: Gholdengo|Water
|move|p2b: Garchomp|Protect|p2b: Garchomp
|-singleturn|p2b: Garchomp|Protect
|move|p1b: Ninetales|Aurora Veil|p1b: Ninetales
|-sidestart|p1: big grape soda|move: Aurora Veil
|move|p1a: Gholdengo|Nasty Plot|p1a: Gholdengo
|-boost|p1a: Gholdengo|spa|2
|move|p2a: Incineroar|U-turn|p1b: Ninetales
|-resisted|p1b: Ninetales
|-damage|p1b: Ninetales|0 fnt
|faint|p1b: Ninetales
|
|t:|1757639484
|switch|p2a: Whimsicott|Whimsicott, L50, M|100/100|[from] U-turn
|
|-weather|Snowscape|[upkeep]
|upkeep
|
|t:|1757639487
|switch|p1b: Rillaboom|Rillaboom, L50, F|100/100
|turn|3
|
|t:|1757639493
|switch|p2b: Incineroar|Incineroar, L50, M|82/100
|-ability|p2b: Incineroar|Intimidate|boost
|-unboost|p1a: Gholdengo|atk|1
|-unboost|p1b: Rillaboom|atk|1
|move|p2a: Whimsicott|Protect|p2a: Whimsicott
|-singleturn|p2a: Whimsicott|Protect
|move|p1b: Rillaboom|Fake Out|p2b: Incineroar
|-damage|p2b: Incineroar|73/100
|move|p1a: Gholdengo|Nasty Plot|p1a: Gholdengo
|-boost|p1a: Gholdengo|spa|2
|
|-weather|Snowscape|[upkeep]
|-heal|p2b: Incineroar|79/100|[from] Grassy Terrain
|upkeep
|turn|4
|
|t:|1757639516
|move|p2b: Incineroar|Fake Out|p1a: Gholdengo
|-damage|p1a: Gholdengo|94/100
|move|p2a: Whimsicott|Encore|p1b: Rillaboom
|-start|p1b: Rillaboom|Encore
|cant|p1a: Gholdengo|flinch
|move|p1b: Rillaboom|Fake Out||[still]
|-hint|Fake Out only works on your first turn out.
|-fail|p1b: Rillaboom
|
|-weather|Snowscape|[upkeep]
|-heal|p1a: Gholdengo|100/100|[from] Grassy Terrain
|-heal|p2b: Incineroar|85/100|[from] Grassy Terrain
|upkeep
|turn|5
|
|t:|1757639540
|switch|p1b: Magmar|Magmar, L50, M|100/100
|move|p2a: Whimsicott|Moonblast|p1b: Magmar
|-resisted|p1b: Magmar
|-damage|p1b: Magmar|91/100
|move|p1a: Gholdengo|Nasty Plot|p1a: Gholdengo
|-boost|p1a: Gholdengo|spa|2
|move|p2b: Incineroar|Knock Off|p1b: Magmar
|-damage|p1b: Magmar|67/100
|-enditem|p1b: Magmar|Eviolite|[from] move: Knock Off|[of] p2b: Incineroar
|
|-weather|none
|-heal|p1b: Magmar|73/100|[from] Grassy Terrain
|-heal|p2b: Incineroar|91/100|[from] Grassy Terrain
|-fieldend|move: Grassy Terrain
|upkeep
|turn|6
|
|t:|1757639561
|move|p2a: Whimsicott|Protect|p2a: Whimsicott
|-singleturn|p2a: Whimsicott|Protect
|move|p1b: Magmar|Protect|p1b: Magmar
|-singleturn|p1b: Magmar|Protect
|move|p1a: Gholdengo|Make It Rain|p2a: Whimsicott|[spread] p2b
|-activate|p2a: Whimsicott|move: Protect
|-resisted|p2b: Incineroar
|-damage|p2b: Incineroar|31/100
|-unboost|p1a: Gholdengo|spa|1
|move|p2b: Incineroar|U-turn|p1a: Gholdengo
|-crit|p1a: Gholdengo
|-damage|p1a: Gholdengo|63/100
|
|t:|1757639574
|switch|p2b: Garchomp|Garchomp, L50, M|100/100|[from] U-turn
|
|-sideend|p1: big grape soda|move: Aurora Veil
|upkeep
|turn|7
|
|t:|1757639598
|switch|p1b: Rillaboom|Rillaboom, L50, F|100/100
|-fieldstart|move: Grassy Terrain|[from] ability: Grassy Surge|[of] p1b: Rillaboom
|move|p1a: Gholdengo|Protect|p1a: Gholdengo
|-singleturn|p1a: Gholdengo|Protect
|move|p2a: Whimsicott|Moonblast|p1a: Gholdengo
|-activate|p1a: Gholdengo|move: Protect
|move|p2b: Garchomp|Stomping Tantrum|p1a: Gholdengo
|-activate|p1a: Gholdengo|move: Protect
|
|-heal|p1a: Gholdengo|69/100|[from] Grassy Terrain
|upkeep
|turn|8
|
|t:|1757639611
|move|p2a: Whimsicott|Protect|p2a: Whimsicott
|-singleturn|p2a: Whimsicott|Protect
|move|p2b: Garchomp|Protect|p2b: Garchomp
|-singleturn|p2b: Garchomp|Protect
|move|p1b: Rillaboom|Grassy Glide|p2a: Whimsicott
|-activate|p2a: Whimsicott|move: Protect
|move|p1a: Gholdengo|Make It Rain|p2b: Garchomp|[spread] 
|-activate|p2a: Whimsicott|move: Protect
|-activate|p2b: Garchomp|move: Protect
|
|-heal|p1a: Gholdengo|76/100|[from] Grassy Terrain
|upkeep
|turn|9
|
|t:|1757639624
|move|p1b: Rillaboom|Grassy Glide|p2a: Whimsicott
|-resisted|p2a: Whimsicott
|-damage|p2a: Whimsicott|73/100
|move|p2a: Whimsicott|Moonblast|p1a: Gholdengo
|-damage|p1a: Gholdengo|36/100
|move|p2b: Garchomp|Dragon Claw|p1a: Gholdengo
|-damage|p1a: Gholdengo|0 fnt
|faint|p1a: Gholdengo
|-damage|p2b: Garchomp|91/100|[from] item: Life Orb
|
|-heal|p2a: Whimsicott|78/100|[from] Grassy Terrain
|-heal|p2b: Garchomp|97/100|[from] Grassy Terrain
|upkeep
|-message|big grape soda forfeited.
|
|win|trchlt1
||big grape soda is ready for game 2.
||trchlt1 is ready for game 2.
|uhtml|next|Next: Game 2 of 3
|l|☆trchlt1
|player|p2|
