|j|☆ddoublechin
|j|☆JeanChasuble
|html|ddoublechinJeanChasuble    
|uhtml|bestof|Game 2 of a best-of-3
|t:|1756413623
|gametype|doubles
|player|p1|ddoublechin|ninjaboy|1202
|player|p2|JeanChasuble|cheren-gen5bw2|1137
|gen|9
|tier|[Gen 9] VGC 2025 Reg H (Bo3)
|rated|
|rule|Species Clause: Limit one of each Pokémon
|rule|Item Clause: Limit 1 of each item
|clearpoke
|poke|p1|Whimsicott, L50, F|
|poke|p1|Archaludon, L50, F|
|poke|p1|Annihilape, L50, M|
|poke|p1|Pelipper, L50, M|
|poke|p1|Incineroar, L50, M|
|poke|p1|Indeedee, L50, M|
|poke|p2|Volcarona, L50, F|
|poke|p2|Rillaboom, L50, M|
|poke|p2|Electabuzz, L50, M|
|poke|p2|Sneasler, L50, F|
|poke|p2|Kingambit, L50, M|
|poke|p2|Dragonite, L50, F|
|teampreview|4
|showteam|p1|Whimsicott||FocusSash|Prankster|BeatUp,Tailwind,Moonblast,LightScreen|||F|||50|,,,,,Ghost]Archaludon||AssaultVest|Stamina|BodyPress,ElectroShot,DracoMeteor,FlashCannon|||F|||50|,,,,,Grass]Annihilape||ChoiceScarf|Defiant|RageFist,Uturn,CloseCombat,FinalGambit|||M|||50|,,,,,Fairy]Pelipper||LifeOrb|Drizzle|WeatherBall,Hurricane,Protect,Tailwind|||M|||50|,,,,,Grass]Incineroar||SitrusBerry|Intimidate|FakeOut,FlareBlitz,KnockOff,PartingShot|||M|||50|,,,,,Grass]Indeedee||ChoiceSpecs|PsychicSurge|ExpandingForce,Trick,TeraBlast,DazzlingGleam|||M|||50|,,,,,Psychic
|showteam|p2|Volcarona||GrassySeed|FlameBody|HeatWave,TeraBlast,QuiverDance,Protect|||F|||50|,,,,,Fairy]Rillaboom||AssaultVest|GrassySurge|WoodHammer,GrassyGlide,FakeOut,HighHorsepower|||M|||50|,,,,,Fire]Electabuzz||Eviolite|VitalSpirit|Electroweb,FollowMe,Taunt,Protect|||M|||50|,,,,,Ghost]Sneasler||FocusSash|PoisonTouch|DireClaw,CloseCombat,FakeOut,Coaching|||F|||50|,,,,,Stellar]Kingambit||SafetyGoggles|Defiant|SuckerPunch,KowtowCleave,SwordsDance,Protect|||M|||50|,,,,,Dark]Dragonite||LoadedDice|Multiscale|ScaleShot,ExtremeSpeed,Haze,Protect|||F|||50|,,,,,Normal
|
|t:|1756413655
|teamsize|p1|4
|teamsize|p2|4
|start
|switch|p1a: Indeebdee|Indeedee, L50, M|100/100
|switch|p1b: Whim Scott|Whimsicott, L50, F|100/100
|switch|p2a: Volcarona|Volcarona, L50, F|100/100
|switch|p2b: Electabuzz|Electabuzz, L50, M|100/100
|-fieldstart|move: Psychic Terrain|[from] ability: Psychic Surge|[of] p1a: Indeebdee
|turn|1
|
|t:|1756413682
|switch|p2a: Rillaboom|Rillaboom, L50, M|100/100
|-fieldstart|move: Grassy Terrain|[from] ability: Grassy Surge|[of] p2a: Rillaboom
|-terastallize|p1a: Indeebdee|Psychic
|move|p1b: Whim Scott|Tailwind|p1b: Whim Scott
|-sidestart|p1: ddoublechin|move: Tailwind
|move|p1a: Indeebdee|Expanding Force|p2b: Electabuzz
|-damage|p2b: Electabuzz|41/100
|move|p2b: Electabuzz|Taunt|p1b: Whim Scott
|-start|p1b: Whim Scott|move: Taunt
|
|-heal|p2b: Electabuzz|47/100|[from] Grassy Terrain
|upkeep
|turn|2
|
|t:|1756413706
|switch|p1a: Staples Beware|Archaludon, L50, F|100/100
|move|p2b: Electabuzz|Protect|p2b: Electabuzz
|-singleturn|p2b: Electabuzz|Protect
|move|p1b: Whim Scott|Beat Up|p1a: Staples Beware
|-damage|p1a: Staples Beware|99/100
|-ability|p1a: Staples Beware|Stamina|boost
|-boost|p1a: Staples Beware|def|1
|-damage|p1a: Staples Beware|98/100
|-ability|p1a: Staples Beware|Stamina|boost
|-boost|p1a: Staples Beware|def|1
|-damage|p1a: Staples Beware|97/100
|-ability|p1a: Staples Beware|Stamina|boost
|-boost|p1a: Staples Beware|def|1
|-damage|p1a: Staples Beware|97/100
|-ability|p1a: Staples Beware|Stamina|boost
|-boost|p1a: Staples Beware|def|1
|-hitcount|p1a: Staples Beware|4
|move|p2a: Rillaboom|Wood Hammer|p1a: Staples Beware
|-resisted|p1a: Staples Beware
|-damage|p1a: Staples Beware|92/100
|-ability|p1a: Staples Beware|Stamina|boost
|-boost|p1a: Staples Beware|def|1
|-damage|p2a: Rillaboom|99/100|[from] Recoil
|
|-heal|p1a: Staples Beware|98/100|[from] Grassy Terrain
|-heal|p2b: Electabuzz|53/100|[from] Grassy Terrain
|-heal|p2a: Rillaboom|100/100|[from] Grassy Terrain
|upkeep
|turn|3
|
|t:|1756413740
|switch|p2a: Volcarona|Volcarona, L50, F|100/100
|-enditem|p2a: Volcarona|Grassy Seed
|-boost|p2a: Volcarona|def|1|[from] item: Grassy Seed
|-terastallize|p2b: Electabuzz|Ghost
|move|p2b: Electabuzz|Follow Me|p2b: Electabuzz
|-singleturn|p2b: Electabuzz|move: Follow Me
|move|p1b: Whim Scott|Moonblast|p2b: Electabuzz
|-damage|p2b: Electabuzz|24/100
|move|p1a: Staples Beware|Body Press|p2b: Electabuzz
|-immune|p2b: Electabuzz
|
|-heal|p1a: Staples Beware|100/100|[from] Grassy Terrain
|-heal|p2b: Electabuzz|30/100|[from] Grassy Terrain
|upkeep
|turn|4
|
|t:|1756413764
|switch|p1b: Hugo|Pelipper, L50, M, shiny|100/100
|-weather|RainDance|[from] ability: Drizzle|[of] p1b: Hugo
|move|p2b: Electabuzz|Follow Me|p2b: Electabuzz
|-singleturn|p2b: Electabuzz|move: Follow Me
|move|p1a: Staples Beware|Electro Shot||[still]
|-prepare|p1a: Staples Beware|Electro Shot
|-boost|p1a: Staples Beware|spa|1
|-anim|p1a: Staples Beware|Electro Shot|p2b: Electabuzz
|-damage|p2b: Electabuzz|0 fnt
|faint|p2b: Electabuzz
|move|p2a: Volcarona|Quiver Dance|p2a: Volcarona
|-boost|p2a: Volcarona|spa|1
|-boost|p2a: Volcarona|spd|1
|-boost|p2a: Volcarona|spe|1
|
|-weather|RainDance|[upkeep]
|-sideend|p1: ddoublechin|move: Tailwind
|upkeep
|
|t:|1756413777
|switch|p2b: Rillaboom|Rillaboom, L50, M|100/100
|turn|5
|
|t:|1756413808
|move|p2b: Rillaboom|Fake Out|p1b: Hugo
|-damage|p1b: Hugo|90/100
|move|p2a: Volcarona|Heat Wave|p1b: Hugo|[spread] p1b
|-miss|p2a: Volcarona|p1a: Staples Beware
|-resisted|p1b: Hugo
|-damage|p1b: Hugo|72/100
|move|p1a: Staples Beware|Body Press|p2b: Rillaboom
|-damage|p2b: Rillaboom|12/100
|cant|p1b: Hugo|flinch
|
|-weather|RainDance|[upkeep]
|-heal|p2b: Rillaboom|18/100|[from] Grassy Terrain
|-fieldend|move: Grassy Terrain
|upkeep
|turn|6
|
|t:|1756413843
|switch|p2b: Sneasler|Sneasler, L50, F|100/100
|move|p2a: Volcarona|Protect|p2a: Volcarona
|-singleturn|p2a: Volcarona|Protect
|move|p1a: Staples Beware|Electro Shot||[still]
|-prepare|p1a: Staples Beware|Electro Shot
|-boost|p1a: Staples Beware|spa|1
|-anim|p1a: Staples Beware|Electro Shot|p2a: Volcarona
|-activate|p2a: Volcarona|move: Protect
|move|p1b: Hugo|Tailwind|p1b: Hugo
|-sidestart|p1: ddoublechin|move: Tailwind
|
|-weather|RainDance|[upkeep]
|upkeep
|turn|7
|
|t:|1756413883
|move|p1a: Staples Beware|Electro Shot||[still]
|-prepare|p1a: Staples Beware|Electro Shot
|-boost|p1a: Staples Beware|spa|1
|-anim|p1a: Staples Beware|Electro Shot|p2b: Sneasler
|-enditem|p2b: Sneasler|Focus Sash
|-damage|p2b: Sneasler|1/100
|move|p2a: Volcarona|Heat Wave|p1a: Staples Beware|[spread] p1a
|-miss|p2a: Volcarona|p1b: Hugo
|-damage|p1a: Staples Beware|82/100
|-ability|p1a: Staples Beware|Stamina|boost
|-boost|p1a: Staples Beware|def|1
|move|p2b: Sneasler|Dire Claw|p1b: Hugo
|-damage|p1b: Hugo|41/100
|-status|p1b: Hugo|psn
|move|p1b: Hugo|Hurricane|p2b: Sneasler
|-supereffective|p2b: Sneasler
|-damage|p2b: Sneasler|0 fnt
|faint|p2b: Sneasler
|-damage|p1b: Hugo|31/100 psn|[from] item: Life Orb
|
|-weather|RainDance|[upkeep]
|-damage|p1b: Hugo|19/100 psn|[from] psn
|upkeep
|
|t:|1756413900
|switch|p2b: Rillaboom|Rillaboom, L50, M|18/100
|-fieldstart|move: Grassy Terrain|[from] ability: Grassy Surge|[of] p2b: Rillaboom
|turn|8
|
|t:|1756413922
|switch|p1b: Indeebdee|Indeedee, L50, M, tera:Psychic|100/100
|-fieldstart|move: Psychic Terrain|[from] ability: Psychic Surge|[of] p1b: Indeebdee
|move|p1a: Staples Beware|Body Press|p2b: Rillaboom
|-damage|p2b: Rillaboom|0 fnt
|faint|p2b: Rillaboom
|move|p2a: Volcarona|Quiver Dance|p2a: Volcarona
|-boost|p2a: Volcarona|spa|1
|-boost|p2a: Volcarona|spd|1
|-boost|p2a: Volcarona|spe|1
|
|-weather|none
|upkeep
|turn|9
|inactive|Battle timer is ON: inactive players will automatically lose when time's up. (requested by JeanChasuble)
|
|t:|1756413944
|move|p1b: Indeebdee|Expanding Force|p2a: Volcarona
|-damage|p2a: Volcarona|42/100
|move|p2a: Volcarona|Heat Wave|p1b: Indeebdee|[spread] p1a,p1b
|-damage|p1a: Staples Beware|33/100
|-damage|p1b: Indeebdee|4/100
|move|p1a: Staples Beware|Draco Meteor|p2a: Volcarona
|-damage|p2a: Volcarona|0 fnt
|-unboost|p1a: Staples Beware|spa|2
|faint|p2a: Volcarona
|
|win|ddoublechin
|inactive|ddoublechin has 30 seconds to confirm battle start!
|inactive|JeanChasuble has 30 seconds to confirm battle start!
||ddoublechin is ready for game 3.
|inactive|JeanChasuble has 20 seconds to confirm battle start!
||JeanChasuble is ready for game 3.
|uhtml|next|Next: Game 3 of 3
