|j|☆IrumaArcher
|j|☆g00nergab67
|html|IrumaArcherg00nergab67    
|uhtml|bestof|Game 1 of a best-of-3
|t:|1782513563
|gametype|doubles
|player|p1|IrumaArcher|steven|
|player|p2|g00nergab67|2|
|gen|9
|tier|[Gen 9 Champions] VGC 2026 Reg M-B (Bo3)
|rule|Species Clause: Limit one of each Pokémon
|rule|Item Clause: Limit 1 of each item
|clearpoke
|poke|p1|Kleavor, L50, F|
|poke|p1|Hatterene, L50, F|
|poke|p1|Gliscor, L50, F, shiny|
|poke|p1|Meowstic, L50, M|
|poke|p1|Rotom-Heat, L50|
|poke|p1|Palafin, L50, F, shiny|
|poke|p2|Blastoise, L50, F|
|poke|p2|Charizard, L50, M|
|poke|p2|Dragonite, L50, F|
|poke|p2|Typhlosion-Hisui, L50, M|
|poke|p2|Garganacl, L50, M|
|poke|p2|Rotom-Wash, L50|
|teampreview|4
|showteam|p1|Kleavor||ChoiceScarf|Sharpness|StoneAxe,CloseCombat,XScissor,Protect|Adamant||F|||50|]Hatterene||SitrusBerry|MagicBounce|DazzlingGleam,ExpandingForce,TrickRoom,LifeDew|Modest||F|||50|]Gliscor||Leftovers|HyperCutter|KnockOff,HighHorsepower,Protect,RockSlide|Adamant||F|||50|]Meowstic||BrightPowder|Prankster|PsychicTerrain,LightScreen,Protect,Psyshock|Calm||M|||50|]Rotom-Heat||PasshoBerry|Levitate|Thunderbolt,Overheat,VoltSwitch,Protect|Modest|||||50|]Palafin||MysticWater|ZerotoHero|JetPunch,DrainPunch,FlipTurn,Protect|Adamant||F|||50|
|showteam|p2|Blastoise||Blastoisinite|Torrent|AquaTail,ChillingWater,Liquidation,Surf|Quiet||F|||50|]Charizard||CharizarditeY|Blaze|Flamethrower,Overheat,Acrobatics,FireFang|Hasty||M|||50|]Dragonite||LifeOrb|InnerFocus|AirSlash,DragonClaw,Hurricane,Outrage|Hasty||F|||50|]Typhlosion-Hisui||FocusSash|Blaze|Flamethrower,Eruption,FirePunch,ShadowBall|Hasty||M|||50|]Garganacl||ExpertBelt|PurifyingSalt|EarthPower,Earthquake,Explosion,MeteorBeam|Brave||M|||50|]Rotom-Wash||MentalHerb|Levitate|Thunderbolt,HydroPump,Discharge,Thunder|Timid|||||50|
|j| cherotank
|j| SugarBaer
|
|t:|1782513636
|teamsize|p1|4
|teamsize|p2|4
|start
|switch|p1a: Hatterene|Hatterene, L50, F|100/100
|switch|p1b: Meowstic|Meowstic, L50, M|100/100
|switch|p2a: Charizard|Charizard, L50, M|100/100
|switch|p2b: Garganacl|Garganacl, L50, M|100/100
|turn|1
|c| cherotank|yaaaaa
|c| cherotank|Dale Dale hes our man if he cant do it no one can!
|c| SugarBaer|The favoritism is wild
|c| SugarBaer|Man is on a high
|c| SugarBaer|Lock in Gab
|
|t:|1782513690
|detailschange|p2a: Charizard|Charizard-Mega-Y, L50, M
|-mega|p2a: Charizard|Charizard|Charizardite Y
|-weather|SunnyDay|[from] ability: Drought|[of] p2a: Charizard
|move|p1b: Meowstic|Light Screen|p1b: Meowstic
|-sidestart|p1: IrumaArcher|move: Light Screen
|move|p2a: Charizard|Fire Fang|p1a: Hatterene
|-damage|p1a: Hatterene|62/100
|move|p2b: Garganacl|Earthquake|p1a: Hatterene|[spread] p1a,p1b
|-immune|p2a: Charizard
|-crit|p1b: Meowstic
|-damage|p1a: Hatterene|37/100
|-damage|p1b: Meowstic|66/100
|-enditem|p1a: Hatterene|Sitrus Berry|[eat]
|-heal|p1a: Hatterene|62/100|[from] item: Sitrus Berry
|move|p1a: Hatterene|Trick Room|p1a: Hatterene
|-fieldstart|move: Trick Room|[of] p1a: Hatterene
|
|-weather|SunnyDay|[upkeep]
|upkeep
|turn|2
|
|t:|1782513725
|move|p1b: Meowstic|Psychic Terrain|p1b: Meowstic
|-fieldstart|move: Psychic Terrain
|move|p2b: Garganacl|Explosion|p1a: Hatterene|[spread] p2a,p1a,p1b
|-damage|p2a: Charizard|11/100
|-damage|p1a: Hatterene|0 fnt
|-damage|p1b: Meowstic|11/100
|faint|p2b: Garganacl
|faint|p1a: Hatterene
|move|p2a: Charizard|Acrobatics|p1b: Meowstic
|-damage|p1b: Meowstic|0 fnt
|faint|p1b: Meowstic
|
|-weather|SunnyDay|[upkeep]
|upkeep
|c| cherotank|Gab Gab shes our girl if she cant do it I might hurl!!!!!
|c| cherotank|Lets go gabbi!
|c| cherotank|wohoooo
|
|t:|1782513809
|switch|p2b: Rotom|Rotom-Wash, L50|100/100
|switch|p1a: Gliscor|Gliscor, L50, F, shiny|100/100
|switch|p1b: Palafin|Palafin, L50, F, shiny|100/100
|turn|3
|
|t:|1782513849
|move|p1b: Palafin|Jet Punch|p2a: Charizard
|-hint|Psychic Terrain doesn't affect airborne Pokémon.
|-supereffective|p2a: Charizard|1
|-damage|p2a: Charizard|0 fnt
|faint|p2a: Charizard
|move|p1a: Gliscor|Knock Off|p2b: Rotom
|-damage|p2b: Rotom|66/100
|-enditem|p2b: Rotom|Mental Herb|[from] move: Knock Off|[of] p1a: Gliscor
|move|p2b: Rotom|Thunderbolt|p1b: Palafin
|-supereffective|p1b: Palafin|1
|-damage|p1b: Palafin|33/100
|
|-weather|SunnyDay|[upkeep]
|upkeep
|c| cherotank|I'm so excited
|c| cherotank|This is such a great battle
|
|t:|1782513864
|switch|p2a: Typhlosion|Typhlosion-Hisui, L50, M|100/100
|turn|4
|c| cherotank|woah
|c| cherotank|hisuian typloshion
|c| cherotank|the aura
|
|t:|1782513907
|move|p1b: Palafin|Protect|p1b: Palafin
|-singleturn|p1b: Palafin|Protect
|move|p1a: Gliscor|Knock Off|p2a: Typhlosion
|-supereffective|p2a: Typhlosion|1
|-damage|p2a: Typhlosion|14/100
|-enditem|p2a: Typhlosion|Focus Sash|[from] move: Knock Off|[of] p1a: Gliscor
|move|p2b: Rotom|Discharge|p1b: Palafin|[spread] p2a
|-activate|p1b: Palafin|move: Protect
|-immune|p1a: Gliscor
|-damage|p2a: Typhlosion|0 fnt
|faint|p2a: Typhlosion
|
|-weather|SunnyDay|[upkeep]
|upkeep
|turn|5
|c| cherotank|Maybe Gabbi needs some shinies for better motivation
|
|t:|1782513934
|move|p1a: Gliscor|Rock Slide|p2b: Rotom
|-damage|p2b: Rotom|40/100
|move|p1b: Palafin|Drain Punch|p2b: Rotom
|-damage|p2b: Rotom|18/100
|-heal|p1b: Palafin|40/100|[from] drain|[of] p2b: Rotom
|move|p2b: Rotom|Thunder|p1b: Palafin
|-supereffective|p1b: Palafin|1
|-damage|p1b: Palafin|0 fnt
|faint|p1b: Palafin
|
|-weather|none
|-sideend|p1: IrumaArcher|move: Light Screen
|-fieldend|move: Trick Room
|upkeep
|turn|6
|c| cherotank|you gotta lock in twin
|c| cherotank|awwww man
|
|t:|1782514015
|move|p2b: Rotom|Hydro Pump|p1a: Gliscor|[miss]
|-miss|p2b: Rotom|p1a: Gliscor
|move|p1a: Gliscor|Knock Off|p2b: Rotom
|-damage|p2b: Rotom|0 fnt
|faint|p2b: Rotom
|
|win|IrumaArcher
|inactive|IrumaArcher has 30 seconds to confirm battle start!
|inactive|g00nergab67 has 30 seconds to confirm battle start!
