|j|☆flubberbut
|j|☆palle synchro
|html|flubberbutpalle synchro    
|uhtml|bestof|Game 1 of a best-of-3
|t:|1756994993
|gametype|doubles
|player|p1|flubberbut|benga|1256
|player|p2|palle synchro|volkner|1393
|gen|9
|tier|[Gen 9] VGC 2025 Reg H (Bo3)
|rated|
|rule|Species Clause: Limit one of each Pokémon
|rule|Item Clause: Limit 1 of each item
|clearpoke
|poke|p1|Gholdengo, L50|
|poke|p1|Dragonite, L50, M|
|poke|p1|Talonflame, L50, F|
|poke|p1|Ursaluna-Bloodmoon, L50, M|
|poke|p1|Dondozo, L50, F|
|poke|p1|Tatsugiri, L50, F|
|poke|p2|Whimsicott, L50, M|
|poke|p2|Arcanine-Hisui, L50, F|
|poke|p2|Indeedee, L50, M|
|poke|p2|Sneasler, L50, M|
|poke|p2|Ursaluna-Bloodmoon, L50, M|
|poke|p2|Archaludon, L50, F|
|teampreview|4
|showteam|p1|Gholdengo||ChoiceSpecs|GoodasGold|MakeItRain,PowerGem,ShadowBall,DazzlingGleam||||||50|,,,,,Fairy]Dragonite||ChoiceBand|InnerFocus|ExtremeSpeed,Outrage,LowKick,Earthquake|||M|||50|,,,,,Normal]Talonflame||ClearAmulet|GaleWings|Tailwind,FlareBlitz,BraveBird,WillOWisp|||F|||50|,,,,,Ghost]Ursaluna-Bloodmoon||LifeOrb|MindsEye|HyperVoice,EarthPower,BloodMoon,Protect|||M|||50|,,,,,Normal]Dondozo||SafetyGoggles|Unaware|Protect,WaveCrash,OrderUp,Earthquake|||F|||50|,,,,,Ghost]Tatsugiri||FocusSash|Commander|DracoMeteor,MuddyWater,Protect,MirrorCoat|||F|||50|,,,,,Fairy
|showteam|p2|Whimsicott||CovertCloak|Prankster|Moonblast,Taunt,Tailwind,FakeTears|||M|||50|,,,,,Water]Arcanine-Hisui||ClearAmulet|Intimidate|RockBlast,FlareBlitz,TeraBlast,Protect|||F|||50|,,,,,Grass]Indeedee||FocusSash|PsychicSurge|ExpandingForce,TeraBlast,Imprison,TrickRoom|||M|||50|,,,,,Psychic]Sneasler||PsychicSeed|Unburden|CloseCombat,DireClaw,ThroatChop,Protect|||M|||50|,,,,,Dark]Ursaluna-Bloodmoon||LifeOrb|MindsEye|HyperVoice,BloodMoon,EarthPower,Protect|||M|||50|,,,,,Normal]Archaludon||PowerHerb|Stalwart|ElectroShot,DragonPulse,Thunderbolt,Protect|||F|||50|,,,,,Electric
|j| Syvird
|inactive|Battle timer is ON: inactive players will automatically lose when time's up. (requested by palle synchro)
|l| Syvird
|inactive|flubberbut has 60 seconds left.
|
|t:|1756995046
|teamsize|p1|4
|teamsize|p2|4
|start
|switch|p1a: Talonflame|Talonflame, L50, F, shiny|100/100
|switch|p1b: Dondozo|Dondozo, L50, F|100/100
|switch|p2a: Indeedee|Indeedee, L50, M|100/100
|switch|p2b: Sneasler|Sneasler, L50, M|100/100
|-fieldstart|move: Psychic Terrain|[from] ability: Psychic Surge|[of] p2a: Indeedee
|-enditem|p2b: Sneasler|Psychic Seed
|-boost|p2b: Sneasler|spd|1|[from] item: Psychic Seed
|turn|1
|
|t:|1756995062
|switch|p1a: Tatsugiri|Tatsugiri, L50, F, shiny|100/100
|-activate|p1a: Tatsugiri|ability: Commander|[of] p1b: Dondozo
|-boost|p1b: Dondozo|atk|2
|-boost|p1b: Dondozo|spa|2
|-boost|p1b: Dondozo|spe|2
|-boost|p1b: Dondozo|def|2
|-boost|p1b: Dondozo|spd|2
|-terastallize|p2a: Indeedee|Psychic
|move|p2b: Sneasler|Dire Claw|p1b: Dondozo
|-damage|p1b: Dondozo|86/100
|-status|p1b: Dondozo|par
|move|p2a: Indeedee|Expanding Force|p1b: Dondozo|[spread] p1b
|-miss|p2a: Indeedee|p1a: Tatsugiri
|-damage|p1b: Dondozo|49/100 par
|move|p1b: Dondozo|Earthquake|p2b: Sneasler|[spread] p2a,p2b
|-miss|p1b: Dondozo|p1a: Tatsugiri
|-supereffective|p2b: Sneasler
|-enditem|p2a: Indeedee|Focus Sash
|-damage|p2a: Indeedee|1/100
|-damage|p2b: Sneasler|0 fnt
|faint|p2b: Sneasler
|
|upkeep
|
|t:|1756995067
|switch|p2b: Whimsicott|Whimsicott, L50, M|100/100
|turn|2
|
|t:|1756995075
|move|p2b: Whimsicott|Moonblast|p1b: Dondozo
|-damage|p1b: Dondozo|35/100 par
|-unboost|p1b: Dondozo|spa|1
|move|p2a: Indeedee|Expanding Force|p1a: Tatsugiri|[spread] p1b
|-miss|p2a: Indeedee|p1a: Tatsugiri
|-damage|p1b: Dondozo|0 fnt
|faint|p1b: Dondozo
|
|upkeep
|
|t:|1756995085
|switch|p1b: Gholdengo|Gholdengo, L50|100/100
|turn|3
|
|t:|1756995098
|move|p2b: Whimsicott|Tailwind|p2b: Whimsicott
|-sidestart|p2: palle synchro|move: Tailwind
|move|p2a: Indeedee|Expanding Force|p1b: Gholdengo|[spread] p1a,p1b
|-resisted|p1b: Gholdengo
|-damage|p1a: Tatsugiri|8/100
|-damage|p1b: Gholdengo|57/100
|move|p1b: Gholdengo|Make It Rain|p2b: Whimsicott|[spread] p2a,p2b
|-supereffective|p2b: Whimsicott
|-damage|p2a: Indeedee|0 fnt
|-damage|p2b: Whimsicott|0 fnt
|-unboost|p1b: Gholdengo|spa|1
|faint|p2a: Indeedee
|faint|p2b: Whimsicott
|move|p1a: Tatsugiri|Draco Meteor|p2: Indeedee|[notarget]
|-fail|p1a: Tatsugiri
|
|upkeep
|
|t:|1756995103
|switch|p2b: Ursaluna|Ursaluna-Bloodmoon, L50, M|100/100
|turn|4
|
|t:|1756995119
|move|p1a: Tatsugiri|Protect|p1a: Tatsugiri
|-singleturn|p1a: Tatsugiri|Protect
|move|p2b: Ursaluna|Earth Power|p1b: Gholdengo
|-supereffective|p1b: Gholdengo
|-damage|p1b: Gholdengo|0 fnt
|faint|p1b: Gholdengo
|-damage|p2b: Ursaluna|91/100|[from] item: Life Orb
|
|upkeep
|
|t:|1756995122
|switch|p1b: Talonflame|Talonflame, L50, F, shiny|100/100
|turn|5
|
|t:|1756995129
|move|p1b: Talonflame|Tailwind|p1b: Talonflame
|-sidestart|p1: flubberbut|move: Tailwind
|move|p1a: Tatsugiri|Muddy Water|p2b: Ursaluna
|-supereffective|p2b: Ursaluna
|-damage|p2b: Ursaluna|0 fnt
|faint|p2b: Ursaluna
|
|win|flubberbut
