|j|☆D3rb
|j|☆NoitUK_VGC
|html|D3rbNoitUK_VGC    
|uhtml|bestof|Game 2 of a best-of-3
|t:|1783849461
|gametype|doubles
|player|p1|D3rb|clair|1000
|player|p2|NoitUK_VGC|102|1083
|gen|9
|tier|[Gen 9 Champions] VGC 2026 Reg M-B (Bo3)
|rated|
|rule|Species Clause: Limit one of each Pokémon
|rule|Item Clause: Limit 1 of each item
|clearpoke
|poke|p1|Mawile, L50, F|
|poke|p1|Charizard, L50, M|
|poke|p1|Arcanine-Hisui, L50, F|
|poke|p1|Sinistcha, L50|
|poke|p1|Rotom-Wash, L50|
|poke|p1|Kingambit, L50, F|
|poke|p2|Archaludon, L50, F|
|poke|p2|Swampert, L50, M|
|poke|p2|Pelipper, L50, M|
|poke|p2|Raichu, L50, F|
|poke|p2|Sableye, L50, M|
|poke|p2|Kingambit, L50, F|
|teampreview|4
|showteam|p1|Mawile||Mawilite|Intimidate|PlayRough,IronHead,RockSlide,Protect|Brave||F|||50|]Charizard||CharizarditeY|SolarPower|HeatWave,SolarBeam,WeatherBall,Protect|Timid||M|||50|]Arcanine-Hisui||FocusSash|RockHead|HeadSmash,FlareBlitz,ExtremeSpeed,Protect|Adamant||F|||50|]Sinistcha||KasibBerry|Hospitality|MatchaGotcha,RagePowder,TrickRoom,Protect|Modest|||||50|]Rotom-Wash||RindoBerry|Levitate|HydroPump,VoltSwitch,WillOWisp,Protect|Quiet|||||50|]Kingambit||ChopleBerry|Defiant|KowtowCleave,SuckerPunch,IronHead,Protect|Calm||F|||50|
|showteam|p2|Archaludon||Leftovers|Stamina|Protect,ElectroShot,FlashCannon,DragonPulse|Modest||F|||50|]Swampert||Swampertite|Torrent|Protect,WaveCrash,Earthquake,IcePunch|Adamant||M|||50|]Pelipper||SitrusBerry|Drizzle|WideGuard,WeatherBall,Hurricane,Tailwind|Bold||M|||50|]Raichu||RaichuniteX|LightningRod|FakeOut,VoltTackle,VoltSwitch,PlayRough|Hasty||F|||50|]Sableye||RoseliBerry|Prankster|Encore,Disable,WillOWisp,RainDance|Relaxed||M|||50|]Kingambit||ChopleBerry|Defiant|KowtowCleave,SuckerPunch,IronHead,LowKick|Adamant||F|||50|
|inactive|Battle timer is ON: inactive players will automatically lose when time's up. (requested by NoitUK_VGC)
|
|t:|1783849504
|teamsize|p1|4
|teamsize|p2|4
|start
|switch|p1a: Rotom|Rotom-Wash, L50|100/100
|switch|p1b: Arcanine|Arcanine-Hisui, L50, F|100/100
|switch|p2a: Raichu|Raichu, L50, F|100/100
|switch|p2b: Archaludon|Archaludon, L50, F|100/100
|turn|1
|
|t:|1783849527
|detailschange|p2a: Raichu|Raichu-Mega-X, L50, F
|-mega|p2a: Raichu|Raichu|Raichunite X
|-fieldstart|move: Electric Terrain|[from] ability: Electric Surge|[of] p2a: Raichu
|move|p2a: Raichu|Fake Out|p1b: Arcanine
|-resisted|p1b: Arcanine|1
|-damage|p1b: Arcanine|92/100
|cant|p1b: Arcanine|flinch
|move|p2b: Archaludon|Dragon Pulse|p1b: Arcanine
|-damage|p1b: Arcanine|43/100
|move|p1a: Rotom|Will-O-Wisp|p2b: Archaludon
|-status|p2b: Archaludon|brn
|
|-damage|p2b: Archaludon|93/100 brn|[from] brn
|upkeep
|turn|2
|inactive|D3rb has 30 seconds left.
|
|t:|1783849560
|move|p1b: Arcanine|Protect|p1b: Arcanine
|-singleturn|p1b: Arcanine|Protect
|move|p2a: Raichu|Volt Tackle|p1b: Arcanine
|-activate|p1b: Arcanine|move: Protect
|move|p2b: Archaludon|Electro Shot||[still]
|-prepare|p2b: Archaludon|Electro Shot
|-boost|p2b: Archaludon|spa|1
|move|p1a: Rotom|Volt Switch|p2a: Raichu
|-resisted|p2a: Raichu|1
|-damage|p2a: Raichu|78/100
|
|t:|1783849573
|switch|p1a: Sinistcha|Sinistcha, L50|100/100|[from] Volt Switch
|-heal|p1b: Arcanine|68/100|[from] ability: Hospitality|[of] p1a: Sinistcha
|
|-heal|p2b: Archaludon|100/100 brn|[from] item: Leftovers
|-damage|p2b: Archaludon|93/100 brn|[from] brn
|upkeep
|turn|3
|
|t:|1783849588
|move|p1a: Sinistcha|Rage Powder|p1a: Sinistcha
|-singleturn|p1a: Sinistcha|move: Rage Powder
|move|p2a: Raichu|Volt Switch|p1a: Sinistcha
|-resisted|p1a: Sinistcha|1
|-damage|p1a: Sinistcha|79/100
|
|t:|1783849594
|switch|p2a: Sableye|Sableye, L50, M|100/100|[from] Volt Switch
|move|p1b: Arcanine|Head Smash|p2a: Sableye
|-damage|p2a: Sableye|12/100
|move|p2b: Archaludon|Electro Shot|p1a: Sinistcha|[from] lockedmove
|-resisted|p1a: Sinistcha|1
|-damage|p1a: Sinistcha|31/100
|
|-heal|p2b: Archaludon|100/100 brn|[from] item: Leftovers
|-damage|p2b: Archaludon|93/100 brn|[from] brn
|upkeep
|turn|4
|inactive|D3rb has 30 seconds left.
|inactive|D3rb has 20 seconds left.
|
|t:|1783849631
|move|p1a: Sinistcha|Rage Powder|p1a: Sinistcha
|-singleturn|p1a: Sinistcha|move: Rage Powder
|move|p2a: Sableye|Rain Dance|p2a: Sableye
|-weather|RainDance
|move|p1b: Arcanine|Flare Blitz|p2a: Sableye
|-damage|p2a: Sableye|0 fnt
|faint|p2a: Sableye
|move|p2b: Archaludon|Electro Shot||[still]
|-prepare|p2b: Archaludon|Electro Shot
|-boost|p2b: Archaludon|spa|1
|-anim|p2b: Archaludon|Electro Shot|p1a: Sinistcha
|-resisted|p1a: Sinistcha|1
|-damage|p1a: Sinistcha|0 fnt
|faint|p1a: Sinistcha
|
|-weather|RainDance|[upkeep]
|-heal|p2b: Archaludon|100/100 brn|[from] item: Leftovers
|-damage|p2b: Archaludon|93/100 brn|[from] brn
|upkeep
|
|t:|1783849647
|switch|p1a: Charizard|Charizard, L50, M|100/100
|switch|p2a: Raichu|Raichu-Mega-X, L50, F|78/100
|turn|5
|
|t:|1783849662
|detailschange|p1a: Charizard|Charizard-Mega-Y, L50, M
|-mega|p1a: Charizard|Charizard|Charizardite Y
|-weather|SunnyDay|[from] ability: Drought|[of] p1a: Charizard
|move|p1a: Charizard|Protect|p1a: Charizard
|-singleturn|p1a: Charizard|Protect
|move|p2a: Raichu|Volt Switch|p2b: Archaludon
|-resisted|p2b: Archaludon|1
|-damage|p2b: Archaludon|76/100 brn
|-ability|p2b: Archaludon|Stamina|boost
|-boost|p2b: Archaludon|def|1
|
|t:|1783849671
|switch|p2a: Swampert|Swampert, L50, M|100/100|[from] Volt Switch
|move|p1b: Arcanine|Head Smash|p2a: Swampert
|-resisted|p2a: Swampert|1
|-damage|p2a: Swampert|53/100
|move|p2b: Archaludon|Electro Shot||[still]
|-prepare|p2b: Archaludon|Electro Shot
|-boost|p2b: Archaludon|spa|1
|
|-weather|SunnyDay|[upkeep]
|-heal|p2b: Archaludon|82/100 brn|[from] item: Leftovers
|-damage|p2b: Archaludon|76/100 brn|[from] brn
|-fieldend|move: Electric Terrain
|upkeep
|turn|6
|inactive|D3rb has 30 seconds left.
|inactive|D3rb has 20 seconds left.
|inactive|D3rb has 15 seconds left.
|inactive|D3rb has 10 seconds left.
|inactive|D3rb has 5 seconds left.
|
|t:|1783849721
|switch|p1a: Rotom|Rotom-Wash, L50|100/100
|move|p1b: Arcanine|Protect|p1b: Arcanine
|-singleturn|p1b: Arcanine|Protect
|move|p2a: Swampert|Protect|p2a: Swampert
|-singleturn|p2a: Swampert|Protect
|move|p2b: Archaludon|Electro Shot|p1a: Rotom|[from] lockedmove
|-damage|p1a: Rotom|0 fnt
|faint|p1a: Rotom
|
|-weather|SunnyDay|[upkeep]
|-heal|p2b: Archaludon|82/100 brn|[from] item: Leftovers
|-damage|p2b: Archaludon|76/100 brn|[from] brn
|upkeep
|
|t:|1783849735
|switch|p1a: Charizard|Charizard-Mega-Y, L50, M|100/100
|turn|7
|
|t:|1783849751
|move|p1a: Charizard|Heat Wave|p2b: Archaludon|[spread] p2a,p2b
|-resisted|p2a: Swampert|1
|-damage|p2a: Swampert|14/100
|-damage|p2b: Archaludon|8/100 brn
|-ability|p2b: Archaludon|Stamina|boost
|-boost|p2b: Archaludon|def|1
|move|p1b: Arcanine|Head Smash|p2a: Swampert
|-resisted|p2a: Swampert|1
|-damage|p2a: Swampert|0 fnt
|faint|p2a: Swampert
|move|p2b: Archaludon|Dragon Pulse|p1a: Charizard
|-damage|p1a: Charizard|0 fnt
|faint|p1a: Charizard
|
|-weather|SunnyDay|[upkeep]
|-heal|p2b: Archaludon|14/100 brn|[from] item: Leftovers
|-damage|p2b: Archaludon|8/100 brn|[from] brn
|upkeep
|
|t:|1783849765
|switch|p2a: Raichu|Raichu-Mega-X, L50, F|78/100
|-fieldstart|move: Electric Terrain|[from] ability: Electric Surge|[of] p2a: Raichu
|turn|8
|
|t:|1783849773
|move|p2a: Raichu|Fake Out|p1b: Arcanine
|-resisted|p1b: Arcanine|1
|-damage|p1b: Arcanine|60/100
|cant|p1b: Arcanine|flinch
|move|p2b: Archaludon|Dragon Pulse|p1b: Arcanine
|-damage|p1b: Arcanine|0 fnt
|faint|p1b: Arcanine
|
|win|NoitUK_VGC
||D3rb is ready for game 3.
||NoitUK_VGC is ready for game 3.
|uhtml|next|Next: Game 3 of 3
|l|☆D3rb
|player|p1|
