|j|☆Traindelpivgc
|j|☆FlashoGoing
|html|TraindelpivgcFlashoGoing    
|uhtml|bestof|Game 3 of a best-of-3
|t:|1756472672
|gametype|doubles
|player|p1|Traindelpivgc|hilbert-wonderlauncher|1199
|player|p2|FlashoGoing|pokemaniac|1112
|gen|9
|tier|[Gen 9] VGC 2025 Reg H (Bo3)
|rated|
|rule|Species Clause: Limit one of each Pokémon
|rule|Item Clause: Limit 1 of each item
|clearpoke
|poke|p1|Incineroar, L50, F|
|poke|p1|Amoonguss, L50, F|
|poke|p1|Ursaluna-Bloodmoon, L50, M|
|poke|p1|Sneasler, L50, F|
|poke|p1|Gholdengo, L50|
|poke|p1|Dragonite, L50, M|
|poke|p2|Whimsicott, L50, F|
|poke|p2|Amoonguss, L50, M|
|poke|p2|Baxcalibur, L50, M|
|poke|p2|Gholdengo, L50|
|poke|p2|Volcarona, L50, F|
|poke|p2|Incineroar, L50, M|
|teampreview|4
|showteam|p1|Incineroar||SafetyGoggles|Intimidate|FlareBlitz,KnockOff,PartingShot,FakeOut|||F|||50|,,,,,Ghost]Amoonguss||SitrusBerry|Regenerator|Spore,RagePowder,PollenPuff,Protect|||F|||50|,,,,,Psychic]Ursaluna-Bloodmoon||AssaultVest|MindsEye|HyperVoice,BloodMoon,EarthPower,VacuumWave|||M|||50|,,,,,Water]Sneasler||FocusSash|Unburden|CloseCombat,DireClaw,ThroatChop,Protect|||F|||50|,,,,,Stellar]Gholdengo||LifeOrb|GoodasGold|MakeItRain,ShadowBall,NastyPlot,Protect||||||50|,,,,,Water]Dragonite||LoadedDice|Multiscale|ScaleShot,Tailwind,Haze,Protect|||M|||50|,,,,,Fairy
|showteam|p2|Whimsicott||CovertCloak|Prankster|Moonblast,Tailwind,Encore,Taunt|||F|||50|,,,,,Steel]Amoonguss||SitrusBerry|EffectSpore|Spore,RagePowder,ClearSmog,PollenPuff|||M|||50|,,,,,Water]Baxcalibur||LoadedDice|ThermalExchange|IcicleSpear,ScaleShot,IceShard,Protect|||M|||50|,,,,,Steel]Gholdengo||LifeOrb|GoodasGold|MakeItRain,ShadowBall,NastyPlot,Protect||||||50|,,,,,Water]Volcarona||Leftovers|FlameBody|FieryDance,GigaDrain,QuiverDance,Protect|||F|||50|,,,,,Water]Incineroar||SafetyGoggles|Intimidate|FakeOut,FlareBlitz,KnockOff,PartingShot|||M|||50|,,,,,Ghost
|j| IAnKp
|l| IAnKp
|
|t:|1756472746
|teamsize|p1|4
|teamsize|p2|4
|start
|switch|p1a: Dragonite|Dragonite, L50, M|100/100
|switch|p1b: Incineroar|Incineroar, L50, F|100/100
|switch|p2a: Whimsicott|Whimsicott, L50, F|100/100
|switch|p2b: Volcarona|Volcarona, L50, F|100/100
|-ability|p1b: Incineroar|Intimidate|boost
|-unboost|p2a: Whimsicott|atk|1
|-unboost|p2b: Volcarona|atk|1
|turn|1
|inactive|Battle timer is ON: inactive players will automatically lose when time's up. (requested by Traindelpivgc)
|
|t:|1756472767
|switch|p1a: Ursaluna|Ursaluna-Bloodmoon, L50, M|100/100
|move|p2a: Whimsicott|Taunt|p1a: Ursaluna
|-start|p1a: Ursaluna|move: Taunt
|move|p2b: Volcarona|Quiver Dance|p2b: Volcarona
|-boost|p2b: Volcarona|spa|1
|-boost|p2b: Volcarona|spd|1
|-boost|p2b: Volcarona|spe|1
|move|p1b: Incineroar|Flare Blitz|p2a: Whimsicott
|-supereffective|p2a: Whimsicott
|-damage|p2a: Whimsicott|0 fnt
|faint|p2a: Whimsicott
|-damage|p1b: Incineroar|75/100|[from] Recoil
|
|upkeep
|
|t:|1756472784
|switch|p2a: Baxcalibur|Baxcalibur, L50, M|100/100
|turn|2
|inactive|FlashoGoing has 30 seconds left.
|
|t:|1756472811
|move|p2b: Volcarona|Quiver Dance|p2b: Volcarona
|-boost|p2b: Volcarona|spa|1
|-boost|p2b: Volcarona|spd|1
|-boost|p2b: Volcarona|spe|1
|move|p2a: Baxcalibur|Scale Shot|p1b: Incineroar
|-crit|p1b: Incineroar
|-damage|p1b: Incineroar|54/100
|-damage|p1b: Incineroar|40/100
|-damage|p1b: Incineroar|26/100
|-damage|p1b: Incineroar|11/100
|-damage|p1b: Incineroar|0 fnt
|faint|p1b: Incineroar
|-hitcount|p1: Incineroar|5
|-unboost|p2a: Baxcalibur|def|1
|-boost|p2a: Baxcalibur|spe|1
|move|p1a: Ursaluna|Blood Moon|p2b: Volcarona
|-damage|p2b: Volcarona|67/100
|
|-heal|p2b: Volcarona|73/100|[from] item: Leftovers
|upkeep
|
|t:|1756472830
|switch|p1b: Dragonite|Dragonite, L50, M|100/100
|turn|3
|
|t:|1756472852
|-terastallize|p2a: Baxcalibur|Steel
|-terastallize|p1b: Dragonite|Fairy
|move|p1a: Ursaluna|Vacuum Wave|p2a: Baxcalibur
|-supereffective|p2a: Baxcalibur
|-damage|p2a: Baxcalibur|74/100
|move|p2b: Volcarona|Giga Drain|p1a: Ursaluna
|-supereffective|p1a: Ursaluna
|-damage|p1a: Ursaluna|33/100
|-heal|p2b: Volcarona|100/100|[from] drain|[of] p1a: Ursaluna
|move|p2a: Baxcalibur|Icicle Spear|p1b: Dragonite
|-damage|p1b: Dragonite|92/100
|-damage|p1b: Dragonite|75/100
|-damage|p1b: Dragonite|58/100
|-crit|p1b: Dragonite
|-damage|p1b: Dragonite|28/100
|-hitcount|p1b: Dragonite|4
|move|p1b: Dragonite|Tailwind|p1b: Dragonite
|-sidestart|p1: Traindelpivgc|move: Tailwind
|
|-end|p1a: Ursaluna|move: Taunt
|upkeep
|turn|4
|inactive|Traindelpivgc has 30 seconds left.
|inactive|FlashoGoing has 30 seconds left.
|inactive|Traindelpivgc has 20 seconds left.
|inactive|FlashoGoing has 20 seconds left.
|inactive|Traindelpivgc has 15 seconds left.
|inactive|FlashoGoing has 15 seconds left.
|inactive|Traindelpivgc has 10 seconds left.
|inactive|FlashoGoing has 10 seconds left.
|inactive|Traindelpivgc has 5 seconds left.
|inactive|FlashoGoing has 5 seconds left.
|
|t:|1756472904
|move|p1b: Dragonite|Protect|p1b: Dragonite
|-singleturn|p1b: Dragonite|Protect
|move|p2b: Volcarona|Giga Drain|p1a: Ursaluna
|-supereffective|p1a: Ursaluna
|-damage|p1a: Ursaluna|0 fnt
|faint|p1a: Ursaluna
|move|p2a: Baxcalibur|Icicle Spear|p1b: Dragonite
|-activate|p1b: Dragonite|move: Protect
|
|upkeep
|
|t:|1756472912
|switch|p1a: Sneasler|Sneasler, L50, F|100/100
|turn|5
|inactive|Traindelpivgc has 30 seconds left.
|
|t:|1756472937
|move|p2a: Baxcalibur|Protect|p2a: Baxcalibur
|-singleturn|p2a: Baxcalibur|Protect
|move|p1a: Sneasler|Dire Claw|p2b: Volcarona
|-damage|p2b: Volcarona|54/100
|move|p1b: Dragonite|Haze|p1b: Dragonite
|-clearallboost
|move|p2b: Volcarona|Fiery Dance|p1b: Dragonite
|-damage|p1b: Dragonite|0 fnt
|faint|p1b: Dragonite
|
|-heal|p2b: Volcarona|60/100|[from] item: Leftovers
|upkeep
|turn|6
|
|t:|1756472963
|move|p1a: Sneasler|Dire Claw|p2b: Volcarona
|-damage|p2b: Volcarona|18/100
|move|p2b: Volcarona|Fiery Dance|p1a: Sneasler
|-damage|p1a: Sneasler|42/100
|move|p2a: Baxcalibur|Icicle Spear|p1a: Sneasler
|-damage|p1a: Sneasler|17/100
|-damage|p1a: Sneasler|0 fnt
|faint|p1a: Sneasler
|-hitcount|p1: Sneasler|2
|
|win|FlashoGoing
|raw|Traindelpivgc's rating: 1199 → 1168(-31 for losing)
|raw|FlashoGoing's rating: 1112 → 1143(+31 for winning)
|c|☆Traindelpivgc|gg
|c|☆FlashoGoing|Gg
|l|☆FlashoGoing
|player|p2|
