|j|☆ApostrofoRosaVGC
|j|☆maddokyoma
|html|ApostrofoRosaVGCmaddokyoma    
|uhtml|bestof|Game 3 of a best-of-3
|t:|1755705291
|gametype|doubles
|player|p1|ApostrofoRosaVGC|1|1328
|player|p2|maddokyoma|volo|1291
|gen|9
|tier|[Gen 9] VGC 2025 Reg H (Bo3)
|rated|
|rule|Species Clause: Limit one of each Pokémon
|rule|Item Clause: Limit 1 of each item
|clearpoke
|poke|p1|Gholdengo, L50|
|poke|p1|Archaludon, L50, M|
|poke|p1|Dragonite, L50, M|
|poke|p1|Pelipper, L50, M|
|poke|p1|Maushold-Four, L50|
|poke|p1|Grimmsnarl, L50, M|
|poke|p2|Dachsbun, L50, M|
|poke|p2|Torkoal, L50, F|
|poke|p2|Typhlosion-Hisui, L50, M|
|poke|p2|Kingambit, L50, F|
|poke|p2|Rillaboom, L50, M|
|poke|p2|Zoroark-Hisui, L50, M|
|teampreview|4
|showteam|p1|Gholdengo||LifeOrb|GoodasGold|MakeItRain,ShadowBall,NastyPlot,Protect||||||50|,,,,,Water]Archaludon||AssaultVest|Stamina|DragonPulse,ElectroShot,BodyPress,Snarl|||M|||50|,,,,,Bug]Dragonite||LoadedDice|Multiscale|ScaleShot,ExtremeSpeed,Tailwind,Protect|||M|||50|,,,,,Steel]Pelipper||FocusSash|Drizzle|WeatherBall,Hurricane,Tailwind,Protect|||M|||50|,,,,,Ground]Maushold-Four||SafetyGoggles|FriendGuard|SuperFang,BeatUp,FollowMe,Protect||||||50|,,,,,Ghost]Grimmsnarl||LightClay|Prankster|SpiritBreak,ThunderWave,Reflect,LightScreen|||M|||50|,,,,,Ghost
|showteam|p2|Dachsbun||Leftovers|WellBakedBody|BodyPress,Snarl,Rest,Yawn|||M|||50|,,,,,Steel]Torkoal||SitrusBerry|Drought|WeatherBall,Eruption,LavaPlume,Protect|||F|||50|,,,,,Fire]Typhlosion-Hisui||ChoiceScarf|Blaze|Eruption,ShadowBall,LavaPlume,Overheat|||M|||50|,,,,,Dark]Kingambit||BlackGlasses|Defiant|SuckerPunch,Assurance,Protect,SwordsDance|||F|||50|,,,,,Dark]Rillaboom||AssaultVest|GrassySurge|FakeOut,GrassyGlide,WoodHammer,Uturn|||M|||50|,,,,,Water]Zoroark-Hisui||ChoiceSpecs|Illusion|Snarl,BitterMalice,HyperVoice,HyperBeam|||M|||50|,,,,,Normal
|
|t:|1755705343
|teamsize|p1|4
|teamsize|p2|4
|start
|switch|p1a: Maushold|Maushold-Four, L50|100/100
|switch|p1b: Archaludon|Archaludon, L50, M|100/100
|switch|p2a: Typhlosion|Typhlosion-Hisui, L50, M|100/100
|switch|p2b: Kingambit|Kingambit, L50, F, shiny|100/100
|turn|1
|
|t:|1755705388
|switch|p1a: Pelipper|Pelipper, L50, M|100/100
|-weather|RainDance|[from] ability: Drizzle|[of] p1a: Pelipper
|move|p2a: Typhlosion|Eruption|p1a: Pelipper|[spread] p1a,p1b
|-resisted|p1a: Pelipper
|-damage|p1a: Pelipper|73/100
|-damage|p1b: Archaludon|78/100
|-ability|p1b: Archaludon|Stamina|boost
|-boost|p1b: Archaludon|def|1
|move|p2b: Kingambit|Hyper Voice|p1a: Pelipper|[spread] p1a,p1b
|-resisted|p1b: Archaludon
|-damage|p1a: Pelipper|0 fnt
|-damage|p1b: Archaludon|61/100
|-ability|p1b: Archaludon|Stamina|boost
|-boost|p1b: Archaludon|def|1
|faint|p1a: Pelipper
|move|p1b: Archaludon|Body Press|p2b: Kingambit
|-immune|p2b: Kingambit
|
|-weather|RainDance|[upkeep]
|upkeep
|
|t:|1755705409
|switch|p1a: Gholdengo|Gholdengo, L50|100/100
|turn|2
|
|t:|1755705448
|switch|p2a: Kingambit|Kingambit, L50, F, shiny|100/100
|switch|p2b: Rillaboom|Rillaboom, L50, M, shiny|100/100
|-fieldstart|move: Grassy Terrain|[from] ability: Grassy Surge|[of] p2b: Rillaboom
|-terastallize|p1a: Gholdengo|Water
|move|p1a: Gholdengo|Shadow Ball|p2a: Kingambit
|-resisted|p2a: Kingambit
|-damage|p2a: Kingambit|76/100
|-damage|p1a: Gholdengo|91/100|[from] item: Life Orb
|move|p1b: Archaludon|Body Press|p2b: Rillaboom
|-damage|p2b: Rillaboom|50/100
|
|-weather|RainDance|[upkeep]
|-heal|p1a: Gholdengo|97/100|[from] Grassy Terrain
|-heal|p1b: Archaludon|67/100|[from] Grassy Terrain
|-heal|p2b: Rillaboom|56/100|[from] Grassy Terrain
|-heal|p2a: Kingambit|82/100|[from] Grassy Terrain
|upkeep
|turn|3
|
|t:|1755705504
|switch|p2a: Typhlosion|Typhlosion-Hisui, L50, M|100/100
|move|p1a: Gholdengo|Protect|p1a: Gholdengo
|-singleturn|p1a: Gholdengo|Protect
|move|p1b: Archaludon|Body Press|p2a: Typhlosion
|-immune|p2a: Typhlosion
|move|p2b: Rillaboom|Wood Hammer|p1a: Gholdengo
|-activate|p1a: Gholdengo|move: Protect
|
|-weather|RainDance|[upkeep]
|-heal|p1a: Gholdengo|100/100|[from] Grassy Terrain
|-heal|p1b: Archaludon|74/100|[from] Grassy Terrain
|-heal|p2b: Rillaboom|62/100|[from] Grassy Terrain
|upkeep
|turn|4
|
|t:|1755705542
|switch|p1a: Maushold|Maushold-Four, L50|100/100
|move|p2a: Typhlosion|Snarl|p1a: Maushold|[spread] p1a,p1b
|-crit|p1a: Maushold
|-damage|p1a: Maushold|63/100
|-damage|p1b: Archaludon|62/100
|-unboost|p1a: Maushold|spa|1
|-unboost|p1b: Archaludon|spa|1
|-ability|p1b: Archaludon|Stamina|boost
|-boost|p1b: Archaludon|def|1
|move|p1b: Archaludon|Snarl|p2a: Typhlosion|[spread] p2a,p2b
|-supereffective|p2a: Typhlosion
|-damage|p2a: Typhlosion|65/100
|-damage|p2b: Rillaboom|55/100
|-unboost|p2a: Typhlosion|spa|1
|-unboost|p2b: Rillaboom|spa|1
|replace|p2a: Zoroark|Zoroark-Hisui, L50, M, shiny
|-end|p2a: Zoroark|Illusion
|move|p2b: Rillaboom|Wood Hammer|p1a: Maushold
|-damage|p1a: Maushold|0 fnt
|faint|p1a: Maushold
|-damage|p2b: Rillaboom|37/100|[from] Recoil
|
|-weather|RainDance|[upkeep]
|-heal|p2a: Zoroark|71/100|[from] Grassy Terrain
|-heal|p1b: Archaludon|68/100|[from] Grassy Terrain
|-heal|p2b: Rillaboom|43/100|[from] Grassy Terrain
|upkeep
|
|t:|1755705557
|switch|p1a: Gholdengo|Gholdengo, L50, tera:Water|100/100
|turn|5
|
|t:|1755705586
|switch|p2b: Kingambit|Kingambit, L50, F, shiny|82/100
|move|p1a: Gholdengo|Protect|p1a: Gholdengo
|-singleturn|p1a: Gholdengo|Protect
|move|p2a: Zoroark|Snarl|p1a: Gholdengo|[spread] p1b
|-activate|p1a: Gholdengo|move: Protect
|-damage|p1b: Archaludon|58/100
|-unboost|p1b: Archaludon|spa|1
|-ability|p1b: Archaludon|Stamina|boost
|-boost|p1b: Archaludon|def|1
|move|p1b: Archaludon|Body Press|p2b: Kingambit
|-supereffective|p2b: Kingambit
|-damage|p2b: Kingambit|0 fnt
|faint|p2b: Kingambit
|
|-weather|none
|-heal|p2a: Zoroark|77/100|[from] Grassy Terrain
|-heal|p1b: Archaludon|64/100|[from] Grassy Terrain
|upkeep
|
|t:|1755705600
|switch|p2b: Typhlosion|Typhlosion-Hisui, L50, M|100/100
|turn|6
|
|t:|1755705613
|move|p2b: Typhlosion|Eruption|p1a: Gholdengo|[spread] p1a,p1b
|-resisted|p1a: Gholdengo
|-damage|p1a: Gholdengo|67/100
|-damage|p1b: Archaludon|23/100
|-ability|p1b: Archaludon|Stamina|boost
|-boost|p1b: Archaludon|def|1
|move|p2a: Zoroark|Snarl|p1a: Gholdengo|[spread] p1a,p1b
|-damage|p1a: Gholdengo|52/100
|-damage|p1b: Archaludon|12/100
|-unboost|p1a: Gholdengo|spa|1
|-unboost|p1b: Archaludon|spa|1
|-ability|p1b: Archaludon|Stamina|boost
|-boost|p1b: Archaludon|def|1
|move|p1a: Gholdengo|Shadow Ball|p2b: Typhlosion
|-supereffective|p2b: Typhlosion
|-damage|p2b: Typhlosion|6/100
|-damage|p1a: Gholdengo|43/100|[from] item: Life Orb
|move|p1b: Archaludon|Snarl|p2a: Zoroark|[spread] p2b
|-miss|p1b: Archaludon|p2a: Zoroark
|-supereffective|p2b: Typhlosion
|-damage|p2b: Typhlosion|0 fnt
|faint|p2b: Typhlosion
|
|-heal|p2a: Zoroark|84/100|[from] Grassy Terrain
|-heal|p1a: Gholdengo|48/100|[from] Grassy Terrain
|-heal|p1b: Archaludon|19/100|[from] Grassy Terrain
|-fieldend|move: Grassy Terrain
|upkeep
|
|t:|1755705637
|switch|p2b: Rillaboom|Rillaboom, L50, M, shiny|43/100
|-fieldstart|move: Grassy Terrain|[from] ability: Grassy Surge|[of] p2b: Rillaboom
|turn|7
|
|t:|1755705655
|-terastallize|p2b: Rillaboom|Water
|move|p2b: Rillaboom|Fake Out|p1b: Archaludon
|-resisted|p1b: Archaludon
|-damage|p1b: Archaludon|17/100
|move|p2a: Zoroark|Snarl|p1a: Gholdengo|[spread] p1a,p1b
|-damage|p1a: Gholdengo|31/100
|-damage|p1b: Archaludon|6/100
|-unboost|p1a: Gholdengo|spa|1
|-unboost|p1b: Archaludon|spa|1
|move|p1a: Gholdengo|Make It Rain|p2b: Rillaboom|[spread] p2a,p2b
|-resisted|p2b: Rillaboom
|-damage|p2a: Zoroark|24/100
|-damage|p2b: Rillaboom|32/100
|-unboost|p1a: Gholdengo|spa|1
|-damage|p1a: Gholdengo|21/100|[from] item: Life Orb
|cant|p1b: Archaludon|flinch
|
|-heal|p2a: Zoroark|30/100|[from] Grassy Terrain
|-heal|p1a: Gholdengo|27/100|[from] Grassy Terrain
|-heal|p1b: Archaludon|12/100|[from] Grassy Terrain
|-heal|p2b: Rillaboom|38/100|[from] Grassy Terrain
|upkeep
|turn|8
|
|t:|1755705686
|move|p2b: Rillaboom|Grassy Glide|p1a: Gholdengo
|-supereffective|p1a: Gholdengo
|-crit|p1a: Gholdengo
|-damage|p1a: Gholdengo|0 fnt
|faint|p1a: Gholdengo
|move|p2a: Zoroark|Snarl|p1b: Archaludon
|-damage|p1b: Archaludon|0 fnt
|faint|p1b: Archaludon
|
|win|maddokyoma
|raw|ApostrofoRosaVGC's rating: 1328 → 1306(-22 for losing)
|raw|maddokyoma's rating: 1291 → 1319(+28 for winning)
|c|☆maddokyoma|Ggs
|c|☆ApostrofoRosaVGC|GG
