|j|☆salmoncashew
|j|☆aletito
|html|salmoncashewaletito    
|uhtml|bestof|Game 2 of a best-of-3
|t:|1783732492
|gametype|doubles
|player|p1|salmoncashew|caitlin|1197
|player|p2|aletito|170|1113
|gen|9
|tier|[Gen 9 Champions] VGC 2026 Reg M-B (Bo3)
|rated|
|rule|Species Clause: Limit one of each Pokémon
|rule|Item Clause: Limit 1 of each item
|clearpoke
|poke|p1|Whimsicott, L50, F|
|poke|p1|Sneasler, L50, F|
|poke|p1|Basculegion, L50, M|
|poke|p1|Incineroar, L50, M, shiny|
|poke|p1|Pyroar, L50, F, shiny|
|poke|p1|Garchomp, L50, M|
|poke|p2|Charizard, L50, F|
|poke|p2|Sylveon, L50, F|
|poke|p2|Incineroar, L50, F|
|poke|p2|Aerodactyl, L50, F|
|poke|p2|Metagross, L50|
|poke|p2|Garchomp, L50, M|
|teampreview|4
|showteam|p1|Whimsicott||FocusSash|Prankster|Protect,Tailwind,SunnyDay,Moonblast|Timid||F|||50|]Sneasler||WhiteHerb|Unburden|Protect,CloseCombat,ThroatChop,GunkShot|Adamant||F|||50|]Basculegion||ChoiceScarf|Adaptability|LastRespects,FlipTurn,WaveCrash,AquaJet|Jolly||M|||50|]Incineroar||SitrusBerry|Intimidate|FakeOut,PartingShot,ThroatChop,FlareBlitz|Adamant||M|||50|]Pyroar||Pyroarite|Unnerve|Protect,HeatWave,Overheat,SolarBeam|Timid||F|||50|]Garchomp||LifeOrb|RoughSkin|Earthquake,DragonClaw,StompingTantrum,Protect|Adamant||M|||50|
|showteam|p2|Charizard||CharizarditeY|Blaze|HeatWave,WeatherBall,SolarBeam,Protect|Timid||F|||50|]Sylveon||FairyFeather|Pixilate|HyperBeam,QuickAttack,Detect,HyperVoice|Modest||F|||50|]Incineroar||SitrusBerry|Intimidate|FlareBlitz,DarkestLariat,FakeOut,PartingShot|Careful||F|||50|]Aerodactyl||FocusSash|Unnerve|Protect,Tailwind,DualWingbeat,RockSlide|Jolly||F|||50|]Metagross||Metagrossite|ClearBody|BulletPunch,BodyPress,PsychicFangs,Protect|Adamant|||||50|]Garchomp||LifeOrb|RoughSkin|Protect,RockSlide,Earthquake,DragonClaw|Jolly||M|||50|
|inactive|Battle timer is ON: inactive players will automatically lose when time's up. (requested by salmoncashew)
|
|t:|1783732521
|teamsize|p1|4
|teamsize|p2|4
|start
|switch|p1a: Basculegion|Basculegion, L50, M|100/100
|switch|p1b: Incineroar|Incineroar, L50, M, shiny|100/100
|switch|p2a: Incineroar|Incineroar, L50, F|100/100
|switch|p2b: Sylveon|Sylveon, L50, F|100/100
|-ability|p1b: Incineroar|Intimidate|boost
|-unboost|p2a: Incineroar|atk|1
|-unboost|p2b: Sylveon|atk|1
|-ability|p2a: Incineroar|Intimidate|boost
|-unboost|p1a: Basculegion|atk|1
|-unboost|p1b: Incineroar|atk|1
|turn|1
|inactive|salmoncashew has 30 seconds left.
|
|t:|1783732549
|move|p1b: Incineroar|Fake Out|p2b: Sylveon
|-damage|p2b: Sylveon|89/100
|move|p1a: Basculegion|Flip Turn|p2a: Incineroar
|-supereffective|p2a: Incineroar|1
|-damage|p2a: Incineroar|52/100
|
|t:|1783732555
|switch|p1a: Pyroar|Pyroar, L50, F, shiny|100/100|[from] Flip Turn
|-ability|p1a: Pyroar|Unnerve
|cant|p2b: Sylveon|flinch
|move|p2a: Incineroar|Parting Shot|p1a: Pyroar
|-unboost|p1a: Pyroar|atk|1
|-unboost|p1a: Pyroar|spa|1
|
|t:|1783732573
|switch|p2a: Aerodactyl|Aerodactyl, L50, F|100/100|[from] Parting Shot
|-ability|p2a: Aerodactyl|Unnerve
|
|upkeep
|turn|2
|
|t:|1783732594
|switch|p1a: Basculegion|Basculegion, L50, M|100/100
|move|p2a: Aerodactyl|Tailwind|p2a: Aerodactyl
|-sidestart|p2: aletito|move: Tailwind
|move|p2b: Sylveon|Hyper Voice|p1b: Incineroar|[spread] p1a,p1b
|-damage|p1a: Basculegion|48/100
|-damage|p1b: Incineroar|55/100
|move|p1b: Incineroar|Throat Chop|p2a: Aerodactyl
|-damage|p2a: Aerodactyl|56/100
|-start|p2a: Aerodactyl|Throat Chop|[silent]
|
|upkeep
|turn|3
|
|t:|1783732608
|move|p1a: Basculegion|Aqua Jet|p2a: Aerodactyl
|-supereffective|p2a: Aerodactyl|1
|-damage|p2a: Aerodactyl|0 fnt
|faint|p2a: Aerodactyl
|move|p2b: Sylveon|Hyper Voice|p1b: Incineroar|[spread] p1a,p1b
|-damage|p1a: Basculegion|0 fnt
|-damage|p1b: Incineroar|9/100
|-enditem|p1b: Incineroar|Sitrus Berry|[eat]
|-heal|p1b: Incineroar|34/100|[from] item: Sitrus Berry
|faint|p1a: Basculegion
|move|p1b: Incineroar|Throat Chop|p2b: Sylveon
|-resisted|p2b: Sylveon|1
|-damage|p2b: Sylveon|72/100
|-start|p2b: Sylveon|Throat Chop|[silent]
|
|upkeep
|
|t:|1783732620
|switch|p2a: Charizard|Charizard, L50, F|100/100
|switch|p1a: Whimsicott|Whimsicott, L50, F|100/100
|turn|4
|inactive|aletito has 30 seconds left.
|
|t:|1783732647
|detailschange|p2a: Charizard|Charizard-Mega-Y, L50, F
|-mega|p2a: Charizard|Charizard|Charizardite Y
|-weather|SunnyDay|[from] ability: Drought|[of] p2a: Charizard
|move|p1a: Whimsicott|Tailwind|p1a: Whimsicott
|-sidestart|p1: salmoncashew|move: Tailwind
|move|p2a: Charizard|Heat Wave|p1b: Incineroar|[spread] p1a,p1b
|-supereffective|p1a: Whimsicott|1
|-resisted|p1b: Incineroar|1
|-enditem|p1a: Whimsicott|Focus Sash
|-damage|p1a: Whimsicott|1/100
|-damage|p1b: Incineroar|3/100
|move|p1b: Incineroar|Flare Blitz|p2b: Sylveon
|-damage|p2b: Sylveon|0 fnt
|faint|p2b: Sylveon
|-damage|p1b: Incineroar|0 fnt|[from] Recoil
|faint|p1b: Incineroar
|
|-weather|SunnyDay|[upkeep]
|upkeep
|
|t:|1783732658
|switch|p1b: Pyroar|Pyroar, L50, F, shiny|100/100
|switch|p2b: Incineroar|Incineroar, L50, F|52/100
|-ability|p1b: Pyroar|Unnerve
|-ability|p2b: Incineroar|Intimidate|boost
|-unboost|p1a: Whimsicott|atk|1
|-unboost|p1b: Pyroar|atk|1
|turn|5
|
|t:|1783732675
|detailschange|p1b: Pyroar|Pyroar-Mega, L50, F, shiny
|-mega|p1b: Pyroar|Pyroar|Pyroarite
|move|p1a: Whimsicott|Protect|p1a: Whimsicott
|-singleturn|p1a: Whimsicott|Protect
|move|p1b: Pyroar|Protect|p1b: Pyroar
|-singleturn|p1b: Pyroar|Protect
|move|p2b: Incineroar|Fake Out|p1b: Pyroar
|-activate|p1b: Pyroar|move: Protect
|move|p2a: Charizard|Heat Wave|p1a: Whimsicott|[spread] 
|-activate|p1a: Whimsicott|move: Protect
|-activate|p1b: Pyroar|move: Protect
|
|-weather|SunnyDay|[upkeep]
|-sideend|p2: aletito|move: Tailwind
|upkeep
|turn|6
|
|t:|1783732694
|move|p1b: Pyroar|Heat Wave|p2b: Incineroar|[spread] p2a,p2b
|-resisted|p2a: Charizard|1
|-resisted|p2b: Incineroar|1
|-damage|p2a: Charizard|60/100
|-damage|p2b: Incineroar|19/100
|-enditem|p2b: Incineroar|Sitrus Berry|[eat]
|-heal|p2b: Incineroar|44/100|[from] item: Sitrus Berry
|move|p1a: Whimsicott|Moonblast|p2b: Incineroar
|-damage|p2b: Incineroar|21/100
|move|p2a: Charizard|Heat Wave|p1a: Whimsicott|[spread] p1a
|-miss|p2a: Charizard|p1b: Pyroar
|-supereffective|p1a: Whimsicott|1
|-damage|p1a: Whimsicott|0 fnt
|faint|p1a: Whimsicott
|move|p2b: Incineroar|Darkest Lariat|p1b: Pyroar
|-damage|p1b: Pyroar|61/100
|
|-weather|SunnyDay|[upkeep]
|upkeep
|turn|7
|
|t:|1783732710
|move|p1b: Pyroar|Heat Wave|p2a: Charizard|[spread] p2a,p2b
|-resisted|p2a: Charizard|1
|-resisted|p2b: Incineroar|1
|-damage|p2a: Charizard|22/100
|-damage|p2b: Incineroar|0 fnt
|faint|p2b: Incineroar
|move|p2a: Charizard|Weather Ball|p1b: Pyroar
|-resisted|p1b: Pyroar|1
|-damage|p1b: Pyroar|13/100
|
|-weather|SunnyDay|[upkeep]
|-sideend|p1: salmoncashew|move: Tailwind
|upkeep
|turn|8
|
|t:|1783732724
|move|p2a: Charizard|Protect|p2a: Charizard
|-singleturn|p2a: Charizard|Protect
|move|p1b: Pyroar|Overheat|p2a: Charizard
|-activate|p2a: Charizard|move: Protect
|
|-weather|none
|upkeep
|turn|9
|
|t:|1783732728
|move|p1b: Pyroar|Overheat|p2a: Charizard
|-resisted|p2a: Charizard|1
|-damage|p2a: Charizard|0 fnt
|-unboost|p1b: Pyroar|spa|2
|faint|p2a: Charizard
|
|win|salmoncashew
