|j|☆r4ka
|j|☆andrewcips
|html|r4kaandrewcips    
|uhtml|bestof|Game 3 of a best-of-3
|t:|1757247888
|gametype|doubles
|player|p1|r4ka|266|1299
|player|p2|andrewcips|alder|1064
|gen|9
|tier|[Gen 9] VGC 2025 Reg H (Bo3)
|rated|
|rule|Species Clause: Limit one of each Pokémon
|rule|Item Clause: Limit 1 of each item
|clearpoke
|poke|p1|Rillaboom, L50, M|
|poke|p1|Dragonite, L50, M|
|poke|p1|Sneasler, L50, M|
|poke|p1|Kingambit, L50, M|
|poke|p1|Electabuzz, L50, M|
|poke|p1|Volcarona, L50, F|
|poke|p2|Sneasler, L50, M|
|poke|p2|Dragapult, L50, M|
|poke|p2|Primarina, L50, F|
|poke|p2|Kingambit, L50, F|
|poke|p2|Magmar, L50, M|
|poke|p2|Rillaboom, L50, F|
|teampreview|4
|showteam|p1|Rillaboom||AssaultVest|GrassySurge|FakeOut,HighHorsepower,WoodHammer,GrassyGlide|||M|||50|,,,,,Fire]Dragonite||LoadedDice|Multiscale|ExtremeSpeed,ScaleShot,Protect,Haze|||M|||50|,,,,,Steel]Sneasler||FocusSash|PoisonTouch|DireClaw,CloseCombat,FakeOut,Coaching|||M|||50|,,,,,Stellar]Kingambit||BlackGlasses|Defiant|KowtowCleave,SuckerPunch,SwordsDance,Protect|||M|||50|,,,,,Ghost]Electabuzz||Eviolite|VitalSpirit|Thunderbolt,Taunt,Protect,FollowMe|||M|||50|,,,,,Ghost]Volcarona||Leftovers|FlameBody|HeatWave,TeraBlast,QuiverDance,Protect|||F|||50|,,,,,Fairy
|showteam|p2|Sneasler||FocusSash|PoisonTouch|CloseCombat,DireClaw,FakeOut,Protect|||M|||50|,,,,,Stellar]Dragapult||ChoiceBand|ClearBody|DragonDarts,TeraBlast,PhantomForce,Uturn|||M|||50|,,,,,Ghost]Primarina||SitrusBerry|LiquidVoice|HyperVoice,Moonblast,Haze,Protect|||F|||50|,,,,,Poison]Kingambit||BlackGlasses|Defiant|KowtowCleave,SuckerPunch,SwordsDance,Protect|||F|||50|,,,,,Ghost]Magmar||Eviolite|VitalSpirit|Overheat,WillOWisp,FollowMe,Protect|||M|||50|,,,,,Ghost]Rillaboom||AssaultVest|GrassySurge|WoodHammer,GrassyGlide,HighHorsepower,FakeOut|||F|||50|,,,,,Fire
|inactive|Battle timer is ON: inactive players will automatically lose when time's up. (requested by andrewcips)
|inactive|r4ka has 60 seconds left.
|inactive|r4ka has 30 seconds left.
|
|t:|1757247956
|teamsize|p1|4
|teamsize|p2|4
|start
|switch|p1a: Dragonite|Dragonite, L50, M, shiny|100/100
|switch|p1b: Sneasler|Sneasler, L50, M|100/100
|switch|p2a: Primarina|Primarina, L50, F|100/100
|switch|p2b: Rillaboom|Rillaboom, L50, F|100/100
|-fieldstart|move: Grassy Terrain|[from] ability: Grassy Surge|[of] p2b: Rillaboom
|turn|1
|inactive|andrewcips has 30 seconds left.
|inactive|andrewcips has 20 seconds left.
|
|t:|1757247991
|-terastallize|p1a: Dragonite|Steel
|-terastallize|p2b: Rillaboom|Fire
|move|p2a: Primarina|Protect|p2a: Primarina
|-singleturn|p2a: Primarina|Protect
|move|p1b: Sneasler|Fake Out|p2b: Rillaboom
|-damage|p2b: Rillaboom|87/100
|cant|p2b: Rillaboom|flinch
|move|p1a: Dragonite|Scale Shot|p2b: Rillaboom
|-damage|p2b: Rillaboom|74/100
|-damage|p2b: Rillaboom|61/100
|-damage|p2b: Rillaboom|47/100
|-damage|p2b: Rillaboom|32/100
|-hitcount|p2b: Rillaboom|4
|-unboost|p1a: Dragonite|def|1
|-boost|p1a: Dragonite|spe|1
|
|-heal|p2b: Rillaboom|37/100|[from] Grassy Terrain
|upkeep
|turn|2
|inactive|r4ka has 30 seconds left.
|inactive|andrewcips has 30 seconds left.
|
|t:|1757248025
|switch|p2a: Magmar|Magmar, L50, M|100/100
|move|p1a: Dragonite|Extreme Speed|p2a: Magmar
|-damage|p2a: Magmar|74/100
|move|p1b: Sneasler|Dire Claw|p2a: Magmar
|-damage|p2a: Magmar|41/100
|move|p2b: Rillaboom|High Horsepower|p1a: Dragonite
|-supereffective|p1a: Dragonite
|-damage|p1a: Dragonite|42/100
|
|-heal|p1a: Dragonite|48/100|[from] Grassy Terrain
|-heal|p2a: Magmar|46/100|[from] Grassy Terrain
|-heal|p2b: Rillaboom|43/100|[from] Grassy Terrain
|upkeep
|turn|3
|
|t:|1757248047
|move|p1a: Dragonite|Protect|p1a: Dragonite
|-singleturn|p1a: Dragonite|Protect
|move|p2a: Magmar|Protect|p2a: Magmar
|-singleturn|p2a: Magmar|Protect
|move|p2b: Rillaboom|Grassy Glide|p1b: Sneasler
|-resisted|p1b: Sneasler
|-damage|p1b: Sneasler|72/100
|move|p1b: Sneasler|Coaching|p1a: Dragonite
|-boost|p1a: Dragonite|atk|1
|-boost|p1a: Dragonite|def|1
|
|-heal|p1a: Dragonite|54/100|[from] Grassy Terrain
|-heal|p1b: Sneasler|78/100|[from] Grassy Terrain
|-heal|p2a: Magmar|52/100|[from] Grassy Terrain
|-heal|p2b: Rillaboom|49/100|[from] Grassy Terrain
|upkeep
|turn|4
|
|t:|1757248065
|move|p2a: Magmar|Follow Me|p2a: Magmar
|-singleturn|p2a: Magmar|move: Follow Me
|move|p1a: Dragonite|Scale Shot|p2a: Magmar
|-damage|p2a: Magmar|35/100
|-crit|p2a: Magmar
|-damage|p2a: Magmar|5/100
|-damage|p2a: Magmar|0 fnt
|faint|p2a: Magmar
|-hitcount|p2: Magmar|3
|-unboost|p1a: Dragonite|def|1
|-boost|p1a: Dragonite|spe|1
|move|p1b: Sneasler|Close Combat|p2b: Rillaboom
|-damage|p2b: Rillaboom|0 fnt
|-unboost|p1b: Sneasler|def|1
|-unboost|p1b: Sneasler|spd|1
|faint|p2b: Rillaboom
|
|-heal|p1a: Dragonite|60/100|[from] Grassy Terrain
|-heal|p1b: Sneasler|84/100|[from] Grassy Terrain
|upkeep
|
|t:|1757248071
|switch|p2a: Primarina|Primarina, L50, F|100/100
|switch|p2b: Dragapult|Dragapult, L50, M|100/100
|turn|5
|inactive|r4ka has 30 seconds left.
|
|t:|1757248099
|switch|p1b: Rillaboom|Rillaboom, L50, M|100/100
|move|p1a: Dragonite|Scale Shot|p2b: Dragapult
|-supereffective|p2b: Dragapult
|-damage|p2b: Dragapult|41/100
|-supereffective|p2b: Dragapult
|-damage|p2b: Dragapult|0 fnt
|faint|p2b: Dragapult
|-hitcount|p2: Dragapult|2
|-unboost|p1a: Dragonite|def|1
|-boost|p1a: Dragonite|spe|1
|move|p2a: Primarina|Hyper Voice|p1a: Dragonite|[spread] p1a,p1b
|-resisted|p1b: Rillaboom
|-damage|p1a: Dragonite|24/100
|-damage|p1b: Rillaboom|90/100
|
|-heal|p1a: Dragonite|30/100|[from] Grassy Terrain
|-heal|p1b: Rillaboom|96/100|[from] Grassy Terrain
|-fieldend|move: Grassy Terrain
|upkeep
|turn|6
|-message|andrewcips forfeited.
|
|win|r4ka
|raw|r4ka's rating: 1299 → 1309(+10 for winning)
|raw|andrewcips's rating: 1064 → 1056(-8 for losing)
|l|☆andrewcips
|player|p2|
