|j|☆ldifwheofih
|j|☆AbadanRiyi92
|html|ldifwheofihAbadanRiyi92    
|uhtml|bestof|Game 1 of a best-of-3
|t:|1785444068
|gametype|doubles
|player|p1|ldifwheofih|2|1040
|player|p2|AbadanRiyi92|colress|1198
|gen|9
|tier|[Gen 9 Champions] VGC 2026 Reg M-B (Bo3)
|rated|
|rule|Species Clause: Limit one of each Pokémon
|rule|Item Clause: Limit 1 of each item
|clearpoke
|poke|p1|Staraptor, L50, M, shiny|
|poke|p1|Gholdengo, L50, shiny|
|poke|p1|Maushold-Four, L50, shiny|
|poke|p1|Krookodile, L50, M, shiny|
|poke|p1|Whimsicott, L50, M|
|poke|p1|Rampardos, L50, F, shiny|
|poke|p2|Gengar, L50, M, shiny|
|poke|p2|Maushold-Four, L50|
|poke|p2|Annihilape, L50, M|
|poke|p2|Incineroar, L50, M|
|poke|p2|Politoed, L50, M, shiny|
|poke|p2|Archaludon, L50, M|
|teampreview|4
|showteam|p1|Staraptor||Staraptite|Intimidate|BraveBird,CloseCombat,Protect,Tailwind|Jolly||M|||50|]Gholdengo||MetalCoat|GoodasGold|MakeItRain,Protect,ShadowBall,NastyPlot|Timid|||||50|]Maushold-Four||FocusSash|FriendGuard|Protect,Taunt,FollowMe,PopulationBomb|Jolly|||||50|]Krookodile||Leftovers|Intimidate|KnockOff,HighHorsepower,RockSlide,Protect|Adamant||M|||50|]Whimsicott||MentalHerb|Prankster|Taunt,Protect,Moonblast,Tailwind|Bold||M|||50|]Rampardos||LifeOrb|SheerForce|RockSlide,Protect,StoneEdge,Crunch|Adamant||F|||50|
|showteam|p2|Gengar||Gengarite|CursedBody|ShadowBall,Disable,PerishSong,Protect|Timid||M|||50|]Maushold-Four||FocusSash|FriendGuard|FollowMe,Encore,BeatUp,Protect|Jolly|||||50|]Annihilape||RoseliBerry|Defiant|RageFist,CloseCombat,Encore,Protect|Jolly||M|||50|]Incineroar||PasshoBerry|Intimidate|PartingShot,ThroatChop,Protect,FakeOut|Sassy||M|||50|]Politoed||SitrusBerry|Drizzle|WeatherBall,Encore,PerishSong,Protect|Calm||M|||50|]Archaludon||Leftovers|Stamina|DragonPulse,FlashCannon,ElectroShot,Protect|Bold||M|||50|
|
|t:|1785444117
|teamsize|p1|4
|teamsize|p2|4
|start
|switch|p1a: Krookodile|Krookodile, L50, M, shiny|100/100
|switch|p1b: Whimsicott|Whimsicott, L50, M|100/100
|switch|p2a: Gengar|Gengar, L50, M, shiny|100/100
|switch|p2b: Incineroar|Incineroar, L50, M|100/100
|-ability|p1a: Krookodile|Intimidate|boost
|-unboost|p2a: Gengar|atk|1
|-unboost|p2b: Incineroar|atk|1
|-ability|p2b: Incineroar|Intimidate|boost
|-unboost|p1a: Krookodile|atk|1
|-unboost|p1b: Whimsicott|atk|1
|turn|1
|
|t:|1785444157
|detailschange|p2a: Gengar|Gengar-Mega, L50, M, shiny
|-mega|p2a: Gengar|Gengar|Gengarite
|move|p2a: Gengar|Protect|p2a: Gengar
|-singleturn|p2a: Gengar|Protect
|move|p1b: Whimsicott|Taunt|p2a: Gengar
|-activate|p2a: Gengar|move: Protect
|move|p1a: Krookodile|High Horsepower|p2b: Incineroar
|-supereffective|p2b: Incineroar|1
|-damage|p2b: Incineroar|48/100
|move|p2b: Incineroar|Parting Shot|p1a: Krookodile
|-unboost|p1a: Krookodile|atk|1
|-unboost|p1a: Krookodile|spa|1
|
|t:|1785444169
|switch|p2b: Maushold|Maushold-Four, L50|100/100|[from] Parting Shot
|
|upkeep
|turn|2
|
|t:|1785444196
|move|p2b: Maushold|Follow Me|p2b: Maushold
|-singleturn|p2b: Maushold|move: Follow Me
|move|p1b: Whimsicott|Taunt|p2b: Maushold
|-start|p2b: Maushold|move: Taunt
|move|p2a: Gengar|Perish Song|p2a: Gengar
|-start|p1a: Krookodile|perish3|[silent]
|-start|p1b: Whimsicott|perish3|[silent]
|-start|p2a: Gengar|perish3|[silent]
|-start|p2b: Maushold|perish3|[silent]
|-fieldactivate|move: Perish Song
|move|p1a: Krookodile|High Horsepower|p2b: Maushold
|-damage|p2b: Maushold|68/100
|
|-start|p2a: Gengar|perish3
|-start|p2b: Maushold|perish3
|-start|p1a: Krookodile|perish3
|-start|p1b: Whimsicott|perish3
|upkeep
|turn|3
|
|t:|1785444212
|switch|p2b: Incineroar|Incineroar, L50, M|48/100
|-ability|p2b: Incineroar|Intimidate|boost
|-unboost|p1a: Krookodile|atk|1
|-unboost|p1b: Whimsicott|atk|1
|move|p2a: Gengar|Protect|p2a: Gengar
|-singleturn|p2a: Gengar|Protect
|move|p1b: Whimsicott|Taunt|p2a: Gengar
|-activate|p2a: Gengar|move: Protect
|move|p1a: Krookodile|High Horsepower|p2a: Gengar
|-activate|p2a: Gengar|move: Protect
|
|-start|p2a: Gengar|perish2
|-start|p1a: Krookodile|perish2
|-start|p1b: Whimsicott|perish2
|upkeep
|turn|4
|
|t:|1785444230
|move|p2b: Incineroar|Fake Out|p1b: Whimsicott
|-damage|p1b: Whimsicott|91/100
|cant|p1b: Whimsicott|flinch
|move|p2a: Gengar|Disable|p1a: Krookodile
|-start|p1a: Krookodile|Disable|High Horsepower
|cant|p1a: Krookodile|Disable|High Horsepower
|
|-start|p2a: Gengar|perish1
|-start|p1a: Krookodile|perish1
|-start|p1b: Whimsicott|perish1
|upkeep
|turn|5
|
|t:|1785444273
|switch|p2a: Archaludon|Archaludon, L50, M|100/100
|move|p2b: Incineroar|Protect|p2b: Incineroar
|-singleturn|p2b: Incineroar|Protect
|move|p1b: Whimsicott|Tailwind|p1b: Whimsicott
|-sidestart|p1: ldifwheofih|move: Tailwind
|move|p1a: Krookodile|Rock Slide|p2a: Archaludon|[spread] p2a
|-activate|p2b: Incineroar|move: Protect
|-resisted|p2a: Archaludon|1
|-damage|p2a: Archaludon|97/100
|-ability|p2a: Archaludon|Stamina|boost
|-boost|p2a: Archaludon|def|1
|
|-heal|p2a: Archaludon|100/100|[from] item: Leftovers
|-start|p1a: Krookodile|perish0
|-start|p1b: Whimsicott|perish0
|faint|p1a: Krookodile
|faint|p1b: Whimsicott
|upkeep
|
|t:|1785444283
|switch|p1a: Staraptor|Staraptor, L50, M, shiny|100/100
|switch|p1b: Gholdengo|Gholdengo, L50, shiny|100/100
|-ability|p1a: Staraptor|Intimidate|boost
|-unboost|p2a: Archaludon|atk|1
|-unboost|p2b: Incineroar|atk|1
|turn|6
|
|t:|1785444315
|detailschange|p1a: Staraptor|Staraptor-Mega, L50, M, shiny
|-mega|p1a: Staraptor|Staraptor|Staraptite
|move|p1a: Staraptor|Protect|p1a: Staraptor
|-singleturn|p1a: Staraptor|Protect
|move|p1b: Gholdengo|Nasty Plot|p1b: Gholdengo
|-boost|p1b: Gholdengo|spa|2
|move|p2a: Archaludon|Dragon Pulse|p1b: Gholdengo
|-resisted|p1b: Gholdengo|1
|-damage|p1b: Gholdengo|80/100
|move|p2b: Incineroar|Throat Chop|p1b: Gholdengo
|-supereffective|p1b: Gholdengo|1
|-damage|p1b: Gholdengo|35/100
|-start|p1b: Gholdengo|Throat Chop|[silent]
|
|upkeep
|turn|7
|
|t:|1785444339
|move|p2a: Archaludon|Protect|p2a: Archaludon
|-singleturn|p2a: Archaludon|Protect
|move|p2b: Incineroar|Protect|p2b: Incineroar
|-singleturn|p2b: Incineroar|Protect
|move|p1a: Staraptor|Close Combat|p2b: Incineroar
|-activate|p2b: Incineroar|move: Protect
|move|p1b: Gholdengo|Shadow Ball|p2a: Archaludon
|-activate|p2a: Archaludon|move: Protect
|
|-end|p1b: Gholdengo|Throat Chop|[silent]
|upkeep
|turn|8
|
|t:|1785444375
|move|p1a: Staraptor|Close Combat|p2a: Archaludon
|-supereffective|p2a: Archaludon|1
|-damage|p2a: Archaludon|42/100
|-boost|p1a: Staraptor|def|1
|-boost|p1a: Staraptor|spd|1
|-ability|p2a: Archaludon|Stamina|boost
|-boost|p2a: Archaludon|def|1
|move|p1b: Gholdengo|Shadow Ball|p2a: Archaludon
|-damage|p2a: Archaludon|0 fnt
|faint|p2a: Archaludon
|move|p2b: Incineroar|Throat Chop|p1b: Gholdengo
|-supereffective|p1b: Gholdengo|1
|-damage|p1b: Gholdengo|0 fnt
|faint|p1b: Gholdengo
|
|-sideend|p1: ldifwheofih|move: Tailwind
|upkeep
|
|t:|1785444389
|switch|p2a: Gengar|Gengar-Mega, L50, M, shiny|100/100
|turn|9
|
|t:|1785444399
|switch|p2b: Maushold|Maushold-Four, L50|68/100
|move|p1a: Staraptor|Protect|p1a: Staraptor
|-singleturn|p1a: Staraptor|Protect
|move|p2a: Gengar|Perish Song|p2a: Gengar
|-start|p1a: Staraptor|perish3|[silent]
|-start|p2a: Gengar|perish3|[silent]
|-start|p2b: Maushold|perish3|[silent]
|-fieldactivate|move: Perish Song
|
|-start|p2a: Gengar|perish3
|-start|p2b: Maushold|perish3
|-start|p1a: Staraptor|perish3
|upkeep
|turn|10
|
|t:|1785444416
|move|p2a: Gengar|Disable|p1a: Staraptor
|-start|p1a: Staraptor|Disable|Protect
|move|p2b: Maushold|Encore|p1a: Staraptor
|-start|p1a: Staraptor|Encore
|cant|p1a: Staraptor|Disable|Protect
|
|-start|p2a: Gengar|perish2
|-start|p2b: Maushold|perish2
|-start|p1a: Staraptor|perish2
|upkeep
|turn|11
|-message|ldifwheofih forfeited.
|
|win|AbadanRiyi92
|l|☆ldifwheofih
|player|p1|
||ldifwheofih is ready for game 2.
