|j|☆Crapaud2008
|j|☆tetsumari
|html|Crapaud2008tetsumari    
|uhtml|bestof|Game 3 of a best-of-3
|t:|1756310944
|gametype|doubles
|player|p1|Crapaud2008|101|1091
|player|p2|tetsumari|gambler|1045
|gen|9
|tier|[Gen 9] VGC 2025 Reg H (Bo3)
|rated|
|rule|Species Clause: Limit one of each Pokémon
|rule|Item Clause: Limit 1 of each item
|clearpoke
|poke|p1|Rillaboom, L50, M|
|poke|p1|Annihilape, L50, F|
|poke|p1|Archaludon, L50, M|
|poke|p1|Sneasler, L50, M|
|poke|p1|Maushold-Four, L50|
|poke|p1|Pelipper, L50, M|
|poke|p2|Ursaluna, L50, F|
|poke|p2|Pawmot, L50, F|
|poke|p2|Indeedee-F, L50, F|
|poke|p2|Torkoal, L50, M|
|poke|p2|Jumpluff, L50, F|
|poke|p2|Armarouge, L50, M|
|teampreview|4
|showteam|p1|Rillaboom||MiracleSeed|GrassySurge|GrassyGlide,WoodHammer,HighHorsepower,FakeOut|||M|||50|,,,,,Fire]Annihilape||SitrusBerry|Defiant|RageFist,DrainPunch,BulkUp,Protect|||F|||50|,,,,,Steel]Archaludon||AssaultVest|Stamina|DragonPulse,FlashCannon,ElectroShot,BodyPress|||M|||50|,,,,,Ghost]Sneasler||GrassySeed|Unburden|CloseCombat,DireClaw,Acrobatics,Protect|||M|||50|,,,,,Flying]Maushold-Four||WideLens|FriendGuard|FollowMe,PopulationBomb,BeatUp,Protect||||||50|,,,,,Normal]Pelipper||FocusSash|Drizzle|WeatherBall,Hurricane,Tailwind,WideGuard|||M|||50|,,,,,Ground
|showteam|p2|Ursaluna||FlameOrb|Guts|CloseCombat,Facade,HeadlongRush,SupercellSlam|||F|||50|,,,,,Ground]Pawmot||LifeOrb|IronFist|DoubleShock,CloseCombat,KnockOff,FakeOut|||F|||50|,,,,,Electric]Indeedee-F||SafetyGoggles|PsychicSurge|FollowMe,HelpingHand,TrickRoom,Psychic|||F|||50|,,,,,Bug]Torkoal||ChoiceSpecs|Drought|Eruption,SolarBeam,HeatWave,EarthPower|||M|||50|,,,,,Fire]Jumpluff||CovertCloak|Chlorophyll|SleepPowder,Tailwind,RagePowder,PollenPuff|||F|||50|,,,,,Fire]Armarouge||IronBall|FlashFire|ArmorCannon,ExpandingForce,WideGuard,HelpingHand|||M|||50|,,,,,Psychic
|inactive|Battle timer is ON: inactive players will automatically lose when time's up. (requested by Crapaud2008)
|
|t:|1756310980
|teamsize|p1|4
|teamsize|p2|4
|start
|switch|p1a: Maushold|Maushold-Four, L50|100/100
|switch|p1b: MèreFurax|Annihilape, L50, F|100/100
|switch|p2a: Torkoal|Torkoal, L50, M|100/100
|switch|p2b: Pawmot|Pawmot, L50, F|100/100
|-weather|SunnyDay|[from] ability: Drought|[of] p2a: Torkoal
|turn|1
|inactive|Crapaud2008 has 30 seconds left.
|inactive|tetsumari has 30 seconds left.
|inactive|Crapaud2008 has 20 seconds left.
|
|t:|1756311018
|move|p2b: Pawmot|Fake Out|p1a: Maushold
|-damage|p1a: Maushold|75/100
|-damage|p2b: Pawmot|91/100|[from] item: Life Orb
|cant|p1a: Maushold|flinch
|move|p1b: MèreFurax|Rage Fist|p2a: Torkoal
|-damage|p2a: Torkoal|83/100
|move|p2a: Torkoal|Eruption|p1a: Maushold|[spread] p1a,p1b
|-damage|p1a: Maushold|0 fnt
|-damage|p1b: MèreFurax|36/100
|-enditem|p1b: MèreFurax|Sitrus Berry|[eat]
|-heal|p1b: MèreFurax|61/100|[from] item: Sitrus Berry
|faint|p1a: Maushold
|
|-weather|SunnyDay|[upkeep]
|upkeep
|
|t:|1756311033
|switch|p1a: LaBretagne|Pelipper, L50, M|100/100
|-weather|RainDance|[from] ability: Drizzle|[of] p1a: LaBretagne
|turn|2
|inactive|tetsumari has 30 seconds left.
|inactive|Crapaud2008 has 30 seconds left.
|
|t:|1756311063
|switch|p2a: Indeedee|Indeedee-F, L50, F|100/100
|-fieldstart|move: Psychic Terrain|[from] ability: Psychic Surge|[of] p2a: Indeedee
|-terastallize|p2b: Pawmot|Electric
|-terastallize|p1a: LaBretagne|Ground
|move|p2b: Pawmot|Double Shock|p1b: MèreFurax
|-damage|p1b: MèreFurax|0 fnt
|-start|p2b: Pawmot|typechange|Electric|[from] move: Double Shock
|faint|p1b: MèreFurax
|-damage|p2b: Pawmot|81/100|[from] item: Life Orb
|move|p1a: LaBretagne|Weather Ball|p2a: Indeedee
|-damage|p2a: Indeedee|47/100
|
|-weather|RainDance|[upkeep]
|upkeep
|
|t:|1756311077
|switch|p1b: Donkey Kong|Rillaboom, L50, M|100/100
|-fieldstart|move: Grassy Terrain|[from] ability: Grassy Surge|[of] p1b: Donkey Kong
|turn|3
|
|t:|1756311093
|switch|p2a: Torkoal|Torkoal, L50, M|83/100
|-weather|SunnyDay|[from] ability: Drought|[of] p2a: Torkoal
|move|p2b: Pawmot|Close Combat|p1a: LaBretagne
|-damage|p1a: LaBretagne|24/100
|-unboost|p2b: Pawmot|def|1
|-unboost|p2b: Pawmot|spd|1
|-damage|p2b: Pawmot|72/100|[from] item: Life Orb
|move|p1b: Donkey Kong|High Horsepower|p2b: Pawmot
|-supereffective|p2b: Pawmot
|-damage|p2b: Pawmot|0 fnt
|faint|p2b: Pawmot
|move|p1a: LaBretagne|Weather Ball|p2a: Torkoal
|-resisted|p2a: Torkoal
|-damage|p2a: Torkoal|53/100
|
|-weather|SunnyDay|[upkeep]
|-heal|p1a: LaBretagne|30/100|[from] Grassy Terrain
|-heal|p2a: Torkoal|59/100|[from] Grassy Terrain
|upkeep
|
|t:|1756311107
|switch|p2b: Indeedee|Indeedee-F, L50, F|47/100
|-fieldstart|move: Psychic Terrain|[from] ability: Psychic Surge|[of] p2b: Indeedee
|turn|4
|
|t:|1756311129
|move|p2b: Indeedee|Follow Me|p2b: Indeedee
|-singleturn|p2b: Indeedee|move: Follow Me
|move|p1b: Donkey Kong|High Horsepower|p2b: Indeedee
|-damage|p2b: Indeedee|5/100
|move|p1a: LaBretagne|Weather Ball|p2b: Indeedee
|-damage|p2b: Indeedee|0 fnt
|faint|p2b: Indeedee
|move|p2a: Torkoal|Heat Wave|p1a: LaBretagne|[spread] p1a
|-miss|p2a: Torkoal|p1b: Donkey Kong
|-damage|p1a: LaBretagne|0 fnt
|faint|p1a: LaBretagne
|
|-weather|SunnyDay|[upkeep]
|upkeep
|
|t:|1756311141
|switch|p2b: Armarouge|Armarouge, L50, M|100/100
|turn|5
|
|t:|1756311155
|move|p1b: Donkey Kong|High Horsepower|p2b: Armarouge
|-supereffective|p2b: Armarouge
|-damage|p2b: Armarouge|33/100
|move|p2b: Armarouge|Armor Cannon|p1b: Donkey Kong
|-supereffective|p1b: Donkey Kong
|-damage|p1b: Donkey Kong|0 fnt
|-unboost|p2b: Armarouge|def|1
|-unboost|p2b: Armarouge|spd|1
|faint|p1b: Donkey Kong
|
|win|tetsumari
|raw|Crapaud2008's rating: 1091 → 1064(-27 for losing)
|raw|tetsumari's rating: 1045 → 1083(+38 for winning)
