|j|â˜†CretaceousDraconid
|j|â˜†Malumancer
|html|CretaceousDraconidMalumancer    
|uhtml|bestof|Game 1 of a best-of-3
|t:|1756626309
|gametype|doubles
|player|p1|CretaceousDraconid|zinnia-masters|
|player|p2|Malumancer|pryce|
|gen|9
|tier|[Gen 9] VGC 2025 Reg H (Bo3)
|rule|Species Clause: Limit one of each PokÃ©mon
|rule|Item Clause: Limit 1 of each item
|clearpoke
|poke|p1|Tyranitar, L50, F|
|poke|p1|Salamence, L50, M|
|poke|p1|Basculegion, L50, M|
|poke|p1|Electabuzz, L50, F|
|poke|p1|Excadrill, L50, F|
|poke|p1|Corviknight, L50, M|
|poke|p2|Gholdengo, L50|
|poke|p2|Incineroar, L50, M|
|poke|p2|Porygon2, L50|
|poke|p2|Amoonguss, L50, M|
|poke|p2|Ursaluna-Bloodmoon, L50, M|
|poke|p2|Dragonite, L50, F|
|teampreview|4
|showteam|p1|Tyranitar||AssaultVest|SandStream|TeraBlast,LowKick,KnockOff,RockSlide|||F|||50|,,,,,Flying]Salamence||SafetyGoggles|Intimidate|HeatWave,Hurricane,Protect,DracoMeteor|||M|||50|,,,,,Fire]Basculegion||ChoiceScarf|Adaptability|FlipTurn,LastRespects,AquaJet,WaveCrash|||M|||50|,,,,,Water]Electabuzz||Eviolite|VitalSpirit|Electroweb,Protect,Taunt,FollowMe|||F|||50|,,,,,Dragon]Excadrill||ClearAmulet|SandRush|Protect,IronHead,HighHorsepower,Earthquake|||F|||50|,,,,,Ghost]Corviknight||CovertCloak|MirrorArmor|BulkUp,Tailwind,BraveBird,Roost|||M|||50|,,,,,Fire
|showteam|p2|Gholdengo||LifeOrb|GoodasGold|MakeItRain,ShadowBall,NastyPlot,Protect||||||50|,,,,,Water]Incineroar||SafetyGoggles|Intimidate|KnockOff,FakeOut,PartingShot,FlareBlitz|||M|||50|,,,,,Water]Porygon2||Eviolite|Download|TeraBlast,IceBeam,TrickRoom,Recover||||||50|,,,,,Ghost]Amoonguss||CovertCloak|Regenerator|Spore,PollenPuff,RagePowder,Protect|||M|||50|,,,,,Psychic]Ursaluna-Bloodmoon||AssaultVest|MindsEye|BloodMoon,EarthPower,HyperVoice,VacuumWave|||M|||50|,,,,,Water]Dragonite||LoadedDice|Multiscale|ScaleShot,Haze,Tailwind,Protect|||F|||50|,,,,,Fairy
|inactive|Battle timer is ON: inactive players will automatically lose when time's up. (requested by Malumancer)
|c|â˜†Malumancer|glhf
|c|â˜†CretaceousDraconid|u2
|inactive|CretaceousDraconid has 60 seconds left.
|inactive|Malumancer has 60 seconds left.
|inactive|Malumancer has 30 seconds left.
|inactive|Malumancer has 20 seconds left.
|inactive|Malumancer has 15 seconds left.
|
|t:|1756626385
|teamsize|p1|4
|teamsize|p2|4
|start
|switch|p1a: Renegade|Excadrill, L50, F|100/100
|switch|p1b: john|Electabuzz, L50, F|100/100
|switch|p2a: Porygon2|Porygon2, L50|100/100
|switch|p2b: Incineroar|Incineroar, L50, M|100/100
|-ability|p2b: Incineroar|Intimidate|boost
|-fail|p1a: Renegade|unboost|[from] item: Clear Amulet|[of] p1a: Renegade
|-unboost|p1b: john|atk|1
|-ability|p2a: Porygon2|Download|boost
|-boost|p2a: Porygon2|atk|1
|turn|1
|
|t:|1756626404
|move|p2b: Incineroar|Fake Out|p1b: john
|-damage|p1b: john|87/100
|cant|p1b: john|flinch
|move|p1a: Renegade|High Horsepower|p2b: Incineroar
|-supereffective|p2b: Incineroar
|-damage|p2b: Incineroar|0 fnt
|faint|p2b: Incineroar
|move|p2a: Porygon2|Trick Room|p2a: Porygon2
|-fieldstart|move: Trick Room|[of] p2a: Porygon2
|
|upkeep
|
|t:|1756626414
|switch|p2b: Ursaluna|Ursaluna-Bloodmoon, L50, M|100/100
|turn|2
|inactive|Malumancer has 30 seconds left.
|inactive|Malumancer has 20 seconds left.
|
|t:|1756626451
|switch|p1a: Rebel Heart|Salamence, L50, M|100/100
|-ability|p1a: Rebel Heart|Intimidate|boost
|-unboost|p2a: Porygon2|atk|1
|-unboost|p2b: Ursaluna|atk|1
|switch|p1b: Sucker|Corviknight, L50, M|100/100
|-terastallize|p2a: Porygon2|Ghost
|move|p2a: Porygon2|Tera Blast|p1a: Rebel Heart|[anim] Tera Blast Ghost
|-damage|p1a: Rebel Heart|58/100
|move|p2b: Ursaluna|Earth Power|p1a: Rebel Heart
|-immune|p1a: Rebel Heart
|
|upkeep
|turn|3
|inactive|Malumancer has 30 seconds left.
|
|t:|1756626481
|move|p1a: Rebel Heart|Protect|p1a: Rebel Heart
|-singleturn|p1a: Rebel Heart|Protect
|move|p2a: Porygon2|Ice Beam|p1a: Rebel Heart
|-activate|p1a: Rebel Heart|move: Protect
|move|p2b: Ursaluna|Hyper Voice|p1a: Rebel Heart|[spread] p1b
|-activate|p1a: Rebel Heart|move: Protect
|-resisted|p1b: Sucker
|-damage|p1b: Sucker|83/100
|move|p1b: Sucker|Brave Bird|p2b: Ursaluna
|-damage|p2b: Ursaluna|70/100
|-damage|p1b: Sucker|74/100|[from] Recoil
|
|upkeep
|turn|4
|inactive|Malumancer has 30 seconds left.
|inactive|Malumancer has 20 seconds left.
|
|t:|1756626519
|switch|p1a: john|Electabuzz, L50, F|87/100
|move|p2a: Porygon2|Tera Blast|p1a: john|[anim] Tera Blast Ghost
|-damage|p1a: john|58/100
|move|p2b: Ursaluna|Hyper Voice|p1b: Sucker|[spread] p1a,p1b
|-resisted|p1b: Sucker
|-damage|p1a: john|30/100
|-damage|p1b: Sucker|57/100
|move|p1b: Sucker|Roost|p1b: Sucker
|-heal|p1b: Sucker|100/100
|-singleturn|p1b: Sucker|move: Roost
|
|upkeep
|turn|5
|inactive|Malumancer has 30 seconds left.
|inactive|Malumancer has 20 seconds left.
|inactive|Malumancer has 15 seconds left.
|inactive|Malumancer has 10 seconds left.
|
|t:|1756626567
|move|p1a: john|Protect|p1a: john
|-singleturn|p1a: john|Protect
|move|p2a: Porygon2|Tera Blast|p1b: Sucker|[anim] Tera Blast Ghost
|-damage|p1b: Sucker|69/100
|move|p2b: Ursaluna|Hyper Voice|p1a: john|[spread] p1b
|-activate|p1a: john|move: Protect
|-resisted|p1b: Sucker
|-damage|p1b: Sucker|52/100
|move|p1b: Sucker|Bulk Up|p1b: Sucker
|-boost|p1b: Sucker|atk|1
|-boost|p1b: Sucker|def|1
|
|-fieldend|move: Trick Room
|upkeep
|turn|6
|inactive|Malumancer has 30 seconds left.
|inactive|Malumancer has 20 seconds left.
|
|t:|1756626603
|move|p1a: john|Taunt|p2a: Porygon2
|-start|p2a: Porygon2|move: Taunt
|move|p1b: Sucker|Brave Bird|p2b: Ursaluna
|-damage|p2b: Ursaluna|19/100
|-damage|p1b: Sucker|36/100|[from] Recoil
|move|p2b: Ursaluna|Hyper Voice|p1a: john|[spread] p1a,p1b
|-resisted|p1b: Sucker
|-damage|p1a: john|1/100
|-damage|p1b: Sucker|19/100
|move|p2a: Porygon2|Tera Blast|p1b: Sucker|[anim] Tera Blast Ghost
|-damage|p1b: Sucker|0 fnt
|faint|p1b: Sucker
|
|upkeep
|
|t:|1756626612
|switch|p1b: Renegade|Excadrill, L50, F|100/100
|turn|7
|
|t:|1756626640
|switch|p2a: Gholdengo|Gholdengo, L50|100/100
|move|p1a: john|Follow Me|p1a: john
|-singleturn|p1a: john|move: Follow Me
|move|p1b: Renegade|Earthquake|p2b: Ursaluna|[spread] p1a,p2a,p2b
|-supereffective|p1a: john
|-supereffective|p2a: Gholdengo
|-damage|p1a: john|0 fnt
|-damage|p2a: Gholdengo|31/100
|-damage|p2b: Ursaluna|0 fnt
|faint|p1a: john
|faint|p2b: Ursaluna
|
|upkeep
|
|t:|1756626647
|switch|p1a: Rebel Heart|Salamence, L50, M|58/100
|switch|p2b: Porygon2|Porygon2, L50, tera:Ghost|100/100
|-ability|p1a: Rebel Heart|Intimidate|boost
|-unboost|p2a: Gholdengo|atk|1
|-unboost|p2b: Porygon2|atk|1
|-ability|p2b: Porygon2|Download|boost
|-boost|p2b: Porygon2|atk|1
|turn|8
|
|t:|1756626653
|move|p2a: Gholdengo|Protect|p2a: Gholdengo
|-singleturn|p2a: Gholdengo|Protect
|move|p1a: Rebel Heart|Hurricane|p2b: Porygon2
|-damage|p2b: Porygon2|68/100
|-start|p2b: Porygon2|confusion
|move|p1b: Renegade|Earthquake|p2b: Porygon2|[spread] p2b
|-activate|p2a: Gholdengo|move: Protect
|-immune|p1a: Rebel Heart
|-damage|p2b: Porygon2|41/100
|-activate|p2b: Porygon2|confusion
|move|p2b: Porygon2|Trick Room|p2b: Porygon2
|-fieldstart|move: Trick Room|[of] p2b: Porygon2
|
|upkeep
|turn|9
|inactive|Malumancer has 30 seconds left.
|inactive|Malumancer has 20 seconds left.
|inactive|Malumancer has 15 seconds left.
|inactive|Malumancer has 10 seconds left.
|
|t:|1756626702
|-terastallize|p1a: Rebel Heart|Fire
|-activate|p2b: Porygon2|confusion
|move|p2b: Porygon2|Recover|p2b: Porygon2
|-heal|p2b: Porygon2|91/100
|move|p2a: Gholdengo|Shadow Ball|p1a: Rebel Heart
|-damage|p1a: Rebel Heart|0 fnt
|faint|p1a: Rebel Heart
|-damage|p2a: Gholdengo|21/100|[from] item: Life Orb
|move|p1b: Renegade|High Horsepower|p2a: Gholdengo
|-supereffective|p2a: Gholdengo
|-damage|p2a: Gholdengo|0 fnt
|faint|p2a: Gholdengo
|
|upkeep
|turn|10
|
|t:|1756626720
|-activate|p2b: Porygon2|confusion
|move|p2b: Porygon2|Tera Blast|p1b: Renegade|[anim] Tera Blast Ghost
|-damage|p1b: Renegade|57/100
|move|p1b: Renegade|High Horsepower|p2b: Porygon2
|-damage|p2b: Porygon2|61/100
|
|upkeep
|turn|11
|
|t:|1756626728
|-end|p2b: Porygon2|confusion
|move|p2b: Porygon2|Recover|p2b: Porygon2
|-heal|p2b: Porygon2|100/100
|move|p1b: Renegade|Earthquake|p2b: Porygon2
|-damage|p2b: Porygon2|68/100
|
|upkeep
|turn|12
|
|t:|1756626743
|move|p2b: Porygon2|Recover|p2b: Porygon2
|-heal|p2b: Porygon2|100/100
|move|p1b: Renegade|Earthquake|p2b: Porygon2
|-damage|p2b: Porygon2|66/100
|
|-fieldend|move: Trick Room
|upkeep
|turn|13
|
|t:|1756626750
|move|p1b: Renegade|Iron Head|p2b: Porygon2
|-damage|p2b: Porygon2|38/100
|move|p2b: Porygon2|Trick Room|p2b: Porygon2
|-fieldstart|move: Trick Room|[of] p2b: Porygon2
|
|upkeep
|turn|14
|
|t:|1756626755
|move|p2b: Porygon2|Recover|p2b: Porygon2
|-heal|p2b: Porygon2|88/100
|move|p1b: Renegade|Earthquake|p2b: Porygon2
|-damage|p2b: Porygon2|53/100
|
|upkeep
|turn|15
|
|t:|1756626760
|move|p2b: Porygon2|Recover|p2b: Porygon2
|-heal|p2b: Porygon2|100/100
|move|p1b: Renegade|Earthquake|p2b: Porygon2
|-damage|p2b: Porygon2|66/100
|
|upkeep
|turn|16
|
|t:|1756626765
|move|p2b: Porygon2|Tera Blast|p1b: Renegade|[anim] Tera Blast Ghost
|-damage|p1b: Renegade|13/100
|move|p1b: Renegade|Earthquake|p2b: Porygon2
|-damage|p2b: Porygon2|31/100
|
|upkeep
|turn|17
|
|t:|1756626779
|move|p2b: Porygon2|Recover|p2b: Porygon2
|-heal|p2b: Porygon2|81/100
|move|p1b: Renegade|Earthquake|p2b: Porygon2
|-damage|p2b: Porygon2|44/100
|
|-fieldend|move: Trick Room
|upkeep
|turn|18
|
|t:|1756626784
|move|p1b: Renegade|Iron Head|p2b: Porygon2
|-damage|p2b: Porygon2|15/100
|cant|p2b: Porygon2|flinch
|
|upkeep
|turn|19
|c|â˜†Malumancer|not like this
|
|t:|1756626794
|move|p1b: Renegade|Earthquake|p2b: Porygon2
|-damage|p2b: Porygon2|0 fnt
|faint|p2b: Porygon2
|
|win|CretaceousDraconid
|c|â˜†CretaceousDraconid|mb
||CretaceousDraconid is ready for game 2.
|inactive|Malumancer has 30 seconds to confirm battle start!
|c|â˜†Malumancer|They're gonna love this replay though
||Malumancer is ready for game 2.
|uhtml|next|Next: Game 2 of 3
|l|â˜†CretaceousDraconid
|player|p1|
