|j|☆Jay_th3_one
|j|☆stormyrat
|html|Jay_th3_onestormyrat    
|uhtml|bestof|Game 3 of a best-of-3
|t:|1782192447
|gametype|doubles
|player|p1|Jay_th3_one|boarder|1101
|player|p2|stormyrat|265|1181
|gen|9
|tier|[Gen 9 Champions] VGC 2026 Reg M-B (Bo3)
|rated|
|rule|Species Clause: Limit one of each Pokémon
|rule|Item Clause: Limit 1 of each item
|clearpoke
|poke|p1|Mawile, L50, F|
|poke|p1|Pelipper, L50, F|
|poke|p1|Farigiraf, L50, M|
|poke|p1|Sharpedo, L50, F|
|poke|p1|Raichu, L50, F|
|poke|p1|Sinistcha-Masterpiece, L50|
|poke|p2|Floette-Eternal, L50, F|
|poke|p2|Gholdengo, L50|
|poke|p2|Aerodactyl, L50, M|
|poke|p2|Incineroar, L50, M|
|poke|p2|Basculegion, L50, M|
|poke|p2|Rotom-Mow, L50|
|teampreview|4
|showteam|p1|Mawile||Mawilite|HyperCutter|PlayRough,IronHead,ThunderPunch,Protect|Adamant||F|||50|]Pelipper||WideLens|Drizzle|Hurricane,MuddyWater,WideGuard,Protect|Modest||F|||50|]Farigiraf||MentalHerb|ArmorTail|TrickRoom,TwinBeam,Imprison,Protect|Serious||M|||50|]Sharpedo||Sharpedonite|SpeedBoost|Crunch,Liquidation,IceFang,Protect|Adamant||F|||50|]Raichu||FocusSash|LightningRod|FakeOut,Thunderbolt,Endeavor,QuickAttack|Modest||F|||50|]Sinistcha-Masterpiece||Leftovers|Hospitality|StrengthSap,MatchaGotcha,TrickRoom,Protect|Bold|||||50|
|showteam|p2|Floette-Eternal||Floettite|FlowerVeil|Moonblast,LightofRuin,DazzlingGleam,Protect|Modest||F|||50|]Gholdengo||LifeOrb|GoodasGold|NastyPlot,ShadowBall,MakeItRain,Protect|Modest|||||50|]Aerodactyl||FocusSash|Unnerve|DualWingbeat,RockSlide,Tailwind,WideGuard|Jolly||M|||50|]Incineroar||SitrusBerry|Intimidate|FakeOut,PartingShot,DarkestLariat,FlareBlitz|Impish||M|||50|]Basculegion||MysticWater|Adaptability|Protect,WaveCrash,LastRespects,AquaJet|Jolly||M|||50|]Rotom-Mow||WideLens|Levitate|LeafStorm,Electroweb,VoltSwitch,Protect|Timid|||||50|
|inactive|Battle timer is ON: inactive players will automatically lose when time's up. (requested by stormyrat)
|inactive|stormyrat has 60 seconds left.
|
|t:|1782192480
|teamsize|p1|4
|teamsize|p2|4
|start
|switch|p1a: Mawile|Mawile, L50, F|100/100
|switch|p1b: Farigiraf|Farigiraf, L50, M|100/100
|switch|p2a: Aerodactyl|Aerodactyl, L50, M|100/100
|switch|p2b: Incineroar|Incineroar, L50, M|100/100
|-ability|p2a: Aerodactyl|Unnerve
|-ability|p2b: Incineroar|Intimidate|boost
|-fail|p1a: Mawile|unboost|Attack|[from] ability: Hyper Cutter|[of] p1a: Mawile
|-unboost|p1b: Farigiraf|atk|1
|turn|1
|
|t:|1782192490
|move|p1a: Mawile|Protect|p1a: Mawile
|-singleturn|p1a: Mawile|Protect
|move|p2a: Aerodactyl|Rock Slide|p1a: Mawile|[spread] p1b
|-activate|p1a: Mawile|move: Protect
|-damage|p1b: Farigiraf|75/100
|move|p2b: Incineroar|Darkest Lariat|p1b: Farigiraf
|-supereffective|p1b: Farigiraf|1
|-damage|p1b: Farigiraf|4/100
|cant|p1b: Farigiraf|flinch
|
|upkeep
|turn|2
|inactive|Jay_th3_one has 30 seconds left.
|
|t:|1782192516
|detailschange|p1a: Mawile|Mawile-Mega, L50, F
|-mega|p1a: Mawile|Mawile|Mawilite
|move|p2a: Aerodactyl|Rock Slide|p1b: Farigiraf|[spread] p1b
|-miss|p2a: Aerodactyl|p1a: Mawile
|-damage|p1b: Farigiraf|0 fnt
|faint|p1b: Farigiraf
|move|p2b: Incineroar|Flare Blitz|p1a: Mawile
|-supereffective|p1a: Mawile|1
|-damage|p1a: Mawile|0 fnt
|faint|p1a: Mawile
|-damage|p2b: Incineroar|79/100|[from] Recoil
|
|upkeep
|
|t:|1782192527
|switch|p1b: Raichu|Raichu, L50, F|100/100
|switch|p1a: Pelipper|Pelipper, L50, F|100/100
|-weather|RainDance|[from] ability: Drizzle|[of] p1a: Pelipper
|turn|3
|
|t:|1782192538
|move|p1b: Raichu|Fake Out|p2a: Aerodactyl
|-resisted|p2a: Aerodactyl|1
|-damage|p2a: Aerodactyl|94/100
|cant|p2a: Aerodactyl|flinch
|move|p1a: Pelipper|Muddy Water|p2b: Incineroar|[spread] p2a,p2b
|-supereffective|p2a: Aerodactyl|1
|-supereffective|p2b: Incineroar|1
|-damage|p2a: Aerodactyl|0 fnt
|-damage|p2b: Incineroar|0 fnt
|faint|p2a: Aerodactyl
|faint|p2b: Incineroar
|
|-weather|RainDance|[upkeep]
|upkeep
|
|t:|1782192545
|switch|p2a: Rotom|Rotom-Mow, L50|100/100
|switch|p2b: Floette|Floette-Eternal, L50, F|100/100
|turn|4
|
|t:|1782192569
|detailschange|p2b: Floette|Floette-Mega, L50, F
|-mega|p2b: Floette|Floette|Floettite
|-ability|p2b: Floette|Fairy Aura
|move|p1a: Pelipper|Wide Guard|p1a: Pelipper
|-singleturn|p1a: Pelipper|Wide Guard
|move|p1b: Raichu|Thunderbolt|p2b: Floette
|-damage|p2b: Floette|72/100
|-status|p2b: Floette|par
|move|p2a: Rotom|Leaf Storm|p1b: Raichu
|-damage|p1b: Raichu|21/100
|-unboost|p2a: Rotom|spa|2
|move|p2b: Floette|Dazzling Gleam|p1a: Pelipper|[spread] 
|-activate|p1a: Pelipper|move: Wide Guard
|-activate|p1b: Raichu|move: Wide Guard
|
|-weather|RainDance|[upkeep]
|upkeep
|turn|5
|inactive|Jay_th3_one has 30 seconds left.
|inactive|Jay_th3_one has 20 seconds left.
|
|t:|1782192606
|move|p1b: Raichu|Endeavor|p2a: Rotom
|-damage|p2a: Rotom|18/100
|move|p2a: Rotom|Leaf Storm|p1b: Raichu
|-damage|p1b: Raichu|0 fnt
|-unboost|p2a: Rotom|spa|2
|faint|p1b: Raichu
|move|p1a: Pelipper|Muddy Water|p2a: Rotom|[spread] p2a,p2b
|-resisted|p2a: Rotom|1
|-damage|p2a: Rotom|0 fnt
|-damage|p2b: Floette|40/100 par
|faint|p2a: Rotom
|cant|p2b: Floette|par
|
|-weather|RainDance|[upkeep]
|upkeep
|turn|6
|inactive|Jay_th3_one has 30 seconds left.
|
|t:|1782192632
|move|p1a: Pelipper|Hurricane|p2b: Floette
|-damage|p2b: Floette|5/100 par
|-start|p2b: Floette|confusion
|-activate|p2b: Floette|confusion
|move|p2b: Floette|Light of Ruin|p1a: Pelipper
|-damage|p1a: Pelipper|0 fnt
|faint|p1a: Pelipper
|-damage|p2b: Floette|0 fnt|[from] Recoil
|faint|p2b: Floette
|
|win|stormyrat
|raw|Jay_th3_one's rating: 1101 → 1082(-19 for losing)
|raw|stormyrat's rating: 1181 → 1200(+19 for winning)
