|j|☆lolgz
|j|☆Arahelis
|html|lolgzArahelis    
|uhtml|bestof|Game 2 of a best-of-3
|t:|1783510842
|gametype|doubles
|player|p1|lolgz|dawn|1090
|player|p2|Arahelis|sailor|1019
|gen|9
|tier|[Gen 9 Champions] VGC 2026 Reg M-B (Bo3)
|rated|
|rule|Species Clause: Limit one of each Pokémon
|rule|Item Clause: Limit 1 of each item
|clearpoke
|poke|p1|Scrafty, L50, M|
|poke|p1|Vivillon, L50, M|
|poke|p1|Incineroar, L50, M|
|poke|p1|Sinistcha, L50|
|poke|p1|Kingambit, L50, M|
|poke|p1|Delphox, L50, M|
|poke|p2|Dragalge, L50, F|
|poke|p2|Scrafty, L50, M|
|poke|p2|Arcanine, L50, F|
|poke|p2|Delphox, L50, M|
|poke|p2|Sinistcha-Masterpiece, L50|
|poke|p2|Krookodile, L50, F|
|teampreview|4
|showteam|p1|Scrafty||Scraftinite|Intimidate|DrainPunch,KnockOff,Protect,DragonDance|Jolly||M|||50|]Vivillon||ChoiceScarf|CompoundEyes|SleepPowder,Hurricane,RagePowder,Tailwind|Timid||M|||50|]Incineroar||PasshoBerry|Intimidate|PartingShot,FakeOut,ThroatChop,FlareBlitz|Careful||M|||50|]Sinistcha||KasibBerry|Hospitality|MatchaGotcha,RagePowder,TrickRoom,Protect|Serious|||||50|]Kingambit||BlackGlasses|Defiant|SuckerPunch,KowtowCleave,Protect,SwordsDance|Adamant||M|||50|]Delphox||Delphoxite|Blaze|HeatWave,Psychic,Protect,NastyPlot|Timid||M|||50|
|showteam|p2|Dragalge||Dragalgite|PoisonPoint|Scald,ToxicSpikes,Toxic,Protect|Calm||F|||50|]Scrafty||SitrusBerry|Intimidate|FakeOut,KnockOff,Roar,QuickGuard|Careful||M|||50|]Arcanine||Charcoal|Intimidate|FlareBlitz,ExtremeSpeed,Snarl,Protect|Adamant||F|||50|]Delphox||Delphoxite|Blaze|Overheat,Psychic,ScorchingSands,Protect|Timid||M|||50|]Sinistcha-Masterpiece||Leftovers|Hospitality|MatchaGotcha,StrengthSap,Hex,LifeDew|Calm|||||50|]Krookodile||FocusSash|Intimidate|HighHorsepower,CloseCombat,ThroatChop,Protect|Jolly||F|||50|
|inactive|Battle timer is ON: inactive players will automatically lose when time's up. (requested by lolgz)
|
|t:|1783510857
|teamsize|p1|4
|teamsize|p2|4
|start
|switch|p1a: Vivillon|Vivillon, L50, M|100/100
|switch|p1b: Delphox|Delphox, L50, M|100/100
|switch|p2a: Mesmerize|Scrafty, L50, M|100/100
|switch|p2b: Toxicity|Dragalge, L50, F|100/100
|-ability|p2a: Mesmerize|Intimidate|boost
|-unboost|p1a: Vivillon|atk|1
|-unboost|p1b: Delphox|atk|1
|turn|1
|
|t:|1783510868
|detailschange|p1b: Delphox|Delphox-Mega, L50, M
|-mega|p1b: Delphox|Delphox|Delphoxite
|detailschange|p2b: Toxicity|Dragalge-Mega, L50, F
|-mega|p2b: Toxicity|Dragalge|Dragalgite
|move|p2a: Mesmerize|Fake Out|p1a: Vivillon
|-damage|p1a: Vivillon|88/100
|cant|p1a: Vivillon|flinch
|move|p1b: Delphox|Nasty Plot|p1b: Delphox
|-boost|p1b: Delphox|spa|2
|move|p2b: Toxicity|Toxic|p1a: Vivillon
|-status|p1a: Vivillon|tox
|
|-damage|p1a: Vivillon|82/100 tox|[from] psn
|upkeep
|turn|2
|inactive|Arahelis has 30 seconds left.
|
|t:|1783510899
|move|p1a: Vivillon|Sleep Powder|p2a: Mesmerize
|-status|p2a: Mesmerize|slp|[from] move: Sleep Powder
|move|p1b: Delphox|Psychic|p2b: Toxicity
|-supereffective|p2b: Toxicity|1
|-damage|p2b: Toxicity|0 fnt
|faint|p2b: Toxicity
|cant|p2a: Mesmerize|slp
|
|-damage|p1a: Vivillon|70/100 tox|[from] psn
|upkeep
|
|t:|1783510908
|switch|p2b: Prison System|Krookodile, L50, F|100/100
|-ability|p2b: Prison System|Intimidate|boost
|-unboost|p1a: Vivillon|atk|1
|-unboost|p1b: Delphox|atk|1
|turn|3
|
|t:|1783510918
|move|p2b: Prison System|Protect|p2b: Prison System
|-singleturn|p2b: Prison System|Protect
|move|p1a: Vivillon|Sleep Powder|p2b: Prison System
|-activate|p2b: Prison System|move: Protect
|move|p1b: Delphox|Heat Wave|p2a: Mesmerize|[spread] p2a
|-activate|p2b: Prison System|move: Protect
|-damage|p2a: Mesmerize|47/100 slp
|-enditem|p2a: Mesmerize|Sitrus Berry|[eat]
|-heal|p2a: Mesmerize|72/100 slp|[from] item: Sitrus Berry
|-curestatus|p2a: Mesmerize|slp|[msg]
|move|p2a: Mesmerize|Knock Off|p1a: Vivillon
|-damage|p1a: Vivillon|28/100 tox
|-enditem|p1a: Vivillon|Choice Scarf|[from] move: Knock Off|[of] p2a: Mesmerize
|
|-damage|p1a: Vivillon|10/100 tox|[from] psn
|upkeep
|turn|4
|inactive|Arahelis has 30 seconds left.
|
|t:|1783510945
|move|p1b: Delphox|Protect|p1b: Delphox
|-singleturn|p1b: Delphox|Protect
|move|p2b: Prison System|Throat Chop|p1b: Delphox
|-activate|p1b: Delphox|move: Protect
|move|p1a: Vivillon|Sleep Powder|p2b: Prison System
|-status|p2b: Prison System|slp|[from] move: Sleep Powder
|move|p2a: Mesmerize|Knock Off|p1a: Vivillon
|-crit|p1a: Vivillon
|-damage|p1a: Vivillon|0 fnt
|faint|p1a: Vivillon
|
|upkeep
|
|t:|1783510953
|switch|p1a: Kingambit|Kingambit, L50, M|100/100
|turn|5
|
|t:|1783510966
|move|p1b: Delphox|Heat Wave|p2a: Mesmerize|[spread] p2a,p2b
|-damage|p2a: Mesmerize|19/100
|-enditem|p2b: Prison System|Focus Sash
|-damage|p2b: Prison System|1/100 slp
|cant|p2b: Prison System|slp
|move|p2a: Mesmerize|Knock Off|p1b: Delphox
|-supereffective|p1b: Delphox|1
|-damage|p1b: Delphox|46/100
|move|p1a: Kingambit|Swords Dance|p1a: Kingambit
|-boost|p1a: Kingambit|atk|2
|
|upkeep
|turn|6
|
|t:|1783510981
|move|p1a: Kingambit|Sucker Punch|p2a: Mesmerize
|-resisted|p2a: Mesmerize|2
|-damage|p2a: Mesmerize|0 fnt
|faint|p2a: Mesmerize
|move|p1b: Delphox|Heat Wave|p2b: Prison System
|-damage|p2b: Prison System|0 fnt
|faint|p2b: Prison System
|
|upkeep
|-message|Arahelis forfeited.
|
|win|lolgz
|raw|lolgz's rating: 1090 → 1111(+21 for winning)
|raw|Arahelis's rating: 1019 → 1009(-10 for losing)
