|j|Ōśåskoomanus
|j|Ōśåtoobionest
|html|skoomanustoobionest    
|uhtml|bestof|Game 1 of a best-of-3
|t:|1783892819
|gametype|doubles
|player|p1|skoomanus|170|
|player|p2|toobionest|102|
|gen|9
|tier|[Gen 9 Champions] VGC 2026 Reg M-B (Bo3)
|rule|Species Clause: Limit one of each Pok├®mon
|rule|Item Clause: Limit 1 of each item
|clearpoke
|poke|p1|Gholdengo, L50|
|poke|p1|Whimsicott, L50, F|
|poke|p1|Pikachu, L50, F|
|poke|p1|Sinistcha, L50|
|poke|p1|Swampert, L50, F|
|poke|p1|Archaludon, L50, F|
|poke|p2|Chandelure, L50, F|
|poke|p2|Lycanroc-Dusk, L50, F|
|poke|p2|Torkoal, L50, F|
|poke|p2|Tsareena, L50, F|
|poke|p2|Floette-Eternal, L50, F|
|poke|p2|Meowscarada, L50, M|
|teampreview|4
|showteam|p1|Gholdengo||LifeOrb|GoodasGold|MakeItRain,ShadowBall,DazzlingGleam,Protect|Modest|||||50|]Whimsicott||FocusSash|Prankster|Tailwind,FakeTears,Moonblast,HelpingHand|Timid||F|||50|]Pikachu||LightBall|LightningRod|Thunderbolt,Surf,FakeOut,Protect|Timid||F|||50|]Sinistcha||SitrusBerry|Hospitality|MatchaGotcha,RagePowder,LifeDew,TrickRoom|Bold|||||50|]Swampert||Swampertite|Torrent|WaveCrash,HighHorsepower,IcePunch,Protect|Adamant||F|||50|]Archaludon||Leftovers|Stamina|FlashCannon,DracoMeteor,Snarl,Protect|Modest||F|||50|
|showteam|p2|Chandelure||ChoiceScarf|FlashFire|HeatWave,ShadowBall,Psychic,EnergyBall|Modest||F|||50|]Lycanroc-Dusk||HardStone|ToughClaws|PlayRough,CloseCombat,Accelerock,Protect|Jolly||F|||50|]Torkoal||Charcoal|Drought|Eruption,Protect,HeavySlam,LavaPlume|Modest||F|||50|]Tsareena||CobaBerry|QueenlyMajesty|LowSweep,TropKick,TripleAxel,KnockOff|Adamant||F|||50|]Floette-Eternal||Floettite|FlowerVeil|LightofRuin,DazzlingGleam,Protect,PollenPuff|Timid||F|||50|]Meowscarada||FocusSash|Protean|Taunt,FlowerTrick,KnockOff,BrickBreak|Jolly||M|||50|
|c|Ōśåskoomanus|bro pikachu is ass
|c|Ōśåskoomanus|he is a waste
|c|Ōśåtoobionest|no keep him on trust
|
|t:|1783892916
|teamsize|p1|4
|teamsize|p2|4
|start
|switch|p1a: Gholdengo|Gholdengo, L50|100/100
|switch|p1b: Whimsicott|Whimsicott, L50, F|100/100
|switch|p2a: Chandelure|Chandelure, L50, F|100/100
|switch|p2b: Torkoal|Torkoal, L50, F|100/100
|-weather|SunnyDay|[from] ability: Drought|[of] p2b: Torkoal
|turn|1
|c|Ōśåskoomanus|torkoal is gonna poop on me
|
|t:|1783893027
|move|p1b: Whimsicott|Tailwind|p1b: Whimsicott
|-sidestart|p1: skoomanus|move: Tailwind
|move|p1a: Gholdengo|Shadow Ball|p2a: Chandelure
|-supereffective|p2a: Chandelure|1
|-damage|p2a: Chandelure|0 fnt
|faint|p2a: Chandelure
|-damage|p1a: Gholdengo|90/100|[from] item: Life Orb
|move|p2b: Torkoal|Lava Plume|p1a: Gholdengo|[spread] p1a,p1b
|-supereffective|p1a: Gholdengo|1
|-supereffective|p1b: Whimsicott|1
|-damage|p1a: Gholdengo|0 fnt
|-enditem|p1b: Whimsicott|Focus Sash
|-damage|p1b: Whimsicott|1/100
|faint|p1a: Gholdengo
|
|-weather|SunnyDay|[upkeep]
|upkeep
|c|Ōśåskoomanus|i forgot sash
|
|t:|1783893061
|switch|p2a: Lycanroc|Lycanroc-Dusk, L50, F|100/100
|switch|p1a: Archaludon|Archaludon, L50, F|100/100
|turn|2
|
|t:|1783893135
|move|p2a: Lycanroc|Protect|p2a: Lycanroc
|-singleturn|p2a: Lycanroc|Protect
|move|p1b: Whimsicott|Fake Tears|p2b: Torkoal
|-unboost|p2b: Torkoal|spd|2
|move|p1a: Archaludon|Draco Meteor|p2b: Torkoal
|-damage|p2b: Torkoal|0 fnt
|-unboost|p1a: Archaludon|spa|2
|faint|p2b: Torkoal
|
|-weather|SunnyDay|[upkeep]
|upkeep
|c|Ōśåtoobionest|i predicted this but i didnt think you'd actually do it
|
|t:|1783893153
|switch|p2b: Floette|Floette-Eternal, L50, F|100/100
|turn|3
|
|t:|1783893225
|move|p2b: Floette|Protect|p2b: Floette
|-singleturn|p2b: Floette|Protect
|move|p2a: Lycanroc|Accelerock|p1b: Whimsicott
|-damage|p1b: Whimsicott|0 fnt
|faint|p1b: Whimsicott
|move|p1a: Archaludon|Flash Cannon|p2a: Lycanroc
|-supereffective|p2a: Lycanroc|1
|-damage|p2a: Lycanroc|27/100
|-unboost|p2a: Lycanroc|spd|1
|
|-weather|SunnyDay|[upkeep]
|upkeep
|
|t:|1783893235
|switch|p1b: Swampert|Swampert, L50, F|100/100
|turn|4
|
|t:|1783893290
|detailschange|p1b: Swampert|Swampert-Mega, L50, F
|-mega|p1b: Swampert|Swampert|Swampertite
|detailschange|p2b: Floette|Floette-Mega, L50, F
|-mega|p2b: Floette|Floette|Floettite
|-ability|p2b: Floette|Fairy Aura
|move|p2a: Lycanroc|Protect|p2a: Lycanroc
|-singleturn|p2a: Lycanroc|Protect
|move|p1a: Archaludon|Flash Cannon|p2b: Floette
|-supereffective|p2b: Floette|1
|-damage|p2b: Floette|62/100
|move|p1b: Swampert|High Horsepower|p2b: Floette
|-damage|p2b: Floette|0 fnt
|faint|p2b: Floette
|
|-weather|SunnyDay|[upkeep]
|-sideend|p1: skoomanus|move: Tailwind
|upkeep
|turn|5
|c|Ōśåskoomanus|you are predictable gng
|c|Ōśåskoomanus|3 times in a row
|-message|toobionest forfeited.
|
|win|skoomanus
