|j|☆namboyVGC
|j|☆bennoVGC
|html|namboyVGCbennoVGC    
|uhtml|bestof|Game 2 of a best-of-3
|t:|1755357553
|gametype|doubles
|player|p1|namboyVGC|170|1330
|player|p2|bennoVGC|101|1349
|gen|9
|tier|[Gen 9] VGC 2025 Reg H (Bo3)
|rated|
|rule|Species Clause: Limit one of each Pokémon
|rule|Item Clause: Limit 1 of each item
|clearpoke
|poke|p1|Sneasler, L50, M|
|poke|p1|Indeedee, L50, M|
|poke|p1|Annihilape, L50, F|
|poke|p1|Tyranitar, L50, M|
|poke|p1|Excadrill, L50, M|
|poke|p1|Whimsicott, L50, F|
|poke|p2|Ursaluna, L50, F|
|poke|p2|Kilowattrel, L50, F|
|poke|p2|Volcarona, L50, M|
|poke|p2|Incineroar, L50, M|
|poke|p2|Amoonguss, L50, F|
|poke|p2|Porygon2, L50|
|teampreview|4
|showteam|p1|Sneasler||PsychicSeed|Unburden|CloseCombat,DireClaw,ThroatChop,Protect|||M|||50|,,,,,Dark]Indeedee||ChoiceScarf|PsychicSurge|ExpandingForce,TeraBlast,Trick,DazzlingGleam|||M|||50|,,,,,Fire]Annihilape||SafetyGoggles|Defiant|CloseCombat,RageFist,Taunt,FinalGambit|||F|||50|,,,,,Psychic]Tyranitar||AssaultVest|SandStream|RockSlide,KnockOff,TeraBlast,LowKick|||M|||50|,,,,,Flying]Excadrill||FocusSash|SandRush|HighHorsepower,Earthquake,IronHead,Protect|||M|||50|,,,,,Ground]Whimsicott||CovertCloak|Prankster|Tailwind,SunnyDay,Moonblast,LightScreen|||F|||50|,,,,,Dark
|showteam|p2|Ursaluna||FlameOrb|Guts|Facade,HeadlongRush,Earthquake,Protect|||F|||50|,,,,,Fairy]Kilowattrel||FocusSash|Competitive|Thunderbolt,AirSlash,Tailwind,Protect|||F|||50|,,,,,Fairy]Volcarona||CovertCloak|FlameBody|HeatWave,QuiverDance,GigaDrain,Protect|||M|||50|,,,,,Grass]Incineroar||MirrorHerb|Intimidate|KnockOff,FlareBlitz,PartingShot,FakeOut|||M|||50|,,,,,Grass]Amoonguss||MentalHerb|Regenerator|Spore,RagePowder,PollenPuff,Protect|||F|||50|,,,,,Fairy]Porygon2||Eviolite|Download|TeraBlast,IceBeam,Recover,TrickRoom||||||50|,,,,,Fighting
|
|t:|1755357610
|teamsize|p1|4
|teamsize|p2|4
|start
|switch|p1a: Indeedee|Indeedee, L50, M|100/100
|switch|p1b: Sneasler|Sneasler, L50, M|100/100
|switch|p2a: Pumpy the Grumpy|Incineroar, L50, M, shiny|100/100
|switch|p2b: 뽀록나|Amoonguss, L50, F, shiny|100/100
|-fieldstart|move: Psychic Terrain|[from] ability: Psychic Surge|[of] p1a: Indeedee
|-enditem|p1b: Sneasler|Psychic Seed
|-boost|p1b: Sneasler|spd|1|[from] item: Psychic Seed
|-ability|p2a: Pumpy the Grumpy|Intimidate|boost
|-unboost|p1a: Indeedee|atk|1
|-unboost|p1b: Sneasler|atk|1
|-enditem|p2a: Pumpy the Grumpy|Mirror Herb
|-boost|p2a: Pumpy the Grumpy|spd|1|[from] item: Mirror Herb
|turn|1
|
|t:|1755357634
|-terastallize|p2b: 뽀록나|Fairy
|move|p1b: Sneasler|Close Combat|p2a: Pumpy the Grumpy
|-supereffective|p2a: Pumpy the Grumpy
|-damage|p2a: Pumpy the Grumpy|13/100
|-unboost|p1b: Sneasler|def|1
|-unboost|p1b: Sneasler|spd|1
|move|p1a: Indeedee|Expanding Force|p2b: 뽀록나|[spread] p2b
|-immune|p2a: Pumpy the Grumpy
|-damage|p2b: 뽀록나|50/100
|move|p2a: Pumpy the Grumpy|Knock Off|p1a: Indeedee
|-supereffective|p1a: Indeedee
|-crit|p1a: Indeedee
|-damage|p1a: Indeedee|0 fnt
|-enditem|p1a: Indeedee|Choice Scarf|[from] move: Knock Off|[of] p2a: Pumpy the Grumpy
|faint|p1a: Indeedee
|move|p2b: 뽀록나|Spore|p1b: Sneasler
|-status|p1b: Sneasler|slp|[from] move: Spore
|
|upkeep
|
|t:|1755357644
|switch|p1a: Excadrill|Excadrill, L50, M|100/100
|turn|2
|
|t:|1755357682
|switch|p2b: Dinko|Ursaluna, L50, F|100/100
|-terastallize|p1a: Excadrill|Ground
|cant|p1b: Sneasler|slp
|move|p1a: Excadrill|Earthquake|p2a: Pumpy the Grumpy|[spread] p1b,p2a,p2b
|-supereffective|p1b: Sneasler
|-supereffective|p2a: Pumpy the Grumpy
|-damage|p1b: Sneasler|0 fnt
|-damage|p2a: Pumpy the Grumpy|0 fnt
|-damage|p2b: Dinko|52/100
|faint|p1b: Sneasler
|faint|p2a: Pumpy the Grumpy
|
|-status|p2b: Dinko|brn|[from] item: Flame Orb
|upkeep
|
|t:|1755357696
|switch|p1b: Tyranitar|Tyranitar, L50, M|100/100
|switch|p2a: Big Bird|Kilowattrel, L50, F|100/100
|-weather|Sandstorm|[from] ability: Sand Stream|[of] p1b: Tyranitar
|turn|3
|
|t:|1755357707
|move|p2b: Dinko|Protect|p2b: Dinko
|-singleturn|p2b: Dinko|Protect
|move|p1a: Excadrill|High Horsepower|p2b: Dinko
|-activate|p2b: Dinko|move: Protect
|move|p2a: Big Bird|Tailwind|p2a: Big Bird
|-sidestart|p2: bennoVGC|move: Tailwind
|move|p1b: Tyranitar|Rock Slide|p2a: Big Bird|[spread] p2a
|-activate|p2b: Dinko|move: Protect
|-supereffective|p2a: Big Bird
|-enditem|p2a: Big Bird|Focus Sash
|-damage|p2a: Big Bird|1/100
|
|-weather|Sandstorm|[upkeep]
|-damage|p2a: Big Bird|0 fnt|[from] Sandstorm
|faint|p2a: Big Bird
|-damage|p2b: Dinko|46/100 brn|[from] brn
|upkeep
|
|t:|1755357709
|switch|p2a: 뽀록나|Amoonguss, L50, F, shiny, tera:Fairy|84/100
|turn|4
|
|t:|1755357738
|move|p2b: Dinko|Protect|p2b: Dinko
|-singleturn|p2b: Dinko|Protect
|move|p1a: Excadrill|Earthquake|p2a: 뽀록나|[spread] p1b,p2a
|-activate|p2b: Dinko|move: Protect
|-supereffective|p1b: Tyranitar
|-crit|p1b: Tyranitar
|-damage|p1b: Tyranitar|0 fnt
|-damage|p2a: 뽀록나|32/100
|faint|p1b: Tyranitar
|move|p2a: 뽀록나|Spore|p1a: Excadrill
|-status|p1a: Excadrill|slp|[from] move: Spore
|
|-weather|Sandstorm|[upkeep]
|-damage|p2a: 뽀록나|26/100|[from] Sandstorm
|-damage|p2b: Dinko|41/100 brn|[from] brn
|upkeep
|turn|5
|-message|namboyVGC forfeited.
|
|win|bennoVGC
|raw|namboyVGC's rating: 1330 → 1311(-19 for losing)
|raw|bennoVGC's rating: 1349 → 1368(+19 for winning)
|l|☆namboyVGC
|player|p1|
