|j|☆ariel.mr_
|j|☆cooledoregon
|html|ariel.mr_cooledoregon    
|uhtml|bestof|Game 2 of a best-of-3
|t:|1783489618
|gametype|doubles
|player|p1|ariel.mr_|hilbert|1308
|player|p2|cooledoregon|266|1246
|gen|9
|tier|[Gen 9 Champions] VGC 2026 Reg M-B (Bo3)
|rated|
|rule|Species Clause: Limit one of each Pokémon
|rule|Item Clause: Limit 1 of each item
|clearpoke
|poke|p1|Charizard, L50, M, shiny|
|poke|p1|Kingambit, L50, F|
|poke|p1|Sylveon, L50, M|
|poke|p1|Garchomp, L50, F|
|poke|p1|Aerodactyl, L50, F|
|poke|p1|Farigiraf, L50, F|
|poke|p2|Excadrill, L50, M, shiny|
|poke|p2|Tyranitar, L50, M, shiny|
|poke|p2|Corviknight, L50, M, shiny|
|poke|p2|Houndstone, L50, F, shiny|
|poke|p2|Farigiraf, L50, M|
|poke|p2|Meganium, L50, F|
|teampreview|4
|showteam|p1|Charizard||CharizarditeY|SolarPower|Protect,HeatWave,SolarBeam,WeatherBall|Modest||M|||50|]Kingambit||FocusSash|Defiant|IronHead,SuckerPunch,KowtowCleave,LowKick|Adamant||F|||50|]Sylveon||FairyFeather|Pixilate|Protect,HyperVoice,HyperBeam,QuickAttack|Modest||M|||50|]Garchomp||LifeOrb|RoughSkin|Protect,DragonClaw,Earthquake,RockSlide|Jolly||F|||50|]Aerodactyl||Aerodactylite|Unnerve|IceFang,RockSlide,Tailwind,DualWingbeat|Jolly||F|||50|]Farigiraf||SitrusBerry|ArmorTail|TrickRoom,Psychic,Thunderbolt,Roar|Bold||F|||50|
|showteam|p2|Excadrill||FocusSash|SandRush|Earthquake,IronHead,RockSlide,Protect|Adamant||M|||50|]Tyranitar||Tyranitarite|SandStream|RockSlide,KnockOff,LowKick,Protect|Adamant||M|||50|]Corviknight||Leftovers|MirrorArmor|BraveBird,BulkUp,Roost,Tailwind|Careful||M|||50|]Houndstone||SitrusBerry|SandRush|LastRespects,WillOWisp,BodyPress,Protect|Adamant||F|||50|]Farigiraf||ColburBerry|ArmorTail|TwinBeam,TrickRoom,Protect,MirrorCoat|Bold||M|||50|]Meganium||Meganiumite|Overgrow|SolarBeam,WeatherBall,DazzlingGleam,Protect|Modest||F|||50|
|inactive|Battle timer is ON: inactive players will automatically lose when time's up. (requested by cooledoregon)
|inactive|ariel.mr_ also wants the timer to be on.
|inactive|cooledoregon has 60 seconds left.
|
|t:|1783489655
|teamsize|p1|4
|teamsize|p2|4
|start
|switch|p1a: Kingambit|Kingambit, L50, F|100/100
|switch|p1b: Aerodactyl|Aerodactyl, L50, F|100/100
|switch|p2a: Corvo della notte|Corviknight, L50, M, shiny|100/100
|switch|p2b: Borer|Excadrill, L50, M, shiny|100/100
|-ability|p1b: Aerodactyl|Unnerve
|turn|1
|inactive|ariel.mr_ has 30 seconds left.
|
|t:|1783489688
|detailschange|p1b: Aerodactyl|Aerodactyl-Mega, L50, F
|-mega|p1b: Aerodactyl|Aerodactyl|Aerodactylite
|move|p1b: Aerodactyl|Rock Slide|p2a: Corvo della notte|[spread] p2a,p2b
|-resisted|p2b: Borer|2
|-damage|p2a: Corvo della notte|77/100
|-damage|p2b: Borer|89/100
|cant|p2b: Borer|flinch
|move|p2a: Corvo della notte|Bulk Up|p2a: Corvo della notte
|-boost|p2a: Corvo della notte|atk|1
|-boost|p2a: Corvo della notte|def|1
|move|p1a: Kingambit|Kowtow Cleave|p2a: Corvo della notte
|-damage|p2a: Corvo della notte|49/100
|
|-heal|p2a: Corvo della notte|55/100|[from] item: Leftovers
|upkeep
|turn|2
|
|t:|1783489712
|switch|p2b: o7|Houndstone, L50, F, shiny|100/100
|move|p1b: Aerodactyl|Tailwind|p1b: Aerodactyl
|-sidestart|p1: ariel.mr_|move: Tailwind
|move|p1a: Kingambit|Low Kick|p2b: o7
|-immune|p2b: o7
|move|p2a: Corvo della notte|Roost|p2a: Corvo della notte
|-heal|p2a: Corvo della notte|100/100
|-singleturn|p2a: Corvo della notte|move: Roost
|
|upkeep
|turn|3
|inactive|cooledoregon has 30 seconds left.
|
|t:|1783489739
|move|p2b: o7|Protect|p2b: o7
|-singleturn|p2b: o7|Protect
|move|p1b: Aerodactyl|Rock Slide|p2b: o7|[spread] p2a
|-activate|p2b: o7|move: Protect
|-crit|p2a: Corvo della notte
|-damage|p2a: Corvo della notte|66/100
|move|p1a: Kingambit|Kowtow Cleave|p2b: o7
|-activate|p2b: o7|move: Protect
|cant|p2a: Corvo della notte|flinch
|
|-heal|p2a: Corvo della notte|72/100|[from] item: Leftovers
|upkeep
|turn|4
|
|t:|1783489763
|switch|p2b: Tormentilla|Tyranitar, L50, M, shiny|100/100
|-weather|Sandstorm|[from] ability: Sand Stream|[of] p2b: Tormentilla
|move|p1b: Aerodactyl|Rock Slide|p2b: Tormentilla|[spread] p2a,p2b
|-damage|p2a: Corvo della notte|58/100
|-damage|p2b: Tormentilla|79/100
|move|p1a: Kingambit|Kowtow Cleave|p2b: Tormentilla
|-resisted|p2b: Tormentilla|1
|-damage|p2b: Tormentilla|58/100
|move|p2a: Corvo della notte|Brave Bird|p1a: Kingambit
|-resisted|p1a: Kingambit|1
|-damage|p1a: Kingambit|74/100
|-damage|p2a: Corvo della notte|51/100|[from] Recoil
|
|-weather|Sandstorm|[upkeep]
|-heal|p2a: Corvo della notte|57/100|[from] item: Leftovers
|upkeep
|turn|5
|
|t:|1783489785
|switch|p2b: o7|Houndstone, L50, F, shiny|100/100
|move|p1b: Aerodactyl|Rock Slide|p2b: o7|[spread] p2a,p2b
|-damage|p2a: Corvo della notte|42/100
|-damage|p2b: o7|76/100
|move|p1a: Kingambit|Iron Head|p2b: o7
|-damage|p2b: o7|32/100
|-enditem|p2b: o7|Sitrus Berry|[eat]
|-heal|p2b: o7|57/100|[from] item: Sitrus Berry
|cant|p2a: Corvo della notte|flinch
|
|-weather|Sandstorm|[upkeep]
|-heal|p2a: Corvo della notte|48/100|[from] item: Leftovers
|-sideend|p1: ariel.mr_|move: Tailwind
|upkeep
|turn|6
|inactive|ariel.mr_ has 30 seconds left.
|
|t:|1783489812
|move|p2b: o7|Will-O-Wisp|p1a: Kingambit|[miss]
|-miss|p2b: o7|p1a: Kingambit
|move|p1b: Aerodactyl|Rock Slide|p2a: Corvo della notte|[spread] p2a,p2b
|-damage|p2a: Corvo della notte|33/100
|-damage|p2b: o7|32/100
|move|p2a: Corvo della notte|Roost|p2a: Corvo della notte
|-heal|p2a: Corvo della notte|83/100
|-singleturn|p2a: Corvo della notte|move: Roost
|move|p1a: Kingambit|Kowtow Cleave|p2a: Corvo della notte
|-damage|p2a: Corvo della notte|53/100
|
|-weather|Sandstorm|[upkeep]
|-heal|p2a: Corvo della notte|59/100|[from] item: Leftovers
|upkeep
|turn|7
|
|t:|1783489835
|move|p2b: o7|Will-O-Wisp|p1a: Kingambit
|-status|p1a: Kingambit|brn
|move|p1b: Aerodactyl|Rock Slide|p2b: o7|[spread] p2a,p2b
|-crit|p2a: Corvo della notte
|-damage|p2a: Corvo della notte|21/100
|-damage|p2b: o7|7/100
|move|p2a: Corvo della notte|Tailwind|p2a: Corvo della notte
|-sidestart|p2: cooledoregon|move: Tailwind
|move|p1a: Kingambit|Kowtow Cleave|p2b: o7
|-supereffective|p2b: o7|1
|-damage|p2b: o7|0 fnt
|faint|p2b: o7
|
|-weather|Sandstorm|[upkeep]
|-heal|p2a: Corvo della notte|27/100|[from] item: Leftovers
|-damage|p1a: Kingambit|68/100 brn|[from] brn
|upkeep
|
|t:|1783489843
|switch|p2b: Borer|Excadrill, L50, M, shiny|89/100
|turn|8
|
|t:|1783489857
|move|p2b: Borer|Earthquake|p1b: Aerodactyl|[spread] p1a
|-immune|p2a: Corvo della notte
|-immune|p1b: Aerodactyl
|-supereffective|p1a: Kingambit|1
|-damage|p1a: Kingambit|0 fnt
|faint|p1a: Kingambit
|move|p1b: Aerodactyl|Tailwind|p1b: Aerodactyl
|-sidestart|p1: ariel.mr_|move: Tailwind
|move|p2a: Corvo della notte|Roost|p2a: Corvo della notte
|-heal|p2a: Corvo della notte|77/100
|-singleturn|p2a: Corvo della notte|move: Roost
|
|-weather|none
|-heal|p2a: Corvo della notte|83/100|[from] item: Leftovers
|upkeep
|
|t:|1783489870
|switch|p1a: Sylveon|Sylveon, L50, M|100/100
|turn|9
|inactive|cooledoregon has 30 seconds left.
|
|t:|1783489900
|switch|p1a: Charizard|Charizard, L50, M, shiny|100/100
|move|p1b: Aerodactyl|Rock Slide|p2b: Borer|[spread] p2a,p2b
|-resisted|p2b: Borer|2
|-damage|p2a: Corvo della notte|69/100
|-damage|p2b: Borer|80/100
|move|p2b: Borer|Iron Head|p1a: Charizard
|-resisted|p1a: Charizard|1
|-damage|p1a: Charizard|78/100
|cant|p2a: Corvo della notte|flinch
|
|-heal|p2a: Corvo della notte|75/100|[from] item: Leftovers
|upkeep
|turn|10
|
|t:|1783489915
|switch|p2a: Tormentilla|Tyranitar, L50, M, shiny|58/100
|-weather|Sandstorm|[from] ability: Sand Stream|[of] p2a: Tormentilla
|move|p2b: Borer|Rock Slide|p1b: Aerodactyl|[spread] p1a,p1b
|-supereffective|p1a: Charizard|2
|-supereffective|p1b: Aerodactyl|1
|-damage|p1a: Charizard|0 fnt
|-damage|p1b: Aerodactyl|45/100
|faint|p1a: Charizard
|move|p1b: Aerodactyl|Rock Slide|p2a: Tormentilla|[spread] p2a,p2b
|-resisted|p2b: Borer|2
|-damage|p2a: Tormentilla|35/100
|-damage|p2b: Borer|70/100
|
|-weather|Sandstorm|[upkeep]
|-sideend|p2: cooledoregon|move: Tailwind
|upkeep
|
|t:|1783489928
|switch|p1a: Sylveon|Sylveon, L50, M|100/100
|turn|11
|
|t:|1783489941
|detailschange|p2a: Tormentilla|Tyranitar-Mega, L50, M, shiny
|-mega|p2a: Tormentilla|Tyranitar|Tyranitarite
|move|p2b: Borer|Protect|p2b: Borer
|-singleturn|p2b: Borer|Protect
|move|p2a: Tormentilla|Protect|p2a: Tormentilla
|-singleturn|p2a: Tormentilla|Protect
|move|p1b: Aerodactyl|Ice Fang|p2b: Borer
|-activate|p2b: Borer|move: Protect
|move|p1a: Sylveon|Hyper Voice|p2a: Tormentilla|[spread] 
|-activate|p2a: Tormentilla|move: Protect
|-activate|p2b: Borer|move: Protect
|
|-weather|Sandstorm|[upkeep]
|-damage|p1a: Sylveon|93/100|[from] Sandstorm
|-sideend|p1: ariel.mr_|move: Tailwind
|upkeep
|turn|12
|
|t:|1783489962
|move|p2b: Borer|Iron Head|p1b: Aerodactyl
|-supereffective|p1b: Aerodactyl|1
|-damage|p1b: Aerodactyl|0 fnt
|faint|p1b: Aerodactyl
|move|p2a: Tormentilla|Knock Off|p1a: Sylveon
|-resisted|p1a: Sylveon|1
|-damage|p1a: Sylveon|62/100
|-enditem|p1a: Sylveon|Fairy Feather|[from] move: Knock Off|[of] p2a: Tormentilla
|move|p1a: Sylveon|Hyper Voice|p2b: Borer|[spread] p2a,p2b
|-supereffective|p2a: Tormentilla|1
|-resisted|p2b: Borer|1
|-damage|p2a: Tormentilla|0 fnt
|-damage|p2b: Borer|46/100
|faint|p2a: Tormentilla
|
|-weather|Sandstorm|[upkeep]
|-damage|p1a: Sylveon|55/100|[from] Sandstorm
|upkeep
|
|t:|1783489964
|switch|p2a: Corvo della notte|Corviknight, L50, M, shiny|75/100
|turn|13
|
|t:|1783489968
|move|p2b: Borer|Iron Head|p1a: Sylveon
|-supereffective|p1a: Sylveon|1
|-damage|p1a: Sylveon|0 fnt
|faint|p1a: Sylveon
|
|win|cooledoregon
|raw|ariel.mr_'s rating: 1308 → 1284(-24 for losing)
|raw|cooledoregon's rating: 1246 → 1275(+29 for winning)
|l|☆ariel.mr_
|player|p1|
