|j|☆anivgc
|j|☆grimmnay
|html|anivgcgrimmnay    
|uhtml|bestof|Game 2 of a best-of-3
|t:|1756394211
|gametype|doubles
|player|p1|anivgc|2|1335
|player|p2|grimmnay|crasherwake|1380
|gen|9
|tier|[Gen 9] VGC 2025 Reg H (Bo3)
|rated|
|rule|Species Clause: Limit one of each Pokémon
|rule|Item Clause: Limit 1 of each item
|clearpoke
|poke|p1|Amoonguss, L50, M|
|poke|p1|Sneasler, L50, M|
|poke|p1|Gholdengo, L50|
|poke|p1|Incineroar, L50, F|
|poke|p1|Ursaluna-Bloodmoon, L50, M|
|poke|p1|Dragonite, L50, M|
|poke|p2|Archaludon, L50, F|
|poke|p2|Dragonite, L50, M|
|poke|p2|Pelipper, L50, F|
|poke|p2|Ursaluna, L50, M|
|poke|p2|Sinistcha, L50|
|poke|p2|Gholdengo, L50|
|teampreview|4
|showteam|p1|Amoonguss||SitrusBerry|Regenerator|RagePowder,Spore,PollenPuff,Protect|||M|||50|,,,,,Psychic]Sneasler||FocusSash|Unburden|Protect,DireClaw,CloseCombat,ThroatChop|||M|||50|,,,,,Stellar]Gholdengo||LifeOrb|GoodasGold|Protect,MakeItRain,ShadowBall,NastyPlot||||||50|,,,,,Water]Incineroar||SafetyGoggles|Intimidate|KnockOff,PartingShot,FlareBlitz,FakeOut|||F|||50|,,,,,Ghost]Ursaluna-Bloodmoon||AssaultVest|MindsEye|BloodMoon,EarthPower,VacuumWave,HyperVoice|||M|||50|,,,,,Water]Dragonite||LoadedDice|Multiscale|ScaleShot,Tailwind,Haze,Protect|||M|||50|,,,,,Fairy
|showteam|p2|Archaludon||AssaultVest|Stamina|FlashCannon,BodyPress,ElectroShot,Snarl|||F|||50|,,,,,Fighting]Dragonite||LoadedDice|Multiscale|ScaleShot,Tailwind,Haze,Protect|||M|||50|,,,,,Fairy]Pelipper||FocusSash|Drizzle|MuddyWater,Hurricane,Tailwind,Protect|||F|||50|,,,,,Ghost]Ursaluna||FlameOrb|Guts|Facade,HeadlongRush,Earthquake,Protect|||M|||50|,,,,,Ghost]Sinistcha||SitrusBerry|Hospitality|MatchaGotcha,LifeDew,RagePowder,TrickRoom||||||50|,,,,,Dark]Gholdengo||ChoiceScarf|GoodasGold|MakeItRain,ShadowBall,Trick,Protect||||||50|,,,,,Flying
|inactive|Battle timer is ON: inactive players will automatically lose when time's up. (requested by grimmnay)
|
|t:|1756394234
|teamsize|p1|4
|teamsize|p2|4
|start
|switch|p1a: Ursaluna|Ursaluna-Bloodmoon, L50, M|100/100
|switch|p1b: Incineroar|Incineroar, L50, F|100/100
|switch|p2a: Dragonite|Dragonite, L50, M|100/100
|switch|p2b: Ursaluna|Ursaluna, L50, M|100/100
|-ability|p1b: Incineroar|Intimidate|boost
|-unboost|p2a: Dragonite|atk|1
|-unboost|p2b: Ursaluna|atk|1
|turn|1
|
|t:|1756394247
|switch|p2a: Archaludon|Archaludon, L50, F|100/100
|move|p2b: Ursaluna|Protect|p2b: Ursaluna
|-singleturn|p2b: Ursaluna|Protect
|move|p1b: Incineroar|Fake Out|p2a: Archaludon
|-resisted|p2a: Archaludon
|-damage|p2a: Archaludon|96/100
|-ability|p2a: Archaludon|Stamina|boost
|-boost|p2a: Archaludon|def|1
|move|p1a: Ursaluna|Blood Moon|p2b: Ursaluna
|-activate|p2b: Ursaluna|move: Protect
|
|-status|p2b: Ursaluna|brn|[from] item: Flame Orb
|upkeep
|turn|2
|inactive|grimmnay has 30 seconds left.
|inactive|grimmnay has 20 seconds left.
|inactive|grimmnay has 15 seconds left.
|inactive|grimmnay has 10 seconds left.
|inactive|grimmnay has 5 seconds left.
|
|t:|1756394298
|switch|p2b: Dragonite|Dragonite, L50, M|100/100
|move|p1b: Incineroar|Parting Shot|p2b: Dragonite
|-unboost|p2b: Dragonite|atk|1
|-unboost|p2b: Dragonite|spa|1
|
|t:|1756394307
|switch|p1b: Gholdengo|Gholdengo, L50|100/100|[from] Parting Shot
|move|p2a: Archaludon|Snarl|p1b: Gholdengo|[spread] p1b
|-miss|p2a: Archaludon|p1a: Ursaluna
|-supereffective|p1b: Gholdengo
|-damage|p1b: Gholdengo|70/100
|-unboost|p1b: Gholdengo|spa|1
|move|p1a: Ursaluna|Earth Power|p2a: Archaludon
|-supereffective|p2a: Archaludon
|-damage|p2a: Archaludon|22/100
|-ability|p2a: Archaludon|Stamina|boost
|-boost|p2a: Archaludon|def|1
|
|upkeep
|turn|3
|
|t:|1756394326
|switch|p1b: Incineroar|Incineroar, L50, F|100/100
|-ability|p1b: Incineroar|Intimidate|boost
|-unboost|p2a: Archaludon|atk|1
|-unboost|p2b: Dragonite|atk|1
|switch|p2b: Sinistcha|Sinistcha, L50|100/100
|-heal|p2a: Archaludon|47/100|[from] ability: Hospitality|[of] p2b: Sinistcha
|move|p1a: Ursaluna|Vacuum Wave|p2a: Archaludon
|-supereffective|p2a: Archaludon
|-damage|p2a: Archaludon|23/100
|-ability|p2a: Archaludon|Stamina|boost
|-boost|p2a: Archaludon|def|1
|move|p2a: Archaludon|Body Press|p1a: Ursaluna
|-supereffective|p1a: Ursaluna
|-damage|p1a: Ursaluna|19/100
|
|upkeep
|turn|4
|inactive|grimmnay has 30 seconds left.
|
|t:|1756394360
|move|p1b: Incineroar|Fake Out|p2a: Archaludon
|-resisted|p2a: Archaludon
|-damage|p2a: Archaludon|21/100
|-ability|p2a: Archaludon|Stamina|boost
|-boost|p2a: Archaludon|def|1
|cant|p2a: Archaludon|flinch
|move|p2b: Sinistcha|Matcha Gotcha|p1b: Incineroar|[spread] p1a,p1b
|-supereffective|p1a: Ursaluna
|-resisted|p1b: Incineroar
|-damage|p1a: Ursaluna|0 fnt
|-damage|p1b: Incineroar|90/100
|faint|p1a: Ursaluna
|
|upkeep
|
|t:|1756394368
|switch|p1a: Amoonguss|Amoonguss, L50, M|100/100
|turn|5
|inactive|grimmnay has 30 seconds left.
|inactive|grimmnay has 20 seconds left.
|inactive|grimmnay has 15 seconds left.
|inactive|grimmnay has 10 seconds left.
|
|t:|1756394414
|-terastallize|p1b: Incineroar|Ghost
|move|p1b: Incineroar|Flare Blitz|p2b: Sinistcha
|-supereffective|p2b: Sinistcha
|-damage|p2b: Sinistcha|12/100
|-enditem|p2b: Sinistcha|Sitrus Berry|[eat]
|-heal|p2b: Sinistcha|36/100|[from] item: Sitrus Berry
|-damage|p1b: Incineroar|62/100|[from] Recoil
|move|p2a: Archaludon|Flash Cannon|p1a: Amoonguss
|-damage|p1a: Amoonguss|66/100
|move|p1a: Amoonguss|Spore|p2a: Archaludon
|-status|p2a: Archaludon|slp|[from] move: Spore
|move|p2b: Sinistcha|Trick Room|p2b: Sinistcha
|-fieldstart|move: Trick Room|[of] p2b: Sinistcha
|
|upkeep
|turn|6
|
|t:|1756394437
|switch|p1b: Gholdengo|Gholdengo, L50|70/100
|move|p1a: Amoonguss|Pollen Puff|p1b: Gholdengo
|-heal|p1b: Gholdengo|100/100
|move|p2b: Sinistcha|Life Dew|p2b: Sinistcha|[spread] p2a,p2b
|-heal|p2a: Archaludon|46/100 slp
|-heal|p2b: Sinistcha|62/100
|cant|p2a: Archaludon|slp
|
|upkeep
|turn|7
|
|t:|1756394461
|switch|p1a: Incineroar|Incineroar, L50, F, tera:Ghost|62/100
|-ability|p1a: Incineroar|Intimidate|boost
|-unboost|p2a: Archaludon|atk|1
|-unboost|p2b: Sinistcha|atk|1
|switch|p2a: Ursaluna|Ursaluna, L50, M|100/100 brn
|move|p2b: Sinistcha|Matcha Gotcha|p1a: Incineroar|[spread] p1a,p1b
|-resisted|p1b: Gholdengo
|-damage|p1a: Incineroar|39/100
|-heal|p2b: Sinistcha|75/100|[from] drain|[of] p1a: Incineroar
|-damage|p1b: Gholdengo|88/100
|-heal|p2b: Sinistcha|81/100|[from] drain|[of] p1b: Gholdengo
|move|p1b: Gholdengo|Shadow Ball|p2a: Ursaluna
|-immune|p2a: Ursaluna
|
|-damage|p2a: Ursaluna|94/100 brn|[from] brn
|upkeep
|turn|8
|inactive|anivgc has 30 seconds left.
|inactive|grimmnay has 30 seconds left.
|
|t:|1756394492
|switch|p2b: Dragonite|Dragonite, L50, M|100/100
|switch|p1a: Amoonguss|Amoonguss, L50, M|99/100
|-terastallize|p2a: Ursaluna|Ghost
|move|p1b: Gholdengo|Protect|p1b: Gholdengo
|-singleturn|p1b: Gholdengo|Protect
|move|p2a: Ursaluna|Earthquake|p1b: Gholdengo|[spread] p1a
|-activate|p1b: Gholdengo|move: Protect
|-immune|p2b: Dragonite
|-damage|p1a: Amoonguss|45/100
|-enditem|p1a: Amoonguss|Sitrus Berry|[eat]
|-heal|p1a: Amoonguss|70/100|[from] item: Sitrus Berry
|
|-damage|p2a: Ursaluna|88/100 brn|[from] brn
|upkeep
|turn|9
|inactive|grimmnay has 30 seconds left.
|
|t:|1756394519
|switch|p1b: Incineroar|Incineroar, L50, F, tera:Ghost|39/100
|-ability|p1b: Incineroar|Intimidate|boost
|-unboost|p2a: Ursaluna|atk|1
|-unboost|p2b: Dragonite|atk|1
|move|p1a: Amoonguss|Pollen Puff|p1b: Incineroar
|-heal|p1b: Incineroar|89/100
|move|p2a: Ursaluna|Earthquake|p1a: Amoonguss|[spread] p1a,p1b
|-immune|p2b: Dragonite
|-damage|p1a: Amoonguss|33/100
|-damage|p1b: Incineroar|49/100
|move|p2b: Dragonite|Tailwind|p2b: Dragonite
|-sidestart|p2: grimmnay|move: Tailwind
|
|-damage|p2a: Ursaluna|82/100 brn|[from] brn
|-fieldend|move: Trick Room
|upkeep
|turn|10
|
|t:|1756394543
|move|p1b: Incineroar|Fake Out|p2b: Dragonite
|-damage|p2b: Dragonite|94/100
|cant|p2b: Dragonite|flinch
|move|p2a: Ursaluna|Headlong Rush|p1a: Amoonguss
|-damage|p1a: Amoonguss|0 fnt
|-unboost|p2a: Ursaluna|def|1
|-unboost|p2a: Ursaluna|spd|1
|faint|p1a: Amoonguss
|
|-damage|p2a: Ursaluna|75/100 brn|[from] brn
|upkeep
|
|t:|1756394549
|switch|p1a: Gholdengo|Gholdengo, L50|88/100
|turn|11
|inactive|grimmnay has 30 seconds left.
|inactive|grimmnay has 20 seconds left.
|inactive|grimmnay has 15 seconds left.
|inactive|grimmnay has 10 seconds left.
|
|t:|1756394598
|switch|p2b: Sinistcha|Sinistcha, L50|81/100
|-heal|p2a: Ursaluna|100/100 brn|[from] ability: Hospitality|[of] p2b: Sinistcha
|move|p1a: Gholdengo|Shadow Ball|p2a: Ursaluna
|-supereffective|p2a: Ursaluna
|-damage|p2a: Ursaluna|0 fnt
|faint|p2a: Ursaluna
|-damage|p1a: Gholdengo|79/100|[from] item: Life Orb
|move|p1b: Incineroar|Knock Off|p2b: Sinistcha
|-supereffective|p2b: Sinistcha
|-damage|p2b: Sinistcha|24/100
|
|upkeep
|
|t:|1756394609
|switch|p2a: Dragonite|Dragonite, L50, M|94/100
|turn|12
|l|☆anivgc
|inactive|anivgc disconnected and has a minute to reconnect!
|player|p1|
|j|☆anivgc
|inactive|anivgc reconnected and has 45 seconds left.
|player|p1|anivgc|2|
|l|☆anivgc
|inactive|anivgc disconnected and has a minute to reconnect!
|player|p1|
|j|☆anivgc
|inactive|anivgc reconnected and has 35 seconds left.
|player|p1|anivgc|2|
|inactive|anivgc has 30 seconds left.
|
|t:|1756394644
|move|p2a: Dragonite|Scale Shot|p1b: Incineroar
|-damage|p1b: Incineroar|35/100
|-damage|p1b: Incineroar|21/100
|-damage|p1b: Incineroar|7/100
|-damage|p1b: Incineroar|0 fnt
|faint|p1b: Incineroar
|-hitcount|p1: Incineroar|4
|-unboost|p2a: Dragonite|def|1
|-boost|p2a: Dragonite|spe|1
|move|p2b: Sinistcha|Matcha Gotcha|p1a: Gholdengo
|-resisted|p1a: Gholdengo
|-damage|p1a: Gholdengo|59/100
|-heal|p2b: Sinistcha|34/100|[from] drain|[of] p1a: Gholdengo
|move|p1a: Gholdengo|Make It Rain|p2a: Dragonite|[spread] p2a,p2b
|-damage|p2a: Dragonite|29/100
|-damage|p2b: Sinistcha|0 fnt
|-unboost|p1a: Gholdengo|spa|1
|faint|p2b: Sinistcha
|-damage|p1a: Gholdengo|50/100|[from] item: Life Orb
|
|-sideend|p2: grimmnay|move: Tailwind
|upkeep
|
|t:|1756394662
|switch|p2b: Archaludon|Archaludon, L50, F|46/100 slp
|turn|13
|
|t:|1756394676
|move|p2a: Dragonite|Protect|p2a: Dragonite
|-singleturn|p2a: Dragonite|Protect
|move|p1a: Gholdengo|Nasty Plot|p1a: Gholdengo
|-boost|p1a: Gholdengo|spa|2
|cant|p2b: Archaludon|slp
|
|upkeep
|turn|14
|
|t:|1756394691
|move|p2a: Dragonite|Scale Shot|p1a: Gholdengo
|-resisted|p1a: Gholdengo
|-damage|p1a: Gholdengo|42/100
|-resisted|p1a: Gholdengo
|-damage|p1a: Gholdengo|35/100
|-resisted|p1a: Gholdengo
|-damage|p1a: Gholdengo|27/100
|-resisted|p1a: Gholdengo
|-damage|p1a: Gholdengo|19/100
|-resisted|p1a: Gholdengo
|-damage|p1a: Gholdengo|11/100
|-hitcount|p1a: Gholdengo|5
|-unboost|p2a: Dragonite|def|1
|-boost|p2a: Dragonite|spe|1
|move|p1a: Gholdengo|Shadow Ball|p2b: Archaludon
|-damage|p2b: Archaludon|0 fnt
|faint|p2b: Archaludon
|-damage|p1a: Gholdengo|2/100|[from] item: Life Orb
|
|upkeep
|turn|15
|
|t:|1756394708
|move|p2a: Dragonite|Scale Shot|p1a: Gholdengo
|-resisted|p1a: Gholdengo
|-damage|p1a: Gholdengo|0 fnt
|faint|p1a: Gholdengo
|-hitcount|p1: Gholdengo|1
|
|win|grimmnay
||anivgc is ready for game 3.
||grimmnay is ready for game 3.
|uhtml|next|Next: Game 3 of 3
|l|☆anivgc
|player|p1|
