|j|☆Setta09
|j|☆inexon
|html|Setta09inexon    
|uhtml|bestof|Game 2 of a best-of-3
|t:|1756287569
|gametype|doubles
|player|p1|Setta09|101|1134
|player|p2|inexon|265|1089
|gen|9
|tier|[Gen 9] VGC 2025 Reg H (Bo3)
|rated|
|rule|Species Clause: Limit one of each Pokémon
|rule|Item Clause: Limit 1 of each item
|clearpoke
|poke|p1|Dragonite, L50, M|
|poke|p1|Annihilape, L50, F|
|poke|p1|Gholdengo, L50|
|poke|p1|Electabuzz, L50, F|
|poke|p1|Incineroar, L50, F|
|poke|p1|Rillaboom, L50, F|
|poke|p2|Dragonite, L50, M|
|poke|p2|Gholdengo, L50|
|poke|p2|Sneasler, L50, F|
|poke|p2|Indeedee, L50, M|
|poke|p2|Incineroar, L50, F|
|poke|p2|Ursaluna-Bloodmoon, L50, M|
|teampreview|4
|showteam|p1|Dragonite||LoadedDice|Multiscale|ScaleShot,ExtremeSpeed,Haze,Protect|||M|||50|,,,,,Fairy]Annihilape||FocusSash|Defiant|RageFist,CloseCombat,Coaching,Taunt|||F|||50|,,,,,Stellar]Gholdengo||SitrusBerry|GoodasGold|MakeItRain,ShadowBall,NastyPlot,Protect||||||50|,,,,,Water]Electabuzz||Eviolite|VitalSpirit|Thunderbolt,Electroweb,FollowMe,Protect|||F|||50|,,,,,Dragon]Incineroar||MirrorHerb|Intimidate|FakeOut,FlareBlitz,KnockOff,PartingShot|||F|||50|,,,,,Ghost]Rillaboom||AssaultVest|GrassySurge|WoodHammer,GrassyGlide,Uturn,FakeOut|||F|||50|,,,,,Fire
|showteam|p2|Dragonite||LoadedDice|Multiscale|ScaleShot,ExtremeSpeed,Haze,Protect|||M|||50|,,,,,Flying]Gholdengo||LifeOrb|GoodasGold|MakeItRain,ShadowBall,NastyPlot,Protect||||||50|,,,,,Steel]Sneasler||PsychicSeed|Unburden|DireClaw,ThroatChop,FakeOut,CloseCombat|||F|||50|,,,,,Dark]Indeedee||SitrusBerry|PsychicSurge|ExpandingForce,TrickRoom,ShadowBall,Protect|||M|||50|,,,,,Ghost]Incineroar||SafetyGoggles|Intimidate|FakeOut,PartingShot,KnockOff,FlareBlitz|||F|||50|,,,,,Water]Ursaluna-Bloodmoon||AssaultVest|MindsEye|BloodMoon,HyperVoice,EarthPower,VacuumWave|||M|||50|,,,,,Ghost
|inactive|Battle timer is ON: inactive players will automatically lose when time's up. (requested by inexon)
|inactive|Setta09 has 60 seconds left.
|
|t:|1756287603
|teamsize|p1|4
|teamsize|p2|4
|start
|switch|p1a: Gholdengo|Gholdengo, L50|100/100
|switch|p1b: Rillaboom|Rillaboom, L50, F|100/100
|switch|p2a: Sneasler|Sneasler, L50, F|100/100
|switch|p2b: Dragonite|Dragonite, L50, M|100/100
|-fieldstart|move: Grassy Terrain|[from] ability: Grassy Surge|[of] p1b: Rillaboom
|turn|1
|
|t:|1756287625
|switch|p2b: Indeedee|Indeedee, L50, M|100/100
|-fieldstart|move: Psychic Terrain|[from] ability: Psychic Surge|[of] p2b: Indeedee
|-enditem|p2a: Sneasler|Psychic Seed
|-boost|p2a: Sneasler|spd|1|[from] item: Psychic Seed
|switch|p1b: Incineroar|Incineroar, L50, F|100/100
|-ability|p1b: Incineroar|Intimidate|boost
|-unboost|p2a: Sneasler|atk|1
|-unboost|p2b: Indeedee|atk|1
|move|p2a: Sneasler|Throat Chop|p1a: Gholdengo
|-supereffective|p1a: Gholdengo
|-damage|p1a: Gholdengo|59/100
|-start|p1a: Gholdengo|Throat Chop|[silent]
|move|p1a: Gholdengo|Nasty Plot|p1a: Gholdengo
|-boost|p1a: Gholdengo|spa|2
|
|upkeep
|turn|2
|inactive|Setta09 has 30 seconds left.
|inactive|inexon has 30 seconds left.
|inactive|inexon has 20 seconds left.
|
|t:|1756287661
|move|p1a: Gholdengo|Protect|p1a: Gholdengo
|-singleturn|p1a: Gholdengo|Protect
|move|p2a: Sneasler|Dire Claw|p1a: Gholdengo
|-activate|p1a: Gholdengo|move: Protect
|move|p2b: Indeedee|Shadow Ball|p1a: Gholdengo
|-activate|p1a: Gholdengo|move: Protect
|move|p1b: Incineroar|Parting Shot|p2a: Sneasler
|-unboost|p2a: Sneasler|atk|1
|-unboost|p2a: Sneasler|spa|1
|
|t:|1756287671
|switch|p1b: Rillaboom|Rillaboom, L50, F|100/100|[from] Parting Shot
|-fieldstart|move: Grassy Terrain|[from] ability: Grassy Surge|[of] p1b: Rillaboom
|
|-heal|p1a: Gholdengo|65/100|[from] Grassy Terrain
|-end|p1a: Gholdengo|Throat Chop|[silent]
|upkeep
|turn|3
|
|t:|1756287692
|switch|p2a: Gholdengo|Gholdengo, L50|100/100
|move|p2b: Indeedee|Protect|p2b: Indeedee
|-singleturn|p2b: Indeedee|Protect
|move|p1b: Rillaboom|Fake Out|p2b: Indeedee
|-activate|p2b: Indeedee|move: Protect
|move|p1a: Gholdengo|Make It Rain|p2b: Indeedee|[spread] p2a
|-activate|p2b: Indeedee|move: Protect
|-resisted|p2a: Gholdengo
|-damage|p2a: Gholdengo|45/100
|-unboost|p1a: Gholdengo|spa|1
|
|-heal|p2a: Gholdengo|51/100|[from] Grassy Terrain
|-heal|p1a: Gholdengo|72/100|[from] Grassy Terrain
|upkeep
|turn|4
|inactive|inexon has 30 seconds left.
|inactive|inexon has 20 seconds left.
|
|t:|1756287727
|move|p1a: Gholdengo|Protect|p1a: Gholdengo
|-singleturn|p1a: Gholdengo|Protect
|move|p2b: Indeedee|Shadow Ball|p1a: Gholdengo
|-activate|p1a: Gholdengo|move: Protect
|move|p2a: Gholdengo|Make It Rain|p1b: Rillaboom|[spread] p1b
|-activate|p1a: Gholdengo|move: Protect
|-damage|p1b: Rillaboom|58/100
|-unboost|p2a: Gholdengo|spa|1
|-damage|p2a: Gholdengo|41/100|[from] item: Life Orb
|move|p1b: Rillaboom|U-turn|p2b: Indeedee
|-supereffective|p2b: Indeedee
|-damage|p2b: Indeedee|3/100
|-enditem|p2b: Indeedee|Sitrus Berry|[eat]
|-heal|p2b: Indeedee|27/100|[from] item: Sitrus Berry
|
|t:|1756287744
|switch|p1b: Incineroar|Incineroar, L50, F|100/100|[from] U-turn
|-ability|p1b: Incineroar|Intimidate|boost
|-unboost|p2a: Gholdengo|atk|1
|-unboost|p2b: Indeedee|atk|1
|
|-heal|p2b: Indeedee|34/100|[from] Grassy Terrain
|-heal|p2a: Gholdengo|47/100|[from] Grassy Terrain
|-heal|p1a: Gholdengo|78/100|[from] Grassy Terrain
|upkeep
|turn|5
|l|☆inexon
|inactive|inexon disconnected and has a minute to reconnect!
|player|p2|
|j|☆inexon
|inactive|inexon reconnected and has 35 seconds left.
|player|p2|inexon|265|
|inactive|Setta09 has 30 seconds left.
|inactive|inexon has 30 seconds left.
|inactive|Setta09 has 20 seconds left.
|inactive|Setta09 has 15 seconds left.
|
|t:|1756287785
|switch|p2b: Sneasler|Sneasler, L50, F|100/100
|-terastallize|p1a: Gholdengo|Water
|move|p2a: Gholdengo|Protect|p2a: Gholdengo
|-singleturn|p2a: Gholdengo|Protect
|move|p1a: Gholdengo|Make It Rain|p2a: Gholdengo|[spread] p2b
|-activate|p2a: Gholdengo|move: Protect
|-damage|p2b: Sneasler|11/100
|-unboost|p1a: Gholdengo|spa|1
|move|p1b: Incineroar|Knock Off|p2a: Gholdengo
|-activate|p2a: Gholdengo|move: Protect
|
|-heal|p2b: Sneasler|17/100|[from] Grassy Terrain
|-heal|p2a: Gholdengo|54/100|[from] Grassy Terrain
|-heal|p1a: Gholdengo|84/100|[from] Grassy Terrain
|upkeep
|turn|6
|inactive|Setta09 has 30 seconds left.
|inactive|Setta09 has 20 seconds left.
|
|t:|1756287822
|switch|p2a: Indeedee|Indeedee, L50, M|34/100
|-fieldstart|move: Psychic Terrain|[from] ability: Psychic Surge|[of] p2a: Indeedee
|switch|p1b: Annihilape|Annihilape, L50, F|100/100
|move|p2b: Sneasler|Dire Claw|p1a: Gholdengo
|-damage|p1a: Gholdengo|39/100
|-status|p1a: Gholdengo|slp
|-enditem|p1a: Gholdengo|Sitrus Berry|[eat]
|-heal|p1a: Gholdengo|63/100 slp|[from] item: Sitrus Berry
|cant|p1a: Gholdengo|slp
|
|upkeep
|turn|7
|inactive|Setta09 has 30 seconds left.
|inactive|inexon has 30 seconds left.
|inactive|Setta09 has 20 seconds left.
|inactive|inexon has 20 seconds left.
|
|t:|1756287861
|switch|p1a: Rillaboom|Rillaboom, L50, F|58/100
|-fieldstart|move: Grassy Terrain|[from] ability: Grassy Surge|[of] p1a: Rillaboom
|move|p2b: Sneasler|Dire Claw|p1a: Rillaboom
|-supereffective|p1a: Rillaboom
|-damage|p1a: Rillaboom|0 fnt
|faint|p1a: Rillaboom
|move|p1b: Annihilape|Rage Fist|p2b: Sneasler
|-damage|p2b: Sneasler|0 fnt
|faint|p2b: Sneasler
|move|p2a: Indeedee|Shadow Ball|p1b: Annihilape
|-supereffective|p1b: Annihilape
|-damage|p1b: Annihilape|51/100
|
|-heal|p1b: Annihilape|57/100|[from] Grassy Terrain
|-heal|p2a: Indeedee|40/100|[from] Grassy Terrain
|upkeep
|
|t:|1756287879
|switch|p2b: Dragonite|Dragonite, L50, M|100/100
|switch|p1a: Gholdengo|Gholdengo, L50, tera:Water|63/100 slp
|turn|8
|
|t:|1756287902
|switch|p1b: Incineroar|Incineroar, L50, F|100/100
|-ability|p1b: Incineroar|Intimidate|boost
|-unboost|p2a: Indeedee|atk|1
|-unboost|p2b: Dragonite|atk|1
|move|p2a: Indeedee|Shadow Ball|p1a: Gholdengo
|-damage|p1a: Gholdengo|39/100 slp
|move|p2b: Dragonite|Scale Shot|p1a: Gholdengo
|-damage|p1a: Gholdengo|29/100 slp
|-damage|p1a: Gholdengo|20/100 slp
|-damage|p1a: Gholdengo|10/100 slp
|-damage|p1a: Gholdengo|0 fnt
|faint|p1a: Gholdengo
|-hitcount|p1: Gholdengo|4
|-unboost|p2b: Dragonite|def|1
|-boost|p2b: Dragonite|spe|1
|-enditem|p1b: Incineroar|Mirror Herb
|-boost|p1b: Incineroar|spe|1|[from] item: Mirror Herb
|
|-heal|p2a: Indeedee|46/100|[from] Grassy Terrain
|upkeep
|
|t:|1756287921
|switch|p1a: Annihilape|Annihilape, L50, F|57/100
|turn|9
|
|t:|1756287935
|move|p2b: Dragonite|Protect|p2b: Dragonite
|-singleturn|p2b: Dragonite|Protect
|move|p2a: Indeedee|Protect|p2a: Indeedee
|-singleturn|p2a: Indeedee|Protect
|move|p1b: Incineroar|Knock Off|p2a: Indeedee
|-activate|p2a: Indeedee|move: Protect
|move|p1a: Annihilape|Coaching|p1b: Incineroar
|-boost|p1b: Incineroar|atk|1
|-boost|p1b: Incineroar|def|1
|
|-heal|p1a: Annihilape|63/100|[from] Grassy Terrain
|-heal|p2a: Indeedee|52/100|[from] Grassy Terrain
|upkeep
|turn|10
|
|t:|1756287956
|move|p2b: Dragonite|Scale Shot|p1b: Incineroar
|-damage|p1b: Incineroar|94/100
|-damage|p1b: Incineroar|88/100
|-damage|p1b: Incineroar|82/100
|-damage|p1b: Incineroar|74/100
|-damage|p1b: Incineroar|68/100
|-hitcount|p1b: Incineroar|5
|-unboost|p2b: Dragonite|def|1
|-boost|p2b: Dragonite|spe|1
|move|p1b: Incineroar|Knock Off|p2a: Indeedee
|-supereffective|p2a: Indeedee
|-damage|p2a: Indeedee|0 fnt
|faint|p2a: Indeedee
|move|p1a: Annihilape|Rage Fist|p2b: Dragonite
|-damage|p2b: Dragonite|52/100
|
|-heal|p1b: Incineroar|74/100|[from] Grassy Terrain
|-heal|p1a: Annihilape|69/100|[from] Grassy Terrain
|upkeep
|
|t:|1756287967
|switch|p2a: Gholdengo|Gholdengo, L50|54/100
|turn|11
|
|t:|1756287987
|-terastallize|p2a: Gholdengo|Steel
|move|p2b: Dragonite|Scale Shot|p1a: Annihilape
|-damage|p1a: Annihilape|57/100
|-damage|p1a: Annihilape|47/100
|-damage|p1a: Annihilape|36/100
|-damage|p1a: Annihilape|26/100
|-damage|p1a: Annihilape|16/100
|-hitcount|p1a: Annihilape|5
|-unboost|p2b: Dragonite|def|1
|-boost|p2b: Dragonite|spe|1
|move|p1b: Incineroar|Knock Off|p2b: Dragonite
|-crit|p2b: Dragonite
|-damage|p2b: Dragonite|0 fnt
|-enditem|p2b: Dragonite|Loaded Dice|[from] move: Knock Off|[of] p1b: Incineroar
|faint|p2b: Dragonite
|move|p1a: Annihilape|Rage Fist|p2a: Gholdengo
|-damage|p2a: Gholdengo|0 fnt
|faint|p2a: Gholdengo
|
|win|Setta09
|raw|Setta09's rating: 1134 → 1156(+22 for winning)
|raw|inexon's rating: 1089 → 1069(-20 for losing)
