|j|☆anlerz
|j|☆geardox
|html|anlerzgeardox    
|uhtml|bestof|Game 1 of a best-of-3
|t:|1757087828
|gametype|doubles
|player|p1|anlerz|giovanni|1110
|player|p2|geardox|266|1171
|gen|9
|tier|[Gen 9] VGC 2025 Reg H (Bo3)
|rated|
|rule|Species Clause: Limit one of each Pokémon
|rule|Item Clause: Limit 1 of each item
|clearpoke
|poke|p1|Sneasler, L50, F|
|poke|p1|Dragapult, L50, M|
|poke|p1|Dondozo, L50, M|
|poke|p1|Rillaboom, L50, M|
|poke|p1|Volcarona, L50, M|
|poke|p1|Electabuzz, L50, M|
|poke|p2|Sneasler, L50, M|
|poke|p2|Garchomp, L50, M|
|poke|p2|Corviknight, L50, M|
|poke|p2|Archaludon, L50, M|
|poke|p2|Amoonguss, L50, F|
|poke|p2|Incineroar, L50, F|
|teampreview|4
|showteam|p1|Sneasler||FocusSash|PoisonTouch|DireClaw,CloseCombat,FakeOut,Protect|||F|||50|,,,,,Ghost]Dragapult||LifeOrb|ClearBody|DragonDarts,PhantomForce,Uturn,Protect|||M|||50|,,,,,Fairy]Dondozo||Leftovers|Unaware|WaveCrash,Yawn,Fissure,Protect|||M|||50|,,,,,Poison]Rillaboom||AssaultVest|GrassySurge|FakeOut,WoodHammer,GrassyGlide,HighHorsepower|||M|||50|,,,,,Fire]Volcarona||CovertCloak|FlameBody|HeatWave,QuiverDance,TeraBlast,Protect|||M|||50|,,,,,Fairy]Electabuzz||Eviolite|VitalSpirit|Thunderbolt,FollowMe,Taunt,Protect|||M|||50|,,,,,Ghost
|showteam|p2|Sneasler||FocusSash|Unburden|DireClaw,CloseCombat,ThroatChop,Coaching|||M|||50|,,,,,Ghost]Garchomp||LifeOrb|RoughSkin|Protect,Earthquake,DragonClaw,StompingTantrum|||M|||50|,,,,,Ground]Corviknight||SitrusBerry|MirrorArmor|BraveBird,Tailwind,Roost,IronHead|||M|||50|,,,,,Fire]Archaludon||PowerHerb|Stamina|Protect,DracoMeteor,FlashCannon,ElectroShot|||M|||50|,,,,,Dragon]Amoonguss||RockyHelmet|Regenerator|ClearSmog,RagePowder,Spore,PollenPuff|||F|||50|,,,,,Water]Incineroar||AssaultVest|Intimidate|KnockOff,FlareBlitz,FakeOut,Uturn|||F|||50|,,,,,Ghost
|inactive|Battle timer is ON: inactive players will automatically lose when time's up. (requested by anlerz)
|inactive|anlerz has 60 seconds left.
|inactive|geardox has 60 seconds left.
|inactive|geardox has 30 seconds left.
|inactive|geardox has 20 seconds left.
|
|t:|1757087901
|teamsize|p1|4
|teamsize|p2|4
|start
|switch|p1a: Volcarona|Volcarona, L50, M|100/100
|switch|p1b: Sneasler|Sneasler, L50, F|100/100
|switch|p2a: Incineroar|Incineroar, L50, F|100/100
|switch|p2b: Eggman|Corviknight, L50, M, shiny|100/100
|-ability|p2a: Incineroar|Intimidate|boost
|-unboost|p1a: Volcarona|atk|1
|-unboost|p1b: Sneasler|atk|1
|turn|1
|inactive|geardox has 30 seconds left.
|
|t:|1757087935
|switch|p1a: Electabuzz|Electabuzz, L50, M|100/100
|move|p1b: Sneasler|Dire Claw|p2a: Incineroar
|-damage|p2a: Incineroar|72/100
|move|p2a: Incineroar|Flare Blitz|p1b: Sneasler
|-damage|p1b: Sneasler|12/100
|-status|p1b: Sneasler|brn
|-damage|p2a: Incineroar|49/100|[from] Recoil
|move|p2b: Eggman|Tailwind|p2b: Eggman
|-sidestart|p2: geardox|move: Tailwind
|
|-damage|p1b: Sneasler|6/100 brn|[from] brn
|upkeep
|turn|2
|inactive|geardox has 30 seconds left.
|
|t:|1757087968
|move|p1a: Electabuzz|Protect|p1a: Electabuzz
|-singleturn|p1a: Electabuzz|Protect
|move|p2a: Incineroar|Knock Off|p1a: Electabuzz
|-activate|p1a: Electabuzz|move: Protect
|move|p2b: Eggman|Iron Head|p1a: Electabuzz
|-activate|p1a: Electabuzz|move: Protect
|move|p1b: Sneasler|Close Combat|p2a: Incineroar
|-supereffective|p2a: Incineroar
|-damage|p2a: Incineroar|9/100
|-unboost|p1b: Sneasler|def|1
|-unboost|p1b: Sneasler|spd|1
|
|-damage|p1b: Sneasler|0 fnt|[from] brn
|faint|p1b: Sneasler
|upkeep
|
|t:|1757087983
|switch|p1b: Dragapult|Dragapult, L50, M|100/100
|turn|3
|
|t:|1757087992
|move|p1a: Electabuzz|Follow Me|p1a: Electabuzz
|-singleturn|p1a: Electabuzz|move: Follow Me
|move|p2a: Incineroar|Knock Off|p1a: Electabuzz
|-damage|p1a: Electabuzz|72/100
|-enditem|p1a: Electabuzz|Eviolite|[from] move: Knock Off|[of] p2a: Incineroar
|move|p2b: Eggman|Brave Bird|p1a: Electabuzz
|-resisted|p1a: Electabuzz
|-damage|p1a: Electabuzz|54/100
|-damage|p2b: Eggman|96/100|[from] Recoil
|move|p1b: Dragapult|U-turn|p2a: Incineroar
|-damage|p2a: Incineroar|0 fnt
|faint|p2a: Incineroar
|-damage|p1b: Dragapult|91/100|[from] item: Life Orb
|
|t:|1757088003
|switch|p1b: Volcarona|Volcarona, L50, M|100/100|[from] U-turn
|
|upkeep
|
|t:|1757088007
|switch|p2a: Stinky Pete|Garchomp, L50, M|100/100
|turn|4
|
|t:|1757088024
|-terastallize|p2a: Stinky Pete|Ground
|move|p1b: Volcarona|Protect|p1b: Volcarona
|-singleturn|p1b: Volcarona|Protect
|move|p1a: Electabuzz|Protect|p1a: Electabuzz
|-singleturn|p1a: Electabuzz|Protect
|move|p2a: Stinky Pete|Earthquake|p1a: Electabuzz|[spread] 
|-activate|p1a: Electabuzz|move: Protect
|-activate|p1b: Volcarona|move: Protect
|-immune|p2b: Eggman
|move|p2b: Eggman|Brave Bird|p1b: Volcarona
|-activate|p1b: Volcarona|move: Protect
|
|-sideend|p2: geardox|move: Tailwind
|upkeep
|turn|5
|
|t:|1757088048
|-terastallize|p1b: Volcarona|Fairy
|move|p2a: Stinky Pete|Earthquake|p1a: Electabuzz|[spread] p1a,p1b
|-immune|p2b: Eggman
|-supereffective|p1a: Electabuzz
|-damage|p1a: Electabuzz|0 fnt
|-damage|p1b: Volcarona|17/100
|faint|p1a: Electabuzz
|-damage|p2a: Stinky Pete|91/100|[from] item: Life Orb
|move|p1b: Volcarona|Heat Wave|p2a: Stinky Pete|[spread] p2a,p2b
|-supereffective|p2b: Eggman
|-damage|p2a: Stinky Pete|54/100
|-damage|p2b: Eggman|43/100
|-enditem|p2b: Eggman|Sitrus Berry|[eat]
|-heal|p2b: Eggman|68/100|[from] item: Sitrus Berry
|move|p2b: Eggman|Brave Bird|p1b: Volcarona
|-damage|p1b: Volcarona|0 fnt
|-status|p2b: Eggman|brn|[from] ability: Flame Body|[of] p1b: Volcarona
|faint|p1b: Volcarona
|-damage|p2b: Eggman|63/100 brn|[from] Recoil
|
|-damage|p2b: Eggman|57/100 brn|[from] brn
|upkeep
|
|t:|1757088064
|switch|p1b: Dragapult|Dragapult, L50, M|91/100
|turn|6
|
|t:|1757088080
|move|p1b: Dragapult|Phantom Force||[still]
|-prepare|p1b: Dragapult|Phantom Force
|move|p2a: Stinky Pete|Dragon Claw|p1b: Dragapult|[miss]
|-miss|p2a: Stinky Pete|p1b: Dragapult
|move|p2b: Eggman|Tailwind|p2b: Eggman
|-sidestart|p2: geardox|move: Tailwind
|
|-damage|p2b: Eggman|51/100 brn|[from] brn
|upkeep
|turn|7
|
|t:|1757088091
|move|p2a: Stinky Pete|Protect|p2a: Stinky Pete
|-singleturn|p2a: Stinky Pete|Protect
|move|p2b: Eggman|Roost|p2b: Eggman
|-heal|p2b: Eggman|100/100 brn
|-singleturn|p2b: Eggman|move: Roost
|move|p1b: Dragapult|Phantom Force|p2a: Stinky Pete|[from] lockedmove
|-activate|p2a: Stinky Pete|move: Phantom Force|[broken]
|-damage|p2a: Stinky Pete|0 fnt
|-damage|p1b: Dragapult|79/100|[from] ability: Rough Skin|[of] p2a: Stinky Pete
|faint|p2a: Stinky Pete
|-damage|p1b: Dragapult|69/100|[from] item: Life Orb
|
|-damage|p2b: Eggman|95/100 brn|[from] brn
|upkeep
|
|t:|1757088105
|switch|p2a: Riku|Sneasler, L50, M|100/100
|turn|8
|
|t:|1757088114
|move|p2a: Riku|Throat Chop|p1b: Dragapult
|-supereffective|p1b: Dragapult
|-damage|p1b: Dragapult|0 fnt
|faint|p1b: Dragapult
|
|win|geardox
|l|☆anlerz
|player|p1|
