|j|☆Ghostcompany
|j|☆fudii
|html|Ghostcompanyfudii    
|uhtml|bestof|Game 2 of a best-of-3
|t:|1757744359
|gametype|doubles
|player|p1|Ghostcompany|266|
|player|p2|fudii|dahlia|
|gen|9
|tier|[Gen 9] VGC 2025 Reg H (Bo3)
|rule|Species Clause: Limit one of each Pokémon
|rule|Item Clause: Limit 1 of each item
|clearpoke
|poke|p1|Tyranitar, L50, F|
|poke|p1|Excadrill, L50, M|
|poke|p1|Kommo-o, L50, M|
|poke|p1|Kilowattrel, L50, F|
|poke|p1|Amoonguss, L50, M|
|poke|p1|Incineroar, L50, F|
|poke|p2|Annihilape, L50, F|
|poke|p2|Sinistcha, L50|
|poke|p2|Maushold-Four, L50|
|poke|p2|Klefki, L50, M|
|poke|p2|Ursaluna-Bloodmoon, L50, M|
|poke|p2|Ninetales-Alola, L50, F|
|teampreview|4
|showteam|p1|Tyranitar||AssaultVest|SandStream|KnockOff,RockSlide,LowKick,TeraBlast|||F|||50|,,,,,Flying]Excadrill||FocusSash|SandRush|Earthquake,HighHorsepower,IronHead,Protect|||M|||50|,,,,,Ground]Kommo-o||ThroatSpray|Overcoat|ClangingScales,AuraSphere,ClangorousSoul,Protect|||M|||50|,,,,,Steel]Kilowattrel||ChoiceSpecs|Competitive|Thunderbolt,AirSlash,VoltSwitch,Discharge|||F|||50|,,,,,Ghost]Amoonguss||SitrusBerry|Regenerator|PollenPuff,Spore,RagePowder,Protect|||M|||50|,,,,,Water]Incineroar||SafetyGoggles|Intimidate|FlareBlitz,KnockOff,PartingShot,FakeOut|||F|||50|,,,,,Ghost
|showteam|p2|Annihilape||Leftovers|Defiant|Protect,BulkUp,DrainPunch,RageFist|||F|||50|,,,,,Fire]Sinistcha||SitrusBerry|Hospitality|MatchaGotcha,TrickRoom,LifeDew,RagePowder||||||50|,,,,,Water]Maushold-Four||SafetyGoggles|FriendGuard|FollowMe,Taunt,BeatUp,Protect||||||50|,,,,,Ghost]Klefki||LightClay|Prankster|Reflect,LightScreen,MistyTerrain,DazzlingGleam|||M|||50|,,,,,Ghost]Ursaluna-Bloodmoon||AssaultVest|MindsEye|BloodMoon,HyperVoice,EarthPower,VacuumWave|||M|||50|,,,,,Water]Ninetales-Alola||FocusSash|SnowWarning|Protect,Encore,FreezeDry,Blizzard|||F|||50|,,,,,Ghost
|
|t:|1757744392
|teamsize|p1|4
|teamsize|p2|4
|start
|switch|p1a: Kilowattrel|Kilowattrel, L50, F|100/100
|switch|p1b: Kommo-o|Kommo-o, L50, M|100/100
|switch|p2a: Klefki|Klefki, L50, M|100/100
|switch|p2b: Ursaluna|Ursaluna-Bloodmoon, L50, M|100/100
|turn|1
|
|t:|1757744426
|move|p2a: Klefki|Light Screen|p2a: Klefki
|-sidestart|p2: fudii|move: Light Screen
|move|p1a: Kilowattrel|Air Slash|p2b: Ursaluna|[miss]
|-miss|p1a: Kilowattrel|p2b: Ursaluna
|move|p1b: Kommo-o|Clangorous Soul|p1b: Kommo-o
|-boost|p1b: Kommo-o|atk|1
|-boost|p1b: Kommo-o|def|1
|-boost|p1b: Kommo-o|spa|1
|-boost|p1b: Kommo-o|spd|1
|-boost|p1b: Kommo-o|spe|1
|-damage|p1b: Kommo-o|68/100
|-enditem|p1b: Kommo-o|Throat Spray
|-boost|p1b: Kommo-o|spa|1|[from] item: Throat Spray
|move|p2b: Ursaluna|Blood Moon|p1b: Kommo-o
|-damage|p1b: Kommo-o|13/100
|
|upkeep
|turn|2
|j| sam smithy
|
|t:|1757744461
|move|p2a: Klefki|Misty Terrain|p2a: Klefki
|-fieldstart|move: Misty Terrain
|move|p1b: Kommo-o|Clanging Scales|p2a: Klefki|[spread] p2b
|-immune|p2a: Klefki
|-damage|p2b: Ursaluna|85/100
|-unboost|p1b: Kommo-o|def|1
|move|p1a: Kilowattrel|Air Slash|p2b: Ursaluna
|-damage|p2b: Ursaluna|63/100
|move|p2b: Ursaluna|Hyper Voice|p1a: Kilowattrel|[spread] p1a,p1b
|-damage|p1a: Kilowattrel|34/100
|-damage|p1b: Kommo-o|0 fnt
|faint|p1b: Kommo-o
|
|upkeep
|
|t:|1757744488
|switch|p1b: Excadrill|Excadrill, L50, M|100/100
|turn|3
|
|t:|1757744521
|move|p2a: Klefki|Reflect|p2a: Klefki
|-sidestart|p2: fudii|Reflect
|move|p1a: Kilowattrel|Air Slash|p2b: Ursaluna
|-damage|p2b: Ursaluna|41/100
|move|p1b: Excadrill|Iron Head|p2b: Ursaluna
|-crit|p2b: Ursaluna
|-damage|p2b: Ursaluna|0 fnt
|faint|p2b: Ursaluna
|
|upkeep
|
|t:|1757744531
|switch|p2b: Sinistcha|Sinistcha, L50|100/100
|turn|4
|
|t:|1757744553
|-terastallize|p2b: Sinistcha|Water
|move|p1a: Kilowattrel|Air Slash|p2b: Sinistcha
|-damage|p2b: Sinistcha|63/100
|move|p1b: Excadrill|Iron Head|p2b: Sinistcha
|-resisted|p2b: Sinistcha
|-damage|p2b: Sinistcha|51/100
|move|p2a: Klefki|Dazzling Gleam|p1b: Excadrill|[spread] p1a,p1b
|-resisted|p1b: Excadrill
|-damage|p1a: Kilowattrel|3/100
|-damage|p1b: Excadrill|89/100
|cant|p2b: Sinistcha|flinch
|
|upkeep
|turn|5
|
|t:|1757744589
|switch|p2a: Ninetales|Ninetales-Alola, L50, F, shiny|100/100
|-weather|Snowscape|[from] ability: Snow Warning|[of] p2a: Ninetales
|move|p1a: Kilowattrel|Air Slash|p2b: Sinistcha
|-damage|p2b: Sinistcha|18/100
|-enditem|p2b: Sinistcha|Sitrus Berry|[eat]
|-heal|p2b: Sinistcha|43/100|[from] item: Sitrus Berry
|move|p1b: Excadrill|Iron Head|p2b: Sinistcha
|-resisted|p2b: Sinistcha
|-damage|p2b: Sinistcha|32/100
|move|p2b: Sinistcha|Life Dew||[still]|[spread] p2a,p2b
|-fail|p2a: Ninetales|heal
|-heal|p2b: Sinistcha|57/100
|
|-weather|Snowscape|[upkeep]
|upkeep
|turn|6
|
|t:|1757744616
|switch|p2b: Klefki|Klefki, L50, M|100/100
|move|p1a: Kilowattrel|Air Slash|p2b: Klefki
|-resisted|p2b: Klefki
|-damage|p2b: Klefki|85/100
|move|p2a: Ninetales|Blizzard|p1b: Excadrill|[spread] p1a,p1b
|-supereffective|p1a: Kilowattrel
|-damage|p1a: Kilowattrel|0 fnt
|-damage|p1b: Excadrill|52/100
|faint|p1a: Kilowattrel
|move|p1b: Excadrill|Iron Head|p2b: Klefki
|-damage|p2b: Klefki|48/100
|
|-weather|Snowscape|[upkeep]
|-fieldend|Misty Terrain
|upkeep
|
|t:|1757744628
|switch|p1a: Tyranitar|Tyranitar, L50, F|100/100
|-weather|Sandstorm|[from] ability: Sand Stream|[of] p1a: Tyranitar
|turn|7
|
|t:|1757744672
|switch|p2a: Sinistcha|Sinistcha, L50, tera:Water|57/100
|-heal|p2b: Klefki|73/100|[from] ability: Hospitality|[of] p2a: Sinistcha
|move|p1b: Excadrill|Iron Head|p2a: Sinistcha
|-resisted|p2a: Sinistcha
|-crit|p2a: Sinistcha
|-damage|p2a: Sinistcha|31/100
|move|p1a: Tyranitar|Rock Slide|p2a: Sinistcha|[spread] p2a,p2b
|-resisted|p2b: Klefki
|-damage|p2a: Sinistcha|15/100
|-damage|p2b: Klefki|61/100
|cant|p2b: Klefki|flinch
|
|-weather|Sandstorm|[upkeep]
|-damage|p2a: Sinistcha|8/100|[from] Sandstorm
|upkeep
|turn|8
|
|t:|1757744713
|switch|p2b: Ninetales|Ninetales-Alola, L50, F, shiny|100/100
|-weather|Snowscape|[from] ability: Snow Warning|[of] p2b: Ninetales
|move|p1b: Excadrill|Iron Head|p2a: Sinistcha
|-resisted|p2a: Sinistcha
|-damage|p2a: Sinistcha|0 fnt
|faint|p2a: Sinistcha
|move|p1a: Tyranitar|Rock Slide|p2b: Ninetales
|-supereffective|p2b: Ninetales
|-damage|p2b: Ninetales|41/100
|
|-weather|Snowscape|[upkeep]
|-sideend|p2: fudii|move: Light Screen
|upkeep
|
|t:|1757744723
|switch|p2a: Klefki|Klefki, L50, M|61/100
|turn|9
|
|t:|1757744764
|move|p2b: Ninetales|Blizzard|p1b: Excadrill|[spread] p1a,p1b
|-damage|p1a: Tyranitar|82/100
|-damage|p1b: Excadrill|8/100
|move|p1b: Excadrill|Iron Head|p2b: Ninetales
|-supereffective|p2b: Ninetales
|-damage|p2b: Ninetales|0 fnt
|faint|p2b: Ninetales
|move|p1a: Tyranitar|Rock Slide|p2a: Klefki
|-resisted|p2a: Klefki
|-damage|p2a: Klefki|47/100
|move|p2a: Klefki|Dazzling Gleam|p1a: Tyranitar|[spread] p1a,p1b
|-supereffective|p1a: Tyranitar
|-resisted|p1b: Excadrill
|-damage|p1a: Tyranitar|60/100
|-damage|p1b: Excadrill|0 fnt
|faint|p1b: Excadrill
|
|-weather|Snowscape|[upkeep]
|upkeep
|turn|10
|
|t:|1757744783
|move|p1a: Tyranitar|Knock Off|p2a: Klefki
|-resisted|p2a: Klefki
|-damage|p2a: Klefki|28/100
|-enditem|p2a: Klefki|Light Clay|[from] move: Knock Off|[of] p1a: Tyranitar
|move|p2a: Klefki|Dazzling Gleam|p1a: Tyranitar
|-supereffective|p1a: Tyranitar
|-damage|p1a: Tyranitar|27/100
|
|-weather|Snowscape|[upkeep]
|-sideend|p2: fudii|Reflect
|upkeep
|turn|11
|
|t:|1757744797
|-terastallize|p1a: Tyranitar|Flying
|move|p1a: Tyranitar|Tera Blast|p2a: Klefki|[anim] Tera Blast Flying
|-resisted|p2a: Klefki
|-damage|p2a: Klefki|4/100
|move|p2a: Klefki|Dazzling Gleam|p1a: Tyranitar
|-damage|p1a: Tyranitar|11/100
|
|-weather|Snowscape|[upkeep]
|upkeep
|turn|12
|
|t:|1757744806
|move|p1a: Tyranitar|Tera Blast|p2a: Klefki|[anim] Tera Blast Flying
|-resisted|p2a: Klefki
|-damage|p2a: Klefki|0 fnt
|faint|p2a: Klefki
|
|win|Ghostcompany
||fudii is ready for game 3.
||Ghostcompany is ready for game 3.
|uhtml|next|Next: Game 3 of 3
