|j|ŌśåSC7PLAYZZ
|j|Ōśåisam2910
|html|SC7PLAYZZisam2910    
|uhtml|bestof|Game 1 of a best-of-3
|t:|1783972745
|gametype|doubles
|player|p1|SC7PLAYZZ|2|
|player|p2|isam2910|266|
|gen|9
|tier|[Gen 9 Champions] VGC 2026 Reg M-B (Bo3)
|rule|Species Clause: Limit one of each Pok├®mon
|rule|Item Clause: Limit 1 of each item
|clearpoke
|poke|p1|Greninja, L50, F, shiny|
|poke|p1|Ninetales-Alola, L50, F, shiny|
|poke|p1|Milotic, L50, F, shiny|
|poke|p1|Kingambit, L50, F, shiny|
|poke|p1|Aerodactyl, L50, F, shiny|
|poke|p1|Vanilluxe, L50, F, shiny|
|poke|p2|Incineroar, L50, M|
|poke|p2|Staraptor, L50, M|
|poke|p2|Whimsicott, L50, M|
|poke|p2|Archaludon, L50, F|
|poke|p2|Hydrapple, L50, M|
|poke|p2|Vaporeon, L50, M|
|teampreview|4
|showteam|p1|Greninja||Greninjite|Protean|Blizzard,DarkPulse,Surf,Protect|Timid||F|||50|]Ninetales-Alola||FocusSash|SnowWarning|DazzlingGleam,Blizzard,AuroraVeil,Protect|Timid||F|||50|]Milotic||Leftovers|Competitive|Protect,MirrorCoat,IcyWind,Recover|Calm||F|||50|]Kingambit||BlackGlasses|Defiant|KowtowCleave,SuckerPunch,SwordsDance,LowKick|Serious||F|||50|]Aerodactyl||PasshoBerry|RockHead|Tailwind,DualWingbeat,Protect,RockSlide|Serious||F|||50|]Vanilluxe||ChoiceScarf|IceBody|AuroraVeil,FreezeDry,Blizzard,IcyWind|Timid||F|||50|
|showteam|p2|Incineroar||SitrusBerry|Intimidate|FakeOut,FlareBlitz,WillOWisp,PartingShot|Careful||M|||50|]Staraptor||Staraptite|Intimidate|Roost,BraveBird,CloseCombat,Protect|Adamant||M|||50|]Whimsicott||FocusSash|Prankster|Tailwind,Moonblast,Charm,Protect|Serious||M|||50|]Archaludon||WhiteHerb|Stamina|FlashCannon,Snarl,RockSlide,ElectroShot|Bold||F|||50|]Hydrapple||YacheBerry|Regenerator|GigaDrain,PollenPuff,EarthPower,FickleBeam|Calm||M|||50|]Vaporeon||Leftovers|WaterAbsorb|FlipTurn,Scald,Roar,Protect|Bold||M|||50|
|c|Ōśåisam2910|hi
|j| Riri 82
|c|Ōśåisam2910|hi
|c|ŌśåSC7PLAYZZ|hello
|c|Ōśåisam2910|hi
|c|Ōśåisam2910|let everryobe goin
|c| Riri 82|Lesh gooo
|c| Riri 82|Its ok yall can start
|j| Yishop
|inactive|Battle timer is ON: inactive players will automatically lose when time's up. (requested by SC7PLAYZZ)
|c| Yishop|Hi Im eating
|
|t:|1783972806
|teamsize|p1|4
|teamsize|p2|4
|start
|switch|p1a: Greninja|Greninja, L50, F, shiny|100/100
|switch|p1b: Ninetales|Ninetales-Alola, L50, F, shiny|100/100
|switch|p2a: Staraptor|Staraptor, L50, M|100/100
|switch|p2b: Whimsicott|Whimsicott, L50, M|100/100
|-weather|Snowscape|[from] ability: Snow Warning|[of] p1b: Ninetales
|-ability|p2a: Staraptor|Intimidate|boost
|-unboost|p1a: Greninja|atk|1
|-unboost|p1b: Ninetales|atk|1
|turn|1
|
|t:|1783972831
|detailschange|p1a: Greninja|Greninja-Mega, L50, F, shiny
|-mega|p1a: Greninja|Greninja|Greninjite
|detailschange|p2a: Staraptor|Staraptor-Mega, L50, M
|-mega|p2a: Staraptor|Staraptor|Staraptite
|move|p1a: Greninja|Protect|p1a: Greninja
|-start|p1a: Greninja|typechange|Normal|[from] ability: Protean
|-singleturn|p1a: Greninja|Protect
|move|p2b: Whimsicott|Tailwind|p2b: Whimsicott
|-sidestart|p2: isam2910|move: Tailwind
|move|p2a: Staraptor|Close Combat|p1a: Greninja
|-activate|p1a: Greninja|move: Protect
|move|p1b: Ninetales|Blizzard|p2a: Staraptor|[spread] p2a,p2b
|-supereffective|p2a: Staraptor|1
|-supereffective|p2b: Whimsicott|1
|-damage|p2a: Staraptor|43/100
|-damage|p2b: Whimsicott|16/100
|
|-weather|Snowscape|[upkeep]
|upkeep
|turn|2
|inactive|isam2910 has 30 seconds left.
|inactive|isam2910 has 20 seconds left.
|
|t:|1783972870
|switch|p1a: Milotic|Milotic, L50, F, shiny|100/100
|move|p2b: Whimsicott|Protect|p2b: Whimsicott
|-singleturn|p2b: Whimsicott|Protect
|move|p2a: Staraptor|Close Combat|p1a: Milotic
|-damage|p1a: Milotic|34/100
|-boost|p2a: Staraptor|def|1
|-boost|p2a: Staraptor|spd|1
|move|p1b: Ninetales|Blizzard|p2a: Staraptor|[spread] p2a
|-activate|p2b: Whimsicott|move: Protect
|-supereffective|p2a: Staraptor|1
|-damage|p2a: Staraptor|4/100
|
|-weather|Snowscape|[upkeep]
|-heal|p1a: Milotic|40/100|[from] item: Leftovers
|upkeep
|turn|3
|inactive|SC7PLAYZZ has 30 seconds left.
|inactive|isam2910 has 30 seconds left.
|inactive|isam2910 has 20 seconds left.
|inactive|isam2910 has 15 seconds left.
|inactive|isam2910 has 10 seconds left.
|inactive|isam2910 has 5 seconds left.
|
|t:|1783972920
|move|p1a: Milotic|Protect|p1a: Milotic
|-singleturn|p1a: Milotic|Protect
|move|p2b: Whimsicott|Moonblast|p1a: Milotic
|-activate|p1a: Milotic|move: Protect
|move|p2a: Staraptor|Roost|p2a: Staraptor
|-heal|p2a: Staraptor|54/100
|-singleturn|p2a: Staraptor|move: Roost
|move|p1b: Ninetales|Blizzard|p2a: Staraptor|[spread] p2a,p2b
|-supereffective|p2b: Whimsicott|1
|-damage|p2a: Staraptor|35/100
|-damage|p2b: Whimsicott|0 fnt
|faint|p2b: Whimsicott
|
|-weather|Snowscape|[upkeep]
|-heal|p1a: Milotic|46/100|[from] item: Leftovers
|upkeep
|
|t:|1783972939
|switch|p2b: Archaludon|Archaludon, L50, F|100/100
|turn|4
|
|t:|1783972959
|move|p2a: Staraptor|Roost|p2a: Staraptor
|-heal|p2a: Staraptor|85/100
|-singleturn|p2a: Staraptor|move: Roost
|move|p2b: Archaludon|Electro Shot||[still]
|-prepare|p2b: Archaludon|Electro Shot
|-boost|p2b: Archaludon|spa|1
|move|p1b: Ninetales|Blizzard|p2b: Archaludon|[spread] p2a,p2b
|-damage|p2a: Staraptor|67/100
|-damage|p2b: Archaludon|59/100
|-ability|p2b: Archaludon|Stamina|boost
|-boost|p2b: Archaludon|def|1
|move|p1a: Milotic|Icy Wind|p2b: Archaludon|[spread] p2a,p2b
|-damage|p2a: Staraptor|59/100
|-damage|p2b: Archaludon|47/100
|-boost|p2a: Staraptor|spe|1
|-unboost|p2b: Archaludon|spe|1
|-ability|p2b: Archaludon|Stamina|boost
|-boost|p2b: Archaludon|def|1
|-enditem|p2b: Archaludon|White Herb
|-clearnegativeboost|p2b: Archaludon|[silent]
|
|-weather|Snowscape|[upkeep]
|-heal|p1a: Milotic|52/100|[from] item: Leftovers
|-sideend|p2: isam2910|move: Tailwind
|upkeep
|turn|5
|inactive|isam2910 has 30 seconds left.
|
|t:|1783972986
|move|p1a: Milotic|Protect|p1a: Milotic
|-singleturn|p1a: Milotic|Protect
|move|p2a: Staraptor|Close Combat|p1b: Ninetales
|-damage|p1b: Ninetales|25/100
|-boost|p2a: Staraptor|def|1
|-boost|p2a: Staraptor|spd|1
|move|p1b: Ninetales|Aurora Veil|p1b: Ninetales
|-sidestart|p1: SC7PLAYZZ|move: Aurora Veil
|move|p2b: Archaludon|Electro Shot|p1a: Milotic|[from] lockedmove
|-activate|p1a: Milotic|move: Protect
|
|-weather|none
|-heal|p1a: Milotic|58/100|[from] item: Leftovers
|upkeep
|turn|6
|
|t:|1783973011
|move|p2a: Staraptor|Close Combat|p1b: Ninetales
|-crit|p1b: Ninetales
|-damage|p1b: Ninetales|0 fnt
|-boost|p2a: Staraptor|def|1
|-boost|p2a: Staraptor|spd|1
|faint|p1b: Ninetales
|move|p2b: Archaludon|Snarl|p1a: Milotic
|-damage|p1a: Milotic|49/100
|-unboost|p1a: Milotic|spa|1
|-ability|p1a: Milotic|Competitive|boost
|-boost|p1a: Milotic|spa|2
|move|p1a: Milotic|Icy Wind|p2a: Staraptor|[spread] p2a,p2b
|-supereffective|p2a: Staraptor|1
|-damage|p2a: Staraptor|46/100
|-damage|p2b: Archaludon|27/100
|-boost|p2a: Staraptor|spe|1
|-unboost|p2b: Archaludon|spe|1
|-ability|p2b: Archaludon|Stamina|boost
|-boost|p2b: Archaludon|def|1
|
|-heal|p1a: Milotic|55/100|[from] item: Leftovers
|upkeep
|
|t:|1783973036
|switch|p1b: Greninja|Greninja-Mega, L50, F, shiny|100/100
|turn|7
|inactive|isam2910 has 30 seconds left.
|inactive|isam2910 has 20 seconds left.
|
|t:|1783973072
|move|p1b: Greninja|Protect|p1b: Greninja
|-start|p1b: Greninja|typechange|Normal|[from] ability: Protean
|-singleturn|p1b: Greninja|Protect
|move|p2a: Staraptor|Roost|p2a: Staraptor
|-heal|p2a: Staraptor|96/100
|-singleturn|p2a: Staraptor|move: Roost
|move|p1a: Milotic|Icy Wind|p2b: Archaludon|[spread] p2a,p2b
|-damage|p2a: Staraptor|90/100
|-damage|p2b: Archaludon|9/100
|-boost|p2a: Staraptor|spe|1
|-unboost|p2b: Archaludon|spe|1
|-ability|p2b: Archaludon|Stamina|boost
|-boost|p2b: Archaludon|def|1
|move|p2b: Archaludon|Rock Slide|p1b: Greninja|[spread] p1a
|-activate|p1b: Greninja|move: Protect
|-damage|p1a: Milotic|48/100
|
|-heal|p1a: Milotic|53/100|[from] item: Leftovers
|upkeep
|turn|8
|
|t:|1783973097
|move|p2a: Staraptor|Close Combat|p1b: Greninja
|-supereffective|p1b: Greninja|1
|-damage|p1b: Greninja|0 fnt
|-boost|p2a: Staraptor|def|1
|-boost|p2a: Staraptor|spd|1
|faint|p1b: Greninja
|move|p1a: Milotic|Icy Wind|p2b: Archaludon|[spread] p2a,p2b
|-supereffective|p2a: Staraptor|1
|-damage|p2a: Staraptor|81/100
|-damage|p2b: Archaludon|0 fnt
|-boost|p2a: Staraptor|spe|1
|faint|p2b: Archaludon
|
|-heal|p1a: Milotic|59/100|[from] item: Leftovers
|upkeep
|
|t:|1783973109
|switch|p1b: Kingambit|Kingambit, L50, F, shiny|100/100
|switch|p2b: Hydrapple|Hydrapple, L50, M|100/100
|turn|9
|
|t:|1783973120
|move|p1b: Kingambit|Sucker Punch|p2a: Staraptor
|-resisted|p2a: Staraptor|1
|-damage|p2a: Staraptor|73/100
|move|p2a: Staraptor|Close Combat|p1b: Kingambit
|-supereffective|p1b: Kingambit|2
|-damage|p1b: Kingambit|0 fnt
|-boost|p2a: Staraptor|def|1
|-boost|p2a: Staraptor|spd|1
|faint|p1b: Kingambit
|move|p1a: Milotic|Icy Wind|p2b: Hydrapple|[spread] p2a,p2b
|-supereffective|p2a: Staraptor|1
|-supereffective|p2b: Hydrapple|2
|-enditem|p2b: Hydrapple|Yache Berry|[eat]
|-enditem|p2b: Hydrapple|Yache Berry|[weaken]
|-damage|p2a: Staraptor|64/100
|-damage|p2b: Hydrapple|78/100
|-boost|p2a: Staraptor|spe|1
|-unboost|p2b: Hydrapple|spe|1
|move|p2b: Hydrapple|Giga Drain|p1a: Milotic
|-supereffective|p1a: Milotic|1
|-damage|p1a: Milotic|36/100
|-heal|p2b: Hydrapple|89/100|[from] drain|[of] p1a: Milotic
|
|-heal|p1a: Milotic|42/100|[from] item: Leftovers
|-sideend|p1: SC7PLAYZZ|move: Aurora Veil
|upkeep
|turn|10
|l| Yishop
|inactive|isam2910 has 30 seconds left.
|c| Riri 82|And thats game 1
|
|t:|1783973151
|move|p2a: Staraptor|Close Combat|p1a: Milotic
|-damage|p1a: Milotic|0 fnt
|-boost|p2a: Staraptor|def|1
|-boost|p2a: Staraptor|spd|1
|faint|p1a: Milotic
|
|win|isam2910
||SC7PLAYZZ is ready for game 2.
||isam2910 is ready for game 2.
|uhtml|next|Next: Game 2 of 3
|l| Riri 82
|j| Yishop
