|j|☆Diamondscyther
|j|☆wat2199
|html|Diamondscytherwat2199    
|uhtml|bestof|Game 2 of a best-of-3
|t:|1784334311
|gametype|doubles
|player|p1|Diamondscyther|larry|1092
|player|p2|wat2199|nurse|1133
|gen|9
|tier|[Gen 9 Champions] VGC 2026 Reg M-B (Bo3)
|rated|
|rule|Species Clause: Limit one of each Pokémon
|rule|Item Clause: Limit 1 of each item
|clearpoke
|poke|p1|Froslass, L50, F|
|poke|p1|Dragonite, L50, F|
|poke|p1|Toxapex, L50, F|
|poke|p1|Sneasler, L50, F|
|poke|p1|Kingambit, L50, M|
|poke|p1|Blaziken, L50, F|
|poke|p2|Mimikyu, L50, F, shiny|
|poke|p2|Camerupt, L50, M, shiny|
|poke|p2|Torkoal, L50, F|
|poke|p2|Vivillon, L50, F|
|poke|p2|Conkeldurr, L50, F|
|poke|p2|Staraptor, L50, F|
|teampreview|4
|showteam|p1|Froslass||Froslassite|CursedBody|Blizzard,ShadowBall,AuroraVeil,Protect|Timid||F|||50|]Dragonite||LifeOrb|InnerFocus|DragonClaw,ExtremeSpeed,LowKick,Protect|Adamant||F|||50|]Toxapex||Leftovers|Regenerator|Infestation,Toxic,WideGuard,BanefulBunker|Bold||F|||50|]Sneasler||FocusSash|PoisonTouch|PoisonJab,CloseCombat,FakeOut,Protect|Jolly||F|||50|]Kingambit||BlackGlasses|Defiant|SuckerPunch,KowtowCleave,IronHead,Protect|Adamant||M|||50|]Blaziken||Blazikenite|SpeedBoost|FlareBlitz,CloseCombat,RockSlide,Protect|Adamant||F|||50|
|showteam|p2|Mimikyu||MentalHerb|Disguise|ShadowSneak,PlayRough,Taunt,TrickRoom|Brave||F|||50|]Camerupt||Cameruptite|SolidRock|HeatWave,EarthPower,AncientPower,Protect|Quiet||M|||50|]Torkoal||SitrusBerry|Drought|Eruption,SolarBeam,SunnyDay,Protect|Relaxed||F|||50|]Vivillon||FocusSash|CompoundEyes|Hurricane,RagePowder,SleepPowder,Protect|Modest||F|||50|]Conkeldurr||LifeOrb|IronFist|HammerArm,ThunderPunch,IcePunch,Protect|Brave||F|||50|]Staraptor||ChoiceScarf|Intimidate|DoubleEdge,BraveBird,CloseCombat,FinalGambit|Jolly||F|||50|
|inactive|Battle timer is ON: inactive players will automatically lose when time's up. (requested by Diamondscyther)
|inactive|wat2199 also wants the timer to be on.
|
|t:|1784334336
|teamsize|p1|4
|teamsize|p2|4
|start
|switch|p1a: Froslass|Froslass, L50, F|100/100
|switch|p1b: Kingambit|Kingambit, L50, M|100/100
|switch|p2a: Kenjaku|Mimikyu, L50, F, shiny|100/100
|switch|p2b: Nue|Vivillon, L50, F|100/100
|turn|1
|
|t:|1784334358
|detailschange|p1a: Froslass|Froslass-Mega, L50, F
|-mega|p1a: Froslass|Froslass|Froslassite
|-weather|Snowscape|[from] ability: Snow Warning|[of] p1a: Froslass
|move|p1a: Froslass|Blizzard|p2b: Nue|[spread] p2a,p2b
|-supereffective|p2b: Nue|1
|-activate|p2a: Kenjaku|ability: Disguise
|-damage|p2a: Kenjaku|100/100
|-enditem|p2b: Nue|Focus Sash
|-damage|p2b: Nue|1/100
|detailschange|p2a: Kenjaku|Mimikyu-Busted, L50, F, shiny
|-damage|p2a: Kenjaku|87/100|[from] pokemon: Mimikyu-Busted
|move|p2b: Nue|Sleep Powder|p1b: Kingambit
|-status|p1b: Kingambit|slp|[from] move: Sleep Powder
|cant|p1b: Kingambit|slp
|move|p2a: Kenjaku|Trick Room|p2a: Kenjaku
|-fieldstart|move: Trick Room|[of] p2a: Kenjaku
|
|-weather|Snowscape|[upkeep]
|upkeep
|turn|2
|inactive|Diamondscyther has 30 seconds left.
|inactive|wat2199 has 30 seconds left.
|
|t:|1784334390
|-curestatus|p1b: Kingambit|slp|[msg]
|move|p1b: Kingambit|Sucker Punch||[still]
|-fail|p1b: Kingambit
|move|p2a: Kenjaku|Taunt|p1a: Froslass
|-start|p1a: Froslass|move: Taunt
|move|p2b: Nue|Hurricane|p1a: Froslass
|-damage|p1a: Froslass|36/100
|cant|p1a: Froslass|move: Taunt|Aurora Veil
|
|-weather|Snowscape|[upkeep]
|upkeep
|turn|3
|inactive|Diamondscyther has 30 seconds left.
|inactive|wat2199 has 30 seconds left.
|inactive|Diamondscyther has 20 seconds left.
|inactive|wat2199 has 20 seconds left.
|
|t:|1784334427
|switch|p1a: Dragonite|Dragonite, L50, F|100/100
|move|p2a: Kenjaku|Shadow Sneak|p1a: Dragonite
|-damage|p1a: Dragonite|82/100
|move|p1b: Kingambit|Iron Head|p2b: Nue
|-damage|p2b: Nue|0 fnt
|faint|p2b: Nue
|
|-weather|Snowscape|[upkeep]
|upkeep
|
|t:|1784334438
|switch|p2b: Reiki|Torkoal, L50, F|100/100
|-weather|SunnyDay|[from] ability: Drought|[of] p2b: Reiki
|turn|4
|
|t:|1784334462
|move|p1a: Dragonite|Extreme Speed|p2b: Reiki
|-damage|p2b: Reiki|68/100
|-damage|p1a: Dragonite|72/100|[from] item: Life Orb
|move|p1b: Kingambit|Sucker Punch|p2b: Reiki
|-damage|p2b: Reiki|38/100
|-enditem|p2b: Reiki|Sitrus Berry|[eat]
|-heal|p2b: Reiki|63/100|[from] item: Sitrus Berry
|move|p2b: Reiki|Eruption|p1a: Dragonite|[spread] p1a,p1b
|-resisted|p1a: Dragonite|1
|-supereffective|p1b: Kingambit|1
|-damage|p1a: Dragonite|52/100
|-damage|p1b: Kingambit|24/100
|move|p2a: Kenjaku|Play Rough|p1a: Dragonite
|-supereffective|p1a: Dragonite|1
|-damage|p1a: Dragonite|0 fnt
|faint|p1a: Dragonite
|
|-weather|SunnyDay|[upkeep]
|upkeep
|
|t:|1784334481
|switch|p1a: Froslass|Froslass-Mega, L50, F|36/100
|-weather|Snowscape|[from] ability: Snow Warning|[of] p1a: Froslass
|turn|5
|
|t:|1784334496
|switch|p2a: Jogo|Camerupt, L50, M, shiny|100/100
|move|p1a: Froslass|Protect|p1a: Froslass
|-singleturn|p1a: Froslass|Protect
|move|p1b: Kingambit|Sucker Punch||[still]
|-fail|p1b: Kingambit
|move|p2b: Reiki|Sunny Day|p2b: Reiki
|-weather|SunnyDay
|
|-weather|SunnyDay|[upkeep]
|-fieldend|move: Trick Room
|upkeep
|turn|6
|inactive|Diamondscyther has 30 seconds left.
|inactive|Diamondscyther has 20 seconds left.
|inactive|Diamondscyther has 15 seconds left.
|
|t:|1784334536
|detailschange|p2a: Jogo|Camerupt-Mega, L50, M, shiny
|-mega|p2a: Jogo|Camerupt|Cameruptite
|move|p1b: Kingambit|Sucker Punch|p2b: Reiki
|-damage|p2b: Reiki|27/100
|move|p1a: Froslass|Shadow Ball|p2b: Reiki
|-crit|p2b: Reiki
|-damage|p2b: Reiki|0 fnt
|faint|p2b: Reiki
|move|p2a: Jogo|Heat Wave|p1a: Froslass|[spread] p1a,p1b
|-supereffective|p1a: Froslass|1
|-supereffective|p1b: Kingambit|1
|-damage|p1a: Froslass|0 fnt
|-damage|p1b: Kingambit|0 fnt
|faint|p1a: Froslass
|faint|p1b: Kingambit
|
|-weather|SunnyDay|[upkeep]
|upkeep
|
|t:|1784334551
|switch|p1b: Sneasler|Sneasler, L50, F|100/100
|switch|p2b: Kenjaku|Mimikyu-Busted, L50, F, shiny|87/100
|turn|7
|
|t:|1784334559
|move|p2a: Jogo|Protect|p2a: Jogo
|-singleturn|p2a: Jogo|Protect
|move|p1b: Sneasler|Poison Jab|p2a: Jogo
|-activate|p2a: Jogo|move: Protect
|move|p2b: Kenjaku|Trick Room|p2b: Kenjaku
|-fieldstart|move: Trick Room|[of] p2b: Kenjaku
|
|-weather|SunnyDay|[upkeep]
|upkeep
|turn|8
|-message|Diamondscyther forfeited.
|
|win|wat2199
|raw|Diamondscyther's rating: 1092 → 1071(-21 for losing)
|raw|wat2199's rating: 1133 → 1155(+22 for winning)
|l|☆Diamondscyther
|player|p1|
