|j|☆KNJMAXX
|j|☆grfynnvgc
|html|KNJMAXXgrfynnvgc    
|uhtml|bestof|Game 1 of a best-of-3
|t:|1785602654
|gametype|doubles
|player|p1|KNJMAXX|102|1126
|player|p2|grfynnvgc|102|1193
|gen|9
|tier|[Gen 9 Champions] VGC 2026 Reg M-B (Bo3)
|rated|
|rule|Species Clause: Limit one of each Pokémon
|rule|Item Clause: Limit 1 of each item
|clearpoke
|poke|p1|Lycanroc-Dusk, L50, F|
|poke|p1|Sneasler, L50, M|
|poke|p1|Basculegion, L50, M|
|poke|p1|Froslass, L50, F|
|poke|p1|Scovillain, L50, M|
|poke|p1|Kingambit, L50, M, shiny|
|poke|p2|Kingambit, L50, M|
|poke|p2|Glimmora, L50, M|
|poke|p2|Delphox, L50, F|
|poke|p2|Staraptor, L50, F|
|poke|p2|Whimsicott, L50, M|
|poke|p2|Garchomp, L50, M|
|teampreview|4
|showteam|p1|Lycanroc-Dusk||FocusSash|ToughClaws|RockSlide,Accelerock,CloseCombat,Protect|Adamant||F|||50|]Sneasler||WhiteHerb|Unburden|FakeOut,Protect,DireClaw,CloseCombat|Adamant||M|||50|]Basculegion||SitrusBerry|Adaptability|WaveCrash,AquaJet,LastRespects,Protect|Adamant||M|||50|]Froslass||Froslassite|CursedBody|Blizzard,ShadowBall,Protect,AuroraVeil|Modest||F|||50|]Scovillain||Scovillainite|Moody|RagePowder,Overheat,GigaDrain,Protect|Bold||M|||50|]Kingambit||BlackGlasses|Defiant|KowtowCleave,Protect,SuckerPunch,SwordsDance|Adamant||M|||50|
|showteam|p2|Kingambit||ChopleBerry|Defiant|SuckerPunch,KowtowCleave,IronHead,LowKick|Adamant||M|||50|]Glimmora||FocusSash|ToxicDebris|PowerGem,SludgeBomb,EarthPower,SpikyShield|Timid||M|||50|]Delphox||Delphoxite|Blaze|HeatWave,Psyshock,Substitute,Protect|Modest||F|||50|]Staraptor||Staraptite|Intimidate|BraveBird,CloseCombat,Roost,Protect|Jolly||F|||50|]Whimsicott||OccaBerry|Prankster|Moonblast,Tailwind,Charm,LightScreen|Timid||M|||50|]Garchomp||LifeOrb|RoughSkin|DragonClaw,Earthquake,RockSlide,Protect|Jolly||M|||50|
|inactive|Battle timer is ON: inactive players will automatically lose when time's up. (requested by grfynnvgc)
|inactive|KNJMAXX has 60 seconds left.
|inactive|KNJMAXX has 30 seconds left.
|inactive|KNJMAXX has 20 seconds left.
|inactive|KNJMAXX has 15 seconds left.
|inactive|KNJMAXX has 10 seconds left.
|inactive|KNJMAXX has 5 seconds left.
|
|t:|1785602777
|teamsize|p1|4
|teamsize|p2|4
|start
|switch|p1a: King|Kingambit, L50, M, shiny|100/100
|switch|p1b: 50%|Sneasler, L50, M|100/100
|switch|p2a: Glimmora|Glimmora, L50, M|100/100
|switch|p2b: Whimsicott|Whimsicott, L50, M|100/100
|turn|1
|inactive|KNJMAXX has 30 seconds left.
|inactive|KNJMAXX has 20 seconds left.
|inactive|KNJMAXX has 15 seconds left.
|inactive|KNJMAXX has 10 seconds left.
|inactive|KNJMAXX has 5 seconds left.
|
|t:|1785602829
|move|p2a: Glimmora|Spiky Shield|p2a: Glimmora
|-singleturn|p2a: Glimmora|move: Protect
|move|p1a: King|Protect|p1a: King
|-singleturn|p1a: King|Protect
|move|p2b: Whimsicott|Tailwind|p2b: Whimsicott
|-sidestart|p2: grfynnvgc|move: Tailwind
|move|p1b: 50%|Dire Claw|p2b: Whimsicott
|-supereffective|p2b: Whimsicott|2
|-damage|p2b: Whimsicott|0 fnt
|faint|p2b: Whimsicott
|
|upkeep
|
|t:|1785602839
|switch|p2b: Staraptor|Staraptor, L50, F|100/100
|-ability|p2b: Staraptor|Intimidate|boost
|-unboost|p1a: King|atk|1
|-ability|p1a: King|Defiant|boost
|-boost|p1a: King|atk|2
|-unboost|p1b: 50%|atk|1
|-enditem|p1b: 50%|White Herb
|-clearnegativeboost|p1b: 50%|[silent]
|turn|2
|inactive|KNJMAXX has 30 seconds left.
|
|t:|1785602866
|switch|p1b: 0%|Froslass, L50, F|100/100
|switch|p1a: 25%|Basculegion, L50, M|100/100
|detailschange|p2b: Staraptor|Staraptor-Mega, L50, F
|-mega|p2b: Staraptor|Staraptor|Staraptite
|move|p2b: Staraptor|Close Combat|p1a: 25%
|-immune|p1a: 25%
|move|p2a: Glimmora|Earth Power|p1b: 0%
|-damage|p1b: 0%|54/100
|
|upkeep
|turn|3
|inactive|KNJMAXX has 30 seconds left.
|
|t:|1785602894
|switch|p2b: Kingambit|Kingambit, L50, M|100/100
|move|p1b: 0%|Protect|p1b: 0%
|-singleturn|p1b: 0%|Protect
|move|p2a: Glimmora|Power Gem|p1b: 0%
|-activate|p1b: 0%|move: Protect
|move|p1a: 25%|Wave Crash|p2a: Glimmora
|-supereffective|p2a: Glimmora|1
|-enditem|p2a: Glimmora|Focus Sash
|-damage|p2a: Glimmora|1/100
|-activate|p2a: Glimmora|ability: Toxic Debris
|-sidestart|p1: KNJMAXX|move: Toxic Spikes
|-damage|p1a: 25%|76/100|[from] Recoil
|
|upkeep
|turn|4
|
|t:|1785602919
|switch|p1b: King|Kingambit, L50, M, shiny|100/100
|move|p2a: Glimmora|Spiky Shield|p2a: Glimmora
|-singleturn|p2a: Glimmora|move: Protect
|move|p1a: 25%|Protect|p1a: 25%
|-singleturn|p1a: 25%|Protect
|move|p2b: Kingambit|Kowtow Cleave|p1a: 25%
|-activate|p1a: 25%|move: Protect
|
|-sideend|p2: grfynnvgc|move: Tailwind
|upkeep
|turn|5
|inactive|KNJMAXX has 30 seconds left.
|inactive|KNJMAXX has 20 seconds left.
|
|t:|1785602956
|switch|p2a: Staraptor|Staraptor-Mega, L50, F|100/100
|move|p1a: 25%|Wave Crash|p2b: Kingambit
|-damage|p2b: Kingambit|39/100
|-damage|p1a: 25%|57/100|[from] Recoil
|move|p2b: Kingambit|Kowtow Cleave|p1a: 25%
|-supereffective|p1a: 25%|1
|-damage|p1a: 25%|0 fnt
|faint|p1a: 25%
|move|p1b: King|Kowtow Cleave|p2a: Staraptor
|-resisted|p2a: Staraptor|1
|-damage|p2a: Staraptor|69/100
|
|upkeep
|
|t:|1785602972
|switch|p1a: 50%|Sneasler, L50, M|100/100
|-sideend|p1: KNJMAXX|move: Toxic Spikes|[of] p1a: 50%
|turn|6
|inactive|KNJMAXX has 30 seconds left.
|
|t:|1785602998
|move|p1b: King|Protect|p1b: King
|-singleturn|p1b: King|Protect
|move|p2a: Staraptor|Close Combat|p1b: King
|-activate|p1b: King|move: Protect
|move|p1a: 50%|Dire Claw|p2a: Staraptor
|-damage|p2a: Staraptor|35/100
|-status|p2a: Staraptor|par
|move|p2b: Kingambit|Low Kick|p1b: King
|-activate|p1b: King|move: Protect
|
|upkeep
|turn|7
|c|☆grfynnvgc|lol gotta love dire claw
|-message|grfynnvgc forfeited.
|
|win|KNJMAXX
