|j|☆Truevillany123
|j|☆LadylikeMiked97
|html|Truevillany123LadylikeMiked97    
|uhtml|bestof|Game 3 of a best-of-3
|t:|1757122626
|gametype|doubles
|player|p1|Truevillany123|1|1084
|player|p2|LadylikeMiked97|1|1050
|gen|9
|tier|[Gen 9] VGC 2025 Reg H (Bo3)
|rated|
|rule|Species Clause: Limit one of each Pokémon
|rule|Item Clause: Limit 1 of each item
|clearpoke
|poke|p1|Ursaluna-Bloodmoon, L50, M|
|poke|p1|Gholdengo, L50|
|poke|p1|Dragonite, L50, M|
|poke|p1|Sneasler, L50, M|
|poke|p1|Incineroar, L50, M|
|poke|p1|Amoonguss, L50, F|
|poke|p2|Ninetales-Alola, L50, M|
|poke|p2|Rillaboom, L50, M|
|poke|p2|Gastrodon, L50, F|
|poke|p2|Flamigo, L50, F|
|poke|p2|Dragonite, L50, F|
|poke|p2|Ceruledge, L50, M|
|teampreview|4
|showteam|p1|Ursaluna-Bloodmoon||AssaultVest|MindsEye|BloodMoon,EarthPower,VacuumWave,HyperVoice|||M|||50|,,,,,Water]Gholdengo||LifeOrb|GoodasGold|Protect,MakeItRain,ShadowBall,NastyPlot||||||50|,,,,,Water]Dragonite||LoadedDice|Multiscale|ScaleShot,Tailwind,Haze,Protect|||M|||50|,,,,,Fairy]Sneasler||FocusSash|Unburden|Protect,DireClaw,CloseCombat,ThroatChop|||M|||50|,,,,,Stellar]Incineroar||SafetyGoggles|Intimidate|KnockOff,PartingShot,FlareBlitz,FakeOut|||M|||50|,,,,,Ghost]Amoonguss||SitrusBerry|Regenerator|RagePowder,Spore,PollenPuff,Protect|||F|||50|,,,,,Psychic
|showteam|p2|Ninetales-Alola||LightClay|SnowWarning|AuroraVeil,Blizzard,Protect,FreezeDry|||M|||50|,,,,,Water]Rillaboom||AssaultVest|GrassySurge|FakeOut,KnockOff,WoodHammer,GrassyGlide|||M|||50|,,,,,Fire]Gastrodon||Leftovers|StormDrain|Substitute,EarthPower,IceBeam,Protect|||F|||50|,,,,,Normal]Flamigo||ChoiceScarf|Scrappy|CloseCombat,BraveBird,ThroatChop,Uturn|||F|||50|,,,,,Ghost]Dragonite||LoadedDice|Multiscale|ExtremeSpeed,StompingTantrum,ScaleShot,Protect|||F|||50|,,,,,Fairy]Ceruledge||SafetyGoggles|FlashFire|BitterBlade,Taunt,Protect,ShadowSneak|||M|||50|,,,,,Fire
|
|t:|1757122658
|teamsize|p1|4
|teamsize|p2|4
|start
|switch|p1a: Incineroar|Incineroar, L50, M|100/100
|switch|p1b: Amoonguss|Amoonguss, L50, F|100/100
|switch|p2a: Flamigo|Flamigo, L50, F|100/100
|switch|p2b: Rillaboom|Rillaboom, L50, M|100/100
|-fieldstart|move: Grassy Terrain|[from] ability: Grassy Surge|[of] p2b: Rillaboom
|-ability|p1a: Incineroar|Intimidate|boost
|-fail|p2a: Flamigo|unboost|Attack|[from] ability: Scrappy|[of] p2a: Flamigo
|-unboost|p2b: Rillaboom|atk|1
|turn|1
|inactive|Battle timer is ON: inactive players will automatically lose when time's up. (requested by Truevillany123)
|
|t:|1757122683
|-terastallize|p1a: Incineroar|Ghost
|move|p2b: Rillaboom|Fake Out|p1a: Incineroar
|-immune|p1a: Incineroar
|move|p2a: Flamigo|Brave Bird|p1b: Amoonguss
|-supereffective|p1b: Amoonguss
|-damage|p1b: Amoonguss|1/100
|-enditem|p1b: Amoonguss|Sitrus Berry|[eat]
|-heal|p1b: Amoonguss|26/100|[from] item: Sitrus Berry
|-damage|p2a: Flamigo|55/100|[from] Recoil
|move|p1a: Incineroar|Flare Blitz|p2b: Rillaboom
|-supereffective|p2b: Rillaboom
|-damage|p2b: Rillaboom|0 fnt
|faint|p2b: Rillaboom
|-damage|p1a: Incineroar|67/100|[from] Recoil
|move|p1b: Amoonguss|Spore|p2a: Flamigo
|-status|p2a: Flamigo|slp|[from] move: Spore
|
|-heal|p1a: Incineroar|73/100|[from] Grassy Terrain
|-heal|p1b: Amoonguss|32/100|[from] Grassy Terrain
|upkeep
|inactive|LadylikeMiked97 has 30 seconds left.
|
|t:|1757122712
|switch|p2b: Ninetales|Ninetales-Alola, L50, M|100/100
|-weather|Snowscape|[from] ability: Snow Warning|[of] p2b: Ninetales
|turn|2
|inactive|LadylikeMiked97 has 30 seconds left.
|
|t:|1757122741
|switch|p2a: Dragonite|Dragonite, L50, F|100/100
|move|p2b: Ninetales|Protect|p2b: Ninetales
|-singleturn|p2b: Ninetales|Protect
|move|p1a: Incineroar|Flare Blitz|p2b: Ninetales
|-activate|p2b: Ninetales|move: Protect
|move|p1b: Amoonguss|Pollen Puff|p1a: Incineroar
|-heal|p1a: Incineroar|100/100
|
|-weather|Snowscape|[upkeep]
|-heal|p1b: Amoonguss|38/100|[from] Grassy Terrain
|upkeep
|turn|3
|
|t:|1757122763
|switch|p1a: Gholdengo|Gholdengo, L50|100/100
|move|p1b: Amoonguss|Protect|p1b: Amoonguss
|-singleturn|p1b: Amoonguss|Protect
|move|p2b: Ninetales|Blizzard|p1b: Amoonguss|[spread] p1a
|-activate|p1b: Amoonguss|move: Protect
|-resisted|p1a: Gholdengo
|-damage|p1a: Gholdengo|85/100
|move|p2a: Dragonite|Scale Shot|p1a: Gholdengo
|-resisted|p1a: Gholdengo
|-damage|p1a: Gholdengo|78/100
|-resisted|p1a: Gholdengo
|-damage|p1a: Gholdengo|70/100
|-resisted|p1a: Gholdengo
|-damage|p1a: Gholdengo|62/100
|-resisted|p1a: Gholdengo
|-damage|p1a: Gholdengo|54/100
|-resisted|p1a: Gholdengo
|-damage|p1a: Gholdengo|47/100
|-hitcount|p1a: Gholdengo|5
|-unboost|p2a: Dragonite|def|1
|-boost|p2a: Dragonite|spe|1
|
|-weather|Snowscape|[upkeep]
|-heal|p1a: Gholdengo|54/100|[from] Grassy Terrain
|-heal|p1b: Amoonguss|44/100|[from] Grassy Terrain
|upkeep
|turn|4
|inactive|LadylikeMiked97 has 30 seconds left.
|
|t:|1757122790
|switch|p1b: Incineroar|Incineroar, L50, M, tera:Ghost|100/100
|-ability|p1b: Incineroar|Intimidate|boost
|-unboost|p2a: Dragonite|atk|1
|-unboost|p2b: Ninetales|atk|1
|move|p1a: Gholdengo|Protect|p1a: Gholdengo
|-singleturn|p1a: Gholdengo|Protect
|move|p2a: Dragonite|Stomping Tantrum|p1a: Gholdengo
|-activate|p1a: Gholdengo|move: Protect
|move|p2b: Ninetales|Blizzard|p1a: Gholdengo|[spread] p1b
|-activate|p1a: Gholdengo|move: Protect
|-damage|p1b: Incineroar|72/100
|
|-weather|Snowscape|[upkeep]
|-heal|p1a: Gholdengo|60/100|[from] Grassy Terrain
|-heal|p1b: Incineroar|78/100|[from] Grassy Terrain
|upkeep
|turn|5
|
|t:|1757122810
|switch|p1a: Amoonguss|Amoonguss, L50, F|77/100
|move|p2a: Dragonite|Protect|p2a: Dragonite
|-singleturn|p2a: Dragonite|Protect
|move|p2b: Ninetales|Protect|p2b: Ninetales
|-singleturn|p2b: Ninetales|Protect
|move|p1b: Incineroar|Knock Off|p2a: Dragonite
|-activate|p2a: Dragonite|move: Protect
|
|-weather|Snowscape|[upkeep]
|-heal|p1b: Incineroar|84/100|[from] Grassy Terrain
|-heal|p1a: Amoonguss|83/100|[from] Grassy Terrain
|-fieldend|move: Grassy Terrain
|upkeep
|turn|6
|inactive|LadylikeMiked97 has 30 seconds left.
|
|t:|1757122839
|move|p1a: Amoonguss|Protect|p1a: Amoonguss
|-singleturn|p1a: Amoonguss|Protect
|move|p2a: Dragonite|Scale Shot|p1b: Incineroar
|-damage|p1b: Incineroar|73/100
|-damage|p1b: Incineroar|63/100
|-damage|p1b: Incineroar|52/100
|-damage|p1b: Incineroar|43/100
|-damage|p1b: Incineroar|33/100
|-hitcount|p1b: Incineroar|5
|-unboost|p2a: Dragonite|def|1
|-boost|p2a: Dragonite|spe|1
|move|p2b: Ninetales|Blizzard|p1b: Incineroar|[spread] p1b
|-activate|p1a: Amoonguss|move: Protect
|-crit|p1b: Incineroar
|-damage|p1b: Incineroar|0 fnt
|faint|p1b: Incineroar
|
|-weather|none
|upkeep
|
|t:|1757122856
|switch|p1b: Dragonite|Dragonite, L50, M|100/100
|turn|7
|c|☆Truevillany123|Good fucking game
|inactive|LadylikeMiked97 has 30 seconds left.
|inactive|LadylikeMiked97 has 20 seconds left.
|
|t:|1757122895
|-terastallize|p2a: Dragonite|Fairy
|move|p2a: Dragonite|Scale Shot|p1a: Amoonguss
|-damage|p1a: Amoonguss|75/100
|-damage|p1a: Amoonguss|67/100
|-damage|p1a: Amoonguss|58/100
|-damage|p1a: Amoonguss|50/100
|-damage|p1a: Amoonguss|41/100
|-hitcount|p1a: Amoonguss|5
|-unboost|p2a: Dragonite|def|1
|-boost|p2a: Dragonite|spe|1
|move|p2b: Ninetales|Freeze-Dry|p1a: Amoonguss
|-supereffective|p1a: Amoonguss
|-damage|p1a: Amoonguss|0 fnt
|faint|p1a: Amoonguss
|move|p1b: Dragonite|Scale Shot|p1: Amoonguss|[notarget]
|-fail|p1b: Dragonite
|
|upkeep
|
|t:|1757122912
|switch|p1a: Gholdengo|Gholdengo, L50|60/100
|turn|8
|c|☆Truevillany123|Fuck man
|inactive|LadylikeMiked97 has 30 seconds left.
|
|t:|1757122946
|move|p2b: Ninetales|Protect|p2b: Ninetales
|-singleturn|p2b: Ninetales|Protect
|move|p2a: Dragonite|Stomping Tantrum|p1a: Gholdengo
|-supereffective|p1a: Gholdengo
|-damage|p1a: Gholdengo|17/100
|move|p1a: Gholdengo|Make It Rain|p2b: Ninetales|[spread] p2a
|-activate|p2b: Ninetales|move: Protect
|-supereffective|p2a: Dragonite
|-damage|p2a: Dragonite|39/100
|-unboost|p1a: Gholdengo|spa|1
|-damage|p1a: Gholdengo|8/100|[from] item: Life Orb
|move|p1b: Dragonite|Tailwind|p1b: Dragonite
|-sidestart|p1: Truevillany123|move: Tailwind
|
|upkeep
|turn|9
|c|☆Truevillany123|Fuck fuck fuck
|n|‽Truevillany123|truevillany123
|c|~|/log Truevillany123 was locked from talking by Artemis. (☆Truevillany123: Fuck fuck fuck)
|c|~|/raw This action was done automatically. Want to learn more about the AI? Visit the information thread.
|inactive|LadylikeMiked97 has 30 seconds left.
|
|t:|1757122971
|switch|p2b: Flamigo|Flamigo, L50, F|55/100 slp
|move|p2a: Dragonite|Extreme Speed|p1a: Gholdengo
|-immune|p1a: Gholdengo
|move|p1a: Gholdengo|Shadow Ball|p1b: Dragonite
|-damage|p1b: Dragonite|81/100
|-damage|p1a: Gholdengo|0 fnt|[from] item: Life Orb
|faint|p1a: Gholdengo
|move|p1b: Dragonite|Scale Shot|p1: Gholdengo|[notarget]
|-fail|p1b: Dragonite
|
|upkeep
|turn|10
|
|t:|1757122992
|move|p2a: Dragonite|Scale Shot|p1b: Dragonite
|-supereffective|p1b: Dragonite
|-damage|p1b: Dragonite|55/100
|-supereffective|p1b: Dragonite
|-damage|p1b: Dragonite|32/100
|-supereffective|p1b: Dragonite
|-damage|p1b: Dragonite|7/100
|-supereffective|p1b: Dragonite
|-damage|p1b: Dragonite|0 fnt
|faint|p1b: Dragonite
|-hitcount|p1: Dragonite|4
|
|win|LadylikeMiked97
