|j|☆Ziik
|j|☆rube07
|html|Ziikrube07    
|uhtml|bestof|Game 1 of a best-of-3
|t:|1756310271
|gametype|doubles
|player|p1|Ziik|101|1096
|player|p2|rube07|1|1045
|gen|9
|tier|[Gen 9] VGC 2025 Reg H (Bo3)
|rated|
|rule|Species Clause: Limit one of each Pokémon
|rule|Item Clause: Limit 1 of each item
|clearpoke
|poke|p1|Amoonguss, L50, F|
|poke|p1|Archaludon, L50, F|
|poke|p1|Basculegion, L50, M|
|poke|p1|Pelipper, L50, M|
|poke|p1|Rillaboom, L50, F|
|poke|p1|Maushold-Four, L50|
|poke|p2|Pelipper, L50, F|
|poke|p2|Archaludon, L50, M|
|poke|p2|Gholdengo, L50|
|poke|p2|Sinistcha, L50|
|poke|p2|Dragonite, L50, F|
|poke|p2|Ursaluna, L50, M|
|teampreview|4
|showteam|p1|Amoonguss||SitrusBerry|Regenerator|RagePowder,Spore,PollenPuff,ClearSmog|||F|||50|,,,,,Fire]Archaludon||AssaultVest|Stamina|ElectroShot,FlashCannon,DracoMeteor,BodyPress|||F|||50|,,,,,Bug]Basculegion||LifeOrb|SwiftSwim|WaveCrash,LastRespects,AquaJet,FlipTurn|||M|||50|,,,,,Water]Pelipper||FocusSash|Drizzle|Protect,WeatherBall,Hurricane,Tailwind|||M|||50|,,,,,Steel]Rillaboom||MiracleSeed|GrassySurge|FakeOut,GrassyGlide,WoodHammer,Uturn|||F|||50|,,,,,Fire]Maushold-Four||WideLens|FriendGuard|Protect,FollowMe,Taunt,PopulationBomb||||||50|,,,,,Grass
|showteam|p2|Pelipper||LifeOrb|Drizzle|Hurricane,Tailwind,WeatherBall,Protect|||F|||50|,,,,,Ghost]Archaludon||AssaultVest|Stamina|ElectroShot,DragonPulse,FlashCannon,BodyPress|||M|||50|,,,,,Grass]Gholdengo||ChoiceScarf|GoodasGold|MakeItRain,ShadowBall,Trick,Protect||||||50|,,,,,Dragon]Sinistcha||RockyHelmet|Hospitality|MatchaGotcha,ShadowBall,RagePowder||||||50|,,,,,Water]Dragonite||LoadedDice|InnerFocus|DragonDance,Protect,ExtremeSpeed,ScaleShot|||F|||50|,,,,,Normal]Ursaluna||FlameOrb|Guts|Facade,HeadlongRush,SwordsDance,Protect|||M|||50|,,,,,Ground
|inactive|Battle timer is ON: inactive players will automatically lose when time's up. (requested by rube07)
|inactive|rube07 has 60 seconds left.
|
|t:|1756310310
|teamsize|p1|4
|teamsize|p2|4
|start
|switch|p1a: Rillaboom|Rillaboom, L50, F|100/100
|switch|p1b: Basculegion|Basculegion, L50, M|100/100
|switch|p2a: Dragonite|Dragonite, L50, F|100/100
|switch|p2b: Archaludon|Archaludon, L50, M|100/100
|-fieldstart|move: Grassy Terrain|[from] ability: Grassy Surge|[of] p1a: Rillaboom
|turn|1
|
|t:|1756310334
|switch|p1a: Amoonguss|Amoonguss, L50, F|100/100
|move|p1b: Basculegion|Flip Turn|p2a: Dragonite
|-resisted|p2a: Dragonite
|-damage|p2a: Dragonite|80/100
|-damage|p1b: Basculegion|91/100|[from] item: Life Orb
|
|t:|1756310343
|switch|p1b: Rillaboom|Rillaboom, L50, F|100/100|[from] Flip Turn
|move|p2a: Dragonite|Scale Shot|p2b: Archaludon
|-damage|p2b: Archaludon|88/100
|-ability|p2b: Archaludon|Stamina|boost
|-boost|p2b: Archaludon|def|1
|-damage|p2b: Archaludon|80/100
|-ability|p2b: Archaludon|Stamina|boost
|-boost|p2b: Archaludon|def|1
|-damage|p2b: Archaludon|74/100
|-ability|p2b: Archaludon|Stamina|boost
|-boost|p2b: Archaludon|def|1
|-damage|p2b: Archaludon|69/100
|-ability|p2b: Archaludon|Stamina|boost
|-boost|p2b: Archaludon|def|1
|-damage|p2b: Archaludon|65/100
|-ability|p2b: Archaludon|Stamina|boost
|-boost|p2b: Archaludon|def|1
|-hitcount|p2b: Archaludon|5
|-unboost|p2a: Dragonite|def|1
|-boost|p2a: Dragonite|spe|1
|move|p2b: Archaludon|Body Press|p1a: Amoonguss
|-resisted|p1a: Amoonguss
|-damage|p1a: Amoonguss|67/100
|
|-heal|p2b: Archaludon|71/100|[from] Grassy Terrain
|-heal|p1a: Amoonguss|73/100|[from] Grassy Terrain
|upkeep
|turn|2
|inactive|Ziik has 30 seconds left.
|inactive|rube07 has 30 seconds left.
|inactive|Ziik has 20 seconds left.
|inactive|rube07 has 20 seconds left.
|inactive|rube07 has 15 seconds left.
|inactive|rube07 has 10 seconds left.
|
|t:|1756310390
|switch|p2a: Gholdengo|Gholdengo, L50|100/100
|-terastallize|p2b: Archaludon|Grass
|move|p1b: Rillaboom|Fake Out|p2b: Archaludon
|-damage|p2b: Archaludon|68/100
|-ability|p2b: Archaludon|Stamina|boost
|-boost|p2b: Archaludon|def|1
|cant|p2b: Archaludon|flinch
|move|p1a: Amoonguss|Spore|p2a: Gholdengo
|-immune|p2a: Gholdengo|[from] ability: Good as Gold
|
|-heal|p2b: Archaludon|74/100|[from] Grassy Terrain
|-heal|p1a: Amoonguss|79/100|[from] Grassy Terrain
|upkeep
|turn|3
|inactive|Ziik has 30 seconds left.
|inactive|rube07 has 30 seconds left.
|
|t:|1756310421
|move|p2a: Gholdengo|Trick|p1a: Amoonguss
|-activate|p2a: Gholdengo|move: Trick|[of] p1a: Amoonguss
|-item|p1a: Amoonguss|Choice Scarf|[from] move: Trick
|-item|p2a: Gholdengo|Sitrus Berry|[from] move: Trick
|move|p1b: Rillaboom|Wood Hammer|p2a: Gholdengo
|-resisted|p2a: Gholdengo
|-damage|p2a: Gholdengo|46/100
|-enditem|p2a: Gholdengo|Sitrus Berry|[eat]
|-heal|p2a: Gholdengo|70/100|[from] item: Sitrus Berry
|-damage|p1b: Rillaboom|85/100|[from] Recoil
|move|p2b: Archaludon|Body Press|p1b: Rillaboom
|-damage|p1b: Rillaboom|0 fnt
|faint|p1b: Rillaboom
|move|p1a: Amoonguss|Clear Smog|p2b: Archaludon
|-supereffective|p2b: Archaludon
|-damage|p2b: Archaludon|51/100
|-clearboost|p2b: Archaludon
|-ability|p2b: Archaludon|Stamina|boost
|-boost|p2b: Archaludon|def|1
|
|-heal|p2a: Gholdengo|76/100|[from] Grassy Terrain
|-heal|p2b: Archaludon|57/100|[from] Grassy Terrain
|-heal|p1a: Amoonguss|85/100|[from] Grassy Terrain
|upkeep
|
|t:|1756310442
|switch|p1b: Basculegion|Basculegion, L50, M|91/100
|turn|4
|
|t:|1756310459
|switch|p2a: Pelipper|Pelipper, L50, F|100/100
|-weather|RainDance|[from] ability: Drizzle|[of] p2a: Pelipper
|switch|p1a: Archaludon|Archaludon, L50, F|100/100
|move|p1b: Basculegion|Last Respects|p2a: Pelipper
|-damage|p2a: Pelipper|20/100
|-damage|p1b: Basculegion|81/100|[from] item: Life Orb
|move|p2b: Archaludon|Electro Shot||[still]
|-prepare|p2b: Archaludon|Electro Shot
|-boost|p2b: Archaludon|spa|1
|-anim|p2b: Archaludon|Electro Shot|p1b: Basculegion
|-supereffective|p1b: Basculegion
|-damage|p1b: Basculegion|0 fnt
|faint|p1b: Basculegion
|
|-weather|RainDance|[upkeep]
|-heal|p2b: Archaludon|63/100|[from] Grassy Terrain
|upkeep
|
|t:|1756310478
|switch|p1b: Amoonguss|Amoonguss, L50, F|100/100
|turn|5
|
|t:|1756310487
|move|p1a: Archaludon|Electro Shot||[still]
|-prepare|p1a: Archaludon|Electro Shot
|-boost|p1a: Archaludon|spa|1
|-anim|p1a: Archaludon|Electro Shot|p2a: Pelipper
|-supereffective|p2a: Pelipper
|-crit|p2a: Pelipper
|-damage|p2a: Pelipper|0 fnt
|faint|p2a: Pelipper
|move|p2b: Archaludon|Body Press|p1a: Archaludon
|-supereffective|p1a: Archaludon
|-damage|p1a: Archaludon|52/100
|-ability|p1a: Archaludon|Stamina|boost
|-boost|p1a: Archaludon|def|1
|move|p1b: Amoonguss|Clear Smog|p2b: Archaludon
|-supereffective|p2b: Archaludon
|-damage|p2b: Archaludon|39/100
|-clearboost|p2b: Archaludon
|-ability|p2b: Archaludon|Stamina|boost
|-boost|p2b: Archaludon|def|1
|
|-weather|RainDance|[upkeep]
|-heal|p1a: Archaludon|58/100|[from] Grassy Terrain
|-heal|p2b: Archaludon|45/100|[from] Grassy Terrain
|-fieldend|move: Grassy Terrain
|upkeep
|
|t:|1756310501
|switch|p2a: Gholdengo|Gholdengo, L50|76/100
|turn|6
|
|t:|1756310518
|move|p2a: Gholdengo|Make It Rain|p1b: Amoonguss|[spread] p1a,p1b
|-resisted|p1a: Archaludon
|-crit|p1b: Amoonguss
|-damage|p1a: Archaludon|42/100
|-damage|p1b: Amoonguss|45/100
|-unboost|p2a: Gholdengo|spa|1
|-ability|p1a: Archaludon|Stamina|boost
|-boost|p1a: Archaludon|def|1
|move|p1a: Archaludon|Electro Shot||[still]
|-prepare|p1a: Archaludon|Electro Shot
|-boost|p1a: Archaludon|spa|1
|-anim|p1a: Archaludon|Electro Shot|p2a: Gholdengo
|-damage|p2a: Gholdengo|0 fnt
|faint|p2a: Gholdengo
|move|p2b: Archaludon|Body Press|p1a: Archaludon
|-supereffective|p1a: Archaludon
|-damage|p1a: Archaludon|14/100
|-ability|p1a: Archaludon|Stamina|boost
|-boost|p1a: Archaludon|def|1
|move|p1b: Amoonguss|Clear Smog|p2b: Archaludon
|-supereffective|p2b: Archaludon
|-damage|p2b: Archaludon|21/100
|-clearboost|p2b: Archaludon
|-ability|p2b: Archaludon|Stamina|boost
|-boost|p2b: Archaludon|def|1
|
|-weather|RainDance|[upkeep]
|upkeep
|
|t:|1756310530
|switch|p2a: Dragonite|Dragonite, L50, F|80/100
|turn|7
|
|t:|1756310553
|move|p1a: Archaludon|Draco Meteor|p2a: Dragonite
|-supereffective|p2a: Dragonite
|-damage|p2a: Dragonite|0 fnt
|-unboost|p1a: Archaludon|spa|2
|faint|p2a: Dragonite
|move|p2b: Archaludon|Electro Shot||[still]
|-prepare|p2b: Archaludon|Electro Shot
|-boost|p2b: Archaludon|spa|1
|-anim|p2b: Archaludon|Electro Shot|p1a: Archaludon
|-resisted|p1a: Archaludon
|-damage|p1a: Archaludon|0 fnt
|faint|p1a: Archaludon
|move|p1b: Amoonguss|Clear Smog|p2b: Archaludon
|-supereffective|p2b: Archaludon
|-damage|p2b: Archaludon|0 fnt
|-clearboost|p2b: Archaludon
|faint|p2b: Archaludon
|
|win|Ziik
|inactive|Ziik has 30 seconds to confirm battle start!
|inactive|rube07 has 30 seconds to confirm battle start!
|l|☆rube07
|player|p2|
||rube07 is ready for game 2.
|inactive|Ziik has 20 seconds to confirm battle start!
||Ziik is ready for game 2.
|uhtml|next|Next: Game 2 of 3
