|j|☆tavinn_n
|j|☆smearglehater21
|html|tavinn_nsmearglehater21    
|uhtml|bestof|Game 1 of a best-of-3
|t:|1784763841
|gametype|doubles
|player|p1|tavinn_n|ghetsis|1318
|player|p2|smearglehater21|nate|1380
|gen|9
|tier|[Gen 9 Champions] VGC 2026 Reg M-B (Bo3)
|rated|
|rule|Species Clause: Limit one of each Pokémon
|rule|Item Clause: Limit 1 of each item
|clearpoke
|poke|p1|Tyranitar, L50, F|
|poke|p1|Excadrill, L50, M|
|poke|p1|Milotic, L50, F|
|poke|p1|Sinistcha, L50|
|poke|p1|Staraptor, L50, F|
|poke|p1|Gholdengo, L50|
|poke|p2|Kingambit, L50, F|
|poke|p2|Whimsicott, L50, F|
|poke|p2|Basculegion, L50, M|
|poke|p2|Garchomp, L50, F|
|poke|p2|Charizard, L50, F|
|poke|p2|Floette-Eternal, L50, F|
|teampreview|4
|showteam|p1|Tyranitar||Tyranitarite|SandStream|KnockOff,RockSlide,HighHorsepower,Protect|Jolly||F|||50|]Excadrill||FocusSash|SandRush|Earthquake,IronHead,RockSlide,Protect|Jolly||M|||50|]Milotic||SitrusBerry|Competitive|Scald,IcyWind,Haze,Protect|Calm||F|||50|]Sinistcha||ColburBerry|Hospitality|MatchaGotcha,ShadowBall,Protect,RagePowder|Bold|||||50|]Staraptor||Staraptite|Intimidate|CloseCombat,BraveBird,Tailwind,Protect|Jolly||F|||50|]Gholdengo||LifeOrb|GoodasGold|MakeItRain,ShadowBall,NastyPlot,Protect|Modest|||||50|
|showteam|p2|Kingambit||ChopleBerry|Defiant|KowtowCleave,LowKick,SuckerPunch,IronHead|Adamant||F|||50|]Whimsicott||FocusSash|Prankster|Moonblast,Tailwind,Encore,Protect|Timid||F|||50|]Basculegion||MysticWater|Adaptability|WaveCrash,LastRespects,AquaJet,Protect|Adamant||M|||50|]Garchomp||LifeOrb|RoughSkin|DragonClaw,RockSlide,Earthquake,Protect|Jolly||F|||50|]Charizard||CharizarditeY|Blaze|WeatherBall,HeatWave,SolarBeam,Protect|Modest||F|||50|]Floette-Eternal||Floettite|FlowerVeil|Moonblast,DazzlingGleam,LightofRuin,Protect|Timid||F|||50|
|inactive|Battle timer is ON: inactive players will automatically lose when time's up. (requested by tavinn_n)
|inactive|smearglehater21 also wants the timer to be on.
|
|t:|1784763854
|teamsize|p1|4
|teamsize|p2|4
|start
|switch|p1a: Staraptor|Staraptor, L50, F|100/100
|switch|p1b: Gholdengo|Gholdengo, L50|100/100
|switch|p2a: Whimsicott|Whimsicott, L50, F|100/100
|switch|p2b: Garchomp|Garchomp, L50, F|100/100
|-ability|p1a: Staraptor|Intimidate|boost
|-unboost|p2a: Whimsicott|atk|1
|-unboost|p2b: Garchomp|atk|1
|turn|1
|inactive|tavinn_n has 30 seconds left.
|
|t:|1784763884
|detailschange|p1a: Staraptor|Staraptor-Mega, L50, F
|-mega|p1a: Staraptor|Staraptor|Staraptite
|move|p2b: Garchomp|Protect|p2b: Garchomp
|-singleturn|p2b: Garchomp|Protect
|move|p1b: Gholdengo|Protect|p1b: Gholdengo
|-singleturn|p1b: Gholdengo|Protect
|move|p2a: Whimsicott|Moonblast|p1a: Staraptor
|-supereffective|p1a: Staraptor|1
|-damage|p1a: Staraptor|23/100
|move|p1a: Staraptor|Tailwind|p1a: Staraptor
|-sidestart|p1: tavinn_n|move: Tailwind
|
|upkeep
|turn|2
|
|t:|1784763908
|move|p2a: Whimsicott|Tailwind|p2a: Whimsicott
|-sidestart|p2: smearglehater21|move: Tailwind
|move|p1a: Staraptor|Brave Bird|p2a: Whimsicott
|-supereffective|p2a: Whimsicott|1
|-enditem|p2a: Whimsicott|Focus Sash
|-damage|p2a: Whimsicott|1/100
|-damage|p1a: Staraptor|0 fnt|[from] Recoil
|faint|p1a: Staraptor
|move|p2b: Garchomp|Earthquake|p1b: Gholdengo|[spread] p2a,p1b
|-resisted|p2a: Whimsicott|1
|-supereffective|p1b: Gholdengo|1
|-damage|p2a: Whimsicott|0 fnt
|-damage|p1b: Gholdengo|38/100
|faint|p2a: Whimsicott
|-damage|p2b: Garchomp|90/100|[from] item: Life Orb
|move|p1b: Gholdengo|Nasty Plot|p1b: Gholdengo
|-boost|p1b: Gholdengo|spa|2
|
|upkeep
|
|t:|1784763923
|switch|p2a: Floette|Floette-Eternal, L50, F|100/100
|switch|p1a: Milotic|Milotic, L50, F|100/100
|turn|3
|
|t:|1784763932
|detailschange|p2a: Floette|Floette-Mega, L50, F
|-mega|p2a: Floette|Floette|Floettite
|-ability|p2a: Floette|Fairy Aura
|move|p1b: Gholdengo|Protect|p1b: Gholdengo
|-singleturn|p1b: Gholdengo|Protect
|move|p2a: Floette|Moonblast|p1a: Milotic
|-damage|p1a: Milotic|47/100
|-enditem|p1a: Milotic|Sitrus Berry|[eat]
|-heal|p1a: Milotic|72/100|[from] item: Sitrus Berry
|move|p2b: Garchomp|Dragon Claw|p1a: Milotic
|-damage|p1a: Milotic|35/100
|-damage|p2b: Garchomp|80/100|[from] item: Life Orb
|move|p1a: Milotic|Icy Wind|p2a: Floette|[spread] p2a,p2b
|-supereffective|p2b: Garchomp|2
|-damage|p2a: Floette|91/100
|-damage|p2b: Garchomp|39/100
|-unboost|p2a: Floette|spe|1
|-unboost|p2b: Garchomp|spe|1
|
|upkeep
|turn|4
|inactive|tavinn_n has 30 seconds left.
|
|t:|1784763961
|move|p2a: Floette|Protect|p2a: Floette
|-singleturn|p2a: Floette|Protect
|move|p1a: Milotic|Icy Wind|p2a: Floette|[spread] p2b
|-activate|p2a: Floette|move: Protect
|-supereffective|p2b: Garchomp|2
|-damage|p2b: Garchomp|0 fnt
|faint|p2b: Garchomp
|move|p1b: Gholdengo|Make It Rain|p2a: Floette
|-activate|p2a: Floette|move: Protect
|
|-sideend|p1: tavinn_n|move: Tailwind
|upkeep
|
|t:|1784763970
|switch|p2b: Basculegion|Basculegion, L50, M|100/100
|turn|5
|
|t:|1784763985
|move|p1a: Milotic|Protect|p1a: Milotic
|-singleturn|p1a: Milotic|Protect
|move|p1b: Gholdengo|Protect|p1b: Gholdengo
|-singleturn|p1b: Gholdengo|Protect
|move|p2b: Basculegion|Last Respects|p1b: Gholdengo
|-activate|p1b: Gholdengo|move: Protect
|move|p2a: Floette|Moonblast|p1a: Milotic
|-activate|p1a: Milotic|move: Protect
|
|-sideend|p2: smearglehater21|move: Tailwind
|upkeep
|turn|6
|
|t:|1784764003
|switch|p1b: Tyranitar|Tyranitar, L50, F|100/100
|-weather|Sandstorm|[from] ability: Sand Stream|[of] p1b: Tyranitar
|move|p2a: Floette|Protect|p2a: Floette
|-singleturn|p2a: Floette|Protect
|move|p1a: Milotic|Icy Wind|p2a: Floette|[spread] p2b
|-activate|p2a: Floette|move: Protect
|-resisted|p2b: Basculegion|1
|-damage|p2b: Basculegion|95/100
|-unboost|p2b: Basculegion|spe|1
|move|p2b: Basculegion|Last Respects|p1b: Tyranitar
|-resisted|p1b: Tyranitar|1
|-damage|p1b: Tyranitar|58/100
|
|-weather|Sandstorm|[upkeep]
|-damage|p1a: Milotic|30/100|[from] Sandstorm
|-damage|p2a: Floette|85/100|[from] Sandstorm
|-damage|p2b: Basculegion|89/100|[from] Sandstorm
|upkeep
|turn|7
|inactive|tavinn_n has 30 seconds left.
|
|t:|1784764032
|move|p2b: Basculegion|Protect|p2b: Basculegion
|-singleturn|p2b: Basculegion|Protect
|move|p1b: Tyranitar|Rock Slide|p2b: Basculegion|[spread] p2a
|-activate|p2b: Basculegion|move: Protect
|-damage|p2a: Floette|47/100
|move|p1a: Milotic|Scald|p2a: Floette
|-damage|p2a: Floette|24/100
|-status|p2a: Floette|brn
|move|p2a: Floette|Dazzling Gleam|p1b: Tyranitar|[spread] p1a,p1b
|-supereffective|p1b: Tyranitar|1
|-damage|p1a: Milotic|1/100
|-damage|p1b: Tyranitar|1/100
|
|-weather|Sandstorm|[upkeep]
|-damage|p1a: Milotic|0 fnt|[from] Sandstorm
|-damage|p2a: Floette|18/100 brn|[from] Sandstorm
|-damage|p2b: Basculegion|83/100|[from] Sandstorm
|faint|p1a: Milotic
|-damage|p2a: Floette|12/100 brn|[from] brn
|upkeep
|
|t:|1784764044
|switch|p1a: Gholdengo|Gholdengo, L50|38/100
|turn|8
|
|t:|1784764062
|move|p1b: Tyranitar|Protect|p1b: Tyranitar
|-singleturn|p1b: Tyranitar|Protect
|move|p1a: Gholdengo|Protect|p1a: Gholdengo
|-singleturn|p1a: Gholdengo|Protect
|move|p2b: Basculegion|Aqua Jet|p1b: Tyranitar
|-activate|p1b: Tyranitar|move: Protect
|move|p2a: Floette|Moonblast|p1a: Gholdengo
|-activate|p1a: Gholdengo|move: Protect
|
|-weather|Sandstorm|[upkeep]
|-damage|p2a: Floette|6/100 brn|[from] Sandstorm
|-damage|p2b: Basculegion|77/100|[from] Sandstorm
|-damage|p2a: Floette|1/100 brn|[from] brn
|upkeep
|turn|9
|
|t:|1784764085
|move|p2b: Basculegion|Aqua Jet|p1b: Tyranitar
|-supereffective|p1b: Tyranitar|1
|-damage|p1b: Tyranitar|0 fnt
|faint|p1b: Tyranitar
|move|p1a: Gholdengo|Make It Rain|p2a: Floette|[spread] p2a,p2b
|-supereffective|p2a: Floette|1
|-resisted|p2b: Basculegion|1
|-damage|p2a: Floette|0 fnt
|-damage|p2b: Basculegion|47/100
|-unboost|p1a: Gholdengo|spa|2
|faint|p2a: Floette
|-damage|p1a: Gholdengo|28/100|[from] item: Life Orb
|
|-weather|Sandstorm|[upkeep]
|-damage|p2b: Basculegion|42/100|[from] Sandstorm
|upkeep
|turn|10
|
|t:|1784764094
|move|p2b: Basculegion|Aqua Jet|p1a: Gholdengo
|-damage|p1a: Gholdengo|0 fnt
|faint|p1a: Gholdengo
|
|win|smearglehater21
