|j|☆nicven
|j|☆Tatsugrilo
|html|nicvenTatsugrilo    
|uhtml|bestof|Game 1 of a best-of-3
|t:|1783622919
|gametype|doubles
|player|p1|nicven|ghetsis|1141
|player|p2|Tatsugrilo|102|1225
|gen|9
|tier|[Gen 9 Champions] VGC 2026 Reg M-B (Bo3)
|rated|
|rule|Species Clause: Limit one of each Pokémon
|rule|Item Clause: Limit 1 of each item
|clearpoke
|poke|p1|Kingambit, L50, F|
|poke|p1|Floette-Eternal, L50, F|
|poke|p1|Sneasler, L50, F|
|poke|p1|Incineroar, L50, F|
|poke|p1|Charizard, L50, F|
|poke|p1|Sinistcha, L50|
|poke|p2|Metagross, L50|
|poke|p2|Sneasler, L50, F|
|poke|p2|Talonflame, L50, F|
|poke|p2|Hydreigon, L50, F|
|poke|p2|Lycanroc-Dusk, L50, F|
|poke|p2|Venusaur, L50, M|
|teampreview|4
|showteam|p1|Kingambit||LifeOrb|Defiant|KowtowCleave,Protect,SuckerPunch,IronHead|Adamant||F|||50|]Floette-Eternal||Floettite|FlowerVeil|DazzlingGleam,DrainingKiss,Protect,CalmMind|Timid||F|||50|]Sneasler||FocusSash|Unburden|FakeOut,DireClaw,CloseCombat,Coaching|Jolly||F|||50|]Incineroar||SitrusBerry|Intimidate|FakeOut,FlareBlitz,PartingShot,HelpingHand|Sassy||F|||50|]Charizard||CharizarditeX|Blaze|FlareBlitz,DragonClaw,DragonDance,Protect|Adamant||F|||50|]Sinistcha||OccaBerry|Hospitality|MatchaGotcha,Protect,TrickRoom,RagePowder|Bold|||||50|
|showteam|p2|Metagross||Metagrossite|ClearBody|IronHead,PsychicFangs,IcePunch,Protect|Jolly|||||50|]Sneasler||WhiteHerb|Unburden|DireClaw,FakeOut,CloseCombat,Coaching|Jolly||F|||50|]Talonflame||WideLens|GaleWings|DualWingbeat,WillOWisp,Tailwind,Protect|Jolly||F|||50|]Hydreigon||ChoiceScarf|Levitate|DracoMeteor,DarkPulse,Flamethrower,Snarl|Modest||F|||50|]Lycanroc-Dusk||FocusSash|ToughClaws|RockSlide,CloseCombat,Accelerock,Protect|Jolly||F|||50|]Venusaur||Venusaurite|Chlorophyll|GigaDrain,SludgeBomb,EarthPower,Protect|Modest||M|||50|
|inactive|Battle timer is ON: inactive players will automatically lose when time's up. (requested by nicven)
|
|t:|1783623060
|teamsize|p1|4
|teamsize|p2|4
|start
|switch|p1a: Charizard|Charizard, L50, F|100/100
|switch|p1b: Incineroar|Incineroar, L50, F|100/100
|switch|p2a: Hydreigon|Hydreigon, L50, F|100/100
|switch|p2b: Sneasler|Sneasler, L50, F|100/100
|-ability|p1b: Incineroar|Intimidate|boost
|-unboost|p2a: Hydreigon|atk|1
|-unboost|p2b: Sneasler|atk|1
|-enditem|p2b: Sneasler|White Herb
|-clearnegativeboost|p2b: Sneasler|[silent]
|turn|1
|inactive|nicven has 30 seconds left.
|
|t:|1783623093
|switch|p1b: Sneasler|Sneasler, L50, F|100/100
|move|p1a: Charizard|Protect|p1a: Charizard
|-singleturn|p1a: Charizard|Protect
|move|p2b: Sneasler|Fake Out|p1b: Sneasler
|-damage|p1b: Sneasler|74/100
|move|p2a: Hydreigon|Draco Meteor|p1a: Charizard
|-activate|p1a: Charizard|move: Protect
|
|upkeep
|turn|2
|inactive|nicven has 30 seconds left.
|inactive|nicven has 20 seconds left.
|
|t:|1783623133
|detailschange|p1a: Charizard|Charizard-Mega-X, L50, F
|-mega|p1a: Charizard|Charizard|Charizardite X
|move|p1b: Sneasler|Fake Out|p2a: Hydreigon
|-damage|p2a: Hydreigon|83/100
|move|p2b: Sneasler|Close Combat|p1a: Charizard
|-damage|p1a: Charizard|45/100
|-unboost|p2b: Sneasler|def|1
|-unboost|p2b: Sneasler|spd|1
|cant|p2a: Hydreigon|flinch
|move|p1a: Charizard|Dragon Dance|p1a: Charizard
|-boost|p1a: Charizard|atk|1
|-boost|p1a: Charizard|spe|1
|
|upkeep
|turn|3
|inactive|Tatsugrilo has 30 seconds left.
|
|t:|1783623160
|move|p1a: Charizard|Protect|p1a: Charizard
|-singleturn|p1a: Charizard|Protect
|move|p2b: Sneasler|Close Combat|p1b: Sneasler
|-resisted|p1b: Sneasler|1
|-damage|p1b: Sneasler|24/100
|-unboost|p2b: Sneasler|def|1
|-unboost|p2b: Sneasler|spd|1
|move|p2a: Hydreigon|Draco Meteor|p1b: Sneasler
|-damage|p1b: Sneasler|0 fnt
|-unboost|p2a: Hydreigon|spa|2
|faint|p1b: Sneasler
|
|upkeep
|
|t:|1783623173
|switch|p1b: Sinistcha|Sinistcha, L50|100/100
|-heal|p1a: Charizard|70/100|[from] ability: Hospitality|[of] p1b: Sinistcha
|turn|4
|
|t:|1783623191
|switch|p2b: Metagross|Metagross, L50|100/100
|move|p1b: Sinistcha|Rage Powder|p1b: Sinistcha
|-singleturn|p1b: Sinistcha|move: Rage Powder
|move|p2a: Hydreigon|Draco Meteor|p1b: Sinistcha
|-damage|p1b: Sinistcha|66/100
|-unboost|p2a: Hydreigon|spa|2
|move|p1a: Charizard|Dragon Claw|p2b: Metagross
|-resisted|p2b: Metagross|1
|-damage|p2b: Metagross|70/100
|
|upkeep
|turn|5
|inactive|nicven has 30 seconds left.
|
|t:|1783623217
|switch|p2a: Sneasler|Sneasler, L50, F|100/100
|move|p2b: Metagross|Protect|p2b: Metagross
|-singleturn|p2b: Metagross|Protect
|move|p1b: Sinistcha|Rage Powder|p1b: Sinistcha
|-singleturn|p1b: Sinistcha|move: Rage Powder
|move|p1a: Charizard|Flare Blitz|p2b: Metagross
|-activate|p2b: Metagross|move: Protect
|
|upkeep
|turn|6
|
|t:|1783623240
|detailschange|p2b: Metagross|Metagross-Mega, L50
|-mega|p2b: Metagross|Metagross|Metagrossite
|move|p1a: Charizard|Protect|p1a: Charizard
|-singleturn|p1a: Charizard|Protect
|move|p1b: Sinistcha|Protect|p1b: Sinistcha
|-singleturn|p1b: Sinistcha|Protect
|move|p2a: Sneasler|Close Combat|p1b: Sinistcha
|-activate|p1b: Sinistcha|move: Protect
|move|p2b: Metagross|Ice Punch|p1b: Sinistcha
|-activate|p1b: Sinistcha|move: Protect
|
|upkeep
|turn|7
|
|t:|1783623261
|switch|p1b: Incineroar|Incineroar, L50, F|100/100
|-ability|p1b: Incineroar|Intimidate|boost
|-unboost|p2a: Sneasler|atk|1
|-unboost|p2b: Metagross|atk|1
|move|p1a: Charizard|Dragon Claw|p2a: Sneasler
|-damage|p2a: Sneasler|0 fnt
|faint|p2a: Sneasler
|move|p2b: Metagross|Psychic Fangs|p1a: Charizard
|-damage|p1a: Charizard|30/100
|
|upkeep
|
|t:|1783623269
|switch|p2a: Lycanroc|Lycanroc-Dusk, L50, F|100/100
|turn|8
|
|t:|1783623280
|move|p1a: Charizard|Protect|p1a: Charizard
|-singleturn|p1a: Charizard|Protect
|move|p2a: Lycanroc|Protect|p2a: Lycanroc
|-singleturn|p2a: Lycanroc|Protect
|move|p2b: Metagross|Psychic Fangs|p1a: Charizard
|-activate|p1a: Charizard|move: Protect
|move|p1b: Incineroar|Parting Shot|p2a: Lycanroc
|-activate|p2a: Lycanroc|move: Protect
|
|upkeep
|turn|9
|
|t:|1783623299
|switch|p2b: Hydreigon|Hydreigon, L50, F|83/100
|switch|p1b: Sinistcha|Sinistcha, L50|66/100
|-heal|p1a: Charizard|55/100|[from] ability: Hospitality|[of] p1b: Sinistcha
|move|p2a: Lycanroc|Accelerock|p1a: Charizard
|-supereffective|p1a: Charizard|1
|-damage|p1a: Charizard|12/100
|move|p1a: Charizard|Flare Blitz|p2b: Hydreigon
|-resisted|p2b: Hydreigon|1
|-damage|p2b: Hydreigon|19/100
|-status|p2b: Hydreigon|brn
|-damage|p1a: Charizard|0 fnt|[from] Recoil
|faint|p1a: Charizard
|
|-damage|p2b: Hydreigon|13/100 brn|[from] brn
|upkeep
|
|t:|1783623312
|switch|p1a: Incineroar|Incineroar, L50, F|100/100
|-ability|p1a: Incineroar|Intimidate|boost
|-unboost|p2a: Lycanroc|atk|1
|-unboost|p2b: Hydreigon|atk|1
|turn|10
|
|t:|1783623325
|move|p1a: Incineroar|Fake Out|p2b: Hydreigon
|-damage|p2b: Hydreigon|1/100 brn
|cant|p2b: Hydreigon|flinch
|move|p2a: Lycanroc|Rock Slide|p1b: Sinistcha|[spread] p1a,p1b
|-supereffective|p1a: Incineroar|1
|-damage|p1a: Incineroar|69/100
|-damage|p1b: Sinistcha|51/100
|move|p1b: Sinistcha|Trick Room|p1b: Sinistcha
|-fieldstart|move: Trick Room|[of] p1b: Sinistcha
|
|-damage|p2b: Hydreigon|0 fnt|[from] brn
|faint|p2b: Hydreigon
|upkeep
|
|t:|1783623333
|switch|p2b: Metagross|Metagross-Mega, L50|70/100
|turn|11
|
|t:|1783623359
|move|p2a: Lycanroc|Protect|p2a: Lycanroc
|-singleturn|p2a: Lycanroc|Protect
|move|p1a: Incineroar|Flare Blitz|p2b: Metagross
|-supereffective|p2b: Metagross|1
|-damage|p2b: Metagross|0 fnt
|faint|p2b: Metagross
|-damage|p1a: Incineroar|49/100|[from] Recoil
|-enditem|p1a: Incineroar|Sitrus Berry|[eat]
|-heal|p1a: Incineroar|74/100|[from] item: Sitrus Berry
|move|p1b: Sinistcha|Matcha Gotcha|p2a: Lycanroc
|-activate|p2a: Lycanroc|move: Protect
|
|upkeep
|turn|12
|
|t:|1783623367
|move|p1a: Incineroar|Flare Blitz|p2a: Lycanroc
|-resisted|p2a: Lycanroc|1
|-damage|p2a: Lycanroc|60/100
|-damage|p1a: Incineroar|64/100|[from] Recoil
|move|p1b: Sinistcha|Matcha Gotcha|p2a: Lycanroc
|-supereffective|p2a: Lycanroc|1
|-damage|p2a: Lycanroc|0 fnt
|-heal|p1b: Sinistcha|76/100|[from] drain|[of] p2a: Lycanroc
|faint|p2a: Lycanroc
|
|win|nicven
||Tatsugrilo is ready for game 2.
||nicven is ready for game 2.
|uhtml|next|Next: Game 2 of 3
|l|☆Tatsugrilo
|player|p2|
