|j|☆exelvlup
|j|☆XelaMaster
|html|exelvlupXelaMaster    
|uhtml|bestof|Game 1 of a best-of-3
|t:|1782599084
|gametype|doubles
|player|p1|exelvlup|2|1074
|player|p2|XelaMaster|volkner|1095
|gen|9
|tier|[Gen 9 Champions] VGC 2026 Reg M-B (Bo3)
|rated|
|rule|Species Clause: Limit one of each Pokémon
|rule|Item Clause: Limit 1 of each item
|clearpoke
|poke|p1|Charizard, L50, F|
|poke|p1|Hydreigon, L50, F|
|poke|p1|Venusaur, L50, M|
|poke|p1|Milotic, L50, F|
|poke|p1|Raichu, L50, M|
|poke|p1|Incineroar, L50, F|
|poke|p2|Gardevoir, L50, M|
|poke|p2|Maushold-Four, L50|
|poke|p2|Basculegion, L50, M|
|poke|p2|Kingambit, L50, F|
|poke|p2|Talonflame, L50, F|
|poke|p2|Garchomp, L50, M|
|teampreview|4
|showteam|p1|Charizard||CharizarditeY|Blaze|HeatWave,SolarBeam,WeatherBall,Protect|Timid||F|||50|]Hydreigon||ChoiceScarf|Levitate|DracoMeteor,DarkPulse,EarthPower,Snarl|Modest||F|||50|]Venusaur||LifeOrb|Chlorophyll|SludgeWave,WeatherBall,SolarBeam,Protect|Modest||M|||50|]Milotic||Leftovers|MarvelScale|Protect,IcyWind,Scald,Hypnosis|Bold||F|||50|]Raichu||RaichuniteY|Static|FocusBlast,ZapCannon,Protect,AlluringVoice|Timid||M|||50|]Incineroar||SitrusBerry|Intimidate|FakeOut,FlareBlitz,Roar,PartingShot|Careful||F|||50|
|showteam|p2|Gardevoir||Gardevoirite|Telepathy|HyperVoice,Protect,Psyshock,TrickRoom|Modest||M|||50|]Maushold-Four||FocusSash|FriendGuard|FollowMe,Encore,SuperFang,Protect|Jolly|||||50|]Basculegion||SitrusBerry|Adaptability|AquaJet,LastRespects,WaveCrash,Protect|Adamant||M|||50|]Kingambit||ChopleBerry|Defiant|Protect,SuckerPunch,KowtowCleave,IronHead|Adamant||F|||50|]Talonflame|||GaleWings|Tailwind,WillOWisp,Acrobatics,Protect|Jolly||F|||50|]Garchomp||LifeOrb|RoughSkin|Earthquake,RockSlide,DragonClaw,Protect|Adamant||M|||50|
|inactive|Battle timer is ON: inactive players will automatically lose when time's up. (requested by XelaMaster)
|inactive|exelvlup has 60 seconds left.
|
|t:|1782599145
|teamsize|p1|4
|teamsize|p2|4
|start
|switch|p1a: Raichu|Raichu, L50, M|100/100
|switch|p1b: Hydreigon|Hydreigon, L50, F|100/100
|switch|p2a: Talonflame|Talonflame, L50, F|100/100
|switch|p2b: Gardevoir|Gardevoir, L50, M|100/100
|turn|1
|inactive|XelaMaster has 30 seconds left.
|
|t:|1782599175
|switch|p1b: Incineroar|Incineroar, L50, F|100/100
|-ability|p1b: Incineroar|Intimidate|boost
|-unboost|p2a: Talonflame|atk|1
|-unboost|p2b: Gardevoir|atk|1
|switch|p2b: Garchomp|Garchomp, L50, M|100/100
|detailschange|p1a: Raichu|Raichu-Mega-Y, L50, M
|-mega|p1a: Raichu|Raichu|Raichunite Y
|move|p2a: Talonflame|Tailwind|p2a: Talonflame
|-sidestart|p2: XelaMaster|move: Tailwind
|move|p1a: Raichu|Zap Cannon|p2b: Garchomp
|-immune|p2b: Garchomp
|
|upkeep
|turn|2
|inactive|exelvlup has 30 seconds left.
|inactive|XelaMaster has 30 seconds left.
|
|t:|1782599209
|switch|p1a: Milotic|Milotic, L50, F|100/100
|move|p1b: Incineroar|Fake Out|p2b: Garchomp
|-damage|p2b: Garchomp|89/100
|-damage|p1b: Incineroar|87/100|[from] ability: Rough Skin|[of] p2b: Garchomp
|move|p2a: Talonflame|Acrobatics|p1b: Incineroar
|-damage|p1b: Incineroar|65/100
|cant|p2b: Garchomp|flinch
|
|upkeep
|turn|3
|
|t:|1782599232
|move|p2a: Talonflame|Acrobatics|p1a: Milotic
|-damage|p1a: Milotic|75/100
|move|p2b: Garchomp|Earthquake|p1a: Milotic|[spread] p1a,p1b
|-immune|p2a: Talonflame
|-supereffective|p1b: Incineroar|1
|-damage|p1a: Milotic|30/100
|-damage|p1b: Incineroar|0 fnt
|faint|p1b: Incineroar
|-damage|p2b: Garchomp|79/100|[from] item: Life Orb
|move|p1a: Milotic|Icy Wind|p2b: Garchomp|[spread] p2a,p2b
|-supereffective|p2b: Garchomp|2
|-damage|p2a: Talonflame|84/100
|-damage|p2b: Garchomp|34/100
|-unboost|p2a: Talonflame|spe|1
|-unboost|p2b: Garchomp|spe|1
|
|-heal|p1a: Milotic|36/100|[from] item: Leftovers
|upkeep
|
|t:|1782599254
|switch|p1b: Hydreigon|Hydreigon, L50, F|100/100
|turn|4
|
|t:|1782599272
|move|p1a: Milotic|Protect|p1a: Milotic
|-singleturn|p1a: Milotic|Protect
|move|p2a: Talonflame|Acrobatics|p1b: Hydreigon
|-damage|p1b: Hydreigon|71/100
|move|p1b: Hydreigon|Dark Pulse|p2b: Garchomp
|-damage|p2b: Garchomp|0 fnt
|faint|p2b: Garchomp
|
|-heal|p1a: Milotic|42/100|[from] item: Leftovers
|-sideend|p2: XelaMaster|move: Tailwind
|upkeep
|
|t:|1782599291
|switch|p2b: Gardevoir|Gardevoir, L50, M|100/100
|turn|5
|inactive|exelvlup has 30 seconds left.
|
|t:|1782599318
|detailschange|p2b: Gardevoir|Gardevoir-Mega, L50, M
|-mega|p2b: Gardevoir|Gardevoir|Gardevoirite
|move|p1b: Hydreigon|Dark Pulse|p2a: Talonflame
|-damage|p2a: Talonflame|21/100
|move|p2a: Talonflame|Tailwind|p2a: Talonflame
|-sidestart|p2: XelaMaster|move: Tailwind
|move|p2b: Gardevoir|Hyper Voice|p1a: Milotic|[spread] p1a,p1b
|-supereffective|p1b: Hydreigon|2
|-damage|p1a: Milotic|9/100
|-damage|p1b: Hydreigon|0 fnt
|faint|p1b: Hydreigon
|move|p1a: Milotic|Scald|p2a: Talonflame
|-supereffective|p2a: Talonflame|1
|-damage|p2a: Talonflame|0 fnt
|faint|p2a: Talonflame
|
|-heal|p1a: Milotic|15/100|[from] item: Leftovers
|upkeep
|
|t:|1782599337
|switch|p2a: Maushold|Maushold-Four, L50|100/100
|switch|p1b: Raichu|Raichu-Mega-Y, L50, M|100/100
|turn|6
|
|t:|1782599356
|move|p2a: Maushold|Super Fang|p1b: Raichu
|-damage|p1b: Raichu|50/100g
|move|p2b: Gardevoir|Hyper Voice|p1b: Raichu|[spread] p1a,p1b
|-damage|p1a: Milotic|0 fnt
|-damage|p1b: Raichu|0 fnt
|faint|p1a: Milotic
|faint|p1b: Raichu
|
|win|XelaMaster
||exelvlup is ready for game 2.
|inactive|XelaMaster has 30 seconds to confirm battle start!
