|j|☆bdger
|j|☆lukashz
|html|bdgerlukashz    
|uhtml|bestof|Game 2 of a best-of-3
|t:|1784263834
|gametype|doubles
|player|p1|bdger|backpackerf|1260
|player|p2|lukashz|elesa|1356
|gen|9
|tier|[Gen 9 Champions] VGC 2026 Reg M-B (Bo3)
|rated|
|rule|Species Clause: Limit one of each Pokémon
|rule|Item Clause: Limit 1 of each item
|clearpoke
|poke|p1|Dragonite, L50, F|
|poke|p1|Incineroar, L50, F|
|poke|p1|Araquanid, L50, M|
|poke|p1|Mawile, L50, M|
|poke|p1|Basculegion, L50, M|
|poke|p1|Farigiraf, L50, M|
|poke|p2|Farigiraf, L50, F|
|poke|p2|Incineroar, L50, M|
|poke|p2|Camerupt, L50, F|
|poke|p2|Kingambit, L50, M|
|poke|p2|Vivillon-Fancy, L50, M|
|poke|p2|Abomasnow, L50, F|
|teampreview|4
|showteam|p1|Dragonite||Dragoninite|Multiscale|Thunderbolt,DracoMeteor,AirSlash,Tailwind|Modest||F|||50|]Incineroar||WhiteHerb|Intimidate|FakeOut,DarkestLariat,FlareBlitz,CloseCombat|Adamant||F|||50|]Araquanid||MysticWater|WaterBubble|Protect,HydroPump,WideGuard,Infestation|Quiet||M|||50|]Mawile||Mawilite|HyperCutter|PlayRough,RockSlide,SuckerPunch,Protect|Brave||M|||50|]Basculegion||FocusSash|Adaptability|Liquidation,Protect,LastRespects,AquaJet|Adamant||M|||50|]Farigiraf||ColburBerry|ArmorTail|HelpingHand,Protect,Psychic,TrickRoom|Relaxed||M|||50|
|showteam|p2|Farigiraf||SitrusBerry|ArmorTail|Protect,Psychic,HelpingHand,TrickRoom|Sassy||F|||50|]Incineroar||LifeOrb|Intimidate|FlareBlitz,DarkestLariat,FakeOut,PartingShot|Brave||M|||50|]Camerupt||Cameruptite|SolidRock|Protect,HeatWave,EarthPower,AncientPower|Quiet||F|||50|]Kingambit||BlackGlasses|Defiant|SwordsDance,KowtowCleave,IronHead,SuckerPunch|Brave||M|||50|]Vivillon-Fancy||FocusSash|CompoundEyes|SleepPowder,Hurricane,RagePowder,Protect|Timid||M|||50|]Abomasnow||Abomasite|SnowWarning|GrassKnot,Blizzard,IceShard,EarthPower|Quiet||F|||50|
|
|t:|1784263890
|teamsize|p1|4
|teamsize|p2|4
|start
|switch|p1a: Araquanid|Araquanid, L50, M|100/100
|switch|p1b: Incineroar|Incineroar, L50, F|100/100
|switch|p2a: Abomasnow|Abomasnow, L50, F|100/100
|switch|p2b: Farigiraf|Farigiraf, L50, F|100/100
|-ability|p1b: Incineroar|Intimidate|boost
|-unboost|p2a: Abomasnow|atk|1
|-unboost|p2b: Farigiraf|atk|1
|-weather|Snowscape|[from] ability: Snow Warning|[of] p2a: Abomasnow
|turn|1
|
|t:|1784263915
|switch|p2a: Incineroar|Incineroar, L50, M|100/100
|-ability|p2a: Incineroar|Intimidate|boost
|-unboost|p1a: Araquanid|atk|1
|-unboost|p1b: Incineroar|atk|1
|-enditem|p1b: Incineroar|White Herb
|-clearnegativeboost|p1b: Incineroar|[silent]
|move|p1b: Incineroar|Flare Blitz|p2a: Incineroar
|-resisted|p2a: Incineroar|1
|-damage|p2a: Incineroar|69/100
|-damage|p1b: Incineroar|89/100|[from] Recoil
|move|p2b: Farigiraf|Psychic|p1a: Araquanid
|-damage|p1a: Araquanid|72/100
|move|p1a: Araquanid|Hydro Pump|p2a: Incineroar
|-supereffective|p2a: Incineroar|1
|-damage|p2a: Incineroar|0 fnt
|faint|p2a: Incineroar
|
|-weather|Snowscape|[upkeep]
|upkeep
|
|t:|1784263931
|switch|p2a: Kingambit|Kingambit, L50, M|100/100
|turn|2
|
|t:|1784263939
|move|p1b: Incineroar|Close Combat|p2a: Kingambit
|-supereffective|p2a: Kingambit|2
|-damage|p2a: Kingambit|0 fnt
|-unboost|p1b: Incineroar|def|1
|-unboost|p1b: Incineroar|spd|1
|faint|p2a: Kingambit
|move|p1a: Araquanid|Hydro Pump|p2b: Farigiraf
|-damage|p2b: Farigiraf|36/100
|-enditem|p2b: Farigiraf|Sitrus Berry|[eat]
|-heal|p2b: Farigiraf|61/100|[from] item: Sitrus Berry
|move|p2b: Farigiraf|Trick Room|p2b: Farigiraf
|-fieldstart|move: Trick Room|[of] p2b: Farigiraf
|
|-weather|Snowscape|[upkeep]
|upkeep
|
|t:|1784263945
|switch|p2a: Abomasnow|Abomasnow, L50, F|100/100
|turn|3
|
|t:|1784263958
|switch|p1b: Basculegion|Basculegion, L50, M|100/100
|detailschange|p2a: Abomasnow|Abomasnow-Mega, L50, F
|-mega|p2a: Abomasnow|Abomasnow|Abomasite
|move|p2a: Abomasnow|Earth Power|p1b: Basculegion
|-damage|p1b: Basculegion|62/100
|move|p1a: Araquanid|Hydro Pump|p2b: Farigiraf
|-damage|p2b: Farigiraf|5/100
|move|p2b: Farigiraf|Psychic|p1a: Araquanid
|-damage|p1a: Araquanid|42/100
|
|-weather|Snowscape|[upkeep]
|upkeep
|turn|4
|
|t:|1784263989
|move|p2b: Farigiraf|Helping Hand|p2a: Abomasnow
|-singleturn|p2a: Abomasnow|Helping Hand|[of] p2b: Farigiraf
|move|p1a: Araquanid|Protect|p1a: Araquanid
|-singleturn|p1a: Araquanid|Protect
|move|p1b: Basculegion|Protect|p1b: Basculegion
|-singleturn|p1b: Basculegion|Protect
|move|p2a: Abomasnow|Blizzard|p1b: Basculegion|[spread] 
|-activate|p1a: Araquanid|move: Protect
|-activate|p1b: Basculegion|move: Protect
|
|-weather|Snowscape|[upkeep]
|upkeep
|turn|5
|
|t:|1784264012
|switch|p1b: Mawile|Mawile, L50, M|100/100
|move|p2b: Farigiraf|Protect|p2b: Farigiraf
|-singleturn|p2b: Farigiraf|Protect
|move|p2a: Abomasnow|Grass Knot|p1b: Mawile
|-resisted|p1b: Mawile|1
|-crit|p1b: Mawile
|-damage|p1b: Mawile|69/100
|move|p1a: Araquanid|Hydro Pump|p2b: Farigiraf
|-activate|p2b: Farigiraf|move: Protect
|
|-weather|none
|upkeep
|turn|6
|
|t:|1784264025
|detailschange|p1b: Mawile|Mawile-Mega, L50, M
|-mega|p1b: Mawile|Mawile|Mawilite
|move|p2b: Farigiraf|Helping Hand|p2a: Abomasnow
|-singleturn|p2a: Abomasnow|Helping Hand|[of] p2b: Farigiraf
|move|p2a: Abomasnow|Blizzard|p1b: Mawile|[spread] 
|-miss|p2a: Abomasnow|p1a: Araquanid
|-miss|p2a: Abomasnow|p1b: Mawile
|move|p1a: Araquanid|Hydro Pump|p2b: Farigiraf
|-damage|p2b: Farigiraf|0 fnt
|faint|p2b: Farigiraf
|move|p1b: Mawile|Rock Slide|p2a: Abomasnow
|-supereffective|p2a: Abomasnow|1
|-damage|p2a: Abomasnow|7/100
|
|-fieldend|move: Trick Room
|upkeep
|turn|7
|
|t:|1784264037
|move|p1b: Mawile|Sucker Punch|p2a: Abomasnow
|-damage|p2a: Abomasnow|0 fnt
|faint|p2a: Abomasnow
|
|win|bdger
||bdger is ready for game 3.
||lukashz is ready for game 3.
|uhtml|next|Next: Game 3 of 3
