|j|☆Chandeliere
|j|☆Dametrix
|html|ChandeliereDametrix    
|uhtml|bestof|Game 2 of a best-of-3
|t:|1756513904
|gametype|doubles
|player|p1|Chandeliere|ethan|1193
|player|p2|Dametrix|caitlin|1219
|gen|9
|tier|[Gen 9] VGC 2025 Reg H (Bo3)
|rated|
|rule|Species Clause: Limit one of each Pokémon
|rule|Item Clause: Limit 1 of each item
|clearpoke
|poke|p1|Incineroar, L50, M|
|poke|p1|Dragonite, L50, F|
|poke|p1|Porygon2, L50|
|poke|p1|Ursaluna-Bloodmoon, L50, M|
|poke|p1|Ninetales-Alola, L50, F|
|poke|p1|Annihilape, L50, F|
|poke|p2|Gardevoir, L50, M|
|poke|p2|Indeedee, L50, M|
|poke|p2|Sneasler, L50, M|
|poke|p2|Tyranitar, L50, F|
|poke|p2|Excadrill, L50, F|
|poke|p2|Salamence, L50, F|
|teampreview|4
|showteam|p1|Incineroar||ChopleBerry|Intimidate|FlareBlitz,KnockOff,FakeOut,PartingShot|||M|||50|,,,,,Grass]Dragonite||LoadedDice|Multiscale|ScaleShot,Tailwind,Haze,Protect|||F|||50|,,,,,Steel]Porygon2||Eviolite|Download|TeraBlast,IceBeam,Recover,TrickRoom||||||50|,,,,,Fighting]Ursaluna-Bloodmoon||AssaultVest|MindsEye|HyperVoice,BloodMoon,VacuumWave,EarthPower|||M|||50|,,,,,Water]Ninetales-Alola||LightClay|SnowWarning|IcicleSpear,Encore,IcyWind,AuroraVeil|||F|||50|,,,,,Ghost]Annihilape||SafetyGoggles|Defiant|DrainPunch,RageFist,BulkUp,Protect|||F|||50|,,,,,Fire
|showteam|p2|Gardevoir||ChoiceScarf|Telepathy|ExpandingForce,DazzlingGleam,Moonblast,Trick|||M|||50|,,,,,Psychic]Indeedee||FocusSash|PsychicSurge|ExpandingForce,TeraBlast,TrickRoom,Imprison|||M|||50|,,,,,Fighting]Sneasler||PsychicSeed|Unburden|CloseCombat,DireClaw,ThroatChop,Protect|||M|||50|,,,,,Stellar]Tyranitar||AssaultVest|SandStream|RockSlide,KnockOff,LowKick,TeraBlast|||F|||50|,,,,,Flying]Excadrill||ClearAmulet|SandRush|Earthquake,RockSlide,HighHorsepower,Protect|||F|||50|,,,,,Ghost]Salamence||SafetyGoggles|Intimidate|DracoMeteor,AirSlash,HeatWave,Protect|||F|||50|,,,,,Fairy
|
|t:|1756513944
|teamsize|p1|4
|teamsize|p2|4
|start
|switch|p1a: Incineroar|Incineroar, L50, M|100/100
|switch|p1b: Annihilape|Annihilape, L50, F|100/100
|switch|p2a: Gardevoir|Gardevoir, L50, M|100/100
|switch|p2b: Excadrill|Excadrill, L50, F|100/100
|-ability|p1a: Incineroar|Intimidate|boost
|-unboost|p2a: Gardevoir|atk|1
|-fail|p2b: Excadrill|unboost|[from] item: Clear Amulet|[of] p2b: Excadrill
|turn|1
|
|t:|1756513963
|move|p1b: Annihilape|Protect|p1b: Annihilape
|-singleturn|p1b: Annihilape|Protect
|move|p2b: Excadrill|Protect|p2b: Excadrill
|-singleturn|p2b: Excadrill|Protect
|move|p2a: Gardevoir|Dazzling Gleam|p1a: Incineroar|[spread] p1a
|-activate|p1b: Annihilape|move: Protect
|-damage|p1a: Incineroar|70/100
|move|p1a: Incineroar|Flare Blitz|p2b: Excadrill
|-activate|p2b: Excadrill|move: Protect
|
|upkeep
|turn|2
|
|t:|1756514021
|-terastallize|p2b: Excadrill|Ghost
|-terastallize|p1a: Incineroar|Grass
|move|p2a: Gardevoir|Dazzling Gleam|p1a: Incineroar|[spread] p1a,p1b
|-supereffective|p1b: Annihilape
|-damage|p1a: Incineroar|42/100
|-damage|p1b: Annihilape|46/100
|move|p1b: Annihilape|Drain Punch|p2b: Excadrill
|-immune|p2b: Excadrill
|move|p2b: Excadrill|Earthquake|p1a: Incineroar|[spread] p1a,p1b
|-activate|p2a: Gardevoir|ability: Telepathy
|-resisted|p1a: Incineroar
|-damage|p1a: Incineroar|19/100
|-damage|p1b: Annihilape|4/100
|move|p1a: Incineroar|Knock Off|p2b: Excadrill
|-supereffective|p2b: Excadrill
|-damage|p2b: Excadrill|0 fnt
|-enditem|p2b: Excadrill|Clear Amulet|[from] move: Knock Off|[of] p1a: Incineroar
|faint|p2b: Excadrill
|
|upkeep
|
|t:|1756514035
|switch|p2b: Indeedee|Indeedee, L50, M|100/100
|-fieldstart|move: Psychic Terrain|[from] ability: Psychic Surge|[of] p2b: Indeedee
|turn|3
|
|t:|1756514053
|move|p2a: Gardevoir|Dazzling Gleam|p1b: Annihilape|[spread] p1a,p1b
|-supereffective|p1b: Annihilape
|-damage|p1a: Incineroar|0 fnt
|-damage|p1b: Annihilape|0 fnt
|faint|p1a: Incineroar
|faint|p1b: Annihilape
|move|p2b: Indeedee|Expanding Force|p1: Incineroar|[notarget]
|-fail|p2b: Indeedee
|
|upkeep
|
|t:|1756514060
|switch|p1b: Ursaluna|Ursaluna-Bloodmoon, L50, M|100/100
|switch|p1a: Dragonite|Dragonite, L50, F|100/100
|turn|4
|
|t:|1756514069
|move|p2a: Gardevoir|Dazzling Gleam|p1b: Ursaluna|[spread] p1a,p1b
|-supereffective|p1a: Dragonite
|-damage|p1a: Dragonite|70/100
|-damage|p1b: Ursaluna|78/100
|move|p2b: Indeedee|Expanding Force|p1a: Dragonite|[spread] p1a,p1b
|-damage|p1a: Dragonite|15/100
|-damage|p1b: Ursaluna|35/100
|move|p1a: Dragonite|Scale Shot|p2b: Indeedee
|-damage|p2b: Indeedee|72/100
|-damage|p2b: Indeedee|39/100
|-damage|p2b: Indeedee|6/100
|-damage|p2b: Indeedee|0 fnt
|faint|p2b: Indeedee
|-hitcount|p2: Indeedee|4
|-unboost|p1a: Dragonite|def|1
|-boost|p1a: Dragonite|spe|1
|move|p1b: Ursaluna|Blood Moon|p2a: Gardevoir
|-damage|p2a: Gardevoir|17/100
|
|upkeep
|
|t:|1756514071
|switch|p2b: Tyranitar|Tyranitar, L50, F|100/100
|-weather|Sandstorm|[from] ability: Sand Stream|[of] p2b: Tyranitar
|turn|5
|inactive|Battle timer is ON: inactive players will automatically lose when time's up. (requested by Dametrix)
|
|t:|1756514106
|move|p2a: Gardevoir|Dazzling Gleam|p1b: Ursaluna|[spread] p1a,p1b
|-supereffective|p1a: Dragonite
|-crit|p1b: Ursaluna
|-damage|p1a: Dragonite|0 fnt
|-damage|p1b: Ursaluna|0 fnt
|faint|p1a: Dragonite
|faint|p1b: Ursaluna
|
|win|Dametrix
||Chandeliere is ready for game 3.
||Dametrix is ready for game 3.
|uhtml|next|Next: Game 3 of 3
|l|☆Dametrix
|player|p2|
