|j|☆Sala335
|j|☆capspungo
|html|Sala335capspungo    
|uhtml|bestof|Game 2 of a best-of-3
|t:|1756306080
|gametype|doubles
|player|p1|Sala335|gambler|1182
|player|p2|capspungo|2|1125
|gen|9
|tier|[Gen 9] VGC 2025 Reg H (Bo3)
|rated|
|rule|Species Clause: Limit one of each Pokémon
|rule|Item Clause: Limit 1 of each item
|clearpoke
|poke|p1|Primarina, L50, M|
|poke|p1|Porygon2, L50|
|poke|p1|Ursaluna, L50, F|
|poke|p1|Gholdengo, L50|
|poke|p1|Talonflame, L50, F|
|poke|p1|Amoonguss, L50, F|
|poke|p2|Toedscruel, L50, F|
|poke|p2|Weezing-Galar, L50, M|
|poke|p2|Pawmot, L50, M|
|poke|p2|Typhlosion-Hisui, L50, M|
|poke|p2|Corviknight, L50, M|
|poke|p2|Garchomp, L50, M|
|teampreview|4
|showteam|p1|Primarina||ThroatSpray|LiquidVoice|Protect,HyperVoice,Moonblast,Haze|||M|||50|,,,,,Poison]Porygon2||Eviolite|Download|TrickRoom,Protect,IceBeam,TeraBlast||||||50|,,,,,Flying]Ursaluna||FlameOrb|Guts|Facade,HeadlongRush,Earthquake,Protect|||F|||50|,,,,,Ghost]Gholdengo||Leftovers|GoodasGold|MakeItRain,NastyPlot,ShadowBall,Protect||||||50|,,,,,Flying]Talonflame||CovertCloak|GaleWings|Tailwind,QuickGuard,Taunt,DualWingbeat|||F|||50|,,,,,Water]Amoonguss||SitrusBerry|Regenerator|Spore,RagePowder,Protect,PollenPuff|||F|||50|,,,,,Water
|showteam|p2|Toedscruel||CovertCloak|MyceliumMight|RagePowder,Spore,EarthPower,AcidSpray|||F|||50|,,,,,Water]Weezing-Galar||AssaultVest|NeutralizingGas|PainSplit,SludgeBomb,StrangeSteam,Flamethrower|||M|||50|,,,,,Fire]Pawmot||FocusSash|NaturalCure|FakeOut,CloseCombat,DoubleShock,Protect|||M|||50|,,,,,Electric]Typhlosion-Hisui||ChoiceScarf|Blaze|Eruption,ShadowBall,HeatWave,SleepTalk|||M|||50|,,,,,Fire]Corviknight||SitrusBerry|MirrorArmor|BraveBird,Tailwind,Protect,Roost|||M|||50|,,,,,Dragon]Garchomp||LifeOrb|RoughSkin|Earthquake,StompingTantrum,DragonClaw,Protect|||M|||50|,,,,,Ground
|
|t:|1756306120
|teamsize|p1|4
|teamsize|p2|4
|start
|switch|p1a: Talonflame|Talonflame, L50, F|100/100
|switch|p1b: Gholdengo|Gholdengo, L50|100/100
|switch|p2a: Weezing|Weezing-Galar, L50, M|100/100
|switch|p2b: Typhlosion|Typhlosion-Hisui, L50, M|100/100
|-ability|p2a: Weezing|Neutralizing Gas
|turn|1
|
|t:|1756306142
|-terastallize|p2b: Typhlosion|Fire
|move|p1b: Gholdengo|Protect|p1b: Gholdengo
|-singleturn|p1b: Gholdengo|Protect
|move|p2b: Typhlosion|Eruption|p1b: Gholdengo|[spread] p1a
|-activate|p1b: Gholdengo|move: Protect
|-resisted|p1a: Talonflame
|-damage|p1a: Talonflame|46/100
|move|p1a: Talonflame|Tailwind|p1a: Talonflame
|-sidestart|p1: Sala335|move: Tailwind
|move|p2a: Weezing|Sludge Bomb|p1a: Talonflame
|-damage|p1a: Talonflame|0 fnt
|faint|p1a: Talonflame
|
|upkeep
|
|t:|1756306153
|switch|p1a: Primarina|Primarina, L50, M|100/100
|turn|2
|inactive|Battle timer is ON: inactive players will automatically lose when time's up. (requested by capspungo)
|
|t:|1756306190
|switch|p2b: Corviknight|Corviknight, L50, M|100/100
|move|p1b: Gholdengo|Shadow Ball|p2b: Corviknight
|-damage|p2b: Corviknight|57/100
|move|p1a: Primarina|Hyper Voice|p2a: Weezing|[spread] p2a,p2b
|-resisted|p2b: Corviknight
|-damage|p2a: Weezing|75/100
|-damage|p2b: Corviknight|46/100
|-enditem|p2b: Corviknight|Sitrus Berry|[eat]
|-heal|p2b: Corviknight|71/100|[from] item: Sitrus Berry
|-enditem|p1a: Primarina|Throat Spray
|-boost|p1a: Primarina|spa|1|[from] item: Throat Spray
|move|p2a: Weezing|Sludge Bomb|p1a: Primarina
|-supereffective|p1a: Primarina
|-damage|p1a: Primarina|40/100
|
|upkeep
|turn|3
|inactive|Sala335 has 30 seconds left.
|inactive|capspungo has 30 seconds left.
|inactive|capspungo has 20 seconds left.
|
|t:|1756306226
|move|p2b: Corviknight|Protect|p2b: Corviknight
|-singleturn|p2b: Corviknight|Protect
|move|p1b: Gholdengo|Nasty Plot|p1b: Gholdengo
|-boost|p1b: Gholdengo|spa|2
|move|p1a: Primarina|Hyper Voice|p2b: Corviknight|[spread] p2a
|-activate|p2b: Corviknight|move: Protect
|-damage|p2a: Weezing|38/100
|move|p2a: Weezing|Sludge Bomb|p1a: Primarina
|-supereffective|p1a: Primarina
|-damage|p1a: Primarina|0 fnt
|faint|p1a: Primarina
|
|upkeep
|
|t:|1756306235
|switch|p1a: Amoonguss|Amoonguss, L50, F|100/100
|turn|4
|inactive|capspungo has 30 seconds left.
|
|t:|1756306262
|move|p1b: Gholdengo|Shadow Ball|p2b: Corviknight
|-damage|p2b: Corviknight|0 fnt
|faint|p2b: Corviknight
|move|p2a: Weezing|Flamethrower|p1b: Gholdengo
|-supereffective|p1b: Gholdengo
|-damage|p1b: Gholdengo|55/100
|move|p1a: Amoonguss|Spore|p2a: Weezing
|-status|p2a: Weezing|slp|[from] move: Spore
|
|-heal|p1b: Gholdengo|61/100|[from] item: Leftovers
|-sideend|p1: Sala335|move: Tailwind
|upkeep
|inactive|capspungo has 30 seconds left.
|
|t:|1756306291
|switch|p2b: Typhlosion|Typhlosion-Hisui, L50, M, tera:Fire|100/100
|turn|5
|
|t:|1756306302
|-terastallize|p1a: Amoonguss|Water
|move|p1b: Gholdengo|Protect|p1b: Gholdengo
|-singleturn|p1b: Gholdengo|Protect
|move|p2b: Typhlosion|Eruption|p1b: Gholdengo|[spread] p1a
|-activate|p1b: Gholdengo|move: Protect
|-resisted|p1a: Amoonguss
|-damage|p1a: Amoonguss|71/100
|cant|p2a: Weezing|slp
|move|p1a: Amoonguss|Spore|p2b: Typhlosion
|-status|p2b: Typhlosion|slp|[from] move: Spore
|
|-heal|p1b: Gholdengo|67/100|[from] item: Leftovers
|upkeep
|turn|6
|inactive|capspungo has 30 seconds left.
|
|t:|1756306332
|switch|p2b: Garchomp|Garchomp, L50, M|100/100
|move|p1b: Gholdengo|Shadow Ball|p2b: Garchomp
|-damage|p2b: Garchomp|4/100
|cant|p2a: Weezing|slp
|move|p1a: Amoonguss|Pollen Puff|p1b: Gholdengo
|-heal|p1b: Gholdengo|100/100
|
|upkeep
|turn|7
|inactive|capspungo has 30 seconds left.
|
|t:|1756306367
|move|p1b: Gholdengo|Protect|p1b: Gholdengo
|-singleturn|p1b: Gholdengo|Protect
|move|p2b: Garchomp|Dragon Claw|p1a: Amoonguss
|-damage|p1a: Amoonguss|24/100
|-enditem|p1a: Amoonguss|Sitrus Berry|[eat]
|-heal|p1a: Amoonguss|49/100|[from] item: Sitrus Berry
|-damage|p2b: Garchomp|0 fnt|[from] item: Life Orb
|faint|p2b: Garchomp
|-curestatus|p2a: Weezing|slp|[msg]
|move|p2a: Weezing|Strange Steam|p1a: Amoonguss
|-damage|p1a: Amoonguss|23/100
|move|p1a: Amoonguss|Pollen Puff|p2a: Weezing
|-resisted|p2a: Weezing
|-crit|p2a: Weezing
|-damage|p2a: Weezing|30/100
|
|upkeep
|
|t:|1756306384
|switch|p2b: Typhlosion|Typhlosion-Hisui, L50, M, tera:Fire|100/100 slp
|turn|8
|inactive|Sala335 has 30 seconds left.
|
|t:|1756306411
|cant|p2b: Typhlosion|slp
|move|p2b: Typhlosion|Sleep Talk|p2b: Typhlosion
|move|p2b: Typhlosion|Heat Wave|p1a: Amoonguss|[from] move: Sleep Talk|[spread] p1a,p1b
|-resisted|p1a: Amoonguss
|-supereffective|p1b: Gholdengo
|-damage|p1a: Amoonguss|3/100
|-damage|p1b: Gholdengo|0 fnt
|faint|p1b: Gholdengo
|move|p2a: Weezing|Flamethrower|p1a: Amoonguss
|-resisted|p1a: Amoonguss
|-damage|p1a: Amoonguss|0 fnt
|faint|p1a: Amoonguss
|
|win|capspungo
