|j|☆aletito
|j|☆Cancerberus1231
|html|aletitoCancerberus1231    
|uhtml|bestof|Game 2 of a best-of-3
|t:|1757738055
|gametype|doubles
|player|p1|aletito|drayden|1041
|player|p2|Cancerberus1231|blackbelt-gen4dp|1124
|gen|9
|tier|[Gen 9] VGC 2025 Reg H (Bo3)
|rated|
|rule|Species Clause: Limit one of each Pokémon
|rule|Item Clause: Limit 1 of each item
|clearpoke
|poke|p1|Pelipper, L50, F|
|poke|p1|Basculegion, L50, M|
|poke|p1|Archaludon, L50, F|
|poke|p1|Sneasler, L50, M|
|poke|p1|Amoonguss, L50, F|
|poke|p1|Klefki, L50, M|
|poke|p2|Annihilape, L50, F|
|poke|p2|Whimsicott, L50, F|
|poke|p2|Dragonite, L50, F|
|poke|p2|Rillaboom, L50, F|
|poke|p2|Magmar, L50, M|
|poke|p2|Ursaluna-Bloodmoon, L50, M|
|teampreview|4
|showteam|p1|Pelipper||FocusSash|Drizzle|WeatherBall,Hurricane,Tailwind,Protect|||F|||50|,,,,,Grass]Basculegion||LifeOrb|SwiftSwim|Liquidation,LastRespects,AquaJet,Protect|||M|||50|,,,,,Fighting]Archaludon||AssaultVest|Stamina|ElectroShot,FlashCannon,DracoMeteor,BodyPress|||F|||50|,,,,,Bug]Sneasler||WhiteHerb|PoisonTouch|CloseCombat,DireClaw,ThroatChop,Protect|||M|||50|,,,,,Dark]Amoonguss||SitrusBerry|Regenerator|RagePowder,Spore,SludgeBomb,Protect|||F|||50|,,,,,Dark]Klefki||LightClay|Prankster|RainDance,LightScreen,Reflect,DazzlingGleam|||M|||50|,,,,,Water
|showteam|p2|Annihilape||Leftovers|Defiant|RageFist,BulkUp,Protect,DrainPunch|||F|||50|,,,,,Fire]Whimsicott||FocusSash|Prankster|Moonblast,Protect,Tailwind,Endeavor|||F|||50|,,,,,Water]Dragonite||LoadedDice|Multiscale|ScaleShot,ExtremeSpeed,Protect,Encore|||F|||50|,,,,,Normal]Rillaboom||AssaultVest|GrassySurge|FakeOut,GrassyGlide,WoodHammer,Uturn|||F|||50|,,,,,Fire]Magmar||Eviolite|VitalSpirit|ClearSmog,Protect,Overheat,FollowMe|||M|||50|,,,,,Ghost]Ursaluna-Bloodmoon||LifeOrb|MindsEye|BloodMoon,EarthPower,HyperVoice,VacuumWave|||M|||50|,,,,,Normal
|inactive|Battle timer is ON: inactive players will automatically lose when time's up. (requested by Cancerberus1231)
|
|t:|1757738108
|teamsize|p1|4
|teamsize|p2|4
|start
|switch|p1a: Pelipper|Pelipper, L50, F|100/100
|switch|p1b: Sneasler|Sneasler, L50, M|100/100
|switch|p2a: Luis Mera|Ursaluna-Bloodmoon, L50, M|100/100
|switch|p2b: Chancho|Annihilape, L50, F, shiny|100/100
|-weather|RainDance|[from] ability: Drizzle|[of] p1a: Pelipper
|turn|1
|inactive|aletito has 30 seconds left.
|inactive|Cancerberus1231 has 30 seconds left.
|
|t:|1757738141
|switch|p1a: Archaludon|Archaludon, L50, F|100/100
|switch|p2a: Selene|Dragonite, L50, F, shiny|100/100
|move|p1b: Sneasler|Protect|p1b: Sneasler
|-singleturn|p1b: Sneasler|Protect
|move|p2b: Chancho|Rage Fist|p1b: Sneasler
|-activate|p1b: Sneasler|move: Protect
|
|-weather|RainDance|[upkeep]
|upkeep
|turn|2
|inactive|aletito has 30 seconds left.
|inactive|Cancerberus1231 has 30 seconds left.
|
|t:|1757738175
|move|p1b: Sneasler|Dire Claw|p2a: Selene
|-crit|p2a: Selene
|-damage|p2a: Selene|66/100
|move|p2a: Selene|Scale Shot|p1b: Sneasler
|-damage|p1b: Sneasler|73/100
|-damage|p1b: Sneasler|48/100
|-damage|p1b: Sneasler|22/100
|-damage|p1b: Sneasler|0 fnt
|faint|p1b: Sneasler
|-hitcount|p1: Sneasler|4
|-unboost|p2a: Selene|def|1
|-boost|p2a: Selene|spe|1
|move|p2b: Chancho|Bulk Up|p2b: Chancho
|-boost|p2b: Chancho|atk|1
|-boost|p2b: Chancho|def|1
|move|p1a: Archaludon|Electro Shot||[still]
|-prepare|p1a: Archaludon|Electro Shot
|-boost|p1a: Archaludon|spa|1
|-anim|p1a: Archaludon|Electro Shot|p2b: Chancho
|-damage|p2b: Chancho|53/100
|
|-weather|RainDance|[upkeep]
|-heal|p2b: Chancho|59/100|[from] item: Leftovers
|upkeep
|
|t:|1757738187
|switch|p1b: Basculegion|Basculegion, L50, M|100/100
|turn|3
|inactive|Cancerberus1231 has 30 seconds left.
|inactive|Cancerberus1231 has 20 seconds left.
|inactive|Cancerberus1231 has 15 seconds left.
|
|t:|1757738228
|move|p2b: Chancho|Protect|p2b: Chancho
|-singleturn|p2b: Chancho|Protect
|move|p1b: Basculegion|Last Respects|p2b: Chancho
|-activate|p2b: Chancho|move: Protect
|move|p2a: Selene|Scale Shot|p1b: Basculegion
|-damage|p1b: Basculegion|81/100
|-damage|p1b: Basculegion|59/100
|-damage|p1b: Basculegion|39/100
|-damage|p1b: Basculegion|20/100
|-damage|p1b: Basculegion|2/100
|-hitcount|p1b: Basculegion|5
|-unboost|p2a: Selene|def|1
|-boost|p2a: Selene|spe|1
|move|p1a: Archaludon|Draco Meteor|p2a: Selene
|-supereffective|p2a: Selene
|-damage|p2a: Selene|0 fnt
|-unboost|p1a: Archaludon|spa|2
|faint|p2a: Selene
|
|-weather|RainDance|[upkeep]
|-heal|p2b: Chancho|65/100|[from] item: Leftovers
|upkeep
|inactive|Cancerberus1231 has 30 seconds left.
|
|t:|1757738254
|switch|p2a: Chita|Rillaboom, L50, F, shiny|100/100
|-fieldstart|move: Grassy Terrain|[from] ability: Grassy Surge|[of] p2a: Chita
|turn|4
|inactive|aletito has 30 seconds left.
|
|t:|1757738283
|-terastallize|p1a: Archaludon|Bug
|move|p1b: Basculegion|Protect|p1b: Basculegion
|-singleturn|p1b: Basculegion|Protect
|move|p2a: Chita|Grassy Glide|p1b: Basculegion
|-activate|p1b: Basculegion|move: Protect
|move|p2b: Chancho|Drain Punch|p1a: Archaludon
|-resisted|p1a: Archaludon
|-damage|p1a: Archaludon|81/100
|-heal|p2b: Chancho|74/100|[from] drain|[of] p1a: Archaludon
|-ability|p1a: Archaludon|Stamina|boost
|-boost|p1a: Archaludon|def|1
|move|p1a: Archaludon|Electro Shot||[still]
|-prepare|p1a: Archaludon|Electro Shot
|-boost|p1a: Archaludon|spa|1
|-anim|p1a: Archaludon|Electro Shot|p2b: Chancho
|-damage|p2b: Chancho|43/100
|
|-weather|RainDance|[upkeep]
|-heal|p1b: Basculegion|8/100|[from] Grassy Terrain
|-heal|p2b: Chancho|49/100|[from] Grassy Terrain
|-heal|p2b: Chancho|55/100|[from] item: Leftovers
|-heal|p1a: Archaludon|87/100|[from] Grassy Terrain
|upkeep
|turn|5
|inactive|aletito has 30 seconds left.
|inactive|Cancerberus1231 has 30 seconds left.
|
|t:|1757738316
|switch|p1b: Pelipper|Pelipper, L50, F|100/100
|move|p2a: Chita|Grassy Glide|p1b: Pelipper
|-damage|p1b: Pelipper|53/100
|move|p2b: Chancho|Rage Fist|p1a: Archaludon
|-damage|p1a: Archaludon|32/100
|-ability|p1a: Archaludon|Stamina|boost
|-boost|p1a: Archaludon|def|1
|move|p1a: Archaludon|Electro Shot||[still]
|-prepare|p1a: Archaludon|Electro Shot
|-boost|p1a: Archaludon|spa|1
|-anim|p1a: Archaludon|Electro Shot|p2b: Chancho
|-damage|p2b: Chancho|7/100
|
|-weather|none
|-heal|p2b: Chancho|13/100|[from] Grassy Terrain
|-heal|p2b: Chancho|19/100|[from] item: Leftovers
|-heal|p1a: Archaludon|38/100|[from] Grassy Terrain
|upkeep
|turn|6
|inactive|aletito has 30 seconds left.
|inactive|Cancerberus1231 has 30 seconds left.
|
|t:|1757738348
|switch|p1b: Basculegion|Basculegion, L50, M|8/100
|move|p2b: Chancho|Protect|p2b: Chancho
|-singleturn|p2b: Chancho|Protect
|move|p2a: Chita|Wood Hammer|p1b: Basculegion
|-supereffective|p1b: Basculegion
|-damage|p1b: Basculegion|0 fnt
|faint|p1b: Basculegion
|-damage|p2a: Chita|98/100|[from] Recoil
|move|p1a: Archaludon|Electro Shot||[still]
|-prepare|p1a: Archaludon|Electro Shot
|-boost|p1a: Archaludon|spa|1
|
|-heal|p2a: Chita|100/100|[from] Grassy Terrain
|-heal|p2b: Chancho|25/100|[from] Grassy Terrain
|-heal|p2b: Chancho|31/100|[from] item: Leftovers
|-heal|p1a: Archaludon|44/100|[from] Grassy Terrain
|upkeep
|
|t:|1757738350
|switch|p1b: Pelipper|Pelipper, L50, F|53/100
|-weather|RainDance|[from] ability: Drizzle|[of] p1b: Pelipper
|turn|7
|inactive|Cancerberus1231 has 30 seconds left.
|
|t:|1757738381
|switch|p2b: Luis Mera|Ursaluna-Bloodmoon, L50, M|100/100
|move|p1b: Pelipper|Hurricane|p2a: Chita
|-supereffective|p2a: Chita
|-damage|p2a: Chita|28/100
|-start|p2a: Chita|confusion
|-activate|p2a: Chita|confusion
|move|p2a: Chita|Wood Hammer|p1b: Pelipper
|-damage|p1b: Pelipper|0 fnt
|faint|p1b: Pelipper
|-damage|p2a: Chita|17/100|[from] Recoil
|move|p1a: Archaludon|Electro Shot|p2b: Luis Mera|[from] lockedmove
|-immune|p2b: Luis Mera
|
|-weather|RainDance|[upkeep]
|-heal|p2a: Chita|22/100|[from] Grassy Terrain
|-heal|p1a: Archaludon|50/100|[from] Grassy Terrain
|upkeep
|turn|8
|inactive|Cancerberus1231 has 30 seconds left.
|
|t:|1757738415
|switch|p2a: Chancho|Annihilape, L50, F, shiny|31/100
|move|p1a: Archaludon|Body Press|p2b: Luis Mera
|-supereffective|p2b: Luis Mera
|-damage|p2b: Luis Mera|33/100
|move|p2b: Luis Mera|Blood Moon|p1a: Archaludon
|-damage|p1a: Archaludon|0 fnt
|faint|p1a: Archaludon
|-damage|p2b: Luis Mera|24/100|[from] item: Life Orb
|
|win|Cancerberus1231
|raw|aletito's rating: 1041 → 1029(-12 for losing)
|raw|Cancerberus1231's rating: 1124 → 1143(+19 for winning)
|l|☆aletito
|player|p1|
