|j|☆SOADVGC
|j|☆PokeLucho
|html|SOADVGCPokeLucho    
|uhtml|bestof|Game 2 of a best-of-3
|t:|1756443178
|gametype|doubles
|player|p1|SOADVGC|roxie|1214
|player|p2|PokeLucho|102|1069
|gen|9
|tier|[Gen 9] VGC 2025 Reg H (Bo3)
|rated|
|rule|Species Clause: Limit one of each Pokémon
|rule|Item Clause: Limit 1 of each item
|clearpoke
|poke|p1|Ursaluna, L50, M|
|poke|p1|Gholdengo, L50|
|poke|p1|Porygon2, L50|
|poke|p1|Archaludon, L50, M|
|poke|p1|Sneasler, L50, M|
|poke|p1|Incineroar, L50, F|
|poke|p2|Electabuzz, L50, M|
|poke|p2|Kingambit, L50, F|
|poke|p2|Rillaboom, L50, F|
|poke|p2|Sneasler, L50, M|
|poke|p2|Volcarona, L50, M|
|poke|p2|Dragonite, L50, F|
|teampreview|4
|showteam|p1|Ursaluna||FlameOrb|Guts|Protect,Substitute,Facade,HeadlongRush|||M|||50|,,,,,Ghost]Gholdengo||LifeOrb|GoodasGold|MakeItRain,ShadowBall,NastyPlot,Protect||||||50|,,,,,Water]Porygon2||Eviolite|Download|Recover,IceBeam,TeraBlast,TrickRoom||||||50|,,,,,Fighting]Archaludon||PowerHerb|Stalwart|Protect,ElectroShot,DragonPulse,Thunderbolt|||M|||50|,,,,,Electric]Sneasler||WhiteHerb|Unburden|Protect,CloseCombat,ThroatChop,DireClaw|||M|||50|,,,,,Stellar]Incineroar||SafetyGoggles|Intimidate|FakeOut,PartingShot,FlareBlitz,KnockOff|||F|||50|,,,,,Ghost
|showteam|p2|Electabuzz||Eviolite|VitalSpirit|Thunderbolt,Taunt,FollowMe,Protect|||M|||50|,,,,,Ghost]Kingambit||BlackGlasses|Defiant|KowtowCleave,SuckerPunch,SwordsDance,Protect|||F|||50|,,,,,Dark]Rillaboom||AssaultVest|GrassySurge|FakeOut,HighHorsepower,WoodHammer,GrassyGlide|||F|||50|,,,,,Fire]Sneasler||FocusSash|PoisonTouch|DireClaw,CloseCombat,FakeOut,Coaching|||M|||50|,,,,,Stellar]Volcarona||Leftovers|FlameBody|HeatWave,TeraBlast,QuiverDance,Protect|||M|||50|,,,,,Fairy]Dragonite||LoadedDice|Multiscale|ExtremeSpeed,ScaleShot,Protect,Haze|||F|||50|,,,,,Steel
|inactive|Battle timer is ON: inactive players will automatically lose when time's up. (requested by SOADVGC)
|
|t:|1756443203
|teamsize|p1|4
|teamsize|p2|4
|start
|switch|p1a: Incineroar|Incineroar, L50, F|100/100
|switch|p1b: Porygon2|Porygon2, L50|100/100
|switch|p2a: Electabuzz|Electabuzz, L50, M|100/100
|switch|p2b: Sneasler|Sneasler, L50, M|100/100
|-ability|p1b: Porygon2|Download|boost
|-boost|p1b: Porygon2|atk|1
|-ability|p1a: Incineroar|Intimidate|boost
|-unboost|p2a: Electabuzz|atk|1
|-unboost|p2b: Sneasler|atk|1
|turn|1
|
|t:|1756443227
|move|p2b: Sneasler|Fake Out|p1b: Porygon2
|-damage|p1b: Porygon2|94/100
|move|p2a: Electabuzz|Taunt|p1b: Porygon2
|-start|p1b: Porygon2|move: Taunt
|cant|p1b: Porygon2|flinch
|move|p1a: Incineroar|Flare Blitz|p2b: Sneasler
|-crit|p2b: Sneasler
|-enditem|p2b: Sneasler|Focus Sash
|-damage|p2b: Sneasler|1/100
|-damage|p1a: Incineroar|74/100|[from] Recoil
|
|upkeep
|turn|2
|inactive|PokeLucho has 30 seconds left.
|inactive|PokeLucho has 20 seconds left.
|inactive|PokeLucho has 15 seconds left.
|inactive|PokeLucho has 10 seconds left.
|
|t:|1756443274
|switch|p2b: Kingambit|Kingambit, L50, F|100/100
|move|p2a: Electabuzz|Thunderbolt|p1a: Incineroar
|-damage|p1a: Incineroar|50/100
|-status|p1a: Incineroar|par
|move|p1b: Porygon2|Ice Beam|p2b: Kingambit
|-resisted|p2b: Kingambit
|-damage|p2b: Kingambit|90/100
|move|p1a: Incineroar|Knock Off|p2a: Electabuzz
|-damage|p2a: Electabuzz|69/100
|-enditem|p2a: Electabuzz|Eviolite|[from] move: Knock Off|[of] p1a: Incineroar
|
|upkeep
|turn|3
|inactive|PokeLucho has 30 seconds left.
|inactive|PokeLucho has 20 seconds left.
|
|t:|1756443311
|-terastallize|p1b: Porygon2|Fighting
|move|p2a: Electabuzz|Follow Me|p2a: Electabuzz
|-singleturn|p2a: Electabuzz|move: Follow Me
|move|p1b: Porygon2|Tera Blast|p2a: Electabuzz|[anim] Tera Blast Fighting
|-damage|p2a: Electabuzz|34/100
|move|p2b: Kingambit|Swords Dance|p2b: Kingambit
|-boost|p2b: Kingambit|atk|2
|cant|p1a: Incineroar|par
|
|-end|p1b: Porygon2|move: Taunt
|upkeep
|turn|4
|inactive|PokeLucho has 30 seconds left.
|
|t:|1756443345
|-terastallize|p2b: Kingambit|Dark
|move|p2a: Electabuzz|Taunt|p1b: Porygon2
|-start|p1b: Porygon2|move: Taunt
|move|p2b: Kingambit|Kowtow Cleave|p1a: Incineroar
|-resisted|p1a: Incineroar
|-damage|p1a: Incineroar|0 fnt
|faint|p1a: Incineroar
|cant|p1b: Porygon2|move: Taunt|Trick Room
|
|upkeep
|
|t:|1756443351
|switch|p1a: Archaludon|Archaludon, L50, M|100/100
|turn|5
|inactive|PokeLucho has 30 seconds left.
|
|t:|1756443382
|move|p1a: Archaludon|Protect|p1a: Archaludon
|-singleturn|p1a: Archaludon|Protect
|move|p2a: Electabuzz|Follow Me|p2a: Electabuzz
|-singleturn|p2a: Electabuzz|move: Follow Me
|move|p1b: Porygon2|Tera Blast|p2a: Electabuzz|[anim] Tera Blast Fighting
|-damage|p2a: Electabuzz|0 fnt
|faint|p2a: Electabuzz
|move|p2b: Kingambit|Kowtow Cleave|p1a: Archaludon
|-activate|p1a: Archaludon|move: Protect
|
|upkeep
|
|t:|1756443385
|switch|p2a: Sneasler|Sneasler, L50, M|1/100
|turn|6
|
|t:|1756443404
|move|p2a: Sneasler|Dire Claw|p1b: Porygon2
|-damage|p1b: Porygon2|65/100
|-status|p1b: Porygon2|slp
|move|p1a: Archaludon|Electro Shot||[still]
|-prepare|p1a: Archaludon|Electro Shot
|-boost|p1a: Archaludon|spa|1
|-enditem|p1a: Archaludon|Power Herb
|-anim|p1a: Archaludon|Electro Shot|p2b: Kingambit
|-damage|p2b: Kingambit|26/100
|cant|p1b: Porygon2|slp
|move|p2b: Kingambit|Kowtow Cleave|p1a: Archaludon
|-damage|p1a: Archaludon|0 fnt
|faint|p1a: Archaludon
|
|-end|p1b: Porygon2|move: Taunt
|upkeep
|
|t:|1756443414
|switch|p1a: Ursaluna|Ursaluna, L50, M|100/100
|turn|7
|
|t:|1756443432
|move|p1a: Ursaluna|Protect|p1a: Ursaluna
|-singleturn|p1a: Ursaluna|Protect
|move|p2a: Sneasler|Close Combat|p1a: Ursaluna
|-activate|p1a: Ursaluna|move: Protect
|cant|p1b: Porygon2|slp
|move|p2b: Kingambit|Kowtow Cleave|p1b: Porygon2
|-resisted|p1b: Porygon2
|-damage|p1b: Porygon2|15/100 slp
|
|-status|p1a: Ursaluna|brn|[from] item: Flame Orb
|upkeep
|turn|8
|inactive|PokeLucho has 30 seconds left.
|
|t:|1756443463
|move|p1a: Ursaluna|Protect||[still]
|-fail|p1a: Ursaluna
|move|p2b: Kingambit|Sucker Punch|p1b: Porygon2
|-resisted|p1b: Porygon2
|-damage|p1b: Porygon2|0 fnt
|faint|p1b: Porygon2
|move|p2a: Sneasler|Close Combat|p1a: Ursaluna
|-supereffective|p1a: Ursaluna
|-damage|p1a: Ursaluna|24/100 brn
|-unboost|p2a: Sneasler|def|1
|-unboost|p2a: Sneasler|spd|1
|
|-damage|p1a: Ursaluna|18/100 brn|[from] brn
|upkeep
|turn|9
|-message|SOADVGC forfeited.
|
|win|PokeLucho
|l|☆SOADVGC
|player|p1|
||SOADVGC is ready for game 3.
||PokeLucho is ready for game 3.
|uhtml|next|Next: Game 3 of 3
