|j|☆Crash0utVGC
|j|☆XKPTX
|html|Crash0utVGCXKPTX    
|uhtml|bestof|Game 1 of a best-of-3
|t:|1782279197
|gametype|doubles
|player|p1|Crash0utVGC|colress|1205
|player|p2|XKPTX|steven|1227
|gen|9
|tier|[Gen 9 Champions] VGC 2026 Reg M-B (Bo3)
|rated|
|rule|Species Clause: Limit one of each Pokémon
|rule|Item Clause: Limit 1 of each item
|clearpoke
|poke|p1|Pyroar, L50, F|
|poke|p1|Ninetales, L50, F, shiny|
|poke|p1|Whimsicott, L50, M|
|poke|p1|Floette-Eternal, L50, F|
|poke|p1|Basculegion, L50, M|
|poke|p1|Farigiraf, L50, M|
|poke|p2|Pelipper, L50, F|
|poke|p2|Araquanid, L50, F|
|poke|p2|Rotom-Wash, L50|
|poke|p2|Milotic, L50, F|
|poke|p2|Swampert, L50, F|
|poke|p2|Samurott-Hisui, L50, M|
|teampreview|4
|showteam|p1|Pyroar||Pyroarite|Unnerve|HeatWave,Overheat,SolarBeam,Protect|Timid||F|||50|]Ninetales||ChoiceScarf|Drought|HeatWave,Overheat,SolarBeam,FakeTears|Modest||F|||50|]Whimsicott||FocusSash|Prankster|Moonblast,Tailwind,SunnyDay,Protect|Timid||M|||50|]Floette-Eternal||Floettite|FlowerVeil|Moonblast,LightofRuin,DazzlingGleam,Protect|Modest||F|||50|]Basculegion||LifeOrb|Adaptability|WaveCrash,LastRespects,AquaJet,Protect|Adamant||M|||50|]Farigiraf||SitrusBerry|ArmorTail|Psychic,Thunderbolt,TrickRoom,HelpingHand|Bold||M|||50|
|showteam|p2|Pelipper||DampRock|Drizzle|Hurricane,WeatherBall,MuddyWater,Protect|Modest||F|||50|]Araquanid||MysticWater|WaterBubble|LeechLife,Liquidation,StickyWeb,Protect|Adamant||F|||50|]Rotom-Wash||SitrusBerry|Levitate|Thunder,HydroPump,VoltSwitch,WillOWisp|Modest|||||50|]Milotic||Leftovers|Competitive|MuddyWater,Blizzard,Coil,Recover|Modest||F|||50|]Swampert||Swampertite|Damp|FlipTurn,WaveCrash,Earthquake,PoisonJab|Adamant||F|||50|]Samurott-Hisui||ChoiceScarf|Sharpness|SacredSword,CeaselessEdge,RazorShell,FlipTurn|Jolly||M|||50|
|
|t:|1782279253
|teamsize|p1|4
|teamsize|p2|4
|start
|switch|p1a: RayBurn|Pyroar, L50, F|100/100
|switch|p1b: Winnie|Whimsicott, L50, M|100/100
|switch|p2a: Pelipper|Pelipper, L50, F|100/100
|switch|p2b: Swampert|Swampert, L50, F|100/100
|-ability|p1a: RayBurn|Unnerve
|-weather|RainDance|[from] ability: Drizzle|[of] p2a: Pelipper
|turn|1
|
|t:|1782279280
|switch|p2b: Araquanid|Araquanid, L50, F|100/100
|detailschange|p1a: RayBurn|Pyroar-Mega, L50, F
|-mega|p1a: RayBurn|Pyroar|Pyroarite
|move|p1b: Winnie|Sunny Day|p1b: Winnie
|-weather|SunnyDay
|move|p1a: RayBurn|Solar Beam||[still]
|-prepare|p1a: RayBurn|Solar Beam
|-anim|p1a: RayBurn|Solar Beam|p2b: Araquanid
|-damage|p2b: Araquanid|65/100
|move|p2a: Pelipper|Weather Ball|p1b: Winnie
|-supereffective|p1b: Winnie|1
|-enditem|p1b: Winnie|Focus Sash
|-damage|p1b: Winnie|1/100
|
|-weather|SunnyDay|[upkeep]
|upkeep
|turn|2
|
|t:|1782279304
|move|p1a: RayBurn|Protect|p1a: RayBurn
|-singleturn|p1a: RayBurn|Protect
|move|p1b: Winnie|Moonblast|p2b: Araquanid
|-damage|p2b: Araquanid|39/100
|move|p2a: Pelipper|Weather Ball|p1b: Winnie
|-supereffective|p1b: Winnie|1
|-damage|p1b: Winnie|0 fnt
|faint|p1b: Winnie
|move|p2b: Araquanid|Liquidation|p1a: RayBurn
|-activate|p1a: RayBurn|move: Protect
|
|-weather|SunnyDay|[upkeep]
|upkeep
|
|t:|1782279307
|switch|p1b: FairAndBalanced|Basculegion, L50, M|100/100
|turn|3
|
|t:|1782279327
|switch|p2a: Milotic|Milotic, L50, F|100/100
|move|p2b: Araquanid|Protect|p2b: Araquanid
|-singleturn|p2b: Araquanid|Protect
|move|p1a: RayBurn|Heat Wave|p2a: Milotic|[spread] p2a
|-activate|p2b: Araquanid|move: Protect
|-resisted|p2a: Milotic|1
|-damage|p2a: Milotic|70/100
|move|p1b: FairAndBalanced|Last Respects|p2b: Araquanid
|-activate|p2b: Araquanid|move: Protect
|
|-weather|SunnyDay|[upkeep]
|-heal|p2a: Milotic|76/100|[from] item: Leftovers
|upkeep
|turn|4
|
|t:|1782279344
|switch|p2b: Pelipper|Pelipper, L50, F|100/100
|-weather|RainDance|[from] ability: Drizzle|[of] p2b: Pelipper
|move|p1a: RayBurn|Protect|p1a: RayBurn
|-singleturn|p1a: RayBurn|Protect
|move|p1b: FairAndBalanced|Last Respects|p2b: Pelipper
|-damage|p2b: Pelipper|1/100
|-damage|p1b: FairAndBalanced|90/100|[from] item: Life Orb
|move|p2a: Milotic|Coil|p2a: Milotic
|-boost|p2a: Milotic|atk|1
|-boost|p2a: Milotic|def|1
|-boost|p2a: Milotic|accuracy|1
|
|-weather|RainDance|[upkeep]
|-heal|p2a: Milotic|82/100|[from] item: Leftovers
|upkeep
|turn|5
|
|t:|1782279366
|switch|p1b: Kyubi|Ninetales, L50, F, shiny|100/100
|-weather|SunnyDay|[from] ability: Drought|[of] p1b: Kyubi
|move|p2b: Pelipper|Protect|p2b: Pelipper
|-singleturn|p2b: Pelipper|Protect
|move|p1a: RayBurn|Heat Wave|p2b: Pelipper|[spread] p2a
|-activate|p2b: Pelipper|move: Protect
|-resisted|p2a: Milotic|1
|-damage|p2a: Milotic|54/100
|move|p2a: Milotic|Muddy Water|p1a: RayBurn|[spread] p1a,p1b
|-supereffective|p1a: RayBurn|1
|-supereffective|p1b: Kyubi|1
|-damage|p1a: RayBurn|63/100
|-damage|p1b: Kyubi|64/100
|-unboost|p1b: Kyubi|accuracy|1
|
|-weather|SunnyDay|[upkeep]
|-heal|p2a: Milotic|60/100|[from] item: Leftovers
|upkeep
|turn|6
|
|t:|1782279396
|switch|p1b: FairAndBalanced|Basculegion, L50, M|90/100
|switch|p2b: Araquanid|Araquanid, L50, F|39/100
|move|p1a: RayBurn|Solar Beam||[still]
|-prepare|p1a: RayBurn|Solar Beam
|-anim|p1a: RayBurn|Solar Beam|p2a: Milotic
|-supereffective|p2a: Milotic|1
|-damage|p2a: Milotic|1/100
|move|p2a: Milotic|Muddy Water|p1b: FairAndBalanced|[spread] p1a,p1b
|-supereffective|p1a: RayBurn|1
|-crit|p1a: RayBurn
|-resisted|p1b: FairAndBalanced|1
|-damage|p1a: RayBurn|9/100
|-damage|p1b: FairAndBalanced|81/100
|-unboost|p1b: FairAndBalanced|accuracy|1
|
|-weather|SunnyDay|[upkeep]
|-heal|p2a: Milotic|7/100|[from] item: Leftovers
|upkeep
|turn|7
|
|t:|1782279425
|move|p1a: RayBurn|Overheat|p2a: Milotic
|-resisted|p2a: Milotic|1
|-crit|p2a: Milotic
|-damage|p2a: Milotic|0 fnt
|-unboost|p1a: RayBurn|spa|2
|faint|p2a: Milotic
|move|p1b: FairAndBalanced|Last Respects|p2b: Araquanid
|-damage|p2b: Araquanid|0 fnt
|faint|p2b: Araquanid
|-damage|p1b: FairAndBalanced|72/100|[from] item: Life Orb
|
|-weather|SunnyDay|[upkeep]
|upkeep
|
|t:|1782279434
|switch|p2a: Swampert|Swampert, L50, F|100/100
|switch|p2b: Pelipper|Pelipper, L50, F|1/100
|-weather|RainDance|[from] ability: Drizzle|[of] p2b: Pelipper
|turn|8
|
|t:|1782279455
|switch|p1a: Kyubi|Ninetales, L50, F, shiny|64/100
|-weather|SunnyDay|[from] ability: Drought|[of] p1a: Kyubi
|detailschange|p2a: Swampert|Swampert-Mega, L50, F
|-mega|p2a: Swampert|Swampert|Swampertite
|move|p1b: FairAndBalanced|Aqua Jet|p2b: Pelipper
|-resisted|p2b: Pelipper|1
|-damage|p2b: Pelipper|0 fnt
|faint|p2b: Pelipper
|-damage|p1b: FairAndBalanced|62/100|[from] item: Life Orb
|move|p2a: Swampert|Earthquake|p1a: Kyubi|[spread] p1a,p1b
|-supereffective|p1a: Kyubi|1
|-damage|p1a: Kyubi|0 fnt
|-damage|p1b: FairAndBalanced|13/100
|faint|p1a: Kyubi
|
|-weather|SunnyDay|[upkeep]
|upkeep
|
|t:|1782279460
|switch|p1a: RayBurn|Pyroar-Mega, L50, F|9/100
|turn|9
|
|t:|1782279489
|move|p1a: RayBurn|Solar Beam||[still]
|-prepare|p1a: RayBurn|Solar Beam
|-anim|p1a: RayBurn|Solar Beam|p2a: Swampert
|-supereffective|p2a: Swampert|2
|-damage|p2a: Swampert|0 fnt
|faint|p2a: Swampert
|
|win|Crash0utVGC
