|j|☆ShadowOfAMan
|j|☆Harry Koekenpan
|html|ShadowOfAManHarry Koekenpan    
|uhtml|bestof|Game 1 of a best-of-3
|t:|1756466489
|gametype|doubles
|player|p1|ShadowOfAMan|elio-usum|1205
|player|p2|Harry Koekenpan|1|1174
|gen|9
|tier|[Gen 9] VGC 2025 Reg H (Bo3)
|rated|
|rule|Species Clause: Limit one of each Pokémon
|rule|Item Clause: Limit 1 of each item
|clearpoke
|poke|p1|Tyranitar, L50, F|
|poke|p1|Excadrill, L50, M|
|poke|p1|Indeedee, L50, M|
|poke|p1|Sneasler, L50, M|
|poke|p1|Annihilape, L50, F|
|poke|p1|Volcarona, L50, F|
|poke|p2|Toedscruel, L50, F|
|poke|p2|Weezing-Galar, L50, F|
|poke|p2|Garchomp, L50, F|
|poke|p2|Kilowattrel, L50, M|
|poke|p2|Typhlosion-Hisui, L50, M|
|poke|p2|Conkeldurr, L50, F|
|teampreview|4
|showteam|p1|Tyranitar||AssaultVest|SandStream|RockSlide,KnockOff,LowKick,TeraBlast|||F|||50|,,,,,Flying]Excadrill||FocusSash|SandRush|HighHorsepower,Earthquake,IronHead,Protect|||M|||50|,,,,,Ground]Indeedee||ChoiceScarf|PsychicSurge|ExpandingForce,TeraBlast,Imprison,TrickRoom|||M|||50|,,,,,Psychic]Sneasler||PsychicSeed|Unburden|DireClaw,CloseCombat,ThroatChop,Protect|||M|||50|,,,,,Dark]Annihilape||SafetyGoggles|Defiant|CloseCombat,RageFist,Taunt,FinalGambit|||F|||50|,,,,,Fairy]Volcarona||SitrusBerry|FlameBody|RagePowder,FieryDance,StruggleBug,Tailwind|||F|||50|,,,,,Water
|showteam|p2|Toedscruel||CovertCloak|MyceliumMight|Spore,Taunt,AcidSpray,EarthPower|||F|||50|,,,,,Water]Weezing-Galar||ChoiceSpecs|NeutralizingGas|DazzlingGleam,SludgeBomb,StrangeSteam,TeraBlast|||F|||50|,,,,,Water]Garchomp||LifeOrb|RoughSkin|Protect,Earthquake,DragonClaw,StompingTantrum|||F|||50|,,,,,Ground]Kilowattrel||FocusSash|Competitive|Discharge,AirSlash,Tailwind,Protect|||M|||50|,,,,,Ghost]Typhlosion-Hisui||ChoiceScarf|Blaze|Eruption,HeatWave,ShadowBall,SleepTalk|||M|||50|,,,,,Fire]Conkeldurr||AssaultVest|IronFist|MachPunch,DrainPunch,KnockOff,IcePunch|||F|||50|,,,,,Grass
|inactive|Battle timer is ON: inactive players will automatically lose when time's up. (requested by Harry Koekenpan)
|inactive|ShadowOfAMan has 60 seconds left.
|inactive|ShadowOfAMan has 30 seconds left.
|
|t:|1756466564
|teamsize|p1|4
|teamsize|p2|4
|start
|switch|p1a: MrDarki|Indeedee, L50, M|100/100
|switch|p1b: Volcaroña|Volcarona, L50, F|100/100
|switch|p2a: Weezing|Weezing-Galar, L50, F|100/100
|switch|p2b: Toedscruel|Toedscruel, L50, F|100/100
|-ability|p2a: Weezing|Neutralizing Gas
|turn|1
|inactive|ShadowOfAMan has 30 seconds left.
|inactive|Harry Koekenpan has 30 seconds left.
|inactive|ShadowOfAMan has 20 seconds left.
|inactive|ShadowOfAMan has 15 seconds left.
|inactive|ShadowOfAMan has 10 seconds left.
|inactive|ShadowOfAMan has 5 seconds left.
|
|t:|1756466615
|-terastallize|p1a: MrDarki|Psychic
|-terastallize|p2a: Weezing|Water
|move|p1a: MrDarki|Tera Blast|p2b: Toedscruel|[anim] Tera Blast Psychic
|-damage|p2b: Toedscruel|55/100
|move|p2b: Toedscruel|Spore|p1b: Volcaroña
|-status|p1b: Volcaroña|slp|[from] move: Spore
|cant|p1b: Volcaroña|slp
|move|p2a: Weezing|Dazzling Gleam|p1a: MrDarki|[spread] p1a,p1b
|-resisted|p1b: Volcaroña
|-damage|p1a: MrDarki|52/100
|-damage|p1b: Volcaroña|85/100 slp
|
|upkeep
|turn|2
|inactive|Harry Koekenpan has 30 seconds left.
|inactive|Harry Koekenpan has 20 seconds left.
|
|t:|1756466654
|move|p1a: MrDarki|Tera Blast|p2a: Weezing|[anim] Tera Blast Psychic
|-damage|p2a: Weezing|24/100
|move|p2b: Toedscruel|Taunt|p1b: Volcaroña
|-start|p1b: Volcaroña|move: Taunt
|cant|p1b: Volcaroña|slp
|move|p2a: Weezing|Dazzling Gleam|p1b: Volcaroña|[spread] p1a,p1b
|-resisted|p1b: Volcaroña
|-damage|p1a: MrDarki|6/100
|-damage|p1b: Volcaroña|71/100 slp
|
|upkeep
|turn|3
|
|t:|1756466670
|move|p1a: MrDarki|Tera Blast|p2a: Weezing|[anim] Tera Blast Psychic
|-damage|p2a: Weezing|0 fnt
|faint|p2a: Weezing
|-end|p2a: Weezing|ability: Neutralizing Gas
|-fieldstart|move: Psychic Terrain|[from] ability: Psychic Surge|[of] p1a: MrDarki
|move|p2b: Toedscruel|Earth Power|p1a: MrDarki
|-damage|p1a: MrDarki|0 fnt
|faint|p1a: MrDarki
|cant|p1b: Volcaroña|slp
|
|upkeep
|inactive|Harry Koekenpan has 30 seconds left.
|
|t:|1756466701
|switch|p1a: Morcilla|Excadrill, L50, M|100/100
|switch|p2a: Garchomp|Garchomp, L50, F|100/100
|turn|4
|inactive|Harry Koekenpan has 30 seconds left.
|inactive|Harry Koekenpan has 20 seconds left.
|
|t:|1756466737
|move|p1a: Morcilla|Protect|p1a: Morcilla
|-singleturn|p1a: Morcilla|Protect
|move|p2a: Garchomp|Earthquake|p1b: Volcaroña|[spread] p2b,p1b
|-activate|p1a: Morcilla|move: Protect
|-resisted|p2b: Toedscruel
|-damage|p2b: Toedscruel|19/100
|-damage|p1b: Volcaroña|14/100 slp
|-enditem|p1b: Volcaroña|Sitrus Berry|[eat]
|-heal|p1b: Volcaroña|39/100 slp|[from] item: Sitrus Berry
|-damage|p2a: Garchomp|91/100|[from] item: Life Orb
|move|p2b: Toedscruel|Earth Power|p1a: Morcilla
|-activate|p1a: Morcilla|move: Protect
|-curestatus|p1b: Volcaroña|slp|[msg]
|move|p1b: Volcaroña|Fiery Dance|p2b: Toedscruel
|-supereffective|p2b: Toedscruel
|-damage|p2b: Toedscruel|0 fnt
|-boost|p1b: Volcaroña|spa|1
|faint|p2b: Toedscruel
|
|-end|p1b: Volcaroña|move: Taunt
|upkeep
|
|t:|1756466753
|switch|p2b: Kilowattrel|Kilowattrel, L50, M|100/100
|turn|5
|inactive|ShadowOfAMan has 30 seconds left.
|
|t:|1756466786
|move|p2b: Kilowattrel|Air Slash|p1a: Morcilla
|-resisted|p1a: Morcilla
|-damage|p1a: Morcilla|79/100
|move|p2a: Garchomp|Earthquake|p1a: Morcilla|[spread] p1a,p1b
|-immune|p2b: Kilowattrel
|-supereffective|p1a: Morcilla
|-crit|p1b: Volcaroña
|-damage|p1a: Morcilla|0 fnt
|-damage|p1b: Volcaroña|0 fnt
|faint|p1a: Morcilla
|faint|p1b: Volcaroña
|-damage|p2a: Garchomp|81/100|[from] item: Life Orb
|
|upkeep
|
|t:|1756466793
|switch|p1b: Gordibuena|Tyranitar, L50, F|100/100
|-weather|Sandstorm|[from] ability: Sand Stream|[of] p1b: Gordibuena
|turn|6
|
|t:|1756466801
|move|p2b: Kilowattrel|Discharge|p1b: Gordibuena|[spread] p1b
|-immune|p2a: Garchomp
|-crit|p1b: Gordibuena
|-damage|p1b: Gordibuena|85/100
|-status|p1b: Gordibuena|par
|move|p2a: Garchomp|Earthquake|p1b: Gordibuena|[spread] p1b
|-immune|p2b: Kilowattrel
|-supereffective|p1b: Gordibuena
|-damage|p1b: Gordibuena|7/100 par
|-damage|p2a: Garchomp|71/100|[from] item: Life Orb
|move|p1b: Gordibuena|Rock Slide|p2a: Garchomp|[spread] p2a,p2b
|-resisted|p2a: Garchomp
|-supereffective|p2b: Kilowattrel
|-damage|p2a: Garchomp|55/100
|-enditem|p2b: Kilowattrel|Focus Sash
|-damage|p2b: Kilowattrel|1/100
|
|-weather|Sandstorm|[upkeep]
|-damage|p2b: Kilowattrel|0 fnt|[from] Sandstorm
|faint|p2b: Kilowattrel
|upkeep
|turn|7
|-message|ShadowOfAMan forfeited.
|
|win|Harry Koekenpan
||Harry Koekenpan is ready for game 2.
|inactive|ShadowOfAMan has 30 seconds to confirm battle start!
|inactive|ShadowOfAMan has 20 seconds to confirm battle start!
||ShadowOfAMan is ready for game 2.
|uhtml|next|Next: Game 2 of 3
