|j|☆pikatrod
|j|☆ILoveMIR
|html|pikatrodILoveMIR    
|uhtml|bestof|Game 2 of a best-of-3
|t:|1783713356
|gametype|doubles
|player|p1|pikatrod|102|1397
|player|p2|ILoveMIR|shauntal|1461
|gen|9
|tier|[Gen 9 Champions] VGC 2026 Reg M-B (Bo3)
|rated|
|rule|Species Clause: Limit one of each Pokémon
|rule|Item Clause: Limit 1 of each item
|clearpoke
|poke|p1|Whimsicott, L50, M|
|poke|p1|Torkoal, L50, F|
|poke|p1|Pyroar, L50, F|
|poke|p1|Farigiraf, L50, F|
|poke|p1|Scrafty, L50, M|
|poke|p1|Basculegion, L50, M|
|poke|p2|Blaziken, L50, F|
|poke|p2|Tsareena, L50, F|
|poke|p2|Talonflame, L50, M|
|poke|p2|Ninetales-Alola, L50, F|
|poke|p2|Basculegion, L50, M|
|poke|p2|Gholdengo, L50|
|teampreview|4
|showteam|p1|Whimsicott||FairyFeather|Prankster|Tailwind,Moonblast,Protect,SunnyDay|Timid||M|||50|]Torkoal||Charcoal|Drought|Eruption,WeatherBall,HelpingHand,Protect|Quiet||F|||50|]Pyroar||Pyroarite|Unnerve|HeatWave,Overheat,SolarBeam,Protect|Timid||F|||50|]Farigiraf||ColburBerry|ArmorTail|TrickRoom,Protect,HelpingHand,Psychic|Quiet||F|||50|]Scrafty||Scraftinite|Intimidate|FakeOut,RockSlide,KnockOff,CloseCombat|Adamant||M|||50|]Basculegion||FocusSash|Adaptability|LastRespects,Liquidation,AquaJet,Protect|Adamant||M|||50|
|showteam|p2|Blaziken||Blazikenite|SpeedBoost|FlareBlitz,CloseCombat,RockSlide,Detect|Adamant||F|||50|]Tsareena||WideLens|QueenlyMajesty|PowerWhip,TripleAxel,LowKick,Taunt|Adamant||F|||50|]Talonflame|||GaleWings|Acrobatics,WillOWisp,Tailwind,Protect|Jolly||M|||50|]Ninetales-Alola||FocusSash|SnowWarning|Blizzard,FreezeDry,Encore,Protect|Timid||F|||50|]Basculegion||ChoiceScarf|Adaptability|WaveCrash,LastRespects,AquaJet,FlipTurn|Jolly||M|||50|]Gholdengo||LifeOrb|GoodasGold|ShadowBall,MakeItRain,PowerGem,Protect|Modest|||||50|
|inactive|Battle timer is ON: inactive players will automatically lose when time's up. (requested by ILoveMIR)
|inactive|pikatrod has 60 seconds left.
|inactive|ILoveMIR has 60 seconds left.
|inactive|ILoveMIR has 30 seconds left.
|inactive|ILoveMIR has 20 seconds left.
|inactive|ILoveMIR has 15 seconds left.
|inactive|ILoveMIR has 10 seconds left.
|inactive|ILoveMIR has 5 seconds left.
|
|t:|1783713442
|teamsize|p1|4
|teamsize|p2|4
|start
|switch|p1a: Whimsicott|Whimsicott, L50, M|100/100
|switch|p1b: Pyroar|Pyroar, L50, F|100/100
|switch|p2a: Gholdengo|Gholdengo, L50|100/100
|switch|p2b: Tsareena|Tsareena, L50, F|100/100
|-ability|p1b: Pyroar|Unnerve
|turn|1
|
|t:|1783713467
|detailschange|p1b: Pyroar|Pyroar-Mega, L50, F
|-mega|p1b: Pyroar|Pyroar|Pyroarite
|move|p2a: Gholdengo|Protect|p2a: Gholdengo
|-singleturn|p2a: Gholdengo|Protect
|move|p1b: Pyroar|Heat Wave|p2b: Tsareena|[spread] p2b
|-activate|p2a: Gholdengo|move: Protect
|-supereffective|p2b: Tsareena|1
|-damage|p2b: Tsareena|0 fnt
|faint|p2b: Tsareena
|move|p1a: Whimsicott|Moonblast|p2a: Gholdengo
|-activate|p2a: Gholdengo|move: Protect
|
|upkeep
|
|t:|1783713476
|switch|p2b: Talonflame|Talonflame, L50, M|100/100
|turn|2
|
|t:|1783713489
|move|p2b: Talonflame|Acrobatics|p1a: Whimsicott
|-supereffective|p1a: Whimsicott|1
|-damage|p1a: Whimsicott|0 fnt
|faint|p1a: Whimsicott
|move|p1b: Pyroar|Heat Wave|p2a: Gholdengo|[spread] 
|-miss|p1b: Pyroar|p2a: Gholdengo
|-miss|p1b: Pyroar|p2b: Talonflame
|move|p2a: Gholdengo|Power Gem|p1b: Pyroar
|-supereffective|p1b: Pyroar|1
|-damage|p1b: Pyroar|0 fnt
|faint|p1b: Pyroar
|-damage|p2a: Gholdengo|90/100|[from] item: Life Orb
|
|upkeep
|
|t:|1783713497
|switch|p1b: Torkoal|Torkoal, L50, F|100/100
|switch|p1a: Scrafty|Scrafty, L50, M|100/100
|-ability|p1a: Scrafty|Intimidate|boost
|-unboost|p2a: Gholdengo|atk|1
|-unboost|p2b: Talonflame|atk|1
|-weather|SunnyDay|[from] ability: Drought|[of] p1b: Torkoal
|turn|3
|inactive|ILoveMIR has 30 seconds left.
|
|t:|1783713528
|move|p1b: Torkoal|Protect|p1b: Torkoal
|-singleturn|p1b: Torkoal|Protect
|move|p2b: Talonflame|Will-O-Wisp|p1a: Scrafty
|-status|p1a: Scrafty|brn
|move|p2a: Gholdengo|Power Gem|p1b: Torkoal
|-activate|p1b: Torkoal|move: Protect
|move|p1a: Scrafty|Knock Off|p2a: Gholdengo
|-supereffective|p2a: Gholdengo|1
|-damage|p2a: Gholdengo|45/100
|-enditem|p2a: Gholdengo|Life Orb|[from] move: Knock Off|[of] p1a: Scrafty
|
|-weather|SunnyDay|[upkeep]
|-damage|p1a: Scrafty|94/100 brn|[from] brn
|upkeep
|turn|4
|
|t:|1783713546
|move|p2b: Talonflame|Acrobatics|p1b: Torkoal
|-damage|p1b: Torkoal|79/100
|move|p2a: Gholdengo|Power Gem|p1b: Torkoal
|-supereffective|p1b: Torkoal|1
|-damage|p1b: Torkoal|0 fnt
|faint|p1b: Torkoal
|move|p1a: Scrafty|Rock Slide|p2b: Talonflame|[spread] p2a
|-miss|p1a: Scrafty|p2b: Talonflame
|-resisted|p2a: Gholdengo|1
|-damage|p2a: Gholdengo|40/100
|
|-weather|SunnyDay|[upkeep]
|-damage|p1a: Scrafty|88/100 brn|[from] brn
|upkeep
|turn|5
|
|t:|1783713557
|move|p2b: Talonflame|Acrobatics|p1a: Scrafty
|-supereffective|p1a: Scrafty|1
|-damage|p1a: Scrafty|34/100 brn
|move|p2a: Gholdengo|Make It Rain|p1a: Scrafty
|-damage|p1a: Scrafty|0 fnt
|-unboost|p2a: Gholdengo|spa|2
|faint|p1a: Scrafty
|
|win|ILoveMIR
