|j|☆TizAr25
|j|☆lux raymundi
|html|TizAr25lux raymundi    
|uhtml|bestof|Game 2 of a best-of-3
|t:|1782689141
|gametype|doubles
|player|p1|TizAr25|blackbelt-gen4dp|1208
|player|p2|lux raymundi|169|1185
|gen|9
|tier|[Gen 9 Champions] VGC 2026 Reg M-B (Bo3)
|rated|
|rule|Species Clause: Limit one of each Pokémon
|rule|Item Clause: Limit 1 of each item
|clearpoke
|poke|p1|Sneasler, L50, F|
|poke|p1|Delphox, L50, M|
|poke|p1|Kingambit, L50, M|
|poke|p1|Sinistcha, L50|
|poke|p1|Incineroar, L50, F|
|poke|p1|Floette-Eternal, L50, F|
|poke|p2|Garchomp, L50, F|
|poke|p2|Sneasler, L50, M|
|poke|p2|Sinistcha, L50|
|poke|p2|Eelektross, L50, F|
|poke|p2|Delphox, L50, M|
|poke|p2|Basculegion, L50, M|
|teampreview|4
|showteam|p1|Sneasler||FocusSash|PoisonTouch|FakeOut,CloseCombat,DireClaw,QuickGuard|Jolly||F|||50|]Delphox||Delphoxite|Blaze|HeatWave,Psyshock,NastyPlot,Protect|Timid||M|||50|]Kingambit||BlackGlasses|Defiant|KowtowCleave,SuckerPunch,SwordsDance,Protect|Adamant||M|||50|]Sinistcha||KasibBerry|Hospitality|MatchaGotcha,RagePowder,TrickRoom,Protect|Bold|||||50|]Incineroar||SitrusBerry|Intimidate|FlareBlitz,FakeOut,PartingShot,ThroatChop|Careful||F|||50|]Floette-Eternal||Floettite|FlowerVeil|Moonblast,DazzlingGleam,CalmMind,Protect|Modest||F|||50|
|showteam|p2|Garchomp||LifeOrb|RoughSkin|Earthquake,RockTomb,DragonClaw,Protect|Jolly||F|||50|]Sneasler||FocusSash|Unburden|FakeOut,CloseCombat,DireClaw,Protect|Jolly||M|||50|]Sinistcha||SitrusBerry|Hospitality|MatchaGotcha,RagePowder,TrickRoom,Protect|Bold|||||50|]Eelektross||Eelektrossite|Levitate|Protect,Electroweb,Flamethrower,Thunderbolt|Timid||F|||50|]Delphox||Delphoxite|Blaze|NastyPlot,HeatWave,Psychic,Protect|Timid||M|||50|]Basculegion||ChoiceScarf|Adaptability|FlipTurn,AquaJet,WaveCrash,LastRespects|Jolly||M|||50|
|
|t:|1782689177
|teamsize|p1|4
|teamsize|p2|4
|start
|switch|p1a: Sneasler|Sneasler, L50, F|100/100
|switch|p1b: Floette|Floette-Eternal, L50, F|100/100
|switch|p2a: Sneasler|Sneasler, L50, M|100/100
|switch|p2b: Eelektross|Eelektross, L50, F|100/100
|turn|1
|inactive|Battle timer is ON: inactive players will automatically lose when time's up. (requested by TizAr25)
|
|t:|1782689207
|detailschange|p1b: Floette|Floette-Mega, L50, F
|-mega|p1b: Floette|Floette|Floettite
|-ability|p1b: Floette|Fairy Aura
|detailschange|p2b: Eelektross|Eelektross-Mega, L50, F
|-mega|p2b: Eelektross|Eelektross|Eelektrossite
|move|p1a: Sneasler|Fake Out|p2a: Sneasler
|-damage|p2a: Sneasler|75/100
|cant|p2a: Sneasler|flinch
|move|p1b: Floette|Moonblast|p2a: Sneasler
|-damage|p2a: Sneasler|0 fnt
|faint|p2a: Sneasler
|move|p2b: Eelektross|Electroweb|p1b: Floette|[spread] p1a,p1b
|-crit|p1b: Floette
|-damage|p1a: Sneasler|69/100
|-damage|p1b: Floette|75/100
|-unboost|p1a: Sneasler|spe|1
|-unboost|p1b: Floette|spe|1
|
|upkeep
|
|t:|1782689217
|switch|p2a: Basculegion|Basculegion, L50, M|100/100
|turn|2
|
|t:|1782689236
|switch|p1a: Incineroar|Incineroar, L50, F|100/100
|-ability|p1a: Incineroar|Intimidate|boost
|-unboost|p2a: Basculegion|atk|1
|-unboost|p2b: Eelektross|atk|1
|move|p1b: Floette|Protect|p1b: Floette
|-singleturn|p1b: Floette|Protect
|move|p2a: Basculegion|Flip Turn|p1a: Incineroar
|-supereffective|p1a: Incineroar|1
|-damage|p1a: Incineroar|53/100
|
|t:|1782689244
|switch|p2a: Garchomp|Garchomp, L50, F|100/100|[from] Flip Turn
|move|p2b: Eelektross|Thunderbolt|p1a: Incineroar
|-damage|p1a: Incineroar|9/100
|-enditem|p1a: Incineroar|Sitrus Berry|[eat]
|-heal|p1a: Incineroar|34/100|[from] item: Sitrus Berry
|
|upkeep
|turn|3
|
|t:|1782689262
|switch|p1a: Sinistcha|Sinistcha, L50|100/100
|-heal|p1b: Floette|100/100|[from] ability: Hospitality|[of] p1a: Sinistcha
|move|p2a: Garchomp|Protect|p2a: Garchomp
|-singleturn|p2a: Garchomp|Protect
|move|p2b: Eelektross|Thunderbolt|p1a: Sinistcha
|-resisted|p1a: Sinistcha|1
|-damage|p1a: Sinistcha|76/100
|move|p1b: Floette|Moonblast|p2a: Garchomp
|-activate|p2a: Garchomp|move: Protect
|
|upkeep
|turn|4
|
|t:|1782689277
|move|p2a: Garchomp|Earthquake|p1a: Sinistcha|[spread] p1a,p1b
|-immune|p2b: Eelektross|[from] ability: Levitate
|-resisted|p1a: Sinistcha|1
|-damage|p1a: Sinistcha|56/100
|-damage|p1b: Floette|41/100
|-damage|p2a: Garchomp|90/100|[from] item: Life Orb
|move|p2b: Eelektross|Flamethrower|p1a: Sinistcha
|-supereffective|p1a: Sinistcha|1
|-damage|p1a: Sinistcha|0 fnt
|faint|p1a: Sinistcha
|-ability|p2b: Eelektross|Eelevate|boost
|-boost|p2b: Eelektross|spa|1
|move|p1b: Floette|Calm Mind|p1b: Floette
|-boost|p1b: Floette|spa|1
|-boost|p1b: Floette|spd|1
|
|upkeep
|
|t:|1782689291
|switch|p1a: Incineroar|Incineroar, L50, F|34/100
|-ability|p1a: Incineroar|Intimidate|boost
|-unboost|p2a: Garchomp|atk|1
|-unboost|p2b: Eelektross|atk|1
|turn|5
|
|t:|1782689296
|switch|p2a: Basculegion|Basculegion, L50, M|100/100
|move|p2b: Eelektross|Protect|p2b: Eelektross
|-singleturn|p2b: Eelektross|Protect
|move|p1a: Incineroar|Fake Out|p2b: Eelektross
|-activate|p2b: Eelektross|move: Protect
|move|p1b: Floette|Dazzling Gleam|p2b: Eelektross|[spread] p2a
|-activate|p2b: Eelektross|move: Protect
|-damage|p2a: Basculegion|12/100
|
|upkeep
|turn|6
|
|t:|1782689312
|move|p2a: Basculegion|Flip Turn|p1a: Incineroar
|-supereffective|p1a: Incineroar|1
|-damage|p1a: Incineroar|0 fnt
|faint|p1a: Incineroar
|
|t:|1782689317
|switch|p2a: Garchomp|Garchomp, L50, F|90/100|[from] Flip Turn
|move|p2b: Eelektross|Flamethrower|p1b: Floette
|-damage|p1b: Floette|16/100
|-status|p1b: Floette|brn
|move|p1b: Floette|Moonblast|p2b: Eelektross
|-damage|p2b: Eelektross|0 fnt
|faint|p2b: Eelektross
|
|-damage|p1b: Floette|10/100 brn|[from] brn
|upkeep
|
|t:|1782689327
|switch|p2b: Basculegion|Basculegion, L50, M|12/100
|switch|p1a: Sneasler|Sneasler, L50, F|69/100
|turn|7
|inactive|lux raymundi has 30 seconds left.
|
|t:|1782689356
|move|p2a: Garchomp|Protect|p2a: Garchomp
|-singleturn|p2a: Garchomp|Protect
|move|p2b: Basculegion|Last Respects|p1a: Sneasler
|-damage|p1a: Sneasler|0 fnt
|faint|p1a: Sneasler
|move|p1b: Floette|Dazzling Gleam|p2b: Basculegion|[spread] p2b
|-activate|p2a: Garchomp|move: Protect
|-damage|p2b: Basculegion|0 fnt
|faint|p2b: Basculegion
|
|-damage|p1b: Floette|4/100 brn|[from] brn
|upkeep
|turn|8
|-message|TizAr25 forfeited.
|
|win|lux raymundi
|raw|TizAr25's rating: 1208 → 1181(-27 for losing)
|raw|lux raymundi's rating: 1185 → 1212(+27 for winning)
