|j|☆uscorp
|j|☆eviovulpix
|html|uscorpeviovulpix    
|uhtml|bestof|Game 1 of a best-of-3
|t:|1783461484
|gametype|doubles
|player|p1|uscorp|hiker-gen4|
|player|p2|eviovulpix|169|
|gen|9
|tier|[Gen 9 Champions] VGC 2026 Reg M-B (Bo3)
|rule|Species Clause: Limit one of each Pokémon
|rule|Item Clause: Limit 1 of each item
|clearpoke
|poke|p1|Blastoise, L50, M|
|poke|p1|Floette-Eternal, L50, F|
|poke|p1|Incineroar, L50, F|
|poke|p1|Sinistcha-Masterpiece, L50|
|poke|p1|Sneasler, L50, M|
|poke|p1|Kingambit, L50, M|
|poke|p2|Raichu, L50, M|
|poke|p2|Mawile, L50, F|
|poke|p2|Sinistcha, L50|
|poke|p2|Ceruledge, L50, M|
|poke|p2|Milotic, L50, M|
|poke|p2|Incineroar, L50, M|
|teampreview|4
|showteam|p1|Blastoise||Blastoisinite|RainDish|ShellSmash,DarkPulse,WaterSpout,Protect|Timid||M|||50|]Floette-Eternal||Floettite|FlowerVeil|DrainingKiss,DazzlingGleam,CalmMind,Protect|Modest||F|||50|]Incineroar||SitrusBerry|Intimidate|FlareBlitz,PartingShot,HelpingHand,FakeOut|Impish||F|||50|]Sinistcha-Masterpiece||OccaBerry|Hospitality|TrickRoom,MatchaGotcha,RagePowder,Protect|Bold|||||50|]Sneasler||FocusSash|PoisonTouch|PoisonJab,CloseCombat,Coaching,FakeOut|Jolly||M|||50|]Kingambit||BlackGlasses|Defiant|SuckerPunch,KowtowCleave,SwordsDance,Protect|Adamant||M|||50|
|showteam|p2|Raichu||RaichuniteY|LightningRod|ZapCannon,FocusBlast,FakeOut,Protect|Timid||M|||50|]Mawile||Mawilite|HyperCutter|PlayRough,SuckerPunch,SwordsDance,Protect|Adamant||F|||50|]Sinistcha||KasibBerry|Hospitality|MatchaGotcha,LifeDew,RagePowder,Protect|Bold|||||50|]Ceruledge||ColburBerry|FlashFire|BitterBlade,ShadowSneak,BulkUp,Protect|Adamant||M|||50|]Milotic||Leftovers|Competitive|MuddyWater,Coil,Hypnosis,Protect|Calm||M|||50|]Incineroar||SitrusBerry|Intimidate|FlareBlitz,ThroatChop,FakeOut,PartingShot|Impish||M|||50|
|j| exessvgc
|c|☆eviovulpix|MAUAIL
|
|t:|1783461542
|teamsize|p1|4
|teamsize|p2|4
|start
|switch|p1a: Alastor|Sneasler, L50, M|100/100
|switch|p1b: Il DUCE|Kingambit, L50, M|100/100
|switch|p2a: Sinistcha|Sinistcha, L50|100/100
|switch|p2b: Raichu|Raichu, L50, M|100/100
|turn|1
|c|☆eviovulpix|floette mi fa paura
|l| exessvgc
|j| exessvgc
|
|t:|1783461584
|switch|p1b: Ylenia|Sinistcha-Masterpiece, L50|100/100
|detailschange|p2b: Raichu|Raichu-Mega-Y, L50, M
|-mega|p2b: Raichu|Raichu|Raichunite Y
|move|p2b: Raichu|Fake Out|p1b: Ylenia
|-immune|p1b: Ylenia
|move|p1a: Alastor|Poison Jab|p2b: Raichu
|-damage|p2b: Raichu|35/100
|move|p2a: Sinistcha|Matcha Gotcha|p1a: Alastor|[spread] p1a,p1b
|-resisted|p1a: Alastor|1
|-crit|p1a: Alastor
|-resisted|p1b: Ylenia|1
|-damage|p1a: Alastor|76/100
|-damage|p1b: Ylenia|87/100
|
|upkeep
|turn|2
|l| exessvgc
|j| exessvgc
|l| exessvgc
|j| exessvgc
|
|t:|1783461636
|switch|p2b: Ceruledge|Ceruledge, L50, M|100/100
|switch|p1b: Il DUCE|Kingambit, L50, M|100/100
|move|p1a: Alastor|Coaching|p1b: Il DUCE
|-boost|p1b: Il DUCE|atk|1
|-boost|p1b: Il DUCE|def|1
|move|p2a: Sinistcha|Matcha Gotcha|p1a: Alastor|[spread] p1a,p1b
|-resisted|p1a: Alastor|1
|-resisted|p1b: Il DUCE|1
|-damage|p1a: Alastor|60/100
|-damage|p1b: Il DUCE|86/100
|
|upkeep
|turn|3
|l| exessvgc
|
|t:|1783461675
|switch|p1a: Ylenia|Sinistcha-Masterpiece, L50|87/100
|-heal|p1b: Il DUCE|100/100|[from] ability: Hospitality|[of] p1a: Ylenia
|move|p2b: Ceruledge|Bitter Blade|p1b: Il DUCE
|-supereffective|p1b: Il DUCE|1
|-damage|p1b: Il DUCE|46/100
|move|p2a: Sinistcha|Matcha Gotcha|p1a: Ylenia|[spread] p1a
|-miss|p2a: Sinistcha|p1b: Il DUCE
|-resisted|p1a: Ylenia|1
|-damage|p1a: Ylenia|74/100
|move|p1b: Il DUCE|Kowtow Cleave|p2a: Sinistcha
|-supereffective|p2a: Sinistcha|1
|-damage|p2a: Sinistcha|0 fnt
|faint|p2a: Sinistcha
|
|upkeep
|j| exessvgc
|
|t:|1783461691
|switch|p2a: Raichu|Raichu-Mega-Y, L50, M|35/100
|turn|4
|
|t:|1783461709
|switch|p1a: Arthas|Incineroar, L50, F|100/100
|-ability|p1a: Arthas|Intimidate|boost
|-unboost|p2a: Raichu|atk|1
|-unboost|p2b: Ceruledge|atk|1
|move|p1b: Il DUCE|Protect|p1b: Il DUCE
|-singleturn|p1b: Il DUCE|Protect
|move|p2a: Raichu|Fake Out|p1b: Il DUCE
|-activate|p1b: Il DUCE|move: Protect
|move|p2b: Ceruledge|Bulk Up|p2b: Ceruledge
|-boost|p2b: Ceruledge|atk|1
|-boost|p2b: Ceruledge|def|1
|
|upkeep
|turn|5
|
|t:|1783461732
|switch|p2a: Milotic|Milotic, L50, M|100/100
|switch|p1a: Ylenia|Sinistcha-Masterpiece, L50|74/100
|-heal|p1b: Il DUCE|71/100|[from] ability: Hospitality|[of] p1a: Ylenia
|move|p1b: Il DUCE|Sucker Punch||[still]
|-fail|p1b: Il DUCE
|move|p2b: Ceruledge|Bitter Blade|p1b: Il DUCE
|-supereffective|p1b: Il DUCE|1
|-damage|p1b: Il DUCE|25/100
|
|upkeep
|turn|6
|l| exessvgc
|j| exessvgc
|
|t:|1783461757
|move|p1a: Ylenia|Rage Powder|p1a: Ylenia
|-singleturn|p1a: Ylenia|move: Rage Powder
|move|p2b: Ceruledge|Bulk Up|p2b: Ceruledge
|-boost|p2b: Ceruledge|atk|1
|-boost|p2b: Ceruledge|def|1
|move|p2a: Milotic|Coil|p2a: Milotic
|-boost|p2a: Milotic|atk|1
|-boost|p2a: Milotic|def|1
|-boost|p2a: Milotic|accuracy|1
|move|p1b: Il DUCE|Swords Dance|p1b: Il DUCE
|-boost|p1b: Il DUCE|atk|2
|
|upkeep
|turn|7
|
|t:|1783461771
|move|p2b: Ceruledge|Protect|p2b: Ceruledge
|-singleturn|p2b: Ceruledge|Protect
|move|p1b: Il DUCE|Protect|p1b: Il DUCE
|-singleturn|p1b: Il DUCE|Protect
|move|p2a: Milotic|Hypnosis|p1b: Il DUCE
|-activate|p1b: Il DUCE|move: Protect
|move|p1a: Ylenia|Trick Room|p1a: Ylenia
|-fieldstart|move: Trick Room|[of] p1a: Ylenia
|
|upkeep
|turn|8
|
|t:|1783461790
|move|p1a: Ylenia|Rage Powder|p1a: Ylenia
|-singleturn|p1a: Ylenia|move: Rage Powder
|move|p2b: Ceruledge|Shadow Sneak|p1a: Ylenia
|-supereffective|p1a: Ylenia|1
|-damage|p1a: Ylenia|22/100
|move|p1b: Il DUCE|Kowtow Cleave|p2b: Ceruledge
|-supereffective|p2b: Ceruledge|1
|-enditem|p2b: Ceruledge|Colbur Berry|[eat]
|-enditem|p2b: Ceruledge|Colbur Berry|[weaken]
|-damage|p2b: Ceruledge|20/100y
|move|p2a: Milotic|Hypnosis|p1a: Ylenia
|-status|p1a: Ylenia|slp|[from] move: Hypnosis
|
|upkeep
|turn|9
|
|t:|1783461810
|switch|p1a: Arthas|Incineroar, L50, F|100/100
|-ability|p1a: Arthas|Intimidate|boost
|-unboost|p2a: Milotic|atk|1
|-ability|p2a: Milotic|Competitive|boost
|-boost|p2a: Milotic|spa|2
|-unboost|p2b: Ceruledge|atk|1
|move|p1b: Il DUCE|Protect|p1b: Il DUCE
|-singleturn|p1b: Il DUCE|Protect
|move|p2a: Milotic|Hypnosis|p1b: Il DUCE
|-activate|p1b: Il DUCE|move: Protect
|move|p2b: Ceruledge|Bulk Up|p2b: Ceruledge
|-boost|p2b: Ceruledge|atk|1
|-boost|p2b: Ceruledge|def|1
|
|upkeep
|turn|10
|l| exessvgc
|
|t:|1783461830
|move|p1a: Arthas|Helping Hand|p1b: Il DUCE
|-singleturn|p1b: Il DUCE|Helping Hand|[of] p1a: Arthas
|move|p2b: Ceruledge|Protect|p2b: Ceruledge
|-singleturn|p2b: Ceruledge|Protect
|move|p1b: Il DUCE|Kowtow Cleave|p2a: Milotic
|-damage|p2a: Milotic|0 fnt
|faint|p2a: Milotic
|
|upkeep
|j| exessvgc
|
|t:|1783461837
|switch|p2a: Raichu|Raichu-Mega-Y, L50, M|35/100
|turn|11
|
|t:|1783461851
|switch|p1a: Ylenia|Sinistcha-Masterpiece, L50|22/100 slp
|-heal|p1b: Il DUCE|49/100|[from] ability: Hospitality|[of] p1a: Ylenia
|move|p1b: Il DUCE|Protect|p1b: Il DUCE
|-singleturn|p1b: Il DUCE|Protect
|move|p2b: Ceruledge|Bitter Blade|p1a: Ylenia
|-supereffective|p1a: Ylenia|1
|-enditem|p1a: Ylenia|Occa Berry|[eat]
|-enditem|p1a: Ylenia|Occa Berry|[weaken]
|-damage|p1a: Ylenia|0 fnt
|-heal|p2b: Ceruledge|31/100|[from] drain|[of] p1a: Ylenia
|faint|p1a: Ylenia
|move|p2a: Raichu|Focus Blast|p1b: Il DUCE
|-activate|p1b: Il DUCE|move: Protect
|
|-fieldend|move: Trick Room
|upkeep
|
|t:|1783461865
|switch|p1a: Alastor|Sneasler, L50, M|60/100
|turn|12
|
|t:|1783461874
|move|p2a: Raichu|Protect|p2a: Raichu
|-singleturn|p2a: Raichu|Protect
|move|p2b: Ceruledge|Protect|p2b: Ceruledge
|-singleturn|p2b: Ceruledge|Protect
|move|p1b: Il DUCE|Sucker Punch||[still]
|-fail|p1b: Il DUCE
|move|p1a: Alastor|Close Combat|p2a: Raichu
|-activate|p2a: Raichu|move: Protect
|
|upkeep
|turn|13
|
|t:|1783461892
|move|p2a: Raichu|Protect|p2a: Raichu
|-singleturn|p2a: Raichu|Protect
|move|p2b: Ceruledge|Shadow Sneak|p1a: Alastor
|-damage|p1a: Alastor|9/100
|move|p1b: Il DUCE|Sucker Punch||[still]
|-fail|p1b: Il DUCE
|move|p1a: Alastor|Poison Jab|p2b: Ceruledge
|-resisted|p2b: Ceruledge|1
|-damage|p2b: Ceruledge|23/100
|
|upkeep
|turn|14
|
|t:|1783461906
|switch|p1a: Arthas|Incineroar, L50, F|100/100
|-ability|p1a: Arthas|Intimidate|boost
|-unboost|p2a: Raichu|atk|1
|-unboost|p2b: Ceruledge|atk|1
|move|p2a: Raichu|Protect||[still]
|-fail|p2a: Raichu
|move|p1b: Il DUCE|Sucker Punch||[still]
|-fail|p1b: Il DUCE
|move|p2b: Ceruledge|Bitter Blade|p1b: Il DUCE
|-supereffective|p1b: Il DUCE|1
|-damage|p1b: Il DUCE|5/100
|-heal|p2b: Ceruledge|48/100|[from] drain|[of] p1b: Il DUCE
|
|upkeep
|turn|15
|l| exessvgc
|j| exessvgc
|
|t:|1783461932
|move|p2a: Raichu|Protect|p2a: Raichu
|-singleturn|p2a: Raichu|Protect
|move|p2b: Ceruledge|Shadow Sneak|p1b: Il DUCE
|-resisted|p1b: Il DUCE|1
|-damage|p1b: Il DUCE|0 fnt
|faint|p1b: Il DUCE
|move|p1a: Arthas|Flare Blitz|p2a: Raichu
|-activate|p2a: Raichu|move: Protect
|
|upkeep
|
|t:|1783461940
|switch|p1b: Alastor|Sneasler, L50, M|9/100
|turn|16
|
|t:|1783461954
|move|p2a: Raichu|Protect||[still]
|-fail|p2a: Raichu
|move|p2b: Ceruledge|Shadow Sneak|p1b: Alastor
|-damage|p1b: Alastor|0 fnt
|faint|p1b: Alastor
|move|p1a: Arthas|Flare Blitz|p2a: Raichu
|-damage|p2a: Raichu|0 fnt
|faint|p2a: Raichu
|-damage|p1a: Arthas|90/100|[from] Recoil
|
|upkeep
|turn|17
|
|t:|1783461967
|move|p2b: Ceruledge|Bulk Up|p2b: Ceruledge
|-boost|p2b: Ceruledge|atk|1
|-boost|p2b: Ceruledge|def|1
|move|p1a: Arthas|Parting Shot|p2b: Ceruledge
|-unboost|p2b: Ceruledge|atk|1
|-unboost|p2b: Ceruledge|spa|1
|
|upkeep
|turn|18
|
|t:|1783461977
|move|p2b: Ceruledge|Bulk Up|p2b: Ceruledge
|-boost|p2b: Ceruledge|atk|1
|-boost|p2b: Ceruledge|def|1
|move|p1a: Arthas|Parting Shot|p2b: Ceruledge
|-unboost|p2b: Ceruledge|atk|1
|-unboost|p2b: Ceruledge|spa|1
|
|upkeep
|turn|19
|
|t:|1783461984
|move|p2b: Ceruledge|Bulk Up|p2b: Ceruledge
|-boost|p2b: Ceruledge|atk|1
|-boost|p2b: Ceruledge|def|1
|move|p1a: Arthas|Parting Shot|p2b: Ceruledge
|-unboost|p2b: Ceruledge|atk|1
|-unboost|p2b: Ceruledge|spa|1
|
|upkeep
|turn|20
|
|t:|1783461991
|move|p2b: Ceruledge|Bulk Up|p2b: Ceruledge
|-boost|p2b: Ceruledge|atk|1
|-boost|p2b: Ceruledge|def|0
|move|p1a: Arthas|Parting Shot|p2b: Ceruledge
|-unboost|p2b: Ceruledge|atk|1
|-unboost|p2b: Ceruledge|spa|1
|
|upkeep
|turn|21
|
|t:|1783462001
|move|p1a: Arthas|Helping Hand|p1: Alastor|[notarget]
|-fail|p1a: Arthas
|move|p2b: Ceruledge|Protect||[still]
|-fail|p2b: Ceruledge
|
|upkeep
|turn|22
|
|t:|1783462006
|move|p1a: Arthas|Helping Hand|p1: Alastor|[notarget]
|-fail|p1a: Arthas
|move|p2b: Ceruledge|Bulk Up|p2b: Ceruledge
|-boost|p2b: Ceruledge|atk|1
|-boost|p2b: Ceruledge|def|0
|
|upkeep
|turn|23
|
|t:|1783462013
|move|p2b: Ceruledge|Bitter Blade|p1a: Arthas
|-resisted|p1a: Arthas|1
|-damage|p1a: Arthas|65/100
|-heal|p2b: Ceruledge|62/100|[from] drain|[of] p1a: Arthas
|move|p1a: Arthas|Parting Shot|p2b: Ceruledge
|-unboost|p2b: Ceruledge|atk|1
|-unboost|p2b: Ceruledge|spa|1
|
|upkeep
|turn|24
|
|t:|1783462024
|move|p2b: Ceruledge|Bulk Up|p2b: Ceruledge
|-boost|p2b: Ceruledge|atk|1
|-boost|p2b: Ceruledge|def|0
|move|p1a: Arthas|Parting Shot|p2b: Ceruledge
|-unboost|p2b: Ceruledge|atk|1
|-unboost|p2b: Ceruledge|spa|1
|
|upkeep
|turn|25
|inactive|Battle timer is ON: inactive players will automatically lose when time's up. (requested by uscorp)
|
|t:|1783462035
|move|p2b: Ceruledge|Bulk Up|p2b: Ceruledge
|-boost|p2b: Ceruledge|atk|1
|-boost|p2b: Ceruledge|def|0
|move|p1a: Arthas|Parting Shot|p2b: Ceruledge
|-unboost|p2b: Ceruledge|atk|1
|-unboost|p2b: Ceruledge|spa|0
|
|upkeep
|turn|26
|
|t:|1783462043
|move|p1a: Arthas|Helping Hand|p1: Alastor|[notarget]
|-fail|p1a: Arthas
|move|p2b: Ceruledge|Bulk Up|p2b: Ceruledge
|-boost|p2b: Ceruledge|atk|1
|-boost|p2b: Ceruledge|def|0
|
|upkeep
|turn|27
|
|t:|1783462050
|move|p2b: Ceruledge|Protect|p2b: Ceruledge
|-singleturn|p2b: Ceruledge|Protect
|move|p1a: Arthas|Parting Shot|p2b: Ceruledge
|-activate|p2b: Ceruledge|move: Protect
|
|upkeep
|turn|28
|
|t:|1783462064
|move|p2b: Ceruledge|Bulk Up|p2b: Ceruledge
|-boost|p2b: Ceruledge|atk|1
|-boost|p2b: Ceruledge|def|0
|move|p1a: Arthas|Parting Shot|p2b: Ceruledge
|-unboost|p2b: Ceruledge|atk|1
|-unboost|p2b: Ceruledge|spa|0
|
|upkeep
|turn|29
|
|t:|1783462071
|move|p1a: Arthas|Helping Hand|p1: Alastor|[notarget]
|-fail|p1a: Arthas
|move|p2b: Ceruledge|Bulk Up|p2b: Ceruledge
|-boost|p2b: Ceruledge|atk|1
|-boost|p2b: Ceruledge|def|0
|
|upkeep
|turn|30
|
|t:|1783462079
|move|p2b: Ceruledge|Protect|p2b: Ceruledge
|-singleturn|p2b: Ceruledge|Protect
|move|p1a: Arthas|Parting Shot|p2b: Ceruledge
|-activate|p2b: Ceruledge|move: Protect
|
|upkeep
|turn|31
|
|t:|1783462086
|move|p2b: Ceruledge|Bitter Blade|p1a: Arthas
|-resisted|p1a: Arthas|1
|-damage|p1a: Arthas|31/100
|-heal|p2b: Ceruledge|82/100|[from] drain|[of] p1a: Arthas
|-enditem|p1a: Arthas|Sitrus Berry|[eat]
|-heal|p1a: Arthas|55/100|[from] item: Sitrus Berry
|move|p1a: Arthas|Parting Shot|p2b: Ceruledge
|-unboost|p2b: Ceruledge|atk|1
|-unboost|p2b: Ceruledge|spa|0
|
|upkeep
|turn|32
|
|t:|1783462096
|move|p2b: Ceruledge|Bitter Blade|p1a: Arthas
|-resisted|p1a: Arthas|1
|-damage|p1a: Arthas|29/100
|-heal|p2b: Ceruledge|97/100|[from] drain|[of] p1a: Arthas
|move|p1a: Arthas|Parting Shot|p2b: Ceruledge
|-unboost|p2b: Ceruledge|atk|1
|-unboost|p2b: Ceruledge|spa|0
|
|upkeep
|turn|33
|
|t:|1783462105
|move|p2b: Ceruledge|Bitter Blade|p1a: Arthas
|-resisted|p1a: Arthas|1
|-damage|p1a: Arthas|11/100
|-heal|p2b: Ceruledge|100/100|[from] drain|[of] p1a: Arthas
|move|p1a: Arthas|Parting Shot|p2b: Ceruledge
|-unboost|p2b: Ceruledge|atk|1
|-unboost|p2b: Ceruledge|spa|0
|
|upkeep
|turn|34
|
|t:|1783462114
|move|p2b: Ceruledge|Shadow Sneak|p1a: Arthas
|-resisted|p1a: Arthas|1
|-damage|p1a: Arthas|6/100
|move|p1a: Arthas|Parting Shot|p2b: Ceruledge
|-unboost|p2b: Ceruledge|atk|1
|-unboost|p2b: Ceruledge|spa|0
|
|upkeep
|turn|35
|
|t:|1783462121
|move|p2b: Ceruledge|Shadow Sneak|p1a: Arthas
|-resisted|p1a: Arthas|1
|-damage|p1a: Arthas|2/100
|move|p1a: Arthas|Parting Shot|p2b: Ceruledge
|-unboost|p2b: Ceruledge|atk|1
|-unboost|p2b: Ceruledge|spa|0
|
|upkeep
|turn|36
|
|t:|1783462130
|move|p2b: Ceruledge|Bulk Up|p2b: Ceruledge
|-boost|p2b: Ceruledge|atk|1
|-boost|p2b: Ceruledge|def|0
|move|p1a: Arthas|Parting Shot|p2b: Ceruledge
|-unboost|p2b: Ceruledge|atk|1
|-unboost|p2b: Ceruledge|spa|0
|
|upkeep
|turn|37
|
|t:|1783462138
|move|p2b: Ceruledge|Shadow Sneak|p1a: Arthas
|-resisted|p1a: Arthas|1
|-damage|p1a: Arthas|0 fnt
|faint|p1a: Arthas
|
|win|eviovulpix
||uscorp is ready for game 2.
||eviovulpix is ready for game 2.
|uhtml|next|Next: Game 2 of 3
|l| exessvgc
|j| exessvgc
|l| exessvgc
