|j|☆goldenchimchar
|j|‽Guy #753
|html|goldenchimcharGuy #753    
|uhtml|bestof|Game 2 of a best-of-3
|t:|1756429943
|gametype|doubles
|player|p1|goldenchimchar|hilbert|1072
|player|p2|Guy #753|170|1069
|gen|9
|tier|[Gen 9] VGC 2025 Reg H (Bo3)
|rated|
|rule|Species Clause: Limit one of each Pokémon
|rule|Item Clause: Limit 1 of each item
|clearpoke
|poke|p1|Rillaboom, L50, F|
|poke|p1|Dragonite, L50, F|
|poke|p1|Kingambit, L50, M|
|poke|p1|Volcarona, L50, F|
|poke|p1|Sneasler, L50, M|
|poke|p1|Incineroar, L50, M|
|poke|p2|Sneasler, L50, F|
|poke|p2|Indeedee, L50, M|
|poke|p2|Volcarona, L50, M|
|poke|p2|Ursaluna-Bloodmoon, L50, M|
|poke|p2|Annihilape, L50, F|
|poke|p2|Tyranitar, L50, M|
|teampreview|4
|showteam|p1|Rillaboom||AssaultVest|GrassySurge|GrassyGlide,FakeOut,WoodHammer,Uturn|||F|||50|,,,,,Fire]Dragonite||LoadedDice|Multiscale|ScaleShot,Protect,Haze,ExtremeSpeed|||F|||50|,,,,,Fairy]Kingambit||BlackGlasses|Defiant|SuckerPunch,KowtowCleave,Protect,SwordsDance|||M|||50|,,,,,Ghost]Volcarona||CovertCloak|FlameBody|HeatWave,StruggleBug,RagePowder,Tailwind|||F|||50|,,,,,Fairy]Sneasler||GrassySeed|Unburden|CloseCombat,DireClaw,Protect,ThroatChop|||M|||50|,,,,,Dark]Incineroar||SafetyGoggles|Intimidate|FakeOut,FlareBlitz,KnockOff,PartingShot|||M|||50|,,,,,Ghost
|showteam|p2|Sneasler||PsychicSeed|Unburden|CloseCombat,DireClaw,ThroatChop,Protect|||F|||50|,,,,,Dark]Indeedee||ChoiceScarf|PsychicSurge|ExpandingForce,TeraBlast,Trick,Protect|||M|||50|,,,,,Psychic]Volcarona||SitrusBerry|FlameBody|Overheat,StruggleBug,RagePowder,Tailwind|||M|||50|,,,,,Grass]Ursaluna-Bloodmoon||LifeOrb|MindsEye|BloodMoon,HyperVoice,EarthPower,Protect|||M|||50|,,,,,Normal]Annihilape||SafetyGoggles|Defiant|CloseCombat,RageFist,Taunt,FinalGambit|||F|||50|,,,,,Fairy]Tyranitar||AssaultVest|SandStream|RockSlide,KnockOff,TeraBlast,LowKick|||M|||50|,,,,,Flying
|
|t:|1756429986
|teamsize|p1|4
|teamsize|p2|4
|start
|switch|p1a: Volcarona|Volcarona, L50, F|100/100
|switch|p1b: Kingambit|Kingambit, L50, M|100/100
|switch|p2a: Sneasler|Sneasler, L50, F|100/100
|switch|p2b: Indeedee|Indeedee, L50, M|100/100
|-fieldstart|move: Psychic Terrain|[from] ability: Psychic Surge|[of] p2b: Indeedee
|-enditem|p2a: Sneasler|Psychic Seed
|-boost|p2a: Sneasler|spd|1|[from] item: Psychic Seed
|turn|1
|
|t:|1756430020
|move|p2a: Sneasler|Protect|p2a: Sneasler
|-singleturn|p2a: Sneasler|Protect
|move|p1b: Kingambit|Protect|p1b: Kingambit
|-singleturn|p1b: Kingambit|Protect
|move|p2b: Indeedee|Trick|p1a: Volcarona
|-activate|p2b: Indeedee|move: Trick|[of] p1a: Volcarona
|-item|p1a: Volcarona|Choice Scarf|[from] move: Trick
|-item|p2b: Indeedee|Covert Cloak|[from] move: Trick
|move|p1a: Volcarona|Heat Wave|p2a: Sneasler|[spread] p2b
|-activate|p2a: Sneasler|move: Protect
|-damage|p2b: Indeedee|54/100
|
|upkeep
|turn|2
|
|t:|1756430079
|switch|p1b: Incineroar|Incineroar, L50, M|100/100
|-ability|p1b: Incineroar|Intimidate|boost
|-unboost|p2a: Sneasler|atk|1
|-unboost|p2b: Indeedee|atk|1
|move|p2b: Indeedee|Protect|p2b: Indeedee
|-singleturn|p2b: Indeedee|Protect
|move|p2a: Sneasler|Close Combat|p1b: Incineroar
|-supereffective|p1b: Incineroar
|-damage|p1b: Incineroar|12/100
|-unboost|p2a: Sneasler|def|1
|-unboost|p2a: Sneasler|spd|1
|move|p1a: Volcarona|Heat Wave|p2a: Sneasler|[spread] p2a
|-activate|p2b: Indeedee|move: Protect
|-damage|p2a: Sneasler|54/100
|
|upkeep
|turn|3
|
|t:|1756430125
|switch|p2b: Tyranitar|Tyranitar, L50, M|100/100
|-weather|Sandstorm|[from] ability: Sand Stream|[of] p2b: Tyranitar
|switch|p1b: Dragonite|Dragonite, L50, F|100/100
|move|p2a: Sneasler|Dire Claw|p1b: Dragonite
|-damage|p1b: Dragonite|83/100
|move|p1a: Volcarona|Heat Wave|p2b: Tyranitar|[spread] p2a,p2b
|-resisted|p2b: Tyranitar
|-damage|p2a: Sneasler|1/100
|-damage|p2b: Tyranitar|93/100
|
|-weather|Sandstorm|[upkeep]
|-damage|p2a: Sneasler|0 fnt|[from] Sandstorm
|-damage|p1a: Volcarona|94/100|[from] Sandstorm
|-damage|p1b: Dragonite|77/100|[from] Sandstorm
|faint|p2a: Sneasler
|upkeep
|
|t:|1756430148
|switch|p2a: Volcarona|Volcarona, L50, M|100/100
|turn|4
|
|t:|1756430207
|switch|p1a: Incineroar|Incineroar, L50, M|12/100
|-ability|p1a: Incineroar|Intimidate|boost
|-unboost|p2a: Volcarona|atk|1
|-unboost|p2b: Tyranitar|atk|1
|-terastallize|p1b: Dragonite|Fairy
|move|p2a: Volcarona|Tailwind|p2a: Volcarona
|-sidestart|p2: Guy #753|move: Tailwind
|move|p2b: Tyranitar|Rock Slide|p1b: Dragonite|[spread] p1a
|-miss|p2b: Tyranitar|p1b: Dragonite
|-supereffective|p1a: Incineroar
|-damage|p1a: Incineroar|0 fnt
|faint|p1a: Incineroar
|move|p1b: Dragonite|Scale Shot|p2a: Volcarona
|-damage|p2a: Volcarona|82/100
|-damage|p2a: Volcarona|62/100
|-damage|p2a: Volcarona|42/100
|-enditem|p2a: Volcarona|Sitrus Berry|[eat]
|-heal|p2a: Volcarona|67/100|[from] item: Sitrus Berry
|-damage|p2a: Volcarona|50/100
|-damage|p2a: Volcarona|31/100
|-hitcount|p2a: Volcarona|5
|-unboost|p1b: Dragonite|def|1
|-boost|p1b: Dragonite|spe|1
|
|-weather|Sandstorm|[upkeep]
|-damage|p2a: Volcarona|25/100|[from] Sandstorm
|-damage|p1b: Dragonite|71/100|[from] Sandstorm
|upkeep
|
|t:|1756430229
|switch|p1a: Volcarona|Volcarona, L50, F|94/100
|turn|5
|
|t:|1756430282
|switch|p1a: Kingambit|Kingambit, L50, M|100/100
|move|p1b: Dragonite|Protect|p1b: Dragonite
|-singleturn|p1b: Dragonite|Protect
|move|p2a: Volcarona|Rage Powder|p2a: Volcarona
|-singleturn|p2a: Volcarona|move: Rage Powder
|move|p2b: Tyranitar|Rock Slide|p1a: Kingambit|[spread] p1a
|-activate|p1b: Dragonite|move: Protect
|-resisted|p1a: Kingambit
|-damage|p1a: Kingambit|93/100
|
|-weather|Sandstorm|[upkeep]
|-damage|p2a: Volcarona|19/100|[from] Sandstorm
|-damage|p1b: Dragonite|65/100|[from] Sandstorm
|-fieldend|move: Psychic Terrain
|upkeep
|turn|6
|
|t:|1756430348
|move|p2a: Volcarona|Overheat|p1a: Kingambit|[miss]
|-miss|p2a: Volcarona|p1a: Kingambit
|move|p2b: Tyranitar|Rock Slide|p1a: Kingambit|[spread] p1a,p1b
|-resisted|p1a: Kingambit
|-crit|p1b: Dragonite
|-damage|p1a: Kingambit|85/100
|-damage|p1b: Dragonite|0 fnt
|faint|p1b: Dragonite
|move|p1a: Kingambit|Kowtow Cleave|p2b: Tyranitar
|-resisted|p2b: Tyranitar
|-damage|p2b: Tyranitar|67/100
|
|-weather|Sandstorm|[upkeep]
|-damage|p2a: Volcarona|13/100|[from] Sandstorm
|upkeep
|
|t:|1756430358
|switch|p1b: Volcarona|Volcarona, L50, F|94/100
|turn|7
|
|t:|1756430387
|move|p1a: Kingambit|Sucker Punch|p2a: Volcarona
|-damage|p2a: Volcarona|0 fnt
|-status|p1a: Kingambit|brn|[from] ability: Flame Body|[of] p2a: Volcarona
|faint|p2a: Volcarona
|move|p2b: Tyranitar|Low Kick|p1a: Kingambit
|-supereffective|p1a: Kingambit
|-crit|p1a: Kingambit
|-damage|p1a: Kingambit|0 fnt
|faint|p1a: Kingambit
|move|p1b: Volcarona|Struggle Bug|p2b: Tyranitar
|-supereffective|p2b: Tyranitar
|-damage|p2b: Tyranitar|45/100
|-unboost|p2b: Tyranitar|spa|1
|
|-weather|none
|-sideend|p2: Guy #753|move: Tailwind
|upkeep
|
|t:|1756430402
|switch|p2a: Indeedee|Indeedee, L50, M|54/100
|-fieldstart|move: Psychic Terrain|[from] ability: Psychic Surge|[of] p2a: Indeedee
|turn|8
|-message|goldenchimchar forfeited.
|
|win|Guy #753
|l|☆goldenchimchar
|player|p1|
||goldenchimchar is ready for game 3.
|l|‽Guy #753
|player|p2|
|j|☆goldenchimchar
|player|p1|goldenchimchar|hilbert|
|inactive|Guy #753 has 30 seconds to confirm battle start!
