|j|☆raksbach
|j|☆etherealolpes
|html|raksbachetherealolpes    
|uhtml|bestof|Game 1 of a best-of-3
|t:|1783422089
|gametype|doubles
|player|p1|raksbach|265|1120
|player|p2|etherealolpes|marlon|1118
|gen|9
|tier|[Gen 9 Champions] VGC 2026 Reg M-B (Bo3)
|rated|
|rule|Species Clause: Limit one of each Pokémon
|rule|Item Clause: Limit 1 of each item
|clearpoke
|poke|p1|Incineroar, L50, F|
|poke|p1|Maushold, L50|
|poke|p1|Sinistcha, L50|
|poke|p1|Sneasler, L50, F|
|poke|p1|Blastoise, L50, M|
|poke|p1|Delphox, L50, F|
|poke|p2|Staraptor, L50, F|
|poke|p2|Whimsicott, L50, F|
|poke|p2|Basculegion, L50, M|
|poke|p2|Mawile, L50, F|
|poke|p2|Rotom-Heat, L50|
|poke|p2|Kingambit, L50, M|
|teampreview|4
|showteam|p1|Incineroar||SitrusBerry|Intimidate|FakeOut,FlareBlitz,DarkestLariat,PartingShot|Impish||F|||50|]Maushold||ChopleBerry|FriendGuard|SuperFang,FollowMe,Protect,Feint|Impish|||||50|]Sinistcha||OccaBerry|Hospitality|MatchaGotcha,LifeDew,RagePowder,Protect|Bold|||||50|]Sneasler||FocusSash|PoisonTouch|FakeOut,CloseCombat,DireClaw,QuickGuard|Jolly||F|||50|]Blastoise||Blastoisinite|Torrent|WaterSpout,DarkPulse,ShellSmash,Protect|Modest||M|||50|]Delphox||Delphoxite|Blaze|HeatWave,Psychic,NastyPlot,Protect|Timid||F|||50|
|showteam|p2|Staraptor||Staraptite|Intimidate|CloseCombat,BraveBird,Roost,Protect|Adamant||F|||50|]Whimsicott||FocusSash|Prankster|Tailwind,Charm,GrassKnot,Encore|Timid||F|||50|]Basculegion||ChoiceScarf|Adaptability|WaveCrash,LastRespects,AquaJet,FlipTurn|Jolly||M|||50|]Mawile||Mawilite|Intimidate|IronHead,SuckerPunch,PlayRough,SwordsDance|Adamant||F|||50|]Rotom-Heat||SitrusBerry|Levitate|Overheat,Thunderbolt,PainSplit,WillOWisp|Bold|||||50|]Kingambit||ChopleBerry|Defiant|SuckerPunch,KowtowCleave,IronHead,Protect|Adamant||M|||50|
|inactive|Battle timer is ON: inactive players will automatically lose when time's up. (requested by raksbach)
|inactive|raksbach has 60 seconds left.
|inactive|etherealolpes has 60 seconds left.
|inactive|raksbach has 30 seconds left.
|inactive|raksbach has 20 seconds left.
|inactive|raksbach has 15 seconds left.
|
|t:|1783422168
|teamsize|p1|4
|teamsize|p2|4
|start
|switch|p1a: Delphox|Delphox, L50, F|100/100
|switch|p1b: Sneasler|Sneasler, L50, F|100/100
|switch|p2a: Kingambit|Kingambit, L50, M|100/100
|switch|p2b: Mawile|Mawile, L50, F|100/100
|-ability|p2b: Mawile|Intimidate|boost
|-unboost|p1a: Delphox|atk|1
|-unboost|p1b: Sneasler|atk|1
|turn|1
|inactive|raksbach has 30 seconds left.
|inactive|etherealolpes has 30 seconds left.
|
|t:|1783422203
|detailschange|p1a: Delphox|Delphox-Mega, L50, F
|-mega|p1a: Delphox|Delphox|Delphoxite
|detailschange|p2b: Mawile|Mawile-Mega, L50, F
|-mega|p2b: Mawile|Mawile|Mawilite
|move|p1b: Sneasler|Fake Out|p2b: Mawile
|-resisted|p2b: Mawile|1
|-damage|p2b: Mawile|95/100
|move|p2a: Kingambit|Sucker Punch|p1a: Delphox
|-supereffective|p1a: Delphox|1
|-damage|p1a: Delphox|7/100
|move|p1a: Delphox|Heat Wave|p2b: Mawile|[spread] p2a,p2b
|-supereffective|p2a: Kingambit|1
|-supereffective|p2b: Mawile|1
|-damage|p2a: Kingambit|17/100
|-damage|p2b: Mawile|2/100
|cant|p2b: Mawile|flinch
|
|upkeep
|turn|2
|inactive|raksbach has 30 seconds left.
|inactive|etherealolpes has 30 seconds left.
|
|t:|1783422237
|switch|p1a: Maushold|Maushold, L50|100/100
|move|p2a: Kingambit|Sucker Punch||[still]
|-fail|p2a: Kingambit
|move|p1b: Sneasler|Close Combat|p2a: Kingambit
|-supereffective|p2a: Kingambit|2
|-enditem|p2a: Kingambit|Chople Berry|[eat]
|-enditem|p2a: Kingambit|Chople Berry|[weaken]
|-damage|p2a: Kingambit|0 fnt
|-unboost|p1b: Sneasler|def|1
|-unboost|p1b: Sneasler|spd|1
|faint|p2a: Kingambit
|move|p2b: Mawile|Play Rough|p1b: Sneasler
|-enditem|p1b: Sneasler|Focus Sash
|-damage|p1b: Sneasler|1/100
|
|upkeep
|
|t:|1783422254
|switch|p2a: Basculegion|Basculegion, L50, M|100/100
|turn|3
|
|t:|1783422264
|move|p1a: Maushold|Feint|p2b: Mawile
|-resisted|p2b: Mawile|1
|-damage|p2b: Mawile|0 fnt
|faint|p2b: Mawile
|move|p2a: Basculegion|Aqua Jet|p1b: Sneasler
|-damage|p1b: Sneasler|0 fnt
|faint|p1b: Sneasler
|
|upkeep
|
|t:|1783422271
|switch|p1b: Sinistcha|Sinistcha, L50|100/100
|switch|p2b: Rotom|Rotom-Heat, L50|100/100
|turn|4
|
|t:|1783422285
|move|p2a: Basculegion|Aqua Jet|p1a: Maushold
|-damage|p1a: Maushold|74/100
|move|p1a: Maushold|Super Fang|p2b: Rotom
|-damage|p2b: Rotom|50/100g
|move|p2b: Rotom|Overheat|p1b: Sinistcha
|-supereffective|p1b: Sinistcha|1
|-enditem|p1b: Sinistcha|Occa Berry|[eat]
|-enditem|p1b: Sinistcha|Occa Berry|[weaken]
|-damage|p1b: Sinistcha|67/100
|-unboost|p2b: Rotom|spa|2
|move|p1b: Sinistcha|Matcha Gotcha|p2b: Rotom|[spread] p2b
|-miss|p1b: Sinistcha|p2a: Basculegion
|-resisted|p2b: Rotom|1
|-damage|p2b: Rotom|38/100
|-heal|p1b: Sinistcha|73/100|[from] drain|[of] p2b: Rotom
|-enditem|p2b: Rotom|Sitrus Berry|[eat]
|-heal|p2b: Rotom|63/100|[from] item: Sitrus Berry
|
|upkeep
|turn|5
|-message|etherealolpes forfeited.
|
|win|raksbach
