|j|☆chefbenboyrd
|j|☆MidoMidori
|html|chefbenboyrdMidoMidori    
|uhtml|bestof|Game 3 of a best-of-3
|t:|1756398691
|gametype|doubles
|player|p1|chefbenboyrd|roughneck|1199
|player|p2|MidoMidori|roxanne-gen6|1204
|gen|9
|tier|[Gen 9] VGC 2025 Reg H (Bo3)
|rated|
|rule|Species Clause: Limit one of each Pokémon
|rule|Item Clause: Limit 1 of each item
|clearpoke
|poke|p1|Whimsicott, L50, M|
|poke|p1|Hydreigon, L50, M|
|poke|p1|Grimmsnarl, L50, M|
|poke|p1|Incineroar, L50, F|
|poke|p1|Gholdengo, L50|
|poke|p1|Annihilape, L50, M|
|poke|p2|Sneasler, L50, F|
|poke|p2|Indeedee, L50, M|
|poke|p2|Volcarona, L50, F|
|poke|p2|Ursaluna-Bloodmoon, L50, M|
|poke|p2|Annihilape, L50, M|
|poke|p2|Tyranitar, L50, M|
|teampreview|4
|showteam|p1|Whimsicott||FocusSash|Prankster|SunnyDay,Encore,Tailwind,Moonblast|||M|||50|,,,,,Ghost]Hydreigon||ChoiceSpecs|Levitate|HeatWave,DracoMeteor,Snarl,DarkPulse|||M|||50|,,,,,Fire]Grimmsnarl||LightClay|Prankster|SpiritBreak,Reflect,LightScreen,ThunderWave|||M|||50|,,,,,Steel]Incineroar||SafetyGoggles|Intimidate|KnockOff,FakeOut,PartingShot,FlareBlitz|||F|||50|,,,,,Ghost]Gholdengo||LifeOrb|GoodasGold|Protect,MakeItRain,ShadowBall,NastyPlot||||||50|,,,,,Water]Annihilape||SitrusBerry|Defiant|Protect,Taunt,RageFist,DrainPunch|||M|||50|,,,,,Fairy
|showteam|p2|Sneasler||PsychicSeed|Unburden|CloseCombat,DireClaw,ThroatChop,Protect|||F|||50|,,,,,Dark]Indeedee||ChoiceScarf|PsychicSurge|ExpandingForce,TeraBlast,Trick,Protect|||M|||50|,,,,,Psychic]Volcarona||SitrusBerry|FlameBody|Overheat,StruggleBug,RagePowder,Tailwind|||F|||50|,,,,,Grass]Ursaluna-Bloodmoon||LifeOrb|MindsEye|BloodMoon,HyperVoice,EarthPower,Protect|||M|||50|,,,,,Normal]Annihilape||SafetyGoggles|Defiant|CloseCombat,RageFist,Taunt,FinalGambit|||M|||50|,,,,,Fairy]Tyranitar||AssaultVest|SandStream|RockSlide,KnockOff,TeraBlast,LowKick|||M|||50|,,,,,Flying
|
|t:|1756398722
|teamsize|p1|4
|teamsize|p2|4
|start
|switch|p1a: Incineroar|Incineroar, L50, F|100/100
|switch|p1b: Grimmsnarl|Grimmsnarl, L50, M|100/100
|switch|p2a: Volcarona|Volcarona, L50, F|100/100
|switch|p2b: Annihilape|Annihilape, L50, M|100/100
|-ability|p1a: Incineroar|Intimidate|boost
|-unboost|p2a: Volcarona|atk|1
|-unboost|p2b: Annihilape|atk|1
|-ability|p2b: Annihilape|Defiant|boost
|-boost|p2b: Annihilape|atk|2
|turn|1
|inactive|Battle timer is ON: inactive players will automatically lose when time's up. (requested by chefbenboyrd)
|inactive|MidoMidori has 60 seconds left.
|
|t:|1756398767
|switch|p1a: Annihilape|Annihilape, L50, M|100/100
|move|p1b: Grimmsnarl|Reflect|p1b: Grimmsnarl
|-sidestart|p1: chefbenboyrd|Reflect
|move|p2a: Volcarona|Tailwind|p2a: Volcarona
|-sidestart|p2: MidoMidori|move: Tailwind
|move|p2b: Annihilape|Close Combat|p1a: Annihilape
|-immune|p1a: Annihilape
|
|upkeep
|turn|2
|
|t:|1756398785
|move|p1b: Grimmsnarl|Thunder Wave|p2b: Annihilape
|-status|p2b: Annihilape|par
|move|p2a: Volcarona|Overheat|p1a: Annihilape
|-damage|p1a: Annihilape|52/100
|-unboost|p2a: Volcarona|spa|2
|move|p2b: Annihilape|Rage Fist|p1a: Annihilape
|-supereffective|p1a: Annihilape
|-damage|p1a: Annihilape|12/100
|-enditem|p1a: Annihilape|Sitrus Berry|[eat]
|-heal|p1a: Annihilape|36/100|[from] item: Sitrus Berry
|move|p1a: Annihilape|Rage Fist|p2b: Annihilape
|-supereffective|p2b: Annihilape
|-damage|p2b: Annihilape|0 fnt
|faint|p2b: Annihilape
|
|upkeep
|
|t:|1756398798
|switch|p2b: Indeedee|Indeedee, L50, M|100/100
|-fieldstart|move: Psychic Terrain|[from] ability: Psychic Surge|[of] p2b: Indeedee
|turn|3
|
|t:|1756398818
|move|p1a: Annihilape|Protect|p1a: Annihilape
|-singleturn|p1a: Annihilape|Protect
|move|p2a: Volcarona|Rage Powder|p2a: Volcarona
|-singleturn|p2a: Volcarona|move: Rage Powder
|move|p1b: Grimmsnarl|Light Screen|p1b: Grimmsnarl
|-sidestart|p1: chefbenboyrd|move: Light Screen
|move|p2b: Indeedee|Tera Blast|p1b: Grimmsnarl
|-damage|p1b: Grimmsnarl|78/100
|
|upkeep
|turn|4
|
|t:|1756398837
|switch|p2a: Sneasler|Sneasler, L50, F|100/100
|-enditem|p2a: Sneasler|Psychic Seed
|-boost|p2a: Sneasler|spd|1|[from] item: Psychic Seed
|switch|p1a: Incineroar|Incineroar, L50, F|100/100
|-ability|p1a: Incineroar|Intimidate|boost
|-unboost|p2a: Sneasler|atk|1
|-unboost|p2b: Indeedee|atk|1
|move|p2b: Indeedee|Tera Blast|p1b: Grimmsnarl
|-damage|p1b: Grimmsnarl|55/100
|move|p1b: Grimmsnarl|Spirit Break|p2b: Indeedee
|-damage|p2b: Indeedee|34/100
|-unboost|p2b: Indeedee|spa|1
|
|-sideend|p2: MidoMidori|move: Tailwind
|upkeep
|turn|5
|inactive|chefbenboyrd has 30 seconds left.
|inactive|MidoMidori has 30 seconds left.
|inactive|chefbenboyrd has 20 seconds left.
|
|t:|1756398877
|switch|p2b: Volcarona|Volcarona, L50, F|100/100
|switch|p1a: Annihilape|Annihilape, L50, M|36/100
|move|p2a: Sneasler|Protect|p2a: Sneasler
|-singleturn|p2a: Sneasler|Protect
|move|p1b: Grimmsnarl|Spirit Break|p2b: Volcarona
|-resisted|p2b: Volcarona
|-damage|p2b: Volcarona|82/100
|-unboost|p2b: Volcarona|spa|1
|-status|p1b: Grimmsnarl|brn|[from] ability: Flame Body|[of] p2b: Volcarona
|
|-damage|p1b: Grimmsnarl|49/100 brn|[from] brn
|upkeep
|turn|6
|
|t:|1756398900
|move|p2a: Sneasler|Dire Claw|p1a: Annihilape
|-resisted|p1a: Annihilape
|-damage|p1a: Annihilape|26/100
|-status|p1a: Annihilape|slp
|move|p2b: Volcarona|Overheat|p1a: Annihilape
|-damage|p1a: Annihilape|1/100 slp
|-unboost|p2b: Volcarona|spa|2
|cant|p1a: Annihilape|slp
|move|p1b: Grimmsnarl|Spirit Break|p2b: Volcarona
|-resisted|p2b: Volcarona
|-damage|p2b: Volcarona|73/100
|-unboost|p2b: Volcarona|spa|1
|
|-damage|p1b: Grimmsnarl|43/100 brn|[from] brn
|upkeep
|turn|7
|inactive|chefbenboyrd has 30 seconds left.
|
|t:|1756398926
|-terastallize|p1b: Grimmsnarl|Steel
|move|p2a: Sneasler|Dire Claw|p1b: Grimmsnarl
|-immune|p1b: Grimmsnarl
|move|p2b: Volcarona|Struggle Bug|p1b: Grimmsnarl|[spread] p1a,p1b
|-resisted|p1a: Annihilape
|-resisted|p1b: Grimmsnarl
|-damage|p1a: Annihilape|0 fnt
|-damage|p1b: Grimmsnarl|42/100 brn
|-unboost|p1b: Grimmsnarl|spa|1
|faint|p1a: Annihilape
|move|p1b: Grimmsnarl|Spirit Break|p2a: Sneasler
|-damage|p2a: Sneasler|75/100
|-unboost|p2a: Sneasler|spa|1
|
|-damage|p1b: Grimmsnarl|36/100 brn|[from] brn
|-fieldend|move: Psychic Terrain
|upkeep
|
|t:|1756398940
|switch|p1a: Incineroar|Incineroar, L50, F|100/100
|-ability|p1a: Incineroar|Intimidate|boost
|-unboost|p2a: Sneasler|atk|1
|-unboost|p2b: Volcarona|atk|1
|turn|8
|
|t:|1756398947
|move|p2a: Sneasler|Protect|p2a: Sneasler
|-singleturn|p2a: Sneasler|Protect
|move|p2b: Volcarona|Overheat|p1b: Grimmsnarl
|-supereffective|p1b: Grimmsnarl
|-damage|p1b: Grimmsnarl|12/100 brn
|-unboost|p2b: Volcarona|spa|2
|move|p1a: Incineroar|Flare Blitz|p2a: Sneasler
|-activate|p2a: Sneasler|move: Protect
|move|p1b: Grimmsnarl|Spirit Break|p2a: Sneasler
|-activate|p2a: Sneasler|move: Protect
|
|-damage|p1b: Grimmsnarl|6/100 brn|[from] brn
|-sideend|p1: chefbenboyrd|Reflect
|upkeep
|turn|9
|
|t:|1756398954
|switch|p2a: Indeedee|Indeedee, L50, M|34/100
|-fieldstart|move: Psychic Terrain|[from] ability: Psychic Surge|[of] p2a: Indeedee
|move|p1b: Grimmsnarl|Light Screen||[still]
|-fail|p1b: Grimmsnarl
|move|p2b: Volcarona|Overheat|p1b: Grimmsnarl
|-supereffective|p1b: Grimmsnarl
|-damage|p1b: Grimmsnarl|0 fnt
|faint|p1b: Grimmsnarl
|move|p1a: Incineroar|Flare Blitz|p2a: Indeedee
|-damage|p2a: Indeedee|0 fnt
|faint|p2a: Indeedee
|-damage|p1a: Incineroar|93/100|[from] Recoil
|
|upkeep
|
|t:|1756398963
|switch|p2a: Sneasler|Sneasler, L50, F|75/100
|switch|p1b: Gholdengo|Gholdengo, L50|100/100
|turn|10
|inactive|MidoMidori has 30 seconds left.
|inactive|MidoMidori has 20 seconds left.
|
|t:|1756399001
|move|p2a: Sneasler|Close Combat|p1a: Incineroar
|-supereffective|p1a: Incineroar
|-damage|p1a: Incineroar|0 fnt
|-unboost|p2a: Sneasler|def|1
|-unboost|p2a: Sneasler|spd|1
|faint|p1a: Incineroar
|move|p2b: Volcarona|Struggle Bug|p1b: Gholdengo
|-resisted|p1b: Gholdengo
|-damage|p1b: Gholdengo|99/100
|-unboost|p1b: Gholdengo|spa|1
|move|p1b: Gholdengo|Make It Rain|p2a: Sneasler|[spread] p2a,p2b
|-resisted|p2b: Volcarona
|-damage|p2a: Sneasler|0 fnt
|-damage|p2b: Volcarona|54/100
|-unboost|p1b: Gholdengo|spa|1
|faint|p2a: Sneasler
|-damage|p1b: Gholdengo|90/100|[from] item: Life Orb
|
|-sideend|p1: chefbenboyrd|move: Light Screen
|upkeep
|turn|11
|
|t:|1756399021
|move|p1b: Gholdengo|Protect|p1b: Gholdengo
|-singleturn|p1b: Gholdengo|Protect
|move|p2b: Volcarona|Overheat|p1b: Gholdengo
|-activate|p1b: Gholdengo|move: Protect
|
|upkeep
|turn|12
|
|t:|1756399027
|move|p2b: Volcarona|Overheat|p1b: Gholdengo
|-supereffective|p1b: Gholdengo
|-damage|p1b: Gholdengo|59/100
|move|p1b: Gholdengo|Shadow Ball|p2b: Volcarona
|-damage|p2b: Volcarona|30/100
|-enditem|p2b: Volcarona|Sitrus Berry|[eat]
|-heal|p2b: Volcarona|55/100|[from] item: Sitrus Berry
|-damage|p1b: Gholdengo|49/100|[from] item: Life Orb
|
|upkeep
|turn|13
|
|t:|1756399037
|move|p1b: Gholdengo|Protect|p1b: Gholdengo
|-singleturn|p1b: Gholdengo|Protect
|move|p2b: Volcarona|Struggle Bug|p1b: Gholdengo
|-activate|p1b: Gholdengo|move: Protect
|
|-fieldend|move: Psychic Terrain
|upkeep
|turn|14
|
|t:|1756399041
|move|p2b: Volcarona|Overheat|p1b: Gholdengo
|-supereffective|p1b: Gholdengo
|-damage|p1b: Gholdengo|19/100
|move|p1b: Gholdengo|Shadow Ball|p2b: Volcarona
|-damage|p2b: Volcarona|29/100
|-damage|p1b: Gholdengo|9/100|[from] item: Life Orb
|
|upkeep
|turn|15
|
|t:|1756399052
|move|p1b: Gholdengo|Protect|p1b: Gholdengo
|-singleturn|p1b: Gholdengo|Protect
|move|p2b: Volcarona|Struggle Bug|p1b: Gholdengo
|-activate|p1b: Gholdengo|move: Protect
|
|upkeep
|turn|16
|
|t:|1756399055
|move|p2b: Volcarona|Struggle Bug|p1b: Gholdengo
|-resisted|p1b: Gholdengo
|-damage|p1b: Gholdengo|8/100
|-unboost|p1b: Gholdengo|spa|1
|move|p1b: Gholdengo|Shadow Ball|p2b: Volcarona
|-damage|p2b: Volcarona|9/100
|-damage|p1b: Gholdengo|0 fnt|[from] item: Life Orb
|faint|p1b: Gholdengo
|
|win|MidoMidori
|raw|chefbenboyrd's rating: 1199 → 1174(-25 for losing)
|raw|MidoMidori's rating: 1204 → 1229(+25 for winning)
|l|☆chefbenboyrd
|player|p1|
