|j|☆megajoulevgc
|j|☆Gozante
|html|megajoulevgcGozante    
|uhtml|bestof|Game 2 of a best-of-3
|t:|1783607669
|gametype|doubles
|player|p1|megajoulevgc|artist|1368
|player|p2|Gozante|170|1422
|gen|9
|tier|[Gen 9 Champions] VGC 2026 Reg M-B (Bo3)
|rated|
|rule|Species Clause: Limit one of each Pokémon
|rule|Item Clause: Limit 1 of each item
|clearpoke
|poke|p1|Charizard, L50, F|
|poke|p1|Garchomp, L50, M|
|poke|p1|Toxapex, L50, M|
|poke|p1|Sinistcha, L50|
|poke|p1|Floette-Eternal, L50, F|
|poke|p1|Incineroar, L50, F|
|poke|p2|Sinistcha, L50|
|poke|p2|Sneasler, L50, M|
|poke|p2|Incineroar, L50, F|
|poke|p2|Blastoise, L50, F|
|poke|p2|Kingambit, L50, F|
|poke|p2|Floette-Eternal, L50, F|
|teampreview|4
|showteam|p1|Charizard||CharizarditeY|Blaze|HeatWave,WeatherBall,SolarBeam,Protect|Timid||F|||50|]Garchomp||LifeOrb|RoughSkin|Earthquake,RockSlide,DragonClaw,Protect|Adamant||M|||50|]Toxapex||Leftovers|Regenerator|WideGuard,Toxic,Infestation,Recover|Sassy||M|||50|]Sinistcha||CobaBerry|Hospitality|TrickRoom,RagePowder,MatchaGotcha,Protect|Relaxed|||||50|]Floette-Eternal||Floettite|FlowerVeil|CalmMind,DazzlingGleam,Moonblast,Protect|Modest||F|||50|]Incineroar||SitrusBerry|Intimidate|FakeOut,FlareBlitz,ThroatChop,PartingShot|Adamant||F|||50|
|showteam|p2|Sinistcha||OccaBerry|Hospitality|MatchaGotcha,TrickRoom,RagePowder,Protect|Bold|||||50|]Sneasler||FocusSash|PoisonTouch|CloseCombat,PoisonJab,FakeOut,RockTomb|Jolly||M|||50|]Incineroar||SitrusBerry|Intimidate|FlareBlitz,FakeOut,HelpingHand,PartingShot|Careful||F|||50|]Blastoise||Blastoisinite|RainDish|WaterSpout,DarkPulse,ShellSmash,Protect|Modest||F|||50|]Kingambit||LifeOrb|Defiant|KowtowCleave,SuckerPunch,SwordsDance,Protect|Adamant||F|||50|]Floette-Eternal||Floettite|FlowerVeil|Protect,CalmMind,DazzlingGleam,Moonblast|Modest||F|||50|
|inactive|Battle timer is ON: inactive players will automatically lose when time's up. (requested by megajoulevgc)
|inactive|megajoulevgc has 60 seconds left.
|
|t:|1783607706
|teamsize|p1|4
|teamsize|p2|4
|start
|switch|p1a: Charizard|Charizard, L50, F|100/100
|switch|p1b: Garchomp|Garchomp, L50, M|100/100
|switch|p2a: Kingambit|Kingambit, L50, F|100/100
|switch|p2b: Incineroar|Incineroar, L50, F|100/100
|-ability|p2b: Incineroar|Intimidate|boost
|-unboost|p1a: Charizard|atk|1
|-unboost|p1b: Garchomp|atk|1
|turn|1
|
|t:|1783607727
|detailschange|p1a: Charizard|Charizard-Mega-Y, L50, F
|-mega|p1a: Charizard|Charizard|Charizardite Y
|-weather|SunnyDay|[from] ability: Drought|[of] p1a: Charizard
|move|p2b: Incineroar|Fake Out|p1a: Charizard
|-damage|p1a: Charizard|85/100
|cant|p1a: Charizard|flinch
|move|p1b: Garchomp|Earthquake|p2b: Incineroar|[spread] p2a,p2b
|-immune|p1a: Charizard
|-supereffective|p2a: Kingambit|1
|-crit|p2a: Kingambit
|-supereffective|p2b: Incineroar|1
|-damage|p2a: Kingambit|0 fnt
|-damage|p2b: Incineroar|22/100
|-enditem|p2b: Incineroar|Sitrus Berry|[eat]
|-heal|p2b: Incineroar|47/100|[from] item: Sitrus Berry
|faint|p2a: Kingambit
|-damage|p1b: Garchomp|90/100|[from] item: Life Orb
|
|-weather|SunnyDay|[upkeep]
|upkeep
|c|☆Gozante|XDDDDD
|c|☆megajoulevgc|thats rough sorry
|
|t:|1783607748
|switch|p2a: Blastoise|Blastoise, L50, F|100/100
|turn|2
|
|t:|1783607757
|move|p2a: Blastoise|Protect|p2a: Blastoise
|-singleturn|p2a: Blastoise|Protect
|move|p1a: Charizard|Solar Beam||[still]
|-prepare|p1a: Charizard|Solar Beam
|-anim|p1a: Charizard|Solar Beam|p2a: Blastoise
|-activate|p2a: Blastoise|move: Protect
|move|p1b: Garchomp|Earthquake|p2a: Blastoise|[spread] p2b
|-activate|p2a: Blastoise|move: Protect
|-immune|p1a: Charizard
|-supereffective|p2b: Incineroar|1
|-damage|p2b: Incineroar|0 fnt
|faint|p2b: Incineroar
|-damage|p1b: Garchomp|80/100|[from] item: Life Orb
|
|-weather|SunnyDay|[upkeep]
|upkeep
|
|t:|1783607765
|switch|p2b: Sneasler|Sneasler, L50, M|100/100
|turn|3
|inactive|megajoulevgc has 30 seconds left.
|
|t:|1783607794
|switch|p1a: Sinistcha|Sinistcha, L50|100/100
|-heal|p1b: Garchomp|100/100|[from] ability: Hospitality|[of] p1a: Sinistcha
|detailschange|p2a: Blastoise|Blastoise-Mega, L50, F
|-mega|p2a: Blastoise|Blastoise|Blastoisinite
|move|p2b: Sneasler|Rock Tomb|p1a: Sinistcha
|-damage|p1a: Sinistcha|83/100
|-unboost|p1a: Sinistcha|spe|1
|move|p2a: Blastoise|Shell Smash|p2a: Blastoise
|-unboost|p2a: Blastoise|def|1
|-unboost|p2a: Blastoise|spd|1
|-boost|p2a: Blastoise|atk|2
|-boost|p2a: Blastoise|spa|2
|-boost|p2a: Blastoise|spe|2
|move|p1b: Garchomp|Dragon Claw|p2b: Sneasler
|-damage|p2b: Sneasler|29/100
|-damage|p1b: Garchomp|90/100|[from] item: Life Orb
|
|-weather|SunnyDay|[upkeep]
|upkeep
|turn|4
|inactive|megajoulevgc has 30 seconds left.
|
|t:|1783607826
|move|p2a: Blastoise|Dark Pulse|p1a: Sinistcha
|-supereffective|p1a: Sinistcha|1
|-crit|p1a: Sinistcha
|-damage|p1a: Sinistcha|0 fnt
|faint|p1a: Sinistcha
|move|p2b: Sneasler|Poison Jab|p1b: Garchomp
|-resisted|p1b: Garchomp|1
|-damage|p1b: Garchomp|71/100
|-damage|p2b: Sneasler|17/100|[from] ability: Rough Skin|[of] p1b: Garchomp
|move|p1b: Garchomp|Earthquake|p2b: Sneasler|[spread] p2a,p2b
|-supereffective|p2b: Sneasler|1
|-damage|p2a: Blastoise|44/100
|-damage|p2b: Sneasler|0 fnt
|faint|p2b: Sneasler
|-damage|p1b: Garchomp|61/100|[from] item: Life Orb
|
|-weather|SunnyDay|[upkeep]
|upkeep
|
|t:|1783607832
|switch|p1a: Toxapex|Toxapex, L50, M|100/100
|turn|5
|
|t:|1783607842
|move|p2a: Blastoise|Protect|p2a: Blastoise
|-singleturn|p2a: Blastoise|Protect
|move|p1b: Garchomp|Dragon Claw|p2a: Blastoise
|-activate|p2a: Blastoise|move: Protect
|move|p1a: Toxapex|Toxic|p2a: Blastoise
|-activate|p2a: Blastoise|move: Protect
|
|-weather|none
|upkeep
|turn|6
|
|t:|1783607854
|move|p2a: Blastoise|Dark Pulse|p1b: Garchomp
|-damage|p1b: Garchomp|0 fnt
|faint|p1b: Garchomp
|move|p1a: Toxapex|Toxic|p2a: Blastoise
|-status|p2a: Blastoise|tox
|
|-damage|p2a: Blastoise|38/100 tox|[from] psn
|upkeep
|
|t:|1783607857
|switch|p1b: Charizard|Charizard-Mega-Y, L50, F|85/100
|-weather|SunnyDay|[from] ability: Drought|[of] p1b: Charizard
|turn|7
|
|t:|1783607863
|move|p1a: Toxapex|Wide Guard|p1a: Toxapex
|-singleturn|p1a: Toxapex|Wide Guard
|move|p2a: Blastoise|Dark Pulse|p1b: Charizard
|-damage|p1b: Charizard|0 fnt
|faint|p1b: Charizard
|
|-weather|SunnyDay|[upkeep]
|-damage|p2a: Blastoise|27/100 tox|[from] psn
|upkeep
|turn|8
|
|t:|1783607871
|move|p2a: Blastoise|Dark Pulse|p1a: Toxapex
|-damage|p1a: Toxapex|31/100
|move|p1a: Toxapex|Infestation|p2a: Blastoise
|-damage|p2a: Blastoise|22/100 tox
|-activate|p2a: Blastoise|move: Infestation|[of] p1a: Toxapex
|
|-weather|SunnyDay|[upkeep]
|-heal|p1a: Toxapex|36/100|[from] item: Leftovers
|-damage|p2a: Blastoise|5/100 tox|[from] psn
|-damage|p2a: Blastoise|0 fnt|[from] move: Infestation|[partiallytrapped]
|faint|p2a: Blastoise
|
|win|megajoulevgc
|raw|megajoulevgc's rating: 1368 → 1391(+23 for winning)
|raw|Gozante's rating: 1422 → 1399(-23 for losing)
|c|☆megajoulevgc|ggwp
|l|☆Gozante
|player|p2|
|c|☆megajoulevgc|sorry about rng
