|j|☆MaxwellBaker
|j|☆jamppa500
|html|MaxwellBakerjamppa500    
|uhtml|bestof|Game 3 of a best-of-3
|t:|1784840708
|gametype|doubles
|player|p1|MaxwellBaker|102|1077
|player|p2|jamppa500|backpacker|1000
|gen|9
|tier|[Gen 9 Champions] VGC 2026 Reg M-B (Bo3)
|rated|
|rule|Species Clause: Limit one of each Pokémon
|rule|Item Clause: Limit 1 of each item
|clearpoke
|poke|p1|Decidueye-Hisui, L50, F|
|poke|p1|Florges, L50, F|
|poke|p1|Raichu, L50, F|
|poke|p1|Incineroar, L50, M|
|poke|p1|Staraptor, L50, F|
|poke|p1|Milotic, L50, M|
|poke|p2|Blaziken, L50, M, shiny|
|poke|p2|Whimsicott, L50, M|
|poke|p2|Gardevoir, L50, M, shiny|
|poke|p2|Kleavor, L50, M|
|poke|p2|Basculegion, L50, M|
|poke|p2|Tsareena, L50, F, shiny|
|teampreview|4
|showteam|p1|Decidueye-Hisui||ScopeLens|Scrappy|TripleArrows,LeafBlade,SuckerPunch,Protect|Jolly||F|||50|]Florges||LifeOrb|FlowerVeil|Moonblast,Psychic,PollenPuff,Protect|Modest||F|||50|]Raichu||RaichuniteY|LightningRod|FakeOut,ZapCannon,FocusBlast,Protect|Timid||F|||50|]Incineroar||SitrusBerry|Intimidate|FakeOut,FlareBlitz,ThroatChop,PartingShot|Careful||M|||50|]Staraptor||Staraptite|Intimidate|BraveBird,CloseCombat,Tailwind,Protect|Jolly||F|||50|]Milotic||Leftovers|Competitive|Scald,IceBeam,Haze,Protect|Bold||M|||50|
|showteam|p2|Blaziken||Blazikenite|SpeedBoost|CloseCombat,FlareBlitz,RockSlide,Protect|Jolly||M|||50|]Whimsicott||FocusSash|Prankster|Tailwind,Encore,SunnyDay,Moonblast|Timid||M|||50|]Gardevoir||Gardevoirite|Trace|Thunderbolt,Protect,HyperVoice,Psychic|Modest||M|||50|]Kleavor||WhiteHerb|Sharpness|StoneAxe,BrickBreak,Protect,XScissor|Adamant||M|||50|]Basculegion||ChoiceScarf|Adaptability|LastRespects,WaveCrash,AquaJet,FlipTurn|Adamant||M|||50|]Tsareena||KebiaBerry|QueenlyMajesty|KnockOff,TropKick,Protect,TripleAxel|Impish||F|||50|
|
|t:|1784840748
|teamsize|p1|4
|teamsize|p2|4
|start
|switch|p1a: Staraptor|Staraptor, L50, F|100/100
|switch|p1b: Raichu|Raichu, L50, F|100/100
|switch|p2a: Kleavor|Kleavor, L50, M|100/100
|switch|p2b: Whimsicott|Whimsicott, L50, M|100/100
|-ability|p1a: Staraptor|Intimidate|boost
|-unboost|p2a: Kleavor|atk|1
|-unboost|p2b: Whimsicott|atk|1
|-enditem|p2a: Kleavor|White Herb
|-clearnegativeboost|p2a: Kleavor|[silent]
|turn|1
|
|t:|1784840783
|switch|p2a: Tsareena|Tsareena, L50, F, shiny|100/100
|detailschange|p1b: Raichu|Raichu-Mega-Y, L50, F
|-mega|p1b: Raichu|Raichu|Raichunite Y
|move|p1b: Raichu|Fake Out||[still]
|cant|p2a: Tsareena|ability: Queenly Majesty|Fake Out|[of] p1b: Raichu
|move|p2b: Whimsicott|Tailwind|p2b: Whimsicott
|-sidestart|p2: jamppa500|move: Tailwind
|move|p1a: Staraptor|Tailwind|p1a: Staraptor
|-sidestart|p1: MaxwellBaker|move: Tailwind
|
|upkeep
|turn|2
|
|t:|1784840801
|switch|p1b: Incineroar|Incineroar, L50, M|100/100
|-ability|p1b: Incineroar|Intimidate|boost
|-unboost|p2a: Tsareena|atk|1
|-unboost|p2b: Whimsicott|atk|1
|move|p2b: Whimsicott|Encore|p1a: Staraptor
|-start|p1a: Staraptor|Encore
|move|p1a: Staraptor|Tailwind||[still]
|-fail|p1a: Staraptor
|move|p2a: Tsareena|Trop Kick|p1b: Incineroar
|-resisted|p1b: Incineroar|1
|-damage|p1b: Incineroar|88/100
|-unboost|p1b: Incineroar|atk|1
|
|upkeep
|turn|3
|
|t:|1784840816
|switch|p1a: Florges|Florges, L50, F|100/100
|move|p2b: Whimsicott|Moonblast|p1a: Florges
|-damage|p1a: Florges|77/100
|-unboost|p1a: Florges|spa|1
|move|p2a: Tsareena|Triple Axel|p1a: Florges
|-damage|p1a: Florges|72/100
|-damage|p1a: Florges|61/100
|-damage|p1a: Florges|47/100
|-hitcount|p1a: Florges|3
|move|p1b: Incineroar|Flare Blitz|p2a: Tsareena
|-supereffective|p2a: Tsareena|1
|-damage|p2a: Tsareena|45/100
|-damage|p1b: Incineroar|72/100|[from] Recoil
|
|upkeep
|turn|4
|
|t:|1784840840
|move|p2b: Whimsicott|Moonblast|p1a: Florges
|-damage|p1a: Florges|24/100
|move|p1a: Florges|Moonblast|p2a: Tsareena
|-damage|p2a: Tsareena|6/100
|-damage|p1a: Florges|14/100|[from] item: Life Orb
|move|p2a: Tsareena|Trop Kick|p1a: Florges
|-damage|p1a: Florges|0 fnt
|faint|p1a: Florges
|move|p1b: Incineroar|Flare Blitz|p2b: Whimsicott
|-supereffective|p2b: Whimsicott|1
|-damage|p2b: Whimsicott|28/100
|-status|p2b: Whimsicott|brn
|-damage|p1b: Incineroar|52/100|[from] Recoil
|
|-damage|p2b: Whimsicott|22/100 brn|[from] brn
|-sideend|p1: MaxwellBaker|move: Tailwind
|-sideend|p2: jamppa500|move: Tailwind
|upkeep
|
|t:|1784840858
|switch|p1a: Staraptor|Staraptor, L50, F|100/100
|-ability|p1a: Staraptor|Intimidate|boost
|-unboost|p2a: Tsareena|atk|1
|-unboost|p2b: Whimsicott|atk|1
|turn|5
|
|t:|1784840869
|move|p2b: Whimsicott|Tailwind|p2b: Whimsicott
|-sidestart|p2: jamppa500|move: Tailwind
|move|p2a: Tsareena|Trop Kick|p1a: Staraptor
|-resisted|p1a: Staraptor|1
|-damage|p1a: Staraptor|87/100
|-unboost|p1a: Staraptor|atk|1
|move|p1a: Staraptor|Brave Bird|p2a: Tsareena
|-supereffective|p2a: Tsareena|1
|-damage|p2a: Tsareena|0 fnt
|faint|p2a: Tsareena
|-damage|p1a: Staraptor|85/100|[from] Recoil
|move|p1b: Incineroar|Flare Blitz|p2b: Whimsicott
|-supereffective|p2b: Whimsicott|1
|-damage|p2b: Whimsicott|0 fnt
|faint|p2b: Whimsicott
|-damage|p1b: Incineroar|47/100|[from] Recoil
|-enditem|p1b: Incineroar|Sitrus Berry|[eat]
|-heal|p1b: Incineroar|71/100|[from] item: Sitrus Berry
|
|upkeep
|
|t:|1784840875
|switch|p2b: Kleavor|Kleavor, L50, M|100/100
|switch|p2a: Gardevoir|Gardevoir, L50, M, shiny|100/100
|-ability|p2a: Gardevoir|Intimidate|Trace|[from] ability: Trace|[of] p1a: Staraptor
|-ability|p2a: Gardevoir|Intimidate|boost
|-unboost|p1a: Staraptor|atk|1
|-unboost|p1b: Incineroar|atk|1
|turn|6
|
|t:|1784840905
|detailschange|p2a: Gardevoir|Gardevoir-Mega, L50, M, shiny
|-mega|p2a: Gardevoir|Gardevoir|Gardevoirite
|move|p1a: Staraptor|Protect|p1a: Staraptor
|-singleturn|p1a: Staraptor|Protect
|move|p2a: Gardevoir|Hyper Voice|p1a: Staraptor|[spread] p1b
|-activate|p1a: Staraptor|move: Protect
|-damage|p1b: Incineroar|33/100
|move|p2b: Kleavor|Brick Break|p1b: Incineroar
|-supereffective|p1b: Incineroar|1
|-damage|p1b: Incineroar|0 fnt
|faint|p1b: Incineroar
|
|upkeep
|
|t:|1784840917
|switch|p1b: Raichu|Raichu-Mega-Y, L50, F|100/100
|turn|7
|
|t:|1784840928
|move|p2a: Gardevoir|Protect|p2a: Gardevoir
|-singleturn|p2a: Gardevoir|Protect
|move|p1b: Raichu|Fake Out|p2a: Gardevoir
|-activate|p2a: Gardevoir|move: Protect
|move|p2b: Kleavor|Stone Axe|p1a: Staraptor
|-supereffective|p1a: Staraptor|1
|-damage|p1a: Staraptor|0 fnt
|-sidestart|p1: MaxwellBaker|move: Stealth Rock
|faint|p1a: Staraptor
|
|upkeep
|turn|8
|
|t:|1784840937
|move|p1b: Raichu|Protect|p1b: Raichu
|-singleturn|p1b: Raichu|Protect
|move|p2a: Gardevoir|Hyper Voice|p1b: Raichu
|-activate|p1b: Raichu|move: Protect
|move|p2b: Kleavor|X-Scissor|p1b: Raichu
|-activate|p1b: Raichu|move: Protect
|
|-sideend|p2: jamppa500|move: Tailwind
|upkeep
|turn|9
|
|t:|1784840960
|move|p1b: Raichu|Zap Cannon|p2a: Gardevoir
|-damage|p2a: Gardevoir|44/100
|-status|p2a: Gardevoir|par
|move|p2b: Kleavor|Stone Axe|p1b: Raichu
|-damage|p1b: Raichu|13/100
|move|p2a: Gardevoir|Hyper Voice|p1b: Raichu
|-damage|p1b: Raichu|0 fnt
|faint|p1b: Raichu
|
|win|jamppa500
|raw|MaxwellBaker's rating: 1077 → 1051(-26 for losing)
|raw|jamppa500's rating: 1000 → 1049(+49 for winning)
|c|☆jamppa500|gg
|c|☆MaxwellBaker|ggs wp
|l|☆jamppa500
|player|p2|
