|j|☆FreezyPop439
|j|☆Capravolante97
|html|FreezyPop439Capravolante97    
|uhtml|bestof|Game 1 of a best-of-3
|t:|1783088288
|gametype|doubles
|player|p1|FreezyPop439|collector|1326
|player|p2|Capravolante97|fantina|1231
|gen|9
|tier|[Gen 9 Champions] VGC 2026 Reg M-B (Bo3)
|rated|
|rule|Species Clause: Limit one of each Pokémon
|rule|Item Clause: Limit 1 of each item
|clearpoke
|poke|p1|Raichu, L50, F|
|poke|p1|Gyarados, L50, M|
|poke|p1|Mamoswine, L50, F|
|poke|p1|Ceruledge, L50, F|
|poke|p1|Clefable, L50, M|
|poke|p1|Kingambit, L50, F|
|poke|p2|Gholdengo, L50|
|poke|p2|Scovillain, L50, M|
|poke|p2|Aerodactyl, L50, F|
|poke|p2|Garchomp, L50, M|
|poke|p2|Primarina, L50, F|
|poke|p2|Charizard, L50, M|
|teampreview|4
|showteam|p1|Raichu||RaichuniteY|LightningRod|ZapCannon,FocusBlast,FakeOut,Protect|Timid||F|||50|]Gyarados||Gyaradosite|Intimidate|Waterfall,PowerWhip,DragonDance,Protect|Adamant||M|||50|]Mamoswine||LifeOrb|Oblivious|HighHorsepower,IceShard,IcicleCrash,Protect|Jolly||F|||50|]Ceruledge||ColburBerry|FlashFire|BitterBlade,ShadowSneak,BulkUp,Protect|Adamant||F|||50|]Clefable||SitrusBerry|Unaware|Moonblast,FollowMe,HelpingHand,Protect|Bold||M|||50|]Kingambit||FocusSash|Defiant|IronHead,KowtowCleave,SuckerPunch,LowKick|Adamant||F|||50|
|showteam|p2|Gholdengo||LifeOrb|GoodasGold|MakeItRain,ShadowBall,NastyPlot,Protect|Timid|||||50|]Scovillain||Scovillainite|Chlorophyll|RagePowder,GigaDrain,Overheat,Protect|Bold||M|||50|]Aerodactyl||FocusSash|Unnerve|Tailwind,RockSlide,Protect,DualWingbeat|Jolly||F|||50|]Garchomp||ExpertBelt|RoughSkin|RockSlide,DragonClaw,Earthquake,Protect|Jolly||M|||50|]Primarina||MysticWater|LiquidVoice|CalmMind,HyperVoice,Moonblast,Protect|Modest||F|||50|]Charizard||CharizarditeY|SolarPower|HeatWave,SolarBeam,WeatherBall,Protect|Modest||M|||50|
|inactive|Battle timer is ON: inactive players will automatically lose when time's up. (requested by Capravolante97)
|inactive|FreezyPop439 has 60 seconds left.
|inactive|Capravolante97 has 60 seconds left.
|
|t:|1783088342
|teamsize|p1|4
|teamsize|p2|4
|start
|switch|p1a: Raichu|Raichu, L50, F|100/100
|switch|p1b: Gyarados|Gyarados, L50, M|100/100
|switch|p2a: Scovillain|Scovillain, L50, M|100/100
|switch|p2b: Primarina|Primarina, L50, F|100/100
|-ability|p1b: Gyarados|Intimidate|boost
|-unboost|p2a: Scovillain|atk|1
|-unboost|p2b: Primarina|atk|1
|turn|1
|inactive|Capravolante97 has 30 seconds left.
|
|t:|1783088371
|detailschange|p2a: Scovillain|Scovillain-Mega, L50, M
|-mega|p2a: Scovillain|Scovillain|Scovillainite
|move|p2b: Primarina|Protect|p2b: Primarina
|-singleturn|p2b: Primarina|Protect
|move|p1a: Raichu|Fake Out|p2a: Scovillain
|-damage|p2a: Scovillain|93/100
|-status|p1a: Raichu|brn|[from] ability: Spicy Spray|[of] p2a: Scovillain
|move|p1b: Gyarados|Dragon Dance|p1b: Gyarados
|-boost|p1b: Gyarados|atk|1
|-boost|p1b: Gyarados|spe|1
|cant|p2a: Scovillain|flinch
|
|-damage|p1a: Raichu|93/100 brn|[from] brn
|upkeep
|turn|2
|
|t:|1783088393
|detailschange|p1a: Raichu|Raichu-Mega-Y, L50, F
|-mega|p1a: Raichu|Raichu|Raichunite Y
|move|p2a: Scovillain|Rage Powder|p2a: Scovillain
|-singleturn|p2a: Scovillain|move: Rage Powder
|move|p1b: Gyarados|Waterfall|p2a: Scovillain
|-damage|p2a: Scovillain|36/100
|-status|p1b: Gyarados|brn|[from] ability: Spicy Spray|[of] p2a: Scovillain
|move|p1a: Raichu|Zap Cannon|p2a: Scovillain
|-resisted|p2a: Scovillain|1
|-damage|p2a: Scovillain|0 fnt
|faint|p2a: Scovillain
|move|p2b: Primarina|Hyper Voice|p1b: Gyarados|[spread] p1a,p1b
|-resisted|p1b: Gyarados|1
|-damage|p1a: Raichu|37/100 brn
|-damage|p1b: Gyarados|77/100 brn
|
|-damage|p1b: Gyarados|71/100 brn|[from] brn
|-damage|p1a: Raichu|31/100 brn|[from] brn
|upkeep
|
|t:|1783088407
|switch|p2a: Aerodactyl|Aerodactyl, L50, F|100/100
|-ability|p2a: Aerodactyl|Unnerve
|turn|3
|
|t:|1783088427
|move|p2a: Aerodactyl|Tailwind|p2a: Aerodactyl
|-sidestart|p2: Capravolante97|move: Tailwind
|move|p1b: Gyarados|Power Whip|p2b: Primarina
|-supereffective|p2b: Primarina|1
|-damage|p2b: Primarina|17/100
|move|p2b: Primarina|Hyper Voice|p1a: Raichu|[spread] p1a,p1b
|-resisted|p1b: Gyarados|1
|-damage|p1a: Raichu|0 fnt
|-damage|p1b: Gyarados|51/100 brn
|faint|p1a: Raichu
|
|-damage|p1b: Gyarados|45/100 brn|[from] brn
|upkeep
|
|t:|1783088442
|switch|p1a: Ceruledge|Ceruledge, L50, F|100/100
|turn|4
|
|t:|1783088460
|move|p1b: Gyarados|Protect|p1b: Gyarados
|-singleturn|p1b: Gyarados|Protect
|move|p1a: Ceruledge|Shadow Sneak|p2b: Primarina
|-damage|p2b: Primarina|0 fnt
|faint|p2b: Primarina
|move|p2a: Aerodactyl|Rock Slide|p1a: Ceruledge|[spread] 
|-activate|p1b: Gyarados|move: Protect
|-miss|p2a: Aerodactyl|p1a: Ceruledge
|
|-damage|p1b: Gyarados|39/100 brn|[from] brn
|upkeep
|
|t:|1783088468
|switch|p2b: Garchomp|Garchomp, L50, M|100/100
|turn|5
|
|t:|1783088476
|move|p1a: Ceruledge|Protect|p1a: Ceruledge
|-singleturn|p1a: Ceruledge|Protect
|move|p2a: Aerodactyl|Rock Slide|p1a: Ceruledge|[spread] p1b
|-activate|p1a: Ceruledge|move: Protect
|-supereffective|p1b: Gyarados|1
|-damage|p1b: Gyarados|0 fnt
|faint|p1b: Gyarados
|move|p2b: Garchomp|Earthquake|p1a: Ceruledge|[spread] 
|-activate|p1a: Ceruledge|move: Protect
|-immune|p2a: Aerodactyl
|
|upkeep
|
|t:|1783088484
|switch|p1b: Mamoswine|Mamoswine, L50, F|100/100
|turn|6
|
|t:|1783088499
|move|p1b: Mamoswine|Ice Shard|p2a: Aerodactyl
|-supereffective|p2a: Aerodactyl|1
|-damage|p2a: Aerodactyl|5/100
|-damage|p1b: Mamoswine|90/100|[from] item: Life Orb
|move|p1a: Ceruledge|Shadow Sneak|p2a: Aerodactyl
|-damage|p2a: Aerodactyl|0 fnt
|faint|p2a: Aerodactyl
|move|p2b: Garchomp|Rock Slide|p1b: Mamoswine|[spread] p1a,p1b
|-supereffective|p1a: Ceruledge|1
|-damage|p1a: Ceruledge|49/100
|-damage|p1b: Mamoswine|67/100
|
|-sideend|p2: Capravolante97|move: Tailwind
|upkeep
|turn|7
|
|t:|1783088510
|move|p1b: Mamoswine|Ice Shard|p2b: Garchomp
|-supereffective|p2b: Garchomp|2
|-damage|p2b: Garchomp|0 fnt
|faint|p2b: Garchomp
|-damage|p1b: Mamoswine|57/100|[from] item: Life Orb
|
|win|FreezyPop439
