|j|☆saiban004
|j|☆GWMicroK
|html|saiban004GWMicroK    
|uhtml|bestof|Game 2 of a best-of-3
|t:|1783987057
|gametype|doubles
|player|p1|saiban004|1|1148
|player|p2|GWMicroK|101|1103
|gen|9
|tier|[Gen 9 Champions] VGC 2026 Reg M-B (Bo3)
|rated|
|rule|Species Clause: Limit one of each Pokémon
|rule|Item Clause: Limit 1 of each item
|clearpoke
|poke|p1|Gengar, L50, M, shiny|
|poke|p1|Maushold-Four, L50|
|poke|p1|Incineroar, L50, F|
|poke|p1|Aegislash, L50, F, shiny|
|poke|p1|Swampert, L50, F|
|poke|p1|Sneasler, L50, M|
|poke|p2|Ditto, L50, shiny|
|poke|p2|Sinistcha-Masterpiece, L50, shiny|
|poke|p2|Pelipper, L50, F|
|poke|p2|Swampert, L50, M|
|poke|p2|Tyranitar, L50, F|
|poke|p2|Archaludon, L50, F|
|teampreview|4
|showteam|p1|Gengar||Gengarite|CursedBody|PerishSong,Protect,ShadowBall,Disable|Timid||M|||50|]Maushold-Four||KingsRock|FriendGuard|FollowMe,Encore,RainDance,PopulationBomb|Jolly|||||50|]Incineroar||SitrusBerry|Intimidate|FakeOut,FlareBlitz,PartingShot,DrainPunch|Adamant||F|||50|]Aegislash||Leftovers|StanceChange|WideGuard,KingsShield,IronHead,Poltergeist|Careful||F|||50|]Swampert||Swampertite|Torrent|Earthquake,FlipTurn,WaveCrash,BulkUp|Adamant||F|||50|]Sneasler||WhiteHerb|Unburden|CloseCombat,DireClaw,FakeOut,Coaching|Jolly||M|||50|
|showteam|p2|Ditto||QuickClaw|Imposter|Transform|Relaxed|||||50|]Sinistcha-Masterpiece||SitrusBerry|Hospitality|MatchaGotcha,TrickRoom,LifeDew,RagePowder|Bold|||||50|]Pelipper||FocusSash|Drizzle|WeatherBall,Hurricane,WideGuard,Tailwind|Timid||F|||50|]Swampert||Swampertite|Damp|WaveCrash,Earthquake,IcePunch,Protect|Adamant||M|||50|]Tyranitar||Tyranitarite|SandStream|KnockOff,RockSlide,DragonDance,Protect|Adamant||F|||50|]Archaludon||Leftovers|Stamina|DragonPulse,FlashCannon,ElectroShot,Protect|Modest||F|||50|
|inactive|Battle timer is ON: inactive players will automatically lose when time's up. (requested by GWMicroK)
|
|t:|1783987081
|teamsize|p1|4
|teamsize|p2|4
|start
|switch|p1a: Maushold|Maushold-Four, L50|100/100
|switch|p1b: Gengar|Gengar, L50, M, shiny|100/100
|switch|p2a: Sinistcha|Sinistcha-Masterpiece, L50, shiny|100/100
|switch|p2b: Swampert|Swampert, L50, M|100/100
|turn|1
|inactive|GWMicroK has 30 seconds left.
|
|t:|1783987112
|detailschange|p1b: Gengar|Gengar-Mega, L50, M, shiny
|-mega|p1b: Gengar|Gengar|Gengarite
|detailschange|p2b: Swampert|Swampert-Mega, L50, M
|-mega|p2b: Swampert|Swampert|Swampertite
|move|p1b: Gengar|Protect|p1b: Gengar
|-singleturn|p1b: Gengar|Protect
|move|p1a: Maushold|Population Bomb|p2b: Swampert|[miss]
|-miss|p1a: Maushold|p2b: Swampert
|move|p2b: Swampert|Earthquake|p1b: Gengar|[spread] p2a,p1a
|-activate|p1b: Gengar|move: Protect
|-resisted|p2a: Sinistcha|1
|-damage|p2a: Sinistcha|80/100
|-damage|p1a: Maushold|40/100
|move|p2a: Sinistcha|Trick Room|p2a: Sinistcha
|-fieldstart|move: Trick Room|[of] p2a: Sinistcha
|
|upkeep
|turn|2
|inactive|saiban004 has 30 seconds left.
|
|t:|1783987139
|switch|p1b: Sneasler|Sneasler, L50, M|100/100
|move|p2a: Sinistcha|Matcha Gotcha|p1b: Sneasler|[spread] p1a,p1b
|-resisted|p1b: Sneasler|1
|-damage|p1a: Maushold|9/100
|-heal|p2a: Sinistcha|94/100|[from] drain|[of] p1a: Maushold
|-damage|p1b: Sneasler|89/100
|-heal|p2a: Sinistcha|100/100|[from] drain|[of] p1b: Sneasler
|-status|p1a: Maushold|brn
|move|p2b: Swampert|Earthquake|p1a: Maushold|[spread] p2a,p1a,p1b
|-resisted|p2a: Sinistcha|1
|-supereffective|p1b: Sneasler|1
|-damage|p2a: Sinistcha|80/100
|-damage|p1a: Maushold|0 fnt
|-damage|p1b: Sneasler|0 fnt
|faint|p1a: Maushold
|faint|p1b: Sneasler
|
|upkeep
|
|t:|1783987141
|switch|p1a: Aegislash|Aegislash, L50, F, shiny|100/100
|switch|p1b: Gengar|Gengar-Mega, L50, M, shiny|100/100
|turn|3
|inactive|GWMicroK has 30 seconds left.
|inactive|GWMicroK has 20 seconds left.
|
|t:|1783987179
|move|p1a: Aegislash|Wide Guard|p1a: Aegislash
|-singleturn|p1a: Aegislash|Wide Guard
|move|p2a: Sinistcha|Matcha Gotcha|p1a: Aegislash|[spread] 
|-activate|p1a: Aegislash|move: Wide Guard
|-activate|p1b: Gengar|move: Wide Guard
|move|p2b: Swampert|Earthquake|p1a: Aegislash|[spread] p2a
|-activate|p1a: Aegislash|move: Wide Guard
|-activate|p1b: Gengar|move: Wide Guard
|-resisted|p2a: Sinistcha|1
|-damage|p2a: Sinistcha|59/100
|move|p1b: Gengar|Shadow Ball|p2a: Sinistcha
|-supereffective|p2a: Sinistcha|1
|-damage|p2a: Sinistcha|0 fnt
|faint|p2a: Sinistcha
|
|upkeep
|
|t:|1783987200
|switch|p2a: Ditto|Ditto, L50, shiny|100/100
|-transform|p2a: Ditto|p1b: Gengar|[from] ability: Imposter
|turn|4
|-activate|p2a: Ditto|item: Quick Claw
|
|t:|1783987208
|move|p2a: Ditto|Protect|p2a: Ditto
|-singleturn|p2a: Ditto|Protect
|move|p1a: Aegislash|Wide Guard|p1a: Aegislash
|-singleturn|p1a: Aegislash|Wide Guard
|move|p2b: Swampert|Wave Crash|p1a: Aegislash
|-damage|p1a: Aegislash|37/100
|-damage|p2b: Swampert|81/100|[from] Recoil
|move|p1b: Gengar|Shadow Ball|p2a: Ditto
|-activate|p2a: Ditto|move: Protect
|
|-heal|p1a: Aegislash|43/100|[from] item: Leftovers
|upkeep
|turn|5
|inactive|GWMicroK has 30 seconds left.
|
|t:|1783987239
|switch|p2a: Pelipper|Pelipper, L50, F|100/100
|-weather|RainDance|[from] ability: Drizzle|[of] p2a: Pelipper
|-formechange|p1a: Aegislash|Aegislash-Blade|
|move|p1a: Aegislash|Poltergeist|p2b: Swampert
|-activate|p2b: Swampert|move: Poltergeist|Swampertite
|-damage|p2b: Swampert|22/100
|move|p1b: Gengar|Shadow Ball|p2a: Pelipper
|-damage|p2a: Pelipper|21/100
|move|p2b: Swampert|Wave Crash|p1b: Gengar
|-damage|p1b: Gengar|0 fnt
|faint|p1b: Gengar
|-damage|p2b: Swampert|0 fnt|[from] Recoil
|faint|p2b: Swampert
|
|-weather|RainDance|[upkeep]
|-heal|p1a: Aegislash|49/100|[from] item: Leftovers
|-fieldend|move: Trick Room
|upkeep
|
|t:|1783987260
|switch|p2b: Ditto|Ditto, L50, shiny|100/100
|-transform|p2b: Ditto|p1a: Aegislash|[from] ability: Imposter
|turn|6
|
|t:|1783987271
|-formechange|p1a: Aegislash|Aegislash|
|move|p1a: Aegislash|King's Shield|p1a: Aegislash
|-singleturn|p1a: Aegislash|Protect
|move|p2a: Pelipper|Weather Ball|p1a: Aegislash
|-activate|p1a: Aegislash|move: Protect
|move|p2b: Ditto|Poltergeist|p1a: Aegislash
|-activate|p1a: Aegislash|move: Protect
|
|-weather|RainDance|[upkeep]
|-heal|p1a: Aegislash|54/100|[from] item: Leftovers
|upkeep
|turn|7
|j| erifranck
|
|t:|1783987290
|move|p2a: Pelipper|Weather Ball|p1a: Aegislash
|-damage|p1a: Aegislash|8/100
|-formechange|p1a: Aegislash|Aegislash-Blade|
|move|p1a: Aegislash|Poltergeist|p2a: Pelipper
|-activate|p2a: Pelipper|move: Poltergeist|Focus Sash
|-damage|p2a: Pelipper|0 fnt
|faint|p2a: Pelipper
|move|p2b: Ditto|Poltergeist|p1a: Aegislash
|-activate|p1a: Aegislash|move: Poltergeist|Leftovers
|-supereffective|p1a: Aegislash|1
|-damage|p1a: Aegislash|0 fnt
|faint|p1a: Aegislash
|
|win|GWMicroK
|raw|saiban004's rating: 1148 → 1120(-28 for losing)
|raw|GWMicroK's rating: 1103 → 1131(+28 for winning)
|l|☆saiban004
|player|p1|
|l| erifranck
|l|☆GWMicroK
|player|p2|
|j|☆GWMicroK
|player|p2|GWMicroK|101|
