|j|☆Lacossg
|j|☆Frakub
|html|LacossgFrakub    
|uhtml|bestof|Game 2 of a best-of-3
|t:|1755260091
|gametype|doubles
|player|p1|Lacossg|102|1233
|player|p2|Frakub|acetrainer-gen4dp|1251
|gen|9
|tier|[Gen 9] VGC 2025 Reg H (Bo3)
|rated|
|rule|Species Clause: Limit one of each Pokémon
|rule|Item Clause: Limit 1 of each item
|clearpoke
|poke|p1|Pachirisu, L50, F|
|poke|p1|Ribombee, L50, M|
|poke|p1|Incineroar, L50, M|
|poke|p1|Rillaboom, L50, M|
|poke|p1|Garganacl, L50, F|
|poke|p1|Glimmora, L50, M|
|poke|p2|Kingambit, L50, M|
|poke|p2|Rillaboom, L50, M|
|poke|p2|Ninetales-Alola, L50, F|
|poke|p2|Dragonite, L50, F|
|poke|p2|Magmar, L50, M|
|poke|p2|Sneasler, L50, F|
|teampreview|4
|showteam|p1|Pachirisu||IapapaBerry|VoltAbsorb|FollowMe,SuperFang,Encore,Protect|||F|||50|,,,,,Water]Ribombee||FocusSash|ShieldDust|Tailwind,Moonblast,PollenPuff,QuiverDance|||M|||50|,,,,,Fairy]Incineroar||SafetyGoggles|Intimidate|KnockOff,FlareBlitz,PartingShot,FakeOut|||M|||50|,,,,,Ghost]Rillaboom||SitrusBerry|GrassySurge|HighHorsepower,LeechSeed,WoodHammer,FakeOut|||M|||50|,,,,,Fire]Garganacl||MarangaBerry|PurifyingSalt|SaltCure,Recover,StealthRock,Protect|||F|||50|,,,,,Ghost]Glimmora||CovertCloak|ToxicDebris|SpikyShield,SludgeBomb,PowerGem,EarthPower|||M|||50|,,,,,Grass
|showteam|p2|Kingambit||BlackGlasses|Defiant|KowtowCleave,SuckerPunch,SwordsDance,Protect|||M|||50|,,,,,Dark]Rillaboom||AssaultVest|GrassySurge|WoodHammer,GrassyGlide,HighHorsepower,FakeOut|||M|||50|,,,,,Fire]Ninetales-Alola||LightClay|SnowWarning|Blizzard,FreezeDry,Protect,AuroraVeil|||F|||50|,,,,,Ghost]Dragonite||LoadedDice|Multiscale|ScaleShot,ExtremeSpeed,Haze,Protect|||F|||50|,,,,,Steel]Magmar||Eviolite|VitalSpirit|Taunt,Overheat,FollowMe,Protect|||M|||50|,,,,,Ghost]Sneasler||FocusSash|PoisonTouch|FakeOut,DireClaw,CloseCombat,Protect|||F|||50|,,,,,Ghost
|inactive|Battle timer is ON: inactive players will automatically lose when time's up. (requested by Frakub)
|
|t:|1755260117
|teamsize|p1|4
|teamsize|p2|4
|start
|switch|p1a: Ribombee|Ribombee, L50, M|100/100
|switch|p1b: Pachirisu|Pachirisu, L50, F|100/100
|switch|p2a: Kingambit|Kingambit, L50, M|100/100
|switch|p2b: Magmar|Magmar, L50, M|100/100
|turn|1
|
|t:|1755260134
|-terastallize|p1a: Ribombee|Fairy
|move|p2b: Magmar|Follow Me|p2b: Magmar
|-singleturn|p2b: Magmar|move: Follow Me
|move|p1a: Ribombee|Quiver Dance|p1a: Ribombee
|-boost|p1a: Ribombee|spa|1
|-boost|p1a: Ribombee|spd|1
|-boost|p1a: Ribombee|spe|1
|move|p1b: Pachirisu|Super Fang|p2b: Magmar
|-damage|p2b: Magmar|50/100
|move|p2a: Kingambit|Swords Dance|p2a: Kingambit
|-boost|p2a: Kingambit|atk|2
|
|upkeep
|turn|2
|
|t:|1755260150
|move|p1b: Pachirisu|Protect|p1b: Pachirisu
|-singleturn|p1b: Pachirisu|Protect
|move|p1a: Ribombee|Moonblast|p2b: Magmar
|-resisted|p2b: Magmar
|-damage|p2b: Magmar|18/100
|move|p2b: Magmar|Overheat|p1a: Ribombee
|-damage|p1a: Ribombee|40/100
|-unboost|p2b: Magmar|spa|2
|move|p2a: Kingambit|Kowtow Cleave|p1a: Ribombee
|-resisted|p1a: Ribombee
|-damage|p1a: Ribombee|0 fnt
|faint|p1a: Ribombee
|
|upkeep
|
|t:|1755260169
|switch|p1a: Garganacl|Garganacl, L50, F|100/100
|turn|3
|
|t:|1755260184
|move|p1b: Pachirisu|Protect|p1b: Pachirisu
|-singleturn|p1b: Pachirisu|Protect
|move|p2b: Magmar|Follow Me|p2b: Magmar
|-singleturn|p2b: Magmar|move: Follow Me
|move|p2a: Kingambit|Kowtow Cleave|p1b: Pachirisu
|-activate|p1b: Pachirisu|move: Protect
|move|p1a: Garganacl|Salt Cure|p2b: Magmar
|-supereffective|p2b: Magmar
|-damage|p2b: Magmar|0 fnt
|faint|p2b: Magmar
|
|upkeep
|
|t:|1755260189
|switch|p2b: Rillaboom|Rillaboom, L50, M|100/100
|-fieldstart|move: Grassy Terrain|[from] ability: Grassy Surge|[of] p2b: Rillaboom
|turn|4
|
|t:|1755260200
|switch|p1b: Incineroar|Incineroar, L50, M|100/100
|-ability|p1b: Incineroar|Intimidate|boost
|-unboost|p2a: Kingambit|atk|1
|-ability|p2a: Kingambit|Defiant|boost
|-boost|p2a: Kingambit|atk|2
|-unboost|p2b: Rillaboom|atk|1
|move|p2b: Rillaboom|Fake Out|p1b: Incineroar
|-damage|p1b: Incineroar|91/100
|move|p2a: Kingambit|Kowtow Cleave|p1a: Garganacl
|-damage|p1a: Garganacl|15/100
|move|p1a: Garganacl|Salt Cure|p2a: Kingambit
|-resisted|p2a: Kingambit
|-damage|p2a: Kingambit|95/100
|-start|p2a: Kingambit|Salt Cure
|
|-heal|p1b: Incineroar|97/100|[from] Grassy Terrain
|-heal|p2a: Kingambit|100/100|[from] Grassy Terrain
|-heal|p1a: Garganacl|21/100|[from] Grassy Terrain
|-damage|p2a: Kingambit|76/100|[from] Salt Cure
|upkeep
|turn|5
|inactive|Lacossg has 30 seconds left.
|
|t:|1755260229
|switch|p2b: Sneasler|Sneasler, L50, F|100/100
|move|p2a: Kingambit|Protect|p2a: Kingambit
|-singleturn|p2a: Kingambit|Protect
|move|p1a: Garganacl|Protect|p1a: Garganacl
|-singleturn|p1a: Garganacl|Protect
|move|p1b: Incineroar|Flare Blitz|p2a: Kingambit
|-activate|p2a: Kingambit|move: Protect
|
|-heal|p1b: Incineroar|100/100|[from] Grassy Terrain
|-heal|p2a: Kingambit|82/100|[from] Grassy Terrain
|-heal|p1a: Garganacl|27/100|[from] Grassy Terrain
|-damage|p2a: Kingambit|57/100|[from] Salt Cure
|upkeep
|turn|6
|
|t:|1755260242
|switch|p1b: Pachirisu|Pachirisu, L50, F|100/100
|move|p1a: Garganacl|Protect||[still]
|-fail|p1a: Garganacl
|move|p2b: Sneasler|Fake Out|p1b: Pachirisu
|-damage|p1b: Pachirisu|82/100
|move|p2a: Kingambit|Kowtow Cleave|p1a: Garganacl
|-damage|p1a: Garganacl|0 fnt
|faint|p1a: Garganacl
|
|-heal|p1b: Pachirisu|88/100|[from] Grassy Terrain
|-heal|p2a: Kingambit|63/100|[from] Grassy Terrain
|-damage|p2a: Kingambit|38/100|[from] Salt Cure
|upkeep
|
|t:|1755260251
|switch|p1a: Incineroar|Incineroar, L50, M|100/100
|-ability|p1a: Incineroar|Intimidate|boost
|-unboost|p2a: Kingambit|atk|1
|-ability|p2a: Kingambit|Defiant|boost
|-boost|p2a: Kingambit|atk|2
|-unboost|p2b: Sneasler|atk|1
|turn|7
|inactive|Lacossg has 30 seconds left.
|inactive|Lacossg has 20 seconds left.
|
|t:|1755260288
|move|p2b: Sneasler|Protect|p2b: Sneasler
|-singleturn|p2b: Sneasler|Protect
|move|p2a: Kingambit|Protect|p2a: Kingambit
|-singleturn|p2a: Kingambit|Protect
|move|p1b: Pachirisu|Follow Me|p1b: Pachirisu
|-singleturn|p1b: Pachirisu|move: Follow Me
|move|p1a: Incineroar|Flare Blitz|p2a: Kingambit
|-activate|p2a: Kingambit|move: Protect
|
|-heal|p1b: Pachirisu|94/100|[from] Grassy Terrain
|-heal|p2a: Kingambit|44/100|[from] Grassy Terrain
|-damage|p2a: Kingambit|19/100|[from] Salt Cure
|upkeep
|turn|8
|
|t:|1755260309
|move|p2b: Sneasler|Dire Claw|p1b: Pachirisu
|-damage|p1b: Pachirisu|56/100
|-status|p1b: Pachirisu|slp
|cant|p1b: Pachirisu|slp
|move|p1a: Incineroar|Flare Blitz|p2b: Sneasler
|-damage|p2b: Sneasler|4/100
|-damage|p1a: Incineroar|75/100|[from] Recoil
|move|p2a: Kingambit|Kowtow Cleave|p1b: Pachirisu
|-damage|p1b: Pachirisu|0 fnt
|faint|p1b: Pachirisu
|
|-heal|p2b: Sneasler|10/100|[from] Grassy Terrain
|-heal|p1a: Incineroar|81/100|[from] Grassy Terrain
|-heal|p2a: Kingambit|25/100|[from] Grassy Terrain
|-damage|p2a: Kingambit|0 fnt|[from] Salt Cure
|faint|p2a: Kingambit
|-fieldend|move: Grassy Terrain
|upkeep
|
|t:|1755260312
|switch|p2a: Rillaboom|Rillaboom, L50, M|100/100
|-fieldstart|move: Grassy Terrain|[from] ability: Grassy Surge|[of] p2a: Rillaboom
|turn|9
|
|t:|1755260319
|-terastallize|p2a: Rillaboom|Fire
|move|p2b: Sneasler|Close Combat|p1a: Incineroar
|-supereffective|p1a: Incineroar
|-damage|p1a: Incineroar|3/100
|-unboost|p2b: Sneasler|def|1
|-unboost|p2b: Sneasler|spd|1
|move|p2a: Rillaboom|High Horsepower|p1a: Incineroar
|-supereffective|p1a: Incineroar
|-damage|p1a: Incineroar|0 fnt
|faint|p1a: Incineroar
|
|win|Frakub
|raw|Lacossg's rating: 1233 → 1209(-24 for losing)
|raw|Frakub's rating: 1251 → 1275(+24 for winning)
|l|☆Lacossg
|player|p1|
|c|☆Frakub|gg
