|j|☆rodjilius
|j|☆leoscerni
|html|rodjiliusleoscerni    
|uhtml|bestof|Game 3 of a best-of-3
|t:|1754614047
|gametype|doubles
|player|p1|rodjilius|benga|1260
|player|p2|leoscerni|170|1174
|gen|9
|tier|[Gen 9] VGC 2025 Reg H (Bo3)
|rated|
|rule|Species Clause: Limit one of each Pokémon
|rule|Item Clause: Limit 1 of each item
|clearpoke
|poke|p1|Kommo-o, L50, F|
|poke|p1|Rillaboom, L50, F|
|poke|p1|Gholdengo, L50|
|poke|p1|Arcanine-Hisui, L50, M|
|poke|p1|Grimmsnarl, L50, M|
|poke|p1|Farigiraf, L50, F|
|poke|p2|Tyranitar, L50, M|
|poke|p2|Talonflame, L50, F|
|poke|p2|Gyarados, L50, M|
|poke|p2|Amoonguss, L50, M|
|poke|p2|Garchomp, L50, F|
|poke|p2|Gholdengo, L50|
|teampreview|4
|showteam|p1|Kommo-o||Leftovers|Overcoat|BodyPress,IronDefense,ShadowClaw,Protect|||F|||50|,,,,,Fire]Rillaboom||AssaultVest|GrassySurge|FakeOut,WoodHammer,Uturn,GrassyGlide|||F|||50|,,,,,Water]Gholdengo||ChoiceSpecs|GoodasGold|MakeItRain,ShadowBall,DazzlingGleam,Trick||||||50|,,,,,Fairy]Arcanine-Hisui||ClearAmulet|Intimidate|RockSlide,FlareBlitz,ExtremeSpeed,Protect|||M|||50|,,,,,Fire]Grimmsnarl||LightClay|Prankster|Reflect,LightScreen,SpiritBreak,ThunderWave|||M|||50|,,,,,Steel]Farigiraf||GrassySeed|ArmorTail|PsychicNoise,Roar,HyperVoice,TrickRoom|||F|||50|,,,,,Water
|showteam|p2|Tyranitar||AssaultVest|SandStream|KnockOff,RockSlide,LowKick,TeraBlast|||M|||50|,,,,,Flying]Talonflame||CovertCloak|GaleWings|WillOWisp,BraveBird,FlareBlitz,Tailwind|||F|||50|,,,,,Flying]Gyarados||SitrusBerry|Intimidate|Waterfall,ThunderWave,Taunt,Protect|||M|||50|,,,,,Grass]Amoonguss||RockyHelmet|Regenerator|LeafStorm,Spore,RagePowder,Protect|||M|||50|,,,,,Water]Garchomp||LifeOrb|SandVeil|Protect,DragonClaw,StompingTantrum,Earthquake|||F|||50|,,,,,Fire]Gholdengo||ChoiceSpecs|GoodasGold|Trick,Thunderbolt,MakeItRain,ShadowBall||||||50|,,,,,Steel
|inactive|Battle timer is ON: inactive players will automatically lose when time's up. (requested by leoscerni)
|
|t:|1754614069
|teamsize|p1|4
|teamsize|p2|4
|start
|switch|p1a: Grimmsnarl|Grimmsnarl, L50, M|100/100
|switch|p1b: Arcanine|Arcanine-Hisui, L50, M|100/100
|switch|p2a: Gyarados|Gyarados, L50, M|100/100
|switch|p2b: Garchomp|Garchomp, L50, F|100/100
|-ability|p2a: Gyarados|Intimidate|boost
|-unboost|p1a: Grimmsnarl|atk|1
|-fail|p1b: Arcanine|unboost|[from] item: Clear Amulet|[of] p1b: Arcanine
|-ability|p1b: Arcanine|Intimidate|boost
|-unboost|p2a: Gyarados|atk|1
|-unboost|p2b: Garchomp|atk|1
|turn|1
|
|t:|1754614080
|move|p1b: Arcanine|Protect|p1b: Arcanine
|-singleturn|p1b: Arcanine|Protect
|move|p1a: Grimmsnarl|Reflect|p1a: Grimmsnarl
|-sidestart|p1: rodjilius|Reflect
|move|p2b: Garchomp|Earthquake|p1a: Grimmsnarl|[spread] p1a
|-activate|p1b: Arcanine|move: Protect
|-immune|p2a: Gyarados
|-damage|p1a: Grimmsnarl|73/100
|-damage|p2b: Garchomp|91/100|[from] item: Life Orb
|move|p2a: Gyarados|Taunt|p1a: Grimmsnarl
|-start|p1a: Grimmsnarl|move: Taunt
|
|upkeep
|turn|2
|
|t:|1754614102
|switch|p1b: Rillaboom|Rillaboom, L50, F|100/100
|-fieldstart|move: Grassy Terrain|[from] ability: Grassy Surge|[of] p1b: Rillaboom
|move|p2b: Garchomp|Protect|p2b: Garchomp
|-singleturn|p2b: Garchomp|Protect
|move|p2a: Gyarados|Thunder Wave|p1b: Rillaboom
|-status|p1b: Rillaboom|par
|move|p1a: Grimmsnarl|Spirit Break|p2a: Gyarados
|-damage|p2a: Gyarados|77/100
|-unboost|p2a: Gyarados|spa|1
|
|-heal|p2b: Garchomp|97/100|[from] Grassy Terrain
|-heal|p1a: Grimmsnarl|79/100|[from] Grassy Terrain
|upkeep
|turn|3
|inactive|leoscerni has 30 seconds left.
|
|t:|1754614137
|move|p2b: Garchomp|Dragon Claw|p1b: Rillaboom
|-damage|p1b: Rillaboom|74/100 par
|-damage|p2b: Garchomp|87/100|[from] item: Life Orb
|move|p2a: Gyarados|Thunder Wave|p1a: Grimmsnarl
|-status|p1a: Grimmsnarl|par
|move|p1b: Rillaboom|Wood Hammer|p2a: Gyarados
|-damage|p2a: Gyarados|0 fnt
|faint|p2a: Gyarados
|-damage|p1b: Rillaboom|49/100 par|[from] Recoil
|move|p1a: Grimmsnarl|Spirit Break|p2b: Garchomp
|-supereffective|p2b: Garchomp
|-damage|p2b: Garchomp|48/100
|-unboost|p2b: Garchomp|spa|1
|
|-heal|p2b: Garchomp|54/100|[from] Grassy Terrain
|-heal|p1b: Rillaboom|55/100 par|[from] Grassy Terrain
|-heal|p1a: Grimmsnarl|85/100 par|[from] Grassy Terrain
|upkeep
|
|t:|1754614159
|switch|p2a: Tyranitar|Tyranitar, L50, M|100/100
|-weather|Sandstorm|[from] ability: Sand Stream|[of] p2a: Tyranitar
|turn|4
|
|t:|1754614181
|switch|p1b: Arcanine|Arcanine-Hisui, L50, M|100/100
|-ability|p1b: Arcanine|Intimidate|boost
|-unboost|p2a: Tyranitar|atk|1
|-unboost|p2b: Garchomp|atk|1
|move|p2b: Garchomp|Dragon Claw|p1b: Arcanine
|-damage|p1b: Arcanine|79/100
|-damage|p2b: Garchomp|44/100|[from] item: Life Orb
|move|p2a: Tyranitar|Rock Slide|p1a: Grimmsnarl|[spread] p1a,p1b
|-crit|p1a: Grimmsnarl
|-supereffective|p1b: Arcanine
|-damage|p1a: Grimmsnarl|33/100 par
|-damage|p1b: Arcanine|47/100
|move|p1a: Grimmsnarl|Spirit Break|p2a: Tyranitar
|-supereffective|p2a: Tyranitar
|-crit|p2a: Tyranitar
|-damage|p2a: Tyranitar|27/100
|-unboost|p2a: Tyranitar|spa|1
|
|-weather|Sandstorm|[upkeep]
|-damage|p1a: Grimmsnarl|27/100 par|[from] Sandstorm
|-heal|p2b: Garchomp|50/100|[from] Grassy Terrain
|-heal|p1b: Arcanine|53/100|[from] Grassy Terrain
|-heal|p2a: Tyranitar|33/100|[from] Grassy Terrain
|-heal|p1a: Grimmsnarl|33/100 par|[from] Grassy Terrain
|-end|p1a: Grimmsnarl|move: Taunt
|upkeep
|turn|5
|inactive|rodjilius has 30 seconds left.
|inactive|leoscerni has 30 seconds left.
|inactive|rodjilius has 20 seconds left.
|inactive|leoscerni has 20 seconds left.
|inactive|rodjilius has 15 seconds left.
|inactive|leoscerni has 15 seconds left.
|
|t:|1754614223
|switch|p2a: Gholdengo|Gholdengo, L50|100/100
|move|p1b: Arcanine|Protect|p1b: Arcanine
|-singleturn|p1b: Arcanine|Protect
|move|p2b: Garchomp|Stomping Tantrum|p1b: Arcanine
|-activate|p1b: Arcanine|move: Protect
|cant|p1a: Grimmsnarl|par
|
|-weather|Sandstorm|[upkeep]
|-damage|p1a: Grimmsnarl|27/100 par|[from] Sandstorm
|-heal|p2b: Garchomp|56/100|[from] Grassy Terrain
|-heal|p1b: Arcanine|59/100|[from] Grassy Terrain
|-heal|p1a: Grimmsnarl|33/100 par|[from] Grassy Terrain
|upkeep
|turn|6
|inactive|rodjilius has 30 seconds left.
|inactive|leoscerni has 30 seconds left.
|
|t:|1754614257
|switch|p2a: Tyranitar|Tyranitar, L50, M|33/100
|move|p1b: Arcanine|Extreme Speed|p2b: Garchomp|[miss]
|-miss|p1b: Arcanine|p2b: Garchomp
|move|p2b: Garchomp|Stomping Tantrum|p1b: Arcanine
|-supereffective|p1b: Arcanine
|-damage|p1b: Arcanine|0 fnt
|faint|p1b: Arcanine
|-damage|p2b: Garchomp|46/100|[from] item: Life Orb
|cant|p1a: Grimmsnarl|par
|
|-weather|Sandstorm|[upkeep]
|-damage|p1a: Grimmsnarl|27/100 par|[from] Sandstorm
|-heal|p2b: Garchomp|52/100|[from] Grassy Terrain
|-heal|p2a: Tyranitar|39/100|[from] Grassy Terrain
|-heal|p1a: Grimmsnarl|33/100 par|[from] Grassy Terrain
|-fieldend|move: Grassy Terrain
|upkeep
|
|t:|1754614272
|switch|p1b: Gholdengo|Gholdengo, L50|100/100
|turn|7
|
|t:|1754614288
|switch|p2b: Gholdengo|Gholdengo, L50|100/100
|move|p1a: Grimmsnarl|Light Screen|p1a: Grimmsnarl
|-sidestart|p1: rodjilius|move: Light Screen
|move|p1b: Gholdengo|Make It Rain|p2b: Gholdengo|[spread] p2a,p2b
|-supereffective|p2a: Tyranitar
|-resisted|p2b: Gholdengo
|-damage|p2a: Tyranitar|0 fnt
|-damage|p2b: Gholdengo|62/100
|-unboost|p1b: Gholdengo|spa|1
|faint|p2a: Tyranitar
|
|-weather|Sandstorm|[upkeep]
|-damage|p1a: Grimmsnarl|27/100 par|[from] Sandstorm
|upkeep
|
|t:|1754614295
|switch|p2a: Garchomp|Garchomp, L50, F|52/100
|turn|8
|
|t:|1754614313
|switch|p1b: Rillaboom|Rillaboom, L50, F|55/100 par
|-fieldstart|move: Grassy Terrain|[from] ability: Grassy Surge|[of] p1b: Rillaboom
|-terastallize|p2b: Gholdengo|Steel
|move|p2a: Garchomp|Stomping Tantrum|p1b: Rillaboom
|-resisted|p1b: Rillaboom
|-damage|p1b: Rillaboom|38/100 par
|-damage|p2a: Garchomp|42/100|[from] item: Life Orb
|move|p2b: Gholdengo|Make It Rain|p1a: Grimmsnarl|[spread] p1a,p1b
|-supereffective|p1a: Grimmsnarl
|-damage|p1a: Grimmsnarl|0 fnt
|-damage|p1b: Rillaboom|0 fnt
|-unboost|p2b: Gholdengo|spa|1
|faint|p1a: Grimmsnarl
|faint|p1b: Rillaboom
|
|-weather|none
|-heal|p2a: Garchomp|48/100|[from] Grassy Terrain
|-heal|p2b: Gholdengo|69/100|[from] Grassy Terrain
|-sideend|p1: rodjilius|Reflect
|upkeep
|
|t:|1754614327
|switch|p1b: Gholdengo|Gholdengo, L50|100/100
|turn|9
|
|t:|1754614341
|-terastallize|p1b: Gholdengo|Fairy
|move|p2a: Garchomp|Stomping Tantrum|p1b: Gholdengo
|-damage|p1b: Gholdengo|40/100
|-damage|p2a: Garchomp|39/100|[from] item: Life Orb
|move|p1b: Gholdengo|Make It Rain|p2b: Gholdengo|[spread] p2a,p2b
|-resisted|p2b: Gholdengo
|-damage|p2a: Garchomp|0 fnt
|-damage|p2b: Gholdengo|28/100
|-unboost|p1b: Gholdengo|spa|1
|faint|p2a: Garchomp
|move|p2b: Gholdengo|Make It Rain|p1b: Gholdengo
|-supereffective|p1b: Gholdengo
|-damage|p1b: Gholdengo|0 fnt
|-unboost|p2b: Gholdengo|spa|1
|faint|p1b: Gholdengo
|
|win|leoscerni
|raw|rodjilius's rating: 1260 → 1229(-31 for losing)
|raw|leoscerni's rating: 1174 → 1205(+31 for winning)
|l|☆rodjilius
|player|p1|
