|j|☆Fraudshifu
|j|☆dabaroniandcheese
|html|Fraudshifudabaroniandcheese    
|uhtml|bestof|Game 3 of a best-of-3
|t:|1755391975
|gametype|doubles
|player|p1|Fraudshifu|bruno|1133
|player|p2|dabaroniandcheese|fantina|1199
|gen|9
|tier|[Gen 9] VGC 2025 Reg H (Bo3)
|rated|
|rule|Species Clause: Limit one of each Pokémon
|rule|Item Clause: Limit 1 of each item
|clearpoke
|poke|p1|Gholdengo, L50|
|poke|p1|Murkrow, L50, M|
|poke|p1|Garchomp, L50, M|
|poke|p1|Indeedee-F, L50, F|
|poke|p1|Archaludon, L50, F|
|poke|p1|Decidueye-Hisui, L50, F|
|poke|p2|Ninetales-Alola, L50, M|
|poke|p2|Rillaboom, L50, M|
|poke|p2|Magmar, L50, M|
|poke|p2|Sneasler, L50, F|
|poke|p2|Kingambit, L50, F|
|poke|p2|Basculegion, L50, M|
|teampreview|4
|showteam|p1|Gholdengo||ChoiceSpecs|GoodasGold|MakeItRain,ShadowBall,Thunderbolt,PowerGem||||||50|,,,,,Steel]Murkrow||Eviolite|Prankster|Tailwind,Haze,FoulPlay,Protect|||M|||50|,,,,,Ghost]Garchomp||LifeOrb|RoughSkin|Earthquake,StompingTantrum,DragonClaw,Protect|||M|||50|,,,,,Water]Indeedee-F||PsychicSeed|PsychicSurge|FollowMe,TrickRoom,HelpingHand,Psychic|||F|||50|,,,,,Grass]Archaludon||PowerHerb|Sturdy|ElectroShot,Thunderbolt,DracoMeteor,Protect|||F|||50|,,,,,Electric]Decidueye-Hisui||ExpertBelt|Scrappy|TripleArrows,LeafBlade,BraveBird,Protect|||F|||50|,,,,,Steel
|showteam|p2|Ninetales-Alola||NeverMeltIce|SnowWarning|Blizzard,FreezeDry,Encore,Protect|||M|||50|,,,,,Ghost]Rillaboom||AssaultVest|GrassySurge|WoodHammer,FakeOut,Uturn,GrassyGlide|||M|||50|,,,,,Ghost]Magmar||Eviolite|VitalSpirit|Protect,HeatWave,WillOWisp,FollowMe|||M|||50|,,,,,Ghost]Sneasler||FocusSash|PoisonTouch|FakeOut,DireClaw,CloseCombat,Protect|||F|||50|,,,,,Ghost]Kingambit||BlackGlasses|Defiant|KowtowCleave,SwordsDance,SuckerPunch,Protect|||F|||50|,,,,,Fire]Basculegion||ChoiceScarf|Adaptability|WaveCrash,FlipTurn,TeraBlast,LastRespects|||M|||50|,,,,,Fighting
|inactive|Battle timer is ON: inactive players will automatically lose when time's up. (requested by dabaroniandcheese)
|inactive|dabaroniandcheese has 60 seconds left.
|
|t:|1755392019
|teamsize|p1|4
|teamsize|p2|4
|start
|switch|p1a: Murkrow|Murkrow, L50, M|100/100
|switch|p1b: Garchomp|Garchomp, L50, M|100/100
|switch|p2a: Basculegion|Basculegion, L50, M|100/100
|switch|p2b: Magmar|Magmar, L50, M|100/100
|turn|1
|
|t:|1755392041
|-terastallize|p2b: Magmar|Ghost
|move|p1a: Murkrow|Tailwind|p1a: Murkrow
|-sidestart|p1: Fraudshifu|move: Tailwind
|move|p1b: Garchomp|Earthquake|p2b: Magmar|[spread] p2a,p2b
|-immune|p1a: Murkrow
|-damage|p2a: Basculegion|39/100
|-damage|p2b: Magmar|62/100
|-damage|p1b: Garchomp|91/100|[from] item: Life Orb
|move|p2a: Basculegion|Flip Turn|p1a: Murkrow
|-damage|p1a: Murkrow|59/100
|
|t:|1755392052
|switch|p2a: Rillaboom|Rillaboom, L50, M|100/100|[from] Flip Turn
|-fieldstart|move: Grassy Terrain|[from] ability: Grassy Surge|[of] p2a: Rillaboom
|move|p2b: Magmar|Will-O-Wisp|p1b: Garchomp
|-status|p1b: Garchomp|brn
|
|-heal|p1b: Garchomp|97/100 brn|[from] Grassy Terrain
|-heal|p2b: Magmar|68/100|[from] Grassy Terrain
|-damage|p1b: Garchomp|91/100 brn|[from] brn
|upkeep
|turn|2
|inactive|dabaroniandcheese has 30 seconds left.
|inactive|Fraudshifu has 30 seconds left.
|
|t:|1755392085
|move|p1b: Garchomp|Dragon Claw|p2b: Magmar
|-damage|p2b: Magmar|45/100
|-damage|p1b: Garchomp|81/100 brn|[from] item: Life Orb
|move|p1a: Murkrow|Foul Play|p2b: Magmar
|-supereffective|p2b: Magmar
|-damage|p2b: Magmar|9/100
|move|p2b: Magmar|Heat Wave|p1a: Murkrow|[spread] p1a,p1b
|-resisted|p1b: Garchomp
|-damage|p1a: Murkrow|33/100
|-damage|p1b: Garchomp|68/100 brn
|-status|p1a: Murkrow|brn
|move|p2a: Rillaboom|Wood Hammer|p1a: Murkrow
|-resisted|p1a: Murkrow
|-damage|p1a: Murkrow|0 fnt
|faint|p1a: Murkrow
|-damage|p2a: Rillaboom|92/100|[from] Recoil
|
|-heal|p1b: Garchomp|74/100 brn|[from] Grassy Terrain
|-heal|p2b: Magmar|15/100|[from] Grassy Terrain
|-heal|p2a: Rillaboom|98/100|[from] Grassy Terrain
|-damage|p1b: Garchomp|68/100 brn|[from] brn
|upkeep
|
|t:|1755392095
|switch|p1a: Gholdengo|Gholdengo, L50|100/100
|turn|3
|
|t:|1755392110
|-terastallize|p1a: Gholdengo|Steel
|move|p2b: Magmar|Protect|p2b: Magmar
|-singleturn|p2b: Magmar|Protect
|move|p2a: Rillaboom|Grassy Glide|p1b: Garchomp
|-damage|p1b: Garchomp|33/100 brn
|-damage|p2a: Rillaboom|85/100|[from] ability: Rough Skin|[of] p1b: Garchomp
|move|p1b: Garchomp|Dragon Claw|p2a: Rillaboom
|-damage|p2a: Rillaboom|57/100
|-damage|p1b: Garchomp|24/100 brn|[from] item: Life Orb
|move|p1a: Gholdengo|Make It Rain|p2b: Magmar|[spread] p2a
|-activate|p2b: Magmar|move: Protect
|-damage|p2a: Rillaboom|0 fnt
|-unboost|p1a: Gholdengo|spa|1
|faint|p2a: Rillaboom
|
|-heal|p1b: Garchomp|30/100 brn|[from] Grassy Terrain
|-heal|p2b: Magmar|20/100|[from] Grassy Terrain
|-damage|p1b: Garchomp|24/100 brn|[from] brn
|upkeep
|
|t:|1755392127
|switch|p2a: Kingambit|Kingambit, L50, F|100/100
|turn|4
|
|t:|1755392144
|move|p2b: Magmar|Follow Me|p2b: Magmar
|-singleturn|p2b: Magmar|move: Follow Me
|move|p1b: Garchomp|Earthquake|p2a: Kingambit|[spread] p1a,p2a,p2b
|-supereffective|p1a: Gholdengo
|-supereffective|p2a: Kingambit
|-damage|p1a: Gholdengo|74/100
|-damage|p2a: Kingambit|80/100
|-damage|p2b: Magmar|11/100
|-damage|p1b: Garchomp|14/100 brn|[from] item: Life Orb
|move|p1a: Gholdengo|Make It Rain|p2b: Magmar|[spread] p2a,p2b
|-resisted|p2a: Kingambit
|-damage|p2a: Kingambit|43/100
|-damage|p2b: Magmar|0 fnt
|-unboost|p1a: Gholdengo|spa|1
|faint|p2b: Magmar
|move|p2a: Kingambit|Swords Dance|p2a: Kingambit
|-boost|p2a: Kingambit|atk|2
|
|-heal|p1b: Garchomp|20/100 brn|[from] Grassy Terrain
|-heal|p1a: Gholdengo|80/100|[from] Grassy Terrain
|-heal|p2a: Kingambit|49/100|[from] Grassy Terrain
|-damage|p1b: Garchomp|14/100 brn|[from] brn
|-sideend|p1: Fraudshifu|move: Tailwind
|upkeep
|
|t:|1755392164
|switch|p2b: Basculegion|Basculegion, L50, M|39/100
|turn|5
|
|t:|1755392175
|switch|p1a: Indeedee|Indeedee-F, L50, F|100/100
|-fieldstart|move: Psychic Terrain|[from] ability: Psychic Surge|[of] p1a: Indeedee
|-enditem|p1a: Indeedee|Psychic Seed
|-boost|p1a: Indeedee|spd|1|[from] item: Psychic Seed
|move|p2a: Kingambit|Sucker Punch||[still]
|-fail|p2a: Kingambit
|move|p2b: Basculegion|Last Respects|p1b: Garchomp
|-damage|p1b: Garchomp|0 fnt
|faint|p1b: Garchomp
|
|upkeep
|
|t:|1755392178
|switch|p1b: Gholdengo|Gholdengo, L50, tera:Steel|80/100
|turn|6
|
|t:|1755392189
|move|p2a: Kingambit|Protect|p2a: Kingambit
|-singleturn|p2a: Kingambit|Protect
|move|p1a: Indeedee|Follow Me|p1a: Indeedee
|-singleturn|p1a: Indeedee|move: Follow Me
|move|p2b: Basculegion|Last Respects|p1a: Indeedee
|-immune|p1a: Indeedee
|move|p1b: Gholdengo|Make It Rain|p2b: Basculegion|[spread] p2b
|-activate|p2a: Kingambit|move: Protect
|-resisted|p2b: Basculegion
|-damage|p2b: Basculegion|0 fnt
|-unboost|p1b: Gholdengo|spa|1
|faint|p2b: Basculegion
|
|upkeep
|turn|7
|
|t:|1755392200
|move|p1a: Indeedee|Follow Me|p1a: Indeedee
|-singleturn|p1a: Indeedee|move: Follow Me
|move|p1b: Gholdengo|Make It Rain|p2a: Kingambit
|-resisted|p2a: Kingambit
|-damage|p2a: Kingambit|3/100
|-unboost|p1b: Gholdengo|spa|1
|move|p2a: Kingambit|Kowtow Cleave|p1a: Indeedee
|-supereffective|p1a: Indeedee
|-damage|p1a: Indeedee|0 fnt
|faint|p1a: Indeedee
|
|upkeep
|turn|8
|
|t:|1755392202
|move|p1b: Gholdengo|Make It Rain|p2a: Kingambit
|-resisted|p2a: Kingambit
|-damage|p2a: Kingambit|0 fnt
|-unboost|p1b: Gholdengo|spa|1
|faint|p2a: Kingambit
|
|win|Fraudshifu
|raw|Fraudshifu's rating: 1133 → 1163(+30 for winning)
|raw|dabaroniandcheese's rating: 1199 → 1169(-30 for losing)
|c|☆Fraudshifu|Gg wo
|c|☆Fraudshifu|wp
