|j|☆SlayerST VGC
|j|☆acwrath
|html|SlayerST VGCacwrath    
|uhtml|bestof|Game 2 of a best-of-3
|t:|1783967446
|gametype|doubles
|player|p1|SlayerST VGC|cynthia|1000
|player|p2|acwrath|ariana|1000
|gen|9
|tier|[Gen 9 Champions] VGC 2026 Reg M-B (Bo3)
|rated|
|rule|Species Clause: Limit one of each Pokémon
|rule|Item Clause: Limit 1 of each item
|clearpoke
|poke|p1|Staraptor, L50, F|
|poke|p1|Garchomp, L50, M|
|poke|p1|Gholdengo, L50|
|poke|p1|Sneasler, L50, M|
|poke|p1|Farigiraf, L50, M|
|poke|p1|Whimsicott, L50, F|
|poke|p2|Incineroar, L50, F|
|poke|p2|Sinistcha, L50|
|poke|p2|Sneasler, L50, F|
|poke|p2|Floette-Eternal, L50, F|
|poke|p2|Garchomp, L50, F|
|poke|p2|Rotom-Wash, L50|
|teampreview|4
|showteam|p1|Staraptor||Staraptite|Intimidate|BraveBird,CloseCombat,Protect,Roost|Adamant||F|||50|]Garchomp||SitrusBerry|RoughSkin|DragonClaw,Earthquake,RockSlide,Protect|Adamant||M|||50|]Gholdengo||LifeOrb|GoodasGold|MakeItRain,ShadowBall,NastyPlot,Protect|Timid|||||50|]Sneasler||WhiteHerb|Unburden|CloseCombat,DireClaw,Protect,FakeOut|Adamant||M|||50|]Farigiraf||Leftovers|ArmorTail|Psychic,Imprison,TrickRoom,Protect|Bold||M|||50|]Whimsicott||FocusSash|Prankster|Moonblast,Tailwind,Encore,Charm|Timid||F|||50|
|showteam|p2|Incineroar||WhiteHerb|Intimidate|Taunt,FakeOut,FlareBlitz,PartingShot|Adamant||F|||50|]Sinistcha||Leftovers|Hospitality|RagePowder,MatchaGotcha,TrickRoom,ShadowBall|Modest|||||50|]Sneasler||FocusSash|Unburden|DireClaw,CloseCombat,FakeOut,Protect|Jolly||F|||50|]Floette-Eternal||Floettite|FlowerVeil|LightofRuin,Moonblast,CalmMind,Protect|Modest||F|||50|]Garchomp||Garchompite|RoughSkin|Earthquake,Flamethrower,RockSlide,Protect|Lonely||F|||50|]Rotom-Wash||SitrusBerry|Levitate|HydroPump,LightScreen,Reflect,WillOWisp|Modest|||||50|
|inactive|Battle timer is ON: inactive players will automatically lose when time's up. (requested by acwrath)
|
|t:|1783967508
|teamsize|p1|4
|teamsize|p2|4
|start
|switch|p1a: Gholdengo|Gholdengo, L50|100/100
|switch|p1b: Sneasler|Sneasler, L50, M|100/100
|switch|p2a: Incineroar|Incineroar, L50, F|100/100
|switch|p2b: Rotom|Rotom-Wash, L50|100/100
|-ability|p2a: Incineroar|Intimidate|boost
|-unboost|p1a: Gholdengo|atk|1
|-unboost|p1b: Sneasler|atk|1
|-enditem|p1b: Sneasler|White Herb
|-clearnegativeboost|p1b: Sneasler|[silent]
|turn|1
|
|t:|1783967529
|move|p1b: Sneasler|Close Combat|p2a: Incineroar
|-supereffective|p2a: Incineroar|1
|-damage|p2a: Incineroar|0 fnt
|-unboost|p1b: Sneasler|def|1
|-unboost|p1b: Sneasler|spd|1
|faint|p2a: Incineroar
|move|p1a: Gholdengo|Nasty Plot|p1a: Gholdengo
|-boost|p1a: Gholdengo|spa|2
|move|p2b: Rotom|Will-O-Wisp|p1b: Sneasler
|-status|p1b: Sneasler|brn
|
|-damage|p1b: Sneasler|94/100 brn|[from] brn
|upkeep
|inactive|acwrath has 30 seconds left.
|inactive|acwrath has 20 seconds left.
|
|t:|1783967567
|switch|p2a: Sneasler|Sneasler, L50, F|100/100
|turn|2
|
|t:|1783967591
|move|p1b: Sneasler|Protect|p1b: Sneasler
|-singleturn|p1b: Sneasler|Protect
|move|p1a: Gholdengo|Protect|p1a: Gholdengo
|-singleturn|p1a: Gholdengo|Protect
|move|p2a: Sneasler|Dire Claw|p1a: Gholdengo
|-activate|p1a: Gholdengo|move: Protect
|move|p2b: Rotom|Light Screen|p2b: Rotom
|-sidestart|p2: acwrath|move: Light Screen
|
|-damage|p1b: Sneasler|88/100 brn|[from] brn
|upkeep
|turn|3
|
|t:|1783967609
|move|p1b: Sneasler|Dire Claw|p2a: Sneasler
|-resisted|p2a: Sneasler|1
|-damage|p2a: Sneasler|80/100
|-status|p2a: Sneasler|par
|move|p1a: Gholdengo|Nasty Plot|p1a: Gholdengo
|-boost|p1a: Gholdengo|spa|2
|move|p2b: Rotom|Hydro Pump|p1a: Gholdengo
|-damage|p1a: Gholdengo|39/100
|move|p2a: Sneasler|Dire Claw|p1a: Gholdengo
|-immune|p1a: Gholdengo
|
|-damage|p1b: Sneasler|82/100 brn|[from] brn
|upkeep
|turn|4
|inactive|acwrath has 30 seconds left.
|
|t:|1783967639
|switch|p1b: Whimsicott|Whimsicott, L50, F|100/100
|move|p1a: Gholdengo|Protect|p1a: Gholdengo
|-singleturn|p1a: Gholdengo|Protect
|move|p2a: Sneasler|Protect|p2a: Sneasler
|-singleturn|p2a: Sneasler|Protect
|move|p2b: Rotom|Hydro Pump|p1a: Gholdengo
|-activate|p1a: Gholdengo|move: Protect
|
|upkeep
|turn|5
|
|t:|1783967660
|switch|p2b: Garchomp|Garchomp, L50, F|100/100
|move|p1b: Whimsicott|Tailwind|p1b: Whimsicott
|-sidestart|p1: SlayerST VGC|move: Tailwind
|move|p1a: Gholdengo|Make It Rain|p2b: Garchomp|[spread] p2a,p2b
|-damage|p2a: Sneasler|0 fnt
|-damage|p2b: Garchomp|0 fnt
|-unboost|p1a: Gholdengo|spa|2
|faint|p2a: Sneasler
|faint|p2b: Garchomp
|-damage|p1a: Gholdengo|29/100|[from] item: Life Orb
|
|upkeep
|-message|acwrath forfeited.
|
|win|SlayerST VGC
|raw|SlayerST VGC's rating: 1000 → 1040(+40 for winning)
|raw|acwrath's rating: 1000 → 1000(+0 for losing)
|l|☆acwrath
|player|p2|
