|j|☆ninaez
|j|☆Togore Gaming
|html|ninaezTogore Gaming    
|uhtml|bestof|Game 1 of a best-of-3
|t:|1756426424
|gametype|doubles
|player|p1|ninaez|169|1223
|player|p2|Togore Gaming|richboy-gen4|1234
|gen|9
|tier|[Gen 9] VGC 2025 Reg H (Bo3)
|rated|
|rule|Species Clause: Limit one of each Pokémon
|rule|Item Clause: Limit 1 of each item
|clearpoke
|poke|p1|Incineroar, L50, M|
|poke|p1|Annihilape, L50, F|
|poke|p1|Whimsicott, L50, M|
|poke|p1|Dragonite, L50, M|
|poke|p1|Ursaluna-Bloodmoon, L50, M|
|poke|p1|Archaludon, L50, F|
|poke|p2|Indeedee, L50, M|
|poke|p2|Sneasler, L50, F|
|poke|p2|Drifblim, L50, F|
|poke|p2|Ursaluna-Bloodmoon, L50, M|
|poke|p2|Electabuzz, L50, F|
|poke|p2|Corviknight, L50, M|
|teampreview|4
|showteam|p1|Incineroar||SitrusBerry|Intimidate|FakeOut,PartingShot,KnockOff,FlareBlitz|||M|||50|,,,,,Grass]Annihilape||SafetyGoggles|Defiant|Coaching,RageFist,CloseCombat,FinalGambit|||F|||50|,,,,,Water]Whimsicott||FocusSash|Prankster|Moonblast,Tailwind,Encore,FakeTears|||M|||50|,,,,,Ghost]Dragonite||LoadedDice|Multiscale|ScaleShot,Protect,ExtremeSpeed,Haze|||M|||50|,,,,,Steel]Ursaluna-Bloodmoon||AssaultVest|MindsEye|BloodMoon,HyperVoice,EarthPower,VacuumWave|||M|||50|,,,,,Poison]Archaludon||PowerHerb|Stalwart|Thunderbolt,DragonPulse,ElectroShot,Protect|||F|||50|,,,,,Electric
|showteam|p2|Indeedee||FocusSash|PsychicSurge|ExpandingForce,TeraBlast,Imprison,TrickRoom|||M|||50|,,,,,Ground]Sneasler||WhiteHerb|Unburden|DireClaw,CloseCombat,ThroatChop,Protect|||F|||50|,,,,,Dark]Drifblim||PsychicSeed|Unburden|Acrobatics,WillOWisp,Tailwind,Haze|||F|||50|,,,,,Grass]Ursaluna-Bloodmoon||LifeOrb|MindsEye|BloodMoon,HyperVoice,EarthPower,Protect|||M|||50|,,,,,Normal]Electabuzz||Eviolite|VitalSpirit|Electroweb,FollowMe,Taunt,Protect|||F|||50|,,,,,Dragon]Corviknight||SitrusBerry|MirrorArmor|BraveBird,BodyPress,BulkUp,Roost|||M|||50|,,,,,Fire
|inactive|Battle timer is ON: inactive players will automatically lose when time's up. (requested by Togore Gaming)
|inactive|ninaez also wants the timer to be on.
|inactive|Togore Gaming has 60 seconds left.
|
|t:|1756426462
|teamsize|p1|4
|teamsize|p2|4
|start
|switch|p1a: Dragonite|Dragonite, L50, M|100/100
|switch|p1b: Ursaluna|Ursaluna-Bloodmoon, L50, M|100/100
|switch|p2a: Indeedee|Indeedee, L50, M|100/100
|switch|p2b: Drifblim|Drifblim, L50, F|100/100
|-fieldstart|move: Psychic Terrain|[from] ability: Psychic Surge|[of] p2a: Indeedee
|-enditem|p2b: Drifblim|Psychic Seed
|-boost|p2b: Drifblim|spd|1|[from] item: Psychic Seed
|turn|1
|inactive|ninaez has 30 seconds left.
|
|t:|1756426490
|move|p1a: Dragonite|Protect|p1a: Dragonite
|-singleturn|p1a: Dragonite|Protect
|move|p2b: Drifblim|Will-O-Wisp|p1a: Dragonite
|-activate|p1a: Dragonite|move: Protect
|move|p2a: Indeedee|Expanding Force|p1b: Ursaluna|[spread] p1b
|-activate|p1a: Dragonite|move: Protect
|-damage|p1b: Ursaluna|64/100
|move|p1b: Ursaluna|Hyper Voice|p2a: Indeedee|[spread] p2a,p2b
|-crit|p2b: Drifblim
|-damage|p2a: Indeedee|48/100
|-damage|p2b: Drifblim|42/100
|
|upkeep
|turn|2
|
|t:|1756426502
|switch|p1a: Incineroar|Incineroar, L50, M|100/100
|-ability|p1a: Incineroar|Intimidate|boost
|-unboost|p2a: Indeedee|atk|1
|-unboost|p2b: Drifblim|atk|1
|move|p2b: Drifblim|Tailwind|p2b: Drifblim
|-sidestart|p2: Togore Gaming|move: Tailwind
|move|p2a: Indeedee|Expanding Force|p1a: Incineroar|[spread] p1b
|-immune|p1a: Incineroar
|-damage|p1b: Ursaluna|30/100
|move|p1b: Ursaluna|Hyper Voice|p2a: Indeedee|[spread] p2a,p2b
|-crit|p2a: Indeedee
|-damage|p2a: Indeedee|0 fnt
|-damage|p2b: Drifblim|15/100
|faint|p2a: Indeedee
|
|upkeep
|inactive|Togore Gaming has 30 seconds left.
|
|t:|1756426532
|switch|p2a: Sneasler|Sneasler, L50, F|100/100
|turn|3
|
|t:|1756426550
|-terastallize|p1a: Incineroar|Grass
|move|p2a: Sneasler|Protect|p2a: Sneasler
|-singleturn|p2a: Sneasler|Protect
|move|p2b: Drifblim|Acrobatics|p1a: Incineroar
|-supereffective|p1a: Incineroar
|-damage|p1a: Incineroar|64/100
|move|p1a: Incineroar|Parting Shot|p2a: Sneasler
|-activate|p2a: Sneasler|move: Protect
|move|p1b: Ursaluna|Hyper Voice|p2a: Sneasler|[spread] p2b
|-activate|p2a: Sneasler|move: Protect
|-damage|p2b: Drifblim|0 fnt
|faint|p2b: Drifblim
|
|upkeep
|
|t:|1756426561
|switch|p2b: Ursaluna|Ursaluna-Bloodmoon, L50, M|100/100
|turn|4
|
|t:|1756426580
|switch|p1a: Annihilape|Annihilape, L50, F|100/100
|-terastallize|p2b: Ursaluna|Normal
|move|p2a: Sneasler|Dire Claw|p1a: Annihilape
|-resisted|p1a: Annihilape
|-damage|p1a: Annihilape|79/100
|move|p2b: Ursaluna|Hyper Voice|p1b: Ursaluna|[spread] p1a,p1b
|-damage|p1a: Annihilape|17/100
|-damage|p1b: Ursaluna|0 fnt
|faint|p1b: Ursaluna
|-damage|p2b: Ursaluna|91/100|[from] item: Life Orb
|
|upkeep
|
|t:|1756426591
|switch|p1b: Dragonite|Dragonite, L50, M|100/100
|turn|5
|
|t:|1756426608
|move|p2a: Sneasler|Protect|p2a: Sneasler
|-singleturn|p2a: Sneasler|Protect
|move|p2b: Ursaluna|Protect|p2b: Ursaluna
|-singleturn|p2b: Ursaluna|Protect
|move|p1b: Dragonite|Protect|p1b: Dragonite
|-singleturn|p1b: Dragonite|Protect
|move|p1a: Annihilape|Close Combat|p2b: Ursaluna
|-activate|p2b: Ursaluna|move: Protect
|
|-sideend|p2: Togore Gaming|move: Tailwind
|-fieldend|move: Psychic Terrain
|upkeep
|turn|6
|inactive|Togore Gaming has 30 seconds left.
|inactive|Togore Gaming has 20 seconds left.
|
|t:|1756426647
|move|p2a: Sneasler|Dire Claw|p1b: Dragonite
|-damage|p1b: Dragonite|74/100
|-status|p1b: Dragonite|par
|move|p1a: Annihilape|Close Combat|p2b: Ursaluna
|-supereffective|p2b: Ursaluna
|-damage|p2b: Ursaluna|12/100
|-unboost|p1a: Annihilape|def|1
|-unboost|p1a: Annihilape|spd|1
|move|p2b: Ursaluna|Blood Moon|p1b: Dragonite
|-damage|p1b: Dragonite|0 fnt
|faint|p1b: Dragonite
|-damage|p2b: Ursaluna|2/100|[from] item: Life Orb
|
|upkeep
|
|t:|1756426654
|switch|p1b: Incineroar|Incineroar, L50, M, tera:Grass|64/100
|-ability|p1b: Incineroar|Intimidate|boost
|-unboost|p2a: Sneasler|atk|1
|-unboost|p2b: Ursaluna|atk|1
|-enditem|p2a: Sneasler|White Herb
|-clearnegativeboost|p2a: Sneasler|[silent]
|turn|7
|
|t:|1756426669
|move|p2a: Sneasler|Protect|p2a: Sneasler
|-singleturn|p2a: Sneasler|Protect
|move|p2b: Ursaluna|Protect|p2b: Ursaluna
|-singleturn|p2b: Ursaluna|Protect
|move|p1b: Incineroar|Fake Out|p2b: Ursaluna
|-activate|p2b: Ursaluna|move: Protect
|move|p1a: Annihilape|Coaching|p1b: Incineroar
|-boost|p1b: Incineroar|atk|1
|-boost|p1b: Incineroar|def|1
|
|upkeep
|turn|8
|
|t:|1756426684
|move|p2a: Sneasler|Dire Claw|p1a: Annihilape
|-resisted|p1a: Annihilape
|-crit|p1a: Annihilape
|-damage|p1a: Annihilape|0 fnt
|faint|p1a: Annihilape
|move|p2b: Ursaluna|Blood Moon|p1b: Incineroar
|-damage|p1b: Incineroar|0 fnt
|faint|p1b: Incineroar
|-damage|p2b: Ursaluna|0 fnt|[from] item: Life Orb
|faint|p2b: Ursaluna
|
|win|Togore Gaming
||ninaez is ready for game 2.
||Togore Gaming is ready for game 2.
|uhtml|next|Next: Game 2 of 3
|l|☆ninaez
|player|p1|
