|j|☆TheFoxGamer15
|j|☆Galyon13
|html|TheFoxGamer15Galyon13    
|uhtml|bestof|Game 2 of a best-of-3
|t:|1782590205
|gametype|doubles
|player|p1|TheFoxGamer15|ethan|
|player|p2|Galyon13|102|
|gen|9
|tier|[Gen 9 Champions] VGC 2026 Reg M-B (Bo3)
|rule|Species Clause: Limit one of each Pokémon
|rule|Item Clause: Limit 1 of each item
|clearpoke
|poke|p1|Aerodactyl, L50, M|
|poke|p1|Garchomp, L50, M|
|poke|p1|Sneasler, L50, F|
|poke|p1|Kingambit, L50, M|
|poke|p1|Charizard, L50, M|
|poke|p1|Venusaur, L50, F, shiny|
|poke|p2|Meganium, L50, F|
|poke|p2|Politoed, L50, M|
|poke|p2|Basculegion, L50, M|
|poke|p2|Archaludon, L50, M|
|poke|p2|Incineroar, L50, F|
|poke|p2|Gengar, L50, M|
|teampreview|4
|showteam|p1|Aerodactyl||Aerodactylite|Pressure|RockSlide,Tailwind,AerialAce,Crunch|Adamant||M|||50|]Garchomp||ChoiceScarf|RoughSkin|DragonClaw,Earthquake,RockSlide,PoisonJab|Adamant||M|||50|]Sneasler||WhiteHerb|Unburden|Protect,FakeOut,DireClaw,CloseCombat|Adamant||F|||50|]Kingambit||BlackGlasses|Defiant|KowtowCleave,SuckerPunch,IronHead,LowKick|Brave||M|||50|]Charizard||CharizarditeY|SolarPower|Protect,HeatWave,SolarBeam,WeatherBall|Timid||M|||50|]Venusaur||FocusSash|Chlorophyll|SolarBeam,Protect,SludgeBomb,SleepPowder|Timid||F|||50|
|showteam|p2|Meganium||Meganiumite|Overgrow|SolarBeam,DazzlingGleam,Synthesis,WeatherBall|Calm||F|||50|]Politoed||Leftovers|Drizzle|MuddyWater,Encore,PerishSong,Protect|Bold||M|||50|]Basculegion||MysticWater|SwiftSwim|LastRespects,WaveCrash,FlipTurn,Protect|Jolly||M|||50|]Archaludon||LifeOrb|Stamina|ElectroShot,FlashCannon,Snarl,Protect|Bold||M|||50|]Incineroar||SitrusBerry|Intimidate|WillOWisp,PartingShot,FakeOut,ThroatChop|Brave||F|||50|]Gengar||Gengarite|CursedBody|SludgeBomb,PerishSong,Protect,Disable|Bold||M|||50|
|
|t:|1782590242
|teamsize|p1|4
|teamsize|p2|4
|start
|switch|p1a: Charizard|Charizard, L50, M|100/100
|switch|p1b: Venusaur|Venusaur, L50, F, shiny|100/100
|switch|p2a: Basculegion|Basculegion, L50, M|100/100
|switch|p2b: Meganium|Meganium, L50, F|100/100
|turn|1
|
|t:|1782590293
|detailschange|p1a: Charizard|Charizard-Mega-Y, L50, M
|-mega|p1a: Charizard|Charizard|Charizardite Y
|-weather|SunnyDay|[from] ability: Drought|[of] p1a: Charizard
|detailschange|p2b: Meganium|Meganium-Mega, L50, F
|-mega|p2b: Meganium|Meganium|Meganiumite
|move|p1a: Charizard|Protect|p1a: Charizard
|-singleturn|p1a: Charizard|Protect
|move|p1b: Venusaur|Sleep Powder|p2a: Basculegion
|-status|p2a: Basculegion|slp|[from] move: Sleep Powder
|cant|p2a: Basculegion|slp
|move|p2b: Meganium|Weather Ball|p1b: Venusaur
|-supereffective|p1b: Venusaur|1
|-enditem|p1b: Venusaur|Focus Sash
|-damage|p1b: Venusaur|1/100
|
|-weather|SunnyDay|[upkeep]
|upkeep
|turn|2
|
|t:|1782590314
|switch|p2a: Politoed|Politoed, L50, M|100/100
|-weather|RainDance|[from] ability: Drizzle|[of] p2a: Politoed
|move|p1a: Charizard|Weather Ball|p2b: Meganium
|-resisted|p2b: Meganium|1
|-damage|p2b: Meganium|76/100
|move|p1b: Venusaur|Sludge Bomb|p2b: Meganium
|-supereffective|p2b: Meganium|2
|-damage|p2b: Meganium|0 fnt
|faint|p2b: Meganium
|
|-weather|RainDance|[upkeep]
|upkeep
|
|t:|1782590326
|switch|p2b: Archaludon|Archaludon, L50, M|100/100
|turn|3
|
|t:|1782590340
|switch|p1a: Kingambit|Kingambit, L50, M|100/100
|move|p1b: Venusaur|Sleep Powder|p2b: Archaludon
|-status|p2b: Archaludon|slp|[from] move: Sleep Powder
|cant|p2b: Archaludon|slp
|move|p2a: Politoed|Muddy Water|p1a: Kingambit|[spread] p1a,p1b
|-resisted|p1b: Venusaur|1
|-damage|p1a: Kingambit|63/100
|-damage|p1b: Venusaur|0 fnt
|faint|p1b: Venusaur
|
|-weather|RainDance|[upkeep]
|upkeep
|
|t:|1782590349
|switch|p1b: Charizard|Charizard-Mega-Y, L50, M|100/100
|-weather|SunnyDay|[from] ability: Drought|[of] p1b: Charizard
|turn|4
|
|t:|1782590358
|switch|p2a: Basculegion|Basculegion, L50, M|100/100 slp
|cant|p2b: Archaludon|slp
|move|p1b: Charizard|Weather Ball|p2b: Archaludon
|-damage|p2b: Archaludon|0 fnt
|faint|p2b: Archaludon
|move|p1a: Kingambit|Low Kick|p2a: Basculegion
|-immune|p2a: Basculegion
|
|-weather|SunnyDay|[upkeep]
|upkeep
|
|t:|1782590368
|switch|p2b: Politoed|Politoed, L50, M|100/100
|-weather|RainDance|[from] ability: Drizzle|[of] p2b: Politoed
|turn|5
|
|t:|1782590376
|move|p1b: Charizard|Protect|p1b: Charizard
|-singleturn|p1b: Charizard|Protect
|cant|p2a: Basculegion|slp
|move|p2b: Politoed|Muddy Water|p1b: Charizard|[spread] p1a
|-activate|p1b: Charizard|move: Protect
|-damage|p1a: Kingambit|29/100
|move|p1a: Kingambit|Kowtow Cleave|p2a: Basculegion
|-supereffective|p2a: Basculegion|1
|-damage|p2a: Basculegion|0 fnt
|faint|p2a: Basculegion
|
|-weather|RainDance|[upkeep]
|upkeep
|turn|6
|
|t:|1782590394
|switch|p1b: Sneasler|Sneasler, L50, F|100/100
|move|p1a: Kingambit|Sucker Punch|p2b: Politoed
|-damage|p2b: Politoed|47/100
|move|p2b: Politoed|Muddy Water|p1a: Kingambit|[spread] p1a,p1b
|-damage|p1a: Kingambit|0 fnt
|-damage|p1b: Sneasler|55/100
|faint|p1a: Kingambit
|
|-weather|RainDance|[upkeep]
|-heal|p2b: Politoed|53/100|[from] item: Leftovers
|upkeep
|
|t:|1782590402
|switch|p1a: Charizard|Charizard-Mega-Y, L50, M|100/100
|-weather|SunnyDay|[from] ability: Drought|[of] p1a: Charizard
|turn|7
|
|t:|1782590415
|move|p2b: Politoed|Protect|p2b: Politoed
|-singleturn|p2b: Politoed|Protect
|move|p1b: Sneasler|Fake Out|p2b: Politoed
|-activate|p2b: Politoed|move: Protect
|move|p1a: Charizard|Solar Beam||[still]
|-prepare|p1a: Charizard|Solar Beam
|-anim|p1a: Charizard|Solar Beam|p2b: Politoed
|-activate|p2b: Politoed|move: Protect
|
|-weather|SunnyDay|[upkeep]
|-heal|p2b: Politoed|59/100|[from] item: Leftovers
|upkeep
|turn|8
|
|t:|1782590424
|move|p1b: Sneasler|Dire Claw|p2b: Politoed
|-damage|p2b: Politoed|16/100
|-status|p2b: Politoed|par
|move|p1a: Charizard|Solar Beam||[still]
|-prepare|p1a: Charizard|Solar Beam
|-anim|p1a: Charizard|Solar Beam|p2b: Politoed
|-supereffective|p2b: Politoed|1
|-damage|p2b: Politoed|0 fnt
|faint|p2b: Politoed
|
|win|TheFoxGamer15
||Galyon13 is ready for game 3.
||TheFoxGamer15 is ready for game 3.
|uhtml|next|Next: Game 3 of 3
|l|☆Galyon13
|player|p2|
