|j|☆theyoler
|j|☆The RU Agenda
|html|theyolerThe RU Agenda    
|uhtml|bestof|Game 1 of a best-of-3
|t:|1783973919
|gametype|doubles
|player|p1|theyoler|clemont|1135
|player|p2|The RU Agenda|101|1208
|gen|9
|tier|[Gen 9 Champions] VGC 2026 Reg M-B (Bo3)
|rated|
|rule|Species Clause: Limit one of each Pokémon
|rule|Item Clause: Limit 1 of each item
|clearpoke
|poke|p1|Blaziken, L50, M|
|poke|p1|Venusaur, L50, M|
|poke|p1|Ninetales-Alola, L50, F|
|poke|p1|Lycanroc-Dusk, L50, M|
|poke|p1|Kingambit, L50, M|
|poke|p1|Basculegion, L50, M|
|poke|p2|Chesnaught, L50, M|
|poke|p2|Kingambit, L50, F|
|poke|p2|Toxapex, L50, F|
|poke|p2|Charizard, L50, M|
|poke|p2|Farigiraf, L50, M|
|poke|p2|Incineroar, L50, M|
|teampreview|4
|showteam|p1|Blaziken||Blazikenite|SpeedBoost|CloseCombat,FlareBlitz,RockSlide,Detect|Adamant||M|||50|]Venusaur||Venusaurite|Chlorophyll|GigaDrain,SludgeBomb,EarthPower,Protect|Modest||M|||50|]Ninetales-Alola||NeverMeltIce|SnowWarning|Blizzard,FreezeDry,Encore,Protect|Timid||F|||50|]Lycanroc-Dusk||FocusSash|ToughClaws|Accelerock,RockSlide,CloseCombat,Protect|Adamant||M|||50|]Kingambit||LifeOrb|Defiant|KowtowCleave,SuckerPunch,IronHead,Protect|Adamant||M|||50|]Basculegion||ChoiceScarf|Adaptability|WaveCrash,LastRespects,FlipTurn,AquaJet|Jolly||M|||50|
|showteam|p2|Chesnaught||Chesnaughtite|Bulletproof|SpikyShield,LeechSeed,IronDefense,BodyPress|Impish||M|||50|]Kingambit||LifeOrb|Defiant|Protect,SuckerPunch,KowtowCleave,LowKick|Adamant||F|||50|]Toxapex||Leftovers|Regenerator|BanefulBunker,Toxic,Infestation,WideGuard|Calm||F|||50|]Charizard||CharizarditeY|Blaze|Protect,HeatWave,WeatherBall,SolarBeam|Modest||M|||50|]Farigiraf||SitrusBerry|ArmorTail|TrickRoom,Psychic,DazzlingGleam,Thunderbolt|Relaxed||M|||50|]Incineroar||PasshoBerry|Intimidate|FakeOut,FlareBlitz,PartingShot,DarkestLariat|Brave||M|||50|
|inactive|Battle timer is ON: inactive players will automatically lose when time's up. (requested by theyoler)
|inactive|theyoler has 60 seconds left.
|inactive|The RU Agenda has 60 seconds left.
|c|☆theyoler|i hate toxapex
|c|☆The RU Agenda|who doesnt
|inactive|The RU Agenda has 30 seconds left.
|inactive|The RU Agenda has 20 seconds left.
|inactive|The RU Agenda has 15 seconds left.
|inactive|The RU Agenda has 10 seconds left.
|
|t:|1783974005
|teamsize|p1|4
|teamsize|p2|4
|start
|switch|p1a: Lycanroc|Lycanroc-Dusk, L50, M|100/100
|switch|p1b: Blaziken|Blaziken, L50, M|100/100
|switch|p2a: Toxapex|Toxapex, L50, F|100/100
|switch|p2b: Kingambit|Kingambit, L50, F|100/100
|turn|1
|inactive|theyoler has 30 seconds left.
|
|t:|1783974037
|detailschange|p1b: Blaziken|Blaziken-Mega, L50, M
|-mega|p1b: Blaziken|Blaziken|Blazikenite
|move|p2b: Kingambit|Protect|p2b: Kingambit
|-singleturn|p2b: Kingambit|Protect
|move|p1a: Lycanroc|Close Combat|p2b: Kingambit
|-activate|p2b: Kingambit|move: Protect
|move|p1b: Blaziken|Rock Slide|p2a: Toxapex|[spread] p2a
|-activate|p2b: Kingambit|move: Protect
|-damage|p2a: Toxapex|82/100
|move|p2a: Toxapex|Infestation|p1a: Lycanroc
|-damage|p1a: Lycanroc|94/100
|-activate|p1a: Lycanroc|move: Infestation|[of] p2a: Toxapex
|
|-heal|p2a: Toxapex|88/100|[from] item: Leftovers
|-damage|p1a: Lycanroc|82/100|[from] move: Infestation|[partiallytrapped]
|-ability|p1b: Blaziken|Speed Boost|boost
|-boost|p1b: Blaziken|spe|1
|upkeep
|turn|2
|
|t:|1783974059
|move|p2b: Kingambit|Sucker Punch|p1a: Lycanroc
|-damage|p1a: Lycanroc|0 fnt
|faint|p1a: Lycanroc
|-damage|p2b: Kingambit|90/100|[from] item: Life Orb
|move|p1b: Blaziken|Rock Slide|p2a: Toxapex|[spread] p2a,p2b
|-resisted|p2b: Kingambit|1
|-damage|p2a: Toxapex|68/100
|-damage|p2b: Kingambit|81/100
|cant|p2a: Toxapex|flinch
|
|-heal|p2a: Toxapex|74/100|[from] item: Leftovers
|-ability|p1b: Blaziken|Speed Boost|boost
|-boost|p1b: Blaziken|spe|1
|upkeep
|
|t:|1783974076
|switch|p1a: Ninetales|Ninetales-Alola, L50, F|100/100
|-weather|Snowscape|[from] ability: Snow Warning|[of] p1a: Ninetales
|turn|3
|c|☆theyoler|god is against toxapex
|inactive|theyoler has 30 seconds left.
|
|t:|1783974109
|move|p2b: Kingambit|Sucker Punch|p1b: Blaziken
|-resisted|p1b: Blaziken|1
|-damage|p1b: Blaziken|64/100
|-damage|p2b: Kingambit|72/100|[from] item: Life Orb
|move|p1b: Blaziken|Close Combat|p2b: Kingambit
|-supereffective|p2b: Kingambit|2
|-damage|p2b: Kingambit|0 fnt
|-unboost|p1b: Blaziken|def|1
|-unboost|p1b: Blaziken|spd|1
|faint|p2b: Kingambit
|move|p1a: Ninetales|Freeze-Dry|p2a: Toxapex
|-supereffective|p2a: Toxapex|1
|-damage|p2a: Toxapex|32/100
|move|p2a: Toxapex|Infestation|p1b: Blaziken
|-resisted|p1b: Blaziken|2
|-damage|p1b: Blaziken|63/100
|-activate|p1b: Blaziken|move: Infestation|[of] p2a: Toxapex
|
|-weather|Snowscape|[upkeep]
|-heal|p2a: Toxapex|38/100|[from] item: Leftovers
|-damage|p1b: Blaziken|50/100g|[from] move: Infestation|[partiallytrapped]
|-ability|p1b: Blaziken|Speed Boost|boost
|-boost|p1b: Blaziken|spe|1
|upkeep
|
|t:|1783974123
|switch|p2b: Bumcineroar|Incineroar, L50, M|100/100
|-ability|p2b: Bumcineroar|Intimidate|boost
|-unboost|p1a: Ninetales|atk|1
|-unboost|p1b: Blaziken|atk|1
|turn|4
|
|t:|1783974135
|move|p2b: Bumcineroar|Fake Out|p1a: Ninetales
|-damage|p1a: Ninetales|89/100
|move|p1b: Blaziken|Close Combat|p2b: Bumcineroar
|-supereffective|p2b: Bumcineroar|1
|-damage|p2b: Bumcineroar|16/100
|-unboost|p1b: Blaziken|def|1
|-unboost|p1b: Blaziken|spd|1
|cant|p1a: Ninetales|flinch
|move|p2a: Toxapex|Toxic|p1a: Ninetales
|-status|p1a: Ninetales|tox
|
|-weather|Snowscape|[upkeep]
|-heal|p2a: Toxapex|43/100|[from] item: Leftovers
|-damage|p1a: Ninetales|83/100 tox|[from] psn
|-damage|p1b: Blaziken|38/100|[from] move: Infestation|[partiallytrapped]
|-ability|p1b: Blaziken|Speed Boost|boost
|-boost|p1b: Blaziken|spe|1
|upkeep
|turn|5
|inactive|theyoler has 30 seconds left.
|inactive|theyoler has 20 seconds left.
|inactive|theyoler has 15 seconds left.
|
|t:|1783974175
|switch|p2b: Joe Raffe|Farigiraf, L50, M|100/100
|move|p2a: Toxapex|Baneful Bunker|p2a: Toxapex
|-singleturn|p2a: Toxapex|move: Protect
|move|p1b: Blaziken|Close Combat|p2b: Joe Raffe
|-damage|p2b: Joe Raffe|58/100
|-unboost|p1b: Blaziken|def|1
|-unboost|p1b: Blaziken|spd|1
|move|p1a: Ninetales|Freeze-Dry|p2a: Toxapex
|-activate|p2a: Toxapex|move: Protect
|
|-weather|Snowscape|[upkeep]
|-heal|p2a: Toxapex|49/100|[from] item: Leftovers
|-damage|p1a: Ninetales|70/100 tox|[from] psn
|-damage|p1b: Blaziken|26/100|[from] move: Infestation|[partiallytrapped]
|-ability|p1b: Blaziken|Speed Boost|boost
|-boost|p1b: Blaziken|spe|1
|upkeep
|turn|6
|
|t:|1783974195
|-heal|p2a: Toxapex|82/100|[from] ability: Regenerator|[silent]
|switch|p2a: Bumcineroar|Incineroar, L50, M|16/100
|-ability|p2a: Bumcineroar|Intimidate|boost
|-unboost|p1a: Ninetales|atk|1
|-unboost|p1b: Blaziken|atk|1
|move|p1b: Blaziken|Rock Slide|p2b: Joe Raffe|[spread] p2b
|-miss|p1b: Blaziken|p2a: Bumcineroar
|-damage|p2b: Joe Raffe|48/100
|-enditem|p2b: Joe Raffe|Sitrus Berry|[eat]
|-heal|p2b: Joe Raffe|73/100|[from] item: Sitrus Berry
|move|p1a: Ninetales|Freeze-Dry|p2a: Bumcineroar
|-resisted|p2a: Bumcineroar|1
|-damage|p2a: Bumcineroar|2/100
|move|p2b: Joe Raffe|Trick Room|p2b: Joe Raffe
|-fieldstart|move: Trick Room|[of] p2b: Joe Raffe
|
|-weather|Snowscape|[upkeep]
|-damage|p1a: Ninetales|52/100 tox|[from] psn
|-end|p1b: Blaziken|Infestation|[partiallytrapped]|[silent]
|-ability|p1b: Blaziken|Speed Boost|boost
|-boost|p1b: Blaziken|spe|1
|upkeep
|turn|7
|
|t:|1783974218
|move|p2a: Bumcineroar|Fake Out|p1a: Ninetales
|-damage|p1a: Ninetales|40/100 tox
|move|p2b: Joe Raffe|Dazzling Gleam|p1b: Blaziken|[spread] p1a,p1b
|-damage|p1a: Ninetales|24/100 tox
|-damage|p1b: Blaziken|0 fnt
|faint|p1b: Blaziken
|cant|p1a: Ninetales|flinch
|
|-weather|none
|-damage|p1a: Ninetales|0 fnt|[from] psn
|faint|p1a: Ninetales
|upkeep
|-message|theyoler forfeited.
|raw|theyoler's rating: 1135 → 1115(-20 for losing)
|raw|The RU Agenda's rating: 1208 → 1228(+20 for winning)
|
|win|The RU Agenda
|l|☆theyoler
|player|p1|
