|j|☆Delacruso
|j|☆Crownlessk1ng
|html|DelacrusoCrownlessk1ng    
|uhtml|bestof|Game 2 of a best-of-3
|t:|1783151556
|gametype|doubles
|player|p1|Delacruso|red|1113
|player|p2|Crownlessk1ng|1|1078
|gen|9
|tier|[Gen 9 Champions] VGC 2026 Reg M-B (Bo3)
|rated|
|rule|Species Clause: Limit one of each Pokémon
|rule|Item Clause: Limit 1 of each item
|clearpoke
|poke|p1|Charizard, L50, M, shiny|
|poke|p1|Garchomp, L50, M, shiny|
|poke|p1|Kingambit, L50, M, shiny|
|poke|p1|Sylveon, L50, M|
|poke|p1|Whimsicott, L50, M, shiny|
|poke|p1|Basculegion, L50, M, shiny|
|poke|p2|Garchomp, L50, M|
|poke|p2|Kingambit, L50, M, shiny|
|poke|p2|Sylveon, L50, F, shiny|
|poke|p2|Basculegion, L50, M, shiny|
|poke|p2|Charizard, L50, M, shiny|
|poke|p2|Whimsicott, L50, F|
|teampreview|4
|showteam|p1|Charizard||CharizarditeY|SolarPower|HeatWave,SolarBeam,ScorchingSands,Protect|Modest||M|||50|]Garchomp||LifeOrb|RoughSkin|Earthquake,DragonClaw,RockSlide,Protect|Jolly||M|||50|]Kingambit||BlackGlasses|Defiant|SuckerPunch,KowtowCleave,Protect,IronHead|Adamant||M|||50|]Sylveon||FairyFeather|Pixilate|HyperVoice,QuickAttack,HyperBeam,Protect|Modest||M|||50|]Whimsicott||FocusSash|Prankster|Moonblast,Tailwind,Encore,SunnyDay|Timid||M|||50|]Basculegion||ChoiceScarf|Adaptability|LastRespects,AquaJet,WaveCrash,FlipTurn|Jolly||M|||50|
|showteam|p2|Garchomp||LifeOrb|RoughSkin|Protect,DragonClaw,Earthquake,RockSlide|Jolly||M|||50|]Kingambit||ChopleBerry|Defiant|KowtowCleave,IronHead,Protect,SuckerPunch|Adamant||M|||50|]Sylveon||FairyFeather|Pixilate|HyperVoice,Detect,QuickAttack,HyperBeam|Modest||F|||50|]Basculegion||ChoiceScarf|Adaptability|WaveCrash,FlipTurn,AquaJet,LastRespects|Jolly||M|||50|]Charizard||CharizarditeY|Blaze|Protect,HeatWave,SolarBeam,WeatherBall|Modest||M|||50|]Whimsicott||FocusSash|Prankster|Moonblast,Protect,Tailwind,Encore|Timid||F|||50|
|inactive|Battle timer is ON: inactive players will automatically lose when time's up. (requested by Delacruso)
|inactive|Delacruso has 60 seconds left.
|inactive|Crownlessk1ng has 60 seconds left.
|
|t:|1783151616
|teamsize|p1|4
|teamsize|p2|4
|start
|switch|p1a: Whimsicott|Whimsicott, L50, M, shiny|100/100
|switch|p1b: Charizard|Charizard, L50, M, shiny|100/100
|switch|p2a: Garchomp|Garchomp, L50, M|100/100
|switch|p2b: Whimsicott|Whimsicott, L50, F|100/100
|turn|1
|inactive|Delacruso has 30 seconds left.
|inactive|Delacruso has 20 seconds left.
|
|t:|1783151651
|move|p1b: Charizard|Protect|p1b: Charizard
|-singleturn|p1b: Charizard|Protect
|move|p1a: Whimsicott|Moonblast|p2a: Garchomp
|-supereffective|p2a: Garchomp|1
|-damage|p2a: Garchomp|23/100
|move|p2b: Whimsicott|Moonblast|p1a: Whimsicott
|-damage|p1a: Whimsicott|46/100
|move|p2a: Garchomp|Rock Slide|p1b: Charizard|[spread] p1a
|-activate|p1b: Charizard|move: Protect
|-damage|p1a: Whimsicott|8/100
|-damage|p2a: Garchomp|13/100|[from] item: Life Orb
|
|upkeep
|turn|2
|
|t:|1783151676
|detailschange|p1b: Charizard|Charizard-Mega-Y, L50, M, shiny
|-mega|p1b: Charizard|Charizard|Charizardite Y
|-weather|SunnyDay|[from] ability: Drought|[of] p1b: Charizard
|move|p2a: Garchomp|Protect|p2a: Garchomp
|-singleturn|p2a: Garchomp|Protect
|move|p2b: Whimsicott|Encore|p1b: Charizard
|-start|p1b: Charizard|Encore
|move|p1b: Charizard|Protect||[still]
|-fail|p1b: Charizard
|move|p1a: Whimsicott|Tailwind|p1a: Whimsicott
|-sidestart|p1: Delacruso|move: Tailwind
|
|-weather|SunnyDay|[upkeep]
|upkeep
|turn|3
|inactive|Delacruso has 30 seconds left.
|inactive|Crownlessk1ng has 30 seconds left.
|
|t:|1783151710
|switch|p1b: Basculegion|Basculegion, L50, M, shiny|100/100
|switch|p2a: Sylveon|Sylveon, L50, F, shiny|100/100
|move|p2b: Whimsicott|Encore|p1a: Whimsicott
|-start|p1a: Whimsicott|Encore
|move|p1a: Whimsicott|Tailwind||[still]
|-fail|p1a: Whimsicott
|
|-weather|SunnyDay|[upkeep]
|upkeep
|turn|4
|inactive|Delacruso has 30 seconds left.
|inactive|Delacruso has 20 seconds left.
|
|t:|1783151747
|move|p1a: Whimsicott|Tailwind||[still]
|-fail|p1a: Whimsicott
|move|p2b: Whimsicott|Tailwind|p2b: Whimsicott
|-sidestart|p2: Crownlessk1ng|move: Tailwind
|move|p1b: Basculegion|Flip Turn|p2a: Sylveon
|-damage|p2a: Sylveon|74/100
|
|t:|1783151753
|switch|p1b: Charizard|Charizard-Mega-Y, L50, M, shiny|100/100|[from] Flip Turn
|move|p2a: Sylveon|Hyper Voice|p1b: Charizard|[spread] p1a,p1b
|-resisted|p1b: Charizard|1
|-damage|p1a: Whimsicott|0 fnt
|-damage|p1b: Charizard|79/100
|faint|p1a: Whimsicott
|
|-weather|SunnyDay|[upkeep]
|upkeep
|
|t:|1783151764
|switch|p1a: Garchomp|Garchomp, L50, M, shiny|100/100
|turn|5
|
|t:|1783151787
|move|p2b: Whimsicott|Protect|p2b: Whimsicott
|-singleturn|p2b: Whimsicott|Protect
|move|p2a: Sylveon|Detect|p2a: Sylveon
|-singleturn|p2a: Sylveon|Protect
|move|p1a: Garchomp|Earthquake|p2a: Sylveon|[spread] 
|-activate|p2a: Sylveon|move: Protect
|-activate|p2b: Whimsicott|move: Protect
|-immune|p1b: Charizard
|move|p1b: Charizard|Heat Wave|p2b: Whimsicott|[spread] 
|-activate|p2a: Sylveon|move: Protect
|-activate|p2b: Whimsicott|move: Protect
|
|-weather|SunnyDay|[upkeep]
|-sideend|p1: Delacruso|move: Tailwind
|upkeep
|turn|6
|inactive|Delacruso has 30 seconds left.
|inactive|Crownlessk1ng has 30 seconds left.
|inactive|Crownlessk1ng has 20 seconds left.
|
|t:|1783151825
|move|p1a: Garchomp|Protect|p1a: Garchomp
|-singleturn|p1a: Garchomp|Protect
|move|p2b: Whimsicott|Moonblast|p1b: Charizard
|-resisted|p1b: Charizard|1
|-damage|p1b: Charizard|63/100
|move|p2a: Sylveon|Hyper Voice|p1b: Charizard|[spread] p1b
|-activate|p1a: Garchomp|move: Protect
|-resisted|p1b: Charizard|1
|-crit|p1b: Charizard
|-damage|p1b: Charizard|29/100
|move|p1b: Charizard|Heat Wave|p2a: Sylveon|[spread] p2a
|-miss|p1b: Charizard|p2b: Whimsicott
|-damage|p2a: Sylveon|30/100
|
|-weather|none
|upkeep
|turn|7
|
|t:|1783151847
|switch|p1a: Basculegion|Basculegion, L50, M, shiny|100/100
|move|p1b: Charizard|Protect|p1b: Charizard
|-singleturn|p1b: Charizard|Protect
|move|p2b: Whimsicott|Moonblast|p1a: Basculegion
|-damage|p1a: Basculegion|58/100
|move|p2a: Sylveon|Hyper Voice|p1a: Basculegion|[spread] p1a
|-activate|p1b: Charizard|move: Protect
|-damage|p1a: Basculegion|7/100
|
|-sideend|p2: Crownlessk1ng|move: Tailwind
|upkeep
|turn|8
|
|t:|1783151867
|move|p2b: Whimsicott|Encore|p1b: Charizard
|-start|p1b: Charizard|Encore
|move|p1b: Charizard|Protect||[still]
|-fail|p1b: Charizard
|move|p2a: Sylveon|Quick Attack|p1a: Basculegion
|-damage|p1a: Basculegion|0 fnt
|faint|p1a: Basculegion
|
|upkeep
|
|t:|1783151875
|switch|p1a: Garchomp|Garchomp, L50, M, shiny|100/100
|turn|9
|
|t:|1783151885
|move|p1b: Charizard|Protect|p1b: Charizard
|-singleturn|p1b: Charizard|Protect
|move|p2a: Sylveon|Detect|p2a: Sylveon
|-singleturn|p2a: Sylveon|Protect
|move|p2b: Whimsicott|Moonblast|p1a: Garchomp
|-supereffective|p1a: Garchomp|1
|-damage|p1a: Garchomp|25/100
|move|p1a: Garchomp|Earthquake|p2b: Whimsicott|[spread] p2b
|-activate|p1b: Charizard|move: Protect
|-activate|p2a: Sylveon|move: Protect
|-resisted|p2b: Whimsicott|1
|-damage|p2b: Whimsicott|62/100
|-damage|p1a: Garchomp|15/100|[from] item: Life Orb
|
|upkeep
|turn|10
|
|t:|1783151910
|move|p1b: Charizard|Protect||[still]
|-fail|p1b: Charizard
|move|p2b: Whimsicott|Tailwind|p2b: Whimsicott
|-sidestart|p2: Crownlessk1ng|move: Tailwind
|move|p2a: Sylveon|Hyper Voice|p1a: Garchomp|[spread] p1a,p1b
|-supereffective|p1a: Garchomp|1
|-resisted|p1b: Charizard|1
|-damage|p1a: Garchomp|0 fnt
|-damage|p1b: Charizard|7/100
|faint|p1a: Garchomp
|
|-end|p1b: Charizard|Encore
|upkeep
|turn|11
|
|t:|1783151922
|move|p2b: Whimsicott|Encore|p1b: Charizard
|-start|p1b: Charizard|Encore
|move|p1b: Charizard|Protect|p1b: Charizard
|-singleturn|p1b: Charizard|Protect
|move|p2a: Sylveon|Hyper Voice|p1b: Charizard
|-activate|p1b: Charizard|move: Protect
|
|upkeep
|turn|12
|
|t:|1783151931
|move|p1b: Charizard|Protect||[still]
|-fail|p1b: Charizard
|move|p2b: Whimsicott|Moonblast|p1b: Charizard
|-resisted|p1b: Charizard|1
|-damage|p1b: Charizard|0 fnt
|faint|p1b: Charizard
|
|win|Crownlessk1ng
