|j|☆B0mb3r6969
|j|☆lukashz
|html|B0mb3r6969lukashz    
|uhtml|bestof|Game 1 of a best-of-3
|t:|1782269658
|gametype|doubles
|player|p1|B0mb3r6969|cynthia-gen4|1036
|player|p2|lukashz|elesa|1156
|gen|9
|tier|[Gen 9 Champions] VGC 2026 Reg M-B (Bo3)
|rated|
|rule|Species Clause: Limit one of each Pokémon
|rule|Item Clause: Limit 1 of each item
|clearpoke
|poke|p1|Gholdengo, L50|
|poke|p1|Toxapex, L50, F|
|poke|p1|Delphox, L50, F|
|poke|p1|Swampert, L50, M|
|poke|p1|Talonflame, L50, F|
|poke|p1|Raichu, L50, F|
|poke|p2|Incineroar, L50, F|
|poke|p2|Floette-Eternal, L50, F|
|poke|p2|Kingambit, L50, F|
|poke|p2|Sinistcha, L50|
|poke|p2|Basculegion, L50, M|
|poke|p2|Sneasler, L50, F|
|teampreview|4
|showteam|p1|Gholdengo||ChoiceScarf|GoodasGold|DazzlingGleam,FlashCannon,MakeItRain,ShadowBall|Modest|||||50|]Toxapex||Leftovers|Regenerator|BanefulBunker,Hex,Recover,Toxic|Sassy||F|||50|]Delphox||Delphoxite|Blaze|Protect,DazzlingGleam,ScorchingSands,HeatWave|Timid||F|||50|]Swampert||RindoBerry|Damp|HighHorsepower,IcePunch,Liquidation,PoisonJab|Adamant||M|||50|]Talonflame||SharpBeak|GaleWings|Protect,BraveBird,UpperHand,Tailwind|Jolly||F|||50|]Raichu||RaichuniteY|LightningRod|AlluringVoice,Electroweb,ZapCannon,Protect|Timid||F|||50|
|showteam|p2|Incineroar||SitrusBerry|Intimidate|FakeOut,PartingShot,FlareBlitz,HelpingHand|Careful||F|||50|]Floette-Eternal||Floettite|FlowerVeil|Protect,DazzlingGleam,CalmMind,DrainingKiss|Timid||F|||50|]Kingambit||BlackGlasses|Defiant|Protect,SuckerPunch,KowtowCleave,SwordsDance|Adamant||F|||50|]Sinistcha||FocusSash|Hospitality|Protect,RagePowder,TrickRoom,MatchaGotcha|Modest|||||50|]Basculegion||ChoiceScarf|Adaptability|FlipTurn,WaveCrash,AquaJet,LastRespects|Jolly||M|||50|]Sneasler||WhiteHerb|Unburden|Protect,FakeOut,DireClaw,CloseCombat|Adamant||F|||50|
|inactive|Battle timer is ON: inactive players will automatically lose when time's up. (requested by B0mb3r6969)
|inactive|lukashz has 60 seconds left.
|inactive|lukashz has 30 seconds left.
|inactive|lukashz has 20 seconds left.
|
|t:|1782269730
|teamsize|p1|4
|teamsize|p2|4
|start
|switch|p1a: Talonflame|Talonflame, L50, F|100/100
|switch|p1b: Swampert|Swampert, L50, M|100/100
|switch|p2a: Basculegion|Basculegion, L50, M|100/100
|switch|p2b: Incineroar|Incineroar, L50, F|100/100
|-ability|p2b: Incineroar|Intimidate|boost
|-unboost|p1a: Talonflame|atk|1
|-unboost|p1b: Swampert|atk|1
|turn|1
|
|t:|1782269753
|move|p1a: Talonflame|Protect|p1a: Talonflame
|-singleturn|p1a: Talonflame|Protect
|move|p2a: Basculegion|Flip Turn|p1a: Talonflame
|-activate|p1a: Talonflame|move: Protect
|move|p1b: Swampert|Liquidation|p2b: Incineroar
|-supereffective|p2b: Incineroar|1
|-damage|p2b: Incineroar|46/100
|-enditem|p2b: Incineroar|Sitrus Berry|[eat]
|-heal|p2b: Incineroar|71/100|[from] item: Sitrus Berry
|move|p2b: Incineroar|Parting Shot|p1b: Swampert
|-unboost|p1b: Swampert|atk|1
|-unboost|p1b: Swampert|spa|1
|
|t:|1782269768
|switch|p2b: Kingambit|Kingambit, L50, F|100/100|[from] Parting Shot
|
|upkeep
|turn|2
|
|t:|1782269780
|switch|p1b: Gholdengo|Gholdengo, L50|100/100
|move|p1a: Talonflame|Tailwind|p1a: Talonflame
|-sidestart|p1: B0mb3r6969|move: Tailwind
|move|p2a: Basculegion|Flip Turn|p1a: Talonflame
|-supereffective|p1a: Talonflame|1
|-damage|p1a: Talonflame|1/100
|
|t:|1782269796
|switch|p2a: Incineroar|Incineroar, L50, F|71/100|[from] Flip Turn
|-ability|p2a: Incineroar|Intimidate|boost
|-unboost|p1a: Talonflame|atk|1
|-unboost|p1b: Gholdengo|atk|1
|move|p2b: Kingambit|Swords Dance|p2b: Kingambit
|-boost|p2b: Kingambit|atk|2
|
|upkeep
|turn|3
|
|t:|1782269812
|move|p1a: Talonflame|Protect|p1a: Talonflame
|-singleturn|p1a: Talonflame|Protect
|move|p1b: Gholdengo|Dazzling Gleam|p2b: Kingambit|[spread] p2a,p2b
|-damage|p2a: Incineroar|51/100
|-damage|p2b: Kingambit|76/100
|move|p2b: Kingambit|Kowtow Cleave|p1b: Gholdengo
|-supereffective|p1b: Gholdengo|1
|-damage|p1b: Gholdengo|0 fnt
|faint|p1b: Gholdengo
|move|p2a: Incineroar|Parting Shot|p1a: Talonflame
|-activate|p1a: Talonflame|move: Protect
|
|upkeep
|
|t:|1782269825
|switch|p1b: Swampert|Swampert, L50, M|100/100
|turn|4
|
|t:|1782269845
|move|p2b: Kingambit|Protect|p2b: Kingambit
|-singleturn|p2b: Kingambit|Protect
|move|p1a: Talonflame|Upper Hand||[still]
|-fail|p1a: Talonflame
|move|p1b: Swampert|High Horsepower|p2b: Kingambit
|-activate|p2b: Kingambit|move: Protect
|move|p2a: Incineroar|Parting Shot|p1b: Swampert
|-unboost|p1b: Swampert|atk|1
|-unboost|p1b: Swampert|spa|1
|
|t:|1782269862
|switch|p2a: Basculegion|Basculegion, L50, M|100/100|[from] Parting Shot
|
|upkeep
|turn|5
|
|t:|1782269876
|move|p1a: Talonflame|Upper Hand||[still]
|-fail|p1a: Talonflame
|move|p1b: Swampert|High Horsepower|p2b: Kingambit|[miss]
|-miss|p1b: Swampert|p2b: Kingambit
|move|p2a: Basculegion|Flip Turn|p1a: Talonflame
|-supereffective|p1a: Talonflame|1
|-damage|p1a: Talonflame|0 fnt
|faint|p1a: Talonflame
|
|t:|1782269889
|switch|p2a: Incineroar|Incineroar, L50, F|51/100|[from] Flip Turn
|-ability|p2a: Incineroar|Intimidate|boost
|-unboost|p1b: Swampert|atk|1
|move|p2b: Kingambit|Kowtow Cleave|p1b: Swampert
|-damage|p1b: Swampert|0 fnt
|faint|p1b: Swampert
|
|-sideend|p1: B0mb3r6969|move: Tailwind
|upkeep
|
|t:|1782269907
|switch|p1a: Raichu|Raichu, L50, F|100/100
|turn|6
|
|t:|1782269929
|detailschange|p1a: Raichu|Raichu-Mega-Y, L50, F
|-mega|p1a: Raichu|Raichu|Raichunite Y
|move|p2b: Kingambit|Sucker Punch|p1a: Raichu
|-damage|p1a: Raichu|0 fnt
|faint|p1a: Raichu
|
|win|lukashz
||lukashz is ready for game 2.
|inactive|B0mb3r6969 has 30 seconds to confirm battle start!
||B0mb3r6969 is ready for game 2.
|uhtml|next|Next: Game 2 of 3
|l|☆B0mb3r6969
|player|p1|
