|j|☆BobbySamuel
|j|☆DrXJ13
|html|BobbySamuelDrXJ13    
|uhtml|bestof|Game 3 of a best-of-3
|t:|1756979695
|gametype|doubles
|player|p1|BobbySamuel|benga|1118
|player|p2|DrXJ13|102|1131
|gen|9
|tier|[Gen 9] VGC 2025 Reg H (Bo3)
|rated|
|rule|Species Clause: Limit one of each Pokémon
|rule|Item Clause: Limit 1 of each item
|clearpoke
|poke|p1|Politoed, L50, F|
|poke|p1|Gothitelle, L50, F|
|poke|p1|Kingdra, L50, M|
|poke|p1|Archaludon, L50, M|
|poke|p1|Amoonguss, L50, M|
|poke|p1|Incineroar, L50, F|
|poke|p2|Sinistcha, L50|
|poke|p2|Ursaluna-Bloodmoon, L50, M|
|poke|p2|Incineroar, L50, M|
|poke|p2|Sneasler, L50, F|
|poke|p2|Dragonite, L50, F|
|poke|p2|Corviknight, L50, F|
|teampreview|4
|showteam|p1|Politoed||Leftovers|Drizzle|Protect,PerishSong,WeatherBall,Encore|||F|||50|,,,,,Grass]Gothitelle||SitrusBerry|ShadowTag|Protect,FakeOut,Psychic,TrickRoom|||F|||50|,,,,,Dark]Kingdra||LifeOrb|SwiftSwim|Protect,WeatherBall,DracoMeteor,MuddyWater|||M|||50|,,,,,Stellar]Archaludon||PowerHerb|Sturdy|Protect,ElectroShot,DragonPulse,FlashCannon|||M|||50|,,,,,Electric]Amoonguss||EjectButton|Regenerator|Protect,PollenPuff,RagePowder,Spore|||M|||50|,,,,,Fairy]Incineroar||SafetyGoggles|Intimidate|Protect,FakeOut,KnockOff,PartingShot|||F|||50|,,,,,Ghost
|showteam|p2|Sinistcha||RockyHelmet|Hospitality|MatchaGotcha,ShadowBall,TrickRoom,RagePowder||||||50|,,,,,Water]Ursaluna-Bloodmoon||Leftovers|MindsEye|HyperVoice,EarthPower,CalmMind,Protect|||M|||50|,,,,,Dragon]Incineroar||SafetyGoggles|Intimidate|FakeOut,KnockOff,FlareBlitz,PartingShot|||M|||50|,,,,,Ghost]Sneasler||FocusSash|Unburden|Coaching,DireClaw,CloseCombat,Protect|||F|||50|,,,,,Stellar]Dragonite||LoadedDice|Multiscale|ScaleShot,ExtremeSpeed,Haze,Protect|||F|||50|,,,,,Fairy]Corviknight||CovertCloak|MirrorArmor|DualWingbeat,Tailwind,IronHead,Taunt|||F|||50|,,,,,Dragon
|inactive|Battle timer is ON: inactive players will automatically lose when time's up. (requested by DrXJ13)
|inactive|BobbySamuel also wants the timer to be on.
|inactive|BobbySamuel has 60 seconds left.
|
|t:|1756979730
|teamsize|p1|4
|teamsize|p2|4
|start
|switch|p1a: Politoed|Politoed, L50, F|100/100
|switch|p1b: Gothitelle|Gothitelle, L50, F|100/100
|switch|p2a: Onichan|Dragonite, L50, F|100/100
|switch|p2b: Tuex|Sneasler, L50, F|100/100
|-weather|RainDance|[from] ability: Drizzle|[of] p1a: Politoed
|turn|1
|inactive|BobbySamuel has 30 seconds left.
|
|t:|1756979763
|move|p1b: Gothitelle|Fake Out|p2a: Onichan
|-crit|p2a: Onichan
|-damage|p2a: Onichan|96/100
|move|p2b: Tuex|Coaching|p2a: Onichan
|-boost|p2a: Onichan|atk|1
|-boost|p2a: Onichan|def|1
|cant|p2a: Onichan|flinch
|move|p1a: Politoed|Perish Song|p1a: Politoed
|-start|p1a: Politoed|perish3|[silent]
|-start|p1b: Gothitelle|perish3|[silent]
|-start|p2a: Onichan|perish3|[silent]
|-start|p2b: Tuex|perish3|[silent]
|-fieldactivate|move: Perish Song
|
|-weather|RainDance|[upkeep]
|-start|p2b: Tuex|perish3
|-start|p2a: Onichan|perish3
|-start|p1a: Politoed|perish3
|-start|p1b: Gothitelle|perish3
|upkeep
|turn|2
|inactive|BobbySamuel has 30 seconds left.
|inactive|BobbySamuel has 20 seconds left.
|inactive|BobbySamuel has 15 seconds left.
|inactive|BobbySamuel has 10 seconds left.
|
|t:|1756979811
|move|p1a: Politoed|Protect|p1a: Politoed
|-singleturn|p1a: Politoed|Protect
|move|p1b: Gothitelle|Protect|p1b: Gothitelle
|-singleturn|p1b: Gothitelle|Protect
|move|p2b: Tuex|Dire Claw|p1a: Politoed
|-activate|p1a: Politoed|move: Protect
|move|p2a: Onichan|Scale Shot|p1b: Gothitelle
|-activate|p1b: Gothitelle|move: Protect
|
|-weather|RainDance|[upkeep]
|-start|p2b: Tuex|perish2
|-start|p2a: Onichan|perish2
|-start|p1a: Politoed|perish2
|-start|p1b: Gothitelle|perish2
|upkeep
|turn|3
|inactive|BobbySamuel has 30 seconds left.
|
|t:|1756979840
|switch|p1a: Incineroar|Incineroar, L50, F|100/100
|-ability|p1a: Incineroar|Intimidate|boost
|-unboost|p2a: Onichan|atk|1
|-unboost|p2b: Tuex|atk|1
|move|p2b: Tuex|Dire Claw|p1b: Gothitelle
|-damage|p1b: Gothitelle|76/100
|-status|p1b: Gothitelle|slp
|move|p2a: Onichan|Scale Shot|p1b: Gothitelle
|-damage|p1b: Gothitelle|62/100 slp
|-damage|p1b: Gothitelle|48/100 slp
|-enditem|p1b: Gothitelle|Sitrus Berry|[eat]
|-heal|p1b: Gothitelle|73/100 slp|[from] item: Sitrus Berry
|-damage|p1b: Gothitelle|59/100 slp
|-damage|p1b: Gothitelle|46/100 slp
|-damage|p1b: Gothitelle|32/100 slp
|-hitcount|p1b: Gothitelle|5
|-unboost|p2a: Onichan|def|1
|-boost|p2a: Onichan|spe|1
|cant|p1b: Gothitelle|slp
|
|-weather|RainDance|[upkeep]
|-start|p2a: Onichan|perish1
|-start|p2b: Tuex|perish1
|-start|p1b: Gothitelle|perish1
|upkeep
|turn|4
|inactive|BobbySamuel has 30 seconds left.
|inactive|DrXJ13 has 30 seconds left.
|inactive|BobbySamuel has 20 seconds left.
|inactive|DrXJ13 has 20 seconds left.
|inactive|BobbySamuel has 15 seconds left.
|
|t:|1756979883
|switch|p1b: Politoed|Politoed, L50, F|100/100
|move|p1a: Incineroar|Fake Out|p2b: Tuex
|-damage|p2b: Tuex|81/100
|move|p2a: Onichan|Scale Shot|p1b: Politoed
|-damage|p1b: Politoed|85/100
|-damage|p1b: Politoed|69/100
|-damage|p1b: Politoed|54/100
|-damage|p1b: Politoed|38/100
|-hitcount|p1b: Politoed|4
|-unboost|p2a: Onichan|def|1
|-boost|p2a: Onichan|spe|1
|cant|p2b: Tuex|flinch
|
|-weather|RainDance|[upkeep]
|-heal|p1b: Politoed|44/100|[from] item: Leftovers
|-start|p2a: Onichan|perish0
|-start|p2b: Tuex|perish0
|upkeep
|faint|p2a: Onichan
|faint|p2b: Tuex
|
|t:|1756979899
|switch|p2b: Wellington|Ursaluna-Bloodmoon, L50, M|100/100
|switch|p2a: Maximiliano|Corviknight, L50, F|100/100
|turn|5
|inactive|BobbySamuel has 30 seconds left.
|
|t:|1756979924
|-terastallize|p2b: Wellington|Dragon
|move|p2a: Maximiliano|Tailwind|p2a: Maximiliano
|-sidestart|p2: DrXJ13|move: Tailwind
|move|p2b: Wellington|Earth Power|p1a: Incineroar
|-supereffective|p1a: Incineroar
|-damage|p1a: Incineroar|29/100
|move|p1b: Politoed|Weather Ball|p2b: Wellington
|-resisted|p2b: Wellington
|-damage|p2b: Wellington|76/100
|move|p1a: Incineroar|Parting Shot|p2b: Wellington
|-unboost|p2b: Wellington|atk|1
|-unboost|p2b: Wellington|spa|1
|
|t:|1756979936
|switch|p1a: Gothitelle|Gothitelle, L50, F|32/100 slp|[from] Parting Shot
|
|-weather|none
|-heal|p2b: Wellington|82/100|[from] item: Leftovers
|-heal|p1b: Politoed|50/100|[from] item: Leftovers
|upkeep
|turn|6
|
|t:|1756979946
|switch|p1b: Incineroar|Incineroar, L50, F|29/100
|-ability|p1b: Incineroar|Intimidate|boost
|-ability|p2a: Maximiliano|Mirror Armor
|-unboost|p1b: Incineroar|atk|1
|-unboost|p2b: Wellington|atk|1
|cant|p1a: Gothitelle|slp
|move|p2a: Maximiliano|Taunt|p1b: Incineroar
|-start|p1b: Incineroar|move: Taunt
|move|p2b: Wellington|Calm Mind|p2b: Wellington
|-boost|p2b: Wellington|spa|1
|-boost|p2b: Wellington|spd|1
|
|-heal|p2b: Wellington|88/100|[from] item: Leftovers
|upkeep
|turn|7
|inactive|BobbySamuel has 30 seconds left.
|
|t:|1756979975
|move|p2a: Maximiliano|Dual Wingbeat|p1b: Incineroar
|-crit|p1b: Incineroar
|-damage|p1b: Incineroar|7/100
|-damage|p1b: Incineroar|0 fnt
|faint|p1b: Incineroar
|-hitcount|p1: Incineroar|2
|move|p2b: Wellington|Calm Mind|p2b: Wellington
|-boost|p2b: Wellington|spa|1
|-boost|p2b: Wellington|spd|1
|-curestatus|p1a: Gothitelle|slp|[msg]
|move|p1a: Gothitelle|Psychic|p2b: Wellington
|-damage|p2b: Wellington|74/100
|
|-heal|p2b: Wellington|80/100|[from] item: Leftovers
|upkeep
|
|t:|1756979988
|switch|p1b: Kingdra|Kingdra, L50, M, shiny|100/100
|turn|8
|
|t:|1756979998
|switch|p1a: Politoed|Politoed, L50, F|50/100
|-weather|RainDance|[from] ability: Drizzle|[of] p1a: Politoed
|-terastallize|p1b: Kingdra|Stellar
|move|p1b: Kingdra|Draco Meteor|p2b: Wellington
|-supereffective|p2b: Wellington
|-damage|p2b: Wellington|0 fnt
|-unboost|p1b: Kingdra|spa|2
|faint|p2b: Wellington
|-damage|p1b: Kingdra|91/100|[from] item: Life Orb
|move|p2a: Maximiliano|Dual Wingbeat|p1b: Kingdra
|-damage|p1b: Kingdra|69/100
|-damage|p1b: Kingdra|47/100
|-hitcount|p1b: Kingdra|2
|
|-weather|RainDance|[upkeep]
|-heal|p1a: Politoed|56/100|[from] item: Leftovers
|-sideend|p2: DrXJ13|move: Tailwind
|upkeep
|turn|9
|inactive|BobbySamuel has 30 seconds left.
|
|t:|1756980027
|move|p1b: Kingdra|Weather Ball|p2a: Maximiliano
|-damage|p2a: Maximiliano|34/100
|-damage|p1b: Kingdra|37/100|[from] item: Life Orb
|move|p2a: Maximiliano|Dual Wingbeat|p1a: Politoed
|-damage|p1a: Politoed|39/100
|-damage|p1a: Politoed|21/100
|-hitcount|p1a: Politoed|2
|move|p1a: Politoed|Weather Ball|p2a: Maximiliano
|-damage|p2a: Maximiliano|0 fnt
|faint|p2a: Maximiliano
|
|win|BobbySamuel
|raw|BobbySamuel's rating: 1118 → 1144(+26 for winning)
|raw|DrXJ13's rating: 1131 → 1105(-26 for losing)
