|j|☆Phonx_Ghost
|j|☆viatles
|html|Phonx_Ghostviatles    
|uhtml|bestof|Game 1 of a best-of-3
|t:|1783558844
|gametype|doubles
|player|p1|Phonx_Ghost|will|1066
|player|p2|viatles|hiker|1166
|gen|9
|tier|[Gen 9 Champions] VGC 2026 Reg M-B (Bo3)
|rated|
|rule|Species Clause: Limit one of each Pokémon
|rule|Item Clause: Limit 1 of each item
|clearpoke
|poke|p1|Golurk, L50, shiny|
|poke|p1|Oranguru, L50, M|
|poke|p1|Torkoal, L50, F|
|poke|p1|Staraptor, L50, F|
|poke|p1|Venusaur, L50, M|
|poke|p1|Farigiraf, L50, M|
|poke|p2|Beedrill, L50, F, shiny|
|poke|p2|Milotic, L50, M, shiny|
|poke|p2|Talonflame, L50, F, shiny|
|poke|p2|Farigiraf, L50, M|
|poke|p2|Decidueye-Hisui, L50, M|
|poke|p2|Sableye, L50, M|
|teampreview|4
|showteam|p1|Golurk||Golurkite|IronFist|Poltergeist,DrainPunch,Earthquake,Protect|Adamant|||||50|]Oranguru||ColburBerry|Telepathy|TrickRoom,Instruct,ExpandingForce,FoulPlay|Bold||M|||50|]Torkoal||HeatRock|Drought|Eruption,BodyPress,Protect,StealthRock|Careful||F|||50|]Staraptor||Staraptite|Intimidate|CloseCombat,BraveBird,Facade,Protect|Adamant||F|||50|]Venusaur||Venusaurite|Chlorophyll|EnergyBall,SludgeWave,EarthPower,Protect|Timid||M|||50|]Farigiraf||SitrusBerry|ArmorTail|Psychic,TrickRoom,Thunder,Protect|Modest||M|||50|
|showteam|p2|Beedrill||Beedrillite|Swarm|Uturn,DrillRun,PoisonJab,Protect|Jolly||F|||50|]Milotic||Leftovers|Competitive|IcyWind,Scald,Protect,LifeDew|Bold||M|||50|]Talonflame||SharpBeak|GaleWings|DualWingbeat,Tailwind,Protect,WillOWisp|Jolly||F|||50|]Farigiraf||SitrusBerry|ArmorTail|TrickRoom,Thunderbolt,TwinBeam,HelpingHand|Bold||M|||50|]Decidueye-Hisui||ScopeLens|Scrappy|Protect,TripleArrows,LeafBlade,SuckerPunch|Adamant||M|||50|]Sableye||RoseliBerry|Prankster|FakeOut,FoulPlay,RainDance,Quash|Sassy||M|||50|
|c|☆viatles|gl hf
|inactive|Battle timer is ON: inactive players will automatically lose when time's up. (requested by viatles)
|inactive|viatles has 60 seconds left.
|
|t:|1783558888
|teamsize|p1|4
|teamsize|p2|4
|start
|switch|p1a: Cranky Kong|Oranguru, L50, M|100/100
|switch|p1b: Tortuguita|Torkoal, L50, F|100/100
|switch|p2a: Malsumas|Beedrill, L50, F, shiny|100/100
|switch|p2b: Sableye|Sableye, L50, M|100/100
|-weather|SunnyDay|[from] ability: Drought|[of] p1b: Tortuguita
|turn|1
|
|t:|1783558910
|detailschange|p2a: Malsumas|Beedrill-Mega, L50, F, shiny
|-mega|p2a: Malsumas|Beedrill|Beedrillite
|move|p1b: Tortuguita|Protect|p1b: Tortuguita
|-singleturn|p1b: Tortuguita|Protect
|move|p2a: Malsumas|U-turn|p1a: Cranky Kong
|-supereffective|p1a: Cranky Kong|1
|-damage|p1a: Cranky Kong|8/100
|
|t:|1783558921
|switch|p2a: Decidueye|Decidueye-Hisui, L50, M|100/100|[from] U-turn
|move|p2b: Sableye|Foul Play|p1a: Cranky Kong
|-supereffective|p1a: Cranky Kong|1
|-enditem|p1a: Cranky Kong|Colbur Berry|[eat]
|-enditem|p1a: Cranky Kong|Colbur Berry|[weaken]
|-damage|p1a: Cranky Kong|0 fnt
|faint|p1a: Cranky Kong
|
|-weather|SunnyDay|[upkeep]
|upkeep
|
|t:|1783558932
|switch|p1a: Zezão|Venusaur, L50, M|100/100
|turn|2
|
|t:|1783558947
|move|p1a: Zezão|Energy Ball|p2b: Sableye
|-damage|p2b: Sableye|56/100
|move|p2a: Decidueye|Triple Arrows|p1b: Tortuguita
|-crit|p1b: Tortuguita
|-damage|p1b: Tortuguita|52/100
|move|p2b: Sableye|Foul Play|p1b: Tortuguita
|-damage|p1b: Tortuguita|30/100
|cant|p1b: Tortuguita|flinch
|
|-weather|SunnyDay|[upkeep]
|upkeep
|turn|3
|inactive|viatles has 30 seconds left.
|
|t:|1783558977
|detailschange|p1a: Zezão|Venusaur-Mega, L50, M
|-mega|p1a: Zezão|Venusaur|Venusaurite
|move|p1b: Tortuguita|Protect|p1b: Tortuguita
|-singleturn|p1b: Tortuguita|Protect
|move|p2b: Sableye|Rain Dance|p2b: Sableye
|-weather|RainDance
|move|p1a: Zezão|Sludge Wave|p2b: Sableye|[spread] p2a,p2b
|-activate|p1b: Tortuguita|move: Protect
|-supereffective|p2a: Decidueye|1
|-resisted|p2b: Sableye|1
|-damage|p2a: Decidueye|38/100
|-damage|p2b: Sableye|38/100
|move|p2a: Decidueye|Triple Arrows|p1a: Zezão
|-resisted|p1a: Zezão|1
|-damage|p1a: Zezão|81/100
|-unboost|p1a: Zezão|def|1
|
|-weather|RainDance|[upkeep]
|upkeep
|turn|4
|inactive|Phonx_Ghost has 30 seconds left.
|inactive|viatles has 30 seconds left.
|inactive|Phonx_Ghost has 20 seconds left.
|inactive|viatles has 20 seconds left.
|
|t:|1783559015
|switch|p2b: Farigiraf|Farigiraf, L50, M|100/100
|move|p1a: Zezão|Energy Ball|p2b: Farigiraf
|-damage|p2b: Farigiraf|60/100
|move|p2a: Decidueye|Triple Arrows|p1b: Tortuguita
|-damage|p1b: Tortuguita|0 fnt
|faint|p1b: Tortuguita
|
|-weather|RainDance|[upkeep]
|upkeep
|
|t:|1783559031
|switch|p1b: Edgar|Staraptor, L50, F|100/100
|-ability|p1b: Edgar|Intimidate|boost
|-fail|p2a: Decidueye|unboost|Attack|[from] ability: Scrappy|[of] p2a: Decidueye
|-unboost|p2b: Farigiraf|atk|1
|turn|5
|inactive|viatles has 30 seconds left.
|
|t:|1783559057
|switch|p2b: Sableye|Sableye, L50, M|38/100
|move|p2a: Decidueye|Protect|p2a: Decidueye
|-singleturn|p2a: Decidueye|Protect
|move|p1b: Edgar|Facade|p2b: Sableye
|-immune|p2b: Sableye
|move|p1a: Zezão|Sludge Wave|p2a: Decidueye|[spread] p1b,p2b
|-activate|p2a: Decidueye|move: Protect
|-resisted|p2b: Sableye|1
|-damage|p1b: Edgar|42/100
|-damage|p2b: Sableye|21/100
|
|-weather|RainDance|[upkeep]
|upkeep
|turn|6
|
|t:|1783559081
|move|p1b: Edgar|Protect|p1b: Edgar
|-singleturn|p1b: Edgar|Protect
|move|p2b: Sableye|Fake Out|p1b: Edgar
|-activate|p1b: Edgar|move: Protect
|move|p1a: Zezão|Sludge Wave|p2a: Decidueye|[spread] p2a,p2b
|-activate|p1b: Edgar|move: Protect
|-supereffective|p2a: Decidueye|1
|-resisted|p2b: Sableye|1
|-damage|p2a: Decidueye|0 fnt
|-damage|p2b: Sableye|3/100
|faint|p2a: Decidueye
|
|-weather|RainDance|[upkeep]
|upkeep
|
|t:|1783559092
|switch|p2a: Malsumas|Beedrill-Mega, L50, F, shiny|100/100
|turn|7
|
|t:|1783559107
|move|p1a: Zezão|Protect|p1a: Zezão
|-singleturn|p1a: Zezão|Protect
|move|p2a: Malsumas|Poison Jab|p1b: Edgar
|-damage|p1b: Edgar|0 fnt
|faint|p1b: Edgar
|move|p2b: Sableye|Foul Play|p1a: Zezão
|-activate|p1a: Zezão|move: Protect
|
|-weather|none
|upkeep
|turn|8
|
|t:|1783559119
|switch|p2b: Farigiraf|Farigiraf, L50, M|60/100
|move|p2a: Malsumas|Protect|p2a: Malsumas
|-singleturn|p2a: Malsumas|Protect
|move|p1a: Zezão|Earth Power|p2a: Malsumas
|-activate|p2a: Malsumas|move: Protect
|
|upkeep
|turn|9
|
|t:|1783559131
|move|p1a: Zezão|Protect|p1a: Zezão
|-singleturn|p1a: Zezão|Protect
|move|p2a: Malsumas|U-turn|p1a: Zezão
|-activate|p1a: Zezão|move: Protect
|move|p2b: Farigiraf|Twin Beam|p1a: Zezão
|-activate|p1a: Zezão|move: Protect
|
|upkeep
|turn|10
|
|t:|1783559149
|move|p2a: Malsumas|U-turn|p1a: Zezão
|-damage|p1a: Zezão|11/100
|
|t:|1783559152
|switch|p2a: Sableye|Sableye, L50, M|3/100|[from] U-turn
|move|p1a: Zezão|Energy Ball|p2b: Farigiraf
|-damage|p2b: Farigiraf|18/100
|-enditem|p2b: Farigiraf|Sitrus Berry|[eat]
|-heal|p2b: Farigiraf|43/100|[from] item: Sitrus Berry
|move|p2b: Farigiraf|Twin Beam|p1a: Zezão
|-supereffective|p1a: Zezão|1
|-damage|p1a: Zezão|0 fnt
|faint|p1a: Zezão
|-hitcount|p1: Zezão|1
|
|win|viatles
|l|☆Phonx_Ghost
|player|p1|
|raw|Phonx_Ghost's rating: 1066 → 1052(-14 for losing)
|raw|viatles's rating: 1166 → 1184(+18 for winning)
