|j|â˜†Starbai
|j|â˜†EastgermanDominanz
|html|StarbaiEastgermanDominanz    
|uhtml|bestof|Game 1 of a best-of-3
|t:|1756748074
|gametype|doubles
|player|p1|Starbai|acetrainer-gen4dp|1238
|player|p2|EastgermanDominanz|psychic-gen4|1270
|gen|9
|tier|[Gen 9] VGC 2025 Reg H (Bo3)
|rated|
|rule|Species Clause: Limit one of each PokÃ©mon
|rule|Item Clause: Limit 1 of each item
|clearpoke
|poke|p1|Dragonite, L50, F|
|poke|p1|Volcarona, L50, M|
|poke|p1|Kingambit, L50, M|
|poke|p1|Sneasler, L50, F|
|poke|p1|Electabuzz, L50, M|
|poke|p1|Rillaboom, L50, M|
|poke|p2|Tyranitar, L50, M|
|poke|p2|Annihilape, L50, F|
|poke|p2|Volcarona, L50, F|
|poke|p2|Sneasler, L50, F|
|poke|p2|Whimsicott, L50, M|
|poke|p2|Gholdengo, L50|
|teampreview|4
|showteam|p1|Dragonite||LoadedDice|Multiscale|ScaleShot,ExtremeSpeed,Haze,Protect|||F|||50|,,,,,Normal]Volcarona||CovertCloak|FlameBody|HeatWave,TeraBlast,QuiverDance,Protect|||M|||50|,,,,,Fairy]Kingambit||BlackGlasses|Defiant|KowtowCleave,SuckerPunch,SwordsDance,Protect|||M|||50|,,,,,Dark]Sneasler||FocusSash|Unburden|CloseCombat,DireClaw,FakeOut,Coaching|||F|||50|,,,,,Stellar]Electabuzz||Eviolite|VitalSpirit|Thunderbolt,FollowMe,Taunt,Protect|||M|||50|,,,,,Ghost]Rillaboom||AssaultVest|GrassySurge|WoodHammer,GrassyGlide,FakeOut,HighHorsepower|||M|||50|,,,,,Fire
|showteam|p2|Tyranitar||AssaultVest|SandStream|RockSlide,KnockOff,TeraBlast,LowKick|||M|||50|,,,,,Flying]Annihilape||SafetyGoggles|Defiant|DrainPunch,RageFist,BulkUp,Protect|||F|||50|,,,,,Water]Volcarona||SitrusBerry|FlameBody|HeatWave,TeraBlast,Protect,QuiverDance|||F|||50|,,,,,Fairy]Sneasler||WhiteHerb|Unburden|FakeOut,CloseCombat,DireClaw,Coaching|||F|||50|,,,,,Dark]Whimsicott||CovertCloak|Prankster|Tailwind,Moonblast,BeatUp,Encore|||M|||50|,,,,,Dark]Gholdengo||LifeOrb|GoodasGold|MakeItRain,ShadowBall,NastyPlot,Protect||||||50|,,,,,Water
|inactive|Battle timer is ON: inactive players will automatically lose when time's up. (requested by Starbai)
|
|t:|1756748135
|teamsize|p1|4
|teamsize|p2|4
|start
|switch|p1a: Dragonite|Dragonite, L50, F|100/100
|switch|p1b: Sneasler|Sneasler, L50, F|100/100
|switch|p2a: Sneasler|Sneasler, L50, F|100/100
|switch|p2b: Tyranitar|Tyranitar, L50, M|100/100
|-weather|Sandstorm|[from] ability: Sand Stream|[of] p2b: Tyranitar
|turn|1
|inactive|Starbai has 30 seconds left.
|
|t:|1756748165
|-terastallize|p2b: Tyranitar|Flying
|move|p2a: Sneasler|Fake Out|p1a: Dragonite
|-damage|p1a: Dragonite|93/100
|move|p1b: Sneasler|Fake Out|p2b: Tyranitar
|-damage|p2b: Tyranitar|89/100
|cant|p1a: Dragonite|flinch
|cant|p2b: Tyranitar|flinch
|
|-weather|Sandstorm|[upkeep]
|-damage|p1b: Sneasler|95/100|[from] Sandstorm
|-damage|p2a: Sneasler|95/100|[from] Sandstorm
|-damage|p1a: Dragonite|87/100|[from] Sandstorm
|-damage|p2b: Tyranitar|84/100|[from] Sandstorm
|upkeep
|turn|2
|
|t:|1756748189
|-terastallize|p1a: Dragonite|Normal
|move|p1b: Sneasler|Coaching|p1a: Dragonite
|-boost|p1a: Dragonite|atk|1
|-boost|p1a: Dragonite|def|1
|move|p2a: Sneasler|Coaching|p2b: Tyranitar
|-boost|p2b: Tyranitar|atk|1
|-boost|p2b: Tyranitar|def|1
|move|p1a: Dragonite|Scale Shot|p2a: Sneasler
|-damage|p2a: Sneasler|56/100
|-damage|p2a: Sneasler|24/100
|-damage|p2a: Sneasler|0 fnt
|faint|p2a: Sneasler
|-hitcount|p2: Sneasler|3
|-unboost|p1a: Dragonite|def|1
|-boost|p1a: Dragonite|spe|1
|move|p2b: Tyranitar|Rock Slide|p1b: Sneasler|[spread] p1a,p1b
|-resisted|p1b: Sneasler
|-damage|p1a: Dragonite|36/100
|-damage|p1b: Sneasler|52/100
|
|-weather|Sandstorm|[upkeep]
|-damage|p1a: Dragonite|30/100|[from] Sandstorm
|-damage|p1b: Sneasler|47/100|[from] Sandstorm
|-damage|p2b: Tyranitar|78/100|[from] Sandstorm
|upkeep
|
|t:|1756748212
|switch|p2a: Whimsicott|Whimsicott, L50, M|100/100
|turn|3
|
|t:|1756748227
|move|p1a: Dragonite|Extreme Speed|p2b: Tyranitar
|-damage|p2b: Tyranitar|44/100
|move|p2a: Whimsicott|Encore|p1b: Sneasler
|-start|p1b: Sneasler|Encore
|move|p1b: Sneasler|Coaching|p1a: Dragonite
|-boost|p1a: Dragonite|atk|1
|-boost|p1a: Dragonite|def|1
|move|p2b: Tyranitar|Rock Slide|p1b: Sneasler|[spread] p1a,p1b
|-resisted|p1b: Sneasler
|-damage|p1a: Dragonite|0 fnt
|-damage|p1b: Sneasler|6/100
|faint|p1a: Dragonite
|
|-weather|Sandstorm|[upkeep]
|-damage|p1b: Sneasler|0 fnt|[from] Sandstorm
|-damage|p2a: Whimsicott|95/100|[from] Sandstorm
|-damage|p2b: Tyranitar|38/100|[from] Sandstorm
|faint|p1b: Sneasler
|upkeep
|
|t:|1756748235
|switch|p1b: Kingambit|Kingambit, L50, M|100/100
|switch|p1a: Volcarona|Volcarona, L50, M|100/100
|turn|4
|inactive|Starbai has 30 seconds left.
|inactive|EastgermanDominanz has 30 seconds left.
|
|t:|1756748262
|move|p2a: Whimsicott|Tailwind|p2a: Whimsicott
|-sidestart|p2: EastgermanDominanz|move: Tailwind
|move|p1b: Kingambit|Sucker Punch|p2b: Tyranitar
|-damage|p2b: Tyranitar|12/100
|move|p2b: Tyranitar|Rock Slide|p1b: Kingambit|[spread] p1a,p1b
|-supereffective|p1a: Volcarona
|-resisted|p1b: Kingambit
|-crit|p1b: Kingambit
|-damage|p1a: Volcarona|0 fnt
|-damage|p1b: Kingambit|76/100
|faint|p1a: Volcarona
|
|-weather|Sandstorm|[upkeep]
|-damage|p2a: Whimsicott|89/100|[from] Sandstorm
|-damage|p2b: Tyranitar|6/100|[from] Sandstorm
|upkeep
|turn|5
|
|t:|1756748286
|move|p1b: Kingambit|Protect|p1b: Kingambit
|-singleturn|p1b: Kingambit|Protect
|move|p2a: Whimsicott|Moonblast|p1b: Kingambit
|-activate|p1b: Kingambit|move: Protect
|move|p2b: Tyranitar|Low Kick|p1b: Kingambit
|-activate|p1b: Kingambit|move: Protect
|
|-weather|none
|upkeep
|turn|6
|
|t:|1756748293
|move|p1b: Kingambit|Sucker Punch|p2b: Tyranitar
|-damage|p2b: Tyranitar|0 fnt
|faint|p2b: Tyranitar
|move|p2a: Whimsicott|Moonblast|p1b: Kingambit
|-damage|p1b: Kingambit|51/100
|
|upkeep
|
|t:|1756748300
|switch|p2b: Annihilape|Annihilape, L50, F|100/100
|turn|7
|
|t:|1756748310
|move|p2a: Whimsicott|Moonblast|p1b: Kingambit
|-damage|p1b: Kingambit|25/100
|move|p2b: Annihilape|Drain Punch|p1b: Kingambit
|-supereffective|p1b: Kingambit
|-damage|p1b: Kingambit|0 fnt
|faint|p1b: Kingambit
|
|win|EastgermanDominanz
||Starbai is ready for game 2.
||EastgermanDominanz is ready for game 2.
|uhtml|next|Next: Game 2 of 3
|l|â˜†EastgermanDominanz
|player|p2|
