|j|☆Lamburrito
|j|☆theberrybandit
|html|Lamburritotheberrybandit    
|uhtml|bestof|Game 1 of a best-of-3
|t:|1782272735
|gametype|doubles
|player|p1|Lamburrito|marlon|1107
|player|p2|theberrybandit|hiker-gen4|1180
|gen|9
|tier|[Gen 9 Champions] VGC 2026 Reg M-B (Bo3)
|rated|
|rule|Species Clause: Limit one of each Pokémon
|rule|Item Clause: Limit 1 of each item
|clearpoke
|poke|p1|Scrafty, L50, M, shiny|
|poke|p1|Trevenant, L50, M, shiny|
|poke|p1|Reuniclus, L50, M, shiny|
|poke|p1|Blastoise, L50, M, shiny|
|poke|p1|Staraptor, L50, F, shiny|
|poke|p1|Scizor, L50, F|
|poke|p2|Metagross, L50|
|poke|p2|Maushold, L50|
|poke|p2|Annihilape, L50, M|
|poke|p2|Hydreigon, L50, M|
|poke|p2|Ninetales-Alola, L50, M|
|poke|p2|Aerodactyl, L50, M|
|teampreview|4
|showteam|p1|Scrafty||Scraftinite|Intimidate|Crunch,DrainPunch,Coaching,Protect|Brave||M|||50|]Trevenant||KasibBerry|NaturalCure|Poltergeist,DrainPunch,TrickRoom,Protect|Adamant||M|||50|]Reuniclus||LifeOrb|MagicGuard|Psychic,Superpower,RainDance,TrickRoom|Quiet||M|||50|]Blastoise||Blastoisinite|Torrent|WaterSpout,DarkPulse,Protect,ShellSmash|Modest||M|||50|]Staraptor||ChoiceScarf|Intimidate|FinalGambit,DualWingbeat,CloseCombat,Tailwind|Jolly||F|||50|]Scizor||SitrusBerry|Technician|BulletPunch,BugBite,QuickGuard,Protect|Adamant||F|||50|
|showteam|p2|Metagross||Metagrossite|ClearBody|Protect,HardPress,PsychicFangs,BulletPunch|Adamant|||||50|]Maushold||ChopleBerry|FriendGuard|Protect,FollowMe,BeatUp,Taunt|Bold|||||50|]Annihilape||Leftovers|Defiant|Protect,RageFist,DrainPunch,BulkUp|Adamant||M|||50|]Hydreigon||LifeOrb|Levitate|Protect,DarkPulse,DracoMeteor,Snarl|Modest||M|||50|]Ninetales-Alola||NeverMeltIce|SnowWarning|Protect,Blizzard,FreezeDry,AuroraVeil|Timid||M|||50|]Aerodactyl||Aerodactylite|RockHead|RockSlide,DualWingbeat,Tailwind,Protect|Jolly||M|||50|
|j| tyho45
|
|t:|1782272821
|teamsize|p1|4
|teamsize|p2|4
|start
|switch|p1a: Prof.Rowan|Trevenant, L50, M, shiny|100/100
|switch|p1b: Blake|Blastoise, L50, M, shiny|100/100
|switch|p2a: Maushold|Maushold, L50|100/100
|switch|p2b: Annihilape|Annihilape, L50, M|100/100
|turn|1
|
|t:|1782272854
|detailschange|p1b: Blake|Blastoise-Mega, L50, M, shiny
|-mega|p1b: Blake|Blastoise|Blastoisinite
|move|p2a: Maushold|Taunt|p1a: Prof.Rowan
|-start|p1a: Prof.Rowan|move: Taunt
|move|p2b: Annihilape|Bulk Up|p2b: Annihilape
|-boost|p2b: Annihilape|atk|1
|-boost|p2b: Annihilape|def|1
|move|p1b: Blake|Shell Smash|p1b: Blake
|-unboost|p1b: Blake|def|1
|-unboost|p1b: Blake|spd|1
|-boost|p1b: Blake|atk|2
|-boost|p1b: Blake|spa|2
|-boost|p1b: Blake|spe|2
|move|p1a: Prof.Rowan|Poltergeist|p2b: Annihilape
|-activate|p2b: Annihilape|move: Poltergeist|Leftovers
|-supereffective|p2b: Annihilape|1
|-damage|p2b: Annihilape|58/100
|
|-heal|p2b: Annihilape|64/100|[from] item: Leftovers
|upkeep
|turn|2
|
|t:|1782272885
|move|p2a: Maushold|Protect|p2a: Maushold
|-singleturn|p2a: Maushold|Protect
|move|p1b: Blake|Water Spout|p2a: Maushold|[spread] p2b
|-activate|p2a: Maushold|move: Protect
|-damage|p2b: Annihilape|0 fnt
|faint|p2b: Annihilape
|move|p1a: Prof.Rowan|Drain Punch|p2a: Maushold
|-activate|p2a: Maushold|move: Protect
|
|upkeep
|
|t:|1782272895
|switch|p2b: Hydreigon|Hydreigon, L50, M|100/100
|turn|3
|
|t:|1782272931
|move|p1b: Blake|Protect|p1b: Blake
|-singleturn|p1b: Blake|Protect
|move|p2a: Maushold|Follow Me|p2a: Maushold
|-singleturn|p2a: Maushold|move: Follow Me
|move|p2b: Hydreigon|Snarl|p1a: Prof.Rowan|[spread] p1a
|-activate|p1b: Blake|move: Protect
|-supereffective|p1a: Prof.Rowan|1
|-damage|p1a: Prof.Rowan|52/100
|-unboost|p1a: Prof.Rowan|spa|1
|-damage|p2b: Hydreigon|90/100|[from] item: Life Orb
|move|p1a: Prof.Rowan|Drain Punch|p2a: Maushold
|-supereffective|p2a: Maushold|1
|-enditem|p2a: Maushold|Chople Berry|[eat]
|-enditem|p2a: Maushold|Chople Berry|[weaken]
|-damage|p2a: Maushold|80/100
|-heal|p1a: Prof.Rowan|62/100|[from] drain|[of] p2a: Maushold
|
|-end|p1a: Prof.Rowan|move: Taunt
|upkeep
|turn|4
|
|t:|1782272960
|move|p2a: Maushold|Protect|p2a: Maushold
|-singleturn|p2a: Maushold|Protect
|move|p1b: Blake|Water Spout|p2b: Hydreigon|[spread] p2b
|-activate|p2a: Maushold|move: Protect
|-resisted|p2b: Hydreigon|1
|-damage|p2b: Hydreigon|39/100
|move|p2b: Hydreigon|Dark Pulse|p1b: Blake
|-damage|p1b: Blake|34/100
|-damage|p2b: Hydreigon|29/100|[from] item: Life Orb
|move|p1a: Prof.Rowan|Drain Punch|p2b: Hydreigon
|-supereffective|p2b: Hydreigon|1
|-damage|p2b: Hydreigon|0 fnt
|-heal|p1a: Prof.Rowan|76/100|[from] drain|[of] p2b: Hydreigon
|faint|p2b: Hydreigon
|
|upkeep
|
|t:|1782272972
|switch|p2b: Metagross|Metagross, L50|100/100
|turn|5
|
|t:|1782273000
|detailschange|p2b: Metagross|Metagross-Mega, L50
|-mega|p2b: Metagross|Metagross|Metagrossite
|move|p2a: Maushold|Follow Me|p2a: Maushold
|-singleturn|p2a: Maushold|move: Follow Me
|move|p1b: Blake|Dark Pulse|p2a: Maushold
|-damage|p2a: Maushold|0 fnt
|faint|p2a: Maushold
|move|p2b: Metagross|Psychic Fangs|p1b: Blake
|-damage|p1b: Blake|0 fnt
|faint|p1b: Blake
|move|p1a: Prof.Rowan|Trick Room|p1a: Prof.Rowan
|-fieldstart|move: Trick Room|[of] p1a: Prof.Rowan
|
|upkeep
|
|t:|1782273020
|switch|p1b: Scizor|Scizor, L50, F|100/100
|turn|6
|
|t:|1782273040
|move|p1a: Prof.Rowan|Poltergeist|p2b: Metagross
|-activate|p2b: Metagross|move: Poltergeist|Metagrossite
|-supereffective|p2b: Metagross|1
|-damage|p2b: Metagross|34/100
|move|p1b: Scizor|Bug Bite|p2b: Metagross
|-crit|p2b: Metagross
|-damage|p2b: Metagross|0 fnt
|faint|p2b: Metagross
|
|win|Lamburrito
|l|☆theberrybandit
|player|p2|
||theberrybandit is ready for game 2.
