|j|☆FALL3N_DWN
|j|☆IronStandsEternal
|html|FALL3N_DWNIronStandsEternal    
|uhtml|bestof|Game 2 of a best-of-3
|t:|1757110345
|gametype|doubles
|player|p1|FALL3N_DWN|carmine-festival|1168
|player|p2|IronStandsEternal|flint|1227
|gen|9
|tier|[Gen 9] VGC 2025 Reg H (Bo3)
|rated|
|rule|Species Clause: Limit one of each Pokémon
|rule|Item Clause: Limit 1 of each item
|clearpoke
|poke|p1|Electabuzz, L50, F|
|poke|p1|Kingambit, L50, M|
|poke|p1|Volcarona, L50, M|
|poke|p1|Dragonite, L50, F|
|poke|p1|Sneasler, L50, F|
|poke|p1|Rillaboom, L50, M|
|poke|p2|Rillaboom, L50, M|
|poke|p2|Dragonite, L50, M|
|poke|p2|Sneasler, L50, M|
|poke|p2|Ninetales-Alola, L50, F|
|poke|p2|Kingambit, L50, M|
|poke|p2|Volcarona, L50, F|
|teampreview|4
|showteam|p1|Electabuzz||Eviolite|VitalSpirit|FollowMe,Thunderbolt,Taunt,Protect|||F|||50|,,,,,Ghost]Kingambit||BlackGlasses|Defiant|KowtowCleave,SuckerPunch,SwordsDance,Protect|||M|||50|,,,,,Dark]Volcarona||Leftovers|FlameBody|HeatWave,TeraBlast,QuiverDance,Protect|||M|||50|,,,,,Fairy]Dragonite||LoadedDice|Multiscale|ScaleShot,ExtremeSpeed,Haze,Protect|||F|||50|,,,,,Fairy]Sneasler||FocusSash|Unburden|DireClaw,CloseCombat,Coaching,FakeOut|||F|||50|,,,,,Stellar]Rillaboom||AssaultVest|GrassySurge|FakeOut,WoodHammer,GrassyGlide,HighHorsepower|||M|||50|,,,,,Fire
|showteam|p2|Rillaboom||AssaultVest|GrassySurge|WoodHammer,GrassyGlide,HighHorsepower,FakeOut|||M|||50|,,,,,Fire]Dragonite||LoadedDice|Multiscale|Protect,ScaleShot,LowKick,Haze|||M|||50|,,,,,Fairy]Sneasler||WhiteHerb|Unburden|Protect,DireClaw,CloseCombat,Coaching|||M|||50|,,,,,Ghost]Ninetales-Alola||ChoiceSpecs|SnowWarning|Blizzard,IcyWind,Moonblast,FreezeDry|||F|||50|,,,,,Ghost]Kingambit||SafetyGoggles|Defiant|Protect,KowtowCleave,SuckerPunch,SwordsDance|||M|||50|,,,,,Dark]Volcarona||CovertCloak|FlameBody|StruggleBug,RagePowder,Overheat,WillOWisp|||F|||50|,,,,,Fairy
|inactive|Battle timer is ON: inactive players will automatically lose when time's up. (requested by IronStandsEternal)
|inactive|FALL3N_DWN has 60 seconds left.
|inactive|FALL3N_DWN has 30 seconds left.
|
|t:|1757110444
|teamsize|p1|4
|teamsize|p2|4
|start
|switch|p1a: Volcarona|Volcarona, L50, M|100/100
|switch|p1b: Sneasler|Sneasler, L50, F|100/100
|switch|p2a: Dragonite|Dragonite, L50, M|100/100
|switch|p2b: Rillaboom|Rillaboom, L50, M|100/100
|-fieldstart|move: Grassy Terrain|[from] ability: Grassy Surge|[of] p2b: Rillaboom
|turn|1
|inactive|FALL3N_DWN has 30 seconds left.
|inactive|FALL3N_DWN has 20 seconds left.
|inactive|FALL3N_DWN has 15 seconds left.
|
|t:|1757110485
|-terastallize|p1a: Volcarona|Fairy
|move|p1b: Sneasler|Fake Out|p2b: Rillaboom
|-damage|p2b: Rillaboom|87/100
|cant|p2b: Rillaboom|flinch
|move|p1a: Volcarona|Quiver Dance|p1a: Volcarona
|-boost|p1a: Volcarona|spa|1
|-boost|p1a: Volcarona|spd|1
|-boost|p1a: Volcarona|spe|1
|move|p2a: Dragonite|Scale Shot|p1b: Sneasler
|-damage|p1b: Sneasler|75/100
|-damage|p1b: Sneasler|51/100
|-damage|p1b: Sneasler|28/100
|-damage|p1b: Sneasler|0 fnt
|faint|p1b: Sneasler
|-hitcount|p1: Sneasler|4
|-unboost|p2a: Dragonite|def|1
|-boost|p2a: Dragonite|spe|1
|
|-heal|p2b: Rillaboom|93/100|[from] Grassy Terrain
|upkeep
|
|t:|1757110499
|switch|p1b: Rillaboom|Rillaboom, L50, M|100/100
|turn|2
|
|t:|1757110513
|move|p2a: Dragonite|Protect|p2a: Dragonite
|-singleturn|p2a: Dragonite|Protect
|move|p1b: Rillaboom|Fake Out|p2a: Dragonite
|-activate|p2a: Dragonite|move: Protect
|move|p1a: Volcarona|Heat Wave|p2b: Rillaboom|[spread] p2b
|-activate|p2a: Dragonite|move: Protect
|-supereffective|p2b: Rillaboom
|-damage|p2b: Rillaboom|20/100
|move|p2b: Rillaboom|Wood Hammer|p1a: Volcarona
|-damage|p1a: Volcarona|19/100
|-damage|p2b: Rillaboom|0 fnt|[from] Recoil
|faint|p2b: Rillaboom
|
|-heal|p1a: Volcarona|25/100|[from] Grassy Terrain
|-heal|p1a: Volcarona|32/100|[from] item: Leftovers
|upkeep
|inactive|IronStandsEternal has 30 seconds left.
|
|t:|1757110545
|switch|p2b: Volcarona|Volcarona, L50, F|100/100
|turn|3
|inactive|FALL3N_DWN has 30 seconds left.
|inactive|FALL3N_DWN has 20 seconds left.
|
|t:|1757110584
|move|p1a: Volcarona|Protect|p1a: Volcarona
|-singleturn|p1a: Volcarona|Protect
|move|p2b: Volcarona|Rage Powder|p2b: Volcarona
|-singleturn|p2b: Volcarona|move: Rage Powder
|move|p2a: Dragonite|Scale Shot|p1b: Rillaboom
|-damage|p1b: Rillaboom|86/100
|-damage|p1b: Rillaboom|73/100
|-damage|p1b: Rillaboom|60/100
|-damage|p1b: Rillaboom|46/100
|-damage|p1b: Rillaboom|33/100
|-hitcount|p1b: Rillaboom|5
|-unboost|p2a: Dragonite|def|1
|-boost|p2a: Dragonite|spe|1
|move|p1b: Rillaboom|High Horsepower|p2b: Volcarona
|-damage|p2b: Volcarona|66/100
|
|-heal|p1a: Volcarona|38/100|[from] Grassy Terrain
|-heal|p1a: Volcarona|44/100|[from] item: Leftovers
|-heal|p2b: Volcarona|72/100|[from] Grassy Terrain
|-heal|p1b: Rillaboom|39/100|[from] Grassy Terrain
|upkeep
|turn|4
|inactive|FALL3N_DWN has 30 seconds left.
|inactive|IronStandsEternal has 30 seconds left.
|inactive|FALL3N_DWN has 20 seconds left.
|inactive|IronStandsEternal has 20 seconds left.
|inactive|FALL3N_DWN has 15 seconds left.
|inactive|IronStandsEternal has 15 seconds left.
|inactive|FALL3N_DWN has 10 seconds left.
|
|t:|1757110630
|-terastallize|p2a: Dragonite|Fairy
|move|p1b: Rillaboom|Grassy Glide|p2a: Dragonite
|-damage|p2a: Dragonite|60/100
|move|p2a: Dragonite|Scale Shot|p1b: Rillaboom
|-damage|p1b: Rillaboom|26/100
|-damage|p1b: Rillaboom|11/100
|-damage|p1b: Rillaboom|0 fnt
|faint|p1b: Rillaboom
|-hitcount|p1: Rillaboom|3
|-unboost|p2a: Dragonite|def|1
|-boost|p2a: Dragonite|spe|1
|move|p1a: Volcarona|Quiver Dance|p1a: Volcarona
|-boost|p1a: Volcarona|spa|1
|-boost|p1a: Volcarona|spd|1
|-boost|p1a: Volcarona|spe|1
|move|p2b: Volcarona|Overheat|p1a: Volcarona
|-damage|p1a: Volcarona|16/100
|-unboost|p2b: Volcarona|spa|2
|
|-heal|p2a: Dragonite|66/100|[from] Grassy Terrain
|-heal|p1a: Volcarona|22/100|[from] Grassy Terrain
|-heal|p1a: Volcarona|29/100|[from] item: Leftovers
|-heal|p2b: Volcarona|78/100|[from] Grassy Terrain
|upkeep
|
|t:|1757110635
|switch|p1b: Electabuzz|Electabuzz, L50, F|100/100
|turn|5
|inactive|FALL3N_DWN has 30 seconds left.
|inactive|IronStandsEternal has 30 seconds left.
|inactive|FALL3N_DWN has 20 seconds left.
|
|t:|1757110673
|move|p1b: Electabuzz|Follow Me|p1b: Electabuzz
|-singleturn|p1b: Electabuzz|move: Follow Me
|move|p2a: Dragonite|Haze|p2a: Dragonite
|-clearallboost
|move|p2b: Volcarona|Overheat|p1b: Electabuzz
|-damage|p1b: Electabuzz|55/100
|-unboost|p2b: Volcarona|spa|2
|move|p1a: Volcarona|Heat Wave|p2a: Dragonite|[spread] p2a,p2b
|-damage|p2a: Dragonite|29/100
|-damage|p2b: Volcarona|48/100
|
|-heal|p2b: Volcarona|55/100|[from] Grassy Terrain
|-heal|p1a: Volcarona|35/100|[from] Grassy Terrain
|-heal|p1a: Volcarona|41/100|[from] item: Leftovers
|-heal|p1b: Electabuzz|60/100|[from] Grassy Terrain
|-heal|p2a: Dragonite|35/100|[from] Grassy Terrain
|-fieldend|move: Grassy Terrain
|upkeep
|turn|6
|inactive|FALL3N_DWN has 30 seconds left.
|inactive|IronStandsEternal has 30 seconds left.
|
|t:|1757110704
|move|p1b: Electabuzz|Protect|p1b: Electabuzz
|-singleturn|p1b: Electabuzz|Protect
|move|p2b: Volcarona|Rage Powder|p2b: Volcarona
|-singleturn|p2b: Volcarona|move: Rage Powder
|move|p1a: Volcarona|Quiver Dance|p1a: Volcarona
|-boost|p1a: Volcarona|spa|1
|-boost|p1a: Volcarona|spd|1
|-boost|p1a: Volcarona|spe|1
|move|p2a: Dragonite|Scale Shot|p1b: Electabuzz
|-activate|p1b: Electabuzz|move: Protect
|
|-heal|p1a: Volcarona|47/100|[from] item: Leftovers
|upkeep
|turn|7
|
|t:|1757110727
|move|p2a: Dragonite|Protect|p2a: Dragonite
|-singleturn|p2a: Dragonite|Protect
|move|p1a: Volcarona|Heat Wave|p2b: Volcarona|[spread] p2b
|-activate|p2a: Dragonite|move: Protect
|-damage|p2b: Volcarona|8/100
|move|p2b: Volcarona|Struggle Bug|p1a: Volcarona|[spread] p1a,p1b
|-resisted|p1a: Volcarona
|-crit|p1b: Electabuzz
|-damage|p1a: Volcarona|45/100
|-damage|p1b: Electabuzz|39/100
|-unboost|p1a: Volcarona|spa|1
|-unboost|p1b: Electabuzz|spa|1
|move|p1b: Electabuzz|Taunt|p2a: Dragonite
|-activate|p2a: Dragonite|move: Protect
|
|-heal|p1a: Volcarona|51/100|[from] item: Leftovers
|upkeep
|turn|8
|inactive|IronStandsEternal has 30 seconds left.
|
|t:|1757110756
|move|p1b: Electabuzz|Protect|p1b: Electabuzz
|-singleturn|p1b: Electabuzz|Protect
|move|p1a: Volcarona|Heat Wave|p2b: Volcarona|[spread] p2a,p2b
|-damage|p2a: Dragonite|0 fnt
|-damage|p2b: Volcarona|0 fnt
|faint|p2a: Dragonite
|faint|p2b: Volcarona
|
|-heal|p1a: Volcarona|57/100|[from] item: Leftovers
|upkeep
|
|t:|1757110760
|switch|p2b: Sneasler|Sneasler, L50, M|100/100
|turn|9
|inactive|FALL3N_DWN has 30 seconds left.
|
|t:|1757110786
|move|p1b: Electabuzz|Follow Me|p1b: Electabuzz
|-singleturn|p1b: Electabuzz|move: Follow Me
|move|p1a: Volcarona|Tera Blast|p2b: Sneasler|[anim] Tera Blast Fairy
|-damage|p2b: Sneasler|51/100
|move|p2b: Sneasler|Close Combat|p1b: Electabuzz
|-damage|p1b: Electabuzz|0 fnt
|-unboost|p2b: Sneasler|def|1
|-unboost|p2b: Sneasler|spd|1
|faint|p1b: Electabuzz
|-enditem|p2b: Sneasler|White Herb
|-clearnegativeboost|p2b: Sneasler|[silent]
|
|-heal|p1a: Volcarona|64/100|[from] item: Leftovers
|upkeep
|turn|10
|
|t:|1757110806
|move|p1a: Volcarona|Protect|p1a: Volcarona
|-singleturn|p1a: Volcarona|Protect
|move|p2b: Sneasler|Dire Claw|p1a: Volcarona
|-activate|p1a: Volcarona|move: Protect
|
|-heal|p1a: Volcarona|70/100|[from] item: Leftovers
|upkeep
|turn|11
|
|t:|1757110821
|move|p2b: Sneasler|Dire Claw|p1a: Volcarona
|-supereffective|p1a: Volcarona
|-damage|p1a: Volcarona|0 fnt
|-status|p2b: Sneasler|brn|[from] ability: Flame Body|[of] p1a: Volcarona
|faint|p1a: Volcarona
|
|win|IronStandsEternal
||FALL3N_DWN is ready for game 3.
|inactive|IronStandsEternal has 30 seconds to confirm battle start!
||IronStandsEternal is ready for game 3.
|uhtml|next|Next: Game 3 of 3
|l|☆IronStandsEternal
|player|p2|
