|j|☆geardox
|j|☆tacoslover496
|html|geardoxtacoslover496    
|uhtml|bestof|Game 2 of a best-of-3
|t:|1756916292
|gametype|doubles
|player|p1|geardox|265|1175
|player|p2|tacoslover496|266|1043
|gen|9
|tier|[Gen 9] VGC 2025 Reg H (Bo3)
|rated|
|rule|Species Clause: Limit one of each Pokémon
|rule|Item Clause: Limit 1 of each item
|clearpoke
|poke|p1|Sneasler, L50, M|
|poke|p1|Garchomp, L50, M|
|poke|p1|Corviknight, L50, M|
|poke|p1|Archaludon, L50, M|
|poke|p1|Amoonguss, L50, F|
|poke|p1|Incineroar, L50, F|
|poke|p2|Porygon2, L50|
|poke|p2|Sneasler, L50, M|
|poke|p2|Gholdengo, L50|
|poke|p2|Amoonguss, L50, F|
|poke|p2|Garchomp, L50, M|
|poke|p2|Incineroar, L50, F|
|teampreview|4
|showteam|p1|Sneasler||FocusSash|Unburden|DireClaw,CloseCombat,ThroatChop,Coaching|||M|||50|,,,,,Ghost]Garchomp||LifeOrb|RoughSkin|Protect,Earthquake,DragonClaw,StompingTantrum|||M|||50|,,,,,Ground]Corviknight||SitrusBerry|MirrorArmor|BraveBird,Tailwind,Roost,IronHead|||M|||50|,,,,,Fire]Archaludon||PowerHerb|Stamina|Protect,DracoMeteor,FlashCannon,ElectroShot|||M|||50|,,,,,Dragon]Amoonguss||RockyHelmet|Regenerator|ClearSmog,RagePowder,Spore,PollenPuff|||F|||50|,,,,,Water]Incineroar||AssaultVest|Intimidate|KnockOff,FlareBlitz,FakeOut,Uturn|||F|||50|,,,,,Ghost
|showteam|p2|Porygon2||Eviolite|Download|TeraBlast,IceBeam,Recover,TrickRoom||||||50|,,,,,Ground]Sneasler||FocusSash|PoisonTouch|CloseCombat,DireClaw,Coaching,Protect|||M|||50|,,,,,Flying]Gholdengo||LifeOrb|GoodasGold|MakeItRain,ShadowBall,NastyPlot,Protect||||||50|,,,,,Water]Amoonguss||SitrusBerry|Regenerator|PollenPuff,Spore,RagePowder,Protect|||F|||50|,,,,,Fairy]Garchomp||ClearAmulet|RoughSkin|Earthquake,StompingTantrum,DragonClaw,Protect|||M|||50|,,,,,Fire]Incineroar||SafetyGoggles|Intimidate|FlareBlitz,KnockOff,FakeOut,PartingShot|||F|||50|,,,,,Ghost
|inactive|Battle timer is ON: inactive players will automatically lose when time's up. (requested by tacoslover496)
|
|t:|1756916324
|teamsize|p1|4
|teamsize|p2|4
|start
|switch|p1a: Incineroar|Incineroar, L50, F|100/100
|switch|p1b: Eggman|Corviknight, L50, M, shiny|100/100
|switch|p2a: Gholdengo|Gholdengo, L50|100/100
|switch|p2b: Incineroar|Incineroar, L50, F|100/100
|-ability|p1a: Incineroar|Intimidate|boost
|-unboost|p2a: Gholdengo|atk|1
|-unboost|p2b: Incineroar|atk|1
|-ability|p2b: Incineroar|Intimidate|boost
|-unboost|p1a: Incineroar|atk|1
|-ability|p1b: Eggman|Mirror Armor
|-unboost|p2b: Incineroar|atk|1
|turn|1
|inactive|tacoslover496 has 30 seconds left.
|inactive|tacoslover496 has 20 seconds left.
|inactive|tacoslover496 has 15 seconds left.
|
|t:|1756916369
|-terastallize|p1a: Incineroar|Ghost
|-terastallize|p2a: Gholdengo|Water
|move|p2b: Incineroar|Fake Out|p1b: Eggman
|-resisted|p1b: Eggman
|-damage|p1b: Eggman|98/100
|move|p1a: Incineroar|Knock Off|p2a: Gholdengo
|-damage|p2a: Gholdengo|75/100
|-enditem|p2a: Gholdengo|Life Orb|[from] move: Knock Off|[of] p1a: Incineroar
|move|p2a: Gholdengo|Nasty Plot|p2a: Gholdengo
|-boost|p2a: Gholdengo|spa|2
|cant|p1b: Eggman|flinch
|
|upkeep
|turn|2
|inactive|geardox has 30 seconds left.
|inactive|tacoslover496 has 30 seconds left.
|inactive|tacoslover496 has 20 seconds left.
|inactive|tacoslover496 has 15 seconds left.
|
|t:|1756916409
|move|p1a: Incineroar|U-turn|p2a: Gholdengo
|-damage|p2a: Gholdengo|63/100
|
|t:|1756916418
|switch|p1a: Riku|Sneasler, L50, M|100/100|[from] U-turn
|move|p2a: Gholdengo|Shadow Ball|p1a: Riku
|-enditem|p1a: Riku|Focus Sash
|-damage|p1a: Riku|1/100
|move|p1b: Eggman|Tailwind|p1b: Eggman
|-sidestart|p1: geardox|move: Tailwind
|move|p2b: Incineroar|Knock Off|p1b: Eggman
|-damage|p1b: Eggman|79/100
|-enditem|p1b: Eggman|Sitrus Berry|[from] move: Knock Off|[of] p2b: Incineroar
|
|upkeep
|turn|3
|inactive|tacoslover496 has 30 seconds left.
|
|t:|1756916450
|move|p2a: Gholdengo|Protect|p2a: Gholdengo
|-singleturn|p2a: Gholdengo|Protect
|move|p1a: Riku|Close Combat|p2b: Incineroar
|-supereffective|p2b: Incineroar
|-damage|p2b: Incineroar|0 fnt
|-unboost|p1a: Riku|def|1
|-unboost|p1a: Riku|spd|1
|faint|p2b: Incineroar
|move|p1b: Eggman|Brave Bird|p2a: Gholdengo
|-activate|p2a: Gholdengo|move: Protect
|
|upkeep
|
|t:|1756916456
|switch|p2b: Amoonguss|Amoonguss, L50, F|100/100
|turn|4
|
|t:|1756916477
|move|p2b: Amoonguss|Rage Powder|p2b: Amoonguss
|-singleturn|p2b: Amoonguss|move: Rage Powder
|move|p1a: Riku|Coaching|p1b: Eggman
|-boost|p1b: Eggman|atk|1
|-boost|p1b: Eggman|def|1
|move|p1b: Eggman|Brave Bird|p2b: Amoonguss
|-supereffective|p2b: Amoonguss
|-damage|p2b: Amoonguss|18/100
|-enditem|p2b: Amoonguss|Sitrus Berry|[eat]
|-heal|p2b: Amoonguss|43/100|[from] item: Sitrus Berry
|-damage|p1b: Eggman|50/100|[from] Recoil
|move|p2a: Gholdengo|Shadow Ball|p1a: Riku
|-crit|p1a: Riku
|-damage|p1a: Riku|0 fnt
|faint|p1a: Riku
|
|upkeep
|
|t:|1756916494
|switch|p1a: Stinky Pete|Garchomp, L50, M|100/100
|turn|5
|
|t:|1756916516
|move|p2b: Amoonguss|Protect|p2b: Amoonguss
|-singleturn|p2b: Amoonguss|Protect
|move|p1a: Stinky Pete|Earthquake|p2b: Amoonguss|[spread] p2a
|-activate|p2b: Amoonguss|move: Protect
|-immune|p1b: Eggman
|-damage|p2a: Gholdengo|16/100
|-damage|p1a: Stinky Pete|91/100|[from] item: Life Orb
|move|p1b: Eggman|Roost|p1b: Eggman
|-heal|p1b: Eggman|99/100
|-singleturn|p1b: Eggman|move: Roost
|move|p2a: Gholdengo|Make It Rain|p1a: Stinky Pete|[spread] p1a,p1b
|-resisted|p1b: Eggman
|-damage|p1a: Stinky Pete|0 fnt
|-damage|p1b: Eggman|60/100
|-unboost|p2a: Gholdengo|spa|1
|faint|p1a: Stinky Pete
|
|-sideend|p1: geardox|move: Tailwind
|upkeep
|
|t:|1756916533
|switch|p1a: Incineroar|Incineroar, L50, F, tera:Ghost|100/100
|-ability|p1a: Incineroar|Intimidate|boost
|-unboost|p2a: Gholdengo|atk|1
|-unboost|p2b: Amoonguss|atk|1
|turn|6
|inactive|tacoslover496 has 30 seconds left.
|
|t:|1756916560
|move|p1a: Incineroar|Fake Out|p2a: Gholdengo
|-damage|p2a: Gholdengo|4/100
|cant|p2a: Gholdengo|flinch
|move|p1b: Eggman|Brave Bird|p2b: Amoonguss
|-supereffective|p2b: Amoonguss
|-damage|p2b: Amoonguss|0 fnt
|faint|p2b: Amoonguss
|-damage|p1b: Eggman|45/100|[from] Recoil
|
|upkeep
|
|t:|1756916567
|switch|p2b: Porygon2|Porygon2, L50|100/100
|-ability|p2b: Porygon2|Download|boost
|-boost|p2b: Porygon2|spa|1
|turn|7
|inactive|tacoslover496 has 30 seconds left.
|
|t:|1756916601
|move|p2a: Gholdengo|Protect|p2a: Gholdengo
|-singleturn|p2a: Gholdengo|Protect
|move|p1a: Incineroar|Knock Off|p2b: Porygon2
|-damage|p2b: Porygon2|72/100
|-enditem|p2b: Porygon2|Eviolite|[from] move: Knock Off|[of] p1a: Incineroar
|move|p1b: Eggman|Iron Head|p2a: Gholdengo
|-activate|p2a: Gholdengo|move: Protect
|move|p2b: Porygon2|Ice Beam|p1b: Eggman
|-damage|p1b: Eggman|14/100
|
|upkeep
|turn|8
|
|t:|1756916626
|move|p1a: Incineroar|Knock Off|p2a: Gholdengo
|-damage|p2a: Gholdengo|0 fnt
|faint|p2a: Gholdengo
|move|p1b: Eggman|Roost|p1b: Eggman
|-heal|p1b: Eggman|64/100
|-singleturn|p1b: Eggman|move: Roost
|move|p2b: Porygon2|Ice Beam|p1b: Eggman
|-resisted|p1b: Eggman
|-damage|p1b: Eggman|48/100
|-status|p1b: Eggman|frz
|
|upkeep
|turn|9
|
|t:|1756916644
|move|p1a: Incineroar|Flare Blitz|p2b: Porygon2
|-damage|p2b: Porygon2|20/100
|-damage|p1a: Incineroar|84/100|[from] Recoil
|cant|p1b: Eggman|frz
|move|p2b: Porygon2|Ice Beam|p1a: Incineroar
|-damage|p1a: Incineroar|60/100
|
|upkeep
|turn|10
|-message|tacoslover496 forfeited.
|
|win|geardox
|raw|geardox's rating: 1175 → 1191(+16 for winning)
|raw|tacoslover496's rating: 1043 → 1033(-10 for losing)
|l|☆tacoslover496
|player|p2|
