|j|☆dike guard
|j|☆Olciax34
|html|dike guardOlciax34    
|uhtml|bestof|Game 1 of a best-of-3
|t:|1785349582
|gametype|doubles
|player|p1|dike guard|101|1437
|player|p2|Olciax34|clair|1359
|gen|9
|tier|[Gen 9 Champions] VGC 2026 Reg M-B (Bo3)
|rated|
|rule|Species Clause: Limit one of each Pokémon
|rule|Item Clause: Limit 1 of each item
|clearpoke
|poke|p1|Floette-Eternal, L50, F|
|poke|p1|Sneasler, L50, M|
|poke|p1|Incineroar, L50, F|
|poke|p1|Sinistcha, L50|
|poke|p1|Delphox, L50, F|
|poke|p1|Garchomp, L50, M|
|poke|p2|Charizard, L50, M|
|poke|p2|Whimsicott, L50, M|
|poke|p2|Garchomp, L50, F|
|poke|p2|Basculegion, L50, M|
|poke|p2|Sylveon, L50, M|
|poke|p2|Incineroar, L50, M|
|teampreview|4
|showteam|p1|Floette-Eternal||Floettite|FlowerVeil|DazzlingGleam,DrainingKiss,CalmMind,Protect|Timid||F|||50|]Sneasler||FocusSash|PoisonTouch|CloseCombat,PoisonJab,FakeOut,Protect|Jolly||M|||50|]Incineroar||SitrusBerry|Intimidate|FlareBlitz,DarkestLariat,PartingShot,FakeOut|Careful||F|||50|]Sinistcha||OccaBerry|Hospitality|MatchaGotcha,RagePowder,TrickRoom,Protect|Bold|||||50|]Delphox||Delphoxite|Blaze|HeatWave,Psyshock,NastyPlot,Protect|Modest||F|||50|]Garchomp||ChoiceScarf|RoughSkin|DragonClaw,StompingTantrum,Earthquake,RockSlide|Adamant||M|||50|
|showteam|p2|Charizard||CharizarditeY|SolarPower|HeatWave,WeatherBall,SolarBeam,Protect|Modest||M|||50|]Whimsicott||FocusSash|Prankster|Moonblast,Tailwind,Encore,Protect|Timid||M|||50|]Garchomp||LifeOrb|RoughSkin|Earthquake,DragonClaw,RockSlide,Protect|Jolly||F|||50|]Basculegion||ChoiceScarf|Adaptability|WaveCrash,FlipTurn,LastRespects,AquaJet|Jolly||M|||50|]Sylveon||FairyFeather|Pixilate|HyperVoice,Yawn,HyperBeam,Protect|Modest||M|||50|]Incineroar||SitrusBerry|Intimidate|FakeOut,ThroatChop,FlareBlitz,PartingShot|Careful||M|||50|
|inactive|Battle timer is ON: inactive players will automatically lose when time's up. (requested by Olciax34)
|
|t:|1785349616
|teamsize|p1|4
|teamsize|p2|4
|start
|switch|p1a: Floette|Floette-Eternal, L50, F|100/100
|switch|p1b: Incineroar|Incineroar, L50, F|100/100
|switch|p2a: Incineroar|Incineroar, L50, M|100/100
|switch|p2b: Basculegion|Basculegion, L50, M|100/100
|-ability|p2a: Incineroar|Intimidate|boost
|-unboost|p1a: Floette|atk|1
|-unboost|p1b: Incineroar|atk|1
|-ability|p1b: Incineroar|Intimidate|boost
|-unboost|p2a: Incineroar|atk|1
|-unboost|p2b: Basculegion|atk|1
|turn|1
|inactive|Olciax34 has 30 seconds left.
|
|t:|1785349644
|detailschange|p1a: Floette|Floette-Mega, L50, F
|-mega|p1a: Floette|Floette|Floettite
|-ability|p1a: Floette|Fairy Aura
|move|p2a: Incineroar|Fake Out|p1b: Incineroar
|-damage|p1b: Incineroar|93/100
|move|p2b: Basculegion|Flip Turn|p1b: Incineroar
|-supereffective|p1b: Incineroar|1
|-damage|p1b: Incineroar|49/100
|-enditem|p1b: Incineroar|Sitrus Berry|[eat]
|-heal|p1b: Incineroar|74/100|[from] item: Sitrus Berry
|
|t:|1785349660
|switch|p2b: Charizard|Charizard, L50, M|100/100|[from] Flip Turn
|move|p1a: Floette|Dazzling Gleam|p2a: Incineroar|[spread] p2a,p2b
|-resisted|p2b: Charizard|1
|-damage|p2a: Incineroar|68/100
|-damage|p2b: Charizard|76/100
|cant|p1b: Incineroar|flinch
|
|upkeep
|turn|2
|
|t:|1785349684
|detailschange|p2b: Charizard|Charizard-Mega-Y, L50, M
|-mega|p2b: Charizard|Charizard|Charizardite Y
|-weather|SunnyDay|[from] ability: Drought|[of] p2b: Charizard
|move|p2b: Charizard|Weather Ball|p1a: Floette
|-damage|p1a: Floette|26/100
|move|p1a: Floette|Calm Mind|p1a: Floette
|-boost|p1a: Floette|spa|1
|-boost|p1a: Floette|spd|1
|move|p2a: Incineroar|Throat Chop|p1b: Incineroar
|-resisted|p1b: Incineroar|1
|-damage|p1b: Incineroar|65/100
|-start|p1b: Incineroar|Throat Chop|[silent]
|cant|p1b: Incineroar|move: Throat Chop
|
|-weather|SunnyDay|[upkeep]
|upkeep
|turn|3
|inactive|dike guard has 30 seconds left.
|
|t:|1785349710
|switch|p1b: Sinistcha|Sinistcha, L50|100/100
|-heal|p1a: Floette|51/100|[from] ability: Hospitality|[of] p1b: Sinistcha
|move|p2b: Charizard|Heat Wave|p1a: Floette|[spread] p1a,p1b
|-supereffective|p1b: Sinistcha|1
|-enditem|p1b: Sinistcha|Occa Berry|[eat]
|-enditem|p1b: Sinistcha|Occa Berry|[weaken]
|-damage|p1a: Floette|18/100
|-damage|p1b: Sinistcha|33/100
|move|p1a: Floette|Draining Kiss|p2a: Incineroar
|-damage|p2a: Incineroar|27/100
|-heal|p1a: Floette|53/100|[from] drain|[of] p2a: Incineroar
|-enditem|p2a: Incineroar|Sitrus Berry|[eat]
|-heal|p2a: Incineroar|52/100|[from] item: Sitrus Berry
|move|p2a: Incineroar|Flare Blitz|p1b: Sinistcha
|-supereffective|p1b: Sinistcha|1
|-damage|p1b: Sinistcha|0 fnt
|faint|p1b: Sinistcha
|-damage|p2a: Incineroar|42/100|[from] Recoil
|
|-weather|SunnyDay|[upkeep]
|upkeep
|
|t:|1785349730
|switch|p1b: Sneasler|Sneasler, L50, M|100/100
|turn|4
|
|t:|1785349741
|switch|p2a: Sylveon|Sylveon, L50, M|100/100
|move|p2b: Charizard|Protect|p2b: Charizard
|-singleturn|p2b: Charizard|Protect
|move|p1b: Sneasler|Fake Out|p2b: Charizard
|-activate|p2b: Charizard|move: Protect
|move|p1a: Floette|Draining Kiss|p2a: Sylveon
|-damage|p2a: Sylveon|56/100
|-heal|p1a: Floette|87/100|[from] drain|[of] p2a: Sylveon
|
|-weather|SunnyDay|[upkeep]
|upkeep
|turn|5
|
|t:|1785349760
|switch|p2a: Incineroar|Incineroar, L50, M|42/100
|-ability|p2a: Incineroar|Intimidate|boost
|-unboost|p1a: Floette|atk|1
|-unboost|p1b: Sneasler|atk|1
|move|p1b: Sneasler|Poison Jab|p2b: Charizard
|-damage|p2b: Charizard|45/100
|-status|p2b: Charizard|psn|[from] ability: Poison Touch|[of] p1b: Sneasler
|move|p1a: Floette|Dazzling Gleam|p2a: Incineroar|[spread] p2a,p2b
|-resisted|p2b: Charizard|1
|-damage|p2a: Incineroar|0 fnt
|-damage|p2b: Charizard|19/100 psn
|faint|p2a: Incineroar
|move|p2b: Charizard|Heat Wave|p1b: Sneasler|[spread] p1a,p1b
|-damage|p1a: Floette|54/100
|-damage|p1b: Sneasler|5/100
|-status|p1a: Floette|brn
|
|-weather|SunnyDay|[upkeep]
|-damage|p2b: Charizard|6/100 psn|[from] psn
|-damage|p1a: Floette|48/100 brn|[from] brn
|upkeep
|
|t:|1785349785
|switch|p2a: Basculegion|Basculegion, L50, M|100/100
|turn|6
|inactive|dike guard has 30 seconds left.
|inactive|Olciax34 has 30 seconds left.
|
|t:|1785349812
|switch|p1b: Incineroar|Incineroar, L50, F|65/100
|-ability|p1b: Incineroar|Intimidate|boost
|-unboost|p2a: Basculegion|atk|1
|-unboost|p2b: Charizard|atk|1
|move|p1a: Floette|Protect|p1a: Floette
|-singleturn|p1a: Floette|Protect
|move|p2a: Basculegion|Flip Turn|p1a: Floette
|-activate|p1a: Floette|move: Protect
|move|p2b: Charizard|Heat Wave|p1a: Floette|[spread] p1b
|-activate|p1a: Floette|move: Protect
|-resisted|p1b: Incineroar|1
|-damage|p1b: Incineroar|41/100
|
|-weather|none
|-damage|p2b: Charizard|0 fnt|[from] psn
|faint|p2b: Charizard
|-damage|p1a: Floette|42/100 brn|[from] brn
|upkeep
|
|t:|1785349827
|switch|p2b: Sylveon|Sylveon, L50, M|56/100
|turn|7
|
|t:|1785349840
|move|p2b: Sylveon|Protect|p2b: Sylveon
|-singleturn|p2b: Sylveon|Protect
|move|p1b: Incineroar|Fake Out|p2b: Sylveon
|-activate|p2b: Sylveon|move: Protect
|move|p2a: Basculegion|Flip Turn|p1a: Floette
|-damage|p1a: Floette|19/100 brn
|move|p1a: Floette|Draining Kiss|p2a: Basculegion
|-damage|p2a: Basculegion|35/100
|-heal|p1a: Floette|73/100 brn|[from] drain|[of] p2a: Basculegion
|
|-damage|p1a: Floette|67/100 brn|[from] brn
|upkeep
|turn|8
|inactive|Olciax34 has 30 seconds left.
|
|t:|1785349867
|move|p2a: Basculegion|Flip Turn|p1b: Incineroar
|-supereffective|p1b: Incineroar|1
|-damage|p1b: Incineroar|0 fnt
|faint|p1b: Incineroar
|move|p1a: Floette|Dazzling Gleam|p2a: Basculegion|[spread] p2a,p2b
|-crit|p2a: Basculegion
|-damage|p2a: Basculegion|0 fnt
|-damage|p2b: Sylveon|9/100
|faint|p2a: Basculegion
|move|p2b: Sylveon|Hyper Beam|p1a: Floette
|-damage|p1a: Floette|0 fnt
|-mustrecharge|p2b: Sylveon
|faint|p1a: Floette
|
|upkeep
|
|t:|1785349875
|switch|p1a: Sneasler|Sneasler, L50, M|5/100
|turn|9
|
|t:|1785349879
|move|p1a: Sneasler|Poison Jab|p2b: Sylveon
|-supereffective|p2b: Sylveon|1
|-damage|p2b: Sylveon|0 fnt
|faint|p2b: Sylveon
|
|win|dike guard
||Olciax34 is ready for game 2.
||dike guard is ready for game 2.
|uhtml|next|Next: Game 2 of 3
|l|☆dike guard
|player|p1|
