|j|☆SmogonSupervillain
|j|☆Jeramaya
|html|SmogonSupervillainJeramaya    
|uhtml|bestof|Game 2 of a best-of-3
|t:|1756336927
|gametype|doubles
|player|p1|SmogonSupervillain|170|1057
|player|p2|Jeramaya|lucas|1000
|gen|9
|tier|[Gen 9] VGC 2025 Reg H (Bo3)
|rated|
|rule|Species Clause: Limit one of each Pokémon
|rule|Item Clause: Limit 1 of each item
|clearpoke
|poke|p1|Sneasler, L50, M|
|poke|p1|Indeedee, L50, M|
|poke|p1|Magmortar, L50, M|
|poke|p1|Ursaluna-Bloodmoon, L50, M|
|poke|p1|Annihilape, L50, M|
|poke|p1|Tyranitar, L50, M|
|poke|p2|Pelipper, L50, F|
|poke|p2|Incineroar, L50, M|
|poke|p2|Archaludon, L50, F|
|poke|p2|Rillaboom, L50, M|
|poke|p2|Dragonite, L50, M|
|poke|p2|Ursaluna-Bloodmoon, L50, M|
|teampreview|4
|showteam|p1|Sneasler||PsychicSeed|Unburden|CloseCombat,DireClaw,ThroatChop,Protect|||M|||50|,,,,,Dark]Indeedee||ChoiceScarf|PsychicSurge|ExpandingForce,TeraBlast,Trick,Protect|||M|||50|,,,,,Psychic]Magmortar||SitrusBerry|FlameBody|FollowMe,WillOWisp,Overheat,HelpingHand|||M|||50|,,,,,Grass]Ursaluna-Bloodmoon||LifeOrb|MindsEye|BloodMoon,HyperVoice,EarthPower,Protect|||M|||50|,,,,,Normal]Annihilape||SafetyGoggles|Defiant|CloseCombat,RageFist,Taunt,FinalGambit|||M|||50|,,,,,Fairy]Tyranitar||AssaultVest|SandStream|RockSlide,KnockOff,TeraBlast,LowKick|||M|||50|,,,,,Flying
|showteam|p2|Pelipper||DampRock|Drizzle|Tailwind,WideGuard,Hurricane,HydroPump|||F|||50|,,,,,Water]Incineroar||SafetyGoggles|Intimidate|FakeOut,PartingShot,FlareBlitz,KnockOff|||M|||50|,,,,,Grass]Archaludon||AssaultVest|Stamina|BodyPress,FlashCannon,DracoMeteor,Thunderbolt|||F|||50|,,,,,Fighting]Rillaboom||MiracleSeed|GrassySurge|FakeOut,GrassyGlide,Uturn,Protect|||M|||50|,,,,,Grass]Dragonite||ChoiceBand|Multiscale|ExtremeSpeed,DragonClaw,Earthquake,IceSpinner|||M|||50|,,,,,Normal]Ursaluna-Bloodmoon||Leftovers|MindsEye|BloodMoon,EarthPower,HyperVoice,Protect|||M|||50|,,,,,Normal
|
|t:|1756336959
|teamsize|p1|4
|teamsize|p2|4
|start
|switch|p1a: Annihilape|Annihilape, L50, M|100/100
|switch|p1b: Magmortar|Magmortar, L50, M|100/100
|switch|p2a: Pelipper|Pelipper, L50, F, shiny|100/100
|switch|p2b: Rillaboom|Rillaboom, L50, M|100/100
|-fieldstart|move: Grassy Terrain|[from] ability: Grassy Surge|[of] p2b: Rillaboom
|-weather|RainDance|[from] ability: Drizzle|[of] p2a: Pelipper
|turn|1
|
|t:|1756337006
|switch|p1a: Tyranitar|Tyranitar, L50, M|100/100
|-weather|Sandstorm|[from] ability: Sand Stream|[of] p1a: Tyranitar
|move|p1b: Magmortar|Follow Me|p1b: Magmortar
|-singleturn|p1b: Magmortar|move: Follow Me
|move|p2b: Rillaboom|Grassy Glide|p1b: Magmortar
|-resisted|p1b: Magmortar
|-damage|p1b: Magmortar|69/100
|move|p2a: Pelipper|Tailwind|p2a: Pelipper
|-sidestart|p2: Jeramaya|move: Tailwind
|
|-weather|Sandstorm|[upkeep]
|-damage|p2b: Rillaboom|95/100|[from] Sandstorm
|-damage|p2a: Pelipper|95/100|[from] Sandstorm
|-damage|p1b: Magmortar|63/100|[from] Sandstorm
|-heal|p2b: Rillaboom|100/100|[from] Grassy Terrain
|-heal|p1b: Magmortar|69/100|[from] Grassy Terrain
|upkeep
|turn|2
|
|t:|1756337032
|switch|p2a: Incineroar|Incineroar, L50, M, shiny|100/100
|-ability|p2a: Incineroar|Intimidate|boost
|-unboost|p1a: Tyranitar|atk|1
|-unboost|p1b: Magmortar|atk|1
|-terastallize|p1a: Tyranitar|Flying
|move|p1b: Magmortar|Helping Hand|p1a: Tyranitar
|-singleturn|p1a: Tyranitar|Helping Hand|[of] p1b: Magmortar
|move|p2b: Rillaboom|U-turn|p1a: Tyranitar
|-resisted|p1a: Tyranitar
|-damage|p1a: Tyranitar|89/100
|
|t:|1756337043
|switch|p2b: Pelipper|Pelipper, L50, F, shiny|95/100|[from] U-turn
|-weather|RainDance|[from] ability: Drizzle|[of] p2b: Pelipper
|move|p1a: Tyranitar|Rock Slide|p2a: Incineroar|[spread] p2a,p2b
|-supereffective|p2a: Incineroar
|-supereffective|p2b: Pelipper
|-damage|p2a: Incineroar|43/100
|-damage|p2b: Pelipper|36/100
|
|-weather|RainDance|[upkeep]
|-heal|p2a: Incineroar|49/100|[from] Grassy Terrain
|-heal|p1b: Magmortar|75/100|[from] Grassy Terrain
|upkeep
|turn|3
|
|t:|1756337066
|switch|p2a: Rillaboom|Rillaboom, L50, M|100/100
|switch|p1b: Annihilape|Annihilape, L50, M|100/100
|switch|p1a: Indeedee|Indeedee, L50, M|100/100
|-fieldstart|move: Psychic Terrain|[from] ability: Psychic Surge|[of] p1a: Indeedee
|move|p2b: Pelipper|Hydro Pump|p1b: Annihilape
|-damage|p1b: Annihilape|47/100
|
|-weather|RainDance|[upkeep]
|upkeep
|turn|4
|
|t:|1756337125
|switch|p2b: Dragonite|Dragonite, L50, M, shiny|100/100
|move|p1a: Indeedee|Expanding Force|p2b: Dragonite|[spread] p2a,p2b
|-damage|p2a: Rillaboom|27/100
|-damage|p2b: Dragonite|70/100
|move|p2a: Rillaboom|U-turn|p1a: Indeedee
|-supereffective|p1a: Indeedee
|-damage|p1a: Indeedee|0 fnt
|faint|p1a: Indeedee
|
|t:|1756337136
|switch|p2a: Incineroar|Incineroar, L50, M, shiny|49/100|[from] U-turn
|-ability|p2a: Incineroar|Intimidate|boost
|-unboost|p1b: Annihilape|atk|1
|-ability|p1b: Annihilape|Defiant|boost
|-boost|p1b: Annihilape|atk|2
|move|p1b: Annihilape|Close Combat|p2b: Dragonite
|-resisted|p2b: Dragonite
|-damage|p2b: Dragonite|25/100
|-unboost|p1b: Annihilape|def|1
|-unboost|p1b: Annihilape|spd|1
|
|-weather|RainDance|[upkeep]
|-sideend|p2: Jeramaya|move: Tailwind
|upkeep
|
|t:|1756337144
|switch|p1a: Tyranitar|Tyranitar, L50, M, tera:Flying|89/100
|-weather|Sandstorm|[from] ability: Sand Stream|[of] p1a: Tyranitar
|turn|5
|
|t:|1756337163
|move|p2a: Incineroar|Fake Out|p1a: Tyranitar
|-hint|Psychic Terrain doesn't affect Pokémon immune to Ground.
|-damage|p1a: Tyranitar|80/100
|move|p1b: Annihilape|Close Combat|p2a: Incineroar
|-supereffective|p2a: Incineroar
|-damage|p2a: Incineroar|0 fnt
|-unboost|p1b: Annihilape|def|1
|-unboost|p1b: Annihilape|spd|1
|faint|p2a: Incineroar
|move|p2b: Dragonite|Dragon Claw|p1b: Annihilape
|-damage|p1b: Annihilape|0 fnt
|faint|p1b: Annihilape
|cant|p1a: Tyranitar|flinch
|
|-weather|Sandstorm|[upkeep]
|-damage|p2b: Dragonite|19/100|[from] Sandstorm
|-damage|p1a: Tyranitar|74/100|[from] Sandstorm
|upkeep
|
|t:|1756337179
|switch|p1b: Magmortar|Magmortar, L50, M|75/100
|switch|p2a: Pelipper|Pelipper, L50, F, shiny|36/100
|-weather|RainDance|[from] ability: Drizzle|[of] p2a: Pelipper
|turn|6
|
|t:|1756337214
|move|p1b: Magmortar|Follow Me|p1b: Magmortar
|-singleturn|p1b: Magmortar|move: Follow Me
|move|p2b: Dragonite|Dragon Claw|p1b: Magmortar
|-damage|p1b: Magmortar|0 fnt
|faint|p1b: Magmortar
|move|p1a: Tyranitar|Rock Slide|p2b: Dragonite|[spread] p2a,p2b
|-supereffective|p2a: Pelipper
|-supereffective|p2b: Dragonite
|-damage|p2a: Pelipper|0 fnt
|-damage|p2b: Dragonite|0 fnt
|faint|p2a: Pelipper
|faint|p2b: Dragonite
|
|-weather|RainDance|[upkeep]
|upkeep
|
|t:|1756337227
|switch|p2b: Rillaboom|Rillaboom, L50, M|27/100
|-fieldstart|move: Grassy Terrain|[from] ability: Grassy Surge|[of] p2b: Rillaboom
|turn|7
|
|t:|1756337235
|move|p2b: Rillaboom|Fake Out|p1a: Tyranitar
|-damage|p1a: Tyranitar|59/100
|cant|p1a: Tyranitar|flinch
|
|-weather|RainDance|[upkeep]
|-heal|p2b: Rillaboom|33/100|[from] Grassy Terrain
|upkeep
|turn|8
|
|t:|1756337242
|move|p2b: Rillaboom|Protect|p2b: Rillaboom
|-singleturn|p2b: Rillaboom|Protect
|move|p1a: Tyranitar|Tera Blast|p2b: Rillaboom|[anim] Tera Blast Flying
|-activate|p2b: Rillaboom|move: Protect
|
|-weather|RainDance|[upkeep]
|-heal|p2b: Rillaboom|39/100|[from] Grassy Terrain
|upkeep
|turn|9
|
|t:|1756337252
|move|p2b: Rillaboom|Grassy Glide|p1a: Tyranitar
|-resisted|p1a: Tyranitar
|-damage|p1a: Tyranitar|40/100
|move|p1a: Tyranitar|Tera Blast|p2b: Rillaboom|[anim] Tera Blast Flying
|-supereffective|p2b: Rillaboom
|-damage|p2b: Rillaboom|0 fnt
|faint|p2b: Rillaboom
|
|win|SmogonSupervillain
|raw|SmogonSupervillain's rating: 1057 → 1083(+26 for winning)
|raw|Jeramaya's rating: 1000 → 1000(+0 for losing)
|l|☆Jeramaya
|player|p2|
