|j|☆r4ka
|j|☆mr.pickup
|html|r4kamr.pickup    
|uhtml|bestof|Game 1 of a best-of-3
|t:|1757187972
|gametype|doubles
|player|p1|r4ka|101|1318
|player|p2|mr.pickup|pokemaniac|1259
|gen|9
|tier|[Gen 9] VGC 2025 Reg H (Bo3)
|rated|
|rule|Species Clause: Limit one of each Pokémon
|rule|Item Clause: Limit 1 of each item
|clearpoke
|poke|p1|Rillaboom, L50, F|
|poke|p1|Dragonite, L50, F|
|poke|p1|Sneasler, L50, M|
|poke|p1|Kingambit, L50, M|
|poke|p1|Electabuzz, L50, M|
|poke|p1|Volcarona, L50, M|
|poke|p2|Gallade, L50, M|
|poke|p2|Indeedee-F, L50, F|
|poke|p2|Dragapult, L50, M|
|poke|p2|Whimsicott, L50, F|
|poke|p2|Ursaluna-Bloodmoon, L50, M|
|poke|p2|Typhlosion, L50, M|
|teampreview|4
|showteam|p1|Rillaboom||AssaultVest|GrassySurge|FakeOut,HighHorsepower,WoodHammer,GrassyGlide|||F|||50|,,,,,Fire]Dragonite||LoadedDice|Multiscale|ExtremeSpeed,ScaleShot,Protect,Haze|||F|||50|,,,,,Steel]Sneasler||FocusSash|PoisonTouch|DireClaw,CloseCombat,FakeOut,Coaching|||M|||50|,,,,,Stellar]Kingambit||BlackGlasses|Defiant|KowtowCleave,SuckerPunch,SwordsDance,Protect|||M|||50|,,,,,Ghost]Electabuzz||Eviolite|VitalSpirit|Thunderbolt,Taunt,Protect,FollowMe|||M|||50|,,,,,Ghost]Volcarona||Leftovers|FlameBody|HeatWave,TeraBlast,QuiverDance,Protect|||M|||50|,,,,,Fairy
|showteam|p2|Gallade||ClearAmulet|Sharpness|TrickRoom,PsychoCut,SacredSword,WideGuard|||M|||50|,,,,,Fighting]Indeedee-F||RockyHelmet|PsychicSurge|FollowMe,TrickRoom,Protect,Psychic|||F|||50|,,,,,Fairy]Dragapult||ChoiceBand|ClearBody|DragonDarts,Outrage,Uturn,PhantomForce|||M|||50|,,,,,Dragon]Whimsicott||CovertCloak|Prankster|SunnyDay,Moonblast,Encore,Tailwind|||F|||50|,,,,,Water]Ursaluna-Bloodmoon||ThroatSpray|MindsEye|HyperVoice,BloodMoon,EarthPower,Snarl|||M|||50|,,,,,Normal]Typhlosion||ChoiceSpecs|FlashFire|HeatWave,Eruption,ScorchingSands,ShadowBall|||M|||50|,,,,,Fire
|inactive|Battle timer is ON: inactive players will automatically lose when time's up. (requested by mr.pickup)
|inactive|r4ka has 60 seconds left.
|
|t:|1757188022
|teamsize|p1|4
|teamsize|p2|4
|start
|switch|p1a: Dragonite|Dragonite, L50, F, shiny|100/100
|switch|p1b: Sneasler|Sneasler, L50, M|100/100
|switch|p2a: Whimsicott|Whimsicott, L50, F|100/100
|switch|p2b: tommy tailglow|Typhlosion, L50, M|100/100
|turn|1
|
|t:|1757188039
|switch|p2a: IndeedeeIndeede|Indeedee-F, L50, F|100/100
|-fieldstart|move: Psychic Terrain|[from] ability: Psychic Surge|[of] p2a: IndeedeeIndeede
|move|p1b: Sneasler|Coaching|p1a: Dragonite
|-boost|p1a: Dragonite|atk|1
|-boost|p1a: Dragonite|def|1
|move|p2b: tommy tailglow|Heat Wave|p1b: Sneasler|[spread] p1a
|-miss|p2b: tommy tailglow|p1b: Sneasler
|-resisted|p1a: Dragonite
|-damage|p1a: Dragonite|87/100
|move|p1a: Dragonite|Scale Shot|p2b: tommy tailglow
|-damage|p2b: tommy tailglow|71/100
|-damage|p2b: tommy tailglow|41/100
|-damage|p2b: tommy tailglow|8/100
|-damage|p2b: tommy tailglow|0 fnt
|faint|p2b: tommy tailglow
|-hitcount|p2: tommy tailglow|4
|-unboost|p1a: Dragonite|def|1
|-boost|p1a: Dragonite|spe|1
|
|upkeep
|
|t:|1757188052
|switch|p2b: Datthew|Dragapult, L50, M|100/100
|turn|2
|inactive|r4ka has 30 seconds left.
|
|t:|1757188082
|switch|p1b: Rillaboom|Rillaboom, L50, F|100/100
|-fieldstart|move: Grassy Terrain|[from] ability: Grassy Surge|[of] p1b: Rillaboom
|-terastallize|p2a: IndeedeeIndeede|Fairy
|move|p1a: Dragonite|Protect|p1a: Dragonite
|-singleturn|p1a: Dragonite|Protect
|move|p2a: IndeedeeIndeede|Follow Me|p2a: IndeedeeIndeede
|-singleturn|p2a: IndeedeeIndeede|move: Follow Me
|move|p2b: Datthew|Dragon Darts|p1b: Rillaboom
|-damage|p1b: Rillaboom|65/100
|-anim|p2b: Datthew|Dragon Darts|p1b: Rillaboom
|-damage|p1b: Rillaboom|28/100
|
|-heal|p1b: Rillaboom|34/100|[from] Grassy Terrain
|upkeep
|turn|3
|
|t:|1757188100
|switch|p2b: Whimsicott|Whimsicott, L50, F|100/100
|-terastallize|p1a: Dragonite|Steel
|move|p1b: Rillaboom|Fake Out|p2a: IndeedeeIndeede
|-damage|p2a: IndeedeeIndeede|88/100
|-damage|p1b: Rillaboom|17/100|[from] item: Rocky Helmet|[of] p2a: IndeedeeIndeede
|move|p1a: Dragonite|Scale Shot|p2b: Whimsicott
|-immune|p2b: Whimsicott
|cant|p2a: IndeedeeIndeede|flinch
|
|-heal|p1a: Dragonite|93/100|[from] Grassy Terrain
|-heal|p1b: Rillaboom|23/100|[from] Grassy Terrain
|-heal|p2a: IndeedeeIndeede|94/100|[from] Grassy Terrain
|upkeep
|turn|4
|
|t:|1757188122
|switch|p1b: Kingambit|Kingambit, L50, M, shiny|100/100
|switch|p2a: Datthew|Dragapult, L50, M|100/100
|move|p1a: Dragonite|Extreme Speed|p2b: Whimsicott
|-damage|p2b: Whimsicott|38/100
|move|p2b: Whimsicott|Encore|p1a: Dragonite
|-start|p1a: Dragonite|Encore
|
|-heal|p1a: Dragonite|99/100|[from] Grassy Terrain
|-heal|p2b: Whimsicott|44/100|[from] Grassy Terrain
|upkeep
|turn|5
|inactive|r4ka has 30 seconds left.
|inactive|mr.pickup has 30 seconds left.
|
|t:|1757188153
|switch|p2b: IndeedeeIndeede|Indeedee-F, L50, F, tera:Fairy|94/100
|-fieldstart|move: Psychic Terrain|[from] ability: Psychic Surge|[of] p2b: IndeedeeIndeede
|move|p1a: Dragonite|Extreme Speed|p2b: IndeedeeIndeede
|-activate|p2b: IndeedeeIndeede|move: Psychic Terrain
|move|p2a: Datthew|Outrage|p1a: Dragonite
|-resisted|p1a: Dragonite
|-damage|p1a: Dragonite|48/100
|move|p1b: Kingambit|Kowtow Cleave|p2a: Datthew
|-supereffective|p2a: Datthew
|-damage|p2a: Datthew|0 fnt
|faint|p2a: Datthew
|
|upkeep
|-message|mr.pickup forfeited.
|
|win|r4ka
||mr.pickup is ready for game 2.
||r4ka is ready for game 2.
|uhtml|next|Next: Game 2 of 3
