|j|☆teyvgc
|j|☆ironstandseternal
|html|teyvgcironstandseternal    
|uhtml|bestof|Game 2 of a best-of-3
|t:|1757199249
|gametype|doubles
|player|p1|teyvgc|benga|
|player|p2|ironstandseternal|flint|
|gen|9
|tier|[Gen 9] VGC 2025 Reg H (Bo3)
|rule|Species Clause: Limit one of each Pokémon
|rule|Item Clause: Limit 1 of each item
|clearpoke
|poke|p1|Gholdengo, L50|
|poke|p1|Dragonite, L50, F|
|poke|p1|Sneasler, L50, F|
|poke|p1|Incineroar, L50, F|
|poke|p1|Indeedee, L50, M|
|poke|p1|Ninetales-Alola, L50, F|
|poke|p2|Archaludon, L50, M|
|poke|p2|Dragonite, L50, M|
|poke|p2|Pelipper, L50, M|
|poke|p2|Ursaluna, L50, F|
|poke|p2|Sinistcha, L50|
|poke|p2|Gholdengo, L50|
|teampreview|4
|showteam|p1|Gholdengo||LifeOrb|GoodasGold|Protect,MakeItRain,ShadowBall,NastyPlot||||||50|,,,,,Water]Dragonite||LoadedDice|Multiscale|ScaleShot,Tailwind,Haze,Protect|||F|||50|,,,,,Fairy]Sneasler||PsychicSeed|Unburden|Protect,DireClaw,CloseCombat,ThroatChop|||F|||50|,,,,,Dark]Incineroar||SafetyGoggles|Intimidate|KnockOff,PartingShot,FlareBlitz,FakeOut|||F|||50|,,,,,Ghost]Indeedee||ChoiceScarf|PsychicSurge|Protect,Trick,TeraBlast,ExpandingForce|||M|||50|,,,,,Psychic]Ninetales-Alola||FocusSash|SnowWarning|Blizzard,IcyWind,Encore,AuroraVeil|||F|||50|,,,,,Ghost
|showteam|p2|Archaludon||AssaultVest|Stamina|FlashCannon,BodyPress,ElectroShot,Snarl|||M|||50|,,,,,Fighting]Dragonite||LoadedDice|Multiscale|ScaleShot,Tailwind,Haze,Protect|||M|||50|,,,,,Fairy]Pelipper||FocusSash|Drizzle|MuddyWater,Hurricane,Tailwind,Protect|||M|||50|,,,,,Ghost]Ursaluna||FlameOrb|Guts|Facade,HeadlongRush,Earthquake,Protect|||F|||50|,,,,,Ghost]Sinistcha||SitrusBerry|Hospitality|MatchaGotcha,LifeDew,RagePowder,TrickRoom||||||50|,,,,,Dark]Gholdengo||ChoiceScarf|GoodasGold|MakeItRain,ShadowBall,Trick,Protect||||||50|,,,,,Flying
|
|t:|1757199290
|teamsize|p1|4
|teamsize|p2|4
|start
|switch|p1a: Indeedee|Indeedee, L50, M|100/100
|switch|p1b: Sneasler|Sneasler, L50, F|100/100
|switch|p2a: Sinistcha|Sinistcha, L50|100/100
|switch|p2b: Gholdengo|Gholdengo, L50|100/100
|-fieldstart|move: Psychic Terrain|[from] ability: Psychic Surge|[of] p1a: Indeedee
|-enditem|p1b: Sneasler|Psychic Seed
|-boost|p1b: Sneasler|spd|1|[from] item: Psychic Seed
|turn|1
|
|t:|1757199330
|move|p2a: Sinistcha|Rage Powder|p2a: Sinistcha
|-singleturn|p2a: Sinistcha|move: Rage Powder
|move|p1b: Sneasler|Throat Chop|p2a: Sinistcha
|-supereffective|p2a: Sinistcha
|-damage|p2a: Sinistcha|54/100
|-start|p2a: Sinistcha|Throat Chop|[silent]
|move|p1a: Indeedee|Trick|p2a: Sinistcha
|-activate|p1a: Indeedee|move: Trick|[of] p2a: Sinistcha
|-item|p2a: Sinistcha|Choice Scarf|[from] move: Trick
|-item|p1a: Indeedee|Sitrus Berry|[from] move: Trick
|move|p2b: Gholdengo|Trick|p1b: Sneasler
|-activate|p2b: Gholdengo|move: Trick|[of] p1b: Sneasler
|-item|p1b: Sneasler|Choice Scarf|[from] move: Trick
|-enditem|p2b: Gholdengo|Choice Scarf|[silent]|[from] move: Trick
|
|upkeep
|turn|2
|
|t:|1757199369
|-terastallize|p1b: Sneasler|Dark
|move|p1b: Sneasler|Throat Chop|p2b: Gholdengo
|-supereffective|p2b: Gholdengo
|-damage|p2b: Gholdengo|7/100
|-start|p2b: Gholdengo|Throat Chop|[silent]
|move|p1a: Indeedee|Expanding Force|p2b: Gholdengo|[spread] p2a,p2b
|-resisted|p2b: Gholdengo
|-damage|p2a: Sinistcha|0 fnt
|-damage|p2b: Gholdengo|0 fnt
|faint|p2a: Sinistcha
|faint|p2b: Gholdengo
|
|upkeep
|
|t:|1757199376
|switch|p2b: Ursaluna|Ursaluna, L50, F|100/100
|switch|p2a: Dragonite|Dragonite, L50, M|100/100
|turn|3
|
|t:|1757199401
|switch|p1b: Incineroar|Incineroar, L50, F|100/100
|-ability|p1b: Incineroar|Intimidate|boost
|-unboost|p2a: Dragonite|atk|1
|-unboost|p2b: Ursaluna|atk|1
|-terastallize|p2a: Dragonite|Fairy
|move|p1a: Indeedee|Trick|p2a: Dragonite
|-activate|p1a: Indeedee|move: Trick|[of] p2a: Dragonite
|-item|p2a: Dragonite|Sitrus Berry|[from] move: Trick
|-item|p1a: Indeedee|Loaded Dice|[from] move: Trick
|move|p2a: Dragonite|Scale Shot|p1a: Indeedee
|-crit|p1a: Indeedee
|-damage|p1a: Indeedee|53/100
|-damage|p1a: Indeedee|34/100
|-hitcount|p1a: Indeedee|2
|-unboost|p2a: Dragonite|def|1
|-boost|p2a: Dragonite|spe|1
|move|p2b: Ursaluna|Earthquake|p1b: Incineroar|[spread] p2a,p1a,p1b
|-supereffective|p1b: Incineroar
|-damage|p2a: Dragonite|75/100
|-damage|p1a: Indeedee|0 fnt
|-damage|p1b: Incineroar|47/100
|faint|p1a: Indeedee
|
|-status|p2b: Ursaluna|brn|[from] item: Flame Orb
|upkeep
|
|t:|1757199420
|switch|p1a: Sneasler|Sneasler, L50, F, tera:Dark|100/100
|turn|4
|
|t:|1757199449
|move|p2b: Ursaluna|Protect|p2b: Ursaluna
|-singleturn|p2b: Ursaluna|Protect
|move|p1a: Sneasler|Close Combat|p2b: Ursaluna
|-activate|p2b: Ursaluna|move: Protect
|move|p2a: Dragonite|Scale Shot|p1a: Sneasler
|-damage|p1a: Sneasler|82/100
|-damage|p1a: Sneasler|63/100
|-damage|p1a: Sneasler|46/100
|-hitcount|p1a: Sneasler|3
|-unboost|p2a: Dragonite|def|1
|-boost|p2a: Dragonite|spe|1
|move|p1b: Incineroar|Parting Shot|p2a: Dragonite
|-unboost|p2a: Dragonite|atk|1
|-unboost|p2a: Dragonite|spa|1
|
|t:|1757199463
|switch|p1b: Ninetales|Ninetales-Alola, L50, F|100/100|[from] Parting Shot
|-weather|Snowscape|[from] ability: Snow Warning|[of] p1b: Ninetales
|
|-weather|Snowscape|[upkeep]
|-damage|p2b: Ursaluna|95/100 brn|[from] brn
|upkeep
|turn|5
|
|t:|1757199495
|switch|p1a: Incineroar|Incineroar, L50, F|47/100
|-ability|p1a: Incineroar|Intimidate|boost
|-unboost|p2a: Dragonite|atk|1
|-unboost|p2b: Ursaluna|atk|1
|move|p2a: Dragonite|Tailwind|p2a: Dragonite
|-sidestart|p2: ironstandseternal|move: Tailwind
|move|p2b: Ursaluna|Facade|p1a: Incineroar
|-damage|p1a: Incineroar|0 fnt
|faint|p1a: Incineroar
|move|p1b: Ninetales|Blizzard|p2a: Dragonite|[spread] p2a,p2b
|-supereffective|p2b: Ursaluna
|-damage|p2a: Dragonite|40/100
|-damage|p2b: Ursaluna|35/100 brn
|-enditem|p2a: Dragonite|Sitrus Berry|[eat]
|-heal|p2a: Dragonite|65/100|[from] item: Sitrus Berry
|
|-weather|Snowscape|[upkeep]
|-damage|p2b: Ursaluna|29/100 brn|[from] brn
|-fieldend|move: Psychic Terrain
|upkeep
|
|t:|1757199511
|switch|p1a: Sneasler|Sneasler, L50, F, tera:Dark|46/100
|turn|6
|
|t:|1757199532
|move|p2a: Dragonite|Protect|p2a: Dragonite
|-singleturn|p2a: Dragonite|Protect
|move|p2b: Ursaluna|Protect|p2b: Ursaluna
|-singleturn|p2b: Ursaluna|Protect
|move|p1a: Sneasler|Dire Claw|p2a: Dragonite
|-activate|p2a: Dragonite|move: Protect
|move|p1b: Ninetales|Blizzard|p2b: Ursaluna|[spread] 
|-activate|p2a: Dragonite|move: Protect
|-activate|p2b: Ursaluna|move: Protect
|
|-weather|Snowscape|[upkeep]
|-damage|p2b: Ursaluna|23/100 brn|[from] brn
|upkeep
|turn|7
|
|t:|1757199547
|move|p2a: Dragonite|Scale Shot|p1a: Sneasler
|-damage|p1a: Sneasler|35/100
|-damage|p1a: Sneasler|24/100
|-damage|p1a: Sneasler|12/100
|-damage|p1a: Sneasler|2/100
|-damage|p1a: Sneasler|0 fnt
|faint|p1a: Sneasler
|-hitcount|p1: Sneasler|5
|-unboost|p2a: Dragonite|def|1
|-boost|p2a: Dragonite|spe|1
|move|p2b: Ursaluna|Facade|p1b: Ninetales
|-damage|p1b: Ninetales|41/100
|move|p1b: Ninetales|Blizzard|p2b: Ursaluna|[spread] p2a,p2b
|-supereffective|p2b: Ursaluna
|-damage|p2a: Dragonite|33/100
|-damage|p2b: Ursaluna|0 fnt
|faint|p2b: Ursaluna
|
|-weather|Snowscape|[upkeep]
|upkeep
|turn|8
|
|t:|1757199571
|move|p2a: Dragonite|Haze|p2a: Dragonite
|-clearallboost
|move|p1b: Ninetales|Blizzard|p2a: Dragonite
|-damage|p2a: Dragonite|0 fnt
|faint|p2a: Dragonite
|
|win|teyvgc
|l|☆teyvgc
|player|p1|
|j|☆teyvgc
|player|p1|teyvgc|benga|
