|j|☆ECARRY
|j|☆devouring itself
|html|ECARRYdevouring itself    
|uhtml|bestof|Game 1 of a best-of-3
|t:|1784469020
|gametype|doubles
|player|p1|ECARRY|170|
|player|p2|devouring itself|265|
|gen|9
|tier|[Gen 9 Champions] VGC 2026 Reg M-B (Bo3)
|rule|Species Clause: Limit one of each Pokémon
|rule|Item Clause: Limit 1 of each item
|clearpoke
|poke|p1|Floette-Eternal, L50, F|
|poke|p1|Charizard, L50, F|
|poke|p1|Whimsicott, L50, M|
|poke|p1|Garchomp, L50, M|
|poke|p1|Basculegion, L50, M|
|poke|p1|Kingambit, L50, F|
|poke|p2|Grimmsnarl, L50, M|
|poke|p2|Swampert, L50, M|
|poke|p2|Pelipper, L50, M|
|poke|p2|Archaludon, L50, M|
|poke|p2|Sinistcha, L50|
|poke|p2|Metagross, L50|
|teampreview|4
|showteam|p1|Floette-Eternal||Floettite|FlowerVeil|Moonblast,DazzlingGleam,LightofRuin,Protect|Modest||F|||50|]Charizard||CharizarditeY|Blaze|HeatWave,WeatherBall,SolarBeam,Protect|Modest||F|||50|]Whimsicott||FocusSash|Prankster|Moonblast,Encore,Tailwind,Protect|Timid||M|||50|]Garchomp||LifeOrb|RoughSkin|DragonClaw,Earthquake,Protect,RockSlide|Jolly||M|||50|]Basculegion||MysticWater|Adaptability|WaveCrash,LastRespects,AquaJet,Protect|Adamant||M|||50|]Kingambit||BlackGlasses|Defiant|KowtowCleave,IronHead,SuckerPunch,Protect|Adamant||F|||50|
|showteam|p2|Grimmsnarl||LightClay|Prankster|FoulPlay,PartingShot,Reflect,LightScreen|Calm||M|||50|]Swampert||Swampertite|Damp|WaveCrash,Earthquake,IcePunch,Protect|Adamant||M|||50|]Pelipper||SitrusBerry|Drizzle|Hurricane,WeatherBall,Tailwind,WideGuard|Modest||M|||50|]Archaludon||Leftovers|Stamina|ElectroShot,DragonPulse,FlashCannon,Protect|Modest||M|||50|]Sinistcha||CobaBerry|Hospitality|MatchaGotcha,RagePowder,TrickRoom,Protect|Relaxed|||||50|]Metagross||Metagrossite|ClearBody|IronHead,PsychicFangs,BodyPress,Protect|Jolly|||||50|
|c|☆devouring itself|glhf!
|c|☆ECARRY|Gl
|l|☆ECARRY
|player|p1|
|j|☆ECARRY
|player|p1|ECARRY|170|
|inactive|Battle timer is ON: inactive players will automatically lose when time's up. (requested by devouring itself)
|l|☆ECARRY
|inactive|ECARRY disconnected and has 300 seconds to reconnect!
|player|p1|
|inactiveoff|Battle timer is now OFF.
|j|☆ECARRY
|player|p1|ECARRY|170|
|c|☆ECARRY|Stry wifi
|c|☆devouring itself|lmaooo all good
|inactive|Battle timer is ON: inactive players will automatically lose when time's up. (requested by devouring itself)
|
|t:|1784469154
|teamsize|p1|4
|teamsize|p2|4
|start
|switch|p1a: Whimsicott|Whimsicott, L50, M|100/100
|switch|p1b: Basculegion|Basculegion, L50, M|100/100
|switch|p2a: Grimmsnarl|Grimmsnarl, L50, M|100/100
|switch|p2b: Archaludon|Archaludon, L50, M|100/100
|turn|1
|inactive|ECARRY has 30 seconds left.
|
|t:|1784469180
|move|p2a: Grimmsnarl|Light Screen|p2a: Grimmsnarl
|-sidestart|p2: devouring itself|move: Light Screen
|move|p1a: Whimsicott|Moonblast|p2b: Archaludon
|-damage|p2b: Archaludon|77/100
|-ability|p2b: Archaludon|Stamina|boost
|-boost|p2b: Archaludon|def|1
|move|p1b: Basculegion|Wave Crash|p2a: Grimmsnarl
|-damage|p2a: Grimmsnarl|0 fnt
|faint|p2a: Grimmsnarl
|-damage|p1b: Basculegion|66/100|[from] Recoil
|move|p2b: Archaludon|Dragon Pulse|p1b: Basculegion
|-damage|p1b: Basculegion|24/100
|
|-heal|p2b: Archaludon|83/100|[from] item: Leftovers
|upkeep
|
|t:|1784469196
|switch|p2a: Pelipper|Pelipper, L50, M|100/100
|-weather|RainDance|[from] ability: Drizzle|[of] p2a: Pelipper
|turn|2
|
|t:|1784469206
|move|p1a: Whimsicott|Encore|p2b: Archaludon
|-start|p2b: Archaludon|Encore
|move|p1b: Basculegion|Wave Crash|p2a: Pelipper
|-resisted|p2a: Pelipper|1
|-damage|p2a: Pelipper|28/100
|-enditem|p2a: Pelipper|Sitrus Berry|[eat]
|-heal|p2a: Pelipper|52/100|[from] item: Sitrus Berry
|-damage|p1b: Basculegion|4/100|[from] Recoil
|move|p2b: Archaludon|Dragon Pulse|p1b: Basculegion
|-damage|p1b: Basculegion|0 fnt
|faint|p1b: Basculegion
|move|p2a: Pelipper|Tailwind|p2a: Pelipper
|-sidestart|p2: devouring itself|move: Tailwind
|
|-weather|RainDance|[upkeep]
|-heal|p2b: Archaludon|89/100|[from] item: Leftovers
|upkeep
|
|t:|1784469211
|switch|p1b: Floette|Floette-Eternal, L50, F|100/100
|turn|3
|
|t:|1784469236
|switch|p2b: Swampert|Swampert, L50, M|100/100
|detailschange|p1b: Floette|Floette-Mega, L50, F
|-mega|p1b: Floette|Floette|Floettite
|-ability|p1b: Floette|Fairy Aura
|move|p1a: Whimsicott|Tailwind|p1a: Whimsicott
|-sidestart|p1: ECARRY|move: Tailwind
|move|p1b: Floette|Moonblast|p2a: Pelipper
|-damage|p2a: Pelipper|0 fnt
|faint|p2a: Pelipper
|
|-weather|RainDance|[upkeep]
|upkeep
|
|t:|1784469238
|switch|p2a: Archaludon|Archaludon, L50, M|89/100
|turn|4
|
|t:|1784469257
|detailschange|p2b: Swampert|Swampert-Mega, L50, M
|-mega|p2b: Swampert|Swampert|Swampertite
|move|p1a: Whimsicott|Protect|p1a: Whimsicott
|-singleturn|p1a: Whimsicott|Protect
|move|p1b: Floette|Protect|p1b: Floette
|-singleturn|p1b: Floette|Protect
|move|p2b: Swampert|Wave Crash|p1b: Floette
|-activate|p1b: Floette|move: Protect
|move|p2a: Archaludon|Electro Shot||[still]
|-prepare|p2a: Archaludon|Electro Shot
|-boost|p2a: Archaludon|spa|1
|-anim|p2a: Archaludon|Electro Shot|p1a: Whimsicott
|-activate|p1a: Whimsicott|move: Protect
|
|-weather|RainDance|[upkeep]
|-heal|p2a: Archaludon|95/100|[from] item: Leftovers
|upkeep
|turn|5
|inactive|devouring itself has 30 seconds left.
|
|t:|1784469286
|switch|p1b: Kingambit|Kingambit, L50, F|100/100
|move|p2b: Swampert|Wave Crash|p1b: Kingambit
|-damage|p1b: Kingambit|21/100
|-damage|p2b: Swampert|72/100|[from] Recoil
|move|p1a: Whimsicott|Moonblast|p2b: Swampert
|-damage|p2b: Swampert|50/100g
|move|p2a: Archaludon|Electro Shot||[still]
|-prepare|p2a: Archaludon|Electro Shot
|-boost|p2a: Archaludon|spa|1
|-anim|p2a: Archaludon|Electro Shot|p1b: Kingambit
|-damage|p1b: Kingambit|0 fnt
|faint|p1b: Kingambit
|
|-weather|RainDance|[upkeep]
|-heal|p2a: Archaludon|100/100|[from] item: Leftovers
|-sideend|p2: devouring itself|move: Tailwind
|upkeep
|
|t:|1784469297
|switch|p1b: Floette|Floette-Mega, L50, F|100/100
|-ability|p1b: Floette|Fairy Aura
|turn|6
|inactive|ECARRY has 30 seconds left.
|
|t:|1784469324
|move|p1a: Whimsicott|Moonblast|p2a: Archaludon
|-damage|p2a: Archaludon|69/100
|-ability|p2a: Archaludon|Stamina|boost
|-boost|p2a: Archaludon|def|1
|move|p1b: Floette|Light of Ruin|p2a: Archaludon
|-damage|p2a: Archaludon|0 fnt
|faint|p2a: Archaludon
|-damage|p1b: Floette|56/100|[from] Recoil
|move|p2b: Swampert|Wave Crash|p1b: Floette
|-damage|p1b: Floette|0 fnt
|faint|p1b: Floette
|-damage|p2b: Swampert|35/100|[from] Recoil
|
|-weather|none
|-sideend|p1: ECARRY|move: Tailwind
|upkeep
|turn|7
|
|t:|1784469334
|move|p1a: Whimsicott|Protect|p1a: Whimsicott
|-singleturn|p1a: Whimsicott|Protect
|move|p2b: Swampert|Ice Punch|p1a: Whimsicott
|-activate|p1a: Whimsicott|move: Protect
|
|upkeep
|turn|8
|
|t:|1784469339
|move|p1a: Whimsicott|Moonblast|p2b: Swampert
|-damage|p2b: Swampert|16/100
|move|p2b: Swampert|Ice Punch|p1a: Whimsicott
|-supereffective|p1a: Whimsicott|1
|-damage|p1a: Whimsicott|8/100
|
|-sideend|p2: devouring itself|move: Light Screen
|upkeep
|turn|9
|
|t:|1784469345
|move|p1a: Whimsicott|Moonblast|p2b: Swampert
|-damage|p2b: Swampert|0 fnt
|faint|p2b: Swampert
|
|win|ECARRY
|c|☆devouring itself|gg
||devouring itself is ready for game 2.
|inactive|ECARRY has 30 seconds to confirm battle start!
|inactive|ECARRY has 20 seconds to confirm battle start!
|inactive|ECARRY has 10 seconds to confirm battle start!
||ECARRY is ready for game 2.
|uhtml|next|Next: Game 2 of 3
|l|☆devouring itself
|player|p2|
|l|☆ECARRY
|player|p1|
|j|☆ECARRY
|player|p1|ECARRY|170|
