|j|☆jeff2323
|j|☆CarrettaVGC
|html|jeff2323CarrettaVGC    
|uhtml|bestof|Game 3 of a best-of-3
|t:|1784051335
|gametype|doubles
|player|p1|jeff2323|265|1195
|player|p2|CarrettaVGC|morty|1211
|gen|9
|tier|[Gen 9 Champions] VGC 2026 Reg M-B (Bo3)
|rated|
|rule|Species Clause: Limit one of each Pokémon
|rule|Item Clause: Limit 1 of each item
|clearpoke
|poke|p1|Camerupt, L50, F|
|poke|p1|Rotom-Wash, L50|
|poke|p1|Grimmsnarl, L50, M|
|poke|p1|Sinistcha, L50|
|poke|p1|Staraptor, L50, F|
|poke|p1|Gholdengo, L50|
|poke|p2|Garchomp, L50, M|
|poke|p2|Venusaur, L50, M|
|poke|p2|Incineroar, L50, M|
|poke|p2|Charizard, L50, F|
|poke|p2|Toxapex, L50, M|
|poke|p2|Annihilape, L50, F|
|teampreview|4
|showteam|p1|Camerupt||Cameruptite|SolidRock|Protect,AncientPower,EarthPower,HeatWave|Quiet||F|||50|]Rotom-Wash||ChoiceScarf|Levitate|Trick,WillOWisp,VoltSwitch,HydroPump|Timid|||||50|]Grimmsnarl||LightClay|Prankster|PartingShot,Reflect,LightScreen,FoulPlay|Careful||M|||50|]Sinistcha||SitrusBerry|Hospitality|Protect,TrickRoom,RagePowder,MatchaGotcha|Calm|||||50|]Staraptor||Staraptite|Intimidate|Protect,Roost,BraveBird,CloseCombat|Jolly||F|||50|]Gholdengo||LifeOrb|GoodasGold|Protect,NastyPlot,ShadowBall,MakeItRain|Timid|||||50|
|showteam|p2|Garchomp||ChoiceScarf|RoughSkin|Earthquake,RockSlide,DragonClaw,StompingTantrum|Adamant||M|||50|]Venusaur||LifeOrb|Chlorophyll|SludgeBomb,SolarBeam,EarthPower,Protect|Modest||M|||50|]Incineroar||SitrusBerry|Intimidate|FakeOut,FlareBlitz,ThroatChop,PartingShot|Impish||M|||50|]Charizard||CharizarditeY|Blaze|HeatWave,WeatherBall,Protect,HelpingHand|Modest||F|||50|]Toxapex||Leftovers|Regenerator|Infestation,Toxic,WideGuard,BanefulBunker|Impish||M|||50|]Annihilape||FocusSash|Defiant|CloseCombat,PhantomForce,RockTomb,Protect|Jolly||F|||50|
|inactive|Battle timer is ON: inactive players will automatically lose when time's up. (requested by CarrettaVGC)
|inactive|CarrettaVGC has 60 seconds left.
|inactive|CarrettaVGC has 30 seconds left.
|inactive|CarrettaVGC has 20 seconds left.
|inactive|CarrettaVGC has 15 seconds left.
|inactive|CarrettaVGC has 10 seconds left.
|
|t:|1784051418
|teamsize|p1|4
|teamsize|p2|4
|start
|switch|p1a: Grimmsnarl|Grimmsnarl, L50, M|100/100
|switch|p1b: Camerupt|Camerupt, L50, F|100/100
|switch|p2a: Incineroar|Incineroar, L50, M|100/100
|switch|p2b: Toxapex|Toxapex, L50, M|100/100
|-ability|p2a: Incineroar|Intimidate|boost
|-unboost|p1a: Grimmsnarl|atk|1
|-unboost|p1b: Camerupt|atk|1
|turn|1
|
|t:|1784051440
|switch|p1a: Rotom|Rotom-Wash, L50|100/100
|detailschange|p1b: Camerupt|Camerupt-Mega, L50, F
|-mega|p1b: Camerupt|Camerupt|Cameruptite
|move|p1b: Camerupt|Protect|p1b: Camerupt
|-singleturn|p1b: Camerupt|Protect
|move|p2a: Incineroar|Fake Out|p1b: Camerupt
|-activate|p1b: Camerupt|move: Protect
|move|p2b: Toxapex|Toxic|p1a: Rotom
|-status|p1a: Rotom|tox
|
|-damage|p1a: Rotom|94/100 tox|[from] psn
|upkeep
|turn|2
|inactive|jeff2323 has 30 seconds left.
|inactive|CarrettaVGC has 30 seconds left.
|inactive|jeff2323 has 20 seconds left.
|inactive|CarrettaVGC has 20 seconds left.
|inactive|jeff2323 has 15 seconds left.
|inactive|CarrettaVGC has 15 seconds left.
|inactive|CarrettaVGC has 10 seconds left.
|
|t:|1784051488
|switch|p1b: Grimmsnarl|Grimmsnarl, L50, M|100/100
|move|p1a: Rotom|Hydro Pump|p2a: Incineroar|[miss]
|-miss|p1a: Rotom|p2a: Incineroar
|move|p2a: Incineroar|Parting Shot|p1b: Grimmsnarl
|-unboost|p1b: Grimmsnarl|atk|1
|-unboost|p1b: Grimmsnarl|spa|1
|
|t:|1784051500
|switch|p2a: Charizard|Charizard, L50, F|100/100|[from] Parting Shot
|move|p2b: Toxapex|Infestation|p1b: Grimmsnarl
|-damage|p1b: Grimmsnarl|97/100
|-activate|p1b: Grimmsnarl|move: Infestation|[of] p2b: Toxapex
|
|-damage|p1a: Rotom|83/100 tox|[from] psn
|-damage|p1b: Grimmsnarl|85/100|[from] move: Infestation|[partiallytrapped]
|upkeep
|turn|3
|
|t:|1784051510
|switch|p1a: Camerupt|Camerupt-Mega, L50, F|100/100
|detailschange|p2a: Charizard|Charizard-Mega-Y, L50, F
|-mega|p2a: Charizard|Charizard|Charizardite Y
|-weather|SunnyDay|[from] ability: Drought|[of] p2a: Charizard
|move|p1b: Grimmsnarl|Light Screen|p1b: Grimmsnarl
|-sidestart|p1: jeff2323|move: Light Screen
|move|p2a: Charizard|Heat Wave|p1a: Camerupt|[spread] p1a,p1b
|-resisted|p1a: Camerupt|1
|-damage|p1a: Camerupt|83/100
|-damage|p1b: Grimmsnarl|52/100
|move|p2b: Toxapex|Toxic|p1b: Grimmsnarl
|-status|p1b: Grimmsnarl|tox
|
|-weather|SunnyDay|[upkeep]
|-damage|p1b: Grimmsnarl|47/100 tox|[from] psn
|-damage|p1b: Grimmsnarl|34/100 tox|[from] move: Infestation|[partiallytrapped]
|upkeep
|turn|4
|inactive|CarrettaVGC has 30 seconds left.
|
|t:|1784051544
|move|p1b: Grimmsnarl|Parting Shot|p2a: Charizard
|-unboost|p2a: Charizard|atk|1
|-unboost|p2a: Charizard|spa|1
|
|t:|1784051559
|switch|p1b: Rotom|Rotom-Wash, L50|83/100 tox|[from] Parting Shot
|move|p2a: Charizard|Heat Wave|p1b: Rotom|[spread] p1a,p1b
|-resisted|p1a: Camerupt|1
|-resisted|p1b: Rotom|1
|-damage|p1a: Camerupt|71/100
|-damage|p1b: Rotom|64/100 tox
|move|p2b: Toxapex|Toxic|p1a: Camerupt
|-status|p1a: Camerupt|tox
|move|p1a: Camerupt|Earth Power|p2b: Toxapex
|-supereffective|p2b: Toxapex|1
|-damage|p2b: Toxapex|8/100
|
|-weather|SunnyDay|[upkeep]
|-heal|p2b: Toxapex|14/100|[from] item: Leftovers
|-damage|p1b: Rotom|59/100 tox|[from] psn
|-damage|p1a: Camerupt|64/100 tox|[from] psn
|upkeep
|turn|5
|
|t:|1784051582
|-heal|p2b: Toxapex|47/100|[from] ability: Regenerator|[silent]
|switch|p2b: Venusaur|Venusaur, L50, M|100/100
|move|p2a: Charizard|Protect|p2a: Charizard
|-singleturn|p2a: Charizard|Protect
|move|p1b: Rotom|Volt Switch|p2a: Charizard
|-activate|p2a: Charizard|move: Protect
|move|p1a: Camerupt|Ancient Power|p2a: Charizard
|-activate|p2a: Charizard|move: Protect
|
|-weather|SunnyDay|[upkeep]
|-damage|p1b: Rotom|48/100 tox|[from] psn
|-damage|p1a: Camerupt|52/100 tox|[from] psn
|upkeep
|turn|6
|inactive|CarrettaVGC has 30 seconds left.
|inactive|CarrettaVGC has 20 seconds left.
|inactive|CarrettaVGC has 15 seconds left.
|inactive|CarrettaVGC has 10 seconds left.
|
|t:|1784051631
|switch|p1b: Sinistcha|Sinistcha, L50|100/100
|-heal|p1a: Camerupt|77/100 tox|[from] ability: Hospitality|[of] p1b: Sinistcha
|switch|p2a: Toxapex|Toxapex, L50, M|47/100
|move|p2b: Venusaur|Solar Beam||[still]
|-prepare|p2b: Venusaur|Solar Beam
|-anim|p2b: Venusaur|Solar Beam|p1a: Camerupt
|-damage|p1a: Camerupt|38/100 tox
|-damage|p2b: Venusaur|90/100|[from] item: Life Orb
|move|p1a: Camerupt|Heat Wave|p2b: Venusaur|[spread] p2a,p2b
|-resisted|p2a: Toxapex|1
|-supereffective|p2b: Venusaur|1
|-damage|p2a: Toxapex|20/100y
|-damage|p2b: Venusaur|0 fnt
|faint|p2b: Venusaur
|
|-weather|SunnyDay|[upkeep]
|-heal|p2a: Toxapex|26/100|[from] item: Leftovers
|-damage|p1a: Camerupt|20/100y tox|[from] psn
|upkeep
|
|t:|1784051643
|switch|p2b: Charizard|Charizard-Mega-Y, L50, F|100/100
|turn|7
|inactive|jeff2323 has 30 seconds left.
|
|t:|1784051676
|switch|p1a: Grimmsnarl|Grimmsnarl, L50, M|34/100 tox
|move|p1b: Sinistcha|Protect|p1b: Sinistcha
|-singleturn|p1b: Sinistcha|Protect
|move|p2b: Charizard|Heat Wave|p1b: Sinistcha|[spread] 
|-activate|p1b: Sinistcha|move: Protect
|-miss|p2b: Charizard|p1a: Grimmsnarl
|move|p2a: Toxapex|Toxic|p1b: Sinistcha
|-activate|p1b: Sinistcha|move: Protect
|
|-weather|none
|-heal|p2a: Toxapex|31/100|[from] item: Leftovers
|-damage|p1a: Grimmsnarl|28/100 tox|[from] psn
|upkeep
|turn|8
|inactive|CarrettaVGC has 30 seconds left.
|inactive|CarrettaVGC has 20 seconds left.
|inactive|CarrettaVGC has 15 seconds left.
|inactive|CarrettaVGC has 10 seconds left.
|
|t:|1784051725
|switch|p2b: Incineroar|Incineroar, L50, M|100/100
|-ability|p2b: Incineroar|Intimidate|boost
|-unboost|p1a: Grimmsnarl|atk|1
|-unboost|p1b: Sinistcha|atk|1
|move|p1a: Grimmsnarl|Foul Play|p2a: Toxapex
|-damage|p2a: Toxapex|15/100
|move|p2a: Toxapex|Toxic|p1b: Sinistcha
|-status|p1b: Sinistcha|tox
|move|p1b: Sinistcha|Trick Room|p1b: Sinistcha
|-fieldstart|move: Trick Room|[of] p1b: Sinistcha
|
|-heal|p2a: Toxapex|21/100|[from] item: Leftovers
|-damage|p1a: Grimmsnarl|16/100 tox|[from] psn
|-damage|p1b: Sinistcha|93/100 tox|[from] psn
|upkeep
|turn|9
|inactive|jeff2323 has 30 seconds left.
|
|t:|1784051753
|-heal|p2a: Toxapex|54/100|[from] ability: Regenerator|[silent]
|switch|p2a: Charizard|Charizard-Mega-Y, L50, F|100/100
|-weather|SunnyDay|[from] ability: Drought|[of] p2a: Charizard
|move|p2b: Incineroar|Fake Out|p1a: Grimmsnarl
|-damage|p1a: Grimmsnarl|4/100 tox
|cant|p1a: Grimmsnarl|flinch
|move|p1b: Sinistcha|Matcha Gotcha|p2b: Incineroar|[spread] p2a,p2b
|-resisted|p2a: Charizard|2
|-crit|p2a: Charizard
|-resisted|p2b: Incineroar|1
|-damage|p2a: Charizard|92/100
|-heal|p1b: Sinistcha|97/100 tox|[from] drain|[of] p2a: Charizard
|-damage|p2b: Incineroar|88/100
|-heal|p1b: Sinistcha|100/100 tox|[from] drain|[of] p2b: Incineroar
|
|-weather|SunnyDay|[upkeep]
|-damage|p1a: Grimmsnarl|0 fnt|[from] psn
|faint|p1a: Grimmsnarl
|-damage|p1b: Sinistcha|87/100 tox|[from] psn
|upkeep
|
|t:|1784051757
|switch|p1a: Camerupt|Camerupt-Mega, L50, F|20/100y tox
|turn|10
|inactive|CarrettaVGC has 30 seconds left.
|
|t:|1784051790
|move|p1b: Sinistcha|Rage Powder|p1b: Sinistcha
|-singleturn|p1b: Sinistcha|move: Rage Powder
|move|p1a: Camerupt|Earth Power|p2b: Incineroar
|-supereffective|p2b: Incineroar|1
|-damage|p2b: Incineroar|0 fnt
|faint|p2b: Incineroar
|move|p2a: Charizard|Heat Wave|p1a: Camerupt|[spread] p1a,p1b
|-resisted|p1a: Camerupt|1
|-supereffective|p1b: Sinistcha|1
|-damage|p1a: Camerupt|2/100 tox
|-damage|p1b: Sinistcha|19/100 tox
|-enditem|p1b: Sinistcha|Sitrus Berry|[eat]
|-heal|p1b: Sinistcha|44/100 tox|[from] item: Sitrus Berry
|
|-weather|SunnyDay|[upkeep]
|-damage|p1a: Camerupt|0 fnt|[from] psn
|faint|p1a: Camerupt
|-damage|p1b: Sinistcha|25/100 tox|[from] psn
|-sideend|p1: jeff2323|move: Light Screen
|upkeep
|
|t:|1784051795
|switch|p1a: Rotom|Rotom-Wash, L50|48/100 tox
|switch|p2b: Toxapex|Toxapex, L50, M|54/100
|turn|11
|-message|jeff2323 forfeited.
|
|win|CarrettaVGC
|raw|jeff2323's rating: 1195 → 1171(-24 for losing)
|raw|CarrettaVGC's rating: 1211 → 1235(+24 for winning)
|l|☆jeff2323
|player|p1|
|l| carrettavgc
|j| Gancelot
