|j|☆SunshineTufo
|j|☆EmanuelaOrlandiVGC
|html|SunshineTufoEmanuelaOrlandiVGC    
|uhtml|bestof|Game 2 of a best-of-3
|t:|1785438937
|gametype|doubles
|player|p1|SunshineTufo|li|1288
|player|p2|EmanuelaOrlandiVGC|kieran-champion|1354
|gen|9
|tier|[Gen 9 Champions] VGC 2026 Reg M-B (Bo3)
|rated|
|rule|Species Clause: Limit one of each Pokémon
|rule|Item Clause: Limit 1 of each item
|clearpoke
|poke|p1|Raichu, L50, M, shiny|
|poke|p1|Decidueye-Hisui, L50, M|
|poke|p1|Floette-Eternal, L50, F|
|poke|p1|Aerodactyl, L50, M, shiny|
|poke|p1|Kingambit, L50, M, shiny|
|poke|p1|Basculegion, L50, M, shiny|
|poke|p2|Charizard, L50, M|
|poke|p2|Glimmora, L50, M|
|poke|p2|Whimsicott, L50, F|
|poke|p2|Ninetales-Alola, L50, F|
|poke|p2|Kingambit, L50, M|
|poke|p2|Kommo-o, L50, M|
|teampreview|4
|showteam|p1|Raichu||RaichuniteY|Static|ZapCannon,FocusBlast,FakeOut,Protect|Timid||M|||50|]Decidueye-Hisui||ScopeLens|Scrappy|TripleArrows,LeafBlade,Protect,Taunt|Adamant||M|||50|]Floette-Eternal||Floettite|FlowerVeil|Moonblast,DazzlingGleam,LightofRuin,Protect|Timid||F|||50|]Aerodactyl||FocusSash|Unnerve|RockSlide,DualWingbeat,Tailwind,Protect|Jolly||M|||50|]Kingambit||ChopleBerry|Defiant|KowtowCleave,IronHead,SuckerPunch,LowKick|Adamant||M|||50|]Basculegion||LifeOrb|Adaptability|WaveCrash,AquaJet,LastRespects,Protect|Adamant||M|||50|
|showteam|p2|Charizard||CharizarditeY|Blaze|HeatWave,WeatherBall,SolarBeam,Protect|Modest||M|||50|]Glimmora||Glimmoranite|ToxicDebris|SludgeBomb,PowerGem,EarthPower,SpikyShield|Modest||M|||50|]Whimsicott||FocusSash|Prankster|Moonblast,Tailwind,Encore,Protect|Timid||F|||50|]Ninetales-Alola||NeverMeltIce|SnowWarning|Blizzard,FreezeDry,Disable,Protect|Timid||F|||50|]Kingambit||BlackGlasses|Defiant|KowtowCleave,SuckerPunch,LowKick,Protect|Adamant||M|||50|]Kommo-o||LifeOrb|Overcoat|ClangingScales,AuraSphere,VacuumWave,Protect|Modest||M|||50|
|inactive|Battle timer is ON: inactive players will automatically lose when time's up. (requested by SunshineTufo)
|
|t:|1785438962
|teamsize|p1|4
|teamsize|p2|4
|start
|switch|p1a: Aerodactyl|Aerodactyl, L50, M, shiny|100/100
|switch|p1b: Raichu|Raichu, L50, M, shiny|100/100
|switch|p2a: Whimsicott|Whimsicott, L50, F|100/100
|switch|p2b: Kommo-o|Kommo-o, L50, M|100/100
|-ability|p1a: Aerodactyl|Unnerve
|turn|1
|
|t:|1785438981
|detailschange|p1b: Raichu|Raichu-Mega-Y, L50, M, shiny
|-mega|p1b: Raichu|Raichu|Raichunite Y
|move|p2a: Whimsicott|Protect|p2a: Whimsicott
|-singleturn|p2a: Whimsicott|Protect
|move|p2b: Kommo-o|Protect|p2b: Kommo-o
|-singleturn|p2b: Kommo-o|Protect
|move|p1a: Aerodactyl|Tailwind|p1a: Aerodactyl
|-sidestart|p1: SunshineTufo|move: Tailwind
|move|p1b: Raichu|Zap Cannon|p2a: Whimsicott
|-activate|p2a: Whimsicott|move: Protect
|
|upkeep
|turn|2
|
|t:|1785438999
|switch|p1a: Floette|Floette-Eternal, L50, F|100/100
|move|p2a: Whimsicott|Encore||[still]
|-fail|p2a: Whimsicott
|move|p1b: Raichu|Zap Cannon|p2a: Whimsicott
|-resisted|p2a: Whimsicott|1
|-damage|p2a: Whimsicott|48/100
|-status|p2a: Whimsicott|par
|move|p2b: Kommo-o|Clanging Scales|p1a: Floette|[spread] p1b
|-immune|p1a: Floette
|-damage|p1b: Raichu|32/100
|-unboost|p2b: Kommo-o|def|1
|-damage|p2b: Kommo-o|90/100|[from] item: Life Orb
|
|upkeep
|turn|3
|
|t:|1785439013
|switch|p1b: Basculegion|Basculegion, L50, M, shiny|100/100
|move|p2b: Kommo-o|Protect|p2b: Kommo-o
|-singleturn|p2b: Kommo-o|Protect
|move|p2a: Whimsicott|Tailwind|p2a: Whimsicott
|-sidestart|p2: EmanuelaOrlandiVGC|move: Tailwind
|move|p1a: Floette|Dazzling Gleam|p2a: Whimsicott|[spread] p2a
|-activate|p2b: Kommo-o|move: Protect
|-damage|p2a: Whimsicott|0 fnt
|faint|p2a: Whimsicott
|
|upkeep
|
|t:|1785439021
|switch|p2a: Kingambit|Kingambit, L50, M|100/100
|turn|4
|
|t:|1785439029
|move|p2a: Kingambit|Protect|p2a: Kingambit
|-singleturn|p2a: Kingambit|Protect
|move|p1a: Floette|Dazzling Gleam|p2b: Kommo-o|[spread] p2b
|-activate|p2a: Kingambit|move: Protect
|-supereffective|p2b: Kommo-o|2
|-damage|p2b: Kommo-o|0 fnt
|faint|p2b: Kommo-o
|move|p1b: Basculegion|Wave Crash|p2a: Kingambit
|-activate|p2a: Kingambit|move: Protect
|
|-sideend|p1: SunshineTufo|move: Tailwind
|upkeep
|
|t:|1785439033
|switch|p2b: Glimmora|Glimmora, L50, M|100/100
|turn|5
|
|t:|1785439042
|switch|p1b: Raichu|Raichu-Mega-Y, L50, M, shiny|32/100
|detailschange|p2b: Glimmora|Glimmora-Mega, L50, M
|-mega|p2b: Glimmora|Glimmora|Glimmoranite
|move|p1a: Floette|Protect|p1a: Floette
|-singleturn|p1a: Floette|Protect
|move|p2b: Glimmora|Sludge Bomb|p1a: Floette
|-activate|p1a: Floette|move: Protect
|move|p2a: Kingambit|Kowtow Cleave|p1b: Raichu
|-damage|p1b: Raichu|0 fnt
|faint|p1b: Raichu
|
|upkeep
|
|t:|1785439047
|switch|p1b: Aerodactyl|Aerodactyl, L50, M, shiny|100/100
|-ability|p1b: Aerodactyl|Unnerve
|turn|6
|
|t:|1785439060
|move|p1a: Floette|Protect||[still]
|-fail|p1a: Floette
|move|p2b: Glimmora|Power Gem|p1b: Aerodactyl
|-supereffective|p1b: Aerodactyl|1
|-enditem|p1b: Aerodactyl|Focus Sash
|-damage|p1b: Aerodactyl|1/100
|move|p1b: Aerodactyl|Tailwind|p1b: Aerodactyl
|-sidestart|p1: SunshineTufo|move: Tailwind
|move|p2a: Kingambit|Kowtow Cleave|p1a: Floette
|-resisted|p1a: Floette|1
|-damage|p1a: Floette|47/100
|
|-sideend|p2: EmanuelaOrlandiVGC|move: Tailwind
|upkeep
|turn|7
|
|t:|1785439078
|move|p1b: Aerodactyl|Protect|p1b: Aerodactyl
|-singleturn|p1b: Aerodactyl|Protect
|move|p1a: Floette|Light of Ruin|p2a: Kingambit
|-damage|p2a: Kingambit|24/100
|-damage|p1a: Floette|1/100|[from] Recoil
|move|p2b: Glimmora|Sludge Bomb|p1a: Floette
|-supereffective|p1a: Floette|1
|-damage|p1a: Floette|0 fnt
|faint|p1a: Floette
|move|p2a: Kingambit|Kowtow Cleave|p1b: Aerodactyl
|-activate|p1b: Aerodactyl|move: Protect
|
|upkeep
|
|t:|1785439082
|switch|p1a: Basculegion|Basculegion, L50, M, shiny|100/100
|turn|8
|
|t:|1785439094
|move|p2a: Kingambit|Protect|p2a: Kingambit
|-singleturn|p2a: Kingambit|Protect
|move|p1a: Basculegion|Aqua Jet|p2a: Kingambit
|-activate|p2a: Kingambit|move: Protect
|move|p1b: Aerodactyl|Rock Slide|p2b: Glimmora|[spread] p2b
|-activate|p2a: Kingambit|move: Protect
|-damage|p2b: Glimmora|71/100
|move|p2b: Glimmora|Power Gem|p1b: Aerodactyl
|-supereffective|p1b: Aerodactyl|1
|-damage|p1b: Aerodactyl|0 fnt
|faint|p1b: Aerodactyl
|
|upkeep
|turn|9
|
|t:|1785439112
|move|p1a: Basculegion|Aqua Jet|p2a: Kingambit
|-damage|p2a: Kingambit|0 fnt
|faint|p2a: Kingambit
|-damage|p1a: Basculegion|90/100|[from] item: Life Orb
|move|p2b: Glimmora|Power Gem|p1a: Basculegion
|-damage|p1a: Basculegion|12/100
|
|-sideend|p1: SunshineTufo|move: Tailwind
|upkeep
|turn|10
|
|t:|1785439118
|move|p1a: Basculegion|Protect|p1a: Basculegion
|-singleturn|p1a: Basculegion|Protect
|move|p2b: Glimmora|Power Gem|p1a: Basculegion
|-activate|p1a: Basculegion|move: Protect
|
|upkeep
|turn|11
|
|t:|1785439124
|move|p2b: Glimmora|Spiky Shield|p2b: Glimmora
|-singleturn|p2b: Glimmora|move: Protect
|move|p1a: Basculegion|Protect||[still]
|-fail|p1a: Basculegion
|
|upkeep
|turn|12
|
|t:|1785439129
|move|p1a: Basculegion|Aqua Jet|p2b: Glimmora
|-supereffective|p2b: Glimmora|1
|-damage|p2b: Glimmora|0 fnt
|faint|p2b: Glimmora
|-damage|p1a: Basculegion|2/100|[from] item: Life Orb
|
|win|SunshineTufo
|raw|SunshineTufo's rating: 1288 → 1318(+30 for winning)
|raw|EmanuelaOrlandiVGC's rating: 1354 → 1330(-24 for losing)
