|j|☆godfocker
|j|☆new mental
|html|godfockernew mental    
|uhtml|bestof|Game 1 of a best-of-3
|t:|1783852766
|gametype|doubles
|player|p1|godfocker|2|1381
|player|p2|new mental|volkner|1236
|gen|9
|tier|[Gen 9 Champions] VGC 2026 Reg M-B (Bo3)
|rated|
|rule|Species Clause: Limit one of each Pokémon
|rule|Item Clause: Limit 1 of each item
|clearpoke
|poke|p1|Swampert, L50, F|
|poke|p1|Politoed, L50, F|
|poke|p1|Archaludon, L50, M|
|poke|p1|Sinistcha, L50|
|poke|p1|Gengar, L50, F|
|poke|p1|Incineroar, L50, M|
|poke|p2|Charizard, L50, F|
|poke|p2|Kingambit, L50, F|
|poke|p2|Sylveon, L50, M|
|poke|p2|Garchomp, L50, F|
|poke|p2|Aerodactyl, L50, F|
|poke|p2|Farigiraf, L50, F|
|teampreview|4
|showteam|p1|Swampert||Swampertite|Torrent|Protect,WaveCrash,HighHorsepower,IcePunch|Adamant||F|||50|]Politoed||SitrusBerry|Drizzle|WeatherBall,Protect,PerishSong,IceBeam|Sassy||F|||50|]Archaludon||Leftovers|Stamina|ElectroShot,DragonPulse,FlashCannon,Protect|Modest||M|||50|]Sinistcha||ColburBerry|Hospitality|MatchaGotcha,TrickRoom,RagePowder,Protect|Calm|||||50|]Gengar||Gengarite|CursedBody|ShadowBall,SludgeBomb,PerishSong,Protect|Modest||F|||50|]Incineroar||ChopleBerry|Intimidate|FakeOut,FlareBlitz,PartingShot,Protect|Sassy||M|||50|
|showteam|p2|Charizard||CharizarditeY|SolarPower|Protect,HeatWave,SolarBeam,WeatherBall|Modest||F|||50|]Kingambit||FocusSash|Defiant|IronHead,SuckerPunch,KowtowCleave,LowKick|Adamant||F|||50|]Sylveon||FairyFeather|Pixilate|Detect,HyperVoice,HyperBeam,QuickAttack|Modest||M|||50|]Garchomp||LifeOrb|RoughSkin|Protect,DragonClaw,Earthquake,RockSlide|Jolly||F|||50|]Aerodactyl||Aerodactylite|Unnerve|IceFang,RockSlide,Tailwind,DualWingbeat|Jolly||F|||50|]Farigiraf||SitrusBerry|ArmorTail|TrickRoom,Psychic,Thunderbolt,Roar|Bold||F|||50|
|inactive|Battle timer is ON: inactive players will automatically lose when time's up. (requested by new mental)
|inactive|godfocker has 60 seconds left.
|
|t:|1783852821
|teamsize|p1|4
|teamsize|p2|4
|start
|switch|p1a: Incineroar|Incineroar, L50, M|100/100
|switch|p1b: Swampert|Swampert, L50, F|100/100
|switch|p2a: Sylveon|Sylveon, L50, M|100/100
|switch|p2b: Farigiraf|Farigiraf, L50, F|100/100
|-ability|p1a: Incineroar|Intimidate|boost
|-unboost|p2a: Sylveon|atk|1
|-unboost|p2b: Farigiraf|atk|1
|turn|1
|inactive|new mental has 30 seconds left.
|inactive|new mental has 20 seconds left.
|inactive|new mental has 15 seconds left.
|inactive|new mental has 10 seconds left.
|
|t:|1783852869
|detailschange|p1b: Swampert|Swampert-Mega, L50, F
|-mega|p1b: Swampert|Swampert|Swampertite
|move|p2a: Sylveon|Detect|p2a: Sylveon
|-singleturn|p2a: Sylveon|Protect
|move|p1b: Swampert|Wave Crash|p2b: Farigiraf
|-damage|p2b: Farigiraf|36/100
|-enditem|p2b: Farigiraf|Sitrus Berry|[eat]
|-heal|p2b: Farigiraf|61/100|[from] item: Sitrus Berry
|-damage|p1b: Swampert|75/100|[from] Recoil
|move|p1a: Incineroar|Flare Blitz|p2b: Farigiraf
|-damage|p2b: Farigiraf|22/100
|-status|p2b: Farigiraf|brn
|-damage|p1a: Incineroar|85/100|[from] Recoil
|move|p2b: Farigiraf|Trick Room|p2b: Farigiraf
|-fieldstart|move: Trick Room|[of] p2b: Farigiraf
|
|-damage|p2b: Farigiraf|16/100 brn|[from] brn
|upkeep
|turn|2
|
|t:|1783852887
|switch|p2b: Charizard|Charizard, L50, F|100/100
|move|p1b: Swampert|Protect|p1b: Swampert
|-singleturn|p1b: Swampert|Protect
|move|p1a: Incineroar|Parting Shot|p2a: Sylveon
|-unboost|p2a: Sylveon|atk|1
|-unboost|p2a: Sylveon|spa|1
|
|t:|1783852897
|switch|p1a: Archaludon|Archaludon, L50, M|100/100|[from] Parting Shot
|move|p2a: Sylveon|Hyper Voice|p1b: Swampert|[spread] p1a
|-activate|p1b: Swampert|move: Protect
|-damage|p1a: Archaludon|72/100
|-ability|p1a: Archaludon|Stamina|boost
|-boost|p1a: Archaludon|def|1
|
|-heal|p1a: Archaludon|78/100|[from] item: Leftovers
|upkeep
|turn|3
|
|t:|1783852908
|switch|p2a: Farigiraf|Farigiraf, L50, F|16/100 brn
|switch|p1b: Incineroar|Incineroar, L50, M|85/100
|-ability|p1b: Incineroar|Intimidate|boost
|-unboost|p2a: Farigiraf|atk|1
|-unboost|p2b: Charizard|atk|1
|detailschange|p2b: Charizard|Charizard-Mega-Y, L50, F
|-mega|p2b: Charizard|Charizard|Charizardite Y
|-weather|SunnyDay|[from] ability: Drought|[of] p2b: Charizard
|move|p1a: Archaludon|Protect|p1a: Archaludon
|-singleturn|p1a: Archaludon|Protect
|move|p2b: Charizard|Solar Beam||[still]
|-prepare|p2b: Charizard|Solar Beam
|-anim|p2b: Charizard|Solar Beam|p1b: Incineroar
|-resisted|p1b: Incineroar|1
|-damage|p1b: Incineroar|67/100
|
|-weather|SunnyDay|[upkeep]
|-heal|p1a: Archaludon|84/100|[from] item: Leftovers
|-damage|p2a: Farigiraf|10/100 brn|[from] brn
|upkeep
|turn|4
|
|t:|1783852921
|switch|p2b: Sylveon|Sylveon, L50, M|100/100
|move|p1b: Incineroar|Parting Shot|p2b: Sylveon
|-unboost|p2b: Sylveon|atk|1
|-unboost|p2b: Sylveon|spa|1
|
|t:|1783852926
|switch|p1b: Politoed|Politoed, L50, F|100/100|[from] Parting Shot
|-weather|RainDance|[from] ability: Drizzle|[of] p1b: Politoed
|move|p1a: Archaludon|Electro Shot||[still]
|-prepare|p1a: Archaludon|Electro Shot
|-boost|p1a: Archaludon|spa|1
|-anim|p1a: Archaludon|Electro Shot|p2a: Farigiraf
|-damage|p2a: Farigiraf|0 fnt
|faint|p2a: Farigiraf
|
|-weather|RainDance|[upkeep]
|-heal|p1a: Archaludon|90/100|[from] item: Leftovers
|upkeep
|
|t:|1783852930
|switch|p2a: Charizard|Charizard-Mega-Y, L50, F|100/100
|-weather|SunnyDay|[from] ability: Drought|[of] p2a: Charizard
|turn|5
|
|t:|1783852944
|switch|p1b: Incineroar|Incineroar, L50, M|67/100
|-ability|p1b: Incineroar|Intimidate|boost
|-unboost|p2a: Charizard|atk|1
|-unboost|p2b: Sylveon|atk|1
|move|p1a: Archaludon|Protect|p1a: Archaludon
|-singleturn|p1a: Archaludon|Protect
|move|p2b: Sylveon|Hyper Voice|p1b: Incineroar|[spread] p1b
|-activate|p1a: Archaludon|move: Protect
|-damage|p1b: Incineroar|45/100
|move|p2a: Charizard|Weather Ball|p1b: Incineroar
|-resisted|p1b: Incineroar|1
|-damage|p1b: Incineroar|15/100
|
|-weather|SunnyDay|[upkeep]
|-heal|p1a: Archaludon|96/100|[from] item: Leftovers
|-fieldend|move: Trick Room
|upkeep
|turn|6
|
|t:|1783852968
|switch|p2a: Garchomp|Garchomp, L50, F|100/100
|move|p1b: Incineroar|Fake Out|p2a: Garchomp
|-damage|p2a: Garchomp|89/100
|-damage|p1b: Incineroar|2/100|[from] ability: Rough Skin|[of] p2a: Garchomp
|move|p1a: Archaludon|Flash Cannon|p2b: Sylveon
|-supereffective|p2b: Sylveon|1
|-damage|p2b: Sylveon|14/100
|-unboost|p2b: Sylveon|spd|1
|move|p2b: Sylveon|Hyper Beam|p1a: Archaludon
|-damage|p1a: Archaludon|30/100
|-mustrecharge|p2b: Sylveon
|-ability|p1a: Archaludon|Stamina|boost
|-boost|p1a: Archaludon|def|1
|
|-weather|SunnyDay|[upkeep]
|-heal|p1a: Archaludon|37/100|[from] item: Leftovers
|upkeep
|turn|7
|inactive|godfocker has 30 seconds left.
|inactive|new mental has 30 seconds left.
|
|t:|1783853001
|move|p1a: Archaludon|Protect|p1a: Archaludon
|-singleturn|p1a: Archaludon|Protect
|move|p2a: Garchomp|Dragon Claw|p1a: Archaludon
|-activate|p1a: Archaludon|move: Protect
|cant|p2b: Sylveon|recharge
|move|p1b: Incineroar|Parting Shot|p2a: Garchomp
|-unboost|p2a: Garchomp|atk|1
|-unboost|p2a: Garchomp|spa|1
|
|t:|1783853010
|switch|p1b: Swampert|Swampert-Mega, L50, F|75/100|[from] Parting Shot
|
|-weather|SunnyDay|[upkeep]
|-heal|p1a: Archaludon|43/100|[from] item: Leftovers
|upkeep
|turn|8
|
|t:|1783853017
|switch|p2b: Charizard|Charizard-Mega-Y, L50, F|100/100
|move|p2a: Garchomp|Earthquake|p1b: Swampert|[spread] p1a,p1b
|-immune|p2b: Charizard
|-supereffective|p1a: Archaludon|1
|-damage|p1a: Archaludon|18/100
|-damage|p1b: Swampert|44/100
|-ability|p1a: Archaludon|Stamina|boost
|-boost|p1a: Archaludon|def|1
|-damage|p2a: Garchomp|79/100|[from] item: Life Orb
|move|p1b: Swampert|Ice Punch|p2a: Garchomp
|-supereffective|p2a: Garchomp|2
|-damage|p2a: Garchomp|0 fnt
|-damage|p1b: Swampert|32/100|[from] ability: Rough Skin|[of] p2a: Garchomp
|faint|p2a: Garchomp
|move|p1a: Archaludon|Flash Cannon|p2b: Charizard
|-resisted|p2b: Charizard|1
|-damage|p2b: Charizard|77/100
|
|-weather|SunnyDay|[upkeep]
|-heal|p1a: Archaludon|24/100|[from] item: Leftovers
|upkeep
|
|t:|1783853022
|switch|p2a: Sylveon|Sylveon, L50, M|14/100
|turn|9
|
|t:|1783853039
|switch|p1b: Politoed|Politoed, L50, F|100/100
|-weather|RainDance|[from] ability: Drizzle|[of] p1b: Politoed
|move|p2b: Charizard|Heat Wave|p1a: Archaludon|[spread] p1a,p1b
|-resisted|p1b: Politoed|1
|-damage|p1a: Archaludon|5/100
|-damage|p1b: Politoed|92/100
|-ability|p1a: Archaludon|Stamina|boost
|-boost|p1a: Archaludon|def|1
|move|p1a: Archaludon|Flash Cannon|p2a: Sylveon
|-supereffective|p2a: Sylveon|1
|-damage|p2a: Sylveon|0 fnt
|faint|p2a: Sylveon
|
|-weather|RainDance|[upkeep]
|-heal|p1a: Archaludon|11/100|[from] item: Leftovers
|upkeep
|turn|10
|
|t:|1783853049
|move|p2b: Charizard|Heat Wave|p1a: Archaludon|[spread] p1a,p1b
|-resisted|p1b: Politoed|1
|-damage|p1a: Archaludon|0 fnt
|-damage|p1b: Politoed|86/100
|faint|p1a: Archaludon
|move|p1b: Politoed|Weather Ball|p2b: Charizard
|-supereffective|p2b: Charizard|1
|-damage|p2b: Charizard|0 fnt
|faint|p2b: Charizard
|
|win|godfocker
||new mental is ready for game 2.
|inactive|godfocker has 30 seconds to confirm battle start!
||godfocker is ready for game 2.
|uhtml|next|Next: Game 2 of 3
