|j|☆Skwovetboi
|j|☆eriksp
|html|Skwovetboieriksp    
|uhtml|bestof|Game 1 of a best-of-3
|t:|1757201677
|gametype|doubles
|player|p1|Skwovetboi|turo-ai|
|player|p2|eriksp|calem-masters|
|gen|9
|tier|[Gen 9] VGC 2025 Reg H (Bo3)
|rule|Species Clause: Limit one of each Pokémon
|rule|Item Clause: Limit 1 of each item
|clearpoke
|poke|p1|Maushold-Four, L50|
|poke|p1|Annihilape, L50, M|
|poke|p1|Politoed, L50, M|
|poke|p1|Archaludon, L50, M|
|poke|p1|Overqwil, L50, M|
|poke|p1|Salamence, L50, F|
|poke|p2|Volcarona, L50, M|
|poke|p2|Kingambit, L50, F|
|poke|p2|Dragonite, L50, M|
|poke|p2|Sneasler, L50, M|
|poke|p2|Rillaboom, L50, F|
|poke|p2|Electabuzz, L50, M|
|teampreview|4
|showteam|p1|Maushold-Four||SafetyGoggles|FriendGuard|FollowMe,Protect,Taunt,BeatUp||||||50|,,,,,Ghost]Annihilape||Leftovers|Defiant|RageFist,DrainPunch,BulkUp,Protect|||M|||50|,,,,,Fire]Politoed||ChoiceSpecs|Drizzle|WeatherBall,MuddyWater,IceBeam,Haze|||M|||50|,,,,,Grass]Archaludon||AssaultVest|Stamina|DragonPulse,ElectroShot,BodyPress,FlashCannon|||M|||50|,,,,,Grass]Overqwil||CovertCloak|SwiftSwim|AcidSpray,GunkShot,ThroatChop,RainDance|||M|||50|,,,,,Water]Salamence||LifeOrb|Intimidate|DracoMeteor,AirSlash,Tailwind,Protect|||F|||50|,,,,,Steel
|showteam|p2|Volcarona||Leftovers|FlameBody|HeatWave,TeraBlast,QuiverDance,Protect|||M|||50|,,,,,Fairy]Kingambit||BlackGlasses|Defiant|KowtowCleave,SuckerPunch,SwordsDance,Protect|||F|||50|,,,,,Ghost]Dragonite||LoadedDice|Multiscale|ScaleShot,ExtremeSpeed,Haze,Protect|||M|||50|,,,,,Normal]Sneasler||FocusSash|Unburden|CloseCombat,DireClaw,FakeOut,Coaching|||M|||50|,,,,,Stellar]Rillaboom||AssaultVest|GrassySurge|WoodHammer,GrassyGlide,HighHorsepower,FakeOut|||F|||50|,,,,,Fire]Electabuzz||Eviolite|VitalSpirit|Thunderbolt,Taunt,FollowMe,Protect|||M|||50|,,,,,Ghost
|c|☆eriksp|glhf
|c|☆Skwovetboi|glhf
|
|t:|1757201743
|teamsize|p1|4
|teamsize|p2|4
|start
|switch|p1a: Annihilape|Annihilape, L50, M, shiny|100/100
|switch|p1b: Maushold|Maushold-Four, L50|100/100
|switch|p2a: Dragonite|Dragonite, L50, M|100/100
|switch|p2b: Electabuzz|Electabuzz, L50, M|100/100
|turn|1
|
|t:|1757201761
|move|p1b: Maushold|Beat Up|p1a: Annihilape
|-damage|p1a: Annihilape|98/100
|-damage|p1a: Annihilape|96/100
|-damage|p1a: Annihilape|94/100
|-damage|p1a: Annihilape|92/100
|-hitcount|p1a: Annihilape|4
|move|p1a: Annihilape|Rage Fist|p2b: Electabuzz
|-damage|p2b: Electabuzz|32/100
|move|p2b: Electabuzz|Taunt|p1a: Annihilape
|-start|p1a: Annihilape|move: Taunt
|move|p2a: Dragonite|Scale Shot|p1b: Maushold
|-damage|p1b: Maushold|81/100
|-damage|p1b: Maushold|60/100
|-damage|p1b: Maushold|41/100
|-damage|p1b: Maushold|21/100
|-damage|p1b: Maushold|2/100
|-hitcount|p1b: Maushold|5
|-unboost|p2a: Dragonite|def|1
|-boost|p2a: Dragonite|spe|1
|
|-heal|p1a: Annihilape|98/100|[from] item: Leftovers
|upkeep
|turn|2
|
|t:|1757201796
|move|p2b: Electabuzz|Follow Me|p2b: Electabuzz
|-singleturn|p2b: Electabuzz|move: Follow Me
|move|p2a: Dragonite|Scale Shot|p1a: Annihilape
|-damage|p1a: Annihilape|85/100
|-damage|p1a: Annihilape|73/100
|-damage|p1a: Annihilape|60/100
|-damage|p1a: Annihilape|47/100
|-hitcount|p1a: Annihilape|4
|-unboost|p2a: Dragonite|def|1
|-boost|p2a: Dragonite|spe|1
|move|p1b: Maushold|Beat Up|p2b: Electabuzz
|-damage|p2b: Electabuzz|29/100
|-damage|p2b: Electabuzz|27/100
|-damage|p2b: Electabuzz|25/100
|-damage|p2b: Electabuzz|22/100
|-hitcount|p2b: Electabuzz|4
|move|p1a: Annihilape|Drain Punch|p2b: Electabuzz
|-damage|p2b: Electabuzz|0 fnt
|-heal|p1a: Annihilape|57/100|[from] drain|[of] p2b: Electabuzz
|faint|p2b: Electabuzz
|
|-heal|p1a: Annihilape|63/100|[from] item: Leftovers
|upkeep
|
|t:|1757201811
|switch|p2b: Volcarona|Volcarona, L50, M|100/100
|turn|3
|
|t:|1757201823
|-terastallize|p1a: Annihilape|Fire
|move|p2a: Dragonite|Scale Shot|p1a: Annihilape
|-damage|p1a: Annihilape|51/100
|-damage|p1a: Annihilape|39/100
|-damage|p1a: Annihilape|26/100
|-damage|p1a: Annihilape|12/100
|-hitcount|p1a: Annihilape|4
|-unboost|p2a: Dragonite|def|1
|-boost|p2a: Dragonite|spe|1
|move|p1b: Maushold|Beat Up|p2a: Dragonite
|-damage|p2a: Dragonite|97/100
|-damage|p2a: Dragonite|92/100
|-damage|p2a: Dragonite|84/100
|-damage|p2a: Dragonite|75/100
|-hitcount|p2a: Dragonite|4
|move|p1a: Annihilape|Rage Fist|p2b: Volcarona
|-damage|p2b: Volcarona|0 fnt
|faint|p2b: Volcarona
|
|-heal|p1a: Annihilape|18/100|[from] item: Leftovers
|upkeep
|
|t:|1757201835
|switch|p2b: Sneasler|Sneasler, L50, M|100/100
|turn|4
|
|t:|1757201851
|move|p2a: Dragonite|Extreme Speed|p1a: Annihilape
|-damage|p1a: Annihilape|0 fnt
|faint|p1a: Annihilape
|move|p2b: Sneasler|Dire Claw|p1b: Maushold
|-damage|p1b: Maushold|0 fnt
|faint|p1b: Maushold
|
|upkeep
|
|t:|1757201857
|switch|p1b: Salamence|Salamence, L50, F|100/100
|switch|p1a: Archaludon|Archaludon, L50, M|100/100
|-ability|p1b: Salamence|Intimidate|boost
|-unboost|p2a: Dragonite|atk|1
|-unboost|p2b: Sneasler|atk|1
|turn|5
|
|t:|1757201889
|-terastallize|p2b: Sneasler|Stellar
|move|p1b: Salamence|Protect|p1b: Salamence
|-singleturn|p1b: Salamence|Protect
|move|p2a: Dragonite|Haze|p2a: Dragonite
|-clearallboost
|move|p2b: Sneasler|Close Combat|p1a: Archaludon
|-supereffective|p1a: Archaludon
|-damage|p1a: Archaludon|0 fnt
|-unboost|p2b: Sneasler|def|1
|-unboost|p2b: Sneasler|spd|1
|faint|p1a: Archaludon
|
|upkeep
|turn|6
|
|t:|1757201899
|move|p2b: Sneasler|Dire Claw|p1b: Salamence
|-damage|p1b: Salamence|35/100
|move|p1b: Salamence|Air Slash|p2b: Sneasler
|-supereffective|p2b: Sneasler
|-enditem|p2b: Sneasler|Focus Sash
|-damage|p2b: Sneasler|1/100
|-damage|p1b: Salamence|25/100|[from] item: Life Orb
|move|p2a: Dragonite|Scale Shot|p1b: Salamence
|-supereffective|p1b: Salamence
|-damage|p1b: Salamence|0 fnt
|faint|p1b: Salamence
|-hitcount|p1: Salamence|1
|
|win|eriksp
