|j|☆RoadToWorlds44
|j|☆Como Se Dice Ben
|html|RoadToWorlds44Como Se Dice Ben    
|uhtml|bestof|Game 3 of a best-of-3
|t:|1755820245
|gametype|doubles
|player|p1|RoadToWorlds44|1|1222
|player|p2|Como Se Dice Ben|li|1333
|gen|9
|tier|[Gen 9] VGC 2025 Reg H (Bo3)
|rated|
|rule|Species Clause: Limit one of each Pokémon
|rule|Item Clause: Limit 1 of each item
|clearpoke
|poke|p1|Hydreigon, L50, M|
|poke|p1|Indeedee-F, L50, F|
|poke|p1|Gholdengo, L50|
|poke|p1|Murkrow, L50, M|
|poke|p1|Sneasler, L50, F|
|poke|p1|Basculegion, L50, M|
|poke|p2|Baxcalibur, L50, M|
|poke|p2|Weezing-Galar, L50, F|
|poke|p2|Toedscruel, L50, F|
|poke|p2|Chandelure, L50, M|
|poke|p2|Kilowattrel, L50, M|
|poke|p2|Krookodile, L50, M|
|teampreview|4
|showteam|p1|Hydreigon||ChoiceSpecs|Levitate|DracoMeteor,DarkPulse,HeatWave,Snarl|||M|||50|,,,,,Fire]Indeedee-F||SafetyGoggles|PsychicSurge|HyperVoice,Imprison,TrickRoom,FollowMe|||F|||50|,,,,,Ghost]Gholdengo||LifeOrb|GoodasGold|MakeItRain,ShadowBall,Protect,NastyPlot||||||50|,,,,,Dragon]Murkrow||Eviolite|Prankster|FoulPlay,Protect,Haze,Tailwind|||M|||50|,,,,,Ghost]Sneasler||PsychicSeed|Unburden|CloseCombat,DireClaw,ThroatChop,SwordsDance|||F|||50|,,,,,Dark]Basculegion||ChoiceScarf|Adaptability|WaveCrash,LastRespects,TeraBlast,AquaJet|||M|||50|,,,,,Grass
|showteam|p2|Baxcalibur||LifeOrb|ThermalExchange|GlaiveRush,IcicleCrash,IceShard,Protect|||M|||50|,,,,,Water]Weezing-Galar||ChoiceSpecs|NeutralizingGas|DazzlingGleam,SludgeBomb,StrangeSteam,Flamethrower|||F|||50|,,,,,Ghost]Toedscruel||CovertCloak|MyceliumMight|Spore,EarthPower,AcidSpray,RagePowder|||F|||50|,,,,,Water]Chandelure||SafetyGoggles|FlashFire|Overheat,ShadowBall,TrickRoom,Protect|||M|||50|,,,,,Dark]Kilowattrel||FocusSash|Competitive|Electroweb,AirSlash,Tailwind,Protect|||M|||50|,,,,,Ghost]Krookodile||ChoiceScarf|Intimidate|HighHorsepower,KnockOff,GunkShot,CloseCombat|||M|||50|,,,,,Poison
|inactive|Battle timer is ON: inactive players will automatically lose when time's up. (requested by Como Se Dice Ben)
|
|t:|1755820305
|teamsize|p1|4
|teamsize|p2|4
|start
|switch|p1a: MeganTheeStallion|Indeedee-F, L50, F|100/100
|switch|p1b: Money Boy|Gholdengo, L50|100/100
|switch|p2a: Weezing|Weezing-Galar, L50, F|100/100
|switch|p2b: Toedscruel|Toedscruel, L50, F|100/100
|-ability|p2a: Weezing|Neutralizing Gas
|turn|1
|
|t:|1755820328
|-terastallize|p2a: Weezing|Ghost
|move|p1a: MeganTheeStallion|Follow Me|p1a: MeganTheeStallion
|-singleturn|p1a: MeganTheeStallion|move: Follow Me
|move|p2b: Toedscruel|Acid Spray|p1a: MeganTheeStallion
|-damage|p1a: MeganTheeStallion|93/100
|-unboost|p1a: MeganTheeStallion|spd|2
|move|p1b: Money Boy|Make It Rain|p2b: Toedscruel|[spread] p2a,p2b
|-damage|p2a: Weezing|14/100
|-damage|p2b: Toedscruel|41/100
|-unboost|p1b: Money Boy|spa|1
|-damage|p1b: Money Boy|91/100|[from] item: Life Orb
|move|p2a: Weezing|Strange Steam|p1a: MeganTheeStallion
|-damage|p1a: MeganTheeStallion|0 fnt
|faint|p1a: MeganTheeStallion
|
|upkeep
|
|t:|1755820353
|switch|p1a: Raf Camora|Murkrow, L50, M|100/100
|turn|2
|
|t:|1755820371
|move|p2b: Toedscruel|Spore|p1a: Raf Camora
|-status|p1a: Raf Camora|slp|[from] move: Spore
|move|p1b: Money Boy|Make It Rain|p2b: Toedscruel|[spread] p2a,p2b
|-damage|p2a: Weezing|0 fnt
|-damage|p2b: Toedscruel|2/100
|-unboost|p1b: Money Boy|spa|1
|faint|p2a: Weezing
|-end|p2a: Weezing|ability: Neutralizing Gas
|-damage|p1b: Money Boy|82/100|[from] item: Life Orb
|cant|p1a: Raf Camora|slp
|
|upkeep
|inactive|Como Se Dice Ben has 30 seconds left.
|
|t:|1755820399
|switch|p2a: Kilowattrel|Kilowattrel, L50, M, shiny|100/100
|turn|3
|inactive|RoadToWorlds44 has 30 seconds left.
|inactive|Como Se Dice Ben has 30 seconds left.
|inactive|Como Se Dice Ben has 20 seconds left.
|
|t:|1755820437
|-terastallize|p1a: Raf Camora|Ghost
|move|p1b: Money Boy|Protect|p1b: Money Boy
|-singleturn|p1b: Money Boy|Protect
|-curestatus|p1a: Raf Camora|slp|[msg]
|move|p1a: Raf Camora|Haze|p1a: Raf Camora
|-clearallboost
|move|p2a: Kilowattrel|Electroweb|p1a: Raf Camora|[spread] p1a
|-activate|p1b: Money Boy|move: Protect
|-damage|p1a: Raf Camora|84/100
|-unboost|p1a: Raf Camora|spe|1
|move|p2b: Toedscruel|Earth Power|p1b: Money Boy
|-activate|p1b: Money Boy|move: Protect
|
|upkeep
|turn|4
|inactive|RoadToWorlds44 has 30 seconds left.
|inactive|Como Se Dice Ben has 30 seconds left.
|
|t:|1755820469
|move|p1a: Raf Camora|Tailwind|p1a: Raf Camora
|-sidestart|p1: RoadToWorlds44|move: Tailwind
|move|p1b: Money Boy|Make It Rain|p2b: Toedscruel|[spread] p2a,p2b
|-resisted|p2a: Kilowattrel
|-damage|p2a: Kilowattrel|37/100
|-damage|p2b: Toedscruel|0 fnt
|-unboost|p1b: Money Boy|spa|1
|faint|p2b: Toedscruel
|-damage|p1b: Money Boy|72/100|[from] item: Life Orb
|move|p2a: Kilowattrel|Tailwind|p2a: Kilowattrel
|-sidestart|p2: Como Se Dice Ben|move: Tailwind
|
|upkeep
|
|t:|1755820475
|switch|p2b: Krookodile|Krookodile, L50, M, shiny|100/100
|-ability|p2b: Krookodile|Intimidate|boost
|-unboost|p1a: Raf Camora|atk|1
|-unboost|p1b: Money Boy|atk|1
|turn|5
|inactive|RoadToWorlds44 has 30 seconds left.
|inactive|Como Se Dice Ben has 30 seconds left.
|inactive|RoadToWorlds44 has 20 seconds left.
|inactive|RoadToWorlds44 has 15 seconds left.
|
|t:|1755820516
|switch|p1a: Slim Shady|Sneasler, L50, F|100/100
|move|p1b: Money Boy|Protect|p1b: Money Boy
|-singleturn|p1b: Money Boy|Protect
|move|p2b: Krookodile|High Horsepower|p1a: Slim Shady
|-supereffective|p1a: Slim Shady
|-damage|p1a: Slim Shady|0 fnt
|faint|p1a: Slim Shady
|move|p2a: Kilowattrel|Air Slash|p1b: Money Boy
|-activate|p1b: Money Boy|move: Protect
|
|upkeep
|
|t:|1755820528
|switch|p1a: Raf Camora|Murkrow, L50, M, tera:Ghost|84/100
|turn|6
|
|t:|1755820542
|move|p2b: Krookodile|High Horsepower|p1b: Money Boy
|-supereffective|p1b: Money Boy
|-damage|p1b: Money Boy|0 fnt
|faint|p1b: Money Boy
|move|p2a: Kilowattrel|Air Slash|p1a: Raf Camora
|-damage|p1a: Raf Camora|55/100
|cant|p1a: Raf Camora|flinch
|
|upkeep
|turn|7
|
|t:|1755820552
|move|p2b: Krookodile|High Horsepower|p1a: Raf Camora
|-crit|p1a: Raf Camora
|-damage|p1a: Raf Camora|0 fnt
|faint|p1a: Raf Camora
|
|win|Como Se Dice Ben
|raw|RoadToWorlds44's rating: 1222 → 1205(-17 for losing)
|raw|Como Se Dice Ben's rating: 1333 → 1347(+14 for winning)
|c|☆Como Se Dice Ben|ggs
|c|☆RoadToWorlds44|ggs
|l|☆RoadToWorlds44
|player|p1|
