|j|☆ruben2327
|j|☆Nosejugarbalance
|html|ruben2327Nosejugarbalance    
|uhtml|bestof|Game 2 of a best-of-3
|t:|1785721504
|gametype|doubles
|player|p1|ruben2327|steven|1216
|player|p2|Nosejugarbalance|266|1305
|gen|9
|tier|[Gen 9 Champions] VGC 2026 Reg M-B (Bo3)
|rated|
|rule|Species Clause: Limit one of each Pokémon
|rule|Item Clause: Limit 1 of each item
|clearpoke
|poke|p1|Garchomp, L50, M, shiny|
|poke|p1|Incineroar, L50, M, shiny|
|poke|p1|Annihilape, L50, M, shiny|
|poke|p1|Toxapex, L50, M, shiny|
|poke|p1|Venusaur, L50, F, shiny|
|poke|p1|Charizard, L50, M, shiny|
|poke|p2|Starmie, L50|
|poke|p2|Pelipper, L50, F|
|poke|p2|Raichu, L50, M|
|poke|p2|Sneasler, L50, F|
|poke|p2|Tsareena, L50, F|
|poke|p2|Kingambit, L50, M|
|teampreview|4
|showteam|p1|Garchomp||ChoiceScarf|RoughSkin|Earthquake,DragonClaw,RockSlide,StompingTantrum|Adamant||M|||50|]Incineroar||SitrusBerry|Intimidate|FakeOut,FlareBlitz,ThroatChop,PartingShot|Impish||M|||50|]Annihilape||FocusSash|Defiant|CloseCombat,PhantomForce,RageFist,Protect|Jolly||M|||50|]Toxapex||Leftovers|Regenerator|Toxic,Infestation,WideGuard,BanefulBunker|Impish||M|||50|]Venusaur||LifeOrb|Chlorophyll|SolarBeam,SludgeBomb,EarthPower,Protect|Modest||F|||50|]Charizard||CharizarditeY|Blaze|HeatWave,WeatherBall,SolarBeam,Protect|Modest||M|||50|
|showteam|p2|Starmie||Starminite|NaturalCure|Liquidation,ZenHeadbutt,AquaJet,Protect|Jolly|||||50|]Pelipper||SitrusBerry|Drizzle|Hurricane,WeatherBall,Tailwind,Protect|Modest||F|||50|]Raichu||RaichuniteY|LightningRod|ZapCannon,FocusBlast,FakeOut,Protect|Timid||M|||50|]Sneasler||WhiteHerb|Unburden|FakeOut,Coaching,DireClaw,CloseCombat|Jolly||F|||50|]Tsareena||WideLens|QueenlyMajesty|TripleAxel,Protect,TropKick,HelpingHand|Adamant||F|||50|]Kingambit||FocusSash|Defiant|KowtowCleave,SuckerPunch,LowKick,IronHead|Adamant||M|||50|
|inactive|Battle timer is ON: inactive players will automatically lose when time's up. (requested by ruben2327)
|
|t:|1785721530
|teamsize|p1|4
|teamsize|p2|4
|start
|switch|p1a: Charizard|Charizard, L50, M, shiny|100/100
|switch|p1b: Venusaur|Venusaur, L50, F, shiny|100/100
|switch|p2a: Starmie|Starmie, L50|100/100
|switch|p2b: Sneasler|Sneasler, L50, F|100/100
|turn|1
|
|t:|1785721549
|detailschange|p2a: Starmie|Starmie-Mega, L50
|-mega|p2a: Starmie|Starmie|Starminite
|move|p1a: Charizard|Protect|p1a: Charizard
|-singleturn|p1a: Charizard|Protect
|move|p1b: Venusaur|Protect|p1b: Venusaur
|-singleturn|p1b: Venusaur|Protect
|move|p2b: Sneasler|Fake Out|p1b: Venusaur
|-activate|p1b: Venusaur|move: Protect
|move|p2a: Starmie|Liquidation|p1a: Charizard
|-activate|p1a: Charizard|move: Protect
|
|upkeep
|turn|2
|inactive|ruben2327 has 30 seconds left.
|inactive|ruben2327 has 20 seconds left.
|
|t:|1785721589
|detailschange|p1a: Charizard|Charizard-Mega-Y, L50, M, shiny
|-mega|p1a: Charizard|Charizard|Charizardite Y
|-weather|SunnyDay|[from] ability: Drought|[of] p1a: Charizard
|move|p2a: Starmie|Protect|p2a: Starmie
|-singleturn|p2a: Starmie|Protect
|move|p1b: Venusaur|Solar Beam||[still]
|-prepare|p1b: Venusaur|Solar Beam
|-anim|p1b: Venusaur|Solar Beam|p2a: Starmie
|-activate|p2a: Starmie|move: Protect
|move|p2b: Sneasler|Close Combat|p1b: Venusaur
|-resisted|p1b: Venusaur|1
|-damage|p1b: Venusaur|69/100
|-unboost|p2b: Sneasler|def|1
|-unboost|p2b: Sneasler|spd|1
|-enditem|p2b: Sneasler|White Herb
|-clearnegativeboost|p2b: Sneasler|[silent]
|move|p1a: Charizard|Weather Ball|p2b: Sneasler
|-damage|p2b: Sneasler|0 fnt
|faint|p2b: Sneasler
|
|-weather|SunnyDay|[upkeep]
|upkeep
|
|t:|1785721607
|switch|p2b: Pelipper|Pelipper, L50, F|100/100
|-weather|RainDance|[from] ability: Drizzle|[of] p2b: Pelipper
|turn|3
|inactive|ruben2327 has 30 seconds left.
|
|t:|1785721636
|switch|p1b: Incineroar|Incineroar, L50, M, shiny|100/100
|-ability|p1b: Incineroar|Intimidate|boost
|-unboost|p2a: Starmie|atk|1
|-unboost|p2b: Pelipper|atk|1
|move|p1a: Charizard|Protect|p1a: Charizard
|-singleturn|p1a: Charizard|Protect
|move|p2a: Starmie|Zen Headbutt|p1b: Incineroar
|-immune|p1b: Incineroar
|move|p2b: Pelipper|Tailwind|p2b: Pelipper
|-sidestart|p2: Nosejugarbalance|move: Tailwind
|
|-weather|RainDance|[upkeep]
|upkeep
|turn|4
|inactive|ruben2327 has 30 seconds left.
|inactive|ruben2327 has 20 seconds left.
|inactive|ruben2327 has 15 seconds left.
|
|t:|1785721676
|switch|p1a: Garchomp|Garchomp, L50, M, shiny|100/100
|move|p1b: Incineroar|Fake Out|p2b: Pelipper
|-damage|p2b: Pelipper|88/100
|move|p2a: Starmie|Zen Headbutt|p1a: Garchomp
|-damage|p1a: Garchomp|57/100
|-damage|p2a: Starmie|87/100|[from] ability: Rough Skin|[of] p1a: Garchomp
|cant|p2b: Pelipper|flinch
|
|-weather|RainDance|[upkeep]
|upkeep
|turn|5
|inactive|ruben2327 has 30 seconds left.
|inactive|Nosejugarbalance has 30 seconds left.
|inactive|Nosejugarbalance has 20 seconds left.
|
|t:|1785721715
|move|p2a: Starmie|Liquidation|p1b: Incineroar
|-supereffective|p1b: Incineroar|1
|-damage|p1b: Incineroar|0 fnt
|faint|p1b: Incineroar
|move|p1a: Garchomp|Rock Slide|p2a: Starmie|[spread] p2a,p2b
|-supereffective|p2b: Pelipper|1
|-damage|p2a: Starmie|63/100
|-damage|p2b: Pelipper|41/100
|-enditem|p2b: Pelipper|Sitrus Berry|[eat]
|-heal|p2b: Pelipper|66/100|[from] item: Sitrus Berry
|cant|p2b: Pelipper|flinch
|
|-weather|RainDance|[upkeep]
|upkeep
|
|t:|1785721729
|switch|p1b: Charizard|Charizard-Mega-Y, L50, M, shiny|100/100
|-weather|SunnyDay|[from] ability: Drought|[of] p1b: Charizard
|turn|6
|
|t:|1785721741
|switch|p2b: Kingambit|Kingambit, L50, M|100/100
|move|p2a: Starmie|Protect|p2a: Starmie
|-singleturn|p2a: Starmie|Protect
|move|p1b: Charizard|Protect|p1b: Charizard
|-singleturn|p1b: Charizard|Protect
|move|p1a: Garchomp|Rock Slide|p2a: Starmie|[spread] p2b
|-activate|p2a: Starmie|move: Protect
|-resisted|p2b: Kingambit|1
|-damage|p2b: Kingambit|90/100
|
|-weather|SunnyDay|[upkeep]
|-sideend|p2: Nosejugarbalance|move: Tailwind
|upkeep
|turn|7
|
|t:|1785721754
|switch|p2a: Pelipper|Pelipper, L50, F|66/100
|-weather|RainDance|[from] ability: Drizzle|[of] p2a: Pelipper
|switch|p1b: Venusaur|Venusaur, L50, F, shiny|69/100
|move|p2b: Kingambit|Sucker Punch|p1a: Garchomp
|-damage|p1a: Garchomp|21/100
|-damage|p2b: Kingambit|78/100|[from] ability: Rough Skin|[of] p1a: Garchomp
|move|p1a: Garchomp|Rock Slide|p2a: Pelipper|[spread] p2a,p2b
|-supereffective|p2a: Pelipper|1
|-resisted|p2b: Kingambit|1
|-damage|p2a: Pelipper|21/100
|-damage|p2b: Kingambit|69/100
|
|-weather|RainDance|[upkeep]
|upkeep
|turn|8
|
|t:|1785721777
|switch|p1a: Charizard|Charizard-Mega-Y, L50, M, shiny|100/100
|-weather|SunnyDay|[from] ability: Drought|[of] p1a: Charizard
|switch|p2a: Starmie|Starmie-Mega, L50|63/100
|move|p1b: Venusaur|Solar Beam||[still]
|-prepare|p1b: Venusaur|Solar Beam
|-anim|p1b: Venusaur|Solar Beam|p2a: Starmie
|-supereffective|p2a: Starmie|1
|-damage|p2a: Starmie|0 fnt
|faint|p2a: Starmie
|-damage|p1b: Venusaur|59/100|[from] item: Life Orb
|move|p2b: Kingambit|Kowtow Cleave|p1a: Charizard
|-damage|p1a: Charizard|48/100
|
|-weather|SunnyDay|[upkeep]
|upkeep
|
|t:|1785721792
|switch|p2a: Pelipper|Pelipper, L50, F|21/100
|-weather|RainDance|[from] ability: Drizzle|[of] p2a: Pelipper
|turn|9
|inactive|Nosejugarbalance has 30 seconds left.
|
|t:|1785721820
|switch|p1a: Garchomp|Garchomp, L50, M, shiny|21/100
|move|p2b: Kingambit|Sucker Punch|p1b: Venusaur
|-damage|p1b: Venusaur|10/100
|move|p1b: Venusaur|Sludge Bomb|p2a: Pelipper
|-damage|p2a: Pelipper|0 fnt
|faint|p2a: Pelipper
|-damage|p1b: Venusaur|1/100|[from] item: Life Orb
|
|-weather|RainDance|[upkeep]
|upkeep
|turn|10
|-message|Nosejugarbalance forfeited.
|
|win|ruben2327
|l|☆Nosejugarbalance
|player|p2|
||Nosejugarbalance is ready for game 3.
||Nosejugarbalance is ready for game 3.
|inactive|ruben2327 has 30 seconds to confirm battle start!
||ruben2327 is ready for game 3.
|uhtml|next|Next: Game 3 of 3
