|j|☆RochesterRockruffs
|j|☆SGplaysIt
|html|RochesterRockruffsSGplaysIt    
|uhtml|bestof|Game 3 of a best-of-3
|t:|1784346183
|gametype|doubles
|player|p1|RochesterRockruffs|pokemaniac|
|player|p2|SGplaysIt|266|
|gen|9
|tier|[Gen 9 Champions] VGC 2026 Reg M-B (Bo3)
|rule|Species Clause: Limit one of each Pokémon
|rule|Item Clause: Limit 1 of each item
|clearpoke
|poke|p1|Chimecho, L50, F|
|poke|p1|Ariados, L50, F|
|poke|p1|Sneasler, L50, M|
|poke|p1|Tyranitar, L50, M|
|poke|p1|Excadrill, L50, F|
|poke|p1|Zoroark-Hisui, L50, F|
|poke|p2|Oranguru, L50, F|
|poke|p2|Incineroar, L50, F|
|poke|p2|Rhyperior, L50, F|
|poke|p2|Florges, L50, F|
|poke|p2|Archaludon, L50, F|
|poke|p2|Conkeldurr, L50, F|
|teampreview|4
|showteam|p1|Chimecho||SitrusBerry|Levitate|Imprison,TrickRoom,Psychic,FlashCannon|Quiet||F|||50|]Ariados||SilverPowder|Sniper|FirstImpression,Lunge,RagePowder,PoisonJab|Brave||F|||50|]Sneasler||WhiteHerb|Unburden|DireClaw,Protect,CloseCombat,NightSlash|Adamant||M|||50|]Tyranitar||Tyranitarite|SandStream|Protect,RockSlide,KnockOff,HighHorsepower|Brave||M|||50|]Excadrill||LifeOrb|SandForce|Earthquake,IronHead,RockSlide,BrickBreak|Adamant||F|||50|]Zoroark-Hisui||FocusSash|Illusion|HyperVoice,ShadowBall,Protect,GrassKnot|Modest||F|||50|
|showteam|p2|Oranguru||MentalHerb|InnerFocus|Encore,TrickRoom,Instruct,Psyshock|Timid||F|||50|]Incineroar||FocusSash|Intimidate|FlareBlitz,FakeOut,CloseCombat,PartingShot|Adamant||F|||50|]Rhyperior||HardStone|SolidRock|RockSlide,Protect,Earthquake,PoisonJab|Brave||F|||50|]Florges||FairyFeather|FlowerVeil|Moonblast,PetalBlizzard,Psychic,Protect|Sassy||F|||50|]Archaludon||Leftovers|Stamina|Thunderbolt,FlashCannon,AuraSphere,Protect|Quiet||F|||50|]Conkeldurr||ExpertBelt|SheerForce|IcePunch,ThunderPunch,FirePunch,DrainPunch|Adamant||F|||50|
|
|t:|1784346211
|teamsize|p1|4
|teamsize|p2|4
|start
|switch|p1a: Tyranitar|Tyranitar, L50, M|100/100
|switch|p1b: Excadrill|Excadrill, L50, F|100/100
|switch|p2a: Oranguru|Oranguru, L50, F|100/100
|switch|p2b: Incineroar|Incineroar, L50, F|100/100
|-ability|p2b: Incineroar|Intimidate|boost
|-unboost|p1a: Tyranitar|atk|1
|-unboost|p1b: Excadrill|atk|1
|-weather|Sandstorm|[from] ability: Sand Stream|[of] p1a: Tyranitar
|turn|1
|
|t:|1784346242
|move|p1a: Tyranitar|Protect|p1a: Tyranitar
|-singleturn|p1a: Tyranitar|Protect
|move|p2b: Incineroar|Fake Out|p1a: Tyranitar
|-activate|p1a: Tyranitar|move: Protect
|move|p1b: Excadrill|Earthquake|p2a: Oranguru|[spread] p2a,p2b
|-activate|p1a: Tyranitar|move: Protect
|-supereffective|p2b: Incineroar|1
|-damage|p2a: Oranguru|49/100
|-damage|p2b: Incineroar|1/100
|-damage|p1b: Excadrill|90/100|[from] item: Life Orb
|move|p2a: Oranguru|Trick Room|p2a: Oranguru
|-fieldstart|move: Trick Room|[of] p2a: Oranguru
|
|-weather|Sandstorm|[upkeep]
|-damage|p2b: Incineroar|0 fnt|[from] Sandstorm
|-damage|p2a: Oranguru|43/100|[from] Sandstorm
|faint|p2b: Incineroar
|upkeep
|
|t:|1784346266
|switch|p2b: Archaludon|Archaludon, L50, F|100/100
|turn|2
|
|t:|1784346296
|switch|p1a: Sneasler|Sneasler, L50, M|100/100
|move|p2b: Archaludon|Flash Cannon|p1a: Sneasler
|-damage|p1a: Sneasler|22/100
|replace|p1a: Zoroark|Zoroark-Hisui, L50, F
|-end|p1a: Zoroark|Illusion
|move|p2a: Oranguru|Instruct|p2b: Archaludon
|-singleturn|p2b: Archaludon|move: Instruct|[of] p2a: Oranguru
|move|p2b: Archaludon|Flash Cannon|p1a: Zoroark
|-damage|p1a: Zoroark|0 fnt
|faint|p1a: Zoroark
|move|p1b: Excadrill|Brick Break|p2b: Archaludon
|-supereffective|p2b: Archaludon|1
|-damage|p2b: Archaludon|59/100
|-ability|p2b: Archaludon|Stamina|boost
|-boost|p2b: Archaludon|def|1
|-damage|p1b: Excadrill|80/100|[from] item: Life Orb
|
|-weather|Sandstorm|[upkeep]
|-damage|p2a: Oranguru|36/100|[from] Sandstorm
|-heal|p2b: Archaludon|65/100|[from] item: Leftovers
|upkeep
|
|t:|1784346311
|switch|p1a: Sneasler|Sneasler, L50, M|100/100
|turn|3
|
|t:|1784346327
|switch|p1b: Tyranitar|Tyranitar, L50, M|100/100
|move|p1a: Sneasler|Protect|p1a: Sneasler
|-singleturn|p1a: Sneasler|Protect
|move|p2b: Archaludon|Aura Sphere|p1b: Tyranitar
|-supereffective|p1b: Tyranitar|2
|-damage|p1b: Tyranitar|28/100
|move|p2a: Oranguru|Instruct|p2b: Archaludon
|-singleturn|p2b: Archaludon|move: Instruct|[of] p2a: Oranguru
|move|p2b: Archaludon|Aura Sphere|p1b: Tyranitar
|-supereffective|p1b: Tyranitar|2
|-damage|p1b: Tyranitar|0 fnt
|faint|p1b: Tyranitar
|
|-weather|Sandstorm|[upkeep]
|-damage|p2a: Oranguru|30/100|[from] Sandstorm
|-damage|p1a: Sneasler|94/100|[from] Sandstorm
|-heal|p2b: Archaludon|71/100|[from] item: Leftovers
|upkeep
|
|t:|1784346336
|switch|p1b: Excadrill|Excadrill, L50, F|80/100
|turn|4
|
|t:|1784346352
|move|p2b: Archaludon|Thunderbolt|p1a: Sneasler
|-damage|p1a: Sneasler|52/100
|move|p2a: Oranguru|Instruct|p2b: Archaludon
|-singleturn|p2b: Archaludon|move: Instruct|[of] p2a: Oranguru
|move|p2b: Archaludon|Thunderbolt|p1a: Sneasler
|-damage|p1a: Sneasler|15/100
|move|p1b: Excadrill|Rock Slide|p2b: Archaludon|[spread] p2a,p2b
|-resisted|p2b: Archaludon|1
|-damage|p2a: Oranguru|0 fnt
|-damage|p2b: Archaludon|61/100
|-ability|p2b: Archaludon|Stamina|boost
|-boost|p2b: Archaludon|def|1
|faint|p2a: Oranguru
|-damage|p1b: Excadrill|70/100|[from] item: Life Orb
|move|p1a: Sneasler|Close Combat|p2b: Archaludon
|-supereffective|p2b: Archaludon|1
|-damage|p2b: Archaludon|3/100
|-unboost|p1a: Sneasler|def|1
|-unboost|p1a: Sneasler|spd|1
|-ability|p2b: Archaludon|Stamina|boost
|-boost|p2b: Archaludon|def|1
|-enditem|p1a: Sneasler|White Herb
|-clearnegativeboost|p1a: Sneasler|[silent]
|
|-weather|Sandstorm|[upkeep]
|-damage|p1a: Sneasler|9/100|[from] Sandstorm
|-heal|p2b: Archaludon|9/100|[from] item: Leftovers
|upkeep
|
|t:|1784346375
|switch|p2a: Rhyperior|Rhyperior, L50, F|100/100
|turn|5
|
|t:|1784346417
|move|p2a: Rhyperior|Protect|p2a: Rhyperior
|-singleturn|p2a: Rhyperior|Protect
|move|p2b: Archaludon|Protect|p2b: Archaludon
|-singleturn|p2b: Archaludon|Protect
|move|p1b: Excadrill|Iron Head|p2a: Rhyperior
|-activate|p2a: Rhyperior|move: Protect
|move|p1a: Sneasler|Night Slash|p2b: Archaludon
|-activate|p2b: Archaludon|move: Protect
|
|-weather|none
|-heal|p2b: Archaludon|15/100|[from] item: Leftovers
|-fieldend|move: Trick Room
|upkeep
|turn|6
|
|t:|1784346439
|move|p1a: Sneasler|Protect|p1a: Sneasler
|-singleturn|p1a: Sneasler|Protect
|move|p1b: Excadrill|Earthquake|p2b: Archaludon|[spread] p2a,p2b
|-activate|p1a: Sneasler|move: Protect
|-supereffective|p2a: Rhyperior|1
|-supereffective|p2b: Archaludon|1
|-damage|p2a: Rhyperior|49/100
|-damage|p2b: Archaludon|0 fnt
|faint|p2b: Archaludon
|-damage|p1b: Excadrill|61/100|[from] item: Life Orb
|move|p2a: Rhyperior|Earthquake|p1b: Excadrill|[spread] p1b
|-activate|p1a: Sneasler|move: Protect
|-supereffective|p1b: Excadrill|1
|-damage|p1b: Excadrill|0 fnt
|faint|p1b: Excadrill
|
|upkeep
|turn|7
|
|t:|1784346459
|move|p1a: Sneasler|Close Combat|p2a: Rhyperior
|-supereffective|p2a: Rhyperior|1
|-damage|p2a: Rhyperior|0 fnt
|-unboost|p1a: Sneasler|def|1
|-unboost|p1a: Sneasler|spd|1
|faint|p2a: Rhyperior
|
|win|RochesterRockruffs
