|j|☆mattmoosegoose
|j|☆doatzmgoatz
|html|mattmoosegoosedoatzmgoatz    
|uhtml|bestof|Game 2 of a best-of-3
|t:|1784507310
|gametype|doubles
|player|p1|mattmoosegoose|ghetsis-gen5bw|
|player|p2|doatzmgoatz|102|
|gen|9
|tier|[Gen 9 Champions] VGC 2026 Reg M-B (Bo3)
|rule|Species Clause: Limit one of each Pokémon
|rule|Item Clause: Limit 1 of each item
|clearpoke
|poke|p1|Staraptor, L50, F|
|poke|p1|Toxicroak, L50, F|
|poke|p1|Farigiraf, L50, F|
|poke|p1|Overqwil, L50, F|
|poke|p1|Metagross, L50, shiny|
|poke|p1|Tyranitar, L50, F|
|poke|p2|Gengar, L50, M|
|poke|p2|Incineroar, L50, M|
|poke|p2|Hydreigon, L50, M|
|poke|p2|Clefable, L50, M|
|poke|p2|Vaporeon, L50, M|
|poke|p2|Noivern, L50, F|
|teampreview|4
|showteam|p1|Staraptor||Staraptite|Intimidate|CloseCombat,Tailwind,BlazeKick,Protect|Jolly||F|||50|]Toxicroak||ChoiceScarf|PoisonTouch|ThroatChop,PoisonJab,SuckerPunch,ShadowBall|Hasty||F|||50|]Farigiraf||LightClay|ArmorTail|TrickRoom,LightScreen,Reflect,PsychicFangs|Sassy||F|||50|]Overqwil||ExpertBelt|PoisonPoint|Liquidation,IceBeam,Protect,PoisonJab|Naive||F|||50|]Metagross||Metagrossite|ClearBody|BulletPunch,Earthquake,MeteorMash,Protect|Jolly|||||50|]Tyranitar||Tyranitarite|SandStream|Earthquake,DragonClaw,ThunderWave,HighHorsepower|Adamant||F|||50|
|showteam|p2|Gengar||Gengarite|CursedBody|SludgeWave,ShadowBall,Substitute,NastyPlot|Timid||M|||50|]Incineroar||SitrusBerry|Intimidate|CloseCombat,DarkestLariat,PartingShot,Taunt|Adamant||M|||50|]Hydreigon||LifeOrb|Levitate|EarthPower,DracoMeteor,DarkPulse,Uturn|Timid||M|||50|]Clefable||Leftovers|MagicGuard|FollowMe,Reflect,DazzlingGleam,Encore|Calm||M|||50|]Vaporeon||MysticWater|WaterAbsorb|Scald,Protect,RainDance,IceBeam|Bold||M|||50|]Noivern||ExpertBelt|Frisk|Tailwind,Boomburst,Hurricane,Uturn|Timid||F|||50|
|
|t:|1784507349
|teamsize|p1|4
|teamsize|p2|4
|start
|switch|p1a: Metagross|Metagross, L50, shiny|100/100
|switch|p1b: Overqwil|Overqwil, L50, F|100/100
|switch|p2a: Incineroar|Incineroar, L50, M|100/100
|switch|p2b: Noivern|Noivern, L50, F|100/100
|-item|p1a: Metagross|Metagrossite|[from] ability: Frisk|[of] p2b: Noivern
|-item|p1b: Overqwil|Expert Belt|[from] ability: Frisk|[of] p2b: Noivern
|-ability|p2a: Incineroar|Intimidate|boost
|-fail|p1a: Metagross|unboost|[from] ability: Clear Body|[of] p1a: Metagross
|-unboost|p1b: Overqwil|atk|1
|turn|1
|
|t:|1784507384
|move|p2b: Noivern|Tailwind|p2b: Noivern
|-sidestart|p2: doatzmgoatz|move: Tailwind
|move|p2a: Incineroar|Darkest Lariat|p1a: Metagross
|-supereffective|p1a: Metagross|1
|-damage|p1a: Metagross|10/100
|move|p1b: Overqwil|Ice Beam|p2b: Noivern
|-supereffective|p2b: Noivern|2
|-damage|p2b: Noivern|10/100
|move|p1a: Metagross|Earthquake|p2b: Noivern|[spread] p1b,p2a
|-immune|p2b: Noivern
|-supereffective|p1b: Overqwil|1
|-supereffective|p2a: Incineroar|1
|-damage|p1b: Overqwil|34/100
|-damage|p2a: Incineroar|51/100
|
|upkeep
|turn|2
|
|t:|1784507443
|move|p1a: Metagross|Protect|p1a: Metagross
|-singleturn|p1a: Metagross|Protect
|move|p2b: Noivern|Boomburst|p1b: Overqwil|[spread] p2a,p1b
|-activate|p1a: Metagross|move: Protect
|-damage|p2a: Incineroar|25/100
|-damage|p1b: Overqwil|0 fnt
|-enditem|p2a: Incineroar|Sitrus Berry|[eat]
|-heal|p2a: Incineroar|50/100y|[from] item: Sitrus Berry
|faint|p1b: Overqwil
|move|p2a: Incineroar|Darkest Lariat|p1a: Metagross
|-activate|p1a: Metagross|move: Protect
|
|upkeep
|
|t:|1784507457
|switch|p1b: Toxicroak|Toxicroak, L50, F|100/100
|turn|3
|
|t:|1784507501
|move|p1b: Toxicroak|Sucker Punch||[still]
|-fail|p1b: Toxicroak
|move|p1a: Metagross|Bullet Punch|p2a: Incineroar
|-resisted|p2a: Incineroar|1
|-damage|p2a: Incineroar|40/100
|move|p2b: Noivern|Boomburst|p1b: Toxicroak|[spread] p2a,p1a,p1b
|-resisted|p1a: Metagross|1
|-damage|p2a: Incineroar|11/100
|-damage|p1a: Metagross|0 fnt
|-damage|p1b: Toxicroak|53/100
|faint|p1a: Metagross
|move|p2a: Incineroar|Parting Shot|p1b: Toxicroak
|-unboost|p1b: Toxicroak|atk|1
|-unboost|p1b: Toxicroak|spa|1
|
|t:|1784507513
|switch|p2a: Gengar|Gengar, L50, M|100/100|[from] Parting Shot
|
|upkeep
|
|t:|1784507517
|switch|p1a: Staraptor|Staraptor, L50, F|100/100
|-ability|p1a: Staraptor|Intimidate|boost
|-unboost|p2a: Gengar|atk|1
|-unboost|p2b: Noivern|atk|1
|turn|4
|
|t:|1784507538
|detailschange|p2a: Gengar|Gengar-Mega, L50, M
|-mega|p2a: Gengar|Gengar|Gengarite
|detailschange|p1a: Staraptor|Staraptor-Mega, L50, F
|-mega|p1a: Staraptor|Staraptor|Staraptite
|move|p1b: Toxicroak|Sucker Punch||[still]
|-fail|p1b: Toxicroak
|move|p2a: Gengar|Substitute|p2a: Gengar
|-start|p2a: Gengar|Substitute
|-damage|p2a: Gengar|75/100
|move|p2b: Noivern|Hurricane|p1b: Toxicroak
|-supereffective|p1b: Toxicroak|1
|-damage|p1b: Toxicroak|0 fnt
|faint|p1b: Toxicroak
|move|p1a: Staraptor|Blaze Kick|p2b: Noivern
|-resisted|p2b: Noivern|1
|-damage|p2b: Noivern|0 fnt
|faint|p2b: Noivern
|
|-sideend|p2: doatzmgoatz|move: Tailwind
|upkeep
|
|t:|1784507556
|switch|p2b: Vaporeon|Vaporeon, L50, M|100/100
|turn|5
|
|t:|1784507566
|move|p2a: Gengar|Shadow Ball|p1a: Staraptor
|-damage|p1a: Staraptor|32/100
|move|p1a: Staraptor|Close Combat|p2b: Vaporeon
|-damage|p2b: Vaporeon|51/100
|-boost|p1a: Staraptor|def|1
|-boost|p1a: Staraptor|spd|1
|move|p2b: Vaporeon|Scald|p1a: Staraptor
|-crit|p1a: Staraptor
|-damage|p1a: Staraptor|0 fnt
|faint|p1a: Staraptor
|
|win|doatzmgoatz
|l|☆mattmoosegoose
|player|p1|
