|j|☆Jun RH
|j|☆livelaughlotad1
|html|Jun RHlivelaughlotad1    
|uhtml|bestof|Game 2 of a best-of-3
|t:|1756931192
|gametype|doubles
|player|p1|Jun RH|burglar|1093
|player|p2|livelaughlotad1|acetrainerf|1046
|gen|9
|tier|[Gen 9] VGC 2025 Reg H (Bo3)
|rated|
|rule|Species Clause: Limit one of each Pokémon
|rule|Item Clause: Limit 1 of each item
|clearpoke
|poke|p1|Gholdengo, L50|
|poke|p1|Incineroar, L50, M|
|poke|p1|Amoonguss, L50, M|
|poke|p1|Dragonite, L50, F|
|poke|p1|Garchomp, L50, M|
|poke|p1|Primarina, L50, F|
|poke|p2|Ursaluna, L50, F|
|poke|p2|Kilowattrel, L50, F|
|poke|p2|Farigiraf, L50, M|
|poke|p2|Annihilape, L50, F|
|poke|p2|Gyarados, L50, F|
|poke|p2|Incineroar, L50, M|
|teampreview|4
|showteam|p1|Gholdengo||LifeOrb|GoodasGold|MakeItRain,ShadowBall,NastyPlot,Protect||||||50|,,,,,Water]Incineroar||SafetyGoggles|Intimidate|KnockOff,FlareBlitz,FakeOut,PartingShot|||M|||50|,,,,,Ghost]Amoonguss||CovertCloak|Regenerator|RagePowder,PollenPuff,Protect,Spore|||M|||50|,,,,,Dark]Dragonite||LoadedDice|Multiscale|ScaleShot,Tailwind,Protect,Haze|||F|||50|,,,,,Fairy]Garchomp||ClearAmulet|RoughSkin|DragonClaw,Earthquake,StompingTantrum,Protect|||M|||50|,,,,,Fire]Primarina||AssaultVest|LiquidVoice|HyperVoice,Moonblast,IcyWind,DazzlingGleam|||F|||50|,,,,,Grass
|showteam|p2|Ursaluna||FlameOrb|Guts|Facade,HeadlongRush,Earthquake,Protect|||F|||50|,,,,,Ghost]Kilowattrel||FocusSash|Competitive|Discharge,AirSlash,Tailwind,Protect|||F|||50|,,,,,Ghost]Farigiraf||ThroatSpray|ArmorTail|HyperVoice,Psychic,TrickRoom,Protect|||M|||50|,,,,,Fairy]Annihilape||AssaultVest|Defiant|DrainPunch,RageFist,BrickBreak,Uturn|||F|||50|,,,,,Grass]Gyarados||SafetyGoggles|Intimidate|Waterfall,Earthquake,Taunt,Protect|||F|||50|,,,,,Ground]Incineroar||SitrusBerry|Intimidate|FakeOut,FlareBlitz,KnockOff,PartingShot|||M|||50|,,,,,Grass
|
|t:|1756931237
|teamsize|p1|4
|teamsize|p2|4
|start
|switch|p1a: Amoonguss|Amoonguss, L50, M|100/100
|switch|p1b: Primarina|Primarina, L50, F|100/100
|switch|p2a: Kilowattrel|Kilowattrel, L50, F|100/100
|switch|p2b: Gyarados|Gyarados, L50, F|100/100
|-ability|p2b: Gyarados|Intimidate|boost
|-unboost|p1a: Amoonguss|atk|1
|-unboost|p1b: Primarina|atk|1
|turn|1
|
|t:|1756931296
|switch|p1a: Garchomp|Garchomp, L50, M|100/100
|-terastallize|p1b: Primarina|Grass
|move|p2a: Kilowattrel|Tailwind|p2a: Kilowattrel
|-sidestart|p2: livelaughlotad1|move: Tailwind
|move|p2b: Gyarados|Taunt|p1a: Garchomp
|-start|p1a: Garchomp|move: Taunt
|move|p1b: Primarina|Icy Wind|p2a: Kilowattrel|[spread] p2a,p2b
|-supereffective|p2a: Kilowattrel
|-damage|p2a: Kilowattrel|42/100
|-damage|p2b: Gyarados|87/100
|-unboost|p2a: Kilowattrel|spe|1
|-ability|p2a: Kilowattrel|Competitive|boost
|-boost|p2a: Kilowattrel|spa|2
|-unboost|p2b: Gyarados|spe|1
|
|upkeep
|turn|2
|
|t:|1756931347
|switch|p2b: Annihilape|Annihilape, L50, F|100/100
|switch|p1b: Dragonite|Dragonite, L50, F|100/100
|move|p2a: Kilowattrel|Protect|p2a: Kilowattrel
|-singleturn|p2a: Kilowattrel|Protect
|move|p1a: Garchomp|Dragon Claw|p2a: Kilowattrel
|-activate|p2a: Kilowattrel|move: Protect
|
|upkeep
|turn|3
|
|t:|1756931389
|-terastallize|p2b: Annihilape|Grass
|move|p2a: Kilowattrel|Discharge|p1b: Dragonite|[spread] p2b,p1b
|-immune|p1a: Garchomp
|-resisted|p2b: Annihilape
|-damage|p2b: Annihilape|82/100
|-damage|p1b: Dragonite|74/100
|move|p2b: Annihilape|Rage Fist|p1b: Dragonite
|-damage|p1b: Dragonite|15/100
|move|p1a: Garchomp|Stomping Tantrum|p2b: Annihilape
|-resisted|p2b: Annihilape
|-damage|p2b: Annihilape|63/100
|move|p1b: Dragonite|Scale Shot|p2a: Kilowattrel|[miss]
|-miss|p1b: Dragonite|p2a: Kilowattrel
|
|-end|p1a: Garchomp|move: Taunt
|upkeep
|turn|4
|
|t:|1756931421
|move|p1a: Garchomp|Protect|p1a: Garchomp
|-singleturn|p1a: Garchomp|Protect
|move|p1b: Dragonite|Protect|p1b: Dragonite
|-singleturn|p1b: Dragonite|Protect
|move|p2a: Kilowattrel|Discharge|p1b: Dragonite|[spread] p2b
|-activate|p1a: Garchomp|move: Protect
|-activate|p1b: Dragonite|move: Protect
|-resisted|p2b: Annihilape
|-damage|p2b: Annihilape|46/100
|move|p2b: Annihilape|Rage Fist|p1a: Garchomp
|-activate|p1a: Garchomp|move: Protect
|
|-sideend|p2: livelaughlotad1|move: Tailwind
|upkeep
|turn|5
|
|t:|1756931453
|switch|p2a: Gyarados|Gyarados, L50, F|87/100
|-ability|p2a: Gyarados|Intimidate|boost
|-fail|p1a: Garchomp|unboost|[from] item: Clear Amulet|[of] p1a: Garchomp
|-unboost|p1b: Dragonite|atk|1
|move|p1a: Garchomp|Dragon Claw|p2a: Gyarados
|-damage|p2a: Gyarados|41/100
|move|p1b: Dragonite|Tailwind|p1b: Dragonite
|-sidestart|p1: Jun RH|move: Tailwind
|move|p2b: Annihilape|Rage Fist|p1a: Garchomp
|-damage|p1a: Garchomp|0 fnt
|-damage|p2b: Annihilape|34/100|[from] ability: Rough Skin|[of] p1a: Garchomp
|faint|p1a: Garchomp
|
|upkeep
|
|t:|1756931471
|switch|p1a: Primarina|Primarina, L50, F, tera:Grass|100/100
|turn|6
|
|t:|1756931496
|move|p2a: Gyarados|Protect|p2a: Gyarados
|-singleturn|p2a: Gyarados|Protect
|move|p1b: Dragonite|Scale Shot|p2b: Annihilape
|-damage|p2b: Annihilape|26/100
|-damage|p2b: Annihilape|16/100
|-damage|p2b: Annihilape|7/100
|-damage|p2b: Annihilape|0 fnt
|faint|p2b: Annihilape
|-hitcount|p2: Annihilape|4
|-unboost|p1b: Dragonite|def|1
|-boost|p1b: Dragonite|spe|1
|move|p1a: Primarina|Dazzling Gleam|p2a: Gyarados
|-activate|p2a: Gyarados|move: Protect
|
|upkeep
|
|t:|1756931514
|switch|p2b: Kilowattrel|Kilowattrel, L50, F|42/100
|turn|7
|
|t:|1756931531
|move|p1b: Dragonite|Scale Shot|p2a: Gyarados
|-damage|p2a: Gyarados|31/100
|-damage|p2a: Gyarados|22/100
|-damage|p2a: Gyarados|12/100
|-damage|p2a: Gyarados|3/100
|-damage|p2a: Gyarados|0 fnt
|faint|p2a: Gyarados
|-hitcount|p2: Gyarados|5
|-unboost|p1b: Dragonite|def|1
|-boost|p1b: Dragonite|spe|1
|move|p2b: Kilowattrel|Air Slash|p1a: Primarina
|-supereffective|p1a: Primarina
|-damage|p1a: Primarina|60/100
|cant|p1a: Primarina|flinch
|
|upkeep
|
|t:|1756931544
|switch|p2a: Ursaluna|Ursaluna, L50, F|100/100
|turn|8
|
|t:|1756931565
|move|p2b: Kilowattrel|Protect|p2b: Kilowattrel
|-singleturn|p2b: Kilowattrel|Protect
|move|p2a: Ursaluna|Protect|p2a: Ursaluna
|-singleturn|p2a: Ursaluna|Protect
|move|p1b: Dragonite|Scale Shot|p2b: Kilowattrel
|-activate|p2b: Kilowattrel|move: Protect
|move|p1a: Primarina|Hyper Voice|p2b: Kilowattrel|[spread] 
|-activate|p2a: Ursaluna|move: Protect
|-activate|p2b: Kilowattrel|move: Protect
|
|-sideend|p1: Jun RH|move: Tailwind
|-status|p2a: Ursaluna|brn|[from] item: Flame Orb
|upkeep
|turn|9
|
|t:|1756931589
|move|p2b: Kilowattrel|Protect||[still]
|-fail|p2b: Kilowattrel
|move|p1b: Dragonite|Scale Shot|p2b: Kilowattrel
|-damage|p2b: Kilowattrel|24/100
|-damage|p2b: Kilowattrel|6/100
|-damage|p2b: Kilowattrel|0 fnt
|faint|p2b: Kilowattrel
|-hitcount|p2: Kilowattrel|3
|-unboost|p1b: Dragonite|def|1
|-boost|p1b: Dragonite|spe|1
|move|p1a: Primarina|Hyper Voice|p2a: Ursaluna
|-supereffective|p2a: Ursaluna
|-damage|p2a: Ursaluna|5/100 brn
|move|p2a: Ursaluna|Facade|p1a: Primarina
|-damage|p1a: Primarina|0 fnt
|faint|p1a: Primarina
|
|-damage|p2a: Ursaluna|0 fnt|[from] brn
|faint|p2a: Ursaluna
|
|win|Jun RH
|raw|Jun RH's rating: 1093 → 1116(+23 for winning)
|raw|livelaughlotad1's rating: 1046 → 1031(-15 for losing)
|c|☆livelaughlotad1|gg
