|j|☆uglybeast
|j|☆Zengikk
|html|uglybeastZengikk    
|uhtml|bestof|Game 2 of a best-of-3
|t:|1756912038
|gametype|doubles
|player|p1|uglybeast|lucas|1313
|player|p2|Zengikk|giovanni|1176
|gen|9
|tier|[Gen 9] VGC 2025 Reg H (Bo3)
|rated|
|rule|Species Clause: Limit one of each Pokémon
|rule|Item Clause: Limit 1 of each item
|clearpoke
|poke|p1|Murkrow, L50, F|
|poke|p1|Ursaluna-Bloodmoon, L50, M|
|poke|p1|Sneasler, L50, M|
|poke|p1|Dragapult, L50, F|
|poke|p1|Armarouge, L50, M|
|poke|p1|Indeedee-F, L50, F|
|poke|p2|Sneasler, L50, M|
|poke|p2|Dragapult, L50, M|
|poke|p2|Primarina, L50, F|
|poke|p2|Rillaboom, L50, F|
|poke|p2|Kingambit, L50, F|
|poke|p2|Magmar, L50, F|
|teampreview|4
|showteam|p1|Murkrow||Eviolite|Prankster|Haze,SunnyDay,Tailwind,BraveBird|||F|||50|,,,,,Ghost]Ursaluna-Bloodmoon||LifeOrb|MindsEye|BloodMoon,HyperVoice,Protect,EarthPower|||M|||50|,,,,,Normal]Sneasler||PsychicSeed|Unburden|ThroatChop,DireClaw,CloseCombat,Protect|||M|||50|,,,,,Dark]Dragapult||ChoiceBand|ClearBody|DragonDarts,Outrage,Uturn,PhantomForce|||F|||50|,,,,,Dragon]Armarouge||PowerHerb|FlashFire|HeatWave,MeteorBeam,ExpandingForce,Protect|||M|||50|,,,,,Grass]Indeedee-F||RockyHelmet|PsychicSurge|DazzlingGleam,FollowMe,HelpingHand,TrickRoom|||F|||50|,,,,,Grass
|showteam|p2|Sneasler||FocusSash|PoisonTouch|CloseCombat,DireClaw,FakeOut,Protect|||M|||50|,,,,,Stellar]Dragapult||ChoiceBand|ClearBody|DragonDarts,TeraBlast,PhantomForce,Uturn|||M|||50|,,,,,Ghost]Primarina||SitrusBerry|LiquidVoice|HyperVoice,Moonblast,Haze,Protect|||F|||50|,,,,,Water]Rillaboom||AssaultVest|GrassySurge|WoodHammer,GrassyGlide,HighHorsepower,FakeOut|||F|||50|,,,,,Fire]Kingambit||BlackGlasses|Defiant|KowtowCleave,SuckerPunch,SwordsDance,Protect|||F|||50|,,,,,Ghost]Magmar||Eviolite|VitalSpirit|Overheat,WillOWisp,FollowMe,Protect|||F|||50|,,,,,Ghost
|inactive|Battle timer is ON: inactive players will automatically lose when time's up. (requested by Zengikk)
|
|t:|1756912077
|teamsize|p1|4
|teamsize|p2|4
|start
|switch|p1a: Kwstas|Murkrow, L50, F|100/100
|switch|p1b: Giandam|Armarouge, L50, M|100/100
|switch|p2a: Sneasler|Sneasler, L50, M|100/100
|switch|p2b: Primarina|Primarina, L50, F|100/100
|turn|1
|inactive|uglybeast has 30 seconds left.
|
|t:|1756912108
|-terastallize|p2b: Primarina|Water
|move|p1b: Giandam|Protect|p1b: Giandam
|-singleturn|p1b: Giandam|Protect
|move|p2a: Sneasler|Dire Claw|p1b: Giandam
|-activate|p1b: Giandam|move: Protect
|move|p1a: Kwstas|Brave Bird|p2a: Sneasler
|-supereffective|p2a: Sneasler
|-enditem|p2a: Sneasler|Focus Sash
|-damage|p2a: Sneasler|1/100
|-damage|p1a: Kwstas|68/100|[from] Recoil
|move|p2b: Primarina|Hyper Voice|p1a: Kwstas|[spread] p1a
|-activate|p1b: Giandam|move: Protect
|-damage|p1a: Kwstas|20/100
|
|upkeep
|turn|2
|inactive|uglybeast has 30 seconds left.
|
|t:|1756912134
|-terastallize|p1b: Giandam|Grass
|move|p2a: Sneasler|Protect|p2a: Sneasler
|-singleturn|p2a: Sneasler|Protect
|move|p1a: Kwstas|Tailwind|p1a: Kwstas
|-sidestart|p1: uglybeast|move: Tailwind
|move|p1b: Giandam|Meteor Beam||[still]
|-prepare|p1b: Giandam|Meteor Beam
|-boost|p1b: Giandam|spa|1
|-enditem|p1b: Giandam|Power Herb
|-anim|p1b: Giandam|Meteor Beam|p2a: Sneasler
|-activate|p2a: Sneasler|move: Protect
|move|p2b: Primarina|Hyper Voice|p1b: Giandam|[spread] p1a,p1b
|-resisted|p1b: Giandam
|-damage|p1a: Kwstas|0 fnt
|-damage|p1b: Giandam|72/100
|faint|p1a: Kwstas
|
|upkeep
|
|t:|1756912142
|switch|p1a: Blade|Indeedee-F, L50, F|100/100
|-fieldstart|move: Psychic Terrain|[from] ability: Psychic Surge|[of] p1a: Blade
|turn|3
|
|t:|1756912160
|switch|p2a: Kingambit|Kingambit, L50, F|100/100
|move|p1a: Blade|Helping Hand|p1b: Giandam
|-singleturn|p1b: Giandam|Helping Hand|[of] p1a: Blade
|move|p1b: Giandam|Expanding Force|p2b: Primarina|[spread] p2b
|-immune|p2a: Kingambit
|-damage|p2b: Primarina|0 fnt
|faint|p2b: Primarina
|
|upkeep
|
|t:|1756912172
|switch|p2b: Dragapult|Dragapult, L50, M|100/100
|turn|4
|
|t:|1756912188
|move|p1a: Blade|Follow Me|p1a: Blade
|-singleturn|p1a: Blade|move: Follow Me
|move|p1b: Giandam|Heat Wave|p2b: Dragapult|[spread] 
|-miss|p1b: Giandam|p2a: Kingambit
|-miss|p1b: Giandam|p2b: Dragapult
|move|p2b: Dragapult|Dragon Darts|p1a: Blade
|-damage|p1a: Blade|65/100
|-anim|p2b: Dragapult|Dragon Darts|p1a: Blade
|-damage|p1a: Blade|26/100
|move|p2a: Kingambit|Kowtow Cleave|p1a: Blade
|-supereffective|p1a: Blade
|-damage|p1a: Blade|0 fnt
|-damage|p2a: Kingambit|84/100|[from] item: Rocky Helmet|[of] p1a: Blade
|faint|p1a: Blade
|
|upkeep
|
|t:|1756912202
|switch|p1a: Anagnoman|Sneasler, L50, M|100/100
|-enditem|p1a: Anagnoman|Psychic Seed
|-boost|p1a: Anagnoman|spd|1|[from] item: Psychic Seed
|turn|5
|
|t:|1756912211
|move|p2a: Kingambit|Protect|p2a: Kingambit
|-singleturn|p2a: Kingambit|Protect
|move|p1a: Anagnoman|Throat Chop|p2b: Dragapult
|-supereffective|p2b: Dragapult
|-crit|p2b: Dragapult
|-damage|p2b: Dragapult|0 fnt
|faint|p2b: Dragapult
|move|p1b: Giandam|Heat Wave|p2a: Kingambit
|-activate|p2a: Kingambit|move: Protect
|
|-sideend|p1: uglybeast|move: Tailwind
|upkeep
|
|t:|1756912221
|switch|p2b: Sneasler|Sneasler, L50, M|1/100
|turn|6
|
|t:|1756912239
|move|p1b: Giandam|Protect|p1b: Giandam
|-singleturn|p1b: Giandam|Protect
|move|p1a: Anagnoman|Close Combat|p2a: Kingambit
|-supereffective|p2a: Kingambit
|-damage|p2a: Kingambit|0 fnt
|-unboost|p1a: Anagnoman|def|1
|-unboost|p1a: Anagnoman|spd|1
|faint|p2a: Kingambit
|move|p2b: Sneasler|Dire Claw|p1b: Giandam
|-activate|p1b: Giandam|move: Protect
|
|upkeep
|turn|7
|
|t:|1756912252
|move|p1a: Anagnoman|Dire Claw|p2b: Sneasler
|-resisted|p2b: Sneasler
|-damage|p2b: Sneasler|0 fnt
|faint|p2b: Sneasler
|
|win|uglybeast
