|j|☆mattmanectric
|j|☆FanPoke2011
|html|mattmanectricFanPoke2011    
|uhtml|bestof|Game 2 of a best-of-3
|t:|1754621630
|gametype|doubles
|player|p1|mattmanectric|102|1247
|player|p2|FanPoke2011|101|1140
|gen|9
|tier|[Gen 9] VGC 2025 Reg H (Bo3)
|rated|
|rule|Species Clause: Limit one of each Pokémon
|rule|Item Clause: Limit 1 of each item
|clearpoke
|poke|p1|Indeedee, L50, M|
|poke|p1|Sneasler, L50, F|
|poke|p1|Excadrill, L50, F|
|poke|p1|Magmar, L50, F|
|poke|p1|Corviknight, L50, F|
|poke|p1|Tyranitar, L50, F|
|poke|p2|Porygon2, L50|
|poke|p2|Sneasler, L50, M|
|poke|p2|Amoonguss, L50, M|
|poke|p2|Gholdengo, L50|
|poke|p2|Incineroar, L50, M|
|poke|p2|Dragonite, L50, F|
|teampreview|4
|showteam|p1|Indeedee||ChoiceScarf|PsychicSurge|ExpandingForce,TeraBlast,Trick,Protect|||M|||50|,,,,,Psychic]Sneasler||WhiteHerb|Unburden|FakeOut,CloseCombat,DireClaw,Coaching|||F|||50|,,,,,Flying]Excadrill||FocusSash|SandRush|Earthquake,IronHead,SwordsDance,Protect|||F|||50|,,,,,Ground]Magmar||Eviolite|VitalSpirit|HeatWave,FollowMe,HelpingHand,Protect|||F|||50|,,,,,Flying]Corviknight||PsychicSeed|MirrorArmor|BraveBird,PowerTrip,BulkUp,Roost|||F|||50|,,,,,Water]Tyranitar||AssaultVest|SandStream|RockSlide,KnockOff,LowKick,TeraBlast|||F|||50|,,,,,Flying
|showteam|p2|Porygon2||Eviolite|Download|TeraBlast,IceBeam,Recover,TrickRoom||||||50|,,,,,Fighting]Sneasler||FocusSash|PoisonTouch|CloseCombat,DireClaw,Coaching,Protect|||M|||50|,,,,,Ghost]Amoonguss||SitrusBerry|Regenerator|Protect,PollenPuff,Spore,RagePowder|||M|||50|,,,,,Water]Gholdengo||MetalCoat|GoodasGold|MakeItRain,ShadowBall,NastyPlot,Protect||||||50|,,,,,Fairy]Incineroar||SafetyGoggles|Intimidate|FlareBlitz,KnockOff,FakeOut,PartingShot|||M|||50|,,,,,Ghost]Dragonite||LoadedDice|Multiscale|ScaleShot,StompingTantrum,ExtremeSpeed,Protect|||F|||50|,,,,,Ground
|
|t:|1754621657
|teamsize|p1|4
|teamsize|p2|4
|start
|switch|p1a: Magmar|Magmar, L50, F|100/100
|switch|p1b: Corviknight|Corviknight, L50, F|100/100
|switch|p2a: Gholdengo|Gholdengo, L50|100/100
|switch|p2b: Incineroar|Incineroar, L50, M|100/100
|-ability|p2b: Incineroar|Intimidate|boost
|-unboost|p1a: Magmar|atk|1
|-ability|p1b: Corviknight|Mirror Armor
|-unboost|p2b: Incineroar|atk|1
|turn|1
|
|t:|1754621673
|move|p2b: Incineroar|Fake Out|p1b: Corviknight
|-resisted|p1b: Corviknight
|-damage|p1b: Corviknight|98/100
|move|p1a: Magmar|Heat Wave|p2b: Incineroar|[spread] p2a,p2b
|-supereffective|p2a: Gholdengo
|-resisted|p2b: Incineroar
|-damage|p2a: Gholdengo|54/100
|-damage|p2b: Incineroar|90/100
|move|p2a: Gholdengo|Nasty Plot|p2a: Gholdengo
|-boost|p2a: Gholdengo|spa|2
|cant|p1b: Corviknight|flinch
|
|upkeep
|turn|2
|
|t:|1754621703
|-terastallize|p2a: Gholdengo|Fairy
|move|p1a: Magmar|Follow Me|p1a: Magmar
|-singleturn|p1a: Magmar|move: Follow Me
|move|p2a: Gholdengo|Make It Rain|p1b: Corviknight|[spread] p1a,p1b
|-resisted|p1a: Magmar
|-resisted|p1b: Corviknight
|-damage|p1a: Magmar|60/100
|-damage|p1b: Corviknight|42/100
|-unboost|p2a: Gholdengo|spa|1
|move|p1b: Corviknight|Bulk Up|p1b: Corviknight
|-boost|p1b: Corviknight|atk|1
|-boost|p1b: Corviknight|def|1
|move|p2b: Incineroar|Knock Off|p1a: Magmar
|-damage|p1a: Magmar|41/100
|-enditem|p1a: Magmar|Eviolite|[from] move: Knock Off|[of] p2b: Incineroar
|
|upkeep
|turn|3
|
|t:|1754621735
|move|p1a: Magmar|Follow Me|p1a: Magmar
|-singleturn|p1a: Magmar|move: Follow Me
|move|p2a: Gholdengo|Make It Rain|p1a: Magmar|[spread] p1a,p1b
|-resisted|p1a: Magmar
|-resisted|p1b: Corviknight
|-crit|p1b: Corviknight
|-damage|p1a: Magmar|0 fnt
|-damage|p1b: Corviknight|0 fnt
|-unboost|p2a: Gholdengo|spa|1
|faint|p1a: Magmar
|faint|p1b: Corviknight
|move|p2b: Incineroar|Knock Off|p1: Magmar|[notarget]
|-fail|p2b: Incineroar
|
|upkeep
|
|t:|1754621741
|switch|p1a: Excadrill|Excadrill, L50, F|100/100
|switch|p1b: Tyranitar|Tyranitar, L50, F|100/100
|-weather|Sandstorm|[from] ability: Sand Stream|[of] p1b: Tyranitar
|turn|4
|
|t:|1754621751
|switch|p2b: Amoonguss|Amoonguss, L50, M|100/100
|-terastallize|p1b: Tyranitar|Flying
|move|p2a: Gholdengo|Protect|p2a: Gholdengo
|-singleturn|p2a: Gholdengo|Protect
|move|p1a: Excadrill|Earthquake|p2b: Amoonguss|[spread] p2b
|-activate|p2a: Gholdengo|move: Protect
|-immune|p1b: Tyranitar
|-damage|p2b: Amoonguss|66/100
|move|p1b: Tyranitar|Rock Slide|p2b: Amoonguss|[spread] p2b
|-activate|p2a: Gholdengo|move: Protect
|-damage|p2b: Amoonguss|43/100
|-enditem|p2b: Amoonguss|Sitrus Berry|[eat]
|-heal|p2b: Amoonguss|68/100|[from] item: Sitrus Berry
|
|-weather|Sandstorm|[upkeep]
|-damage|p2a: Gholdengo|48/100|[from] Sandstorm
|-damage|p1b: Tyranitar|95/100|[from] Sandstorm
|-damage|p2b: Amoonguss|62/100|[from] Sandstorm
|upkeep
|turn|5
|
|t:|1754621768
|switch|p2a: Incineroar|Incineroar, L50, M|90/100
|-ability|p2a: Incineroar|Intimidate|boost
|-unboost|p1a: Excadrill|atk|1
|-unboost|p1b: Tyranitar|atk|1
|move|p1a: Excadrill|Earthquake|p2a: Incineroar|[spread] p2a,p2b
|-immune|p1b: Tyranitar
|-supereffective|p2a: Incineroar
|-damage|p2a: Incineroar|41/100
|-damage|p2b: Amoonguss|42/100
|move|p1b: Tyranitar|Rock Slide|p2a: Incineroar|[spread] p2a,p2b
|-supereffective|p2a: Incineroar
|-damage|p2a: Incineroar|7/100
|-damage|p2b: Amoonguss|25/100
|move|p2b: Amoonguss|Spore|p1b: Tyranitar
|-status|p1b: Tyranitar|slp|[from] move: Spore
|
|-weather|Sandstorm|[upkeep]
|-damage|p1b: Tyranitar|89/100 slp|[from] Sandstorm
|-damage|p2b: Amoonguss|20/100|[from] Sandstorm
|upkeep
|turn|6
|
|t:|1754621787
|switch|p2b: Porygon2|Porygon2, L50|100/100
|-ability|p2b: Porygon2|Download|boost
|-boost|p2b: Porygon2|spa|1
|move|p1a: Excadrill|Protect|p1a: Excadrill
|-singleturn|p1a: Excadrill|Protect
|move|p2a: Incineroar|Fake Out|p1a: Excadrill
|-activate|p1a: Excadrill|move: Protect
|cant|p1b: Tyranitar|slp
|
|-weather|Sandstorm|[upkeep]
|-damage|p1b: Tyranitar|83/100 slp|[from] Sandstorm
|-damage|p2b: Porygon2|94/100|[from] Sandstorm
|upkeep
|turn|7
|
|t:|1754621799
|move|p1a: Excadrill|Earthquake|p2a: Incineroar|[spread] p2a,p2b
|-immune|p1b: Tyranitar
|-supereffective|p2a: Incineroar
|-damage|p2a: Incineroar|0 fnt
|-damage|p2b: Porygon2|79/100
|faint|p2a: Incineroar
|cant|p1b: Tyranitar|slp
|move|p2b: Porygon2|Trick Room|p2b: Porygon2
|-fieldstart|move: Trick Room|[of] p2b: Porygon2
|
|-weather|Sandstorm|[upkeep]
|-damage|p2b: Porygon2|72/100|[from] Sandstorm
|-damage|p1b: Tyranitar|77/100 slp|[from] Sandstorm
|upkeep
|
|t:|1754621807
|switch|p2a: Amoonguss|Amoonguss, L50, M|53/100
|turn|8
|
|t:|1754621813
|move|p2a: Amoonguss|Protect|p2a: Amoonguss
|-singleturn|p2a: Amoonguss|Protect
|move|p1a: Excadrill|Protect|p1a: Excadrill
|-singleturn|p1a: Excadrill|Protect
|move|p2b: Porygon2|Ice Beam|p1b: Tyranitar
|-supereffective|p1b: Tyranitar
|-damage|p1b: Tyranitar|36/100 slp
|cant|p1b: Tyranitar|slp
|
|-weather|none
|upkeep
|turn|9
|
|t:|1754621820
|move|p2a: Amoonguss|Spore|p1a: Excadrill
|-status|p1a: Excadrill|slp|[from] move: Spore
|move|p2b: Porygon2|Ice Beam|p1b: Tyranitar
|-supereffective|p1b: Tyranitar
|-damage|p1b: Tyranitar|0 fnt
|faint|p1b: Tyranitar
|cant|p1a: Excadrill|slp
|
|upkeep
|turn|10
|l|☆mattmanectric
|player|p1|
|inactive|Battle timer is ON: inactive players will automatically lose when time's up. (requested by FanPoke2011)
|inactive|mattmanectric has 30 seconds to reconnect!
|inactive|mattmanectric has 20 seconds to reconnect!
|inactive|mattmanectric has 15 seconds to reconnect!
|inactive|mattmanectric has 10 seconds to reconnect!
|inactive|mattmanectric has 5 seconds to reconnect!
|-message|mattmanectric lost due to inactivity.
|
|win|FanPoke2011
|raw|mattmanectric's rating: 1247 → 1215(-32 for losing)
|raw|FanPoke2011's rating: 1140 → 1172(+32 for winning)
