|j|☆Junior Weltmeister
|j|☆Kalycgos
|html|Junior WeltmeisterKalycgos    
|uhtml|bestof|Game 3 of a best-of-3
|t:|1783882072
|gametype|doubles
|player|p1|Junior Weltmeister|265|1150
|player|p2|Kalycgos|102|1092
|gen|9
|tier|[Gen 9 Champions] VGC 2026 Reg M-B (Bo3)
|rated|
|rule|Species Clause: Limit one of each Pokémon
|rule|Item Clause: Limit 1 of each item
|clearpoke
|poke|p1|Floette-Eternal, L50, F|
|poke|p1|Sinistcha, L50|
|poke|p1|Incineroar, L50, M|
|poke|p1|Sneasler, L50, M|
|poke|p1|Kingambit, L50, F|
|poke|p1|Blastoise, L50, F|
|poke|p2|Garchomp, L50, F, shiny|
|poke|p2|Charizard, L50, F, shiny|
|poke|p2|Whimsicott, L50, M|
|poke|p2|Floette-Eternal, L50, F|
|poke|p2|Kingambit, L50, M|
|poke|p2|Basculegion, L50, M|
|teampreview|4
|showteam|p1|Floette-Eternal||Floettite|FlowerVeil|DazzlingGleam,DrainingKiss,CalmMind,Protect|Modest||F|||50|]Sinistcha||KasibBerry|Hospitality|MatchaGotcha,RagePowder,TrickRoom,Protect|Calm|||||50|]Incineroar||SitrusBerry|Intimidate|FlareBlitz,ThroatChop,FakeOut,PartingShot|Impish||M|||50|]Sneasler||FocusSash|PoisonTouch|CloseCombat,PoisonJab,FakeOut,Protect|Jolly||M|||50|]Kingambit||BlackGlasses|Defiant|KowtowCleave,SuckerPunch,SwordsDance,Protect|Adamant||F|||50|]Blastoise||Blastoisinite|RainDish|WaterSpout,DarkPulse,ShellSmash,Protect|Modest||F|||50|
|showteam|p2|Garchomp||LifeOrb|RoughSkin|DragonClaw,Earthquake,RockSlide,Protect|Jolly||F|||50|]Charizard||CharizarditeY|Blaze|HeatWave,SolarBeam,AncientPower,Protect|Modest||F|||50|]Whimsicott||FocusSash|Prankster|Moonblast,Tailwind,Encore,Protect|Timid||M|||50|]Floette-Eternal||Floettite|FlowerVeil|LightofRuin,Moonblast,DazzlingGleam,Protect|Timid||F|||50|]Kingambit||BlackGlasses|Defiant|KowtowCleave,SuckerPunch,LowKick,Protect|Adamant||M|||50|]Basculegion||MysticWater|Adaptability|LastRespects,WaveCrash,AquaJet,Protect|Adamant||M|||50|
|l|☆Junior Weltmeister
|player|p1|
|inactive|Battle timer is ON: inactive players will automatically lose when time's up. (requested by Kalycgos)
|j|☆Junior Weltmeister
|inactive|Junior Weltmeister reconnected and has 85 seconds left.
|player|p1|Junior Weltmeister|265|
|inactive|Junior Weltmeister has 60 seconds left.
|
|t:|1783882153
|teamsize|p1|4
|teamsize|p2|4
|start
|switch|p1a: Sneasler|Sneasler, L50, M|100/100
|switch|p1b: Floette|Floette-Eternal, L50, F|100/100
|switch|p2a: Bard|Whimsicott, L50, M|100/100
|switch|p2b: Sage|Floette-Eternal, L50, F|100/100
|turn|1
|inactive|Junior Weltmeister has 30 seconds left.
|inactive|Junior Weltmeister has 20 seconds left.
|inactive|Junior Weltmeister has 15 seconds left.
|inactive|Junior Weltmeister has 10 seconds left.
|inactive|Junior Weltmeister has 5 seconds left.
|
|t:|1783882206
|detailschange|p1b: Floette|Floette-Mega, L50, F
|-mega|p1b: Floette|Floette|Floettite
|-ability|p1b: Floette|Fairy Aura
|move|p2b: Sage|Protect|p2b: Sage
|-singleturn|p2b: Sage|Protect
|move|p2a: Bard|Tailwind|p2a: Bard
|-sidestart|p2: Kalycgos|move: Tailwind
|move|p1a: Sneasler|Poison Jab|p2b: Sage
|-activate|p2b: Sage|move: Protect
|move|p1b: Floette|Dazzling Gleam|p2a: Bard|[spread] p2a
|-activate|p2b: Sage|move: Protect
|-damage|p2a: Bard|27/100
|
|upkeep
|turn|2
|inactive|Junior Weltmeister has 30 seconds left.
|
|t:|1783882233
|detailschange|p2b: Sage|Floette-Mega, L50, F
|-mega|p2b: Sage|Floette|Floettite
|-ability|p2b: Sage|Fairy Aura
|move|p1a: Sneasler|Protect|p1a: Sneasler
|-singleturn|p1a: Sneasler|Protect
|move|p2a: Bard|Encore|p1a: Sneasler
|-activate|p1a: Sneasler|move: Protect
|move|p2b: Sage|Light of Ruin|p1b: Floette
|-damage|p1b: Floette|6/100
|-damage|p2b: Sage|50/100g|[from] Recoil
|move|p1b: Floette|Dazzling Gleam|p2a: Bard|[spread] p2a,p2b
|-damage|p2a: Bard|0 fnt
|-damage|p2b: Sage|10/100
|faint|p2a: Bard
|
|upkeep
|
|t:|1783882244
|switch|p2a: Reaper|Basculegion, L50, M|100/100
|turn|3
|inactive|Junior Weltmeister has 30 seconds left.
|inactive|Junior Weltmeister has 20 seconds left.
|inactive|Junior Weltmeister has 15 seconds left.
|
|t:|1783882286
|switch|p1b: Incineroar|Incineroar, L50, M|100/100
|-ability|p1b: Incineroar|Intimidate|boost
|-unboost|p2a: Reaper|atk|1
|-unboost|p2b: Sage|atk|1
|move|p2b: Sage|Protect|p2b: Sage
|-singleturn|p2b: Sage|Protect
|move|p2a: Reaper|Wave Crash|p1a: Sneasler
|-enditem|p1a: Sneasler|Focus Sash
|-damage|p1a: Sneasler|1/100
|-damage|p2a: Reaper|74/100|[from] Recoil
|move|p1a: Sneasler|Close Combat|p2b: Sage
|-activate|p2b: Sage|move: Protect
|
|upkeep
|turn|4
|
|t:|1783882303
|switch|p2b: Dragoon|Garchomp, L50, F, shiny|100/100
|move|p1a: Sneasler|Protect|p1a: Sneasler
|-singleturn|p1a: Sneasler|Protect
|move|p2a: Reaper|Wave Crash|p1b: Incineroar
|-supereffective|p1b: Incineroar|1
|-damage|p1b: Incineroar|8/100
|-enditem|p1b: Incineroar|Sitrus Berry|[eat]
|-heal|p1b: Incineroar|33/100|[from] item: Sitrus Berry
|-damage|p2a: Reaper|44/100|[from] Recoil
|move|p1b: Incineroar|Throat Chop|p2a: Reaper
|-supereffective|p2a: Reaper|1
|-damage|p2a: Reaper|0 fnt
|faint|p2a: Reaper
|
|-sideend|p2: Kalycgos|move: Tailwind
|upkeep
|
|t:|1783882310
|switch|p2a: Sage|Floette-Mega, L50, F|10/100
|-ability|p2a: Sage|Fairy Aura
|turn|5
|inactive|Junior Weltmeister has 30 seconds left.
|
|t:|1783882343
|switch|p1a: Sinistcha|Sinistcha, L50|100/100
|-heal|p1b: Incineroar|58/100|[from] ability: Hospitality|[of] p1a: Sinistcha
|move|p2a: Sage|Protect|p2a: Sage
|-singleturn|p2a: Sage|Protect
|move|p2b: Dragoon|Earthquake|p1a: Sinistcha|[spread] p1a,p1b
|-activate|p2a: Sage|move: Protect
|-resisted|p1a: Sinistcha|1
|-supereffective|p1b: Incineroar|1
|-damage|p1a: Sinistcha|75/100
|-damage|p1b: Incineroar|0 fnt
|faint|p1b: Incineroar
|-damage|p2b: Dragoon|90/100|[from] item: Life Orb
|
|upkeep
|
|t:|1783882355
|switch|p1b: Sneasler|Sneasler, L50, M|1/100
|turn|6
|
|t:|1783882369
|move|p2a: Sage|Protect|p2a: Sage
|-singleturn|p2a: Sage|Protect
|move|p1b: Sneasler|Poison Jab|p2a: Sage
|-activate|p2a: Sage|move: Protect
|move|p2b: Dragoon|Rock Slide|p1a: Sinistcha|[spread] p1a,p1b
|-resisted|p1b: Sneasler|1
|-damage|p1a: Sinistcha|51/100
|-damage|p1b: Sneasler|0 fnt
|faint|p1b: Sneasler
|-damage|p2b: Dragoon|80/100|[from] item: Life Orb
|move|p1a: Sinistcha|Matcha Gotcha|p2a: Sage|[spread] p2b
|-activate|p2a: Sage|move: Protect
|-damage|p2b: Dragoon|52/100
|-heal|p1a: Sinistcha|66/100|[from] drain|[of] p2b: Dragoon
|
|upkeep
|
|t:|1783882382
|switch|p1b: Floette|Floette-Mega, L50, F|6/100
|-ability|p1b: Floette|Fairy Aura
|turn|7
|
|t:|1783882393
|move|p1b: Floette|Protect|p1b: Floette
|-singleturn|p1b: Floette|Protect
|move|p2b: Dragoon|Dragon Claw|p1a: Sinistcha
|-damage|p1a: Sinistcha|17/100
|-damage|p2b: Dragoon|43/100|[from] item: Life Orb
|move|p2a: Sage|Dazzling Gleam|p1b: Floette|[spread] p1a
|-activate|p1b: Floette|move: Protect
|-damage|p1a: Sinistcha|0 fnt
|faint|p1a: Sinistcha
|
|upkeep
|turn|8
|inactive|Kalycgos has 30 seconds left.
|
|t:|1783882424
|move|p2b: Dragoon|Rock Slide|p1b: Floette
|-damage|p1b: Floette|0 fnt
|faint|p1b: Floette
|-damage|p2b: Dragoon|33/100|[from] item: Life Orb
|
|win|Kalycgos
|raw|Junior Weltmeister's rating: 1150 → 1121(-29 for losing)
|raw|Kalycgos's rating: 1092 → 1123(+31 for winning)
