|j|☆TorbellinoChamba
|j|☆ToastedArt
|html|TorbellinoChambaToastedArt    
|uhtml|bestof|Game 3 of a best-of-3
|t:|1785637653
|gametype|doubles
|player|p1|TorbellinoChamba|roxie|1089
|player|p2|ToastedArt|iris|1115
|gen|9
|tier|[Gen 9 Champions] VGC 2026 Reg M-B (Bo3)
|rated|
|rule|Species Clause: Limit one of each Pokémon
|rule|Item Clause: Limit 1 of each item
|clearpoke
|poke|p1|Swampert, L50, M|
|poke|p1|Pelipper, L50, M, shiny|
|poke|p1|Archaludon, L50, M, shiny|
|poke|p1|Sableye, L50, M, shiny|
|poke|p1|Zoroark-Hisui, L50, M, shiny|
|poke|p1|Raichu, L50, M|
|poke|p2|Staraptor, L50, M|
|poke|p2|Gholdengo, L50|
|poke|p2|Incineroar, L50, M|
|poke|p2|Sinistcha, L50|
|poke|p2|Arcanine-Hisui, L50, F|
|poke|p2|Ninetales-Alola, L50, M|
|teampreview|4
|showteam|p1|Swampert||Swampertite|Damp|Earthquake,Protect,IcePunch,WaveCrash|Adamant||M|||50|]Pelipper||FocusSash|Drizzle|WeatherBall,Hurricane,Tailwind,WideGuard|Timid||M|||50|]Archaludon||Leftovers|Stamina|ElectroShot,AuraSphere,FlashCannon,Protect|Modest||M|||50|]Sableye||LightClay|Prankster|RainDance,Reflect,LightScreen,Quash|Bold||M|||50|]Zoroark-Hisui||ChoiceScarf|Illusion|BitterMalice,HyperVoice,IcyWind,Trick|Timid||M|||50|]Raichu||RaichuniteY|LightningRod|ZapCannon,GrassKnot,Protect,FakeOut|Timid||M|||50|
|showteam|p2|Staraptor||Staraptite|Intimidate|CloseCombat,DualWingbeat,Tailwind,Protect|Jolly||M|||50|]Gholdengo||LifeOrb|GoodasGold|MakeItRain,ShadowBall,NastyPlot,Protect|Modest|||||50|]Incineroar||SitrusBerry|Intimidate|PartingShot,FlareBlitz,ThroatChop,FakeOut|Careful||M|||50|]Sinistcha||ColburBerry|Hospitality|MatchaGotcha,RagePowder,TrickRoom,Protect|Relaxed|||||50|]Arcanine-Hisui||FocusSash|RockHead|FlareBlitz,HeadSmash,ExtremeSpeed,Protect|Jolly||F|||50|]Ninetales-Alola||NeverMeltIce|SnowWarning|Blizzard,FreezeDry,Encore,Protect|Timid||M|||50|
|inactive|Battle timer is ON: inactive players will automatically lose when time's up. (requested by TorbellinoChamba)
|inactive|ToastedArt also wants the timer to be on.
|
|t:|1785637669
|teamsize|p1|4
|teamsize|p2|4
|start
|switch|p1a: Raichu|Raichu, L50, M|100/100
|switch|p1b: Archaludon|Archaludon, L50, M, shiny|100/100
|switch|p2a: Staraptor|Staraptor, L50, M|100/100
|switch|p2b: Incineroar|Incineroar, L50, M|100/100
|-ability|p2a: Staraptor|Intimidate|boost
|-unboost|p1a: Raichu|atk|1
|-unboost|p1b: Archaludon|atk|1
|-ability|p2b: Incineroar|Intimidate|boost
|-unboost|p1a: Raichu|atk|1
|-unboost|p1b: Archaludon|atk|1
|turn|1
|inactive|ToastedArt has 30 seconds left.
|
|t:|1785637695
|detailschange|p2a: Staraptor|Staraptor-Mega, L50, M
|-mega|p2a: Staraptor|Staraptor|Staraptite
|move|p2a: Staraptor|Protect|p2a: Staraptor
|-singleturn|p2a: Staraptor|Protect
|move|p1a: Raichu|Fake Out|p2a: Staraptor
|-activate|p2a: Staraptor|move: Protect
|move|p1b: Archaludon|Trick|p2b: Incineroar
|-activate|p1b: Archaludon|move: Trick|[of] p2b: Incineroar
|-item|p2b: Incineroar|Choice Scarf|[from] move: Trick
|-item|p1b: Archaludon|Sitrus Berry|[from] move: Trick
|move|p2b: Incineroar|Parting Shot|p1a: Raichu
|-unboost|p1a: Raichu|atk|1
|-unboost|p1a: Raichu|spa|1
|
|t:|1785637706
|switch|p2b: Sinistcha|Sinistcha, L50|100/100|[from] Parting Shot
|
|upkeep
|turn|2
|
|t:|1785637717
|switch|p1a: Pelipper|Pelipper, L50, M, shiny|100/100
|-weather|RainDance|[from] ability: Drizzle|[of] p1a: Pelipper
|move|p2b: Sinistcha|Rage Powder|p2b: Sinistcha
|-singleturn|p2b: Sinistcha|move: Rage Powder
|move|p1b: Archaludon|Bitter Malice|p2b: Sinistcha
|-supereffective|p2b: Sinistcha|1
|-damage|p2b: Sinistcha|24/100
|-unboost|p2b: Sinistcha|atk|1
|move|p2a: Staraptor|Close Combat|p1a: Pelipper
|-resisted|p1a: Pelipper|1
|-damage|p1a: Pelipper|60/100
|-boost|p2a: Staraptor|def|1
|-boost|p2a: Staraptor|spd|1
|
|-weather|RainDance|[upkeep]
|upkeep
|turn|3
|
|t:|1785637735
|switch|p2b: Incineroar|Incineroar, L50, M|100/100
|-ability|p2b: Incineroar|Intimidate|boost
|-unboost|p1a: Pelipper|atk|1
|-unboost|p1b: Archaludon|atk|1
|move|p1b: Archaludon|Bitter Malice|p2b: Incineroar
|-resisted|p2b: Incineroar|1
|-damage|p2b: Incineroar|85/100
|-unboost|p2b: Incineroar|atk|1
|move|p2a: Staraptor|Dual Wingbeat|p1a: Pelipper
|-damage|p1a: Pelipper|34/100
|-damage|p1a: Pelipper|7/100
|-hitcount|p1a: Pelipper|2
|move|p1a: Pelipper|Tailwind|p1a: Pelipper
|-sidestart|p1: TorbellinoChamba|move: Tailwind
|
|-weather|RainDance|[upkeep]
|upkeep
|turn|4
|
|t:|1785637749
|move|p2b: Incineroar|Fake Out|p1a: Pelipper
|-damage|p1a: Pelipper|0 fnt
|faint|p1a: Pelipper
|move|p1b: Archaludon|Hyper Voice|p2b: Incineroar|[spread] p2a,p2b
|-damage|p2a: Staraptor|77/100
|-damage|p2b: Incineroar|55/100
|move|p2a: Staraptor|Tailwind|p2a: Staraptor
|-sidestart|p2: ToastedArt|move: Tailwind
|
|-weather|RainDance|[upkeep]
|upkeep
|
|t:|1785637752
|switch|p1a: Raichu|Raichu, L50, M|100/100
|turn|5
|
|t:|1785637763
|switch|p2b: Sinistcha|Sinistcha, L50|24/100
|-heal|p2a: Staraptor|100/100|[from] ability: Hospitality|[of] p2b: Sinistcha
|detailschange|p1a: Raichu|Raichu-Mega-Y, L50, M
|-mega|p1a: Raichu|Raichu|Raichunite Y
|move|p2a: Staraptor|Protect|p2a: Staraptor
|-singleturn|p2a: Staraptor|Protect
|move|p1a: Raichu|Zap Cannon|p2a: Staraptor
|-activate|p2a: Staraptor|move: Protect
|move|p1b: Archaludon|Bitter Malice|p2b: Sinistcha
|-supereffective|p2b: Sinistcha|1
|-damage|p2b: Sinistcha|0 fnt
|faint|p2b: Sinistcha
|
|-weather|RainDance|[upkeep]
|upkeep
|
|t:|1785637771
|switch|p2b: Incineroar|Incineroar, L50, M|55/100
|-ability|p2b: Incineroar|Intimidate|boost
|-unboost|p1a: Raichu|atk|1
|-unboost|p1b: Archaludon|atk|1
|turn|6
|
|t:|1785637790
|move|p1a: Raichu|Protect|p1a: Raichu
|-singleturn|p1a: Raichu|Protect
|move|p2b: Incineroar|Fake Out|p1a: Raichu
|-activate|p1a: Raichu|move: Protect
|move|p2a: Staraptor|Dual Wingbeat|p1b: Archaludon
|-damage|p1b: Archaludon|58/100
|replace|p1b: Zoroark|Zoroark-Hisui, L50, M, shiny
|-end|p1b: Zoroark|Illusion
|-damage|p1b: Zoroark|18/100
|-enditem|p1b: Zoroark|Sitrus Berry|[eat]
|-heal|p1b: Zoroark|43/100|[from] item: Sitrus Berry
|-hitcount|p1b: Zoroark|2
|move|p1b: Zoroark|Hyper Voice|p2a: Staraptor|[spread] p2a,p2b
|-damage|p2a: Staraptor|75/100
|-damage|p2b: Incineroar|26/100
|
|-weather|none
|-sideend|p1: TorbellinoChamba|move: Tailwind
|upkeep
|turn|7
|
|t:|1785637818
|switch|p2b: Ninetales|Ninetales-Alola, L50, M|100/100
|-weather|Snowscape|[from] ability: Snow Warning|[of] p2b: Ninetales
|switch|p1a: Archaludon|Archaludon, L50, M, shiny|100/100
|move|p2a: Staraptor|Close Combat|p1a: Archaludon
|-supereffective|p1a: Archaludon|1
|-damage|p1a: Archaludon|7/100
|-boost|p2a: Staraptor|def|1
|-boost|p2a: Staraptor|spd|1
|-ability|p1a: Archaludon|Stamina|boost
|-boost|p1a: Archaludon|def|1
|move|p1b: Zoroark|Hyper Voice|p2b: Ninetales|[spread] p2a,p2b
|-damage|p2a: Staraptor|58/100
|-damage|p2b: Ninetales|64/100
|
|-weather|Snowscape|[upkeep]
|-heal|p1a: Archaludon|13/100|[from] item: Leftovers
|-sideend|p2: ToastedArt|move: Tailwind
|upkeep
|turn|8
|inactive|TorbellinoChamba has 30 seconds left.
|
|t:|1785637843
|move|p1b: Zoroark|Hyper Voice|p2b: Ninetales|[spread] p2a,p2b
|-damage|p2a: Staraptor|40/100
|-damage|p2b: Ninetales|27/100
|move|p2a: Staraptor|Close Combat|p1a: Archaludon
|-supereffective|p1a: Archaludon|1
|-damage|p1a: Archaludon|0 fnt
|-boost|p2a: Staraptor|def|1
|-boost|p2a: Staraptor|spd|1
|faint|p1a: Archaludon
|move|p2b: Ninetales|Blizzard|p1b: Zoroark
|-damage|p1b: Zoroark|0 fnt
|faint|p1b: Zoroark
|
|-weather|Snowscape|[upkeep]
|upkeep
|
|t:|1785637849
|switch|p1a: Raichu|Raichu-Mega-Y, L50, M|100/100
|turn|9
|
|t:|1785637872
|move|p2a: Staraptor|Protect|p2a: Staraptor
|-singleturn|p2a: Staraptor|Protect
|move|p1a: Raichu|Zap Cannon|p2a: Staraptor
|-activate|p2a: Staraptor|move: Protect
|move|p2b: Ninetales|Encore|p1a: Raichu
|-start|p1a: Raichu|Encore
|
|-weather|Snowscape|[upkeep]
|upkeep
|turn|10
|
|t:|1785637883
|move|p1a: Raichu|Zap Cannon|p2a: Staraptor
|-supereffective|p2a: Staraptor|1
|-damage|p2a: Staraptor|0 fnt
|faint|p2a: Staraptor
|move|p2b: Ninetales|Blizzard|p1a: Raichu
|-damage|p1a: Raichu|32/100
|
|-weather|Snowscape|[upkeep]
|upkeep
|
|t:|1785637886
|switch|p2a: Incineroar|Incineroar, L50, M|26/100
|-ability|p2a: Incineroar|Intimidate|boost
|-unboost|p1a: Raichu|atk|1
|turn|11
|
|t:|1785637889
|move|p2a: Incineroar|Fake Out|p1a: Raichu
|-damage|p1a: Raichu|10/100
|cant|p1a: Raichu|flinch
|move|p2b: Ninetales|Blizzard|p1a: Raichu
|-damage|p1a: Raichu|0 fnt
|faint|p1a: Raichu
|
|win|ToastedArt
|raw|TorbellinoChamba's rating: 1089 → 1067(-22 for losing)
|raw|ToastedArt's rating: 1115 → 1138(+23 for winning)
