|j|☆indigo dye
|j|☆nontelo
|html|indigo dyenontelo    
|uhtml|bestof|Game 3 of a best-of-3
|t:|1754932438
|gametype|doubles
|player|p1|indigo dye|lady|1285
|player|p2|nontelo|cress|1399
|gen|9
|tier|[Gen 9] VGC 2025 Reg H (Bo3)
|rated|
|rule|Species Clause: Limit one of each Pokémon
|rule|Item Clause: Limit 1 of each item
|clearpoke
|poke|p1|Gholdengo, L50|
|poke|p1|Sneasler, L50, M|
|poke|p1|Rillaboom, L50, M|
|poke|p1|Dragonite, L50, M|
|poke|p1|Ninetales-Alola, L50, M|
|poke|p1|Arcanine-Hisui, L50, M|
|poke|p2|Ursaluna, L50, F|
|poke|p2|Delphox, L50, F|
|poke|p2|Gallade, L50, M|
|poke|p2|Lilligant-Hisui, L50, F|
|poke|p2|Indeedee-F, L50, F|
|poke|p2|Torkoal, L50, M|
|teampreview|4
|showteam|p1|Gholdengo||GrassySeed|GoodasGold|NastyPlot,MakeItRain,ShadowBall,Protect||||||50|,,,,,Water]Sneasler||WhiteHerb|Unburden|CloseCombat,DireClaw,Coaching,Protect|||M|||50|,,,,,Ghost]Rillaboom||AssaultVest|GrassySurge|FakeOut,GrassyGlide,DrumBeating,HighHorsepower|||M|||50|,,,,,Fire]Dragonite||LoadedDice|Multiscale|ScaleShot,StompingTantrum,Tailwind,Protect|||M|||50|,,,,,Ground]Ninetales-Alola||FocusSash|SnowWarning|Blizzard,IcyWind,Encore,AuroraVeil|||M|||50|,,,,,Ghost]Arcanine-Hisui||ClearAmulet|Intimidate|RockSlide,FlareBlitz,ExtremeSpeed,Protect|||M|||50|,,,,,Water
|showteam|p2|Ursaluna||FlameOrb|Guts|Earthquake,HeadlongRush,Facade,Protect|||F|||50|,,,,,Ghost]Delphox||LifeOrb|Blaze|HeatWave,ExpandingForce,TeraBlast,Protect|||F|||50|,,,,,Fighting]Gallade||ClearAmulet|Sharpness|PsychoCut,TrickRoom,SacredSword,WideGuard|||M|||50|,,,,,Steel]Lilligant-Hisui||FocusSash|Chlorophyll|LeafBlade,SleepPowder,CloseCombat,AfterYou|||F|||50|,,,,,Ghost]Indeedee-F||PsychicSeed|PsychicSurge|Psychic,TrickRoom,FollowMe,HelpingHand|||F|||50|,,,,,Grass]Torkoal||Charcoal|Drought|Eruption,ClearSmog,WeatherBall,Protect|||M|||50|,,,,,Fire
|inactive|Battle timer is ON: inactive players will automatically lose when time's up. (requested by nontelo)
|inactive|nontelo has 60 seconds left.
|l|☆indigo dye
|inactive|indigo dye disconnected and has a minute to reconnect!
|player|p1|
|j|☆indigo dye
|inactive|indigo dye reconnected.
|player|p1|indigo dye|lady|
|
|t:|1754932479
|teamsize|p1|4
|teamsize|p2|4
|start
|switch|p1a: Sneasler|Sneasler, L50, M|100/100
|switch|p1b: Dragonite|Dragonite, L50, M|100/100
|switch|p2a: Delphox|Delphox, L50, F|100/100
|switch|p2b: Indeedee|Indeedee-F, L50, F|100/100
|-fieldstart|move: Psychic Terrain|[from] ability: Psychic Surge|[of] p2b: Indeedee
|-enditem|p2b: Indeedee|Psychic Seed
|-boost|p2b: Indeedee|spd|1|[from] item: Psychic Seed
|turn|1
|
|t:|1754932500
|switch|p1a: Rillaboom|Rillaboom, L50, M|100/100
|-fieldstart|move: Grassy Terrain|[from] ability: Grassy Surge|[of] p1a: Rillaboom
|move|p2a: Delphox|Expanding Force|p1b: Dragonite
|-damage|p1b: Dragonite|72/100
|-damage|p2a: Delphox|90/100|[from] item: Life Orb
|move|p1b: Dragonite|Scale Shot|p2a: Delphox
|-damage|p2a: Delphox|66/100
|-damage|p2a: Delphox|43/100
|-damage|p2a: Delphox|20/100
|-damage|p2a: Delphox|0 fnt
|faint|p2a: Delphox
|-hitcount|p2: Delphox|4
|-unboost|p1b: Dragonite|def|1
|-boost|p1b: Dragonite|spe|1
|move|p2b: Indeedee|Trick Room|p2b: Indeedee
|-fieldstart|move: Trick Room|[of] p2b: Indeedee
|
|upkeep
|
|t:|1754932504
|switch|p2a: Torkoal|Torkoal, L50, M|100/100
|-weather|SunnyDay|[from] ability: Drought|[of] p2a: Torkoal
|turn|2
|
|t:|1754932517
|switch|p2b: Lilligant|Lilligant-Hisui, L50, F, shiny|100/100
|-terastallize|p2a: Torkoal|Fire
|move|p1a: Rillaboom|Fake Out|p2a: Torkoal
|-damage|p2a: Torkoal|90/100
|cant|p2a: Torkoal|flinch
|move|p1b: Dragonite|Scale Shot|p2b: Lilligant|[miss]
|-miss|p1b: Dragonite|p2b: Lilligant
|
|-weather|SunnyDay|[upkeep]
|-heal|p2a: Torkoal|97/100|[from] Grassy Terrain
|upkeep
|turn|3
|inactive|nontelo has 30 seconds left.
|
|t:|1754932546
|-terastallize|p1a: Rillaboom|Fire
|move|p2a: Torkoal|Eruption|p1a: Rillaboom|[spread] p1a,p1b
|-resisted|p1a: Rillaboom
|-resisted|p1b: Dragonite
|-damage|p1a: Rillaboom|53/100
|-damage|p1b: Dragonite|8/100
|move|p1a: Rillaboom|High Horsepower|p2a: Torkoal
|-supereffective|p2a: Torkoal
|-damage|p2a: Torkoal|54/100
|move|p1b: Dragonite|Scale Shot|p2b: Lilligant
|-damage|p2b: Lilligant|78/100
|-damage|p2b: Lilligant|54/100
|-damage|p2b: Lilligant|29/100
|-damage|p2b: Lilligant|8/100
|-crit|p2b: Lilligant
|-damage|p2b: Lilligant|0 fnt
|faint|p2b: Lilligant
|-hitcount|p2: Lilligant|5
|-unboost|p1b: Dragonite|def|1
|-boost|p1b: Dragonite|spe|1
|
|-weather|SunnyDay|[upkeep]
|-heal|p2a: Torkoal|61/100|[from] Grassy Terrain
|-heal|p1a: Rillaboom|59/100|[from] Grassy Terrain
|upkeep
|
|t:|1754932551
|switch|p2b: Indeedee|Indeedee-F, L50, F|100/100
|-fieldstart|move: Psychic Terrain|[from] ability: Psychic Surge|[of] p2b: Indeedee
|turn|4
|
|t:|1754932561
|switch|p1a: Sneasler|Sneasler, L50, M|100/100
|move|p2b: Indeedee|Helping Hand|p2a: Torkoal
|-singleturn|p2a: Torkoal|Helping Hand|[of] p2b: Indeedee
|move|p1b: Dragonite|Protect|p1b: Dragonite
|-singleturn|p1b: Dragonite|Protect
|move|p2a: Torkoal|Eruption|p1a: Sneasler|[spread] p1a
|-activate|p1b: Dragonite|move: Protect
|-damage|p1a: Sneasler|0 fnt
|faint|p1a: Sneasler
|
|-weather|SunnyDay|[upkeep]
|upkeep
|
|t:|1754932563
|switch|p1a: Rillaboom|Rillaboom, L50, M, tera:Fire|59/100
|-fieldstart|move: Grassy Terrain|[from] ability: Grassy Surge|[of] p1a: Rillaboom
|turn|5
|
|t:|1754932574
|switch|p1b: Gholdengo|Gholdengo, L50|100/100
|-enditem|p1b: Gholdengo|Grassy Seed
|-boost|p1b: Gholdengo|def|1|[from] item: Grassy Seed
|move|p1a: Rillaboom|Fake Out|p2a: Torkoal
|-damage|p2a: Torkoal|50/100
|cant|p2a: Torkoal|flinch
|move|p2b: Indeedee|Psychic|p1b: Gholdengo
|-resisted|p1b: Gholdengo
|-damage|p1b: Gholdengo|87/100
|
|-weather|SunnyDay|[upkeep]
|-heal|p2a: Torkoal|57/100|[from] Grassy Terrain
|-heal|p1b: Gholdengo|93/100|[from] Grassy Terrain
|-heal|p1a: Rillaboom|65/100|[from] Grassy Terrain
|-fieldend|move: Trick Room
|upkeep
|turn|6
|
|t:|1754932592
|move|p2a: Torkoal|Protect|p2a: Torkoal
|-singleturn|p2a: Torkoal|Protect
|move|p1a: Rillaboom|Drum Beating|p2b: Indeedee
|-damage|p2b: Indeedee|53/100
|-unboost|p2b: Indeedee|spe|1
|move|p1b: Gholdengo|Make It Rain|p2b: Indeedee|[spread] p2b
|-activate|p2a: Torkoal|move: Protect
|-damage|p2b: Indeedee|10/100
|-unboost|p1b: Gholdengo|spa|1
|move|p2b: Indeedee|Trick Room|p2b: Indeedee
|-fieldstart|move: Trick Room|[of] p2b: Indeedee
|
|-weather|none
|-heal|p2a: Torkoal|63/100|[from] Grassy Terrain
|-heal|p2b: Indeedee|16/100|[from] Grassy Terrain
|-heal|p1b: Gholdengo|99/100|[from] Grassy Terrain
|-heal|p1a: Rillaboom|70/100|[from] Grassy Terrain
|upkeep
|turn|7
|
|t:|1754932604
|move|p2b: Indeedee|Helping Hand|p2a: Torkoal
|-singleturn|p2a: Torkoal|Helping Hand|[of] p2b: Indeedee
|move|p1b: Gholdengo|Protect|p1b: Gholdengo
|-singleturn|p1b: Gholdengo|Protect
|move|p1a: Rillaboom|Grassy Glide|p2b: Indeedee
|-damage|p2b: Indeedee|0 fnt
|faint|p2b: Indeedee
|move|p2a: Torkoal|Eruption|p1b: Gholdengo|[spread] p1a
|-activate|p1b: Gholdengo|move: Protect
|-resisted|p1a: Rillaboom
|-damage|p1a: Rillaboom|40/100
|
|-heal|p2a: Torkoal|69/100|[from] Grassy Terrain
|-heal|p1b: Gholdengo|100/100|[from] Grassy Terrain
|-heal|p1a: Rillaboom|46/100|[from] Grassy Terrain
|upkeep
|turn|8
|
|t:|1754932611
|move|p2a: Torkoal|Eruption|p1a: Rillaboom|[spread] p1a,p1b
|-resisted|p1a: Rillaboom
|-supereffective|p1b: Gholdengo
|-damage|p1a: Rillaboom|22/100
|-damage|p1b: Gholdengo|0 fnt
|faint|p1b: Gholdengo
|move|p1a: Rillaboom|High Horsepower|p2a: Torkoal
|-supereffective|p2a: Torkoal
|-damage|p2a: Torkoal|23/100
|
|-heal|p2a: Torkoal|29/100|[from] Grassy Terrain
|-heal|p1a: Rillaboom|27/100|[from] Grassy Terrain
|upkeep
|
|t:|1754932614
|switch|p1b: Dragonite|Dragonite, L50, M|8/100
|turn|9
|
|t:|1754932622
|move|p2a: Torkoal|Eruption|p1a: Rillaboom|[spread] p1a,p1b
|-resisted|p1a: Rillaboom
|-resisted|p1b: Dragonite
|-damage|p1a: Rillaboom|19/100
|-damage|p1b: Dragonite|0 fnt
|faint|p1b: Dragonite
|move|p1a: Rillaboom|High Horsepower|p2a: Torkoal
|-supereffective|p2a: Torkoal
|-damage|p2a: Torkoal|0 fnt
|faint|p2a: Torkoal
|
|win|indigo dye
|raw|indigo dye's rating: 1285 → 1318(+33 for winning)
|raw|nontelo's rating: 1399 → 1373(-26 for losing)
|c|☆nontelo|ggwp
|l|☆nontelo
|player|p2|
|c|☆indigo dye|gg
