|j|☆selmir suljkanovic
|j|☆282839393m
|html|selmir suljkanovic282839393m    
|uhtml|bestof|Game 1 of a best-of-3
|t:|1783959676
|gametype|doubles
|player|p1|selmir suljkanovic|ballguy|1192
|player|p2|282839393m|266|1113
|gen|9
|tier|[Gen 9 Champions] VGC 2026 Reg M-B (Bo3)
|rated|
|rule|Species Clause: Limit one of each Pokémon
|rule|Item Clause: Limit 1 of each item
|clearpoke
|poke|p1|Sinistcha-Masterpiece, L50|
|poke|p1|Kingambit, L50, F|
|poke|p1|Sneasler, L50, M|
|poke|p1|Blastoise, L50, M|
|poke|p1|Delphox, L50, M|
|poke|p1|Incineroar, L50, F|
|poke|p2|Gengar, L50, F|
|poke|p2|Basculegion, L50, M|
|poke|p2|Incineroar, L50, M|
|poke|p2|Politoed, L50, M|
|poke|p2|Archaludon, L50, M|
|poke|p2|Vivillon-Pokeball, L50, M|
|teampreview|4
|showteam|p1|Sinistcha-Masterpiece||OccaBerry|Hospitality|MatchaGotcha,RagePowder,TrickRoom,Protect|Bold|||||50|]Kingambit||LifeOrb|Defiant|KowtowCleave,SuckerPunch,SwordsDance,Protect|Adamant||F|||50|]Sneasler||FocusSash|PoisonTouch|FakeOut,CloseCombat,DireClaw,QuickGuard|Jolly||M|||50|]Blastoise||Blastoisinite|RainDish|WaterSpout,DarkPulse,ShellSmash,Protect|Modest||M|||50|]Delphox||Delphoxite|Blaze|HeatWave,Psyshock,NastyPlot,Protect|Timid||M|||50|]Incineroar||SitrusBerry|Intimidate|PartingShot,FlareBlitz,ThroatChop,FakeOut|Careful||F|||50|
|showteam|p2|Gengar||Gengarite|CursedBody|Protect,ShadowBall,Disable,PerishSong|Calm||F|||50|]Basculegion||LifeOrb|SwiftSwim|WaveCrash,LastRespects,FlipTurn,Protect|Adamant||M|||50|]Incineroar||PasshoBerry|Intimidate|FakeOut,PartingShot,Protect,ThroatChop|Impish||M|||50|]Politoed||SitrusBerry|Drizzle|PerishSong,Protect,Encore,WeatherBall|Calm||M|||50|]Archaludon||Magnet|Sturdy|ElectroShot,Protect,FlashCannon,DragonPulse|Timid||M|||50|]Vivillon-Pokeball||FocusSash|CompoundEyes|SleepPowder,Tailwind,Protect,PollenPuff|Jolly||M|||50|
|inactive|Battle timer is ON: inactive players will automatically lose when time's up. (requested by selmir suljkanovic)
|inactive|282839393m has 60 seconds left.
|
|t:|1783959736
|teamsize|p1|4
|teamsize|p2|4
|start
|switch|p1a: Blastoise|Blastoise, L50, M|100/100
|switch|p1b: Incineroar|Incineroar, L50, F|100/100
|switch|p2a: Gengar|Gengar, L50, F|100/100
|switch|p2b: Vivillon|Vivillon-Pokeball, L50, M|100/100
|-ability|p1b: Incineroar|Intimidate|boost
|-unboost|p2a: Gengar|atk|1
|-unboost|p2b: Vivillon|atk|1
|turn|1
|
|t:|1783959757
|switch|p2b: Basculegion|Basculegion, L50, M|100/100
|detailschange|p2a: Gengar|Gengar-Mega, L50, F
|-mega|p2a: Gengar|Gengar|Gengarite
|detailschange|p1a: Blastoise|Blastoise-Mega, L50, M
|-mega|p1a: Blastoise|Blastoise|Blastoisinite
|move|p1b: Incineroar|Fake Out|p2b: Basculegion
|-immune|p2b: Basculegion
|move|p2a: Gengar|Perish Song|p2a: Gengar
|-start|p1a: Blastoise|perish3|[silent]
|-start|p1b: Incineroar|perish3|[silent]
|-start|p2a: Gengar|perish3|[silent]
|-start|p2b: Basculegion|perish3|[silent]
|-fieldactivate|move: Perish Song
|move|p1a: Blastoise|Shell Smash|p1a: Blastoise
|-unboost|p1a: Blastoise|def|1
|-unboost|p1a: Blastoise|spd|1
|-boost|p1a: Blastoise|atk|2
|-boost|p1a: Blastoise|spa|2
|-boost|p1a: Blastoise|spe|2
|
|-start|p1a: Blastoise|perish3
|-start|p2a: Gengar|perish3
|-start|p2b: Basculegion|perish3
|-start|p1b: Incineroar|perish3
|upkeep
|turn|2
|
|t:|1783959774
|move|p2a: Gengar|Protect|p2a: Gengar
|-singleturn|p2a: Gengar|Protect
|move|p2b: Basculegion|Protect|p2b: Basculegion
|-singleturn|p2b: Basculegion|Protect
|move|p1a: Blastoise|Dark Pulse|p2b: Basculegion
|-activate|p2b: Basculegion|move: Protect
|move|p1b: Incineroar|Throat Chop|p2a: Gengar
|-activate|p2a: Gengar|move: Protect
|
|-start|p1a: Blastoise|perish2
|-start|p2a: Gengar|perish2
|-start|p2b: Basculegion|perish2
|-start|p1b: Incineroar|perish2
|upkeep
|turn|3
|
|t:|1783959794
|switch|p2a: Politoed|Politoed, L50, M|100/100
|-weather|RainDance|[from] ability: Drizzle|[of] p2a: Politoed
|move|p1a: Blastoise|Water Spout|p2a: Politoed|[spread] p2a,p2b
|-resisted|p2a: Politoed|1
|-resisted|p2b: Basculegion|1
|-damage|p2a: Politoed|21/100
|-damage|p2b: Basculegion|0 fnt
|-enditem|p2a: Politoed|Sitrus Berry|[eat]
|-heal|p2a: Politoed|46/100|[from] item: Sitrus Berry
|faint|p2b: Basculegion
|move|p1b: Incineroar|Throat Chop|p2a: Politoed
|-damage|p2a: Politoed|14/100
|-start|p2a: Politoed|Throat Chop|[silent]
|
|-weather|RainDance|[upkeep]
|-start|p1a: Blastoise|perish1
|-start|p1b: Incineroar|perish1
|upkeep
|
|t:|1783959805
|switch|p2b: Gengar|Gengar-Mega, L50, F|100/100
|turn|4
|c|☆282839393m|Setup mons go crazy
|
|t:|1783959828
|move|p2b: Gengar|Protect|p2b: Gengar
|-singleturn|p2b: Gengar|Protect
|move|p2a: Politoed|Protect|p2a: Politoed
|-singleturn|p2a: Politoed|Protect
|move|p1a: Blastoise|Water Spout|p2a: Politoed|[spread] 
|-activate|p2a: Politoed|move: Protect
|-activate|p2b: Gengar|move: Protect
|move|p1b: Incineroar|Parting Shot|p1a: Blastoise
|-unboost|p1a: Blastoise|atk|1
|-unboost|p1a: Blastoise|spa|1
|
|t:|1783959839
|switch|p1b: Kingambit|Kingambit, L50, F|100/100|[from] Parting Shot
|
|-weather|RainDance|[upkeep]
|-end|p2a: Politoed|Throat Chop|[silent]
|-start|p1a: Blastoise|perish0
|faint|p1a: Blastoise
|upkeep
|
|t:|1783959848
|switch|p1a: Incineroar|Incineroar, L50, F|100/100
|-ability|p1a: Incineroar|Intimidate|boost
|-unboost|p2a: Politoed|atk|1
|-unboost|p2b: Gengar|atk|1
|turn|5
|
|t:|1783959870
|switch|p2a: Vivillon|Vivillon-Pokeball, L50, M|100/100
|move|p2b: Gengar|Perish Song|p2b: Gengar
|-start|p1a: Incineroar|perish3|[silent]
|-start|p1b: Kingambit|perish3|[silent]
|-start|p2a: Vivillon|perish3|[silent]
|-start|p2b: Gengar|perish3|[silent]
|-fieldactivate|move: Perish Song
|move|p1a: Incineroar|Throat Chop|p2b: Gengar
|-supereffective|p2b: Gengar|1
|-damage|p2b: Gengar|28/100
|-start|p2b: Gengar|Throat Chop|[silent]
|move|p1b: Kingambit|Kowtow Cleave|p2b: Gengar
|-supereffective|p2b: Gengar|1
|-damage|p2b: Gengar|0 fnt
|faint|p2b: Gengar
|-damage|p1b: Kingambit|90/100|[from] item: Life Orb
|
|-weather|RainDance|[upkeep]
|-start|p2a: Vivillon|perish3
|-start|p1a: Incineroar|perish3
|-start|p1b: Kingambit|perish3
|upkeep
|
|t:|1783959877
|switch|p2b: Politoed|Politoed, L50, M|14/100
|turn|6
|inactive|selmir suljkanovic has 30 seconds left.
|
|t:|1783959908
|move|p1b: Kingambit|Protect|p1b: Kingambit
|-singleturn|p1b: Kingambit|Protect
|move|p2a: Vivillon|Sleep Powder|p1b: Kingambit
|-activate|p1b: Kingambit|move: Protect
|move|p1a: Incineroar|Parting Shot|p2a: Vivillon
|-unboost|p2a: Vivillon|atk|1
|-unboost|p2a: Vivillon|spa|1
|
|t:|1783959915
|switch|p1a: Sinistcha|Sinistcha-Masterpiece, L50|100/100|[from] Parting Shot
|-heal|p1b: Kingambit|100/100|[from] ability: Hospitality|[of] p1a: Sinistcha
|move|p2b: Politoed|Weather Ball|p1a: Sinistcha
|-resisted|p1a: Sinistcha|1
|-damage|p1a: Sinistcha|74/100
|
|-weather|RainDance|[upkeep]
|-start|p2a: Vivillon|perish2
|-start|p1b: Kingambit|perish2
|upkeep
|turn|7
|-message|282839393m forfeited.
|
|win|selmir suljkanovic
|l|☆282839393m
|player|p2|
||282839393m is ready for game 2.
||selmir suljkanovic is ready for game 2.
|uhtml|next|Next: Game 2 of 3
