|j|☆JohnDandy
|j|☆AliexVGC
|html|JohnDandyAliexVGC    
|uhtml|bestof|Game 1 of a best-of-3
|t:|1782253215
|gametype|doubles
|player|p1|JohnDandy|veteran|1040
|player|p2|AliexVGC|hilbert-wonderlauncher|1000
|gen|9
|tier|[Gen 9 Champions] VGC 2026 Reg M-B (Bo3)
|rated|
|rule|Species Clause: Limit one of each Pokémon
|rule|Item Clause: Limit 1 of each item
|clearpoke
|poke|p1|Basculegion, L50, M|
|poke|p1|Golurk, L50|
|poke|p1|Gardevoir, L50, F, shiny|
|poke|p1|Zoroark-Hisui, L50, F|
|poke|p1|Goodra-Hisui, L50, F, shiny|
|poke|p1|Maushold-Four, L50|
|poke|p2|Charizard, L50, M|
|poke|p2|Aerodactyl, L50, M|
|poke|p2|Garchomp, L50, F|
|poke|p2|Sylveon, L50, F|
|poke|p2|Farigiraf, L50, M|
|poke|p2|Kingambit, L50, F|
|teampreview|4
|showteam|p1|Basculegion||Leftovers|Adaptability|AquaJet,PhantomForce,WaveCrash,IceFang|Adamant||M|||50|]Golurk||ColburBerry|IronFist|StealthRock,Earthquake,IcePunch,ShadowPunch|Adamant|||||50|]Gardevoir||Gardevoirite|Synchronize|Protect,ShadowBall,HyperVoice,CalmMind|Timid||F|||50|]Zoroark-Hisui||Metronome|Illusion|HyperVoice,Protect,ShadowBall,Flamethrower|Timid||F|||50|]Goodra-Hisui||ChopleBerry|SapSipper|DragonPulse,Surf,Thunderbolt,SludgeBomb|Modest||F|||50|]Maushold-Four||WideLens|FriendGuard|PopulationBomb,FollowMe,HelpingHand,Bite|Jolly|||||50|
|showteam|p2|Charizard||CharizarditeY|Blaze|Protect,HeatWave,WeatherBall,SolarBeam|Modest||M|||50|]Aerodactyl||Aerodactylite|RockHead|RockSlide,DualWingbeat,Tailwind,IceFang|Jolly||M|||50|]Garchomp||LifeOrb|RoughSkin|Earthquake,StompingTantrum,DragonClaw,Protect|Adamant||F|||50|]Sylveon||FairyFeather|Pixilate|HyperVoice,QuickAttack,HyperBeam,Detect|Modest||F|||50|]Farigiraf||SitrusBerry|ArmorTail|TwinBeam,Thunderbolt,Roar,TrickRoom|Quiet||M|||50|]Kingambit||FocusSash|Defiant|KowtowCleave,IronHead,SuckerPunch,LowKick|Docile||F|||50|
|inactive|Battle timer is ON: inactive players will automatically lose when time's up. (requested by AliexVGC)
|inactive|AliexVGC has 60 seconds left.
|inactive|AliexVGC has 30 seconds left.
|inactive|AliexVGC has 20 seconds left.
|inactive|AliexVGC has 15 seconds left.
|inactive|AliexVGC has 10 seconds left.
|
|t:|1782253298
|teamsize|p1|4
|teamsize|p2|4
|start
|switch|p1a: Tatsumaki|Gardevoir, L50, F, shiny|100/100
|switch|p1b: PapuFamilia|Maushold-Four, L50|100/100
|switch|p2a: Farigiraf|Farigiraf, L50, M|100/100
|switch|p2b: Charizard|Charizard, L50, M|100/100
|turn|1
|
|t:|1782253316
|detailschange|p2b: Charizard|Charizard-Mega-Y, L50, M
|-mega|p2b: Charizard|Charizard|Charizardite Y
|-weather|SunnyDay|[from] ability: Drought|[of] p2b: Charizard
|move|p1b: PapuFamilia|Population Bomb|p2b: Charizard
|-damage|p2b: Charizard|91/100
|-damage|p2b: Charizard|82/100
|-damage|p2b: Charizard|74/100
|-damage|p2b: Charizard|65/100
|-damage|p2b: Charizard|57/100
|-damage|p2b: Charizard|48/100
|-damage|p2b: Charizard|40/100
|-damage|p2b: Charizard|32/100
|-damage|p2b: Charizard|24/100
|-damage|p2b: Charizard|15/100
|-hitcount|p2b: Charizard|10
|move|p1a: Tatsumaki|Hyper Voice|p2a: Farigiraf|[spread] p2a,p2b
|-damage|p2a: Farigiraf|66/100
|-damage|p2b: Charizard|0 fnt
|faint|p2b: Charizard
|move|p2a: Farigiraf|Roar|p1a: Tatsumaki
|drag|p1a: Tatsumaki|Gardevoir, L50, F, shiny|100/100
|
|-weather|SunnyDay|[upkeep]
|upkeep
|
|t:|1782253324
|switch|p2b: Kingambit|Kingambit, L50, F|100/100
|turn|2
|inactive|JohnDandy has 30 seconds left.
|inactive|AliexVGC has 30 seconds left.
|inactive|AliexVGC has 20 seconds left.
|
|t:|1782253361
|detailschange|p1a: Tatsumaki|Gardevoir-Mega, L50, F, shiny
|-mega|p1a: Tatsumaki|Gardevoir|Gardevoirite
|move|p1b: PapuFamilia|Bite|p2a: Farigiraf
|-supereffective|p2a: Farigiraf|1
|-damage|p2a: Farigiraf|37/100
|-enditem|p2a: Farigiraf|Sitrus Berry|[eat]
|-heal|p2a: Farigiraf|62/100|[from] item: Sitrus Berry
|move|p1a: Tatsumaki|Hyper Voice|p2a: Farigiraf|[spread] p2a,p2b
|-damage|p2a: Farigiraf|15/100
|-damage|p2b: Kingambit|41/100
|move|p2b: Kingambit|Iron Head|p1a: Tatsumaki
|-supereffective|p1a: Tatsumaki|1
|-damage|p1a: Tatsumaki|0 fnt
|faint|p1a: Tatsumaki
|move|p2a: Farigiraf|Thunderbolt|p1b: PapuFamilia
|-damage|p1b: PapuFamilia|57/100
|
|-weather|SunnyDay|[upkeep]
|upkeep
|
|t:|1782253377
|switch|p1a: Jarpa|Basculegion, L50, M|100/100
|turn|3
|
|t:|1782253392
|switch|p2b: Sylveon|Sylveon, L50, F|100/100
|move|p1a: Jarpa|Aqua Jet||[still]
|cant|p2a: Farigiraf|ability: Armor Tail|Aqua Jet|[of] p1a: Jarpa
|move|p1b: PapuFamilia|Population Bomb|p2a: Farigiraf
|-damage|p2a: Farigiraf|8/100
|-damage|p2a: Farigiraf|0 fnt
|faint|p2a: Farigiraf
|-hitcount|p2: Farigiraf|2
|
|-weather|SunnyDay|[upkeep]
|upkeep
|
|t:|1782253399
|switch|p2a: Kingambit|Kingambit, L50, F|41/100
|turn|4
|
|t:|1782253419
|move|p1b: PapuFamilia|Population Bomb|p2b: Sylveon
|-damage|p2b: Sylveon|91/100
|-damage|p2b: Sylveon|83/100
|-damage|p2b: Sylveon|75/100
|-damage|p2b: Sylveon|66/100
|-damage|p2b: Sylveon|57/100
|-damage|p2b: Sylveon|49/100
|-damage|p2b: Sylveon|40/100
|-damage|p2b: Sylveon|31/100
|-damage|p2b: Sylveon|22/100
|-damage|p2b: Sylveon|14/100
|-hitcount|p2b: Sylveon|10
|move|p1a: Jarpa|Wave Crash|p2b: Sylveon
|-damage|p2b: Sylveon|0 fnt
|faint|p2b: Sylveon
|-damage|p1a: Jarpa|95/100|[from] Recoil
|move|p2a: Kingambit|Kowtow Cleave|p1a: Jarpa
|-supereffective|p1a: Jarpa|1
|-damage|p1a: Jarpa|13/100
|
|-weather|SunnyDay|[upkeep]
|-heal|p1a: Jarpa|20/100r|[from] item: Leftovers
|upkeep
|turn|5
|inactive|JohnDandy has 30 seconds left.
|
|t:|1782253448
|move|p1b: PapuFamilia|Follow Me|p1b: PapuFamilia
|-singleturn|p1b: PapuFamilia|move: Follow Me
|move|p2a: Kingambit|Sucker Punch||[still]
|-fail|p2a: Kingambit
|move|p1a: Jarpa|Wave Crash|p2a: Kingambit
|-damage|p2a: Kingambit|5/100
|-damage|p1a: Jarpa|9/100|[from] Recoil
|
|-weather|none
|-heal|p1a: Jarpa|15/100|[from] item: Leftovers
|upkeep
|turn|6
|
|t:|1782253464
|move|p1b: PapuFamilia|Follow Me|p1b: PapuFamilia
|-singleturn|p1b: PapuFamilia|move: Follow Me
|move|p1a: Jarpa|Aqua Jet|p2a: Kingambit
|-damage|p2a: Kingambit|0 fnt
|faint|p2a: Kingambit
|
|win|JohnDandy
||AliexVGC is ready for game 2.
|c|☆JohnDandy|gg
|inactive|JohnDandy has 30 seconds to confirm battle start!
|inactive|JohnDandy has 20 seconds to confirm battle start!
||JohnDandy is ready for game 2.
|uhtml|next|Next: Game 2 of 3
|l|☆JohnDandy
|player|p1|
