|j|☆TeyVgc
|j|☆Bucketeering
|html|TeyVgcBucketeering    
|uhtml|bestof|Game 2 of a best-of-3
|t:|1784060257
|gametype|doubles
|player|p1|TeyVgc|rood|1203
|player|p2|Bucketeering|gentleman-gen4|1249
|gen|9
|tier|[Gen 9 Champions] VGC 2026 Reg M-B (Bo3)
|rated|
|rule|Species Clause: Limit one of each Pokémon
|rule|Item Clause: Limit 1 of each item
|clearpoke
|poke|p1|Raichu, L50, F|
|poke|p1|Sinistcha, L50|
|poke|p1|Ceruledge, L50, M|
|poke|p1|Milotic, L50, F|
|poke|p1|Incineroar, L50, M|
|poke|p1|Floette-Eternal, L50, F|
|poke|p2|Weavile, L50, M|
|poke|p2|Glimmora, L50, M|
|poke|p2|Staraptor, L50, M, shiny|
|poke|p2|Whimsicott, L50, F|
|poke|p2|Basculegion, L50, M|
|poke|p2|Incineroar, L50, M|
|teampreview|4
|showteam|p1|Raichu||RaichuniteY|LightningRod|ZapCannon,FocusBlast,FakeOut,Protect|Timid||F|||50|]Sinistcha||KasibBerry|Hospitality|MatchaGotcha,Protect,RagePowder,TrickRoom|Relaxed|||||50|]Ceruledge||ColburBerry|FlashFire|BitterBlade,ShadowSneak,BulkUp,Protect|Adamant||M|||50|]Milotic||Leftovers|Competitive|MuddyWater,Coil,Hypnosis,Recover|Calm||F|||50|]Incineroar||SitrusBerry|Intimidate|FlareBlitz,ThroatChop,FakeOut,PartingShot|Impish||M|||50|]Floette-Eternal||Floettite|FlowerVeil|CalmMind,Protect,Moonblast,DazzlingGleam|Modest||F|||50|
|showteam|p2|Weavile||FocusSash|Pickpocket|TripleAxel,KnockOff,IceShard,FakeOut|Jolly||M|||50|]Glimmora||Glimmoranite|ToxicDebris|PowerGem,SludgeBomb,EarthPower,SpikyShield|Timid||M|||50|]Staraptor||Staraptite|Intimidate|CloseCombat,BraveBird,Protect,Roost|Jolly||M|||50|]Whimsicott||MentalHerb|Prankster|Tailwind,Encore,Moonblast,Charm|Bold||F|||50|]Basculegion||ChoiceScarf|Adaptability|WaveCrash,LastRespects,AquaJet,FlipTurn|Jolly||M|||50|]Incineroar||PasshoBerry|Intimidate|ThroatChop,FlareBlitz,FakeOut,PartingShot|Adamant||M|||50|
|
|t:|1784060284
|teamsize|p1|4
|teamsize|p2|4
|start
|switch|p1a: Raichu|Raichu, L50, F|100/100
|switch|p1b: Milotic|Milotic, L50, F|100/100
|switch|p2a: Weavile|Weavile, L50, M|100/100
|switch|p2b: Basculegion|Basculegion, L50, M|100/100
|turn|1
|inactive|Battle timer is ON: inactive players will automatically lose when time's up. (requested by Bucketeering)
|
|t:|1784060359
|switch|p1a: Incineroar|Incineroar, L50, M|100/100
|-ability|p1a: Incineroar|Intimidate|boost
|-unboost|p2a: Weavile|atk|1
|-unboost|p2b: Basculegion|atk|1
|move|p2a: Weavile|Fake Out|p1a: Incineroar
|-damage|p1a: Incineroar|93/100
|move|p2b: Basculegion|Wave Crash|p1a: Incineroar
|-supereffective|p1a: Incineroar|1
|-damage|p1a: Incineroar|21/100
|-enditem|p1a: Incineroar|Sitrus Berry|[eat]
|-heal|p1a: Incineroar|46/100|[from] item: Sitrus Berry
|-damage|p2b: Basculegion|75/100|[from] Recoil
|move|p1b: Milotic|Coil|p1b: Milotic
|-boost|p1b: Milotic|atk|1
|-boost|p1b: Milotic|def|1
|-boost|p1b: Milotic|accuracy|1
|
|upkeep
|turn|2
|
|t:|1784060381
|move|p2b: Basculegion|Wave Crash|p1a: Incineroar
|-supereffective|p1a: Incineroar|1
|-damage|p1a: Incineroar|0 fnt
|faint|p1a: Incineroar
|-damage|p2b: Basculegion|59/100|[from] Recoil
|move|p2a: Weavile|Knock Off|p1b: Milotic
|-damage|p1b: Milotic|83/100
|-enditem|p1b: Milotic|Leftovers|[from] move: Knock Off|[of] p2a: Weavile
|move|p1b: Milotic|Coil|p1b: Milotic
|-boost|p1b: Milotic|atk|1
|-boost|p1b: Milotic|def|1
|-boost|p1b: Milotic|accuracy|1
|
|upkeep
|
|t:|1784060392
|switch|p1a: Raichu|Raichu, L50, F|100/100
|turn|3
|
|t:|1784060408
|switch|p2a: Whimsicott|Whimsicott, L50, F|100/100
|detailschange|p1a: Raichu|Raichu-Mega-Y, L50, F
|-mega|p1a: Raichu|Raichu|Raichunite Y
|move|p2b: Basculegion|Wave Crash|p1a: Raichu
|-damage|p1a: Raichu|28/100
|-damage|p2b: Basculegion|39/100|[from] Recoil
|move|p1a: Raichu|Zap Cannon|p2b: Basculegion
|-supereffective|p2b: Basculegion|1
|-damage|p2b: Basculegion|0 fnt
|faint|p2b: Basculegion
|move|p1b: Milotic|Hypnosis|p2a: Whimsicott
|-status|p2a: Whimsicott|slp|[from] move: Hypnosis
|
|upkeep
|
|t:|1784060423
|switch|p2b: Weavile|Weavile, L50, M|100/100
|turn|4
|inactive|TeyVgc has 30 seconds left.
|inactive|Bucketeering has 30 seconds left.
|inactive|TeyVgc has 20 seconds left.
|inactive|Bucketeering has 20 seconds left.
|inactive|TeyVgc has 15 seconds left.
|
|t:|1784060464
|move|p2b: Weavile|Fake Out|p1a: Raichu
|-damage|p1a: Raichu|9/100
|cant|p2a: Whimsicott|slp
|cant|p1a: Raichu|flinch
|move|p1b: Milotic|Muddy Water|p2b: Weavile|[spread] p2a,p2b
|-resisted|p2a: Whimsicott|1
|-damage|p2a: Whimsicott|85/100 slp
|-damage|p2b: Weavile|69/100
|
|upkeep
|turn|5
|inactive|Bucketeering has 30 seconds left.
|
|t:|1784060490
|move|p2b: Weavile|Ice Shard|p1a: Raichu
|-damage|p1a: Raichu|0 fnt
|faint|p1a: Raichu
|cant|p2a: Whimsicott|slp
|move|p1b: Milotic|Muddy Water|p2a: Whimsicott|[spread] p2a,p2b
|-resisted|p2a: Whimsicott|1
|-damage|p2a: Whimsicott|71/100 slp
|-damage|p2b: Weavile|38/100
|-unboost|p2a: Whimsicott|accuracy|1
|
|upkeep
|
|t:|1784060501
|switch|p1a: Sinistcha|Sinistcha, L50|100/100
|-heal|p1b: Milotic|100/100|[from] ability: Hospitality|[of] p1a: Sinistcha
|turn|6
|inactive|Bucketeering has 30 seconds left.
|inactive|Bucketeering has 20 seconds left.
|
|t:|1784060537
|-curestatus|p2a: Whimsicott|slp|[msg]
|move|p2a: Whimsicott|Encore|p1b: Milotic
|-start|p1b: Milotic|Encore
|move|p2b: Weavile|Triple Axel|p1a: Sinistcha
|-supereffective|p1a: Sinistcha|1
|-damage|p1a: Sinistcha|82/100
|-supereffective|p1a: Sinistcha|1
|-damage|p1a: Sinistcha|44/100
|-supereffective|p1a: Sinistcha|1
|-damage|p1a: Sinistcha|0 fnt
|faint|p1a: Sinistcha
|-hitcount|p1: Sinistcha|3
|move|p1b: Milotic|Muddy Water|p2a: Whimsicott|[spread] p2a,p2b
|-resisted|p2a: Whimsicott|1
|-damage|p2a: Whimsicott|55/100
|-damage|p2b: Weavile|3/100
|
|upkeep
|turn|7
|
|t:|1784060554
|move|p2b: Weavile|Knock Off|p1b: Milotic
|-damage|p1b: Milotic|85/100
|move|p2a: Whimsicott|Moonblast|p1b: Milotic|[miss]
|-miss|p2a: Whimsicott|p1b: Milotic
|move|p1b: Milotic|Muddy Water|p2b: Weavile|[spread] p2a,p2b
|-resisted|p2a: Whimsicott|1
|-damage|p2a: Whimsicott|38/100
|-damage|p2b: Weavile|0 fnt
|-unboost|p2a: Whimsicott|accuracy|1
|faint|p2b: Weavile
|
|upkeep
|
|t:|1784060556
|switch|p2b: Staraptor|Staraptor, L50, M, shiny|100/100
|-ability|p2b: Staraptor|Intimidate|boost
|-unboost|p1b: Milotic|atk|1
|-ability|p1b: Milotic|Competitive|boost
|-boost|p1b: Milotic|spa|2
|turn|8
|
|t:|1784060569
|detailschange|p2b: Staraptor|Staraptor-Mega, L50, M, shiny
|-mega|p2b: Staraptor|Staraptor|Staraptite
|move|p2a: Whimsicott|Charm|p2b: Staraptor|[miss]
|-miss|p2a: Whimsicott|p2b: Staraptor
|move|p2b: Staraptor|Close Combat|p1b: Milotic
|-damage|p1b: Milotic|56/100
|-boost|p2b: Staraptor|def|1
|-boost|p2b: Staraptor|spd|1
|move|p1b: Milotic|Muddy Water|p2b: Staraptor|[spread] p2a,p2b
|-resisted|p2a: Whimsicott|1
|-damage|p2a: Whimsicott|5/100
|-damage|p2b: Staraptor|64/100
|
|-end|p1b: Milotic|Encore
|upkeep
|turn|9
|
|t:|1784060588
|move|p2a: Whimsicott|Charm|p2b: Staraptor
|-boost|p2b: Staraptor|atk|2
|move|p2b: Staraptor|Close Combat|p1b: Milotic
|-damage|p1b: Milotic|0 fnt
|-boost|p2b: Staraptor|def|1
|-boost|p2b: Staraptor|spd|1
|faint|p1b: Milotic
|
|win|Bucketeering
