|j|☆anino23
|j|☆Doomnik
|html|anino23Doomnik    
|uhtml|bestof|Game 1 of a best-of-3
|t:|1756318924
|gametype|doubles
|player|p1|anino23|101|1032
|player|p2|Doomnik|hiker-gen4|1084
|gen|9
|tier|[Gen 9] VGC 2025 Reg H (Bo3)
|rated|
|rule|Species Clause: Limit one of each Pokémon
|rule|Item Clause: Limit 1 of each item
|clearpoke
|poke|p1|Jolteon, L50, M|
|poke|p1|Dragonite, L50, M|
|poke|p1|Porygon2, L50|
|poke|p1|Ursaluna, L50, F|
|poke|p1|Incineroar, L50, F|
|poke|p1|Gholdengo, L50|
|poke|p2|Ninetales-Alola, L50, F|
|poke|p2|Ursaluna-Bloodmoon, L50, M|
|poke|p2|Maushold-Four, L50|
|poke|p2|Annihilape, L50, F|
|poke|p2|Klefki, L50, M|
|poke|p2|Sinistcha-Masterpiece, L50|
|teampreview|4
|showteam|p1|Jolteon||LifeOrb|VoltAbsorb|Electroweb,Detect,Thunderbolt,VoltSwitch|||M|||50|,,,,,Electric]Dragonite||LoadedDice|Multiscale|ScaleShot,ExtremeSpeed,Protect,Tailwind|||M|||50|,,,,,Normal]Porygon2||Eviolite|Download|TrickRoom,IceBeam,Recover,TeraBlast||||||50|,,,,,Fairy]Ursaluna||FlameOrb|Guts|Facade,HeadlongRush,Earthquake,Protect|||F|||50|,,,,,Ghost]Incineroar||SafetyGoggles|Intimidate|FakeOut,PartingShot,FlareBlitz,KnockOff|||F|||50|,,,,,Grass]Gholdengo||ChoiceSpecs|GoodasGold|MakeItRain,ShadowBall,Trick,DazzlingGleam||||||50|,,,,,Steel
|showteam|p2|Ninetales-Alola||FocusSash|SnowWarning|Blizzard,FreezeDry,Encore,Protect|||F|||50|,,,,,Ghost]Ursaluna-Bloodmoon||AssaultVest|MindsEye|BloodMoon,EarthPower,HyperVoice,VacuumWave|||M|||50|,,,,,Water]Maushold-Four||SafetyGoggles|FriendGuard|BeatUp,Taunt,FollowMe,Protect||||||50|,,,,,Ghost]Annihilape||Leftovers|Defiant|DrainPunch,RageFist,BulkUp,Protect|||F|||50|,,,,,Fire]Klefki||LightClay|Prankster|DazzlingGleam,Reflect,LightScreen,MistyTerrain|||M|||50|,,,,,Ghost]Sinistcha-Masterpiece||SitrusBerry|Hospitality|MatchaGotcha,RagePowder,LifeDew,TrickRoom||||||50|,,,,,Water
|inactive|Battle timer is ON: inactive players will automatically lose when time's up. (requested by Doomnik)
|inactive|anino23 has 60 seconds left.
|
|t:|1756318997
|teamsize|p1|4
|teamsize|p2|4
|start
|switch|p1a: Gholdengo|Gholdengo, L50|100/100
|switch|p1b: Jolteon|Jolteon, L50, M|100/100
|switch|p2a: Maushold|Maushold-Four, L50|100/100
|switch|p2b: Annihilape|Annihilape, L50, F|100/100
|turn|1
|inactive|anino23 has 30 seconds left.
|inactive|anino23 has 20 seconds left.
|inactive|anino23 has 15 seconds left.
|
|t:|1756319040
|-terastallize|p1a: Gholdengo|Steel
|move|p2a: Maushold|Protect|p2a: Maushold
|-singleturn|p2a: Maushold|Protect
|move|p2b: Annihilape|Protect|p2b: Annihilape
|-singleturn|p2b: Annihilape|Protect
|move|p1b: Jolteon|Thunderbolt|p2b: Annihilape
|-activate|p2b: Annihilape|move: Protect
|move|p1a: Gholdengo|Dazzling Gleam|p2a: Maushold|[spread] 
|-activate|p2a: Maushold|move: Protect
|-activate|p2b: Annihilape|move: Protect
|
|upkeep
|turn|2
|inactive|anino23 has 30 seconds left.
|inactive|Doomnik has 30 seconds left.
|inactive|anino23 has 20 seconds left.
|inactive|Doomnik has 20 seconds left.
|inactive|anino23 has 15 seconds left.
|inactive|Doomnik has 15 seconds left.
|
|t:|1756319081
|-terastallize|p2b: Annihilape|Fire
|move|p1b: Jolteon|Volt Switch|p2b: Annihilape
|-damage|p2b: Annihilape|71/100
|-damage|p1b: Jolteon|90/100|[from] item: Life Orb
|
|t:|1756319090
|switch|p1b: Dragonite|Dragonite, L50, M|100/100|[from] Volt Switch
|move|p2a: Maushold|Beat Up|p2b: Annihilape
|-damage|p2b: Annihilape|69/100
|-crit|p2b: Annihilape
|-damage|p2b: Annihilape|66/100
|-damage|p2b: Annihilape|64/100
|-crit|p2b: Annihilape
|-damage|p2b: Annihilape|61/100
|-hitcount|p2b: Annihilape|4
|move|p2b: Annihilape|Rage Fist|p1a: Gholdengo
|-damage|p1a: Gholdengo|0 fnt
|faint|p1a: Gholdengo
|
|-heal|p2b: Annihilape|67/100|[from] item: Leftovers
|upkeep
|
|t:|1756319105
|switch|p1a: Jolteon|Jolteon, L50, M|90/100
|turn|3
|inactive|anino23 has 30 seconds left.
|inactive|anino23 has 20 seconds left.
|inactive|anino23 has 15 seconds left.
|inactive|Doomnik has 30 seconds left.
|inactive|anino23 has 10 seconds left.
|
|t:|1756319153
|move|p2a: Maushold|Follow Me|p2a: Maushold
|-singleturn|p2a: Maushold|move: Follow Me
|move|p1b: Dragonite|Extreme Speed|p2a: Maushold
|-damage|p2a: Maushold|63/100
|move|p1a: Jolteon|Thunderbolt|p2a: Maushold
|-damage|p2a: Maushold|0 fnt
|faint|p2a: Maushold
|-damage|p1a: Jolteon|80/100|[from] item: Life Orb
|move|p2b: Annihilape|Rage Fist|p1a: Jolteon
|-damage|p1a: Jolteon|0 fnt
|faint|p1a: Jolteon
|
|-heal|p2b: Annihilape|73/100|[from] item: Leftovers
|upkeep
|
|t:|1756319168
|switch|p1a: Ursaluna|Ursaluna, L50, F|100/100
|switch|p2a: Klefki|Klefki, L50, M|100/100
|turn|4
|
|t:|1756319191
|move|p2b: Annihilape|Protect|p2b: Annihilape
|-singleturn|p2b: Annihilape|Protect
|move|p1a: Ursaluna|Protect|p1a: Ursaluna
|-singleturn|p1a: Ursaluna|Protect
|move|p2a: Klefki|Misty Terrain|p2a: Klefki
|-fieldstart|move: Misty Terrain
|move|p1b: Dragonite|Tailwind|p1b: Dragonite
|-sidestart|p1: anino23|move: Tailwind
|
|-heal|p2b: Annihilape|79/100|[from] item: Leftovers
|upkeep
|turn|5
|inactive|anino23 has 30 seconds left.
|inactive|Doomnik has 30 seconds left.
|inactive|anino23 has 20 seconds left.
|inactive|Doomnik has 20 seconds left.
|inactive|anino23 has 15 seconds left.
|
|t:|1756319232
|switch|p2b: Sinistcha|Sinistcha-Masterpiece, L50|100/100
|move|p1b: Dragonite|Extreme Speed|p2a: Klefki
|-resisted|p2a: Klefki
|-damage|p2a: Klefki|86/100
|move|p2a: Klefki|Reflect|p2a: Klefki
|-sidestart|p2: Doomnik|Reflect
|move|p1a: Ursaluna|Headlong Rush|p2b: Sinistcha
|-resisted|p2b: Sinistcha
|-damage|p2b: Sinistcha|81/100
|-unboost|p1a: Ursaluna|def|1
|-unboost|p1a: Ursaluna|spd|1
|
|upkeep
|turn|6
|inactive|anino23 has 30 seconds left.
|
|t:|1756319258
|move|p1b: Dragonite|Scale Shot|p2b: Sinistcha
|-damage|p2b: Sinistcha|76/100
|-damage|p2b: Sinistcha|72/100
|-damage|p2b: Sinistcha|67/100
|-damage|p2b: Sinistcha|63/100
|-hitcount|p2b: Sinistcha|4
|-unboost|p1b: Dragonite|def|1
|-boost|p1b: Dragonite|spe|1
|move|p1a: Ursaluna|Headlong Rush|p2a: Klefki
|-supereffective|p2a: Klefki
|-damage|p2a: Klefki|0 fnt
|-unboost|p1a: Ursaluna|def|1
|-unboost|p1a: Ursaluna|spd|1
|faint|p2a: Klefki
|move|p2b: Sinistcha|Matcha Gotcha|p1b: Dragonite|[spread] p1a,p1b
|-supereffective|p1a: Ursaluna
|-resisted|p1b: Dragonite
|-damage|p1a: Ursaluna|1/100
|-heal|p2b: Sinistcha|100/100|[from] drain|[of] p1a: Ursaluna
|-damage|p1b: Dragonite|97/100
|
|upkeep
|
|t:|1756319263
|switch|p2a: Annihilape|Annihilape, L50, F, tera:Fire|79/100
|turn|7
|inactive|anino23 has 30 seconds left.
|inactive|Doomnik has 30 seconds left.
|inactive|Doomnik has 20 seconds left.
|inactive|Doomnik has 15 seconds left.
|
|t:|1756319305
|move|p1a: Ursaluna|Protect|p1a: Ursaluna
|-singleturn|p1a: Ursaluna|Protect
|move|p2b: Sinistcha|Rage Powder|p2b: Sinistcha
|-singleturn|p2b: Sinistcha|move: Rage Powder
|move|p1b: Dragonite|Scale Shot|p2b: Sinistcha
|-damage|p2b: Sinistcha|96/100
|-damage|p2b: Sinistcha|92/100
|-damage|p2b: Sinistcha|88/100
|-damage|p2b: Sinistcha|83/100
|-damage|p2b: Sinistcha|79/100
|-hitcount|p2b: Sinistcha|5
|-unboost|p1b: Dragonite|def|1
|-boost|p1b: Dragonite|spe|1
|move|p2a: Annihilape|Rage Fist|p1b: Dragonite
|-damage|p1b: Dragonite|0 fnt
|faint|p1b: Dragonite
|
|-heal|p2a: Annihilape|86/100|[from] item: Leftovers
|-sideend|p1: anino23|move: Tailwind
|upkeep
|turn|8
|-message|anino23 forfeited.
|
|win|Doomnik
|l|☆anino23
|player|p1|
||Doomnik is ready for game 2.
||anino23 is ready for game 2.
|uhtml|next|Next: Game 2 of 3
