|j|☆MrRaffa
|j|☆Cyog
|html|MrRaffaCyog    
|uhtml|bestof|Game 2 of a best-of-3
|t:|1757719160
|gametype|doubles
|player|p1|MrRaffa|n|1280
|player|p2|Cyog|101|1340
|gen|9
|tier|[Gen 9] VGC 2025 Reg H (Bo3)
|rated|
|rule|Species Clause: Limit one of each Pokémon
|rule|Item Clause: Limit 1 of each item
|clearpoke
|poke|p1|Gholdengo, L50|
|poke|p1|Sneasler, L50, M|
|poke|p1|Rillaboom, L50, M|
|poke|p1|Dragonite, L50, F|
|poke|p1|Ninetales-Alola, L50, F|
|poke|p1|Arcanine-Hisui, L50, M|
|poke|p2|Archaludon, L50, M|
|poke|p2|Dragonite, L50, M|
|poke|p2|Pelipper, L50, F|
|poke|p2|Ursaluna, L50, F|
|poke|p2|Sinistcha, L50|
|poke|p2|Gholdengo, L50|
|teampreview|4
|showteam|p1|Gholdengo||GrassySeed|GoodasGold|NastyPlot,MakeItRain,ShadowBall,Protect||||||50|,,,,,Water]Sneasler||WhiteHerb|Unburden|CloseCombat,DireClaw,Coaching,Protect|||M|||50|,,,,,Ghost]Rillaboom||AssaultVest|GrassySurge|FakeOut,GrassyGlide,DrumBeating,HighHorsepower|||M|||50|,,,,,Fire]Dragonite||LoadedDice|Multiscale|ScaleShot,StompingTantrum,Tailwind,Protect|||F|||50|,,,,,Ground]Ninetales-Alola||FocusSash|SnowWarning|Blizzard,IcyWind,Encore,AuroraVeil|||F|||50|,,,,,Ghost]Arcanine-Hisui||ClearAmulet|Intimidate|RockSlide,FlareBlitz,ExtremeSpeed,Protect|||M|||50|,,,,,Water
|showteam|p2|Archaludon||AssaultVest|Stamina|FlashCannon,BodyPress,ElectroShot,Snarl|||M|||50|,,,,,Fighting]Dragonite||LoadedDice|Multiscale|ScaleShot,Tailwind,Haze,Protect|||M|||50|,,,,,Fairy]Pelipper||FocusSash|Drizzle|MuddyWater,Hurricane,Tailwind,Protect|||F|||50|,,,,,Ghost]Ursaluna||FlameOrb|Guts|Facade,HeadlongRush,Earthquake,Protect|||F|||50|,,,,,Ghost]Sinistcha||SitrusBerry|Hospitality|MatchaGotcha,LifeDew,RagePowder,TrickRoom||||||50|,,,,,Dark]Gholdengo||ChoiceScarf|GoodasGold|MakeItRain,ShadowBall,PowerGem,Trick||||||50|,,,,,Flying
|inactive|Battle timer is ON: inactive players will automatically lose when time's up. (requested by MrRaffa)
|
|t:|1757719173
|teamsize|p1|4
|teamsize|p2|4
|start
|switch|p1a: Gholdengo|Gholdengo, L50|100/100
|switch|p1b: Rillaboom|Rillaboom, L50, M|100/100
|switch|p2a: Dragonite|Dragonite, L50, M|100/100
|switch|p2b: Archaludon|Archaludon, L50, M|100/100
|-fieldstart|move: Grassy Terrain|[from] ability: Grassy Surge|[of] p1b: Rillaboom
|-enditem|p1a: Gholdengo|Grassy Seed
|-boost|p1a: Gholdengo|def|1|[from] item: Grassy Seed
|turn|1
|
|t:|1757719190
|move|p2a: Dragonite|Protect|p2a: Dragonite
|-singleturn|p2a: Dragonite|Protect
|move|p1b: Rillaboom|Fake Out|p2b: Archaludon
|-resisted|p2b: Archaludon
|-damage|p2b: Archaludon|96/100
|-ability|p2b: Archaludon|Stamina|boost
|-boost|p2b: Archaludon|def|1
|move|p1a: Gholdengo|Nasty Plot|p1a: Gholdengo
|-boost|p1a: Gholdengo|spa|2
|cant|p2b: Archaludon|flinch
|
|-heal|p2b: Archaludon|100/100|[from] Grassy Terrain
|upkeep
|turn|2
|inactive|Cyog has 30 seconds left.
|inactive|MrRaffa has 30 seconds left.
|inactive|Cyog has 20 seconds left.
|inactive|Cyog has 15 seconds left.
|inactive|Cyog has 10 seconds left.
|inactive|Cyog has 5 seconds left.
|
|t:|1757719243
|move|p1b: Rillaboom|Grassy Glide|p2a: Dragonite
|-resisted|p2a: Dragonite
|-damage|p2a: Dragonite|96/100
|move|p1a: Gholdengo|Make It Rain|p2b: Archaludon|[spread] p2a,p2b
|-resisted|p2b: Archaludon
|-damage|p2a: Dragonite|4/100
|-damage|p2b: Archaludon|68/100
|-unboost|p1a: Gholdengo|spa|1
|-ability|p2b: Archaludon|Stamina|boost
|-boost|p2b: Archaludon|def|1
|move|p2a: Dragonite|Haze|p2a: Dragonite
|-clearallboost
|move|p2b: Archaludon|Snarl|p1b: Rillaboom|[spread] p1a,p1b
|-supereffective|p1a: Gholdengo
|-damage|p1a: Gholdengo|75/100
|-damage|p1b: Rillaboom|92/100
|-unboost|p1a: Gholdengo|spa|1
|-unboost|p1b: Rillaboom|spa|1
|
|-heal|p1b: Rillaboom|97/100|[from] Grassy Terrain
|-heal|p1a: Gholdengo|82/100|[from] Grassy Terrain
|-heal|p2b: Archaludon|74/100|[from] Grassy Terrain
|upkeep
|turn|3
|inactive|MrRaffa has 30 seconds left.
|inactive|Cyog has 30 seconds left.
|inactive|MrRaffa has 20 seconds left.
|inactive|Cyog has 20 seconds left.
|inactive|MrRaffa has 15 seconds left.
|inactive|Cyog has 15 seconds left.
|inactive|Cyog has 10 seconds left.
|
|t:|1757719292
|switch|p2a: Pelipper|Pelipper, L50, F|100/100
|-weather|RainDance|[from] ability: Drizzle|[of] p2a: Pelipper
|move|p1b: Rillaboom|High Horsepower|p2b: Archaludon
|-supereffective|p2b: Archaludon
|-damage|p2b: Archaludon|34/100
|-ability|p2b: Archaludon|Stamina|boost
|-boost|p2b: Archaludon|def|1
|move|p1a: Gholdengo|Nasty Plot|p1a: Gholdengo
|-boost|p1a: Gholdengo|spa|2
|move|p2b: Archaludon|Electro Shot||[still]
|-prepare|p2b: Archaludon|Electro Shot
|-boost|p2b: Archaludon|spa|1
|-anim|p2b: Archaludon|Electro Shot|p1a: Gholdengo
|-damage|p1a: Gholdengo|31/100
|
|-weather|RainDance|[upkeep]
|-heal|p1b: Rillaboom|100/100|[from] Grassy Terrain
|-heal|p1a: Gholdengo|37/100|[from] Grassy Terrain
|-heal|p2b: Archaludon|40/100|[from] Grassy Terrain
|upkeep
|turn|4
|inactive|Cyog has 30 seconds left.
|inactive|Cyog has 20 seconds left.
|
|t:|1757719328
|switch|p2a: Sinistcha|Sinistcha, L50|100/100
|-heal|p2b: Archaludon|65/100|[from] ability: Hospitality|[of] p2a: Sinistcha
|move|p1b: Rillaboom|Drum Beating|p2a: Sinistcha
|-resisted|p2a: Sinistcha
|-damage|p2a: Sinistcha|80/100
|-unboost|p2a: Sinistcha|spe|1
|move|p1a: Gholdengo|Make It Rain|p2b: Archaludon|[spread] p2a,p2b
|-resisted|p2b: Archaludon
|-damage|p2a: Sinistcha|20/100
|-damage|p2b: Archaludon|41/100
|-unboost|p1a: Gholdengo|spa|1
|-ability|p2b: Archaludon|Stamina|boost
|-boost|p2b: Archaludon|def|1
|-enditem|p2a: Sinistcha|Sitrus Berry|[eat]
|-heal|p2a: Sinistcha|44/100|[from] item: Sitrus Berry
|move|p2b: Archaludon|Snarl|p1b: Rillaboom|[spread] p1a,p1b
|-supereffective|p1a: Gholdengo
|-damage|p1a: Gholdengo|4/100
|-damage|p1b: Rillaboom|85/100
|-unboost|p1a: Gholdengo|spa|1
|-unboost|p1b: Rillaboom|spa|1
|
|-weather|RainDance|[upkeep]
|-heal|p1b: Rillaboom|91/100|[from] Grassy Terrain
|-heal|p1a: Gholdengo|10/100|[from] Grassy Terrain
|-heal|p2b: Archaludon|47/100|[from] Grassy Terrain
|-heal|p2a: Sinistcha|50/100|[from] Grassy Terrain
|upkeep
|turn|5
|inactive|Cyog has 30 seconds left.
|inactive|MrRaffa has 30 seconds left.
|inactive|Cyog has 20 seconds left.
|inactive|Cyog has 15 seconds left.
|inactive|Cyog has 10 seconds left.
|inactive|MrRaffa has 20 seconds left.
|inactive|Cyog has 5 seconds left.
|
|t:|1757719381
|switch|p1a: Ninetales|Ninetales-Alola, L50, F|100/100
|-weather|Snowscape|[from] ability: Snow Warning|[of] p1a: Ninetales
|move|p1b: Rillaboom|High Horsepower|p2b: Archaludon
|-supereffective|p2b: Archaludon
|-damage|p2b: Archaludon|28/100
|-ability|p2b: Archaludon|Stamina|boost
|-boost|p2b: Archaludon|def|1
|move|p2b: Archaludon|Snarl|p1a: Ninetales|[spread] p1a,p1b
|-resisted|p1a: Ninetales
|-damage|p1a: Ninetales|89/100
|-damage|p1b: Rillaboom|76/100
|-unboost|p1a: Ninetales|spa|1
|-unboost|p1b: Rillaboom|spa|1
|move|p2a: Sinistcha|Life Dew|p2a: Sinistcha|[spread] p2a,p2b
|-heal|p2a: Sinistcha|76/100
|-heal|p2b: Archaludon|53/100
|
|-weather|Snowscape|[upkeep]
|-heal|p1a: Ninetales|95/100|[from] Grassy Terrain
|-heal|p1b: Rillaboom|82/100|[from] Grassy Terrain
|-heal|p2b: Archaludon|59/100|[from] Grassy Terrain
|-heal|p2a: Sinistcha|82/100|[from] Grassy Terrain
|-fieldend|move: Grassy Terrain
|upkeep
|turn|6
|inactive|MrRaffa has 30 seconds left.
|inactive|Cyog has 30 seconds left.
|inactive|Cyog has 20 seconds left.
|inactive|Cyog has 15 seconds left.
|
|t:|1757719422
|switch|p1a: Arcanine|Arcanine-Hisui, L50, M|100/100
|-ability|p1a: Arcanine|Intimidate|boost
|-unboost|p2a: Sinistcha|atk|1
|-unboost|p2b: Archaludon|atk|1
|move|p2a: Sinistcha|Rage Powder|p2a: Sinistcha
|-singleturn|p2a: Sinistcha|move: Rage Powder
|move|p1b: Rillaboom|Drum Beating|p2a: Sinistcha
|-resisted|p2a: Sinistcha
|-damage|p2a: Sinistcha|65/100
|-unboost|p2a: Sinistcha|spe|1
|move|p2b: Archaludon|Flash Cannon|p1a: Arcanine
|-damage|p1a: Arcanine|42/100
|
|-weather|Snowscape|[upkeep]
|upkeep
|turn|7
|inactive|Cyog has 30 seconds left.
|inactive|Cyog has 20 seconds left.
|inactive|Cyog has 15 seconds left.
|inactive|Cyog has 10 seconds left.
|inactive|Cyog has 5 seconds left.
|
|t:|1757719477
|-terastallize|p2a: Sinistcha|Dark
|move|p1a: Arcanine|Flare Blitz|p2b: Archaludon
|-damage|p2b: Archaludon|44/100
|-status|p2b: Archaludon|brn
|-ability|p2b: Archaludon|Stamina|boost
|-boost|p2b: Archaludon|def|1
|-damage|p1a: Arcanine|37/100|[from] Recoil
|move|p1b: Rillaboom|High Horsepower|p2b: Archaludon
|-supereffective|p2b: Archaludon
|-damage|p2b: Archaludon|32/100 brn
|-ability|p2b: Archaludon|Stamina|boost
|-boost|p2b: Archaludon|def|1
|move|p2b: Archaludon|Flash Cannon|p1b: Rillaboom
|-damage|p1b: Rillaboom|42/100
|move|p2a: Sinistcha|Trick Room|p2a: Sinistcha
|-fieldstart|move: Trick Room|[of] p2a: Sinistcha
|
|-weather|Snowscape|[upkeep]
|-damage|p2b: Archaludon|26/100 brn|[from] brn
|upkeep
|turn|8
|inactive|Cyog has 30 seconds left.
|inactive|Cyog has 20 seconds left.
|inactive|Cyog has 15 seconds left.
|inactive|Cyog has 10 seconds left.
|
|t:|1757719529
|move|p1a: Arcanine|Extreme Speed|p2a: Sinistcha
|-damage|p2a: Sinistcha|40/100
|move|p2a: Sinistcha|Life Dew|p2a: Sinistcha|[spread] p2a,p2b
|-heal|p2a: Sinistcha|66/100
|-heal|p2b: Archaludon|51/100 brn
|move|p2b: Archaludon|Body Press|p1b: Rillaboom
|-damage|p1b: Rillaboom|0 fnt
|faint|p1b: Rillaboom
|
|-weather|Snowscape|[upkeep]
|-damage|p2b: Archaludon|45/100 brn|[from] brn
|upkeep
|
|t:|1757719535
|switch|p1b: Gholdengo|Gholdengo, L50|10/100
|turn|9
|-message|MrRaffa forfeited.
|
|win|Cyog
||MrRaffa is ready for game 3.
||Cyog is ready for game 3.
|uhtml|next|Next: Game 3 of 3
|l|☆MrRaffa
|player|p1|
