|j|☆maxibeasm
|j|☆Jarita
|html|maxibeasmJarita    
|uhtml|bestof|Game 2 of a best-of-3
|t:|1756399356
|gametype|doubles
|player|p1|maxibeasm|dancer|
|player|p2|Jarita|hilbert|
|gen|9
|tier|[Gen 9] VGC 2025 Reg H (Bo3)
|rule|Species Clause: Limit one of each Pokémon
|rule|Item Clause: Limit 1 of each item
|clearpoke
|poke|p1|Ninetales-Alola, L50, F|
|poke|p1|Talonflame, L50, F|
|poke|p1|Garchomp, L50, M|
|poke|p1|Kingambit, L50, F|
|poke|p1|Amoonguss, L50, M|
|poke|p1|Garganacl, L50, F|
|poke|p2|Charizard, L50, M|
|poke|p2|Torkoal, L50, F|
|poke|p2|Porygon2, L50|
|poke|p2|Incineroar, L50, F|
|poke|p2|Jumpluff, L50, M|
|poke|p2|Ursaluna, L50, F|
|teampreview|4
|showteam|p1|Ninetales-Alola||FocusSash|SnowWarning|Protect,Blizzard,FreezeDry,Encore|||F|||50|,,,,,Ghost]Talonflame||CovertCloak|GaleWings|BraveBird,Taunt,WillOWisp,Tailwind|||F|||50|,,,,,Flying]Garchomp||LifeOrb|RoughSkin|Protect,DragonClaw,Earthquake,StompingTantrum|||M|||50|,,,,,Ground]Kingambit||AssaultVest|Defiant|KowtowCleave,SuckerPunch,IronHead,TeraBlast|||F|||50|,,,,,Flying]Amoonguss||SitrusBerry|Regenerator|Protect,Spore,RagePowder,SludgeBomb|||M|||50|,,,,,Water]Garganacl||Leftovers|PurifyingSalt|Protect,SaltCure,BodyPress,Curse|||F|||50|,,,,,Ghost
|showteam|p2|Charizard||ChoiceSpecs|SolarPower|HeatWave,Overheat,WeatherBall,AirSlash|||M|||50|,,,,,Ghost]Torkoal||EjectPack|Drought|Eruption,Overheat,HelpingHand,Protect|||F|||50|,,,,,Fire]Porygon2||Eviolite|Download|IceBeam,TeraBlast,TrickRoom,Recover||||||50|,,,,,Fighting]Incineroar||SitrusBerry|Intimidate|FlareBlitz,KnockOff,FakeOut,PartingShot|||F|||50|,,,,,Ghost]Jumpluff||CovertCloak|Chlorophyll|SleepPowder,SunnyDay,RagePowder,Tailwind|||M|||50|,,,,,Water]Ursaluna||FlameOrb|Guts|HeadlongRush,Facade,Earthquake,Protect|||F|||50|,,,,,Ghost
|inactive|Battle timer is ON: inactive players will automatically lose when time's up. (requested by maxibeasm)
|inactive|Jarita also wants the timer to be on.
|j| lambowile
|j| kevidmc
|j| Eedeeare
|j| andresyniesta
|j| Carlos Giraldez
|inactive|maxibeasm has 60 seconds left.
|inactive|Jarita has 60 seconds left.
|c| andresyniesta|Viva gibraltar
|inactive|maxibeasm has 30 seconds left.
|inactive|Jarita has 30 seconds left.
|inactive|maxibeasm has 20 seconds left.
|inactive|Jarita has 20 seconds left.
|inactive|maxibeasm has 15 seconds left.
|inactive|Jarita has 15 seconds left.
|inactive|maxibeasm has 10 seconds left.
|inactive|Jarita has 10 seconds left.
|inactive|Jarita has 5 seconds left.
|
|t:|1756399443
|teamsize|p1|4
|teamsize|p2|4
|start
|switch|p1a: Garganacl|Garganacl, L50, F|100/100
|switch|p1b: Garchomp|Garchomp, L50, M|100/100
|switch|p2a: Porygon2|Porygon2, L50|100/100
|switch|p2b: Jumpluff|Jumpluff, L50, M|100/100
|-ability|p2a: Porygon2|Download|boost
|-boost|p2a: Porygon2|spa|1
|turn|1
|j| Preciosa Papaya
|inactive|maxibeasm has 30 seconds left.
|inactive|Jarita has 30 seconds left.
|inactive|Jarita has 20 seconds left.
|inactive|Jarita has 15 seconds left.
|inactive|Jarita has 10 seconds left.
|c| lambowile|Al final jugando garganacl eres leyenda maxi
|
|t:|1756399489
|switch|p1b: Amoonguss|Amoonguss, L50, M|100/100
|switch|p2a: Ursaluna|Ursaluna, L50, F|100/100
|-terastallize|p1a: Garganacl|Ghost
|move|p2b: Jumpluff|Sleep Powder|p1b: Amoonguss
|-immune|p1b: Amoonguss
|move|p1a: Garganacl|Salt Cure|p2b: Jumpluff
|-supereffective|p2b: Jumpluff
|-damage|p2b: Jumpluff|65/100
|
|-status|p2a: Ursaluna|brn|[from] item: Flame Orb
|upkeep
|turn|2
|inactive|maxibeasm has 30 seconds left.
|inactive|Jarita has 30 seconds left.
|
|t:|1756399521
|move|p1b: Amoonguss|Protect|p1b: Amoonguss
|-singleturn|p1b: Amoonguss|Protect
|move|p2b: Jumpluff|Sunny Day|p2b: Jumpluff
|-weather|SunnyDay
|move|p2a: Ursaluna|Facade|p1b: Amoonguss
|-activate|p1b: Amoonguss|move: Protect
|move|p1a: Garganacl|Curse|p2a: Ursaluna
|-start|p2a: Ursaluna|Curse|[of] p1a: Garganacl
|-damage|p1a: Garganacl|51/100
|
|-weather|SunnyDay|[upkeep]
|-heal|p1a: Garganacl|57/100|[from] item: Leftovers
|-damage|p2a: Ursaluna|95/100 brn|[from] brn
|-damage|p2a: Ursaluna|70/100 brn|[from] Curse
|upkeep
|turn|3
|inactive|Jarita has 30 seconds left.
|
|t:|1756399553
|switch|p2b: Porygon2|Porygon2, L50|100/100
|-ability|p2b: Porygon2|Download|boost
|-boost|p2b: Porygon2|spa|1
|move|p2a: Ursaluna|Facade|p1b: Amoonguss
|-damage|p1b: Amoonguss|0 fnt
|faint|p1b: Amoonguss
|move|p1a: Garganacl|Salt Cure|p2b: Porygon2
|-damage|p2b: Porygon2|91/100
|-start|p2b: Porygon2|Salt Cure
|
|-weather|SunnyDay|[upkeep]
|-heal|p1a: Garganacl|62/100|[from] item: Leftovers
|-damage|p2a: Ursaluna|64/100 brn|[from] brn
|-damage|p2a: Ursaluna|40/100 brn|[from] Curse
|-damage|p2b: Porygon2|78/100|[from] Salt Cure
|upkeep
|inactive|maxibeasm has 30 seconds left.
|inactive|maxibeasm has 20 seconds left.
|
|t:|1756399592
|switch|p1b: Garchomp|Garchomp, L50, M|100/100
|turn|4
|
|t:|1756399612
|move|p1b: Garchomp|Protect|p1b: Garchomp
|-singleturn|p1b: Garchomp|Protect
|move|p2a: Ursaluna|Headlong Rush|p1a: Garganacl
|-crit|p1a: Garganacl
|-damage|p1a: Garganacl|0 fnt
|-unboost|p2a: Ursaluna|def|1
|-unboost|p2a: Ursaluna|spd|1
|faint|p1a: Garganacl
|move|p2b: Porygon2|Ice Beam|p1b: Garchomp
|-activate|p1b: Garchomp|move: Protect
|
|-weather|SunnyDay|[upkeep]
|-damage|p2a: Ursaluna|34/100 brn|[from] brn
|-damage|p2a: Ursaluna|9/100 brn|[from] Curse
|-damage|p2b: Porygon2|66/100|[from] Salt Cure
|upkeep
|
|t:|1756399620
|switch|p1a: Talonflame|Talonflame, L50, F|100/100
|turn|5
|inactive|Jarita has 30 seconds left.
|inactive|Jarita has 20 seconds left.
|inactive|Jarita has 15 seconds left.
|inactive|Jarita has 10 seconds left.
|inactive|Jarita has 5 seconds left.
|
|t:|1756399671
|switch|p2b: Charizard|Charizard, L50, M|100/100
|move|p1a: Talonflame|Brave Bird|p2b: Charizard
|-crit|p2b: Charizard
|-damage|p2b: Charizard|31/100
|-damage|p1a: Talonflame|82/100|[from] Recoil
|move|p1b: Garchomp|Earthquake|p2b: Charizard|[spread] p2a
|-immune|p1a: Talonflame
|-immune|p2b: Charizard
|-damage|p2a: Ursaluna|0 fnt
|faint|p2a: Ursaluna
|-damage|p1b: Garchomp|91/100|[from] item: Life Orb
|
|-weather|SunnyDay|[upkeep]
|-damage|p2b: Charizard|19/100|[from] ability: Solar Power|[of] p2b: Charizard
|upkeep
|
|t:|1756399688
|switch|p2a: Jumpluff|Jumpluff, L50, M|65/100
|turn|6
|inactive|maxibeasm has 30 seconds left.
|
|t:|1756399715
|move|p2a: Jumpluff|Tailwind|p2a: Jumpluff
|-sidestart|p2: Jarita|move: Tailwind
|move|p2b: Charizard|Weather Ball|p1a: Talonflame
|-resisted|p1a: Talonflame
|-damage|p1a: Talonflame|0 fnt
|faint|p1a: Talonflame
|move|p1b: Garchomp|Dragon Claw|p2b: Charizard
|-damage|p2b: Charizard|0 fnt
|faint|p2b: Charizard
|-damage|p1b: Garchomp|81/100|[from] item: Life Orb
|
|-weather|none
|upkeep
|
|t:|1756399724
|switch|p2b: Porygon2|Porygon2, L50|66/100
|-ability|p2b: Porygon2|Download|boost
|-boost|p2b: Porygon2|spa|1
|turn|7
|
|t:|1756399730
|move|p2a: Jumpluff|Sleep Powder|p1b: Garchomp
|-status|p1b: Garchomp|slp|[from] move: Sleep Powder
|cant|p1b: Garchomp|slp
|move|p2b: Porygon2|Ice Beam|p1b: Garchomp
|-supereffective|p1b: Garchomp
|-damage|p1b: Garchomp|0 fnt
|faint|p1b: Garchomp
|
|win|Jarita
|c|☆Jarita|GG
|c|☆maxibeasm|gg!
|c| andresyniesta|gg
|c| Preciosa Papaya|Gg
|c| lambowile|Gg
|l| lambowile
