|j|☆kurozora13
|j|☆KodeBeast0526
|html|kurozora13KodeBeast0526    
|uhtml|bestof|Game 3 of a best-of-3
|t:|1783997265
|gametype|doubles
|player|p1|kurozora13|red|1202
|player|p2|KodeBeast0526|hiker|1287
|gen|9
|tier|[Gen 9 Champions] VGC 2026 Reg M-B (Bo3)
|rated|
|rule|Species Clause: Limit one of each Pokémon
|rule|Item Clause: Limit 1 of each item
|clearpoke
|poke|p1|Charizard, L50, F|
|poke|p1|Floette-Eternal, L50, F|
|poke|p1|Garchomp, L50, M|
|poke|p1|Kingambit, L50, F|
|poke|p1|Rotom-Wash, L50|
|poke|p1|Whimsicott, L50, F|
|poke|p2|Kingambit, L50, M, shiny|
|poke|p2|Garchomp, L50, M, shiny|
|poke|p2|Charizard, L50, M, shiny|
|poke|p2|Incineroar, L50, M, shiny|
|poke|p2|Whimsicott, L50, F, shiny|
|poke|p2|Basculegion, L50, M|
|teampreview|4
|showteam|p1|Charizard||CharizarditeY|Blaze|Protect,WeatherBall,HeatWave,SolarBeam|Timid||F|||50|]Floette-Eternal||Floettite|FlowerVeil|Protect,DazzlingGleam,Moonblast,LightofRuin|Modest||F|||50|]Garchomp||LifeOrb|RoughSkin|Protect,RockSlide,DragonClaw,Earthquake|Jolly||M|||50|]Kingambit||BlackGlasses|Defiant|Protect,SuckerPunch,IronHead,KowtowCleave|Adamant||F|||50|]Rotom-Wash||SitrusBerry|Levitate|LightScreen,WillOWisp,Thunderbolt,HydroPump|Bold|||||50|]Whimsicott||FocusSash|Prankster|Protect,Encore,Moonblast,Tailwind|Timid||F|||50|
|showteam|p2|Kingambit||ChopleBerry|Defiant|KowtowCleave,SuckerPunch,IronHead,Protect|Adamant||M|||50|]Garchomp||LifeOrb|RoughSkin|DragonClaw,StompingTantrum,Protect,RockSlide|Jolly||M|||50|]Charizard||CharizarditeY|Blaze|Protect,HeatWave,SolarBeam,WeatherBall|Modest||M|||50|]Incineroar||SitrusBerry|Intimidate|HelpingHand,FlareBlitz,FakeOut,PartingShot|Careful||M|||50|]Whimsicott||FocusSash|Prankster|Moonblast,Tailwind,Protect,Encore|Timid||F|||50|]Basculegion||MysticWater|Adaptability|WaveCrash,LastRespects,AquaJet,FlipTurn|Adamant||M|||50|
|inactive|Battle timer is ON: inactive players will automatically lose when time's up. (requested by kurozora13)
|
|t:|1783997313
|teamsize|p1|4
|teamsize|p2|4
|start
|switch|p1a: Whimsicott|Whimsicott, L50, F|100/100
|switch|p1b: Garchomp|Garchomp, L50, M|100/100
|switch|p2a: Charizard|Charizard, L50, M, shiny|100/100
|switch|p2b: Whimsicott|Whimsicott, L50, F, shiny|100/100
|turn|1
|
|t:|1783997329
|switch|p2a: Garchomp|Garchomp, L50, M, shiny|100/100
|move|p2b: Whimsicott|Tailwind|p2b: Whimsicott
|-sidestart|p2: KodeBeast0526|move: Tailwind
|move|p1a: Whimsicott|Tailwind|p1a: Whimsicott
|-sidestart|p1: kurozora13|move: Tailwind
|move|p1b: Garchomp|Rock Slide|p2b: Whimsicott|[spread] p2a,p2b
|-resisted|p2a: Garchomp|1
|-damage|p2a: Garchomp|86/100
|-damage|p2b: Whimsicott|59/100
|-damage|p1b: Garchomp|90/100|[from] item: Life Orb
|
|upkeep
|turn|2
|
|t:|1783997345
|switch|p1b: Floette|Floette-Eternal, L50, F|100/100
|move|p2b: Whimsicott|Encore|p1a: Whimsicott
|-start|p1a: Whimsicott|Encore
|move|p1a: Whimsicott|Tailwind||[still]
|-fail|p1a: Whimsicott
|move|p2a: Garchomp|Dragon Claw|p1b: Floette
|-immune|p1b: Floette
|
|upkeep
|turn|3
|inactive|KodeBeast0526 has 30 seconds left.
|
|t:|1783997377
|switch|p1a: Garchomp|Garchomp, L50, M|90/100
|switch|p2a: Charizard|Charizard, L50, M, shiny|100/100
|detailschange|p1b: Floette|Floette-Mega, L50, F
|-mega|p1b: Floette|Floette|Floettite
|-ability|p1b: Floette|Fairy Aura
|move|p2b: Whimsicott|Moonblast|p1b: Floette
|-damage|p1b: Floette|61/100
|move|p1b: Floette|Dazzling Gleam|p2b: Whimsicott|[spread] p2a,p2b
|-resisted|p2a: Charizard|1
|-damage|p2a: Charizard|68/100
|-damage|p2b: Whimsicott|0 fnt
|faint|p2b: Whimsicott
|
|upkeep
|inactive|KodeBeast0526 has 30 seconds left.
|
|t:|1783997409
|switch|p2b: Garchomp|Garchomp, L50, M, shiny|86/100
|turn|4
|
|t:|1783997419
|detailschange|p2a: Charizard|Charizard-Mega-Y, L50, M, shiny
|-mega|p2a: Charizard|Charizard|Charizardite Y
|-weather|SunnyDay|[from] ability: Drought|[of] p2a: Charizard
|move|p1a: Garchomp|Rock Slide|p2b: Garchomp|[spread] p2a,p2b
|-supereffective|p2a: Charizard|2
|-resisted|p2b: Garchomp|1
|-damage|p2a: Charizard|0 fnt
|-damage|p2b: Garchomp|74/100
|faint|p2a: Charizard
|-damage|p1a: Garchomp|80/100|[from] item: Life Orb
|cant|p2b: Garchomp|flinch
|move|p1b: Floette|Moonblast|p2b: Garchomp
|-supereffective|p2b: Garchomp|1
|-damage|p2b: Garchomp|0 fnt
|faint|p2b: Garchomp
|
|-weather|SunnyDay|[upkeep]
|-sideend|p1: kurozora13|move: Tailwind
|-sideend|p2: KodeBeast0526|move: Tailwind
|upkeep
|
|t:|1783997433
|switch|p2b: Basculegion|Basculegion, L50, M|100/100
|turn|5
|
|t:|1783997439
|move|p1a: Garchomp|Dragon Claw|p2b: Basculegion
|-damage|p2b: Basculegion|30/100
|-damage|p1a: Garchomp|70/100|[from] item: Life Orb
|move|p1b: Floette|Light of Ruin|p2b: Basculegion
|-damage|p2b: Basculegion|0 fnt
|faint|p2b: Basculegion
|-damage|p1b: Floette|39/100|[from] Recoil
|
|win|kurozora13
|raw|kurozora13's rating: 1202 → 1233(+31 for winning)
|raw|KodeBeast0526's rating: 1287 → 1256(-31 for losing)
|l|☆kurozora13
|player|p1|
