|j|☆bonomia
|j|☆CometaMiedoso97
|html|bonomiaCometaMiedoso97    
|uhtml|bestof|Game 2 of a best-of-3
|t:|1757712768
|gametype|doubles
|player|p1|bonomia|tourist|1557
|player|p2|CometaMiedoso97|102|1443
|gen|9
|tier|[Gen 9] VGC 2025 Reg H (Bo3)
|rated|
|rule|Species Clause: Limit one of each Pokémon
|rule|Item Clause: Limit 1 of each item
|clearpoke
|poke|p1|Dragonite, L50, M|
|poke|p1|Magmar, L50, M|
|poke|p1|Annihilape, L50, F|
|poke|p1|Kingambit, L50, M|
|poke|p1|Ninetales-Alola, L50, M|
|poke|p1|Dondozo, L50, M|
|poke|p2|Pelipper, L50, M|
|poke|p2|Archaludon, L50, F|
|poke|p2|Sinistcha, L50|
|poke|p2|Ursaluna, L50, M|
|poke|p2|Dragonite, L50, F|
|poke|p2|Incineroar, L50, F|
|teampreview|4
|showteam|p1|Dragonite||LoadedDice|Multiscale|Protect,ScaleShot,ExtremeSpeed,Haze|||M|||50|,,,,,Steel]Magmar||Eviolite|VitalSpirit|Protect,Flamethrower,FollowMe,WillOWisp|||M|||50|,,,,,Fairy]Annihilape||SafetyGoggles|Defiant|CloseCombat,RageFist,Taunt,Coaching|||F|||50|,,,,,Fire]Kingambit||AssaultVest|Defiant|KowtowCleave,IronHead,SuckerPunch,TeraBlast|||M|||50|,,,,,Flying]Ninetales-Alola||FocusSash|SnowWarning|Blizzard,AuroraVeil,Encore,FreezeDry|||M|||50|,,,,,Ghost]Dondozo||Leftovers|Unaware|Protect,Liquidation,Yawn,Fissure|||M|||50|,,,,,Grass
|showteam|p2|Pelipper||FocusSash|Drizzle|MuddyWater,Hurricane,Protect,Tailwind|||M|||50|,,,,,Ground]Archaludon||AssaultVest|Stamina|FlashCannon,BodyPress,ElectroShot,Snarl|||F|||50|,,,,,Fighting]Sinistcha||SitrusBerry|Hospitality|MatchaGotcha,LifeDew,RagePowder,TrickRoom||||||50|,,,,,Dark]Ursaluna||FlameOrb|Guts|Protect,Facade,HeadlongRush,Earthquake|||M|||50|,,,,,Ghost]Dragonite||LoadedDice|Multiscale|Protect,ScaleShot,Haze,Tailwind|||F|||50|,,,,,Fairy]Incineroar||SafetyGoggles|Intimidate|FakeOut,PartingShot,KnockOff,FlareBlitz|||F|||50|,,,,,Ghost
|inactive|Battle timer is ON: inactive players will automatically lose when time's up. (requested by bonomia)
|inactive|CometaMiedoso97 has 60 seconds left.
|
|t:|1757712828
|teamsize|p1|4
|teamsize|p2|4
|start
|switch|p1a: Dragonite|Dragonite, L50, M|100/100
|switch|p1b: Annihilape|Annihilape, L50, F|100/100
|switch|p2a: Pelipper|Pelipper, L50, M|100/100
|switch|p2b: Dragonite|Dragonite, L50, F|100/100
|-weather|RainDance|[from] ability: Drizzle|[of] p2a: Pelipper
|turn|1
|
|t:|1757712852
|-terastallize|p2b: Dragonite|Fairy
|-terastallize|p1a: Dragonite|Steel
|move|p2a: Pelipper|Protect|p2a: Pelipper
|-singleturn|p2a: Pelipper|Protect
|move|p1b: Annihilape|Coaching|p1a: Dragonite
|-boost|p1a: Dragonite|atk|1
|-boost|p1a: Dragonite|def|1
|move|p1a: Dragonite|Scale Shot|p2a: Pelipper
|-activate|p2a: Pelipper|move: Protect
|move|p2b: Dragonite|Scale Shot|p1b: Annihilape
|-damage|p1b: Annihilape|84/100
|-damage|p1b: Annihilape|69/100
|-damage|p1b: Annihilape|54/100
|-damage|p1b: Annihilape|36/100
|-hitcount|p1b: Annihilape|4
|-unboost|p2b: Dragonite|def|1
|-boost|p2b: Dragonite|spe|1
|
|-weather|RainDance|[upkeep]
|upkeep
|turn|2
|inactive|bonomia has 30 seconds left.
|
|t:|1757712884
|switch|p1b: Kingambit|Kingambit, L50, M|100/100
|switch|p2a: Incineroar|Incineroar, L50, F|100/100
|-ability|p2a: Incineroar|Intimidate|boost
|-unboost|p1a: Dragonite|atk|1
|-unboost|p1b: Kingambit|atk|1
|-ability|p1b: Kingambit|Defiant|boost
|-boost|p1b: Kingambit|atk|2
|move|p2b: Dragonite|Scale Shot|p1b: Kingambit
|-resisted|p1b: Kingambit
|-damage|p1b: Kingambit|95/100
|-resisted|p1b: Kingambit
|-damage|p1b: Kingambit|89/100
|-resisted|p1b: Kingambit
|-damage|p1b: Kingambit|84/100
|-resisted|p1b: Kingambit
|-damage|p1b: Kingambit|79/100
|-resisted|p1b: Kingambit
|-damage|p1b: Kingambit|73/100
|-hitcount|p1b: Kingambit|5
|-unboost|p2b: Dragonite|def|1
|-boost|p2b: Dragonite|spe|1
|move|p1a: Dragonite|Scale Shot|p2a: Incineroar
|-damage|p2a: Incineroar|86/100
|-damage|p2a: Incineroar|71/100
|-damage|p2a: Incineroar|56/100
|-damage|p2a: Incineroar|41/100
|-damage|p2a: Incineroar|25/100
|-hitcount|p2a: Incineroar|5
|-unboost|p1a: Dragonite|def|1
|-boost|p1a: Dragonite|spe|1
|
|-weather|RainDance|[upkeep]
|upkeep
|turn|3
|inactive|bonomia has 30 seconds left.
|inactive|CometaMiedoso97 has 30 seconds left.
|inactive|bonomia has 20 seconds left.
|inactive|bonomia has 15 seconds left.
|
|t:|1757712925
|move|p2a: Incineroar|Fake Out|p1a: Dragonite
|-resisted|p1a: Dragonite
|-damage|p1a: Dragonite|98/100
|move|p2b: Dragonite|Haze|p2b: Dragonite
|-clearallboost
|cant|p1a: Dragonite|flinch
|move|p1b: Kingambit|Kowtow Cleave|p2b: Dragonite
|-resisted|p2b: Dragonite
|-damage|p2b: Dragonite|87/100
|
|-weather|RainDance|[upkeep]
|upkeep
|turn|4
|
|t:|1757712947
|move|p1a: Dragonite|Scale Shot|p2a: Incineroar
|-damage|p2a: Incineroar|10/100
|-damage|p2a: Incineroar|0 fnt
|faint|p2a: Incineroar
|-hitcount|p2: Incineroar|2
|-unboost|p1a: Dragonite|def|1
|-boost|p1a: Dragonite|spe|1
|move|p2b: Dragonite|Tailwind|p2b: Dragonite
|-sidestart|p2: CometaMiedoso97|move: Tailwind
|move|p1b: Kingambit|Iron Head|p2b: Dragonite
|-supereffective|p2b: Dragonite
|-damage|p2b: Dragonite|0 fnt
|faint|p2b: Dragonite
|
|-weather|RainDance|[upkeep]
|upkeep
|
|t:|1757712950
|switch|p2b: Sinistcha|Sinistcha, L50|100/100
|switch|p2a: Pelipper|Pelipper, L50, M|100/100
|turn|5
|
|t:|1757712966
|move|p2a: Pelipper|Muddy Water|p1b: Kingambit|[spread] p1a,p1b
|-damage|p1a: Dragonite|52/100
|-damage|p1b: Kingambit|46/100
|move|p1a: Dragonite|Scale Shot|p2a: Pelipper
|-damage|p2a: Pelipper|83/100
|-damage|p2a: Pelipper|64/100
|-damage|p2a: Pelipper|46/100
|-damage|p2a: Pelipper|28/100
|-damage|p2a: Pelipper|10/100
|-hitcount|p2a: Pelipper|5
|-unboost|p1a: Dragonite|def|1
|-boost|p1a: Dragonite|spe|1
|move|p2b: Sinistcha|Matcha Gotcha|p1b: Kingambit|[spread] p1b
|-miss|p2b: Sinistcha|p1a: Dragonite
|-resisted|p1b: Kingambit
|-damage|p1b: Kingambit|38/100
|move|p1b: Kingambit|Kowtow Cleave|p2b: Sinistcha
|-supereffective|p2b: Sinistcha
|-damage|p2b: Sinistcha|6/100
|-enditem|p2b: Sinistcha|Sitrus Berry|[eat]
|-heal|p2b: Sinistcha|31/100|[from] item: Sitrus Berry
|
|-weather|none
|upkeep
|turn|6
|-message|CometaMiedoso97 forfeited.
|
|win|bonomia
||bonomia is ready for game 3.
|l|☆CometaMiedoso97
|player|p2|
||CometaMiedoso97 is ready for game 3.
|uhtml|next|Next: Game 3 of 3
