|j|☆Whaaale Gorl
|j|☆boteqvg
|html|Whaaale Gorlboteqvg    
|uhtml|bestof|Game 2 of a best-of-3
|t:|1755994587
|gametype|doubles
|player|p1|Whaaale Gorl|caitlin|1143
|player|p2|boteqvg|170|1270
|gen|9
|tier|[Gen 9] VGC 2025 Reg H (Bo3)
|rated|
|rule|Species Clause: Limit one of each Pokémon
|rule|Item Clause: Limit 1 of each item
|clearpoke
|poke|p1|Dragapult, L50, M|
|poke|p1|Porygon2, L50|
|poke|p1|Ursaluna, L50, F|
|poke|p1|Whimsicott, L50, F|
|poke|p1|Kingambit, L50, F|
|poke|p1|Gholdengo, L50|
|poke|p2|Garchomp, L50, M|
|poke|p2|Weezing-Galar, L50, F|
|poke|p2|Archaludon, L50, M|
|poke|p2|Gholdengo, L50|
|poke|p2|Talonflame, L50, M|
|poke|p2|Annihilape, L50, F|
|teampreview|4
|showteam|p1|Dragapult||ChoiceBand|ClearBody|DragonDarts,PhantomForce,Outrage,Uturn|||M|||50|,,,,,Dragon]Porygon2||Eviolite|Download|TeraBlast,IceBeam,TrickRoom,Recover||||||50|,,,,,Fairy]Ursaluna||FlameOrb|Guts|Facade,HeadlongRush,Earthquake,Protect|||F|||50|,,,,,Ghost]Whimsicott||CovertCloak|Prankster|Tailwind,Moonblast,Encore,Protect|||F|||50|,,,,,Ghost]Kingambit||SafetyGoggles|Defiant|SuckerPunch,KowtowCleave,SwordsDance,Protect|||F|||50|,,,,,Dark]Gholdengo||IronPlate|GoodasGold|MakeItRain,ShadowBall,NastyPlot,Protect||||||50|,,,,,Water
|showteam|p2|Garchomp||LifeOrb|RoughSkin|DragonClaw,Earthquake,StompingTantrum,Protect|||M|||50|,,,,,Ground]Weezing-Galar||FocusSash|NeutralizingGas|Protect,SludgeBomb,Taunt,StrangeSteam|||F|||50|,,,,,Flying]Archaludon||PowerHerb|Sturdy|ElectroShot,Thunderbolt,DracoMeteor,Protect|||M|||50|,,,,,Electric]Gholdengo||ChoiceSpecs|GoodasGold|ShadowBall,DazzlingGleam,PowerGem,MakeItRain||||||50|,,,,,Fairy]Talonflame||CovertCloak|GaleWings|Tailwind,DualWingbeat,WillOWisp,FlareBlitz|||M|||50|,,,,,Stellar]Annihilape||AssaultVest|Defiant|CloseCombat,RageFist,FinalGambit,IcePunch|||F|||50|,,,,,Grass
|inactive|Battle timer is ON: inactive players will automatically lose when time's up. (requested by boteqvg)
|
|t:|1755994614
|teamsize|p1|4
|teamsize|p2|4
|start
|switch|p1a: Aerosmith|Dragapult, L50, M|100/100
|switch|p1b: Prescription2|Porygon2, L50|100/100
|switch|p2a: Weezing|Weezing-Galar, L50, F|100/100
|switch|p2b: Gholdengo|Gholdengo, L50|100/100
|-ability|p2a: Weezing|Neutralizing Gas
|turn|1
|inactive|Whaaale Gorl has 30 seconds left.
|
|t:|1755994641
|switch|p1b: Gasoline Dreams|Gholdengo, L50|100/100
|-terastallize|p2b: Gholdengo|Fairy
|move|p1a: Aerosmith|Phantom Force||[still]
|-prepare|p1a: Aerosmith|Phantom Force
|move|p2b: Gholdengo|Dazzling Gleam|p1a: Aerosmith|[spread] p1b
|-miss|p2b: Gholdengo|p1a: Aerosmith
|-resisted|p1b: Gasoline Dreams
|-damage|p1b: Gasoline Dreams|78/100
|move|p2a: Weezing|Taunt|p1b: Gasoline Dreams
|-start|p1b: Gasoline Dreams|move: Taunt
|
|upkeep
|turn|2
|
|t:|1755994659
|move|p1a: Aerosmith|Phantom Force|p2b: Gholdengo|[from] lockedmove
|-damage|p2b: Gholdengo|29/100
|move|p2b: Gholdengo|Dazzling Gleam|p1a: Aerosmith|[spread] p1a,p1b
|-supereffective|p1a: Aerosmith
|-resisted|p1b: Gasoline Dreams
|-damage|p1a: Aerosmith|0 fnt
|-damage|p1b: Gasoline Dreams|55/100
|faint|p1a: Aerosmith
|move|p2a: Weezing|Strange Steam|p1b: Gasoline Dreams
|-resisted|p1b: Gasoline Dreams
|-damage|p1b: Gasoline Dreams|36/100
|move|p1b: Gasoline Dreams|Make It Rain|p2b: Gholdengo|[spread] p2a,p2b
|-supereffective|p2a: Weezing
|-supereffective|p2b: Gholdengo
|-enditem|p2a: Weezing|Focus Sash
|-damage|p2a: Weezing|1/100
|-damage|p2b: Gholdengo|0 fnt
|-unboost|p1b: Gasoline Dreams|spa|1
|faint|p2b: Gholdengo
|
|upkeep
|
|t:|1755994679
|switch|p1a: Prescription2|Porygon2, L50|100/100
|switch|p2b: Archaludon|Archaludon, L50, M|100/100
|turn|3
|inactive|Whaaale Gorl has 30 seconds left.
|
|t:|1755994707
|switch|p1b: Moonchild|Ursaluna, L50, F|100/100
|-terastallize|p1a: Prescription2|Fairy
|move|p2b: Archaludon|Electro Shot||[still]
|-prepare|p2b: Archaludon|Electro Shot
|-boost|p2b: Archaludon|spa|1
|-enditem|p2b: Archaludon|Power Herb
|-anim|p2b: Archaludon|Electro Shot|p1b: Moonchild
|-immune|p1b: Moonchild
|move|p2a: Weezing|Taunt|p1a: Prescription2
|-start|p1a: Prescription2|move: Taunt
|move|p1a: Prescription2|Tera Blast|p2b: Archaludon|[anim] Tera Blast Fairy
|-damage|p2b: Archaludon|47/100
|
|-status|p1b: Moonchild|brn|[from] item: Flame Orb
|upkeep
|turn|4
|
|t:|1755994731
|move|p2b: Archaludon|Protect|p2b: Archaludon
|-singleturn|p2b: Archaludon|Protect
|move|p1b: Moonchild|Protect|p1b: Moonchild
|-singleturn|p1b: Moonchild|Protect
|move|p2a: Weezing|Strange Steam|p1b: Moonchild
|-activate|p1b: Moonchild|move: Protect
|move|p1a: Prescription2|Tera Blast|p2b: Archaludon|[anim] Tera Blast Fairy
|-activate|p2b: Archaludon|move: Protect
|
|-damage|p1b: Moonchild|94/100 brn|[from] brn
|upkeep
|turn|5
|
|t:|1755994744
|switch|p1b: Gasoline Dreams|Gholdengo, L50|36/100
|move|p2b: Archaludon|Draco Meteor|p1b: Gasoline Dreams
|-resisted|p1b: Gasoline Dreams
|-damage|p1b: Gasoline Dreams|0 fnt
|-unboost|p2b: Archaludon|spa|2
|faint|p1b: Gasoline Dreams
|move|p2a: Weezing|Strange Steam|p1a: Prescription2
|-damage|p1a: Prescription2|77/100
|move|p1a: Prescription2|Ice Beam|p2a: Weezing
|-damage|p2a: Weezing|0 fnt
|faint|p2a: Weezing
|-end|p2a: Weezing|ability: Neutralizing Gas
|-ability|p1a: Prescription2|Download|boost
|-boost|p1a: Prescription2|spa|1
|
|-end|p1a: Prescription2|move: Taunt
|upkeep
|
|t:|1755994759
|switch|p2a: Annihilape|Annihilape, L50, F|100/100
|switch|p1b: Moonchild|Ursaluna, L50, F|94/100 brn
|turn|6
|
|t:|1755994782
|move|p1b: Moonchild|Protect|p1b: Moonchild
|-singleturn|p1b: Moonchild|Protect
|move|p2a: Annihilape|Final Gambit|p1a: Prescription2
|-damage|p1a: Prescription2|0 fnt
|faint|p2a: Annihilape
|faint|p1a: Prescription2
|move|p2b: Archaludon|Draco Meteor|p1b: Moonchild
|-activate|p1b: Moonchild|move: Protect
|
|-damage|p1b: Moonchild|88/100 brn|[from] brn
|upkeep
|turn|7
|
|t:|1755994791
|move|p2b: Archaludon|Protect|p2b: Archaludon
|-singleturn|p2b: Archaludon|Protect
|move|p1b: Moonchild|Headlong Rush|p2b: Archaludon
|-activate|p2b: Archaludon|move: Protect
|
|-damage|p1b: Moonchild|82/100 brn|[from] brn
|upkeep
|turn|8
|
|t:|1755994793
|move|p2b: Archaludon|Draco Meteor|p1b: Moonchild
|-damage|p1b: Moonchild|44/100 brn
|-unboost|p2b: Archaludon|spa|2
|move|p1b: Moonchild|Headlong Rush|p2b: Archaludon
|-supereffective|p2b: Archaludon
|-damage|p2b: Archaludon|0 fnt
|-unboost|p1b: Moonchild|def|1
|-unboost|p1b: Moonchild|spd|1
|faint|p2b: Archaludon
|
|win|Whaaale Gorl
|raw|Whaaale Gorl's rating: 1143 → 1177(+34 for winning)
|raw|boteqvg's rating: 1270 → 1236(-34 for losing)
|l|☆boteqvg
|player|p2|
