|j|☆Mashuno
|j|☆vincentgatr
|html|Mashunovincentgatr    
|uhtml|bestof|Game 1 of a best-of-3
|t:|1785443558
|gametype|doubles
|player|p1|Mashuno|harlequin|1261
|player|p2|vincentgatr|1|1223
|gen|9
|tier|[Gen 9 Champions] VGC 2026 Reg M-B (Bo3)
|rated|
|rule|Species Clause: Limit one of each Pokémon
|rule|Item Clause: Limit 1 of each item
|clearpoke
|poke|p1|Whimsicott, L50, F|
|poke|p1|Dragonite, L50, M|
|poke|p1|Gholdengo, L50|
|poke|p1|Sneasler, L50, F|
|poke|p1|Incineroar, L50, M|
|poke|p1|Rotom-Wash, L50|
|poke|p2|Froslass, L50, F|
|poke|p2|Empoleon, L50, M|
|poke|p2|Incineroar, L50, F|
|poke|p2|Rotom-Frost, L50|
|poke|p2|Sneasler, L50, F|
|poke|p2|Garchomp, L50, M|
|teampreview|4
|showteam|p1|Whimsicott||FocusSash|Prankster|Protect,Moonblast,Tailwind,Encore|Timid||F|||50|]Dragonite||Dragoninite|Multiscale|Protect,DragonPulse,Flamethrower,Thunderbolt|Modest||M|||50|]Gholdengo||LifeOrb|GoodasGold|Protect,MakeItRain,ShadowBall,NastyPlot|Timid|||||50|]Sneasler||WhiteHerb|Unburden|FakeOut,DireClaw,CloseCombat,RockSlide|Jolly||F|||50|]Incineroar||PasshoBerry|Intimidate|FakeOut,FlareBlitz,ThroatChop,PartingShot|Bold||M|||50|]Rotom-Wash||SitrusBerry|Levitate|Protect,HydroPump,VoltSwitch,WillOWisp|Bold|||||50|
|showteam|p2|Froslass||Froslassite|CursedBody|Blizzard,ShadowBall,AuroraVeil,Protect|Timid||F|||50|]Empoleon||Leftovers|Competitive|WaterPulse,FlashCannon,IcyWind,Protect|Modest||M|||50|]Incineroar||ChopleBerry|Intimidate|FlareBlitz,DarkestLariat,FakeOut,PartingShot|Adamant||F|||50|]Rotom-Frost||ChoiceScarf|Levitate|Blizzard,Thunderbolt,Discharge,Electroweb|Timid|||||50|]Sneasler||WhiteHerb|Unburden|DireClaw,CloseCombat,FakeOut,Protect|Jolly||F|||50|]Garchomp||LumBerry|RoughSkin|DragonClaw,Earthquake,RockSlide,Protect|Jolly||M|||50|
|c|☆Mashuno|gl hf <3
|c|☆vincentgatr|u2
|inactive|Battle timer is ON: inactive players will automatically lose when time's up. (requested by vincentgatr)
|
|t:|1785443614
|teamsize|p1|4
|teamsize|p2|4
|start
|switch|p1a: Incineroar|Incineroar, L50, M|100/100
|switch|p1b: Gholdengo|Gholdengo, L50|100/100
|switch|p2a: Sneasler|Sneasler, L50, F|100/100
|switch|p2b: Incineroar|Incineroar, L50, F|100/100
|-ability|p2b: Incineroar|Intimidate|boost
|-unboost|p1a: Incineroar|atk|1
|-unboost|p1b: Gholdengo|atk|1
|-ability|p1a: Incineroar|Intimidate|boost
|-unboost|p2a: Sneasler|atk|1
|-unboost|p2b: Incineroar|atk|1
|-enditem|p2a: Sneasler|White Herb
|-clearnegativeboost|p2a: Sneasler|[silent]
|turn|1
|inactive|vincentgatr has 30 seconds left.
|
|t:|1785443641
|move|p1b: Gholdengo|Protect|p1b: Gholdengo
|-singleturn|p1b: Gholdengo|Protect
|move|p2a: Sneasler|Fake Out|p1a: Incineroar
|-damage|p1a: Incineroar|90/100
|move|p2b: Incineroar|Flare Blitz|p1b: Gholdengo
|-activate|p1b: Gholdengo|move: Protect
|cant|p1a: Incineroar|flinch
|
|upkeep
|turn|2
|
|t:|1785443663
|switch|p1b: Dragonite|Dragonite, L50, M|100/100
|switch|p1a: Whimsicott|Whimsicott, L50, F|100/100
|move|p2a: Sneasler|Close Combat|p1a: Whimsicott
|-resisted|p1a: Whimsicott|1
|-crit|p1a: Whimsicott
|-damage|p1a: Whimsicott|27/100
|-unboost|p2a: Sneasler|def|1
|-unboost|p2a: Sneasler|spd|1
|move|p2b: Incineroar|Flare Blitz|p1b: Dragonite
|-resisted|p1b: Dragonite|1
|-damage|p1b: Dragonite|91/100
|-damage|p2b: Incineroar|97/100|[from] Recoil
|
|upkeep
|turn|3
|inactive|Mashuno has 30 seconds left.
|inactive|vincentgatr has 30 seconds left.
|
|t:|1785443695
|detailschange|p1b: Dragonite|Dragonite-Mega, L50, M
|-mega|p1b: Dragonite|Dragonite|Dragoninite
|move|p2a: Sneasler|Protect|p2a: Sneasler
|-singleturn|p2a: Sneasler|Protect
|move|p1a: Whimsicott|Tailwind|p1a: Whimsicott
|-sidestart|p1: Mashuno|move: Tailwind
|move|p1b: Dragonite|Dragon Pulse|p2b: Incineroar
|-damage|p2b: Incineroar|50/100y
|move|p2b: Incineroar|Flare Blitz|p1a: Whimsicott
|-supereffective|p1a: Whimsicott|1
|-damage|p1a: Whimsicott|0 fnt
|faint|p1a: Whimsicott
|-damage|p2b: Incineroar|43/100|[from] Recoil
|
|upkeep
|
|t:|1785443707
|switch|p1a: Incineroar|Incineroar, L50, M|90/100
|-ability|p1a: Incineroar|Intimidate|boost
|-unboost|p2a: Sneasler|atk|1
|-unboost|p2b: Incineroar|atk|1
|turn|4
|inactive|vincentgatr has 30 seconds left.
|
|t:|1785443735
|switch|p2a: Rotom|Rotom-Frost, L50|100/100
|move|p1a: Incineroar|Fake Out|p2a: Rotom
|-damage|p2a: Rotom|87/100
|move|p1b: Dragonite|Dragon Pulse|p2b: Incineroar
|-damage|p2b: Incineroar|0 fnt
|faint|p2b: Incineroar
|
|upkeep
|
|t:|1785443746
|switch|p2b: Sneasler|Sneasler, L50, F|100/100
|turn|5
|inactive|vincentgatr has 30 seconds left.
|
|t:|1785443779
|switch|p1a: Gholdengo|Gholdengo, L50|100/100
|move|p1b: Dragonite|Protect|p1b: Dragonite
|-singleturn|p1b: Dragonite|Protect
|move|p2b: Sneasler|Fake Out|p1b: Dragonite
|-activate|p1b: Dragonite|move: Protect
|move|p2a: Rotom|Blizzard|p1b: Dragonite|[spread] p1a
|-activate|p1b: Dragonite|move: Protect
|-resisted|p1a: Gholdengo|1
|-damage|p1a: Gholdengo|80/100
|
|upkeep
|turn|6
|inactive|vincentgatr has 30 seconds left.
|
|t:|1785443810
|switch|p1b: Incineroar|Incineroar, L50, M|90/100
|-ability|p1b: Incineroar|Intimidate|boost
|-unboost|p2a: Rotom|atk|1
|-unboost|p2b: Sneasler|atk|1
|move|p1a: Gholdengo|Make It Rain|p2b: Sneasler|[spread] p2a,p2b
|-damage|p2a: Rotom|3/100
|-damage|p2b: Sneasler|22/100
|-unboost|p1a: Gholdengo|spa|2
|-damage|p1a: Gholdengo|71/100|[from] item: Life Orb
|move|p2a: Rotom|Blizzard|p1a: Gholdengo|[spread] p1b
|-miss|p2a: Rotom|p1a: Gholdengo
|-resisted|p1b: Incineroar|1
|-damage|p1b: Incineroar|75/100
|-status|p1b: Incineroar|frz
|move|p2b: Sneasler|Close Combat|p1b: Incineroar
|-supereffective|p1b: Incineroar|1
|-damage|p1b: Incineroar|15/100 frz
|-unboost|p2b: Sneasler|def|1
|-unboost|p2b: Sneasler|spd|1
|
|-sideend|p1: Mashuno|move: Tailwind
|upkeep
|turn|7
|inactive|Mashuno has 30 seconds left.
|inactive|vincentgatr has 30 seconds left.
|inactive|Mashuno has 20 seconds left.
|inactive|vincentgatr has 20 seconds left.
|inactive|Mashuno has 15 seconds left.
|inactive|Mashuno has 10 seconds left.
|inactive|vincentgatr has 15 seconds left.
|inactive|Mashuno has 5 seconds left.
|
|t:|1785443862
|move|p2a: Rotom|Blizzard|p1b: Incineroar|[spread] p1a
|-miss|p2a: Rotom|p1b: Incineroar
|-resisted|p1a: Gholdengo|1
|-damage|p1a: Gholdengo|50/100g
|move|p2b: Sneasler|Dire Claw|p1b: Incineroar
|-damage|p1b: Incineroar|0 fnt
|faint|p1b: Incineroar
|move|p1a: Gholdengo|Nasty Plot|p1a: Gholdengo
|-boost|p1a: Gholdengo|spa|2
|
|upkeep
|
|t:|1785443872
|switch|p1b: Dragonite|Dragonite-Mega, L50, M|91/100
|turn|8
|
|t:|1785443888
|move|p2b: Sneasler|Protect|p2b: Sneasler
|-singleturn|p2b: Sneasler|Protect
|move|p1b: Dragonite|Protect|p1b: Dragonite
|-singleturn|p1b: Dragonite|Protect
|move|p2a: Rotom|Blizzard|p1b: Dragonite|[spread] p1a
|-activate|p1b: Dragonite|move: Protect
|-resisted|p1a: Gholdengo|1
|-damage|p1a: Gholdengo|30/100
|move|p1a: Gholdengo|Make It Rain|p2b: Sneasler|[spread] 
|-activate|p2b: Sneasler|move: Protect
|-miss|p1a: Gholdengo|p2a: Rotom
|
|upkeep
|turn|9
|inactive|Mashuno has 30 seconds left.
|
|t:|1785443915
|move|p1b: Dragonite|Protect||[still]
|-fail|p1b: Dragonite
|move|p2a: Rotom|Blizzard|p1a: Gholdengo|[spread] p1a,p1b
|-resisted|p1a: Gholdengo|1
|-supereffective|p1b: Dragonite|2
|-damage|p1a: Gholdengo|10/100
|-damage|p1b: Dragonite|0 fnt
|faint|p1b: Dragonite
|move|p2b: Sneasler|Dire Claw|p1a: Gholdengo
|-immune|p1a: Gholdengo
|move|p1a: Gholdengo|Shadow Ball|p2a: Rotom
|-damage|p2a: Rotom|0 fnt
|faint|p2a: Rotom
|-damage|p1a: Gholdengo|1/100|[from] item: Life Orb
|
|upkeep
|c|☆Mashuno|ggs
|
|t:|1785443930
|switch|p2a: Froslass|Froslass, L50, F|100/100
|turn|10
|c|☆vincentgatr|gg
|-message|Mashuno forfeited.
|
|win|vincentgatr
||vincentgatr is ready for game 2.
|inactive|Mashuno has 30 seconds to confirm battle start!
|inactive|Mashuno has 20 seconds to confirm battle start!
|inactive|Mashuno has 10 seconds to confirm battle start!
||Mashuno is ready for game 2.
|uhtml|next|Next: Game 2 of 3
