|j|☆RayGarraty47
|j|☆T-block
|html|RayGarraty47T-block    
|uhtml|bestof|Game 2 of a best-of-3
|t:|1756442274
|gametype|doubles
|player|p1|RayGarraty47|169|1273
|player|p2|T-block|265|1413
|gen|9
|tier|[Gen 9] VGC 2025 Reg H (Bo3)
|rated|
|rule|Species Clause: Limit one of each Pokémon
|rule|Item Clause: Limit 1 of each item
|clearpoke
|poke|p1|Ursaluna, L50, F|
|poke|p1|Gholdengo, L50|
|poke|p1|Incineroar, L50, M|
|poke|p1|Amoonguss, L50, F|
|poke|p1|Porygon2, L50|
|poke|p1|Hydreigon, L50, F|
|poke|p2|Rillaboom, L50, M|
|poke|p2|Ninetales-Alola, L50, M|
|poke|p2|Gholdengo, L50|
|poke|p2|Garchomp, L50, F|
|poke|p2|Incineroar, L50, M|
|poke|p2|Dragonite, L50, M|
|teampreview|4
|showteam|p1|Ursaluna||FlameOrb|Guts|Facade,HeadlongRush,Earthquake,Protect|||F|||50|,,,,,Ghost]Gholdengo||IronPlate|GoodasGold|MakeItRain,ShadowBall,NastyPlot,Protect||||||50|,,,,,Water]Incineroar||SitrusBerry|Intimidate|FlareBlitz,KnockOff,FakeOut,PartingShot|||M|||50|,,,,,Ghost]Amoonguss||CovertCloak|Regenerator|Spore,RagePowder,PollenPuff,Protect|||F|||50|,,,,,Psychic]Porygon2||Eviolite|Download|TeraBlast,IceBeam,Recover,TrickRoom||||||50|,,,,,Fighting]Hydreigon||SafetyGoggles|Levitate|DracoMeteor,Snarl,Tailwind,Protect|||F|||50|,,,,,Ghost
|showteam|p2|Rillaboom||AssaultVest|GrassySurge|GrassyGlide,WoodHammer,FakeOut,HighHorsepower|||M|||50|,,,,,Fire]Ninetales-Alola||FocusSash|SnowWarning|Blizzard,IcyWind,Encore,AuroraVeil|||M|||50|,,,,,Ghost]Gholdengo||GrassySeed|GoodasGold|NastyPlot,MakeItRain,ShadowBall,Protect||||||50|,,,,,Water]Garchomp||LifeOrb|RoughSkin|StompingTantrum,RockSlide,DragonClaw,Protect|||F|||50|,,,,,Fire]Incineroar||SafetyGoggles|Intimidate|FlareBlitz,KnockOff,FakeOut,PartingShot|||M|||50|,,,,,Water]Dragonite||LoadedDice|Multiscale|ScaleShot,Haze,Tailwind,Protect|||M|||50|,,,,,Fairy
|inactive|Battle timer is ON: inactive players will automatically lose when time's up. (requested by RayGarraty47)
|
|t:|1756442301
|teamsize|p1|4
|teamsize|p2|4
|start
|switch|p1a: Incineroar|Incineroar, L50, M|100/100
|switch|p1b: Hydreigon|Hydreigon, L50, F|100/100
|switch|p2a: Incineroar|Incineroar, L50, M|100/100
|switch|p2b: Ninetales|Ninetales-Alola, L50, M|100/100
|-weather|Snowscape|[from] ability: Snow Warning|[of] p2b: Ninetales
|-ability|p1a: Incineroar|Intimidate|boost
|-unboost|p2a: Incineroar|atk|1
|-unboost|p2b: Ninetales|atk|1
|-ability|p2a: Incineroar|Intimidate|boost
|-unboost|p1a: Incineroar|atk|1
|-unboost|p1b: Hydreigon|atk|1
|turn|1
|inactive|T-block has 30 seconds left.
|inactive|RayGarraty47 has 30 seconds left.
|inactive|RayGarraty47 has 20 seconds left.
|inactive|RayGarraty47 has 15 seconds left.
|
|t:|1756442351
|-terastallize|p1a: Incineroar|Ghost
|move|p2a: Incineroar|Fake Out|p1b: Hydreigon
|-damage|p1b: Hydreigon|91/100
|move|p2b: Ninetales|Aurora Veil|p2b: Ninetales
|-sidestart|p2: T-block|move: Aurora Veil
|cant|p1b: Hydreigon|flinch
|move|p1a: Incineroar|Flare Blitz|p2b: Ninetales
|-supereffective|p2b: Ninetales
|-damage|p2b: Ninetales|52/100
|-damage|p1a: Incineroar|88/100|[from] Recoil
|
|-weather|Snowscape|[upkeep]
|upkeep
|turn|2
|inactive|T-block has 30 seconds left.
|
|t:|1756442377
|switch|p1b: Porygon2|Porygon2, L50|100/100
|-ability|p1b: Porygon2|Download|boost
|-boost|p1b: Porygon2|atk|1
|move|p2b: Ninetales|Blizzard|p1a: Incineroar|[spread] p1a,p1b
|-damage|p1a: Incineroar|58/100
|-damage|p1b: Porygon2|80/100
|move|p1a: Incineroar|Parting Shot|p2b: Ninetales
|-unboost|p2b: Ninetales|atk|1
|-unboost|p2b: Ninetales|spa|1
|
|t:|1756442386
|switch|p1a: Hydreigon|Hydreigon, L50, F|91/100|[from] Parting Shot
|move|p2a: Incineroar|Parting Shot|p1a: Hydreigon
|-unboost|p1a: Hydreigon|atk|1
|-unboost|p1a: Hydreigon|spa|1
|
|t:|1756442410
|switch|p2a: Gholdengo|Gholdengo, L50|100/100|[from] Parting Shot
|
|-weather|Snowscape|[upkeep]
|upkeep
|turn|3
|inactive|T-block has 30 seconds left.
|
|t:|1756442439
|-terastallize|p2a: Gholdengo|Water
|move|p2b: Ninetales|Blizzard|p1b: Porygon2|[spread] p1a,p1b
|-supereffective|p1a: Hydreigon
|-damage|p1a: Hydreigon|47/100
|-damage|p1b: Porygon2|68/100
|move|p1a: Hydreigon|Snarl|p2a: Gholdengo|[spread] p2a,p2b
|-resisted|p2b: Ninetales
|-damage|p2a: Gholdengo|92/100
|-damage|p2b: Ninetales|47/100
|-unboost|p2a: Gholdengo|spa|1
|-unboost|p2b: Ninetales|spa|1
|move|p2a: Gholdengo|Nasty Plot|p2a: Gholdengo
|-boost|p2a: Gholdengo|spa|2
|move|p1b: Porygon2|Trick Room|p1b: Porygon2
|-fieldstart|move: Trick Room|[of] p1b: Porygon2
|
|-weather|Snowscape|[upkeep]
|upkeep
|turn|4
|inactive|RayGarraty47 has 30 seconds left.
|inactive|T-block has 30 seconds left.
|inactive|RayGarraty47 has 20 seconds left.
|inactive|RayGarraty47 has 15 seconds left.
|inactive|RayGarraty47 has 10 seconds left.
|
|t:|1756442490
|move|p1b: Porygon2|Ice Beam|p2a: Gholdengo
|-resisted|p2a: Gholdengo
|-damage|p2a: Gholdengo|83/100
|move|p2a: Gholdengo|Make It Rain|p1b: Porygon2|[spread] p1a,p1b
|-damage|p1a: Hydreigon|0 fnt
|-damage|p1b: Porygon2|28/100
|-unboost|p2a: Gholdengo|spa|1
|faint|p1a: Hydreigon
|move|p2b: Ninetales|Encore|p1b: Porygon2
|-start|p1b: Porygon2|Encore
|
|-weather|Snowscape|[upkeep]
|upkeep
|
|t:|1756442498
|switch|p1a: Incineroar|Incineroar, L50, M, tera:Ghost|58/100
|-ability|p1a: Incineroar|Intimidate|boost
|-unboost|p2a: Gholdengo|atk|1
|-unboost|p2b: Ninetales|atk|1
|turn|5
|
|t:|1756442511
|switch|p2b: Incineroar|Incineroar, L50, M|100/100
|-ability|p2b: Incineroar|Intimidate|boost
|-unboost|p1a: Incineroar|atk|1
|-unboost|p1b: Porygon2|atk|1
|move|p2a: Gholdengo|Protect|p2a: Gholdengo
|-singleturn|p2a: Gholdengo|Protect
|move|p1b: Porygon2|Ice Beam|p2a: Gholdengo
|-activate|p2a: Gholdengo|move: Protect
|move|p1a: Incineroar|Flare Blitz|p2b: Incineroar
|-resisted|p2b: Incineroar
|-damage|p2b: Incineroar|88/100
|-damage|p1a: Incineroar|54/100|[from] Recoil
|
|-weather|none
|-sideend|p2: T-block|move: Aurora Veil
|upkeep
|turn|6
|inactive|T-block has 30 seconds left.
|
|t:|1756442538
|switch|p1b: Gholdengo|Gholdengo, L50|100/100
|move|p2b: Incineroar|Knock Off|p1b: Gholdengo
|-supereffective|p1b: Gholdengo
|-damage|p1b: Gholdengo|22/100
|-enditem|p1b: Gholdengo|Iron Plate|[from] move: Knock Off|[of] p2b: Incineroar
|move|p1a: Incineroar|Knock Off|p2a: Gholdengo
|-crit|p2a: Gholdengo
|-damage|p2a: Gholdengo|17/100
|-enditem|p2a: Gholdengo|Grassy Seed|[from] move: Knock Off|[of] p1a: Incineroar
|move|p2a: Gholdengo|Make It Rain|p1a: Incineroar|[spread] p1a,p1b
|-resisted|p1b: Gholdengo
|-damage|p1a: Incineroar|9/100
|-damage|p1b: Gholdengo|0 fnt
|-unboost|p2a: Gholdengo|spa|1
|-enditem|p1a: Incineroar|Sitrus Berry|[eat]
|-heal|p1a: Incineroar|34/100|[from] item: Sitrus Berry
|faint|p1b: Gholdengo
|
|upkeep
|
|t:|1756442550
|switch|p1b: Porygon2|Porygon2, L50|28/100
|-ability|p1b: Porygon2|Download|boost
|-boost|p1b: Porygon2|atk|1
|turn|7
|
|t:|1756442566
|move|p2a: Gholdengo|Protect|p2a: Gholdengo
|-singleturn|p2a: Gholdengo|Protect
|move|p1b: Porygon2|Ice Beam|p2b: Incineroar
|-resisted|p2b: Incineroar
|-damage|p2b: Incineroar|78/100
|move|p2b: Incineroar|Parting Shot|p1b: Porygon2
|-unboost|p1b: Porygon2|atk|1
|-unboost|p1b: Porygon2|spa|1
|-message|RayGarraty47 forfeited.
|
|win|T-block
|raw|RayGarraty47's rating: 1273 → 1258(-15 for losing)
|raw|T-block's rating: 1413 → 1425(+12 for winning)
|l|☆RayGarraty47
|player|p1|
