|j|☆crampardos
|j|☆Broey_jiggs
|html|crampardosBroey_jiggs    
|uhtml|bestof|Game 3 of a best-of-3
|t:|1783086224
|gametype|doubles
|player|p1|crampardos|firebreather|1000
|player|p2|Broey_jiggs|266|1021
|gen|9
|tier|[Gen 9 Champions] VGC 2026 Reg M-B (Bo3)
|rated|
|rule|Species Clause: Limit one of each Pokémon
|rule|Item Clause: Limit 1 of each item
|clearpoke
|poke|p1|Rampardos, L50, M, shiny|
|poke|p1|Wyrdeer, L50, F|
|poke|p1|Serperior, L50, M|
|poke|p1|Milotic, L50, F|
|poke|p1|Blaziken, L50, M|
|poke|p1|Floette-Eternal, L50, F|
|poke|p2|Toxapex, L50, F|
|poke|p2|Rotom-Wash, L50|
|poke|p2|Corviknight, L50, M|
|poke|p2|Sinistcha-Masterpiece, L50|
|poke|p2|Tyranitar, L50, M|
|poke|p2|Garchomp, L50, M|
|teampreview|4
|showteam|p1|Rampardos||LifeOrb|SheerForce|Protect,Thunder,Blizzard,FireBlast|Quiet||M|||50|]Wyrdeer||ColburBerry|Intimidate|PsyshieldBash,Gravity,Hypnosis,TrickRoom|Adamant||F|||50|]Serperior||SitrusBerry|Contrary|LeafStorm,LightScreen,Reflect,Glare|Timid||M|||50|]Milotic||Leftovers|Competitive|MuddyWater,Hypnosis,LifeDew,Coil|Sassy||F|||50|]Blaziken||Blazikenite|SpeedBoost|Protect,BulkUp,ShadowClaw,CloseCombat|Adamant||M|||50|]Floette-Eternal||Floettite|FlowerVeil|Moonblast,DazzlingGleam,CalmMind,Protect|Timid||F|||50|
|showteam|p2|Toxapex||Leftovers|Regenerator|Toxic,BanefulBunker,Infestation,Recover|Bold||F|||50|]Rotom-Wash||Magnet|Levitate|HydroPump,Thunderbolt,WillOWisp,Protect|Calm|||||50|]Corviknight||OccaBerry|MirrorArmor|BodyPress,Roost,IronDefense,BraveBird|Careful||M|||50|]Sinistcha-Masterpiece||MiracleSeed|Hospitality|MatchaGotcha,LifeDew,Protect,TrickRoom|Relaxed|||||50|]Tyranitar||Tyranitarite|SandStream|RockSlide,Earthquake,KnockOff,Protect|Adamant||M|||50|]Garchomp||LifeOrb|SandVeil|Earthquake,EarthPower,Protect,DragonClaw|Jolly||M|||50|
|inactive|Battle timer is ON: inactive players will automatically lose when time's up. (requested by Broey_jiggs)
|
|t:|1783086230
|teamsize|p1|4
|teamsize|p2|4
|start
|switch|p1a: Wyrdeer|Wyrdeer, L50, F|100/100
|switch|p1b: Milotic|Milotic, L50, F|100/100
|switch|p2a: Toxapex|Toxapex, L50, F|100/100
|switch|p2b: Garchomp|Garchomp, L50, M|100/100
|-ability|p1a: Wyrdeer|Intimidate|boost
|-unboost|p2a: Toxapex|atk|1
|-unboost|p2b: Garchomp|atk|1
|turn|1
|
|t:|1783086249
|move|p2a: Toxapex|Baneful Bunker|p2a: Toxapex
|-singleturn|p2a: Toxapex|move: Protect
|move|p2b: Garchomp|Earthquake|p1a: Wyrdeer|[spread] p1a,p1b
|-activate|p2a: Toxapex|move: Protect
|-damage|p1a: Wyrdeer|63/100
|-damage|p1b: Milotic|72/100
|-damage|p2b: Garchomp|90/100|[from] item: Life Orb
|move|p1a: Wyrdeer|Psyshield Bash|p2a: Toxapex
|-activate|p2a: Toxapex|move: Protect
|-status|p1a: Wyrdeer|psn
|move|p1b: Milotic|Hypnosis|p2b: Garchomp
|-status|p2b: Garchomp|slp|[from] move: Hypnosis
|
|-heal|p1b: Milotic|78/100|[from] item: Leftovers
|-damage|p1a: Wyrdeer|51/100 psn|[from] psn
|upkeep
|turn|2
|
|t:|1783086270
|cant|p2b: Garchomp|slp
|move|p1a: Wyrdeer|Psyshield Bash|p2a: Toxapex
|-supereffective|p2a: Toxapex|1
|-damage|p2a: Toxapex|52/100
|-boost|p1a: Wyrdeer|def|1
|move|p1b: Milotic|Life Dew|p1b: Milotic|[spread] p1a,p1b
|-heal|p1a: Wyrdeer|76/100 psn
|-heal|p1b: Milotic|100/100
|move|p2a: Toxapex|Toxic|p1b: Milotic
|-status|p1b: Milotic|tox
|
|-heal|p2a: Toxapex|58/100|[from] item: Leftovers
|-damage|p1a: Wyrdeer|64/100 psn|[from] psn
|-damage|p1b: Milotic|94/100 tox|[from] psn
|upkeep
|turn|3
|inactive|crampardos has 30 seconds left.
|
|t:|1783086295
|move|p2a: Toxapex|Baneful Bunker|p2a: Toxapex
|-singleturn|p2a: Toxapex|move: Protect
|cant|p2b: Garchomp|slp
|move|p1a: Wyrdeer|Psyshield Bash|p2a: Toxapex
|-activate|p2a: Toxapex|move: Protect
|move|p1b: Milotic|Life Dew|p1b: Milotic|[spread] p1a,p1b
|-heal|p1a: Wyrdeer|89/100 psn
|-heal|p1b: Milotic|100/100 tox
|
|-heal|p2a: Toxapex|64/100|[from] item: Leftovers
|-damage|p1a: Wyrdeer|77/100 psn|[from] psn
|-damage|p1b: Milotic|88/100 tox|[from] psn
|upkeep
|turn|4
|inactive|Broey_jiggs has 30 seconds left.
|
|t:|1783086322
|switch|p1b: Serperior|Serperior, L50, M|100/100
|-heal|p2a: Toxapex|97/100|[from] ability: Regenerator|[silent]
|switch|p2a: Corviknight|Corviknight, L50, M|100/100
|-curestatus|p2b: Garchomp|slp|[msg]
|move|p2b: Garchomp|Dragon Claw|p1b: Serperior
|-damage|p1b: Serperior|67/100
|-damage|p2b: Garchomp|80/100|[from] item: Life Orb
|move|p1a: Wyrdeer|Gravity|p1a: Wyrdeer
|-fieldstart|move: Gravity
|
|-damage|p1a: Wyrdeer|65/100 psn|[from] psn
|upkeep
|turn|5
|
|t:|1783086338
|move|p1b: Serperior|Reflect|p1b: Serperior
|-sidestart|p1: crampardos|Reflect
|move|p2b: Garchomp|Dragon Claw|p1b: Serperior
|-damage|p1b: Serperior|43/100
|-enditem|p1b: Serperior|Sitrus Berry|[eat]
|-heal|p1b: Serperior|68/100|[from] item: Sitrus Berry
|-damage|p2b: Garchomp|70/100|[from] item: Life Orb
|move|p1a: Wyrdeer|Hypnosis|p2b: Garchomp
|-status|p2b: Garchomp|slp|[from] move: Hypnosis
|move|p2a: Corviknight|Brave Bird|p1b: Serperior
|-supereffective|p1b: Serperior|1
|-crit|p1b: Serperior
|-damage|p1b: Serperior|0 fnt
|faint|p1b: Serperior
|-damage|p2a: Corviknight|80/100|[from] Recoil
|
|-damage|p1a: Wyrdeer|53/100 psn|[from] psn
|upkeep
|
|t:|1783086354
|switch|p1b: Rampardos|Rampardos, L50, M, shiny|100/100
|turn|6
|
|t:|1783086372
|cant|p2b: Garchomp|slp
|move|p1b: Rampardos|Protect|p1b: Rampardos
|-singleturn|p1b: Rampardos|Protect
|move|p1a: Wyrdeer|Hypnosis|p2a: Corviknight
|-status|p2a: Corviknight|slp|[from] move: Hypnosis
|cant|p2a: Corviknight|slp
|
|-damage|p1a: Wyrdeer|41/100 psn|[from] psn
|upkeep
|turn|7
|
|t:|1783086389
|-curestatus|p2b: Garchomp|slp|[msg]
|move|p2b: Garchomp|Protect|p2b: Garchomp
|-singleturn|p2b: Garchomp|Protect
|move|p1a: Wyrdeer|Psyshield Bash|p2b: Garchomp
|-activate|p2b: Garchomp|move: Protect
|cant|p2a: Corviknight|slp
|move|p1b: Rampardos|Blizzard|p2a: Corviknight|[spread] p2a
|-activate|p2b: Garchomp|move: Protect
|-damage|p2a: Corviknight|55/100 slp
|
|-damage|p1a: Wyrdeer|29/100 psn|[from] psn
|upkeep
|turn|8
|
|t:|1783086407
|switch|p1a: Milotic|Milotic, L50, F|88/100 tox
|move|p2b: Garchomp|Earthquake|p1b: Rampardos|[spread] p2a,p1a,p1b
|-supereffective|p2a: Corviknight|1
|-crit|p1a: Milotic
|-supereffective|p1b: Rampardos|1
|-damage|p2a: Corviknight|0 fnt
|-damage|p1a: Milotic|31/100 tox
|-damage|p1b: Rampardos|40/100
|faint|p2a: Corviknight
|-damage|p2b: Garchomp|61/100|[from] item: Life Orb
|move|p1b: Rampardos|Blizzard|p2b: Garchomp
|-supereffective|p2b: Garchomp|2
|-damage|p2b: Garchomp|0 fnt
|faint|p2b: Garchomp
|
|-heal|p1a: Milotic|37/100 tox|[from] item: Leftovers
|-damage|p1a: Milotic|31/100 tox|[from] psn
|-fieldend|move: Gravity
|upkeep
|
|t:|1783086415
|switch|p2b: Sinistcha|Sinistcha-Masterpiece, L50|100/100
|switch|p2a: Toxapex|Toxapex, L50, F|97/100
|-heal|p2a: Toxapex|100/100|[from] ability: Hospitality|[of] p2b: Sinistcha
|turn|9
|
|t:|1783086435
|move|p2a: Toxapex|Baneful Bunker|p2a: Toxapex
|-singleturn|p2a: Toxapex|move: Protect
|move|p1a: Milotic|Hypnosis|p2a: Toxapex
|-activate|p2a: Toxapex|move: Protect
|move|p1b: Rampardos|Fire Blast|p2b: Sinistcha
|-supereffective|p2b: Sinistcha|1
|-damage|p2b: Sinistcha|0 fnt
|faint|p2b: Sinistcha
|
|-heal|p1a: Milotic|37/100 tox|[from] item: Leftovers
|-damage|p1a: Milotic|25/100 tox|[from] psn
|-sideend|p1: crampardos|Reflect
|upkeep
|turn|10
|
|t:|1783086450
|move|p1a: Milotic|Hypnosis|p2a: Toxapex
|-status|p2a: Toxapex|slp|[from] move: Hypnosis
|move|p1b: Rampardos|Thunder|p2a: Toxapex
|-supereffective|p2a: Toxapex|1
|-damage|p2a: Toxapex|17/100 slp
|cant|p2a: Toxapex|slp
|
|-heal|p1a: Milotic|31/100 tox|[from] item: Leftovers
|-heal|p2a: Toxapex|22/100 slp|[from] item: Leftovers
|-damage|p1a: Milotic|13/100 tox|[from] psn
|upkeep
|turn|11
|
|t:|1783086467
|cant|p2a: Toxapex|slp
|move|p1a: Milotic|Life Dew|p1a: Milotic|[spread] p1a,p1b
|-heal|p1a: Milotic|38/100 tox
|-heal|p1b: Rampardos|65/100
|move|p1b: Rampardos|Thunder|p2a: Toxapex|[miss]
|-miss|p1b: Rampardos|p2a: Toxapex
|
|-heal|p1a: Milotic|44/100 tox|[from] item: Leftovers
|-heal|p2a: Toxapex|28/100 slp|[from] item: Leftovers
|-damage|p1a: Milotic|20/100y tox|[from] psn
|upkeep
|turn|12
|
|t:|1783086481
|-curestatus|p2a: Toxapex|slp|[msg]
|move|p2a: Toxapex|Baneful Bunker|p2a: Toxapex
|-singleturn|p2a: Toxapex|move: Protect
|move|p1a: Milotic|Life Dew|p1a: Milotic|[spread] p1a,p1b
|-heal|p1a: Milotic|45/100 tox
|-heal|p1b: Rampardos|90/100
|move|p1b: Rampardos|Thunder|p2a: Toxapex
|-activate|p2a: Toxapex|move: Protect
|
|-heal|p1a: Milotic|51/100 tox|[from] item: Leftovers
|-heal|p2a: Toxapex|34/100|[from] item: Leftovers
|-damage|p1a: Milotic|21/100 tox|[from] psn
|upkeep
|turn|13
|
|t:|1783086500
|move|p1a: Milotic|Hypnosis|p2a: Toxapex
|-status|p2a: Toxapex|slp|[from] move: Hypnosis
|move|p1b: Rampardos|Thunder|p2a: Toxapex|[miss]
|-miss|p1b: Rampardos|p2a: Toxapex
|cant|p2a: Toxapex|slp
|
|-heal|p1a: Milotic|27/100 tox|[from] item: Leftovers
|-heal|p2a: Toxapex|40/100 slp|[from] item: Leftovers
|-damage|p1a: Milotic|0 fnt|[from] psn
|faint|p1a: Milotic
|upkeep
|
|t:|1783086506
|switch|p1a: Wyrdeer|Wyrdeer, L50, F|29/100 psn
|-ability|p1a: Wyrdeer|Intimidate|boost
|-unboost|p2a: Toxapex|atk|1
|turn|14
|
|t:|1783086516
|cant|p2a: Toxapex|slp
|move|p1a: Wyrdeer|Gravity|p1a: Wyrdeer
|-fieldstart|move: Gravity
|move|p1b: Rampardos|Thunder|p2a: Toxapex
|-supereffective|p2a: Toxapex|1
|-damage|p2a: Toxapex|0 fnt
|faint|p2a: Toxapex
|
|win|crampardos
|raw|crampardos's rating: 1000 → 1042(+42 for winning)
|raw|Broey_jiggs's rating: 1021 → 1007(-14 for losing)
