|j|☆nocturnallynoct
|j|☆PokeMooney
|html|nocturnallynoctPokeMooney    
|uhtml|bestof|Game 1 of a best-of-3
|t:|1756156610
|gametype|doubles
|player|p1|nocturnallynoct|266|1146
|player|p2|PokeMooney|giovanni|1110
|gen|9
|tier|[Gen 9] VGC 2025 Reg H (Bo3)
|rated|
|rule|Species Clause: Limit one of each Pokémon
|rule|Item Clause: Limit 1 of each item
|clearpoke
|poke|p1|Sneasler, L50, M|
|poke|p1|Indeedee, L50, M|
|poke|p1|Tyranitar, L50, F|
|poke|p1|Ursaluna-Bloodmoon, L50, M|
|poke|p1|Electabuzz, L50, M|
|poke|p1|Talonflame, L50, F|
|poke|p2|Tyranitar, L50, M|
|poke|p2|Excadrill, L50, F|
|poke|p2|Kilowattrel, L50, F|
|poke|p2|Kommo-o, L50, F|
|poke|p2|Amoonguss, L50, F|
|poke|p2|Incineroar, L50, F|
|teampreview|4
|showteam|p1|Sneasler||PsychicSeed|Unburden|DireClaw,CloseCombat,ThroatChop,Protect|||M|||50|,,,,,Dark]Indeedee||FocusSash|PsychicSurge|ExpandingForce,TeraBlast,Protect,TrickRoom|||M|||50|,,,,,Fighting]Tyranitar||AssaultVest|SandStream|RockSlide,KnockOff,LowKick,TeraBlast|||F|||50|,,,,,Flying]Ursaluna-Bloodmoon||LifeOrb|MindsEye|BloodMoon,HyperVoice,EarthPower,Protect|||M|||50|,,,,,Normal]Electabuzz||Eviolite|VitalSpirit|Electroweb,FollowMe,Taunt,Protect|||M|||50|,,,,,Dragon]Talonflame||CovertCloak|GaleWings|DualWingbeat,FlareBlitz,Tailwind,WillOWisp|||F|||50|,,,,,Fairy
|showteam|p2|Tyranitar||AssaultVest|SandStream|RockSlide,KnockOff,TeraBlast,LowKick|||M|||50|,,,,,Flying]Excadrill||ClearAmulet|SandRush|Earthquake,RockSlide,IronHead,Protect|||F|||50|,,,,,Ground]Kilowattrel||FocusSash|Competitive|AirSlash,Thunderbolt,Tailwind,Protect|||F|||50|,,,,,Ghost]Kommo-o||ThroatSpray|Overcoat|ClangingScales,Flamethrower,ClangorousSoul,Protect|||F|||50|,,,,,Steel]Amoonguss||SitrusBerry|Regenerator|Spore,RagePowder,PollenPuff,Protect|||F|||50|,,,,,Water]Incineroar||SafetyGoggles|Intimidate|FakeOut,FlareBlitz,KnockOff,PartingShot|||F|||50|,,,,,Dragon
|inactive|Battle timer is ON: inactive players will automatically lose when time's up. (requested by nocturnallynoct)
|inactive|nocturnallynoct has 60 seconds left.
|inactive|PokeMooney has 60 seconds left.
|j| teamthief420
|l| teamthief420
|
|t:|1756156666
|teamsize|p1|4
|teamsize|p2|4
|start
|switch|p1a: Talonflame|Talonflame, L50, F|100/100
|switch|p1b: Ursaluna|Ursaluna-Bloodmoon, L50, M|100/100
|switch|p2a: Tyranitar|Tyranitar, L50, M|100/100
|switch|p2b: Excadrill|Excadrill, L50, F|100/100
|-weather|Sandstorm|[from] ability: Sand Stream|[of] p2a: Tyranitar
|turn|1
|inactive|nocturnallynoct has 30 seconds left.
|inactive|nocturnallynoct has 20 seconds left.
|
|t:|1756156702
|-terastallize|p1a: Talonflame|Fairy
|-terastallize|p2a: Tyranitar|Flying
|move|p2b: Excadrill|Protect|p2b: Excadrill
|-singleturn|p2b: Excadrill|Protect
|move|p1a: Talonflame|Tailwind|p1a: Talonflame
|-sidestart|p1: nocturnallynoct|move: Tailwind
|move|p1b: Ursaluna|Earth Power|p2b: Excadrill
|-activate|p2b: Excadrill|move: Protect
|move|p2a: Tyranitar|Knock Off|p1b: Ursaluna
|-damage|p1b: Ursaluna|57/100
|-enditem|p1b: Ursaluna|Life Orb|[from] move: Knock Off|[of] p2a: Tyranitar
|
|-weather|Sandstorm|[upkeep]
|-damage|p1a: Talonflame|95/100|[from] Sandstorm
|-damage|p2a: Tyranitar|95/100|[from] Sandstorm
|upkeep
|turn|2
|inactive|nocturnallynoct has 30 seconds left.
|inactive|PokeMooney has 30 seconds left.
|inactive|nocturnallynoct has 20 seconds left.
|
|t:|1756156740
|switch|p2b: Kilowattrel|Kilowattrel, L50, F|100/100
|move|p1a: Talonflame|Will-O-Wisp|p2b: Kilowattrel
|-status|p2b: Kilowattrel|brn
|move|p1b: Ursaluna|Blood Moon|p2a: Tyranitar
|-damage|p2a: Tyranitar|46/100
|move|p2a: Tyranitar|Low Kick|p1b: Ursaluna
|-supereffective|p1b: Ursaluna
|-damage|p1b: Ursaluna|0 fnt
|faint|p1b: Ursaluna
|
|-weather|Sandstorm|[upkeep]
|-damage|p1a: Talonflame|89/100|[from] Sandstorm
|-damage|p2b: Kilowattrel|94/100 brn|[from] Sandstorm
|-damage|p2a: Tyranitar|41/100|[from] Sandstorm
|-damage|p2b: Kilowattrel|88/100 brn|[from] brn
|upkeep
|
|t:|1756156763
|switch|p1b: Indeedee|Indeedee, L50, M|100/100
|-fieldstart|move: Psychic Terrain|[from] ability: Psychic Surge|[of] p1b: Indeedee
|turn|3
|
|t:|1756156783
|move|p1a: Talonflame|Flare Blitz|p2a: Tyranitar
|-damage|p2a: Tyranitar|0 fnt
|faint|p2a: Tyranitar
|-damage|p1a: Talonflame|73/100|[from] Recoil
|move|p1b: Indeedee|Expanding Force|p2b: Kilowattrel
|-damage|p2b: Kilowattrel|0 fnt
|faint|p2b: Kilowattrel
|
|-weather|Sandstorm|[upkeep]
|-damage|p1a: Talonflame|67/100|[from] Sandstorm
|-damage|p1b: Indeedee|95/100|[from] Sandstorm
|upkeep
|
|t:|1756156796
|switch|p2b: Amoonguss|Amoonguss, L50, F|100/100
|switch|p2a: Excadrill|Excadrill, L50, F|100/100
|turn|4
|inactive|nocturnallynoct has 30 seconds left.
|
|t:|1756156826
|move|p2a: Excadrill|Protect|p2a: Excadrill
|-singleturn|p2a: Excadrill|Protect
|move|p2b: Amoonguss|Protect|p2b: Amoonguss
|-singleturn|p2b: Amoonguss|Protect
|move|p1a: Talonflame|Flare Blitz|p2b: Amoonguss
|-activate|p2b: Amoonguss|move: Protect
|move|p1b: Indeedee|Expanding Force|p2a: Excadrill|[spread] 
|-activate|p2a: Excadrill|move: Protect
|-activate|p2b: Amoonguss|move: Protect
|
|-weather|Sandstorm|[upkeep]
|-damage|p1a: Talonflame|62/100|[from] Sandstorm
|-damage|p1b: Indeedee|89/100|[from] Sandstorm
|-damage|p2b: Amoonguss|95/100|[from] Sandstorm
|-sideend|p1: nocturnallynoct|move: Tailwind
|upkeep
|turn|5
|inactive|nocturnallynoct has 30 seconds left.
|inactive|PokeMooney has 30 seconds left.
|
|t:|1756156852
|switch|p1a: Sneasler|Sneasler, L50, M|100/100
|-enditem|p1a: Sneasler|Psychic Seed
|-boost|p1a: Sneasler|spd|1|[from] item: Psychic Seed
|move|p1b: Indeedee|Protect|p1b: Indeedee
|-singleturn|p1b: Indeedee|Protect
|move|p2a: Excadrill|Rock Slide|p1b: Indeedee|[spread] p1a
|-activate|p1b: Indeedee|move: Protect
|-resisted|p1a: Sneasler
|-damage|p1a: Sneasler|83/100
|move|p2b: Amoonguss|Spore|p1b: Indeedee
|-activate|p1b: Indeedee|move: Protect
|
|-weather|none
|upkeep
|turn|6
|
|t:|1756156873
|move|p2a: Excadrill|Protect|p2a: Excadrill
|-singleturn|p2a: Excadrill|Protect
|move|p2b: Amoonguss|Protect|p2b: Amoonguss
|-singleturn|p2b: Amoonguss|Protect
|move|p1a: Sneasler|Close Combat|p2a: Excadrill
|-activate|p2a: Excadrill|move: Protect
|move|p1b: Indeedee|Expanding Force|p2b: Amoonguss|[spread] 
|-activate|p2a: Excadrill|move: Protect
|-activate|p2b: Amoonguss|move: Protect
|
|upkeep
|turn|7
|
|t:|1756156890
|move|p2b: Amoonguss|Rage Powder|p2b: Amoonguss
|-singleturn|p2b: Amoonguss|move: Rage Powder
|move|p1a: Sneasler|Close Combat|p2b: Amoonguss
|-resisted|p2b: Amoonguss
|-damage|p2b: Amoonguss|65/100
|-unboost|p1a: Sneasler|def|1
|-unboost|p1a: Sneasler|spd|1
|move|p1b: Indeedee|Expanding Force|p2a: Excadrill|[spread] p2a,p2b
|-resisted|p2a: Excadrill
|-supereffective|p2b: Amoonguss
|-damage|p2a: Excadrill|65/100
|-damage|p2b: Amoonguss|0 fnt
|faint|p2b: Amoonguss
|move|p2a: Excadrill|Earthquake|p1b: Indeedee|[spread] p1a,p1b
|-supereffective|p1a: Sneasler
|-damage|p1a: Sneasler|0 fnt
|-damage|p1b: Indeedee|3/100
|faint|p1a: Sneasler
|
|-fieldend|move: Psychic Terrain
|upkeep
|
|t:|1756156905
|switch|p1a: Talonflame|Talonflame, L50, F, tera:Fairy|62/100
|turn|8
|
|t:|1756156914
|move|p1a: Talonflame|Flare Blitz|p2a: Excadrill
|-supereffective|p2a: Excadrill
|-damage|p2a: Excadrill|0 fnt
|faint|p2a: Excadrill
|-damage|p1a: Talonflame|39/100|[from] Recoil
|
|win|nocturnallynoct
||PokeMooney is ready for game 2.
||nocturnallynoct is ready for game 2.
|uhtml|next|Next: Game 2 of 3
|l|☆PokeMooney
|player|p2|
