|j|☆Carter.Dev
|j|☆Livnlarge27
|html|Carter.DevLivnlarge27    
|uhtml|bestof|Game 3 of a best-of-3
|t:|1754415642
|gametype|doubles
|player|p1|Carter.Dev|102|1332
|player|p2|Livnlarge27|marlon|1332
|gen|9
|tier|[Gen 9] VGC 2025 Reg H (Bo3)
|rated|
|rule|Species Clause: Limit one of each Pokémon
|rule|Item Clause: Limit 1 of each item
|clearpoke
|poke|p1|Garchomp, L50, M|
|poke|p1|Gholdengo, L50|
|poke|p1|Incineroar, L50, F|
|poke|p1|Amoonguss, L50, M|
|poke|p1|Kilowattrel, L50, M|
|poke|p1|Tyranitar, L50, M|
|poke|p2|Dragapult, L50, F|
|poke|p2|Gholdengo, L50|
|poke|p2|Rillaboom, L50, F|
|poke|p2|Houndoom, L50, F|
|poke|p2|Flamigo, L50, M|
|poke|p2|Blastoise, L50, F|
|teampreview|4
|showteam|p1|Garchomp||LifeOrb|SandVeil|DragonClaw,StompingTantrum,Earthquake,Protect|||M|||50|,,,,,Ground]Gholdengo||MetalCoat|GoodasGold|MakeItRain,ShadowBall,NastyPlot,Protect||||||50|,,,,,Flying]Incineroar||SafetyGoggles|Intimidate|FakeOut,FlareBlitz,KnockOff,PartingShot|||F|||50|,,,,,Ghost]Amoonguss||SitrusBerry|Regenerator|Spore,RagePowder,PollenPuff,Protect|||M|||50|,,,,,Water]Kilowattrel||FocusSash|Competitive|Electroweb,VoltSwitch,AirSlash,Tailwind|||M|||50|,,,,,Ghost]Tyranitar||AssaultVest|SandStream|RockSlide,KnockOff,LowKick,TeraBlast|||M|||50|,,,,,Flying
|showteam|p2|Dragapult||ChoiceBand|ClearBody|DragonDarts,Uturn,PhantomForce,TeraBlast|||F|||50|,,,,,Fairy]Gholdengo||GrassySeed|GoodasGold|NastyPlot,ShadowBall,MakeItRain,Protect||||||50|,,,,,Water]Rillaboom||LoadedDice|GrassySurge|FakeOut,BulletSeed,GrassyGlide,HighHorsepower|||F|||50|,,,,,Fire]Houndoom||LifeOrb|FlashFire|Snarl,Flamethrower,DestinyBond,Protect|||F|||50|,,,,,Grass]Flamigo||FocusSash|Scrappy|CloseCombat,BraveBird,Tailwind,Detect|||M|||50|,,,,,Ghost]Blastoise||MysticWater|Torrent|FakeOut,WaterSpout,ShellSmash,HydroCannon|||F|||50|,,,,,Water
|c|☆Carter.Dev|For all the marbles
|
|t:|1754415665
|teamsize|p1|4
|teamsize|p2|4
|start
|switch|p1a: Gholdengo|Gholdengo, L50, shiny|100/100
|switch|p1b: Kilowattrel|Kilowattrel, L50, M, shiny|100/100
|switch|p2a: Gholdengo|Gholdengo, L50|100/100
|switch|p2b: Rillaboom|Rillaboom, L50, F|100/100
|-fieldstart|move: Grassy Terrain|[from] ability: Grassy Surge|[of] p2b: Rillaboom
|-enditem|p2a: Gholdengo|Grassy Seed
|-boost|p2a: Gholdengo|def|1|[from] item: Grassy Seed
|turn|1
|c|☆Livnlarge27|Can you overcome the turtle?!?!
|
|t:|1754415687
|-terastallize|p1a: Gholdengo|Flying
|move|p2b: Rillaboom|Fake Out|p1b: Kilowattrel
|-damage|p1b: Kilowattrel|75/100
|cant|p1b: Kilowattrel|flinch
|move|p1a: Gholdengo|Nasty Plot|p1a: Gholdengo
|-boost|p1a: Gholdengo|spa|2
|move|p2a: Gholdengo|Shadow Ball|p1b: Kilowattrel
|-damage|p1b: Kilowattrel|7/100
|
|upkeep
|turn|2
|c|☆Carter.Dev|No
|
|t:|1754415706
|move|p2b: Rillaboom|Grassy Glide|p1b: Kilowattrel
|-resisted|p1b: Kilowattrel
|-damage|p1b: Kilowattrel|0 fnt
|faint|p1b: Kilowattrel
|move|p1a: Gholdengo|Shadow Ball|p2a: Gholdengo
|-supereffective|p2a: Gholdengo
|-damage|p2a: Gholdengo|0 fnt
|faint|p2a: Gholdengo
|
|upkeep
|
|t:|1754415722
|switch|p1b: Garchomp|Garchomp, L50, M, shiny|100/100
|switch|p2a: Flamigo|Flamigo, L50, M|100/100
|turn|3
|
|t:|1754415746
|move|p2a: Flamigo|Detect|p2a: Flamigo
|-singleturn|p2a: Flamigo|Protect
|move|p2b: Rillaboom|Grassy Glide|p1a: Gholdengo
|-resisted|p1a: Gholdengo
|-damage|p1a: Gholdengo|80/100
|move|p1b: Garchomp|Dragon Claw|p2a: Flamigo
|-activate|p2a: Flamigo|move: Protect
|move|p1a: Gholdengo|Make It Rain|p2a: Flamigo|[spread] p2b
|-activate|p2a: Flamigo|move: Protect
|-damage|p2b: Rillaboom|0 fnt
|-unboost|p1a: Gholdengo|spa|1
|faint|p2b: Rillaboom
|
|upkeep
|c|☆Carter.Dev|Uh oh
|
|t:|1754415752
|switch|p2b: Dragapult|Dragapult, L50, F|100/100
|turn|4
|
|t:|1754415765
|move|p2b: Dragapult|Dragon Darts|p1b: Garchomp
|-supereffective|p1b: Garchomp
|-damage|p1b: Garchomp|22/100
|-anim|p2b: Dragapult|Dragon Darts|p1a: Gholdengo
|-damage|p1a: Gholdengo|38/100
|move|p1b: Garchomp|Dragon Claw|p2a: Flamigo
|-damage|p2a: Flamigo|28/100
|-damage|p1b: Garchomp|12/100|[from] item: Life Orb
|move|p2a: Flamigo|Brave Bird|p1a: Gholdengo
|-damage|p1a: Gholdengo|0 fnt
|faint|p1a: Gholdengo
|-damage|p2a: Flamigo|13/100|[from] Recoil
|
|-heal|p1b: Garchomp|18/100|[from] Grassy Terrain
|upkeep
|
|t:|1754415776
|switch|p1a: Tyranitar|Tyranitar, L50, M|100/100
|-weather|Sandstorm|[from] ability: Sand Stream|[of] p1a: Tyranitar
|turn|5
|c|☆Livnlarge27|Ggs dude! Fun set :D
|
|t:|1754415796
|move|p2b: Dragapult|Dragon Darts|p1a: Tyranitar
|-damage|p1a: Tyranitar|66/100
|-anim|p2b: Dragapult|Dragon Darts|p1a: Tyranitar
|-damage|p1a: Tyranitar|32/100
|move|p1b: Garchomp|Stomping Tantrum|p2b: Dragapult
|-damage|p2b: Dragapult|26/100
|-damage|p1b: Garchomp|8/100|[from] item: Life Orb
|move|p2a: Flamigo|Close Combat|p1a: Tyranitar
|-supereffective|p1a: Tyranitar
|-damage|p1a: Tyranitar|0 fnt
|-unboost|p2a: Flamigo|def|1
|-unboost|p2a: Flamigo|spd|1
|faint|p1a: Tyranitar
|
|-weather|Sandstorm|[upkeep]
|-damage|p2b: Dragapult|20/100|[from] Sandstorm
|-damage|p2a: Flamigo|8/100|[from] Sandstorm
|-heal|p2b: Dragapult|26/100|[from] Grassy Terrain
|-heal|p1b: Garchomp|14/100|[from] Grassy Terrain
|-fieldend|move: Grassy Terrain
|upkeep
|turn|6
|
|t:|1754415808
|move|p1b: Garchomp|Protect|p1b: Garchomp
|-singleturn|p1b: Garchomp|Protect
|move|p2b: Dragapult|Dragon Darts|p1b: Garchomp
|-activate|p1b: Garchomp|move: Protect
|move|p2a: Flamigo|Close Combat|p1b: Garchomp
|-activate|p1b: Garchomp|move: Protect
|
|-weather|Sandstorm|[upkeep]
|-damage|p2b: Dragapult|20/100|[from] Sandstorm
|-damage|p2a: Flamigo|2/100|[from] Sandstorm
|upkeep
|turn|7
|c|☆Livnlarge27|Wait!!!
|
|t:|1754415822
|move|p1b: Garchomp|Protect||[still]
|-fail|p1b: Garchomp
|move|p2b: Dragapult|Dragon Darts|p1b: Garchomp
|-supereffective|p1b: Garchomp
|-damage|p1b: Garchomp|0 fnt
|faint|p1b: Garchomp
|
|win|Livnlarge27
|raw|Carter.Dev's rating: 1332 → 1312(-20 for losing)
|raw|Livnlarge27's rating: 1332 → 1352(+20 for winning)
|c|☆Livnlarge27|Ggs man wp!
|c|☆Carter.Dev|Ahahaha I really thought Tera was coming out there
|c|☆Carter.Dev|GGs
|c|☆Livnlarge27|The mind games :0
|l|☆Livnlarge27
|player|p2|
|c|☆Carter.Dev|Dude does Darts actually work like that when it would miss?
|l|☆Carter.Dev
|player|p1|
|j|☆Carter.Dev
|player|p1|Carter.Dev|102|
