|j|☆Le P VGC
|j|☆uglybeast
|html|Le P VGCuglybeast    
|uhtml|bestof|Game 2 of a best-of-3
|t:|1756668238
|gametype|doubles
|player|p1|Le P VGC|lucian|1285
|player|p2|uglybeast|lucas|1344
|gen|9
|tier|[Gen 9] VGC 2025 Reg H (Bo3)
|rated|
|rule|Species Clause: Limit one of each Pokémon
|rule|Item Clause: Limit 1 of each item
|clearpoke
|poke|p1|Ursaluna, L50, M|
|poke|p1|Gholdengo, L50|
|poke|p1|Incineroar, L50, F|
|poke|p1|Porygon2, L50|
|poke|p1|Hydreigon, L50, F|
|poke|p1|Amoonguss, L50, M|
|poke|p2|Murkrow, L50, M|
|poke|p2|Ursaluna-Bloodmoon, L50, M|
|poke|p2|Sneasler, L50, M|
|poke|p2|Dragapult, L50, F|
|poke|p2|Armarouge, L50, M|
|poke|p2|Indeedee-F, L50, F|
|teampreview|4
|showteam|p1|Ursaluna||FlameOrb|Guts|Earthquake,Facade,HeadlongRush,Protect|||M|||50|,,,,,Ghost]Gholdengo||LifeOrb|GoodasGold|MakeItRain,ShadowBall,NastyPlot,Protect||||||50|,,,,,Water]Incineroar||SitrusBerry|Intimidate|FakeOut,FlareBlitz,KnockOff,PartingShot|||F|||50|,,,,,Ghost]Porygon2||Eviolite|Download|TeraBlast,TrickRoom,Recover,IceBeam||||||50|,,,,,Fighting]Hydreigon||SafetyGoggles|Levitate|DracoMeteor,Tailwind,Snarl,Protect|||F|||50|,,,,,Ghost]Amoonguss||RockyHelmet|Regenerator|RagePowder,Protect,PollenPuff,Spore|||M|||50|,,,,,Water
|showteam|p2|Murkrow||Eviolite|Prankster|Haze,SunnyDay,Tailwind,BraveBird|||M|||50|,,,,,Ghost]Ursaluna-Bloodmoon||LifeOrb|MindsEye|BloodMoon,HyperVoice,Protect,EarthPower|||M|||50|,,,,,Normal]Sneasler||PsychicSeed|Unburden|ThroatChop,DireClaw,CloseCombat,Protect|||M|||50|,,,,,Dark]Dragapult||ChoiceBand|ClearBody|DragonDarts,Outrage,Uturn,PhantomForce|||F|||50|,,,,,Dragon]Armarouge||PowerHerb|FlashFire|HeatWave,MeteorBeam,ExpandingForce,Protect|||M|||50|,,,,,Grass]Indeedee-F||RockyHelmet|PsychicSurge|DazzlingGleam,FollowMe,HelpingHand,TrickRoom|||F|||50|,,,,,Grass
|inactive|Battle timer is ON: inactive players will automatically lose when time's up. (requested by Le P VGC)
|inactive|uglybeast has 60 seconds left.
|
|t:|1756668301
|teamsize|p1|4
|teamsize|p2|4
|start
|switch|p1a: Hydreigon|Hydreigon, L50, F|100/100
|switch|p1b: Incineroar|Incineroar, L50, F|100/100
|switch|p2a: Blade|Indeedee-F, L50, F|100/100
|switch|p2b: Laz|Dragapult, L50, F|100/100
|-fieldstart|move: Psychic Terrain|[from] ability: Psychic Surge|[of] p2a: Blade
|-ability|p1b: Incineroar|Intimidate|boost
|-unboost|p2a: Blade|atk|1
|-fail|p2b: Laz|unboost|[from] ability: Clear Body|[of] p2b: Laz
|turn|1
|inactive|Le P VGC has 30 seconds left.
|inactive|uglybeast has 30 seconds left.
|inactive|uglybeast has 20 seconds left.
|
|t:|1756668337
|-terastallize|p2b: Laz|Dragon
|-terastallize|p1a: Hydreigon|Ghost
|move|p2a: Blade|Follow Me|p2a: Blade
|-singleturn|p2a: Blade|move: Follow Me
|move|p2b: Laz|Dragon Darts|p1a: Hydreigon
|-damage|p1a: Hydreigon|38/100
|-anim|p2b: Laz|Dragon Darts|p1b: Incineroar
|-crit|p1b: Incineroar
|-damage|p1b: Incineroar|35/100
|-enditem|p1b: Incineroar|Sitrus Berry|[eat]
|-heal|p1b: Incineroar|60/100|[from] item: Sitrus Berry
|move|p1a: Hydreigon|Tailwind|p1a: Hydreigon
|-sidestart|p1: Le P VGC|move: Tailwind
|move|p1b: Incineroar|Knock Off|p2a: Blade
|-supereffective|p2a: Blade
|-damage|p2a: Blade|26/100
|-damage|p1b: Incineroar|44/100|[from] item: Rocky Helmet|[of] p2a: Blade
|-enditem|p2a: Blade|Rocky Helmet|[from] move: Knock Off|[of] p1b: Incineroar
|
|upkeep
|turn|2
|inactive|uglybeast has 30 seconds left.
|
|t:|1756668369
|move|p2a: Blade|Follow Me|p2a: Blade
|-singleturn|p2a: Blade|move: Follow Me
|move|p1a: Hydreigon|Snarl|p2a: Blade|[spread] p2a,p2b
|-supereffective|p2a: Blade
|-damage|p2a: Blade|0 fnt
|-damage|p2b: Laz|75/100
|faint|p2a: Blade
|move|p2b: Laz|Dragon Darts|p1a: Hydreigon
|-damage|p1a: Hydreigon|0 fnt
|-anim|p2b: Laz|Dragon Darts|p1b: Incineroar
|-damage|p1b: Incineroar|4/100
|faint|p1a: Hydreigon
|move|p1b: Incineroar|Knock Off|p2b: Laz
|-damage|p2b: Laz|23/100
|-enditem|p2b: Laz|Choice Band|[from] move: Knock Off|[of] p1b: Incineroar
|
|upkeep
|inactive|uglybeast has 30 seconds left.
|
|t:|1756668396
|switch|p1a: Gholdengo|Gholdengo, L50|100/100
|switch|p2a: Anagnoman|Sneasler, L50, M|100/100
|-enditem|p2a: Anagnoman|Psychic Seed
|-boost|p2a: Anagnoman|spd|1|[from] item: Psychic Seed
|turn|3
|
|t:|1756668405
|switch|p1b: Amoonguss|Amoonguss, L50, M|100/100
|move|p2a: Anagnoman|Throat Chop|p1a: Gholdengo
|-supereffective|p1a: Gholdengo
|-damage|p1a: Gholdengo|36/100
|-start|p1a: Gholdengo|Throat Chop|[silent]
|move|p1a: Gholdengo|Make It Rain|p2b: Laz|[spread] p2a,p2b
|-damage|p2a: Anagnoman|45/100
|-damage|p2b: Laz|0 fnt
|-unboost|p1a: Gholdengo|spa|1
|faint|p2b: Laz
|-damage|p1a: Gholdengo|27/100|[from] item: Life Orb
|
|upkeep
|
|t:|1756668413
|switch|p2b: Giandam|Armarouge, L50, M|100/100
|turn|4
|
|t:|1756668438
|switch|p1a: Incineroar|Incineroar, L50, F|4/100
|-ability|p1a: Incineroar|Intimidate|boost
|-unboost|p2a: Anagnoman|atk|1
|-unboost|p2b: Giandam|atk|1
|move|p2a: Anagnoman|Protect|p2a: Anagnoman
|-singleturn|p2a: Anagnoman|Protect
|move|p2b: Giandam|Protect|p2b: Giandam
|-singleturn|p2b: Giandam|Protect
|move|p1b: Amoonguss|Spore|p2b: Giandam
|-activate|p2b: Giandam|move: Protect
|
|-sideend|p1: Le P VGC|move: Tailwind
|upkeep
|turn|5
|
|t:|1756668458
|move|p1b: Amoonguss|Rage Powder|p1b: Amoonguss
|-singleturn|p1b: Amoonguss|move: Rage Powder
|move|p2a: Anagnoman|Dire Claw|p1b: Amoonguss
|-damage|p1b: Amoonguss|74/100
|-status|p1b: Amoonguss|slp
|-damage|p2a: Anagnoman|28/100|[from] item: Rocky Helmet|[of] p1b: Amoonguss
|move|p2b: Giandam|Meteor Beam||[still]
|-prepare|p2b: Giandam|Meteor Beam
|-boost|p2b: Giandam|spa|1
|-enditem|p2b: Giandam|Power Herb
|-anim|p2b: Giandam|Meteor Beam|p1b: Amoonguss
|-damage|p1b: Amoonguss|20/100 slp
|move|p1a: Incineroar|Knock Off|p2b: Giandam
|-supereffective|p2b: Giandam
|-crit|p2b: Giandam
|-damage|p2b: Giandam|17/100
|
|-fieldend|move: Psychic Terrain
|upkeep
|turn|6
|
|t:|1756668481
|cant|p1b: Amoonguss|slp
|move|p2a: Anagnoman|Throat Chop|p1a: Incineroar
|-resisted|p1a: Incineroar
|-damage|p1a: Incineroar|0 fnt
|faint|p1a: Incineroar
|move|p2b: Giandam|Heat Wave|p1b: Amoonguss
|-supereffective|p1b: Amoonguss
|-damage|p1b: Amoonguss|0 fnt
|faint|p1b: Amoonguss
|
|upkeep
|
|t:|1756668488
|switch|p1a: Gholdengo|Gholdengo, L50|27/100
|turn|7
|
|t:|1756668495
|move|p2a: Anagnoman|Throat Chop|p1a: Gholdengo
|-supereffective|p1a: Gholdengo
|-damage|p1a: Gholdengo|0 fnt
|faint|p1a: Gholdengo
|
|win|uglybeast
||uglybeast is ready for game 3.
||Le P VGC is ready for game 3.
|uhtml|next|Next: Game 3 of 3
|l|☆Le P VGC
|player|p1|
