|j|☆G 36951735
|j|☆JCosio
|html|G 36951735JCosio    
|uhtml|bestof|Game 2 of a best-of-3
|t:|1782460359
|gametype|doubles
|player|p1|G 36951735|red|1000
|player|p2|JCosio|170|1066
|gen|9
|tier|[Gen 9 Champions] VGC 2026 Reg M-B (Bo3)
|rated|
|rule|Species Clause: Limit one of each Pokémon
|rule|Item Clause: Limit 1 of each item
|clearpoke
|poke|p1|Charizard, L50, M|
|poke|p1|Whimsicott, L50, M, shiny|
|poke|p1|Rotom-Wash, L50|
|poke|p1|Corviknight, L50, F|
|poke|p1|Floette-Eternal, L50, F|
|poke|p1|Garchomp, L50, M|
|poke|p2|Gholdengo, L50|
|poke|p2|Whimsicott, L50, F|
|poke|p2|Incineroar, L50, M|
|poke|p2|Basculegion, L50, M|
|poke|p2|Charizard, L50, F|
|poke|p2|Sneasler, L50, M|
|teampreview|4
|showteam|p1|Charizard||CharizarditeY|SolarPower|HeatWave,SolarBeam,WeatherBall,Protect|Modest||M|||50|]Whimsicott||FocusSash|Infiltrator|Tailwind,Moonblast,Encore,SolarBeam|Timid||M|||50|]Rotom-Wash||Magnet|Levitate|HydroPump,Thunderbolt,WillOWisp,Protect|Modest|||||50|]Corviknight||Leftovers|MirrorArmor|BodyPress,IronHead,IronDefense,Roost|Impish||F|||50|]Floette-Eternal||Floettite|Symbiosis|LightofRuin,Moonblast,DazzlingGleam,Protect|Timid||F|||50|]Garchomp||LifeOrb|RoughSkin|Earthquake,DragonClaw,RockSlide,Protect|Jolly||M|||50|
|showteam|p2|Gholdengo||LifeOrb|GoodasGold|MakeItRain,ShadowBall,NastyPlot,Protect|Modest|||||50|]Whimsicott||FocusSash|Prankster|Moonblast,Encore,Tailwind,Protect|Timid||F|||50|]Incineroar||SitrusBerry|Intimidate|DarkestLariat,FakeOut,FlareBlitz,PartingShot|Impish||M|||50|]Basculegion||MysticWater|Adaptability|WaveCrash,LastRespects,AquaJet,FlipTurn|Adamant||M|||50|]Charizard||CharizarditeY|Blaze|HeatWave,WeatherBall,SolarBeam,Protect|Modest||F|||50|]Sneasler||WhiteHerb|Unburden|DireClaw,CloseCombat,FakeOut,Protect|Jolly||M|||50|
|inactive|Battle timer is ON: inactive players will automatically lose when time's up. (requested by JCosio)
|inactive|G 36951735 has 60 seconds left.
|
|t:|1782460409
|teamsize|p1|4
|teamsize|p2|4
|start
|switch|p1a: Whimsicott|Whimsicott, L50, M, shiny|100/100
|switch|p1b: Rotom|Rotom-Wash, L50|100/100
|switch|p2a: Whimsicott|Whimsicott, L50, F|100/100
|switch|p2b: Sneasler|Sneasler, L50, M|100/100
|turn|1
|inactive|JCosio has 30 seconds left.
|inactive|JCosio has 20 seconds left.
|inactive|JCosio has 15 seconds left.
|inactive|JCosio has 10 seconds left.
|
|t:|1782460458
|move|p2b: Sneasler|Close Combat|p1b: Rotom
|-damage|p1b: Rotom|30/100
|-unboost|p2b: Sneasler|def|1
|-unboost|p2b: Sneasler|spd|1
|-enditem|p2b: Sneasler|White Herb
|-clearnegativeboost|p2b: Sneasler|[silent]
|move|p2a: Whimsicott|Moonblast|p1a: Whimsicott
|-damage|p1a: Whimsicott|46/100
|move|p1a: Whimsicott|Tailwind|p1a: Whimsicott
|-sidestart|p1: G 36951735|move: Tailwind
|move|p1b: Rotom|Will-O-Wisp|p2b: Sneasler
|-status|p2b: Sneasler|brn
|
|-damage|p2b: Sneasler|94/100 brn|[from] brn
|upkeep
|turn|2
|inactive|G 36951735 has 30 seconds left.
|inactive|JCosio has 30 seconds left.
|inactive|JCosio has 20 seconds left.
|
|t:|1782460496
|move|p1b: Rotom|Protect|p1b: Rotom
|-singleturn|p1b: Rotom|Protect
|move|p2a: Whimsicott|Encore|p1b: Rotom
|-activate|p1b: Rotom|move: Protect
|move|p2b: Sneasler|Dire Claw|p1a: Whimsicott
|-supereffective|p1a: Whimsicott|2
|-damage|p1a: Whimsicott|0 fnt
|faint|p1a: Whimsicott
|
|-damage|p2b: Sneasler|88/100 brn|[from] brn
|upkeep
|
|t:|1782460508
|switch|p1a: Floette|Floette-Eternal, L50, F|100/100
|turn|3
|
|t:|1782460528
|switch|p1b: Garchomp|Garchomp, L50, M|100/100
|detailschange|p1a: Floette|Floette-Mega, L50, F
|-mega|p1a: Floette|Floette|Floettite
|-ability|p1a: Floette|Fairy Aura
|move|p2a: Whimsicott|Protect|p2a: Whimsicott
|-singleturn|p2a: Whimsicott|Protect
|move|p2b: Sneasler|Protect|p2b: Sneasler
|-singleturn|p2b: Sneasler|Protect
|move|p1a: Floette|Moonblast|p2b: Sneasler
|-activate|p2b: Sneasler|move: Protect
|
|-damage|p2b: Sneasler|82/100 brn|[from] brn
|upkeep
|turn|4
|inactive|JCosio has 30 seconds left.
|inactive|JCosio has 20 seconds left.
|inactive|JCosio has 15 seconds left.
|inactive|JCosio has 10 seconds left.
|
|t:|1782460577
|move|p2a: Whimsicott|Tailwind|p2a: Whimsicott
|-sidestart|p2: JCosio|move: Tailwind
|move|p2b: Sneasler|Dire Claw|p1a: Floette
|-supereffective|p1a: Floette|1
|-damage|p1a: Floette|47/100
|move|p1b: Garchomp|Rock Slide|p2a: Whimsicott|[spread] p2a,p2b
|-resisted|p2b: Sneasler|1
|-damage|p2a: Whimsicott|64/100
|-damage|p2b: Sneasler|63/100 brn
|-damage|p1b: Garchomp|90/100|[from] item: Life Orb
|move|p1a: Floette|Moonblast|p2b: Sneasler
|-damage|p2b: Sneasler|0 fnt
|faint|p2b: Sneasler
|
|-sideend|p1: G 36951735|move: Tailwind
|upkeep
|inactive|JCosio has 30 seconds left.
|
|t:|1782460609
|switch|p2b: Incineroar|Incineroar, L50, M|100/100
|-ability|p2b: Incineroar|Intimidate|boost
|-unboost|p1a: Floette|atk|1
|-unboost|p1b: Garchomp|atk|1
|turn|5
|inactive|G 36951735 has 30 seconds left.
|inactive|JCosio has 30 seconds left.
|inactive|G 36951735 has 20 seconds left.
|
|t:|1782460649
|switch|p1b: Rotom|Rotom-Wash, L50|30/100
|move|p2b: Incineroar|Fake Out|p1b: Rotom
|-damage|p1b: Rotom|19/100
|move|p2a: Whimsicott|Moonblast|p1a: Floette
|-damage|p1a: Floette|9/100
|move|p1a: Floette|Moonblast|p2a: Whimsicott
|-damage|p2a: Whimsicott|0 fnt
|faint|p2a: Whimsicott
|
|upkeep
|
|t:|1782460659
|switch|p2a: Charizard|Charizard, L50, F|100/100
|turn|6
|
|t:|1782460681
|detailschange|p2a: Charizard|Charizard-Mega-Y, L50, F
|-mega|p2a: Charizard|Charizard|Charizardite Y
|-weather|SunnyDay|[from] ability: Drought|[of] p2a: Charizard
|move|p1a: Floette|Protect|p1a: Floette
|-singleturn|p1a: Floette|Protect
|move|p1b: Rotom|Protect|p1b: Rotom
|-singleturn|p1b: Rotom|Protect
|move|p2a: Charizard|Heat Wave|p1b: Rotom|[spread] 
|-activate|p1a: Floette|move: Protect
|-activate|p1b: Rotom|move: Protect
|move|p2b: Incineroar|Parting Shot|p1b: Rotom
|-activate|p1b: Rotom|move: Protect
|
|-weather|SunnyDay|[upkeep]
|upkeep
|turn|7
|
|t:|1782460706
|switch|p1a: Garchomp|Garchomp, L50, M|90/100
|move|p2a: Charizard|Heat Wave|p1a: Garchomp|[spread] p1a,p1b
|-resisted|p1a: Garchomp|1
|-resisted|p1b: Rotom|1
|-damage|p1a: Garchomp|48/100
|-damage|p1b: Rotom|0 fnt
|-status|p1a: Garchomp|brn
|faint|p1b: Rotom
|move|p2b: Incineroar|Parting Shot|p1a: Garchomp
|-unboost|p1a: Garchomp|atk|1
|-unboost|p1a: Garchomp|spa|1
|
|-weather|SunnyDay|[upkeep]
|-damage|p1a: Garchomp|42/100 brn|[from] brn
|-sideend|p2: JCosio|move: Tailwind
|upkeep
|
|t:|1782460711
|switch|p1b: Floette|Floette-Mega, L50, F|9/100
|-ability|p1b: Floette|Fairy Aura
|turn|8
|inactive|JCosio has 30 seconds left.
|inactive|JCosio has 20 seconds left.
|inactive|JCosio has 15 seconds left.
|inactive|JCosio has 10 seconds left.
|
|t:|1782460761
|move|p1a: Garchomp|Rock Slide|p2a: Charizard|[spread] p2a,p2b
|-supereffective|p2a: Charizard|2
|-supereffective|p2b: Incineroar|1
|-damage|p2a: Charizard|49/100
|-damage|p2b: Incineroar|86/100
|-damage|p1a: Garchomp|32/100 brn|[from] item: Life Orb
|move|p1b: Floette|Dazzling Gleam|p2a: Charizard|[spread] p2a,p2b
|-resisted|p2a: Charizard|1
|-damage|p2a: Charizard|25/100
|-damage|p2b: Incineroar|47/100
|-enditem|p2b: Incineroar|Sitrus Berry|[eat]
|-heal|p2b: Incineroar|72/100|[from] item: Sitrus Berry
|move|p2a: Charizard|Heat Wave|p1b: Floette|[spread] p1a
|-miss|p2a: Charizard|p1b: Floette
|-resisted|p1a: Garchomp|1
|-damage|p1a: Garchomp|0 fnt
|faint|p1a: Garchomp
|move|p2b: Incineroar|Flare Blitz|p1b: Floette
|-damage|p1b: Floette|0 fnt
|faint|p1b: Floette
|-damage|p2b: Incineroar|69/100|[from] Recoil
|
|win|JCosio
|raw|G 36951735's rating: 1000 → 1000(+0 for losing)
|raw|JCosio's rating: 1066 → 1090(+24 for winning)
|l|☆G 36951735
|player|p1|
|c|☆JCosio|ggwp
