|j|☆PKSandstormboom
|j|☆Xchu User
|html|PKSandstormboomXchu User    
|uhtml|bestof|Game 2 of a best-of-3
|t:|1783727525
|gametype|doubles
|player|p1|PKSandstormboom|unknown|1059
|player|p2|Xchu User|266|1000
|gen|9
|tier|[Gen 9 Champions] VGC 2026 Reg M-B (Bo3)
|rated|
|rule|Species Clause: Limit one of each Pokémon
|rule|Item Clause: Limit 1 of each item
|clearpoke
|poke|p1|Crabominable, L50, M|
|poke|p1|Torkoal, L50, M|
|poke|p1|Incineroar, L50, F|
|poke|p1|Sinistcha, L50|
|poke|p1|Basculegion, L50, M|
|poke|p1|Farigiraf, L50, M|
|poke|p2|Raichu, L50, M|
|poke|p2|Charizard, L50, M|
|poke|p2|Garchomp, L50, F|
|poke|p2|Basculegion, L50, M|
|poke|p2|Incineroar, L50, F|
|poke|p2|Kingambit, L50, F|
|teampreview|4
|showteam|p1|Crabominable||Crabominite|IronFist|Crabhammer,DrainPunch,IcePunch,ThunderPunch|Adamant||M|||50|]Torkoal||Charcoal|Drought|HeatWave,Eruption,SolarBeam,Protect|Modest||M|||50|]Incineroar||SitrusBerry|Intimidate|ThroatChop,FakeOut,FlareBlitz,PartingShot|Brave||F|||50|]Sinistcha||Leftovers|Hospitality|RagePowder,MatchaGotcha,StrengthSap,TrickRoom|Bold|||||50|]Basculegion||MysticWater|Adaptability|LastRespects,WaveCrash,AquaJet,Protect|Jolly||M|||50|]Farigiraf||ColburBerry|ArmorTail|TrickRoom,TwinBeam,Protect,HelpingHand|Quiet||M|||50|
|showteam|p2|Raichu||RaichuniteX|LightningRod|FakeOut,DrainPunch,Protect,Nuzzle|Jolly||M|||50|]Charizard||CharizarditeY|SolarPower|WeatherBall,HeatWave,Protect,SolarBeam|Bold||M|||50|]Garchomp||LifeOrb|SandVeil|RockSlide,Earthquake,Protect,DragonClaw|Jolly||F|||50|]Basculegion||MysticWater|Adaptability|LastRespects,WaveCrash,Protect,AquaJet|Lonely||M|||50|]Incineroar||SitrusBerry|Intimidate|FakeOut,FlareBlitz,Protect,PartingShot|Impish||F|||50|]Kingambit||BlackGlasses|Defiant|KowtowCleave,SuckerPunch,Protect,IronHead|Adamant||F|||50|
|c|☆PKSandstormboom|ngl fucked up my crab
|n|☆Xchu User|xchuuser
|
|t:|1783727592
|teamsize|p1|4
|teamsize|p2|4
|start
|switch|p1a: Crabominable|Crabominable, L50, M|100/100
|switch|p1b: Farigiraf|Farigiraf, L50, M|100/100
|switch|p2a: Charizard|Charizard, L50, M|100/100
|switch|p2b: Garchomp|Garchomp, L50, F|100/100
|turn|1
|
|t:|1783727617
|detailschange|p2a: Charizard|Charizard-Mega-Y, L50, M
|-mega|p2a: Charizard|Charizard|Charizardite Y
|-weather|SunnyDay|[from] ability: Drought|[of] p2a: Charizard
|detailschange|p1a: Crabominable|Crabominable-Mega, L50, M
|-mega|p1a: Crabominable|Crabominable|Crabominite
|move|p2b: Garchomp|Earthquake|p1b: Farigiraf|[spread] p1a,p1b
|-immune|p2a: Charizard
|-damage|p1a: Crabominable|61/100
|-damage|p1b: Farigiraf|49/100
|-damage|p2b: Garchomp|90/100|[from] item: Life Orb
|move|p2a: Charizard|Heat Wave|p1b: Farigiraf|[spread] p1b
|-miss|p2a: Charizard|p1a: Crabominable
|-damage|p1b: Farigiraf|0 fnt
|faint|p1b: Farigiraf
|move|p1a: Crabominable|Ice Punch|p2b: Garchomp
|-supereffective|p2b: Garchomp|2
|-damage|p2b: Garchomp|0 fnt
|faint|p2b: Garchomp
|
|-weather|SunnyDay|[upkeep]
|upkeep
|
|t:|1783727632
|switch|p2b: Basculegion|Basculegion, L50, M|100/100
|switch|p1b: Incineroar|Incineroar, L50, F|100/100
|-ability|p1b: Incineroar|Intimidate|boost
|-unboost|p2a: Charizard|atk|1
|-unboost|p2b: Basculegion|atk|1
|turn|2
|
|t:|1783727687
|switch|p2b: Kingambit|Kingambit, L50, F|100/100
|move|p2a: Charizard|Protect|p2a: Charizard
|-singleturn|p2a: Charizard|Protect
|move|p1b: Incineroar|Fake Out|p2a: Charizard
|-activate|p2a: Charizard|move: Protect
|move|p1a: Crabominable|Thunder Punch|p2a: Charizard
|-activate|p2a: Charizard|move: Protect
|
|-weather|SunnyDay|[upkeep]
|upkeep
|turn|3
|
|t:|1783727713
|move|p2b: Kingambit|Protect|p2b: Kingambit
|-singleturn|p2b: Kingambit|Protect
|move|p2a: Charizard|Weather Ball|p1a: Crabominable
|-supereffective|p1a: Crabominable|1
|-crit|p1a: Crabominable
|-damage|p1a: Crabominable|0 fnt
|faint|p1a: Crabominable
|move|p1b: Incineroar|Flare Blitz|p2b: Kingambit
|-activate|p2b: Kingambit|move: Protect
|
|-weather|SunnyDay|[upkeep]
|upkeep
|
|t:|1783727780
|switch|p1a: Sinistcha|Sinistcha, L50|100/100
|turn|4
|
|t:|1783727809
|move|p2a: Charizard|Heat Wave|p1b: Incineroar|[spread] p1a
|-miss|p2a: Charizard|p1b: Incineroar
|-supereffective|p1a: Sinistcha|1
|-damage|p1a: Sinistcha|0 fnt
|faint|p1a: Sinistcha
|move|p2b: Kingambit|Kowtow Cleave|p1b: Incineroar
|-resisted|p1b: Incineroar|1
|-damage|p1b: Incineroar|79/100
|move|p1b: Incineroar|Flare Blitz|p2b: Kingambit
|-supereffective|p2b: Kingambit|1
|-damage|p2b: Kingambit|0 fnt
|faint|p2b: Kingambit
|-damage|p1b: Incineroar|48/100|[from] Recoil
|-enditem|p1b: Incineroar|Sitrus Berry|[eat]
|-heal|p1b: Incineroar|73/100|[from] item: Sitrus Berry
|
|-weather|SunnyDay|[upkeep]
|upkeep
|
|t:|1783727818
|switch|p2b: Basculegion|Basculegion, L50, M|100/100
|turn|5
|
|t:|1783727863
|move|p2a: Charizard|Weather Ball|p1b: Incineroar
|-resisted|p1b: Incineroar|1
|-damage|p1b: Incineroar|33/100
|move|p2b: Basculegion|Wave Crash|p1b: Incineroar
|-supereffective|p1b: Incineroar|1
|-damage|p1b: Incineroar|0 fnt
|faint|p1b: Incineroar
|-damage|p2b: Basculegion|88/100|[from] Recoil
|
|win|Xchu User
|raw|PKSandstormboom's rating: 1059 → 1037(-22 for losing)
|raw|Xchu User's rating: 1000 → 1047(+47 for winning)
|l|☆PKSandstormboom
|player|p1|
