|j|☆donofair
|j|☆atrixmj
|html|donofairatrixmj    
|uhtml|bestof|Game 1 of a best-of-3
|t:|1757081747
|gametype|doubles
|player|p1|donofair|rancher|1241
|player|p2|atrixmj|miku-fire|1309
|gen|9
|tier|[Gen 9] VGC 2025 Reg H (Bo3)
|rated|
|rule|Species Clause: Limit one of each Pokémon
|rule|Item Clause: Limit 1 of each item
|clearpoke
|poke|p1|Dragonite, L50, F|
|poke|p1|Kingambit, L50, M|
|poke|p1|Volcarona, L50, M|
|poke|p1|Garchomp, L50, M|
|poke|p1|Sneasler, L50, M|
|poke|p1|Rillaboom, L50, M|
|poke|p2|Sneasler, L50, F|
|poke|p2|Indeedee-F, L50, F|
|poke|p2|Incineroar, L50, M|
|poke|p2|Whimsicott, L50, M|
|poke|p2|Ursaluna-Bloodmoon, L50, M|
|poke|p2|Archaludon, L50, M|
|teampreview|4
|showteam|p1|Dragonite||LoadedDice|Multiscale|ScaleShot,Haze,Tailwind,Protect|||F|||50|,,,,,Fairy]Kingambit||BlackGlasses|Defiant|KowtowCleave,SuckerPunch,SwordsDance,Protect|||M|||50|,,,,,Ghost]Volcarona||CovertCloak|FlameBody|QuiverDance,HeatWave,TeraBlast,Protect|||M|||50|,,,,,Fairy]Garchomp||LifeOrb|RoughSkin|Earthquake,DragonClaw,StompingTantrum,Protect|||M|||50|,,,,,Ground]Sneasler||FocusSash|PoisonTouch|DireClaw,CloseCombat,FakeOut,Coaching|||M|||50|,,,,,Fighting]Rillaboom||MiracleSeed|GrassySurge|WoodHammer,GrassyGlide,FakeOut,Taunt|||M|||50|,,,,,Grass
|showteam|p2|Sneasler||PsychicSeed|Unburden|DireClaw,ThroatChop,CloseCombat,Protect|||F|||50|,,,,,Dark]Indeedee-F||SitrusBerry|PsychicSurge|Psychic,HelpingHand,FollowMe,TrickRoom|||F|||50|,,,,,Fairy]Incineroar||AssaultVest|Intimidate|FlareBlitz,KnockOff,Uturn,FakeOut|||M|||50|,,,,,Ghost]Whimsicott||CovertCloak|Prankster|Moonblast,Tailwind,Encore,LightScreen|||M|||50|,,,,,Dark]Ursaluna-Bloodmoon||LifeOrb|MindsEye|HyperVoice,EarthPower,BloodMoon,Protect|||M|||50|,,,,,Normal]Archaludon||PowerHerb|Stalwart|ElectroShot,DragonPulse,FlashCannon,Protect|||M|||50|,,,,,Electric
|
|t:|1757081829
|teamsize|p1|4
|teamsize|p2|4
|start
|switch|p1a: Sneasler|Sneasler, L50, M, shiny|100/100
|switch|p1b: Dragonite|Dragonite, L50, F, shiny|100/100
|switch|p2a: Sneasler|Sneasler, L50, F|100/100
|switch|p2b: Indeedee|Indeedee-F, L50, F|100/100
|-fieldstart|move: Psychic Terrain|[from] ability: Psychic Surge|[of] p2b: Indeedee
|-enditem|p2a: Sneasler|Psychic Seed
|-boost|p2a: Sneasler|spd|1|[from] item: Psychic Seed
|turn|1
|
|t:|1757081868
|switch|p1b: Rillaboom|Rillaboom, L50, M, shiny|100/100
|-fieldstart|move: Grassy Terrain|[from] ability: Grassy Surge|[of] p1b: Rillaboom
|move|p2b: Indeedee|Follow Me|p2b: Indeedee
|-singleturn|p2b: Indeedee|move: Follow Me
|move|p2a: Sneasler|Dire Claw|p1b: Rillaboom
|-supereffective|p1b: Rillaboom
|-damage|p1b: Rillaboom|15/100
|-status|p1b: Rillaboom|par
|move|p1a: Sneasler|Dire Claw|p2b: Indeedee
|-damage|p2b: Indeedee|62/100
|
|-heal|p2b: Indeedee|68/100|[from] Grassy Terrain
|-heal|p1b: Rillaboom|21/100 par|[from] Grassy Terrain
|upkeep
|turn|2
|
|t:|1757081911
|move|p2b: Indeedee|Follow Me|p2b: Indeedee
|-singleturn|p2b: Indeedee|move: Follow Me
|move|p1b: Rillaboom|Grassy Glide|p2b: Indeedee
|-damage|p2b: Indeedee|29/100
|-enditem|p2b: Indeedee|Sitrus Berry|[eat]
|-heal|p2b: Indeedee|54/100|[from] item: Sitrus Berry
|move|p2a: Sneasler|Dire Claw|p1a: Sneasler
|-resisted|p1a: Sneasler
|-damage|p1a: Sneasler|61/100
|move|p1a: Sneasler|Close Combat|p2b: Indeedee
|-damage|p2b: Indeedee|0 fnt
|-unboost|p1a: Sneasler|def|1
|-unboost|p1a: Sneasler|spd|1
|faint|p2b: Indeedee
|
|-heal|p1a: Sneasler|67/100|[from] Grassy Terrain
|-heal|p1b: Rillaboom|27/100 par|[from] Grassy Terrain
|upkeep
|
|t:|1757081925
|switch|p2b: Whimsicott|Whimsicott, L50, M, shiny|100/100
|turn|3
|
|t:|1757081964
|switch|p1a: Garchomp|Garchomp, L50, M, shiny|100/100
|move|p2a: Sneasler|Close Combat|p1a: Garchomp
|-damage|p1a: Garchomp|36/100
|-unboost|p2a: Sneasler|def|1
|-unboost|p2a: Sneasler|spd|1
|-damage|p2a: Sneasler|88/100|[from] ability: Rough Skin|[of] p1a: Garchomp
|move|p2b: Whimsicott|Moonblast|p1b: Rillaboom
|-damage|p1b: Rillaboom|0 fnt
|faint|p1b: Rillaboom
|
|-heal|p2a: Sneasler|94/100|[from] Grassy Terrain
|-heal|p1a: Garchomp|42/100|[from] Grassy Terrain
|upkeep
|
|t:|1757081967
|switch|p1b: Sneasler|Sneasler, L50, M, shiny|67/100
|turn|4
|
|t:|1757081998
|move|p2a: Sneasler|Protect|p2a: Sneasler
|-singleturn|p2a: Sneasler|Protect
|move|p1a: Garchomp|Protect|p1a: Garchomp
|-singleturn|p1a: Garchomp|Protect
|move|p2b: Whimsicott|Tailwind|p2b: Whimsicott
|-sidestart|p2: atrixmj|move: Tailwind
|move|p1b: Sneasler|Dire Claw|p2b: Whimsicott
|-supereffective|p2b: Whimsicott
|-damage|p2b: Whimsicott|0 fnt
|faint|p2b: Whimsicott
|
|-heal|p2a: Sneasler|99/100|[from] Grassy Terrain
|-heal|p1b: Sneasler|73/100|[from] Grassy Terrain
|-heal|p1a: Garchomp|48/100|[from] Grassy Terrain
|upkeep
|
|t:|1757082003
|switch|p2b: Ursaluna|Ursaluna-Bloodmoon, L50, M|100/100
|turn|5
|
|t:|1757082021
|-terastallize|p2b: Ursaluna|Normal
|move|p1a: Garchomp|Protect||[still]
|-fail|p1a: Garchomp
|move|p2a: Sneasler|Dire Claw|p1a: Garchomp
|-resisted|p1a: Garchomp
|-damage|p1a: Garchomp|26/100
|-status|p1a: Garchomp|psn
|-damage|p2a: Sneasler|88/100|[from] ability: Rough Skin|[of] p1a: Garchomp
|move|p2b: Ursaluna|Hyper Voice|p1b: Sneasler|[spread] p1a,p1b
|-damage|p1a: Garchomp|0 fnt
|-damage|p1b: Sneasler|0 fnt
|faint|p1a: Garchomp
|faint|p1b: Sneasler
|-damage|p2b: Ursaluna|91/100|[from] item: Life Orb
|
|-heal|p2a: Sneasler|93/100|[from] Grassy Terrain
|-heal|p2b: Ursaluna|97/100|[from] Grassy Terrain
|-fieldend|move: Grassy Terrain
|upkeep
|
|t:|1757082022
|switch|p1b: Dragonite|Dragonite, L50, F, shiny|100/100
|turn|6
|
|t:|1757082030
|move|p1b: Dragonite|Protect|p1b: Dragonite
|-singleturn|p1b: Dragonite|Protect
|move|p2a: Sneasler|Dire Claw|p1b: Dragonite
|-activate|p1b: Dragonite|move: Protect
|move|p2b: Ursaluna|Hyper Voice|p1b: Dragonite
|-activate|p1b: Dragonite|move: Protect
|
|upkeep
|turn|7
|-message|donofair forfeited.
|
|win|atrixmj
|l|☆donofair
|player|p1|
