|j|☆NEOLODO
|j|☆CrystalGem02
|html|NEOLODOCrystalGem02    
|uhtml|bestof|Game 1 of a best-of-3
|t:|1756665219
|gametype|doubles
|player|p1|NEOLODO|265|1180
|player|p2|CrystalGem02|valerie|1271
|gen|9
|tier|[Gen 9] VGC 2025 Reg H (Bo3)
|rated|
|rule|Species Clause: Limit one of each Pokémon
|rule|Item Clause: Limit 1 of each item
|clearpoke
|poke|p1|Lilligant-Hisui, L50, F|
|poke|p1|Hatterene, L50, F|
|poke|p1|Ursaluna, L50, M|
|poke|p1|Indeedee-F, L50, F|
|poke|p1|Torkoal, L50, F|
|poke|p1|Gallade, L50, M|
|poke|p2|Sylveon, L50, F|
|poke|p2|Archaludon, L50, M|
|poke|p2|Incineroar, L50, F|
|poke|p2|Ursaluna, L50, M|
|poke|p2|Ribombee, L50, F|
|poke|p2|Porygon2, L50|
|teampreview|4
|showteam|p1|Lilligant-Hisui||FocusSash|Chlorophyll|SolarBlade,AfterYou,CloseCombat,SleepPowder|||F|||50|,,,,,Ghost]Hatterene||CovertCloak|MagicBounce|DazzlingGleam,ExpandingForce,TrickRoom,MysticalFire|||F|||50|,,,,,Fire]Ursaluna||FlameOrb|Guts|Facade,HeadlongRush,Earthquake,Protect|||M|||50|,,,,,Ghost]Indeedee-F||PsychicSeed|PsychicSurge|Psychic,TrickRoom,HelpingHand,FollowMe|||F|||50|,,,,,Dragon]Torkoal||FlamePlate|Drought|Eruption,WeatherBall,HeatWave,Protect|||F|||50|,,,,,Fire]Gallade||ClearAmulet|Sharpness|PsychoCut,SacredSword,TrickRoom,WideGuard|||M|||50|,,,,,Grass
|showteam|p2|Sylveon||LifeOrb|Pixilate|HyperVoice,QuickAttack,TeraBlast,Protect|||F|||50|,,,,,Fire]Archaludon||PowerHerb|Sturdy|FlashCannon,DracoMeteor,ElectroShot,Protect|||M|||50|,,,,,Electric]Incineroar||SafetyGoggles|Intimidate|FakeOut,FlareBlitz,KnockOff,PartingShot|||F|||50|,,,,,Ghost]Ursaluna||FlameOrb|Guts|Facade,HeadlongRush,Earthquake,Protect|||M|||50|,,,,,Ghost]Ribombee||CovertCloak|SweetVeil|Tailwind,PollenPuff,Moonblast,Protect|||F|||50|,,,,,Water]Porygon2||Eviolite|Download|TeraBlast,IceBeam,Recover,TrickRoom||||||50|,,,,,Flying
|inactive|Battle timer is ON: inactive players will automatically lose when time's up. (requested by NEOLODO)
|
|t:|1756665270
|teamsize|p1|4
|teamsize|p2|4
|start
|switch|p1a: Lilligant|Lilligant-Hisui, L50, F|100/100
|switch|p1b: Gallade|Gallade, L50, M|100/100
|switch|p2a: Honey|Ribombee, L50, F|100/100
|switch|p2b: Scotti|Incineroar, L50, F|100/100
|-ability|p2b: Scotti|Intimidate|boost
|-unboost|p1a: Lilligant|atk|1
|-fail|p1b: Gallade|unboost|[from] item: Clear Amulet|[of] p1b: Gallade
|turn|1
|inactive|NEOLODO has 30 seconds left.
|inactive|NEOLODO has 20 seconds left.
|inactive|CrystalGem02 has 30 seconds left.
|inactive|NEOLODO has 15 seconds left.
|
|t:|1756665311
|-terastallize|p1a: Lilligant|Ghost
|move|p2a: Honey|Moonblast|p1b: Gallade
|-supereffective|p1b: Gallade
|-damage|p1b: Gallade|23/100
|move|p1a: Lilligant|Sleep Powder|p2a: Honey|[miss]
|-miss|p1a: Lilligant|p2a: Honey
|move|p1b: Gallade|Sacred Sword|p2b: Scotti
|-supereffective|p2b: Scotti
|-damage|p2b: Scotti|0 fnt
|faint|p2b: Scotti
|
|upkeep
|
|t:|1756665324
|switch|p2b: Luna|Ursaluna, L50, M|100/100
|turn|2
|
|t:|1756665341
|-terastallize|p2b: Luna|Ghost
|move|p2a: Honey|Moonblast|p1b: Gallade
|-supereffective|p1b: Gallade
|-damage|p1b: Gallade|0 fnt
|faint|p1b: Gallade
|move|p1a: Lilligant|After You|p1: Gallade|[notarget]
|-fail|p1a: Lilligant
|move|p2b: Luna|Headlong Rush|p1a: Lilligant
|-enditem|p1a: Lilligant|Focus Sash
|-damage|p1a: Lilligant|1/100
|-unboost|p2b: Luna|def|1
|-unboost|p2b: Luna|spd|1
|
|-status|p2b: Luna|brn|[from] item: Flame Orb
|upkeep
|
|t:|1756665350
|switch|p1b: Torkoal|Torkoal, L50, F|100/100
|-weather|SunnyDay|[from] ability: Drought|[of] p1b: Torkoal
|turn|3
|
|t:|1756665374
|move|p2b: Luna|Protect|p2b: Luna
|-singleturn|p2b: Luna|Protect
|move|p1a: Lilligant|After You|p1b: Torkoal
|-activate|p1b: Torkoal|move: After You
|move|p1b: Torkoal|Eruption|p2a: Honey|[spread] p2a
|-activate|p2b: Luna|move: Protect
|-supereffective|p2a: Honey
|-damage|p2a: Honey|0 fnt
|faint|p2a: Honey
|
|-weather|SunnyDay|[upkeep]
|-damage|p2b: Luna|95/100 brn|[from] brn
|upkeep
|
|t:|1756665379
|switch|p2a: Lillie|Sylveon, L50, F|100/100
|turn|4
|
|t:|1756665391
|move|p2a: Lillie|Quick Attack|p1a: Lilligant
|-damage|p1a: Lilligant|0 fnt
|faint|p1a: Lilligant
|-damage|p2a: Lillie|91/100|[from] item: Life Orb
|move|p2b: Luna|Headlong Rush|p1b: Torkoal
|-supereffective|p1b: Torkoal
|-damage|p1b: Torkoal|0 fnt
|-unboost|p2b: Luna|def|1
|-unboost|p2b: Luna|spd|1
|faint|p1b: Torkoal
|
|-weather|SunnyDay|[upkeep]
|-damage|p2b: Luna|89/100 brn|[from] brn
|upkeep
|
|t:|1756665399
|switch|p1b: Ursaluna|Ursaluna, L50, M|100/100
|turn|5
|
|t:|1756665408
|move|p1b: Ursaluna|Protect|p1b: Ursaluna
|-singleturn|p1b: Ursaluna|Protect
|move|p2a: Lillie|Hyper Voice|p1b: Ursaluna
|-activate|p1b: Ursaluna|move: Protect
|move|p2b: Luna|Facade|p1b: Ursaluna
|-activate|p1b: Ursaluna|move: Protect
|
|-weather|SunnyDay|[upkeep]
|-damage|p2b: Luna|83/100 brn|[from] brn
|-status|p1b: Ursaluna|brn|[from] item: Flame Orb
|upkeep
|turn|6
|
|t:|1756665420
|move|p2a: Lillie|Hyper Voice|p1b: Ursaluna
|-damage|p1b: Ursaluna|31/100 brn
|-damage|p2a: Lillie|81/100|[from] item: Life Orb
|move|p2b: Luna|Facade|p1b: Ursaluna
|-damage|p1b: Ursaluna|0 fnt
|faint|p1b: Ursaluna
|
|win|CrystalGem02
