|j|☆homerj71
|j|☆KatKraydel
|html|homerj71KatKraydel    
|uhtml|bestof|Game 2 of a best-of-3
|t:|1785411229
|gametype|doubles
|player|p1|homerj71|170|1114
|player|p2|KatKraydel|lebanne|1255
|gen|9
|tier|[Gen 9 Champions] VGC 2026 Reg M-B (Bo3)
|rated|
|rule|Species Clause: Limit one of each Pokémon
|rule|Item Clause: Limit 1 of each item
|clearpoke
|poke|p1|Tyranitar, L50, F|
|poke|p1|Staraptor, L50, M|
|poke|p1|Gholdengo, L50|
|poke|p1|Excadrill, L50, M|
|poke|p1|Sinistcha, L50|
|poke|p1|Milotic, L50, M|
|poke|p2|Tyranitar, L50, F|
|poke|p2|Whimsicott, L50, F|
|poke|p2|Excadrill, L50, M|
|poke|p2|Kommo-o, L50, M|
|poke|p2|Venusaur, L50, F|
|poke|p2|Basculegion, L50, M|
|teampreview|4
|showteam|p1|Tyranitar||Tyranitarite|SandStream|KnockOff,LowKick,RockSlide,Protect|Jolly||F|||50|]Staraptor||Staraptite|Intimidate|BraveBird,CloseCombat,Tailwind,Protect|Jolly||M|||50|]Gholdengo||LifeOrb|GoodasGold|MakeItRain,NastyPlot,ShadowBall,Protect|Modest|||||50|]Excadrill||FocusSash|SandRush|RockSlide,HighHorsepower,IronHead,Protect|Adamant||M|||50|]Sinistcha||SitrusBerry|Hospitality|MatchaGotcha,RagePowder,ShadowBall,Protect|Bold|||||50|]Milotic||Leftovers|Competitive|Scald,IcyWind,IceBeam,Protect|Calm||M|||50|
|showteam|p2|Tyranitar||Tyranitarite|SandStream|RockSlide,KnockOff,IcePunch,Protect|Adamant||F|||50|]Whimsicott||MentalHerb|Prankster|Moonblast,Tailwind,FakeTears,Protect|Bold||F|||50|]Excadrill||FocusSash|SandRush|HighHorsepower,IronHead,RockTomb,Protect|Adamant||M|||50|]Kommo-o||LifeOrb|Overcoat|ClangingScales,AuraSphere,FlashCannon,Protect|Modest||M|||50|]Venusaur||Venusaurite|Chlorophyll|EnergyBall,SludgeBomb,EarthPower,Protect|Modest||F|||50|]Basculegion||ChoiceScarf|Adaptability|WaveCrash,LastRespects,AquaJet,FlipTurn|Adamant||M|||50|
|inactive|Battle timer is ON: inactive players will automatically lose when time's up. (requested by homerj71)
|inactive|KatKraydel has 60 seconds left.
|
|t:|1785411270
|teamsize|p1|4
|teamsize|p2|4
|start
|switch|p1a: Staraptor|Staraptor, L50, M|100/100
|switch|p1b: Gholdengo|Gholdengo, L50|100/100
|switch|p2a: Drum Show|Kommo-o, L50, M|100/100
|switch|p2b: fishing with you|Basculegion, L50, M|100/100
|-ability|p1a: Staraptor|Intimidate|boost
|-unboost|p2a: Drum Show|atk|1
|-unboost|p2b: fishing with you|atk|1
|turn|1
|
|t:|1785411291
|detailschange|p1a: Staraptor|Staraptor-Mega, L50, M
|-mega|p1a: Staraptor|Staraptor|Staraptite
|move|p2b: fishing with you|Wave Crash|p1a: Staraptor
|-damage|p1a: Staraptor|49/100
|-damage|p2b: fishing with you|83/100|[from] Recoil
|move|p1a: Staraptor|Tailwind|p1a: Staraptor
|-sidestart|p1: homerj71|move: Tailwind
|move|p1b: Gholdengo|Nasty Plot|p1b: Gholdengo
|-boost|p1b: Gholdengo|spa|2
|move|p2a: Drum Show|Clanging Scales|p1a: Staraptor|[spread] p1a,p1b
|-resisted|p1b: Gholdengo|1
|-damage|p1a: Staraptor|0 fnt
|-damage|p1b: Gholdengo|72/100
|faint|p1a: Staraptor
|-unboost|p2a: Drum Show|def|1
|-damage|p2a: Drum Show|90/100|[from] item: Life Orb
|
|upkeep
|
|t:|1785411306
|switch|p1a: Tyranitar|Tyranitar, L50, F|100/100
|-weather|Sandstorm|[from] ability: Sand Stream|[of] p1a: Tyranitar
|turn|2
|
|t:|1785411316
|switch|p2b: Bounce Man|Whimsicott, L50, F|100/100
|switch|p2a: Epaulette Shark|Tyranitar, L50, F|100/100
|move|p1b: Gholdengo|Shadow Ball|p2a: Epaulette Shark
|-resisted|p2a: Epaulette Shark|1
|-damage|p2a: Epaulette Shark|59/100
|-damage|p1b: Gholdengo|62/100|[from] item: Life Orb
|move|p1a: Tyranitar|Knock Off|p2b: Bounce Man
|-resisted|p2b: Bounce Man|1
|-damage|p2b: Bounce Man|73/100
|-enditem|p2b: Bounce Man|Mental Herb|[from] move: Knock Off|[of] p1a: Tyranitar
|
|-weather|Sandstorm|[upkeep]
|-damage|p2b: Bounce Man|67/100|[from] Sandstorm
|upkeep
|turn|3
|
|t:|1785411335
|switch|p1a: Sinistcha|Sinistcha, L50|100/100
|-heal|p1b: Gholdengo|87/100|[from] ability: Hospitality|[of] p1a: Sinistcha
|detailschange|p2a: Epaulette Shark|Tyranitar-Mega, L50, F
|-mega|p2a: Epaulette Shark|Tyranitar|Tyranitarite
|move|p2b: Bounce Man|Tailwind|p2b: Bounce Man
|-sidestart|p2: KatKraydel|move: Tailwind
|move|p1b: Gholdengo|Make It Rain|p2b: Bounce Man|[spread] p2a,p2b
|-supereffective|p2a: Epaulette Shark|1
|-supereffective|p2b: Bounce Man|1
|-damage|p2a: Epaulette Shark|0 fnt
|-damage|p2b: Bounce Man|0 fnt
|-unboost|p1b: Gholdengo|spa|2
|faint|p2a: Epaulette Shark
|faint|p2b: Bounce Man
|-damage|p1b: Gholdengo|78/100|[from] item: Life Orb
|
|-weather|Sandstorm|[upkeep]
|-damage|p1a: Sinistcha|94/100|[from] Sandstorm
|upkeep
|
|t:|1785411341
|switch|p2b: Drum Show|Kommo-o, L50, M|90/100
|switch|p2a: fishing with you|Basculegion, L50, M|83/100
|turn|4
|
|t:|1785411348
|move|p1a: Sinistcha|Rage Powder|p1a: Sinistcha
|-singleturn|p1a: Sinistcha|move: Rage Powder
|move|p2a: fishing with you|Last Respects|p1a: Sinistcha
|-supereffective|p1a: Sinistcha|1
|-damage|p1a: Sinistcha|0 fnt
|faint|p1a: Sinistcha
|move|p1b: Gholdengo|Shadow Ball|p2a: fishing with you
|-supereffective|p2a: fishing with you|1
|-crit|p2a: fishing with you
|-damage|p2a: fishing with you|0 fnt
|faint|p2a: fishing with you
|-damage|p1b: Gholdengo|68/100|[from] item: Life Orb
|move|p2b: Drum Show|Clanging Scales|p1b: Gholdengo
|-resisted|p1b: Gholdengo|1
|-damage|p1b: Gholdengo|27/100
|-unboost|p2b: Drum Show|def|1
|-damage|p2b: Drum Show|81/100|[from] item: Life Orb
|
|-weather|Sandstorm|[upkeep]
|-sideend|p1: homerj71|move: Tailwind
|upkeep
|
|t:|1785411355
|switch|p1a: Tyranitar|Tyranitar, L50, F|100/100
|turn|5
|
|t:|1785411360
|move|p1b: Gholdengo|Protect|p1b: Gholdengo
|-singleturn|p1b: Gholdengo|Protect
|move|p1a: Tyranitar|Protect|p1a: Tyranitar
|-singleturn|p1a: Tyranitar|Protect
|move|p2b: Drum Show|Clanging Scales|p1a: Tyranitar|[spread] 
|-activate|p1a: Tyranitar|move: Protect
|-activate|p1b: Gholdengo|move: Protect
|
|-weather|Sandstorm|[upkeep]
|upkeep
|turn|6
|
|t:|1785411371
|move|p2b: Drum Show|Clanging Scales|p1b: Gholdengo|[spread] p1a,p1b
|-resisted|p1b: Gholdengo|1
|-damage|p1a: Tyranitar|67/100
|-damage|p1b: Gholdengo|0 fnt
|faint|p1b: Gholdengo
|-unboost|p2b: Drum Show|def|1
|-damage|p2b: Drum Show|71/100|[from] item: Life Orb
|move|p1a: Tyranitar|Low Kick|p2b: Drum Show
|-damage|p2b: Drum Show|24/100
|
|-weather|none
|-sideend|p2: KatKraydel|move: Tailwind
|upkeep
|turn|7
|
|t:|1785411383
|move|p1a: Tyranitar|Protect|p1a: Tyranitar
|-singleturn|p1a: Tyranitar|Protect
|move|p2b: Drum Show|Aura Sphere|p1a: Tyranitar
|-activate|p1a: Tyranitar|move: Protect
|
|upkeep
|turn|8
|
|t:|1785411388
|move|p1a: Tyranitar|Low Kick|p2b: Drum Show
|-damage|p2b: Drum Show|0 fnt
|faint|p2b: Drum Show
|
|win|homerj71
|raw|homerj71's rating: 1114 → 1149(+35 for winning)
|raw|KatKraydel's rating: 1255 → 1220(-35 for losing)
