|j|☆huezinhu
|j|☆DrXJ13
|html|huezinhuDrXJ13    
|uhtml|bestof|Game 3 of a best-of-3
|t:|1756983947
|gametype|doubles
|player|p1|huezinhu|102|1133
|player|p2|DrXJ13|102|1112
|gen|9
|tier|[Gen 9] VGC 2025 Reg H (Bo3)
|rated|
|rule|Species Clause: Limit one of each Pokémon
|rule|Item Clause: Limit 1 of each item
|clearpoke
|poke|p1|Indeedee-F, L50, F|
|poke|p1|Gallade, L50, M|
|poke|p1|Hatterene, L50, F|
|poke|p1|Ursaluna, L50, M|
|poke|p1|Torkoal, L50, M|
|poke|p1|Lilligant-Hisui, L50, F|
|poke|p2|Sinistcha, L50|
|poke|p2|Ursaluna-Bloodmoon, L50, M|
|poke|p2|Incineroar, L50, F|
|poke|p2|Sneasler, L50, F|
|poke|p2|Dragonite, L50, M|
|poke|p2|Corviknight, L50, M|
|teampreview|4
|showteam|p1|Indeedee-F||PsychicSeed|PsychicSurge|Psychic,FollowMe,HelpingHand,TrickRoom|||F|||50|,,,,,Water]Gallade||ClearAmulet|Sharpness|PsychoCut,SacredSword,TrickRoom,WideGuard|||M|||50|,,,,,Grass]Hatterene||LifeOrb|MagicBounce|ExpandingForce,DazzlingGleam,TrickRoom,Protect|||F|||50|,,,,,Psychic]Ursaluna||FlameOrb|Guts|Facade,HeadlongRush,SwordsDance,Protect|||M|||50|,,,,,Ghost]Torkoal||ChoiceSpecs|Drought|Eruption,HeatWave,WeatherBall,EarthPower|||M|||50|,,,,,Fire]Lilligant-Hisui||FocusSash|Chlorophyll|SleepPowder,CloseCombat,SolarBlade,AfterYou|||F|||50|,,,,,Ghost
|showteam|p2|Sinistcha||RockyHelmet|Hospitality|MatchaGotcha,ShadowBall,TrickRoom,RagePowder||||||50|,,,,,Water]Ursaluna-Bloodmoon||Leftovers|MindsEye|HyperVoice,EarthPower,CalmMind,Protect|||M|||50|,,,,,Water]Incineroar||SafetyGoggles|Intimidate|FakeOut,KnockOff,FlareBlitz,PartingShot|||F|||50|,,,,,Ghost]Sneasler||FocusSash|Unburden|Coaching,DireClaw,CloseCombat,Protect|||F|||50|,,,,,Stellar]Dragonite||LoadedDice|Multiscale|ScaleShot,ExtremeSpeed,Haze,Protect|||M|||50|,,,,,Fairy]Corviknight||CovertCloak|MirrorArmor|DualWingbeat,Tailwind,IronHead,Taunt|||M|||50|,,,,,Dragon
|inactive|Battle timer is ON: inactive players will automatically lose when time's up. (requested by huezinhu)
|inactive|DrXJ13 also wants the timer to be on.
|
|t:|1756983975
|teamsize|p1|4
|teamsize|p2|4
|start
|switch|p1a: Lilligant|Lilligant-Hisui, L50, F|100/100
|switch|p1b: Torkoal|Torkoal, L50, M|100/100
|switch|p2a: Wellington|Ursaluna-Bloodmoon, L50, M|100/100
|switch|p2b: Toño|Incineroar, L50, F|100/100
|-ability|p2b: Toño|Intimidate|boost
|-unboost|p1a: Lilligant|atk|1
|-unboost|p1b: Torkoal|atk|1
|-weather|SunnyDay|[from] ability: Drought|[of] p1b: Torkoal
|turn|1
|inactive|huezinhu has 30 seconds left.
|
|t:|1756984001
|switch|p2a: Té (en) tazas|Sinistcha, L50|100/100
|move|p2b: Toño|Fake Out|p1b: Torkoal
|-damage|p1b: Torkoal|92/100
|move|p1a: Lilligant|Sleep Powder|p2a: Té (en) tazas
|-immune|p2a: Té (en) tazas
|cant|p1b: Torkoal|flinch
|
|-weather|SunnyDay|[upkeep]
|upkeep
|turn|2
|
|t:|1756984020
|-terastallize|p2a: Té (en) tazas|Water
|-terastallize|p1b: Torkoal|Fire
|move|p1a: Lilligant|After You|p1b: Torkoal
|-activate|p1b: Torkoal|move: After You
|move|p1b: Torkoal|Eruption|p2b: Toño|[spread] p2a,p2b
|-resisted|p2a: Té (en) tazas
|-resisted|p2b: Toño
|-damage|p2a: Té (en) tazas|45/100
|-damage|p2b: Toño|50/100
|move|p2b: Toño|Flare Blitz|p1a: Lilligant
|-supereffective|p1a: Lilligant
|-enditem|p1a: Lilligant|Focus Sash
|-damage|p1a: Lilligant|1/100
|-damage|p2b: Toño|26/100|[from] Recoil
|move|p2a: Té (en) tazas|Shadow Ball|p1a: Lilligant
|-damage|p1a: Lilligant|0 fnt
|faint|p1a: Lilligant
|
|-weather|SunnyDay|[upkeep]
|upkeep
|
|t:|1756984039
|switch|p1a: Gallade|Gallade, L50, M|100/100
|turn|3
|
|t:|1756984062
|switch|p2b: Onichan|Dragonite, L50, M|100/100
|move|p2a: Té (en) tazas|Shadow Ball|p1b: Torkoal
|-damage|p1b: Torkoal|50/100
|-unboost|p1b: Torkoal|spd|1
|move|p1b: Torkoal|Eruption|p2b: Onichan|[spread] p2a,p2b
|-resisted|p2a: Té (en) tazas
|-resisted|p2b: Onichan
|-damage|p2a: Té (en) tazas|11/100
|-damage|p2b: Onichan|81/100
|move|p1a: Gallade|Trick Room|p1a: Gallade
|-fieldstart|move: Trick Room|[of] p1a: Gallade
|
|-weather|SunnyDay|[upkeep]
|upkeep
|turn|4
|inactive|DrXJ13 has 30 seconds left.
|
|t:|1756984088
|switch|p2a: Toño|Incineroar, L50, F|26/100
|-ability|p2a: Toño|Intimidate|boost
|-fail|p1a: Gallade|unboost|[from] item: Clear Amulet|[of] p1a: Gallade
|-unboost|p1b: Torkoal|atk|1
|move|p2b: Onichan|Protect|p2b: Onichan
|-singleturn|p2b: Onichan|Protect
|move|p1b: Torkoal|Eruption|p2a: Toño|[spread] p2a
|-activate|p2b: Onichan|move: Protect
|-resisted|p2a: Toño
|-damage|p2a: Toño|0 fnt
|faint|p2a: Toño
|move|p1a: Gallade|Psycho Cut|p2b: Onichan
|-activate|p2b: Onichan|move: Protect
|
|-weather|SunnyDay|[upkeep]
|upkeep
|
|t:|1756984091
|switch|p2a: Té (en) tazas|Sinistcha, L50, tera:Water|11/100
|-heal|p2b: Onichan|100/100|[from] ability: Hospitality|[of] p2a: Té (en) tazas
|turn|5
|inactive|DrXJ13 has 30 seconds left.
|
|t:|1756984120
|move|p1b: Torkoal|Eruption|p2a: Té (en) tazas|[spread] p2a,p2b
|-resisted|p2a: Té (en) tazas
|-resisted|p2b: Onichan
|-damage|p2a: Té (en) tazas|0 fnt
|-damage|p2b: Onichan|83/100
|faint|p2a: Té (en) tazas
|move|p1a: Gallade|Psycho Cut|p2b: Onichan
|-damage|p2b: Onichan|22/100
|move|p2b: Onichan|Scale Shot|p1a: Gallade
|-damage|p1a: Gallade|81/100
|-damage|p1a: Gallade|62/100
|-damage|p1a: Gallade|42/100
|-damage|p1a: Gallade|23/100
|-hitcount|p1a: Gallade|4
|-unboost|p2b: Onichan|def|1
|-boost|p2b: Onichan|spe|1
|
|-weather|none
|upkeep
|
|t:|1756984124
|switch|p2a: Wellington|Ursaluna-Bloodmoon, L50, M|100/100
|turn|6
|
|t:|1756984144
|move|p2b: Onichan|Extreme Speed|p1a: Gallade
|-damage|p1a: Gallade|0 fnt
|faint|p1a: Gallade
|move|p1b: Torkoal|Eruption|p2b: Onichan|[spread] p2a,p2b
|-resisted|p2b: Onichan
|-damage|p2a: Wellington|50/100
|-damage|p2b: Onichan|0 fnt
|faint|p2b: Onichan
|move|p2a: Wellington|Earth Power|p1b: Torkoal
|-supereffective|p1b: Torkoal
|-damage|p1b: Torkoal|0 fnt
|faint|p1b: Torkoal
|
|-heal|p2a: Wellington|57/100|[from] item: Leftovers
|upkeep
|
|t:|1756984158
|switch|p1b: Ursaluna|Ursaluna, L50, M|100/100
|turn|7
|inactive|huezinhu has 30 seconds left.
|
|t:|1756984192
|move|p1b: Ursaluna|Headlong Rush|p2a: Wellington
|-damage|p2a: Wellington|5/100
|-unboost|p1b: Ursaluna|def|1
|-unboost|p1b: Ursaluna|spd|1
|move|p2a: Wellington|Calm Mind|p2a: Wellington
|-boost|p2a: Wellington|spa|1
|-boost|p2a: Wellington|spd|1
|
|-heal|p2a: Wellington|11/100|[from] item: Leftovers
|-fieldend|move: Trick Room
|-status|p1b: Ursaluna|brn|[from] item: Flame Orb
|upkeep
|turn|8
|
|t:|1756984204
|move|p2a: Wellington|Protect|p2a: Wellington
|-singleturn|p2a: Wellington|Protect
|move|p1b: Ursaluna|Protect||[still]
|-fail|p1b: Ursaluna
|
|-heal|p2a: Wellington|17/100|[from] item: Leftovers
|-damage|p1b: Ursaluna|95/100 brn|[from] brn
|upkeep
|turn|9
|
|t:|1756984214
|move|p2a: Wellington|Hyper Voice|p1b: Ursaluna
|-damage|p1b: Ursaluna|0 fnt
|faint|p1b: Ursaluna
|
|win|DrXJ13
|raw|huezinhu's rating: 1133 → 1106(-27 for losing)
|raw|DrXJ13's rating: 1112 → 1139(+27 for winning)
