|j|☆maviuc
|j|☆carmelotb
|html|maviuccarmelotb    
|uhtml|bestof|Game 3 of a best-of-3
|t:|1784333569
|gametype|doubles
|player|p1|maviuc|elesa|1118
|player|p2|carmelotb|pilot|1072
|gen|9
|tier|[Gen 9 Champions] VGC 2026 Reg M-B (Bo3)
|rated|
|rule|Species Clause: Limit one of each Pokémon
|rule|Item Clause: Limit 1 of each item
|clearpoke
|poke|p1|Charizard, L50, M|
|poke|p1|Incineroar, L50, M|
|poke|p1|Sylveon, L50, F|
|poke|p1|Farigiraf, L50, M|
|poke|p1|Garchomp, L50, M|
|poke|p1|Aerodactyl, L50, F|
|poke|p2|Whimsicott, L50, M|
|poke|p2|Sceptile, L50, F|
|poke|p2|Rotom-Wash, L50|
|poke|p2|Charizard, L50, F|
|poke|p2|Mamoswine, L50, F|
|poke|p2|Salazzle, L50, F|
|teampreview|4
|showteam|p1|Charizard||CharizarditeY|Blaze|HeatWave,WeatherBall,SolarBeam,Protect|Modest||M|||50|]Incineroar||Charcoal|Intimidate|FlareBlitz,DarkestLariat,FakeOut,PartingShot|Brave||M|||50|]Sylveon||FairyFeather|Pixilate|HyperVoice,Yawn,QuickAttack,Protect|Modest||F|||50|]Farigiraf||SitrusBerry|ArmorTail|Psyshock,HelpingHand,TrickRoom,Protect|Calm||M|||50|]Garchomp||LifeOrb|RoughSkin|Earthquake,Protect,DragonClaw,StompingTantrum|Jolly||M|||50|]Aerodactyl||FocusSash|Unnerve|RockSlide,Tailwind,WideGuard,Protect|Jolly||F|||50|
|showteam|p2|Whimsicott||MentalHerb|Prankster|GrassyTerrain,EnergyBall,Tailwind,SunnyDay|Timid||M|||50|]Sceptile||Sceptilite|Overgrow|EarthPower,Substitute,GigaDrain,DragonPulse|Timid||F|||50|]Rotom-Wash||Magnet|Levitate|Discharge,HydroPump,VoltSwitch,Protect|Modest|||||50|]Charizard||CharizarditeX|Blaze|Protect,DragonDance,DragonClaw,FlareBlitz|Jolly||F|||50|]Mamoswine||ChoiceScarf|Oblivious|IcicleCrash,IronHead,Earthquake,RockSlide|Adamant||F|||50|]Salazzle||FocusSash|Corrosion|FakeOut,SludgeBomb,Overheat,Toxic|Timid||F|||50|
|
|t:|1784333613
|teamsize|p1|4
|teamsize|p2|4
|start
|switch|p1a: Sylveon|Sylveon, L50, F|100/100
|switch|p1b: Aerodactyl|Aerodactyl, L50, F|100/100
|switch|p2a: Mamoswine|Mamoswine, L50, F|100/100
|switch|p2b: Rotom|Rotom-Wash, L50|100/100
|-ability|p1b: Aerodactyl|Unnerve
|turn|1
|
|t:|1784333625
|move|p1b: Aerodactyl|Protect|p1b: Aerodactyl
|-singleturn|p1b: Aerodactyl|Protect
|move|p1a: Sylveon|Protect|p1a: Sylveon
|-singleturn|p1a: Sylveon|Protect
|move|p2a: Mamoswine|Rock Slide|p1a: Sylveon|[spread] 
|-activate|p1a: Sylveon|move: Protect
|-activate|p1b: Aerodactyl|move: Protect
|move|p2b: Rotom|Discharge|p1a: Sylveon|[spread] 
|-activate|p1a: Sylveon|move: Protect
|-activate|p1b: Aerodactyl|move: Protect
|-immune|p2a: Mamoswine
|
|upkeep
|turn|2
|
|t:|1784333640
|move|p1b: Aerodactyl|Tailwind|p1b: Aerodactyl
|-sidestart|p1: maviuc|move: Tailwind
|move|p2a: Mamoswine|Rock Slide|p1b: Aerodactyl|[spread] p1a,p1b
|-supereffective|p1b: Aerodactyl|1
|-damage|p1a: Sylveon|71/100
|-damage|p1b: Aerodactyl|36/100
|move|p1a: Sylveon|Hyper Voice|p2a: Mamoswine|[spread] p2a,p2b
|-damage|p2a: Mamoswine|32/100
|-damage|p2b: Rotom|55/100
|move|p2b: Rotom|Volt Switch|p1b: Aerodactyl
|-supereffective|p1b: Aerodactyl|1
|-crit|p1b: Aerodactyl
|-damage|p1b: Aerodactyl|0 fnt
|faint|p1b: Aerodactyl
|
|t:|1784333655
|switch|p2b: Salazzle|Salazzle, L50, F|100/100|[from] Volt Switch
|
|upkeep
|
|t:|1784333668
|switch|p1b: Charizard|Charizard, L50, M|100/100
|turn|3
|
|t:|1784333682
|switch|p1a: Incineroar|Incineroar, L50, M|100/100
|-ability|p1a: Incineroar|Intimidate|boost
|-fail|p2a: Mamoswine|unboost|Attack|[from] ability: Oblivious|[of] p2a: Mamoswine
|-unboost|p2b: Salazzle|atk|1
|move|p1b: Charizard|Protect|p1b: Charizard
|-singleturn|p1b: Charizard|Protect
|move|p2b: Salazzle|Fake Out|p1a: Incineroar
|-damage|p1a: Incineroar|96/100
|move|p2a: Mamoswine|Rock Slide|p1b: Charizard|[spread] p1a
|-activate|p1b: Charizard|move: Protect
|-supereffective|p1a: Incineroar|1
|-damage|p1a: Incineroar|58/100
|
|upkeep
|turn|4
|
|t:|1784333704
|switch|p2a: Charizard|Charizard, L50, F|100/100
|detailschange|p1b: Charizard|Charizard-Mega-Y, L50, M
|-mega|p1b: Charizard|Charizard|Charizardite Y
|-weather|SunnyDay|[from] ability: Drought|[of] p1b: Charizard
|move|p1b: Charizard|Heat Wave|p2a: Charizard|[spread] p2a,p2b
|-resisted|p2a: Charizard|1
|-resisted|p2b: Salazzle|1
|-damage|p2a: Charizard|52/100
|-damage|p2b: Salazzle|35/100
|move|p2b: Salazzle|Toxic|p1b: Charizard
|-status|p1b: Charizard|tox
|move|p1a: Incineroar|Darkest Lariat|p2b: Salazzle
|-damage|p2b: Salazzle|0 fnt
|faint|p2b: Salazzle
|
|-weather|SunnyDay|[upkeep]
|-damage|p1b: Charizard|94/100 tox|[from] psn
|upkeep
|
|t:|1784333720
|switch|p2b: Rotom|Rotom-Wash, L50|55/100
|turn|5
|
|t:|1784333740
|switch|p1a: Sylveon|Sylveon, L50, F|71/100
|detailschange|p2a: Charizard|Charizard-Mega-X, L50, F
|-mega|p2a: Charizard|Charizard|Charizardite X
|move|p1b: Charizard|Solar Beam||[still]
|-prepare|p1b: Charizard|Solar Beam
|-anim|p1b: Charizard|Solar Beam|p2b: Rotom
|-supereffective|p2b: Rotom|1
|-damage|p2b: Rotom|0 fnt
|faint|p2b: Rotom
|move|p2a: Charizard|Dragon Dance|p2a: Charizard
|-boost|p2a: Charizard|atk|1
|-boost|p2a: Charizard|spe|1
|
|-weather|SunnyDay|[upkeep]
|-damage|p1b: Charizard|82/100 tox|[from] psn
|-sideend|p1: maviuc|move: Tailwind
|upkeep
|
|t:|1784333748
|switch|p2b: Mamoswine|Mamoswine, L50, F|32/100
|turn|6
|
|t:|1784333767
|switch|p1b: Incineroar|Incineroar, L50, M|58/100
|-ability|p1b: Incineroar|Intimidate|boost
|-unboost|p2a: Charizard|atk|1
|-fail|p2b: Mamoswine|unboost|Attack|[from] ability: Oblivious|[of] p2b: Mamoswine
|move|p1a: Sylveon|Protect|p1a: Sylveon
|-singleturn|p1a: Sylveon|Protect
|move|p2a: Charizard|Flare Blitz|p1a: Sylveon
|-activate|p1a: Sylveon|move: Protect
|move|p2b: Mamoswine|Rock Slide|p1a: Sylveon|[spread] p1b
|-activate|p1a: Sylveon|move: Protect
|-supereffective|p1b: Incineroar|1
|-damage|p1b: Incineroar|18/100
|
|-weather|SunnyDay|[upkeep]
|upkeep
|turn|7
|
|t:|1784333786
|move|p1b: Incineroar|Fake Out|p2a: Charizard
|-damage|p2a: Charizard|38/100
|cant|p2a: Charizard|flinch
|move|p2b: Mamoswine|Rock Slide|p1a: Sylveon|[spread] p1a
|-miss|p2b: Mamoswine|p1b: Incineroar
|-damage|p1a: Sylveon|47/100
|cant|p1a: Sylveon|flinch
|
|-weather|SunnyDay|[upkeep]
|upkeep
|turn|8
|
|t:|1784333803
|switch|p1b: Charizard|Charizard-Mega-Y, L50, M|82/100 tox
|move|p1a: Sylveon|Protect|p1a: Sylveon
|-singleturn|p1a: Sylveon|Protect
|move|p2a: Charizard|Flare Blitz|p1a: Sylveon
|-activate|p1a: Sylveon|move: Protect
|move|p2b: Mamoswine|Rock Slide|p1b: Charizard|[spread] p1b
|-activate|p1a: Sylveon|move: Protect
|-supereffective|p1b: Charizard|2
|-damage|p1b: Charizard|0 fnt
|faint|p1b: Charizard
|
|-weather|none
|upkeep
|
|t:|1784333813
|switch|p1b: Incineroar|Incineroar, L50, M|18/100
|-ability|p1b: Incineroar|Intimidate|boost
|-unboost|p2a: Charizard|atk|1
|-fail|p2b: Mamoswine|unboost|Attack|[from] ability: Oblivious|[of] p2b: Mamoswine
|turn|9
|inactive|Battle timer is ON: inactive players will automatically lose when time's up. (requested by carmelotb)
|
|t:|1784333838
|move|p1b: Incineroar|Fake Out|p2a: Charizard
|-damage|p2a: Charizard|21/100
|cant|p2a: Charizard|flinch
|move|p2b: Mamoswine|Rock Slide|p1b: Incineroar|[spread] p1a,p1b
|-supereffective|p1b: Incineroar|1
|-damage|p1a: Sylveon|17/100
|-damage|p1b: Incineroar|0 fnt
|faint|p1b: Incineroar
|cant|p1a: Sylveon|flinch
|
|upkeep
|turn|10
|
|t:|1784333850
|move|p1a: Sylveon|Quick Attack|p2a: Charizard
|-damage|p2a: Charizard|6/100
|move|p2a: Charizard|Flare Blitz|p1a: Sylveon
|-damage|p1a: Sylveon|0 fnt
|faint|p1a: Sylveon
|-damage|p2a: Charizard|0 fnt|[from] Recoil
|faint|p2a: Charizard
|
|win|carmelotb
|raw|maviuc's rating: 1118 → 1090(-28 for losing)
|raw|carmelotb's rating: 1072 → 1105(+33 for winning)
|l|☆carmelotb
|player|p2|
