|j|Ōśåfluffym1n
|j|Ōśågokturkxd
|html|fluffym1ngokturkxd    
|uhtml|bestof|Game 1 of a best-of-3
|t:|1756576143
|gametype|doubles
|player|p1|fluffym1n|lucas-gen4pt|1241
|player|p2|gokturkxd|n-masters3|1199
|gen|9
|tier|[Gen 9] VGC 2025 Reg H (Bo3)
|rated|
|rule|Species Clause: Limit one of each Pok├®mon
|rule|Item Clause: Limit 1 of each item
|clearpoke
|poke|p1|Incineroar, L50, F|
|poke|p1|Sneasler, L50, M|
|poke|p1|Amoonguss, L50, F|
|poke|p1|Garchomp, L50, F|
|poke|p1|Gholdengo, L50|
|poke|p1|Tyranitar, L50, F|
|poke|p2|Kommo-o, L50, M|
|poke|p2|Drifblim, L50, F|
|poke|p2|Hydreigon, L50, M|
|poke|p2|Toxtricity, L50, F|
|poke|p2|Volcarona, L50, F|
|poke|p2|Indeedee, L50, M|
|teampreview|4
|showteam|p1|Incineroar||SafetyGoggles|Intimidate|FakeOut,KnockOff,FlareBlitz,PartingShot|||F|||50|,,,,,Ghost]Sneasler||WhiteHerb|Unburden|DireClaw,CloseCombat,FakeOut,Protect|||M|||50|,,,,,Stellar]Amoonguss||SitrusBerry|Regenerator|PollenPuff,Spore,RagePowder,Protect|||F|||50|,,,,,Water]Garchomp||LifeOrb|SandVeil|Earthquake,DragonClaw,StompingTantrum,Protect|||F|||50|,,,,,Water]Gholdengo||MetalCoat|GoodasGold|MakeItRain,ShadowBall,NastyPlot,Protect||||||50|,,,,,Water]Tyranitar||ClearAmulet|SandStream|KnockOff,RockSlide,Protect,LowKick|||F|||50|,,,,,Flying
|showteam|p2|Kommo-o||Leftovers|Soundproof|BodyPress,Flamethrower,IronDefense,Protect|||M|||50|,,,,,Fire]Drifblim||PsychicSeed|Unburden|Acrobatics,WillOWisp,StrengthSap,Tailwind|||F|||50|,,,,,Grass]Hydreigon||AssaultVest|Levitate|DarkPulse,DracoMeteor,EarthPower,Snarl|||M|||50|,,,,,Ghost]Toxtricity||ChoiceSpecs|PunkRock|VoltSwitch,SludgeBomb,Boomburst,Overdrive|||F|||50|,,,,,Normal]Volcarona||CovertCloak|FlameBody|QuiverDance,HeatWave,TeraBlast,Protect|||F|||50|,,,,,Fairy]Indeedee||FocusSash|PsychicSurge|ExpandingForce,TeraBlast,Imprison,TrickRoom|||M|||50|,,,,,Fighting
|
|t:|1756576232
|teamsize|p1|4
|teamsize|p2|4
|start
|switch|p1a: Gholdengo|Gholdengo, L50|100/100
|switch|p1b: Tyranitar|Tyranitar, L50, F|100/100
|switch|p2a: Drifblim|Drifblim, L50, F|100/100
|switch|p2b: Indeedee|Indeedee, L50, M|100/100
|-fieldstart|move: Psychic Terrain|[from] ability: Psychic Surge|[of] p2b: Indeedee
|-enditem|p2a: Drifblim|Psychic Seed
|-boost|p2a: Drifblim|spd|1|[from] item: Psychic Seed
|-weather|Sandstorm|[from] ability: Sand Stream|[of] p1b: Tyranitar
|turn|1
|
|t:|1756576253
|move|p1b: Tyranitar|Protect|p1b: Tyranitar
|-singleturn|p1b: Tyranitar|Protect
|move|p2a: Drifblim|Will-O-Wisp|p1b: Tyranitar
|-activate|p1b: Tyranitar|move: Protect
|move|p2b: Indeedee|Expanding Force|p1b: Tyranitar|[spread] p1a
|-activate|p1b: Tyranitar|move: Protect
|-resisted|p1a: Gholdengo
|-damage|p1a: Gholdengo|77/100
|move|p1a: Gholdengo|Nasty Plot|p1a: Gholdengo
|-boost|p1a: Gholdengo|spa|2
|
|-weather|Sandstorm|[upkeep]
|-damage|p2a: Drifblim|94/100|[from] Sandstorm
|-damage|p2b: Indeedee|94/100|[from] Sandstorm
|upkeep
|turn|2
|
|t:|1756576278
|switch|p1b: Incineroar|Incineroar, L50, F|100/100
|-ability|p1b: Incineroar|Intimidate|boost
|-unboost|p2a: Drifblim|atk|1
|-unboost|p2b: Indeedee|atk|1
|-terastallize|p2b: Indeedee|Fighting
|move|p2a: Drifblim|Tailwind|p2a: Drifblim
|-sidestart|p2: gokturkxd|move: Tailwind
|move|p2b: Indeedee|Tera Blast|p1b: Incineroar|[anim] Tera Blast Fighting
|-supereffective|p1b: Incineroar
|-damage|p1b: Incineroar|48/100
|move|p1a: Gholdengo|Make It Rain|p2a: Drifblim|[spread] p2a,p2b
|-damage|p2a: Drifblim|18/100
|-damage|p2b: Indeedee|0 fnt
|-unboost|p1a: Gholdengo|spa|1
|faint|p2b: Indeedee
|
|-weather|Sandstorm|[upkeep]
|-damage|p2a: Drifblim|12/100|[from] Sandstorm
|upkeep
|
|t:|1756576296
|switch|p2b: Volcarona|Volcarona, L50, F|100/100
|turn|3
|
|t:|1756576314
|-terastallize|p1a: Gholdengo|Water
|move|p2a: Drifblim|Strength Sap|p1b: Incineroar
|-unboost|p1b: Incineroar|atk|1
|-heal|p2a: Drifblim|66/100
|move|p2b: Volcarona|Quiver Dance|p2b: Volcarona
|-boost|p2b: Volcarona|spa|1
|-boost|p2b: Volcarona|spd|1
|-boost|p2b: Volcarona|spe|1
|move|p1a: Gholdengo|Shadow Ball|p2b: Volcarona
|-damage|p2b: Volcarona|64/100
|move|p1b: Incineroar|Flare Blitz|p2b: Volcarona
|-crit|p2b: Volcarona
|-damage|p2b: Volcarona|0 fnt
|faint|p2b: Volcarona
|-damage|p1b: Incineroar|28/100|[from] Recoil
|
|-weather|Sandstorm|[upkeep]
|-damage|p2a: Drifblim|60/100|[from] Sandstorm
|-damage|p1a: Gholdengo|71/100|[from] Sandstorm
|upkeep
|c|Ōśågokturkxd|bro
|c|Ōśågokturkxd|=/
|c|Ōśåfluffym1n|part of the game
|c|Ōśåfluffym1n|sorr
|c|Ōśåfluffym1n|I also just have ttar in the back..
|c|Ōśågokturkxd|I just got critted 8 times last bo3
|c|Ōśåfluffym1n|Yeahhhh, that was me all of last week
|c|Ōśågokturkxd|drifblim tanks it still
|c|Ōśågokturkxd|That's me all the time
|c|Ōśågokturkxd|lol
|
|t:|1756576363
|switch|p2b: Kommo-o|Kommo-o, L50, M|100/100
|turn|4
|c|Ōśågokturkxd|down from +1500 elo to here
|c|Ōśåfluffym1n|Welcome to HELL
|c|Ōśågokturkxd|"I've been here before"
|c|Ōśågokturkxd|xD
|c|Ōśåfluffym1n|Me as hell
|c|Ōśågokturkxd|lol
|
|t:|1756576412
|move|p2a: Drifblim|Strength Sap|p1b: Incineroar
|-unboost|p1b: Incineroar|atk|1
|-heal|p2a: Drifblim|97/100
|move|p2b: Kommo-o|Body Press|p1a: Gholdengo
|-damage|p1a: Gholdengo|35/100
|move|p1a: Gholdengo|Shadow Ball|p2a: Drifblim
|-supereffective|p2a: Drifblim
|-damage|p2a: Drifblim|10/100
|-unboost|p2a: Drifblim|spd|1
|move|p1b: Incineroar|Parting Shot|p2b: Kommo-o
|-immune|p2b: Kommo-o|[from] ability: Soundproof
|
|-weather|Sandstorm|[upkeep]
|-damage|p2a: Drifblim|4/100|[from] Sandstorm
|-damage|p2b: Kommo-o|94/100|[from] Sandstorm
|-damage|p1a: Gholdengo|29/100|[from] Sandstorm
|-heal|p2b: Kommo-o|100/100|[from] item: Leftovers
|upkeep
|turn|5
|c|Ōśåfluffym1n|Hoping to god that this team (so far so good) can get me day 2 at Milwaukee, and pitt if It opens
|c|Ōśåfluffym1n|me when i didn't know sound proof hit parting shot
|c|Ōśågokturkxd|lmao
|c|Ōśågokturkxd|I mean
|c|Ōśågokturkxd|Inci roars when parting
|c|Ōśågokturkxd|so makes sense
|c|Ōśåfluffym1n|That mf roars at everything, cocky ass bitch i swear
|c|Ōśågokturkxd|also have it tera fire to save myself from ninetales alola and primarina
|c|Ōśågokturkxd|Lol
|c|Ōśåfluffym1n|But you'd catch Hyper Voice?
|
|t:|1756576493
|move|p1a: Gholdengo|Protect|p1a: Gholdengo
|-singleturn|p1a: Gholdengo|Protect
|move|p2a: Drifblim|Acrobatics|p1b: Incineroar
|-damage|p1b: Incineroar|7/100
|move|p2b: Kommo-o|Iron Defense|p2b: Kommo-o
|-boost|p2b: Kommo-o|def|2
|move|p1b: Incineroar|Knock Off|p2a: Drifblim
|-supereffective|p2a: Drifblim
|-damage|p2a: Drifblim|0 fnt
|faint|p2a: Drifblim
|
|-weather|none
|-sideend|p2: gokturkxd|move: Tailwind
|-fieldend|move: Psychic Terrain
|upkeep
|turn|6
|
|t:|1756576509
|switch|p1b: Sneasler|Sneasler, L50, M|100/100
|move|p1a: Gholdengo|Shadow Ball|p2b: Kommo-o
|-damage|p2b: Kommo-o|49/100
|move|p2b: Kommo-o|Body Press|p1a: Gholdengo
|-damage|p1a: Gholdengo|0 fnt
|faint|p1a: Gholdengo
|
|-heal|p2b: Kommo-o|56/100|[from] item: Leftovers
|upkeep
|c|Ōśågokturkxd|soundproof
|c|Ōśåfluffym1n|shit true
|c|Ōśågokturkxd|=)
|
|t:|1756576521
|switch|p1a: Tyranitar|Tyranitar, L50, F|100/100
|-weather|Sandstorm|[from] ability: Sand Stream|[of] p1a: Tyranitar
|turn|7
|c|Ōśågokturkxd|I'm just unlucky as hell
|
|t:|1756576531
|switch|p1a: Incineroar|Incineroar, L50, F|7/100
|-ability|p1a: Incineroar|Intimidate|boost
|-unboost|p2b: Kommo-o|atk|1
|move|p1b: Sneasler|Fake Out|p2b: Kommo-o
|-damage|p2b: Kommo-o|50/100
|cant|p2b: Kommo-o|flinch
|
|-weather|Sandstorm|[upkeep]
|-damage|p1b: Sneasler|95/100|[from] Sandstorm
|-damage|p2b: Kommo-o|44/100|[from] Sandstorm
|-heal|p2b: Kommo-o|50/100|[from] item: Leftovers
|upkeep
|turn|8
|c|Ōśåfluffym1n|the team is a solid off meta pick
|c|Ōśågokturkxd|yours?
|
|t:|1756576547
|move|p2b: Kommo-o|Protect|p2b: Kommo-o
|-singleturn|p2b: Kommo-o|Protect
|move|p1a: Incineroar|Fake Out|p2b: Kommo-o
|-activate|p2b: Kommo-o|move: Protect
|move|p1b: Sneasler|Close Combat|p2b: Kommo-o
|-activate|p2b: Kommo-o|move: Protect
|
|-weather|Sandstorm|[upkeep]
|-damage|p1b: Sneasler|89/100|[from] Sandstorm
|-damage|p2b: Kommo-o|44/100|[from] Sandstorm
|-heal|p2b: Kommo-o|50/100|[from] item: Leftovers
|upkeep
|turn|9
|c|Ōśåfluffym1n|yours
|c|Ōśågokturkxd|oh
|c|Ōśågokturkxd|yeah
|c|Ōśågokturkxd|was experimenting with something similar
|c|Ōśåfluffym1n|mine was okay until i added ttar, now it feels pretty good
|c|Ōśågokturkxd|with ursa bm
|c|Ōśågokturkxd|then saw a variant of mine
|c|Ōśåfluffym1n|go to sleeeeep go to sleeeeep
|c|Ōśågokturkxd|changed it a bit, and here we are
|
|t:|1756576584
|move|p1b: Sneasler|Dire Claw|p2b: Kommo-o
|-damage|p2b: Kommo-o|35/100
|move|p2b: Kommo-o|Body Press|p1b: Sneasler
|-resisted|p1b: Sneasler
|-damage|p1b: Sneasler|24/100
|move|p1a: Incineroar|Knock Off|p2b: Kommo-o
|-resisted|p2b: Kommo-o
|-damage|p2b: Kommo-o|28/100
|-enditem|p2b: Kommo-o|Leftovers|[from] move: Knock Off|[of] p1a: Incineroar
|
|-weather|Sandstorm|[upkeep]
|-damage|p1b: Sneasler|18/100|[from] Sandstorm
|-damage|p2b: Kommo-o|22/100|[from] Sandstorm
|upkeep
|turn|10
|c|Ōśågokturkxd|I'm good ty
|
|t:|1756576604
|switch|p1a: Tyranitar|Tyranitar, L50, F|100/100
|move|p1b: Sneasler|Protect|p1b: Sneasler
|-singleturn|p1b: Sneasler|Protect
|move|p2b: Kommo-o|Flamethrower|p1b: Sneasler
|-activate|p1b: Sneasler|move: Protect
|
|-weather|Sandstorm|[upkeep]
|-damage|p1b: Sneasler|13/100|[from] Sandstorm
|-damage|p2b: Kommo-o|16/100|[from] Sandstorm
|upkeep
|turn|11
|
|t:|1756576647
|move|p2b: Kommo-o|Protect|p2b: Kommo-o
|-singleturn|p2b: Kommo-o|Protect
|move|p1b: Sneasler|Close Combat|p2b: Kommo-o
|-activate|p2b: Kommo-o|move: Protect
|move|p1a: Tyranitar|Low Kick|p2b: Kommo-o
|-activate|p2b: Kommo-o|move: Protect
|
|-weather|none
|upkeep
|turn|12
|
|t:|1756576660
|switch|p1a: Incineroar|Incineroar, L50, F|7/100
|-ability|p1a: Incineroar|Intimidate|boost
|-unboost|p2b: Kommo-o|atk|1
|move|p1b: Sneasler|Protect|p1b: Sneasler
|-singleturn|p1b: Sneasler|Protect
|move|p2b: Kommo-o|Body Press|p1a: Incineroar
|-supereffective|p1a: Incineroar
|-damage|p1a: Incineroar|0 fnt
|faint|p1a: Incineroar
|
|upkeep
|
|t:|1756576662
|switch|p1a: Tyranitar|Tyranitar, L50, F|100/100
|-weather|Sandstorm|[from] ability: Sand Stream|[of] p1a: Tyranitar
|turn|13
|
|t:|1756576671
|move|p2b: Kommo-o|Protect|p2b: Kommo-o
|-singleturn|p2b: Kommo-o|Protect
|move|p1b: Sneasler|Close Combat|p2b: Kommo-o
|-activate|p2b: Kommo-o|move: Protect
|move|p1a: Tyranitar|Low Kick|p2b: Kommo-o
|-activate|p2b: Kommo-o|move: Protect
|
|-weather|Sandstorm|[upkeep]
|-damage|p1b: Sneasler|7/100|[from] Sandstorm
|-damage|p2b: Kommo-o|10/100|[from] Sandstorm
|upkeep
|turn|14
|
|t:|1756576678
|move|p2b: Kommo-o|Protect||[still]
|-fail|p2b: Kommo-o
|move|p1b: Sneasler|Close Combat|p2b: Kommo-o
|-damage|p2b: Kommo-o|0 fnt
|-unboost|p1b: Sneasler|def|1
|-unboost|p1b: Sneasler|spd|1
|faint|p2b: Kommo-o
|-enditem|p1b: Sneasler|White Herb
|-clearnegativeboost|p1b: Sneasler|[silent]
|
|win|fluffym1n
|c|Ōśågokturkxd|lol
||gokturkxd is ready for game 2.
||fluffym1n is ready for game 2.
|uhtml|next|Next: Game 2 of 3
|l|Ōśåfluffym1n
|player|p1|
