|j|☆x-3 demon
|j|☆Twiz94
|html|x-3 demonTwiz94    
|uhtml|bestof|Game 2 of a best-of-3
|t:|1756773440
|gametype|doubles
|player|p1|x-3 demon|boarder-gen2|1193
|player|p2|Twiz94|169|1193
|gen|9
|tier|[Gen 9] VGC 2025 Reg H (Bo3)
|rated|
|rule|Species Clause: Limit one of each Pokémon
|rule|Item Clause: Limit 1 of each item
|clearpoke
|poke|p1|Dragonite, L50, F|
|poke|p1|Sinistcha, L50|
|poke|p1|Ursaluna, L50, F|
|poke|p1|Gholdengo, L50|
|poke|p1|Incineroar, L50, F|
|poke|p1|Ninetales-Alola, L50, F|
|poke|p2|Typhlosion-Hisui, L50, M|
|poke|p2|Garchomp, L50, M|
|poke|p2|Indeedee, L50, M|
|poke|p2|Torkoal, L50, F|
|poke|p2|Sneasler, L50, M|
|poke|p2|Jumpluff, L50, F|
|teampreview|4
|showteam|p1|Dragonite||LoadedDice|Multiscale|ScaleShot,Haze,Tailwind,Protect|||F|||50|,,,,,Fairy]Sinistcha||SitrusBerry|Hospitality|MatchaGotcha,LifeDew,RagePowder,TrickRoom||||||50|,,,,,Water]Ursaluna||FlameOrb|Guts|HeadlongRush,Earthquake,Facade,Protect|||F|||50|,,,,,Ghost]Gholdengo||LifeOrb|GoodasGold|MakeItRain,ShadowBall,NastyPlot,Protect||||||50|,,,,,Water]Incineroar||AssaultVest|Intimidate|FlareBlitz,KnockOff,FakeOut,Uturn|||F|||50|,,,,,Grass]Ninetales-Alola||FocusSash|SnowWarning|IcyWind,FreezeDry,Encore,AuroraVeil|||F|||50|,,,,,Ghost
|showteam|p2|Typhlosion-Hisui||ChoiceScarf|Blaze|Eruption,HeatWave,Overheat,ShadowBall|||M|||50|,,,,,Fire]Garchomp||LifeOrb|RoughSkin|Protect,ScaleShot,StompingTantrum,Earthquake|||M|||50|,,,,,Fairy]Indeedee||FocusSash|PsychicSurge|Protect,TeraBlast,ExpandingForce,TrickRoom|||M|||50|,,,,,Fighting]Torkoal||EjectPack|Drought|Protect,HelpingHand,Overheat,Eruption|||F|||50|,,,,,Fire]Sneasler||AirBalloon|Unburden|FakeOut,DireClaw,CloseCombat,Coaching|||M|||50|,,,,,Stellar]Jumpluff||CovertCloak|Chlorophyll|SleepPowder,Tailwind,RagePowder,Encore|||F|||50|,,,,,Water
|inactive|Battle timer is ON: inactive players will automatically lose when time's up. (requested by Twiz94)
|inactive|x-3 demon has 60 seconds left.
|inactive|Twiz94 has 60 seconds left.
|inactive|x-3 demon has 30 seconds left.
|inactive|x-3 demon has 20 seconds left.
|
|t:|1756773514
|teamsize|p1|4
|teamsize|p2|4
|start
|switch|p1a: Incineroar|Incineroar, L50, F|100/100
|switch|p1b: Dragonite|Dragonite, L50, F|100/100
|switch|p2a: Sneasler|Sneasler, L50, M, shiny|100/100
|switch|p2b: Garchomp|Garchomp, L50, M, shiny|100/100
|-item|p2a: Sneasler|Air Balloon
|-ability|p1a: Incineroar|Intimidate|boost
|-unboost|p2a: Sneasler|atk|1
|-unboost|p2b: Garchomp|atk|1
|turn|1
|inactive|x-3 demon has 30 seconds left.
|
|t:|1756773545
|-terastallize|p1b: Dragonite|Fairy
|move|p2a: Sneasler|Fake Out|p1b: Dragonite
|-damage|p1b: Dragonite|95/100
|move|p1a: Incineroar|Fake Out|p2a: Sneasler
|-damage|p2a: Sneasler|80/100
|-enditem|p2a: Sneasler|Air Balloon
|move|p2b: Garchomp|Scale Shot|p1b: Dragonite
|-immune|p1b: Dragonite
|cant|p1b: Dragonite|flinch
|
|upkeep
|turn|2
|inactive|Twiz94 has 30 seconds left.
|
|t:|1756773575
|-terastallize|p2b: Garchomp|Fairy
|move|p1b: Dragonite|Protect|p1b: Dragonite
|-singleturn|p1b: Dragonite|Protect
|move|p2a: Sneasler|Dire Claw|p1b: Dragonite
|-activate|p1b: Dragonite|move: Protect
|move|p2b: Garchomp|Stomping Tantrum|p1b: Dragonite
|-activate|p1b: Dragonite|move: Protect
|move|p1a: Incineroar|Flare Blitz|p2a: Sneasler
|-damage|p2a: Sneasler|0 fnt
|faint|p2a: Sneasler
|-damage|p1a: Incineroar|80/100|[from] Recoil
|
|upkeep
|
|t:|1756773590
|switch|p2a: Typhlosion|Typhlosion-Hisui, L50, M, shiny|100/100
|turn|3
|
|t:|1756773615
|move|p2a: Typhlosion|Eruption|p1b: Dragonite|[spread] p1a,p1b
|-resisted|p1a: Incineroar
|-damage|p1a: Incineroar|62/100
|-damage|p1b: Dragonite|35/100
|move|p2b: Garchomp|Stomping Tantrum|p1a: Incineroar
|-supereffective|p1a: Incineroar
|-damage|p1a: Incineroar|0 fnt
|faint|p1a: Incineroar
|-damage|p2b: Garchomp|91/100|[from] item: Life Orb
|move|p1b: Dragonite|Tailwind|p1b: Dragonite
|-sidestart|p1: x-3 demon|move: Tailwind
|
|upkeep
|
|t:|1756773628
|switch|p1a: Ursaluna|Ursaluna, L50, F, shiny|100/100
|turn|4
|inactive|x-3 demon has 30 seconds left.
|inactive|Twiz94 has 30 seconds left.
|
|t:|1756773657
|switch|p2b: Torkoal|Torkoal, L50, F, shiny|100/100
|-weather|SunnyDay|[from] ability: Drought|[of] p2b: Torkoal
|move|p1a: Ursaluna|Protect|p1a: Ursaluna
|-singleturn|p1a: Ursaluna|Protect
|move|p1b: Dragonite|Scale Shot|p2a: Typhlosion
|-damage|p2a: Typhlosion|78/100
|-damage|p2a: Typhlosion|56/100
|-damage|p2a: Typhlosion|33/100
|-damage|p2a: Typhlosion|11/100
|-hitcount|p2a: Typhlosion|4
|-unboost|p1b: Dragonite|def|1
|-boost|p1b: Dragonite|spe|1
|move|p2a: Typhlosion|Eruption|p1b: Dragonite|[spread] p1b
|-activate|p1a: Ursaluna|move: Protect
|-damage|p1b: Dragonite|21/100
|
|-weather|SunnyDay|[upkeep]
|-status|p1a: Ursaluna|brn|[from] item: Flame Orb
|upkeep
|turn|5
|inactive|x-3 demon has 30 seconds left.
|
|t:|1756773689
|move|p2b: Torkoal|Protect|p2b: Torkoal
|-singleturn|p2b: Torkoal|Protect
|move|p1b: Dragonite|Scale Shot|p2a: Typhlosion
|-damage|p2a: Typhlosion|0 fnt
|faint|p2a: Typhlosion
|-hitcount|p2: Typhlosion|1
|-unboost|p1b: Dragonite|def|1
|-boost|p1b: Dragonite|spe|1
|move|p1a: Ursaluna|Headlong Rush|p2b: Torkoal
|-activate|p2b: Torkoal|move: Protect
|
|-weather|SunnyDay|[upkeep]
|-damage|p1a: Ursaluna|95/100 brn|[from] brn
|upkeep
|
|t:|1756773702
|switch|p2a: Garchomp|Garchomp, L50, M, shiny, tera:Fairy|91/100
|turn|6
|inactive|Twiz94 has 30 seconds left.
|
|t:|1756773736
|move|p1b: Dragonite|Protect|p1b: Dragonite
|-singleturn|p1b: Dragonite|Protect
|move|p2b: Torkoal|Protect||[still]
|-fail|p2b: Torkoal
|move|p1a: Ursaluna|Headlong Rush|p2b: Torkoal
|-supereffective|p2b: Torkoal
|-damage|p2b: Torkoal|0 fnt
|-unboost|p1a: Ursaluna|def|1
|-unboost|p1a: Ursaluna|spd|1
|faint|p2b: Torkoal
|move|p2a: Garchomp|Earthquake|p1b: Dragonite|[spread] p1a
|-activate|p1b: Dragonite|move: Protect
|-damage|p1a: Ursaluna|32/100 brn
|-damage|p2a: Garchomp|81/100|[from] item: Life Orb
|
|-weather|SunnyDay|[upkeep]
|-damage|p1a: Ursaluna|26/100 brn|[from] brn
|-sideend|p1: x-3 demon|move: Tailwind
|upkeep
|turn|7
|
|t:|1756773756
|move|p1b: Dragonite|Tailwind|p1b: Dragonite
|-sidestart|p1: x-3 demon|move: Tailwind
|move|p1a: Ursaluna|Facade|p2a: Garchomp
|-damage|p2a: Garchomp|0 fnt
|-damage|p1a: Ursaluna|14/100 brn|[from] ability: Rough Skin|[of] p2a: Garchomp
|faint|p2a: Garchomp
|
|win|x-3 demon
||x-3 demon is ready for game 3.
||Twiz94 is ready for game 3.
|uhtml|next|Next: Game 3 of 3
|l|☆Twiz94
|player|p2|
