|j|☆RegionalModeSlow
|j|☆Luke693VGC
|html|RegionalModeSlowLuke693VGC    
|uhtml|bestof|Game 2 of a best-of-3
|t:|1756314658
|gametype|doubles
|player|p1|RegionalModeSlow|steven|1052
|player|p2|Luke693VGC|cyclist-gen4|1073
|gen|9
|tier|[Gen 9] VGC 2025 Reg H (Bo3)
|rated|
|rule|Species Clause: Limit one of each Pokémon
|rule|Item Clause: Limit 1 of each item
|clearpoke
|poke|p1|Noivern, L50, M|
|poke|p1|Weezing-Galar, L50, M|
|poke|p1|Gholdengo, L50|
|poke|p1|Garchomp, L50, M|
|poke|p1|Annihilape, L50, M|
|poke|p1|Magmar, L50, F|
|poke|p2|Pelipper, L50, M|
|poke|p2|Archaludon, L50, M|
|poke|p2|Sinistcha, L50|
|poke|p2|Ursaluna, L50, M|
|poke|p2|Dragonite, L50, F|
|poke|p2|Incineroar, L50, M|
|teampreview|4
|showteam|p1|Noivern||CovertCloak|Telepathy|AirSlash,SuperFang,Tailwind,Taunt|||M|||50|,,,,,Steel]Weezing-Galar||ChoiceSpecs|NeutralizingGas|DazzlingGleam,SludgeBomb,StrangeSteam,Flamethrower|||M|||50|,,,,,Flying]Gholdengo||MetalCoat|GoodasGold|MakeItRain,ShadowBall,NastyPlot,Protect||||||50|,,,,,Flying]Garchomp||LifeOrb|RoughSkin|DragonClaw,Earthquake,StompingTantrum,Protect|||M|||50|,,,,,Ground]Annihilape||AssaultVest|Defiant|CloseCombat,ShadowClaw,FinalGambit,Uturn|||M|||50|,,,,,Stellar]Magmar||Eviolite|VitalSpirit|HeatWave,WillOWisp,FollowMe,Protect|||F|||50|,,,,,Ghost
|showteam|p2|Pelipper||FocusSash|Drizzle|MuddyWater,Hurricane,WideGuard,Tailwind|||M|||50|,,,,,Ghost]Archaludon||AssaultVest|Stamina|FlashCannon,BodyPress,ElectroShot,Snarl|||M|||50|,,,,,Fighting]Sinistcha||SitrusBerry|Hospitality|MatchaGotcha,LifeDew,RagePowder,TrickRoom||||||50|,,,,,Dark]Ursaluna||FlameOrb|Guts|Protect,Facade,HeadlongRush,Earthquake|||M|||50|,,,,,Ghost]Dragonite||LoadedDice|Multiscale|Protect,ScaleShot,Haze,Tailwind|||F|||50|,,,,,Fairy]Incineroar||SafetyGoggles|Intimidate|FlareBlitz,KnockOff,FakeOut,PartingShot|||M|||50|,,,,,Ghost
|inactive|Battle timer is ON: inactive players will automatically lose when time's up. (requested by RegionalModeSlow)
|
|t:|1756314683
|teamsize|p1|4
|teamsize|p2|4
|start
|switch|p1a: Magmar|Magmar, L50, F|100/100
|switch|p1b: Steely Dan|Gholdengo, L50, shiny|100/100
|switch|p2a: Dragonite|Dragonite, L50, F|100/100
|switch|p2b: Pelipper|Pelipper, L50, M|100/100
|-weather|RainDance|[from] ability: Drizzle|[of] p2b: Pelipper
|turn|1
|inactive|Luke693VGC has 30 seconds left.
|
|t:|1756314714
|-terastallize|p1a: Magmar|Ghost
|move|p1b: Steely Dan|Protect|p1b: Steely Dan
|-singleturn|p1b: Steely Dan|Protect
|move|p2a: Dragonite|Scale Shot|p1b: Steely Dan
|-activate|p1b: Steely Dan|move: Protect
|move|p1a: Magmar|Will-O-Wisp|p2a: Dragonite
|-status|p2a: Dragonite|brn
|move|p2b: Pelipper|Tailwind|p2b: Pelipper
|-sidestart|p2: Luke693VGC|move: Tailwind
|
|-weather|RainDance|[upkeep]
|-damage|p2a: Dragonite|95/100 brn|[from] brn
|upkeep
|turn|2
|inactive|Luke693VGC has 30 seconds left.
|
|t:|1756314742
|move|p1a: Magmar|Protect|p1a: Magmar
|-singleturn|p1a: Magmar|Protect
|move|p2a: Dragonite|Scale Shot|p1b: Steely Dan
|-resisted|p1b: Steely Dan
|-damage|p1b: Steely Dan|97/100
|-resisted|p1b: Steely Dan
|-damage|p1b: Steely Dan|93/100
|-resisted|p1b: Steely Dan
|-damage|p1b: Steely Dan|90/100
|-resisted|p1b: Steely Dan
|-damage|p1b: Steely Dan|86/100
|-resisted|p1b: Steely Dan
|-damage|p1b: Steely Dan|83/100
|-hitcount|p1b: Steely Dan|5
|-unboost|p2a: Dragonite|def|1
|-boost|p2a: Dragonite|spe|1
|move|p2b: Pelipper|Muddy Water|p1a: Magmar|[spread] p1b
|-activate|p1a: Magmar|move: Protect
|-damage|p1b: Steely Dan|32/100
|-unboost|p1b: Steely Dan|accuracy|1
|move|p1b: Steely Dan|Nasty Plot|p1b: Steely Dan
|-boost|p1b: Steely Dan|spa|2
|
|-weather|RainDance|[upkeep]
|-damage|p2a: Dragonite|89/100 brn|[from] brn
|upkeep
|turn|3
|inactive|RegionalModeSlow has 30 seconds left.
|inactive|Luke693VGC has 30 seconds left.
|inactive|RegionalModeSlow has 20 seconds left.
|inactive|RegionalModeSlow has 15 seconds left.
|
|t:|1756314785
|move|p1b: Steely Dan|Protect|p1b: Steely Dan
|-singleturn|p1b: Steely Dan|Protect
|move|p2a: Dragonite|Haze|p2a: Dragonite
|-clearallboost
|move|p2b: Pelipper|Muddy Water|p1b: Steely Dan|[spread] p1a
|-activate|p1b: Steely Dan|move: Protect
|-damage|p1a: Magmar|65/100
|move|p1a: Magmar|Heat Wave|p2b: Pelipper|[spread] p2a,p2b
|-resisted|p2a: Dragonite
|-resisted|p2b: Pelipper
|-damage|p2a: Dragonite|82/100 brn
|-damage|p2b: Pelipper|90/100
|
|-weather|RainDance|[upkeep]
|-damage|p2a: Dragonite|77/100 brn|[from] brn
|upkeep
|turn|4
|
|t:|1756314808
|move|p1a: Magmar|Follow Me|p1a: Magmar
|-singleturn|p1a: Magmar|move: Follow Me
|move|p2a: Dragonite|Scale Shot|p1a: Magmar
|-damage|p1a: Magmar|60/100
|-damage|p1a: Magmar|55/100
|-crit|p1a: Magmar
|-damage|p1a: Magmar|46/100
|-damage|p1a: Magmar|40/100
|-hitcount|p1a: Magmar|4
|-unboost|p2a: Dragonite|def|1
|-boost|p2a: Dragonite|spe|1
|move|p2b: Pelipper|Muddy Water|p1b: Steely Dan|[spread] p1a,p1b
|-damage|p1a: Magmar|0 fnt
|-damage|p1b: Steely Dan|0 fnt
|faint|p1a: Magmar
|faint|p1b: Steely Dan
|
|-weather|RainDance|[upkeep]
|-damage|p2a: Dragonite|71/100 brn|[from] brn
|-sideend|p2: Luke693VGC|move: Tailwind
|upkeep
|
|t:|1756314813
|switch|p1b: Purple💜Haze|Weezing-Galar, L50, M|100/100
|switch|p1a: Väinämöinen|Annihilape, L50, M, shiny|100/100
|-ability|p1b: Purple💜Haze|Neutralizing Gas
|turn|5
|inactive|Luke693VGC has 30 seconds left.
|
|t:|1756314848
|move|p2a: Dragonite|Scale Shot|p1a: Väinämöinen
|-damage|p1a: Väinämöinen|93/100
|-damage|p1a: Väinämöinen|85/100
|-damage|p1a: Väinämöinen|77/100
|-damage|p1a: Väinämöinen|70/100
|-damage|p1a: Väinämöinen|62/100
|-hitcount|p1a: Väinämöinen|5
|-unboost|p2a: Dragonite|def|1
|-boost|p2a: Dragonite|spe|1
|move|p1a: Väinämöinen|Shadow Claw|p2b: Pelipper
|-damage|p2b: Pelipper|46/100
|move|p2b: Pelipper|Tailwind|p2b: Pelipper
|-sidestart|p2: Luke693VGC|move: Tailwind
|move|p1b: Purple💜Haze|Dazzling Gleam|p2b: Pelipper|[spread] p2a,p2b
|-supereffective|p2a: Dragonite
|-damage|p2a: Dragonite|0 fnt
|-damage|p2b: Pelipper|0 fnt
|faint|p2a: Dragonite
|faint|p2b: Pelipper
|
|-weather|none
|upkeep
|
|t:|1756314867
|switch|p2a: Archaludon|Archaludon, L50, M|100/100
|switch|p2b: Ursaluna|Ursaluna, L50, M|100/100
|turn|6
|
|t:|1756314882
|-terastallize|p2a: Archaludon|Fighting
|move|p2a: Archaludon|Flash Cannon|p1b: Purple💜Haze
|-supereffective|p1b: Purple💜Haze
|-damage|p1b: Purple💜Haze|3/100
|move|p2b: Ursaluna|Headlong Rush|p1a: Väinämöinen
|-crit|p1a: Väinämöinen
|-damage|p1a: Väinämöinen|0 fnt
|-unboost|p2b: Ursaluna|def|1
|-unboost|p2b: Ursaluna|spd|1
|faint|p1a: Väinämöinen
|move|p1b: Purple💜Haze|Dazzling Gleam|p2a: Archaludon|[spread] p2a,p2b
|-supereffective|p2a: Archaludon
|-damage|p2a: Archaludon|54/100
|-damage|p2b: Ursaluna|51/100
|
|-status|p2b: Ursaluna|brn|[from] item: Flame Orb
|upkeep
|turn|7
|
|t:|1756314898
|move|p2a: Archaludon|Flash Cannon|p1b: Purple💜Haze
|-supereffective|p1b: Purple💜Haze
|-damage|p1b: Purple💜Haze|0 fnt
|faint|p1b: Purple💜Haze
|-end|p1b: Purple💜Haze|ability: Neutralizing Gas
|
|win|Luke693VGC
