|j|☆boncuss
|j|☆Zzag
|html|boncussZzag    
|uhtml|bestof|Game 1 of a best-of-3
|t:|1757818029
|gametype|doubles
|player|p1|boncuss|wattson|1172
|player|p2|Zzag|101|1263
|gen|9
|tier|[Gen 9] VGC 2025 Reg H (Bo3)
|rated|
|rule|Species Clause: Limit one of each Pokémon
|rule|Item Clause: Limit 1 of each item
|clearpoke
|poke|p1|Garganacl, L50, M|
|poke|p1|Tyranitar, L50, M|
|poke|p1|Glimmora, L50, F|
|poke|p1|Talonflame, L50, M|
|poke|p1|Excadrill, L50, M|
|poke|p1|Gastrodon, L50, M|
|poke|p2|Pelipper, L50, M|
|poke|p2|Baxcalibur, L50, F|
|poke|p2|Dragonite, L50, F|
|poke|p2|Basculegion, L50, M|
|poke|p2|Amoonguss, L50, F|
|poke|p2|Incineroar, L50, M|
|teampreview|4
|showteam|p1|Garganacl||Leftovers|PurifyingSalt|SaltCure,Avalanche,WideGuard,Protect|||M|||50|,,,,,Grass]Tyranitar||AssaultVest|SandStream|RockSlide,KnockOff,LashOut,IcePunch|||M|||50|,,,,,Flying]Glimmora||PowerHerb|ToxicDebris|MeteorBeam,SpikyShield,SludgeBomb,EarthPower|||F|||50|,,,,,Grass]Talonflame||CovertCloak|GaleWings|DualWingbeat,FlareBlitz,Tailwind,WillOWisp|||M|||50|,,,,,Flying]Excadrill||SitrusBerry|SandRush|IronHead,Earthquake,SwordsDance,Protect|||M|||50|,,,,,Ghost]Gastrodon||LifeOrb|StormDrain|EarthPower,MuddyWater,IceBeam,Protect|||M|||50|,,,,,Fire
|showteam|p2|Pelipper||FocusSash|Drizzle|Hurricane,WeatherBall,Protect,Tailwind|||M|||50|,,,,,Stellar]Baxcalibur||DragonFang|ThermalExchange|IceShard,IcicleCrash,GlaiveRush,Protect|||F|||50|,,,,,Poison]Dragonite||LoadedDice|Multiscale|ScaleShot,IceSpinner,Haze,Protect|||F|||50|,,,,,Fairy]Basculegion||LifeOrb|SwiftSwim|LastRespects,WaveCrash,AquaJet,Protect|||M|||50|,,,,,Water]Amoonguss||SitrusBerry|Regenerator|Protect,PollenPuff,RagePowder,Spore|||F|||50|,,,,,Steel]Incineroar||AssaultVest|Intimidate|FakeOut,FlareBlitz,KnockOff,Uturn|||M|||50|,,,,,Grass
|inactive|Battle timer is ON: inactive players will automatically lose when time's up. (requested by boncuss)
|inactive|Zzag has 60 seconds left.
|
|t:|1757818079
|teamsize|p1|4
|teamsize|p2|4
|start
|switch|p1a: Glimmora|Glimmora, L50, F|100/100
|switch|p1b: Talonflame|Talonflame, L50, M|100/100
|switch|p2a: Baxcalibur|Baxcalibur, L50, F|100/100
|switch|p2b: Incineroar|Incineroar, L50, M|100/100
|-ability|p2b: Incineroar|Intimidate|boost
|-unboost|p1a: Glimmora|atk|1
|-unboost|p1b: Talonflame|atk|1
|turn|1
|inactive|boncuss has 30 seconds left.
|inactive|Zzag has 30 seconds left.
|
|t:|1757818112
|-terastallize|p2a: Baxcalibur|Poison
|move|p2b: Incineroar|Fake Out|p1a: Glimmora
|-resisted|p1a: Glimmora
|-damage|p1a: Glimmora|94/100
|-activate|p1a: Glimmora|ability: Toxic Debris
|-sidestart|p2: Zzag|move: Toxic Spikes
|move|p1b: Talonflame|Tailwind|p1b: Talonflame
|-sidestart|p1: boncuss|move: Tailwind
|cant|p1a: Glimmora|flinch
|move|p2a: Baxcalibur|Icicle Crash|p1b: Talonflame
|-crit|p1b: Talonflame
|-damage|p1b: Talonflame|0 fnt
|faint|p1b: Talonflame
|
|upkeep
|
|t:|1757818128
|switch|p1b: Excadrill|Excadrill, L50, M|100/100
|turn|2
|inactive|Zzag has 30 seconds left.
|
|t:|1757818161
|move|p2a: Baxcalibur|Protect|p2a: Baxcalibur
|-singleturn|p2a: Baxcalibur|Protect
|move|p1a: Glimmora|Meteor Beam||[still]
|-prepare|p1a: Glimmora|Meteor Beam
|-boost|p1a: Glimmora|spa|1
|-enditem|p1a: Glimmora|Power Herb
|-anim|p1a: Glimmora|Meteor Beam|p2b: Incineroar
|-supereffective|p2b: Incineroar
|-damage|p2b: Incineroar|0 fnt
|faint|p2b: Incineroar
|move|p1b: Excadrill|Swords Dance|p1b: Excadrill
|-boost|p1b: Excadrill|atk|2
|
|upkeep
|
|t:|1757818175
|switch|p2b: Amoonguss|Amoonguss, L50, F, shiny|100/100
|-sideend|p2: Zzag|move: Toxic Spikes|[of] p2b: Amoonguss
|turn|3
|
|t:|1757818195
|move|p2b: Amoonguss|Rage Powder|p2b: Amoonguss
|-singleturn|p2b: Amoonguss|move: Rage Powder
|move|p1a: Glimmora|Sludge Bomb|p2b: Amoonguss
|-damage|p2b: Amoonguss|47/100
|-enditem|p2b: Amoonguss|Sitrus Berry|[eat]
|-heal|p2b: Amoonguss|72/100|[from] item: Sitrus Berry
|move|p1b: Excadrill|Iron Head|p2b: Amoonguss
|-damage|p2b: Amoonguss|0 fnt
|faint|p2b: Amoonguss
|move|p2a: Baxcalibur|Icicle Crash|p1b: Excadrill
|-damage|p1b: Excadrill|47/100
|-enditem|p1b: Excadrill|Sitrus Berry|[eat]
|-heal|p1b: Excadrill|71/100|[from] item: Sitrus Berry
|
|upkeep
|
|t:|1757818207
|switch|p2b: Pelipper|Pelipper, L50, M|100/100
|-weather|RainDance|[from] ability: Drizzle|[of] p2b: Pelipper
|turn|4
|
|t:|1757818224
|switch|p1a: Tyranitar|Tyranitar, L50, M|100/100
|-weather|Sandstorm|[from] ability: Sand Stream|[of] p1a: Tyranitar
|move|p2a: Baxcalibur|Protect|p2a: Baxcalibur
|-singleturn|p2a: Baxcalibur|Protect
|move|p1b: Excadrill|Iron Head|p2a: Baxcalibur
|-activate|p2a: Baxcalibur|move: Protect
|move|p2b: Pelipper|Tailwind|p2b: Pelipper
|-sidestart|p2: Zzag|move: Tailwind
|
|-weather|Sandstorm|[upkeep]
|-damage|p2b: Pelipper|95/100|[from] Sandstorm
|-damage|p2a: Baxcalibur|95/100|[from] Sandstorm
|-sideend|p1: boncuss|move: Tailwind
|upkeep
|turn|5
|
|t:|1757818246
|move|p2b: Pelipper|Weather Ball|p1a: Tyranitar
|-damage|p1a: Tyranitar|87/100
|move|p2a: Baxcalibur|Glaive Rush|p1a: Tyranitar
|-damage|p1a: Tyranitar|15/100
|-singlemove|p2a: Baxcalibur|Glaive Rush|[silent]
|move|p1b: Excadrill|Iron Head|p2a: Baxcalibur
|-damage|p2a: Baxcalibur|0 fnt
|faint|p2a: Baxcalibur
|move|p1a: Tyranitar|Rock Slide|p2b: Pelipper
|-supereffective|p2b: Pelipper
|-damage|p2b: Pelipper|0 fnt
|faint|p2b: Pelipper
|
|win|boncuss
|inactive|boncuss has 30 seconds to confirm battle start!
|inactive|Zzag has 30 seconds to confirm battle start!
||Zzag is ready for game 2.
||boncuss is ready for game 2.
|uhtml|next|Next: Game 2 of 3
|l|☆boncuss
|player|p1|
