|j|☆Alecat
|j|☆Wikdchikn
|html|AlecatWikdchikn    
|uhtml|bestof|Game 3 of a best-of-3
|t:|1757770463
|gametype|doubles
|player|p1|Alecat|scientistf|1092
|player|p2|Wikdchikn|cameraman|1188
|gen|9
|tier|[Gen 9] VGC 2025 Reg H (Bo3)
|rated|
|rule|Species Clause: Limit one of each Pokémon
|rule|Item Clause: Limit 1 of each item
|clearpoke
|poke|p1|Sneasler, L50, M|
|poke|p1|Magmar, L50, M|
|poke|p1|Rillaboom, L50, F|
|poke|p1|Espathra, L50, M|
|poke|p1|Kingambit, L50, M|
|poke|p1|Arcanine-Hisui, L50, F|
|poke|p2|Arboliva, L50, M|
|poke|p2|Porygon2, L50|
|poke|p2|Primarina, L50, M|
|poke|p2|Ursaluna, L50, M|
|poke|p2|Amoonguss, L50, M|
|poke|p2|Armarouge, L50, F|
|teampreview|4
|showteam|p1|Sneasler||FocusSash|Unburden|FakeOut,CloseCombat,DireClaw,Coaching|||M|||50|,,,,,Ghost]Magmar||Eviolite|VitalSpirit|FollowMe,HeatWave,Taunt,Protect|||M|||50|,,,,,Dragon]Rillaboom||AssaultVest|GrassySurge|FakeOut,WoodHammer,GrassyGlide,HighHorsepower|||F|||50|,,,,,Fire]Espathra||GrassySeed|SpeedBoost|StoredPower,TeraBlast,CalmMind,Protect|||M|||50|,,,,,Fighting]Kingambit||SafetyGoggles|Defiant|KowtowCleave,SuckerPunch,SwordsDance,Protect|||M|||50|,,,,,Dark]Arcanine-Hisui||LoadedDice|Intimidate|FlareBlitz,RockBlast,ExtremeSpeed,Protect|||F|||50|,,,,,Ghost
|showteam|p2|Arboliva||ChoiceSpecs|SeedSower|DazzlingGleam,HyperVoice,EarthPower,GigaDrain|||M|||50|,,,,,Fairy]Porygon2||Eviolite|Trace|TeraBlast,ShadowBall,TrickRoom,Protect||||||50|,,,,,Fighting]Primarina||ThroatSpray|LiquidVoice|Moonblast,HyperVoice,Haze,Protect|||M|||50|,,,,,Water]Ursaluna||FlameOrb|Guts|Protect,Facade,HeadlongRush,Earthquake|||M|||50|,,,,,Ghost]Amoonguss||RockyHelmet|Regenerator|RagePowder,Spore,FoulPlay,Protect|||M|||50|,,,,,Dark]Armarouge||SitrusBerry|FlashFire|WideGuard,TrickRoom,HeatWave,HelpingHand|||F|||50|,,,,,Grass
|inactive|Battle timer is ON: inactive players will automatically lose when time's up. (requested by Alecat)
|inactive|Wikdchikn also wants the timer to be on.
|
|t:|1757770483
|teamsize|p1|4
|teamsize|p2|4
|start
|switch|p1a: Espathra|Espathra, L50, M, shiny|100/100
|switch|p1b: Magmar|Magmar, L50, M|100/100
|switch|p2a: Undying Duck|Porygon2, L50, shiny|100/100
|switch|p2b: Pest|Amoonguss, L50, M|100/100
|-ability|p2a: Undying Duck|Speed Boost|Trace|[from] ability: Trace|[of] p1a: Espathra
|turn|1
|
|t:|1757770499
|move|p1b: Magmar|Follow Me|p1b: Magmar
|-singleturn|p1b: Magmar|move: Follow Me
|move|p1a: Espathra|Calm Mind|p1a: Espathra
|-boost|p1a: Espathra|spa|1
|-boost|p1a: Espathra|spd|1
|move|p2a: Undying Duck|Shadow Ball|p1b: Magmar
|-damage|p1b: Magmar|87/100
|move|p2b: Pest|Foul Play|p1b: Magmar
|-damage|p1b: Magmar|70/100
|
|-ability|p1a: Espathra|Speed Boost|boost
|-boost|p1a: Espathra|spe|1
|-ability|p2a: Undying Duck|Speed Boost|boost
|-boost|p2a: Undying Duck|spe|1
|upkeep
|turn|2
|inactive|Wikdchikn has 30 seconds left.
|
|t:|1757770528
|switch|p2b: Bear with me|Ursaluna, L50, M|100/100
|move|p1b: Magmar|Follow Me|p1b: Magmar
|-singleturn|p1b: Magmar|move: Follow Me
|move|p1a: Espathra|Calm Mind|p1a: Espathra
|-boost|p1a: Espathra|spa|1
|-boost|p1a: Espathra|spd|1
|move|p2a: Undying Duck|Trick Room|p2a: Undying Duck
|-fieldstart|move: Trick Room|[of] p2a: Undying Duck
|
|-status|p2b: Bear with me|brn|[from] item: Flame Orb
|-ability|p2a: Undying Duck|Speed Boost|boost
|-boost|p2a: Undying Duck|spe|1
|-ability|p1a: Espathra|Speed Boost|boost
|-boost|p1a: Espathra|spe|1
|upkeep
|turn|3
|
|t:|1757770550
|switch|p1b: Arcanine|Arcanine-Hisui, L50, F, shiny|100/100
|-ability|p1b: Arcanine|Intimidate|boost
|-unboost|p2a: Undying Duck|atk|1
|-unboost|p2b: Bear with me|atk|1
|move|p1a: Espathra|Protect|p1a: Espathra
|-singleturn|p1a: Espathra|Protect
|move|p2b: Bear with me|Earthquake|p1a: Espathra|[spread] p2a,p1b
|-activate|p1a: Espathra|move: Protect
|-supereffective|p1b: Arcanine
|-damage|p2a: Undying Duck|75/100
|-damage|p1b: Arcanine|0 fnt
|faint|p1b: Arcanine
|move|p2a: Undying Duck|Tera Blast|p1a: Espathra
|-activate|p1a: Espathra|move: Protect
|
|-damage|p2b: Bear with me|95/100 brn|[from] brn
|-ability|p2a: Undying Duck|Speed Boost|boost
|-boost|p2a: Undying Duck|spe|1
|-ability|p1a: Espathra|Speed Boost|boost
|-boost|p1a: Espathra|spe|1
|upkeep
|inactive|Alecat has 30 seconds left.
|
|t:|1757770578
|switch|p1b: Kingambit|Kingambit, L50, M|100/100
|turn|4
|
|t:|1757770586
|-terastallize|p2a: Undying Duck|Fighting
|-terastallize|p1a: Espathra|Fighting
|move|p1b: Kingambit|Sucker Punch|p2b: Bear with me
|-damage|p2b: Bear with me|64/100 brn
|move|p2b: Bear with me|Earthquake|p1b: Kingambit|[spread] p2a,p1a,p1b
|-supereffective|p1b: Kingambit
|-damage|p2a: Undying Duck|48/100
|-damage|p1a: Espathra|50/100
|-damage|p1b: Kingambit|31/100
|move|p2a: Undying Duck|Tera Blast|p1b: Kingambit|[anim] Tera Blast Fighting
|-supereffective|p1b: Kingambit
|-damage|p1b: Kingambit|0 fnt
|faint|p1b: Kingambit
|move|p1a: Espathra|Tera Blast|p2b: Bear with me|[anim] Tera Blast Fighting
|-supereffective|p2b: Bear with me
|-damage|p2b: Bear with me|0 fnt
|faint|p2b: Bear with me
|
|-ability|p2a: Undying Duck|Speed Boost|boost
|-boost|p2a: Undying Duck|spe|1
|-ability|p1a: Espathra|Speed Boost|boost
|-boost|p1a: Espathra|spe|1
|upkeep
|
|t:|1757770605
|switch|p2b: Selkie and Smooth|Primarina, L50, M|100/100
|switch|p1b: Magmar|Magmar, L50, M|70/100
|turn|5
|inactive|Alecat has 30 seconds left.
|inactive|Alecat has 20 seconds left.
|inactive|Alecat has 15 seconds left.
|inactive|Alecat has 10 seconds left.
|
|t:|1757770652
|move|p2b: Selkie and Smooth|Hyper Voice|p1b: Magmar|[spread] p1a,p1b
|-supereffective|p1b: Magmar
|-damage|p1a: Espathra|27/100
|-damage|p1b: Magmar|17/100
|-enditem|p2b: Selkie and Smooth|Throat Spray
|-boost|p2b: Selkie and Smooth|spa|1|[from] item: Throat Spray
|move|p1b: Magmar|Heat Wave|p2a: Undying Duck|[spread] p2a,p2b
|-crit|p2a: Undying Duck
|-resisted|p2b: Selkie and Smooth
|-damage|p2a: Undying Duck|29/100
|-damage|p2b: Selkie and Smooth|91/100
|move|p2a: Undying Duck|Shadow Ball|p1a: Espathra
|-damage|p1a: Espathra|15/100
|move|p1a: Espathra|Stored Power|p2a: Undying Duck
|-supereffective|p2a: Undying Duck
|-damage|p2a: Undying Duck|0 fnt
|faint|p2a: Undying Duck
|
|-ability|p1a: Espathra|Speed Boost|boost
|-boost|p1a: Espathra|spe|1
|upkeep
|
|t:|1757770665
|switch|p2a: Pest|Amoonguss, L50, M|100/100
|turn|6
|
|t:|1757770674
|move|p1a: Espathra|Protect|p1a: Espathra
|-singleturn|p1a: Espathra|Protect
|move|p2a: Pest|Foul Play|p1a: Espathra
|-activate|p1a: Espathra|move: Protect
|move|p2b: Selkie and Smooth|Hyper Voice|p1b: Magmar|[spread] p1b
|-activate|p1a: Espathra|move: Protect
|-supereffective|p1b: Magmar
|-crit|p1b: Magmar
|-damage|p1b: Magmar|0 fnt
|faint|p1b: Magmar
|
|-fieldend|move: Trick Room
|-ability|p1a: Espathra|Speed Boost|boost
|-boost|p1a: Espathra|spe|1
|upkeep
|turn|7
|
|t:|1757770686
|move|p1a: Espathra|Stored Power|p2b: Selkie and Smooth
|-damage|p2b: Selkie and Smooth|0 fnt
|faint|p2b: Selkie and Smooth
|move|p2a: Pest|Spore|p1a: Espathra
|-status|p1a: Espathra|slp|[from] move: Spore
|
|upkeep
|turn|8
|
|t:|1757770693
|cant|p1a: Espathra|slp
|move|p2a: Pest|Foul Play|p1a: Espathra
|-resisted|p1a: Espathra
|-damage|p1a: Espathra|9/100 slp
|
|upkeep
|turn|9
|
|t:|1757770699
|cant|p1a: Espathra|slp
|move|p2a: Pest|Foul Play|p1a: Espathra
|-resisted|p1a: Espathra
|-damage|p1a: Espathra|3/100 slp
|
|upkeep
|turn|10
|
|t:|1757770705
|cant|p1a: Espathra|slp
|move|p2a: Pest|Foul Play|p1a: Espathra
|-resisted|p1a: Espathra
|-damage|p1a: Espathra|0 fnt
|faint|p1a: Espathra
|
|win|Wikdchikn
|raw|Alecat's rating: 1092 → 1075(-17 for losing)
|raw|Wikdchikn's rating: 1188 → 1206(+18 for winning)
|c|☆Alecat|gg
