|j|☆exessvgc
|j|☆breloomb01
|html|exessvgcbreloomb01    
|uhtml|bestof|Game 3 of a best-of-3
|t:|1783348015
|gametype|doubles
|player|p1|exessvgc|170|1339
|player|p2|breloomb01|roughneck|1287
|gen|9
|tier|[Gen 9 Champions] VGC 2026 Reg M-B (Bo3)
|rated|
|rule|Species Clause: Limit one of each Pokémon
|rule|Item Clause: Limit 1 of each item
|clearpoke
|poke|p1|Charizard, L50, M|
|poke|p1|Sneasler, L50, M|
|poke|p1|Farigiraf, L50, F|
|poke|p1|Aerodactyl, L50, F|
|poke|p1|Sylveon, L50, M|
|poke|p1|Venusaur, L50, F|
|poke|p2|Gengar, L50, M, shiny|
|poke|p2|Swampert, L50, F, shiny|
|poke|p2|Incineroar, L50, M, shiny|
|poke|p2|Politoed, L50, M, shiny|
|poke|p2|Archaludon, L50, M, shiny|
|poke|p2|Vivillon-Polar, L50, M|
|teampreview|4
|showteam|p1|Charizard||CharizarditeX|Blaze|DragonDance,DragonClaw,FlareBlitz,Protect|Jolly||M|||50|]Sneasler||WhiteHerb|Unburden|FakeOut,Protect,CloseCombat,DireClaw|Jolly||M|||50|]Farigiraf||SitrusBerry|ArmorTail|TrickRoom,PsychicNoise,HelpingHand,Thunderbolt|Bold||F|||50|]Aerodactyl||FocusSash|Unnerve|RockSlide,Tailwind,SunnyDay,Taunt|Jolly||F|||50|]Sylveon||FairyFeather|Pixilate|HyperVoice,HyperBeam,Protect,ShadowBall|Modest||M|||50|]Venusaur||WideLens|Chlorophyll|GigaDrain,EarthPower,SleepPowder,Protect|Modest||F|||50|
|showteam|p2|Gengar||Gengarite|CursedBody|ShadowBall,PerishSong,SludgeBomb,Protect|Timid||M|||50|]Swampert||Swampertite|Torrent|WaveCrash,Earthquake,IcePunch,Protect|Adamant||F|||50|]Incineroar||PasshoBerry|Intimidate|ThroatChop,PartingShot,FakeOut,Protect|Sassy||M|||50|]Politoed||SitrusBerry|Drizzle|WeatherBall,PerishSong,Encore,Protect|Calm||M|||50|]Archaludon||Leftovers|Stamina|DragonPulse,FlashCannon,ElectroShot,Protect|Bold||M|||50|]Vivillon-Polar||FocusSash|CompoundEyes|Hurricane,SleepPowder,RagePowder,Protect|Timid||M|||50|
|inactive|Battle timer is ON: inactive players will automatically lose when time's up. (requested by exessvgc)
|
|t:|1783348059
|teamsize|p1|4
|teamsize|p2|4
|start
|switch|p1a: DINOSAUVO|Aerodactyl, L50, F|100/100
|switch|p1b: IL COACH|Sneasler, L50, M|100/100
|switch|p2a: Swampert|Swampert, L50, F, shiny|100/100
|switch|p2b: Politoed|Politoed, L50, M, shiny|100/100
|-ability|p1a: DINOSAUVO|Unnerve
|-weather|RainDance|[from] ability: Drizzle|[of] p2b: Politoed
|turn|1
|inactive|exessvgc has 30 seconds left.
|inactive|exessvgc has 20 seconds left.
|inactive|exessvgc has 15 seconds left.
|inactive|exessvgc has 10 seconds left.
|inactive|exessvgc has 5 seconds left.
|
|t:|1783348111
|switch|p2b: Archaludon|Archaludon, L50, M, shiny|100/100
|detailschange|p2a: Swampert|Swampert-Mega, L50, F, shiny
|-mega|p2a: Swampert|Swampert|Swampertite
|move|p1b: IL COACH|Fake Out|p2b: Archaludon
|-resisted|p2b: Archaludon|1
|-damage|p2b: Archaludon|95/100
|-ability|p2b: Archaludon|Stamina|boost
|-boost|p2b: Archaludon|def|1
|move|p2a: Swampert|Wave Crash|p1b: IL COACH
|-damage|p1b: IL COACH|0 fnt
|faint|p1b: IL COACH
|-damage|p2a: Swampert|71/100|[from] Recoil
|move|p1a: DINOSAUVO|Sunny Day|p1a: DINOSAUVO
|-weather|SunnyDay
|
|-weather|SunnyDay|[upkeep]
|-heal|p2b: Archaludon|100/100|[from] item: Leftovers
|upkeep
|
|t:|1783348126
|switch|p1b: Frank|Venusaur, L50, F|100/100
|turn|2
|inactive|exessvgc has 30 seconds left.
|inactive|breloomb01 has 30 seconds left.
|
|t:|1783348159
|switch|p2a: Incineroar|Incineroar, L50, M, shiny|100/100
|-ability|p2a: Incineroar|Intimidate|boost
|-unboost|p1a: DINOSAUVO|atk|1
|-unboost|p1b: Frank|atk|1
|move|p1b: Frank|Sleep Powder|p2b: Archaludon
|-status|p2b: Archaludon|slp|[from] move: Sleep Powder
|move|p1a: DINOSAUVO|Tailwind|p1a: DINOSAUVO
|-sidestart|p1: exessvgc|move: Tailwind
|cant|p2b: Archaludon|slp
|
|-weather|SunnyDay|[upkeep]
|upkeep
|turn|3
|inactive|exessvgc has 30 seconds left.
|inactive|breloomb01 has 30 seconds left.
|inactive|breloomb01 has 20 seconds left.
|inactive|breloomb01 has 15 seconds left.
|inactive|breloomb01 has 10 seconds left.
|inactive|breloomb01 has 5 seconds left.
|
|t:|1783348215
|switch|p1a: Marianela|Sylveon, L50, M|100/100
|move|p1b: Frank|Sleep Powder|p2a: Incineroar
|-status|p2a: Incineroar|slp|[from] move: Sleep Powder
|cant|p2b: Archaludon|slp
|cant|p2a: Incineroar|slp
|
|-weather|SunnyDay|[upkeep]
|upkeep
|turn|4
|
|t:|1783348231
|move|p1b: Frank|Earth Power|p2a: Incineroar
|-supereffective|p2a: Incineroar|1
|-damage|p2a: Incineroar|55/100 slp
|move|p1a: Marianela|Hyper Beam|p2b: Archaludon|[miss]
|-miss|p1a: Marianela|p2b: Archaludon
|-curestatus|p2b: Archaludon|slp|[msg]
|move|p2b: Archaludon|Flash Cannon|p1a: Marianela
|-supereffective|p1a: Marianela|1
|-damage|p1a: Marianela|50/100y
|cant|p2a: Incineroar|slp
|
|-weather|SunnyDay|[upkeep]
|upkeep
|turn|5
|inactive|exessvgc has 30 seconds left.
|inactive|breloomb01 has 30 seconds left.
|inactive|exessvgc has 20 seconds left.
|inactive|exessvgc has 15 seconds left.
|inactive|exessvgc has 10 seconds left.
|inactive|exessvgc has 5 seconds left.
|
|t:|1783348284
|switch|p1a: DINOSAUVO|Aerodactyl, L50, F|100/100
|-ability|p1a: DINOSAUVO|Unnerve
|move|p2b: Archaludon|Protect|p2b: Archaludon
|-singleturn|p2b: Archaludon|Protect
|move|p1b: Frank|Sleep Powder|p2a: Incineroar
|-fail|p2a: Incineroar|slp
|-curestatus|p2a: Incineroar|slp|[msg]
|move|p2a: Incineroar|Parting Shot|p1b: Frank
|-unboost|p1b: Frank|atk|1
|-unboost|p1b: Frank|spa|1
|
|t:|1783348295
|switch|p2a: Politoed|Politoed, L50, M, shiny|100/100|[from] Parting Shot
|-weather|RainDance|[from] ability: Drizzle|[of] p2a: Politoed
|
|-weather|RainDance|[upkeep]
|-sideend|p1: exessvgc|move: Tailwind
|upkeep
|turn|6
|
|t:|1783348316
|move|p1a: DINOSAUVO|Taunt|p2a: Politoed
|-start|p2a: Politoed|move: Taunt
|move|p1b: Frank|Sleep Powder|p2b: Archaludon
|-status|p2b: Archaludon|slp|[from] move: Sleep Powder
|cant|p2b: Archaludon|slp
|move|p2a: Politoed|Weather Ball|p1a: DINOSAUVO
|-supereffective|p1a: DINOSAUVO|1
|-enditem|p1a: DINOSAUVO|Focus Sash
|-damage|p1a: DINOSAUVO|1/100
|
|-weather|RainDance|[upkeep]
|upkeep
|turn|7
|inactive|exessvgc has 30 seconds left.
|
|t:|1783348342
|switch|p1a: Marianela|Sylveon, L50, M|50/100y
|switch|p2a: Incineroar|Incineroar, L50, M, shiny|55/100
|-ability|p2a: Incineroar|Intimidate|boost
|-unboost|p1a: Marianela|atk|1
|-unboost|p1b: Frank|atk|1
|move|p1b: Frank|Sleep Powder|p2a: Incineroar|[miss]
|-miss|p1b: Frank|p2a: Incineroar
|-curestatus|p2b: Archaludon|slp|[msg]
|move|p2b: Archaludon|Electro Shot||[still]
|-prepare|p2b: Archaludon|Electro Shot
|-boost|p2b: Archaludon|spa|1
|-anim|p2b: Archaludon|Electro Shot|p1a: Marianela
|-damage|p1a: Marianela|8/100
|
|-weather|RainDance|[upkeep]
|upkeep
|turn|8
|inactive|exessvgc has 30 seconds left.
|inactive|exessvgc has 20 seconds left.
|inactive|exessvgc has 15 seconds left.
|inactive|exessvgc has 10 seconds left.
|
|t:|1783348390
|move|p2a: Incineroar|Fake Out|p1b: Frank
|-damage|p1b: Frank|85/100
|cant|p1b: Frank|flinch
|move|p2b: Archaludon|Electro Shot||[still]
|-prepare|p2b: Archaludon|Electro Shot
|-boost|p2b: Archaludon|spa|1
|-anim|p2b: Archaludon|Electro Shot|p1a: Marianela
|-damage|p1a: Marianela|0 fnt
|faint|p1a: Marianela
|
|-weather|RainDance|[upkeep]
|upkeep
|-message|exessvgc forfeited.
|
|win|breloomb01
|raw|exessvgc's rating: 1339 → 1316(-23 for losing)
|raw|breloomb01's rating: 1287 → 1316(+29 for winning)
|l|☆exessvgc
|player|p1|
|l|☆breloomb01
|player|p2|
|j|☆exessvgc
|player|p1|exessvgc|170|
