|j|☆PopoVGC
|j|☆RouletteRegional
|html|PopoVGCRouletteRegional    
|uhtml|bestof|Game 2 of a best-of-3
|t:|1786075692
|gametype|doubles
|player|p1|PopoVGC|silver|1345
|player|p2|RouletteRegional|lance|1418
|gen|9
|tier|[Gen 9 Champions] VGC 2026 Reg M-B (Bo3)
|rated|
|rule|Species Clause: Limit one of each Pokémon
|rule|Item Clause: Limit 1 of each item
|clearpoke
|poke|p1|Gholdengo, L50|
|poke|p1|Tyranitar, L50, M|
|poke|p1|Excadrill, L50, F|
|poke|p1|Pidgeot, L50, M|
|poke|p1|Tsareena, L50, F|
|poke|p1|Rotom-Wash, L50|
|poke|p2|Charizard, L50, F|
|poke|p2|Floette-Eternal, L50, F|
|poke|p2|Dragonite, L50, F|
|poke|p2|Sneasler, L50, M|
|poke|p2|Kingambit, L50, M|
|poke|p2|Whimsicott, L50, M|
|teampreview|4
|showteam|p1|Gholdengo||LifeOrb|GoodasGold|MakeItRain,ShadowBall,NastyPlot,Protect|Timid|||||50|]Tyranitar||Tyranitarite|SandStream|RockSlide,KnockOff,Protect,LowKick|Jolly||M|||50|]Excadrill||FocusSash|SandRush|IronHead,Earthquake,RockSlide,Protect|Adamant||F|||50|]Pidgeot||Pidgeotite|BigPecks|Hurricane,HeatWave,Protect,Tailwind|Timid||M|||50|]Tsareena||ChoiceScarf|QueenlyMajesty|PowerWhip,TripleAxel,Uturn,LowKick|Jolly||F|||50|]Rotom-Wash||SitrusBerry|Levitate|Thunderbolt,HydroPump,Protect,WillOWisp|Bold|||||50|
|showteam|p2|Charizard||CharizarditeY|Blaze|HeatWave,SolarBeam,WeatherBall,Protect|Modest||F|||50|]Floette-Eternal||Floettite|FlowerVeil|Moonblast,DazzlingGleam,LightofRuin,Protect|Modest||F|||50|]Dragonite||LifeOrb|InnerFocus|DragonClaw,ExtremeSpeed,LowKick,Protect|Adamant||F|||50|]Sneasler||WhiteHerb|Unburden|CloseCombat,DireClaw,FakeOut,Coaching|Jolly||M|||50|]Kingambit||BlackGlasses|Defiant|KowtowCleave,SuckerPunch,SwordsDance,Protect|Adamant||M|||50|]Whimsicott||FocusSash|Prankster|Moonblast,Tailwind,Encore,Protect|Timid||M|||50|
|
|t:|1786075738
|teamsize|p1|4
|teamsize|p2|4
|start
|switch|p1a: Pidgeot|Pidgeot, L50, M|100/100
|switch|p1b: Excadrill|Excadrill, L50, F|100/100
|switch|p2a: Dragonite|Dragonite, L50, F|100/100
|switch|p2b: Sneasler|Sneasler, L50, M|100/100
|turn|1
|
|t:|1786075755
|switch|p1b: Tsareena|Tsareena, L50, F|100/100
|detailschange|p1a: Pidgeot|Pidgeot-Mega, L50, M
|-mega|p1a: Pidgeot|Pidgeot|Pidgeotite
|move|p1a: Pidgeot|Hurricane|p2b: Sneasler
|-supereffective|p2b: Sneasler|1
|-damage|p2b: Sneasler|0 fnt
|faint|p2b: Sneasler
|move|p2a: Dragonite|Dragon Claw|p1a: Pidgeot
|-damage|p1a: Pidgeot|15/100
|-damage|p2a: Dragonite|90/100|[from] item: Life Orb
|
|upkeep
|
|t:|1786075766
|switch|p2b: Floette|Floette-Eternal, L50, F|100/100
|turn|2
|
|t:|1786075783
|switch|p2a: Kingambit|Kingambit, L50, M|100/100
|detailschange|p2b: Floette|Floette-Mega, L50, F
|-mega|p2b: Floette|Floette|Floettite
|-ability|p2b: Floette|Fairy Aura
|move|p1b: Tsareena|U-turn|p2b: Floette
|-resisted|p2b: Floette|1
|-damage|p2b: Floette|84/100
|
|t:|1786075793
|switch|p1b: Gholdengo|Gholdengo, L50|100/100|[from] U-turn
|move|p1a: Pidgeot|Tailwind|p1a: Pidgeot
|-sidestart|p1: PopoVGC|move: Tailwind
|move|p2b: Floette|Dazzling Gleam|p1a: Pidgeot|[spread] p1a,p1b
|-resisted|p1b: Gholdengo|1
|-damage|p1a: Pidgeot|0 fnt
|-damage|p1b: Gholdengo|71/100
|faint|p1a: Pidgeot
|
|upkeep
|
|t:|1786075797
|switch|p1a: Tsareena|Tsareena, L50, F|100/100
|turn|3
|
|t:|1786075829
|switch|p2a: Dragonite|Dragonite, L50, F|90/100
|move|p1a: Tsareena|Low Kick|p2a: Dragonite
|-resisted|p2a: Dragonite|1
|-damage|p2a: Dragonite|72/100
|move|p1b: Gholdengo|Nasty Plot|p1b: Gholdengo
|-boost|p1b: Gholdengo|spa|2
|move|p2b: Floette|Light of Ruin|p1a: Tsareena
|-damage|p1a: Tsareena|0 fnt
|faint|p1a: Tsareena
|-damage|p2b: Floette|34/100|[from] Recoil
|
|upkeep
|inactive|Battle timer is ON: inactive players will automatically lose when time's up. (requested by RouletteRegional)
|
|t:|1786075833
|switch|p1a: Excadrill|Excadrill, L50, F|100/100
|turn|4
|inactive|RouletteRegional has 30 seconds left.
|
|t:|1786075863
|move|p1a: Excadrill|Protect|p1a: Excadrill
|-singleturn|p1a: Excadrill|Protect
|move|p2b: Floette|Protect|p2b: Floette
|-singleturn|p2b: Floette|Protect
|move|p2a: Dragonite|Extreme Speed|p1a: Excadrill
|-activate|p1a: Excadrill|move: Protect
|move|p1b: Gholdengo|Make It Rain|p2b: Floette|[spread] 
|-activate|p2b: Floette|move: Protect
|-miss|p1b: Gholdengo|p2a: Dragonite
|
|upkeep
|turn|5
|c|☆PopoVGC|Bruh gg
|inactive|PopoVGC has 30 seconds left.
|inactive|RouletteRegional has 30 seconds left.
|
|t:|1786075898
|move|p2a: Dragonite|Protect|p2a: Dragonite
|-singleturn|p2a: Dragonite|Protect
|move|p1b: Gholdengo|Make It Rain|p2b: Floette|[spread] p2b
|-activate|p2a: Dragonite|move: Protect
|-supereffective|p2b: Floette|1
|-damage|p2b: Floette|0 fnt
|-unboost|p1b: Gholdengo|spa|2
|faint|p2b: Floette
|-damage|p1b: Gholdengo|61/100|[from] item: Life Orb
|move|p1a: Excadrill|Iron Head|p2a: Dragonite
|-activate|p2a: Dragonite|move: Protect
|
|-sideend|p1: PopoVGC|move: Tailwind
|upkeep
|
|t:|1786075906
|switch|p2b: Kingambit|Kingambit, L50, M|100/100
|turn|6
|
|t:|1786075921
|move|p2a: Dragonite|Extreme Speed|p1a: Excadrill
|-resisted|p1a: Excadrill|1
|-damage|p1a: Excadrill|68/100
|-damage|p2a: Dragonite|62/100|[from] item: Life Orb
|move|p2b: Kingambit|Sucker Punch|p1a: Excadrill
|-damage|p1a: Excadrill|0 fnt
|faint|p1a: Excadrill
|move|p1b: Gholdengo|Make It Rain|p2a: Dragonite|[spread] p2a,p2b
|-resisted|p2b: Kingambit|1
|-damage|p2a: Dragonite|1/100
|-damage|p2b: Kingambit|71/100
|-unboost|p1b: Gholdengo|spa|2
|-damage|p1b: Gholdengo|52/100|[from] item: Life Orb
|
|upkeep
|turn|7
|c|☆RouletteRegional|GGs
|-message|PopoVGC forfeited.
|
|win|RouletteRegional
|raw|PopoVGC's rating: 1345 → 1329(-16 for losing)
|raw|RouletteRegional's rating: 1418 → 1434(+16 for winning)
