|j|☆taylor4ever
|j|☆Jamstiffer
|html|taylor4everJamstiffer    
|uhtml|bestof|Game 2 of a best-of-3
|t:|1757002527
|gametype|doubles
|player|p1|taylor4ever|102|1081
|player|p2|Jamstiffer|aaron|1046
|gen|9
|tier|[Gen 9] VGC 2025 Reg H (Bo3)
|rated|
|rule|Species Clause: Limit one of each Pokémon
|rule|Item Clause: Limit 1 of each item
|clearpoke
|poke|p1|Indeedee-F, L50, F|
|poke|p1|Gallade, L50, M|
|poke|p1|Torkoal, L50, M|
|poke|p1|Ursaluna, L50, F|
|poke|p1|Hatterene, L50, F|
|poke|p1|Lilligant-Hisui, L50, F|
|poke|p2|Sneasler, L50, F|
|poke|p2|Dragonite, L50, F|
|poke|p2|Rillaboom, L50, M|
|poke|p2|Gholdengo, L50|
|poke|p2|Electabuzz, L50, F|
|poke|p2|Volcarona, L50, M|
|teampreview|4
|showteam|p1|Indeedee-F||RockyHelmet|PsychicSurge|Psychic,HelpingHand,FollowMe,TrickRoom|||F|||50|,,,,,Grass]Gallade||ScopeLens|Sharpness|SacredSword,PsychoCut,TrickRoom,WideGuard|||M|||50|,,,,,Grass]Torkoal||Charcoal|Drought|Eruption,WeatherBall,ClearSmog,HeatWave|||M|||50|,,,,,Fire]Ursaluna||FlameOrb|Guts|Facade,HeadlongRush,Earthquake,Protect|||F|||50|,,,,,Ghost]Hatterene||LifeOrb|MagicBounce|ExpandingForce,TrickRoom,DazzlingGleam,Protect|||F|||50|,,,,,Psychic]Lilligant-Hisui||FocusSash|Chlorophyll|SleepPowder,AfterYou,SolarBlade,CloseCombat|||F|||50|,,,,,Ghost
|showteam|p2|Sneasler||GrassySeed|Unburden|ThroatChop,CloseCombat,DireClaw,Protect|||F|||50|,,,,,Dark]Dragonite||LoadedDice|Multiscale|Haze,Tailwind,ScaleShot,Protect|||F|||50|,,,,,Steel]Rillaboom||AssaultVest|GrassySurge|FakeOut,GrassyGlide,WoodHammer,HighHorsepower|||M|||50|,,,,,Fire]Gholdengo||LifeOrb|GoodasGold|MakeItRain,ShadowBall,NastyPlot,Protect||||||50|,,,,,Dragon]Electabuzz||Eviolite|VitalSpirit|FollowMe,Thunderbolt,Taunt,Protect|||F|||50|,,,,,Bug]Volcarona||Leftovers|FlameBody|QuiverDance,GigaDrain,HeatWave,Protect|||M|||50|,,,,,Grass
|inactive|Battle timer is ON: inactive players will automatically lose when time's up. (requested by Jamstiffer)
|
|t:|1757002556
|teamsize|p1|4
|teamsize|p2|4
|start
|switch|p1a: Indeedee|Indeedee-F, L50, F|100/100
|switch|p1b: Gallade|Gallade, L50, M|100/100
|switch|p2a: Sneasler|Sneasler, L50, F|100/100
|switch|p2b: Electabuzz|Electabuzz, L50, F|100/100
|-fieldstart|move: Psychic Terrain|[from] ability: Psychic Surge|[of] p1a: Indeedee
|turn|1
|inactive|taylor4ever has 30 seconds left.
|
|t:|1757002586
|-terastallize|p2a: Sneasler|Dark
|move|p1a: Indeedee|Follow Me|p1a: Indeedee
|-singleturn|p1a: Indeedee|move: Follow Me
|move|p2a: Sneasler|Throat Chop|p1a: Indeedee
|-supereffective|p1a: Indeedee
|-damage|p1a: Indeedee|18/100
|-start|p1a: Indeedee|Throat Chop|[silent]
|-damage|p2a: Sneasler|84/100|[from] item: Rocky Helmet|[of] p1a: Indeedee
|move|p2b: Electabuzz|Taunt|p1a: Indeedee
|-start|p1a: Indeedee|move: Taunt
|move|p1b: Gallade|Trick Room|p1b: Gallade
|-fieldstart|move: Trick Room|[of] p1b: Gallade
|
|upkeep
|turn|2
|inactive|taylor4ever has 30 seconds left.
|inactive|taylor4ever has 20 seconds left.
|inactive|taylor4ever has 15 seconds left.
|
|t:|1757002631
|switch|p1a: Ursaluna|Ursaluna, L50, F|100/100
|move|p2b: Electabuzz|Follow Me|p2b: Electabuzz
|-singleturn|p2b: Electabuzz|move: Follow Me
|move|p1b: Gallade|Sacred Sword|p2b: Electabuzz
|-damage|p2b: Electabuzz|48/100
|move|p2a: Sneasler|Close Combat|p1a: Ursaluna
|-supereffective|p1a: Ursaluna
|-damage|p1a: Ursaluna|0 fnt
|-unboost|p2a: Sneasler|def|1
|-unboost|p2a: Sneasler|spd|1
|faint|p1a: Ursaluna
|
|upkeep
|
|t:|1757002649
|switch|p1a: Torkoal|Torkoal, L50, M|100/100
|-weather|SunnyDay|[from] ability: Drought|[of] p1a: Torkoal
|turn|3
|
|t:|1757002663
|switch|p1b: Indeedee|Indeedee-F, L50, F|18/100
|move|p2b: Electabuzz|Protect|p2b: Electabuzz
|-singleturn|p2b: Electabuzz|Protect
|move|p2a: Sneasler|Protect|p2a: Sneasler
|-singleturn|p2a: Sneasler|Protect
|move|p1a: Torkoal|Eruption|p2b: Electabuzz|[spread] 
|-activate|p2a: Sneasler|move: Protect
|-activate|p2b: Electabuzz|move: Protect
|
|-weather|SunnyDay|[upkeep]
|upkeep
|turn|4
|
|t:|1757002677
|move|p1b: Indeedee|Helping Hand|p1a: Torkoal
|-singleturn|p1a: Torkoal|Helping Hand|[of] p1b: Indeedee
|move|p1a: Torkoal|Eruption|p2a: Sneasler|[spread] p2a,p2b
|-crit|p2a: Sneasler
|-damage|p2a: Sneasler|0 fnt
|-damage|p2b: Electabuzz|0 fnt
|faint|p2a: Sneasler
|faint|p2b: Electabuzz
|
|-weather|SunnyDay|[upkeep]
|upkeep
|
|t:|1757002682
|switch|p2b: Rillaboom|Rillaboom, L50, M|100/100
|switch|p2a: Volcarona|Volcarona, L50, M|100/100
|-fieldstart|move: Grassy Terrain|[from] ability: Grassy Surge|[of] p2b: Rillaboom
|turn|5
|
|t:|1757002706
|switch|p1b: Gallade|Gallade, L50, M|100/100
|move|p2a: Volcarona|Protect|p2a: Volcarona
|-singleturn|p2a: Volcarona|Protect
|move|p2b: Rillaboom|Grassy Glide|p1b: Gallade
|-damage|p1b: Gallade|42/100
|move|p1a: Torkoal|Eruption|p2a: Volcarona|[spread] p2b
|-activate|p2a: Volcarona|move: Protect
|-supereffective|p2b: Rillaboom
|-damage|p2b: Rillaboom|0 fnt
|faint|p2b: Rillaboom
|
|-weather|SunnyDay|[upkeep]
|-heal|p1b: Gallade|48/100|[from] Grassy Terrain
|-fieldend|move: Trick Room
|upkeep
|turn|6
|inactive|taylor4ever has 30 seconds left.
|
|t:|1757002736
|-terastallize|p1a: Torkoal|Fire
|move|p1b: Gallade|Wide Guard|p1b: Gallade
|-singleturn|p1b: Gallade|Wide Guard
|move|p2a: Volcarona|Giga Drain|p1a: Torkoal
|-resisted|p1a: Torkoal
|-crit|p1a: Torkoal
|-damage|p1a: Torkoal|67/100
|move|p1a: Torkoal|Eruption|p2a: Volcarona
|-damage|p2a: Volcarona|10/100
|
|-weather|SunnyDay|[upkeep]
|-heal|p2a: Volcarona|16/100|[from] Grassy Terrain
|-heal|p2a: Volcarona|22/100|[from] item: Leftovers
|-heal|p1b: Gallade|54/100|[from] Grassy Terrain
|-heal|p1a: Torkoal|73/100|[from] Grassy Terrain
|upkeep
|turn|7
|
|t:|1757002755
|move|p2a: Volcarona|Protect|p2a: Volcarona
|-singleturn|p2a: Volcarona|Protect
|move|p1b: Gallade|Psycho Cut|p2a: Volcarona
|-activate|p2a: Volcarona|move: Protect
|move|p1a: Torkoal|Eruption|p2a: Volcarona
|-activate|p2a: Volcarona|move: Protect
|
|-weather|none
|-heal|p2a: Volcarona|29/100|[from] Grassy Terrain
|-heal|p2a: Volcarona|35/100|[from] item: Leftovers
|-heal|p1b: Gallade|59/100|[from] Grassy Terrain
|-heal|p1a: Torkoal|79/100|[from] Grassy Terrain
|upkeep
|turn|8
|
|t:|1757002768
|move|p2a: Volcarona|Giga Drain|p1b: Gallade
|-damage|p1b: Gallade|30/100
|-heal|p2a: Volcarona|48/100|[from] drain|[of] p1b: Gallade
|move|p1b: Gallade|Psycho Cut|p2a: Volcarona
|-damage|p2a: Volcarona|0 fnt
|faint|p2a: Volcarona
|
|win|taylor4ever
|raw|taylor4ever's rating: 1081 → 1106(+25 for winning)
|raw|Jamstiffer's rating: 1046 → 1031(-15 for losing)
