|j|☆homerj71
|j|☆ambitiousAutistic
|html|homerj71ambitiousAutistic    
|uhtml|bestof|Game 2 of a best-of-3
|t:|1785869400
|gametype|doubles
|player|p1|homerj71|266|1220
|player|p2|ambitiousAutistic|101|1017
|gen|9
|tier|[Gen 9 Champions] VGC 2026 Reg M-B (Bo3)
|rated|
|rule|Species Clause: Limit one of each Pokémon
|rule|Item Clause: Limit 1 of each item
|clearpoke
|poke|p1|Tyranitar, L50, M|
|poke|p1|Staraptor, L50, M|
|poke|p1|Gholdengo, L50|
|poke|p1|Excadrill, L50, F|
|poke|p1|Sinistcha, L50|
|poke|p1|Milotic, L50, F|
|poke|p2|Meowstic, L50, M|
|poke|p2|Reuniclus, L50, M|
|poke|p2|Ninetales-Alola, L50, F|
|poke|p2|Garchomp, L50, F|
|poke|p2|Scrafty, L50, M|
|poke|p2|Delphox, L50, F|
|teampreview|4
|showteam|p1|Tyranitar||Tyranitarite|SandStream|KnockOff,RockSlide,Protect,LowKick|Jolly||M|||50|]Staraptor||Staraptite|Intimidate|DualWingbeat,CloseCombat,Protect,Tailwind|Jolly||M|||50|]Gholdengo||LifeOrb|GoodasGold|MakeItRain,NastyPlot,Protect,ShadowBall|Timid|||||50|]Excadrill||FocusSash|SandRush|HighHorsepower,IronHead,RockSlide,Protect|Adamant||F|||50|]Sinistcha||SitrusBerry|Hospitality|MatchaGotcha,RagePowder,ShadowBall,Protect|Calm|||||50|]Milotic||Leftovers|Competitive|Scald,IcyWind,Protect,IceBeam|Modest||F|||50|
|showteam|p2|Meowstic||FocusSash|Prankster|SkillSwap,FakeOut,PsychicTerrain,ExpandingForce|Calm||M|||50|]Reuniclus||LifeOrb|Regenerator|ExpandingForce,ShadowBall,PsychicTerrain,Recover|Modest||M|||50|]Ninetales-Alola||LightClay|SnowWarning|AuroraVeil,Blizzard,Moonblast,Disable|Modest||F|||50|]Garchomp||SitrusBerry|RoughSkin|Earthquake,DragonClaw,Protect,RockSlide|Jolly||F|||50|]Scrafty||Scraftinite|Intimidate|FakeOut,Crunch,DrainPunch,SwordsDance|Adamant||M|||50|]Delphox||Delphoxite|Blaze|ExpandingForce,HeatWave,Protect,Wish|Modest||F|||50|
|inactive|Battle timer is ON: inactive players will automatically lose when time's up. (requested by homerj71)
|
|t:|1785869425
|teamsize|p1|4
|teamsize|p2|4
|start
|switch|p1a: Milotic|Milotic, L50, F|100/100
|switch|p1b: Tyranitar|Tyranitar, L50, M|100/100
|switch|p2a: Meowstic|Meowstic, L50, M|100/100
|switch|p2b: Reuniclus|Reuniclus, L50, M|100/100
|-weather|Sandstorm|[from] ability: Sand Stream|[of] p1b: Tyranitar
|turn|1
|
|t:|1785869448
|move|p2a: Meowstic|Fake Out|p1b: Tyranitar
|-resisted|p1b: Tyranitar|1
|-damage|p1b: Tyranitar|97/100
|cant|p1b: Tyranitar|flinch
|move|p1a: Milotic|Scald|p2b: Reuniclus
|-damage|p2b: Reuniclus|69/100
|move|p2b: Reuniclus|Psychic Terrain|p2b: Reuniclus
|-fieldstart|move: Psychic Terrain
|
|-weather|Sandstorm|[upkeep]
|-damage|p2a: Meowstic|93/100|[from] Sandstorm
|-damage|p1a: Milotic|94/100|[from] Sandstorm
|-damage|p2b: Reuniclus|63/100|[from] Sandstorm
|-heal|p1a: Milotic|100/100|[from] item: Leftovers
|upkeep
|turn|2
|
|t:|1785869469
|move|p2a: Meowstic|Skill Swap|p2b: Reuniclus
|-activate|p2a: Meowstic|Skill Swap|||[of] p2b: Reuniclus
|move|p2b: Reuniclus|Recover|p2b: Reuniclus
|-heal|p2b: Reuniclus|100/100
|move|p1b: Tyranitar|Knock Off|p2b: Reuniclus
|-supereffective|p2b: Reuniclus|1
|-damage|p2b: Reuniclus|0 fnt
|-enditem|p2b: Reuniclus|Life Orb|[from] move: Knock Off|[of] p1b: Tyranitar
|faint|p2b: Reuniclus
|move|p1a: Milotic|Scald|p2a: Meowstic
|-damage|p2a: Meowstic|66/100
|-status|p2a: Meowstic|brn
|
|-weather|Sandstorm|[upkeep]
|-damage|p2a: Meowstic|60/100 brn|[from] Sandstorm
|-damage|p1a: Milotic|94/100|[from] Sandstorm
|-heal|p1a: Milotic|100/100|[from] item: Leftovers
|-damage|p2a: Meowstic|54/100 brn|[from] brn
|upkeep
|
|t:|1785869487
|switch|p2b: Ninetales|Ninetales-Alola, L50, F|100/100
|-weather|Snowscape|[from] ability: Snow Warning|[of] p2b: Ninetales
|turn|3
|
|t:|1785869495
|-heal|p2a: Meowstic|87/100 brn|[from] ability: Regenerator|[silent]
|switch|p2a: Scrafty|Scrafty, L50, M|100/100
|-ability|p2a: Scrafty|Intimidate|boost
|-unboost|p1a: Milotic|atk|1
|-ability|p1a: Milotic|Competitive|boost
|-boost|p1a: Milotic|spa|2
|-unboost|p1b: Tyranitar|atk|1
|detailschange|p1b: Tyranitar|Tyranitar-Mega, L50, M
|-mega|p1b: Tyranitar|Tyranitar|Tyranitarite
|-weather|Sandstorm|[from] ability: Sand Stream|[of] p1b: Tyranitar
|move|p2b: Ninetales|Aurora Veil||[still]
|-fail|p2b: Ninetales
|move|p1b: Tyranitar|Knock Off|p2a: Scrafty
|-resisted|p2a: Scrafty|2
|-damage|p2a: Scrafty|94/100
|move|p1a: Milotic|Scald|p2b: Ninetales
|-damage|p2b: Ninetales|27/100
|
|-weather|Sandstorm|[upkeep]
|-damage|p2b: Ninetales|21/100|[from] Sandstorm
|-damage|p1a: Milotic|94/100|[from] Sandstorm
|-damage|p2a: Scrafty|88/100|[from] Sandstorm
|-heal|p1a: Milotic|100/100|[from] item: Leftovers
|upkeep
|turn|4
|inactive|ambitiousAutistic has 30 seconds left.
|
|t:|1785869527
|detailschange|p2a: Scrafty|Scrafty-Mega, L50, M
|-mega|p2a: Scrafty|Scrafty|Scraftinite
|-ability|p2a: Scrafty|Intimidate|boost
|-unboost|p1a: Milotic|atk|1
|-ability|p1a: Milotic|Competitive|boost
|-boost|p1a: Milotic|spa|2
|-unboost|p1b: Tyranitar|atk|1
|move|p2b: Ninetales|Disable|p1a: Milotic
|-start|p1a: Milotic|Disable|Scald
|move|p1b: Tyranitar|Low Kick|p2a: Scrafty
|-supereffective|p2a: Scrafty|1
|-damage|p2a: Scrafty|68/100
|cant|p1a: Milotic|Disable|Scald
|move|p2a: Scrafty|Drain Punch|p1b: Tyranitar
|-supereffective|p1b: Tyranitar|2
|-damage|p1b: Tyranitar|0 fnt
|-heal|p2a: Scrafty|100/100|[from] drain|[of] p1b: Tyranitar
|faint|p1b: Tyranitar
|
|-weather|Sandstorm|[upkeep]
|-damage|p2b: Ninetales|15/100|[from] Sandstorm
|-damage|p1a: Milotic|94/100|[from] Sandstorm
|-damage|p2a: Scrafty|94/100|[from] Sandstorm
|-heal|p1a: Milotic|100/100|[from] item: Leftovers
|upkeep
|
|t:|1785869536
|switch|p1b: Staraptor|Staraptor, L50, M|100/100
|-ability|p1b: Staraptor|Intimidate|boost
|-unboost|p2a: Scrafty|atk|1
|-unboost|p2b: Ninetales|atk|1
|turn|5
|
|t:|1785869555
|switch|p2b: Meowstic|Meowstic, L50, M|87/100 brn
|move|p1b: Staraptor|Close Combat|p2a: Scrafty
|-supereffective|p2a: Scrafty|1
|-damage|p2a: Scrafty|29/100
|-unboost|p1b: Staraptor|def|1
|-unboost|p1b: Staraptor|spd|1
|move|p1a: Milotic|Ice Beam|p2a: Scrafty
|-damage|p2a: Scrafty|0 fnt
|faint|p2a: Scrafty
|
|-weather|Sandstorm|[upkeep]
|-damage|p1b: Staraptor|94/100|[from] Sandstorm
|-damage|p2b: Meowstic|81/100 brn|[from] Sandstorm
|-damage|p1a: Milotic|94/100|[from] Sandstorm
|-heal|p1a: Milotic|100/100|[from] item: Leftovers
|-damage|p2b: Meowstic|75/100 brn|[from] brn
|-fieldend|move: Psychic Terrain
|upkeep
|
|t:|1785869565
|switch|p2a: Ninetales|Ninetales-Alola, L50, F|15/100
|-weather|Snowscape|[from] ability: Snow Warning|[of] p2a: Ninetales
|turn|6
|
|t:|1785869584
|move|p2b: Meowstic|Fake Out|p1b: Staraptor
|-damage|p1b: Staraptor|89/100
|cant|p1b: Staraptor|flinch
|move|p2a: Ninetales|Aurora Veil|p2a: Ninetales
|-sidestart|p2: ambitiousAutistic|move: Aurora Veil
|move|p1a: Milotic|Ice Beam|p2b: Meowstic
|-damage|p2b: Meowstic|35/100 brn
|
|-weather|Snowscape|[upkeep]
|-damage|p2b: Meowstic|29/100 brn|[from] brn
|upkeep
|turn|7
|
|t:|1785869609
|move|p2b: Meowstic|Psychic Terrain|p2b: Meowstic
|-fieldstart|move: Psychic Terrain
|move|p1b: Staraptor|Close Combat|p2a: Ninetales
|-damage|p2a: Ninetales|0 fnt
|-unboost|p1b: Staraptor|def|1
|-unboost|p1b: Staraptor|spd|1
|faint|p2a: Ninetales
|move|p1a: Milotic|Ice Beam|p2b: Meowstic
|-damage|p2b: Meowstic|0 fnt
|faint|p2b: Meowstic
|
|win|homerj71
