|j|☆b1kope
|j|☆palle synchro
|html|b1kopepalle synchro    
|uhtml|bestof|Game 1 of a best-of-3
|t:|1756990124
|gametype|doubles
|player|p1|b1kope|170|1234
|player|p2|palle synchro|volkner|1355
|gen|9
|tier|[Gen 9] VGC 2025 Reg H (Bo3)
|rated|
|rule|Species Clause: Limit one of each Pokémon
|rule|Item Clause: Limit 1 of each item
|clearpoke
|poke|p1|Snorlax, L50, M|
|poke|p1|Rillaboom, L50, F|
|poke|p1|Electabuzz, L50, M|
|poke|p1|Scrafty, L50, M|
|poke|p1|Sinistcha-Masterpiece, L50|
|poke|p1|Milotic, L50, F|
|poke|p2|Whimsicott, L50, F|
|poke|p2|Corviknight, L50, M|
|poke|p2|Indeedee, L50, M|
|poke|p2|Sneasler, L50, M|
|poke|p2|Ursaluna-Bloodmoon, L50, M|
|poke|p2|Archaludon, L50, M|
|teampreview|4
|showteam|p1|Snorlax||AguavBerry|Gluttony|BellyDrum,BodySlam,Crunch,Yawn|||M|||50|,,,,,Fairy]Rillaboom||AssaultVest|GrassySurge|WoodHammer,FakeOut,Uturn,GrassyGlide|||F|||50|,,,,,Water]Electabuzz||Eviolite|VitalSpirit|FollowMe,Thunderbolt,Taunt,Protect|||M|||50|,,,,,Ghost]Scrafty||SafetyGoggles|Intimidate|FakeOut,Taunt,FoulPlay,Encore|||M|||50|,,,,,Ghost]Sinistcha-Masterpiece||FocusSash|Hospitality|RagePowder,ShadowBall,LifeDew,LeafStorm||||||50|,,,,,Grass]Milotic||GrassySeed|Competitive|MuddyWater,Recover,Coil,Hypnosis|||F|||50|,,,,,Grass
|showteam|p2|Whimsicott||CovertCloak|Prankster|Moonblast,Taunt,Tailwind,FakeTears|||F|||50|,,,,,Water]Corviknight||Leftovers|MirrorArmor|BraveBird,BulkUp,Tailwind,Roost|||M|||50|,,,,,Dragon]Indeedee||FocusSash|PsychicSurge|ExpandingForce,TeraBlast,Imprison,TrickRoom|||M|||50|,,,,,Psychic]Sneasler||PsychicSeed|Unburden|CloseCombat,DireClaw,ThroatChop,Protect|||M|||50|,,,,,Dark]Ursaluna-Bloodmoon||LifeOrb|MindsEye|HyperVoice,BloodMoon,EarthPower,Protect|||M|||50|,,,,,Normal]Archaludon||PowerHerb|Stalwart|ElectroShot,DragonPulse,Thunderbolt,Protect|||M|||50|,,,,,Electric
|
|t:|1756990140
|teamsize|p1|4
|teamsize|p2|4
|start
|switch|p1a: Snorlax|Snorlax, L50, M|100/100
|switch|p1b: Rillaboom|Rillaboom, L50, F|100/100
|switch|p2a: Whimsicott|Whimsicott, L50, F|100/100
|switch|p2b: Ursaluna|Ursaluna-Bloodmoon, L50, M|100/100
|-fieldstart|move: Grassy Terrain|[from] ability: Grassy Surge|[of] p1b: Rillaboom
|turn|1
|inactive|Battle timer is ON: inactive players will automatically lose when time's up. (requested by palle synchro)
|
|t:|1756990157
|switch|p2a: Indeedee|Indeedee, L50, M|100/100
|-fieldstart|move: Psychic Terrain|[from] ability: Psychic Surge|[of] p2a: Indeedee
|-terastallize|p2b: Ursaluna|Normal
|move|p1b: Rillaboom|Wood Hammer|p2b: Ursaluna
|-damage|p2b: Ursaluna|50/100
|-damage|p1b: Rillaboom|85/100|[from] Recoil
|move|p2b: Ursaluna|Blood Moon|p1a: Snorlax
|-damage|p1a: Snorlax|24/100
|-enditem|p1a: Snorlax|Aguav Berry|[eat]
|-heal|p1a: Snorlax|57/100|[from] item: Aguav Berry
|-damage|p2b: Ursaluna|40/100|[from] item: Life Orb
|move|p1a: Snorlax|Body Slam|p2a: Indeedee
|-damage|p2a: Indeedee|29/100
|
|upkeep
|turn|2
|
|t:|1756990175
|move|p2b: Ursaluna|Protect|p2b: Ursaluna
|-singleturn|p2b: Ursaluna|Protect
|move|p2a: Indeedee|Expanding Force|p1b: Rillaboom|[spread] p1a,p1b
|-damage|p1a: Snorlax|22/100
|-damage|p1b: Rillaboom|42/100
|move|p1b: Rillaboom|Wood Hammer|p2b: Ursaluna
|-activate|p2b: Ursaluna|move: Protect
|move|p1a: Snorlax|Body Slam|p2a: Indeedee
|-damage|p2a: Indeedee|0 fnt
|faint|p2a: Indeedee
|
|upkeep
|
|t:|1756990182
|switch|p2a: Whimsicott|Whimsicott, L50, F|100/100
|turn|3
|
|t:|1756990189
|switch|p1a: Sinistcha|Sinistcha-Masterpiece, L50|100/100
|-heal|p1b: Rillaboom|66/100|[from] ability: Hospitality|[of] p1a: Sinistcha
|move|p2a: Whimsicott|Tailwind|p2a: Whimsicott
|-sidestart|p2: palle synchro|move: Tailwind
|move|p2b: Ursaluna|Hyper Voice|p1b: Rillaboom|[spread] p1a,p1b
|-damage|p1a: Sinistcha|5/100
|-damage|p1b: Rillaboom|18/100
|-damage|p2b: Ursaluna|31/100|[from] item: Life Orb
|move|p1b: Rillaboom|Wood Hammer|p2b: Ursaluna
|-damage|p2b: Ursaluna|0 fnt
|faint|p2b: Ursaluna
|-damage|p1b: Rillaboom|9/100|[from] Recoil
|
|upkeep
|
|t:|1756990210
|switch|p2b: Sneasler|Sneasler, L50, M|100/100
|-enditem|p2b: Sneasler|Psychic Seed
|-boost|p2b: Sneasler|spd|1|[from] item: Psychic Seed
|turn|4
|
|t:|1756990221
|switch|p1b: Snorlax|Snorlax, L50, M|22/100
|move|p1a: Sinistcha|Rage Powder|p1a: Sinistcha
|-singleturn|p1a: Sinistcha|move: Rage Powder
|move|p2b: Sneasler|Dire Claw|p1a: Sinistcha
|-damage|p1a: Sinistcha|0 fnt
|faint|p1a: Sinistcha
|move|p2a: Whimsicott|Moonblast|p1b: Snorlax
|-damage|p1b: Snorlax|7/100
|-unboost|p1b: Snorlax|spa|1
|
|upkeep
|
|t:|1756990231
|switch|p1a: Rillaboom|Rillaboom, L50, F|9/100
|-fieldstart|move: Grassy Terrain|[from] ability: Grassy Surge|[of] p1a: Rillaboom
|turn|5
|
|t:|1756990241
|move|p1a: Rillaboom|Fake Out|p2b: Sneasler
|-damage|p2b: Sneasler|80/100
|cant|p2b: Sneasler|flinch
|move|p2a: Whimsicott|Moonblast|p1b: Snorlax
|-damage|p1b: Snorlax|0 fnt
|faint|p1b: Snorlax
|
|-heal|p2b: Sneasler|86/100|[from] Grassy Terrain
|-heal|p1a: Rillaboom|15/100|[from] Grassy Terrain
|upkeep
|
|t:|1756990249
|switch|p1b: Electabuzz|Electabuzz, L50, M|100/100
|turn|6
|
|t:|1756990261
|move|p2b: Sneasler|Protect|p2b: Sneasler
|-singleturn|p2b: Sneasler|Protect
|move|p2a: Whimsicott|Taunt|p1b: Electabuzz
|-start|p1b: Electabuzz|move: Taunt
|move|p1a: Rillaboom|Grassy Glide|p2b: Sneasler
|-activate|p2b: Sneasler|move: Protect
|move|p1b: Electabuzz|Thunderbolt|p2b: Sneasler
|-activate|p2b: Sneasler|move: Protect
|
|-heal|p2b: Sneasler|92/100|[from] Grassy Terrain
|-heal|p1a: Rillaboom|21/100|[from] Grassy Terrain
|-sideend|p2: palle synchro|move: Tailwind
|upkeep
|turn|7
|
|t:|1756990272
|-terastallize|p1b: Electabuzz|Ghost
|move|p1a: Rillaboom|Grassy Glide|p2b: Sneasler
|-resisted|p2b: Sneasler
|-damage|p2b: Sneasler|66/100
|move|p2b: Sneasler|Dire Claw|p1a: Rillaboom
|-supereffective|p1a: Rillaboom
|-damage|p1a: Rillaboom|0 fnt
|faint|p1a: Rillaboom
|move|p2a: Whimsicott|Moonblast|p1b: Electabuzz
|-damage|p1b: Electabuzz|82/100
|move|p1b: Electabuzz|Thunderbolt|p2b: Sneasler
|-damage|p2b: Sneasler|37/100
|
|-heal|p2b: Sneasler|43/100|[from] Grassy Terrain
|-heal|p1b: Electabuzz|88/100|[from] Grassy Terrain
|upkeep
|turn|8
|
|t:|1756990282
|move|p2b: Sneasler|Throat Chop|p1b: Electabuzz
|-supereffective|p1b: Electabuzz
|-damage|p1b: Electabuzz|41/100
|-start|p1b: Electabuzz|Throat Chop|[silent]
|move|p2a: Whimsicott|Moonblast|p1b: Electabuzz
|-damage|p1b: Electabuzz|23/100
|move|p1b: Electabuzz|Thunderbolt|p2a: Whimsicott
|-resisted|p2a: Whimsicott
|-damage|p2a: Whimsicott|79/100
|
|-heal|p2b: Sneasler|49/100|[from] Grassy Terrain
|-heal|p2a: Whimsicott|85/100|[from] Grassy Terrain
|-heal|p1b: Electabuzz|29/100|[from] Grassy Terrain
|-end|p1b: Electabuzz|move: Taunt
|upkeep
|turn|9
|
|t:|1756990287
|move|p2b: Sneasler|Throat Chop|p1b: Electabuzz
|-supereffective|p1b: Electabuzz
|-damage|p1b: Electabuzz|0 fnt
|faint|p1b: Electabuzz
|
|win|palle synchro
