|j|☆bujero
|j|☆Welosethose!
|html|bujeroWelosethose!    
|uhtml|bestof|Game 2 of a best-of-3
|t:|1756945112
|gametype|doubles
|player|p1|bujero|acetrainercouple|1108
|player|p2|Welosethose!|hilbert|1187
|gen|9
|tier|[Gen 9] VGC 2025 Reg H (Bo3)
|rated|
|rule|Species Clause: Limit one of each Pokémon
|rule|Item Clause: Limit 1 of each item
|clearpoke
|poke|p1|Rillaboom, L50, M|
|poke|p1|Kingambit, L50, M|
|poke|p1|Sneasler, L50, M|
|poke|p1|Electabuzz, L50, M|
|poke|p1|Dragonite, L50, M|
|poke|p1|Volcarona, L50, F|
|poke|p2|Politoed, L50, M|
|poke|p2|Gothitelle, L50, F|
|poke|p2|Kingdra, L50, F|
|poke|p2|Archaludon, L50, M|
|poke|p2|Amoonguss, L50, M|
|poke|p2|Incineroar, L50, F|
|teampreview|4
|showteam|p1|Rillaboom||AssaultVest|GrassySurge|FakeOut,WoodHammer,HighHorsepower,GrassyGlide|||M|||50|,,,,,Fire]Kingambit||BlackGlasses|Defiant|KowtowCleave,SuckerPunch,SwordsDance,Protect|||M|||50|,,,,,Dark]Sneasler||GrassySeed|Unburden|CloseCombat,DireClaw,Protect,Coaching|||M|||50|,,,,,Stellar]Electabuzz||Eviolite|VitalSpirit|Electroweb,Taunt,FollowMe,Protect|||M|||50|,,,,,Dragon]Dragonite||LoadedDice|Multiscale|ScaleShot,Tailwind,Protect,Haze|||M|||50|,,,,,Fairy]Volcarona||CovertCloak|FlameBody|QuiverDance,TeraBlast,HeatWave,Protect|||F|||50|,,,,,Fairy
|showteam|p2|Politoed||Leftovers|Drizzle|WeatherBall,Encore,PerishSong,Protect|||M|||50|,,,,,Grass]Gothitelle||SitrusBerry|ShadowTag|FakeOut,Psychic,TrickRoom,Protect|||F|||50|,,,,,Dark]Kingdra||LifeOrb|SwiftSwim|WeatherBall,MuddyWater,DracoMeteor,Protect|||F|||50|,,,,,Stellar]Archaludon||PowerHerb|Sturdy|ElectroShot,FlashCannon,DragonPulse,Protect|||M|||50|,,,,,Electric]Amoonguss||EjectButton|Regenerator|PollenPuff,Spore,RagePowder,Protect|||M|||50|,,,,,Fairy]Incineroar||SafetyGoggles|Intimidate|FakeOut,KnockOff,PartingShot,Protect|||F|||50|,,,,,Ghost
|inactive|Battle timer is ON: inactive players will automatically lose when time's up. (requested by bujero)
|c|☆bujero|Glhf
|inactive|Welosethose! has 60 seconds left.
|
|t:|1756945150
|teamsize|p1|4
|teamsize|p2|4
|start
|switch|p1a: Rillaboom|Rillaboom, L50, M, shiny|100/100
|switch|p1b: Electabuzz|Electabuzz, L50, M, shiny|100/100
|switch|p2a: Incineroar|Incineroar, L50, F|100/100
|switch|p2b: Kingdra|Kingdra, L50, F|100/100
|-fieldstart|move: Grassy Terrain|[from] ability: Grassy Surge|[of] p1a: Rillaboom
|-ability|p2a: Incineroar|Intimidate|boost
|-unboost|p1a: Rillaboom|atk|1
|-unboost|p1b: Electabuzz|atk|1
|turn|1
|
|t:|1756945164
|move|p2b: Kingdra|Protect|p2b: Kingdra
|-singleturn|p2b: Kingdra|Protect
|move|p1a: Rillaboom|Fake Out|p2a: Incineroar
|-damage|p2a: Incineroar|91/100
|move|p1b: Electabuzz|Electroweb|p2a: Incineroar|[spread] p2a
|-activate|p2b: Kingdra|move: Protect
|-damage|p2a: Incineroar|82/100
|-unboost|p2a: Incineroar|spe|1
|cant|p2a: Incineroar|flinch
|
|-heal|p2a: Incineroar|88/100|[from] Grassy Terrain
|upkeep
|turn|2
|
|t:|1756945180
|move|p1b: Electabuzz|Electroweb|p2a: Incineroar|[spread] p2a,p2b
|-crit|p2b: Kingdra
|-damage|p2a: Incineroar|79/100
|-damage|p2b: Kingdra|73/100
|-unboost|p2a: Incineroar|spe|1
|-unboost|p2b: Kingdra|spe|1
|move|p1a: Rillaboom|Wood Hammer|p2b: Kingdra
|-damage|p2b: Kingdra|2/100
|-damage|p1a: Rillaboom|83/100|[from] Recoil
|move|p2b: Kingdra|Muddy Water|p1b: Electabuzz|[spread] p1b
|-miss|p2b: Kingdra|p1a: Rillaboom
|-damage|p1b: Electabuzz|65/100
|-unboost|p1b: Electabuzz|accuracy|1
|-damage|p2b: Kingdra|0 fnt|[from] item: Life Orb
|faint|p2b: Kingdra
|move|p2a: Incineroar|Knock Off|p1b: Electabuzz
|-damage|p1b: Electabuzz|33/100
|-enditem|p1b: Electabuzz|Eviolite|[from] move: Knock Off|[of] p2a: Incineroar
|
|-heal|p1b: Electabuzz|39/100|[from] Grassy Terrain
|-heal|p1a: Rillaboom|89/100|[from] Grassy Terrain
|-heal|p2a: Incineroar|85/100|[from] Grassy Terrain
|upkeep
|
|t:|1756945193
|switch|p2b: Archaludon|Archaludon, L50, M|100/100
|turn|3
|inactive|Welosethose! has 30 seconds left.
|
|t:|1756945222
|switch|p1a: Sneasler|Sneasler, L50, M, shiny|100/100
|-enditem|p1a: Sneasler|Grassy Seed
|-boost|p1a: Sneasler|def|1|[from] item: Grassy Seed
|move|p2b: Archaludon|Protect|p2b: Archaludon
|-singleturn|p2b: Archaludon|Protect
|move|p1b: Electabuzz|Follow Me|p1b: Electabuzz
|-singleturn|p1b: Electabuzz|move: Follow Me
|move|p2a: Incineroar|Parting Shot|p1b: Electabuzz
|-unboost|p1b: Electabuzz|atk|1
|-unboost|p1b: Electabuzz|spa|1
|
|t:|1756945230
|switch|p2a: Politoed|Politoed, L50, M|100/100|[from] Parting Shot
|-weather|RainDance|[from] ability: Drizzle|[of] p2a: Politoed
|
|-weather|RainDance|[upkeep]
|-heal|p1b: Electabuzz|46/100|[from] Grassy Terrain
|upkeep
|turn|4
|
|t:|1756945246
|switch|p2b: Incineroar|Incineroar, L50, F|85/100
|-ability|p2b: Incineroar|Intimidate|boost
|-unboost|p1a: Sneasler|atk|1
|-unboost|p1b: Electabuzz|atk|1
|-terastallize|p1a: Sneasler|Stellar
|move|p1a: Sneasler|Close Combat|p2b: Incineroar
|-supereffective|p2b: Incineroar
|-damage|p2b: Incineroar|0 fnt
|-unboost|p1a: Sneasler|def|1
|-unboost|p1a: Sneasler|spd|1
|faint|p2b: Incineroar
|move|p1b: Electabuzz|Electroweb|p2a: Politoed|[miss]
|-miss|p1b: Electabuzz|p2a: Politoed
|move|p2a: Politoed|Perish Song|p2a: Politoed
|-start|p1a: Sneasler|perish3|[silent]
|-start|p1b: Electabuzz|perish3|[silent]
|-start|p2a: Politoed|perish3|[silent]
|-fieldactivate|move: Perish Song
|
|-weather|RainDance|[upkeep]
|-heal|p1b: Electabuzz|52/100|[from] Grassy Terrain
|-start|p1a: Sneasler|perish3
|-start|p1b: Electabuzz|perish3
|-start|p2a: Politoed|perish3
|upkeep
|
|t:|1756945260
|switch|p2b: Archaludon|Archaludon, L50, M|100/100
|turn|5
|
|t:|1756945277
|switch|p1a: Rillaboom|Rillaboom, L50, M, shiny|89/100
|-terastallize|p2b: Archaludon|Electric
|move|p1b: Electabuzz|Electroweb|p2b: Archaludon|[spread] p2b
|-miss|p1b: Electabuzz|p2a: Politoed
|-resisted|p2b: Archaludon
|-damage|p2b: Archaludon|93/100
|-unboost|p2b: Archaludon|spe|1
|move|p2a: Politoed|Weather Ball|p1b: Electabuzz
|-damage|p1b: Electabuzz|0 fnt
|faint|p1b: Electabuzz
|move|p2b: Archaludon|Electro Shot||[still]
|-prepare|p2b: Archaludon|Electro Shot
|-boost|p2b: Archaludon|spa|1
|-anim|p2b: Archaludon|Electro Shot|p1a: Rillaboom
|-resisted|p1a: Rillaboom
|-damage|p1a: Rillaboom|57/100
|
|-weather|RainDance|[upkeep]
|-heal|p1a: Rillaboom|63/100|[from] Grassy Terrain
|-heal|p2b: Archaludon|99/100|[from] Grassy Terrain
|-start|p2a: Politoed|perish2
|-fieldend|move: Grassy Terrain
|upkeep
|inactive|bujero has 30 seconds left.
|
|t:|1756945305
|switch|p1b: Kingambit|Kingambit, L50, M, shiny|100/100
|turn|6
|
|t:|1756945316
|move|p1a: Rillaboom|Wood Hammer|p2a: Politoed
|-supereffective|p2a: Politoed
|-damage|p2a: Politoed|0 fnt
|faint|p2a: Politoed
|-damage|p1a: Rillaboom|31/100|[from] Recoil
|move|p2b: Archaludon|Electro Shot||[still]
|-prepare|p2b: Archaludon|Electro Shot
|-boost|p2b: Archaludon|spa|1
|-anim|p2b: Archaludon|Electro Shot|p1b: Kingambit
|-damage|p1b: Kingambit|0 fnt
|faint|p1b: Kingambit
|
|-weather|RainDance|[upkeep]
|upkeep
|
|t:|1756945326
|switch|p1b: Sneasler|Sneasler, L50, M, shiny, tera:Stellar|100/100
|turn|7
|
|t:|1756945332
|move|p1b: Sneasler|Close Combat|p2b: Archaludon
|-damage|p2b: Archaludon|40/100
|-unboost|p1b: Sneasler|def|1
|-unboost|p1b: Sneasler|spd|1
|move|p1a: Rillaboom|High Horsepower|p2b: Archaludon
|-supereffective|p2b: Archaludon
|-damage|p2b: Archaludon|0 fnt
|faint|p2b: Archaludon
|
|win|bujero
||Welosethose! is ready for game 3.
||bujero is ready for game 3.
|uhtml|next|Next: Game 3 of 3
|l|☆bujero
|player|p1|
