|j|☆tarande
|j|☆PkScept
|html|tarandePkScept    
|uhtml|bestof|Game 2 of a best-of-3
|t:|1757625000
|gametype|doubles
|player|p1|tarande|iris-gen5bw2|1069
|player|p2|PkScept|169|1049
|gen|9
|tier|[Gen 9] VGC 2025 Reg H (Bo3)
|rated|
|rule|Species Clause: Limit one of each Pokémon
|rule|Item Clause: Limit 1 of each item
|clearpoke
|poke|p1|Annihilape, L50, F|
|poke|p1|Ursaluna-Bloodmoon, L50, M|
|poke|p1|Tyranitar, L50, F|
|poke|p1|Sneasler, L50, M|
|poke|p1|Volcarona, L50, M|
|poke|p1|Indeedee, L50, M|
|poke|p2|Kommo-o, L50, M|
|poke|p2|Sneasler, L50, F|
|poke|p2|Rillaboom, L50, M|
|poke|p2|Magmar, L50, M|
|poke|p2|Primarina, L50, F|
|poke|p2|Quagsire, L50, F|
|teampreview|4
|showteam|p1|Annihilape||SafetyGoggles|Defiant|CloseCombat,RageFist,Taunt,FinalGambit|||F|||50|,,,,,Fairy]Ursaluna-Bloodmoon||LifeOrb|MindsEye|BloodMoon,HyperVoice,EarthPower,Protect|||M|||50|,,,,,Normal]Tyranitar||AssaultVest|SandStream|RockSlide,KnockOff,LowKick,TeraBlast|||F|||50|,,,,,Flying]Sneasler||PsychicSeed|Unburden|CloseCombat,DireClaw,ThroatChop,Protect|||M|||50|,,,,,Dark]Volcarona||SitrusBerry|FlameBody|Overheat,StruggleBug,RagePowder,Tailwind|||M|||50|,,,,,Grass]Indeedee||ChoiceScarf|PsychicSurge|ExpandingForce,TeraBlast,Trick,Protect|||M|||50|,,,,,Psychic
|showteam|p2|Kommo-o||Leftovers|Soundproof|ClangorousSoul,BodyPress,Flamethrower,Protect|||M|||50|,,,,,Fire]Sneasler||GrassySeed|Unburden|FakeOut,CloseCombat,DireClaw,Protect|||F|||50|,,,,,Ghost]Rillaboom||AssaultVest|GrassySurge|FakeOut,WoodHammer,Uturn,GrassyGlide|||M|||50|,,,,,Fire]Magmar||Eviolite|VitalSpirit|FollowMe,WillOWisp,Flamethrower,HelpingHand|||M|||50|,,,,,Water]Primarina||ThroatSpray|LiquidVoice|HyperVoice,Moonblast,Protect,PerishSong|||F|||50|,,,,,Steel]Quagsire||SitrusBerry|WaterAbsorb|MuddyWater,EarthPower,Protect,Stockpile|||F|||50|,,,,,Grass
|inactive|Battle timer is ON: inactive players will automatically lose when time's up. (requested by tarande)
|
|t:|1757625042
|teamsize|p1|4
|teamsize|p2|4
|start
|switch|p1a: Tyranitar|Tyranitar, L50, F|100/100
|switch|p1b: Volcarona|Volcarona, L50, M|100/100
|switch|p2a: Kommo-o|Kommo-o, L50, M|100/100
|switch|p2b: Primarina|Primarina, L50, F|100/100
|-weather|Sandstorm|[from] ability: Sand Stream|[of] p1a: Tyranitar
|turn|1
|
|t:|1757625064
|-terastallize|p1a: Tyranitar|Flying
|move|p2a: Kommo-o|Protect|p2a: Kommo-o
|-singleturn|p2a: Kommo-o|Protect
|move|p1b: Volcarona|Tailwind|p1b: Volcarona
|-sidestart|p1: tarande|move: Tailwind
|move|p1a: Tyranitar|Tera Blast|p2a: Kommo-o|[anim] Tera Blast Flying
|-activate|p2a: Kommo-o|move: Protect
|move|p2b: Primarina|Perish Song|p2b: Primarina
|-start|p1a: Tyranitar|perish3|[silent]
|-start|p1b: Volcarona|perish3|[silent]
|-immune|p2a: Kommo-o|[from] ability: Soundproof
|-start|p2b: Primarina|perish3|[silent]
|-fieldactivate|move: Perish Song
|-enditem|p2b: Primarina|Throat Spray
|-boost|p2b: Primarina|spa|1|[from] item: Throat Spray
|
|-weather|Sandstorm|[upkeep]
|-damage|p1b: Volcarona|94/100|[from] Sandstorm
|-damage|p1a: Tyranitar|95/100|[from] Sandstorm
|-damage|p2a: Kommo-o|94/100|[from] Sandstorm
|-damage|p2b: Primarina|95/100|[from] Sandstorm
|-heal|p2a: Kommo-o|100/100|[from] item: Leftovers
|-start|p1b: Volcarona|perish3
|-start|p1a: Tyranitar|perish3
|-start|p2b: Primarina|perish3
|upkeep
|turn|2
|inactive|tarande has 30 seconds left.
|inactive|PkScept has 30 seconds left.
|inactive|tarande has 20 seconds left.
|inactive|tarande has 15 seconds left.
|inactive|tarande has 10 seconds left.
|
|t:|1757625113
|-terastallize|p2a: Kommo-o|Fire
|move|p1b: Volcarona|Struggle Bug|p2b: Primarina|[spread] p2a,p2b
|-resisted|p2a: Kommo-o
|-resisted|p2b: Primarina
|-damage|p2a: Kommo-o|93/100
|-damage|p2b: Primarina|86/100
|-unboost|p2a: Kommo-o|spa|1
|-unboost|p2b: Primarina|spa|1
|move|p1a: Tyranitar|Rock Slide|p2b: Primarina|[spread] p2a,p2b
|-supereffective|p2a: Kommo-o
|-damage|p2a: Kommo-o|45/100
|-damage|p2b: Primarina|47/100
|cant|p2a: Kommo-o|flinch
|cant|p2b: Primarina|flinch
|
|-weather|Sandstorm|[upkeep]
|-damage|p1b: Volcarona|88/100|[from] Sandstorm
|-damage|p1a: Tyranitar|89/100|[from] Sandstorm
|-damage|p2a: Kommo-o|39/100|[from] Sandstorm
|-damage|p2b: Primarina|41/100|[from] Sandstorm
|-heal|p2a: Kommo-o|45/100|[from] item: Leftovers
|-start|p1b: Volcarona|perish2
|-start|p1a: Tyranitar|perish2
|-start|p2b: Primarina|perish2
|upkeep
|turn|3
|inactive|tarande has 30 seconds left.
|inactive|tarande has 20 seconds left.
|
|t:|1757625151
|switch|p1b: Sneasler|Sneasler, L50, M|100/100
|switch|p1a: Indeedee|Indeedee, L50, M|100/100
|-fieldstart|move: Psychic Terrain|[from] ability: Psychic Surge|[of] p1a: Indeedee
|-enditem|p1b: Sneasler|Psychic Seed
|-boost|p1b: Sneasler|spd|1|[from] item: Psychic Seed
|switch|p2b: Rillaboom|Rillaboom, L50, M|100/100
|-fieldstart|move: Grassy Terrain|[from] ability: Grassy Surge|[of] p2b: Rillaboom
|move|p2a: Kommo-o|Protect||[still]
|-fail|p2a: Kommo-o
|
|-weather|Sandstorm|[upkeep]
|-damage|p1b: Sneasler|95/100|[from] Sandstorm
|-damage|p1a: Indeedee|95/100|[from] Sandstorm
|-damage|p2a: Kommo-o|39/100|[from] Sandstorm
|-damage|p2b: Rillaboom|95/100|[from] Sandstorm
|-heal|p1b: Sneasler|100/100|[from] Grassy Terrain
|-heal|p1a: Indeedee|100/100|[from] Grassy Terrain
|-heal|p2a: Kommo-o|45/100|[from] Grassy Terrain
|-heal|p2a: Kommo-o|51/100|[from] item: Leftovers
|-heal|p2b: Rillaboom|100/100|[from] Grassy Terrain
|upkeep
|turn|4
|inactive|PkScept has 30 seconds left.
|
|t:|1757625183
|switch|p1a: Volcarona|Volcarona, L50, M|88/100
|switch|p2a: Primarina|Primarina, L50, F|41/100
|move|p1b: Sneasler|Protect|p1b: Sneasler
|-singleturn|p1b: Sneasler|Protect
|move|p2b: Rillaboom|Wood Hammer|p1a: Volcarona
|-resisted|p1a: Volcarona
|-crit|p1a: Volcarona
|-damage|p1a: Volcarona|37/100
|-enditem|p1a: Volcarona|Sitrus Berry|[eat]
|-heal|p1a: Volcarona|62/100|[from] item: Sitrus Berry
|-damage|p2b: Rillaboom|87/100|[from] Recoil
|
|-weather|Sandstorm|[upkeep]
|-damage|p1b: Sneasler|95/100|[from] Sandstorm
|-damage|p1a: Volcarona|55/100|[from] Sandstorm
|-damage|p2a: Primarina|35/100|[from] Sandstorm
|-damage|p2b: Rillaboom|82/100|[from] Sandstorm
|-heal|p1b: Sneasler|100/100|[from] Grassy Terrain
|-heal|p1a: Volcarona|62/100|[from] Grassy Terrain
|-heal|p2a: Primarina|41/100|[from] Grassy Terrain
|-heal|p2b: Rillaboom|87/100|[from] Grassy Terrain
|-sideend|p1: tarande|move: Tailwind
|upkeep
|turn|5
|
|t:|1757625201
|switch|p1a: Indeedee|Indeedee, L50, M|100/100
|-fieldstart|move: Psychic Terrain|[from] ability: Psychic Surge|[of] p1a: Indeedee
|switch|p2b: Kommo-o|Kommo-o, L50, M, tera:Fire|51/100
|move|p1b: Sneasler|Dire Claw|p2b: Kommo-o
|-damage|p2b: Kommo-o|13/100
|move|p2a: Primarina|Moonblast|p1b: Sneasler
|-damage|p1b: Sneasler|50/100
|
|-weather|none
|-heal|p2b: Kommo-o|19/100|[from] item: Leftovers
|upkeep
|turn|6
|
|t:|1757625218
|move|p2b: Kommo-o|Protect|p2b: Kommo-o
|-singleturn|p2b: Kommo-o|Protect
|move|p1b: Sneasler|Dire Claw|p2a: Primarina
|-supereffective|p2a: Primarina
|-damage|p2a: Primarina|0 fnt
|faint|p2a: Primarina
|move|p1a: Indeedee|Expanding Force|p2b: Kommo-o
|-activate|p2b: Kommo-o|move: Protect
|
|-heal|p2b: Kommo-o|25/100|[from] item: Leftovers
|upkeep
|
|t:|1757625228
|switch|p2a: Rillaboom|Rillaboom, L50, M|87/100
|-fieldstart|move: Grassy Terrain|[from] ability: Grassy Surge|[of] p2a: Rillaboom
|turn|7
|
|t:|1757625238
|switch|p1a: Volcarona|Volcarona, L50, M|62/100
|switch|p2b: Sneasler|Sneasler, L50, F|100/100
|-enditem|p2b: Sneasler|Grassy Seed
|-boost|p2b: Sneasler|def|1|[from] item: Grassy Seed
|move|p1b: Sneasler|Protect|p1b: Sneasler
|-singleturn|p1b: Sneasler|Protect
|move|p2a: Rillaboom|Fake Out|p1a: Volcarona
|-damage|p1a: Volcarona|37/100
|
|-heal|p1b: Sneasler|56/100|[from] Grassy Terrain
|-heal|p1a: Volcarona|44/100|[from] Grassy Terrain
|-heal|p2a: Rillaboom|93/100|[from] Grassy Terrain
|upkeep
|turn|8
|inactive|PkScept has 30 seconds left.
|
|t:|1757625265
|switch|p1a: Indeedee|Indeedee, L50, M|100/100
|-fieldstart|move: Psychic Terrain|[from] ability: Psychic Surge|[of] p1a: Indeedee
|switch|p2a: Kommo-o|Kommo-o, L50, M, tera:Fire|25/100
|move|p2b: Sneasler|Dire Claw|p1a: Indeedee
|-damage|p1a: Indeedee|0 fnt
|faint|p1a: Indeedee
|move|p1b: Sneasler|Dire Claw|p2a: Kommo-o
|-damage|p2a: Kommo-o|0 fnt
|faint|p2a: Kommo-o
|
|upkeep
|
|t:|1757625280
|switch|p1a: Volcarona|Volcarona, L50, M|44/100
|switch|p2a: Rillaboom|Rillaboom, L50, M|93/100
|-fieldstart|move: Grassy Terrain|[from] ability: Grassy Surge|[of] p2a: Rillaboom
|turn|9
|
|t:|1757625291
|move|p1b: Sneasler|Protect|p1b: Sneasler
|-singleturn|p1b: Sneasler|Protect
|move|p2a: Rillaboom|Fake Out|p1b: Sneasler
|-activate|p1b: Sneasler|move: Protect
|move|p2b: Sneasler|Dire Claw|p1a: Volcarona
|-damage|p1a: Volcarona|0 fnt
|faint|p1a: Volcarona
|
|-heal|p1b: Sneasler|62/100|[from] Grassy Terrain
|-heal|p2a: Rillaboom|99/100|[from] Grassy Terrain
|upkeep
|
|t:|1757625298
|switch|p1a: Tyranitar|Tyranitar, L50, F, tera:Flying|89/100
|-weather|Sandstorm|[from] ability: Sand Stream|[of] p1a: Tyranitar
|turn|10
|
|t:|1757625308
|move|p2b: Sneasler|Dire Claw|p1a: Tyranitar
|-damage|p1a: Tyranitar|52/100
|move|p1b: Sneasler|Dire Claw|p2a: Rillaboom
|-supereffective|p2a: Rillaboom
|-damage|p2a: Rillaboom|12/100
|-status|p2a: Rillaboom|par
|move|p1a: Tyranitar|Tera Blast|p2b: Sneasler|[anim] Tera Blast Flying
|-supereffective|p2b: Sneasler
|-damage|p2b: Sneasler|0 fnt
|faint|p2b: Sneasler
|move|p2a: Rillaboom|Wood Hammer|p1a: Tyranitar
|-resisted|p1a: Tyranitar
|-damage|p1a: Tyranitar|18/100
|-damage|p2a: Rillaboom|1/100 par|[from] Recoil
|
|-weather|Sandstorm|[upkeep]
|-damage|p1b: Sneasler|56/100|[from] Sandstorm
|-damage|p1a: Tyranitar|12/100|[from] Sandstorm
|-damage|p2a: Rillaboom|0 fnt|[from] Sandstorm
|faint|p2a: Rillaboom
|
|win|tarande
|l|☆PkScept
|player|p2|
||PkScept is ready for game 3.
|inactive|tarande has 30 seconds to confirm battle start!
||tarande is ready for game 3.
|uhtml|next|Next: Game 3 of 3
