|j|☆FLINTT1
|j|☆Panexeri
|html|FLINTT1Panexeri    
|uhtml|bestof|Game 1 of a best-of-3
|t:|1757792716
|gametype|doubles
|player|p1|FLINTT1|flint|1153
|player|p2|Panexeri|guitarist|1207
|gen|9
|tier|[Gen 9] VGC 2025 Reg H (Bo3)
|rated|
|rule|Species Clause: Limit one of each Pokémon
|rule|Item Clause: Limit 1 of each item
|clearpoke
|poke|p1|Tyranitar, L50, M|
|poke|p1|Incineroar, L50, F|
|poke|p1|Dragonite, L50, F|
|poke|p1|Excadrill, L50, F|
|poke|p1|Indeedee-F, L50, F|
|poke|p1|Hatterene, L50, F|
|poke|p2|Incineroar, L50, M|
|poke|p2|Amoonguss, L50, M|
|poke|p2|Sneasler, L50, M|
|poke|p2|Gholdengo, L50|
|poke|p2|Porygon2, L50|
|poke|p2|Ursaluna, L50, F|
|teampreview|4
|showteam|p1|Tyranitar||ClearAmulet|SandStream|RockSlide,LowKick,TeraBlast,KnockOff|||M|||50|,,,,,Flying]Incineroar||SitrusBerry|Intimidate|FakeOut,FlareBlitz,KnockOff,PartingShot|||F|||50|,,,,,Grass]Dragonite||LoadedDice|InnerFocus|Protect,ScaleShot,IceSpinner,TeraBlast|||F|||50|,,,,,Flying]Excadrill||FocusSash|SandRush|Protect,SwordsDance,Earthquake,IronHead|||F|||50|,,,,,Flying]Indeedee-F||PsychicSeed|PsychicSurge|FollowMe,Psychic,HelpingHand,TrickRoom|||F|||50|,,,,,Water]Hatterene||TwistedSpoon|MagicBounce|TrickRoom,ExpandingForce,Protect,DazzlingGleam|||F|||50|,,,,,Psychic
|showteam|p2|Incineroar||SafetyGoggles|Intimidate|FlareBlitz,KnockOff,PartingShot,FakeOut|||M|||50|,,,,,Ghost]Amoonguss||RockyHelmet|Regenerator|Protect,PollenPuff,RagePowder,Spore|||M|||50|,,,,,Fairy]Sneasler||WhiteHerb|Unburden|DireClaw,CloseCombat,ThroatChop,Protect|||M|||50|,,,,,Dark]Gholdengo||LifeOrb|GoodasGold|Protect,NastyPlot,MakeItRain,ShadowBall||||||50|,,,,,Water]Porygon2||Eviolite|Download|TeraBlast,IceBeam,Recover,TrickRoom||||||50|,,,,,Fighting]Ursaluna||FlameOrb|Guts|Protect,Facade,HeadlongRush,Substitute|||F|||50|,,,,,Ghost
|
|t:|1757792764
|teamsize|p1|4
|teamsize|p2|4
|start
|switch|p1a: Incineroar|Incineroar, L50, F|100/100
|switch|p1b: Tyranitar|Tyranitar, L50, M|100/100
|switch|p2a: Incineroar|Incineroar, L50, M, shiny|100/100
|switch|p2b: Gholdengo|Gholdengo, L50|100/100
|-weather|Sandstorm|[from] ability: Sand Stream|[of] p1b: Tyranitar
|-ability|p2a: Incineroar|Intimidate|boost
|-unboost|p1a: Incineroar|atk|1
|-fail|p1b: Tyranitar|unboost|[from] item: Clear Amulet|[of] p1b: Tyranitar
|-ability|p1a: Incineroar|Intimidate|boost
|-unboost|p2a: Incineroar|atk|1
|-unboost|p2b: Gholdengo|atk|1
|turn|1
|
|t:|1757792807
|-terastallize|p1b: Tyranitar|Flying
|move|p2b: Gholdengo|Protect|p2b: Gholdengo
|-singleturn|p2b: Gholdengo|Protect
|move|p1b: Tyranitar|Rock Slide|p2a: Incineroar|[spread] p2a
|-activate|p2b: Gholdengo|move: Protect
|-supereffective|p2a: Incineroar
|-damage|p2a: Incineroar|46/100
|move|p2a: Incineroar|Knock Off|p1b: Tyranitar
|-damage|p1b: Tyranitar|78/100
|-enditem|p1b: Tyranitar|Clear Amulet|[from] move: Knock Off|[of] p2a: Incineroar
|move|p1a: Incineroar|Flare Blitz|p2b: Gholdengo
|-activate|p2b: Gholdengo|move: Protect
|
|-weather|Sandstorm|[upkeep]
|-damage|p1b: Tyranitar|72/100|[from] Sandstorm
|-damage|p1a: Incineroar|95/100|[from] Sandstorm
|upkeep
|turn|2
|
|t:|1757792851
|switch|p2a: Amoonguss|Amoonguss, L50, M, shiny|100/100
|-terastallize|p2b: Gholdengo|Water
|move|p2b: Gholdengo|Nasty Plot|p2b: Gholdengo
|-boost|p2b: Gholdengo|spa|2
|move|p1b: Tyranitar|Rock Slide|p2b: Gholdengo|[spread] p2a,p2b
|-damage|p2a: Amoonguss|72/100
|-damage|p2b: Gholdengo|67/100
|move|p1a: Incineroar|Knock Off|p2b: Gholdengo
|-damage|p2b: Gholdengo|40/100
|-enditem|p2b: Gholdengo|Life Orb|[from] move: Knock Off|[of] p1a: Incineroar
|
|-weather|Sandstorm|[upkeep]
|-damage|p2b: Gholdengo|34/100|[from] Sandstorm
|-damage|p1b: Tyranitar|65/100|[from] Sandstorm
|-damage|p1a: Incineroar|89/100|[from] Sandstorm
|-damage|p2a: Amoonguss|66/100|[from] Sandstorm
|upkeep
|turn|3
|
|t:|1757792890
|switch|p2a: Incineroar|Incineroar, L50, M, shiny|46/100
|-ability|p2a: Incineroar|Intimidate|boost
|-unboost|p1a: Incineroar|atk|1
|-unboost|p1b: Tyranitar|atk|1
|move|p2b: Gholdengo|Shadow Ball|p1b: Tyranitar
|-damage|p1b: Tyranitar|0 fnt
|faint|p1b: Tyranitar
|move|p1a: Incineroar|Knock Off|p2a: Incineroar
|-resisted|p2a: Incineroar
|-damage|p2a: Incineroar|38/100
|-enditem|p2a: Incineroar|Safety Goggles|[from] move: Knock Off|[of] p1a: Incineroar
|
|-weather|Sandstorm|[upkeep]
|-damage|p2b: Gholdengo|28/100|[from] Sandstorm
|-damage|p2a: Incineroar|32/100|[from] Sandstorm
|-damage|p1a: Incineroar|83/100|[from] Sandstorm
|upkeep
|
|t:|1757792904
|switch|p1b: Excadrill|Excadrill, L50, F|100/100
|turn|4
|
|t:|1757792918
|move|p1b: Excadrill|Protect|p1b: Excadrill
|-singleturn|p1b: Excadrill|Protect
|move|p2a: Incineroar|Fake Out|p1b: Excadrill
|-activate|p1b: Excadrill|move: Protect
|move|p2b: Gholdengo|Make It Rain|p1b: Excadrill|[spread] p1a
|-activate|p1b: Excadrill|move: Protect
|-resisted|p1a: Incineroar
|-damage|p1a: Incineroar|46/100
|-unboost|p2b: Gholdengo|spa|1
|-enditem|p1a: Incineroar|Sitrus Berry|[eat]
|-heal|p1a: Incineroar|70/100|[from] item: Sitrus Berry
|move|p1a: Incineroar|Flare Blitz|p2b: Gholdengo
|-resisted|p2b: Gholdengo
|-damage|p2b: Gholdengo|16/100
|-damage|p1a: Incineroar|67/100|[from] Recoil
|
|-weather|Sandstorm|[upkeep]
|-damage|p2b: Gholdengo|9/100|[from] Sandstorm
|-damage|p2a: Incineroar|26/100|[from] Sandstorm
|-damage|p1a: Incineroar|61/100|[from] Sandstorm
|upkeep
|turn|5
|
|t:|1757792940
|switch|p2b: Amoonguss|Amoonguss, L50, M, shiny|99/100
|switch|p1a: Dragonite|Dragonite, L50, F|100/100
|move|p1b: Excadrill|Earthquake|p2b: Amoonguss|[spread] p2a,p2b
|-immune|p1a: Dragonite
|-supereffective|p2a: Incineroar
|-damage|p2a: Incineroar|0 fnt
|-damage|p2b: Amoonguss|63/100
|faint|p2a: Incineroar
|
|-weather|none
|upkeep
|
|t:|1757792958
|switch|p2a: Sneasler|Sneasler, L50, M|100/100
|turn|6
|
|t:|1757792973
|move|p1b: Excadrill|Protect|p1b: Excadrill
|-singleturn|p1b: Excadrill|Protect
|move|p1a: Dragonite|Protect|p1a: Dragonite
|-singleturn|p1a: Dragonite|Protect
|move|p2a: Sneasler|Dire Claw|p1a: Dragonite
|-activate|p1a: Dragonite|move: Protect
|move|p2b: Amoonguss|Spore|p1b: Excadrill
|-activate|p1b: Excadrill|move: Protect
|
|upkeep
|turn|7
|
|t:|1757792997
|move|p2b: Amoonguss|Protect|p2b: Amoonguss
|-singleturn|p2b: Amoonguss|Protect
|move|p2a: Sneasler|Close Combat|p1b: Excadrill
|-supereffective|p1b: Excadrill
|-enditem|p1b: Excadrill|Focus Sash
|-damage|p1b: Excadrill|1/100
|-unboost|p2a: Sneasler|def|1
|-unboost|p2a: Sneasler|spd|1
|-enditem|p2a: Sneasler|White Herb
|-clearnegativeboost|p2a: Sneasler|[silent]
|move|p1b: Excadrill|Earthquake|p2a: Sneasler|[spread] p2a
|-activate|p2b: Amoonguss|move: Protect
|-immune|p1a: Dragonite
|-supereffective|p2a: Sneasler
|-damage|p2a: Sneasler|0 fnt
|faint|p2a: Sneasler
|move|p1a: Dragonite|Ice Spinner|p2b: Amoonguss
|-activate|p2b: Amoonguss|move: Protect
|
|upkeep
|
|t:|1757793013
|switch|p2a: Gholdengo|Gholdengo, L50, tera:Water|9/100
|turn|8
|
|t:|1757793045
|move|p1a: Dragonite|Protect|p1a: Dragonite
|-singleturn|p1a: Dragonite|Protect
|move|p2a: Gholdengo|Make It Rain|p1a: Dragonite|[spread] p1b
|-activate|p1a: Dragonite|move: Protect
|-resisted|p1b: Excadrill
|-damage|p1b: Excadrill|0 fnt
|-unboost|p2a: Gholdengo|spa|1
|faint|p1b: Excadrill
|move|p2b: Amoonguss|Pollen Puff|p2a: Gholdengo
|-heal|p2a: Gholdengo|59/100
|
|upkeep
|
|t:|1757793057
|switch|p1b: Incineroar|Incineroar, L50, F|61/100
|-ability|p1b: Incineroar|Intimidate|boost
|-unboost|p2a: Gholdengo|atk|1
|-unboost|p2b: Amoonguss|atk|1
|turn|9
|
|t:|1757793072
|move|p2a: Gholdengo|Protect|p2a: Gholdengo
|-singleturn|p2a: Gholdengo|Protect
|move|p2b: Amoonguss|Protect|p2b: Amoonguss
|-singleturn|p2b: Amoonguss|Protect
|move|p1a: Dragonite|Ice Spinner|p2b: Amoonguss
|-activate|p2b: Amoonguss|move: Protect
|move|p1b: Incineroar|Flare Blitz|p2b: Amoonguss
|-activate|p2b: Amoonguss|move: Protect
|
|upkeep
|turn|10
|
|t:|1757793091
|move|p2a: Gholdengo|Shadow Ball|p1a: Dragonite
|-damage|p1a: Dragonite|71/100
|move|p1a: Dragonite|Ice Spinner|p2b: Amoonguss
|-supereffective|p2b: Amoonguss
|-damage|p2b: Amoonguss|14/100
|-damage|p1a: Dragonite|55/100|[from] item: Rocky Helmet|[of] p2b: Amoonguss
|move|p1b: Incineroar|Flare Blitz|p2b: Amoonguss
|-supereffective|p2b: Amoonguss
|-damage|p2b: Amoonguss|0 fnt
|-damage|p1b: Incineroar|45/100|[from] item: Rocky Helmet|[of] p2b: Amoonguss
|faint|p2b: Amoonguss
|-damage|p1b: Incineroar|40/100|[from] Recoil
|
|upkeep
|turn|11
|
|t:|1757793109
|move|p2a: Gholdengo|Nasty Plot|p2a: Gholdengo
|-boost|p2a: Gholdengo|spa|2
|move|p1a: Dragonite|Scale Shot|p2a: Gholdengo
|-damage|p2a: Gholdengo|44/100
|-damage|p2a: Gholdengo|28/100
|-damage|p2a: Gholdengo|12/100
|-damage|p2a: Gholdengo|0 fnt
|faint|p2a: Gholdengo
|-hitcount|p2: Gholdengo|4
|
|win|FLINTT1
||Panexeri is ready for game 2.
|inactive|FLINTT1 has 30 seconds to confirm battle start!
||FLINTT1 is ready for game 2.
|uhtml|next|Next: Game 2 of 3
