|j|☆MiamiButcher
|j|☆TheThunderstorm
|html|MiamiButcherTheThunderstorm    
|uhtml|bestof|Game 1 of a best-of-3
|t:|1785871267
|gametype|doubles
|player|p1|MiamiButcher|giovanni|1120
|player|p2|TheThunderstorm|2|1063
|gen|9
|tier|[Gen 9 Champions] VGC 2026 Reg M-B (Bo3)
|rated|
|rule|Species Clause: Limit one of each Pokémon
|rule|Item Clause: Limit 1 of each item
|clearpoke
|poke|p1|Tyranitar, L50, M|
|poke|p1|Farigiraf, L50, F|
|poke|p1|Kingambit, L50, M|
|poke|p1|Excadrill, L50, F|
|poke|p1|Maushold-Four, L50|
|poke|p1|Crabominable, L50, F|
|poke|p2|Kingambit, L50, M|
|poke|p2|Garchomp, L50, F|
|poke|p2|Aerodactyl, L50, F|
|poke|p2|Farigiraf, L50, M|
|poke|p2|Charizard, L50, F|
|poke|p2|Sylveon, L50, F|
|teampreview|4
|showteam|p1|Tyranitar||Tyranitarite|SandStream|Curse,Crunch,Protect,RockSlide|Adamant||M|||50|]Farigiraf||SitrusBerry|ArmorTail|Protect,TrickRoom,Psychic,NastyPlot|Sassy||F|||50|]Kingambit||BlackGlasses|Defiant|Protect,KowtowCleave,IronHead,LowKick|Adamant||M|||50|]Excadrill||FocusSash|SandForce|Earthquake,RockSlide,IronHead,Protect|Adamant||F|||50|]Maushold-Four||WideLens|Technician|Protect,PopulationBomb,BeatUp,FollowMe|Jolly|||||50|]Crabominable||Crabominite|HyperCutter|DrainPunch,BulkUp,IcePunch,Protect|Adamant||F|||50|
|showteam|p2|Kingambit||FocusSash|Defiant|KowtowCleave,SuckerPunch,IronHead,Protect|Adamant||M|||50|]Garchomp||LifeOrb|RoughSkin|Earthquake,StompingTantrum,DragonClaw,Protect|Jolly||F|||50|]Aerodactyl||Aerodactylite|Unnerve|IceFang,Tailwind,RockSlide,DualWingbeat|Jolly||F|||50|]Farigiraf||SitrusBerry|ArmorTail|Thunderbolt,Psychic,TrickRoom,Protect|Bold||M|||50|]Charizard||CharizarditeY|Blaze|SolarBeam,HeatWave,WeatherBall,Protect|Modest||F|||50|]Sylveon||FairyFeather|Pixilate|HyperVoice,HyperBeam,QuickAttack,Protect|Modest||F|||50|
|inactive|Battle timer is ON: inactive players will automatically lose when time's up. (requested by MiamiButcher)
|inactive|MiamiButcher has 60 seconds left.
|inactive|TheThunderstorm has 60 seconds left.
|inactive|TheThunderstorm has 30 seconds left.
|inactive|TheThunderstorm has 20 seconds left.
|inactive|TheThunderstorm has 15 seconds left.
|inactive|TheThunderstorm has 10 seconds left.
|
|t:|1785871351
|teamsize|p1|4
|teamsize|p2|4
|start
|switch|p1a: Farigiraf|Farigiraf, L50, F|100/100
|switch|p1b: Crabominable|Crabominable, L50, F|100/100
|switch|p2a: Farigiraf|Farigiraf, L50, M|100/100
|switch|p2b: Garchomp|Garchomp, L50, F|100/100
|turn|1
|inactive|TheThunderstorm has 30 seconds left.
|inactive|TheThunderstorm has 20 seconds left.
|inactive|TheThunderstorm has 15 seconds left.
|inactive|TheThunderstorm has 10 seconds left.
|inactive|TheThunderstorm has 5 seconds left.
|
|t:|1785871406
|detailschange|p1b: Crabominable|Crabominable-Mega, L50, F
|-mega|p1b: Crabominable|Crabominable|Crabominite
|move|p2b: Garchomp|Earthquake|p1a: Farigiraf|[spread] p2a,p1a,p1b
|-damage|p2a: Farigiraf|61/100
|-damage|p1a: Farigiraf|51/100
|-damage|p1b: Crabominable|65/100
|-damage|p2b: Garchomp|90/100|[from] item: Life Orb
|move|p2a: Farigiraf|Thunderbolt|p1a: Farigiraf
|-damage|p1a: Farigiraf|35/100
|-enditem|p1a: Farigiraf|Sitrus Berry|[eat]
|-heal|p1a: Farigiraf|60/100|[from] item: Sitrus Berry
|move|p1a: Farigiraf|Nasty Plot|p1a: Farigiraf
|-boost|p1a: Farigiraf|spa|2
|move|p1b: Crabominable|Ice Punch|p2b: Garchomp
|-supereffective|p2b: Garchomp|2
|-damage|p2b: Garchomp|0 fnt
|-damage|p1b: Crabominable|52/100|[from] ability: Rough Skin|[of] p2b: Garchomp
|faint|p2b: Garchomp
|
|upkeep
|
|t:|1785871423
|switch|p2b: Charizard|Charizard, L50, F|100/100
|turn|2
|
|t:|1785871434
|detailschange|p2b: Charizard|Charizard-Mega-Y, L50, F
|-mega|p2b: Charizard|Charizard|Charizardite Y
|-weather|SunnyDay|[from] ability: Drought|[of] p2b: Charizard
|move|p1b: Crabominable|Protect|p1b: Crabominable
|-singleturn|p1b: Crabominable|Protect
|move|p2b: Charizard|Heat Wave|p1b: Crabominable|[spread] p1a
|-activate|p1b: Crabominable|move: Protect
|-damage|p1a: Farigiraf|17/100
|move|p2a: Farigiraf|Psychic|p1a: Farigiraf
|-resisted|p1a: Farigiraf|1
|-damage|p1a: Farigiraf|4/100
|move|p1a: Farigiraf|Psychic|p2b: Charizard
|-damage|p2b: Charizard|42/100
|
|-weather|SunnyDay|[upkeep]
|upkeep
|turn|3
|
|t:|1785871454
|switch|p2a: Sylveon|Sylveon, L50, F|100/100
|switch|p1b: Godzilla|Tyranitar, L50, M|100/100
|-weather|Sandstorm|[from] ability: Sand Stream|[of] p1b: Godzilla
|move|p2b: Charizard|Heat Wave|p1a: Farigiraf|[spread] p1a,p1b
|-crit|p1a: Farigiraf
|-resisted|p1b: Godzilla|1
|-damage|p1a: Farigiraf|0 fnt
|-damage|p1b: Godzilla|87/100
|faint|p1a: Farigiraf
|
|-weather|Sandstorm|[upkeep]
|-damage|p2b: Charizard|36/100|[from] Sandstorm
|-damage|p2a: Sylveon|94/100|[from] Sandstorm
|upkeep
|
|t:|1785871462
|switch|p1a: Kingambit|Kingambit, L50, M|100/100
|turn|4
|
|t:|1785871479
|switch|p2b: Farigiraf|Farigiraf, L50, M|61/100
|move|p1b: Godzilla|Rock Slide|p2a: Sylveon|[spread] p2a,p2b
|-damage|p2a: Sylveon|59/100
|-damage|p2b: Farigiraf|32/100
|-enditem|p2b: Farigiraf|Sitrus Berry|[eat]
|-heal|p2b: Farigiraf|57/100|[from] item: Sitrus Berry
|move|p2a: Sylveon|Hyper Voice|p1b: Godzilla|[spread] p1a,p1b
|-supereffective|p1b: Godzilla|1
|-damage|p1a: Kingambit|53/100
|-damage|p1b: Godzilla|18/100
|move|p1a: Kingambit|Iron Head|p2a: Sylveon
|-supereffective|p2a: Sylveon|1
|-damage|p2a: Sylveon|0 fnt
|faint|p2a: Sylveon
|
|-weather|Sandstorm|[upkeep]
|-damage|p2b: Farigiraf|51/100|[from] Sandstorm
|upkeep
|
|t:|1785871498
|switch|p2a: Charizard|Charizard-Mega-Y, L50, F|36/100
|-weather|SunnyDay|[from] ability: Drought|[of] p2a: Charizard
|turn|5
|
|t:|1785871519
|move|p1b: Godzilla|Protect|p1b: Godzilla
|-singleturn|p1b: Godzilla|Protect
|move|p1a: Kingambit|Protect|p1a: Kingambit
|-singleturn|p1a: Kingambit|Protect
|move|p2a: Charizard|Heat Wave|p1b: Godzilla|[spread] 
|-activate|p1a: Kingambit|move: Protect
|-activate|p1b: Godzilla|move: Protect
|move|p2b: Farigiraf|Thunderbolt|p1b: Godzilla
|-activate|p1b: Godzilla|move: Protect
|
|-weather|SunnyDay|[upkeep]
|upkeep
|turn|6
|
|t:|1785871533
|move|p2a: Charizard|Heat Wave|p1b: Godzilla|[spread] p1a,p1b
|-supereffective|p1a: Kingambit|1
|-resisted|p1b: Godzilla|1
|-damage|p1a: Kingambit|0 fnt
|-damage|p1b: Godzilla|0 fnt
|faint|p1a: Kingambit
|faint|p1b: Godzilla
|move|p2b: Farigiraf|Psychic|p1: Kingambit|[notarget]
|-fail|p2b: Farigiraf
|
|-weather|SunnyDay|[upkeep]
|upkeep
|
|t:|1785871537
|switch|p1b: Crabominable|Crabominable-Mega, L50, F|52/100
|turn|7
|-message|MiamiButcher forfeited.
|
|win|TheThunderstorm
|l|☆MiamiButcher
|player|p1|
||MiamiButcher is ready for game 2.
|inactive|TheThunderstorm has 30 seconds to confirm battle start!
|inactive|TheThunderstorm has 20 seconds to confirm battle start!
||TheThunderstorm is ready for game 2.
|uhtml|next|Next: Game 2 of 3
