|j|☆merrypasta
|j|☆Jasondddd
|html|merrypastaJasondddd    
|uhtml|bestof|Game 2 of a best-of-3
|t:|1755492456
|gametype|doubles
|player|p1|merrypasta|carmine|1130
|player|p2|Jasondddd|265|1232
|gen|9
|tier|[Gen 9] VGC 2025 Reg H (Bo3)
|rated|
|rule|Species Clause: Limit one of each Pokémon
|rule|Item Clause: Limit 1 of each item
|clearpoke
|poke|p1|Sylveon, L50, M|
|poke|p1|Torkoal, L50, M|
|poke|p1|Amoonguss, L50, F|
|poke|p1|Indeedee-F, L50, F|
|poke|p1|Hatterene, L50, F|
|poke|p1|Sneasler, L50, M|
|poke|p2|Rillaboom, L50, M|
|poke|p2|Incineroar, L50, F|
|poke|p2|Whimsicott, L50, M|
|poke|p2|Dragonite, L50, M|
|poke|p2|Gholdengo, L50|
|poke|p2|Electabuzz, L50, M|
|teampreview|4
|showteam|p1|Sylveon||ChoiceSpecs|Pixilate|HyperVoice,TeraBlast,Psychic,HyperBeam|||M|||50|,,,,,Fire]Torkoal||EjectPack|Drought|Overheat,Eruption,Protect,EarthPower|||M|||50|,,,,,Ghost]Amoonguss||SitrusBerry|Regenerator|PollenPuff,RagePowder,Protect,Spore|||F|||50|,,,,,Water]Indeedee-F||SafetyGoggles|PsychicSurge|Psychic,FollowMe,HelpingHand,TrickRoom|||F|||50|,,,,,Fairy]Hatterene||LifeOrb|MagicBounce|ExpandingForce,DazzlingGleam,MysticalFire,TrickRoom|||F|||50|,,,,,Fire]Sneasler||PsychicSeed|Unburden|DireClaw,CloseCombat,Protect,ThroatChop|||M|||50|,,,,,Dark
|showteam|p2|Rillaboom||AssaultVest|GrassySurge|FakeOut,GrassyGlide,WoodHammer,Uturn|||M|||50|,,,,,Fire]Incineroar||SitrusBerry|Intimidate|FakeOut,FlareBlitz,KnockOff,PartingShot|||F|||50|,,,,,Water]Whimsicott||FocusSash|Prankster|Protect,Tailwind,Encore,Moonblast|||M|||50|,,,,,Ghost]Dragonite||LifeOrb|InnerFocus|Protect,DragonClaw,LowKick,ExtremeSpeed|||M|||50|,,,,,Normal]Gholdengo||CovertCloak|GoodasGold|Protect,ShadowBall,MakeItRain,NastyPlot||||||50|,,,,,Dragon]Electabuzz||Eviolite|VitalSpirit|Protect,Electroweb,Taunt,FollowMe|||M|||50|,,,,,Dragon
|
|t:|1755492495
|teamsize|p1|4
|teamsize|p2|4
|start
|switch|p1a: Indeedee|Indeedee-F, L50, F|100/100
|switch|p1b: Hatterene|Hatterene, L50, F|100/100
|switch|p2a: Gholdengo|Gholdengo, L50|100/100
|switch|p2b: Incineroar|Incineroar, L50, F|100/100
|-fieldstart|move: Psychic Terrain|[from] ability: Psychic Surge|[of] p1a: Indeedee
|-ability|p2b: Incineroar|Intimidate|boost
|-unboost|p1a: Indeedee|atk|1
|-unboost|p1b: Hatterene|atk|1
|turn|1
|
|t:|1755492519
|-terastallize|p1b: Hatterene|Fire
|move|p1a: Indeedee|Follow Me|p1a: Indeedee
|-singleturn|p1a: Indeedee|move: Follow Me
|move|p2a: Gholdengo|Make It Rain|p1a: Indeedee|[spread] p1a,p1b
|-resisted|p1b: Hatterene
|-damage|p1a: Indeedee|60/100
|-damage|p1b: Hatterene|79/100
|-unboost|p2a: Gholdengo|spa|1
|move|p2b: Incineroar|Knock Off|p1a: Indeedee
|-supereffective|p1a: Indeedee
|-damage|p1a: Indeedee|0 fnt
|-enditem|p1a: Indeedee|Safety Goggles|[from] move: Knock Off|[of] p2b: Incineroar
|faint|p1a: Indeedee
|move|p1b: Hatterene|Trick Room|p1b: Hatterene
|-fieldstart|move: Trick Room|[of] p1b: Hatterene
|
|upkeep
|
|t:|1755492529
|switch|p1a: Torkoal|Torkoal, L50, M|100/100
|-weather|SunnyDay|[from] ability: Drought|[of] p1a: Torkoal
|turn|2
|
|t:|1755492543
|move|p2a: Gholdengo|Protect|p2a: Gholdengo
|-singleturn|p2a: Gholdengo|Protect
|move|p1a: Torkoal|Eruption|p2b: Incineroar|[spread] p2b
|-activate|p2a: Gholdengo|move: Protect
|-resisted|p2b: Incineroar
|-damage|p2b: Incineroar|65/100
|move|p1b: Hatterene|Dazzling Gleam|p2b: Incineroar|[spread] p2b
|-activate|p2a: Gholdengo|move: Protect
|-damage|p2b: Incineroar|20/100
|-enditem|p2b: Incineroar|Sitrus Berry|[eat]
|-heal|p2b: Incineroar|45/100|[from] item: Sitrus Berry
|-damage|p1b: Hatterene|69/100|[from] item: Life Orb
|move|p2b: Incineroar|Parting Shot|p1a: Torkoal
|-unboost|p1a: Torkoal|atk|1
|-unboost|p1a: Torkoal|spa|1
|
|t:|1755492559
|switch|p2b: Rillaboom|Rillaboom, L50, M|100/100|[from] Parting Shot
|-fieldstart|move: Grassy Terrain|[from] ability: Grassy Surge|[of] p2b: Rillaboom
|
|-weather|SunnyDay|[upkeep]
|-heal|p1b: Hatterene|75/100|[from] Grassy Terrain
|upkeep
|turn|3
|
|t:|1755492593
|-terastallize|p2a: Gholdengo|Dragon
|move|p2b: Rillaboom|Fake Out|p1b: Hatterene
|-damage|p1b: Hatterene|59/100
|move|p1a: Torkoal|Eruption|p2b: Rillaboom|[spread] p2a,p2b
|-resisted|p2a: Gholdengo
|-supereffective|p2b: Rillaboom
|-damage|p2a: Gholdengo|76/100
|-damage|p2b: Rillaboom|31/100
|cant|p1b: Hatterene|flinch
|move|p2a: Gholdengo|Shadow Ball|p1a: Torkoal
|-damage|p1a: Torkoal|66/100
|
|-weather|SunnyDay|[upkeep]
|-heal|p1a: Torkoal|72/100|[from] Grassy Terrain
|-heal|p1b: Hatterene|65/100|[from] Grassy Terrain
|-heal|p2b: Rillaboom|37/100|[from] Grassy Terrain
|-heal|p2a: Gholdengo|82/100|[from] Grassy Terrain
|upkeep
|turn|4
|
|t:|1755492628
|move|p2a: Gholdengo|Protect|p2a: Gholdengo
|-singleturn|p2a: Gholdengo|Protect
|move|p2b: Rillaboom|Grassy Glide|p1a: Torkoal
|-resisted|p1a: Torkoal
|-damage|p1a: Torkoal|58/100
|move|p1a: Torkoal|Eruption|p2b: Rillaboom|[spread] p2b
|-activate|p2a: Gholdengo|move: Protect
|-supereffective|p2b: Rillaboom
|-damage|p2b: Rillaboom|0 fnt
|faint|p2b: Rillaboom
|move|p1b: Hatterene|Dazzling Gleam|p2a: Gholdengo
|-activate|p2a: Gholdengo|move: Protect
|
|-weather|SunnyDay|[upkeep]
|-heal|p1a: Torkoal|64/100|[from] Grassy Terrain
|-heal|p1b: Hatterene|71/100|[from] Grassy Terrain
|-heal|p2a: Gholdengo|89/100|[from] Grassy Terrain
|upkeep
|
|t:|1755492645
|switch|p2b: Incineroar|Incineroar, L50, F|45/100
|-ability|p2b: Incineroar|Intimidate|boost
|-unboost|p1a: Torkoal|atk|1
|-unboost|p1b: Hatterene|atk|1
|-enditem|p1a: Torkoal|Eject Pack
|
|t:|1755492651
|switch|p1a: Sylveon|Sylveon, L50, M|100/100
|turn|5
|
|t:|1755492678
|switch|p2a: Dragonite|Dragonite, L50, M|100/100
|move|p2b: Incineroar|Fake Out|p1a: Sylveon
|-damage|p1a: Sylveon|84/100
|move|p1b: Hatterene|Dazzling Gleam|p2b: Incineroar|[spread] p2a,p2b
|-supereffective|p2a: Dragonite
|-damage|p2a: Dragonite|13/100
|-damage|p2b: Incineroar|6/100
|-damage|p1b: Hatterene|61/100|[from] item: Life Orb
|cant|p1a: Sylveon|flinch
|
|-weather|SunnyDay|[upkeep]
|-heal|p1b: Hatterene|68/100|[from] Grassy Terrain
|-heal|p1a: Sylveon|90/100|[from] Grassy Terrain
|-heal|p2b: Incineroar|12/100|[from] Grassy Terrain
|-fieldend|move: Trick Room
|upkeep
|turn|6
|
|t:|1755492707
|move|p2a: Dragonite|Dragon Claw|p1b: Hatterene
|-damage|p1b: Hatterene|0 fnt
|faint|p1b: Hatterene
|-damage|p2a: Dragonite|4/100|[from] item: Life Orb
|move|p2b: Incineroar|Knock Off|p1a: Sylveon
|-resisted|p1a: Sylveon
|-damage|p1a: Sylveon|61/100
|-enditem|p1a: Sylveon|Choice Specs|[from] move: Knock Off|[of] p2b: Incineroar
|move|p1a: Sylveon|Hyper Voice|p2a: Dragonite|[spread] p2a,p2b
|-supereffective|p2a: Dragonite
|-damage|p2a: Dragonite|0 fnt
|-damage|p2b: Incineroar|0 fnt
|faint|p2a: Dragonite
|faint|p2b: Incineroar
|
|-weather|none
|-heal|p1a: Sylveon|67/100|[from] Grassy Terrain
|-fieldend|move: Grassy Terrain
|upkeep
|
|t:|1755492726
|switch|p2b: Gholdengo|Gholdengo, L50, tera:Dragon|89/100
|switch|p1b: Torkoal|Torkoal, L50, M|64/100
|-weather|SunnyDay|[from] ability: Drought|[of] p1b: Torkoal
|turn|7
|
|t:|1755492741
|move|p2b: Gholdengo|Make It Rain|p1a: Sylveon|[spread] p1a,p1b
|-supereffective|p1a: Sylveon
|-resisted|p1b: Torkoal
|-damage|p1a: Sylveon|5/100
|-damage|p1b: Torkoal|32/100
|-unboost|p2b: Gholdengo|spa|1
|move|p1a: Sylveon|Hyper Beam|p2b: Gholdengo
|-supereffective|p2b: Gholdengo
|-damage|p2b: Gholdengo|0 fnt
|-mustrecharge|p1a: Sylveon
|faint|p2b: Gholdengo
|
|win|merrypasta
|raw|merrypasta's rating: 1130 → 1162(+32 for winning)
|raw|Jasondddd's rating: 1232 → 1200(-32 for losing)
|l|☆merrypasta
|player|p1|
