|j|☆chupete goat
|j|☆Kampfstube
|html|chupete goatKampfstube    
|uhtml|bestof|Game 2 of a best-of-3
|t:|1756629831
|gametype|doubles
|player|p1|chupete goat|steven|1102
|player|p2|Kampfstube|n|1171
|gen|9
|tier|[Gen 9] VGC 2025 Reg H (Bo3)
|rated|
|rule|Species Clause: Limit one of each Pokémon
|rule|Item Clause: Limit 1 of each item
|clearpoke
|poke|p1|Grimmsnarl, L50, M|
|poke|p1|Archaludon, L50, M|
|poke|p1|Sinistcha, L50|
|poke|p1|Pelipper, L50, F|
|poke|p1|Maushold, L50|
|poke|p1|Annihilape, L50, F|
|poke|p2|Grimmsnarl, L50, M|
|poke|p2|Volcarona, L50, F|
|poke|p2|Annihilape, L50, M|
|poke|p2|Ursaluna-Bloodmoon, L50, M|
|poke|p2|Dragonite, L50, F|
|poke|p2|Maushold, L50|
|teampreview|4
|showteam|p1|Grimmsnarl||LightClay|Prankster|SpiritBreak,ThunderWave,Reflect,LightScreen|||M|||50|,,,,,Ghost]Archaludon||AssaultVest|Stamina|ElectroShot,FlashCannon,BodyPress,Snarl|||M|||50|,,,,,Grass]Sinistcha||SitrusBerry|Hospitality|MatchaGotcha,LifeDew,RagePowder,TrickRoom||||||50|,,,,,Dark]Pelipper||FocusSash|Drizzle|Hurricane,WeatherBall,Tailwind,Protect|||F|||50|,,,,,Ghost]Maushold||SafetyGoggles|FriendGuard|BeatUp,Taunt,FollowMe,Protect||||||50|,,,,,Ghost]Annihilape||Leftovers|Defiant|DrainPunch,RageFist,BulkUp,Protect|||F|||50|,,,,,Water
|showteam|p2|Grimmsnarl||CovertCloak|Prankster|SpiritBreak,LightScreen,Reflect,ThunderWave|||M|||50|,,,,,Steel]Volcarona||Leftovers|FlameBody|GigaDrain,QuiverDance,HeatWave,Protect|||F|||50|,,,,,Grass]Annihilape||SafetyGoggles|Defiant|BulkUp,DrainPunch,Protect,RageFist|||M|||50|,,,,,Fire]Ursaluna-Bloodmoon||AssaultVest|MindsEye|EarthPower,BloodMoon,HyperVoice,VacuumWave|||M|||50|,,,,,Water]Dragonite||LoadedDice|Multiscale|ScaleShot,ExtremeSpeed,Protect,Haze|||F|||50|,,,,,Fairy]Maushold||WideLens|FriendGuard|PopulationBomb,BeatUp,Taunt,FollowMe||||||50|,,,,,Ghost
|inactive|Battle timer is ON: inactive players will automatically lose when time's up. (requested by Kampfstube)
|
|t:|1756629845
|teamsize|p1|4
|teamsize|p2|4
|start
|switch|p1a: Grimmsnarl|Grimmsnarl, L50, M|100/100
|switch|p1b: Annihilape|Annihilape, L50, F|100/100
|switch|p2a: Grimmsnarl|Grimmsnarl, L50, M|100/100
|switch|p2b: Maushold|Maushold, L50|100/100
|turn|1
|
|t:|1756629862
|move|p2a: Grimmsnarl|Thunder Wave|p1b: Annihilape
|-status|p1b: Annihilape|par
|move|p1a: Grimmsnarl|Reflect|p1a: Grimmsnarl
|-sidestart|p1: chupete goat|Reflect
|move|p2b: Maushold|Taunt|p1b: Annihilape
|-start|p1b: Annihilape|move: Taunt
|cant|p1b: Annihilape|move: Taunt|Bulk Up
|
|upkeep
|turn|2
|
|t:|1756629876
|switch|p2b: Annihilape|Annihilape, L50, M|100/100
|move|p2a: Grimmsnarl|Reflect|p2a: Grimmsnarl
|-sidestart|p2: Kampfstube|Reflect
|move|p1a: Grimmsnarl|Thunder Wave|p2b: Annihilape
|-status|p2b: Annihilape|par
|move|p1b: Annihilape|Drain Punch|p2b: Annihilape
|-immune|p2b: Annihilape
|
|upkeep
|turn|3
|inactive|chupete goat has 30 seconds left.
|
|t:|1756629910
|move|p2a: Grimmsnarl|Spirit Break|p1a: Grimmsnarl
|-supereffective|p1a: Grimmsnarl
|-damage|p1a: Grimmsnarl|57/100
|-unboost|p1a: Grimmsnarl|spa|1
|move|p1a: Grimmsnarl|Spirit Break|p2a: Grimmsnarl
|-supereffective|p2a: Grimmsnarl
|-crit|p2a: Grimmsnarl
|-damage|p2a: Grimmsnarl|5/100
|cant|p1b: Annihilape|par
|move|p2b: Annihilape|Bulk Up|p2b: Annihilape
|-boost|p2b: Annihilape|atk|1
|-boost|p2b: Annihilape|def|1
|
|-end|p1b: Annihilape|move: Taunt
|upkeep
|turn|4
|inactive|chupete goat has 30 seconds left.
|
|t:|1756629937
|move|p2a: Grimmsnarl|Spirit Break|p1a: Grimmsnarl
|-supereffective|p1a: Grimmsnarl
|-crit|p1a: Grimmsnarl
|-damage|p1a: Grimmsnarl|0 fnt
|faint|p1a: Grimmsnarl
|move|p1b: Annihilape|Bulk Up|p1b: Annihilape
|-boost|p1b: Annihilape|atk|1
|-boost|p1b: Annihilape|def|1
|move|p2b: Annihilape|Bulk Up|p2b: Annihilape
|-boost|p2b: Annihilape|atk|1
|-boost|p2b: Annihilape|def|1
|
|upkeep
|
|t:|1756629947
|switch|p1a: Maushold|Maushold, L50|100/100
|turn|5
|inactive|Kampfstube has 30 seconds left.
|
|t:|1756629978
|move|p2a: Grimmsnarl|Thunder Wave|p1a: Maushold
|-status|p1a: Maushold|par
|cant|p1a: Maushold|par
|move|p1b: Annihilape|Bulk Up|p1b: Annihilape
|-boost|p1b: Annihilape|atk|1
|-boost|p1b: Annihilape|def|1
|cant|p2b: Annihilape|par
|
|upkeep
|turn|6
|inactive|chupete goat has 30 seconds left.
|
|t:|1756630005
|move|p1a: Maushold|Taunt|p2b: Annihilape
|-start|p2b: Annihilape|move: Taunt
|move|p2a: Grimmsnarl|Spirit Break|p1a: Maushold
|-damage|p1a: Maushold|73/100 par
|-unboost|p1a: Maushold|spa|1
|move|p1b: Annihilape|Drain Punch|p2a: Grimmsnarl
|-damage|p2a: Grimmsnarl|0 fnt
|faint|p2a: Grimmsnarl
|cant|p2b: Annihilape|par
|
|-sideend|p2: Kampfstube|Reflect
|upkeep
|
|t:|1756630020
|switch|p2a: Maushold|Maushold, L50|100/100
|turn|7
|
|t:|1756630037
|-terastallize|p2a: Maushold|Ghost
|move|p2a: Maushold|Follow Me|p2a: Maushold
|-singleturn|p2a: Maushold|move: Follow Me
|cant|p1a: Maushold|par
|move|p1b: Annihilape|Drain Punch|p2a: Maushold
|-immune|p2a: Maushold
|move|p2b: Annihilape|Drain Punch|p1a: Maushold
|-supereffective|p1a: Maushold
|-damage|p1a: Maushold|0 fnt
|faint|p1a: Maushold
|
|upkeep
|
|t:|1756630045
|switch|p1a: Sinistcha|Sinistcha, L50|100/100
|turn|8
|
|t:|1756630056
|move|p2a: Maushold|Taunt|p1a: Sinistcha
|-start|p1a: Sinistcha|move: Taunt
|move|p1a: Sinistcha|Matcha Gotcha|p2b: Annihilape|[spread] p2b
|-miss|p1a: Sinistcha|p2a: Maushold
|-damage|p2b: Annihilape|87/100 par
|cant|p1b: Annihilape|par
|cant|p2b: Annihilape|par
|
|-end|p2b: Annihilape|move: Taunt
|-sideend|p1: chupete goat|Reflect
|upkeep
|turn|9
|
|t:|1756630077
|move|p2a: Maushold|Beat Up|p2b: Annihilape
|-damage|p2b: Annihilape|86/100 par
|-damage|p2b: Annihilape|84/100 par
|-hitcount|p2b: Annihilape|2
|move|p1a: Sinistcha|Matcha Gotcha|p2b: Annihilape|[spread] p2b
|-miss|p1a: Sinistcha|p2a: Maushold
|-damage|p2b: Annihilape|70/100 par
|move|p1b: Annihilape|Rage Fist|p2a: Maushold
|-supereffective|p2a: Maushold
|-damage|p2a: Maushold|0 fnt
|faint|p2a: Maushold
|cant|p2b: Annihilape|par
|
|upkeep
|
|t:|1756630091
|switch|p2a: Volcarona|Volcarona, L50, F, shiny|100/100
|turn|10
|
|t:|1756630100
|-terastallize|p1b: Annihilape|Water
|move|p2a: Volcarona|Heat Wave|p1b: Annihilape|[spread] p1a
|-miss|p2a: Volcarona|p1b: Annihilape
|-supereffective|p1a: Sinistcha
|-damage|p1a: Sinistcha|45/100
|-enditem|p1a: Sinistcha|Sitrus Berry|[eat]
|-heal|p1a: Sinistcha|70/100|[from] item: Sitrus Berry
|move|p1a: Sinistcha|Matcha Gotcha|p2b: Annihilape|[spread] p2a,p2b
|-resisted|p2a: Volcarona
|-crit|p2b: Annihilape
|-damage|p2a: Volcarona|95/100
|-heal|p1a: Sinistcha|73/100|[from] drain|[of] p2a: Volcarona
|-damage|p2b: Annihilape|45/100 par
|-heal|p1a: Sinistcha|88/100|[from] drain|[of] p2b: Annihilape
|cant|p1b: Annihilape|par
|move|p2b: Annihilape|Rage Fist|p1b: Annihilape
|-damage|p1b: Annihilape|0 fnt
|faint|p1b: Annihilape
|
|-heal|p2a: Volcarona|100/100|[from] item: Leftovers
|-end|p1a: Sinistcha|move: Taunt
|upkeep
|turn|11
|
|t:|1756630124
|move|p2a: Volcarona|Heat Wave|p1a: Sinistcha
|-supereffective|p1a: Sinistcha
|-damage|p1a: Sinistcha|14/100
|move|p1a: Sinistcha|Matcha Gotcha|p2b: Annihilape|[spread] p2a,p2b
|-resisted|p2a: Volcarona
|-damage|p2a: Volcarona|96/100
|-heal|p1a: Sinistcha|17/100|[from] drain|[of] p2a: Volcarona
|-damage|p2b: Annihilape|26/100 par
|-heal|p1a: Sinistcha|29/100|[from] drain|[of] p2b: Annihilape
|move|p2b: Annihilape|Rage Fist|p1a: Sinistcha
|-supereffective|p1a: Sinistcha
|-damage|p1a: Sinistcha|0 fnt
|faint|p1a: Sinistcha
|
|win|Kampfstube
