|j|☆MrManlyMeep
|j|☆worldenddominat0r
|html|MrManlyMeepworldenddominat0r    
|uhtml|bestof|Game 1 of a best-of-3
|t:|1785185300
|gametype|doubles
|player|p1|MrManlyMeep|265|1219
|player|p2|worldenddominat0r|maid-gen6|1231
|gen|9
|tier|[Gen 9 Champions] VGC 2026 Reg M-B (Bo3)
|rated|
|rule|Species Clause: Limit one of each Pokémon
|rule|Item Clause: Limit 1 of each item
|clearpoke
|poke|p1|Clefable, L50, M|
|poke|p1|Tyranitar, L50, F|
|poke|p1|Gholdengo, L50|
|poke|p1|Lucario, L50, F|
|poke|p1|Hydreigon, L50, F|
|poke|p1|Azumarill, L50, F|
|poke|p2|Staraptor, L50, M|
|poke|p2|Maushold-Four, L50|
|poke|p2|Ninetales-Alola, L50, F|
|poke|p2|Delphox, L50, M|
|poke|p2|Basculegion, L50, M|
|poke|p2|Kingambit, L50, F|
|teampreview|4
|showteam|p1|Clefable||Clefablite|Unaware|FollowMe,CalmMind,Moonblast,Protect|Bold||M|||50|]Tyranitar||LumBerry|SandStream|StealthRock,KnockOff,RockSlide,Protect|Careful||F|||50|]Gholdengo||LifeOrb|GoodasGold|NastyPlot,MakeItRain,ShadowBall,Protect|Modest|||||50|]Lucario||Lucarionite|InnerFocus|AuraSphere,VacuumWave,FlashCannon,Protect|Timid||F|||50|]Hydreigon||ChoiceScarf|Levitate|DracoMeteor,DarkPulse,EarthPower,HeatWave|Timid||F|||50|]Azumarill||MysticWater|HugePower|AquaJet,Liquidation,IceSpinner,Protect|Adamant||F|||50|
|showteam|p2|Staraptor||Staraptite|Intimidate|CloseCombat,BraveBird,Protect,Tailwind|Adamant||M|||50|]Maushold-Four||FocusSash|FriendGuard|SuperFang,Protect,FollowMe,Encore|Jolly|||||50|]Ninetales-Alola||NeverMeltIce|SnowWarning|Blizzard,FreezeDry,IcyWind,Protect|Timid||F|||50|]Delphox||Delphoxite|Blaze|HeatWave,Psyshock,Protect,Substitute|Timid||M|||50|]Basculegion||ChoiceScarf|Adaptability|WaveCrash,LastRespects,FlipTurn,AquaJet|Jolly||M|||50|]Kingambit||BlackGlasses|Defiant|KowtowCleave,SuckerPunch,IronHead,Protect|Adamant||F|||50|
|inactive|Battle timer is ON: inactive players will automatically lose when time's up. (requested by worldenddominat0r)
|inactive|worldenddominat0r has 60 seconds left.
|inactive|worldenddominat0r has 30 seconds left.
|inactive|worldenddominat0r has 20 seconds left.
|inactive|worldenddominat0r has 15 seconds left.
|inactive|worldenddominat0r has 10 seconds left.
|inactive|worldenddominat0r has 5 seconds left.
|
|t:|1785185387
|teamsize|p1|4
|teamsize|p2|4
|start
|switch|p1a: Clefable|Clefable, L50, M|100/100
|switch|p1b: Gholdengo|Gholdengo, L50|100/100
|switch|p2a: Maushold|Maushold-Four, L50|100/100
|switch|p2b: Basculegion|Basculegion, L50, M|100/100
|turn|1
|inactive|MrManlyMeep has 30 seconds left.
|inactive|worldenddominat0r has 30 seconds left.
|inactive|worldenddominat0r has 20 seconds left.
|inactive|worldenddominat0r has 15 seconds left.
|inactive|worldenddominat0r has 10 seconds left.
|inactive|worldenddominat0r has 5 seconds left.
|
|t:|1785185442
|move|p2b: Basculegion|Wave Crash|p1b: Gholdengo
|-damage|p1b: Gholdengo|18/100
|-damage|p2b: Basculegion|73/100|[from] Recoil
|move|p2a: Maushold|Super Fang|p1a: Clefable
|-damage|p1a: Clefable|50/100y
|move|p1b: Gholdengo|Make It Rain|p2a: Maushold|[spread] p2a,p2b
|-resisted|p2b: Basculegion|1
|-damage|p2a: Maushold|11/100
|-damage|p2b: Basculegion|45/100
|-unboost|p1b: Gholdengo|spa|2
|-damage|p1b: Gholdengo|8/100|[from] item: Life Orb
|move|p1a: Clefable|Moonblast|p2b: Basculegion
|-damage|p2b: Basculegion|18/100
|
|upkeep
|turn|2
|
|t:|1785185470
|switch|p2b: Kingambit|Kingambit, L50, F|100/100
|move|p2a: Maushold|Protect|p2a: Maushold
|-singleturn|p2a: Maushold|Protect
|move|p1a: Clefable|Follow Me|p1a: Clefable
|-singleturn|p1a: Clefable|move: Follow Me
|move|p1b: Gholdengo|Make It Rain|p2a: Maushold|[spread] p2b
|-activate|p2a: Maushold|move: Protect
|-resisted|p2b: Kingambit|1
|-damage|p2b: Kingambit|86/100
|-unboost|p1b: Gholdengo|spa|2
|-damage|p1b: Gholdengo|0 fnt|[from] item: Life Orb
|faint|p1b: Gholdengo
|
|upkeep
|
|t:|1785185477
|switch|p1b: Lucario|Lucario, L50, F|100/100
|turn|3
|
|t:|1785185494
|detailschange|p1b: Lucario|Lucario-Mega, L50, F
|-mega|p1b: Lucario|Lucario|Lucarionite
|move|p1a: Clefable|Protect|p1a: Clefable
|-singleturn|p1a: Clefable|Protect
|move|p2a: Maushold|Follow Me|p2a: Maushold
|-singleturn|p2a: Maushold|move: Follow Me
|move|p1b: Lucario|Vacuum Wave|p2a: Maushold
|-supereffective|p2a: Maushold|1
|-damage|p2a: Maushold|0 fnt
|faint|p2a: Maushold
|move|p2b: Kingambit|Iron Head|p1a: Clefable
|-activate|p1a: Clefable|move: Protect
|
|upkeep
|
|t:|1785185499
|switch|p2a: Staraptor|Staraptor, L50, M|100/100
|-ability|p2a: Staraptor|Intimidate|boost
|-unboost|p1a: Clefable|atk|1
|-unboost|p1b: Lucario|atk|1
|turn|4
|
|t:|1785185513
|detailschange|p2a: Staraptor|Staraptor-Mega, L50, M
|-mega|p2a: Staraptor|Staraptor|Staraptite
|move|p1b: Lucario|Protect|p1b: Lucario
|-singleturn|p1b: Lucario|Protect
|move|p2a: Staraptor|Close Combat|p1b: Lucario
|-activate|p1b: Lucario|move: Protect
|move|p1a: Clefable|Moonblast|p2a: Staraptor
|-supereffective|p2a: Staraptor|1
|-damage|p2a: Staraptor|26/100
|move|p2b: Kingambit|Iron Head|p1a: Clefable
|-supereffective|p1a: Clefable|1
|-damage|p1a: Clefable|0 fnt
|faint|p1a: Clefable
|
|upkeep
|
|t:|1785185516
|switch|p1a: Tyranitar|Tyranitar, L50, F|100/100
|-weather|Sandstorm|[from] ability: Sand Stream|[of] p1a: Tyranitar
|turn|5
|
|t:|1785185532
|move|p2a: Staraptor|Protect|p2a: Staraptor
|-singleturn|p2a: Staraptor|Protect
|move|p1b: Lucario|Flash Cannon|p2a: Staraptor
|-activate|p2a: Staraptor|move: Protect
|move|p1a: Tyranitar|Rock Slide|p2b: Kingambit|[spread] p2b
|-activate|p2a: Staraptor|move: Protect
|-resisted|p2b: Kingambit|1
|-damage|p2b: Kingambit|76/100
|move|p2b: Kingambit|Iron Head|p1a: Tyranitar
|-supereffective|p1a: Tyranitar|1
|-damage|p1a: Tyranitar|18/100
|
|-weather|Sandstorm|[upkeep]
|-damage|p2a: Staraptor|20/100y|[from] Sandstorm
|upkeep
|turn|6
|inactive|worldenddominat0r has 30 seconds left.
|inactive|worldenddominat0r has 20 seconds left.
|inactive|worldenddominat0r has 15 seconds left.
|inactive|worldenddominat0r has 10 seconds left.
|
|t:|1785185582
|move|p2b: Kingambit|Protect|p2b: Kingambit
|-singleturn|p2b: Kingambit|Protect
|move|p1b: Lucario|Vacuum Wave|p2b: Kingambit
|-activate|p2b: Kingambit|move: Protect
|move|p2a: Staraptor|Tailwind|p2a: Staraptor
|-sidestart|p2: worldenddominat0r|move: Tailwind
|move|p1a: Tyranitar|Rock Slide|p2b: Kingambit|[spread] p2a
|-activate|p2b: Kingambit|move: Protect
|-damage|p2a: Staraptor|0 fnt
|faint|p2a: Staraptor
|
|-weather|Sandstorm|[upkeep]
|upkeep
|
|t:|1785185584
|switch|p2a: Basculegion|Basculegion, L50, M|18/100
|turn|7
|inactive|MrManlyMeep has 30 seconds left.
|inactive|MrManlyMeep has 20 seconds left.
|inactive|MrManlyMeep has 15 seconds left.
|inactive|worldenddominat0r has 30 seconds left.
|inactive|worldenddominat0r has 20 seconds left.
|
|t:|1785185635
|move|p2b: Kingambit|Protect|p2b: Kingambit
|-singleturn|p2b: Kingambit|Protect
|move|p1b: Lucario|Vacuum Wave|p2b: Kingambit
|-activate|p2b: Kingambit|move: Protect
|move|p2a: Basculegion|Last Respects|p1a: Tyranitar
|-resisted|p1a: Tyranitar|1
|-damage|p1a: Tyranitar|0 fnt
|faint|p1a: Tyranitar
|
|-weather|Sandstorm|[upkeep]
|-damage|p2a: Basculegion|12/100|[from] Sandstorm
|upkeep
|turn|8
|
|t:|1785185649
|move|p1b: Lucario|Protect|p1b: Lucario
|-singleturn|p1b: Lucario|Protect
|move|p2a: Basculegion|Last Respects|p1b: Lucario
|-activate|p1b: Lucario|move: Protect
|move|p2b: Kingambit|Iron Head|p1b: Lucario
|-activate|p1b: Lucario|move: Protect
|
|-weather|Sandstorm|[upkeep]
|-damage|p2a: Basculegion|6/100|[from] Sandstorm
|upkeep
|turn|9
|
|t:|1785185653
|move|p1b: Lucario|Vacuum Wave|p2b: Kingambit
|-supereffective|p2b: Kingambit|2
|-damage|p2b: Kingambit|0 fnt
|faint|p2b: Kingambit
|move|p2a: Basculegion|Last Respects|p1b: Lucario
|-damage|p1b: Lucario|0 fnt
|faint|p1b: Lucario
|
|win|worldenddominat0r
