|j|☆Adam2E
|j|☆regitron 21
|html|Adam2Eregitron 21    
|uhtml|bestof|Game 2 of a best-of-3
|t:|1784920549
|gametype|doubles
|player|p1|Adam2E|170|1185
|player|p2|regitron 21|n|1101
|gen|9
|tier|[Gen 9 Champions] VGC 2026 Reg M-B (Bo3)
|rated|
|rule|Species Clause: Limit one of each Pokémon
|rule|Item Clause: Limit 1 of each item
|clearpoke
|poke|p1|Whimsicott, L50, M|
|poke|p1|Staraptor, L50, M|
|poke|p1|Rotom-Wash, L50|
|poke|p1|Archaludon, L50, M|
|poke|p1|Basculegion, L50, M|
|poke|p1|Incineroar, L50, F|
|poke|p2|Raichu, L50, M|
|poke|p2|Charizard, L50, F|
|poke|p2|Incineroar, L50, F|
|poke|p2|Farigiraf, L50, F|
|poke|p2|Sylveon, L50, M|
|poke|p2|Kingambit, L50, M|
|teampreview|4
|showteam|p1|Whimsicott||FocusSash|Prankster|Tailwind,Encore,Protect,Moonblast|Timid||M|||50|]Staraptor||Staraptite|Intimidate|BraveBird,CloseCombat,Roost,Protect|Jolly||M|||50|]Rotom-Wash||Leftovers|Levitate|WillOWisp,Protect,Thunderbolt,HydroPump|Calm|||||50|]Archaludon||LifeOrb|Stamina|DragonPulse,FlashCannon,ElectroShot,Protect|Modest||M|||50|]Basculegion||ChoiceScarf|Adaptability|LastRespects,FlipTurn,AquaJet,WaveCrash|Adamant||M|||50|]Incineroar||SitrusBerry|Intimidate|FakeOut,PartingShot,DarkestLariat,Protect|Careful||F|||50|
|showteam|p2|Raichu||RaichuniteY|LightningRod|ZapCannon,FocusBlast,FakeOut,Protect|Timid||M|||50|]Charizard||CharizarditeY|Blaze|HeatWave,WeatherBall,SolarBeam,Protect|Modest||F|||50|]Incineroar||SitrusBerry|Intimidate|FakeOut,FlareBlitz,DarkestLariat,PartingShot|Impish||F|||50|]Farigiraf||ColburBerry|ArmorTail|TwinBeam,Thunderbolt,HelpingHand,TrickRoom|Modest||F|||50|]Sylveon||FairyFeather|Pixilate|HyperVoice,Moonblast,Detect,CalmMind|Modest||M|||50|]Kingambit||LifeOrb|Defiant|SuckerPunch,KowtowCleave,Protect,SwordsDance|Adamant||M|||50|
|c|☆regitron 21|good luck again
|
|t:|1784920605
|teamsize|p1|4
|teamsize|p2|4
|start
|switch|p1a: Basculegion|Basculegion, L50, M|100/100
|switch|p1b: Rotom|Rotom-Wash, L50|100/100
|switch|p2a: Lily|Incineroar, L50, F|100/100
|switch|p2b: Soey|Farigiraf, L50, F|100/100
|-ability|p2a: Lily|Intimidate|boost
|-unboost|p1a: Basculegion|atk|1
|-unboost|p1b: Rotom|atk|1
|turn|1
|
|t:|1784920627
|move|p2a: Lily|Fake Out|p1b: Rotom
|-damage|p1b: Rotom|87/100
|move|p1a: Basculegion|Wave Crash|p2a: Lily
|-supereffective|p2a: Lily|1
|-damage|p2a: Lily|14/100
|-enditem|p2a: Lily|Sitrus Berry|[eat]
|-heal|p2a: Lily|39/100|[from] item: Sitrus Berry
|-damage|p1a: Basculegion|71/100|[from] Recoil
|cant|p1b: Rotom|flinch
|move|p2b: Soey|Trick Room|p2b: Soey
|-fieldstart|move: Trick Room|[of] p2b: Soey
|
|-heal|p1b: Rotom|93/100|[from] item: Leftovers
|upkeep
|turn|2
|
|t:|1784920641
|move|p2b: Soey|Thunderbolt|p1b: Rotom
|-damage|p1b: Rotom|71/100
|move|p2a: Lily|Darkest Lariat|p1a: Basculegion
|-supereffective|p1a: Basculegion|1
|-damage|p1a: Basculegion|0 fnt
|faint|p1a: Basculegion
|move|p1b: Rotom|Hydro Pump|p2a: Lily|[miss]
|-miss|p1b: Rotom|p2a: Lily
|
|-heal|p1b: Rotom|77/100|[from] item: Leftovers
|upkeep
|
|t:|1784920648
|switch|p1a: Incineroar|Incineroar, L50, F|100/100
|-ability|p1a: Incineroar|Intimidate|boost
|-unboost|p2a: Lily|atk|1
|-unboost|p2b: Soey|atk|1
|turn|3
|
|t:|1784920654
|move|p1a: Incineroar|Protect|p1a: Incineroar
|-singleturn|p1a: Incineroar|Protect
|move|p2a: Lily|Parting Shot|p1b: Rotom
|-unboost|p1b: Rotom|atk|1
|-unboost|p1b: Rotom|spa|1
|
|t:|1784920658
|switch|p2a: Ryan|Sylveon, L50, M|100/100|[from] Parting Shot
|move|p2b: Soey|Thunderbolt|p1b: Rotom
|-damage|p1b: Rotom|56/100
|move|p1b: Rotom|Hydro Pump|p2a: Ryan
|-damage|p2a: Ryan|78/100
|
|-heal|p1b: Rotom|61/100|[from] item: Leftovers
|upkeep
|turn|4
|
|t:|1784920669
|move|p2b: Soey|Helping Hand|p2a: Ryan
|-singleturn|p2a: Ryan|Helping Hand|[of] p2b: Soey
|move|p1a: Incineroar|Darkest Lariat|p2b: Soey
|-supereffective|p2b: Soey|1
|-enditem|p2b: Soey|Colbur Berry|[eat]
|-enditem|p2b: Soey|Colbur Berry|[weaken]
|-damage|p2b: Soey|68/100
|move|p2a: Ryan|Hyper Voice|p1b: Rotom|[spread] p1a,p1b
|-damage|p1a: Incineroar|59/100
|-damage|p1b: Rotom|9/100
|move|p1b: Rotom|Will-O-Wisp|p2a: Ryan
|-status|p2a: Ryan|brn
|
|-heal|p1b: Rotom|15/100|[from] item: Leftovers
|-damage|p2a: Ryan|72/100 brn|[from] brn
|upkeep
|turn|5
|
|t:|1784920682
|move|p2b: Soey|Helping Hand|p2a: Ryan
|-singleturn|p2a: Ryan|Helping Hand|[of] p2b: Soey
|move|p1b: Rotom|Protect|p1b: Rotom
|-singleturn|p1b: Rotom|Protect
|move|p1a: Incineroar|Darkest Lariat|p2b: Soey
|-supereffective|p2b: Soey|1
|-damage|p2b: Soey|11/100
|move|p2a: Ryan|Hyper Voice|p1a: Incineroar|[spread] p1a
|-activate|p1b: Rotom|move: Protect
|-damage|p1a: Incineroar|14/100
|-enditem|p1a: Incineroar|Sitrus Berry|[eat]
|-heal|p1a: Incineroar|39/100|[from] item: Sitrus Berry
|
|-heal|p1b: Rotom|21/100|[from] item: Leftovers
|-damage|p2a: Ryan|65/100 brn|[from] brn
|-fieldend|move: Trick Room
|upkeep
|turn|6
|
|t:|1784920691
|switch|p2b: Lily|Incineroar, L50, F|39/100
|-ability|p2b: Lily|Intimidate|boost
|-unboost|p1a: Incineroar|atk|1
|-unboost|p1b: Rotom|atk|1
|move|p1b: Rotom|Hydro Pump|p2a: Ryan
|-damage|p2a: Ryan|46/100 brn
|move|p2a: Ryan|Calm Mind|p2a: Ryan
|-boost|p2a: Ryan|spa|1
|-boost|p2a: Ryan|spd|1
|move|p1a: Incineroar|Darkest Lariat|p2b: Lily
|-resisted|p2b: Lily|1
|-damage|p2b: Lily|30/100
|
|-heal|p1b: Rotom|26/100|[from] item: Leftovers
|-damage|p2a: Ryan|40/100 brn|[from] brn
|upkeep
|turn|7
|
|t:|1784920708
|move|p2b: Lily|Fake Out|p1a: Incineroar
|-damage|p1a: Incineroar|29/100
|move|p1b: Rotom|Hydro Pump|p2b: Lily
|-supereffective|p2b: Lily|1
|-damage|p2b: Lily|0 fnt
|faint|p2b: Lily
|move|p2a: Ryan|Hyper Voice|p1b: Rotom|[spread] p1a,p1b
|-crit|p1a: Incineroar
|-damage|p1a: Incineroar|0 fnt
|-damage|p1b: Rotom|0 fnt
|faint|p1a: Incineroar
|faint|p1b: Rotom
|
|-damage|p2a: Ryan|34/100 brn|[from] brn
|upkeep
|
|t:|1784920717
|switch|p1b: Staraptor|Staraptor, L50, M|100/100
|switch|p2b: Rita|Charizard, L50, F|100/100
|-ability|p1b: Staraptor|Intimidate|boost
|-unboost|p2a: Ryan|atk|1
|-unboost|p2b: Rita|atk|1
|turn|8
|
|t:|1784920726
|detailschange|p1b: Staraptor|Staraptor-Mega, L50, M
|-mega|p1b: Staraptor|Staraptor|Staraptite
|detailschange|p2b: Rita|Charizard-Mega-Y, L50, F
|-mega|p2b: Rita|Charizard|Charizardite Y
|-weather|SunnyDay|[from] ability: Drought|[of] p2b: Rita
|move|p1b: Staraptor|Close Combat|p2a: Ryan
|-resisted|p2a: Ryan|1
|-damage|p2a: Ryan|2/100 brn
|-boost|p1b: Staraptor|def|1
|-boost|p1b: Staraptor|spd|1
|move|p2b: Rita|Weather Ball|p1b: Staraptor
|-damage|p1b: Staraptor|30/100
|move|p2a: Ryan|Moonblast|p1b: Staraptor
|-supereffective|p1b: Staraptor|1
|-damage|p1b: Staraptor|0 fnt
|faint|p1b: Staraptor
|
|win|regitron 21
||Adam2E is ready for game 3.
|inactive|regitron 21 has 30 seconds to confirm battle start!
||regitron 21 is ready for game 3.
|uhtml|next|Next: Game 3 of 3
|c|☆regitron 21|gg
