|j|☆CavaloDaBarbie
|j|☆paupin gando
|html|CavaloDaBarbiepaupin gando    
|uhtml|bestof|Game 3 of a best-of-3
|t:|1754766222
|gametype|doubles
|player|p1|CavaloDaBarbie|169|1127
|player|p2|paupin gando|bruno|1282
|gen|9
|tier|[Gen 9] VGC 2025 Reg H (Bo3)
|rated|
|rule|Species Clause: Limit one of each Pokémon
|rule|Item Clause: Limit 1 of each item
|clearpoke
|poke|p1|Archaludon, L50, F|
|poke|p1|Sableye, L50, M|
|poke|p1|Incineroar, L50, M|
|poke|p1|Sinistcha-Masterpiece, L50|
|poke|p1|Annihilape, L50, M|
|poke|p1|Maushold, L50|
|poke|p2|Chesnaught, L50, M|
|poke|p2|Rillaboom, L50, F|
|poke|p2|Incineroar, L50, F|
|poke|p2|Archaludon, L50, M|
|poke|p2|Politoed, L50, M|
|poke|p2|Basculegion, L50, M|
|teampreview|4
|showteam|p1|Archaludon||AssaultVest|Stamina|FlashCannon,DragonPulse,ElectroShot,BodyPress|||F|||50|,,,,,Fairy]Sableye||LightClay|Prankster|LightScreen,Reflect,FoulPlay,RainDance|||M|||50|,,,,,Steel]Incineroar||SafetyGoggles|Intimidate|PartingShot,FlareBlitz,KnockOff,FakeOut|||M|||50|,,,,,Ghost]Sinistcha-Masterpiece||RockyHelmet|Hospitality|MatchaGotcha,RagePowder,TrickRoom,Protect||||||50|,,,,,Water]Annihilape||Leftovers|Defiant|DrainPunch,RageFist,BulkUp,Protect|||M|||50|,,,,,Fire]Maushold||WideLens|FriendGuard|PopulationBomb,BeatUp,FollowMe,Protect||||||50|,,,,,Grass
|showteam|p2|Chesnaught||SitrusBerry|Bulletproof|BellyDrum,GrassyGlide,DrainPunch,SpikyShield|||M|||50|,,,,,Fire]Rillaboom||AssaultVest|GrassySurge|FakeOut,DrumBeating,GrassyGlide,Uturn|||F|||50|,,,,,Poison]Incineroar||SafetyGoggles|Intimidate|FakeOut,Roar,PartingShot,KnockOff|||F|||50|,,,,,Bug]Archaludon||PowerHerb|Sturdy|ElectroShot,DragonPulse,FlashCannon,Protect|||M|||50|,,,,,Electric]Politoed||Leftovers|Drizzle|WeatherBall,Haze,Encore,Protect|||M|||50|,,,,,Grass]Basculegion||LifeOrb|SwiftSwim|WaveCrash,LastRespects,AquaJet,Protect|||M|||50|,,,,,Ghost
|inactive|Battle timer is ON: inactive players will automatically lose when time's up. (requested by paupin gando)
|
|t:|1754766272
|teamsize|p1|4
|teamsize|p2|4
|start
|switch|p1a: Annihilape|Annihilape, L50, M|100/100
|switch|p1b: Maushold|Maushold, L50|100/100
|switch|p2a: We Came as Romans|Chesnaught, L50, M, shiny|100/100
|switch|p2b: Bad Omens|Rillaboom, L50, F, shiny|100/100
|-fieldstart|move: Grassy Terrain|[from] ability: Grassy Surge|[of] p2b: Bad Omens
|turn|1
|
|t:|1754766296
|move|p2b: Bad Omens|Fake Out|p1b: Maushold
|-damage|p1b: Maushold|84/100
|cant|p1b: Maushold|flinch
|move|p1a: Annihilape|Bulk Up|p1a: Annihilape
|-boost|p1a: Annihilape|atk|1
|-boost|p1a: Annihilape|def|1
|move|p2a: We Came as Romans|Belly Drum|p2a: We Came as Romans
|-damage|p2a: We Came as Romans|50/100
|-setboost|p2a: We Came as Romans|atk|6|[from] move: Belly Drum
|-enditem|p2a: We Came as Romans|Sitrus Berry|[eat]
|-heal|p2a: We Came as Romans|75/100|[from] item: Sitrus Berry
|
|-heal|p1b: Maushold|90/100|[from] Grassy Terrain
|-heal|p2a: We Came as Romans|82/100|[from] Grassy Terrain
|upkeep
|turn|2
|
|t:|1754766311
|switch|p2b: Politoed|Politoed, L50, M|100/100
|-weather|RainDance|[from] ability: Drizzle|[of] p2b: Politoed
|move|p1b: Maushold|Follow Me|p1b: Maushold
|-singleturn|p1b: Maushold|move: Follow Me
|move|p2a: We Came as Romans|Grassy Glide|p1b: Maushold
|-damage|p1b: Maushold|0 fnt
|faint|p1b: Maushold
|move|p1a: Annihilape|Bulk Up|p1a: Annihilape
|-boost|p1a: Annihilape|atk|1
|-boost|p1a: Annihilape|def|1
|
|-weather|RainDance|[upkeep]
|-heal|p2a: We Came as Romans|88/100|[from] Grassy Terrain
|upkeep
|
|t:|1754766317
|switch|p1b: Incineroar|Incineroar, L50, M|100/100
|-ability|p1b: Incineroar|Intimidate|boost
|-unboost|p2a: We Came as Romans|atk|1
|-unboost|p2b: Politoed|atk|1
|turn|3
|inactive|CavaloDaBarbie has 30 seconds left.
|
|t:|1754766346
|switch|p1b: Sinistcha|Sinistcha-Masterpiece, L50|100/100
|move|p1a: Annihilape|Drain Punch|p2b: Politoed
|-crit|p2b: Politoed
|-damage|p2b: Politoed|15/100
|move|p2a: We Came as Romans|Drain Punch|p1b: Sinistcha
|-immune|p1b: Sinistcha
|move|p2b: Politoed|Haze|p2b: Politoed
|-clearallboost
|
|-weather|RainDance|[upkeep]
|-heal|p2a: We Came as Romans|94/100|[from] Grassy Terrain
|-heal|p2b: Politoed|21/100|[from] Grassy Terrain
|-heal|p2b: Politoed|27/100|[from] item: Leftovers
|upkeep
|turn|4
|inactive|CavaloDaBarbie has 30 seconds left.
|inactive|paupin gando has 30 seconds left.
|
|t:|1754766373
|switch|p2a: Bad Omens|Rillaboom, L50, F, shiny|100/100
|move|p2b: Politoed|Protect|p2b: Politoed
|-singleturn|p2b: Politoed|Protect
|move|p1a: Annihilape|Rage Fist|p2a: Bad Omens
|-damage|p2a: Bad Omens|84/100
|move|p1b: Sinistcha|Matcha Gotcha|p2b: Politoed|[spread] p2a
|-activate|p2b: Politoed|move: Protect
|-resisted|p2a: Bad Omens
|-damage|p2a: Bad Omens|72/100
|-status|p2a: Bad Omens|brn
|
|-weather|RainDance|[upkeep]
|-heal|p2a: Bad Omens|78/100 brn|[from] Grassy Terrain
|-heal|p2b: Politoed|33/100|[from] Grassy Terrain
|-heal|p2b: Politoed|39/100|[from] item: Leftovers
|-damage|p2a: Bad Omens|72/100 brn|[from] brn
|upkeep
|turn|5
|
|t:|1754766398
|switch|p2b: We Came as Romans|Chesnaught, L50, M, shiny|94/100
|move|p1a: Annihilape|Bulk Up|p1a: Annihilape
|-boost|p1a: Annihilape|atk|1
|-boost|p1a: Annihilape|def|1
|move|p2a: Bad Omens|U-turn|p1b: Sinistcha
|-damage|p1b: Sinistcha|91/100
|-damage|p2a: Bad Omens|56/100 brn|[from] item: Rocky Helmet|[of] p1b: Sinistcha
|
|t:|1754766406
|switch|p2a: Politoed|Politoed, L50, M|39/100|[from] U-turn
|move|p1b: Sinistcha|Matcha Gotcha|p2a: Politoed|[spread] p2a,p2b
|-supereffective|p2a: Politoed
|-resisted|p2b: We Came as Romans
|-damage|p2a: Politoed|0 fnt
|-heal|p1b: Sinistcha|100/100|[from] drain|[of] p2a: Politoed
|-damage|p2b: We Came as Romans|76/100
|faint|p2a: Politoed
|
|-weather|RainDance|[upkeep]
|-heal|p2b: We Came as Romans|82/100|[from] Grassy Terrain
|-fieldend|move: Grassy Terrain
|upkeep
|
|t:|1754766411
|switch|p2a: Basculegion|Basculegion, L50, M, shiny|100/100
|turn|6
|inactive|CavaloDaBarbie has 30 seconds left.
|
|t:|1754766439
|switch|p1b: Incineroar|Incineroar, L50, M|100/100
|-ability|p1b: Incineroar|Intimidate|boost
|-unboost|p2a: Basculegion|atk|1
|-unboost|p2b: We Came as Romans|atk|1
|move|p1a: Annihilape|Protect|p1a: Annihilape
|-singleturn|p1a: Annihilape|Protect
|move|p2a: Basculegion|Last Respects|p1b: Incineroar
|-resisted|p1b: Incineroar
|-damage|p1b: Incineroar|82/100
|-damage|p2a: Basculegion|91/100|[from] item: Life Orb
|move|p2b: We Came as Romans|Drain Punch|p1b: Incineroar
|-supereffective|p1b: Incineroar
|-damage|p1b: Incineroar|40/100
|-heal|p2b: We Came as Romans|100/100|[from] drain|[of] p1b: Incineroar
|
|-weather|none
|upkeep
|turn|7
|
|t:|1754766461
|switch|p2a: Bad Omens|Rillaboom, L50, F, shiny|56/100 brn
|-fieldstart|move: Grassy Terrain|[from] ability: Grassy Surge|[of] p2a: Bad Omens
|-terastallize|p1a: Annihilape|Fire
|move|p1a: Annihilape|Rage Fist|p2a: Bad Omens
|-damage|p2a: Bad Omens|26/100 brn
|move|p2b: We Came as Romans|Drain Punch|p1b: Incineroar
|-supereffective|p1b: Incineroar
|-damage|p1b: Incineroar|0 fnt
|faint|p1b: Incineroar
|
|-heal|p2a: Bad Omens|32/100 brn|[from] Grassy Terrain
|-damage|p2a: Bad Omens|26/100 brn|[from] brn
|upkeep
|
|t:|1754766466
|switch|p1b: Sinistcha|Sinistcha-Masterpiece, L50|100/100
|turn|8
|inactive|CavaloDaBarbie has 30 seconds left.
|inactive|paupin gando has 30 seconds left.
|
|t:|1754766494
|-terastallize|p2b: We Came as Romans|Fire
|move|p1a: Annihilape|Drain Punch|p2b: We Came as Romans
|-damage|p2b: We Came as Romans|61/100
|move|p2a: Bad Omens|U-turn|p1b: Sinistcha
|-damage|p1b: Sinistcha|92/100
|-damage|p2a: Bad Omens|10/100 brn|[from] item: Rocky Helmet|[of] p1b: Sinistcha
|
|t:|1754766501
|switch|p2a: Basculegion|Basculegion, L50, M, shiny|91/100|[from] U-turn
|move|p2b: We Came as Romans|Belly Drum|p2b: We Came as Romans
|-damage|p2b: We Came as Romans|11/100
|-setboost|p2b: We Came as Romans|atk|6|[from] move: Belly Drum
|move|p1b: Sinistcha|Matcha Gotcha|p2a: Basculegion|[spread] p2a,p2b
|-supereffective|p2a: Basculegion
|-resisted|p2b: We Came as Romans
|-damage|p2a: Basculegion|30/100
|-heal|p1b: Sinistcha|100/100|[from] drain|[of] p2a: Basculegion
|-damage|p2b: We Came as Romans|0 fnt
|faint|p2b: We Came as Romans
|
|-heal|p2a: Basculegion|36/100|[from] Grassy Terrain
|upkeep
|
|t:|1754766513
|switch|p2b: Bad Omens|Rillaboom, L50, F, shiny|10/100 brn
|turn|9
|
|t:|1754766521
|move|p1a: Annihilape|Protect|p1a: Annihilape
|-singleturn|p1a: Annihilape|Protect
|move|p1b: Sinistcha|Protect|p1b: Sinistcha
|-singleturn|p1b: Sinistcha|Protect
|move|p2b: Bad Omens|Fake Out|p1a: Annihilape
|-activate|p1a: Annihilape|move: Protect
|move|p2a: Basculegion|Last Respects|p1b: Sinistcha
|-activate|p1b: Sinistcha|move: Protect
|
|-heal|p2b: Bad Omens|16/100 brn|[from] Grassy Terrain
|-heal|p2a: Basculegion|42/100|[from] Grassy Terrain
|-damage|p2b: Bad Omens|10/100 brn|[from] brn
|upkeep
|turn|10
|
|t:|1754766546
|move|p2a: Basculegion|Protect|p2a: Basculegion
|-singleturn|p2a: Basculegion|Protect
|move|p1a: Annihilape|Rage Fist|p2a: Basculegion
|-activate|p2a: Basculegion|move: Protect
|move|p2b: Bad Omens|Drum Beating|p1a: Annihilape
|-resisted|p1a: Annihilape
|-damage|p1a: Annihilape|92/100
|-unboost|p1a: Annihilape|spe|1
|-ability|p1a: Annihilape|Defiant|boost
|-boost|p1a: Annihilape|atk|2
|move|p1b: Sinistcha|Matcha Gotcha|p2a: Basculegion|[spread] p2b
|-activate|p2a: Basculegion|move: Protect
|-resisted|p2b: Bad Omens
|-damage|p2b: Bad Omens|0 fnt
|faint|p2b: Bad Omens
|
|-heal|p2a: Basculegion|48/100|[from] Grassy Terrain
|-heal|p1a: Annihilape|99/100|[from] Grassy Terrain
|-heal|p1a: Annihilape|100/100|[from] item: Leftovers
|upkeep
|turn|11
|
|t:|1754766554
|move|p1b: Sinistcha|Rage Powder|p1b: Sinistcha
|-singleturn|p1b: Sinistcha|move: Rage Powder
|move|p2a: Basculegion|Last Respects|p1b: Sinistcha
|-supereffective|p1b: Sinistcha
|-damage|p1b: Sinistcha|0 fnt
|faint|p1b: Sinistcha
|-damage|p2a: Basculegion|39/100|[from] item: Life Orb
|move|p1a: Annihilape|Rage Fist|p2a: Basculegion
|-supereffective|p2a: Basculegion
|-damage|p2a: Basculegion|0 fnt
|faint|p2a: Basculegion
|
|win|CavaloDaBarbie
|raw|CavaloDaBarbie's rating: 1127 → 1162(+35 for winning)
|raw|paupin gando's rating: 1282 → 1247(-35 for losing)
