|j|☆natsukivgc
|j|‽qliphort27
|html|natsukivgcqliphort27    
|uhtml|bestof|Game 2 of a best-of-3
|t:|1785920003
|gametype|doubles
|player|p1|natsukivgc|169|1228
|player|p2|qliphort27|fisherman-gen4|1157
|gen|9
|tier|[Gen 9 Champions] VGC 2026 Reg M-B (Bo3)
|rated|
|rule|Species Clause: Limit one of each Pokémon
|rule|Item Clause: Limit 1 of each item
|clearpoke
|poke|p1|Hydreigon, L50, F|
|poke|p1|Garchomp, L50, M|
|poke|p1|Metagross, L50|
|poke|p1|Charizard, L50, M|
|poke|p1|Grimmsnarl, L50, M|
|poke|p1|Toxapex, L50, M|
|poke|p2|Hawlucha, L50, M|
|poke|p2|Mr. Rime, L50, M|
|poke|p2|Incineroar, L50, M|
|poke|p2|Grimmsnarl, L50, M|
|poke|p2|Sinistcha, L50|
|poke|p2|Glimmora, L50, F|
|teampreview|4
|showteam|p1|Hydreigon||ChoiceScarf|Levitate|HeatWave,DarkPulse,DracoMeteor,Snarl|Modest||F|||50|]Garchomp||SitrusBerry|RoughSkin|Earthquake,RockSlide,DragonClaw,Protect|Adamant||M|||50|]Metagross||Metagrossite|ClearBody|IronHead,HammerArm,BulletPunch,Protect|Adamant|||||50|]Charizard||CharizarditeY|Blaze|Protect,HeatWave,SolarBeam,WeatherBall|Timid||M|||50|]Grimmsnarl||RoseliBerry|Prankster|FakeOut,FoulPlay,Reflect,PartingShot|Sassy||M|||50|]Toxapex||Leftovers|Regenerator|Infestation,Toxic,BanefulBunker,WideGuard|Bold||M|||50|
|showteam|p2|Hawlucha||Hawluchanite|Limber|CloseCombat,Entrainment,Protect,Encore|Careful||M|||50|]Mr. Rime||ChoiceScarf|ScreenCleaner|Thunderbolt,SheerCold,IceBeam,Psychic|Timid||M|||50|]Incineroar||SitrusBerry|Intimidate|DarkestLariat,PartingShot,FlareBlitz,FakeOut|Jolly||M|||50|]Grimmsnarl||IronBall|Prankster|PartingShot,SpiritBreak,Taunt,Trick|Impish||M|||50|]Sinistcha||Leftovers|Hospitality|MatchaGotcha,StrengthSap,RagePowder,ShadowBall|Calm|||||50|]Glimmora||Glimmoranite|ToxicDebris|SludgeBomb,SpikyShield,PowerGem,EnergyBall|Timid||F|||50|
|
|t:|1785920064
|teamsize|p1|4
|teamsize|p2|4
|start
|switch|p1a: Grimmsnarl|Grimmsnarl, L50, M|100/100
|switch|p1b: Metagross|Metagross, L50|100/100
|switch|p2a: Grimmsnarl|Grimmsnarl, L50, M|100/100
|switch|p2b: Hawlucha|Hawlucha, L50, M|100/100
|turn|1
|
|t:|1785920104
|detailschange|p1b: Metagross|Metagross-Mega, L50
|-mega|p1b: Metagross|Metagross|Metagrossite
|move|p2b: Hawlucha|Protect|p2b: Hawlucha
|-singleturn|p2b: Hawlucha|Protect
|move|p1b: Metagross|Iron Head|p2b: Hawlucha
|-activate|p2b: Hawlucha|move: Protect
|move|p1a: Grimmsnarl|Foul Play|p2b: Hawlucha
|-activate|p2b: Hawlucha|move: Protect
|move|p2a: Grimmsnarl|Spirit Break|p1a: Grimmsnarl
|-supereffective|p1a: Grimmsnarl|1
|-enditem|p1a: Grimmsnarl|Roseli Berry|[eat]
|-enditem|p1a: Grimmsnarl|Roseli Berry|[weaken]
|-damage|p1a: Grimmsnarl|68/100
|-unboost|p1a: Grimmsnarl|spa|1
|
|upkeep
|turn|2
|
|t:|1785920125
|detailschange|p2b: Hawlucha|Hawlucha-Mega, L50, M
|-mega|p2b: Hawlucha|Hawlucha|Hawluchanite
|move|p2a: Grimmsnarl|Parting Shot|p1b: Metagross
|-unboost|p1b: Metagross|atk|1
|-unboost|p1b: Metagross|spa|1
|
|t:|1785920130
|switch|p2a: Mr. Rime|Mr. Rime, L50, M|100/100|[from] Parting Shot
|move|p2b: Hawlucha|Entrainment|p2a: Mr. Rime
|-ability|p2a: Mr. Rime|No Guard|Screen Cleaner|[from] move: Entrainment|[of] p2b: Hawlucha
|move|p1b: Metagross|Iron Head|p2b: Hawlucha
|-damage|p2b: Hawlucha|64/100
|move|p1a: Grimmsnarl|Foul Play|p2b: Hawlucha
|-resisted|p2b: Hawlucha|1
|-damage|p2b: Hawlucha|45/100
|
|upkeep
|turn|3
|
|t:|1785920157
|move|p1b: Metagross|Bullet Punch|p2a: Mr. Rime
|-supereffective|p2a: Mr. Rime|1
|-damage|p2a: Mr. Rime|42/100
|move|p2a: Mr. Rime|Sheer Cold|p1b: Metagross
|-damage|p1b: Metagross|0 fnt
|faint|p1b: Metagross
|-ohko
|move|p2b: Hawlucha|Close Combat|p1a: Grimmsnarl
|-damage|p1a: Grimmsnarl|15/100
|-unboost|p2b: Hawlucha|def|1
|-unboost|p2b: Hawlucha|spd|1
|move|p1a: Grimmsnarl|Foul Play|p2a: Mr. Rime
|-supereffective|p2a: Mr. Rime|1
|-damage|p2a: Mr. Rime|0 fnt
|faint|p2a: Mr. Rime
|
|upkeep
|
|t:|1785920190
|switch|p2a: Grimmsnarl|Grimmsnarl, L50, M|100/100
|switch|p1b: Hydreigon|Hydreigon, L50, F|100/100
|turn|4
|
|t:|1785920226
|move|p2b: Hawlucha|Protect|p2b: Hawlucha
|-singleturn|p2b: Hawlucha|Protect
|move|p1a: Grimmsnarl|Reflect|p1a: Grimmsnarl
|-sidestart|p1: natsukivgc|Reflect
|move|p1b: Hydreigon|Heat Wave|p2a: Grimmsnarl|[spread] 
|-activate|p2b: Hawlucha|move: Protect
|-miss|p1b: Hydreigon|p2a: Grimmsnarl
|move|p2a: Grimmsnarl|Spirit Break|p1b: Hydreigon
|-supereffective|p1b: Hydreigon|2
|-damage|p1b: Hydreigon|6/100
|-unboost|p1b: Hydreigon|spa|1
|
|upkeep
|turn|5
|
|t:|1785920247
|move|p1b: Hydreigon|Heat Wave|p2a: Grimmsnarl|[spread] p2a,p2b
|-damage|p2a: Grimmsnarl|83/100
|-damage|p2b: Hawlucha|24/100
|move|p2b: Hawlucha|Close Combat|p1a: Grimmsnarl
|-damage|p1a: Grimmsnarl|0 fnt
|-unboost|p2b: Hawlucha|def|1
|-unboost|p2b: Hawlucha|spd|1
|faint|p1a: Grimmsnarl
|move|p2a: Grimmsnarl|Spirit Break|p1b: Hydreigon
|-supereffective|p1b: Hydreigon|2
|-damage|p1b: Hydreigon|0 fnt
|faint|p1b: Hydreigon
|
|upkeep
|
|t:|1785920270
|switch|p1a: Toxapex|Toxapex, L50, M|100/100
|turn|6
|
|t:|1785920280
|move|p2b: Hawlucha|Protect|p2b: Hawlucha
|-singleturn|p2b: Hawlucha|Protect
|move|p2a: Grimmsnarl|Taunt|p1a: Toxapex
|-start|p1a: Toxapex|move: Taunt
|move|p1a: Toxapex|Infestation|p2b: Hawlucha
|-activate|p2b: Hawlucha|move: Protect
|
|upkeep
|turn|7
|
|t:|1785920299
|move|p2a: Grimmsnarl|Trick|p1a: Toxapex
|-activate|p2a: Grimmsnarl|move: Trick|[of] p1a: Toxapex
|-item|p1a: Toxapex|Iron Ball|[from] move: Trick
|-item|p2a: Grimmsnarl|Leftovers|[from] move: Trick
|move|p2b: Hawlucha|Encore|p1a: Toxapex
|-start|p1a: Toxapex|Encore
|move|p1a: Toxapex|Infestation|p2b: Hawlucha
|-resisted|p2b: Hawlucha|2
|-damage|p2b: Hawlucha|23/100
|-activate|p2b: Hawlucha|move: Infestation|[of] p1a: Toxapex
|
|-heal|p2a: Grimmsnarl|89/100|[from] item: Leftovers
|-damage|p2b: Hawlucha|10/100|[from] move: Infestation|[partiallytrapped]
|upkeep
|turn|8
|
|t:|1785920310
|move|p2a: Grimmsnarl|Parting Shot|p1a: Toxapex
|-unboost|p1a: Toxapex|atk|1
|-unboost|p1a: Toxapex|spa|1
|
|t:|1785920314
|switch|p2a: Sinistcha|Sinistcha, L50|100/100|[from] Parting Shot
|-heal|p2b: Hawlucha|35/100|[from] ability: Hospitality|[of] p2a: Sinistcha
|move|p2b: Hawlucha|Close Combat|p1a: Toxapex
|-resisted|p1a: Toxapex|1
|-damage|p1a: Toxapex|88/100
|-unboost|p2b: Hawlucha|def|1
|-unboost|p2b: Hawlucha|spd|1
|move|p1a: Toxapex|Infestation|p2a: Sinistcha
|-damage|p2a: Sinistcha|97/100
|-activate|p2a: Sinistcha|move: Infestation|[of] p1a: Toxapex
|
|-heal|p2a: Sinistcha|100/100|[from] item: Leftovers
|-damage|p2b: Hawlucha|23/100|[from] move: Infestation|[partiallytrapped]
|-damage|p2a: Sinistcha|87/100|[from] move: Infestation|[partiallytrapped]
|-end|p1a: Toxapex|move: Taunt
|-sideend|p1: natsukivgc|Reflect
|upkeep
|turn|9
|
|t:|1785920332
|move|p2b: Hawlucha|Close Combat|p1a: Toxapex
|-resisted|p1a: Toxapex|1
|-damage|p1a: Toxapex|71/100
|-unboost|p2b: Hawlucha|def|1
|-unboost|p2b: Hawlucha|spd|1
|move|p2a: Sinistcha|Matcha Gotcha|p1a: Toxapex
|-damage|p1a: Toxapex|45/100
|-heal|p2a: Sinistcha|99/100|[from] drain|[of] p1a: Toxapex
|move|p1a: Toxapex|Infestation|p2b: Hawlucha
|-resisted|p2b: Hawlucha|2
|-damage|p2b: Hawlucha|22/100
|
|-heal|p2a: Sinistcha|100/100|[from] item: Leftovers
|-damage|p2b: Hawlucha|9/100|[from] move: Infestation|[partiallytrapped]
|-damage|p2a: Sinistcha|87/100|[from] move: Infestation|[partiallytrapped]
|-end|p1a: Toxapex|Encore
|upkeep
|turn|10
|
|t:|1785920359
|move|p2b: Hawlucha|Close Combat|p1a: Toxapex
|-resisted|p1a: Toxapex|1
|-damage|p1a: Toxapex|28/100
|-unboost|p2b: Hawlucha|def|1
|-unboost|p2b: Hawlucha|spd|1
|move|p2a: Sinistcha|Matcha Gotcha|p1a: Toxapex
|-damage|p1a: Toxapex|1/100
|-heal|p2a: Sinistcha|100/100|[from] drain|[of] p1a: Toxapex
|move|p1a: Toxapex|Infestation|p2b: Hawlucha
|-resisted|p2b: Hawlucha|2
|-damage|p2b: Hawlucha|8/100
|
|-damage|p2b: Hawlucha|0 fnt|[from] move: Infestation|[partiallytrapped]
|faint|p2b: Hawlucha
|-damage|p2a: Sinistcha|87/100|[from] move: Infestation|[partiallytrapped]
|upkeep
|-message|natsukivgc forfeited.
|
|win|qliphort27
|raw|natsukivgc's rating: 1228 → 1198(-30 for losing)
|raw|qliphort27's rating: 1157 → 1187(+30 for winning)
