|j|☆feedback9946
|j|☆tipolucha
|html|feedback9946tipolucha    
|uhtml|bestof|Game 1 of a best-of-3
|t:|1784883142
|gametype|doubles
|player|p1|feedback9946|grimsley-gen7|1034
|player|p2|tipolucha|169|1096
|gen|9
|tier|[Gen 9 Champions] VGC 2026 Reg M-B (Bo3)
|rated|
|rule|Species Clause: Limit one of each Pokémon
|rule|Item Clause: Limit 1 of each item
|clearpoke
|poke|p1|Glimmora, L50, F|
|poke|p1|Swampert, L50, M|
|poke|p1|Kingambit, L50, M|
|poke|p1|Pelipper, L50, F|
|poke|p1|Rotom-Mow, L50|
|poke|p1|Noivern, L50, M|
|poke|p2|Whimsicott, L50, M|
|poke|p2|Froslass, L50, F|
|poke|p2|Blaziken, L50, F|
|poke|p2|Sneasler, L50, F|
|poke|p2|Milotic, L50, M|
|poke|p2|Scizor, L50, M|
|teampreview|4
|showteam|p1|Glimmora||Glimmoranite|ToxicDebris|PowerGem,SludgeWave,EarthPower,SpikyShield|Modest||F|||50|]Swampert||Swampertite|Torrent|WaveCrash,Earthquake,IcePunch,Protect|Adamant||M|||50|]Kingambit||ChopleBerry|Defiant|SuckerPunch,KowtowCleave,IronHead,Protect|Adamant||M|||50|]Pelipper||SitrusBerry|Drizzle|Hurricane,WeatherBall,WideGuard,Protect|Modest||F|||50|]Rotom-Mow||ChoiceScarf|Levitate|LeafStorm,VoltSwitch,Discharge,Electroweb|Timid|||||50|]Noivern||FocusSash|Telepathy|DracoMeteor,SuperFang,Tailwind,Protect|Timid||M|||50|
|showteam|p2|Whimsicott||FocusSash|Prankster|EnergyBall,Moonblast,FakeTears,Tailwind|Timid||M|||50|]Froslass||Froslassite|SnowCloak|Blizzard,AuroraVeil,ShadowBall,Protect|Timid||F|||50|]Blaziken||Blazikenite|SpeedBoost|Protect,FlareBlitz,CloseCombat,BraveBird|Adamant||F|||50|]Sneasler||WhiteHerb|Unburden|CloseCombat,FakeOut,DireClaw,RockSlide|Adamant||F|||50|]Milotic||MysticWater|Competitive|IceBeam,Scald,IcyWind,Protect|Modest||M|||50|]Scizor||SilverPowder|Technician|BulletPunch,BugBite,BrickBreak,Protect|Adamant||M|||50|
|inactive|Battle timer is ON: inactive players will automatically lose when time's up. (requested by feedback9946)
|inactive|feedback9946 has 60 seconds left.
|inactiveoff|Battle timer is now OFF.
|
|t:|1784883202
|teamsize|p1|4
|teamsize|p2|4
|start
|switch|p1a: Noivern|Noivern, L50, M|100/100
|switch|p1b: Kingambit|Kingambit, L50, M|100/100
|switch|p2a: Scizor|Scizor, L50, M|100/100
|switch|p2b: Sneasler|Sneasler, L50, F|100/100
|turn|1
|
|t:|1784883250
|switch|p1b: Pelipper|Pelipper, L50, F|100/100
|-weather|RainDance|[from] ability: Drizzle|[of] p1b: Pelipper
|move|p1a: Noivern|Protect|p1a: Noivern
|-singleturn|p1a: Noivern|Protect
|move|p2b: Sneasler|Rock Slide|p1a: Noivern|[spread] p1b
|-activate|p1a: Noivern|move: Protect
|-supereffective|p1b: Pelipper|1
|-crit|p1b: Pelipper
|-damage|p1b: Pelipper|18/100
|-enditem|p1b: Pelipper|Sitrus Berry|[eat]
|-heal|p1b: Pelipper|43/100|[from] item: Sitrus Berry
|move|p2a: Scizor|Brick Break|p1b: Pelipper
|-resisted|p1b: Pelipper|1
|-damage|p1b: Pelipper|25/100
|
|-weather|RainDance|[upkeep]
|upkeep
|turn|2
|inactive|Battle timer is ON: inactive players will automatically lose when time's up. (requested by tipolucha)
|inactive|feedback9946 has 30 seconds left.
|inactive|feedback9946 has 20 seconds left.
|inactive|feedback9946 has 15 seconds left.
|
|t:|1784883295
|move|p1b: Pelipper|Wide Guard|p1b: Pelipper
|-singleturn|p1b: Pelipper|Wide Guard
|move|p2a: Scizor|Bullet Punch|p1a: Noivern
|-damage|p1a: Noivern|56/100
|move|p1a: Noivern|Super Fang|p2b: Sneasler
|-damage|p2b: Sneasler|50/100g
|move|p2b: Sneasler|Dire Claw|p1b: Pelipper
|-damage|p1b: Pelipper|0 fnt
|faint|p1b: Pelipper
|
|-weather|RainDance|[upkeep]
|upkeep
|inactive|feedback9946 has 30 seconds left.
|
|t:|1784883327
|switch|p1b: Kingambit|Kingambit, L50, M|100/100
|turn|3
|inactive|feedback9946 has 30 seconds left.
|inactive|feedback9946 has 20 seconds left.
|
|t:|1784883363
|move|p1b: Kingambit|Protect|p1b: Kingambit
|-singleturn|p1b: Kingambit|Protect
|move|p1a: Noivern|Tailwind|p1a: Noivern
|-sidestart|p1: feedback9946|move: Tailwind
|move|p2b: Sneasler|Dire Claw|p1a: Noivern
|-damage|p1a: Noivern|0 fnt
|faint|p1a: Noivern
|move|p2a: Scizor|Brick Break|p1b: Kingambit
|-activate|p1b: Kingambit|move: Protect
|
|-weather|RainDance|[upkeep]
|upkeep
|
|t:|1784883383
|switch|p1a: Glimmora|Glimmora, L50, F|100/100
|turn|4
|
|t:|1784883399
|detailschange|p1a: Glimmora|Glimmora-Mega, L50, F
|-mega|p1a: Glimmora|Glimmora|Glimmoranite
|move|p2a: Scizor|Bullet Punch|p1a: Glimmora
|-supereffective|p1a: Glimmora|1
|-damage|p1a: Glimmora|23/100
|move|p1a: Glimmora|Power Gem|p2a: Scizor
|-damage|p2a: Scizor|18/100
|move|p2b: Sneasler|Close Combat|p1b: Kingambit
|-supereffective|p1b: Kingambit|2
|-enditem|p1b: Kingambit|Chople Berry|[eat]
|-enditem|p1b: Kingambit|Chople Berry|[weaken]
|-damage|p1b: Kingambit|0 fnt
|-unboost|p2b: Sneasler|def|1
|-unboost|p2b: Sneasler|spd|1
|faint|p1b: Kingambit
|-enditem|p2b: Sneasler|White Herb
|-clearnegativeboost|p2b: Sneasler|[silent]
|
|-weather|RainDance|[upkeep]
|upkeep
|turn|5
|inactive|feedback9946 has 30 seconds left.
|
|t:|1784883429
|move|p1a: Glimmora|Spiky Shield|p1a: Glimmora
|-singleturn|p1a: Glimmora|move: Protect
|move|p2a: Scizor|Bullet Punch|p1a: Glimmora
|-activate|p1a: Glimmora|move: Protect
|-damage|p2a: Scizor|6/100|[from] Spiky Shield|[of] p1a: Glimmora
|move|p2b: Sneasler|Close Combat|p1a: Glimmora
|-activate|p1a: Glimmora|move: Protect
|-damage|p2b: Sneasler|38/100|[from] Spiky Shield|[of] p1a: Glimmora
|
|-weather|none
|upkeep
|turn|6
|
|t:|1784883449
|move|p1a: Glimmora|Spiky Shield||[still]
|-fail|p1a: Glimmora
|move|p2a: Scizor|Bullet Punch|p1a: Glimmora
|-supereffective|p1a: Glimmora|1
|-damage|p1a: Glimmora|0 fnt
|faint|p1a: Glimmora
|
|win|tipolucha
||tipolucha is ready for game 2.
|inactive|feedback9946 has 30 seconds to confirm battle start!
||feedback9946 is ready for game 2.
|uhtml|next|Next: Game 2 of 3
|l|☆feedback9946
|player|p1|
|l|☆tipolucha
|player|p2|
|j|☆feedback9946
|player|p1|feedback9946|grimsley-gen7|
