|j|☆RookCrow99
|j|☆bobak dotto
|html|RookCrow99bobak dotto    
|uhtml|bestof|Game 1 of a best-of-3
|t:|1783505291
|gametype|doubles
|player|p1|RookCrow99|lucas|1102
|player|p2|bobak dotto|169|1035
|gen|9
|tier|[Gen 9 Champions] VGC 2026 Reg M-B (Bo3)
|rated|
|rule|Species Clause: Limit one of each Pokémon
|rule|Item Clause: Limit 1 of each item
|clearpoke
|poke|p1|Klefki, L50, M|
|poke|p1|Arcanine-Hisui, L50, M|
|poke|p1|Scovillain, L50, M, shiny|
|poke|p1|Tsareena, L50, F|
|poke|p1|Hydreigon, L50, M|
|poke|p1|Primarina, L50, F, shiny|
|poke|p2|Hippowdon, L50, M|
|poke|p2|Houndstone, L50, M|
|poke|p2|Rotom-Wash, L50|
|poke|p2|Excadrill, L50, F|
|poke|p2|Venusaur, L50, M|
|poke|p2|Delphox, L50, F|
|teampreview|4
|showteam|p1|Klefki||ShucaBerry|Prankster|RainDance,SunnyDay,TrickRoom,DazzlingGleam|Quiet||M|||50|]Arcanine-Hisui||FocusSash|FlashFire|FlareBlitz,RockSlide,Protect,AerialAce|Jolly||M|||50|]Scovillain||Scovillainite|Chlorophyll|GigaDrain,RagePowder,Flamethrower,Protect|Quiet||M|||50|]Tsareena||SitrusBerry|QueenlyMajesty|Protect,TropKick,TripleAxel,Taunt|Brave||F|||50|]Hydreigon||WiseGlasses|Levitate|Earthquake,DracoMeteor,DarkPulse,Protect|Modest||M|||50|]Primarina||Leftovers|LiquidVoice|HyperVoice,IceBeam,Protect,DazzlingGleam|Relaxed||F|||50|
|showteam|p2|Hippowdon||Leftovers|SandStream|HighHorsepower,Yawn,HelpingHand,Protect|Impish||M|||50|]Houndstone||LifeOrb|SandRush|LastRespects,Poltergeist,DestinyBond,Protect|Adamant||M|||50|]Rotom-Wash||ChoiceScarf|Levitate|Electroweb,Thunderbolt,VoltSwitch,HydroPump|Timid|||||50|]Excadrill||FocusSash|SandRush|Earthquake,IronHead,RockSlide,Protect|Adamant||F|||50|]Venusaur||Venusaurite|Overgrow|GigaDrain,LeechSeed,SludgeBomb,Protect|Modest||M|||50|]Delphox||Delphoxite|Blaze|HeatWave,Psychic,Substitute,Protect|Timid||F|||50|
|inactive|Battle timer is ON: inactive players will automatically lose when time's up. (requested by bobak dotto)
|
|t:|1783505345
|teamsize|p1|4
|teamsize|p2|4
|start
|switch|p1a: Klefki|Klefki, L50, M|100/100
|switch|p1b: Primarina|Primarina, L50, F, shiny|100/100
|switch|p2a: Delphox|Delphox, L50, F|100/100
|switch|p2b: Hippowdon|Hippowdon, L50, M|100/100
|-weather|Sandstorm|[from] ability: Sand Stream|[of] p2b: Hippowdon
|turn|1
|
|t:|1783505357
|detailschange|p2a: Delphox|Delphox-Mega, L50, F
|-mega|p2a: Delphox|Delphox|Delphoxite
|move|p1a: Klefki|Rain Dance|p1a: Klefki
|-weather|RainDance
|move|p2a: Delphox|Psychic|p1b: Primarina
|-damage|p1b: Primarina|48/100
|move|p1b: Primarina|Hyper Voice|p2b: Hippowdon|[spread] p2a,p2b
|-supereffective|p2a: Delphox|1
|-supereffective|p2b: Hippowdon|1
|-damage|p2a: Delphox|7/100
|-damage|p2b: Hippowdon|13/100
|move|p2b: Hippowdon|Yawn|p1b: Primarina
|-start|p1b: Primarina|move: Yawn|[of] p2b: Hippowdon
|
|-weather|RainDance|[upkeep]
|-heal|p1b: Primarina|54/100|[from] item: Leftovers
|-heal|p2b: Hippowdon|19/100|[from] item: Leftovers
|upkeep
|turn|2
|inactive|RookCrow99 has 30 seconds left.
|
|t:|1783505382
|switch|p2b: Rotom|Rotom-Wash, L50|100/100
|move|p2a: Delphox|Protect|p2a: Delphox
|-singleturn|p2a: Delphox|Protect
|move|p1b: Primarina|Protect|p1b: Primarina
|-singleturn|p1b: Primarina|Protect
|move|p1a: Klefki|Dazzling Gleam|p2a: Delphox|[spread] p2b
|-activate|p2a: Delphox|move: Protect
|-damage|p2b: Rotom|71/100
|
|-weather|RainDance|[upkeep]
|-heal|p1b: Primarina|59/100|[from] item: Leftovers
|-end|p1b: Primarina|move: Yawn|[silent]
|-status|p1b: Primarina|slp
|upkeep
|turn|3
|inactive|RookCrow99 has 30 seconds left.
|
|t:|1783505410
|move|p1a: Klefki|Sunny Day|p1a: Klefki
|-weather|SunnyDay
|move|p2b: Rotom|Thunderbolt|p1b: Primarina
|-supereffective|p1b: Primarina|1
|-damage|p1b: Primarina|0 fnt
|faint|p1b: Primarina
|move|p2a: Delphox|Heat Wave|p1a: Klefki
|-supereffective|p1a: Klefki|1
|-damage|p1a: Klefki|0 fnt
|faint|p1a: Klefki
|
|-weather|SunnyDay|[upkeep]
|upkeep
|
|t:|1783505420
|switch|p1a: Tsareena|Tsareena, L50, F|100/100
|switch|p1b: Mega Scovillain|Scovillain, L50, M, shiny|100/100
|turn|4
|c|☆bobak dotto|why?
|
|t:|1783505437
|detailschange|p1b: Mega Scovillain|Scovillain-Mega, L50, M, shiny
|-mega|p1b: Mega Scovillain|Scovillain|Scovillainite
|move|p1a: Tsareena|Protect|p1a: Tsareena
|-singleturn|p1a: Tsareena|Protect
|move|p2b: Rotom|Thunderbolt|p1b: Mega Scovillain
|-resisted|p1b: Mega Scovillain|1
|-damage|p1b: Mega Scovillain|72/100
|-status|p2b: Rotom|brn|[from] ability: Spicy Spray|[of] p1b: Mega Scovillain
|move|p2a: Delphox|Heat Wave|p1a: Tsareena|[spread] p1b
|-activate|p1a: Tsareena|move: Protect
|-damage|p1b: Mega Scovillain|0 fnt
|-immune|p2a: Delphox
|faint|p1b: Mega Scovillain
|
|-weather|SunnyDay|[upkeep]
|-damage|p2b: Rotom|66/100 brn|[from] brn
|upkeep
|turn|5
|
|t:|1783505457
|move|p2b: Rotom|Thunderbolt|p1a: Tsareena
|-resisted|p1a: Tsareena|1
|-damage|p1a: Tsareena|79/100
|move|p2a: Delphox|Heat Wave|p1a: Tsareena
|-supereffective|p1a: Tsareena|1
|-damage|p1a: Tsareena|0 fnt
|faint|p1a: Tsareena
|
|win|bobak dotto
||bobak dotto is ready for game 2.
||RookCrow99 is ready for game 2.
|uhtml|next|Next: Game 2 of 3
