|j|☆dialghite
|j|☆Gaspar8
|html|dialghiteGaspar8    
|uhtml|bestof|Game 1 of a best-of-3
|t:|1756719312
|gametype|doubles
|player|p1|dialghite|volkner|1405
|player|p2|Gaspar8|170|1290
|gen|9
|tier|[Gen 9] VGC 2025 Reg H (Bo3)
|rated|
|rule|Species Clause: Limit one of each Pokémon
|rule|Item Clause: Limit 1 of each item
|clearpoke
|poke|p1|Indeedee, L50, M|
|poke|p1|Sneasler, L50, F|
|poke|p1|Tyranitar, L50, F|
|poke|p1|Excadrill, L50, M|
|poke|p1|Corviknight, L50, F|
|poke|p1|Annihilape, L50, F|
|poke|p2|Dondozo, L50, F|
|poke|p2|Pawmot, L50, M|
|poke|p2|Tatsugiri, L50, F|
|poke|p2|Sneasler, L50, F|
|poke|p2|Volcarona, L50, F|
|poke|p2|Rillaboom, L50, M|
|teampreview|4
|showteam|p1|Indeedee||ChoiceScarf|PsychicSurge|ExpandingForce,TeraBlast,Trick,Protect|||M|||50|,,,,,Psychic]Sneasler||PsychicSeed|Unburden|CloseCombat,DireClaw,ThroatChop,Protect|||F|||50|,,,,,Dark]Tyranitar||AssaultVest|SandStream|RockSlide,KnockOff,TeraBlast,LowKick|||F|||50|,,,,,Flying]Excadrill||FocusSash|SandRush|Earthquake,IronHead,HighHorsepower,Protect|||M|||50|,,,,,Ground]Corviknight||Leftovers|MirrorArmor|BraveBird,Tailwind,Roost,BulkUp|||F|||50|,,,,,Dragon]Annihilape||SafetyGoggles|Defiant|CloseCombat,RageFist,FinalGambit,Taunt|||F|||50|,,,,,Water
|showteam|p2|Dondozo||ClearAmulet|Unaware|WaveCrash,OrderUp,Earthquake,Protect|||F|||50|,,,,,Grass]Pawmot||FocusSash|IronFist|DoubleShock,CloseCombat,FakeOut,RevivalBlessing|||M|||50|,,,,,Electric]Tatsugiri||LifeOrb|Commander|DracoMeteor,MuddyWater,IcyWind,Protect|||F|||50|,,,,,Water]Sneasler||GrassySeed|Unburden|DireClaw,CloseCombat,ThroatChop,FakeOut|||F|||50|,,,,,Stellar]Volcarona||Leftovers|FlameBody|HeatWave,TeraBlast,QuiverDance,Protect|||F|||50|,,,,,Fairy]Rillaboom||AssaultVest|GrassySurge|GrassyGlide,WoodHammer,FakeOut,Uturn|||M|||50|,,,,,Fire
|inactive|Battle timer is ON: inactive players will automatically lose when time's up. (requested by dialghite)
|inactive|dialghite has 60 seconds left.
|
|t:|1756719359
|teamsize|p1|4
|teamsize|p2|4
|start
|switch|p1a: Tyranitar|Tyranitar, L50, F|100/100
|switch|p1b: Corviknight|Corviknight, L50, F|100/100
|switch|p2a: Dondozo|Dondozo, L50, F|100/100
|switch|p2b: Tatsugiri|Tatsugiri, L50, F|100/100
|-weather|Sandstorm|[from] ability: Sand Stream|[of] p1a: Tyranitar
|-activate|p2b: Tatsugiri|ability: Commander|[of] p2a: Dondozo
|-boost|p2a: Dondozo|atk|2
|-boost|p2a: Dondozo|spa|2
|-boost|p2a: Dondozo|spe|2
|-boost|p2a: Dondozo|def|2
|-boost|p2a: Dondozo|spd|2
|turn|1
|
|t:|1756719376
|move|p2a: Dondozo|Wave Crash|p1a: Tyranitar
|-supereffective|p1a: Tyranitar
|-damage|p1a: Tyranitar|0 fnt
|faint|p1a: Tyranitar
|-damage|p2a: Dondozo|74/100|[from] Recoil
|move|p1b: Corviknight|Tailwind|p1b: Corviknight
|-sidestart|p1: dialghite|move: Tailwind
|
|-weather|Sandstorm|[upkeep]
|-damage|p2b: Tatsugiri|95/100|[from] Sandstorm
|-damage|p2a: Dondozo|68/100|[from] Sandstorm
|upkeep
|
|t:|1756719380
|switch|p1a: Annihilape|Annihilape, L50, F|100/100
|turn|2
|
|t:|1756719394
|move|p1a: Annihilape|Final Gambit|p2a: Dondozo
|-damage|p2a: Dondozo|0 fnt
|faint|p1a: Annihilape
|faint|p2a: Dondozo
|move|p1b: Corviknight|Bulk Up|p1b: Corviknight
|-boost|p1b: Corviknight|atk|1
|-boost|p1b: Corviknight|def|1
|
|-weather|Sandstorm|[upkeep]
|-damage|p2b: Tatsugiri|89/100|[from] Sandstorm
|upkeep
|
|t:|1756719405
|switch|p1a: Excadrill|Excadrill, L50, M|100/100
|switch|p2a: Sneasler|Sneasler, L50, F|100/100
|turn|3
|
|t:|1756719415
|-terastallize|p1a: Excadrill|Ground
|move|p2a: Sneasler|Fake Out|p1b: Corviknight
|-resisted|p1b: Corviknight
|-damage|p1b: Corviknight|96/100
|move|p1a: Excadrill|High Horsepower|p2b: Tatsugiri
|-damage|p2b: Tatsugiri|0 fnt
|faint|p2b: Tatsugiri
|cant|p1b: Corviknight|flinch
|
|-weather|Sandstorm|[upkeep]
|-damage|p2a: Sneasler|95/100|[from] Sandstorm
|-heal|p1b: Corviknight|100/100|[from] item: Leftovers
|upkeep
|
|t:|1756719429
|switch|p2b: Pawmot|Pawmot, L50, M|100/100
|turn|4
|
|t:|1756719446
|move|p2b: Pawmot|Fake Out|p1a: Excadrill
|-damage|p1a: Excadrill|81/100
|cant|p1a: Excadrill|flinch
|move|p1b: Corviknight|Brave Bird|p2a: Sneasler
|-supereffective|p2a: Sneasler
|-crit|p2a: Sneasler
|-damage|p2a: Sneasler|0 fnt
|faint|p2a: Sneasler
|-damage|p1b: Corviknight|77/100|[from] Recoil
|
|-weather|Sandstorm|[upkeep]
|-damage|p2b: Pawmot|94/100|[from] Sandstorm
|-heal|p1b: Corviknight|83/100|[from] item: Leftovers
|-sideend|p1: dialghite|move: Tailwind
|upkeep
|turn|5
|
|t:|1756719468
|move|p1a: Excadrill|Earthquake|p2b: Pawmot|[spread] p2b
|-immune|p1b: Corviknight
|-supereffective|p2b: Pawmot
|-crit|p2b: Pawmot
|-damage|p2b: Pawmot|0 fnt
|faint|p2b: Pawmot
|
|win|dialghite
