|j|☆Maziii
|j|☆RonJohn
|html|MaziiiRonJohn    
|uhtml|bestof|Game 1 of a best-of-3
|t:|1756152944
|gametype|doubles
|player|p1|Maziii|gentleman-gen4|1141
|player|p2|RonJohn|1|1085
|gen|9
|tier|[Gen 9] VGC 2025 Reg H (Bo3)
|rated|
|rule|Species Clause: Limit one of each Pokémon
|rule|Item Clause: Limit 1 of each item
|clearpoke
|poke|p1|Tyranitar, L50, F|
|poke|p1|Electabuzz, L50, M|
|poke|p1|Annihilape, L50, F|
|poke|p1|Ursaluna-Bloodmoon, L50, M|
|poke|p1|Primarina, L50, F|
|poke|p1|Gholdengo, L50|
|poke|p2|Sneasler, L50, F|
|poke|p2|Gholdengo, L50|
|poke|p2|Dragonite, L50, M|
|poke|p2|Ursaluna-Bloodmoon, L50, M|
|poke|p2|Amoonguss, L50, M|
|poke|p2|Incineroar, L50, M|
|teampreview|4
|showteam|p1|Tyranitar||ClearAmulet|SandStream|Protect,DragonDance,RockSlide,KnockOff|||F|||50|,,,,,Grass]Electabuzz||Eviolite|VitalSpirit|FollowMe,HelpingHand,Protect,Electroweb|||M|||50|,,,,,Ghost]Annihilape||FocusSash|Defiant|Protect,Coaching,CloseCombat,RageFist|||F|||50|,,,,,Stellar]Ursaluna-Bloodmoon||AssaultVest|MindsEye|BloodMoon,HyperVoice,EarthPower,VacuumWave|||M|||50|,,,,,Normal]Primarina||MysticWater|LiquidVoice|Haze,Protect,HyperVoice,Moonblast|||F|||50|,,,,,Water]Gholdengo||ChoiceSpecs|GoodasGold|Trick,ShadowBall,MakeItRain,Protect||||||50|,,,,,Grass
|showteam|p2|Sneasler||WhiteHerb|Unburden|CloseCombat,ThroatChop,DireClaw,Protect|||F|||50|,,,,,Stellar]Gholdengo||LifeOrb|GoodasGold|MakeItRain,ShadowBall,NastyPlot,Protect||||||50|,,,,,Water]Dragonite||LoadedDice|Multiscale|ScaleShot,Tailwind,Haze,Protect|||M|||50|,,,,,Fairy]Ursaluna-Bloodmoon||AssaultVest|MindsEye|VacuumWave,EarthPower,HyperVoice,BloodMoon|||M|||50|,,,,,Water]Amoonguss||SitrusBerry|Regenerator|PollenPuff,Spore,Protect,RagePowder|||M|||50|,,,,,Psychic]Incineroar||SafetyGoggles|Intimidate|FlareBlitz,KnockOff,FakeOut,PartingShot|||M|||50|,,,,,Ghost
|inactive|Battle timer is ON: inactive players will automatically lose when time's up. (requested by Maziii)
|inactive|RonJohn has 60 seconds left.
|
|t:|1756152989
|teamsize|p1|4
|teamsize|p2|4
|start
|switch|p1a: Annihilape|Annihilape, L50, F|100/100
|switch|p1b: Tyranitar|Tyranitar, L50, F|100/100
|switch|p2a: Sneasler|Sneasler, L50, F|100/100
|switch|p2b: Dragonite|Dragonite, L50, M|100/100
|-weather|Sandstorm|[from] ability: Sand Stream|[of] p1b: Tyranitar
|turn|1
|
|t:|1756153014
|move|p1b: Tyranitar|Protect|p1b: Tyranitar
|-singleturn|p1b: Tyranitar|Protect
|move|p2a: Sneasler|Dire Claw|p1a: Annihilape
|-resisted|p1a: Annihilape
|-damage|p1a: Annihilape|78/100
|move|p1a: Annihilape|Coaching|p1b: Tyranitar
|-boost|p1b: Tyranitar|atk|1
|-boost|p1b: Tyranitar|def|1
|move|p2b: Dragonite|Tailwind|p2b: Dragonite
|-sidestart|p2: RonJohn|move: Tailwind
|
|-weather|Sandstorm|[upkeep]
|-damage|p2a: Sneasler|95/100|[from] Sandstorm
|-damage|p2b: Dragonite|95/100|[from] Sandstorm
|-damage|p1a: Annihilape|72/100|[from] Sandstorm
|upkeep
|turn|2
|inactive|RonJohn has 30 seconds left.
|
|t:|1756153047
|-terastallize|p1b: Tyranitar|Grass
|move|p2a: Sneasler|Close Combat|p1b: Tyranitar
|-damage|p1b: Tyranitar|67/100
|-unboost|p2a: Sneasler|def|1
|-unboost|p2a: Sneasler|spd|1
|-enditem|p2a: Sneasler|White Herb
|-clearnegativeboost|p2a: Sneasler|[silent]
|move|p2b: Dragonite|Scale Shot|p1a: Annihilape
|-damage|p1a: Annihilape|56/100
|-damage|p1a: Annihilape|39/100
|-damage|p1a: Annihilape|24/100
|-damage|p1a: Annihilape|10/100
|-damage|p1a: Annihilape|0 fnt
|faint|p1a: Annihilape
|-hitcount|p1: Annihilape|5
|-unboost|p2b: Dragonite|def|1
|-boost|p2b: Dragonite|spe|1
|move|p1b: Tyranitar|Rock Slide|p2b: Dragonite|[spread] p2a,p2b
|-resisted|p2a: Sneasler
|-supereffective|p2b: Dragonite
|-damage|p2a: Sneasler|57/100
|-damage|p2b: Dragonite|0 fnt
|faint|p2b: Dragonite
|
|-weather|Sandstorm|[upkeep]
|-damage|p2a: Sneasler|51/100|[from] Sandstorm
|-damage|p1b: Tyranitar|62/100|[from] Sandstorm
|upkeep
|inactive|RonJohn has 30 seconds left.
|
|t:|1756153074
|switch|p1a: Electabuzz|Electabuzz, L50, M|100/100
|switch|p2b: Incineroar|Incineroar, L50, M|100/100
|-ability|p2b: Incineroar|Intimidate|boost
|-unboost|p1a: Electabuzz|atk|1
|-fail|p1b: Tyranitar|unboost|[from] item: Clear Amulet|[of] p1b: Tyranitar
|turn|3
|inactive|RonJohn has 30 seconds left.
|
|t:|1756153104
|move|p1a: Electabuzz|Protect|p1a: Electabuzz
|-singleturn|p1a: Electabuzz|Protect
|move|p1b: Tyranitar|Protect|p1b: Tyranitar
|-singleturn|p1b: Tyranitar|Protect
|move|p2a: Sneasler|Dire Claw|p1b: Tyranitar
|-activate|p1b: Tyranitar|move: Protect
|move|p2b: Incineroar|Knock Off|p1a: Electabuzz
|-activate|p1a: Electabuzz|move: Protect
|
|-weather|Sandstorm|[upkeep]
|-damage|p2a: Sneasler|45/100|[from] Sandstorm
|-damage|p1a: Electabuzz|95/100|[from] Sandstorm
|-damage|p1b: Tyranitar|56/100|[from] Sandstorm
|upkeep
|turn|4
|inactive|RonJohn has 30 seconds left.
|inactive|RonJohn has 20 seconds left.
|
|t:|1756153142
|move|p1a: Electabuzz|Follow Me|p1a: Electabuzz
|-singleturn|p1a: Electabuzz|move: Follow Me
|move|p2a: Sneasler|Dire Claw|p1a: Electabuzz
|-damage|p1a: Electabuzz|61/100
|move|p2b: Incineroar|Knock Off|p1a: Electabuzz
|-damage|p1a: Electabuzz|25/100
|-enditem|p1a: Electabuzz|Eviolite|[from] move: Knock Off|[of] p2b: Incineroar
|move|p1b: Tyranitar|Rock Slide|p2a: Sneasler|[spread] p2a,p2b
|-resisted|p2a: Sneasler
|-supereffective|p2b: Incineroar
|-damage|p2a: Sneasler|8/100
|-damage|p2b: Incineroar|25/100
|
|-weather|Sandstorm|[upkeep]
|-damage|p2a: Sneasler|2/100|[from] Sandstorm
|-damage|p1a: Electabuzz|20/100|[from] Sandstorm
|-damage|p1b: Tyranitar|50/100|[from] Sandstorm
|-sideend|p2: RonJohn|move: Tailwind
|upkeep
|turn|5
|inactive|Maziii has 30 seconds left.
|inactive|RonJohn has 30 seconds left.
|
|t:|1756153169
|move|p1a: Electabuzz|Follow Me|p1a: Electabuzz
|-singleturn|p1a: Electabuzz|move: Follow Me
|move|p2a: Sneasler|Dire Claw|p1a: Electabuzz
|-damage|p1a: Electabuzz|0 fnt
|faint|p1a: Electabuzz
|move|p1b: Tyranitar|Rock Slide|p2a: Sneasler|[spread] p2a,p2b
|-resisted|p2a: Sneasler
|-supereffective|p2b: Incineroar
|-damage|p2a: Sneasler|0 fnt
|-damage|p2b: Incineroar|0 fnt
|faint|p2a: Sneasler
|faint|p2b: Incineroar
|
|-weather|none
|upkeep
|
|t:|1756153183
|switch|p1a: Gholdengo|Gholdengo, L50|100/100
|switch|p2b: Gholdengo|Gholdengo, L50|100/100
|turn|6
|
|t:|1756153200
|-terastallize|p2b: Gholdengo|Water
|move|p1a: Gholdengo|Shadow Ball|p2b: Gholdengo
|-damage|p2b: Gholdengo|32/100
|-unboost|p2b: Gholdengo|spd|1
|move|p2b: Gholdengo|Shadow Ball|p1a: Gholdengo
|-supereffective|p1a: Gholdengo
|-damage|p1a: Gholdengo|0 fnt
|faint|p1a: Gholdengo
|-damage|p2b: Gholdengo|22/100|[from] item: Life Orb
|move|p1b: Tyranitar|Dragon Dance|p1b: Tyranitar
|-boost|p1b: Tyranitar|atk|1
|-boost|p1b: Tyranitar|spe|1
|
|upkeep
|turn|7
|
|t:|1756153220
|move|p1b: Tyranitar|Knock Off|p2b: Gholdengo
|-damage|p2b: Gholdengo|0 fnt
|-enditem|p2b: Gholdengo|Life Orb|[from] move: Knock Off|[of] p1b: Tyranitar
|faint|p2b: Gholdengo
|
|win|Maziii
||Maziii is ready for game 2.
