|j|☆sun goes wrong
|j|☆coglio6789
|html|sun goes wrongcoglio6789    
|uhtml|bestof|Game 1 of a best-of-3
|t:|1783277847
|gametype|doubles
|player|p1|sun goes wrong|265|
|player|p2|coglio6789|102|
|gen|9
|tier|[Gen 9 Champions] VGC 2026 Reg M-B (Bo3)
|rule|Species Clause: Limit one of each Pokémon
|rule|Item Clause: Limit 1 of each item
|clearpoke
|poke|p1|Whimsicott, L50, M|
|poke|p1|Blaziken, L50, M|
|poke|p1|Floette-Eternal, L50, F|
|poke|p1|Farigiraf, L50, F|
|poke|p1|Incineroar, L50, F|
|poke|p1|Basculegion, L50, M|
|poke|p2|Aerodactyl, L50, M|
|poke|p2|Garchomp, L50, F|
|poke|p2|Froslass, L50, F|
|poke|p2|Sneasler, L50, F|
|poke|p2|Rotom-Wash, L50|
|poke|p2|Kingambit, L50, F|
|teampreview|4
|showteam|p1|Whimsicott||FocusSash|Prankster|Tailwind,Encore,Protect,Moonblast|Timid||M|||50|]Blaziken||Blazikenite|SpeedBoost|CloseCombat,FlareBlitz,RockSlide,Protect|Adamant||M|||50|]Floette-Eternal||Floettite|FlowerVeil|DazzlingGleam,Moonblast,LightofRuin,Protect|Modest||F|||50|]Farigiraf||SitrusBerry|ArmorTail|TrickRoom,Protect,TwinBeam,HyperVoice|Impish||F|||50|]Incineroar||PasshoBerry|Intimidate|FakeOut,FlareBlitz,DarkestLariat,PartingShot|Adamant||F|||50|]Basculegion||ChoiceScarf|Adaptability|AquaJet,FlipTurn,WaveCrash,LastRespects|Jolly||M|||50|
|showteam|p2|Aerodactyl||Aerodactylite|Unnerve|RockSlide,DualWingbeat,Tailwind,Protect|Jolly||M|||50|]Garchomp||LifeOrb|RoughSkin|Earthquake,DragonClaw,Protect,RockSlide|Jolly||F|||50|]Froslass||Froslassite|CursedBody|Blizzard,ShadowBall,AuroraVeil,Protect|Modest||F|||50|]Sneasler||WhiteHerb|Unburden|CloseCombat,DireClaw,FakeOut,Protect|Adamant||F|||50|]Rotom-Wash||SitrusBerry|Levitate|HydroPump,Thunderbolt,WillOWisp,Protect|Modest|||||50|]Kingambit||FocusSash|Defiant|KowtowCleave,SuckerPunch,IronHead,Protect|Adamant||F|||50|
|c|☆coglio6789|eccoci qua
|c|☆coglio6789|glhf
|c|☆sun goes wrong|Anche a te!
|
|t:|1783277929
|teamsize|p1|4
|teamsize|p2|4
|start
|switch|p1a: Whimsicott|Whimsicott, L50, M|100/100
|switch|p1b: Blaziken|Blaziken, L50, M|100/100
|switch|p2a: Aerodactyl|Aerodactyl, L50, M|100/100
|switch|p2b: Kingambit|Kingambit, L50, F|100/100
|-ability|p2a: Aerodactyl|Unnerve
|turn|1
|
|t:|1783277942
|detailschange|p2a: Aerodactyl|Aerodactyl-Mega, L50, M
|-mega|p2a: Aerodactyl|Aerodactyl|Aerodactylite
|detailschange|p1b: Blaziken|Blaziken-Mega, L50, M
|-mega|p1b: Blaziken|Blaziken|Blazikenite
|move|p1b: Blaziken|Protect|p1b: Blaziken
|-singleturn|p1b: Blaziken|Protect
|move|p2a: Aerodactyl|Tailwind|p2a: Aerodactyl
|-sidestart|p2: coglio6789|move: Tailwind
|move|p2b: Kingambit|Iron Head|p1a: Whimsicott
|-supereffective|p1a: Whimsicott|1
|-enditem|p1a: Whimsicott|Focus Sash
|-damage|p1a: Whimsicott|1/100
|move|p1a: Whimsicott|Moonblast|p2b: Kingambit
|-damage|p2b: Kingambit|55/100
|
|-ability|p1b: Blaziken|Speed Boost|boost
|-boost|p1b: Blaziken|spe|1
|upkeep
|turn|2
|
|t:|1783277962
|switch|p2a: Sneasler|Sneasler, L50, F|100/100
|move|p2b: Kingambit|Protect|p2b: Kingambit
|-singleturn|p2b: Kingambit|Protect
|move|p1a: Whimsicott|Encore||[still]
|-fail|p1a: Whimsicott
|move|p1b: Blaziken|Close Combat|p2b: Kingambit
|-activate|p2b: Kingambit|move: Protect
|
|-ability|p1b: Blaziken|Speed Boost|boost
|-boost|p1b: Blaziken|spe|1
|upkeep
|turn|3
|
|t:|1783277978
|move|p1a: Whimsicott|Protect|p1a: Whimsicott
|-singleturn|p1a: Whimsicott|Protect
|move|p1b: Blaziken|Protect|p1b: Blaziken
|-singleturn|p1b: Blaziken|Protect
|move|p2b: Kingambit|Sucker Punch||[still]
|-fail|p2b: Kingambit
|move|p2a: Sneasler|Close Combat|p1b: Blaziken
|-activate|p1b: Blaziken|move: Protect
|
|-ability|p1b: Blaziken|Speed Boost|boost
|-boost|p1b: Blaziken|spe|1
|upkeep
|turn|4
|
|t:|1783277999
|move|p2b: Kingambit|Sucker Punch|p1b: Blaziken
|-resisted|p1b: Blaziken|1
|-damage|p1b: Blaziken|73/100
|move|p1a: Whimsicott|Tailwind|p1a: Whimsicott
|-sidestart|p1: sun goes wrong|move: Tailwind
|move|p1b: Blaziken|Flare Blitz|p2a: Sneasler
|-damage|p2a: Sneasler|10/100
|-damage|p1b: Blaziken|40/100|[from] Recoil
|move|p2a: Sneasler|Close Combat|p1b: Blaziken
|-damage|p1b: Blaziken|0 fnt
|-unboost|p2a: Sneasler|def|1
|-unboost|p2a: Sneasler|spd|1
|faint|p1b: Blaziken
|-enditem|p2a: Sneasler|White Herb
|-clearnegativeboost|p2a: Sneasler|[silent]
|
|-sideend|p2: coglio6789|move: Tailwind
|upkeep
|
|t:|1783278009
|switch|p1b: Incineroar|Incineroar, L50, F|100/100
|-ability|p1b: Incineroar|Intimidate|boost
|-unboost|p2a: Sneasler|atk|1
|-unboost|p2b: Kingambit|atk|1
|-ability|p2b: Kingambit|Defiant|boost
|-boost|p2b: Kingambit|atk|2
|turn|5
|
|t:|1783278027
|move|p1b: Incineroar|Fake Out|p2b: Kingambit
|-resisted|p2b: Kingambit|1
|-damage|p2b: Kingambit|49/100
|cant|p2b: Kingambit|flinch
|move|p1a: Whimsicott|Moonblast|p2a: Sneasler
|-damage|p2a: Sneasler|0 fnt
|faint|p2a: Sneasler
|
|upkeep
|
|t:|1783278039
|switch|p2a: Aerodactyl|Aerodactyl-Mega, L50, M|100/100
|turn|6
|
|t:|1783278051
|switch|p1a: Basculegion|Basculegion, L50, M|100/100
|move|p2b: Kingambit|Sucker Punch|p1b: Incineroar
|-resisted|p1b: Incineroar|1
|-damage|p1b: Incineroar|69/100
|move|p2a: Aerodactyl|Rock Slide|p1a: Basculegion|[spread] p1a,p1b
|-supereffective|p1b: Incineroar|1
|-damage|p1a: Basculegion|69/100
|-damage|p1b: Incineroar|14/100
|move|p1b: Incineroar|Flare Blitz|p2b: Kingambit
|-supereffective|p2b: Kingambit|1
|-damage|p2b: Kingambit|0 fnt
|faint|p2b: Kingambit
|-damage|p1b: Incineroar|0 fnt|[from] Recoil
|faint|p1b: Incineroar
|
|upkeep
|
|t:|1783278063
|switch|p2b: Rotom|Rotom-Wash, L50|100/100
|switch|p1b: Whimsicott|Whimsicott, L50, M|1/100
|turn|7
|
|t:|1783278095
|move|p1b: Whimsicott|Protect|p1b: Whimsicott
|-singleturn|p1b: Whimsicott|Protect
|move|p1a: Basculegion|Last Respects|p2b: Rotom
|-damage|p2b: Rotom|7/100
|-enditem|p2b: Rotom|Sitrus Berry|[eat]
|-heal|p2b: Rotom|32/100|[from] item: Sitrus Berry
|move|p2a: Aerodactyl|Dual Wingbeat|p1a: Basculegion
|-damage|p1a: Basculegion|40/100
|-damage|p1a: Basculegion|10/100
|-hitcount|p1a: Basculegion|2
|move|p2b: Rotom|Thunderbolt|p1a: Basculegion
|-supereffective|p1a: Basculegion|1
|-damage|p1a: Basculegion|0 fnt
|faint|p1a: Basculegion
|
|-sideend|p1: sun goes wrong|move: Tailwind
|upkeep
|turn|8
|
|t:|1783278109
|move|p2a: Aerodactyl|Dual Wingbeat|p1b: Whimsicott|[miss]
|-miss|p2a: Aerodactyl|p1b: Whimsicott
|move|p1b: Whimsicott|Moonblast|p2b: Rotom
|-damage|p2b: Rotom|0 fnt
|faint|p2b: Rotom
|
|upkeep
|turn|9
|
|t:|1783278114
|move|p2a: Aerodactyl|Dual Wingbeat|p1b: Whimsicott
|-supereffective|p1b: Whimsicott|1
|-damage|p1b: Whimsicott|0 fnt
|faint|p1b: Whimsicott
|-hitcount|p1: Whimsicott|1
|
|win|coglio6789
||sun goes wrong is ready for game 2.
||coglio6789 is ready for game 2.
|uhtml|next|Next: Game 2 of 3
|l|☆sun goes wrong
|player|p1|
