|j|☆zSasabinho
|j|☆ToastedArt
|html|zSasabinhoToastedArt    
|uhtml|bestof|Game 1 of a best-of-3
|t:|1785278817
|gametype|doubles
|player|p1|zSasabinho|nate|1073
|player|p2|ToastedArt|iris|1064
|gen|9
|tier|[Gen 9 Champions] VGC 2026 Reg M-B (Bo3)
|rated|
|rule|Species Clause: Limit one of each Pokémon
|rule|Item Clause: Limit 1 of each item
|clearpoke
|poke|p1|Blaziken, L50, M|
|poke|p1|Kingambit, L50, M|
|poke|p1|Clefable, L50, F|
|poke|p1|Venusaur, L50, F|
|poke|p1|Basculegion, L50, M|
|poke|p1|Ninetales-Alola, L50, F, shiny|
|poke|p2|Delphox, L50, F|
|poke|p2|Incineroar, L50, M|
|poke|p2|Sneasler, L50, M|
|poke|p2|Sinistcha, L50|
|poke|p2|Azumarill, L50, F|
|poke|p2|Maushold, L50|
|teampreview|4
|showteam|p1|Blaziken||Blazikenite|SpeedBoost|FlareBlitz,CloseCombat,RockSlide,Protect|Adamant||M|||50|]Kingambit||FocusSash|Defiant|SuckerPunch,KowtowCleave,IronHead,Protect|Adamant||M|||50|]Clefable||SitrusBerry|Unaware|FollowMe,Moonblast,Protect,HelpingHand|Bold||F|||50|]Venusaur||Venusaurite|Overgrow|GigaDrain,EarthPower,SludgeBomb,Protect|Modest||F|||50|]Basculegion||ChoiceScarf|Adaptability|WaveCrash,FlipTurn,LastRespects,AquaJet|Jolly||M|||50|]Ninetales-Alola||NeverMeltIce|SnowWarning|FreezeDry,Blizzard,Encore,Protect|Timid||F|||50|
|showteam|p2|Delphox||Delphoxite|Blaze|HeatWave,Psychic,NastyPlot,Protect|Modest||F|||50|]Incineroar||PasshoBerry|Intimidate|PartingShot,FakeOut,ThroatChop,FlareBlitz|Careful||M|||50|]Sneasler||FocusSash|PoisonTouch|PoisonJab,CloseCombat,FakeOut,QuickGuard|Adamant||M|||50|]Sinistcha||KasibBerry|Hospitality|MatchaGotcha,RagePowder,LifeDew,Protect|Bold|||||50|]Azumarill||SitrusBerry|HugePower|BellyDrum,AquaJet,KnockOff,Protect|Adamant||F|||50|]Maushold||ChopleBerry|FriendGuard|FollowMe,SuperFang,Feint,Protect|Impish|||||50|
|inactive|Battle timer is ON: inactive players will automatically lose when time's up. (requested by ToastedArt)
|inactive|zSasabinho has 60 seconds left.
|inactive|ToastedArt has 60 seconds left.
|
|t:|1785278860
|teamsize|p1|4
|teamsize|p2|4
|start
|switch|p1a: Kingambit|Kingambit, L50, M|100/100
|switch|p1b: Basculegion|Basculegion, L50, M|100/100
|switch|p2a: Azumarill|Azumarill, L50, F|100/100
|switch|p2b: Sneasler|Sneasler, L50, M|100/100
|turn|1
|inactive|zSasabinho has 30 seconds left.
|
|t:|1785278893
|move|p1a: Kingambit|Protect|p1a: Kingambit
|-singleturn|p1a: Kingambit|Protect
|move|p2b: Sneasler|Fake Out|p1a: Kingambit
|-activate|p1a: Kingambit|move: Protect
|move|p1b: Basculegion|Flip Turn|p2b: Sneasler
|-damage|p2b: Sneasler|41/100
|
|t:|1785278901
|switch|p1b: Clefable|Clefable, L50, F|100/100|[from] Flip Turn
|move|p2a: Azumarill|Belly Drum|p2a: Azumarill
|-damage|p2a: Azumarill|50/100y
|-setboost|p2a: Azumarill|atk|6|[from] move: Belly Drum
|-enditem|p2a: Azumarill|Sitrus Berry|[eat]
|-heal|p2a: Azumarill|74/100|[from] item: Sitrus Berry
|
|upkeep
|turn|2
|
|t:|1785278917
|move|p1b: Clefable|Helping Hand|p1a: Kingambit
|-singleturn|p1a: Kingambit|Helping Hand|[of] p1b: Clefable
|move|p2b: Sneasler|Poison Jab|p1b: Clefable
|-supereffective|p1b: Clefable|1
|-damage|p1b: Clefable|27/100
|-enditem|p1b: Clefable|Sitrus Berry|[eat]
|-heal|p1b: Clefable|52/100|[from] item: Sitrus Berry
|move|p1a: Kingambit|Iron Head|p2a: Azumarill
|-damage|p2a: Azumarill|0 fnt
|faint|p2a: Azumarill
|
|upkeep
|
|t:|1785278928
|switch|p2a: Delphox|Delphox, L50, F|100/100
|turn|3
|
|t:|1785278937
|detailschange|p2a: Delphox|Delphox-Mega, L50, F
|-mega|p2a: Delphox|Delphox|Delphoxite
|move|p2b: Sneasler|Quick Guard|p2b: Sneasler
|-singleturn|p2b: Sneasler|Quick Guard
|move|p1b: Clefable|Follow Me|p1b: Clefable
|-singleturn|p1b: Clefable|move: Follow Me
|move|p2a: Delphox|Heat Wave|p1b: Clefable|[spread] p1a,p1b
|-supereffective|p1a: Kingambit|1
|-damage|p1a: Kingambit|3/100
|-damage|p1b: Clefable|8/100
|-status|p1a: Kingambit|brn
|move|p1a: Kingambit|Kowtow Cleave|p2a: Delphox
|-supereffective|p2a: Delphox|1
|-damage|p2a: Delphox|32/100
|
|-damage|p1a: Kingambit|0 fnt|[from] brn
|faint|p1a: Kingambit
|upkeep
|
|t:|1785278952
|switch|p1a: Basculegion|Basculegion, L50, M|100/100
|turn|4
|
|t:|1785278972
|switch|p2a: Maushold|Maushold, L50|100/100
|move|p1b: Clefable|Follow Me|p1b: Clefable
|-singleturn|p1b: Clefable|move: Follow Me
|move|p1a: Basculegion|Last Respects|p2b: Sneasler
|-damage|p2b: Sneasler|0 fnt
|faint|p2b: Sneasler
|
|upkeep
|
|t:|1785278980
|switch|p2b: Delphox|Delphox-Mega, L50, F|32/100
|turn|5
|
|t:|1785278987
|switch|p1a: Blaziken|Blaziken, L50, M|100/100
|move|p2a: Maushold|Follow Me|p2a: Maushold
|-singleturn|p2a: Maushold|move: Follow Me
|move|p1b: Clefable|Follow Me|p1b: Clefable
|-singleturn|p1b: Clefable|move: Follow Me
|move|p2b: Delphox|Nasty Plot|p2b: Delphox
|-boost|p2b: Delphox|spa|2
|
|upkeep
|turn|6
|
|t:|1785279001
|detailschange|p1a: Blaziken|Blaziken-Mega, L50, M
|-mega|p1a: Blaziken|Blaziken|Blazikenite
|move|p1a: Blaziken|Protect|p1a: Blaziken
|-singleturn|p1a: Blaziken|Protect
|move|p1b: Clefable|Protect|p1b: Clefable
|-singleturn|p1b: Clefable|Protect
|move|p2a: Maushold|Follow Me|p2a: Maushold
|-singleturn|p2a: Maushold|move: Follow Me
|move|p2b: Delphox|Psychic|p1a: Blaziken
|-activate|p1a: Blaziken|move: Protect
|
|-ability|p1a: Blaziken|Speed Boost|boost
|-boost|p1a: Blaziken|spe|1
|upkeep
|turn|7
|
|t:|1785279020
|move|p1b: Clefable|Helping Hand|p1a: Blaziken
|-singleturn|p1a: Blaziken|Helping Hand|[of] p1b: Clefable
|move|p2a: Maushold|Follow Me|p2a: Maushold
|-singleturn|p2a: Maushold|move: Follow Me
|move|p1a: Blaziken|Rock Slide|p2a: Maushold|[spread] p2a,p2b
|-supereffective|p2b: Delphox|1
|-damage|p2a: Maushold|61/100
|-damage|p2b: Delphox|0 fnt
|faint|p2b: Delphox
|
|-ability|p1a: Blaziken|Speed Boost|boost
|-boost|p1a: Blaziken|spe|1
|upkeep
|turn|8
|-message|ToastedArt forfeited.
|
|win|zSasabinho
