|j|☆Pelosis
|j|☆Trainer Piwi
|html|PelosisTrainer Piwi    
|uhtml|bestof|Game 1 of a best-of-3
|t:|1784209884
|gametype|doubles
|player|p1|Pelosis|102|1082
|player|p2|Trainer Piwi|265|1110
|gen|9
|tier|[Gen 9 Champions] VGC 2026 Reg M-B (Bo3)
|rated|
|rule|Species Clause: Limit one of each Pokémon
|rule|Item Clause: Limit 1 of each item
|clearpoke
|poke|p1|Mawile, L50, M|
|poke|p1|Farigiraf, L50, F|
|poke|p1|Incineroar, L50, F|
|poke|p1|Torkoal, L50, F|
|poke|p1|Venusaur, L50, F|
|poke|p1|Scrafty, L50, F|
|poke|p2|Primarina, L50, M|
|poke|p2|Gliscor, L50, M|
|poke|p2|Pelipper, L50, F|
|poke|p2|Chimecho, L50, F|
|poke|p2|Glimmora, L50, M|
|poke|p2|Sableye, L50, F|
|teampreview|4
|showteam|p1|Mawile||Mawilite|HyperCutter|Protect,PlayRough,SwordsDance,SuckerPunch|Brave||M|||50|]Farigiraf||SitrusBerry|ArmorTail|TrickRoom,TwinBeam,Thunderbolt,HelpingHand|Quiet||F|||50|]Incineroar||WhiteHerb|Intimidate|FakeOut,CloseCombat,FlareBlitz,DarkestLariat|Brave||F|||50|]Torkoal||Charcoal|Drought|Protect,Eruption,HeatWave,WeatherBall|Quiet||F|||50|]Venusaur||FocusSash|Chlorophyll|SleepPowder,EarthPower,EnergyBall,SludgeBomb|Modest||F|||50|]Scrafty||Scraftinite|Intimidate|FakeOut,CloseCombat,KnockOff,IcePunch|Brave||F|||50|
|showteam|p2|Primarina||LifeOrb|LiquidVoice|HyperVoice,DazzlingGleam,Moonblast,Protect|Modest||M|||50|]Gliscor||PasshoBerry|HyperCutter|HighHorsepower,Tailwind,DualWingbeat,RainDance|Adamant||M|||50|]Pelipper||FocusSash|Drizzle|WeatherBall,Hurricane,WideGuard,Tailwind|Modest||F|||50|]Chimecho||ColburBerry|Levitate|Psychic,TrickRoom,SkillSwap,Taunt|Bold||F|||50|]Glimmora||Glimmoranite|ToxicDebris|PowerGem,SludgeBomb,Protect,DazzlingGleam|Timid||M|||50|]Sableye||RoseliBerry|Prankster|SkillSwap,Disable,Quash,FakeOut|Sassy||F|||50|
|inactive|Battle timer is ON: inactive players will automatically lose when time's up. (requested by Pelosis)
|
|t:|1784209959
|teamsize|p1|4
|teamsize|p2|4
|start
|switch|p1a: Farigiraf|Farigiraf, L50, F|100/100
|switch|p1b: Incineroar|Incineroar, L50, F|100/100
|switch|p2a: Gliscor|Gliscor, L50, M|100/100
|switch|p2b: Pelipper|Pelipper, L50, F|100/100
|-weather|RainDance|[from] ability: Drizzle|[of] p2b: Pelipper
|-ability|p1b: Incineroar|Intimidate|boost
|-fail|p2a: Gliscor|unboost|Attack|[from] ability: Hyper Cutter|[of] p2a: Gliscor
|-unboost|p2b: Pelipper|atk|1
|turn|1
|inactive|Pelosis has 30 seconds left.
|inactive|Trainer Piwi has 30 seconds left.
|inactive|Pelosis has 20 seconds left.
|inactive|Pelosis has 15 seconds left.
|inactive|Pelosis has 10 seconds left.
|
|t:|1784210006
|move|p1b: Incineroar|Fake Out|p2b: Pelipper
|-damage|p2b: Pelipper|82/100
|move|p2a: Gliscor|High Horsepower|p1b: Incineroar
|-supereffective|p1b: Incineroar|1
|-damage|p1b: Incineroar|12/100
|cant|p2b: Pelipper|flinch
|move|p1a: Farigiraf|Trick Room|p1a: Farigiraf
|-fieldstart|move: Trick Room|[of] p1a: Farigiraf
|
|-weather|RainDance|[upkeep]
|upkeep
|turn|2
|inactive|Pelosis has 30 seconds left.
|
|t:|1784210035
|move|p1a: Farigiraf|Thunderbolt|p2b: Pelipper
|-supereffective|p2b: Pelipper|2
|-damage|p2b: Pelipper|0 fnt
|faint|p2b: Pelipper
|move|p1b: Incineroar|Darkest Lariat|p2a: Gliscor
|-damage|p2a: Gliscor|59/100
|move|p2a: Gliscor|High Horsepower|p1a: Farigiraf
|-damage|p1a: Farigiraf|61/100
|
|-weather|RainDance|[upkeep]
|upkeep
|
|t:|1784210055
|switch|p2b: Primarina|Primarina, L50, M|100/100
|turn|3
|
|t:|1784210068
|switch|p1a: Torkoal|Torkoal, L50, F|100/100
|-weather|SunnyDay|[from] ability: Drought|[of] p1a: Torkoal
|move|p1b: Incineroar|Flare Blitz|p2a: Gliscor
|-damage|p2a: Gliscor|0 fnt
|faint|p2a: Gliscor
|-damage|p1b: Incineroar|0 fnt|[from] Recoil
|faint|p1b: Incineroar
|move|p2b: Primarina|Hyper Voice|p1a: Torkoal
|-supereffective|p1a: Torkoal|1
|-damage|p1a: Torkoal|20/100y
|-damage|p2b: Primarina|90/100|[from] item: Life Orb
|
|-weather|SunnyDay|[upkeep]
|upkeep
|
|t:|1784210090
|switch|p1b: Mawile|Mawile, L50, M|100/100
|switch|p2a: Glimmora|Glimmora, L50, M|100/100
|turn|4
|inactive|Trainer Piwi has 30 seconds left.
|
|t:|1784210125
|detailschange|p1b: Mawile|Mawile-Mega, L50, M
|-mega|p1b: Mawile|Mawile|Mawilite
|detailschange|p2a: Glimmora|Glimmora-Mega, L50, M
|-mega|p2a: Glimmora|Glimmora|Glimmoranite
|move|p2b: Primarina|Protect|p2b: Primarina
|-singleturn|p2b: Primarina|Protect
|move|p1a: Torkoal|Heat Wave|p2b: Primarina|[spread] p2a
|-activate|p2b: Primarina|move: Protect
|-resisted|p2a: Glimmora|1
|-damage|p2a: Glimmora|66/100
|move|p1b: Mawile|Play Rough|p2b: Primarina
|-activate|p2b: Primarina|move: Protect
|move|p2a: Glimmora|Power Gem|p1a: Torkoal
|-supereffective|p1a: Torkoal|1
|-damage|p1a: Torkoal|0 fnt
|faint|p1a: Torkoal
|
|-weather|SunnyDay|[upkeep]
|upkeep
|
|t:|1784210141
|switch|p1a: Farigiraf|Farigiraf, L50, F|61/100
|turn|5
|inactive|Pelosis has 30 seconds left.
|inactive|Trainer Piwi has 30 seconds left.
|inactive|Trainer Piwi has 20 seconds left.
|inactive|Trainer Piwi has 15 seconds left.
|inactive|Trainer Piwi has 10 seconds left.
|
|t:|1784210186
|move|p2a: Glimmora|Protect|p2a: Glimmora
|-singleturn|p2a: Glimmora|Protect
|move|p1b: Mawile|Play Rough|p2b: Primarina
|-damage|p2b: Primarina|0 fnt
|faint|p2b: Primarina
|move|p1a: Farigiraf|Thunderbolt|p2a: Glimmora
|-activate|p2a: Glimmora|move: Protect
|
|-weather|SunnyDay|[upkeep]
|-fieldend|move: Trick Room
|upkeep
|turn|6
|
|t:|1784210209
|move|p1b: Mawile|Sucker Punch|p2a: Glimmora
|-damage|p2a: Glimmora|13/100
|move|p2a: Glimmora|Power Gem|p1a: Farigiraf
|-damage|p1a: Farigiraf|7/100
|-enditem|p1a: Farigiraf|Sitrus Berry|[eat]
|-heal|p1a: Farigiraf|32/100|[from] item: Sitrus Berry
|move|p1a: Farigiraf|Twin Beam|p2a: Glimmora
|-supereffective|p2a: Glimmora|1
|-damage|p2a: Glimmora|0 fnt
|faint|p2a: Glimmora
|-hitcount|p2: Glimmora|1
|
|win|Pelosis
|inactive|Pelosis has 30 seconds to confirm battle start!
|inactive|Trainer Piwi has 30 seconds to confirm battle start!
||Pelosis is ready for game 2.
||Trainer Piwi is ready for game 2.
|uhtml|next|Next: Game 2 of 3
