|j|☆NathanaelW19
|j|☆Malgooee
|html|NathanaelW19Malgooee    
|uhtml|bestof|Game 3 of a best-of-3
|t:|1782579416
|gametype|doubles
|player|p1|NathanaelW19|dragontamer|1093
|player|p2|Malgooee|1|1062
|gen|9
|tier|[Gen 9 Champions] VGC 2026 Reg M-B (Bo3)
|rated|
|rule|Species Clause: Limit one of each Pokémon
|rule|Item Clause: Limit 1 of each item
|clearpoke
|poke|p1|Eelektross, L50, F|
|poke|p1|Whimsicott, L50, F|
|poke|p1|Garchomp, L50, F|
|poke|p1|Basculegion, L50, M|
|poke|p1|Charizard, L50, M|
|poke|p1|Overqwil, L50, M|
|poke|p2|Staraptor, L50, F|
|poke|p2|Grimmsnarl, L50, M|
|poke|p2|Tsareena, L50, F|
|poke|p2|Gholdengo, L50|
|poke|p2|Volcarona, L50, M|
|poke|p2|Alcremie, L50, F|
|teampreview|4
|showteam|p1|Eelektross||Eelektrossite|Levitate|Thunderbolt,DragonPulse,Flamethrower,Protect|Modest||F|||50|]Whimsicott||FocusSash|Prankster|Tailwind,Moonblast,Encore,Protect|Timid||F|||50|]Garchomp||LifeOrb|RoughSkin|Earthquake,DragonClaw,RockSlide,Protect|Jolly||F|||50|]Basculegion||ChoiceScarf|Adaptability|LastRespects,AquaJet,WaveCrash,FlipTurn|Jolly||M|||50|]Charizard||CharizarditeY|Blaze|Protect,HeatWave,WeatherBall,SolarBeam|Timid||M|||50|]Overqwil||SitrusBerry|Intimidate|GunkShot,ThroatChop,AcidSpray,Protect|Adamant||M|||50|
|showteam|p2|Staraptor||Staraptite|Intimidate|CloseCombat,BraveBird,Roost,Protect|Jolly||F|||50|]Grimmsnarl||LightClay|Prankster|LightScreen,Reflect,BrickBreak,SpiritBreak|Sassy||M|||50|]Tsareena||ChoiceScarf|QueenlyMajesty|PetalBlizzard,TeeterDance,KnockOff,Uturn|Jolly||F|||50|]Gholdengo||FocusSash|GoodasGold|ShadowBall,MakeItRain,Protect,PowerGem|Modest|||||50|]Volcarona||Leftovers|FlameBody|QuiverDance,RagePowder,FieryDance,Protect|Bold||M|||50|]Alcremie||SitrusBerry|SweetVeil|Encore,Decorate,DazzlingGleam,Protect|Sassy||F|||50|
|inactive|Battle timer is ON: inactive players will automatically lose when time's up. (requested by Malgooee)
|inactive|NathanaelW19 also wants the timer to be on.
|
|t:|1782579441
|teamsize|p1|4
|teamsize|p2|4
|start
|switch|p1a: Whimsicott|Whimsicott, L50, F|100/100
|switch|p1b: Charizard|Charizard, L50, M|100/100
|switch|p2a: Alcremie|Alcremie, L50, F|100/100
|switch|p2b: Volcarona|Volcarona, L50, M|100/100
|turn|1
|inactive|Malgooee has 30 seconds left.
|inactive|Malgooee has 20 seconds left.
|inactive|Malgooee has 15 seconds left.
|inactive|Malgooee has 10 seconds left.
|inactive|Malgooee has 5 seconds left.
|
|t:|1782579492
|detailschange|p1b: Charizard|Charizard-Mega-Y, L50, M
|-mega|p1b: Charizard|Charizard|Charizardite Y
|-weather|SunnyDay|[from] ability: Drought|[of] p1b: Charizard
|move|p1a: Whimsicott|Moonblast|p2a: Alcremie
|-damage|p2a: Alcremie|73/100
|move|p1b: Charizard|Weather Ball|p2a: Alcremie
|-crit|p2a: Alcremie
|-damage|p2a: Alcremie|0 fnt
|faint|p2a: Alcremie
|move|p2b: Volcarona|Fiery Dance|p1a: Whimsicott
|-supereffective|p1a: Whimsicott|1
|-enditem|p1a: Whimsicott|Focus Sash
|-damage|p1a: Whimsicott|1/100
|-boost|p2b: Volcarona|spa|1
|
|-weather|SunnyDay|[upkeep]
|upkeep
|
|t:|1782579505
|switch|p2a: Staraptor|Staraptor, L50, F|100/100
|-ability|p2a: Staraptor|Intimidate|boost
|-unboost|p1a: Whimsicott|atk|1
|-unboost|p1b: Charizard|atk|1
|turn|2
|
|t:|1782579524
|detailschange|p2a: Staraptor|Staraptor-Mega, L50, F
|-mega|p2a: Staraptor|Staraptor|Staraptite
|move|p1a: Whimsicott|Tailwind|p1a: Whimsicott
|-sidestart|p1: NathanaelW19|move: Tailwind
|move|p1b: Charizard|Weather Ball|p2a: Staraptor
|-damage|p2a: Staraptor|6/100
|move|p2a: Staraptor|Close Combat|p1b: Charizard
|-resisted|p1b: Charizard|1
|-damage|p1b: Charizard|60/100
|-boost|p2a: Staraptor|def|1
|-boost|p2a: Staraptor|spd|1
|move|p2b: Volcarona|Quiver Dance|p2b: Volcarona
|-boost|p2b: Volcarona|spa|1
|-boost|p2b: Volcarona|spd|1
|-boost|p2b: Volcarona|spe|1
|
|-weather|SunnyDay|[upkeep]
|upkeep
|turn|3
|
|t:|1782579541
|switch|p2a: Tsareena|Tsareena, L50, F|100/100
|move|p1a: Whimsicott|Encore||[still]
|cant|p2a: Tsareena|ability: Queenly Majesty|Encore|[of] p1a: Whimsicott
|move|p1b: Charizard|Heat Wave|p2b: Volcarona|[spread] p2a,p2b
|-supereffective|p2a: Tsareena|1
|-damage|p2a: Tsareena|0 fnt
|-damage|p2b: Volcarona|59/100
|faint|p2a: Tsareena
|move|p2b: Volcarona|Fiery Dance|p1b: Charizard
|-resisted|p1b: Charizard|1
|-damage|p1b: Charizard|1/100
|
|-weather|SunnyDay|[upkeep]
|-heal|p2b: Volcarona|65/100|[from] item: Leftovers
|upkeep
|
|t:|1782579557
|switch|p2a: Staraptor|Staraptor-Mega, L50, F|6/100
|turn|4
|
|t:|1782579567
|move|p1a: Whimsicott|Protect|p1a: Whimsicott
|-singleturn|p1a: Whimsicott|Protect
|move|p1b: Charizard|Protect|p1b: Charizard
|-singleturn|p1b: Charizard|Protect
|move|p2a: Staraptor|Protect|p2a: Staraptor
|-singleturn|p2a: Staraptor|Protect
|move|p2b: Volcarona|Fiery Dance|p1b: Charizard
|-activate|p1b: Charizard|move: Protect
|
|-weather|SunnyDay|[upkeep]
|-heal|p2b: Volcarona|71/100|[from] item: Leftovers
|upkeep
|turn|5
|
|t:|1782579581
|move|p1a: Whimsicott|Moonblast|p2a: Staraptor
|-supereffective|p2a: Staraptor|1
|-damage|p2a: Staraptor|0 fnt
|faint|p2a: Staraptor
|move|p1b: Charizard|Weather Ball|p2b: Volcarona
|-damage|p2b: Volcarona|14/100
|move|p2b: Volcarona|Fiery Dance|p1b: Charizard
|-resisted|p1b: Charizard|1
|-damage|p1b: Charizard|0 fnt
|-boost|p2b: Volcarona|spa|1
|faint|p1b: Charizard
|
|-weather|none
|-heal|p2b: Volcarona|20/100y|[from] item: Leftovers
|-sideend|p1: NathanaelW19|move: Tailwind
|upkeep
|
|t:|1782579585
|switch|p1b: Basculegion|Basculegion, L50, M|100/100
|turn|6
|
|t:|1782579594
|move|p1a: Whimsicott|Tailwind|p1a: Whimsicott
|-sidestart|p1: NathanaelW19|move: Tailwind
|move|p1b: Basculegion|Wave Crash|p2b: Volcarona
|-supereffective|p2b: Volcarona|1
|-damage|p2b: Volcarona|0 fnt
|faint|p2b: Volcarona
|-damage|p1b: Basculegion|93/100|[from] Recoil
|
|win|NathanaelW19
|raw|NathanaelW19's rating: 1093 → 1117(+24 for winning)
|raw|Malgooee's rating: 1062 → 1044(-18 for losing)
|l|☆Malgooee
|player|p2|
|c|☆NathanaelW19|Ggs
