|j|☆Glaxx
|j|☆The Bradicus
|html|GlaxxThe Bradicus    
|uhtml|bestof|Game 2 of a best-of-3
|t:|1783962880
|gametype|doubles
|player|p1|Glaxx|red|1108
|player|p2|The Bradicus|richboy-gen6xy|1089
|gen|9
|tier|[Gen 9 Champions] VGC 2026 Reg M-B (Bo3)
|rated|
|rule|Species Clause: Limit one of each Pokémon
|rule|Item Clause: Limit 1 of each item
|clearpoke
|poke|p1|Sceptile, L50, M, shiny|
|poke|p1|Metagross, L50, shiny|
|poke|p1|Milotic, L50, F, shiny|
|poke|p1|Rotom-Heat, L50, shiny|
|poke|p1|Arcanine-Hisui, L50, F|
|poke|p1|Gardevoir, L50, F, shiny|
|poke|p2|Annihilape, L50, F|
|poke|p2|Incineroar, L50, F|
|poke|p2|Glimmora, L50, F|
|poke|p2|Whimsicott, L50, M|
|poke|p2|Metagross, L50|
|poke|p2|Sinistcha-Masterpiece, L50|
|teampreview|4
|showteam|p1|Sceptile||Sceptilite|Unburden|DragonPulse,LeafStorm,Protect,EarthPower|Timid||M|||50|]Metagross||LumBerry|ClearBody|Agility,IcePunch,PsychicFangs,MeteorMash|Adamant|||||50|]Milotic||Leftovers|Competitive|IceBeam,DrainingKiss,Scald,RainDance|Modest||F|||50|]Rotom-Heat||ChoiceScarf|Levitate|Discharge,Overheat,WillOWisp,Hex|Timid|||||50|]Arcanine-Hisui||ShellBell|RockHead|DoubleEdge,FlareBlitz,HeadSmash,WildCharge|Jolly||F|||50|]Gardevoir||FocusSash|Trace|Psyshock,AuraSphere,DazzlingGleam,SkillSwap|Modest||F|||50|
|showteam|p2|Annihilape||ChoiceScarf|Defiant|CloseCombat,ShadowClaw,Coaching,Uturn|Adamant||F|||50|]Incineroar||SitrusBerry|Intimidate|FlareBlitz,DarkestLariat,FakeOut,PartingShot|Impish||F|||50|]Glimmora||Glimmoranite|ToxicDebris|SludgeBomb,PowerGem,DazzlingGleam,SpikyShield|Timid||F|||50|]Whimsicott||FocusSash|Prankster|Moonblast,Encore,Tailwind,Protect|Timid||M|||50|]Metagross||Metagrossite|ClearBody|PsychicFangs,IronHead,IcePunch,Protect|Jolly|||||50|]Sinistcha-Masterpiece||Leftovers|Hospitality|MatchaGotcha,RagePowder,TrickRoom,Protect|Calm|||||50|
|inactive|Battle timer is ON: inactive players will automatically lose when time's up. (requested by The Bradicus)
|
|t:|1783962909
|teamsize|p1|4
|teamsize|p2|4
|start
|switch|p1a: Metagross|Metagross, L50, shiny|100/100
|switch|p1b: Milotic|Milotic, L50, F, shiny|100/100
|switch|p2a: Annihilape|Annihilape, L50, F|100/100
|switch|p2b: Glimmora|Glimmora, L50, F|100/100
|turn|1
|inactive|The Bradicus has 30 seconds left.
|inactive|The Bradicus has 20 seconds left.
|
|t:|1783962944
|move|p2b: Glimmora|Spiky Shield|p2b: Glimmora
|-singleturn|p2b: Glimmora|move: Protect
|move|p2a: Annihilape|U-turn|p1a: Metagross
|-damage|p1a: Metagross|77/100
|
|t:|1783962948
|switch|p2a: Whimsicott|Whimsicott, L50, M|100/100|[from] U-turn
|move|p1a: Metagross|Agility|p1a: Metagross
|-boost|p1a: Metagross|spe|2
|move|p1b: Milotic|Scald|p2b: Glimmora
|-activate|p2b: Glimmora|move: Protect
|
|upkeep
|turn|2
|
|t:|1783962965
|switch|p2b: Sinistcha|Sinistcha-Masterpiece, L50|100/100
|move|p2a: Whimsicott|Encore|p1a: Metagross
|-start|p1a: Metagross|Encore
|move|p1a: Metagross|Agility|p1a: Metagross
|-boost|p1a: Metagross|spe|2
|move|p1b: Milotic|Scald|p2a: Whimsicott
|-resisted|p2a: Whimsicott|1
|-damage|p2a: Whimsicott|71/100
|
|upkeep
|turn|3
|
|t:|1783962977
|move|p2a: Whimsicott|Encore|p1b: Milotic
|-start|p1b: Milotic|Encore
|move|p1a: Metagross|Agility|p1a: Metagross
|-boost|p1a: Metagross|spe|2
|move|p1b: Milotic|Scald|p2a: Whimsicott
|-resisted|p2a: Whimsicott|1
|-damage|p2a: Whimsicott|43/100
|move|p2b: Sinistcha|Matcha Gotcha|p1a: Metagross|[spread] p1a,p1b
|-resisted|p1a: Metagross|1
|-supereffective|p1b: Milotic|1
|-damage|p1a: Metagross|62/100
|-damage|p1b: Milotic|56/100
|
|-heal|p1b: Milotic|62/100|[from] item: Leftovers
|upkeep
|turn|4
|
|t:|1783962992
|move|p1a: Metagross|Agility|p1a: Metagross
|-boost|p1a: Metagross|spe|0
|move|p2a: Whimsicott|Moonblast|p1a: Metagross
|-resisted|p1a: Metagross|1
|-damage|p1a: Metagross|43/100
|move|p1b: Milotic|Scald|p2a: Whimsicott
|-resisted|p2a: Whimsicott|1
|-crit|p2a: Whimsicott
|-damage|p2a: Whimsicott|0 fnt
|faint|p2a: Whimsicott
|move|p2b: Sinistcha|Matcha Gotcha|p1b: Milotic|[spread] p1a,p1b
|-resisted|p1a: Metagross|1
|-supereffective|p1b: Milotic|1
|-damage|p1a: Metagross|26/100
|-damage|p1b: Milotic|24/100
|
|-heal|p1b: Milotic|30/100|[from] item: Leftovers
|-end|p1a: Metagross|Encore
|upkeep
|
|t:|1783963014
|switch|p2a: Glimmora|Glimmora, L50, F|100/100
|turn|5
|
|t:|1783963028
|detailschange|p2a: Glimmora|Glimmora-Mega, L50, F
|-mega|p2a: Glimmora|Glimmora|Glimmoranite
|move|p2a: Glimmora|Spiky Shield|p2a: Glimmora
|-singleturn|p2a: Glimmora|move: Protect
|move|p1a: Metagross|Meteor Mash|p2a: Glimmora
|-activate|p2a: Glimmora|move: Protect
|-damage|p1a: Metagross|14/100|[from] Spiky Shield|[of] p2a: Glimmora
|move|p1b: Milotic|Scald|p2a: Glimmora
|-activate|p2a: Glimmora|move: Protect
|move|p2b: Sinistcha|Matcha Gotcha|p1a: Metagross|[spread] p1a,p1b
|-resisted|p1a: Metagross|1
|-supereffective|p1b: Milotic|1
|-crit|p1b: Milotic
|-damage|p1a: Metagross|0 fnt
|-damage|p1b: Milotic|0 fnt
|faint|p1a: Metagross
|faint|p1b: Milotic
|
|upkeep
|
|t:|1783963034
|switch|p1a: Rotom|Rotom-Heat, L50, shiny|100/100
|switch|p1b: Sceptile|Sceptile, L50, M, shiny|100/100
|turn|6
|inactive|The Bradicus has 30 seconds left.
|inactive|The Bradicus has 20 seconds left.
|
|t:|1783963073
|detailschange|p1b: Sceptile|Sceptile-Mega, L50, M, shiny
|-mega|p1b: Sceptile|Sceptile|Sceptilite
|move|p2a: Glimmora|Spiky Shield||[still]
|-fail|p2a: Glimmora
|move|p1a: Rotom|Discharge|p2b: Sinistcha|[spread] p2a,p2b
|-ability|p1b: Sceptile|Lightning Rod|boost
|-boost|p1b: Sceptile|spa|1
|-resisted|p2b: Sinistcha|1
|-damage|p2a: Glimmora|68/100
|-damage|p2b: Sinistcha|88/100
|-status|p2a: Glimmora|par
|move|p1b: Sceptile|Earth Power|p2a: Glimmora
|-supereffective|p2a: Glimmora|2
|-damage|p2a: Glimmora|0 fnt
|faint|p2a: Glimmora
|move|p2b: Sinistcha|Trick Room|p2b: Sinistcha
|-fieldstart|move: Trick Room|[of] p2b: Sinistcha
|
|-heal|p2b: Sinistcha|94/100|[from] item: Leftovers
|upkeep
|
|t:|1783963079
|switch|p2a: Annihilape|Annihilape, L50, F|100/100
|turn|7
|
|t:|1783963096
|move|p1b: Sceptile|Protect|p1b: Sceptile
|-singleturn|p1b: Sceptile|Protect
|move|p2b: Sinistcha|Matcha Gotcha|p1a: Rotom|[spread] p1a
|-activate|p1b: Sceptile|move: Protect
|-resisted|p1a: Rotom|1
|-damage|p1a: Rotom|84/100
|-heal|p2b: Sinistcha|100/100|[from] drain|[of] p1a: Rotom
|move|p2a: Annihilape|Close Combat|p1b: Sceptile
|-activate|p1b: Sceptile|move: Protect
|move|p1a: Rotom|Discharge|p2a: Annihilape|[spread] p2a,p2b
|-activate|p1b: Sceptile|move: Protect
|-resisted|p2b: Sinistcha|1
|-damage|p2a: Annihilape|72/100
|-damage|p2b: Sinistcha|88/100
|-status|p2a: Annihilape|par
|-status|p2b: Sinistcha|par
|
|-heal|p2b: Sinistcha|94/100 par|[from] item: Leftovers
|upkeep
|turn|8
|
|t:|1783963118
|cant|p2b: Sinistcha|par
|cant|p2a: Annihilape|par
|move|p1b: Sceptile|Dragon Pulse|p2a: Annihilape
|-damage|p2a: Annihilape|0 fnt
|faint|p2a: Annihilape
|move|p1a: Rotom|Discharge|p2b: Sinistcha|[spread] p2b
|-ability|p1b: Sceptile|Lightning Rod|boost
|-boost|p1b: Sceptile|spa|1
|-resisted|p2b: Sinistcha|1
|-damage|p2b: Sinistcha|83/100 par
|
|-heal|p2b: Sinistcha|89/100 par|[from] item: Leftovers
|upkeep
|turn|9
|
|t:|1783963133
|cant|p2b: Sinistcha|par
|move|p1b: Sceptile|Dragon Pulse|p2b: Sinistcha
|-damage|p2b: Sinistcha|1/100 par
|move|p1a: Rotom|Discharge|p2b: Sinistcha|[spread] p2b
|-ability|p1b: Sceptile|Lightning Rod|boost
|-boost|p1b: Sceptile|spa|1
|-resisted|p2b: Sinistcha|1
|-damage|p2b: Sinistcha|0 fnt
|faint|p2b: Sinistcha
|
|win|Glaxx
||The Bradicus is ready for game 3.
