|j|☆CharlesDriven
|j|☆JakAttack101
|html|CharlesDrivenJakAttack101    
|uhtml|bestof|Game 2 of a best-of-3
|t:|1756500203
|gametype|doubles
|player|p1|CharlesDriven|palmer|1026
|player|p2|JakAttack101|blaine|1058
|gen|9
|tier|[Gen 9] VGC 2025 Reg H (Bo3)
|rated|
|rule|Species Clause: Limit one of each Pokémon
|rule|Item Clause: Limit 1 of each item
|clearpoke
|poke|p1|Charizard, L50, F|
|poke|p1|Torkoal, L50, F|
|poke|p1|Porygon2, L50|
|poke|p1|Incineroar, L50, M|
|poke|p1|Jumpluff, L50, F|
|poke|p1|Ursaluna, L50, M|
|poke|p2|Annihilape, L50, M|
|poke|p2|Ninetales-Alola, L50, M|
|poke|p2|Garchomp, L50, F|
|poke|p2|Dragonite, L50, M|
|poke|p2|Sneasler, L50, M|
|poke|p2|Incineroar, L50, F|
|teampreview|4
|showteam|p1|Charizard||ChoiceSpecs|SolarPower|HeatWave,Overheat,WeatherBall,AirSlash|||F|||50|,,,,,Ghost]Torkoal||EjectPack|Drought|Eruption,Overheat,HelpingHand,Protect|||F|||50|,,,,,Fire]Porygon2||Eviolite|Download|TeraBlast,IceBeam,Recover,TrickRoom||||||50|,,,,,Fighting]Incineroar||SitrusBerry|Intimidate|FlareBlitz,KnockOff,FakeOut,PartingShot|||M|||50|,,,,,Ghost]Jumpluff||CovertCloak|Chlorophyll|SleepPowder,SunnyDay,RagePowder,Tailwind|||F|||50|,,,,,Water]Ursaluna||FlameOrb|Guts|HeadlongRush,Facade,Earthquake,Protect|||M|||50|,,,,,Ghost
|showteam|p2|Annihilape||AssaultVest|Defiant|RageFist,DrainPunch,RockTomb,FinalGambit|||M|||50|,,,,,Fire]Ninetales-Alola||ChoiceSpecs|SnowWarning|Blizzard,Moonblast,FreezeDry,IcyWind|||M|||50|,,,,,Ghost]Garchomp||LifeOrb|RoughSkin|Earthquake,StompingTantrum,DragonClaw,Protect|||F|||50|,,,,,Steel]Dragonite||LoadedDice|Multiscale|ScaleShot,Tailwind,Protect,Haze|||M|||50|,,,,,Fairy]Sneasler||FocusSash|Unburden|CloseCombat,DireClaw,FakeOut,Coaching|||M|||50|,,,,,Ghost]Incineroar||SafetyGoggles|Intimidate|KnockOff,Taunt,FakeOut,PartingShot|||F|||50|,,,,,Fairy
|inactive|Battle timer is ON: inactive players will automatically lose when time's up. (requested by JakAttack101)
|
|t:|1756500260
|teamsize|p1|4
|teamsize|p2|4
|start
|switch|p1a: Charizard|Charizard, L50, F|100/100
|switch|p1b: Jumpluff|Jumpluff, L50, F|100/100
|switch|p2a: Dragonite|Dragonite, L50, M, shiny|100/100
|switch|p2b: Garchomp|Garchomp, L50, F|100/100
|turn|1
|
|t:|1756500284
|switch|p1a: Porygon2|Porygon2, L50|100/100
|-ability|p1a: Porygon2|Download|boost
|-boost|p1a: Porygon2|spa|1
|move|p1b: Jumpluff|Tailwind|p1b: Jumpluff
|-sidestart|p1: CharlesDriven|move: Tailwind
|move|p2b: Garchomp|Dragon Claw|p1a: Porygon2
|-damage|p1a: Porygon2|66/100
|-damage|p2b: Garchomp|91/100|[from] item: Life Orb
|move|p2a: Dragonite|Scale Shot|p1b: Jumpluff
|-damage|p1b: Jumpluff|80/100
|-crit|p1b: Jumpluff
|-damage|p1b: Jumpluff|52/100
|-damage|p1b: Jumpluff|32/100
|-damage|p1b: Jumpluff|12/100
|-hitcount|p1b: Jumpluff|4
|-unboost|p2a: Dragonite|def|1
|-boost|p2a: Dragonite|spe|1
|
|upkeep
|turn|2
|inactive|JakAttack101 has 30 seconds left.
|inactive|JakAttack101 has 20 seconds left.
|inactive|JakAttack101 has 15 seconds left.
|
|t:|1756500329
|-terastallize|p2a: Dragonite|Fairy
|move|p1b: Jumpluff|Sleep Powder|p2a: Dragonite
|-status|p2a: Dragonite|slp|[from] move: Sleep Powder
|cant|p2a: Dragonite|slp
|move|p2b: Garchomp|Dragon Claw|p1a: Porygon2
|-damage|p1a: Porygon2|32/100
|-damage|p2b: Garchomp|81/100|[from] item: Life Orb
|move|p1a: Porygon2|Ice Beam|p2b: Garchomp
|-supereffective|p2b: Garchomp
|-damage|p2b: Garchomp|0 fnt
|faint|p2b: Garchomp
|
|upkeep
|
|t:|1756500338
|switch|p2b: Incineroar|Incineroar, L50, F, shiny|100/100
|-ability|p2b: Incineroar|Intimidate|boost
|-unboost|p1a: Porygon2|atk|1
|-unboost|p1b: Jumpluff|atk|1
|turn|3
|
|t:|1756500345
|switch|p1a: Ursaluna|Ursaluna, L50, M|100/100
|move|p1b: Jumpluff|Sunny Day|p1b: Jumpluff
|-weather|SunnyDay
|cant|p2a: Dragonite|slp
|move|p2b: Incineroar|Knock Off|p1a: Ursaluna
|-damage|p1a: Ursaluna|68/100
|-enditem|p1a: Ursaluna|Flame Orb|[from] move: Knock Off|[of] p2b: Incineroar
|
|-weather|SunnyDay|[upkeep]
|upkeep
|turn|4
|
|t:|1756500361
|move|p1b: Jumpluff|Rage Powder|p1b: Jumpluff
|-singleturn|p1b: Jumpluff|move: Rage Powder
|-curestatus|p2a: Dragonite|slp|[msg]
|move|p2a: Dragonite|Tailwind|p2a: Dragonite
|-sidestart|p2: JakAttack101|move: Tailwind
|move|p1a: Ursaluna|Earthquake|p2a: Dragonite|[spread] p2a,p2b
|-immune|p1b: Jumpluff
|-supereffective|p2b: Incineroar
|-damage|p2a: Dragonite|61/100
|-damage|p2b: Incineroar|10/100
|move|p2b: Incineroar|Parting Shot|p1a: Ursaluna
|-unboost|p1a: Ursaluna|atk|1
|-unboost|p1a: Ursaluna|spa|1
|
|t:|1756500372
|switch|p2b: Annihilape|Annihilape, L50, M, shiny|100/100|[from] Parting Shot
|
|-weather|SunnyDay|[upkeep]
|-sideend|p1: CharlesDriven|move: Tailwind
|upkeep
|turn|5
|inactive|JakAttack101 has 30 seconds left.
|
|t:|1756500398
|switch|p2b: Incineroar|Incineroar, L50, F, shiny|10/100
|-ability|p2b: Incineroar|Intimidate|boost
|-unboost|p1a: Ursaluna|atk|1
|-unboost|p1b: Jumpluff|atk|1
|move|p2a: Dragonite|Scale Shot|p1b: Jumpluff
|-damage|p1b: Jumpluff|0 fnt
|faint|p1b: Jumpluff
|-hitcount|p1: Jumpluff|1
|-unboost|p2a: Dragonite|def|1
|-boost|p2a: Dragonite|spe|1
|move|p1a: Ursaluna|Earthquake|p2a: Dragonite|[spread] p2a,p2b
|-supereffective|p2b: Incineroar
|-damage|p2a: Dragonite|14/100
|-damage|p2b: Incineroar|0 fnt
|faint|p2b: Incineroar
|
|-weather|SunnyDay|[upkeep]
|upkeep
|inactive|CharlesDriven has 30 seconds left.
|
|t:|1756500432
|switch|p1b: Charizard|Charizard, L50, F|100/100
|switch|p2b: Annihilape|Annihilape, L50, M, shiny|100/100
|turn|6
|
|t:|1756500450
|-terastallize|p1b: Charizard|Ghost
|move|p2a: Dragonite|Scale Shot|p1a: Ursaluna
|-damage|p1a: Ursaluna|56/100
|-damage|p1a: Ursaluna|45/100
|-damage|p1a: Ursaluna|34/100
|-damage|p1a: Ursaluna|22/100
|-hitcount|p1a: Ursaluna|4
|-unboost|p2a: Dragonite|def|1
|-boost|p2a: Dragonite|spe|1
|move|p2b: Annihilape|Rock Tomb|p1b: Charizard
|-damage|p1b: Charizard|76/100
|-unboost|p1b: Charizard|spe|1
|move|p1b: Charizard|Heat Wave|p2b: Annihilape|[spread] p2a,p2b
|-damage|p2a: Dragonite|0 fnt
|-damage|p2b: Annihilape|31/100
|faint|p2a: Dragonite
|move|p1a: Ursaluna|Facade|p2b: Annihilape
|-immune|p2b: Annihilape
|
|-weather|SunnyDay|[upkeep]
|-damage|p1b: Charizard|63/100|[from] ability: Solar Power|[of] p1b: Charizard
|upkeep
|turn|7
|
|t:|1756500465
|move|p2b: Annihilape|Rage Fist|p1b: Charizard
|-supereffective|p1b: Charizard
|-damage|p1b: Charizard|0 fnt
|faint|p1b: Charizard
|move|p1a: Ursaluna|Headlong Rush|p2b: Annihilape
|-damage|p2b: Annihilape|0 fnt
|-unboost|p1a: Ursaluna|def|1
|-unboost|p1a: Ursaluna|spd|1
|faint|p2b: Annihilape
|
|win|CharlesDriven
|raw|CharlesDriven's rating: 1026 → 1065(+39 for winning)
|raw|JakAttack101's rating: 1058 → 1038(-20 for losing)
