|j|☆SANDSTORM3186
|j|☆lux raymundi
|html|SANDSTORM3186lux raymundi    
|uhtml|bestof|Game 1 of a best-of-3
|t:|1783022471
|gametype|doubles
|player|p1|SANDSTORM3186|hilbert-wonderlauncher|1170
|player|p2|lux raymundi|2|1150
|gen|9
|tier|[Gen 9 Champions] VGC 2026 Reg M-B (Bo3)
|rated|
|rule|Species Clause: Limit one of each Pokémon
|rule|Item Clause: Limit 1 of each item
|clearpoke
|poke|p1|Blastoise, L50, M|
|poke|p1|Gengar, L50, M|
|poke|p1|Incineroar, L50, M|
|poke|p1|Politoed, L50, F|
|poke|p1|Sinistcha, L50|
|poke|p1|Farigiraf, L50, F|
|poke|p2|Mawile, L50, M|
|poke|p2|Farigiraf, L50, F|
|poke|p2|Delphox, L50, M|
|poke|p2|Incineroar, L50, F|
|poke|p2|Sinistcha, L50|
|poke|p2|Garchomp, L50, F|
|teampreview|4
|showteam|p1|Blastoise||Blastoisinite|RainDish|WaterSpout,DarkPulse,Protect,ShellSmash|Modest||M|||50|]Gengar||Gengarite|CursedBody|ShadowBall,Disable,Protect,PerishSong|Timid||M|||50|]Incineroar||ShucaBerry|Intimidate|PartingShot,Protect,ThroatChop,FakeOut|Impish||M|||50|]Politoed||SitrusBerry|Drizzle|MuddyWater,Protect,HelpingHand,PerishSong|Relaxed||F|||50|]Sinistcha||Leftovers|Hospitality|MatchaGotcha,Protect,LifeDew,RagePowder|Bold|||||50|]Farigiraf||ColburBerry|ArmorTail|TrickRoom,Protect,Psychic,Roar|Sassy||F|||50|
|showteam|p2|Mawile||Mawilite|HyperCutter|SwordsDance,PlayRough,IronHead,Protect|Brave||M|||50|]Farigiraf||SitrusBerry|ArmorTail|Protect,TwinBeam,TrickRoom,Thunderbolt|Bold||F|||50|]Delphox||Delphoxite|Blaze|NastyPlot,HeatWave,Psychic,Protect|Timid||M|||50|]Incineroar||PasshoBerry|Intimidate|FakeOut,ThroatChop,FlareBlitz,PartingShot|Adamant||F|||50|]Sinistcha||ColburBerry|Hospitality|MatchaGotcha,TrickRoom,RagePowder,Protect|Relaxed|||||50|]Garchomp||LifeOrb|RoughSkin|DragonClaw,Earthquake,RockSlide,Protect|Jolly||F|||50|
|
|t:|1783022531
|teamsize|p1|4
|teamsize|p2|4
|start
|switch|p1a: Jerry|Blastoise, L50, M|100/100
|switch|p1b: Incineroar|Incineroar, L50, M|100/100
|switch|p2a: Farigiraf|Farigiraf, L50, F|100/100
|switch|p2b: Delphox|Delphox, L50, M|100/100
|-ability|p1b: Incineroar|Intimidate|boost
|-unboost|p2a: Farigiraf|atk|1
|-unboost|p2b: Delphox|atk|1
|turn|1
|
|t:|1783022574
|detailschange|p2b: Delphox|Delphox-Mega, L50, M
|-mega|p2b: Delphox|Delphox|Delphoxite
|detailschange|p1a: Jerry|Blastoise-Mega, L50, M
|-mega|p1a: Jerry|Blastoise|Blastoisinite
|move|p2b: Delphox|Psychic|p1a: Jerry
|-damage|p1a: Jerry|53/100
|move|p1a: Jerry|Water Spout|p2b: Delphox|[spread] p2a,p2b
|-supereffective|p2b: Delphox|1
|-damage|p2a: Farigiraf|68/100
|-damage|p2b: Delphox|35/100
|move|p1b: Incineroar|Parting Shot|p2a: Farigiraf
|-unboost|p2a: Farigiraf|atk|1
|-unboost|p2a: Farigiraf|spa|1
|
|t:|1783022583
|switch|p1b: Sinistcha|Sinistcha, L50|100/100|[from] Parting Shot
|-heal|p1a: Jerry|78/100|[from] ability: Hospitality|[of] p1b: Sinistcha
|move|p2a: Farigiraf|Thunderbolt|p1a: Jerry
|-supereffective|p1a: Jerry|1
|-damage|p1a: Jerry|50/100g
|
|upkeep
|turn|2
|
|t:|1783022614
|switch|p1a: Trudy|Politoed, L50, F|100/100
|-weather|RainDance|[from] ability: Drizzle|[of] p1a: Trudy
|switch|p2a: Sinistcha|Sinistcha, L50|100/100
|-heal|p2b: Delphox|60/100|[from] ability: Hospitality|[of] p2a: Sinistcha
|move|p2b: Delphox|Heat Wave|p1a: Trudy|[spread] p1a,p1b
|-resisted|p1a: Trudy|1
|-supereffective|p1b: Sinistcha|1
|-damage|p1a: Trudy|90/100
|-damage|p1b: Sinistcha|51/100
|move|p1b: Sinistcha|Matcha Gotcha|p2a: Sinistcha|[spread] p2a,p2b
|-resisted|p2a: Sinistcha|1
|-resisted|p2b: Delphox|1
|-damage|p2a: Sinistcha|87/100
|-heal|p1b: Sinistcha|58/100|[from] drain|[of] p2a: Sinistcha
|-damage|p2b: Delphox|50/100y
|-heal|p1b: Sinistcha|62/100|[from] drain|[of] p2b: Delphox
|
|-weather|RainDance|[upkeep]
|-heal|p1b: Sinistcha|69/100|[from] item: Leftovers
|upkeep
|turn|3
|
|t:|1783022635
|switch|p1b: Incineroar|Incineroar, L50, M|100/100
|-ability|p1b: Incineroar|Intimidate|boost
|-unboost|p2a: Sinistcha|atk|1
|-unboost|p2b: Delphox|atk|1
|move|p2b: Delphox|Psychic|p1a: Trudy
|-damage|p1a: Trudy|43/100
|-enditem|p1a: Trudy|Sitrus Berry|[eat]
|-heal|p1a: Trudy|68/100|[from] item: Sitrus Berry
|move|p1a: Trudy|Muddy Water|p2b: Delphox|[spread] p2a,p2b
|-resisted|p2a: Sinistcha|1
|-supereffective|p2b: Delphox|1
|-damage|p2a: Sinistcha|71/100
|-damage|p2b: Delphox|0 fnt
|faint|p2b: Delphox
|move|p2a: Sinistcha|Matcha Gotcha|p1b: Incineroar|[spread] p1a,p1b
|-supereffective|p1a: Trudy|1
|-resisted|p1b: Incineroar|1
|-damage|p1a: Trudy|27/100
|-heal|p2a: Sinistcha|94/100|[from] drain|[of] p1a: Trudy
|-damage|p1b: Incineroar|88/100
|-heal|p2a: Sinistcha|100/100|[from] drain|[of] p1b: Incineroar
|
|-weather|RainDance|[upkeep]
|upkeep
|
|t:|1783022655
|switch|p2b: Incineroar|Incineroar, L50, F|100/100
|-ability|p2b: Incineroar|Intimidate|boost
|-unboost|p1a: Trudy|atk|1
|-unboost|p1b: Incineroar|atk|1
|turn|4
|
|t:|1783022669
|switch|p1a: Sinistcha|Sinistcha, L50|69/100
|-heal|p1b: Incineroar|100/100|[from] ability: Hospitality|[of] p1a: Sinistcha
|switch|p2b: Farigiraf|Farigiraf, L50, F|68/100
|move|p1b: Incineroar|Throat Chop|p2a: Sinistcha
|-supereffective|p2a: Sinistcha|1
|-enditem|p2a: Sinistcha|Colbur Berry|[eat]
|-enditem|p2a: Sinistcha|Colbur Berry|[weaken]
|-damage|p2a: Sinistcha|84/100
|-start|p2a: Sinistcha|Throat Chop|[silent]
|move|p2a: Sinistcha|Matcha Gotcha|p1b: Incineroar|[spread] p1a,p1b
|-resisted|p1a: Sinistcha|1
|-resisted|p1b: Incineroar|1
|-damage|p1a: Sinistcha|54/100
|-heal|p2a: Sinistcha|91/100|[from] drain|[of] p1a: Sinistcha
|-damage|p1b: Incineroar|87/100
|-heal|p2a: Sinistcha|98/100|[from] drain|[of] p1b: Incineroar
|
|-weather|RainDance|[upkeep]
|-heal|p1a: Sinistcha|60/100|[from] item: Leftovers
|upkeep
|turn|5
|
|t:|1783022690
|switch|p2a: Incineroar|Incineroar, L50, F|100/100
|-ability|p2a: Incineroar|Intimidate|boost
|-unboost|p1a: Sinistcha|atk|1
|-unboost|p1b: Incineroar|atk|1
|move|p1a: Sinistcha|Matcha Gotcha|p2a: Incineroar|[spread] p2a,p2b
|-resisted|p2a: Incineroar|1
|-damage|p2a: Incineroar|88/100
|-heal|p1a: Sinistcha|67/100|[from] drain|[of] p2a: Incineroar
|-damage|p2b: Farigiraf|45/100
|-heal|p1a: Sinistcha|82/100|[from] drain|[of] p2b: Farigiraf
|-enditem|p2b: Farigiraf|Sitrus Berry|[eat]
|-heal|p2b: Farigiraf|70/100|[from] item: Sitrus Berry
|move|p1b: Incineroar|Parting Shot|p2a: Incineroar
|-unboost|p2a: Incineroar|atk|1
|-unboost|p2a: Incineroar|spa|1
|
|t:|1783022707
|switch|p1b: Jerry|Blastoise-Mega, L50, M|50/100g|[from] Parting Shot
|move|p2b: Farigiraf|Twin Beam|p1a: Sinistcha
|-damage|p1a: Sinistcha|64/100
|-damage|p1a: Sinistcha|47/100
|-hitcount|p1a: Sinistcha|2
|
|-weather|RainDance|[upkeep]
|-heal|p1a: Sinistcha|53/100|[from] item: Leftovers
|upkeep
|turn|6
|
|t:|1783022718
|move|p1b: Jerry|Protect|p1b: Jerry
|-singleturn|p1b: Jerry|Protect
|move|p2a: Incineroar|Fake Out|p1b: Jerry
|-activate|p1b: Jerry|move: Protect
|move|p1a: Sinistcha|Life Dew|p1a: Sinistcha|[spread] p1a,p1b
|-heal|p1a: Sinistcha|79/100
|-heal|p1b: Jerry|75/100
|move|p2b: Farigiraf|Trick Room|p2b: Farigiraf
|-fieldstart|move: Trick Room|[of] p2b: Farigiraf
|
|-weather|none
|-heal|p1a: Sinistcha|85/100|[from] item: Leftovers
|upkeep
|turn|7
|
|t:|1783022733
|move|p1a: Sinistcha|Rage Powder|p1a: Sinistcha
|-singleturn|p1a: Sinistcha|move: Rage Powder
|move|p2b: Farigiraf|Thunderbolt|p1a: Sinistcha
|-resisted|p1a: Sinistcha|1
|-damage|p1a: Sinistcha|71/100
|move|p2a: Incineroar|Parting Shot|p1a: Sinistcha
|-unboost|p1a: Sinistcha|atk|1
|-unboost|p1a: Sinistcha|spa|1
|
|t:|1783022740
|switch|p2a: Sinistcha|Sinistcha, L50|98/100|[from] Parting Shot
|-heal|p2b: Farigiraf|95/100|[from] ability: Hospitality|[of] p2a: Sinistcha
|move|p1b: Jerry|Water Spout|p2a: Sinistcha|[spread] p2a,p2b
|-resisted|p2a: Sinistcha|1
|-damage|p2a: Sinistcha|75/100
|-damage|p2b: Farigiraf|47/100
|
|-heal|p1a: Sinistcha|78/100|[from] item: Leftovers
|upkeep
|turn|8
|
|t:|1783022763
|move|p2b: Farigiraf|Thunderbolt|p1b: Jerry
|-supereffective|p1b: Jerry|1
|-damage|p1b: Jerry|34/100
|move|p2a: Sinistcha|Matcha Gotcha|p1a: Sinistcha|[spread] p1a,p1b
|-resisted|p1a: Sinistcha|1
|-supereffective|p1b: Jerry|1
|-crit|p1b: Jerry
|-damage|p1a: Sinistcha|65/100
|-heal|p2a: Sinistcha|82/100|[from] drain|[of] p1a: Sinistcha
|-damage|p1b: Jerry|0 fnt
|-heal|p2a: Sinistcha|100/100|[from] drain|[of] p1b: Jerry
|faint|p1b: Jerry
|move|p1a: Sinistcha|Matcha Gotcha|p2a: Sinistcha|[spread] p2b
|-miss|p1a: Sinistcha|p2a: Sinistcha
|-damage|p2b: Farigiraf|32/100
|-heal|p1a: Sinistcha|74/100|[from] drain|[of] p2b: Farigiraf
|
|-heal|p1a: Sinistcha|80/100|[from] item: Leftovers
|upkeep
|
|t:|1783022770
|switch|p1b: Incineroar|Incineroar, L50, M|87/100
|-ability|p1b: Incineroar|Intimidate|boost
|-unboost|p2a: Sinistcha|atk|1
|-unboost|p2b: Farigiraf|atk|1
|turn|9
|
|t:|1783022789
|switch|p2b: Incineroar|Incineroar, L50, F|88/100
|-ability|p2b: Incineroar|Intimidate|boost
|-unboost|p1a: Sinistcha|atk|1
|-unboost|p1b: Incineroar|atk|1
|move|p2a: Sinistcha|Protect|p2a: Sinistcha
|-singleturn|p2a: Sinistcha|Protect
|move|p1b: Incineroar|Throat Chop|p2b: Incineroar
|-resisted|p2b: Incineroar|1
|-damage|p2b: Incineroar|79/100
|-start|p2b: Incineroar|Throat Chop|[silent]
|move|p1a: Sinistcha|Life Dew|p1a: Sinistcha|[spread] p1a,p1b
|-heal|p1a: Sinistcha|100/100
|-heal|p1b: Incineroar|100/100
|
|upkeep
|turn|10
|
|t:|1783022810
|move|p2a: Sinistcha|Rage Powder|p2a: Sinistcha
|-singleturn|p2a: Sinistcha|move: Rage Powder
|move|p2b: Incineroar|Throat Chop|p1a: Sinistcha
|-supereffective|p1a: Sinistcha|1
|-damage|p1a: Sinistcha|38/100
|-start|p1a: Sinistcha|Throat Chop|[silent]
|move|p1b: Incineroar|Parting Shot|p2a: Sinistcha
|-unboost|p2a: Sinistcha|atk|1
|-unboost|p2a: Sinistcha|spa|1
|
|t:|1783022817
|switch|p1b: Trudy|Politoed, L50, F|27/100|[from] Parting Shot
|-weather|RainDance|[from] ability: Drizzle|[of] p1b: Trudy
|move|p1a: Sinistcha|Matcha Gotcha|p2b: Incineroar|[spread] p2a,p2b
|-resisted|p2a: Sinistcha|1
|-resisted|p2b: Incineroar|1
|-damage|p2a: Sinistcha|91/100
|-heal|p1a: Sinistcha|42/100|[from] drain|[of] p2a: Sinistcha
|-damage|p2b: Incineroar|72/100
|-heal|p1a: Sinistcha|47/100|[from] drain|[of] p2b: Incineroar
|
|-weather|RainDance|[upkeep]
|-heal|p1a: Sinistcha|53/100|[from] item: Leftovers
|-end|p2b: Incineroar|Throat Chop|[silent]
|-fieldend|move: Trick Room
|upkeep
|turn|11
|
|t:|1783022830
|switch|p1a: Incineroar|Incineroar, L50, M|100/100
|-ability|p1a: Incineroar|Intimidate|boost
|-unboost|p2a: Sinistcha|atk|1
|-unboost|p2b: Incineroar|atk|1
|move|p2a: Sinistcha|Matcha Gotcha|p1b: Trudy|[spread] p1a,p1b
|-resisted|p1a: Incineroar|1
|-supereffective|p1b: Trudy|1
|-damage|p1a: Incineroar|92/100
|-heal|p2a: Sinistcha|96/100|[from] drain|[of] p1a: Incineroar
|-damage|p1b: Trudy|0 fnt
|-heal|p2a: Sinistcha|100/100|[from] drain|[of] p1b: Trudy
|faint|p1b: Trudy
|move|p2b: Incineroar|Parting Shot|p1a: Incineroar
|-unboost|p1a: Incineroar|atk|1
|-unboost|p1a: Incineroar|spa|1
|
|t:|1783022837
|switch|p2b: Farigiraf|Farigiraf, L50, F|32/100|[from] Parting Shot
|
|-weather|RainDance|[upkeep]
|upkeep
|
|t:|1783022840
|switch|p1b: Sinistcha|Sinistcha, L50|53/100
|-heal|p1a: Incineroar|100/100|[from] ability: Hospitality|[of] p1b: Sinistcha
|turn|12
|
|t:|1783022847
|switch|p2a: Incineroar|Incineroar, L50, F|72/100
|-ability|p2a: Incineroar|Intimidate|boost
|-unboost|p1a: Incineroar|atk|1
|-unboost|p1b: Sinistcha|atk|1
|move|p2b: Farigiraf|Protect|p2b: Farigiraf
|-singleturn|p2b: Farigiraf|Protect
|move|p1b: Sinistcha|Matcha Gotcha|p2b: Farigiraf|[spread] p2a
|-activate|p2b: Farigiraf|move: Protect
|-resisted|p2a: Incineroar|1
|-damage|p2a: Incineroar|60/100
|-heal|p1b: Sinistcha|60/100|[from] drain|[of] p2a: Incineroar
|move|p1a: Incineroar|Throat Chop|p2a: Incineroar
|-resisted|p2a: Incineroar|1
|-damage|p2a: Incineroar|52/100
|-start|p2a: Incineroar|Throat Chop|[silent]
|
|-weather|RainDance|[upkeep]
|-heal|p1b: Sinistcha|66/100|[from] item: Leftovers
|upkeep
|turn|13
|
|t:|1783022870
|switch|p2b: Sinistcha|Sinistcha, L50|100/100
|-heal|p2a: Incineroar|77/100|[from] ability: Hospitality|[of] p2b: Sinistcha
|move|p1b: Sinistcha|Matcha Gotcha|p2a: Incineroar|[spread] p2a,p2b
|-resisted|p2a: Incineroar|1
|-resisted|p2b: Sinistcha|1
|-damage|p2a: Incineroar|65/100
|-heal|p1b: Sinistcha|73/100|[from] drain|[of] p2a: Incineroar
|-damage|p2b: Sinistcha|88/100
|-heal|p1b: Sinistcha|79/100|[from] drain|[of] p2b: Sinistcha
|move|p1a: Incineroar|Throat Chop|p2b: Sinistcha
|-supereffective|p2b: Sinistcha|1
|-damage|p2b: Sinistcha|64/100
|-start|p2b: Sinistcha|Throat Chop|[silent]
|move|p2a: Incineroar|Throat Chop|p1b: Sinistcha
|-supereffective|p1b: Sinistcha|1
|-damage|p1b: Sinistcha|20/100y
|-start|p1b: Sinistcha|Throat Chop|[silent]
|
|-weather|RainDance|[upkeep]
|-heal|p1b: Sinistcha|26/100|[from] item: Leftovers
|-end|p2a: Incineroar|Throat Chop|[silent]
|upkeep
|turn|14
|
|t:|1783022885
|switch|p2b: Farigiraf|Farigiraf, L50, F|32/100
|move|p1b: Sinistcha|Life Dew||[still]|[spread] p1a,p1b
|-fail|p1a: Incineroar|heal
|-heal|p1b: Sinistcha|52/100
|move|p1a: Incineroar|Throat Chop|p2b: Farigiraf
|-supereffective|p2b: Farigiraf|1
|-damage|p2b: Farigiraf|5/100
|-start|p2b: Farigiraf|Throat Chop|[silent]
|move|p2a: Incineroar|Parting Shot|p1a: Incineroar
|-unboost|p1a: Incineroar|atk|1
|-unboost|p1a: Incineroar|spa|1
|
|t:|1783022896
|switch|p2a: Sinistcha|Sinistcha, L50|64/100|[from] Parting Shot
|-heal|p2b: Farigiraf|29/100|[from] ability: Hospitality|[of] p2a: Sinistcha
|
|-weather|none
|-heal|p1b: Sinistcha|58/100|[from] item: Leftovers
|-end|p1b: Sinistcha|Throat Chop|[silent]
|upkeep
|turn|15
|
|t:|1783022909
|move|p2a: Sinistcha|Rage Powder|p2a: Sinistcha
|-singleturn|p2a: Sinistcha|move: Rage Powder
|move|p1b: Sinistcha|Life Dew||[still]|[spread] p1a,p1b
|-fail|p1a: Incineroar|heal
|-heal|p1b: Sinistcha|83/100
|move|p1a: Incineroar|Throat Chop|p2a: Sinistcha
|-supereffective|p2a: Sinistcha|1
|-damage|p2a: Sinistcha|43/100
|-start|p2a: Sinistcha|Throat Chop|[silent]
|move|p2b: Farigiraf|Thunderbolt|p1a: Incineroar
|-damage|p1a: Incineroar|79/100
|
|-heal|p1b: Sinistcha|89/100|[from] item: Leftovers
|-end|p2b: Farigiraf|Throat Chop|[silent]
|upkeep
|turn|16
|
|t:|1783022919
|switch|p2b: Incineroar|Incineroar, L50, F|65/100
|-ability|p2b: Incineroar|Intimidate|boost
|-unboost|p1a: Incineroar|atk|1
|-unboost|p1b: Sinistcha|atk|1
|move|p2a: Sinistcha|Protect|p2a: Sinistcha
|-singleturn|p2a: Sinistcha|Protect
|move|p1b: Sinistcha|Life Dew|p1b: Sinistcha|[spread] p1a,p1b
|-heal|p1a: Incineroar|100/100
|-heal|p1b: Sinistcha|100/100
|move|p1a: Incineroar|Throat Chop|p2b: Incineroar
|-resisted|p2b: Incineroar|1
|-damage|p2b: Incineroar|60/100
|-start|p2b: Incineroar|Throat Chop|[silent]
|
|-end|p2a: Sinistcha|Throat Chop|[silent]
|upkeep
|turn|17
|
|t:|1783022930
|move|p1b: Sinistcha|Life Dew||[still]|[still]|[spread] 
|-fail|p1a: Incineroar|heal
|-fail|p1b: Sinistcha|heal
|move|p2a: Sinistcha|Matcha Gotcha|p1a: Incineroar|[spread] p1b
|-miss|p2a: Sinistcha|p1a: Incineroar
|-resisted|p1b: Sinistcha|1
|-damage|p1b: Sinistcha|87/100
|-heal|p2a: Sinistcha|50/100y|[from] drain|[of] p1b: Sinistcha
|move|p1a: Incineroar|Throat Chop|p2a: Sinistcha
|-supereffective|p2a: Sinistcha|1
|-damage|p2a: Sinistcha|32/100
|-start|p2a: Sinistcha|Throat Chop|[silent]
|move|p2b: Incineroar|Flare Blitz|p1b: Sinistcha
|-supereffective|p1b: Sinistcha|1
|-damage|p1b: Sinistcha|0 fnt
|faint|p1b: Sinistcha
|-damage|p2b: Incineroar|35/100|[from] Recoil
|
|-end|p2b: Incineroar|Throat Chop|[silent]
|upkeep
|turn|18
|-message|SANDSTORM3186 forfeited.
|
|win|lux raymundi
