|j|☆higigig
|j|☆Skwovetboi
|html|higigigSkwovetboi    
|uhtml|bestof|Game 1 of a best-of-3
|t:|1756175183
|gametype|doubles
|player|p1|higigig|sisandbro|1092
|player|p2|Skwovetboi|turo-ai|1000
|gen|9
|tier|[Gen 9] VGC 2025 Reg H (Bo3)
|rated|
|rule|Species Clause: Limit one of each Pokémon
|rule|Item Clause: Limit 1 of each item
|clearpoke
|poke|p1|Sneasler, L50, F|
|poke|p1|Gholdengo, L50|
|poke|p1|Farigiraf, L50, M|
|poke|p1|Ursaluna-Bloodmoon, L50, M|
|poke|p1|Amoonguss, L50, F|
|poke|p1|Altaria, L50, M|
|poke|p2|Gliscor, L50, M|
|poke|p2|Archaludon, L50, M|
|poke|p2|Grimmsnarl, L50, M|
|poke|p2|Primarina, L50, M|
|poke|p2|Rillaboom, L50, M|
|poke|p2|Tauros-Paldea-Blaze, L50, M|
|teampreview|4
|showteam|p1|Sneasler||FocusSash|PoisonTouch|FakeOut,CloseCombat,DireClaw,Taunt|||F|||50|,,,,,Ghost]Gholdengo||ChoiceSpecs|GoodasGold|MakeItRain,ShadowBall,DazzlingGleam,PowerGem||||||50|,,,,,Steel]Farigiraf||MentalHerb|ArmorTail|Psychic,Imprison,HelpingHand,TrickRoom|||M|||50|,,,,,Grass]Ursaluna-Bloodmoon||ThroatSpray|MindsEye|HyperVoice,EarthPower,BloodMoon,Protect|||M|||50|,,,,,Normal]Amoonguss||SitrusBerry|Regenerator|SludgeBomb,PollenPuff,Spore,RagePowder|||F|||50|,,,,,Water]Altaria||CovertCloak|CloudNine|BreakingSwipe,HelpingHand,Haze,Tailwind|||M|||50|,,,,,Water
|showteam|p2|Gliscor||ToxicOrb|PoisonHeal|DualWingbeat,HighHorsepower,Tailwind,Protect|||M|||50|,,,,,Water]Archaludon||PowerHerb|Stalwart|DragonPulse,ElectroShot,Thunderbolt,Protect|||M|||50|,,,,,Electric]Grimmsnarl||LightClay|Prankster|Reflect,LightScreen,FakeOut,FoulPlay|||M|||50|,,,,,Ghost]Primarina||Leftovers|LiquidVoice|HyperVoice,DrainingKiss,CalmMind,Protect|||M|||50|,,,,,Grass]Rillaboom||AssaultVest|GrassySurge|WoodHammer,GrassyGlide,Uturn,FakeOut|||M|||50|,,,,,Fire]Tauros-Paldea-Blaze||MirrorHerb|Intimidate|WillOWisp,CloseCombat,Protect,RagingBull|||M|||50|,,,,,Grass
|inactive|Battle timer is ON: inactive players will automatically lose when time's up. (requested by higigig)
|inactive|Skwovetboi also wants the timer to be on.
|inactive|higigig has 60 seconds left.
|inactive|Skwovetboi has 60 seconds left.
|inactive|higigig has 30 seconds left.
|inactive|higigig has 20 seconds left.
|inactive|higigig has 15 seconds left.
|inactive|higigig has 10 seconds left.
|inactive|higigig has 5 seconds left.
|
|t:|1756175270
|teamsize|p1|4
|teamsize|p2|4
|start
|switch|p1a: Farigiraf|Farigiraf, L50, M|100/100
|switch|p1b: Ursaluna|Ursaluna-Bloodmoon, L50, M|100/100
|switch|p2a: Dumb Phoque|Primarina, L50, M|100/100
|switch|p2b: El Toro Loco|Tauros-Paldea-Blaze, L50, M|100/100
|-ability|p2b: El Toro Loco|Intimidate|boost
|-unboost|p1a: Farigiraf|atk|1
|-unboost|p1b: Ursaluna|atk|1
|turn|1
|
|t:|1756175288
|move|p1b: Ursaluna|Protect|p1b: Ursaluna
|-singleturn|p1b: Ursaluna|Protect
|move|p2b: El Toro Loco|Raging Bull|p1a: Farigiraf
|-damage|p1a: Farigiraf|66/100
|move|p2a: Dumb Phoque|Hyper Voice|p1a: Farigiraf|[spread] p1a
|-activate|p1b: Ursaluna|move: Protect
|-damage|p1a: Farigiraf|36/100
|move|p1a: Farigiraf|Trick Room|p1a: Farigiraf
|-fieldstart|move: Trick Room|[of] p1a: Farigiraf
|
|upkeep
|turn|2
|
|t:|1756175307
|-terastallize|p1b: Ursaluna|Normal
|move|p1a: Farigiraf|Psychic|p2b: El Toro Loco
|-supereffective|p2b: El Toro Loco
|-damage|p2b: El Toro Loco|1/100
|move|p1b: Ursaluna|Hyper Voice|p2b: El Toro Loco|[spread] p2a,p2b
|-damage|p2a: Dumb Phoque|55/100
|-damage|p2b: El Toro Loco|0 fnt
|faint|p2b: El Toro Loco
|-enditem|p1b: Ursaluna|Throat Spray
|-boost|p1b: Ursaluna|spa|1|[from] item: Throat Spray
|move|p2a: Dumb Phoque|Calm Mind|p2a: Dumb Phoque
|-boost|p2a: Dumb Phoque|spa|1
|-boost|p2a: Dumb Phoque|spd|1
|
|-heal|p2a: Dumb Phoque|60/100|[from] item: Leftovers
|upkeep
|
|t:|1756175322
|switch|p2b: Robbie Rotten|Grimmsnarl, L50, M|100/100
|turn|3
|
|t:|1756175330
|move|p1a: Farigiraf|Helping Hand|p1b: Ursaluna
|-singleturn|p1b: Ursaluna|Helping Hand|[of] p1a: Farigiraf
|move|p2b: Robbie Rotten|Light Screen|p2b: Robbie Rotten
|-sidestart|p2: Skwovetboi|move: Light Screen
|move|p1b: Ursaluna|Hyper Voice|p2b: Robbie Rotten|[spread] p2a,p2b
|-damage|p2a: Dumb Phoque|13/100
|-damage|p2b: Robbie Rotten|33/100
|move|p2a: Dumb Phoque|Hyper Voice|p1a: Farigiraf|[spread] p1a,p1b
|-crit|p1b: Ursaluna
|-damage|p1a: Farigiraf|0 fnt
|-damage|p1b: Ursaluna|17/100
|faint|p1a: Farigiraf
|
|-heal|p2a: Dumb Phoque|18/100|[from] item: Leftovers
|upkeep
|
|t:|1756175350
|switch|p1a: Sneasler|Sneasler, L50, F|100/100
|turn|4
|inactive|Skwovetboi has 30 seconds left.
|
|t:|1756175375
|-terastallize|p2b: Robbie Rotten|Ghost
|move|p2a: Dumb Phoque|Protect|p2a: Dumb Phoque
|-singleturn|p2a: Dumb Phoque|Protect
|move|p1a: Sneasler|Fake Out|p2b: Robbie Rotten
|-immune|p2b: Robbie Rotten
|move|p2b: Robbie Rotten|Foul Play|p1b: Ursaluna
|-damage|p1b: Ursaluna|8/100
|move|p1b: Ursaluna|Hyper Voice|p2a: Dumb Phoque|[spread] p2b
|-activate|p2a: Dumb Phoque|move: Protect
|-damage|p2b: Robbie Rotten|0 fnt
|faint|p2b: Robbie Rotten
|
|-heal|p2a: Dumb Phoque|24/100|[from] item: Leftovers
|upkeep
|
|t:|1756175389
|switch|p2b: Flapjack|Gliscor, L50, M|100/100
|turn|5
|
|t:|1756175401
|move|p2a: Dumb Phoque|Protect||[still]
|-fail|p2a: Dumb Phoque
|move|p1b: Ursaluna|Hyper Voice|p2a: Dumb Phoque|[spread] p2a,p2b
|-damage|p2a: Dumb Phoque|0 fnt
|-damage|p2b: Flapjack|30/100
|faint|p2a: Dumb Phoque
|move|p2b: Flapjack|Tailwind|p2b: Flapjack
|-sidestart|p2: Skwovetboi|move: Tailwind
|move|p1a: Sneasler|Dire Claw|p2b: Flapjack
|-resisted|p2b: Flapjack
|-damage|p2b: Flapjack|12/100
|-status|p2b: Flapjack|par
|
|-fieldend|move: Trick Room
|upkeep
|turn|6
|
|t:|1756175412
|move|p1a: Sneasler|Dire Claw|p2b: Flapjack
|-resisted|p2b: Flapjack
|-damage|p2b: Flapjack|0 fnt
|faint|p2b: Flapjack
|
|win|higigig
