|j|☆kokomiiiii
|j|☆Sub Force
|html|kokomiiiiiSub Force    
|uhtml|bestof|Game 2 of a best-of-3
|t:|1757903679
|gametype|doubles
|player|p1|kokomiiiii|lillie-masters|1151
|player|p2|Sub Force|smasher|1095
|gen|9
|tier|[Gen 9] VGC 2025 Reg H (Bo3)
|rated|
|rule|Species Clause: Limit one of each Pokémon
|rule|Item Clause: Limit 1 of each item
|clearpoke
|poke|p1|Gholdengo, L50|
|poke|p1|Ursaluna, L50, M|
|poke|p1|Dragonite, L50, M|
|poke|p1|Porygon2, L50|
|poke|p1|Incineroar, L50, M|
|poke|p1|Amoonguss, L50, M|
|poke|p2|Corviknight, L50, M|
|poke|p2|Garchomp, L50, M|
|poke|p2|Tyranitar, L50, F|
|poke|p2|Volcarona, L50, F|
|poke|p2|Whimsicott, L50, F|
|poke|p2|Annihilape, L50, F|
|teampreview|4
|showteam|p1|Gholdengo||LifeOrb|GoodasGold|MakeItRain,ShadowBall,NastyPlot,Protect||||||50|,,,,,Water]Ursaluna||FlameOrb|Guts|HeadlongRush,Facade,Earthquake,Protect|||M|||50|,,,,,Ghost]Dragonite||LoadedDice|Multiscale|ScaleShot,Haze,Tailwind,Protect|||M|||50|,,,,,Fairy]Porygon2||Eviolite|Download|IceBeam,TeraBlast,TrickRoom,Recover||||||50|,,,,,Fighting]Incineroar||SafetyGoggles|Intimidate|FakeOut,KnockOff,FlareBlitz,PartingShot|||M|||50|,,,,,Ghost]Amoonguss||SitrusBerry|Regenerator|RagePowder,PollenPuff,Spore,Protect|||M|||50|,,,,,Water
|showteam|p2|Corviknight||RockyHelmet|MirrorArmor|BraveBird,Roost,Tailwind,Taunt|||M|||50|,,,,,Water]Garchomp||ClearAmulet|SandVeil|Earthquake,Protect,DragonClaw,IronHead|||M|||50|,,,,,Steel]Tyranitar||AssaultVest|SandStream|RockSlide,KnockOff,TeraBlast,Snarl|||F|||50|,,,,,Flying]Volcarona||Leftovers|FlameBody|HeatWave,QuiverDance,Protect,GigaDrain|||F|||50|,,,,,Grass]Whimsicott||CovertCloak|Prankster|Moonblast,BeatUp,Tailwind,Encore|||F|||50|,,,,,Water]Annihilape||SafetyGoggles|Defiant|DrainPunch,RageFist,Coaching,Protect|||F|||50|,,,,,Fire
|inactive|Battle timer is ON: inactive players will automatically lose when time's up. (requested by Sub Force)
|inactive|kokomiiiii has 60 seconds left.
|inactive|Sub Force has 60 seconds left.
|
|t:|1757903726
|teamsize|p1|4
|teamsize|p2|4
|start
|switch|p1a: Annoyingon2|Porygon2, L50, shiny|100/100
|switch|p1b: Midcineroar|Incineroar, L50, M, shiny|100/100
|switch|p2a: Annihilape|Annihilape, L50, F|100/100
|switch|p2b: Whimsicott|Whimsicott, L50, F|100/100
|-ability|p1b: Midcineroar|Intimidate|boost
|-unboost|p2a: Annihilape|atk|1
|-ability|p2a: Annihilape|Defiant|boost
|-boost|p2a: Annihilape|atk|2
|-unboost|p2b: Whimsicott|atk|1
|-ability|p1a: Annoyingon2|Download|boost
|-boost|p1a: Annoyingon2|spa|1
|turn|1
|inactive|kokomiiiii has 30 seconds left.
|inactive|Sub Force has 30 seconds left.
|inactive|kokomiiiii has 20 seconds left.
|inactive|Sub Force has 20 seconds left.
|inactive|kokomiiiii has 15 seconds left.
|inactive|kokomiiiii has 10 seconds left.
|
|t:|1757903771
|-terastallize|p2b: Whimsicott|Water
|move|p2b: Whimsicott|Beat Up|p2a: Annihilape
|-damage|p2a: Annihilape|99/100
|-damage|p2a: Annihilape|97/100
|-damage|p2a: Annihilape|95/100
|-damage|p2a: Annihilape|94/100
|-hitcount|p2a: Annihilape|4
|move|p2a: Annihilape|Drain Punch|p1a: Annoyingon2
|-supereffective|p1a: Annoyingon2
|-damage|p1a: Annoyingon2|32/100
|-heal|p2a: Annihilape|100/100|[from] drain|[of] p1a: Annoyingon2
|move|p1b: Midcineroar|Parting Shot|p2b: Whimsicott
|-unboost|p2b: Whimsicott|atk|1
|-unboost|p2b: Whimsicott|spa|1
|
|t:|1757903782
|switch|p1b: bam|Ursaluna, L50, M, shiny|100/100|[from] Parting Shot
|move|p1a: Annoyingon2|Trick Room|p1a: Annoyingon2
|-fieldstart|move: Trick Room|[of] p1a: Annoyingon2
|
|-status|p1b: bam|brn|[from] item: Flame Orb
|upkeep
|turn|2
|
|t:|1757903803
|switch|p1a: da king|Gholdengo, L50|100/100
|-terastallize|p1b: bam|Ghost
|move|p2a: Annihilape|Protect|p2a: Annihilape
|-singleturn|p2a: Annihilape|Protect
|move|p1b: bam|Headlong Rush|p2a: Annihilape
|-activate|p2a: Annihilape|move: Protect
|move|p2b: Whimsicott|Moonblast|p1b: bam
|-damage|p1b: bam|83/100 brn
|
|-damage|p1b: bam|77/100 brn|[from] brn
|upkeep
|turn|3
|inactive|kokomiiiii has 30 seconds left.
|inactive|Sub Force has 30 seconds left.
|inactive|kokomiiiii has 20 seconds left.
|inactive|kokomiiiii has 15 seconds left.
|
|t:|1757903848
|switch|p1a: Annoyingon2|Porygon2, L50, shiny|32/100
|-ability|p1a: Annoyingon2|Download|boost
|-boost|p1a: Annoyingon2|spa|1
|move|p1b: bam|Headlong Rush|p2a: Annihilape
|-damage|p2a: Annihilape|0 fnt
|-unboost|p1b: bam|def|1
|-unboost|p1b: bam|spd|1
|faint|p2a: Annihilape
|move|p2b: Whimsicott|Moonblast|p1a: Annoyingon2
|-damage|p1a: Annoyingon2|19/100
|
|-damage|p1b: bam|71/100 brn|[from] brn
|upkeep
|
|t:|1757903863
|switch|p2a: Garchomp|Garchomp, L50, M|100/100
|turn|4
|
|t:|1757903878
|move|p2a: Garchomp|Protect|p2a: Garchomp
|-singleturn|p2a: Garchomp|Protect
|move|p1a: Annoyingon2|Recover|p1a: Annoyingon2
|-heal|p1a: Annoyingon2|69/100
|move|p1b: bam|Facade|p2b: Whimsicott
|-damage|p2b: Whimsicott|0 fnt
|faint|p2b: Whimsicott
|
|-damage|p1b: bam|65/100 brn|[from] brn
|upkeep
|
|t:|1757903888
|switch|p2b: Volcarona|Volcarona, L50, F|100/100
|turn|5
|
|t:|1757903898
|move|p2a: Garchomp|Protect|p2a: Garchomp
|-singleturn|p2a: Garchomp|Protect
|move|p1a: Annoyingon2|Ice Beam|p2a: Garchomp
|-activate|p2a: Garchomp|move: Protect
|move|p1b: bam|Facade|p2b: Volcarona
|-damage|p2b: Volcarona|0 fnt
|faint|p2b: Volcarona
|
|-damage|p1b: bam|59/100 brn|[from] brn
|-fieldend|move: Trick Room
|upkeep
|turn|6
|-message|Sub Force forfeited.
|raw|kokomiiiii's rating: 1151 → 1172(+21 for winning)
|raw|Sub Force's rating: 1095 → 1075(-20 for losing)
|
|win|kokomiiiii
|l|☆Sub Force
|player|p2|
