|j|☆shahnnawaz
|html|25th_mangshahnnawaz    
|uhtml|bestof|Game 2 of a best-of-3
|t:|1782303959
|gametype|doubles
|player|p1|25th_mang|ballguy|1218
|player|p2|shahnnawaz|101|1109
|gen|9
|tier|[Gen 9 Champions] VGC 2026 Reg M-B (Bo3)
|rated|
|rule|Species Clause: Limit one of each Pokémon
|rule|Item Clause: Limit 1 of each item
|clearpoke
|poke|p1|Crabominable, L50, M|
|poke|p1|Farigiraf, L50, M|
|poke|p1|Incineroar, L50, M|
|poke|p1|Archaludon, L50, M|
|poke|p1|Pelipper, L50, M|
|poke|p1|Sinistcha, L50|
|poke|p2|Raichu, L50, M|
|poke|p2|Whimsicott, L50, F|
|poke|p2|Garchomp, L50, F|
|poke|p2|Basculegion, L50, M|
|poke|p2|Floette-Eternal, L50, F|
|poke|p2|Gholdengo, L50|
|teampreview|4
|showteam|p1|Crabominable||Crabominite|HyperCutter|IceHammer,DrainPunch,Protect,ThunderPunch|Brave||M|||50|]Farigiraf||MentalHerb|ArmorTail|TrickRoom,Psychic,HyperVoice,HelpingHand|Relaxed||M|||50|]Incineroar||Charcoal|Intimidate|FakeOut,FlareBlitz,Assurance,Snarl|Adamant||M|||50|]Archaludon||Magnet|Stalwart|ElectroShot,AuraSphere,DracoMeteor,Protect|Quiet||M|||50|]Pelipper||SharpBeak|Drizzle|Hurricane,WeatherBall,WideGuard,Protect|Modest||M|||50|]Sinistcha||SitrusBerry|Hospitality|MatchaGotcha,RagePowder,LifeDew,TrickRoom|Relaxed|||||50|
|showteam|p2|Raichu||RaichuniteY|LightningRod|FakeOut,FocusBlast,ZapCannon,Protect|Serious||M|||50|]Whimsicott||FocusSash|Prankster|Encore,FakeTears,Tailwind,Moonblast|Sassy||F|||50|]Garchomp||LifeOrb|RoughSkin|ScaleShot,StompingTantrum,RockSlide,Protect|Jolly||F|||50|]Basculegion||ChoiceScarf|Adaptability|LastRespects,FlipTurn,WaveCrash,Soak|Adamant||M|||50|]Floette-Eternal||Floettite|FlowerVeil|CalmMind,Moonblast,DazzlingGleam,Protect|Bold||F|||50|]Gholdengo||Leftovers|GoodasGold|MakeItRain,NastyPlot,ShadowBall,Protect|Quiet|||||50|
|j|☆25th_mang
|player|p1|25th_mang|ballguy|
|inactive|Battle timer is ON: inactive players will automatically lose when time's up. (requested by 25th_mang)
|
|t:|1782303989
|teamsize|p1|4
|teamsize|p2|4
|start
|switch|p1a: My1stFlip|Farigiraf, L50, M|100/100
|switch|p1b: My1stRoar|Incineroar, L50, M|100/100
|switch|p2a: Basculegion|Basculegion, L50, M|100/100
|switch|p2b: Gholdengo|Gholdengo, L50|100/100
|-ability|p1b: My1stRoar|Intimidate|boost
|-unboost|p2a: Basculegion|atk|1
|-unboost|p2b: Gholdengo|atk|1
|turn|1
|inactive|25th_mang has 30 seconds left.
|
|t:|1782304021
|move|p2a: Basculegion|Wave Crash|p1a: My1stFlip
|-damage|p1a: My1stFlip|57/100
|-damage|p2a: Basculegion|84/100|[from] Recoil
|move|p2b: Gholdengo|Make It Rain|p1a: My1stFlip|[spread] p1a,p1b
|-resisted|p1b: My1stRoar|1
|-damage|p1a: My1stFlip|19/100
|-damage|p1b: My1stRoar|79/100
|-unboost|p2b: Gholdengo|spa|2
|move|p1b: My1stRoar|Flare Blitz|p2b: Gholdengo
|-supereffective|p2b: Gholdengo|1
|-damage|p2b: Gholdengo|0 fnt
|faint|p2b: Gholdengo
|-damage|p1b: My1stRoar|44/100|[from] Recoil
|move|p1a: My1stFlip|Trick Room|p1a: My1stFlip
|-fieldstart|move: Trick Room|[of] p1a: My1stFlip
|
|upkeep
|
|t:|1782304040
|switch|p2b: Floette|Floette-Eternal, L50, F|100/100
|turn|2
|
|t:|1782304047
|detailschange|p2b: Floette|Floette-Mega, L50, F
|-mega|p2b: Floette|Floette|Floettite
|-ability|p2b: Floette|Fairy Aura
|move|p1a: My1stFlip|Helping Hand|p1b: My1stRoar
|-singleturn|p1b: My1stRoar|Helping Hand|[of] p1a: My1stFlip
|move|p1b: My1stRoar|Flare Blitz|p2b: Floette
|-damage|p2b: Floette|12/100
|-damage|p1b: My1stRoar|16/100|[from] Recoil
|move|p2b: Floette|Calm Mind|p2b: Floette
|-boost|p2b: Floette|spa|1
|-boost|p2b: Floette|spd|1
|move|p2a: Basculegion|Wave Crash|p1b: My1stRoar
|-supereffective|p1b: My1stRoar|1
|-damage|p1b: My1stRoar|0 fnt
|faint|p1b: My1stRoar
|-damage|p2a: Basculegion|78/100|[from] Recoil
|
|upkeep
|
|t:|1782304059
|switch|p1b: Doomscroll|Archaludon, L50, M|100/100
|turn|3
|
|t:|1782304072
|move|p1a: My1stFlip|Hyper Voice|p2a: Basculegion|[spread] p2b
|-immune|p2a: Basculegion
|-damage|p2b: Floette|1/100
|move|p1b: Doomscroll|Draco Meteor|p2a: Basculegion|[miss]
|-miss|p1b: Doomscroll|p2a: Basculegion
|move|p2b: Floette|Moonblast|p1b: Doomscroll
|-damage|p1b: Doomscroll|0 fnt
|faint|p1b: Doomscroll
|move|p2a: Basculegion|Wave Crash|p1a: My1stFlip
|-damage|p1a: My1stFlip|0 fnt
|faint|p1a: My1stFlip
|-damage|p2a: Basculegion|71/100|[from] Recoil
|
|upkeep
|
|t:|1782304080
|switch|p1b: Stup!b|Pelipper, L50, M|100/100
|-weather|RainDance|[from] ability: Drizzle|[of] p1b: Stup!b
|turn|4
|
|t:|1782304093
|switch|p2a: Garchomp|Garchomp, L50, F|100/100
|move|p2b: Floette|Protect|p2b: Floette
|-singleturn|p2b: Floette|Protect
|move|p1b: Stup!b|Hurricane|p2b: Floette
|-activate|p2b: Floette|move: Protect
|
|-weather|RainDance|[upkeep]
|upkeep
|turn|5
|
|t:|1782304104
|switch|p2b: Basculegion|Basculegion, L50, M|71/100
|move|p1b: Stup!b|Weather Ball|p2a: Garchomp
|-damage|p2a: Garchomp|21/100
|move|p2a: Garchomp|Rock Slide|p1b: Stup!b
|-supereffective|p1b: Stup!b|1
|-damage|p1b: Stup!b|23/100
|-damage|p2a: Garchomp|11/100|[from] item: Life Orb
|
|-weather|RainDance|[upkeep]
|-fieldend|move: Trick Room
|upkeep
|turn|6
|
|t:|1782304121
|move|p2b: Basculegion|Last Respects|p1b: Stup!b
|-damage|p1b: Stup!b|0 fnt
|faint|p1b: Stup!b
|
|win|shahnnawaz
