|j|☆Mek Donald
|j|☆TheLackluster7
|html|Mek DonaldTheLackluster7    
|uhtml|bestof|Game 1 of a best-of-3
|t:|1757664594
|gametype|doubles
|player|p1|Mek Donald|pilot|1111
|player|p2|TheLackluster7|juggler|1086
|gen|9
|tier|[Gen 9] VGC 2025 Reg H (Bo3)
|rated|
|rule|Species Clause: Limit one of each Pokémon
|rule|Item Clause: Limit 1 of each item
|clearpoke
|poke|p1|Espathra, L50, M|
|poke|p1|Indeedee, L50, M|
|poke|p1|Sneasler, L50, M|
|poke|p1|Hydreigon, L50, F|
|poke|p1|Garchomp, L50, F|
|poke|p1|Talonflame, L50, F|
|poke|p2|Indeedee-F, L50, F|
|poke|p2|Armarouge, L50, F|
|poke|p2|Primarina, L50, F|
|poke|p2|Whimsicott, L50, F|
|poke|p2|Zoroark-Hisui, L50, F|
|poke|p2|Ursaluna, L50, M|
|teampreview|4
|showteam|p1|Espathra||FocusSash|SpeedBoost|ExpandingForce,LuminaCrash,DazzlingGleam,Protect|||M|||50|,,,,,Fairy]Indeedee||ChoiceScarf|PsychicSurge|DazzlingGleam,ExpandingForce,HyperVoice,Psychic|||M|||50|,,,,,Psychic]Sneasler||PsychicSeed|Unburden|DireClaw,CloseCombat,ThroatChop,Protect|||M|||50|,,,,,Dark]Hydreigon||SafetyGoggles|Levitate|DracoMeteor,Snarl,DarkPulse,Protect|||F|||50|,,,,,Ghost]Garchomp||LifeOrb|RoughSkin|StompingTantrum,Earthquake,DragonClaw,Protect|||F|||50|,,,,,Ground]Talonflame||CovertCloak|GaleWings|FlareBlitz,Tailwind,Taunt,WillOWisp|||F|||50|,,,,,Fairy
|showteam|p2|Indeedee-F||SafetyGoggles|PsychicSurge|HelpingHand,Psychic,FollowMe,TrickRoom|||F|||50|,,,,,Steel]Armarouge||LifeOrb|FlashFire|ArmorCannon,ExpandingForce,AuraSphere,TrickRoom|||F|||50|,,,,,Grass]Primarina||AssaultVest|LiquidVoice|HyperVoice,Moonblast,DrainingKiss,IcyWind|||F|||50|,,,,,Fairy]Whimsicott||CovertCloak|Prankster|LightScreen,Tailwind,SunnyDay,Moonblast|||F|||50|,,,,,Dark]Zoroark-Hisui||FocusSash|Illusion|HyperVoice,ShadowBall,NastyPlot,Protect|||F|||50|,,,,,Stellar]Ursaluna||FlameOrb|Guts|Protect,Earthquake,HeadlongRush,Facade|||M|||50|,,,,,Ghost
|inactive|Battle timer is ON: inactive players will automatically lose when time's up. (requested by Mek Donald)
|
|t:|1757664641
|teamsize|p1|4
|teamsize|p2|4
|start
|switch|p1a: Hydreigon|Hydreigon, L50, F|100/100
|switch|p1b: Garchomp|Garchomp, L50, F|100/100
|switch|p2a: Indeedee|Indeedee-F, L50, F|100/100
|switch|p2b: Armarouge|Armarouge, L50, F|100/100
|-fieldstart|move: Psychic Terrain|[from] ability: Psychic Surge|[of] p2a: Indeedee
|turn|1
|
|t:|1757664656
|-terastallize|p1b: Garchomp|Ground
|-terastallize|p2b: Armarouge|Grass
|move|p2a: Indeedee|Follow Me|p2a: Indeedee
|-singleturn|p2a: Indeedee|move: Follow Me
|move|p1b: Garchomp|Earthquake|p2b: Armarouge|[spread] p2a,p2b
|-immune|p1a: Hydreigon|[from] ability: Levitate
|-resisted|p2b: Armarouge
|-damage|p2a: Indeedee|26/100
|-damage|p2b: Armarouge|70/100
|-damage|p1b: Garchomp|91/100|[from] item: Life Orb
|move|p1a: Hydreigon|Snarl|p2b: Armarouge|[spread] p2a,p2b
|-supereffective|p2a: Indeedee
|-crit|p2a: Indeedee
|-damage|p2a: Indeedee|0 fnt
|-damage|p2b: Armarouge|49/100
|-unboost|p2b: Armarouge|spa|1
|faint|p2a: Indeedee
|move|p2b: Armarouge|Trick Room|p2b: Armarouge
|-fieldstart|move: Trick Room|[of] p2b: Armarouge
|
|upkeep
|
|t:|1757664670
|switch|p2a: Ursaluna|Ursaluna, L50, M|100/100
|turn|2
|
|t:|1757664689
|move|p2a: Ursaluna|Protect|p2a: Ursaluna
|-singleturn|p2a: Ursaluna|Protect
|move|p2b: Armarouge|Aura Sphere|p1a: Hydreigon
|-supereffective|p1a: Hydreigon
|-damage|p1a: Hydreigon|54/100
|-damage|p2b: Armarouge|39/100|[from] item: Life Orb
|move|p1a: Hydreigon|Dark Pulse|p2a: Ursaluna
|-activate|p2a: Ursaluna|move: Protect
|move|p1b: Garchomp|Earthquake|p2b: Armarouge|[spread] p2b
|-activate|p2a: Ursaluna|move: Protect
|-immune|p1a: Hydreigon|[from] ability: Levitate
|-resisted|p2b: Armarouge
|-damage|p2b: Armarouge|9/100
|-damage|p1b: Garchomp|81/100|[from] item: Life Orb
|
|-status|p2a: Ursaluna|brn|[from] item: Flame Orb
|upkeep
|turn|3
|inactive|TheLackluster7 has 30 seconds left.
|
|t:|1757664715
|move|p1b: Garchomp|Protect|p1b: Garchomp
|-singleturn|p1b: Garchomp|Protect
|move|p2a: Ursaluna|Facade|p1a: Hydreigon
|-crit|p1a: Hydreigon
|-damage|p1a: Hydreigon|0 fnt
|faint|p1a: Hydreigon
|move|p2b: Armarouge|Expanding Force|p1b: Garchomp
|-activate|p1b: Garchomp|move: Protect
|
|-damage|p2a: Ursaluna|95/100 brn|[from] brn
|upkeep
|
|t:|1757664724
|switch|p1a: Sneasler|Sneasler, L50, M|100/100
|-enditem|p1a: Sneasler|Psychic Seed
|-boost|p1a: Sneasler|spd|1|[from] item: Psychic Seed
|turn|4
|
|t:|1757664739
|switch|p1a: Indeedee|Indeedee, L50, M|100/100
|move|p2a: Ursaluna|Facade|p1a: Indeedee
|-damage|p1a: Indeedee|0 fnt
|faint|p1a: Indeedee
|move|p2b: Armarouge|Expanding Force|p1b: Garchomp
|-damage|p1b: Garchomp|4/100
|-damage|p2b: Armarouge|0 fnt|[from] item: Life Orb
|faint|p2b: Armarouge
|move|p1b: Garchomp|Earthquake|p2a: Ursaluna
|-damage|p2a: Ursaluna|23/100 brn
|-damage|p1b: Garchomp|0 fnt|[from] item: Life Orb
|faint|p1b: Garchomp
|
|-damage|p2a: Ursaluna|17/100 brn|[from] brn
|upkeep
|
|t:|1757664751
|switch|p2b: Primarina|Primarina, L50, F|100/100
|switch|p1b: Sneasler|Sneasler, L50, M|100/100
|turn|5
|
|t:|1757664767
|move|p1b: Sneasler|Protect|p1b: Sneasler
|-singleturn|p1b: Sneasler|Protect
|move|p2a: Ursaluna|Headlong Rush|p1b: Sneasler
|-activate|p1b: Sneasler|move: Protect
|move|p2b: Primarina|Icy Wind|p1b: Sneasler
|-activate|p1b: Sneasler|move: Protect
|
|-damage|p2a: Ursaluna|11/100 brn|[from] brn
|-fieldend|move: Trick Room
|-fieldend|move: Psychic Terrain
|upkeep
|turn|6
|
|t:|1757664778
|move|p1b: Sneasler|Dire Claw|p2a: Ursaluna
|-resisted|p2a: Ursaluna
|-damage|p2a: Ursaluna|0 fnt
|faint|p2a: Ursaluna
|move|p2b: Primarina|Moonblast|p1b: Sneasler
|-damage|p1b: Sneasler|35/100
|-unboost|p1b: Sneasler|spa|1
|
|upkeep
|turn|7
|
|t:|1757664787
|move|p1b: Sneasler|Dire Claw|p2b: Primarina
|-supereffective|p2b: Primarina
|-damage|p2b: Primarina|0 fnt
|faint|p2b: Primarina
|
|win|Mek Donald
||TheLackluster7 is ready for game 2.
||Mek Donald is ready for game 2.
|uhtml|next|Next: Game 2 of 3
|l|☆TheLackluster7
|player|p2|
|l|☆Mek Donald
|player|p1|
