|j|☆uscorp
|j|☆GS Barnabe
|html|uscorpGS Barnabe    
|uhtml|bestof|Game 2 of a best-of-3
|t:|1785874202
|gametype|doubles
|player|p1|uscorp|170|1265
|player|p2|GS Barnabe|169|1151
|gen|9
|tier|[Gen 9 Champions] VGC 2026 Reg M-B (Bo3)
|rated|
|rule|Species Clause: Limit one of each Pokémon
|rule|Item Clause: Limit 1 of each item
|clearpoke
|poke|p1|Raichu, L50, M|
|poke|p1|Staraptor, L50, M|
|poke|p1|Farigiraf, L50, M|
|poke|p1|Kingambit, L50, M|
|poke|p1|Sylveon, L50, M|
|poke|p1|Arcanine-Hisui, L50, M|
|poke|p2|Clefable, L50, M|
|poke|p2|Tyranitar, L50, F|
|poke|p2|Garchomp, L50, F|
|poke|p2|Gholdengo, L50|
|poke|p2|Rotom-Wash, L50|
|poke|p2|Aerodactyl, L50, M|
|teampreview|4
|showteam|p1|Raichu||RaichuniteY|LightningRod|FakeOut,ZapCannon,FocusBlast,Protect|Timid||M|||50|]Staraptor||Staraptite|Intimidate|Tailwind,Protect,CloseCombat,DualWingbeat|Jolly||M|||50|]Farigiraf||SitrusBerry|ArmorTail|Protect,TwinBeam,TrickRoom,HelpingHand|Calm||M|||50|]Kingambit||LifeOrb|Defiant|Protect,KowtowCleave,SwordsDance,SuckerPunch|Adamant||M|||50|]Sylveon||FairyFeather|Pixilate|HyperVoice,HyperBeam,QuickAttack,Detect|Modest||M|||50|]Arcanine-Hisui||FocusSash|RockHead|Protect,ExtremeSpeed,HeadSmash,FlareBlitz|Jolly||M|||50|
|showteam|p2|Clefable||SitrusBerry|Unaware|Moonblast,FollowMe,HealPulse,Protect|Bold||M|||50|]Tyranitar||ChoiceScarf|SandStream|RockSlide,KnockOff,IcePunch,Superpower|Jolly||F|||50|]Garchomp||Garchompite|SandVeil|DracoMeteor,EarthPower,PowerGem,Protect|Modest||F|||50|]Gholdengo||LifeOrb|GoodasGold|MakeItRain,ShadowBall,NastyPlot,Protect|Modest|||||50|]Rotom-Wash||Leftovers|Levitate|HydroPump,VoltSwitch,WillOWisp,Protect|Calm|||||50|]Aerodactyl||Aerodactylite|RockHead|RockSlide,DualWingbeat,Tailwind,Protect|Jolly||M|||50|
|
|t:|1785874256
|teamsize|p1|4
|teamsize|p2|4
|start
|switch|p1a: Cane di Nico|Arcanine-Hisui, L50, M|100/100
|switch|p1b: Pika|Raichu, L50, M|100/100
|switch|p2a: Aerodactyl|Aerodactyl, L50, M|100/100
|switch|p2b: Rotom|Rotom-Wash, L50|100/100
|turn|1
|
|t:|1785874280
|switch|p1a: Piccionazzo|Staraptor, L50, M|100/100
|-ability|p1a: Piccionazzo|Intimidate|boost
|-unboost|p2a: Aerodactyl|atk|1
|-unboost|p2b: Rotom|atk|1
|move|p2a: Aerodactyl|Protect|p2a: Aerodactyl
|-singleturn|p2a: Aerodactyl|Protect
|move|p1b: Pika|Fake Out|p2a: Aerodactyl
|-activate|p2a: Aerodactyl|move: Protect
|move|p2b: Rotom|Hydro Pump|p1a: Piccionazzo
|-damage|p1a: Piccionazzo|43/100
|
|upkeep
|turn|2
|
|t:|1785874306
|detailschange|p2a: Aerodactyl|Aerodactyl-Mega, L50, M
|-mega|p2a: Aerodactyl|Aerodactyl|Aerodactylite
|move|p2a: Aerodactyl|Tailwind|p2a: Aerodactyl
|-sidestart|p2: GS Barnabe|move: Tailwind
|move|p2b: Rotom|Volt Switch|p1b: Pika
|-activate|p1b: Pika|ability: Lightning Rod
|-ability|p1b: Pika|Lightning Rod|boost
|-boost|p1b: Pika|spa|1
|move|p1b: Pika|Zap Cannon|p2a: Aerodactyl|[miss]
|-miss|p1b: Pika|p2a: Aerodactyl
|move|p1a: Piccionazzo|Tailwind|p1a: Piccionazzo
|-sidestart|p1: uscorp|move: Tailwind
|
|upkeep
|turn|3
|
|t:|1785874329
|move|p1a: Piccionazzo|Protect|p1a: Piccionazzo
|-singleturn|p1a: Piccionazzo|Protect
|move|p2a: Aerodactyl|Rock Slide|p1b: Pika|[spread] p1b
|-activate|p1a: Piccionazzo|move: Protect
|-damage|p1b: Pika|71/100
|cant|p1b: Pika|flinch
|move|p2b: Rotom|Volt Switch|p1b: Pika
|-activate|p1b: Pika|ability: Lightning Rod
|-ability|p1b: Pika|Lightning Rod|boost
|-boost|p1b: Pika|spa|1
|
|upkeep
|turn|4
|
|t:|1785874356
|switch|p1a: REG H|Kingambit, L50, M|100/100
|detailschange|p1b: Pika|Raichu-Mega-Y, L50, M
|-mega|p1b: Pika|Raichu|Raichunite Y
|move|p2a: Aerodactyl|Rock Slide|p1b: Pika|[spread] p1a,p1b
|-resisted|p1a: REG H|1
|-damage|p1a: REG H|91/100
|-damage|p1b: Pika|41/100
|move|p1b: Pika|Zap Cannon|p2a: Aerodactyl
|-supereffective|p2a: Aerodactyl|1
|-crit|p2a: Aerodactyl
|-damage|p2a: Aerodactyl|0 fnt
|faint|p2a: Aerodactyl
|move|p2b: Rotom|Hydro Pump|p1b: Pika
|-damage|p1b: Pika|0 fnt
|faint|p1b: Pika
|
|upkeep
|
|t:|1785874375
|switch|p2a: Tyranitar|Tyranitar, L50, F|100/100
|switch|p1b: Piccionazzo|Staraptor, L50, M|43/100
|-weather|Sandstorm|[from] ability: Sand Stream|[of] p2a: Tyranitar
|-ability|p1b: Piccionazzo|Intimidate|boost
|-unboost|p2a: Tyranitar|atk|1
|-unboost|p2b: Rotom|atk|1
|turn|5
|
|t:|1785874400
|move|p2a: Tyranitar|Superpower|p1a: REG H
|-supereffective|p1a: REG H|2
|-damage|p1a: REG H|0 fnt
|-unboost|p2a: Tyranitar|atk|1
|-unboost|p2a: Tyranitar|def|1
|faint|p1a: REG H
|move|p1b: Piccionazzo|Close Combat|p2a: Tyranitar
|-supereffective|p2a: Tyranitar|2
|-damage|p2a: Tyranitar|0 fnt
|-unboost|p1b: Piccionazzo|def|1
|-unboost|p1b: Piccionazzo|spd|1
|faint|p2a: Tyranitar
|move|p2b: Rotom|Volt Switch|p1b: Piccionazzo
|-supereffective|p1b: Piccionazzo|1
|-damage|p1b: Piccionazzo|0 fnt
|faint|p1b: Piccionazzo
|
|t:|1785874415
|switch|p2b: Gholdengo|Gholdengo, L50|100/100|[from] Volt Switch
|
|-weather|Sandstorm|[upkeep]
|-sideend|p1: uscorp|move: Tailwind
|-sideend|p2: GS Barnabe|move: Tailwind
|upkeep
|
|t:|1785874421
|switch|p1b: Cane di Nico|Arcanine-Hisui, L50, M|100/100
|switch|p2a: Rotom|Rotom-Wash, L50|100/100
|turn|6
|
|t:|1785874435
|move|p1b: Cane di Nico|Flare Blitz|p2b: Gholdengo
|-supereffective|p2b: Gholdengo|1
|-damage|p2b: Gholdengo|4/100
|move|p2a: Rotom|Hydro Pump|p1b: Cane di Nico|[miss]
|-miss|p2a: Rotom|p1b: Cane di Nico
|move|p2b: Gholdengo|Make It Rain|p1b: Cane di Nico
|-damage|p1b: Cane di Nico|37/100
|-unboost|p2b: Gholdengo|spa|2
|-damage|p2b: Gholdengo|0 fnt|[from] item: Life Orb
|faint|p2b: Gholdengo
|
|-weather|Sandstorm|[upkeep]
|-damage|p2a: Rotom|94/100|[from] Sandstorm
|-heal|p2a: Rotom|100/100|[from] item: Leftovers
|upkeep
|turn|7
|
|t:|1785874454
|move|p1b: Cane di Nico|Head Smash|p2a: Rotom
|-damage|p2a: Rotom|23/100
|move|p2a: Rotom|Hydro Pump|p1b: Cane di Nico|[miss]
|-miss|p2a: Rotom|p1b: Cane di Nico
|
|-weather|Sandstorm|[upkeep]
|-damage|p2a: Rotom|17/100|[from] Sandstorm
|-heal|p2a: Rotom|23/100|[from] item: Leftovers
|upkeep
|turn|8
|
|t:|1785874468
|move|p2a: Rotom|Protect|p2a: Rotom
|-singleturn|p2a: Rotom|Protect
|move|p1b: Cane di Nico|Flare Blitz|p2a: Rotom
|-activate|p2a: Rotom|move: Protect
|
|-weather|Sandstorm|[upkeep]
|-damage|p2a: Rotom|17/100|[from] Sandstorm
|-heal|p2a: Rotom|23/100|[from] item: Leftovers
|upkeep
|turn|9
|
|t:|1785874478
|move|p1b: Cane di Nico|Flare Blitz|p2a: Rotom
|-resisted|p2a: Rotom|1
|-damage|p2a: Rotom|0 fnt
|faint|p2a: Rotom
|
|win|uscorp
