|j|☆Rexar.Deco
|j|☆Balruch
|html|Rexar.DecoBalruch    
|uhtml|bestof|Game 2 of a best-of-3
|t:|1782502931
|gametype|doubles
|player|p1|Rexar.Deco|170|1118
|player|p2|Balruch|veteran|1109
|gen|9
|tier|[Gen 9 Champions] VGC 2026 Reg M-B (Bo3)
|rated|
|rule|Species Clause: Limit one of each Pokémon
|rule|Item Clause: Limit 1 of each item
|clearpoke
|poke|p1|Metagross, L50|
|poke|p1|Lycanroc-Dusk, L50, F|
|poke|p1|Annihilape, L50, M|
|poke|p1|Whimsicott, L50, M|
|poke|p1|Hydreigon, L50, F|
|poke|p1|Sneasler, L50, F|
|poke|p2|Charizard, L50, M|
|poke|p2|Garchomp, L50, F|
|poke|p2|Basculegion, L50, M|
|poke|p2|Floette-Eternal, L50, F|
|poke|p2|Aerodactyl, L50, M|
|poke|p2|Venusaur, L50, F|
|teampreview|4
|showteam|p1|Metagross||Metagrossite|ClearBody|PsychicFangs,IronHead,IcePunch,Protect|Adamant|||||50|]Lycanroc-Dusk||FocusSash|ToughClaws|Accelerock,RockSlide,CloseCombat,Protect|Jolly||F|||50|]Annihilape||LifeOrb|Defiant|BulkUp,RageFist,DrainPunch,Protect|Jolly||M|||50|]Whimsicott||CobaBerry|Prankster|Tailwind,Moonblast,BeatUp,Encore|Modest||M|||50|]Hydreigon||ChoiceScarf|Levitate|DracoMeteor,DarkPulse,Snarl,EarthPower|Modest||F|||50|]Sneasler||WhiteHerb|Unburden|CloseCombat,DireClaw,FakeOut,Protect|Jolly||F|||50|
|showteam|p2|Charizard||CharizarditeY|Blaze|HeatWave,SolarBeam,DragonPulse,Protect|Timid||M|||50|]Garchomp||LifeOrb|RoughSkin|StompingTantrum,RockSlide,Protect,PoisonJab|Jolly||F|||50|]Basculegion||ChoiceScarf|Adaptability|LastRespects,AquaJet,WaveCrash,FlipTurn|Adamant||M|||50|]Floette-Eternal||Floettite|FlowerVeil|DazzlingGleam,DrainingKiss,GigaDrain,Protect|Timid||F|||50|]Aerodactyl||FocusSash|Unnerve|RockSlide,Tailwind,DualWingbeat,WideGuard|Jolly||M|||50|]Venusaur||WideLens|Chlorophyll|EarthPower,SludgeBomb,SleepPowder,Protect|Modest||F|||50|
|
|t:|1782502949
|teamsize|p1|4
|teamsize|p2|4
|start
|switch|p1a: Lycanroc|Lycanroc-Dusk, L50, F|100/100
|switch|p1b: Sneasler|Sneasler, L50, F|100/100
|switch|p2a: Charizard|Charizard, L50, M|100/100
|switch|p2b: Venusaur|Venusaur, L50, F|100/100
|turn|1
|
|t:|1782502970
|move|p2a: Charizard|Protect|p2a: Charizard
|-singleturn|p2a: Charizard|Protect
|move|p2b: Venusaur|Protect|p2b: Venusaur
|-singleturn|p2b: Venusaur|Protect
|move|p1b: Sneasler|Fake Out|p2b: Venusaur
|-activate|p2b: Venusaur|move: Protect
|move|p1a: Lycanroc|Rock Slide|p2a: Charizard|[spread] 
|-activate|p2a: Charizard|move: Protect
|-activate|p2b: Venusaur|move: Protect
|
|upkeep
|turn|2
|
|t:|1782503009
|detailschange|p2a: Charizard|Charizard-Mega-Y, L50, M
|-mega|p2a: Charizard|Charizard|Charizardite Y
|-weather|SunnyDay|[from] ability: Drought|[of] p2a: Charizard
|move|p1a: Lycanroc|Protect|p1a: Lycanroc
|-singleturn|p1a: Lycanroc|Protect
|move|p2b: Venusaur|Sleep Powder|p1a: Lycanroc
|-activate|p1a: Lycanroc|move: Protect
|move|p1b: Sneasler|Dire Claw|p2b: Venusaur
|-damage|p2b: Venusaur|50/100g
|move|p2a: Charizard|Heat Wave|p1b: Sneasler|[spread] p1b
|-activate|p1a: Lycanroc|move: Protect
|-damage|p1b: Sneasler|8/100
|
|-weather|SunnyDay|[upkeep]
|upkeep
|turn|3
|
|t:|1782503028
|move|p2a: Charizard|Protect|p2a: Charizard
|-singleturn|p2a: Charizard|Protect
|move|p1a: Lycanroc|Accelerock|p2a: Charizard
|-activate|p2a: Charizard|move: Protect
|move|p2b: Venusaur|Sleep Powder|p1a: Lycanroc
|-status|p1a: Lycanroc|slp|[from] move: Sleep Powder
|move|p1b: Sneasler|Dire Claw|p2b: Venusaur
|-damage|p2b: Venusaur|3/100
|-status|p2b: Venusaur|slp
|
|-weather|SunnyDay|[upkeep]
|upkeep
|turn|4
|
|t:|1782503050
|cant|p2b: Venusaur|slp
|move|p1b: Sneasler|Dire Claw|p2a: Charizard
|-damage|p2a: Charizard|38/100
|cant|p1a: Lycanroc|slp
|move|p2a: Charizard|Heat Wave|p1b: Sneasler|[spread] p1a,p1b
|-resisted|p1a: Lycanroc|1
|-damage|p1a: Lycanroc|42/100 slp
|-damage|p1b: Sneasler|0 fnt
|faint|p1b: Sneasler
|
|-weather|SunnyDay|[upkeep]
|upkeep
|
|t:|1782503065
|switch|p1b: Metagross|Metagross, L50|100/100
|turn|5
|inactive|Battle timer is ON: inactive players will automatically lose when time's up. (requested by Rexar.Deco)
|
|t:|1782503088
|detailschange|p1b: Metagross|Metagross-Mega, L50
|-mega|p1b: Metagross|Metagross|Metagrossite
|move|p2a: Charizard|Protect|p2a: Charizard
|-singleturn|p2a: Charizard|Protect
|-curestatus|p1a: Lycanroc|slp|[msg]
|move|p1a: Lycanroc|Accelerock|p2a: Charizard
|-activate|p2a: Charizard|move: Protect
|cant|p2b: Venusaur|slp
|move|p1b: Metagross|Psychic Fangs|p2a: Charizard
|-activate|p2a: Charizard|move: Protect
|
|-weather|SunnyDay|[upkeep]
|upkeep
|turn|6
|
|t:|1782503106
|switch|p2a: Garchomp|Garchomp, L50, F|100/100
|move|p1a: Lycanroc|Accelerock|p2b: Venusaur
|-damage|p2b: Venusaur|0 fnt
|faint|p2b: Venusaur
|move|p1b: Metagross|Psychic Fangs|p2a: Garchomp
|-damage|p2a: Garchomp|31/100
|-damage|p1b: Metagross|87/100|[from] ability: Rough Skin|[of] p2a: Garchomp
|
|-weather|none
|upkeep
|
|t:|1782503117
|switch|p2b: Basculegion|Basculegion, L50, M|100/100
|turn|7
|
|t:|1782503127
|move|p1b: Metagross|Protect|p1b: Metagross
|-singleturn|p1b: Metagross|Protect
|move|p1a: Lycanroc|Accelerock|p2b: Basculegion
|-damage|p2b: Basculegion|71/100
|move|p2b: Basculegion|Last Respects|p1b: Metagross
|-activate|p1b: Metagross|move: Protect
|move|p2a: Garchomp|Stomping Tantrum|p1a: Lycanroc
|-supereffective|p1a: Lycanroc|1
|-damage|p1a: Lycanroc|0 fnt
|faint|p1a: Lycanroc
|-damage|p2a: Garchomp|21/100|[from] item: Life Orb
|
|upkeep
|
|t:|1782503139
|switch|p1a: Hydreigon|Hydreigon, L50, F|100/100
|turn|8
|
|t:|1782503158
|move|p1a: Hydreigon|Dark Pulse|p2b: Basculegion
|-supereffective|p2b: Basculegion|1
|-damage|p2b: Basculegion|0 fnt
|faint|p2b: Basculegion
|move|p2a: Garchomp|Poison Jab|p1a: Hydreigon
|-damage|p1a: Hydreigon|59/100
|-status|p1a: Hydreigon|psn
|-damage|p2a: Garchomp|11/100|[from] item: Life Orb
|move|p1b: Metagross|Psychic Fangs|p2a: Garchomp
|-damage|p2a: Garchomp|0 fnt
|-damage|p1b: Metagross|75/100|[from] ability: Rough Skin|[of] p2a: Garchomp
|faint|p2a: Garchomp
|
|-damage|p1a: Hydreigon|47/100 psn|[from] psn
|upkeep
|inactive|Balruch has 30 seconds left.
|
|t:|1782503186
|switch|p2a: Charizard|Charizard-Mega-Y, L50, M|38/100
|-weather|SunnyDay|[from] ability: Drought|[of] p2a: Charizard
|turn|9
|
|t:|1782503194
|move|p1a: Hydreigon|Dark Pulse|p2a: Charizard
|-damage|p2a: Charizard|0 fnt
|faint|p2a: Charizard
|
|win|Rexar.Deco
|raw|Rexar.Deco's rating: 1118 → 1142(+24 for winning)
|raw|Balruch's rating: 1109 → 1085(-24 for losing)
|l|☆Rexar.Deco
|player|p1|
