|j|☆leoprosinpro
|j|☆wodaiogien
|html|leoprosinprowodaiogien    
|uhtml|bestof|Game 1 of a best-of-3
|t:|1782306257
|gametype|doubles
|player|p1|leoprosinpro|red|1130
|player|p2|wodaiogien|170|1112
|gen|9
|tier|[Gen 9 Champions] VGC 2026 Reg M-B (Bo3)
|rated|
|rule|Species Clause: Limit one of each Pokémon
|rule|Item Clause: Limit 1 of each item
|clearpoke
|poke|p1|Charizard, L50, F|
|poke|p1|Staraptor, L50, F|
|poke|p1|Whimsicott, L50, F|
|poke|p1|Incineroar, L50, M|
|poke|p1|Garchomp, L50, M|
|poke|p1|Aegislash, L50, M|
|poke|p2|Ninetales-Alola, L50, M|
|poke|p2|Raichu, L50, F|
|poke|p2|Basculegion, L50, M|
|poke|p2|Incineroar, L50, F|
|poke|p2|Kingambit, L50, M|
|poke|p2|Farigiraf, L50, F|
|teampreview|4
|showteam|p1|Charizard||CharizarditeY|SolarPower|Overheat,HeatWave,SolarBeam,Protect|Modest||F|||50|]Staraptor||Staraptite|Intimidate|Roost,Protect,CloseCombat,BraveBird|Adamant||F|||50|]Whimsicott||FairyFeather|Prankster|Moonblast,Encore,Protect,Tailwind|Bold||F|||50|]Incineroar||SitrusBerry|Intimidate|FakeOut,PartingShot,Taunt,FlareBlitz|Careful||M|||50|]Garchomp||ChoiceScarf|RoughSkin|Earthquake,DragonClaw,StompingTantrum,RockSlide|Adamant||M|||50|]Aegislash||Leftovers|StanceChange|KingsShield,WideGuard,ShadowBall,FlashCannon|Modest||M|||50|
|showteam|p2|Ninetales-Alola||FocusSash|SnowWarning|Blizzard,FreezeDry,Encore,Protect|Timid||M|||50|]Raichu||RaichuniteY|LightningRod|ZapCannon,FocusBlast,FakeOut,Protect|Timid||F|||50|]Basculegion||LifeOrb|Adaptability|WaveCrash,AquaJet,LastRespects,Protect|Adamant||M|||50|]Incineroar||ShucaBerry|Intimidate|FlareBlitz,PartingShot,FakeOut,DarkestLariat|Careful||F|||50|]Kingambit||ChopleBerry|Defiant|KowtowCleave,SuckerPunch,IronHead,LowKick|Adamant||M|||50|]Farigiraf||SitrusBerry|ArmorTail|TwinBeam,TrickRoom,HelpingHand,Protect|Relaxed||F|||50|
|inactive|Battle timer is ON: inactive players will automatically lose when time's up. (requested by wodaiogien)
|inactive|wodaiogien has 60 seconds left.
|inactive|wodaiogien has 30 seconds left.
|
|t:|1782306339
|teamsize|p1|4
|teamsize|p2|4
|start
|switch|p1a: Staraptor|Staraptor, L50, F|100/100
|switch|p1b: Incineroar|Incineroar, L50, M|100/100
|switch|p2a: Raichu|Raichu, L50, F|100/100
|switch|p2b: Basculegion|Basculegion, L50, M|100/100
|-ability|p1a: Staraptor|Intimidate|boost
|-unboost|p2a: Raichu|atk|1
|-unboost|p2b: Basculegion|atk|1
|-ability|p1b: Incineroar|Intimidate|boost
|-unboost|p2a: Raichu|atk|1
|-unboost|p2b: Basculegion|atk|1
|turn|1
|inactive|leoprosinpro has 30 seconds left.
|inactive|leoprosinpro has 20 seconds left.
|
|t:|1782306374
|switch|p1b: Garchomp|Garchomp, L50, M|100/100
|detailschange|p2a: Raichu|Raichu-Mega-Y, L50, F
|-mega|p2a: Raichu|Raichu|Raichunite Y
|move|p2a: Raichu|Protect|p2a: Raichu
|-singleturn|p2a: Raichu|Protect
|move|p1a: Staraptor|Protect|p1a: Staraptor
|-singleturn|p1a: Staraptor|Protect
|move|p2b: Basculegion|Wave Crash|p1b: Garchomp
|-damage|p1b: Garchomp|43/100
|-damage|p2b: Basculegion|87/100|[from] ability: Rough Skin|[of] p1b: Garchomp
|-damage|p2b: Basculegion|72/100|[from] Recoil
|-damage|p2b: Basculegion|62/100|[from] item: Life Orb
|
|upkeep
|turn|2
|
|t:|1782306392
|switch|p2b: Incineroar|Incineroar, L50, F|100/100
|-ability|p2b: Incineroar|Intimidate|boost
|-unboost|p1a: Staraptor|atk|1
|-unboost|p1b: Garchomp|atk|1
|detailschange|p1a: Staraptor|Staraptor-Mega, L50, F
|-mega|p1a: Staraptor|Staraptor|Staraptite
|move|p1b: Garchomp|Earthquake|p2b: Incineroar|[spread] p2a,p2b
|-immune|p1a: Staraptor
|-supereffective|p2a: Raichu|1
|-supereffective|p2b: Incineroar|1
|-enditem|p2b: Incineroar|Shuca Berry|[eat]
|-enditem|p2b: Incineroar|Shuca Berry|[weaken]
|-damage|p2a: Raichu|13/100
|-damage|p2b: Incineroar|75/100
|move|p2a: Raichu|Zap Cannon|p1a: Staraptor
|-supereffective|p1a: Staraptor|1
|-damage|p1a: Staraptor|0 fnt
|faint|p1a: Staraptor
|
|upkeep
|
|t:|1782306407
|switch|p1a: Aegislash|Aegislash, L50, M|100/100
|turn|3
|inactive|wodaiogien has 30 seconds left.
|
|t:|1782306438
|move|p1a: Aegislash|King's Shield|p1a: Aegislash
|-singleturn|p1a: Aegislash|Protect
|move|p2b: Incineroar|Fake Out|p1b: Garchomp
|-damage|p1b: Garchomp|32/100
|-damage|p2b: Incineroar|63/100|[from] ability: Rough Skin|[of] p1b: Garchomp
|cant|p1b: Garchomp|flinch
|move|p2a: Raichu|Focus Blast|p1b: Garchomp
|-damage|p1b: Garchomp|0 fnt
|faint|p1b: Garchomp
|
|upkeep
|
|t:|1782306443
|switch|p1b: Incineroar|Incineroar, L50, M|100/100
|-ability|p1b: Incineroar|Intimidate|boost
|-unboost|p2a: Raichu|atk|1
|-unboost|p2b: Incineroar|atk|1
|turn|4
|
|t:|1782306453
|move|p2a: Raichu|Protect|p2a: Raichu
|-singleturn|p2a: Raichu|Protect
|move|p1b: Incineroar|Fake Out|p2b: Incineroar
|-damage|p2b: Incineroar|52/100
|-formechange|p1a: Aegislash|Aegislash-Blade|
|move|p1a: Aegislash|Shadow Ball|p2b: Incineroar
|-resisted|p2b: Incineroar|1
|-damage|p2b: Incineroar|36/100
|cant|p2b: Incineroar|flinch
|
|upkeep
|turn|5
|j| Neyox
|inactive|wodaiogien has 30 seconds left.
|
|t:|1782306478
|move|p2a: Raichu|Zap Cannon|p1a: Aegislash
|-damage|p1a: Aegislash|11/100
|-status|p1a: Aegislash|par
|move|p2b: Incineroar|Parting Shot|p1b: Incineroar
|-unboost|p1b: Incineroar|atk|1
|-unboost|p1b: Incineroar|spa|1
|
|t:|1782306487
|switch|p2b: Basculegion|Basculegion, L50, M|62/100|[from] Parting Shot
|move|p1b: Incineroar|Flare Blitz|p2b: Basculegion
|-resisted|p2b: Basculegion|1
|-damage|p2b: Basculegion|43/100
|-damage|p1b: Incineroar|92/100|[from] Recoil
|move|p1a: Aegislash|Shadow Ball|p2a: Raichu
|-crit|p2a: Raichu
|-damage|p2a: Raichu|0 fnt
|faint|p2a: Raichu
|
|-heal|p1a: Aegislash|17/100 par|[from] item: Leftovers
|upkeep
|
|t:|1782306492
|switch|p2a: Incineroar|Incineroar, L50, F|36/100
|-ability|p2a: Incineroar|Intimidate|boost
|-unboost|p1a: Aegislash|atk|1
|-unboost|p1b: Incineroar|atk|1
|turn|6
|
|t:|1782306501
|-formechange|p1a: Aegislash|Aegislash|
|move|p1a: Aegislash|King's Shield|p1a: Aegislash
|-singleturn|p1a: Aegislash|Protect
|move|p2b: Basculegion|Wave Crash|p1b: Incineroar
|-supereffective|p1b: Incineroar|1
|-damage|p1b: Incineroar|0 fnt
|faint|p1b: Incineroar
|-damage|p2b: Basculegion|16/100|[from] Recoil
|-damage|p2b: Basculegion|6/100|[from] item: Life Orb
|move|p2a: Incineroar|Darkest Lariat|p1a: Aegislash
|-activate|p1a: Aegislash|move: Protect
|-unboost|p2a: Incineroar|atk|1
|
|-heal|p1a: Aegislash|23/100 par|[from] item: Leftovers
|upkeep
|turn|7
|
|t:|1782306508
|move|p2b: Basculegion|Aqua Jet|p1a: Aegislash
|-damage|p1a: Aegislash|0 fnt
|faint|p1a: Aegislash
|-damage|p2b: Basculegion|0 fnt|[from] item: Life Orb
|faint|p2b: Basculegion
|
|win|wodaiogien
||leoprosinpro is ready for game 2.
