|j|☆Mirokart 8 Deluxe
|j|☆Yunobo7
|html|Mirokart 8 DeluxeYunobo7    
|uhtml|bestof|Game 1 of a best-of-3
|t:|1757690272
|gametype|doubles
|player|p1|Mirokart 8 Deluxe|169|1454
|player|p2|Yunobo7|266|1364
|gen|9
|tier|[Gen 9] VGC 2025 Reg H (Bo3)
|rated|
|rule|Species Clause: Limit one of each Pokémon
|rule|Item Clause: Limit 1 of each item
|clearpoke
|poke|p1|Rillaboom, L50, F|
|poke|p1|Kingambit, L50, F|
|poke|p1|Dragapult, L50, F|
|poke|p1|Sneasler, L50, M|
|poke|p1|Primarina, L50, M|
|poke|p1|Electabuzz, L50, F|
|poke|p2|Glimmora, L50, F|
|poke|p2|Maushold-Four, L50|
|poke|p2|Incineroar, L50, M|
|poke|p2|Rillaboom, L50, M|
|poke|p2|Dondozo, L50, M|
|poke|p2|Sneasler, L50, M|
|teampreview|4
|showteam|p1|Rillaboom||AssaultVest|GrassySurge|FakeOut,GrassyGlide,WoodHammer,HighHorsepower|||F|||50|,,,,,Fire]Kingambit||SafetyGoggles|Defiant|KowtowCleave,SuckerPunch,SwordsDance,Protect|||F|||50|,,,,,Ghost]Dragapult||ChoiceBand|ClearBody|DragonDarts,Outrage,Uturn,PhantomForce|||F|||50|,,,,,Dragon]Sneasler||FocusSash|Unburden|DireClaw,CloseCombat,FakeOut,Protect|||M|||50|,,,,,Stellar]Primarina||ThroatSpray|LiquidVoice|HyperVoice,Moonblast,Haze,Protect|||M|||50|,,,,,Poison]Electabuzz||Eviolite|VitalSpirit|FollowMe,Taunt,Electroweb,Protect|||F|||50|,,,,,Fairy
|showteam|p2|Glimmora||PowerHerb|ToxicDebris|MeteorBeam,EarthPower,SludgeBomb,SpikyShield|||F|||50|,,,,,Grass]Maushold-Four||WideLens|Technician|PopulationBomb,FollowMe,Taunt,Protect||||||50|,,,,,Ghost]Incineroar||SafetyGoggles|Intimidate|FlareBlitz,PartingShot,KnockOff,FakeOut|||M|||50|,,,,,Ghost]Rillaboom||AssaultVest|GrassySurge|WoodHammer,HighHorsepower,GrassyGlide,FakeOut|||M|||50|,,,,,Fire]Dondozo||Leftovers|Unaware|WaveCrash,Yawn,Fissure,Protect|||M|||50|,,,,,Grass]Sneasler||GrassySeed|Unburden|DireClaw,Acrobatics,CloseCombat,Protect|||M|||50|,,,,,Flying
|inactive|Battle timer is ON: inactive players will automatically lose when time's up. (requested by Yunobo7)
|inactive|Yunobo7 has 60 seconds left.
|inactive|Yunobo7 has 30 seconds left.
|inactive|Yunobo7 has 20 seconds left.
|
|t:|1757690345
|teamsize|p1|4
|teamsize|p2|4
|start
|switch|p1a: Kingambit|Kingambit, L50, F|100/100
|switch|p1b: Dragapult|Dragapult, L50, F|100/100
|switch|p2a: Sneasler|Sneasler, L50, M, shiny|100/100
|switch|p2b: Rillaboom|Rillaboom, L50, M, shiny|100/100
|-fieldstart|move: Grassy Terrain|[from] ability: Grassy Surge|[of] p2b: Rillaboom
|-enditem|p2a: Sneasler|Grassy Seed
|-boost|p2a: Sneasler|def|1|[from] item: Grassy Seed
|turn|1
|inactive|Mirokart 8 Deluxe has 30 seconds left.
|
|t:|1757690377
|-terastallize|p1a: Kingambit|Ghost
|move|p2a: Sneasler|Dire Claw|p1b: Dragapult
|-resisted|p1b: Dragapult
|-damage|p1b: Dragapult|68/100
|move|p1b: Dragapult|U-turn|p2b: Rillaboom
|-supereffective|p2b: Rillaboom
|-damage|p2b: Rillaboom|27/100
|
|t:|1757690386
|switch|p1b: Sneasler|Sneasler, L50, M|100/100|[from] U-turn
|move|p2b: Rillaboom|Wood Hammer|p1a: Kingambit
|-damage|p1a: Kingambit|45/100
|-damage|p2b: Rillaboom|9/100|[from] Recoil
|move|p1a: Kingambit|Swords Dance|p1a: Kingambit
|-boost|p1a: Kingambit|atk|2
|
|-heal|p2b: Rillaboom|15/100|[from] Grassy Terrain
|-heal|p1a: Kingambit|51/100|[from] Grassy Terrain
|upkeep
|turn|2
|
|t:|1757690404
|move|p1b: Sneasler|Fake Out|p2b: Rillaboom
|-damage|p2b: Rillaboom|0 fnt
|faint|p2b: Rillaboom
|move|p1a: Kingambit|Sucker Punch|p2a: Sneasler
|-resisted|p2a: Sneasler
|-damage|p2a: Sneasler|56/100
|move|p2a: Sneasler|Dire Claw|p1b: Sneasler
|-resisted|p1b: Sneasler
|-damage|p1b: Sneasler|59/100
|-status|p1b: Sneasler|slp
|
|-heal|p2a: Sneasler|62/100|[from] Grassy Terrain
|-heal|p1b: Sneasler|65/100 slp|[from] Grassy Terrain
|-heal|p1a: Kingambit|57/100|[from] Grassy Terrain
|upkeep
|
|t:|1757690407
|switch|p2b: Dondozo|Dondozo, L50, M, shiny|100/100
|turn|3
|
|t:|1757690424
|switch|p1b: Electabuzz|Electabuzz, L50, F|100/100
|move|p1a: Kingambit|Protect|p1a: Kingambit
|-singleturn|p1a: Kingambit|Protect
|move|p2a: Sneasler|Acrobatics|p1b: Electabuzz
|-resisted|p1b: Electabuzz
|-damage|p1b: Electabuzz|83/100
|move|p2b: Dondozo|Wave Crash|p1a: Kingambit
|-activate|p1a: Kingambit|move: Protect
|
|-heal|p2a: Sneasler|68/100|[from] Grassy Terrain
|-heal|p1b: Electabuzz|89/100|[from] Grassy Terrain
|-heal|p1a: Kingambit|63/100|[from] Grassy Terrain
|upkeep
|turn|4
|
|t:|1757690440
|move|p2a: Sneasler|Protect|p2a: Sneasler
|-singleturn|p2a: Sneasler|Protect
|move|p1a: Kingambit|Sucker Punch||[still]
|-fail|p1a: Kingambit
|move|p1b: Electabuzz|Electroweb|p2a: Sneasler|[spread] p2b
|-activate|p2a: Sneasler|move: Protect
|-supereffective|p2b: Dondozo
|-damage|p2b: Dondozo|79/100
|-unboost|p2b: Dondozo|spe|1
|move|p2b: Dondozo|Fissure|p1b: Electabuzz
|-damage|p1b: Electabuzz|0 fnt
|faint|p1b: Electabuzz
|-ohko
|
|-heal|p2a: Sneasler|74/100|[from] Grassy Terrain
|-heal|p1a: Kingambit|69/100|[from] Grassy Terrain
|-heal|p2b: Dondozo|86/100|[from] Grassy Terrain
|-heal|p2b: Dondozo|92/100|[from] item: Leftovers
|upkeep
|c|☆Mirokart 8 Deluxe|Eh vabbè
|
|t:|1757690453
|switch|p1b: Dragapult|Dragapult, L50, F|68/100
|turn|5
|
|t:|1757690470
|switch|p1b: Sneasler|Sneasler, L50, M|65/100 slp
|move|p2a: Sneasler|Dire Claw|p1b: Sneasler
|-resisted|p1b: Sneasler
|-damage|p1b: Sneasler|23/100 slp
|move|p1a: Kingambit|Kowtow Cleave|p2a: Sneasler
|-resisted|p2a: Sneasler
|-damage|p2a: Sneasler|24/100
|move|p2b: Dondozo|Yawn|p1a: Kingambit
|-start|p1a: Kingambit|move: Yawn|[of] p2b: Dondozo
|
|-heal|p2a: Sneasler|30/100|[from] Grassy Terrain
|-heal|p1b: Sneasler|29/100 slp|[from] Grassy Terrain
|-heal|p1a: Kingambit|75/100|[from] Grassy Terrain
|-heal|p2b: Dondozo|98/100|[from] Grassy Terrain
|-heal|p2b: Dondozo|100/100|[from] item: Leftovers
|-fieldend|move: Grassy Terrain
|upkeep
|turn|6
|
|t:|1757690486
|switch|p1a: Dragapult|Dragapult, L50, F|68/100
|move|p2a: Sneasler|Protect|p2a: Sneasler
|-singleturn|p2a: Sneasler|Protect
|cant|p1b: Sneasler|slp
|move|p2b: Dondozo|Wave Crash|p1b: Sneasler
|-damage|p1b: Sneasler|0 fnt
|faint|p1b: Sneasler
|-damage|p2b: Dondozo|95/100|[from] Recoil
|
|-heal|p2b: Dondozo|100/100|[from] item: Leftovers
|upkeep
|
|t:|1757690491
|switch|p1b: Kingambit|Kingambit, L50, F, tera:Ghost|75/100
|turn|7
|
|t:|1757690495
|-terastallize|p2a: Sneasler|Flying
|move|p1b: Kingambit|Sucker Punch|p2a: Sneasler
|-damage|p2a: Sneasler|0 fnt
|faint|p2a: Sneasler
|move|p1a: Dragapult|Outrage|p2b: Dondozo
|-damage|p2b: Dondozo|41/100
|move|p2b: Dondozo|Yawn|p1b: Kingambit
|-start|p1b: Kingambit|move: Yawn|[of] p2b: Dondozo
|
|-heal|p2b: Dondozo|47/100|[from] item: Leftovers
|upkeep
|
|t:|1757690497
|switch|p2a: Incineroar|Incineroar, L50, M, shiny|100/100
|-ability|p2a: Incineroar|Intimidate|boost
|-fail|p1a: Dragapult|unboost|[from] ability: Clear Body|[of] p1a: Dragapult
|-unboost|p1b: Kingambit|atk|1
|-ability|p1b: Kingambit|Defiant|boost
|-boost|p1b: Kingambit|atk|2
|turn|8
|
|t:|1757690513
|move|p2b: Dondozo|Protect|p2b: Dondozo
|-singleturn|p2b: Dondozo|Protect
|move|p1a: Dragapult|Outrage|p2a: Incineroar|[from] lockedmove
|-damage|p2a: Incineroar|6/100
|-start|p1a: Dragapult|confusion|[fatigue]
|move|p2a: Incineroar|Knock Off|p1a: Dragapult
|-supereffective|p1a: Dragapult
|-damage|p1a: Dragapult|0 fnt
|-enditem|p1a: Dragapult|Choice Band|[from] move: Knock Off|[of] p2a: Incineroar
|faint|p1a: Dragapult
|move|p1b: Kingambit|Kowtow Cleave|p2a: Incineroar
|-resisted|p2a: Incineroar
|-damage|p2a: Incineroar|0 fnt
|faint|p2a: Incineroar
|
|-heal|p2b: Dondozo|53/100|[from] item: Leftovers
|-end|p1b: Kingambit|move: Yawn|[silent]
|-status|p1b: Kingambit|slp
|upkeep
|turn|9
|
|t:|1757690524
|cant|p1b: Kingambit|slp
|move|p2b: Dondozo|Wave Crash|p1b: Kingambit
|-damage|p1b: Kingambit|45/100 slp
|-damage|p2b: Dondozo|45/100|[from] Recoil
|
|-heal|p2b: Dondozo|52/100|[from] item: Leftovers
|upkeep
|turn|10
|
|t:|1757690531
|move|p2b: Dondozo|Protect|p2b: Dondozo
|-singleturn|p2b: Dondozo|Protect
|-curestatus|p1b: Kingambit|slp|[msg]
|move|p1b: Kingambit|Kowtow Cleave|p2b: Dondozo
|-activate|p2b: Dondozo|move: Protect
|
|-heal|p2b: Dondozo|58/100|[from] item: Leftovers
|upkeep
|turn|11
|
|t:|1757690537
|move|p1b: Kingambit|Kowtow Cleave|p2b: Dondozo
|-damage|p2b: Dondozo|31/100
|move|p2b: Dondozo|Yawn|p1b: Kingambit
|-start|p1b: Kingambit|move: Yawn|[of] p2b: Dondozo
|
|-heal|p2b: Dondozo|37/100|[from] item: Leftovers
|upkeep
|turn|12
|
|t:|1757690540
|move|p2b: Dondozo|Protect|p2b: Dondozo
|-singleturn|p2b: Dondozo|Protect
|move|p1b: Kingambit|Kowtow Cleave|p2b: Dondozo
|-activate|p2b: Dondozo|move: Protect
|
|-heal|p2b: Dondozo|43/100|[from] item: Leftovers
|-end|p1b: Kingambit|move: Yawn|[silent]
|-status|p1b: Kingambit|slp
|upkeep
|turn|13
|
|t:|1757690543
|cant|p1b: Kingambit|slp
|move|p2b: Dondozo|Wave Crash|p1b: Kingambit
|-damage|p1b: Kingambit|13/100 slp
|-damage|p2b: Dondozo|35/100|[from] Recoil
|
|-heal|p2b: Dondozo|41/100|[from] item: Leftovers
|upkeep
|turn|14
|
|t:|1757690545
|cant|p1b: Kingambit|slp
|move|p2b: Dondozo|Wave Crash|p1b: Kingambit
|-damage|p1b: Kingambit|0 fnt
|faint|p1b: Kingambit
|-damage|p2b: Dondozo|38/100|[from] Recoil
|
|win|Yunobo7
||Mirokart 8 Deluxe is ready for game 2.
||Yunobo7 is ready for game 2.
|uhtml|next|Next: Game 2 of 3
|l|☆Mirokart 8 Deluxe
|player|p1|
