|j|☆super nimble mega
|j|☆SaltChris
|html|super nimble megaSaltChris    
|uhtml|bestof|Game 1 of a best-of-3
|t:|1757706414
|gametype|doubles
|player|p1|super nimble mega|brycenman|1171
|player|p2|SaltChris|hiker-gen4|1179
|gen|9
|tier|[Gen 9] VGC 2025 Reg H (Bo3)
|rated|
|rule|Species Clause: Limit one of each Pokémon
|rule|Item Clause: Limit 1 of each item
|clearpoke
|poke|p1|Excadrill, L50, F|
|poke|p1|Tyranitar, L50, F|
|poke|p1|Sneasler, L50, M|
|poke|p1|Indeedee, L50, M|
|poke|p1|Corviknight, L50, M|
|poke|p1|Annihilape, L50, F|
|poke|p2|Garganacl, L50, M|
|poke|p2|Dondozo, L50, F|
|poke|p2|Sneasler, L50, F|
|poke|p2|Gholdengo, L50|
|poke|p2|Ninetales-Alola, L50, M|
|poke|p2|Incineroar, L50, M|
|teampreview|4
|showteam|p1|Excadrill||FocusSash|SandRush|IronHead,HighHorsepower,Earthquake,Protect|||F|||50|,,,,,Stellar]Tyranitar||AssaultVest|SandStream|RockSlide,KnockOff,TeraBlast,LowKick|||F|||50|,,,,,Flying]Sneasler||PsychicSeed|Unburden|DireClaw,CloseCombat,ThroatChop,Protect|||M|||50|,,,,,Dark]Indeedee||ChoiceScarf|PsychicSurge|ExpandingForce,TeraBlast,Protect,Trick|||M|||50|,,,,,Psychic]Corviknight||Leftovers|MirrorArmor|BraveBird,BulkUp,Roost,Tailwind|||M|||50|,,,,,Dragon]Annihilape||SafetyGoggles|Defiant|CloseCombat,FinalGambit,Taunt,RageFist|||F|||50|,,,,,Water
|showteam|p2|Garganacl||MarangaBerry|PurifyingSalt|SaltCure,StealthRock,Protect,Recover|||M|||50|,,,,,Flying]Dondozo||Leftovers|Unaware|Liquidation,Yawn,Curse,Protect|||F|||50|,,,,,Poison]Sneasler||FocusSash|PoisonTouch|DireClaw,CloseCombat,Coaching,Protect|||F|||50|,,,,,Ghost]Gholdengo||ChoiceScarf|GoodasGold|MakeItRain,ShadowBall,Trick,PowerGem||||||50|,,,,,Steel]Ninetales-Alola||NeverMeltIce|SnowWarning|Blizzard,FreezeDry,Protect,AuroraVeil|||M|||50|,,,,,Ice]Incineroar||AssaultVest|Intimidate|FlareBlitz,KnockOff,FakeOut,DrainPunch|||M|||50|,,,,,Grass
|inactive|Battle timer is ON: inactive players will automatically lose when time's up. (requested by super nimble mega)
|inactive|super nimble mega has 60 seconds left.
|inactive|SaltChris has 60 seconds left.
|inactive|super nimble mega has 30 seconds left.
|
|t:|1757706478
|teamsize|p1|4
|teamsize|p2|4
|start
|switch|p1a: Corviknight|Corviknight, L50, M|100/100
|switch|p1b: Annihilape|Annihilape, L50, F|100/100
|switch|p2a: Garganacl|Garganacl, L50, M|100/100
|switch|p2b: Gholdengo|Gholdengo, L50|100/100
|turn|1
|inactive|super nimble mega has 30 seconds left.
|
|t:|1757706506
|move|p2b: Gholdengo|Shadow Ball|p1b: Annihilape
|-supereffective|p1b: Annihilape
|-damage|p1b: Annihilape|27/100
|move|p1b: Annihilape|Rage Fist|p2b: Gholdengo
|-supereffective|p2b: Gholdengo
|-damage|p2b: Gholdengo|4/100
|move|p1a: Corviknight|Tailwind|p1a: Corviknight
|-sidestart|p1: super nimble mega|move: Tailwind
|move|p2a: Garganacl|Salt Cure|p1a: Corviknight
|-damage|p1a: Corviknight|88/100
|-start|p1a: Corviknight|Salt Cure
|
|-heal|p1a: Corviknight|94/100|[from] item: Leftovers
|-damage|p1a: Corviknight|69/100|[from] Salt Cure
|upkeep
|turn|2
|inactive|SaltChris has 30 seconds left.
|
|t:|1757706538
|switch|p2b: Dondozo|Dondozo, L50, F|100/100
|switch|p1a: Tyranitar|Tyranitar, L50, F, shiny|100/100
|-weather|Sandstorm|[from] ability: Sand Stream|[of] p1a: Tyranitar
|move|p1b: Annihilape|Rage Fist|p2b: Dondozo
|-damage|p2b: Dondozo|75/100
|move|p2a: Garganacl|Stealth Rock|p1a: Tyranitar
|-sidestart|p1: super nimble mega|move: Stealth Rock
|
|-weather|Sandstorm|[upkeep]
|-damage|p2b: Dondozo|69/100|[from] Sandstorm
|-heal|p2b: Dondozo|75/100|[from] item: Leftovers
|upkeep
|turn|3
|inactive|super nimble mega has 30 seconds left.
|inactive|SaltChris has 30 seconds left.
|inactive|super nimble mega has 20 seconds left.
|
|t:|1757706575
|move|p1b: Annihilape|Rage Fist|p2b: Dondozo
|-damage|p2b: Dondozo|47/100
|move|p1a: Tyranitar|Knock Off|p2b: Dondozo
|-damage|p2b: Dondozo|11/100
|-enditem|p2b: Dondozo|Leftovers|[from] move: Knock Off|[of] p1a: Tyranitar
|move|p2b: Dondozo|Curse|p2b: Dondozo
|-unboost|p2b: Dondozo|spe|1
|-boost|p2b: Dondozo|atk|1
|-boost|p2b: Dondozo|def|1
|move|p2a: Garganacl|Salt Cure|p1b: Annihilape
|-resisted|p1b: Annihilape
|-damage|p1b: Annihilape|21/100
|-start|p1b: Annihilape|Salt Cure
|
|-weather|Sandstorm|[upkeep]
|-damage|p2b: Dondozo|5/100|[from] Sandstorm
|-damage|p1b: Annihilape|8/100|[from] Salt Cure
|upkeep
|turn|4
|inactive|super nimble mega has 30 seconds left.
|inactive|SaltChris has 30 seconds left.
|
|t:|1757706606
|move|p2a: Garganacl|Protect|p2a: Garganacl
|-singleturn|p2a: Garganacl|Protect
|move|p1b: Annihilape|Close Combat|p2a: Garganacl
|-activate|p2a: Garganacl|move: Protect
|move|p1a: Tyranitar|Low Kick|p2a: Garganacl
|-activate|p2a: Garganacl|move: Protect
|move|p2b: Dondozo|Liquidation|p1a: Tyranitar
|-supereffective|p1a: Tyranitar
|-damage|p1a: Tyranitar|6/100
|-unboost|p1a: Tyranitar|def|1
|
|-weather|Sandstorm|[upkeep]
|-damage|p2b: Dondozo|0 fnt|[from] Sandstorm
|faint|p2b: Dondozo
|-damage|p1b: Annihilape|0 fnt|[from] Salt Cure
|faint|p1b: Annihilape
|-sideend|p1: super nimble mega|move: Tailwind
|upkeep
|
|t:|1757706627
|switch|p1b: Excadrill|Excadrill, L50, F, shiny|100/100
|switch|p2b: Incineroar|Incineroar, L50, M|100/100
|-damage|p1b: Excadrill|98/100|[from] Stealth Rock
|-ability|p2b: Incineroar|Intimidate|boost
|-unboost|p1a: Tyranitar|atk|1
|-unboost|p1b: Excadrill|atk|1
|turn|5
|inactive|super nimble mega has 30 seconds left.
|inactive|super nimble mega has 20 seconds left.
|inactive|super nimble mega has 15 seconds left.
|
|t:|1757706668
|move|p2b: Incineroar|Fake Out|p1b: Excadrill
|-resisted|p1b: Excadrill
|-damage|p1b: Excadrill|88/100
|cant|p1b: Excadrill|flinch
|move|p1a: Tyranitar|Knock Off|p2a: Garganacl
|-damage|p2a: Garganacl|77/100
|-enditem|p2a: Garganacl|Maranga Berry|[from] move: Knock Off|[of] p1a: Tyranitar
|move|p2a: Garganacl|Salt Cure|p1b: Excadrill
|-resisted|p1b: Excadrill
|-damage|p1b: Excadrill|83/100
|-start|p1b: Excadrill|Salt Cure
|
|-weather|Sandstorm|[upkeep]
|-damage|p2b: Incineroar|94/100|[from] Sandstorm
|-damage|p1b: Excadrill|58/100|[from] Salt Cure
|upkeep
|turn|6
|inactive|super nimble mega has 30 seconds left.
|
|t:|1757706701
|switch|p1a: Corviknight|Corviknight, L50, M|69/100
|-damage|p1a: Corviknight|57/100|[from] Stealth Rock
|-terastallize|p1b: Excadrill|Stellar
|-terastallize|p2b: Incineroar|Grass
|move|p2a: Garganacl|Protect|p2a: Garganacl
|-singleturn|p2a: Garganacl|Protect
|move|p1b: Excadrill|Earthquake|p2b: Incineroar|[spread] p2b
|-activate|p2a: Garganacl|move: Protect
|-immune|p1a: Corviknight
|-resisted|p2b: Incineroar
|-damage|p2b: Incineroar|74/100
|move|p2b: Incineroar|Flare Blitz|p1b: Excadrill
|-supereffective|p1b: Excadrill
|-damage|p1b: Excadrill|0 fnt
|faint|p1b: Excadrill
|-damage|p2b: Incineroar|56/100|[from] Recoil
|
|-weather|none
|-heal|p1a: Corviknight|63/100|[from] item: Leftovers
|upkeep
|
|t:|1757706719
|switch|p1b: Tyranitar|Tyranitar, L50, F, shiny|6/100
|-damage|p1b: Tyranitar|0 fnt|[from] Stealth Rock
|faint|p1b: Tyranitar
|turn|7
|
|t:|1757706730
|move|p2b: Incineroar|Flare Blitz|p1a: Corviknight
|-supereffective|p1a: Corviknight
|-damage|p1a: Corviknight|0 fnt
|faint|p1a: Corviknight
|-damage|p2b: Incineroar|35/100|[from] Recoil
|
|win|SaltChris
||SaltChris is ready for game 2.
||super nimble mega is ready for game 2.
|uhtml|next|Next: Game 2 of 3
