|j|☆reaper of moons
|j|☆robby w
|html|reaper of moonsrobby w    
|uhtml|bestof|Game 3 of a best-of-3
|t:|1756868779
|gametype|doubles
|player|p1|reaper of moons|169|1039
|player|p2|robby w|pokefan-gen4|1083
|gen|9
|tier|[Gen 9] VGC 2025 Reg H (Bo3)
|rated|
|rule|Species Clause: Limit one of each Pokémon
|rule|Item Clause: Limit 1 of each item
|clearpoke
|poke|p1|Clefairy, L50, F|
|poke|p1|Kingambit, L50, F|
|poke|p1|Vikavolt, L50, M|
|poke|p1|Malamar, L50, F|
|poke|p1|Farigiraf, L50, M|
|poke|p1|Araquanid, L50, M|
|poke|p2|Dondozo, L50, F|
|poke|p2|Tatsugiri, L50, F|
|poke|p2|Sneasler, L50, F|
|poke|p2|Whimsicott, L50, F|
|poke|p2|Indeedee, L50, M|
|poke|p2|Hydreigon, L50, M|
|teampreview|4
|showteam|p1|Clefairy||Eviolite|FriendGuard|FollowMe,HelpingHand,Protect,HealPulse|||F|||50|,,,,,Steel]Kingambit||AssaultVest|Defiant|KowtowCleave,IronHead,SuckerPunch,StoneEdge|||F|||50|,,,,,Flying]Vikavolt||ChoiceSpecs|Levitate|VoltSwitch,Thunderbolt,AirSlash,EnergyBall|||M|||50|,,,,,Electric]Malamar||SitrusBerry|Contrary|Superpower,TrickRoom,Protect,KnockOff|||F|||50|,,,,,Fighting]Farigiraf||SafetyGoggles|ArmorTail|TrickRoom,Protect,HelpingHand,Psychic|||M|||50|,,,,,Fairy]Araquanid||ChoiceBand|WaterBubble|Liquidation,PoisonJab,LeechLife,Waterfall|||M|||50|,,,,,Water
|showteam|p2|Dondozo||Leftovers|Unaware|Protect,WaveCrash,Earthquake,OrderUp|||F|||50|,,,,,Grass]Tatsugiri||ChoiceScarf|Commander|DragonPulse,IcyWind,DracoMeteor,MuddyWater|||F|||50|,,,,,Stellar]Sneasler||PsychicSeed|Unburden|DireClaw,CloseCombat,Protect,ThroatChop|||F|||50|,,,,,Dark]Whimsicott||CovertCloak|Prankster|Tailwind,Moonblast,Taunt,HelpingHand|||F|||50|,,,,,Dark]Indeedee||FocusSash|PsychicSurge|ExpandingForce,TrickRoom,DazzlingGleam,Protect|||M|||50|,,,,,Fairy]Hydreigon||LifeOrb|Levitate|DracoMeteor,Snarl,HeatWave,Protect|||M|||50|,,,,,Steel
|inactive|Battle timer is ON: inactive players will automatically lose when time's up. (requested by robby w)
|
|t:|1756868819
|teamsize|p1|4
|teamsize|p2|4
|start
|switch|p1a: Vikavolt|Vikavolt, L50, M|100/100
|switch|p1b: Araquanid|Araquanid, L50, M|100/100
|switch|p2a: Sneasler|Sneasler, L50, F|100/100
|switch|p2b: Indeedee|Indeedee, L50, M|100/100
|-fieldstart|move: Psychic Terrain|[from] ability: Psychic Surge|[of] p2b: Indeedee
|-enditem|p2a: Sneasler|Psychic Seed
|-boost|p2a: Sneasler|spd|1|[from] item: Psychic Seed
|turn|1
|inactive|robby w has 30 seconds left.
|
|t:|1756868851
|switch|p1b: Farigiraf|Farigiraf, L50, M|100/100
|-terastallize|p2a: Sneasler|Dark
|-terastallize|p1a: Vikavolt|Electric
|move|p2a: Sneasler|Dire Claw|p1b: Farigiraf
|-damage|p1b: Farigiraf|59/100
|move|p2b: Indeedee|Expanding Force|p1a: Vikavolt|[spread] p1a,p1b
|-resisted|p1b: Farigiraf
|-damage|p1a: Vikavolt|35/100
|-damage|p1b: Farigiraf|35/100
|move|p1a: Vikavolt|Volt Switch|p2a: Sneasler
|-damage|p2a: Sneasler|19/100
|
|t:|1756868865
|switch|p1a: Malamar|Malamar, L50, F|100/100|[from] Volt Switch
|
|upkeep
|turn|2
|inactive|reaper of moons has 30 seconds left.
|inactive|robby w has 30 seconds left.
|
|t:|1756868902
|move|p2a: Sneasler|Dire Claw|p1b: Farigiraf
|-crit|p1b: Farigiraf
|-damage|p1b: Farigiraf|0 fnt
|faint|p1b: Farigiraf
|move|p2b: Indeedee|Dazzling Gleam|p1a: Malamar
|-supereffective|p1a: Malamar
|-damage|p1a: Malamar|49/100
|-enditem|p1a: Malamar|Sitrus Berry|[eat]
|-heal|p1a: Malamar|74/100|[from] item: Sitrus Berry
|move|p1a: Malamar|Superpower|p2a: Sneasler
|-supereffective|p2a: Sneasler
|-damage|p2a: Sneasler|0 fnt
|-boost|p1a: Malamar|atk|1
|-boost|p1a: Malamar|def|1
|faint|p2a: Sneasler
|
|upkeep
|
|t:|1756868921
|switch|p2a: Dondozo|Dondozo, L50, F, shiny|100/100
|switch|p1b: Araquanid|Araquanid, L50, M|100/100
|turn|3
|inactive|robby w has 30 seconds left.
|
|t:|1756868948
|switch|p2b: Tatsugiri|Tatsugiri, L50, F|100/100
|-activate|p2b: Tatsugiri|ability: Commander|[of] p2a: Dondozo
|-boost|p2a: Dondozo|atk|2
|-boost|p2a: Dondozo|spa|2
|-boost|p2a: Dondozo|spe|2
|-boost|p2a: Dondozo|def|2
|-boost|p2a: Dondozo|spd|2
|move|p2a: Dondozo|Wave Crash|p1a: Malamar
|-damage|p1a: Malamar|0 fnt
|faint|p1a: Malamar
|-damage|p2a: Dondozo|83/100|[from] Recoil
|move|p1b: Araquanid|Liquidation|p2a: Dondozo
|-resisted|p2a: Dondozo
|-damage|p2a: Dondozo|66/100
|
|-heal|p2a: Dondozo|72/100|[from] item: Leftovers
|upkeep
|
|t:|1756868963
|switch|p1a: Vikavolt|Vikavolt, L50, M, tera:Electric|35/100
|turn|4
|
|t:|1756868970
|move|p2a: Dondozo|Order Up|p1a: Vikavolt
|-damage|p1a: Vikavolt|0 fnt
|faint|p1a: Vikavolt
|-boost|p2a: Dondozo|atk|1
|move|p1b: Araquanid|Liquidation|p2a: Dondozo
|-resisted|p2a: Dondozo
|-damage|p2a: Dondozo|55/100
|
|-heal|p2a: Dondozo|61/100|[from] item: Leftovers
|upkeep
|turn|5
|c|☆reaper of moons|gg
|c|☆robby w|gg wp
|
|t:|1756868987
|move|p2a: Dondozo|Order Up|p1b: Araquanid
|-damage|p1b: Araquanid|30/100
|-boost|p2a: Dondozo|atk|1
|move|p1b: Araquanid|Liquidation|p2a: Dondozo
|-resisted|p2a: Dondozo
|-damage|p2a: Dondozo|44/100
|
|-heal|p2a: Dondozo|50/100|[from] item: Leftovers
|-fieldend|move: Psychic Terrain
|upkeep
|turn|6
|
|t:|1756869004
|move|p2a: Dondozo|Order Up|p1b: Araquanid
|-damage|p1b: Araquanid|0 fnt
|faint|p1b: Araquanid
|
|win|robby w
|raw|reaper of moons's rating: 1039 → 1025(-14 for losing)
|raw|robby w's rating: 1083 → 1107(+24 for winning)
|l|☆reaper of moons
|player|p1|
