|j|☆Lorido
|j|☆Pakaan64
|html|LoridoPakaan64    
|uhtml|bestof|Game 1 of a best-of-3
|t:|1782553212
|gametype|doubles
|player|p1|Lorido|266|1256
|player|p2|Pakaan64|266|1198
|gen|9
|tier|[Gen 9 Champions] VGC 2026 Reg M-B (Bo3)
|rated|
|rule|Species Clause: Limit one of each Pokémon
|rule|Item Clause: Limit 1 of each item
|clearpoke
|poke|p1|Charizard, L50, F|
|poke|p1|Floette-Eternal, L50, F|
|poke|p1|Whimsicott, L50, M|
|poke|p1|Kingambit, L50, F|
|poke|p1|Garchomp, L50, F|
|poke|p1|Basculegion, L50, M|
|poke|p2|Pyroar, L50, F, shiny|
|poke|p2|Whimsicott, L50, F|
|poke|p2|Gholdengo, L50|
|poke|p2|Sneasler, L50, M|
|poke|p2|Toxapex, L50, M|
|poke|p2|Incineroar, L50, M|
|teampreview|4
|showteam|p1|Charizard||CharizarditeY|Blaze|HeatWave,WeatherBall,SolarBeam,Protect|Modest||F|||50|]Floette-Eternal||Floettite|FlowerVeil|DazzlingGleam,Protect,Moonblast,LightofRuin|Modest||F|||50|]Whimsicott||FocusSash|Prankster|Moonblast,Protect,Tailwind,Encore|Timid||M|||50|]Kingambit||ChopleBerry|Defiant|KowtowCleave,SuckerPunch,IronHead,LowKick|Adamant||F|||50|]Garchomp||LifeOrb|RoughSkin|DragonClaw,StompingTantrum,RockSlide,Protect|Jolly||F|||50|]Basculegion||MysticWater|Adaptability|WaveCrash,LastRespects,AquaJet,Protect|Adamant||M|||50|
|showteam|p2|Pyroar||Pyroarite|Unnerve|HeatWave,Protect,Overheat,HyperVoice|Timid||F|||50|]Whimsicott||KebiaBerry|Prankster|Tailwind,SunnyDay,Moonblast,Encore|Bold||F|||50|]Gholdengo||LifeOrb|GoodasGold|MakeItRain,ShadowBall,NastyPlot,Protect|Modest|||||50|]Sneasler||WhiteHerb|Unburden|FakeOut,DireClaw,Protect,CloseCombat|Adamant||M|||50|]Toxapex||Leftovers|Regenerator|BanefulBunker,Toxic,Infestation,WideGuard|Bold||M|||50|]Incineroar||SitrusBerry|Intimidate|FakeOut,PartingShot,DarkestLariat,FlareBlitz|Careful||M|||50|
|inactive|Battle timer is ON: inactive players will automatically lose when time's up. (requested by Lorido)
|inactive|Pakaan64 also wants the timer to be on.
|inactive|Lorido has 60 seconds left.
|inactive|Pakaan64 has 60 seconds left.
|
|t:|1782553258
|teamsize|p1|4
|teamsize|p2|4
|start
|switch|p1a: Garchomp|Garchomp, L50, F|100/100
|switch|p1b: Charizard|Charizard, L50, F|100/100
|switch|p2a: Toxapex|Toxapex, L50, M|100/100
|switch|p2b: Pyroar|Pyroar, L50, F, shiny|100/100
|-ability|p2b: Pyroar|Unnerve
|turn|1
|
|t:|1782553279
|move|p2b: Pyroar|Protect|p2b: Pyroar
|-singleturn|p2b: Pyroar|Protect
|move|p1b: Charizard|Protect|p1b: Charizard
|-singleturn|p1b: Charizard|Protect
|move|p1a: Garchomp|Stomping Tantrum|p2b: Pyroar
|-activate|p2b: Pyroar|move: Protect
|move|p2a: Toxapex|Toxic|p1a: Garchomp
|-status|p1a: Garchomp|tox
|
|-damage|p1a: Garchomp|94/100 tox|[from] psn
|upkeep
|turn|2
|inactive|Pakaan64 has 30 seconds left.
|inactive|Lorido has 30 seconds left.
|
|t:|1782553314
|detailschange|p2b: Pyroar|Pyroar-Mega, L50, F, shiny
|-mega|p2b: Pyroar|Pyroar|Pyroarite
|detailschange|p1b: Charizard|Charizard-Mega-Y, L50, F
|-mega|p1b: Charizard|Charizard|Charizardite Y
|-weather|SunnyDay|[from] ability: Drought|[of] p1b: Charizard
|move|p2b: Pyroar|Overheat|p1a: Garchomp
|-resisted|p1a: Garchomp|1
|-damage|p1a: Garchomp|16/100 tox
|-unboost|p2b: Pyroar|spa|2
|move|p1a: Garchomp|Stomping Tantrum|p2b: Pyroar
|-supereffective|p2b: Pyroar|1
|-damage|p2b: Pyroar|0 fnt
|faint|p2b: Pyroar
|-damage|p1a: Garchomp|6/100 tox|[from] item: Life Orb
|move|p1b: Charizard|Solar Beam||[still]
|-prepare|p1b: Charizard|Solar Beam
|-anim|p1b: Charizard|Solar Beam|p2a: Toxapex
|-damage|p2a: Toxapex|61/100
|move|p2a: Toxapex|Toxic|p1b: Charizard
|-status|p1b: Charizard|tox
|
|-weather|SunnyDay|[upkeep]
|-heal|p2a: Toxapex|67/100|[from] item: Leftovers
|-damage|p1a: Garchomp|0 fnt|[from] psn
|faint|p1a: Garchomp
|-damage|p1b: Charizard|94/100 tox|[from] psn
|upkeep
|l|☆Pakaan64
|inactive|Pakaan64 disconnected and has a minute to reconnect!
|player|p2|
|j|☆Pakaan64
|inactive|Pakaan64 reconnected and has 50 seconds left.
|player|p2|Pakaan64|266|
|inactive|Pakaan64 has 30 seconds left.
|inactive|Pakaan64 has 20 seconds left.
|
|t:|1782553349
|switch|p2b: Sneasler|Sneasler, L50, M|100/100
|switch|p1a: Kingambit|Kingambit, L50, F|100/100
|turn|3
|
|t:|1782553370
|switch|p1a: Basculegion|Basculegion, L50, M|100/100
|move|p2b: Sneasler|Fake Out|p1b: Charizard
|-damage|p1b: Charizard|78/100 tox
|cant|p1b: Charizard|flinch
|move|p2a: Toxapex|Infestation|p1a: Basculegion
|-resisted|p1a: Basculegion|1
|-damage|p1a: Basculegion|98/100
|-activate|p1a: Basculegion|move: Infestation|[of] p2a: Toxapex
|
|-weather|SunnyDay|[upkeep]
|-heal|p2a: Toxapex|73/100|[from] item: Leftovers
|-damage|p1b: Charizard|66/100 tox|[from] psn
|-damage|p1a: Basculegion|86/100|[from] move: Infestation|[partiallytrapped]
|upkeep
|turn|4
|
|t:|1782553391
|move|p2a: Toxapex|Baneful Bunker|p2a: Toxapex
|-singleturn|p2a: Toxapex|move: Protect
|move|p2b: Sneasler|Dire Claw|p1b: Charizard
|-damage|p1b: Charizard|21/100 tox
|-fail|p1b: Charizard
|move|p1b: Charizard|Weather Ball|p2b: Sneasler
|-damage|p2b: Sneasler|0 fnt
|faint|p2b: Sneasler
|move|p1a: Basculegion|Last Respects|p2a: Toxapex
|-activate|p2a: Toxapex|move: Protect
|
|-weather|SunnyDay|[upkeep]
|-heal|p2a: Toxapex|78/100|[from] item: Leftovers
|-damage|p1b: Charizard|4/100 tox|[from] psn
|-damage|p1a: Basculegion|74/100|[from] move: Infestation|[partiallytrapped]
|upkeep
|
|t:|1782553404
|switch|p2b: Gholdengo|Gholdengo, L50|100/100
|turn|5
|
|t:|1782553425
|move|p2b: Gholdengo|Protect|p2b: Gholdengo
|-singleturn|p2b: Gholdengo|Protect
|move|p1b: Charizard|Solar Beam||[still]
|-prepare|p1b: Charizard|Solar Beam
|-anim|p1b: Charizard|Solar Beam|p2a: Toxapex
|-damage|p2a: Toxapex|36/100
|move|p1a: Basculegion|Last Respects|p2a: Toxapex
|-crit|p2a: Toxapex
|-damage|p2a: Toxapex|0 fnt
|faint|p2a: Toxapex
|
|-weather|SunnyDay|[upkeep]
|-damage|p1b: Charizard|0 fnt|[from] psn
|faint|p1b: Charizard
|-end|p1a: Basculegion|Infestation|[partiallytrapped]|[silent]
|upkeep
|
|t:|1782553436
|switch|p1b: Kingambit|Kingambit, L50, F|100/100
|turn|6
|
|t:|1782553443
|move|p1b: Kingambit|Sucker Punch|p2b: Gholdengo
|-supereffective|p2b: Gholdengo|1
|-damage|p2b: Gholdengo|14/100
|move|p2b: Gholdengo|Shadow Ball|p1a: Basculegion
|-supereffective|p1a: Basculegion|1
|-damage|p1a: Basculegion|0 fnt
|faint|p1a: Basculegion
|-damage|p2b: Gholdengo|4/100|[from] item: Life Orb
|
|-weather|none
|upkeep
|turn|7
|
|t:|1782553458
|move|p1b: Kingambit|Sucker Punch||[still]
|-fail|p1b: Kingambit
|move|p2b: Gholdengo|Nasty Plot|p2b: Gholdengo
|-boost|p2b: Gholdengo|spa|2
|
|upkeep
|turn|8
|
|t:|1782553467
|move|p2b: Gholdengo|Protect|p2b: Gholdengo
|-singleturn|p2b: Gholdengo|Protect
|move|p1b: Kingambit|Kowtow Cleave|p2b: Gholdengo
|-activate|p2b: Gholdengo|move: Protect
|
|upkeep
|turn|9
|
|t:|1782553475
|move|p2b: Gholdengo|Make It Rain|p1b: Kingambit
|-resisted|p1b: Kingambit|1
|-damage|p1b: Kingambit|15/100
|-unboost|p2b: Gholdengo|spa|2
|-damage|p2b: Gholdengo|0 fnt|[from] item: Life Orb
|faint|p2b: Gholdengo
|
|win|Lorido
