|j|☆jowemama
|j|☆KyleTampy
|html|jowemamaKyleTampy    
|uhtml|bestof|Game 3 of a best-of-3
|t:|1757861145
|gametype|doubles
|player|p1|jowemama|scientistf|
|player|p2|KyleTampy|lucian|
|gen|9
|tier|[Gen 9] VGC 2025 Reg H (Bo3)
|rule|Species Clause: Limit one of each Pokémon
|rule|Item Clause: Limit 1 of each item
|clearpoke
|poke|p1|Decidueye-Hisui, L50, F|
|poke|p1|Primarina, L50, M|
|poke|p1|Incineroar, L50, M|
|poke|p1|Dragapult, L50, M|
|poke|p1|Electabuzz, L50, F|
|poke|p1|Vivillon, L50, F|
|poke|p2|Kleavor, L50, F|
|poke|p2|Tyranitar, L50, F|
|poke|p2|Gastrodon-East, L50, F|
|poke|p2|Decidueye-Hisui, L50, M|
|poke|p2|Corviknight, L50, M|
|poke|p2|Excadrill, L50, M|
|teampreview|4
|showteam|p1|Decidueye-Hisui||ScopeLens|Scrappy|LeafBlade,TripleArrows,BraveBird,Protect|||F|||50|,,,,,Poison]Primarina||SitrusBerry|LiquidVoice|HyperVoice,Moonblast,Haze,Protect|||M|||50|,,,,,Poison]Incineroar||SafetyGoggles|Intimidate|KnockOff,WillOWisp,PartingShot,FakeOut|||M|||50|,,,,,Grass]Dragapult||ChoiceBand|ClearBody|DragonDarts,Outrage,PhantomForce,Uturn|||M|||50|,,,,,Dragon]Electabuzz||Eviolite|VitalSpirit|Thunderbolt,Electroweb,Taunt,FollowMe|||F|||50|,,,,,Ghost]Vivillon||FocusSash|CompoundEyes|Hurricane,SleepPowder,Tailwind,Protect|||F|||50|,,,,,Ghost
|showteam|p2|Kleavor||FocusSash|Sharpness|StoneAxe,CloseCombat,NightSlash,Protect|||F|||50|,,,,,Steel]Tyranitar||AssaultVest|SandStream|RockSlide,KnockOff,Snarl,TeraBlast|||F|||50|,,,,,Flying]Gastrodon-East||Leftovers|StormDrain|EarthPower,ClearSmog,Yawn,Protect|||F|||50|,,,,,Rock]Decidueye-Hisui||ScopeLens|Scrappy|TripleArrows,LeafBlade,SuckerPunch,Protect|||M|||50|,,,,,Steel]Corviknight||CovertCloak|MirrorArmor|Tailwind,BodyPress,DrillPeck,Uturn|||M|||50|,,,,,Dragon]Excadrill||ChoiceScarf|SandForce|Earthquake,IronHead,RockSlide,HighHorsepower|||M|||50|,,,,,Ghost
|inactive|Battle timer is ON: inactive players will automatically lose when time's up. (requested by jowemama)
|j| SengarBlade
|inactive|KyleTampy has 60 seconds left.
|
|t:|1757861185
|teamsize|p1|4
|teamsize|p2|4
|start
|switch|p1a: Dragapult|Dragapult, L50, M|100/100
|switch|p1b: Electabuzz|Electabuzz, L50, F|100/100
|switch|p2a: Corviknight|Corviknight, L50, M|100/100
|switch|p2b: Decidueye|Decidueye-Hisui, L50, M|100/100
|turn|1
|
|t:|1757861191
|move|p2b: Decidueye|Protect|p2b: Decidueye
|-singleturn|p2b: Decidueye|Protect
|move|p1a: Dragapult|U-turn|p2b: Decidueye
|-activate|p2b: Decidueye|move: Protect
|move|p1b: Electabuzz|Taunt|p2a: Corviknight
|-start|p2a: Corviknight|move: Taunt
|move|p2a: Corviknight|Drill Peck|p1a: Dragapult
|-damage|p1a: Dragapult|69/100
|
|upkeep
|turn|2
|j| Oldcow
|
|t:|1757861206
|move|p2b: Decidueye|Sucker Punch|p1a: Dragapult
|-supereffective|p1a: Dragapult
|-damage|p1a: Dragapult|5/100
|move|p1a: Dragapult|U-turn|p2b: Decidueye
|-damage|p2b: Decidueye|55/100
|
|t:|1757861210
|switch|p1a: Primarina|Primarina, L50, M|100/100|[from] U-turn
|move|p1b: Electabuzz|Thunderbolt|p2a: Corviknight
|-supereffective|p2a: Corviknight
|-damage|p2a: Corviknight|51/100
|move|p2a: Corviknight|U-turn|p1b: Electabuzz
|-damage|p1b: Electabuzz|88/100
|
|t:|1757861215
|switch|p2a: Kleavor|Kleavor, L50, F|100/100|[from] U-turn
|
|upkeep
|turn|3
|
|t:|1757861231
|-terastallize|p1a: Primarina|Poison
|move|p2b: Decidueye|Protect|p2b: Decidueye
|-singleturn|p2b: Decidueye|Protect
|move|p2a: Kleavor|Stone Axe|p1b: Electabuzz
|-damage|p1b: Electabuzz|49/100
|-sidestart|p1: jowemama|move: Stealth Rock
|move|p1b: Electabuzz|Electroweb|p2a: Kleavor|[spread] p2a
|-activate|p2b: Decidueye|move: Protect
|-damage|p2a: Kleavor|80/100
|-unboost|p2a: Kleavor|spe|1
|move|p1a: Primarina|Hyper Voice|p2b: Decidueye|[spread] p2a
|-activate|p2b: Decidueye|move: Protect
|-supereffective|p2a: Kleavor
|-damage|p2a: Kleavor|0 fnt
|faint|p2a: Kleavor
|
|upkeep
|
|t:|1757861243
|switch|p2a: Gastrodon|Gastrodon-East, L50, F|100/100
|turn|4
|
|t:|1757861255
|-terastallize|p2b: Decidueye|Steel
|move|p1b: Electabuzz|Taunt|p2a: Gastrodon
|-start|p2a: Gastrodon|move: Taunt
|move|p2b: Decidueye|Triple Arrows|p1b: Electabuzz
|-crit|p1b: Electabuzz
|-damage|p1b: Electabuzz|1/100
|-unboost|p1b: Electabuzz|def|1
|move|p1a: Primarina|Moonblast|p2b: Decidueye
|-resisted|p2b: Decidueye
|-damage|p2b: Decidueye|33/100
|move|p2a: Gastrodon|Earth Power|p1a: Primarina
|-supereffective|p1a: Primarina
|-damage|p1a: Primarina|47/100
|-enditem|p1a: Primarina|Sitrus Berry|[eat]
|-heal|p1a: Primarina|72/100|[from] item: Sitrus Berry
|
|upkeep
|turn|5
|inactive|KyleTampy has 30 seconds left.
|
|t:|1757861281
|switch|p2b: Corviknight|Corviknight, L50, M|51/100
|move|p1b: Electabuzz|Thunderbolt|p2b: Corviknight
|-supereffective|p2b: Corviknight
|-damage|p2b: Corviknight|7/100
|move|p1a: Primarina|Moonblast|p2a: Gastrodon
|-damage|p2a: Gastrodon|62/100
|-unboost|p2a: Gastrodon|spa|1
|move|p2a: Gastrodon|Earth Power|p1a: Primarina
|-supereffective|p1a: Primarina
|-damage|p1a: Primarina|32/100
|
|-heal|p2a: Gastrodon|68/100|[from] item: Leftovers
|upkeep
|turn|6
|inactive|KyleTampy has 30 seconds left.
|
|t:|1757861310
|move|p1b: Electabuzz|Thunderbolt|p2b: Corviknight
|-supereffective|p2b: Corviknight
|-damage|p2b: Corviknight|0 fnt
|faint|p2b: Corviknight
|move|p1a: Primarina|Moonblast|p2a: Gastrodon
|-crit|p2a: Gastrodon
|-damage|p2a: Gastrodon|3/100
|-unboost|p2a: Gastrodon|spa|1
|move|p2a: Gastrodon|Earth Power|p1b: Electabuzz
|-supereffective|p1b: Electabuzz
|-damage|p1b: Electabuzz|0 fnt
|faint|p1b: Electabuzz
|
|-heal|p2a: Gastrodon|9/100|[from] item: Leftovers
|-end|p2a: Gastrodon|move: Taunt
|upkeep
|
|t:|1757861321
|switch|p1b: Incineroar|Incineroar, L50, M|100/100
|switch|p2b: Decidueye|Decidueye-Hisui, L50, M, tera:Steel|33/100
|-damage|p1b: Incineroar|76/100|[from] Stealth Rock
|-ability|p1b: Incineroar|Intimidate|boost
|-unboost|p2a: Gastrodon|atk|1
|-fail|p2b: Decidueye|unboost|Attack|[from] ability: Scrappy|[of] p2b: Decidueye
|turn|7
|
|t:|1757861333
|move|p2b: Decidueye|Protect|p2b: Decidueye
|-singleturn|p2b: Decidueye|Protect
|move|p2a: Gastrodon|Protect|p2a: Gastrodon
|-singleturn|p2a: Gastrodon|Protect
|move|p1b: Incineroar|Fake Out|p2b: Decidueye
|-activate|p2b: Decidueye|move: Protect
|move|p1a: Primarina|Moonblast|p2a: Gastrodon
|-activate|p2a: Gastrodon|move: Protect
|
|-heal|p2a: Gastrodon|15/100|[from] item: Leftovers
|upkeep
|turn|8
|inactive|jowemama has 30 seconds left.
|inactive|KyleTampy has 30 seconds left.
|inactive|KyleTampy has 20 seconds left.
|
|t:|1757861371
|move|p1b: Incineroar|Knock Off|p2b: Decidueye
|-damage|p2b: Decidueye|0 fnt
|-enditem|p2b: Decidueye|Scope Lens|[from] move: Knock Off|[of] p1b: Incineroar
|faint|p2b: Decidueye
|move|p1a: Primarina|Moonblast|p2a: Gastrodon
|-damage|p2a: Gastrodon|0 fnt
|faint|p2a: Gastrodon
|
|win|jowemama
|c|☆KyleTampy|Ah
|c|☆KyleTampy|Ang bilisnpala
|c|☆KyleTampy|Sayang
|c|☆KyleTampy|:(
|c|☆KyleTampy|I'm so sad
|c| SengarBlade|oks lang nice game padin
|c| Oldcow|nice g
|c|☆KyleTampy|Ty pero :(
|l| SengarBlade
|c|☆KyleTampy|Nakakagulat
|c| Oldcow|lakas ni kleavor
|c| Oldcow|nice call
|c|☆KyleTampy|Ty
|l|☆jowemama
|player|p1|
|l| Oldcow
|c|☆KyleTampy|Basta di lang talaga tumama sa cloak
