|j|☆FunkleVGC
|j|☆Navizz0
|html|FunkleVGCNavizz0    
|uhtml|bestof|Game 3 of a best-of-3
|t:|1782518525
|gametype|doubles
|player|p1|FunkleVGC|fisherman-gen4|1233
|player|p2|Navizz0|ethan|1329
|gen|9
|tier|[Gen 9 Champions] VGC 2026 Reg M-B (Bo3)
|rated|
|rule|Species Clause: Limit one of each Pokémon
|rule|Item Clause: Limit 1 of each item
|clearpoke
|poke|p1|Froslass, L50, F, shiny|
|poke|p1|Scovillain, L50, F, shiny|
|poke|p1|Lycanroc-Dusk, L50, F|
|poke|p1|Kingambit, L50, M, shiny|
|poke|p1|Basculegion, L50, M, shiny|
|poke|p1|Sneasler, L50, F|
|poke|p2|Whimsicott, L50, M|
|poke|p2|Delphox, L50, M|
|poke|p2|Kingambit, L50, M|
|poke|p2|Garchomp, L50, M|
|poke|p2|Sneasler, L50, F|
|poke|p2|Floette-Eternal, L50, F|
|teampreview|4
|showteam|p1|Froslass||Froslassite|CursedBody|Blizzard,ShadowBall,AuroraVeil,Protect|Modest||F|||50|]Scovillain||Scovillainite|Moody|Overheat,GigaDrain,RagePowder,Protect|Bold||F|||50|]Lycanroc-Dusk||FocusSash|ToughClaws|RockSlide,CloseCombat,Accelerock,Protect|Adamant||F|||50|]Kingambit||BlackGlasses|Defiant|KowtowCleave,SuckerPunch,SwordsDance,Protect|Adamant||M|||50|]Basculegion||SitrusBerry|Adaptability|WaveCrash,LastRespects,AquaJet,Protect|Adamant||M|||50|]Sneasler||WhiteHerb|Unburden|DireClaw,CloseCombat,FakeOut,Protect|Adamant||F|||50|
|showteam|p2|Whimsicott||FocusSash|Prankster|WorrySeed,Moonblast,Protect,Tailwind|Timid||M|||50|]Delphox||Delphoxite|Blaze|NastyPlot,Protect,HeatWave,Psyshock|Timid||M|||50|]Kingambit||BlackGlasses|Defiant|SuckerPunch,IronHead,Protect,KowtowCleave|Adamant||M|||50|]Garchomp||LifeOrb|RoughSkin|RockSlide,DragonClaw,Earthquake,Protect|Jolly||M|||50|]Sneasler||WhiteHerb|Unburden|FakeOut,Protect,CloseCombat,DireClaw|Adamant||F|||50|]Floette-Eternal||Floettite|FlowerVeil|EnergyBall,Protect,DazzlingGleam,LightofRuin|Modest||F|||50|
|inactive|Battle timer is ON: inactive players will automatically lose when time's up. (requested by Navizz0)
|
|t:|1782518537
|teamsize|p1|4
|teamsize|p2|4
|start
|switch|p1a: Froslass|Froslass, L50, F, shiny|100/100
|switch|p1b: Basculegion|Basculegion, L50, M, shiny|100/100
|switch|p2a: Whimsicott|Whimsicott, L50, M|100/100
|switch|p2b: Kingambit|Kingambit, L50, M|100/100
|turn|1
|
|t:|1782518553
|switch|p1b: Sneasler|Sneasler, L50, F|100/100
|move|p1a: Froslass|Protect|p1a: Froslass
|-singleturn|p1a: Froslass|Protect
|move|p2a: Whimsicott|Worry Seed|p1b: Sneasler
|-ability|p1b: Sneasler|Insomnia|Unburden|[from] move: Worry Seed
|move|p2b: Kingambit|Kowtow Cleave|p1a: Froslass
|-activate|p1a: Froslass|move: Protect
|
|upkeep
|turn|2
|
|t:|1782518574
|switch|p2b: Sneasler|Sneasler, L50, F|100/100
|detailschange|p1a: Froslass|Froslass-Mega, L50, F, shiny
|-mega|p1a: Froslass|Froslass|Froslassite
|-weather|Snowscape|[from] ability: Snow Warning|[of] p1a: Froslass
|move|p2a: Whimsicott|Moonblast|p1a: Froslass
|-damage|p1a: Froslass|59/100
|move|p1a: Froslass|Blizzard|p2b: Sneasler|[spread] p2a,p2b
|-supereffective|p2a: Whimsicott|1
|-enditem|p2a: Whimsicott|Focus Sash
|-damage|p2a: Whimsicott|1/100
|-damage|p2b: Sneasler|40/100
|move|p1b: Sneasler|Close Combat|p2b: Sneasler
|-resisted|p2b: Sneasler|1
|-damage|p2b: Sneasler|0 fnt
|-unboost|p1b: Sneasler|def|1
|-unboost|p1b: Sneasler|spd|1
|faint|p2b: Sneasler
|-enditem|p1b: Sneasler|White Herb
|-clearnegativeboost|p1b: Sneasler|[silent]
|
|-weather|Snowscape|[upkeep]
|upkeep
|
|t:|1782518577
|switch|p2b: Delphox|Delphox, L50, M|100/100
|turn|3
|
|t:|1782518600
|detailschange|p2b: Delphox|Delphox-Mega, L50, M
|-mega|p2b: Delphox|Delphox|Delphoxite
|move|p1a: Froslass|Protect|p1a: Froslass
|-singleturn|p1a: Froslass|Protect
|move|p2b: Delphox|Heat Wave|p1b: Sneasler|[spread] p1b
|-activate|p1a: Froslass|move: Protect
|-damage|p1b: Sneasler|48/100
|move|p2a: Whimsicott|Moonblast|p1b: Sneasler
|-damage|p1b: Sneasler|4/100
|move|p1b: Sneasler|Dire Claw|p2a: Whimsicott
|-supereffective|p2a: Whimsicott|2
|-damage|p2a: Whimsicott|0 fnt
|faint|p2a: Whimsicott
|
|-weather|Snowscape|[upkeep]
|upkeep
|
|t:|1782518607
|switch|p2a: Kingambit|Kingambit, L50, M|100/100
|turn|4
|
|t:|1782518626
|switch|p1a: Basculegion|Basculegion, L50, M, shiny|100/100
|move|p2a: Kingambit|Sucker Punch||[still]
|-fail|p2a: Kingambit
|move|p2b: Delphox|Heat Wave|p1a: Basculegion|[spread] p1a,p1b
|-resisted|p1a: Basculegion|1
|-damage|p1a: Basculegion|78/100
|-damage|p1b: Sneasler|0 fnt
|faint|p1b: Sneasler
|
|-weather|Snowscape|[upkeep]
|upkeep
|
|t:|1782518635
|switch|p1b: Kingambit|Kingambit, L50, M, shiny|100/100
|turn|5
|
|t:|1782518645
|move|p2b: Delphox|Heat Wave|p1b: Kingambit|[spread] p1b
|-miss|p2b: Delphox|p1a: Basculegion
|-supereffective|p1b: Kingambit|1
|-damage|p1b: Kingambit|18/100
|move|p1a: Basculegion|Wave Crash|p2a: Kingambit
|-damage|p2a: Kingambit|44/100
|-damage|p1a: Basculegion|61/100|[from] Recoil
|move|p2a: Kingambit|Kowtow Cleave|p1a: Basculegion
|-supereffective|p1a: Basculegion|1
|-damage|p1a: Basculegion|0 fnt
|faint|p1a: Basculegion
|move|p1b: Kingambit|Kowtow Cleave|p2b: Delphox
|-supereffective|p2b: Delphox|1
|-damage|p2b: Delphox|0 fnt
|faint|p2b: Delphox
|
|-weather|Snowscape|[upkeep]
|upkeep
|
|t:|1782518661
|switch|p1a: Froslass|Froslass-Mega, L50, F, shiny|59/100
|turn|6
|
|t:|1782518669
|move|p1b: Kingambit|Sucker Punch|p2a: Kingambit
|-resisted|p2a: Kingambit|1
|-damage|p2a: Kingambit|27/100
|move|p1a: Froslass|Aurora Veil|p1a: Froslass
|-sidestart|p1: FunkleVGC|move: Aurora Veil
|move|p2a: Kingambit|Kowtow Cleave|p1b: Kingambit
|-resisted|p1b: Kingambit|1
|-damage|p1b: Kingambit|4/100
|
|-weather|none
|upkeep
|turn|7
|
|t:|1782518682
|move|p2a: Kingambit|Sucker Punch|p1a: Froslass
|-supereffective|p1a: Froslass|1
|-damage|p1a: Froslass|0 fnt
|faint|p1a: Froslass
|move|p1b: Kingambit|Sucker Punch||[still]
|-fail|p1b: Kingambit
|
|upkeep
|turn|8
|
|t:|1782518688
|move|p2a: Kingambit|Sucker Punch|p1b: Kingambit
|-resisted|p1b: Kingambit|1
|-damage|p1b: Kingambit|0 fnt
|faint|p1b: Kingambit
|
|win|Navizz0
|raw|FunkleVGC's rating: 1233 → 1215(-18 for losing)
|raw|Navizz0's rating: 1329 → 1344(+15 for winning)
