|j|☆mouseilluminati
|j|☆borntobethegoat
|html|mouseilluminatiborntobethegoat    
|uhtml|bestof|Game 1 of a best-of-3
|t:|1784770891
|gametype|doubles
|player|p1|mouseilluminati|n|1238
|player|p2|borntobethegoat|caitlin|1355
|gen|9
|tier|[Gen 9 Champions] VGC 2026 Reg M-B (Bo3)
|rated|
|rule|Species Clause: Limit one of each Pokémon
|rule|Item Clause: Limit 1 of each item
|clearpoke
|poke|p1|Pyroar, L50, F|
|poke|p1|Basculegion, L50, M|
|poke|p1|Torkoal, L50, M|
|poke|p1|Whimsicott, L50, F|
|poke|p1|Mawile, L50, F|
|poke|p1|Farigiraf, L50, F|
|poke|p2|Sinistcha, L50|
|poke|p2|Incineroar, L50, F|
|poke|p2|Milotic, L50, M|
|poke|p2|Raichu, L50, M|
|poke|p2|Floette-Eternal, L50, F|
|poke|p2|Ceruledge, L50, F|
|teampreview|4
|showteam|p1|Pyroar||Pyroarite|Unnerve|HeatWave,Overheat,Protect,SolarBeam|Timid||F|||50|]Basculegion||LifeOrb|Adaptability|AquaJet,WaveCrash,Protect,LastRespects|Adamant||M|||50|]Torkoal||Charcoal|Drought|Eruption,WeatherBall,Protect,HelpingHand|Quiet||M|||50|]Whimsicott||FocusSash|Prankster|Moonblast,SunnyDay,Protect,Tailwind|Timid||F|||50|]Mawile||Mawilite|HyperCutter|RockSlide,PlayRough,Protect,SuckerPunch|Adamant||F|||50|]Farigiraf||ColburBerry|ArmorTail|FoulPlay,Psychic,HelpingHand,TrickRoom|Relaxed||F|||50|
|showteam|p2|Sinistcha||KasibBerry|Hospitality|MatchaGotcha,RagePowder,TrickRoom,Protect|Relaxed|||||50|]Incineroar||SitrusBerry|Intimidate|FlareBlitz,ThroatChop,FakeOut,PartingShot|Impish||F|||50|]Milotic||Leftovers|Competitive|MuddyWater,Coil,Hypnosis,Protect|Calm||M|||50|]Raichu||RaichuniteY|LightningRod|ZapCannon,FocusBlast,FakeOut,Protect|Timid||M|||50|]Floette-Eternal||Floettite|FlowerVeil|DazzlingGleam,DrainingKiss,CalmMind,Protect|Timid||F|||50|]Ceruledge||ColburBerry|FlashFire|BitterBlade,ShadowSneak,BulkUp,Protect|Adamant||F|||50|
|inactive|Battle timer is ON: inactive players will automatically lose when time's up. (requested by borntobethegoat)
|inactive|mouseilluminati has 60 seconds left.
|
|t:|1784770956
|teamsize|p1|4
|teamsize|p2|4
|start
|switch|p1a: Mawile|Mawile, L50, F|100/100
|switch|p1b: Farigiraf|Farigiraf, L50, F|100/100
|switch|p2a: Incineroar|Incineroar, L50, F|100/100
|switch|p2b: Ceruledge|Ceruledge, L50, F|100/100
|-ability|p2a: Incineroar|Intimidate|boost
|-fail|p1a: Mawile|unboost|Attack|[from] ability: Hyper Cutter|[of] p1a: Mawile
|-unboost|p1b: Farigiraf|atk|1
|turn|1
|
|t:|1784770981
|move|p1a: Mawile|Protect|p1a: Mawile
|-singleturn|p1a: Mawile|Protect
|move|p2b: Ceruledge|Bitter Blade|p1a: Mawile
|-activate|p1a: Mawile|move: Protect
|move|p2a: Incineroar|Throat Chop|p1b: Farigiraf
|-supereffective|p1b: Farigiraf|1
|-enditem|p1b: Farigiraf|Colbur Berry|[eat]
|-enditem|p1b: Farigiraf|Colbur Berry|[weaken]
|-damage|p1b: Farigiraf|74/100
|-start|p1b: Farigiraf|Throat Chop|[silent]
|move|p1b: Farigiraf|Trick Room|p1b: Farigiraf
|-fieldstart|move: Trick Room|[of] p1b: Farigiraf
|
|upkeep
|turn|2
|
|t:|1784771004
|detailschange|p1a: Mawile|Mawile-Mega, L50, F
|-mega|p1a: Mawile|Mawile|Mawilite
|move|p2b: Ceruledge|Protect|p2b: Ceruledge
|-singleturn|p2b: Ceruledge|Protect
|move|p1a: Mawile|Rock Slide|p2a: Incineroar|[spread] p2a
|-activate|p2b: Ceruledge|move: Protect
|-supereffective|p2a: Incineroar|1
|-damage|p2a: Incineroar|46/100
|-enditem|p2a: Incineroar|Sitrus Berry|[eat]
|-heal|p2a: Incineroar|71/100|[from] item: Sitrus Berry
|move|p1b: Farigiraf|Foul Play|p2b: Ceruledge
|-activate|p2b: Ceruledge|move: Protect
|move|p2a: Incineroar|Flare Blitz|p1a: Mawile
|-supereffective|p1a: Mawile|1
|-damage|p1a: Mawile|14/100
|-damage|p2a: Incineroar|49/100|[from] Recoil
|
|-end|p1b: Farigiraf|Throat Chop|[silent]
|upkeep
|turn|3
|
|t:|1784771024
|switch|p2b: Sinistcha|Sinistcha, L50|100/100
|-heal|p2a: Incineroar|74/100|[from] ability: Hospitality|[of] p2b: Sinistcha
|move|p1a: Mawile|Rock Slide|p2a: Incineroar|[spread] p2a
|-miss|p1a: Mawile|p2b: Sinistcha
|-supereffective|p2a: Incineroar|1
|-damage|p2a: Incineroar|18/100
|move|p1b: Farigiraf|Foul Play|p2b: Sinistcha
|-supereffective|p2b: Sinistcha|1
|-damage|p2b: Sinistcha|71/100
|move|p2a: Incineroar|Flare Blitz|p1a: Mawile
|-supereffective|p1a: Mawile|1
|-damage|p1a: Mawile|0 fnt
|faint|p1a: Mawile
|-damage|p2a: Incineroar|14/100|[from] Recoil
|
|upkeep
|
|t:|1784771042
|switch|p1a: Torkoal|Torkoal, L50, M|100/100
|-weather|SunnyDay|[from] ability: Drought|[of] p1a: Torkoal
|turn|4
|
|t:|1784771050
|switch|p1b: Basculegion|Basculegion, L50, M|100/100
|switch|p2a: Ceruledge|Ceruledge, L50, F|100/100
|move|p2b: Sinistcha|Protect|p2b: Sinistcha
|-singleturn|p2b: Sinistcha|Protect
|move|p1a: Torkoal|Eruption|p2a: Ceruledge|[spread] 
|-activate|p2b: Sinistcha|move: Protect
|-start|p2a: Ceruledge|ability: Flash Fire
|
|-weather|SunnyDay|[upkeep]
|upkeep
|turn|5
|inactive|mouseilluminati has 30 seconds left.
|inactive|borntobethegoat has 30 seconds left.
|inactive|mouseilluminati has 20 seconds left.
|
|t:|1784771088
|switch|p2b: Incineroar|Incineroar, L50, F|14/100
|-ability|p2b: Incineroar|Intimidate|boost
|-unboost|p1a: Torkoal|atk|1
|-unboost|p1b: Basculegion|atk|1
|move|p1a: Torkoal|Weather Ball|p2b: Incineroar
|-resisted|p2b: Incineroar|1
|-crit|p2b: Incineroar
|-damage|p2b: Incineroar|0 fnt
|faint|p2b: Incineroar
|move|p2a: Ceruledge|Bulk Up|p2a: Ceruledge
|-boost|p2a: Ceruledge|atk|1
|-boost|p2a: Ceruledge|def|1
|move|p1b: Basculegion|Last Respects|p2a: Ceruledge
|-supereffective|p2a: Ceruledge|1
|-damage|p2a: Ceruledge|8/100
|-damage|p1b: Basculegion|90/100|[from] item: Life Orb
|
|-weather|SunnyDay|[upkeep]
|-fieldend|move: Trick Room
|upkeep
|
|t:|1784771103
|switch|p2b: Sinistcha|Sinistcha, L50|71/100
|-heal|p2a: Ceruledge|33/100|[from] ability: Hospitality|[of] p2b: Sinistcha
|turn|6
|
|t:|1784771113
|switch|p1b: Farigiraf|Farigiraf, L50, F|74/100
|move|p1a: Torkoal|Protect|p1a: Torkoal
|-singleturn|p1a: Torkoal|Protect
|move|p2b: Sinistcha|Rage Powder|p2b: Sinistcha
|-singleturn|p2b: Sinistcha|move: Rage Powder
|move|p2a: Ceruledge|Bitter Blade|p1b: Farigiraf
|-damage|p1b: Farigiraf|0 fnt
|-heal|p2a: Ceruledge|78/100|[from] drain|[of] p1b: Farigiraf
|faint|p1b: Farigiraf
|
|-weather|SunnyDay|[upkeep]
|upkeep
|
|t:|1784771128
|switch|p1b: Basculegion|Basculegion, L50, M|90/100
|turn|7
|
|t:|1784771145
|move|p1b: Basculegion|Protect|p1b: Basculegion
|-singleturn|p1b: Basculegion|Protect
|move|p2a: Ceruledge|Shadow Sneak|p1b: Basculegion
|-activate|p1b: Basculegion|move: Protect
|move|p2b: Sinistcha|Matcha Gotcha|p1a: Torkoal|[spread] p1a
|-activate|p1b: Basculegion|move: Protect
|-resisted|p1a: Torkoal|1
|-damage|p1a: Torkoal|84/100
|-heal|p2b: Sinistcha|79/100|[from] drain|[of] p1a: Torkoal
|move|p1a: Torkoal|Weather Ball|p2b: Sinistcha
|-supereffective|p2b: Sinistcha|1
|-damage|p2b: Sinistcha|0 fnt
|faint|p2b: Sinistcha
|
|-weather|SunnyDay|[upkeep]
|upkeep
|
|t:|1784771148
|switch|p2b: Milotic|Milotic, L50, M|100/100
|turn|8
|inactive|mouseilluminati has 30 seconds left.
|
|t:|1784771179
|move|p2a: Ceruledge|Protect|p2a: Ceruledge
|-singleturn|p2a: Ceruledge|Protect
|move|p2b: Milotic|Protect|p2b: Milotic
|-singleturn|p2b: Milotic|Protect
|move|p1b: Basculegion|Last Respects|p2a: Ceruledge
|-activate|p2a: Ceruledge|move: Protect
|move|p1a: Torkoal|Eruption|p2a: Ceruledge|[spread] 
|-activate|p2a: Ceruledge|move: Protect
|-activate|p2b: Milotic|move: Protect
|
|-weather|none
|upkeep
|turn|9
|
|t:|1784771198
|move|p1a: Torkoal|Helping Hand|p1b: Basculegion
|-singleturn|p1b: Basculegion|Helping Hand|[of] p1a: Torkoal
|move|p2a: Ceruledge|Shadow Sneak|p1b: Basculegion
|-supereffective|p1b: Basculegion|1
|-damage|p1b: Basculegion|14/100
|move|p1b: Basculegion|Wave Crash|p2a: Ceruledge
|-supereffective|p2a: Ceruledge|1
|-damage|p2a: Ceruledge|0 fnt
|faint|p2a: Ceruledge
|-damage|p1b: Basculegion|0 fnt|[from] Recoil
|faint|p1b: Basculegion
|move|p2b: Milotic|Coil|p2b: Milotic
|-boost|p2b: Milotic|atk|1
|-boost|p2b: Milotic|def|1
|-boost|p2b: Milotic|accuracy|1
|
|upkeep
|turn|10
|-message|mouseilluminati forfeited.
|
|win|borntobethegoat
|l|☆mouseilluminati
|player|p1|
||mouseilluminati is ready for game 2.
||borntobethegoat is ready for game 2.
|uhtml|next|Next: Game 2 of 3
|l|☆borntobethegoat
|player|p2|
|j|☆mouseilluminati
|player|p1|mouseilluminati|n|
