|j|☆dracojackson
|j|☆RelentlessRogue
|html|dracojacksonRelentlessRogue    
|uhtml|bestof|Game 2 of a best-of-3
|t:|1756342854
|gametype|doubles
|player|p1|dracojackson|hilbert|
|player|p2|RelentlessRogue|ethan|
|gen|9
|tier|[Gen 9] VGC 2025 Reg H (Bo3)
|rule|Species Clause: Limit one of each Pokémon
|rule|Item Clause: Limit 1 of each item
|clearpoke
|poke|p1|Magmar, L50, F|
|poke|p1|Kingambit, L50, F|
|poke|p1|Rillaboom, L50, F|
|poke|p1|Basculegion, L50, M|
|poke|p1|Sneasler, L50, M|
|poke|p1|Ninetales-Alola, L50, F|
|poke|p2|Archaludon, L50, M|
|poke|p2|Pelipper, L50, M|
|poke|p2|Basculegion, L50, M|
|poke|p2|Rillaboom, L50, M|
|poke|p2|Incineroar, L50, F|
|poke|p2|Amoonguss, L50, F|
|teampreview|4
|showteam|p1|Magmar||Eviolite|VitalSpirit|Protect,HeatWave,Taunt,FollowMe|||F|||50|,,,,,Ghost]Kingambit||BlackGlasses|Defiant|Protect,KowtowCleave,SuckerPunch,SwordsDance|||F|||50|,,,,,Fire]Rillaboom||AssaultVest|GrassySurge|WoodHammer,GrassyGlide,Uturn,FakeOut|||F|||50|,,,,,Grass]Basculegion||ChoiceScarf|Adaptability|WaveCrash,LastRespects,TeraBlast,FlipTurn|||M|||50|,,,,,Fairy]Sneasler||FocusSash|PoisonTouch|Protect,DireClaw,CloseCombat,FakeOut|||M|||50|,,,,,Stellar]Ninetales-Alola||LifeOrb|SnowWarning|Protect,Blizzard,FreezeDry,Encore|||F|||50|,,,,,Ghost
|showteam|p2|Archaludon||AssaultVest|Stamina|FlashCannon,DracoMeteor,ElectroShot,BodyPress|||M|||50|,,,,,Fairy]Pelipper||FocusSash|Drizzle|WeatherBall,Hurricane,Tailwind,Protect|||M|||50|,,,,,Ghost]Basculegion||ChoiceBand|SwiftSwim|WaveCrash,LastRespects,FlipTurn,AquaJet|||M|||50|,,,,,Grass]Rillaboom||LoadedDice|GrassySurge|BulletSeed,GrassyGlide,FakeOut,HighHorsepower|||M|||50|,,,,,Fire]Incineroar||SafetyGoggles|Intimidate|FlareBlitz,KnockOff,FakeOut,PartingShot|||F|||50|,,,,,Ghost]Amoonguss||SitrusBerry|Regenerator|SludgeBomb,PollenPuff,Spore,RagePowder|||F|||50|,,,,,Water
|inactive|Battle timer is ON: inactive players will automatically lose when time's up. (requested by RelentlessRogue)
|inactive|dracojackson has 60 seconds left.
|inactive|RelentlessRogue has 60 seconds left.
|
|t:|1756342889
|teamsize|p1|4
|teamsize|p2|4
|start
|switch|p1a: Magmar|Magmar, L50, F, shiny|100/100
|switch|p1b: Kingambit|Kingambit, L50, F|100/100
|switch|p2a: Rillaboom|Rillaboom, L50, M|100/100
|switch|p2b: Archaludon|Archaludon, L50, M|100/100
|-fieldstart|move: Grassy Terrain|[from] ability: Grassy Surge|[of] p2a: Rillaboom
|turn|1
|inactive|RelentlessRogue has 30 seconds left.
|
|t:|1756342916
|-terastallize|p1a: Magmar|Ghost
|move|p1a: Magmar|Follow Me|p1a: Magmar
|-singleturn|p1a: Magmar|move: Follow Me
|move|p2a: Rillaboom|High Horsepower|p1a: Magmar
|-damage|p1a: Magmar|73/100
|move|p2b: Archaludon|Body Press|p1a: Magmar
|-immune|p1a: Magmar
|move|p1b: Kingambit|Swords Dance|p1b: Kingambit
|-boost|p1b: Kingambit|atk|2
|
|-heal|p1a: Magmar|78/100|[from] Grassy Terrain
|upkeep
|turn|2
|
|t:|1756342941
|-terastallize|p2b: Archaludon|Fairy
|move|p1a: Magmar|Follow Me|p1a: Magmar
|-singleturn|p1a: Magmar|move: Follow Me
|move|p2a: Rillaboom|Bullet Seed|p1a: Magmar
|-damage|p1a: Magmar|64/100
|-damage|p1a: Magmar|49/100
|-damage|p1a: Magmar|35/100
|-damage|p1a: Magmar|22/100
|-damage|p1a: Magmar|9/100
|-hitcount|p1a: Magmar|5
|move|p2b: Archaludon|Body Press|p1a: Magmar
|-immune|p1a: Magmar
|move|p1b: Kingambit|Kowtow Cleave|p2b: Archaludon
|-resisted|p2b: Archaludon
|-damage|p2b: Archaludon|59/100
|-ability|p2b: Archaludon|Stamina|boost
|-boost|p2b: Archaludon|def|1
|
|-heal|p2b: Archaludon|65/100|[from] Grassy Terrain
|-heal|p1a: Magmar|15/100|[from] Grassy Terrain
|upkeep
|turn|3
|
|t:|1756342955
|move|p1b: Kingambit|Protect|p1b: Kingambit
|-singleturn|p1b: Kingambit|Protect
|move|p2a: Rillaboom|Grassy Glide|p1a: Magmar
|-damage|p1a: Magmar|0 fnt
|faint|p1a: Magmar
|move|p2b: Archaludon|Body Press|p1b: Kingambit
|-activate|p1b: Kingambit|move: Protect
|
|-heal|p2b: Archaludon|71/100|[from] Grassy Terrain
|upkeep
|
|t:|1756342962
|switch|p1a: Ninetales|Ninetales-Alola, L50, F, shiny|100/100
|-weather|Snowscape|[from] ability: Snow Warning|[of] p1a: Ninetales
|turn|4
|
|t:|1756342974
|switch|p2a: Pelipper|Pelipper, L50, M|100/100
|-weather|RainDance|[from] ability: Drizzle|[of] p2a: Pelipper
|move|p1b: Kingambit|Sucker Punch|p2b: Archaludon
|-resisted|p2b: Archaludon
|-damage|p2b: Archaludon|49/100
|-ability|p2b: Archaludon|Stamina|boost
|-boost|p2b: Archaludon|def|1
|move|p1a: Ninetales|Blizzard|p2a: Pelipper|[spread] 
|-miss|p1a: Ninetales|p2a: Pelipper
|-miss|p1a: Ninetales|p2b: Archaludon
|move|p2b: Archaludon|Flash Cannon|p1a: Ninetales
|-supereffective|p1a: Ninetales
|-damage|p1a: Ninetales|0 fnt
|faint|p1a: Ninetales
|
|-weather|RainDance|[upkeep]
|-heal|p2b: Archaludon|55/100|[from] Grassy Terrain
|upkeep
|
|t:|1756342979
|switch|p1a: Basculegion|Basculegion, L50, M, shiny|100/100
|turn|5
|inactive|RelentlessRogue has 30 seconds left.
|inactive|RelentlessRogue has 20 seconds left.
|inactive|RelentlessRogue has 15 seconds left.
|
|t:|1756343021
|switch|p2b: Incineroar|Incineroar, L50, F|100/100
|-ability|p2b: Incineroar|Intimidate|boost
|-unboost|p1a: Basculegion|atk|1
|-unboost|p1b: Kingambit|atk|1
|-ability|p1b: Kingambit|Defiant|boost
|-boost|p1b: Kingambit|atk|2
|move|p1b: Kingambit|Sucker Punch||[still]
|-fail|p1b: Kingambit
|move|p1a: Basculegion|Last Respects|p2b: Incineroar
|-resisted|p2b: Incineroar
|-damage|p2b: Incineroar|74/100
|move|p2a: Pelipper|Tailwind|p2a: Pelipper
|-sidestart|p2: RelentlessRogue|move: Tailwind
|
|-weather|RainDance|[upkeep]
|-heal|p2b: Incineroar|80/100|[from] Grassy Terrain
|-fieldend|move: Grassy Terrain
|upkeep
|turn|6
|
|t:|1756343040
|move|p1b: Kingambit|Sucker Punch|p2b: Incineroar
|-resisted|p2b: Incineroar
|-damage|p2b: Incineroar|22/100
|move|p2a: Pelipper|Weather Ball|p1b: Kingambit
|-damage|p1b: Kingambit|34/100
|move|p1a: Basculegion|Last Respects|p2b: Incineroar
|-resisted|p2b: Incineroar
|-damage|p2b: Incineroar|0 fnt
|faint|p2b: Incineroar
|
|-weather|RainDance|[upkeep]
|upkeep
|
|t:|1756343049
|switch|p2b: Rillaboom|Rillaboom, L50, M|100/100
|-fieldstart|move: Grassy Terrain|[from] ability: Grassy Surge|[of] p2b: Rillaboom
|turn|7
|inactive|RelentlessRogue has 30 seconds left.
|inactive|RelentlessRogue has 20 seconds left.
|
|t:|1756343088
|move|p2b: Rillaboom|Grassy Glide|p1a: Basculegion
|-supereffective|p1a: Basculegion
|-damage|p1a: Basculegion|3/100
|move|p1b: Kingambit|Sucker Punch||[still]
|-fail|p1b: Kingambit
|move|p2a: Pelipper|Hurricane|p1a: Basculegion
|-damage|p1a: Basculegion|0 fnt
|faint|p1a: Basculegion
|
|-weather|RainDance|[upkeep]
|-heal|p1b: Kingambit|39/100|[from] Grassy Terrain
|upkeep
|turn|8
|
|t:|1756343099
|move|p1b: Kingambit|Protect|p1b: Kingambit
|-singleturn|p1b: Kingambit|Protect
|move|p2a: Pelipper|Weather Ball|p1b: Kingambit
|-activate|p1b: Kingambit|move: Protect
|move|p2b: Rillaboom|High Horsepower|p1b: Kingambit
|-activate|p1b: Kingambit|move: Protect
|
|-weather|none
|-heal|p1b: Kingambit|45/100|[from] Grassy Terrain
|-sideend|p2: RelentlessRogue|move: Tailwind
|upkeep
|turn|9
|
|t:|1756343122
|switch|p2a: Archaludon|Archaludon, L50, M, tera:Fairy|55/100
|move|p2b: Rillaboom|High Horsepower|p1b: Kingambit
|-supereffective|p1b: Kingambit
|-damage|p1b: Kingambit|1/100
|move|p1b: Kingambit|Kowtow Cleave|p2a: Archaludon
|-resisted|p2a: Archaludon
|-crit|p2a: Archaludon
|-damage|p2a: Archaludon|0 fnt
|faint|p2a: Archaludon
|
|-heal|p1b: Kingambit|7/100|[from] Grassy Terrain
|upkeep
|
|t:|1756343129
|switch|p2a: Pelipper|Pelipper, L50, M|100/100
|-weather|RainDance|[from] ability: Drizzle|[of] p2a: Pelipper
|turn|10
|
|t:|1756343133
|move|p1b: Kingambit|Protect|p1b: Kingambit
|-singleturn|p1b: Kingambit|Protect
|move|p2b: Rillaboom|Grassy Glide|p1b: Kingambit
|-activate|p1b: Kingambit|move: Protect
|move|p2a: Pelipper|Weather Ball|p1b: Kingambit
|-activate|p1b: Kingambit|move: Protect
|
|-weather|RainDance|[upkeep]
|-heal|p1b: Kingambit|13/100|[from] Grassy Terrain
|upkeep
|turn|11
|
|t:|1756343141
|move|p1b: Kingambit|Protect||[still]
|-fail|p1b: Kingambit
|move|p2b: Rillaboom|Grassy Glide|p1b: Kingambit
|-resisted|p1b: Kingambit
|-damage|p1b: Kingambit|0 fnt
|faint|p1b: Kingambit
|
|win|RelentlessRogue
