|j|☆A Regu1ar Guy
|j|☆Giraffes in Gdansk
|html|A Regu1ar GuyGiraffes in Gdansk    
|uhtml|bestof|Game 1 of a best-of-3
|t:|1756380808
|gametype|doubles
|player|p1|A Regu1ar Guy|elesa|1323
|player|p2|Giraffes in Gdansk|acetrainer-gen4dp|1323
|gen|9
|tier|[Gen 9] VGC 2025 Reg H (Bo3)
|rated|
|rule|Species Clause: Limit one of each Pokémon
|rule|Item Clause: Limit 1 of each item
|clearpoke
|poke|p1|Volcarona, L50, F|
|poke|p1|Rillaboom, L50, M|
|poke|p1|Electabuzz, L50, F|
|poke|p1|Tauros-Paldea-Aqua, L50, M|
|poke|p1|Kingambit, L50, F|
|poke|p1|Dragonite, L50, M|
|poke|p2|Dragonite, L50, M|
|poke|p2|Amoonguss, L50, F|
|poke|p2|Incineroar, L50, F|
|poke|p2|Ursaluna, L50, F|
|poke|p2|Sneasler, L50, F|
|poke|p2|Farigiraf, L50, F|
|teampreview|4
|showteam|p1|Volcarona||GrassySeed|FlameBody|HeatWave,GigaDrain,QuiverDance,Protect|||F|||50|,,,,,Grass]Rillaboom||AssaultVest|GrassySurge|FakeOut,WoodHammer,GrassyGlide,HighHorsepower|||M|||50|,,,,,Fire]Electabuzz||Eviolite|VitalSpirit|Thunderbolt,FollowMe,Taunt,Protect|||F|||50|,,,,,Ghost]Tauros-Paldea-Aqua||MirrorHerb|Intimidate|WaveCrash,AquaJet,CloseCombat,Protect|||M|||50|,,,,,Water]Kingambit||BlackGlasses|Defiant|KowtowCleave,SuckerPunch,SwordsDance,Protect|||F|||50|,,,,,Dark]Dragonite||LoadedDice|Multiscale|ScaleShot,ExtremeSpeed,Haze,Protect|||M|||50|,,,,,Fairy
|showteam|p2|Dragonite||LoadedDice|Multiscale|ScaleShot,Tailwind,Haze,Protect|||M|||50|,,,,,Fairy]Amoonguss||SitrusBerry|Regenerator|Spore,RagePowder,PollenPuff,Protect|||F|||50|,,,,,Psychic]Incineroar||SafetyGoggles|Intimidate|FlareBlitz,KnockOff,FakeOut,PartingShot|||F|||50|,,,,,Ghost]Ursaluna||FlameOrb|Guts|Earthquake,HeadlongRush,Facade,Protect|||F|||50|,,,,,Normal]Sneasler||FocusSash|Unburden|CloseCombat,DireClaw,Coaching,Protect|||F|||50|,,,,,Stellar]Farigiraf||ThroatSpray|ArmorTail|HyperVoice,TwinBeam,TrickRoom,Protect|||F|||50|,,,,,Fire
|c|☆Giraffes in Gdansk|Glhf
|
|t:|1756380831
|teamsize|p1|4
|teamsize|p2|4
|start
|switch|p1a: Volcarona|Volcarona, L50, F, shiny|100/100
|switch|p1b: Rillaboom|Rillaboom, L50, M|100/100
|switch|p2a: Jbungo|Dragonite, L50, M, shiny|100/100
|switch|p2b: Shblingus|Sneasler, L50, F, shiny|100/100
|-fieldstart|move: Grassy Terrain|[from] ability: Grassy Surge|[of] p1b: Rillaboom
|-enditem|p1a: Volcarona|Grassy Seed
|-boost|p1a: Volcarona|def|1|[from] item: Grassy Seed
|turn|1
|
|t:|1756380847
|move|p2b: Shblingus|Protect|p2b: Shblingus
|-singleturn|p2b: Shblingus|Protect
|move|p1b: Rillaboom|Fake Out|p2a: Jbungo
|-damage|p2a: Jbungo|93/100
|move|p1a: Volcarona|Quiver Dance|p1a: Volcarona
|-boost|p1a: Volcarona|spa|1
|-boost|p1a: Volcarona|spd|1
|-boost|p1a: Volcarona|spe|1
|cant|p2a: Jbungo|flinch
|
|upkeep
|turn|2
|
|t:|1756380859
|move|p2b: Shblingus|Protect|p2b: Shblingus
|-singleturn|p2b: Shblingus|Protect
|move|p1a: Volcarona|Heat Wave|p2b: Shblingus|[spread] p2a
|-activate|p2b: Shblingus|move: Protect
|-resisted|p2a: Jbungo
|-damage|p2a: Jbungo|67/100
|move|p2a: Jbungo|Tailwind|p2a: Jbungo
|-sidestart|p2: Giraffes in Gdansk|move: Tailwind
|move|p1b: Rillaboom|High Horsepower|p2b: Shblingus
|-activate|p2b: Shblingus|move: Protect
|
|upkeep
|turn|3
|
|t:|1756380877
|move|p2b: Shblingus|Coaching|p2a: Jbungo
|-boost|p2a: Jbungo|atk|1
|-boost|p2a: Jbungo|def|1
|move|p2a: Jbungo|Scale Shot|p1b: Rillaboom
|-damage|p1b: Rillaboom|80/100
|-damage|p1b: Rillaboom|62/100
|-damage|p1b: Rillaboom|41/100
|-damage|p1b: Rillaboom|19/100
|-hitcount|p1b: Rillaboom|4
|-unboost|p2a: Jbungo|def|1
|-boost|p2a: Jbungo|spe|1
|move|p1a: Volcarona|Quiver Dance|p1a: Volcarona
|-boost|p1a: Volcarona|spa|1
|-boost|p1a: Volcarona|spd|1
|-boost|p1a: Volcarona|spe|1
|move|p1b: Rillaboom|High Horsepower|p2b: Shblingus
|-supereffective|p2b: Shblingus
|-enditem|p2b: Shblingus|Focus Sash
|-damage|p2b: Shblingus|1/100
|
|-heal|p2b: Shblingus|7/100|[from] Grassy Terrain
|-heal|p1b: Rillaboom|25/100|[from] Grassy Terrain
|upkeep
|turn|4
|
|t:|1756380895
|move|p2b: Shblingus|Protect|p2b: Shblingus
|-singleturn|p2b: Shblingus|Protect
|move|p1b: Rillaboom|Grassy Glide|p2b: Shblingus
|-activate|p2b: Shblingus|move: Protect
|move|p2a: Jbungo|Scale Shot|p1b: Rillaboom|[miss]
|-miss|p2a: Jbungo|p1b: Rillaboom
|move|p1a: Volcarona|Heat Wave|p2a: Jbungo|[spread] p2a
|-activate|p2b: Shblingus|move: Protect
|-resisted|p2a: Jbungo
|-damage|p2a: Jbungo|26/100
|
|-heal|p2b: Shblingus|13/100|[from] Grassy Terrain
|-heal|p1b: Rillaboom|30/100|[from] Grassy Terrain
|upkeep
|turn|5
|c|☆Giraffes in Gdansk|Ive missed most of my scale shots today man I think dnite may be the worst mon in the format
|
|t:|1756380947
|switch|p2b: Shmungus|Amoonguss, L50, F, shiny|100/100
|move|p1b: Rillaboom|Grassy Glide|p2b: Shmungus
|-resisted|p2b: Shmungus
|-damage|p2b: Shmungus|94/100
|move|p2a: Jbungo|Scale Shot|p1a: Volcarona
|-damage|p1a: Volcarona|84/100
|-damage|p1a: Volcarona|66/100
|-damage|p1a: Volcarona|46/100
|-damage|p1a: Volcarona|30/100
|-damage|p1a: Volcarona|12/100
|-hitcount|p1a: Volcarona|5
|-unboost|p2a: Jbungo|def|1
|-boost|p2a: Jbungo|spe|1
|move|p1a: Volcarona|Heat Wave|p2b: Shmungus|[spread] p2a,p2b
|-resisted|p2a: Jbungo
|-supereffective|p2b: Shmungus
|-damage|p2a: Jbungo|0 fnt
|-damage|p2b: Shmungus|0 fnt
|faint|p2a: Jbungo
|faint|p2b: Shmungus
|
|-heal|p1a: Volcarona|19/100|[from] Grassy Terrain
|-heal|p1b: Rillaboom|36/100|[from] Grassy Terrain
|-sideend|p2: Giraffes in Gdansk|move: Tailwind
|-fieldend|move: Grassy Terrain
|upkeep
|
|t:|1756380961
|switch|p2a: Shblingus|Sneasler, L50, F, shiny|13/100
|switch|p2b: No Idea|Ursaluna, L50, F, shiny|100/100
|turn|6
|-message|Giraffes in Gdansk forfeited.
|
|win|A Regu1ar Guy
