|j|☆NGC Darkness
|j|☆Ink-sama999
|html|NGC DarknessInk-sama999    
|uhtml|bestof|Game 1 of a best-of-3
|t:|1783253352
|gametype|doubles
|player|p1|NGC Darkness|265|1001
|player|p2|Ink-sama999|collector|1000
|gen|9
|tier|[Gen 9 Champions] VGC 2026 Reg M-B (Bo3)
|rated|
|rule|Species Clause: Limit one of each Pokémon
|rule|Item Clause: Limit 1 of each item
|clearpoke
|poke|p1|Froslass, L50, F|
|poke|p1|Greninja, L50, F|
|poke|p1|Whimsicott, L50, M|
|poke|p1|Gyarados, L50, F|
|poke|p1|Drampa, L50, M, shiny|
|poke|p1|Rotom-Heat, L50|
|poke|p2|Staraptor, L50, M|
|poke|p2|Raichu, L50, M|
|poke|p2|Araquanid, L50, F|
|poke|p2|Sinistcha-Masterpiece, L50|
|poke|p2|Aegislash, L50, F|
|poke|p2|Grimmsnarl, L50, M|
|teampreview|4
|showteam|p1|Froslass||Froslassite|CursedBody|Blizzard,ShadowBall,Protect,ChillingWater|Timid||F|||50|]Greninja||Greninjite|Protean|Protect,RockSlide,Taunt,DarkPulse|Serious||F|||50|]Whimsicott||FocusSash|Prankster|Moonblast,Encore,Tailwind,Protect|Modest||M|||50|]Gyarados||WacanBerry|Intimidate|DragonDance,Earthquake,Waterfall,Protect|Adamant||F|||50|]Drampa||Drampanite|CloudNine|HyperVoice,Protect,RockSlide,EarthPower|Sassy||M|||50|]Rotom-Heat||ExpertBelt|Levitate|Thunderbolt,Overheat,Protect,WillOWisp|Modest|||||50|
|showteam|p2|Staraptor||Staraptite|Intimidate|Roost,CloseCombat,BraveBird,Protect|Adamant||M|||50|]Raichu||FocusSash|LightningRod|FakeOut,Charm,VoltSwitch,Thunderbolt|Hasty||M|||50|]Araquanid||MysticWater|WaterBubble|MirrorCoat,WideGuard,Liquidation,Protect|Careful||F|||50|]Sinistcha-Masterpiece||Leftovers|Hospitality|MatchaGotcha,LifeDew,ShadowBall,StrengthSap|Calm|||||50|]Aegislash||SitrusBerry|StanceChange|KingsShield,Poltergeist,WideGuard,IronHead|Careful||F|||50|]Grimmsnarl||LightClay|Prankster|LightScreen,PartingShot,ScaryFace,Reflect|Careful||M|||50|
|
|t:|1783253418
|teamsize|p1|4
|teamsize|p2|4
|start
|switch|p1a: Gyarados|Gyarados, L50, F|100/100
|switch|p1b: Greninja|Greninja, L50, F|100/100
|switch|p2a: Raichu|Raichu, L50, M|100/100
|switch|p2b: Grimmsnarl|Grimmsnarl, L50, M|100/100
|-ability|p1a: Gyarados|Intimidate|boost
|-unboost|p2a: Raichu|atk|1
|-unboost|p2b: Grimmsnarl|atk|1
|turn|1
|inactive|Battle timer is ON: inactive players will automatically lose when time's up. (requested by NGC Darkness)
|inactive|NGC Darkness has 60 seconds left.
|
|t:|1783253453
|move|p2a: Raichu|Fake Out|p1b: Greninja
|-damage|p1b: Greninja|89/100
|move|p2b: Grimmsnarl|Reflect|p2b: Grimmsnarl
|-sidestart|p2: Ink-sama999|Reflect
|cant|p1b: Greninja|flinch
|move|p1a: Gyarados|Dragon Dance|p1a: Gyarados
|-boost|p1a: Gyarados|atk|1
|-boost|p1a: Gyarados|spe|1
|
|upkeep
|turn|2
|
|t:|1783253468
|move|p1b: Greninja|Protect|p1b: Greninja
|-start|p1b: Greninja|typechange|Normal|[from] ability: Protean
|-singleturn|p1b: Greninja|Protect
|move|p2b: Grimmsnarl|Scary Face|p1a: Gyarados
|-unboost|p1a: Gyarados|spe|2
|move|p2a: Raichu|Volt Switch|p1a: Gyarados
|-supereffective|p1a: Gyarados|2
|-enditem|p1a: Gyarados|Wacan Berry|[eat]
|-enditem|p1a: Gyarados|Wacan Berry|[weaken]
|-damage|p1a: Gyarados|53/100
|
|t:|1783253487
|switch|p2a: Araquanid|Araquanid, L50, F|100/100|[from] Volt Switch
|move|p1a: Gyarados|Earthquake|p2a: Araquanid|[spread] p2a,p2b
|-activate|p1b: Greninja|move: Protect
|-resisted|p2a: Araquanid|1
|-damage|p2a: Araquanid|88/100
|-damage|p2b: Grimmsnarl|71/100
|
|upkeep
|turn|3
|
|t:|1783253510
|move|p2b: Grimmsnarl|Parting Shot|p1a: Gyarados
|-unboost|p1a: Gyarados|atk|1
|-unboost|p1a: Gyarados|spa|1
|
|t:|1783253514
|switch|p2b: Raichu|Raichu, L50, M|100/100|[from] Parting Shot
|move|p1b: Greninja|Rock Slide|p2a: Araquanid|[spread] p2a,p2b
|-supereffective|p2a: Araquanid|1
|-damage|p2a: Araquanid|74/100
|-damage|p2b: Raichu|80/100
|move|p1a: Gyarados|Dragon Dance|p1a: Gyarados
|-boost|p1a: Gyarados|atk|1
|-boost|p1a: Gyarados|spe|1
|cant|p2a: Araquanid|flinch
|
|upkeep
|turn|4
|inactive|NGC Darkness has 30 seconds left.
|
|t:|1783253544
|move|p2a: Araquanid|Wide Guard|p2a: Araquanid
|-singleturn|p2a: Araquanid|Wide Guard
|move|p2b: Raichu|Thunderbolt|p1a: Gyarados
|-supereffective|p1a: Gyarados|2
|-crit|p1a: Gyarados
|-damage|p1a: Gyarados|0 fnt
|faint|p1a: Gyarados
|move|p1b: Greninja|Rock Slide|p2a: Araquanid|[spread] 
|-activate|p2a: Araquanid|move: Wide Guard
|-activate|p2b: Raichu|move: Wide Guard
|
|upkeep
|
|t:|1783253563
|switch|p1a: Froslass|Froslass, L50, F|100/100
|turn|5
|
|t:|1783253577
|detailschange|p1a: Froslass|Froslass-Mega, L50, F
|-mega|p1a: Froslass|Froslass|Froslassite
|-weather|Snowscape|[from] ability: Snow Warning|[of] p1a: Froslass
|move|p1a: Froslass|Shadow Ball|p2a: Araquanid
|-damage|p2a: Araquanid|44/100
|move|p2b: Raichu|Volt Switch|p1b: Greninja
|-damage|p1b: Greninja|44/100
|
|t:|1783253586
|switch|p2b: Grimmsnarl|Grimmsnarl, L50, M|71/100|[from] Volt Switch
|move|p1b: Greninja|Dark Pulse|p2b: Grimmsnarl
|-resisted|p2b: Grimmsnarl|2
|-damage|p2b: Grimmsnarl|66/100
|move|p2a: Araquanid|Mirror Coat|p1a: Froslass
|-damage|p1a: Froslass|26/100
|
|-weather|Snowscape|[upkeep]
|upkeep
|turn|6
|inactive|NGC Darkness has 30 seconds left.
|inactive|Ink-sama999 has 30 seconds left.
|
|t:|1783253616
|switch|p1b: Rotom|Rotom-Heat, L50|100/100
|move|p2b: Grimmsnarl|Scary Face|p1b: Rotom
|-unboost|p1b: Rotom|spe|2
|move|p1a: Froslass|Blizzard|p2a: Araquanid|[spread] p2a,p2b
|-resisted|p2a: Araquanid|1
|-damage|p2a: Araquanid|28/100
|-damage|p2b: Grimmsnarl|21/100
|move|p2a: Araquanid|Liquidation|p1a: Froslass
|-damage|p1a: Froslass|0 fnt
|faint|p1a: Froslass
|
|-weather|Snowscape|[upkeep]
|upkeep
|
|t:|1783253627
|switch|p1a: Greninja|Greninja, L50, F|44/100
|turn|7
|
|t:|1783253651
|move|p2b: Grimmsnarl|Light Screen|p2b: Grimmsnarl
|-sidestart|p2: Ink-sama999|move: Light Screen
|move|p1a: Greninja|Dark Pulse|p2a: Araquanid
|-start|p1a: Greninja|typechange|Dark|[from] ability: Protean
|-crit|p2a: Araquanid
|-damage|p2a: Araquanid|0 fnt
|faint|p2a: Araquanid
|move|p1b: Rotom|Overheat|p2b: Grimmsnarl
|-damage|p2b: Grimmsnarl|0 fnt
|-unboost|p1b: Rotom|spa|2
|faint|p2b: Grimmsnarl
|
|-weather|Snowscape|[upkeep]
|upkeep
|
|t:|1783253667
|switch|p2b: Sinistcha|Sinistcha-Masterpiece, L50|100/100
|switch|p2a: Raichu|Raichu, L50, M|80/100
|-heal|p2a: Raichu|100/100|[from] ability: Hospitality|[of] p2b: Sinistcha
|turn|8
|
|t:|1783253680
|move|p2a: Raichu|Fake Out|p1a: Greninja
|-damage|p1a: Greninja|28/100
|cant|p1a: Greninja|flinch
|move|p2b: Sinistcha|Matcha Gotcha|p1a: Greninja|[spread] p1a,p1b
|-resisted|p1b: Rotom|1
|-damage|p1a: Greninja|0 fnt
|-damage|p1b: Rotom|86/100
|faint|p1a: Greninja
|move|p1b: Rotom|Overheat|p2b: Sinistcha
|-supereffective|p2b: Sinistcha|1
|-damage|p2b: Sinistcha|53/100
|-unboost|p1b: Rotom|spa|2
|
|-weather|Snowscape|[upkeep]
|-heal|p2b: Sinistcha|59/100|[from] item: Leftovers
|-sideend|p2: Ink-sama999|Reflect
|upkeep
|turn|9
|-message|NGC Darkness forfeited.
|
|win|Ink-sama999
|l|☆NGC Darkness
|player|p1|
||NGC Darkness is ready for game 2.
