|j|☆namboyVGC
|j|☆dapmagikarp
|html|namboyVGCdapmagikarp    
|uhtml|bestof|Game 2 of a best-of-3
|t:|1785275056
|gametype|doubles
|player|p1|namboyVGC|pokemonranger-gen4|1284
|player|p2|dapmagikarp|sada-ai|1309
|gen|9
|tier|[Gen 9 Champions] VGC 2026 Reg M-B (Bo3)
|rated|
|rule|Species Clause: Limit one of each Pokémon
|rule|Item Clause: Limit 1 of each item
|clearpoke
|poke|p1|Tyranitar, L50, F|
|poke|p1|Excadrill, L50, M|
|poke|p1|Milotic, L50, F|
|poke|p1|Sinistcha, L50|
|poke|p1|Staraptor, L50, F|
|poke|p1|Gholdengo, L50|
|poke|p2|Gengar, L50, M, shiny|
|poke|p2|Archaludon, L50, F|
|poke|p2|Politoed, L50, M|
|poke|p2|Swampert, L50, M, shiny|
|poke|p2|Vivillon, L50, F, shiny|
|poke|p2|Incineroar, L50, M|
|teampreview|4
|showteam|p1|Tyranitar||Tyranitarite|SandStream|KnockOff,RockSlide,LowKick,Protect|Jolly||F|||50|]Excadrill||FocusSash|SandRush|HighHorsepower,IronHead,RockTomb,Protect|Adamant||M|||50|]Milotic||SitrusBerry|Competitive|Scald,IceBeam,Recover,Protect|Calm||F|||50|]Sinistcha||ColburBerry|Hospitality|MatchaGotcha,ShadowBall,Protect,RagePowder|Bold|||||50|]Staraptor||Staraptite|Intimidate|CloseCombat,BraveBird,Tailwind,Protect|Jolly||F|||50|]Gholdengo||LifeOrb|GoodasGold|MakeItRain,ShadowBall,NastyPlot,Protect|Modest|||||50|
|showteam|p2|Gengar||Gengarite|CursedBody|ShadowBall,SludgeBomb,PerishSong,Protect|Modest||M|||50|]Archaludon||Leftovers|Stamina|ElectroShot,DragonPulse,FlashCannon,Protect|Bold||F|||50|]Politoed||SitrusBerry|Drizzle|WeatherBall,Hypnosis,PerishSong,Protect|Calm||M|||50|]Swampert||Swampertite|Torrent|WaveCrash,Earthquake,IcePunch,Protect|Adamant||M|||50|]Vivillon||FocusSash|CompoundEyes|Hurricane,SleepPowder,RagePowder,Protect|Timid||F|||50|]Incineroar||PasshoBerry|Intimidate|ThroatChop,FakeOut,PartingShot,Protect|Impish||M|||50|
|inactive|Battle timer is ON: inactive players will automatically lose when time's up. (requested by dapmagikarp)
|inactive|namboyVGC also wants the timer to be on.
|
|t:|1785275072
|teamsize|p1|4
|teamsize|p2|4
|start
|switch|p1a: Milotic|Milotic, L50, F|100/100
|switch|p1b: Gholdengo|Gholdengo, L50|100/100
|switch|p2a: Vivillon|Vivillon, L50, F, shiny|100/100
|switch|p2b: Swampert|Swampert, L50, M, shiny|100/100
|turn|1
|inactive|dapmagikarp has 30 seconds left.
|
|t:|1785275099
|switch|p1b: Tyranitar|Tyranitar, L50, F|100/100
|-weather|Sandstorm|[from] ability: Sand Stream|[of] p1b: Tyranitar
|detailschange|p2b: Swampert|Swampert-Mega, L50, M, shiny
|-mega|p2b: Swampert|Swampert|Swampertite
|move|p2a: Vivillon|Sleep Powder|p1a: Milotic
|-status|p1a: Milotic|slp|[from] move: Sleep Powder
|move|p2b: Swampert|Earthquake|p1a: Milotic|[spread] p1a,p1b
|-immune|p2a: Vivillon
|-supereffective|p1b: Tyranitar|1
|-damage|p1a: Milotic|54/100 slp
|-damage|p1b: Tyranitar|11/100
|cant|p1a: Milotic|slp
|
|-weather|Sandstorm|[upkeep]
|-damage|p2a: Vivillon|94/100|[from] Sandstorm
|-damage|p1a: Milotic|48/100 slp|[from] Sandstorm
|-enditem|p1a: Milotic|Sitrus Berry|[eat]
|-heal|p1a: Milotic|73/100 slp|[from] item: Sitrus Berry
|upkeep
|turn|2
|
|t:|1785275118
|move|p1b: Tyranitar|Protect|p1b: Tyranitar
|-singleturn|p1b: Tyranitar|Protect
|move|p2a: Vivillon|Sleep Powder|p1b: Tyranitar
|-activate|p1b: Tyranitar|move: Protect
|move|p2b: Swampert|Earthquake|p1a: Milotic|[spread] p1a
|-activate|p1b: Tyranitar|move: Protect
|-immune|p2a: Vivillon
|-damage|p1a: Milotic|28/100 slp
|cant|p1a: Milotic|slp
|
|-weather|Sandstorm|[upkeep]
|-damage|p2a: Vivillon|88/100|[from] Sandstorm
|-damage|p1a: Milotic|22/100 slp|[from] Sandstorm
|upkeep
|turn|3
|
|t:|1785275137
|switch|p1b: Sinistcha|Sinistcha, L50|100/100
|-heal|p1a: Milotic|47/100 slp|[from] ability: Hospitality|[of] p1b: Sinistcha
|move|p2a: Vivillon|Sleep Powder|p1b: Sinistcha
|-immune|p1b: Sinistcha
|move|p2b: Swampert|Earthquake|p1a: Milotic|[spread] p1a,p1b
|-immune|p2a: Vivillon
|-resisted|p1b: Sinistcha|1
|-damage|p1a: Milotic|3/100 slp
|-damage|p1b: Sinistcha|81/100
|-curestatus|p1a: Milotic|slp|[msg]
|move|p1a: Milotic|Ice Beam|p2a: Vivillon
|-supereffective|p2a: Vivillon|1
|-damage|p2a: Vivillon|1/100
|
|-weather|Sandstorm|[upkeep]
|-damage|p2a: Vivillon|0 fnt|[from] Sandstorm
|-damage|p1a: Milotic|0 fnt|[from] Sandstorm
|-damage|p1b: Sinistcha|76/100|[from] Sandstorm
|faint|p2a: Vivillon
|faint|p1a: Milotic
|upkeep
|
|t:|1785275157
|switch|p2a: Archaludon|Archaludon, L50, F|100/100
|switch|p1a: Tyranitar|Tyranitar, L50, F|11/100
|turn|4
|
|t:|1785275181
|switch|p2b: Politoed|Politoed, L50, M|100/100
|-weather|RainDance|[from] ability: Drizzle|[of] p2b: Politoed
|move|p1a: Tyranitar|Protect|p1a: Tyranitar
|-singleturn|p1a: Tyranitar|Protect
|move|p2a: Archaludon|Dragon Pulse|p1a: Tyranitar
|-activate|p1a: Tyranitar|move: Protect
|move|p1b: Sinistcha|Matcha Gotcha|p2a: Archaludon|[spread] p2a
|-miss|p1b: Sinistcha|p2b: Politoed
|-resisted|p2a: Archaludon|2
|-damage|p2a: Archaludon|94/100
|-heal|p1b: Sinistcha|78/100|[from] drain|[of] p2a: Archaludon
|-ability|p2a: Archaludon|Stamina|boost
|-boost|p2a: Archaludon|def|1
|
|-weather|RainDance|[upkeep]
|-heal|p2a: Archaludon|100/100|[from] item: Leftovers
|upkeep
|turn|5
|
|t:|1785275199
|detailschange|p1a: Tyranitar|Tyranitar-Mega, L50, F
|-mega|p1a: Tyranitar|Tyranitar|Tyranitarite
|-weather|Sandstorm|[from] ability: Sand Stream|[of] p1a: Tyranitar
|move|p2b: Politoed|Protect|p2b: Politoed
|-singleturn|p2b: Politoed|Protect
|move|p1a: Tyranitar|Knock Off|p2b: Politoed
|-activate|p2b: Politoed|move: Protect
|move|p2a: Archaludon|Dragon Pulse|p1a: Tyranitar
|-damage|p1a: Tyranitar|0 fnt
|faint|p1a: Tyranitar
|move|p1b: Sinistcha|Matcha Gotcha|p2b: Politoed|[spread] p2a
|-activate|p2b: Politoed|move: Protect
|-resisted|p2a: Archaludon|2
|-damage|p2a: Archaludon|94/100
|-heal|p1b: Sinistcha|82/100|[from] drain|[of] p2a: Archaludon
|-ability|p2a: Archaludon|Stamina|boost
|-boost|p2a: Archaludon|def|1
|
|-weather|Sandstorm|[upkeep]
|-damage|p2b: Politoed|93/100|[from] Sandstorm
|-damage|p1b: Sinistcha|76/100|[from] Sandstorm
|-heal|p2a: Archaludon|100/100|[from] item: Leftovers
|upkeep
|
|t:|1785275205
|switch|p1a: Gholdengo|Gholdengo, L50|100/100
|turn|6
|
|t:|1785275213
|move|p1a: Gholdengo|Nasty Plot|p1a: Gholdengo
|-boost|p1a: Gholdengo|spa|2
|move|p2a: Archaludon|Dragon Pulse|p1b: Sinistcha
|-damage|p1b: Sinistcha|42/100
|move|p2b: Politoed|Perish Song|p2b: Politoed
|-immune|p1a: Gholdengo|[from] ability: Good as Gold
|-start|p1b: Sinistcha|perish3|[silent]
|-start|p2a: Archaludon|perish3|[silent]
|-start|p2b: Politoed|perish3|[silent]
|-fieldactivate|move: Perish Song
|move|p1b: Sinistcha|Matcha Gotcha|p2a: Archaludon|[spread] p2b
|-miss|p1b: Sinistcha|p2a: Archaludon
|-supereffective|p2b: Politoed|1
|-damage|p2b: Politoed|57/100
|-heal|p1b: Sinistcha|62/100|[from] drain|[of] p2b: Politoed
|
|-weather|Sandstorm|[upkeep]
|-damage|p1b: Sinistcha|57/100|[from] Sandstorm
|-damage|p2b: Politoed|51/100|[from] Sandstorm
|-start|p2a: Archaludon|perish3
|-start|p1b: Sinistcha|perish3
|-start|p2b: Politoed|perish3
|upkeep
|turn|7
|
|t:|1785275237
|move|p1b: Sinistcha|Protect|p1b: Sinistcha
|-singleturn|p1b: Sinistcha|Protect
|move|p2b: Politoed|Protect|p2b: Politoed
|-singleturn|p2b: Politoed|Protect
|move|p1a: Gholdengo|Shadow Ball|p2b: Politoed
|-activate|p2b: Politoed|move: Protect
|move|p2a: Archaludon|Dragon Pulse|p1b: Sinistcha
|-activate|p1b: Sinistcha|move: Protect
|
|-weather|Sandstorm|[upkeep]
|-damage|p1b: Sinistcha|51/100|[from] Sandstorm
|-damage|p2b: Politoed|44/100|[from] Sandstorm
|-enditem|p2b: Politoed|Sitrus Berry|[eat]
|-heal|p2b: Politoed|69/100|[from] item: Sitrus Berry
|-start|p2a: Archaludon|perish2
|-start|p1b: Sinistcha|perish2
|-start|p2b: Politoed|perish2
|upkeep
|turn|8
|inactive|namboyVGC has 30 seconds left.
|inactive|dapmagikarp has 30 seconds left.
|
|t:|1785275271
|switch|p2a: Swampert|Swampert-Mega, L50, M, shiny|100/100
|move|p2b: Politoed|Protect||[still]
|-fail|p2b: Politoed
|move|p1a: Gholdengo|Shadow Ball|p2a: Swampert
|-damage|p2a: Swampert|7/100
|-unboost|p2a: Swampert|spd|1
|-damage|p1a: Gholdengo|90/100|[from] item: Life Orb
|move|p1b: Sinistcha|Matcha Gotcha|p2b: Politoed|[spread] p2a,p2b
|-supereffective|p2a: Swampert|2
|-supereffective|p2b: Politoed|1
|-damage|p2a: Swampert|0 fnt
|-heal|p1b: Sinistcha|55/100|[from] drain|[of] p2a: Swampert
|-damage|p2b: Politoed|32/100
|-heal|p1b: Sinistcha|76/100|[from] drain|[of] p2b: Politoed
|faint|p2a: Swampert
|
|-weather|Sandstorm|[upkeep]
|-damage|p2b: Politoed|26/100|[from] Sandstorm
|-damage|p1b: Sinistcha|70/100|[from] Sandstorm
|-start|p1b: Sinistcha|perish1
|-start|p2b: Politoed|perish1
|upkeep
|
|t:|1785275283
|switch|p2a: Archaludon|Archaludon, L50, F|100/100
|turn|9
|
|t:|1785275309
|move|p2a: Archaludon|Protect|p2a: Archaludon
|-singleturn|p2a: Archaludon|Protect
|move|p1a: Gholdengo|Shadow Ball|p2a: Archaludon
|-activate|p2a: Archaludon|move: Protect
|move|p1b: Sinistcha|Shadow Ball|p2a: Archaludon
|-activate|p2a: Archaludon|move: Protect
|move|p2b: Politoed|Hypnosis|p1a: Gholdengo
|-immune|p1a: Gholdengo|[from] ability: Good as Gold
|
|-weather|none
|-start|p1b: Sinistcha|perish0
|-start|p2b: Politoed|perish0
|faint|p1b: Sinistcha
|faint|p2b: Politoed
|upkeep
|turn|10
|-message|dapmagikarp forfeited.
|
|win|namboyVGC
|raw|namboyVGC's rating: 1284 → 1311(+27 for winning)
|raw|dapmagikarp's rating: 1309 → 1288(-21 for losing)
