|j|☆LastHorzion
|j|☆beeetch
|html|LastHorzionbeeetch    
|uhtml|bestof|Game 2 of a best-of-3
|t:|1754591878
|gametype|doubles
|player|p1|LastHorzion|steven|1215
|player|p2|beeetch|beauty-gen4dp|1271
|gen|9
|tier|[Gen 9] VGC 2025 Reg H (Bo3)
|rated|
|rule|Species Clause: Limit one of each Pokémon
|rule|Item Clause: Limit 1 of each item
|clearpoke
|poke|p1|Sneasler, L50, F|
|poke|p1|Ursaluna-Bloodmoon, L50, M|
|poke|p1|Whimsicott, L50, F|
|poke|p1|Salamence, L50, F|
|poke|p1|Typhlosion-Hisui, L50, M|
|poke|p1|Indeedee, L50, M|
|poke|p2|Toedscruel, L50, M|
|poke|p2|Weezing-Galar, L50, M|
|poke|p2|Corviknight, L50, F|
|poke|p2|Pawmot, L50, M|
|poke|p2|Garchomp, L50, M|
|poke|p2|Typhlosion-Hisui, L50, M|
|teampreview|4
|showteam|p1|Sneasler||PsychicSeed|Unburden|CloseCombat,DireClaw,ThroatChop,Protect|||F|||50|,,,,,Dark]Ursaluna-Bloodmoon||LifeOrb|MindsEye|BloodMoon,EarthPower,HyperVoice,Protect|||M|||50|,,,,,Psychic]Whimsicott||CovertCloak|Prankster|Tailwind,Moonblast,Encore,SunnyDay|||F|||50|,,,,,Water]Salamence||ChoiceSpecs|Intimidate|AirSlash,HeatWave,DragonPulse,DracoMeteor|||F|||50|,,,,,Fire]Typhlosion-Hisui||ChoiceScarf|Blaze|Eruption,Curse,HeatWave,ShadowBall|||M|||50|,,,,,Fire]Indeedee||FocusSash|PsychicSurge|ExpandingForce,TeraBlast,Imprison,TrickRoom|||M|||50|,,,,,Ground
|showteam|p2|Toedscruel||CovertCloak|MyceliumMight|Spore,EarthPower,AcidSpray,RagePowder|||M|||50|,,,,,Water]Weezing-Galar||ChoiceSpecs|NeutralizingGas|DazzlingGleam,SludgeBomb,StrangeSteam,Flamethrower|||M|||50|,,,,,Fire]Corviknight||SitrusBerry|MirrorArmor|Protect,Tailwind,Roost,BraveBird|||F|||50|,,,,,Dragon]Pawmot||FocusSash|NaturalCure|Protect,CloseCombat,DoubleShock,FakeOut|||M|||50|,,,,,Electric]Garchomp||LifeOrb|RoughSkin|Protect,Earthquake,DragonClaw,StompingTantrum|||M|||50|,,,,,Ground]Typhlosion-Hisui||ChoiceScarf|Blaze|Eruption,SleepTalk,HeatWave,ShadowBall|||M|||50|,,,,,Fire
|inactive|Battle timer is ON: inactive players will automatically lose when time's up. (requested by LastHorzion)
|
|t:|1754591908
|teamsize|p1|4
|teamsize|p2|4
|start
|switch|p1a: Ursaluna|Ursaluna-Bloodmoon, L50, M|100/100
|switch|p1b: Whimsicott|Whimsicott, L50, F|100/100
|switch|p2a: Weezing|Weezing-Galar, L50, M|100/100
|switch|p2b: Toedscruel|Toedscruel, L50, M|100/100
|-ability|p2a: Weezing|Neutralizing Gas
|turn|1
|inactive|beeetch has 30 seconds left.
|
|t:|1754591938
|move|p1a: Ursaluna|Protect|p1a: Ursaluna
|-singleturn|p1a: Ursaluna|Protect
|move|p2b: Toedscruel|Spore|p1a: Ursaluna
|-activate|p1a: Ursaluna|move: Protect
|move|p1b: Whimsicott|Tailwind|p1b: Whimsicott
|-sidestart|p1: LastHorzion|move: Tailwind
|move|p2a: Weezing|Sludge Bomb|p1b: Whimsicott
|-supereffective|p1b: Whimsicott
|-damage|p1b: Whimsicott|0 fnt
|faint|p1b: Whimsicott
|
|upkeep
|
|t:|1754591951
|switch|p1b: Typhlosion|Typhlosion-Hisui, L50, M|100/100
|turn|2
|
|t:|1754591969
|-terastallize|p2b: Toedscruel|Water
|move|p1b: Typhlosion|Eruption|p2b: Toedscruel|[spread] p2a,p2b
|-resisted|p2b: Toedscruel
|-damage|p2a: Weezing|22/100
|-damage|p2b: Toedscruel|77/100
|move|p1a: Ursaluna|Hyper Voice|p2a: Weezing|[spread] p2a,p2b
|-damage|p2a: Weezing|0 fnt
|-damage|p2b: Toedscruel|35/100
|faint|p2a: Weezing
|-end|p2a: Weezing|ability: Neutralizing Gas
|-damage|p1a: Ursaluna|91/100|[from] item: Life Orb
|move|p2b: Toedscruel|Earth Power|p1b: Typhlosion
|-supereffective|p1b: Typhlosion
|-damage|p1b: Typhlosion|35/100
|
|upkeep
|
|t:|1754591983
|switch|p2a: Pawmot|Pawmot, L50, M|100/100
|turn|3
|inactive|beeetch has 30 seconds left.
|
|t:|1754592012
|-terastallize|p1a: Ursaluna|Psychic
|move|p2a: Pawmot|Fake Out|p1a: Ursaluna
|-damage|p1a: Ursaluna|81/100
|move|p1b: Typhlosion|Eruption|p2a: Pawmot|[spread] p2a,p2b
|-resisted|p2b: Toedscruel
|-damage|p2a: Pawmot|65/100
|-damage|p2b: Toedscruel|26/100
|cant|p1a: Ursaluna|flinch
|move|p2b: Toedscruel|Earth Power|p1b: Typhlosion
|-supereffective|p1b: Typhlosion
|-damage|p1b: Typhlosion|0 fnt
|faint|p1b: Typhlosion
|
|upkeep
|
|t:|1754592017
|switch|p1b: Salamence|Salamence, L50, F|100/100
|-ability|p1b: Salamence|Intimidate|boost
|-unboost|p2a: Pawmot|atk|1
|-unboost|p2b: Toedscruel|atk|1
|turn|4
|
|t:|1754592029
|move|p2a: Pawmot|Protect|p2a: Pawmot
|-singleturn|p2a: Pawmot|Protect
|move|p1b: Salamence|Heat Wave|p2a: Pawmot|[spread] p2b
|-activate|p2a: Pawmot|move: Protect
|-resisted|p2b: Toedscruel
|-damage|p2b: Toedscruel|13/100
|move|p1a: Ursaluna|Hyper Voice|p2b: Toedscruel|[spread] p2b
|-activate|p2a: Pawmot|move: Protect
|-damage|p2b: Toedscruel|0 fnt
|faint|p2b: Toedscruel
|-damage|p1a: Ursaluna|71/100|[from] item: Life Orb
|
|-sideend|p1: LastHorzion|move: Tailwind
|upkeep
|
|t:|1754592039
|switch|p2b: Corviknight|Corviknight, L50, F|100/100
|turn|5
|
|t:|1754592059
|move|p2a: Pawmot|Double Shock|p1b: Salamence
|-damage|p1b: Salamence|51/100
|-start|p2a: Pawmot|typechange|???/Fighting|[from] move: Double Shock
|move|p1b: Salamence|Heat Wave|p2a: Pawmot|[spread] p2a,p2b
|-supereffective|p2b: Corviknight
|-damage|p2a: Pawmot|3/100
|-damage|p2b: Corviknight|46/100
|-enditem|p2b: Corviknight|Sitrus Berry|[eat]
|-heal|p2b: Corviknight|71/100|[from] item: Sitrus Berry
|move|p2b: Corviknight|Brave Bird|p1b: Salamence
|-damage|p1b: Salamence|0 fnt
|faint|p1b: Salamence
|-damage|p2b: Corviknight|57/100|[from] Recoil
|move|p1a: Ursaluna|Blood Moon|p2b: Corviknight
|-resisted|p2b: Corviknight
|-damage|p2b: Corviknight|8/100
|-damage|p1a: Ursaluna|62/100|[from] item: Life Orb
|
|upkeep
|turn|6
|
|t:|1754592083
|move|p2a: Pawmot|Close Combat|p1a: Ursaluna
|-resisted|p1a: Ursaluna
|-damage|p1a: Ursaluna|47/100
|-unboost|p2a: Pawmot|def|1
|-unboost|p2a: Pawmot|spd|1
|move|p1a: Ursaluna|Hyper Voice|p2a: Pawmot|[spread] p2a,p2b
|-resisted|p2b: Corviknight
|-damage|p2a: Pawmot|0 fnt
|-damage|p2b: Corviknight|0 fnt
|faint|p2a: Pawmot
|faint|p2b: Corviknight
|-damage|p1a: Ursaluna|38/100|[from] item: Life Orb
|
|win|LastHorzion
|raw|LastHorzion's rating: 1215 → 1244(+29 for winning)
|raw|beeetch's rating: 1271 → 1242(-29 for losing)
|l|☆LastHorzion
|player|p1|
