|j|☆tyvador
|j|☆ErickF666
|html|tyvadorErickF666    
|uhtml|bestof|Game 1 of a best-of-3
|t:|1757823145
|gametype|doubles
|player|p1|tyvador|skyla|1089
|player|p2|ErickF666|169|1061
|gen|9
|tier|[Gen 9] VGC 2025 Reg H (Bo3)
|rated|
|rule|Species Clause: Limit one of each Pokémon
|rule|Item Clause: Limit 1 of each item
|clearpoke
|poke|p1|Annihilape, L50, M|
|poke|p1|Maushold, L50|
|poke|p1|Rillaboom, L50, M|
|poke|p1|Incineroar, L50, M|
|poke|p1|Sneasler, L50, M|
|poke|p1|Dragonite, L50, M|
|poke|p2|Typhlosion-Hisui, L50, F|
|poke|p2|Whimsicott, L50, F|
|poke|p2|Hydreigon, L50, M|
|poke|p2|Dragonite, L50, F|
|poke|p2|Rillaboom, L50, F|
|poke|p2|Slowbro, L50, F|
|teampreview|4
|showteam|p1|Annihilape||SafetyGoggles|Defiant|RageFist,CloseCombat,BulkUp,Protect|||M|||50|,,,,,Water]Maushold||FocusSash|FriendGuard|FollowMe,Taunt,BeatUp,Protect||||||50|,,,,,Ghost]Rillaboom||AssaultVest|GrassySurge|FakeOut,GrassyGlide,WoodHammer,HighHorsepower|||M|||50|,,,,,Grass]Incineroar||SitrusBerry|Intimidate|FakeOut,KnockOff,PartingShot,FlareBlitz|||M|||50|,,,,,Grass]Sneasler||GrassySeed|Unburden|DireClaw,CloseCombat,ThroatChop,Coaching|||M|||50|,,,,,Dark]Dragonite||LoadedDice|Multiscale|ScaleShot,Tailwind,ExtremeSpeed,StompingTantrum|||M|||50|,,,,,Normal
|showteam|p2|Typhlosion-Hisui||ChoiceScarf|Frisk|Eruption,HeatWave,Overheat,ShadowBall|||F|||50|,,,,,Fire]Whimsicott||CovertCloak|Prankster|Moonblast,Tailwind,Encore,SunnyDay|||F|||50|,,,,,Water]Hydreigon||ChoiceSpecs|Levitate|DracoMeteor,DarkPulse,Snarl,TeraBlast|||M|||50|,,,,,Poison]Dragonite||GrassySeed|Multiscale|ExtremeSpeed,StompingTantrum,DragonDance,Protect|||F|||50|,,,,,Normal]Rillaboom||AssaultVest|GrassySurge|GrassyGlide,WoodHammer,Uturn,FakeOut|||F|||50|,,,,,Fire]Slowbro||MentalHerb|Regenerator|Psychic,Scald,HealPulse,HelpingHand|||F|||50|,,,,,Grass
|inactive|Battle timer is ON: inactive players will automatically lose when time's up. (requested by tyvador)
|inactive|ErickF666 has 60 seconds left.
|
|t:|1757823201
|teamsize|p1|4
|teamsize|p2|4
|start
|switch|p1a: Sneasler|Sneasler, L50, M|100/100
|switch|p1b: Dragonite|Dragonite, L50, M|100/100
|switch|p2a: Typhlosion|Typhlosion-Hisui, L50, F|100/100
|switch|p2b: Whimsicott|Whimsicott, L50, F|100/100
|-item|p1a: Sneasler|Grassy Seed|[from] ability: Frisk|[of] p2a: Typhlosion
|-item|p1b: Dragonite|Loaded Dice|[from] ability: Frisk|[of] p2a: Typhlosion
|turn|1
|inactive|tyvador has 30 seconds left.
|inactive|ErickF666 has 30 seconds left.
|inactive|ErickF666 has 20 seconds left.
|inactive|ErickF666 has 15 seconds left.
|inactive|ErickF666 has 10 seconds left.
|
|t:|1757823250
|-terastallize|p2a: Typhlosion|Fire
|move|p2b: Whimsicott|Tailwind|p2b: Whimsicott
|-sidestart|p2: ErickF666|move: Tailwind
|move|p2a: Typhlosion|Eruption|p1b: Dragonite|[spread] p1a,p1b
|-resisted|p1b: Dragonite
|-damage|p1a: Sneasler|0 fnt
|-damage|p1b: Dragonite|80/100
|faint|p1a: Sneasler
|move|p1b: Dragonite|Tailwind|p1b: Dragonite
|-sidestart|p1: tyvador|move: Tailwind
|
|upkeep
|
|t:|1757823270
|switch|p1a: Incineroar|Incineroar, L50, M|100/100
|-ability|p1a: Incineroar|Intimidate|boost
|-unboost|p2a: Typhlosion|atk|1
|-unboost|p2b: Whimsicott|atk|1
|turn|2
|
|t:|1757823292
|switch|p2a: Rillaboom|Rillaboom, L50, F|100/100
|-fieldstart|move: Grassy Terrain|[from] ability: Grassy Surge|[of] p2a: Rillaboom
|move|p1a: Incineroar|Fake Out|p2a: Rillaboom
|-damage|p2a: Rillaboom|89/100
|move|p1b: Dragonite|Extreme Speed|p2b: Whimsicott
|-damage|p2b: Whimsicott|63/100
|move|p2b: Whimsicott|Encore|p1b: Dragonite
|-start|p1b: Dragonite|Encore
|
|-heal|p2b: Whimsicott|69/100|[from] Grassy Terrain
|-heal|p2a: Rillaboom|95/100|[from] Grassy Terrain
|upkeep
|turn|3
|inactive|tyvador has 30 seconds left.
|
|t:|1757823322
|move|p2a: Rillaboom|Fake Out|p1a: Incineroar
|-damage|p1a: Incineroar|86/100
|move|p1b: Dragonite|Extreme Speed|p2b: Whimsicott
|-damage|p2b: Whimsicott|29/100
|move|p2b: Whimsicott|Moonblast|p1b: Dragonite
|-supereffective|p1b: Dragonite
|-damage|p1b: Dragonite|18/100
|cant|p1a: Incineroar|flinch
|
|-heal|p2b: Whimsicott|35/100|[from] Grassy Terrain
|-heal|p2a: Rillaboom|100/100|[from] Grassy Terrain
|-heal|p1a: Incineroar|92/100|[from] Grassy Terrain
|upkeep
|turn|4
|inactive|ErickF666 has 30 seconds left.
|inactive|ErickF666 has 20 seconds left.
|inactive|ErickF666 has 15 seconds left.
|
|t:|1757823366
|move|p1b: Dragonite|Extreme Speed|p2b: Whimsicott
|-damage|p2b: Whimsicott|0 fnt
|faint|p2b: Whimsicott
|move|p2a: Rillaboom|U-turn|p1a: Incineroar
|-damage|p1a: Incineroar|68/100
|
|t:|1757823372
|switch|p2a: Dragonite|Dragonite, L50, F|100/100|[from] U-turn
|-enditem|p2a: Dragonite|Grassy Seed
|-boost|p2a: Dragonite|def|1|[from] item: Grassy Seed
|move|p1a: Incineroar|Parting Shot|p2a: Dragonite
|-unboost|p2a: Dragonite|atk|1
|-unboost|p2a: Dragonite|spa|1
|
|t:|1757823378
|switch|p1a: Rillaboom|Rillaboom, L50, M|100/100|[from] Parting Shot
|
|-sideend|p2: ErickF666|move: Tailwind
|-sideend|p1: tyvador|move: Tailwind
|upkeep
|
|t:|1757823389
|switch|p2b: Typhlosion|Typhlosion-Hisui, L50, F, tera:Fire|100/100
|-item|p1a: Rillaboom|Assault Vest|[from] ability: Frisk|[of] p2b: Typhlosion
|-item|p1b: Dragonite|Loaded Dice|[from] ability: Frisk|[of] p2b: Typhlosion
|turn|5
|
|t:|1757823402
|move|p1a: Rillaboom|Fake Out|p2a: Dragonite
|-damage|p2a: Dragonite|95/100
|move|p1b: Dragonite|Extreme Speed|p2b: Typhlosion
|-damage|p2b: Typhlosion|52/100
|cant|p2a: Dragonite|flinch
|move|p2b: Typhlosion|Eruption|p1a: Rillaboom|[spread] p1a,p1b
|-supereffective|p1a: Rillaboom
|-resisted|p1b: Dragonite
|-damage|p1a: Rillaboom|35/100
|-damage|p1b: Dragonite|0 fnt
|faint|p1b: Dragonite
|
|-heal|p2b: Typhlosion|58/100|[from] Grassy Terrain
|-heal|p1a: Rillaboom|41/100|[from] Grassy Terrain
|upkeep
|
|t:|1757823412
|switch|p1b: Incineroar|Incineroar, L50, M|68/100
|-ability|p1b: Incineroar|Intimidate|boost
|-unboost|p2a: Dragonite|atk|1
|-unboost|p2b: Typhlosion|atk|1
|turn|6
|
|t:|1757823436
|switch|p2b: Rillaboom|Rillaboom, L50, F|100/100
|-terastallize|p1b: Incineroar|Grass
|move|p1b: Incineroar|Fake Out|p2b: Rillaboom
|-damage|p2b: Rillaboom|90/100
|move|p1a: Rillaboom|High Horsepower|p2b: Rillaboom
|-resisted|p2b: Rillaboom
|-damage|p2b: Rillaboom|75/100
|move|p2a: Dragonite|Dragon Dance|p2a: Dragonite
|-boost|p2a: Dragonite|atk|1
|-boost|p2a: Dragonite|spe|1
|
|-heal|p1a: Rillaboom|47/100|[from] Grassy Terrain
|-heal|p2b: Rillaboom|81/100|[from] Grassy Terrain
|-heal|p1b: Incineroar|74/100|[from] Grassy Terrain
|-fieldend|move: Grassy Terrain
|upkeep
|turn|7
|-message|tyvador forfeited.
|
|win|ErickF666
||tyvador is ready for game 2.
|l|☆ErickF666
|player|p2|
||ErickF666 is ready for game 2.
|uhtml|next|Next: Game 2 of 3
