|j|☆InkynVG
|j|☆marcosdeltasena31
|html|InkynVGmarcosdeltasena31    
|uhtml|bestof|Game 2 of a best-of-3
|t:|1754514816
|gametype|doubles
|player|p1|InkynVG|shadowtriad|1169
|player|p2|marcosdeltasena31|hilbert|1253
|gen|9
|tier|[Gen 9] VGC 2025 Reg H (Bo3)
|rated|
|rule|Species Clause: Limit one of each Pokémon
|rule|Item Clause: Limit 1 of each item
|clearpoke
|poke|p1|Dragonite, L50, M|
|poke|p1|Kingambit, L50, M|
|poke|p1|Sneasler, L50, F|
|poke|p1|Volcarona, L50, F|
|poke|p1|Electabuzz, L50, M|
|poke|p1|Rillaboom, L50, M|
|poke|p2|Dragonite, L50, F|
|poke|p2|Sneasler, L50, F|
|poke|p2|Volcarona, L50, F|
|poke|p2|Rillaboom, L50, M|
|poke|p2|Kingambit, L50, F|
|poke|p2|Electabuzz, L50, F|
|teampreview|4
|showteam|p1|Dragonite||LoadedDice|Multiscale|ScaleShot,ExtremeSpeed,Haze,Protect|||M|||50|,,,,,Fairy]Kingambit||BlackGlasses|Defiant|KowtowCleave,SuckerPunch,SwordsDance,Protect|||M|||50|,,,,,Dark]Sneasler||FocusSash|Unburden|FakeOut,CloseCombat,DireClaw,Coaching|||F|||50|,,,,,Ghost]Volcarona||Leftovers|FlameBody|HeatWave,TeraBlast,QuiverDance,Protect|||F|||50|,,,,,Fairy]Electabuzz||Eviolite|VitalSpirit|FollowMe,Taunt,Electroweb,Protect|||M|||50|,,,,,Ghost]Rillaboom||AssaultVest|GrassySurge|FakeOut,GrassyGlide,WoodHammer,Uturn|||M|||50|,,,,,Fire
|showteam|p2|Dragonite||LoadedDice|Multiscale|ScaleShot,ExtremeSpeed,Haze,Protect|||F|||50|,,,,,Fairy]Sneasler||FocusSash|PoisonTouch|DireClaw,CloseCombat,FakeOut,Coaching|||F|||50|,,,,,Ghost]Volcarona||CovertCloak|FlameBody|HeatWave,TeraBlast,QuiverDance,Protect|||F|||50|,,,,,Fairy]Rillaboom||AssaultVest|GrassySurge|WoodHammer,FakeOut,GrassyGlide,HighHorsepower|||M|||50|,,,,,Fire]Kingambit||BlackGlasses|Defiant|KowtowCleave,SwordsDance,SuckerPunch,Protect|||F|||50|,,,,,Dark]Electabuzz||Eviolite|VitalSpirit|Electroweb,FollowMe,Taunt,Protect|||F|||50|,,,,,Ghost
|inactive|Battle timer is ON: inactive players will automatically lose when time's up. (requested by InkynVG)
|
|t:|1754514836
|teamsize|p1|4
|teamsize|p2|4
|start
|switch|p1a: Electabuzz|Electabuzz, L50, M|100/100
|switch|p1b: Volcarona|Volcarona, L50, F|100/100
|switch|p2a: Volcarona|Volcarona, L50, F|100/100
|switch|p2b: Electabuzz|Electabuzz, L50, F|100/100
|turn|1
|inactive|InkynVG has 30 seconds left.
|
|t:|1754514866
|move|p2a: Volcarona|Quiver Dance|p2a: Volcarona
|-boost|p2a: Volcarona|spa|1
|-boost|p2a: Volcarona|spd|1
|-boost|p2a: Volcarona|spe|1
|move|p1a: Electabuzz|Taunt|p2a: Volcarona
|-start|p2a: Volcarona|move: Taunt
|move|p1b: Volcarona|Quiver Dance|p1b: Volcarona
|-boost|p1b: Volcarona|spa|1
|-boost|p1b: Volcarona|spd|1
|-boost|p1b: Volcarona|spe|1
|move|p2b: Electabuzz|Electroweb|p1a: Electabuzz|[spread] p1a,p1b
|-resisted|p1a: Electabuzz
|-damage|p1a: Electabuzz|95/100
|-damage|p1b: Volcarona|91/100
|-unboost|p1a: Electabuzz|spe|1
|-unboost|p1b: Volcarona|spe|1
|
|-heal|p1b: Volcarona|97/100|[from] item: Leftovers
|upkeep
|turn|2
|
|t:|1754514886
|move|p2a: Volcarona|Heat Wave|p1a: Electabuzz|[spread] p1a,p1b
|-damage|p1a: Electabuzz|55/100
|-damage|p1b: Volcarona|65/100
|move|p1b: Volcarona|Quiver Dance|p1b: Volcarona
|-boost|p1b: Volcarona|spa|1
|-boost|p1b: Volcarona|spd|1
|-boost|p1b: Volcarona|spe|1
|move|p2b: Electabuzz|Taunt|p1b: Volcarona
|-start|p1b: Volcarona|move: Taunt
|move|p1a: Electabuzz|Electroweb|p2b: Electabuzz|[spread] p2a,p2b
|-resisted|p2b: Electabuzz
|-crit|p2b: Electabuzz
|-damage|p2a: Volcarona|92/100
|-damage|p2b: Electabuzz|93/100
|-unboost|p2b: Electabuzz|spe|1
|
|-heal|p1b: Volcarona|71/100|[from] item: Leftovers
|upkeep
|turn|3
|
|t:|1754514904
|move|p2a: Volcarona|Heat Wave|p1b: Volcarona|[spread] p1a,p1b
|-damage|p1a: Electabuzz|13/100
|-damage|p1b: Volcarona|49/100
|move|p1b: Volcarona|Heat Wave|p2a: Volcarona|[spread] p2a,p2b
|-damage|p2a: Volcarona|44/100
|-damage|p2b: Electabuzz|35/100
|move|p1a: Electabuzz|Taunt|p2b: Electabuzz
|-start|p2b: Electabuzz|move: Taunt
|move|p2b: Electabuzz|Electroweb|p1b: Volcarona|[spread] p1a
|-miss|p2b: Electabuzz|p1b: Volcarona
|-resisted|p1a: Electabuzz
|-damage|p1a: Electabuzz|7/100
|-unboost|p1a: Electabuzz|spe|1
|
|-heal|p1b: Volcarona|55/100|[from] item: Leftovers
|upkeep
|turn|4
|
|t:|1754514926
|move|p2a: Volcarona|Heat Wave|p1a: Electabuzz|[spread] p1a,p1b
|-damage|p1a: Electabuzz|0 fnt
|-damage|p1b: Volcarona|31/100
|faint|p1a: Electabuzz
|move|p1b: Volcarona|Heat Wave|p2a: Volcarona|[spread] p2a
|-miss|p1b: Volcarona|p2b: Electabuzz
|-damage|p2a: Volcarona|3/100
|move|p2b: Electabuzz|Electroweb|p1b: Volcarona
|-damage|p1b: Volcarona|22/100
|-unboost|p1b: Volcarona|spe|1
|
|-heal|p1b: Volcarona|28/100|[from] item: Leftovers
|-end|p2a: Volcarona|move: Taunt
|upkeep
|
|t:|1754514944
|switch|p1a: Dragonite|Dragonite, L50, M|100/100
|turn|5
|
|t:|1754514950
|move|p2a: Volcarona|Protect|p2a: Volcarona
|-singleturn|p2a: Volcarona|Protect
|move|p1a: Dragonite|Extreme Speed|p2a: Volcarona
|-activate|p2a: Volcarona|move: Protect
|move|p1b: Volcarona|Heat Wave|p2b: Electabuzz|[spread] p2b
|-activate|p2a: Volcarona|move: Protect
|-crit|p2b: Electabuzz
|-damage|p2b: Electabuzz|0 fnt
|faint|p2b: Electabuzz
|
|-heal|p1b: Volcarona|34/100|[from] item: Leftovers
|-end|p1b: Volcarona|move: Taunt
|upkeep
|
|t:|1754514960
|switch|p2b: Sneasler|Sneasler, L50, F|100/100
|turn|6
|
|t:|1754514970
|move|p1b: Volcarona|Protect|p1b: Volcarona
|-singleturn|p1b: Volcarona|Protect
|move|p1a: Dragonite|Protect|p1a: Dragonite
|-singleturn|p1a: Dragonite|Protect
|move|p2a: Volcarona|Heat Wave|p1a: Dragonite|[spread] 
|-activate|p1a: Dragonite|move: Protect
|-activate|p1b: Volcarona|move: Protect
|move|p2b: Sneasler|Dire Claw|p1b: Volcarona
|-activate|p1b: Volcarona|move: Protect
|
|-heal|p1b: Volcarona|41/100|[from] item: Leftovers
|upkeep
|turn|7
|
|t:|1754514986
|move|p2a: Volcarona|Heat Wave|p1b: Volcarona|[spread] p1a
|-miss|p2a: Volcarona|p1b: Volcarona
|-resisted|p1a: Dragonite
|-damage|p1a: Dragonite|87/100
|move|p2b: Sneasler|Dire Claw|p1b: Volcarona
|-damage|p1b: Volcarona|0 fnt
|faint|p1b: Volcarona
|move|p1a: Dragonite|Scale Shot|p2b: Sneasler
|-damage|p2b: Sneasler|77/100
|-damage|p2b: Sneasler|51/100
|-damage|p2b: Sneasler|24/100
|-damage|p2b: Sneasler|0 fnt
|faint|p2b: Sneasler
|-hitcount|p2: Sneasler|4
|-unboost|p1a: Dragonite|def|1
|-boost|p1a: Dragonite|spe|1
|
|upkeep
|
|t:|1754515006
|switch|p2b: Dragonite|Dragonite, L50, F|100/100
|switch|p1b: Sneasler|Sneasler, L50, F|100/100
|turn|8
|inactive|InkynVG has 30 seconds left.
|
|t:|1754515036
|-terastallize|p1a: Dragonite|Fairy
|-terastallize|p2b: Dragonite|Fairy
|move|p1b: Sneasler|Fake Out|p2b: Dragonite
|-damage|p2b: Dragonite|93/100
|move|p1a: Dragonite|Extreme Speed|p2a: Volcarona
|-damage|p2a: Volcarona|0 fnt
|faint|p2a: Volcarona
|cant|p2b: Dragonite|flinch
|
|upkeep
|turn|9
|inactive|marcosdeltasena31 has 30 seconds left.
|
|t:|1754515065
|move|p1a: Dragonite|Extreme Speed|p2b: Dragonite
|-damage|p2b: Dragonite|56/100
|move|p1b: Sneasler|Dire Claw|p2b: Dragonite
|-supereffective|p2b: Dragonite
|-damage|p2b: Dragonite|0 fnt
|faint|p2b: Dragonite
|
|win|InkynVG
|raw|InkynVG's rating: 1169 → 1200(+31 for winning)
|raw|marcosdeltasena31's rating: 1253 → 1222(-31 for losing)
|l|☆InkynVG
|player|p1|
