|j|☆zephnix
|j|☆breloomb01
|html|zephnixbreloomb01    
|uhtml|bestof|Game 2 of a best-of-3
|t:|1785688550
|gametype|doubles
|player|p1|zephnix|lucas-gen4pt|1106
|player|p2|breloomb01|roughneck|1224
|gen|9
|tier|[Gen 9 Champions] VGC 2026 Reg M-B (Bo3)
|rated|
|rule|Species Clause: Limit one of each Pokémon
|rule|Item Clause: Limit 1 of each item
|clearpoke
|poke|p1|Scizor, L50, F, shiny|
|poke|p1|Meowscarada, L50, M|
|poke|p1|Armarouge, L50, M|
|poke|p1|Milotic, L50, M|
|poke|p1|Clefable, L50, F|
|poke|p1|Meowstic, L50, M|
|poke|p2|Floette-Eternal, L50, F|
|poke|p2|Incineroar, L50, M|
|poke|p2|Sinistcha, L50|
|poke|p2|Garchomp, L50, M|
|poke|p2|Sneasler, L50, F|
|poke|p2|Rotom-Wash, L50|
|teampreview|4
|showteam|p1|Scizor||Scizorite|Technician|BulletPunch,BugBite,Protect,SwordsDance|Adamant||F|||50|]Meowscarada||FocusSash|Protean|SuckerPunch,KnockOff,FlowerTrick,TripleAxel|Jolly||M|||50|]Armarouge||ShucaBerry|FlashFire|HeatWave,Psychic,Protect,WideGuard|Quiet||M|||50|]Milotic||Leftovers|Competitive|Scald,IceBeam,Protect,LifeDew|Bold||M|||50|]Clefable||SitrusBerry|Unaware|Moonblast,FollowMe,Protect,LifeDew|Calm||F|||50|]Meowstic||Meowsticite|Prankster|FakeOut,Reflect,LightScreen,Psychic|Timid||M|||50|
|showteam|p2|Floette-Eternal||Floettite|FlowerVeil|DrainingKiss,DazzlingGleam,CalmMind,Protect|Modest||F|||50|]Incineroar||SitrusBerry|Intimidate|FakeOut,FlareBlitz,ThroatChop,PartingShot|Careful||M|||50|]Sinistcha||KasibBerry|Hospitality|Protect,RagePowder,MatchaGotcha,TrickRoom|Calm|||||50|]Garchomp||LifeOrb|RoughSkin|Earthquake,DragonClaw,RockSlide,Protect|Jolly||M|||50|]Sneasler||WhiteHerb|Unburden|FakeOut,DireClaw,CloseCombat,Protect|Jolly||F|||50|]Rotom-Wash||Leftovers|Levitate|HydroPump,Protect,WillOWisp,Electroweb|Bold|||||50|
|
|t:|1785688594
|teamsize|p1|4
|teamsize|p2|4
|start
|switch|p1a: Armarouge|Armarouge, L50, M|100/100
|switch|p1b: Meowstic|Meowstic, L50, M|100/100
|switch|p2a: Sneasler|Sneasler, L50, F|100/100
|switch|p2b: Rotom|Rotom-Wash, L50|100/100
|turn|1
|
|t:|1785688612
|move|p2a: Sneasler|Fake Out|p1b: Meowstic
|-damage|p1b: Meowstic|80/100
|cant|p1b: Meowstic|flinch
|move|p2b: Rotom|Hydro Pump|p1a: Armarouge
|-supereffective|p1a: Armarouge|1
|-damage|p1a: Armarouge|11/100
|move|p1a: Armarouge|Psychic|p2a: Sneasler
|-supereffective|p2a: Sneasler|2
|-crit|p2a: Sneasler
|-damage|p2a: Sneasler|0 fnt
|faint|p2a: Sneasler
|
|upkeep
|
|t:|1785688623
|switch|p2a: Floette|Floette-Eternal, L50, F|100/100
|turn|2
|
|t:|1785688639
|move|p1a: Armarouge|Wide Guard|p1a: Armarouge
|-singleturn|p1a: Armarouge|Wide Guard
|move|p1b: Meowstic|Light Screen|p1b: Meowstic
|-sidestart|p1: zephnix|move: Light Screen
|move|p2a: Floette|Calm Mind|p2a: Floette
|-boost|p2a: Floette|spa|1
|-boost|p2a: Floette|spd|1
|move|p2b: Rotom|Electroweb|p1a: Armarouge|[spread] 
|-activate|p1a: Armarouge|move: Wide Guard
|-activate|p1b: Meowstic|move: Wide Guard
|
|upkeep
|turn|3
|
|t:|1785688672
|move|p1a: Armarouge|Wide Guard|p1a: Armarouge
|-singleturn|p1a: Armarouge|Wide Guard
|move|p1b: Meowstic|Psychic|p2b: Rotom
|-damage|p2b: Rotom|66/100
|move|p2a: Floette|Calm Mind|p2a: Floette
|-boost|p2a: Floette|spa|1
|-boost|p2a: Floette|spd|1
|move|p2b: Rotom|Electroweb|p1a: Armarouge|[spread] 
|-activate|p1a: Armarouge|move: Wide Guard
|-activate|p1b: Meowstic|move: Wide Guard
|
|-heal|p2b: Rotom|71/100|[from] item: Leftovers
|upkeep
|turn|4
|
|t:|1785688697
|detailschange|p1b: Meowstic|Meowstic-M-Mega, L50, M
|-mega|p1b: Meowstic|Meowstic|Meowsticite
|-ability|p1b: Meowstic|Levitate|Trace|[from] ability: Trace|[of] p2b: Rotom
|detailschange|p2a: Floette|Floette-Mega, L50, F
|-mega|p2a: Floette|Floette|Floettite
|-ability|p2a: Floette|Fairy Aura
|move|p2b: Rotom|Protect|p2b: Rotom
|-singleturn|p2b: Rotom|Protect
|move|p1a: Armarouge|Wide Guard|p1a: Armarouge
|-singleturn|p1a: Armarouge|Wide Guard
|move|p1b: Meowstic|Psychic|p2b: Rotom
|-activate|p2b: Rotom|move: Protect
|move|p2a: Floette|Draining Kiss|p1a: Armarouge
|-resisted|p1a: Armarouge|1
|-damage|p1a: Armarouge|0 fnt
|faint|p1a: Armarouge
|
|-heal|p2b: Rotom|77/100|[from] item: Leftovers
|upkeep
|
|t:|1785688715
|switch|p1a: Meowscarada|Meowscarada, L50, M|100/100
|turn|5
|
|t:|1785688724
|switch|p1b: Milotic|Milotic, L50, M|100/100
|switch|p2b: Incineroar|Incineroar, L50, M|100/100
|-ability|p2b: Incineroar|Intimidate|boost
|-unboost|p1a: Meowscarada|atk|1
|-unboost|p1b: Milotic|atk|1
|-ability|p1b: Milotic|Competitive|boost
|-boost|p1b: Milotic|spa|2
|move|p1a: Meowscarada|Flower Trick|p2b: Incineroar
|-start|p1a: Meowscarada|typechange|Grass|[from] ability: Protean
|-resisted|p2b: Incineroar|1
|-crit|p2b: Incineroar
|-damage|p2b: Incineroar|76/100
|move|p2a: Floette|Dazzling Gleam|p1b: Milotic|[spread] p1a,p1b
|-crit|p1b: Milotic
|-enditem|p1a: Meowscarada|Focus Sash
|-damage|p1a: Meowscarada|1/100
|-damage|p1b: Milotic|0 fnt
|faint|p1b: Milotic
|
|upkeep
|
|t:|1785688743
|switch|p1b: Meowstic|Meowstic-M-Mega, L50, M|80/100
|-ability|p1b: Meowstic|Intimidate|Trace|[from] ability: Trace|[of] p2b: Incineroar
|-ability|p1b: Meowstic|Intimidate|boost
|-unboost|p2a: Floette|atk|1
|-unboost|p2b: Incineroar|atk|1
|turn|6
|
|t:|1785688753
|move|p1b: Meowstic|Fake Out|p2b: Incineroar
|-damage|p2b: Incineroar|72/100
|cant|p2b: Incineroar|flinch
|move|p1a: Meowscarada|Triple Axel|p2a: Floette
|-damage|p2a: Floette|95/100
|-damage|p2a: Floette|86/100
|-hitcount|p2a: Floette|2
|move|p2a: Floette|Dazzling Gleam|p1b: Meowstic|[spread] p1a,p1b
|-damage|p1a: Meowscarada|0 fnt
|-damage|p1b: Meowstic|3/100
|faint|p1a: Meowscarada
|
|-sideend|p1: zephnix|move: Light Screen
|upkeep
|turn|7
|
|t:|1785688764
|move|p1b: Meowstic|Psychic|p2a: Floette
|-damage|p2a: Floette|69/100
|move|p2a: Floette|Draining Kiss|p1b: Meowstic
|-damage|p1b: Meowstic|0 fnt
|-heal|p2a: Floette|71/100|[from] drain|[of] p1b: Meowstic
|faint|p1b: Meowstic
|
|win|breloomb01
||zephnix is ready for game 3.
