|j|☆sbhaga34
|j|☆KPR21
|html|sbhaga34KPR21    
|uhtml|bestof|Game 1 of a best-of-3
|t:|1784343050
|gametype|doubles
|player|p1|sbhaga34|hugh|1358
|player|p2|KPR21|marshal|1218
|gen|9
|tier|[Gen 9 Champions] VGC 2026 Reg M-B (Bo3)
|rated|
|rule|Species Clause: Limit one of each Pokémon
|rule|Item Clause: Limit 1 of each item
|clearpoke
|poke|p1|Excadrill, L50, M|
|poke|p1|Tyranitar, L50, M|
|poke|p1|Corviknight, L50, F|
|poke|p1|Rotom-Wash, L50|
|poke|p1|Sinistcha, L50|
|poke|p1|Pyroar, L50, M|
|poke|p2|Tyranitar, L50, F|
|poke|p2|Excadrill, L50, F, shiny|
|poke|p2|Houndstone, L50, M|
|poke|p2|Staraptor, L50, F|
|poke|p2|Rotom-Wash, L50, shiny|
|poke|p2|Hydreigon, L50, F|
|teampreview|4
|showteam|p1|Excadrill||FocusSash|SandRush|Earthquake,IronHead,SwordsDance,Protect|Adamant||M|||50|]Tyranitar||Tyranitarite|SandStream|RockSlide,KnockOff,LowKick,Protect|Adamant||M|||50|]Corviknight||SharpBeak|MirrorArmor|BraveBird,Tailwind,BulkUp,Roost|Careful||F|||50|]Rotom-Wash||ChoiceScarf|Levitate|VoltSwitch,Thunderbolt,Electroweb,HydroPump|Timid|||||50|]Sinistcha||SitrusBerry|Hospitality|MatchaGotcha,TrickRoom,RagePowder,Protect|Calm|||||50|]Pyroar||Pyroarite|Unnerve|Overheat,HeatWave,Flamethrower,Protect|Timid||M|||50|
|showteam|p2|Tyranitar||Tyranitarite|SandStream|Protect,KnockOff,RockSlide,LowKick|Adamant||F|||50|]Excadrill||FocusSash|SandRush|Protect,Earthquake,IronHead,BrickBreak|Adamant||F|||50|]Houndstone||ColburBerry|SandRush|Protect,Snarl,WillOWisp,LastRespects|Jolly||M|||50|]Staraptor||Staraptite|Intimidate|Protect,Tailwind,CloseCombat,BraveBird|Adamant||F|||50|]Rotom-Wash||SitrusBerry|Levitate|Electroweb,HydroPump,Thunderbolt,WillOWisp|Modest|||||50|]Hydreigon||ChoiceScarf|Levitate|Snarl,DragonPulse,DarkPulse,HeatWave|Timid||F|||50|
|c|☆sbhaga34|yo sand leggggo
|c|☆KPR21|lol
|inactive|Battle timer is ON: inactive players will automatically lose when time's up. (requested by sbhaga34)
|
|t:|1784343117
|teamsize|p1|4
|teamsize|p2|4
|start
|switch|p1a: Rotom|Rotom-Wash, L50|100/100
|switch|p1b: Sinistcha|Sinistcha, L50|100/100
|switch|p2a: Tyranitar|Tyranitar, L50, F|100/100
|switch|p2b: Excadrill|Excadrill, L50, F, shiny|100/100
|-weather|Sandstorm|[from] ability: Sand Stream|[of] p2a: Tyranitar
|turn|1
|inactive|KPR21 has 30 seconds left.
|inactive|KPR21 has 20 seconds left.
|
|t:|1784343156
|switch|p2b: Staraptor|Staraptor, L50, F|100/100
|-ability|p2b: Staraptor|Intimidate|boost
|-unboost|p1a: Rotom|atk|1
|-unboost|p1b: Sinistcha|atk|1
|detailschange|p2a: Tyranitar|Tyranitar-Mega, L50, F
|-mega|p2a: Tyranitar|Tyranitar|Tyranitarite
|move|p1b: Sinistcha|Protect|p1b: Sinistcha
|-singleturn|p1b: Sinistcha|Protect
|move|p1a: Rotom|Hydro Pump|p2b: Staraptor
|-damage|p2b: Staraptor|43/100
|move|p2a: Tyranitar|Knock Off|p1b: Sinistcha
|-activate|p1b: Sinistcha|move: Protect
|
|-weather|Sandstorm|[upkeep]
|-damage|p1a: Rotom|94/100|[from] Sandstorm
|-damage|p2b: Staraptor|36/100|[from] Sandstorm
|-damage|p1b: Sinistcha|93/100|[from] Sandstorm
|upkeep
|turn|2
|
|t:|1784343176
|switch|p1b: Corviknight|Corviknight, L50, F|100/100
|move|p1a: Rotom|Hydro Pump|p2b: Staraptor
|-damage|p2b: Staraptor|0 fnt
|faint|p2b: Staraptor
|move|p2a: Tyranitar|Knock Off|p1b: Corviknight
|-damage|p1b: Corviknight|49/100
|-enditem|p1b: Corviknight|Sharp Beak|[from] move: Knock Off|[of] p2a: Tyranitar
|
|-weather|Sandstorm|[upkeep]
|-damage|p1a: Rotom|88/100|[from] Sandstorm
|upkeep
|
|t:|1784343191
|switch|p2b: Hydreigon|Hydreigon, L50, F|100/100
|turn|3
|
|t:|1784343208
|switch|p1a: Sinistcha|Sinistcha, L50|93/100
|-heal|p1b: Corviknight|74/100|[from] ability: Hospitality|[of] p1a: Sinistcha
|move|p2b: Hydreigon|Heat Wave|p1a: Sinistcha|[spread] p1a,p1b
|-supereffective|p1a: Sinistcha|1
|-supereffective|p1b: Corviknight|1
|-damage|p1a: Sinistcha|48/100
|-damage|p1b: Corviknight|34/100
|-enditem|p1a: Sinistcha|Sitrus Berry|[eat]
|-heal|p1a: Sinistcha|73/100|[from] item: Sitrus Berry
|move|p2a: Tyranitar|Knock Off|p1a: Sinistcha
|-supereffective|p1a: Sinistcha|1
|-damage|p1a: Sinistcha|0 fnt
|faint|p1a: Sinistcha
|move|p1b: Corviknight|Tailwind|p1b: Corviknight
|-sidestart|p1: sbhaga34|move: Tailwind
|
|-weather|Sandstorm|[upkeep]
|-damage|p2b: Hydreigon|94/100|[from] Sandstorm
|upkeep
|
|t:|1784343220
|switch|p1a: Tyranitar|Tyranitar, L50, M|100/100
|turn|4
|
|t:|1784343245
|switch|p2b: Excadrill|Excadrill, L50, F, shiny|100/100
|switch|p1b: Rotom|Rotom-Wash, L50|88/100
|detailschange|p1a: Tyranitar|Tyranitar-Mega, L50, M
|-mega|p1a: Tyranitar|Tyranitar|Tyranitarite
|move|p2a: Tyranitar|Protect|p2a: Tyranitar
|-singleturn|p2a: Tyranitar|Protect
|move|p1a: Tyranitar|Low Kick|p2a: Tyranitar
|-activate|p2a: Tyranitar|move: Protect
|
|-weather|Sandstorm|[upkeep]
|-damage|p1b: Rotom|82/100|[from] Sandstorm
|upkeep
|turn|5
|
|t:|1784343266
|switch|p2a: Hydreigon|Hydreigon, L50, F|94/100
|move|p1b: Rotom|Hydro Pump|p2b: Excadrill|[miss]
|-miss|p1b: Rotom|p2b: Excadrill
|move|p2b: Excadrill|Brick Break|p1a: Tyranitar
|-supereffective|p1a: Tyranitar|2
|-damage|p1a: Tyranitar|22/100
|move|p1a: Tyranitar|Low Kick|p2a: Hydreigon
|-supereffective|p2a: Hydreigon|1
|-crit|p2a: Hydreigon
|-damage|p2a: Hydreigon|0 fnt
|faint|p2a: Hydreigon
|
|-weather|none
|upkeep
|
|t:|1784343278
|switch|p2a: Tyranitar|Tyranitar-Mega, L50, F|100/100
|-weather|Sandstorm|[from] ability: Sand Stream|[of] p2a: Tyranitar
|turn|6
|
|t:|1784343284
|switch|p1a: Corviknight|Corviknight, L50, F|34/100
|move|p2b: Excadrill|Protect|p2b: Excadrill
|-singleturn|p2b: Excadrill|Protect
|move|p2a: Tyranitar|Protect|p2a: Tyranitar
|-singleturn|p2a: Tyranitar|Protect
|move|p1b: Rotom|Hydro Pump|p2b: Excadrill
|-activate|p2b: Excadrill|move: Protect
|
|-weather|Sandstorm|[upkeep]
|-damage|p1b: Rotom|77/100|[from] Sandstorm
|-sideend|p1: sbhaga34|move: Tailwind
|upkeep
|turn|7
|
|t:|1784343299
|move|p2b: Excadrill|Brick Break|p1a: Corviknight
|-damage|p1a: Corviknight|6/100
|move|p1b: Rotom|Hydro Pump|p2b: Excadrill
|-supereffective|p2b: Excadrill|1
|-enditem|p2b: Excadrill|Focus Sash
|-damage|p2b: Excadrill|1/100
|move|p2a: Tyranitar|Rock Slide|p1b: Rotom|[spread] p1a,p1b
|-damage|p1a: Corviknight|0 fnt
|-damage|p1b: Rotom|36/100
|faint|p1a: Corviknight
|
|-weather|Sandstorm|[upkeep]
|-damage|p1b: Rotom|30/100|[from] Sandstorm
|upkeep
|
|t:|1784343308
|switch|p1a: Tyranitar|Tyranitar-Mega, L50, M|22/100
|turn|8
|
|t:|1784343331
|move|p1a: Tyranitar|Protect|p1a: Tyranitar
|-singleturn|p1a: Tyranitar|Protect
|move|p2b: Excadrill|Brick Break|p1b: Rotom
|-damage|p1b: Rotom|1/100
|move|p1b: Rotom|Hydro Pump|p2b: Excadrill
|-supereffective|p2b: Excadrill|1
|-damage|p2b: Excadrill|0 fnt
|faint|p2b: Excadrill
|move|p2a: Tyranitar|Low Kick|p1a: Tyranitar
|-activate|p1a: Tyranitar|move: Protect
|
|-weather|Sandstorm|[upkeep]
|-damage|p1b: Rotom|0 fnt|[from] Sandstorm
|faint|p1b: Rotom
|upkeep
|turn|9
|
|t:|1784343345
|move|p1a: Tyranitar|Low Kick|p2a: Tyranitar
|-supereffective|p2a: Tyranitar|2
|-damage|p2a: Tyranitar|0 fnt
|faint|p2a: Tyranitar
|
|win|sbhaga34
