|j|☆Zetababy3
|j|☆The RU Agenda
|html|Zetababy3The RU Agenda    
|uhtml|bestof|Game 1 of a best-of-3
|t:|1783971874
|gametype|doubles
|player|p1|Zetababy3|265|1120
|player|p2|The RU Agenda|101|1191
|gen|9
|tier|[Gen 9 Champions] VGC 2026 Reg M-B (Bo3)
|rated|
|rule|Species Clause: Limit one of each Pokémon
|rule|Item Clause: Limit 1 of each item
|clearpoke
|poke|p1|Grimmsnarl, L50, M|
|poke|p1|Basculegion, L50, M|
|poke|p1|Pelipper, L50, M|
|poke|p1|Archaludon, L50, M|
|poke|p1|Charizard, L50, F|
|poke|p1|Venusaur, L50, F|
|poke|p2|Chesnaught, L50, M|
|poke|p2|Kingambit, L50, M|
|poke|p2|Toxapex, L50, F|
|poke|p2|Charizard, L50, M|
|poke|p2|Farigiraf, L50, M|
|poke|p2|Incineroar, L50, M|
|teampreview|4
|showteam|p1|Grimmsnarl||LightClay|Prankster|SpiritBreak,PartingShot,Reflect,LightScreen|Careful||M|||50|]Basculegion||ChoiceScarf|Adaptability|AquaJet,FlipTurn,WaveCrash,LastRespects|Jolly||M|||50|]Pelipper||SitrusBerry|Drizzle|Tailwind,WideGuard,Hurricane,WeatherBall|Modest||M|||50|]Archaludon||Leftovers|Stamina|Protect,ElectroShot,DragonPulse,FlashCannon|Timid||M|||50|]Charizard||CharizarditeY|Blaze|Protect,WeatherBall,HeatWave,SolarBeam|Timid||F|||50|]Venusaur||FocusSash|Overgrow|Protect,SleepPowder,SludgeBomb,EarthPower|Timid||F|||50|
|showteam|p2|Chesnaught||Chesnaughtite|Bulletproof|SpikyShield,LeechSeed,IronDefense,BodyPress|Impish||M|||50|]Kingambit||LifeOrb|Defiant|Protect,SuckerPunch,KowtowCleave,LowKick|Adamant||M|||50|]Toxapex||Leftovers|Regenerator|BanefulBunker,Toxic,Infestation,WideGuard|Calm||F|||50|]Charizard||CharizarditeY|Blaze|Protect,HeatWave,WeatherBall,SolarBeam|Modest||M|||50|]Farigiraf||SitrusBerry|ArmorTail|TrickRoom,Psychic,DazzlingGleam,NastyPlot|Relaxed||M|||50|]Incineroar||PasshoBerry|Intimidate|FakeOut,FlareBlitz,PartingShot,DarkestLariat|Brave||M|||50|
|
|t:|1783971937
|teamsize|p1|4
|teamsize|p2|4
|start
|switch|p1a: Grimmsnarl|Grimmsnarl, L50, M|100/100
|switch|p1b: Charizard|Charizard, L50, F|100/100
|switch|p2a: Toxapex|Toxapex, L50, F|100/100
|switch|p2b: Bumcineroar|Incineroar, L50, M|100/100
|-ability|p2b: Bumcineroar|Intimidate|boost
|-unboost|p1a: Grimmsnarl|atk|1
|-unboost|p1b: Charizard|atk|1
|turn|1
|inactive|Battle timer is ON: inactive players will automatically lose when time's up. (requested by Zetababy3)
|
|t:|1783971959
|detailschange|p1b: Charizard|Charizard-Mega-Y, L50, F
|-mega|p1b: Charizard|Charizard|Charizardite Y
|-weather|SunnyDay|[from] ability: Drought|[of] p1b: Charizard
|move|p1b: Charizard|Protect|p1b: Charizard
|-singleturn|p1b: Charizard|Protect
|move|p2b: Bumcineroar|Fake Out|p1a: Grimmsnarl
|-crit|p1a: Grimmsnarl
|-damage|p1a: Grimmsnarl|77/100
|cant|p1a: Grimmsnarl|flinch
|move|p2a: Toxapex|Infestation|p1b: Charizard
|-activate|p1b: Charizard|move: Protect
|
|-weather|SunnyDay|[upkeep]
|upkeep
|turn|2
|inactive|Zetababy3 has 30 seconds left.
|
|t:|1783971988
|move|p1a: Grimmsnarl|Light Screen|p1a: Grimmsnarl
|-sidestart|p1: Zetababy3|move: Light Screen
|move|p1b: Charizard|Solar Beam||[still]
|-prepare|p1b: Charizard|Solar Beam
|-anim|p1b: Charizard|Solar Beam|p2a: Toxapex
|-damage|p2a: Toxapex|66/100
|move|p2b: Bumcineroar|Parting Shot|p1a: Grimmsnarl
|-unboost|p1a: Grimmsnarl|atk|1
|-unboost|p1a: Grimmsnarl|spa|1
|
|t:|1783971997
|switch|p2b: Original151|Charizard, L50, M|100/100|[from] Parting Shot
|move|p2a: Toxapex|Infestation|p1b: Charizard
|-resisted|p1b: Charizard|2
|-damage|p1b: Charizard|99/100
|-activate|p1b: Charizard|move: Infestation|[of] p2a: Toxapex
|
|-weather|SunnyDay|[upkeep]
|-heal|p2a: Toxapex|72/100|[from] item: Leftovers
|-damage|p1b: Charizard|87/100|[from] move: Infestation|[partiallytrapped]
|upkeep
|turn|3
|
|t:|1783972018
|detailschange|p2b: Original151|Charizard-Mega-Y, L50, M
|-mega|p2b: Original151|Charizard|Charizardite Y
|move|p1a: Grimmsnarl|Parting Shot|p2b: Original151
|-unboost|p2b: Original151|atk|1
|-unboost|p2b: Original151|spa|1
|
|t:|1783972029
|switch|p1a: Basculegion|Basculegion, L50, M|100/100|[from] Parting Shot
|move|p1b: Charizard|Heat Wave|p2a: Toxapex|[spread] p2a,p2b
|-resisted|p2a: Toxapex|1
|-resisted|p2b: Original151|1
|-damage|p2a: Toxapex|50/100g
|-damage|p2b: Original151|70/100
|-status|p2a: Toxapex|brn
|move|p2b: Original151|Weather Ball|p1a: Basculegion
|-resisted|p1a: Basculegion|1
|-damage|p1a: Basculegion|75/100
|move|p2a: Toxapex|Toxic|p1b: Charizard
|-status|p1b: Charizard|tox
|
|-weather|SunnyDay|[upkeep]
|-heal|p2a: Toxapex|56/100 brn|[from] item: Leftovers
|-damage|p1b: Charizard|81/100 tox|[from] psn
|-damage|p2a: Toxapex|50/100g brn|[from] brn
|-damage|p1b: Charizard|69/100 tox|[from] move: Infestation|[partiallytrapped]
|upkeep
|turn|4
|inactive|Zetababy3 has 30 seconds left.
|
|t:|1783972054
|move|p2a: Toxapex|Baneful Bunker|p2a: Toxapex
|-singleturn|p2a: Toxapex|move: Protect
|move|p1a: Basculegion|Flip Turn|p2b: Original151
|-supereffective|p2b: Original151|1
|-damage|p2b: Original151|32/100
|
|t:|1783972060
|switch|p1a: Grimmsnarl|Grimmsnarl, L50, M|77/100|[from] Flip Turn
|move|p1b: Charizard|Heat Wave|p2a: Toxapex|[spread] p2b
|-activate|p2a: Toxapex|move: Protect
|-resisted|p2b: Original151|1
|-damage|p2b: Original151|1/100
|move|p2b: Original151|Solar Beam||[still]
|-prepare|p2b: Original151|Solar Beam
|-anim|p2b: Original151|Solar Beam|p1a: Grimmsnarl
|-damage|p1a: Grimmsnarl|61/100
|
|-weather|SunnyDay|[upkeep]
|-heal|p2a: Toxapex|56/100 brn|[from] item: Leftovers
|-damage|p1b: Charizard|57/100 tox|[from] psn
|-damage|p2a: Toxapex|50/100g brn|[from] brn
|-damage|p1b: Charizard|45/100 tox|[from] move: Infestation|[partiallytrapped]
|upkeep
|turn|5
|
|t:|1783972083
|move|p2a: Toxapex|Wide Guard|p2a: Toxapex
|-singleturn|p2a: Toxapex|Wide Guard
|move|p1a: Grimmsnarl|Reflect|p1a: Grimmsnarl
|-sidestart|p1: Zetababy3|Reflect
|move|p1b: Charizard|Heat Wave|p2a: Toxapex|[spread] 
|-activate|p2a: Toxapex|move: Wide Guard
|-activate|p2b: Original151|move: Wide Guard
|move|p2b: Original151|Heat Wave|p1b: Charizard|[spread] p1a,p1b
|-resisted|p1b: Charizard|1
|-damage|p1a: Grimmsnarl|38/100
|-damage|p1b: Charizard|30/100 tox
|
|-weather|none
|-heal|p2a: Toxapex|56/100 brn|[from] item: Leftovers
|-damage|p1b: Charizard|13/100 tox|[from] psn
|-damage|p2a: Toxapex|50/100g brn|[from] brn
|-damage|p1b: Charizard|1/100 tox|[from] move: Infestation|[partiallytrapped]
|upkeep
|turn|6
|
|t:|1783972107
|move|p1a: Grimmsnarl|Parting Shot|p2b: Original151
|-unboost|p2b: Original151|atk|1
|-unboost|p2b: Original151|spa|1
|
|t:|1783972110
|switch|p1a: Pelipper|Pelipper, L50, M|100/100|[from] Parting Shot
|-weather|RainDance|[from] ability: Drizzle|[of] p1a: Pelipper
|move|p1b: Charizard|Weather Ball|p2b: Original151
|-supereffective|p2b: Original151|1
|-damage|p2b: Original151|0 fnt
|faint|p2b: Original151
|move|p2a: Toxapex|Toxic|p1a: Pelipper
|-status|p1a: Pelipper|tox
|
|-weather|RainDance|[upkeep]
|-heal|p2a: Toxapex|56/100 brn|[from] item: Leftovers
|-damage|p1b: Charizard|0 fnt|[from] psn
|faint|p1b: Charizard
|-damage|p1a: Pelipper|94/100 tox|[from] psn
|-damage|p2a: Toxapex|50/100g brn|[from] brn
|upkeep
|
|t:|1783972129
|switch|p1b: Grimmsnarl|Grimmsnarl, L50, M|38/100
|switch|p2b: Kingambit|Kingambit, L50, M|100/100
|turn|7
|
|t:|1783972146
|move|p1a: Pelipper|Weather Ball|p2b: Kingambit
|-damage|p2b: Kingambit|30/100
|move|p1b: Grimmsnarl|Spirit Break|p2a: Toxapex
|-resisted|p2a: Toxapex|1
|-damage|p2a: Toxapex|37/100 brn
|-unboost|p2a: Toxapex|spa|1
|move|p2b: Kingambit|Kowtow Cleave|p1a: Pelipper
|-damage|p1a: Pelipper|51/100 tox
|-damage|p2b: Kingambit|20/100y|[from] item: Life Orb
|move|p2a: Toxapex|Infestation|p1a: Pelipper
|-resisted|p1a: Pelipper|1
|-damage|p1a: Pelipper|50/100g tox
|-activate|p1a: Pelipper|move: Infestation|[of] p2a: Toxapex
|
|-weather|RainDance|[upkeep]
|-heal|p2a: Toxapex|43/100 brn|[from] item: Leftovers
|-damage|p1a: Pelipper|38/100 tox|[from] psn
|-damage|p2a: Toxapex|37/100 brn|[from] brn
|-damage|p1a: Pelipper|26/100 tox|[from] move: Infestation|[partiallytrapped]
|upkeep
|-enditem|p1a: Pelipper|Sitrus Berry|[eat]
|-heal|p1a: Pelipper|51/100 tox|[from] item: Sitrus Berry
|turn|8
|inactive|Zetababy3 has 30 seconds left.
|inactive|The RU Agenda has 30 seconds left.
|
|t:|1783972175
|-heal|p2a: Toxapex|70/100 brn|[from] ability: Regenerator|[silent]
|switch|p2a: Bumcineroar|Incineroar, L50, M|100/100
|-ability|p2a: Bumcineroar|Intimidate|boost
|-unboost|p1a: Pelipper|atk|1
|-unboost|p1b: Grimmsnarl|atk|1
|move|p2b: Kingambit|Protect|p2b: Kingambit
|-singleturn|p2b: Kingambit|Protect
|move|p1a: Pelipper|Weather Ball|p2b: Kingambit
|-activate|p2b: Kingambit|move: Protect
|move|p1b: Grimmsnarl|Spirit Break|p2b: Kingambit
|-activate|p2b: Kingambit|move: Protect
|
|-weather|RainDance|[upkeep]
|-damage|p1a: Pelipper|33/100 tox|[from] psn
|-end|p1a: Pelipper|Infestation|[partiallytrapped]|[silent]
|upkeep
|turn|9
|
|t:|1783972199
|move|p2a: Bumcineroar|Fake Out|p1a: Pelipper
|-damage|p1a: Pelipper|24/100 tox
|cant|p1a: Pelipper|flinch
|move|p1b: Grimmsnarl|Spirit Break|p2b: Kingambit
|-crit|p2b: Kingambit
|-damage|p2b: Kingambit|0 fnt
|faint|p2b: Kingambit
|
|-weather|RainDance|[upkeep]
|-damage|p1a: Pelipper|1/100 tox|[from] psn
|-sideend|p1: Zetababy3|move: Light Screen
|upkeep
|
|t:|1783972207
|switch|p2b: Toxapex|Toxapex, L50, F|70/100 brn
|turn|10
|
|t:|1783972222
|move|p1b: Grimmsnarl|Light Screen|p1b: Grimmsnarl
|-sidestart|p1: Zetababy3|move: Light Screen
|move|p1a: Pelipper|Weather Ball|p2a: Bumcineroar
|-supereffective|p2a: Bumcineroar|1
|-enditem|p2a: Bumcineroar|Passho Berry|[eat]
|-enditem|p2a: Bumcineroar|Passho Berry|[weaken]
|-damage|p2a: Bumcineroar|38/100
|move|p2a: Bumcineroar|Darkest Lariat|p1a: Pelipper
|-damage|p1a: Pelipper|0 fnt
|faint|p1a: Pelipper
|move|p2b: Toxapex|Toxic|p1b: Grimmsnarl
|-status|p1b: Grimmsnarl|tox
|
|-weather|none
|-heal|p2b: Toxapex|76/100 brn|[from] item: Leftovers
|-damage|p1b: Grimmsnarl|32/100 tox|[from] psn
|-damage|p2b: Toxapex|70/100 brn|[from] brn
|upkeep
|
|t:|1783972239
|switch|p1a: Basculegion|Basculegion, L50, M|75/100
|turn|11
|
|t:|1783972246
|move|p1a: Basculegion|Last Respects|p2a: Bumcineroar
|-resisted|p2a: Bumcineroar|1
|-damage|p2a: Bumcineroar|0 fnt
|faint|p2a: Bumcineroar
|move|p1b: Grimmsnarl|Spirit Break|p2b: Toxapex
|-resisted|p2b: Toxapex|1
|-damage|p2b: Toxapex|63/100 brn
|-unboost|p2b: Toxapex|spa|1
|move|p2b: Toxapex|Toxic|p1a: Basculegion
|-status|p1a: Basculegion|tox
|
|-heal|p2b: Toxapex|68/100 brn|[from] item: Leftovers
|-damage|p1a: Basculegion|69/100 tox|[from] psn
|-damage|p1b: Grimmsnarl|20/100y tox|[from] psn
|-damage|p2b: Toxapex|63/100 brn|[from] brn
|upkeep
|turn|12
|
|t:|1783972266
|move|p2b: Toxapex|Baneful Bunker|p2b: Toxapex
|-singleturn|p2b: Toxapex|move: Protect
|move|p1b: Grimmsnarl|Parting Shot|p2b: Toxapex
|-activate|p2b: Toxapex|move: Protect
|move|p1a: Basculegion|Last Respects|p2b: Toxapex
|-activate|p2b: Toxapex|move: Protect
|
|-heal|p2b: Toxapex|68/100 brn|[from] item: Leftovers
|-damage|p1a: Basculegion|56/100 tox|[from] psn
|-damage|p1b: Grimmsnarl|2/100 tox|[from] psn
|-damage|p2b: Toxapex|63/100 brn|[from] brn
|-sideend|p1: Zetababy3|Reflect
|upkeep
|turn|13
|
|t:|1783972282
|move|p1a: Basculegion|Last Respects|p2b: Toxapex
|-damage|p2b: Toxapex|0 fnt
|faint|p2b: Toxapex
|
|win|Zetababy3
||The RU Agenda is ready for game 2.
||Zetababy3 is ready for game 2.
|uhtml|next|Next: Game 2 of 3
|l|☆Zetababy3
|player|p1|
