|j|☆Katsuo Nakahara
|j|☆Ardeus_kurodo
|html|Katsuo NakaharaArdeus_kurodo    
|uhtml|bestof|Game 3 of a best-of-3
|t:|1783060147
|gametype|doubles
|player|p1|Katsuo Nakahara|n|
|player|p2|Ardeus_kurodo|silver|
|gen|9
|tier|[Gen 9 Champions] VGC 2026 Reg M-B (Bo3)
|rule|Species Clause: Limit one of each Pokémon
|rule|Item Clause: Limit 1 of each item
|clearpoke
|poke|p1|Staraptor, L50, M|
|poke|p1|Whimsicott, L50, F|
|poke|p1|Sinistcha, L50|
|poke|p1|Grimmsnarl, L50, M|
|poke|p1|Basculegion, L50, M|
|poke|p1|Garchomp, L50, M|
|poke|p2|Charizard, L50, M|
|poke|p2|Whimsicott, L50, F, shiny|
|poke|p2|Venusaur, L50, M|
|poke|p2|Torkoal, L50, M|
|poke|p2|Dragonite, L50, M|
|poke|p2|Rotom-Wash, L50, shiny|
|teampreview|4
|showteam|p1|Staraptor||Staraptite|Intimidate|CloseCombat,Roost,Protect,BraveBird|Jolly||M|||50|]Whimsicott||FocusSash|Prankster|Charm,FakeTears,Tailwind,Moonblast|Bold||F|||50|]Sinistcha||MentalHerb|Hospitality|StrengthSap,MatchaGotcha,RagePowder,Protect|Bold|||||50|]Grimmsnarl||Leftovers|Prankster|PartingShot,Reflect,ScaryFace,FakeTears|Calm||M|||50|]Basculegion||ChoiceScarf|SwiftSwim|FlipTurn,LastRespects,WaveCrash,AquaJet|Adamant||M|||50|]Garchomp||Garchompite|RoughSkin|Earthquake,Protect,RockSlide,Outrage|Jolly||M|||50|
|showteam|p2|Charizard||CharizarditeY|Blaze|Flamethrower,SolarBeam,ScorchingSands,Protect|Modest||M|||50|]Whimsicott||SitrusBerry|Prankster|Protect,DazzlingGleam,CottonGuard,SunnyDay|Calm||F|||50|]Venusaur||LifeOrb|Overgrow|SolarBeam,Growth,WeatherBall,SleepPowder|Timid||M|||50|]Torkoal||HeatRock|Drought|Protect,Eruption,ClearSmog,WillOWisp|Calm||M|||50|]Dragonite||ChoiceScarf|Multiscale|Outrage,ExtremeSpeed,IceSpinner,Earthquake|Adamant||M|||50|]Rotom-Wash||Leftovers|Levitate|VoltSwitch,Discharge,HydroPump,ThunderWave|Timid|||||50|
|
|t:|1783060168
|teamsize|p1|4
|teamsize|p2|4
|start
|switch|p1a: Staraptor|Staraptor, L50, M|100/100
|switch|p1b: Grimmsnarl|Grimmsnarl, L50, M|100/100
|switch|p2a: Черепашка Антон|Torkoal, L50, M|100/100
|switch|p2b: Веник|Venusaur, L50, M|100/100
|-ability|p1a: Staraptor|Intimidate|boost
|-unboost|p2a: Черепашка Антон|atk|1
|-unboost|p2b: Веник|atk|1
|-weather|SunnyDay|[from] ability: Drought|[of] p2a: Черепашка Антон
|turn|1
|
|t:|1783060200
|switch|p2b: Овечка|Whimsicott, L50, F, shiny|100/100
|detailschange|p1a: Staraptor|Staraptor-Mega, L50, M
|-mega|p1a: Staraptor|Staraptor|Staraptite
|move|p1b: Grimmsnarl|Scary Face|p1a: Staraptor
|-boost|p1a: Staraptor|spe|2
|move|p1a: Staraptor|Close Combat|p2a: Черепашка Антон
|-damage|p2a: Черепашка Антон|48/100
|-boost|p1a: Staraptor|def|1
|-boost|p1a: Staraptor|spd|1
|move|p2a: Черепашка Антон|Will-O-Wisp|p1a: Staraptor
|-status|p1a: Staraptor|brn
|
|-weather|SunnyDay|[upkeep]
|-damage|p1a: Staraptor|93/100 brn|[from] brn
|upkeep
|turn|2
|
|t:|1783060222
|move|p2a: Черепашка Антон|Protect|p2a: Черепашка Антон
|-singleturn|p2a: Черепашка Антон|Protect
|move|p2b: Овечка|Cotton Guard|p2b: Овечка
|-boost|p2b: Овечка|def|3
|move|p1b: Grimmsnarl|Parting Shot|p1a: Staraptor
|-boost|p1a: Staraptor|atk|1
|-boost|p1a: Staraptor|spa|1
|
|t:|1783060231
|switch|p1b: Whimsicott|Whimsicott, L50, F|100/100|[from] Parting Shot
|move|p1a: Staraptor|Brave Bird|p2b: Овечка
|-supereffective|p2b: Овечка|1
|-damage|p2b: Овечка|50/100g
|-damage|p1a: Staraptor|77/100 brn|[from] Recoil
|
|-weather|SunnyDay|[upkeep]
|-damage|p1a: Staraptor|70/100 brn|[from] brn
|upkeep
|turn|3
|
|t:|1783060249
|move|p1b: Whimsicott|Tailwind|p1b: Whimsicott
|-sidestart|p1: Katsuo Nakahara|move: Tailwind
|move|p1a: Staraptor|Roost|p1a: Staraptor
|-heal|p1a: Staraptor|100/100 brn
|-singleturn|p1a: Staraptor|move: Roost
|move|p2b: Овечка|Dazzling Gleam|p1a: Staraptor|[spread] p1a,p1b
|-supereffective|p1a: Staraptor|1
|-damage|p1a: Staraptor|74/100 brn
|-damage|p1b: Whimsicott|76/100
|move|p2a: Черепашка Антон|Clear Smog|p1a: Staraptor
|-damage|p1a: Staraptor|64/100 brn
|-clearboost|p1a: Staraptor
|
|-weather|SunnyDay|[upkeep]
|-damage|p1a: Staraptor|58/100 brn|[from] brn
|upkeep
|turn|4
|
|t:|1783060269
|move|p1b: Whimsicott|Charm|p1a: Staraptor
|-boost|p1a: Staraptor|atk|2
|move|p1a: Staraptor|Close Combat|p2a: Черепашка Антон
|-damage|p2a: Черепашка Антон|0 fnt
|-boost|p1a: Staraptor|def|1
|-boost|p1a: Staraptor|spd|1
|faint|p2a: Черепашка Антон
|move|p2b: Овечка|Dazzling Gleam|p1b: Whimsicott|[spread] p1a,p1b
|-supereffective|p1a: Staraptor|1
|-damage|p1a: Staraptor|29/100 brn
|-damage|p1b: Whimsicott|54/100
|
|-weather|SunnyDay|[upkeep]
|-damage|p1a: Staraptor|22/100 brn|[from] brn
|upkeep
|
|t:|1783060282
|switch|p2a: Веник|Venusaur, L50, M|100/100
|turn|5
|
|t:|1783060294
|move|p1b: Whimsicott|Fake Tears|p1a: Staraptor
|-boost|p1a: Staraptor|spd|2
|move|p1a: Staraptor|Roost|p1a: Staraptor
|-heal|p1a: Staraptor|72/100 brn
|-singleturn|p1a: Staraptor|move: Roost
|move|p2a: Веник|Growth|p2a: Веник
|-boost|p2a: Веник|atk|2
|-boost|p2a: Веник|spa|2
|move|p2b: Овечка|Dazzling Gleam|p1a: Staraptor|[spread] p1a,p1b
|-supereffective|p1a: Staraptor|1
|-damage|p1a: Staraptor|56/100 brn
|-damage|p1b: Whimsicott|32/100
|
|-weather|SunnyDay|[upkeep]
|-damage|p1a: Staraptor|50/100g brn|[from] brn
|upkeep
|turn|6
|
|t:|1783060317
|move|p1b: Whimsicott|Charm|p1a: Staraptor
|-boost|p1a: Staraptor|atk|2
|move|p1a: Staraptor|Brave Bird|p2a: Веник
|-supereffective|p2a: Веник|1
|-damage|p2a: Веник|0 fnt
|faint|p2a: Веник
|-damage|p1a: Staraptor|18/100 brn|[from] Recoil
|move|p2b: Овечка|Dazzling Gleam|p1b: Whimsicott|[spread] p1a,p1b
|-supereffective|p1a: Staraptor|1
|-damage|p1a: Staraptor|2/100 brn
|-damage|p1b: Whimsicott|8/100
|
|-weather|SunnyDay|[upkeep]
|-damage|p1a: Staraptor|0 fnt|[from] brn
|faint|p1a: Staraptor
|-sideend|p1: Katsuo Nakahara|move: Tailwind
|upkeep
|
|t:|1783060332
|switch|p1a: Garchomp|Garchomp, L50, M|100/100
|switch|p2a: Лизард Младший|Charizard, L50, M|100/100
|turn|7
|
|t:|1783060347
|move|p2a: Лизард Младший|Protect|p2a: Лизард Младший
|-singleturn|p2a: Лизард Младший|Protect
|move|p1b: Whimsicott|Tailwind|p1b: Whimsicott
|-sidestart|p1: Katsuo Nakahara|move: Tailwind
|move|p1a: Garchomp|Rock Slide|p2b: Овечка|[spread] p2b
|-activate|p2a: Лизард Младший|move: Protect
|-damage|p2b: Овечка|41/100
|-enditem|p2b: Овечка|Sitrus Berry|[eat]
|-heal|p2b: Овечка|65/100|[from] item: Sitrus Berry
|move|p2b: Овечка|Dazzling Gleam|p1b: Whimsicott|[spread] p1a,p1b
|-supereffective|p1a: Garchomp|1
|-damage|p1a: Garchomp|63/100
|-damage|p1b: Whimsicott|0 fnt
|faint|p1b: Whimsicott
|
|-weather|SunnyDay|[upkeep]
|upkeep
|
|t:|1783060358
|switch|p1b: Grimmsnarl|Grimmsnarl, L50, M|100/100
|turn|8
|
|t:|1783060380
|move|p2a: Лизард Младший|Protect|p2a: Лизард Младший
|-singleturn|p2a: Лизард Младший|Protect
|move|p1b: Grimmsnarl|Reflect|p1b: Grimmsnarl
|-sidestart|p1: Katsuo Nakahara|Reflect
|move|p1a: Garchomp|Rock Slide|p2a: Лизард Младший|[spread] p2b
|-activate|p2a: Лизард Младший|move: Protect
|-damage|p2b: Овечка|56/100
|move|p2b: Овечка|Dazzling Gleam|p1b: Grimmsnarl|[spread] p1a,p1b
|-supereffective|p1a: Garchomp|1
|-supereffective|p1b: Grimmsnarl|1
|-crit|p1b: Grimmsnarl
|-damage|p1a: Garchomp|26/100
|-damage|p1b: Grimmsnarl|58/100
|
|-weather|none
|-heal|p1b: Grimmsnarl|64/100|[from] item: Leftovers
|upkeep
|turn|9
|
|t:|1783060403
|detailschange|p2a: Лизард Младший|Charizard-Mega-Y, L50, M
|-mega|p2a: Лизард Младший|Charizard|Charizardite Y
|-weather|SunnyDay|[from] ability: Drought|[of] p2a: Лизард Младший
|move|p1b: Grimmsnarl|Scary Face|p2a: Лизард Младший
|-unboost|p2a: Лизард Младший|spe|2
|move|p1a: Garchomp|Outrage|p2a: Лизард Младший
|-damage|p2a: Лизард Младший|20/100y
|move|p2b: Овечка|Dazzling Gleam|p1a: Garchomp|[spread] p1a,p1b
|-supereffective|p1a: Garchomp|1
|-supereffective|p1b: Grimmsnarl|1
|-damage|p1a: Garchomp|0 fnt
|-damage|p1b: Grimmsnarl|36/100
|faint|p1a: Garchomp
|move|p2a: Лизард Младший|Solar Beam||[still]
|-prepare|p2a: Лизард Младший|Solar Beam
|-anim|p2a: Лизард Младший|Solar Beam|p1b: Grimmsnarl
|-damage|p1b: Grimmsnarl|0 fnt
|faint|p1b: Grimmsnarl
|
|win|Ardeus_kurodo
|l|☆Katsuo Nakahara
|player|p1|
