|j|☆MrMrvz
|j|☆thebrickwall285
|html|MrMrvzthebrickwall285    
|uhtml|bestof|Game 1 of a best-of-3
|t:|1785441738
|gametype|doubles
|player|p1|MrMrvz|ethan|1147
|player|p2|thebrickwall285|101|1118
|gen|9
|tier|[Gen 9 Champions] VGC 2026 Reg M-B (Bo3)
|rated|
|rule|Species Clause: Limit one of each Pokémon
|rule|Item Clause: Limit 1 of each item
|clearpoke
|poke|p1|Feraligatr, L50, M, shiny|
|poke|p1|Staraptor, L50, M|
|poke|p1|Whimsicott, L50, M|
|poke|p1|Glimmora, L50, F|
|poke|p1|Delphox, L50, F|
|poke|p1|Kingambit, L50, M, shiny|
|poke|p2|Scovillain, L50, F|
|poke|p2|Aerodactyl, L50, M|
|poke|p2|Sylveon, L50, F|
|poke|p2|Salazzle, L50, F|
|poke|p2|Meowstic, L50, M|
|poke|p2|Kingambit, L50, M|
|teampreview|4
|showteam|p1|Feraligatr||LifeOrb|SheerForce|Liquidation,RockSlide,IcePunch,AquaJet|Adamant||M|||50|]Staraptor||Staraptite|Intimidate|BraveBird,CloseCombat,Roost,Protect|Jolly||M|||50|]Whimsicott||OccaBerry|Prankster|Tailwind,Moonblast,Charm,LightScreen|Timid||M|||50|]Glimmora||FocusSash|ToxicDebris|PowerGem,SludgeBomb,EarthPower,SpikyShield|Modest||F|||50|]Delphox||Delphoxite|Blaze|HeatWave,Psychic,Encore,Protect|Timid||F|||50|]Kingambit||ChopleBerry|Defiant|KowtowCleave,IronHead,LowKick,SuckerPunch|Adamant||M|||50|
|showteam|p2|Scovillain||Scovillainite|Chlorophyll|Flamethrower,GigaDrain,RagePowder,LeechSeed|Modest||F|||50|]Aerodactyl||Aerodactylite|RockHead|DragonClaw,Tailwind,DualWingbeat,RockSlide|Jolly||M|||50|]Sylveon||SitrusBerry|Pixilate|CalmMind,Protect,HyperVoice,ShadowBall|Modest||F|||50|]Salazzle||ShellBell|Corrosion|FakeOut,Flamethrower,SludgeBomb,Toxic|Hasty||F|||50|]Meowstic||FocusSash|Prankster|FakeOut,TrickRoom,Psychic,SunnyDay|Sassy||M|||50|]Kingambit||Leftovers|Defiant|IronHead,LowKick,SuckerPunch,KowtowCleave|Adamant||M|||50|
|j| Agent_999_999
|
|t:|1785441786
|teamsize|p1|4
|teamsize|p2|4
|start
|switch|p1a: Whimsicott|Whimsicott, L50, M|100/100
|switch|p1b: Glimmora|Glimmora, L50, F|100/100
|switch|p2a: Salazzle|Salazzle, L50, F|100/100
|switch|p2b: Aerodactyl|Aerodactyl, L50, M|100/100
|turn|1
|
|t:|1785441828
|detailschange|p2b: Aerodactyl|Aerodactyl-Mega, L50, M
|-mega|p2b: Aerodactyl|Aerodactyl|Aerodactylite
|move|p2a: Salazzle|Fake Out|p1b: Glimmora
|-resisted|p1b: Glimmora|1
|-damage|p1b: Glimmora|96/100
|-activate|p1b: Glimmora|ability: Toxic Debris
|-sidestart|p2: thebrickwall285|move: Toxic Spikes
|move|p1a: Whimsicott|Tailwind|p1a: Whimsicott
|-sidestart|p1: MrMrvz|move: Tailwind
|cant|p1b: Glimmora|flinch
|move|p2b: Aerodactyl|Dual Wingbeat|p1a: Whimsicott
|-supereffective|p1a: Whimsicott|1
|-damage|p1a: Whimsicott|47/100
|-supereffective|p1a: Whimsicott|1
|-damage|p1a: Whimsicott|0 fnt
|faint|p1a: Whimsicott
|-hitcount|p1: Whimsicott|2
|
|upkeep
|
|t:|1785441844
|switch|p1a: Feraligatr|Feraligatr, L50, M, shiny|100/100
|turn|2
|
|t:|1785441855
|switch|p2b: Sylveon|Sylveon, L50, F|100/100
|-status|p2b: Sylveon|psn
|switch|p2a: Kingambit|Kingambit, L50, M|100/100
|move|p1b: Glimmora|Power Gem|p2b: Sylveon
|-damage|p2b: Sylveon|68/100 psn
|move|p1a: Feraligatr|Liquidation|p2a: Kingambit
|-damage|p2a: Kingambit|50/100g
|
|-heal|p2a: Kingambit|56/100|[from] item: Leftovers
|-damage|p2b: Sylveon|56/100 psn|[from] psn
|upkeep
|turn|3
|
|t:|1785441879
|move|p1b: Glimmora|Earth Power|p2a: Kingambit
|-supereffective|p2a: Kingambit|1
|-damage|p2a: Kingambit|0 fnt
|faint|p2a: Kingambit
|move|p1a: Feraligatr|Liquidation|p2b: Sylveon
|-damage|p2b: Sylveon|0 fnt
|faint|p2b: Sylveon
|
|upkeep
|
|t:|1785441888
|switch|p2b: Aerodactyl|Aerodactyl-Mega, L50, M|100/100
|switch|p2a: Salazzle|Salazzle, L50, F|100/100
|-sideend|p2: thebrickwall285|move: Toxic Spikes|[of] p2a: Salazzle
|turn|4
|
|t:|1785441912
|move|p2a: Salazzle|Fake Out|p1a: Feraligatr
|-damage|p1a: Feraligatr|93/100
|move|p1b: Glimmora|Power Gem|p2b: Aerodactyl
|-supereffective|p2b: Aerodactyl|1
|-damage|p2b: Aerodactyl|0 fnt
|faint|p2b: Aerodactyl
|cant|p1a: Feraligatr|flinch
|
|-sideend|p1: MrMrvz|move: Tailwind
|upkeep
|turn|5
|l| Agent_999_999
|
|t:|1785441924
|move|p2a: Salazzle|Toxic|p1a: Feraligatr
|-status|p1a: Feraligatr|tox
|move|p1b: Glimmora|Power Gem|p2a: Salazzle
|-supereffective|p2a: Salazzle|1
|-damage|p2a: Salazzle|0 fnt
|faint|p2a: Salazzle
|
|win|MrMrvz
||thebrickwall285 is ready for game 2.
