|j|☆Luna_walking
|j|☆etgstre
|html|Luna_walkingetgstre    
|uhtml|bestof|Game 3 of a best-of-3
|t:|1756051200
|gametype|doubles
|player|p1|Luna_walking|265|1220
|player|p2|etgstre|170|1159
|gen|9
|tier|[Gen 9] VGC 2025 Reg H (Bo3)
|rated|
|rule|Species Clause: Limit one of each Pokémon
|rule|Item Clause: Limit 1 of each item
|clearpoke
|poke|p1|Gholdengo, L50|
|poke|p1|Incineroar, L50, M|
|poke|p1|Amoonguss, L50, M|
|poke|p1|Archaludon, L50, F|
|poke|p1|Pelipper, L50, F|
|poke|p1|Basculegion, L50, M|
|poke|p2|Sneasler, L50, M|
|poke|p2|Basculegion, L50, M|
|poke|p2|Pelipper, L50, M|
|poke|p2|Amoonguss, L50, M|
|poke|p2|Kingambit, L50, M|
|poke|p2|Archaludon, L50, M|
|teampreview|4
|showteam|p1|Gholdengo||LifeOrb|GoodasGold|MakeItRain,ShadowBall,NastyPlot,Protect||||||50|,,,,,Water]Incineroar||SafetyGoggles|Intimidate|FlareBlitz,KnockOff,PartingShot,FakeOut|||M|||50|,,,,,Ghost]Amoonguss||SitrusBerry|Regenerator|PollenPuff,Spore,RagePowder,Protect|||M|||50|,,,,,Psychic]Archaludon||AssaultVest|Stamina|DragonPulse,FlashCannon,ElectroShot,BodyPress|||F|||50|,,,,,Bug]Pelipper||FocusSash|Drizzle|WeatherBall,Hurricane,Tailwind,Protect|||F|||50|,,,,,Ground]Basculegion||ChoiceBand|SwiftSwim|WaveCrash,LastRespects,FlipTurn,AquaJet|||M|||50|,,,,,Water
|showteam|p2|Sneasler||FocusSash|Unburden|DireClaw,CloseCombat,FakeOut,Protect|||M|||50|,,,,,Stellar]Basculegion||LifeOrb|SwiftSwim|WaveCrash,LastRespects,AquaJet,Protect|||M|||50|,,,,,Water]Pelipper||CovertCloak|Drizzle|WeatherBall,Hurricane,Tailwind,Protect|||M|||50|,,,,,Electric]Amoonguss||RockyHelmet|Regenerator|PollenPuff,ClearSmog,Spore,RagePowder|||M|||50|,,,,,Ghost]Kingambit||BlackGlasses|Defiant|KowtowCleave,SuckerPunch,SwordsDance,Protect|||M|||50|,,,,,Dark]Archaludon||AssaultVest|Stamina|DragonPulse,ElectroShot,FlashCannon,BodyPress|||M|||50|,,,,,Grass
|inactive|Battle timer is ON: inactive players will automatically lose when time's up. (requested by etgstre)
|inactive|Luna_walking has 60 seconds left.
|inactive|etgstre has 60 seconds left.
|inactive|etgstre has 30 seconds left.
|
|t:|1756051266
|teamsize|p1|4
|teamsize|p2|4
|start
|switch|p1a: Incineroar|Incineroar, L50, M, shiny|100/100
|switch|p1b: Archaludon|Archaludon, L50, F, shiny|100/100
|switch|p2a: Sneasler|Sneasler, L50, M|100/100
|switch|p2b: Amoonguss|Amoonguss, L50, M|100/100
|-ability|p1a: Incineroar|Intimidate|boost
|-unboost|p2a: Sneasler|atk|1
|-unboost|p2b: Amoonguss|atk|1
|turn|1
|
|t:|1756051285
|switch|p2a: Archaludon|Archaludon, L50, M|100/100
|-terastallize|p2b: Amoonguss|Ghost
|move|p1b: Archaludon|Electro Shot||[still]
|-prepare|p1b: Archaludon|Electro Shot
|-boost|p1b: Archaludon|spa|1
|move|p1a: Incineroar|Flare Blitz|p2b: Amoonguss
|-damage|p2b: Amoonguss|66/100
|-damage|p1a: Incineroar|84/100|[from] item: Rocky Helmet|[of] p2b: Amoonguss
|-damage|p1a: Incineroar|72/100|[from] Recoil
|move|p2b: Amoonguss|Spore|p1b: Archaludon
|-status|p1b: Archaludon|slp|[from] move: Spore
|
|upkeep
|turn|2
|
|t:|1756051303
|switch|p2b: Sneasler|Sneasler, L50, M|100/100
|cant|p1b: Archaludon|slp
|move|p2a: Archaludon|Body Press|p1a: Incineroar
|-supereffective|p1a: Incineroar
|-damage|p1a: Incineroar|27/100
|move|p1a: Incineroar|Parting Shot|p2a: Archaludon
|-unboost|p2a: Archaludon|atk|1
|-unboost|p2a: Archaludon|spa|1
|
|t:|1756051317
|switch|p1a: Pelipper|Pelipper, L50, F, shiny|100/100|[from] Parting Shot
|-weather|RainDance|[from] ability: Drizzle|[of] p1a: Pelipper
|
|-weather|RainDance|[upkeep]
|upkeep
|turn|3
|inactive|Luna_walking has 30 seconds left.
|
|t:|1756051346
|-terastallize|p1b: Archaludon|Bug
|move|p2b: Sneasler|Dire Claw|p1a: Pelipper
|-damage|p1a: Pelipper|40/100
|-status|p1a: Pelipper|psn
|-curestatus|p1b: Archaludon|slp|[msg]
|move|p1b: Archaludon|Electro Shot||[still]
|-prepare|p1b: Archaludon|Electro Shot
|-boost|p1b: Archaludon|spa|1
|-anim|p1b: Archaludon|Electro Shot|p2b: Sneasler
|-enditem|p2b: Sneasler|Focus Sash
|-damage|p2b: Sneasler|1/100
|move|p2a: Archaludon|Dragon Pulse|p1a: Pelipper
|-damage|p1a: Pelipper|0 fnt
|faint|p1a: Pelipper
|
|-weather|RainDance|[upkeep]
|upkeep
|
|t:|1756051362
|switch|p1a: Incineroar|Incineroar, L50, M, shiny|27/100
|-ability|p1a: Incineroar|Intimidate|boost
|-unboost|p2a: Archaludon|atk|1
|-unboost|p2b: Sneasler|atk|1
|turn|4
|inactive|Luna_walking has 30 seconds left.
|
|t:|1756051389
|switch|p2a: Kingambit|Kingambit, L50, M|100/100
|move|p2b: Sneasler|Protect|p2b: Sneasler
|-singleturn|p2b: Sneasler|Protect
|move|p1a: Incineroar|Fake Out|p2a: Kingambit
|-resisted|p2a: Kingambit
|-damage|p2a: Kingambit|96/100
|move|p1b: Archaludon|Electro Shot||[still]
|-prepare|p1b: Archaludon|Electro Shot
|-boost|p1b: Archaludon|spa|1
|-anim|p1b: Archaludon|Electro Shot|p2a: Kingambit
|-damage|p2a: Kingambit|7/100
|
|-weather|RainDance|[upkeep]
|upkeep
|turn|5
|
|t:|1756051413
|move|p2a: Kingambit|Sucker Punch|p1b: Archaludon
|-damage|p1b: Archaludon|67/100
|-ability|p1b: Archaludon|Stamina|boost
|-boost|p1b: Archaludon|def|1
|move|p2b: Sneasler|Dire Claw|p1b: Archaludon
|-damage|p1b: Archaludon|54/100
|-status|p1b: Archaludon|par
|-ability|p1b: Archaludon|Stamina|boost
|-boost|p1b: Archaludon|def|1
|move|p1a: Incineroar|Flare Blitz|p2b: Sneasler
|-damage|p2b: Sneasler|0 fnt
|faint|p2b: Sneasler
|-damage|p1a: Incineroar|26/100|[from] Recoil
|move|p1b: Archaludon|Electro Shot||[still]
|-prepare|p1b: Archaludon|Electro Shot
|-boost|p1b: Archaludon|spa|1
|-anim|p1b: Archaludon|Electro Shot|p2a: Kingambit
|-damage|p2a: Kingambit|0 fnt
|faint|p2a: Kingambit
|
|-weather|RainDance|[upkeep]
|upkeep
|
|t:|1756051418
|switch|p2b: Archaludon|Archaludon, L50, M|100/100
|switch|p2a: Amoonguss|Amoonguss, L50, M, tera:Ghost|99/100
|turn|6
|inactive|Luna_walking has 30 seconds left.
|inactive|Luna_walking has 20 seconds left.
|
|t:|1756051454
|move|p2b: Archaludon|Electro Shot||[still]
|-prepare|p2b: Archaludon|Electro Shot
|-boost|p2b: Archaludon|spa|1
|-anim|p2b: Archaludon|Electro Shot|p1a: Incineroar
|-damage|p1a: Incineroar|0 fnt
|faint|p1a: Incineroar
|cant|p1b: Archaludon|par
|move|p2a: Amoonguss|Clear Smog|p1b: Archaludon
|-damage|p1b: Archaludon|43/100 par
|-clearboost|p1b: Archaludon
|-ability|p1b: Archaludon|Stamina|boost
|-boost|p1b: Archaludon|def|1
|
|-weather|none
|upkeep
|
|t:|1756051467
|switch|p1a: Basculegion|Basculegion, L50, M, shiny|100/100
|turn|7
|inactive|Luna_walking has 30 seconds left.
|
|t:|1756051492
|move|p1a: Basculegion|Last Respects|p2b: Archaludon
|-damage|p2b: Archaludon|12/100
|-ability|p2b: Archaludon|Stamina|boost
|-boost|p2b: Archaludon|def|1
|move|p2b: Archaludon|Dragon Pulse|p1a: Basculegion
|-damage|p1a: Basculegion|34/100
|cant|p1b: Archaludon|par
|move|p2a: Amoonguss|Spore|p1a: Basculegion
|-status|p1a: Basculegion|slp|[from] move: Spore
|
|upkeep
|turn|8
|
|t:|1756051512
|cant|p1a: Basculegion|slp
|move|p2b: Archaludon|Dragon Pulse|p1b: Archaludon
|-damage|p1b: Archaludon|0 fnt
|faint|p1b: Archaludon
|move|p2a: Amoonguss|Pollen Puff|p2b: Archaludon
|-heal|p2b: Archaludon|61/100
|
|upkeep
|turn|9
|
|t:|1756051522
|move|p2a: Amoonguss|Rage Powder|p2a: Amoonguss
|-singleturn|p2a: Amoonguss|move: Rage Powder
|cant|p1a: Basculegion|slp
|move|p2b: Archaludon|Dragon Pulse|p1a: Basculegion
|-damage|p1a: Basculegion|0 fnt
|faint|p1a: Basculegion
|
|win|etgstre
|raw|Luna_walking's rating: 1220 → 1191(-29 for losing)
|raw|etgstre's rating: 1159 → 1188(+29 for winning)
