|j|☆T8mcrae
|j|☆Zengikk
|html|T8mcraeZengikk    
|uhtml|bestof|Game 1 of a best-of-3
|t:|1756937485
|gametype|doubles
|player|p1|T8mcrae|169|1193
|player|p2|Zengikk|giovanni|1162
|gen|9
|tier|[Gen 9] VGC 2025 Reg H (Bo3)
|rated|
|rule|Species Clause: Limit one of each Pokémon
|rule|Item Clause: Limit 1 of each item
|clearpoke
|poke|p1|Annihilape, L50, F|
|poke|p1|Primarina, L50, F|
|poke|p1|Gholdengo, L50|
|poke|p1|Maushold, L50|
|poke|p1|Vivillon-Ocean, L50, F|
|poke|p1|Rillaboom, L50, M|
|poke|p2|Sneasler, L50, F|
|poke|p2|Dragapult, L50, M|
|poke|p2|Primarina, L50, M|
|poke|p2|Rillaboom, L50, M|
|poke|p2|Kingambit, L50, M|
|poke|p2|Magmar, L50, F|
|teampreview|4
|showteam|p1|Annihilape||SafetyGoggles|Defiant|RageFist,DrainPunch,BulkUp,Protect|||F|||50|,,,,,Fire]Primarina||SitrusBerry|LiquidVoice|HyperVoice,Moonblast,Haze,Protect|||F|||50|,,,,,Water]Gholdengo||LifeOrb|GoodasGold|MakeItRain,ShadowBall,NastyPlot,Protect||||||50|,,,,,Dragon]Maushold||WideLens|FriendGuard|PopulationBomb,FollowMe,BeatUp,Protect||||||50|,,,,,Grass]Vivillon-Ocean||FocusSash|CompoundEyes|Hurricane,SleepPowder,Tailwind,Protect|||F|||50|,,,,,Ghost]Rillaboom||AssaultVest|GrassySurge|FakeOut,GrassyGlide,DrumBeating,HighHorsepower|||M|||50|,,,,,Fire
|showteam|p2|Sneasler||FocusSash|PoisonTouch|CloseCombat,DireClaw,FakeOut,Protect|||F|||50|,,,,,Stellar]Dragapult||ChoiceBand|ClearBody|DragonDarts,TeraBlast,PhantomForce,Uturn|||M|||50|,,,,,Ghost]Primarina||SitrusBerry|LiquidVoice|HyperVoice,Moonblast,Haze,Protect|||M|||50|,,,,,Water]Rillaboom||AssaultVest|GrassySurge|WoodHammer,GrassyGlide,HighHorsepower,FakeOut|||M|||50|,,,,,Fire]Kingambit||BlackGlasses|Defiant|KowtowCleave,SuckerPunch,SwordsDance,Protect|||M|||50|,,,,,Ghost]Magmar||Eviolite|VitalSpirit|Overheat,WillOWisp,FollowMe,Protect|||F|||50|,,,,,Ghost
|inactive|Battle timer is ON: inactive players will automatically lose when time's up. (requested by Zengikk)
|
|t:|1756937518
|teamsize|p1|4
|teamsize|p2|4
|start
|switch|p1a: Maushold|Maushold, L50, shiny|100/100
|switch|p1b: Gholdengo|Gholdengo, L50|100/100
|switch|p2a: Sneasler|Sneasler, L50, F|100/100
|switch|p2b: Kingambit|Kingambit, L50, M|100/100
|turn|1
|inactive|T8mcrae has 30 seconds left.
|
|t:|1756937548
|-terastallize|p1a: Maushold|Grass
|move|p2a: Sneasler|Fake Out|p1a: Maushold
|-damage|p1a: Maushold|78/100
|-status|p1a: Maushold|psn|[from] ability: Poison Touch|[of] p2a: Sneasler
|cant|p1a: Maushold|flinch
|move|p1b: Gholdengo|Nasty Plot|p1b: Gholdengo
|-boost|p1b: Gholdengo|spa|2
|move|p2b: Kingambit|Kowtow Cleave|p1b: Gholdengo
|-supereffective|p1b: Gholdengo
|-damage|p1b: Gholdengo|12/100
|
|-damage|p1a: Maushold|66/100 psn|[from] psn
|upkeep
|turn|2
|inactive|T8mcrae has 30 seconds left.
|
|t:|1756937579
|switch|p2a: Magmar|Magmar, L50, F|100/100
|switch|p1a: Annihilape|Annihilape, L50, F, shiny|100/100
|move|p2b: Kingambit|Sucker Punch|p1b: Gholdengo
|-supereffective|p1b: Gholdengo
|-damage|p1b: Gholdengo|0 fnt
|faint|p1b: Gholdengo
|
|upkeep
|
|t:|1756937589
|switch|p1b: Primarina|Primarina, L50, F|100/100
|turn|3
|
|t:|1756937603
|move|p2b: Kingambit|Protect|p2b: Kingambit
|-singleturn|p2b: Kingambit|Protect
|move|p1a: Annihilape|Bulk Up|p1a: Annihilape
|-boost|p1a: Annihilape|atk|1
|-boost|p1a: Annihilape|def|1
|move|p2a: Magmar|Will-O-Wisp|p1a: Annihilape
|-status|p1a: Annihilape|brn
|move|p1b: Primarina|Hyper Voice|p2b: Kingambit|[spread] p2a
|-activate|p2b: Kingambit|move: Protect
|-supereffective|p2a: Magmar
|-damage|p2a: Magmar|50/100
|
|-damage|p1a: Annihilape|94/100 brn|[from] brn
|upkeep
|turn|4
|inactive|Zengikk has 30 seconds left.
|
|t:|1756937630
|move|p1a: Annihilape|Bulk Up|p1a: Annihilape
|-boost|p1a: Annihilape|atk|1
|-boost|p1a: Annihilape|def|1
|move|p2a: Magmar|Overheat|p1a: Annihilape
|-damage|p1a: Annihilape|46/100 brn
|-unboost|p2a: Magmar|spa|2
|move|p1b: Primarina|Hyper Voice|p2b: Kingambit|[spread] p2a,p2b
|-supereffective|p2a: Magmar
|-damage|p2a: Magmar|4/100
|-damage|p2b: Kingambit|73/100
|move|p2b: Kingambit|Kowtow Cleave|p1b: Primarina
|-resisted|p1b: Primarina
|-damage|p1b: Primarina|73/100
|
|-damage|p1a: Annihilape|40/100 brn|[from] brn
|upkeep
|turn|5
|
|t:|1756937653
|move|p2a: Magmar|Protect|p2a: Magmar
|-singleturn|p2a: Magmar|Protect
|move|p2b: Kingambit|Protect|p2b: Kingambit
|-singleturn|p2b: Kingambit|Protect
|move|p1a: Annihilape|Drain Punch|p2b: Kingambit
|-activate|p2b: Kingambit|move: Protect
|move|p1b: Primarina|Hyper Voice|p2b: Kingambit|[spread] 
|-activate|p2a: Magmar|move: Protect
|-activate|p2b: Kingambit|move: Protect
|
|-damage|p1a: Annihilape|34/100 brn|[from] brn
|upkeep
|turn|6
|
|t:|1756937676
|-terastallize|p2b: Kingambit|Ghost
|move|p1a: Annihilape|Protect|p1a: Annihilape
|-singleturn|p1a: Annihilape|Protect
|move|p2a: Magmar|Follow Me|p2a: Magmar
|-singleturn|p2a: Magmar|move: Follow Me
|move|p1b: Primarina|Hyper Voice|p2a: Magmar|[spread] p2a,p2b
|-supereffective|p2a: Magmar
|-damage|p2a: Magmar|0 fnt
|-damage|p2b: Kingambit|42/100
|faint|p2a: Magmar
|move|p2b: Kingambit|Swords Dance|p2b: Kingambit
|-boost|p2b: Kingambit|atk|2
|
|-damage|p1a: Annihilape|27/100 brn|[from] brn
|upkeep
|
|t:|1756937691
|switch|p2a: Sneasler|Sneasler, L50, F|100/100
|turn|7
|inactive|T8mcrae has 30 seconds left.
|
|t:|1756937716
|switch|p1b: Maushold|Maushold, L50, shiny, tera:Grass|66/100 psn
|move|p2a: Sneasler|Fake Out|p1b: Maushold
|-damage|p1b: Maushold|45/100 psn
|move|p2b: Kingambit|Sucker Punch|p1a: Annihilape
|-damage|p1a: Annihilape|0 fnt
|faint|p1a: Annihilape
|
|-damage|p1b: Maushold|33/100 psn|[from] psn
|upkeep
|
|t:|1756937724
|switch|p1a: Primarina|Primarina, L50, F|73/100
|turn|8
|
|t:|1756937737
|move|p2b: Kingambit|Protect|p2b: Kingambit
|-singleturn|p2b: Kingambit|Protect
|move|p1b: Maushold|Follow Me|p1b: Maushold
|-singleturn|p1b: Maushold|move: Follow Me
|move|p2a: Sneasler|Dire Claw|p1b: Maushold
|-supereffective|p1b: Maushold
|-damage|p1b: Maushold|0 fnt
|faint|p1b: Maushold
|move|p1a: Primarina|Hyper Voice|p2b: Kingambit|[spread] p2a
|-activate|p2b: Kingambit|move: Protect
|-damage|p2a: Sneasler|58/100
|
|upkeep
|turn|9
|
|t:|1756937755
|move|p2a: Sneasler|Dire Claw|p1a: Primarina
|-supereffective|p1a: Primarina
|-damage|p1a: Primarina|0 fnt
|faint|p1a: Primarina
|
|win|Zengikk
||T8mcrae is ready for game 2.
||Zengikk is ready for game 2.
|uhtml|next|Next: Game 2 of 3
