|j|☆MaxwellBaker
|j|☆CrawlingKingSnake
|html|MaxwellBakerCrawlingKingSnake    
|uhtml|bestof|Game 1 of a best-of-3
|t:|1784835881
|gametype|doubles
|player|p1|MaxwellBaker|102|1140
|player|p2|CrawlingKingSnake|kamado-armor|1079
|gen|9
|tier|[Gen 9 Champions] VGC 2026 Reg M-B (Bo3)
|rated|
|rule|Species Clause: Limit one of each Pokémon
|rule|Item Clause: Limit 1 of each item
|clearpoke
|poke|p1|Decidueye-Hisui, L50, F|
|poke|p1|Florges, L50, F|
|poke|p1|Raichu, L50, F|
|poke|p1|Incineroar, L50, M|
|poke|p1|Staraptor, L50, F|
|poke|p1|Milotic, L50, M|
|poke|p2|Floette-Eternal, L50, F|
|poke|p2|Palafin, L50, M, shiny|
|poke|p2|Incineroar, L50, M|
|poke|p2|Toxapex, L50, F|
|poke|p2|Delphox, L50, M|
|poke|p2|Kingambit, L50, M|
|teampreview|4
|showteam|p1|Decidueye-Hisui||ScopeLens|Scrappy|TripleArrows,LeafBlade,SuckerPunch,Protect|Jolly||F|||50|]Florges||LifeOrb|FlowerVeil|Moonblast,Psychic,PollenPuff,Protect|Modest||F|||50|]Raichu||RaichuniteY|LightningRod|FakeOut,ZapCannon,FocusBlast,Protect|Timid||F|||50|]Incineroar||SitrusBerry|Intimidate|FakeOut,FlareBlitz,ThroatChop,PartingShot|Careful||M|||50|]Staraptor||Staraptite|Intimidate|BraveBird,CloseCombat,Tailwind,Protect|Jolly||F|||50|]Milotic||Leftovers|Competitive|Scald,IceBeam,Haze,Protect|Bold||M|||50|
|showteam|p2|Floette-Eternal||Floettite|FlowerVeil|DazzlingGleam,DrainingKiss,CalmMind,Protect|Modest||F|||50|]Palafin||LifeOrb|ZerotoHero|WaveCrash,JetPunch,CloseCombat,Protect|Adamant||M|||50|]Incineroar||SitrusBerry|Intimidate|FlareBlitz,FakeOut,DarkestLariat,PartingShot|Careful||M|||50|]Toxapex||Leftovers|Regenerator|Infestation,Toxic,WideGuard,BanefulBunker|Bold||F|||50|]Delphox||Delphoxite|Blaze|HeatWave,Psychic,NastyPlot,Protect|Timid||M|||50|]Kingambit||FocusSash|Defiant|KowtowCleave,SuckerPunch,IronHead,LowKick|Adamant||M|||50|
|inactive|Battle timer is ON: inactive players will automatically lose when time's up. (requested by CrawlingKingSnake)
|inactive|MaxwellBaker has 60 seconds left.
|inactive|CrawlingKingSnake has 60 seconds left.
|inactive|CrawlingKingSnake has 30 seconds left.
|
|t:|1784835952
|teamsize|p1|4
|teamsize|p2|4
|start
|switch|p1a: Raichu|Raichu, L50, F|100/100
|switch|p1b: Staraptor|Staraptor, L50, F|100/100
|switch|p2a: Floette|Floette-Eternal, L50, F|100/100
|switch|p2b: Kingambit|Kingambit, L50, M|100/100
|-ability|p1b: Staraptor|Intimidate|boost
|-unboost|p2a: Floette|atk|1
|-unboost|p2b: Kingambit|atk|1
|-ability|p2b: Kingambit|Defiant|boost
|-boost|p2b: Kingambit|atk|2
|turn|1
|inactive|MaxwellBaker has 30 seconds left.
|inactive|MaxwellBaker has 20 seconds left.
|inactive|CrawlingKingSnake has 30 seconds left.
|inactive|MaxwellBaker has 15 seconds left.
|inactive|MaxwellBaker has 10 seconds left.
|
|t:|1784836000
|switch|p2b: Incineroar|Incineroar, L50, M|100/100
|-ability|p2b: Incineroar|Intimidate|boost
|-unboost|p1a: Raichu|atk|1
|-unboost|p1b: Staraptor|atk|1
|detailschange|p2a: Floette|Floette-Mega, L50, F
|-mega|p2a: Floette|Floette|Floettite
|-ability|p2a: Floette|Fairy Aura
|move|p1a: Raichu|Fake Out|p2b: Incineroar
|-damage|p2b: Incineroar|95/100
|move|p1b: Staraptor|Close Combat|p2b: Incineroar
|-supereffective|p2b: Incineroar|1
|-damage|p2b: Incineroar|56/100
|-unboost|p1b: Staraptor|def|1
|-unboost|p1b: Staraptor|spd|1
|move|p2a: Floette|Dazzling Gleam|p1a: Raichu|[spread] p1a,p1b
|-damage|p1a: Raichu|36/100
|-damage|p1b: Staraptor|11/100
|
|upkeep
|turn|2
|
|t:|1784836023
|switch|p1b: Incineroar|Incineroar, L50, M|100/100
|-ability|p1b: Incineroar|Intimidate|boost
|-unboost|p2a: Floette|atk|1
|-unboost|p2b: Incineroar|atk|1
|move|p1a: Raichu|Protect|p1a: Raichu
|-singleturn|p1a: Raichu|Protect
|move|p2b: Incineroar|Fake Out|p1a: Raichu
|-activate|p1a: Raichu|move: Protect
|move|p2a: Floette|Dazzling Gleam|p1a: Raichu|[spread] p1b
|-activate|p1a: Raichu|move: Protect
|-damage|p1b: Incineroar|65/100
|
|upkeep
|turn|3
|inactive|MaxwellBaker has 30 seconds left.
|inactive|CrawlingKingSnake has 30 seconds left.
|
|t:|1784836057
|switch|p2b: Toxapex|Toxapex, L50, F|100/100
|detailschange|p1a: Raichu|Raichu-Mega-Y, L50, F
|-mega|p1a: Raichu|Raichu|Raichunite Y
|move|p1b: Incineroar|Fake Out|p2b: Toxapex
|-damage|p2b: Toxapex|92/100
|move|p1a: Raichu|Zap Cannon|p2a: Floette
|-damage|p2a: Floette|52/100
|-status|p2a: Floette|par
|move|p2a: Floette|Dazzling Gleam|p1b: Incineroar|[spread] p1a,p1b
|-damage|p1a: Raichu|0 fnt
|-damage|p1b: Incineroar|34/100
|-enditem|p1b: Incineroar|Sitrus Berry|[eat]
|-heal|p1b: Incineroar|58/100|[from] item: Sitrus Berry
|faint|p1a: Raichu
|
|-heal|p2b: Toxapex|98/100|[from] item: Leftovers
|upkeep
|
|t:|1784836073
|switch|p1a: Decidueye|Decidueye-Hisui, L50, F|100/100
|turn|4
|
|t:|1784836094
|switch|p2a: Incineroar|Incineroar, L50, M|56/100
|-ability|p2a: Incineroar|Intimidate|boost
|-fail|p1a: Decidueye|unboost|Attack|[from] ability: Scrappy|[of] p1a: Decidueye
|-unboost|p1b: Incineroar|atk|1
|move|p1a: Decidueye|Leaf Blade|p2b: Toxapex
|-crit|p2b: Toxapex
|-damage|p2b: Toxapex|52/100
|move|p1b: Incineroar|Flare Blitz|p2a: Incineroar
|-resisted|p2a: Incineroar|1
|-damage|p2a: Incineroar|40/100
|-enditem|p2a: Incineroar|Sitrus Berry|[eat]
|-heal|p2a: Incineroar|65/100|[from] item: Sitrus Berry
|-damage|p1b: Incineroar|53/100|[from] Recoil
|move|p2b: Toxapex|Infestation|p1a: Decidueye
|-damage|p1a: Decidueye|96/100
|-activate|p1a: Decidueye|move: Infestation|[of] p2b: Toxapex
|
|-heal|p2b: Toxapex|57/100|[from] item: Leftovers
|-damage|p1a: Decidueye|84/100|[from] move: Infestation|[partiallytrapped]
|upkeep
|turn|5
|inactive|CrawlingKingSnake has 30 seconds left.
|
|t:|1784836123
|switch|p1b: Staraptor|Staraptor, L50, F|11/100
|-ability|p1b: Staraptor|Intimidate|boost
|-unboost|p2a: Incineroar|atk|1
|-unboost|p2b: Toxapex|atk|1
|move|p1a: Decidueye|Protect|p1a: Decidueye
|-singleturn|p1a: Decidueye|Protect
|move|p2a: Incineroar|Flare Blitz|p1a: Decidueye
|-activate|p1a: Decidueye|move: Protect
|move|p2b: Toxapex|Toxic|p1b: Staraptor
|-status|p1b: Staraptor|tox
|
|-heal|p2b: Toxapex|63/100|[from] item: Leftovers
|-damage|p1b: Staraptor|5/100 tox|[from] psn
|-damage|p1a: Decidueye|72/100|[from] move: Infestation|[partiallytrapped]
|upkeep
|turn|6
|inactive|MaxwellBaker has 30 seconds left.
|
|t:|1784836149
|switch|p2a: Floette|Floette-Mega, L50, F|52/100 par
|-ability|p2a: Floette|Fairy Aura
|move|p2b: Toxapex|Baneful Bunker|p2b: Toxapex
|-singleturn|p2b: Toxapex|move: Protect
|move|p1b: Staraptor|Tailwind|p1b: Staraptor
|-sidestart|p1: MaxwellBaker|move: Tailwind
|move|p1a: Decidueye|Triple Arrows|p2a: Floette
|-resisted|p2a: Floette|1
|-damage|p2a: Floette|30/100 par
|
|-heal|p2b: Toxapex|69/100|[from] item: Leftovers
|-damage|p1b: Staraptor|0 fnt|[from] psn
|faint|p1b: Staraptor
|-damage|p1a: Decidueye|60/100|[from] move: Infestation|[partiallytrapped]
|upkeep
|inactive|MaxwellBaker has 30 seconds left.
|
|t:|1784836178
|switch|p1b: Incineroar|Incineroar, L50, M|53/100
|-ability|p1b: Incineroar|Intimidate|boost
|-unboost|p2a: Floette|atk|1
|-unboost|p2b: Toxapex|atk|1
|turn|7
|
|t:|1784836191
|switch|p2a: Incineroar|Incineroar, L50, M|65/100
|-ability|p2a: Incineroar|Intimidate|boost
|-fail|p1a: Decidueye|unboost|Attack|[from] ability: Scrappy|[of] p1a: Decidueye
|-unboost|p1b: Incineroar|atk|1
|move|p1b: Incineroar|Fake Out|p2b: Toxapex
|-damage|p2b: Toxapex|64/100
|move|p1a: Decidueye|Leaf Blade|p2a: Incineroar
|-resisted|p2a: Incineroar|1
|-crit|p2a: Incineroar
|-damage|p2a: Incineroar|37/100
|cant|p2b: Toxapex|flinch
|
|-heal|p2b: Toxapex|70/100|[from] item: Leftovers
|-damage|p1a: Decidueye|48/100|[from] move: Infestation|[partiallytrapped]
|upkeep
|turn|8
|inactive|MaxwellBaker has 30 seconds left.
|inactive|MaxwellBaker has 20 seconds left.
|
|t:|1784836231
|move|p1a: Decidueye|Protect|p1a: Decidueye
|-singleturn|p1a: Decidueye|Protect
|move|p2a: Incineroar|Fake Out|p1a: Decidueye
|-activate|p1a: Decidueye|move: Protect
|move|p1b: Incineroar|Throat Chop|p2b: Toxapex
|-damage|p2b: Toxapex|54/100
|-start|p2b: Toxapex|Throat Chop|[silent]
|move|p2b: Toxapex|Toxic|p1b: Incineroar
|-status|p1b: Incineroar|tox
|
|-heal|p2b: Toxapex|60/100|[from] item: Leftovers
|-damage|p1b: Incineroar|48/100 tox|[from] psn
|-damage|p1a: Decidueye|36/100|[from] move: Infestation|[partiallytrapped]
|upkeep
|turn|9
|inactive|MaxwellBaker has 30 seconds left.
|
|t:|1784836265
|switch|p2a: Floette|Floette-Mega, L50, F|30/100 par
|-ability|p2a: Floette|Fairy Aura
|move|p2b: Toxapex|Baneful Bunker|p2b: Toxapex
|-singleturn|p2b: Toxapex|move: Protect
|move|p1a: Decidueye|Leaf Blade|p2b: Toxapex
|-activate|p2b: Toxapex|move: Protect
|-status|p1a: Decidueye|psn
|move|p1b: Incineroar|Flare Blitz|p2a: Floette
|-damage|p2a: Floette|0 fnt
|faint|p2a: Floette
|-damage|p1b: Incineroar|39/100 tox|[from] Recoil
|
|-heal|p2b: Toxapex|66/100|[from] item: Leftovers
|-damage|p1a: Decidueye|24/100 psn|[from] psn
|-damage|p1b: Incineroar|27/100 tox|[from] psn
|-end|p1a: Decidueye|Infestation|[partiallytrapped]
|-end|p2b: Toxapex|Throat Chop|[silent]
|-sideend|p1: MaxwellBaker|move: Tailwind
|upkeep
|
|t:|1784836267
|switch|p2a: Incineroar|Incineroar, L50, M|37/100
|-ability|p2a: Incineroar|Intimidate|boost
|-fail|p1a: Decidueye|unboost|Attack|[from] ability: Scrappy|[of] p1a: Decidueye
|-unboost|p1b: Incineroar|atk|1
|turn|10
|inactive|MaxwellBaker has 30 seconds left.
|
|t:|1784836293
|move|p1a: Decidueye|Protect|p1a: Decidueye
|-singleturn|p1a: Decidueye|Protect
|move|p2a: Incineroar|Flare Blitz|p1a: Decidueye
|-activate|p1a: Decidueye|move: Protect
|move|p1b: Incineroar|Throat Chop|p2b: Toxapex
|-damage|p2b: Toxapex|56/100
|-start|p2b: Toxapex|Throat Chop|[silent]
|move|p2b: Toxapex|Infestation|p1b: Incineroar
|-damage|p1b: Incineroar|24/100 tox
|-activate|p1b: Incineroar|move: Infestation|[of] p2b: Toxapex
|
|-heal|p2b: Toxapex|61/100|[from] item: Leftovers
|-damage|p1a: Decidueye|12/100 psn|[from] psn
|-damage|p1b: Incineroar|6/100 tox|[from] psn
|-damage|p1b: Incineroar|0 fnt|[from] move: Infestation|[partiallytrapped]
|faint|p1b: Incineroar
|upkeep
|turn|11
|inactive|MaxwellBaker has 30 seconds left.
|
|t:|1784836320
|move|p2b: Toxapex|Baneful Bunker|p2b: Toxapex
|-singleturn|p2b: Toxapex|move: Protect
|move|p1a: Decidueye|Triple Arrows|p2a: Incineroar
|-supereffective|p2a: Incineroar|1
|-damage|p2a: Incineroar|0 fnt
|faint|p2a: Incineroar
|
|-heal|p2b: Toxapex|67/100|[from] item: Leftovers
|-damage|p1a: Decidueye|0 fnt|[from] psn
|faint|p1a: Decidueye
|
|win|CrawlingKingSnake
||CrawlingKingSnake is ready for game 2.
|inactive|MaxwellBaker has 30 seconds to confirm battle start!
|inactive|MaxwellBaker has 20 seconds to confirm battle start!
||MaxwellBaker is ready for game 2.
|uhtml|next|Next: Game 2 of 3
