|j|☆totaldestroy
|j|☆NEZK025
|html|totaldestroyNEZK025    
|uhtml|bestof|Game 1 of a best-of-3
|t:|1782975654
|gametype|doubles
|player|p1|totaldestroy|gambler|1205
|player|p2|NEZK025|nate|1252
|gen|9
|tier|[Gen 9 Champions] VGC 2026 Reg M-B (Bo3)
|rated|
|rule|Species Clause: Limit one of each Pokémon
|rule|Item Clause: Limit 1 of each item
|clearpoke
|poke|p1|Zoroark-Hisui, L50, F|
|poke|p1|Glimmora, L50, F|
|poke|p1|Basculegion, L50, M|
|poke|p1|Sinistcha, L50|
|poke|p1|Kingambit, L50, M|
|poke|p1|Dragonite, L50, M|
|poke|p2|Glimmora, L50, F|
|poke|p2|Froslass, L50, F|
|poke|p2|Incineroar, L50, F|
|poke|p2|Garchomp, L50, F|
|poke|p2|Sneasler, L50, F|
|poke|p2|Sinistcha, L50|
|teampreview|4
|showteam|p1|Zoroark-Hisui||FocusSash|Illusion|Protect,IcyWind,BitterMalice,FocusBlast|Timid||F|||50|]Glimmora||LifeOrb|ToxicDebris|DazzlingGleam,PowerGem,SludgeBomb,Protect|Modest||F|||50|]Basculegion||SitrusBerry|Adaptability|WaveCrash,AquaJet,LastRespects,Protect|Adamant||M|||50|]Sinistcha||OccaBerry|Hospitality|TrickRoom,MatchaGotcha,RagePowder,Protect|Relaxed|||||50|]Kingambit||ExpertBelt|Defiant|LowKick,IronHead,Protect,SuckerPunch|Jolly||M|||50|]Dragonite||Dragoninite|Multiscale|Tailwind,DragonPulse,Thunderbolt,Protect|Modest||M|||50|
|showteam|p2|Glimmora||ChoiceScarf|ToxicDebris|EarthPower,SludgeBomb,PowerGem,DazzlingGleam|Timid||F|||50|]Froslass||Froslassite|SnowCloak|Blizzard,ShadowBall,Protect,IceBeam|Modest||F|||50|]Incineroar||ShucaBerry|Intimidate|FakeOut,DarkestLariat,FlareBlitz,PartingShot|Careful||F|||50|]Garchomp||Garchompite|RoughSkin|Earthquake,StompingTantrum,DragonClaw,Protect|Adamant||F|||50|]Sneasler||WhiteHerb|Unburden|CloseCombat,DireClaw,Protect,FakeOut|Jolly||F|||50|]Sinistcha||SitrusBerry|Hospitality|GigaDrain,StrengthSap,Protect,RagePowder|Bold|||||50|
|
|t:|1782975711
|teamsize|p1|4
|teamsize|p2|4
|start
|switch|p1a: head|Kingambit, L50, M|100/100
|switch|p1b: consumerism|Sinistcha, L50|100/100
|switch|p2a: Glimmora|Glimmora, L50, F|100/100
|switch|p2b: Incineroar|Incineroar, L50, F|100/100
|-ability|p2b: Incineroar|Intimidate|boost
|-unboost|p1a: head|atk|1
|-ability|p1a: head|Defiant|boost
|-boost|p1a: head|atk|2
|-unboost|p1b: consumerism|atk|1
|turn|1
|inactive|Battle timer is ON: inactive players will automatically lose when time's up. (requested by NEZK025)
|
|t:|1782975798
|move|p1a: head|Protect|p1a: head
|-singleturn|p1a: head|Protect
|move|p2a: Glimmora|Earth Power|p1a: head
|-activate|p1a: head|move: Protect
|move|p1b: consumerism|Icy Wind|p2b: Incineroar|[spread] p2a,p2b
|-resisted|p2b: Incineroar|1
|-damage|p2a: Glimmora|81/100
|-damage|p2b: Incineroar|94/100
|-unboost|p2a: Glimmora|spe|1
|-unboost|p2b: Incineroar|spe|1
|move|p2b: Incineroar|Darkest Lariat|p1b: consumerism
|-supereffective|p1b: consumerism|1
|-enditem|p1b: consumerism|Focus Sash
|-damage|p1b: consumerism|1/100
|replace|p1b: fantastic mr|Zoroark-Hisui, L50, F
|-end|p1b: fantastic mr|Illusion
|
|upkeep
|turn|2
|
|t:|1782975821
|move|p1b: fantastic mr|Icy Wind|p2a: Glimmora|[spread] p2a,p2b
|-resisted|p2b: Incineroar|1
|-damage|p2a: Glimmora|63/100
|-damage|p2b: Incineroar|88/100
|-unboost|p2a: Glimmora|spe|1
|-unboost|p2b: Incineroar|spe|1
|move|p1a: head|Low Kick|p2b: Incineroar
|-supereffective|p2b: Incineroar|1
|-damage|p2b: Incineroar|10/100
|move|p2a: Glimmora|Earth Power|p1a: head
|-supereffective|p1a: head|1
|-damage|p1a: head|26/100
|move|p2b: Incineroar|Flare Blitz|p1a: head
|-supereffective|p1a: head|1
|-damage|p1a: head|0 fnt
|faint|p1a: head
|-damage|p2b: Incineroar|2/100|[from] Recoil
|
|upkeep
|
|t:|1782975834
|switch|p1a: feesh|Basculegion, L50, M|100/100
|turn|3
|
|t:|1782975860
|move|p1b: fantastic mr|Icy Wind|p2a: Glimmora|[spread] p2a,p2b
|-resisted|p2b: Incineroar|1
|-damage|p2a: Glimmora|46/100
|-damage|p2b: Incineroar|0 fnt
|-unboost|p2a: Glimmora|spe|1
|faint|p2b: Incineroar
|move|p1a: feesh|Last Respects|p2a: Glimmora
|-damage|p2a: Glimmora|0 fnt
|-activate|p2a: Glimmora|ability: Toxic Debris
|-sidestart|p1: totaldestroy|move: Toxic Spikes
|faint|p2a: Glimmora
|
|upkeep
|
|t:|1782975865
|switch|p2a: Sneasler|Sneasler, L50, F|100/100
|switch|p2b: Froslass|Froslass, L50, F|100/100
|turn|4
|
|t:|1782975885
|move|p2b: Froslass|Protect|p2b: Froslass
|-singleturn|p2b: Froslass|Protect
|move|p2a: Sneasler|Dire Claw|p1a: feesh
|-resisted|p1a: feesh|1
|-damage|p1a: feesh|77/100
|move|p1b: fantastic mr|Bitter Malice|p2a: Sneasler
|-crit|p2a: Sneasler
|-damage|p2a: Sneasler|35/100
|-unboost|p2a: Sneasler|atk|1
|-enditem|p2a: Sneasler|White Herb
|-clearnegativeboost|p2a: Sneasler|[silent]
|move|p1a: feesh|Last Respects|p2b: Froslass
|-activate|p2b: Froslass|move: Protect
|
|upkeep
|turn|5
|
|t:|1782975910
|switch|p1b: consumerism|Sinistcha, L50|100/100
|-status|p1b: consumerism|psn
|-heal|p1a: feesh|100/100|[from] ability: Hospitality|[of] p1b: consumerism
|detailschange|p2b: Froslass|Froslass-Mega, L50, F
|-mega|p2b: Froslass|Froslass|Froslassite
|-weather|Snowscape|[from] ability: Snow Warning|[of] p2b: Froslass
|move|p1a: feesh|Aqua Jet|p2a: Sneasler
|-damage|p2a: Sneasler|0 fnt
|faint|p2a: Sneasler
|move|p2b: Froslass|Shadow Ball|p1a: feesh
|-supereffective|p1a: feesh|1
|-damage|p1a: feesh|12/100
|-enditem|p1a: feesh|Sitrus Berry|[eat]
|-heal|p1a: feesh|37/100|[from] item: Sitrus Berry
|
|-weather|Snowscape|[upkeep]
|-damage|p1b: consumerism|87/100 psn|[from] psn
|upkeep
|turn|6
|
|t:|1782975927
|move|p1b: consumerism|Rage Powder|p1b: consumerism
|-singleturn|p1b: consumerism|move: Rage Powder
|move|p2b: Froslass|Blizzard|p1b: consumerism|[spread] p1a,p1b
|-resisted|p1a: feesh|1
|-supereffective|p1b: consumerism|1
|-damage|p1a: feesh|17/100
|-damage|p1b: consumerism|0 fnt
|faint|p1b: consumerism
|move|p1a: feesh|Last Respects|p2b: Froslass
|-supereffective|p2b: Froslass|1
|-damage|p2b: Froslass|0 fnt
|faint|p2b: Froslass
|
|win|totaldestroy
||NEZK025 is ready for game 2.
|inactive|totaldestroy has 30 seconds to confirm battle start!
