|j|☆Lirtox
|j|☆4y9q9hf4q0
|html|Lirtox4y9q9hf4q0    
|uhtml|bestof|Game 1 of a best-of-3
|t:|1782348800
|gametype|doubles
|player|p1|Lirtox|lucas|1000
|player|p2|4y9q9hf4q0|1|1070
|gen|9
|tier|[Gen 9 Champions] VGC 2026 Reg M-B (Bo3)
|rated|
|rule|Species Clause: Limit one of each Pokémon
|rule|Item Clause: Limit 1 of each item
|clearpoke
|poke|p1|Falinks, L50|
|poke|p1|Sinistcha, L50|
|poke|p1|Maushold, L50|
|poke|p1|Raichu, L50, F|
|poke|p1|Meowstic, L50, M|
|poke|p1|Basculegion, L50, M|
|poke|p2|Blastoise, L50, M|
|poke|p2|Torterra, L50, M|
|poke|p2|Farigiraf, L50, F|
|poke|p2|Eelektross, L50, F|
|poke|p2|Pelipper, L50, F|
|poke|p2|Overqwil, L50, M|
|teampreview|4
|showteam|p1|Falinks||Falinksite|Defiant|NoRetreat,RockSlide,CloseCombat,KnockOff|Jolly|||||50|]Sinistcha||OccaBerry|Hospitality|RagePowder,LifeDew,MatchaGotcha,Scald|Bold|||||50|]Maushold||SitrusBerry|FriendGuard|FollowMe,HelpingHand,PopulationBomb,Protect|Jolly|||||50|]Raichu||RaichuniteY|LightningRod|ZapCannon,FocusBlast,VoltSwitch,Protect|Timid||F|||50|]Meowstic||LightClay|Prankster|PsychicTerrain,LightScreen,ExpandingForce,Reflect|Calm||M|||50|]Basculegion||ChoiceScarf|Adaptability|LastRespects,WaveCrash,Liquidation,FlipTurn|Jolly||M|||50|
|showteam|p2|Blastoise||Blastoisinite|RainDish|FakeOut,DarkPulse,IceBeam,WaterSpout|Modest||M|||50|]Torterra||WhiteHerb|Overgrow|HeadlongRush,ShellSmash,WoodHammer,Protect|Jolly||M|||50|]Farigiraf||SitrusBerry|ArmorTail|TrickRoom,TwinBeam,Thunderbolt,ShadowBall|Modest||F|||50|]Eelektross||Eelektrossite|Levitate|Discharge,Thunder,Protect,GigaDrain|Modest||F|||50|]Pelipper||ChoiceScarf|Drizzle|Hurricane,WeatherBall,Tailwind,Soak|Timid||F|||50|]Overqwil||FocusSash|SwiftSwim|PoisonJab,ThroatChop,Protect,AquaJet|Serious||M|||50|
|
|t:|1782348830
|teamsize|p1|4
|teamsize|p2|4
|start
|switch|p1a: Raichu|Raichu, L50, F|100/100
|switch|p1b: Meowstic|Meowstic, L50, M|100/100
|switch|p2a: Pelipper|Pelipper, L50, F|100/100
|switch|p2b: Eelektross|Eelektross, L50, F|100/100
|-weather|RainDance|[from] ability: Drizzle|[of] p2a: Pelipper
|turn|1
|
|t:|1782348849
|switch|p1a: Sinistcha|Sinistcha, L50|100/100
|detailschange|p2b: Eelektross|Eelektross-Mega, L50, F
|-mega|p2b: Eelektross|Eelektross|Eelektrossite
|move|p1b: Meowstic|Light Screen|p1b: Meowstic
|-sidestart|p1: Lirtox|move: Light Screen
|move|p2a: Pelipper|Soak|p1a: Sinistcha
|-start|p1a: Sinistcha|typechange|Water
|move|p2b: Eelektross|Thunder|p1a: Sinistcha
|-supereffective|p1a: Sinistcha|1
|-damage|p1a: Sinistcha|3/100
|
|-weather|RainDance|[upkeep]
|upkeep
|turn|2
|
|t:|1782348864
|move|p1b: Meowstic|Psychic Terrain|p1b: Meowstic
|-fieldstart|move: Psychic Terrain
|move|p2a: Pelipper|Soak|p1b: Meowstic
|-start|p1b: Meowstic|typechange|Water
|move|p2b: Eelektross|Discharge|p1b: Meowstic|[spread] p2a,p1a,p1b
|-supereffective|p2a: Pelipper|2
|-supereffective|p1a: Sinistcha|1
|-supereffective|p1b: Meowstic|1
|-damage|p2a: Pelipper|0 fnt
|-damage|p1a: Sinistcha|0 fnt
|-damage|p1b: Meowstic|58/100
|-status|p1b: Meowstic|par
|faint|p2a: Pelipper
|faint|p1a: Sinistcha
|-ability|p2b: Eelektross|Eelevate|boost
|-boost|p2b: Eelektross|spa|2
|
|-weather|RainDance|[upkeep]
|upkeep
|
|t:|1782348880
|switch|p2a: Overqwil|Overqwil, L50, M|100/100
|switch|p1a: Basculegion|Basculegion, L50, M|100/100
|turn|3
|
|t:|1782348895
|move|p2a: Overqwil|Throat Chop|p1a: Basculegion
|-supereffective|p1a: Basculegion|1
|-damage|p1a: Basculegion|4/100
|-start|p1a: Basculegion|Throat Chop|[silent]
|move|p1a: Basculegion|Wave Crash|p2b: Eelektross
|-damage|p2b: Eelektross|0 fnt
|faint|p2b: Eelektross
|-damage|p1a: Basculegion|0 fnt|[from] Recoil
|faint|p1a: Basculegion
|move|p1b: Meowstic|Expanding Force|p2a: Overqwil
|-immune|p2a: Overqwil
|
|-weather|RainDance|[upkeep]
|upkeep
|
|t:|1782348906
|switch|p1a: Raichu|Raichu, L50, F|100/100
|switch|p2b: Torterra|Torterra, L50, M|100/100
|turn|4
|
|t:|1782348931
|move|p1a: Raichu|Protect|p1a: Raichu
|-singleturn|p1a: Raichu|Protect
|move|p2a: Overqwil|Poison Jab|p1b: Meowstic
|-damage|p1b: Meowstic|8/100 par
|move|p2b: Torterra|Headlong Rush|p1a: Raichu
|-activate|p1a: Raichu|move: Protect
|move|p1b: Meowstic|Expanding Force|p2a: Overqwil|[spread] p2b
|-immune|p2a: Overqwil
|-damage|p2b: Torterra|76/100
|
|-weather|RainDance|[upkeep]
|upkeep
|turn|5
|
|t:|1782348957
|detailschange|p1a: Raichu|Raichu-Mega-Y, L50, F
|-mega|p1a: Raichu|Raichu|Raichunite Y
|move|p2a: Overqwil|Poison Jab|p1a: Raichu
|-damage|p1a: Raichu|21/100
|move|p1a: Raichu|Focus Blast|p2b: Torterra
|-damage|p2b: Torterra|26/100
|move|p2b: Torterra|Headlong Rush|p1a: Raichu
|-supereffective|p1a: Raichu|1
|-damage|p1a: Raichu|0 fnt
|-unboost|p2b: Torterra|def|1
|-unboost|p2b: Torterra|spd|1
|faint|p1a: Raichu
|-enditem|p2b: Torterra|White Herb
|-clearnegativeboost|p2b: Torterra|[silent]
|move|p1b: Meowstic|Expanding Force|p2a: Overqwil|[spread] p2b
|-immune|p2a: Overqwil
|-damage|p2b: Torterra|1/100
|
|-weather|none
|upkeep
|turn|6
|
|t:|1782348983
|move|p2a: Overqwil|Aqua Jet|p1b: Meowstic
|-activate|p1b: Meowstic|move: Psychic Terrain
|move|p2b: Torterra|Headlong Rush|p1b: Meowstic
|-damage|p1b: Meowstic|0 fnt
|-unboost|p2b: Torterra|def|1
|-unboost|p2b: Torterra|spd|1
|faint|p1b: Meowstic
|
|win|4y9q9hf4q0
||4y9q9hf4q0 is ready for game 2.
|inactive|Lirtox has 30 seconds to confirm battle start!
|inactive|Lirtox has 20 seconds to confirm battle start!
||Lirtox is ready for game 2.
|uhtml|next|Next: Game 2 of 3
