|j|☆olciax34
|j|☆Imreesithink
|html|olciax34Imreesithink    
|uhtml|bestof|Game 1 of a best-of-3
|t:|1785865910
|gametype|doubles
|player|p1|olciax34|266|1335
|player|p2|Imreesithink|1|1278
|gen|9
|tier|[Gen 9 Champions] VGC 2026 Reg M-B (Bo3)
|rated|
|rule|Species Clause: Limit one of each Pokémon
|rule|Item Clause: Limit 1 of each item
|clearpoke
|poke|p1|Incineroar, L50, F|
|poke|p1|Floette-Eternal, L50, F|
|poke|p1|Sinistcha, L50|
|poke|p1|Basculegion, L50, M|
|poke|p1|Glimmora, L50, F|
|poke|p1|Staraptor, L50, F|
|poke|p2|Staraptor, L50, M, shiny|
|poke|p2|Raichu, L50, F, shiny|
|poke|p2|Sylveon, L50, M, shiny|
|poke|p2|Farigiraf, L50, M, shiny|
|poke|p2|Arcanine-Hisui, L50, F, shiny|
|poke|p2|Kingambit, L50, F, shiny|
|teampreview|4
|showteam|p1|Incineroar||SitrusBerry|Intimidate|FakeOut,ThroatChop,FlareBlitz,PartingShot|Careful||F|||50|]Floette-Eternal||Floettite|FlowerVeil|DazzlingGleam,DrainingKiss,CalmMind,Protect|Modest||F|||50|]Sinistcha||ColburBerry|Hospitality|MatchaGotcha,LifeDew,RagePowder,Protect|Calm|||||50|]Basculegion||ChoiceScarf|Adaptability|WaveCrash,FlipTurn,AquaJet,LastRespects|Jolly||M|||50|]Glimmora||FocusSash|ToxicDebris|SludgeBomb,PowerGem,EarthPower,SpikyShield|Modest||F|||50|]Staraptor||Staraptite|Intimidate|DualWingbeat,CloseCombat,Tailwind,Protect|Jolly||F|||50|
|showteam|p2|Staraptor||Staraptite|Intimidate|Tailwind,Protect,CloseCombat,DualWingbeat|Jolly||M|||50|]Raichu||RaichuniteY|LightningRod|FakeOut,ZapCannon,FocusBlast,Protect|Timid||F|||50|]Sylveon||FairyFeather|Pixilate|Detect,HyperVoice,QuickAttack,HyperBeam|Modest||M|||50|]Farigiraf||SitrusBerry|ArmorTail|Psychic,TrickRoom,HelpingHand,Protect|Sassy||M|||50|]Arcanine-Hisui||FocusSash|RockHead|Protect,ExtremeSpeed,HeadSmash,FlareBlitz|Jolly||F|||50|]Kingambit||LifeOrb|Defiant|Protect,KowtowCleave,SwordsDance,SuckerPunch|Adamant||F|||50|
|inactive|Battle timer is ON: inactive players will automatically lose when time's up. (requested by Imreesithink)
|inactive|olciax34 has 60 seconds left.
|inactive|Imreesithink has 60 seconds left.
|inactive|olciax34 has 30 seconds left.
|inactive|olciax34 has 20 seconds left.
|inactive|olciax34 has 15 seconds left.
|inactive|olciax34 has 10 seconds left.
|inactive|olciax34 has 5 seconds left.
|
|t:|1785866000
|teamsize|p1|4
|teamsize|p2|4
|start
|switch|p1a: Glimmora|Glimmora, L50, F|100/100
|switch|p1b: Staraptor|Staraptor, L50, F|100/100
|switch|p2a: Arcanine|Arcanine-Hisui, L50, F, shiny|100/100
|switch|p2b: Sylveon|Sylveon, L50, M, shiny|100/100
|-ability|p1b: Staraptor|Intimidate|boost
|-unboost|p2a: Arcanine|atk|1
|-unboost|p2b: Sylveon|atk|1
|turn|1
|inactive|Imreesithink has 30 seconds left.
|
|t:|1785866026
|switch|p2b: Kingambit|Kingambit, L50, F, shiny|100/100
|move|p1b: Staraptor|Protect|p1b: Staraptor
|-singleturn|p1b: Staraptor|Protect
|move|p2a: Arcanine|Head Smash|p1b: Staraptor
|-activate|p1b: Staraptor|move: Protect
|move|p1a: Glimmora|Sludge Bomb|p2b: Kingambit
|-immune|p2b: Kingambit
|
|upkeep
|turn|2
|inactive|Imreesithink has 30 seconds left.
|inactive|Imreesithink has 20 seconds left.
|
|t:|1785866062
|detailschange|p1b: Staraptor|Staraptor-Mega, L50, F
|-mega|p1b: Staraptor|Staraptor|Staraptite
|move|p2b: Kingambit|Sucker Punch|p1a: Glimmora
|-damage|p1a: Glimmora|31/100
|-activate|p1a: Glimmora|ability: Toxic Debris
|-sidestart|p2: Imreesithink|move: Toxic Spikes
|-damage|p2b: Kingambit|90/100|[from] item: Life Orb
|move|p1b: Staraptor|Close Combat|p2a: Arcanine
|-supereffective|p2a: Arcanine|1
|-crit|p2a: Arcanine
|-enditem|p2a: Arcanine|Focus Sash
|-damage|p2a: Arcanine|1/100
|-boost|p1b: Staraptor|def|1
|-boost|p1b: Staraptor|spd|1
|move|p2a: Arcanine|Head Smash|p1b: Staraptor
|-damage|p1b: Staraptor|72/100
|move|p1a: Glimmora|Earth Power|p2a: Arcanine
|-supereffective|p2a: Arcanine|2
|-damage|p2a: Arcanine|0 fnt
|faint|p2a: Arcanine
|
|upkeep
|
|t:|1785866086
|switch|p2a: Raichu|Raichu, L50, F, shiny|100/100
|-status|p2a: Raichu|psn
|turn|3
|
|t:|1785866102
|switch|p1a: Sinistcha|Sinistcha, L50|100/100
|-heal|p1b: Staraptor|97/100|[from] ability: Hospitality|[of] p1a: Sinistcha
|detailschange|p2a: Raichu|Raichu-Mega-Y, L50, F, shiny
|-mega|p2a: Raichu|Raichu|Raichunite Y
|move|p1b: Staraptor|Protect|p1b: Staraptor
|-singleturn|p1b: Staraptor|Protect
|move|p2a: Raichu|Zap Cannon|p1b: Staraptor
|-activate|p1b: Staraptor|move: Protect
|move|p2b: Kingambit|Swords Dance|p2b: Kingambit
|-boost|p2b: Kingambit|atk|2
|
|-damage|p2a: Raichu|88/100 psn|[from] psn
|upkeep
|turn|4
|
|t:|1785866117
|move|p1a: Sinistcha|Rage Powder|p1a: Sinistcha
|-singleturn|p1a: Sinistcha|move: Rage Powder
|move|p2a: Raichu|Zap Cannon|p1a: Sinistcha
|-resisted|p1a: Sinistcha|1
|-damage|p1a: Sinistcha|69/100
|-status|p1a: Sinistcha|par
|move|p1b: Staraptor|Close Combat|p2b: Kingambit
|-supereffective|p2b: Kingambit|2
|-damage|p2b: Kingambit|0 fnt
|-boost|p1b: Staraptor|def|1
|-boost|p1b: Staraptor|spd|1
|faint|p2b: Kingambit
|
|-damage|p2a: Raichu|76/100 psn|[from] psn
|upkeep
|
|t:|1785866121
|switch|p2b: Sylveon|Sylveon, L50, M, shiny|100/100
|-status|p2b: Sylveon|psn
|turn|5
|
|t:|1785866136
|move|p1a: Sinistcha|Rage Powder|p1a: Sinistcha
|-singleturn|p1a: Sinistcha|move: Rage Powder
|move|p2a: Raichu|Zap Cannon|p1a: Sinistcha
|-resisted|p1a: Sinistcha|1
|-damage|p1a: Sinistcha|43/100 par
|move|p1b: Staraptor|Close Combat|p2a: Raichu
|-damage|p2a: Raichu|0 fnt
|-boost|p1b: Staraptor|def|1
|-boost|p1b: Staraptor|spd|1
|faint|p2a: Raichu
|move|p2b: Sylveon|Hyper Voice|p1b: Staraptor|[spread] p1a,p1b
|-supereffective|p1b: Staraptor|1
|-damage|p1a: Sinistcha|0 fnt
|-damage|p1b: Staraptor|56/100
|faint|p1a: Sinistcha
|
|-damage|p2b: Sylveon|87/100 psn|[from] psn
|upkeep
|
|t:|1785866157
|switch|p1a: Glimmora|Glimmora, L50, F|31/100
|turn|6
|
|t:|1785866180
|move|p1b: Staraptor|Dual Wingbeat|p2b: Sylveon
|-damage|p2b: Sylveon|62/100 psn
|-damage|p2b: Sylveon|37/100 psn
|-hitcount|p2b: Sylveon|2
|move|p1a: Glimmora|Sludge Bomb|p2b: Sylveon
|-supereffective|p2b: Sylveon|1
|-damage|p2b: Sylveon|0 fnt
|faint|p2b: Sylveon
|
|win|olciax34
||olciax34 is ready for game 2.
||Imreesithink is ready for game 2.
|uhtml|next|Next: Game 2 of 3
|l|☆Imreesithink
|player|p2|
