|j|☆Crash0utVGC
|j|☆Mazora
|html|Crash0utVGCMazora    
|uhtml|bestof|Game 1 of a best-of-3
|t:|1782293996
|gametype|doubles
|player|p1|Crash0utVGC|colress|1207
|player|p2|Mazora|102|1087
|gen|9
|tier|[Gen 9 Champions] VGC 2026 Reg M-B (Bo3)
|rated|
|rule|Species Clause: Limit one of each Pokémon
|rule|Item Clause: Limit 1 of each item
|clearpoke
|poke|p1|Pyroar, L50, F|
|poke|p1|Ninetales, L50, F, shiny|
|poke|p1|Whimsicott, L50, M|
|poke|p1|Floette-Eternal, L50, F|
|poke|p1|Basculegion, L50, M|
|poke|p1|Farigiraf, L50, F|
|poke|p2|Floette-Eternal, L50, F|
|poke|p2|Sceptile, L50, F, shiny|
|poke|p2|Rotom-Heat, L50, shiny|
|poke|p2|Garchomp, L50, M, shiny|
|poke|p2|Basculegion, L50, M, shiny|
|poke|p2|Aerodactyl, L50, F|
|teampreview|4
|showteam|p1|Pyroar||Pyroarite|Unnerve|HeatWave,Overheat,SolarBeam,Protect|Timid||F|||50|]Ninetales||ChoiceScarf|Drought|HeatWave,Overheat,SolarBeam,FakeTears|Modest||F|||50|]Whimsicott||FocusSash|Prankster|Moonblast,Tailwind,SunnyDay,Protect|Timid||M|||50|]Floette-Eternal||Floettite|FlowerVeil|Moonblast,LightofRuin,DazzlingGleam,Protect|Modest||F|||50|]Basculegion||LifeOrb|Adaptability|WaveCrash,LastRespects,AquaJet,Protect|Adamant||M|||50|]Farigiraf||SitrusBerry|ArmorTail|Psychic,Thunderbolt,TrickRoom,HelpingHand|Bold||F|||50|
|showteam|p2|Floette-Eternal||Floettite|FlowerVeil|Moonblast,DazzlingGleam,LightofRuin,Protect|Timid||F|||50|]Sceptile||Sceptilite|Overgrow|GrassKnot,DragonPulse,EarthPower,Detect|Timid||F|||50|]Rotom-Heat||ChoiceScarf|Levitate|Thunderbolt,Overheat,VoltSwitch,Discharge|Timid|||||50|]Garchomp||LifeOrb|SandVeil|DragonClaw,RockSlide,Protect,Earthquake|Jolly||M|||50|]Basculegion||SitrusBerry|Adaptability|WaveCrash,LastRespects,AquaJet,Protect|Adamant||M|||50|]Aerodactyl||FocusSash|Unnerve|RockSlide,DualWingbeat,Tailwind,WideGuard|Jolly||F|||50|
|j| hgugthg
|j| zannara
|inactive|Battle timer is ON: inactive players will automatically lose when time's up. (requested by Mazora)
|
|t:|1782294025
|teamsize|p1|4
|teamsize|p2|4
|start
|switch|p1a: Winnie|Whimsicott, L50, M|100/100
|switch|p1b: Maleficant|Floette-Eternal, L50, F|100/100
|switch|p2a: Rotom|Rotom-Heat, L50, shiny|100/100
|switch|p2b: Sceptile|Sceptile, L50, F, shiny|100/100
|turn|1
|
|t:|1782294046
|switch|p2b: Basculegion|Basculegion, L50, M, shiny|100/100
|move|p1a: Winnie|Protect|p1a: Winnie
|-singleturn|p1a: Winnie|Protect
|move|p1b: Maleficant|Protect|p1b: Maleficant
|-singleturn|p1b: Maleficant|Protect
|move|p2a: Rotom|Overheat|p1a: Winnie
|-activate|p1a: Winnie|move: Protect
|
|upkeep
|turn|2
|
|t:|1782294058
|switch|p1b: Bob|Farigiraf, L50, F|100/100
|move|p2a: Rotom|Overheat|p1a: Winnie
|-supereffective|p1a: Winnie|1
|-enditem|p1a: Winnie|Focus Sash
|-damage|p1a: Winnie|1/100
|-unboost|p2a: Rotom|spa|2
|move|p1a: Winnie|Moonblast|p2b: Basculegion
|-damage|p2b: Basculegion|61/100
|move|p2b: Basculegion|Wave Crash|p1b: Bob
|-damage|p1b: Bob|46/100
|-enditem|p1b: Bob|Sitrus Berry|[eat]
|-heal|p1b: Bob|71/100|[from] item: Sitrus Berry
|-damage|p2b: Basculegion|41/100|[from] Recoil
|-enditem|p2b: Basculegion|Sitrus Berry|[eat]
|-heal|p2b: Basculegion|66/100|[from] item: Sitrus Berry
|
|upkeep
|turn|3
|
|t:|1782294082
|switch|p2a: Sceptile|Sceptile, L50, F, shiny|100/100
|move|p1a: Winnie|Tailwind|p1a: Winnie
|-sidestart|p1: Crash0utVGC|move: Tailwind
|move|p1b: Bob|Thunderbolt|p2b: Basculegion
|-supereffective|p2b: Basculegion|1
|-damage|p2b: Basculegion|16/100
|move|p2b: Basculegion|Wave Crash|p1b: Bob
|-damage|p1b: Bob|15/100
|-damage|p2b: Basculegion|0 fnt|[from] Recoil
|faint|p2b: Basculegion
|
|upkeep
|
|t:|1782294097
|switch|p2b: Rotom|Rotom-Heat, L50, shiny|100/100
|turn|4
|
|t:|1782294114
|detailschange|p2a: Sceptile|Sceptile-Mega, L50, F, shiny
|-mega|p2a: Sceptile|Sceptile|Sceptilite
|move|p1a: Winnie|Moonblast|p2a: Sceptile
|-supereffective|p2a: Sceptile|1
|-damage|p2a: Sceptile|0 fnt
|faint|p2a: Sceptile
|move|p2b: Rotom|Discharge|p1b: Bob|[spread] p1a,p1b
|-resisted|p1a: Winnie|1
|-damage|p1a: Winnie|0 fnt
|-damage|p1b: Bob|0 fnt
|faint|p1a: Winnie
|faint|p1b: Bob
|
|upkeep
|
|t:|1782294123
|switch|p2a: Garchomp|Garchomp, L50, M, shiny|100/100
|switch|p1a: FairAndBalanced|Basculegion, L50, M|100/100
|switch|p1b: Maleficant|Floette-Eternal, L50, F|100/100
|turn|5
|l| zannara
|
|t:|1782294137
|detailschange|p1b: Maleficant|Floette-Mega, L50, F
|-mega|p1b: Maleficant|Floette|Floettite
|-ability|p1b: Maleficant|Fairy Aura
|move|p2a: Garchomp|Protect|p2a: Garchomp
|-singleturn|p2a: Garchomp|Protect
|move|p1a: FairAndBalanced|Aqua Jet|p2b: Rotom
|-supereffective|p2b: Rotom|1
|-damage|p2b: Rotom|10/100
|-damage|p1a: FairAndBalanced|90/100|[from] item: Life Orb
|move|p1b: Maleficant|Dazzling Gleam|p2a: Garchomp|[spread] p2b
|-activate|p2a: Garchomp|move: Protect
|-resisted|p2b: Rotom|1
|-damage|p2b: Rotom|0 fnt
|faint|p2b: Rotom
|
|upkeep
|turn|6
|-message|Mazora forfeited.
|
|win|Crash0utVGC
