|j|☆Glimme
|j|☆Boyo Mik
|html|GlimmeBoyo Mik    
|uhtml|bestof|Game 2 of a best-of-3
|t:|1782505892
|gametype|doubles
|player|p1|Glimme|li|1266
|player|p2|Boyo Mik|169|1178
|gen|9
|tier|[Gen 9 Champions] VGC 2026 Reg M-B (Bo3)
|rated|
|rule|Species Clause: Limit one of each Pokémon
|rule|Item Clause: Limit 1 of each item
|clearpoke
|poke|p1|Garchomp, L50, M, shiny|
|poke|p1|Charizard, L50, M, shiny|
|poke|p1|Whimsicott, L50, M, shiny|
|poke|p1|Farigiraf, L50, M, shiny|
|poke|p1|Sylveon, L50, M, shiny|
|poke|p1|Kingambit, L50, M, shiny|
|poke|p2|Pelipper, L50, M|
|poke|p2|Swampert, L50, M|
|poke|p2|Archaludon, L50, F|
|poke|p2|Grimmsnarl, L50, M|
|poke|p2|Gholdengo, L50|
|poke|p2|Maushold-Four, L50|
|teampreview|4
|showteam|p1|Garchomp||LifeOrb|RoughSkin|Earthquake,DragonClaw,RockSlide,Protect|Jolly||M|||50|]Charizard||CharizarditeY|SolarPower|HeatWave,WeatherBall,SolarBeam,Protect|Modest||M|||50|]Whimsicott||CobaBerry|Prankster|Moonblast,Tailwind,Encore,Protect|Timid||M|||50|]Farigiraf||SitrusBerry|ArmorTail|TwinBeam,FoulPlay,HelpingHand,TrickRoom|Bold||M|||50|]Sylveon||FairyFeather|Pixilate|HyperVoice,HyperBeam,QuickAttack,Detect|Modest||M|||50|]Kingambit||FocusSash|Defiant|SuckerPunch,KowtowCleave,IronHead,LowKick|Adamant||M|||50|
|showteam|p2|Pelipper||LifeOrb|Drizzle|Hurricane,MuddyWater,Tailwind,Protect|Modest||M|||50|]Swampert||Swampertite|Damp|HighHorsepower,WaveCrash,FlipTurn,Protect|Adamant||M|||50|]Archaludon||Leftovers|Stamina|ElectroShot,FlashCannon,DragonPulse,Protect|Calm||F|||50|]Grimmsnarl||RoseliBerry|Prankster|SpiritBreak,FakeOut,LightScreen,PartingShot|Adamant||M|||50|]Gholdengo||SitrusBerry|GoodasGold|ShadowBall,MakeItRain,NastyPlot,Protect|Modest|||||50|]Maushold-Four||FocusSash|FriendGuard|SuperFang,FollowMe,Encore,Protect|Jolly|||||50|
|inactive|Battle timer is ON: inactive players will automatically lose when time's up. (requested by Glimme)
|inactive|Glimme has 60 seconds left.
|
|t:|1782505925
|teamsize|p1|4
|teamsize|p2|4
|start
|switch|p1a: Charizard|Charizard, L50, M, shiny|100/100
|switch|p1b: Sylveon|Sylveon, L50, M, shiny|100/100
|switch|p2a: Grimmsnarl|Grimmsnarl, L50, M|100/100
|switch|p2b: Archaludon|Archaludon, L50, F|100/100
|turn|1
|
|t:|1782505933
|detailschange|p1a: Charizard|Charizard-Mega-Y, L50, M, shiny
|-mega|p1a: Charizard|Charizard|Charizardite Y
|-weather|SunnyDay|[from] ability: Drought|[of] p1a: Charizard
|move|p2b: Archaludon|Protect|p2b: Archaludon
|-singleturn|p2b: Archaludon|Protect
|move|p2a: Grimmsnarl|Light Screen|p2a: Grimmsnarl
|-sidestart|p2: Boyo Mik|move: Light Screen
|move|p1a: Charizard|Weather Ball|p2a: Grimmsnarl
|-damage|p2a: Grimmsnarl|33/100
|move|p1b: Sylveon|Hyper Voice|p2a: Grimmsnarl|[spread] p2a
|-activate|p2b: Archaludon|move: Protect
|-supereffective|p2a: Grimmsnarl|1
|-enditem|p2a: Grimmsnarl|Roseli Berry|[eat]
|-enditem|p2a: Grimmsnarl|Roseli Berry|[weaken]
|-damage|p2a: Grimmsnarl|0 fnt
|faint|p2a: Grimmsnarl
|
|-weather|SunnyDay|[upkeep]
|upkeep
|
|t:|1782505951
|switch|p2a: Pelipper|Pelipper, L50, M|100/100
|-weather|RainDance|[from] ability: Drizzle|[of] p2a: Pelipper
|turn|2
|inactive|Boyo Mik has 30 seconds left.
|
|t:|1782505979
|switch|p1a: Farigiraf|Farigiraf, L50, M, shiny|100/100
|move|p2b: Archaludon|Dragon Pulse|p1a: Farigiraf
|-damage|p1a: Farigiraf|66/100
|move|p2a: Pelipper|Tailwind|p2a: Pelipper
|-sidestart|p2: Boyo Mik|move: Tailwind
|move|p1b: Sylveon|Hyper Voice|p2a: Pelipper|[spread] p2a,p2b
|-damage|p2a: Pelipper|41/100
|-damage|p2b: Archaludon|68/100
|-ability|p2b: Archaludon|Stamina|boost
|-boost|p2b: Archaludon|def|1
|
|-weather|RainDance|[upkeep]
|-heal|p2b: Archaludon|75/100|[from] item: Leftovers
|upkeep
|turn|3
|inactive|Boyo Mik has 30 seconds left.
|inactive|Boyo Mik has 20 seconds left.
|inactive|Boyo Mik has 15 seconds left.
|inactive|Boyo Mik has 10 seconds left.
|
|t:|1782506027
|switch|p2a: Swampert|Swampert, L50, M|100/100
|move|p2b: Archaludon|Dragon Pulse|p1a: Farigiraf
|-damage|p1a: Farigiraf|29/100
|-enditem|p1a: Farigiraf|Sitrus Berry|[eat]
|-heal|p1a: Farigiraf|54/100|[from] item: Sitrus Berry
|move|p1b: Sylveon|Hyper Voice|p2a: Swampert|[spread] p2a,p2b
|-damage|p2a: Swampert|60/100
|-damage|p2b: Archaludon|45/100
|-ability|p2b: Archaludon|Stamina|boost
|-boost|p2b: Archaludon|def|1
|move|p1a: Farigiraf|Trick Room|p1a: Farigiraf
|-fieldstart|move: Trick Room|[of] p1a: Farigiraf
|
|-weather|RainDance|[upkeep]
|-heal|p2b: Archaludon|52/100|[from] item: Leftovers
|upkeep
|turn|4
|inactive|Boyo Mik has 30 seconds left.
|inactive|Boyo Mik has 20 seconds left.
|inactive|Boyo Mik has 15 seconds left.
|inactive|Boyo Mik has 10 seconds left.
|
|t:|1782506075
|detailschange|p2a: Swampert|Swampert-Mega, L50, M
|-mega|p2a: Swampert|Swampert|Swampertite
|move|p1a: Farigiraf|Foul Play|p2a: Swampert
|-damage|p2a: Swampert|21/100
|move|p1b: Sylveon|Hyper Voice|p2b: Archaludon|[spread] p2a,p2b
|-damage|p2a: Swampert|0 fnt
|-damage|p2b: Archaludon|23/100
|-ability|p2b: Archaludon|Stamina|boost
|-boost|p2b: Archaludon|def|1
|faint|p2a: Swampert
|move|p2b: Archaludon|Flash Cannon|p1b: Sylveon
|-supereffective|p1b: Sylveon|1
|-damage|p1b: Sylveon|46/100
|
|-weather|RainDance|[upkeep]
|-heal|p2b: Archaludon|29/100|[from] item: Leftovers
|upkeep
|
|t:|1782506088
|switch|p2a: Pelipper|Pelipper, L50, M|41/100
|turn|5
|
|t:|1782506103
|move|p1b: Sylveon|Hyper Voice|p2b: Archaludon|[spread] p2a,p2b
|-damage|p2a: Pelipper|0 fnt
|-damage|p2b: Archaludon|1/100
|-ability|p2b: Archaludon|Stamina|boost
|-boost|p2b: Archaludon|def|1
|faint|p2a: Pelipper
|move|p2b: Archaludon|Dragon Pulse|p1b: Sylveon
|-immune|p1b: Sylveon
|move|p1a: Farigiraf|Trick Room|p1a: Farigiraf
|-fieldend|move: Trick Room
|
|-weather|RainDance|[upkeep]
|-heal|p2b: Archaludon|7/100|[from] item: Leftovers
|-sideend|p2: Boyo Mik|move: Light Screen
|-sideend|p2: Boyo Mik|move: Tailwind
|upkeep
|turn|6
|
|t:|1782506117
|move|p2b: Archaludon|Electro Shot||[still]
|-prepare|p2b: Archaludon|Electro Shot
|-boost|p2b: Archaludon|spa|1
|-anim|p2b: Archaludon|Electro Shot|p1b: Sylveon
|-damage|p1b: Sylveon|5/100
|move|p1b: Sylveon|Hyper Voice|p2b: Archaludon
|-damage|p2b: Archaludon|0 fnt
|faint|p2b: Archaludon
|
|win|Glimme
