|j|☆TrainerChrxs
|j|☆Urkin' Pincurchin
|html|TrainerChrxsUrkin' Pincurchin    
|uhtml|bestof|Game 2 of a best-of-3
|t:|1756689960
|gametype|doubles
|player|p1|TrainerChrxs|psychic-gen4|1319
|player|p2|Urkin' Pincurchin|fisherman-gen4|1356
|gen|9
|tier|[Gen 9] VGC 2025 Reg H (Bo3)
|rated|
|rule|Species Clause: Limit one of each Pokémon
|rule|Item Clause: Limit 1 of each item
|clearpoke
|poke|p1|Orthworm, L50, F|
|poke|p1|Sneasler, L50, F|
|poke|p1|Dragonite, L50, M|
|poke|p1|Comfey, L50, F|
|poke|p1|Rillaboom, L50, M|
|poke|p1|Volcarona, L50, M|
|poke|p2|Dragonite, L50, M|
|poke|p2|Rillaboom, L50, M|
|poke|p2|Maushold-Four, L50|
|poke|p2|Annihilape, L50, M|
|poke|p2|Gholdengo, L50|
|poke|p2|Ursaluna-Bloodmoon, L50, M|
|teampreview|4
|showteam|p1|Orthworm||SitrusBerry|EarthEater|Protect,BodyPress,HelpingHand,ShedTail|||F|||50|,,,,,Fire]Sneasler||FocusSash|Unburden|FakeOut,DireClaw,CloseCombat,Coaching|||F|||50|,,,,,Ghost]Dragonite||LoadedDice|Multiscale|Protect,ScaleShot,TeraBlast,Haze|||M|||50|,,,,,Flying]Comfey||CovertCloak|Triage|Protect,DrainingKiss,FloralHealing,Taunt|||F|||50|,,,,,Grass]Rillaboom||AssaultVest|GrassySurge|FakeOut,GrassyGlide,WoodHammer,Uturn|||M|||50|,,,,,Fire]Volcarona||GrassySeed|FlameBody|Protect,HeatWave,GigaDrain,QuiverDance|||M|||50|,,,,,Grass
|showteam|p2|Dragonite||LoadedDice|Multiscale|ScaleShot,Tailwind,Protect,Haze|||M|||50|,,,,,Fairy]Rillaboom||MiracleSeed|GrassySurge|WoodHammer,GrassyGlide,HighHorsepower,FakeOut|||M|||50|,,,,,Fire]Maushold-Four||FocusSash|FriendGuard|SuperFang,BeatUp,Protect,FollowMe||||||50|,,,,,Ghost]Annihilape||SitrusBerry|Defiant|RageFist,DrainPunch,BulkUp,Protect|||M|||50|,,,,,Fire]Gholdengo||LifeOrb|GoodasGold|MakeItRain,ShadowBall,Protect,NastyPlot||||||50|,,,,,Water]Ursaluna-Bloodmoon||AssaultVest|MindsEye|BloodMoon,EarthPower,HyperVoice,VacuumWave|||M|||50|,,,,,Water
|inactive|Battle timer is ON: inactive players will automatically lose when time's up. (requested by Urkin' Pincurchin)
|
|t:|1756689989
|teamsize|p1|4
|teamsize|p2|4
|start
|switch|p1a: Sneasler|Sneasler, L50, F, shiny|100/100
|switch|p1b: Orthworm|Orthworm, L50, F, shiny|100/100
|switch|p2a: Maushold|Maushold-Four, L50|100/100
|switch|p2b: Annihilape|Annihilape, L50, M|100/100
|turn|1
|
|t:|1756690008
|-terastallize|p2a: Maushold|Ghost
|move|p1a: Sneasler|Dire Claw|p2a: Maushold
|-resisted|p2a: Maushold
|-damage|p2a: Maushold|72/100
|-status|p2a: Maushold|psn
|move|p2a: Maushold|Super Fang|p1b: Orthworm
|-damage|p1b: Orthworm|50/100
|-enditem|p1b: Orthworm|Sitrus Berry|[eat]
|-heal|p1b: Orthworm|75/100|[from] item: Sitrus Berry
|move|p2b: Annihilape|Drain Punch|p1b: Orthworm
|-supereffective|p1b: Orthworm
|-damage|p1b: Orthworm|35/100
|move|p1b: Orthworm|Shed Tail|p1b: Orthworm
|-fail|p1b: Orthworm|move: Shed Tail|[weak]
|
|-damage|p2a: Maushold|60/100 psn|[from] psn
|upkeep
|turn|2
|
|t:|1756690028
|move|p1b: Orthworm|Helping Hand|p1a: Sneasler
|-singleturn|p1a: Sneasler|Helping Hand|[of] p1b: Orthworm
|move|p1a: Sneasler|Dire Claw|p2b: Annihilape
|-resisted|p2b: Annihilape
|-damage|p2b: Annihilape|77/100
|move|p2a: Maushold|Beat Up|p2b: Annihilape
|-damage|p2b: Annihilape|75/100
|-damage|p2b: Annihilape|73/100
|-damage|p2b: Annihilape|72/100
|-damage|p2b: Annihilape|70/100
|-hitcount|p2b: Annihilape|4
|move|p2b: Annihilape|Bulk Up|p2b: Annihilape
|-boost|p2b: Annihilape|atk|1
|-boost|p2b: Annihilape|def|1
|
|-damage|p2a: Maushold|48/100 psn|[from] psn
|upkeep
|turn|3
|
|t:|1756690047
|switch|p1b: Dragonite|Dragonite, L50, M|100/100
|move|p1a: Sneasler|Coaching|p1b: Dragonite
|-boost|p1b: Dragonite|atk|1
|-boost|p1b: Dragonite|def|1
|move|p2a: Maushold|Beat Up|p1a: Sneasler
|-resisted|p1a: Sneasler
|-crit|p1a: Sneasler
|-damage|p1a: Sneasler|98/100
|-resisted|p1a: Sneasler
|-damage|p1a: Sneasler|96/100
|-resisted|p1a: Sneasler
|-damage|p1a: Sneasler|95/100
|-resisted|p1a: Sneasler
|-damage|p1a: Sneasler|93/100
|-hitcount|p1a: Sneasler|4
|move|p2b: Annihilape|Rage Fist|p1a: Sneasler
|-damage|p1a: Sneasler|0 fnt
|faint|p1a: Sneasler
|
|-damage|p2a: Maushold|36/100 psn|[from] psn
|upkeep
|
|t:|1756690064
|switch|p1a: Volcarona|Volcarona, L50, M|100/100
|turn|4
|
|t:|1756690078
|-terastallize|p1b: Dragonite|Flying
|move|p2a: Maushold|Super Fang|p1b: Dragonite
|-damage|p1b: Dragonite|51/100
|move|p2b: Annihilape|Rage Fist|p1b: Dragonite
|-crit|p1b: Dragonite
|-damage|p1b: Dragonite|0 fnt
|faint|p1b: Dragonite
|move|p1a: Volcarona|Quiver Dance|p1a: Volcarona
|-boost|p1a: Volcarona|spa|1
|-boost|p1a: Volcarona|spd|1
|-boost|p1a: Volcarona|spe|1
|
|-damage|p2a: Maushold|24/100 psn|[from] psn
|upkeep
|
|t:|1756690086
|switch|p1b: Orthworm|Orthworm, L50, F, shiny|35/100
|turn|5
|
|t:|1756690095
|move|p1b: Orthworm|Helping Hand|p1a: Volcarona
|-singleturn|p1a: Volcarona|Helping Hand|[of] p1b: Orthworm
|move|p2a: Maushold|Follow Me|p2a: Maushold
|-singleturn|p2a: Maushold|move: Follow Me
|move|p1a: Volcarona|Heat Wave|p2b: Annihilape|[spread] p2a,p2b
|-damage|p2a: Maushold|0 fnt
|-damage|p2b: Annihilape|16/100
|-enditem|p2b: Annihilape|Sitrus Berry|[eat]
|-heal|p2b: Annihilape|41/100|[from] item: Sitrus Berry
|faint|p2a: Maushold
|move|p2b: Annihilape|Rage Fist|p1a: Volcarona
|-damage|p1a: Volcarona|0 fnt
|faint|p1a: Volcarona
|
|upkeep
|
|t:|1756690097
|switch|p2a: Gholdengo|Gholdengo, L50|100/100
|turn|6
|-message|TrainerChrxs forfeited.
|
|win|Urkin' Pincurchin
||TrainerChrxs is ready for game 3.
