|j|☆Argentavis_Gaming
|j|☆eviovulpix
|html|Argentavis_Gamingeviovulpix    
|uhtml|bestof|Game 1 of a best-of-3
|t:|1783365319
|gametype|doubles
|player|p1|Argentavis_Gaming|unknown|1168
|player|p2|eviovulpix|169|1230
|gen|9
|tier|[Gen 9 Champions] VGC 2026 Reg M-B (Bo3)
|rated|
|rule|Species Clause: Limit one of each Pokémon
|rule|Item Clause: Limit 1 of each item
|clearpoke
|poke|p1|Metagross, L50|
|poke|p1|Hydreigon, L50, F|
|poke|p1|Staraptor, L50, F|
|poke|p1|Whimsicott, L50, M|
|poke|p1|Incineroar, L50, M|
|poke|p1|Sinistcha-Masterpiece, L50|
|poke|p2|Floette-Eternal, L50, F|
|poke|p2|Charizard, L50, F|
|poke|p2|Whimsicott, L50, F|
|poke|p2|Garchomp, L50, M|
|poke|p2|Basculegion, L50, M|
|poke|p2|Kingambit, L50, M|
|teampreview|4
|showteam|p1|Metagross||Metagrossite|ClearBody|IronHead,PsychicFangs,BulletPunch,Protect|Adamant|||||50|]Hydreigon||ChoiceScarf|Levitate|DarkPulse,DracoMeteor,Snarl,Uturn|Timid||F|||50|]Staraptor||Staraptite|Intimidate|CloseCombat,BraveBird,Roost,Protect|Jolly||F|||50|]Whimsicott||FocusSash|Prankster|Moonblast,Tailwind,Charm,Encore|Timid||M|||50|]Incineroar||SitrusBerry|Intimidate|FakeOut,DarkestLariat,FlareBlitz,PartingShot|Careful||M|||50|]Sinistcha-Masterpiece||KasibBerry|Hospitality|MatchaGotcha,TrickRoom,ShadowBall,RagePowder|Bold|||||50|
|showteam|p2|Floette-Eternal||Floettite|FlowerVeil|Moonblast,DazzlingGleam,LightofRuin,Protect|Modest||F|||50|]Charizard||CharizarditeY|Blaze|HeatWave,WeatherBall,SolarBeam,Protect|Modest||F|||50|]Whimsicott||FocusSash|Prankster|Moonblast,Tailwind,Encore,Protect|Timid||F|||50|]Garchomp||LifeOrb|RoughSkin|DragonClaw,StompingTantrum,RockSlide,Protect|Jolly||M|||50|]Basculegion||MysticWater|Adaptability|WaveCrash,LastRespects,AquaJet,Protect|Adamant||M|||50|]Kingambit||ChopleBerry|Defiant|KowtowCleave,IronHead,SuckerPunch,LowKick|Adamant||M|||50|
|
|t:|1783365381
|teamsize|p1|4
|teamsize|p2|4
|start
|switch|p1a: Whimsicott|Whimsicott, L50, M|100/100
|switch|p1b: Metagross|Metagross, L50|100/100
|switch|p2a: Whimsicott|Whimsicott, L50, F|100/100
|switch|p2b: Charizard|Charizard, L50, F|100/100
|turn|1
|
|t:|1783365400
|detailschange|p2b: Charizard|Charizard-Mega-Y, L50, F
|-mega|p2b: Charizard|Charizard|Charizardite Y
|-weather|SunnyDay|[from] ability: Drought|[of] p2b: Charizard
|detailschange|p1b: Metagross|Metagross-Mega, L50
|-mega|p1b: Metagross|Metagross|Metagrossite
|move|p1a: Whimsicott|Tailwind|p1a: Whimsicott
|-sidestart|p1: Argentavis_Gaming|move: Tailwind
|move|p2a: Whimsicott|Tailwind|p2a: Whimsicott
|-sidestart|p2: eviovulpix|move: Tailwind
|move|p1b: Metagross|Psychic Fangs|p2b: Charizard
|-damage|p2b: Charizard|28/100
|move|p2b: Charizard|Heat Wave|p1b: Metagross|[spread] p1a,p1b
|-supereffective|p1a: Whimsicott|1
|-supereffective|p1b: Metagross|1
|-enditem|p1a: Whimsicott|Focus Sash
|-damage|p1a: Whimsicott|1/100
|-damage|p1b: Metagross|0 fnt
|faint|p1b: Metagross
|
|-weather|SunnyDay|[upkeep]
|upkeep
|
|t:|1783365410
|switch|p1b: Hydreigon|Hydreigon, L50, F|100/100
|turn|2
|
|t:|1783365427
|switch|p2b: Garchomp|Garchomp, L50, M|100/100
|move|p2a: Whimsicott|Encore|p1a: Whimsicott
|-start|p1a: Whimsicott|Encore
|move|p1a: Whimsicott|Tailwind||[still]
|-fail|p1a: Whimsicott
|move|p1b: Hydreigon|Snarl|p2b: Garchomp|[spread] p2a,p2b
|-resisted|p2a: Whimsicott|1
|-damage|p2a: Whimsicott|83/100
|-damage|p2b: Garchomp|78/100
|-unboost|p2a: Whimsicott|spa|1
|-unboost|p2b: Garchomp|spa|1
|
|-weather|SunnyDay|[upkeep]
|upkeep
|turn|3
|
|t:|1783365441
|switch|p1a: Incineroar|Incineroar, L50, M|100/100
|-ability|p1a: Incineroar|Intimidate|boost
|-unboost|p2a: Whimsicott|atk|1
|-unboost|p2b: Garchomp|atk|1
|move|p1b: Hydreigon|Snarl|p2a: Whimsicott|[spread] p2a,p2b
|-resisted|p2a: Whimsicott|1
|-damage|p2a: Whimsicott|67/100
|-damage|p2b: Garchomp|55/100
|-unboost|p2a: Whimsicott|spa|1
|-unboost|p2b: Garchomp|spa|1
|move|p2a: Whimsicott|Moonblast|p1a: Incineroar
|-damage|p1a: Incineroar|87/100
|move|p2b: Garchomp|Dragon Claw|p1b: Hydreigon
|-supereffective|p1b: Hydreigon|1
|-damage|p1b: Hydreigon|12/100
|-damage|p2b: Garchomp|45/100|[from] item: Life Orb
|
|-weather|SunnyDay|[upkeep]
|upkeep
|turn|4
|
|t:|1783365483
|switch|p2a: Floette|Floette-Eternal, L50, F|100/100
|move|p1a: Incineroar|Fake Out|p2a: Floette
|-crit|p2a: Floette
|-damage|p2a: Floette|73/100
|move|p1b: Hydreigon|Snarl|p2a: Floette|[spread] p2a,p2b
|-resisted|p2a: Floette|1
|-damage|p2a: Floette|63/100
|-damage|p2b: Garchomp|24/100
|-unboost|p2a: Floette|spa|1
|-unboost|p2b: Garchomp|spa|1
|move|p2b: Garchomp|Rock Slide|p1b: Hydreigon|[spread] p1a,p1b
|-supereffective|p1a: Incineroar|1
|-crit|p1b: Hydreigon
|-damage|p1a: Incineroar|52/100
|-damage|p1b: Hydreigon|0 fnt
|faint|p1b: Hydreigon
|-damage|p2b: Garchomp|14/100|[from] item: Life Orb
|
|-weather|SunnyDay|[upkeep]
|-sideend|p1: Argentavis_Gaming|move: Tailwind
|-sideend|p2: eviovulpix|move: Tailwind
|upkeep
|
|t:|1783365485
|switch|p1b: Whimsicott|Whimsicott, L50, M|1/100
|turn|5
|
|t:|1783365504
|switch|p2b: Whimsicott|Whimsicott, L50, F|67/100
|move|p1b: Whimsicott|Moonblast|p2a: Floette
|-damage|p2a: Floette|28/100
|move|p2a: Floette|Dazzling Gleam|p1b: Whimsicott|[spread] p1a,p1b
|-damage|p1a: Incineroar|39/100
|-damage|p1b: Whimsicott|0 fnt
|-enditem|p1a: Incineroar|Sitrus Berry|[eat]
|-heal|p1a: Incineroar|63/100|[from] item: Sitrus Berry
|faint|p1b: Whimsicott
|move|p1a: Incineroar|Darkest Lariat|p2b: Whimsicott
|-resisted|p2b: Whimsicott|1
|-damage|p2b: Whimsicott|41/100
|
|-weather|none
|upkeep
|turn|6
|
|t:|1783365520
|move|p2b: Whimsicott|Moonblast|p1a: Incineroar
|-damage|p1a: Incineroar|39/100
|move|p2a: Floette|Light of Ruin|p1a: Incineroar
|-damage|p1a: Incineroar|4/100
|-damage|p2a: Floette|6/100|[from] Recoil
|move|p1a: Incineroar|Flare Blitz|p2b: Whimsicott
|-supereffective|p2b: Whimsicott|1
|-damage|p2b: Whimsicott|0 fnt
|faint|p2b: Whimsicott
|-damage|p1a: Incineroar|0 fnt|[from] Recoil
|faint|p1a: Incineroar
|
|win|eviovulpix
|inactive|Argentavis_Gaming has 30 seconds to confirm battle start!
|inactive|eviovulpix has 30 seconds to confirm battle start!
