|j|☆tt/el.glenko
|j|☆Okari958
|html|tt/el.glenkoOkari958    
|uhtml|bestof|Game 1 of a best-of-3
|t:|1782610078
|gametype|doubles
|player|p1|tt/el.glenko|102|
|player|p2|Okari958|lass-gen4dp|
|gen|9
|tier|[Gen 9 Champions] VGC 2026 Reg M-B (Bo3)
|rule|Species Clause: Limit one of each Pokémon
|rule|Item Clause: Limit 1 of each item
|clearpoke
|poke|p1|Klefki, L50, F|
|poke|p1|Swampert, L50, M|
|poke|p1|Pelipper, L50, F|
|poke|p1|Gholdengo, L50|
|poke|p1|Maushold-Four, L50|
|poke|p1|Metagross, L50|
|poke|p2|Floette-Eternal, L50, F|
|poke|p2|Charizard, L50, M|
|poke|p2|Whimsicott, L50, F|
|poke|p2|Garchomp, L50, M|
|poke|p2|Basculegion, L50, M|
|poke|p2|Kangaskhan, L50, F|
|teampreview|4
|showteam|p1|Klefki||LightClay|Prankster|RainDance,LightScreen,Reflect,DazzlingGleam|Bold||F|||50|]Swampert||Swampertite|Damp|HighHorsepower,RockSlide,Protect,WaveCrash|Adamant||M|||50|]Pelipper||FocusSash|Drizzle|Tailwind,WeatherBall,Hurricane,WideGuard|Modest||F|||50|]Gholdengo||LifeOrb|GoodasGold|MakeItRain,ShadowBall,NastyPlot,Protect|Modest|||||50|]Maushold-Four||SitrusBerry|FriendGuard|SuperFang,FollowMe,Protect,Feint|Jolly|||||50|]Metagross||Metagrossite|ClearBody|IronHead,PsychicFangs,StompingTantrum,Protect|Serious|||||50|
|showteam|p2|Floette-Eternal||Floettite|FlowerVeil|Moonblast,DazzlingGleam,LightofRuin,Protect|Modest||F|||50|]Charizard||CharizarditeY|Blaze|HeatWave,WeatherBall,SolarBeam,Protect|Modest||M|||50|]Whimsicott||FocusSash|Prankster|Moonblast,Encore,Tailwind,Protect|Timid||F|||50|]Garchomp||LifeOrb|RoughSkin|DragonClaw,StompingTantrum,PoisonJab,RockSlide|Jolly||M|||50|]Basculegion||MysticWater|Adaptability|WaveCrash,LastRespects,AquaJet,Protect|Adamant||M|||50|]Kangaskhan||SilkScarf|Scrappy|FakeOut,LastResort|Brave||F|||50|
|c|☆Okari958|GL
|
|t:|1782610141
|teamsize|p1|4
|teamsize|p2|4
|start
|switch|p1a: Klefki|Klefki, L50, F|100/100
|switch|p1b: Swampert|Swampert, L50, M|100/100
|switch|p2a: Charizard|Charizard, L50, M|100/100
|switch|p2b: Whimsicott|Whimsicott, L50, F|100/100
|turn|1
|
|t:|1782610159
|move|p2a: Charizard|Protect|p2a: Charizard
|-singleturn|p2a: Charizard|Protect
|move|p2b: Whimsicott|Tailwind|p2b: Whimsicott
|-sidestart|p2: Okari958|move: Tailwind
|move|p1a: Klefki|Rain Dance|p1a: Klefki
|-weather|RainDance
|move|p1b: Swampert|High Horsepower|p1a: Klefki|[miss]
|-miss|p1b: Swampert|p1a: Klefki
|
|-weather|RainDance|[upkeep]
|upkeep
|turn|2
|
|t:|1782610194
|detailschange|p2a: Charizard|Charizard-Mega-Y, L50, M
|-mega|p2a: Charizard|Charizard|Charizardite Y
|-weather|SunnyDay|[from] ability: Drought|[of] p2a: Charizard
|move|p1b: Swampert|Protect|p1b: Swampert
|-singleturn|p1b: Swampert|Protect
|move|p1a: Klefki|Rain Dance|p1a: Klefki
|-weather|RainDance
|move|p2b: Whimsicott|Moonblast|p1b: Swampert
|-activate|p1b: Swampert|move: Protect
|move|p2a: Charizard|Solar Beam||[still]
|-prepare|p2a: Charizard|Solar Beam
|
|-weather|RainDance|[upkeep]
|upkeep
|turn|3
|
|t:|1782610216
|switch|p1b: Maushold|Maushold-Four, L50|100/100
|move|p2b: Whimsicott|Encore||[still]
|-fail|p2b: Whimsicott
|move|p1a: Klefki|Light Screen|p1a: Klefki
|-sidestart|p1: tt/el.glenko|move: Light Screen
|move|p2a: Charizard|Solar Beam|p1b: Maushold|[from] lockedmove
|-damage|p1b: Maushold|80/100
|
|-weather|RainDance|[upkeep]
|upkeep
|turn|4
|
|t:|1782610243
|switch|p2a: Basculegion|Basculegion, L50, M|100/100
|switch|p1a: Swampert|Swampert, L50, M|100/100
|move|p2b: Whimsicott|Moonblast|p1b: Maushold
|-damage|p1b: Maushold|52/100
|move|p1b: Maushold|Super Fang|p2b: Whimsicott
|-damage|p2b: Whimsicott|50/100g
|
|-weather|RainDance|[upkeep]
|-sideend|p2: Okari958|move: Tailwind
|upkeep
|turn|5
|l|☆tt/el.glenko
|player|p1|
|j|☆tt/el.glenko
|player|p1|tt/el.glenko|102|
|
|t:|1782611773
|detailschange|p1a: Swampert|Swampert-Mega, L50, M
|-mega|p1a: Swampert|Swampert|Swampertite
|move|p1b: Maushold|Follow Me|p1b: Maushold
|-singleturn|p1b: Maushold|move: Follow Me
|move|p2b: Whimsicott|Tailwind|p2b: Whimsicott
|-sidestart|p2: Okari958|move: Tailwind
|move|p1a: Swampert|High Horsepower|p2a: Basculegion
|-damage|p2a: Basculegion|36/100
|move|p2a: Basculegion|Wave Crash|p1b: Maushold
|-damage|p1b: Maushold|0 fnt
|faint|p1b: Maushold
|-damage|p2a: Basculegion|21/100|[from] Recoil
|
|-weather|RainDance|[upkeep]
|upkeep
|
|t:|1782611786
|switch|p1b: Klefki|Klefki, L50, F|100/100
|turn|6
|
|t:|1782611794
|switch|p2a: Charizard|Charizard-Mega-Y, L50, M|100/100
|-weather|SunnyDay|[from] ability: Drought|[of] p2a: Charizard
|move|p2b: Whimsicott|Encore|p1a: Swampert
|-start|p1a: Swampert|Encore
|move|p1b: Klefki|Reflect|p1b: Klefki
|-sidestart|p1: tt/el.glenko|Reflect
|move|p1a: Swampert|High Horsepower|p2b: Whimsicott
|-resisted|p2b: Whimsicott|1
|-damage|p2b: Whimsicott|8/100
|
|-weather|SunnyDay|[upkeep]
|upkeep
|turn|7
|
|t:|1782611818
|switch|p1a: Pelipper|Pelipper, L50, F|100/100
|-weather|RainDance|[from] ability: Drizzle|[of] p1a: Pelipper
|move|p2b: Whimsicott|Moonblast|p1a: Pelipper
|-damage|p1a: Pelipper|57/100
|-unboost|p1a: Pelipper|spa|1
|move|p2a: Charizard|Weather Ball|p1a: Pelipper
|-resisted|p1a: Pelipper|1
|-damage|p1a: Pelipper|21/100
|move|p1b: Klefki|Dazzling Gleam|p2a: Charizard|[spread] p2a,p2b
|-resisted|p2a: Charizard|1
|-damage|p2a: Charizard|91/100
|-damage|p2b: Whimsicott|0 fnt
|faint|p2b: Whimsicott
|
|-weather|RainDance|[upkeep]
|upkeep
|
|t:|1782611838
|switch|p2b: Basculegion|Basculegion, L50, M|21/100
|turn|8
|
|t:|1782611865
|move|p1a: Pelipper|Wide Guard|p1a: Pelipper
|-singleturn|p1a: Pelipper|Wide Guard
|move|p2a: Charizard|Weather Ball|p1a: Pelipper
|-resisted|p1a: Pelipper|1
|-damage|p1a: Pelipper|0 fnt
|faint|p1a: Pelipper
|move|p2b: Basculegion|Wave Crash|p1b: Klefki
|-damage|p1b: Klefki|9/100
|-damage|p2b: Basculegion|0 fnt|[from] Recoil
|faint|p2b: Basculegion
|move|p1b: Klefki|Dazzling Gleam|p2a: Charizard
|-resisted|p2a: Charizard|1
|-damage|p2a: Charizard|81/100
|
|-weather|RainDance|[upkeep]
|-sideend|p2: Okari958|move: Tailwind
|upkeep
|
|t:|1782611879
|switch|p2b: Garchomp|Garchomp, L50, M|100/100
|switch|p1a: Swampert|Swampert-Mega, L50, M|100/100
|turn|9
|
|t:|1782611918
|move|p2a: Charizard|Protect|p2a: Charizard
|-singleturn|p2a: Charizard|Protect
|move|p1a: Swampert|Wave Crash|p2b: Garchomp
|-damage|p2b: Garchomp|0 fnt
|-damage|p1a: Swampert|87/100|[from] ability: Rough Skin|[of] p2b: Garchomp
|faint|p2b: Garchomp
|-damage|p1a: Swampert|53/100|[from] Recoil
|move|p1b: Klefki|Dazzling Gleam|p2a: Charizard
|-activate|p2a: Charizard|move: Protect
|
|-weather|RainDance|[upkeep]
|upkeep
|turn|10
|
|t:|1782611941
|move|p2a: Charizard|Protect|p2a: Charizard
|-singleturn|p2a: Charizard|Protect
|move|p1a: Swampert|Wave Crash|p2a: Charizard
|-activate|p2a: Charizard|move: Protect
|move|p1b: Klefki|Dazzling Gleam|p2a: Charizard
|-activate|p2a: Charizard|move: Protect
|
|-weather|RainDance|[upkeep]
|-sideend|p1: tt/el.glenko|move: Light Screen
|upkeep
|turn|11
|
|t:|1782611957
|move|p1a: Swampert|Wave Crash|p2a: Charizard
|-supereffective|p2a: Charizard|1
|-damage|p2a: Charizard|0 fnt
|faint|p2a: Charizard
|-damage|p1a: Swampert|27/100|[from] Recoil
|
|win|tt/el.glenko
||Okari958 is ready for game 2.
|inactive|tt/el.glenko has 30 seconds to confirm battle start!
|inactive|tt/el.glenko has 20 seconds to confirm battle start!
||tt/el.glenko is ready for game 2.
|uhtml|next|Next: Game 2 of 3
