|j|☆latios66
|j|☆RonJohn
|html|latios66RonJohn    
|uhtml|bestof|Game 2 of a best-of-3
|t:|1756327138
|gametype|doubles
|player|p1|latios66|265|1068
|player|p2|RonJohn|169|1116
|gen|9
|tier|[Gen 9] VGC 2025 Reg H (Bo3)
|rated|
|rule|Species Clause: Limit one of each Pokémon
|rule|Item Clause: Limit 1 of each item
|clearpoke
|poke|p1|Indeedee, L50, M|
|poke|p1|Drifblim, L50, M|
|poke|p1|Volcarona, L50, F|
|poke|p1|Kommo-o, L50, M|
|poke|p1|Toxtricity, L50, M|
|poke|p1|Hydreigon, L50, M|
|poke|p2|Ninetales-Alola, L50, F|
|poke|p2|Dragonite, L50, F|
|poke|p2|Amoonguss, L50, M|
|poke|p2|Incineroar, L50, M|
|poke|p2|Gholdengo, L50|
|poke|p2|Ursaluna-Bloodmoon, L50, M|
|teampreview|4
|showteam|p1|Indeedee||FocusSash|PsychicSurge|ExpandingForce,TeraBlast,Imprison,TrickRoom|||M|||50|,,,,,Ground]Drifblim||PsychicSeed|Unburden|ShadowBall,WillOWisp,StrengthSap,Tailwind|||M|||50|,,,,,Grass]Volcarona||LifeOrb|FlameBody|BugBuzz,HeatWave,TeraBlast,Protect|||F|||50|,,,,,Fairy]Kommo-o||Leftovers|Soundproof|BodyPress,Flamethrower,IronDefense,Protect|||M|||50|,,,,,Fire]Toxtricity||ChoiceSpecs|PunkRock|Overdrive,SludgeBomb,Boomburst,VoltSwitch|||M|||50|,,,,,Normal]Hydreigon||AssaultVest|Levitate|DarkPulse,DracoMeteor,EarthPower,Snarl|||M|||50|,,,,,Ghost
|showteam|p2|Ninetales-Alola||FocusSash|SnowWarning|Blizzard,IcyWind,Protect,Encore|||F|||50|,,,,,Ice]Dragonite||LoadedDice|Multiscale|ScaleShot,Tailwind,Protect,Haze|||F|||50|,,,,,Fairy]Amoonguss||SitrusBerry|Regenerator|PollenPuff,Spore,Protect,RagePowder|||M|||50|,,,,,Psychic]Incineroar||SafetyGoggles|Intimidate|FlareBlitz,KnockOff,FakeOut,PartingShot|||M|||50|,,,,,Ghost]Gholdengo||LifeOrb|GoodasGold|MakeItRain,ShadowBall,Protect,NastyPlot||||||50|,,,,,Water]Ursaluna-Bloodmoon||AssaultVest|MindsEye|BloodMoon,EarthPower,HyperVoice,VacuumWave|||M|||50|,,,,,Water
|inactive|Battle timer is ON: inactive players will automatically lose when time's up. (requested by RonJohn)
|inactive|latios66 has 60 seconds left.
|inactive|RonJohn has 60 seconds left.
|
|t:|1756327177
|teamsize|p1|4
|teamsize|p2|4
|start
|switch|p1a: Drifblim|Drifblim, L50, M|100/100
|switch|p1b: Indeedee|Indeedee, L50, M|100/100
|switch|p2a: Dragonite|Dragonite, L50, F|100/100
|switch|p2b: Amoonguss|Amoonguss, L50, M|100/100
|-fieldstart|move: Psychic Terrain|[from] ability: Psychic Surge|[of] p1b: Indeedee
|-enditem|p1a: Drifblim|Psychic Seed
|-boost|p1a: Drifblim|spd|1|[from] item: Psychic Seed
|turn|1
|inactive|RonJohn has 30 seconds left.
|
|t:|1756327203
|-terastallize|p2b: Amoonguss|Psychic
|move|p2b: Amoonguss|Rage Powder|p2b: Amoonguss
|-singleturn|p2b: Amoonguss|move: Rage Powder
|move|p1a: Drifblim|Will-O-Wisp|p2b: Amoonguss
|-status|p2b: Amoonguss|brn
|move|p1b: Indeedee|Expanding Force|p2a: Dragonite|[spread] p2a,p2b
|-resisted|p2b: Amoonguss
|-damage|p2a: Dragonite|72/100
|-damage|p2b: Amoonguss|80/100 brn
|move|p2a: Dragonite|Scale Shot|p1b: Indeedee|[miss]
|-miss|p2a: Dragonite|p1b: Indeedee
|
|-damage|p2b: Amoonguss|74/100 brn|[from] brn
|upkeep
|turn|2
|
|t:|1756327227
|switch|p2a: Gholdengo|Gholdengo, L50|100/100
|-terastallize|p1a: Drifblim|Grass
|move|p1a: Drifblim|Will-O-Wisp|p2a: Gholdengo
|-immune|p2a: Gholdengo|[from] ability: Good as Gold
|move|p1b: Indeedee|Expanding Force|p2a: Gholdengo|[spread] p2a,p2b
|-resisted|p2a: Gholdengo
|-resisted|p2b: Amoonguss
|-damage|p2a: Gholdengo|74/100
|-damage|p2b: Amoonguss|52/100 brn
|move|p2b: Amoonguss|Spore|p1a: Drifblim
|-immune|p1a: Drifblim
|
|-damage|p2b: Amoonguss|46/100 brn|[from] brn
|upkeep
|-enditem|p2b: Amoonguss|Sitrus Berry|[eat]
|-heal|p2b: Amoonguss|71/100 brn|[from] item: Sitrus Berry
|turn|3
|inactive|RonJohn has 30 seconds left.
|
|t:|1756327259
|move|p2b: Amoonguss|Rage Powder|p2b: Amoonguss
|-singleturn|p2b: Amoonguss|move: Rage Powder
|move|p1a: Drifblim|Shadow Ball|p2b: Amoonguss
|-supereffective|p2b: Amoonguss
|-damage|p2b: Amoonguss|29/100 brn
|-unboost|p2b: Amoonguss|spd|1
|move|p1b: Indeedee|Expanding Force|p2a: Gholdengo|[spread] p2a,p2b
|-resisted|p2a: Gholdengo
|-resisted|p2b: Amoonguss
|-damage|p2a: Gholdengo|47/100
|-damage|p2b: Amoonguss|0 fnt
|faint|p2b: Amoonguss
|move|p2a: Gholdengo|Nasty Plot|p2a: Gholdengo
|-boost|p2a: Gholdengo|spa|2
|
|upkeep
|
|t:|1756327279
|switch|p2b: Dragonite|Dragonite, L50, F|72/100
|turn|4
|
|t:|1756327302
|move|p2a: Gholdengo|Protect|p2a: Gholdengo
|-singleturn|p2a: Gholdengo|Protect
|move|p1a: Drifblim|Shadow Ball|p2a: Gholdengo
|-activate|p2a: Gholdengo|move: Protect
|move|p1b: Indeedee|Expanding Force|p2a: Gholdengo|[spread] p2b
|-activate|p2a: Gholdengo|move: Protect
|-damage|p2b: Dragonite|17/100
|move|p2b: Dragonite|Scale Shot|p1a: Drifblim|[miss]
|-miss|p2b: Dragonite|p1a: Drifblim
|
|upkeep
|turn|5
|inactive|RonJohn has 30 seconds left.
|
|t:|1756327337
|switch|p2a: Ursaluna|Ursaluna-Bloodmoon, L50, M|100/100
|move|p2b: Dragonite|Protect|p2b: Dragonite
|-singleturn|p2b: Dragonite|Protect
|move|p1a: Drifblim|Shadow Ball|p2a: Ursaluna
|-immune|p2a: Ursaluna
|move|p1b: Indeedee|Expanding Force|p2b: Dragonite|[spread] p2a
|-activate|p2b: Dragonite|move: Protect
|-damage|p2a: Ursaluna|67/100
|
|-fieldend|move: Psychic Terrain
|upkeep
|turn|6
|inactive|RonJohn has 30 seconds left.
|inactive|RonJohn has 20 seconds left.
|inactive|latios66 has 30 seconds left.
|
|t:|1756327382
|move|p1a: Drifblim|Tailwind|p1a: Drifblim
|-sidestart|p1: latios66|move: Tailwind
|move|p1b: Indeedee|Expanding Force|p2b: Dragonite
|-damage|p2b: Dragonite|0 fnt
|faint|p2b: Dragonite
|move|p2a: Ursaluna|Hyper Voice|p1b: Indeedee|[spread] p1a,p1b
|-damage|p1a: Drifblim|76/100
|-damage|p1b: Indeedee|51/100
|
|upkeep
|
|t:|1756327390
|switch|p2b: Gholdengo|Gholdengo, L50|47/100
|turn|7
|
|t:|1756327408
|move|p2b: Gholdengo|Protect|p2b: Gholdengo
|-singleturn|p2b: Gholdengo|Protect
|move|p1a: Drifblim|Shadow Ball|p2b: Gholdengo
|-activate|p2b: Gholdengo|move: Protect
|move|p1b: Indeedee|Expanding Force|p2a: Ursaluna
|-damage|p2a: Ursaluna|45/100
|move|p2a: Ursaluna|Hyper Voice|p1a: Drifblim|[spread] p1a,p1b
|-crit|p1a: Drifblim
|-damage|p1a: Drifblim|25/100
|-damage|p1b: Indeedee|1/100
|
|upkeep
|turn|8
|inactive|RonJohn has 30 seconds left.
|inactive|RonJohn has 20 seconds left.
|
|t:|1756327445
|move|p2a: Ursaluna|Vacuum Wave|p1b: Indeedee
|-damage|p1b: Indeedee|0 fnt
|faint|p1b: Indeedee
|move|p1a: Drifblim|Shadow Ball|p2b: Gholdengo
|-supereffective|p2b: Gholdengo
|-damage|p2b: Gholdengo|0 fnt
|faint|p2b: Gholdengo
|
|upkeep
|
|t:|1756327456
|switch|p1b: Toxtricity|Toxtricity, L50, M|100/100
|turn|9
|
|t:|1756327465
|move|p2a: Ursaluna|Vacuum Wave|p1a: Drifblim
|-damage|p1a: Drifblim|16/100
|move|p1a: Drifblim|Strength Sap|p2a: Ursaluna
|-unboost|p2a: Ursaluna|atk|1
|-heal|p1a: Drifblim|46/100
|move|p1b: Toxtricity|Boomburst|p2a: Ursaluna|[spread] p1a,p2a
|-damage|p1a: Drifblim|3/100
|-damage|p2a: Ursaluna|6/100
|
|-sideend|p1: latios66|move: Tailwind
|upkeep
|turn|10
|
|t:|1756327480
|move|p1a: Drifblim|Will-O-Wisp|p2a: Ursaluna
|-status|p2a: Ursaluna|brn
|move|p1b: Toxtricity|Boomburst|p2a: Ursaluna|[spread] p1a,p2a
|-damage|p1a: Drifblim|0 fnt
|-damage|p2a: Ursaluna|0 fnt
|faint|p1a: Drifblim
|faint|p2a: Ursaluna
|
|win|latios66
|raw|latios66's rating: 1068 → 1102(+34 for winning)
|raw|RonJohn's rating: 1116 → 1088(-28 for losing)
|l|☆RonJohn
|player|p2|
