|badge|p1|bronze|gen9ou|100-6
|uhtml|medal-msg|Curious what those medals under the avatar are? PS now has Ladder Seasons! For more information, check out the thread on Smogon.
|j|☆JackRG1
|j|☆We_Are_Toasted
|html|JackRG1We_Are_Toasted    
|uhtml|bestof|Game 3 of a best-of-3
|t:|1757185446
|gametype|doubles
|player|p1|JackRG1|dawn-gen4pt|1235
|player|p2|We_Are_Toasted|larry|1193
|gen|9
|tier|[Gen 9] VGC 2025 Reg H (Bo3)
|rated|
|rule|Species Clause: Limit one of each Pokémon
|rule|Item Clause: Limit 1 of each item
|clearpoke
|poke|p1|Excadrill, L50, F|
|poke|p1|Tyranitar, L50, F|
|poke|p1|Gholdengo, L50|
|poke|p1|Dragapult, L50, F|
|poke|p1|Talonflame, L50, F|
|poke|p1|Farigiraf, L50, F|
|poke|p2|Hydreigon, L50, M|
|poke|p2|Incineroar, L50, F|
|poke|p2|Porygon2, L50|
|poke|p2|Ursaluna, L50, F|
|poke|p2|Amoonguss, L50, M|
|poke|p2|Gholdengo, L50|
|teampreview|4
|showteam|p1|Excadrill||FocusSash|SandRush|IronHead,Protect,Earthquake,HighHorsepower|||F|||50|,,,,,Ground]Tyranitar||ClearAmulet|SandStream|RockSlide,Snarl,Protect,LowKick|||F|||50|,,,,,Ghost]Gholdengo||MetalCoat|GoodasGold|MakeItRain,ShadowBall,NastyPlot,Protect||||||50|,,,,,Flying]Dragapult||ChoiceBand|ClearBody|PhantomForce,DragonDarts,BreakingSwipe,Uturn|||F|||50|,,,,,Dragon]Talonflame||CovertCloak|GaleWings|Tailwind,Taunt,WillOWisp,BraveBird|||F|||50|,,,,,Ghost]Farigiraf||MentalHerb|ArmorTail|TrickRoom,Imprison,Protect,FoulPlay|||F|||50|,,,,,Fairy
|showteam|p2|Hydreigon||SafetyGoggles|Levitate|Snarl,DracoMeteor,Tailwind,Protect|||M|||50|,,,,,Ghost]Incineroar||SitrusBerry|Intimidate|FlareBlitz,KnockOff,PartingShot,FakeOut|||F|||50|,,,,,Ghost]Porygon2||Eviolite|Download|TeraBlast,IceBeam,TrickRoom,Recover||||||50|,,,,,Fighting]Ursaluna||FlameOrb|Guts|Facade,HeadlongRush,Earthquake,Protect|||F|||50|,,,,,Ghost]Amoonguss||RockyHelmet|Regenerator|PollenPuff,Spore,RagePowder,Protect|||M|||50|,,,,,Fire]Gholdengo||MetalCoat|GoodasGold|MakeItRain,ShadowBall,NastyPlot,Protect||||||50|,,,,,Water
|inactive|Battle timer is ON: inactive players will automatically lose when time's up. (requested by JackRG1)
|inactive|We_Are_Toasted has 60 seconds left.
|inactive|JackRG1 has 60 seconds left.
|inactive|We_Are_Toasted has 30 seconds left.
|inactive|We_Are_Toasted has 20 seconds left.
|
|t:|1757185519
|teamsize|p1|4
|teamsize|p2|4
|start
|switch|p1a: Farigiraf|Farigiraf, L50, F|100/100
|switch|p1b: Dragapult|Dragapult, L50, F|100/100
|switch|p2a: Incineroar|Incineroar, L50, F|100/100
|switch|p2b: Amoonguss|Amoonguss, L50, M, shiny|100/100
|-ability|p2a: Incineroar|Intimidate|boost
|-unboost|p1a: Farigiraf|atk|1
|-fail|p1b: Dragapult|unboost|[from] ability: Clear Body|[of] p1b: Dragapult
|turn|1
|
|t:|1757185541
|move|p1a: Farigiraf|Protect|p1a: Farigiraf
|-singleturn|p1a: Farigiraf|Protect
|move|p1b: Dragapult|Breaking Swipe|p2b: Amoonguss|[spread] p2a,p2b
|-damage|p2a: Incineroar|67/100
|-damage|p2b: Amoonguss|66/100
|-unboost|p2a: Incineroar|atk|1
|-unboost|p2b: Amoonguss|atk|1
|-damage|p1b: Dragapult|84/100|[from] item: Rocky Helmet|[of] p2b: Amoonguss
|move|p2a: Incineroar|Knock Off|p1b: Dragapult
|-supereffective|p1b: Dragapult
|-damage|p1b: Dragapult|4/100
|-enditem|p1b: Dragapult|Choice Band|[from] move: Knock Off|[of] p2a: Incineroar
|move|p2b: Amoonguss|Spore|p1a: Farigiraf
|-activate|p1a: Farigiraf|move: Protect
|
|upkeep
|turn|2
|inactive|We_Are_Toasted has 30 seconds left.
|inactive|We_Are_Toasted has 20 seconds left.
|inactive|We_Are_Toasted has 15 seconds left.
|
|t:|1757185583
|switch|p1a: Gholdengo|Gholdengo, L50|100/100
|move|p1b: Dragapult|Breaking Swipe|p2b: Amoonguss|[spread] p2a,p2b
|-damage|p2a: Incineroar|43/100
|-damage|p2b: Amoonguss|44/100
|-unboost|p2a: Incineroar|atk|1
|-unboost|p2b: Amoonguss|atk|1
|-damage|p1b: Dragapult|0 fnt|[from] item: Rocky Helmet|[of] p2b: Amoonguss
|-enditem|p2a: Incineroar|Sitrus Berry|[eat]
|-heal|p2a: Incineroar|68/100|[from] item: Sitrus Berry
|faint|p1b: Dragapult
|move|p2a: Incineroar|Knock Off|p1a: Gholdengo
|-supereffective|p1a: Gholdengo
|-damage|p1a: Gholdengo|58/100
|-enditem|p1a: Gholdengo|Metal Coat|[from] move: Knock Off|[of] p2a: Incineroar
|move|p2b: Amoonguss|Pollen Puff|p2a: Incineroar
|-heal|p2a: Incineroar|100/100
|
|upkeep
|
|t:|1757185590
|switch|p1b: Excadrill|Excadrill, L50, F|100/100
|turn|3
|inactive|We_Are_Toasted has 30 seconds left.
|inactive|We_Are_Toasted has 20 seconds left.
|inactive|We_Are_Toasted has 15 seconds left.
|inactive|We_Are_Toasted has 10 seconds left.
|inactive|We_Are_Toasted has 5 seconds left.
|
|t:|1757185645
|-terastallize|p1b: Excadrill|Ground
|move|p1a: Gholdengo|Protect|p1a: Gholdengo
|-singleturn|p1a: Gholdengo|Protect
|move|p1b: Excadrill|Earthquake|p2a: Incineroar|[spread] p2a,p2b
|-activate|p1a: Gholdengo|move: Protect
|-supereffective|p2a: Incineroar
|-damage|p2a: Incineroar|0 fnt
|-damage|p2b: Amoonguss|0 fnt
|faint|p2a: Incineroar
|faint|p2b: Amoonguss
|
|upkeep
|
|t:|1757185650
|switch|p2a: Porygon2|Porygon2, L50|100/100
|switch|p2b: Ursaluna|Ursaluna, L50, F|100/100
|-ability|p2a: Porygon2|Download|boost
|-boost|p2a: Porygon2|atk|1
|turn|4
|inactive|We_Are_Toasted has 30 seconds left.
|inactive|We_Are_Toasted has 20 seconds left.
|inactive|We_Are_Toasted has 15 seconds left.
|inactive|We_Are_Toasted has 10 seconds left.
|
|t:|1757185698
|move|p1a: Gholdengo|Make It Rain|p2b: Ursaluna|[spread] p2a,p2b
|-crit|p2a: Porygon2
|-crit|p2b: Ursaluna
|-damage|p2a: Porygon2|61/100
|-damage|p2b: Ursaluna|40/100
|-unboost|p1a: Gholdengo|spa|1
|move|p1b: Excadrill|High Horsepower|p2a: Porygon2
|-damage|p2a: Porygon2|9/100
|move|p2b: Ursaluna|Facade|p1b: Excadrill
|-damage|p1b: Excadrill|35/100
|move|p2a: Porygon2|Trick Room|p2a: Porygon2
|-fieldstart|move: Trick Room|[of] p2a: Porygon2
|
|-status|p2b: Ursaluna|brn|[from] item: Flame Orb
|upkeep
|turn|5
|inactive|We_Are_Toasted has 30 seconds left.
|inactive|We_Are_Toasted has 20 seconds left.
|inactive|We_Are_Toasted has 15 seconds left.
|
|t:|1757185740
|move|p1b: Excadrill|Protect|p1b: Excadrill
|-singleturn|p1b: Excadrill|Protect
|move|p2a: Porygon2|Recover|p2a: Porygon2
|-heal|p2a: Porygon2|59/100
|move|p2b: Ursaluna|Facade|p1b: Excadrill
|-activate|p1b: Excadrill|move: Protect
|move|p1a: Gholdengo|Make It Rain|p2b: Ursaluna|[spread] p2a,p2b
|-damage|p2a: Porygon2|43/100
|-damage|p2b: Ursaluna|14/100 brn
|-unboost|p1a: Gholdengo|spa|1
|
|-damage|p2b: Ursaluna|8/100 brn|[from] brn
|upkeep
|turn|6
|
|t:|1757185764
|switch|p1b: Farigiraf|Farigiraf, L50, F|100/100
|move|p2a: Porygon2|Ice Beam|p1b: Farigiraf
|-damage|p1b: Farigiraf|72/100
|move|p2b: Ursaluna|Headlong Rush|p1a: Gholdengo
|-supereffective|p1a: Gholdengo
|-damage|p1a: Gholdengo|0 fnt
|-unboost|p2b: Ursaluna|def|1
|-unboost|p2b: Ursaluna|spd|1
|faint|p1a: Gholdengo
|
|-damage|p2b: Ursaluna|2/100 brn|[from] brn
|upkeep
|
|t:|1757185767
|switch|p1a: Excadrill|Excadrill, L50, F, tera:Ground|35/100
|turn|7
|inactive|We_Are_Toasted has 30 seconds left.
|
|t:|1757185792
|move|p1b: Farigiraf|Protect|p1b: Farigiraf
|-singleturn|p1b: Farigiraf|Protect
|move|p1a: Excadrill|Protect|p1a: Excadrill
|-singleturn|p1a: Excadrill|Protect
|move|p2a: Porygon2|Recover|p2a: Porygon2
|-heal|p2a: Porygon2|93/100
|move|p2b: Ursaluna|Facade|p1a: Excadrill
|-activate|p1a: Excadrill|move: Protect
|
|-damage|p2b: Ursaluna|0 fnt|[from] brn
|faint|p2b: Ursaluna
|upkeep
|turn|8
|
|t:|1757185812
|-terastallize|p2a: Porygon2|Fighting
|move|p2a: Porygon2|Tera Blast|p1a: Excadrill|[anim] Tera Blast Fighting
|-damage|p1a: Excadrill|0 fnt
|faint|p1a: Excadrill
|move|p1b: Farigiraf|Foul Play|p2a: Porygon2
|-resisted|p2a: Porygon2
|-damage|p2a: Porygon2|85/100
|
|-fieldend|move: Trick Room
|upkeep
|turn|9
|-message|JackRG1 forfeited.
|
|win|We_Are_Toasted
|raw|JackRG1's rating: 1235 → 1207(-28 for losing)
|raw|We_Are_Toasted's rating: 1193 → 1221(+28 for winning)
|l|☆JackRG1
|player|p1|
