|j|☆rowletspin
|j|☆lux raymundi
|html|rowletspinlux raymundi    
|uhtml|bestof|Game 1 of a best-of-3
|t:|1784691590
|gametype|doubles
|player|p1|rowletspin|170|1310
|player|p2|lux raymundi|2|1366
|gen|9
|tier|[Gen 9 Champions] VGC 2026 Reg M-B (Bo3)
|rated|
|rule|Species Clause: Limit one of each Pokémon
|rule|Item Clause: Limit 1 of each item
|clearpoke
|poke|p1|Raichu, L50, F|
|poke|p1|Corviknight, L50, F|
|poke|p1|Sylveon, L50, F|
|poke|p1|Basculegion, L50, M|
|poke|p1|Mamoswine, L50, M|
|poke|p1|Tyranitar, L50, M|
|poke|p2|Sneasler, L50, M|
|poke|p2|Blastoise, L50, M|
|poke|p2|Kingambit, L50, M|
|poke|p2|Incineroar, L50, M|
|poke|p2|Delphox, L50, F|
|poke|p2|Sinistcha, L50|
|teampreview|4
|showteam|p1|Raichu||RaichuniteY|LightningRod|ZapCannon,FocusBlast,FakeOut,Protect|Timid||F|||50|]Corviknight||Leftovers|MirrorArmor|BraveBird,IronHead,Tailwind,Protect|Careful||F|||50|]Sylveon||FairyFeather|Pixilate|HyperVoice,QuickAttack,Protect,Yawn|Modest||F|||50|]Basculegion||MysticWater|Adaptability|WaveCrash,LastRespects,AquaJet,Protect|Adamant||M|||50|]Mamoswine||LifeOrb|Oblivious|HighHorsepower,IcicleCrash,IceShard,Protect|Adamant||M|||50|]Tyranitar||FocusSash|SandStream|RockSlide,KnockOff,Superpower,Protect|Adamant||M|||50|
|showteam|p2|Sneasler||FocusSash|PoisonTouch|PoisonJab,CloseCombat,FakeOut,QuickGuard|Jolly||M|||50|]Blastoise||Blastoisinite|RainDish|DarkPulse,WaterSpout,ShellSmash,Protect|Modest||M|||50|]Kingambit||BlackGlasses|Defiant|KowtowCleave,SuckerPunch,SwordsDance,Protect|Adamant||M|||50|]Incineroar||SitrusBerry|Intimidate|FlareBlitz,ThroatChop,PartingShot,FakeOut|Careful||M|||50|]Delphox||Delphoxite|Blaze|HeatWave,NastyPlot,Psychic,Protect|Timid||F|||50|]Sinistcha||KasibBerry|Hospitality|MatchaGotcha,RagePowder,TrickRoom,Protect|Bold|||||50|
|inactive|Battle timer is ON: inactive players will automatically lose when time's up. (requested by rowletspin)
|
|t:|1784691614
|teamsize|p1|4
|teamsize|p2|4
|start
|switch|p1a: Sylveon|Sylveon, L50, F|100/100
|switch|p1b: Basculegion|Basculegion, L50, M|100/100
|switch|p2a: Sneasler|Sneasler, L50, M|100/100
|switch|p2b: Blastoise|Blastoise, L50, M|100/100
|turn|1
|
|t:|1784691634
|detailschange|p2b: Blastoise|Blastoise-Mega, L50, M
|-mega|p2b: Blastoise|Blastoise|Blastoisinite
|move|p2a: Sneasler|Fake Out|p1a: Sylveon
|-damage|p1a: Sylveon|85/100
|move|p2b: Blastoise|Dark Pulse|p1b: Basculegion
|-supereffective|p1b: Basculegion|1
|-damage|p1b: Basculegion|2/100
|move|p1b: Basculegion|Last Respects|p2b: Blastoise
|-damage|p2b: Blastoise|65/100
|cant|p1a: Sylveon|flinch
|
|upkeep
|turn|2
|
|t:|1784691653
|switch|p2a: Sinistcha|Sinistcha, L50|100/100
|-heal|p2b: Blastoise|89/100|[from] ability: Hospitality|[of] p2a: Sinistcha
|move|p1b: Basculegion|Aqua Jet|p2a: Sinistcha
|-resisted|p2a: Sinistcha|1
|-damage|p2a: Sinistcha|85/100
|move|p2b: Blastoise|Water Spout|p1b: Basculegion|[spread] p1a,p1b
|-resisted|p1b: Basculegion|1
|-damage|p1a: Sylveon|43/100
|-damage|p1b: Basculegion|0 fnt
|faint|p1b: Basculegion
|move|p1a: Sylveon|Hyper Voice|p2a: Sinistcha|[spread] p2a,p2b
|-damage|p2a: Sinistcha|41/100
|-damage|p2b: Blastoise|46/100
|
|upkeep
|
|t:|1784691667
|switch|p1b: Raichu|Raichu, L50, F|100/100
|turn|3
|
|t:|1784691674
|switch|p2a: Sneasler|Sneasler, L50, M|100/100
|detailschange|p1b: Raichu|Raichu-Mega-Y, L50, F
|-mega|p1b: Raichu|Raichu|Raichunite Y
|move|p2b: Blastoise|Protect|p2b: Blastoise
|-singleturn|p2b: Blastoise|Protect
|move|p1b: Raichu|Zap Cannon|p2a: Sneasler
|-damage|p2a: Sneasler|12/100
|-status|p2a: Sneasler|par
|move|p1a: Sylveon|Hyper Voice|p2a: Sneasler|[spread] p2a
|-activate|p2b: Blastoise|move: Protect
|-damage|p2a: Sneasler|0 fnt
|faint|p2a: Sneasler
|
|upkeep
|
|t:|1784691687
|switch|p2a: Sinistcha|Sinistcha, L50|41/100
|-heal|p2b: Blastoise|70/100|[from] ability: Hospitality|[of] p2a: Sinistcha
|turn|4
|
|t:|1784691695
|move|p2a: Sinistcha|Rage Powder|p2a: Sinistcha
|-singleturn|p2a: Sinistcha|move: Rage Powder
|move|p1b: Raichu|Zap Cannon|p2a: Sinistcha
|-resisted|p2a: Sinistcha|1
|-damage|p2a: Sinistcha|10/100
|-status|p2a: Sinistcha|par
|move|p2b: Blastoise|Shell Smash|p2b: Blastoise
|-unboost|p2b: Blastoise|def|1
|-unboost|p2b: Blastoise|spd|1
|-boost|p2b: Blastoise|atk|2
|-boost|p2b: Blastoise|spa|2
|-boost|p2b: Blastoise|spe|2
|move|p1a: Sylveon|Hyper Voice|p2b: Blastoise|[spread] p2a,p2b
|-damage|p2a: Sinistcha|0 fnt
|-damage|p2b: Blastoise|1/100
|faint|p2a: Sinistcha
|
|upkeep
|
|t:|1784691702
|switch|p2a: Kingambit|Kingambit, L50, M|100/100
|turn|5
|
|t:|1784691727
|move|p1a: Sylveon|Quick Attack|p2b: Blastoise
|-damage|p2b: Blastoise|0 fnt
|faint|p2b: Blastoise
|move|p1b: Raichu|Focus Blast|p2a: Kingambit
|-supereffective|p2a: Kingambit|2
|-damage|p2a: Kingambit|0 fnt
|faint|p2a: Kingambit
|
|win|rowletspin
