|j|â˜†MidoMidori
|j|â˜†Zady11
|html|MidoMidoriZady11    
|uhtml|bestof|Game 3 of a best-of-3
|t:|1755628598
|gametype|doubles
|player|p1|MidoMidori|roxanne-gen6|1268
|player|p2|Zady11|guitarist|1307
|gen|9
|tier|[Gen 9] VGC 2025 Reg H (Bo3)
|rated|
|rule|Species Clause: Limit one of each PokÃ©mon
|rule|Item Clause: Limit 1 of each item
|clearpoke
|poke|p1|Annihilape, L50, F|
|poke|p1|Maushold, L50|
|poke|p1|Sinistcha, L50|
|poke|p1|Ninetales-Alola, L50, M|
|poke|p1|Garchomp, L50, F|
|poke|p1|Klefki, L50, M|
|poke|p2|Whimsicott, L50, M|
|poke|p2|Typhlosion-Hisui, L50, F|
|poke|p2|Basculegion, L50, M|
|poke|p2|Ursaluna-Bloodmoon, L50, M|
|poke|p2|Farigiraf, L50, M|
|poke|p2|Maushold-Four, L50|
|teampreview|4
|showteam|p1|Annihilape||Leftovers|Defiant|RageFist,DrainPunch,BulkUp,Protect|||F|||50|,,,,,Fire]Maushold||SafetyGoggles|FriendGuard|FollowMe,BeatUp,Taunt,Protect||||||50|,,,,,Ghost]Sinistcha||SitrusBerry|Hospitality|MatchaGotcha,ShadowBall,TrickRoom,RagePowder||||||50|,,,,,Fire]Ninetales-Alola||FocusSash|SnowWarning|Encore,Blizzard,FreezeDry,Protect|||M|||50|,,,,,Ice]Garchomp||ClearAmulet|RoughSkin|StompingTantrum,DragonClaw,SwordsDance,Protect|||F|||50|,,,,,Water]Klefki||LightClay|Prankster|Reflect,LightScreen,MistyTerrain,FoulPlay|||M|||50|,,,,,Ghost
|showteam|p2|Whimsicott||CovertCloak|Prankster|Moonblast,SunnyDay,Encore,Tailwind|||M|||50|,,,,,Water]Typhlosion-Hisui||ChoiceSpecs|Blaze|Eruption,HeatWave,ShadowBall,Overheat|||F|||50|,,,,,Fire]Basculegion||ChoiceScarf|Adaptability|WaveCrash,LastRespects,AquaJet,FlipTurn|||M|||50|,,,,,Water]Ursaluna-Bloodmoon||LifeOrb|MindsEye|BloodMoon,HyperVoice,EarthPower,Protect|||M|||50|,,,,,Normal]Farigiraf||ThroatSpray|ArmorTail|HyperVoice,HelpingHand,Psychic,TrickRoom|||M|||50|,,,,,Fire]Maushold-Four||WideLens|Technician|PopulationBomb,Taunt,FollowMe,Protect||||||50|,,,,,Ghost
|
|t:|1755628664
|teamsize|p1|4
|teamsize|p2|4
|start
|switch|p1a: Sinistcha|Sinistcha, L50|100/100
|switch|p1b: Garchomp|Garchomp, L50, F|100/100
|switch|p2a: Sr Rubio|Whimsicott, L50, M|100/100
|switch|p2b: Sr Rosa|Typhlosion-Hisui, L50, F|100/100
|turn|1
|inactive|Battle timer is ON: inactive players will automatically lose when time's up. (requested by Zady11)
|
|t:|1755628684
|switch|p2b: Sr MarrÃ³n|Ursaluna-Bloodmoon, L50, M|100/100
|-terastallize|p1a: Sinistcha|Fire
|move|p1b: Garchomp|Stomping Tantrum|p2b: Sr MarrÃ³n
|-damage|p2b: Sr MarrÃ³n|68/100
|move|p2a: Sr Rubio|Moonblast|p1b: Garchomp
|-supereffective|p1b: Garchomp
|-damage|p1b: Garchomp|45/100
|move|p1a: Sinistcha|Trick Room|p1a: Sinistcha
|-fieldstart|move: Trick Room|[of] p1a: Sinistcha
|
|upkeep
|turn|2
|
|t:|1755628713
|switch|p1a: Annihilape|Annihilape, L50, F|100/100
|-terastallize|p2b: Sr MarrÃ³n|Normal
|move|p2a: Sr Rubio|Encore||[still]
|-fail|p2a: Sr Rubio
|move|p2b: Sr MarrÃ³n|Hyper Voice|p1b: Garchomp|[spread] p1a,p1b
|-damage|p1a: Annihilape|53/100
|-damage|p1b: Garchomp|0 fnt
|faint|p1b: Garchomp
|-damage|p2b: Sr MarrÃ³n|59/100|[from] item: Life Orb
|
|-heal|p1a: Annihilape|59/100|[from] item: Leftovers
|upkeep
|
|t:|1755628717
|switch|p1b: Sinistcha|Sinistcha, L50, tera:Fire|100/100
|-heal|p1a: Annihilape|83/100|[from] ability: Hospitality|[of] p1b: Sinistcha
|turn|3
|
|t:|1755628741
|switch|p2a: Sr Naranja|Farigiraf, L50, M, shiny|100/100
|move|p2b: Sr MarrÃ³n|Protect|p2b: Sr MarrÃ³n
|-singleturn|p2b: Sr MarrÃ³n|Protect
|move|p1b: Sinistcha|Matcha Gotcha|p2a: Sr Naranja|[spread] p2a
|-activate|p2b: Sr MarrÃ³n|move: Protect
|-damage|p2a: Sr Naranja|71/100
|move|p1a: Annihilape|Drain Punch|p2b: Sr MarrÃ³n
|-activate|p2b: Sr MarrÃ³n|move: Protect
|
|-heal|p1a: Annihilape|89/100|[from] item: Leftovers
|upkeep
|turn|4
|
|t:|1755628765
|switch|p1b: Maushold|Maushold, L50|100/100
|move|p2a: Sr Naranja|Helping Hand|p2b: Sr MarrÃ³n
|-singleturn|p2b: Sr MarrÃ³n|Helping Hand|[of] p2a: Sr Naranja
|move|p1a: Annihilape|Protect|p1a: Annihilape
|-singleturn|p1a: Annihilape|Protect
|move|p2b: Sr MarrÃ³n|Hyper Voice|p1b: Maushold|[spread] p1b
|-activate|p1a: Annihilape|move: Protect
|-damage|p1b: Maushold|0 fnt
|faint|p1b: Maushold
|-damage|p2b: Sr MarrÃ³n|49/100|[from] item: Life Orb
|
|-heal|p1a: Annihilape|95/100|[from] item: Leftovers
|upkeep
|
|t:|1755628770
|switch|p1b: Sinistcha|Sinistcha, L50, tera:Fire|100/100
|-heal|p1a: Annihilape|100/100|[from] ability: Hospitality|[of] p1b: Sinistcha
|turn|5
|
|t:|1755628792
|move|p2b: Sr MarrÃ³n|Protect|p2b: Sr MarrÃ³n
|-singleturn|p2b: Sr MarrÃ³n|Protect
|move|p1b: Sinistcha|Matcha Gotcha|p2a: Sr Naranja|[spread] 
|-activate|p2b: Sr MarrÃ³n|move: Protect
|-miss|p1b: Sinistcha|p2a: Sr Naranja
|move|p1a: Annihilape|Drain Punch|p2b: Sr MarrÃ³n
|-activate|p2b: Sr MarrÃ³n|move: Protect
|move|p2a: Sr Naranja|Trick Room|p2a: Sr Naranja
|-fieldend|move: Trick Room
|
|upkeep
|turn|6
|inactive|Zady11 has 30 seconds left.
|
|t:|1755628817
|switch|p2b: Sr Rubio|Whimsicott, L50, M|100/100
|move|p1a: Annihilape|Drain Punch|p2b: Sr Rubio
|-resisted|p2b: Sr Rubio
|-damage|p2b: Sr Rubio|82/100
|move|p2a: Sr Naranja|Hyper Voice|p1a: Annihilape|[spread] p1b
|-immune|p1a: Annihilape
|-damage|p1b: Sinistcha|74/100
|-enditem|p2a: Sr Naranja|Throat Spray
|-boost|p2a: Sr Naranja|spa|1|[from] item: Throat Spray
|move|p1b: Sinistcha|Matcha Gotcha|p2a: Sr Naranja|[spread] p2a,p2b
|-resisted|p2b: Sr Rubio
|-damage|p2a: Sr Naranja|41/100
|-heal|p1b: Sinistcha|95/100|[from] drain|[of] p2a: Sr Naranja
|-damage|p2b: Sr Rubio|69/100
|-heal|p1b: Sinistcha|100/100|[from] drain|[of] p2b: Sr Rubio
|
|upkeep
|turn|7
|
|t:|1755628841
|move|p2b: Sr Rubio|Encore|p1a: Annihilape
|-start|p1a: Annihilape|Encore
|move|p1a: Annihilape|Drain Punch|p2a: Sr Naranja
|-damage|p2a: Sr Naranja|13/100
|move|p2a: Sr Naranja|Psychic|p1b: Sinistcha
|-damage|p1b: Sinistcha|48/100
|-enditem|p1b: Sinistcha|Sitrus Berry|[eat]
|-heal|p1b: Sinistcha|73/100|[from] item: Sitrus Berry
|move|p1b: Sinistcha|Matcha Gotcha|p2a: Sr Naranja|[spread] p2a,p2b
|-resisted|p2b: Sr Rubio
|-damage|p2a: Sr Naranja|0 fnt
|-heal|p1b: Sinistcha|81/100|[from] drain|[of] p2a: Sr Naranja
|-damage|p2b: Sr Rubio|55/100
|-heal|p1b: Sinistcha|88/100|[from] drain|[of] p2b: Sr Rubio
|faint|p2a: Sr Naranja
|
|upkeep
|
|t:|1755628857
|switch|p2a: Sr Rosa|Typhlosion-Hisui, L50, F|100/100
|turn|8
|c|â˜†MidoMidori|Wp
|c|â˜†MidoMidori|Good adaptation
|
|t:|1755628879
|move|p2a: Sr Rosa|Shadow Ball|p1a: Annihilape
|-supereffective|p1a: Annihilape
|-damage|p1a: Annihilape|14/100
|move|p2b: Sr Rubio|Moonblast|p1a: Annihilape
|-supereffective|p1a: Annihilape
|-damage|p1a: Annihilape|0 fnt
|faint|p1a: Annihilape
|move|p1b: Sinistcha|Matcha Gotcha|p2a: Sr Rosa|[spread] p2a,p2b
|-resisted|p2a: Sr Rosa
|-resisted|p2b: Sr Rubio
|-damage|p2a: Sr Rosa|84/100
|-heal|p1b: Sinistcha|96/100|[from] drain|[of] p2a: Sr Rosa
|-damage|p2b: Sr Rubio|41/100
|-heal|p1b: Sinistcha|100/100|[from] drain|[of] p2b: Sr Rubio
|
|upkeep
|turn|9
|
|t:|1755628898
|move|p2a: Sr Rosa|Shadow Ball|p1b: Sinistcha
|-damage|p1b: Sinistcha|49/100
|move|p2b: Sr Rubio|Moonblast|p1b: Sinistcha
|-resisted|p1b: Sinistcha
|-damage|p1b: Sinistcha|36/100
|move|p1b: Sinistcha|Matcha Gotcha|p2b: Sr Rubio|[spread] p2b
|-miss|p1b: Sinistcha|p2a: Sr Rosa
|-resisted|p2b: Sr Rubio
|-damage|p2b: Sr Rubio|26/100
|-heal|p1b: Sinistcha|44/100|[from] drain|[of] p2b: Sr Rubio
|
|upkeep
|turn|10
|
|t:|1755628912
|move|p2a: Sr Rosa|Shadow Ball|p1b: Sinistcha
|-damage|p1b: Sinistcha|0 fnt
|faint|p1b: Sinistcha
|
|win|Zady11
|raw|MidoMidori's rating: 1268 → 1246(-22 for losing)
|raw|Zady11's rating: 1307 → 1325(+18 for winning)
|c|â˜†Zady11|gg
