|badge|p2|bronze|gen9ou|100-6
|uhtml|medal-msg|Curious what those medals under the avatar are? PS now has Ladder Seasons! For more information, check out the thread on Smogon.
|j|☆zootvgc
|j|☆JackRG1
|html|zootvgcJackRG1    
|uhtml|bestof|Game 1 of a best-of-3
|t:|1757187273
|gametype|doubles
|player|p1|zootvgc|265|1142
|player|p2|JackRG1|dawn-gen4pt|1207
|gen|9
|tier|[Gen 9] VGC 2025 Reg H (Bo3)
|rated|
|rule|Species Clause: Limit one of each Pokémon
|rule|Item Clause: Limit 1 of each item
|clearpoke
|poke|p1|Dragonite, L50, F|
|poke|p1|Gholdengo, L50|
|poke|p1|Rillaboom, L50, M|
|poke|p1|Ursaluna-Bloodmoon, L50, M|
|poke|p1|Maushold, L50|
|poke|p1|Annihilape, L50, M|
|poke|p2|Excadrill, L50, M|
|poke|p2|Tyranitar, L50, M|
|poke|p2|Gholdengo, L50|
|poke|p2|Dragapult, L50, F|
|poke|p2|Talonflame, L50, M|
|poke|p2|Farigiraf, L50, F|
|teampreview|4
|showteam|p1|Dragonite||LoadedDice|Multiscale|ScaleShot,Haze,Protect,Tailwind|||F|||50|,,,,,Fairy]Gholdengo||LifeOrb|GoodasGold|MakeItRain,Protect,ShadowBall,NastyPlot||||||50|,,,,,Water]Rillaboom||MiracleSeed|GrassySurge|GrassyGlide,WoodHammer,FakeOut,HighHorsepower|||M|||50|,,,,,Fire]Ursaluna-Bloodmoon||AssaultVest|MindsEye|BloodMoon,HyperVoice,EarthPower,VacuumWave|||M|||50|,,,,,Water]Maushold||FocusSash|FriendGuard|Protect,SuperFang,BeatUp,FollowMe||||||50|,,,,,Ghost]Annihilape||SitrusBerry|Defiant|RageFist,BulkUp,Protect,DrainPunch|||M|||50|,,,,,Fire
|showteam|p2|Excadrill||FocusSash|SandRush|IronHead,Protect,Earthquake,HighHorsepower|||M|||50|,,,,,Ground]Tyranitar||ClearAmulet|SandStream|RockSlide,Snarl,Protect,LowKick|||M|||50|,,,,,Ghost]Gholdengo||MetalCoat|GoodasGold|MakeItRain,ShadowBall,NastyPlot,Protect||||||50|,,,,,Flying]Dragapult||ChoiceBand|ClearBody|PhantomForce,DragonDarts,BreakingSwipe,Uturn|||F|||50|,,,,,Dragon]Talonflame||CovertCloak|GaleWings|Tailwind,Taunt,WillOWisp,BraveBird|||M|||50|,,,,,Ghost]Farigiraf||MentalHerb|ArmorTail|TrickRoom,Imprison,Protect,Psychic|||F|||50|,,,,,Fairy
|inactive|Battle timer is ON: inactive players will automatically lose when time's up. (requested by JackRG1)
|inactive|zootvgc has 60 seconds left.
|inactive|JackRG1 has 60 seconds left.
|inactive|zootvgc has 30 seconds left.
|inactive|JackRG1 has 30 seconds left.
|inactive|zootvgc has 20 seconds left.
|inactive|zootvgc has 15 seconds left.
|inactive|zootvgc has 10 seconds left.
|inactive|zootvgc has 5 seconds left.
|
|t:|1757187364
|teamsize|p1|4
|teamsize|p2|4
|start
|switch|p1a: Ursaluna|Ursaluna-Bloodmoon, L50, M|100/100
|switch|p1b: Dragonite|Dragonite, L50, F|100/100
|switch|p2a: Talonflame|Talonflame, L50, M|100/100
|switch|p2b: Dragapult|Dragapult, L50, F|100/100
|turn|1
|inactive|zootvgc has 30 seconds left.
|inactive|zootvgc has 20 seconds left.
|
|t:|1757187403
|move|p2a: Talonflame|Will-O-Wisp|p1b: Dragonite
|-status|p1b: Dragonite|brn
|move|p2b: Dragapult|U-turn|p1a: Ursaluna
|-damage|p1a: Ursaluna|69/100
|
|t:|1757187411
|switch|p2b: Tyranitar|Tyranitar, L50, M|100/100|[from] U-turn
|-weather|Sandstorm|[from] ability: Sand Stream|[of] p2b: Tyranitar
|move|p1b: Dragonite|Scale Shot|p2b: Tyranitar
|-damage|p2b: Tyranitar|95/100
|-damage|p2b: Tyranitar|89/100
|-damage|p2b: Tyranitar|83/100
|-crit|p2b: Tyranitar
|-damage|p2b: Tyranitar|73/100
|-hitcount|p2b: Tyranitar|4
|-unboost|p1b: Dragonite|def|1
|-boost|p1b: Dragonite|spe|1
|move|p1a: Ursaluna|Hyper Voice|p2b: Tyranitar|[spread] p2a,p2b
|-resisted|p2b: Tyranitar
|-damage|p2a: Talonflame|34/100
|-damage|p2b: Tyranitar|62/100
|
|-weather|Sandstorm|[upkeep]
|-damage|p1b: Dragonite|95/100 brn|[from] Sandstorm
|-damage|p2a: Talonflame|28/100|[from] Sandstorm
|-damage|p1b: Dragonite|89/100 brn|[from] brn
|upkeep
|turn|2
|inactive|zootvgc has 30 seconds left.
|inactive|zootvgc has 20 seconds left.
|inactive|zootvgc has 15 seconds left.
|inactive|zootvgc has 10 seconds left.
|inactive|zootvgc has 5 seconds left.
|
|t:|1757187462
|switch|p1a: Rillaboom|Rillaboom, L50, M|100/100
|-fieldstart|move: Grassy Terrain|[from] ability: Grassy Surge|[of] p1a: Rillaboom
|move|p1b: Dragonite|Protect|p1b: Dragonite
|-singleturn|p1b: Dragonite|Protect
|move|p2a: Talonflame|Tailwind|p2a: Talonflame
|-sidestart|p2: JackRG1|move: Tailwind
|move|p2b: Tyranitar|Snarl|p1a: Rillaboom|[spread] p1a
|-activate|p1b: Dragonite|move: Protect
|-damage|p1a: Rillaboom|88/100
|-unboost|p1a: Rillaboom|spa|1
|
|-weather|Sandstorm|[upkeep]
|-damage|p2a: Talonflame|22/100|[from] Sandstorm
|-damage|p1b: Dragonite|83/100 brn|[from] Sandstorm
|-damage|p1a: Rillaboom|82/100|[from] Sandstorm
|-heal|p2b: Tyranitar|68/100|[from] Grassy Terrain
|-heal|p1a: Rillaboom|88/100|[from] Grassy Terrain
|-damage|p1b: Dragonite|77/100 brn|[from] brn
|upkeep
|turn|3
|inactive|zootvgc has 30 seconds left.
|inactive|zootvgc has 20 seconds left.
|inactive|zootvgc has 15 seconds left.
|
|t:|1757187506
|-terastallize|p1a: Rillaboom|Fire
|move|p2a: Talonflame|Brave Bird|p1a: Rillaboom
|-damage|p1a: Rillaboom|41/100
|-damage|p2a: Talonflame|1/100|[from] Recoil
|move|p1b: Dragonite|Tailwind|p1b: Dragonite
|-sidestart|p1: zootvgc|move: Tailwind
|move|p1a: Rillaboom|Wood Hammer|p2b: Tyranitar
|-supereffective|p2b: Tyranitar
|-damage|p2b: Tyranitar|0 fnt
|faint|p2b: Tyranitar
|-damage|p1a: Rillaboom|19/100|[from] Recoil
|
|-weather|Sandstorm|[upkeep]
|-damage|p1b: Dragonite|71/100 brn|[from] Sandstorm
|-damage|p2a: Talonflame|0 fnt|[from] Sandstorm
|-damage|p1a: Rillaboom|13/100|[from] Sandstorm
|faint|p2a: Talonflame
|-heal|p1a: Rillaboom|19/100|[from] Grassy Terrain
|-damage|p1b: Dragonite|65/100 brn|[from] brn
|upkeep
|inactive|JackRG1 has 30 seconds left.
|
|t:|1757187535
|switch|p2a: Dragapult|Dragapult, L50, F|100/100
|switch|p2b: Excadrill|Excadrill, L50, M|100/100
|turn|4
|inactive|zootvgc has 30 seconds left.
|inactive|zootvgc has 20 seconds left.
|inactive|zootvgc has 15 seconds left.
|inactive|zootvgc has 10 seconds left.
|
|t:|1757187585
|-terastallize|p2a: Dragapult|Dragon
|move|p2b: Excadrill|Protect|p2b: Excadrill
|-singleturn|p2b: Excadrill|Protect
|move|p1a: Rillaboom|Grassy Glide|p2b: Excadrill
|-activate|p2b: Excadrill|move: Protect
|move|p1b: Dragonite|Scale Shot|p2a: Dragapult
|-supereffective|p2a: Dragapult
|-damage|p2a: Dragapult|82/100
|-supereffective|p2a: Dragapult
|-damage|p2a: Dragapult|61/100
|-supereffective|p2a: Dragapult
|-damage|p2a: Dragapult|42/100
|-supereffective|p2a: Dragapult
|-damage|p2a: Dragapult|21/100
|-hitcount|p2a: Dragapult|4
|-unboost|p1b: Dragonite|def|1
|-boost|p1b: Dragonite|spe|1
|move|p2a: Dragapult|Dragon Darts|p1a: Rillaboom
|-damage|p1a: Rillaboom|0 fnt
|-anim|p2a: Dragapult|Dragon Darts|p1b: Dragonite
|-supereffective|p1b: Dragonite
|-damage|p1b: Dragonite|0 fnt
|faint|p1a: Rillaboom
|faint|p1b: Dragonite
|
|-weather|Sandstorm|[upkeep]
|-damage|p2a: Dragapult|15/100|[from] Sandstorm
|-heal|p2a: Dragapult|21/100|[from] Grassy Terrain
|upkeep
|
|t:|1757187609
|switch|p1b: Annihilape|Annihilape, L50, M|100/100
|switch|p1a: Ursaluna|Ursaluna-Bloodmoon, L50, M|69/100
|turn|5
|
|t:|1757187631
|move|p1b: Annihilape|Protect|p1b: Annihilape
|-singleturn|p1b: Annihilape|Protect
|move|p1a: Ursaluna|Vacuum Wave|p2a: Dragapult
|-damage|p2a: Dragapult|0 fnt
|faint|p2a: Dragapult
|move|p2b: Excadrill|High Horsepower|p1a: Ursaluna
|-damage|p1a: Ursaluna|27/100
|
|-weather|none
|-heal|p1a: Ursaluna|33/100|[from] Grassy Terrain
|-sideend|p2: JackRG1|move: Tailwind
|upkeep
|turn|6
|-message|JackRG1 forfeited.
|
|win|zootvgc
|l|☆JackRG1
|player|p2|
|j|☆JackRG1
|player|p2|JackRG1|dawn-gen4pt|
