|j|☆Canndle Stic
|j|☆Thinking Charizard
|html|Canndle SticThinking Charizard    
|uhtml|bestof|Game 1 of a best-of-3
|t:|1784756999
|gametype|doubles
|player|p1|Canndle Stic|1|1095
|player|p2|Thinking Charizard|colress|1207
|gen|9
|tier|[Gen 9 Champions] VGC 2026 Reg M-B (Bo3)
|rated|
|rule|Species Clause: Limit one of each Pokémon
|rule|Item Clause: Limit 1 of each item
|clearpoke
|poke|p1|Hydreigon, L50, F|
|poke|p1|Whimsicott, L50, M|
|poke|p1|Metagross, L50|
|poke|p1|Basculegion, L50, M|
|poke|p1|Rotom-Heat, L50|
|poke|p1|Ninetales-Alola, L50, F|
|poke|p2|Raichu, L50, M|
|poke|p2|Pelipper, L50, M|
|poke|p2|Archaludon, L50, F|
|poke|p2|Sinistcha, L50|
|poke|p2|Grimmsnarl, L50, M|
|poke|p2|Metagross, L50, shiny|
|teampreview|4
|showteam|p1|Hydreigon||LifeOrb|Levitate|DarkPulse,DragonPulse,Protect,EarthPower|Modest||F|||50|]Whimsicott||FocusSash|Prankster|Tailwind,Protect,HelpingHand,Moonblast|Timid||M|||50|]Metagross||Metagrossite|ClearBody|PsychicFangs,Protect,BulletPunch,IronHead|Adamant|||||50|]Basculegion||ChoiceScarf|Adaptability|WaveCrash,LastRespects,FlipTurn,AquaJet|Jolly||M|||50|]Rotom-Heat||SitrusBerry|Levitate|Overheat,Thunderbolt,WillOWisp,EerieImpulse|Timid|||||50|]Ninetales-Alola||LightClay|SnowWarning|Blizzard,Encore,Protect,FreezeDry|Timid||F|||50|
|showteam|p2|Raichu||RaichuniteY|Static|ZapCannon,FocusBlast,FakeOut,Protect|Timid||M|||50|]Pelipper||SitrusBerry|Drizzle|Tailwind,WideGuard,WeatherBall,Hurricane|Modest||M|||50|]Archaludon||Leftovers|Stamina|ElectroShot,FlashCannon,DragonPulse,Protect|Calm||F|||50|]Sinistcha||ColburBerry|Hospitality|RagePowder,MatchaGotcha,TrickRoom,LifeDew|Calm|||||50|]Grimmsnarl||LightClay|Prankster|LightScreen,Reflect,PartingShot,SpiritBreak|Careful||M|||50|]Metagross||Metagrossite|ClearBody|IronHead,PsychicFangs,BodyPress,Protect|Jolly|||||50|
|inactive|Battle timer is ON: inactive players will automatically lose when time's up. (requested by Canndle Stic)
|
|t:|1784757055
|teamsize|p1|4
|teamsize|p2|4
|start
|switch|p1a: Rotom|Rotom-Heat, L50|100/100
|switch|p1b: Basculegion|Basculegion, L50, M|100/100
|switch|p2a: Metagross|Metagross, L50, shiny|100/100
|switch|p2b: Grimmsnarl|Grimmsnarl, L50, M|100/100
|turn|1
|inactive|Thinking Charizard has 30 seconds left.
|
|t:|1784757085
|switch|p2a: Archaludon|Archaludon, L50, F|100/100
|move|p2b: Grimmsnarl|Parting Shot|p1a: Rotom
|-unboost|p1a: Rotom|atk|1
|-unboost|p1a: Rotom|spa|1
|
|t:|1784757090
|switch|p2b: Pelipper|Pelipper, L50, M|100/100|[from] Parting Shot
|-weather|RainDance|[from] ability: Drizzle|[of] p2b: Pelipper
|move|p1b: Basculegion|Wave Crash|p2b: Pelipper
|-resisted|p2b: Pelipper|1
|-damage|p2b: Pelipper|43/100
|-enditem|p2b: Pelipper|Sitrus Berry|[eat]
|-heal|p2b: Pelipper|68/100|[from] item: Sitrus Berry
|-damage|p1b: Basculegion|84/100|[from] Recoil
|move|p1a: Rotom|Will-O-Wisp|p2a: Archaludon
|-status|p2a: Archaludon|brn
|
|-weather|RainDance|[upkeep]
|-damage|p2a: Archaludon|93/100 brn|[from] brn
|upkeep
|turn|2
|inactive|Canndle Stic has 30 seconds left.
|inactive|Thinking Charizard has 30 seconds left.
|inactive|Canndle Stic has 20 seconds left.
|inactive|Canndle Stic has 15 seconds left.
|
|t:|1784757130
|switch|p1b: Ninetales|Ninetales-Alola, L50, F|100/100
|-weather|Snowscape|[from] ability: Snow Warning|[of] p1b: Ninetales
|switch|p2b: Grimmsnarl|Grimmsnarl, L50, M|100/100
|move|p1a: Rotom|Thunderbolt|p2b: Grimmsnarl
|-damage|p2b: Grimmsnarl|83/100
|move|p2a: Archaludon|Flash Cannon|p1b: Ninetales
|-supereffective|p1b: Ninetales|2
|-damage|p1b: Ninetales|0 fnt
|faint|p1b: Ninetales
|
|-weather|Snowscape|[upkeep]
|-heal|p2a: Archaludon|100/100 brn|[from] item: Leftovers
|-damage|p2a: Archaludon|93/100 brn|[from] brn
|upkeep
|
|t:|1784757153
|switch|p1b: Basculegion|Basculegion, L50, M|84/100
|turn|3
|
|t:|1784757174
|switch|p1b: Metagross|Metagross, L50|100/100
|move|p2a: Archaludon|Protect|p2a: Archaludon
|-singleturn|p2a: Archaludon|Protect
|move|p2b: Grimmsnarl|Reflect|p2b: Grimmsnarl
|-sidestart|p2: Thinking Charizard|Reflect
|move|p1a: Rotom|Eerie Impulse|p2a: Archaludon
|-activate|p2a: Archaludon|move: Protect
|
|-weather|Snowscape|[upkeep]
|-heal|p2a: Archaludon|100/100 brn|[from] item: Leftovers
|-damage|p2a: Archaludon|93/100 brn|[from] brn
|upkeep
|turn|4
|inactive|Canndle Stic has 30 seconds left.
|
|t:|1784757207
|switch|p1a: Basculegion|Basculegion, L50, M|84/100
|detailschange|p1b: Metagross|Metagross-Mega, L50
|-mega|p1b: Metagross|Metagross|Metagrossite
|move|p2b: Grimmsnarl|Parting Shot|p1a: Basculegion
|-unboost|p1a: Basculegion|atk|1
|-unboost|p1a: Basculegion|spa|1
|
|t:|1784757214
|switch|p2b: Pelipper|Pelipper, L50, M|68/100|[from] Parting Shot
|-weather|RainDance|[from] ability: Drizzle|[of] p2b: Pelipper
|move|p1b: Metagross|Iron Head|p2b: Pelipper
|-resisted|p2b: Pelipper|1
|-damage|p2b: Pelipper|46/100
|move|p2a: Archaludon|Electro Shot||[still]
|-prepare|p2a: Archaludon|Electro Shot
|-boost|p2a: Archaludon|spa|1
|-anim|p2a: Archaludon|Electro Shot|p1b: Metagross
|-damage|p1b: Metagross|55/100
|
|-weather|RainDance|[upkeep]
|-heal|p2a: Archaludon|100/100 brn|[from] item: Leftovers
|-damage|p2a: Archaludon|93/100 brn|[from] brn
|upkeep
|turn|5
|inactive|Canndle Stic has 30 seconds left.
|inactive|Canndle Stic has 20 seconds left.
|
|t:|1784757252
|move|p1a: Basculegion|Flip Turn|p2b: Pelipper
|-resisted|p2b: Pelipper|1
|-damage|p2b: Pelipper|32/100
|
|t:|1784757255
|switch|p1a: Rotom|Rotom-Heat, L50|100/100|[from] Flip Turn
|move|p1b: Metagross|Psychic Fangs|p2b: Pelipper
|-sideend|p2: Thinking Charizard|Reflect
|-damage|p2b: Pelipper|0 fnt
|faint|p2b: Pelipper
|move|p2a: Archaludon|Electro Shot||[still]
|-prepare|p2a: Archaludon|Electro Shot
|-boost|p2a: Archaludon|spa|1
|-anim|p2a: Archaludon|Electro Shot|p1a: Rotom
|-resisted|p1a: Rotom|1
|-damage|p1a: Rotom|61/100
|
|-weather|RainDance|[upkeep]
|-heal|p2a: Archaludon|100/100 brn|[from] item: Leftovers
|-damage|p2a: Archaludon|93/100 brn|[from] brn
|upkeep
|inactive|Thinking Charizard has 30 seconds left.
|
|t:|1784757288
|switch|p2b: Grimmsnarl|Grimmsnarl, L50, M|83/100
|turn|6
|
|t:|1784757306
|move|p2b: Grimmsnarl|Parting Shot|p1b: Metagross
|-unboost|p1b: Metagross|atk|1
|-unboost|p1b: Metagross|spa|1
|
|t:|1784757309
|switch|p2b: Metagross|Metagross, L50, shiny|100/100|[from] Parting Shot
|move|p1b: Metagross|Iron Head|p2b: Metagross
|-resisted|p2b: Metagross|1
|-damage|p2b: Metagross|82/100
|move|p1a: Rotom|Eerie Impulse|p2a: Archaludon
|-unboost|p2a: Archaludon|spa|2
|move|p2a: Archaludon|Dragon Pulse|p1a: Rotom
|-damage|p1a: Rotom|22/100
|-enditem|p1a: Rotom|Sitrus Berry|[eat]
|-heal|p1a: Rotom|47/100|[from] item: Sitrus Berry
|
|-weather|RainDance|[upkeep]
|-heal|p2a: Archaludon|100/100 brn|[from] item: Leftovers
|-damage|p2a: Archaludon|93/100 brn|[from] brn
|upkeep
|turn|7
|inactive|Canndle Stic has 30 seconds left.
|inactive|Canndle Stic has 20 seconds left.
|inactive|Canndle Stic has 15 seconds left.
|inactive|Canndle Stic has 10 seconds left.
|
|t:|1784757356
|detailschange|p2b: Metagross|Metagross-Mega, L50, shiny
|-mega|p2b: Metagross|Metagross|Metagrossite
|move|p1b: Metagross|Protect|p1b: Metagross
|-singleturn|p1b: Metagross|Protect
|move|p2b: Metagross|Psychic Fangs|p1a: Rotom
|-damage|p1a: Rotom|0 fnt
|faint|p1a: Rotom
|move|p2a: Archaludon|Electro Shot||[still]
|-prepare|p2a: Archaludon|Electro Shot
|-boost|p2a: Archaludon|spa|1
|-anim|p2a: Archaludon|Electro Shot|p1b: Metagross
|-activate|p1b: Metagross|move: Protect
|
|-weather|RainDance|[upkeep]
|-heal|p2a: Archaludon|100/100 brn|[from] item: Leftovers
|-damage|p2a: Archaludon|93/100 brn|[from] brn
|upkeep
|
|t:|1784757368
|switch|p1a: Basculegion|Basculegion, L50, M|84/100
|turn|8
|
|t:|1784757388
|move|p2b: Metagross|Protect|p2b: Metagross
|-singleturn|p2b: Metagross|Protect
|move|p1a: Basculegion|Last Respects|p2a: Archaludon
|-damage|p2a: Archaludon|26/100 brn
|-ability|p2a: Archaludon|Stamina|boost
|-boost|p2a: Archaludon|def|1
|move|p1b: Metagross|Psychic Fangs|p2a: Archaludon
|-resisted|p2a: Archaludon|1
|-damage|p2a: Archaludon|17/100 brn
|-ability|p2a: Archaludon|Stamina|boost
|-boost|p2a: Archaludon|def|1
|move|p2a: Archaludon|Electro Shot||[still]
|-prepare|p2a: Archaludon|Electro Shot
|-boost|p2a: Archaludon|spa|1
|-anim|p2a: Archaludon|Electro Shot|p1a: Basculegion
|-supereffective|p1a: Basculegion|1
|-crit|p1a: Basculegion
|-damage|p1a: Basculegion|0 fnt
|faint|p1a: Basculegion
|
|-weather|none
|-heal|p2a: Archaludon|23/100 brn|[from] item: Leftovers
|-damage|p2a: Archaludon|17/100 brn|[from] brn
|upkeep
|turn|9
|
|t:|1784757410
|move|p2b: Metagross|Iron Head|p1b: Metagross
|-resisted|p1b: Metagross|1
|-damage|p1b: Metagross|35/100
|cant|p1b: Metagross|flinch
|move|p2a: Archaludon|Flash Cannon|p1b: Metagross
|-resisted|p1b: Metagross|1
|-damage|p1b: Metagross|5/100
|
|-heal|p2a: Archaludon|23/100 brn|[from] item: Leftovers
|-damage|p2a: Archaludon|17/100 brn|[from] brn
|upkeep
|turn|10
|
|t:|1784757428
|move|p1b: Metagross|Bullet Punch|p2a: Archaludon
|-resisted|p2a: Archaludon|1
|-damage|p2a: Archaludon|14/100 brn
|-ability|p2a: Archaludon|Stamina|boost
|-boost|p2a: Archaludon|def|1
|move|p2b: Metagross|Body Press|p1b: Metagross
|-damage|p1b: Metagross|0 fnt
|faint|p1b: Metagross
|
|win|Thinking Charizard
|l|☆Canndle Stic
|player|p1|
||Canndle Stic is ready for game 2.
