|j|☆pengu
|j|☆Daravones Soup
|html|penguDaravones Soup    
|uhtml|bestof|Game 3 of a best-of-3
|t:|1784985093
|gametype|doubles
|player|p1|pengu|rosa-masters2|
|player|p2|Daravones Soup|2|
|gen|9
|tier|[Gen 9 Champions] VGC 2026 Reg M-B (Bo3)
|rule|Species Clause: Limit one of each Pokémon
|rule|Item Clause: Limit 1 of each item
|clearpoke
|poke|p1|Tyranitar, L50, F|
|poke|p1|Gengar, L50, F|
|poke|p1|Kommo-o, L50, F|
|poke|p1|Rotom-Wash, L50|
|poke|p1|Tinkaton, L50, F|
|poke|p1|Arcanine, L50, F|
|poke|p2|Gengar, L50, M|
|poke|p2|Blastoise, L50, M|
|poke|p2|Scrafty, L50, F|
|poke|p2|Clefable, L50, M|
|poke|p2|Meowscarada, L50, F|
|poke|p2|Volcarona, L50, F|
|teampreview|4
|showteam|p1|Tyranitar||Tyranitarite|SandStream|RockSlide,KnockOff,LowKick,Protect|Adamant||F|||50|]Gengar||Gengarite|CursedBody|SludgeBomb,ShadowBall,Substitute,Protect|Timid||F|||50|]Kommo-o||Leftovers|Soundproof|ClangingScales,ClangorousSoul,AuraSphere,Protect|Modest||F|||50|]Rotom-Wash||ChoiceScarf|Levitate|HydroPump,Thunderbolt,VoltSwitch,Electroweb|Modest|||||50|]Tinkaton||MetalCoat|OwnTempo|FakeOut,GigatonHammer,PlayRough,Protect|Jolly||F|||50|]Arcanine||SitrusBerry|Intimidate|FlareBlitz,ExtremeSpeed,Howl,Protect|Adamant||F|||50|
|showteam|p2|Gengar||Gengarite|CursedBody|ShadowBall,Substitute,PerishSong,Protect|Timid||M|||50|]Blastoise||Blastoisinite|RainDish|WaterSpout,DarkPulse,ShellSmash,Protect|Timid||M|||50|]Scrafty||RoseliBerry|Intimidate|FakeOut,CloseCombat,KnockOff,Detect|Careful||F|||50|]Clefable||SitrusBerry|CuteCharm|FollowMe,LifeDew,DazzlingGleam,Protect|Calm||M|||50|]Meowscarada||ChoiceScarf|Protean|Uturn,FlowerTrick,TripleAxel,PollenPuff|Jolly||F|||50|]Volcarona||Leftovers|FlameBody|StruggleBug,QuiverDance,HeatWave,Protect|Modest||F|||50|
|inactive|Battle timer is ON: inactive players will automatically lose when time's up. (requested by pengu)
|j| thebusinesspiggy2
|c|☆pengu|hf
|
|t:|1784985124
|teamsize|p1|4
|teamsize|p2|4
|start
|switch|p1a: Rewind|Tinkaton, L50, F|100/100
|switch|p1b: Hard Candy|Rotom-Wash, L50|100/100
|switch|p2a: Blastoise|Blastoise, L50, M|100/100
|switch|p2b: Clefable|Clefable, L50, M|100/100
|turn|1
|
|t:|1784985136
|switch|p2b: Scrafty|Scrafty, L50, F|100/100
|-ability|p2b: Scrafty|Intimidate|boost
|-fail|p1a: Rewind|unboost|Attack|[from] ability: Own Tempo|[of] p1a: Rewind
|-unboost|p1b: Hard Candy|atk|1
|detailschange|p2a: Blastoise|Blastoise-Mega, L50, M
|-mega|p2a: Blastoise|Blastoise|Blastoisinite
|move|p2a: Blastoise|Protect|p2a: Blastoise
|-singleturn|p2a: Blastoise|Protect
|move|p1a: Rewind|Fake Out|p2a: Blastoise
|-activate|p2a: Blastoise|move: Protect
|move|p1b: Hard Candy|Volt Switch|p2b: Scrafty
|-damage|p2b: Scrafty|76/100
|
|t:|1784985140
|switch|p1b: Kiss Of Death|Kommo-o, L50, F|100/100|[from] Volt Switch
|
|upkeep
|turn|2
|
|t:|1784985157
|move|p2b: Scrafty|Fake Out|p1b: Kiss Of Death
|-damage|p1b: Kiss Of Death|91/100
|move|p1a: Rewind|Play Rough|p2a: Blastoise
|-damage|p2a: Blastoise|71/100
|move|p2a: Blastoise|Shell Smash|p2a: Blastoise
|-unboost|p2a: Blastoise|def|1
|-unboost|p2a: Blastoise|spd|1
|-boost|p2a: Blastoise|atk|2
|-boost|p2a: Blastoise|spa|2
|-boost|p2a: Blastoise|spe|2
|cant|p1b: Kiss Of Death|flinch
|
|-heal|p1b: Kiss Of Death|97/100|[from] item: Leftovers
|upkeep
|turn|3
|inactive|Daravones Soup has 30 seconds left.
|inactive|Daravones Soup has 20 seconds left.
|inactive|Daravones Soup has 15 seconds left.
|inactive|Daravones Soup has 10 seconds left.
|
|t:|1784985207
|switch|p2b: Clefable|Clefable, L50, M|100/100
|move|p1a: Rewind|Protect|p1a: Rewind
|-singleturn|p1a: Rewind|Protect
|move|p2a: Blastoise|Water Spout|p1b: Kiss Of Death|[spread] p1b
|-activate|p1a: Rewind|move: Protect
|-resisted|p1b: Kiss Of Death|1
|-damage|p1b: Kiss Of Death|48/100
|move|p1b: Kiss Of Death|Clanging Scales|p2a: Blastoise|[spread] p2a
|-immune|p2b: Clefable
|-damage|p2a: Blastoise|15/100
|-unboost|p1b: Kiss Of Death|def|1
|
|-heal|p1b: Kiss Of Death|55/100|[from] item: Leftovers
|upkeep
|turn|4
|inactive|pengu has 30 seconds left.
|inactive|Daravones Soup has 30 seconds left.
|
|t:|1784985238
|move|p2b: Clefable|Follow Me|p2b: Clefable
|-singleturn|p2b: Clefable|move: Follow Me
|move|p2a: Blastoise|Dark Pulse|p1b: Kiss Of Death
|-resisted|p1b: Kiss Of Death|1
|-damage|p1b: Kiss Of Death|5/100
|move|p1a: Rewind|Gigaton Hammer|p2b: Clefable
|-supereffective|p2b: Clefable|1
|-damage|p2b: Clefable|0 fnt
|faint|p2b: Clefable
|move|p1b: Kiss Of Death|Aura Sphere|p2a: Blastoise
|-damage|p2a: Blastoise|0 fnt
|faint|p2a: Blastoise
|
|-heal|p1b: Kiss Of Death|11/100|[from] item: Leftovers
|upkeep
|
|t:|1784985249
|switch|p2a: Scrafty|Scrafty, L50, F|76/100
|switch|p2b: Meowscarada|Meowscarada, L50, F|100/100
|-ability|p2a: Scrafty|Intimidate|boost
|-fail|p1a: Rewind|unboost|Attack|[from] ability: Own Tempo|[of] p1a: Rewind
|-unboost|p1b: Kiss Of Death|atk|1
|turn|5
|c|☆Daravones Soup|Gg
|
|t:|1784985259
|move|p1a: Rewind|Protect|p1a: Rewind
|-singleturn|p1a: Rewind|Protect
|move|p1b: Kiss Of Death|Protect|p1b: Kiss Of Death
|-singleturn|p1b: Kiss Of Death|Protect
|move|p2a: Scrafty|Fake Out|p1a: Rewind
|-activate|p1a: Rewind|move: Protect
|move|p2b: Meowscarada|Flower Trick|p1b: Kiss Of Death
|-start|p2b: Meowscarada|typechange|Grass|[from] ability: Protean
|-activate|p1b: Kiss Of Death|move: Protect
|
|-heal|p1b: Kiss Of Death|18/100|[from] item: Leftovers
|upkeep
|turn|6
|-message|Daravones Soup forfeited.
|
|win|pengu
|c|☆pengu|ggs
|l|☆Daravones Soup
|player|p2|
