|j|☆nem_foka
|j|☆Zdog2015
|html|nem_fokaZdog2015    
|uhtml|bestof|Game 3 of a best-of-3
|t:|1784207494
|gametype|doubles
|player|p1|nem_foka|102|1120
|player|p2|Zdog2015|1|1144
|gen|9
|tier|[Gen 9 Champions] VGC 2026 Reg M-B (Bo3)
|rated|
|rule|Species Clause: Limit one of each Pokémon
|rule|Item Clause: Limit 1 of each item
|clearpoke
|poke|p1|Gengar, L50, M|
|poke|p1|Incineroar, L50, M|
|poke|p1|Grimmsnarl, L50, M|
|poke|p1|Espathra, L50, F|
|poke|p1|Floette-Eternal, L50, F|
|poke|p1|Sinistcha, L50|
|poke|p2|Kingambit, L50, M|
|poke|p2|Whimsicott, L50, M|
|poke|p2|Basculegion, L50, M|
|poke|p2|Garchomp, L50, F|
|poke|p2|Charizard, L50, M|
|poke|p2|Floette-Eternal, L50, F|
|teampreview|4
|showteam|p1|Gengar||Gengarite|CursedBody|SludgeBomb,Disable,PerishSong,Protect|Calm||M|||50|]Incineroar||ChopleBerry|Intimidate|FakeOut,FlareBlitz,DarkestLariat,PartingShot|Naughty||M|||50|]Grimmsnarl||LightClay|Prankster|FakeOut,LightScreen,Reflect,PartingShot|Impish||M|||50|]Espathra||Leftovers|SpeedBoost|LuminaCrash,BatonPass,CalmMind,Protect|Calm||F|||50|]Floette-Eternal||Floettite|FlowerVeil|DazzlingGleam,Moonblast,ChillingWater,Protect|Modest||F|||50|]Sinistcha||SitrusBerry|Hospitality|MatchaGotcha,RagePowder,LifeDew,Protect|Calm|||||50|
|showteam|p2|Kingambit||ChopleBerry|Defiant|KowtowCleave,LowKick,SuckerPunch,Protect|Adamant||M|||50|]Whimsicott||FocusSash|Prankster|Moonblast,Tailwind,Encore,Protect|Timid||M|||50|]Basculegion||MysticWater|Adaptability|WaveCrash,LastRespects,AquaJet,Protect|Adamant||M|||50|]Garchomp||LifeOrb|RoughSkin|DragonClaw,RockSlide,Earthquake,Protect|Jolly||F|||50|]Charizard||CharizarditeY|Blaze|WeatherBall,HeatWave,SolarBeam,Protect|Modest||M|||50|]Floette-Eternal||Floettite|FlowerVeil|Moonblast,DazzlingGleam,LightofRuin,Protect|Timid||F|||50|
|
|t:|1784207538
|teamsize|p1|4
|teamsize|p2|4
|start
|switch|p1a: Gengar|Gengar, L50, M|100/100
|switch|p1b: Incineroar|Incineroar, L50, M|100/100
|switch|p2a: Whimsicott|Whimsicott, L50, M|100/100
|switch|p2b: Garchomp|Garchomp, L50, F|100/100
|-ability|p1b: Incineroar|Intimidate|boost
|-unboost|p2a: Whimsicott|atk|1
|-unboost|p2b: Garchomp|atk|1
|turn|1
|
|t:|1784207570
|detailschange|p1a: Gengar|Gengar-Mega, L50, M
|-mega|p1a: Gengar|Gengar|Gengarite
|move|p1b: Incineroar|Fake Out|p2b: Garchomp
|-damage|p2b: Garchomp|84/100
|-damage|p1b: Incineroar|87/100|[from] ability: Rough Skin|[of] p2b: Garchomp
|move|p2a: Whimsicott|Moonblast|p1a: Gengar
|-resisted|p1a: Gengar|1
|-damage|p1a: Gengar|84/100
|cant|p2b: Garchomp|flinch
|move|p1a: Gengar|Perish Song|p1a: Gengar
|-start|p1a: Gengar|perish3|[silent]
|-start|p1b: Incineroar|perish3|[silent]
|-start|p2a: Whimsicott|perish3|[silent]
|-start|p2b: Garchomp|perish3|[silent]
|-fieldactivate|move: Perish Song
|
|-start|p2a: Whimsicott|perish3
|-start|p2b: Garchomp|perish3
|-start|p1a: Gengar|perish3
|-start|p1b: Incineroar|perish3
|upkeep
|turn|2
|inactive|Battle timer is ON: inactive players will automatically lose when time's up. (requested by nem_foka)
|
|t:|1784207607
|move|p1a: Gengar|Protect|p1a: Gengar
|-singleturn|p1a: Gengar|Protect
|move|p2a: Whimsicott|Moonblast|p1a: Gengar
|-activate|p1a: Gengar|move: Protect
|move|p2b: Garchomp|Earthquake|p1b: Incineroar|[spread] p2a,p1b
|-activate|p1a: Gengar|move: Protect
|-resisted|p2a: Whimsicott|1
|-supereffective|p1b: Incineroar|1
|-crit|p1b: Incineroar
|-damage|p2a: Whimsicott|72/100
|-damage|p1b: Incineroar|0 fnt
|faint|p1b: Incineroar
|-damage|p2b: Garchomp|74/100|[from] item: Life Orb
|
|-start|p2a: Whimsicott|perish2
|-start|p2b: Garchomp|perish2
|-start|p1a: Gengar|perish2
|upkeep
|inactive|nem_foka has 30 seconds left.
|inactive|nem_foka has 20 seconds left.
|inactive|nem_foka has 15 seconds left.
|inactive|nem_foka has 10 seconds left.
|inactive|nem_foka has 5 seconds left.
|
|t:|1784207659
|switch|p1b: Grimmsnarl|Grimmsnarl, L50, M|100/100
|turn|3
|
|t:|1784207671
|move|p1b: Grimmsnarl|Fake Out|p2b: Garchomp
|-damage|p2b: Garchomp|62/100
|-damage|p1b: Grimmsnarl|87/100|[from] ability: Rough Skin|[of] p2b: Garchomp
|move|p2a: Whimsicott|Moonblast|p1b: Grimmsnarl
|-supereffective|p1b: Grimmsnarl|1
|-damage|p1b: Grimmsnarl|7/100
|cant|p2b: Garchomp|flinch
|move|p1a: Gengar|Disable|p2a: Whimsicott
|-start|p2a: Whimsicott|Disable|Moonblast
|
|-start|p2a: Whimsicott|perish1
|-start|p2b: Garchomp|perish1
|-start|p1a: Gengar|perish1
|upkeep
|turn|4
|
|t:|1784207694
|switch|p1a: Sinistcha|Sinistcha, L50|100/100
|-heal|p1b: Grimmsnarl|32/100|[from] ability: Hospitality|[of] p1a: Sinistcha
|move|p2a: Whimsicott|Tailwind|p2a: Whimsicott
|-sidestart|p2: Zdog2015|move: Tailwind
|move|p1b: Grimmsnarl|Parting Shot|p2b: Garchomp
|-unboost|p2b: Garchomp|atk|1
|-unboost|p2b: Garchomp|spa|1
|
|t:|1784207703
|switch|p1b: Gengar|Gengar-Mega, L50, M|84/100|[from] Parting Shot
|move|p2b: Garchomp|Earthquake|p1a: Sinistcha|[spread] p2a,p1a,p1b
|-resisted|p2a: Whimsicott|1
|-resisted|p1a: Sinistcha|1
|-supereffective|p1b: Gengar|1
|-damage|p2a: Whimsicott|53/100
|-damage|p1a: Sinistcha|90/100
|-damage|p1b: Gengar|32/100
|-damage|p2b: Garchomp|52/100|[from] item: Life Orb
|
|-start|p2a: Whimsicott|perish0
|-start|p2b: Garchomp|perish0
|faint|p2a: Whimsicott
|faint|p2b: Garchomp
|upkeep
|
|t:|1784207714
|switch|p2a: Basculegion|Basculegion, L50, M|100/100
|switch|p2b: Charizard|Charizard, L50, M|100/100
|turn|5
|
|t:|1784207727
|switch|p1a: Grimmsnarl|Grimmsnarl, L50, M|32/100
|detailschange|p2b: Charizard|Charizard-Mega-Y, L50, M
|-mega|p2b: Charizard|Charizard|Charizardite Y
|-weather|SunnyDay|[from] ability: Drought|[of] p2b: Charizard
|move|p1b: Gengar|Protect|p1b: Gengar
|-singleturn|p1b: Gengar|Protect
|move|p2b: Charizard|Heat Wave|p1a: Grimmsnarl|[spread] p1a
|-activate|p1b: Gengar|move: Protect
|-damage|p1a: Grimmsnarl|0 fnt
|faint|p1a: Grimmsnarl
|move|p2a: Basculegion|Last Respects|p1b: Gengar
|-activate|p1b: Gengar|move: Protect
|
|-weather|SunnyDay|[upkeep]
|upkeep
|inactive|nem_foka has 30 seconds left.
|inactive|nem_foka has 20 seconds left.
|inactive|nem_foka has 15 seconds left.
|inactive|nem_foka has 10 seconds left.
|
|t:|1784207772
|switch|p1a: Sinistcha|Sinistcha, L50|90/100
|-heal|p1b: Gengar|57/100|[from] ability: Hospitality|[of] p1a: Sinistcha
|turn|6
|-message|nem_foka forfeited.
|
|win|Zdog2015
|raw|nem_foka's rating: 1120 → 1097(-23 for losing)
|raw|Zdog2015's rating: 1144 → 1167(+23 for winning)
|l|☆nem_foka
|player|p1|
