|j|☆bennoVGC
|j|☆Bergmann VGC
|html|bennoVGCBergmann VGC    
|uhtml|bestof|Game 3 of a best-of-3
|t:|1755175928
|gametype|doubles
|player|p1|bennoVGC|169|1341
|player|p2|Bergmann VGC|roark|1299
|gen|9
|tier|[Gen 9] VGC 2025 Reg H (Bo3)
|rated|
|rule|Species Clause: Limit one of each Pokémon
|rule|Item Clause: Limit 1 of each item
|clearpoke
|poke|p1|Ursaluna, L50, M|
|poke|p1|Kilowattrel, L50, F|
|poke|p1|Gholdengo, L50|
|poke|p1|Incineroar, L50, M|
|poke|p1|Amoonguss, L50, F|
|poke|p1|Porygon2, L50|
|poke|p2|Charizard, L50, M|
|poke|p2|Torkoal, L50, F|
|poke|p2|Porygon2, L50|
|poke|p2|Incineroar, L50, M|
|poke|p2|Jumpluff, L50, M|
|poke|p2|Ursaluna, L50, F|
|teampreview|4
|showteam|p1|Ursaluna||FlameOrb|Guts|Facade,HeadlongRush,Earthquake,Protect|||M|||50|,,,,,Fairy]Kilowattrel||FocusSash|Competitive|Thunderbolt,AirSlash,Tailwind,Protect|||F|||50|,,,,,Ghost]Gholdengo||LifeOrb|GoodasGold|MakeItRain,ShadowBall,NastyPlot,Protect||||||50|,,,,,Dragon]Incineroar||AssaultVest|Intimidate|KnockOff,FlareBlitz,Uturn,FakeOut|||M|||50|,,,,,Grass]Amoonguss||MentalHerb|Regenerator|Spore,RagePowder,ClearSmog,Protect|||F|||50|,,,,,Fairy]Porygon2||Eviolite|Download|TeraBlast,IceBeam,Recover,TrickRoom||||||50|,,,,,Fighting
|showteam|p2|Charizard||ChoiceSpecs|SolarPower|HeatWave,Overheat,WeatherBall,AirSlash|||M|||50|,,,,,Ghost]Torkoal||EjectPack|Drought|Eruption,Overheat,HelpingHand,Protect|||F|||50|,,,,,Fire]Porygon2||Eviolite|Download|TeraBlast,IceBeam,Recover,TrickRoom||||||50|,,,,,Fighting]Incineroar||SafetyGoggles|Intimidate|FlareBlitz,KnockOff,FakeOut,PartingShot|||M|||50|,,,,,Ghost]Jumpluff||CovertCloak|Chlorophyll|SleepPowder,SunnyDay,RagePowder,Tailwind|||M|||50|,,,,,Water]Ursaluna||FlameOrb|Guts|HeadlongRush,Facade,Earthquake,Protect|||F|||50|,,,,,Ghost
|inactive|Battle timer is ON: inactive players will automatically lose when time's up. (requested by Bergmann VGC)
|
|t:|1755175963
|teamsize|p1|4
|teamsize|p2|4
|start
|switch|p1a: Kilowattrel|Kilowattrel, L50, F, shiny|100/100
|switch|p1b: Gholdengo|Gholdengo, L50, shiny|100/100
|switch|p2a: Ryo|Torkoal, L50, F|100/100
|switch|p2b: Jumpluff|Jumpluff, L50, M|100/100
|-weather|SunnyDay|[from] ability: Drought|[of] p2a: Ryo
|turn|1
|
|t:|1755175984
|-terastallize|p1b: Gholdengo|Dragon
|move|p2b: Jumpluff|Sleep Powder|p1a: Kilowattrel
|-status|p1a: Kilowattrel|slp|[from] move: Sleep Powder
|cant|p1a: Kilowattrel|slp
|move|p1b: Gholdengo|Nasty Plot|p1b: Gholdengo
|-boost|p1b: Gholdengo|spa|2
|move|p2a: Ryo|Overheat|p1b: Gholdengo
|-resisted|p1b: Gholdengo
|-damage|p1b: Gholdengo|51/100
|-unboost|p2a: Ryo|spa|2
|-enditem|p2a: Ryo|Eject Pack
|
|t:|1755175994
|switch|p2a: Charizard|Charizard, L50, M, shiny|100/100
|
|-weather|SunnyDay|[upkeep]
|-damage|p2a: Charizard|88/100|[from] ability: Solar Power|[of] p2a: Charizard
|upkeep
|turn|2
|inactive|Bergmann VGC has 30 seconds left.
|
|t:|1755176020
|move|p1b: Gholdengo|Protect|p1b: Gholdengo
|-singleturn|p1b: Gholdengo|Protect
|move|p2b: Jumpluff|Tailwind|p2b: Jumpluff
|-sidestart|p2: Bergmann VGC|move: Tailwind
|move|p2a: Charizard|Heat Wave|p1b: Gholdengo|[spread] 
|-activate|p1b: Gholdengo|move: Protect
|-miss|p2a: Charizard|p1a: Kilowattrel
|cant|p1a: Kilowattrel|slp
|
|-weather|SunnyDay|[upkeep]
|-damage|p2a: Charizard|76/100|[from] ability: Solar Power|[of] p2a: Charizard
|upkeep
|turn|3
|inactive|bennoVGC has 30 seconds left.
|inactive|bennoVGC has 20 seconds left.
|inactive|bennoVGC has 15 seconds left.
|inactive|bennoVGC has 10 seconds left.
|
|t:|1755176065
|move|p2b: Jumpluff|Rage Powder|p2b: Jumpluff
|-singleturn|p2b: Jumpluff|move: Rage Powder
|move|p2a: Charizard|Heat Wave|p1b: Gholdengo|[spread] p1a
|-miss|p2a: Charizard|p1b: Gholdengo
|-enditem|p1a: Kilowattrel|Focus Sash
|-damage|p1a: Kilowattrel|1/100 slp
|cant|p1a: Kilowattrel|slp
|move|p1b: Gholdengo|Make It Rain|p2b: Jumpluff|[spread] p2a,p2b
|-resisted|p2a: Charizard
|-damage|p2a: Charizard|0 fnt
|-damage|p2b: Jumpluff|0 fnt
|-unboost|p1b: Gholdengo|spa|1
|faint|p2a: Charizard
|faint|p2b: Jumpluff
|-damage|p1b: Gholdengo|41/100|[from] item: Life Orb
|
|-weather|SunnyDay|[upkeep]
|upkeep
|
|t:|1755176074
|switch|p2b: Ryo|Torkoal, L50, F|100/100
|switch|p2a: Incineroar|Incineroar, L50, M|100/100
|-ability|p2a: Incineroar|Intimidate|boost
|-unboost|p1a: Kilowattrel|atk|1
|-ability|p1a: Kilowattrel|Competitive|boost
|-boost|p1a: Kilowattrel|spa|2
|-unboost|p1b: Gholdengo|atk|1
|turn|4
|
|t:|1755176095
|switch|p1b: Incineroar|Incineroar, L50, M, shiny|100/100
|-ability|p1b: Incineroar|Intimidate|boost
|-unboost|p2a: Incineroar|atk|1
|-unboost|p2b: Ryo|atk|1
|-curestatus|p1a: Kilowattrel|slp|[msg]
|move|p1a: Kilowattrel|Protect|p1a: Kilowattrel
|-singleturn|p1a: Kilowattrel|Protect
|move|p2a: Incineroar|Knock Off|p1b: Incineroar
|-resisted|p1b: Incineroar
|-damage|p1b: Incineroar|86/100
|-enditem|p1b: Incineroar|Assault Vest|[from] move: Knock Off|[of] p2a: Incineroar
|move|p2b: Ryo|Eruption|p1a: Kilowattrel|[spread] p1b
|-activate|p1a: Kilowattrel|move: Protect
|-resisted|p1b: Incineroar
|-damage|p1b: Incineroar|52/100
|
|-weather|SunnyDay|[upkeep]
|upkeep
|turn|5
|inactive|bennoVGC has 30 seconds left.
|
|t:|1755176123
|switch|p1a: Amoonguss|Amoonguss, L50, F, shiny|100/100
|-terastallize|p2b: Ryo|Fire
|move|p1b: Incineroar|Fake Out|p2b: Ryo
|-damage|p2b: Ryo|91/100
|move|p2a: Incineroar|Knock Off|p1a: Amoonguss
|-damage|p1a: Amoonguss|77/100
|-enditem|p1a: Amoonguss|Mental Herb|[from] move: Knock Off|[of] p2a: Incineroar
|cant|p2b: Ryo|flinch
|
|-weather|none
|-sideend|p2: Bergmann VGC|move: Tailwind
|upkeep
|turn|6
|inactive|bennoVGC has 30 seconds left.
|
|t:|1755176153
|move|p2b: Ryo|Helping Hand|p2a: Incineroar
|-singleturn|p2a: Incineroar|Helping Hand|[of] p2b: Ryo
|move|p2a: Incineroar|Flare Blitz|p1a: Amoonguss
|-supereffective|p1a: Amoonguss
|-damage|p1a: Amoonguss|0 fnt
|faint|p1a: Amoonguss
|-damage|p2a: Incineroar|73/100|[from] Recoil
|move|p1b: Incineroar|Knock Off|p2a: Incineroar
|-resisted|p2a: Incineroar
|-damage|p2a: Incineroar|52/100
|-enditem|p2a: Incineroar|Safety Goggles|[from] move: Knock Off|[of] p1b: Incineroar
|
|upkeep
|
|t:|1755176164
|switch|p1a: Kilowattrel|Kilowattrel, L50, F, shiny|1/100
|turn|7
|inactive|bennoVGC has 30 seconds left.
|inactive|bennoVGC has 20 seconds left.
|
|t:|1755176202
|move|p1a: Kilowattrel|Thunderbolt|p2a: Incineroar
|-damage|p2a: Incineroar|11/100
|move|p2a: Incineroar|Flare Blitz|p1b: Incineroar
|-resisted|p1b: Incineroar
|-crit|p1b: Incineroar
|-damage|p1b: Incineroar|15/100
|-damage|p2a: Incineroar|0 fnt|[from] Recoil
|faint|p2a: Incineroar
|move|p1b: Incineroar|Flare Blitz|p2b: Ryo
|-resisted|p2b: Ryo
|-damage|p2b: Ryo|69/100
|-damage|p1b: Incineroar|9/100|[from] Recoil
|move|p2b: Ryo|Eruption|p1a: Kilowattrel|[spread] p1a,p1b
|-resisted|p1b: Incineroar
|-damage|p1a: Kilowattrel|0 fnt
|-damage|p1b: Incineroar|0 fnt
|faint|p1a: Kilowattrel
|faint|p1b: Incineroar
|
|upkeep
|
|t:|1755176207
|switch|p1b: Gholdengo|Gholdengo, L50, shiny, tera:Dragon|41/100
|turn|8
|
|t:|1755176216
|move|p1b: Gholdengo|Shadow Ball|p2b: Ryo
|-damage|p2b: Ryo|0 fnt
|faint|p2b: Ryo
|-damage|p1b: Gholdengo|32/100|[from] item: Life Orb
|
|win|bennoVGC
|raw|bennoVGC's rating: 1341 → 1359(+18 for winning)
|raw|Bergmann VGC's rating: 1299 → 1277(-22 for losing)
