|j|☆aitzol9l
|j|☆AbadanRiyi92
|html|aitzol9lAbadanRiyi92    
|uhtml|bestof|Game 1 of a best-of-3
|t:|1784733072
|gametype|doubles
|player|p1|aitzol9l|riley|1148
|player|p2|AbadanRiyi92|colress|1252
|gen|9
|tier|[Gen 9 Champions] VGC 2026 Reg M-B (Bo3)
|rated|
|rule|Species Clause: Limit one of each Pokémon
|rule|Item Clause: Limit 1 of each item
|clearpoke
|poke|p1|Charizard, L50, M|
|poke|p1|Garchomp, L50, F|
|poke|p1|Incineroar, L50, F|
|poke|p1|Venusaur, L50, F|
|poke|p1|Toxapex, L50, M|
|poke|p1|Sylveon, L50, M|
|poke|p2|Venusaur, L50, M|
|poke|p2|Grimmsnarl, L50, M|
|poke|p2|Politoed, L50, F|
|poke|p2|Archaludon, L50, F|
|poke|p2|Kingambit, L50, M|
|poke|p2|Aerodactyl, L50, F|
|teampreview|4
|showteam|p1|Charizard||CharizarditeY|SolarPower|WeatherBall,HeatWave,AncientPower,Protect|Modest||M|||50|]Garchomp||ChoiceScarf|RoughSkin|RockSlide,DragonClaw,Earthquake,StompingTantrum|Adamant||F|||50|]Incineroar||SitrusBerry|Intimidate|FlareBlitz,FakeOut,DarkestLariat,PartingShot|Impish||F|||50|]Venusaur||LifeOrb|Chlorophyll|SludgeBomb,LeafStorm,EarthPower,Protect|Modest||F|||50|]Toxapex||Leftovers|Regenerator|Infestation,Toxic,WideGuard,BanefulBunker|Bold||M|||50|]Sylveon||FairyFeather|Pixilate|HyperVoice,QuickAttack,Yawn,Detect|Modest||M|||50|
|showteam|p2|Venusaur||Venusaurite|Chlorophyll|GigaDrain,SludgeBomb,EarthPower,Protect|Modest||M|||50|]Grimmsnarl||LightClay|Prankster|PartingShot,Reflect,LightScreen,FoulPlay|Relaxed||M|||50|]Politoed||SitrusBerry|Drizzle|WeatherBall,PerishSong,Encore,Protect|Sassy||F|||50|]Archaludon||Leftovers|Stamina|ElectroShot,FlashCannon,DracoMeteor,Protect|Modest||F|||50|]Kingambit||BlackGlasses|Defiant|KowtowCleave,SuckerPunch,SwordsDance,Protect|Brave||M|||50|]Aerodactyl||Aerodactylite|Unnerve|RockSlide,DualWingbeat,Tailwind,Protect|Jolly||F|||50|
|inactive|Battle timer is ON: inactive players will automatically lose when time's up. (requested by AbadanRiyi92)
|
|t:|1784733144
|teamsize|p1|4
|teamsize|p2|4
|start
|switch|p1a: Garchomp|Garchomp, L50, F|100/100
|switch|p1b: Incineroar|Incineroar, L50, F|100/100
|switch|p2a: Venusaur|Venusaur, L50, M|100/100
|switch|p2b: Grimmsnarl|Grimmsnarl, L50, M|100/100
|-ability|p1b: Incineroar|Intimidate|boost
|-unboost|p2a: Venusaur|atk|1
|-unboost|p2b: Grimmsnarl|atk|1
|turn|1
|inactive|aitzol9l has 30 seconds left.
|inactive|AbadanRiyi92 has 30 seconds left.
|inactive|aitzol9l has 20 seconds left.
|
|t:|1784733181
|detailschange|p2a: Venusaur|Venusaur-Mega, L50, M
|-mega|p2a: Venusaur|Venusaur|Venusaurite
|move|p1b: Incineroar|Fake Out|p2b: Grimmsnarl
|-damage|p2b: Grimmsnarl|90/100
|cant|p2b: Grimmsnarl|flinch
|move|p1a: Garchomp|Stomping Tantrum|p2a: Venusaur
|-damage|p2a: Venusaur|65/100
|move|p2a: Venusaur|Giga Drain|p1a: Garchomp
|-damage|p1a: Garchomp|55/100
|-heal|p2a: Venusaur|87/100|[from] drain|[of] p1a: Garchomp
|
|upkeep
|turn|2
|inactive|aitzol9l has 30 seconds left.
|inactive|aitzol9l has 20 seconds left.
|inactive|aitzol9l has 15 seconds left.
|inactive|aitzol9l has 10 seconds left.
|
|t:|1784733227
|switch|p1a: Charizard|Charizard, L50, M|100/100
|move|p2b: Grimmsnarl|Parting Shot|p1a: Charizard
|-unboost|p1a: Charizard|atk|1
|-unboost|p1a: Charizard|spa|1
|
|t:|1784733236
|switch|p2b: Archaludon|Archaludon, L50, F|100/100|[from] Parting Shot
|move|p2a: Venusaur|Earth Power|p1b: Incineroar
|-supereffective|p1b: Incineroar|1
|-damage|p1b: Incineroar|47/100
|-enditem|p1b: Incineroar|Sitrus Berry|[eat]
|-heal|p1b: Incineroar|72/100|[from] item: Sitrus Berry
|move|p1b: Incineroar|Parting Shot|p2a: Venusaur
|-unboost|p2a: Venusaur|atk|1
|-unboost|p2a: Venusaur|spa|1
|
|t:|1784733249
|switch|p1b: Garchomp|Garchomp, L50, F|55/100|[from] Parting Shot
|
|upkeep
|turn|3
|inactive|aitzol9l has 30 seconds left.
|inactive|AbadanRiyi92 has 30 seconds left.
|inactive|AbadanRiyi92 has 20 seconds left.
|inactive|AbadanRiyi92 has 15 seconds left.
|
|t:|1784733290
|detailschange|p1a: Charizard|Charizard-Mega-Y, L50, M
|-mega|p1a: Charizard|Charizard|Charizardite Y
|-weather|SunnyDay|[from] ability: Drought|[of] p1a: Charizard
|move|p2b: Archaludon|Protect|p2b: Archaludon
|-singleturn|p2b: Archaludon|Protect
|move|p1b: Garchomp|Earthquake|p2a: Venusaur|[spread] p2a
|-activate|p2b: Archaludon|move: Protect
|-immune|p1a: Charizard
|-damage|p2a: Venusaur|52/100
|move|p1a: Charizard|Heat Wave|p2a: Venusaur|[spread] p2a
|-activate|p2b: Archaludon|move: Protect
|-supereffective|p2a: Venusaur|1
|-damage|p2a: Venusaur|20/100y
|move|p2a: Venusaur|Giga Drain|p1b: Garchomp
|-damage|p1b: Garchomp|25/100
|-heal|p2a: Venusaur|35/100|[from] drain|[of] p1b: Garchomp
|
|-weather|SunnyDay|[upkeep]
|upkeep
|turn|4
|inactive|aitzol9l has 30 seconds left.
|inactive|AbadanRiyi92 has 30 seconds left.
|
|t:|1784733324
|switch|p2a: Politoed|Politoed, L50, F|100/100
|-weather|RainDance|[from] ability: Drizzle|[of] p2a: Politoed
|move|p1b: Garchomp|Earthquake|p2b: Archaludon|[spread] p2a,p2b
|-immune|p1a: Charizard
|-supereffective|p2b: Archaludon|1
|-damage|p2a: Politoed|64/100
|-damage|p2b: Archaludon|36/100
|-ability|p2b: Archaludon|Stamina|boost
|-boost|p2b: Archaludon|def|1
|move|p1a: Charizard|Heat Wave|p2a: Politoed|[spread] p2a,p2b
|-resisted|p2a: Politoed|1
|-damage|p2a: Politoed|59/100
|-damage|p2b: Archaludon|23/100
|-ability|p2b: Archaludon|Stamina|boost
|-boost|p2b: Archaludon|def|1
|move|p2b: Archaludon|Flash Cannon|p1b: Garchomp
|-damage|p1b: Garchomp|0 fnt
|faint|p1b: Garchomp
|
|-weather|RainDance|[upkeep]
|-heal|p2b: Archaludon|29/100|[from] item: Leftovers
|upkeep
|
|t:|1784733348
|switch|p1b: Incineroar|Incineroar, L50, F|72/100
|-ability|p1b: Incineroar|Intimidate|boost
|-unboost|p2a: Politoed|atk|1
|-unboost|p2b: Archaludon|atk|1
|turn|5
|inactive|aitzol9l has 30 seconds left.
|inactive|aitzol9l has 20 seconds left.
|
|t:|1784733384
|switch|p2a: Grimmsnarl|Grimmsnarl, L50, M|90/100
|move|p2b: Archaludon|Protect|p2b: Archaludon
|-singleturn|p2b: Archaludon|Protect
|move|p1b: Incineroar|Fake Out|p2a: Grimmsnarl
|-damage|p2a: Grimmsnarl|81/100
|move|p1a: Charizard|Weather Ball|p2b: Archaludon
|-activate|p2b: Archaludon|move: Protect
|
|-weather|RainDance|[upkeep]
|-heal|p2b: Archaludon|36/100|[from] item: Leftovers
|upkeep
|turn|6
|inactive|aitzol9l has 30 seconds left.
|
|t:|1784733410
|move|p2a: Grimmsnarl|Light Screen|p2a: Grimmsnarl
|-sidestart|p2: AbadanRiyi92|move: Light Screen
|move|p1a: Charizard|Weather Ball|p2b: Archaludon
|-resisted|p2b: Archaludon|1
|-damage|p2b: Archaludon|24/100
|-ability|p2b: Archaludon|Stamina|boost
|-boost|p2b: Archaludon|def|1
|move|p2b: Archaludon|Electro Shot||[still]
|-prepare|p2b: Archaludon|Electro Shot
|-boost|p2b: Archaludon|spa|1
|-anim|p2b: Archaludon|Electro Shot|p1b: Incineroar
|-damage|p1b: Incineroar|19/100
|move|p1b: Incineroar|Darkest Lariat|p2b: Archaludon
|-damage|p2b: Archaludon|1/100
|-ability|p2b: Archaludon|Stamina|boost
|-boost|p2b: Archaludon|def|1
|
|-weather|RainDance|[upkeep]
|-heal|p2b: Archaludon|6/100|[from] item: Leftovers
|upkeep
|turn|7
|inactive|aitzol9l has 30 seconds left.
|inactive|AbadanRiyi92 has 30 seconds left.
|
|t:|1784733440
|switch|p1a: Toxapex|Toxapex, L50, M|100/100
|move|p2b: Archaludon|Protect|p2b: Archaludon
|-singleturn|p2b: Archaludon|Protect
|move|p2a: Grimmsnarl|Parting Shot|p1a: Toxapex
|-unboost|p1a: Toxapex|atk|1
|-unboost|p1a: Toxapex|spa|1
|
|t:|1784733448
|switch|p2a: Venusaur|Venusaur-Mega, L50, M|35/100|[from] Parting Shot
|move|p1b: Incineroar|Darkest Lariat|p2b: Archaludon
|-activate|p2b: Archaludon|move: Protect
|
|-weather|RainDance|[upkeep]
|-heal|p2b: Archaludon|12/100|[from] item: Leftovers
|upkeep
|turn|8
|inactive|AbadanRiyi92 has 30 seconds left.
|
|t:|1784733482
|switch|p1b: Charizard|Charizard-Mega-Y, L50, M|100/100
|-weather|SunnyDay|[from] ability: Drought|[of] p1b: Charizard
|move|p2b: Archaludon|Draco Meteor|p1b: Charizard
|-damage|p1b: Charizard|27/100
|-unboost|p2b: Archaludon|spa|2
|move|p2a: Venusaur|Giga Drain|p1a: Toxapex
|-damage|p1a: Toxapex|70/100
|-heal|p2a: Venusaur|47/100|[from] drain|[of] p1a: Toxapex
|move|p1a: Toxapex|Infestation|p2a: Venusaur
|-damage|p2a: Venusaur|45/100
|-activate|p2a: Venusaur|move: Infestation|[of] p1a: Toxapex
|
|-weather|SunnyDay|[upkeep]
|-heal|p2b: Archaludon|18/100|[from] item: Leftovers
|-heal|p1a: Toxapex|76/100|[from] item: Leftovers
|-damage|p2a: Venusaur|33/100|[from] move: Infestation|[partiallytrapped]
|upkeep
|turn|9
|inactive|aitzol9l has 30 seconds left.
|inactive|AbadanRiyi92 has 30 seconds left.
|inactive|aitzol9l has 20 seconds left.
|inactive|aitzol9l has 15 seconds left.
|
|t:|1784733524
|switch|p2b: Politoed|Politoed, L50, F|59/100
|-weather|RainDance|[from] ability: Drizzle|[of] p2b: Politoed
|move|p1b: Charizard|Protect|p1b: Charizard
|-singleturn|p1b: Charizard|Protect
|move|p2a: Venusaur|Sludge Bomb|p1b: Charizard
|-activate|p1b: Charizard|move: Protect
|move|p1a: Toxapex|Infestation|p2b: Politoed
|-damage|p2b: Politoed|58/100
|-activate|p2b: Politoed|move: Infestation|[of] p1a: Toxapex
|
|-weather|RainDance|[upkeep]
|-heal|p1a: Toxapex|82/100|[from] item: Leftovers
|-damage|p2a: Venusaur|21/100|[from] move: Infestation|[partiallytrapped]
|-damage|p2b: Politoed|46/100|[from] move: Infestation|[partiallytrapped]
|upkeep
|-enditem|p2b: Politoed|Sitrus Berry|[eat]
|-heal|p2b: Politoed|71/100|[from] item: Sitrus Berry
|turn|10
|
|t:|1784733546
|switch|p1b: Incineroar|Incineroar, L50, F|19/100
|-ability|p1b: Incineroar|Intimidate|boost
|-unboost|p2a: Venusaur|atk|1
|-unboost|p2b: Politoed|atk|1
|move|p2b: Politoed|Protect|p2b: Politoed
|-singleturn|p2b: Politoed|Protect
|move|p1a: Toxapex|Baneful Bunker|p1a: Toxapex
|-singleturn|p1a: Toxapex|move: Protect
|move|p2a: Venusaur|Sludge Bomb|p1b: Incineroar
|-damage|p1b: Incineroar|0 fnt
|faint|p1b: Incineroar
|
|-weather|RainDance|[upkeep]
|-heal|p1a: Toxapex|87/100|[from] item: Leftovers
|-damage|p2a: Venusaur|9/100|[from] move: Infestation|[partiallytrapped]
|-damage|p2b: Politoed|59/100|[from] move: Infestation|[partiallytrapped]
|upkeep
|
|t:|1784733556
|switch|p1b: Charizard|Charizard-Mega-Y, L50, M|27/100
|-weather|SunnyDay|[from] ability: Drought|[of] p1b: Charizard
|turn|11
|inactive|AbadanRiyi92 has 30 seconds left.
|inactive|AbadanRiyi92 has 20 seconds left.
|
|t:|1784733592
|move|p2a: Venusaur|Protect|p2a: Venusaur
|-singleturn|p2a: Venusaur|Protect
|move|p1b: Charizard|Heat Wave|p2a: Venusaur|[spread] p2b
|-activate|p2a: Venusaur|move: Protect
|-resisted|p2b: Politoed|1
|-damage|p2b: Politoed|43/100
|-status|p2b: Politoed|brn
|move|p2b: Politoed|Encore|p1a: Toxapex
|-start|p1a: Toxapex|Encore
|move|p1a: Toxapex|Baneful Bunker||[still]
|-fail|p1a: Toxapex
|
|-weather|SunnyDay|[upkeep]
|-heal|p1a: Toxapex|93/100|[from] item: Leftovers
|-damage|p2b: Politoed|37/100 brn|[from] brn
|-damage|p2a: Venusaur|0 fnt|[from] move: Infestation|[partiallytrapped]
|faint|p2a: Venusaur
|-damage|p2b: Politoed|25/100 brn|[from] move: Infestation|[partiallytrapped]
|upkeep
|
|t:|1784733614
|switch|p2a: Archaludon|Archaludon, L50, F|18/100
|turn|12
|inactive|aitzol9l has 30 seconds left.
|
|t:|1784733643
|move|p1b: Charizard|Protect|p1b: Charizard
|-singleturn|p1b: Charizard|Protect
|move|p2a: Archaludon|Protect|p2a: Archaludon
|-singleturn|p2a: Archaludon|Protect
|move|p1a: Toxapex|Baneful Bunker|p1a: Toxapex
|-singleturn|p1a: Toxapex|move: Protect
|move|p2b: Politoed|Perish Song|p2b: Politoed
|-start|p1a: Toxapex|perish3|[silent]
|-start|p1b: Charizard|perish3|[silent]
|-start|p2a: Archaludon|perish3|[silent]
|-start|p2b: Politoed|perish3|[silent]
|-fieldactivate|move: Perish Song
|
|-weather|SunnyDay|[upkeep]
|-heal|p2a: Archaludon|24/100|[from] item: Leftovers
|-heal|p1a: Toxapex|99/100|[from] item: Leftovers
|-damage|p2b: Politoed|19/100 brn|[from] brn
|-damage|p2b: Politoed|7/100 brn|[from] move: Infestation|[partiallytrapped]
|-start|p1b: Charizard|perish3
|-start|p2a: Archaludon|perish3
|-start|p2b: Politoed|perish3
|-start|p1a: Toxapex|perish3
|upkeep
|turn|13
|inactive|AbadanRiyi92 has 30 seconds left.
|inactive|AbadanRiyi92 has 20 seconds left.
|inactive|AbadanRiyi92 has 15 seconds left.
|
|t:|1784733687
|switch|p2a: Grimmsnarl|Grimmsnarl, L50, M|81/100
|move|p1a: Toxapex|Baneful Bunker||[still]
|-fail|p1a: Toxapex
|move|p1b: Charizard|Heat Wave|p2a: Grimmsnarl|[spread] p2a,p2b
|-resisted|p2b: Politoed|1
|-damage|p2a: Grimmsnarl|38/100
|-damage|p2b: Politoed|0 fnt
|faint|p2b: Politoed
|
|-weather|SunnyDay|[upkeep]
|-heal|p1a: Toxapex|100/100|[from] item: Leftovers
|-end|p1a: Toxapex|Encore
|-start|p1b: Charizard|perish2
|-start|p1a: Toxapex|perish2
|-sideend|p2: AbadanRiyi92|move: Light Screen
|upkeep
|
|t:|1784733701
|switch|p2b: Archaludon|Archaludon, L50, F|24/100
|turn|14
|inactive|AbadanRiyi92 has 30 seconds left.
|
|t:|1784733723
|move|p2b: Archaludon|Protect|p2b: Archaludon
|-singleturn|p2b: Archaludon|Protect
|move|p2a: Grimmsnarl|Light Screen|p2a: Grimmsnarl
|-sidestart|p2: AbadanRiyi92|move: Light Screen
|move|p1b: Charizard|Heat Wave|p2a: Grimmsnarl|[spread] p2a
|-activate|p2b: Archaludon|move: Protect
|-damage|p2a: Grimmsnarl|0 fnt
|faint|p2a: Grimmsnarl
|move|p1a: Toxapex|Toxic|p2b: Archaludon
|-activate|p2b: Archaludon|move: Protect
|
|-weather|SunnyDay|[upkeep]
|-heal|p2b: Archaludon|30/100|[from] item: Leftovers
|-start|p1b: Charizard|perish1
|-start|p1a: Toxapex|perish1
|upkeep
|turn|15
|inactive|AbadanRiyi92 has 30 seconds left this turn.
|inactive|aitzol9l has 30 seconds left.
|inactive|AbadanRiyi92 has 20 seconds left.
|inactive|aitzol9l has 20 seconds left.
|
|t:|1784733741
|move|p2b: Archaludon|Protect||[still]
|-fail|p2b: Archaludon
|move|p1b: Charizard|Weather Ball|p2b: Archaludon
|-damage|p2b: Archaludon|0 fnt
|faint|p2b: Archaludon
|
|win|aitzol9l
|inactive|aitzol9l has 30 seconds to confirm battle start!
|inactive|AbadanRiyi92 has 30 seconds to confirm battle start!
||aitzol9l is ready for game 2.
