|j|Ōśålancepp
|j|Ōśåsheepie_sheep
|html|lanceppsheepie_sheep    
|uhtml|bestof|Game 2 of a best-of-3
|t:|1784981143
|gametype|doubles
|player|p1|lancepp|lance|
|player|p2|sheepie_sheep|jasmine-masters2|
|gen|9
|tier|[Gen 9 Champions] VGC 2026 Reg M-B (Bo3)
|rule|Species Clause: Limit one of each Pok├®mon
|rule|Item Clause: Limit 1 of each item
|clearpoke
|poke|p1|Talonflame, L50, M|
|poke|p1|Politoed, L50, M|
|poke|p1|Basculegion-F, L50, F|
|poke|p1|Dragonite, L50, M|
|poke|p1|Excadrill, L50, F|
|poke|p1|Meowscarada, L50, M|
|poke|p2|Blaziken, L50, M|
|poke|p2|Aegislash, L50, M, shiny|
|poke|p2|Rotom-Wash, L50|
|poke|p2|Tsareena, L50, F|
|poke|p2|Gardevoir, L50, M|
|poke|p2|Drampa, L50, M|
|teampreview|4
|showteam|p1|Talonflame||SharpBeak|GaleWings|Protect,Hurricane,Tailwind,Overheat|Modest||M|||50|]Politoed||ChoiceScarf|Drizzle|WeatherBall,MuddyWater,IceBeam,IcyWind|Timid||M|||50|]Basculegion-F||LifeOrb|SwiftSwim|WaveCrash,AquaJet,LastRespects,Protect|Adamant||F|||50|]Dragonite||Dragoninite|Multiscale|DracoMeteor,Protect,Thunder,Hurricane|Modest||M|||50|]Excadrill||Excadrite|MoldBreaker|IronHead,Protect,Earthquake,HighHorsepower|Jolly||F|||50|]Meowscarada||FocusSash|Overgrow|FlowerTrick,Protect,KnockOff,TripleAxel|Jolly||M|||50|
|showteam|p2|Blaziken||Blazikenite|SpeedBoost|FlareBlitz,CloseCombat,Detect,RockSlide|Adamant||M|||50|]Aegislash||LifeOrb|StanceChange|Poltergeist,ShadowSneak,IronHead,KingsShield|Adamant||M|||50|]Rotom-Wash||ChoiceScarf|Levitate|HydroPump,VoltSwitch,Electroweb,Thunderbolt|Timid|||||50|]Tsareena||WideLens|QueenlyMajesty|PowerWhip,TripleAxel,Uturn,Taunt|Adamant||F|||50|]Gardevoir||Gardevoirite|Trace|HyperVoice,Psyshock,Protect,TrickRoom|Modest||M|||50|]Drampa||ExpertBelt|CloudNine|DracoMeteor,Thunderbolt,EarthPower,Protect|Quiet||M|||50|
|c|Ōśåsheepie_sheep|glhf
|
|t:|1784981229
|teamsize|p1|4
|teamsize|p2|4
|start
|switch|p1a: Meowscarada|Meowscarada, L50, M|100/100
|switch|p1b: Excadrill|Excadrill, L50, F|100/100
|switch|p2a: Legally Blind|Rotom-Wash, L50|100/100
|switch|p2b: Pasta Bait|Gardevoir, L50, M|100/100
|-ability|p1b: Excadrill|Mold Breaker
|-ability|p2b: Pasta Bait|Overgrow|Trace|[from] ability: Trace|[of] p1a: Meowscarada
|turn|1
|
|t:|1784981283
|detailschange|p1b: Excadrill|Excadrill-Mega, L50, F
|-mega|p1b: Excadrill|Excadrill|Excadrite
|move|p2b: Pasta Bait|Protect|p2b: Pasta Bait
|-singleturn|p2b: Pasta Bait|Protect
|move|p2a: Legally Blind|Volt Switch|p1a: Meowscarada
|-resisted|p1a: Meowscarada|1
|-damage|p1a: Meowscarada|74/100
|
|t:|1784981290
|switch|p2a: Chicken Fricassee|Blaziken, L50, M|100/100|[from] Volt Switch
|move|p1a: Meowscarada|Knock Off|p2a: Chicken Fricassee
|-resisted|p2a: Chicken Fricassee|1
|-damage|p2a: Chicken Fricassee|77/100
|move|p1b: Excadrill|Iron Head|p2b: Pasta Bait
|-supereffective|p2b: Pasta Bait|1
|-ability|p1b: Excadrill|Piercing Drill
|-zbroken|p2b: Pasta Bait
|-damage|p2b: Pasta Bait|64/100
|
|upkeep
|turn|2
|c|Ōśåsheepie_sheep|lwk forgot it did that
|
|t:|1784981368
|switch|p1a: Basculegion|Basculegion-F, L50, F|100/100
|detailschange|p2b: Pasta Bait|Gardevoir-Mega, L50, M
|-mega|p2b: Pasta Bait|Gardevoir|Gardevoirite
|move|p1b: Excadrill|Protect|p1b: Excadrill
|-singleturn|p1b: Excadrill|Protect
|move|p2a: Chicken Fricassee|Detect|p2a: Chicken Fricassee
|-singleturn|p2a: Chicken Fricassee|Protect
|move|p2b: Pasta Bait|Hyper Voice|p1a: Basculegion|[spread] p1a
|-activate|p1b: Excadrill|move: Protect
|-damage|p1a: Basculegion|43/100
|
|-ability|p2a: Chicken Fricassee|Speed Boost|boost
|-boost|p2a: Chicken Fricassee|spe|1
|upkeep
|turn|3
|c|Ōśålancepp|Aaaaa
|
|t:|1784981419
|move|p1a: Basculegion|Aqua Jet|p2a: Chicken Fricassee
|-supereffective|p2a: Chicken Fricassee|1
|-damage|p2a: Chicken Fricassee|6/100
|-damage|p1a: Basculegion|34/100|[from] item: Life Orb
|move|p2a: Chicken Fricassee|Close Combat|p1b: Excadrill
|-supereffective|p1b: Excadrill|1
|-damage|p1b: Excadrill|0 fnt
|-unboost|p2a: Chicken Fricassee|def|1
|-unboost|p2a: Chicken Fricassee|spd|1
|faint|p1b: Excadrill
|move|p2b: Pasta Bait|Hyper Voice|p1a: Basculegion
|-damage|p1a: Basculegion|0 fnt
|faint|p1a: Basculegion
|
|-ability|p2a: Chicken Fricassee|Speed Boost|boost
|-boost|p2a: Chicken Fricassee|spe|1
|upkeep
|c|Ōśåsheepie_sheep|phew
|
|t:|1784981427
|switch|p1b: Meowscarada|Meowscarada, L50, M|74/100
|switch|p1a: Politoed|Politoed, L50, M|100/100
|-weather|RainDance|[from] ability: Drizzle|[of] p1a: Politoed
|turn|4
|c|Ōśålancepp|Ain't that unfortunate
|c|Ōśåsheepie_sheep|you had a
|c|Ōśåsheepie_sheep|6% roll i think
|
|t:|1784981464
|move|p2a: Chicken Fricassee|Detect|p2a: Chicken Fricassee
|-singleturn|p2a: Chicken Fricassee|Protect
|move|p1b: Meowscarada|Protect|p1b: Meowscarada
|-singleturn|p1b: Meowscarada|Protect
|move|p2b: Pasta Bait|Protect|p2b: Pasta Bait
|-singleturn|p2b: Pasta Bait|Protect
|move|p1a: Politoed|Weather Ball|p2b: Pasta Bait
|-activate|p2b: Pasta Bait|move: Protect
|
|-weather|RainDance|[upkeep]
|-ability|p2a: Chicken Fricassee|Speed Boost|boost
|-boost|p2a: Chicken Fricassee|spe|1
|upkeep
|turn|5
|c|Ōśålancepp|6% roll? Oh mans
|c|Ōśålancepp|Should have rlly switched into poli aa
|c|Ōśåsheepie_sheep|yeah i was scared of thagt
|c|Ōśålancepp|I didn't see it ngl
|c|Ōśålancepp|This looks like a loss
|
|t:|1784981535
|move|p1b: Meowscarada|Protect||[still]
|-fail|p1b: Meowscarada
|move|p2a: Chicken Fricassee|Close Combat|p1b: Meowscarada
|-supereffective|p1b: Meowscarada|1
|-damage|p1b: Meowscarada|0 fnt
|-unboost|p2a: Chicken Fricassee|def|1
|-unboost|p2a: Chicken Fricassee|spd|1
|faint|p1b: Meowscarada
|move|p1a: Politoed|Weather Ball|p2b: Pasta Bait
|-damage|p2b: Pasta Bait|12/100
|move|p2b: Pasta Bait|Trick Room|p2b: Pasta Bait
|-fieldstart|move: Trick Room|[of] p2b: Pasta Bait
|
|-weather|RainDance|[upkeep]
|-ability|p2a: Chicken Fricassee|Speed Boost|boost
|-boost|p2a: Chicken Fricassee|spe|1
|upkeep
|turn|6
|-message|lancepp forfeited.
|
|win|sheepie_sheep
|c|Ōśålancepp|Yeah ggs
|c|Ōśåsheepie_sheep|ggs
|c|Ōśålancepp|Didn't spot switch into Politoed
