|j|☆Noyomi
|j|☆gio0314
|html|Noyomigio0314    
|uhtml|bestof|Game 2 of a best-of-3
|t:|1783992612
|gametype|doubles
|player|p1|Noyomi|pokemonrangerf|
|player|p2|gio0314|102|
|gen|9
|tier|[Gen 9 Champions] VGC 2026 Reg M-B (Bo3)
|rule|Species Clause: Limit one of each Pokémon
|rule|Item Clause: Limit 1 of each item
|clearpoke
|poke|p1|Charizard, L50, F|
|poke|p1|Garchomp, L50, M|
|poke|p1|Sneasler, L50, F|
|poke|p1|Venusaur, L50, F|
|poke|p1|Milotic, L50, F|
|poke|p1|Ampharos, L50, M|
|poke|p2|Lucario, L50, F|
|poke|p2|Sableye, L50, F|
|poke|p2|Lycanroc-Dusk, L50, M|
|poke|p2|Luxray, L50, F|
|poke|p2|Hydreigon, L50, M|
|poke|p2|Talonflame, L50, F|
|teampreview|4
|showteam|p1|Charizard||CharizarditeY|Blaze|HeatWave,SolarBeam,Protect,ScorchingSands|Timid||F|||50|]Garchomp||SitrusBerry|RoughSkin|Earthquake,DragonClaw,Protect,RockSlide|Adamant||M|||50|]Sneasler||WhiteHerb|Unburden|CloseCombat,DireClaw,FakeOut,Protect|Adamant||F|||50|]Venusaur||FocusSash|Chlorophyll|SleepPowder,SludgeBomb,Protect,GigaDrain|Timid||F|||50|]Milotic||Leftovers|Competitive|Scald,IcyWind,Protect,Recover|Calm||F|||50|]Ampharos||Ampharosite|Static|DragonPulse,ParabolicCharge,Protect,HelpingHand|Modest||M|||50|
|showteam|p2|Lucario||Lucarionite|Steadfast|BulletPunch,CloseCombat,Protect,ShadowBall|Hasty||F|||50|]Sableye||SitrusBerry|Prankster|WillOWisp,SuckerPunch,HelpingHand,LightScreen|Careful||F|||50|]Lycanroc-Dusk||LifeOrb|ToughClaws|Accelerock,CloseCombat,StoneEdge,SwordsDance|Jolly||M|||50|]Luxray||ChoiceScarf|Intimidate|Crunch,IceFang,VoltSwitch,WildCharge|Hasty||F|||50|]Hydreigon||FocusSash|Levitate|Taunt,DracoMeteor,DarkPulse,NastyPlot|Timid||M|||50|]Talonflame||Leftovers|GaleWings|BraveBird,Tailwind,FlareBlitz,Uturn|Jolly||F|||50|
|
|t:|1783992646
|teamsize|p1|4
|teamsize|p2|4
|start
|switch|p1a: Sssssss|Milotic, L50, F|100/100
|switch|p1b: ku-chau|Sneasler, L50, F|100/100
|switch|p2a: Sableye|Sableye, L50, F|100/100
|switch|p2b: Hydreigon|Hydreigon, L50, M|100/100
|turn|1
|
|t:|1783992672
|move|p2a: Sableye|Will-O-Wisp|p1b: ku-chau
|-status|p1b: ku-chau|brn
|move|p1b: ku-chau|Close Combat|p2b: Hydreigon
|-supereffective|p2b: Hydreigon|1
|-damage|p2b: Hydreigon|11/100
|-unboost|p1b: ku-chau|def|1
|-unboost|p1b: ku-chau|spd|1
|-enditem|p1b: ku-chau|White Herb
|-clearnegativeboost|p1b: ku-chau|[silent]
|move|p2b: Hydreigon|Nasty Plot|p2b: Hydreigon
|-boost|p2b: Hydreigon|spa|2
|move|p1a: Sssssss|Icy Wind|p2a: Sableye|[spread] p2a,p2b
|-supereffective|p2b: Hydreigon|1
|-damage|p2a: Sableye|88/100
|-damage|p2b: Hydreigon|0 fnt
|-unboost|p2a: Sableye|spe|1
|faint|p2b: Hydreigon
|
|-damage|p1b: ku-chau|94/100 brn|[from] brn
|upkeep
|
|t:|1783992694
|switch|p2b: Talonflame|Talonflame, L50, F|100/100
|turn|2
|
|t:|1783992736
|move|p2b: Talonflame|Tailwind|p2b: Talonflame
|-sidestart|p2: gio0314|move: Tailwind
|move|p2a: Sableye|Light Screen|p2a: Sableye
|-sidestart|p2: gio0314|move: Light Screen
|move|p1b: ku-chau|Dire Claw|p2b: Talonflame
|-damage|p2b: Talonflame|72/100
|move|p1a: Sssssss|Scald|p2b: Talonflame
|-supereffective|p2b: Talonflame|1
|-damage|p2b: Talonflame|24/100
|
|-heal|p2b: Talonflame|30/100|[from] item: Leftovers
|-damage|p1b: ku-chau|88/100 brn|[from] brn
|upkeep
|turn|3
|
|t:|1783992760
|move|p2a: Sableye|Helping Hand|p2b: Talonflame
|-singleturn|p2b: Talonflame|Helping Hand|[of] p2a: Sableye
|move|p1b: ku-chau|Protect|p1b: ku-chau
|-singleturn|p1b: ku-chau|Protect
|move|p2b: Talonflame|Brave Bird|p1b: ku-chau
|-activate|p1b: ku-chau|move: Protect
|move|p1a: Sssssss|Scald|p2b: Talonflame
|-supereffective|p2b: Talonflame|1
|-damage|p2b: Talonflame|0 fnt
|faint|p2b: Talonflame
|
|-damage|p1b: ku-chau|82/100 brn|[from] brn
|upkeep
|
|t:|1783992772
|switch|p2b: Lucario|Lucario, L50, F|100/100
|turn|4
|
|t:|1783992787
|detailschange|p2b: Lucario|Lucario-Mega, L50, F
|-mega|p2b: Lucario|Lucario|Lucarionite
|move|p2a: Sableye|Helping Hand|p2b: Lucario
|-singleturn|p2b: Lucario|Helping Hand|[of] p2a: Sableye
|move|p2b: Lucario|Close Combat|p1b: ku-chau
|-resisted|p1b: ku-chau|1
|-damage|p1b: ku-chau|0 fnt
|-unboost|p2b: Lucario|def|1
|-unboost|p2b: Lucario|spd|1
|faint|p1b: ku-chau
|move|p1a: Sssssss|Scald|p2b: Lucario
|-damage|p2b: Lucario|49/100
|
|upkeep
|
|t:|1783992800
|switch|p1b: Chi|Ampharos, L50, M|100/100
|turn|5
|
|t:|1783992826
|detailschange|p1b: Chi|Ampharos-Mega, L50, M
|-mega|p1b: Chi|Ampharos|Ampharosite
|-ability|p1b: Chi|Mold Breaker
|move|p2a: Sableye|Helping Hand|p2b: Lucario
|-singleturn|p2b: Lucario|Helping Hand|[of] p2a: Sableye
|move|p1a: Sssssss|Protect|p1a: Sssssss
|-singleturn|p1a: Sssssss|Protect
|move|p2b: Lucario|Close Combat|p1a: Sssssss
|-activate|p1a: Sssssss|move: Protect
|move|p1b: Chi|Parabolic Charge|p2b: Lucario|[spread] p2a,p2b
|-activate|p1a: Sssssss|move: Protect
|-damage|p2a: Sableye|65/100
|-damage|p2b: Lucario|2/100
|
|-sideend|p2: gio0314|move: Tailwind
|upkeep
|turn|6
|
|t:|1783992858
|move|p2a: Sableye|Helping Hand|p2b: Lucario
|-singleturn|p2b: Lucario|Helping Hand|[of] p2a: Sableye
|move|p1b: Chi|Helping Hand|p1a: Sssssss
|-singleturn|p1a: Sssssss|Helping Hand|[of] p1b: Chi
|move|p2b: Lucario|Close Combat|p1a: Sssssss
|-damage|p1a: Sssssss|0 fnt
|-unboost|p2b: Lucario|def|1
|-unboost|p2b: Lucario|spd|1
|faint|p1a: Sssssss
|
|-sideend|p2: gio0314|move: Light Screen
|upkeep
|
|t:|1783992868
|switch|p1a: Uy temblaste|Garchomp, L50, M|100/100
|turn|7
|
|t:|1783992883
|move|p2a: Sableye|Helping Hand|p2b: Lucario
|-singleturn|p2b: Lucario|Helping Hand|[of] p2a: Sableye
|move|p1b: Chi|Protect|p1b: Chi
|-singleturn|p1b: Chi|Protect
|move|p2b: Lucario|Close Combat|p1a: Uy temblaste
|-damage|p1a: Uy temblaste|1/100
|-unboost|p2b: Lucario|def|1
|-unboost|p2b: Lucario|spd|1
|-damage|p2b: Lucario|0 fnt|[from] ability: Rough Skin|[of] p1a: Uy temblaste
|-enditem|p1a: Uy temblaste|Sitrus Berry|[eat]
|-heal|p1a: Uy temblaste|25/100|[from] item: Sitrus Berry
|faint|p2b: Lucario
|move|p1a: Uy temblaste|Earthquake|p2a: Sableye|[spread] p2a
|-activate|p1b: Chi|move: Protect
|-damage|p2a: Sableye|8/100
|-enditem|p2a: Sableye|Sitrus Berry|[eat]
|-heal|p2a: Sableye|33/100|[from] item: Sitrus Berry
|
|upkeep
|turn|8
|
|t:|1783992905
|move|p2a: Sableye|Sucker Punch|p1a: Uy temblaste
|-damage|p1a: Uy temblaste|8/100
|-damage|p2a: Sableye|21/100|[from] ability: Rough Skin|[of] p1a: Uy temblaste
|move|p1a: Uy temblaste|Dragon Claw|p2a: Sableye
|-damage|p2a: Sableye|0 fnt
|faint|p2a: Sableye
|
|win|Noyomi
|l|☆gio0314
|player|p2|
