|j|☆justaguestiguess
|j|☆nocturnallynoct
|html|justaguestiguessnocturnallynoct    
|uhtml|bestof|Game 2 of a best-of-3
|t:|1756248028
|gametype|doubles
|player|p1|justaguestiguess|1|1190
|player|p2|nocturnallynoct|265|1137
|gen|9
|tier|[Gen 9] VGC 2025 Reg H (Bo3)
|rated|
|rule|Species Clause: Limit one of each Pokémon
|rule|Item Clause: Limit 1 of each item
|clearpoke
|poke|p1|Ursaluna, L50, F|
|poke|p1|Gholdengo, L50|
|poke|p1|Porygon2, L50|
|poke|p1|Amoonguss, L50, F|
|poke|p1|Incineroar, L50, M|
|poke|p1|Hydreigon, L50, F|
|poke|p2|Sneasler, L50, F|
|poke|p2|Indeedee, L50, M|
|poke|p2|Tyranitar, L50, M|
|poke|p2|Ursaluna-Bloodmoon, L50, M|
|poke|p2|Electabuzz, L50, M|
|poke|p2|Talonflame, L50, F|
|teampreview|4
|showteam|p1|Ursaluna||FlameOrb|Guts|Facade,Earthquake,HeadlongRush,Protect|||F|||50|,,,,,Ghost]Gholdengo||LifeOrb|GoodasGold|MakeItRain,ShadowBall,NastyPlot,Protect||||||50|,,,,,Water]Porygon2||Eviolite|Download|TeraBlast,IceBeam,TrickRoom,Recover||||||50|,,,,,Fighting]Amoonguss||CovertCloak|Regenerator|Spore,RagePowder,PollenPuff,Protect|||F|||50|,,,,,Water]Incineroar||SitrusBerry|Intimidate|FlareBlitz,KnockOff,FakeOut,PartingShot|||M|||50|,,,,,Ghost]Hydreigon||SafetyGoggles|Levitate|DracoMeteor,Snarl,Tailwind,Protect|||F|||50|,,,,,Ghost
|showteam|p2|Sneasler||PsychicSeed|Unburden|DireClaw,CloseCombat,ThroatChop,Protect|||F|||50|,,,,,Dark]Indeedee||FocusSash|PsychicSurge|ExpandingForce,TeraBlast,Protect,TrickRoom|||M|||50|,,,,,Fighting]Tyranitar||AssaultVest|SandStream|RockSlide,KnockOff,LowKick,TeraBlast|||M|||50|,,,,,Flying]Ursaluna-Bloodmoon||LifeOrb|MindsEye|BloodMoon,HyperVoice,EarthPower,Protect|||M|||50|,,,,,Normal]Electabuzz||Eviolite|VitalSpirit|Electroweb,FollowMe,Taunt,Protect|||M|||50|,,,,,Dragon]Talonflame||CovertCloak|GaleWings|DualWingbeat,FlareBlitz,Tailwind,WillOWisp|||F|||50|,,,,,Fairy
|inactive|Battle timer is ON: inactive players will automatically lose when time's up. (requested by nocturnallynoct)
|inactive|justaguestiguess has 60 seconds left.
|
|t:|1756248072
|teamsize|p1|4
|teamsize|p2|4
|start
|switch|p1a: Hydreigon|Hydreigon, L50, F|100/100
|switch|p1b: Incineroar|Incineroar, L50, M|100/100
|switch|p2a: Indeedee|Indeedee, L50, M|100/100
|switch|p2b: Tyranitar|Tyranitar, L50, M|100/100
|-fieldstart|move: Psychic Terrain|[from] ability: Psychic Surge|[of] p2a: Indeedee
|-weather|Sandstorm|[from] ability: Sand Stream|[of] p2b: Tyranitar
|-ability|p1b: Incineroar|Intimidate|boost
|-unboost|p2a: Indeedee|atk|1
|-unboost|p2b: Tyranitar|atk|1
|turn|1
|inactive|justaguestiguess has 30 seconds left.
|inactive|nocturnallynoct has 30 seconds left.
|inactive|nocturnallynoct has 20 seconds left.
|inactive|nocturnallynoct has 15 seconds left.
|
|t:|1756248114
|-terastallize|p2a: Indeedee|Fighting
|move|p1a: Hydreigon|Snarl|p2a: Indeedee|[spread] p2a,p2b
|-resisted|p2a: Indeedee
|-resisted|p2b: Tyranitar
|-damage|p2a: Indeedee|87/100
|-damage|p2b: Tyranitar|95/100
|-unboost|p2a: Indeedee|spa|1
|-unboost|p2b: Tyranitar|spa|1
|move|p2b: Tyranitar|Low Kick|p1a: Hydreigon
|-supereffective|p1a: Hydreigon
|-damage|p1a: Hydreigon|42/100
|move|p1b: Incineroar|Parting Shot|p2b: Tyranitar
|-unboost|p2b: Tyranitar|atk|1
|-unboost|p2b: Tyranitar|spa|1
|
|t:|1756248127
|switch|p1b: Gholdengo|Gholdengo, L50|100/100|[from] Parting Shot
|move|p2a: Indeedee|Trick Room|p2a: Indeedee
|-fieldstart|move: Trick Room|[of] p2a: Indeedee
|
|-weather|Sandstorm|[upkeep]
|-damage|p2a: Indeedee|81/100|[from] Sandstorm
|upkeep
|turn|2
|
|t:|1756248151
|switch|p1a: Amoonguss|Amoonguss, L50, F|100/100
|move|p2b: Tyranitar|Knock Off|p1b: Gholdengo
|-supereffective|p1b: Gholdengo
|-damage|p1b: Gholdengo|55/100
|-enditem|p1b: Gholdengo|Life Orb|[from] move: Knock Off|[of] p2b: Tyranitar
|move|p1b: Gholdengo|Make It Rain|p2a: Indeedee|[spread] p2a,p2b
|-supereffective|p2b: Tyranitar
|-damage|p2a: Indeedee|12/100
|-damage|p2b: Tyranitar|54/100
|-unboost|p1b: Gholdengo|spa|1
|move|p2a: Indeedee|Tera Blast|p1a: Amoonguss|[anim] Tera Blast Fighting
|-resisted|p1a: Amoonguss
|-damage|p1a: Amoonguss|90/100
|
|-weather|Sandstorm|[upkeep]
|-damage|p1a: Amoonguss|84/100|[from] Sandstorm
|-damage|p2a: Indeedee|6/100|[from] Sandstorm
|upkeep
|turn|3
|inactive|nocturnallynoct has 30 seconds left.
|
|t:|1756248181
|move|p1a: Amoonguss|Spore|p2a: Indeedee
|-status|p2a: Indeedee|slp|[from] move: Spore
|move|p2b: Tyranitar|Rock Slide|p1a: Amoonguss|[spread] p1a,p1b
|-resisted|p1b: Gholdengo
|-damage|p1a: Amoonguss|70/100
|-damage|p1b: Gholdengo|48/100
|cant|p1b: Gholdengo|flinch
|cant|p2a: Indeedee|slp
|
|-weather|Sandstorm|[upkeep]
|-damage|p1a: Amoonguss|64/100|[from] Sandstorm
|-damage|p2a: Indeedee|0 fnt|[from] Sandstorm
|faint|p2a: Indeedee
|upkeep
|
|t:|1756248197
|switch|p2a: Talonflame|Talonflame, L50, F|100/100
|turn|4
|
|t:|1756248206
|switch|p2b: Sneasler|Sneasler, L50, F|100/100
|-enditem|p2b: Sneasler|Psychic Seed
|-boost|p2b: Sneasler|spd|1|[from] item: Psychic Seed
|switch|p1b: Incineroar|Incineroar, L50, M|100/100
|-ability|p1b: Incineroar|Intimidate|boost
|-unboost|p2a: Talonflame|atk|1
|-unboost|p2b: Sneasler|atk|1
|move|p1a: Amoonguss|Spore|p2a: Talonflame
|-status|p2a: Talonflame|slp|[from] move: Spore
|cant|p2a: Talonflame|slp
|
|-weather|Sandstorm|[upkeep]
|-damage|p1a: Amoonguss|58/100|[from] Sandstorm
|-damage|p1b: Incineroar|95/100|[from] Sandstorm
|-damage|p2a: Talonflame|95/100 slp|[from] Sandstorm
|-damage|p2b: Sneasler|95/100|[from] Sandstorm
|upkeep
|turn|5
|
|t:|1756248226
|switch|p1a: Gholdengo|Gholdengo, L50|48/100
|move|p2b: Sneasler|Protect|p2b: Sneasler
|-singleturn|p2b: Sneasler|Protect
|move|p1b: Incineroar|Parting Shot|p2b: Sneasler
|-activate|p2b: Sneasler|move: Protect
|cant|p2a: Talonflame|slp
|
|-weather|none
|-fieldend|move: Trick Room
|-fieldend|move: Psychic Terrain
|upkeep
|turn|6
|inactive|nocturnallynoct has 30 seconds left.
|
|t:|1756248254
|switch|p1a: Amoonguss|Amoonguss, L50, F|91/100
|move|p2b: Sneasler|Throat Chop|p1a: Amoonguss
|-damage|p1a: Amoonguss|75/100
|cant|p2a: Talonflame|slp
|move|p1b: Incineroar|Parting Shot|p2a: Talonflame
|-unboost|p2a: Talonflame|atk|1
|-unboost|p2a: Talonflame|spa|1
|
|t:|1756248261
|switch|p1b: Gholdengo|Gholdengo, L50|48/100|[from] Parting Shot
|
|upkeep
|turn|7
|
|t:|1756248276
|move|p1a: Amoonguss|Rage Powder|p1a: Amoonguss
|-singleturn|p1a: Amoonguss|move: Rage Powder
|move|p2b: Sneasler|Dire Claw|p1a: Amoonguss
|-damage|p1a: Amoonguss|50/100
|-curestatus|p2a: Talonflame|slp|[msg]
|move|p2a: Talonflame|Flare Blitz|p1a: Amoonguss
|-supereffective|p1a: Amoonguss
|-damage|p1a: Amoonguss|8/100
|-damage|p2a: Talonflame|77/100|[from] Recoil
|move|p1b: Gholdengo|Nasty Plot|p1b: Gholdengo
|-boost|p1b: Gholdengo|spa|2
|
|upkeep
|turn|8
|
|t:|1756248293
|switch|p1a: Incineroar|Incineroar, L50, M|95/100
|-ability|p1a: Incineroar|Intimidate|boost
|-unboost|p2a: Talonflame|atk|1
|-unboost|p2b: Sneasler|atk|1
|move|p1b: Gholdengo|Protect|p1b: Gholdengo
|-singleturn|p1b: Gholdengo|Protect
|move|p2b: Sneasler|Dire Claw|p1a: Incineroar
|-damage|p1a: Incineroar|73/100
|move|p2a: Talonflame|Flare Blitz|p1b: Gholdengo
|-activate|p1b: Gholdengo|move: Protect
|
|upkeep
|turn|9
|
|t:|1756248312
|switch|p2b: Tyranitar|Tyranitar, L50, M|54/100
|-weather|Sandstorm|[from] ability: Sand Stream|[of] p2b: Tyranitar
|move|p2a: Talonflame|Flare Blitz|p1b: Gholdengo
|-supereffective|p1b: Gholdengo
|-damage|p1b: Gholdengo|15/100
|-damage|p2a: Talonflame|66/100|[from] Recoil
|move|p1b: Gholdengo|Make It Rain|p2a: Talonflame|[spread] p2a,p2b
|-resisted|p2a: Talonflame
|-supereffective|p2b: Tyranitar
|-damage|p2a: Talonflame|0 fnt
|-damage|p2b: Tyranitar|0 fnt
|-unboost|p1b: Gholdengo|spa|1
|faint|p2a: Talonflame
|faint|p2b: Tyranitar
|move|p1a: Incineroar|Parting Shot|p2: Talonflame|[notarget]
|-fail|p1a: Incineroar
|
|-weather|Sandstorm|[upkeep]
|-damage|p1a: Incineroar|67/100|[from] Sandstorm
|upkeep
|
|t:|1756248329
|switch|p2b: Sneasler|Sneasler, L50, F|95/100
|turn|10
|c|☆nocturnallynoct|awesome plays
|inactive|nocturnallynoct has 30 seconds left.
|
|t:|1756248356
|switch|p1a: Amoonguss|Amoonguss, L50, F|41/100
|move|p1b: Gholdengo|Protect|p1b: Gholdengo
|-singleturn|p1b: Gholdengo|Protect
|move|p2b: Sneasler|Dire Claw|p1a: Amoonguss
|-damage|p1a: Amoonguss|4/100
|
|-weather|Sandstorm|[upkeep]
|-damage|p2b: Sneasler|89/100|[from] Sandstorm
|-damage|p1a: Amoonguss|0 fnt|[from] Sandstorm
|faint|p1a: Amoonguss
|upkeep
|
|t:|1756248368
|switch|p1a: Incineroar|Incineroar, L50, M|67/100
|-ability|p1a: Incineroar|Intimidate|boost
|-unboost|p2b: Sneasler|atk|1
|turn|11
|
|t:|1756248385
|-terastallize|p1a: Incineroar|Ghost
|move|p1a: Incineroar|Fake Out|p2b: Sneasler
|-damage|p2b: Sneasler|72/100
|cant|p2b: Sneasler|flinch
|move|p1b: Gholdengo|Make It Rain|p2b: Sneasler
|-damage|p2b: Sneasler|0 fnt
|-unboost|p1b: Gholdengo|spa|1
|faint|p2b: Sneasler
|
|win|justaguestiguess
|raw|justaguestiguess's rating: 1190 → 1211(+21 for winning)
|raw|nocturnallynoct's rating: 1137 → 1116(-21 for losing)
|l|☆justaguestiguess
|player|p1|
