|j|☆ilikecsr
|j|☆KMMULLER2020
|html|ilikecsrKMMULLER2020    
|uhtml|bestof|Game 1 of a best-of-3
|t:|1786096315
|gametype|doubles
|player|p1|ilikecsr|volkner|1209
|player|p2|KMMULLER2020|nate|1191
|gen|9
|tier|[Gen 9 Champions] VGC 2026 Reg M-B (Bo3)
|rated|
|rule|Species Clause: Limit one of each Pokémon
|rule|Item Clause: Limit 1 of each item
|clearpoke
|poke|p1|Swampert, L50, M|
|poke|p1|Archaludon, L50, M|
|poke|p1|Sableye, L50, F|
|poke|p1|Sinistcha-Masterpiece, L50|
|poke|p1|Pelipper, L50, F|
|poke|p1|Floette-Eternal, L50, F|
|poke|p2|Gengar, L50, M|
|poke|p2|Politoed, L50, M|
|poke|p2|Incineroar, L50, M|
|poke|p2|Sinistcha, L50|
|poke|p2|Hydreigon, L50, M|
|poke|p2|Aggron, L50, F|
|teampreview|4
|showteam|p1|Swampert||Swampertite|Torrent|WaveCrash,Earthquake,IcePunch,Protect|Adamant||M|||50|]Archaludon||Leftovers|Stamina|ElectroShot,DragonPulse,FlashCannon,Protect|Modest||M|||50|]Sableye||LightClay|Prankster|Reflect,LightScreen,RainDance,Encore|Sassy||F|||50|]Sinistcha-Masterpiece||ColburBerry|Hospitality|MatchaGotcha,RagePowder,TrickRoom,Protect|Sassy|||||50|]Pelipper||FocusSash|Drizzle|WeatherBall,Hurricane,Tailwind,Protect|Modest||F|||50|]Floette-Eternal||Floettite|FlowerVeil|Moonblast,DazzlingGleam,LightofRuin,Protect|Modest||F|||50|
|showteam|p2|Gengar||Gengarite|CursedBody|Protect,PerishSong,Disable,ShadowBall|Timid||M|||50|]Politoed||Leftovers|Drizzle|Protect,PerishSong,Encore,WeatherBall|Sassy||M|||50|]Incineroar||SitrusBerry|Intimidate|Protect,FakeOut,PartingShot,ThroatChop|Relaxed||M|||50|]Sinistcha||FocusSash|Hospitality|Protect,RagePowder,TrickRoom,MatchaGotcha|Relaxed|||||50|]Hydreigon||LifeOrb|Levitate|Protect,NastyPlot,DragonPulse,DarkPulse|Modest||M|||50|]Aggron||Aggronite|Sturdy|Protect,IronDefense,BodyPress,StoneEdge|Sassy||F|||50|
|inactive|Battle timer is ON: inactive players will automatically lose when time's up. (requested by KMMULLER2020)
|inactive|ilikecsr also wants the timer to be on.
|inactive|ilikecsr has 60 seconds left.
|inactive|KMMULLER2020 has 60 seconds left.
|inactive|KMMULLER2020 has 30 seconds left.
|inactive|KMMULLER2020 has 20 seconds left.
|inactive|KMMULLER2020 has 15 seconds left.
|
|t:|1786096393
|teamsize|p1|4
|teamsize|p2|4
|start
|switch|p1a: Katappa|Pelipper, L50, F|100/100
|switch|p1b: Maithan Steel|Archaludon, L50, M|100/100
|switch|p2a: Gengar|Gengar, L50, M|100/100
|switch|p2b: Incineroar|Incineroar, L50, M|100/100
|-weather|RainDance|[from] ability: Drizzle|[of] p1a: Katappa
|-ability|p2b: Incineroar|Intimidate|boost
|-unboost|p1a: Katappa|atk|1
|-unboost|p1b: Maithan Steel|atk|1
|turn|1
|inactive|KMMULLER2020 has 30 seconds left.
|
|t:|1786096418
|detailschange|p2a: Gengar|Gengar-Mega, L50, M
|-mega|p2a: Gengar|Gengar|Gengarite
|move|p2b: Incineroar|Fake Out|p1a: Katappa
|-damage|p1a: Katappa|86/100
|move|p2a: Gengar|Perish Song|p2a: Gengar
|-start|p1a: Katappa|perish3|[silent]
|-start|p1b: Maithan Steel|perish3|[silent]
|-start|p2a: Gengar|perish3|[silent]
|-start|p2b: Incineroar|perish3|[silent]
|-fieldactivate|move: Perish Song
|cant|p1a: Katappa|flinch
|move|p1b: Maithan Steel|Electro Shot||[still]
|-prepare|p1b: Maithan Steel|Electro Shot
|-boost|p1b: Maithan Steel|spa|1
|-anim|p1b: Maithan Steel|Electro Shot|p2b: Incineroar
|-damage|p2b: Incineroar|47/100
|-enditem|p2b: Incineroar|Sitrus Berry|[eat]
|-heal|p2b: Incineroar|72/100|[from] item: Sitrus Berry
|
|-weather|RainDance|[upkeep]
|-start|p2a: Gengar|perish3
|-start|p1a: Katappa|perish3
|-start|p1b: Maithan Steel|perish3
|-start|p2b: Incineroar|perish3
|upkeep
|turn|2
|inactive|ilikecsr has 30 seconds left.
|inactive|ilikecsr has 20 seconds left.
|inactive|KMMULLER2020 has 30 seconds left.
|
|t:|1786096463
|switch|p2b: Politoed|Politoed, L50, M|100/100
|move|p2a: Gengar|Disable|p1b: Maithan Steel
|-start|p1b: Maithan Steel|Disable|Electro Shot
|move|p1a: Katappa|Weather Ball|p2b: Politoed
|-resisted|p2b: Politoed|1
|-damage|p2b: Politoed|71/100
|cant|p1b: Maithan Steel|Disable|Electro Shot
|
|-weather|RainDance|[upkeep]
|-heal|p2b: Politoed|77/100|[from] item: Leftovers
|-start|p2a: Gengar|perish2
|-start|p1a: Katappa|perish2
|-start|p1b: Maithan Steel|perish2
|upkeep
|turn|3
|inactive|ilikecsr has 30 seconds left.
|inactive|KMMULLER2020 has 30 seconds left.
|inactive|KMMULLER2020 has 20 seconds left.
|inactive|KMMULLER2020 has 15 seconds left.
|inactive|KMMULLER2020 has 10 seconds left.
|
|t:|1786096508
|move|p2a: Gengar|Protect|p2a: Gengar
|-singleturn|p2a: Gengar|Protect
|move|p2b: Politoed|Protect|p2b: Politoed
|-singleturn|p2b: Politoed|Protect
|move|p1a: Katappa|Hurricane|p2b: Politoed
|-activate|p2b: Politoed|move: Protect
|move|p1b: Maithan Steel|Dragon Pulse|p2b: Politoed
|-activate|p2b: Politoed|move: Protect
|
|-weather|RainDance|[upkeep]
|-heal|p2b: Politoed|83/100|[from] item: Leftovers
|-start|p2a: Gengar|perish1
|-start|p1a: Katappa|perish1
|-start|p1b: Maithan Steel|perish1
|upkeep
|turn|4
|inactive|ilikecsr has 30 seconds left.
|inactive|KMMULLER2020 has 30 seconds left.
|
|t:|1786096542
|switch|p2b: Incineroar|Incineroar, L50, M|72/100
|-ability|p2b: Incineroar|Intimidate|boost
|-unboost|p1a: Katappa|atk|1
|-unboost|p1b: Maithan Steel|atk|1
|move|p2a: Gengar|Disable|p1a: Katappa
|-start|p1a: Katappa|Disable|Hurricane
|move|p1a: Katappa|Weather Ball|p2a: Gengar
|-damage|p2a: Gengar|18/100
|move|p1b: Maithan Steel|Dragon Pulse|p2a: Gengar
|-damage|p2a: Gengar|0 fnt
|faint|p2a: Gengar
|
|-weather|RainDance|[upkeep]
|-start|p1a: Katappa|perish0
|-start|p1b: Maithan Steel|perish0
|upkeep
|faint|p1a: Katappa
|faint|p1b: Maithan Steel
|
|t:|1786096557
|switch|p2a: Politoed|Politoed, L50, M|83/100
|switch|p1a: Sinistcha|Sinistcha-Masterpiece, L50|100/100
|switch|p1b: Bahubali|Swampert, L50, M|100/100
|turn|5
|
|t:|1786096577
|detailschange|p1b: Bahubali|Swampert-Mega, L50, M
|-mega|p1b: Bahubali|Swampert|Swampertite
|move|p2b: Incineroar|Fake Out|p1b: Bahubali
|-damage|p1b: Bahubali|90/100
|cant|p1b: Bahubali|flinch
|move|p2a: Politoed|Perish Song|p2a: Politoed
|-start|p1a: Sinistcha|perish3|[silent]
|-start|p1b: Bahubali|perish3|[silent]
|-start|p2a: Politoed|perish3|[silent]
|-start|p2b: Incineroar|perish3|[silent]
|-fieldactivate|move: Perish Song
|move|p1a: Sinistcha|Matcha Gotcha|p2b: Incineroar|[spread] p2a,p2b
|-supereffective|p2a: Politoed|1
|-resisted|p2b: Incineroar|1
|-damage|p2a: Politoed|42/100
|-damage|p2b: Incineroar|62/100
|-status|p2a: Politoed|brn
|
|-weather|none
|-heal|p2a: Politoed|48/100 brn|[from] item: Leftovers
|-damage|p2a: Politoed|42/100 brn|[from] brn
|-start|p1b: Bahubali|perish3
|-start|p1a: Sinistcha|perish3
|-start|p2a: Politoed|perish3
|-start|p2b: Incineroar|perish3
|upkeep
|turn|6
|inactive|KMMULLER2020 has 30 seconds left.
|
|t:|1786096606
|move|p2a: Politoed|Protect|p2a: Politoed
|-singleturn|p2a: Politoed|Protect
|move|p2b: Incineroar|Protect|p2b: Incineroar
|-singleturn|p2b: Incineroar|Protect
|move|p1b: Bahubali|Wave Crash|p2b: Incineroar
|-activate|p2b: Incineroar|move: Protect
|move|p1a: Sinistcha|Matcha Gotcha|p2b: Incineroar|[spread] 
|-activate|p2a: Politoed|move: Protect
|-activate|p2b: Incineroar|move: Protect
|
|-heal|p2a: Politoed|48/100 brn|[from] item: Leftovers
|-damage|p2a: Politoed|42/100 brn|[from] brn
|-start|p1b: Bahubali|perish2
|-start|p2a: Politoed|perish2
|-start|p1a: Sinistcha|perish2
|-start|p2b: Incineroar|perish2
|upkeep
|turn|7
|
|t:|1786096626
|switch|p2b: Sinistcha|Sinistcha, L50|100/100
|-heal|p2a: Politoed|67/100 brn|[from] ability: Hospitality|[of] p2b: Sinistcha
|move|p1b: Bahubali|Wave Crash|p2b: Sinistcha
|-resisted|p2b: Sinistcha|1
|-damage|p2b: Sinistcha|67/100
|-damage|p1b: Bahubali|79/100|[from] Recoil
|move|p1a: Sinistcha|Matcha Gotcha|p2b: Sinistcha|[spread] p2a,p2b
|-supereffective|p2a: Politoed|1
|-resisted|p2b: Sinistcha|1
|-damage|p2a: Politoed|27/100 brn
|-damage|p2b: Sinistcha|56/100
|move|p2a: Politoed|Encore|p1b: Bahubali
|-start|p1b: Bahubali|Encore
|
|-heal|p2a: Politoed|34/100 brn|[from] item: Leftovers
|-damage|p2a: Politoed|27/100 brn|[from] brn
|-start|p1b: Bahubali|perish1
|-start|p2a: Politoed|perish1
|-start|p1a: Sinistcha|perish1
|upkeep
|turn|8
|
|t:|1786096646
|switch|p2a: Incineroar|Incineroar, L50, M|62/100
|-ability|p2a: Incineroar|Intimidate|boost
|-unboost|p1a: Sinistcha|atk|1
|-unboost|p1b: Bahubali|atk|1
|move|p2b: Sinistcha|Protect|p2b: Sinistcha
|-singleturn|p2b: Sinistcha|Protect
|move|p1b: Bahubali|Wave Crash|p2b: Sinistcha
|-activate|p2b: Sinistcha|move: Protect
|move|p1a: Sinistcha|Matcha Gotcha|p2b: Sinistcha|[spread] p2a
|-activate|p2b: Sinistcha|move: Protect
|-resisted|p2a: Incineroar|1
|-damage|p2a: Incineroar|52/100
|
|-start|p1b: Bahubali|perish0
|-start|p1a: Sinistcha|perish0
|faint|p1b: Bahubali
|faint|p1a: Sinistcha
|
|win|KMMULLER2020
|inactive|ilikecsr has 30 seconds to confirm battle start!
|inactive|KMMULLER2020 has 30 seconds to confirm battle start!
||KMMULLER2020 is ready for game 2.
||ilikecsr is ready for game 2.
|uhtml|next|Next: Game 2 of 3
