|j|☆martinezgg
|j|☆jpvfriu
|html|martinezggjpvfriu    
|uhtml|bestof|Game 2 of a best-of-3
|t:|1783776524
|gametype|doubles
|player|p1|martinezgg|bruno|1025
|player|p2|jpvfriu|n|1000
|gen|9
|tier|[Gen 9 Champions] VGC 2026 Reg M-B (Bo3)
|rated|
|rule|Species Clause: Limit one of each Pokémon
|rule|Item Clause: Limit 1 of each item
|clearpoke
|poke|p1|Excadrill, L50, F, shiny|
|poke|p1|Tyranitar, L50, M, shiny|
|poke|p1|Corviknight, L50, M, shiny|
|poke|p1|Hydreigon, L50, F, shiny|
|poke|p1|Scovillain, L50, F, shiny|
|poke|p1|Houndstone, L50, M, shiny|
|poke|p2|Hawlucha, L50, F, shiny|
|poke|p2|Sableye, L50, M, shiny|
|poke|p2|Tinkaton, L50, F, shiny|
|poke|p2|Scovillain, L50, F, shiny|
|poke|p2|Slowbro-Galar, L50, M|
|poke|p2|Lycanroc-Dusk, L50, F, shiny|
|teampreview|4
|showteam|p1|Excadrill||FocusSash|SandRush|Earthquake,IronHead,RockSlide,Protect|Adamant||F|||50|]Tyranitar||Tyranitarite|SandStream|RockSlide,KnockOff,LowKick,Protect|Adamant||M|||50|]Corviknight||Leftovers|MirrorArmor|BraveBird,BulkUp,Roost,Tailwind|Careful||M|||50|]Hydreigon||ChoiceScarf|Levitate|DracoMeteor,DarkPulse,HeatWave,Snarl|Modest||F|||50|]Scovillain||Scovillainite|Moody|Overheat,GigaDrain,RagePowder,Protect|Calm||F|||50|]Houndstone||LifeOrb|SandRush|LastRespects,Disable,ShadowSneak,Protect|Adamant||M|||50|
|showteam|p2|Hawlucha||LumBerry|Unburden|Acrobatics,CloseCombat,Protect,Roost|Adamant||F|||50|]Sableye||Leftovers|Prankster|Disable,Encore,FakeOut,Swagger|Impish||M|||50|]Tinkaton||SitrusBerry|OwnTempo|GigatonHammer,PlayRough,Protect,FakeOut|Adamant||F|||50|]Scovillain||Scovillainite|Moody|ZenHeadbutt,Flamethrower,RagePowder,Protect|Modest||F|||50|]Slowbro-Galar||QuickClaw|QuickDraw|ShellSideArm,IceBeam,TrickRoom,Protect|Bold||M|||50|]Lycanroc-Dusk||LifeOrb|ToughClaws|Accelerock,RockSlide,Crunch,Protect|Adamant||F|||50|
|inactive|Battle timer is ON: inactive players will automatically lose when time's up. (requested by martinezgg)
|inactive|martinezgg has 60 seconds left.
|
|t:|1783776632
|teamsize|p1|4
|teamsize|p2|4
|start
|switch|p1a: Corviknight|Corviknight, L50, M, shiny|100/100
|switch|p1b: Excadrill|Excadrill, L50, F, shiny|100/100
|switch|p2a: Slowbro|Slowbro-Galar, L50, M|100/100
|switch|p2b: Scovillain|Scovillain, L50, F, shiny|100/100
|turn|1
|inactive|martinezgg has 30 seconds left.
|-activate|p2a: Slowbro|ability: Quick Draw
|
|t:|1783776658
|detailschange|p2b: Scovillain|Scovillain-Mega, L50, F, shiny
|-mega|p2b: Scovillain|Scovillain|Scovillainite
|move|p2b: Scovillain|Rage Powder|p2b: Scovillain
|-singleturn|p2b: Scovillain|move: Rage Powder
|move|p2a: Slowbro|Ice Beam|p1b: Excadrill
|-damage|p1b: Excadrill|71/100
|move|p1b: Excadrill|Earthquake|p2b: Scovillain|[spread] p2a,p2b
|-immune|p1a: Corviknight
|-supereffective|p2a: Slowbro|1
|-crit|p2a: Slowbro
|-damage|p2a: Slowbro|0 fnt
|-damage|p2b: Scovillain|54/100
|-status|p1b: Excadrill|brn|[from] ability: Spicy Spray|[of] p2b: Scovillain
|faint|p2a: Slowbro
|move|p1a: Corviknight|Bulk Up|p1a: Corviknight
|-boost|p1a: Corviknight|atk|1
|-boost|p1a: Corviknight|def|1
|
|-damage|p1b: Excadrill|65/100 brn|[from] brn
|upkeep
|
|t:|1783776679
|switch|p2a: Sableye|Sableye, L50, M, shiny|100/100
|turn|2
|inactive|martinezgg has 30 seconds left.
|
|t:|1783776705
|move|p2a: Sableye|Encore|p1a: Corviknight
|-start|p1a: Corviknight|Encore
|move|p1b: Excadrill|Iron Head|p2a: Sableye
|-damage|p2a: Sableye|76/100
|move|p1a: Corviknight|Bulk Up|p1a: Corviknight
|-boost|p1a: Corviknight|atk|1
|-boost|p1a: Corviknight|def|1
|move|p2b: Scovillain|Flamethrower|p1a: Corviknight
|-supereffective|p1a: Corviknight|1
|-damage|p1a: Corviknight|16/100
|
|-heal|p1a: Corviknight|22/100|[from] item: Leftovers
|-heal|p2a: Sableye|82/100|[from] item: Leftovers
|-damage|p1b: Excadrill|59/100 brn|[from] brn
|upkeep
|turn|3
|inactive|martinezgg has 30 seconds left.
|
|t:|1783776735
|switch|p1a: Tyranitar|Tyranitar, L50, M, shiny|100/100
|-weather|Sandstorm|[from] ability: Sand Stream|[of] p1a: Tyranitar
|move|p2a: Sableye|Disable|p1b: Excadrill
|-start|p1b: Excadrill|Disable|Iron Head
|move|p1b: Excadrill|Rock Slide|p2a: Sableye|[spread] p2a,p2b
|-supereffective|p2b: Scovillain|1
|-damage|p2a: Sableye|70/100
|-damage|p2b: Scovillain|31/100
|move|p2b: Scovillain|Flamethrower|p1a: Tyranitar
|-resisted|p1a: Tyranitar|1
|-damage|p1a: Tyranitar|86/100
|
|-weather|Sandstorm|[upkeep]
|-damage|p2b: Scovillain|25/100|[from] Sandstorm
|-damage|p2a: Sableye|64/100|[from] Sandstorm
|-heal|p2a: Sableye|70/100|[from] item: Leftovers
|-damage|p1b: Excadrill|53/100 brn|[from] brn
|upkeep
|turn|4
|inactive|jpvfriu has 30 seconds left.
|inactive|jpvfriu has 20 seconds left.
|inactive|jpvfriu has 15 seconds left.
|inactive|jpvfriu has 10 seconds left.
|
|t:|1783776784
|move|p2a: Sableye|Encore|p1b: Excadrill
|-start|p1b: Excadrill|Encore
|move|p1b: Excadrill|Rock Slide|p2b: Scovillain|[spread] p2a,p2b
|-supereffective|p2b: Scovillain|1
|-damage|p2a: Sableye|59/100
|-damage|p2b: Scovillain|1/100
|move|p1a: Tyranitar|Rock Slide|p2a: Sableye|[spread] p2a,p2b
|-supereffective|p2b: Scovillain|1
|-damage|p2a: Sableye|30/100
|-damage|p2b: Scovillain|0 fnt
|-status|p1a: Tyranitar|brn|[from] ability: Spicy Spray|[of] p2b: Scovillain
|faint|p2b: Scovillain
|
|-weather|Sandstorm|[upkeep]
|-damage|p2a: Sableye|24/100|[from] Sandstorm
|-heal|p2a: Sableye|30/100|[from] item: Leftovers
|-damage|p1b: Excadrill|47/100 brn|[from] brn
|-damage|p1a: Tyranitar|80/100 brn|[from] brn
|upkeep
|
|t:|1783776802
|switch|p2b: É lutador|Hawlucha, L50, F, shiny|100/100
|turn|5
|
|t:|1783776814
|switch|p1a: Corviknight|Corviknight, L50, M, shiny|22/100
|move|p2a: Sableye|Disable||[still]
|-fail|p2a: Sableye
|move|p1b: Excadrill|Rock Slide|p2b: É lutador|[spread] p2a,p2b
|-crit|p2b: É lutador
|-damage|p2a: Sableye|19/100
|-damage|p2b: É lutador|78/100
|cant|p2b: É lutador|flinch
|
|-weather|Sandstorm|[upkeep]
|-damage|p2b: É lutador|72/100|[from] Sandstorm
|-damage|p2a: Sableye|13/100|[from] Sandstorm
|-heal|p1a: Corviknight|28/100|[from] item: Leftovers
|-heal|p2a: Sableye|19/100|[from] item: Leftovers
|-damage|p1b: Excadrill|41/100 brn|[from] brn
|upkeep
|turn|6
|
|t:|1783776835
|move|p2a: Sableye|Swagger|p2b: É lutador|[miss]
|-miss|p2a: Sableye|p2b: É lutador
|move|p1b: Excadrill|Rock Slide|p2a: Sableye|[spread] p2a,p2b
|-damage|p2a: Sableye|8/100
|-damage|p2b: É lutador|58/100
|move|p2b: É lutador|Roost|p2b: É lutador
|-heal|p2b: É lutador|100/100
|-singleturn|p2b: É lutador|move: Roost
|move|p1a: Corviknight|Brave Bird|p2b: É lutador
|-supereffective|p2b: É lutador|1
|-damage|p2b: É lutador|0 fnt
|faint|p2b: É lutador
|-damage|p1a: Corviknight|0 fnt|[from] Recoil
|faint|p1a: Corviknight
|
|-weather|Sandstorm|[upkeep]
|-damage|p2a: Sableye|2/100|[from] Sandstorm
|-heal|p2a: Sableye|8/100|[from] item: Leftovers
|-damage|p1b: Excadrill|36/100 brn|[from] brn
|-end|p1b: Excadrill|Encore
|-end|p1b: Excadrill|Disable
|upkeep
|-message|jpvfriu forfeited.
|
|win|martinezgg
|raw|martinezgg's rating: 1025 → 1059(+34 for winning)
|raw|jpvfriu's rating: 1000 → 1000(+0 for losing)
|l|☆jpvfriu
|player|p2|
