|j|‽Malgooee
|j|☆delpivgc
|html|Malgooeedelpivgc    
|uhtml|bestof|Game 2 of a best-of-3
|t:|1757670264
|gametype|doubles
|player|p1|Malgooee|2|1050
|player|p2|delpivgc|hilbert-wonderlauncher|1031
|gen|9
|tier|[Gen 9] VGC 2025 Reg H (Bo3)
|rated|
|rule|Species Clause: Limit one of each Pokémon
|rule|Item Clause: Limit 1 of each item
|clearpoke
|poke|p1|Gothitelle, L50, M|
|poke|p1|Archaludon, L50, M|
|poke|p1|Amoonguss, L50, F|
|poke|p1|Politoed, L50, M|
|poke|p1|Sneasler, L50, F|
|poke|p1|Indeedee, L50, M|
|poke|p2|Gholdengo, L50|
|poke|p2|Sneasler, L50, M|
|poke|p2|Rillaboom, L50, M|
|poke|p2|Dragonite, L50, F|
|poke|p2|Ninetales-Alola, L50, F|
|poke|p2|Arcanine-Hisui, L50, F|
|teampreview|4
|showteam|p1|Gothitelle||Leftovers|ShadowTag|TrickRoom,FakeOut,Protect,Taunt|||M|||50|,,,,,Grass]Archaludon||AssaultVest|Stamina|BodyPress,DracoMeteor,ElectroShot,FlashCannon|||M|||50|,,,,,Electric]Amoonguss||RockyHelmet|Regenerator|Spore,Protect,RagePowder,PollenPuff|||F|||50|,,,,,Dark]Politoed||SitrusBerry|Drizzle|PerishSong,Protect,Encore,WeatherBall|||M|||50|,,,,,Grass]Sneasler||PsychicSeed|Unburden|Protect,DireClaw,CloseCombat,SwordsDance|||F|||50|,,,,,Fighting]Indeedee||ChoiceSpecs|PsychicSurge|ExpandingForce,DazzlingGleam,Psyshock,DrainingKiss|||M|||50|,,,,,Psychic
|showteam|p2|Gholdengo||GrassySeed|GoodasGold|NastyPlot,MakeItRain,ShadowBall,Protect||||||50|,,,,,Water]Sneasler||WhiteHerb|Unburden|CloseCombat,DireClaw,Coaching,Protect|||M|||50|,,,,,Ghost]Rillaboom||AssaultVest|GrassySurge|FakeOut,GrassyGlide,DrumBeating,HighHorsepower|||M|||50|,,,,,Fire]Dragonite||LoadedDice|Multiscale|ScaleShot,StompingTantrum,Tailwind,Protect|||F|||50|,,,,,Ground]Ninetales-Alola||FocusSash|SnowWarning|Blizzard,IcyWind,Encore,AuroraVeil|||F|||50|,,,,,Ghost]Arcanine-Hisui||ClearAmulet|Intimidate|RockSlide,FlareBlitz,ExtremeSpeed,Protect|||F|||50|,,,,,Water
|inactive|Battle timer is ON: inactive players will automatically lose when time's up. (requested by Malgooee)
|inactive|Malgooee has 60 seconds left.
|inactive|delpivgc has 60 seconds left.
|
|t:|1757670307
|teamsize|p1|4
|teamsize|p2|4
|start
|switch|p1a: Politoed|Politoed, L50, M|100/100
|switch|p1b: Archaludon|Archaludon, L50, M|100/100
|switch|p2a: Gholdengo|Gholdengo, L50|100/100
|switch|p2b: Rillaboom|Rillaboom, L50, M|100/100
|-fieldstart|move: Grassy Terrain|[from] ability: Grassy Surge|[of] p2b: Rillaboom
|-enditem|p2a: Gholdengo|Grassy Seed
|-boost|p2a: Gholdengo|def|1|[from] item: Grassy Seed
|-weather|RainDance|[from] ability: Drizzle|[of] p1a: Politoed
|turn|1
|inactive|Malgooee has 30 seconds left.
|inactive|Malgooee has 20 seconds left.
|inactive|Malgooee has 15 seconds left.
|
|t:|1757670347
|switch|p2b: Ninetales|Ninetales-Alola, L50, F|100/100
|-weather|Snowscape|[from] ability: Snow Warning|[of] p2b: Ninetales
|switch|p1a: Indeedee|Indeedee, L50, M|100/100
|-fieldstart|move: Psychic Terrain|[from] ability: Psychic Surge|[of] p1a: Indeedee
|move|p2a: Gholdengo|Nasty Plot|p2a: Gholdengo
|-boost|p2a: Gholdengo|spa|2
|move|p1b: Archaludon|Electro Shot||[still]
|-prepare|p1b: Archaludon|Electro Shot
|-boost|p1b: Archaludon|spa|1
|
|-weather|Snowscape|[upkeep]
|upkeep
|turn|2
|inactive|delpivgc has 30 seconds left.
|inactive|delpivgc has 20 seconds left.
|inactive|delpivgc has 15 seconds left.
|inactive|delpivgc has 10 seconds left.
|
|t:|1757670394
|move|p2b: Ninetales|Aurora Veil|p2b: Ninetales
|-sidestart|p2: delpivgc|move: Aurora Veil
|move|p1a: Indeedee|Expanding Force|p2a: Gholdengo|[spread] p2a,p2b
|-resisted|p2a: Gholdengo
|-damage|p2a: Gholdengo|76/100
|-damage|p2b: Ninetales|34/100
|move|p2a: Gholdengo|Shadow Ball|p1b: Archaludon
|-damage|p1b: Archaludon|41/100
|-ability|p1b: Archaludon|Stamina|boost
|-boost|p1b: Archaludon|def|1
|move|p1b: Archaludon|Electro Shot|p2a: Gholdengo|[from] lockedmove
|-damage|p2a: Gholdengo|35/100
|
|-weather|Snowscape|[upkeep]
|upkeep
|turn|3
|inactive|Malgooee has 30 seconds left.
|inactive|delpivgc has 30 seconds left.
|inactive|Malgooee has 20 seconds left.
|inactive|Malgooee has 15 seconds left.
|
|t:|1757670434
|switch|p2b: Rillaboom|Rillaboom, L50, M|100/100
|-fieldstart|move: Grassy Terrain|[from] ability: Grassy Surge|[of] p2b: Rillaboom
|switch|p1b: Gothitelle|Gothitelle, L50, M|100/100
|move|p2a: Gholdengo|Protect|p2a: Gholdengo
|-singleturn|p2a: Gholdengo|Protect
|move|p1a: Indeedee|Expanding Force|p2a: Gholdengo
|-activate|p2a: Gholdengo|move: Protect
|
|-weather|Snowscape|[upkeep]
|-heal|p2a: Gholdengo|41/100|[from] Grassy Terrain
|upkeep
|turn|4
|
|t:|1757670458
|move|p2b: Rillaboom|Fake Out|p1a: Indeedee
|-damage|p1a: Indeedee|73/100
|move|p1b: Gothitelle|Fake Out|p2b: Rillaboom
|-damage|p2b: Rillaboom|97/100
|cant|p1a: Indeedee|flinch
|move|p2a: Gholdengo|Make It Rain|p1b: Gothitelle|[spread] p1a,p1b
|-damage|p1a: Indeedee|0 fnt
|-damage|p1b: Gothitelle|21/100
|-unboost|p2a: Gholdengo|spa|1
|faint|p1a: Indeedee
|
|-weather|Snowscape|[upkeep]
|-heal|p2b: Rillaboom|100/100|[from] Grassy Terrain
|-heal|p2a: Gholdengo|47/100|[from] Grassy Terrain
|-heal|p1b: Gothitelle|27/100|[from] Grassy Terrain
|-heal|p1b: Gothitelle|33/100|[from] item: Leftovers
|upkeep
|
|t:|1757670479
|switch|p1a: Politoed|Politoed, L50, M|100/100
|-weather|RainDance|[from] ability: Drizzle|[of] p1a: Politoed
|turn|5
|inactive|delpivgc has 30 seconds left.
|inactive|delpivgc has 20 seconds left.
|inactive|delpivgc has 15 seconds left.
|inactive|delpivgc has 10 seconds left.
|
|t:|1757670526
|move|p2b: Rillaboom|High Horsepower|p1a: Politoed
|-damage|p1a: Politoed|70/100
|move|p2a: Gholdengo|Shadow Ball|p1b: Gothitelle
|-supereffective|p1b: Gothitelle
|-damage|p1b: Gothitelle|0 fnt
|faint|p1b: Gothitelle
|move|p1a: Politoed|Encore|p2b: Rillaboom
|-start|p2b: Rillaboom|Encore
|
|-weather|RainDance|[upkeep]
|-heal|p2a: Gholdengo|54/100|[from] Grassy Terrain
|-heal|p1a: Politoed|76/100|[from] Grassy Terrain
|upkeep
|-message|Malgooee forfeited.
|
|win|delpivgc
|l|‽Malgooee
|player|p1|
||Malgooee is ready for game 3.
||delpivgc is ready for game 3.
|uhtml|next|Next: Game 3 of 3
