|j|☆MtDrumr
|j|☆Streisten
|html|MtDrumrStreisten    
|uhtml|bestof|Game 1 of a best-of-3
|t:|1757647599
|gametype|doubles
|player|p1|MtDrumr|102|1110
|player|p2|Streisten|preschooler|1105
|gen|9
|tier|[Gen 9] VGC 2025 Reg H (Bo3)
|rated|
|rule|Species Clause: Limit one of each Pokémon
|rule|Item Clause: Limit 1 of each item
|clearpoke
|poke|p1|Ursaluna, L50, F|
|poke|p1|Jumpluff, L50, F|
|poke|p1|Charizard, L50, M|
|poke|p1|Torkoal, L50, F|
|poke|p1|Indeedee-F, L50, F|
|poke|p1|Armarouge, L50, F|
|poke|p2|Hydreigon, L50, F|
|poke|p2|Amoonguss, L50, F|
|poke|p2|Incineroar, L50, M|
|poke|p2|Gholdengo, L50|
|poke|p2|Ursaluna, L50, F|
|poke|p2|Porygon2, L50|
|teampreview|4
|showteam|p1|Ursaluna||FlameOrb|Guts|ShadowClaw,Facade,Earthquake,Protect|||F|||50|,,,,,Ghost]Jumpluff|||Chlorophyll|RagePowder,SunnyDay,Tailwind,SleepPowder|||F|||50|,,,,,Fire]Charizard||ChoiceSpecs|SolarPower|HeatWave,Overheat,WeatherBall,DragonPulse|||M|||50|,,,,,Fire]Torkoal||EjectPack|Drought|Overheat,Eruption,HelpingHand,Protect|||F|||50|,,,,,Fire]Indeedee-F||PsychicSeed|PsychicSurge|Psychic,FollowMe,TrickRoom,HelpingHand|||F|||50|,,,,,Grass]Armarouge||LifeOrb|FlashFire|TrickRoom,WideGuard,ExpandingForce,AuraSphere|||F|||50|,,,,,Grass
|showteam|p2|Hydreigon||SafetyGoggles|Levitate|Protect,DracoMeteor,Tailwind,Snarl|||F|||50|,,,,,Ghost]Amoonguss||CovertCloak|Regenerator|ClearSmog,Spore,RagePowder,PollenPuff|||F|||50|,,,,,Psychic]Incineroar||SitrusBerry|Intimidate|PartingShot,FlareBlitz,KnockOff,FakeOut|||M|||50|,,,,,Ghost]Gholdengo||MetalCoat|GoodasGold|Protect,MakeItRain,ShadowBall,NastyPlot||||||50|,,,,,Dragon]Ursaluna||FlameOrb|Guts|Facade,HeadlongRush,Earthquake,Protect|||F|||50|,,,,,Ghost]Porygon2||Eviolite|Download|TeraBlast,IceBeam,TrickRoom,Recover||||||50|,,,,,Fighting
|
|t:|1757647632
|teamsize|p1|4
|teamsize|p2|4
|start
|switch|p1a: Jumpluff|Jumpluff, L50, F|100/100
|switch|p1b: Torkoal|Torkoal, L50, F|100/100
|switch|p2a: Hydreigon|Hydreigon, L50, F, shiny|100/100
|switch|p2b: Amoonguss|Amoonguss, L50, F|100/100
|-weather|SunnyDay|[from] ability: Drought|[of] p1b: Torkoal
|turn|1
|
|t:|1757647646
|move|p1b: Torkoal|Protect|p1b: Torkoal
|-singleturn|p1b: Torkoal|Protect
|move|p1a: Jumpluff|Tailwind|p1a: Jumpluff
|-sidestart|p1: MtDrumr|move: Tailwind
|move|p2a: Hydreigon|Tailwind|p2a: Hydreigon
|-sidestart|p2: Streisten|move: Tailwind
|move|p2b: Amoonguss|Spore|p1b: Torkoal
|-activate|p1b: Torkoal|move: Protect
|
|-weather|SunnyDay|[upkeep]
|upkeep
|turn|2
|
|t:|1757647673
|move|p1a: Jumpluff|Rage Powder|p1a: Jumpluff
|-singleturn|p1a: Jumpluff|move: Rage Powder
|move|p2a: Hydreigon|Snarl|p1a: Jumpluff|[spread] p1a,p1b
|-damage|p1a: Jumpluff|79/100
|-damage|p1b: Torkoal|75/100
|-unboost|p1a: Jumpluff|spa|1
|-unboost|p1b: Torkoal|spa|1
|-enditem|p1b: Torkoal|Eject Pack
|
|t:|1757647682
|switch|p1b: Charizard|Charizard, L50, M|100/100
|move|p2b: Amoonguss|Spore|p1b: Charizard
|-status|p1b: Charizard|slp|[from] move: Spore
|
|-weather|SunnyDay|[upkeep]
|-damage|p1b: Charizard|88/100 slp|[from] ability: Solar Power|[of] p1b: Charizard
|upkeep
|turn|3
|
|t:|1757647703
|move|p1a: Jumpluff|Sleep Powder|p2a: Hydreigon
|-activate|p2a: Hydreigon|item: Safety Goggles|Sleep Powder
|cant|p1b: Charizard|slp
|move|p2a: Hydreigon|Snarl|p1b: Charizard|[spread] p1a
|-miss|p2a: Hydreigon|p1b: Charizard
|-damage|p1a: Jumpluff|57/100
|-unboost|p1a: Jumpluff|spa|1
|move|p2b: Amoonguss|Spore|p1a: Jumpluff
|-immune|p1a: Jumpluff
|
|-weather|SunnyDay|[upkeep]
|-damage|p1b: Charizard|76/100 slp|[from] ability: Solar Power|[of] p1b: Charizard
|upkeep
|turn|4
|
|t:|1757647727
|switch|p1b: Ursaluna|Ursaluna, L50, F|100/100
|switch|p2b: Incineroar|Incineroar, L50, M, shiny|100/100
|-ability|p2b: Incineroar|Intimidate|boost
|-unboost|p1a: Jumpluff|atk|1
|-unboost|p1b: Ursaluna|atk|1
|move|p1a: Jumpluff|Rage Powder|p1a: Jumpluff
|-singleturn|p1a: Jumpluff|move: Rage Powder
|move|p2a: Hydreigon|Snarl|p1b: Ursaluna|[spread] p1a,p1b
|-damage|p1a: Jumpluff|37/100
|-damage|p1b: Ursaluna|82/100
|-unboost|p1a: Jumpluff|spa|1
|-unboost|p1b: Ursaluna|spa|1
|
|-weather|SunnyDay|[upkeep]
|-sideend|p1: MtDrumr|move: Tailwind
|-sideend|p2: Streisten|move: Tailwind
|-status|p1b: Ursaluna|brn|[from] item: Flame Orb
|upkeep
|turn|5
|
|t:|1757647748
|switch|p2b: Amoonguss|Amoonguss, L50, F|100/100
|-terastallize|p1b: Ursaluna|Ghost
|move|p1a: Jumpluff|Tailwind|p1a: Jumpluff
|-sidestart|p1: MtDrumr|move: Tailwind
|move|p1b: Ursaluna|Earthquake|p2a: Hydreigon|[spread] p2b
|-immune|p1a: Jumpluff
|-immune|p2a: Hydreigon|[from] ability: Levitate
|-damage|p2b: Amoonguss|56/100
|move|p2a: Hydreigon|Tailwind|p2a: Hydreigon
|-sidestart|p2: Streisten|move: Tailwind
|
|-weather|none
|-damage|p1b: Ursaluna|76/100 brn|[from] brn
|upkeep
|turn|6
|
|t:|1757647764
|switch|p1b: Charizard|Charizard, L50, M|76/100 slp
|switch|p2b: Incineroar|Incineroar, L50, M, shiny|100/100
|-ability|p2b: Incineroar|Intimidate|boost
|-unboost|p1a: Jumpluff|atk|1
|-unboost|p1b: Charizard|atk|1
|move|p1a: Jumpluff|Sunny Day|p1a: Jumpluff
|-weather|SunnyDay
|move|p2a: Hydreigon|Snarl|p1b: Charizard|[spread] p1a,p1b
|-damage|p1a: Jumpluff|18/100
|-damage|p1b: Charizard|48/100 slp
|-unboost|p1a: Jumpluff|spa|1
|-unboost|p1b: Charizard|spa|1
|
|-weather|SunnyDay|[upkeep]
|-damage|p1b: Charizard|36/100 slp|[from] ability: Solar Power|[of] p1b: Charizard
|upkeep
|turn|7
|
|t:|1757647785
|move|p2b: Incineroar|Fake Out|p1b: Charizard
|-damage|p1b: Charizard|17/100 slp
|move|p1a: Jumpluff|Sleep Powder|p2b: Incineroar
|-status|p2b: Incineroar|slp|[from] move: Sleep Powder
|cant|p1b: Charizard|slp
|move|p2a: Hydreigon|Snarl|p1a: Jumpluff|[spread] p1a,p1b
|-damage|p1a: Jumpluff|0 fnt
|-damage|p1b: Charizard|0 fnt
|faint|p1a: Jumpluff
|faint|p1b: Charizard
|
|-weather|SunnyDay|[upkeep]
|upkeep
|
|t:|1757647789
|switch|p1a: Ursaluna|Ursaluna, L50, F, tera:Ghost|76/100 brn
|switch|p1b: Torkoal|Torkoal, L50, F|75/100
|turn|8
|-message|MtDrumr forfeited.
|
|win|Streisten
|l|☆MtDrumr
|player|p1|
||MtDrumr is ready for game 2.
||Streisten is ready for game 2.
|uhtml|next|Next: Game 2 of 3
