|j|‽I love one hot ko
|j|☆villani123
|html|I love one hot kovillani123    
|uhtml|bestof|Game 2 of a best-of-3
|t:|1785362094
|gametype|doubles
|player|p1|I love one hot ko|boarder|1000
|player|p2|villani123|ghetsis|1138
|gen|9
|tier|[Gen 9 Champions] VGC 2026 Reg M-B (Bo3)
|rated|
|rule|Species Clause: Limit one of each Pokémon
|rule|Item Clause: Limit 1 of each item
|clearpoke
|poke|p1|Hawlucha, L50, M|
|poke|p1|Snorlax, L50, M|
|poke|p1|Vanilluxe, L50, M|
|poke|p1|Maushold-Four, L50|
|poke|p1|Kleavor, L50, F|
|poke|p1|Oranguru, L50, M|
|poke|p2|Raichu, L50, F|
|poke|p2|Whimsicott, L50, F, shiny|
|poke|p2|Drampa, L50, M|
|poke|p2|Primarina, L50, M, shiny|
|poke|p2|Farigiraf, L50, M, shiny|
|poke|p2|Kingambit, L50, F, shiny|
|teampreview|4
|showteam|p1|Hawlucha||Hawluchanite|Limber|CloseCombat,BraveBird,Entrainment,Detect|Jolly||M|||50|]Snorlax||Leftovers|ThickFat|Fissure,BodyPress,Protect,Stockpile|Careful||M|||50|]Vanilluxe||NeverMeltIce|SnowWarning|Blizzard,SheerCold,FreezeDry,Protect|Modest||M|||50|]Maushold-Four||FocusSash|FriendGuard|FollowMe,SuperFang,HelpingHand,Protect|Timid|||||50|]Kleavor||LifeOrb|Sharpness|RockSlide,StoneAxe,XScissor,Protect|Jolly||F|||50|]Oranguru||SitrusBerry|InnerFocus|TrickRoom,Instruct,HyperVoice,Psychic|Quiet||M|||50|
|showteam|p2|Raichu||RaichuniteY|LightningRod|FakeOut,Protect,FocusBlast,ZapCannon|Modest||F|||50|]Whimsicott||FocusSash|Prankster|Encore,Moonblast,Tailwind,Taunt|Bold||F|||50|]Drampa||Drampanite|CloudNine|DragonPulse,EarthPower,HyperVoice,Protect|Quiet||M|||50|]Primarina||MysticWater|LiquidVoice|IceBeam,HyperVoice,HydroPump,Reflect|Modest||M|||50|]Farigiraf||Leftovers|ArmorTail|Psychic,TrickRoom,LightScreen,Protect|Calm||M|||50|]Kingambit||BlackGlasses|Defiant|KowtowCleave,IronHead,Protect,SuckerPunch|Adamant||F|||50|
|inactive|Battle timer is ON: inactive players will automatically lose when time's up. (requested by villani123)
|inactive|I love one hot ko has 60 seconds left.
|inactive|I love one hot ko has 30 seconds left.
|inactive|I love one hot ko has 20 seconds left.
|inactive|I love one hot ko has 15 seconds left.
|inactive|I love one hot ko has 10 seconds left.
|
|t:|1785362177
|teamsize|p1|4
|teamsize|p2|4
|start
|switch|p1a: Maushold|Maushold-Four, L50|100/100
|switch|p1b: Kleavor|Kleavor, L50, F|100/100
|switch|p2a: Raichu|Raichu, L50, F|100/100
|switch|p2b: Whimsicott|Whimsicott, L50, F, shiny|100/100
|turn|1
|
|t:|1785362192
|move|p1b: Kleavor|Protect|p1b: Kleavor
|-singleturn|p1b: Kleavor|Protect
|move|p1a: Maushold|Protect|p1a: Maushold
|-singleturn|p1a: Maushold|Protect
|move|p2a: Raichu|Fake Out|p1b: Kleavor
|-activate|p1b: Kleavor|move: Protect
|move|p2b: Whimsicott|Taunt|p1a: Maushold
|-activate|p1a: Maushold|move: Protect
|
|upkeep
|turn|2
|
|t:|1785362210
|move|p2a: Raichu|Protect|p2a: Raichu
|-singleturn|p2a: Raichu|Protect
|move|p2b: Whimsicott|Taunt|p1a: Maushold
|-start|p1a: Maushold|move: Taunt
|move|p1b: Kleavor|Stone Axe|p2a: Raichu
|-activate|p2a: Raichu|move: Protect
|move|p1a: Maushold|Super Fang|p2b: Whimsicott
|-damage|p2b: Whimsicott|50/100g
|
|upkeep
|turn|3
|
|t:|1785362232
|detailschange|p2a: Raichu|Raichu-Mega-Y, L50, F
|-mega|p2a: Raichu|Raichu|Raichunite Y
|move|p2a: Raichu|Zap Cannon|p1b: Kleavor
|-damage|p1b: Kleavor|4/100
|-status|p1b: Kleavor|par
|move|p1a: Maushold|Super Fang|p2b: Whimsicott|[miss]
|-miss|p1a: Maushold|p2b: Whimsicott
|move|p2b: Whimsicott|Moonblast|p1b: Kleavor
|-damage|p1b: Kleavor|0 fnt
|faint|p1b: Kleavor
|
|upkeep
|
|t:|1785362246
|switch|p1b: Snorlax|Snorlax, L50, M|100/100
|turn|4
|
|t:|1785362261
|move|p2b: Whimsicott|Tailwind|p2b: Whimsicott
|-sidestart|p2: villani123|move: Tailwind
|move|p2a: Raichu|Focus Blast|p1b: Snorlax
|-supereffective|p1b: Snorlax|1
|-damage|p1b: Snorlax|55/100
|move|p1a: Maushold|Super Fang|p2a: Raichu
|-damage|p2a: Raichu|50/100g
|move|p1b: Snorlax|Stockpile|p1b: Snorlax
|-start|p1b: Snorlax|stockpile1
|-boost|p1b: Snorlax|def|1
|-boost|p1b: Snorlax|spd|1
|
|-heal|p1b: Snorlax|61/100|[from] item: Leftovers
|-end|p1a: Maushold|move: Taunt
|upkeep
|turn|5
|
|t:|1785362279
|move|p1a: Maushold|Protect|p1a: Maushold
|-singleturn|p1a: Maushold|Protect
|move|p1b: Snorlax|Protect|p1b: Snorlax
|-singleturn|p1b: Snorlax|Protect
|move|p2b: Whimsicott|Taunt|p1b: Snorlax
|-activate|p1b: Snorlax|move: Protect
|move|p2a: Raichu|Focus Blast|p1a: Maushold
|-activate|p1a: Maushold|move: Protect
|
|-heal|p1b: Snorlax|67/100|[from] item: Leftovers
|upkeep
|turn|6
|inactive|I love one hot ko has 30 seconds left.
|
|t:|1785362305
|move|p1a: Maushold|Helping Hand|p1b: Snorlax
|-singleturn|p1b: Snorlax|Helping Hand|[of] p1a: Maushold
|move|p2a: Raichu|Protect|p2a: Raichu
|-singleturn|p2a: Raichu|Protect
|move|p2b: Whimsicott|Taunt|p1a: Maushold
|-start|p1a: Maushold|move: Taunt
|move|p1b: Snorlax|Body Press|p2a: Raichu
|-activate|p2a: Raichu|move: Protect
|
|-heal|p1b: Snorlax|73/100|[from] item: Leftovers
|upkeep
|turn|7
|
|t:|1785362327
|move|p2b: Whimsicott|Taunt|p1b: Snorlax
|-start|p1b: Snorlax|move: Taunt
|move|p2a: Raichu|Focus Blast|p1a: Maushold
|-supereffective|p1a: Maushold|1
|-enditem|p1a: Maushold|Focus Sash
|-damage|p1a: Maushold|1/100
|move|p1a: Maushold|Super Fang|p2b: Whimsicott
|-damage|p2b: Whimsicott|25/100
|move|p1b: Snorlax|Body Press|p2a: Raichu
|-damage|p2a: Raichu|1/100
|
|-heal|p1b: Snorlax|79/100|[from] item: Leftovers
|-sideend|p2: villani123|move: Tailwind
|upkeep
|turn|8
|inactive|I love one hot ko has 30 seconds left.
|inactive|villani123 has 30 seconds left.
|inactive|I love one hot ko has 20 seconds left.
|
|t:|1785362363
|move|p2a: Raichu|Focus Blast|p1b: Snorlax
|-supereffective|p1b: Snorlax|1
|-damage|p1b: Snorlax|51/100
|move|p1a: Maushold|Super Fang|p2b: Whimsicott
|-damage|p2b: Whimsicott|12/100
|move|p2b: Whimsicott|Moonblast|p1a: Maushold
|-damage|p1a: Maushold|0 fnt
|faint|p1a: Maushold
|move|p1b: Snorlax|Body Press|p2a: Raichu
|-damage|p2a: Raichu|0 fnt
|faint|p2a: Raichu
|
|-heal|p1b: Snorlax|57/100|[from] item: Leftovers
|upkeep
|
|t:|1785362378
|switch|p2a: Farigiraf|Farigiraf, L50, M, shiny|100/100
|switch|p1a: Hawlucha|Hawlucha, L50, M|100/100
|turn|9
|
|t:|1785362395
|detailschange|p1a: Hawlucha|Hawlucha-Mega, L50, M
|-mega|p1a: Hawlucha|Hawlucha|Hawluchanite
|move|p1a: Hawlucha|Brave Bird|p2b: Whimsicott
|-supereffective|p2b: Whimsicott|1
|-damage|p2b: Whimsicott|0 fnt
|faint|p2b: Whimsicott
|-damage|p1a: Hawlucha|95/100|[from] Recoil
|move|p1b: Snorlax|Body Press|p2a: Farigiraf
|-damage|p2a: Farigiraf|68/100
|move|p2a: Farigiraf|Trick Room|p2a: Farigiraf
|-fieldstart|move: Trick Room|[of] p2a: Farigiraf
|
|-heal|p1b: Snorlax|63/100|[from] item: Leftovers
|-heal|p2a: Farigiraf|74/100|[from] item: Leftovers
|-end|p1b: Snorlax|move: Taunt
|upkeep
|
|t:|1785362407
|switch|p2b: Primarina|Primarina, L50, M, shiny|100/100
|turn|10
|
|t:|1785362422
|move|p1b: Snorlax|Body Press|p2a: Farigiraf
|-damage|p2a: Farigiraf|43/100
|move|p2a: Farigiraf|Psychic|p1a: Hawlucha
|-supereffective|p1a: Hawlucha|1
|-damage|p1a: Hawlucha|0 fnt
|faint|p1a: Hawlucha
|move|p2b: Primarina|Ice Beam|p1b: Snorlax
|-damage|p1b: Snorlax|57/100
|
|-heal|p1b: Snorlax|63/100|[from] item: Leftovers
|-heal|p2a: Farigiraf|49/100|[from] item: Leftovers
|upkeep
|turn|11
|
|t:|1785362441
|move|p2a: Farigiraf|Protect|p2a: Farigiraf
|-singleturn|p2a: Farigiraf|Protect
|move|p1b: Snorlax|Stockpile|p1b: Snorlax
|-start|p1b: Snorlax|stockpile2
|-boost|p1b: Snorlax|def|1
|-boost|p1b: Snorlax|spd|1
|move|p2b: Primarina|Reflect|p2b: Primarina
|-sidestart|p2: villani123|Reflect
|
|-heal|p1b: Snorlax|69/100|[from] item: Leftovers
|-heal|p2a: Farigiraf|55/100|[from] item: Leftovers
|upkeep
|turn|12
|
|t:|1785362455
|move|p1b: Snorlax|Stockpile|p1b: Snorlax
|-start|p1b: Snorlax|stockpile3
|-boost|p1b: Snorlax|def|1
|-boost|p1b: Snorlax|spd|1
|move|p2b: Primarina|Hydro Pump|p1b: Snorlax
|-damage|p1b: Snorlax|53/100
|move|p2a: Farigiraf|Psychic|p1b: Snorlax
|-damage|p1b: Snorlax|44/100
|
|-heal|p1b: Snorlax|50/100g|[from] item: Leftovers
|-heal|p2a: Farigiraf|61/100|[from] item: Leftovers
|upkeep
|turn|13
|
|t:|1785362471
|move|p1b: Snorlax|Body Press|p2a: Farigiraf
|-damage|p2a: Farigiraf|28/100
|move|p2a: Farigiraf|Psychic|p1b: Snorlax
|-damage|p1b: Snorlax|42/100
|move|p2b: Primarina|Hydro Pump|p1b: Snorlax
|-damage|p1b: Snorlax|26/100
|
|-heal|p1b: Snorlax|32/100|[from] item: Leftovers
|-heal|p2a: Farigiraf|34/100|[from] item: Leftovers
|-fieldend|move: Trick Room
|upkeep
|turn|14
|
|t:|1785362488
|move|p1b: Snorlax|Protect|p1b: Snorlax
|-singleturn|p1b: Snorlax|Protect
|move|p2b: Primarina|Hydro Pump|p1b: Snorlax
|-activate|p1b: Snorlax|move: Protect
|move|p2a: Farigiraf|Psychic|p1b: Snorlax
|-activate|p1b: Snorlax|move: Protect
|
|-heal|p2a: Farigiraf|40/100|[from] item: Leftovers
|-heal|p1b: Snorlax|38/100|[from] item: Leftovers
|upkeep
|turn|15
|
|t:|1785362506
|move|p2b: Primarina|Ice Beam|p1b: Snorlax
|-damage|p1b: Snorlax|34/100
|move|p2a: Farigiraf|Psychic|p1b: Snorlax
|-damage|p1b: Snorlax|24/100
|move|p1b: Snorlax|Fissure|p2b: Primarina|[miss]
|-miss|p1b: Snorlax|p2b: Primarina
|
|-heal|p2a: Farigiraf|46/100|[from] item: Leftovers
|-heal|p1b: Snorlax|30/100|[from] item: Leftovers
|-sideend|p2: villani123|Reflect
|upkeep
|turn|16
|
|t:|1785362517
|move|p1b: Snorlax|Protect|p1b: Snorlax
|-singleturn|p1b: Snorlax|Protect
|move|p2b: Primarina|Ice Beam|p1b: Snorlax
|-activate|p1b: Snorlax|move: Protect
|move|p2a: Farigiraf|Psychic|p1b: Snorlax
|-activate|p1b: Snorlax|move: Protect
|
|-heal|p2a: Farigiraf|52/100|[from] item: Leftovers
|-heal|p1b: Snorlax|36/100|[from] item: Leftovers
|upkeep
|turn|17
|
|t:|1785362529
|move|p2a: Farigiraf|Psychic|p1b: Snorlax
|-damage|p1b: Snorlax|28/100
|move|p2b: Primarina|Ice Beam|p1b: Snorlax
|-damage|p1b: Snorlax|24/100
|move|p1b: Snorlax|Fissure|p2b: Primarina
|-damage|p2b: Primarina|0 fnt
|faint|p2b: Primarina
|-ohko
|
|-heal|p2a: Farigiraf|58/100|[from] item: Leftovers
|-heal|p1b: Snorlax|30/100|[from] item: Leftovers
|upkeep
|turn|18
|
|t:|1785362541
|move|p2a: Farigiraf|Protect|p2a: Farigiraf
|-singleturn|p2a: Farigiraf|Protect
|move|p1b: Snorlax|Protect||[still]
|-fail|p1b: Snorlax
|
|-heal|p2a: Farigiraf|64/100|[from] item: Leftovers
|-heal|p1b: Snorlax|36/100|[from] item: Leftovers
|upkeep
|turn|19
|
|t:|1785362551
|move|p2a: Farigiraf|Psychic|p1b: Snorlax
|-damage|p1b: Snorlax|28/100
|move|p1b: Snorlax|Fissure|p2a: Farigiraf|[miss]
|-miss|p1b: Snorlax|p2a: Farigiraf
|
|-heal|p2a: Farigiraf|71/100|[from] item: Leftovers
|-heal|p1b: Snorlax|34/100|[from] item: Leftovers
|upkeep
|turn|20
|
|t:|1785362559
|move|p1b: Snorlax|Protect|p1b: Snorlax
|-singleturn|p1b: Snorlax|Protect
|move|p2a: Farigiraf|Light Screen|p2a: Farigiraf
|-sidestart|p2: villani123|move: Light Screen
|
|-heal|p2a: Farigiraf|77/100|[from] item: Leftovers
|-heal|p1b: Snorlax|40/100|[from] item: Leftovers
|upkeep
|turn|21
|
|t:|1785362565
|move|p2a: Farigiraf|Psychic|p1b: Snorlax
|-damage|p1b: Snorlax|31/100
|move|p1b: Snorlax|Fissure|p2a: Farigiraf|[miss]
|-miss|p1b: Snorlax|p2a: Farigiraf
|
|-heal|p2a: Farigiraf|83/100|[from] item: Leftovers
|-heal|p1b: Snorlax|37/100|[from] item: Leftovers
|upkeep
|turn|22
|
|t:|1785362573
|move|p1b: Snorlax|Protect|p1b: Snorlax
|-singleturn|p1b: Snorlax|Protect
|move|p2a: Farigiraf|Psychic|p1b: Snorlax
|-activate|p1b: Snorlax|move: Protect
|
|-heal|p2a: Farigiraf|89/100|[from] item: Leftovers
|-heal|p1b: Snorlax|43/100|[from] item: Leftovers
|upkeep
|turn|23
|
|t:|1785362581
|move|p2a: Farigiraf|Psychic|p1b: Snorlax
|-damage|p1b: Snorlax|35/100
|move|p1b: Snorlax|Fissure|p2a: Farigiraf|[miss]
|-miss|p1b: Snorlax|p2a: Farigiraf
|
|-heal|p2a: Farigiraf|95/100|[from] item: Leftovers
|-heal|p1b: Snorlax|41/100|[from] item: Leftovers
|upkeep
|turn|24
|
|t:|1785362596
|move|p1b: Snorlax|Protect|p1b: Snorlax
|-singleturn|p1b: Snorlax|Protect
|move|p2a: Farigiraf|Light Screen||[still]
|-fail|p2a: Farigiraf
|
|-heal|p2a: Farigiraf|100/100|[from] item: Leftovers
|-heal|p1b: Snorlax|47/100|[from] item: Leftovers
|-sideend|p2: villani123|move: Light Screen
|upkeep
|turn|25
|
|t:|1785362602
|move|p2a: Farigiraf|Protect|p2a: Farigiraf
|-singleturn|p2a: Farigiraf|Protect
|move|p1b: Snorlax|Fissure|p2a: Farigiraf
|-activate|p2a: Farigiraf|move: Protect
|
|-heal|p1b: Snorlax|53/100|[from] item: Leftovers
|upkeep
|turn|26
|
|t:|1785362611
|move|p2a: Farigiraf|Light Screen|p2a: Farigiraf
|-sidestart|p2: villani123|move: Light Screen
|move|p1b: Snorlax|Fissure|p2a: Farigiraf
|-damage|p2a: Farigiraf|0 fnt
|faint|p2a: Farigiraf
|-ohko
|
|win|I love one hot ko
|raw|I love one hot ko's rating: 1000 → 1055(+55 for winning)
|raw|villani123's rating: 1138 → 1104(-34 for losing)
|l|☆villani123
|player|p2|
