|j|☆bestboi8989
|j|☆Megadimsum
|html|bestboi8989Megadimsum    
|uhtml|bestof|Game 1 of a best-of-3
|t:|1757857081
|gametype|doubles
|player|p1|bestboi8989|169|1156
|player|p2|Megadimsum|170|1050
|gen|9
|tier|[Gen 9] VGC 2025 Reg H (Bo3)
|rated|
|rule|Species Clause: Limit one of each Pokémon
|rule|Item Clause: Limit 1 of each item
|clearpoke
|poke|p1|Indeedee, L50, M|
|poke|p1|Sneasler, L50, F|
|poke|p1|Excadrill, L50, M|
|poke|p1|Magmar, L50, M|
|poke|p1|Corviknight, L50, F|
|poke|p1|Tyranitar, L50, F|
|poke|p2|Ursaluna-Bloodmoon, L50, M|
|poke|p2|Torkoal, L50, M|
|poke|p2|Porygon2, L50|
|poke|p2|Rillaboom, L50, M|
|poke|p2|Charizard, L50, M|
|poke|p2|Murkrow, L50, M|
|teampreview|4
|showteam|p1|Indeedee||ChoiceScarf|PsychicSurge|ExpandingForce,TeraBlast,Trick,Protect|||M|||50|,,,,,Psychic]Sneasler||WhiteHerb|Unburden|FakeOut,CloseCombat,DireClaw,Coaching|||F|||50|,,,,,Flying]Excadrill||FocusSash|SandRush|Earthquake,IronHead,SwordsDance,Protect|||M|||50|,,,,,Ground]Magmar||Eviolite|VitalSpirit|HeatWave,FollowMe,HelpingHand,Protect|||M|||50|,,,,,Flying]Corviknight||PsychicSeed|MirrorArmor|BraveBird,PowerTrip,BulkUp,Roost|||F|||50|,,,,,Water]Tyranitar||AssaultVest|SandStream|RockSlide,KnockOff,LowKick,TeraBlast|||F|||50|,,,,,Flying
|showteam|p2|Ursaluna-Bloodmoon||ThroatSpray|MindsEye|BloodMoon,HyperVoice,EarthPower,Protect|||M|||50|,,,,,Normal]Torkoal||EjectPack|Drought|Eruption,Overheat,HelpingHand,Protect|||M|||50|,,,,,Fire]Porygon2||Eviolite|Download|TeraBlast,IceBeam,TrickRoom,Recover||||||50|,,,,,Poison]Rillaboom||AssaultVest|GrassySurge|WoodHammer,GrassyGlide,Uturn,FakeOut|||M|||50|,,,,,Fire]Charizard||ChoiceSpecs|SolarPower|HeatWave,Overheat,WeatherBall,DragonPulse|||M|||50|,,,,,Ghost]Murkrow||FocusSash|Prankster|Tailwind,SunnyDay,FoulPlay,Protect|||M|||50|,,,,,Ghost
|
|t:|1757857119
|teamsize|p1|4
|teamsize|p2|4
|start
|switch|p1a: Corviknight|Corviknight, L50, F|100/100
|switch|p1b: Sneasler|Sneasler, L50, F|100/100
|switch|p2a: Torkoal|Torkoal, L50, M|100/100
|switch|p2b: Porygon2|Porygon2, L50|100/100
|-ability|p2b: Porygon2|Download|boost
|-boost|p2b: Porygon2|atk|1
|-weather|SunnyDay|[from] ability: Drought|[of] p2a: Torkoal
|turn|1
|
|t:|1757857172
|switch|p1a: Tyranitar|Tyranitar, L50, F|100/100
|-weather|Sandstorm|[from] ability: Sand Stream|[of] p1a: Tyranitar
|move|p1b: Sneasler|Fake Out|p2b: Porygon2
|-damage|p2b: Porygon2|93/100
|move|p2a: Torkoal|Eruption|p1a: Tyranitar|[spread] p1a,p1b
|-resisted|p1a: Tyranitar
|-damage|p1a: Tyranitar|93/100
|-damage|p1b: Sneasler|27/100
|cant|p2b: Porygon2|flinch
|
|-weather|Sandstorm|[upkeep]
|-damage|p1b: Sneasler|21/100|[from] Sandstorm
|-damage|p2b: Porygon2|86/100|[from] Sandstorm
|-damage|p2a: Torkoal|94/100|[from] Sandstorm
|upkeep
|turn|2
|
|t:|1757857211
|switch|p2a: Ursaluna|Ursaluna-Bloodmoon, L50, M|100/100
|-terastallize|p2b: Porygon2|Poison
|move|p1b: Sneasler|Dire Claw|p2b: Porygon2
|-resisted|p2b: Porygon2
|-damage|p2b: Porygon2|75/100
|move|p1a: Tyranitar|Rock Slide|p2a: Ursaluna|[spread] p2a,p2b
|-resisted|p2a: Ursaluna
|-damage|p2a: Ursaluna|89/100
|-damage|p2b: Porygon2|60/100
|move|p2b: Porygon2|Trick Room|p2b: Porygon2
|-fieldstart|move: Trick Room|[of] p2b: Porygon2
|
|-weather|Sandstorm|[upkeep]
|-damage|p2b: Porygon2|54/100|[from] Sandstorm
|-damage|p1b: Sneasler|15/100|[from] Sandstorm
|upkeep
|turn|3
|
|t:|1757857256
|switch|p1b: Corviknight|Corviknight, L50, F|100/100
|-terastallize|p1a: Tyranitar|Flying
|move|p2b: Porygon2|Recover|p2b: Porygon2
|-heal|p2b: Porygon2|100/100
|move|p1a: Tyranitar|Low Kick|p2a: Ursaluna
|-supereffective|p2a: Ursaluna
|-damage|p2a: Ursaluna|27/100
|move|p2a: Ursaluna|Hyper Voice|p1a: Tyranitar|[spread] p1a,p1b
|-resisted|p1b: Corviknight
|-crit|p1b: Corviknight
|-damage|p1a: Tyranitar|72/100
|-damage|p1b: Corviknight|73/100
|-enditem|p2a: Ursaluna|Throat Spray
|-boost|p2a: Ursaluna|spa|1|[from] item: Throat Spray
|
|-weather|Sandstorm|[upkeep]
|-damage|p2b: Porygon2|94/100|[from] Sandstorm
|-damage|p1a: Tyranitar|66/100|[from] Sandstorm
|upkeep
|turn|4
|inactive|Battle timer is ON: inactive players will automatically lose when time's up. (requested by bestboi8989)
|
|t:|1757857301
|switch|p2a: Torkoal|Torkoal, L50, M|94/100
|-weather|SunnyDay|[from] ability: Drought|[of] p2a: Torkoal
|move|p2b: Porygon2|Ice Beam|p1a: Tyranitar
|-supereffective|p1a: Tyranitar
|-damage|p1a: Tyranitar|41/100
|move|p1a: Tyranitar|Knock Off|p2b: Porygon2
|-damage|p2b: Porygon2|70/100
|-enditem|p2b: Porygon2|Eviolite|[from] move: Knock Off|[of] p1a: Tyranitar
|move|p1b: Corviknight|Roost|p1b: Corviknight
|-heal|p1b: Corviknight|100/100
|-singleturn|p1b: Corviknight|move: Roost
|
|-weather|SunnyDay|[upkeep]
|upkeep
|turn|5
|inactive|bestboi8989 has 30 seconds left.
|inactive|Megadimsum has 30 seconds left.
|
|t:|1757857333
|switch|p1b: Sneasler|Sneasler, L50, F|15/100
|move|p2a: Torkoal|Eruption|p1a: Tyranitar|[spread] p1a,p1b
|-damage|p1a: Tyranitar|4/100
|-damage|p1b: Sneasler|0 fnt
|faint|p1b: Sneasler
|move|p2b: Porygon2|Ice Beam|p1a: Tyranitar
|-supereffective|p1a: Tyranitar
|-damage|p1a: Tyranitar|0 fnt
|faint|p1a: Tyranitar
|
|-weather|SunnyDay|[upkeep]
|upkeep
|
|t:|1757857344
|switch|p1a: Indeedee|Indeedee, L50, M|100/100
|switch|p1b: Corviknight|Corviknight, L50, F|100/100
|-fieldstart|move: Psychic Terrain|[from] ability: Psychic Surge|[of] p1a: Indeedee
|-enditem|p1b: Corviknight|Psychic Seed
|-boost|p1b: Corviknight|spd|1|[from] item: Psychic Seed
|turn|6
|-message|bestboi8989 forfeited.
|
|win|Megadimsum
|l|☆bestboi8989
|player|p1|
||bestboi8989 is ready for game 2.
||Megadimsum is ready for game 2.
|uhtml|next|Next: Game 2 of 3
|l|☆Megadimsum
|player|p2|
|j|☆bestboi8989
|player|p1|bestboi8989|169|
