|j|☆khe7marak
|j|☆hungry hillo
|html|khe7marakhungry hillo    
|uhtml|bestof|Game 1 of a best-of-3
|t:|1757186165
|gametype|doubles
|player|p1|khe7marak|gardenia|
|player|p2|hungry hillo|n|
|gen|9
|tier|[Gen 9] VGC 2025 Reg H (Bo3)
|rule|Species Clause: Limit one of each Pokémon
|rule|Item Clause: Limit 1 of each item
|clearpoke
|poke|p1|Kilowattrel, L50, M|
|poke|p1|Ursaluna, L50, F|
|poke|p1|Incineroar, L50, M|
|poke|p1|Porygon2, L50|
|poke|p1|Gholdengo, L50|
|poke|p1|Amoonguss, L50, F|
|poke|p2|Kingambit, L50, M|
|poke|p2|Electabuzz, L50, M|
|poke|p2|Ursaluna-Bloodmoon, L50, M|
|poke|p2|Incineroar, L50, F|
|poke|p2|Whimsicott, L50, F|
|poke|p2|Annihilape, L50, F|
|teampreview|4
|showteam|p1|Kilowattrel||FocusSash|Competitive|Thunderbolt,AirSlash,Tailwind,Protect|||M|||50|,,,,,Ghost]Ursaluna||FlameOrb|Guts|Protect,Facade,HeadlongRush,Earthquake|||F|||50|,,,,,Ghost]Incineroar||SafetyGoggles|Intimidate|KnockOff,FlareBlitz,PartingShot,FakeOut|||M|||50|,,,,,Water]Porygon2||Eviolite|Download|TeraBlast,IceBeam,TrickRoom,Recover||||||50|,,,,,Fighting]Gholdengo||LifeOrb|GoodasGold|MakeItRain,ShadowBall,NastyPlot,Protect||||||50|,,,,,Water]Amoonguss||SitrusBerry|Regenerator|Spore,PollenPuff,RagePowder,Protect|||F|||50|,,,,,Water
|showteam|p2|Kingambit||BlackGlasses|Defiant|SuckerPunch,KowtowCleave,SwordsDance,Protect|||M|||50|,,,,,Dark]Electabuzz||Eviolite|VitalSpirit|Thunderbolt,FollowMe,Taunt,HelpingHand|||M|||50|,,,,,Ghost]Ursaluna-Bloodmoon||LifeOrb|MindsEye|EarthPower,BloodMoon,HyperVoice,Protect|||M|||50|,,,,,Normal]Incineroar||AssaultVest|Intimidate|KnockOff,FlareBlitz,Uturn,FakeOut|||F|||50|,,,,,Bug]Whimsicott||CovertCloak|Prankster|Tailwind,BeatUp,Moonblast,Encore|||F|||50|,,,,,Dragon]Annihilape||SafetyGoggles|Defiant|RageFist,DrainPunch,BulkUp,Protect|||F|||50|,,,,,Fire
|inactive|Battle timer is ON: inactive players will automatically lose when time's up. (requested by khe7marak)
|j| Okknd
|c| Okknd|WHOS gonna get blizzard spammed
|
|t:|1757186188
|teamsize|p1|4
|teamsize|p2|4
|start
|switch|p1a: Kilowattrel|Kilowattrel, L50, M|100/100
|switch|p1b: Ursaluna|Ursaluna, L50, F|100/100
|switch|p2a: Whimsicott|Whimsicott, L50, F|100/100
|switch|p2b: Annihilape|Annihilape, L50, F|100/100
|turn|1
|c| Okknd|Why was it full caps
|inactive|khe7marak has 30 seconds left.
|
|t:|1757186216
|switch|p2b: Incineroar|Incineroar, L50, F|100/100
|-ability|p2b: Incineroar|Intimidate|boost
|-unboost|p1a: Kilowattrel|atk|1
|-ability|p1a: Kilowattrel|Competitive|boost
|-boost|p1a: Kilowattrel|spa|2
|-unboost|p1b: Ursaluna|atk|1
|move|p2a: Whimsicott|Tailwind|p2a: Whimsicott
|-sidestart|p2: hungry hillo|move: Tailwind
|move|p1a: Kilowattrel|Air Slash|p2a: Whimsicott
|-supereffective|p2a: Whimsicott
|-damage|p2a: Whimsicott|0 fnt
|faint|p2a: Whimsicott
|move|p1b: Ursaluna|Earthquake|p2b: Incineroar|[spread] p2b
|-immune|p1a: Kilowattrel
|-supereffective|p2b: Incineroar
|-damage|p2b: Incineroar|53/100
|
|-status|p1b: Ursaluna|brn|[from] item: Flame Orb
|upkeep
|
|t:|1757186231
|switch|p2a: lion|Ursaluna-Bloodmoon, L50, M|100/100
|turn|2
|
|t:|1757186245
|-terastallize|p2a: lion|Normal
|move|p1a: Kilowattrel|Protect|p1a: Kilowattrel
|-singleturn|p1a: Kilowattrel|Protect
|move|p1b: Ursaluna|Protect|p1b: Ursaluna
|-singleturn|p1b: Ursaluna|Protect
|move|p2a: lion|Hyper Voice|p1a: Kilowattrel|[spread] 
|-activate|p1a: Kilowattrel|move: Protect
|-activate|p1b: Ursaluna|move: Protect
|move|p2b: Incineroar|Knock Off|p1a: Kilowattrel
|-activate|p1a: Kilowattrel|move: Protect
|
|-damage|p1b: Ursaluna|95/100 brn|[from] brn
|upkeep
|turn|3
|
|t:|1757186267
|move|p2a: lion|Hyper Voice|p1b: Ursaluna|[spread] p1a,p1b
|-enditem|p1a: Kilowattrel|Focus Sash
|-damage|p1a: Kilowattrel|1/100
|-damage|p1b: Ursaluna|29/100 brn
|-damage|p2a: lion|91/100|[from] item: Life Orb
|move|p1a: Kilowattrel|Thunderbolt|p2a: lion
|-damage|p2a: lion|0 fnt
|faint|p2a: lion
|move|p2b: Incineroar|Knock Off|p1a: Kilowattrel
|-damage|p1a: Kilowattrel|0 fnt
|faint|p1a: Kilowattrel
|move|p1b: Ursaluna|Earthquake|p2b: Incineroar
|-supereffective|p2b: Incineroar
|-damage|p2b: Incineroar|0 fnt
|faint|p2b: Incineroar
|
|-damage|p1b: Ursaluna|23/100 brn|[from] brn
|upkeep
|
|t:|1757186285
|switch|p1a: Gholdengo|Gholdengo, L50|100/100
|switch|p2b: Annihilape|Annihilape, L50, F|100/100
|turn|4
|
|t:|1757186293
|move|p1a: Gholdengo|Protect|p1a: Gholdengo
|-singleturn|p1a: Gholdengo|Protect
|move|p1b: Ursaluna|Protect|p1b: Ursaluna
|-singleturn|p1b: Ursaluna|Protect
|move|p2b: Annihilape|Bulk Up|p2b: Annihilape
|-boost|p2b: Annihilape|atk|1
|-boost|p2b: Annihilape|def|1
|
|-damage|p1b: Ursaluna|18/100 brn|[from] brn
|-sideend|p2: hungry hillo|move: Tailwind
|upkeep
|turn|5
|
|t:|1757186310
|-terastallize|p1a: Gholdengo|Water
|move|p2b: Annihilape|Rage Fist|p1a: Gholdengo
|-damage|p1a: Gholdengo|69/100
|move|p1a: Gholdengo|Shadow Ball|p2b: Annihilape
|-supereffective|p2b: Annihilape
|-damage|p2b: Annihilape|0 fnt
|faint|p2b: Annihilape
|-damage|p1a: Gholdengo|59/100|[from] item: Life Orb
|
|win|khe7marak
||hungry hillo is ready for game 2.
||khe7marak is ready for game 2.
|uhtml|next|Next: Game 2 of 3
|l| Okknd
