|j|☆randomguy1114s
|j|☆fsucia
|html|randomguy1114sfsucia    
|uhtml|bestof|Game 2 of a best-of-3
|t:|1755567082
|gametype|doubles
|player|p1|randomguy1114s|lillie-masters|1223
|player|p2|fsucia|102|1399
|gen|9
|tier|[Gen 9] VGC 2025 Reg H (Bo3)
|rated|
|rule|Species Clause: Limit one of each Pokémon
|rule|Item Clause: Limit 1 of each item
|clearpoke
|poke|p1|Whimsicott, L50, F|
|poke|p1|Typhlosion-Hisui, L50, F|
|poke|p1|Weezing-Galar, L50, F|
|poke|p1|Kommo-o, L50, M|
|poke|p1|Gholdengo, L50|
|poke|p1|Rillaboom, L50, M|
|poke|p2|Primarina, L50, F|
|poke|p2|Garchomp, L50, M|
|poke|p2|Gholdengo, L50|
|poke|p2|Talonflame, L50, F|
|poke|p2|Tyranitar, L50, F|
|poke|p2|Amoonguss, L50, M|
|teampreview|4
|showteam|p1|Whimsicott||FocusSash|Prankster|Moonblast,SunnyDay,Encore,Tailwind|||F|||50|,,,,,Ghost]Typhlosion-Hisui||ChoiceScarf|Blaze|Eruption,HeatWave,ShadowBall,Overheat|||F|||50|,,,,,Fire]Weezing-Galar||CovertCloak|NeutralizingGas|Taunt,StrangeSteam,PoisonGas,Protect|||F|||50|,,,,,Water]Kommo-o||ThroatSpray|Bulletproof|ClangorousSoul,ClangingScales,Flamethrower,Protect|||M|||50|,,,,,Fire]Gholdengo||ChoiceSpecs|GoodasGold|MakeItRain,PowerGem,ShadowBall,Thunderbolt||||||50|,,,,,Steel]Rillaboom||AssaultVest|GrassySurge|FakeOut,GrassyGlide,WoodHammer,Uturn|||M|||50|,,,,,Fire
|showteam|p2|Primarina||ThroatSpray|LiquidVoice|Haze,Moonblast,Protect,HyperVoice|||F|||50|,,,,,Steel]Garchomp||LifeOrb|SandVeil|Protect,Earthquake,StompingTantrum,DragonClaw|||M|||50|,,,,,Fire]Gholdengo||MetalCoat|GoodasGold|Protect,NastyPlot,ShadowBall,MakeItRain||||||50|,,,,,Flying]Talonflame||CovertCloak|GaleWings|BraveBird,Tailwind,WillOWisp,Taunt|||F|||50|,,,,,Flying]Tyranitar||AssaultVest|SandStream|KnockOff,TeraBlast,LowKick,RockSlide|||F|||50|,,,,,Flying]Amoonguss||SitrusBerry|Regenerator|RagePowder,Spore,PollenPuff,Protect|||M|||50|,,,,,Water
|
|t:|1755567121
|teamsize|p1|4
|teamsize|p2|4
|start
|switch|p1a: monkeh|Rillaboom, L50, M, shiny|100/100
|switch|p1b: Kommo-o|Kommo-o, L50, M|100/100
|switch|p2a: Talonflame|Talonflame, L50, F|100/100
|switch|p2b: Primarina|Primarina, L50, F|100/100
|-fieldstart|move: Grassy Terrain|[from] ability: Grassy Surge|[of] p1a: monkeh
|turn|1
|
|t:|1755567137
|-terastallize|p1b: Kommo-o|Fire
|move|p2b: Primarina|Protect|p2b: Primarina
|-singleturn|p2b: Primarina|Protect
|move|p2a: Talonflame|Taunt|p1b: Kommo-o
|-start|p1b: Kommo-o|move: Taunt
|cant|p1b: Kommo-o|move: Taunt|Clangorous Soul
|move|p1a: monkeh|Wood Hammer|p2b: Primarina
|-activate|p2b: Primarina|move: Protect
|
|upkeep
|turn|2
|
|t:|1755567179
|switch|p2b: Gholdengo|Gholdengo, L50|100/100
|move|p2a: Talonflame|Brave Bird|p1a: monkeh
|-supereffective|p1a: monkeh
|-damage|p1a: monkeh|0 fnt
|faint|p1a: monkeh
|-damage|p2a: Talonflame|60/100|[from] Recoil
|move|p1b: Kommo-o|Clanging Scales|p2b: Gholdengo|[spread] p2a,p2b
|-resisted|p2b: Gholdengo
|-damage|p2a: Talonflame|1/100
|-damage|p2b: Gholdengo|78/100
|-unboost|p1b: Kommo-o|def|1
|-enditem|p1b: Kommo-o|Throat Spray
|-boost|p1b: Kommo-o|spa|1|[from] item: Throat Spray
|
|-heal|p2b: Gholdengo|85/100|[from] Grassy Terrain
|upkeep
|
|t:|1755567192
|switch|p1a: cant stop me|Typhlosion-Hisui, L50, F|100/100
|turn|3
|
|t:|1755567201
|switch|p1b: cotton ball|Whimsicott, L50, F, shiny|100/100
|-terastallize|p2b: Gholdengo|Flying
|move|p1a: cant stop me|Eruption|p2a: Talonflame|[spread] p2a,p2b
|-resisted|p2a: Talonflame
|-damage|p2a: Talonflame|0 fnt
|-damage|p2b: Gholdengo|20/100
|faint|p2a: Talonflame
|move|p2b: Gholdengo|Shadow Ball|p1a: cant stop me
|-supereffective|p1a: cant stop me
|-damage|p1a: cant stop me|0 fnt
|faint|p1a: cant stop me
|
|upkeep
|
|t:|1755567211
|switch|p2a: Garchomp|Garchomp, L50, M|100/100
|switch|p1a: Kommo-o|Kommo-o, L50, M, tera:Fire|100/100
|turn|4
|
|t:|1755567217
|move|p1b: cotton ball|Tailwind|p1b: cotton ball
|-sidestart|p1: randomguy1114s|move: Tailwind
|move|p1a: Kommo-o|Clanging Scales|p2b: Gholdengo|[spread] p2a,p2b
|-supereffective|p2a: Garchomp
|-damage|p2a: Garchomp|15/100
|-damage|p2b: Gholdengo|0 fnt
|faint|p2b: Gholdengo
|-unboost|p1a: Kommo-o|def|1
|move|p2a: Garchomp|Stomping Tantrum|p1a: Kommo-o
|-supereffective|p1a: Kommo-o
|-damage|p1a: Kommo-o|0 fnt
|faint|p1a: Kommo-o
|-damage|p2a: Garchomp|5/100|[from] item: Life Orb
|
|-heal|p2a: Garchomp|11/100|[from] Grassy Terrain
|upkeep
|
|t:|1755567221
|switch|p2b: Primarina|Primarina, L50, F|100/100
|turn|5
|c|☆fsucia|gg
|
|t:|1755567234
|move|p1b: cotton ball|Moonblast|p2a: Garchomp
|-supereffective|p2a: Garchomp
|-damage|p2a: Garchomp|0 fnt
|faint|p2a: Garchomp
|move|p2b: Primarina|Moonblast|p1b: cotton ball
|-damage|p1b: cotton ball|26/100
|
|-heal|p1b: cotton ball|32/100|[from] Grassy Terrain
|-fieldend|move: Grassy Terrain
|upkeep
|turn|6
|
|t:|1755567241
|move|p1b: cotton ball|Moonblast|p2b: Primarina
|-damage|p2b: Primarina|70/100
|move|p2b: Primarina|Moonblast|p1b: cotton ball
|-damage|p1b: cotton ball|0 fnt
|faint|p1b: cotton ball
|
|win|fsucia
|raw|randomguy1114s's rating: 1223 → 1210(-13 for losing)
|raw|fsucia's rating: 1399 → 1410(+11 for winning)
