|j|☆sturmkitten69
|j|☆CaratroncoSun
|html|sturmkitten69CaratroncoSun    
|uhtml|bestof|Game 2 of a best-of-3
|t:|1782464156
|gametype|doubles
|player|p1|sturmkitten69|fisherman-gen4|1221
|player|p2|CaratroncoSun|juan|1187
|gen|9
|tier|[Gen 9 Champions] VGC 2026 Reg M-B (Bo3)
|rated|
|rule|Species Clause: Limit one of each Pokémon
|rule|Item Clause: Limit 1 of each item
|clearpoke
|poke|p1|Whimsicott, L50, M|
|poke|p1|Torkoal, L50, F|
|poke|p1|Farigiraf, L50, F, shiny|
|poke|p1|Charizard, L50, F|
|poke|p1|Kingambit, L50, M|
|poke|p1|Garchomp, L50, M|
|poke|p2|Overqwil, L50, M, shiny|
|poke|p2|Swampert, L50, M|
|poke|p2|Pelipper, L50, M|
|poke|p2|Metagross, L50, shiny|
|poke|p2|Sneasler, L50, M|
|poke|p2|Sinistcha-Masterpiece, L50|
|teampreview|4
|showteam|p1|Whimsicott||FocusSash|Prankster|Encore,Moonblast,Protect,Tailwind|Modest||M|||50|]Torkoal||Charcoal|Drought|Eruption,EarthPower,Protect,HeatWave|Modest||F|||50|]Farigiraf||ColburBerry|ArmorTail|Psychic,Thunderbolt,HelpingHand,TrickRoom|Bold||F|||50|]Charizard||CharizarditeY|Blaze|HeatWave,SolarBeam,WeatherBall,Protect|Modest||F|||50|]Kingambit||BlackGlasses|Defiant|KowtowCleave,SuckerPunch,Protect,IronHead|Adamant||M|||50|]Garchomp||LifeOrb|SandVeil|RockSlide,Earthquake,Protect,DragonClaw|Adamant||M|||50|
|showteam|p2|Overqwil||LifeOrb|SwiftSwim|Protect,PoisonJab,ThroatChop,Liquidation|Adamant||M|||50|]Swampert||Swampertite|Damp|Protect,WaveCrash,HighHorsepower,IcePunch|Adamant||M|||50|]Pelipper||FocusSash|Drizzle|RainDance,Tailwind,Hurricane,WeatherBall|Modest||M|||50|]Metagross||Metagrossite|ClearBody|Protect,PsychicFangs,IronHead,IcePunch|Jolly|||||50|]Sneasler||WhiteHerb|Unburden|Coaching,FakeOut,DireClaw,CloseCombat|Jolly||M|||50|]Sinistcha-Masterpiece||SitrusBerry|Hospitality|MatchaGotcha,TrickRoom,LifeDew,RagePowder|Bold|||||50|
|
|t:|1782464193
|teamsize|p1|4
|teamsize|p2|4
|start
|switch|p1a: Charizard|Charizard, L50, F|100/100
|switch|p1b: Farigiraf|Farigiraf, L50, F, shiny|100/100
|switch|p2a: Metagross|Metagross, L50, shiny|100/100
|switch|p2b: Sneasler|Sneasler, L50, M|100/100
|turn|1
|
|t:|1782464207
|detailschange|p2a: Metagross|Metagross-Mega, L50, shiny
|-mega|p2a: Metagross|Metagross|Metagrossite
|move|p1a: Charizard|Protect|p1a: Charizard
|-singleturn|p1a: Charizard|Protect
|move|p2b: Sneasler|Close Combat|p1b: Farigiraf
|-damage|p1b: Farigiraf|48/100
|-unboost|p2b: Sneasler|def|1
|-unboost|p2b: Sneasler|spd|1
|-enditem|p2b: Sneasler|White Herb
|-clearnegativeboost|p2b: Sneasler|[silent]
|move|p2a: Metagross|Iron Head|p1b: Farigiraf
|-damage|p1b: Farigiraf|3/100
|move|p1b: Farigiraf|Trick Room|p1b: Farigiraf
|-fieldstart|move: Trick Room|[of] p1b: Farigiraf
|
|upkeep
|turn|2
|
|t:|1782464271
|detailschange|p1a: Charizard|Charizard-Mega-Y, L50, F
|-mega|p1a: Charizard|Charizard|Charizardite Y
|-weather|SunnyDay|[from] ability: Drought|[of] p1a: Charizard
|move|p2a: Metagross|Protect|p2a: Metagross
|-singleturn|p2a: Metagross|Protect
|move|p1b: Farigiraf|Psychic|p2b: Sneasler
|-supereffective|p2b: Sneasler|2
|-damage|p2b: Sneasler|0 fnt
|faint|p2b: Sneasler
|move|p1a: Charizard|Heat Wave|p2a: Metagross
|-activate|p2a: Metagross|move: Protect
|
|-weather|SunnyDay|[upkeep]
|upkeep
|
|t:|1782464283
|switch|p2b: Pelipper|Pelipper, L50, M|100/100
|-weather|RainDance|[from] ability: Drizzle|[of] p2b: Pelipper
|turn|3
|
|t:|1782464297
|switch|p1b: Torkoal|Torkoal, L50, F|100/100
|-weather|SunnyDay|[from] ability: Drought|[of] p1b: Torkoal
|switch|p2a: Sinistcha|Sinistcha-Masterpiece, L50|100/100
|move|p2b: Pelipper|Rain Dance|p2b: Pelipper
|-weather|RainDance
|move|p1a: Charizard|Heat Wave|p2b: Pelipper|[spread] p2a,p2b
|-supereffective|p2a: Sinistcha|1
|-resisted|p2b: Pelipper|1
|-damage|p2a: Sinistcha|62/100
|-damage|p2b: Pelipper|83/100
|
|-weather|RainDance|[upkeep]
|upkeep
|turn|4
|
|t:|1782464322
|switch|p1b: Whimsicott|Whimsicott, L50, M|100/100
|move|p1a: Charizard|Protect|p1a: Charizard
|-singleturn|p1a: Charizard|Protect
|move|p2a: Sinistcha|Life Dew|p2a: Sinistcha|[spread] p2a,p2b
|-heal|p2a: Sinistcha|88/100
|-heal|p2b: Pelipper|100/100
|move|p2b: Pelipper|Weather Ball|p1b: Whimsicott
|-resisted|p1b: Whimsicott|1
|-damage|p1b: Whimsicott|40/100
|
|-weather|RainDance|[upkeep]
|upkeep
|turn|5
|
|t:|1782464377
|switch|p2a: Metagross|Metagross-Mega, L50, shiny|100/100
|move|p2b: Pelipper|Rain Dance||[still]
|-fail|p2b: Pelipper
|move|p1a: Charizard|Heat Wave|p2b: Pelipper|[spread] p2a,p2b
|-supereffective|p2a: Metagross|1
|-resisted|p2b: Pelipper|1
|-damage|p2a: Metagross|61/100
|-damage|p2b: Pelipper|81/100
|move|p1b: Whimsicott|Moonblast|p2a: Metagross
|-resisted|p2a: Metagross|1
|-damage|p2a: Metagross|42/100
|
|-weather|RainDance|[upkeep]
|-fieldend|move: Trick Room
|upkeep
|turn|6
|
|t:|1782464414
|switch|p2b: Sinistcha|Sinistcha-Masterpiece, L50|88/100
|-heal|p2a: Metagross|67/100|[from] ability: Hospitality|[of] p2b: Sinistcha
|move|p1b: Whimsicott|Tailwind|p1b: Whimsicott
|-sidestart|p1: sturmkitten69|move: Tailwind
|move|p1a: Charizard|Heat Wave|p2a: Metagross|[spread] p2a,p2b
|-supereffective|p2a: Metagross|1
|-supereffective|p2b: Sinistcha|1
|-damage|p2a: Metagross|24/100
|-damage|p2b: Sinistcha|50/100y
|-enditem|p2b: Sinistcha|Sitrus Berry|[eat]
|-heal|p2b: Sinistcha|74/100|[from] item: Sitrus Berry
|move|p2a: Metagross|Psychic Fangs|p1a: Charizard
|-damage|p1a: Charizard|31/100
|
|-weather|RainDance|[upkeep]
|upkeep
|turn|7
|
|t:|1782464442
|switch|p1b: Farigiraf|Farigiraf, L50, F, shiny|3/100
|switch|p2a: Pelipper|Pelipper, L50, M|81/100
|move|p1a: Charizard|Protect|p1a: Charizard
|-singleturn|p1a: Charizard|Protect
|move|p2b: Sinistcha|Trick Room|p2b: Sinistcha
|-fieldstart|move: Trick Room|[of] p2b: Sinistcha
|
|-weather|none
|upkeep
|turn|8
|
|t:|1782464465
|switch|p1a: Torkoal|Torkoal, L50, F|100/100
|-weather|SunnyDay|[from] ability: Drought|[of] p1a: Torkoal
|move|p2b: Sinistcha|Matcha Gotcha|p1b: Farigiraf|[spread] p1a,p1b
|-resisted|p1a: Torkoal|1
|-crit|p1a: Torkoal
|-damage|p1a: Torkoal|76/100
|-heal|p2b: Sinistcha|85/100|[from] drain|[of] p1a: Torkoal
|-damage|p1b: Farigiraf|0 fnt
|-heal|p2b: Sinistcha|88/100|[from] drain|[of] p1b: Farigiraf
|faint|p1b: Farigiraf
|move|p2a: Pelipper|Weather Ball|p1a: Torkoal
|-resisted|p1a: Torkoal|1
|-damage|p1a: Torkoal|44/100
|
|-weather|SunnyDay|[upkeep]
|upkeep
|
|t:|1782464484
|switch|p1b: Charizard|Charizard-Mega-Y, L50, F|31/100
|turn|9
|
|t:|1782464530
|move|p1a: Torkoal|Heat Wave|p2b: Sinistcha|[spread] p2b
|-miss|p1a: Torkoal|p2a: Pelipper
|-supereffective|p2b: Sinistcha|1
|-damage|p2b: Sinistcha|0 fnt
|faint|p2b: Sinistcha
|move|p2a: Pelipper|Rain Dance|p2a: Pelipper
|-weather|RainDance
|move|p1b: Charizard|Heat Wave|p2a: Pelipper
|-resisted|p2a: Pelipper|1
|-damage|p2a: Pelipper|59/100
|
|-weather|RainDance|[upkeep]
|-sideend|p1: sturmkitten69|move: Tailwind
|upkeep
|
|t:|1782464541
|switch|p2b: Metagross|Metagross-Mega, L50, shiny|24/100
|turn|10
|
|t:|1782464557
|switch|p1b: Whimsicott|Whimsicott, L50, M|40/100
|move|p2b: Metagross|Protect|p2b: Metagross
|-singleturn|p2b: Metagross|Protect
|move|p1a: Torkoal|Heat Wave|p2b: Metagross|[spread] p2a
|-activate|p2b: Metagross|move: Protect
|-resisted|p2a: Pelipper|1
|-damage|p2a: Pelipper|43/100
|move|p2a: Pelipper|Hurricane|p1b: Whimsicott
|-supereffective|p1b: Whimsicott|1
|-damage|p1b: Whimsicott|0 fnt
|faint|p1b: Whimsicott
|
|-weather|RainDance|[upkeep]
|upkeep
|
|t:|1782464569
|switch|p1b: Charizard|Charizard-Mega-Y, L50, F|31/100
|-weather|SunnyDay|[from] ability: Drought|[of] p1b: Charizard
|turn|11
|
|t:|1782464579
|move|p2b: Metagross|Protect||[still]
|-fail|p2b: Metagross
|move|p1a: Torkoal|Eruption|p2b: Metagross|[spread] p2a,p2b
|-resisted|p2a: Pelipper|1
|-supereffective|p2b: Metagross|1
|-damage|p2a: Pelipper|10/100
|-damage|p2b: Metagross|0 fnt
|faint|p2b: Metagross
|move|p2a: Pelipper|Rain Dance|p2a: Pelipper
|-weather|RainDance
|move|p1b: Charizard|Weather Ball|p2a: Pelipper
|-resisted|p2a: Pelipper|1
|-damage|p2a: Pelipper|0 fnt
|faint|p2a: Pelipper
|
|win|sturmkitten69
|raw|sturmkitten69's rating: 1221 → 1244(+23 for winning)
|raw|CaratroncoSun's rating: 1187 → 1164(-23 for losing)
