|j|☆zio_gelato
|j|☆Er ciccio98
|html|zio_gelatoEr ciccio98    
|uhtml|bestof|Game 2 of a best-of-3
|t:|1757840730
|gametype|doubles
|player|p1|zio_gelato|cynthia-gen4|
|player|p2|Er ciccio98|101|
|gen|9
|tier|[Gen 9] VGC 2025 Reg H (Bo3)
|rule|Species Clause: Limit one of each Pokémon
|rule|Item Clause: Limit 1 of each item
|clearpoke
|poke|p1|Archaludon, L50, M|
|poke|p1|Rillaboom, L50, F|
|poke|p1|Basculegion, L50, M|
|poke|p1|Kingambit, L50, F|
|poke|p1|Pelipper, L50, M|
|poke|p1|Electabuzz, L50, F|
|poke|p2|Incineroar, L50, F|
|poke|p2|Torkoal, L50, M|
|poke|p2|Electabuzz, L50, M|
|poke|p2|Ursaluna-Bloodmoon, L50, M|
|poke|p2|Mimikyu, L50, M|
|poke|p2|Lilligant-Hisui, L50, F|
|teampreview|4
|showteam|p1|Archaludon||AssaultVest|Stamina|ElectroShot,DracoMeteor,FlashCannon,BodyPress|||M|||50|,,,,,Fairy]Rillaboom||GrassySeed|GrassySurge|WoodHammer,GrassyGlide,FakeOut,HighHorsepower|||F|||50|,,,,,Fire]Basculegion||ChoiceBand|SwiftSwim|WaveCrash,LastRespects,FlipTurn,AquaJet|||M|||50|,,,,,Grass]Kingambit||BlackGlasses|Defiant|KowtowCleave,SuckerPunch,SwordsDance,Protect|||F|||50|,,,,,Dark]Pelipper||FocusSash|Drizzle|WeatherBall,Hurricane,Tailwind,Protect|||M|||50|,,,,,Ghost]Electabuzz||Eviolite|VitalSpirit|Electroweb,Taunt,FollowMe,Protect|||F|||50|,,,,,Ghost
|showteam|p2|Incineroar||AssaultVest|Intimidate|FakeOut,KnockOff,FlareBlitz,Uturn|||F|||50|,,,,,Bug]Torkoal||Charcoal|Drought|Eruption,Protect,Flamethrower,ClearSmog|||M|||50|,,,,,Fire]Electabuzz||Eviolite|Static|FollowMe,Electroweb,Taunt,HelpingHand|||M|||50|,,,,,Ghost]Ursaluna-Bloodmoon||LifeOrb|MindsEye|HyperVoice,BloodMoon,Protect,EarthPower|||M|||50|,,,,,Normal]Mimikyu||MentalHerb|Disguise|ShadowSneak,PlayRough,ShadowClaw,TrickRoom|||M|||50|,,,,,Steel]Lilligant-Hisui||FocusSash|Chlorophyll|AfterYou,CloseCombat,SleepPowder,LeafBlade|||F|||50|,,,,,Ghost
|inactive|Battle timer is ON: inactive players will automatically lose when time's up. (requested by zio_gelato)
|inactive|Er ciccio98 has 60 seconds left.
|
|t:|1757840781
|teamsize|p1|4
|teamsize|p2|4
|start
|switch|p1a: Rillaboom|Rillaboom, L50, F|100/100
|switch|p1b: Basculegion|Basculegion, L50, M|100/100
|switch|p2a: Incineroar|Incineroar, L50, F|100/100
|switch|p2b: Ursaluna|Ursaluna-Bloodmoon, L50, M|100/100
|-fieldstart|move: Grassy Terrain|[from] ability: Grassy Surge|[of] p1a: Rillaboom
|-enditem|p1a: Rillaboom|Grassy Seed
|-boost|p1a: Rillaboom|def|1|[from] item: Grassy Seed
|-ability|p2a: Incineroar|Intimidate|boost
|-unboost|p1a: Rillaboom|atk|1
|-unboost|p1b: Basculegion|atk|1
|turn|1
|inactive|Er ciccio98 has 30 seconds left.
|
|t:|1757840811
|switch|p2a: Torkoal|Torkoal, L50, M|100/100
|-weather|SunnyDay|[from] ability: Drought|[of] p2a: Torkoal
|-terastallize|p2b: Ursaluna|Normal
|move|p1a: Rillaboom|Fake Out|p2a: Torkoal
|-damage|p2a: Torkoal|93/100
|move|p1b: Basculegion|Wave Crash|p2b: Ursaluna
|-damage|p2b: Ursaluna|80/100
|-damage|p1b: Basculegion|93/100|[from] Recoil
|move|p2b: Ursaluna|Hyper Voice|p1b: Basculegion|[spread] p1a,p1b
|-damage|p1a: Rillaboom|33/100
|-damage|p1b: Basculegion|23/100
|-damage|p2b: Ursaluna|70/100|[from] item: Life Orb
|
|-weather|SunnyDay|[upkeep]
|-heal|p1b: Basculegion|29/100|[from] Grassy Terrain
|-heal|p1a: Rillaboom|39/100|[from] Grassy Terrain
|-heal|p2b: Ursaluna|76/100|[from] Grassy Terrain
|-heal|p2a: Torkoal|99/100|[from] Grassy Terrain
|upkeep
|turn|2
|
|t:|1757840834
|switch|p1a: Pelipper|Pelipper, L50, M|100/100
|-weather|RainDance|[from] ability: Drizzle|[of] p1a: Pelipper
|switch|p2a: Incineroar|Incineroar, L50, F|100/100
|-ability|p2a: Incineroar|Intimidate|boost
|-unboost|p1a: Pelipper|atk|1
|-unboost|p1b: Basculegion|atk|1
|move|p1b: Basculegion|Wave Crash|p2a: Incineroar
|-supereffective|p2a: Incineroar
|-damage|p2a: Incineroar|0 fnt
|faint|p2a: Incineroar
|-damage|p1b: Basculegion|0 fnt|[from] Recoil
|faint|p1b: Basculegion
|move|p2b: Ursaluna|Hyper Voice|p1a: Pelipper
|-enditem|p1a: Pelipper|Focus Sash
|-damage|p1a: Pelipper|1/100
|-damage|p2b: Ursaluna|66/100|[from] item: Life Orb
|
|-weather|RainDance|[upkeep]
|-heal|p2b: Ursaluna|72/100|[from] Grassy Terrain
|upkeep
|
|t:|1757840854
|switch|p1b: Rillaboom|Rillaboom, L50, F|39/100
|switch|p2a: Electabuzz|Electabuzz, L50, M|100/100
|turn|3
|inactive|zio_gelato has 30 seconds left.
|
|t:|1757840883
|move|p2b: Ursaluna|Protect|p2b: Ursaluna
|-singleturn|p2b: Ursaluna|Protect
|move|p1b: Rillaboom|Fake Out|p2a: Electabuzz
|-damage|p2a: Electabuzz|89/100
|cant|p2a: Electabuzz|flinch
|move|p1a: Pelipper|Weather Ball|p2b: Ursaluna
|-activate|p2b: Ursaluna|move: Protect
|
|-weather|RainDance|[upkeep]
|-heal|p2a: Electabuzz|96/100|[from] Grassy Terrain
|-heal|p1b: Rillaboom|45/100|[from] Grassy Terrain
|-heal|p2b: Ursaluna|78/100|[from] Grassy Terrain
|upkeep
|turn|4
|
|t:|1757840901
|switch|p1a: Archaludon|Archaludon, L50, M|100/100
|switch|p2b: Torkoal|Torkoal, L50, M|99/100
|-weather|SunnyDay|[from] ability: Drought|[of] p2b: Torkoal
|move|p2a: Electabuzz|Electroweb|p1a: Archaludon|[spread] p1a,p1b
|-resisted|p1a: Archaludon
|-resisted|p1b: Rillaboom
|-damage|p1a: Archaludon|96/100
|-damage|p1b: Rillaboom|39/100
|-unboost|p1a: Archaludon|spe|1
|-unboost|p1b: Rillaboom|spe|1
|-ability|p1a: Archaludon|Stamina|boost
|-boost|p1a: Archaludon|def|1
|move|p1b: Rillaboom|Wood Hammer|p2b: Torkoal
|-resisted|p2b: Torkoal
|-damage|p2b: Torkoal|72/100
|-damage|p1b: Rillaboom|31/100|[from] Recoil
|
|-weather|SunnyDay|[upkeep]
|-heal|p2a: Electabuzz|100/100|[from] Grassy Terrain
|-heal|p1a: Archaludon|100/100|[from] Grassy Terrain
|-heal|p1b: Rillaboom|37/100|[from] Grassy Terrain
|-heal|p2b: Torkoal|78/100|[from] Grassy Terrain
|upkeep
|turn|5
|inactive|zio_gelato has 30 seconds left.
|inactive|Er ciccio98 has 30 seconds left.
|
|t:|1757840936
|switch|p1b: Pelipper|Pelipper, L50, M|1/100
|-weather|RainDance|[from] ability: Drizzle|[of] p1b: Pelipper
|switch|p2b: Ursaluna|Ursaluna-Bloodmoon, L50, M, tera:Normal|78/100
|move|p2a: Electabuzz|Follow Me|p2a: Electabuzz
|-singleturn|p2a: Electabuzz|move: Follow Me
|move|p1a: Archaludon|Electro Shot||[still]
|-prepare|p1a: Archaludon|Electro Shot
|-boost|p1a: Archaludon|spa|1
|-anim|p1a: Archaludon|Electro Shot|p2a: Electabuzz
|-resisted|p2a: Electabuzz
|-damage|p2a: Electabuzz|78/100
|
|-weather|RainDance|[upkeep]
|-heal|p2a: Electabuzz|85/100|[from] Grassy Terrain
|-heal|p2b: Ursaluna|84/100|[from] Grassy Terrain
|-fieldend|move: Grassy Terrain
|upkeep
|turn|6
|inactive|zio_gelato has 30 seconds left.
|
|t:|1757840968
|switch|p1b: Rillaboom|Rillaboom, L50, F|37/100
|-fieldstart|move: Grassy Terrain|[from] ability: Grassy Surge|[of] p1b: Rillaboom
|move|p2b: Ursaluna|Protect|p2b: Ursaluna
|-singleturn|p2b: Ursaluna|Protect
|move|p2a: Electabuzz|Electroweb|p1b: Rillaboom|[spread] p1b
|-miss|p2a: Electabuzz|p1a: Archaludon
|-resisted|p1b: Rillaboom
|-damage|p1b: Rillaboom|30/100
|-unboost|p1b: Rillaboom|spe|1
|move|p1a: Archaludon|Draco Meteor|p2b: Ursaluna
|-activate|p2b: Ursaluna|move: Protect
|
|-weather|RainDance|[upkeep]
|-heal|p2a: Electabuzz|91/100|[from] Grassy Terrain
|-heal|p2b: Ursaluna|90/100|[from] Grassy Terrain
|-heal|p1b: Rillaboom|36/100|[from] Grassy Terrain
|upkeep
|turn|7
|inactive|zio_gelato has 30 seconds left.
|inactive|Er ciccio98 has 30 seconds left.
|inactive|Er ciccio98 has 20 seconds left.
|
|t:|1757841003
|move|p2a: Electabuzz|Electroweb|p1a: Archaludon|[spread] p1a,p1b
|-resisted|p1a: Archaludon
|-resisted|p1b: Rillaboom
|-damage|p1a: Archaludon|95/100
|-damage|p1b: Rillaboom|29/100
|-unboost|p1a: Archaludon|spe|1
|-unboost|p1b: Rillaboom|spe|1
|-ability|p1a: Archaludon|Stamina|boost
|-boost|p1a: Archaludon|def|1
|move|p2b: Ursaluna|Blood Moon|p1a: Archaludon
|-resisted|p1a: Archaludon
|-damage|p1a: Archaludon|49/100
|-ability|p1a: Archaludon|Stamina|boost
|-boost|p1a: Archaludon|def|1
|-damage|p2b: Ursaluna|80/100|[from] item: Life Orb
|move|p1a: Archaludon|Draco Meteor|p2b: Ursaluna
|-damage|p2b: Ursaluna|0 fnt
|-unboost|p1a: Archaludon|spa|2
|faint|p2b: Ursaluna
|move|p1b: Rillaboom|High Horsepower|p2a: Electabuzz
|-supereffective|p2a: Electabuzz
|-damage|p2a: Electabuzz|34/100
|
|-weather|RainDance|[upkeep]
|-heal|p2a: Electabuzz|40/100|[from] Grassy Terrain
|-heal|p1a: Archaludon|55/100|[from] Grassy Terrain
|-heal|p1b: Rillaboom|35/100|[from] Grassy Terrain
|upkeep
|
|t:|1757841027
|switch|p2b: Torkoal|Torkoal, L50, M|78/100
|-weather|SunnyDay|[from] ability: Drought|[of] p2b: Torkoal
|turn|8
|
|t:|1757841041
|switch|p1b: Pelipper|Pelipper, L50, M|1/100
|-weather|RainDance|[from] ability: Drizzle|[of] p1b: Pelipper
|move|p2a: Electabuzz|Electroweb|p1a: Archaludon|[spread] p1a,p1b
|-resisted|p1a: Archaludon
|-supereffective|p1b: Pelipper
|-damage|p1a: Archaludon|50/100
|-damage|p1b: Pelipper|0 fnt
|-unboost|p1a: Archaludon|spe|1
|-ability|p1a: Archaludon|Stamina|boost
|-boost|p1a: Archaludon|def|1
|faint|p1b: Pelipper
|move|p1a: Archaludon|Body Press|p2a: Electabuzz
|-damage|p2a: Electabuzz|0 fnt
|faint|p2a: Electabuzz
|move|p2b: Torkoal|Eruption|p1a: Archaludon
|-damage|p1a: Archaludon|28/100
|-ability|p1a: Archaludon|Stamina|boost
|-boost|p1a: Archaludon|def|1
|
|-weather|RainDance|[upkeep]
|-heal|p1a: Archaludon|34/100|[from] Grassy Terrain
|-heal|p2b: Torkoal|85/100|[from] Grassy Terrain
|upkeep
|
|t:|1757841060
|switch|p1b: Rillaboom|Rillaboom, L50, F|35/100
|turn|9
|
|t:|1757841069
|move|p2b: Torkoal|Protect|p2b: Torkoal
|-singleturn|p2b: Torkoal|Protect
|move|p1b: Rillaboom|High Horsepower|p2b: Torkoal
|-activate|p2b: Torkoal|move: Protect
|move|p1a: Archaludon|Body Press|p2b: Torkoal
|-activate|p2b: Torkoal|move: Protect
|
|-weather|RainDance|[upkeep]
|-heal|p1b: Rillaboom|41/100|[from] Grassy Terrain
|-heal|p1a: Archaludon|40/100|[from] Grassy Terrain
|-heal|p2b: Torkoal|91/100|[from] Grassy Terrain
|upkeep
|turn|10
|
|t:|1757841088
|move|p1b: Rillaboom|High Horsepower|p2b: Torkoal
|-supereffective|p2b: Torkoal
|-damage|p2b: Torkoal|42/100
|move|p1a: Archaludon|Body Press|p2b: Torkoal
|-crit|p2b: Torkoal
|-damage|p2b: Torkoal|0 fnt
|faint|p2b: Torkoal
|
|win|zio_gelato
||Er ciccio98 is ready for game 3.
|inactive|zio_gelato has 30 seconds to confirm battle start!
||zio_gelato is ready for game 3.
|uhtml|next|Next: Game 3 of 3
