|j|☆WowieKazowee
|j|☆caevz027
|html|WowieKazoweecaevz027    
|uhtml|bestof|Game 1 of a best-of-3
|t:|1757164295
|gametype|doubles
|player|p1|WowieKazowee|idol|1062
|player|p2|caevz027|102|1154
|gen|9
|tier|[Gen 9] VGC 2025 Reg H (Bo3)
|rated|
|rule|Species Clause: Limit one of each Pokémon
|rule|Item Clause: Limit 1 of each item
|clearpoke
|poke|p1|Incineroar, L50, F|
|poke|p1|Rillaboom, L50, F|
|poke|p1|Sneasler, L50, F|
|poke|p1|Gholdengo, L50|
|poke|p1|Electabuzz, L50, M|
|poke|p1|Ninetales-Alola, L50, M|
|poke|p2|Sneasler, L50, M|
|poke|p2|Indeedee, L50, M|
|poke|p2|Ursaluna-Bloodmoon, L50, M|
|poke|p2|Talonflame, L50, F|
|poke|p2|Electabuzz, L50, F|
|poke|p2|Hydreigon, L50, M|
|teampreview|4
|showteam|p1|Incineroar||SafetyGoggles|Intimidate|FakeOut,FlareBlitz,KnockOff,PartingShot|||F|||50|,,,,,Water]Rillaboom||AssaultVest|GrassySurge|WoodHammer,GrassyGlide,FakeOut,Uturn|||F|||50|,,,,,Fire]Sneasler||GrassySeed|Unburden|CloseCombat,DireClaw,FakeOut,Protect|||F|||50|,,,,,Flying]Gholdengo||LifeOrb|GoodasGold|MakeItRain,ShadowBall,NastyPlot,Protect||||||50|,,,,,Steel]Electabuzz||Eviolite|VitalSpirit|Electroweb,VoltSwitch,FollowMe,Protect|||M|||50|,,,,,Bug]Ninetales-Alola||LightClay|SnowWarning|FreezeDry,AuroraVeil,Encore,Protect|||M|||50|,,,,,Water
|showteam|p2|Sneasler||PsychicSeed|Unburden|DireClaw,CloseCombat,ThroatChop,Protect|||M|||50|,,,,,Dark]Indeedee||FocusSash|PsychicSurge|ExpandingForce,TeraBlast,TrickRoom,Imprison|||M|||50|,,,,,Psychic]Ursaluna-Bloodmoon||LifeOrb|MindsEye|HyperVoice,BloodMoon,EarthPower,VacuumWave|||M|||50|,,,,,Normal]Talonflame||CovertCloak|GaleWings|DualWingbeat,Tailwind,WillOWisp,Taunt|||F|||50|,,,,,Ghost]Electabuzz||Eviolite|VitalSpirit|Taunt,FollowMe,Electroweb,Protect|||F|||50|,,,,,Electric]Hydreigon||ChoiceSpecs|Levitate|HeatWave,DracoMeteor,FlashCannon,Uturn|||M|||50|,,,,,Fire
|
|t:|1757164330
|teamsize|p1|4
|teamsize|p2|4
|start
|switch|p1a: Gholdengo|Gholdengo, L50|100/100
|switch|p1b: Electabuzz|Electabuzz, L50, M|100/100
|switch|p2a: Talonflame|Talonflame, L50, F|100/100
|switch|p2b: Ursaluna|Ursaluna-Bloodmoon, L50, M|100/100
|turn|1
|inactive|Battle timer is ON: inactive players will automatically lose when time's up. (requested by caevz027)
|
|t:|1757164350
|-terastallize|p2b: Ursaluna|Normal
|move|p1a: Gholdengo|Protect|p1a: Gholdengo
|-singleturn|p1a: Gholdengo|Protect
|move|p2a: Talonflame|Tailwind|p2a: Talonflame
|-sidestart|p2: caevz027|move: Tailwind
|move|p2b: Ursaluna|Hyper Voice|p1b: Electabuzz|[spread] p1b
|-activate|p1a: Gholdengo|move: Protect
|-damage|p1b: Electabuzz|39/100
|-damage|p2b: Ursaluna|91/100|[from] item: Life Orb
|move|p1b: Electabuzz|Volt Switch|p2a: Talonflame
|-supereffective|p2a: Talonflame
|-damage|p2a: Talonflame|11/100
|
|t:|1757164366
|switch|p1b: Sneasler|Sneasler, L50, F|100/100|[from] Volt Switch
|
|upkeep
|turn|2
|
|t:|1757164385
|switch|p2b: Sneasler|Sneasler, L50, M|100/100
|-terastallize|p1a: Gholdengo|Steel
|move|p1b: Sneasler|Fake Out|p2a: Talonflame
|-damage|p2a: Talonflame|0 fnt
|faint|p2a: Talonflame
|move|p1a: Gholdengo|Make It Rain|p2b: Sneasler
|-damage|p2b: Sneasler|0 fnt
|-unboost|p1a: Gholdengo|spa|1
|faint|p2b: Sneasler
|-damage|p1a: Gholdengo|91/100|[from] item: Life Orb
|
|upkeep
|
|t:|1757164398
|switch|p2a: Indeedee|Indeedee, L50, M|100/100
|switch|p2b: Ursaluna|Ursaluna-Bloodmoon, L50, M, tera:Normal|91/100
|-fieldstart|move: Psychic Terrain|[from] ability: Psychic Surge|[of] p2a: Indeedee
|turn|3
|
|t:|1757164406
|move|p2a: Indeedee|Expanding Force|p1b: Sneasler|[spread] p1a,p1b
|-resisted|p1a: Gholdengo
|-supereffective|p1b: Sneasler
|-damage|p1a: Gholdengo|62/100
|-damage|p1b: Sneasler|0 fnt
|faint|p1b: Sneasler
|move|p2b: Ursaluna|Hyper Voice|p1a: Gholdengo
|-resisted|p1a: Gholdengo
|-damage|p1a: Gholdengo|11/100
|-damage|p2b: Ursaluna|81/100|[from] item: Life Orb
|move|p1a: Gholdengo|Make It Rain|p2a: Indeedee|[spread] p2a,p2b
|-damage|p2a: Indeedee|26/100
|-damage|p2b: Ursaluna|6/100
|-unboost|p1a: Gholdengo|spa|1
|-damage|p1a: Gholdengo|1/100|[from] item: Life Orb
|
|upkeep
|
|t:|1757164419
|switch|p1b: Rillaboom|Rillaboom, L50, F|100/100
|-fieldstart|move: Grassy Terrain|[from] ability: Grassy Surge|[of] p1b: Rillaboom
|turn|4
|j| quhairuru
|
|t:|1757164441
|move|p1a: Gholdengo|Protect|p1a: Gholdengo
|-singleturn|p1a: Gholdengo|Protect
|move|p1b: Rillaboom|Fake Out|p2b: Ursaluna
|-damage|p2b: Ursaluna|0 fnt
|faint|p2b: Ursaluna
|move|p2a: Indeedee|Expanding Force|p1a: Gholdengo
|-activate|p1a: Gholdengo|move: Protect
|
|-heal|p2a: Indeedee|32/100|[from] Grassy Terrain
|-heal|p1a: Gholdengo|7/100|[from] Grassy Terrain
|-sideend|p2: caevz027|move: Tailwind
|upkeep
|turn|5
|-message|caevz027 forfeited.
|
|win|WowieKazowee
|l|☆caevz027
|player|p2|
||caevz027 is ready for game 2.
