|j|☆pekkleduck
|j|☆Cymothoa829469
|html|pekkleduckCymothoa829469    
|uhtml|bestof|Game 1 of a best-of-3
|t:|1783554296
|gametype|doubles
|player|p1|pekkleduck|170|
|player|p2|Cymothoa829469|ingo|
|gen|9
|tier|[Gen 9 Champions] VGC 2026 Reg M-B (Bo3)
|rule|Species Clause: Limit one of each Pokémon
|rule|Item Clause: Limit 1 of each item
|clearpoke
|poke|p1|Greninja, L50, M|
|poke|p1|Swampert, L50, M|
|poke|p1|Grimmsnarl, L50, M|
|poke|p1|Archaludon, L50, M|
|poke|p1|Gholdengo, L50|
|poke|p1|Pelipper, L50, F|
|poke|p2|Staraptor, L50, F|
|poke|p2|Farigiraf, L50, M|
|poke|p2|Garchomp, L50, M|
|poke|p2|Incineroar, L50, F|
|poke|p2|Sceptile, L50, M|
|poke|p2|Gengar, L50, M|
|teampreview|4
|showteam|p1|Greninja||Greninjite|Protean|WeatherBall,IceBeam,GrassKnot,Protect|Timid||M|||50|]Swampert||Swampertite|Damp|WaveCrash,Earthquake,IcePunch,Protect|Adamant||M|||50|]Grimmsnarl||LightClay|Prankster|SuckerPunch,PartingShot,Reflect,LightScreen|Adamant||M|||50|]Archaludon||Leftovers|Stamina|FlashCannon,ElectroShot,DragonPulse,Protect|Modest||M|||50|]Gholdengo||MetalCoat|GoodasGold|MakeItRain,ShadowBall,NastyPlot,Protect|Modest|||||50|]Pelipper||DampRock|Drizzle|WeatherBall,Hurricane,Tailwind,Protect|Modest||F|||50|
|showteam|p2|Staraptor||ChoiceScarf|Reckless|CloseCombat,BraveBird,DoubleEdge,Uturn|Adamant||F|||50|]Farigiraf||SitrusBerry|ArmorTail|Psychic,TrickRoom,FoulPlay,Protect|Sassy||M|||50|]Garchomp||LifeOrb|RoughSkin|DragonClaw,RockSlide,StompingTantrum,Protect|Jolly||M|||50|]Incineroar||Leftovers|Intimidate|FakeOut,FlareBlitz,PartingShot,ThroatChop|Impish||F|||50|]Sceptile||Sceptilite|Overgrow|DragonPulse,EarthPower,GigaDrain,Protect|Timid||M|||50|]Gengar||Gengarite|CursedBody|ClearSmog,DarkPulse,SludgeWave,Protect|Timid||M|||50|
|inactive|Battle timer is ON: inactive players will automatically lose when time's up. (requested by pekkleduck)
|inactive|Cymothoa829469 has 60 seconds left.
|
|t:|1783554339
|teamsize|p1|4
|teamsize|p2|4
|start
|switch|p1a: Frog|Greninja, L50, M|100/100
|switch|p1b: Tolietbowl|Pelipper, L50, F|100/100
|switch|p2a: Incineroar|Incineroar, L50, F|100/100
|switch|p2b: Sceptile|Sceptile, L50, M|100/100
|-weather|RainDance|[from] ability: Drizzle|[of] p1b: Tolietbowl
|-ability|p2a: Incineroar|Intimidate|boost
|-unboost|p1a: Frog|atk|1
|-unboost|p1b: Tolietbowl|atk|1
|turn|1
|
|t:|1783554362
|detailschange|p2b: Sceptile|Sceptile-Mega, L50, M
|-mega|p2b: Sceptile|Sceptile|Sceptilite
|move|p1a: Frog|Protect|p1a: Frog
|-start|p1a: Frog|typechange|Normal|[from] ability: Protean
|-singleturn|p1a: Frog|Protect
|move|p2a: Incineroar|Fake Out|p1b: Tolietbowl
|-damage|p1b: Tolietbowl|89/100
|move|p2b: Sceptile|Giga Drain|p1a: Frog
|-activate|p1a: Frog|move: Protect
|cant|p1b: Tolietbowl|flinch
|
|-weather|RainDance|[upkeep]
|upkeep
|turn|2
|
|t:|1783554382
|detailschange|p1a: Frog|Greninja-Mega, L50, M
|-mega|p1a: Frog|Greninja|Greninjite
|move|p2b: Sceptile|Protect|p2b: Sceptile
|-singleturn|p2b: Sceptile|Protect
|move|p1a: Frog|Ice Beam|p2b: Sceptile
|-start|p1a: Frog|typechange|Ice|[from] ability: Protean
|-activate|p2b: Sceptile|move: Protect
|move|p1b: Tolietbowl|Weather Ball|p2a: Incineroar
|-supereffective|p2a: Incineroar|1
|-damage|p2a: Incineroar|1/100
|move|p2a: Incineroar|Parting Shot|p1a: Frog
|-unboost|p1a: Frog|atk|1
|-unboost|p1a: Frog|spa|1
|
|t:|1783554398
|switch|p2a: Staraptor|Staraptor, L50, F|100/100|[from] Parting Shot
|
|-weather|RainDance|[upkeep]
|upkeep
|turn|3
|
|t:|1783554420
|switch|p1a: Bridge|Archaludon, L50, M|100/100
|move|p2a: Staraptor|Close Combat|p1a: Bridge
|-supereffective|p1a: Bridge|1
|-damage|p1a: Bridge|47/100
|-unboost|p2a: Staraptor|def|1
|-unboost|p2a: Staraptor|spd|1
|-ability|p1a: Bridge|Stamina|boost
|-boost|p1a: Bridge|def|1
|move|p2b: Sceptile|Dragon Pulse|p1b: Tolietbowl
|-damage|p1b: Tolietbowl|32/100
|move|p1b: Tolietbowl|Hurricane|p2a: Staraptor
|-damage|p2a: Staraptor|0 fnt
|faint|p2a: Staraptor
|
|-weather|RainDance|[upkeep]
|-heal|p1a: Bridge|53/100|[from] item: Leftovers
|upkeep
|
|t:|1783554433
|switch|p2a: Incineroar|Incineroar, L50, F|1/100
|-ability|p2a: Incineroar|Intimidate|boost
|-unboost|p1a: Bridge|atk|1
|-unboost|p1b: Tolietbowl|atk|1
|turn|4
|
|t:|1783554441
|move|p2a: Incineroar|Fake Out|p1b: Tolietbowl
|-damage|p1b: Tolietbowl|21/100
|move|p2b: Sceptile|Earth Power|p1a: Bridge
|-supereffective|p1a: Bridge|1
|-damage|p1a: Bridge|0 fnt
|faint|p1a: Bridge
|cant|p1b: Tolietbowl|flinch
|
|-weather|RainDance|[upkeep]
|-heal|p2a: Incineroar|6/100|[from] item: Leftovers
|upkeep
|
|t:|1783554444
|switch|p1a: Frog|Greninja-Mega, L50, M|100/100
|turn|5
|
|t:|1783554455
|move|p2b: Sceptile|Protect|p2b: Sceptile
|-singleturn|p2b: Sceptile|Protect
|move|p1a: Frog|Weather Ball|p2a: Incineroar
|-start|p1a: Frog|typechange|Water|[from] ability: Protean
|-supereffective|p2a: Incineroar|1
|-damage|p2a: Incineroar|0 fnt
|faint|p2a: Incineroar
|move|p1b: Tolietbowl|Hurricane|p2b: Sceptile
|-activate|p2b: Sceptile|move: Protect
|
|-weather|RainDance|[upkeep]
|upkeep
|
|t:|1783554465
|switch|p2a: Garchomp|Garchomp, L50, M|100/100
|turn|6
|
|t:|1783554471
|move|p2b: Sceptile|Giga Drain|p1a: Frog
|-supereffective|p1a: Frog|1
|-damage|p1a: Frog|0 fnt
|faint|p1a: Frog
|move|p2a: Garchomp|Dragon Claw|p1b: Tolietbowl
|-damage|p1b: Tolietbowl|0 fnt
|faint|p1b: Tolietbowl
|-damage|p2a: Garchomp|90/100|[from] item: Life Orb
|
|-weather|RainDance|[upkeep]
|upkeep
|
|t:|1783554477
|switch|p1b: Shuten-Dōji|Grimmsnarl, L50, M|100/100
|turn|7
|
|t:|1783554481
|move|p1b: Shuten-Dōji|Sucker Punch|p2b: Sceptile
|-damage|p2b: Sceptile|44/100
|move|p2b: Sceptile|Earth Power|p1b: Shuten-Dōji
|-damage|p1b: Shuten-Dōji|62/100
|move|p2a: Garchomp|Stomping Tantrum|p1b: Shuten-Dōji
|-damage|p1b: Shuten-Dōji|1/100
|-damage|p2a: Garchomp|80/100|[from] item: Life Orb
|
|-weather|RainDance|[upkeep]
|upkeep
|turn|8
|
|t:|1783554489
|move|p1b: Shuten-Dōji|Sucker Punch|p2b: Sceptile
|-damage|p2b: Sceptile|0 fnt
|faint|p2b: Sceptile
|move|p2a: Garchomp|Stomping Tantrum|p1b: Shuten-Dōji
|-damage|p1b: Shuten-Dōji|0 fnt
|faint|p1b: Shuten-Dōji
|-damage|p2a: Garchomp|70/100|[from] item: Life Orb
|
|win|Cymothoa829469
|l|☆pekkleduck
|player|p1|
||Cymothoa829469 is ready for game 2.
||pekkleduck is ready for game 2.
|uhtml|next|Next: Game 2 of 3
|l|☆Cymothoa829469
|player|p2|
|j|☆pekkleduck
|player|p1|pekkleduck|170|
|l|☆pekkleduck
|player|p1|
|j|☆pekkleduck
|player|p1|pekkleduck|170|
|l|☆pekkleduck
|player|p1|
|j|☆pekkleduck
|player|p1|pekkleduck|170|
