|j|☆dookyinmycookie
|j|☆raksbach
|html|dookyinmycookieraksbach    
|uhtml|bestof|Game 2 of a best-of-3
|t:|1783602079
|gametype|doubles
|player|p1|dookyinmycookie|skyla|1039
|player|p2|raksbach|170|1088
|gen|9
|tier|[Gen 9 Champions] VGC 2026 Reg M-B (Bo3)
|rated|
|rule|Species Clause: Limit one of each Pokémon
|rule|Item Clause: Limit 1 of each item
|clearpoke
|poke|p1|Mawile, L50, F, shiny|
|poke|p1|Meowstic, L50, M|
|poke|p1|Spiritomb, L50, F, shiny|
|poke|p1|Annihilape, L50, F, shiny|
|poke|p1|Araquanid, L50, F|
|poke|p1|Primarina, L50, M|
|poke|p2|Incineroar, L50, M|
|poke|p2|Maushold, L50|
|poke|p2|Sinistcha, L50|
|poke|p2|Sneasler, L50, F|
|poke|p2|Blastoise, L50, F|
|poke|p2|Delphox, L50, M|
|teampreview|4
|showteam|p1|Mawile||Mawilite|Intimidate|SuckerPunch,PlayRough,IronHead,Protect|Brave||F|||50|]Meowstic||ColburBerry|Prankster|FakeOut,EnergyBall,TrickRoom,Protect|Modest||M|||50|]Spiritomb||SitrusBerry|Infiltrator|Poltergeist,AllySwitch,TrickRoom,Protect|Sassy||F|||50|]Annihilape||Leftovers|Defiant|DrainPunch,RageFist,BulkUp,Protect|Brave||F|||50|]Araquanid||MysticWater|WaterBubble|Liquidation,LeechLife,WideGuard,Protect|Sassy||F|||50|]Primarina||LifeOrb|LiquidVoice|HyperVoice,Moonblast,PsychicNoise,Protect|Quiet||M|||50|
|showteam|p2|Incineroar||SitrusBerry|Intimidate|FakeOut,FlareBlitz,DarkestLariat,PartingShot|Impish||M|||50|]Maushold||ChopleBerry|FriendGuard|SuperFang,FollowMe,Protect,Feint|Impish|||||50|]Sinistcha||OccaBerry|Hospitality|MatchaGotcha,LifeDew,RagePowder,Protect|Bold|||||50|]Sneasler||FocusSash|PoisonTouch|FakeOut,CloseCombat,DireClaw,QuickGuard|Jolly||F|||50|]Blastoise||Blastoisinite|Torrent|WaterSpout,DarkPulse,ShellSmash,Protect|Modest||F|||50|]Delphox||Delphoxite|Blaze|HeatWave,Psychic,NastyPlot,Protect|Timid||M|||50|
|inactive|Battle timer is ON: inactive players will automatically lose when time's up. (requested by raksbach)
|inactive|dookyinmycookie has 60 seconds left.
|inactive|dookyinmycookie has 30 seconds left.
|inactive|dookyinmycookie has 20 seconds left.
|
|t:|1783602152
|teamsize|p1|4
|teamsize|p2|4
|start
|switch|p1a: Mawile|Mawile, L50, F, shiny|100/100
|switch|p1b: Spiritomb|Spiritomb, L50, F, shiny|100/100
|switch|p2a: Blastoise|Blastoise, L50, F|100/100
|switch|p2b: Sinistcha|Sinistcha, L50|100/100
|-ability|p1a: Mawile|Intimidate|boost
|-unboost|p2a: Blastoise|atk|1
|-unboost|p2b: Sinistcha|atk|1
|turn|1
|inactive|dookyinmycookie has 30 seconds left.
|inactive|dookyinmycookie has 20 seconds left.
|
|t:|1783602191
|detailschange|p2a: Blastoise|Blastoise-Mega, L50, F
|-mega|p2a: Blastoise|Blastoise|Blastoisinite
|detailschange|p1a: Mawile|Mawile-Mega, L50, F, shiny
|-mega|p1a: Mawile|Mawile|Mawilite
|move|p2b: Sinistcha|Rage Powder|p2b: Sinistcha
|-singleturn|p2b: Sinistcha|move: Rage Powder
|move|p2a: Blastoise|Shell Smash|p2a: Blastoise
|-unboost|p2a: Blastoise|def|1
|-unboost|p2a: Blastoise|spd|1
|-boost|p2a: Blastoise|atk|2
|-boost|p2a: Blastoise|spa|2
|-boost|p2a: Blastoise|spe|2
|move|p1a: Mawile|Play Rough|p2b: Sinistcha
|-damage|p2b: Sinistcha|19/100
|move|p1b: Spiritomb|Trick Room|p1b: Spiritomb
|-fieldstart|move: Trick Room|[of] p1b: Spiritomb
|
|upkeep
|turn|2
|
|t:|1783602210
|switch|p2b: Maushold|Maushold, L50|100/100
|move|p2a: Blastoise|Protect|p2a: Blastoise
|-singleturn|p2a: Blastoise|Protect
|move|p1b: Spiritomb|Poltergeist|p2b: Maushold
|-immune|p2b: Maushold
|move|p1a: Mawile|Play Rough|p2a: Blastoise
|-activate|p2a: Blastoise|move: Protect
|
|upkeep
|turn|3
|inactive|dookyinmycookie has 30 seconds left.
|
|t:|1783602241
|switch|p1b: Araquanid|Araquanid, L50, F|100/100
|move|p1a: Mawile|Protect|p1a: Mawile
|-singleturn|p1a: Mawile|Protect
|move|p2b: Maushold|Follow Me|p2b: Maushold
|-singleturn|p2b: Maushold|move: Follow Me
|move|p2a: Blastoise|Water Spout|p1b: Araquanid|[spread] p1b
|-activate|p1a: Mawile|move: Protect
|-resisted|p1b: Araquanid|1
|-damage|p1b: Araquanid|63/100
|
|upkeep
|turn|4
|inactive|dookyinmycookie has 30 seconds left.
|inactive|dookyinmycookie has 20 seconds left.
|inactive|dookyinmycookie has 15 seconds left.
|
|t:|1783602284
|switch|p1a: Meowstic|Meowstic, L50, M|100/100
|move|p2a: Blastoise|Protect|p2a: Blastoise
|-singleturn|p2a: Blastoise|Protect
|move|p1b: Araquanid|Leech Life|p2b: Maushold
|-damage|p2b: Maushold|80/100
|-heal|p1b: Araquanid|73/100|[from] drain|[of] p2b: Maushold
|move|p2b: Maushold|Super Fang|p1b: Araquanid
|-damage|p1b: Araquanid|37/100
|
|upkeep
|turn|5
|inactive|dookyinmycookie has 30 seconds left.
|inactive|raksbach has 30 seconds left.
|inactive|dookyinmycookie has 20 seconds left.
|inactive|raksbach has 20 seconds left.
|inactive|dookyinmycookie has 15 seconds left.
|inactive|dookyinmycookie has 10 seconds left.
|inactive|dookyinmycookie has 5 seconds left.
|
|t:|1783602339
|move|p1a: Meowstic|Fake Out|p2b: Maushold
|-damage|p2b: Maushold|75/100
|cant|p2b: Maushold|flinch
|move|p1b: Araquanid|Liquidation|p2a: Blastoise
|-resisted|p2a: Blastoise|1
|-damage|p2a: Blastoise|69/100
|move|p2a: Blastoise|Dark Pulse|p1a: Meowstic
|-supereffective|p1a: Meowstic|1
|-enditem|p1a: Meowstic|Colbur Berry|[eat]
|-enditem|p1a: Meowstic|Colbur Berry|[weaken]
|-damage|p1a: Meowstic|0 fnt
|faint|p1a: Meowstic
|
|-fieldend|move: Trick Room
|upkeep
|
|t:|1783602358
|switch|p1a: Spiritomb|Spiritomb, L50, F, shiny|100/100
|turn|6
|
|t:|1783602379
|move|p2b: Maushold|Follow Me|p2b: Maushold
|-singleturn|p2b: Maushold|move: Follow Me
|move|p2a: Blastoise|Dark Pulse|p1b: Araquanid
|-damage|p1b: Araquanid|0 fnt
|faint|p1b: Araquanid
|move|p1a: Spiritomb|Trick Room|p1a: Spiritomb
|-fieldstart|move: Trick Room|[of] p1a: Spiritomb
|
|upkeep
|
|t:|1783602386
|switch|p1b: Mawile|Mawile-Mega, L50, F, shiny|100/100
|turn|7
|inactive|dookyinmycookie has 30 seconds left.
|inactive|dookyinmycookie has 20 seconds left.
|inactive|dookyinmycookie has 15 seconds left.
|inactive|dookyinmycookie has 10 seconds left.
|
|t:|1783602436
|switch|p2b: Sinistcha|Sinistcha, L50|19/100
|-heal|p2a: Blastoise|94/100|[from] ability: Hospitality|[of] p2b: Sinistcha
|move|p1a: Spiritomb|Protect|p1a: Spiritomb
|-singleturn|p1a: Spiritomb|Protect
|move|p2a: Blastoise|Protect|p2a: Blastoise
|-singleturn|p2a: Blastoise|Protect
|move|p1b: Mawile|Play Rough|p2b: Sinistcha
|-damage|p2b: Sinistcha|0 fnt
|faint|p2b: Sinistcha
|
|upkeep
|
|t:|1783602453
|switch|p2b: Maushold|Maushold, L50|75/100
|turn|8
|
|t:|1783602460
|move|p2b: Maushold|Follow Me|p2b: Maushold
|-singleturn|p2b: Maushold|move: Follow Me
|move|p1a: Spiritomb|Poltergeist|p2b: Maushold
|-immune|p2b: Maushold
|move|p1b: Mawile|Play Rough|p2b: Maushold
|-damage|p2b: Maushold|0 fnt
|faint|p2b: Maushold
|move|p2a: Blastoise|Water Spout|p1b: Mawile|[spread] p1a,p1b
|-damage|p1a: Spiritomb|7/100
|-damage|p1b: Mawile|0 fnt
|-enditem|p1a: Spiritomb|Sitrus Berry|[eat]
|-heal|p1a: Spiritomb|32/100|[from] item: Sitrus Berry
|faint|p1b: Mawile
|
|upkeep
|
|t:|1783602472
|switch|p2b: Sneasler|Sneasler, L50, F|100/100
|turn|9
|-message|dookyinmycookie forfeited.
|
|win|raksbach
