|j|☆ildrarVGC
|j|☆A Regu1ar Guy
|html|ildrarVGCA Regu1ar Guy    
|uhtml|bestof|Game 1 of a best-of-3
|t:|1756940006
|gametype|doubles
|player|p1|ildrarVGC|101|1418
|player|p2|A Regu1ar Guy|elesa|1394
|gen|9
|tier|[Gen 9] VGC 2025 Reg H (Bo3)
|rated|
|rule|Species Clause: Limit one of each Pokémon
|rule|Item Clause: Limit 1 of each item
|clearpoke
|poke|p1|Incineroar, L50, M|
|poke|p1|Amoonguss, L50, F|
|poke|p1|Porygon2, L50|
|poke|p1|Ursaluna, L50, M|
|poke|p1|Hydreigon, L50, F|
|poke|p1|Gholdengo, L50|
|poke|p2|Volcarona, L50, F|
|poke|p2|Rillaboom, L50, M|
|poke|p2|Electabuzz, L50, F|
|poke|p2|Tauros-Paldea-Aqua, L50, M|
|poke|p2|Tyranitar, L50, M|
|poke|p2|Gholdengo, L50|
|teampreview|4
|showteam|p1|Incineroar||AssaultVest|Intimidate|FlareBlitz,KnockOff,FakeOut,Uturn|||M|||50|,,,,,Grass]Amoonguss||SitrusBerry|Regenerator|Spore,RagePowder,Protect,PollenPuff|||F|||50|,,,,,Water]Porygon2||Eviolite|Download|TeraBlast,IceBeam,TrickRoom,Recover||||||50|,,,,,Fighting]Ursaluna||FlameOrb|Guts|Facade,Earthquake,HeadlongRush,Protect|||M|||50|,,,,,Ghost]Hydreigon||SafetyGoggles|Levitate|Snarl,DracoMeteor,Tailwind,Protect|||F|||50|,,,,,Ghost]Gholdengo||MetalCoat|GoodasGold|MakeItRain,ShadowBall,NastyPlot,Protect||||||50|,,,,,Steel
|showteam|p2|Volcarona||GrassySeed|FlameBody|HeatWave,GigaDrain,QuiverDance,Protect|||F|||50|,,,,,Grass]Rillaboom||MiracleSeed|GrassySurge|WoodHammer,GrassyGlide,FakeOut,HighHorsepower|||M|||50|,,,,,Fire]Electabuzz||Eviolite|VitalSpirit|Electroweb,FollowMe,Taunt,Protect|||F|||50|,,,,,Ghost]Tauros-Paldea-Aqua||MirrorHerb|Intimidate|WaveCrash,AquaJet,CloseCombat,Protect|||M|||50|,,,,,Water]Tyranitar||AssaultVest|SandStream|KnockOff,RockSlide,TeraBlast,LowKick|||M|||50|,,,,,Flying]Gholdengo||LifeOrb|GoodasGold|MakeItRain,ShadowBall,NastyPlot,Protect||||||50|,,,,,Water
|
|t:|1756940088
|teamsize|p1|4
|teamsize|p2|4
|start
|switch|p1a: Gholdengo|Gholdengo, L50|100/100
|switch|p1b: Incineroar|Incineroar, L50, M|100/100
|switch|p2a: Volcarona|Volcarona, L50, F, shiny|100/100
|switch|p2b: Tauros|Tauros-Paldea-Aqua, L50, M|100/100
|-ability|p2b: Tauros|Intimidate|boost
|-unboost|p1a: Gholdengo|atk|1
|-unboost|p1b: Incineroar|atk|1
|-ability|p1b: Incineroar|Intimidate|boost
|-unboost|p2a: Volcarona|atk|1
|-unboost|p2b: Tauros|atk|1
|turn|1
|
|t:|1756940125
|move|p1b: Incineroar|Fake Out|p2a: Volcarona
|-damage|p2a: Volcarona|92/100
|move|p2b: Tauros|Wave Crash|p1b: Incineroar
|-supereffective|p1b: Incineroar
|-damage|p1b: Incineroar|38/100
|-damage|p2b: Tauros|74/100|[from] Recoil
|move|p1a: Gholdengo|Nasty Plot|p1a: Gholdengo
|-boost|p1a: Gholdengo|spa|2
|-enditem|p2b: Tauros|Mirror Herb
|-boost|p2b: Tauros|spa|2|[from] item: Mirror Herb
|cant|p2a: Volcarona|flinch
|
|upkeep
|turn|2
|
|t:|1756940152
|switch|p2b: Electabuzz|Electabuzz, L50, F|100/100
|switch|p1b: Hydreigon|Hydreigon, L50, F|100/100
|-terastallize|p1a: Gholdengo|Steel
|move|p2a: Volcarona|Protect|p2a: Volcarona
|-singleturn|p2a: Volcarona|Protect
|move|p1a: Gholdengo|Make It Rain|p2b: Electabuzz|[spread] p2b
|-activate|p2a: Volcarona|move: Protect
|-resisted|p2b: Electabuzz
|-damage|p2b: Electabuzz|43/100
|-unboost|p1a: Gholdengo|spa|1
|
|upkeep
|turn|3
|
|t:|1756940199
|move|p2b: Electabuzz|Follow Me|p2b: Electabuzz
|-singleturn|p2b: Electabuzz|move: Follow Me
|move|p1b: Hydreigon|Tailwind|p1b: Hydreigon
|-sidestart|p1: ildrarVGC|move: Tailwind
|move|p1a: Gholdengo|Make It Rain|p2a: Volcarona|[spread] p2a,p2b
|-resisted|p2a: Volcarona
|-resisted|p2b: Electabuzz
|-damage|p2a: Volcarona|42/100
|-damage|p2b: Electabuzz|0 fnt
|-unboost|p1a: Gholdengo|spa|1
|faint|p2b: Electabuzz
|move|p2a: Volcarona|Quiver Dance|p2a: Volcarona
|-boost|p2a: Volcarona|spa|1
|-boost|p2a: Volcarona|spd|1
|-boost|p2a: Volcarona|spe|1
|
|upkeep
|
|t:|1756940207
|switch|p2b: Rillaboom|Rillaboom, L50, M|100/100
|-fieldstart|move: Grassy Terrain|[from] ability: Grassy Surge|[of] p2b: Rillaboom
|-enditem|p2a: Volcarona|Grassy Seed
|-boost|p2a: Volcarona|def|1|[from] item: Grassy Seed
|turn|4
|
|t:|1756940232
|move|p1b: Hydreigon|Draco Meteor|p2a: Volcarona|[miss]
|-miss|p1b: Hydreigon|p2a: Volcarona
|move|p1a: Gholdengo|Make It Rain|p2b: Rillaboom|[spread] p2a,p2b
|-resisted|p2a: Volcarona
|-damage|p2a: Volcarona|19/100
|-damage|p2b: Rillaboom|19/100
|-unboost|p1a: Gholdengo|spa|1
|move|p2a: Volcarona|Heat Wave|p1b: Hydreigon|[spread] p1a,p1b
|-supereffective|p1a: Gholdengo
|-resisted|p1b: Hydreigon
|-damage|p1a: Gholdengo|0 fnt
|-damage|p1b: Hydreigon|75/100
|faint|p1a: Gholdengo
|move|p2b: Rillaboom|Wood Hammer|p1b: Hydreigon
|-resisted|p1b: Hydreigon
|-damage|p1b: Hydreigon|29/100
|-damage|p2b: Rillaboom|4/100|[from] Recoil
|
|-heal|p2a: Volcarona|25/100|[from] Grassy Terrain
|-heal|p2b: Rillaboom|10/100|[from] Grassy Terrain
|upkeep
|
|t:|1756940263
|switch|p1a: Incineroar|Incineroar, L50, M|38/100
|-ability|p1a: Incineroar|Intimidate|boost
|-unboost|p2a: Volcarona|atk|1
|-unboost|p2b: Rillaboom|atk|1
|turn|5
|
|t:|1756940279
|move|p2a: Volcarona|Protect|p2a: Volcarona
|-singleturn|p2a: Volcarona|Protect
|move|p2b: Rillaboom|Grassy Glide|p1b: Hydreigon
|-resisted|p1b: Hydreigon
|-damage|p1b: Hydreigon|15/100
|move|p1b: Hydreigon|Draco Meteor|p2a: Volcarona
|-activate|p2a: Volcarona|move: Protect
|move|p1a: Incineroar|U-turn|p2b: Rillaboom
|-supereffective|p2b: Rillaboom
|-damage|p2b: Rillaboom|0 fnt
|faint|p2b: Rillaboom
|
|t:|1756940289
|switch|p1a: Porygon2|Porygon2, L50|100/100|[from] U-turn
|-ability|p1a: Porygon2|Download|boost
|-boost|p1a: Porygon2|atk|1
|
|-heal|p2a: Volcarona|31/100|[from] Grassy Terrain
|upkeep
|
|t:|1756940290
|switch|p2b: Tauros|Tauros-Paldea-Aqua, L50, M|74/100
|-ability|p2b: Tauros|Intimidate|boost
|-unboost|p1a: Porygon2|atk|1
|-unboost|p1b: Hydreigon|atk|1
|turn|6
|
|t:|1756940310
|switch|p1a: Incineroar|Incineroar, L50, M|38/100
|-ability|p1a: Incineroar|Intimidate|boost
|-unboost|p2a: Volcarona|atk|1
|-unboost|p2b: Tauros|atk|1
|-terastallize|p2b: Tauros|Water
|move|p2b: Tauros|Aqua Jet|p1b: Hydreigon
|-resisted|p1b: Hydreigon
|-damage|p1b: Hydreigon|7/100
|move|p1b: Hydreigon|Draco Meteor|p2a: Volcarona
|-damage|p2a: Volcarona|0 fnt
|-unboost|p1b: Hydreigon|spa|2
|faint|p2a: Volcarona
|
|-heal|p1a: Incineroar|44/100|[from] Grassy Terrain
|-heal|p2b: Tauros|80/100|[from] Grassy Terrain
|-sideend|p1: ildrarVGC|move: Tailwind
|upkeep
|turn|7
|
|t:|1756940342
|move|p2b: Tauros|Protect|p2b: Tauros
|-singleturn|p2b: Tauros|Protect
|move|p1a: Incineroar|Fake Out|p2b: Tauros
|-activate|p2b: Tauros|move: Protect
|move|p1b: Hydreigon|Tailwind|p1b: Hydreigon
|-sidestart|p1: ildrarVGC|move: Tailwind
|
|-heal|p1a: Incineroar|50/100|[from] Grassy Terrain
|-heal|p2b: Tauros|85/100|[from] Grassy Terrain
|upkeep
|turn|8
|
|t:|1756940353
|switch|p1b: Porygon2|Porygon2, L50|100/100
|-ability|p1b: Porygon2|Download|boost
|-boost|p1b: Porygon2|spa|1
|move|p2b: Tauros|Aqua Jet|p1b: Porygon2
|-damage|p1b: Porygon2|91/100
|move|p1a: Incineroar|Knock Off|p2b: Tauros
|-damage|p2b: Tauros|56/100
|
|-heal|p1a: Incineroar|56/100|[from] Grassy Terrain
|-heal|p2b: Tauros|62/100|[from] Grassy Terrain
|-heal|p1b: Porygon2|97/100|[from] Grassy Terrain
|-fieldend|move: Grassy Terrain
|upkeep
|turn|9
|
|t:|1756940373
|move|p1a: Incineroar|Knock Off|p2b: Tauros
|-damage|p2b: Tauros|30/100
|move|p2b: Tauros|Close Combat|p1b: Porygon2
|-supereffective|p1b: Porygon2
|-damage|p1b: Porygon2|58/100
|-unboost|p2b: Tauros|def|1
|-unboost|p2b: Tauros|spd|1
|move|p1b: Porygon2|Tera Blast|p2b: Tauros
|-damage|p2b: Tauros|0 fnt
|faint|p2b: Tauros
|
|win|ildrarVGC
||A Regu1ar Guy is ready for game 2.
||ildrarVGC is ready for game 2.
|uhtml|next|Next: Game 2 of 3
|l|☆A Regu1ar Guy
|player|p2|
