|j|☆kerzz49
|j|☆hicksmctaggart
|html|kerzz49hicksmctaggart    
|uhtml|bestof|Game 2 of a best-of-3
|t:|1785424222
|gametype|doubles
|player|p1|kerzz49|cilan|1267
|player|p2|hicksmctaggart|giovanni|1277
|gen|9
|tier|[Gen 9 Champions] VGC 2026 Reg M-B (Bo3)
|rated|
|rule|Species Clause: Limit one of each Pokémon
|rule|Item Clause: Limit 1 of each item
|clearpoke
|poke|p1|Kingambit, L50, M|
|poke|p1|Gardevoir, L50, M|
|poke|p1|Talonflame, L50, M|
|poke|p1|Maushold, L50|
|poke|p1|Basculegion, L50, M|
|poke|p1|Garchomp, L50, M|
|poke|p2|Delphox, L50, M|
|poke|p2|Blastoise, L50, F|
|poke|p2|Kingambit, L50, M|
|poke|p2|Incineroar, L50, M|
|poke|p2|Sinistcha, L50|
|poke|p2|Sneasler, L50, F|
|teampreview|4
|showteam|p1|Kingambit||FocusSash|Defiant|KowtowCleave,IronHead,SuckerPunch,LowKick|Adamant||M|||50|]Gardevoir||Gardevoirite|Telepathy|HyperVoice,Psyshock,TrickRoom,Protect|Modest||M|||50|]Talonflame||LifeOrb|GaleWings|DualWingbeat,FlareBlitz,Tailwind,Protect|Jolly||M|||50|]Maushold||ChopleBerry|FriendGuard|Feint,SuperFang,FollowMe,Protect|Impish|||||50|]Basculegion||MysticWater|Adaptability|WaveCrash,LastRespects,AquaJet,Protect|Adamant||M|||50|]Garchomp||SitrusBerry|RoughSkin|Earthquake,StompingTantrum,RockTomb,Protect|Jolly||M|||50|
|showteam|p2|Delphox||Delphoxite|Blaze|HeatWave,Psyshock,NastyPlot,Protect|Timid||M|||50|]Blastoise||Blastoisinite|Torrent|WaterSpout,DarkPulse,ShellSmash,Protect|Modest||F|||50|]Kingambit||FocusSash|Defiant|KowtowCleave,SuckerPunch,IronHead,LowKick|Adamant||M|||50|]Incineroar||SitrusBerry|Intimidate|FlareBlitz,DarkestLariat,FakeOut,PartingShot|Impish||M|||50|]Sinistcha||OccaBerry|Hospitality|MatchaGotcha,RagePowder,TrickRoom,Protect|Relaxed|||||50|]Sneasler||LifeOrb|PoisonTouch|PoisonJab,CloseCombat,FakeOut,QuickGuard|Jolly||F|||50|
|inactive|Battle timer is ON: inactive players will automatically lose when time's up. (requested by hicksmctaggart)
|inactive|hicksmctaggart has 60 seconds left.
|
|t:|1785424264
|teamsize|p1|4
|teamsize|p2|4
|start
|switch|p1a: Basculegion|Basculegion, L50, M|100/100
|switch|p1b: Gardevoir|Gardevoir, L50, M|100/100
|switch|p2a: Kingambit|Kingambit, L50, M|100/100
|switch|p2b: Sneasler|Sneasler, L50, F|100/100
|turn|1
|inactive|kerzz49 has 30 seconds left.
|
|t:|1785424298
|switch|p1a: Garchomp|Garchomp, L50, M|100/100
|move|p1b: Gardevoir|Protect|p1b: Gardevoir
|-singleturn|p1b: Gardevoir|Protect
|move|p2b: Sneasler|Fake Out|p1b: Gardevoir
|-activate|p1b: Gardevoir|move: Protect
|move|p2a: Kingambit|Kowtow Cleave|p1a: Garchomp
|-damage|p1a: Garchomp|59/100
|-damage|p2a: Kingambit|88/100|[from] ability: Rough Skin|[of] p1a: Garchomp
|
|upkeep
|turn|2
|inactive|kerzz49 has 30 seconds left.
|inactive|hicksmctaggart has 30 seconds left.
|inactive|kerzz49 has 20 seconds left.
|inactive|kerzz49 has 15 seconds left.
|inactive|kerzz49 has 10 seconds left.
|inactive|hicksmctaggart has 20 seconds left.
|inactive|hicksmctaggart has 15 seconds left.
|inactive|hicksmctaggart has 10 seconds left.
|
|t:|1785424356
|switch|p2a: Sinistcha|Sinistcha, L50|100/100
|detailschange|p1b: Gardevoir|Gardevoir-Mega, L50, M
|-mega|p1b: Gardevoir|Gardevoir|Gardevoirite
|move|p2b: Sneasler|Close Combat|p1a: Garchomp
|-damage|p1a: Garchomp|0 fnt
|-unboost|p2b: Sneasler|def|1
|-unboost|p2b: Sneasler|spd|1
|-damage|p2b: Sneasler|87/100|[from] ability: Rough Skin|[of] p1a: Garchomp
|faint|p1a: Garchomp
|-damage|p2b: Sneasler|78/100|[from] item: Life Orb
|move|p1b: Gardevoir|Hyper Voice|p2a: Sinistcha|[spread] p2a,p2b
|-damage|p2a: Sinistcha|45/100
|-damage|p2b: Sneasler|0 fnt
|faint|p2b: Sneasler
|
|upkeep
|
|t:|1785424375
|switch|p2b: Delphox|Delphox, L50, M|100/100
|switch|p1a: Talonflame|Talonflame, L50, M|100/100
|turn|3
|inactive|kerzz49 has 30 seconds left.
|
|t:|1785424403
|detailschange|p2b: Delphox|Delphox-Mega, L50, M
|-mega|p2b: Delphox|Delphox|Delphoxite
|move|p2a: Sinistcha|Protect|p2a: Sinistcha
|-singleturn|p2a: Sinistcha|Protect
|move|p1a: Talonflame|Dual Wingbeat|p2a: Sinistcha
|-activate|p2a: Sinistcha|move: Protect
|move|p2b: Delphox|Nasty Plot|p2b: Delphox
|-boost|p2b: Delphox|spa|2
|move|p1b: Gardevoir|Hyper Voice|p2a: Sinistcha|[spread] p2b
|-activate|p2a: Sinistcha|move: Protect
|-resisted|p2b: Delphox|1
|-damage|p2b: Delphox|79/100
|
|upkeep
|turn|4
|inactive|kerzz49 has 30 seconds left.
|inactive|hicksmctaggart has 30 seconds left.
|
|t:|1785424431
|switch|p2a: Kingambit|Kingambit, L50, M|88/100
|move|p2b: Delphox|Psyshock|p1b: Gardevoir
|-resisted|p1b: Gardevoir|1
|-damage|p1b: Gardevoir|48/100
|move|p1a: Talonflame|Flare Blitz|p2a: Kingambit
|-supereffective|p2a: Kingambit|1
|-damage|p2a: Kingambit|0 fnt
|faint|p2a: Kingambit
|-damage|p1a: Talonflame|67/100|[from] Recoil
|-damage|p1a: Talonflame|57/100|[from] item: Life Orb
|move|p1b: Gardevoir|Hyper Voice|p2b: Delphox
|-resisted|p2b: Delphox|1
|-damage|p2b: Delphox|49/100
|
|upkeep
|
|t:|1785424438
|switch|p2a: Sinistcha|Sinistcha, L50|45/100
|-heal|p2b: Delphox|74/100|[from] ability: Hospitality|[of] p2a: Sinistcha
|turn|5
|inactive|kerzz49 has 30 seconds left.
|
|t:|1785424468
|move|p2a: Sinistcha|Protect|p2a: Sinistcha
|-singleturn|p2a: Sinistcha|Protect
|move|p2b: Delphox|Heat Wave|p1b: Gardevoir|[spread] p1a,p1b
|-resisted|p1a: Talonflame|1
|-damage|p1a: Talonflame|1/100
|-damage|p1b: Gardevoir|0 fnt
|faint|p1b: Gardevoir
|move|p1a: Talonflame|Tailwind|p1a: Talonflame
|-sidestart|p1: kerzz49|move: Tailwind
|
|upkeep
|
|t:|1785424473
|switch|p1b: Basculegion|Basculegion, L50, M|100/100
|turn|6
|inactive|hicksmctaggart has 30 seconds left.
|
|t:|1785424506
|move|p2a: Sinistcha|Rage Powder|p2a: Sinistcha
|-singleturn|p2a: Sinistcha|move: Rage Powder
|move|p1a: Talonflame|Dual Wingbeat|p2a: Sinistcha
|-supereffective|p2a: Sinistcha|1
|-damage|p2a: Sinistcha|14/100
|-supereffective|p2a: Sinistcha|1
|-damage|p2a: Sinistcha|0 fnt
|faint|p2a: Sinistcha
|-hitcount|p2: Sinistcha|2
|-damage|p1a: Talonflame|0 fnt|[from] item: Life Orb
|faint|p1a: Talonflame
|move|p1b: Basculegion|Last Respects|p2b: Delphox
|-supereffective|p2b: Delphox|1
|-damage|p2b: Delphox|0 fnt
|faint|p2b: Delphox
|
|win|kerzz49
|raw|kerzz49's rating: 1267 → 1293(+26 for winning)
|raw|hicksmctaggart's rating: 1277 → 1251(-26 for losing)
|c|☆hicksmctaggart|gg
|c|☆kerzz49|gg
|l|☆hicksmctaggart
|player|p2|
