|j|☆the winking dol
|j|☆mariocansado
|html|the winking dolmariocansado    
|uhtml|bestof|Game 3 of a best-of-3
|t:|1756329736
|gametype|doubles
|player|p1|the winking dol|dawn|1094
|player|p2|mariocansado|arven-v|1135
|gen|9
|tier|[Gen 9] VGC 2025 Reg H (Bo3)
|rated|
|rule|Species Clause: Limit one of each Pokémon
|rule|Item Clause: Limit 1 of each item
|clearpoke
|poke|p1|Rillaboom, L50, M|
|poke|p1|Glimmora, L50, F|
|poke|p1|Farigiraf, L50, F|
|poke|p1|Tyranitar, L50, M|
|poke|p1|Kommo-o, L50, M|
|poke|p1|Gholdengo, L50|
|poke|p2|Gholdengo, L50|
|poke|p2|Rillaboom, L50, F|
|poke|p2|Dragapult, L50, M|
|poke|p2|Electabuzz, L50, F|
|poke|p2|Volcarona, L50, M|
|poke|p2|Gyarados, L50, F|
|teampreview|4
|showteam|p1|Rillaboom||MiracleSeed|GrassySurge|WoodHammer,GrassyGlide,HighHorsepower,FakeOut|||M|||50|,,,,,Poison]Glimmora||LifeOrb|ToxicDebris|PowerGem,EarthPower,SludgeWave,SpikyShield|||F|||50|,,,,,Ghost]Farigiraf||SitrusBerry|ArmorTail|Psychic,HyperVoice,FoulPlay,TrickRoom|||F|||50|,,,,,Dark]Tyranitar||AssaultVest|SandStream|RockSlide,KnockOff,LowKick,TeraBlast|||M|||50|,,,,,Ghost]Kommo-o||Leftovers|Overcoat|ClangingScales,AuraSphere,Flamethrower,ClangorousSoul|||M|||50|,,,,,Steel]Gholdengo||ChoiceScarf|GoodasGold|MakeItRain,ShadowBall,Trick,Protect||||||50|,,,,,Steel
|showteam|p2|Gholdengo||ChoiceScarf|GoodasGold|MakeItRain,ShadowBall,PowerGem,Trick||||||50|,,,,,Steel]Rillaboom||AssaultVest|GrassySurge|FakeOut,WoodHammer,GrassyGlide,Uturn|||F|||50|,,,,,Fire]Dragapult||ChoiceBand|ClearBody|DragonDarts,DragonClaw,PhantomForce,Uturn|||M|||50|,,,,,Dragon]Electabuzz||Eviolite|VitalSpirit|Electroweb,Taunt,FollowMe,Protect|||F|||50|,,,,,Ghost]Volcarona||Leftovers|FlameBody|HeatWave,QuiverDance,Protect,GigaDrain|||M|||50|,,,,,Grass]Gyarados||RockyHelmet|Intimidate|Waterfall,HelpingHand,ThunderWave,Protect|||F|||50|,,,,,Grass
|inactive|Battle timer is ON: inactive players will automatically lose when time's up. (requested by the winking dol)
|inactive|the winking dol has 60 seconds left.
|inactive|mariocansado has 60 seconds left.
|inactive|the winking dol has 30 seconds left.
|inactive|mariocansado has 30 seconds left.
|inactive|the winking dol has 20 seconds left.
|inactive|mariocansado has 20 seconds left.
|inactive|the winking dol has 15 seconds left.
|inactive|mariocansado has 15 seconds left.
|inactive|the winking dol has 10 seconds left.
|inactive|the winking dol has 5 seconds left.
|
|t:|1756329825
|teamsize|p1|4
|teamsize|p2|4
|start
|switch|p1a: Gholdengo|Gholdengo, L50|100/100
|switch|p1b: Glimmora|Glimmora, L50, F|100/100
|switch|p2a: Gholdengo|Gholdengo, L50|100/100
|switch|p2b: Volcarona|Volcarona, L50, M|100/100
|turn|1
|
|t:|1756329846
|switch|p1a: Tyranitar|Tyranitar, L50, M|100/100
|-weather|Sandstorm|[from] ability: Sand Stream|[of] p1a: Tyranitar
|-terastallize|p2a: Gholdengo|Steel
|move|p1b: Glimmora|Spiky Shield|p1b: Glimmora
|-singleturn|p1b: Glimmora|move: Protect
|move|p2a: Gholdengo|Make It Rain|p1a: Tyranitar|[spread] p1a
|-activate|p1b: Glimmora|move: Protect
|-supereffective|p1a: Tyranitar
|-damage|p1a: Tyranitar|48/100
|-unboost|p2a: Gholdengo|spa|1
|move|p2b: Volcarona|Quiver Dance|p2b: Volcarona
|-boost|p2b: Volcarona|spa|1
|-boost|p2b: Volcarona|spd|1
|-boost|p2b: Volcarona|spe|1
|
|-weather|Sandstorm|[upkeep]
|-damage|p2b: Volcarona|94/100|[from] Sandstorm
|-heal|p2b: Volcarona|100/100|[from] item: Leftovers
|upkeep
|turn|2
|inactive|the winking dol has 30 seconds left.
|inactive|mariocansado has 30 seconds left.
|
|t:|1756329876
|switch|p2a: Big Jerry|Rillaboom, L50, F|100/100
|-fieldstart|move: Grassy Terrain|[from] ability: Grassy Surge|[of] p2a: Big Jerry
|switch|p1a: Gholdengo|Gholdengo, L50|100/100
|-terastallize|p1b: Glimmora|Ghost
|move|p2b: Volcarona|Protect|p2b: Volcarona
|-singleturn|p2b: Volcarona|Protect
|move|p1b: Glimmora|Power Gem|p2b: Volcarona
|-activate|p2b: Volcarona|move: Protect
|
|-weather|Sandstorm|[upkeep]
|-damage|p2b: Volcarona|94/100|[from] Sandstorm
|-damage|p2a: Big Jerry|95/100|[from] Sandstorm
|-damage|p1b: Glimmora|95/100|[from] Sandstorm
|-heal|p2b: Volcarona|100/100|[from] Grassy Terrain
|-heal|p2a: Big Jerry|100/100|[from] Grassy Terrain
|-heal|p1b: Glimmora|100/100|[from] Grassy Terrain
|upkeep
|turn|3
|inactive|the winking dol has 30 seconds left.
|inactive|mariocansado has 30 seconds left.
|inactive|the winking dol has 20 seconds left.
|inactive|the winking dol has 15 seconds left.
|inactive|the winking dol has 10 seconds left.
|
|t:|1756329925
|move|p1a: Gholdengo|Shadow Ball|p2b: Volcarona
|-damage|p2b: Volcarona|75/100
|move|p2b: Volcarona|Heat Wave|p1b: Glimmora|[spread] p1a,p1b
|-supereffective|p1a: Gholdengo
|-damage|p1a: Gholdengo|0 fnt
|-damage|p1b: Glimmora|37/100
|faint|p1a: Gholdengo
|move|p2a: Big Jerry|Wood Hammer|p1b: Glimmora
|-damage|p1b: Glimmora|0 fnt
|-activate|p1b: Glimmora|ability: Toxic Debris
|-sidestart|p2: mariocansado|move: Toxic Spikes
|faint|p1b: Glimmora
|-damage|p2a: Big Jerry|89/100|[from] Recoil
|
|-weather|Sandstorm|[upkeep]
|-damage|p2b: Volcarona|69/100|[from] Sandstorm
|-damage|p2a: Big Jerry|83/100|[from] Sandstorm
|-heal|p2b: Volcarona|75/100|[from] Grassy Terrain
|-heal|p2b: Volcarona|82/100|[from] item: Leftovers
|-heal|p2a: Big Jerry|89/100|[from] Grassy Terrain
|upkeep
|
|t:|1756329936
|switch|p1a: Tyranitar|Tyranitar, L50, M|48/100
|switch|p1b: Farigiraf|Farigiraf, L50, F|100/100
|turn|4
|
|t:|1756329944
|move|p2b: Volcarona|Heat Wave|p1b: Farigiraf|[spread] p1a,p1b
|-resisted|p1a: Tyranitar
|-damage|p1a: Tyranitar|39/100
|-damage|p1b: Farigiraf|56/100
|move|p2a: Big Jerry|Wood Hammer|p1a: Tyranitar
|-supereffective|p1a: Tyranitar
|-damage|p1a: Tyranitar|0 fnt
|faint|p1a: Tyranitar
|-damage|p2a: Big Jerry|76/100|[from] Recoil
|move|p1b: Farigiraf|Trick Room|p1b: Farigiraf
|-fieldstart|move: Trick Room|[of] p1b: Farigiraf
|
|-weather|Sandstorm|[upkeep]
|-damage|p1b: Farigiraf|50/100|[from] Sandstorm
|-damage|p2a: Big Jerry|70/100|[from] Sandstorm
|-damage|p2b: Volcarona|75/100|[from] Sandstorm
|-enditem|p1b: Farigiraf|Sitrus Berry|[eat]
|-heal|p1b: Farigiraf|75/100|[from] item: Sitrus Berry
|-heal|p1b: Farigiraf|81/100|[from] Grassy Terrain
|-heal|p2a: Big Jerry|76/100|[from] Grassy Terrain
|-heal|p2b: Volcarona|82/100|[from] Grassy Terrain
|-heal|p2b: Volcarona|88/100|[from] item: Leftovers
|upkeep
|turn|5
|
|t:|1756329951
|move|p1b: Farigiraf|Hyper Voice|p2b: Volcarona|[spread] p2a,p2b
|-damage|p2a: Big Jerry|56/100
|-damage|p2b: Volcarona|72/100
|move|p2a: Big Jerry|Wood Hammer|p1b: Farigiraf
|-damage|p1b: Farigiraf|16/100
|-damage|p2a: Big Jerry|34/100|[from] Recoil
|move|p2b: Volcarona|Heat Wave|p1b: Farigiraf
|-damage|p1b: Farigiraf|0 fnt
|faint|p1b: Farigiraf
|
|win|mariocansado
|raw|the winking dol's rating: 1094 → 1073(-21 for losing)
|raw|mariocansado's rating: 1135 → 1157(+22 for winning)
|c|☆the winking dol|gg
