|j|☆NemoAK
|j|☆14#coder9
|html|NemoAK14#coder9    
|uhtml|bestof|Game 1 of a best-of-3
|t:|1786197005
|gametype|doubles
|player|p1|NemoAK|102|1296
|player|p2|14#coder9|unknown|1139
|gen|9
|tier|[Gen 9 Champions] VGC 2026 Reg M-B (Bo3)
|rated|
|rule|Species Clause: Limit one of each Pokémon
|rule|Item Clause: Limit 1 of each item
|clearpoke
|poke|p1|Staraptor, L50, M|
|poke|p1|Sylveon, L50, F|
|poke|p1|Basculegion, L50, M|
|poke|p1|Farigiraf, L50, M|
|poke|p1|Garchomp, L50, M|
|poke|p1|Camerupt, L50, M|
|poke|p2|Charizard, L50, M, shiny|
|poke|p2|Whimsicott, L50, M, shiny|
|poke|p2|Incineroar, L50, F|
|poke|p2|Garchomp, L50, M, shiny|
|poke|p2|Rotom-Wash, L50|
|poke|p2|Staraptor, L50, F, shiny|
|teampreview|4
|showteam|p1|Staraptor||Staraptite|Intimidate|CloseCombat,BraveBird,Tailwind,Protect|Jolly||M|||50|]Sylveon||FairyFeather|Pixilate|HyperVoice,HyperBeam,Yawn,Protect|Modest||F|||50|]Basculegion||ChoiceScarf|Adaptability|LastRespects,WaveCrash,AquaJet,FlipTurn|Adamant||M|||50|]Farigiraf||SitrusBerry|ArmorTail|Psychic,HyperVoice,TrickRoom,HelpingHand|Quiet||M|||50|]Garchomp||LifeOrb|RoughSkin|Earthquake,RockSlide,ScaleShot,Protect|Jolly||M|||50|]Camerupt||Cameruptite|MagmaArmor|HeatWave,EarthPower,AncientPower,Protect|Quiet||M|||50|
|showteam|p2|Charizard||CharizarditeY|Blaze|HeatWave,Overheat,SolarBeam,Protect|Modest||M|||50|]Whimsicott||FocusSash|Prankster|SunnyDay,Tailwind,Moonblast,Encore|Timid||M|||50|]Incineroar||ChopleBerry|Intimidate|FlareBlitz,PartingShot,FakeOut,ThroatChop|Careful||F|||50|]Garchomp||LifeOrb|RoughSkin|RockSlide,DragonClaw,Earthquake,Protect|Jolly||M|||50|]Rotom-Wash||SitrusBerry|Levitate|HydroPump,VoltSwitch,WillOWisp,Electroweb|Bold|||||50|]Staraptor||Staraptite|Intimidate|Protect,CloseCombat,BraveBird,Roost|Jolly||F|||50|
|inactive|Battle timer is ON: inactive players will automatically lose when time's up. (requested by 14#coder9)
|inactive|14#coder9 has 60 seconds left.
|inactive|14#coder9 has 30 seconds left.
|inactive|14#coder9 has 20 seconds left.
|inactive|14#coder9 has 15 seconds left.
|
|t:|1786197195
|teamsize|p1|4
|teamsize|p2|4
|start
|switch|p1a: Princess|Sylveon, L50, F|100/100
|switch|p1b: 6”3|Farigiraf, L50, M|100/100
|switch|p2a: Rotom|Rotom-Wash, L50|100/100
|switch|p2b: Whimsicott|Whimsicott, L50, M, shiny|100/100
|turn|1
|inactive|14#coder9 has 30 seconds left.
|inactive|14#coder9 has 20 seconds left.
|inactive|14#coder9 has 15 seconds left.
|
|t:|1786197236
|move|p2b: Whimsicott|Moonblast|p1b: 6”3
|-damage|p1b: 6”3|75/100
|move|p2a: Rotom|Volt Switch|p1a: Princess
|-damage|p1a: Princess|80/100
|
|t:|1786197242
|switch|p2a: Charizard|Charizard, L50, M, shiny|100/100|[from] Volt Switch
|move|p1a: Princess|Hyper Voice|p2a: Charizard|[spread] p2a,p2b
|-resisted|p2a: Charizard|1
|-damage|p2a: Charizard|70/100
|-damage|p2b: Whimsicott|38/100
|move|p1b: 6”3|Trick Room|p1b: 6”3
|-fieldstart|move: Trick Room|[of] p1b: 6”3
|
|upkeep
|turn|2
|
|t:|1786197263
|switch|p1b: Pompei|Camerupt, L50, M|100/100
|detailschange|p2a: Charizard|Charizard-Mega-Y, L50, M, shiny
|-mega|p2a: Charizard|Charizard|Charizardite Y
|-weather|SunnyDay|[from] ability: Drought|[of] p2a: Charizard
|move|p2b: Whimsicott|Encore||[still]
|-fail|p2b: Whimsicott
|move|p1a: Princess|Hyper Voice|p2a: Charizard|[spread] p2a,p2b
|-resisted|p2a: Charizard|1
|-damage|p2a: Charizard|48/100
|-damage|p2b: Whimsicott|0 fnt
|faint|p2b: Whimsicott
|move|p2a: Charizard|Heat Wave|p1b: Pompei|[spread] p1a,p1b
|-resisted|p1b: Pompei|1
|-damage|p1a: Princess|23/100
|-damage|p1b: Pompei|52/100
|
|-weather|SunnyDay|[upkeep]
|upkeep
|inactive|14#coder9 has 30 seconds left.
|
|t:|1786197294
|switch|p2b: Rotom|Rotom-Wash, L50|100/100
|turn|3
|
|t:|1786197300
|detailschange|p1b: Pompei|Camerupt-Mega, L50, M
|-mega|p1b: Pompei|Camerupt|Cameruptite
|move|p2a: Charizard|Protect|p2a: Charizard
|-singleturn|p2a: Charizard|Protect
|move|p1b: Pompei|Heat Wave|p2b: Rotom|[spread] p2b
|-activate|p2a: Charizard|move: Protect
|-resisted|p2b: Rotom|1
|-damage|p2b: Rotom|53/100
|move|p1a: Princess|Hyper Beam|p2b: Rotom
|-damage|p2b: Rotom|0 fnt
|-mustrecharge|p1a: Princess
|faint|p2b: Rotom
|
|-weather|SunnyDay|[upkeep]
|upkeep
|
|t:|1786197312
|switch|p2b: Garchomp|Garchomp, L50, M, shiny|100/100
|turn|4
|
|t:|1786197336
|move|p1b: Pompei|Ancient Power|p2a: Charizard
|-supereffective|p2a: Charizard|2
|-damage|p2a: Charizard|0 fnt
|faint|p2a: Charizard
|cant|p1a: Princess|recharge
|move|p2b: Garchomp|Earthquake|p1a: Princess|[spread] p1a,p1b
|-supereffective|p1b: Pompei|1
|-damage|p1a: Princess|0 fnt
|-damage|p1b: Pompei|0 fnt
|faint|p1a: Princess
|faint|p1b: Pompei
|-damage|p2b: Garchomp|90/100|[from] item: Life Orb
|
|-weather|SunnyDay|[upkeep]
|upkeep
|
|t:|1786197339
|switch|p1b: 6”3|Farigiraf, L50, M|75/100
|switch|p1a: Toothless|Garchomp, L50, M|100/100
|turn|5
|
|t:|1786197362
|move|p1a: Toothless|Protect|p1a: Toothless
|-singleturn|p1a: Toothless|Protect
|move|p2b: Garchomp|Protect|p2b: Garchomp
|-singleturn|p2b: Garchomp|Protect
|move|p1b: 6”3|Psychic|p2b: Garchomp
|-activate|p2b: Garchomp|move: Protect
|
|-weather|SunnyDay|[upkeep]
|-fieldend|move: Trick Room
|upkeep
|turn|6
|
|t:|1786197383
|move|p2b: Garchomp|Dragon Claw|p1a: Toothless
|-supereffective|p1a: Toothless|1
|-damage|p1a: Toothless|0 fnt
|-damage|p2b: Garchomp|77/100|[from] ability: Rough Skin|[of] p1a: Toothless
|faint|p1a: Toothless
|-damage|p2b: Garchomp|68/100|[from] item: Life Orb
|move|p1b: 6”3|Psychic|p2b: Garchomp
|-damage|p2b: Garchomp|25/100
|
|-weather|none
|upkeep
|turn|7
|
|t:|1786197395
|move|p2b: Garchomp|Rock Slide|p1b: 6”3|[miss]
|-miss|p2b: Garchomp|p1b: 6”3
|move|p1b: 6”3|Psychic|p2b: Garchomp
|-damage|p2b: Garchomp|0 fnt
|faint|p2b: Garchomp
|
|win|NemoAK
||NemoAK is ready for game 2.
|inactive|14#coder9 has 30 seconds to confirm battle start!
|inactive|14#coder9 has 20 seconds to confirm battle start!
|inactive|14#coder9 has 10 seconds to confirm battle start!
|uhtml|next|Next: Game 2 of 3
