|j|☆dipiisabum
|j|☆52Bomboclat
|html|dipiisabum52Bomboclat    
|uhtml|bestof|Game 2 of a best-of-3
|t:|1785220379
|gametype|doubles
|player|p1|dipiisabum|266|
|player|p2|52Bomboclat|hiker-gen4|
|gen|9
|tier|[Gen 9 Champions] VGC 2026 Reg M-B (Bo3)
|rule|Species Clause: Limit one of each Pokémon
|rule|Item Clause: Limit 1 of each item
|clearpoke
|poke|p1|Raichu, L50, M, shiny|
|poke|p1|Corviknight, L50, F|
|poke|p1|Glimmora, L50, F|
|poke|p1|Venusaur, L50, F|
|poke|p1|Kingambit, L50, F, shiny|
|poke|p1|Charizard, L50, F, shiny|
|poke|p2|Morpeko, L50, F, shiny|
|poke|p2|Clefable, L50, F, shiny|
|poke|p2|Garchomp, L50, M|
|poke|p2|Gengar, L50, M, shiny|
|poke|p2|Slowbro-Galar, L50, F|
|poke|p2|Rotom-Heat, L50|
|teampreview|4
|showteam|p1|Raichu||ShucaBerry|LightningRod|VoltSwitch,FakeOut,Nuzzle,HelpingHand|Modest||M|||50|]Corviknight||OccaBerry|MirrorArmor|IronDefense,BodyPress,Protect,IronHead|Careful||F|||50|]Glimmora||Leftovers|ToxicDebris|SpikyShield,Spikes,MortalSpin,SludgeBomb|Modest||F|||50|]Venusaur||KingsRock|Chlorophyll|SleepPowder,EarthPower,GigaDrain,Protect|Modest||F|||50|]Kingambit||BlackGlasses|Defiant|Protect,KowtowCleave,SuckerPunch,IronHead|Adamant||F|||50|]Charizard||CharizarditeY|Blaze|HeatWave,WeatherBall,Protect,SolarBeam|Modest||F|||50|
|showteam|p2|Morpeko||BlackGlasses|HungerSwitch|PartingShot,FakeOut,AuraWheel,Protect|Adamant||F|||50|]Clefable||Clefablite|Unaware|FollowMe,HelpingHand,Moonblast,Protect|Calm||F|||50|]Garchomp||LifeOrb|RoughSkin|RockSlide,DragonClaw,Protect,Bulldoze|Adamant||M|||50|]Gengar||Gengarite|CursedBody|PerishSong,ShadowBall,Protect,FocusBlast|Modest||M|||50|]Slowbro-Galar||QuickClaw|QuickDraw|ShellSideArm,Psychic,Protect,SlackOff|Sassy||F|||50|]Rotom-Heat||ChoiceScarf|Levitate|Overheat,Protect,Thunderbolt,NastyPlot|Modest|||||50|
|j| blockything
|
|t:|1785220407
|teamsize|p1|4
|teamsize|p2|4
|start
|switch|p1a: Channie|Venusaur, L50, F|100/100
|switch|p1b: Wang|Kingambit, L50, F, shiny|100/100
|switch|p2a: Bomboclat 1|Gengar, L50, M, shiny|100/100
|switch|p2b: Bomboclat 2|Morpeko, L50, F, shiny|100/100
|turn|1
|
|t:|1785220455
|detailschange|p2a: Bomboclat 1|Gengar-Mega, L50, M, shiny
|-mega|p2a: Bomboclat 1|Gengar|Gengarite
|move|p2b: Bomboclat 2|Fake Out|p1a: Channie
|-damage|p1a: Channie|86/100
|move|p2a: Bomboclat 1|Perish Song|p2a: Bomboclat 1
|-start|p1a: Channie|perish3|[silent]
|-start|p1b: Wang|perish3|[silent]
|-start|p2a: Bomboclat 1|perish3|[silent]
|-start|p2b: Bomboclat 2|perish3|[silent]
|-fieldactivate|move: Perish Song
|cant|p1a: Channie|flinch
|move|p1b: Wang|Kowtow Cleave|p2b: Bomboclat 2
|-resisted|p2b: Bomboclat 2|1
|-damage|p2b: Bomboclat 2|46/100
|
|-start|p2a: Bomboclat 1|perish3
|-start|p2b: Bomboclat 2|perish3
|-start|p1a: Channie|perish3
|-start|p1b: Wang|perish3
|-formechange|p2b: Bomboclat 2|Morpeko-Hangry|
|upkeep
|turn|2
|j| dragongoggl
|
|t:|1785220510
|move|p2a: Bomboclat 1|Protect|p2a: Bomboclat 1
|-singleturn|p2a: Bomboclat 1|Protect
|move|p1a: Channie|Protect|p1a: Channie
|-singleturn|p1a: Channie|Protect
|move|p2b: Bomboclat 2|Aura Wheel|p1b: Wang
|-resisted|p1b: Wang|1
|-damage|p1b: Wang|77/100
|-boost|p2b: Bomboclat 2|spe|1
|move|p1b: Wang|Iron Head|p2b: Bomboclat 2
|-resisted|p2b: Bomboclat 2|1
|-damage|p2b: Bomboclat 2|9/100
|
|-start|p2b: Bomboclat 2|perish2
|-start|p2a: Bomboclat 1|perish2
|-start|p1a: Channie|perish2
|-start|p1b: Wang|perish2
|-formechange|p2b: Bomboclat 2|Morpeko|
|upkeep
|turn|3
|
|t:|1785220562
|switch|p2a: Untitled|Clefable, L50, F, shiny|100/100
|move|p2b: Bomboclat 2|Protect|p2b: Bomboclat 2
|-singleturn|p2b: Bomboclat 2|Protect
|move|p1b: Wang|Protect|p1b: Wang
|-singleturn|p1b: Wang|Protect
|move|p1a: Channie|Sleep Powder|p2b: Bomboclat 2
|-activate|p2b: Bomboclat 2|move: Protect
|
|-start|p2b: Bomboclat 2|perish1
|-start|p1a: Channie|perish1
|-start|p1b: Wang|perish1
|-formechange|p2b: Bomboclat 2|Morpeko-Hangry|
|upkeep
|turn|4
|
|t:|1785220621
|move|p2a: Untitled|Protect|p2a: Untitled
|-singleturn|p2a: Untitled|Protect
|move|p1b: Wang|Protect|p1b: Wang
|-singleturn|p1b: Wang|Protect
|move|p2b: Bomboclat 2|Parting Shot|p1a: Channie
|-unboost|p1a: Channie|atk|1
|-unboost|p1a: Channie|spa|1
|
|t:|1785220631
|switch|p2b: Bomboclat 1|Gengar-Mega, L50, M, shiny|100/100|[from] Parting Shot
|move|p1a: Channie|Giga Drain|p2b: Bomboclat 1
|-resisted|p2b: Bomboclat 1|1
|-damage|p2b: Bomboclat 1|87/100
|-heal|p1a: Channie|92/100|[from] drain|[of] p2b: Bomboclat 1
|
|-start|p1a: Channie|perish0
|-start|p1b: Wang|perish0
|faint|p1a: Channie
|faint|p1b: Wang
|upkeep
|
|t:|1785220651
|switch|p1a: Riri|Raichu, L50, M, shiny|100/100
|switch|p1b: Cornelle|Corviknight, L50, F|100/100
|turn|5
|j| Picky_Cough
|
|t:|1785220807
|move|p1a: Riri|Fake Out|p2a: Untitled
|-crit|p2a: Untitled
|-damage|p2a: Untitled|86/100
|move|p2b: Bomboclat 1|Shadow Ball|p1b: Cornelle
|-crit|p1b: Cornelle
|-damage|p1b: Cornelle|41/100
|-ability|p1b: Cornelle|Mirror Armor
|-unboost|p2b: Bomboclat 1|spd|1
|move|p1b: Cornelle|Iron Head|p2b: Bomboclat 1
|-damage|p2b: Bomboclat 1|47/100
|cant|p2a: Untitled|flinch
|
|upkeep
|turn|6
|
|t:|1785220859
|switch|p2a: Jim|Garchomp, L50, M|100/100
|move|p2b: Bomboclat 1|Shadow Ball|p1b: Cornelle
|-damage|p1b: Cornelle|1/100
|move|p1a: Riri|Nuzzle|p2a: Jim
|-immune|p2a: Jim
|move|p1b: Cornelle|Iron Head|p2b: Bomboclat 1
|-damage|p2b: Bomboclat 1|11/100
|
|upkeep
|turn|7
|
|t:|1785220891
|move|p1b: Cornelle|Protect|p1b: Cornelle
|-singleturn|p1b: Cornelle|Protect
|move|p2b: Bomboclat 1|Shadow Ball|p1a: Riri
|-damage|p1a: Riri|31/100
|move|p1a: Riri|Nuzzle|p2b: Bomboclat 1
|-damage|p2b: Bomboclat 1|5/100
|-status|p2b: Bomboclat 1|par
|move|p2a: Jim|Rock Slide|p1a: Riri|[spread] p1a
|-activate|p1b: Cornelle|move: Protect
|-damage|p1a: Riri|0 fnt
|faint|p1a: Riri
|-damage|p2a: Jim|90/100|[from] item: Life Orb
|
|upkeep
|turn|8
|
|t:|1785220915
|move|p1b: Cornelle|Protect||[still]
|-fail|p1b: Cornelle
|move|p2a: Jim|Dragon Claw|p1b: Cornelle
|-resisted|p1b: Cornelle|1
|-damage|p1b: Cornelle|0 fnt
|faint|p1b: Cornelle
|-damage|p2a: Jim|80/100|[from] item: Life Orb
|
|win|52Bomboclat
|inactive|dipiisabum has 30 seconds to confirm battle start!
|inactive|52Bomboclat has 30 seconds to confirm battle start!
