|j|☆Cubeaoz
|j|☆dsfrgfjhksdf4
|html|Cubeaozdsfrgfjhksdf4    
|uhtml|bestof|Game 1 of a best-of-3
|t:|1782980730
|gametype|doubles
|player|p1|Cubeaoz|266|1087
|player|p2|dsfrgfjhksdf4|169|1000
|gen|9
|tier|[Gen 9 Champions] VGC 2026 Reg M-B (Bo3)
|rated|
|rule|Species Clause: Limit one of each Pokémon
|rule|Item Clause: Limit 1 of each item
|clearpoke
|poke|p1|Eelektross, L50, M|
|poke|p1|Garchomp, L50, M|
|poke|p1|Grimmsnarl, L50, M|
|poke|p1|Glimmora, L50, M|
|poke|p1|Rotom-Heat, L50|
|poke|p1|Sinistcha, L50|
|poke|p2|Pelipper, L50, F|
|poke|p2|Archaludon, L50, M|
|poke|p2|Metagross, L50|
|poke|p2|Sableye, L50, M|
|poke|p2|Swampert, L50, F|
|poke|p2|Sinistcha, L50|
|teampreview|4
|showteam|p1|Eelektross||Eelektrossite|Levitate|Discharge,Thunderbolt,Protect,GigaDrain|Modest||M|||50|]Garchomp||LifeOrb|RoughSkin|Earthquake,RockSlide,Protect,DragonClaw|Jolly||M|||50|]Grimmsnarl||LightClay|Prankster|PartingShot,SpiritBreak,Reflect,LightScreen|Careful||M|||50|]Glimmora||Glimmoranite|ToxicDebris|PowerGem,SludgeBomb,Protect,EarthPower|Timid||M|||50|]Rotom-Heat||Leftovers|Levitate|Overheat,Thunderbolt,Protect,WillOWisp|Modest|||||50|]Sinistcha||SitrusBerry|Hospitality|MatchaGotcha,LifeDew,Protect,RagePowder|Bold|||||50|
|showteam|p2|Pelipper||FocusSash|Drizzle|WeatherBall,Hurricane,Protect,Tailwind|Modest||F|||50|]Archaludon||Leftovers|Stamina|DragonPulse,FlashCannon,ElectroShot,Protect|Calm||M|||50|]Metagross||Metagrossite|ClearBody|IronHead,BodyPress,PsychicFangs,Protect|Jolly|||||50|]Sableye||LightClay|Prankster|Quash,LightScreen,Reflect,RainDance|Careful||M|||50|]Swampert||Swampertite|Torrent|WaveCrash,HighHorsepower,IcePunch,Protect|Adamant||F|||50|]Sinistcha||SitrusBerry|Hospitality|MatchaGotcha,LifeDew,TrickRoom,RagePowder|Bold|||||50|
|inactive|Battle timer is ON: inactive players will automatically lose when time's up. (requested by dsfrgfjhksdf4)
|inactive|dsfrgfjhksdf4 has 60 seconds left.
|
|t:|1782980763
|teamsize|p1|4
|teamsize|p2|4
|start
|switch|p1a: Garchomp|Garchomp, L50, M|100/100
|switch|p1b: Eelektross|Eelektross, L50, M|100/100
|switch|p2a: Swampert|Swampert, L50, F|100/100
|switch|p2b: Pelipper|Pelipper, L50, F|100/100
|-weather|RainDance|[from] ability: Drizzle|[of] p2b: Pelipper
|turn|1
|
|t:|1782980787
|detailschange|p2a: Swampert|Swampert-Mega, L50, F
|-mega|p2a: Swampert|Swampert|Swampertite
|detailschange|p1b: Eelektross|Eelektross-Mega, L50, M
|-mega|p1b: Eelektross|Eelektross|Eelektrossite
|move|p2a: Swampert|Protect|p2a: Swampert
|-singleturn|p2a: Swampert|Protect
|move|p1a: Garchomp|Protect|p1a: Garchomp
|-singleturn|p1a: Garchomp|Protect
|move|p2b: Pelipper|Weather Ball|p1b: Eelektross
|-damage|p1b: Eelektross|34/100
|move|p1b: Eelektross|Giga Drain|p2a: Swampert
|-activate|p2a: Swampert|move: Protect
|
|-weather|RainDance|[upkeep]
|upkeep
|turn|2
|inactive|Cubeaoz has 30 seconds left.
|
|t:|1782980816
|switch|p1a: Grimmsnarl|Grimmsnarl, L50, M|100/100
|move|p2a: Swampert|Ice Punch|p1a: Grimmsnarl
|-damage|p1a: Grimmsnarl|69/100
|move|p2b: Pelipper|Weather Ball|p1b: Eelektross
|-damage|p1b: Eelektross|0 fnt
|faint|p1b: Eelektross
|
|-weather|RainDance|[upkeep]
|upkeep
|
|t:|1782980826
|switch|p1b: Sinistcha|Sinistcha, L50|100/100
|-heal|p1a: Grimmsnarl|94/100|[from] ability: Hospitality|[of] p1b: Sinistcha
|turn|3
|
|t:|1782980834
|move|p1a: Grimmsnarl|Light Screen|p1a: Grimmsnarl
|-sidestart|p1: Cubeaoz|move: Light Screen
|move|p2a: Swampert|Ice Punch|p1b: Sinistcha
|-supereffective|p1b: Sinistcha|1
|-damage|p1b: Sinistcha|46/100
|-enditem|p1b: Sinistcha|Sitrus Berry|[eat]
|-heal|p1b: Sinistcha|70/100|[from] item: Sitrus Berry
|move|p2b: Pelipper|Hurricane|p1b: Sinistcha
|-supereffective|p1b: Sinistcha|1
|-damage|p1b: Sinistcha|10/100
|-start|p1b: Sinistcha|confusion
|-activate|p1b: Sinistcha|confusion
|move|p1b: Sinistcha|Matcha Gotcha|p2b: Pelipper|[spread] p2a,p2b
|-supereffective|p2a: Swampert|2
|-damage|p2a: Swampert|11/100
|-heal|p1b: Sinistcha|53/100|[from] drain|[of] p2a: Swampert
|-damage|p2b: Pelipper|57/100
|-heal|p1b: Sinistcha|70/100|[from] drain|[of] p2b: Pelipper
|-status|p2b: Pelipper|brn
|
|-weather|RainDance|[upkeep]
|-damage|p2b: Pelipper|51/100 brn|[from] brn
|upkeep
|turn|4
|inactive|Cubeaoz has 30 seconds left.
|inactive|dsfrgfjhksdf4 has 30 seconds left.
|
|t:|1782980864
|switch|p2a: Archaludon|Archaludon, L50, M|100/100
|-activate|p1b: Sinistcha|confusion
|-damage|p1b: Sinistcha|64/100|[from] confusion
|move|p2b: Pelipper|Hurricane|p1b: Sinistcha
|-supereffective|p1b: Sinistcha|1
|-damage|p1b: Sinistcha|3/100
|move|p1a: Grimmsnarl|Spirit Break|p2b: Pelipper
|-damage|p2b: Pelipper|12/100 brn
|-unboost|p2b: Pelipper|spa|1
|
|-weather|RainDance|[upkeep]
|-damage|p2b: Pelipper|6/100 brn|[from] brn
|upkeep
|turn|5
|
|t:|1782980887
|-activate|p1b: Sinistcha|confusion
|-damage|p1b: Sinistcha|0 fnt|[from] confusion
|faint|p1b: Sinistcha
|move|p2a: Archaludon|Electro Shot||[still]
|-prepare|p2a: Archaludon|Electro Shot
|-boost|p2a: Archaludon|spa|1
|-anim|p2a: Archaludon|Electro Shot|p1a: Grimmsnarl
|-damage|p1a: Grimmsnarl|57/100
|move|p2b: Pelipper|Tailwind|p2b: Pelipper
|-sidestart|p2: dsfrgfjhksdf4|move: Tailwind
|move|p1a: Grimmsnarl|Spirit Break|p2a: Archaludon
|-damage|p2a: Archaludon|79/100
|-unboost|p2a: Archaludon|spa|1
|-ability|p2a: Archaludon|Stamina|boost
|-boost|p2a: Archaludon|def|1
|
|-weather|none
|-heal|p2a: Archaludon|85/100|[from] item: Leftovers
|-damage|p2b: Pelipper|1/100 brn|[from] brn
|upkeep
|
|t:|1782980889
|switch|p1b: Garchomp|Garchomp, L50, M|100/100
|turn|6
|
|t:|1782980912
|switch|p2b: Sinistcha|Sinistcha, L50|100/100
|-heal|p2a: Archaludon|100/100|[from] ability: Hospitality|[of] p2b: Sinistcha
|move|p2a: Archaludon|Flash Cannon|p1a: Grimmsnarl
|-supereffective|p1a: Grimmsnarl|1
|-damage|p1a: Grimmsnarl|15/100
|move|p1b: Garchomp|Dragon Claw|p2a: Archaludon
|-damage|p2a: Archaludon|71/100
|-ability|p2a: Archaludon|Stamina|boost
|-boost|p2a: Archaludon|def|1
|-damage|p1b: Garchomp|90/100|[from] item: Life Orb
|move|p1a: Grimmsnarl|Spirit Break|p2a: Archaludon
|-damage|p2a: Archaludon|58/100
|-unboost|p2a: Archaludon|spa|1
|-ability|p2a: Archaludon|Stamina|boost
|-boost|p2a: Archaludon|def|1
|
|-heal|p2a: Archaludon|65/100|[from] item: Leftovers
|upkeep
|turn|7
|-message|Cubeaoz forfeited.
|raw|Cubeaoz's rating: 1087 → 1058(-29 for losing)
|raw|dsfrgfjhksdf4's rating: 1000 → 1050(+50 for winning)
|
|win|dsfrgfjhksdf4
