|j|☆redx50
|j|☆viatles
|html|redx50viatles    
|uhtml|bestof|Game 2 of a best-of-3
|t:|1783450099
|gametype|doubles
|player|p1|redx50|red|1240
|player|p2|viatles|hiker|1146
|gen|9
|tier|[Gen 9 Champions] VGC 2026 Reg M-B (Bo3)
|rated|
|rule|Species Clause: Limit one of each Pokémon
|rule|Item Clause: Limit 1 of each item
|clearpoke
|poke|p1|Altaria, L50, F|
|poke|p1|Farigiraf, L50, F|
|poke|p1|Hydreigon, L50, M|
|poke|p1|Tinkaton, L50, F, shiny|
|poke|p1|Greninja, L50, M|
|poke|p1|Arcanine-Hisui, L50, F|
|poke|p2|Beedrill, L50, F, shiny|
|poke|p2|Milotic, L50, M, shiny|
|poke|p2|Farigiraf, L50, F|
|poke|p2|Sinistcha, L50|
|poke|p2|Kingambit, L50, M|
|poke|p2|Diggersby, L50, F|
|teampreview|4
|showteam|p1|Altaria||Altarianite|CloudNine|Protect,HyperVoice,DragonPulse,Haze|Modest||F|||50|]Farigiraf||ColburBerry|ArmorTail|HelpingHand,TrickRoom,PsychicNoise,FoulPlay|Bold||F|||50|]Hydreigon||ChoiceScarf|Levitate|DracoMeteor,DarkPulse,Snarl,EarthPower|Modest||M|||50|]Tinkaton||SitrusBerry|MoldBreaker|FakeOut,PlayRough,Feint,GigatonHammer|Adamant||F|||50|]Greninja||Greninjite|Protean|IcyWind,GrassKnot,Extrasensory,Protect|Timid||M|||50|]Arcanine-Hisui||LifeOrb|Intimidate|RockSlide,FlareBlitz,ExtremeSpeed,Protect|Adamant||F|||50|
|showteam|p2|Beedrill||Beedrillite|Swarm|Uturn,DrillRun,PoisonJab,Protect|Jolly||F|||50|]Milotic||Leftovers|Competitive|Scald,IcyWind,Protect,LifeDew|Bold||M|||50|]Farigiraf||ColburBerry|ArmorTail|TrickRoom,Thunderbolt,TwinBeam,HelpingHand|Bold||F|||50|]Sinistcha||SitrusBerry|Hospitality|MatchaGotcha,RagePowder,Imprison,TrickRoom|Bold|||||50|]Kingambit||BlackGlasses|Defiant|SuckerPunch,Protect,KowtowCleave,LowKick|Adamant||M|||50|]Diggersby||LifeOrb|HugePower|RockSlide,Earthquake,Protect,QuickAttack|Adamant||F|||50|
|inactive|Battle timer is ON: inactive players will automatically lose when time's up. (requested by redx50)
|c|☆viatles|that para really came back to bite me XD
|inactive|redx50 has 60 seconds left.
|
|t:|1783450155
|teamsize|p1|4
|teamsize|p2|4
|start
|switch|p1a: Greninja|Greninja, L50, M|100/100
|switch|p1b: Bacon|Tinkaton, L50, F, shiny|100/100
|switch|p2a: Malsumas|Beedrill, L50, F, shiny|100/100
|switch|p2b: Sinistcha|Sinistcha, L50|100/100
|-ability|p1b: Bacon|Mold Breaker
|turn|1
|inactive|viatles has 30 seconds left.
|
|t:|1783450184
|detailschange|p2a: Malsumas|Beedrill-Mega, L50, F, shiny
|-mega|p2a: Malsumas|Beedrill|Beedrillite
|move|p2a: Malsumas|Protect|p2a: Malsumas
|-singleturn|p2a: Malsumas|Protect
|move|p1b: Bacon|Fake Out|p2a: Malsumas
|-activate|p2a: Malsumas|move: Protect
|move|p1a: Greninja|Icy Wind|p2a: Malsumas|[spread] p2b
|-start|p1a: Greninja|typechange|Ice|[from] ability: Protean
|-activate|p2a: Malsumas|move: Protect
|-supereffective|p2b: Sinistcha|1
|-damage|p2b: Sinistcha|62/100
|-unboost|p2b: Sinistcha|spe|1
|move|p2b: Sinistcha|Matcha Gotcha|p1b: Bacon|[spread] p1a
|-miss|p2b: Sinistcha|p1b: Bacon
|-damage|p1a: Greninja|63/100
|-heal|p2b: Sinistcha|78/100|[from] drain|[of] p1a: Greninja
|
|upkeep
|turn|2
|
|t:|1783450208
|switch|p1a: Arcanine|Arcanine-Hisui, L50, F|100/100
|-ability|p1a: Arcanine|Intimidate|boost
|-unboost|p2a: Malsumas|atk|1
|-unboost|p2b: Sinistcha|atk|1
|move|p2a: Malsumas|U-turn|p1b: Bacon
|-resisted|p1b: Bacon|2
|-damage|p1b: Bacon|90/100
|
|t:|1783450218
|switch|p2a: Farigiraf|Farigiraf, L50, F|100/100|[from] U-turn
|move|p1b: Bacon|Gigaton Hammer|p2a: Farigiraf
|-damage|p2a: Farigiraf|56/100
|move|p2b: Sinistcha|Matcha Gotcha|p1b: Bacon|[spread] p1b
|-miss|p2b: Sinistcha|p1a: Arcanine
|-resisted|p1b: Bacon|1
|-damage|p1b: Bacon|79/100
|-heal|p2b: Sinistcha|84/100|[from] drain|[of] p1b: Bacon
|
|upkeep
|turn|3
|inactive|redx50 has 30 seconds left.
|
|t:|1783450243
|move|p2b: Sinistcha|Rage Powder|p2b: Sinistcha
|-singleturn|p2b: Sinistcha|move: Rage Powder
|move|p1a: Arcanine|Flare Blitz|p2b: Sinistcha
|-supereffective|p2b: Sinistcha|1
|-damage|p2b: Sinistcha|0 fnt
|faint|p2b: Sinistcha
|-damage|p1a: Arcanine|70/100|[from] Recoil
|-damage|p1a: Arcanine|60/100|[from] item: Life Orb
|move|p1b: Bacon|Play Rough|p2a: Farigiraf
|-damage|p2a: Farigiraf|29/100
|move|p2a: Farigiraf|Trick Room|p2a: Farigiraf
|-fieldstart|move: Trick Room|[of] p2a: Farigiraf
|
|upkeep
|
|t:|1783450255
|switch|p2b: Diggersby|Diggersby, L50, F|100/100
|turn|4
|
|t:|1783450263
|move|p1a: Arcanine|Protect|p1a: Arcanine
|-singleturn|p1a: Arcanine|Protect
|move|p2a: Farigiraf|Thunderbolt|p1b: Bacon
|-damage|p1b: Bacon|57/100
|move|p2b: Diggersby|Rock Slide|p1a: Arcanine|[spread] p1b
|-activate|p1a: Arcanine|move: Protect
|-resisted|p1b: Bacon|1
|-damage|p1b: Bacon|41/100
|-enditem|p1b: Bacon|Sitrus Berry|[eat]
|-heal|p1b: Bacon|66/100|[from] item: Sitrus Berry
|-damage|p2b: Diggersby|90/100|[from] item: Life Orb
|cant|p1b: Bacon|flinch
|
|upkeep
|turn|5
|inactive|viatles has 30 seconds left.
|
|t:|1783450288
|switch|p1a: Combo Breaker|Farigiraf, L50, F|100/100
|move|p2a: Farigiraf|Thunderbolt|p1b: Bacon
|-damage|p1b: Bacon|46/100
|move|p2b: Diggersby|Rock Slide|p1a: Combo Breaker|[spread] p1a,p1b
|-resisted|p1b: Bacon|1
|-damage|p1a: Combo Breaker|74/100
|-damage|p1b: Bacon|30/100
|-damage|p2b: Diggersby|80/100|[from] item: Life Orb
|move|p1b: Bacon|Gigaton Hammer|p2a: Farigiraf
|-damage|p2a: Farigiraf|0 fnt
|faint|p2a: Farigiraf
|
|upkeep
|
|t:|1783450301
|switch|p2a: Malsumas|Beedrill-Mega, L50, F, shiny|100/100
|turn|6
|
|t:|1783450316
|move|p2a: Malsumas|Protect|p2a: Malsumas
|-singleturn|p2a: Malsumas|Protect
|move|p1a: Combo Breaker|Foul Play|p2b: Diggersby
|-damage|p2b: Diggersby|53/100
|move|p2b: Diggersby|Earthquake|p1a: Combo Breaker|[spread] p1a,p1b
|-activate|p2a: Malsumas|move: Protect
|-supereffective|p1b: Bacon|1
|-damage|p1a: Combo Breaker|22/100
|-damage|p1b: Bacon|0 fnt
|faint|p1b: Bacon
|-damage|p2b: Diggersby|43/100|[from] item: Life Orb
|
|upkeep
|
|t:|1783450323
|switch|p1b: Arcanine|Arcanine-Hisui, L50, F|60/100
|-ability|p1b: Arcanine|Intimidate|boost
|-unboost|p2a: Malsumas|atk|1
|-unboost|p2b: Diggersby|atk|1
|turn|7
|inactive|viatles has 30 seconds left.
|inactive|redx50 has 30 seconds left.
|
|t:|1783450357
|move|p1b: Arcanine|Protect|p1b: Arcanine
|-singleturn|p1b: Arcanine|Protect
|move|p2a: Malsumas|Protect||[still]
|-fail|p2a: Malsumas
|move|p1a: Combo Breaker|Psychic Noise|p2a: Malsumas
|-supereffective|p2a: Malsumas|1
|-damage|p2a: Malsumas|11/100
|-start|p2a: Malsumas|move: Heal Block
|move|p2b: Diggersby|Earthquake|p1a: Combo Breaker|[spread] p2a,p1a
|-activate|p1b: Arcanine|move: Protect
|-damage|p2a: Malsumas|0 fnt
|-damage|p1a: Combo Breaker|0 fnt
|faint|p2a: Malsumas
|faint|p1a: Combo Breaker
|-damage|p2b: Diggersby|33/100|[from] item: Life Orb
|
|-fieldend|move: Trick Room
|upkeep
|
|t:|1783450358
|switch|p1a: Greninja|Greninja, L50, M|63/100
|turn|8
|c|☆viatles|ggs wp
|
|t:|1783450378
|detailschange|p1a: Greninja|Greninja-Mega, L50, M
|-mega|p1a: Greninja|Greninja|Greninjite
|move|p1b: Arcanine|Extreme Speed|p2b: Diggersby
|-damage|p2b: Diggersby|0 fnt
|faint|p2b: Diggersby
|-damage|p1b: Arcanine|50/100g|[from] item: Life Orb
|
|win|redx50
|raw|redx50's rating: 1240 → 1258(+18 for winning)
|raw|viatles's rating: 1146 → 1128(-18 for losing)
|c|☆redx50|Ggs
