|j|☆ApeEscapeForGC
|j|☆Chaotic Raos
|html|ApeEscapeForGCChaotic Raos    
|uhtml|bestof|Game 2 of a best-of-3
|t:|1757636360
|gametype|doubles
|player|p1|ApeEscapeForGC|101|
|player|p2|Chaotic Raos|bellelba|
|gen|9
|tier|[Gen 9] VGC 2025 Reg H (Bo3)
|rule|Species Clause: Limit one of each Pokémon
|rule|Item Clause: Limit 1 of each item
|clearpoke
|poke|p1|Dondozo, L50, F|
|poke|p1|Tatsugiri, L50, M|
|poke|p1|Gholdengo, L50|
|poke|p1|Sneasler, L50, M|
|poke|p1|Indeedee, L50, M|
|poke|p1|Whimsicott, L50, F|
|poke|p2|Tyranitar, L50, F|
|poke|p2|Sinistcha, L50|
|poke|p2|Talonflame, L50, F|
|poke|p2|Garchomp, L50, M|
|poke|p2|Gholdengo, L50|
|poke|p2|Primarina, L50, F|
|teampreview|4
|showteam|p1|Dondozo||Leftovers|Unaware|WaveCrash,Earthquake,Protect,OrderUp|||F|||50|,,,,,Grass]Tatsugiri||SafetyGoggles|Commander|MuddyWater,DracoMeteor,IcyWind,TeraBlast|||M|||50|,,,,,Normal]Gholdengo||LifeOrb|GoodasGold|MakeItRain,ShadowBall,Protect,NastyPlot||||||50|,,,,,Steel]Sneasler||PsychicSeed|Unburden|ThroatChop,CloseCombat,DireClaw,Protect|||M|||50|,,,,,Dark]Indeedee||FocusSash|PsychicSurge|ExpandingForce,TrickRoom,Imprison,TeraBlast|||M|||50|,,,,,Psychic]Whimsicott||CovertCloak|Prankster|Moonblast,Tailwind,LightScreen,HelpingHand|||F|||50|,,,,,Poison
|showteam|p2|Tyranitar||AssaultVest|SandStream|RockSlide,KnockOff,LowKick,TeraBlast|||F|||50|,,,,,Flying]Sinistcha||RockyHelmet|Hospitality|MatchaGotcha,RagePowder,StrengthSap,Protect||||||50|,,,,,Water]Talonflame||SafetyGoggles|GaleWings|BraveBird,Tailwind,WillOWisp,Protect|||F|||50|,,,,,Ghost]Garchomp||LifeOrb|RoughSkin|StompingTantrum,DragonClaw,RockSlide,Protect|||M|||50|,,,,,Steel]Gholdengo||Leftovers|GoodasGold|NastyPlot,Protect,MakeItRain,ShadowBall||||||50|,,,,,Water]Primarina||SitrusBerry|LiquidVoice|HyperVoice,Moonblast,Haze,Protect|||F|||50|,,,,,Poison
|
|t:|1757636377
|teamsize|p1|4
|teamsize|p2|4
|start
|switch|p1a: Sneasler|Sneasler, L50, M|100/100
|switch|p1b: Indeedee|Indeedee, L50, M|100/100
|switch|p2a: Brave Bird|Talonflame, L50, F|100/100
|switch|p2b: Chomper|Garchomp, L50, M|100/100
|-fieldstart|move: Psychic Terrain|[from] ability: Psychic Surge|[of] p1b: Indeedee
|-enditem|p1a: Sneasler|Psychic Seed
|-boost|p1a: Sneasler|spd|1|[from] item: Psychic Seed
|turn|1
|
|t:|1757636407
|switch|p1a: Dondozo|Dondozo, L50, F|100/100
|move|p2a: Brave Bird|Tailwind|p2a: Brave Bird
|-sidestart|p2: Chaotic Raos|move: Tailwind
|move|p2b: Chomper|Rock Slide|p1a: Dondozo|[spread] p1a,p1b
|-damage|p1a: Dondozo|83/100
|-damage|p1b: Indeedee|45/100
|-damage|p2b: Chomper|91/100|[from] item: Life Orb
|move|p1b: Indeedee|Expanding Force|p2b: Chomper|[spread] p2a,p2b
|-damage|p2a: Brave Bird|35/100
|-damage|p2b: Chomper|31/100
|
|-heal|p1a: Dondozo|89/100|[from] item: Leftovers
|upkeep
|turn|2
|
|t:|1757636430
|move|p2a: Brave Bird|Will-O-Wisp|p1a: Dondozo
|-status|p1a: Dondozo|brn
|move|p2b: Chomper|Dragon Claw|p1b: Indeedee
|-damage|p1b: Indeedee|0 fnt
|faint|p1b: Indeedee
|-damage|p2b: Chomper|21/100|[from] item: Life Orb
|move|p1a: Dondozo|Wave Crash|p2b: Chomper
|-damage|p2b: Chomper|0 fnt
|-damage|p1a: Dondozo|77/100 brn|[from] ability: Rough Skin|[of] p2b: Chomper
|faint|p2b: Chomper
|-damage|p1a: Dondozo|71/100 brn|[from] Recoil
|
|-heal|p1a: Dondozo|77/100 brn|[from] item: Leftovers
|-damage|p1a: Dondozo|71/100 brn|[from] brn
|upkeep
|
|t:|1757636445
|switch|p2b: Sipmantha|Sinistcha, L50|100/100
|switch|p1b: Sneasler|Sneasler, L50, M|100/100
|-heal|p2a: Brave Bird|60/100|[from] ability: Hospitality|[of] p2b: Sipmantha
|turn|3
|
|t:|1757636465
|-terastallize|p1b: Sneasler|Dark
|move|p2a: Brave Bird|Brave Bird|p1b: Sneasler
|-crit|p1b: Sneasler
|-damage|p1b: Sneasler|16/100
|-damage|p2a: Brave Bird|36/100|[from] Recoil
|move|p2b: Sipmantha|Matcha Gotcha|p1b: Sneasler|[spread] p1a,p1b
|-supereffective|p1a: Dondozo
|-damage|p1a: Dondozo|24/100 brn
|-damage|p1b: Sneasler|0 fnt
|faint|p1b: Sneasler
|move|p1a: Dondozo|Wave Crash|p2a: Brave Bird
|-supereffective|p2a: Brave Bird
|-damage|p2a: Brave Bird|0 fnt
|faint|p2a: Brave Bird
|-damage|p1a: Dondozo|14/100 brn|[from] Recoil
|
|-heal|p1a: Dondozo|20/100 brn|[from] item: Leftovers
|-damage|p1a: Dondozo|14/100 brn|[from] brn
|upkeep
|c|☆ApeEscapeForGC|that thing is fast
|c|☆Chaotic Raos|oof
|c|☆Chaotic Raos|You're Adamant Sneasler, aren't you?
|
|t:|1757636495
|switch|p2a: Siren|Primarina, L50, F|100/100
|switch|p1b: Gholdengo|Gholdengo, L50|100/100
|turn|4
|c|☆ApeEscapeForGC|yuuup
|c|☆ApeEscapeForGC|ooop
|
|t:|1757636510
|move|p1a: Dondozo|Protect|p1a: Dondozo
|-singleturn|p1a: Dondozo|Protect
|move|p2b: Sipmantha|Matcha Gotcha|p1b: Gholdengo|[spread] p1b
|-activate|p1a: Dondozo|move: Protect
|-resisted|p1b: Gholdengo
|-damage|p1b: Gholdengo|86/100
|move|p2a: Siren|Hyper Voice|p1a: Dondozo|[spread] p1b
|-activate|p1a: Dondozo|move: Protect
|-damage|p1b: Gholdengo|40/100
|move|p1b: Gholdengo|Nasty Plot|p1b: Gholdengo
|-boost|p1b: Gholdengo|spa|2
|
|-heal|p1a: Dondozo|20/100 brn|[from] item: Leftovers
|-damage|p1a: Dondozo|14/100 brn|[from] brn
|-sideend|p2: Chaotic Raos|move: Tailwind
|upkeep
|turn|5
|
|t:|1757636533
|-terastallize|p2b: Sipmantha|Water
|move|p1b: Gholdengo|Make It Rain|p2a: Siren|[spread] p2a,p2b
|-resisted|p2b: Sipmantha
|-damage|p2a: Siren|0 fnt
|-damage|p2b: Sipmantha|32/100
|-unboost|p1b: Gholdengo|spa|1
|faint|p2a: Siren
|-damage|p1b: Gholdengo|31/100|[from] item: Life Orb
|move|p2b: Sipmantha|Matcha Gotcha|p1b: Gholdengo|[spread] p1a,p1b
|-supereffective|p1a: Dondozo
|-resisted|p1b: Gholdengo
|-damage|p1a: Dondozo|0 fnt
|-heal|p2b: Sipmantha|40/100|[from] drain|[of] p1a: Dondozo
|-damage|p1b: Gholdengo|18/100
|-heal|p2b: Sipmantha|47/100|[from] drain|[of] p1b: Gholdengo
|faint|p1a: Dondozo
|
|-fieldend|move: Psychic Terrain
|upkeep
|turn|6
|c|☆ApeEscapeForGC|we will see
|
|t:|1757636551
|move|p1b: Gholdengo|Make It Rain|p2b: Sipmantha
|-resisted|p2b: Sipmantha
|-damage|p2b: Sipmantha|0 fnt
|-unboost|p1b: Gholdengo|spa|1
|faint|p2b: Sipmantha
|-damage|p1b: Gholdengo|8/100|[from] item: Life Orb
|
|win|ApeEscapeForGC
||Chaotic Raos is ready for game 3.
|c|☆ApeEscapeForGC|oooj
||ApeEscapeForGC is ready for game 3.
|uhtml|next|Next: Game 3 of 3
|j| pfizerlordozai
|j| yeetawheat
|l| yeetawheat
|l| pfizerlordozai
|l|☆ApeEscapeForGC
|player|p1|
