|j|â˜†Cesarnoouu
|j|â˜†DrunkPestoBirb
|html|CesarnoouuDrunkPestoBirb    
|uhtml|bestof|Game 2 of a best-of-3
|t:|1782419919
|gametype|doubles
|player|p1|Cesarnoouu|steven|1069
|player|p2|DrunkPestoBirb|1|1000
|gen|9
|tier|[Gen 9 Champions] VGC 2026 Reg M-B (Bo3)
|rated|
|rule|Species Clause: Limit one of each PokÃ©mon
|rule|Item Clause: Limit 1 of each item
|clearpoke
|poke|p1|Staraptor, L50, M, shiny|
|poke|p1|Sneasler, L50, F|
|poke|p1|Whimsicott, L50, F|
|poke|p1|Grimmsnarl, L50, M|
|poke|p1|Gholdengo, L50|
|poke|p1|Sinistcha, L50|
|poke|p2|Raichu, L50, M|
|poke|p2|Corviknight, L50, M|
|poke|p2|Sylveon, L50, M|
|poke|p2|Alcremie, L50, F|
|poke|p2|Arcanine-Hisui, L50, F|
|poke|p2|Oranguru, L50, F|
|teampreview|4
|showteam|p1|Staraptor||Staraptite|Intimidate|CloseCombat,Protect,BraveBird,Roost|Jolly||M|||50|]Sneasler||PayapaBerry|PoisonTouch|FakeOut,DireClaw,BrickBreak,Taunt|Jolly||F|||50|]Whimsicott||FocusSash|Prankster|Tailwind,Charm,Encore,DazzlingGleam|Serious||F|||50|]Grimmsnarl||LightClay|Prankster|LightScreen,Reflect,PartingShot,LashOut|Impish||M|||50|]Gholdengo||LifeOrb|GoodasGold|MakeItRain,FlashCannon,DazzlingGleam,NastyPlot|Timid|||||50|]Sinistcha||Leftovers|Hospitality|RagePowder,MatchaGotcha,ShadowBall,StrengthSap|Calm|||||50|
|showteam|p2|Raichu||RaichuniteY|LightningRod|ZapCannon,FocusBlast,GrassKnot,FakeOut|Hasty||M|||50|]Corviknight||Leftovers|MirrorArmor|BulkUp,Roost,BodyPress,BraveBird|Careful||M|||50|]Sylveon||BrightPowder|Pixilate|HyperVoice,Moonblast,Roar,Protect|Calm||M|||50|]Alcremie||SitrusBerry|AromaVeil|Decorate,Psychic,Protect,Recover|Calm||F|||50|]Arcanine-Hisui||HardStone|RockHead|HeadSmash,CloseCombat,FlareBlitz,WildCharge|Jolly||F|||50|]Oranguru||MentalHerb|InnerFocus|Instruct,TrickRoom,Taunt,Extrasensory|Sassy||F|||50|
|inactive|Battle timer is ON: inactive players will automatically lose when time's up. (requested by Cesarnoouu)
|
|t:|1782419940
|teamsize|p1|4
|teamsize|p2|4
|start
|switch|p1a: Staraptor|Staraptor, L50, M, shiny|100/100
|switch|p1b: Sneasler|Sneasler, L50, F|100/100
|switch|p2a: Raichu|Raichu, L50, M|100/100
|switch|p2b: Oranguru|Oranguru, L50, F|100/100
|-ability|p1a: Staraptor|Intimidate|boost
|-unboost|p2a: Raichu|atk|1
|-fail|p2b: Oranguru|unboost|Attack|[from] ability: Inner Focus|[of] p2b: Oranguru
|turn|1
|inactive|Cesarnoouu has 30 seconds left.
|inactive|DrunkPestoBirb has 30 seconds left.
|
|t:|1782419970
|detailschange|p2a: Raichu|Raichu-Mega-Y, L50, M
|-mega|p2a: Raichu|Raichu|Raichunite Y
|detailschange|p1a: Staraptor|Staraptor-Mega, L50, M, shiny
|-mega|p1a: Staraptor|Staraptor|Staraptite
|move|p1a: Staraptor|Protect|p1a: Staraptor
|-singleturn|p1a: Staraptor|Protect
|move|p2a: Raichu|Fake Out|p1a: Staraptor
|-activate|p1a: Staraptor|move: Protect
|move|p1b: Sneasler|Fake Out|p2b: Oranguru
|-damage|p2b: Oranguru|84/100
|move|p2b: Oranguru|Extrasensory|p1b: Sneasler
|-supereffective|p1b: Sneasler|2
|-enditem|p1b: Sneasler|Payapa Berry|[eat]
|-enditem|p1b: Sneasler|Payapa Berry|[weaken]
|-damage|p1b: Sneasler|26/100
|
|upkeep
|turn|2
|
|t:|1782419988
|move|p2a: Raichu|Zap Cannon|p1a: Staraptor
|-supereffective|p1a: Staraptor|1
|-damage|p1a: Staraptor|0 fnt
|faint|p1a: Staraptor
|move|p1b: Sneasler|Dire Claw|p2b: Oranguru
|-damage|p2b: Oranguru|39/100
|move|p2b: Oranguru|Instruct|p2a: Raichu
|-singleturn|p2a: Raichu|move: Instruct|[of] p2b: Oranguru
|move|p2a: Raichu|Zap Cannon|p1b: Sneasler
|-damage|p1b: Sneasler|0 fnt
|faint|p1b: Sneasler
|
|upkeep
|
|t:|1782420001
|switch|p1b: Grimmsnarl|Grimmsnarl, L50, M|100/100
|switch|p1a: Whimsicott|Whimsicott, L50, F|100/100
|turn|3
|
|t:|1782420014
|move|p1a: Whimsicott|Tailwind|p1a: Whimsicott
|-sidestart|p1: Cesarnoouu|move: Tailwind
|move|p2a: Raichu|Focus Blast|p1b: Grimmsnarl
|-damage|p1b: Grimmsnarl|47/100
|-unboost|p1b: Grimmsnarl|spd|1
|move|p1b: Grimmsnarl|Lash Out|p2b: Oranguru
|-supereffective|p2b: Oranguru|1
|-damage|p2b: Oranguru|0 fnt
|faint|p2b: Oranguru
|
|upkeep
|
|t:|1782420025
|switch|p2b: Alcremie|Alcremie, L50, F|100/100
|turn|4
|
|t:|1782420038
|move|p1b: Grimmsnarl|Light Screen|p1b: Grimmsnarl
|-sidestart|p1: Cesarnoouu|move: Light Screen
|move|p1a: Whimsicott|Dazzling Gleam|p2b: Alcremie|[spread] p2a,p2b
|-damage|p2a: Raichu|68/100
|-damage|p2b: Alcremie|85/100
|move|p2a: Raichu|Zap Cannon|p1b: Grimmsnarl
|-damage|p1b: Grimmsnarl|0 fnt
|faint|p1b: Grimmsnarl
|move|p2b: Alcremie|Decorate|p2a: Raichu
|-boost|p2a: Raichu|atk|2
|-boost|p2a: Raichu|spa|2
|
|upkeep
|turn|5
|
|t:|1782420053
|move|p1a: Whimsicott|Dazzling Gleam|p2a: Raichu|[spread] p2a,p2b
|-damage|p2a: Raichu|37/100
|-damage|p2b: Alcremie|72/100
|move|p2a: Raichu|Zap Cannon|p1a: Whimsicott
|-resisted|p1a: Whimsicott|1
|-damage|p1a: Whimsicott|38/100
|-status|p1a: Whimsicott|par
|move|p2b: Alcremie|Decorate|p2a: Raichu
|-boost|p2a: Raichu|atk|2
|-boost|p2a: Raichu|spa|2
|
|upkeep
|turn|6
|
|t:|1782420066
|move|p2a: Raichu|Zap Cannon|p1a: Whimsicott
|-resisted|p1a: Whimsicott|1
|-damage|p1a: Whimsicott|0 fnt
|faint|p1a: Whimsicott
|
|win|DrunkPestoBirb
||Cesarnoouu is ready for game 3.
|l|â˜†Cesarnoouu
|player|p1|
||DrunkPestoBirb is ready for game 3.
|uhtml|next|Next: Game 3 of 3
