|j|☆maza2
|j|☆PikaTROD
|html|maza2PikaTROD    
|uhtml|bestof|Game 1 of a best-of-3
|t:|1756445351
|gametype|doubles
|player|p1|maza2|roxie|1163
|player|p2|PikaTROD|169|1287
|gen|9
|tier|[Gen 9] VGC 2025 Reg H (Bo3)
|rated|
|rule|Species Clause: Limit one of each Pokémon
|rule|Item Clause: Limit 1 of each item
|clearpoke
|poke|p1|Politoed, L50, M|
|poke|p1|Kingdra, L50, F|
|poke|p1|Archaludon, L50, M|
|poke|p1|Gothitelle, L50, F|
|poke|p1|Incineroar, L50, M|
|poke|p1|Amoonguss, L50, M|
|poke|p2|Kingambit, L50, M|
|poke|p2|Primarina, L50, M|
|poke|p2|Sneasler, L50, M|
|poke|p2|Magmar, L50, M|
|poke|p2|Rillaboom, L50, M|
|poke|p2|Dragapult, L50, F|
|teampreview|4
|showteam|p1|Politoed||Leftovers|Drizzle|Encore,Protect,PerishSong,WeatherBall|||M|||50|,,,,,Grass]Kingdra||LifeOrb|SwiftSwim|MuddyWater,DracoMeteor,WeatherBall,Protect|||F|||50|,,,,,Stellar]Archaludon||PowerHerb|Sturdy|ElectroShot,DragonPulse,FlashCannon,Protect|||M|||50|,,,,,Electric]Gothitelle||SitrusBerry|ShadowTag|FakeOut,Psychic,Protect,TrickRoom|||F|||50|,,,,,Dark]Incineroar||SafetyGoggles|Intimidate|FakeOut,PartingShot,KnockOff,Protect|||M|||50|,,,,,Ghost]Amoonguss||EjectButton|Regenerator|PollenPuff,RagePowder,Spore,Protect|||M|||50|,,,,,Fairy
|showteam|p2|Kingambit||BlackGlasses|Defiant|KowtowCleave,SuckerPunch,SwordsDance,Protect|||M|||50|,,,,,Dark]Primarina||SitrusBerry|LiquidVoice|HyperVoice,Moonblast,Haze,Protect|||M|||50|,,,,,Water]Sneasler||FocusSash|Unburden|CloseCombat,DireClaw,FakeOut,Protect|||M|||50|,,,,,Ghost]Magmar||Eviolite|VitalSpirit|Overheat,WillOWisp,FollowMe,Protect|||M|||50|,,,,,Ghost]Rillaboom||AssaultVest|GrassySurge|WoodHammer,GrassyGlide,HighHorsepower,FakeOut|||M|||50|,,,,,Fire]Dragapult||ChoiceBand|ClearBody|DragonDarts,PhantomForce,Outrage,Uturn|||F|||50|,,,,,Dragon
|inactive|Battle timer is ON: inactive players will automatically lose when time's up. (requested by PikaTROD)
|
|t:|1756445428
|teamsize|p1|4
|teamsize|p2|4
|start
|switch|p1a: Politoed|Politoed, L50, M|100/100
|switch|p1b: Amoonguss|Amoonguss, L50, M, shiny|100/100
|switch|p2a: Dragapult|Dragapult, L50, F|100/100
|switch|p2b: Sneasler|Sneasler, L50, M|100/100
|-weather|RainDance|[from] ability: Drizzle|[of] p1a: Politoed
|turn|1
|
|t:|1756445451
|move|p1a: Politoed|Protect|p1a: Politoed
|-singleturn|p1a: Politoed|Protect
|move|p2b: Sneasler|Fake Out|p1b: Amoonguss
|-damage|p1b: Amoonguss|91/100
|-enditem|p1b: Amoonguss|Eject Button
|
|t:|1756445458
|switch|p1b: Archaludon|Archaludon, L50, M|100/100
|move|p2a: Dragapult|Dragon Darts|p1b: Archaludon
|-damage|p1b: Archaludon|64/100
|-anim|p2a: Dragapult|Dragon Darts|p1b: Archaludon
|-damage|p1b: Archaludon|30/100
|
|-weather|RainDance|[upkeep]
|upkeep
|turn|2
|
|t:|1756445485
|switch|p2b: Rillaboom|Rillaboom, L50, M|100/100
|-fieldstart|move: Grassy Terrain|[from] ability: Grassy Surge|[of] p2b: Rillaboom
|switch|p1b: Amoonguss|Amoonguss, L50, M, shiny|100/100
|move|p2a: Dragapult|Dragon Darts|p1a: Politoed
|-damage|p1a: Politoed|64/100
|-anim|p2a: Dragapult|Dragon Darts|p1b: Amoonguss
|-damage|p1b: Amoonguss|69/100
|move|p1a: Politoed|Perish Song|p1a: Politoed
|-start|p1a: Politoed|perish3|[silent]
|-start|p1b: Amoonguss|perish3|[silent]
|-start|p2a: Dragapult|perish3|[silent]
|-start|p2b: Rillaboom|perish3|[silent]
|-fieldactivate|move: Perish Song
|
|-weather|RainDance|[upkeep]
|-heal|p1a: Politoed|70/100|[from] Grassy Terrain
|-heal|p1a: Politoed|76/100|[from] item: Leftovers
|-heal|p1b: Amoonguss|75/100|[from] Grassy Terrain
|-start|p2a: Dragapult|perish3
|-start|p2b: Rillaboom|perish3
|-start|p1a: Politoed|perish3
|-start|p1b: Amoonguss|perish3
|upkeep
|turn|3
|inactive|maza2 has 30 seconds left.
|
|t:|1756445511
|switch|p2b: Sneasler|Sneasler, L50, M|100/100
|move|p1a: Politoed|Protect|p1a: Politoed
|-singleturn|p1a: Politoed|Protect
|move|p2a: Dragapult|Dragon Darts|p1b: Amoonguss
|-damage|p1b: Amoonguss|46/100
|-anim|p2a: Dragapult|Dragon Darts|p1b: Amoonguss
|-damage|p1b: Amoonguss|18/100
|move|p1b: Amoonguss|Spore|p2a: Dragapult
|-status|p2a: Dragapult|slp|[from] move: Spore
|
|-weather|RainDance|[upkeep]
|-heal|p1a: Politoed|82/100|[from] Grassy Terrain
|-heal|p1a: Politoed|88/100|[from] item: Leftovers
|-heal|p1b: Amoonguss|24/100|[from] Grassy Terrain
|-start|p2a: Dragapult|perish2
|-start|p1a: Politoed|perish2
|-start|p1b: Amoonguss|perish2
|upkeep
|turn|4
|inactive|maza2 has 30 seconds left.
|inactive|PikaTROD has 30 seconds left.
|
|t:|1756445550
|switch|p1b: Gothitelle|Gothitelle, L50, F|100/100
|cant|p2a: Dragapult|slp
|move|p2b: Sneasler|Dire Claw|p1b: Gothitelle
|-damage|p1b: Gothitelle|64/100
|-status|p1b: Gothitelle|psn
|move|p1a: Politoed|Weather Ball|p2b: Sneasler
|-damage|p2b: Sneasler|32/100
|
|-weather|RainDance|[upkeep]
|-heal|p2b: Sneasler|38/100|[from] Grassy Terrain
|-heal|p1a: Politoed|94/100|[from] Grassy Terrain
|-heal|p1a: Politoed|99/100|[from] item: Leftovers
|-heal|p1b: Gothitelle|69/100 psn|[from] Grassy Terrain
|-damage|p1b: Gothitelle|57/100 psn|[from] psn
|-start|p2a: Dragapult|perish1
|-start|p1a: Politoed|perish1
|upkeep
|turn|5
|inactive|maza2 has 30 seconds left.
|inactive|PikaTROD has 30 seconds left.
|
|t:|1756445582
|switch|p2a: Rillaboom|Rillaboom, L50, M|100/100
|switch|p1b: Archaludon|Archaludon, L50, M|30/100
|move|p2b: Sneasler|Protect|p2b: Sneasler
|-singleturn|p2b: Sneasler|Protect
|move|p1a: Politoed|Weather Ball|p2b: Sneasler
|-activate|p2b: Sneasler|move: Protect
|
|-weather|none
|-heal|p2b: Sneasler|44/100|[from] Grassy Terrain
|-heal|p1b: Archaludon|36/100|[from] Grassy Terrain
|-heal|p1a: Politoed|100/100|[from] Grassy Terrain
|-start|p1a: Politoed|perish0
|faint|p1a: Politoed
|upkeep
|
|t:|1756445587
|switch|p1a: Amoonguss|Amoonguss, L50, M, shiny|57/100
|turn|6
|inactive|maza2 has 30 seconds left.
|
|t:|1756445619
|move|p1b: Archaludon|Protect|p1b: Archaludon
|-singleturn|p1b: Archaludon|Protect
|move|p1a: Amoonguss|Protect|p1a: Amoonguss
|-singleturn|p1a: Amoonguss|Protect
|move|p2a: Rillaboom|Fake Out|p1a: Amoonguss
|-activate|p1a: Amoonguss|move: Protect
|move|p2b: Sneasler|Close Combat|p1b: Archaludon
|-activate|p1b: Archaludon|move: Protect
|
|-heal|p2b: Sneasler|50/100|[from] Grassy Terrain
|-heal|p1b: Archaludon|42/100|[from] Grassy Terrain
|-heal|p1a: Amoonguss|62/100|[from] Grassy Terrain
|-fieldend|move: Grassy Terrain
|upkeep
|turn|7
|
|t:|1756445640
|move|p2b: Sneasler|Protect|p2b: Sneasler
|-singleturn|p2b: Sneasler|Protect
|move|p1a: Amoonguss|Rage Powder|p1a: Amoonguss
|-singleturn|p1a: Amoonguss|move: Rage Powder
|move|p1b: Archaludon|Electro Shot||[still]
|-prepare|p1b: Archaludon|Electro Shot
|-boost|p1b: Archaludon|spa|1
|-enditem|p1b: Archaludon|Power Herb
|-anim|p1b: Archaludon|Electro Shot|p2b: Sneasler
|-activate|p2b: Sneasler|move: Protect
|move|p2a: Rillaboom|High Horsepower|p1b: Archaludon|[miss]
|-miss|p2a: Rillaboom|p1b: Archaludon
|
|upkeep
|turn|8
|
|t:|1756445662
|move|p1b: Archaludon|Protect|p1b: Archaludon
|-singleturn|p1b: Archaludon|Protect
|move|p2b: Sneasler|Dire Claw|p1a: Amoonguss
|-damage|p1a: Amoonguss|33/100
|-status|p1a: Amoonguss|par
|move|p2a: Rillaboom|High Horsepower|p1b: Archaludon
|-activate|p1b: Archaludon|move: Protect
|move|p1a: Amoonguss|Spore|p2b: Sneasler
|-status|p2b: Sneasler|slp|[from] move: Spore
|
|upkeep
|turn|9
|inactive|maza2 has 30 seconds left.
|inactive|maza2 has 20 seconds left.
|inactive|maza2 has 15 seconds left.
|inactive|maza2 has 10 seconds left.
|inactive|maza2 has 5 seconds left.
|
|t:|1756445717
|cant|p2b: Sneasler|slp
|move|p1b: Archaludon|Electro Shot||[still]
|-prepare|p1b: Archaludon|Electro Shot
|-boost|p1b: Archaludon|spa|1
|move|p2a: Rillaboom|High Horsepower|p1b: Archaludon
|-supereffective|p1b: Archaludon
|-damage|p1b: Archaludon|0 fnt
|faint|p1b: Archaludon
|move|p1a: Amoonguss|Pollen Puff|p2b: Sneasler
|-resisted|p2b: Sneasler
|-damage|p2b: Sneasler|44/100 slp
|
|upkeep
|-message|maza2 forfeited.
|
|win|PikaTROD
|l|☆maza2
|player|p1|
||PikaTROD is ready for game 2.
||maza2 is ready for game 2.
|uhtml|next|Next: Game 2 of 3
