|j|â˜†RelentlessRogue
|j|â˜†kojay
|html|RelentlessRoguekojay    
|uhtml|bestof|Game 3 of a best-of-3
|t:|1756522702
|gametype|doubles
|player|p1|RelentlessRogue|ethan|
|player|p2|kojay|kamado-armor|
|gen|9
|tier|[Gen 9] VGC 2025 Reg H (Bo3)
|rule|Species Clause: Limit one of each PokÃ©mon
|rule|Item Clause: Limit 1 of each item
|clearpoke
|poke|p1|Archaludon, L50, F|
|poke|p1|Pelipper, L50, F|
|poke|p1|Basculegion, L50, M|
|poke|p1|Rillaboom, L50, M|
|poke|p1|Electabuzz, L50, M|
|poke|p1|Kingambit, L50, F|
|poke|p2|Garchomp, L50, M|
|poke|p2|Sneasler, L50, M|
|poke|p2|Incineroar, L50, M|
|poke|p2|Dragonite, L50, F|
|poke|p2|Gholdengo, L50|
|poke|p2|Tyranitar, L50, M|
|teampreview|4
|showteam|p1|Archaludon||AssaultVest|Stamina|FlashCannon,DracoMeteor,ElectroShot,BodyPress|||F|||50|,,,,,Fairy]Pelipper||FocusSash|Drizzle|MuddyWater,Hurricane,Tailwind,Protect|||F|||50|,,,,,Ghost]Basculegion||ChoiceBand|SwiftSwim|WaveCrash,LastRespects,FlipTurn,AquaJet|||M|||50|,,,,,Water]Rillaboom||LoadedDice|GrassySurge|BulletSeed,GrassyGlide,FakeOut,HighHorsepower|||M|||50|,,,,,Fire]Electabuzz||Eviolite|VitalSpirit|Electroweb,Taunt,FollowMe,Protect|||M|||50|,,,,,Ghost]Kingambit||BlackGlasses|Defiant|KowtowCleave,SuckerPunch,SwordsDance,Protect|||F|||50|,,,,,Dark
|showteam|p2|Garchomp||LifeOrb|RoughSkin|Earthquake,DragonClaw,StompingTantrum,Protect|||M|||50|,,,,,Ground]Sneasler||WhiteHerb|Unburden|Coaching,Protect,DireClaw,CloseCombat|||M|||50|,,,,,Ghost]Incineroar||SafetyGoggles|Intimidate|FakeOut,FlareBlitz,KnockOff,PartingShot|||M|||50|,,,,,Ghost]Dragonite||LoadedDice|InnerFocus|TeraBlast,ScaleShot,Tailwind,Protect|||F|||50|,,,,,Flying]Gholdengo||ChoiceScarf|GoodasGold|MakeItRain,ShadowBall,Trick,Thunderbolt||||||50|,,,,,Steel]Tyranitar||AssaultVest|SandStream|RockSlide,TeraBlast,Assurance,LowKick|||M|||50|,,,,,Grass
|inactive|Battle timer is ON: inactive players will automatically lose when time's up. (requested by RelentlessRogue)
|j| azubbang
|c|â˜†kojay|i'm still used to old reg h arch spreads of pure bulk
|inactive|kojay has 60 seconds left.
|c|â˜†RelentlessRogue|honestly it's weird adjusting to it bc you really want everything
|c|â˜†RelentlessRogue|but you can't be slower than Modest Blursa
|inactive|kojay has 30 seconds left.
|c|â˜†RelentlessRogue|So you need some speed
|inactive|kojay has 20 seconds left.
|inactive|kojay has 15 seconds left.
|inactive|kojay has 10 seconds left.
|inactive|kojay has 5 seconds left.
|
|t:|1756522791
|teamsize|p1|4
|teamsize|p2|4
|start
|switch|p1a: Basculegion|Basculegion, L50, M|100/100
|switch|p1b: Rillaboom|Rillaboom, L50, M|100/100
|switch|p2a: Dragonite|Dragonite, L50, F, shiny|100/100
|switch|p2b: Kaladin|Garchomp, L50, M, shiny|100/100
|-fieldstart|move: Grassy Terrain|[from] ability: Grassy Surge|[of] p1b: Rillaboom
|turn|1
|inactive|RelentlessRogue has 30 seconds left.
|inactive|kojay has 30 seconds left.
|inactive|RelentlessRogue has 20 seconds left.
|inactive|kojay has 20 seconds left.
|inactive|RelentlessRogue has 15 seconds left.
|inactive|RelentlessRogue has 10 seconds left.
|inactive|kojay has 15 seconds left.
|
|t:|1756522840
|switch|p2b: Dalinar|Incineroar, L50, M, shiny|100/100
|-ability|p2b: Dalinar|Intimidate|boost
|-unboost|p1a: Basculegion|atk|1
|-unboost|p1b: Rillaboom|atk|1
|switch|p1a: Archaludon|Archaludon, L50, F|100/100
|move|p2a: Dragonite|Tailwind|p2a: Dragonite
|-sidestart|p2: kojay|move: Tailwind
|move|p1b: Rillaboom|Bullet Seed|p1a: Archaludon
|-resisted|p1a: Archaludon
|-damage|p1a: Archaludon|99/100
|-ability|p1a: Archaludon|Stamina|boost
|-boost|p1a: Archaludon|def|1
|-resisted|p1a: Archaludon
|-damage|p1a: Archaludon|98/100
|-ability|p1a: Archaludon|Stamina|boost
|-boost|p1a: Archaludon|def|1
|-resisted|p1a: Archaludon
|-damage|p1a: Archaludon|97/100
|-ability|p1a: Archaludon|Stamina|boost
|-boost|p1a: Archaludon|def|1
|-resisted|p1a: Archaludon
|-damage|p1a: Archaludon|96/100
|-ability|p1a: Archaludon|Stamina|boost
|-boost|p1a: Archaludon|def|1
|-hitcount|p1a: Archaludon|4
|
|-heal|p1a: Archaludon|100/100|[from] Grassy Terrain
|upkeep
|turn|2
|inactive|RelentlessRogue has 30 seconds left.
|inactive|kojay has 30 seconds left.
|inactive|RelentlessRogue has 20 seconds left.
|inactive|kojay has 20 seconds left.
|inactive|RelentlessRogue has 15 seconds left.
|inactive|kojay has 15 seconds left.
|inactive|RelentlessRogue has 10 seconds left.
|inactive|kojay has 10 seconds left.
|inactive|kojay has 5 seconds left.
|
|t:|1756522892
|switch|p1b: Pelipper|Pelipper, L50, F|100/100
|-weather|RainDance|[from] ability: Drizzle|[of] p1b: Pelipper
|-terastallize|p2a: Dragonite|Flying
|move|p2a: Dragonite|Scale Shot|p1b: Pelipper
|-damage|p1b: Pelipper|81/100
|-damage|p1b: Pelipper|62/100
|-damage|p1b: Pelipper|42/100
|-damage|p1b: Pelipper|24/100
|-damage|p1b: Pelipper|6/100
|-hitcount|p1b: Pelipper|5
|-unboost|p2a: Dragonite|def|1
|-boost|p2a: Dragonite|spe|1
|move|p2b: Dalinar|Knock Off|p1a: Archaludon
|-damage|p1a: Archaludon|89/100
|-ability|p1a: Archaludon|Stamina|boost
|-boost|p1a: Archaludon|def|1
|-enditem|p1a: Archaludon|Assault Vest|[from] move: Knock Off|[of] p2b: Dalinar
|move|p1a: Archaludon|Electro Shot||[still]
|-prepare|p1a: Archaludon|Electro Shot
|-boost|p1a: Archaludon|spa|1
|-anim|p1a: Archaludon|Electro Shot|p2a: Dragonite
|-supereffective|p2a: Dragonite
|-damage|p2a: Dragonite|0 fnt
|faint|p2a: Dragonite
|
|-weather|RainDance|[upkeep]
|-heal|p1a: Archaludon|95/100|[from] Grassy Terrain
|upkeep
|inactive|kojay has 30 seconds left.
|
|t:|1756522926
|switch|p2a: Gholdengo|Gholdengo, L50|100/100
|turn|3
|
|t:|1756522944
|switch|p1b: Rillaboom|Rillaboom, L50, M|100/100
|move|p2a: Gholdengo|Shadow Ball|p1a: Archaludon
|-damage|p1a: Archaludon|44/100
|-ability|p1a: Archaludon|Stamina|boost
|-boost|p1a: Archaludon|def|1
|move|p2b: Dalinar|Knock Off|p1b: Rillaboom
|-damage|p1b: Rillaboom|59/100
|-enditem|p1b: Rillaboom|Loaded Dice|[from] move: Knock Off|[of] p2b: Dalinar
|move|p1a: Archaludon|Electro Shot||[still]
|-prepare|p1a: Archaludon|Electro Shot
|-boost|p1a: Archaludon|spa|1
|-anim|p1a: Archaludon|Electro Shot|p2a: Gholdengo
|-damage|p2a: Gholdengo|5/100
|
|-weather|RainDance|[upkeep]
|-heal|p2a: Gholdengo|11/100|[from] Grassy Terrain
|-heal|p1b: Rillaboom|65/100|[from] Grassy Terrain
|-heal|p1a: Archaludon|50/100|[from] Grassy Terrain
|upkeep
|turn|4
|inactive|RelentlessRogue has 30 seconds left.
|inactive|RelentlessRogue has 20 seconds left.
|
|t:|1756522983
|switch|p2a: Kaladin|Garchomp, L50, M, shiny|100/100
|move|p2b: Dalinar|Parting Shot|p1a: Archaludon
|-unboost|p1a: Archaludon|atk|1
|-unboost|p1a: Archaludon|spa|1
|c|â˜†kojay|huh
|
|t:|1756522992
|switch|p2b: Gholdengo|Gholdengo, L50|11/100|[from] Parting Shot
|move|p1b: Rillaboom|High Horsepower|p2a: Kaladin
|-damage|p2a: Kaladin|66/100
|-damage|p1b: Rillaboom|52/100|[from] ability: Rough Skin|[of] p2a: Kaladin
|move|p1a: Archaludon|Electro Shot||[still]
|-prepare|p1a: Archaludon|Electro Shot
|-boost|p1a: Archaludon|spa|1
|-anim|p1a: Archaludon|Electro Shot|p2a: Kaladin
|-immune|p2a: Kaladin
|
|-weather|RainDance|[upkeep]
|-heal|p2b: Gholdengo|17/100|[from] Grassy Terrain
|-heal|p2a: Kaladin|72/100|[from] Grassy Terrain
|-heal|p1b: Rillaboom|58/100|[from] Grassy Terrain
|-heal|p1a: Archaludon|56/100|[from] Grassy Terrain
|-sideend|p2: kojay|move: Tailwind
|upkeep
|turn|5
|inactive|RelentlessRogue has 30 seconds left.
|inactive|kojay has 30 seconds left.
|inactive|RelentlessRogue has 20 seconds left.
|inactive|kojay has 20 seconds left.
|inactive|RelentlessRogue has 15 seconds left.
|inactive|kojay has 15 seconds left.
|inactive|kojay has 10 seconds left.
|inactive|kojay has 5 seconds left.
|
|t:|1756523042
|switch|p2a: Dalinar|Incineroar, L50, M, shiny|100/100
|-ability|p2a: Dalinar|Intimidate|boost
|-unboost|p1a: Archaludon|atk|1
|-unboost|p1b: Rillaboom|atk|1
|move|p2b: Gholdengo|Shadow Ball|p1a: Archaludon
|-damage|p1a: Archaludon|5/100
|move|p1b: Rillaboom|High Horsepower|p2b: Gholdengo
|-supereffective|p2b: Gholdengo
|-damage|p2b: Gholdengo|0 fnt
|faint|p2b: Gholdengo
|move|p1a: Archaludon|Draco Meteor|p2a: Dalinar
|-damage|p2a: Dalinar|5/100
|-unboost|p1a: Archaludon|spa|2
|
|-weather|RainDance|[upkeep]
|-heal|p1b: Rillaboom|64/100|[from] Grassy Terrain
|-heal|p1a: Archaludon|11/100|[from] Grassy Terrain
|-heal|p2a: Dalinar|11/100|[from] Grassy Terrain
|-fieldend|move: Grassy Terrain
|upkeep
|
|t:|1756523058
|switch|p2b: Kaladin|Garchomp, L50, M, shiny|72/100
|turn|6
|
|t:|1756523080
|move|p2b: Kaladin|Dragon Claw|p1a: Archaludon
|-damage|p1a: Archaludon|2/100
|-damage|p2b: Kaladin|62/100|[from] item: Life Orb
|move|p1b: Rillaboom|High Horsepower|p2a: Dalinar
|-supereffective|p2a: Dalinar
|-damage|p2a: Dalinar|0 fnt
|faint|p2a: Dalinar
|move|p1a: Archaludon|Draco Meteor|p2b: Kaladin
|-supereffective|p2b: Kaladin
|-damage|p2b: Kaladin|0 fnt
|-unboost|p1a: Archaludon|spa|2
|faint|p2b: Kaladin
|
|win|RelentlessRogue
|c|â˜†kojay|not gonna lie, super confused
|c|â˜†kojay|why werent you grassy gliding?
|c|â˜†RelentlessRogue|which turn?
|c|â˜†kojay|turn 4 or 5
|c|â˜†kojay|to kill dengo
|c|â˜†RelentlessRogue|honestly I just need to learn my calcs for this reg still
|c|â˜†RelentlessRogue|I think Dengo is bulkier than it is
|c|â˜†RelentlessRogue|116+ Atk Rillaboom Grassy Glide vs. 4 HP  / 0 Def Gholdengo in Grassy Terrain: 31-37 (19 - 22.6%) -- possible 6HKO after Grassy Terrain recovery
|c|â˜†RelentlessRogue|no yeah that should've been glide
|c|â˜†kojay|i was pivoting try to get an intim out to stay alive lol
