|j|☆fili53
|j|☆hermit5
|html|fili53hermit5    
|uhtml|bestof|Game 2 of a best-of-3
|t:|1756153808
|gametype|doubles
|player|p1|fili53|cress|1118
|player|p2|hermit5|red|1041
|gen|9
|tier|[Gen 9] VGC 2025 Reg H (Bo3)
|rated|
|rule|Species Clause: Limit one of each Pokémon
|rule|Item Clause: Limit 1 of each item
|clearpoke
|poke|p1|Arcanine-Hisui, L50, M|
|poke|p1|Rillaboom, L50, M|
|poke|p1|Clefable, L50, F|
|poke|p1|Inteleon, L50, F|
|poke|p1|Sneasler, L50, F|
|poke|p1|Dragapult, L50, M|
|poke|p2|Dragonite, L50, F|
|poke|p2|Sneasler, L50, M|
|poke|p2|Indeedee-F, L50, F|
|poke|p2|Ursaluna-Bloodmoon, L50, M|
|poke|p2|Amoonguss, L50, F|
|poke|p2|Incineroar, L50, M|
|teampreview|4
|showteam|p1|Arcanine-Hisui||ClearAmulet|Intimidate|FlareBlitz,RockSlide,ExtremeSpeed,Protect|||M|||50|,,,,,Water]Rillaboom||AssaultVest|GrassySurge|WoodHammer,GrassyGlide,HighHorsepower,FakeOut|||M|||50|,,,,,Fire]Clefable||SafetyGoggles|Unaware|Moonblast,FollowMe,HelpingHand,Protect|||F|||50|,,,,,Poison]Inteleon||RazorClaw|Sniper|SnipeShot,IceBeam,Taunt,Protect|||F|||50|,,,,,Water]Sneasler||FocusSash|Unburden|CloseCombat,DireClaw,FakeOut,Protect|||F|||50|,,,,,Stellar]Dragapult||ChoiceBand|ClearBody|DragonDarts,Outrage,PhantomForce,Uturn|||M|||50|,,,,,Dragon
|showteam|p2|Dragonite||LoadedDice|Multiscale|ScaleShot,Protect,Haze,ExtremeSpeed|||F|||50|,,,,,Fairy]Sneasler||PsychicSeed|Unburden|Coaching,CloseCombat,DireClaw,Protect|||M|||50|,,,,,Flying]Indeedee-F||FocusSash|PsychicSurge|FollowMe,TrickRoom,HelpingHand,Psychic|||F|||50|,,,,,Fairy]Ursaluna-Bloodmoon||LifeOrb|MindsEye|HyperVoice,BloodMoon,EarthPower,Protect|||M|||50|,,,,,Normal]Amoonguss||SitrusBerry|Regenerator|PollenPuff,Spore,RagePowder,Protect|||F|||50|,,,,,Water]Incineroar||SafetyGoggles|Intimidate|FakeOut,KnockOff,FlareBlitz,PartingShot|||M|||50|,,,,,Ghost
|inactive|Battle timer is ON: inactive players will automatically lose when time's up. (requested by fili53)
|
|t:|1756153839
|teamsize|p1|4
|teamsize|p2|4
|start
|switch|p1a: Inteleon|Inteleon, L50, F|100/100
|switch|p1b: Clefable|Clefable, L50, F|100/100
|switch|p2a: Dragonite|Dragonite, L50, F, shiny|100/100
|switch|p2b: Incineroar|Incineroar, L50, M|100/100
|-ability|p2b: Incineroar|Intimidate|boost
|-unboost|p1a: Inteleon|atk|1
|-unboost|p1b: Clefable|atk|1
|turn|1
|inactive|hermit5 has 30 seconds left.
|
|t:|1756153869
|switch|p1a: Arcanine|Arcanine-Hisui, L50, M|100/100
|-ability|p1a: Arcanine|Intimidate|boost
|-unboost|p2a: Dragonite|atk|1
|-unboost|p2b: Incineroar|atk|1
|-terastallize|p2a: Dragonite|Fairy
|move|p2b: Incineroar|Fake Out|p1b: Clefable
|-damage|p1b: Clefable|92/100
|move|p2a: Dragonite|Extreme Speed|p1a: Arcanine
|-resisted|p1a: Arcanine
|-damage|p1a: Arcanine|88/100
|cant|p1b: Clefable|flinch
|
|upkeep
|turn|2
|inactive|hermit5 has 30 seconds left.
|
|t:|1756153901
|move|p1a: Arcanine|Rock Slide|p2a: Dragonite|[spread] p2a,p2b
|-supereffective|p2b: Incineroar
|-damage|p2a: Dragonite|88/100
|-damage|p2b: Incineroar|61/100
|cant|p2a: Dragonite|flinch
|move|p2b: Incineroar|Knock Off|p1a: Arcanine
|-damage|p1a: Arcanine|58/100
|-enditem|p1a: Arcanine|Clear Amulet|[from] move: Knock Off|[of] p2b: Incineroar
|move|p1b: Clefable|Moonblast|p2a: Dragonite
|-damage|p2a: Dragonite|51/100
|
|upkeep
|turn|3
|
|t:|1756153920
|move|p1b: Clefable|Helping Hand|p1a: Arcanine
|-singleturn|p1a: Arcanine|Helping Hand|[of] p1b: Clefable
|move|p1a: Arcanine|Rock Slide|p2a: Dragonite|[spread] p2a,p2b
|-supereffective|p2b: Incineroar
|-damage|p2a: Dragonite|8/100
|-damage|p2b: Incineroar|1/100
|move|p2a: Dragonite|Scale Shot|p1a: Arcanine
|-damage|p1a: Arcanine|46/100
|-damage|p1a: Arcanine|36/100
|-damage|p1a: Arcanine|26/100
|-damage|p1a: Arcanine|14/100
|-hitcount|p1a: Arcanine|4
|-unboost|p2a: Dragonite|def|1
|-boost|p2a: Dragonite|spe|1
|cant|p2b: Incineroar|flinch
|
|upkeep
|turn|4
|
|t:|1756153945
|move|p2a: Dragonite|Extreme Speed|p1a: Arcanine
|-resisted|p1a: Arcanine
|-damage|p1a: Arcanine|1/100
|move|p1b: Clefable|Follow Me|p1b: Clefable
|-singleturn|p1b: Clefable|move: Follow Me
|move|p1a: Arcanine|Rock Slide|p2a: Dragonite|[spread] p2a,p2b
|-supereffective|p2b: Incineroar
|-damage|p2a: Dragonite|0 fnt
|-damage|p2b: Incineroar|0 fnt
|faint|p2a: Dragonite
|faint|p2b: Incineroar
|
|upkeep
|
|t:|1756153961
|switch|p2a: Ursaluna|Ursaluna-Bloodmoon, L50, M|100/100
|switch|p2b: Amoonguss|Amoonguss, L50, F, shiny|100/100
|turn|5
|
|t:|1756153977
|move|p1b: Clefable|Protect|p1b: Clefable
|-singleturn|p1b: Clefable|Protect
|move|p2b: Amoonguss|Rage Powder|p2b: Amoonguss
|-singleturn|p2b: Amoonguss|move: Rage Powder
|move|p1a: Arcanine|Flare Blitz|p2b: Amoonguss
|-supereffective|p2b: Amoonguss
|-damage|p2b: Amoonguss|20/100
|-enditem|p2b: Amoonguss|Sitrus Berry|[eat]
|-heal|p2b: Amoonguss|45/100|[from] item: Sitrus Berry
|-damage|p1a: Arcanine|0 fnt|[from] Recoil
|faint|p1a: Arcanine
|move|p2a: Ursaluna|Hyper Voice|p1b: Clefable
|-activate|p1b: Clefable|move: Protect
|
|upkeep
|
|t:|1756153988
|switch|p1a: Inteleon|Inteleon, L50, F|100/100
|turn|6
|
|t:|1756153998
|-terastallize|p1a: Inteleon|Water
|move|p1b: Clefable|Helping Hand|p1a: Inteleon
|-singleturn|p1a: Inteleon|Helping Hand|[of] p1b: Clefable
|move|p2a: Ursaluna|Protect|p2a: Ursaluna
|-singleturn|p2a: Ursaluna|Protect
|move|p1a: Inteleon|Snipe Shot|p2a: Ursaluna
|-activate|p2a: Ursaluna|move: Protect
|move|p2b: Amoonguss|Spore|p1a: Inteleon
|-status|p1a: Inteleon|slp|[from] move: Spore
|
|upkeep
|turn|7
|
|t:|1756154018
|switch|p1a: Rillaboom|Rillaboom, L50, M|100/100
|-fieldstart|move: Grassy Terrain|[from] ability: Grassy Surge|[of] p1a: Rillaboom
|move|p2a: Ursaluna|Blood Moon|p1a: Rillaboom
|-crit|p1a: Rillaboom
|-damage|p1a: Rillaboom|7/100
|-damage|p2a: Ursaluna|91/100|[from] item: Life Orb
|move|p1b: Clefable|Moonblast|p2a: Ursaluna
|-damage|p2a: Ursaluna|57/100
|-unboost|p2a: Ursaluna|spa|1
|move|p2b: Amoonguss|Spore|p1b: Clefable
|-activate|p1b: Clefable|item: Safety Goggles|Spore
|
|-heal|p1a: Rillaboom|13/100|[from] Grassy Terrain
|-heal|p2a: Ursaluna|64/100|[from] Grassy Terrain
|-heal|p1b: Clefable|98/100|[from] Grassy Terrain
|-heal|p2b: Amoonguss|51/100|[from] Grassy Terrain
|upkeep
|turn|8
|inactive|hermit5 has 30 seconds left.
|inactive|hermit5 has 20 seconds left.
|
|t:|1756154055
|switch|p1a: Inteleon|Inteleon, L50, F, tera:Water|100/100 slp
|move|p2a: Ursaluna|Protect|p2a: Ursaluna
|-singleturn|p2a: Ursaluna|Protect
|move|p1b: Clefable|Moonblast|p2a: Ursaluna
|-activate|p2a: Ursaluna|move: Protect
|move|p2b: Amoonguss|Pollen Puff|p1a: Inteleon
|-damage|p1a: Inteleon|70/100 slp
|
|-heal|p1a: Inteleon|76/100 slp|[from] Grassy Terrain
|-heal|p1b: Clefable|100/100|[from] Grassy Terrain
|-heal|p2a: Ursaluna|70/100|[from] Grassy Terrain
|-heal|p2b: Amoonguss|57/100|[from] Grassy Terrain
|upkeep
|turn|9
|inactive|hermit5 has 30 seconds left.
|
|t:|1756154083
|cant|p1a: Inteleon|slp
|move|p1b: Clefable|Moonblast|p2a: Ursaluna
|-damage|p2a: Ursaluna|34/100
|move|p2a: Ursaluna|Blood Moon|p1a: Inteleon
|-damage|p1a: Inteleon|0 fnt
|faint|p1a: Inteleon
|-damage|p2a: Ursaluna|24/100|[from] item: Life Orb
|move|p2b: Amoonguss|Pollen Puff|p2a: Ursaluna
|-heal|p2a: Ursaluna|73/100
|
|-heal|p2a: Ursaluna|80/100|[from] Grassy Terrain
|-heal|p2b: Amoonguss|63/100|[from] Grassy Terrain
|upkeep
|
|t:|1756154091
|switch|p1a: Rillaboom|Rillaboom, L50, M|13/100
|turn|10
|inactive|fili53 has 30 seconds left.
|
|t:|1756154117
|move|p2a: Ursaluna|Protect|p2a: Ursaluna
|-singleturn|p2a: Ursaluna|Protect
|move|p1b: Clefable|Follow Me|p1b: Clefable
|-singleturn|p1b: Clefable|move: Follow Me
|move|p1a: Rillaboom|Wood Hammer|p2a: Ursaluna
|-activate|p2a: Ursaluna|move: Protect
|move|p2b: Amoonguss|Pollen Puff|p1b: Clefable
|-resisted|p1b: Clefable
|-damage|p1b: Clefable|92/100
|
|-heal|p1a: Rillaboom|19/100|[from] Grassy Terrain
|-heal|p1b: Clefable|98/100|[from] Grassy Terrain
|-heal|p2a: Ursaluna|86/100|[from] Grassy Terrain
|-heal|p2b: Amoonguss|69/100|[from] Grassy Terrain
|upkeep
|turn|11
|inactive|hermit5 has 30 seconds left.
|
|t:|1756154150
|move|p2a: Ursaluna|Protect||[still]
|-fail|p2a: Ursaluna
|move|p1b: Clefable|Follow Me|p1b: Clefable
|-singleturn|p1b: Clefable|move: Follow Me
|move|p1a: Rillaboom|Wood Hammer|p2a: Ursaluna
|-supereffective|p2a: Ursaluna
|-damage|p2a: Ursaluna|0 fnt
|faint|p2a: Ursaluna
|-damage|p1a: Rillaboom|0 fnt|[from] Recoil
|faint|p1a: Rillaboom
|move|p2b: Amoonguss|Pollen Puff|p1b: Clefable
|-resisted|p1b: Clefable
|-damage|p1b: Clefable|90/100
|
|-heal|p1b: Clefable|96/100|[from] Grassy Terrain
|-heal|p2b: Amoonguss|75/100|[from] Grassy Terrain
|-fieldend|move: Grassy Terrain
|upkeep
|turn|12
|
|t:|1756154172
|move|p1b: Clefable|Moonblast|p2b: Amoonguss
|-resisted|p2b: Amoonguss
|-damage|p2b: Amoonguss|60/100
|move|p2b: Amoonguss|Spore|p1b: Clefable
|-activate|p1b: Clefable|item: Safety Goggles|Spore
|
|upkeep
|turn|13
|
|t:|1756154181
|move|p1b: Clefable|Moonblast|p2b: Amoonguss
|-resisted|p2b: Amoonguss
|-damage|p2b: Amoonguss|46/100
|move|p2b: Amoonguss|Pollen Puff|p1b: Clefable
|-resisted|p1b: Clefable
|-damage|p1b: Clefable|89/100
|
|upkeep
|turn|14
|
|t:|1756154191
|move|p1b: Clefable|Moonblast|p2b: Amoonguss
|-resisted|p2b: Amoonguss
|-damage|p2b: Amoonguss|31/100
|-unboost|p2b: Amoonguss|spa|1
|move|p2b: Amoonguss|Pollen Puff|p1b: Clefable
|-resisted|p1b: Clefable
|-crit|p1b: Clefable
|-damage|p1b: Clefable|76/100
|
|upkeep
|turn|15
|
|t:|1756154206
|move|p1b: Clefable|Moonblast|p2b: Amoonguss
|-resisted|p2b: Amoonguss
|-damage|p2b: Amoonguss|17/100
|-unboost|p2b: Amoonguss|spa|1
|move|p2b: Amoonguss|Pollen Puff|p1b: Clefable
|-resisted|p1b: Clefable
|-damage|p1b: Clefable|68/100
|
|upkeep
|turn|16
|
|t:|1756154218
|move|p1b: Clefable|Moonblast|p2b: Amoonguss
|-resisted|p2b: Amoonguss
|-damage|p2b: Amoonguss|3/100
|move|p2b: Amoonguss|Pollen Puff|p1b: Clefable
|-resisted|p1b: Clefable
|-damage|p1b: Clefable|60/100
|
|upkeep
|turn|17
|
|t:|1756154227
|move|p2b: Amoonguss|Protect|p2b: Amoonguss
|-singleturn|p2b: Amoonguss|Protect
|move|p1b: Clefable|Moonblast|p2b: Amoonguss
|-activate|p2b: Amoonguss|move: Protect
|
|upkeep
|turn|18
|
|t:|1756154235
|move|p2b: Amoonguss|Protect||[still]
|-fail|p2b: Amoonguss
|move|p1b: Clefable|Moonblast|p2b: Amoonguss
|-resisted|p2b: Amoonguss
|-damage|p2b: Amoonguss|0 fnt
|faint|p2b: Amoonguss
|
|win|fili53
|raw|fili53's rating: 1118 → 1138(+20 for winning)
|raw|hermit5's rating: 1041 → 1028(-13 for losing)
|l|☆fili53
|player|p1|
