|j|☆catoma
|j|☆AquamarineVGC
|html|catomaAquamarineVGC    
|uhtml|bestof|Game 1 of a best-of-3
|t:|1783711788
|gametype|doubles
|player|p1|catoma|n|1000
|player|p2|AquamarineVGC|unknown|1048
|gen|9
|tier|[Gen 9 Champions] VGC 2026 Reg M-B (Bo3)
|rated|
|rule|Species Clause: Limit one of each Pokémon
|rule|Item Clause: Limit 1 of each item
|clearpoke
|poke|p1|Charizard, L50, M|
|poke|p1|Whimsicott, L50, M|
|poke|p1|Weavile, L50, F|
|poke|p1|Incineroar, L50, F|
|poke|p1|Garchomp, L50, F|
|poke|p1|Glimmora, L50, M|
|poke|p2|Torkoal, L50, F|
|poke|p2|Kangaskhan, L50, F|
|poke|p2|Gardevoir, L50, F|
|poke|p2|Garchomp, L50, M|
|poke|p2|Clefable, L50, M|
|poke|p2|Delphox, L50, F|
|teampreview|4
|showteam|p1|Charizard||CharizarditeY|Blaze|Protect,WeatherBall,HeatWave,SolarBeam|Modest||M|||50|]Whimsicott||FairyFeather|Prankster|Moonblast,Protect,Encore,Tailwind|Bold||M|||50|]Weavile||FocusSash|Pickpocket|IcicleCrash,KnockOff,FakeOut,Protect|Jolly||F|||50|]Incineroar||SitrusBerry|Intimidate|FlareBlitz,DarkestLariat,PartingShot,FakeOut|Careful||F|||50|]Garchomp||LifeOrb|RoughSkin|DragonClaw,Earthquake,RockSlide,Protect|Jolly||F|||50|]Glimmora||Glimmoranite|ToxicDebris|SpikyShield,SludgeBomb,PowerGem,EarthPower|Modest||M|||50|
|showteam|p2|Torkoal||Charcoal|Drought|Eruption,WeatherBall,HelpingHand,Protect|Quiet||F|||50|]Kangaskhan||SilkScarf|Scrappy|FakeOut,LastResort|Adamant||F|||50|]Gardevoir||Gardevoirite|Telepathy|Moonblast,Psychic,TrickRoom,Protect|Modest||F|||50|]Garchomp||LifeOrb|RoughSkin|DragonClaw,StompingTantrum,Earthquake,Protect|Jolly||M|||50|]Clefable||SitrusBerry|Unaware|DazzlingGleam,LifeDew,FollowMe,Protect|Bold||M|||50|]Delphox||Delphoxite|Blaze|Flamethrower,HeatWave,Psychic,Protect|Timid||F|||50|
|inactive|Battle timer is ON: inactive players will automatically lose when time's up. (requested by catoma)
|c|☆AquamarineVGC|GLHF
|inactive|catoma has 60 seconds left.
|inactive|AquamarineVGC has 60 seconds left.
|
|t:|1783711839
|teamsize|p1|4
|teamsize|p2|4
|start
|switch|p1a: Glimmora|Glimmora, L50, M|100/100
|switch|p1b: Weavile|Weavile, L50, F|100/100
|switch|p2a: Torkoal|Torkoal, L50, F|100/100
|switch|p2b: Delphox|Delphox, L50, F|100/100
|-weather|SunnyDay|[from] ability: Drought|[of] p2a: Torkoal
|turn|1
|
|t:|1783711861
|switch|p2a: Kangaskhan|Kangaskhan, L50, F|100/100
|detailschange|p2b: Delphox|Delphox-Mega, L50, F
|-mega|p2b: Delphox|Delphox|Delphoxite
|detailschange|p1a: Glimmora|Glimmora-Mega, L50, M
|-mega|p1a: Glimmora|Glimmora|Glimmoranite
|move|p2b: Delphox|Protect|p2b: Delphox
|-singleturn|p2b: Delphox|Protect
|move|p1b: Weavile|Fake Out|p2b: Delphox
|-activate|p2b: Delphox|move: Protect
|move|p1a: Glimmora|Power Gem|p2a: Kangaskhan
|-damage|p2a: Kangaskhan|29/100
|
|-weather|SunnyDay|[upkeep]
|upkeep
|turn|2
|
|t:|1783711876
|switch|p1b: Incineroar|Incineroar, L50, F|100/100
|-ability|p1b: Incineroar|Intimidate|boost
|-fail|p2a: Kangaskhan|unboost|Attack|[from] ability: Scrappy|[of] p2a: Kangaskhan
|-unboost|p2b: Delphox|atk|1
|move|p1a: Glimmora|Spiky Shield|p1a: Glimmora
|-singleturn|p1a: Glimmora|move: Protect
|move|p2a: Kangaskhan|Fake Out|p1b: Incineroar
|-damage|p1b: Incineroar|79/100
|move|p2b: Delphox|Psychic|p1a: Glimmora
|-activate|p1a: Glimmora|move: Protect
|
|-weather|SunnyDay|[upkeep]
|upkeep
|turn|3
|
|t:|1783711893
|switch|p2a: Clefable|Clefable, L50, M|100/100
|move|p2b: Delphox|Protect|p2b: Delphox
|-singleturn|p2b: Delphox|Protect
|move|p1b: Incineroar|Fake Out|p2b: Delphox
|-activate|p2b: Delphox|move: Protect
|move|p1a: Glimmora|Power Gem|p2a: Clefable
|-damage|p2a: Clefable|45/100
|-enditem|p2a: Clefable|Sitrus Berry|[eat]
|-heal|p2a: Clefable|70/100|[from] item: Sitrus Berry
|
|-weather|SunnyDay|[upkeep]
|upkeep
|turn|4
|
|t:|1783711910
|move|p1a: Glimmora|Spiky Shield|p1a: Glimmora
|-singleturn|p1a: Glimmora|move: Protect
|move|p2b: Delphox|Psychic|p1a: Glimmora
|-activate|p1a: Glimmora|move: Protect
|move|p2a: Clefable|Life Dew||[still]|[spread] p2a,p2b
|-heal|p2a: Clefable|95/100
|-fail|p2b: Delphox|heal
|move|p1b: Incineroar|Parting Shot|p2b: Delphox
|-unboost|p2b: Delphox|atk|1
|-unboost|p2b: Delphox|spa|1
|
|t:|1783711920
|switch|p1b: Weavile|Weavile, L50, F|100/100|[from] Parting Shot
|
|-weather|SunnyDay|[upkeep]
|upkeep
|turn|5
|
|t:|1783711927
|switch|p2b: Kangaskhan|Kangaskhan, L50, F|29/100
|switch|p1b: Incineroar|Incineroar, L50, F|79/100
|-ability|p1b: Incineroar|Intimidate|boost
|-unboost|p2a: Clefable|atk|1
|-fail|p2b: Kangaskhan|unboost|Attack|[from] ability: Scrappy|[of] p2b: Kangaskhan
|move|p2a: Clefable|Protect|p2a: Clefable
|-singleturn|p2a: Clefable|Protect
|move|p1a: Glimmora|Sludge Bomb|p2a: Clefable
|-activate|p2a: Clefable|move: Protect
|
|-weather|none
|upkeep
|turn|6
|
|t:|1783711945
|move|p2b: Kangaskhan|Fake Out|p1b: Incineroar
|-damage|p1b: Incineroar|61/100
|move|p1a: Glimmora|Sludge Bomb|p2a: Clefable
|-supereffective|p2a: Clefable|1
|-damage|p2a: Clefable|0 fnt
|faint|p2a: Clefable
|cant|p1b: Incineroar|flinch
|
|upkeep
|
|t:|1783711951
|switch|p2a: Delphox|Delphox-Mega, L50, F|100/100
|turn|7
|
|t:|1783711957
|move|p1a: Glimmora|Spiky Shield|p1a: Glimmora
|-singleturn|p1a: Glimmora|move: Protect
|move|p2a: Delphox|Psychic|p1a: Glimmora
|-activate|p1a: Glimmora|move: Protect
|move|p2b: Kangaskhan|Last Resort|p1b: Incineroar
|-damage|p1b: Incineroar|0 fnt
|faint|p1b: Incineroar
|
|upkeep
|
|t:|1783711959
|switch|p1b: Whimsicott|Whimsicott, L50, M|100/100
|turn|8
|
|t:|1783711976
|move|p2a: Delphox|Protect|p2a: Delphox
|-singleturn|p2a: Delphox|Protect
|move|p1b: Whimsicott|Tailwind|p1b: Whimsicott
|-sidestart|p1: catoma|move: Tailwind
|move|p1a: Glimmora|Power Gem|p2a: Delphox
|-activate|p2a: Delphox|move: Protect
|move|p2b: Kangaskhan|Last Resort|p1b: Whimsicott
|-damage|p1b: Whimsicott|29/100
|
|upkeep
|turn|9
|
|t:|1783711985
|switch|p2a: Torkoal|Torkoal, L50, F|100/100
|-weather|SunnyDay|[from] ability: Drought|[of] p2a: Torkoal
|move|p1b: Whimsicott|Encore||[still]
|-fail|p1b: Whimsicott
|move|p1a: Glimmora|Sludge Bomb|p2b: Kangaskhan
|-damage|p2b: Kangaskhan|0 fnt
|faint|p2b: Kangaskhan
|
|-weather|SunnyDay|[upkeep]
|upkeep
|
|t:|1783711988
|switch|p2b: Delphox|Delphox-Mega, L50, F|100/100
|turn|10
|
|t:|1783712000
|move|p1b: Whimsicott|Protect|p1b: Whimsicott
|-singleturn|p1b: Whimsicott|Protect
|move|p1a: Glimmora|Spiky Shield|p1a: Glimmora
|-singleturn|p1a: Glimmora|move: Protect
|move|p2b: Delphox|Protect|p2b: Delphox
|-singleturn|p2b: Delphox|Protect
|move|p2a: Torkoal|Eruption|p1a: Glimmora|[spread] 
|-activate|p1a: Glimmora|move: Protect
|-activate|p1b: Whimsicott|move: Protect
|
|-weather|SunnyDay|[upkeep]
|upkeep
|turn|11
|
|t:|1783712012
|move|p2b: Delphox|Protect||[still]
|-fail|p2b: Delphox
|move|p1b: Whimsicott|Encore|p2b: Delphox
|-start|p2b: Delphox|Encore
|move|p1a: Glimmora|Power Gem|p2a: Torkoal
|-supereffective|p2a: Torkoal|1
|-damage|p2a: Torkoal|0 fnt
|faint|p2a: Torkoal
|
|-weather|SunnyDay|[upkeep]
|-sideend|p1: catoma|move: Tailwind
|upkeep
|turn|12
|-message|AquamarineVGC forfeited.
|
|win|catoma
