|j|☆SHLOK101
|j|☆alexshyness
|html|SHLOK101alexshyness    
|uhtml|bestof|Game 1 of a best-of-3
|t:|1785460523
|gametype|doubles
|player|p1|SHLOK101|cynthia-gen4|1217
|player|p2|alexshyness|lass-gen4dp|1250
|gen|9
|tier|[Gen 9 Champions] VGC 2026 Reg M-B (Bo3)
|rated|
|rule|Species Clause: Limit one of each Pokémon
|rule|Item Clause: Limit 1 of each item
|clearpoke
|poke|p1|Tyranitar, L50, F|
|poke|p1|Houndstone, L50, M|
|poke|p1|Blaziken, L50, F|
|poke|p1|Sinistcha, L50|
|poke|p1|Aggron, L50, F|
|poke|p1|Mamoswine, L50, M|
|poke|p2|Kommo-o, L50, M|
|poke|p2|Gengar, L50, M, shiny|
|poke|p2|Maushold-Four, L50|
|poke|p2|Charizard, L50, M, shiny|
|poke|p2|Venusaur, L50, M|
|poke|p2|Incineroar, L50, M|
|teampreview|4
|showteam|p1|Tyranitar||Tyranitarite|SandStream|RockSlide,KnockOff,DragonDance,Protect|Jolly||F|||50|]Houndstone||WideLens|SandRush|LastRespects,WillOWisp,Howl,Protect|Jolly||M|||50|]Blaziken||FocusSash|SpeedBoost|HeatWave,AuraSphere,Coaching,Protect|Timid||F|||50|]Sinistcha||SitrusBerry|Hospitality|MatchaGotcha,TrickRoom,RagePowder,LifeDew|Calm|||||50|]Aggron||Aggronite|Sturdy|HeavySlam,BodyPress,IronDefense,Protect|Careful||F|||50|]Mamoswine||LifeOrb|Oblivious|IcicleCrash,HighHorsepower,IceShard,Protect|Adamant||M|||50|
|showteam|p2|Kommo-o||Leftovers|Soundproof|Protect,ClangingScales,AuraSphere,ClangorousSoul|Timid||M|||50|]Gengar||Gengarite|CursedBody|Protect,ShadowBall,SludgeBomb,PerishSong|Timid||M|||50|]Maushold-Four||ChopleBerry|FriendGuard|Protect,HelpingHand,FollowMe,Encore|Jolly|||||50|]Charizard||CharizarditeY|Blaze|Protect,HeatWave,WeatherBall,SolarBeam|Modest||M|||50|]Venusaur||FocusSash|Chlorophyll|Protect,LeafStorm,EarthPower,SleepPowder|Modest||M|||50|]Incineroar||SitrusBerry|Intimidate|Protect,ThroatChop,PartingShot,FakeOut|Careful||M|||50|
|inactive|Battle timer is ON: inactive players will automatically lose when time's up. (requested by SHLOK101)
|
|t:|1785460553
|teamsize|p1|4
|teamsize|p2|4
|start
|switch|p1a: Blaziken|Blaziken, L50, F|100/100
|switch|p1b: Mamoswine|Mamoswine, L50, M|100/100
|switch|p2a: Kommo-o|Kommo-o, L50, M|100/100
|switch|p2b: Incineroar|Incineroar, L50, M|100/100
|-ability|p2b: Incineroar|Intimidate|boost
|-unboost|p1a: Blaziken|atk|1
|-fail|p1b: Mamoswine|unboost|Attack|[from] ability: Oblivious|[of] p1b: Mamoswine
|turn|1
|
|t:|1785460571
|switch|p1b: Houndstone|Houndstone, L50, M|100/100
|move|p2b: Incineroar|Fake Out|p1b: Houndstone
|-immune|p1b: Houndstone
|move|p2a: Kommo-o|Clangorous Soul|p2a: Kommo-o
|-boost|p2a: Kommo-o|atk|1
|-boost|p2a: Kommo-o|def|1
|-boost|p2a: Kommo-o|spa|1
|-boost|p2a: Kommo-o|spd|1
|-boost|p2a: Kommo-o|spe|1
|-damage|p2a: Kommo-o|67/100
|move|p1a: Blaziken|Aura Sphere|p2b: Incineroar
|-supereffective|p2b: Incineroar|1
|-damage|p2b: Incineroar|39/100
|-enditem|p2b: Incineroar|Sitrus Berry|[eat]
|-heal|p2b: Incineroar|64/100|[from] item: Sitrus Berry
|
|-heal|p2a: Kommo-o|73/100|[from] item: Leftovers
|-ability|p1a: Blaziken|Speed Boost|boost
|-boost|p1a: Blaziken|spe|1
|upkeep
|turn|2
|inactive|SHLOK101 has 30 seconds left.
|
|t:|1785460597
|move|p2a: Kommo-o|Clanging Scales|p1a: Blaziken|[spread] p1a,p1b
|-damage|p1a: Blaziken|26/100
|-damage|p1b: Houndstone|30/100
|-unboost|p2a: Kommo-o|def|1
|move|p1a: Blaziken|Aura Sphere|p2b: Incineroar
|-supereffective|p2b: Incineroar|1
|-damage|p2b: Incineroar|4/100
|move|p1b: Houndstone|Howl|p1b: Houndstone|[spread] p1a,p1b
|-boost|p1a: Blaziken|atk|1
|-boost|p1b: Houndstone|atk|1
|move|p2b: Incineroar|Parting Shot|p1a: Blaziken
|-unboost|p1a: Blaziken|atk|1
|-unboost|p1a: Blaziken|spa|1
|
|t:|1785460602
|switch|p2b: Maushold|Maushold-Four, L50|100/100|[from] Parting Shot
|
|-heal|p2a: Kommo-o|79/100|[from] item: Leftovers
|-ability|p1a: Blaziken|Speed Boost|boost
|-boost|p1a: Blaziken|spe|1
|upkeep
|turn|3
|
|t:|1785460625
|move|p1b: Houndstone|Protect|p1b: Houndstone
|-singleturn|p1b: Houndstone|Protect
|move|p2b: Maushold|Follow Me|p2b: Maushold
|-singleturn|p2b: Maushold|move: Follow Me
|move|p1a: Blaziken|Heat Wave|p2a: Kommo-o|[spread] p2a,p2b
|-resisted|p2a: Kommo-o|1
|-damage|p2a: Kommo-o|72/100
|-damage|p2b: Maushold|71/100
|move|p2a: Kommo-o|Clanging Scales|p1a: Blaziken|[spread] p1a
|-activate|p1b: Houndstone|move: Protect
|-damage|p1a: Blaziken|0 fnt
|faint|p1a: Blaziken
|-unboost|p2a: Kommo-o|def|1
|
|-heal|p2a: Kommo-o|78/100|[from] item: Leftovers
|upkeep
|
|t:|1785460634
|switch|p1a: Tyranitar|Tyranitar, L50, F|100/100
|-weather|Sandstorm|[from] ability: Sand Stream|[of] p1a: Tyranitar
|turn|4
|inactive|SHLOK101 has 30 seconds left.
|inactive|SHLOK101 has 20 seconds left.
|inactive|SHLOK101 has 15 seconds left.
|inactive|SHLOK101 has 10 seconds left.
|
|t:|1785460682
|move|p1b: Houndstone|Protect||[still]
|-fail|p1b: Houndstone
|move|p1a: Tyranitar|Protect|p1a: Tyranitar
|-singleturn|p1a: Tyranitar|Protect
|move|p2b: Maushold|Follow Me|p2b: Maushold
|-singleturn|p2b: Maushold|move: Follow Me
|move|p2a: Kommo-o|Aura Sphere|p1a: Tyranitar
|-activate|p1a: Tyranitar|move: Protect
|
|-weather|Sandstorm|[upkeep]
|-damage|p2a: Kommo-o|72/100|[from] Sandstorm
|-damage|p2b: Maushold|65/100|[from] Sandstorm
|-heal|p2a: Kommo-o|78/100|[from] item: Leftovers
|upkeep
|turn|5
|inactive|SHLOK101 has 30 seconds left.
|
|t:|1785460709
|detailschange|p1a: Tyranitar|Tyranitar-Mega, L50, F
|-mega|p1a: Tyranitar|Tyranitar|Tyranitarite
|move|p2b: Maushold|Follow Me|p2b: Maushold
|-singleturn|p2b: Maushold|move: Follow Me
|move|p1b: Houndstone|Howl|p1b: Houndstone|[spread] p1a,p1b
|-boost|p1a: Tyranitar|atk|1
|-boost|p1b: Houndstone|atk|1
|move|p2a: Kommo-o|Aura Sphere|p1a: Tyranitar
|-supereffective|p1a: Tyranitar|2
|-damage|p1a: Tyranitar|0 fnt
|faint|p1a: Tyranitar
|
|-weather|Sandstorm|[upkeep]
|-damage|p2a: Kommo-o|72/100|[from] Sandstorm
|-damage|p2b: Maushold|59/100|[from] Sandstorm
|-heal|p2a: Kommo-o|78/100|[from] item: Leftovers
|upkeep
|
|t:|1785460717
|switch|p1a: Mamoswine|Mamoswine, L50, M|100/100
|turn|6
|
|t:|1785460730
|move|p1b: Houndstone|Protect|p1b: Houndstone
|-singleturn|p1b: Houndstone|Protect
|move|p2b: Maushold|Follow Me|p2b: Maushold
|-singleturn|p2b: Maushold|move: Follow Me
|move|p2a: Kommo-o|Aura Sphere|p1a: Mamoswine
|-supereffective|p1a: Mamoswine|1
|-damage|p1a: Mamoswine|0 fnt
|faint|p1a: Mamoswine
|
|-weather|Sandstorm|[upkeep]
|-damage|p2a: Kommo-o|72/100|[from] Sandstorm
|-damage|p2b: Maushold|53/100|[from] Sandstorm
|-heal|p2a: Kommo-o|78/100|[from] item: Leftovers
|upkeep
|turn|7
|-message|SHLOK101 forfeited.
|
|win|alexshyness
|l|☆SHLOK101
|player|p1|
||alexshyness is ready for game 2.
||SHLOK101 is ready for game 2.
|uhtml|next|Next: Game 2 of 3
