|j|☆VentaMujeresMalaga
|j|☆rojo53
|html|VentaMujeresMalagarojo53    
|uhtml|bestof|Game 2 of a best-of-3
|t:|1782312105
|gametype|doubles
|player|p1|VentaMujeresMalaga|cameraman|
|player|p2|rojo53|adaman|
|gen|9
|tier|[Gen 9 Champions] VGC 2026 Reg M-B (Bo3)
|rule|Species Clause: Limit one of each Pokémon
|rule|Item Clause: Limit 1 of each item
|clearpoke
|poke|p1|Annihilape, L50, M|
|poke|p1|Dragonite, L50, F|
|poke|p1|Armarouge, L50, M|
|poke|p1|Torkoal, L50, M|
|poke|p1|Kingambit, L50, M|
|poke|p1|Maushold, L50|
|poke|p2|Meganium, L50, F|
|poke|p2|Kingambit, L50, F|
|poke|p2|Sneasler, L50, F|
|poke|p2|Hydreigon, L50, F|
|poke|p2|Delphox, L50, M|
|poke|p2|Farigiraf, L50, F|
|teampreview|4
|showteam|p1|Annihilape||ChoiceScarf|Defiant|ShadowClaw,CloseCombat,SeedBomb,IcePunch|Adamant||M|||50|]Dragonite||Dragoninite|InnerFocus|DragonDance,DragonClaw,ExtremeSpeed,Protect|Adamant||F|||50|]Armarouge||Leftovers|FlashFire|Psychic,HeatWave,CalmMind,TrickRoom|Modest||M|||50|]Torkoal||Charcoal|Drought|Eruption,HeatWave,EarthPower,Protect|Quiet||M|||50|]Kingambit||LifeOrb|Defiant|IronHead,KowtowCleave,SuckerPunch,Protect|Adamant||M|||50|]Maushold||WideLens|Technician|PopulationBomb,FollowMe,Bite,Protect|Jolly|||||50|
|showteam|p2|Meganium||Meganiumite|Overgrow|WeatherBall,DazzlingGleam,SolarBeam,Protect|Modest||F|||50|]Kingambit||BlackGlasses|Defiant|KowtowCleave,SuckerPunch,IronHead,Protect|Adamant||F|||50|]Sneasler||FocusSash|Unburden|CloseCombat,DireClaw,FakeOut,Protect|Adamant||F|||50|]Hydreigon||DragonFang|Levitate|DracoMeteor,Snarl,Tailwind,Protect|Timid||F|||50|]Delphox||Delphoxite|Blaze|HeatWave,Psychic,DazzlingGleam,Protect|Timid||M|||50|]Farigiraf||SitrusBerry|ArmorTail|TwinBeam,HyperVoice,Protect,TrickRoom|Relaxed||F|||50|
|
|t:|1782312140
|teamsize|p1|4
|teamsize|p2|4
|start
|switch|p1a: Dragonite|Dragonite, L50, F|100/100
|switch|p1b: Torkoal|Torkoal, L50, M|100/100
|switch|p2a: Kingambit|Kingambit, L50, F|100/100
|switch|p2b: Sneasler|Sneasler, L50, F|100/100
|-weather|SunnyDay|[from] ability: Drought|[of] p1b: Torkoal
|turn|1
|
|t:|1782312163
|detailschange|p1a: Dragonite|Dragonite-Mega, L50, F
|-mega|p1a: Dragonite|Dragonite|Dragoninite
|move|p2b: Sneasler|Fake Out|p1b: Torkoal
|-damage|p1b: Torkoal|88/100
|move|p1a: Dragonite|Dragon Dance|p1a: Dragonite
|-boost|p1a: Dragonite|atk|1
|-boost|p1a: Dragonite|spe|1
|move|p2a: Kingambit|Kowtow Cleave|p1a: Dragonite
|-damage|p1a: Dragonite|74/100
|cant|p1b: Torkoal|flinch
|
|-weather|SunnyDay|[upkeep]
|upkeep
|turn|2
|
|t:|1782312180
|switch|p1b: Annihilape|Annihilape, L50, M|100/100
|move|p1a: Dragonite|Protect|p1a: Dragonite
|-singleturn|p1a: Dragonite|Protect
|move|p2b: Sneasler|Close Combat|p1b: Annihilape
|-immune|p1b: Annihilape
|move|p2a: Kingambit|Kowtow Cleave|p1b: Annihilape
|-damage|p1b: Annihilape|34/100
|
|-weather|SunnyDay|[upkeep]
|upkeep
|turn|3
|
|t:|1782312207
|move|p2a: Kingambit|Sucker Punch|p1b: Annihilape
|-damage|p1b: Annihilape|0 fnt
|faint|p1b: Annihilape
|move|p1a: Dragonite|Dragon Claw|p2b: Sneasler
|-enditem|p2b: Sneasler|Focus Sash
|-damage|p2b: Sneasler|1/100
|move|p2b: Sneasler|Dire Claw|p1a: Dragonite
|-damage|p1a: Dragonite|26/100
|
|-weather|SunnyDay|[upkeep]
|upkeep
|
|t:|1782312211
|switch|p1b: Armarouge|Armarouge, L50, M|100/100
|turn|4
|
|t:|1782312220
|switch|p2a: Farigiraf|Farigiraf, L50, F|100/100
|move|p1a: Dragonite|Extreme Speed||[still]
|cant|p2a: Farigiraf|ability: Armor Tail|Extreme Speed|[of] p1a: Dragonite
|move|p2b: Sneasler|Dire Claw|p1b: Armarouge
|-damage|p1b: Armarouge|56/100
|move|p1b: Armarouge|Calm Mind|p1b: Armarouge
|-boost|p1b: Armarouge|spa|1
|-boost|p1b: Armarouge|spd|1
|
|-weather|SunnyDay|[upkeep]
|-heal|p1b: Armarouge|62/100|[from] item: Leftovers
|upkeep
|turn|5
|
|t:|1782312243
|move|p2b: Sneasler|Dire Claw|p1a: Dragonite
|-damage|p1a: Dragonite|0 fnt
|faint|p1a: Dragonite
|move|p1b: Armarouge|Heat Wave|p2b: Sneasler|[spread] p2a,p2b
|-damage|p2a: Farigiraf|4/100
|-damage|p2b: Sneasler|0 fnt
|-enditem|p2a: Farigiraf|Sitrus Berry|[eat]
|-heal|p2a: Farigiraf|29/100|[from] item: Sitrus Berry
|faint|p2b: Sneasler
|move|p2a: Farigiraf|Hyper Voice|p1b: Armarouge
|-damage|p1b: Armarouge|33/100
|
|-weather|none
|-heal|p1b: Armarouge|40/100|[from] item: Leftovers
|upkeep
|
|t:|1782312259
|switch|p2b: Kingambit|Kingambit, L50, F|100/100
|switch|p1a: Torkoal|Torkoal, L50, M|88/100
|-weather|SunnyDay|[from] ability: Drought|[of] p1a: Torkoal
|turn|6
|
|t:|1782312277
|move|p1b: Armarouge|Heat Wave|p2b: Kingambit|[spread] p2a
|-miss|p1b: Armarouge|p2b: Kingambit
|-damage|p2a: Farigiraf|0 fnt
|faint|p2a: Farigiraf
|move|p2b: Kingambit|Kowtow Cleave|p1b: Armarouge
|-supereffective|p1b: Armarouge|1
|-damage|p1b: Armarouge|0 fnt
|faint|p1b: Armarouge
|move|p1a: Torkoal|Heat Wave|p2b: Kingambit
|-supereffective|p2b: Kingambit|1
|-damage|p2b: Kingambit|0 fnt
|faint|p2b: Kingambit
|
|-weather|SunnyDay|[upkeep]
|upkeep
|
|t:|1782312280
|switch|p2b: Delphox|Delphox, L50, M|100/100
|turn|7
|
|t:|1782312290
|detailschange|p2b: Delphox|Delphox-Mega, L50, M
|-mega|p2b: Delphox|Delphox|Delphoxite
|move|p2b: Delphox|Psychic|p1a: Torkoal
|-damage|p1a: Torkoal|13/100
|move|p1a: Torkoal|Heat Wave|p2b: Delphox
|-resisted|p2b: Delphox|1
|-damage|p2b: Delphox|67/100
|
|-weather|SunnyDay|[upkeep]
|upkeep
|turn|8
|
|t:|1782312294
|move|p2b: Delphox|Psychic|p1a: Torkoal
|-damage|p1a: Torkoal|0 fnt
|faint|p1a: Torkoal
|
|win|rojo53
||rojo53 is ready for game 3.
|c|☆VentaMujeresMalaga|ggs
|c|☆rojo53|gg
||VentaMujeresMalaga is ready for game 3.
|uhtml|next|Next: Game 3 of 3
|l|☆VentaMujeresMalaga
|player|p1|
