|j|☆LastHorzion
|j|☆myshirtisdirty
|html|LastHorzionmyshirtisdirty    
|uhtml|bestof|Game 1 of a best-of-3
|t:|1757911259
|gametype|doubles
|player|p1|LastHorzion|steven|1147
|player|p2|myshirtisdirty|1|1205
|gen|9
|tier|[Gen 9] VGC 2025 Reg H (Bo3)
|rated|
|rule|Species Clause: Limit one of each Pokémon
|rule|Item Clause: Limit 1 of each item
|clearpoke
|poke|p1|Sneasler, L50, F|
|poke|p1|Whimsicott, L50, F|
|poke|p1|Indeedee, L50, M|
|poke|p1|Dragapult, L50, M|
|poke|p1|Archaludon, L50, M|
|poke|p1|Ursaluna-Bloodmoon, L50, M|
|poke|p2|Indeedee-F, L50, F|
|poke|p2|Gallade, L50, M|
|poke|p2|Ursaluna, L50, M|
|poke|p2|Torkoal, L50, F|
|poke|p2|Hatterene, L50, F|
|poke|p2|Lilligant-Hisui, L50, F|
|teampreview|4
|showteam|p1|Sneasler||PsychicSeed|Unburden|CloseCombat,DireClaw,ThroatChop,Protect|||F|||50|,,,,,Dark]Whimsicott||CovertCloak|Prankster|Tailwind,Moonblast,BeatUp,SunnyDay|||F|||50|,,,,,Water]Indeedee||FocusSash|PsychicSurge|ExpandingForce,TeraBlast,Imprison,TrickRoom|||M|||50|,,,,,Ground]Dragapult||ChoiceBand|ClearBody|DragonDarts,Uturn,PhantomForce,Outrage|||M|||50|,,,,,Dragon]Archaludon||PowerHerb|Stamina|FlashCannon,ElectroShot,Thunderbolt,Protect|||M|||50|,,,,,Bug]Ursaluna-Bloodmoon||LifeOrb|MindsEye|BloodMoon,HyperVoice,EarthPower,Protect|||M|||50|,,,,,Normal
|showteam|p2|Indeedee-F||SafetyGoggles|PsychicSurge|DazzlingGleam,HelpingHand,TrickRoom,FollowMe|||F|||50|,,,,,Fairy]Gallade||ClearAmulet|Sharpness|PsychoCut,SacredSword,TrickRoom,WideGuard|||M|||50|,,,,,Steel]Ursaluna||FlameOrb|Guts|Facade,Earthquake,HeadlongRush,Protect|||M|||50|,,,,,Ghost]Torkoal||ChoiceSpecs|Drought|WeatherBall,HeatWave,Eruption,EarthPower|||F|||50|,,,,,Grass]Hatterene||LifeOrb|MagicBounce|ExpandingForce,DazzlingGleam,MysticalFire,TrickRoom|||F|||50|,,,,,Water]Lilligant-Hisui||FocusSash|Chlorophyll|SleepPowder,AfterYou,CloseCombat,SolarBlade|||F|||50|,,,,,Ghost
|inactive|Battle timer is ON: inactive players will automatically lose when time's up. (requested by LastHorzion)
|inactive|myshirtisdirty has 60 seconds left.
|inactive|myshirtisdirty has 30 seconds left.
|
|t:|1757911323
|teamsize|p1|4
|teamsize|p2|4
|start
|switch|p1a: Sneasler|Sneasler, L50, F|100/100
|switch|p1b: Indeedee|Indeedee, L50, M, shiny|100/100
|switch|p2a: Torkoal|Torkoal, L50, F, shiny|100/100
|switch|p2b: Lilligant|Lilligant-Hisui, L50, F|100/100
|-fieldstart|move: Psychic Terrain|[from] ability: Psychic Surge|[of] p1b: Indeedee
|-enditem|p1a: Sneasler|Psychic Seed
|-boost|p1a: Sneasler|spd|1|[from] item: Psychic Seed
|-weather|SunnyDay|[from] ability: Drought|[of] p2a: Torkoal
|turn|1
|inactive|myshirtisdirty has 30 seconds left.
|
|t:|1757911355
|move|p1a: Sneasler|Close Combat|p2a: Torkoal
|-damage|p2a: Torkoal|53/100
|-unboost|p1a: Sneasler|def|1
|-unboost|p1a: Sneasler|spd|1
|move|p2b: Lilligant|After You|p2a: Torkoal
|-activate|p2a: Torkoal|move: After You
|move|p2a: Torkoal|Eruption|p1b: Indeedee|[spread] p1a,p1b
|-damage|p1a: Sneasler|21/100
|-damage|p1b: Indeedee|27/100
|move|p1b: Indeedee|Expanding Force|p2b: Lilligant|[spread] p2a,p2b
|-crit|p2a: Torkoal
|-supereffective|p2b: Lilligant
|-damage|p2a: Torkoal|0 fnt
|-enditem|p2b: Lilligant|Focus Sash
|-damage|p2b: Lilligant|1/100
|faint|p2a: Torkoal
|
|-weather|SunnyDay|[upkeep]
|upkeep
|
|t:|1757911376
|switch|p2a: Indeedee|Indeedee-F, L50, F|100/100
|turn|2
|inactive|myshirtisdirty has 30 seconds left.
|
|t:|1757911403
|move|p2a: Indeedee|Follow Me|p2a: Indeedee
|-singleturn|p2a: Indeedee|move: Follow Me
|move|p1a: Sneasler|Dire Claw|p2a: Indeedee
|-crit|p2a: Indeedee
|-damage|p2a: Indeedee|32/100
|move|p2b: Lilligant|Solar Blade||[still]
|-prepare|p2b: Lilligant|Solar Blade
|-anim|p2b: Lilligant|Solar Blade|p1a: Sneasler
|-resisted|p1a: Sneasler
|-damage|p1a: Sneasler|0 fnt
|faint|p1a: Sneasler
|move|p1b: Indeedee|Imprison|p1b: Indeedee
|-start|p1b: Indeedee|move: Imprison
|
|-weather|SunnyDay|[upkeep]
|upkeep
|
|t:|1757911420
|switch|p1a: Archaludon|Archaludon, L50, M, shiny|100/100
|turn|3
|
|t:|1757911436
|switch|p2a: Gallade|Gallade, L50, M, shiny|100/100
|-terastallize|p1a: Archaludon|Bug
|move|p2b: Lilligant|Sleep Powder|p1a: Archaludon
|-status|p1a: Archaludon|slp|[from] move: Sleep Powder
|move|p1b: Indeedee|Expanding Force|p2b: Lilligant|[spread] p2a,p2b
|-supereffective|p2b: Lilligant
|-damage|p2a: Gallade|48/100
|-damage|p2b: Lilligant|0 fnt
|faint|p2b: Lilligant
|cant|p1a: Archaludon|slp
|
|-weather|SunnyDay|[upkeep]
|upkeep
|
|t:|1757911445
|switch|p2b: Indeedee|Indeedee-F, L50, F|32/100
|turn|4
|
|t:|1757911464
|-terastallize|p2b: Indeedee|Fairy
|move|p2a: Gallade|Wide Guard|p2a: Gallade
|-singleturn|p2a: Gallade|Wide Guard
|move|p1b: Indeedee|Tera Blast|p2b: Indeedee
|-damage|p2b: Indeedee|0 fnt
|faint|p2b: Indeedee
|cant|p1a: Archaludon|slp
|
|-weather|SunnyDay|[upkeep]
|upkeep
|turn|5
|
|t:|1757911483
|move|p1b: Indeedee|Expanding Force|p2a: Gallade
|-damage|p2a: Gallade|0 fnt
|faint|p2a: Gallade
|
|win|LastHorzion
||myshirtisdirty is ready for game 2.
||LastHorzion is ready for game 2.
|uhtml|next|Next: Game 2 of 3
