|j|☆ValientFighter2
|j|☆b00mer8556
|html|ValientFighter2b00mer8556    
|uhtml|bestof|Game 1 of a best-of-3
|t:|1757746891
|gametype|doubles
|player|p1|ValientFighter2|ghetsis|1090
|player|p2|b00mer8556|169|1220
|gen|9
|tier|[Gen 9] VGC 2025 Reg H (Bo3)
|rated|
|rule|Species Clause: Limit one of each Pokémon
|rule|Item Clause: Limit 1 of each item
|clearpoke
|poke|p1|Toxapex, L50, M|
|poke|p1|Garchomp, L50, F|
|poke|p1|Tyranitar, L50, F|
|poke|p1|Metagross, L50|
|poke|p1|Staraptor, L50, F|
|poke|p1|Ambipom, L50, F|
|poke|p2|Slaking, L50, F|
|poke|p2|Weezing, L50, F|
|poke|p2|Tatsugiri-Droopy, L50, M|
|poke|p2|Dondozo, L50, M|
|poke|p2|Kilowattrel, L50, F|
|poke|p2|Mamoswine, L50, M|
|teampreview|4
|showteam|p1|Toxapex||BlackSludge|Regenerator|Toxic,Recover,Infestation,BanefulBunker|||M|||50|,,,,,Grass]Garchomp||BrightPowder|SandVeil|SwordsDance,Earthquake,DragonClaw,PoisonJab|||F|||50|,,,,,Steel]Tyranitar||AssaultVest|SandStream|BrickBreak,RockSlide,KnockOff,HighHorsepower|||F|||50|,,,,,Flying]Metagross||ChoiceBand|ClearBody|Earthquake,BulletPunch,ZenHeadbutt,IronHead||||||50|,,,,,Flying]Staraptor||ChoiceScarf|Intimidate|CloseCombat,BraveBird,DoubleEdge,Uturn|||F|||50|,,,,,Flying]Ambipom||LifeOrb|Technician|FakeOut,DoubleHit,AerialAce,Thief|||F|||50|,,,,,Normal
|showteam|p2|Slaking||LifeOrb|Truant|Protect,DoubleEdge,HighHorsepower,SuckerPunch|||F|||50|,,,,,Ghost]Weezing||CovertCloak|NeutralizingGas|Protect,ToxicSpikes,WillOWisp,SludgeBomb|||F|||50|,,,,,Fairy]Tatsugiri-Droopy||AssaultVest|Commander|MuddyWater,DracoMeteor,IcyWind,MirrorCoat|||M|||50|,,,,,Steel]Dondozo||Leftovers|Unaware|Protect,Substitute,WaveCrash,Earthquake|||M|||50|,,,,,Ground]Kilowattrel||ChoiceSpecs|Competitive|VoltSwitch,Discharge,AirSlash,Thunderbolt|||F|||50|,,,,,Ghost]Mamoswine||FocusSash|Oblivious|Protect,Earthquake,IceShard,IcicleCrash|||M|||50|,,,,,Ghost
|
|t:|1757746923
|teamsize|p1|4
|teamsize|p2|4
|start
|switch|p1a: Tyranitar|Tyranitar, L50, F, shiny|100/100
|switch|p1b: Garchomp|Garchomp, L50, F, shiny|100/100
|switch|p2a: Weezing|Weezing, L50, F|100/100
|switch|p2b: Mamoswine|Mamoswine, L50, M|100/100
|-ability|p2a: Weezing|Neutralizing Gas
|turn|1
|
|t:|1757746949
|switch|p1b: Staraptor|Staraptor, L50, F, shiny|100/100
|-terastallize|p2a: Weezing|Fairy
|move|p2b: Mamoswine|Earthquake|p1b: Staraptor|[spread] p2a,p1a
|-immune|p1b: Staraptor
|-supereffective|p1a: Tyranitar
|-damage|p2a: Weezing|62/100
|-damage|p1a: Tyranitar|37/100
|move|p2a: Weezing|Toxic Spikes|p1b: Staraptor
|-sidestart|p1: ValientFighter2|move: Toxic Spikes
|move|p1a: Tyranitar|High Horsepower|p2a: Weezing
|-damage|p2a: Weezing|28/100
|
|upkeep
|turn|2
|
|t:|1757746971
|move|p2a: Weezing|Protect|p2a: Weezing
|-singleturn|p2a: Weezing|Protect
|move|p1b: Staraptor|Double-Edge|p2a: Weezing
|-activate|p2a: Weezing|move: Protect
|move|p2b: Mamoswine|Earthquake|p1b: Staraptor|[spread] p1a
|-activate|p2a: Weezing|move: Protect
|-immune|p1b: Staraptor
|-supereffective|p1a: Tyranitar
|-damage|p1a: Tyranitar|0 fnt
|faint|p1a: Tyranitar
|
|upkeep
|
|t:|1757746975
|switch|p1a: Toxapex|Toxapex, L50, M, shiny|100/100
|-sideend|p1: ValientFighter2|move: Toxic Spikes|[of] p1a: Toxapex
|turn|3
|
|t:|1757746989
|-end|p2a: Weezing|ability: Neutralizing Gas
|-ability|p1b: Staraptor|Intimidate|boost
|-unboost|p2a: Weezing|atk|1
|-fail|p2b: Mamoswine|unboost|Attack|[from] ability: Oblivious|[of] p2b: Mamoswine
|switch|p2a: Kilowattrel|Kilowattrel, L50, F|100/100
|move|p1b: Staraptor|Double-Edge|p2a: Kilowattrel
|-damage|p2a: Kilowattrel|0 fnt
|faint|p2a: Kilowattrel
|-damage|p1b: Staraptor|71/100|[from] Recoil
|move|p2b: Mamoswine|Icicle Crash|p1b: Staraptor|[miss]
|-miss|p2b: Mamoswine|p1b: Staraptor
|move|p1a: Toxapex|Toxic|p2b: Mamoswine
|-status|p2b: Mamoswine|tox
|
|-damage|p2b: Mamoswine|95/100 tox|[from] psn
|upkeep
|
|t:|1757747005
|switch|p2a: Slaking|Slaking, L50, F|100/100
|turn|4
|
|t:|1757747028
|switch|p2a: Weezing|Weezing, L50, F, tera:Fairy|28/100
|-ability|p2a: Weezing|Neutralizing Gas
|move|p2b: Mamoswine|Ice Shard|p1b: Staraptor
|-supereffective|p1b: Staraptor
|-damage|p1b: Staraptor|0 fnt
|faint|p1b: Staraptor
|move|p1a: Toxapex|Infestation|p2b: Mamoswine
|-damage|p2b: Mamoswine|90/100 tox
|-activate|p2b: Mamoswine|move: Infestation|[of] p1a: Toxapex
|
|-damage|p2b: Mamoswine|78/100 tox|[from] psn
|-damage|p2b: Mamoswine|66/100 tox|[from] move: Infestation|[partiallytrapped]
|upkeep
|
|t:|1757747036
|switch|p1b: Garchomp|Garchomp, L50, F, shiny|100/100
|turn|5
|
|t:|1757747058
|-terastallize|p1b: Garchomp|Steel
|move|p2b: Mamoswine|Ice Shard|p1b: Garchomp
|-resisted|p1b: Garchomp
|-damage|p1b: Garchomp|88/100
|move|p1b: Garchomp|Dragon Claw|p2b: Mamoswine
|-damage|p2b: Mamoswine|17/100 tox
|move|p2a: Weezing|Will-O-Wisp|p1b: Garchomp
|-status|p1b: Garchomp|brn
|move|p1a: Toxapex|Toxic|p2a: Weezing
|-status|p2a: Weezing|tox
|
|-damage|p2b: Mamoswine|0 fnt|[from] psn
|faint|p2b: Mamoswine
|-damage|p2a: Weezing|22/100 tox|[from] psn
|-damage|p1b: Garchomp|82/100 brn|[from] brn
|upkeep
|
|t:|1757747070
|switch|p2b: Slaking|Slaking, L50, F|100/100
|turn|6
|
|t:|1757747095
|move|p2a: Weezing|Protect|p2a: Weezing
|-singleturn|p2a: Weezing|Protect
|move|p1b: Garchomp|Poison Jab|p2a: Weezing
|-activate|p2a: Weezing|move: Protect
|move|p2b: Slaking|High Horsepower|p1b: Garchomp
|-supereffective|p1b: Garchomp
|-damage|p1b: Garchomp|0 fnt
|faint|p1b: Garchomp
|-damage|p2b: Slaking|91/100|[from] item: Life Orb
|move|p1a: Toxapex|Toxic|p2b: Slaking
|-status|p2b: Slaking|tox
|
|-damage|p2b: Slaking|84/100 tox|[from] psn
|-damage|p2a: Weezing|10/100 tox|[from] psn
|upkeep
|turn|7
|
|t:|1757747111
|move|p2b: Slaking|High Horsepower|p1a: Toxapex|[miss]
|-miss|p2b: Slaking|p1a: Toxapex
|move|p2a: Weezing|Sludge Bomb|p1a: Toxapex
|-resisted|p1a: Toxapex
|-damage|p1a: Toxapex|90/100
|move|p1a: Toxapex|Infestation|p2b: Slaking
|-damage|p2b: Slaking|81/100 tox
|-activate|p2b: Slaking|move: Infestation|[of] p1a: Toxapex
|
|-heal|p1a: Toxapex|95/100|[from] item: Black Sludge
|-damage|p2b: Slaking|68/100 tox|[from] psn
|-damage|p2a: Weezing|0 fnt|[from] psn
|faint|p2a: Weezing
|-end|p2a: Weezing|ability: Neutralizing Gas
|-damage|p2b: Slaking|56/100 tox|[from] move: Infestation|[partiallytrapped]
|upkeep
|turn|8
|
|t:|1757747125
|cant|p2b: Slaking|ability: Truant
|move|p1a: Toxapex|Infestation|p2b: Slaking
|-damage|p2b: Slaking|52/100 tox
|
|-heal|p1a: Toxapex|100/100|[from] item: Black Sludge
|-damage|p2b: Slaking|34/100 tox|[from] psn
|-damage|p2b: Slaking|21/100 tox|[from] move: Infestation|[partiallytrapped]
|upkeep
|turn|9
|
|t:|1757747133
|move|p1a: Toxapex|Baneful Bunker|p1a: Toxapex
|-singleturn|p1a: Toxapex|move: Protect
|move|p2b: Slaking|High Horsepower|p1a: Toxapex
|-activate|p1a: Toxapex|move: Protect
|
|-damage|p2b: Slaking|0 fnt|[from] psn
|faint|p2b: Slaking
|
|win|ValientFighter2
||b00mer8556 is ready for game 2.
|l|☆ValientFighter2
|player|p1|
||ValientFighter2 is ready for game 2.
|uhtml|next|Next: Game 2 of 3
|l|☆b00mer8556
|player|p2|
