|j|☆Nangerdama
|j|☆MinasDevilCrobats
|html|NangerdamaMinasDevilCrobats    
|uhtml|bestof|Game 1 of a best-of-3
|t:|1756344778
|gametype|doubles
|player|p1|Nangerdama|backersf|1003
|player|p2|MinasDevilCrobats|darach-caitlin|1042
|gen|9
|tier|[Gen 9] VGC 2025 Reg H (Bo3)
|rated|
|rule|Species Clause: Limit one of each Pokémon
|rule|Item Clause: Limit 1 of each item
|clearpoke
|poke|p1|Ninetales-Alola, L50, F|
|poke|p1|Garchomp, L50, M|
|poke|p1|Incineroar, L50, M|
|poke|p1|Sinistcha, L50|
|poke|p1|Electabuzz, L50, F|
|poke|p1|Dragonite, L50, F|
|poke|p2|Indeedee, L50, M|
|poke|p2|Sneasler, L50, M|
|poke|p2|Ursaluna-Bloodmoon, L50, M|
|poke|p2|Talonflame, L50, F|
|poke|p2|Dondozo, L50, F|
|poke|p2|Tatsugiri, L50, M|
|teampreview|4
|showteam|p1|Ninetales-Alola||LifeOrb|SnowWarning|Blizzard,AuroraVeil,Moonblast,Protect|||F|||50|,,,,,Water]Garchomp||ChoiceBand|RoughSkin|Protect,Earthquake,DragonClaw,StompingTantrum|||M|||50|,,,,,Ground]Incineroar||SafetyGoggles|Intimidate|FakeOut,FlareBlitz,PartingShot,KnockOff|||M|||50|,,,,,Ghost]Sinistcha||SitrusBerry|Hospitality|MatchaGotcha,TrickRoom,LifeDew,RagePowder||||||50|,,,,,Fairy]Electabuzz||Eviolite|VitalSpirit|FollowMe,Electroweb,Protect,HelpingHand|||F|||50|,,,,,Steel]Dragonite||LoadedDice|Multiscale|ExtremeSpeed,ScaleShot,Protect,Tailwind|||F|||50|,,,,,Normal
|showteam|p2|Indeedee||ChoiceScarf|PsychicSurge|ExpandingForce,DazzlingGleam,TeraBlast,Trick|||M|||50|,,,,,Psychic]Sneasler||PsychicSeed|Unburden|CloseCombat,DireClaw,ThroatChop,Protect|||M|||50|,,,,,Dark]Ursaluna-Bloodmoon||LifeOrb|MindsEye|BloodMoon,HyperVoice,EarthPower,Protect|||M|||50|,,,,,Normal]Talonflame||CovertCloak|GaleWings|FlareBlitz,Tailwind,WillOWisp,Taunt|||F|||50|,,,,,Ghost]Dondozo||Leftovers|Unaware|Protect,WaveCrash,Earthquake,OrderUp|||F|||50|,,,,,Grass]Tatsugiri||FocusSash|Commander|DracoMeteor,MuddyWater,IcyWind,Taunt|||M|||50|,,,,,Ghost
|inactive|Battle timer is ON: inactive players will automatically lose when time's up. (requested by MinasDevilCrobats)
|
|t:|1756344843
|teamsize|p1|4
|teamsize|p2|4
|start
|switch|p1a: Garchomp|Garchomp, L50, M|100/100
|switch|p1b: Dragonite|Dragonite, L50, F|100/100
|switch|p2a: Ursaluna|Ursaluna-Bloodmoon, L50, M|100/100
|switch|p2b: Talonflame|Talonflame, L50, F|100/100
|turn|1
|inactive|Nangerdama has 30 seconds left.
|
|t:|1756344869
|move|p2b: Talonflame|Tailwind|p2b: Talonflame
|-sidestart|p2: MinasDevilCrobats|move: Tailwind
|move|p2a: Ursaluna|Hyper Voice|p1b: Dragonite|[spread] p1a,p1b
|-damage|p1a: Garchomp|47/100
|-damage|p1b: Dragonite|74/100
|-damage|p2a: Ursaluna|91/100|[from] item: Life Orb
|move|p1a: Garchomp|Earthquake|p2a: Ursaluna|[spread] p2a
|-immune|p1b: Dragonite
|-immune|p2b: Talonflame
|-damage|p2a: Ursaluna|41/100
|move|p1b: Dragonite|Scale Shot|p2b: Talonflame
|-damage|p2b: Talonflame|77/100
|-damage|p2b: Talonflame|53/100
|-damage|p2b: Talonflame|32/100
|-damage|p2b: Talonflame|10/100
|-hitcount|p2b: Talonflame|4
|-unboost|p1b: Dragonite|def|1
|-boost|p1b: Dragonite|spe|1
|
|upkeep
|turn|2
|inactive|Nangerdama has 30 seconds left.
|inactive|MinasDevilCrobats has 30 seconds left.
|
|t:|1756344897
|move|p1b: Dragonite|Extreme Speed|p2b: Talonflame
|-damage|p2b: Talonflame|0 fnt
|faint|p2b: Talonflame
|move|p2a: Ursaluna|Hyper Voice|p1a: Garchomp|[spread] p1a,p1b
|-damage|p1a: Garchomp|0 fnt
|-damage|p1b: Dragonite|13/100
|faint|p1a: Garchomp
|-damage|p2a: Ursaluna|31/100|[from] item: Life Orb
|
|upkeep
|
|t:|1756344909
|switch|p2b: Tatsugiri|Tatsugiri, L50, M|100/100
|switch|p1a: Sinistcha|Sinistcha, L50|100/100
|-heal|p1b: Dragonite|38/100|[from] ability: Hospitality|[of] p1a: Sinistcha
|turn|3
|
|t:|1756344928
|-terastallize|p1b: Dragonite|Normal
|move|p1b: Dragonite|Extreme Speed|p2b: Tatsugiri
|-crit|p2b: Tatsugiri
|-enditem|p2b: Tatsugiri|Focus Sash
|-damage|p2b: Tatsugiri|1/100
|move|p2b: Tatsugiri|Taunt|p1a: Sinistcha
|-start|p1a: Sinistcha|move: Taunt
|move|p2a: Ursaluna|Hyper Voice|p1b: Dragonite|[spread] p1a,p1b
|-damage|p1a: Sinistcha|56/100
|-damage|p1b: Dragonite|0 fnt
|faint|p1b: Dragonite
|-damage|p2a: Ursaluna|21/100|[from] item: Life Orb
|cant|p1a: Sinistcha|move: Taunt|Life Dew
|
|upkeep
|
|t:|1756344948
|switch|p1b: Ninetales|Ninetales-Alola, L50, F|100/100
|-weather|Snowscape|[from] ability: Snow Warning|[of] p1b: Ninetales
|turn|4
|
|t:|1756344976
|switch|p2b: Dondozo|Dondozo, L50, F|100/100
|move|p2a: Ursaluna|Blood Moon|p1a: Sinistcha
|-damage|p1a: Sinistcha|0 fnt
|faint|p1a: Sinistcha
|-damage|p2a: Ursaluna|11/100|[from] item: Life Orb
|move|p1b: Ninetales|Blizzard|p2a: Ursaluna|[spread] p2a,p2b
|-supereffective|p2a: Ursaluna
|-resisted|p2b: Dondozo
|-damage|p2a: Ursaluna|0 fnt
|-damage|p2b: Dondozo|76/100
|faint|p2a: Ursaluna
|-damage|p1b: Ninetales|91/100|[from] item: Life Orb
|
|-weather|Snowscape|[upkeep]
|-heal|p2b: Dondozo|82/100|[from] item: Leftovers
|-sideend|p2: MinasDevilCrobats|move: Tailwind
|upkeep
|
|t:|1756344986
|switch|p2a: Tatsugiri|Tatsugiri, L50, M|1/100
|-activate|p2a: Tatsugiri|ability: Commander|[of] p2b: Dondozo
|-boost|p2b: Dondozo|atk|2
|-boost|p2b: Dondozo|spa|2
|-boost|p2b: Dondozo|spe|2
|-boost|p2b: Dondozo|def|2
|-boost|p2b: Dondozo|spd|2
|turn|5
|
|t:|1756345005
|move|p2b: Dondozo|Wave Crash|p1b: Ninetales
|-damage|p1b: Ninetales|0 fnt
|faint|p1b: Ninetales
|-damage|p2b: Dondozo|62/100|[from] Recoil
|
|win|MinasDevilCrobats
||MinasDevilCrobats is ready for game 2.
||Nangerdama is ready for game 2.
|uhtml|next|Next: Game 2 of 3
