|j|☆girlschoicebandcry
|j|☆ajiooajioo
|html|girlschoicebandcryajiooajioo    
|uhtml|bestof|Game 1 of a best-of-3
|t:|1785099263
|gametype|doubles
|player|p1|girlschoicebandcry|beauty-gen6xy|1126
|player|p2|ajiooajioo|170|1038
|gen|9
|tier|[Gen 9 Champions] VGC 2026 Reg M-B (Bo3)
|rated|
|rule|Species Clause: Limit one of each Pokémon
|rule|Item Clause: Limit 1 of each item
|clearpoke
|poke|p1|Tyranitar, L50, F|
|poke|p1|Excadrill, L50, F|
|poke|p1|Milotic, L50, M|
|poke|p1|Sinistcha, L50|
|poke|p1|Staraptor, L50, M|
|poke|p1|Gholdengo, L50|
|poke|p2|Altaria, L50, M|
|poke|p2|Pyroar, L50, F|
|poke|p2|Floette-Eternal, L50, F|
|poke|p2|Kingambit, L50, M|
|poke|p2|Garchomp, L50, F|
|poke|p2|Basculegion, L50, M|
|teampreview|4
|showteam|p1|Tyranitar||Tyranitarite|SandStream|KnockOff,RockSlide,HighHorsepower,Protect|Jolly||F|||50|]Excadrill||FocusSash|SandRush|HighHorsepower,IronHead,RockSlide,Protect|Adamant||F|||50|]Milotic||SitrusBerry|Competitive|Scald,IcyWind,Haze,Protect|Calm||M|||50|]Sinistcha||ColburBerry|Hospitality|MatchaGotcha,ShadowBall,Protect,RagePowder|Bold|||||50|]Staraptor||Staraptite|Intimidate|CloseCombat,BraveBird,Tailwind,Protect|Jolly||M|||50|]Gholdengo||LifeOrb|GoodasGold|MakeItRain,ShadowBall,NastyPlot,Protect|Modest|||||50|
|showteam|p2|Altaria||HabanBerry|CloudNine|Protect,WillOWisp,Tailwind,HelpingHand|Calm||M|||50|]Pyroar||Pyroarite|Unnerve|HeatWave,Overheat,Protect,Flamethrower|Modest||F|||50|]Floette-Eternal||Floettite|FlowerVeil|LightofRuin,DazzlingGleam,Moonblast,Protect|Modest||F|||50|]Kingambit||FocusSash|Defiant|LowKick,IronHead,KowtowCleave,SuckerPunch|Adamant||M|||50|]Garchomp||LifeOrb|RoughSkin|Earthquake,DragonClaw,RockSlide,Protect|Jolly||F|||50|]Basculegion||MysticWater|Adaptability|WaveCrash,AquaJet,Protect,LastRespects|Adamant||M|||50|
|inactive|Battle timer is ON: inactive players will automatically lose when time's up. (requested by girlschoicebandcry)
|inactive|girlschoicebandcry has 60 seconds left.
|inactive|ajiooajioo has 60 seconds left.
|inactive|girlschoicebandcry has 30 seconds left.
|inactive|girlschoicebandcry has 20 seconds left.
|
|t:|1785099334
|teamsize|p1|4
|teamsize|p2|4
|start
|switch|p1a: Milotic|Milotic, L50, M|100/100
|switch|p1b: Tyranitar|Tyranitar, L50, F|100/100
|switch|p2a: Altaria|Altaria, L50, M|100/100
|switch|p2b: Garchomp|Garchomp, L50, F|100/100
|-weather|Sandstorm|[from] ability: Sand Stream|[of] p1b: Tyranitar
|-ability|p2a: Altaria|Cloud Nine
|turn|1
|inactive|ajiooajioo has 30 seconds left.
|
|t:|1785099368
|switch|p1b: Staraptor|Staraptor, L50, M|100/100
|-ability|p1b: Staraptor|Intimidate|boost
|-unboost|p2a: Altaria|atk|1
|-unboost|p2b: Garchomp|atk|1
|move|p2b: Garchomp|Protect|p2b: Garchomp
|-singleturn|p2b: Garchomp|Protect
|move|p1a: Milotic|Icy Wind|p2b: Garchomp|[spread] p2a
|-activate|p2b: Garchomp|move: Protect
|-supereffective|p2a: Altaria|2
|-damage|p2a: Altaria|67/100
|-unboost|p2a: Altaria|spe|1
|move|p2a: Altaria|Tailwind|p2a: Altaria
|-sidestart|p2: ajiooajioo|move: Tailwind
|
|-weather|Sandstorm|[upkeep]
|upkeep
|turn|2
|inactive|ajiooajioo has 30 seconds left.
|inactive|ajiooajioo has 20 seconds left.
|inactive|ajiooajioo has 15 seconds left.
|
|t:|1785099410
|switch|p2a: Pyroar|Pyroar, L50, F|100/100
|-ability|p2a: Pyroar|Unnerve
|move|p2b: Garchomp|Dragon Claw|p1a: Milotic
|-damage|p1a: Milotic|64/100
|-damage|p2b: Garchomp|90/100|[from] item: Life Orb
|move|p1b: Staraptor|Tailwind|p1b: Staraptor
|-sidestart|p1: girlschoicebandcry|move: Tailwind
|move|p1a: Milotic|Icy Wind|p2a: Pyroar|[spread] p2a,p2b
|-resisted|p2a: Pyroar|1
|-supereffective|p2b: Garchomp|2
|-damage|p2a: Pyroar|93/100
|-damage|p2b: Garchomp|51/100
|-unboost|p2a: Pyroar|spe|1
|-unboost|p2b: Garchomp|spe|1
|
|-weather|Sandstorm|[upkeep]
|-damage|p1b: Staraptor|94/100|[from] Sandstorm
|-damage|p1a: Milotic|58/100|[from] Sandstorm
|-damage|p2a: Pyroar|87/100|[from] Sandstorm
|upkeep
|turn|3
|inactive|ajiooajioo has 30 seconds left.
|
|t:|1785099438
|switch|p2b: Kingambit|Kingambit, L50, M|100/100
|detailschange|p1b: Staraptor|Staraptor-Mega, L50, M
|-mega|p1b: Staraptor|Staraptor|Staraptite
|detailschange|p2a: Pyroar|Pyroar-Mega, L50, F
|-mega|p2a: Pyroar|Pyroar|Pyroarite
|move|p2a: Pyroar|Protect|p2a: Pyroar
|-singleturn|p2a: Pyroar|Protect
|move|p1b: Staraptor|Close Combat|p2a: Pyroar
|-activate|p2a: Pyroar|move: Protect
|move|p1a: Milotic|Icy Wind|p2b: Kingambit|[spread] p2b
|-activate|p2a: Pyroar|move: Protect
|-resisted|p2b: Kingambit|1
|-damage|p2b: Kingambit|95/100
|-unboost|p2b: Kingambit|spe|1
|-ability|p2b: Kingambit|Defiant|boost
|-boost|p2b: Kingambit|atk|2
|
|-weather|Sandstorm|[upkeep]
|-damage|p1b: Staraptor|88/100|[from] Sandstorm
|-damage|p1a: Milotic|52/100|[from] Sandstorm
|-damage|p2a: Pyroar|80/100|[from] Sandstorm
|upkeep
|turn|4
|inactive|ajiooajioo has 30 seconds left.
|inactive|girlschoicebandcry has 30 seconds left.
|
|t:|1785099473
|move|p1b: Staraptor|Protect|p1b: Staraptor
|-singleturn|p1b: Staraptor|Protect
|move|p1a: Milotic|Scald|p2b: Kingambit
|-damage|p2b: Kingambit|68/100
|-status|p2b: Kingambit|brn
|move|p2a: Pyroar|Flamethrower|p1b: Staraptor
|-activate|p1b: Staraptor|move: Protect
|move|p2b: Kingambit|Kowtow Cleave|p1a: Milotic
|-damage|p1a: Milotic|4/100
|-enditem|p1a: Milotic|Sitrus Berry|[eat]
|-heal|p1a: Milotic|28/100|[from] item: Sitrus Berry
|
|-weather|Sandstorm|[upkeep]
|-damage|p1b: Staraptor|82/100|[from] Sandstorm
|-damage|p1a: Milotic|23/100|[from] Sandstorm
|-damage|p2a: Pyroar|74/100|[from] Sandstorm
|-damage|p2b: Kingambit|62/100 brn|[from] brn
|-sideend|p2: ajiooajioo|move: Tailwind
|upkeep
|turn|5
|inactive|ajiooajioo has 30 seconds left.
|
|t:|1785099503
|move|p2a: Pyroar|Protect|p2a: Pyroar
|-singleturn|p2a: Pyroar|Protect
|move|p1b: Staraptor|Close Combat|p2a: Pyroar
|-activate|p2a: Pyroar|move: Protect
|move|p1a: Milotic|Scald|p2b: Kingambit
|-damage|p2b: Kingambit|34/100 brn
|move|p2b: Kingambit|Kowtow Cleave|p1a: Milotic
|-damage|p1a: Milotic|0 fnt
|faint|p1a: Milotic
|
|-weather|none
|-damage|p2b: Kingambit|28/100 brn|[from] brn
|-sideend|p1: girlschoicebandcry|move: Tailwind
|upkeep
|inactive|girlschoicebandcry has 30 seconds left.
|inactive|girlschoicebandcry has 20 seconds left.
|
|t:|1785099539
|switch|p1a: Tyranitar|Tyranitar, L50, F|100/100
|-weather|Sandstorm|[from] ability: Sand Stream|[of] p1a: Tyranitar
|turn|6
|inactive|ajiooajioo has 30 seconds left.
|
|t:|1785099568
|move|p1b: Staraptor|Close Combat|p2a: Pyroar
|-supereffective|p2a: Pyroar|1
|-damage|p2a: Pyroar|0 fnt
|-boost|p1b: Staraptor|def|1
|-boost|p1b: Staraptor|spd|1
|faint|p2a: Pyroar
|move|p1a: Tyranitar|Rock Slide|p2b: Kingambit
|-resisted|p2b: Kingambit|1
|-damage|p2b: Kingambit|14/100 brn
|move|p2b: Kingambit|Low Kick|p1a: Tyranitar
|-supereffective|p1a: Tyranitar|2
|-damage|p1a: Tyranitar|0 fnt
|faint|p1a: Tyranitar
|
|-weather|Sandstorm|[upkeep]
|-damage|p1b: Staraptor|76/100|[from] Sandstorm
|-damage|p2b: Kingambit|8/100 brn|[from] brn
|upkeep
|
|t:|1785099583
|switch|p2a: Altaria|Altaria, L50, M|67/100
|switch|p1a: Gholdengo|Gholdengo, L50|100/100
|-ability|p2a: Altaria|Cloud Nine
|turn|7
|inactive|ajiooajioo has 30 seconds left.
|
|t:|1785099609
|move|p1a: Gholdengo|Protect|p1a: Gholdengo
|-singleturn|p1a: Gholdengo|Protect
|move|p2b: Kingambit|Sucker Punch||[still]
|-fail|p2b: Kingambit
|move|p1b: Staraptor|Close Combat|p2b: Kingambit
|-supereffective|p2b: Kingambit|2
|-damage|p2b: Kingambit|0 fnt
|-boost|p1b: Staraptor|def|1
|-boost|p1b: Staraptor|spd|1
|faint|p2b: Kingambit
|move|p2a: Altaria|Will-O-Wisp|p1b: Staraptor
|-status|p1b: Staraptor|brn
|
|-weather|Sandstorm|[upkeep]
|-damage|p1b: Staraptor|70/100 brn|[from] brn
|upkeep
|
|t:|1785099624
|switch|p2b: Garchomp|Garchomp, L50, F|51/100
|turn|8
|inactive|ajiooajioo has 30 seconds left.
|
|t:|1785099656
|move|p1b: Staraptor|Close Combat|p2b: Garchomp
|-damage|p2b: Garchomp|25/100
|-boost|p1b: Staraptor|def|1
|-boost|p1b: Staraptor|spd|1
|-damage|p1b: Staraptor|58/100 brn|[from] ability: Rough Skin|[of] p2b: Garchomp
|move|p2b: Garchomp|Earthquake|p1b: Staraptor|[spread] p1a
|-immune|p2a: Altaria
|-immune|p1b: Staraptor
|-supereffective|p1a: Gholdengo|1
|-damage|p1a: Gholdengo|1/100
|-damage|p2b: Garchomp|15/100|[from] item: Life Orb
|move|p1a: Gholdengo|Make It Rain|p2a: Altaria|[spread] p2a,p2b
|-damage|p2a: Altaria|23/100
|-damage|p2b: Garchomp|0 fnt
|-unboost|p1a: Gholdengo|spa|2
|faint|p2b: Garchomp
|-damage|p1a: Gholdengo|0 fnt|[from] item: Life Orb
|faint|p1a: Gholdengo
|move|p2a: Altaria|Tailwind|p2a: Altaria
|-sidestart|p2: ajiooajioo|move: Tailwind
|
|-weather|Sandstorm|[upkeep]
|-damage|p1b: Staraptor|52/100 brn|[from] brn
|upkeep
|turn|9
|
|t:|1785099681
|move|p2a: Altaria|Protect|p2a: Altaria
|-singleturn|p2a: Altaria|Protect
|move|p1b: Staraptor|Brave Bird|p2a: Altaria
|-activate|p2a: Altaria|move: Protect
|
|-weather|Sandstorm|[upkeep]
|-damage|p1b: Staraptor|47/100 brn|[from] brn
|upkeep
|turn|10
|-message|ajiooajioo forfeited.
|
|win|girlschoicebandcry
