|j|☆Erp_01
|j|☆angusgrind13
|html|Erp_01angusgrind13    
|uhtml|bestof|Game 2 of a best-of-3
|t:|1784817187
|gametype|doubles
|player|p1|Erp_01|roy|1238
|player|p2|angusgrind13|steven|1161
|gen|9
|tier|[Gen 9 Champions] VGC 2026 Reg M-B (Bo3)
|rated|
|rule|Species Clause: Limit one of each Pokémon
|rule|Item Clause: Limit 1 of each item
|clearpoke
|poke|p1|Froslass, L50, F|
|poke|p1|Glimmora, L50, M|
|poke|p1|Palafin, L50, F, shiny|
|poke|p1|Dragonite, L50, F|
|poke|p1|Kingambit, L50, F, shiny|
|poke|p1|Sinistcha-Masterpiece, L50|
|poke|p2|Primarina, L50, F|
|poke|p2|Kingambit, L50, M|
|poke|p2|Froslass, L50, F|
|poke|p2|Sneasler, L50, F|
|poke|p2|Lycanroc-Dusk, L50, F|
|poke|p2|Dragonite, L50, M|
|teampreview|4
|showteam|p1|Froslass||Froslassite|CursedBody|IcyWind,Blizzard,ShadowBall,AuroraVeil|Timid||F|||50|]Glimmora||FocusSash|ToxicDebris|PowerGem,EarthPower,SludgeBomb,SpikyShield|Modest||M|||50|]Palafin||Leftovers|ZerotoHero|WaveCrash,JetPunch,BulkUp,Protect|Adamant||F|||50|]Dragonite||Dragoninite|Multiscale|Tailwind,DragonPulse,HeatWave,Protect|Modest||F|||50|]Kingambit||BlackGlasses|Defiant|KowtowCleave,SuckerPunch,SwordsDance,Protect|Adamant||F|||50|]Sinistcha-Masterpiece||ColburBerry|Hospitality|MatchaGotcha,RagePowder,TrickRoom,Protect|Calm|||||50|
|showteam|p2|Primarina||LifeOrb|LiquidVoice|HyperVoice,Moonblast,Haze,Protect|Modest||F|||50|]Kingambit||BlackGlasses|Defiant|KowtowCleave,SuckerPunch,SwordsDance,Protect|Adamant||M|||50|]Froslass||Froslassite|CursedBody|Blizzard,ShadowBall,AuroraVeil,Protect|Timid||F|||50|]Sneasler||WhiteHerb|Unburden|GunkShot,CloseCombat,FakeOut,Protect|Adamant||F|||50|]Lycanroc-Dusk||FocusSash|ToughClaws|RockSlide,Accelerock,CloseCombat,Protect|Adamant||F|||50|]Dragonite||Dragoninite|Multiscale|DragonPulse,Flamethrower,Tailwind,Protect|Modest||M|||50|
|inactive|Battle timer is ON: inactive players will automatically lose when time's up. (requested by Erp_01)
|
|t:|1784817220
|teamsize|p1|4
|teamsize|p2|4
|start
|switch|p1a: Froslass|Froslass, L50, F|100/100
|switch|p1b: Glimmora|Glimmora, L50, M|100/100
|switch|p2a: Froslass|Froslass, L50, F|100/100
|switch|p2b: Sneasler|Sneasler, L50, F|100/100
|turn|1
|
|t:|1784817240
|detailschange|p2a: Froslass|Froslass-Mega, L50, F
|-mega|p2a: Froslass|Froslass|Froslassite
|-weather|Snowscape|[from] ability: Snow Warning|[of] p2a: Froslass
|detailschange|p1a: Froslass|Froslass-Mega, L50, F
|-mega|p1a: Froslass|Froslass|Froslassite
|move|p1b: Glimmora|Spiky Shield|p1b: Glimmora
|-singleturn|p1b: Glimmora|move: Protect
|move|p2b: Sneasler|Fake Out|p1b: Glimmora
|-activate|p1b: Glimmora|move: Protect
|-damage|p2b: Sneasler|87/100|[from] Spiky Shield|[of] p1b: Glimmora
|move|p2a: Froslass|Shadow Ball|p1a: Froslass
|-supereffective|p1a: Froslass|1
|-damage|p1a: Froslass|17/100
|move|p1a: Froslass|Blizzard|p2a: Froslass|[spread] p2a,p2b
|-resisted|p2a: Froslass|1
|-damage|p2a: Froslass|75/100
|-damage|p2b: Sneasler|42/100
|
|-weather|Snowscape|[upkeep]
|upkeep
|turn|2
|
|t:|1784817260
|switch|p1b: Sinistcha|Sinistcha-Masterpiece, L50|100/100
|-heal|p1a: Froslass|42/100|[from] ability: Hospitality|[of] p1b: Sinistcha
|move|p2a: Froslass|Blizzard|p1b: Sinistcha|[spread] p1a,p1b
|-resisted|p1a: Froslass|1
|-supereffective|p1b: Sinistcha|1
|-damage|p1a: Froslass|21/100
|-damage|p1b: Sinistcha|24/100
|move|p1a: Froslass|Shadow Ball|p2a: Froslass
|-supereffective|p2a: Froslass|1
|-damage|p2a: Froslass|0 fnt
|faint|p2a: Froslass
|move|p2b: Sneasler|Close Combat|p1b: Sinistcha
|-immune|p1b: Sinistcha
|
|-weather|Snowscape|[upkeep]
|upkeep
|
|t:|1784817264
|switch|p2a: Kingambit|Kingambit, L50, M|100/100
|turn|3
|inactive|angusgrind13 has 30 seconds left.
|
|t:|1784817291
|move|p1b: Sinistcha|Rage Powder|p1b: Sinistcha
|-singleturn|p1b: Sinistcha|move: Rage Powder
|move|p2a: Kingambit|Sucker Punch||[still]
|-fail|p2a: Kingambit
|move|p1a: Froslass|Blizzard|p2b: Sneasler|[spread] p2a,p2b
|-resisted|p2a: Kingambit|1
|-damage|p2a: Kingambit|80/100
|-damage|p2b: Sneasler|0 fnt
|faint|p2b: Sneasler
|
|-weather|Snowscape|[upkeep]
|upkeep
|
|t:|1784817297
|switch|p2b: Primarina|Primarina, L50, F|100/100
|turn|4
|
|t:|1784817304
|move|p1a: Froslass|Aurora Veil|p1a: Froslass
|-sidestart|p1: Erp_01|move: Aurora Veil
|move|p2b: Primarina|Hyper Voice|p1b: Sinistcha|[spread] p1a,p1b
|-crit|p1a: Froslass
|-resisted|p1b: Sinistcha|1
|-damage|p1a: Froslass|0 fnt
|-damage|p1b: Sinistcha|10/100
|faint|p1a: Froslass
|-damage|p2b: Primarina|90/100|[from] item: Life Orb
|move|p1b: Sinistcha|Matcha Gotcha|p2a: Kingambit|[spread] p2a,p2b
|-resisted|p2a: Kingambit|1
|-supereffective|p2b: Primarina|1
|-damage|p2a: Kingambit|68/100
|-heal|p1b: Sinistcha|17/100|[from] drain|[of] p2a: Kingambit
|-damage|p2b: Primarina|39/100
|-heal|p1b: Sinistcha|39/100|[from] drain|[of] p2b: Primarina
|-status|p2a: Kingambit|brn
|move|p2a: Kingambit|Swords Dance|p2a: Kingambit
|-boost|p2a: Kingambit|atk|2
|
|-weather|Snowscape|[upkeep]
|-damage|p2a: Kingambit|62/100 brn|[from] brn
|upkeep
|
|t:|1784817315
|switch|p1a: Glimmora|Glimmora, L50, M|100/100
|turn|5
|
|t:|1784817321
|move|p2a: Kingambit|Sucker Punch|p1b: Sinistcha
|-supereffective|p1b: Sinistcha|1
|-enditem|p1b: Sinistcha|Colbur Berry|[eat]
|-enditem|p1b: Sinistcha|Colbur Berry|[weaken]
|-damage|p1b: Sinistcha|12/100
|move|p1a: Glimmora|Earth Power|p2a: Kingambit
|-supereffective|p2a: Kingambit|1
|-damage|p2a: Kingambit|0 fnt
|faint|p2a: Kingambit
|move|p2b: Primarina|Hyper Voice|p1a: Glimmora|[spread] p1a,p1b
|-supereffective|p1a: Glimmora|1
|-resisted|p1b: Sinistcha|1
|-damage|p1a: Glimmora|8/100
|-damage|p1b: Sinistcha|0 fnt
|faint|p1b: Sinistcha
|-damage|p2b: Primarina|29/100|[from] item: Life Orb
|
|-weather|none
|upkeep
|
|t:|1784817324
|switch|p1b: Kingambit|Kingambit, L50, F, shiny|100/100
|turn|6
|
|t:|1784817328
|move|p1a: Glimmora|Sludge Bomb|p2b: Primarina
|-supereffective|p2b: Primarina|1
|-damage|p2b: Primarina|0 fnt
|faint|p2b: Primarina
|
|win|Erp_01
|raw|Erp_01's rating: 1238 → 1258(+20 for winning)
|raw|angusgrind13's rating: 1161 → 1141(-20 for losing)
