|j|☆beykidgamer
|j|☆kirbybreaker
|html|beykidgamerkirbybreaker    
|uhtml|bestof|Game 2 of a best-of-3
|t:|1783790243
|gametype|doubles
|player|p1|beykidgamer|lucas-gen4pt|
|player|p2|kirbybreaker|miku-ghost|
|gen|9
|tier|[Gen 9 Champions] VGC 2026 Reg M-B (Bo3)
|rule|Species Clause: Limit one of each Pokémon
|rule|Item Clause: Limit 1 of each item
|clearpoke
|poke|p1|Basculegion, L50, M, shiny|
|poke|p1|Froslass, L50, F, shiny|
|poke|p1|Maushold-Four, L50|
|poke|p1|Rotom-Wash, L50|
|poke|p1|Goodra-Hisui, L50, F|
|poke|p1|Sneasler, L50, M, shiny|
|poke|p2|Annihilape, L50, F|
|poke|p2|Mimikyu, L50, M|
|poke|p2|Sableye, L50, F|
|poke|p2|Froslass, L50, F|
|poke|p2|Basculegion, L50, M|
|poke|p2|Sinistcha, L50|
|teampreview|4
|showteam|p1|Basculegion||FocusSash|Adaptability|LastRespects,Liquidation,AquaJet,Protect|Adamant||M|||50|]Froslass||Froslassite|SnowCloak|Blizzard,AuroraVeil,ShadowBall,Protect|Modest||F|||50|]Maushold-Four||ChopleBerry|FriendGuard|PopulationBomb,FollowMe,Taunt,Uturn|Adamant|||||50|]Rotom-Wash||RindoBerry|Levitate|Thunderbolt,HydroPump,WillOWisp,Reflect|Modest|||||50|]Goodra-Hisui||Leftovers|SapSipper|DragonPulse,FlashCannon,BodyPress,Shelter|Bold||F|||50|]Sneasler||WhiteHerb|Unburden|DireClaw,CloseCombat,FakeOut,Acrobatics|Adamant||M|||50|
|showteam|p2|Annihilape||FocusSash|Defiant|CloseCombat,RageFist,Protect,RockSlide|Adamant||F|||50|]Mimikyu||LifeOrb|Disguise|PlayRough,ShadowClaw,ShadowSneak,Protect|Jolly||M|||50|]Sableye||Sablenite|KeenEye|SuckerPunch,Poltergeist,LowKick,ThroatChop|Brave||F|||50|]Froslass||Froslassite|CursedBody|Blizzard,ShadowBall,Protect,Thunderbolt|Timid||F|||50|]Basculegion||ChoiceScarf|Adaptability|WaveCrash,LastRespects,AquaJet,FlipTurn|Adamant||M|||50|]Sinistcha||KasibBerry|Hospitality|MatchaGotcha,LifeDew,RagePowder,TrickRoom|Bold|||||50|
|
|t:|1783790308
|teamsize|p1|4
|teamsize|p2|4
|start
|switch|p1a: Sneasler|Sneasler, L50, M, shiny|100/100
|switch|p1b: Maushold|Maushold-Four, L50|100/100
|switch|p2a: Yellow|Mimikyu, L50, M|100/100
|switch|p2b: Seth|Froslass, L50, F|100/100
|turn|1
|
|t:|1783790337
|detailschange|p2b: Seth|Froslass-Mega, L50, F
|-mega|p2b: Seth|Froslass|Froslassite
|-weather|Snowscape|[from] ability: Snow Warning|[of] p2b: Seth
|move|p1b: Maushold|Follow Me|p1b: Maushold
|-singleturn|p1b: Maushold|move: Follow Me
|move|p2b: Seth|Blizzard|p1b: Maushold|[spread] p1a,p1b
|-damage|p1a: Sneasler|55/100
|-damage|p1b: Maushold|44/100
|move|p2a: Yellow|Play Rough|p1b: Maushold
|-damage|p1b: Maushold|0 fnt
|faint|p1b: Maushold
|-damage|p2a: Yellow|90/100|[from] item: Life Orb
|move|p1a: Sneasler|Dire Claw|p2a: Yellow
|-activate|p2a: Yellow|ability: Disguise
|-damage|p2a: Yellow|90/100
|-status|p2a: Yellow|slp
|detailschange|p2a: Yellow|Mimikyu-Busted, L50, M
|-damage|p2a: Yellow|78/100 slp|[from] pokemon: Mimikyu-Busted
|
|-weather|Snowscape|[upkeep]
|upkeep
|
|t:|1783790360
|switch|p1b: Goodra|Goodra-Hisui, L50, F|100/100
|turn|2
|
|t:|1783790370
|move|p2b: Seth|Blizzard|p1a: Sneasler|[spread] p1a,p1b
|-damage|p1a: Sneasler|1/100
|-damage|p1b: Goodra|71/100
|-status|p1a: Sneasler|frz
|cant|p2a: Yellow|slp
|cant|p1a: Sneasler|frz
|move|p1b: Goodra|Flash Cannon|p2b: Seth
|-supereffective|p2b: Seth|1
|-damage|p2b: Seth|12/100
|
|-weather|Snowscape|[upkeep]
|-heal|p1b: Goodra|77/100|[from] item: Leftovers
|upkeep
|turn|3
|
|t:|1783790393
|move|p2b: Seth|Blizzard|p1b: Goodra|[spread] p1a,p1b
|-crit|p1a: Sneasler
|-damage|p1a: Sneasler|0 fnt
|-damage|p1b: Goodra|48/100
|faint|p1a: Sneasler
|cant|p2a: Yellow|slp
|move|p1b: Goodra|Flash Cannon|p2b: Seth
|-supereffective|p2b: Seth|1
|-damage|p2b: Seth|0 fnt
|faint|p2b: Seth
|
|-weather|Snowscape|[upkeep]
|-heal|p1b: Goodra|54/100|[from] item: Leftovers
|upkeep
|
|t:|1783790407
|switch|p2b: Blue|Basculegion, L50, M|100/100
|switch|p1a: Rotom|Rotom-Wash, L50|100/100
|turn|4
|
|t:|1783790417
|move|p2b: Blue|Last Respects|p1a: Rotom
|-damage|p1a: Rotom|29/100
|-curestatus|p2a: Yellow|slp|[msg]
|move|p2a: Yellow|Shadow Claw|p1a: Rotom
|-damage|p1a: Rotom|0 fnt
|faint|p1a: Rotom
|-damage|p2a: Yellow|68/100|[from] item: Life Orb
|move|p1b: Goodra|Flash Cannon|p2a: Yellow
|-supereffective|p2a: Yellow|1
|-damage|p2a: Yellow|0 fnt
|faint|p2a: Yellow
|
|-weather|Snowscape|[upkeep]
|-heal|p1b: Goodra|59/100|[from] item: Leftovers
|upkeep
|
|t:|1783790423
|switch|p2a: Orange|Annihilape, L50, F|100/100
|turn|5
|c|☆kirbybreaker|gg
|
|t:|1783790442
|move|p2b: Blue|Last Respects|p1b: Goodra
|-damage|p1b: Goodra|0 fnt
|faint|p1b: Goodra
|
|win|kirbybreaker
