|j|☆barri deagol
|j|☆pimi19
|html|barri deagolpimi19    
|uhtml|bestof|Game 2 of a best-of-3
|t:|1756533477
|gametype|doubles
|player|p1|barri deagol|collector|1162
|player|p2|pimi19|101|1125
|gen|9
|tier|[Gen 9] VGC 2025 Reg H (Bo3)
|rated|
|rule|Species Clause: Limit one of each Pokémon
|rule|Item Clause: Limit 1 of each item
|clearpoke
|poke|p1|Archaludon, L50, M|
|poke|p1|Dragonite, L50, F|
|poke|p1|Pelipper, L50, M|
|poke|p1|Ursaluna, L50, F|
|poke|p1|Sinistcha, L50|
|poke|p1|Gholdengo, L50|
|poke|p2|Amoonguss, L50, F|
|poke|p2|Kilowattrel, L50, M|
|poke|p2|Tyranitar, L50, M|
|poke|p2|Gholdengo, L50|
|poke|p2|Gyarados, L50, M|
|poke|p2|Garchomp, L50, F|
|teampreview|4
|showteam|p1|Archaludon||AssaultVest|Stamina|FlashCannon,BodyPress,ElectroShot,Snarl|||M|||50|,,,,,Fighting]Dragonite||LoadedDice|Multiscale|ScaleShot,Tailwind,Haze,Protect|||F|||50|,,,,,Fairy]Pelipper||FocusSash|Drizzle|MuddyWater,Hurricane,Tailwind,Protect|||M|||50|,,,,,Ghost]Ursaluna||FlameOrb|Guts|Facade,HeadlongRush,Earthquake,Protect|||F|||50|,,,,,Ghost]Sinistcha||SitrusBerry|Hospitality|MatchaGotcha,LifeDew,RagePowder,TrickRoom||||||50|,,,,,Dark]Gholdengo||ChoiceScarf|GoodasGold|MakeItRain,ShadowBall,Trick,Protect||||||50|,,,,,Flying
|showteam|p2|Amoonguss||MentalHerb|Regenerator|Protect,PollenPuff,Spore,RagePowder|||F|||50|,,,,,Fairy]Kilowattrel||CovertCloak|Competitive|Thunderbolt,AirSlash,Tailwind,Protect|||M|||50|,,,,,Steel]Tyranitar||AssaultVest|SandStream|RockSlide,KnockOff,LowKick,TeraBlast|||M|||50|,,,,,Flying]Gholdengo||ChoiceSpecs|GoodasGold|MakeItRain,ShadowBall,Protect,Trick||||||50|,,,,,Steel]Gyarados||SafetyGoggles|Intimidate|Waterfall,ThunderWave,Taunt,Protect|||M|||50|,,,,,Ground]Garchomp||ClearAmulet|SandVeil|DragonClaw,Earthquake,StompingTantrum,Protect|||F|||50|,,,,,Fairy
|j| iamsocooll
|l| iamsocooll
|inactive|Battle timer is ON: inactive players will automatically lose when time's up. (requested by pimi19)
|
|t:|1756533528
|teamsize|p1|4
|teamsize|p2|4
|start
|switch|p1a: Dragonite|Dragonite, L50, F|100/100
|switch|p1b: Ursaluna|Ursaluna, L50, F|100/100
|switch|p2a: Gholdengo|Gholdengo, L50|100/100
|switch|p2b: Gyarados|Gyarados, L50, M|100/100
|-ability|p2b: Gyarados|Intimidate|boost
|-unboost|p1a: Dragonite|atk|1
|-unboost|p1b: Ursaluna|atk|1
|turn|1
|inactive|pimi19 has 30 seconds left.
|
|t:|1756533560
|move|p1b: Ursaluna|Protect|p1b: Ursaluna
|-singleturn|p1b: Ursaluna|Protect
|move|p2a: Gholdengo|Shadow Ball|p1a: Dragonite
|-damage|p1a: Dragonite|71/100
|move|p1a: Dragonite|Tailwind|p1a: Dragonite
|-sidestart|p1: barri deagol|move: Tailwind
|move|p2b: Gyarados|Thunder Wave|p1a: Dragonite
|-status|p1a: Dragonite|par
|
|-status|p1b: Ursaluna|brn|[from] item: Flame Orb
|upkeep
|turn|2
|inactive|barri deagol has 30 seconds left.
|inactive|barri deagol has 20 seconds left.
|inactive|barri deagol has 15 seconds left.
|inactive|barri deagol has 10 seconds left.
|
|t:|1756533608
|switch|p2a: Kilowattrel|Kilowattrel, L50, M|100/100
|switch|p1a: Sinistcha|Sinistcha, L50|100/100
|move|p1b: Ursaluna|Facade|p2b: Gyarados
|-damage|p2b: Gyarados|21/100
|move|p2b: Gyarados|Waterfall|p1b: Ursaluna
|-supereffective|p1b: Ursaluna
|-damage|p1b: Ursaluna|44/100 brn
|
|-damage|p1b: Ursaluna|38/100 brn|[from] brn
|upkeep
|turn|3
|inactive|pimi19 has 30 seconds left.
|
|t:|1756533635
|switch|p2b: Gholdengo|Gholdengo, L50|100/100
|move|p1b: Ursaluna|Protect|p1b: Ursaluna
|-singleturn|p1b: Ursaluna|Protect
|move|p2a: Kilowattrel|Air Slash|p1a: Sinistcha
|-supereffective|p1a: Sinistcha
|-damage|p1a: Sinistcha|35/100
|-enditem|p1a: Sinistcha|Sitrus Berry|[eat]
|-heal|p1a: Sinistcha|60/100|[from] item: Sitrus Berry
|cant|p1a: Sinistcha|flinch
|
|-damage|p1b: Ursaluna|32/100 brn|[from] brn
|upkeep
|turn|4
|
|t:|1756533658
|move|p1b: Ursaluna|Headlong Rush|p2b: Gholdengo
|-supereffective|p2b: Gholdengo
|-damage|p2b: Gholdengo|0 fnt
|-unboost|p1b: Ursaluna|def|1
|-unboost|p1b: Ursaluna|spd|1
|faint|p2b: Gholdengo
|move|p2a: Kilowattrel|Tailwind|p2a: Kilowattrel
|-sidestart|p2: pimi19|move: Tailwind
|move|p1a: Sinistcha|Life Dew|p1a: Sinistcha|[spread] p1a,p1b
|-heal|p1a: Sinistcha|85/100
|-heal|p1b: Ursaluna|57/100 brn
|
|-damage|p1b: Ursaluna|51/100 brn|[from] brn
|-sideend|p1: barri deagol|move: Tailwind
|upkeep
|
|t:|1756533668
|switch|p2b: Gyarados|Gyarados, L50, M|21/100
|-ability|p2b: Gyarados|Intimidate|boost
|-unboost|p1a: Sinistcha|atk|1
|-unboost|p1b: Ursaluna|atk|1
|turn|5
|
|t:|1756533679
|move|p1b: Ursaluna|Protect|p1b: Ursaluna
|-singleturn|p1b: Ursaluna|Protect
|move|p2a: Kilowattrel|Air Slash|p1a: Sinistcha
|-supereffective|p1a: Sinistcha
|-damage|p1a: Sinistcha|21/100
|move|p2b: Gyarados|Taunt|p1a: Sinistcha
|-start|p1a: Sinistcha|move: Taunt
|cant|p1a: Sinistcha|move: Taunt|Trick Room
|
|-damage|p1b: Ursaluna|45/100 brn|[from] brn
|upkeep
|turn|6
|inactive|barri deagol has 30 seconds left.
|inactive|barri deagol has 20 seconds left.
|inactive|barri deagol has 15 seconds left.
|inactive|barri deagol has 10 seconds left.
|
|t:|1756533725
|switch|p1b: Dragonite|Dragonite, L50, F|71/100 par
|switch|p1a: Pelipper|Pelipper, L50, M|100/100
|-weather|RainDance|[from] ability: Drizzle|[of] p1a: Pelipper
|move|p2a: Kilowattrel|Air Slash|p1a: Pelipper|[miss]
|-miss|p2a: Kilowattrel|p1a: Pelipper
|move|p2b: Gyarados|Waterfall|p1b: Dragonite
|-resisted|p1b: Dragonite
|-damage|p1b: Dragonite|41/100 par
|
|-weather|RainDance|[upkeep]
|upkeep
|turn|7
|inactive|pimi19 has 30 seconds left.
|
|t:|1756533756
|switch|p2b: Tyranitar|Tyranitar, L50, M|100/100
|-weather|Sandstorm|[from] ability: Sand Stream|[of] p2b: Tyranitar
|move|p2a: Kilowattrel|Protect|p2a: Kilowattrel
|-singleturn|p2a: Kilowattrel|Protect
|move|p1a: Pelipper|Tailwind|p1a: Pelipper
|-sidestart|p1: barri deagol|move: Tailwind
|move|p1b: Dragonite|Scale Shot|p2a: Kilowattrel
|-activate|p2a: Kilowattrel|move: Protect
|
|-weather|Sandstorm|[upkeep]
|-damage|p2a: Kilowattrel|94/100|[from] Sandstorm
|-damage|p1a: Pelipper|95/100|[from] Sandstorm
|-damage|p1b: Dragonite|35/100 par|[from] Sandstorm
|-sideend|p2: pimi19|move: Tailwind
|upkeep
|turn|8
|
|t:|1756533777
|switch|p2a: Gyarados|Gyarados, L50, M|21/100
|-ability|p2a: Gyarados|Intimidate|boost
|-unboost|p1a: Pelipper|atk|1
|-unboost|p1b: Dragonite|atk|1
|move|p1a: Pelipper|Muddy Water|p2b: Tyranitar|[spread] p2a,p2b
|-resisted|p2a: Gyarados
|-supereffective|p2b: Tyranitar
|-damage|p2a: Gyarados|8/100
|-damage|p2b: Tyranitar|76/100
|move|p1b: Dragonite|Scale Shot|p2a: Gyarados
|-damage|p2a: Gyarados|0 fnt
|faint|p2a: Gyarados
|-hitcount|p2: Gyarados|1
|-unboost|p1b: Dragonite|def|1
|-boost|p1b: Dragonite|spe|1
|move|p2b: Tyranitar|Rock Slide|p1a: Pelipper|[spread] p1a
|-miss|p2b: Tyranitar|p1b: Dragonite
|-supereffective|p1a: Pelipper
|-damage|p1a: Pelipper|5/100
|
|-weather|Sandstorm|[upkeep]
|-damage|p1a: Pelipper|0 fnt|[from] Sandstorm
|-damage|p1b: Dragonite|29/100 par|[from] Sandstorm
|faint|p1a: Pelipper
|upkeep
|
|t:|1756533801
|switch|p1a: Ursaluna|Ursaluna, L50, F|45/100 brn
|switch|p2a: Kilowattrel|Kilowattrel, L50, M|94/100
|turn|9
|
|t:|1756533817
|switch|p1b: Sinistcha|Sinistcha, L50|21/100
|-heal|p1a: Ursaluna|70/100 brn|[from] ability: Hospitality|[of] p1b: Sinistcha
|-terastallize|p2b: Tyranitar|Flying
|move|p1a: Ursaluna|Facade|p2a: Kilowattrel
|-damage|p2a: Kilowattrel|0 fnt
|faint|p2a: Kilowattrel
|move|p2b: Tyranitar|Rock Slide|p1a: Ursaluna|[spread] p1a
|-miss|p2b: Tyranitar|p1b: Sinistcha
|-resisted|p1a: Ursaluna
|-damage|p1a: Ursaluna|58/100 brn
|
|-weather|Sandstorm|[upkeep]
|-damage|p1b: Sinistcha|15/100|[from] Sandstorm
|-damage|p2b: Tyranitar|71/100|[from] Sandstorm
|-damage|p1a: Ursaluna|52/100 brn|[from] brn
|upkeep
|turn|10
|
|t:|1756533839
|move|p1a: Ursaluna|Facade|p2b: Tyranitar
|-damage|p2b: Tyranitar|0 fnt
|faint|p2b: Tyranitar
|
|win|barri deagol
||pimi19 is ready for game 3.
