|j|☆Seteshy
|j|☆pastao
|html|Seteshypastao    
|uhtml|bestof|Game 2 of a best-of-3
|t:|1785426328
|gametype|doubles
|player|p1|Seteshy|1|
|player|p2|pastao|1|
|gen|9
|tier|[Gen 9 Champions] VGC 2026 Reg M-B (Bo3)
|rule|Species Clause: Limit one of each Pokémon
|rule|Item Clause: Limit 1 of each item
|clearpoke
|poke|p1|Tyranitar, L50, M|
|poke|p1|Glimmora, L50, M|
|poke|p1|Garganacl, L50, F|
|poke|p1|Kleavor, L50, M|
|poke|p1|Arcanine-Hisui, L50, F|
|poke|p1|Aerodactyl, L50, M|
|poke|p2|Tsareena, L50, F|
|poke|p2|Venusaur, L50, M|
|poke|p2|Sceptile, L50, F|
|poke|p2|Meowscarada, L50, M|
|poke|p2|Whimsicott, L50, F|
|poke|p2|Scovillain, L50, F|
|teampreview|4
|showteam|p1|Tyranitar||Tyranitarite|SandStream|RockSlide,KnockOff,Protect,HighHorsepower|Adamant||M|||50|]Glimmora||FocusSash|ToxicDebris|PowerGem,SpikyShield,EarthPower,MortalSpin|Modest||M|||50|]Garganacl||Leftovers|PurifyingSalt|SaltCure,BodyPress,IronDefense,Recover|Careful||F|||50|]Kleavor||ChoiceScarf|Sharpness|StoneAxe,XScissor,Uturn,CloseCombat|Adamant||M|||50|]Arcanine-Hisui||LifeOrb|RockHead|FlareBlitz,HeadSmash,WildCharge,ExtremeSpeed|Adamant||F|||50|]Aerodactyl||Aerodactylite|Unnerve|RockSlide,Tailwind,DualWingbeat,Protect|Jolly||M|||50|
|showteam|p2|Tsareena||WideLens|QueenlyMajesty|TripleAxel,Protect,TropKick,LowKick|Adamant||F|||50|]Venusaur||Venusaurite|Chlorophyll|SludgeBomb,Protect,EarthPower,GigaDrain|Modest||M|||50|]Sceptile||Sceptilite|Overgrow|DragonPulse,EarthPower,Detect,EnergyBall|Timid||F|||50|]Meowscarada||ChoiceScarf|Protean|FlowerTrick,TripleAxel,KnockOff,Uturn|Jolly||M|||50|]Whimsicott||FocusSash|Prankster|SunnyDay,Tailwind,Encore,Protect|Timid||F|||50|]Scovillain||QuickClaw|Chlorophyll|RagePowder,Protect,GigaDrain,Flamethrower|Bold||F|||50|
|
|t:|1785426343
|teamsize|p1|4
|teamsize|p2|4
|start
|switch|p1a: Aerodactyl|Aerodactyl, L50, M|100/100
|switch|p1b: Arcanine|Arcanine-Hisui, L50, F|100/100
|switch|p2a: Whimsicott|Whimsicott, L50, F|100/100
|switch|p2b: Meowscarada|Meowscarada, L50, M|100/100
|-ability|p1a: Aerodactyl|Unnerve
|turn|1
|
|t:|1785426379
|move|p2a: Whimsicott|Tailwind|p2a: Whimsicott
|-sidestart|p2: pastao|move: Tailwind
|move|p2b: Meowscarada|Knock Off|p1b: Arcanine
|-start|p2b: Meowscarada|typechange|Dark|[from] ability: Protean
|-damage|p1b: Arcanine|43/100
|-enditem|p1b: Arcanine|Life Orb|[from] move: Knock Off|[of] p2b: Meowscarada
|move|p1a: Aerodactyl|Tailwind|p1a: Aerodactyl
|-sidestart|p1: Seteshy|move: Tailwind
|move|p1b: Arcanine|Flare Blitz|p2a: Whimsicott
|-supereffective|p2a: Whimsicott|1
|-enditem|p2a: Whimsicott|Focus Sash
|-damage|p2a: Whimsicott|1/100
|
|upkeep
|turn|2
|
|t:|1785426406
|switch|p1a: Tyranitar|Tyranitar, L50, M|100/100
|-weather|Sandstorm|[from] ability: Sand Stream|[of] p1a: Tyranitar
|switch|p1b: Kleavor|Kleavor, L50, M|100/100
|move|p2a: Whimsicott|Sunny Day|p2a: Whimsicott
|-weather|SunnyDay
|move|p2b: Meowscarada|Knock Off|p1b: Kleavor
|-damage|p1b: Kleavor|44/100
|-enditem|p1b: Kleavor|Choice Scarf|[from] move: Knock Off|[of] p2b: Meowscarada
|
|-weather|SunnyDay|[upkeep]
|upkeep
|turn|3
|
|t:|1785426426
|switch|p2a: Venusaur|Venusaur, L50, M|100/100
|detailschange|p1a: Tyranitar|Tyranitar-Mega, L50, M
|-mega|p1a: Tyranitar|Tyranitar|Tyranitarite
|-weather|Sandstorm|[from] ability: Sand Stream|[of] p1a: Tyranitar
|move|p2b: Meowscarada|Knock Off|p1a: Tyranitar
|-resisted|p1a: Tyranitar|1
|-damage|p1a: Tyranitar|90/100
|move|p1b: Kleavor|U-turn|p2b: Meowscarada
|-supereffective|p2b: Meowscarada|1
|-damage|p2b: Meowscarada|0 fnt
|faint|p2b: Meowscarada
|
|t:|1785426439
|switch|p1b: Aerodactyl|Aerodactyl, L50, M|100/100|[from] U-turn
|-ability|p1b: Aerodactyl|Unnerve
|move|p1a: Tyranitar|Rock Slide|p2a: Venusaur|[miss]
|-miss|p1a: Tyranitar|p2a: Venusaur
|
|-weather|Sandstorm|[upkeep]
|-damage|p2a: Venusaur|94/100|[from] Sandstorm
|upkeep
|
|t:|1785426449
|switch|p2b: Whimsicott|Whimsicott, L50, F|1/100
|turn|4
|
|t:|1785426464
|detailschange|p2a: Venusaur|Venusaur-Mega, L50, M
|-mega|p2a: Venusaur|Venusaur|Venusaurite
|move|p2b: Whimsicott|Sunny Day|p2b: Whimsicott
|-weather|SunnyDay
|move|p1b: Aerodactyl|Dual Wingbeat|p2a: Venusaur
|-supereffective|p2a: Venusaur|1
|-damage|p2a: Venusaur|58/100
|-supereffective|p2a: Venusaur|1
|-damage|p2a: Venusaur|22/100
|-hitcount|p2a: Venusaur|2
|move|p2a: Venusaur|Giga Drain|p1a: Tyranitar
|-supereffective|p1a: Tyranitar|1
|-damage|p1a: Tyranitar|28/100
|-heal|p2a: Venusaur|63/100|[from] drain|[of] p1a: Tyranitar
|move|p1a: Tyranitar|Knock Off|p2a: Venusaur
|-damage|p2a: Venusaur|21/100
|
|-weather|SunnyDay|[upkeep]
|-sideend|p2: pastao|move: Tailwind
|-sideend|p1: Seteshy|move: Tailwind
|upkeep
|turn|5
|
|t:|1785426509
|move|p2a: Venusaur|Protect|p2a: Venusaur
|-singleturn|p2a: Venusaur|Protect
|move|p1a: Tyranitar|Protect|p1a: Tyranitar
|-singleturn|p1a: Tyranitar|Protect
|move|p2b: Whimsicott|Encore|p1b: Aerodactyl
|-start|p1b: Aerodactyl|Encore
|move|p1b: Aerodactyl|Dual Wingbeat|p2a: Venusaur
|-activate|p2a: Venusaur|move: Protect
|
|-weather|SunnyDay|[upkeep]
|upkeep
|turn|6
|
|t:|1785426578
|switch|p1a: Arcanine|Arcanine-Hisui, L50, F|43/100
|move|p2b: Whimsicott|Tailwind|p2b: Whimsicott
|-sidestart|p2: pastao|move: Tailwind
|move|p2a: Venusaur|Giga Drain|p1a: Arcanine
|-crit|p1a: Arcanine
|-damage|p1a: Arcanine|0 fnt
|-heal|p2a: Venusaur|45/100|[from] drain|[of] p1a: Arcanine
|faint|p1a: Arcanine
|move|p1b: Aerodactyl|Dual Wingbeat|p2a: Venusaur
|-supereffective|p2a: Venusaur|1
|-damage|p2a: Venusaur|11/100
|-supereffective|p2a: Venusaur|1
|-damage|p2a: Venusaur|0 fnt
|faint|p2a: Venusaur
|-hitcount|p2: Venusaur|2
|
|-weather|SunnyDay|[upkeep]
|upkeep
|
|t:|1785426593
|switch|p1a: Tyranitar|Tyranitar-Mega, L50, M|28/100
|switch|p2a: Scovillain|Scovillain, L50, F|100/100
|-weather|Sandstorm|[from] ability: Sand Stream|[of] p1a: Tyranitar
|turn|7
|
|t:|1785426622
|move|p2b: Whimsicott|Encore|p1a: Tyranitar
|-hint|Since gen 7, Dark is immune to Prankster moves.
|-immune|p1a: Tyranitar
|move|p1b: Aerodactyl|Dual Wingbeat|p2a: Scovillain|[miss]
|-miss|p1b: Aerodactyl|p2a: Scovillain
|move|p2a: Scovillain|Giga Drain|p1b: Aerodactyl
|-damage|p1b: Aerodactyl|67/100
|move|p1a: Tyranitar|Rock Slide|p2b: Whimsicott|[spread] p2a,p2b
|-supereffective|p2a: Scovillain|1
|-damage|p2a: Scovillain|15/100
|-damage|p2b: Whimsicott|0 fnt
|faint|p2b: Whimsicott
|
|-weather|Sandstorm|[upkeep]
|-damage|p2a: Scovillain|9/100|[from] Sandstorm
|-end|p1b: Aerodactyl|Encore
|upkeep
|turn|8
|
|t:|1785426664
|move|p1b: Aerodactyl|Dual Wingbeat|p2a: Scovillain
|-supereffective|p2a: Scovillain|1
|-damage|p2a: Scovillain|0 fnt
|faint|p2a: Scovillain
|-hitcount|p2: Scovillain|1
|
|win|Seteshy
|l|☆pastao
|player|p2|
