|j|☆takedownmy
|j|☆EXHOUL
|html|takedownmyEXHOUL    
|uhtml|bestof|Game 2 of a best-of-3
|t:|1756434213
|gametype|doubles
|player|p1|takedownmy|102|1269
|player|p2|EXHOUL|shadowtriad|1392
|gen|9
|tier|[Gen 9] VGC 2025 Reg H (Bo3)
|rated|
|rule|Species Clause: Limit one of each Pokémon
|rule|Item Clause: Limit 1 of each item
|clearpoke
|poke|p1|Glalie, L50, F|
|poke|p1|Incineroar, L50, M|
|poke|p1|Rillaboom, L50, F|
|poke|p1|Ninetales-Alola, L50, F|
|poke|p1|Gholdengo, L50|
|poke|p1|Sneasler, L50, M|
|poke|p2|Torkoal, L50, F|
|poke|p2|Lilligant-Hisui, L50, F|
|poke|p2|Armarouge, L50, F|
|poke|p2|Indeedee-F, L50, F|
|poke|p2|Incineroar, L50, M|
|poke|p2|Ursaluna, L50, F|
|teampreview|4
|showteam|p1|Glalie||Leftovers|Moody|IceBeam,TeraBlast,Substitute,Protect|||F|||50|,,,,,Electric]Incineroar||SafetyGoggles|Intimidate|FlareBlitz,KnockOff,PartingShot,FakeOut|||M|||50|,,,,,Ghost]Rillaboom||AssaultVest|GrassySurge|FakeOut,GrassyGlide,DrumBeating,HighHorsepower|||F|||50|,,,,,Fire]Ninetales-Alola||FocusSash|SnowWarning|Blizzard,IcyWind,Encore,AuroraVeil|||F|||50|,,,,,Ghost]Gholdengo||GrassySeed|GoodasGold|NastyPlot,MakeItRain,ShadowBall,Protect||||||50|,,,,,Water]Sneasler||WhiteHerb|Unburden|CloseCombat,DireClaw,ThroatChop,Protect|||M|||50|,,,,,Dark
|showteam|p2|Torkoal||Charcoal|Drought|Eruption,Flamethrower,ClearSmog,Protect|||F|||50|,,,,,Fire]Lilligant-Hisui||FocusSash|Chlorophyll|SleepPowder,CloseCombat,Encore,AfterYou|||F|||50|,,,,,Steel]Armarouge||LifeOrb|FlashFire|ExpandingForce,ArmorCannon,WideGuard,TrickRoom|||F|||50|,,,,,Grass]Indeedee-F||RockyHelmet|PsychicSurge|FollowMe,HelpingHand,DazzlingGleam,TrickRoom|||F|||50|,,,,,Steel]Incineroar||SafetyGoggles|Intimidate|FakeOut,PartingShot,KnockOff,FlareBlitz|||M|||50|,,,,,Ghost]Ursaluna||FlameOrb|Guts|Facade,HeadlongRush,Earthquake,Protect|||F|||50|,,,,,Ghost
|inactive|Battle timer is ON: inactive players will automatically lose when time's up. (requested by takedownmy)
|inactive|EXHOUL also wants the timer to be on.
|inactive|takedownmy has 60 seconds left.
|
|t:|1756434250
|teamsize|p1|4
|teamsize|p2|4
|start
|switch|p1a: Glalie|Glalie, L50, F|100/100
|switch|p1b: Incineroar|Incineroar, L50, M|100/100
|switch|p2a: Lilligant|Lilligant-Hisui, L50, F|100/100
|switch|p2b: Torkoal|Torkoal, L50, F|100/100
|-ability|p1b: Incineroar|Intimidate|boost
|-unboost|p2a: Lilligant|atk|1
|-unboost|p2b: Torkoal|atk|1
|-weather|SunnyDay|[from] ability: Drought|[of] p2b: Torkoal
|turn|1
|
|t:|1756434275
|switch|p1a: Ninetales|Ninetales-Alola, L50, F|100/100
|-weather|Snowscape|[from] ability: Snow Warning|[of] p1a: Ninetales
|switch|p2b: Indeedee|Indeedee-F, L50, F|100/100
|-fieldstart|move: Psychic Terrain|[from] ability: Psychic Surge|[of] p2b: Indeedee
|move|p2a: Lilligant|Sleep Powder|p1a: Ninetales
|-status|p1a: Ninetales|slp|[from] move: Sleep Powder
|move|p1b: Incineroar|Parting Shot|p2b: Indeedee
|-unboost|p2b: Indeedee|atk|1
|-unboost|p2b: Indeedee|spa|1
|
|t:|1756434287
|switch|p1b: Sneasler|Sneasler, L50, M|100/100|[from] Parting Shot
|
|-weather|Snowscape|[upkeep]
|upkeep
|turn|2
|
|t:|1756434308
|switch|p1a: Glalie|Glalie, L50, F|100/100
|switch|p2a: Armarouge|Armarouge, L50, F|100/100
|move|p1b: Sneasler|Dire Claw|p2a: Armarouge
|-damage|p2a: Armarouge|61/100
|move|p2b: Indeedee|Trick Room|p2b: Indeedee
|-fieldstart|move: Trick Room|[of] p2b: Indeedee
|
|-weather|Snowscape|[upkeep]
|-ability|p1a: Glalie|Moody|boost
|-boost|p1a: Glalie|spd|2
|-unboost|p1a: Glalie|spa|1
|upkeep
|turn|3
|
|t:|1756434324
|switch|p2b: Torkoal|Torkoal, L50, F|100/100
|-weather|SunnyDay|[from] ability: Drought|[of] p2b: Torkoal
|switch|p1b: Incineroar|Incineroar, L50, M|100/100
|-ability|p1b: Incineroar|Intimidate|boost
|-unboost|p2a: Armarouge|atk|1
|-unboost|p2b: Torkoal|atk|1
|move|p1a: Glalie|Protect|p1a: Glalie
|-singleturn|p1a: Glalie|Protect
|move|p2a: Armarouge|Armor Cannon|p1b: Incineroar
|-resisted|p1b: Incineroar
|-damage|p1b: Incineroar|54/100
|-unboost|p2a: Armarouge|def|1
|-unboost|p2a: Armarouge|spd|1
|-damage|p2a: Armarouge|51/100|[from] item: Life Orb
|
|-weather|SunnyDay|[upkeep]
|-ability|p1a: Glalie|Moody|boost
|-boost|p1a: Glalie|spe|2
|-unboost|p1a: Glalie|atk|1
|upkeep
|turn|4
|
|t:|1756434348
|-terastallize|p2b: Torkoal|Fire
|-terastallize|p1a: Glalie|Electric
|move|p1b: Incineroar|Fake Out|p2b: Torkoal
|-activate|p2b: Torkoal|move: Psychic Terrain
|move|p2b: Torkoal|Eruption|p1a: Glalie|[spread] p1a,p1b
|-resisted|p1b: Incineroar
|-damage|p1a: Glalie|39/100
|-damage|p1b: Incineroar|13/100
|move|p2a: Armarouge|Armor Cannon|p1b: Incineroar
|-resisted|p1b: Incineroar
|-damage|p1b: Incineroar|0 fnt
|-unboost|p2a: Armarouge|def|1
|-unboost|p2a: Armarouge|spd|1
|faint|p1b: Incineroar
|-damage|p2a: Armarouge|42/100|[from] item: Life Orb
|move|p1a: Glalie|Substitute|p1a: Glalie
|-start|p1a: Glalie|Substitute
|-damage|p1a: Glalie|14/100
|
|-weather|SunnyDay|[upkeep]
|-heal|p1a: Glalie|20/100|[from] item: Leftovers
|-ability|p1a: Glalie|Moody|boost
|-boost|p1a: Glalie|spe|2
|-unboost|p1a: Glalie|spd|1
|upkeep
|
|t:|1756434360
|switch|p1b: Ninetales|Ninetales-Alola, L50, F|100/100 slp
|-weather|Snowscape|[from] ability: Snow Warning|[of] p1b: Ninetales
|turn|5
|
|t:|1756434369
|move|p1a: Glalie|Protect|p1a: Glalie
|-singleturn|p1a: Glalie|Protect
|move|p2b: Torkoal|Eruption|p1a: Glalie|[spread] p1b
|-activate|p1a: Glalie|move: Protect
|-supereffective|p1b: Ninetales
|-enditem|p1b: Ninetales|Focus Sash
|-damage|p1b: Ninetales|1/100 slp
|move|p2a: Armarouge|Expanding Force|p1b: Ninetales|[spread] p1b
|-activate|p1a: Glalie|move: Protect
|-damage|p1b: Ninetales|0 fnt
|faint|p1b: Ninetales
|-damage|p2a: Armarouge|32/100|[from] item: Life Orb
|
|-weather|Snowscape|[upkeep]
|-heal|p1a: Glalie|27/100|[from] item: Leftovers
|-fieldend|move: Psychic Terrain
|-ability|p1a: Glalie|Moody|boost
|-boost|p1a: Glalie|atk|2
|-unboost|p1a: Glalie|spe|1
|upkeep
|
|t:|1756434375
|switch|p1b: Sneasler|Sneasler, L50, M|100/100
|turn|6
|
|t:|1756434381
|switch|p2b: Indeedee|Indeedee-F, L50, F|100/100
|-fieldstart|move: Psychic Terrain|[from] ability: Psychic Surge|[of] p2b: Indeedee
|move|p1b: Sneasler|Protect|p1b: Sneasler
|-singleturn|p1b: Sneasler|Protect
|move|p1a: Glalie|Protect|p1a: Glalie
|-singleturn|p1a: Glalie|Protect
|move|p2a: Armarouge|Expanding Force|p1b: Sneasler|[spread] 
|-activate|p1a: Glalie|move: Protect
|-activate|p1b: Sneasler|move: Protect
|
|-weather|Snowscape|[upkeep]
|-heal|p1a: Glalie|33/100|[from] item: Leftovers
|-fieldend|move: Trick Room
|-ability|p1a: Glalie|Moody|boost
|-boost|p1a: Glalie|def|2
|-unboost|p1a: Glalie|spe|1
|upkeep
|turn|7
|
|t:|1756434404
|move|p2b: Indeedee|Follow Me|p2b: Indeedee
|-singleturn|p2b: Indeedee|move: Follow Me
|move|p1a: Glalie|Tera Blast|p2b: Indeedee|[anim] Tera Blast Electric
|-damage|p2b: Indeedee|72/100
|move|p1b: Sneasler|Throat Chop|p2b: Indeedee
|-supereffective|p2b: Indeedee
|-crit|p2b: Indeedee
|-damage|p2b: Indeedee|0 fnt
|-damage|p1b: Sneasler|84/100|[from] item: Rocky Helmet|[of] p2b: Indeedee
|faint|p2b: Indeedee
|move|p2a: Armarouge|Trick Room|p2a: Armarouge
|-fieldstart|move: Trick Room|[of] p2a: Armarouge
|
|-weather|Snowscape|[upkeep]
|-heal|p1a: Glalie|39/100|[from] item: Leftovers
|-ability|p1a: Glalie|Moody|boost
|-boost|p1a: Glalie|spe|2
|-unboost|p1a: Glalie|spd|1
|upkeep
|
|t:|1756434411
|switch|p2b: Torkoal|Torkoal, L50, F, tera:Fire|100/100
|-weather|SunnyDay|[from] ability: Drought|[of] p2b: Torkoal
|turn|8
|
|t:|1756434426
|move|p1b: Sneasler|Protect|p1b: Sneasler
|-singleturn|p1b: Sneasler|Protect
|move|p1a: Glalie|Protect|p1a: Glalie
|-singleturn|p1a: Glalie|Protect
|move|p2b: Torkoal|Eruption|p1b: Sneasler|[spread] 
|-activate|p1a: Glalie|move: Protect
|-activate|p1b: Sneasler|move: Protect
|move|p2a: Armarouge|Expanding Force|p1b: Sneasler|[spread] 
|-activate|p1a: Glalie|move: Protect
|-activate|p1b: Sneasler|move: Protect
|
|-weather|SunnyDay|[upkeep]
|-heal|p1a: Glalie|45/100|[from] item: Leftovers
|-ability|p1a: Glalie|Moody|boost
|-boost|p1a: Glalie|def|2
|-unboost|p1a: Glalie|spd|1
|upkeep
|turn|9
|
|t:|1756434444
|move|p1b: Sneasler|Protect||[still]
|-fail|p1b: Sneasler
|move|p1a: Glalie|Protect||[still]
|-fail|p1a: Glalie
|move|p2b: Torkoal|Eruption|p1b: Sneasler|[spread] p1a,p1b
|-end|p1a: Glalie|Substitute
|-damage|p1b: Sneasler|0 fnt
|faint|p1b: Sneasler
|move|p2a: Armarouge|Expanding Force|p1a: Glalie
|-damage|p1a: Glalie|0 fnt
|faint|p1a: Glalie
|-damage|p2a: Armarouge|23/100|[from] item: Life Orb
|
|win|EXHOUL
