|j|☆sadkoolaid
|j|☆Galactikitty
|html|sadkoolaidGalactikitty    
|uhtml|bestof|Game 3 of a best-of-3
|t:|1784404571
|gametype|doubles
|player|p1|sadkoolaid|aaron|
|player|p2|Galactikitty|galacticgruntf|
|gen|9
|tier|[Gen 9 Champions] VGC 2026 Reg M-B (Bo3)
|rule|Species Clause: Limit one of each Pokémon
|rule|Item Clause: Limit 1 of each item
|clearpoke
|poke|p1|Gengar, L50, F|
|poke|p1|Kommo-o, L50, M|
|poke|p1|Simisear, L50, F|
|poke|p1|Tyranitar, L50, F|
|poke|p1|Sneasler, L50, F|
|poke|p1|Sableye, L50, M|
|poke|p2|Houndoom, L50, F|
|poke|p2|Torkoal, L50, M|
|poke|p2|Leafeon, L50, F|
|poke|p2|Araquanid, L50, F|
|poke|p2|Florges, L50, F|
|poke|p2|Drampa, L50, M|
|teampreview|4
|showteam|p1|Gengar||Gengarite|CursedBody|ShadowBall,SludgeBomb,PerishSong,Protect|Timid||F|||50|]Kommo-o||Leftovers|Soundproof|ClangingScales,Protect,AuraSphere,ClangorousSoul|Modest||M|||50|]Simisear||Charcoal|Blaze|FakeOut,Protect,Yawn,HeatWave|Hasty||F|||50|]Tyranitar||Tyranitarite|SandStream|Protect,Assurance,RockSlide,DragonDance|Adamant||F|||50|]Sneasler||WhiteHerb|Unburden|DireClaw,FakeOut,Acrobatics,CloseCombat|Adamant||F|||50|]Sableye||RoseliBerry|Prankster|Feint,Encore,ThunderWave,Hex|Relaxed||M|||50|
|showteam|p2|Houndoom||Houndoominite|FlashFire|DarkPulse,SludgeBomb,HeatWave,Protect|Timid||F|||50|]Torkoal||Charcoal|Drought|Eruption,Protect,HelpingHand,Flamethrower|Calm||M|||50|]Leafeon||FocusSash|Chlorophyll|LeafBlade,SolarBlade,Protect,QuickAttack|Adamant||F|||50|]Araquanid||Leftovers|WaterBubble|LeechLife,Liquidation,WideGuard,Crunch|Adamant||F|||50|]Florges||ChoiceScarf|FlowerVeil|Moonblast,PsychicNoise,GigaDrain,Trick|Modest||F|||50|]Drampa||Drampanite|SapSipper|DragonPulse,EarthPower,IceBeam,Thunderbolt|Modest||M|||50|
|j| Milkshook♡
|
|t:|1784404616
|teamsize|p1|4
|teamsize|p2|4
|start
|switch|p1a: sqrt(40000)|Tyranitar, L50, F|100/100
|switch|p1b: 13800/69|Sneasler, L50, F|100/100
|switch|p2a: Araquanid|Araquanid, L50, F|100/100
|switch|p2b: Florges|Florges, L50, F|100/100
|-weather|Sandstorm|[from] ability: Sand Stream|[of] p1a: sqrt(40000)
|turn|1
|
|t:|1784404643
|move|p1b: 13800/69|Fake Out|p2a: Araquanid
|-damage|p2a: Araquanid|82/100
|move|p2b: Florges|Psychic Noise|p1b: 13800/69
|-supereffective|p1b: 13800/69|2
|-damage|p1b: 13800/69|0 fnt
|faint|p1b: 13800/69
|move|p1a: sqrt(40000)|Dragon Dance|p1a: sqrt(40000)
|-boost|p1a: sqrt(40000)|atk|1
|-boost|p1a: sqrt(40000)|spe|1
|cant|p2a: Araquanid|flinch
|
|-weather|Sandstorm|[upkeep]
|-damage|p2b: Florges|94/100|[from] Sandstorm
|-damage|p2a: Araquanid|76/100|[from] Sandstorm
|-heal|p2a: Araquanid|82/100|[from] item: Leftovers
|upkeep
|
|t:|1784404653
|switch|p1b: 10x20|Gengar, L50, F|100/100
|turn|2
|
|t:|1784404668
|move|p2a: Araquanid|Wide Guard|p2a: Araquanid
|-singleturn|p2a: Araquanid|Wide Guard
|move|p2b: Florges|Psychic Noise|p1b: 10x20
|-supereffective|p1b: 10x20|1
|-damage|p1b: 10x20|21/100
|-start|p1b: 10x20|move: Heal Block
|-start|p2b: Florges|Disable|Psychic Noise|[from] ability: Cursed Body|[of] p1b: 10x20
|move|p1b: 10x20|Sludge Bomb|p2b: Florges
|-supereffective|p2b: Florges|1
|-damage|p2b: Florges|34/100
|-status|p2b: Florges|psn
|move|p1a: sqrt(40000)|Rock Slide|p2a: Araquanid|[spread] 
|-activate|p2a: Araquanid|move: Wide Guard
|-activate|p2b: Florges|move: Wide Guard
|
|-weather|Sandstorm|[upkeep]
|-damage|p2b: Florges|29/100 psn|[from] Sandstorm
|-damage|p1b: 10x20|15/100|[from] Sandstorm
|-damage|p2a: Araquanid|76/100|[from] Sandstorm
|-heal|p2a: Araquanid|82/100|[from] item: Leftovers
|-damage|p2b: Florges|16/100 psn|[from] psn
|upkeep
|turn|3
|
|t:|1784404706
|-activate|p2b: Florges|move: Struggle
|move|p2b: Florges|Struggle|p1b: 10x20
|-damage|p1b: 10x20|2/100
|-damage|p2b: Florges|0 fnt|[from] recoil
|faint|p2b: Florges
|move|p1b: 10x20|Sludge Bomb|p2a: Araquanid
|-damage|p2a: Araquanid|50/100g
|move|p1a: sqrt(40000)|Assurance|p2a: Araquanid
|-damage|p2a: Araquanid|0 fnt
|faint|p2a: Araquanid
|
|-weather|Sandstorm|[upkeep]
|-damage|p1b: 10x20|0 fnt|[from] Sandstorm
|faint|p1b: 10x20
|upkeep
|
|t:|1784404717
|switch|p1b: 133+67|Kommo-o, L50, M|100/100
|switch|p2b: Houndoom|Houndoom, L50, F|100/100
|switch|p2a: Torkoal|Torkoal, L50, M|100/100
|-weather|SunnyDay|[from] ability: Drought|[of] p2a: Torkoal
|turn|4
|
|t:|1784404745
|detailschange|p1a: sqrt(40000)|Tyranitar-Mega, L50, F
|-mega|p1a: sqrt(40000)|Tyranitar|Tyranitarite
|-weather|Sandstorm|[from] ability: Sand Stream|[of] p1a: sqrt(40000)
|detailschange|p2b: Houndoom|Houndoom-Mega, L50, F
|-mega|p2b: Houndoom|Houndoom|Houndoominite
|move|p1a: sqrt(40000)|Rock Slide|p2a: Torkoal|[spread] p2a
|-miss|p1a: sqrt(40000)|p2b: Houndoom
|-supereffective|p2a: Torkoal|1
|-damage|p2a: Torkoal|17/100
|move|p2b: Houndoom|Heat Wave|p1b: 133+67|[spread] p1a,p1b
|-resisted|p1a: sqrt(40000)|1
|-resisted|p1b: 133+67|1
|-damage|p1a: sqrt(40000)|88/100
|-damage|p1b: 133+67|81/100
|move|p1b: 133+67|Clanging Scales|p2a: Torkoal|[spread] p2a,p2b
|-damage|p2a: Torkoal|0 fnt
|-damage|p2b: Houndoom|54/100
|faint|p2a: Torkoal
|-unboost|p1b: 133+67|def|1
|
|-weather|Sandstorm|[upkeep]
|-damage|p2b: Houndoom|48/100|[from] Sandstorm
|-damage|p1b: 133+67|75/100|[from] Sandstorm
|-heal|p1b: 133+67|81/100|[from] item: Leftovers
|upkeep
|turn|5
|
|t:|1784404770
|move|p1a: sqrt(40000)|Rock Slide|p2b: Houndoom
|-supereffective|p2b: Houndoom|1
|-damage|p2b: Houndoom|0 fnt
|faint|p2b: Houndoom
|
|win|sadkoolaid
|c|☆sadkoolaid|Gg
|c|☆Galactikitty|gg
|l|☆sadkoolaid
|player|p1|
|j|☆sadkoolaid
|player|p1|sadkoolaid|aaron|
|l|☆sadkoolaid
|player|p1|
|l| Milkshook♡
|j|☆sadkoolaid
|player|p1|sadkoolaid|aaron|
