|j|☆arekusabi
|j|☆dracojackson
|html|arekusabidracojackson    
|uhtml|bestof|Game 2 of a best-of-3
|t:|1756560146
|gametype|doubles
|player|p1|arekusabi|#smogonxnpa2025draftee2|
|player|p2|dracojackson|hilbert|
|gen|9
|tier|[Gen 9] VGC 2025 Reg H (Bo3)
|rule|Species Clause: Limit one of each Pokémon
|rule|Item Clause: Limit 1 of each item
|clearpoke
|poke|p1|Ninetales-Alola, L50, F|
|poke|p1|Kommo-o, L50, F|
|poke|p1|Arcanine-Hisui, L50, F|
|poke|p1|Basculegion, L50, M|
|poke|p1|Kingambit, L50, M|
|poke|p1|Rillaboom, L50, F|
|poke|p2|Porygon2, L50|
|poke|p2|Incineroar, L50, F|
|poke|p2|Ursaluna, L50, F|
|poke|p2|Amoonguss, L50, M|
|poke|p2|Gholdengo, L50|
|poke|p2|Dragonite, L50, M|
|teampreview|4
|showteam|p1|Ninetales-Alola||FocusSash|SnowWarning|Protect,Blizzard,Disable,Encore|||F|||50|,,,,,Ghost]Kommo-o||ThroatSpray|Overcoat|ClangingScales,Flamethrower,ClangorousSoul,Protect|||F|||50|,,,,,Fire]Arcanine-Hisui||ChoiceBand|Intimidate|FlareBlitz,RockSlide,ExtremeSpeed,HeadSmash|||F|||50|,,,,,Ghost]Basculegion||ChoiceScarf|Adaptability|WaveCrash,LastRespects,FlipTurn,AquaJet|||M|||50|,,,,,Water]Kingambit||AssaultVest|Defiant|KowtowCleave,SuckerPunch,LowKick,IronHead|||M|||50|,,,,,Water]Rillaboom||MiracleSeed|GrassySurge|WoodHammer,GrassyGlide,FakeOut,Taunt|||F|||50|,,,,,Grass
|showteam|p2|Porygon2||Eviolite|Download|TeraBlast,IceBeam,Recover,TrickRoom||||||50|,,,,,Fighting]Incineroar||SafetyGoggles|Intimidate|FakeOut,KnockOff,FlareBlitz,PartingShot|||F|||50|,,,,,Ghost]Ursaluna||FlameOrb|Guts|HeadlongRush,Facade,Earthquake,Protect|||F|||50|,,,,,Ghost]Amoonguss||SitrusBerry|Regenerator|PollenPuff,Spore,RagePowder,Protect|||M|||50|,,,,,Water]Gholdengo||LifeOrb|GoodasGold|MakeItRain,ShadowBall,NastyPlot,Protect||||||50|,,,,,Dragon]Dragonite||LoadedDice|Multiscale|ScaleShot,Haze,Tailwind,Protect|||M|||50|,,,,,Steel
|
|t:|1756560158
|teamsize|p1|4
|teamsize|p2|4
|start
|switch|p1a: Kommo-o|Kommo-o, L50, F|100/100
|switch|p1b: Rillaboom|Rillaboom, L50, F|100/100
|switch|p2a: Nitenite|Dragonite, L50, M|100/100
|switch|p2b: Clanker|Porygon2, L50|100/100
|-fieldstart|move: Grassy Terrain|[from] ability: Grassy Surge|[of] p1b: Rillaboom
|-ability|p2b: Clanker|Download|boost
|-boost|p2b: Clanker|spa|1
|turn|1
|
|t:|1756560186
|-terastallize|p1a: Kommo-o|Fire
|move|p1b: Rillaboom|Fake Out|p2a: Nitenite
|-damage|p2a: Nitenite|93/100
|move|p1a: Kommo-o|Clangorous Soul|p1a: Kommo-o
|-boost|p1a: Kommo-o|atk|1
|-boost|p1a: Kommo-o|def|1
|-boost|p1a: Kommo-o|spa|1
|-boost|p1a: Kommo-o|spd|1
|-boost|p1a: Kommo-o|spe|1
|-damage|p1a: Kommo-o|68/100
|-enditem|p1a: Kommo-o|Throat Spray
|-boost|p1a: Kommo-o|spa|1|[from] item: Throat Spray
|cant|p2a: Nitenite|flinch
|move|p2b: Clanker|Tera Blast|p1a: Kommo-o
|-crit|p1a: Kommo-o
|-damage|p1a: Kommo-o|0 fnt
|faint|p1a: Kommo-o
|
|upkeep
|
|t:|1756560223
|switch|p1a: Ninetales|Ninetales-Alola, L50, F, shiny|100/100
|-weather|Snowscape|[from] ability: Snow Warning|[of] p1a: Ninetales
|turn|2
|
|t:|1756560265
|switch|p2a: Tomato|Incineroar, L50, F|100/100
|-ability|p2a: Tomato|Intimidate|boost
|-unboost|p1a: Ninetales|atk|1
|-unboost|p1b: Rillaboom|atk|1
|switch|p1b: Kingambit|Kingambit, L50, M|100/100
|move|p1a: Ninetales|Encore|p2b: Clanker
|-start|p2b: Clanker|Encore
|move|p2b: Clanker|Tera Blast|p1a: Ninetales
|-damage|p1a: Ninetales|30/100
|
|-weather|Snowscape|[upkeep]
|-heal|p1a: Ninetales|36/100|[from] Grassy Terrain
|upkeep
|turn|3
|
|t:|1756560281
|switch|p1b: Rillaboom|Rillaboom, L50, F|100/100
|-terastallize|p2b: Clanker|Fighting
|move|p1a: Ninetales|Protect|p1a: Ninetales
|-singleturn|p1a: Ninetales|Protect
|move|p2a: Tomato|Fake Out|p1a: Ninetales
|-activate|p1a: Ninetales|move: Protect
|move|p2b: Clanker|Tera Blast|p1b: Rillaboom|[anim] Tera Blast Fighting
|-damage|p1b: Rillaboom|38/100
|
|-weather|Snowscape|[upkeep]
|-heal|p1a: Ninetales|42/100|[from] Grassy Terrain
|-heal|p1b: Rillaboom|44/100|[from] Grassy Terrain
|upkeep
|turn|4
|
|t:|1756560289
|move|p1b: Rillaboom|Fake Out|p2a: Tomato
|-damage|p2a: Tomato|85/100
|move|p1a: Ninetales|Disable|p2b: Clanker
|-start|p2b: Clanker|Disable|Tera Blast
|cant|p2a: Tomato|flinch
|cant|p2b: Clanker|Disable|Tera Blast
|
|-weather|Snowscape|[upkeep]
|-heal|p1a: Ninetales|48/100|[from] Grassy Terrain
|-heal|p1b: Rillaboom|50/100|[from] Grassy Terrain
|-heal|p2a: Tomato|91/100|[from] Grassy Terrain
|-end|p2b: Clanker|Encore
|upkeep
|turn|5
|
|t:|1756560319
|move|p1a: Ninetales|Encore|p2b: Clanker
|-start|p2b: Clanker|Encore
|move|p1b: Rillaboom|Wood Hammer|p2b: Clanker
|-damage|p2b: Clanker|41/100
|-damage|p1b: Rillaboom|31/100|[from] Recoil
|move|p2a: Tomato|Flare Blitz|p1b: Rillaboom
|-supereffective|p1b: Rillaboom
|-damage|p1b: Rillaboom|0 fnt
|faint|p1b: Rillaboom
|-damage|p2a: Tomato|81/100|[from] Recoil
|cant|p2b: Clanker|Disable|Tera Blast
|
|-weather|Snowscape|[upkeep]
|-heal|p1a: Ninetales|54/100|[from] Grassy Terrain
|-heal|p2a: Tomato|87/100|[from] Grassy Terrain
|-heal|p2b: Clanker|47/100|[from] Grassy Terrain
|-fieldend|move: Grassy Terrain
|upkeep
|
|t:|1756560327
|switch|p1b: Kingambit|Kingambit, L50, M|100/100
|turn|6
|
|t:|1756560345
|switch|p2b: Nitenite|Dragonite, L50, M|93/100
|move|p1a: Ninetales|Disable|p2a: Tomato
|-start|p2a: Tomato|Disable|Flare Blitz
|move|p2a: Tomato|Parting Shot|p1a: Ninetales
|-unboost|p1a: Ninetales|atk|1
|-unboost|p1a: Ninetales|spa|1
|
|t:|1756560353
|switch|p2a: Clanker|Porygon2, L50, tera:Fighting|47/100|[from] Parting Shot
|-ability|p2a: Clanker|Download|boost
|-boost|p2a: Clanker|spa|1
|move|p1b: Kingambit|Iron Head|p2b: Nitenite
|-damage|p2b: Nitenite|45/100
|
|-weather|none
|upkeep
|turn|7
|
|t:|1756560376
|move|p1a: Ninetales|Blizzard|p2a: Clanker|[spread] p2a,p2b
|-supereffective|p2b: Nitenite
|-damage|p2a: Clanker|35/100
|-damage|p2b: Nitenite|0 fnt
|faint|p2b: Nitenite
|move|p1b: Kingambit|Iron Head|p2a: Clanker
|-damage|p2a: Clanker|4/100
|move|p2a: Clanker|Tera Blast|p1b: Kingambit|[anim] Tera Blast Fighting
|-supereffective|p1b: Kingambit
|-damage|p1b: Kingambit|0 fnt
|faint|p1b: Kingambit
|
|upkeep
|
|t:|1756560381
|switch|p2b: Tomato|Incineroar, L50, F|87/100
|-ability|p2b: Tomato|Intimidate|boost
|-unboost|p1a: Ninetales|atk|1
|turn|8
|
|t:|1756560388
|move|p2b: Tomato|Fake Out|p1a: Ninetales
|-damage|p1a: Ninetales|33/100
|cant|p1a: Ninetales|flinch
|move|p2a: Clanker|Trick Room|p2a: Clanker
|-fieldstart|move: Trick Room|[of] p2a: Clanker
|
|upkeep
|turn|9
|-message|arekusabi forfeited.
|
|win|dracojackson
|l|☆arekusabi
|player|p1|
