|j|☆KyleTampy
|j|☆Oldcow
|html|KyleTampyOldcow    
|uhtml|bestof|Game 1 of a best-of-3
|t:|1757857312
|gametype|doubles
|player|p1|KyleTampy|lucian|
|player|p2|Oldcow|cyrus|
|gen|9
|tier|[Gen 9] VGC 2025 Reg H (Bo3)
|rule|Species Clause: Limit one of each Pokémon
|rule|Item Clause: Limit 1 of each item
|clearpoke
|poke|p1|Kleavor, L50, M|
|poke|p1|Tyranitar, L50, M|
|poke|p1|Gastrodon-East, L50, M|
|poke|p1|Decidueye-Hisui, L50, F|
|poke|p1|Corviknight, L50, F|
|poke|p1|Excadrill, L50, M|
|poke|p2|Garchomp, L50, F|
|poke|p2|Tyranitar, L50, F|
|poke|p2|Magmar, L50, F|
|poke|p2|Rillaboom, L50, M|
|poke|p2|Primarina, L50, F|
|poke|p2|Hydreigon, L50, M|
|teampreview|4
|showteam|p1|Kleavor||FocusSash|Sharpness|StoneAxe,CloseCombat,NightSlash,Protect|||M|||50|,,,,,Steel]Tyranitar||AssaultVest|SandStream|RockSlide,KnockOff,Snarl,TeraBlast|||M|||50|,,,,,Flying]Gastrodon-East||Leftovers|StormDrain|EarthPower,ClearSmog,Yawn,Protect|||M|||50|,,,,,Rock]Decidueye-Hisui||ScopeLens|Scrappy|TripleArrows,LeafBlade,SuckerPunch,Protect|||F|||50|,,,,,Steel]Corviknight||CovertCloak|MirrorArmor|Tailwind,BodyPress,DrillPeck,Uturn|||F|||50|,,,,,Dragon]Excadrill||ChoiceScarf|SandForce|Earthquake,IronHead,RockSlide,HighHorsepower|||M|||50|,,,,,Ghost
|showteam|p2|Garchomp||LifeOrb|SandVeil|DragonClaw,StompingTantrum,RockSlide,Protect|||F|||50|,,,,,Steel]Tyranitar||AssaultVest|SandStream|KnockOff,RockSlide,LowKick,IcePunch|||F|||50|,,,,,Flying]Magmar||Eviolite|VitalSpirit|Overheat,FollowMe,Protect,Taunt|||F|||50|,,,,,Water]Rillaboom||MeadowPlate|GrassySurge|GrassyGlide,HighHorsepower,FakeOut,Uturn|||M|||50|,,,,,Grass]Primarina||SitrusBerry|LiquidVoice|HyperVoice,Moonblast,Protect,Haze|||F|||50|,,,,,Ghost]Hydreigon||CovertCloak|Levitate|DarkPulse,DracoMeteor,Tailwind,Protect|||M|||50|,,,,,Electric
|j| SengarBlade
|j| jowemama
|inactive|Battle timer is ON: inactive players will automatically lose when time's up. (requested by Oldcow)
|
|t:|1757857410
|teamsize|p1|4
|teamsize|p2|4
|start
|switch|p1a: Kleavor|Kleavor, L50, M|100/100
|switch|p1b: Corviknight|Corviknight, L50, F|100/100
|switch|p2a: Garchomp|Garchomp, L50, F|100/100
|switch|p2b: Hydreigon|Hydreigon, L50, M|100/100
|turn|1
|inactive|Oldcow has 30 seconds left.
|inactive|Oldcow has 20 seconds left.
|inactive|Oldcow has 15 seconds left.
|inactive|Oldcow has 10 seconds left.
|
|t:|1757857457
|move|p2b: Hydreigon|Tailwind|p2b: Hydreigon
|-sidestart|p2: Oldcow|move: Tailwind
|move|p2a: Garchomp|Rock Slide|p1a: Kleavor|[spread] p1a,p1b
|-supereffective|p1a: Kleavor
|-damage|p1a: Kleavor|22/100
|-damage|p1b: Corviknight|81/100
|-damage|p2a: Garchomp|91/100|[from] item: Life Orb
|move|p1a: Kleavor|Stone Axe|p2a: Garchomp|[miss]
|-miss|p1a: Kleavor|p2a: Garchomp
|move|p1b: Corviknight|Tailwind|p1b: Corviknight
|-sidestart|p1: KyleTampy|move: Tailwind
|
|upkeep
|turn|2
|inactive|Oldcow has 30 seconds left.
|
|t:|1757857484
|move|p1a: Kleavor|Protect|p1a: Kleavor
|-singleturn|p1a: Kleavor|Protect
|move|p2b: Hydreigon|Dark Pulse|p1b: Corviknight
|-damage|p1b: Corviknight|45/100
|move|p2a: Garchomp|Rock Slide|p1a: Kleavor|[spread] p1b
|-activate|p1a: Kleavor|move: Protect
|-damage|p1b: Corviknight|24/100
|-damage|p2a: Garchomp|81/100|[from] item: Life Orb
|move|p1b: Corviknight|Body Press|p2b: Hydreigon
|-supereffective|p2b: Hydreigon
|-damage|p2b: Hydreigon|54/100
|
|upkeep
|turn|3
|inactive|KyleTampy has 30 seconds left.
|inactive|Oldcow has 30 seconds left.
|
|t:|1757857518
|switch|p1a: Gastrodon|Gastrodon-East, L50, M|100/100
|move|p2b: Hydreigon|Protect|p2b: Hydreigon
|-singleturn|p2b: Hydreigon|Protect
|move|p2a: Garchomp|Rock Slide|p1a: Gastrodon|[spread] p1a,p1b
|-resisted|p1a: Gastrodon
|-damage|p1a: Gastrodon|89/100
|-damage|p1b: Corviknight|3/100
|-damage|p2a: Garchomp|71/100|[from] item: Life Orb
|move|p1b: Corviknight|Body Press|p2b: Hydreigon
|-activate|p2b: Hydreigon|move: Protect
|
|-heal|p1a: Gastrodon|95/100|[from] item: Leftovers
|upkeep
|turn|4
|inactive|Oldcow has 30 seconds left.
|
|t:|1757857551
|switch|p2b: Rillaboom|Rillaboom, L50, M|100/100
|-fieldstart|move: Grassy Terrain|[from] ability: Grassy Surge|[of] p2b: Rillaboom
|-terastallize|p2a: Garchomp|Steel
|move|p2a: Garchomp|Rock Slide|p1a: Gastrodon|[spread] p1a,p1b
|-resisted|p1a: Gastrodon
|-damage|p1a: Gastrodon|82/100
|-damage|p1b: Corviknight|0 fnt
|faint|p1b: Corviknight
|-damage|p2a: Garchomp|61/100|[from] item: Life Orb
|move|p1a: Gastrodon|Yawn|p2a: Garchomp
|-start|p2a: Garchomp|move: Yawn|[of] p1a: Gastrodon
|
|-heal|p2a: Garchomp|67/100|[from] Grassy Terrain
|-heal|p1a: Gastrodon|88/100|[from] Grassy Terrain
|-heal|p1a: Gastrodon|94/100|[from] item: Leftovers
|-sideend|p2: Oldcow|move: Tailwind
|-sideend|p1: KyleTampy|move: Tailwind
|upkeep
|
|t:|1757857566
|switch|p1b: Excadrill|Excadrill, L50, M|100/100
|turn|5
|inactive|KyleTampy has 30 seconds left.
|
|t:|1757857600
|switch|p2a: Hydreigon|Hydreigon, L50, M|54/100
|move|p2b: Rillaboom|Grassy Glide|p1b: Excadrill
|-damage|p1b: Excadrill|27/100
|move|p1b: Excadrill|Rock Slide|p2a: Hydreigon|[spread] p2a,p2b
|-damage|p2a: Hydreigon|31/100
|-damage|p2b: Rillaboom|81/100
|move|p1a: Gastrodon|Clear Smog|p2b: Rillaboom
|-supereffective|p2b: Rillaboom
|-damage|p2b: Rillaboom|55/100
|-clearboost|p2b: Rillaboom
|
|-heal|p1b: Excadrill|33/100|[from] Grassy Terrain
|-heal|p2b: Rillaboom|61/100|[from] Grassy Terrain
|-heal|p1a: Gastrodon|99/100|[from] Grassy Terrain
|-heal|p1a: Gastrodon|100/100|[from] item: Leftovers
|upkeep
|turn|6
|inactive|KyleTampy has 30 seconds left.
|inactive|Oldcow has 30 seconds left.
|inactive|KyleTampy has 20 seconds left.
|inactive|Oldcow has 20 seconds left.
|inactive|KyleTampy has 15 seconds left.
|inactive|KyleTampy has 10 seconds left.
|
|t:|1757857648
|move|p2b: Rillaboom|Grassy Glide|p1b: Excadrill
|-damage|p1b: Excadrill|0 fnt
|faint|p1b: Excadrill
|move|p2a: Hydreigon|Tailwind|p2a: Hydreigon
|-sidestart|p2: Oldcow|move: Tailwind
|move|p1a: Gastrodon|Clear Smog|p2a: Hydreigon
|-damage|p2a: Hydreigon|15/100
|-clearboost|p2a: Hydreigon
|
|-heal|p2b: Rillaboom|67/100|[from] Grassy Terrain
|upkeep
|
|t:|1757857651
|switch|p1b: Kleavor|Kleavor, L50, M|22/100
|turn|7
|inactive|Oldcow has 30 seconds left.
|
|t:|1757857677
|-terastallize|p1b: Kleavor|Steel
|move|p2b: Rillaboom|Grassy Glide|p1a: Gastrodon
|-supereffective|p1a: Gastrodon
|-damage|p1a: Gastrodon|0 fnt
|faint|p1a: Gastrodon
|move|p2a: Hydreigon|Dark Pulse|p1b: Kleavor
|-crit|p1b: Kleavor
|-damage|p1b: Kleavor|0 fnt
|faint|p1b: Kleavor
|
|win|Oldcow
||KyleTampy is ready for game 2.
|inactive|Oldcow has 30 seconds to confirm battle start!
|c|☆Oldcow|gg
||Oldcow is ready for game 2.
|uhtml|next|Next: Game 2 of 3
|l| jowemama
|l| SengarBlade
|l|☆KyleTampy
|player|p1|
