|j|☆Voltage fis
|j|☆iceman5687
|html|Voltage fisiceman5687    
|uhtml|bestof|Game 1 of a best-of-3
|t:|1785220910
|gametype|doubles
|player|p1|Voltage fis|102|1000
|player|p2|iceman5687|169|1151
|gen|9
|tier|[Gen 9 Champions] VGC 2026 Reg M-B (Bo3)
|rated|
|rule|Species Clause: Limit one of each Pokémon
|rule|Item Clause: Limit 1 of each item
|clearpoke
|poke|p1|Houndoom, L50, M|
|poke|p1|Whimsicott, L50, F|
|poke|p1|Goodra-Hisui, L50, M|
|poke|p1|Araquanid, L50, M|
|poke|p1|Noivern, L50, M|
|poke|p1|Krookodile, L50, M|
|poke|p2|Charizard, L50, F|
|poke|p2|Grimmsnarl, L50, M|
|poke|p2|Pelipper, L50, M|
|poke|p2|Archaludon, L50, M|
|poke|p2|Basculegion, L50, M|
|poke|p2|Venusaur, L50, F|
|teampreview|4
|showteam|p1|Houndoom||Houndoominite|FlashFire|DarkPulse,Flamethrower,NastyPlot,HyperVoice|Timid||M|||50|]Whimsicott||FocusSash|Prankster|Tailwind,Moonblast,Encore,EnergyBall|Timid||F|||50|]Goodra-Hisui||SitrusBerry|Gooey|Curse,KnockOff,DragonClaw,GyroBall|Brave||M|||50|]Araquanid||Leftovers|WaterBubble|Liquidation,LeechLife,PoisonJab,StickyWeb|Adamant||M|||50|]Noivern||YacheBerry|Telepathy|SunnyDay,Boomburst,DracoMeteor,AirSlash|Timid||M|||50|]Krookodile||LifeOrb|Intimidate|CloseCombat,Earthquake,DragonClaw,ThroatChop|Jolly||M|||50|
|showteam|p2|Charizard||CharizarditeY|Blaze|Protect,HeatWave,WeatherBall,SolarBeam|Modest||F|||50|]Grimmsnarl||LightClay|Prankster|SpiritBreak,Reflect,LightScreen,PartingShot|Sassy||M|||50|]Pelipper||SitrusBerry|Drizzle|Hurricane,WeatherBall,Tailwind,WideGuard|Modest||M|||50|]Archaludon||Leftovers|Stamina|Protect,ElectroShot,DragonPulse,FlashCannon|Calm||M|||50|]Basculegion||ChoiceScarf|Adaptability|FlipTurn,WaveCrash,AquaJet,LastRespects|Jolly||M|||50|]Venusaur||FocusSash|Chlorophyll|Protect,SleepPowder,SludgeBomb,EarthPower|Modest||F|||50|
|
|t:|1785220958
|teamsize|p1|4
|teamsize|p2|4
|start
|switch|p1a: Houndoom|Houndoom, L50, M|100/100
|switch|p1b: Whimsicott|Whimsicott, L50, F|100/100
|switch|p2a: Charizard|Charizard, L50, F|100/100
|switch|p2b: Venusaur|Venusaur, L50, F|100/100
|turn|1
|
|t:|1785220980
|detailschange|p1a: Houndoom|Houndoom-Mega, L50, M
|-mega|p1a: Houndoom|Houndoom|Houndoominite
|detailschange|p2a: Charizard|Charizard-Mega-Y, L50, F
|-mega|p2a: Charizard|Charizard|Charizardite Y
|-weather|SunnyDay|[from] ability: Drought|[of] p2a: Charizard
|move|p1b: Whimsicott|Tailwind|p1b: Whimsicott
|-sidestart|p1: Voltage fis|move: Tailwind
|move|p1a: Houndoom|Flamethrower|p2b: Venusaur
|-supereffective|p2b: Venusaur|1
|-enditem|p2b: Venusaur|Focus Sash
|-damage|p2b: Venusaur|1/100
|move|p2b: Venusaur|Sleep Powder|p1a: Houndoom
|-status|p1a: Houndoom|slp|[from] move: Sleep Powder
|move|p2a: Charizard|Weather Ball|p1b: Whimsicott
|-supereffective|p1b: Whimsicott|1
|-enditem|p1b: Whimsicott|Focus Sash
|-damage|p1b: Whimsicott|1/100
|
|-weather|SunnyDay|[upkeep]
|-damage|p1a: Houndoom|88/100 slp|[from] ability: Solar Power|[of] p1a: Houndoom
|upkeep
|turn|2
|
|t:|1785221010
|move|p2b: Venusaur|Protect|p2b: Venusaur
|-singleturn|p2b: Venusaur|Protect
|move|p1b: Whimsicott|Encore|p2b: Venusaur
|-activate|p2b: Venusaur|move: Protect
|cant|p1a: Houndoom|slp
|move|p2a: Charizard|Heat Wave|p1a: Houndoom|[spread] p1a,p1b
|-resisted|p1a: Houndoom|1
|-supereffective|p1b: Whimsicott|1
|-damage|p1a: Houndoom|50/100g slp
|-damage|p1b: Whimsicott|0 fnt
|faint|p1b: Whimsicott
|
|-weather|SunnyDay|[upkeep]
|-damage|p1a: Houndoom|38/100 slp|[from] ability: Solar Power|[of] p1a: Houndoom
|upkeep
|
|t:|1785221019
|switch|p1b: Araquanid|Araquanid, L50, M|100/100
|turn|3
|
|t:|1785221036
|cant|p1a: Houndoom|slp
|move|p2b: Venusaur|Sleep Powder|p1b: Araquanid
|-status|p1b: Araquanid|slp|[from] move: Sleep Powder
|move|p2a: Charizard|Heat Wave|p1b: Araquanid|[spread] p1a,p1b
|-resisted|p1a: Houndoom|1
|-damage|p1a: Houndoom|0 fnt
|-damage|p1b: Araquanid|72/100 slp
|faint|p1a: Houndoom
|cant|p1b: Araquanid|slp
|
|-weather|SunnyDay|[upkeep]
|-heal|p1b: Araquanid|77/100 slp|[from] item: Leftovers
|upkeep
|
|t:|1785221042
|switch|p1a: Goodra|Goodra-Hisui, L50, M|100/100
|turn|4
|
|t:|1785221066
|move|p2b: Venusaur|Sleep Powder|p1a: Goodra
|-status|p1a: Goodra|slp|[from] move: Sleep Powder
|move|p2a: Charizard|Heat Wave|p1a: Goodra|[spread] p1a,p1b
|-damage|p1a: Goodra|62/100 slp
|-damage|p1b: Araquanid|53/100 slp
|cant|p1a: Goodra|slp
|cant|p1b: Araquanid|slp
|
|-weather|SunnyDay|[upkeep]
|-heal|p1b: Araquanid|58/100 slp|[from] item: Leftovers
|-sideend|p1: Voltage fis|move: Tailwind
|upkeep
|turn|5
|
|t:|1785221082
|move|p2b: Venusaur|Earth Power|p1a: Goodra
|-supereffective|p1a: Goodra|1
|-damage|p1a: Goodra|21/100 slp
|-enditem|p1a: Goodra|Sitrus Berry|[eat]
|-heal|p1a: Goodra|46/100 slp|[from] item: Sitrus Berry
|move|p2a: Charizard|Weather Ball|p1a: Goodra
|-damage|p1a: Goodra|0 fnt
|faint|p1a: Goodra
|-curestatus|p1b: Araquanid|slp|[msg]
|move|p1b: Araquanid|Poison Jab|p2a: Charizard
|-crit|p2a: Charizard
|-damage|p2a: Charizard|65/100
|
|-weather|none
|-heal|p1b: Araquanid|64/100|[from] item: Leftovers
|upkeep
|turn|6
|
|t:|1785221106
|switch|p2a: Basculegion|Basculegion, L50, M|100/100
|move|p2b: Venusaur|Sleep Powder|p1b: Araquanid
|-status|p1b: Araquanid|slp|[from] move: Sleep Powder
|cant|p1b: Araquanid|slp
|
|-heal|p1b: Araquanid|70/100 slp|[from] item: Leftovers
|upkeep
|turn|7
|
|t:|1785221124
|switch|p2b: Pelipper|Pelipper, L50, M|100/100
|-weather|RainDance|[from] ability: Drizzle|[of] p2b: Pelipper
|move|p2a: Basculegion|Wave Crash|p1b: Araquanid
|-resisted|p1b: Araquanid|1
|-damage|p1b: Araquanid|12/100 slp
|-damage|p2a: Basculegion|83/100|[from] Recoil
|cant|p1b: Araquanid|slp
|
|-weather|RainDance|[upkeep]
|-heal|p1b: Araquanid|18/100 slp|[from] item: Leftovers
|upkeep
|turn|8
|
|t:|1785221135
|move|p2a: Basculegion|Wave Crash|p1b: Araquanid
|-resisted|p1b: Araquanid|1
|-damage|p1b: Araquanid|0 fnt
|faint|p1b: Araquanid
|-damage|p2a: Basculegion|77/100|[from] Recoil
|
|win|iceman5687
