|j|☆Kevin-V8
|j|☆The RU Agenda
|html|Kevin-V8The RU Agenda    
|uhtml|bestof|Game 1 of a best-of-3
|t:|1784238402
|gametype|doubles
|player|p1|Kevin-V8|ethan|1216
|player|p2|The RU Agenda|169|1371
|gen|9
|tier|[Gen 9 Champions] VGC 2026 Reg M-B (Bo3)
|rated|
|rule|Species Clause: Limit one of each Pokémon
|rule|Item Clause: Limit 1 of each item
|clearpoke
|poke|p1|Metagross, L50|
|poke|p1|Incineroar, L50, F|
|poke|p1|Sinistcha, L50|
|poke|p1|Tyranitar, L50, F|
|poke|p1|Excadrill, L50, M, shiny|
|poke|p1|Dragonite, L50, F|
|poke|p2|Chesnaught, L50, F|
|poke|p2|Basculegion, L50, M|
|poke|p2|Arcanine-Hisui, L50, M|
|poke|p2|Froslass, L50, F|
|poke|p2|Farigiraf, L50, M|
|poke|p2|Kingambit, L50, M|
|teampreview|4
|showteam|p1|Metagross||Metagrossite|ClearBody|PsychicFangs,BodyPress,CosmicPower,Protect|Impish|||||50|]Incineroar||SitrusBerry|Intimidate|FlareBlitz,DarkestLariat,FakeOut,PartingShot|Careful||F|||50|]Sinistcha||KasibBerry|Hospitality|MatchaGotcha,RagePowder,LifeDew,Protect|Bold|||||50|]Tyranitar||ChoiceScarf|SandStream|RockSlide,KnockOff,IcePunch,LowKick|Jolly||F|||50|]Excadrill||FocusSash|SandRush|Earthquake,IronHead,RockSlide,Protect|Adamant||M|||50|]Dragonite||Dragoninite|Multiscale|DragonPulse,HeatWave,Tailwind,Protect|Modest||F|||50|
|showteam|p2|Chesnaught||Leftovers|Bulletproof|BodyPress,IronDefense,SpikyShield,WideGuard|Impish||F|||50|]Basculegion||ChoiceScarf|Adaptability|WaveCrash,LastRespects,FlipTurn,AquaJet|Jolly||M|||50|]Arcanine-Hisui||FocusSash|RockHead|HeadSmash,FlareBlitz,ExtremeSpeed,Protect|Jolly||M|||50|]Froslass||Froslassite|SnowCloak|Blizzard,ShadowBall,AuroraVeil,Protect|Timid||F|||50|]Farigiraf||SitrusBerry|ArmorTail|HelpingHand,Psychic,Thunderbolt,TrickRoom|Relaxed||M|||50|]Kingambit||ExpertBelt|Defiant|KowtowCleave,SuckerPunch,LowKick,Protect|Adamant||M|||50|
|inactive|Battle timer is ON: inactive players will automatically lose when time's up. (requested by Kevin-V8)
|inactive|Kevin-V8 has 60 seconds left.
|inactive|The RU Agenda has 60 seconds left.
|
|t:|1784238460
|teamsize|p1|4
|teamsize|p2|4
|start
|switch|p1a: Excadrill|Excadrill, L50, M, shiny|100/100
|switch|p1b: Dragonite|Dragonite, L50, F|100/100
|switch|p2a: Chesnaught|Chesnaught, L50, F|100/100
|switch|p2b: Basculegion|Basculegion, L50, M|100/100
|turn|1
|inactive|Kevin-V8 has 30 seconds left.
|inactive|The RU Agenda has 30 seconds left.
|inactive|Kevin-V8 has 20 seconds left.
|
|t:|1784238496
|detailschange|p1b: Dragonite|Dragonite-Mega, L50, F
|-mega|p1b: Dragonite|Dragonite|Dragoninite
|move|p1a: Excadrill|Protect|p1a: Excadrill
|-singleturn|p1a: Excadrill|Protect
|move|p2b: Basculegion|Flip Turn|p1b: Dragonite
|-resisted|p1b: Dragonite|1
|-damage|p1b: Dragonite|92/100
|
|t:|1784238502
|switch|p2b: Kingambit|Kingambit, L50, M|100/100|[from] Flip Turn
|move|p1b: Dragonite|Heat Wave|p2b: Kingambit|[spread] p2a,p2b
|-supereffective|p2a: Chesnaught|1
|-supereffective|p2b: Kingambit|1
|-damage|p2a: Chesnaught|37/100
|-damage|p2b: Kingambit|43/100
|move|p2a: Chesnaught|Iron Defense|p2a: Chesnaught
|-boost|p2a: Chesnaught|def|2
|
|-heal|p2a: Chesnaught|43/100|[from] item: Leftovers
|upkeep
|turn|2
|
|t:|1784238517
|switch|p1a: Sinistcha|Sinistcha, L50|100/100
|-heal|p1b: Dragonite|100/100|[from] ability: Hospitality|[of] p1a: Sinistcha
|move|p2a: Chesnaught|Wide Guard|p2a: Chesnaught
|-singleturn|p2a: Chesnaught|Wide Guard
|move|p1b: Dragonite|Heat Wave|p2b: Kingambit|[spread] 
|-activate|p2a: Chesnaught|move: Wide Guard
|-activate|p2b: Kingambit|move: Wide Guard
|move|p2b: Kingambit|Low Kick|p1a: Sinistcha
|-immune|p1a: Sinistcha
|
|-heal|p2a: Chesnaught|50/100y|[from] item: Leftovers
|upkeep
|turn|3
|
|t:|1784238541
|switch|p1a: Tyranitar|Tyranitar, L50, F|100/100
|-weather|Sandstorm|[from] ability: Sand Stream|[of] p1a: Tyranitar
|move|p2a: Chesnaught|Wide Guard|p2a: Chesnaught
|-singleturn|p2a: Chesnaught|Wide Guard
|move|p1b: Dragonite|Dragon Pulse|p2a: Chesnaught
|-damage|p2a: Chesnaught|0 fnt
|faint|p2a: Chesnaught
|move|p2b: Kingambit|Kowtow Cleave|p1a: Tyranitar
|-resisted|p1a: Tyranitar|1
|-damage|p1a: Tyranitar|76/100
|
|-weather|Sandstorm|[upkeep]
|-damage|p1b: Dragonite|93/100|[from] Sandstorm
|upkeep
|
|t:|1784238549
|switch|p2a: Froslass|Froslass, L50, F|100/100
|turn|4
|
|t:|1784238573
|switch|p1a: Sinistcha|Sinistcha, L50|100/100
|-heal|p1b: Dragonite|100/100|[from] ability: Hospitality|[of] p1a: Sinistcha
|detailschange|p2a: Froslass|Froslass-Mega, L50, F
|-mega|p2a: Froslass|Froslass|Froslassite
|-weather|Snowscape|[from] ability: Snow Warning|[of] p2a: Froslass
|move|p2b: Kingambit|Protect|p2b: Kingambit
|-singleturn|p2b: Kingambit|Protect
|move|p2a: Froslass|Blizzard|p1a: Sinistcha|[spread] p1a,p1b
|-supereffective|p1a: Sinistcha|1
|-supereffective|p1b: Dragonite|2
|-crit|p1b: Dragonite
|-damage|p1a: Sinistcha|17/100
|-damage|p1b: Dragonite|1/100
|move|p1b: Dragonite|Heat Wave|p2b: Kingambit|[spread] p2a
|-activate|p2b: Kingambit|move: Protect
|-supereffective|p2a: Froslass|1
|-damage|p2a: Froslass|41/100
|
|-weather|Snowscape|[upkeep]
|upkeep
|turn|5
|inactive|Kevin-V8 has 30 seconds left.
|
|t:|1784238600
|switch|p2b: Basculegion|Basculegion, L50, M|100/100
|move|p1b: Dragonite|Protect|p1b: Dragonite
|-singleturn|p1b: Dragonite|Protect
|move|p2a: Froslass|Blizzard|p1b: Dragonite|[spread] p1a
|-activate|p1b: Dragonite|move: Protect
|-supereffective|p1a: Sinistcha|1
|-damage|p1a: Sinistcha|0 fnt
|faint|p1a: Sinistcha
|
|-weather|Snowscape|[upkeep]
|upkeep
|
|t:|1784238615
|switch|p1a: Excadrill|Excadrill, L50, M, shiny|100/100
|turn|6
|
|t:|1784238625
|switch|p2a: Kingambit|Kingambit, L50, M|43/100
|switch|p1b: Tyranitar|Tyranitar, L50, F|76/100
|-weather|Sandstorm|[from] ability: Sand Stream|[of] p1b: Tyranitar
|move|p1a: Excadrill|Earthquake|p2a: Kingambit|[spread] p1b,p2a,p2b
|-supereffective|p1b: Tyranitar|1
|-supereffective|p2a: Kingambit|1
|-damage|p1b: Tyranitar|0 fnt
|-damage|p2a: Kingambit|0 fnt
|-damage|p2b: Basculegion|53/100
|faint|p1b: Tyranitar
|faint|p2a: Kingambit
|move|p2b: Basculegion|Wave Crash|p1a: Excadrill
|-supereffective|p1a: Excadrill|1
|-enditem|p1a: Excadrill|Focus Sash
|-damage|p1a: Excadrill|1/100
|-damage|p2b: Basculegion|22/100|[from] Recoil
|
|-weather|Sandstorm|[upkeep]
|-damage|p2b: Basculegion|16/100|[from] Sandstorm
|upkeep
|
|t:|1784238642
|switch|p1b: Dragonite|Dragonite-Mega, L50, F|1/100
|switch|p2a: Froslass|Froslass-Mega, L50, F|41/100
|-weather|Snowscape|[from] ability: Snow Warning|[of] p2a: Froslass
|turn|7
|
|t:|1784238659
|move|p2b: Basculegion|Wave Crash|p1b: Dragonite
|-resisted|p1b: Dragonite|1
|-damage|p1b: Dragonite|0 fnt
|faint|p1b: Dragonite
|-damage|p2b: Basculegion|15/100|[from] Recoil
|move|p2a: Froslass|Blizzard|p1a: Excadrill
|-damage|p1a: Excadrill|0 fnt
|faint|p1a: Excadrill
|
|win|The RU Agenda
||The RU Agenda is ready for game 2.
||Kevin-V8 is ready for game 2.
|uhtml|next|Next: Game 2 of 3
