|j|☆Kaizer_Ifrit
|j|☆sandy ghost 5
|html|Kaizer_Ifritsandy ghost 5    
|uhtml|bestof|Game 1 of a best-of-3
|t:|1757076915
|gametype|doubles
|player|p1|Kaizer_Ifrit|caitlin|1166
|player|p2|sandy ghost 5|baker|1350
|gen|9
|tier|[Gen 9] VGC 2025 Reg H (Bo3)
|rated|
|rule|Species Clause: Limit one of each Pokémon
|rule|Item Clause: Limit 1 of each item
|clearpoke
|poke|p1|Charizard, L50, M|
|poke|p1|Murkrow, L50, M|
|poke|p1|Indeedee, L50, M|
|poke|p1|Delphox, L50, F|
|poke|p1|Sneasler, L50, F|
|poke|p1|Dragapult, L50, M|
|poke|p2|Tyranitar, L50, F|
|poke|p2|Excadrill, L50, F|
|poke|p2|Sinistcha-Masterpiece, L50|
|poke|p2|Salamence, L50, F|
|poke|p2|Blaziken, L50, M|
|poke|p2|Bruxish, L50, F|
|teampreview|4
|showteam|p1|Charizard||ChoiceSpecs|SolarPower|HeatWave,Overheat,ScorchingSands,WeatherBall|||M|||50|,,,,,Ghost]Murkrow||Eviolite|Prankster|FoulPlay,Haze,SunnyDay,Tailwind|||M|||50|,,,,,Ghost]Indeedee||FocusSash|PsychicSurge|ExpandingForce,TrickRoom,Imprison,TeraBlast|||M|||50|,,,,,Fighting]Delphox||LifeOrb|Blaze|ExpandingForce,Flamethrower,DazzlingGleam,Protect|||F|||50|,,,,,Psychic]Sneasler||WhiteHerb|Unburden|CloseCombat,DireClaw,ThroatChop,Protect|||F|||50|,,,,,Dark]Dragapult||ChoiceBand|ClearBody|DragonDarts,Outrage,PhantomForce,Uturn|||M|||50|,,,,,Dragon
|showteam|p2|Tyranitar||ClearAmulet|SandStream|RockSlide,KnockOff,DragonDance,Protect|||F|||50|,,,,,Grass]Excadrill||AssaultVest|SandRush|Earthquake,IronHead,HighHorsepower,RockSlide|||F|||50|,,,,,Ghost]Sinistcha-Masterpiece||SitrusBerry|Hospitality|ShadowBall,MatchaGotcha,RagePowder,Protect||||||50|,,,,,Dark]Salamence||LifeOrb|Intimidate|DracoMeteor,AirSlash,Protect,Tailwind|||F|||50|,,,,,Ghost]Blaziken||CovertCloak|SpeedBoost|AuraSphere,HeatWave,Coaching,WillOWisp|||M|||50|,,,,,Dragon]Bruxish||ChoiceScarf|Dazzling|PsychicFangs,FlipTurn,WaveCrash,SuperFang|||F|||50|,,,,,Water
|inactive|Battle timer is ON: inactive players will automatically lose when time's up. (requested by Kaizer_Ifrit)
|inactive|Kaizer_Ifrit has 60 seconds left.
|inactive|sandy ghost 5 has 60 seconds left.
|
|t:|1757076955
|teamsize|p1|4
|teamsize|p2|4
|start
|switch|p1a: Mafia boss|Murkrow, L50, M|100/100
|switch|p1b: Sire|Indeedee, L50, M|100/100
|switch|p2a: Excadrill|Excadrill, L50, F|100/100
|switch|p2b: Salamence|Salamence, L50, F|100/100
|-ability|p2b: Salamence|Intimidate|boost
|-unboost|p1a: Mafia boss|atk|1
|-unboost|p1b: Sire|atk|1
|-fieldstart|move: Psychic Terrain|[from] ability: Psychic Surge|[of] p1b: Sire
|turn|1
|
|t:|1757076976
|-terastallize|p1b: Sire|Fighting
|move|p1a: Mafia boss|Tailwind|p1a: Mafia boss
|-sidestart|p1: Kaizer_Ifrit|move: Tailwind
|move|p1b: Sire|Tera Blast|p2a: Excadrill|[anim] Tera Blast Fighting
|-supereffective|p2a: Excadrill
|-damage|p2a: Excadrill|36/100
|move|p2b: Salamence|Tailwind|p2b: Salamence
|-sidestart|p2: sandy ghost 5|move: Tailwind
|move|p2a: Excadrill|Rock Slide|p1a: Mafia boss|[spread] p1a,p1b
|-supereffective|p1a: Mafia boss
|-resisted|p1b: Sire
|-damage|p1a: Mafia boss|56/100
|-damage|p1b: Sire|78/100
|
|upkeep
|turn|2
|
|t:|1757076998
|switch|p2b: Tyranitar|Tyranitar, L50, F|100/100
|-weather|Sandstorm|[from] ability: Sand Stream|[of] p2b: Tyranitar
|move|p2a: Excadrill|Iron Head|p1a: Mafia boss
|-damage|p1a: Mafia boss|9/100
|move|p1b: Sire|Expanding Force|p2a: Excadrill|[spread] p2a
|-immune|p2b: Tyranitar
|-resisted|p2a: Excadrill
|-damage|p2a: Excadrill|13/100
|move|p1a: Mafia boss|Foul Play|p2b: Tyranitar
|-resisted|p2b: Tyranitar
|-damage|p2b: Tyranitar|76/100
|
|-weather|Sandstorm|[upkeep]
|-damage|p1b: Sire|72/100|[from] Sandstorm
|-damage|p1a: Mafia boss|3/100|[from] Sandstorm
|upkeep
|turn|3
|
|t:|1757077018
|switch|p2b: Puppet|Sinistcha-Masterpiece, L50|100/100
|-heal|p2a: Excadrill|38/100|[from] ability: Hospitality|[of] p2b: Puppet
|move|p1a: Mafia boss|Sunny Day|p1a: Mafia boss
|-weather|SunnyDay
|move|p1b: Sire|Tera Blast|p2b: Puppet|[anim] Tera Blast Fighting
|-immune|p2b: Puppet
|move|p2a: Excadrill|High Horsepower|p1b: Sire
|-damage|p1b: Sire|0 fnt
|faint|p1b: Sire
|
|-weather|SunnyDay|[upkeep]
|upkeep
|
|t:|1757077022
|switch|p1b: Kyuubimon|Delphox, L50, F|100/100
|turn|4
|inactive|Kaizer_Ifrit has 30 seconds left.
|
|t:|1757077052
|move|p1b: Kyuubimon|Protect|p1b: Kyuubimon
|-singleturn|p1b: Kyuubimon|Protect
|move|p2b: Puppet|Protect|p2b: Puppet
|-singleturn|p2b: Puppet|Protect
|move|p2a: Excadrill|Rock Slide|p1b: Kyuubimon|[spread] p1a
|-activate|p1b: Kyuubimon|move: Protect
|-supereffective|p1a: Mafia boss
|-damage|p1a: Mafia boss|0 fnt
|faint|p1a: Mafia boss
|
|-weather|SunnyDay|[upkeep]
|-sideend|p2: sandy ghost 5|move: Tailwind
|-sideend|p1: Kaizer_Ifrit|move: Tailwind
|upkeep
|
|t:|1757077055
|switch|p1a: A.K.I|Sneasler, L50, F|100/100
|turn|5
|
|t:|1757077070
|switch|p2b: Tyranitar|Tyranitar, L50, F|76/100
|-weather|Sandstorm|[from] ability: Sand Stream|[of] p2b: Tyranitar
|move|p2a: Excadrill|Earthquake|p1a: A.K.I|[spread] p2b,p1a,p1b
|-supereffective|p2b: Tyranitar
|-supereffective|p1a: A.K.I
|-supereffective|p1b: Kyuubimon
|-damage|p2b: Tyranitar|1/100
|-damage|p1a: A.K.I|0 fnt
|-damage|p1b: Kyuubimon|0 fnt
|faint|p1a: A.K.I
|faint|p1b: Kyuubimon
|
|win|sandy ghost 5
||Kaizer_Ifrit is ready for game 2.
|inactive|sandy ghost 5 has 30 seconds to confirm battle start!
||sandy ghost 5 is ready for game 2.
|uhtml|next|Next: Game 2 of 3
|l|☆Kaizer_Ifrit
|player|p1|
