|j|☆Chknadobovgc
|j|☆malo maalez
|html|Chknadobovgcmalo maalez    
|uhtml|bestof|Game 1 of a best-of-3
|t:|1756681989
|gametype|doubles
|player|p1|Chknadobovgc|265|1236
|player|p2|malo maalez|steven|1207
|gen|9
|tier|[Gen 9] VGC 2025 Reg H (Bo3)
|rated|
|rule|Species Clause: Limit one of each Pokémon
|rule|Item Clause: Limit 1 of each item
|clearpoke
|poke|p1|Indeedee, L50, M|
|poke|p1|Sneasler, L50, F|
|poke|p1|Excadrill, L50, M|
|poke|p1|Annihilape, L50, M|
|poke|p1|Corviknight, L50, F|
|poke|p1|Tyranitar, L50, M|
|poke|p2|Sneasler, L50, F|
|poke|p2|Kingambit, L50, F|
|poke|p2|Dragonite, L50, F|
|poke|p2|Rillaboom, L50, M|
|poke|p2|Volcarona, L50, F|
|poke|p2|Electabuzz, L50, F|
|teampreview|4
|showteam|p1|Indeedee||ChoiceScarf|PsychicSurge|ExpandingForce,TeraBlast,Trick,Protect|||M|||50|,,,,,Psychic]Sneasler||PsychicSeed|Unburden|CloseCombat,DireClaw,ThroatChop,Protect|||F|||50|,,,,,Dark]Excadrill||FocusSash|SandRush|Earthquake,IronHead,HighHorsepower,Protect|||M|||50|,,,,,Stellar]Annihilape||SafetyGoggles|Defiant|CloseCombat,RageFist,Taunt,FinalGambit|||M|||50|,,,,,Water]Corviknight||Leftovers|MirrorArmor|BraveBird,Tailwind,BulkUp,Roost|||F|||50|,,,,,Dragon]Tyranitar||AssaultVest|SandStream|RockSlide,KnockOff,LowKick,TeraBlast|||M|||50|,,,,,Flying
|showteam|p2|Sneasler||FocusSash|PoisonTouch|FakeOut,Coaching,CloseCombat,DireClaw|||F|||50|,,,,,Ghost]Kingambit||BlackGlasses|Defiant|KowtowCleave,SuckerPunch,SwordsDance,Protect|||F|||50|,,,,,Dark]Dragonite||LoadedDice|Multiscale|Protect,Haze,ScaleShot,ExtremeSpeed|||F|||50|,,,,,Fairy]Rillaboom||AssaultVest|GrassySurge|FakeOut,GrassyGlide,WoodHammer,HighHorsepower|||M|||50|,,,,,Fire]Volcarona||Leftovers|FlameBody|QuiverDance,Protect,TeraBlast,HeatWave|||F|||50|,,,,,Fairy]Electabuzz||Eviolite|VitalSpirit|Electroweb,FollowMe,Taunt,Protect|||F|||50|,,,,,Ghost
|inactive|Battle timer is ON: inactive players will automatically lose when time's up. (requested by Chknadobovgc)
|l|☆Chknadobovgc
|inactive|Chknadobovgc disconnected and has a minute to reconnect!
|player|p1|
|inactive|malo maalez has 60 seconds left.
|j|☆Chknadobovgc
|inactive|Chknadobovgc reconnected.
|player|p1|Chknadobovgc|265|
|inactive|malo maalez has 30 seconds left.
|
|t:|1756682088
|teamsize|p1|4
|teamsize|p2|4
|start
|switch|p1a: Indeedee|Indeedee, L50, M|100/100
|switch|p1b: Sneasler|Sneasler, L50, F, shiny|100/100
|switch|p2a: Quien es esta|Rillaboom, L50, M, shiny|100/100
|switch|p2b: ImitadoraVoy|Volcarona, L50, F|100/100
|-fieldstart|move: Psychic Terrain|[from] ability: Psychic Surge|[of] p1a: Indeedee
|-enditem|p1b: Sneasler|Psychic Seed
|-boost|p1b: Sneasler|spd|1|[from] item: Psychic Seed
|-fieldstart|move: Grassy Terrain|[from] ability: Grassy Surge|[of] p2a: Quien es esta
|turn|1
|
|t:|1756682113
|switch|p1a: Annihilape|Annihilape, L50, M, shiny|100/100
|move|p2a: Quien es esta|Fake Out|p1a: Annihilape
|-immune|p1a: Annihilape
|move|p1b: Sneasler|Dire Claw|p2a: Quien es esta
|-supereffective|p2a: Quien es esta
|-damage|p2a: Quien es esta|21/100
|-status|p2a: Quien es esta|psn
|move|p2b: ImitadoraVoy|Quiver Dance|p2b: ImitadoraVoy
|-boost|p2b: ImitadoraVoy|spa|1
|-boost|p2b: ImitadoraVoy|spd|1
|-boost|p2b: ImitadoraVoy|spe|1
|
|-heal|p2a: Quien es esta|27/100 psn|[from] Grassy Terrain
|-damage|p2a: Quien es esta|15/100 psn|[from] psn
|upkeep
|turn|2
|inactive|Chknadobovgc has 30 seconds left.
|inactive|malo maalez has 30 seconds left.
|
|t:|1756682150
|switch|p2a: A Su Lugar|Electabuzz, L50, F, shiny|100/100
|-terastallize|p1a: Annihilape|Water
|move|p2b: ImitadoraVoy|Protect|p2b: ImitadoraVoy
|-singleturn|p2b: ImitadoraVoy|Protect
|move|p1b: Sneasler|Dire Claw|p2a: A Su Lugar
|-damage|p2a: A Su Lugar|69/100
|move|p1a: Annihilape|Rage Fist|p2b: ImitadoraVoy
|-activate|p2b: ImitadoraVoy|move: Protect
|
|-heal|p2a: A Su Lugar|74/100|[from] Grassy Terrain
|upkeep
|turn|3
|inactive|malo maalez has 30 seconds left.
|inactive|Chknadobovgc has 30 seconds left.
|l|☆Chknadobovgc
|inactive|Chknadobovgc disconnected and has a minute to reconnect!
|player|p1|
|inactive|Chknadobovgc has 20 seconds left.
|inactive|Chknadobovgc has 15 seconds left.
|j|☆Chknadobovgc
|inactive|Chknadobovgc reconnected and has 15 seconds left.
|player|p1|Chknadobovgc|265|
|inactive|Chknadobovgc has 10 seconds left.
|inactive|Chknadobovgc has 5 seconds left.
|
|t:|1756682208
|move|p2a: A Su Lugar|Follow Me|p2a: A Su Lugar
|-singleturn|p2a: A Su Lugar|move: Follow Me
|move|p1b: Sneasler|Dire Claw|p2a: A Su Lugar
|-damage|p2a: A Su Lugar|41/100
|-status|p2a: A Su Lugar|psn
|move|p2b: ImitadoraVoy|Quiver Dance|p2b: ImitadoraVoy
|-boost|p2b: ImitadoraVoy|spa|1
|-boost|p2b: ImitadoraVoy|spd|1
|-boost|p2b: ImitadoraVoy|spe|1
|move|p1a: Annihilape|Rage Fist|p2a: A Su Lugar
|-damage|p2a: A Su Lugar|25/100 psn
|
|-heal|p2a: A Su Lugar|31/100 psn|[from] Grassy Terrain
|-damage|p2a: A Su Lugar|19/100 psn|[from] psn
|upkeep
|turn|4
|
|t:|1756682231
|move|p2a: A Su Lugar|Follow Me|p2a: A Su Lugar
|-singleturn|p2a: A Su Lugar|move: Follow Me
|move|p1b: Sneasler|Dire Claw|p2a: A Su Lugar
|-damage|p2a: A Su Lugar|0 fnt
|faint|p2a: A Su Lugar
|move|p2b: ImitadoraVoy|Quiver Dance|p2b: ImitadoraVoy
|-boost|p2b: ImitadoraVoy|spa|1
|-boost|p2b: ImitadoraVoy|spd|1
|-boost|p2b: ImitadoraVoy|spe|1
|move|p1a: Annihilape|Final Gambit|p2b: ImitadoraVoy
|-damage|p2b: ImitadoraVoy|0 fnt
|faint|p1a: Annihilape
|faint|p2b: ImitadoraVoy
|
|upkeep
|
|t:|1756682244
|switch|p1a: Tyranitar|Tyranitar, L50, M, shiny|100/100
|switch|p2b: Quien es esta|Rillaboom, L50, M, shiny|15/100 psn
|switch|p2a: Tell Me|Sneasler, L50, F|100/100
|-weather|Sandstorm|[from] ability: Sand Stream|[of] p1a: Tyranitar
|turn|5
|inactive|Chknadobovgc has 30 seconds left.
|inactive|malo maalez has 30 seconds left.
|
|t:|1756682274
|switch|p1a: Indeedee|Indeedee, L50, M|100/100
|-fieldstart|move: Psychic Terrain|[from] ability: Psychic Surge|[of] p1a: Indeedee
|move|p1b: Sneasler|Dire Claw|p2a: Tell Me
|-resisted|p2a: Tell Me
|-damage|p2a: Tell Me|62/100
|-status|p2a: Tell Me|par
|move|p2b: Quien es esta|High Horsepower|p1b: Sneasler
|-supereffective|p1b: Sneasler
|-damage|p1b: Sneasler|0 fnt
|faint|p1b: Sneasler
|move|p2a: Tell Me|Dire Claw|p1a: Indeedee
|-damage|p1a: Indeedee|18/100
|-status|p1a: Indeedee|psn|[from] ability: Poison Touch|[of] p2a: Tell Me
|
|-weather|Sandstorm|[upkeep]
|-damage|p1a: Indeedee|12/100 psn|[from] Sandstorm
|-damage|p2b: Quien es esta|9/100 psn|[from] Sandstorm
|-damage|p2a: Tell Me|56/100 par|[from] Sandstorm
|-damage|p1a: Indeedee|0 fnt|[from] psn
|faint|p1a: Indeedee
|-damage|p2b: Quien es esta|0 fnt|[from] psn
|faint|p2b: Quien es esta
|upkeep
|
|t:|1756682283
|switch|p1b: Tyranitar|Tyranitar, L50, M, shiny|100/100
|turn|6
|
|t:|1756682300
|move|p1b: Tyranitar|Rock Slide|p2a: Tell Me
|-resisted|p2a: Tell Me
|-damage|p2a: Tell Me|26/100 par
|cant|p2a: Tell Me|flinch
|
|-weather|Sandstorm|[upkeep]
|-damage|p2a: Tell Me|20/100 par|[from] Sandstorm
|upkeep
|turn|7
|
|t:|1756682307
|move|p1b: Tyranitar|Knock Off|p2a: Tell Me
|-resisted|p2a: Tell Me
|-damage|p2a: Tell Me|0 fnt
|-enditem|p2a: Tell Me|Focus Sash|[from] move: Knock Off|[of] p1b: Tyranitar
|faint|p2a: Tell Me
|
|win|Chknadobovgc
||malo maalez is ready for game 2.
||Chknadobovgc is ready for game 2.
|uhtml|next|Next: Game 2 of 3
|l|☆malo maalez
|player|p2|
