|j|☆Juno Truther
|j|☆AtomicTwilight
|html|Juno TrutherAtomicTwilight    
|uhtml|bestof|Game 3 of a best-of-3
|t:|1783824920
|gametype|doubles
|player|p1|Juno Truther|rosa|
|player|p2|AtomicTwilight|canari|
|gen|9
|tier|[Gen 9 Champions] VGC 2026 Reg M-B (Bo3)
|rule|Species Clause: Limit one of each Pokémon
|rule|Item Clause: Limit 1 of each item
|clearpoke
|poke|p1|Chandelure, L50, M|
|poke|p1|Garganacl, L50, M|
|poke|p1|Greninja, L50, F|
|poke|p1|Rotom-Mow, L50|
|poke|p1|Krookodile, L50, M|
|poke|p1|Ariados, L50, F|
|poke|p2|Greninja, L50, F|
|poke|p2|Slowking-Galar, L50, F|
|poke|p2|Rotom-Frost, L50|
|poke|p2|Klefki, L50, M|
|poke|p2|Krookodile, L50, M|
|poke|p2|Floette-Eternal, L50, F|
|teampreview|4
|showteam|p1|Chandelure||Chandelurite|Infiltrator|HeatWave,ShadowBall,TrickRoom,Protect|Modest||M|||50|]Garganacl||Leftovers|PurifyingSalt|WideGuard,SaltCure,Recover,Protect|Sassy||M|||50|]Greninja||Greninjite|Torrent|IceBeam,Protect,HydroPump,DarkPulse|Timid||F|||50|]Rotom-Mow||ChoiceScarf|Levitate|Thunderbolt,LeafStorm,Electroweb,VoltSwitch|Timid|||||50|]Krookodile||PasshoBerry|Intimidate|Crunch,Taunt,Protect,HighHorsepower|Adamant||M|||50|]Ariados||ScopeLens|Sniper|CrossPoison,Protect,RagePowder|Impish||F|||50|
|showteam|p2|Greninja||Greninjite|Protean|Blizzard,DarkPulse,Extrasensory,Protect|Modest||F|||50|]Slowking-Galar||Leftovers|Regenerator|ChillyReception,Protect,Toxic,AcidSpray|Calm||F|||50|]Rotom-Frost||ChoiceScarf|Levitate|VoltSwitch,Blizzard,Discharge,Electroweb|Timid|||||50|]Klefki||LightClay|Prankster|ThunderWave,Reflect,LightScreen,DazzlingGleam|Timid||M|||50|]Krookodile||LifeOrb|Intimidate|Earthquake,KnockOff,CloseCombat,Protect|Jolly||M|||50|]Floette-Eternal||FairyFeather|FlowerVeil|Protect,DazzlingGleam,Moonblast,LightofRuin|Timid||F|||50|
|
|t:|1783824952
|teamsize|p1|4
|teamsize|p2|4
|start
|switch|p1a: Greninja|Greninja, L50, F|100/100
|switch|p1b: Rotom|Rotom-Mow, L50|100/100
|switch|p2a: Klefki|Klefki, L50, M|100/100
|switch|p2b: Krookodile|Krookodile, L50, M|100/100
|-ability|p2b: Krookodile|Intimidate|boost
|-unboost|p1a: Greninja|atk|1
|-unboost|p1b: Rotom|atk|1
|turn|1
|
|t:|1783824996
|switch|p1a: Chandelure|Chandelure, L50, M|100/100
|move|p2b: Krookodile|Protect|p2b: Krookodile
|-singleturn|p2b: Krookodile|Protect
|move|p2a: Klefki|Light Screen|p2a: Klefki
|-sidestart|p2: AtomicTwilight|move: Light Screen
|move|p1b: Rotom|Volt Switch|p2a: Klefki
|-damage|p2a: Klefki|75/100
|
|t:|1783825003
|switch|p1b: Greninja|Greninja, L50, F|100/100|[from] Volt Switch
|
|upkeep
|turn|2
|
|t:|1783825024
|switch|p2a: Rotom|Rotom-Frost, L50|100/100
|detailschange|p1b: Greninja|Greninja-Mega, L50, F
|-mega|p1b: Greninja|Greninja|Greninjite
|move|p1b: Greninja|Hydro Pump|p2b: Krookodile
|-start|p1b: Greninja|typechange|Water|[from] ability: Protean
|-supereffective|p2b: Krookodile|1
|-damage|p2b: Krookodile|0 fnt
|faint|p2b: Krookodile
|move|p1a: Chandelure|Heat Wave|p2a: Rotom
|-supereffective|p2a: Rotom|1
|-damage|p2a: Rotom|0 fnt
|faint|p2a: Rotom
|
|upkeep
|
|t:|1783825038
|switch|p2b: Greninja|Greninja, L50, F|100/100
|switch|p2a: Klefki|Klefki, L50, M|75/100
|turn|3
|
|t:|1783825051
|detailschange|p2b: Greninja|Greninja-Mega, L50, F
|-mega|p2b: Greninja|Greninja|Greninjite
|move|p2a: Klefki|Thunder Wave|p1b: Greninja
|-status|p1b: Greninja|par
|move|p2b: Greninja|Dark Pulse|p1a: Chandelure
|-start|p2b: Greninja|typechange|Dark|[from] ability: Protean
|-supereffective|p1a: Chandelure|1
|-damage|p1a: Chandelure|0 fnt
|faint|p1a: Chandelure
|move|p1b: Greninja|Hydro Pump|p2a: Klefki
|-damage|p2a: Klefki|28/100
|
|upkeep
|
|t:|1783825066
|switch|p1a: Rotom|Rotom-Mow, L50|100/100
|turn|4
|
|t:|1783825076
|switch|p1b: Garganacl|Garganacl, L50, M|100/100
|move|p1a: Rotom|Thunderbolt|p2a: Klefki
|-damage|p2a: Klefki|0 fnt
|faint|p2a: Klefki
|move|p2b: Greninja|Blizzard|p1b: Garganacl|[spread] p1a,p1b
|-supereffective|p1a: Rotom|1
|-damage|p1a: Rotom|16/100
|-damage|p1b: Garganacl|76/100
|
|-heal|p1b: Garganacl|82/100|[from] item: Leftovers
|upkeep
|turn|5
|
|t:|1783825094
|move|p1a: Rotom|Thunderbolt|p2b: Greninja
|-damage|p2b: Greninja|64/100
|-status|p2b: Greninja|par
|move|p2b: Greninja|Dark Pulse|p1a: Rotom
|-damage|p1a: Rotom|0 fnt
|faint|p1a: Rotom
|move|p1b: Garganacl|Salt Cure|p2b: Greninja
|-damage|p2b: Greninja|45/100 par
|-start|p2b: Greninja|Salt Cure
|
|-heal|p1b: Garganacl|87/100|[from] item: Leftovers
|-damage|p2b: Greninja|39/100 par|[from] Salt Cure
|upkeep
|
|t:|1783825099
|switch|p1a: Greninja|Greninja-Mega, L50, F|100/100 par
|turn|6
|
|t:|1783825107
|move|p1a: Greninja|Dark Pulse|p2b: Greninja
|-start|p1a: Greninja|typechange|Dark|[from] ability: Protean
|-resisted|p2b: Greninja|1
|-damage|p2b: Greninja|17/100 par
|cant|p2b: Greninja|flinch
|move|p1b: Garganacl|Salt Cure|p2b: Greninja
|-damage|p2b: Greninja|0 fnt
|faint|p2b: Greninja
|
|win|Juno Truther
