|j|☆zefhkb505
|j|☆jiaco5
|html|zefhkb505jiaco5    
|uhtml|bestof|Game 2 of a best-of-3
|t:|1784087375
|gametype|doubles
|player|p1|zefhkb505|hilbert|1330
|player|p2|jiaco5|2|1283
|gen|9
|tier|[Gen 9 Champions] VGC 2026 Reg M-B (Bo3)
|rated|
|rule|Species Clause: Limit one of each Pokémon
|rule|Item Clause: Limit 1 of each item
|clearpoke
|poke|p1|Froslass, L50, F|
|poke|p1|Ninetales-Alola, L50, F|
|poke|p1|Tyranitar, L50, F|
|poke|p1|Excadrill, L50, M|
|poke|p1|Sneasler, L50, M|
|poke|p1|Scovillain, L50, M|
|poke|p2|Blastoise, L50, F|
|poke|p2|Sinistcha, L50|
|poke|p2|Delphox, L50, M|
|poke|p2|Sneasler, L50, F|
|poke|p2|Incineroar, L50, F|
|poke|p2|Kingambit, L50, M|
|teampreview|4
|showteam|p1|Froslass||Froslassite|CursedBody|WeatherBall,Blizzard,ShadowBall,Protect|Timid||F|||50|]Ninetales-Alola||LightClay|SnowWarning|AuroraVeil,Moonblast,FreezeDry,Protect|Timid||F|||50|]Tyranitar||ChoiceScarf|SandStream|RockSlide,HighHorsepower,LowKick,KnockOff|Jolly||F|||50|]Excadrill||FocusSash|SandRush|RockSlide,HighHorsepower,IronHead,Protect|Adamant||M|||50|]Sneasler||WhiteHerb|Unburden|FakeOut,DireClaw,CloseCombat,Protect|Adamant||M|||50|]Scovillain||Scovillainite|Moody|Protect,Overheat,RagePowder,GigaDrain|Calm||M|||50|
|showteam|p2|Blastoise||Blastoisinite|RainDish|WaterSpout,DarkPulse,ShellSmash,Protect|Modest||F|||50|]Sinistcha||OccaBerry|Hospitality|MatchaGotcha,TrickRoom,RagePowder,Protect|Relaxed|||||50|]Delphox||Delphoxite|Blaze|HeatWave,Psychic,NastyPlot,Protect|Timid||M|||50|]Sneasler||FocusSash|PoisonTouch|CloseCombat,PoisonJab,FakeOut,QuickGuard|Jolly||F|||50|]Incineroar||SitrusBerry|Intimidate|FlareBlitz,FakeOut,ThroatChop,PartingShot|Impish||F|||50|]Kingambit||BlackGlasses|Defiant|KowtowCleave,SuckerPunch,SwordsDance,Protect|Adamant||M|||50|
|
|t:|1784087417
|teamsize|p1|4
|teamsize|p2|4
|start
|switch|p1a: Tyranitar|Tyranitar, L50, F|100/100
|switch|p1b: Excadrill|Excadrill, L50, M|100/100
|switch|p2a: Sinistcha|Sinistcha, L50|100/100
|switch|p2b: Incineroar|Incineroar, L50, F|100/100
|-weather|Sandstorm|[from] ability: Sand Stream|[of] p1a: Tyranitar
|-ability|p2b: Incineroar|Intimidate|boost
|-unboost|p1a: Tyranitar|atk|1
|-unboost|p1b: Excadrill|atk|1
|turn|1
|
|t:|1784087433
|switch|p1b: Scovillain|Scovillain, L50, M|100/100
|move|p2b: Incineroar|Fake Out|p1a: Tyranitar
|-resisted|p1a: Tyranitar|1
|-damage|p1a: Tyranitar|94/100
|cant|p1a: Tyranitar|flinch
|move|p2a: Sinistcha|Trick Room|p2a: Sinistcha
|-fieldstart|move: Trick Room|[of] p2a: Sinistcha
|
|-weather|Sandstorm|[upkeep]
|-damage|p2a: Sinistcha|93/100|[from] Sandstorm
|-damage|p2b: Incineroar|94/100|[from] Sandstorm
|-damage|p1b: Scovillain|94/100|[from] Sandstorm
|-ability|p1b: Scovillain|Moody|boost
|-boost|p1b: Scovillain|spe|2
|-unboost|p1b: Scovillain|spa|1
|upkeep
|turn|2
|
|t:|1784087457
|move|p1b: Scovillain|Protect|p1b: Scovillain
|-singleturn|p1b: Scovillain|Protect
|move|p2a: Sinistcha|Matcha Gotcha|p1b: Scovillain|[spread] p1a
|-activate|p1b: Scovillain|move: Protect
|-supereffective|p1a: Tyranitar|1
|-damage|p1a: Tyranitar|63/100
|-heal|p2a: Sinistcha|100/100|[from] drain|[of] p1a: Tyranitar
|move|p2b: Incineroar|Parting Shot|p1a: Tyranitar
|-unboost|p1a: Tyranitar|atk|1
|-unboost|p1a: Tyranitar|spa|1
|
|t:|1784087468
|switch|p2b: Sneasler|Sneasler, L50, F|100/100|[from] Parting Shot
|move|p1a: Tyranitar|High Horsepower|p2b: Sneasler
|-supereffective|p2b: Sneasler|1
|-damage|p2b: Sneasler|36/100
|
|-weather|Sandstorm|[upkeep]
|-damage|p2a: Sinistcha|93/100|[from] Sandstorm
|-damage|p2b: Sneasler|30/100|[from] Sandstorm
|-damage|p1b: Scovillain|88/100|[from] Sandstorm
|-ability|p1b: Scovillain|Moody|boost
|-boost|p1b: Scovillain|spa|2
|-unboost|p1b: Scovillain|spd|1
|upkeep
|turn|3
|
|t:|1784087489
|switch|p2b: Incineroar|Incineroar, L50, F|94/100
|-ability|p2b: Incineroar|Intimidate|boost
|-unboost|p1a: Tyranitar|atk|1
|-unboost|p1b: Scovillain|atk|1
|detailschange|p1b: Scovillain|Scovillain-Mega, L50, M
|-mega|p1b: Scovillain|Scovillain|Scovillainite
|move|p2a: Sinistcha|Matcha Gotcha|p1a: Tyranitar|[spread] p1a,p1b
|-supereffective|p1a: Tyranitar|1
|-crit|p1a: Tyranitar
|-resisted|p1b: Scovillain|2
|-damage|p1a: Tyranitar|7/100
|-heal|p2a: Sinistcha|100/100|[from] drain|[of] p1a: Tyranitar
|-damage|p1b: Scovillain|79/100
|-status|p1a: Tyranitar|brn
|-status|p2a: Sinistcha|brn|[from] ability: Spicy Spray|[of] p1b: Scovillain
|move|p1a: Tyranitar|High Horsepower|p2b: Incineroar
|-supereffective|p2b: Incineroar|1
|-damage|p2b: Incineroar|84/100
|move|p1b: Scovillain|Overheat|p2a: Sinistcha
|-supereffective|p2a: Sinistcha|1
|-enditem|p2a: Sinistcha|Occa Berry|[eat]
|-enditem|p2a: Sinistcha|Occa Berry|[weaken]
|-damage|p2a: Sinistcha|18/100 brn
|-unboost|p1b: Scovillain|spa|2
|
|-weather|Sandstorm|[upkeep]
|-damage|p2a: Sinistcha|12/100 brn|[from] Sandstorm
|-damage|p2b: Incineroar|78/100|[from] Sandstorm
|-damage|p1b: Scovillain|73/100|[from] Sandstorm
|-damage|p2a: Sinistcha|6/100 brn|[from] brn
|-damage|p1a: Tyranitar|1/100 brn|[from] brn
|upkeep
|turn|4
|
|t:|1784087522
|switch|p1a: Sneasler|Sneasler, L50, M|100/100
|move|p1b: Scovillain|Protect|p1b: Scovillain
|-singleturn|p1b: Scovillain|Protect
|move|p2a: Sinistcha|Matcha Gotcha|p1a: Sneasler|[spread] p1a
|-activate|p1b: Scovillain|move: Protect
|-resisted|p1a: Sneasler|1
|-damage|p1a: Sneasler|82/100
|-heal|p2a: Sinistcha|14/100 brn|[from] drain|[of] p1a: Sneasler
|move|p2b: Incineroar|Flare Blitz|p1b: Scovillain
|-activate|p1b: Scovillain|move: Protect
|
|-weather|Sandstorm|[upkeep]
|-damage|p2a: Sinistcha|7/100 brn|[from] Sandstorm
|-damage|p2b: Incineroar|72/100|[from] Sandstorm
|-damage|p1a: Sneasler|77/100|[from] Sandstorm
|-damage|p1b: Scovillain|67/100|[from] Sandstorm
|-damage|p2a: Sinistcha|1/100 brn|[from] brn
|upkeep
|turn|5
|
|t:|1784087544
|move|p1b: Scovillain|Rage Powder|p1b: Scovillain
|-singleturn|p1b: Scovillain|move: Rage Powder
|move|p2a: Sinistcha|Matcha Gotcha|p1b: Scovillain|[spread] p1a,p1b
|-resisted|p1a: Sneasler|1
|-resisted|p1b: Scovillain|2
|-crit|p1b: Scovillain
|-damage|p1a: Sneasler|59/100
|-heal|p2a: Sinistcha|9/100 brn|[from] drain|[of] p1a: Sneasler
|-damage|p1b: Scovillain|56/100
|-heal|p2a: Sinistcha|15/100 brn|[from] drain|[of] p1b: Scovillain
|move|p2b: Incineroar|Flare Blitz|p1b: Scovillain
|-damage|p1b: Scovillain|4/100
|-immune|p2b: Incineroar
|-damage|p2b: Incineroar|57/100|[from] Recoil
|move|p1a: Sneasler|Close Combat|p2b: Incineroar
|-supereffective|p2b: Incineroar|1
|-damage|p2b: Incineroar|0 fnt
|-unboost|p1a: Sneasler|def|1
|-unboost|p1a: Sneasler|spd|1
|faint|p2b: Incineroar
|-enditem|p1a: Sneasler|White Herb
|-clearnegativeboost|p1a: Sneasler|[silent]
|
|-weather|none
|-damage|p2a: Sinistcha|8/100 brn|[from] brn
|-fieldend|move: Trick Room
|upkeep
|
|t:|1784087562
|switch|p2b: Sneasler|Sneasler, L50, F|30/100
|turn|6
|
|t:|1784087575
|move|p1b: Scovillain|Protect|p1b: Scovillain
|-singleturn|p1b: Scovillain|Protect
|move|p2b: Sneasler|Fake Out|p1a: Sneasler
|-crit|p1a: Sneasler
|-damage|p1a: Sneasler|23/100
|cant|p1a: Sneasler|flinch
|move|p2a: Sinistcha|Trick Room|p2a: Sinistcha
|-fieldstart|move: Trick Room|[of] p2a: Sinistcha
|
|-damage|p2a: Sinistcha|2/100 brn|[from] brn
|upkeep
|turn|7
|
|t:|1784087599
|move|p1b: Scovillain|Rage Powder|p1b: Scovillain
|-singleturn|p1b: Scovillain|move: Rage Powder
|move|p2a: Sinistcha|Matcha Gotcha|p1b: Scovillain|[spread] p1a
|-miss|p2a: Sinistcha|p1b: Scovillain
|-resisted|p1a: Sneasler|1
|-damage|p1a: Sneasler|8/100
|-heal|p2a: Sinistcha|9/100 brn|[from] drain|[of] p1a: Sneasler
|move|p2b: Sneasler|Poison Jab|p1b: Scovillain
|-supereffective|p1b: Scovillain|1
|-damage|p1b: Scovillain|0 fnt
|-status|p2b: Sneasler|brn|[from] ability: Spicy Spray|[of] p1b: Scovillain
|faint|p1b: Scovillain
|move|p1a: Sneasler|Dire Claw|p2b: Sneasler
|-resisted|p2b: Sneasler|1
|-damage|p2b: Sneasler|0 fnt
|faint|p2b: Sneasler
|
|-damage|p2a: Sinistcha|3/100 brn|[from] brn
|upkeep
|
|t:|1784087618
|switch|p1b: Excadrill|Excadrill, L50, M|100/100
|switch|p2b: Kingambit|Kingambit, L50, M|100/100
|turn|8
|
|t:|1784087629
|move|p2b: Kingambit|Kowtow Cleave|p1b: Excadrill
|-crit|p1b: Excadrill
|-enditem|p1b: Excadrill|Focus Sash
|-damage|p1b: Excadrill|1/100
|move|p2a: Sinistcha|Matcha Gotcha|p1b: Excadrill|[spread] p1a
|-miss|p2a: Sinistcha|p1b: Excadrill
|-resisted|p1a: Sneasler|1
|-damage|p1a: Sneasler|0 fnt
|-heal|p2a: Sinistcha|7/100 brn|[from] drain|[of] p1a: Sneasler
|faint|p1a: Sneasler
|move|p1b: Excadrill|High Horsepower|p2b: Kingambit
|-supereffective|p2b: Kingambit|1
|-damage|p2b: Kingambit|21/100
|
|-damage|p2a: Sinistcha|1/100 brn|[from] brn
|upkeep
|
|t:|1784087644
|switch|p1a: Tyranitar|Tyranitar, L50, F|1/100 brn
|-weather|Sandstorm|[from] ability: Sand Stream|[of] p1a: Tyranitar
|turn|9
|
|t:|1784087653
|move|p1b: Excadrill|Protect|p1b: Excadrill
|-singleturn|p1b: Excadrill|Protect
|move|p2b: Kingambit|Kowtow Cleave|p1b: Excadrill
|-activate|p1b: Excadrill|move: Protect
|move|p2a: Sinistcha|Matcha Gotcha|p1b: Excadrill|[spread] p1a
|-activate|p1b: Excadrill|move: Protect
|-supereffective|p1a: Tyranitar|1
|-damage|p1a: Tyranitar|0 fnt
|-heal|p2a: Sinistcha|2/100 brn|[from] drain|[of] p1a: Tyranitar
|faint|p1a: Tyranitar
|
|-weather|Sandstorm|[upkeep]
|-damage|p2a: Sinistcha|0 fnt|[from] Sandstorm
|faint|p2a: Sinistcha
|upkeep
|turn|10
|
|t:|1784087669
|move|p2b: Kingambit|Kowtow Cleave|p1b: Excadrill
|-damage|p1b: Excadrill|0 fnt
|faint|p1b: Excadrill
|
|win|jiaco5
|raw|zefhkb505's rating: 1330 → 1307(-23 for losing)
|raw|jiaco5's rating: 1283 → 1311(+28 for winning)
