|j|☆sbhaga34
|j|☆DomDaBomb886!
|html|sbhaga34DomDaBomb886!    
|uhtml|bestof|Game 1 of a best-of-3
|t:|1784786585
|gametype|doubles
|player|p1|sbhaga34|hugh|1309
|player|p2|DomDaBomb886!|265|1325
|gen|9
|tier|[Gen 9 Champions] VGC 2026 Reg M-B (Bo3)
|rated|
|rule|Species Clause: Limit one of each Pokémon
|rule|Item Clause: Limit 1 of each item
|clearpoke
|poke|p1|Excadrill, L50, M|
|poke|p1|Tyranitar, L50, M|
|poke|p1|Corviknight, L50, F|
|poke|p1|Rotom-Wash, L50|
|poke|p1|Chandelure, L50, F|
|poke|p1|Scovillain, L50, M|
|poke|p2|Charizard, L50, M|
|poke|p2|Venusaur, L50, F|
|poke|p2|Annihilape, L50, M|
|poke|p2|Incineroar, L50, M|
|poke|p2|Ninetales-Alola, L50, F|
|poke|p2|Dragonite, L50, F|
|teampreview|4
|showteam|p1|Excadrill||FocusSash|SandRush|Earthquake,IronHead,SwordsDance,Protect|Adamant||M|||50|]Tyranitar||Tyranitarite|SandStream|RockSlide,KnockOff,LowKick,Protect|Adamant||M|||50|]Corviknight||SharpBeak|MirrorArmor|BraveBird,Tailwind,BulkUp,Roost|Careful||F|||50|]Rotom-Wash||ChoiceScarf|Levitate|VoltSwitch,Thunderbolt,Electroweb,HydroPump|Timid|||||50|]Chandelure||ShucaBerry|FlashFire|HeatWave,ShadowBall,TrickRoom,Protect|Modest||F|||50|]Scovillain||Scovillainite|Chlorophyll|RagePowder,Overheat,GigaDrain,Protect|Calm||M|||50|
|showteam|p2|Charizard||CharizarditeX|Blaze|Protect,FlareBlitz,DragonDance,Roost|Adamant||M|||50|]Venusaur||Venusaurite|Overgrow|Protect,GigaDrain,SludgeBomb,EarthPower|Modest||F|||50|]Annihilape||FocusSash|Defiant|Protect,CloseCombat,PhantomForce,RockTomb|Jolly||M|||50|]Incineroar||SitrusBerry|Intimidate|FlareBlitz,ThroatChop,FakeOut,PartingShot|Careful||M|||50|]Ninetales-Alola||NeverMeltIce|SnowWarning|Protect,Blizzard,FreezeDry,Encore|Timid||F|||50|]Dragonite||LifeOrb|InnerFocus|Protect,DragonClaw,ExtremeSpeed,StompingTantrum|Adamant||F|||50|
|inactive|Battle timer is ON: inactive players will automatically lose when time's up. (requested by DomDaBomb886!)
|inactive|sbhaga34 has 60 seconds left.
|inactive|DomDaBomb886! has 60 seconds left.
|
|t:|1784786651
|teamsize|p1|4
|teamsize|p2|4
|start
|switch|p1a: Corviknight|Corviknight, L50, F|100/100
|switch|p1b: Scovillain|Scovillain, L50, M|100/100
|switch|p2a: Annihilape|Annihilape, L50, M|100/100
|switch|p2b: Incineroar|Incineroar, L50, M|100/100
|-ability|p2b: Incineroar|Intimidate|boost
|-ability|p1a: Corviknight|Mirror Armor
|-unboost|p2b: Incineroar|atk|1
|-unboost|p1b: Scovillain|atk|1
|turn|1
|inactive|DomDaBomb886! has 30 seconds left.
|
|t:|1784786679
|detailschange|p1b: Scovillain|Scovillain-Mega, L50, M
|-mega|p1b: Scovillain|Scovillain|Scovillainite
|move|p2a: Annihilape|Protect|p2a: Annihilape
|-singleturn|p2a: Annihilape|Protect
|move|p1b: Scovillain|Rage Powder|p1b: Scovillain
|-singleturn|p1b: Scovillain|move: Rage Powder
|move|p1a: Corviknight|Tailwind|p1a: Corviknight
|-sidestart|p1: sbhaga34|move: Tailwind
|move|p2b: Incineroar|Flare Blitz|p1b: Scovillain
|-damage|p1b: Scovillain|68/100
|-immune|p2b: Incineroar
|-damage|p2b: Incineroar|91/100|[from] Recoil
|
|upkeep
|turn|2
|inactive|DomDaBomb886! has 30 seconds left.
|
|t:|1784786708
|move|p1b: Scovillain|Rage Powder|p1b: Scovillain
|-singleturn|p1b: Scovillain|move: Rage Powder
|move|p1a: Corviknight|Brave Bird|p2a: Annihilape
|-supereffective|p2a: Annihilape|1
|-enditem|p2a: Annihilape|Focus Sash
|-damage|p2a: Annihilape|1/100
|-damage|p1a: Corviknight|69/100|[from] Recoil
|move|p2a: Annihilape|Close Combat|p1b: Scovillain
|-damage|p1b: Scovillain|9/100
|-unboost|p2a: Annihilape|def|1
|-unboost|p2a: Annihilape|spd|1
|-status|p2a: Annihilape|brn|[from] ability: Spicy Spray|[of] p1b: Scovillain
|move|p2b: Incineroar|Flare Blitz|p1b: Scovillain
|-damage|p1b: Scovillain|0 fnt
|-immune|p2b: Incineroar
|faint|p1b: Scovillain
|-damage|p2b: Incineroar|88/100|[from] Recoil
|
|-damage|p2a: Annihilape|0 fnt|[from] brn
|faint|p2a: Annihilape
|upkeep
|
|t:|1784786729
|switch|p2a: Ninetales|Ninetales-Alola, L50, F|100/100
|switch|p1b: Tyranitar|Tyranitar, L50, M|100/100
|-weather|Sandstorm|[from] ability: Sand Stream|[of] p1b: Tyranitar
|-weather|Snowscape|[from] ability: Snow Warning|[of] p2a: Ninetales
|turn|3
|
|t:|1784786746
|move|p2a: Ninetales|Protect|p2a: Ninetales
|-singleturn|p2a: Ninetales|Protect
|move|p1a: Corviknight|Brave Bird|p2a: Ninetales
|-activate|p2a: Ninetales|move: Protect
|move|p1b: Tyranitar|Rock Slide|p2b: Incineroar|[spread] p2b
|-activate|p2a: Ninetales|move: Protect
|-supereffective|p2b: Incineroar|1
|-damage|p2b: Incineroar|28/100
|-enditem|p2b: Incineroar|Sitrus Berry|[eat]
|-heal|p2b: Incineroar|53/100|[from] item: Sitrus Berry
|move|p2b: Incineroar|Parting Shot|p1b: Tyranitar
|-unboost|p1b: Tyranitar|atk|1
|-unboost|p1b: Tyranitar|spa|1
|
|t:|1784786761
|switch|p2b: Venusaur|Venusaur, L50, F|100/100|[from] Parting Shot
|
|-weather|Snowscape|[upkeep]
|upkeep
|turn|4
|
|t:|1784786775
|switch|p1b: Excadrill|Excadrill, L50, M|100/100
|switch|p2a: Incineroar|Incineroar, L50, M|53/100
|-ability|p2a: Incineroar|Intimidate|boost
|-ability|p1a: Corviknight|Mirror Armor
|-unboost|p2a: Incineroar|atk|1
|-unboost|p1b: Excadrill|atk|1
|detailschange|p2b: Venusaur|Venusaur-Mega, L50, F
|-mega|p2b: Venusaur|Venusaur|Venusaurite
|move|p1a: Corviknight|Roost|p1a: Corviknight
|-heal|p1a: Corviknight|100/100
|-singleturn|p1a: Corviknight|move: Roost
|move|p2b: Venusaur|Giga Drain|p1b: Excadrill
|-damage|p1b: Excadrill|43/100
|
|-weather|Snowscape|[upkeep]
|-sideend|p1: sbhaga34|move: Tailwind
|upkeep
|turn|5
|inactive|DomDaBomb886! has 30 seconds left.
|
|t:|1784786808
|move|p1b: Excadrill|Protect|p1b: Excadrill
|-singleturn|p1b: Excadrill|Protect
|move|p2a: Incineroar|Fake Out|p1a: Corviknight
|-resisted|p1a: Corviknight|1
|-damage|p1a: Corviknight|97/100
|cant|p1a: Corviknight|flinch
|move|p2b: Venusaur|Giga Drain|p1b: Excadrill
|-activate|p1b: Excadrill|move: Protect
|
|-weather|Snowscape|[upkeep]
|upkeep
|turn|6
|inactive|DomDaBomb886! has 30 seconds left.
|inactive|DomDaBomb886! has 20 seconds left.
|inactive|DomDaBomb886! has 15 seconds left.
|
|t:|1784786852
|switch|p2a: Ninetales|Ninetales-Alola, L50, F|100/100
|move|p1b: Excadrill|Earthquake|p2a: Ninetales|[spread] p2a,p2b
|-immune|p1a: Corviknight
|-damage|p2a: Ninetales|71/100
|-damage|p2b: Venusaur|74/100
|move|p1a: Corviknight|Tailwind|p1a: Corviknight
|-sidestart|p1: sbhaga34|move: Tailwind
|move|p2b: Venusaur|Giga Drain|p1b: Excadrill
|-damage|p1b: Excadrill|0 fnt
|-heal|p2b: Venusaur|95/100|[from] drain|[of] p1b: Excadrill
|faint|p1b: Excadrill
|
|-weather|Snowscape|[upkeep]
|upkeep
|
|t:|1784786862
|switch|p1b: Tyranitar|Tyranitar, L50, M|100/100
|-weather|Sandstorm|[from] ability: Sand Stream|[of] p1b: Tyranitar
|turn|7
|
|t:|1784786886
|switch|p2a: Incineroar|Incineroar, L50, M|53/100
|-ability|p2a: Incineroar|Intimidate|boost
|-ability|p1a: Corviknight|Mirror Armor
|-unboost|p2a: Incineroar|atk|1
|-unboost|p1b: Tyranitar|atk|1
|move|p1a: Corviknight|Bulk Up|p1a: Corviknight
|-boost|p1a: Corviknight|atk|1
|-boost|p1a: Corviknight|def|1
|move|p1b: Tyranitar|Rock Slide|p2b: Venusaur|[spread] p2a,p2b
|-supereffective|p2a: Incineroar|1
|-damage|p2a: Incineroar|11/100
|-damage|p2b: Venusaur|80/100
|cant|p2b: Venusaur|flinch
|
|-weather|Sandstorm|[upkeep]
|-damage|p2b: Venusaur|74/100|[from] Sandstorm
|-damage|p2a: Incineroar|5/100|[from] Sandstorm
|upkeep
|turn|8
|
|t:|1784786905
|move|p1b: Tyranitar|Protect|p1b: Tyranitar
|-singleturn|p1b: Tyranitar|Protect
|move|p2a: Incineroar|Fake Out|p1a: Corviknight
|-resisted|p1a: Corviknight|1
|-damage|p1a: Corviknight|95/100
|cant|p1a: Corviknight|flinch
|move|p2b: Venusaur|Giga Drain|p1b: Tyranitar
|-activate|p1b: Tyranitar|move: Protect
|
|-weather|Sandstorm|[upkeep]
|-damage|p2b: Venusaur|68/100|[from] Sandstorm
|-damage|p2a: Incineroar|0 fnt|[from] Sandstorm
|faint|p2a: Incineroar
|upkeep
|
|t:|1784786907
|switch|p2a: Ninetales|Ninetales-Alola, L50, F|71/100
|-weather|Snowscape|[from] ability: Snow Warning|[of] p2a: Ninetales
|turn|9
|
|t:|1784786924
|move|p2a: Ninetales|Protect|p2a: Ninetales
|-singleturn|p2a: Ninetales|Protect
|move|p2b: Venusaur|Protect|p2b: Venusaur
|-singleturn|p2b: Venusaur|Protect
|move|p1a: Corviknight|Brave Bird|p2a: Ninetales
|-activate|p2a: Ninetales|move: Protect
|move|p1b: Tyranitar|Rock Slide|p2b: Venusaur|[spread] 
|-activate|p2a: Ninetales|move: Protect
|-activate|p2b: Venusaur|move: Protect
|
|-weather|Snowscape|[upkeep]
|-sideend|p1: sbhaga34|move: Tailwind
|upkeep
|turn|10
|
|t:|1784786946
|move|p1b: Tyranitar|Protect|p1b: Tyranitar
|-singleturn|p1b: Tyranitar|Protect
|move|p2a: Ninetales|Blizzard|p1b: Tyranitar|[spread] p1a
|-activate|p1b: Tyranitar|move: Protect
|-damage|p1a: Corviknight|61/100
|move|p1a: Corviknight|Tailwind|p1a: Corviknight
|-sidestart|p1: sbhaga34|move: Tailwind
|move|p2b: Venusaur|Giga Drain|p1b: Tyranitar
|-activate|p1b: Tyranitar|move: Protect
|
|-weather|Snowscape|[upkeep]
|upkeep
|turn|11
|
|t:|1784786965
|move|p1a: Corviknight|Brave Bird|p2b: Venusaur
|-supereffective|p2b: Venusaur|1
|-damage|p2b: Venusaur|0 fnt
|faint|p2b: Venusaur
|-damage|p1a: Corviknight|40/100|[from] Recoil
|move|p1b: Tyranitar|Rock Slide|p2a: Ninetales
|-supereffective|p2a: Ninetales|1
|-damage|p2a: Ninetales|23/100
|cant|p2a: Ninetales|flinch
|
|-weather|Snowscape|[upkeep]
|upkeep
|turn|12
|-message|DomDaBomb886! forfeited.
|
|win|sbhaga34
