|j|☆gol di lukaku
|j|☆failandimprove3
|html|gol di lukakufailandimprove3    
|uhtml|bestof|Game 2 of a best-of-3
|t:|1783539602
|gametype|doubles
|player|p1|gol di lukaku|102|
|player|p2|failandimprove3|266|
|gen|9
|tier|[Gen 9 Champions] VGC 2026 Reg M-B (Bo3)
|rule|Species Clause: Limit one of each Pokémon
|rule|Item Clause: Limit 1 of each item
|clearpoke
|poke|p1|Blaziken, L50, M|
|poke|p1|Kingambit, L50, F|
|poke|p1|Basculegion, L50, M|
|poke|p1|Sylveon, L50, F|
|poke|p1|Torkoal, L50, F|
|poke|p1|Venusaur, L50, F|
|poke|p2|Charizard, L50, M|
|poke|p2|Floette-Eternal, L50, F|
|poke|p2|Whimsicott, L50, F|
|poke|p2|Basculegion, L50, M|
|poke|p2|Kingambit, L50, F|
|poke|p2|Garchomp, L50, F|
|teampreview|4
|showteam|p1|Blaziken||Blazikenite|SpeedBoost|FlareBlitz,CloseCombat,Protect,RockSlide|Adamant||M|||50|]Kingambit||LifeOrb|Defiant|KowtowCleave,Protect,QuickGuard,SuckerPunch|Adamant||F|||50|]Basculegion||FocusSash|Adaptability|Liquidation,Protect,LastRespects,AquaJet|Adamant||M|||50|]Sylveon||FairyFeather|Pixilate|HyperVoice,HyperBeam,QuickAttack,Protect|Modest||F|||50|]Torkoal||Leftovers|Drought|StoneEdge,WeatherBall,Protect,Yawn|Relaxed||F|||50|]Venusaur||OccaBerry|Chlorophyll|LeafStorm,SludgeBomb,Protect,SleepPowder|Timid||F|||50|
|showteam|p2|Charizard||CharizarditeY|Blaze|HeatWave,WeatherBall,SolarBeam,Protect|Modest||M|||50|]Floette-Eternal||Floettite|FlowerVeil|Moonblast,DazzlingGleam,LightofRuin,Protect|Timid||F|||50|]Whimsicott||FocusSash|Prankster|Moonblast,Tailwind,Encore,Protect|Timid||F|||50|]Basculegion||MysticWater|Adaptability|WaveCrash,LastRespects,AquaJet,Protect|Adamant||M|||50|]Kingambit||ChopleBerry|Defiant|KowtowCleave,SuckerPunch,IronHead,LowKick|Adamant||F|||50|]Garchomp||LifeOrb|RoughSkin|Earthquake,RockSlide,DragonClaw,Protect|Jolly||F|||50|
|j| Shmon
|
|t:|1783539703
|teamsize|p1|4
|teamsize|p2|4
|start
|switch|p1a: Sylveon|Sylveon, L50, F|100/100
|switch|p1b: Venusaur|Venusaur, L50, F|100/100
|switch|p2a: Garchomp|Garchomp, L50, F|100/100
|switch|p2b: Charizard|Charizard, L50, M|100/100
|turn|1
|
|t:|1783539715
|move|p2a: Garchomp|Rock Slide|p1b: Venusaur|[spread] p1a
|-miss|p2a: Garchomp|p1b: Venusaur
|-damage|p1a: Sylveon|73/100
|-damage|p2a: Garchomp|90/100|[from] item: Life Orb
|move|p1b: Venusaur|Sleep Powder|p2b: Charizard
|-status|p2b: Charizard|slp|[from] move: Sleep Powder
|cant|p2b: Charizard|slp
|move|p1a: Sylveon|Hyper Voice|p2b: Charizard|[spread] p2a,p2b
|-supereffective|p2a: Garchomp|1
|-resisted|p2b: Charizard|1
|-damage|p2a: Garchomp|0 fnt
|-damage|p2b: Charizard|75/100 slp
|faint|p2a: Garchomp
|
|upkeep
|
|t:|1783539732
|switch|p2a: Whimsicott|Whimsicott, L50, F|100/100
|turn|2
|
|t:|1783539745
|detailschange|p2b: Charizard|Charizard-Mega-Y, L50, M
|-mega|p2b: Charizard|Charizard|Charizardite Y
|-weather|SunnyDay|[from] ability: Drought|[of] p2b: Charizard
|move|p2a: Whimsicott|Encore|p1b: Venusaur
|-start|p1b: Venusaur|Encore
|move|p1b: Venusaur|Sleep Powder|p2b: Charizard
|-fail|p2b: Charizard|slp
|cant|p2b: Charizard|slp
|move|p1a: Sylveon|Hyper Voice|p2b: Charizard|[spread] p2a,p2b
|-resisted|p2b: Charizard|1
|-damage|p2a: Whimsicott|23/100
|-damage|p2b: Charizard|54/100 slp
|
|-weather|SunnyDay|[upkeep]
|upkeep
|turn|3
|
|t:|1783539775
|switch|p1b: Blaziken|Blaziken, L50, M|100/100
|move|p2a: Whimsicott|Tailwind|p2a: Whimsicott
|-sidestart|p2: failandimprove3|move: Tailwind
|-curestatus|p2b: Charizard|slp|[msg]
|move|p2b: Charizard|Heat Wave|p1b: Blaziken|[spread] p1a,p1b
|-resisted|p1b: Blaziken|1
|-damage|p1a: Sylveon|26/100
|-damage|p1b: Blaziken|55/100
|move|p1a: Sylveon|Hyper Voice|p2b: Charizard|[spread] p2a,p2b
|-resisted|p2b: Charizard|1
|-damage|p2a: Whimsicott|0 fnt
|-damage|p2b: Charizard|34/100
|faint|p2a: Whimsicott
|
|-weather|SunnyDay|[upkeep]
|upkeep
|
|t:|1783539783
|switch|p2a: Basculegion|Basculegion, L50, M|100/100
|turn|4
|
|t:|1783539803
|detailschange|p1b: Blaziken|Blaziken-Mega, L50, M
|-mega|p1b: Blaziken|Blaziken|Blazikenite
|move|p1b: Blaziken|Protect|p1b: Blaziken
|-singleturn|p1b: Blaziken|Protect
|move|p2b: Charizard|Weather Ball|p1a: Sylveon
|-damage|p1a: Sylveon|0 fnt
|faint|p1a: Sylveon
|move|p2a: Basculegion|Last Respects|p1b: Blaziken
|-activate|p1b: Blaziken|move: Protect
|
|-weather|SunnyDay|[upkeep]
|-ability|p1b: Blaziken|Speed Boost|boost
|-boost|p1b: Blaziken|spe|1
|upkeep
|
|t:|1783539811
|switch|p1a: Venusaur|Venusaur, L50, F|100/100
|turn|5
|
|t:|1783539845
|move|p2a: Basculegion|Protect|p2a: Basculegion
|-singleturn|p2a: Basculegion|Protect
|move|p1a: Venusaur|Leaf Storm|p2a: Basculegion
|-activate|p2a: Basculegion|move: Protect
|move|p2b: Charizard|Weather Ball|p1b: Blaziken
|-resisted|p1b: Blaziken|1
|-damage|p1b: Blaziken|0 fnt
|faint|p1b: Blaziken
|
|-weather|SunnyDay|[upkeep]
|upkeep
|
|t:|1783539854
|switch|p1b: Torkoal|Torkoal, L50, F|100/100
|turn|6
|
|t:|1783539872
|move|p2a: Basculegion|Protect|p2a: Basculegion
|-singleturn|p2a: Basculegion|Protect
|move|p1a: Venusaur|Leaf Storm|p2a: Basculegion
|-activate|p2a: Basculegion|move: Protect
|move|p2b: Charizard|Weather Ball|p1a: Venusaur
|-supereffective|p1a: Venusaur|1
|-enditem|p1a: Venusaur|Occa Berry|[eat]
|-enditem|p1a: Venusaur|Occa Berry|[weaken]
|-damage|p1a: Venusaur|10/100
|move|p1b: Torkoal|Stone Edge|p2b: Charizard
|-supereffective|p2b: Charizard|2
|-damage|p2b: Charizard|0 fnt
|faint|p2b: Charizard
|
|-weather|none
|-sideend|p2: failandimprove3|move: Tailwind
|upkeep
|turn|7
|
|t:|1783539915
|move|p2a: Basculegion|Aqua Jet|p1a: Venusaur
|-resisted|p1a: Venusaur|1
|-damage|p1a: Venusaur|0 fnt
|faint|p1a: Venusaur
|move|p1b: Torkoal|Yawn|p2a: Basculegion
|-start|p2a: Basculegion|move: Yawn|[of] p1b: Torkoal
|
|upkeep
|turn|8
|
|t:|1783539922
|move|p1b: Torkoal|Protect|p1b: Torkoal
|-singleturn|p1b: Torkoal|Protect
|move|p2a: Basculegion|Wave Crash|p1b: Torkoal
|-activate|p1b: Torkoal|move: Protect
|
|-end|p2a: Basculegion|move: Yawn|[silent]
|-status|p2a: Basculegion|slp
|upkeep
|turn|9
|
|t:|1783539930
|cant|p2a: Basculegion|slp
|move|p1b: Torkoal|Stone Edge|p2a: Basculegion
|-damage|p2a: Basculegion|79/100 slp
|
|upkeep
|turn|10
|
|t:|1783539941
|-curestatus|p2a: Basculegion|slp|[msg]
|move|p2a: Basculegion|Wave Crash|p1b: Torkoal
|-supereffective|p1b: Torkoal|1
|-damage|p1b: Torkoal|0 fnt
|faint|p1b: Torkoal
|-damage|p2a: Basculegion|50/100g|[from] Recoil
|
|win|failandimprove3
