|j|☆endK649
|j|☆MBL25
|html|endK649MBL25    
|uhtml|bestof|Game 3 of a best-of-3
|t:|1756769952
|gametype|doubles
|player|p1|endK649|gambler|1188
|player|p2|MBL25|266|1263
|gen|9
|tier|[Gen 9] VGC 2025 Reg H (Bo3)
|rated|
|rule|Species Clause: Limit one of each Pokémon
|rule|Item Clause: Limit 1 of each item
|clearpoke
|poke|p1|Feraligatr, L50, F|
|poke|p1|Kommo-o, L50, M|
|poke|p1|Politoed, L50, M|
|poke|p1|Rillaboom, L50, M|
|poke|p1|Incineroar, L50, M|
|poke|p1|Sinistcha, L50|
|poke|p2|Sneasler, L50, F|
|poke|p2|Amoonguss, L50, M|
|poke|p2|Gholdengo, L50|
|poke|p2|Incineroar, L50, F|
|poke|p2|Dragonite, L50, M|
|poke|p2|Ursaluna-Bloodmoon, L50, M|
|teampreview|4
|showteam|p1|Feraligatr||LifeOrb|SheerForce|Liquidation,Crunch,DragonDance,Protect|||F|||50|,,,,,Dark]Kommo-o||ThroatSpray|Overcoat|ClangingScales,AuraSphere,ClangorousSoul,Protect|||M|||50|,,,,,Fairy]Politoed||SitrusBerry|Drizzle|WeatherBall,IcyWind,Haze,Protect|||M|||50|,,,,,Grass]Rillaboom||AssaultVest|GrassySurge|WoodHammer,GrassyGlide,FakeOut,Uturn|||M|||50|,,,,,Fire]Incineroar||SafetyGoggles|Intimidate|KnockOff,FakeOut,Taunt,PartingShot|||M|||50|,,,,,Ghost]Sinistcha||CovertCloak|Hospitality|MatchaGotcha,ShadowBall,RagePowder,LifeDew||||||50|,,,,,Water
|showteam|p2|Sneasler||FocusSash|Unburden|DireClaw,CloseCombat,Protect,ThroatChop|||F|||50|,,,,,Stellar]Amoonguss||SitrusBerry|Regenerator|RagePowder,Spore,PollenPuff,Protect|||M|||50|,,,,,Water]Gholdengo||LifeOrb|GoodasGold|MakeItRain,ShadowBall,Protect,NastyPlot||||||50|,,,,,Water]Incineroar||SafetyGoggles|Intimidate|FlareBlitz,PartingShot,FakeOut,KnockOff|||F|||50|,,,,,Ghost]Dragonite||LoadedDice|Multiscale|ScaleShot,Tailwind,Protect,Haze|||M|||50|,,,,,Fairy]Ursaluna-Bloodmoon||AssaultVest|MindsEye|BloodMoon,VacuumWave,HyperVoice,EarthPower|||M|||50|,,,,,Water
|
|t:|1756769988
|teamsize|p1|4
|teamsize|p2|4
|start
|switch|p1a: Politoed|Politoed, L50, M|100/100
|switch|p1b: Rillaboom|Rillaboom, L50, M, shiny|100/100
|switch|p2a: Amoonguss|Amoonguss, L50, M|100/100
|switch|p2b: Incineroar|Incineroar, L50, F|100/100
|-weather|RainDance|[from] ability: Drizzle|[of] p1a: Politoed
|-fieldstart|move: Grassy Terrain|[from] ability: Grassy Surge|[of] p1b: Rillaboom
|-ability|p2b: Incineroar|Intimidate|boost
|-unboost|p1a: Politoed|atk|1
|-unboost|p1b: Rillaboom|atk|1
|turn|1
|inactive|Battle timer is ON: inactive players will automatically lose when time's up. (requested by endK649)
|
|t:|1756770011
|-terastallize|p1a: Politoed|Grass
|-terastallize|p2b: Incineroar|Ghost
|move|p1b: Rillaboom|Fake Out|p2b: Incineroar
|-immune|p2b: Incineroar
|move|p2b: Incineroar|Fake Out|p1b: Rillaboom
|-damage|p1b: Rillaboom|89/100
|move|p1a: Politoed|Weather Ball|p2b: Incineroar
|-damage|p2b: Incineroar|35/100
|move|p2a: Amoonguss|Spore|p1a: Politoed
|-immune|p1a: Politoed
|
|-weather|RainDance|[upkeep]
|-heal|p1b: Rillaboom|95/100|[from] Grassy Terrain
|-heal|p2b: Incineroar|41/100|[from] Grassy Terrain
|upkeep
|turn|2
|inactive|MBL25 has 30 seconds left.
|
|t:|1756770039
|switch|p2b: Dragonite|Dragonite, L50, M|100/100
|move|p1a: Politoed|Weather Ball|p2b: Dragonite
|-resisted|p2b: Dragonite
|-damage|p2b: Dragonite|82/100
|move|p1b: Rillaboom|U-turn|p2b: Dragonite
|-resisted|p2b: Dragonite
|-damage|p2b: Dragonite|73/100
|
|t:|1756770046
|switch|p1b: Incineroar|Incineroar, L50, M, shiny|100/100|[from] U-turn
|-ability|p1b: Incineroar|Intimidate|boost
|-unboost|p2a: Amoonguss|atk|1
|-unboost|p2b: Dragonite|atk|1
|move|p2a: Amoonguss|Pollen Puff|p2b: Dragonite
|-heal|p2b: Dragonite|100/100
|
|-weather|RainDance|[upkeep]
|upkeep
|turn|3
|inactive|endK649 has 30 seconds left.
|inactive|MBL25 has 30 seconds left.
|
|t:|1756770073
|switch|p2a: Incineroar|Incineroar, L50, F, tera:Ghost|41/100
|-ability|p2a: Incineroar|Intimidate|boost
|-unboost|p1a: Politoed|atk|1
|-unboost|p1b: Incineroar|atk|1
|move|p2b: Dragonite|Protect|p2b: Dragonite
|-singleturn|p2b: Dragonite|Protect
|move|p1a: Politoed|Icy Wind|p2b: Dragonite|[spread] p2a
|-activate|p2b: Dragonite|move: Protect
|-damage|p2a: Incineroar|30/100
|-unboost|p2a: Incineroar|spe|1
|move|p1b: Incineroar|Knock Off|p2b: Dragonite
|-activate|p2b: Dragonite|move: Protect
|
|-weather|RainDance|[upkeep]
|-heal|p2a: Incineroar|36/100|[from] Grassy Terrain
|upkeep
|turn|4
|inactive|MBL25 has 30 seconds left.
|
|t:|1756770099
|move|p2a: Incineroar|Fake Out|p1a: Politoed
|-damage|p1a: Politoed|85/100
|move|p2b: Dragonite|Scale Shot|p1a: Politoed
|-damage|p1a: Politoed|73/100
|-damage|p1a: Politoed|60/100
|-damage|p1a: Politoed|46/100
|-enditem|p1a: Politoed|Sitrus Berry|[eat]
|-heal|p1a: Politoed|71/100|[from] item: Sitrus Berry
|-damage|p1a: Politoed|58/100
|-damage|p1a: Politoed|46/100
|-hitcount|p1a: Politoed|5
|-unboost|p2b: Dragonite|def|1
|-boost|p2b: Dragonite|spe|1
|cant|p1a: Politoed|flinch
|move|p1b: Incineroar|Knock Off|p2b: Dragonite
|-damage|p2b: Dragonite|77/100
|-enditem|p2b: Dragonite|Loaded Dice|[from] move: Knock Off|[of] p1b: Incineroar
|
|-weather|RainDance|[upkeep]
|-heal|p1a: Politoed|52/100|[from] Grassy Terrain
|-heal|p2a: Incineroar|42/100|[from] Grassy Terrain
|upkeep
|turn|5
|inactive|endK649 has 30 seconds left.
|inactive|MBL25 has 30 seconds left.
|
|t:|1756770133
|move|p2b: Dragonite|Protect|p2b: Dragonite
|-singleturn|p2b: Dragonite|Protect
|move|p1a: Politoed|Icy Wind|p2b: Dragonite|[spread] p2a
|-activate|p2b: Dragonite|move: Protect
|-damage|p2a: Incineroar|29/100
|-unboost|p2a: Incineroar|spe|1
|move|p1b: Incineroar|Knock Off|p2a: Incineroar
|-supereffective|p2a: Incineroar
|-damage|p2a: Incineroar|0 fnt
|-enditem|p2a: Incineroar|Safety Goggles|[from] move: Knock Off|[of] p1b: Incineroar
|faint|p2a: Incineroar
|
|-weather|none
|-heal|p1a: Politoed|58/100|[from] Grassy Terrain
|-fieldend|move: Grassy Terrain
|upkeep
|
|t:|1756770143
|switch|p2a: Sneasler|Sneasler, L50, F|100/100
|turn|6
|inactive|MBL25 has 30 seconds left.
|
|t:|1756770169
|switch|p1b: Rillaboom|Rillaboom, L50, M, shiny|95/100
|-fieldstart|move: Grassy Terrain|[from] ability: Grassy Surge|[of] p1b: Rillaboom
|move|p1a: Politoed|Protect|p1a: Politoed
|-singleturn|p1a: Politoed|Protect
|move|p2b: Dragonite|Scale Shot|p1b: Rillaboom
|-damage|p1b: Rillaboom|86/100
|-damage|p1b: Rillaboom|77/100
|-crit|p1b: Rillaboom
|-damage|p1b: Rillaboom|55/100
|-hitcount|p1b: Rillaboom|3
|-unboost|p2b: Dragonite|def|1
|-boost|p2b: Dragonite|spe|1
|move|p2a: Sneasler|Close Combat|p1b: Rillaboom
|-damage|p1b: Rillaboom|0 fnt
|-unboost|p2a: Sneasler|def|1
|-unboost|p2a: Sneasler|spd|1
|faint|p1b: Rillaboom
|
|-heal|p1a: Politoed|65/100|[from] Grassy Terrain
|upkeep
|
|t:|1756770184
|switch|p1b: Incineroar|Incineroar, L50, M, shiny|100/100
|-ability|p1b: Incineroar|Intimidate|boost
|-unboost|p2a: Sneasler|atk|1
|-unboost|p2b: Dragonite|atk|1
|turn|7
|
|t:|1756770198
|switch|p2a: Amoonguss|Amoonguss, L50, M|100/100
|switch|p1a: Feraligatr|Feraligatr, L50, F, shiny|100/100
|move|p2b: Dragonite|Protect|p2b: Dragonite
|-singleturn|p2b: Dragonite|Protect
|move|p1b: Incineroar|Fake Out|p2a: Amoonguss
|-damage|p2a: Amoonguss|90/100
|
|-heal|p2a: Amoonguss|96/100|[from] Grassy Terrain
|upkeep
|turn|8
|inactive|MBL25 has 30 seconds left.
|
|t:|1756770233
|move|p2b: Dragonite|Haze|p2b: Dragonite
|-clearallboost
|move|p1a: Feraligatr|Crunch|p2b: Dragonite
|-damage|p2b: Dragonite|28/100
|move|p1b: Incineroar|Taunt|p2a: Amoonguss
|-start|p2a: Amoonguss|move: Taunt
|cant|p2a: Amoonguss|move: Taunt|Spore
|
|-heal|p2a: Amoonguss|100/100|[from] Grassy Terrain
|upkeep
|turn|9
|
|t:|1756770256
|switch|p2b: Sneasler|Sneasler, L50, F|100/100
|move|p1a: Feraligatr|Dragon Dance|p1a: Feraligatr
|-boost|p1a: Feraligatr|atk|1
|-boost|p1a: Feraligatr|spe|1
|move|p1b: Incineroar|Parting Shot|p2a: Amoonguss
|-unboost|p2a: Amoonguss|atk|1
|-unboost|p2a: Amoonguss|spa|1
|
|t:|1756770262
|switch|p1b: Politoed|Politoed, L50, M, tera:Grass|65/100|[from] Parting Shot
|-weather|RainDance|[from] ability: Drizzle|[of] p1b: Politoed
|move|p2a: Amoonguss|Pollen Puff|p2b: Sneasler
|
|-weather|RainDance|[upkeep]
|-heal|p1b: Politoed|71/100|[from] Grassy Terrain
|upkeep
|turn|10
|
|t:|1756770296
|switch|p1b: Incineroar|Incineroar, L50, M, shiny|100/100
|-ability|p1b: Incineroar|Intimidate|boost
|-unboost|p2a: Amoonguss|atk|1
|-unboost|p2b: Sneasler|atk|1
|move|p1a: Feraligatr|Crunch|p2b: Sneasler
|-resisted|p2b: Sneasler
|-crit|p2b: Sneasler
|-damage|p2b: Sneasler|22/100
|move|p2b: Sneasler|Close Combat|p1b: Incineroar
|-supereffective|p1b: Incineroar
|-damage|p1b: Incineroar|15/100
|-unboost|p2b: Sneasler|def|1
|-unboost|p2b: Sneasler|spd|1
|move|p2a: Amoonguss|Pollen Puff|p2b: Sneasler
|-heal|p2b: Sneasler|71/100
|
|-weather|RainDance|[upkeep]
|-heal|p2b: Sneasler|77/100|[from] Grassy Terrain
|-heal|p1b: Incineroar|21/100|[from] Grassy Terrain
|-end|p2a: Amoonguss|move: Taunt
|-fieldend|move: Grassy Terrain
|upkeep
|turn|11
|inactive|MBL25 has 30 seconds left.
|
|t:|1756770326
|move|p2b: Sneasler|Protect|p2b: Sneasler
|-singleturn|p2b: Sneasler|Protect
|move|p2a: Amoonguss|Protect|p2a: Amoonguss
|-singleturn|p2a: Amoonguss|Protect
|move|p1a: Feraligatr|Liquidation|p2b: Sneasler
|-activate|p2b: Sneasler|move: Protect
|move|p1b: Incineroar|Taunt|p2a: Amoonguss
|-activate|p2a: Amoonguss|move: Protect
|
|-weather|RainDance|[upkeep]
|upkeep
|turn|12
|inactive|MBL25 has 30 seconds left.
|inactive|MBL25 has 20 seconds left.
|
|t:|1756770362
|move|p2a: Amoonguss|Rage Powder|p2a: Amoonguss
|-singleturn|p2a: Amoonguss|move: Rage Powder
|move|p1a: Feraligatr|Liquidation|p2a: Amoonguss
|-resisted|p2a: Amoonguss
|-damage|p2a: Amoonguss|39/100
|-enditem|p2a: Amoonguss|Sitrus Berry|[eat]
|-heal|p2a: Amoonguss|64/100|[from] item: Sitrus Berry
|move|p2b: Sneasler|Close Combat|p1b: Incineroar
|-supereffective|p1b: Incineroar
|-damage|p1b: Incineroar|0 fnt
|-unboost|p2b: Sneasler|def|1
|-unboost|p2b: Sneasler|spd|1
|faint|p1b: Incineroar
|
|-weather|RainDance|[upkeep]
|upkeep
|
|t:|1756770368
|switch|p1b: Politoed|Politoed, L50, M, tera:Grass|71/100
|turn|13
|inactive|endK649 has 30 seconds left.
|inactive|endK649 has 20 seconds left.
|
|t:|1756770405
|switch|p2b: Dragonite|Dragonite, L50, M|28/100
|move|p1a: Feraligatr|Liquidation|p2a: Amoonguss
|-resisted|p2a: Amoonguss
|-damage|p2a: Amoonguss|2/100
|move|p1b: Politoed|Icy Wind|p2b: Dragonite|[spread] p2a,p2b
|-supereffective|p2a: Amoonguss
|-supereffective|p2b: Dragonite
|-damage|p2a: Amoonguss|0 fnt
|-damage|p2b: Dragonite|0 fnt
|faint|p2a: Amoonguss
|faint|p2b: Dragonite
|
|-weather|none
|upkeep
|
|t:|1756770416
|switch|p2b: Sneasler|Sneasler, L50, F|77/100
|turn|14
|
|t:|1756770427
|move|p2b: Sneasler|Protect|p2b: Sneasler
|-singleturn|p2b: Sneasler|Protect
|move|p1a: Feraligatr|Liquidation|p2b: Sneasler
|-activate|p2b: Sneasler|move: Protect
|move|p1b: Politoed|Weather Ball|p2b: Sneasler
|-activate|p2b: Sneasler|move: Protect
|
|upkeep
|turn|15
|
|t:|1756770436
|move|p1a: Feraligatr|Liquidation|p2b: Sneasler
|-damage|p2b: Sneasler|0 fnt
|faint|p2b: Sneasler
|
|win|endK649
|raw|endK649's rating: 1188 → 1218(+30 for winning)
|raw|MBL25's rating: 1263 → 1233(-30 for losing)
|l|☆MBL25
|player|p2|
