|j|☆alexabinash
|j|☆TheGayOneVGC
|html|alexabinashTheGayOneVGC    
|uhtml|bestof|Game 2 of a best-of-3
|t:|1786080995
|gametype|doubles
|player|p1|alexabinash|169|1112
|player|p2|TheGayOneVGC|102|1101
|gen|9
|tier|[Gen 9 Champions] VGC 2026 Reg M-B (Bo3)
|rated|
|rule|Species Clause: Limit one of each Pokémon
|rule|Item Clause: Limit 1 of each item
|clearpoke
|poke|p1|Charizard, L50, M|
|poke|p1|Aerodactyl, L50, F|
|poke|p1|Garchomp, L50, M|
|poke|p1|Incineroar, L50, M|
|poke|p1|Metagross, L50|
|poke|p1|Sylveon, L50, F|
|poke|p2|Sinistcha, L50|
|poke|p2|Staraptor, L50, F|
|poke|p2|Talonflame, L50, F|
|poke|p2|Incineroar, L50, M|
|poke|p2|Garchomp, L50, M|
|poke|p2|Blastoise, L50, F|
|teampreview|4
|showteam|p1|Charizard||CharizarditeY|Blaze|Protect,WeatherBall,HeatWave,SolarBeam|Modest||M|||50|]Aerodactyl||FocusSash|Unnerve|RockSlide,DualWingbeat,Protect,Tailwind|Jolly||F|||50|]Garchomp||LifeOrb|RoughSkin|Protect,Earthquake,DragonClaw,StompingTantrum|Jolly||M|||50|]Incineroar||SitrusBerry|Intimidate|FakeOut,FlareBlitz,Protect,PartingShot|Careful||M|||50|]Metagross||Metagrossite|ClearBody|MeteorMash,Protect,PsychicFangs,BulletPunch|Jolly|||||50|]Sylveon||FairyFeather|Pixilate|HyperVoice,CalmMind,Protect,Moonblast|Modest||F|||50|
|showteam|p2|Sinistcha||OccaBerry|Hospitality|ShadowBall,MatchaGotcha,LifeDew,RagePowder|Modest|||||50|]Staraptor||Staraptite|Intimidate|CloseCombat,Roost,Protect,BraveBird|Jolly||F|||50|]Talonflame||FocusSash|GaleWings|DualWingbeat,FeatherDance,Protect,Tailwind|Adamant||F|||50|]Incineroar||SitrusBerry|Intimidate|FakeOut,FlareBlitz,PartingShot,DarkestLariat|Adamant||M|||50|]Garchomp||WideLens|SandVeil|RockSlide,DragonRush,Protect,Earthquake|Jolly||M|||50|]Blastoise||Blastoisinite|Torrent|WaterSpout,DarkPulse,Protect,AuraSphere|Modest||F|||50|
|inactive|Battle timer is ON: inactive players will automatically lose when time's up. (requested by alexabinash)
|
|t:|1786081021
|teamsize|p1|4
|teamsize|p2|4
|start
|switch|p1a: Incineroar|Incineroar, L50, M|100/100
|switch|p1b: Charizard|Charizard, L50, M|100/100
|switch|p2a: Garchomp|Garchomp, L50, M|100/100
|switch|p2b: Talonflame|Talonflame, L50, F|100/100
|-ability|p1a: Incineroar|Intimidate|boost
|-unboost|p2a: Garchomp|atk|1
|-unboost|p2b: Talonflame|atk|1
|turn|1
|
|t:|1786081044
|detailschange|p1b: Charizard|Charizard-Mega-Y, L50, M
|-mega|p1b: Charizard|Charizard|Charizardite Y
|-weather|SunnyDay|[from] ability: Drought|[of] p1b: Charizard
|move|p2b: Talonflame|Protect|p2b: Talonflame
|-singleturn|p2b: Talonflame|Protect
|move|p1a: Incineroar|Fake Out|p2a: Garchomp
|-damage|p2a: Garchomp|89/100
|cant|p2a: Garchomp|flinch
|move|p1b: Charizard|Solar Beam||[still]
|-prepare|p1b: Charizard|Solar Beam
|-anim|p1b: Charizard|Solar Beam|p2a: Garchomp
|-damage|p2a: Garchomp|27/100
|
|-weather|SunnyDay|[upkeep]
|upkeep
|turn|2
|
|t:|1786081064
|move|p1b: Charizard|Protect|p1b: Charizard
|-singleturn|p1b: Charizard|Protect
|move|p2b: Talonflame|Tailwind|p2b: Talonflame
|-sidestart|p2: TheGayOneVGC|move: Tailwind
|move|p2a: Garchomp|Rock Slide|p1a: Incineroar|[spread] p1a
|-activate|p1b: Charizard|move: Protect
|-supereffective|p1a: Incineroar|1
|-damage|p1a: Incineroar|76/100
|move|p1a: Incineroar|Flare Blitz|p2a: Garchomp
|-resisted|p2a: Garchomp|1
|-damage|p2a: Garchomp|0 fnt
|faint|p2a: Garchomp
|-damage|p1a: Incineroar|67/100|[from] Recoil
|
|-weather|SunnyDay|[upkeep]
|upkeep
|
|t:|1786081079
|switch|p2a: Staraptor|Staraptor, L50, F|100/100
|-ability|p2a: Staraptor|Intimidate|boost
|-unboost|p1a: Incineroar|atk|1
|-unboost|p1b: Charizard|atk|1
|turn|3
|
|t:|1786081093
|detailschange|p2a: Staraptor|Staraptor-Mega, L50, F
|-mega|p2a: Staraptor|Staraptor|Staraptite
|move|p2b: Talonflame|Feather Dance|p2a: Staraptor
|-boost|p2a: Staraptor|atk|2
|move|p2a: Staraptor|Close Combat|p1b: Charizard
|-resisted|p1b: Charizard|1
|-damage|p1b: Charizard|14/100
|-boost|p2a: Staraptor|def|1
|-boost|p2a: Staraptor|spd|1
|move|p1b: Charizard|Heat Wave|p2a: Staraptor|[spread] p2a,p2b
|-resisted|p2b: Talonflame|1
|-damage|p2a: Staraptor|47/100
|-damage|p2b: Talonflame|41/100
|move|p1a: Incineroar|Parting Shot|p2b: Talonflame
|-unboost|p2b: Talonflame|atk|1
|-unboost|p2b: Talonflame|spa|1
|
|t:|1786081110
|switch|p1a: Sylveon|Sylveon, L50, F|100/100|[from] Parting Shot
|
|-weather|SunnyDay|[upkeep]
|upkeep
|turn|4
|
|t:|1786081125
|move|p1b: Charizard|Protect|p1b: Charizard
|-singleturn|p1b: Charizard|Protect
|move|p2b: Talonflame|Feather Dance|p2a: Staraptor
|-boost|p2a: Staraptor|atk|2
|move|p2a: Staraptor|Brave Bird|p1a: Sylveon
|-damage|p1a: Sylveon|0 fnt
|faint|p1a: Sylveon
|-damage|p2a: Staraptor|6/100|[from] Recoil
|
|-weather|SunnyDay|[upkeep]
|upkeep
|
|t:|1786081134
|switch|p1a: Incineroar|Incineroar, L50, M|67/100
|-ability|p1a: Incineroar|Intimidate|boost
|-boost|p2a: Staraptor|atk|1
|-unboost|p2b: Talonflame|atk|1
|turn|5
|
|t:|1786081146
|move|p2a: Staraptor|Protect|p2a: Staraptor
|-singleturn|p2a: Staraptor|Protect
|move|p1a: Incineroar|Fake Out|p2a: Staraptor
|-activate|p2a: Staraptor|move: Protect
|move|p2b: Talonflame|Dual Wingbeat|p1b: Charizard
|-damage|p1b: Charizard|5/100
|-damage|p1b: Charizard|0 fnt
|faint|p1b: Charizard
|-hitcount|p1: Charizard|2
|
|-weather|none
|-sideend|p2: TheGayOneVGC|move: Tailwind
|upkeep
|
|t:|1786081154
|switch|p1b: Garchomp|Garchomp, L50, M|100/100
|turn|6
|inactive|TheGayOneVGC has 30 seconds left.
|
|t:|1786081181
|switch|p2b: Sinistcha|Sinistcha, L50|100/100
|-heal|p2a: Staraptor|30/100|[from] ability: Hospitality|[of] p2b: Sinistcha
|move|p2a: Staraptor|Protect||[still]
|-fail|p2a: Staraptor
|move|p1b: Garchomp|Protect|p1b: Garchomp
|-singleturn|p1b: Garchomp|Protect
|move|p1a: Incineroar|Flare Blitz|p2a: Staraptor
|-damage|p2a: Staraptor|0 fnt
|faint|p2a: Staraptor
|-damage|p1a: Incineroar|59/100|[from] Recoil
|
|upkeep
|
|t:|1786081193
|switch|p2a: Talonflame|Talonflame, L50, F|41/100
|turn|7
|
|t:|1786081206
|move|p2a: Talonflame|Feather Dance|p1b: Garchomp
|-unboost|p1b: Garchomp|atk|2
|move|p1b: Garchomp|Dragon Claw|p2a: Talonflame
|-damage|p2a: Talonflame|0 fnt
|faint|p2a: Talonflame
|-damage|p1b: Garchomp|90/100|[from] item: Life Orb
|move|p2b: Sinistcha|Matcha Gotcha|p1a: Incineroar|[spread] p1a,p1b
|-resisted|p1a: Incineroar|1
|-damage|p1a: Incineroar|47/100
|-damage|p1b: Garchomp|54/100
|-status|p1b: Garchomp|brn
|-enditem|p1a: Incineroar|Sitrus Berry|[eat]
|-heal|p1a: Incineroar|72/100|[from] item: Sitrus Berry
|move|p1a: Incineroar|Flare Blitz|p2b: Sinistcha
|-supereffective|p2b: Sinistcha|1
|-enditem|p2b: Sinistcha|Occa Berry|[eat]
|-enditem|p2b: Sinistcha|Occa Berry|[weaken]
|-damage|p2b: Sinistcha|47/100
|-damage|p1a: Incineroar|58/100|[from] Recoil
|
|-damage|p1b: Garchomp|48/100 brn|[from] brn
|upkeep
|turn|8
|
|t:|1786081228
|move|p1b: Garchomp|Dragon Claw|p2b: Sinistcha
|-damage|p2b: Sinistcha|33/100
|-damage|p1b: Garchomp|38/100 brn|[from] item: Life Orb
|move|p2b: Sinistcha|Matcha Gotcha|p1a: Incineroar|[spread] p1a,p1b
|-resisted|p1a: Incineroar|1
|-damage|p1a: Incineroar|47/100
|-heal|p2b: Sinistcha|40/100|[from] drain|[of] p1a: Incineroar
|-damage|p1b: Garchomp|4/100 brn
|-heal|p2b: Sinistcha|60/100|[from] drain|[of] p1b: Garchomp
|move|p1a: Incineroar|Flare Blitz|p2b: Sinistcha
|-supereffective|p2b: Sinistcha|1
|-damage|p2b: Sinistcha|0 fnt
|faint|p2b: Sinistcha
|-damage|p1a: Incineroar|31/100|[from] Recoil
|
|win|alexabinash
|raw|alexabinash's rating: 1112 → 1136(+24 for winning)
|raw|TheGayOneVGC's rating: 1101 → 1077(-24 for losing)
|l|☆alexabinash
|player|p1|
|c|☆TheGayOneVGC|ggs!
