|j|☆Ribombees believer
|j|☆dialghite
|html|Ribombees believerdialghite    
|uhtml|bestof|Game 3 of a best-of-3
|t:|1755962215
|gametype|doubles
|player|p1|Ribombees believer|skier|1269
|player|p2|dialghite|volkner|1406
|gen|9
|tier|[Gen 9] VGC 2025 Reg H (Bo3)
|rated|
|rule|Species Clause: Limit one of each Pokémon
|rule|Item Clause: Limit 1 of each item
|clearpoke
|poke|p1|Dondozo, L50, F|
|poke|p1|Tatsugiri, L50, F|
|poke|p1|Indeedee, L50, M|
|poke|p1|Dragapult, L50, M|
|poke|p1|Hydreigon, L50, M|
|poke|p1|Ribombee, L50, F|
|poke|p2|Whimsicott, L50, F|
|poke|p2|Garchomp, L50, F|
|poke|p2|Indeedee, L50, M|
|poke|p2|Sneasler, L50, M|
|poke|p2|Ursaluna-Bloodmoon, L50, M|
|poke|p2|Archaludon, L50, F|
|teampreview|4
|showteam|p1|Dondozo||Leftovers|Unaware|WaveCrash,Earthquake,OrderUp,Protect|||F|||50|,,,,,Grass]Tatsugiri||ChoiceScarf|Commander|MuddyWater,DracoMeteor,DragonPulse,TeraBlast|||F|||50|,,,,,Fairy]Indeedee||FocusSash|PsychicSurge|ExpandingForce,TeraBlast,HyperVoice,Protect|||M|||50|,,,,,Fighting]Dragapult||ChoiceBand|ClearBody|DragonDarts,Outrage,PhantomForce,Uturn|||M|||50|,,,,,Dragon]Hydreigon||AssaultVest|Levitate|EarthPower,Snarl,DarkPulse,DracoMeteor|||M|||50|,,,,,Steel]Ribombee||ChoiceSpecs|ShieldDust|Moonblast,PollenPuff,DazzlingGleam,TeraBlast|||F|||50|,,,,,Ground
|showteam|p2|Whimsicott||CovertCloak|Prankster|Moonblast,Taunt,Tailwind,FakeTears|||F|||50|,,,,,Water]Garchomp||LoadedDice|RoughSkin|ScaleShot,StompingTantrum,SwordsDance,Protect|||F|||50|,,,,,Steel]Indeedee||FocusSash|PsychicSurge|ExpandingForce,TeraBlast,Imprison,TrickRoom|||M|||50|,,,,,Psychic]Sneasler||PsychicSeed|Unburden|CloseCombat,DireClaw,ThroatChop,Protect|||M|||50|,,,,,Dark]Ursaluna-Bloodmoon||LifeOrb|MindsEye|HyperVoice,BloodMoon,EarthPower,Protect|||M|||50|,,,,,Normal]Archaludon||PowerHerb|Stalwart|ElectroShot,DragonPulse,Thunderbolt,Protect|||F|||50|,,,,,Electric
|inactive|Battle timer is ON: inactive players will automatically lose when time's up. (requested by Ribombees believer)
|
|t:|1755962237
|teamsize|p1|4
|teamsize|p2|4
|start
|switch|p1a: Hydreigon|Hydreigon, L50, M|100/100
|switch|p1b: Indeedee|Indeedee, L50, M|100/100
|switch|p2a: Whimsicott|Whimsicott, L50, F|100/100
|switch|p2b: Ursaluna|Ursaluna-Bloodmoon, L50, M|100/100
|-fieldstart|move: Psychic Terrain|[from] ability: Psychic Surge|[of] p1b: Indeedee
|turn|1
|inactive|dialghite has 30 seconds left.
|
|t:|1755962269
|-terastallize|p1a: Hydreigon|Steel
|move|p2b: Ursaluna|Protect|p2b: Ursaluna
|-singleturn|p2b: Ursaluna|Protect
|move|p2a: Whimsicott|Moonblast|p1b: Indeedee
|-damage|p1b: Indeedee|62/100
|move|p1b: Indeedee|Expanding Force|p2b: Ursaluna|[spread] p2a
|-activate|p2b: Ursaluna|move: Protect
|-damage|p2a: Whimsicott|29/100
|move|p1a: Hydreigon|Snarl|p2a: Whimsicott|[spread] p2a
|-activate|p2b: Ursaluna|move: Protect
|-resisted|p2a: Whimsicott
|-damage|p2a: Whimsicott|14/100
|
|upkeep
|turn|2
|
|t:|1755962285
|move|p1b: Indeedee|Protect|p1b: Indeedee
|-singleturn|p1b: Indeedee|Protect
|move|p2a: Whimsicott|Tailwind|p2a: Whimsicott
|-sidestart|p2: dialghite|move: Tailwind
|move|p2b: Ursaluna|Blood Moon|p1b: Indeedee
|-activate|p1b: Indeedee|move: Protect
|move|p1a: Hydreigon|Snarl|p2a: Whimsicott|[spread] p2a,p2b
|-resisted|p2a: Whimsicott
|-damage|p2a: Whimsicott|0 fnt
|-damage|p2b: Ursaluna|72/100
|-unboost|p2b: Ursaluna|spa|1
|faint|p2a: Whimsicott
|
|upkeep
|
|t:|1755962291
|switch|p2a: Archaludon|Archaludon, L50, F|100/100
|turn|3
|inactive|dialghite has 30 seconds left.
|
|t:|1755962318
|switch|p1b: Dondozo|Dondozo, L50, F|100/100
|switch|p1a: Tatsugiri|Tatsugiri, L50, F|100/100
|-activate|p1a: Tatsugiri|ability: Commander|[of] p1b: Dondozo
|-boost|p1b: Dondozo|atk|2
|-boost|p1b: Dondozo|spa|2
|-boost|p1b: Dondozo|spe|2
|-boost|p1b: Dondozo|def|2
|-boost|p1b: Dondozo|spd|2
|-terastallize|p2a: Archaludon|Electric
|move|p2a: Archaludon|Electro Shot||[still]
|-prepare|p2a: Archaludon|Electro Shot
|-boost|p2a: Archaludon|spa|1
|-enditem|p2a: Archaludon|Power Herb
|-anim|p2a: Archaludon|Electro Shot|p1a: Tatsugiri|[miss]
|-miss|p2a: Archaludon|p1a: Tatsugiri
|move|p2b: Ursaluna|Earth Power|p1b: Dondozo
|-crit|p1b: Dondozo
|-damage|p1b: Dondozo|0 fnt
|faint|p1b: Dondozo
|-damage|p2b: Ursaluna|62/100|[from] item: Life Orb
|
|upkeep
|
|t:|1755962331
|switch|p1b: Hydreigon|Hydreigon, L50, M, tera:Steel|100/100
|turn|4
|
|t:|1755962347
|move|p2a: Archaludon|Dragon Pulse|p1a: Tatsugiri
|-supereffective|p1a: Tatsugiri
|-damage|p1a: Tatsugiri|0 fnt
|faint|p1a: Tatsugiri
|move|p2b: Ursaluna|Blood Moon|p1b: Hydreigon
|-resisted|p1b: Hydreigon
|-damage|p1b: Hydreigon|79/100
|-damage|p2b: Ursaluna|53/100|[from] item: Life Orb
|move|p1b: Hydreigon|Snarl|p2b: Ursaluna|[spread] p2a
|-miss|p1b: Hydreigon|p2b: Ursaluna
|-damage|p2a: Archaludon|66/100
|-unboost|p2a: Archaludon|spa|1
|
|upkeep
|
|t:|1755962360
|switch|p1a: Indeedee|Indeedee, L50, M|62/100
|turn|5
|
|t:|1755962374
|switch|p2b: Garchomp|Garchomp, L50, F|100/100
|move|p2a: Archaludon|Protect|p2a: Archaludon
|-singleturn|p2a: Archaludon|Protect
|move|p1a: Indeedee|Protect|p1a: Indeedee
|-singleturn|p1a: Indeedee|Protect
|move|p1b: Hydreigon|Snarl|p2a: Archaludon|[spread] p2b
|-activate|p2a: Archaludon|move: Protect
|-damage|p2b: Garchomp|76/100
|-unboost|p2b: Garchomp|spa|1
|
|-sideend|p2: dialghite|move: Tailwind
|-fieldend|move: Psychic Terrain
|upkeep
|turn|6
|
|t:|1755962390
|move|p2b: Garchomp|Stomping Tantrum|p1a: Indeedee
|-damage|p1a: Indeedee|0 fnt
|faint|p1a: Indeedee
|move|p2a: Archaludon|Thunderbolt|p1b: Hydreigon
|-damage|p1b: Hydreigon|44/100
|move|p1b: Hydreigon|Snarl|p2a: Archaludon|[spread] p2a,p2b
|-damage|p2a: Archaludon|32/100
|-damage|p2b: Garchomp|53/100
|-unboost|p2a: Archaludon|spa|1
|-unboost|p2b: Garchomp|spa|1
|
|upkeep
|turn|7
|
|t:|1755962403
|move|p2b: Garchomp|Scale Shot|p1b: Hydreigon
|-resisted|p1b: Hydreigon
|-damage|p1b: Hydreigon|38/100
|-resisted|p1b: Hydreigon
|-damage|p1b: Hydreigon|31/100
|-resisted|p1b: Hydreigon
|-damage|p1b: Hydreigon|24/100
|-resisted|p1b: Hydreigon
|-damage|p1b: Hydreigon|18/100
|-hitcount|p1b: Hydreigon|4
|-unboost|p2b: Garchomp|def|1
|-boost|p2b: Garchomp|spe|1
|move|p2a: Archaludon|Thunderbolt|p1b: Hydreigon
|-damage|p1b: Hydreigon|0 fnt
|faint|p1b: Hydreigon
|
|win|dialghite
|raw|Ribombees believer's rating: 1269 → 1253(-16 for losing)
|raw|dialghite's rating: 1406 → 1418(+12 for winning)
