|j|☆epicfailtesting
|j|☆pollito400
|html|epicfailtestingpollito400    
|uhtml|bestof|Game 1 of a best-of-3
|t:|1786064158
|gametype|doubles
|player|p1|epicfailtesting|skier|
|player|p2|pollito400|170|
|gen|9
|tier|[Gen 9 Champions] VGC 2026 Reg M-B (Bo3)
|rule|Species Clause: Limit one of each Pokémon
|rule|Item Clause: Limit 1 of each item
|clearpoke
|poke|p1|Tyranitar, L50, M|
|poke|p1|Excadrill, L50, M|
|poke|p1|Milotic, L50, M|
|poke|p1|Sinistcha, L50|
|poke|p1|Staraptor, L50, M|
|poke|p1|Gholdengo, L50|
|poke|p2|Lucario, L50, F|
|poke|p2|Aerodactyl, L50, F|
|poke|p2|Tsareena, L50, F|
|poke|p2|Whimsicott, L50, F|
|poke|p2|Charizard, L50, M|
|poke|p2|Hydreigon, L50, F|
|teampreview|4
|showteam|p1|Tyranitar||Tyranitarite|SandStream|KnockOff,RockSlide,HighHorsepower,Protect|Jolly||M|||50|]Excadrill||FocusSash|SandRush|Earthquake,IronHead,RockSlide,Protect|Adamant||M|||50|]Milotic||SitrusBerry|Competitive|Scald,IcyWind,Haze,Protect|Calm||M|||50|]Sinistcha||ColburBerry|Hospitality|MatchaGotcha,ShadowBall,Protect,RagePowder|Bold|||||50|]Staraptor||Staraptite|Intimidate|CloseCombat,BraveBird,Tailwind,Protect|Jolly||M|||50|]Gholdengo||LifeOrb|GoodasGold|MakeItRain,ShadowBall,NastyPlot,Protect|Modest|||||50|
|showteam|p2|Lucario||Lucarionite|InnerFocus|Protect,CloseCombat,MeteorMash,RockSlide|Jolly||F|||50|]Aerodactyl||Aerodactylite|Unnerve|Protect,Tailwind,RockSlide,IceFang|Jolly||F|||50|]Tsareena||SitrusBerry|QueenlyMajesty|TripleAxel,HighJumpKick,TropKick,Taunt|Adamant||F|||50|]Whimsicott||FocusSash|Prankster|Protect,SunnyDay,Tailwind,Moonblast|Timid||F|||50|]Charizard||ExpertBelt|SolarPower|Protect,HeatWave,AirSlash,SolarBeam|Timid||M|||50|]Hydreigon||LifeOrb|Levitate|Protect,DragonPulse,EarthPower,DarkPulse|Timid||F|||50|
|l|☆pollito400
|player|p2|
|inactive|Battle timer is ON: inactive players will automatically lose when time's up. (requested by epicfailtesting)
|j|☆pollito400
|inactive|pollito400 reconnected and has 90 seconds left.
|player|p2|pollito400|170|
|c|☆epicfailtesting|Suerte bro
|
|t:|1786064238
|teamsize|p1|4
|teamsize|p2|4
|start
|switch|p1a: Staraptor|Staraptor, L50, M|100/100
|switch|p1b: Gholdengo|Gholdengo, L50|100/100
|switch|p2a: Whimsicott|Whimsicott, L50, F|100/100
|switch|p2b: Hydreigon|Hydreigon, L50, F|100/100
|-ability|p1a: Staraptor|Intimidate|boost
|-unboost|p2a: Whimsicott|atk|1
|-unboost|p2b: Hydreigon|atk|1
|turn|1
|inactive|epicfailtesting has 30 seconds left.
|c|☆pollito400|Sierte
|inactive|epicfailtesting has 20 seconds left.
|inactive|epicfailtesting has 15 seconds left.
|inactive|epicfailtesting has 10 seconds left.
|
|t:|1786064286
|move|p1b: Gholdengo|Protect|p1b: Gholdengo
|-singleturn|p1b: Gholdengo|Protect
|move|p2a: Whimsicott|Tailwind|p2a: Whimsicott
|-sidestart|p2: pollito400|move: Tailwind
|move|p2b: Hydreigon|Dark Pulse|p1b: Gholdengo
|-activate|p1b: Gholdengo|move: Protect
|move|p1a: Staraptor|Tailwind|p1a: Staraptor
|-sidestart|p1: epicfailtesting|move: Tailwind
|
|upkeep
|turn|2
|
|t:|1786064304
|switch|p1b: Tyranitar|Tyranitar, L50, M|100/100
|-weather|Sandstorm|[from] ability: Sand Stream|[of] p1b: Tyranitar
|move|p2b: Hydreigon|Protect|p2b: Hydreigon
|-singleturn|p2b: Hydreigon|Protect
|move|p2a: Whimsicott|Moonblast|p1a: Staraptor
|-damage|p1a: Staraptor|60/100
|move|p1a: Staraptor|Brave Bird|p2a: Whimsicott
|-supereffective|p2a: Whimsicott|1
|-enditem|p2a: Whimsicott|Focus Sash
|-damage|p2a: Whimsicott|1/100
|-damage|p1a: Staraptor|37/100|[from] Recoil
|
|-weather|Sandstorm|[upkeep]
|-damage|p2a: Whimsicott|0 fnt|[from] Sandstorm
|-damage|p1a: Staraptor|31/100|[from] Sandstorm
|-damage|p2b: Hydreigon|94/100|[from] Sandstorm
|faint|p2a: Whimsicott
|upkeep
|
|t:|1786064323
|switch|p2a: Lucario|Lucario, L50, F|100/100
|turn|3
|inactive|epicfailtesting has 30 seconds left.
|inactive|epicfailtesting has 20 seconds left.
|
|t:|1786064359
|detailschange|p1a: Staraptor|Staraptor-Mega, L50, M
|-mega|p1a: Staraptor|Staraptor|Staraptite
|detailschange|p2a: Lucario|Lucario-Mega, L50, F
|-mega|p2a: Lucario|Lucario|Lucarionite
|move|p2a: Lucario|Meteor Mash|p1a: Staraptor
|-damage|p1a: Staraptor|0 fnt
|faint|p1a: Staraptor
|move|p2b: Hydreigon|Earth Power|p1b: Tyranitar
|-supereffective|p1b: Tyranitar|1
|-damage|p1b: Tyranitar|45/100
|-damage|p2b: Hydreigon|84/100|[from] item: Life Orb
|move|p1b: Tyranitar|Knock Off|p2b: Hydreigon
|-resisted|p2b: Hydreigon|1
|-damage|p2b: Hydreigon|56/100
|-enditem|p2b: Hydreigon|Life Orb|[from] move: Knock Off|[of] p1b: Tyranitar
|
|-weather|Sandstorm|[upkeep]
|-damage|p2b: Hydreigon|50/100g|[from] Sandstorm
|upkeep
|
|t:|1786064377
|switch|p1a: Excadrill|Excadrill, L50, M|100/100
|turn|4
|
|t:|1786064401
|move|p2a: Lucario|Protect|p2a: Lucario
|-singleturn|p2a: Lucario|Protect
|move|p2b: Hydreigon|Protect|p2b: Hydreigon
|-singleturn|p2b: Hydreigon|Protect
|move|p1b: Tyranitar|Protect|p1b: Tyranitar
|-singleturn|p1b: Tyranitar|Protect
|move|p1a: Excadrill|Earthquake|p2a: Lucario|[spread] 
|-activate|p1b: Tyranitar|move: Protect
|-activate|p2a: Lucario|move: Protect
|-activate|p2b: Hydreigon|move: Protect
|
|-weather|Sandstorm|[upkeep]
|-damage|p2b: Hydreigon|44/100|[from] Sandstorm
|-sideend|p1: epicfailtesting|move: Tailwind
|-sideend|p2: pollito400|move: Tailwind
|upkeep
|turn|5
|
|t:|1786064416
|switch|p2a: Charizard|Charizard, L50, M|100/100
|switch|p1b: Gholdengo|Gholdengo, L50|100/100
|move|p1a: Excadrill|Rock Slide|p2b: Hydreigon|[spread] p2a,p2b
|-supereffective|p2a: Charizard|2
|-damage|p2a: Charizard|0 fnt
|-damage|p2b: Hydreigon|17/100
|faint|p2a: Charizard
|move|p2b: Hydreigon|Earth Power|p1b: Gholdengo
|-supereffective|p1b: Gholdengo|1
|-damage|p1b: Gholdengo|42/100
|
|-weather|Sandstorm|[upkeep]
|-damage|p2b: Hydreigon|11/100|[from] Sandstorm
|upkeep
|
|t:|1786064421
|switch|p2a: Lucario|Lucario-Mega, L50, F|100/100
|turn|6
|
|t:|1786064441
|move|p1a: Excadrill|Rock Slide|p2a: Lucario|[spread] p2a,p2b
|-resisted|p2a: Lucario|2
|-damage|p2a: Lucario|92/100
|-damage|p2b: Hydreigon|0 fnt
|faint|p2b: Hydreigon
|move|p2a: Lucario|Close Combat|p1a: Excadrill
|-supereffective|p1a: Excadrill|1
|-enditem|p1a: Excadrill|Focus Sash
|-damage|p1a: Excadrill|1/100
|-unboost|p2a: Lucario|def|1
|-unboost|p2a: Lucario|spd|1
|move|p1b: Gholdengo|Shadow Ball|p2a: Lucario
|-damage|p2a: Lucario|0 fnt
|faint|p2a: Lucario
|-damage|p1b: Gholdengo|33/100|[from] item: Life Orb
|
|win|epicfailtesting
|inactive|epicfailtesting has 30 seconds to confirm battle start!
|inactive|pollito400 has 30 seconds to confirm battle start!
||pollito400 is ready for game 2.
||epicfailtesting is ready for game 2.
|uhtml|next|Next: Game 2 of 3
|l|☆pollito400
|player|p2|
