|j|☆eggtophat_real
|j|☆pikajw
|html|eggtophat_realpikajw    
|uhtml|bestof|Game 1 of a best-of-3
|t:|1757050290
|gametype|doubles
|player|p1|eggtophat_real|n-masters|1087
|player|p2|pikajw|101|1070
|gen|9
|tier|[Gen 9] VGC 2025 Reg H (Bo3)
|rated|
|rule|Species Clause: Limit one of each Pokémon
|rule|Item Clause: Limit 1 of each item
|clearpoke
|poke|p1|Gholdengo, L50|
|poke|p1|Sneasler, L50, M|
|poke|p1|Rillaboom, L50, F|
|poke|p1|Dragonite, L50, M|
|poke|p1|Ninetales-Alola, L50, F|
|poke|p1|Arcanine-Hisui, L50, F|
|poke|p2|Lilligant-Hisui, L50, F|
|poke|p2|Torkoal, L50, M|
|poke|p2|Kingambit, L50, F|
|poke|p2|Farigiraf, L50, F|
|poke|p2|Ursaluna, L50, M|
|poke|p2|Charizard, L50, F|
|teampreview|4
|showteam|p1|Gholdengo||GrassySeed|GoodasGold|NastyPlot,MakeItRain,ShadowBall,Protect||||||50|,,,,,Water]Sneasler||WhiteHerb|Unburden|CloseCombat,DireClaw,Coaching,Protect|||M|||50|,,,,,Ghost]Rillaboom||AssaultVest|GrassySurge|FakeOut,GrassyGlide,DrumBeating,HighHorsepower|||F|||50|,,,,,Fire]Dragonite||LoadedDice|Multiscale|ScaleShot,StompingTantrum,Tailwind,Protect|||M|||50|,,,,,Ground]Ninetales-Alola||FocusSash|SnowWarning|Blizzard,IcyWind,Encore,AuroraVeil|||F|||50|,,,,,Ghost]Arcanine-Hisui||ClearAmulet|Intimidate|RockSlide,FlareBlitz,ExtremeSpeed,Protect|||F|||50|,,,,,Water
|showteam|p2|Lilligant-Hisui||FocusSash|Chlorophyll|CloseCombat,AfterYou,SleepPowder,Coaching|||F|||50|,,,,,Ghost]Torkoal||SitrusBerry|Drought|HeatWave,Eruption,SolarBeam,Protect|||M|||50|,,,,,Fire]Kingambit||AssaultVest|Defiant|SuckerPunch,IronHead,Snarl,TeraBlast|||F|||50|,,,,,Fire]Farigiraf||SafetyGoggles|ArmorTail|HelpingHand,Psychic,TrickRoom,Protect|||F|||50|,,,,,Fairy]Ursaluna||FlameOrb|Guts|Facade,HeadlongRush,DrainPunch,Protect|||M|||50|,,,,,Fairy]Charizard||ChoiceSpecs|SolarPower|ScorchingSands,HeatWave,SolarBeam,TeraBlast|||F|||50|,,,,,Flying
|inactive|Battle timer is ON: inactive players will automatically lose when time's up. (requested by eggtophat_real)
|inactive|eggtophat_real has 60 seconds left.
|inactive|pikajw has 60 seconds left.
|
|t:|1757050342
|teamsize|p1|4
|teamsize|p2|4
|start
|switch|p1a: Arcanine|Arcanine-Hisui, L50, F|100/100
|switch|p1b: Dragonite|Dragonite, L50, M|100/100
|switch|p2a: Farigiraf|Farigiraf, L50, F|100/100
|switch|p2b: Ursaluna|Ursaluna, L50, M|100/100
|-ability|p1a: Arcanine|Intimidate|boost
|-unboost|p2a: Farigiraf|atk|1
|-unboost|p2b: Ursaluna|atk|1
|turn|1
|inactive|eggtophat_real has 30 seconds left.
|
|t:|1757050372
|move|p2a: Farigiraf|Protect|p2a: Farigiraf
|-singleturn|p2a: Farigiraf|Protect
|move|p1a: Arcanine|Flare Blitz|p2a: Farigiraf
|-activate|p2a: Farigiraf|move: Protect
|move|p1b: Dragonite|Scale Shot|p2a: Farigiraf
|-activate|p2a: Farigiraf|move: Protect
|move|p2b: Ursaluna|Headlong Rush|p1a: Arcanine
|-supereffective|p1a: Arcanine
|-damage|p1a: Arcanine|0 fnt
|-unboost|p2b: Ursaluna|def|1
|-unboost|p2b: Ursaluna|spd|1
|faint|p1a: Arcanine
|
|-status|p2b: Ursaluna|brn|[from] item: Flame Orb
|upkeep
|
|t:|1757050376
|switch|p1a: Ninetales|Ninetales-Alola, L50, F|100/100
|-weather|Snowscape|[from] ability: Snow Warning|[of] p1a: Ninetales
|turn|2
|
|t:|1757050396
|switch|p2b: Torkoal|Torkoal, L50, M|100/100
|-weather|SunnyDay|[from] ability: Drought|[of] p2b: Torkoal
|move|p1a: Ninetales|Blizzard|p2b: Torkoal|[spread] p2b
|-miss|p1a: Ninetales|p2a: Farigiraf
|-resisted|p2b: Torkoal
|-damage|p2b: Torkoal|85/100
|move|p1b: Dragonite|Scale Shot|p2a: Farigiraf
|-damage|p2a: Farigiraf|87/100
|-damage|p2a: Farigiraf|76/100
|-damage|p2a: Farigiraf|64/100
|-damage|p2a: Farigiraf|51/100
|-damage|p2a: Farigiraf|38/100
|-hitcount|p2a: Farigiraf|5
|-unboost|p1b: Dragonite|def|1
|-boost|p1b: Dragonite|spe|1
|move|p2a: Farigiraf|Trick Room|p2a: Farigiraf
|-fieldstart|move: Trick Room|[of] p2a: Farigiraf
|
|-weather|SunnyDay|[upkeep]
|upkeep
|turn|3
|inactive|pikajw has 30 seconds left.
|
|t:|1757050422
|switch|p1a: Sneasler|Sneasler, L50, M|100/100
|-terastallize|p2b: Torkoal|Fire
|-terastallize|p1b: Dragonite|Ground
|move|p2a: Farigiraf|Helping Hand|p2b: Torkoal
|-singleturn|p2b: Torkoal|Helping Hand|[of] p2a: Farigiraf
|move|p2b: Torkoal|Eruption|p1b: Dragonite|[spread] p1a,p1b
|-damage|p1a: Sneasler|0 fnt
|-damage|p1b: Dragonite|43/100
|faint|p1a: Sneasler
|move|p1b: Dragonite|Stomping Tantrum|p2b: Torkoal
|-supereffective|p2b: Torkoal
|-damage|p2b: Torkoal|22/100
|-enditem|p2b: Torkoal|Sitrus Berry|[eat]
|-heal|p2b: Torkoal|47/100|[from] item: Sitrus Berry
|
|-weather|SunnyDay|[upkeep]
|upkeep
|
|t:|1757050426
|switch|p1a: Ninetales|Ninetales-Alola, L50, F|100/100
|-weather|Snowscape|[from] ability: Snow Warning|[of] p1a: Ninetales
|turn|4
|
|t:|1757050445
|move|p2b: Torkoal|Heat Wave|p1b: Dragonite|[spread] p1a,p1b
|-supereffective|p1a: Ninetales
|-damage|p1a: Ninetales|17/100
|-damage|p1b: Dragonite|8/100
|move|p2a: Farigiraf|Psychic|p1b: Dragonite
|-damage|p1b: Dragonite|0 fnt
|faint|p1b: Dragonite
|move|p1a: Ninetales|Blizzard|p2b: Torkoal|[spread] p2a,p2b
|-resisted|p2b: Torkoal
|-damage|p2a: Farigiraf|10/100
|-damage|p2b: Torkoal|31/100
|-status|p2b: Torkoal|frz
|
|-weather|Snowscape|[upkeep]
|upkeep
|turn|5
|
|t:|1757050454
|cant|p2b: Torkoal|frz
|move|p2a: Farigiraf|Psychic|p1a: Ninetales
|-damage|p1a: Ninetales|0 fnt
|faint|p1a: Ninetales
|
|win|pikajw
