|j|☆limestone7276
|j|☆battle sim trainer
|html|limestone7276battle sim trainer    
|uhtml|bestof|Game 1 of a best-of-3
|t:|1756218664
|gametype|doubles
|player|p1|limestone7276|169|1000
|player|p2|battle sim trainer|turo|1035
|gen|9
|tier|[Gen 9] VGC 2025 Reg H (Bo3)
|rated|
|rule|Species Clause: Limit one of each Pokémon
|rule|Item Clause: Limit 1 of each item
|clearpoke
|poke|p1|Porygon-Z, L50|
|poke|p1|Palafin, L50, F|
|poke|p1|Volcarona, L50, M|
|poke|p1|Rillaboom, L50, F|
|poke|p1|Ursaluna, L50, F|
|poke|p1|Whimsicott, L50, F|
|poke|p2|Ursaluna, L50, F|
|poke|p2|Indeedee-F, L50, F|
|poke|p2|Torkoal, L50, F|
|poke|p2|Gallade, L50, M|
|poke|p2|Annihilape, L50, F|
|poke|p2|Armarouge, L50, M|
|teampreview|4
|showteam|p1|Porygon-Z||LifeOrb|Adaptability|HyperBeam,Protect,DarkPulse,TriAttack||||||50|,,,,,Normal]Palafin||MysticWater|ZerotoHero|FlipTurn,JetPunch,DrainPunch,WaveCrash|||F|||50|,,,,,Water]Volcarona||RockyHelmet|FlameBody|FieryDance,Protect,RagePowder,StruggleBug|||M|||50|,,,,,Grass]Rillaboom||AssaultVest|GrassySurge|DrumBeating,FakeOut,GrassyGlide,WoodHammer|||F|||50|,,,,,Fire]Ursaluna||FlameOrb|Guts|Earthquake,Facade,HeadlongRush,Protect|||F|||50|,,,,,Ground]Whimsicott||CovertCloak|Prankster|Encore,LightScreen,Moonblast,Tailwind|||F|||50|,,,,,Grass
|showteam|p2|Ursaluna||FlameOrb|Guts|Earthquake,Facade,Protect,HeadlongRush|||F|||50|,,,,,Ghost]Indeedee-F||RockyHelmet|PsychicSurge|HelpingHand,TrickRoom,FollowMe,Psychic|||F|||50|,,,,,Steel]Torkoal||Charcoal|Drought|Eruption,WeatherBall,ClearSmog,SolarBeam|||F|||50|,,,,,Fire]Gallade||ClearAmulet|Sharpness|PsychoCut,SacredSword,NightSlash,TrickRoom|||M|||50|,,,,,Fire]Annihilape||ChoiceScarf|Defiant|Taunt,CloseCombat,RageFist,FinalGambit|||F|||50|,,,,,Fighting]Armarouge||PsychicSeed|FlashFire|ExpandingForce,Flamethrower,WideGuard,TrickRoom|||M|||50|,,,,,Grass
|
|t:|1756218718
|teamsize|p1|4
|teamsize|p2|4
|start
|switch|p1a: Porygon-Z|Porygon-Z, L50|100/100
|switch|p1b: Palafin|Palafin, L50, F|100/100
|switch|p2a: Annihilape|Annihilape, L50, F|100/100
|switch|p2b: Armarouge|Armarouge, L50, M|100/100
|turn|1
|
|t:|1756218765
|-terastallize|p2b: Armarouge|Grass
|move|p2a: Annihilape|Final Gambit|p1b: Palafin
|-damage|p1b: Palafin|0 fnt
|faint|p2a: Annihilape
|faint|p1b: Palafin
|move|p1a: Porygon-Z|Dark Pulse|p2b: Armarouge
|-damage|p2b: Armarouge|64/100
|-damage|p1a: Porygon-Z|91/100|[from] item: Life Orb
|cant|p2b: Armarouge|flinch
|
|upkeep
|
|t:|1756218779
|switch|p2a: Indeedee|Indeedee-F, L50, F|100/100
|switch|p1b: Volcarona|Volcarona, L50, M|100/100
|-fieldstart|move: Psychic Terrain|[from] ability: Psychic Surge|[of] p2a: Indeedee
|-enditem|p2b: Armarouge|Psychic Seed
|-boost|p2b: Armarouge|spd|1|[from] item: Psychic Seed
|turn|2
|
|t:|1756218807
|move|p2a: Indeedee|Follow Me|p2a: Indeedee
|-singleturn|p2a: Indeedee|move: Follow Me
|move|p1b: Volcarona|Struggle Bug|p2b: Armarouge|[spread] p2a,p2b
|-supereffective|p2a: Indeedee
|-supereffective|p2b: Armarouge
|-damage|p2a: Indeedee|69/100
|-damage|p2b: Armarouge|41/100
|-unboost|p2a: Indeedee|spa|1
|-unboost|p2b: Armarouge|spa|1
|move|p1a: Porygon-Z|Dark Pulse|p2a: Indeedee
|-supereffective|p2a: Indeedee
|-damage|p2a: Indeedee|3/100
|-damage|p1a: Porygon-Z|81/100|[from] item: Life Orb
|move|p2b: Armarouge|Trick Room|p2b: Armarouge
|-fieldstart|move: Trick Room|[of] p2b: Armarouge
|
|upkeep
|turn|3
|
|t:|1756218860
|move|p2a: Indeedee|Helping Hand|p2b: Armarouge
|-singleturn|p2b: Armarouge|Helping Hand|[of] p2a: Indeedee
|move|p1a: Porygon-Z|Protect|p1a: Porygon-Z
|-singleturn|p1a: Porygon-Z|Protect
|move|p2b: Armarouge|Expanding Force|p1b: Volcarona|[spread] p1b
|-activate|p1a: Porygon-Z|move: Protect
|-damage|p1b: Volcarona|44/100
|move|p1b: Volcarona|Struggle Bug|p2a: Indeedee|[spread] p2a,p2b
|-supereffective|p2a: Indeedee
|-supereffective|p2b: Armarouge
|-damage|p2a: Indeedee|0 fnt
|-damage|p2b: Armarouge|16/100
|-unboost|p2b: Armarouge|spa|1
|faint|p2a: Indeedee
|
|upkeep
|
|t:|1756218869
|switch|p2a: Torkoal|Torkoal, L50, F|100/100
|-weather|SunnyDay|[from] ability: Drought|[of] p2a: Torkoal
|turn|4
|
|t:|1756218909
|-terastallize|p1a: Porygon-Z|Normal
|move|p2a: Torkoal|Eruption|p1b: Volcarona|[spread] p1a,p1b
|-damage|p1a: Porygon-Z|0 fnt
|-damage|p1b: Volcarona|0 fnt
|faint|p1a: Porygon-Z
|faint|p1b: Volcarona
|move|p2b: Armarouge|Flamethrower|p1: Porygon-Z|[notarget]
|-fail|p2b: Armarouge
|
|-weather|SunnyDay|[upkeep]
|upkeep
|
|t:|1756218914
|switch|p1b: Ursaluna|Ursaluna, L50, F|100/100
|turn|5
|
|t:|1756218947
|move|p1b: Ursaluna|Protect|p1b: Ursaluna
|-singleturn|p1b: Ursaluna|Protect
|move|p2a: Torkoal|Eruption|p1b: Ursaluna
|-activate|p1b: Ursaluna|move: Protect
|move|p2b: Armarouge|Flamethrower|p1b: Ursaluna
|-activate|p1b: Ursaluna|move: Protect
|
|-weather|SunnyDay|[upkeep]
|-status|p1b: Ursaluna|brn|[from] item: Flame Orb
|upkeep
|turn|6
|
|t:|1756218970
|move|p2a: Torkoal|Eruption|p1b: Ursaluna
|-damage|p1b: Ursaluna|0 fnt
|faint|p1b: Ursaluna
|
|win|battle sim trainer
