|j|☆jackpaulsartre33
|j|☆ToastedArt
|html|jackpaulsartre33ToastedArt    
|uhtml|bestof|Game 1 of a best-of-3
|t:|1785442607
|gametype|doubles
|player|p1|jackpaulsartre33|102|1077
|player|p2|ToastedArt|iris|1051
|gen|9
|tier|[Gen 9 Champions] VGC 2026 Reg M-B (Bo3)
|rated|
|rule|Species Clause: Limit one of each Pokémon
|rule|Item Clause: Limit 1 of each item
|clearpoke
|poke|p1|Gengar, L50, M|
|poke|p1|Incineroar, L50, F|
|poke|p1|Ninetales-Alola, L50, F|
|poke|p1|Garchomp, L50, F|
|poke|p1|Kingambit, L50, F|
|poke|p1|Charizard, L50, F|
|poke|p2|Floette-Eternal, L50, F|
|poke|p2|Sneasler, L50, F|
|poke|p2|Incineroar, L50, M|
|poke|p2|Sinistcha, L50|
|poke|p2|Rotom-Wash, L50|
|poke|p2|Falinks, L50, shiny|
|teampreview|4
|showteam|p1|Gengar||Gengarite|CursedBody|Protect,ShadowBall,SludgeBomb,PerishSong|Timid||M|||50|]Incineroar||SitrusBerry|Intimidate|Protect,PartingShot,ThroatChop,FakeOut|Impish||F|||50|]Ninetales-Alola||NeverMeltIce|SnowWarning|Protect,Blizzard,FreezeDry,IcyWind|Timid||F|||50|]Garchomp||LifeOrb|RoughSkin|Protect,DragonClaw,StompingTantrum,RockSlide|Jolly||F|||50|]Kingambit||FocusSash|Defiant|Protect,KowtowCleave,SuckerPunch,LowKick|Adamant||F|||50|]Charizard||CharizarditeY|Blaze|Protect,HeatWave,SolarBeam,WeatherBall|Modest||F|||50|
|showteam|p2|Floette-Eternal||Floettite|FlowerVeil|DrainingKiss,CalmMind,LightofRuin,Protect|Modest||F|||50|]Sneasler||FocusSash|PoisonTouch|CloseCombat,DireClaw,FakeOut,Coaching|Jolly||F|||50|]Incineroar||SitrusBerry|Intimidate|PartingShot,ThroatChop,FakeOut,FlareBlitz|Careful||M|||50|]Sinistcha||OccaBerry|Hospitality|MatchaGotcha,TrickRoom,RagePowder,Protect|Relaxed|||||50|]Rotom-Wash||ChoiceScarf|Levitate|Electroweb,VoltSwitch,HydroPump,WillOWisp|Timid|||||50|]Falinks||Falinksite|Defiant|NoRetreat,CloseCombat,RockSlide,Protect|Adamant|||||50|
|inactive|Battle timer is ON: inactive players will automatically lose when time's up. (requested by ToastedArt)
|inactive|jackpaulsartre33 has 60 seconds left.
|inactive|ToastedArt has 60 seconds left.
|
|t:|1785442660
|teamsize|p1|4
|teamsize|p2|4
|start
|switch|p1a: Gengar|Gengar, L50, M|100/100
|switch|p1b: Garchomp|Garchomp, L50, F|100/100
|switch|p2a: Floette|Floette-Eternal, L50, F|100/100
|switch|p2b: Incineroar|Incineroar, L50, M|100/100
|-ability|p2b: Incineroar|Intimidate|boost
|-unboost|p1a: Gengar|atk|1
|-unboost|p1b: Garchomp|atk|1
|turn|1
|
|t:|1785442679
|switch|p1b: Incineroar|Incineroar, L50, F|100/100
|-ability|p1b: Incineroar|Intimidate|boost
|-unboost|p2a: Floette|atk|1
|-unboost|p2b: Incineroar|atk|1
|detailschange|p1a: Gengar|Gengar-Mega, L50, M
|-mega|p1a: Gengar|Gengar|Gengarite
|detailschange|p2a: Floette|Floette-Mega, L50, F
|-mega|p2a: Floette|Floette|Floettite
|-ability|p2a: Floette|Fairy Aura
|move|p2b: Incineroar|Fake Out|p1b: Incineroar
|-damage|p1b: Incineroar|94/100
|move|p1a: Gengar|Sludge Bomb|p2a: Floette
|-supereffective|p2a: Floette|1
|-damage|p2a: Floette|33/100
|-status|p2a: Floette|psn
|move|p2a: Floette|Calm Mind|p2a: Floette
|-boost|p2a: Floette|spa|1
|-boost|p2a: Floette|spd|1
|
|-damage|p2a: Floette|21/100 psn|[from] psn
|upkeep
|turn|2
|inactive|jackpaulsartre33 has 30 seconds left.
|inactive|ToastedArt has 30 seconds left.
|inactive|jackpaulsartre33 has 20 seconds left.
|inactive|jackpaulsartre33 has 15 seconds left.
|inactive|jackpaulsartre33 has 10 seconds left.
|
|t:|1785442728
|move|p2a: Floette|Protect|p2a: Floette
|-singleturn|p2a: Floette|Protect
|move|p1a: Gengar|Sludge Bomb|p2b: Incineroar
|-damage|p2b: Incineroar|62/100
|move|p2b: Incineroar|Parting Shot|p1a: Gengar
|-unboost|p1a: Gengar|atk|1
|-unboost|p1a: Gengar|spa|1
|
|t:|1785442735
|switch|p2b: Sinistcha|Sinistcha, L50|100/100|[from] Parting Shot
|-heal|p2a: Floette|46/100 psn|[from] ability: Hospitality|[of] p2b: Sinistcha
|move|p1b: Incineroar|Throat Chop|p2b: Sinistcha
|-supereffective|p2b: Sinistcha|1
|-crit|p2b: Sinistcha
|-damage|p2b: Sinistcha|24/100
|-start|p2b: Sinistcha|Throat Chop|[silent]
|
|-damage|p2a: Floette|34/100 psn|[from] psn
|upkeep
|turn|3
|
|t:|1785442757
|move|p1a: Gengar|Protect|p1a: Gengar
|-singleturn|p1a: Gengar|Protect
|move|p2b: Sinistcha|Rage Powder|p2b: Sinistcha
|-singleturn|p2b: Sinistcha|move: Rage Powder
|move|p2a: Floette|Draining Kiss|p1b: Incineroar
|-damage|p1b: Incineroar|42/100
|-heal|p2a: Floette|79/100 psn|[from] drain|[of] p1b: Incineroar
|-enditem|p1b: Incineroar|Sitrus Berry|[eat]
|-heal|p1b: Incineroar|66/100|[from] item: Sitrus Berry
|move|p1b: Incineroar|Throat Chop|p2b: Sinistcha
|-supereffective|p2b: Sinistcha|1
|-crit|p2b: Sinistcha
|-damage|p2b: Sinistcha|0 fnt
|faint|p2b: Sinistcha
|
|-damage|p2a: Floette|67/100 psn|[from] psn
|upkeep
|
|t:|1785442770
|switch|p2b: Incineroar|Incineroar, L50, M|62/100
|-ability|p2b: Incineroar|Intimidate|boost
|-unboost|p1a: Gengar|atk|1
|-unboost|p1b: Incineroar|atk|1
|turn|4
|
|t:|1785442792
|switch|p1a: Kingambit|Kingambit, L50, F|100/100
|move|p1b: Incineroar|Protect|p1b: Incineroar
|-singleturn|p1b: Incineroar|Protect
|move|p2b: Incineroar|Fake Out|p1b: Incineroar
|-activate|p1b: Incineroar|move: Protect
|move|p2a: Floette|Calm Mind|p2a: Floette
|-boost|p2a: Floette|spa|1
|-boost|p2a: Floette|spd|1
|
|-damage|p2a: Floette|55/100 psn|[from] psn
|upkeep
|turn|5
|inactive|jackpaulsartre33 has 30 seconds left.
|
|t:|1785442817
|move|p2a: Floette|Draining Kiss|p1a: Kingambit
|-damage|p1a: Kingambit|7/100
|-heal|p2a: Floette|100/100 psn|[from] drain|[of] p1a: Kingambit
|move|p1a: Kingambit|Low Kick|p2b: Incineroar
|-supereffective|p2b: Incineroar|1
|-damage|p2b: Incineroar|1/100
|-enditem|p2b: Incineroar|Sitrus Berry|[eat]
|-heal|p2b: Incineroar|25/100|[from] item: Sitrus Berry
|move|p2b: Incineroar|Parting Shot|p1b: Incineroar
|-unboost|p1b: Incineroar|atk|1
|-unboost|p1b: Incineroar|spa|1
|
|t:|1785442828
|switch|p2b: Sneasler|Sneasler, L50, F|100/100|[from] Parting Shot
|move|p1b: Incineroar|Parting Shot|p2a: Floette
|-unboost|p2a: Floette|atk|1
|-unboost|p2a: Floette|spa|1
|
|t:|1785442836
|switch|p1b: Gengar|Gengar-Mega, L50, M|100/100|[from] Parting Shot
|
|-damage|p2a: Floette|88/100 psn|[from] psn
|upkeep
|turn|6
|
|t:|1785442857
|move|p1b: Gengar|Protect|p1b: Gengar
|-singleturn|p1b: Gengar|Protect
|move|p1a: Kingambit|Protect|p1a: Kingambit
|-singleturn|p1a: Kingambit|Protect
|move|p2b: Sneasler|Close Combat|p1a: Kingambit
|-activate|p1a: Kingambit|move: Protect
|move|p2a: Floette|Light of Ruin|p1b: Gengar
|-activate|p1b: Gengar|move: Protect
|
|-damage|p2a: Floette|76/100 psn|[from] psn
|upkeep
|turn|7
|inactive|jackpaulsartre33 has 30 seconds left.
|
|t:|1785442888
|move|p1a: Kingambit|Sucker Punch|p2a: Floette
|-resisted|p2a: Floette|1
|-damage|p2a: Floette|52/100 psn
|move|p2b: Sneasler|Close Combat|p1a: Kingambit
|-supereffective|p1a: Kingambit|2
|-damage|p1a: Kingambit|0 fnt
|-unboost|p2b: Sneasler|def|1
|-unboost|p2b: Sneasler|spd|1
|faint|p1a: Kingambit
|move|p1b: Gengar|Sludge Bomb|p2a: Floette
|-supereffective|p2a: Floette|1
|-damage|p2a: Floette|16/100 psn
|move|p2a: Floette|Draining Kiss|p1b: Gengar
|-resisted|p1b: Gengar|1
|-damage|p1b: Gengar|67/100
|-heal|p2a: Floette|40/100 psn|[from] drain|[of] p1b: Gengar
|
|-damage|p2a: Floette|28/100 psn|[from] psn
|upkeep
|
|t:|1785442904
|switch|p1a: Incineroar|Incineroar, L50, F|66/100
|-ability|p1a: Incineroar|Intimidate|boost
|-unboost|p2a: Floette|atk|1
|-unboost|p2b: Sneasler|atk|1
|turn|8
|
|t:|1785442916
|move|p2a: Floette|Protect|p2a: Floette
|-singleturn|p2a: Floette|Protect
|move|p1a: Incineroar|Fake Out|p2b: Sneasler
|-damage|p2b: Sneasler|74/100
|cant|p2b: Sneasler|flinch
|move|p1b: Gengar|Shadow Ball|p2b: Sneasler
|-damage|p2b: Sneasler|0 fnt
|faint|p2b: Sneasler
|
|-damage|p2a: Floette|16/100 psn|[from] psn
|upkeep
|
|t:|1785442921
|switch|p2b: Incineroar|Incineroar, L50, M|25/100
|-ability|p2b: Incineroar|Intimidate|boost
|-unboost|p1a: Incineroar|atk|1
|-unboost|p1b: Gengar|atk|1
|turn|9
|
|t:|1785442931
|move|p1a: Incineroar|Protect|p1a: Incineroar
|-singleturn|p1a: Incineroar|Protect
|move|p1b: Gengar|Sludge Bomb|p2a: Floette
|-supereffective|p2a: Floette|1
|-damage|p2a: Floette|0 fnt
|faint|p2a: Floette
|move|p2b: Incineroar|Throat Chop|p1b: Gengar
|-supereffective|p1b: Gengar|1
|-damage|p1b: Gengar|0 fnt
|faint|p1b: Gengar
|
|upkeep
|-message|ToastedArt forfeited.
|
|win|jackpaulsartre33
|l|☆ToastedArt
|player|p2|
|raw|jackpaulsartre33's rating: 1077 → 1103(+26 for winning)
|raw|ToastedArt's rating: 1051 → 1035(-16 for losing)
