|j|☆lolgz
|j|☆waiseng
|html|lolgzwaiseng    
|uhtml|bestof|Game 3 of a best-of-3
|t:|1782342534
|gametype|doubles
|player|p1|lolgz|dawn|1184
|player|p2|waiseng|giovanni|1142
|gen|9
|tier|[Gen 9 Champions] VGC 2026 Reg M-B (Bo3)
|rated|
|rule|Species Clause: Limit one of each Pokémon
|rule|Item Clause: Limit 1 of each item
|clearpoke
|poke|p1|Torkoal, L50, M|
|poke|p1|Vileplume, L50, M|
|poke|p1|Farigiraf, L50, M|
|poke|p1|Scrafty, L50, M|
|poke|p1|Gallade, L50, M|
|poke|p1|Mawile, L50, M|
|poke|p2|Floette-Eternal, L50, F|
|poke|p2|Gengar, L50, M|
|poke|p2|Incineroar, L50, M|
|poke|p2|Kingambit, L50, M|
|poke|p2|Kommo-o, L50, M|
|poke|p2|Sneasler, L50, F|
|teampreview|4
|showteam|p1|Torkoal||Charcoal|Drought|Eruption,WeatherBall,EarthPower,Protect|Quiet||M|||50|]Vileplume||FocusSash|Chlorophyll|EnergyBall,SludgeBomb,SleepPowder,AfterYou|Timid||M|||50|]Farigiraf||SitrusBerry|ArmorTail|TrickRoom,Protect,Psychic,HelpingHand|Bold||M|||50|]Scrafty||Scraftinite|Intimidate|CloseCombat,KnockOff,FakeOut,RockSlide|Brave||M|||50|]Gallade||IronBall|Sharpness|SacredSword,PsychoCut,WideGuard,TrickRoom|Brave||M|||50|]Mawile||Mawilite|HyperCutter|SuckerPunch,PlayRough,SwordsDance,Protect|Brave||M|||50|
|showteam|p2|Floette-Eternal||Floettite|FlowerVeil|Moonblast,DazzlingGleam,LightofRuin,Protect|Timid||F|||50|]Gengar||Gengarite|CursedBody|ShadowBall,PerishSong,Disable,Protect|Modest||M|||50|]Incineroar||PasshoBerry|Intimidate|FlareBlitz,PartingShot,FakeOut,Protect|Relaxed||M|||50|]Kingambit||BlackGlasses|Defiant|KowtowCleave,SuckerPunch,SwordsDance,Protect|Adamant||M|||50|]Kommo-o||Leftovers|Soundproof|ClangingScales,AuraSphere,ClangorousSoul,Protect|Modest||M|||50|]Sneasler||WhiteHerb|Unburden|CloseCombat,DireClaw,FakeOut,Protect|Adamant||F|||50|
|inactive|Battle timer is ON: inactive players will automatically lose when time's up. (requested by lolgz)
|inactive|lolgz has 60 seconds left.
|
|t:|1782342570
|teamsize|p1|4
|teamsize|p2|4
|start
|switch|p1a: Vileplume|Vileplume, L50, M|100/100
|switch|p1b: Torkoal|Torkoal, L50, M|100/100
|switch|p2a: Kommo-o|Kommo-o, L50, M|100/100
|switch|p2b: Gengar|Gengar, L50, M|100/100
|-weather|SunnyDay|[from] ability: Drought|[of] p1b: Torkoal
|turn|1
|
|t:|1782342594
|detailschange|p2b: Gengar|Gengar-Mega, L50, M
|-mega|p2b: Gengar|Gengar|Gengarite
|move|p2b: Gengar|Protect|p2b: Gengar
|-singleturn|p2b: Gengar|Protect
|move|p1a: Vileplume|Sleep Powder|p2a: Kommo-o|[miss]
|-miss|p1a: Vileplume|p2a: Kommo-o
|move|p2a: Kommo-o|Clangorous Soul|p2a: Kommo-o
|-boost|p2a: Kommo-o|atk|1
|-boost|p2a: Kommo-o|def|1
|-boost|p2a: Kommo-o|spa|1
|-boost|p2a: Kommo-o|spd|1
|-boost|p2a: Kommo-o|spe|1
|-damage|p2a: Kommo-o|67/100
|move|p1b: Torkoal|Weather Ball|p2b: Gengar
|-activate|p2b: Gengar|move: Protect
|
|-weather|SunnyDay|[upkeep]
|-heal|p2a: Kommo-o|73/100|[from] item: Leftovers
|upkeep
|turn|2
|inactive|waiseng has 30 seconds left.
|
|t:|1782342624
|switch|p2b: Incineroar|Incineroar, L50, M|100/100
|-ability|p2b: Incineroar|Intimidate|boost
|-unboost|p1a: Vileplume|atk|1
|-unboost|p1b: Torkoal|atk|1
|move|p2a: Kommo-o|Protect|p2a: Kommo-o
|-singleturn|p2a: Kommo-o|Protect
|move|p1a: Vileplume|Sleep Powder|p2a: Kommo-o
|-activate|p2a: Kommo-o|move: Protect
|move|p1b: Torkoal|Weather Ball|p2b: Incineroar
|-resisted|p2b: Incineroar|1
|-damage|p2b: Incineroar|66/100
|
|-weather|SunnyDay|[upkeep]
|-heal|p2a: Kommo-o|79/100|[from] item: Leftovers
|upkeep
|turn|3
|inactive|waiseng has 30 seconds left.
|inactive|waiseng has 20 seconds left.
|
|t:|1782342661
|switch|p1b: Farigiraf|Farigiraf, L50, M|100/100
|move|p1a: Vileplume|Sleep Powder|p2a: Kommo-o
|-status|p2a: Kommo-o|slp|[from] move: Sleep Powder
|cant|p2a: Kommo-o|slp
|move|p2b: Incineroar|Parting Shot|p1b: Farigiraf
|-unboost|p1b: Farigiraf|atk|1
|-unboost|p1b: Farigiraf|spa|1
|
|t:|1782342678
|switch|p2b: Gengar|Gengar-Mega, L50, M|100/100|[from] Parting Shot
|
|-weather|SunnyDay|[upkeep]
|-heal|p2a: Kommo-o|85/100 slp|[from] item: Leftovers
|upkeep
|turn|4
|
|t:|1782342693
|-curestatus|p2a: Kommo-o|slp|[msg]
|move|p2a: Kommo-o|Protect|p2a: Kommo-o
|-singleturn|p2a: Kommo-o|Protect
|move|p1a: Vileplume|Sleep Powder|p2b: Gengar
|-status|p2b: Gengar|slp|[from] move: Sleep Powder
|cant|p2b: Gengar|slp
|move|p1b: Farigiraf|Trick Room|p1b: Farigiraf
|-fieldstart|move: Trick Room|[of] p1b: Farigiraf
|
|-weather|SunnyDay|[upkeep]
|-heal|p2a: Kommo-o|92/100|[from] item: Leftovers
|upkeep
|turn|5
|inactive|waiseng has 30 seconds left.
|
|t:|1782342721
|move|p1b: Farigiraf|Psychic|p2b: Gengar
|-supereffective|p2b: Gengar|1
|-damage|p2b: Gengar|53/100 slp
|cant|p2b: Gengar|slp
|move|p2a: Kommo-o|Clanging Scales|p1b: Farigiraf|[spread] p1a,p1b
|-damage|p1a: Vileplume|30/100
|-damage|p1b: Farigiraf|48/100
|-enditem|p1b: Farigiraf|Sitrus Berry|[eat]
|-heal|p1b: Farigiraf|72/100|[from] item: Sitrus Berry
|-unboost|p2a: Kommo-o|def|1
|move|p1a: Vileplume|Sleep Powder|p2a: Kommo-o
|-status|p2a: Kommo-o|slp|[from] move: Sleep Powder
|
|-weather|none
|-heal|p2a: Kommo-o|98/100 slp|[from] item: Leftovers
|upkeep
|turn|6
|
|t:|1782342746
|switch|p2b: Incineroar|Incineroar, L50, M|66/100
|-ability|p2b: Incineroar|Intimidate|boost
|-unboost|p1a: Vileplume|atk|1
|-unboost|p1b: Farigiraf|atk|1
|cant|p2a: Kommo-o|slp
|move|p1b: Farigiraf|Psychic|p2b: Incineroar
|-immune|p2b: Incineroar
|move|p1a: Vileplume|Sludge Bomb|p2b: Incineroar
|-damage|p2b: Incineroar|28/100
|
|-heal|p2a: Kommo-o|100/100 slp|[from] item: Leftovers
|upkeep
|turn|7
|
|t:|1782342763
|switch|p1b: Mawile|Mawile, L50, M|100/100
|move|p2b: Incineroar|Parting Shot|p1b: Mawile
|-fail|p1b: Mawile|unboost|Attack|[from] ability: Hyper Cutter|[of] p1b: Mawile
|-unboost|p1b: Mawile|spa|1
|
|t:|1782342783
|switch|p2b: Gengar|Gengar-Mega, L50, M|53/100 slp|[from] Parting Shot
|move|p1a: Vileplume|Sleep Powder|p2b: Gengar
|-fail|p2b: Gengar|slp
|cant|p2a: Kommo-o|slp
|
|upkeep
|turn|8
|inactive|lolgz has 30 seconds left.
|inactive|lolgz has 20 seconds left.
|
|t:|1782342823
|detailschange|p1b: Mawile|Mawile-Mega, L50, M
|-mega|p1b: Mawile|Mawile|Mawilite
|-curestatus|p2a: Kommo-o|slp|[msg]
|move|p2a: Kommo-o|Protect|p2a: Kommo-o
|-singleturn|p2a: Kommo-o|Protect
|move|p1b: Mawile|Play Rough|p2a: Kommo-o
|-activate|p2a: Kommo-o|move: Protect
|move|p1a: Vileplume|Sludge Bomb|p2b: Gengar
|-resisted|p2b: Gengar|2
|-damage|p2b: Gengar|43/100 slp
|-curestatus|p2b: Gengar|slp|[msg]
|move|p2b: Gengar|Shadow Ball|p1b: Mawile
|-damage|p1b: Mawile|42/100
|
|-fieldend|move: Trick Room
|upkeep
|turn|9
|inactive|waiseng has 30 seconds left.
|
|t:|1782342853
|move|p1b: Mawile|Sucker Punch||[still]
|-fail|p1b: Mawile
|move|p2a: Kommo-o|Clanging Scales|p1b: Mawile|[spread] p1a
|-immune|p1b: Mawile
|-damage|p1a: Vileplume|0 fnt
|faint|p1a: Vileplume
|-unboost|p2a: Kommo-o|def|1
|move|p2b: Gengar|Disable|p1b: Mawile
|-start|p1b: Mawile|Disable|Sucker Punch
|
|upkeep
|
|t:|1782342856
|switch|p1a: Farigiraf|Farigiraf, L50, M|72/100
|turn|10
|inactive|waiseng has 30 seconds left.
|
|t:|1782342885
|move|p1b: Mawile|Protect|p1b: Mawile
|-singleturn|p1b: Mawile|Protect
|move|p2a: Kommo-o|Clangorous Soul|p2a: Kommo-o
|-boost|p2a: Kommo-o|atk|1
|-boost|p2a: Kommo-o|def|1
|-boost|p2a: Kommo-o|spa|1
|-boost|p2a: Kommo-o|spd|1
|-boost|p2a: Kommo-o|spe|1
|-damage|p2a: Kommo-o|67/100
|move|p2b: Gengar|Perish Song|p2b: Gengar
|-start|p1a: Farigiraf|perish3|[silent]
|-start|p1b: Mawile|perish3|[silent]
|-immune|p2a: Kommo-o|[from] ability: Soundproof
|-start|p2b: Gengar|perish3|[silent]
|-fieldactivate|move: Perish Song
|move|p1a: Farigiraf|Trick Room|p1a: Farigiraf
|-fieldstart|move: Trick Room|[of] p1a: Farigiraf
|
|-heal|p2a: Kommo-o|73/100|[from] item: Leftovers
|-start|p1b: Mawile|perish3
|-start|p1a: Farigiraf|perish3
|-start|p2b: Gengar|perish3
|upkeep
|turn|11
|inactive|waiseng has 30 seconds left.
|inactive|waiseng has 20 seconds left.
|inactive|waiseng has 15 seconds left.
|inactive|waiseng has 10 seconds left.
|inactive|waiseng has 5 seconds left.
|
|t:|1782342938
|move|p2b: Gengar|Protect|p2b: Gengar
|-singleturn|p2b: Gengar|Protect
|move|p2a: Kommo-o|Protect|p2a: Kommo-o
|-singleturn|p2a: Kommo-o|Protect
|move|p1b: Mawile|Play Rough|p2b: Gengar
|-activate|p2b: Gengar|move: Protect
|move|p1a: Farigiraf|Psychic|p2a: Kommo-o
|-activate|p2a: Kommo-o|move: Protect
|
|-heal|p2a: Kommo-o|79/100|[from] item: Leftovers
|-start|p1b: Mawile|perish2
|-start|p1a: Farigiraf|perish2
|-start|p2b: Gengar|perish2
|upkeep
|turn|12
|inactive|waiseng has 30 seconds left.
|
|t:|1782342967
|switch|p2b: Incineroar|Incineroar, L50, M|28/100
|-ability|p2b: Incineroar|Intimidate|boost
|-unboost|p1a: Farigiraf|atk|1
|-unboost|p1b: Mawile|atk|1
|move|p1b: Mawile|Play Rough|p2a: Kommo-o
|-supereffective|p2a: Kommo-o|2
|-damage|p2a: Kommo-o|0 fnt
|faint|p2a: Kommo-o
|move|p1a: Farigiraf|Psychic|p2b: Incineroar
|-immune|p2b: Incineroar
|
|-start|p1b: Mawile|perish1
|-start|p1a: Farigiraf|perish1
|upkeep
|
|t:|1782342984
|switch|p2a: Gengar|Gengar-Mega, L50, M|43/100
|turn|13
|inactive|waiseng has 30 seconds left.
|
|t:|1782343012
|switch|p2b: Kingambit|Kingambit, L50, M|100/100
|move|p2a: Gengar|Protect|p2a: Gengar
|-singleturn|p2a: Gengar|Protect
|move|p1b: Mawile|Play Rough|p2b: Kingambit
|-damage|p2b: Kingambit|56/100
|move|p1a: Farigiraf|Psychic|p2a: Gengar
|-activate|p2a: Gengar|move: Protect
|
|-end|p1b: Mawile|Disable
|-start|p1b: Mawile|perish0
|-start|p1a: Farigiraf|perish0
|faint|p1b: Mawile
|faint|p1a: Farigiraf
|upkeep
|
|t:|1782343017
|switch|p1b: Torkoal|Torkoal, L50, M|100/100
|-weather|SunnyDay|[from] ability: Drought|[of] p1b: Torkoal
|turn|14
|inactive|waiseng has 30 seconds left.
|
|t:|1782343040
|switch|p2a: Incineroar|Incineroar, L50, M|28/100
|-ability|p2a: Incineroar|Intimidate|boost
|-unboost|p1b: Torkoal|atk|1
|move|p2b: Kingambit|Protect|p2b: Kingambit
|-singleturn|p2b: Kingambit|Protect
|move|p1b: Torkoal|Eruption|p2a: Incineroar|[spread] p2a
|-activate|p2b: Kingambit|move: Protect
|-resisted|p2a: Incineroar|1
|-crit|p2a: Incineroar
|-damage|p2a: Incineroar|0 fnt
|faint|p2a: Incineroar
|
|-weather|SunnyDay|[upkeep]
|-fieldend|move: Trick Room
|upkeep
|inactive|waiseng has 30 seconds left this turn.
|inactive|waiseng has 20 seconds left.
|inactive|waiseng has 15 seconds left.
|
|t:|1782343056
|switch|p2a: Gengar|Gengar-Mega, L50, M|43/100
|turn|15
|inactive|waiseng has 15 seconds left this turn.
|
|t:|1782343060
|move|p2a: Gengar|Shadow Ball|p1b: Torkoal
|-damage|p1b: Torkoal|35/100
|move|p2b: Kingambit|Kowtow Cleave|p1b: Torkoal
|-crit|p1b: Torkoal
|-damage|p1b: Torkoal|0 fnt
|faint|p1b: Torkoal
|
|win|waiseng
|raw|lolgz's rating: 1184 → 1156(-28 for losing)
|raw|waiseng's rating: 1142 → 1170(+28 for winning)
