|j|☆Rantix D Red
|j|☆washingtongargacha
|html|Rantix D Redwashingtongargacha    
|uhtml|bestof|Game 3 of a best-of-3
|t:|1757199830
|gametype|doubles
|player|p1|Rantix D Red|n|1121
|player|p2|washingtongargacha|169|1083
|gen|9
|tier|[Gen 9] VGC 2025 Reg H (Bo3)
|rated|
|rule|Species Clause: Limit one of each Pokémon
|rule|Item Clause: Limit 1 of each item
|clearpoke
|poke|p1|Tyranitar, L50, M|
|poke|p1|Excadrill, L50, M|
|poke|p1|Corviknight, L50, F|
|poke|p1|Gyarados, L50, M|
|poke|p1|Indeedee, L50, M|
|poke|p2|Gholdengo, L50|
|poke|p2|Amoonguss, L50, F|
|poke|p2|Ursaluna-Bloodmoon, L50, M|
|poke|p2|Sneasler, L50, F|
|poke|p2|Incineroar, L50, M|
|poke|p2|Dragonite, L50, M|
|teampreview|4
|showteam|p1|Tyranitar||AssaultVest|SandStream|TeraBlast,RockSlide,KnockOff,LowKick|||M|||50|,,,,,Flying]Excadrill||ChoiceBand|SandRush|Earthquake,StompingTantrum,IronHead,RockSlide|||M|||50|,,,,,Ghost]Corviknight||PsychicSeed|MirrorArmor|Protect,BraveBird,Roost,BulkUp|||F|||50|,,,,,Water]Gyarados||ClearAmulet|Intimidate|Waterfall,Protect,DragonDance,TeraBlast|||M|||50|,,,,,Fairy]Indeedee||ChoiceScarf|PsychicSurge|ExpandingForce,Psychic,Trick,TeraBlast|||M|||50|,,,,,Ground
|showteam|p2|Gholdengo||LifeOrb|GoodasGold|MakeItRain,ShadowBall,NastyPlot,Protect||||||50|,,,,,Water]Amoonguss||SitrusBerry|Regenerator|PollenPuff,Spore,RagePowder,Protect|||F|||50|,,,,,Water]Ursaluna-Bloodmoon||AssaultVest|MindsEye|EarthPower,HyperVoice,BloodMoon,VacuumWave|||M|||50|,,,,,Water]Sneasler||FocusSash|Unburden|CloseCombat,DireClaw,ThroatChop,Protect|||F|||50|,,,,,Stellar]Incineroar||SafetyGoggles|Intimidate|FlareBlitz,KnockOff,PartingShot,FakeOut|||M|||50|,,,,,Ghost]Dragonite||LoadedDice|Multiscale|ScaleShot,Tailwind,Haze,Protect|||M|||50|,,,,,Fairy
|inactive|Battle timer is ON: inactive players will automatically lose when time's up. (requested by Rantix D Red)
|j| mavco90
|c| mavco90|rantix go back playing clash royale
|
|t:|1757199861
|teamsize|p1|4
|teamsize|p2|4
|start
|switch|p1a: Corviknight|Corviknight, L50, F|100/100
|switch|p1b: Indeedee|Indeedee, L50, M|100/100
|switch|p2a: Gholdengo|Gholdengo, L50|100/100
|switch|p2b: Amoonguss|Amoonguss, L50, F|100/100
|-fieldstart|move: Psychic Terrain|[from] ability: Psychic Surge|[of] p1b: Indeedee
|-enditem|p1a: Corviknight|Psychic Seed
|-boost|p1a: Corviknight|spd|1|[from] item: Psychic Seed
|turn|1
|
|t:|1757199880
|switch|p2b: Incineroar|Incineroar, L50, M|100/100
|-ability|p2b: Incineroar|Intimidate|boost
|-ability|p1a: Corviknight|Mirror Armor
|-unboost|p2b: Incineroar|atk|1
|-unboost|p1b: Indeedee|atk|1
|move|p1b: Indeedee|Expanding Force|p2a: Gholdengo|[spread] p2a
|-immune|p2b: Incineroar
|-resisted|p2a: Gholdengo
|-damage|p2a: Gholdengo|65/100
|move|p2a: Gholdengo|Make It Rain|p1b: Indeedee|[spread] p1a,p1b
|-resisted|p1a: Corviknight
|-damage|p1a: Corviknight|85/100
|-damage|p1b: Indeedee|16/100
|-unboost|p2a: Gholdengo|spa|1
|-damage|p2a: Gholdengo|55/100|[from] item: Life Orb
|move|p1a: Corviknight|Bulk Up|p1a: Corviknight
|-boost|p1a: Corviknight|atk|1
|-boost|p1a: Corviknight|def|1
|
|upkeep
|turn|2
|inactive|Rantix D Red has 30 seconds left.
|
|t:|1757199909
|move|p2a: Gholdengo|Protect|p2a: Gholdengo
|-singleturn|p2a: Gholdengo|Protect
|move|p1b: Indeedee|Expanding Force|p2b: Incineroar|[spread] 
|-activate|p2a: Gholdengo|move: Protect
|-immune|p2b: Incineroar
|move|p1a: Corviknight|Brave Bird|p2a: Gholdengo
|-activate|p2a: Gholdengo|move: Protect
|move|p2b: Incineroar|Parting Shot|p1a: Corviknight
|-ability|p1a: Corviknight|Mirror Armor
|-unboost|p2b: Incineroar|atk|1
|-ability|p1a: Corviknight|Mirror Armor
|-unboost|p2b: Incineroar|spa|1
|
|t:|1757199923
|switch|p2b: Sneasler|Sneasler, L50, F|100/100|[from] Parting Shot
|
|upkeep
|turn|3
|c| mavco90|good parting
|inactive|washingtongargacha has 30 seconds left.
|inactive|washingtongargacha has 20 seconds left.
|inactive|washingtongargacha has 15 seconds left.
|inactive|washingtongargacha has 10 seconds left.
|
|t:|1757199968
|move|p2b: Sneasler|Protect|p2b: Sneasler
|-singleturn|p2b: Sneasler|Protect
|move|p1b: Indeedee|Expanding Force|p2b: Sneasler|[spread] p2a
|-activate|p2b: Sneasler|move: Protect
|-resisted|p2a: Gholdengo
|-damage|p2a: Gholdengo|23/100
|move|p2a: Gholdengo|Make It Rain|p1b: Indeedee|[spread] p1a,p1b
|-resisted|p1a: Corviknight
|-damage|p1a: Corviknight|73/100
|-damage|p1b: Indeedee|0 fnt
|-unboost|p2a: Gholdengo|spa|1
|faint|p1b: Indeedee
|-damage|p2a: Gholdengo|13/100|[from] item: Life Orb
|move|p1a: Corviknight|Brave Bird|p2b: Sneasler
|-activate|p2b: Sneasler|move: Protect
|
|upkeep
|
|t:|1757199989
|switch|p1b: Excadrill|Excadrill, L50, M|100/100
|turn|4
|inactive|washingtongargacha has 30 seconds left.
|inactive|washingtongargacha has 20 seconds left.
|inactive|washingtongargacha has 15 seconds left.
|inactive|washingtongargacha has 10 seconds left.
|
|t:|1757200039
|switch|p2a: Amoonguss|Amoonguss, L50, F|100/100
|-terastallize|p2b: Sneasler|Stellar
|-terastallize|p1b: Excadrill|Ghost
|move|p2b: Sneasler|Close Combat|p1a: Corviknight
|-damage|p1a: Corviknight|20/100
|-unboost|p2b: Sneasler|def|1
|-unboost|p2b: Sneasler|spd|1
|move|p1b: Excadrill|Earthquake|p2b: Sneasler|[spread] p2a,p2b
|-immune|p1a: Corviknight
|-supereffective|p2b: Sneasler
|-damage|p2a: Amoonguss|39/100
|-enditem|p2b: Sneasler|Focus Sash
|-damage|p2b: Sneasler|1/100
|-enditem|p2a: Amoonguss|Sitrus Berry|[eat]
|-heal|p2a: Amoonguss|64/100|[from] item: Sitrus Berry
|move|p1a: Corviknight|Brave Bird|p2b: Sneasler
|-supereffective|p2b: Sneasler
|-damage|p2b: Sneasler|0 fnt
|faint|p2b: Sneasler
|-damage|p1a: Corviknight|20/100|[from] Recoil
|
|upkeep
|inactive|washingtongargacha has 30 seconds left.
|
|t:|1757200065
|switch|p2b: Gholdengo|Gholdengo, L50|13/100
|turn|5
|
|t:|1757200086
|move|p2a: Amoonguss|Protect|p2a: Amoonguss
|-singleturn|p2a: Amoonguss|Protect
|move|p1b: Excadrill|Earthquake|p2b: Gholdengo|[spread] p2b
|-activate|p2a: Amoonguss|move: Protect
|-immune|p1a: Corviknight
|-supereffective|p2b: Gholdengo
|-damage|p2b: Gholdengo|0 fnt
|faint|p2b: Gholdengo
|move|p1a: Corviknight|Brave Bird|p2a: Amoonguss
|-activate|p2a: Amoonguss|move: Protect
|
|-fieldend|move: Psychic Terrain
|upkeep
|
|t:|1757200096
|switch|p2b: Incineroar|Incineroar, L50, M|100/100
|-ability|p2b: Incineroar|Intimidate|boost
|-ability|p1a: Corviknight|Mirror Armor
|-unboost|p2b: Incineroar|atk|1
|-unboost|p1b: Excadrill|atk|1
|turn|6
|
|t:|1757200106
|move|p2b: Incineroar|Fake Out|p1a: Corviknight
|-resisted|p1a: Corviknight
|-damage|p1a: Corviknight|17/100
|move|p1b: Excadrill|Earthquake|p2b: Incineroar|[spread] p2a,p2b
|-immune|p1a: Corviknight
|-supereffective|p2b: Incineroar
|-crit|p2b: Incineroar
|-damage|p2a: Amoonguss|21/100
|-damage|p2b: Incineroar|0 fnt
|faint|p2b: Incineroar
|cant|p1a: Corviknight|flinch
|move|p2a: Amoonguss|Spore|p1b: Excadrill
|-status|p1b: Excadrill|slp|[from] move: Spore
|
|upkeep
|turn|7
|-message|washingtongargacha forfeited.
|
|win|Rantix D Red
|raw|Rantix D Red's rating: 1121 → 1143(+22 for winning)
|raw|washingtongargacha's rating: 1083 → 1063(-20 for losing)
