|j|☆EepyBumbleBee
|j|☆Adriatic Tides
|html|EepyBumbleBeeAdriatic Tides    
|uhtml|bestof|Game 3 of a best-of-3
|t:|1784773815
|gametype|doubles
|player|p1|EepyBumbleBee|hilbert|1108
|player|p2|Adriatic Tides|leon|1169
|gen|9
|tier|[Gen 9 Champions] VGC 2026 Reg M-B (Bo3)
|rated|
|rule|Species Clause: Limit one of each Pokémon
|rule|Item Clause: Limit 1 of each item
|clearpoke
|poke|p1|Swampert, L50, F|
|poke|p1|Sableye, L50, F|
|poke|p1|Samurott-Hisui, L50, F|
|poke|p1|Pelipper, L50, F, shiny|
|poke|p1|Sinistcha, L50|
|poke|p1|Ninetales-Alola, L50, F|
|poke|p2|Tyranitar, L50, M|
|poke|p2|Excadrill, L50, M|
|poke|p2|Delphox, L50, F|
|poke|p2|Sinistcha, L50|
|poke|p2|Rotom-Wash, L50|
|poke|p2|Incineroar, L50, F|
|teampreview|4
|showteam|p1|Swampert||Swampertite|Damp|WaveCrash,Earthquake,Protect,IcePunch|Adamant||F|||50|]Sableye||RoseliBerry|Prankster|RainDance,Encore,Gravity,KnockOff|Relaxed||F|||50|]Samurott-Hisui||ChoiceScarf|Sharpness|AerialAce,AquaCutter,CeaselessEdge,FlipTurn|Jolly||F|||50|]Pelipper||DampRock|Drizzle|Tailwind,Hurricane,WeatherBall,Protect|Bold||F|||50|]Sinistcha||BigRoot|Hospitality|MatchaGotcha,Imprison,TrickRoom,ShadowBall|Modest|||||50|]Ninetales-Alola||BrightPowder|SnowCloak|Moonblast,FreezeDry,DazzlingGleam,Protect|Timid||F|||50|
|showteam|p2|Tyranitar||Tyranitarite|SandStream|KnockOff,RockSlide,Protect,LowKick|Adamant||M|||50|]Excadrill||FocusSash|SandRush|Protect,Earthquake,IronHead,RockSlide|Adamant||M|||50|]Delphox||Delphoxite|Blaze|NastyPlot,HeatWave,Psyshock,Protect|Timid||F|||50|]Sinistcha||ColburBerry|Hospitality|TrickRoom,MatchaGotcha,Protect,RagePowder|Bold|||||50|]Rotom-Wash||Leftovers|Levitate|Electroweb,HydroPump,Protect,Thunderbolt|Modest|||||50|]Incineroar||SitrusBerry|Intimidate|FakeOut,FlareBlitz,PartingShot,ThroatChop|Careful||F|||50|
|
|t:|1784773849
|teamsize|p1|4
|teamsize|p2|4
|start
|switch|p1a: Figs|Sableye, L50, F|100/100
|switch|p1b: Roxie!|Samurott-Hisui, L50, F|100/100
|switch|p2a: Tyranitar|Tyranitar, L50, M|100/100
|switch|p2b: Excadrill|Excadrill, L50, M|100/100
|-weather|Sandstorm|[from] ability: Sand Stream|[of] p2a: Tyranitar
|turn|1
|
|t:|1784773874
|switch|p2a: Sinistcha|Sinistcha, L50|100/100
|move|p1a: Figs|Rain Dance|p1a: Figs
|-weather|RainDance
|move|p1b: Roxie!|Flip Turn|p2b: Excadrill
|-supereffective|p2b: Excadrill|1
|-enditem|p2b: Excadrill|Focus Sash
|-damage|p2b: Excadrill|1/100
|
|t:|1784773883
|switch|p1b: Terra|Swampert, L50, F|100/100|[from] Flip Turn
|move|p2b: Excadrill|Rock Slide|p1a: Figs|[spread] p1b
|-miss|p2b: Excadrill|p1a: Figs
|-resisted|p1b: Terra|1
|-damage|p1b: Terra|87/100
|
|-weather|RainDance|[upkeep]
|upkeep
|turn|2
|
|t:|1784773915
|switch|p2b: Tyranitar|Tyranitar, L50, M|100/100
|-weather|Sandstorm|[from] ability: Sand Stream|[of] p2b: Tyranitar
|move|p1b: Terra|Protect|p1b: Terra
|-singleturn|p1b: Terra|Protect
|move|p1a: Figs|Encore|p2b: Tyranitar
|-hint|Since gen 7, Dark is immune to Prankster moves.
|-immune|p2b: Tyranitar
|move|p2a: Sinistcha|Matcha Gotcha|p1b: Terra|[spread] p1a
|-activate|p1b: Terra|move: Protect
|-damage|p1a: Figs|63/100
|
|-weather|Sandstorm|[upkeep]
|-damage|p2a: Sinistcha|93/100|[from] Sandstorm
|-damage|p1a: Figs|57/100|[from] Sandstorm
|upkeep
|turn|3
|
|t:|1784773938
|switch|p1b: THE Femme|Ninetales-Alola, L50, F|100/100
|detailschange|p2b: Tyranitar|Tyranitar-Mega, L50, M
|-mega|p2b: Tyranitar|Tyranitar|Tyranitarite
|move|p2b: Tyranitar|Knock Off|p1a: Figs
|-damage|p1a: Figs|0 fnt
|-enditem|p1a: Figs|Roseli Berry|[from] move: Knock Off|[of] p2b: Tyranitar
|faint|p1a: Figs
|move|p2a: Sinistcha|Matcha Gotcha|p1b: THE Femme
|-damage|p1b: THE Femme|61/100
|-heal|p2a: Sinistcha|100/100|[from] drain|[of] p1b: THE Femme
|
|-weather|Sandstorm|[upkeep]
|-damage|p1b: THE Femme|55/100|[from] Sandstorm
|-damage|p2a: Sinistcha|93/100|[from] Sandstorm
|upkeep
|
|t:|1784773958
|switch|p1a: Roxie!|Samurott-Hisui, L50, F|100/100
|turn|4
|
|t:|1784773967
|move|p2b: Tyranitar|Protect|p2b: Tyranitar
|-singleturn|p2b: Tyranitar|Protect
|move|p2a: Sinistcha|Protect|p2a: Sinistcha
|-singleturn|p2a: Sinistcha|Protect
|move|p1a: Roxie!|Aqua Cutter|p2b: Tyranitar
|-activate|p2b: Tyranitar|move: Protect
|move|p1b: THE Femme|Freeze-Dry|p2a: Sinistcha
|-activate|p2a: Sinistcha|move: Protect
|
|-weather|Sandstorm|[upkeep]
|-damage|p1a: Roxie!|94/100|[from] Sandstorm
|-damage|p1b: THE Femme|49/100|[from] Sandstorm
|-damage|p2a: Sinistcha|87/100|[from] Sandstorm
|upkeep
|turn|5
|
|t:|1784773991
|move|p2a: Sinistcha|Rage Powder|p2a: Sinistcha
|-singleturn|p2a: Sinistcha|move: Rage Powder
|move|p1a: Roxie!|Aqua Cutter|p2a: Sinistcha
|-resisted|p2a: Sinistcha|1
|-damage|p2a: Sinistcha|70/100
|move|p1b: THE Femme|Freeze-Dry|p2a: Sinistcha
|-supereffective|p2a: Sinistcha|1
|-damage|p2a: Sinistcha|11/100
|move|p2b: Tyranitar|Rock Slide|p1a: Roxie!|[spread] p1a,p1b
|-supereffective|p1b: THE Femme|1
|-damage|p1a: Roxie!|48/100
|-damage|p1b: THE Femme|0 fnt
|faint|p1b: THE Femme
|
|-weather|Sandstorm|[upkeep]
|-damage|p1a: Roxie!|42/100|[from] Sandstorm
|-damage|p2a: Sinistcha|5/100|[from] Sandstorm
|upkeep
|
|t:|1784774004
|switch|p1b: Terra|Swampert, L50, F|87/100
|turn|6
|
|t:|1784774032
|detailschange|p1b: Terra|Swampert-Mega, L50, F
|-mega|p1b: Terra|Swampert|Swampertite
|move|p2a: Sinistcha|Rage Powder|p2a: Sinistcha
|-singleturn|p2a: Sinistcha|move: Rage Powder
|move|p1a: Roxie!|Aqua Cutter|p2a: Sinistcha
|-resisted|p2a: Sinistcha|1
|-damage|p2a: Sinistcha|0 fnt
|faint|p2a: Sinistcha
|move|p1b: Terra|Wave Crash|p2b: Tyranitar
|-supereffective|p2b: Tyranitar|1
|-damage|p2b: Tyranitar|13/100
|-damage|p1b: Terra|53/100|[from] Recoil
|move|p2b: Tyranitar|Low Kick|p1a: Roxie!
|-supereffective|p1a: Roxie!|1
|-damage|p1a: Roxie!|0 fnt
|faint|p1a: Roxie!
|
|-weather|none
|upkeep
|
|t:|1784774045
|switch|p2a: Rotom|Rotom-Wash, L50|100/100
|turn|7
|
|t:|1784774053
|move|p2a: Rotom|Hydro Pump|p1b: Terra
|-damage|p1b: Terra|15/100
|move|p1b: Terra|Earthquake|p2a: Rotom|[spread] p2b
|-immune|p2a: Rotom|[from] ability: Levitate
|-supereffective|p2b: Tyranitar|1
|-damage|p2b: Tyranitar|0 fnt
|faint|p2b: Tyranitar
|
|upkeep
|
|t:|1784774059
|switch|p2b: Excadrill|Excadrill, L50, M|1/100
|turn|8
|
|t:|1784774069
|move|p2b: Excadrill|Earthquake|p1b: Terra|[spread] p1b
|-immune|p2a: Rotom|[from] ability: Levitate
|-damage|p1b: Terra|0 fnt
|faint|p1b: Terra
|
|win|Adriatic Tides
|raw|EepyBumbleBee's rating: 1108 → 1087(-21 for losing)
|raw|Adriatic Tides's rating: 1169 → 1190(+21 for winning)
|c|☆Adriatic Tides|gg wp
|l|☆EepyBumbleBee
|player|p1|
