|j|☆Sacksys
|j|☆TehCruzeFan123
|html|SacksysTehCruzeFan123    
|uhtml|bestof|Game 3 of a best-of-3
|t:|1784953019
|gametype|doubles
|player|p1|Sacksys|2|1097
|player|p2|TehCruzeFan123|guzma|1107
|gen|9
|tier|[Gen 9 Champions] VGC 2026 Reg M-B (Bo3)
|rated|
|rule|Species Clause: Limit one of each Pokémon
|rule|Item Clause: Limit 1 of each item
|clearpoke
|poke|p1|Garchomp, L50, M|
|poke|p1|Venusaur, L50, F|
|poke|p1|Talonflame, L50, F|
|poke|p1|Froslass, L50, F|
|poke|p1|Sylveon, L50, F|
|poke|p1|Basculegion, L50, M|
|poke|p2|Aerodactyl, L50, F|
|poke|p2|Hippowdon, L50, M|
|poke|p2|Gholdengo, L50|
|poke|p2|Sneasler, L50, F|
|poke|p2|Basculegion, L50, M|
|poke|p2|Floette-Eternal, L50, F|
|teampreview|4
|showteam|p1|Garchomp||HabanBerry|RoughSkin|Earthquake,DragonClaw,RockSlide,Protect|Jolly||M|||50|]Venusaur||Venusaurite|Chlorophyll|EarthPower,GigaDrain,SludgeBomb,Protect|Modest||F|||50|]Talonflame||FocusSash|GaleWings|AirSlash,HeatWave,Protect,Tailwind|Timid||F|||50|]Froslass||Froslassite|CursedBody|Blizzard,ShadowBall,WillOWisp,Protect|Modest||F|||50|]Sylveon||FairyFeather|Pixilate|HyperVoice,HyperBeam,Detect,CalmMind|Modest||F|||50|]Basculegion||LifeOrb|Adaptability|AquaJet,LastRespects,WaveCrash,Protect|Jolly||M|||50|
|showteam|p2|Aerodactyl||Aerodactylite|RockHead|DualWingbeat,RockSlide,IceFang,Tailwind|Jolly||F|||50|]Hippowdon||Leftovers|SandStream|Protect,Yawn,HighHorsepower,StoneEdge|Adamant||M|||50|]Gholdengo||FocusSash|GoodasGold|Protect,MakeItRain,ShadowBall,NastyPlot|Modest|||||50|]Sneasler||WhiteHerb|Unburden|Protect,FakeOut,CloseCombat,DireClaw|Jolly||F|||50|]Basculegion||KasibBerry|Adaptability|Protect,WaveCrash,LastRespects,AquaJet|Adamant||M|||50|]Floette-Eternal||Floettite|FlowerVeil|Protect,Moonblast,DazzlingGleam,LightofRuin|Timid||F|||50|
|inactive|Battle timer is ON: inactive players will automatically lose when time's up. (requested by TehCruzeFan123)
|inactive|Sacksys has 60 seconds left.
|
|t:|1784953050
|teamsize|p1|4
|teamsize|p2|4
|start
|switch|p1a: Basculegion|Basculegion, L50, M|100/100
|switch|p1b: Froslass|Froslass, L50, F|100/100
|switch|p2a: Aerodactyl|Aerodactyl, L50, F|100/100
|switch|p2b: Gholdengo|Gholdengo, L50|100/100
|turn|1
|inactive|Sacksys has 30 seconds left.
|inactive|TehCruzeFan123 has 30 seconds left.
|inactive|Sacksys has 20 seconds left.
|inactive|TehCruzeFan123 has 20 seconds left.
|inactive|Sacksys has 15 seconds left.
|inactive|TehCruzeFan123 has 15 seconds left.
|inactive|TehCruzeFan123 has 10 seconds left.
|
|t:|1784953099
|detailschange|p2a: Aerodactyl|Aerodactyl-Mega, L50, F
|-mega|p2a: Aerodactyl|Aerodactyl|Aerodactylite
|detailschange|p1b: Froslass|Froslass-Mega, L50, F
|-mega|p1b: Froslass|Froslass|Froslassite
|-weather|Snowscape|[from] ability: Snow Warning|[of] p1b: Froslass
|move|p1a: Basculegion|Aqua Jet|p2a: Aerodactyl
|-supereffective|p2a: Aerodactyl|1
|-damage|p2a: Aerodactyl|17/100
|-damage|p1a: Basculegion|90/100|[from] item: Life Orb
|move|p2a: Aerodactyl|Tailwind|p2a: Aerodactyl
|-sidestart|p2: TehCruzeFan123|move: Tailwind
|move|p2b: Gholdengo|Shadow Ball|p1a: Basculegion
|-supereffective|p1a: Basculegion|1
|-damage|p1a: Basculegion|0 fnt
|faint|p1a: Basculegion
|move|p1b: Froslass|Blizzard|p2b: Gholdengo|[spread] p2a,p2b
|-supereffective|p2a: Aerodactyl|1
|-resisted|p2b: Gholdengo|1
|-damage|p2a: Aerodactyl|0 fnt
|-damage|p2b: Gholdengo|74/100
|-status|p2b: Gholdengo|frz
|faint|p2a: Aerodactyl
|
|-weather|Snowscape|[upkeep]
|upkeep
|
|t:|1784953120
|switch|p2a: Basculegion|Basculegion, L50, M|100/100
|switch|p1a: Talonflame|Talonflame, L50, F|100/100
|turn|2
|
|t:|1784953130
|move|p1a: Talonflame|Tailwind|p1a: Talonflame
|-sidestart|p1: Sacksys|move: Tailwind
|move|p1b: Froslass|Shadow Ball|p2a: Basculegion
|-supereffective|p2a: Basculegion|1
|-enditem|p2a: Basculegion|Kasib Berry|[eat]
|-enditem|p2a: Basculegion|Kasib Berry|[weaken]
|-damage|p2a: Basculegion|53/100
|-curestatus|p2b: Gholdengo|frz|[msg]
|move|p2b: Gholdengo|Shadow Ball|p1a: Talonflame
|-damage|p1a: Talonflame|24/100
|move|p2a: Basculegion|Last Respects|p1b: Froslass
|-supereffective|p1b: Froslass|1
|-damage|p1b: Froslass|0 fnt
|faint|p1b: Froslass
|
|-weather|Snowscape|[upkeep]
|upkeep
|
|t:|1784953143
|switch|p1b: Garchomp|Garchomp, L50, M|100/100
|turn|3
|
|t:|1784953153
|move|p2a: Basculegion|Protect|p2a: Basculegion
|-singleturn|p2a: Basculegion|Protect
|move|p1a: Talonflame|Air Slash|p2a: Basculegion
|-activate|p2a: Basculegion|move: Protect
|move|p1b: Garchomp|Earthquake|p2b: Gholdengo|[spread] p2b
|-activate|p2a: Basculegion|move: Protect
|-immune|p1a: Talonflame
|-supereffective|p2b: Gholdengo|1
|-damage|p2b: Gholdengo|0 fnt
|faint|p2b: Gholdengo
|
|-weather|Snowscape|[upkeep]
|upkeep
|
|t:|1784953160
|switch|p2b: Sneasler|Sneasler, L50, F|100/100
|turn|4
|inactive|Sacksys has 30 seconds left.
|
|t:|1784953185
|move|p1a: Talonflame|Protect|p1a: Talonflame
|-singleturn|p1a: Talonflame|Protect
|move|p2b: Sneasler|Fake Out|p1b: Garchomp
|-damage|p1b: Garchomp|89/100
|-damage|p2b: Sneasler|87/100|[from] ability: Rough Skin|[of] p1b: Garchomp
|move|p2a: Basculegion|Aqua Jet|p1a: Talonflame
|-activate|p1a: Talonflame|move: Protect
|cant|p1b: Garchomp|flinch
|
|-weather|Snowscape|[upkeep]
|-sideend|p2: TehCruzeFan123|move: Tailwind
|upkeep
|turn|5
|inactive|TehCruzeFan123 has 30 seconds left.
|
|t:|1784953218
|move|p2b: Sneasler|Protect|p2b: Sneasler
|-singleturn|p2b: Sneasler|Protect
|move|p2a: Basculegion|Protect|p2a: Basculegion
|-singleturn|p2a: Basculegion|Protect
|move|p1a: Talonflame|Air Slash|p2b: Sneasler
|-activate|p2b: Sneasler|move: Protect
|move|p1b: Garchomp|Earthquake|p2b: Sneasler|[spread] 
|-activate|p2a: Basculegion|move: Protect
|-activate|p2b: Sneasler|move: Protect
|-immune|p1a: Talonflame
|
|-weather|none
|-sideend|p1: Sacksys|move: Tailwind
|upkeep
|turn|6
|inactive|Sacksys has 30 seconds left.
|inactive|TehCruzeFan123 has 30 seconds left.
|
|t:|1784953251
|move|p2a: Basculegion|Aqua Jet|p1a: Talonflame
|-supereffective|p1a: Talonflame|1
|-damage|p1a: Talonflame|0 fnt
|faint|p1a: Talonflame
|move|p2b: Sneasler|Dire Claw|p1b: Garchomp
|-resisted|p1b: Garchomp|1
|-damage|p1b: Garchomp|72/100
|-damage|p2b: Sneasler|75/100|[from] ability: Rough Skin|[of] p1b: Garchomp
|move|p1b: Garchomp|Earthquake|p2b: Sneasler|[spread] p2a,p2b
|-supereffective|p2b: Sneasler|1
|-damage|p2a: Basculegion|16/100
|-damage|p2b: Sneasler|0 fnt
|faint|p2b: Sneasler
|
|upkeep
|turn|7
|
|t:|1784953266
|move|p1b: Garchomp|Earthquake|p2a: Basculegion
|-damage|p2a: Basculegion|0 fnt
|faint|p2a: Basculegion
|
|win|Sacksys
|raw|Sacksys's rating: 1119 → 1143(+24 for winning)
|raw|TehCruzeFan123's rating: 1107 → 1083(-24 for losing)
