|j|☆Kingtemp
|j|☆merleintje
|html|Kingtempmerleintje    
|uhtml|bestof|Game 1 of a best-of-3
|t:|1783117146
|gametype|doubles
|player|p1|Kingtemp|2|1041
|player|p2|merleintje|1|1080
|gen|9
|tier|[Gen 9 Champions] VGC 2026 Reg M-B (Bo3)
|rated|
|rule|Species Clause: Limit one of each Pokémon
|rule|Item Clause: Limit 1 of each item
|clearpoke
|poke|p1|Charizard, L50, M|
|poke|p1|Whimsicott, L50, F|
|poke|p1|Garchomp, L50, F|
|poke|p1|Incineroar, L50, F|
|poke|p1|Basculegion, L50, M|
|poke|p1|Floette-Eternal, L50, F|
|poke|p2|Chimecho, L50, F|
|poke|p2|Overqwil, L50, F|
|poke|p2|Meowstic, L50, M|
|poke|p2|Sableye, L50, M, shiny|
|poke|p2|Sneasler, L50, M|
|poke|p2|Klefki, L50, M|
|teampreview|4
|showteam|p1|Charizard||CharizarditeY|SolarPower|HeatWave,WeatherBall,SolarBeam,Protect|Modest||M|||50|]Whimsicott||FocusSash|Prankster|Tailwind,Encore,SunnyDay,Moonblast|Bold||F|||50|]Garchomp||LifeOrb|RoughSkin|DragonClaw,Earthquake,RockSlide,Protect|Adamant||F|||50|]Incineroar||Charcoal|Intimidate|FakeOut,ThroatChop,HelpingHand,PartingShot|Careful||F|||50|]Basculegion||ChoiceScarf|Adaptability|WaveCrash,LastRespects,AquaJet,FlipTurn|Jolly||M|||50|]Floette-Eternal||Floettite|FlowerVeil|Moonblast,DazzlingGleam,CalmMind,Protect|Modest||F|||50|
|showteam|p2|Chimecho||Chimechite|Levitate|StoredPower,Recover,PsychUp,Protect|Calm||F|||50|]Overqwil||Leftovers|Intimidate|BarbBarrage,Stockpile,Minimize,Protect|Careful||F|||50|]Meowstic||BrightPowder|Prankster|FakeOut,Yawn,SkillSwap,SunnyDay|Impish||M|||50|]Sableye||Sablenite|Prankster|CalmMind,DarkPulse,PainSplit,PsychUp|Bold||M|||50|]Sneasler||FocusSash|PoisonTouch|FakeOut,CloseCombat,QuickGuard,PoisonJab|Jolly||M|||50|]Klefki||SitrusBerry|Prankster|CalmMind,Substitute,DrainingKiss,PsychUp|Bold||M|||50|
|
|t:|1783117171
|teamsize|p1|4
|teamsize|p2|4
|start
|switch|p1a: Charizard|Charizard, L50, M|100/100
|switch|p1b: Whimsicott|Whimsicott, L50, F|100/100
|switch|p2a: Overqwil|Overqwil, L50, F|100/100
|switch|p2b: Meowstic|Meowstic, L50, M|100/100
|-ability|p2a: Overqwil|Intimidate|boost
|-unboost|p1a: Charizard|atk|1
|-unboost|p1b: Whimsicott|atk|1
|turn|1
|
|t:|1783117211
|detailschange|p1a: Charizard|Charizard-Mega-Y, L50, M
|-mega|p1a: Charizard|Charizard|Charizardite Y
|-weather|SunnyDay|[from] ability: Drought|[of] p1a: Charizard
|move|p2b: Meowstic|Fake Out|p1a: Charizard
|-damage|p1a: Charizard|91/100
|move|p1b: Whimsicott|Tailwind|p1b: Whimsicott
|-sidestart|p1: Kingtemp|move: Tailwind
|cant|p1a: Charizard|flinch
|move|p2a: Overqwil|Minimize|p2a: Overqwil
|-boost|p2a: Overqwil|evasion|2
|
|-weather|SunnyDay|[upkeep]
|upkeep
|turn|2
|
|t:|1783117240
|move|p1b: Whimsicott|Encore|p2b: Meowstic
|-start|p2b: Meowstic|Encore
|move|p2b: Meowstic|Fake Out||[still]
|-hint|Fake Out only works on your first turn out.
|-fail|p2b: Meowstic
|move|p1a: Charizard|Weather Ball|p2a: Overqwil
|-damage|p2a: Overqwil|9/100
|move|p2a: Overqwil|Minimize|p2a: Overqwil
|-boost|p2a: Overqwil|evasion|2
|
|-weather|SunnyDay|[upkeep]
|-heal|p2a: Overqwil|15/100|[from] item: Leftovers
|upkeep
|turn|3
|
|t:|1783117274
|switch|p2b: Sneasler|Sneasler, L50, M|100/100
|move|p2a: Overqwil|Protect|p2a: Overqwil
|-singleturn|p2a: Overqwil|Protect
|move|p1a: Charizard|Heat Wave|p2b: Sneasler|[spread] p2b
|-activate|p2a: Overqwil|move: Protect
|-enditem|p2b: Sneasler|Focus Sash
|-damage|p2b: Sneasler|1/100
|move|p1b: Whimsicott|Moonblast|p2a: Overqwil
|-activate|p2a: Overqwil|move: Protect
|
|-weather|SunnyDay|[upkeep]
|-heal|p2a: Overqwil|21/100|[from] item: Leftovers
|upkeep
|turn|4
|
|t:|1783117294
|switch|p1b: Incineroar|Incineroar, L50, F|100/100
|-ability|p1b: Incineroar|Intimidate|boost
|-unboost|p2a: Overqwil|atk|1
|-unboost|p2b: Sneasler|atk|1
|move|p1a: Charizard|Protect|p1a: Charizard
|-singleturn|p1a: Charizard|Protect
|move|p2b: Sneasler|Fake Out|p1a: Charizard
|-activate|p1a: Charizard|move: Protect
|move|p2a: Overqwil|Minimize|p2a: Overqwil
|-boost|p2a: Overqwil|evasion|2
|
|-weather|SunnyDay|[upkeep]
|-heal|p2a: Overqwil|28/100|[from] item: Leftovers
|-sideend|p1: Kingtemp|move: Tailwind
|upkeep
|turn|5
|
|t:|1783117324
|move|p1b: Incineroar|Helping Hand|p1a: Charizard
|-singleturn|p1a: Charizard|Helping Hand|[of] p1b: Incineroar
|move|p2b: Sneasler|Quick Guard|p2b: Sneasler
|-singleturn|p2b: Sneasler|Quick Guard
|move|p1a: Charizard|Heat Wave|p2a: Overqwil|[spread] p2b
|-miss|p1a: Charizard|p2a: Overqwil
|-damage|p2b: Sneasler|0 fnt
|faint|p2b: Sneasler
|move|p2a: Overqwil|Barb Barrage|p1a: Charizard
|-damage|p1a: Charizard|69/100
|
|-weather|none
|-heal|p2a: Overqwil|34/100|[from] item: Leftovers
|upkeep
|
|t:|1783117343
|switch|p2b: Sableye|Sableye, L50, M, shiny|100/100
|turn|6
|
|t:|1783117359
|switch|p1a: Garchomp|Garchomp, L50, F|100/100
|move|p2b: Sableye|Psych Up|p2a: Overqwil
|-copyboost|p2b: Sableye|p2a: Overqwil|[from] move: Psych Up
|move|p2a: Overqwil|Stockpile|p2a: Overqwil
|-start|p2a: Overqwil|stockpile1
|-boost|p2a: Overqwil|def|1
|-boost|p2a: Overqwil|spd|1
|move|p1b: Incineroar|Parting Shot|p2a: Overqwil
|-unboost|p2a: Overqwil|atk|1
|-unboost|p2a: Overqwil|spa|1
|
|t:|1783117371
|switch|p1b: Charizard|Charizard-Mega-Y, L50, M|69/100|[from] Parting Shot
|-weather|SunnyDay|[from] ability: Drought|[of] p1b: Charizard
|
|-weather|SunnyDay|[upkeep]
|-heal|p2a: Overqwil|40/100|[from] item: Leftovers
|upkeep
|turn|7
|
|t:|1783117403
|detailschange|p2b: Sableye|Sableye-Mega, L50, M, shiny
|-mega|p2b: Sableye|Sableye|Sablenite
|move|p1b: Charizard|Weather Ball|p2b: Sableye
|-damage|p2b: Sableye|0 fnt
|faint|p2b: Sableye
|move|p1a: Garchomp|Earthquake|p2a: Overqwil|[spread] 
|-immune|p1b: Charizard
|-miss|p1a: Garchomp|p2a: Overqwil
|move|p2a: Overqwil|Barb Barrage|p1b: Charizard
|-damage|p1b: Charizard|51/100
|-status|p1b: Charizard|psn
|
|-weather|SunnyDay|[upkeep]
|-heal|p2a: Overqwil|46/100|[from] item: Leftovers
|-damage|p1b: Charizard|38/100 psn|[from] psn
|upkeep
|
|t:|1783117421
|switch|p2b: Meowstic|Meowstic, L50, M|100/100
|turn|8
|inactive|Battle timer is ON: inactive players will automatically lose when time's up. (requested by Kingtemp)
|
|t:|1783117478
|move|p2b: Meowstic|Yawn|p1a: Garchomp
|-start|p1a: Garchomp|move: Yawn|[of] p2b: Meowstic
|move|p1b: Charizard|Weather Ball|p2b: Meowstic
|-damage|p2b: Meowstic|7/100
|move|p1a: Garchomp|Earthquake|p2b: Meowstic|[spread] p2b
|-immune|p1b: Charizard
|-miss|p1a: Garchomp|p2a: Overqwil
|-damage|p2b: Meowstic|0 fnt
|faint|p2b: Meowstic
|-damage|p1a: Garchomp|90/100|[from] item: Life Orb
|move|p2a: Overqwil|Stockpile|p2a: Overqwil
|-start|p2a: Overqwil|stockpile2
|-boost|p2a: Overqwil|def|1
|-boost|p2a: Overqwil|spd|1
|
|-weather|SunnyDay|[upkeep]
|-heal|p2a: Overqwil|53/100|[from] item: Leftovers
|-damage|p1b: Charizard|26/100 psn|[from] psn
|upkeep
|turn|9
|inactive|merleintje has 30 seconds left.
|
|t:|1783117507
|switch|p1a: Incineroar|Incineroar, L50, F|100/100
|-ability|p1a: Incineroar|Intimidate|boost
|-unboost|p2a: Overqwil|atk|1
|move|p2a: Overqwil|Protect|p2a: Overqwil
|-singleturn|p2a: Overqwil|Protect
|move|p1b: Charizard|Weather Ball|p2a: Overqwil
|-activate|p2a: Overqwil|move: Protect
|
|-weather|SunnyDay|[upkeep]
|-heal|p2a: Overqwil|59/100|[from] item: Leftovers
|-damage|p1b: Charizard|14/100 psn|[from] psn
|upkeep
|turn|10
|
|t:|1783117521
|move|p1a: Incineroar|Fake Out|p2a: Overqwil
|-damage|p2a: Overqwil|54/100
|move|p1b: Charizard|Weather Ball|p2a: Overqwil|[miss]
|-miss|p1b: Charizard|p2a: Overqwil
|cant|p2a: Overqwil|flinch
|
|-weather|none
|-heal|p2a: Overqwil|60/100|[from] item: Leftovers
|-damage|p1b: Charizard|1/100 psn|[from] psn
|upkeep
|turn|11
|
|t:|1783117539
|move|p2a: Overqwil|Protect|p2a: Overqwil
|-singleturn|p2a: Overqwil|Protect
|move|p1b: Charizard|Heat Wave|p2a: Overqwil
|-activate|p2a: Overqwil|move: Protect
|move|p1a: Incineroar|Throat Chop|p2a: Overqwil
|-activate|p2a: Overqwil|move: Protect
|
|-heal|p2a: Overqwil|67/100|[from] item: Leftovers
|-damage|p1b: Charizard|0 fnt|[from] psn
|faint|p1b: Charizard
|upkeep
|
|t:|1783117544
|switch|p1b: Garchomp|Garchomp, L50, F|90/100
|turn|12
|
|t:|1783117553
|move|p1a: Incineroar|Helping Hand|p1b: Garchomp
|-singleturn|p1b: Garchomp|Helping Hand|[of] p1a: Incineroar
|move|p1b: Garchomp|Dragon Claw|p2a: Overqwil
|-damage|p2a: Overqwil|28/100
|-damage|p1b: Garchomp|80/100|[from] item: Life Orb
|move|p2a: Overqwil|Barb Barrage|p1b: Garchomp
|-resisted|p1b: Garchomp|1
|-damage|p1b: Garchomp|75/100
|
|-heal|p2a: Overqwil|34/100|[from] item: Leftovers
|upkeep
|turn|13
|
|t:|1783117570
|move|p1a: Incineroar|Helping Hand|p1b: Garchomp
|-singleturn|p1b: Garchomp|Helping Hand|[of] p1a: Incineroar
|move|p1b: Garchomp|Dragon Claw|p2a: Overqwil|[miss]
|-miss|p1b: Garchomp|p2a: Overqwil
|move|p2a: Overqwil|Barb Barrage|p1b: Garchomp
|-resisted|p1b: Garchomp|1
|-damage|p1b: Garchomp|71/100
|
|-heal|p2a: Overqwil|40/100|[from] item: Leftovers
|upkeep
|turn|14
|
|t:|1783117584
|move|p1a: Incineroar|Helping Hand|p1b: Garchomp
|-singleturn|p1b: Garchomp|Helping Hand|[of] p1a: Incineroar
|move|p1b: Garchomp|Dragon Claw|p2a: Overqwil|[miss]
|-miss|p1b: Garchomp|p2a: Overqwil
|move|p2a: Overqwil|Barb Barrage|p1b: Garchomp
|-resisted|p1b: Garchomp|1
|-damage|p1b: Garchomp|66/100
|
|-heal|p2a: Overqwil|46/100|[from] item: Leftovers
|upkeep
|turn|15
|
|t:|1783117596
|move|p1a: Incineroar|Helping Hand|p1b: Garchomp
|-singleturn|p1b: Garchomp|Helping Hand|[of] p1a: Incineroar
|move|p1b: Garchomp|Dragon Claw|p2a: Overqwil
|-damage|p2a: Overqwil|4/100
|-damage|p1b: Garchomp|56/100|[from] item: Life Orb
|move|p2a: Overqwil|Barb Barrage|p1b: Garchomp
|-resisted|p1b: Garchomp|1
|-damage|p1b: Garchomp|52/100
|-status|p1b: Garchomp|psn
|
|-heal|p2a: Overqwil|10/100|[from] item: Leftovers
|-damage|p1b: Garchomp|40/100 psn|[from] psn
|upkeep
|turn|16
|
|t:|1783117611
|move|p2a: Overqwil|Protect|p2a: Overqwil
|-singleturn|p2a: Overqwil|Protect
|move|p1b: Garchomp|Dragon Claw|p2a: Overqwil
|-activate|p2a: Overqwil|move: Protect
|move|p1a: Incineroar|Throat Chop|p2a: Overqwil
|-activate|p2a: Overqwil|move: Protect
|
|-heal|p2a: Overqwil|16/100|[from] item: Leftovers
|-damage|p1b: Garchomp|27/100 psn|[from] psn
|upkeep
|turn|17
|
|t:|1783117623
|move|p1b: Garchomp|Dragon Claw|p2a: Overqwil|[miss]
|-miss|p1b: Garchomp|p2a: Overqwil
|move|p2a: Overqwil|Barb Barrage|p1a: Incineroar
|-crit|p1a: Incineroar
|-damage|p1a: Incineroar|64/100
|-status|p1a: Incineroar|psn
|move|p1a: Incineroar|Throat Chop|p2a: Overqwil
|-resisted|p2a: Overqwil|1
|-damage|p2a: Overqwil|8/100
|-start|p2a: Overqwil|Throat Chop|[silent]
|
|-heal|p2a: Overqwil|15/100|[from] item: Leftovers
|-damage|p1b: Garchomp|15/100 psn|[from] psn
|-damage|p1a: Incineroar|52/100 psn|[from] psn
|upkeep
|turn|18
|
|t:|1783117638
|move|p2a: Overqwil|Protect|p2a: Overqwil
|-singleturn|p2a: Overqwil|Protect
|move|p1b: Garchomp|Dragon Claw|p2a: Overqwil
|-activate|p2a: Overqwil|move: Protect
|move|p1a: Incineroar|Throat Chop|p2a: Overqwil
|-activate|p2a: Overqwil|move: Protect
|
|-heal|p2a: Overqwil|21/100|[from] item: Leftovers
|-damage|p1b: Garchomp|2/100 psn|[from] psn
|-damage|p1a: Incineroar|40/100 psn|[from] psn
|-end|p2a: Overqwil|Throat Chop|[silent]
|upkeep
|turn|19
|
|t:|1783117655
|move|p1b: Garchomp|Dragon Claw|p2a: Overqwil|[miss]
|-miss|p1b: Garchomp|p2a: Overqwil
|move|p2a: Overqwil|Minimize|p2a: Overqwil
|-boost|p2a: Overqwil|evasion|0
|move|p1a: Incineroar|Throat Chop|p2a: Overqwil
|-resisted|p2a: Overqwil|1
|-damage|p2a: Overqwil|14/100
|-start|p2a: Overqwil|Throat Chop|[silent]
|
|-heal|p2a: Overqwil|20/100y|[from] item: Leftovers
|-damage|p1b: Garchomp|0 fnt|[from] psn
|faint|p1b: Garchomp
|-damage|p1a: Incineroar|28/100 psn|[from] psn
|upkeep
|
|t:|1783117666
|switch|p1b: Whimsicott|Whimsicott, L50, F|100/100
|turn|20
|
|t:|1783117677
|move|p2a: Overqwil|Protect|p2a: Overqwil
|-singleturn|p2a: Overqwil|Protect
|move|p1b: Whimsicott|Moonblast|p2a: Overqwil
|-activate|p2a: Overqwil|move: Protect
|move|p1a: Incineroar|Throat Chop|p2a: Overqwil
|-activate|p2a: Overqwil|move: Protect
|
|-heal|p2a: Overqwil|26/100|[from] item: Leftovers
|-damage|p1a: Incineroar|16/100 psn|[from] psn
|-end|p2a: Overqwil|Throat Chop|[silent]
|upkeep
|turn|21
|
|t:|1783117687
|move|p1b: Whimsicott|Moonblast|p2a: Overqwil|[miss]
|-miss|p1b: Whimsicott|p2a: Overqwil
|move|p2a: Overqwil|Barb Barrage|p1b: Whimsicott
|-supereffective|p1b: Whimsicott|2
|-damage|p1b: Whimsicott|61/100
|-status|p1b: Whimsicott|psn
|move|p1a: Incineroar|Throat Chop|p2a: Overqwil|[miss]
|-miss|p1a: Incineroar|p2a: Overqwil
|
|-heal|p2a: Overqwil|32/100|[from] item: Leftovers
|-damage|p1b: Whimsicott|49/100 psn|[from] psn
|-damage|p1a: Incineroar|4/100 psn|[from] psn
|upkeep
|turn|22
|
|t:|1783117703
|move|p2a: Overqwil|Protect|p2a: Overqwil
|-singleturn|p2a: Overqwil|Protect
|move|p1b: Whimsicott|Moonblast|p2a: Overqwil
|-activate|p2a: Overqwil|move: Protect
|move|p1a: Incineroar|Throat Chop|p2a: Overqwil
|-activate|p2a: Overqwil|move: Protect
|
|-heal|p2a: Overqwil|39/100|[from] item: Leftovers
|-damage|p1b: Whimsicott|37/100 psn|[from] psn
|-damage|p1a: Incineroar|0 fnt|[from] psn
|faint|p1a: Incineroar
|upkeep
|turn|23
|
|t:|1783117709
|move|p1b: Whimsicott|Moonblast|p2a: Overqwil|[miss]
|-miss|p1b: Whimsicott|p2a: Overqwil
|move|p2a: Overqwil|Barb Barrage|p1b: Whimsicott
|-supereffective|p1b: Whimsicott|2
|-damage|p1b: Whimsicott|0 fnt
|faint|p1b: Whimsicott
|
|win|merleintje
||Kingtemp is ready for game 2.
