|j|☆MidnightCrimsonn
|j|☆smalltownkirlia
|html|MidnightCrimsonnsmalltownkirlia    
|uhtml|bestof|Game 2 of a best-of-3
|t:|1757192232
|gametype|doubles
|player|p1|MidnightCrimsonn|acetrainerf-gen4dp|1210
|player|p2|smalltownkirlia|whitney|1121
|gen|9
|tier|[Gen 9] VGC 2025 Reg H (Bo3)
|rated|
|rule|Species Clause: Limit one of each Pokémon
|rule|Item Clause: Limit 1 of each item
|clearpoke
|poke|p1|Amoonguss, L50, F|
|poke|p1|Incineroar, L50, M|
|poke|p1|Hydreigon, L50, F|
|poke|p1|Gholdengo, L50|
|poke|p1|Ursaluna, L50, F|
|poke|p1|Porygon2, L50|
|poke|p2|Dragonite, L50, F|
|poke|p2|Ursaluna-Bloodmoon, L50, M|
|poke|p2|Gholdengo, L50|
|poke|p2|Maushold-Four, L50|
|poke|p2|Annihilape, L50, M|
|poke|p2|Rillaboom, L50, M|
|teampreview|4
|showteam|p1|Amoonguss||MentalHerb|Regenerator|PollenPuff,Spore,RagePowder,Protect|||F|||50|,,,,,Fairy]Incineroar||AssaultVest|Intimidate|FakeOut,KnockOff,FlareBlitz,Uturn|||M|||50|,,,,,Ghost]Hydreigon||SafetyGoggles|Levitate|DracoMeteor,Snarl,Tailwind,Protect|||F|||50|,,,,,Ghost]Gholdengo||MetalCoat|GoodasGold|MakeItRain,ShadowBall,NastyPlot,Protect||||||50|,,,,,Water]Ursaluna||FlameOrb|Guts|Facade,HeadlongRush,Earthquake,Protect|||F|||50|,,,,,Ghost]Porygon2||Eviolite|Download|TeraBlast,IceBeam,Recover,TrickRoom||||||50|,,,,,Fighting
|showteam|p2|Dragonite||LoadedDice|Multiscale|ScaleShot,Tailwind,Haze,Protect|||F|||50|,,,,,Steel]Ursaluna-Bloodmoon||AssaultVest|MindsEye|BloodMoon,EarthPower,HyperVoice,VacuumWave|||M|||50|,,,,,Water]Gholdengo||LifeOrb|GoodasGold|MakeItRain,ShadowBall,NastyPlot,Protect||||||50|,,,,,Water]Maushold-Four||FocusSash|FriendGuard|SuperFang,FollowMe,BeatUp,Protect||||||50|,,,,,Ghost]Annihilape||SitrusBerry|Defiant|RageFist,DrainPunch,BulkUp,Protect|||M|||50|,,,,,Fire]Rillaboom||MiracleSeed|GrassySurge|WoodHammer,GrassyGlide,HighHorsepower,FakeOut|||M|||50|,,,,,Fire
|inactive|Battle timer is ON: inactive players will automatically lose when time's up. (requested by smalltownkirlia)
|inactive|MidnightCrimsonn also wants the timer to be on.
|
|t:|1757192250
|teamsize|p1|4
|teamsize|p2|4
|start
|switch|p1a: Hydreigon|Hydreigon, L50, F|100/100
|switch|p1b: Amoonguss|Amoonguss, L50, F|100/100
|switch|p2a: Gholdengo|Gholdengo, L50|100/100
|switch|p2b: Dragonite|Dragonite, L50, F|100/100
|turn|1
|
|t:|1757192259
|move|p1a: Hydreigon|Snarl|p2a: Gholdengo|[spread] p2a,p2b
|-supereffective|p2a: Gholdengo
|-damage|p2a: Gholdengo|61/100
|-damage|p2b: Dragonite|90/100
|-unboost|p2a: Gholdengo|spa|1
|-unboost|p2b: Dragonite|spa|1
|move|p2a: Gholdengo|Make It Rain|p1b: Amoonguss|[spread] p1a,p1b
|-damage|p1a: Hydreigon|62/100
|-damage|p1b: Amoonguss|69/100
|-unboost|p2a: Gholdengo|spa|1
|-damage|p2a: Gholdengo|52/100|[from] item: Life Orb
|move|p2b: Dragonite|Tailwind|p2b: Dragonite
|-sidestart|p2: smalltownkirlia|move: Tailwind
|move|p1b: Amoonguss|Spore|p2b: Dragonite
|-status|p2b: Dragonite|slp|[from] move: Spore
|
|upkeep
|turn|2
|
|t:|1757192277
|switch|p2a: Rillaboom|Rillaboom, L50, M|100/100
|-fieldstart|move: Grassy Terrain|[from] ability: Grassy Surge|[of] p2a: Rillaboom
|switch|p1b: Gholdengo|Gholdengo, L50|100/100
|cant|p2b: Dragonite|slp
|move|p1a: Hydreigon|Tailwind|p1a: Hydreigon
|-sidestart|p1: MidnightCrimsonn|move: Tailwind
|
|upkeep
|turn|3
|
|t:|1757192298
|move|p1a: Hydreigon|Draco Meteor|p2b: Dragonite
|-supereffective|p2b: Dragonite
|-damage|p2b: Dragonite|0 fnt
|-unboost|p1a: Hydreigon|spa|2
|faint|p2b: Dragonite
|move|p1b: Gholdengo|Nasty Plot|p1b: Gholdengo
|-boost|p1b: Gholdengo|spa|2
|move|p2a: Rillaboom|High Horsepower|p1b: Gholdengo
|-supereffective|p1b: Gholdengo
|-crit|p1b: Gholdengo
|-damage|p1b: Gholdengo|11/100
|
|-heal|p1b: Gholdengo|17/100|[from] Grassy Terrain
|upkeep
|
|t:|1757192313
|switch|p2b: Ursaluna|Ursaluna-Bloodmoon, L50, M|100/100
|turn|4
|
|t:|1757192320
|move|p1b: Gholdengo|Protect|p1b: Gholdengo
|-singleturn|p1b: Gholdengo|Protect
|move|p2b: Ursaluna|Vacuum Wave|p1b: Gholdengo
|-activate|p1b: Gholdengo|move: Protect
|move|p1a: Hydreigon|Snarl|p2b: Ursaluna|[spread] p2b
|-miss|p1a: Hydreigon|p2a: Rillaboom
|-damage|p2b: Ursaluna|94/100
|-unboost|p2b: Ursaluna|spa|1
|move|p2a: Rillaboom|Wood Hammer|p1a: Hydreigon
|-resisted|p1a: Hydreigon
|-damage|p1a: Hydreigon|20/100
|-damage|p2a: Rillaboom|87/100|[from] Recoil
|
|-heal|p1b: Gholdengo|23/100|[from] Grassy Terrain
|-heal|p2a: Rillaboom|93/100|[from] Grassy Terrain
|-heal|p2b: Ursaluna|100/100|[from] Grassy Terrain
|-sideend|p2: smalltownkirlia|move: Tailwind
|upkeep
|turn|5
|
|t:|1757192336
|move|p2a: Rillaboom|Grassy Glide|p1b: Gholdengo
|-resisted|p1b: Gholdengo
|-damage|p1b: Gholdengo|5/100
|move|p2b: Ursaluna|Vacuum Wave|p1b: Gholdengo
|-supereffective|p1b: Gholdengo
|-damage|p1b: Gholdengo|0 fnt
|faint|p1b: Gholdengo
|move|p1a: Hydreigon|Snarl|p2b: Ursaluna|[spread] p2a,p2b
|-damage|p2a: Rillaboom|84/100
|-damage|p2b: Ursaluna|95/100
|-unboost|p2a: Rillaboom|spa|1
|-unboost|p2b: Ursaluna|spa|1
|
|-heal|p2a: Rillaboom|90/100|[from] Grassy Terrain
|-heal|p2b: Ursaluna|100/100|[from] Grassy Terrain
|-sideend|p1: MidnightCrimsonn|move: Tailwind
|upkeep
|
|t:|1757192343
|switch|p1b: Ursaluna|Ursaluna, L50, F|100/100
|turn|6
|
|t:|1757192357
|switch|p2a: Gholdengo|Gholdengo, L50|52/100
|move|p1b: Ursaluna|Protect|p1b: Ursaluna
|-singleturn|p1b: Ursaluna|Protect
|move|p1a: Hydreigon|Tailwind|p1a: Hydreigon
|-sidestart|p1: MidnightCrimsonn|move: Tailwind
|move|p2b: Ursaluna|Hyper Voice|p1a: Hydreigon|[spread] p1a
|-activate|p1b: Ursaluna|move: Protect
|-damage|p1a: Hydreigon|0 fnt
|faint|p1a: Hydreigon
|
|-heal|p2a: Gholdengo|58/100|[from] Grassy Terrain
|-fieldend|move: Grassy Terrain
|-status|p1b: Ursaluna|brn|[from] item: Flame Orb
|upkeep
|
|t:|1757192363
|switch|p1a: Amoonguss|Amoonguss, L50, F|100/100
|turn|7
|
|t:|1757192371
|switch|p2b: Rillaboom|Rillaboom, L50, M|90/100
|-fieldstart|move: Grassy Terrain|[from] ability: Grassy Surge|[of] p2b: Rillaboom
|move|p2a: Gholdengo|Protect|p2a: Gholdengo
|-singleturn|p2a: Gholdengo|Protect
|move|p1b: Ursaluna|Facade|p2a: Gholdengo
|-activate|p2a: Gholdengo|move: Protect
|move|p1a: Amoonguss|Spore|p2b: Rillaboom
|-immune|p2b: Rillaboom
|
|-heal|p2a: Gholdengo|64/100|[from] Grassy Terrain
|-heal|p2b: Rillaboom|96/100|[from] Grassy Terrain
|-damage|p1b: Ursaluna|95/100 brn|[from] brn
|upkeep
|turn|8
|
|t:|1757192384
|-terastallize|p1b: Ursaluna|Ghost
|move|p1b: Ursaluna|Headlong Rush|p2a: Gholdengo
|-supereffective|p2a: Gholdengo
|-damage|p2a: Gholdengo|0 fnt
|-unboost|p1b: Ursaluna|def|1
|-unboost|p1b: Ursaluna|spd|1
|faint|p2a: Gholdengo
|move|p2b: Rillaboom|Wood Hammer|p1b: Ursaluna
|-damage|p1b: Ursaluna|0 fnt
|faint|p1b: Ursaluna
|-damage|p2b: Rillaboom|61/100|[from] Recoil
|move|p1a: Amoonguss|Pollen Puff|p1: Ursaluna|[notarget]
|-fail|p1a: Amoonguss
|
|-heal|p2b: Rillaboom|67/100|[from] Grassy Terrain
|upkeep
|
|t:|1757192392
|switch|p2a: Ursaluna|Ursaluna-Bloodmoon, L50, M|100/100
|turn|9
|-message|MidnightCrimsonn forfeited.
|
|win|smalltownkirlia
|l|☆MidnightCrimsonn
|player|p1|
||MidnightCrimsonn is ready for game 3.
