|j|☆Braute
|j|☆Tapu Lisa
|html|BrauteTapu Lisa    
|uhtml|bestof|Game 1 of a best-of-3
|t:|1756311574
|gametype|doubles
|player|p1|Braute|miku-fire|1222
|player|p2|Tapu Lisa|101|1291
|gen|9
|tier|[Gen 9] VGC 2025 Reg H (Bo3)
|rated|
|rule|Species Clause: Limit one of each Pokémon
|rule|Item Clause: Limit 1 of each item
|clearpoke
|poke|p1|Sneasler, L50, M|
|poke|p1|Indeedee, L50, M|
|poke|p1|Volcarona, L50, F|
|poke|p1|Ursaluna-Bloodmoon, L50, M|
|poke|p1|Annihilape, L50, M|
|poke|p1|Tyranitar, L50, M|
|poke|p2|Whimsicott, L50, M|
|poke|p2|Annihilape, L50, M|
|poke|p2|Gholdengo, L50|
|poke|p2|Sneasler, L50, M|
|poke|p2|Farigiraf, L50, F|
|poke|p2|Incineroar, L50, F|
|teampreview|4
|showteam|p1|Sneasler||PsychicSeed|Unburden|CloseCombat,DireClaw,ThroatChop,Protect|||M|||50|,,,,,Dark]Indeedee||ChoiceScarf|PsychicSurge|ExpandingForce,TeraBlast,Trick,Protect|||M|||50|,,,,,Psychic]Volcarona||SitrusBerry|FlameBody|Overheat,StruggleBug,RagePowder,Tailwind|||F|||50|,,,,,Grass]Ursaluna-Bloodmoon||LifeOrb|MindsEye|BloodMoon,HyperVoice,EarthPower,Protect|||M|||50|,,,,,Normal]Annihilape||SafetyGoggles|Defiant|CloseCombat,RageFist,Taunt,FinalGambit|||M|||50|,,,,,Fairy]Tyranitar||AssaultVest|SandStream|RockSlide,KnockOff,TeraBlast,LowKick|||M|||50|,,,,,Flying
|showteam|p2|Whimsicott||CovertCloak|Prankster|Moonblast,FakeTears,BeatUp,Tailwind|||M|||50|,,,,,Dark]Annihilape||LumBerry|Defiant|CloseCombat,RageFist,Taunt,Protect|||M|||50|,,,,,Water]Gholdengo||LifeOrb|GoodasGold|MakeItRain,ShadowBall,PowerGem,Protect||||||50|,,,,,Steel]Sneasler||FocusSash|Unburden|DireClaw,CloseCombat,FakeOut,Protect|||M|||50|,,,,,Stellar]Farigiraf||ThroatSpray|ArmorTail|TwinBeam,HyperVoice,Imprison,TrickRoom|||F|||50|,,,,,Normal]Incineroar||SafetyGoggles|Intimidate|FlareBlitz,KnockOff,FakeOut,PartingShot|||F|||50|,,,,,Ghost
|inactive|Battle timer is ON: inactive players will automatically lose when time's up. (requested by Braute)
|inactive|Braute has 60 seconds left.
|inactive|Tapu Lisa has 60 seconds left.
|inactive|Tapu Lisa has 30 seconds left.
|inactive|Tapu Lisa has 20 seconds left.
|inactive|Tapu Lisa has 15 seconds left.
|inactive|Tapu Lisa has 10 seconds left.
|
|t:|1756311658
|teamsize|p1|4
|teamsize|p2|4
|start
|switch|p1a: Indeedee|Indeedee, L50, M|100/100
|switch|p1b: Sneasler|Sneasler, L50, M|100/100
|switch|p2a: Incineroar|Incineroar, L50, F|100/100
|switch|p2b: Gholdengo|Gholdengo, L50|100/100
|-fieldstart|move: Psychic Terrain|[from] ability: Psychic Surge|[of] p1a: Indeedee
|-enditem|p1b: Sneasler|Psychic Seed
|-boost|p1b: Sneasler|spd|1|[from] item: Psychic Seed
|-ability|p2a: Incineroar|Intimidate|boost
|-unboost|p1a: Indeedee|atk|1
|-unboost|p1b: Sneasler|atk|1
|turn|1
|inactive|Braute has 30 seconds left.
|inactive|Tapu Lisa has 30 seconds left.
|inactive|Braute has 20 seconds left.
|inactive|Tapu Lisa has 20 seconds left.
|
|t:|1756311695
|switch|p1a: Volcarona|Volcarona, L50, F|100/100
|-terastallize|p2b: Gholdengo|Steel
|move|p1b: Sneasler|Close Combat|p2a: Incineroar
|-supereffective|p2a: Incineroar
|-damage|p2a: Incineroar|13/100
|-unboost|p1b: Sneasler|def|1
|-unboost|p1b: Sneasler|spd|1
|move|p2b: Gholdengo|Make It Rain|p1a: Volcarona|[spread] p1a,p1b
|-resisted|p1a: Volcarona
|-damage|p1a: Volcarona|58/100
|-damage|p1b: Sneasler|0 fnt
|-unboost|p2b: Gholdengo|spa|1
|faint|p1b: Sneasler
|-damage|p2b: Gholdengo|91/100|[from] item: Life Orb
|move|p2a: Incineroar|Parting Shot|p1a: Volcarona
|-unboost|p1a: Volcarona|atk|1
|-unboost|p1a: Volcarona|spa|1
|inactive|Tapu Lisa has 30 seconds left.
|
|t:|1756311727
|switch|p2a: Whimsicott|Whimsicott, L50, M, shiny|100/100|[from] Parting Shot
|
|upkeep
|inactive|Braute has 30 seconds left.
|
|t:|1756311753
|switch|p1b: Indeedee|Indeedee, L50, M|100/100
|turn|2
|inactive|Tapu Lisa has 30 seconds left.
|inactive|Tapu Lisa has 20 seconds left.
|
|t:|1756311794
|-terastallize|p1b: Indeedee|Psychic
|move|p2b: Gholdengo|Protect|p2b: Gholdengo
|-singleturn|p2b: Gholdengo|Protect
|move|p2a: Whimsicott|Tailwind|p2a: Whimsicott
|-sidestart|p2: Tapu Lisa|move: Tailwind
|move|p1b: Indeedee|Expanding Force|p2a: Whimsicott|[spread] p2a
|-activate|p2b: Gholdengo|move: Protect
|-damage|p2a: Whimsicott|7/100
|move|p1a: Volcarona|Tailwind|p1a: Volcarona
|-sidestart|p1: Braute|move: Tailwind
|
|upkeep
|turn|3
|inactive|Tapu Lisa has 30 seconds left.
|
|t:|1756311823
|move|p1b: Indeedee|Expanding Force|p2b: Gholdengo|[spread] p2a,p2b
|-resisted|p2b: Gholdengo
|-damage|p2a: Whimsicott|0 fnt
|-damage|p2b: Gholdengo|45/100
|faint|p2a: Whimsicott
|move|p1a: Volcarona|Overheat|p2b: Gholdengo
|-supereffective|p2b: Gholdengo
|-damage|p2b: Gholdengo|0 fnt
|-unboost|p1a: Volcarona|spa|2
|faint|p2b: Gholdengo
|
|upkeep
|
|t:|1756311831
|switch|p2a: Annihilape|Annihilape, L50, M, shiny|100/100
|switch|p2b: Incineroar|Incineroar, L50, F|13/100
|-ability|p2b: Incineroar|Intimidate|boost
|-unboost|p1a: Volcarona|atk|1
|-unboost|p1b: Indeedee|atk|1
|turn|4
|
|t:|1756311854
|move|p2a: Annihilape|Protect|p2a: Annihilape
|-singleturn|p2a: Annihilape|Protect
|move|p1a: Volcarona|Rage Powder|p1a: Volcarona
|-singleturn|p1a: Volcarona|move: Rage Powder
|move|p1b: Indeedee|Expanding Force|p2a: Annihilape|[spread] 
|-activate|p2a: Annihilape|move: Protect
|-immune|p2b: Incineroar
|move|p2b: Incineroar|Knock Off|p1b: Indeedee
|-supereffective|p1b: Indeedee
|-damage|p1b: Indeedee|0 fnt
|-enditem|p1b: Indeedee|Choice Scarf|[from] move: Knock Off|[of] p2b: Incineroar
|faint|p1b: Indeedee
|
|upkeep
|
|t:|1756311857
|switch|p1b: Tyranocif|Tyranitar, L50, M|100/100
|-weather|Sandstorm|[from] ability: Sand Stream|[of] p1b: Tyranocif
|turn|5
|inactive|Tapu Lisa has 30 seconds left.
|inactive|Tapu Lisa has 20 seconds left.
|inactive|Tapu Lisa has 15 seconds left.
|
|t:|1756311900
|move|p1a: Volcarona|Rage Powder|p1a: Volcarona
|-singleturn|p1a: Volcarona|move: Rage Powder
|move|p2a: Annihilape|Taunt|p1a: Volcarona
|-start|p1a: Volcarona|move: Taunt
|move|p2b: Incineroar|Knock Off|p1a: Volcarona
|-damage|p1a: Volcarona|13/100
|-enditem|p1a: Volcarona|Sitrus Berry|[from] move: Knock Off|[of] p2b: Incineroar
|move|p1b: Tyranocif|Rock Slide|p2b: Incineroar|[spread] p2a,p2b
|-resisted|p2a: Annihilape
|-supereffective|p2b: Incineroar
|-damage|p2a: Annihilape|81/100
|-damage|p2b: Incineroar|0 fnt
|faint|p2b: Incineroar
|
|-weather|Sandstorm|[upkeep]
|-damage|p1a: Volcarona|7/100|[from] Sandstorm
|-damage|p2a: Annihilape|75/100|[from] Sandstorm
|-sideend|p2: Tapu Lisa|move: Tailwind
|-sideend|p1: Braute|move: Tailwind
|-fieldend|move: Psychic Terrain
|upkeep
|turn|6
|
|t:|1756311920
|move|p1a: Volcarona|Overheat|p2a: Annihilape
|-damage|p2a: Annihilape|52/100
|-unboost|p1a: Volcarona|spa|2
|move|p2a: Annihilape|Close Combat|p1b: Tyranocif
|-supereffective|p1b: Tyranocif
|-damage|p1b: Tyranocif|0 fnt
|-unboost|p2a: Annihilape|def|1
|-unboost|p2a: Annihilape|spd|1
|faint|p1b: Tyranocif
|
|-weather|Sandstorm|[upkeep]
|-damage|p1a: Volcarona|0 fnt|[from] Sandstorm
|-damage|p2a: Annihilape|46/100|[from] Sandstorm
|faint|p1a: Volcarona
|
|win|Tapu Lisa
