|j|☆x-3 demon
|j|☆pix3000
|html|x-3 demonpix3000    
|uhtml|bestof|Game 3 of a best-of-3
|t:|1757638977
|gametype|doubles
|player|p1|x-3 demon|boarder-gen2|
|player|p2|pix3000|265|
|gen|9
|tier|[Gen 9] VGC 2025 Reg H (Bo3)
|rule|Species Clause: Limit one of each Pokémon
|rule|Item Clause: Limit 1 of each item
|clearpoke
|poke|p1|Gholdengo, L50|
|poke|p1|Sinistcha, L50|
|poke|p1|Ursaluna, L50, F|
|poke|p1|Dragonite, L50, F|
|poke|p1|Incineroar, L50, F|
|poke|p1|Ninetales-Alola, L50, F|
|poke|p2|Ursaluna-Bloodmoon, L50, M|
|poke|p2|Kingambit, L50, M|
|poke|p2|Electabuzz, L50, M|
|poke|p2|Dragonite, L50, F|
|poke|p2|Sneasler, L50, M|
|poke|p2|Ninetales-Alola, L50, M|
|teampreview|4
|showteam|p1|Gholdengo||ChoiceScarf|GoodasGold|MakeItRain,ShadowBall,Trick,Protect||||||50|,,,,,Flying]Sinistcha||SitrusBerry|Hospitality|MatchaGotcha,LifeDew,RagePowder,TrickRoom||||||50|,,,,,Dark]Ursaluna||FlameOrb|Guts|HeadlongRush,Earthquake,Facade,Protect|||F|||50|,,,,,Ghost]Dragonite||LoadedDice|Multiscale|ScaleShot,Haze,Tailwind,Protect|||F|||50|,,,,,Fairy]Incineroar||AssaultVest|Intimidate|FlareBlitz,KnockOff,FakeOut,Uturn|||F|||50|,,,,,Grass]Ninetales-Alola||FocusSash|SnowWarning|Blizzard,FreezeDry,Encore,AuroraVeil|||F|||50|,,,,,Ghost
|showteam|p2|Ursaluna-Bloodmoon||LifeOrb|MindsEye|BloodMoon,HyperVoice,EarthPower,Protect|||M|||50|,,,,,Normal]Kingambit||AssaultVest|Defiant|KowtowCleave,SuckerPunch,LowKick,IronHead|||M|||50|,,,,,Dark]Electabuzz||Eviolite|VitalSpirit|Electroweb,Taunt,FollowMe,Protect|||M|||50|,,,,,Electric]Dragonite||LoadedDice|InnerFocus|ScaleShot,Haze,Tailwind,Protect|||F|||50|,,,,,Fire]Sneasler||WhiteHerb|Unburden|CloseCombat,DireClaw,Coaching,FakeOut|||M|||50|,,,,,Ghost]Ninetales-Alola||SafetyGoggles|SnowWarning|Blizzard,Moonblast,FreezeDry,Protect|||M|||50|,,,,,Water
|
|t:|1757639104
|teamsize|p1|4
|teamsize|p2|4
|start
|switch|p1a: Gholdengo|Gholdengo, L50|100/100
|switch|p1b: Ninetales|Ninetales-Alola, L50, F|100/100
|switch|p2a: Kingambit|Kingambit, L50, M|100/100
|switch|p2b: Dragonite|Dragonite, L50, F|100/100
|-weather|Snowscape|[from] ability: Snow Warning|[of] p1b: Ninetales
|turn|1
|
|t:|1757639148
|-terastallize|p2a: Kingambit|Dark
|move|p1a: Gholdengo|Trick|p2b: Dragonite
|-activate|p1a: Gholdengo|move: Trick|[of] p2b: Dragonite
|-item|p2b: Dragonite|Choice Scarf|[from] move: Trick
|-item|p1a: Gholdengo|Loaded Dice|[from] move: Trick
|move|p2b: Dragonite|Tailwind|p2b: Dragonite
|-sidestart|p2: pix3000|move: Tailwind
|move|p1b: Ninetales|Aurora Veil|p1b: Ninetales
|-sidestart|p1: x-3 demon|move: Aurora Veil
|move|p2a: Kingambit|Kowtow Cleave|p1a: Gholdengo
|-supereffective|p1a: Gholdengo
|-damage|p1a: Gholdengo|0 fnt
|faint|p1a: Gholdengo
|
|-weather|Snowscape|[upkeep]
|upkeep
|
|t:|1757639160
|switch|p1a: Dragonite|Dragonite, L50, F|100/100
|turn|2
|
|t:|1757639190
|switch|p2b: Sneasler|Sneasler, L50, M|100/100
|switch|p2a: Ursaluna|Ursaluna-Bloodmoon, L50, M|100/100
|move|p1b: Ninetales|Blizzard|p2a: Ursaluna|[spread] p2a,p2b
|-supereffective|p2a: Ursaluna
|-damage|p2a: Ursaluna|14/100
|-damage|p2b: Sneasler|63/100
|move|p1a: Dragonite|Scale Shot|p2a: Ursaluna
|-damage|p2a: Ursaluna|1/100
|-damage|p2a: Ursaluna|0 fnt
|faint|p2a: Ursaluna
|-hitcount|p2: Ursaluna|2
|-unboost|p1a: Dragonite|def|1
|-boost|p1a: Dragonite|spe|1
|
|-weather|Snowscape|[upkeep]
|upkeep
|
|t:|1757639207
|switch|p2a: Dragonite|Dragonite, L50, F|100/100
|turn|3
|
|t:|1757639287
|-terastallize|p1a: Dragonite|Fairy
|move|p2b: Sneasler|Fake Out|p1b: Ninetales
|-damage|p1b: Ninetales|91/100
|move|p2a: Dragonite|Scale Shot|p1a: Dragonite
|-immune|p1a: Dragonite
|move|p1a: Dragonite|Scale Shot|p2b: Sneasler
|-damage|p2b: Sneasler|46/100
|-damage|p2b: Sneasler|28/100
|-damage|p2b: Sneasler|8/100
|-damage|p2b: Sneasler|0 fnt
|faint|p2b: Sneasler
|-hitcount|p2: Sneasler|4
|-unboost|p1a: Dragonite|def|1
|-boost|p1a: Dragonite|spe|1
|cant|p1b: Ninetales|flinch
|
|-weather|Snowscape|[upkeep]
|upkeep
|
|t:|1757639303
|switch|p2b: Kingambit|Kingambit, L50, M, tera:Dark|100/100
|turn|4
|
|t:|1757639318
|move|p2a: Dragonite|Scale Shot|p1b: Ninetales
|-immune|p1b: Ninetales
|move|p1a: Dragonite|Tailwind|p1a: Dragonite
|-sidestart|p1: x-3 demon|move: Tailwind
|move|p1b: Ninetales|Blizzard|p2b: Kingambit|[spread] p2a,p2b
|-supereffective|p2a: Dragonite
|-damage|p2a: Dragonite|0 fnt
|-damage|p2b: Kingambit|82/100
|faint|p2a: Dragonite
|move|p2b: Kingambit|Iron Head|p1a: Dragonite
|-supereffective|p1a: Dragonite
|-damage|p1a: Dragonite|32/100
|
|-weather|Snowscape|[upkeep]
|-sideend|p2: pix3000|move: Tailwind
|upkeep
|turn|5
|
|t:|1757639344
|move|p2b: Kingambit|Sucker Punch||[still]
|-fail|p2b: Kingambit
|move|p1a: Dragonite|Haze|p1a: Dragonite
|-clearallboost
|move|p1b: Ninetales|Blizzard|p2b: Kingambit
|-damage|p2b: Kingambit|56/100
|
|-weather|none
|-sideend|p1: x-3 demon|move: Aurora Veil
|upkeep
|turn|6
|
|t:|1757639369
|move|p1b: Ninetales|Freeze-Dry|p2b: Kingambit
|-damage|p2b: Kingambit|38/100
|move|p1a: Dragonite|Scale Shot|p2b: Kingambit
|-damage|p2b: Kingambit|27/100
|-crit|p2b: Kingambit
|-damage|p2b: Kingambit|11/100
|-damage|p2b: Kingambit|0 fnt
|faint|p2b: Kingambit
|-hitcount|p2: Kingambit|3
|
|win|x-3 demon
|l|☆pix3000
|player|p2|
