|j|☆Vishalsankhla2205
|j|☆Beeetch
|html|Vishalsankhla2205Beeetch    
|uhtml|bestof|Game 2 of a best-of-3
|t:|1757195689
|gametype|doubles
|player|p1|Vishalsankhla2205|steven|1101
|player|p2|Beeetch|beauty-gen4dp|1217
|gen|9
|tier|[Gen 9] VGC 2025 Reg H (Bo3)
|rated|
|rule|Species Clause: Limit one of each Pokémon
|rule|Item Clause: Limit 1 of each item
|clearpoke
|poke|p1|Cinderace, L50, M|
|poke|p1|Amoonguss, L50, M|
|poke|p1|Whimsicott, L50, F|
|poke|p1|Ursaluna-Bloodmoon, L50, M|
|poke|p1|Armarouge, L50, F|
|poke|p1|Indeedee-F, L50, F|
|poke|p2|Excadrill, L50, F|
|poke|p2|Tyranitar, L50, M|
|poke|p2|Sneasler, L50, F|
|poke|p2|Indeedee, L50, M|
|poke|p2|Corviknight, L50, F|
|poke|p2|Annihilape, L50, M|
|teampreview|4
|showteam|p1|Cinderace||WideLens|Libero|QuickAttack,Protect,HighJumpKick,PyroBall|||M|||50|,,,,,Fire]Amoonguss||SitrusBerry|Regenerator|RagePowder,SludgeBomb,Protect,Spore|||M|||50|,,,,,Dark]Whimsicott||CovertCloak|Prankster|Taunt,Moonblast,SunnyDay,Tailwind|||F|||50|,,,,,Grass]Ursaluna-Bloodmoon||LifeOrb|MindsEye|Protect,BloodMoon,CalmMind,EarthPower|||M|||50|,,,,,Fairy]Armarouge||FocusSash|WeakArmor|TrickRoom,ExpandingForce,Protect,ArmorCannon|||F|||50|,,,,,Fire]Indeedee-F||PsychicSeed|PsychicSurge|Protect,DazzlingGleam,FollowMe,TrickRoom|||F|||50|,,,,,Psychic
|showteam|p2|Excadrill||FocusSash|SandRush|IronHead,HighHorsepower,Earthquake,Protect|||F|||50|,,,,,Stellar]Tyranitar||AssaultVest|SandStream|RockSlide,KnockOff,TeraBlast,LowKick|||M|||50|,,,,,Flying]Sneasler||PsychicSeed|Unburden|DireClaw,CloseCombat,ThroatChop,Protect|||F|||50|,,,,,Dark]Indeedee||ChoiceScarf|PsychicSurge|ExpandingForce,TeraBlast,Protect,Trick|||M|||50|,,,,,Psychic]Corviknight||Leftovers|MirrorArmor|BraveBird,BulkUp,Roost,Tailwind|||F|||50|,,,,,Dragon]Annihilape||SafetyGoggles|Defiant|CloseCombat,FinalGambit,RageFist,Taunt|||M|||50|,,,,,Water
|
|t:|1757195712
|teamsize|p1|4
|teamsize|p2|4
|start
|switch|p1a: Whimsicott|Whimsicott, L50, F|100/100
|switch|p1b: Cinderace|Cinderace, L50, M|100/100
|switch|p2a: Tyranitar|Tyranitar, L50, M, shiny|100/100
|switch|p2b: Excadrill|Excadrill, L50, F, shiny|100/100
|-weather|Sandstorm|[from] ability: Sand Stream|[of] p2a: Tyranitar
|turn|1
|
|t:|1757195730
|-terastallize|p2a: Tyranitar|Flying
|move|p1a: Whimsicott|Sunny Day|p1a: Whimsicott
|-weather|SunnyDay
|move|p1b: Cinderace|Pyro Ball|p2a: Tyranitar
|-damage|p2a: Tyranitar|14/100
|move|p2b: Excadrill|Earthquake|p1a: Whimsicott|[spread] p1a,p1b
|-immune|p2a: Tyranitar
|-resisted|p1a: Whimsicott
|-supereffective|p1b: Cinderace
|-damage|p1a: Whimsicott|80/100
|-damage|p1b: Cinderace|0 fnt
|faint|p1b: Cinderace
|move|p2a: Tyranitar|Tera Blast|p1a: Whimsicott|[anim] Tera Blast Flying
|-supereffective|p1a: Whimsicott
|-damage|p1a: Whimsicott|0 fnt
|faint|p1a: Whimsicott
|
|-weather|SunnyDay|[upkeep]
|upkeep
|
|t:|1757195741
|switch|p1b: Amoonguss|Amoonguss, L50, M, shiny|100/100
|switch|p1a: Ursaluna|Ursaluna-Bloodmoon, L50, M|100/100
|turn|2
|
|t:|1757195762
|move|p2b: Excadrill|Earthquake|p1b: Amoonguss|[spread] p1a,p1b
|-immune|p2a: Tyranitar
|-crit|p1a: Ursaluna
|-damage|p1a: Ursaluna|62/100
|-damage|p1b: Amoonguss|67/100
|move|p2a: Tyranitar|Low Kick|p1a: Ursaluna
|-supereffective|p1a: Ursaluna
|-damage|p1a: Ursaluna|0 fnt
|faint|p1a: Ursaluna
|move|p1b: Amoonguss|Sludge Bomb|p2a: Tyranitar
|-crit|p2a: Tyranitar
|-damage|p2a: Tyranitar|0 fnt
|faint|p2a: Tyranitar
|
|-weather|SunnyDay|[upkeep]
|upkeep
|
|t:|1757195772
|switch|p2a: Indeedee|Indeedee, L50, M, shiny|100/100
|-fieldstart|move: Psychic Terrain|[from] ability: Psychic Surge|[of] p2a: Indeedee
|turn|3
|
|t:|1757195781
|-terastallize|p1b: Amoonguss|Dark
|move|p2a: Indeedee|Expanding Force|p1b: Amoonguss
|-immune|p1b: Amoonguss
|move|p2b: Excadrill|High Horsepower|p1b: Amoonguss
|-damage|p1b: Amoonguss|25/100
|-enditem|p1b: Amoonguss|Sitrus Berry|[eat]
|-heal|p1b: Amoonguss|50/100|[from] item: Sitrus Berry
|move|p1b: Amoonguss|Spore|p2b: Excadrill
|-status|p2b: Excadrill|slp|[from] move: Spore
|
|-weather|SunnyDay|[upkeep]
|upkeep
|turn|4
|
|t:|1757195794
|switch|p2a: Annihilape|Annihilape, L50, M|100/100
|cant|p2b: Excadrill|slp
|move|p1b: Amoonguss|Sludge Bomb|p2a: Annihilape
|-resisted|p2a: Annihilape
|-damage|p2a: Annihilape|88/100
|
|-weather|SunnyDay|[upkeep]
|upkeep
|turn|5
|
|t:|1757195808
|move|p1b: Amoonguss|Rage Powder|p1b: Amoonguss
|-singleturn|p1b: Amoonguss|move: Rage Powder
|move|p2a: Annihilape|Taunt|p1b: Amoonguss
|-start|p1b: Amoonguss|move: Taunt
|-curestatus|p2b: Excadrill|slp|[msg]
|move|p2b: Excadrill|Iron Head|p1b: Amoonguss
|-damage|p1b: Amoonguss|15/100
|
|-weather|none
|upkeep
|turn|6
|
|t:|1757195818
|move|p2a: Annihilape|Close Combat|p1b: Amoonguss
|-supereffective|p1b: Amoonguss
|-damage|p1b: Amoonguss|0 fnt
|-unboost|p2a: Annihilape|def|1
|-unboost|p2a: Annihilape|spd|1
|faint|p1b: Amoonguss
|
|win|Beeetch
|raw|Vishalsankhla2205's rating: 1101 → 1084(-17 for losing)
|raw|Beeetch's rating: 1217 → 1234(+17 for winning)
|l|☆Vishalsankhla2205
|player|p1|
