|j|☆Frakub
|j|☆PidoveQ
|html|FrakubPidoveQ    
|uhtml|bestof|Game 1 of a best-of-3
|t:|1756376925
|gametype|doubles
|player|p1|Frakub|acetrainer-gen4dp|1234
|player|p2|PidoveQ|akari|1351
|gen|9
|tier|[Gen 9] VGC 2025 Reg H (Bo3)
|rated|
|rule|Species Clause: Limit one of each Pokémon
|rule|Item Clause: Limit 1 of each item
|clearpoke
|poke|p1|Kingambit, L50, M|
|poke|p1|Rillaboom, L50, F|
|poke|p1|Ninetales-Alola, L50, F|
|poke|p1|Dragonite, L50, M|
|poke|p1|Magmar, L50, F|
|poke|p1|Sneasler, L50, M|
|poke|p2|Rillaboom, L50, M|
|poke|p2|Sneasler, L50, M|
|poke|p2|Basculegion, L50, M|
|poke|p2|Ninetales-Alola, L50, F|
|poke|p2|Magmar, L50, F|
|poke|p2|Archaludon, L50, F|
|teampreview|4
|showteam|p1|Kingambit||BlackGlasses|Defiant|KowtowCleave,SuckerPunch,SwordsDance,Protect|||M|||50|,,,,,Dark]Rillaboom||AssaultVest|GrassySurge|WoodHammer,GrassyGlide,HighHorsepower,FakeOut|||F|||50|,,,,,Fire]Ninetales-Alola||LightClay|SnowWarning|Blizzard,FreezeDry,Protect,AuroraVeil|||F|||50|,,,,,Ghost]Dragonite||LoadedDice|Multiscale|ScaleShot,ExtremeSpeed,Haze,Protect|||M|||50|,,,,,Steel]Magmar||Eviolite|VitalSpirit|Taunt,Overheat,FollowMe,Protect|||F|||50|,,,,,Ghost]Sneasler||FocusSash|PoisonTouch|FakeOut,DireClaw,CloseCombat,Protect|||M|||50|,,,,,Ghost
|showteam|p2|Rillaboom||AssaultVest|GrassySurge|WoodHammer,GrassyGlide,FakeOut,HighHorsepower|||M|||50|,,,,,Fire]Sneasler||FocusSash|Unburden|DireClaw,CloseCombat,ThroatChop,Protect|||M|||50|,,,,,Stellar]Basculegion||ChoiceScarf|Adaptability|WaveCrash,LastRespects,AquaJet,FlipTurn|||M|||50|,,,,,Grass]Ninetales-Alola||IciclePlate|SnowWarning|Blizzard,FreezeDry,IcyWind,Protect|||F|||50|,,,,,Ice]Magmar||Eviolite|VitalSpirit|Flamethrower,Taunt,FollowMe,Protect|||F|||50|,,,,,Fairy]Archaludon||PowerHerb|Sturdy|ElectroShot,DragonPulse,Thunderbolt,Protect|||F|||50|,,,,,Electric
|inactive|Battle timer is ON: inactive players will automatically lose when time's up. (requested by PidoveQ)
|inactive|Frakub also wants the timer to be on.
|inactive|Frakub has 60 seconds left.
|inactive|PidoveQ has 60 seconds left.
|inactive|PidoveQ has 30 seconds left.
|
|t:|1756376994
|teamsize|p1|4
|teamsize|p2|4
|start
|switch|p1a: Kingambit|Kingambit, L50, M|100/100
|switch|p1b: Sneasler|Sneasler, L50, M|100/100
|switch|p2a: Sneasler|Sneasler, L50, M, shiny|100/100
|switch|p2b: Magmar|Magmar, L50, F, shiny|100/100
|turn|1
|
|t:|1756377013
|-terastallize|p1a: Kingambit|Dark
|move|p1b: Sneasler|Fake Out|p2a: Sneasler
|-damage|p2a: Sneasler|75/100
|cant|p2a: Sneasler|flinch
|move|p2b: Magmar|Flamethrower|p1b: Sneasler
|-damage|p1b: Sneasler|54/100
|move|p1a: Kingambit|Swords Dance|p1a: Kingambit
|-boost|p1a: Kingambit|atk|2
|
|upkeep
|turn|2
|
|t:|1756377032
|-terastallize|p2a: Sneasler|Stellar
|move|p1a: Kingambit|Protect|p1a: Kingambit
|-singleturn|p1a: Kingambit|Protect
|move|p2b: Magmar|Follow Me|p2b: Magmar
|-singleturn|p2b: Magmar|move: Follow Me
|move|p2a: Sneasler|Close Combat|p1a: Kingambit
|-activate|p1a: Kingambit|move: Protect
|move|p1b: Sneasler|Dire Claw|p2b: Magmar
|-damage|p2b: Magmar|66/100
|-status|p2b: Magmar|psn|[from] ability: Poison Touch|[of] p1b: Sneasler
|
|-damage|p2b: Magmar|53/100 psn|[from] psn
|upkeep
|turn|3
|inactive|Frakub has 30 seconds left.
|inactive|Frakub has 20 seconds left.
|
|t:|1756377070
|switch|p1a: Dragonite|Dragonite, L50, M|100/100
|move|p2b: Magmar|Follow Me|p2b: Magmar
|-singleturn|p2b: Magmar|move: Follow Me
|move|p1b: Sneasler|Dire Claw|p2b: Magmar
|-damage|p2b: Magmar|21/100 psn
|move|p2a: Sneasler|Close Combat|p1a: Dragonite
|-resisted|p1a: Dragonite
|-damage|p1a: Dragonite|78/100
|-unboost|p2a: Sneasler|def|1
|-unboost|p2a: Sneasler|spd|1
|
|-damage|p2b: Magmar|9/100 psn|[from] psn
|upkeep
|turn|4
|
|t:|1756377090
|move|p1b: Sneasler|Dire Claw|p2b: Magmar
|-damage|p2b: Magmar|0 fnt
|faint|p2b: Magmar
|move|p2a: Sneasler|Dire Claw|p1a: Dragonite
|-damage|p1a: Dragonite|11/100
|-status|p1a: Dragonite|psn
|move|p1a: Dragonite|Scale Shot|p2a: Sneasler
|-damage|p2a: Sneasler|36/100
|-damage|p2a: Sneasler|0 fnt
|faint|p2a: Sneasler
|-hitcount|p2: Sneasler|2
|-unboost|p1a: Dragonite|def|1
|-boost|p1a: Dragonite|spe|1
|
|-damage|p1a: Dragonite|0 fnt|[from] psn
|faint|p1a: Dragonite
|upkeep
|
|t:|1756377100
|switch|p2a: Archaludon|Archaludon, L50, F|100/100
|switch|p1a: Kingambit|Kingambit, L50, M, tera:Dark|100/100
|switch|p2b: Gooseberry|Basculegion, L50, M, shiny|100/100
|turn|5
|
|t:|1756377118
|switch|p1b: Magmar|Magmar, L50, F|100/100
|move|p2a: Archaludon|Protect|p2a: Archaludon
|-singleturn|p2a: Archaludon|Protect
|move|p1a: Kingambit|Protect|p1a: Kingambit
|-singleturn|p1a: Kingambit|Protect
|move|p2b: Gooseberry|Aqua Jet|p1b: Magmar
|-supereffective|p1b: Magmar
|-damage|p1b: Magmar|59/100
|
|upkeep
|turn|6
|
|t:|1756377133
|move|p1b: Magmar|Follow Me|p1b: Magmar
|-singleturn|p1b: Magmar|move: Follow Me
|move|p2b: Gooseberry|Aqua Jet|p1b: Magmar
|-supereffective|p1b: Magmar
|-damage|p1b: Magmar|19/100
|move|p2a: Archaludon|Electro Shot||[still]
|-prepare|p2a: Archaludon|Electro Shot
|-boost|p2a: Archaludon|spa|1
|-enditem|p2a: Archaludon|Power Herb
|-anim|p2a: Archaludon|Electro Shot|p1b: Magmar
|-damage|p1b: Magmar|0 fnt
|faint|p1b: Magmar
|move|p1a: Kingambit|Kowtow Cleave|p2b: Gooseberry
|-supereffective|p2b: Gooseberry
|-damage|p2b: Gooseberry|0 fnt
|faint|p2b: Gooseberry
|
|upkeep
|-message|PidoveQ forfeited.
|
|win|Frakub
|l|☆PidoveQ
|player|p2|
|j|☆PidoveQ
|player|p2|PidoveQ|akari|
||PidoveQ is ready for game 2.
||Frakub is ready for game 2.
|uhtml|next|Next: Game 2 of 3
