|j|☆T8mcrae
|j|☆SamKagami
|html|T8mcraeSamKagami    
|uhtml|bestof|Game 2 of a best-of-3
|t:|1757009292
|gametype|doubles
|player|p1|T8mcrae|1|1142
|player|p2|SamKagami|unknown|1211
|gen|9
|tier|[Gen 9] VGC 2025 Reg H (Bo3)
|rated|
|rule|Species Clause: Limit one of each Pokémon
|rule|Item Clause: Limit 1 of each item
|clearpoke
|poke|p1|Annihilape, L50, F|
|poke|p1|Primarina, L50, F|
|poke|p1|Gholdengo, L50|
|poke|p1|Maushold, L50|
|poke|p1|Vivillon-Ocean, L50, F|
|poke|p1|Rillaboom, L50, M|
|poke|p2|Gholdengo, L50|
|poke|p2|Dragonite, L50, F|
|poke|p2|Kingambit, L50, M|
|poke|p2|Sneasler, L50, M|
|poke|p2|Electabuzz, L50, M|
|poke|p2|Rillaboom, L50, F|
|teampreview|4
|showteam|p1|Annihilape||SafetyGoggles|Defiant|RageFist,DrainPunch,BulkUp,Protect|||F|||50|,,,,,Fire]Primarina||SitrusBerry|LiquidVoice|HyperVoice,Moonblast,Haze,Protect|||F|||50|,,,,,Water]Gholdengo||LifeOrb|GoodasGold|MakeItRain,ShadowBall,NastyPlot,Protect||||||50|,,,,,Dragon]Maushold||WideLens|FriendGuard|PopulationBomb,FollowMe,BeatUp,Protect||||||50|,,,,,Grass]Vivillon-Ocean||FocusSash|CompoundEyes|Hurricane,SleepPowder,Tailwind,Protect|||F|||50|,,,,,Ghost]Rillaboom||AssaultVest|GrassySurge|FakeOut,GrassyGlide,DrumBeating,HighHorsepower|||M|||50|,,,,,Fire
|showteam|p2|Gholdengo||LifeOrb|GoodasGold|MakeItRain,NastyPlot,ShadowBall,Protect||||||50|,,,,,Water]Dragonite||LoadedDice|InnerFocus|ScaleShot,Protect,Haze,Tailwind|||F|||50|,,,,,Fairy]Kingambit||AssaultVest|Defiant|LowKick,KowtowCleave,SuckerPunch,IronHead|||M|||50|,,,,,Ghost]Sneasler||FocusSash|Unburden|Coaching,DireClaw,CloseCombat,Protect|||M|||50|,,,,,Stellar]Electabuzz||Eviolite|VitalSpirit|FollowMe,Taunt,Protect,Electroweb|||M|||50|,,,,,Ghost]Rillaboom||MiracleSeed|GrassySurge|WoodHammer,FakeOut,GrassyGlide,HighHorsepower|||F|||50|,,,,,Grass
|inactive|Battle timer is ON: inactive players will automatically lose when time's up. (requested by SamKagami)
|
|t:|1757009316
|teamsize|p1|4
|teamsize|p2|4
|start
|switch|p1a: Maushold|Maushold, L50, shiny|100/100
|switch|p1b: Annihilape|Annihilape, L50, F, shiny|100/100
|switch|p2a: Dragonite|Dragonite, L50, F|100/100
|switch|p2b: Electabuzz|Electabuzz, L50, M|100/100
|turn|1
|
|t:|1757009339
|switch|p1a: Primarina|Primarina, L50, F|100/100
|-terastallize|p2b: Electabuzz|Ghost
|move|p2b: Electabuzz|Follow Me|p2b: Electabuzz
|-singleturn|p2b: Electabuzz|move: Follow Me
|move|p1b: Annihilape|Bulk Up|p1b: Annihilape
|-boost|p1b: Annihilape|atk|1
|-boost|p1b: Annihilape|def|1
|move|p2a: Dragonite|Scale Shot|p1a: Primarina
|-immune|p1a: Primarina
|
|upkeep
|turn|2
|inactive|T8mcrae has 30 seconds left.
|
|t:|1757009372
|move|p2b: Electabuzz|Follow Me|p2b: Electabuzz
|-singleturn|p2b: Electabuzz|move: Follow Me
|move|p1b: Annihilape|Bulk Up|p1b: Annihilape
|-boost|p1b: Annihilape|atk|1
|-boost|p1b: Annihilape|def|1
|move|p2a: Dragonite|Tailwind|p2a: Dragonite
|-sidestart|p2: SamKagami|move: Tailwind
|move|p1a: Primarina|Moonblast|p2b: Electabuzz
|-damage|p2b: Electabuzz|65/100
|-unboost|p2b: Electabuzz|spa|1
|
|upkeep
|turn|3
|
|t:|1757009393
|move|p2b: Electabuzz|Follow Me|p2b: Electabuzz
|-singleturn|p2b: Electabuzz|move: Follow Me
|move|p2a: Dragonite|Haze|p2a: Dragonite
|-clearallboost
|move|p1b: Annihilape|Rage Fist|p2b: Electabuzz
|-supereffective|p2b: Electabuzz
|-damage|p2b: Electabuzz|31/100
|move|p1a: Primarina|Hyper Voice|p2b: Electabuzz|[spread] p2a,p2b
|-resisted|p2a: Dragonite
|-damage|p2a: Dragonite|84/100
|-damage|p2b: Electabuzz|7/100
|
|upkeep
|turn|4
|inactive|SamKagami has 30 seconds left.
|
|t:|1757009421
|switch|p2a: Gholdengo|Gholdengo, L50|100/100
|move|p1b: Annihilape|Protect|p1b: Annihilape
|-singleturn|p1b: Annihilape|Protect
|move|p2b: Electabuzz|Taunt|p1b: Annihilape
|-activate|p1b: Annihilape|move: Protect
|move|p1a: Primarina|Hyper Voice|p2b: Electabuzz|[spread] p2a,p2b
|-damage|p2a: Gholdengo|68/100
|-damage|p2b: Electabuzz|0 fnt
|faint|p2b: Electabuzz
|
|upkeep
|
|t:|1757009429
|switch|p2b: Sneasler|Sneasler, L50, M|100/100
|turn|5
|inactive|T8mcrae has 30 seconds left.
|
|t:|1757009454
|switch|p1a: Maushold|Maushold, L50, shiny|100/100
|-terastallize|p1b: Annihilape|Fire
|move|p2b: Sneasler|Dire Claw|p1a: Maushold
|-damage|p1a: Maushold|23/100
|move|p2a: Gholdengo|Nasty Plot|p2a: Gholdengo
|-boost|p2a: Gholdengo|spa|2
|move|p1b: Annihilape|Bulk Up|p1b: Annihilape
|-boost|p1b: Annihilape|atk|1
|-boost|p1b: Annihilape|def|1
|
|-sideend|p2: SamKagami|move: Tailwind
|upkeep
|turn|6
|inactive|T8mcrae has 30 seconds left.
|inactive|SamKagami has 30 seconds left.
|inactive|T8mcrae has 20 seconds left.
|inactive|SamKagami has 20 seconds left.
|inactive|T8mcrae has 15 seconds left.
|
|t:|1757009497
|move|p1a: Maushold|Protect|p1a: Maushold
|-singleturn|p1a: Maushold|Protect
|move|p2a: Gholdengo|Protect|p2a: Gholdengo
|-singleturn|p2a: Gholdengo|Protect
|move|p2b: Sneasler|Dire Claw|p1a: Maushold
|-activate|p1a: Maushold|move: Protect
|move|p1b: Annihilape|Rage Fist|p2a: Gholdengo
|-activate|p2a: Gholdengo|move: Protect
|
|upkeep
|turn|7
|inactive|T8mcrae has 30 seconds left.
|
|t:|1757009526
|move|p1a: Maushold|Population Bomb|p2b: Sneasler
|-damage|p2b: Sneasler|87/100
|-damage|p2b: Sneasler|74/100
|-damage|p2b: Sneasler|61/100
|-damage|p2b: Sneasler|49/100
|-crit|p2b: Sneasler
|-damage|p2b: Sneasler|28/100
|-damage|p2b: Sneasler|16/100
|-damage|p2b: Sneasler|4/100
|-damage|p2b: Sneasler|0 fnt
|faint|p2b: Sneasler
|-hitcount|p2: Sneasler|8
|move|p1b: Annihilape|Rage Fist|p2a: Gholdengo
|-supereffective|p2a: Gholdengo
|-damage|p2a: Gholdengo|8/100
|move|p2a: Gholdengo|Make It Rain|p1a: Maushold|[spread] p1a,p1b
|-resisted|p1b: Annihilape
|-damage|p1a: Maushold|0 fnt
|-damage|p1b: Annihilape|60/100
|-unboost|p2a: Gholdengo|spa|1
|faint|p1a: Maushold
|-damage|p2a: Gholdengo|0 fnt|[from] item: Life Orb
|faint|p2a: Gholdengo
|
|upkeep
|-message|SamKagami forfeited.
|
|win|T8mcrae
|raw|T8mcrae's rating: 1142 → 1172(+30 for winning)
|raw|SamKagami's rating: 1211 → 1181(-30 for losing)
|l|☆SamKagami
|player|p2|
