|j|☆68gyubh hnn
|j|☆sum1dum
|html|68gyubh hnnsum1dum    
|uhtml|bestof|Game 2 of a best-of-3
|t:|1784763107
|gametype|doubles
|player|p1|68gyubh hnn|169|1000
|player|p2|sum1dum|rosa|1106
|gen|9
|tier|[Gen 9 Champions] VGC 2026 Reg M-B (Bo3)
|rated|
|rule|Species Clause: Limit one of each Pokémon
|rule|Item Clause: Limit 1 of each item
|clearpoke
|poke|p1|Raichu, L50, M|
|poke|p1|Whimsicott, L50, F|
|poke|p1|Floette-Eternal, L50, F|
|poke|p1|Basculegion, L50, M|
|poke|p1|Garchomp, L50, F|
|poke|p1|Gholdengo, L50|
|poke|p2|Tyranitar, L50, F|
|poke|p2|Excadrill, L50, M|
|poke|p2|Meganium, L50, F|
|poke|p2|Corviknight, L50, F|
|poke|p2|Basculegion, L50, M|
|poke|p2|Kommo-o, L50, F, shiny|
|teampreview|4
|showteam|p1|Raichu||RaichuniteY|LightningRod|Protect,ZapCannon,FocusBlast,FakeOut|Modest||M|||50|]Whimsicott||FocusSash|Prankster|Protect,Moonblast,Tailwind,Encore|Timid||F|||50|]Floette-Eternal||Floettite|FlowerVeil|Protect,Moonblast,LightofRuin,DazzlingGleam|Modest||F|||50|]Basculegion||MysticWater|Adaptability|Protect,WaveCrash,LastRespects,AquaJet|Adamant||M|||50|]Garchomp||SitrusBerry|RoughSkin|RockSlide,StompingTantrum,DragonClaw,Protect|Adamant||F|||50|]Gholdengo||LifeOrb|GoodasGold|Protect,MakeItRain,NastyPlot,ShadowBall|Modest|||||50|
|showteam|p2|Tyranitar||Tyranitarite|SandStream|KnockOff,RockSlide,Protect,IcePunch|Adamant||F|||50|]Excadrill||FocusSash|SandRush|HighHorsepower,IronHead,RockSlide,Protect|Jolly||M|||50|]Meganium||Meganiumite|LeafGuard|WeatherBall,DazzlingGleam,SolarBeam,Protect|Modest||F|||50|]Corviknight||Leftovers|MirrorArmor|BraveBird,Roost,Tailwind,IronHead|Impish||F|||50|]Basculegion||ChoiceScarf|Adaptability|AquaJet,FlipTurn,LastRespects,WaveCrash|Adamant||M|||50|]Kommo-o||SitrusBerry|Overcoat|ClangorousSoul,ClangingScales,AuraSphere,Protect|Modest||F|||50|
|inactive|Battle timer is ON: inactive players will automatically lose when time's up. (requested by 68gyubh hnn)
|inactive|sum1dum also wants the timer to be on.
|
|t:|1784763137
|teamsize|p1|4
|teamsize|p2|4
|start
|switch|p1a: Gholdengo|Gholdengo, L50|100/100
|switch|p1b: Whimsicott|Whimsicott, L50, F|100/100
|switch|p2a: Kushala Daora|Corviknight, L50, F|100/100
|switch|p2b: Larinoth|Meganium, L50, F|100/100
|turn|1
|inactive|68gyubh hnn has 30 seconds left.
|inactive|sum1dum has 30 seconds left.
|
|t:|1784763166
|move|p1b: Whimsicott|Protect|p1b: Whimsicott
|-singleturn|p1b: Whimsicott|Protect
|move|p2b: Larinoth|Protect|p2b: Larinoth
|-singleturn|p2b: Larinoth|Protect
|move|p1a: Gholdengo|Nasty Plot|p1a: Gholdengo
|-boost|p1a: Gholdengo|spa|2
|move|p2a: Kushala Daora|Tailwind|p2a: Kushala Daora
|-sidestart|p2: sum1dum|move: Tailwind
|
|upkeep
|turn|2
|
|t:|1784763183
|move|p1b: Whimsicott|Encore|p2a: Kushala Daora
|-start|p2a: Kushala Daora|Encore
|move|p2b: Larinoth|Dazzling Gleam|p1b: Whimsicott|[spread] p1a,p1b
|-resisted|p1a: Gholdengo|1
|-damage|p1a: Gholdengo|92/100
|-damage|p1b: Whimsicott|72/100
|move|p2a: Kushala Daora|Tailwind||[still]
|-fail|p2a: Kushala Daora
|move|p1a: Gholdengo|Nasty Plot|p1a: Gholdengo
|-boost|p1a: Gholdengo|spa|2
|
|upkeep
|turn|3
|
|t:|1784763200
|switch|p2a: Nibelsnarf|Excadrill, L50, M|100/100
|move|p2b: Larinoth|Protect|p2b: Larinoth
|-singleturn|p2b: Larinoth|Protect
|move|p1b: Whimsicott|Tailwind|p1b: Whimsicott
|-sidestart|p1: 68gyubh hnn|move: Tailwind
|move|p1a: Gholdengo|Shadow Ball|p2b: Larinoth
|-activate|p2b: Larinoth|move: Protect
|
|upkeep
|turn|4
|inactive|68gyubh hnn has 30 seconds left.
|inactive|68gyubh hnn has 20 seconds left.
|inactive|68gyubh hnn has 15 seconds left.
|inactive|68gyubh hnn has 10 seconds left.
|
|t:|1784763245
|switch|p1b: Garchomp|Garchomp, L50, F|100/100
|switch|p2b: Diablos|Tyranitar, L50, F|100/100
|-weather|Sandstorm|[from] ability: Sand Stream|[of] p2b: Diablos
|move|p2a: Nibelsnarf|High Horsepower|p1a: Gholdengo
|-supereffective|p1a: Gholdengo|1
|-damage|p1a: Gholdengo|0 fnt
|faint|p1a: Gholdengo
|
|-weather|Sandstorm|[upkeep]
|-sideend|p2: sum1dum|move: Tailwind
|upkeep
|
|t:|1784763259
|switch|p1a: Raichu|Raichu, L50, M|100/100
|turn|5
|
|t:|1784763281
|detailschange|p1a: Raichu|Raichu-Mega-Y, L50, M
|-mega|p1a: Raichu|Raichu|Raichunite Y
|move|p2a: Nibelsnarf|Protect|p2a: Nibelsnarf
|-singleturn|p2a: Nibelsnarf|Protect
|move|p2b: Diablos|Protect|p2b: Diablos
|-singleturn|p2b: Diablos|Protect
|move|p1a: Raichu|Focus Blast|p2a: Nibelsnarf
|-activate|p2a: Nibelsnarf|move: Protect
|move|p1b: Garchomp|Stomping Tantrum|p2b: Diablos
|-activate|p2b: Diablos|move: Protect
|
|-weather|Sandstorm|[upkeep]
|-damage|p1a: Raichu|94/100|[from] Sandstorm
|upkeep
|turn|6
|inactive|68gyubh hnn has 30 seconds left.
|
|t:|1784763306
|switch|p2b: Kushala Daora|Corviknight, L50, F|100/100
|move|p1a: Raichu|Focus Blast|p2b: Kushala Daora
|-damage|p2b: Kushala Daora|52/100
|move|p1b: Garchomp|Rock Slide|p2b: Kushala Daora|[spread] p2a,p2b
|-resisted|p2a: Nibelsnarf|2
|-damage|p2a: Nibelsnarf|93/100
|-damage|p2b: Kushala Daora|40/100
|move|p2a: Nibelsnarf|High Horsepower|p1a: Raichu
|-supereffective|p1a: Raichu|1
|-damage|p1a: Raichu|0 fnt
|faint|p1a: Raichu
|
|-weather|Sandstorm|[upkeep]
|-heal|p2b: Kushala Daora|46/100|[from] item: Leftovers
|-sideend|p1: 68gyubh hnn|move: Tailwind
|upkeep
|-message|68gyubh hnn forfeited.
|
|win|sum1dum
|raw|68gyubh hnn's rating: 1000 → 1000(+0 for losing)
|raw|sum1dum's rating: 1106 → 1124(+18 for winning)
