|j|☆darknessloud
|j|‽Juaner95
|html|darknessloudJuaner95    
|uhtml|bestof|Game 1 of a best-of-3
|t:|1783240202
|gametype|doubles
|player|p1|darknessloud|acetrainer|1000
|player|p2|Juaner95|may-masters4|1077
|gen|9
|tier|[Gen 9 Champions] VGC 2026 Reg M-B (Bo3)
|rated|
|rule|Species Clause: Limit one of each Pokémon
|rule|Item Clause: Limit 1 of each item
|clearpoke
|poke|p1|Gengar, L50, M, shiny|
|poke|p1|Raichu, L50, F|
|poke|p1|Politoed, L50, M|
|poke|p1|Scizor, L50, M|
|poke|p1|Staraptor, L50, M|
|poke|p1|Basculegion, L50, M|
|poke|p2|Scovillain, L50, M|
|poke|p2|Basculegion, L50, M, shiny|
|poke|p2|Sylveon, L50, F, shiny|
|poke|p2|Garchomp, L50, M|
|poke|p2|Aerodactyl, L50, M|
|poke|p2|Kingambit, L50, M|
|teampreview|4
|showteam|p1|Gengar||ExpertBelt|CursedBody|Taunt,Haze,ShadowBall,SludgeBomb|Timid||M|||50|]Raichu||MentalHerb|LightningRod|Nuzzle,FakeOut,VoltSwitch,Protect|Adamant||F|||50|]Politoed||Leftovers|Drizzle|MuddyWater,PerishSong,Encore,HelpingHand|Serious||M|||50|]Scizor||Scizorite|Technician|KnockOff,Uturn,BulletPunch,Protect|Serious||M|||50|]Staraptor||SitrusBerry|Intimidate|CloseCombat,BraveBird,BlazeKick,Tailwind|Adamant||M|||50|]Basculegion||FocusSash|SwiftSwim|FlipTurn,AquaJet,LastRespects,PsychicFangs|Timid||M|||50|
|showteam|p2|Scovillain||Scovillainite|Moody|Overheat,LeechSeed,RagePowder,Protect|Calm||M|||50|]Basculegion||ChoiceScarf|Adaptability|WaveCrash,LastRespects,FlipTurn,AquaJet|Jolly||M|||50|]Sylveon||FairyFeather|Pixilate|HyperVoice,HyperBeam,QuickAttack,Detect|Modest||F|||50|]Garchomp||SitrusBerry|RoughSkin|Earthquake,DragonClaw,PoisonJab,Protect|Adamant||M|||50|]Aerodactyl||Aerodactylite|Unnerve|RockSlide,DualWingbeat,Tailwind,Protect|Jolly||M|||50|]Kingambit||FocusSash|Defiant|KowtowCleave,IronHead,LowKick,SuckerPunch|Adamant||M|||50|
|inactive|Battle timer is ON: inactive players will automatically lose when time's up. (requested by darknessloud)
|inactive|Juaner95 has 60 seconds left.
|
|t:|1783240352
|teamsize|p1|4
|teamsize|p2|4
|start
|switch|p1a: Raichu|Raichu, L50, F|100/100
|switch|p1b: Politoed|Politoed, L50, M|100/100
|switch|p2a: Aerodactyl|Aerodactyl, L50, M|100/100
|switch|p2b: Kingambit|Kingambit, L50, M|100/100
|-ability|p2a: Aerodactyl|Unnerve
|-weather|RainDance|[from] ability: Drizzle|[of] p1b: Politoed
|turn|1
|inactive|Juaner95 has 30 seconds left.
|inactive|Juaner95 has 20 seconds left.
|
|t:|1783240388
|move|p2a: Aerodactyl|Protect|p2a: Aerodactyl
|-singleturn|p2a: Aerodactyl|Protect
|move|p1a: Raichu|Fake Out|p2b: Kingambit
|-resisted|p2b: Kingambit|1
|-crit|p2b: Kingambit
|-damage|p2b: Kingambit|93/100
|cant|p2b: Kingambit|flinch
|move|p1b: Politoed|Muddy Water|p2a: Aerodactyl|[spread] p2b
|-activate|p2a: Aerodactyl|move: Protect
|-damage|p2b: Kingambit|47/100
|-unboost|p2b: Kingambit|accuracy|1
|-ability|p2b: Kingambit|Defiant|boost
|-boost|p2b: Kingambit|atk|2
|
|-weather|RainDance|[upkeep]
|upkeep
|turn|2
|inactive|Juaner95 has 30 seconds left.
|
|t:|1783240417
|detailschange|p2a: Aerodactyl|Aerodactyl-Mega, L50, M
|-mega|p2a: Aerodactyl|Aerodactyl|Aerodactylite
|move|p2a: Aerodactyl|Tailwind|p2a: Aerodactyl
|-sidestart|p2: Juaner95|move: Tailwind
|move|p2b: Kingambit|Kowtow Cleave|p1a: Raichu
|-damage|p1a: Raichu|0 fnt
|faint|p1a: Raichu
|move|p1b: Politoed|Muddy Water|p2b: Kingambit|[spread] p2a,p2b
|-supereffective|p2a: Aerodactyl|1
|-damage|p2a: Aerodactyl|21/100
|-damage|p2b: Kingambit|7/100
|-unboost|p2a: Aerodactyl|accuracy|1
|
|-weather|RainDance|[upkeep]
|upkeep
|
|t:|1783240432
|switch|p1a: Staraptor|Staraptor, L50, M|100/100
|-ability|p1a: Staraptor|Intimidate|boost
|-unboost|p2a: Aerodactyl|atk|1
|-unboost|p2b: Kingambit|atk|1
|-ability|p2b: Kingambit|Defiant|boost
|-boost|p2b: Kingambit|atk|2
|turn|3
|inactive|Juaner95 has 30 seconds left.
|inactive|Juaner95 has 20 seconds left.
|inactive|Juaner95 has 15 seconds left.
|
|t:|1783240475
|switch|p2a: Basculegion|Basculegion, L50, M, shiny|100/100
|move|p2b: Kingambit|Iron Head|p1a: Staraptor|[miss]
|-miss|p2b: Kingambit|p1a: Staraptor
|move|p1a: Staraptor|Tailwind|p1a: Staraptor
|-sidestart|p1: darknessloud|move: Tailwind
|move|p1b: Politoed|Muddy Water|p2b: Kingambit|[spread] p2a,p2b
|-resisted|p2a: Basculegion|1
|-damage|p2a: Basculegion|79/100
|-damage|p2b: Kingambit|0 fnt
|faint|p2b: Kingambit
|
|-weather|RainDance|[upkeep]
|upkeep
|
|t:|1783240486
|switch|p2b: Aerodactyl|Aerodactyl-Mega, L50, M|21/100
|turn|4
|
|t:|1783240495
|move|p2b: Aerodactyl|Rock Slide|p1a: Staraptor|[spread] p1a,p1b
|-supereffective|p1a: Staraptor|1
|-damage|p1a: Staraptor|38/100
|-damage|p1b: Politoed|69/100
|-enditem|p1a: Staraptor|Sitrus Berry|[eat]
|-heal|p1a: Staraptor|62/100|[from] item: Sitrus Berry
|move|p2a: Basculegion|Flip Turn|p1a: Staraptor
|-damage|p1a: Staraptor|0 fnt
|faint|p1a: Staraptor
|
|t:|1783240504
|switch|p2a: Garchomp|Garchomp, L50, M|100/100|[from] Flip Turn
|cant|p1b: Politoed|flinch
|
|-weather|RainDance|[upkeep]
|-heal|p1b: Politoed|75/100|[from] item: Leftovers
|upkeep
|
|t:|1783240507
|switch|p1a: Basculegion|Basculegion, L50, M|100/100
|turn|5
|inactive|Juaner95 has 30 seconds left.
|inactive|Juaner95 has 20 seconds left.
|inactive|Juaner95 has 15 seconds left.
|inactive|Juaner95 has 10 seconds left.
|
|t:|1783240556
|move|p2b: Aerodactyl|Protect|p2b: Aerodactyl
|-singleturn|p2b: Aerodactyl|Protect
|move|p1a: Basculegion|Flip Turn|p2b: Aerodactyl
|-activate|p2b: Aerodactyl|move: Protect
|move|p2a: Garchomp|Earthquake|p1a: Basculegion|[spread] p1a,p1b
|-activate|p2b: Aerodactyl|move: Protect
|-damage|p1a: Basculegion|48/100
|-damage|p1b: Politoed|33/100
|move|p1b: Politoed|Muddy Water|p2a: Garchomp|[spread] p2a
|-activate|p2b: Aerodactyl|move: Protect
|-damage|p2a: Garchomp|67/100
|
|-weather|none
|-heal|p1b: Politoed|39/100|[from] item: Leftovers
|-sideend|p2: Juaner95|move: Tailwind
|upkeep
|turn|6
|
|t:|1783240577
|move|p1a: Basculegion|Aqua Jet|p2b: Aerodactyl
|-supereffective|p2b: Aerodactyl|1
|-damage|p2b: Aerodactyl|0 fnt
|faint|p2b: Aerodactyl
|move|p1b: Politoed|Perish Song|p1b: Politoed
|-start|p1a: Basculegion|perish3|[silent]
|-start|p1b: Politoed|perish3|[silent]
|-start|p2a: Garchomp|perish3|[silent]
|-fieldactivate|move: Perish Song
|move|p2a: Garchomp|Earthquake|p1a: Basculegion|[spread] p1a,p1b
|-damage|p1a: Basculegion|1/100
|-damage|p1b: Politoed|0 fnt
|faint|p1b: Politoed
|
|-start|p1a: Basculegion|perish3
|-start|p2a: Garchomp|perish3
|-sideend|p1: darknessloud|move: Tailwind
|upkeep
|
|t:|1783240584
|switch|p2b: Basculegion|Basculegion, L50, M, shiny|79/100
|turn|7
|
|t:|1783240591
|move|p2b: Basculegion|Last Respects|p1a: Basculegion
|-supereffective|p1a: Basculegion|1
|-damage|p1a: Basculegion|0 fnt
|faint|p1a: Basculegion
|
|win|Juaner95
|l|☆darknessloud
|player|p1|
|inactive|darknessloud has 30 seconds to confirm battle start!
|inactive|Juaner95 has 30 seconds to confirm battle start!
