|j|☆DAVID867
|j|☆FERA kApset
|html|DAVID867FERA kApset    
|uhtml|bestof|Game 1 of a best-of-3
|t:|1783193191
|gametype|doubles
|player|p1|DAVID867|102|
|player|p2|FERA kApset|byron|
|gen|9
|tier|[Gen 9 Champions] VGC 2026 Reg M-B (Bo3)
|rule|Species Clause: Limit one of each Pokémon
|rule|Item Clause: Limit 1 of each item
|clearpoke
|poke|p1|Sylveon, L50, F|
|poke|p1|Aerodactyl, L50, M|
|poke|p1|Incineroar, L50, M|
|poke|p1|Chimecho, L50, M|
|poke|p1|Milotic, L50, F|
|poke|p1|Kommo-o, L50, M|
|poke|p2|Greninja, L50, F|
|poke|p2|Froslass, L50, F|
|poke|p2|Incineroar, L50, M|
|poke|p2|Mamoswine, L50, M|
|poke|p2|Whimsicott, L50, M|
|poke|p2|Goodra-Hisui, L50, F|
|teampreview|4
|showteam|p1|Sylveon||FairyFeather|Pixilate|HyperBeam,HyperVoice,CalmMind,Protect|Bold||F|||50|]Aerodactyl||Aerodactylite|Unnerve|RockSlide,DualWingbeat,Tailwind,Protect|Jolly||M|||50|]Incineroar||ChopleBerry|Intimidate|FlareBlitz,Taunt,FakeOut,PartingShot|Impish||M|||50|]Chimecho||Chimechite|Levitate|Psychic,FlashCannon,CalmMind,Protect|Modest||M|||50|]Milotic||SitrusBerry|Competitive|Scald,IcyWind,Coil,Recover|Calm||F|||50|]Kommo-o||Leftovers|Soundproof|ClangingScales,AuraSphere,ClangorousSoul,Protect|Modest||M|||50|
|showteam|p2|Greninja||ChoiceScarf|Protean|DarkPulse,Uturn,Surf,IcyWind|Modest||F|||50|]Froslass||Froslassite|CursedBody|Blizzard,ShadowBall,AuroraVeil,NastyPlot|Modest||F|||50|]Incineroar||SitrusBerry|Intimidate|FlareBlitz,ThroatChop,FakeOut,PartingShot|Impish||M|||50|]Mamoswine||LifeOrb|Oblivious|Earthquake,IcicleCrash,IceShard,Protect|Adamant||M|||50|]Whimsicott||FocusSash|Prankster|Moonblast,Tailwind,Encore,Taunt|Modest||M|||50|]Goodra-Hisui||Leftovers|Gooey|IronHead,DragonClaw,RockTomb,Protect|Adamant||F|||50|
|inactive|Battle timer is ON: inactive players will automatically lose when time's up. (requested by FERA kApset)
|inactive|DAVID867 has 60 seconds left.
|inactive|FERA kApset has 60 seconds left.
|inactive|DAVID867 has 30 seconds left.
|inactive|DAVID867 has 20 seconds left.
|inactive|DAVID867 has 15 seconds left.
|inactive|DAVID867 has 10 seconds left.
|inactive|DAVID867 has 5 seconds left.
|
|t:|1783193282
|teamsize|p1|4
|teamsize|p2|4
|start
|switch|p1a: Aerodactyl|Aerodactyl, L50, M|100/100
|switch|p1b: Kommo-o|Kommo-o, L50, M|100/100
|switch|p2a: Whimsicott|Whimsicott, L50, M|100/100
|switch|p2b: Goodra|Goodra-Hisui, L50, F|100/100
|-ability|p1a: Aerodactyl|Unnerve
|turn|1
|inactive|FERA kApset has 30 seconds left.
|
|t:|1783193316
|detailschange|p1a: Aerodactyl|Aerodactyl-Mega, L50, M
|-mega|p1a: Aerodactyl|Aerodactyl|Aerodactylite
|move|p1b: Kommo-o|Protect|p1b: Kommo-o
|-singleturn|p1b: Kommo-o|Protect
|move|p2a: Whimsicott|Tailwind|p2a: Whimsicott
|-sidestart|p2: FERA kApset|move: Tailwind
|move|p1a: Aerodactyl|Tailwind|p1a: Aerodactyl
|-sidestart|p1: DAVID867|move: Tailwind
|move|p2b: Goodra|Rock Tomb|p1a: Aerodactyl
|-supereffective|p1a: Aerodactyl|1
|-damage|p1a: Aerodactyl|49/100
|-unboost|p1a: Aerodactyl|spe|1
|
|upkeep
|turn|2
|
|t:|1783193334
|move|p2a: Whimsicott|Encore|p1a: Aerodactyl
|-start|p1a: Aerodactyl|Encore
|move|p1a: Aerodactyl|Tailwind||[still]
|-fail|p1a: Aerodactyl
|move|p1b: Kommo-o|Clangorous Soul|p1b: Kommo-o
|-boost|p1b: Kommo-o|atk|1
|-boost|p1b: Kommo-o|def|1
|-boost|p1b: Kommo-o|spa|1
|-boost|p1b: Kommo-o|spd|1
|-boost|p1b: Kommo-o|spe|1
|-damage|p1b: Kommo-o|67/100
|move|p2b: Goodra|Dragon Claw|p1b: Kommo-o
|-supereffective|p1b: Kommo-o|1
|-damage|p1b: Kommo-o|19/100
|
|-heal|p1b: Kommo-o|25/100|[from] item: Leftovers
|upkeep
|turn|3
|inactive|DAVID867 has 30 seconds left.
|
|t:|1783193365
|switch|p1a: Sylveon|Sylveon, L50, F|100/100
|move|p1b: Kommo-o|Protect|p1b: Kommo-o
|-singleturn|p1b: Kommo-o|Protect
|move|p2a: Whimsicott|Encore|p1b: Kommo-o
|-activate|p1b: Kommo-o|move: Protect
|move|p2b: Goodra|Iron Head|p1a: Sylveon
|-supereffective|p1a: Sylveon|1
|-damage|p1a: Sylveon|35/100
|
|-heal|p1b: Kommo-o|31/100|[from] item: Leftovers
|upkeep
|turn|4
|inactive|DAVID867 has 30 seconds left.
|
|t:|1783193391
|move|p2a: Whimsicott|Encore|p1b: Kommo-o
|-start|p1b: Kommo-o|Encore
|move|p1b: Kommo-o|Protect||[still]
|-fail|p1b: Kommo-o
|move|p1a: Sylveon|Hyper Voice|p2a: Whimsicott|[spread] p2a,p2b
|-damage|p2a: Whimsicott|40/100
|-damage|p2b: Goodra|71/100
|move|p2b: Goodra|Iron Head|p1a: Sylveon
|-supereffective|p1a: Sylveon|1
|-damage|p1a: Sylveon|0 fnt
|faint|p1a: Sylveon
|
|-heal|p1b: Kommo-o|37/100|[from] item: Leftovers
|-heal|p2b: Goodra|77/100|[from] item: Leftovers
|-sideend|p2: FERA kApset|move: Tailwind
|-sideend|p1: DAVID867|move: Tailwind
|upkeep
|
|t:|1783193404
|switch|p1a: Aerodactyl|Aerodactyl-Mega, L50, M|49/100
|turn|5
|
|t:|1783193413
|move|p1b: Kommo-o|Protect|p1b: Kommo-o
|-singleturn|p1b: Kommo-o|Protect
|move|p2a: Whimsicott|Taunt|p1a: Aerodactyl
|-start|p1a: Aerodactyl|move: Taunt
|cant|p1a: Aerodactyl|move: Taunt|Tailwind
|move|p2b: Goodra|Iron Head|p1a: Aerodactyl
|-supereffective|p1a: Aerodactyl|1
|-damage|p1a: Aerodactyl|0 fnt
|faint|p1a: Aerodactyl
|
|-heal|p1b: Kommo-o|43/100|[from] item: Leftovers
|-heal|p2b: Goodra|83/100|[from] item: Leftovers
|upkeep
|
|t:|1783193425
|switch|p1a: Milotic|Milotic, L50, F|100/100
|turn|6
|
|t:|1783193444
|move|p1b: Kommo-o|Protect|p1b: Kommo-o
|-singleturn|p1b: Kommo-o|Protect
|move|p2a: Whimsicott|Taunt|p1a: Milotic
|-start|p1a: Milotic|move: Taunt
|move|p1a: Milotic|Icy Wind|p2b: Goodra|[spread] p2a,p2b
|-supereffective|p2a: Whimsicott|1
|-damage|p2a: Whimsicott|7/100
|-damage|p2b: Goodra|76/100
|-unboost|p2a: Whimsicott|spe|1
|-unboost|p2b: Goodra|spe|1
|move|p2b: Goodra|Dragon Claw|p1b: Kommo-o
|-activate|p1b: Kommo-o|move: Protect
|
|-heal|p1b: Kommo-o|49/100|[from] item: Leftovers
|-heal|p2b: Goodra|82/100|[from] item: Leftovers
|-end|p1b: Kommo-o|Encore
|upkeep
|turn|7
|
|t:|1783193462
|move|p2a: Whimsicott|Encore|p1b: Kommo-o
|-start|p1b: Kommo-o|Encore
|move|p1b: Kommo-o|Protect||[still]
|-fail|p1b: Kommo-o
|move|p1a: Milotic|Icy Wind|p2a: Whimsicott|[spread] p2a,p2b
|-supereffective|p2a: Whimsicott|1
|-damage|p2a: Whimsicott|0 fnt
|-damage|p2b: Goodra|75/100
|-unboost|p2b: Goodra|spe|1
|faint|p2a: Whimsicott
|move|p2b: Goodra|Dragon Claw|p1b: Kommo-o
|-supereffective|p1b: Kommo-o|1
|-damage|p1b: Kommo-o|0 fnt
|faint|p1b: Kommo-o
|
|-heal|p2b: Goodra|81/100|[from] item: Leftovers
|upkeep
|-message|DAVID867 forfeited.
|
|win|FERA kApset
