|j|☆Oscarm92
|j|☆MarkTheMarker
|html|Oscarm92MarkTheMarker    
|uhtml|bestof|Game 1 of a best-of-3
|t:|1784151523
|gametype|doubles
|player|p1|Oscarm92|265|1329
|player|p2|MarkTheMarker|wallace|1358
|gen|9
|tier|[Gen 9 Champions] VGC 2026 Reg M-B (Bo3)
|rated|
|rule|Species Clause: Limit one of each Pokémon
|rule|Item Clause: Limit 1 of each item
|clearpoke
|poke|p1|Charizard, L50, M, shiny|
|poke|p1|Aerodactyl, L50, M|
|poke|p1|Garchomp, L50, F, shiny|
|poke|p1|Kingambit, L50, M|
|poke|p1|Sylveon, L50, F|
|poke|p1|Farigiraf, L50, F|
|poke|p2|Grimmsnarl, L50, M|
|poke|p2|Kingambit, L50, F|
|poke|p2|Venusaur, L50, M|
|poke|p2|Garchomp, L50, M|
|poke|p2|Charizard, L50, F|
|poke|p2|Sylveon, L50, M|
|teampreview|4
|showteam|p1|Charizard||CharizarditeY|Blaze|HeatWave,WeatherBall,SolarBeam,Protect|Modest||M|||50|]Aerodactyl||Aerodactylite|Unnerve|IceFang,RockSlide,Tailwind,DualWingbeat|Jolly||M|||50|]Garchomp||LifeOrb|RoughSkin|DragonClaw,StompingTantrum,Earthquake,Protect|Jolly||F|||50|]Kingambit||FocusSash|Defiant|SuckerPunch,KowtowCleave,IronHead,LowKick|Adamant||M|||50|]Sylveon||FairyFeather|Pixilate|QuickAttack,HyperVoice,HyperBeam,Protect|Modest||F|||50|]Farigiraf||SitrusBerry|ArmorTail|TrickRoom,Thunderbolt,Roar,Psychic|Bold||F|||50|
|showteam|p2|Grimmsnarl||LightClay|Prankster|SpiritBreak,PartingShot,LightScreen,Reflect|Careful||M|||50|]Kingambit||BlackGlasses|Defiant|KowtowCleave,SuckerPunch,SwordsDance,Protect|Adamant||F|||50|]Venusaur||Venusaurite|Chlorophyll|GigaDrain,SludgeBomb,EarthPower,Protect|Modest||M|||50|]Garchomp||LifeOrb|RoughSkin|StompingTantrum,RockSlide,DragonClaw,Protect|Adamant||M|||50|]Charizard||CharizarditeY|Blaze|HeatWave,WeatherBall,SolarBeam,Protect|Modest||F|||50|]Sylveon||FairyFeather|Pixilate|HyperVoice,HyperBeam,QuickAttack,Protect|Modest||M|||50|
|inactive|Battle timer is ON: inactive players will automatically lose when time's up. (requested by MarkTheMarker)
|inactive|Oscarm92 has 60 seconds left.
|inactive|MarkTheMarker has 60 seconds left.
|inactive|Oscarm92 has 30 seconds left.
|inactive|Oscarm92 has 20 seconds left.
|inactive|Oscarm92 has 15 seconds left.
|inactive|Oscarm92 has 10 seconds left.
|
|t:|1784151608
|teamsize|p1|4
|teamsize|p2|4
|start
|switch|p1a: Charizard|Charizard, L50, M, shiny|100/100
|switch|p1b: Sylveon|Sylveon, L50, F|100/100
|switch|p2a: Grimmsnarl|Grimmsnarl, L50, M|100/100
|switch|p2b: Venusaur|Venusaur, L50, M|100/100
|turn|1
|inactive|MarkTheMarker has 30 seconds left.
|inactive|MarkTheMarker has 20 seconds left.
|
|t:|1784151646
|detailschange|p2b: Venusaur|Venusaur-Mega, L50, M
|-mega|p2b: Venusaur|Venusaur|Venusaurite
|move|p2a: Grimmsnarl|Light Screen|p2a: Grimmsnarl
|-sidestart|p2: MarkTheMarker|move: Light Screen
|move|p1a: Charizard|Heat Wave|p2a: Grimmsnarl|[spread] p2a,p2b
|-supereffective|p2b: Venusaur|1
|-crit|p2b: Venusaur
|-damage|p2a: Grimmsnarl|82/100
|-damage|p2b: Venusaur|67/100
|move|p2b: Venusaur|Sludge Bomb|p1b: Sylveon
|-supereffective|p1b: Sylveon|1
|-damage|p1b: Sylveon|18/100
|-status|p1b: Sylveon|psn
|move|p1b: Sylveon|Hyper Voice|p2a: Grimmsnarl|[spread] p2a,p2b
|-supereffective|p2a: Grimmsnarl|1
|-resisted|p2b: Venusaur|1
|-damage|p2a: Grimmsnarl|24/100
|-damage|p2b: Venusaur|54/100
|
|-damage|p1b: Sylveon|6/100 psn|[from] psn
|upkeep
|turn|2
|inactive|Oscarm92 has 30 seconds left.
|
|t:|1784151676
|detailschange|p1a: Charizard|Charizard-Mega-Y, L50, M, shiny
|-mega|p1a: Charizard|Charizard|Charizardite Y
|-weather|SunnyDay|[from] ability: Drought|[of] p1a: Charizard
|move|p2b: Venusaur|Protect|p2b: Venusaur
|-singleturn|p2b: Venusaur|Protect
|move|p1b: Sylveon|Quick Attack|p2a: Grimmsnarl
|-supereffective|p2a: Grimmsnarl|1
|-damage|p2a: Grimmsnarl|0 fnt
|faint|p2a: Grimmsnarl
|move|p1a: Charizard|Heat Wave|p2b: Venusaur
|-activate|p2b: Venusaur|move: Protect
|
|-weather|SunnyDay|[upkeep]
|-damage|p1b: Sylveon|0 fnt|[from] psn
|faint|p1b: Sylveon
|upkeep
|
|t:|1784151695
|switch|p1b: Farigiraf|Farigiraf, L50, F|100/100
|switch|p2a: Garchomp|Garchomp, L50, M|100/100
|turn|3
|inactive|Oscarm92 has 30 seconds left.
|
|t:|1784151720
|move|p1a: Charizard|Protect|p1a: Charizard
|-singleturn|p1a: Charizard|Protect
|move|p2a: Garchomp|Rock Slide|p1b: Farigiraf|[spread] p1b
|-activate|p1a: Charizard|move: Protect
|-damage|p1b: Farigiraf|78/100
|-damage|p2a: Garchomp|90/100|[from] item: Life Orb
|move|p2b: Venusaur|Giga Drain|p1b: Farigiraf
|-damage|p1b: Farigiraf|38/100
|-heal|p2b: Venusaur|78/100|[from] drain|[of] p1b: Farigiraf
|-enditem|p1b: Farigiraf|Sitrus Berry|[eat]
|-heal|p1b: Farigiraf|63/100|[from] item: Sitrus Berry
|move|p1b: Farigiraf|Psychic|p2b: Venusaur
|-supereffective|p2b: Venusaur|1
|-damage|p2b: Venusaur|38/100
|
|-weather|SunnyDay|[upkeep]
|upkeep
|turn|4
|
|t:|1784151743
|move|p1a: Charizard|Weather Ball|p2a: Garchomp
|-resisted|p2a: Garchomp|1
|-damage|p2a: Garchomp|61/100
|move|p2a: Garchomp|Rock Slide|p1b: Farigiraf|[spread] p1a,p1b
|-supereffective|p1a: Charizard|2
|-damage|p1a: Charizard|0 fnt
|-damage|p1b: Farigiraf|40/100
|faint|p1a: Charizard
|-damage|p2a: Garchomp|51/100|[from] item: Life Orb
|move|p2b: Venusaur|Giga Drain|p1b: Farigiraf
|-damage|p1b: Farigiraf|3/100
|-heal|p2b: Venusaur|61/100|[from] drain|[of] p1b: Farigiraf
|move|p1b: Farigiraf|Psychic|p2a: Garchomp
|-damage|p2a: Garchomp|28/100
|
|-weather|SunnyDay|[upkeep]
|upkeep
|
|t:|1784151747
|switch|p1a: Garchomp|Garchomp, L50, F, shiny|100/100
|turn|5
|inactive|Oscarm92 has 30 seconds left.
|inactive|Oscarm92 has 20 seconds left.
|inactive|Oscarm92 has 15 seconds left.
|inactive|Oscarm92 has 10 seconds left.
|
|t:|1784151794
|move|p2a: Garchomp|Protect|p2a: Garchomp
|-singleturn|p2a: Garchomp|Protect
|move|p2b: Venusaur|Protect|p2b: Venusaur
|-singleturn|p2b: Venusaur|Protect
|move|p1a: Garchomp|Earthquake|p2b: Venusaur|[spread] p1b
|-activate|p2a: Garchomp|move: Protect
|-activate|p2b: Venusaur|move: Protect
|-crit|p1b: Farigiraf
|-damage|p1b: Farigiraf|0 fnt
|faint|p1b: Farigiraf
|-damage|p1a: Garchomp|90/100|[from] item: Life Orb
|
|-weather|SunnyDay|[upkeep]
|upkeep
|turn|6
|
|t:|1784151806
|move|p1a: Garchomp|Earthquake|p2b: Venusaur|[spread] p2a,p2b
|-damage|p2a: Garchomp|0 fnt
|-damage|p2b: Venusaur|22/100
|faint|p2a: Garchomp
|-damage|p1a: Garchomp|80/100|[from] item: Life Orb
|move|p2b: Venusaur|Giga Drain|p1a: Garchomp
|-damage|p1a: Garchomp|37/100
|-heal|p2b: Venusaur|44/100|[from] drain|[of] p1a: Garchomp
|
|-weather|none
|upkeep
|
|t:|1784151809
|switch|p2a: Kingambit|Kingambit, L50, F|100/100
|turn|7
|
|t:|1784151815
|move|p2a: Kingambit|Sucker Punch|p1a: Garchomp
|-damage|p1a: Garchomp|0 fnt
|-damage|p2a: Kingambit|87/100|[from] ability: Rough Skin|[of] p1a: Garchomp
|faint|p1a: Garchomp
|
|win|MarkTheMarker
||MarkTheMarker is ready for game 2.
|inactive|Oscarm92 has 30 seconds to confirm battle start!
||Oscarm92 is ready for game 2.
|uhtml|next|Next: Game 2 of 3
|l|☆MarkTheMarker
|player|p2|
