|j|☆Sincubii
|j|☆WASHINGTONGARGACHA
|html|SincubiiWASHINGTONGARGACHA    
|uhtml|bestof|Game 3 of a best-of-3
|t:|1756677633
|gametype|doubles
|player|p1|Sincubii|palmer|1067
|player|p2|WASHINGTONGARGACHA|2|1067
|gen|9
|tier|[Gen 9] VGC 2025 Reg H (Bo3)
|rated|
|rule|Species Clause: Limit one of each Pokémon
|rule|Item Clause: Limit 1 of each item
|clearpoke
|poke|p1|Weavile, L50, F|
|poke|p1|Rillaboom, L50, F|
|poke|p1|Magnezone, L50|
|poke|p1|Dragonite, L50, M|
|poke|p1|Infernape, L50, M|
|poke|p1|Primarina, L50, M|
|poke|p2|Gholdengo, L50|
|poke|p2|Ursaluna, L50, M|
|poke|p2|Archaludon, L50, M|
|poke|p2|Murkrow, L50, F|
|poke|p2|Farigiraf, L50, M|
|poke|p2|Sneasler, L50, M|
|teampreview|4
|showteam|p1|Weavile||FocusSash|Pressure|IceSpinner,FakeOut,KnockOff,Taunt|||F|||50|,,,,,Ghost]Rillaboom||MiracleSeed|GrassySurge|FakeOut,GrassyGlide,WoodHammer,Protect|||F|||50|,,,,,Grass]Magnezone||ChoiceScarf|Sturdy|VoltSwitch,Electroweb,Thunderbolt,FlashCannon||||||50|,,,,,Electric]Dragonite||LoadedDice|Multiscale|Protect,ScaleShot,Tailwind,Haze|||M|||50|,,,,,Fairy]Infernape||LifeOrb|Blaze|HeatWave,Protect,AuraSphere,ScorchingSands|||M|||50|,,,,,Stellar]Primarina||ThroatSpray|LiquidVoice|HyperVoice,Moonblast,Protect,CalmMind|||M|||50|,,,,,Grass
|showteam|p2|Gholdengo||LifeOrb|GoodasGold|ShadowBall,MakeItRain,NastyPlot,Protect||||||50|,,,,,Water]Ursaluna||FlameOrb|Guts|Facade,Earthquake,Protect,HeadlongRush|||M|||50|,,,,,Ghost]Archaludon||PowerHerb|Sturdy|ElectroShot,FlashCannon,DracoMeteor,Protect|||M|||50|,,,,,Grass]Murkrow||Eviolite|Prankster|Tailwind,RainDance,FoulPlay,Haze|||F|||50|,,,,,Dark]Farigiraf||ThroatSpray|ArmorTail|HyperVoice,TrickRoom,Psychic,Protect|||M|||50|,,,,,Fairy]Sneasler||WhiteHerb|Unburden|DireClaw,CloseCombat,Protect,Acrobatics|||M|||50|,,,,,Flying
|
|t:|1756677660
|teamsize|p1|4
|teamsize|p2|4
|start
|switch|p1a: Mr. Cool|Weavile, L50, F|100/100
|switch|p1b: Big Boss|Dragonite, L50, M, shiny|100/100
|switch|p2a: Ursaluna|Ursaluna, L50, M|100/100
|switch|p2b: Farigiraf|Farigiraf, L50, M|100/100
|-ability|p1a: Mr. Cool|Pressure
|turn|1
|
|t:|1756677680
|move|p2b: Farigiraf|Protect|p2b: Farigiraf
|-singleturn|p2b: Farigiraf|Protect
|move|p1a: Mr. Cool|Taunt|p2b: Farigiraf
|-activate|p2b: Farigiraf|move: Protect
|move|p1b: Big Boss|Scale Shot|p2a: Ursaluna
|-damage|p2a: Ursaluna|90/100
|-damage|p2a: Ursaluna|79/100
|-damage|p2a: Ursaluna|67/100
|-damage|p2a: Ursaluna|54/100
|-hitcount|p2a: Ursaluna|4
|-unboost|p1b: Big Boss|def|1
|-boost|p1b: Big Boss|spe|1
|move|p2a: Ursaluna|Earthquake|p1a: Mr. Cool|[spread] p1a
|-activate|p2b: Farigiraf|move: Protect
|-immune|p1b: Big Boss
|-damage|p1a: Mr. Cool|24/100
|
|-status|p2a: Ursaluna|brn|[from] item: Flame Orb
|upkeep
|turn|2
|
|t:|1756677723
|-terastallize|p2b: Farigiraf|Fairy
|move|p1b: Big Boss|Protect|p1b: Big Boss
|-singleturn|p1b: Big Boss|Protect
|move|p2a: Ursaluna|Protect|p2a: Ursaluna
|-singleturn|p2a: Ursaluna|Protect
|move|p1a: Mr. Cool|Taunt|p2b: Farigiraf
|-start|p2b: Farigiraf|move: Taunt
|move|p2b: Farigiraf|Hyper Voice|p1b: Big Boss|[spread] p1a
|-activate|p1b: Big Boss|move: Protect
|-damage|p1a: Mr. Cool|0 fnt
|faint|p1a: Mr. Cool
|-enditem|p2b: Farigiraf|Throat Spray
|-boost|p2b: Farigiraf|spa|1|[from] item: Throat Spray
|
|-damage|p2a: Ursaluna|48/100 brn|[from] brn
|upkeep
|
|t:|1756677733
|switch|p1a: Mr. Electro|Magnezone, L50|100/100
|turn|3
|
|t:|1756677751
|switch|p2a: Archaludon|Archaludon, L50, M|100/100
|switch|p2b: Sneasler|Sneasler, L50, M|100/100
|move|p1a: Mr. Electro|Flash Cannon|p2b: Sneasler
|-damage|p2b: Sneasler|44/100
|move|p1b: Big Boss|Scale Shot|p2a: Archaludon
|-damage|p2a: Archaludon|87/100
|-damage|p2a: Archaludon|74/100
|-damage|p2a: Archaludon|60/100
|-damage|p2a: Archaludon|47/100
|-hitcount|p2a: Archaludon|4
|-unboost|p1b: Big Boss|def|1
|-boost|p1b: Big Boss|spe|1
|
|upkeep
|turn|4
|
|t:|1756677790
|switch|p2a: Farigiraf|Farigiraf, L50, M, tera:Fairy|100/100
|-terastallize|p1b: Big Boss|Fairy
|move|p2b: Sneasler|Protect|p2b: Sneasler
|-singleturn|p2b: Sneasler|Protect
|move|p1b: Big Boss|Scale Shot|p2a: Farigiraf
|-immune|p2a: Farigiraf
|move|p1a: Mr. Electro|Flash Cannon|p2b: Sneasler
|-activate|p2b: Sneasler|move: Protect
|
|upkeep
|turn|5
|
|t:|1756677817
|move|p1b: Big Boss|Scale Shot|p2b: Sneasler
|-damage|p2b: Sneasler|15/100
|-damage|p2b: Sneasler|0 fnt
|faint|p2b: Sneasler
|-hitcount|p2: Sneasler|2
|-unboost|p1b: Big Boss|def|1
|-boost|p1b: Big Boss|spe|1
|move|p1a: Mr. Electro|Flash Cannon|p2a: Farigiraf
|-supereffective|p2a: Farigiraf
|-damage|p2a: Farigiraf|39/100
|move|p2a: Farigiraf|Trick Room|p2a: Farigiraf
|-fieldstart|move: Trick Room|[of] p2a: Farigiraf
|
|upkeep
|
|t:|1756677828
|switch|p2b: Ursaluna|Ursaluna, L50, M|48/100 brn
|turn|6
|inactive|Battle timer is ON: inactive players will automatically lose when time's up. (requested by Sincubii)
|
|t:|1756677864
|move|p2b: Ursaluna|Protect|p2b: Ursaluna
|-singleturn|p2b: Ursaluna|Protect
|move|p1b: Big Boss|Protect|p1b: Big Boss
|-singleturn|p1b: Big Boss|Protect
|move|p2a: Farigiraf|Hyper Voice|p1a: Mr. Electro|[spread] p1a
|-activate|p1b: Big Boss|move: Protect
|-resisted|p1a: Mr. Electro
|-damage|p1a: Mr. Electro|81/100
|move|p1a: Mr. Electro|Flash Cannon|p2b: Ursaluna
|-activate|p2b: Ursaluna|move: Protect
|
|-damage|p2b: Ursaluna|42/100 brn|[from] brn
|upkeep
|turn|7
|
|t:|1756677883
|move|p2a: Farigiraf|Protect|p2a: Farigiraf
|-singleturn|p2a: Farigiraf|Protect
|move|p2b: Ursaluna|Earthquake|p1a: Mr. Electro|[spread] p1a,p1b
|-activate|p2a: Farigiraf|move: Protect
|-supereffective|p1a: Mr. Electro
|-damage|p1a: Mr. Electro|0 fnt
|-damage|p1b: Big Boss|15/100
|faint|p1a: Mr. Electro
|move|p1b: Big Boss|Scale Shot|p2b: Ursaluna
|-damage|p2b: Ursaluna|30/100 brn
|-damage|p2b: Ursaluna|18/100 brn
|-damage|p2b: Ursaluna|7/100 brn
|-damage|p2b: Ursaluna|0 fnt
|faint|p2b: Ursaluna
|-hitcount|p2: Ursaluna|4
|-unboost|p1b: Big Boss|def|1
|-boost|p1b: Big Boss|spe|1
|
|upkeep
|
|t:|1756677898
|switch|p2b: Archaludon|Archaludon, L50, M|47/100
|switch|p1a: Furnace God|Infernape, L50, M|100/100
|turn|8
|
|t:|1756677910
|move|p1a: Furnace God|Protect|p1a: Furnace God
|-singleturn|p1a: Furnace God|Protect
|move|p1b: Big Boss|Protect|p1b: Big Boss
|-singleturn|p1b: Big Boss|Protect
|move|p2a: Farigiraf|Hyper Voice|p1a: Furnace God|[spread] 
|-activate|p1a: Furnace God|move: Protect
|-activate|p1b: Big Boss|move: Protect
|move|p2b: Archaludon|Electro Shot||[still]
|-prepare|p2b: Archaludon|Electro Shot
|-boost|p2b: Archaludon|spa|1
|-enditem|p2b: Archaludon|Power Herb
|-anim|p2b: Archaludon|Electro Shot|p1a: Furnace God
|-activate|p1a: Furnace God|move: Protect
|
|upkeep
|turn|9
|
|t:|1756677929
|move|p1a: Furnace God|Protect||[still]
|-fail|p1a: Furnace God
|move|p2a: Farigiraf|Hyper Voice|p1a: Furnace God|[spread] p1a,p1b
|-damage|p1a: Furnace God|57/100
|-damage|p1b: Big Boss|0 fnt
|faint|p1b: Big Boss
|move|p2b: Archaludon|Draco Meteor|p1a: Furnace God
|-damage|p1a: Furnace God|0 fnt
|-unboost|p2b: Archaludon|spa|2
|faint|p1a: Furnace God
|
|win|WASHINGTONGARGACHA
|raw|Sincubii's rating: 1067 → 1047(-20 for losing)
|raw|WASHINGTONGARGACHA's rating: 1067 → 1097(+30 for winning)
