|j|☆decidueye labs
|j|☆Suiiroha
|html|decidueye labsSuiiroha    
|uhtml|bestof|Game 1 of a best-of-3
|t:|1786066355
|gametype|doubles
|player|p1|decidueye labs|102|1049
|player|p2|Suiiroha|miku-flying|1040
|gen|9
|tier|[Gen 9 Champions] VGC 2026 Reg M-B (Bo3)
|rated|
|rule|Species Clause: Limit one of each Pokémon
|rule|Item Clause: Limit 1 of each item
|clearpoke
|poke|p1|Vileplume, L50, M|
|poke|p1|Gholdengo, L50|
|poke|p1|Whimsicott, L50, F|
|poke|p1|Farigiraf, L50, F|
|poke|p1|Charizard, L50, F|
|poke|p1|Torkoal, L50, F|
|poke|p2|Swampert, L50, F|
|poke|p2|Pelipper, L50, F|
|poke|p2|Archaludon, L50, F|
|poke|p2|Basculegion, L50, M|
|poke|p2|Mawile, L50, F|
|poke|p2|Sinistcha-Masterpiece, L50|
|teampreview|4
|showteam|p1|Vileplume||FocusSash|Chlorophyll|SolarBeam,AfterYou,SleepPowder,SludgeBomb|Timid||M|||50|]Gholdengo||LifeOrb|GoodasGold|MakeItRain,Protect,NastyPlot,ShadowBall|Modest|||||50|]Whimsicott||FairyFeather|Prankster|Moonblast,Tailwind,Protect,Encore|Timid||F|||50|]Farigiraf||ColburBerry|ArmorTail|HelpingHand,HyperVoice,TwinBeam,TrickRoom|Quiet||F|||50|]Charizard||CharizarditeY|SolarPower|SolarBeam,HeatWave,Protect,WeatherBall|Timid||F|||50|]Torkoal||Charcoal|Drought|HelpingHand,Eruption,Protect,EarthPower|Modest||F|||50|
|showteam|p2|Swampert||Swampertite|Torrent|WaveCrash,Protect,HighHorsepower,FlipTurn|Adamant||F|||50|]Pelipper||FocusSash|Drizzle|Hurricane,MuddyWater,Protect,Tailwind|Timid||F|||50|]Archaludon||Leftovers|Stamina|ElectroShot,Protect,DragonPulse,FlashCannon|Modest||F|||50|]Basculegion||ChoiceScarf|Adaptability|FlipTurn,AquaJet,LastRespects,WaveCrash|Jolly||M|||50|]Mawile||Mawilite|Intimidate|PlayRough,IronHead,Protect,SuckerPunch|Brave||F|||50|]Sinistcha-Masterpiece||SitrusBerry|Hospitality|MatchaGotcha,Protect,LifeDew,TrickRoom|Sassy|||||50|
|inactive|Battle timer is ON: inactive players will automatically lose when time's up. (requested by decidueye labs)
|inactive|Suiiroha has 60 seconds left.
|
|t:|1786066393
|teamsize|p1|4
|teamsize|p2|4
|start
|switch|p1a: Whimsicott|Whimsicott, L50, F|100/100
|switch|p1b: Charizard|Charizard, L50, F|100/100
|switch|p2a: RiceShower|Basculegion, L50, M|100/100
|switch|p2b: DaiwaScarlet|Swampert, L50, F|100/100
|turn|1
|inactive|decidueye labs has 30 seconds left.
|inactive|Suiiroha has 30 seconds left.
|
|t:|1786066427
|detailschange|p1b: Charizard|Charizard-Mega-Y, L50, F
|-mega|p1b: Charizard|Charizard|Charizardite Y
|-weather|SunnyDay|[from] ability: Drought|[of] p1b: Charizard
|detailschange|p2b: DaiwaScarlet|Swampert-Mega, L50, F
|-mega|p2b: DaiwaScarlet|Swampert|Swampertite
|move|p1b: Charizard|Protect|p1b: Charizard
|-singleturn|p1b: Charizard|Protect
|move|p1a: Whimsicott|Tailwind|p1a: Whimsicott
|-sidestart|p1: decidueye labs|move: Tailwind
|move|p2a: RiceShower|Flip Turn|p1a: Whimsicott
|-resisted|p1a: Whimsicott|1
|-damage|p1a: Whimsicott|86/100
|
|t:|1786066439
|switch|p2a: Ogurin|Archaludon, L50, F|100/100|[from] Flip Turn
|move|p2b: DaiwaScarlet|Flip Turn|p1a: Whimsicott
|-resisted|p1a: Whimsicott|1
|-damage|p1a: Whimsicott|71/100
|
|t:|1786066446
|switch|p2b: Juvia|Pelipper, L50, F|100/100|[from] Flip Turn
|-weather|RainDance|[from] ability: Drizzle|[of] p2b: Juvia
|
|-weather|RainDance|[upkeep]
|upkeep
|turn|2
|inactive|decidueye labs has 30 seconds left.
|inactive|decidueye labs has 20 seconds left.
|inactive|decidueye labs has 15 seconds left.
|
|t:|1786066486
|switch|p1a: Torkoal|Torkoal, L50, F|100/100
|-weather|SunnyDay|[from] ability: Drought|[of] p1a: Torkoal
|switch|p2b: DaiwaScarlet|Swampert-Mega, L50, F|100/100
|switch|p2a: RiceShower|Basculegion, L50, M|100/100
|move|p1b: Charizard|Weather Ball|p2a: RiceShower
|-resisted|p2a: RiceShower|1
|-damage|p2a: RiceShower|46/100
|
|-weather|SunnyDay|[upkeep]
|upkeep
|turn|3
|inactive|decidueye labs has 30 seconds left.
|inactive|Suiiroha has 30 seconds left.
|
|t:|1786066513
|switch|p2a: Juvia|Pelipper, L50, F|100/100
|-weather|RainDance|[from] ability: Drizzle|[of] p2a: Juvia
|switch|p1a: Whimsicott|Whimsicott, L50, F|71/100
|move|p1b: Charizard|Solar Beam||[still]
|-prepare|p1b: Charizard|Solar Beam
|move|p2b: DaiwaScarlet|Wave Crash|p1a: Whimsicott
|-resisted|p1a: Whimsicott|1
|-damage|p1a: Whimsicott|0 fnt
|faint|p1a: Whimsicott
|-damage|p2b: DaiwaScarlet|81/100|[from] Recoil
|
|-weather|RainDance|[upkeep]
|upkeep
|
|t:|1786066534
|switch|p1a: Torkoal|Torkoal, L50, F|100/100
|-weather|SunnyDay|[from] ability: Drought|[of] p1a: Torkoal
|turn|4
|
|t:|1786066545
|switch|p2b: Ogurin|Archaludon, L50, F|100/100
|switch|p1a: Vileplume|Vileplume, L50, M|100/100
|move|p1b: Charizard|Solar Beam|p2b: Ogurin|[from] lockedmove
|-resisted|p2b: Ogurin|2
|-damage|p2b: Ogurin|88/100
|-ability|p2b: Ogurin|Stamina|boost
|-boost|p2b: Ogurin|def|1
|move|p2a: Juvia|Tailwind|p2a: Juvia
|-sidestart|p2: Suiiroha|move: Tailwind
|
|-weather|SunnyDay|[upkeep]
|-heal|p2b: Ogurin|94/100|[from] item: Leftovers
|-sideend|p1: decidueye labs|move: Tailwind
|upkeep
|turn|5
|inactive|decidueye labs has 30 seconds left.
|inactive|Suiiroha has 30 seconds left.
|
|t:|1786066577
|switch|p2a: RiceShower|Basculegion, L50, M|46/100
|move|p2b: Ogurin|Protect|p2b: Ogurin
|-singleturn|p2b: Ogurin|Protect
|move|p1a: Vileplume|After You|p1b: Charizard
|-activate|p1b: Charizard|move: After You
|move|p1b: Charizard|Heat Wave|p2b: Ogurin|[spread] p2a
|-activate|p2b: Ogurin|move: Protect
|-resisted|p2a: RiceShower|1
|-damage|p2a: RiceShower|8/100
|
|-weather|SunnyDay|[upkeep]
|-heal|p2b: Ogurin|100/100|[from] item: Leftovers
|upkeep
|turn|6
|inactive|decidueye labs has 30 seconds left.
|
|t:|1786066610
|move|p1b: Charizard|Protect|p1b: Charizard
|-singleturn|p1b: Charizard|Protect
|move|p2a: RiceShower|Flip Turn|p1a: Vileplume
|-resisted|p1a: Vileplume|1
|-damage|p1a: Vileplume|88/100
|
|t:|1786066617
|switch|p2a: Juvia|Pelipper, L50, F|100/100|[from] Flip Turn
|-weather|RainDance|[from] ability: Drizzle|[of] p2a: Juvia
|move|p2b: Ogurin|Electro Shot||[still]
|-prepare|p2b: Ogurin|Electro Shot
|-boost|p2b: Ogurin|spa|1
|-anim|p2b: Ogurin|Electro Shot|p1b: Charizard
|-activate|p1b: Charizard|move: Protect
|move|p1a: Vileplume|Sludge Bomb|p2a: Juvia
|-damage|p2a: Juvia|33/100
|
|-weather|RainDance|[upkeep]
|upkeep
|turn|7
|
|t:|1786066640
|switch|p2a: RiceShower|Basculegion, L50, M|8/100
|switch|p1a: Torkoal|Torkoal, L50, F|100/100
|-weather|SunnyDay|[from] ability: Drought|[of] p1a: Torkoal
|move|p2b: Ogurin|Dragon Pulse|p1a: Torkoal
|-damage|p1a: Torkoal|24/100
|move|p1b: Charizard|Heat Wave|p2a: RiceShower|[spread] p2b
|-miss|p1b: Charizard|p2a: RiceShower
|-damage|p2b: Ogurin|30/100
|-ability|p2b: Ogurin|Stamina|boost
|-boost|p2b: Ogurin|def|1
|
|-weather|SunnyDay|[upkeep]
|-heal|p2b: Ogurin|37/100|[from] item: Leftovers
|-sideend|p2: Suiiroha|move: Tailwind
|upkeep
|turn|8
|
|t:|1786066665
|move|p1a: Torkoal|Helping Hand|p1b: Charizard
|-singleturn|p1b: Charizard|Helping Hand|[of] p1a: Torkoal
|move|p2a: RiceShower|Flip Turn|p1a: Torkoal
|-supereffective|p1a: Torkoal|1
|-damage|p1a: Torkoal|0 fnt
|faint|p1a: Torkoal
|
|t:|1786066670
|switch|p2a: Juvia|Pelipper, L50, F|33/100|[from] Flip Turn
|-weather|RainDance|[from] ability: Drizzle|[of] p2a: Juvia
|move|p1b: Charizard|Heat Wave|p2b: Ogurin|[spread] p2a
|-miss|p1b: Charizard|p2b: Ogurin
|-resisted|p2a: Juvia|1
|-damage|p2a: Juvia|11/100
|move|p2b: Ogurin|Electro Shot||[still]
|-prepare|p2b: Ogurin|Electro Shot
|-boost|p2b: Ogurin|spa|1
|-anim|p2b: Ogurin|Electro Shot|p1b: Charizard
|-supereffective|p1b: Charizard|1
|-crit|p1b: Charizard
|-damage|p1b: Charizard|0 fnt
|faint|p1b: Charizard
|
|-weather|RainDance|[upkeep]
|-heal|p2b: Ogurin|43/100|[from] item: Leftovers
|upkeep
|
|t:|1786066695
|switch|p1b: Vileplume|Vileplume, L50, M|88/100
|turn|9
|-message|decidueye labs forfeited.
|
|win|Suiiroha
