|j|☆wennoboi
|j|☆Karlye
|html|wennoboiKarlye    
|uhtml|bestof|Game 2 of a best-of-3
|t:|1757673920
|gametype|doubles
|player|p1|wennoboi|blue|1060
|player|p2|Karlye|hilbert|1121
|gen|9
|tier|[Gen 9] VGC 2025 Reg H (Bo3)
|rated|
|rule|Species Clause: Limit one of each Pokémon
|rule|Item Clause: Limit 1 of each item
|clearpoke
|poke|p1|Porygon2, L50|
|poke|p1|Sneasler, L50, M|
|poke|p1|Gholdengo, L50|
|poke|p1|Amoonguss, L50, M|
|poke|p1|Garchomp, L50, M|
|poke|p1|Incineroar, L50, F|
|poke|p2|Dragonite, L50, M|
|poke|p2|Ursaluna-Bloodmoon, L50, M|
|poke|p2|Gholdengo, L50|
|poke|p2|Maushold-Four, L50|
|poke|p2|Annihilape, L50, F|
|poke|p2|Rillaboom, L50, F|
|teampreview|4
|showteam|p1|Porygon2||Eviolite|Download|TeraBlast,IceBeam,Recover,TrickRoom||||||50|,,,,,Ground]Sneasler||FocusSash|PoisonTouch|CloseCombat,DireClaw,ThroatChop,Protect|||M|||50|,,,,,Flying]Gholdengo||LifeOrb|GoodasGold|MakeItRain,ShadowBall,NastyPlot,Protect||||||50|,,,,,Water]Amoonguss||SitrusBerry|Regenerator|PollenPuff,Spore,RagePowder,Protect|||M|||50|,,,,,Water]Garchomp||ClearAmulet|RoughSkin|Earthquake,StompingTantrum,DragonClaw,Protect|||M|||50|,,,,,Fire]Incineroar||SafetyGoggles|Intimidate|FlareBlitz,KnockOff,FakeOut,PartingShot|||F|||50|,,,,,Ghost
|showteam|p2|Dragonite||LoadedDice|Multiscale|ScaleShot,Tailwind,Haze,Protect|||M|||50|,,,,,Fairy]Ursaluna-Bloodmoon||AssaultVest|MindsEye|BloodMoon,EarthPower,HyperVoice,VacuumWave|||M|||50|,,,,,Water]Gholdengo||LifeOrb|GoodasGold|MakeItRain,ShadowBall,NastyPlot,Protect||||||50|,,,,,Dragon]Maushold-Four||FocusSash|FriendGuard|Taunt,FollowMe,BeatUp,Protect||||||50|,,,,,Ghost]Annihilape||SitrusBerry|Defiant|RageFist,DrainPunch,BulkUp,Protect|||F|||50|,,,,,Fire]Rillaboom||MiracleSeed|GrassySurge|WoodHammer,GrassyGlide,HighHorsepower,FakeOut|||F|||50|,,,,,Fire
|j| famo sesso
|inactive|Battle timer is ON: inactive players will automatically lose when time's up. (requested by Karlye)
|c| famo sesso|non se molla un cazzo
|inactive|Karlye has 60 seconds left.
|c|☆wennoboi|so na pippa
|
|t:|1757673974
|teamsize|p1|4
|teamsize|p2|4
|start
|switch|p1a: Gholdengo|Gholdengo, L50|100/100
|switch|p1b: Amoonguss|Amoonguss, L50, M|100/100
|switch|p2a: Maushold|Maushold-Four, L50|100/100
|switch|p2b: Annihilape|Annihilape, L50, F|100/100
|turn|1
|
|t:|1757673994
|move|p1a: Gholdengo|Protect|p1a: Gholdengo
|-singleturn|p1a: Gholdengo|Protect
|move|p2a: Maushold|Taunt|p1b: Amoonguss
|-start|p1b: Amoonguss|move: Taunt
|move|p2b: Annihilape|Bulk Up|p2b: Annihilape
|-boost|p2b: Annihilape|atk|1
|-boost|p2b: Annihilape|def|1
|cant|p1b: Amoonguss|move: Taunt|Spore
|
|upkeep
|turn|2
|
|t:|1757674014
|-terastallize|p1a: Gholdengo|Water
|move|p2a: Maushold|Beat Up|p2b: Annihilape
|-damage|p2b: Annihilape|99/100
|-damage|p2b: Annihilape|98/100
|-damage|p2b: Annihilape|97/100
|-damage|p2b: Annihilape|95/100
|-hitcount|p2b: Annihilape|4
|move|p2b: Annihilape|Rage Fist|p1a: Gholdengo
|-damage|p1a: Gholdengo|0 fnt
|faint|p1a: Gholdengo
|move|p1b: Amoonguss|Pollen Puff|p1: Gholdengo|[notarget]
|-fail|p1b: Amoonguss
|
|upkeep
|c|☆wennoboi|e vabbè gg
|c|☆Karlye|gg
|
|t:|1757674033
|switch|p1a: Porygon2|Porygon2, L50|100/100
|-ability|p1a: Porygon2|Download|boost
|-boost|p1a: Porygon2|spa|1
|turn|3
|
|t:|1757674048
|switch|p1b: Sneasler|Sneasler, L50, M|100/100
|move|p2a: Maushold|Beat Up|p2b: Annihilape
|-damage|p2b: Annihilape|94/100
|-damage|p2b: Annihilape|93/100
|-damage|p2b: Annihilape|92/100
|-damage|p2b: Annihilape|90/100
|-hitcount|p2b: Annihilape|4
|move|p2b: Annihilape|Rage Fist|p1a: Porygon2
|-immune|p1a: Porygon2
|move|p1a: Porygon2|Ice Beam|p2b: Annihilape
|-damage|p2b: Annihilape|63/100
|
|upkeep
|turn|4
|inactive|Karlye has 30 seconds left.
|inactive|Karlye has 20 seconds left.
|inactive|Karlye has 15 seconds left.
|inactive|Karlye has 10 seconds left.
|inactive|Karlye has 5 seconds left.
|
|t:|1757674102
|-terastallize|p2a: Maushold|Ghost
|move|p1b: Sneasler|Protect|p1b: Sneasler
|-singleturn|p1b: Sneasler|Protect
|move|p2a: Maushold|Follow Me|p2a: Maushold
|-singleturn|p2a: Maushold|move: Follow Me
|move|p2b: Annihilape|Rage Fist|p1b: Sneasler
|-activate|p1b: Sneasler|move: Protect
|move|p1a: Porygon2|Ice Beam|p2a: Maushold
|-damage|p2a: Maushold|43/100
|
|upkeep
|turn|5
|
|t:|1757674126
|switch|p1b: Amoonguss|Amoonguss, L50, M|100/100
|move|p2a: Maushold|Follow Me|p2a: Maushold
|-singleturn|p2a: Maushold|move: Follow Me
|move|p2b: Annihilape|Rage Fist|p1b: Amoonguss
|-damage|p1b: Amoonguss|0 fnt
|faint|p1b: Amoonguss
|move|p1a: Porygon2|Trick Room|p1a: Porygon2
|-fieldstart|move: Trick Room|[of] p1a: Porygon2
|
|upkeep
|
|t:|1757674138
|switch|p1b: Sneasler|Sneasler, L50, M|100/100
|turn|6
|
|t:|1757674152
|move|p1b: Sneasler|Protect|p1b: Sneasler
|-singleturn|p1b: Sneasler|Protect
|move|p2a: Maushold|Follow Me|p2a: Maushold
|-singleturn|p2a: Maushold|move: Follow Me
|move|p1a: Porygon2|Ice Beam|p2a: Maushold
|-damage|p2a: Maushold|0 fnt
|faint|p2a: Maushold
|move|p2b: Annihilape|Drain Punch|p1a: Porygon2
|-supereffective|p1a: Porygon2
|-damage|p1a: Porygon2|38/100
|-heal|p2b: Annihilape|92/100|[from] drain|[of] p1a: Porygon2
|
|upkeep
|
|t:|1757674166
|switch|p2a: Ursaluna|Ursaluna-Bloodmoon, L50, M|100/100
|turn|7
|
|t:|1757674176
|move|p1a: Porygon2|Ice Beam|p2b: Annihilape
|-damage|p2b: Annihilape|57/100
|move|p2a: Ursaluna|Blood Moon|p1b: Sneasler
|-damage|p1b: Sneasler|5/100
|move|p2b: Annihilape|Drain Punch|p1a: Porygon2
|-supereffective|p1a: Porygon2
|-damage|p1a: Porygon2|0 fnt
|-heal|p2b: Annihilape|74/100|[from] drain|[of] p1a: Porygon2
|faint|p1a: Porygon2
|move|p1b: Sneasler|Throat Chop|p2b: Annihilape
|-damage|p2b: Annihilape|56/100
|-start|p2b: Annihilape|Throat Chop|[silent]
|-status|p2b: Annihilape|psn|[from] ability: Poison Touch|[of] p1b: Sneasler
|
|-damage|p2b: Annihilape|43/100 psn|[from] psn
|upkeep
|-enditem|p2b: Annihilape|Sitrus Berry|[eat]
|-heal|p2b: Annihilape|68/100 psn|[from] item: Sitrus Berry
|turn|8
|
|t:|1757674195
|move|p2b: Annihilape|Protect|p2b: Annihilape
|-singleturn|p2b: Annihilape|Protect
|move|p1b: Sneasler|Protect|p1b: Sneasler
|-singleturn|p1b: Sneasler|Protect
|move|p2a: Ursaluna|Vacuum Wave|p1b: Sneasler
|-activate|p1b: Sneasler|move: Protect
|
|-damage|p2b: Annihilape|56/100 psn|[from] psn
|-end|p2b: Annihilape|Throat Chop|[silent]
|upkeep
|turn|9
|c|☆wennoboi|gg
|-message|wennoboi forfeited.
|
|win|Karlye
|raw|wennoboi's rating: 1060 → 1044(-16 for losing)
|raw|Karlye's rating: 1121 → 1142(+21 for winning)
|l|☆wennoboi
|player|p1|
|c|☆Karlye|ggs
