|j|☆DISSSSS
|j|☆glubglobs
|html|DISSSSSglubglobs    
|uhtml|bestof|Game 2 of a best-of-3
|t:|1756241357
|gametype|doubles
|player|p1|DISSSSS|flannery|1167
|player|p2|glubglobs|101|1111
|gen|9
|tier|[Gen 9] VGC 2025 Reg H (Bo3)
|rated|
|rule|Species Clause: Limit one of each Pokémon
|rule|Item Clause: Limit 1 of each item
|clearpoke
|poke|p1|Ursaluna, L50, M|
|poke|p1|Reuniclus, L50, M|
|poke|p1|Indeedee-F, L50, F|
|poke|p1|Torkoal, L50, M|
|poke|p1|Sneasler, L50, F|
|poke|p1|Lilligant-Hisui, L50, F|
|poke|p2|Primarina, L50, F|
|poke|p2|Sneasler, L50, M|
|poke|p2|Electabuzz, L50, M|
|poke|p2|Kingambit, L50, F|
|poke|p2|Dragapult, L50, M|
|poke|p2|Rillaboom, L50, F|
|teampreview|4
|showteam|p1|Ursaluna||FlameOrb|Guts|Facade,HeadlongRush,Earthquake,Protect|||M|||50|,,,,,Ghost]Reuniclus||LifeOrb|MagicGuard|ExpandingForce,TrickRoom,Protect,FocusBlast|||M|||50|,,,,,Fighting]Indeedee-F||SafetyGoggles|PsychicSurge|TrickRoom,Psychic,FollowMe,HelpingHand|||F|||50|,,,,,Water]Torkoal||Charcoal|Drought|Eruption,EarthPower,HeatWave,Protect|||M|||50|,,,,,Fire]Sneasler||PsychicSeed|Unburden|DireClaw,CloseCombat,ThroatChop,Protect|||F|||50|,,,,,Dark]Lilligant-Hisui||FocusSash|Chlorophyll|AfterYou,SleepPowder,CloseCombat,Protect|||F|||50|,,,,,Ghost
|showteam|p2|Primarina||ThroatSpray|LiquidVoice|Protect,Haze,HyperVoice,Moonblast|||F|||50|,,,,,Poison]Sneasler||FocusSash|PoisonTouch|Protect,NightSlash,DireClaw,CloseCombat|||M|||50|,,,,,Stellar]Electabuzz||Eviolite|VitalSpirit|Protect,FollowMe,Taunt,Electroweb|||M|||50|,,,,,Fairy]Kingambit||BlackGlasses|Defiant|Protect,SwordsDance,SuckerPunch,KowtowCleave|||F|||50|,,,,,Dark]Dragapult||ChoiceBand|ClearBody|Uturn,DragonDarts,PhantomForce,Outrage|||M|||50|,,,,,Dragon]Rillaboom||AssaultVest|GrassySurge|FakeOut,Uturn,GrassyGlide,WoodHammer|||F|||50|,,,,,Fire
|inactive|Battle timer is ON: inactive players will automatically lose when time's up. (requested by glubglobs)
|inactive|DISSSSS also wants the timer to be on.
|
|t:|1756241385
|teamsize|p1|4
|teamsize|p2|4
|start
|switch|p1a: Reuniclus|Reuniclus, L50, M|100/100
|switch|p1b: Indeedee|Indeedee-F, L50, F|100/100
|switch|p2a: Electabuzz|Electabuzz, L50, M|100/100
|switch|p2b: Sneasler|Sneasler, L50, M|100/100
|-fieldstart|move: Psychic Terrain|[from] ability: Psychic Surge|[of] p1b: Indeedee
|turn|1
|inactive|glubglobs has 30 seconds left.
|
|t:|1756241419
|-terastallize|p2b: Sneasler|Stellar
|move|p1b: Indeedee|Follow Me|p1b: Indeedee
|-singleturn|p1b: Indeedee|move: Follow Me
|move|p2b: Sneasler|Night Slash|p1b: Indeedee
|-supereffective|p1b: Indeedee
|-damage|p1b: Indeedee|28/100
|move|p2a: Electabuzz|Taunt|p1b: Indeedee
|-start|p1b: Indeedee|move: Taunt
|move|p1a: Reuniclus|Trick Room|p1a: Reuniclus
|-fieldstart|move: Trick Room|[of] p1a: Reuniclus
|
|upkeep
|turn|2
|
|t:|1756241442
|switch|p1b: Torkoal|Torkoal, L50, M|100/100
|-weather|SunnyDay|[from] ability: Drought|[of] p1b: Torkoal
|-terastallize|p1a: Reuniclus|Fighting
|move|p2b: Sneasler|Protect|p2b: Sneasler
|-singleturn|p2b: Sneasler|Protect
|move|p1a: Reuniclus|Expanding Force|p2b: Sneasler|[spread] p2a
|-activate|p2b: Sneasler|move: Protect
|-damage|p2a: Electabuzz|37/100
|move|p2a: Electabuzz|Electroweb|p1a: Reuniclus|[spread] p1b
|-miss|p2a: Electabuzz|p1a: Reuniclus
|-damage|p1b: Torkoal|83/100
|-unboost|p1b: Torkoal|spe|1
|
|-weather|SunnyDay|[upkeep]
|upkeep
|turn|3
|inactive|glubglobs has 30 seconds left.
|
|t:|1756241469
|move|p2a: Electabuzz|Protect|p2a: Electabuzz
|-singleturn|p2a: Electabuzz|Protect
|move|p1b: Torkoal|Eruption|p2a: Electabuzz|[spread] p2b
|-activate|p2a: Electabuzz|move: Protect
|-damage|p2b: Sneasler|9/100
|move|p1a: Reuniclus|Expanding Force|p2b: Sneasler|[spread] p2b
|-activate|p2a: Electabuzz|move: Protect
|-supereffective|p2b: Sneasler
|-damage|p2b: Sneasler|0 fnt
|faint|p2b: Sneasler
|
|-weather|SunnyDay|[upkeep]
|upkeep
|
|t:|1756241481
|switch|p2b: Primarina|Primarina, L50, F|100/100
|turn|4
|
|t:|1756241488
|move|p2b: Primarina|Protect|p2b: Primarina
|-singleturn|p2b: Primarina|Protect
|move|p2a: Electabuzz|Protect||[still]
|-fail|p2a: Electabuzz
|move|p1b: Torkoal|Eruption|p2b: Primarina|[spread] p2a
|-activate|p2b: Primarina|move: Protect
|-damage|p2a: Electabuzz|0 fnt
|faint|p2a: Electabuzz
|move|p1a: Reuniclus|Expanding Force|p2b: Primarina
|-activate|p2b: Primarina|move: Protect
|
|-weather|SunnyDay|[upkeep]
|upkeep
|
|t:|1756241500
|switch|p2a: Dragapult|Dragapult, L50, M|100/100
|turn|5
|
|t:|1756241506
|move|p1b: Torkoal|Eruption|p2b: Primarina|[spread] p2a,p2b
|-resisted|p2a: Dragapult
|-resisted|p2b: Primarina
|-damage|p2a: Dragapult|49/100
|-damage|p2b: Primarina|72/100
|move|p1a: Reuniclus|Expanding Force|p2b: Primarina|[spread] p2a,p2b
|-crit|p2a: Dragapult
|-damage|p2a: Dragapult|0 fnt
|-damage|p2b: Primarina|3/100
|faint|p2a: Dragapult
|move|p2b: Primarina|Hyper Voice|p1a: Reuniclus|[spread] p1a,p1b
|-supereffective|p1b: Torkoal
|-damage|p1a: Reuniclus|83/100
|-damage|p1b: Torkoal|34/100
|-enditem|p2b: Primarina|Throat Spray
|-boost|p2b: Primarina|spa|1|[from] item: Throat Spray
|
|-weather|SunnyDay|[upkeep]
|-fieldend|move: Trick Room
|-fieldend|move: Psychic Terrain
|upkeep
|turn|6
|
|t:|1756241522
|move|p2b: Primarina|Moonblast|p1a: Reuniclus
|-supereffective|p1a: Reuniclus
|-damage|p1a: Reuniclus|0 fnt
|faint|p1a: Reuniclus
|move|p1b: Torkoal|Earth Power|p2b: Primarina
|-damage|p2b: Primarina|0 fnt
|faint|p2b: Primarina
|
|win|DISSSSS
|raw|DISSSSS's rating: 1167 → 1188(+21 for winning)
|raw|glubglobs's rating: 1111 → 1090(-21 for losing)
|l|☆DISSSSS
|player|p1|
