|j|☆WestyLiam's House
|j|☆XayVGC
|html|WestyLiam's HouseXayVGC    
|uhtml|bestof|Game 2 of a best-of-3
|t:|1783610238
|gametype|doubles
|player|p1|WestyLiam's House|iris-gen5bw2|1276
|player|p2|XayVGC|clerk|1192
|gen|9
|tier|[Gen 9 Champions] VGC 2026 Reg M-B (Bo3)
|rated|
|rule|Species Clause: Limit one of each Pokémon
|rule|Item Clause: Limit 1 of each item
|clearpoke
|poke|p1|Charizard, L50, M|
|poke|p1|Venusaur, L50, M|
|poke|p1|Farigiraf, L50, M|
|poke|p1|Mawile, L50, M|
|poke|p1|Incineroar, L50, M|
|poke|p1|Garchomp, L50, M|
|poke|p2|Scovillain, L50, M|
|poke|p2|Araquanid, L50, F|
|poke|p2|Archaludon, L50, F|
|poke|p2|Froslass, L50, F|
|poke|p2|Lycanroc-Dusk, L50, F|
|poke|p2|Sneasler, L50, F|
|teampreview|4
|showteam|p1|Charizard||CharizarditeY|Blaze|HeatWave,WeatherBall,HelpingHand,Protect|Modest||M|||50|]Venusaur||LifeOrb|Chlorophyll|LeafStorm,SludgeBomb,EarthPower,Protect|Modest||M|||50|]Farigiraf||SitrusBerry|ArmorTail|TrickRoom,Thunderbolt,Psychic,HelpingHand|Sassy||M|||50|]Mawile||Mawilite|HyperCutter|PlayRough,RockSlide,SuckerPunch,Protect|Adamant||M|||50|]Incineroar||Leftovers|Intimidate|FakeOut,FlareBlitz,ThroatChop,PartingShot|Impish||M|||50|]Garchomp||ChoiceScarf|RoughSkin|Earthquake,DragonClaw,RockSlide,StompingTantrum|Adamant||M|||50|
|showteam|p2|Scovillain||Scovillainite|Moody|RagePowder,GigaDrain,Overheat,Protect|Bold||M|||50|]Araquanid||Leftovers|WaterBubble|WideGuard,Liquidation,LeechLife,Protect|Sassy||F|||50|]Archaludon||ChopleBerry|Stamina|AuraSphere,FlashCannon,DragonPulse,Protect|Modest||F|||50|]Froslass||Froslassite|SnowCloak|Blizzard,ShadowBall,AuroraVeil,Protect|Timid||F|||50|]Lycanroc-Dusk||FocusSash|ToughClaws|CloseCombat,Accelerock,RockSlide,Protect|Jolly||F|||50|]Sneasler||WhiteHerb|Unburden|FakeOut,CloseCombat,GunkShot,Protect|Jolly||F|||50|
|inactive|Battle timer is ON: inactive players will automatically lose when time's up. (requested by WestyLiam's House)
|inactive|XayVGC has 60 seconds left.
|inactive|XayVGC has 30 seconds left.
|inactive|XayVGC has 20 seconds left.
|
|t:|1783610311
|teamsize|p1|4
|teamsize|p2|4
|start
|switch|p1a: Charizard|Charizard, L50, M|100/100
|switch|p1b: Garchomp|Garchomp, L50, M|100/100
|switch|p2a: Araquanid|Araquanid, L50, F|100/100
|switch|p2b: Scovillain|Scovillain, L50, M|100/100
|turn|1
|inactive|WestyLiam's House has 30 seconds left.
|inactive|XayVGC has 30 seconds left.
|inactive|WestyLiam's House has 20 seconds left.
|inactive|XayVGC has 20 seconds left.
|inactive|WestyLiam's House has 15 seconds left.
|inactive|XayVGC has 15 seconds left.
|inactive|WestyLiam's House has 10 seconds left.
|inactive|WestyLiam's House has 5 seconds left.
|
|t:|1783610364
|switch|p2b: Lycanroc|Lycanroc-Dusk, L50, F|100/100
|detailschange|p1a: Charizard|Charizard-Mega-Y, L50, M
|-mega|p1a: Charizard|Charizard|Charizardite Y
|-weather|SunnyDay|[from] ability: Drought|[of] p1a: Charizard
|move|p2a: Araquanid|Wide Guard|p2a: Araquanid
|-singleturn|p2a: Araquanid|Wide Guard
|move|p1b: Garchomp|Rock Slide|p2b: Lycanroc|[spread] 
|-activate|p2a: Araquanid|move: Wide Guard
|-activate|p2b: Lycanroc|move: Wide Guard
|move|p1a: Charizard|Weather Ball|p2b: Lycanroc
|-resisted|p2b: Lycanroc|1
|-damage|p2b: Lycanroc|32/100
|
|-weather|SunnyDay|[upkeep]
|upkeep
|turn|2
|inactive|WestyLiam's House has 30 seconds left.
|inactive|XayVGC has 30 seconds left.
|inactive|XayVGC has 20 seconds left.
|inactive|XayVGC has 15 seconds left.
|
|t:|1783610405
|switch|p1b: Incineroar|Incineroar, L50, M|100/100
|-ability|p1b: Incineroar|Intimidate|boost
|-unboost|p2a: Araquanid|atk|1
|-unboost|p2b: Lycanroc|atk|1
|switch|p2b: Scovillain|Scovillain, L50, M|100/100
|switch|p1a: Farigiraf|Farigiraf, L50, M|100/100
|move|p2a: Araquanid|Wide Guard||[still]
|-fail|p2a: Araquanid
|
|-weather|SunnyDay|[upkeep]
|-ability|p2b: Scovillain|Moody|boost
|-boost|p2b: Scovillain|spe|2
|-unboost|p2b: Scovillain|spd|1
|upkeep
|turn|3
|inactive|XayVGC has 30 seconds left.
|
|t:|1783610440
|detailschange|p2b: Scovillain|Scovillain-Mega, L50, M
|-mega|p2b: Scovillain|Scovillain|Scovillainite
|move|p2b: Scovillain|Overheat|p1a: Farigiraf
|-damage|p1a: Farigiraf|25/100
|-unboost|p2b: Scovillain|spa|2
|-enditem|p1a: Farigiraf|Sitrus Berry|[eat]
|-heal|p1a: Farigiraf|50/100g|[from] item: Sitrus Berry
|move|p1b: Incineroar|Flare Blitz|p2a: Araquanid
|-damage|p2a: Araquanid|62/100
|-damage|p1b: Incineroar|89/100|[from] Recoil
|move|p1a: Farigiraf|Thunderbolt|p2a: Araquanid
|-supereffective|p2a: Araquanid|1
|-damage|p2a: Araquanid|29/100
|-status|p2a: Araquanid|par
|move|p2a: Araquanid|Leech Life|p1a: Farigiraf
|-supereffective|p1a: Farigiraf|1
|-damage|p1a: Farigiraf|16/100
|-heal|p2a: Araquanid|51/100 par|[from] drain|[of] p1a: Farigiraf
|
|-weather|SunnyDay|[upkeep]
|-heal|p1b: Incineroar|95/100|[from] item: Leftovers
|-heal|p2a: Araquanid|57/100 par|[from] item: Leftovers
|upkeep
|turn|4
|inactive|XayVGC has 30 seconds left.
|
|t:|1783610471
|switch|p2a: Archaludon|Archaludon, L50, F|100/100
|move|p1a: Farigiraf|Helping Hand|p1b: Incineroar
|-singleturn|p1b: Incineroar|Helping Hand|[of] p1a: Farigiraf
|move|p2b: Scovillain|Overheat|p1a: Farigiraf
|-damage|p1a: Farigiraf|0 fnt
|-unboost|p2b: Scovillain|spa|2
|faint|p1a: Farigiraf
|move|p1b: Incineroar|Flare Blitz|p2b: Scovillain
|-crit|p2b: Scovillain
|-damage|p2b: Scovillain|0 fnt
|-immune|p1b: Incineroar
|faint|p2b: Scovillain
|-damage|p1b: Incineroar|68/100|[from] Recoil
|
|-weather|SunnyDay|[upkeep]
|-heal|p1b: Incineroar|74/100|[from] item: Leftovers
|upkeep
|
|t:|1783610492
|switch|p2b: Araquanid|Araquanid, L50, F|57/100 par
|switch|p1a: Garchomp|Garchomp, L50, M|100/100
|turn|5
|inactive|XayVGC has 30 seconds left.
|
|t:|1783610518
|move|p1a: Garchomp|Stomping Tantrum|p2a: Archaludon
|-supereffective|p2a: Archaludon|1
|-damage|p2a: Archaludon|36/100
|-ability|p2a: Archaludon|Stamina|boost
|-boost|p2a: Archaludon|def|1
|move|p2a: Archaludon|Dragon Pulse|p1a: Garchomp
|-supereffective|p1a: Garchomp|1
|-damage|p1a: Garchomp|0 fnt
|faint|p1a: Garchomp
|move|p1b: Incineroar|Flare Blitz|p2a: Archaludon
|-damage|p2a: Archaludon|1/100
|-ability|p2a: Archaludon|Stamina|boost
|-boost|p2a: Archaludon|def|1
|-damage|p1b: Incineroar|62/100|[from] Recoil
|cant|p2b: Araquanid|par
|
|-weather|none
|-heal|p1b: Incineroar|68/100|[from] item: Leftovers
|-heal|p2b: Araquanid|62/100 par|[from] item: Leftovers
|upkeep
|
|t:|1783610532
|switch|p1a: Charizard|Charizard-Mega-Y, L50, M|100/100
|-weather|SunnyDay|[from] ability: Drought|[of] p1a: Charizard
|turn|6
|c|☆XayVGC|im actually getting the worst rng
|inactive|XayVGC has 30 seconds left.
|
|t:|1783610564
|move|p1a: Charizard|Weather Ball|p2a: Archaludon
|-damage|p2a: Archaludon|0 fnt
|faint|p2a: Archaludon
|move|p1b: Incineroar|Throat Chop|p2b: Araquanid
|-damage|p2b: Araquanid|33/100 par
|-start|p2b: Araquanid|Throat Chop|[silent]
|move|p2b: Araquanid|Liquidation|p1b: Incineroar
|-supereffective|p1b: Incineroar|1
|-damage|p1b: Incineroar|24/100
|
|-weather|SunnyDay|[upkeep]
|-heal|p1b: Incineroar|30/100|[from] item: Leftovers
|-heal|p2b: Araquanid|38/100 par|[from] item: Leftovers
|upkeep
|
|t:|1783610572
|switch|p2a: Lycanroc|Lycanroc-Dusk, L50, F|32/100
|turn|7
|
|t:|1783610586
|move|p2a: Lycanroc|Protect|p2a: Lycanroc
|-singleturn|p2a: Lycanroc|Protect
|move|p1a: Charizard|Protect|p1a: Charizard
|-singleturn|p1a: Charizard|Protect
|move|p1b: Incineroar|Throat Chop|p2a: Lycanroc
|-activate|p2a: Lycanroc|move: Protect
|move|p2b: Araquanid|Liquidation|p1b: Incineroar
|-supereffective|p1b: Incineroar|1
|-damage|p1b: Incineroar|0 fnt
|faint|p1b: Incineroar
|
|-weather|SunnyDay|[upkeep]
|-heal|p2b: Araquanid|44/100 par|[from] item: Leftovers
|-end|p2b: Araquanid|Throat Chop|[silent]
|upkeep
|turn|8
|
|t:|1783610601
|move|p2a: Lycanroc|Accelerock|p1a: Charizard
|-supereffective|p1a: Charizard|2
|-damage|p1a: Charizard|0 fnt
|faint|p1a: Charizard
|
|win|XayVGC
||WestyLiam's House is ready for game 3.
|l|☆XayVGC
|player|p2|
||XayVGC is ready for game 3.
|uhtml|next|Next: Game 3 of 3
