|j|☆WeezingFan12
|j|☆heitorf
|html|WeezingFan12heitorf    
|uhtml|bestof|Game 1 of a best-of-3
|t:|1783564100
|gametype|doubles
|player|p1|WeezingFan12|bruno|
|player|p2|heitorf|2|
|gen|9
|tier|[Gen 9 Champions] VGC 2026 Reg M-B (Bo3)
|rule|Species Clause: Limit one of each Pokémon
|rule|Item Clause: Limit 1 of each item
|clearpoke
|poke|p1|Crabominable, L50, F|
|poke|p1|Farigiraf, L50, F|
|poke|p1|Torkoal, L50, M|
|poke|p1|Incineroar, L50, F|
|poke|p1|Venusaur, L50, F|
|poke|p1|Charizard, L50, M|
|poke|p2|Mawile, L50, F|
|poke|p2|Incineroar, L50, F|
|poke|p2|Dragalge, L50, F|
|poke|p2|Farigiraf, L50, F|
|poke|p2|Pelipper, L50, F|
|poke|p2|Hydrapple, L50, M|
|teampreview|4
|showteam|p1|Crabominable||Crabominite|HyperCutter|IceHammer,DrainPunch,MachPunch,Protect|Brave||F|||50|]Farigiraf||SitrusBerry|ArmorTail|Psychic,HelpingHand,TrickRoom,Protect|Bold||F|||50|]Torkoal||Charcoal|Drought|Eruption,WeatherBall,HelpingHand,Protect|Quiet||M|||50|]Incineroar||PasshoBerry|Intimidate|FakeOut,FlareBlitz,DarkestLariat,PartingShot|Adamant||F|||50|]Venusaur||FocusSash|Chlorophyll|SludgeBomb,LeafStorm,SleepPowder,Protect|Modest||F|||50|]Charizard||ChoiceScarf|SolarPower|WeatherBall,HeatWave,DragonPulse,ScorchingSands|Modest||M|||50|
|showteam|p2|Mawile||Mawilite|HyperCutter|IronHead,Protect,PlayRough,SuckerPunch|Brave||F|||50|]Incineroar||SitrusBerry|Intimidate|FakeOut,PartingShot,DarkestLariat,FlareBlitz|Adamant||F|||50|]Dragalge||Dragalgite|PoisonTouch|SludgeBomb,Thunder,Protect,DragonPulse|Modest||F|||50|]Farigiraf||ColburBerry|ArmorTail|Psychic,HelpingHand,Protect,TrickRoom|Sassy||F|||50|]Pelipper||FocusSash|Drizzle|Protect,WeatherBall,Hurricane,WideGuard|Timid||F|||50|]Hydrapple||LifeOrb|SupersweetSyrup|FickleBeam,GigaDrain,HydroPump,Protect|Quiet||M|||50|
|inactive|Battle timer is ON: inactive players will automatically lose when time's up. (requested by heitorf)
|inactive|WeezingFan12 has 60 seconds left.
|inactive|heitorf has 60 seconds left.
|
|t:|1783564152
|teamsize|p1|4
|teamsize|p2|4
|start
|switch|p1a: Venusaur|Venusaur, L50, F|100/100
|switch|p1b: Charizard|Charizard, L50, M|100/100
|switch|p2a: Mawile|Mawile, L50, F|100/100
|switch|p2b: Farigiraf|Farigiraf, L50, F|100/100
|turn|1
|inactive|heitorf has 30 seconds left.
|
|t:|1783564182
|detailschange|p2a: Mawile|Mawile-Mega, L50, F
|-mega|p2a: Mawile|Mawile|Mawilite
|move|p2a: Mawile|Protect|p2a: Mawile
|-singleturn|p2a: Mawile|Protect
|move|p1b: Charizard|Heat Wave|p2a: Mawile|[spread] p2b
|-activate|p2a: Mawile|move: Protect
|-damage|p2b: Farigiraf|67/100
|move|p1a: Venusaur|Sleep Powder|p2b: Farigiraf
|-status|p2b: Farigiraf|slp|[from] move: Sleep Powder
|cant|p2b: Farigiraf|slp
|
|upkeep
|turn|2
|inactive|heitorf has 30 seconds left.
|inactive|heitorf has 20 seconds left.
|
|t:|1783564217
|move|p1b: Charizard|Heat Wave|p2b: Farigiraf|[spread] p2b
|-miss|p1b: Charizard|p2a: Mawile
|-damage|p2b: Farigiraf|35/100 slp
|move|p1a: Venusaur|Sleep Powder|p2a: Mawile
|-status|p2a: Mawile|slp|[from] move: Sleep Powder
|cant|p2b: Farigiraf|slp
|cant|p2a: Mawile|slp
|
|upkeep
|turn|3
|
|t:|1783564229
|switch|p2b: Hydrapple|Hydrapple, L50, M|100/100
|-ability|p2b: Hydrapple|Supersweet Syrup
|-unboost|p1a: Venusaur|evasion|1
|-unboost|p1b: Charizard|evasion|1
|switch|p2a: Pelipper|Pelipper, L50, F|100/100
|-weather|RainDance|[from] ability: Drizzle|[of] p2a: Pelipper
|move|p1b: Charizard|Heat Wave|p2b: Hydrapple|[spread] p2b
|-miss|p1b: Charizard|p2a: Pelipper
|-damage|p2b: Hydrapple|83/100
|move|p1a: Venusaur|Sludge Bomb|p2b: Hydrapple
|-supereffective|p2b: Hydrapple|1
|-damage|p2b: Hydrapple|0 fnt
|faint|p2b: Hydrapple
|
|-weather|RainDance|[upkeep]
|upkeep
|
|t:|1783564248
|switch|p2b: Mawile|Mawile-Mega, L50, F|100/100 slp
|turn|4
|
|t:|1783564268
|switch|p1b: Farigiraf|Farigiraf, L50, F|100/100
|move|p1a: Venusaur|Sleep Powder|p2a: Pelipper
|-status|p2a: Pelipper|slp|[from] move: Sleep Powder
|cant|p2a: Pelipper|slp
|cant|p2b: Mawile|slp
|
|-weather|RainDance|[upkeep]
|upkeep
|turn|5
|
|t:|1783564284
|move|p1a: Venusaur|Protect|p1a: Venusaur
|-singleturn|p1a: Venusaur|Protect
|-curestatus|p2a: Pelipper|slp|[msg]
|move|p2a: Pelipper|Hurricane|p1a: Venusaur
|-activate|p1a: Venusaur|move: Protect
|move|p1b: Farigiraf|Psychic|p2a: Pelipper
|-damage|p2a: Pelipper|37/100
|-curestatus|p2b: Mawile|slp|[msg]
|move|p2b: Mawile|Play Rough|p1b: Farigiraf|[miss]
|-miss|p2b: Mawile|p1b: Farigiraf
|
|-weather|RainDance|[upkeep]
|upkeep
|turn|6
|
|t:|1783564303
|switch|p1b: Torkoal|Torkoal, L50, M|100/100
|-weather|SunnyDay|[from] ability: Drought|[of] p1b: Torkoal
|move|p2b: Mawile|Protect|p2b: Mawile
|-singleturn|p2b: Mawile|Protect
|move|p1a: Venusaur|Sleep Powder|p2a: Pelipper
|-status|p2a: Pelipper|slp|[from] move: Sleep Powder
|cant|p2a: Pelipper|slp
|
|-weather|SunnyDay|[upkeep]
|upkeep
|turn|7
|
|t:|1783564325
|move|p2b: Mawile|Protect||[still]
|-fail|p2b: Mawile
|move|p1a: Venusaur|Sleep Powder|p2b: Mawile|[miss]
|-miss|p1a: Venusaur|p2b: Mawile
|-curestatus|p2a: Pelipper|slp|[msg]
|move|p2a: Pelipper|Weather Ball|p1a: Venusaur
|-supereffective|p1a: Venusaur|1
|-damage|p1a: Venusaur|7/100
|move|p1b: Torkoal|Eruption|p2a: Pelipper|[spread] p2a,p2b
|-resisted|p2a: Pelipper|1
|-supereffective|p2b: Mawile|1
|-damage|p2a: Pelipper|0 fnt
|-damage|p2b: Mawile|0 fnt
|faint|p2a: Pelipper
|faint|p2b: Mawile
|
|-weather|SunnyDay|[upkeep]
|upkeep
|-message|heitorf forfeited.
|
|win|WeezingFan12
||heitorf is ready for game 2.
|inactive|WeezingFan12 has 30 seconds to confirm battle start!
||WeezingFan12 is ready for game 2.
|uhtml|next|Next: Game 2 of 3
