|j|☆NegaiFreak
|j|☆ray294
|html|NegaiFreakray294    
|uhtml|bestof|Game 2 of a best-of-3
|t:|1756298063
|gametype|doubles
|player|p1|NegaiFreak|265|1115
|player|p2|ray294|hiker-gen4|1000
|gen|9
|tier|[Gen 9] VGC 2025 Reg H (Bo3)
|rated|
|rule|Species Clause: Limit one of each Pokémon
|rule|Item Clause: Limit 1 of each item
|clearpoke
|poke|p1|Ceruledge, L50, F|
|poke|p1|Sneasler, L50, F|
|poke|p1|Rillaboom, L50, M|
|poke|p1|Salamence, L50, M|
|poke|p1|Milotic, L50, F|
|poke|p1|Ninetales-Alola, L50, M|
|poke|p2|Dragapult, L50, M|
|poke|p2|Ursaluna-Bloodmoon, L50, M|
|poke|p2|Incineroar, L50, F|
|poke|p2|Tyranitar, L50, M|
|poke|p2|Excadrill, L50, M|
|poke|p2|Amoonguss, L50, F|
|teampreview|4
|showteam|p1|Ceruledge||ClearAmulet|FlashFire|BitterBlade,ShadowSneak,BulkUp,Protect|||F|||50|,,,,,Grass]Sneasler||GrassySeed|Unburden|DireClaw,CloseCombat,Coaching,Protect|||F|||50|,,,,,Stellar]Rillaboom||AssaultVest|GrassySurge|FakeOut,GrassyGlide,WoodHammer,HighHorsepower|||M|||50|,,,,,Fire]Salamence||LifeOrb|Intimidate|AirSlash,DracoMeteor,Tailwind,Protect|||M|||50|,,,,,Steel]Milotic||Leftovers|Competitive|Scald,IceBeam,Haze,Protect|||F|||50|,,,,,Dragon]Ninetales-Alola||FocusSash|SnowWarning|FreezeDry,Moonblast,AuroraVeil,Protect|||M|||50|,,,,,Ice
|showteam|p2|Dragapult||FocusSash|ClearBody|ThunderWave,DragonDarts,PhantomForce,HelpingHand|||M|||50|,,,,,Steel]Ursaluna-Bloodmoon||AssaultVest|MindsEye|BloodMoon,EarthPower,HyperVoice,Moonblast|||M|||50|,,,,,Fairy]Incineroar||SafetyGoggles|Intimidate|FakeOut,PartingShot,KnockOff,FlareBlitz|||F|||50|,,,,,Grass]Tyranitar||EjectButton|SandStream|KnockOff,RockSlide,Protect,DragonDance|||M|||50|,,,,,Ghost]Excadrill||ClearAmulet|SandRush|HighHorsepower,Earthquake,IronHead,Protect|||M|||50|,,,,,Ghost]Amoonguss||RockyHelmet|Regenerator|Spore,RagePowder,PollenPuff,Protect|||F|||50|,,,,,Grass
|
|t:|1756298092
|teamsize|p1|4
|teamsize|p2|4
|start
|switch|p1a: Milotic|Milotic, L50, F|100/100
|switch|p1b: Rillaboom|Rillaboom, L50, M|100/100
|switch|p2a: Dragapult|Dragapult, L50, M|100/100
|switch|p2b: Ursaluna|Ursaluna-Bloodmoon, L50, M|100/100
|-fieldstart|move: Grassy Terrain|[from] ability: Grassy Surge|[of] p1b: Rillaboom
|turn|1
|
|t:|1756298125
|-terastallize|p2b: Ursaluna|Fairy
|move|p2a: Dragapult|Thunder Wave|p1a: Milotic
|-status|p1a: Milotic|par
|move|p1b: Rillaboom|High Horsepower|p2a: Dragapult
|-damage|p2a: Dragapult|49/100
|move|p2b: Ursaluna|Blood Moon|p1b: Rillaboom
|-crit|p1b: Rillaboom
|-damage|p1b: Rillaboom|7/100
|move|p1a: Milotic|Ice Beam|p2a: Dragapult
|-supereffective|p2a: Dragapult
|-damage|p2a: Dragapult|0 fnt
|faint|p2a: Dragapult
|
|-heal|p1b: Rillaboom|13/100|[from] Grassy Terrain
|upkeep
|
|t:|1756298144
|switch|p2a: Tyranitar|Tyranitar, L50, M|100/100
|-weather|Sandstorm|[from] ability: Sand Stream|[of] p2a: Tyranitar
|turn|2
|
|t:|1756298171
|move|p2a: Tyranitar|Protect|p2a: Tyranitar
|-singleturn|p2a: Tyranitar|Protect
|move|p1b: Rillaboom|Grassy Glide|p2b: Ursaluna
|-damage|p2b: Ursaluna|75/100
|move|p2b: Ursaluna|Hyper Voice|p1a: Milotic|[spread] p1a,p1b
|-damage|p1a: Milotic|70/100 par
|-damage|p1b: Rillaboom|0 fnt
|faint|p1b: Rillaboom
|move|p1a: Milotic|Scald|p2a: Tyranitar
|-activate|p2a: Tyranitar|move: Protect
|
|-weather|Sandstorm|[upkeep]
|-damage|p2b: Ursaluna|69/100|[from] Sandstorm
|-damage|p1a: Milotic|64/100 par|[from] Sandstorm
|-heal|p2b: Ursaluna|75/100|[from] Grassy Terrain
|-heal|p1a: Milotic|70/100 par|[from] Grassy Terrain
|-heal|p1a: Milotic|76/100 par|[from] item: Leftovers
|upkeep
|
|t:|1756298190
|switch|p1b: Sneasler|Sneasler, L50, F|100/100
|-enditem|p1b: Sneasler|Grassy Seed
|-boost|p1b: Sneasler|def|1|[from] item: Grassy Seed
|turn|3
|
|t:|1756298205
|switch|p2b: Incineroar|Incineroar, L50, F|100/100
|-ability|p2b: Incineroar|Intimidate|boost
|-unboost|p1a: Milotic|atk|1
|-ability|p1a: Milotic|Competitive|boost
|-boost|p1a: Milotic|spa|2
|-unboost|p1b: Sneasler|atk|1
|-terastallize|p1b: Sneasler|Stellar
|move|p1b: Sneasler|Dire Claw|p2b: Incineroar
|-damage|p2b: Incineroar|66/100
|-status|p2b: Incineroar|par
|move|p2a: Tyranitar|Knock Off|p1a: Milotic
|-damage|p1a: Milotic|28/100 par
|-enditem|p1a: Milotic|Leftovers|[from] move: Knock Off|[of] p2a: Tyranitar
|move|p1a: Milotic|Scald|p2a: Tyranitar
|-supereffective|p2a: Tyranitar
|-damage|p2a: Tyranitar|34/100
|-enditem|p2a: Tyranitar|Eject Button
|
|t:|1756298224
|switch|p2a: Ursaluna|Ursaluna-Bloodmoon, L50, M, tera:Fairy|75/100
|
|-weather|Sandstorm|[upkeep]
|-damage|p1b: Sneasler|95/100|[from] Sandstorm
|-damage|p2a: Ursaluna|69/100|[from] Sandstorm
|-damage|p1a: Milotic|22/100 par|[from] Sandstorm
|-heal|p1b: Sneasler|100/100|[from] Grassy Terrain
|-heal|p2a: Ursaluna|75/100|[from] Grassy Terrain
|-heal|p1a: Milotic|28/100 par|[from] Grassy Terrain
|-heal|p2b: Incineroar|72/100 par|[from] Grassy Terrain
|upkeep
|turn|4
|
|t:|1756298245
|move|p1b: Sneasler|Protect|p1b: Sneasler
|-singleturn|p1b: Sneasler|Protect
|move|p1a: Milotic|Protect|p1a: Milotic
|-singleturn|p1a: Milotic|Protect
|cant|p2b: Incineroar|par
|move|p2a: Ursaluna|Hyper Voice|p1b: Sneasler|[spread] 
|-activate|p1a: Milotic|move: Protect
|-activate|p1b: Sneasler|move: Protect
|
|-weather|Sandstorm|[upkeep]
|-damage|p1b: Sneasler|95/100|[from] Sandstorm
|-damage|p2a: Ursaluna|69/100|[from] Sandstorm
|-damage|p1a: Milotic|22/100 par|[from] Sandstorm
|-heal|p1b: Sneasler|100/100|[from] Grassy Terrain
|-heal|p2a: Ursaluna|75/100|[from] Grassy Terrain
|-heal|p1a: Milotic|28/100 par|[from] Grassy Terrain
|-heal|p2b: Incineroar|78/100 par|[from] Grassy Terrain
|upkeep
|turn|5
|
|t:|1756298286
|switch|p2a: Tyranitar|Tyranitar, L50, M|34/100
|move|p1b: Sneasler|Dire Claw|p2a: Tyranitar
|-resisted|p2a: Tyranitar
|-damage|p2a: Tyranitar|22/100
|move|p1a: Milotic|Scald|p2b: Incineroar
|-supereffective|p2b: Incineroar
|-damage|p2b: Incineroar|0 fnt
|faint|p2b: Incineroar
|
|-weather|Sandstorm|[upkeep]
|-damage|p1b: Sneasler|95/100|[from] Sandstorm
|-damage|p1a: Milotic|22/100 par|[from] Sandstorm
|-heal|p1b: Sneasler|100/100|[from] Grassy Terrain
|-heal|p2a: Tyranitar|28/100|[from] Grassy Terrain
|-heal|p1a: Milotic|28/100 par|[from] Grassy Terrain
|-fieldend|move: Grassy Terrain
|upkeep
|
|t:|1756298300
|switch|p2b: Ursaluna|Ursaluna-Bloodmoon, L50, M, tera:Fairy|75/100
|turn|6
|
|t:|1756298325
|move|p1b: Sneasler|Dire Claw|p2b: Ursaluna
|-supereffective|p2b: Ursaluna
|-damage|p2b: Ursaluna|31/100
|move|p2a: Tyranitar|Rock Slide|p1b: Sneasler|[spread] p1b
|-miss|p2a: Tyranitar|p1a: Milotic
|-resisted|p1b: Sneasler
|-damage|p1b: Sneasler|85/100
|move|p2b: Ursaluna|Hyper Voice|p1b: Sneasler|[spread] p1a,p1b
|-damage|p1a: Milotic|0 fnt
|-damage|p1b: Sneasler|31/100
|faint|p1a: Milotic
|
|-weather|none
|upkeep
|
|t:|1756298339
|switch|p1a: Ninetales|Ninetales-Alola, L50, M|100/100
|-weather|Snowscape|[from] ability: Snow Warning|[of] p1a: Ninetales
|turn|7
|-message|ray294 forfeited.
|
|win|NegaiFreak
|raw|NegaiFreak's rating: 1115 → 1132(+17 for winning)
|raw|ray294's rating: 1000 → 1000(+0 for losing)
|l|☆ray294
|player|p2|
|c|☆NegaiFreak|GG, WP
