|j|☆subhamcheee
|j|☆hugoggg
|html|subhamcheeehugoggg    
|uhtml|bestof|Game 2 of a best-of-3
|t:|1786115024
|gametype|doubles
|player|p1|subhamcheee|cynthia|1242
|player|p2|hugoggg|170|1242
|gen|9
|tier|[Gen 9 Champions] VGC 2026 Reg M-B (Bo3)
|rated|
|rule|Species Clause: Limit one of each Pokémon
|rule|Item Clause: Limit 1 of each item
|clearpoke
|poke|p1|Garchomp, L50, M|
|poke|p1|Tyranitar, L50, M|
|poke|p1|Scizor, L50, F|
|poke|p1|Corviknight, L50, F|
|poke|p1|Sneasler, L50, M|
|poke|p1|Primarina, L50, M|
|poke|p2|Froslass, L50, F|
|poke|p2|Dragonite, L50, F, shiny|
|poke|p2|Sneasler, L50, M|
|poke|p2|Arcanine-Hisui, L50, F|
|poke|p2|Gholdengo, L50|
|poke|p2|Kingambit, L50, F|
|teampreview|4
|showteam|p1|Garchomp||Garchompite|RoughSkin|Protect,PowerGem,EarthPower,DragonPulse|Modest||M|||50|]Tyranitar||ChoiceScarf|SandStream|RockSlide,KnockOff,Superpower,IcyWind|Jolly||M|||50|]Scizor||LifeOrb|Technician|Protect,SwordsDance,BulletPunch,BugBite|Adamant||F|||50|]Corviknight||SitrusBerry|MirrorArmor|Protect,Tailwind,IronHead,BraveBird|Adamant||F|||50|]Sneasler||FocusSash|PoisonTouch|FakeOut,Protect,PoisonJab,CloseCombat|Jolly||M|||50|]Primarina||Leftovers|LiquidVoice|Protect,CalmMind,HyperVoice,Moonblast|Modest||M|||50|
|showteam|p2|Froslass||Froslassite|CursedBody|Blizzard,ShadowBall,AuroraVeil,Protect|Modest||F|||50|]Dragonite||DragonFang|Multiscale|ScaleShot,Haze,Tailwind,Protect|Adamant||F|||50|]Sneasler||WhiteHerb|Unburden|CloseCombat,GunkShot,FakeOut,Protect|Adamant||M|||50|]Arcanine-Hisui||FocusSash|RockHead|HeadSmash,FlareBlitz,ExtremeSpeed,Protect|Adamant||F|||50|]Gholdengo||ChoiceScarf|GoodasGold|MakeItRain,ShadowBall,PowerGem,Trick|Modest|||||50|]Kingambit||LifeOrb|Defiant|KowtowCleave,SuckerPunch,SwordsDance,Protect|Adamant||F|||50|
|inactive|Battle timer is ON: inactive players will automatically lose when time's up. (requested by subhamcheee)
|
|t:|1786115090
|teamsize|p1|4
|teamsize|p2|4
|start
|switch|p1a: Corviknight|Corviknight, L50, F|100/100
|switch|p1b: Garchomp|Garchomp, L50, M|100/100
|switch|p2a: Rollin girl|Dragonite, L50, F, shiny|100/100
|switch|p2b: Streetcat|Sneasler, L50, M|100/100
|turn|1
|inactive|subhamcheee has 30 seconds left.
|inactive|hugoggg has 30 seconds left.
|
|t:|1786115120
|detailschange|p1b: Garchomp|Garchomp-Mega, L50, M
|-mega|p1b: Garchomp|Garchomp|Garchompite
|move|p1b: Garchomp|Protect|p1b: Garchomp
|-singleturn|p1b: Garchomp|Protect
|move|p2b: Streetcat|Fake Out|p1a: Corviknight
|-resisted|p1a: Corviknight|1
|-damage|p1a: Corviknight|94/100
|move|p2a: Rollin girl|Scale Shot|p1b: Garchomp
|-activate|p1b: Garchomp|move: Protect
|cant|p1a: Corviknight|flinch
|
|upkeep
|turn|2
|
|t:|1786115135
|switch|p1b: Primarina|Primarina, L50, M|100/100
|move|p2b: Streetcat|Close Combat|p1b: Primarina
|-resisted|p1b: Primarina|1
|-damage|p1b: Primarina|64/100
|-unboost|p2b: Streetcat|def|1
|-unboost|p2b: Streetcat|spd|1
|-enditem|p2b: Streetcat|White Herb
|-clearnegativeboost|p2b: Streetcat|[silent]
|move|p2a: Rollin girl|Scale Shot|p1b: Primarina
|-immune|p1b: Primarina
|move|p1a: Corviknight|Tailwind|p1a: Corviknight
|-sidestart|p1: subhamcheee|move: Tailwind
|
|-heal|p1b: Primarina|70/100|[from] item: Leftovers
|upkeep
|turn|3
|inactive|subhamcheee has 30 seconds left.
|inactive|hugoggg has 30 seconds left.
|inactive|subhamcheee has 20 seconds left.
|inactive|subhamcheee has 15 seconds left.
|inactive|hugoggg has 20 seconds left.
|inactive|subhamcheee has 10 seconds left.
|inactive|hugoggg has 15 seconds left.
|
|t:|1786115184
|move|p2b: Streetcat|Protect|p2b: Streetcat
|-singleturn|p2b: Streetcat|Protect
|move|p1b: Primarina|Protect|p1b: Primarina
|-singleturn|p1b: Primarina|Protect
|move|p1a: Corviknight|Brave Bird|p2b: Streetcat
|-activate|p2b: Streetcat|move: Protect
|move|p2a: Rollin girl|Scale Shot|p1a: Corviknight
|-resisted|p1a: Corviknight|1
|-damage|p1a: Corviknight|87/100
|-resisted|p1a: Corviknight|1
|-crit|p1a: Corviknight
|-damage|p1a: Corviknight|76/100
|-hitcount|p1a: Corviknight|2
|-unboost|p2a: Rollin girl|def|1
|-boost|p2a: Rollin girl|spe|1
|
|-heal|p1b: Primarina|75/100|[from] item: Leftovers
|upkeep
|turn|4
|
|t:|1786115207
|move|p2b: Streetcat|Gunk Shot|p1b: Primarina
|-supereffective|p1b: Primarina|1
|-damage|p1b: Primarina|0 fnt
|faint|p1b: Primarina
|move|p2a: Rollin girl|Scale Shot|p1a: Corviknight
|-resisted|p1a: Corviknight|1
|-damage|p1a: Corviknight|68/100
|-resisted|p1a: Corviknight|1
|-damage|p1a: Corviknight|61/100
|-hitcount|p1a: Corviknight|2
|-unboost|p2a: Rollin girl|def|1
|-boost|p2a: Rollin girl|spe|1
|move|p1a: Corviknight|Brave Bird|p2b: Streetcat
|-supereffective|p2b: Streetcat|1
|-damage|p2b: Streetcat|0 fnt
|faint|p2b: Streetcat
|-damage|p1a: Corviknight|33/100|[from] Recoil
|-enditem|p1a: Corviknight|Sitrus Berry|[eat]
|-heal|p1a: Corviknight|58/100|[from] item: Sitrus Berry
|
|upkeep
|inactive|hugoggg has 30 seconds left.
|
|t:|1786115233
|switch|p2b: Ghost rule|Froslass, L50, F|100/100
|switch|p1b: Tyranitar|Tyranitar, L50, M|100/100
|-weather|Sandstorm|[from] ability: Sand Stream|[of] p1b: Tyranitar
|turn|5
|inactive|subhamcheee has 30 seconds left.
|
|t:|1786115258
|detailschange|p2b: Ghost rule|Froslass-Mega, L50, F
|-mega|p2b: Ghost rule|Froslass|Froslassite
|-weather|Snowscape|[from] ability: Snow Warning|[of] p2b: Ghost rule
|move|p1b: Tyranitar|Knock Off|p2a: Rollin girl
|-damage|p2a: Rollin girl|47/100
|-enditem|p2a: Rollin girl|Dragon Fang|[from] move: Knock Off|[of] p1b: Tyranitar
|move|p2a: Rollin girl|Scale Shot|p1b: Tyranitar
|-damage|p1b: Tyranitar|85/100
|-damage|p1b: Tyranitar|72/100
|-hitcount|p1b: Tyranitar|2
|-unboost|p2a: Rollin girl|def|1
|-boost|p2a: Rollin girl|spe|1
|move|p1a: Corviknight|Iron Head|p2b: Ghost rule
|-supereffective|p2b: Ghost rule|1
|-damage|p2b: Ghost rule|39/100
|cant|p2b: Ghost rule|flinch
|
|-weather|Snowscape|[upkeep]
|-sideend|p1: subhamcheee|move: Tailwind
|upkeep
|turn|6
|inactive|subhamcheee has 30 seconds left.
|
|t:|1786115290
|switch|p2b: Villain|Kingambit, L50, F|100/100
|move|p2a: Rollin girl|Tailwind|p2a: Rollin girl
|-sidestart|p2: hugoggg|move: Tailwind
|move|p1b: Tyranitar|Knock Off|p2b: Villain
|-resisted|p2b: Villain|1
|-damage|p2b: Villain|81/100
|-enditem|p2b: Villain|Life Orb|[from] move: Knock Off|[of] p1b: Tyranitar
|move|p1a: Corviknight|Brave Bird|p2a: Rollin girl
|-damage|p2a: Rollin girl|0 fnt
|faint|p2a: Rollin girl
|-damage|p1a: Corviknight|44/100|[from] Recoil
|
|-weather|Snowscape|[upkeep]
|upkeep
|
|t:|1786115299
|switch|p2a: Ghost rule|Froslass-Mega, L50, F|39/100
|turn|7
|inactive|subhamcheee has 30 seconds left.
|
|t:|1786115328
|move|p2a: Ghost rule|Protect|p2a: Ghost rule
|-singleturn|p2a: Ghost rule|Protect
|move|p1b: Tyranitar|Knock Off|p2a: Ghost rule
|-activate|p2a: Ghost rule|move: Protect
|move|p2b: Villain|Swords Dance|p2b: Villain
|-boost|p2b: Villain|atk|2
|move|p1a: Corviknight|Tailwind|p1a: Corviknight
|-sidestart|p1: subhamcheee|move: Tailwind
|
|-weather|Snowscape|[upkeep]
|upkeep
|turn|8
|
|t:|1786115353
|move|p2a: Ghost rule|Protect||[still]
|-fail|p2a: Ghost rule
|move|p1b: Tyranitar|Knock Off|p2a: Ghost rule
|-supereffective|p2a: Ghost rule|1
|-damage|p2a: Ghost rule|0 fnt
|faint|p2a: Ghost rule
|move|p1a: Corviknight|Iron Head|p2b: Villain
|-resisted|p2b: Villain|1
|-damage|p2b: Villain|69/100
|cant|p2b: Villain|flinch
|
|-weather|Snowscape|[upkeep]
|upkeep
|turn|9
|
|t:|1786115369
|switch|p1b: Garchomp|Garchomp-Mega, L50, M|100/100
|move|p1a: Corviknight|Iron Head|p2b: Villain
|-resisted|p2b: Villain|1
|-damage|p2b: Villain|54/100
|move|p2b: Villain|Swords Dance|p2b: Villain
|-boost|p2b: Villain|atk|2
|
|-weather|none
|-sideend|p2: hugoggg|move: Tailwind
|upkeep
|turn|10
|inactive|hugoggg has 30 seconds left.
|
|t:|1786115397
|move|p2b: Villain|Sucker Punch|p1b: Garchomp
|-damage|p1b: Garchomp|0 fnt
|faint|p1b: Garchomp
|move|p1a: Corviknight|Iron Head|p2b: Villain
|-resisted|p2b: Villain|1
|-damage|p2b: Villain|42/100
|
|-sideend|p1: subhamcheee|move: Tailwind
|upkeep
|
|t:|1786115406
|switch|p1b: Tyranitar|Tyranitar, L50, M|72/100
|-weather|Sandstorm|[from] ability: Sand Stream|[of] p1b: Tyranitar
|turn|11
|
|t:|1786115416
|move|p2b: Villain|Sucker Punch|p1b: Tyranitar
|-resisted|p1b: Tyranitar|1
|-damage|p1b: Tyranitar|14/100
|move|p1b: Tyranitar|Superpower|p2b: Villain
|-supereffective|p2b: Villain|2
|-damage|p2b: Villain|0 fnt
|-unboost|p1b: Tyranitar|atk|1
|-unboost|p1b: Tyranitar|def|1
|faint|p2b: Villain
|
|win|subhamcheee
||hugoggg is ready for game 3.
||subhamcheee is ready for game 3.
|uhtml|next|Next: Game 3 of 3
|l|☆subhamcheee
|player|p1|
