|j|☆Uncreative7452
|j|☆Lacossg
|html|Uncreative7452Lacossg    
|uhtml|bestof|Game 2 of a best-of-3
|t:|1756762975
|gametype|doubles
|player|p1|Uncreative7452|tuber|1100
|player|p2|Lacossg|101|1068
|gen|9
|tier|[Gen 9] VGC 2025 Reg H (Bo3)
|rated|
|rule|Species Clause: Limit one of each Pokémon
|rule|Item Clause: Limit 1 of each item
|clearpoke
|poke|p1|Rillaboom, L50, M|
|poke|p1|Gallade, L50, M|
|poke|p1|Magmar, L50, F|
|poke|p1|Bronzong, L50|
|poke|p1|Primarina, L50, F|
|poke|p1|Alcremie, L50, F|
|poke|p2|Corviknight, L50, M|
|poke|p2|Chesnaught, L50, M|
|poke|p2|Tyranitar, L50, M|
|poke|p2|Porygon2, L50|
|poke|p2|Volcarona, L50, M|
|poke|p2|Ursaluna, L50, F|
|teampreview|4
|showteam|p1|Rillaboom||AssaultVest|GrassySurge|GrassyGlide,WoodHammer,Uturn,FakeOut|||M|||50|,,,,,Fire]Gallade||ClearAmulet|Sharpness|PsychoCut,SacredSword,WideGuard,TrickRoom|||M|||50|,,,,,Fire]Magmar||Eviolite|VitalSpirit|FollowMe,HeatWave,WillOWisp,Protect|||F|||50|,,,,,Ghost]Bronzong||SafetyGoggles|HeavyMetal|HeavySlam,TrickRoom,BodyPress,GyroBall||||||50|,,,,,Water]Primarina||ThroatSpray|LiquidVoice|HyperVoice,Moonblast,Protect,Encore|||F|||50|,,,,,Water]Alcremie||CovertCloak|AromaVeil|AlluringVoice,Decorate,Protect,HelpingHand|||F|||50|,,,,,Steel
|showteam|p2|Corviknight||CovertCloak|MirrorArmor|Tailwind,Taunt,BraveBird,Roost|||M|||50|,,,,,Dragon]Chesnaught||Leftovers|Bulletproof|WideGuard,BodyPress,Protect,IronDefense|||M|||50|,,,,,Fairy]Tyranitar||FocusSash|SandStream|RockSlide,KnockOff,TeraBlast,Protect|||M|||50|,,,,,Grass]Porygon2||Eviolite|Download|TeraBlast,IceBeam,TrickRoom,Recover||||||50|,,,,,Flying]Volcarona||SitrusBerry|FlameBody|QuiverDance,FieryDance,GigaDrain,Protect|||M|||50|,,,,,Grass]Ursaluna||FlameOrb|Guts|HeadlongRush,Facade,Substitute,Protect|||F|||50|,,,,,Ghost
|
|t:|1756762990
|teamsize|p1|4
|teamsize|p2|4
|start
|switch|p1a: Bronzong|Bronzong, L50|100/100
|switch|p1b: Primarina|Primarina, L50, F|100/100
|switch|p2a: Corviknight|Corviknight, L50, M|100/100
|switch|p2b: Tyranitar|Tyranitar, L50, M|100/100
|-weather|Sandstorm|[from] ability: Sand Stream|[of] p2b: Tyranitar
|turn|1
|
|t:|1756763013
|move|p2b: Tyranitar|Knock Off|p1b: Primarina
|-resisted|p1b: Primarina
|-damage|p1b: Primarina|68/100
|-enditem|p1b: Primarina|Throat Spray|[from] move: Knock Off|[of] p2b: Tyranitar
|move|p2a: Corviknight|Taunt|p1a: Bronzong
|-start|p1a: Bronzong|move: Taunt
|move|p1b: Primarina|Hyper Voice|p2b: Tyranitar|[spread] p2a,p2b
|-supereffective|p2b: Tyranitar
|-damage|p2a: Corviknight|71/100
|-damage|p2b: Tyranitar|52/100
|move|p1a: Bronzong|Body Press|p2b: Tyranitar
|-supereffective|p2b: Tyranitar
|-damage|p2b: Tyranitar|0 fnt
|faint|p2b: Tyranitar
|
|-weather|Sandstorm|[upkeep]
|-damage|p1b: Primarina|63/100|[from] Sandstorm
|upkeep
|
|t:|1756763023
|switch|p2b: Volcarona|Volcarona, L50, M|100/100
|turn|2
|
|t:|1756763034
|switch|p1b: Magmar|Magmar, L50, F|100/100
|-terastallize|p2b: Volcarona|Grass
|-terastallize|p1a: Bronzong|Water
|move|p2b: Volcarona|Quiver Dance|p2b: Volcarona
|-boost|p2b: Volcarona|spa|1
|-boost|p2b: Volcarona|spd|1
|-boost|p2b: Volcarona|spe|1
|move|p2a: Corviknight|Brave Bird|p1b: Magmar
|-damage|p1b: Magmar|74/100
|-damage|p2a: Corviknight|64/100|[from] Recoil
|move|p1a: Bronzong|Body Press|p2a: Corviknight
|-damage|p2a: Corviknight|39/100
|
|-weather|Sandstorm|[upkeep]
|-damage|p2b: Volcarona|94/100|[from] Sandstorm
|-damage|p1b: Magmar|69/100|[from] Sandstorm
|upkeep
|turn|3
|
|t:|1756763047
|move|p2b: Volcarona|Giga Drain|p1a: Bronzong
|-supereffective|p1a: Bronzong
|-damage|p1a: Bronzong|0 fnt
|-heal|p2b: Volcarona|100/100|[from] drain|[of] p1a: Bronzong
|faint|p1a: Bronzong
|move|p2a: Corviknight|Roost|p2a: Corviknight
|-heal|p2a: Corviknight|89/100
|-singleturn|p2a: Corviknight|move: Roost
|move|p1b: Magmar|Heat Wave|p2b: Volcarona|[spread] p2a,p2b
|-supereffective|p2a: Corviknight
|-supereffective|p2b: Volcarona
|-damage|p2a: Corviknight|56/100
|-damage|p2b: Volcarona|71/100
|
|-weather|Sandstorm|[upkeep]
|-damage|p2b: Volcarona|65/100|[from] Sandstorm
|-damage|p1b: Magmar|63/100|[from] Sandstorm
|upkeep
|
|t:|1756763055
|switch|p1a: Primarina|Primarina, L50, F|63/100
|turn|4
|
|t:|1756763073
|switch|p1a: Gallade|Gallade, L50, M|100/100
|move|p2b: Volcarona|Fiery Dance|p1b: Magmar
|-resisted|p1b: Magmar
|-damage|p1b: Magmar|42/100
|move|p2a: Corviknight|Brave Bird|p1b: Magmar
|-damage|p1b: Magmar|16/100
|-damage|p2a: Corviknight|49/100|[from] Recoil
|move|p1b: Magmar|Heat Wave|p2b: Volcarona|[spread] p2a,p2b
|-supereffective|p2a: Corviknight
|-supereffective|p2b: Volcarona
|-damage|p2a: Corviknight|10/100
|-damage|p2b: Volcarona|34/100
|-enditem|p2b: Volcarona|Sitrus Berry|[eat]
|-heal|p2b: Volcarona|59/100|[from] item: Sitrus Berry
|
|-weather|Sandstorm|[upkeep]
|-damage|p2b: Volcarona|53/100|[from] Sandstorm
|-damage|p1b: Magmar|10/100|[from] Sandstorm
|-damage|p1a: Gallade|94/100|[from] Sandstorm
|upkeep
|turn|5
|
|t:|1756763089
|move|p1b: Magmar|Follow Me|p1b: Magmar
|-singleturn|p1b: Magmar|move: Follow Me
|move|p2b: Volcarona|Fiery Dance|p1b: Magmar
|-resisted|p1b: Magmar
|-damage|p1b: Magmar|0 fnt
|-boost|p2b: Volcarona|spa|1
|faint|p1b: Magmar
|move|p2a: Corviknight|Brave Bird|p1a: Gallade
|-supereffective|p1a: Gallade
|-damage|p1a: Gallade|0 fnt
|faint|p1a: Gallade
|-damage|p2a: Corviknight|0 fnt|[from] Recoil
|faint|p2a: Corviknight
|
|-weather|none
|upkeep
|-message|Uncreative7452 forfeited.
|
|win|Lacossg
|raw|Uncreative7452's rating: 1100 → 1073(-27 for losing)
|raw|Lacossg's rating: 1068 → 1101(+33 for winning)
|l|☆Uncreative7452
|player|p1|
