|j|☆patata navidenya
|j|☆Lucario Palworld
|html|patata navidenyaLucario Palworld    
|uhtml|bestof|Game 1 of a best-of-3
|t:|1756322059
|gametype|doubles
|player|p1|patata navidenya|cilan|1258
|player|p2|Lucario Palworld|1|1284
|gen|9
|tier|[Gen 9] VGC 2025 Reg H (Bo3)
|rated|
|rule|Species Clause: Limit one of each Pokémon
|rule|Item Clause: Limit 1 of each item
|clearpoke
|poke|p1|Pelipper, L50, F|
|poke|p1|Archaludon, L50, F|
|poke|p1|Sinistcha, L50|
|poke|p1|Incineroar, L50, F|
|poke|p1|Dragonite, L50, F|
|poke|p1|Basculegion, L50, M|
|poke|p2|Pelipper, L50, F|
|poke|p2|Dragonite, L50, F|
|poke|p2|Tatsugiri, L50, F|
|poke|p2|Dondozo, L50, F|
|poke|p2|Gholdengo, L50|
|poke|p2|Perrserker, L50, M|
|teampreview|4
|showteam|p1|Pelipper||FocusSash|Drizzle|MuddyWater,Hurricane,WideGuard,Protect|||F|||50|,,,,,Ghost]Archaludon||AssaultVest|Stamina|FlashCannon,ElectroShot,BodyPress,Snarl|||F|||50|,,,,,Bug]Sinistcha||SitrusBerry|Hospitality|MatchaGotcha,RagePowder,LifeDew,TrickRoom||||||50|,,,,,Dark]Incineroar||SafetyGoggles|Intimidate|KnockOff,Taunt,PartingShot,FakeOut|||F|||50|,,,,,Ghost]Dragonite||LoadedDice|Multiscale|ScaleShot,Tailwind,Haze,Protect|||F|||50|,,,,,Fairy]Basculegion||LifeOrb|SwiftSwim|WaveCrash,AquaJet,LastRespects,Protect|||M|||50|,,,,,Water
|showteam|p2|Pelipper||FocusSash|Drizzle|Hurricane,WeatherBall,WideGuard,Tailwind|||F|||50|,,,,,Flying]Dragonite||LoadedDice|Multiscale|ScaleShot,Haze,ExtremeSpeed,LowKick|||F|||50|,,,,,Grass]Tatsugiri||ChoiceScarf|Commander|MuddyWater,DracoMeteor,DragonPulse,IcyWind|||F|||50|,,,,,Steel]Dondozo||ClearAmulet|Unaware|Earthquake,WaveCrash,OrderUp,Protect|||F|||50|,,,,,Grass]Gholdengo||ChoiceSpecs|GoodasGold|ShadowBall,MakeItRain,FocusBlast,Thunderbolt||||||50|,,,,,Steel]Perrserker||ChopleBerry|SteelySpirit|FakeOut,IronHead,Taunt,KnockOff|||M|||50|,,,,,Steel
|inactive|Battle timer is ON: inactive players will automatically lose when time's up. (requested by patata navidenya)
|inactive|Lucario Palworld has 60 seconds left.
|inactive|patata navidenya has 60 seconds left.
|
|t:|1756322103
|teamsize|p1|4
|teamsize|p2|4
|start
|switch|p1a: Dragonite|Dragonite, L50, F|100/100
|switch|p1b: Archaludon|Archaludon, L50, F|100/100
|switch|p2a: Dondozo|Dondozo, L50, F|100/100
|switch|p2b: Dragonite|Dragonite, L50, F|100/100
|turn|1
|inactive|patata navidenya has 30 seconds left.
|inactive|Lucario Palworld has 30 seconds left.
|inactive|Lucario Palworld has 20 seconds left.
|inactive|Lucario Palworld has 15 seconds left.
|inactive|patata navidenya has 20 seconds left.
|
|t:|1756322151
|switch|p1b: Pelipper|Pelipper, L50, F|100/100
|-weather|RainDance|[from] ability: Drizzle|[of] p1b: Pelipper
|-terastallize|p1a: Dragonite|Fairy
|move|p2a: Dondozo|Protect|p2a: Dondozo
|-singleturn|p2a: Dondozo|Protect
|move|p1a: Dragonite|Scale Shot|p2b: Dragonite
|-supereffective|p2b: Dragonite
|-crit|p2b: Dragonite
|-damage|p2b: Dragonite|78/100
|-supereffective|p2b: Dragonite
|-damage|p2b: Dragonite|46/100
|-supereffective|p2b: Dragonite
|-damage|p2b: Dragonite|16/100
|-supereffective|p2b: Dragonite
|-damage|p2b: Dragonite|0 fnt
|faint|p2b: Dragonite
|-hitcount|p2: Dragonite|4
|-unboost|p1a: Dragonite|def|1
|-boost|p1a: Dragonite|spe|1
|
|-weather|RainDance|[upkeep]
|upkeep
|
|t:|1756322158
|switch|p2b: Gholdengo|Gholdengo, L50|100/100
|turn|2
|inactive|patata navidenya has 30 seconds left.
|
|t:|1756322187
|move|p1a: Dragonite|Protect|p1a: Dragonite
|-singleturn|p1a: Dragonite|Protect
|move|p1b: Pelipper|Protect|p1b: Pelipper
|-singleturn|p1b: Pelipper|Protect
|move|p2b: Gholdengo|Make It Rain|p1b: Pelipper|[spread] 
|-activate|p1a: Dragonite|move: Protect
|-activate|p1b: Pelipper|move: Protect
|move|p2a: Dondozo|Wave Crash|p1b: Pelipper
|-activate|p1b: Pelipper|move: Protect
|
|-weather|RainDance|[upkeep]
|upkeep
|turn|3
|
|t:|1756322211
|move|p2a: Dondozo|Protect|p2a: Dondozo
|-singleturn|p2a: Dondozo|Protect
|move|p1b: Pelipper|Wide Guard|p1b: Pelipper
|-singleturn|p1b: Pelipper|Wide Guard
|move|p1a: Dragonite|Tailwind|p1a: Dragonite
|-sidestart|p1: patata navidenya|move: Tailwind
|move|p2b: Gholdengo|Make It Rain|p1a: Dragonite|[spread] 
|-activate|p1a: Dragonite|move: Wide Guard
|-activate|p1b: Pelipper|move: Wide Guard
|
|-weather|RainDance|[upkeep]
|upkeep
|turn|4
|
|t:|1756322227
|switch|p2b: Tatsugiri|Tatsugiri, L50, F|100/100
|-activate|p2b: Tatsugiri|ability: Commander|[of] p2a: Dondozo
|-boost|p2a: Dondozo|atk|2
|-boost|p2a: Dondozo|spa|2
|-boost|p2a: Dondozo|spe|2
|-boost|p2a: Dondozo|def|2
|-boost|p2a: Dondozo|spd|2
|move|p1b: Pelipper|Wide Guard|p1b: Pelipper
|-singleturn|p1b: Pelipper|Wide Guard
|move|p1a: Dragonite|Scale Shot|p2a: Dondozo
|-damage|p2a: Dondozo|96/100
|-damage|p2a: Dondozo|91/100
|-damage|p2a: Dondozo|85/100
|-damage|p2a: Dondozo|80/100
|-damage|p2a: Dondozo|76/100
|-hitcount|p2a: Dondozo|5
|-unboost|p1a: Dragonite|def|1
|-boost|p1a: Dragonite|spe|1
|move|p2a: Dondozo|Wave Crash|p1a: Dragonite
|-damage|p1a: Dragonite|8/100
|-damage|p2a: Dondozo|53/100|[from] Recoil
|
|-weather|RainDance|[upkeep]
|upkeep
|turn|5
|inactive|Lucario Palworld has 30 seconds left.
|
|t:|1756322258
|move|p1a: Dragonite|Haze|p1a: Dragonite
|-clearallboost
|move|p1b: Pelipper|Hurricane|p2a: Dondozo
|-damage|p2a: Dondozo|0 fnt
|faint|p2a: Dondozo
|
|-weather|none
|upkeep
|
|t:|1756322269
|switch|p2a: Gholdengo|Gholdengo, L50|100/100
|turn|6
|inactive|Lucario Palworld has 30 seconds left.
|
|t:|1756322301
|switch|p1b: Archaludon|Archaludon, L50, F|100/100
|-terastallize|p2b: Tatsugiri|Steel
|move|p1a: Dragonite|Scale Shot|p2b: Tatsugiri|[miss]
|-miss|p1a: Dragonite|p2b: Tatsugiri
|move|p2b: Tatsugiri|Dragon Pulse|p1b: Archaludon
|-damage|p1b: Archaludon|63/100
|-ability|p1b: Archaludon|Stamina|boost
|-boost|p1b: Archaludon|def|1
|move|p2a: Gholdengo|Shadow Ball|p1a: Dragonite
|-damage|p1a: Dragonite|0 fnt
|faint|p1a: Dragonite
|
|-sideend|p1: patata navidenya|move: Tailwind
|upkeep
|
|t:|1756322324
|switch|p1a: Pelipper|Pelipper, L50, F|100/100
|-weather|RainDance|[from] ability: Drizzle|[of] p1a: Pelipper
|turn|7
|
|t:|1756322337
|move|p2b: Tatsugiri|Dragon Pulse|p1b: Archaludon
|-damage|p1b: Archaludon|23/100
|-ability|p1b: Archaludon|Stamina|boost
|-boost|p1b: Archaludon|def|1
|move|p2a: Gholdengo|Shadow Ball|p1b: Archaludon
|-damage|p1b: Archaludon|0 fnt
|faint|p1b: Archaludon
|move|p1a: Pelipper|Muddy Water|p2b: Tatsugiri|[spread] p2a
|-miss|p1a: Pelipper|p2b: Tatsugiri
|-damage|p2a: Gholdengo|45/100
|
|-weather|RainDance|[upkeep]
|upkeep
|
|t:|1756322352
|switch|p1b: Basculegion|Basculegion, L50, M|100/100
|turn|8
|
|t:|1756322359
|move|p1b: Basculegion|Last Respects|p2a: Gholdengo
|-supereffective|p2a: Gholdengo
|-damage|p2a: Gholdengo|0 fnt
|faint|p2a: Gholdengo
|-damage|p1b: Basculegion|91/100|[from] item: Life Orb
|move|p2b: Tatsugiri|Dragon Pulse|p1b: Basculegion
|-crit|p1b: Basculegion
|-damage|p1b: Basculegion|17/100
|move|p1a: Pelipper|Muddy Water|p2b: Tatsugiri
|-damage|p2b: Tatsugiri|16/100
|
|-weather|RainDance|[upkeep]
|upkeep
|turn|9
|
|t:|1756322371
|move|p1b: Basculegion|Last Respects|p2b: Tatsugiri
|-damage|p2b: Tatsugiri|0 fnt
|faint|p2b: Tatsugiri
|-damage|p1b: Basculegion|7/100|[from] item: Life Orb
|
|win|patata navidenya
||patata navidenya is ready for game 2.
||Lucario Palworld is ready for game 2.
|uhtml|next|Next: Game 2 of 3
|l|☆Lucario Palworld
|player|p2|
