|j|☆hariruki
|j|☆JessTest
|html|harirukiJessTest    
|uhtml|bestof|Game 2 of a best-of-3
|t:|1782380597
|gametype|doubles
|player|p1|hariruki|169|1162
|player|p2|JessTest|169|1045
|gen|9
|tier|[Gen 9 Champions] VGC 2026 Reg M-B (Bo3)
|rated|
|rule|Species Clause: Limit one of each Pokémon
|rule|Item Clause: Limit 1 of each item
|clearpoke
|poke|p1|Swampert, L50, M|
|poke|p1|Pelipper, L50, M|
|poke|p1|Archaludon, L50, M|
|poke|p1|Sinistcha, L50|
|poke|p1|Metagross, L50|
|poke|p1|Sableye, L50, F|
|poke|p2|Raichu, L50, M|
|poke|p2|Gyarados, L50, F|
|poke|p2|Sinistcha, L50|
|poke|p2|Incineroar, L50, F|
|poke|p2|Kommo-o, L50, M|
|poke|p2|Metagross, L50|
|teampreview|4
|showteam|p1|Swampert||Swampertite|Damp|WaveCrash,Earthquake,IcePunch,Protect|Adamant||M|||50|]Pelipper||SitrusBerry|Drizzle|Hurricane,WeatherBall,Tailwind,WideGuard|Modest||M|||50|]Archaludon||Leftovers|Stamina|ElectroShot,DragonPulse,FlashCannon,Protect|Modest||M|||50|]Sinistcha||CobaBerry|Hospitality|MatchaGotcha,RagePowder,TrickRoom,Protect|Relaxed|||||50|]Metagross||Metagrossite|ClearBody|IronHead,PsychicFangs,BodyPress,Protect|Jolly|||||50|]Sableye||LightClay|Prankster|LightScreen,WillOWisp,RainDance,SkillSwap|Calm||F|||50|
|showteam|p2|Raichu||FocusSash|LightningRod|Thunderbolt,Encore,FakeOut,Protect|Hasty||M|||50|]Gyarados||Gyaradosite|Intimidate|Waterfall,IceFang,DragonDance,Protect|Adamant||F|||50|]Sinistcha||SitrusBerry|Hospitality|MatchaGotcha,LifeDew,RagePowder,TrickRoom|Calm|||||50|]Incineroar||ChopleBerry|Intimidate|FlareBlitz,ThroatChop,FakeOut,PartingShot|Careful||F|||50|]Kommo-o||Leftovers|Soundproof|ClangingScales,AuraSphere,ClangorousSoul,Protect|Timid||M|||50|]Metagross||Metagrossite|ClearBody|IronHead,PsychicFangs,StompingTantrum,Protect|Jolly|||||50|
|inactive|Battle timer is ON: inactive players will automatically lose when time's up. (requested by JessTest)
|inactive|JessTest has 60 seconds left.
|inactive|JessTest has 30 seconds left.
|inactive|JessTest has 20 seconds left.
|inactive|JessTest has 15 seconds left.
|
|t:|1782380675
|teamsize|p1|4
|teamsize|p2|4
|start
|switch|p1a: Metagross|Metagross, L50|100/100
|switch|p1b: Sableye|Sableye, L50, F|100/100
|switch|p2a: Kommo-o|Kommo-o, L50, M|100/100
|switch|p2b: Raichu|Raichu, L50, M|100/100
|turn|1
|inactive|hariruki has 30 seconds left.
|
|t:|1782380702
|switch|p1a: Archaludon|Archaludon, L50, M|100/100
|move|p2b: Raichu|Fake Out|p1a: Archaludon
|-resisted|p1a: Archaludon|1
|-damage|p1a: Archaludon|96/100
|-ability|p1a: Archaludon|Stamina|boost
|-boost|p1a: Archaludon|def|1
|move|p1b: Sableye|Light Screen|p1b: Sableye
|-sidestart|p1: hariruki|move: Light Screen
|move|p2a: Kommo-o|Clangorous Soul|p2a: Kommo-o
|-boost|p2a: Kommo-o|atk|1
|-boost|p2a: Kommo-o|def|1
|-boost|p2a: Kommo-o|spa|1
|-boost|p2a: Kommo-o|spd|1
|-boost|p2a: Kommo-o|spe|1
|-damage|p2a: Kommo-o|67/100
|
|-heal|p2a: Kommo-o|73/100|[from] item: Leftovers
|-heal|p1a: Archaludon|100/100|[from] item: Leftovers
|upkeep
|turn|2
|inactive|JessTest has 30 seconds left.
|
|t:|1782380731
|move|p2a: Kommo-o|Protect|p2a: Kommo-o
|-singleturn|p2a: Kommo-o|Protect
|move|p1b: Sableye|Skill Swap|p2b: Raichu
|-activate|p1b: Sableye|Skill Swap|Lightning Rod|Prankster|[of] p2b: Raichu
|move|p2b: Raichu|Encore|p1b: Sableye
|-hint|Since gen 7, Dark is immune to Prankster moves.
|-immune|p1b: Sableye
|move|p1a: Archaludon|Electro Shot||[still]
|-prepare|p1a: Archaludon|Electro Shot
|-boost|p1a: Archaludon|spa|1
|
|-heal|p2a: Kommo-o|78/100|[from] item: Leftovers
|upkeep
|turn|3
|inactive|JessTest has 30 seconds left.
|inactive|JessTest has 20 seconds left.
|
|t:|1782380767
|switch|p2b: Sinistcha|Sinistcha, L50|100/100
|-heal|p2a: Kommo-o|100/100|[from] ability: Hospitality|[of] p2b: Sinistcha
|switch|p1b: Pelipper|Pelipper, L50, M|100/100
|-weather|RainDance|[from] ability: Drizzle|[of] p1b: Pelipper
|move|p2a: Kommo-o|Aura Sphere|p1a: Archaludon
|-supereffective|p1a: Archaludon|1
|-damage|p1a: Archaludon|30/100
|-ability|p1a: Archaludon|Stamina|boost
|-boost|p1a: Archaludon|def|1
|move|p1a: Archaludon|Electro Shot|p2a: Kommo-o|[from] lockedmove
|-resisted|p2a: Kommo-o|1
|-damage|p2a: Kommo-o|75/100
|
|-weather|RainDance|[upkeep]
|-heal|p2a: Kommo-o|81/100|[from] item: Leftovers
|-heal|p1a: Archaludon|36/100|[from] item: Leftovers
|upkeep
|turn|4
|inactive|hariruki has 30 seconds left.
|inactive|JessTest has 30 seconds left.
|inactive|hariruki has 20 seconds left.
|inactive|hariruki has 15 seconds left.
|
|t:|1782380808
|switch|p2b: Raichu|Raichu, L50, M|100/100
|move|p2a: Kommo-o|Protect|p2a: Kommo-o
|-singleturn|p2a: Kommo-o|Protect
|move|p1b: Pelipper|Wide Guard|p1b: Pelipper
|-singleturn|p1b: Pelipper|Wide Guard
|move|p1a: Archaludon|Dragon Pulse|p2a: Kommo-o
|-activate|p2a: Kommo-o|move: Protect
|
|-weather|RainDance|[upkeep]
|-heal|p2a: Kommo-o|87/100|[from] item: Leftovers
|-heal|p1a: Archaludon|42/100|[from] item: Leftovers
|upkeep
|turn|5
|
|t:|1782380831
|move|p2a: Kommo-o|Aura Sphere|p1a: Archaludon
|-supereffective|p1a: Archaludon|1
|-damage|p1a: Archaludon|0 fnt
|faint|p1a: Archaludon
|move|p2b: Raichu|Thunderbolt|p1b: Pelipper
|-supereffective|p1b: Pelipper|2
|-damage|p1b: Pelipper|0 fnt
|faint|p1b: Pelipper
|
|-weather|RainDance|[upkeep]
|-heal|p2a: Kommo-o|93/100|[from] item: Leftovers
|upkeep
|
|t:|1782380842
|switch|p1a: Metagross|Metagross, L50|100/100
|switch|p1b: Sableye|Sableye, L50, F|100/100
|turn|6
|
|t:|1782380864
|detailschange|p1a: Metagross|Metagross-Mega, L50
|-mega|p1a: Metagross|Metagross|Metagrossite
|move|p2a: Kommo-o|Protect|p2a: Kommo-o
|-singleturn|p2a: Kommo-o|Protect
|move|p1b: Sableye|Will-O-Wisp|p2b: Raichu
|-status|p2b: Raichu|brn
|move|p2b: Raichu|Thunderbolt|p1b: Sableye
|-damage|p1b: Sableye|73/100
|-status|p1b: Sableye|par
|move|p1a: Metagross|Psychic Fangs|p2b: Raichu
|-enditem|p2b: Raichu|Focus Sash
|-damage|p2b: Raichu|1/100 brn
|
|-weather|RainDance|[upkeep]
|-heal|p2a: Kommo-o|99/100|[from] item: Leftovers
|-damage|p2b: Raichu|0 fnt|[from] brn
|faint|p2b: Raichu
|upkeep
|
|t:|1782380883
|switch|p2b: Sinistcha|Sinistcha, L50|100/100
|-heal|p2a: Kommo-o|100/100|[from] ability: Hospitality|[of] p2b: Sinistcha
|turn|7
|
|t:|1782380900
|move|p2b: Sinistcha|Rage Powder|p2b: Sinistcha
|-singleturn|p2b: Sinistcha|move: Rage Powder
|cant|p1b: Sableye|par
|move|p2a: Kommo-o|Clangorous Soul|p2a: Kommo-o
|-boost|p2a: Kommo-o|atk|1
|-boost|p2a: Kommo-o|def|1
|-boost|p2a: Kommo-o|spa|1
|-boost|p2a: Kommo-o|spd|1
|-boost|p2a: Kommo-o|spe|1
|-damage|p2a: Kommo-o|67/100
|move|p1a: Metagross|Psychic Fangs|p2b: Sinistcha
|-damage|p2b: Sinistcha|50/100g
|
|-weather|none
|-heal|p2a: Kommo-o|73/100|[from] item: Leftovers
|upkeep
|turn|8
|
|t:|1782380924
|move|p2b: Sinistcha|Rage Powder|p2b: Sinistcha
|-singleturn|p2b: Sinistcha|move: Rage Powder
|move|p1b: Sableye|Skill Swap|p2b: Sinistcha
|-activate|p1b: Sableye|Skill Swap|Hospitality|Prankster|[of] p2b: Sinistcha
|move|p2a: Kommo-o|Clanging Scales|p1b: Sableye|[spread] p1a,p1b
|-resisted|p1a: Metagross|1
|-damage|p1a: Metagross|76/100
|-damage|p1b: Sableye|19/100 par
|-unboost|p2a: Kommo-o|def|1
|move|p1a: Metagross|Psychic Fangs|p2b: Sinistcha
|-damage|p2b: Sinistcha|0 fnt
|faint|p2b: Sinistcha
|
|-heal|p2a: Kommo-o|78/100|[from] item: Leftovers
|-sideend|p1: hariruki|move: Light Screen
|upkeep
|
|t:|1782380936
|switch|p2b: Metagross|Metagross, L50|100/100
|turn|9
|
|t:|1782380953
|detailschange|p2b: Metagross|Metagross-Mega, L50
|-mega|p2b: Metagross|Metagross|Metagrossite
|move|p1a: Metagross|Protect|p1a: Metagross
|-singleturn|p1a: Metagross|Protect
|move|p2a: Kommo-o|Clanging Scales|p1a: Metagross|[spread] p1b
|-activate|p1a: Metagross|move: Protect
|-damage|p1b: Sableye|0 fnt
|faint|p1b: Sableye
|-unboost|p2a: Kommo-o|def|1
|move|p2b: Metagross|Stomping Tantrum|p1a: Metagross
|-activate|p1a: Metagross|move: Protect
|
|-heal|p2a: Kommo-o|84/100|[from] item: Leftovers
|upkeep
|turn|10
|
|t:|1782380973
|move|p2a: Kommo-o|Aura Sphere|p1a: Metagross
|-damage|p1a: Metagross|11/100
|move|p2b: Metagross|Stomping Tantrum|p1a: Metagross
|-supereffective|p1a: Metagross|1
|-damage|p1a: Metagross|0 fnt
|faint|p1a: Metagross
|
|win|JessTest
|raw|hariruki's rating: 1162 → 1129(-33 for losing)
|raw|JessTest's rating: 1045 → 1089(+44 for winning)
