|j|☆bcoffey1010
|j|☆lancerh
|html|bcoffey1010lancerh    
|uhtml|bestof|Game 2 of a best-of-3
|t:|1757730681
|gametype|doubles
|player|p1|bcoffey1010|169|1332
|player|p2|lancerh|169|1251
|gen|9
|tier|[Gen 9] VGC 2025 Reg H (Bo3)
|rated|
|rule|Species Clause: Limit one of each Pokémon
|rule|Item Clause: Limit 1 of each item
|clearpoke
|poke|p1|Gholdengo, L50|
|poke|p1|Sneasler, L50, M|
|poke|p1|Rillaboom, L50, F|
|poke|p1|Dragonite, L50, F|
|poke|p1|Ninetales-Alola, L50, F|
|poke|p1|Arcanine-Hisui, L50, M|
|poke|p2|Indeedee-F, L50, F|
|poke|p2|Torkoal, L50, F|
|poke|p2|Ursaluna-Bloodmoon, L50, M|
|poke|p2|Hatterene, L50, F|
|poke|p2|Armarouge, L50, F|
|poke|p2|Annihilape, L50, F|
|teampreview|4
|showteam|p1|Gholdengo||GrassySeed|GoodasGold|NastyPlot,MakeItRain,ShadowBall,Protect||||||50|,,,,,Water]Sneasler||WhiteHerb|Unburden|CloseCombat,DireClaw,Coaching,Protect|||M|||50|,,,,,Ghost]Rillaboom||AssaultVest|GrassySurge|FakeOut,GrassyGlide,DrumBeating,HighHorsepower|||F|||50|,,,,,Fire]Dragonite||LoadedDice|Multiscale|ScaleShot,Haze,Tailwind,Protect|||F|||50|,,,,,Fairy]Ninetales-Alola||FocusSash|SnowWarning|Blizzard,IcyWind,Encore,AuroraVeil|||F|||50|,,,,,Ghost]Arcanine-Hisui||ClearAmulet|Intimidate|RockSlide,FlareBlitz,ExtremeSpeed,Protect|||M|||50|,,,,,Water
|showteam|p2|Indeedee-F||PsychicSeed|PsychicSurge|FollowMe,TrickRoom,Psychic,HelpingHand|||F|||50|,,,,,Water]Torkoal||ChoiceSpecs|Drought|Eruption,HeatWave,ClearSmog,WeatherBall|||F|||50|,,,,,Fire]Ursaluna-Bloodmoon||AssaultVest|MindsEye|BloodMoon,HyperVoice,VacuumWave,EarthPower|||M|||50|,,,,,Ghost]Hatterene||LifeOrb|MagicBounce|ExpandingForce,DazzlingGleam,Protect,TrickRoom|||F|||50|,,,,,Psychic]Armarouge||PowerHerb|FlashFire|ExpandingForce,HeatWave,MeteorBeam,Protect|||F|||50|,,,,,Grass]Annihilape||SafetyGoggles|Defiant|CloseCombat,FinalGambit,RageFist,Protect|||F|||50|,,,,,Ghost
|j| We_Are_Toasted
|inactive|Battle timer is ON: inactive players will automatically lose when time's up. (requested by bcoffey1010)
|
|t:|1757730722
|teamsize|p1|4
|teamsize|p2|4
|start
|switch|p1a: Sneasler|Sneasler, L50, M|100/100
|switch|p1b: Gholdengo|Gholdengo, L50|100/100
|switch|p2a: Indeedee|Indeedee-F, L50, F|100/100
|switch|p2b: Ursaluna|Ursaluna-Bloodmoon, L50, M|100/100
|-fieldstart|move: Psychic Terrain|[from] ability: Psychic Surge|[of] p2a: Indeedee
|-enditem|p2a: Indeedee|Psychic Seed
|-boost|p2a: Indeedee|spd|1|[from] item: Psychic Seed
|turn|1
|
|t:|1757730742
|switch|p1a: Rillaboom|Rillaboom, L50, F|100/100
|-fieldstart|move: Grassy Terrain|[from] ability: Grassy Surge|[of] p1a: Rillaboom
|-enditem|p1b: Gholdengo|Grassy Seed
|-boost|p1b: Gholdengo|def|1|[from] item: Grassy Seed
|-terastallize|p1b: Gholdengo|Water
|move|p1b: Gholdengo|Nasty Plot|p1b: Gholdengo
|-boost|p1b: Gholdengo|spa|2
|move|p2b: Ursaluna|Earth Power|p1a: Rillaboom
|-resisted|p1a: Rillaboom
|-damage|p1a: Rillaboom|79/100
|move|p2a: Indeedee|Trick Room|p2a: Indeedee
|-fieldstart|move: Trick Room|[of] p2a: Indeedee
|
|-heal|p1a: Rillaboom|85/100|[from] Grassy Terrain
|upkeep
|turn|2
|
|t:|1757730762
|switch|p2a: Armarouge|Armarouge, L50, F|100/100
|-terastallize|p2b: Ursaluna|Ghost
|move|p1a: Rillaboom|Fake Out|p2b: Ursaluna
|-immune|p2b: Ursaluna
|move|p2b: Ursaluna|Blood Moon|p1b: Gholdengo
|-damage|p1b: Gholdengo|19/100
|move|p1b: Gholdengo|Make It Rain|p2b: Ursaluna|[spread] p2a,p2b
|-resisted|p2a: Armarouge
|-damage|p2a: Armarouge|56/100
|-damage|p2b: Ursaluna|37/100
|-unboost|p1b: Gholdengo|spa|1
|
|-heal|p2b: Ursaluna|43/100|[from] Grassy Terrain
|-heal|p2a: Armarouge|62/100|[from] Grassy Terrain
|-heal|p1b: Gholdengo|25/100|[from] Grassy Terrain
|-heal|p1a: Rillaboom|91/100|[from] Grassy Terrain
|upkeep
|turn|3
|
|t:|1757730784
|switch|p2b: Indeedee|Indeedee-F, L50, F|100/100
|-fieldstart|move: Psychic Terrain|[from] ability: Psychic Surge|[of] p2b: Indeedee
|move|p1b: Gholdengo|Protect|p1b: Gholdengo
|-singleturn|p1b: Gholdengo|Protect
|move|p2a: Armarouge|Expanding Force|p1a: Rillaboom|[spread] p1a
|-activate|p1b: Gholdengo|move: Protect
|-damage|p1a: Rillaboom|35/100
|move|p1a: Rillaboom|High Horsepower|p2a: Armarouge
|-supereffective|p2a: Armarouge
|-damage|p2a: Armarouge|3/100
|
|upkeep
|turn|4
|inactive|bcoffey1010 has 30 seconds left.
|
|t:|1757730810
|switch|p2b: Torkoal|Torkoal, L50, F|100/100
|-weather|SunnyDay|[from] ability: Drought|[of] p2b: Torkoal
|switch|p1a: Ninetales|Ninetales-Alola, L50, F|100/100
|-weather|Snowscape|[from] ability: Snow Warning|[of] p1a: Ninetales
|move|p1b: Gholdengo|Protect|p1b: Gholdengo
|-singleturn|p1b: Gholdengo|Protect
|move|p2a: Armarouge|Expanding Force|p1b: Gholdengo|[spread] p1a
|-activate|p1b: Gholdengo|move: Protect
|-damage|p1a: Ninetales|31/100
|
|-weather|Snowscape|[upkeep]
|upkeep
|turn|5
|inactive|bcoffey1010 has 30 seconds left.
|
|t:|1757730843
|switch|p1b: Rillaboom|Rillaboom, L50, F|35/100
|-fieldstart|move: Grassy Terrain|[from] ability: Grassy Surge|[of] p1b: Rillaboom
|move|p2b: Torkoal|Eruption|p1a: Ninetales|[spread] p1a,p1b
|-supereffective|p1a: Ninetales
|-supereffective|p1b: Rillaboom
|-damage|p1a: Ninetales|0 fnt
|-damage|p1b: Rillaboom|0 fnt
|faint|p1a: Ninetales
|faint|p1b: Rillaboom
|move|p2a: Armarouge|Expanding Force|p1: Ninetales|[notarget]
|-fail|p2a: Armarouge
|
|-weather|Snowscape|[upkeep]
|-heal|p2a: Armarouge|9/100|[from] Grassy Terrain
|-fieldend|move: Trick Room
|upkeep
|
|t:|1757730845
|switch|p1a: Sneasler|Sneasler, L50, M|100/100
|switch|p1b: Gholdengo|Gholdengo, L50, tera:Water|25/100
|turn|6
|
|t:|1757730870
|move|p2a: Armarouge|Protect|p2a: Armarouge
|-singleturn|p2a: Armarouge|Protect
|move|p1a: Sneasler|Dire Claw|p2a: Armarouge
|-activate|p2a: Armarouge|move: Protect
|move|p1b: Gholdengo|Shadow Ball|p2b: Torkoal
|-damage|p2b: Torkoal|47/100
|move|p2b: Torkoal|Eruption|p1b: Gholdengo|[spread] p1a,p1b
|-resisted|p1b: Gholdengo
|-damage|p1a: Sneasler|60/100
|-damage|p1b: Gholdengo|8/100
|
|-weather|Snowscape|[upkeep]
|-heal|p1a: Sneasler|66/100|[from] Grassy Terrain
|-heal|p1b: Gholdengo|15/100|[from] Grassy Terrain
|-heal|p2a: Armarouge|15/100|[from] Grassy Terrain
|-heal|p2b: Torkoal|54/100|[from] Grassy Terrain
|upkeep
|turn|7
|
|t:|1757730887
|move|p2a: Armarouge|Protect||[still]
|-fail|p2a: Armarouge
|move|p1a: Sneasler|Dire Claw|p2b: Torkoal
|-damage|p2b: Torkoal|24/100
|move|p1b: Gholdengo|Shadow Ball|p2a: Armarouge
|-supereffective|p2a: Armarouge
|-damage|p2a: Armarouge|0 fnt
|faint|p2a: Armarouge
|move|p2b: Torkoal|Eruption|p1b: Gholdengo|[spread] p1a,p1b
|-resisted|p1b: Gholdengo
|-damage|p1a: Sneasler|47/100
|-damage|p1b: Gholdengo|7/100
|
|-weather|Snowscape|[upkeep]
|-heal|p1a: Sneasler|53/100|[from] Grassy Terrain
|-heal|p1b: Gholdengo|13/100|[from] Grassy Terrain
|-heal|p2b: Torkoal|30/100|[from] Grassy Terrain
|upkeep
|
|t:|1757730890
|switch|p2a: Ursaluna|Ursaluna-Bloodmoon, L50, M, tera:Ghost|43/100
|turn|8
|
|t:|1757730904
|move|p1b: Gholdengo|Protect|p1b: Gholdengo
|-singleturn|p1b: Gholdengo|Protect
|move|p2a: Ursaluna|Vacuum Wave|p1b: Gholdengo
|-activate|p1b: Gholdengo|move: Protect
|move|p1a: Sneasler|Dire Claw|p2a: Ursaluna
|-resisted|p2a: Ursaluna
|-damage|p2a: Ursaluna|29/100
|move|p2b: Torkoal|Eruption|p1a: Sneasler|[spread] p1a
|-activate|p1b: Gholdengo|move: Protect
|-damage|p1a: Sneasler|26/100
|
|-weather|none
|-heal|p1a: Sneasler|32/100|[from] Grassy Terrain
|-heal|p1b: Gholdengo|19/100|[from] Grassy Terrain
|-heal|p2a: Ursaluna|35/100|[from] Grassy Terrain
|-heal|p2b: Torkoal|37/100|[from] Grassy Terrain
|upkeep
|turn|9
|
|t:|1757730925
|move|p2a: Ursaluna|Vacuum Wave|p1b: Gholdengo
|-damage|p1b: Gholdengo|3/100
|move|p1a: Sneasler|Dire Claw|p2b: Torkoal
|-damage|p2b: Torkoal|6/100
|-status|p2b: Torkoal|slp
|move|p1b: Gholdengo|Shadow Ball|p2a: Ursaluna
|-supereffective|p2a: Ursaluna
|-damage|p2a: Ursaluna|0 fnt
|faint|p2a: Ursaluna
|cant|p2b: Torkoal|slp
|
|-heal|p1a: Sneasler|38/100|[from] Grassy Terrain
|-heal|p1b: Gholdengo|9/100|[from] Grassy Terrain
|-heal|p2b: Torkoal|12/100 slp|[from] Grassy Terrain
|-fieldend|move: Grassy Terrain
|upkeep
|
|t:|1757730929
|switch|p2a: Indeedee|Indeedee-F, L50, F|100/100
|-fieldstart|move: Psychic Terrain|[from] ability: Psychic Surge|[of] p2a: Indeedee
|turn|10
|
|t:|1757730942
|move|p1a: Sneasler|Close Combat|p2a: Indeedee
|-damage|p2a: Indeedee|42/100
|-unboost|p1a: Sneasler|def|1
|-unboost|p1a: Sneasler|spd|1
|-enditem|p1a: Sneasler|White Herb
|-clearnegativeboost|p1a: Sneasler|[silent]
|move|p1b: Gholdengo|Make It Rain|p2a: Indeedee|[spread] p2a,p2b
|-resisted|p2b: Torkoal
|-damage|p2a: Indeedee|0 fnt
|-damage|p2b: Torkoal|0 fnt
|-unboost|p1b: Gholdengo|spa|1
|faint|p2a: Indeedee
|faint|p2b: Torkoal
|
|win|bcoffey1010
||bcoffey1010 is ready for game 3.
|inactive|lancerh has 30 seconds to confirm battle start!
||lancerh is ready for game 3.
|uhtml|next|Next: Game 3 of 3
