|j|☆AdvilForRadvil
|j|☆0oBRUNCHo0
|html|AdvilForRadvil0oBRUNCHo0    
|uhtml|bestof|Game 2 of a best-of-3
|t:|1785659986
|gametype|doubles
|player|p1|AdvilForRadvil|cyclist|1070
|player|p2|0oBRUNCHo0|unknown|1040
|gen|9
|tier|[Gen 9 Champions] VGC 2026 Reg M-B (Bo3)
|rated|
|rule|Species Clause: Limit one of each Pokémon
|rule|Item Clause: Limit 1 of each item
|clearpoke
|poke|p1|Oranguru, L50, F|
|poke|p1|Golurk, L50|
|poke|p1|Farigiraf, L50, F|
|poke|p1|Torkoal, L50, F|
|poke|p1|Kingambit, L50, F|
|poke|p1|Sylveon, L50, M|
|poke|p2|Kangaskhan, L50, F, shiny|
|poke|p2|Farigiraf, L50, F, shiny|
|poke|p2|Mawile, L50, F|
|poke|p2|Kingambit, L50, F|
|poke|p2|Basculegion, L50, M|
|poke|p2|Torkoal, L50, M|
|teampreview|4
|showteam|p1|Oranguru||ColburBerry|InnerFocus|TrickRoom,Encore,HyperVoice,Instruct|Relaxed||F|||50|]Golurk||Golurkite|IronFist|HeadlongRush,Poltergeist,HammerArm,Protect|Brave|||||50|]Farigiraf||SitrusBerry|ArmorTail|TrickRoom,HyperVoice,PsychicFangs,HelpingHand|Sassy||F|||50|]Torkoal||Charcoal|Drought|Eruption,HeatWave,SolarBeam,Protect|Quiet||F|||50|]Kingambit||BlackGlasses|Defiant|SuckerPunch,KowtowCleave,IronHead,Protect|Brave||F|||50|]Sylveon||FairyFeather|Pixilate|HyperVoice,HyperBeam,QuickAttack,Protect|Quiet||M|||50|
|showteam|p2|Kangaskhan||SilkScarf|Scrappy|FakeOut,LastResort|Brave||F|||50|]Farigiraf||SitrusBerry|ArmorTail|TrickRoom,Protect,Psychic,HelpingHand|Relaxed||F|||50|]Mawile||Mawilite|Intimidate|SuckerPunch,RockSlide,PlayRough,Protect|Brave||F|||50|]Kingambit||LifeOrb|Defiant|SwordsDance,SuckerPunch,Protect,KowtowCleave|Adamant||F|||50|]Basculegion||FocusSash|Adaptability|LastRespects,Protect,AquaJet,Liquidation|Adamant||M|||50|]Torkoal||Charcoal|Drought|Eruption,EarthPower,WeatherBall,Protect|Quiet||M|||50|
|
|t:|1785660040
|teamsize|p1|4
|teamsize|p2|4
|start
|switch|p1a: Oranguru|Oranguru, L50, F|100/100
|switch|p1b: Golurk|Golurk, L50|100/100
|switch|p2a: Kangaskhan|Kangaskhan, L50, F, shiny|100/100
|switch|p2b: Farigiraf|Farigiraf, L50, F, shiny|100/100
|turn|1
|
|t:|1785660090
|switch|p2a: Torkoal|Torkoal, L50, M|100/100
|-weather|SunnyDay|[from] ability: Drought|[of] p2a: Torkoal
|move|p1b: Golurk|Protect|p1b: Golurk
|-singleturn|p1b: Golurk|Protect
|move|p1a: Oranguru|Encore||[still]
|-fail|p1a: Oranguru
|move|p2b: Farigiraf|Psychic|p1b: Golurk
|-activate|p1b: Golurk|move: Protect
|
|-weather|SunnyDay|[upkeep]
|upkeep
|turn|2
|
|t:|1785660124
|detailschange|p1b: Golurk|Golurk-Mega, L50
|-mega|p1b: Golurk|Golurk|Golurkite
|move|p2a: Torkoal|Protect|p2a: Torkoal
|-singleturn|p2a: Torkoal|Protect
|move|p1a: Oranguru|Instruct|p1b: Golurk
|-singleturn|p1b: Golurk|move: Instruct|[of] p1a: Oranguru
|move|p1b: Golurk|Protect|p1b: Golurk
|-singleturn|p1b: Golurk|Protect
|move|p2b: Farigiraf|Psychic|p1b: Golurk
|-activate|p1b: Golurk|move: Protect
|move|p1b: Golurk|Hammer Arm|p2b: Farigiraf
|-damage|p2b: Farigiraf|63/100
|-unboost|p1b: Golurk|spe|1
|
|-weather|SunnyDay|[upkeep]
|upkeep
|turn|3
|
|t:|1785660159
|switch|p2a: Kangaskhan|Kangaskhan, L50, F, shiny|100/100
|move|p1b: Golurk|Headlong Rush|p2a: Kangaskhan
|-damage|p2a: Kangaskhan|20/100y
|-unboost|p1b: Golurk|def|1
|-unboost|p1b: Golurk|spd|1
|move|p1a: Oranguru|Trick Room|p1a: Oranguru
|-fieldstart|move: Trick Room|[of] p1a: Oranguru
|move|p2b: Farigiraf|Trick Room|p2b: Farigiraf
|-fieldend|move: Trick Room
|
|-weather|SunnyDay|[upkeep]
|upkeep
|turn|4
|
|t:|1785660183
|move|p1b: Golurk|Protect|p1b: Golurk
|-singleturn|p1b: Golurk|Protect
|move|p2a: Kangaskhan|Fake Out|p1a: Oranguru
|-damage|p1a: Oranguru|81/100
|move|p2b: Farigiraf|Psychic|p1b: Golurk
|-activate|p1b: Golurk|move: Protect
|move|p1a: Oranguru|Trick Room|p1a: Oranguru
|-fieldstart|move: Trick Room|[of] p1a: Oranguru
|
|-weather|SunnyDay|[upkeep]
|upkeep
|turn|5
|
|t:|1785660202
|move|p1b: Golurk|Headlong Rush|p2a: Kangaskhan
|-damage|p2a: Kangaskhan|0 fnt
|-unboost|p1b: Golurk|def|1
|-unboost|p1b: Golurk|spd|1
|faint|p2a: Kangaskhan
|move|p2b: Farigiraf|Psychic|p1b: Golurk
|-damage|p1b: Golurk|40/100
|move|p1a: Oranguru|Instruct|p1b: Golurk
|-singleturn|p1b: Golurk|move: Instruct|[of] p1a: Oranguru
|move|p1b: Golurk|Headlong Rush|p2b: Farigiraf
|-damage|p2b: Farigiraf|1/100
|-unboost|p1b: Golurk|def|1
|-unboost|p1b: Golurk|spd|1
|-enditem|p2b: Farigiraf|Sitrus Berry|[eat]
|-heal|p2b: Farigiraf|26/100|[from] item: Sitrus Berry
|
|-weather|none
|upkeep
|
|t:|1785660220
|switch|p2a: Torkoal|Torkoal, L50, M|100/100
|-weather|SunnyDay|[from] ability: Drought|[of] p2a: Torkoal
|turn|6
|
|t:|1785660231
|move|p2a: Torkoal|Eruption|p1a: Oranguru|[spread] p1a,p1b
|-damage|p1a: Oranguru|9/100
|-damage|p1b: Golurk|0 fnt
|faint|p1b: Golurk
|move|p2b: Farigiraf|Psychic|p1a: Oranguru
|-resisted|p1a: Oranguru|1
|-damage|p1a: Oranguru|0 fnt
|faint|p1a: Oranguru
|
|-weather|SunnyDay|[upkeep]
|upkeep
|
|t:|1785660236
|switch|p1b: Farigiraf|Farigiraf, L50, F|100/100
|switch|p1a: Kingambit|Kingambit, L50, F|100/100
|turn|7
|-message|AdvilForRadvil forfeited.
|
|win|0oBRUNCHo0
|l|☆AdvilForRadvil
|player|p1|
||0oBRUNCHo0 is ready for game 3.
|inactive|AdvilForRadvil has 30 seconds to confirm battle start!
|inactive|AdvilForRadvil has 20 seconds to confirm battle start!
|inactive|AdvilForRadvil has 10 seconds to confirm battle start!
||AdvilForRadvil is ready for game 3.
|uhtml|next|Next: Game 3 of 3
