|j|☆Lukanuevo
|j|☆Autin Mago
|html|LukanuevoAutin Mago    
|uhtml|bestof|Game 2 of a best-of-3
|t:|1785715548
|gametype|doubles
|player|p1|Lukanuevo|colress|1181
|player|p2|Autin Mago|arezu|1134
|gen|9
|tier|[Gen 9 Champions] VGC 2026 Reg M-B (Bo3)
|rated|
|rule|Species Clause: Limit one of each Pokémon
|rule|Item Clause: Limit 1 of each item
|clearpoke
|poke|p1|Charizard, L50, F|
|poke|p1|Kingambit, L50, F|
|poke|p1|Sylveon, L50, M|
|poke|p1|Garchomp, L50, F|
|poke|p1|Aerodactyl, L50, M|
|poke|p1|Farigiraf, L50, F|
|poke|p2|Milotic, L50, M|
|poke|p2|Staraptor, L50, M|
|poke|p2|Tyranitar, L50, F|
|poke|p2|Gholdengo, L50|
|poke|p2|Excadrill, L50, F|
|poke|p2|Sinistcha, L50|
|teampreview|4
|showteam|p1|Charizard||CharizarditeY|Blaze|HeatWave,WeatherBall,SolarBeam,Protect|Modest||F|||50|]Kingambit||FocusSash|Defiant|KowtowCleave,IronHead,LowKick,SuckerPunch|Adamant||F|||50|]Sylveon||FairyFeather|Pixilate|HyperVoice,HyperBeam,QuickAttack,Detect|Modest||M|||50|]Garchomp||LifeOrb|RoughSkin|DragonClaw,Earthquake,RockSlide,Protect|Jolly||F|||50|]Aerodactyl||Aerodactylite|Unnerve|DualWingbeat,RockSlide,IceFang,Tailwind|Jolly||M|||50|]Farigiraf||SitrusBerry|ArmorTail|Psychic,Thunderbolt,TrickRoom,Roar|Bold||F|||50|
|showteam|p2|Milotic||SitrusBerry|Competitive|Protect,Haze,Scald,IcyWind|Calm||M|||50|]Staraptor||Staraptite|Intimidate|Protect,BraveBird,CloseCombat,Tailwind|Jolly||M|||50|]Tyranitar||Tyranitarite|SandStream|Protect,KnockOff,RockSlide,LowKick|Jolly||F|||50|]Gholdengo||LifeOrb|GoodasGold|Protect,ShadowBall,NastyPlot,MakeItRain|Modest|||||50|]Excadrill||FocusSash|SandRush|Protect,IronHead,RockSlide,HighHorsepower|Jolly||F|||50|]Sinistcha||ColburBerry|Hospitality|Protect,ShadowBall,RagePowder,MatchaGotcha|Bold|||||50|
|inactive|Battle timer is ON: inactive players will automatically lose when time's up. (requested by Autin Mago)
|
|t:|1785715635
|teamsize|p1|4
|teamsize|p2|4
|start
|switch|p1a: Charizard|Charizard, L50, F|100/100
|switch|p1b: Kingambit|Kingambit, L50, F|100/100
|switch|p2a: Milotic|Milotic, L50, M|100/100
|switch|p2b: Gholdengo|Gholdengo, L50|100/100
|turn|1
|
|t:|1785715657
|switch|p1b: Sylveon|Sylveon, L50, M|100/100
|detailschange|p1a: Charizard|Charizard-Mega-Y, L50, F
|-mega|p1a: Charizard|Charizard|Charizardite Y
|-weather|SunnyDay|[from] ability: Drought|[of] p1a: Charizard
|move|p2b: Gholdengo|Protect|p2b: Gholdengo
|-singleturn|p2b: Gholdengo|Protect
|move|p1a: Charizard|Heat Wave|p2a: Milotic|[spread] p2a
|-activate|p2b: Gholdengo|move: Protect
|-resisted|p2a: Milotic|1
|-damage|p2a: Milotic|80/100
|move|p2a: Milotic|Scald|p1a: Charizard
|-supereffective|p1a: Charizard|1
|-damage|p1a: Charizard|75/100
|
|-weather|SunnyDay|[upkeep]
|upkeep
|turn|2
|
|t:|1785715679
|switch|p2b: Tyranitar|Tyranitar, L50, F|100/100
|-weather|Sandstorm|[from] ability: Sand Stream|[of] p2b: Tyranitar
|move|p1a: Charizard|Heat Wave|p2b: Tyranitar|[spread] p2a,p2b
|-resisted|p2a: Milotic|1
|-resisted|p2b: Tyranitar|1
|-damage|p2a: Milotic|65/100
|-damage|p2b: Tyranitar|86/100
|move|p2a: Milotic|Icy Wind|p1a: Charizard|[spread] p1a,p1b
|-damage|p1a: Charizard|67/100
|-damage|p1b: Sylveon|92/100
|-unboost|p1a: Charizard|spe|1
|-unboost|p1b: Sylveon|spe|1
|move|p1b: Sylveon|Hyper Voice|p2a: Milotic|[spread] p2a,p2b
|-supereffective|p2b: Tyranitar|1
|-damage|p2a: Milotic|35/100
|-damage|p2b: Tyranitar|23/100
|-enditem|p2a: Milotic|Sitrus Berry|[eat]
|-heal|p2a: Milotic|60/100|[from] item: Sitrus Berry
|
|-weather|Sandstorm|[upkeep]
|-damage|p2a: Milotic|54/100|[from] Sandstorm
|-damage|p1a: Charizard|61/100|[from] Sandstorm
|-damage|p1b: Sylveon|85/100|[from] Sandstorm
|upkeep
|turn|3
|inactive|Lukanuevo has 30 seconds left.
|inactive|Autin Mago has 30 seconds left.
|
|t:|1785715711
|switch|p1a: Farigiraf|Farigiraf, L50, F|100/100
|move|p2b: Tyranitar|Protect|p2b: Tyranitar
|-singleturn|p2b: Tyranitar|Protect
|move|p2a: Milotic|Scald|p1b: Sylveon
|-damage|p1b: Sylveon|61/100
|move|p1b: Sylveon|Hyper Voice|p2a: Milotic|[spread] p2a
|-activate|p2b: Tyranitar|move: Protect
|-damage|p2a: Milotic|22/100
|
|-weather|Sandstorm|[upkeep]
|-damage|p2a: Milotic|16/100|[from] Sandstorm
|-damage|p1a: Farigiraf|94/100|[from] Sandstorm
|-damage|p1b: Sylveon|55/100|[from] Sandstorm
|upkeep
|turn|4
|inactive|Lukanuevo has 30 seconds left.
|inactive|Lukanuevo has 20 seconds left.
|inactive|Lukanuevo has 15 seconds left.
|
|t:|1785715755
|move|p2b: Tyranitar|Knock Off|p1a: Farigiraf
|-supereffective|p1a: Farigiraf|1
|-damage|p1a: Farigiraf|22/100
|-enditem|p1a: Farigiraf|Sitrus Berry|[from] move: Knock Off|[of] p2b: Tyranitar
|move|p2a: Milotic|Scald|p1a: Farigiraf
|-damage|p1a: Farigiraf|0 fnt
|faint|p1a: Farigiraf
|move|p1b: Sylveon|Hyper Voice|p2a: Milotic|[spread] p2a,p2b
|-supereffective|p2b: Tyranitar|1
|-damage|p2a: Milotic|0 fnt
|-damage|p2b: Tyranitar|0 fnt
|faint|p2a: Milotic
|faint|p2b: Tyranitar
|
|-weather|Sandstorm|[upkeep]
|-damage|p1b: Sylveon|49/100|[from] Sandstorm
|upkeep
|
|t:|1785715771
|switch|p2b: Staraptor|Staraptor, L50, M|100/100
|switch|p2a: Gholdengo|Gholdengo, L50|100/100
|switch|p1a: Charizard|Charizard-Mega-Y, L50, F|61/100
|-ability|p2b: Staraptor|Intimidate|boost
|-unboost|p1a: Charizard|atk|1
|-unboost|p1b: Sylveon|atk|1
|-weather|SunnyDay|[from] ability: Drought|[of] p1a: Charizard
|turn|5
|inactive|Lukanuevo has 30 seconds left.
|inactive|Lukanuevo has 20 seconds left.
|inactive|Lukanuevo has 15 seconds left.
|
|t:|1785715815
|detailschange|p2b: Staraptor|Staraptor-Mega, L50, M
|-mega|p2b: Staraptor|Staraptor|Staraptite
|move|p2b: Staraptor|Brave Bird|p1a: Charizard
|-damage|p1a: Charizard|12/100
|-damage|p2b: Staraptor|84/100|[from] Recoil
|move|p1a: Charizard|Heat Wave|p2b: Staraptor|[spread] p2a,p2b
|-supereffective|p2a: Gholdengo|1
|-damage|p2a: Gholdengo|0 fnt
|-damage|p2b: Staraptor|28/100
|faint|p2a: Gholdengo
|move|p1b: Sylveon|Hyper Beam|p2b: Staraptor
|-supereffective|p2b: Staraptor|1
|-damage|p2b: Staraptor|0 fnt
|-mustrecharge|p1b: Sylveon
|faint|p2b: Staraptor
|
|win|Lukanuevo
|c|☆Autin Mago|Gg wp
|inactive|Lukanuevo has 30 seconds to confirm battle start!
|inactive|Autin Mago has 30 seconds to confirm battle start!
||Autin Mago is ready for game 3.
|inactive|Lukanuevo has 20 seconds to confirm battle start!
||Lukanuevo is ready for game 3.
|uhtml|next|Next: Game 3 of 3
