|j|☆sweetlysunny
|j|☆andrewcips
|html|sweetlysunnyandrewcips    
|uhtml|bestof|Game 3 of a best-of-3
|t:|1783878733
|gametype|doubles
|player|p1|sweetlysunny|serena|1199
|player|p2|andrewcips|alder|1221
|gen|9
|tier|[Gen 9 Champions] VGC 2026 Reg M-B (Bo3)
|rated|
|rule|Species Clause: Limit one of each Pokémon
|rule|Item Clause: Limit 1 of each item
|clearpoke
|poke|p1|Torkoal, L50, M|
|poke|p1|Pyroar, L50, M|
|poke|p1|Vileplume, L50, M|
|poke|p1|Scrafty, L50, F|
|poke|p1|Farigiraf, L50, M|
|poke|p1|Sylveon, L50, M|
|poke|p2|Charizard, L50, M|
|poke|p2|Whimsicott, L50, F|
|poke|p2|Basculegion, L50, M|
|poke|p2|Kingambit, L50, F|
|poke|p2|Garchomp, L50, F|
|poke|p2|Sneasler, L50, F|
|teampreview|4
|showteam|p1|Torkoal||Charcoal|Drought|HeatWave,Eruption,HelpingHand,Protect|Quiet||M|||50|]Pyroar||Pyroarite|Unnerve|HeatWave,Overheat,ScorchingSands,Protect|Timid||M|||50|]Vileplume||FocusSash|Chlorophyll|EnergyBall,SludgeBomb,SleepPowder,AfterYou|Timid||M|||50|]Scrafty||Scraftinite|Intimidate|FakeOut,CloseCombat,PoisonJab,KnockOff|Brave||F|||50|]Farigiraf||SitrusBerry|ArmorTail|HyperVoice,Psychic,HelpingHand,TrickRoom|Bold||M|||50|]Sylveon||FairyFeather|Pixilate|HyperVoice,HyperBeam,QuickAttack,Protect|Quiet||M|||50|
|showteam|p2|Charizard||CharizarditeY|Blaze|HeatWave,WeatherBall,SolarBeam,Protect|Modest||M|||50|]Whimsicott||FocusSash|Prankster|Moonblast,Tailwind,Encore,Protect|Timid||F|||50|]Basculegion||MysticWater|Adaptability|WaveCrash,AquaJet,LastRespects,Protect|Adamant||M|||50|]Kingambit||OccaBerry|Defiant|IronHead,LowKick,KowtowCleave,SuckerPunch|Adamant||F|||50|]Garchomp||LifeOrb|RoughSkin|StompingTantrum,RockSlide,DragonClaw,Protect|Jolly||F|||50|]Sneasler||WhiteHerb|Unburden|FakeOut,CloseCombat,DireClaw,Protect|Adamant||F|||50|
|inactive|Battle timer is ON: inactive players will automatically lose when time's up. (requested by sweetlysunny)
|inactive|andrewcips has 60 seconds left.
|
|t:|1783878773
|teamsize|p1|4
|teamsize|p2|4
|start
|switch|p1a: Pyroar|Pyroar, L50, M|100/100
|switch|p1b: Vileplume|Vileplume, L50, M|100/100
|switch|p2a: Charizard|Charizard, L50, M|100/100
|switch|p2b: Garchomp|Garchomp, L50, F|100/100
|-ability|p1a: Pyroar|Unnerve
|turn|1
|inactive|sweetlysunny has 30 seconds left.
|
|t:|1783878798
|detailschange|p1a: Pyroar|Pyroar-Mega, L50, M
|-mega|p1a: Pyroar|Pyroar|Pyroarite
|move|p1a: Pyroar|Heat Wave|p2a: Charizard|[spread] p2a,p2b
|-resisted|p2a: Charizard|1
|-resisted|p2b: Garchomp|1
|-damage|p2a: Charizard|69/100
|-damage|p2b: Garchomp|70/100
|move|p2b: Garchomp|Stomping Tantrum|p1a: Pyroar
|-supereffective|p1a: Pyroar|1
|-damage|p1a: Pyroar|0 fnt
|faint|p1a: Pyroar
|-damage|p2b: Garchomp|61/100|[from] item: Life Orb
|move|p2a: Charizard|Heat Wave|p1b: Vileplume|[miss]
|-miss|p2a: Charizard|p1b: Vileplume
|move|p1b: Vileplume|Sleep Powder|p2a: Charizard|[miss]
|-miss|p1b: Vileplume|p2a: Charizard
|
|upkeep
|
|t:|1783878807
|switch|p1a: Torkoal|Torkoal, L50, M|100/100
|-weather|SunnyDay|[from] ability: Drought|[of] p1a: Torkoal
|turn|2
|inactive|sweetlysunny has 30 seconds left.
|inactive|andrewcips has 30 seconds left.
|
|t:|1783878842
|switch|p2b: Basculegion|Basculegion, L50, M|100/100
|detailschange|p2a: Charizard|Charizard-Mega-Y, L50, M
|-mega|p2a: Charizard|Charizard|Charizardite Y
|move|p1b: Vileplume|Sleep Powder|p2a: Charizard
|-status|p2a: Charizard|slp|[from] move: Sleep Powder
|cant|p2a: Charizard|slp
|move|p1a: Torkoal|Heat Wave|p2b: Basculegion|[spread] p2a,p2b
|-resisted|p2a: Charizard|1
|-resisted|p2b: Basculegion|1
|-damage|p2a: Charizard|45/100 slp
|-damage|p2b: Basculegion|73/100
|-status|p2b: Basculegion|brn
|
|-weather|SunnyDay|[upkeep]
|-damage|p2b: Basculegion|67/100 brn|[from] brn
|upkeep
|turn|3
|
|t:|1783878865
|move|p2b: Basculegion|Aqua Jet|p1b: Vileplume
|-resisted|p1b: Vileplume|1
|-damage|p1b: Vileplume|95/100
|move|p1b: Vileplume|Energy Ball|p2b: Basculegion
|-supereffective|p2b: Basculegion|1
|-damage|p2b: Basculegion|0 fnt
|faint|p2b: Basculegion
|-curestatus|p2a: Charizard|slp|[msg]
|move|p2a: Charizard|Heat Wave|p1b: Vileplume|[spread] p1a,p1b
|-resisted|p1a: Torkoal|1
|-supereffective|p1b: Vileplume|1
|-damage|p1a: Torkoal|58/100
|-damage|p1b: Vileplume|0 fnt
|faint|p1b: Vileplume
|move|p1a: Torkoal|Eruption|p2a: Charizard
|-resisted|p2a: Charizard|1
|-damage|p2a: Charizard|15/100
|
|-weather|SunnyDay|[upkeep]
|upkeep
|inactive|andrewcips has 30 seconds left.
|
|t:|1783878890
|switch|p1b: Sylveon|Sylveon, L50, M|100/100
|switch|p2b: Garchomp|Garchomp, L50, F|61/100
|turn|4
|
|t:|1783878907
|move|p2b: Garchomp|Rock Slide|p1b: Sylveon|[spread] p1b
|-miss|p2b: Garchomp|p1a: Torkoal
|-damage|p1b: Sylveon|69/100
|-damage|p2b: Garchomp|51/100|[from] item: Life Orb
|move|p2a: Charizard|Heat Wave|p1b: Sylveon|[spread] p1a,p1b
|-resisted|p1a: Torkoal|1
|-damage|p1a: Torkoal|19/100
|-damage|p1b: Sylveon|23/100
|move|p1b: Sylveon|Hyper Voice|p2b: Garchomp|[spread] p2a,p2b
|-resisted|p2a: Charizard|1
|-supereffective|p2b: Garchomp|1
|-damage|p2a: Charizard|0 fnt
|-damage|p2b: Garchomp|0 fnt
|faint|p2a: Charizard
|faint|p2b: Garchomp
|move|p1a: Torkoal|Heat Wave|p2: Charizard|[notarget]
|-fail|p1a: Torkoal
|
|-weather|SunnyDay|[upkeep]
|upkeep
|
|t:|1783878918
|switch|p2b: Kingambit|Kingambit, L50, F|100/100
|turn|5
|
|t:|1783878931
|move|p2b: Kingambit|Sucker Punch|p1b: Sylveon
|-resisted|p1b: Sylveon|1
|-damage|p1b: Sylveon|0 fnt
|faint|p1b: Sylveon
|move|p1a: Torkoal|Heat Wave|p2b: Kingambit
|-supereffective|p2b: Kingambit|1
|-enditem|p2b: Kingambit|Occa Berry|[eat]
|-enditem|p2b: Kingambit|Occa Berry|[weaken]
|-damage|p2b: Kingambit|37/100
|
|-weather|SunnyDay|[upkeep]
|upkeep
|turn|6
|
|t:|1783878941
|move|p2b: Kingambit|Kowtow Cleave|p1a: Torkoal
|-damage|p1a: Torkoal|0 fnt
|faint|p1a: Torkoal
|
|win|andrewcips
|raw|sweetlysunny's rating: 1199 → 1176(-23 for losing)
|raw|andrewcips's rating: 1221 → 1244(+23 for winning)
