|j|☆vuelve chusooo
|j|☆cubeandcroc
|html|vuelve chusooocubeandcroc    
|uhtml|bestof|Game 2 of a best-of-3
|t:|1784288647
|gametype|doubles
|player|p1|vuelve chusooo|fisherman-gen4|1192
|player|p2|cubeandcroc|2|1116
|gen|9
|tier|[Gen 9 Champions] VGC 2026 Reg M-B (Bo3)
|rated|
|rule|Species Clause: Limit one of each Pokémon
|rule|Item Clause: Limit 1 of each item
|clearpoke
|poke|p1|Swampert, L50, M|
|poke|p1|Pelipper, L50, F|
|poke|p1|Archaludon, L50, F|
|poke|p1|Floette-Eternal, L50, F|
|poke|p1|Basculegion, L50, M|
|poke|p1|Incineroar, L50, F|
|poke|p2|Farigiraf, L50, M|
|poke|p2|Milotic, L50, M|
|poke|p2|Corviknight, L50, M|
|poke|p2|Tyranitar, L50, F|
|poke|p2|Scrafty, L50, M|
|poke|p2|Rotom-Heat, L50|
|teampreview|4
|showteam|p1|Swampert||Swampertite|Torrent|WaveCrash,Earthquake,IcePunch,Protect|Adamant||M|||50|]Pelipper||FocusSash|Drizzle|WeatherBall,Hurricane,Tailwind,Protect|Modest||F|||50|]Archaludon||Leftovers|Stamina|DragonPulse,FlashCannon,ElectroShot,Protect|Modest||F|||50|]Floette-Eternal||Floettite|FlowerVeil|Moonblast,DazzlingGleam,LightofRuin,Protect|Modest||F|||50|]Basculegion||ChoiceScarf|Adaptability|WaveCrash,LastRespects,AquaJet,FlipTurn|Adamant||M|||50|]Incineroar||SitrusBerry|Intimidate|FakeOut,PartingShot,FlareBlitz,ThroatChop|Careful||F|||50|
|showteam|p2|Farigiraf||SitrusBerry|ArmorTail|Psychic,MirrorCoat,TrickRoom,Roar|Bold||M|||50|]Milotic||Leftovers|Competitive|MuddyWater,Hypnosis,Coil,Recover|Modest||M|||50|]Corviknight||OccaBerry|MirrorArmor|IronHead,BodyPress,BulkUp,Tailwind|Adamant||M|||50|]Tyranitar||Tyranitarite|SandStream|KnockOff,RockSlide,LowKick,IcePunch|Adamant||F|||50|]Scrafty||Scraftinite|Intimidate|FakeOut,CloseCombat,KnockOff,Protect|Brave||M|||50|]Rotom-Heat||ChestoBerry|Levitate|Overheat,Thunderbolt,Rest,Protect|Modest|||||50|
|
|t:|1784288760
|teamsize|p1|4
|teamsize|p2|4
|start
|switch|p1a: Pelipper|Pelipper, L50, F|100/100
|switch|p1b: Floette|Floette-Eternal, L50, F|100/100
|switch|p2a: Scrafty|Scrafty, L50, M|100/100
|switch|p2b: Corviknight|Corviknight, L50, M|100/100
|-weather|RainDance|[from] ability: Drizzle|[of] p1a: Pelipper
|-ability|p2a: Scrafty|Intimidate|boost
|-unboost|p1a: Pelipper|atk|1
|-unboost|p1b: Floette|atk|1
|turn|1
|
|t:|1784288829
|switch|p1a: Archaludon|Archaludon, L50, F|100/100
|detailschange|p1b: Floette|Floette-Mega, L50, F
|-mega|p1b: Floette|Floette|Floettite
|-ability|p1b: Floette|Fairy Aura
|move|p1b: Floette|Protect|p1b: Floette
|-singleturn|p1b: Floette|Protect
|move|p2a: Scrafty|Fake Out|p1a: Archaludon
|-resisted|p1a: Archaludon|1
|-damage|p1a: Archaludon|95/100
|-ability|p1a: Archaludon|Stamina|boost
|-boost|p1a: Archaludon|def|1
|move|p2b: Corviknight|Bulk Up|p2b: Corviknight
|-boost|p2b: Corviknight|atk|1
|-boost|p2b: Corviknight|def|1
|
|-weather|RainDance|[upkeep]
|-heal|p1a: Archaludon|100/100|[from] item: Leftovers
|upkeep
|turn|2
|
|t:|1784288876
|switch|p2a: Tyranitar|Tyranitar, L50, F|100/100
|-weather|Sandstorm|[from] ability: Sand Stream|[of] p2a: Tyranitar
|move|p1b: Floette|Dazzling Gleam|p2b: Corviknight|[spread] p2a,p2b
|-supereffective|p2a: Tyranitar|1
|-resisted|p2b: Corviknight|1
|-damage|p2a: Tyranitar|49/100
|-damage|p2b: Corviknight|75/100
|move|p1a: Archaludon|Electro Shot||[still]
|-prepare|p1a: Archaludon|Electro Shot
|-boost|p1a: Archaludon|spa|1
|move|p2b: Corviknight|Iron Head|p1b: Floette
|-supereffective|p1b: Floette|1
|-damage|p1b: Floette|0 fnt
|faint|p1b: Floette
|
|-weather|Sandstorm|[upkeep]
|upkeep
|
|t:|1784288888
|switch|p1b: Pelipper|Pelipper, L50, F|100/100
|-weather|RainDance|[from] ability: Drizzle|[of] p1b: Pelipper
|turn|3
|
|t:|1784288904
|switch|p2b: Scrafty|Scrafty, L50, M|100/100
|-ability|p2b: Scrafty|Intimidate|boost
|-unboost|p1a: Archaludon|atk|1
|-unboost|p1b: Pelipper|atk|1
|detailschange|p2a: Tyranitar|Tyranitar-Mega, L50, F
|-mega|p2a: Tyranitar|Tyranitar|Tyranitarite
|-weather|Sandstorm|[from] ability: Sand Stream|[of] p2a: Tyranitar
|move|p1b: Pelipper|Tailwind|p1b: Pelipper
|-sidestart|p1: vuelve chusooo|move: Tailwind
|move|p1a: Archaludon|Electro Shot|p2b: Scrafty|[from] lockedmove
|-damage|p2b: Scrafty|48/100
|move|p2a: Tyranitar|Rock Slide|p1a: Archaludon|[spread] p1a,p1b
|-resisted|p1a: Archaludon|1
|-supereffective|p1b: Pelipper|1
|-damage|p1a: Archaludon|91/100
|-damage|p1b: Pelipper|2/100
|-ability|p1a: Archaludon|Stamina|boost
|-boost|p1a: Archaludon|def|1
|
|-weather|Sandstorm|[upkeep]
|-damage|p1b: Pelipper|0 fnt|[from] Sandstorm
|-damage|p2b: Scrafty|43/100|[from] Sandstorm
|faint|p1b: Pelipper
|-heal|p1a: Archaludon|97/100|[from] item: Leftovers
|upkeep
|
|t:|1784288920
|switch|p1b: Basculegion|Basculegion, L50, M|100/100
|turn|4
|
|t:|1784288964
|move|p2b: Scrafty|Fake Out|p1a: Archaludon
|-resisted|p1a: Archaludon|1
|-damage|p1a: Archaludon|94/100
|-ability|p1a: Archaludon|Stamina|boost
|-boost|p1a: Archaludon|def|1
|move|p1b: Basculegion|Last Respects|p2b: Scrafty
|-resisted|p2b: Scrafty|1
|-damage|p2b: Scrafty|0 fnt
|faint|p2b: Scrafty
|cant|p1a: Archaludon|flinch
|move|p2a: Tyranitar|Knock Off|p1b: Basculegion
|-supereffective|p1b: Basculegion|1
|-damage|p1b: Basculegion|0 fnt
|-enditem|p1b: Basculegion|Choice Scarf|[from] move: Knock Off|[of] p2a: Tyranitar
|faint|p1b: Basculegion
|
|-weather|Sandstorm|[upkeep]
|-heal|p1a: Archaludon|100/100|[from] item: Leftovers
|upkeep
|
|t:|1784288978
|switch|p2b: Corviknight|Corviknight, L50, M|75/100
|turn|5
|
|t:|1784288990
|move|p1a: Archaludon|Flash Cannon|p2a: Tyranitar
|-supereffective|p2a: Tyranitar|1
|-damage|p2a: Tyranitar|0 fnt
|faint|p2a: Tyranitar
|move|p2b: Corviknight|Bulk Up|p2b: Corviknight
|-boost|p2b: Corviknight|atk|1
|-boost|p2b: Corviknight|def|1
|
|-weather|Sandstorm|[upkeep]
|upkeep
|
|t:|1784288998
|switch|p2a: Farigiraf|Farigiraf, L50, M|100/100
|turn|6
|
|t:|1784289010
|move|p1a: Archaludon|Electro Shot||[still]
|-prepare|p1a: Archaludon|Electro Shot
|-boost|p1a: Archaludon|spa|1
|move|p2b: Corviknight|Bulk Up|p2b: Corviknight
|-boost|p2b: Corviknight|atk|1
|-boost|p2b: Corviknight|def|1
|move|p2a: Farigiraf|Mirror Coat||[still]
|-fail|p2a: Farigiraf
|
|-weather|Sandstorm|[upkeep]
|-damage|p2a: Farigiraf|93/100|[from] Sandstorm
|-sideend|p1: vuelve chusooo|move: Tailwind
|upkeep
|turn|7
|
|t:|1784289022
|move|p1a: Archaludon|Electro Shot|p2b: Corviknight|[from] lockedmove
|-supereffective|p2b: Corviknight|1
|-damage|p2b: Corviknight|0 fnt
|faint|p2b: Corviknight
|move|p2a: Farigiraf|Mirror Coat||[still]
|-fail|p2a: Farigiraf
|
|-weather|none
|upkeep
|turn|8
|
|t:|1784289036
|move|p1a: Archaludon|Electro Shot||[still]
|-prepare|p1a: Archaludon|Electro Shot
|-boost|p1a: Archaludon|spa|1
|move|p2a: Farigiraf|Mirror Coat||[still]
|-fail|p2a: Farigiraf
|
|upkeep
|turn|9
|
|t:|1784289041
|move|p1a: Archaludon|Electro Shot|p2a: Farigiraf|[from] lockedmove
|-damage|p2a: Farigiraf|9/100
|-enditem|p2a: Farigiraf|Sitrus Berry|[eat]
|-heal|p2a: Farigiraf|34/100|[from] item: Sitrus Berry
|move|p2a: Farigiraf|Mirror Coat|p1a: Archaludon
|-damage|p1a: Archaludon|0 fnt
|faint|p1a: Archaludon
|
|win|cubeandcroc
||cubeandcroc is ready for game 3.
|inactive|vuelve chusooo has 30 seconds to confirm battle start!
|inactive|vuelve chusooo has 20 seconds to confirm battle start!
|inactive|vuelve chusooo has 10 seconds to confirm battle start!
||vuelve chusooo is ready for game 3.
|uhtml|next|Next: Game 3 of 3
|l|☆cubeandcroc
|player|p2|
