|j|☆gmariotti
|j|☆natsukookie
|html|gmariottinatsukookie    
|uhtml|bestof|Game 2 of a best-of-3
|t:|1785598069
|gametype|doubles
|player|p1|gmariotti|wattson|1118
|player|p2|natsukookie|102|1043
|gen|9
|tier|[Gen 9 Champions] VGC 2026 Reg M-B (Bo3)
|rated|
|rule|Species Clause: Limit one of each Pokémon
|rule|Item Clause: Limit 1 of each item
|clearpoke
|poke|p1|Basculegion, L50, M|
|poke|p1|Scizor, L50, F|
|poke|p1|Sneasler, L50, F|
|poke|p1|Garchomp, L50, F|
|poke|p1|Tyranitar, L50, F|
|poke|p1|Corviknight, L50, F|
|poke|p2|Hatterene, L50, F|
|poke|p2|Oranguru, L50, F|
|poke|p2|Mawile, L50, F|
|poke|p2|Kangaskhan, L50, F|
|poke|p2|Venusaur, L50, F|
|poke|p2|Torkoal, L50, M|
|teampreview|4
|showteam|p1|Basculegion||SitrusBerry|Adaptability|WaveCrash,LastRespects,AquaJet,Protect|Jolly||M|||50|]Scizor||LifeOrb|Technician|BulletPunch,BugBite,SwordsDance,Protect|Adamant||F|||50|]Sneasler||FocusSash|PoisonTouch|PoisonJab,CloseCombat,FakeOut,Protect|Jolly||F|||50|]Garchomp||Garchompite|RoughSkin|EarthPower,DracoMeteor,PowerGem,Protect|Modest||F|||50|]Tyranitar||ChoiceScarf|SandStream|RockSlide,KnockOff,IcePunch,Superpower|Jolly||F|||50|]Corviknight||Leftovers|MirrorArmor|IronHead,BraveBird,Tailwind,Protect|Bold||F|||50|
|showteam|p2|Hatterene||LifeOrb|MagicBounce|Protect,Psychic,TrickRoom,DazzlingGleam|Quiet||F|||50|]Oranguru||MentalHerb|InnerFocus|Protect,Instruct,Psychic,TrickRoom|Bold||F|||50|]Mawile||Mawilite|HyperCutter|SuckerPunch,PlayRough,Protect,IronHead|Brave||F|||50|]Kangaskhan||SilkScarf|Scrappy|LastResort,FakeOut|Brave||F|||50|]Venusaur||FocusSash|Chlorophyll|LeafStorm,SludgeBomb,SleepPowder,Protect|Modest||F|||50|]Torkoal||Charcoal|Drought|Eruption,Protect,EarthPower,HeatWave|Quiet||M|||50|
|inactive|Battle timer is ON: inactive players will automatically lose when time's up. (requested by gmariotti)
|inactive|natsukookie has 60 seconds left.
|
|t:|1785598101
|teamsize|p1|4
|teamsize|p2|4
|start
|switch|p1a: Sneasler|Sneasler, L50, F|100/100
|switch|p1b: Scizor|Scizor, L50, F|100/100
|switch|p2a: Hatterene|Hatterene, L50, F|100/100
|switch|p2b: Kangaskhan|Kangaskhan, L50, F|100/100
|turn|1
|inactive|gmariotti has 30 seconds left.
|inactive|natsukookie has 30 seconds left.
|
|t:|1785598132
|move|p1a: Sneasler|Fake Out|p2b: Kangaskhan
|-damage|p2b: Kangaskhan|85/100
|cant|p2b: Kangaskhan|flinch
|move|p1b: Scizor|Bullet Punch|p2a: Hatterene
|-supereffective|p2a: Hatterene|1
|-damage|p2a: Hatterene|0 fnt
|faint|p2a: Hatterene
|-damage|p1b: Scizor|90/100|[from] item: Life Orb
|
|upkeep
|
|t:|1785598143
|switch|p2a: Venusaur|Venusaur, L50, F|100/100
|turn|2
|
|t:|1785598166
|switch|p2b: Torkoal|Torkoal, L50, M|100/100
|-weather|SunnyDay|[from] ability: Drought|[of] p2b: Torkoal
|move|p2a: Venusaur|Sleep Powder|p1b: Scizor
|-status|p1b: Scizor|slp|[from] move: Sleep Powder
|move|p1a: Sneasler|Close Combat|p2b: Torkoal
|-damage|p2b: Torkoal|49/100
|-unboost|p1a: Sneasler|def|1
|-unboost|p1a: Sneasler|spd|1
|-status|p2b: Torkoal|psn|[from] ability: Poison Touch|[of] p1a: Sneasler
|cant|p1b: Scizor|slp
|
|-weather|SunnyDay|[upkeep]
|-damage|p2b: Torkoal|36/100 psn|[from] psn
|upkeep
|turn|3
|inactive|natsukookie has 30 seconds left.
|
|t:|1785598192
|switch|p1b: Tyranitar|Tyranitar, L50, F|100/100
|-weather|Sandstorm|[from] ability: Sand Stream|[of] p1b: Tyranitar
|move|p1a: Sneasler|Poison Jab|p2a: Venusaur
|-damage|p2a: Venusaur|39/100
|move|p2a: Venusaur|Sleep Powder|p1a: Sneasler
|-status|p1a: Sneasler|slp|[from] move: Sleep Powder
|move|p2b: Torkoal|Heat Wave|p1b: Tyranitar|[spread] p1a,p1b
|-resisted|p1b: Tyranitar|1
|-damage|p1a: Sneasler|29/100 slp
|-damage|p1b: Tyranitar|86/100
|
|-weather|Sandstorm|[upkeep]
|-damage|p1a: Sneasler|23/100 slp|[from] Sandstorm
|-damage|p2a: Venusaur|33/100|[from] Sandstorm
|-damage|p2b: Torkoal|30/100 psn|[from] Sandstorm
|-damage|p2b: Torkoal|18/100 psn|[from] psn
|upkeep
|turn|4
|inactive|gmariotti has 30 seconds left.
|inactive|natsukookie has 30 seconds left.
|inactive|gmariotti has 20 seconds left.
|
|t:|1785598231
|cant|p1a: Sneasler|slp
|move|p1b: Tyranitar|Knock Off|p2a: Venusaur
|-damage|p2a: Venusaur|0 fnt
|-enditem|p2a: Venusaur|Focus Sash|[from] move: Knock Off|[of] p1b: Tyranitar
|faint|p2a: Venusaur
|move|p2b: Torkoal|Heat Wave|p1b: Tyranitar|[spread] p1a,p1b
|-resisted|p1b: Tyranitar|1
|-damage|p1a: Sneasler|0 fnt
|-damage|p1b: Tyranitar|74/100
|faint|p1a: Sneasler
|
|-weather|Sandstorm|[upkeep]
|-damage|p2b: Torkoal|11/100 psn|[from] Sandstorm
|-damage|p2b: Torkoal|0 fnt|[from] psn
|faint|p2b: Torkoal
|upkeep
|inactive|natsukookie has 30 seconds left.
|
|t:|1785598261
|switch|p1a: Garchomp|Garchomp, L50, F|100/100
|switch|p2a: Kangaskhan|Kangaskhan, L50, F|85/100
|turn|5
|
|t:|1785598278
|switch|p1b: Scizor|Scizor, L50, F|90/100 slp
|detailschange|p1a: Garchomp|Garchomp-Mega, L50, F
|-mega|p1a: Garchomp|Garchomp|Garchompite
|move|p2a: Kangaskhan|Fake Out|p1b: Scizor
|-resisted|p1b: Scizor|1
|-damage|p1b: Scizor|79/100 slp
|move|p1a: Garchomp|Draco Meteor|p2a: Kangaskhan
|-damage|p2a: Kangaskhan|13/100
|-unboost|p1a: Garchomp|spa|2
|
|-weather|Sandstorm|[upkeep]
|-damage|p2a: Kangaskhan|7/100|[from] Sandstorm
|upkeep
|turn|6
|inactive|gmariotti has 30 seconds left.
|
|t:|1785598304
|-curestatus|p1b: Scizor|slp|[msg]
|move|p1b: Scizor|Bullet Punch|p2a: Kangaskhan
|-damage|p2a: Kangaskhan|0 fnt
|faint|p2a: Kangaskhan
|-damage|p1b: Scizor|69/100|[from] item: Life Orb
|
|win|gmariotti
||natsukookie is ready for game 3.
||gmariotti is ready for game 3.
|uhtml|next|Next: Game 3 of 3
|l|☆gmariotti
|player|p1|
