|j|‽Piuxxy
|j|☆andiom123
|html|Piuxxyandiom123    
|uhtml|bestof|Game 3 of a best-of-3
|t:|1783657509
|gametype|doubles
|player|p1|Piuxxy|brycen|1089
|player|p2|andiom123|red|1206
|gen|9
|tier|[Gen 9 Champions] VGC 2026 Reg M-B (Bo3)
|rated|
|rule|Species Clause: Limit one of each Pokémon
|rule|Item Clause: Limit 1 of each item
|clearpoke
|poke|p1|Eelektross, L50, M|
|poke|p1|Emolga, L50, M|
|poke|p1|Ninetales-Alola, L50, M|
|poke|p1|Sinistcha, L50|
|poke|p1|Kleavor, L50, M|
|poke|p1|Mamoswine, L50, M|
|poke|p2|Incineroar, L50, M|
|poke|p2|Farigiraf, L50, M|
|poke|p2|Sylveon, L50, F|
|poke|p2|Torkoal, L50, F|
|poke|p2|Kangaskhan, L50, F|
|poke|p2|Mawile, L50, F|
|teampreview|4
|showteam|p1|Eelektross||Eelektrossite|Levitate|Discharge,GigaDrain,Flamethrower,Protect|Timid||M|||50|]Emolga||FocusSash|MotorDrive|SpeedSwap,VoltSwitch,Nuzzle,Protect|Timid||M|||50|]Ninetales-Alola||LightClay|SnowWarning|DazzlingGleam,IcyWind,AuroraVeil,Protect|Timid||M|||50|]Sinistcha||SitrusBerry|Hospitality|MatchaGotcha,LifeDew,Imprison,TrickRoom|Bold|||||50|]Kleavor||LifeOrb|Sharpness|XScissor,StoneAxe,Feint,QuickGuard|Adamant||M|||50|]Mamoswine||Leftovers|Oblivious|Earthquake,IcicleCrash,ThroatChop,Protect|Adamant||M|||50|
|showteam|p2|Incineroar||MuscleBand|Intimidate|ThroatChop,FlareBlitz,FakeOut,PartingShot|Brave||M|||50|]Farigiraf||SitrusBerry|ArmorTail|FoulPlay,PsychicNoise,TrickRoom,HelpingHand|Relaxed||M|||50|]Sylveon||FairyFeather|Pixilate|HyperVoice,HyperBeam,Yawn,Detect|Modest||F|||50|]Torkoal||Charcoal|Drought|Eruption,SolarBeam,Flamethrower,Protect|Quiet||F|||50|]Kangaskhan||Kangaskhanite|Scrappy|DoubleEdge,FakeOut,IcePunch,HammerArm|Brave||F|||50|]Mawile||Mawilite|HyperCutter|RockSlide,PlayRough,SuckerPunch,Protect|Brave||F|||50|
|inactive|Battle timer is ON: inactive players will automatically lose when time's up. (requested by Piuxxy)
|
|t:|1783657539
|teamsize|p1|4
|teamsize|p2|4
|start
|switch|p1a: Eelektross|Eelektross, L50, M|100/100
|switch|p1b: Sinistcha|Sinistcha, L50|100/100
|switch|p2a: Farigiraf|Farigiraf, L50, M|100/100
|switch|p2b: Kangaskhan|Kangaskhan, L50, F|100/100
|turn|1
|inactive|Piuxxy has 30 seconds left.
|inactive|Piuxxy has 20 seconds left.
|inactive|Piuxxy has 15 seconds left.
|
|t:|1783657582
|switch|p1b: Mamoswine|Mamoswine, L50, M|100/100
|detailschange|p1a: Eelektross|Eelektross-Mega, L50, M
|-mega|p1a: Eelektross|Eelektross|Eelektrossite
|move|p2b: Kangaskhan|Fake Out|p1b: Mamoswine
|-damage|p1b: Mamoswine|79/100
|move|p1a: Eelektross|Discharge|p2b: Kangaskhan|[spread] p2a,p2b
|-immune|p1b: Mamoswine
|-damage|p2a: Farigiraf|67/100
|-damage|p2b: Kangaskhan|66/100
|-status|p2b: Kangaskhan|par
|move|p2a: Farigiraf|Trick Room|p2a: Farigiraf
|-fieldstart|move: Trick Room|[of] p2a: Farigiraf
|
|-heal|p1b: Mamoswine|85/100|[from] item: Leftovers
|upkeep
|turn|2
|inactive|andiom123 has 30 seconds left.
|
|t:|1783657607
|switch|p2a: Torkoal|Torkoal, L50, F|100/100
|-weather|SunnyDay|[from] ability: Drought|[of] p2a: Torkoal
|detailschange|p2b: Kangaskhan|Kangaskhan-Mega, L50, F
|-mega|p2b: Kangaskhan|Kangaskhan|Kangaskhanite
|move|p2b: Kangaskhan|Hammer Arm|p1b: Mamoswine
|-supereffective|p1b: Mamoswine|1
|-damage|p1b: Mamoswine|0 fnt
|-unboost|p2b: Kangaskhan|spe|1
|faint|p1b: Mamoswine
|move|p1a: Eelektross|Discharge|p2a: Torkoal|[spread] p2a,p2b
|-damage|p2a: Torkoal|58/100
|-damage|p2b: Kangaskhan|41/100 par
|-status|p2a: Torkoal|par
|
|-weather|SunnyDay|[upkeep]
|upkeep
|
|t:|1783657622
|switch|p1b: Kleavor|Kleavor, L50, M|100/100
|turn|3
|
|t:|1783657639
|move|p2a: Torkoal|Eruption|p1b: Kleavor|[spread] p1a,p1b
|-damage|p1a: Eelektross|37/100
|-damage|p1b: Kleavor|34/100
|move|p2b: Kangaskhan|Double-Edge|p1a: Eelektross
|-damage|p1a: Eelektross|0 fnt
|faint|p1a: Eelektross
|-damage|p2b: Kangaskhan|31/100 par|[from] Recoil
|move|p1b: Kleavor|Stone Axe|p2a: Torkoal
|-supereffective|p2a: Torkoal|1
|-damage|p2a: Torkoal|0 fnt
|-sidestart|p2: andiom123|move: Stealth Rock
|faint|p2a: Torkoal
|-damage|p1b: Kleavor|25/100|[from] item: Life Orb
|
|-weather|SunnyDay|[upkeep]
|upkeep
|
|t:|1783657656
|switch|p2a: Incineroar|Incineroar, L50, M|100/100
|switch|p1a: Sinistcha|Sinistcha, L50|100/100
|-damage|p2a: Incineroar|75/100|[from] Stealth Rock
|-ability|p2a: Incineroar|Intimidate|boost
|-unboost|p1a: Sinistcha|atk|1
|-unboost|p1b: Kleavor|atk|1
|-heal|p1b: Kleavor|50/100y|[from] ability: Hospitality|[of] p1a: Sinistcha
|turn|4
|inactive|andiom123 has 30 seconds left.
|inactive|andiom123 has 20 seconds left.
|
|t:|1783657691
|move|p1b: Kleavor|Quick Guard|p1b: Kleavor
|-singleturn|p1b: Kleavor|Quick Guard
|cant|p2b: Kangaskhan|par
|move|p2a: Incineroar|Flare Blitz|p1a: Sinistcha
|-supereffective|p1a: Sinistcha|1
|-damage|p1a: Sinistcha|0 fnt
|faint|p1a: Sinistcha
|-damage|p2a: Incineroar|46/100|[from] Recoil
|
|-weather|SunnyDay|[upkeep]
|upkeep
|turn|5
|
|t:|1783657714
|switch|p2b: Farigiraf|Farigiraf, L50, M|67/100
|-damage|p2b: Farigiraf|54/100|[from] Stealth Rock
|move|p2a: Incineroar|Flare Blitz|p1b: Kleavor
|-damage|p1b: Kleavor|0 fnt
|faint|p1b: Kleavor
|-damage|p2a: Incineroar|31/100|[from] Recoil
|
|win|andiom123
|raw|Piuxxy's rating: 1089 → 1073(-16 for losing)
|raw|andiom123's rating: 1206 → 1223(+17 for winning)
|l|‽Piuxxy
|player|p1|
