|j|☆elbarto95
|j|☆bosilek
|html|elbarto95bosilek    
|uhtml|bestof|Game 3 of a best-of-3
|t:|1756738945
|gametype|doubles
|player|p1|elbarto95|camper|1135
|player|p2|bosilek|hilbert-wonderlauncher|1229
|gen|9
|tier|[Gen 9] VGC 2025 Reg H (Bo3)
|rated|
|rule|Species Clause: Limit one of each Pokémon
|rule|Item Clause: Limit 1 of each item
|clearpoke
|poke|p1|Porygon2, L50|
|poke|p1|Ursaluna, L50, M|
|poke|p1|Grimmsnarl, L50, M|
|poke|p1|Volcarona, L50, M|
|poke|p1|Gholdengo, L50|
|poke|p1|Tyranitar, L50, F|
|poke|p2|Garchomp, L50, F|
|poke|p2|Talonflame, L50, M|
|poke|p2|Gholdengo, L50|
|poke|p2|Ninetales-Alola, L50, M|
|poke|p2|Hydreigon, L50, M|
|poke|p2|Annihilape, L50, M|
|teampreview|4
|showteam|p1|Porygon2||Eviolite|Download|IceBeam,TrickRoom,TeraBlast,Recover||||||50|,,,,,Fighting]Ursaluna||FlameOrb|Guts|HeadlongRush,Earthquake,Facade,Protect|||M|||50|,,,,,Ghost]Grimmsnarl||LightClay|Prankster|SpiritBreak,Reflect,LightScreen,Taunt|||M|||50|,,,,,Ghost]Volcarona||Leftovers|FlameBody|StruggleBug,Overheat,RagePowder,WillOWisp|||M|||50|,,,,,Grass]Gholdengo||LifeOrb|GoodasGold|NastyPlot,Protect,MakeItRain,ShadowBall||||||50|,,,,,Water]Tyranitar||AssaultVest|SandStream|KnockOff,LowKick,RockSlide,TeraBlast|||F|||50|,,,,,Flying
|showteam|p2|Garchomp||LifeOrb|RoughSkin|Protect,Earthquake,DragonClaw,StompingTantrum|||F|||50|,,,,,Steel]Talonflame||CovertCloak|GaleWings|BraveBird,Taunt,WillOWisp,Tailwind|||M|||50|,,,,,Grass]Gholdengo||MetalCoat|GoodasGold|MakeItRain,ShadowBall,Protect,NastyPlot||||||50|,,,,,Water]Ninetales-Alola||FocusSash|SnowWarning|Blizzard,FreezeDry,Encore,Protect|||M|||50|,,,,,Water]Hydreigon||ChoiceSpecs|Levitate|HeatWave,Snarl,EarthPower,DragonPulse|||M|||50|,,,,,Fire]Annihilape||SafetyGoggles|Defiant|FinalGambit,RageFist,CloseCombat,Protect|||M|||50|,,,,,Fire
|
|t:|1756738968
|teamsize|p1|4
|teamsize|p2|4
|start
|switch|p1a: Grimmsnarl|Grimmsnarl, L50, M|100/100
|switch|p1b: Tyranitar|Tyranitar, L50, F|100/100
|switch|p2a: Talonflame|Talonflame, L50, M|100/100
|switch|p2b: Gholdengo|Gholdengo, L50|100/100
|-weather|Sandstorm|[from] ability: Sand Stream|[of] p1b: Tyranitar
|turn|1
|
|t:|1756738989
|switch|p2a: Annihilape|Annihilape, L50, M|100/100
|-terastallize|p2b: Gholdengo|Water
|move|p1a: Grimmsnarl|Taunt|p2a: Annihilape
|-start|p2a: Annihilape|move: Taunt
|move|p2b: Gholdengo|Nasty Plot|p2b: Gholdengo
|-boost|p2b: Gholdengo|spa|2
|move|p1b: Tyranitar|Knock Off|p2b: Gholdengo
|-damage|p2b: Gholdengo|38/100
|-enditem|p2b: Gholdengo|Metal Coat|[from] move: Knock Off|[of] p1b: Tyranitar
|
|-weather|Sandstorm|[upkeep]
|-damage|p2b: Gholdengo|32/100|[from] Sandstorm
|-damage|p1a: Grimmsnarl|94/100|[from] Sandstorm
|upkeep
|turn|2
|
|t:|1756739014
|switch|p1b: Volcarona|Volcarona, L50, M|100/100
|move|p1a: Grimmsnarl|Light Screen|p1a: Grimmsnarl
|-sidestart|p1: elbarto95|move: Light Screen
|move|p2a: Annihilape|Close Combat|p1b: Volcarona
|-resisted|p1b: Volcarona
|-damage|p1b: Volcarona|75/100
|-unboost|p2a: Annihilape|def|1
|-unboost|p2a: Annihilape|spd|1
|move|p2b: Gholdengo|Make It Rain|p1a: Grimmsnarl|[spread] p1a,p1b
|-supereffective|p1a: Grimmsnarl
|-crit|p1a: Grimmsnarl
|-resisted|p1b: Volcarona
|-damage|p1a: Grimmsnarl|0 fnt
|-damage|p1b: Volcarona|48/100
|-unboost|p2b: Gholdengo|spa|1
|faint|p1a: Grimmsnarl
|
|-weather|Sandstorm|[upkeep]
|-damage|p2b: Gholdengo|26/100|[from] Sandstorm
|-damage|p1b: Volcarona|42/100|[from] Sandstorm
|-heal|p1b: Volcarona|48/100|[from] item: Leftovers
|upkeep
|
|t:|1756739035
|switch|p1a: Porygon2|Porygon2, L50|100/100
|-ability|p1a: Porygon2|Download|boost
|-boost|p1a: Porygon2|atk|1
|turn|3
|
|t:|1756739050
|move|p2b: Gholdengo|Protect|p2b: Gholdengo
|-singleturn|p2b: Gholdengo|Protect
|move|p2a: Annihilape|Final Gambit|p1a: Porygon2
|-damage|p1a: Porygon2|0 fnt
|faint|p2a: Annihilape
|faint|p1a: Porygon2
|move|p1b: Volcarona|Will-O-Wisp|p2b: Gholdengo
|-activate|p2b: Gholdengo|move: Protect
|
|-weather|Sandstorm|[upkeep]
|-damage|p2b: Gholdengo|20/100|[from] Sandstorm
|-damage|p1b: Volcarona|42/100|[from] Sandstorm
|-heal|p1b: Volcarona|48/100|[from] item: Leftovers
|upkeep
|
|t:|1756739064
|switch|p2a: Talonflame|Talonflame, L50, M|100/100
|switch|p1a: Tyranitar|Tyranitar, L50, F|100/100
|turn|4
|
|t:|1756739074
|-terastallize|p1a: Tyranitar|Flying
|move|p2a: Talonflame|Brave Bird|p1b: Volcarona
|-supereffective|p1b: Volcarona
|-damage|p1b: Volcarona|0 fnt
|faint|p1b: Volcarona
|-damage|p2a: Talonflame|81/100|[from] Recoil
|move|p2b: Gholdengo|Make It Rain|p1a: Tyranitar
|-damage|p1a: Tyranitar|67/100
|-unboost|p2b: Gholdengo|spa|1
|move|p1a: Tyranitar|Rock Slide|p2a: Talonflame|[spread] p2a,p2b
|-supereffective|p2a: Talonflame
|-damage|p2a: Talonflame|0 fnt
|-damage|p2b: Gholdengo|0 fnt
|faint|p2a: Talonflame
|faint|p2b: Gholdengo
|
|-weather|Sandstorm|[upkeep]
|-damage|p1a: Tyranitar|61/100|[from] Sandstorm
|upkeep
|
|t:|1756739094
|switch|p2a: Hydreigon|Hydreigon, L50, M|100/100
|turn|5
|
|t:|1756739102
|move|p2a: Hydreigon|Dragon Pulse|p1a: Tyranitar
|-damage|p1a: Tyranitar|40/100
|move|p1a: Tyranitar|Low Kick|p2a: Hydreigon
|-supereffective|p2a: Hydreigon
|-damage|p2a: Hydreigon|14/100
|
|-weather|none
|upkeep
|turn|6
|c|☆bosilek|i sold so bad
|
|t:|1756739129
|move|p2a: Hydreigon|Dragon Pulse|p1a: Tyranitar
|-damage|p1a: Tyranitar|16/100
|move|p1a: Tyranitar|Low Kick|p2a: Hydreigon
|-supereffective|p2a: Hydreigon
|-damage|p2a: Hydreigon|0 fnt
|faint|p2a: Hydreigon
|
|win|elbarto95
|raw|elbarto95's rating: 1135 → 1167(+32 for winning)
|raw|bosilek's rating: 1229 → 1197(-32 for losing)
