|j|‽Zetababy3
|j|☆TheBigGooner
|html|Zetababy3TheBigGooner    
|uhtml|bestof|Game 1 of a best-of-3
|t:|1784054446
|gametype|doubles
|player|p1|Zetababy3|101|1085
|player|p2|TheBigGooner|266|1083
|gen|9
|tier|[Gen 9 Champions] VGC 2026 Reg M-B (Bo3)
|rated|
|rule|Species Clause: Limit one of each Pokémon
|rule|Item Clause: Limit 1 of each item
|clearpoke
|poke|p1|Charizard, L50, M|
|poke|p1|Whimsicott, L50, M|
|poke|p1|Sneasler, L50, F|
|poke|p1|Garchomp, L50, M|
|poke|p1|Kingambit, L50, M|
|poke|p1|Dragapult, L50, M|
|poke|p2|Gengar, L50, F|
|poke|p2|Politoed, L50, F|
|poke|p2|Incineroar, L50, F|
|poke|p2|Archaludon, L50, M|
|poke|p2|Sableye, L50, M|
|poke|p2|Swampert, L50, F|
|teampreview|4
|showteam|p1|Charizard||CharizarditeY|SolarPower|Protect,HeatWave,WeatherBall,SolarBeam|Timid||M|||50|]Whimsicott||FocusSash|Prankster|FakeTears,Moonblast,Tailwind,Encore|Timid||M|||50|]Sneasler||WhiteHerb|Unburden|DireClaw,FakeOut,CloseCombat,Taunt|Adamant||F|||50|]Garchomp||ChoiceScarf|RoughSkin|Earthquake,DragonClaw,RockSlide,StompingTantrum|Adamant||M|||50|]Kingambit||BlackGlasses|SupremeOverlord|KowtowCleave,SuckerPunch,LowKick,IronHead|Jolly||M|||50|]Dragapult||LifeOrb|ClearBody|PhantomForce,DragonDarts,DragonDance,Protect|Adamant||M|||50|
|showteam|p2|Gengar||Gengarite|CursedBody|PerishSong,Protect,ShadowBall,SludgeBomb|Timid||F|||50|]Politoed||SitrusBerry|Drizzle|PerishSong,Protect,Encore,WeatherBall|Calm||F|||50|]Incineroar||PasshoBerry|Intimidate|FakeOut,PartingShot,FlareBlitz,ThroatChop|Adamant||F|||50|]Archaludon||Leftovers|Stamina|ElectroShot,Protect,FlashCannon,DracoMeteor|Timid||M|||50|]Sableye||Sablenite|Prankster|RainDance,Disable,Encore,Poltergeist|Impish||M|||50|]Swampert||Swampertite|Damp|Waterfall,Earthquake,IcePunch,FlipTurn|Adamant||F|||50|
|inactive|Battle timer is ON: inactive players will automatically lose when time's up. (requested by Zetababy3)
|
|t:|1784054473
|teamsize|p1|4
|teamsize|p2|4
|start
|switch|p1a: Dragapult|Dragapult, L50, M|100/100
|switch|p1b: Sneasler|Sneasler, L50, F|100/100
|switch|p2a: Sableye|Sableye, L50, M|100/100
|switch|p2b: Politoed|Politoed, L50, F|100/100
|-weather|RainDance|[from] ability: Drizzle|[of] p2b: Politoed
|turn|1
|inactive|Zetababy3 has 30 seconds left.
|inactive|TheBigGooner has 30 seconds left.
|inactive|Zetababy3 has 20 seconds left.
|inactive|Zetababy3 has 15 seconds left.
|
|t:|1784054515
|move|p2b: Politoed|Protect|p2b: Politoed
|-singleturn|p2b: Politoed|Protect
|move|p1b: Sneasler|Fake Out|p2b: Politoed
|-activate|p2b: Politoed|move: Protect
|move|p1a: Dragapult|Dragon Dance|p1a: Dragapult
|-boost|p1a: Dragapult|atk|1
|-boost|p1a: Dragapult|spe|1
|move|p2a: Sableye|Poltergeist|p1a: Dragapult
|-activate|p1a: Dragapult|move: Poltergeist|Life Orb
|-supereffective|p1a: Dragapult|1
|-damage|p1a: Dragapult|20/100r
|
|-weather|RainDance|[upkeep]
|upkeep
|turn|2
|
|t:|1784054538
|switch|p2b: Archaludon|Archaludon, L50, M|100/100
|move|p2a: Sableye|Encore|p1a: Dragapult
|-start|p1a: Dragapult|Encore
|move|p1a: Dragapult|Dragon Dance|p1a: Dragapult
|-boost|p1a: Dragapult|atk|1
|-boost|p1a: Dragapult|spe|1
|move|p1b: Sneasler|Dire Claw|p2b: Archaludon
|-immune|p2b: Archaludon
|
|-weather|RainDance|[upkeep]
|upkeep
|turn|3
|
|t:|1784054557
|move|p2a: Sableye|Encore|p1b: Sneasler
|-start|p1b: Sneasler|Encore
|move|p1a: Dragapult|Dragon Dance|p1a: Dragapult
|-boost|p1a: Dragapult|atk|1
|-boost|p1a: Dragapult|spe|1
|move|p1b: Sneasler|Dire Claw|p2a: Sableye
|-resisted|p2a: Sableye|1
|-damage|p2a: Sableye|80/100
|-status|p2a: Sableye|par
|move|p2b: Archaludon|Electro Shot||[still]
|-prepare|p2b: Archaludon|Electro Shot
|-boost|p2b: Archaludon|spa|1
|-anim|p2b: Archaludon|Electro Shot|p1b: Sneasler
|-damage|p1b: Sneasler|12/100
|
|-weather|RainDance|[upkeep]
|upkeep
|turn|4
|
|t:|1784054582
|move|p2a: Sableye|Disable|p1b: Sneasler
|-start|p1b: Sneasler|Disable|Dire Claw
|move|p1a: Dragapult|Dragon Dance|p1a: Dragapult
|-boost|p1a: Dragapult|atk|1
|-boost|p1a: Dragapult|spe|1
|cant|p1b: Sneasler|Disable|Dire Claw
|move|p2b: Archaludon|Electro Shot||[still]
|-prepare|p2b: Archaludon|Electro Shot
|-boost|p2b: Archaludon|spa|1
|-anim|p2b: Archaludon|Electro Shot|p1a: Dragapult
|-resisted|p1a: Dragapult|1
|-damage|p1a: Dragapult|0 fnt
|faint|p1a: Dragapult
|
|-weather|RainDance|[upkeep]
|upkeep
|
|t:|1784054602
|switch|p1a: Charizard|Charizard, L50, M|100/100
|turn|5
|
|t:|1784054609
|detailschange|p1a: Charizard|Charizard-Mega-Y, L50, M
|-mega|p1a: Charizard|Charizard|Charizardite Y
|-weather|SunnyDay|[from] ability: Drought|[of] p1a: Charizard
|move|p2a: Sableye|Rain Dance|p2a: Sableye
|-weather|RainDance
|-activate|p1b: Sneasler|move: Struggle
|move|p1b: Sneasler|Struggle|p2b: Archaludon
|-damage|p2b: Archaludon|83/100
|-ability|p2b: Archaludon|Stamina|boost
|-boost|p2b: Archaludon|def|1
|-damage|p1b: Sneasler|0 fnt|[from] recoil
|faint|p1b: Sneasler
|move|p1a: Charizard|Weather Ball|p2b: Archaludon
|-resisted|p2b: Archaludon|1
|-damage|p2b: Archaludon|44/100
|-ability|p2b: Archaludon|Stamina|boost
|-boost|p2b: Archaludon|def|1
|move|p2b: Archaludon|Electro Shot||[still]
|-prepare|p2b: Archaludon|Electro Shot
|-boost|p2b: Archaludon|spa|1
|-anim|p2b: Archaludon|Electro Shot|p1a: Charizard
|-supereffective|p1a: Charizard|1
|-damage|p1a: Charizard|0 fnt
|faint|p1a: Charizard
|
|-weather|RainDance|[upkeep]
|-heal|p2b: Archaludon|50/100g|[from] item: Leftovers
|upkeep
|inactive|Zetababy3 has 30 seconds left.
|inactive|Zetababy3 has 20 seconds left.
|inactive|Zetababy3 has 15 seconds left.
|inactive|Zetababy3 has 10 seconds left.
|inactive|Zetababy3 has 5 seconds left.
|
|t:|1784054664
|switch|p1a: Kingambit|Kingambit, L50, M|100/100
|-activate|p1a: Kingambit|ability: Supreme Overlord
|-start|p1a: Kingambit|fallen3|[silent]
|turn|6
|inactive|Zetababy3 has 30 seconds left.
|l|‽Zetababy3
|inactive|Zetababy3 disconnected and has a minute to reconnect!
|player|p1|
|inactive|Zetababy3 has 20 seconds left.
|inactive|Zetababy3 has 15 seconds left.
|inactive|Zetababy3 has 10 seconds left.
|inactive|Zetababy3 has 5 seconds left.
|-message|Zetababy3 lost due to inactivity.
|
|win|TheBigGooner
