|j|☆Lukarioks
|j|☆WASHINGTONGARGACHA
|html|LukarioksWASHINGTONGARGACHA    
|uhtml|bestof|Game 1 of a best-of-3
|t:|1756424236
|gametype|doubles
|player|p1|Lukarioks|2|1046
|player|p2|WASHINGTONGARGACHA|265|1045
|gen|9
|tier|[Gen 9] VGC 2025 Reg H (Bo3)
|rated|
|rule|Species Clause: Limit one of each Pokémon
|rule|Item Clause: Limit 1 of each item
|clearpoke
|poke|p1|Tyranitar, L50, M|
|poke|p1|Garchomp, L50, F|
|poke|p1|Gholdengo, L50|
|poke|p1|Whimsicott, L50, F|
|poke|p1|Dondozo, L50, M|
|poke|p1|Tatsugiri, L50, M|
|poke|p2|Farigiraf, L50, M|
|poke|p2|Incineroar, L50, F|
|poke|p2|Rillaboom, L50, F|
|poke|p2|Gholdengo, L50|
|poke|p2|Kingambit, L50, F|
|poke|p2|Sneasler, L50, M|
|teampreview|4
|showteam|p1|Tyranitar||AssaultVest|SandStream|RockSlide,KnockOff,TeraBlast,Crunch|||M|||50|,,,,,Flying]Garchomp||LoadedDice|SandVeil|Earthquake,BreakingSwipe,Liquidation,ScaleShot|||F|||50|,,,,,Water]Gholdengo||LifeOrb|GoodasGold|MakeItRain,ShadowBall,Protect,NastyPlot||||||50|,,,,,Dark]Whimsicott||CovertCloak|Prankster|Moonblast,Tailwind,Taunt,Encore|||F|||50|,,,,,Dark]Dondozo||LumBerry|Unaware|OrderUp,WaveCrash,Waterfall,Substitute|||M|||50|,,,,,Steel]Tatsugiri||ChoiceScarf|Commander|DracoMeteor,Surf,HydroPump,IcyWind|||M|||50|,,,,,Dragon
|showteam|p2|Farigiraf||ThroatSpray|ArmorTail|HyperVoice,Psychic,TrickRoom,Protect|||M|||50|,,,,,Fairy]Incineroar||SafetyGoggles|Intimidate|FlareBlitz,FakeOut,KnockOff,PartingShot|||F|||50|,,,,,Ghost]Rillaboom||AssaultVest|GrassySurge|FakeOut,GrassyGlide,Uturn,WoodHammer|||F|||50|,,,,,Fire]Gholdengo||SitrusBerry|GoodasGold|MakeItRain,NastyPlot,ShadowBall,Protect||||||50|,,,,,Water]Kingambit||BlackGlasses|Defiant|SwordsDance,Protect,SuckerPunch,KowtowCleave|||F|||50|,,,,,Dark]Sneasler||GrassySeed|Unburden|DireClaw,CloseCombat,Protect,ThroatChop|||M|||50|,,,,,Stellar
|inactive|Battle timer is ON: inactive players will automatically lose when time's up. (requested by Lukarioks)
|inactive|Lukarioks has 60 seconds left.
|inactive|WASHINGTONGARGACHA has 60 seconds left.
|
|t:|1756424280
|teamsize|p1|4
|teamsize|p2|4
|start
|switch|p1a: Tyranitar|Tyranitar, L50, M|100/100
|switch|p1b: Tatsugiri|Tatsugiri, L50, M|100/100
|switch|p2a: Incineroar|Incineroar, L50, F|100/100
|switch|p2b: Kingambit|Kingambit, L50, F|100/100
|-ability|p2a: Incineroar|Intimidate|boost
|-unboost|p1a: Tyranitar|atk|1
|-unboost|p1b: Tatsugiri|atk|1
|-weather|Sandstorm|[from] ability: Sand Stream|[of] p1a: Tyranitar
|turn|1
|inactive|Lukarioks has 30 seconds left.
|
|t:|1756424314
|switch|p1a: Dondozo|Dondozo, L50, M|100/100
|-activate|p1b: Tatsugiri|ability: Commander|[of] p1a: Dondozo
|-boost|p1a: Dondozo|atk|2
|-boost|p1a: Dondozo|spa|2
|-boost|p1a: Dondozo|spe|2
|-boost|p1a: Dondozo|def|2
|-boost|p1a: Dondozo|spd|2
|move|p2a: Incineroar|Fake Out|p1a: Dondozo
|-damage|p1a: Dondozo|96/100
|move|p2b: Kingambit|Swords Dance|p2b: Kingambit
|-boost|p2b: Kingambit|atk|2
|
|-weather|Sandstorm|[upkeep]
|-damage|p1b: Tatsugiri|95/100|[from] Sandstorm
|-damage|p1a: Dondozo|90/100|[from] Sandstorm
|upkeep
|turn|2
|inactive|WASHINGTONGARGACHA has 30 seconds left.
|inactive|WASHINGTONGARGACHA has 20 seconds left.
|
|t:|1756424350
|move|p1a: Dondozo|Wave Crash|p2b: Kingambit
|-damage|p2b: Kingambit|13/100
|-damage|p1a: Dondozo|66/100|[from] Recoil
|move|p2a: Incineroar|Parting Shot|p1a: Dondozo
|-unboost|p1a: Dondozo|atk|1
|-unboost|p1a: Dondozo|spa|1
|
|t:|1756424356
|switch|p2a: Rillaboom|Rillaboom, L50, F|100/100|[from] Parting Shot
|-fieldstart|move: Grassy Terrain|[from] ability: Grassy Surge|[of] p2a: Rillaboom
|move|p2b: Kingambit|Swords Dance|p2b: Kingambit
|-boost|p2b: Kingambit|atk|2
|
|-weather|Sandstorm|[upkeep]
|-damage|p1b: Tatsugiri|89/100|[from] Sandstorm
|-damage|p2a: Rillaboom|95/100|[from] Sandstorm
|-damage|p1a: Dondozo|60/100|[from] Sandstorm
|-heal|p1b: Tatsugiri|95/100|[from] Grassy Terrain
|-heal|p2a: Rillaboom|100/100|[from] Grassy Terrain
|-heal|p1a: Dondozo|66/100|[from] Grassy Terrain
|-heal|p2b: Kingambit|19/100|[from] Grassy Terrain
|upkeep
|turn|3
|
|t:|1756424380
|-terastallize|p1a: Dondozo|Steel
|move|p2a: Rillaboom|Fake Out|p1a: Dondozo
|-resisted|p1a: Dondozo
|-damage|p1a: Dondozo|64/100
|cant|p1a: Dondozo|flinch
|move|p2b: Kingambit|Swords Dance|p2b: Kingambit
|-boost|p2b: Kingambit|atk|2
|
|-weather|Sandstorm|[upkeep]
|-damage|p1b: Tatsugiri|89/100|[from] Sandstorm
|-damage|p2a: Rillaboom|95/100|[from] Sandstorm
|-heal|p1b: Tatsugiri|95/100|[from] Grassy Terrain
|-heal|p2a: Rillaboom|100/100|[from] Grassy Terrain
|-heal|p1a: Dondozo|70/100|[from] Grassy Terrain
|-heal|p2b: Kingambit|25/100|[from] Grassy Terrain
|upkeep
|turn|4
|
|t:|1756424403
|move|p2b: Kingambit|Protect|p2b: Kingambit
|-singleturn|p2b: Kingambit|Protect
|move|p2a: Rillaboom|U-turn|p1a: Dondozo
|-resisted|p1a: Dondozo
|-damage|p1a: Dondozo|66/100
|
|t:|1756424408
|switch|p2a: Incineroar|Incineroar, L50, F|100/100|[from] U-turn
|-ability|p2a: Incineroar|Intimidate|boost
|-unboost|p1a: Dondozo|atk|1
|-unboost|p1b: Tatsugiri|atk|1
|move|p1a: Dondozo|Wave Crash|p2b: Kingambit
|-activate|p2b: Kingambit|move: Protect
|
|-weather|Sandstorm|[upkeep]
|-damage|p1b: Tatsugiri|89/100|[from] Sandstorm
|-heal|p1b: Tatsugiri|95/100|[from] Grassy Terrain
|-heal|p1a: Dondozo|72/100|[from] Grassy Terrain
|-heal|p2b: Kingambit|30/100|[from] Grassy Terrain
|upkeep
|turn|5
|
|t:|1756424422
|move|p2a: Incineroar|Fake Out|p1a: Dondozo
|-resisted|p1a: Dondozo
|-damage|p1a: Dondozo|70/100
|cant|p1a: Dondozo|flinch
|move|p2b: Kingambit|Swords Dance|p2b: Kingambit
|-boost|p2b: Kingambit|atk|0
|
|-weather|none
|-heal|p1b: Tatsugiri|100/100|[from] Grassy Terrain
|-heal|p1a: Dondozo|76/100|[from] Grassy Terrain
|-heal|p2b: Kingambit|36/100|[from] Grassy Terrain
|upkeep
|turn|6
|inactive|WASHINGTONGARGACHA has 30 seconds left.
|
|t:|1756424448
|-terastallize|p2b: Kingambit|Dark
|move|p2b: Kingambit|Sucker Punch|p1a: Dondozo
|-damage|p1a: Dondozo|56/100
|move|p1a: Dondozo|Order Up|p2a: Incineroar
|-damage|p2a: Incineroar|77/100
|-boost|p1a: Dondozo|atk|1
|move|p2a: Incineroar|Flare Blitz|p1a: Dondozo
|-supereffective|p1a: Dondozo
|-damage|p1a: Dondozo|16/100
|-status|p1a: Dondozo|brn
|-enditem|p1a: Dondozo|Lum Berry|[eat]
|-curestatus|p1a: Dondozo|brn|[msg]
|-damage|p2a: Incineroar|60/100|[from] Recoil
|
|-heal|p1a: Dondozo|22/100|[from] Grassy Terrain
|-heal|p2a: Incineroar|66/100|[from] Grassy Terrain
|-heal|p2b: Kingambit|42/100|[from] Grassy Terrain
|-fieldend|move: Grassy Terrain
|upkeep
|turn|7
|j| 0-6day2
|l| 0-6day2
|
|t:|1756424478
|move|p2b: Kingambit|Protect|p2b: Kingambit
|-singleturn|p2b: Kingambit|Protect
|move|p1a: Dondozo|Order Up|p2b: Kingambit
|-activate|p2b: Kingambit|move: Protect
|move|p2a: Incineroar|Parting Shot|p1a: Dondozo
|-unboost|p1a: Dondozo|atk|1
|-unboost|p1a: Dondozo|spa|1
|
|t:|1756424485
|switch|p2a: Rillaboom|Rillaboom, L50, F|100/100|[from] Parting Shot
|-fieldstart|move: Grassy Terrain|[from] ability: Grassy Surge|[of] p2a: Rillaboom
|
|-heal|p1a: Dondozo|28/100|[from] Grassy Terrain
|-heal|p2b: Kingambit|48/100|[from] Grassy Terrain
|upkeep
|turn|8
|
|t:|1756424499
|move|p2a: Rillaboom|Fake Out|p1a: Dondozo
|-resisted|p1a: Dondozo
|-damage|p1a: Dondozo|26/100
|cant|p1a: Dondozo|flinch
|move|p2b: Kingambit|Kowtow Cleave|p1a: Dondozo
|-damage|p1a: Dondozo|2/100
|
|-heal|p1a: Dondozo|9/100|[from] Grassy Terrain
|-heal|p2b: Kingambit|54/100|[from] Grassy Terrain
|upkeep
|turn|9
|
|t:|1756424511
|move|p2b: Kingambit|Protect|p2b: Kingambit
|-singleturn|p2b: Kingambit|Protect
|move|p2a: Rillaboom|U-turn|p1a: Dondozo
|-resisted|p1a: Dondozo
|-damage|p1a: Dondozo|5/100
|
|t:|1756424515
|switch|p2a: Incineroar|Incineroar, L50, F|66/100|[from] U-turn
|-ability|p2a: Incineroar|Intimidate|boost
|-unboost|p1a: Dondozo|atk|1
|-unboost|p1b: Tatsugiri|atk|1
|move|p1a: Dondozo|Order Up|p2b: Kingambit
|-activate|p2b: Kingambit|move: Protect
|
|-heal|p1a: Dondozo|11/100|[from] Grassy Terrain
|-heal|p2a: Incineroar|72/100|[from] Grassy Terrain
|-heal|p2b: Kingambit|59/100|[from] Grassy Terrain
|upkeep
|turn|10
|
|t:|1756424526
|move|p2a: Incineroar|Fake Out|p1a: Dondozo
|-resisted|p1a: Dondozo
|-damage|p1a: Dondozo|9/100
|cant|p1a: Dondozo|flinch
|move|p2b: Kingambit|Kowtow Cleave|p1a: Dondozo
|-damage|p1a: Dondozo|0 fnt
|faint|p1a: Dondozo
|
|-heal|p2a: Incineroar|78/100|[from] Grassy Terrain
|-heal|p2b: Kingambit|65/100|[from] Grassy Terrain
|upkeep
|
|t:|1756424538
|switch|p1a: Tyranitar|Tyranitar, L50, M|100/100
|-weather|Sandstorm|[from] ability: Sand Stream|[of] p1a: Tyranitar
|turn|11
|
|t:|1756424563
|move|p2b: Kingambit|Sucker Punch|p1b: Tatsugiri
|-damage|p1b: Tatsugiri|0 fnt
|faint|p1b: Tatsugiri
|move|p2a: Incineroar|Parting Shot|p1a: Tyranitar
|-unboost|p1a: Tyranitar|atk|1
|-unboost|p1a: Tyranitar|spa|1
|
|t:|1756424569
|switch|p2a: Rillaboom|Rillaboom, L50, F|100/100|[from] Parting Shot
|move|p1a: Tyranitar|Rock Slide|p2b: Kingambit|[spread] p2a
|-miss|p1a: Tyranitar|p2b: Kingambit
|-damage|p2a: Rillaboom|78/100
|
|-weather|Sandstorm|[upkeep]
|-damage|p2a: Rillaboom|72/100|[from] Sandstorm
|-damage|p2b: Kingambit|59/100|[from] Sandstorm
|-heal|p2a: Rillaboom|78/100|[from] Grassy Terrain
|-heal|p2b: Kingambit|65/100|[from] Grassy Terrain
|-fieldend|move: Grassy Terrain
|upkeep
|
|t:|1756424573
|switch|p1b: Garchomp|Garchomp, L50, F|100/100
|turn|12
|
|t:|1756424594
|move|p2a: Rillaboom|Fake Out|p1b: Garchomp
|-damage|p1b: Garchomp|87/100
|move|p2b: Kingambit|Sucker Punch|p1b: Garchomp|[miss]
|-miss|p2b: Kingambit|p1b: Garchomp
|cant|p1b: Garchomp|flinch
|move|p1a: Tyranitar|Rock Slide|p2a: Rillaboom|[spread] p2a,p2b
|-damage|p2a: Rillaboom|52/100
|-damage|p2b: Kingambit|50/100
|
|-weather|Sandstorm|[upkeep]
|-damage|p2a: Rillaboom|47/100|[from] Sandstorm
|-damage|p2b: Kingambit|44/100|[from] Sandstorm
|upkeep
|turn|13
|
|t:|1756424614
|move|p2b: Kingambit|Sucker Punch|p1b: Garchomp
|-damage|p1b: Garchomp|0 fnt
|faint|p1b: Garchomp
|move|p2a: Rillaboom|U-turn|p1a: Tyranitar
|-supereffective|p1a: Tyranitar
|-damage|p1a: Tyranitar|66/100
|
|t:|1756424620
|switch|p2a: Incineroar|Incineroar, L50, F|78/100|[from] U-turn
|-ability|p2a: Incineroar|Intimidate|boost
|-unboost|p1a: Tyranitar|atk|1
|move|p1a: Tyranitar|Rock Slide|p2b: Kingambit|[spread] p2a,p2b
|-supereffective|p2a: Incineroar
|-damage|p2a: Incineroar|47/100
|-damage|p2b: Kingambit|32/100
|
|-weather|Sandstorm|[upkeep]
|-damage|p2b: Kingambit|27/100|[from] Sandstorm
|upkeep
|turn|14
|
|t:|1756424632
|move|p2a: Incineroar|Fake Out|p1a: Tyranitar
|-resisted|p1a: Tyranitar
|-damage|p1a: Tyranitar|61/100
|cant|p1a: Tyranitar|flinch
|move|p2b: Kingambit|Kowtow Cleave|p1a: Tyranitar
|-resisted|p1a: Tyranitar
|-damage|p1a: Tyranitar|0 fnt
|faint|p1a: Tyranitar
|
|win|WASHINGTONGARGACHA
