|j|☆juaquiness
|j|☆MarillRag1
|html|juaquinessMarillRag1    
|uhtml|bestof|Game 2 of a best-of-3
|t:|1786167417
|gametype|doubles
|player|p1|juaquiness|2|1283
|player|p2|MarillRag1|102|1353
|gen|9
|tier|[Gen 9 Champions] VGC 2026 Reg M-B (Bo3)
|rated|
|rule|Species Clause: Limit one of each Pokémon
|rule|Item Clause: Limit 1 of each item
|clearpoke
|poke|p1|Arcanine-Hisui, L50, M|
|poke|p1|Floette-Eternal, L50, F|
|poke|p1|Kingambit, L50, M|
|poke|p1|Dragonite, L50, M|
|poke|p1|Basculegion, L50, M|
|poke|p1|Whimsicott, L50, F|
|poke|p2|Gengar, L50, M|
|poke|p2|Archaludon, L50, M|
|poke|p2|Politoed, L50, F|
|poke|p2|Swampert, L50, M|
|poke|p2|Vivillon-Fancy, L50, M|
|poke|p2|Incineroar, L50, F|
|teampreview|4
|showteam|p1|Arcanine-Hisui||WideLens|RockHead|Protect,ExtremeSpeed,HeadSmash,FlareBlitz|Adamant||M|||50|]Floette-Eternal||Floettite|FlowerVeil|Protect,Moonblast,DazzlingGleam,LightofRuin|Timid||F|||50|]Kingambit||FocusSash|Defiant|Protect,SuckerPunch,KowtowCleave,IronHead|Adamant||M|||50|]Dragonite||LifeOrb|InnerFocus|Tailwind,ExtremeSpeed,LowKick,DragonClaw|Jolly||M|||50|]Basculegion||ChoiceScarf|Adaptability|AquaJet,FlipTurn,LastRespects,WaveCrash|Jolly||M|||50|]Whimsicott||OccaBerry|Prankster|Tailwind,Charm,Encore,Moonblast|Timid||F|||50|
|showteam|p2|Gengar||Gengarite|CursedBody|ShadowBall,SludgeBomb,PerishSong,Protect|Modest||M|||50|]Archaludon||Leftovers|Stamina|ElectroShot,DragonPulse,FlashCannon,Protect|Bold||M|||50|]Politoed||SitrusBerry|Drizzle|WeatherBall,Hypnosis,PerishSong,Protect|Calm||F|||50|]Swampert||Swampertite|Torrent|WaveCrash,Earthquake,IcePunch,Protect|Adamant||M|||50|]Vivillon-Fancy||FocusSash|CompoundEyes|Hurricane,SleepPowder,RagePowder,Protect|Timid||M|||50|]Incineroar||ShucaBerry|Intimidate|ThroatChop,FakeOut,PartingShot,Protect|Impish||F|||50|
|
|t:|1786167457
|teamsize|p1|4
|teamsize|p2|4
|start
|switch|p1a: Whimsicott|Whimsicott, L50, F|100/100
|switch|p1b: Basculegion|Basculegion, L50, M|100/100
|switch|p2a: Incineroar|Incineroar, L50, F|100/100
|switch|p2b: Gengar|Gengar, L50, M|100/100
|-ability|p2a: Incineroar|Intimidate|boost
|-unboost|p1a: Whimsicott|atk|1
|-unboost|p1b: Basculegion|atk|1
|turn|1
|inactive|Battle timer is ON: inactive players will automatically lose when time's up. (requested by MarillRag1)
|inactive|MarillRag1 has 60 seconds left.
|
|t:|1786167496
|detailschange|p2b: Gengar|Gengar-Mega, L50, M
|-mega|p2b: Gengar|Gengar|Gengarite
|move|p1b: Basculegion|Wave Crash|p2a: Incineroar
|-supereffective|p2a: Incineroar|1
|-damage|p2a: Incineroar|12/100
|-damage|p1b: Basculegion|70/100|[from] Recoil
|move|p1a: Whimsicott|Moonblast|p2a: Incineroar
|-damage|p2a: Incineroar|0 fnt
|faint|p2a: Incineroar
|move|p2b: Gengar|Sludge Bomb|p1a: Whimsicott
|-supereffective|p1a: Whimsicott|2
|-damage|p1a: Whimsicott|0 fnt
|faint|p1a: Whimsicott
|
|upkeep
|
|t:|1786167510
|switch|p1a: Dragonite|Dragonite, L50, M|100/100
|switch|p2a: Archaludon|Archaludon, L50, M|100/100
|turn|2
|
|t:|1786167533
|move|p2b: Gengar|Protect|p2b: Gengar
|-singleturn|p2b: Gengar|Protect
|move|p1b: Basculegion|Wave Crash|p2b: Gengar
|-activate|p2b: Gengar|move: Protect
|move|p1a: Dragonite|Dragon Claw|p2b: Gengar
|-activate|p2b: Gengar|move: Protect
|move|p2a: Archaludon|Electro Shot||[still]
|-prepare|p2a: Archaludon|Electro Shot
|-boost|p2a: Archaludon|spa|1
|
|upkeep
|turn|3
|
|t:|1786167552
|switch|p2b: Politoed|Politoed, L50, F|100/100
|-weather|RainDance|[from] ability: Drizzle|[of] p2b: Politoed
|move|p1b: Basculegion|Wave Crash|p2b: Politoed
|-resisted|p2b: Politoed|1
|-damage|p2b: Politoed|63/100
|-damage|p1b: Basculegion|58/100|[from] Recoil
|move|p1a: Dragonite|Low Kick|p2a: Archaludon
|-supereffective|p2a: Archaludon|1
|-damage|p2a: Archaludon|48/100
|-ability|p2a: Archaludon|Stamina|boost
|-boost|p2a: Archaludon|def|1
|-damage|p1a: Dragonite|90/100|[from] item: Life Orb
|move|p2a: Archaludon|Electro Shot|p1b: Basculegion|[from] lockedmove
|-supereffective|p1b: Basculegion|1
|-damage|p1b: Basculegion|0 fnt
|faint|p1b: Basculegion
|
|-weather|RainDance|[upkeep]
|-heal|p2a: Archaludon|54/100|[from] item: Leftovers
|upkeep
|
|t:|1786167554
|switch|p1b: Floette|Floette-Eternal, L50, F|100/100
|turn|4
|
|t:|1786167572
|detailschange|p1b: Floette|Floette-Mega, L50, F
|-mega|p1b: Floette|Floette|Floettite
|-ability|p1b: Floette|Fairy Aura
|move|p1b: Floette|Moonblast|p2a: Archaludon
|-damage|p2a: Archaludon|0 fnt
|faint|p2a: Archaludon
|move|p1a: Dragonite|Dragon Claw|p2b: Politoed
|-damage|p2b: Politoed|9/100
|-enditem|p2b: Politoed|Sitrus Berry|[eat]
|-heal|p2b: Politoed|34/100|[from] item: Sitrus Berry
|-damage|p1a: Dragonite|80/100|[from] item: Life Orb
|move|p2b: Politoed|Perish Song|p2b: Politoed
|-start|p1a: Dragonite|perish3|[silent]
|-start|p1b: Floette|perish3|[silent]
|-start|p2b: Politoed|perish3|[silent]
|-fieldactivate|move: Perish Song
|
|-weather|RainDance|[upkeep]
|-start|p1b: Floette|perish3
|-start|p1a: Dragonite|perish3
|-start|p2b: Politoed|perish3
|upkeep
|
|t:|1786167574
|switch|p2a: Gengar|Gengar-Mega, L50, M|100/100
|turn|5
|
|t:|1786167591
|move|p2a: Gengar|Protect|p2a: Gengar
|-singleturn|p2a: Gengar|Protect
|move|p2b: Politoed|Protect|p2b: Politoed
|-singleturn|p2b: Politoed|Protect
|move|p1b: Floette|Dazzling Gleam|p2a: Gengar|[spread] 
|-activate|p2a: Gengar|move: Protect
|-activate|p2b: Politoed|move: Protect
|move|p1a: Dragonite|Dragon Claw|p2a: Gengar
|-activate|p2a: Gengar|move: Protect
|
|-weather|RainDance|[upkeep]
|-start|p1b: Floette|perish2
|-start|p1a: Dragonite|perish2
|-start|p2b: Politoed|perish2
|upkeep
|turn|6
|
|t:|1786167598
|move|p1b: Floette|Light of Ruin|p2a: Gengar
|-resisted|p2a: Gengar|1
|-damage|p2a: Gengar|46/100
|-damage|p1b: Floette|70/100|[from] Recoil
|move|p2a: Gengar|Sludge Bomb|p1b: Floette
|-supereffective|p1b: Floette|1
|-damage|p1b: Floette|0 fnt
|faint|p1b: Floette
|move|p1a: Dragonite|Dragon Claw|p2b: Politoed
|-damage|p2b: Politoed|0 fnt
|faint|p2b: Politoed
|-damage|p1a: Dragonite|71/100|[from] item: Life Orb
|
|-weather|RainDance|[upkeep]
|-start|p1a: Dragonite|perish1
|upkeep
|turn|7
|c|☆juaquiness|Gg
|c|☆MarillRag1|gg
|
|t:|1786167610
|move|p2a: Gengar|Protect|p2a: Gengar
|-singleturn|p2a: Gengar|Protect
|move|p1a: Dragonite|Dragon Claw|p2a: Gengar
|-activate|p2a: Gengar|move: Protect
|
|-weather|none
|-start|p1a: Dragonite|perish0
|faint|p1a: Dragonite
|
|win|MarillRag1
|raw|juaquiness's rating: 1283 → 1263(-20 for losing)
|raw|MarillRag1's rating: 1353 → 1369(+16 for winning)
|l|☆juaquiness
|player|p1|
