|j|☆YungDungBeetle
|j|☆CCmanny
|html|YungDungBeetleCCmanny    
|uhtml|bestof|Game 1 of a best-of-3
|t:|1756906857
|gametype|doubles
|player|p1|YungDungBeetle|n|1130
|player|p2|CCmanny|ethan|1102
|gen|9
|tier|[Gen 9] VGC 2025 Reg H (Bo3)
|rated|
|rule|Species Clause: Limit one of each Pokémon
|rule|Item Clause: Limit 1 of each item
|clearpoke
|poke|p1|Rillaboom, L50, M|
|poke|p1|Baxcalibur, L50, M|
|poke|p1|Volcarona, L50, M|
|poke|p1|Annihilape, L50, M|
|poke|p1|Kingambit, L50, M|
|poke|p1|Dondozo, L50, M|
|poke|p2|Kingambit, L50, F|
|poke|p2|Primarina, L50, F|
|poke|p2|Sneasler, L50, F|
|poke|p2|Magmar, L50, F|
|poke|p2|Rillaboom, L50, F|
|poke|p2|Dragapult, L50, F|
|teampreview|4
|showteam|p1|Rillaboom||AssaultVest|GrassySurge|GrassyGlide,WoodHammer,FakeOut,HighHorsepower|||M|||50|,,,,,Fire]Baxcalibur||LoadedDice|ThermalExchange|ScaleShot,IcicleSpear,IceShard,Protect|||M|||50|,,,,,Ghost]Volcarona||GrassySeed|FlameBody|Protect,HeatWave,GigaDrain,QuiverDance|||M|||50|,,,,,Grass]Annihilape||FocusSash|Defiant|CloseCombat,RageFist,Coaching,Taunt|||M|||50|,,,,,Water]Kingambit||BlackGlasses|Defiant|Protect,KowtowCleave,SuckerPunch,SwordsDance|||M|||50|,,,,,Ghost]Dondozo||Leftovers|Unaware|WaveCrash,Fissure,Yawn,Protect|||M|||50|,,,,,Bug
|showteam|p2|Kingambit||BlackGlasses|Defiant|KowtowCleave,SuckerPunch,SwordsDance,Protect|||F|||50|,,,,,Ghost]Primarina||SitrusBerry|LiquidVoice|HyperVoice,Moonblast,Haze,Protect|||F|||50|,,,,,Water]Sneasler||FocusSash|PoisonTouch|DireClaw,CloseCombat,FakeOut,Protect|||F|||50|,,,,,Stellar]Magmar||Eviolite|VitalSpirit|Overheat,WillOWisp,FollowMe,Protect|||F|||50|,,,,,Ghost]Rillaboom||AssaultVest|GrassySurge|WoodHammer,GrassyGlide,HighHorsepower,FakeOut|||F|||50|,,,,,Fire]Dragapult||ChoiceBand|ClearBody|DragonDarts,TeraBlast,PhantomForce,Uturn|||F|||50|,,,,,Ghost
|inactive|Battle timer is ON: inactive players will automatically lose when time's up. (requested by YungDungBeetle)
|inactive|CCmanny has 60 seconds left.
|
|t:|1756906913
|teamsize|p1|4
|teamsize|p2|4
|start
|switch|p1a: BIG BODY BENZ|Baxcalibur, L50, M|100/100
|switch|p1b: Annihilape|Annihilape, L50, M|100/100
|switch|p2a: Dragapult|Dragapult, L50, F|100/100
|switch|p2b: Sneasler|Sneasler, L50, F|100/100
|turn|1
|inactive|CCmanny has 30 seconds left.
|
|t:|1756906943
|-terastallize|p2a: Dragapult|Ghost
|move|p2a: Dragapult|Tera Blast|p1b: Annihilape|[anim] Tera Blast Ghost
|-supereffective|p1b: Annihilape
|-enditem|p1b: Annihilape|Focus Sash
|-damage|p1b: Annihilape|1/100
|move|p2b: Sneasler|Dire Claw|p1b: Annihilape
|-resisted|p1b: Annihilape
|-damage|p1b: Annihilape|0 fnt
|faint|p1b: Annihilape
|move|p1a: BIG BODY BENZ|Scale Shot|p2b: Sneasler
|-damage|p2b: Sneasler|73/100
|-damage|p2b: Sneasler|44/100
|-damage|p2b: Sneasler|18/100
|-damage|p2b: Sneasler|0 fnt
|faint|p2b: Sneasler
|-hitcount|p2: Sneasler|4
|-unboost|p1a: BIG BODY BENZ|def|1
|-boost|p1a: BIG BODY BENZ|spe|1
|
|upkeep
|
|t:|1756906962
|switch|p2b: Magmar|Magmar, L50, F|100/100
|switch|p1b: Volcarona|Volcarona, L50, M|100/100
|turn|2
|inactive|YungDungBeetle has 30 seconds left.
|inactive|CCmanny has 30 seconds left.
|
|t:|1756906996
|move|p2a: Dragapult|Tera Blast|p1b: Volcarona|[anim] Tera Blast Ghost
|-damage|p1b: Volcarona|15/100
|move|p1a: BIG BODY BENZ|Scale Shot|p2b: Magmar
|-damage|p2b: Magmar|88/100
|-damage|p2b: Magmar|75/100
|-damage|p2b: Magmar|63/100
|-damage|p2b: Magmar|50/100
|-damage|p2b: Magmar|37/100
|-hitcount|p2b: Magmar|5
|-unboost|p1a: BIG BODY BENZ|def|1
|-boost|p1a: BIG BODY BENZ|spe|1
|move|p1b: Volcarona|Quiver Dance|p1b: Volcarona
|-boost|p1b: Volcarona|spa|1
|-boost|p1b: Volcarona|spd|1
|-boost|p1b: Volcarona|spe|1
|move|p2b: Magmar|Will-O-Wisp|p1a: BIG BODY BENZ
|-immune|p1a: BIG BODY BENZ|[from] ability: Thermal Exchange
|
|upkeep
|turn|3
|inactive|CCmanny has 30 seconds left.
|inactive|CCmanny has 20 seconds left.
|inactive|CCmanny has 15 seconds left.
|inactive|CCmanny has 10 seconds left.
|
|t:|1756907042
|move|p2b: Magmar|Follow Me|p2b: Magmar
|-singleturn|p2b: Magmar|move: Follow Me
|move|p1a: BIG BODY BENZ|Scale Shot|p2b: Magmar
|-damage|p2b: Magmar|23/100
|-damage|p2b: Magmar|10/100
|-damage|p2b: Magmar|0 fnt
|faint|p2b: Magmar
|-hitcount|p2: Magmar|3
|-unboost|p1a: BIG BODY BENZ|def|1
|-boost|p1a: BIG BODY BENZ|spe|1
|move|p1b: Volcarona|Heat Wave|p2a: Dragapult
|-damage|p2a: Dragapult|14/100
|-status|p2a: Dragapult|brn
|move|p2a: Dragapult|Tera Blast|p1a: BIG BODY BENZ|[anim] Tera Blast Ghost
|-damage|p1a: BIG BODY BENZ|3/100
|
|-damage|p2a: Dragapult|8/100 brn|[from] brn
|upkeep
|
|t:|1756907059
|switch|p2b: Primarina|Primarina, L50, F|100/100
|turn|4
|
|t:|1756907080
|-terastallize|p1b: Volcarona|Grass
|move|p1a: BIG BODY BENZ|Icicle Spear|p2a: Dragapult
|-damage|p2a: Dragapult|0 fnt
|faint|p2a: Dragapult
|-hitcount|p2: Dragapult|1
|move|p1b: Volcarona|Giga Drain|p2b: Primarina
|-supereffective|p2b: Primarina
|-damage|p2b: Primarina|18/100
|-heal|p1b: Volcarona|55/100|[from] drain|[of] p2b: Primarina
|-enditem|p2b: Primarina|Sitrus Berry|[eat]
|-heal|p2b: Primarina|43/100|[from] item: Sitrus Berry
|move|p2b: Primarina|Hyper Voice|p1b: Volcarona|[spread] p1a,p1b
|-resisted|p1a: BIG BODY BENZ
|-resisted|p1b: Volcarona
|-damage|p1a: BIG BODY BENZ|0 fnt
|-damage|p1b: Volcarona|46/100
|faint|p1a: BIG BODY BENZ
|
|upkeep
|
|t:|1756907090
|switch|p1a: King Von|Kingambit, L50, M|100/100
|turn|5
|
|t:|1756907096
|move|p1b: Volcarona|Giga Drain|p2b: Primarina
|-supereffective|p2b: Primarina
|-damage|p2b: Primarina|0 fnt
|-heal|p1b: Volcarona|67/100|[from] drain|[of] p2b: Primarina
|faint|p2b: Primarina
|
|win|YungDungBeetle
||CCmanny is ready for game 2.
||YungDungBeetle is ready for game 2.
|uhtml|next|Next: Game 2 of 3
