|j|☆lildueldisk
|j|☆spellbreakvgc
|html|lildueldiskspellbreakvgc    
|uhtml|bestof|Game 3 of a best-of-3
|t:|1756917490
|gametype|doubles
|player|p1|lildueldisk|boarder|1140
|player|p2|spellbreakvgc|lance|1185
|gen|9
|tier|[Gen 9] VGC 2025 Reg H (Bo3)
|rated|
|rule|Species Clause: Limit one of each Pokémon
|rule|Item Clause: Limit 1 of each item
|clearpoke
|poke|p1|Dragonite, L50, M|
|poke|p1|Garchomp, L50, M|
|poke|p1|Ninetales-Alola, L50, M|
|poke|p1|Incineroar, L50, M|
|poke|p1|Kingambit, L50, F|
|poke|p1|Amoonguss, L50, M|
|poke|p2|Archaludon, L50, M|
|poke|p2|Pelipper, L50, M|
|poke|p2|Basculegion, L50, M|
|poke|p2|Sinistcha, L50|
|poke|p2|Electrode-Hisui, L50|
|poke|p2|Incineroar, L50, F|
|teampreview|4
|showteam|p1|Dragonite||LumBerry|InnerFocus|TeraBlast,ExtremeSpeed,LowKick,Protect|||M|||50|,,,,,Flying]Garchomp||LifeOrb|SandVeil|DragonClaw,Earthquake,StompingTantrum,Protect|||M|||50|,,,,,Steel]Ninetales-Alola||FocusSash|SnowWarning|Blizzard,FreezeDry,Encore,Protect|||M|||50|,,,,,Ice]Incineroar||SafetyGoggles|Intimidate|FlareBlitz,KnockOff,PartingShot,FakeOut|||M|||50|,,,,,Ghost]Kingambit||AssaultVest|Defiant|KowtowCleave,SuckerPunch,IronHead,LowKick|||F|||50|,,,,,Dark]Amoonguss||SitrusBerry|Regenerator|Spore,RagePowder,PollenPuff,ClearSmog|||M|||50|,,,,,Water
|showteam|p2|Archaludon||AssaultVest|Stamina|DragonPulse,Snarl,ElectroShot,BodyPress|||M|||50|,,,,,Bug]Pelipper||FocusSash|Drizzle|WeatherBall,Hurricane,Tailwind,Protect|||M|||50|,,,,,Stellar]Basculegion||LifeOrb|SwiftSwim|WaveCrash,LastRespects,AquaJet,Protect|||M|||50|,,,,,Grass]Sinistcha||SitrusBerry|Hospitality|MatchaGotcha,StrengthSap,RagePowder,TrickRoom||||||50|,,,,,Fire]Electrode-Hisui||LoadedDice|Soundproof|BulletSeed,Electroweb,Taunt,ThunderWave||||||50|,,,,,Ghost]Incineroar||SafetyGoggles|Intimidate|FakeOut,PartingShot,KnockOff,Roar|||F|||50|,,,,,Ghost
|inactive|Battle timer is ON: inactive players will automatically lose when time's up. (requested by spellbreakvgc)
|inactive|lildueldisk has 60 seconds left.
|inactive|spellbreakvgc has 60 seconds left.
|
|t:|1756917536
|teamsize|p1|4
|teamsize|p2|4
|start
|switch|p1a: Incineroar|Incineroar, L50, M|100/100
|switch|p1b: Amoonguss|Amoonguss, L50, M|100/100
|switch|p2a: Archaludon|Archaludon, L50, M|100/100
|switch|p2b: Electrode|Electrode-Hisui, L50|100/100
|-ability|p1a: Incineroar|Intimidate|boost
|-unboost|p2a: Archaludon|atk|1
|-unboost|p2b: Electrode|atk|1
|turn|1
|
|t:|1756917561
|-terastallize|p2b: Electrode|Ghost
|move|p1a: Incineroar|Fake Out|p2b: Electrode
|-immune|p2b: Electrode
|move|p2b: Electrode|Taunt|p1b: Amoonguss
|-start|p1b: Amoonguss|move: Taunt
|move|p2a: Archaludon|Body Press|p1a: Incineroar
|-supereffective|p1a: Incineroar
|-damage|p1a: Incineroar|61/100
|cant|p1b: Amoonguss|move: Taunt|Spore
|
|upkeep
|turn|2
|inactive|lildueldisk has 30 seconds left.
|inactive|spellbreakvgc has 30 seconds left.
|inactive|lildueldisk has 20 seconds left.
|inactive|spellbreakvgc has 20 seconds left.
|inactive|spellbreakvgc has 15 seconds left.
|inactive|spellbreakvgc has 10 seconds left.
|inactive|spellbreakvgc has 5 seconds left.
|
|t:|1756917614
|switch|p2b: Incineroar|Incineroar, L50, F|100/100
|-ability|p2b: Incineroar|Intimidate|boost
|-unboost|p1a: Incineroar|atk|1
|-unboost|p1b: Amoonguss|atk|1
|move|p2a: Archaludon|Body Press|p1a: Incineroar
|-supereffective|p1a: Incineroar
|-damage|p1a: Incineroar|24/100
|move|p1a: Incineroar|Knock Off|p2b: Incineroar
|-resisted|p2b: Incineroar
|-damage|p2b: Incineroar|92/100
|-enditem|p2b: Incineroar|Safety Goggles|[from] move: Knock Off|[of] p1a: Incineroar
|move|p1b: Amoonguss|Pollen Puff|p1a: Incineroar
|-heal|p1a: Incineroar|74/100
|
|upkeep
|turn|3
|inactive|lildueldisk has 30 seconds left.
|inactive|spellbreakvgc has 30 seconds left.
|
|t:|1756917643
|move|p2a: Archaludon|Body Press|p1a: Incineroar
|-supereffective|p1a: Incineroar
|-damage|p1a: Incineroar|38/100
|move|p2b: Incineroar|Parting Shot|p1a: Incineroar
|-unboost|p1a: Incineroar|atk|1
|-unboost|p1a: Incineroar|spa|1
|
|t:|1756917649
|switch|p2b: Electrode|Electrode-Hisui, L50, tera:Ghost|100/100|[from] Parting Shot
|move|p1a: Incineroar|Parting Shot|p2a: Archaludon
|-unboost|p2a: Archaludon|atk|1
|-unboost|p2a: Archaludon|spa|1
|
|t:|1756917661
|switch|p1a: Garchomp|Garchomp, L50, M|100/100|[from] Parting Shot
|move|p1b: Amoonguss|Pollen Puff|p1a: Garchomp
|
|-end|p1b: Amoonguss|move: Taunt
|upkeep
|turn|4
|inactive|spellbreakvgc has 30 seconds left.
|
|t:|1756917691
|switch|p1b: Dragonite|Dragonite, L50, M|100/100
|move|p2b: Electrode|Bullet Seed|p2a: Archaludon
|-resisted|p2a: Archaludon
|-damage|p2a: Archaludon|99/100
|-ability|p2a: Archaludon|Stamina|boost
|-boost|p2a: Archaludon|def|1
|-resisted|p2a: Archaludon
|-damage|p2a: Archaludon|99/100
|-ability|p2a: Archaludon|Stamina|boost
|-boost|p2a: Archaludon|def|1
|-resisted|p2a: Archaludon
|-damage|p2a: Archaludon|99/100
|-ability|p2a: Archaludon|Stamina|boost
|-boost|p2a: Archaludon|def|1
|-resisted|p2a: Archaludon
|-damage|p2a: Archaludon|98/100
|-ability|p2a: Archaludon|Stamina|boost
|-boost|p2a: Archaludon|def|1
|-resisted|p2a: Archaludon
|-damage|p2a: Archaludon|98/100
|-ability|p2a: Archaludon|Stamina|boost
|-boost|p2a: Archaludon|def|1
|-hitcount|p2a: Archaludon|5
|move|p1a: Garchomp|Earthquake|p2b: Electrode|[spread] p2a,p2b
|-immune|p1b: Dragonite
|-supereffective|p2a: Archaludon
|-damage|p2a: Archaludon|77/100
|-damage|p2b: Electrode|28/100
|-ability|p2a: Archaludon|Stamina|boost
|-boost|p2a: Archaludon|def|1
|-damage|p1a: Garchomp|91/100|[from] item: Life Orb
|move|p2a: Archaludon|Body Press|p1a: Garchomp
|-damage|p1a: Garchomp|0 fnt
|faint|p1a: Garchomp
|
|upkeep
|inactive|lildueldisk has 30 seconds left.
|
|t:|1756917722
|switch|p1a: Amoonguss|Amoonguss, L50, M|100/100
|turn|5
|inactive|lildueldisk has 30 seconds left.
|inactive|spellbreakvgc has 30 seconds left.
|inactive|lildueldisk has 20 seconds left.
|inactive|spellbreakvgc has 20 seconds left.
|inactive|lildueldisk has 15 seconds left.
|inactive|lildueldisk has 10 seconds left.
|
|t:|1756917770
|move|p2b: Electrode|Taunt|p1a: Amoonguss
|-start|p1a: Amoonguss|move: Taunt
|move|p1b: Dragonite|Tera Blast|p2b: Electrode
|-immune|p2b: Electrode
|move|p2a: Archaludon|Body Press|p1a: Amoonguss
|-resisted|p1a: Amoonguss
|-damage|p1a: Amoonguss|60/100
|move|p1a: Amoonguss|Pollen Puff|p1b: Dragonite
|
|upkeep
|turn|6
|inactive|spellbreakvgc has 30 seconds left.
|inactive|spellbreakvgc has 20 seconds left.
|inactive|spellbreakvgc has 15 seconds left.
|
|t:|1756917813
|switch|p2b: Sinistcha|Sinistcha, L50|100/100
|-heal|p2a: Archaludon|100/100|[from] ability: Hospitality|[of] p2b: Sinistcha
|-terastallize|p1b: Dragonite|Flying
|move|p1b: Dragonite|Tera Blast|p2b: Sinistcha|[anim] Tera Blast Flying
|-supereffective|p2b: Sinistcha
|-damage|p2b: Sinistcha|0 fnt
|faint|p2b: Sinistcha
|move|p2a: Archaludon|Dragon Pulse|p1a: Amoonguss
|-damage|p1a: Amoonguss|39/100
|-enditem|p1a: Amoonguss|Sitrus Berry|[eat]
|-heal|p1a: Amoonguss|63/100|[from] item: Sitrus Berry
|move|p1a: Amoonguss|Clear Smog|p2a: Archaludon
|-immune|p2a: Archaludon
|
|upkeep
|
|t:|1756917837
|switch|p2b: Incineroar|Incineroar, L50, F|92/100
|-ability|p2b: Incineroar|Intimidate|boost
|-unboost|p1a: Amoonguss|atk|1
|-fail|p1b: Dragonite|unboost|Attack|[from] ability: Inner Focus|[of] p1b: Dragonite
|turn|7
|inactive|spellbreakvgc has 30 seconds left.
|
|t:|1756917866
|switch|p1a: Incineroar|Incineroar, L50, M|38/100
|-ability|p1a: Incineroar|Intimidate|boost
|-unboost|p2a: Archaludon|atk|1
|-unboost|p2b: Incineroar|atk|1
|move|p1b: Dragonite|Low Kick|p2b: Incineroar
|-supereffective|p2b: Incineroar
|-damage|p2b: Incineroar|51/100
|move|p2a: Archaludon|Electro Shot||[still]
|-prepare|p2a: Archaludon|Electro Shot
|-boost|p2a: Archaludon|spa|1
|move|p2b: Incineroar|Parting Shot|p1a: Incineroar
|-unboost|p1a: Incineroar|atk|1
|-unboost|p1a: Incineroar|spa|1
|
|t:|1756917878
|switch|p2b: Electrode|Electrode-Hisui, L50, tera:Ghost|28/100|[from] Parting Shot
|
|upkeep
|turn|8
|inactive|lildueldisk has 30 seconds left.
|
|t:|1756917904
|switch|p2b: Incineroar|Incineroar, L50, F|51/100
|-ability|p2b: Incineroar|Intimidate|boost
|-unboost|p1a: Incineroar|atk|1
|-fail|p1b: Dragonite|unboost|Attack|[from] ability: Inner Focus|[of] p1b: Dragonite
|move|p1a: Incineroar|Fake Out|p2a: Archaludon
|-resisted|p2a: Archaludon
|-damage|p2a: Archaludon|99/100
|move|p1b: Dragonite|Tera Blast|p2b: Incineroar|[anim] Tera Blast Flying
|-damage|p2b: Incineroar|7/100
|cant|p2a: Archaludon|flinch
|
|upkeep
|turn|9
|inactive|lildueldisk has 30 seconds left.
|inactive|spellbreakvgc has 30 seconds left.
|inactive|lildueldisk has 20 seconds left.
|inactive|spellbreakvgc has 20 seconds left.
|inactive|lildueldisk has 15 seconds left.
|inactive|spellbreakvgc has 15 seconds left.
|
|t:|1756917945
|move|p2b: Incineroar|Fake Out|p1a: Incineroar
|-damage|p1a: Incineroar|28/100
|move|p1b: Dragonite|Tera Blast|p2b: Incineroar|[anim] Tera Blast Flying
|-damage|p2b: Incineroar|0 fnt
|faint|p2b: Incineroar
|move|p2a: Archaludon|Body Press|p1a: Incineroar
|-supereffective|p1a: Incineroar
|-damage|p1a: Incineroar|0 fnt
|faint|p1a: Incineroar
|
|upkeep
|
|t:|1756917955
|switch|p1a: Amoonguss|Amoonguss, L50, M|96/100
|switch|p2b: Electrode|Electrode-Hisui, L50, tera:Ghost|28/100
|turn|10
|
|t:|1756917977
|move|p1a: Amoonguss|Rage Powder|p1a: Amoonguss
|-singleturn|p1a: Amoonguss|move: Rage Powder
|move|p2b: Electrode|Taunt|p1a: Amoonguss
|-start|p1a: Amoonguss|move: Taunt
|move|p1b: Dragonite|Tera Blast|p2b: Electrode|[anim] Tera Blast Flying
|-damage|p2b: Electrode|0 fnt
|faint|p2b: Electrode
|move|p2a: Archaludon|Electro Shot||[still]
|-prepare|p2a: Archaludon|Electro Shot
|-boost|p2a: Archaludon|spa|1
|
|upkeep
|turn|11
|
|t:|1756917990
|move|p1b: Dragonite|Protect|p1b: Dragonite
|-singleturn|p1b: Dragonite|Protect
|move|p2a: Archaludon|Electro Shot|p1a: Amoonguss|[from] lockedmove
|-resisted|p1a: Amoonguss
|-damage|p1a: Amoonguss|69/100
|move|p1a: Amoonguss|Pollen Puff|p2a: Archaludon
|-resisted|p2a: Archaludon
|-damage|p2a: Archaludon|95/100
|
|upkeep
|turn|12
|
|t:|1756918003
|move|p1b: Dragonite|Tera Blast|p2a: Archaludon|[anim] Tera Blast Flying
|-resisted|p2a: Archaludon
|-damage|p2a: Archaludon|89/100
|move|p2a: Archaludon|Dragon Pulse|p1a: Amoonguss
|-damage|p1a: Amoonguss|16/100
|move|p1a: Amoonguss|Pollen Puff|p1b: Dragonite
|
|upkeep
|turn|13
|
|t:|1756918013
|move|p1b: Dragonite|Tera Blast|p2a: Archaludon|[anim] Tera Blast Flying
|-resisted|p2a: Archaludon
|-damage|p2a: Archaludon|83/100
|move|p2a: Archaludon|Dragon Pulse|p1a: Amoonguss
|-damage|p1a: Amoonguss|0 fnt
|faint|p1a: Amoonguss
|
|upkeep
|turn|14
|c|☆lildueldisk|crit
|c|☆lildueldisk|im calling it
|c|☆lildueldisk|gg
|c|☆spellbreakvgc|if you would not have double crit in game 2
|inactive|lildueldisk has 30 seconds left.
|c|☆spellbreakvgc|we would not have played more
|inactive|lildueldisk has 20 seconds left.
|c|☆lildueldisk|double crit
|inactive|lildueldisk has 15 seconds left.
|inactive|lildueldisk has 10 seconds left.
|c|☆spellbreakvgc|yes blizzard
|c|☆lildueldisk|i mustve missed that
|c|☆spellbreakvgc|and low kick
|inactive|lildueldisk has 5 seconds left.
|
|t:|1756918067
|move|p1b: Dragonite|Tera Blast|p2a: Archaludon|[anim] Tera Blast Flying
|-resisted|p2a: Archaludon
|-damage|p2a: Archaludon|78/100
|move|p2a: Archaludon|Dragon Pulse|p1b: Dragonite
|-damage|p1b: Dragonite|30/100
|
|upkeep
|turn|15
|
|t:|1756918082
|move|p1b: Dragonite|Tera Blast|p2a: Archaludon|[anim] Tera Blast Flying
|-resisted|p2a: Archaludon
|-damage|p2a: Archaludon|72/100
|move|p2a: Archaludon|Dragon Pulse|p1b: Dragonite
|-damage|p1b: Dragonite|0 fnt
|faint|p1b: Dragonite
|
|win|spellbreakvgc
