|j|☆Arcsouth
|j|☆Trin2345
|html|ArcsouthTrin2345    
|uhtml|bestof|Game 2 of a best-of-3
|t:|1785282251
|gametype|doubles
|player|p1|Arcsouth|hiker-gen4|
|player|p2|Trin2345|265|
|gen|9
|tier|[Gen 9 Champions] VGC 2026 Reg M-B (Bo3)
|rule|Species Clause: Limit one of each Pokémon
|rule|Item Clause: Limit 1 of each item
|clearpoke
|poke|p1|Incineroar, L50, M, shiny|
|poke|p1|Alcremie-Ruby-Swirl, L50, F|
|poke|p1|Metagross, L50, shiny|
|poke|p1|Trevenant, L50, F|
|poke|p1|Pikachu, L50, F|
|poke|p1|Rotom-Wash, L50|
|poke|p2|Excadrill, L50, F|
|poke|p2|Aerodactyl, L50, M|
|poke|p2|Tyranitar, L50, F|
|poke|p2|Houndstone, L50, F|
|poke|p2|Rotom-Fan, L50|
|poke|p2|Goodra-Hisui, L50, M|
|teampreview|4
|showteam|p1|Incineroar||FocusSash|Intimidate|DrainPunch,FakeOut,PartingShot,DarkestLariat|Brave||M|||50|]Alcremie-Ruby-Swirl||Leftovers|SweetVeil|Decorate,Charm,DazzlingGleam,Protect|Sassy||F|||50|]Metagross||Metagrossite|ClearBody|BodyPress,BulletPunch,StompingTantrum,IronHead|Brave|||||50|]Trevenant||ColburBerry|Harvest|Protect,TrickRoom,DrainPunch,HornLeech|Sassy||F|||50|]Pikachu||LightBall|Static|FakeOut,Surf,Feint,Thunderbolt|Modest||F|||50|]Rotom-Wash||BrightPowder|Levitate|NightShade,Protect,WillOWisp,SunnyDay|Calm|||||50|
|showteam|p2|Excadrill||LifeOrb|MoldBreaker|Earthquake,IronHead,RockSlide,Protect|Adamant||F|||50|]Aerodactyl||WhiteHerb|Unnerve|RockSlide,Protect,Tailwind,Crunch|Adamant||M|||50|]Tyranitar||Tyranitarite|SandStream|DragonDance,KnockOff,RockSlide,Protect|Adamant||F|||50|]Houndstone||FocusSash|SandRush|LastRespects,ShadowSneak,WillOWisp,BodyPress|Adamant||F|||50|]Rotom-Fan||SharpBeak|Levitate|AirSlash,WillOWisp,Thunderbolt,ThunderWave|Bold|||||50|]Goodra-Hisui||SitrusBerry|Gooey|WeatherBall,FireBlast,BodyPress,Protect|Relaxed||M|||50|
|
|t:|1785282291
|teamsize|p1|4
|teamsize|p2|4
|start
|switch|p1a: Trevenant|Trevenant, L50, F|100/100
|switch|p1b: Metagross|Metagross, L50, shiny|100/100
|switch|p2a: Tyranitar|Tyranitar, L50, F|100/100
|switch|p2b: Excadrill|Excadrill, L50, F|100/100
|-weather|Sandstorm|[from] ability: Sand Stream|[of] p2a: Tyranitar
|-ability|p2b: Excadrill|Mold Breaker
|turn|1
|
|t:|1785282331
|detailschange|p2a: Tyranitar|Tyranitar-Mega, L50, F
|-mega|p2a: Tyranitar|Tyranitar|Tyranitarite
|detailschange|p1b: Metagross|Metagross-Mega, L50, shiny
|-mega|p1b: Metagross|Metagross|Metagrossite
|move|p2a: Tyranitar|Protect|p2a: Tyranitar
|-singleturn|p2a: Tyranitar|Protect
|move|p1b: Metagross|Body Press|p2a: Tyranitar
|-activate|p2a: Tyranitar|move: Protect
|move|p2b: Excadrill|Earthquake|p1a: Trevenant|[spread] p1a,p1b
|-activate|p2a: Tyranitar|move: Protect
|-resisted|p1a: Trevenant|1
|-crit|p1a: Trevenant
|-supereffective|p1b: Metagross|1
|-damage|p1a: Trevenant|49/100
|-damage|p1b: Metagross|25/100
|-damage|p2b: Excadrill|90/100|[from] item: Life Orb
|move|p1a: Trevenant|Trick Room|p1a: Trevenant
|-fieldstart|move: Trick Room|[of] p1a: Trevenant
|
|-weather|Sandstorm|[upkeep]
|-damage|p1a: Trevenant|43/100|[from] Sandstorm
|upkeep
|turn|2
|
|t:|1785282383
|move|p2a: Tyranitar|Protect||[still]
|-fail|p2a: Tyranitar
|move|p1a: Trevenant|Drain Punch|p2a: Tyranitar
|-supereffective|p2a: Tyranitar|2
|-damage|p2a: Tyranitar|42/100
|-heal|p1a: Trevenant|69/100|[from] drain|[of] p2a: Tyranitar
|move|p2b: Excadrill|Earthquake|p1b: Metagross|[spread] p2a,p1a,p1b
|-supereffective|p2a: Tyranitar|1
|-resisted|p1a: Trevenant|1
|-supereffective|p1b: Metagross|1
|-damage|p2a: Tyranitar|0 fnt
|-damage|p1a: Trevenant|35/100
|-damage|p1b: Metagross|0 fnt
|faint|p2a: Tyranitar
|faint|p1b: Metagross
|-damage|p2b: Excadrill|80/100|[from] item: Life Orb
|
|-weather|Sandstorm|[upkeep]
|-damage|p1a: Trevenant|29/100|[from] Sandstorm
|upkeep
|
|t:|1785282431
|switch|p1b: Incineroar|Incineroar, L50, M, shiny|100/100
|switch|p2a: Houndstone|Houndstone, L50, F|100/100
|-ability|p1b: Incineroar|Intimidate|boost
|-unboost|p2a: Houndstone|atk|1
|-unboost|p2b: Excadrill|atk|1
|turn|3
|
|t:|1785282492
|move|p1b: Incineroar|Fake Out|p2b: Excadrill
|-resisted|p2b: Excadrill|1
|-damage|p2b: Excadrill|73/100
|move|p1a: Trevenant|Horn Leech|p2a: Houndstone
|-crit|p2a: Houndstone
|-damage|p2a: Houndstone|56/100
|-heal|p1a: Trevenant|46/100|[from] drain|[of] p2a: Houndstone
|cant|p2b: Excadrill|flinch
|move|p2a: Houndstone|Last Respects|p1a: Trevenant
|-supereffective|p1a: Trevenant|1
|-damage|p1a: Trevenant|0 fnt
|faint|p1a: Trevenant
|
|-weather|Sandstorm|[upkeep]
|-damage|p1b: Incineroar|94/100|[from] Sandstorm
|upkeep
|
|t:|1785282503
|switch|p1a: Alcremie|Alcremie-Ruby-Swirl, L50, F|100/100
|turn|4
|
|t:|1785282545
|move|p1b: Incineroar|Darkest Lariat|p2a: Houndstone
|-supereffective|p2a: Houndstone|1
|-damage|p2a: Houndstone|0 fnt
|faint|p2a: Houndstone
|move|p1a: Alcremie|Charm|p2b: Excadrill
|-unboost|p2b: Excadrill|atk|2
|move|p2b: Excadrill|Iron Head|p1a: Alcremie
|-supereffective|p1a: Alcremie|1
|-damage|p1a: Alcremie|39/100
|-damage|p2b: Excadrill|64/100|[from] item: Life Orb
|
|-weather|Sandstorm|[upkeep]
|-damage|p1b: Incineroar|88/100|[from] Sandstorm
|-damage|p1a: Alcremie|33/100|[from] Sandstorm
|-heal|p1a: Alcremie|39/100|[from] item: Leftovers
|upkeep
|
|t:|1785282561
|switch|p2a: Aerodactyl|Aerodactyl, L50, M|100/100
|-ability|p2a: Aerodactyl|Unnerve
|turn|5
|j| thesuperwombat
|
|t:|1785282591
|move|p1a: Alcremie|Protect|p1a: Alcremie
|-singleturn|p1a: Alcremie|Protect
|move|p1b: Incineroar|Drain Punch|p2b: Excadrill
|-supereffective|p2b: Excadrill|1
|-damage|p2b: Excadrill|12/100
|-heal|p1b: Incineroar|100/100|[from] drain|[of] p2b: Excadrill
|move|p2b: Excadrill|Rock Slide|p1b: Incineroar|[spread] p1b
|-activate|p1a: Alcremie|move: Protect
|-supereffective|p1b: Incineroar|1
|-damage|p1b: Incineroar|78/100
|-damage|p2b: Excadrill|3/100|[from] item: Life Orb
|move|p2a: Aerodactyl|Rock Slide|p1b: Incineroar|[spread] p1b
|-activate|p1a: Alcremie|move: Protect
|-supereffective|p1b: Incineroar|1
|-damage|p1b: Incineroar|18/100
|
|-weather|none
|-heal|p1a: Alcremie|45/100|[from] item: Leftovers
|-fieldend|move: Trick Room
|upkeep
|turn|6
|c| thesuperwombat|James why tf did you bring pikachu game 1
|
|t:|1785282652
|move|p2a: Aerodactyl|Rock Slide|p1a: Alcremie|[spread] p1a,p1b
|-supereffective|p1b: Incineroar|1
|-damage|p1a: Alcremie|6/100
|-damage|p1b: Incineroar|0 fnt
|faint|p1b: Incineroar
|move|p2b: Excadrill|Rock Slide|p1a: Alcremie
|-damage|p1a: Alcremie|0 fnt
|faint|p1a: Alcremie
|-damage|p2b: Excadrill|0 fnt|[from] item: Life Orb
|faint|p2b: Excadrill
|
|win|Trin2345
|c|☆Arcsouth|pikachu is goated
