|j|☆lordtentacle69
|j|☆PYS_Max2
|html|lordtentacle69PYS_Max2    
|uhtml|bestof|Game 2 of a best-of-3
|t:|1783818405
|gametype|doubles
|player|p1|lordtentacle69|corbeau|1443
|player|p2|PYS_Max2|linebacker|1319
|gen|9
|tier|[Gen 9 Champions] VGC 2026 Reg M-B (Bo3)
|rated|
|rule|Species Clause: Limit one of each Pokémon
|rule|Item Clause: Limit 1 of each item
|clearpoke
|poke|p1|Delphox, L50, M|
|poke|p1|Incineroar, L50, F|
|poke|p1|Maushold-Four, L50|
|poke|p1|Sinistcha, L50|
|poke|p1|Sneasler, L50, M|
|poke|p1|Blastoise, L50, M|
|poke|p2|Sinistcha, L50|
|poke|p2|Incineroar, L50, M|
|poke|p2|Milotic, L50, M|
|poke|p2|Kangaskhan, L50, F|
|poke|p2|Floette-Eternal, L50, F|
|poke|p2|Ceruledge, L50, M|
|teampreview|4
|showteam|p1|Delphox||Delphoxite|Blaze|HeatWave,Psychic,NastyPlot,Protect|Timid||M|||50|]Incineroar||SitrusBerry|Intimidate|FakeOut,PartingShot,FlareBlitz,ThroatChop|Impish||F|||50|]Maushold-Four||ChopleBerry|FriendGuard|Feint,HelpingHand,Protect,FollowMe|Impish|||||50|]Sinistcha||KasibBerry|Hospitality|Protect,MatchaGotcha,TrickRoom,RagePowder|Bold|||||50|]Sneasler||FocusSash|PoisonTouch|CloseCombat,PoisonJab,QuickGuard,FakeOut|Adamant||M|||50|]Blastoise||Blastoisinite|RainDish|Protect,WaterSpout,DarkPulse,ShellSmash|Modest||M|||50|
|showteam|p2|Sinistcha||KasibBerry|Hospitality|MatchaGotcha,LifeDew,RagePowder,Protect|Relaxed|||||50|]Incineroar||SitrusBerry|Intimidate|FlareBlitz,ThroatChop,FakeOut,PartingShot|Impish||M|||50|]Milotic||Leftovers|Competitive|MuddyWater,Coil,Hypnosis,Protect|Calm||M|||50|]Kangaskhan||Kangaskhanite|Scrappy|FakeOut,SuckerPunch,DoubleEdge,LowKick|Adamant||F|||50|]Floette-Eternal||Floettite|FlowerVeil|DazzlingGleam,DrainingKiss,CalmMind,Protect|Timid||F|||50|]Ceruledge||ColburBerry|FlashFire|BitterBlade,ShadowSneak,BulkUp,Protect|Adamant||M|||50|
|
|t:|1783818438
|teamsize|p1|4
|teamsize|p2|4
|start
|switch|p1a: Brent|Blastoise, L50, M|100/100
|switch|p1b: Sarahn's OC|Sneasler, L50, M|100/100
|switch|p2a: Floette|Floette-Eternal, L50, F|100/100
|switch|p2b: Sinistcha|Sinistcha, L50|100/100
|turn|1
|
|t:|1783818455
|switch|p2a: Incineroar|Incineroar, L50, M|100/100
|-ability|p2a: Incineroar|Intimidate|boost
|-unboost|p1a: Brent|atk|1
|-unboost|p1b: Sarahn's OC|atk|1
|detailschange|p1a: Brent|Blastoise-Mega, L50, M
|-mega|p1a: Brent|Blastoise|Blastoisinite
|move|p1b: Sarahn's OC|Poison Jab|p2b: Sinistcha
|-damage|p2b: Sinistcha|74/100
|move|p1a: Brent|Dark Pulse|p2b: Sinistcha
|-supereffective|p2b: Sinistcha|1
|-damage|p2b: Sinistcha|0 fnt
|faint|p2b: Sinistcha
|
|upkeep
|
|t:|1783818472
|switch|p2b: Milotic|Milotic, L50, M|100/100
|turn|2
|
|t:|1783818484
|move|p1b: Sarahn's OC|Quick Guard|p1b: Sarahn's OC
|-singleturn|p1b: Sarahn's OC|Quick Guard
|move|p2a: Incineroar|Fake Out|p1a: Brent
|-activate|p1a: Brent|move: Quick Guard
|move|p1a: Brent|Water Spout|p2b: Milotic|[spread] p2a,p2b
|-supereffective|p2a: Incineroar|1
|-resisted|p2b: Milotic|1
|-damage|p2a: Incineroar|0 fnt
|-damage|p2b: Milotic|78/100
|faint|p2a: Incineroar
|move|p2b: Milotic|Coil|p2b: Milotic
|-boost|p2b: Milotic|atk|1
|-boost|p2b: Milotic|def|1
|-boost|p2b: Milotic|accuracy|1
|
|-heal|p2b: Milotic|84/100|[from] item: Leftovers
|upkeep
|
|t:|1783818488
|switch|p2a: Floette|Floette-Eternal, L50, F|100/100
|turn|3
|
|t:|1783818505
|move|p2a: Floette|Protect|p2a: Floette
|-singleturn|p2a: Floette|Protect
|move|p1b: Sarahn's OC|Poison Jab|p2b: Milotic
|-damage|p2b: Milotic|68/100
|-status|p2b: Milotic|psn|[from] ability: Poison Touch|[of] p1b: Sarahn's OC
|move|p1a: Brent|Shell Smash|p1a: Brent
|-unboost|p1a: Brent|def|1
|-unboost|p1a: Brent|spd|1
|-boost|p1a: Brent|atk|2
|-boost|p1a: Brent|spa|2
|-boost|p1a: Brent|spe|2
|move|p2b: Milotic|Hypnosis|p1a: Brent
|-status|p1a: Brent|slp|[from] move: Hypnosis
|
|-heal|p2b: Milotic|74/100 psn|[from] item: Leftovers
|-damage|p2b: Milotic|61/100 psn|[from] psn
|upkeep
|turn|4
|
|t:|1783818521
|detailschange|p2a: Floette|Floette-Mega, L50, F
|-mega|p2a: Floette|Floette|Floettite
|-ability|p2a: Floette|Fairy Aura
|cant|p1a: Brent|slp
|move|p1b: Sarahn's OC|Poison Jab|p2a: Floette
|-supereffective|p2a: Floette|1
|-damage|p2a: Floette|33/100
|-status|p2a: Floette|psn
|move|p2a: Floette|Calm Mind|p2a: Floette
|-boost|p2a: Floette|spa|1
|-boost|p2a: Floette|spd|1
|move|p2b: Milotic|Hypnosis|p1b: Sarahn's OC
|-status|p1b: Sarahn's OC|slp|[from] move: Hypnosis
|
|-heal|p2b: Milotic|67/100 psn|[from] item: Leftovers
|-damage|p2a: Floette|21/100 psn|[from] psn
|-damage|p2b: Milotic|55/100 psn|[from] psn
|upkeep
|turn|5
|
|t:|1783818540
|cant|p1a: Brent|slp
|cant|p1b: Sarahn's OC|slp
|move|p2a: Floette|Draining Kiss|p1a: Brent
|-damage|p1a: Brent|19/100 slp
|-heal|p2a: Floette|82/100 psn|[from] drain|[of] p1a: Brent
|move|p2b: Milotic|Coil|p2b: Milotic
|-boost|p2b: Milotic|atk|1
|-boost|p2b: Milotic|def|1
|-boost|p2b: Milotic|accuracy|1
|
|-heal|p2b: Milotic|61/100 psn|[from] item: Leftovers
|-damage|p2a: Floette|69/100 psn|[from] psn
|-damage|p2b: Milotic|49/100 psn|[from] psn
|upkeep
|turn|6
|
|t:|1783818555
|switch|p1b: Green Day|Sinistcha, L50|100/100
|-heal|p1a: Brent|44/100 slp|[from] ability: Hospitality|[of] p1b: Green Day
|move|p2b: Milotic|Protect|p2b: Milotic
|-singleturn|p2b: Milotic|Protect
|-curestatus|p1a: Brent|slp|[msg]
|move|p1a: Brent|Dark Pulse|p2b: Milotic
|-activate|p2b: Milotic|move: Protect
|move|p2a: Floette|Dazzling Gleam|p1a: Brent|[spread] p1a,p1b
|-damage|p1a: Brent|0 fnt
|-damage|p1b: Green Day|41/100
|faint|p1a: Brent
|
|-heal|p2b: Milotic|54/100 psn|[from] item: Leftovers
|-damage|p2a: Floette|57/100 psn|[from] psn
|-damage|p2b: Milotic|42/100 psn|[from] psn
|upkeep
|
|t:|1783818574
|switch|p1a: Sarahn's OC|Sneasler, L50, M|100/100 slp
|turn|7
|
|t:|1783818595
|cant|p1a: Sarahn's OC|slp
|move|p2a: Floette|Dazzling Gleam|p1a: Sarahn's OC|[spread] p1a,p1b
|-damage|p1a: Sarahn's OC|12/100 slp
|-damage|p1b: Green Day|0 fnt
|faint|p1b: Green Day
|move|p2b: Milotic|Muddy Water|p1a: Sarahn's OC
|-damage|p1a: Sarahn's OC|0 fnt
|faint|p1a: Sarahn's OC
|
|-heal|p2b: Milotic|48/100 psn|[from] item: Leftovers
|-damage|p2a: Floette|45/100 psn|[from] psn
|-damage|p2b: Milotic|36/100 psn|[from] psn
|upkeep
|-message|lordtentacle69 forfeited.
|
|win|PYS_Max2
|raw|lordtentacle69's rating: 1443 → 1416(-27 for losing)
|raw|PYS_Max2's rating: 1319 → 1346(+27 for winning)
