|j|☆battle sim trainer
|j|☆sampsonwildbeast
|html|battle sim trainersampsonwildbeast    
|uhtml|bestof|Game 2 of a best-of-3
|t:|1783713829
|gametype|doubles
|player|p1|battle sim trainer|turo|1204
|player|p2|sampsonwildbeast|170|1144
|gen|9
|tier|[Gen 9 Champions] VGC 2026 Reg M-B (Bo3)
|rated|
|rule|Species Clause: Limit one of each Pokémon
|rule|Item Clause: Limit 1 of each item
|clearpoke
|poke|p1|Swampert, L50, F|
|poke|p1|Pelipper, L50, M|
|poke|p1|Archaludon, L50, M|
|poke|p1|Grimmsnarl, L50, M|
|poke|p1|Sinistcha, L50|
|poke|p1|Charizard, L50, M|
|poke|p2|Greninja, L50, M|
|poke|p2|Gholdengo, L50|
|poke|p2|Ninetales-Alola, L50, F|
|poke|p2|Kingambit, L50, M|
|poke|p2|Incineroar, L50, M|
|poke|p2|Froslass, L50, F|
|teampreview|4
|showteam|p1|Swampert||Swampertite|Damp|WaveCrash,Earthquake,IcePunch,Protect|Adamant||F|||50|]Pelipper||SitrusBerry|Drizzle|Hurricane,WeatherBall,Tailwind,Protect|Modest||M|||50|]Archaludon||Leftovers|Stamina|ElectroShot,DragonPulse,FlashCannon,Protect|Modest||M|||50|]Grimmsnarl||LightClay|Prankster|SpiritBreak,Reflect,LightScreen,PartingShot|Careful||M|||50|]Sinistcha||CobaBerry|Hospitality|LifeDew,MatchaGotcha,TrickRoom,RagePowder|Bold|||||50|]Charizard||CharizarditeY|Blaze|WeatherBall,SolarBeam,Hurricane,Protect|Modest||M|||50|
|showteam|p2|Greninja||Greninjite|Protean|Blizzard,WaterShuriken,HydroPump,Protect|Timid||M|||50|]Gholdengo||ChoiceScarf|GoodasGold|MakeItRain,ShadowBall,Thunderbolt,Psychic|Timid|||||50|]Ninetales-Alola||LightClay|SnowWarning|AuroraVeil,DazzlingGleam,FreezeDry,Protect|Timid||F|||50|]Kingambit||BlackGlasses|Defiant|KowtowCleave,SuckerPunch,Protect,IronHead|Adamant||M|||50|]Incineroar||Leftovers|Intimidate|CloseCombat,FakeOut,FlareBlitz,Protect|Adamant||M|||50|]Froslass||Froslassite|SnowCloak|Blizzard,DestinyBond,Protect,ShadowBall|Timid||F|||50|
|
|t:|1783713868
|teamsize|p1|4
|teamsize|p2|4
|start
|switch|p1a: Charizard|Charizard, L50, M|100/100
|switch|p1b: Grimmsnarl|Grimmsnarl, L50, M|100/100
|switch|p2a: Froslass|Froslass, L50, F|100/100
|switch|p2b: Ninetales|Ninetales-Alola, L50, F|100/100
|-weather|Snowscape|[from] ability: Snow Warning|[of] p2b: Ninetales
|turn|1
|
|t:|1783713893
|switch|p2b: Incineroar|Incineroar, L50, M|100/100
|-ability|p2b: Incineroar|Intimidate|boost
|-unboost|p1a: Charizard|atk|1
|-unboost|p1b: Grimmsnarl|atk|1
|detailschange|p1a: Charizard|Charizard-Mega-Y, L50, M
|-mega|p1a: Charizard|Charizard|Charizardite Y
|-weather|SunnyDay|[from] ability: Drought|[of] p1a: Charizard
|move|p1b: Grimmsnarl|Light Screen|p1b: Grimmsnarl
|-sidestart|p1: battle sim trainer|move: Light Screen
|move|p2a: Froslass|Destiny Bond|p2a: Froslass
|-singlemove|p2a: Froslass|Destiny Bond
|move|p1a: Charizard|Weather Ball|p2b: Incineroar
|-resisted|p2b: Incineroar|1
|-damage|p2b: Incineroar|50/100g
|
|-weather|SunnyDay|[upkeep]
|-heal|p2b: Incineroar|56/100|[from] item: Leftovers
|upkeep
|turn|2
|
|t:|1783713920
|detailschange|p2a: Froslass|Froslass-Mega, L50, F
|-mega|p2a: Froslass|Froslass|Froslassite
|-weather|Snowscape|[from] ability: Snow Warning|[of] p2a: Froslass
|move|p2b: Incineroar|Fake Out|p1b: Grimmsnarl
|-damage|p1b: Grimmsnarl|86/100
|cant|p1b: Grimmsnarl|flinch
|move|p2a: Froslass|Blizzard|p1b: Grimmsnarl|[spread] p1a,p1b
|-damage|p1a: Charizard|74/100
|-damage|p1b: Grimmsnarl|60/100
|move|p1a: Charizard|Hurricane|p2b: Incineroar
|-damage|p2b: Incineroar|0 fnt
|faint|p2b: Incineroar
|
|-weather|Snowscape|[upkeep]
|upkeep
|
|t:|1783713935
|switch|p2b: Greninja|Greninja, L50, M|100/100
|turn|3
|
|t:|1783713971
|switch|p1a: Archaludon|Archaludon, L50, M|100/100
|move|p1b: Grimmsnarl|Parting Shot|p2a: Froslass
|-unboost|p2a: Froslass|atk|1
|-unboost|p2a: Froslass|spa|1
|
|t:|1783713982
|switch|p1b: Charizard|Charizard-Mega-Y, L50, M|74/100|[from] Parting Shot
|-weather|SunnyDay|[from] ability: Drought|[of] p1b: Charizard
|move|p2b: Greninja|Hydro Pump|p1a: Archaludon
|-start|p2b: Greninja|typechange|Water|[from] ability: Protean
|-resisted|p1a: Archaludon|1
|-damage|p1a: Archaludon|91/100
|-ability|p1a: Archaludon|Stamina|boost
|-boost|p1a: Archaludon|def|1
|move|p2a: Froslass|Blizzard|p1b: Charizard|[spread] p1a
|-miss|p2a: Froslass|p1b: Charizard
|-damage|p1a: Archaludon|70/100
|-ability|p1a: Archaludon|Stamina|boost
|-boost|p1a: Archaludon|def|1
|
|-weather|SunnyDay|[upkeep]
|-heal|p1a: Archaludon|76/100|[from] item: Leftovers
|upkeep
|turn|4
|
|t:|1783714005
|switch|p2b: Ninetales|Ninetales-Alola, L50, F|100/100
|-weather|Snowscape|[from] ability: Snow Warning|[of] p2b: Ninetales
|switch|p1b: Pelipper|Pelipper, L50, M|100/100
|-weather|RainDance|[from] ability: Drizzle|[of] p1b: Pelipper
|move|p2a: Froslass|Destiny Bond|p2a: Froslass
|-singlemove|p2a: Froslass|Destiny Bond
|move|p1a: Archaludon|Electro Shot||[still]
|-prepare|p1a: Archaludon|Electro Shot
|-boost|p1a: Archaludon|spa|1
|-anim|p1a: Archaludon|Electro Shot|p2b: Ninetales
|-damage|p2b: Ninetales|31/100
|
|-weather|RainDance|[upkeep]
|-heal|p1a: Archaludon|82/100|[from] item: Leftovers
|upkeep
|turn|5
|
|t:|1783714031
|move|p2a: Froslass|Shadow Ball|p1a: Archaludon
|-damage|p1a: Archaludon|63/100
|-ability|p1a: Archaludon|Stamina|boost
|-boost|p1a: Archaludon|def|1
|move|p2b: Ninetales|Freeze-Dry|p1b: Pelipper
|-supereffective|p1b: Pelipper|2
|-damage|p1b: Pelipper|25/100
|-enditem|p1b: Pelipper|Sitrus Berry|[eat]
|-heal|p1b: Pelipper|50/100g|[from] item: Sitrus Berry
|move|p1a: Archaludon|Flash Cannon|p2a: Froslass
|-supereffective|p2a: Froslass|1
|-damage|p2a: Froslass|0 fnt
|faint|p2a: Froslass
|move|p1b: Pelipper|Tailwind|p1b: Pelipper
|-sidestart|p1: battle sim trainer|move: Tailwind
|
|-weather|RainDance|[upkeep]
|-heal|p1a: Archaludon|69/100|[from] item: Leftovers
|upkeep
|
|t:|1783714046
|switch|p2a: Greninja|Greninja, L50, M|100/100
|turn|6
|
|t:|1783714057
|move|p1a: Archaludon|Electro Shot||[still]
|-prepare|p1a: Archaludon|Electro Shot
|-boost|p1a: Archaludon|spa|1
|-anim|p1a: Archaludon|Electro Shot|p2a: Greninja
|-supereffective|p2a: Greninja|1
|-damage|p2a: Greninja|0 fnt
|faint|p2a: Greninja
|move|p2b: Ninetales|Freeze-Dry|p1b: Pelipper
|-supereffective|p1b: Pelipper|2
|-damage|p1b: Pelipper|0 fnt
|faint|p1b: Pelipper
|
|-weather|RainDance|[upkeep]
|-heal|p1a: Archaludon|75/100|[from] item: Leftovers
|upkeep
|
|t:|1783714072
|switch|p1b: Grimmsnarl|Grimmsnarl, L50, M|60/100
|turn|7
|
|t:|1783714078
|move|p1a: Archaludon|Flash Cannon|p2b: Ninetales
|-supereffective|p2b: Ninetales|2
|-damage|p2b: Ninetales|0 fnt
|faint|p2b: Ninetales
|
|win|battle sim trainer
|raw|battle sim trainer's rating: 1204 → 1225(+21 for winning)
|raw|sampsonwildbeast's rating: 1144 → 1123(-21 for losing)
