|j|☆Iceman5687
|j|☆tanobaum
|html|Iceman5687tanobaum    
|uhtml|bestof|Game 2 of a best-of-3
|t:|1783278508
|gametype|doubles
|player|p1|Iceman5687|169|
|player|p2|tanobaum|juan-gen3|
|gen|9
|tier|[Gen 9 Champions] VGC 2026 Reg M-B (Bo3)
|rule|Species Clause: Limit one of each Pokémon
|rule|Item Clause: Limit 1 of each item
|clearpoke
|poke|p1|Sylveon, L50, M, shiny|
|poke|p1|Basculegion, L50, M|
|poke|p1|Kingambit, L50, F, shiny|
|poke|p1|Garchomp, L50, M|
|poke|p1|Charizard, L50, M, shiny|
|poke|p1|Whimsicott, L50, F, shiny|
|poke|p2|Whimsicott, L50, F|
|poke|p2|Sylveon, L50, M|
|poke|p2|Basculegion, L50, M|
|poke|p2|Kingambit, L50, M|
|poke|p2|Charizard, L50, M|
|poke|p2|Garchomp, L50, M|
|teampreview|4
|showteam|p1|Sylveon||FairyFeather|Pixilate|HyperVoice,QuickAttack,Protect,HyperBeam|Modest||M|||50|]Basculegion||LifeOrb|Adaptability|WaveCrash,LastRespects,AquaJet,Protect|Adamant||M|||50|]Kingambit||ChopleBerry|Defiant|KowtowCleave,IronHead,SuckerPunch,LowKick|Adamant||F|||50|]Garchomp||RoseliBerry|RoughSkin|Earthquake,RockSlide,DragonClaw,PoisonJab|Adamant||M|||50|]Charizard||CharizarditeY|Blaze|HeatWave,WeatherBall,SolarBeam,Protect|Modest||M|||50|]Whimsicott||FocusSash|Prankster|Moonblast,Tailwind,Encore,Protect|Timid||F|||50|
|showteam|p2|Whimsicott||FocusSash|Prankster|Moonblast,Tailwind,Encore,Protect|Timid||F|||50|]Sylveon||FairyFeather|Pixilate|HyperVoice,QuickAttack,Detect,HyperBeam|Modest||M|||50|]Basculegion||LifeOrb|Adaptability|WaveCrash,LastRespects,AquaJet,Protect|Adamant||M|||50|]Kingambit||OccaBerry|Defiant|KowtowCleave,IronHead,SuckerPunch,LowKick|Adamant||M|||50|]Charizard||CharizarditeY|Blaze|HeatWave,WeatherBall,SolarBeam,Protect|Modest||M|||50|]Garchomp||RoseliBerry|RoughSkin|Earthquake,RockSlide,DragonClaw,PoisonJab|Adamant||M|||50|
|inactive|Battle timer is ON: inactive players will automatically lose when time's up. (requested by tanobaum)
|inactive|Iceman5687 has 60 seconds left.
|inactive|tanobaum has 60 seconds left.
|inactive|tanobaum has 30 seconds left.
|inactive|tanobaum has 20 seconds left.
|
|t:|1783278581
|teamsize|p1|4
|teamsize|p2|4
|start
|switch|p1a: Charizard|Charizard, L50, M, shiny|100/100
|switch|p1b: Garchomp|Garchomp, L50, M|100/100
|switch|p2a: Basculegion|Basculegion, L50, M|100/100
|switch|p2b: Garchomp|Garchomp, L50, M|100/100
|turn|1
|
|t:|1783278602
|switch|p2b: Whimsicott|Whimsicott, L50, F|100/100
|detailschange|p1a: Charizard|Charizard-Mega-Y, L50, M, shiny
|-mega|p1a: Charizard|Charizard|Charizardite Y
|-weather|SunnyDay|[from] ability: Drought|[of] p1a: Charizard
|move|p2a: Basculegion|Protect|p2a: Basculegion
|-singleturn|p2a: Basculegion|Protect
|move|p1b: Garchomp|Dragon Claw|p2b: Whimsicott
|-immune|p2b: Whimsicott
|move|p1a: Charizard|Heat Wave|p2a: Basculegion|[spread] 
|-activate|p2a: Basculegion|move: Protect
|-miss|p1a: Charizard|p2b: Whimsicott
|
|-weather|SunnyDay|[upkeep]
|upkeep
|turn|2
|
|t:|1783278622
|move|p2b: Whimsicott|Tailwind|p2b: Whimsicott
|-sidestart|p2: tanobaum|move: Tailwind
|move|p2a: Basculegion|Wave Crash|p1a: Charizard
|-supereffective|p1a: Charizard|1
|-damage|p1a: Charizard|9/100
|-damage|p2a: Basculegion|71/100|[from] Recoil
|-damage|p2a: Basculegion|62/100|[from] item: Life Orb
|move|p1b: Garchomp|Rock Slide|p2a: Basculegion|[spread] p2b
|-miss|p1b: Garchomp|p2a: Basculegion
|-damage|p2b: Whimsicott|67/100
|move|p1a: Charizard|Heat Wave|p2b: Whimsicott|[spread] p2a,p2b
|-resisted|p2a: Basculegion|1
|-supereffective|p2b: Whimsicott|1
|-damage|p2a: Basculegion|25/100
|-damage|p2b: Whimsicott|0 fnt
|faint|p2b: Whimsicott
|
|-weather|SunnyDay|[upkeep]
|upkeep
|
|t:|1783278639
|switch|p2b: Garchomp|Garchomp, L50, M|100/100
|turn|3
|
|t:|1783278659
|move|p2b: Garchomp|Dragon Claw|p1b: Garchomp
|-supereffective|p1b: Garchomp|1
|-damage|p1b: Garchomp|34/100
|-damage|p2b: Garchomp|87/100|[from] ability: Rough Skin|[of] p1b: Garchomp
|move|p2a: Basculegion|Last Respects|p1b: Garchomp
|-damage|p1b: Garchomp|0 fnt
|faint|p1b: Garchomp
|-damage|p2a: Basculegion|15/100|[from] item: Life Orb
|move|p1a: Charizard|Heat Wave|p2b: Garchomp|[spread] p2a,p2b
|-resisted|p2a: Basculegion|1
|-resisted|p2b: Garchomp|1
|-damage|p2a: Basculegion|0 fnt
|-damage|p2b: Garchomp|59/100
|faint|p2a: Basculegion
|
|-weather|SunnyDay|[upkeep]
|upkeep
|
|t:|1783278674
|switch|p1b: Whimsicott|Whimsicott, L50, F, shiny|100/100
|switch|p2a: Charizard|Charizard, L50, M|100/100
|turn|4
|inactive|tanobaum has 30 seconds left.
|inactive|tanobaum has 20 seconds left.
|
|t:|1783278710
|move|p1b: Whimsicott|Protect|p1b: Whimsicott
|-singleturn|p1b: Whimsicott|Protect
|move|p1a: Charizard|Protect|p1a: Charizard
|-singleturn|p1a: Charizard|Protect
|move|p2b: Garchomp|Rock Slide|p1a: Charizard|[spread] 
|-activate|p1a: Charizard|move: Protect
|-activate|p1b: Whimsicott|move: Protect
|move|p2a: Charizard|Heat Wave|p1a: Charizard|[spread] 
|-activate|p1a: Charizard|move: Protect
|-activate|p1b: Whimsicott|move: Protect
|
|-weather|SunnyDay|[upkeep]
|upkeep
|turn|5
|
|t:|1783278729
|move|p1b: Whimsicott|Tailwind|p1b: Whimsicott
|-sidestart|p1: Iceman5687|move: Tailwind
|move|p2b: Garchomp|Earthquake|p1a: Charizard|[spread] p1b
|-immune|p2a: Charizard
|-immune|p1a: Charizard
|-resisted|p1b: Whimsicott|1
|-damage|p1b: Whimsicott|71/100
|move|p1a: Charizard|Solar Beam||[still]
|-prepare|p1a: Charizard|Solar Beam
|-anim|p1a: Charizard|Solar Beam|p2b: Garchomp
|-damage|p2b: Garchomp|16/100
|move|p2a: Charizard|Heat Wave|p1b: Whimsicott|[spread] p1a,p1b
|-resisted|p1a: Charizard|1
|-supereffective|p1b: Whimsicott|1
|-damage|p1a: Charizard|0 fnt
|-damage|p1b: Whimsicott|0 fnt
|faint|p1a: Charizard
|faint|p1b: Whimsicott
|
|-weather|none
|-sideend|p2: tanobaum|move: Tailwind
|upkeep
|
|t:|1783278742
|switch|p1b: Basculegion|Basculegion, L50, M|100/100
|turn|6
|
|t:|1783278755
|detailschange|p2a: Charizard|Charizard-Mega-Y, L50, M
|-mega|p2a: Charizard|Charizard|Charizardite Y
|-weather|SunnyDay|[from] ability: Drought|[of] p2a: Charizard
|move|p1b: Basculegion|Last Respects|p2a: Charizard
|-damage|p2a: Charizard|0 fnt
|faint|p2a: Charizard
|-damage|p1b: Basculegion|90/100|[from] item: Life Orb
|move|p2b: Garchomp|Earthquake|p1b: Basculegion
|-damage|p1b: Basculegion|34/100
|
|-weather|SunnyDay|[upkeep]
|upkeep
|turn|7
|
|t:|1783278765
|move|p1b: Basculegion|Last Respects|p2b: Garchomp
|-damage|p2b: Garchomp|0 fnt
|faint|p2b: Garchomp
|-damage|p1b: Basculegion|24/100|[from] item: Life Orb
|
|win|Iceman5687
||Iceman5687 is ready for game 3.
||tanobaum is ready for game 3.
|uhtml|next|Next: Game 3 of 3
