|j|☆Lego Darth Malgus
|j|☆arnauito_77
|html|Lego Darth Malgusarnauito_77    
|uhtml|bestof|Game 1 of a best-of-3
|t:|1757625886
|gametype|doubles
|player|p1|Lego Darth Malgus|169|1170
|player|p2|arnauito_77|ethan|1113
|gen|9
|tier|[Gen 9] VGC 2025 Reg H (Bo3)
|rated|
|rule|Species Clause: Limit one of each Pokémon
|rule|Item Clause: Limit 1 of each item
|clearpoke
|poke|p1|Empoleon, L50, F|
|poke|p1|Garchomp, L50, M|
|poke|p1|Meowscarada, L50, F|
|poke|p1|Indeedee-F, L50, F|
|poke|p1|Armarouge, L50, M|
|poke|p1|Tyranitar, L50, M|
|poke|p2|Indeedee-F, L50, F|
|poke|p2|Armarouge, L50, F|
|poke|p2|Torkoal, L50, F|
|poke|p2|Kingambit, L50, M|
|poke|p2|Gallade, L50, M|
|poke|p2|Maushold-Four, L50|
|teampreview|4
|showteam|p1|Empoleon||SitrusBerry|Competitive|WaterPledge,Protect,Yawn,IceBeam|||F|||50|,,,,,Ghost]Garchomp||ClearAmulet|RoughSkin|DragonClaw,StompingTantrum,Protect,Earthquake|||M|||50|,,,,,Steel]Meowscarada||FocusSash|Overgrow|FlowerTrick,Protect,GrassPledge,KnockOff|||F|||50|,,,,,Grass]Indeedee-F||SafetyGoggles|PsychicSurge|FollowMe,Psychic,TrickRoom,HelpingHand|||F|||50|,,,,,Water]Armarouge||LifeOrb|FlashFire|ExpandingForce,ArmorCannon,TrickRoom,Protect|||M|||50|,,,,,Grass]Tyranitar||AssaultVest|SandStream|RockSlide,KnockOff,TeraBlast,LowKick|||M|||50|,,,,,Flying
|showteam|p2|Indeedee-F||RockyHelmet|PsychicSurge|Psychic,HelpingHand,FollowMe,TrickRoom|||F|||50|,,,,,Grass]Armarouge||PowerHerb|FlashFire|ExpandingForce,ArmorCannon,MeteorBeam,TrickRoom|||F|||50|,,,,,Grass]Torkoal||Charcoal|Drought|Eruption,WeatherBall,HeatWave,ClearSmog|||F|||50|,,,,,Fire]Kingambit||SafetyGoggles|Defiant|Protect,KowtowCleave,SwordsDance,SuckerPunch|||M|||50|,,,,,Dark]Gallade||ClearAmulet|Sharpness|SacredSword,PsychoCut,WideGuard,TrickRoom|||M|||50|,,,,,Grass]Maushold-Four||WideLens|Technician|PopulationBomb,FollowMe,Taunt,Protect||||||50|,,,,,Ghost
|inactive|Battle timer is ON: inactive players will automatically lose when time's up. (requested by Lego Darth Malgus)
|inactive|Lego Darth Malgus has 60 seconds left.
|inactive|arnauito_77 has 60 seconds left.
|
|t:|1757625926
|teamsize|p1|4
|teamsize|p2|4
|start
|switch|p1a: Meowscarada|Meowscarada, L50, F|100/100
|switch|p1b: Garchomp|Garchomp, L50, M|100/100
|switch|p2a: Gallade|Gallade, L50, M|100/100
|switch|p2b: Maushold|Maushold-Four, L50|100/100
|turn|1
|inactive|arnauito_77 has 30 seconds left.
|inactive|Lego Darth Malgus has 30 seconds left.
|
|t:|1757625959
|-terastallize|p1a: Meowscarada|Grass
|move|p1a: Meowscarada|Flower Trick|p2a: Gallade
|-crit|p2a: Gallade
|-damage|p2a: Gallade|1/100
|move|p2b: Maushold|Population Bomb|p1a: Meowscarada
|-damage|p1a: Meowscarada|81/100
|-crit|p1a: Meowscarada
|-damage|p1a: Meowscarada|53/100
|-hitcount|p1a: Meowscarada|2
|move|p1b: Garchomp|Stomping Tantrum|p2a: Gallade
|-damage|p2a: Gallade|0 fnt
|faint|p2a: Gallade
|
|upkeep
|
|t:|1757625980
|switch|p2a: Indeedee|Indeedee-F, L50, F|100/100
|-fieldstart|move: Psychic Terrain|[from] ability: Psychic Surge|[of] p2a: Indeedee
|turn|2
|
|t:|1757625997
|-terastallize|p2a: Indeedee|Grass
|move|p1a: Meowscarada|Knock Off|p2a: Indeedee
|-damage|p2a: Indeedee|56/100
|-damage|p1a: Meowscarada|36/100|[from] item: Rocky Helmet|[of] p2a: Indeedee
|-enditem|p2a: Indeedee|Rocky Helmet|[from] move: Knock Off|[of] p1a: Meowscarada
|move|p2b: Maushold|Population Bomb|p1b: Garchomp
|-damage|p1b: Garchomp|88/100
|-damage|p2b: Maushold|88/100|[from] ability: Rough Skin|[of] p1b: Garchomp
|-damage|p1b: Garchomp|76/100
|-damage|p2b: Maushold|76/100|[from] ability: Rough Skin|[of] p1b: Garchomp
|-damage|p1b: Garchomp|65/100
|-damage|p2b: Maushold|64/100|[from] ability: Rough Skin|[of] p1b: Garchomp
|-damage|p1b: Garchomp|54/100
|-damage|p2b: Maushold|52/100|[from] ability: Rough Skin|[of] p1b: Garchomp
|-damage|p1b: Garchomp|42/100
|-damage|p2b: Maushold|40/100|[from] ability: Rough Skin|[of] p1b: Garchomp
|-damage|p1b: Garchomp|30/100
|-damage|p2b: Maushold|28/100|[from] ability: Rough Skin|[of] p1b: Garchomp
|-damage|p1b: Garchomp|19/100
|-damage|p2b: Maushold|16/100|[from] ability: Rough Skin|[of] p1b: Garchomp
|-damage|p1b: Garchomp|7/100
|-damage|p2b: Maushold|4/100|[from] ability: Rough Skin|[of] p1b: Garchomp
|-crit|p1b: Garchomp
|-damage|p1b: Garchomp|0 fnt
|-damage|p2b: Maushold|0 fnt|[from] ability: Rough Skin|[of] p1b: Garchomp
|faint|p1b: Garchomp
|faint|p2b: Maushold
|-hitcount|p1: Garchomp|9
|move|p2a: Indeedee|Trick Room|p2a: Indeedee
|-fieldstart|move: Trick Room|[of] p2a: Indeedee
|
|upkeep
|inactive|Lego Darth Malgus has 30 seconds left.
|inactive|arnauito_77 has 30 seconds left.
|inactive|Lego Darth Malgus has 20 seconds left.
|
|t:|1757626034
|switch|p1b: Tyranitar|Tyranitar, L50, M|100/100
|switch|p2b: Kingambit|Kingambit, L50, M|100/100
|-weather|Sandstorm|[from] ability: Sand Stream|[of] p1b: Tyranitar
|turn|3
|inactive|Lego Darth Malgus has 30 seconds left.
|
|t:|1757626060
|move|p2b: Kingambit|Protect|p2b: Kingambit
|-singleturn|p2b: Kingambit|Protect
|move|p2a: Indeedee|Psychic|p1a: Meowscarada
|-damage|p1a: Meowscarada|0 fnt
|faint|p1a: Meowscarada
|move|p1b: Tyranitar|Low Kick|p2b: Kingambit
|-activate|p2b: Kingambit|move: Protect
|
|-weather|Sandstorm|[upkeep]
|-damage|p2a: Indeedee|50/100|[from] Sandstorm
|upkeep
|
|t:|1757626062
|switch|p1a: Indeedee|Indeedee-F, L50, F|100/100
|turn|4
|
|t:|1757626081
|move|p1a: Indeedee|Helping Hand|p1b: Tyranitar
|-singleturn|p1b: Tyranitar|Helping Hand|[of] p1a: Indeedee
|move|p2a: Indeedee|Follow Me|p2a: Indeedee
|-singleturn|p2a: Indeedee|move: Follow Me
|move|p2b: Kingambit|Kowtow Cleave|p1a: Indeedee
|-supereffective|p1a: Indeedee
|-damage|p1a: Indeedee|11/100
|move|p1b: Tyranitar|Rock Slide|p2a: Indeedee|[spread] p2a,p2b
|-resisted|p2b: Kingambit
|-damage|p2a: Indeedee|8/100
|-damage|p2b: Kingambit|83/100
|
|-weather|Sandstorm|[upkeep]
|-damage|p2a: Indeedee|2/100|[from] Sandstorm
|upkeep
|turn|5
|
|t:|1757626102
|move|p1a: Indeedee|Follow Me|p1a: Indeedee
|-singleturn|p1a: Indeedee|move: Follow Me
|move|p2b: Kingambit|Swords Dance|p2b: Kingambit
|-boost|p2b: Kingambit|atk|2
|move|p2a: Indeedee|Psychic|p1a: Indeedee
|-resisted|p1a: Indeedee
|-damage|p1a: Indeedee|0 fnt
|faint|p1a: Indeedee
|move|p1b: Tyranitar|Low Kick|p2b: Kingambit
|-supereffective|p2b: Kingambit
|-damage|p2b: Kingambit|0 fnt
|faint|p2b: Kingambit
|
|-weather|Sandstorm|[upkeep]
|-damage|p2a: Indeedee|0 fnt|[from] Sandstorm
|faint|p2a: Indeedee
|
|win|Lego Darth Malgus
||Lego Darth Malgus is ready for game 2.
|inactive|arnauito_77 has 30 seconds to confirm battle start!
||arnauito_77 is ready for game 2.
|uhtml|next|Next: Game 2 of 3
