|j|☆sherbabadaboomz
|j|☆GS Barnabe
|html|sherbabadaboomzGS Barnabe    
|uhtml|bestof|Game 2 of a best-of-3
|t:|1785700805
|gametype|doubles
|player|p1|sherbabadaboomz|archer|1132
|player|p2|GS Barnabe|barry|1206
|gen|9
|tier|[Gen 9 Champions] VGC 2026 Reg M-B (Bo3)
|rated|
|rule|Species Clause: Limit one of each Pokémon
|rule|Item Clause: Limit 1 of each item
|clearpoke
|poke|p1|Starmie, L50, shiny|
|poke|p1|Sneasler, L50, M, shiny|
|poke|p1|Pelipper, L50, M, shiny|
|poke|p1|Meganium, L50, F, shiny|
|poke|p1|Umbreon, L50, F, shiny|
|poke|p1|Archaludon, L50, M, shiny|
|poke|p2|Clefable, L50, M|
|poke|p2|Tyranitar, L50, F|
|poke|p2|Garchomp, L50, F|
|poke|p2|Gholdengo, L50|
|poke|p2|Rotom-Wash, L50|
|poke|p2|Aerodactyl, L50, F|
|teampreview|4
|showteam|p1|Starmie||Starminite|NaturalCure|AquaJet,Liquidation,PsychoCut,Protect|Adamant|||||50|]Sneasler||FocusSash|PoisonTouch|PoisonJab,FakeOut,Coaching,CloseCombat|Jolly||M|||50|]Pelipper||SitrusBerry|Drizzle|Tailwind,Hurricane,WeatherBall,Protect|Bold||M|||50|]Meganium||Meganiumite|Overgrow|DazzlingGleam,SolarBeam,WeatherBall,Protect|Sassy||F|||50|]Umbreon||Leftovers|InnerFocus|Protect,Toxic,FoulPlay,Wish|Careful||F|||50|]Archaludon||ChoiceScarf|Stalwart|ElectroShot,DragonPulse,AuraSphere,FlashCannon|Timid||M|||50|
|showteam|p2|Clefable||SitrusBerry|Unaware|Moonblast,HelpingHand,FollowMe,Protect|Bold||M|||50|]Tyranitar||ChoiceScarf|SandStream|RockSlide,KnockOff,IcePunch,Superpower|Jolly||F|||50|]Garchomp||Garchompite|SandVeil|DracoMeteor,EarthPower,PowerGem,Protect|Modest||F|||50|]Gholdengo||LifeOrb|GoodasGold|MakeItRain,ShadowBall,NastyPlot,Protect|Modest|||||50|]Rotom-Wash||Leftovers|Levitate|HydroPump,VoltSwitch,WillOWisp,Protect|Calm|||||50|]Aerodactyl||Aerodactylite|RockHead|RockSlide,DualWingbeat,Tailwind,Protect|Jolly||F|||50|
|
|t:|1785700843
|teamsize|p1|4
|teamsize|p2|4
|start
|switch|p1a: Starmie|Starmie, L50, shiny|100/100
|switch|p1b: Umbreon|Umbreon, L50, F, shiny|100/100
|switch|p2a: Gholdengo|Gholdengo, L50|100/100
|switch|p2b: Clefable|Clefable, L50, M|100/100
|turn|1
|
|t:|1785700861
|detailschange|p1a: Starmie|Starmie-Mega, L50, shiny
|-mega|p1a: Starmie|Starmie|Starminite
|move|p2b: Clefable|Follow Me|p2b: Clefable
|-singleturn|p2b: Clefable|move: Follow Me
|move|p1a: Starmie|Liquidation|p2b: Clefable
|-damage|p2b: Clefable|30/100
|-enditem|p2b: Clefable|Sitrus Berry|[eat]
|-heal|p2b: Clefable|54/100|[from] item: Sitrus Berry
|move|p2a: Gholdengo|Nasty Plot|p2a: Gholdengo
|-boost|p2a: Gholdengo|spa|2
|move|p1b: Umbreon|Foul Play|p2b: Clefable
|-resisted|p2b: Clefable|1
|-damage|p2b: Clefable|45/100
|
|upkeep
|turn|2
|
|t:|1785700881
|move|p1a: Starmie|Protect|p1a: Starmie
|-singleturn|p1a: Starmie|Protect
|move|p1b: Umbreon|Protect|p1b: Umbreon
|-singleturn|p1b: Umbreon|Protect
|move|p2b: Clefable|Follow Me|p2b: Clefable
|-singleturn|p2b: Clefable|move: Follow Me
|move|p2a: Gholdengo|Make It Rain|p1b: Umbreon|[spread] 
|-activate|p1a: Starmie|move: Protect
|-activate|p1b: Umbreon|move: Protect
|
|upkeep
|turn|3
|
|t:|1785700908
|move|p2b: Clefable|Follow Me|p2b: Clefable
|-singleturn|p2b: Clefable|move: Follow Me
|move|p1a: Starmie|Liquidation|p2b: Clefable
|-damage|p2b: Clefable|0 fnt
|faint|p2b: Clefable
|move|p2a: Gholdengo|Make It Rain|p1b: Umbreon|[spread] p1a,p1b
|-resisted|p1a: Starmie|1
|-damage|p1a: Starmie|26/100
|-damage|p1b: Umbreon|30/100
|-unboost|p2a: Gholdengo|spa|2
|-damage|p2a: Gholdengo|90/100|[from] item: Life Orb
|move|p1b: Umbreon|Foul Play|p2a: Gholdengo
|-supereffective|p2a: Gholdengo|1
|-damage|p2a: Gholdengo|60/100
|
|-heal|p1b: Umbreon|36/100|[from] item: Leftovers
|upkeep
|
|t:|1785700927
|switch|p2b: Aerodactyl|Aerodactyl, L50, F|100/100
|turn|4
|
|t:|1785700944
|detailschange|p2b: Aerodactyl|Aerodactyl-Mega, L50, F
|-mega|p2b: Aerodactyl|Aerodactyl|Aerodactylite
|move|p1a: Starmie|Aqua Jet|p2a: Gholdengo
|-damage|p2a: Gholdengo|28/100
|move|p2b: Aerodactyl|Rock Slide|p1a: Starmie|[spread] p1a,p1b
|-damage|p1a: Starmie|0 fnt
|-damage|p1b: Umbreon|15/100
|faint|p1a: Starmie
|move|p2a: Gholdengo|Nasty Plot|p2a: Gholdengo
|-boost|p2a: Gholdengo|spa|2
|move|p1b: Umbreon|Wish|p1b: Umbreon
|
|-heal|p1b: Umbreon|21/100|[from] item: Leftovers
|upkeep
|
|t:|1785700965
|switch|p1a: Archaludon|Archaludon, L50, M, shiny|100/100
|turn|5
|
|t:|1785700980
|move|p1b: Umbreon|Protect|p1b: Umbreon
|-singleturn|p1b: Umbreon|Protect
|move|p1a: Archaludon|Dragon Pulse|p2a: Gholdengo
|-resisted|p2a: Gholdengo|1
|-damage|p2a: Gholdengo|7/100
|move|p2b: Aerodactyl|Tailwind|p2b: Aerodactyl
|-sidestart|p2: GS Barnabe|move: Tailwind
|move|p2a: Gholdengo|Shadow Ball|p1a: Archaludon
|-damage|p1a: Archaludon|0 fnt
|faint|p1a: Archaludon
|-damage|p2a: Gholdengo|0 fnt|[from] item: Life Orb
|faint|p2a: Gholdengo
|
|-heal|p1b: Umbreon|71/100|[from] move: Wish|[wisher] Umbreon
|-heal|p1b: Umbreon|77/100|[from] item: Leftovers
|upkeep
|
|t:|1785700999
|switch|p1a: Sneasler|Sneasler, L50, M, shiny|100/100
|switch|p2a: Tyranitar|Tyranitar, L50, F|100/100
|-weather|Sandstorm|[from] ability: Sand Stream|[of] p2a: Tyranitar
|turn|6
|
|t:|1785701011
|move|p1a: Sneasler|Fake Out|p2b: Aerodactyl
|-resisted|p2b: Aerodactyl|1
|-damage|p2b: Aerodactyl|90/100
|cant|p2b: Aerodactyl|flinch
|move|p2a: Tyranitar|Superpower|p1b: Umbreon
|-supereffective|p1b: Umbreon|1
|-damage|p1b: Umbreon|18/100
|-unboost|p2a: Tyranitar|atk|1
|-unboost|p2a: Tyranitar|def|1
|move|p1b: Umbreon|Foul Play|p2b: Aerodactyl
|-damage|p2b: Aerodactyl|35/100
|
|-weather|Sandstorm|[upkeep]
|-damage|p1a: Sneasler|94/100|[from] Sandstorm
|-damage|p1b: Umbreon|12/100|[from] Sandstorm
|-heal|p1b: Umbreon|18/100|[from] item: Leftovers
|upkeep
|turn|7
|
|t:|1785701041
|move|p2b: Aerodactyl|Dual Wingbeat|p1a: Sneasler
|-supereffective|p1a: Sneasler|1
|-damage|p1a: Sneasler|2/100
|-supereffective|p1a: Sneasler|1
|-damage|p1a: Sneasler|0 fnt
|faint|p1a: Sneasler
|-hitcount|p1: Sneasler|2
|move|p2a: Tyranitar|Superpower|p1b: Umbreon
|-supereffective|p1b: Umbreon|1
|-damage|p1b: Umbreon|0 fnt
|-unboost|p2a: Tyranitar|atk|1
|-unboost|p2a: Tyranitar|def|1
|faint|p1b: Umbreon
|
|win|GS Barnabe
|raw|sherbabadaboomz's rating: 1132 → 1112(-20 for losing)
|raw|GS Barnabe's rating: 1206 → 1226(+20 for winning)
