|j|☆blizzardspamming
|j|☆saltydingo15
|html|blizzardspammingsaltydingo15    
|uhtml|bestof|Game 1 of a best-of-3
|t:|1783302938
|gametype|doubles
|player|p1|blizzardspamming|clair|1106
|player|p2|saltydingo15|102|1100
|gen|9
|tier|[Gen 9 Champions] VGC 2026 Reg M-B (Bo3)
|rated|
|rule|Species Clause: Limit one of each Pokémon
|rule|Item Clause: Limit 1 of each item
|clearpoke
|poke|p1|Gengar, L50, F|
|poke|p1|Ninetales-Alola, L50, F|
|poke|p1|Incineroar, L50, M|
|poke|p1|Gholdengo, L50|
|poke|p1|Sneasler, L50, F|
|poke|p1|Dragonite, L50, F|
|poke|p2|Raichu, L50, M|
|poke|p2|Gholdengo, L50|
|poke|p2|Whimsicott, L50, F|
|poke|p2|Mawile, L50, F|
|poke|p2|Farigiraf, L50, M|
|poke|p2|Garchomp, L50, M|
|teampreview|4
|showteam|p1|Gengar||Gengarite|CursedBody|SludgeBomb,Disable,PerishSong,Protect|Modest||F|||50|]Ninetales-Alola||NeverMeltIce|SnowWarning|Blizzard,FreezeDry,Encore,Protect|Timid||F|||50|]Incineroar||SitrusBerry|Intimidate|FakeOut,FlareBlitz,PartingShot,Protect|Sassy||M|||50|]Gholdengo||Leftovers|GoodasGold|MakeItRain,ShadowBall,NastyPlot,Protect|Modest|||||50|]Sneasler||FocusSash|PoisonTouch|FakeOut,CloseCombat,DireClaw,Protect|Jolly||F|||50|]Dragonite||Dragoninite|InnerFocus|DracoMeteor,WeatherBall,Thunderbolt,Tailwind|Modest||F|||50|
|showteam|p2|Raichu||RaichuniteY|LightningRod|ZapCannon,Protect,FocusBlast,FakeOut|Timid||M|||50|]Gholdengo||LifeOrb|GoodasGold|Protect,MakeItRain,NastyPlot,ShadowBall|Modest|||||50|]Whimsicott||FocusSash|Prankster|Tailwind,Encore,Taunt,Moonblast|Bold||F|||50|]Mawile||Mawilite|Intimidate|PlayRough,Protect,SuckerPunch,IronHead|Adamant||F|||50|]Farigiraf||SitrusBerry|ArmorTail|Protect,TrickRoom,HelpingHand,Psychic|Sassy||M|||50|]Garchomp||SoftSand|RoughSkin|StompingTantrum,Protect,RockSlide,DragonClaw|Careful||M|||50|
|
|t:|1783302986
|teamsize|p1|4
|teamsize|p2|4
|start
|switch|p1a: Incineroar|Incineroar, L50, M|100/100
|switch|p1b: Gengar|Gengar, L50, F|100/100
|switch|p2a: Garchomp|Garchomp, L50, M|100/100
|switch|p2b: Gholdengo|Gholdengo, L50|100/100
|-ability|p1a: Incineroar|Intimidate|boost
|-unboost|p2a: Garchomp|atk|1
|-unboost|p2b: Gholdengo|atk|1
|turn|1
|
|t:|1783303024
|detailschange|p1b: Gengar|Gengar-Mega, L50, F
|-mega|p1b: Gengar|Gengar|Gengarite
|move|p1b: Gengar|Protect|p1b: Gengar
|-singleturn|p1b: Gengar|Protect
|move|p2a: Garchomp|Protect|p2a: Garchomp
|-singleturn|p2a: Garchomp|Protect
|move|p2b: Gholdengo|Nasty Plot|p2b: Gholdengo
|-boost|p2b: Gholdengo|spa|2
|move|p1a: Incineroar|Parting Shot|p2a: Garchomp
|-activate|p2a: Garchomp|move: Protect
|
|upkeep
|turn|2
|
|t:|1783303050
|switch|p1b: Ninetales|Ninetales-Alola, L50, F|100/100
|-weather|Snowscape|[from] ability: Snow Warning|[of] p1b: Ninetales
|move|p2a: Garchomp|Rock Slide|p1b: Ninetales|[spread] p1a,p1b
|-supereffective|p1a: Incineroar|1
|-supereffective|p1b: Ninetales|1
|-damage|p1a: Incineroar|80/100
|-damage|p1b: Ninetales|80/100
|move|p2b: Gholdengo|Shadow Ball|p1b: Ninetales
|-damage|p1b: Ninetales|0 fnt
|faint|p1b: Ninetales
|-damage|p2b: Gholdengo|90/100|[from] item: Life Orb
|move|p1a: Incineroar|Flare Blitz|p2b: Gholdengo
|-supereffective|p2b: Gholdengo|1
|-damage|p2b: Gholdengo|3/100
|-damage|p1a: Incineroar|52/100|[from] Recoil
|
|-weather|Snowscape|[upkeep]
|upkeep
|
|t:|1783303064
|switch|p1b: Gholdengo|Gholdengo, L50|100/100
|turn|3
|
|t:|1783303093
|move|p2b: Gholdengo|Protect|p2b: Gholdengo
|-singleturn|p2b: Gholdengo|Protect
|move|p2a: Garchomp|Stomping Tantrum|p1a: Incineroar
|-supereffective|p1a: Incineroar|1
|-damage|p1a: Incineroar|7/100
|-enditem|p1a: Incineroar|Sitrus Berry|[eat]
|-heal|p1a: Incineroar|32/100|[from] item: Sitrus Berry
|move|p1b: Gholdengo|Make It Rain|p2b: Gholdengo|[spread] p2a
|-activate|p2b: Gholdengo|move: Protect
|-damage|p2a: Garchomp|69/100
|-unboost|p1b: Gholdengo|spa|2
|move|p1a: Incineroar|Parting Shot|p2a: Garchomp
|-unboost|p2a: Garchomp|atk|1
|-unboost|p2a: Garchomp|spa|1
|
|t:|1783303107
|switch|p1a: Gengar|Gengar-Mega, L50, F|100/100|[from] Parting Shot
|
|-weather|Snowscape|[upkeep]
|upkeep
|turn|4
|
|t:|1783303125
|switch|p1b: Incineroar|Incineroar, L50, M|32/100
|-ability|p1b: Incineroar|Intimidate|boost
|-unboost|p2a: Garchomp|atk|1
|-unboost|p2b: Gholdengo|atk|1
|move|p1a: Gengar|Disable|p2a: Garchomp
|-start|p2a: Garchomp|Disable|Stomping Tantrum
|cant|p2a: Garchomp|Disable|Stomping Tantrum
|move|p2b: Gholdengo|Shadow Ball|p1b: Incineroar
|-resisted|p1b: Incineroar|1
|-damage|p1b: Incineroar|0 fnt
|faint|p1b: Incineroar
|-damage|p2b: Gholdengo|0 fnt|[from] item: Life Orb
|faint|p2b: Gholdengo
|
|-weather|Snowscape|[upkeep]
|upkeep
|
|t:|1783303139
|switch|p2b: Farigiraf|Farigiraf, L50, M|100/100
|switch|p1b: Gholdengo|Gholdengo, L50|100/100
|turn|5
|
|t:|1783303152
|move|p1a: Gengar|Sludge Bomb|p2b: Farigiraf
|-damage|p2b: Farigiraf|63/100
|-status|p2b: Farigiraf|psn
|move|p2a: Garchomp|Dragon Claw|p1b: Gholdengo
|-resisted|p1b: Gholdengo|1
|-damage|p1b: Gholdengo|93/100
|move|p1b: Gholdengo|Nasty Plot|p1b: Gholdengo
|-boost|p1b: Gholdengo|spa|2
|move|p2b: Farigiraf|Psychic|p1a: Gengar
|-supereffective|p1a: Gengar|1
|-damage|p1a: Gengar|26/100
|
|-weather|Snowscape|[upkeep]
|-heal|p1b: Gholdengo|100/100|[from] item: Leftovers
|-damage|p2b: Farigiraf|51/100 psn|[from] psn
|upkeep
|turn|6
|
|t:|1783303175
|move|p1a: Gengar|Disable|p2b: Farigiraf
|-start|p2b: Farigiraf|Disable|Psychic
|move|p2a: Garchomp|Rock Slide|p1a: Gengar|[spread] p1a,p1b
|-resisted|p1b: Gholdengo|1
|-damage|p1a: Gengar|19/100
|-damage|p1b: Gholdengo|96/100
|move|p1b: Gholdengo|Shadow Ball|p2a: Garchomp
|-damage|p2a: Garchomp|4/100
|cant|p2b: Farigiraf|Disable|Psychic
|
|-weather|none
|-heal|p1b: Gholdengo|100/100|[from] item: Leftovers
|-damage|p2b: Farigiraf|39/100 psn|[from] psn
|upkeep
|-enditem|p2b: Farigiraf|Sitrus Berry|[eat]
|-heal|p2b: Farigiraf|63/100 psn|[from] item: Sitrus Berry
|turn|7
|l|☆blizzardspamming
|player|p1|
|j|☆blizzardspamming
|player|p1|blizzardspamming|clair|
|
|t:|1783303205
|move|p2b: Farigiraf|Protect|p2b: Farigiraf
|-singleturn|p2b: Farigiraf|Protect
|move|p1a: Gengar|Sludge Bomb|p2a: Garchomp
|-resisted|p2a: Garchomp|1
|-damage|p2a: Garchomp|0 fnt
|faint|p2a: Garchomp
|move|p1b: Gholdengo|Make It Rain|p2b: Farigiraf
|-activate|p2b: Farigiraf|move: Protect
|
|-damage|p2b: Farigiraf|51/100 psn|[from] psn
|upkeep
|
|t:|1783303211
|switch|p2a: Raichu|Raichu, L50, M|100/100
|turn|8
|
|t:|1783303252
|move|p2b: Farigiraf|Helping Hand|p2a: Raichu
|-singleturn|p2a: Raichu|Helping Hand|[of] p2b: Farigiraf
|move|p1a: Gengar|Protect|p1a: Gengar
|-singleturn|p1a: Gengar|Protect
|move|p2a: Raichu|Zap Cannon|p1a: Gengar
|-activate|p1a: Gengar|move: Protect
|move|p1b: Gholdengo|Shadow Ball|p2a: Raichu
|-damage|p2a: Raichu|0 fnt
|faint|p2a: Raichu
|
|-damage|p2b: Farigiraf|39/100 psn|[from] psn
|upkeep
|turn|9
|
|t:|1783303265
|move|p2b: Farigiraf|Protect|p2b: Farigiraf
|-singleturn|p2b: Farigiraf|Protect
|move|p1a: Gengar|Sludge Bomb|p2b: Farigiraf
|-activate|p2b: Farigiraf|move: Protect
|move|p1b: Gholdengo|Make It Rain|p2b: Farigiraf
|-activate|p2b: Farigiraf|move: Protect
|
|-damage|p2b: Farigiraf|26/100 psn|[from] psn
|-end|p2b: Farigiraf|Disable
|upkeep
|turn|10
|
|t:|1783303269
|move|p1a: Gengar|Sludge Bomb|p2b: Farigiraf
|-crit|p2b: Farigiraf
|-damage|p2b: Farigiraf|0 fnt
|faint|p2b: Farigiraf
|
|win|blizzardspamming
||blizzardspamming is ready for game 2.
||saltydingo15 is ready for game 2.
|uhtml|next|Next: Game 2 of 3
