|j|☆lald3n
|j|☆alkdfe
|html|lald3nalkdfe    
|uhtml|bestof|Game 2 of a best-of-3
|t:|1784983767
|gametype|doubles
|player|p1|lald3n|iono-masters|1179
|player|p2|alkdfe|266|1235
|gen|9
|tier|[Gen 9 Champions] VGC 2026 Reg M-B (Bo3)
|rated|
|rule|Species Clause: Limit one of each Pokémon
|rule|Item Clause: Limit 1 of each item
|clearpoke
|poke|p1|Ceruledge, L50, M|
|poke|p1|Incineroar, L50, F|
|poke|p1|Froslass, L50, F|
|poke|p1|Overqwil, L50, M|
|poke|p1|Sylveon, L50, F, shiny|
|poke|p1|Sneasler, L50, F|
|poke|p2|Charizard, L50, F|
|poke|p2|Toxapex, L50, F|
|poke|p2|Venusaur, L50, M|
|poke|p2|Sylveon, L50, F|
|poke|p2|Garchomp, L50, M|
|poke|p2|Incineroar, L50, M|
|teampreview|4
|showteam|p1|Ceruledge||BigRoot|FlashFire|PsychUp,BulkUp,BitterBlade,ShadowSneak|Jolly||M|||50|]Incineroar||SitrusBerry|Intimidate|FakeOut,PartingShot,WillOWisp,FlareBlitz|Careful||F|||50|]Froslass||Froslassite|CursedBody|AuroraVeil,Blizzard,PsychUp,Protect|Timid||F|||50|]Overqwil||Leftovers|Intimidate|Minimize,Substitute,BarbBarrage,Spite|Jolly||M|||50|]Sylveon||FairyFeather|Pixilate|CalmMind,HyperBeam,HyperVoice,Yawn|Modest||F|||50|]Sneasler||FocusSash|PoisonTouch|FakeOut,DireClaw,CloseCombat,Uturn|Jolly||F|||50|
|showteam|p2|Charizard||CharizarditeY|Blaze|HeatWave,WeatherBall,HelpingHand,Protect|Modest||F|||50|]Toxapex||Leftovers|Regenerator|Infestation,Toxic,WideGuard,BanefulBunker|Bold||F|||50|]Venusaur||LifeOrb|Chlorophyll|LeafStorm,SludgeBomb,EarthPower,Protect|Modest||M|||50|]Sylveon||FairyFeather|Pixilate|HyperVoice,QuickAttack,Yawn,Protect|Modest||F|||50|]Garchomp||ChoiceScarf|RoughSkin|Earthquake,DragonClaw,RockTomb,StompingTantrum|Adamant||M|||50|]Incineroar||SitrusBerry|Intimidate|ThroatChop,FlareBlitz,PartingShot,FakeOut|Careful||M|||50|
|inactive|Battle timer is ON: inactive players will automatically lose when time's up. (requested by lald3n)
|
|t:|1784983802
|teamsize|p1|4
|teamsize|p2|4
|start
|switch|p1a: Sneasler|Sneasler, L50, F|100/100
|switch|p1b: Froslass|Froslass, L50, F|100/100
|switch|p2a: Incineroar|Incineroar, L50, M|100/100
|switch|p2b: Charizard|Charizard, L50, F|100/100
|-ability|p2a: Incineroar|Intimidate|boost
|-unboost|p1a: Sneasler|atk|1
|-unboost|p1b: Froslass|atk|1
|turn|1
|
|t:|1784983823
|detailschange|p1b: Froslass|Froslass-Mega, L50, F
|-mega|p1b: Froslass|Froslass|Froslassite
|-weather|Snowscape|[from] ability: Snow Warning|[of] p1b: Froslass
|move|p2b: Charizard|Protect|p2b: Charizard
|-singleturn|p2b: Charizard|Protect
|move|p1a: Sneasler|Fake Out|p2b: Charizard
|-activate|p2b: Charizard|move: Protect
|move|p1b: Froslass|Aurora Veil|p1b: Froslass
|-sidestart|p1: lald3n|move: Aurora Veil
|move|p2a: Incineroar|Flare Blitz|p1b: Froslass
|-supereffective|p1b: Froslass|1
|-damage|p1b: Froslass|43/100
|-status|p1b: Froslass|brn
|-damage|p2a: Incineroar|83/100|[from] Recoil
|
|-weather|Snowscape|[upkeep]
|-damage|p1b: Froslass|37/100 brn|[from] brn
|upkeep
|turn|2
|
|t:|1784983846
|switch|p1b: Incineroar|Incineroar, L50, F|100/100
|-ability|p1b: Incineroar|Intimidate|boost
|-unboost|p2a: Incineroar|atk|1
|-unboost|p2b: Charizard|atk|1
|switch|p2a: Venusaur|Venusaur, L50, M|100/100
|detailschange|p2b: Charizard|Charizard-Mega-Y, L50, F
|-mega|p2b: Charizard|Charizard|Charizardite Y
|-weather|SunnyDay|[from] ability: Drought|[of] p2b: Charizard
|move|p1a: Sneasler|Dire Claw|p2b: Charizard
|-damage|p2b: Charizard|72/100
|move|p2b: Charizard|Heat Wave|p1b: Incineroar|[spread] p1a,p1b
|-resisted|p1b: Incineroar|1
|-damage|p1a: Sneasler|45/100
|-damage|p1b: Incineroar|86/100
|
|-weather|SunnyDay|[upkeep]
|upkeep
|turn|3
|
|t:|1784983865
|switch|p2a: Incineroar|Incineroar, L50, M|83/100
|-ability|p2a: Incineroar|Intimidate|boost
|-unboost|p1a: Sneasler|atk|1
|-unboost|p1b: Incineroar|atk|1
|move|p2b: Charizard|Protect|p2b: Charizard
|-singleturn|p2b: Charizard|Protect
|move|p1a: Sneasler|Dire Claw|p2b: Charizard
|-activate|p2b: Charizard|move: Protect
|move|p1b: Incineroar|Parting Shot|p2b: Charizard
|-activate|p2b: Charizard|move: Protect
|
|-weather|SunnyDay|[upkeep]
|upkeep
|turn|4
|
|t:|1784983883
|move|p2a: Incineroar|Fake Out|p1a: Sneasler
|-damage|p1a: Sneasler|33/100
|cant|p1a: Sneasler|flinch
|move|p2b: Charizard|Heat Wave|p1b: Incineroar|[spread] p1a,p1b
|-resisted|p1b: Incineroar|1
|-damage|p1a: Sneasler|0 fnt
|-damage|p1b: Incineroar|73/100
|faint|p1a: Sneasler
|move|p1b: Incineroar|Parting Shot|p2b: Charizard
|-unboost|p2b: Charizard|atk|1
|-unboost|p2b: Charizard|spa|1
|
|t:|1784983886
|switch|p1b: Froslass|Froslass-Mega, L50, F|37/100 brn|[from] Parting Shot
|-weather|Snowscape|[from] ability: Snow Warning|[of] p1b: Froslass
|
|-weather|Snowscape|[upkeep]
|-damage|p1b: Froslass|31/100 brn|[from] brn
|upkeep
|
|t:|1784983891
|switch|p1a: Overqwil|Overqwil, L50, M|100/100
|-ability|p1a: Overqwil|Intimidate|boost
|-unboost|p2a: Incineroar|atk|1
|-unboost|p2b: Charizard|atk|1
|turn|5
|
|t:|1784983914
|move|p1b: Froslass|Blizzard|p2a: Incineroar|[spread] p2a,p2b
|-resisted|p2a: Incineroar|1
|-damage|p2a: Incineroar|69/100
|-damage|p2b: Charizard|34/100
|move|p1a: Overqwil|Minimize|p1a: Overqwil
|-boost|p1a: Overqwil|evasion|2
|move|p2b: Charizard|Heat Wave|p1a: Overqwil|[spread] p1a,p1b
|-supereffective|p1b: Froslass|1
|-damage|p1a: Overqwil|73/100
|-damage|p1b: Froslass|0 fnt
|faint|p1b: Froslass
|move|p2a: Incineroar|Throat Chop|p1a: Overqwil|[miss]
|-miss|p2a: Incineroar|p1a: Overqwil
|
|-weather|Snowscape|[upkeep]
|-heal|p1a: Overqwil|79/100|[from] item: Leftovers
|-sideend|p1: lald3n|move: Aurora Veil
|upkeep
|
|t:|1784983919
|switch|p1b: Incineroar|Incineroar, L50, F|73/100
|-ability|p1b: Incineroar|Intimidate|boost
|-unboost|p2a: Incineroar|atk|1
|-unboost|p2b: Charizard|atk|1
|turn|6
|
|t:|1784983940
|switch|p2b: Venusaur|Venusaur, L50, M|100/100
|move|p1b: Incineroar|Fake Out|p2b: Venusaur
|-damage|p2b: Venusaur|84/100
|move|p1a: Overqwil|Minimize|p1a: Overqwil
|-boost|p1a: Overqwil|evasion|2
|move|p2a: Incineroar|Parting Shot|p1a: Overqwil
|-unboost|p1a: Overqwil|atk|1
|-unboost|p1a: Overqwil|spa|1
|
|t:|1784983950
|switch|p2a: Garchomp|Garchomp, L50, M|100/100|[from] Parting Shot
|
|-weather|Snowscape|[upkeep]
|-heal|p1a: Overqwil|84/100|[from] item: Leftovers
|upkeep
|turn|7
|
|t:|1784983965
|move|p2a: Garchomp|Stomping Tantrum|p1a: Overqwil
|-supereffective|p1a: Overqwil|1
|-crit|p1a: Overqwil
|-damage|p1a: Overqwil|0 fnt
|faint|p1a: Overqwil
|move|p2b: Venusaur|Earth Power|p1b: Incineroar
|-supereffective|p1b: Incineroar|1
|-damage|p1b: Incineroar|21/100
|-enditem|p1b: Incineroar|Sitrus Berry|[eat]
|-heal|p1b: Incineroar|46/100|[from] item: Sitrus Berry
|-damage|p2b: Venusaur|75/100|[from] item: Life Orb
|move|p1b: Incineroar|Will-O-Wisp|p2a: Garchomp
|-status|p2a: Garchomp|brn
|
|-weather|Snowscape|[upkeep]
|-damage|p2a: Garchomp|93/100 brn|[from] brn
|upkeep
|turn|8
|-message|lald3n forfeited.
|
|win|alkdfe
|raw|lald3n's rating: 1179 → 1158(-21 for losing)
|raw|alkdfe's rating: 1235 → 1256(+21 for winning)
|l|☆lald3n
|player|p1|
|c|☆alkdfe|gg
