|j|☆C.blaze
|j|☆KodeBeast0526
|html|C.blazeKodeBeast0526    
|uhtml|bestof|Game 2 of a best-of-3
|t:|1784564497
|gametype|doubles
|player|p1|C.blaze|265|1216
|player|p2|KodeBeast0526|hiker|1314
|gen|9
|tier|[Gen 9 Champions] VGC 2026 Reg M-B (Bo3)
|rated|
|rule|Species Clause: Limit one of each Pokémon
|rule|Item Clause: Limit 1 of each item
|clearpoke
|poke|p1|Malamar, L50, F|
|poke|p1|Garchomp, L50, F|
|poke|p1|Charizard, L50, F|
|poke|p1|Incineroar, L50, M|
|poke|p1|Primarina, L50, M|
|poke|p1|Glimmora, L50, M|
|poke|p2|Aerodactyl, L50, M, shiny|
|poke|p2|Kingambit, L50, M, shiny|
|poke|p2|Sylveon, L50, M, shiny|
|poke|p2|Garchomp, L50, M, shiny|
|poke|p2|Charizard, L50, M, shiny|
|poke|p2|Farigiraf, L50, F, shiny|
|teampreview|4
|showteam|p1|Malamar||Malamarite|Contrary|Superpower,KnockOff,Protect,TrickRoom|Adamant||F|||50|]Garchomp||LifeOrb|SandVeil|StompingTantrum,DragonClaw,Protect,RockSlide|Jolly||F|||50|]Charizard||CharizarditeY|Blaze|HeatWave,WeatherBall,Protect,SolarBeam|Timid||F|||50|]Incineroar||ChopleBerry|Intimidate|FlareBlitz,ThroatChop,PartingShot,FakeOut|Brave||M|||50|]Primarina||Leftovers|LiquidVoice|HyperVoice,Moonblast,Protect,Haze|Modest||M|||50|]Glimmora||FocusSash|ToxicDebris|SludgeBomb,PowerGem,SpikyShield,EarthPower|Timid||M|||50|
|showteam|p2|Aerodactyl||Aerodactylite|Unnerve|RockSlide,IceFang,Tailwind,WideGuard|Jolly||M|||50|]Kingambit||FocusSash|Defiant|KowtowCleave,SuckerPunch,IronHead,LowKick|Adamant||M|||50|]Sylveon||FairyFeather|Pixilate|Detect,HyperVoice,HyperBeam,QuickAttack|Modest||M|||50|]Garchomp||LifeOrb|RoughSkin|Earthquake,DragonClaw,StompingTantrum,Protect|Jolly||M|||50|]Charizard||CharizarditeY|Blaze|Protect,HeatWave,SolarBeam,WeatherBall|Modest||M|||50|]Farigiraf||SitrusBerry|ArmorTail|Thunderbolt,PsychicNoise,TrickRoom,HelpingHand|Bold||F|||50|
|inactive|Battle timer is ON: inactive players will automatically lose when time's up. (requested by C.blaze)
|
|t:|1784564509
|teamsize|p1|4
|teamsize|p2|4
|start
|switch|p1a: Malamar|Malamar, L50, F|100/100
|switch|p1b: Glimmora|Glimmora, L50, M|100/100
|switch|p2a: Aerodactyl|Aerodactyl, L50, M, shiny|100/100
|switch|p2b: Garchomp|Garchomp, L50, M, shiny|100/100
|-ability|p2a: Aerodactyl|Unnerve
|turn|1
|
|t:|1784564527
|detailschange|p2a: Aerodactyl|Aerodactyl-Mega, L50, M, shiny
|-mega|p2a: Aerodactyl|Aerodactyl|Aerodactylite
|move|p1a: Malamar|Protect|p1a: Malamar
|-singleturn|p1a: Malamar|Protect
|move|p2a: Aerodactyl|Rock Slide|p1b: Glimmora|[spread] p1b
|-activate|p1a: Malamar|move: Protect
|-damage|p1b: Glimmora|69/100
|-activate|p1b: Glimmora|ability: Toxic Debris
|-sidestart|p2: KodeBeast0526|move: Toxic Spikes
|move|p2b: Garchomp|Earthquake|p1b: Glimmora|[spread] p1b
|-activate|p1a: Malamar|move: Protect
|-immune|p2a: Aerodactyl
|-supereffective|p1b: Glimmora|2
|-damage|p1b: Glimmora|0 fnt
|-activate|p1b: Glimmora|ability: Toxic Debris
|-sidestart|p2: KodeBeast0526|move: Toxic Spikes
|faint|p1b: Glimmora
|-damage|p2b: Garchomp|90/100|[from] item: Life Orb
|
|upkeep
|
|t:|1784564539
|switch|p1b: Incineroar|Incineroar, L50, M|100/100
|-ability|p1b: Incineroar|Intimidate|boost
|-unboost|p2a: Aerodactyl|atk|1
|-unboost|p2b: Garchomp|atk|1
|turn|2
|
|t:|1784564546
|detailschange|p1a: Malamar|Malamar-Mega, L50, F
|-mega|p1a: Malamar|Malamar|Malamarite
|move|p1b: Incineroar|Fake Out|p2b: Garchomp
|-damage|p2b: Garchomp|76/100
|-damage|p1b: Incineroar|87/100|[from] ability: Rough Skin|[of] p2b: Garchomp
|move|p2a: Aerodactyl|Tailwind|p2a: Aerodactyl
|-sidestart|p2: KodeBeast0526|move: Tailwind
|cant|p2b: Garchomp|flinch
|move|p1a: Malamar|Trick Room|p1a: Malamar
|-fieldstart|move: Trick Room|[of] p1a: Malamar
|
|upkeep
|turn|3
|
|t:|1784564560
|move|p1b: Incineroar|Parting Shot|p2b: Garchomp
|-unboost|p2b: Garchomp|atk|1
|-unboost|p2b: Garchomp|spa|1
|
|t:|1784564562
|switch|p1b: Primarina|Primarina, L50, M|100/100|[from] Parting Shot
|move|p1a: Malamar|Superpower|p2a: Aerodactyl
|-damage|p2a: Aerodactyl|62/100
|-boost|p1a: Malamar|atk|1
|-boost|p1a: Malamar|def|1
|move|p2b: Garchomp|Earthquake|p1a: Malamar|[spread] p1a,p1b
|-immune|p2a: Aerodactyl
|-damage|p1a: Malamar|83/100
|-damage|p1b: Primarina|70/100
|-damage|p2b: Garchomp|66/100|[from] item: Life Orb
|move|p2a: Aerodactyl|Rock Slide|p1a: Malamar|[spread] p1a,p1b
|-crit|p1b: Primarina
|-damage|p1a: Malamar|70/100
|-damage|p1b: Primarina|21/100
|
|-heal|p1b: Primarina|27/100|[from] item: Leftovers
|upkeep
|turn|4
|
|t:|1784564576
|move|p1b: Primarina|Hyper Voice|p2a: Aerodactyl|[spread] p2a,p2b
|-supereffective|p2a: Aerodactyl|1
|-damage|p2a: Aerodactyl|0 fnt
|-damage|p2b: Garchomp|27/100
|faint|p2a: Aerodactyl
|move|p1a: Malamar|Superpower|p2b: Garchomp
|-damage|p2b: Garchomp|0 fnt
|-boost|p1a: Malamar|atk|1
|-boost|p1a: Malamar|def|1
|-damage|p1a: Malamar|58/100|[from] ability: Rough Skin|[of] p2b: Garchomp
|faint|p2b: Garchomp
|
|-heal|p1b: Primarina|33/100|[from] item: Leftovers
|upkeep
|
|t:|1784564580
|switch|p2b: Kingambit|Kingambit, L50, M, shiny|100/100
|switch|p2a: Sylveon|Sylveon, L50, M, shiny|100/100
|-status|p2a: Sylveon|tox
|turn|5
|
|t:|1784564589
|move|p1b: Primarina|Hyper Voice|p2a: Sylveon|[spread] p2a,p2b
|-damage|p2a: Sylveon|72/100 tox
|-damage|p2b: Kingambit|62/100
|move|p1a: Malamar|Superpower|p2b: Kingambit
|-supereffective|p2b: Kingambit|2
|-damage|p2b: Kingambit|0 fnt
|-boost|p1a: Malamar|atk|1
|-boost|p1a: Malamar|def|1
|faint|p2b: Kingambit
|move|p2a: Sylveon|Hyper Voice|p1a: Malamar|[spread] p1a,p1b
|-supereffective|p1a: Malamar|1
|-damage|p1a: Malamar|0 fnt
|-damage|p1b: Primarina|0 fnt
|faint|p1a: Malamar
|faint|p1b: Primarina
|
|-damage|p2a: Sylveon|66/100 tox|[from] psn
|-sideend|p2: KodeBeast0526|move: Tailwind
|upkeep
|
|t:|1784564597
|switch|p1b: Incineroar|Incineroar, L50, M|87/100
|-ability|p1b: Incineroar|Intimidate|boost
|-unboost|p2a: Sylveon|atk|1
|turn|6
|
|t:|1784564606
|move|p2a: Sylveon|Detect|p2a: Sylveon
|-singleturn|p2a: Sylveon|Protect
|move|p1b: Incineroar|Flare Blitz|p2a: Sylveon
|-activate|p2a: Sylveon|move: Protect
|
|-damage|p2a: Sylveon|54/100 tox|[from] psn
|-fieldend|move: Trick Room
|upkeep
|turn|7
|
|t:|1784564610
|move|p2a: Sylveon|Hyper Beam|p1b: Incineroar
|-damage|p1b: Incineroar|0 fnt
|-mustrecharge|p2a: Sylveon
|faint|p1b: Incineroar
|
|win|KodeBeast0526
