|j|☆Treit_3
|j|☆FocusRanja
|html|Treit_3FocusRanja    
|uhtml|bestof|Game 2 of a best-of-3
|t:|1783437020
|gametype|doubles
|player|p1|Treit_3|marshal|1112
|player|p2|FocusRanja|265|1125
|gen|9
|tier|[Gen 9 Champions] VGC 2026 Reg M-B (Bo3)
|rated|
|rule|Species Clause: Limit one of each Pokémon
|rule|Item Clause: Limit 1 of each item
|clearpoke
|poke|p1|Scrafty, L50, M|
|poke|p1|Blaziken, L50, M|
|poke|p1|Torterra, L50, F|
|poke|p1|Milotic, L50, F|
|poke|p1|Gholdengo, L50|
|poke|p1|Farigiraf, L50, F|
|poke|p2|Mawile, L50, M|
|poke|p2|Aerodactyl, L50, F|
|poke|p2|Farigiraf, L50, M|
|poke|p2|Rotom-Wash, L50|
|poke|p2|Incineroar, L50, F|
|poke|p2|Sinistcha, L50|
|teampreview|4
|showteam|p1|Scrafty||Scraftinite|Intimidate|FakeOut,Coaching,DrainPunch,ThroatChop|Adamant||M|||50|]Blaziken||Blazikenite|SpeedBoost|Detect,RockSlide,FlareBlitz,CloseCombat|Adamant||M|||50|]Torterra||Leftovers|ShellArmor|Protect,WideGuard,HeadlongRush,WoodHammer|Brave||F|||50|]Milotic||MysticWater|Competitive|Protect,Scald,MuddyWater,IceBeam|Modest||F|||50|]Gholdengo||LifeOrb|GoodasGold|Protect,NastyPlot,MakeItRain,ShadowBall|Modest|||||50|]Farigiraf||SitrusBerry|ArmorTail|Protect,TrickRoom,Thunderbolt,HyperVoice|Bold||F|||50|
|showteam|p2|Mawile||Mawilite|HyperCutter|IronHead,SuckerPunch,Protect,PlayRough|Brave||M|||50|]Aerodactyl||Aerodactylite|Unnerve|RockSlide,DualWingbeat,Protect,Tailwind|Jolly||F|||50|]Farigiraf||ColburBerry|ArmorTail|Psychic,HyperVoice,TrickRoom,HelpingHand|Relaxed||M|||50|]Rotom-Wash||SitrusBerry|Levitate|Thunderbolt,HydroPump,WillOWisp,Protect|Modest|||||50|]Incineroar||PasshoBerry|Intimidate|FlareBlitz,DarkestLariat,FakeOut,PartingShot|Brave||F|||50|]Sinistcha||Leftovers|Hospitality|MatchaGotcha,RagePowder,Protect,TrickRoom|Quiet|||||50|
|inactive|Battle timer is ON: inactive players will automatically lose when time's up. (requested by Treit_3)
|
|t:|1783437042
|teamsize|p1|4
|teamsize|p2|4
|start
|switch|p1a: Blaziken|Blaziken, L50, M|100/100
|switch|p1b: Milotic|Milotic, L50, F|100/100
|switch|p2a: Rotom|Rotom-Wash, L50|100/100
|switch|p2b: Aerodactyl|Aerodactyl, L50, F|100/100
|-ability|p2b: Aerodactyl|Unnerve
|turn|1
|inactive|Treit_3 has 30 seconds left.
|inactive|Treit_3 has 20 seconds left.
|
|t:|1783437078
|detailschange|p1a: Blaziken|Blaziken-Mega, L50, M
|-mega|p1a: Blaziken|Blaziken|Blazikenite
|move|p2b: Aerodactyl|Protect|p2b: Aerodactyl
|-singleturn|p2b: Aerodactyl|Protect
|move|p1a: Blaziken|Rock Slide|p2a: Rotom|[spread] 
|-activate|p2b: Aerodactyl|move: Protect
|-miss|p1a: Blaziken|p2a: Rotom
|move|p2a: Rotom|Thunderbolt|p1b: Milotic
|-supereffective|p1b: Milotic|1
|-damage|p1b: Milotic|42/100
|move|p1b: Milotic|Muddy Water|p2a: Rotom|[spread] p2a
|-activate|p2b: Aerodactyl|move: Protect
|-resisted|p2a: Rotom|1
|-damage|p2a: Rotom|82/100
|-unboost|p2a: Rotom|accuracy|1
|
|-ability|p1a: Blaziken|Speed Boost|boost
|-boost|p1a: Blaziken|spe|1
|upkeep
|turn|2
|
|t:|1783437099
|detailschange|p2b: Aerodactyl|Aerodactyl-Mega, L50, F
|-mega|p2b: Aerodactyl|Aerodactyl|Aerodactylite
|move|p1a: Blaziken|Rock Slide|p2a: Rotom|[spread] p2a,p2b
|-supereffective|p2b: Aerodactyl|1
|-damage|p2a: Rotom|56/100
|-damage|p2b: Aerodactyl|38/100
|move|p2b: Aerodactyl|Dual Wingbeat|p1a: Blaziken
|-supereffective|p1a: Blaziken|1
|-damage|p1a: Blaziken|27/100
|-supereffective|p1a: Blaziken|1
|-damage|p1a: Blaziken|0 fnt
|faint|p1a: Blaziken
|-hitcount|p1: Blaziken|2
|move|p2a: Rotom|Thunderbolt|p1b: Milotic
|-supereffective|p1b: Milotic|1
|-damage|p1b: Milotic|0 fnt
|faint|p1b: Milotic
|
|upkeep
|
|t:|1783437112
|switch|p1a: Farigiraf|Farigiraf, L50, F|100/100
|switch|p1b: Torterra|Torterra, L50, F|100/100
|turn|3
|
|t:|1783437133
|move|p1b: Torterra|Protect|p1b: Torterra
|-singleturn|p1b: Torterra|Protect
|move|p2b: Aerodactyl|Dual Wingbeat|p1b: Torterra
|-activate|p1b: Torterra|move: Protect
|move|p2a: Rotom|Hydro Pump|p1a: Farigiraf|[miss]
|-miss|p2a: Rotom|p1a: Farigiraf
|move|p1a: Farigiraf|Thunderbolt|p2b: Aerodactyl
|-supereffective|p2b: Aerodactyl|1
|-damage|p2b: Aerodactyl|0 fnt
|faint|p2b: Aerodactyl
|
|upkeep
|
|t:|1783437145
|switch|p2b: Incineroar|Incineroar, L50, F|100/100
|-ability|p2b: Incineroar|Intimidate|boost
|-unboost|p1a: Farigiraf|atk|1
|-unboost|p1b: Torterra|atk|1
|turn|4
|
|t:|1783437169
|move|p2a: Rotom|Will-O-Wisp|p1b: Torterra
|-status|p1b: Torterra|brn
|move|p2b: Incineroar|Darkest Lariat|p1a: Farigiraf
|-supereffective|p1a: Farigiraf|1
|-damage|p1a: Farigiraf|33/100
|-enditem|p1a: Farigiraf|Sitrus Berry|[eat]
|-heal|p1a: Farigiraf|58/100|[from] item: Sitrus Berry
|move|p1b: Torterra|Headlong Rush|p2b: Incineroar
|-supereffective|p2b: Incineroar|1
|-damage|p2b: Incineroar|59/100
|-unboost|p1b: Torterra|def|1
|-unboost|p1b: Torterra|spd|1
|move|p1a: Farigiraf|Trick Room|p1a: Farigiraf
|-fieldstart|move: Trick Room|[of] p1a: Farigiraf
|
|-damage|p1b: Torterra|94/100 brn|[from] brn
|upkeep
|turn|5
|inactive|Treit_3 has 30 seconds left.
|
|t:|1783437196
|move|p1b: Torterra|Headlong Rush|p2b: Incineroar
|-supereffective|p2b: Incineroar|1
|-damage|p2b: Incineroar|20/100y
|-unboost|p1b: Torterra|def|1
|-unboost|p1b: Torterra|spd|1
|move|p2b: Incineroar|Darkest Lariat|p1a: Farigiraf
|-supereffective|p1a: Farigiraf|1
|-damage|p1a: Farigiraf|1/100
|move|p1a: Farigiraf|Hyper Voice|p2b: Incineroar|[spread] p2a,p2b
|-damage|p2a: Rotom|31/100
|-damage|p2b: Incineroar|0 fnt
|-enditem|p2a: Rotom|Sitrus Berry|[eat]
|-heal|p2a: Rotom|56/100|[from] item: Sitrus Berry
|faint|p2b: Incineroar
|move|p2a: Rotom|Hydro Pump|p1b: Torterra|[miss]
|-miss|p2a: Rotom|p1b: Torterra
|
|-heal|p1b: Torterra|100/100 brn|[from] item: Leftovers
|-damage|p1b: Torterra|94/100 brn|[from] brn
|upkeep
|
|t:|1783437213
|switch|p2b: Farigiraf|Farigiraf, L50, M|100/100
|turn|6
|
|t:|1783437228
|move|p1b: Torterra|Wide Guard|p1b: Torterra
|-singleturn|p1b: Torterra|Wide Guard
|move|p2b: Farigiraf|Hyper Voice|p1a: Farigiraf|[spread] 
|-activate|p1a: Farigiraf|move: Wide Guard
|-activate|p1b: Torterra|move: Wide Guard
|move|p1a: Farigiraf|Hyper Voice|p2b: Farigiraf|[spread] p2a,p2b
|-damage|p2a: Rotom|28/100
|-damage|p2b: Farigiraf|74/100
|move|p2a: Rotom|Hydro Pump|p1b: Torterra|[miss]
|-miss|p2a: Rotom|p1b: Torterra
|
|-heal|p1b: Torterra|100/100 brn|[from] item: Leftovers
|-damage|p1b: Torterra|94/100 brn|[from] brn
|upkeep
|turn|7
|inactive|FocusRanja has 30 seconds left.
|
|t:|1783437258
|move|p1a: Farigiraf|Protect|p1a: Farigiraf
|-singleturn|p1a: Farigiraf|Protect
|move|p1b: Torterra|Wood Hammer|p2b: Farigiraf
|-damage|p2b: Farigiraf|58/100
|-damage|p1b: Torterra|87/100 brn|[from] Recoil
|move|p2b: Farigiraf|Hyper Voice|p1a: Farigiraf|[spread] p1b
|-activate|p1a: Farigiraf|move: Protect
|-damage|p1b: Torterra|32/100 brn
|move|p2a: Rotom|Hydro Pump|p1b: Torterra
|-damage|p1b: Torterra|0 fnt
|faint|p1b: Torterra
|
|upkeep
|turn|8
|
|t:|1783437273
|move|p2b: Farigiraf|Hyper Voice|p1a: Farigiraf
|-damage|p1a: Farigiraf|0 fnt
|faint|p1a: Farigiraf
|
|win|FocusRanja
||Treit_3 is ready for game 3.
|l|☆FocusRanja
|player|p2|
|inactive|FocusRanja has 30 seconds to confirm battle start!
|inactive|FocusRanja has 20 seconds to confirm battle start!
|inactive|FocusRanja has 10 seconds to confirm battle start!
