|j|☆pikatrod
|j|☆s!dd_1
|html|pikatrods!dd_1    
|uhtml|bestof|Game 2 of a best-of-3
|t:|1784910726
|gametype|doubles
|player|p1|pikatrod|170|1504
|player|p2|s!dd_1|flannery-gen6|1555
|gen|9
|tier|[Gen 9 Champions] VGC 2026 Reg M-B (Bo3)
|rated|
|rule|Species Clause: Limit one of each Pokémon
|rule|Item Clause: Limit 1 of each item
|clearpoke
|poke|p1|Froslass, L50, F|
|poke|p1|Dragonite, L50, M|
|poke|p1|Toxapex, L50, M|
|poke|p1|Sneasler, L50, M|
|poke|p1|Kingambit, L50, M|
|poke|p1|Blaziken, L50, F|
|poke|p2|Raichu, L50, M|
|poke|p2|Mamoswine, L50, M|
|poke|p2|Maushold, L50|
|poke|p2|Sylveon, L50, M|
|poke|p2|Arcanine-Hisui, L50, M|
|poke|p2|Meowscarada, L50, F|
|teampreview|4
|showteam|p1|Froslass||Froslassite|CursedBody|Blizzard,ShadowBall,AuroraVeil,Protect|Timid||F|||50|]Dragonite||LifeOrb|InnerFocus|DragonClaw,ExtremeSpeed,LowKick,Protect|Adamant||M|||50|]Toxapex||Leftovers|Regenerator|Infestation,Toxic,WideGuard,BanefulBunker|Bold||M|||50|]Sneasler||FocusSash|PoisonTouch|CloseCombat,PoisonJab,FakeOut,Protect|Jolly||M|||50|]Kingambit||BlackGlasses|Defiant|KowtowCleave,IronHead,SuckerPunch,Protect|Adamant||M|||50|]Blaziken||Blazikenite|SpeedBoost|CloseCombat,FlareBlitz,RockSlide,Protect|Adamant||F|||50|
|showteam|p2|Raichu||RaichuniteY|LightningRod|ZapCannon,FocusBlast,FakeOut,Protect|Timid||M|||50|]Mamoswine||LifeOrb|Oblivious|HighHorsepower,IcicleCrash,IceShard,Protect|Adamant||M|||50|]Maushold||ChopleBerry|FriendGuard|SuperFang,HelpingHand,FollowMe,Protect|Timid|||||50|]Sylveon||FairyFeather|Pixilate|HyperVoice,HyperBeam,CalmMind,Detect|Modest||M|||50|]Arcanine-Hisui||FocusSash|Intimidate|FlareBlitz,RockSlide,ExtremeSpeed,Protect|Adamant||M|||50|]Meowscarada||ChoiceScarf|Protean|FlowerTrick,KnockOff,TripleAxel,LowKick|Jolly||F|||50|
|inactive|Battle timer is ON: inactive players will automatically lose when time's up. (requested by s!dd_1)
|
|t:|1784910748
|teamsize|p1|4
|teamsize|p2|4
|start
|switch|p1a: Dragonite|Dragonite, L50, M|100/100
|switch|p1b: Kingambit|Kingambit, L50, M|100/100
|switch|p2a: Grabbitz|Raichu, L50, M|100/100
|switch|p2b: Panic!|Mamoswine, L50, M|100/100
|turn|1
|inactive|s!dd_1 has 30 seconds left.
|
|t:|1784910774
|detailschange|p2a: Grabbitz|Raichu-Mega-Y, L50, M
|-mega|p2a: Grabbitz|Raichu|Raichunite Y
|move|p1a: Dragonite|Protect|p1a: Dragonite
|-singleturn|p1a: Dragonite|Protect
|move|p1b: Kingambit|Protect|p1b: Kingambit
|-singleturn|p1b: Kingambit|Protect
|move|p2a: Grabbitz|Fake Out|p1b: Kingambit
|-activate|p1b: Kingambit|move: Protect
|move|p2b: Panic!|Ice Shard|p1a: Dragonite
|-activate|p1a: Dragonite|move: Protect
|
|upkeep
|turn|2
|inactive|pikatrod has 30 seconds left.
|
|t:|1784910807
|switch|p2a: Maushold|Maushold, L50|100/100
|move|p1a: Dragonite|Extreme Speed|p2b: Panic!
|-damage|p2b: Panic!|66/100
|-damage|p1a: Dragonite|90/100|[from] item: Life Orb
|move|p1b: Kingambit|Sucker Punch|p2b: Panic!
|-damage|p2b: Panic!|21/100
|move|p2b: Panic!|High Horsepower|p1b: Kingambit
|-supereffective|p1b: Kingambit|1
|-damage|p1b: Kingambit|0 fnt
|faint|p1b: Kingambit
|-damage|p2b: Panic!|11/100|[from] item: Life Orb
|
|upkeep
|inactive|pikatrod has 30 seconds left.
|
|t:|1784910834
|switch|p1b: Blaziken|Blaziken, L50, F|100/100
|turn|3
|
|t:|1784910840
|switch|p2a: Skillet|Arcanine-Hisui, L50, M|100/100
|-ability|p2a: Skillet|Intimidate|boost
|-fail|p1a: Dragonite|unboost|Attack|[from] ability: Inner Focus|[of] p1a: Dragonite
|-unboost|p1b: Blaziken|atk|1
|switch|p1a: Toxapex|Toxapex, L50, M|100/100
|detailschange|p1b: Blaziken|Blaziken-Mega, L50, F
|-mega|p1b: Blaziken|Blaziken|Blazikenite
|move|p2b: Panic!|Protect|p2b: Panic!
|-singleturn|p2b: Panic!|Protect
|move|p1b: Blaziken|Rock Slide|p2a: Skillet|[spread] p2a
|-activate|p2b: Panic!|move: Protect
|-supereffective|p2a: Skillet|1
|-damage|p2a: Skillet|54/100
|
|-ability|p1b: Blaziken|Speed Boost|boost
|-boost|p1b: Blaziken|spe|1
|upkeep
|turn|4
|inactive|pikatrod has 30 seconds left.
|
|t:|1784910873
|switch|p2b: Maushold|Maushold, L50|100/100
|move|p2a: Skillet|Protect|p2a: Skillet
|-singleturn|p2a: Skillet|Protect
|move|p1a: Toxapex|Wide Guard|p1a: Toxapex
|-singleturn|p1a: Toxapex|Wide Guard
|move|p1b: Blaziken|Rock Slide|p2a: Skillet|[spread] p2b
|-activate|p2a: Skillet|move: Protect
|-damage|p2b: Maushold|81/100
|
|-ability|p1b: Blaziken|Speed Boost|boost
|-boost|p1b: Blaziken|spe|1
|upkeep
|turn|5
|
|t:|1784910889
|move|p2b: Maushold|Helping Hand|p2a: Skillet
|-singleturn|p2a: Skillet|Helping Hand|[of] p2b: Maushold
|move|p1b: Blaziken|Protect|p1b: Blaziken
|-singleturn|p1b: Blaziken|Protect
|move|p2a: Skillet|Extreme Speed|p1b: Blaziken
|-activate|p1b: Blaziken|move: Protect
|move|p1a: Toxapex|Infestation|p2a: Skillet
|-resisted|p2a: Skillet|1
|-crit|p2a: Skillet
|-damage|p2a: Skillet|52/100
|-activate|p2a: Skillet|move: Infestation|[of] p1a: Toxapex
|
|-damage|p2a: Skillet|40/100|[from] move: Infestation|[partiallytrapped]
|-ability|p1b: Blaziken|Speed Boost|boost
|-boost|p1b: Blaziken|spe|1
|upkeep
|turn|6
|
|t:|1784910905
|switch|p1b: Dragonite|Dragonite, L50, M|90/100
|move|p1a: Toxapex|Wide Guard|p1a: Toxapex
|-singleturn|p1a: Toxapex|Wide Guard
|move|p2a: Skillet|Extreme Speed|p1b: Dragonite
|-damage|p1b: Dragonite|64/100
|move|p2b: Maushold|Super Fang|p1a: Toxapex
|-damage|p1a: Toxapex|50/100g
|
|-heal|p1a: Toxapex|56/100|[from] item: Leftovers
|-damage|p2a: Skillet|27/100|[from] move: Infestation|[partiallytrapped]
|upkeep
|turn|7
|inactive|pikatrod has 30 seconds left.
|
|t:|1784910936
|move|p2b: Maushold|Protect|p2b: Maushold
|-singleturn|p2b: Maushold|Protect
|move|p1b: Dragonite|Protect|p1b: Dragonite
|-singleturn|p1b: Dragonite|Protect
|move|p2a: Skillet|Rock Slide|p1b: Dragonite|[spread] p1a
|-activate|p1b: Dragonite|move: Protect
|-damage|p1a: Toxapex|36/100
|cant|p1a: Toxapex|flinch
|
|-heal|p1a: Toxapex|42/100|[from] item: Leftovers
|-damage|p2a: Skillet|15/100|[from] move: Infestation|[partiallytrapped]
|upkeep
|turn|8
|
|t:|1784910960
|move|p1a: Toxapex|Wide Guard|p1a: Toxapex
|-singleturn|p1a: Toxapex|Wide Guard
|move|p2b: Maushold|Follow Me|p2b: Maushold
|-singleturn|p2b: Maushold|move: Follow Me
|move|p2a: Skillet|Rock Slide|p1a: Toxapex|[spread] 
|-activate|p1a: Toxapex|move: Wide Guard
|-activate|p1b: Dragonite|move: Wide Guard
|move|p1b: Dragonite|Dragon Claw|p2b: Maushold
|-damage|p2b: Maushold|14/100
|-damage|p1b: Dragonite|54/100|[from] item: Life Orb
|
|-heal|p1a: Toxapex|48/100|[from] item: Leftovers
|-damage|p2a: Skillet|3/100|[from] move: Infestation|[partiallytrapped]
|upkeep
|turn|9
|
|t:|1784910983
|switch|p1b: Blaziken|Blaziken-Mega, L50, F|100/100
|move|p2b: Maushold|Protect|p2b: Maushold
|-singleturn|p2b: Maushold|Protect
|move|p2a: Skillet|Extreme Speed|p1a: Toxapex
|-damage|p1a: Toxapex|28/100
|move|p1a: Toxapex|Infestation|p2b: Maushold
|-activate|p2b: Maushold|move: Protect
|
|-heal|p1a: Toxapex|34/100|[from] item: Leftovers
|-damage|p2a: Skillet|0 fnt|[from] move: Infestation|[partiallytrapped]
|faint|p2a: Skillet
|upkeep
|
|t:|1784910987
|switch|p2a: Grabbitz|Raichu-Mega-Y, L50, M|100/100
|turn|10
|inactive|pikatrod has 30 seconds left.
|inactive|pikatrod has 20 seconds left.
|
|t:|1784911023
|switch|p1b: Dragonite|Dragonite, L50, M|54/100
|move|p1a: Toxapex|Baneful Bunker|p1a: Toxapex
|-singleturn|p1a: Toxapex|move: Protect
|move|p2b: Maushold|Follow Me|p2b: Maushold
|-singleturn|p2b: Maushold|move: Follow Me
|move|p2a: Grabbitz|Zap Cannon|p1a: Toxapex
|-activate|p1a: Toxapex|move: Protect
|
|-heal|p1a: Toxapex|40/100|[from] item: Leftovers
|upkeep
|turn|11
|
|t:|1784911039
|move|p2b: Maushold|Follow Me|p2b: Maushold
|-singleturn|p2b: Maushold|move: Follow Me
|move|p1b: Dragonite|Extreme Speed|p2b: Maushold
|-damage|p2b: Maushold|0 fnt
|faint|p2b: Maushold
|-damage|p1b: Dragonite|44/100|[from] item: Life Orb
|move|p2a: Grabbitz|Zap Cannon|p1a: Toxapex
|-supereffective|p1a: Toxapex|1
|-damage|p1a: Toxapex|0 fnt
|faint|p1a: Toxapex
|
|upkeep
|
|t:|1784911047
|switch|p2b: Panic!|Mamoswine, L50, M|11/100
|switch|p1a: Blaziken|Blaziken-Mega, L50, F|100/100
|turn|12
|
|t:|1784911054
|move|p1a: Blaziken|Protect|p1a: Blaziken
|-singleturn|p1a: Blaziken|Protect
|move|p2b: Panic!|Protect|p2b: Panic!
|-singleturn|p2b: Panic!|Protect
|move|p1b: Dragonite|Protect|p1b: Dragonite
|-singleturn|p1b: Dragonite|Protect
|move|p2a: Grabbitz|Zap Cannon|p1b: Dragonite
|-activate|p1b: Dragonite|move: Protect
|
|-ability|p1a: Blaziken|Speed Boost|boost
|-boost|p1a: Blaziken|spe|1
|upkeep
|turn|13
|
|t:|1784911063
|move|p2b: Panic!|Protect|p2b: Panic!
|-singleturn|p2b: Panic!|Protect
|move|p1b: Dragonite|Extreme Speed|p2a: Grabbitz
|-damage|p2a: Grabbitz|34/100
|-damage|p1b: Dragonite|35/100|[from] item: Life Orb
|move|p1a: Blaziken|Rock Slide|p2a: Grabbitz|[spread] p2a
|-activate|p2b: Panic!|move: Protect
|-damage|p2a: Grabbitz|0 fnt
|faint|p2a: Grabbitz
|
|-ability|p1a: Blaziken|Speed Boost|boost
|-boost|p1a: Blaziken|spe|1
|upkeep
|turn|14
|-message|s!dd_1 forfeited.
|
|win|pikatrod
||s!dd_1 is ready for game 3.
||pikatrod is ready for game 3.
|uhtml|next|Next: Game 3 of 3
