|j|☆Tractie
|j|☆Glumshanks
|html|TractieGlumshanks    
|uhtml|bestof|Game 2 of a best-of-3
|t:|1756650764
|gametype|doubles
|player|p1|Tractie|2|1230
|player|p2|Glumshanks|ninjaboy|1228
|gen|9
|tier|[Gen 9] VGC 2025 Reg H (Bo3)
|rated|
|rule|Species Clause: Limit one of each Pokémon
|rule|Item Clause: Limit 1 of each item
|clearpoke
|poke|p1|Gothitelle, L50, F|
|poke|p1|Dondozo, L50, F|
|poke|p1|Kingambit, L50, M|
|poke|p1|Rillaboom, L50, F|
|poke|p1|Houndoom, L50, F|
|poke|p1|Annihilape, L50, F|
|poke|p2|Pelipper, L50, F|
|poke|p2|Archaludon, L50, F|
|poke|p2|Incineroar, L50, M|
|poke|p2|Kingdra, L50, F|
|poke|p2|Amoonguss, L50, F|
|poke|p2|Rillaboom, L50, F|
|teampreview|4
|showteam|p1|Gothitelle||SitrusBerry|ShadowTag|FakeOut,Psychic,TrickRoom,Protect|||F|||50|,,,,,Ghost]Dondozo||Leftovers|Unaware|WaveCrash,BodyPress,Yawn,Protect|||F|||50|,,,,,Electric]Kingambit||BlackGlasses|Defiant|SuckerPunch,KowtowCleave,SwordsDance,Protect|||M|||50|,,,,,Dark]Rillaboom||AssaultVest|GrassySurge|FakeOut,GrassyGlide,WoodHammer,HighHorsepower|||F|||50|,,,,,Ghost]Houndoom||LifeOrb|FlashFire|HeatWave,DarkPulse,Taunt,Protect|||F|||50|,,,,,Water]Annihilape||FocusSash|Defiant|FinalGambit,CloseCombat,RageFist,Coaching|||F|||50|,,,,,Fairy
|showteam|p2|Pelipper||FocusSash|Drizzle|Hurricane,WeatherBall,Tailwind,Protect|||F|||50|,,,,,Ground]Archaludon||AssaultVest|Stamina|ElectroShot,DragonPulse,FlashCannon,BodyPress|||F|||50|,,,,,Bug]Incineroar||SafetyGoggles|Intimidate|FlareBlitz,KnockOff,PartingShot,FakeOut|||M|||50|,,,,,Ghost]Kingdra||LifeOrb|SwiftSwim|DracoMeteor,WeatherBall,Protect,MuddyWater|||F|||50|,,,,,Stellar]Amoonguss||SitrusBerry|Regenerator|PollenPuff,Protect,RagePowder,Spore|||F|||50|,,,,,Water]Rillaboom||LoadedDice|GrassySurge|BulletSeed,GrassyGlide,HighHorsepower,FakeOut|||F|||50|,,,,,Fire
|inactive|Battle timer is ON: inactive players will automatically lose when time's up. (requested by Tractie)
|inactive|Tractie has 60 seconds left.
|inactive|Tractie has 30 seconds left.
|inactive|Tractie has 20 seconds left.
|inactive|Tractie has 15 seconds left.
|inactive|Tractie has 10 seconds left.
|
|t:|1756650857
|teamsize|p1|4
|teamsize|p2|4
|start
|switch|p1a: Houndoom|Houndoom, L50, F|100/100
|switch|p1b: Gothitelle|Gothitelle, L50, F|100/100
|switch|p2a: Amoonguss|Amoonguss, L50, F|100/100
|switch|p2b: Rillaboom|Rillaboom, L50, F|100/100
|-fieldstart|move: Grassy Terrain|[from] ability: Grassy Surge|[of] p2b: Rillaboom
|turn|1
|inactive|Tractie has 30 seconds left.
|inactive|Glumshanks has 30 seconds left.
|
|t:|1756650886
|-terastallize|p2b: Rillaboom|Fire
|move|p1a: Houndoom|Protect|p1a: Houndoom
|-singleturn|p1a: Houndoom|Protect
|move|p1b: Gothitelle|Protect|p1b: Gothitelle
|-singleturn|p1b: Gothitelle|Protect
|move|p2a: Amoonguss|Protect|p2a: Amoonguss
|-singleturn|p2a: Amoonguss|Protect
|move|p2b: Rillaboom|Bullet Seed|p1b: Gothitelle
|-activate|p1b: Gothitelle|move: Protect
|
|upkeep
|turn|2
|
|t:|1756650906
|move|p1a: Houndoom|Heat Wave|p2a: Amoonguss|[spread] p2a,p2b
|-supereffective|p2a: Amoonguss
|-resisted|p2b: Rillaboom
|-damage|p2a: Amoonguss|33/100
|-damage|p2b: Rillaboom|76/100
|-enditem|p2a: Amoonguss|Sitrus Berry|[eat]
|-heal|p2a: Amoonguss|58/100|[from] item: Sitrus Berry
|-damage|p1a: Houndoom|91/100|[from] item: Life Orb
|move|p2b: Rillaboom|Bullet Seed|p1b: Gothitelle
|-damage|p1b: Gothitelle|86/100
|-damage|p1b: Gothitelle|71/100
|-crit|p1b: Gothitelle
|-damage|p1b: Gothitelle|49/100
|-enditem|p1b: Gothitelle|Sitrus Berry|[eat]
|-heal|p1b: Gothitelle|74/100|[from] item: Sitrus Berry
|-damage|p1b: Gothitelle|57/100
|-hitcount|p1b: Gothitelle|4
|move|p1b: Gothitelle|Psychic|p2a: Amoonguss
|-supereffective|p2a: Amoonguss
|-damage|p2a: Amoonguss|15/100
|move|p2a: Amoonguss|Spore|p1a: Houndoom
|-status|p1a: Houndoom|slp|[from] move: Spore
|
|-heal|p1a: Houndoom|97/100 slp|[from] Grassy Terrain
|-heal|p2b: Rillaboom|82/100|[from] Grassy Terrain
|-heal|p1b: Gothitelle|63/100|[from] Grassy Terrain
|-heal|p2a: Amoonguss|20/100|[from] Grassy Terrain
|upkeep
|turn|3
|inactive|Tractie has 30 seconds left.
|inactive|Tractie has 20 seconds left.
|
|t:|1756650942
|cant|p1a: Houndoom|slp
|move|p1b: Gothitelle|Protect|p1b: Gothitelle
|-singleturn|p1b: Gothitelle|Protect
|move|p2a: Amoonguss|Protect|p2a: Amoonguss
|-singleturn|p2a: Amoonguss|Protect
|move|p2b: Rillaboom|Bullet Seed|p1b: Gothitelle
|-activate|p1b: Gothitelle|move: Protect
|
|-heal|p1a: Houndoom|100/100 slp|[from] Grassy Terrain
|-heal|p2b: Rillaboom|87/100|[from] Grassy Terrain
|-heal|p1b: Gothitelle|69/100|[from] Grassy Terrain
|-heal|p2a: Amoonguss|26/100|[from] Grassy Terrain
|upkeep
|turn|4
|inactive|Tractie has 30 seconds left.
|
|t:|1756650970
|move|p2a: Amoonguss|Protect||[still]
|-fail|p2a: Amoonguss
|cant|p1a: Houndoom|slp
|move|p2b: Rillaboom|Bullet Seed|p1b: Gothitelle
|-damage|p1b: Gothitelle|54/100
|-damage|p1b: Gothitelle|38/100
|-crit|p1b: Gothitelle
|-damage|p1b: Gothitelle|13/100
|-damage|p1b: Gothitelle|0 fnt
|faint|p1b: Gothitelle
|-hitcount|p1: Gothitelle|4
|
|-heal|p2b: Rillaboom|93/100|[from] Grassy Terrain
|-heal|p2a: Amoonguss|32/100|[from] Grassy Terrain
|upkeep
|
|t:|1756650991
|switch|p1b: Dondozo|Dondozo, L50, F|100/100
|turn|5
|inactive|Tractie has 30 seconds left.
|
|t:|1756651021
|switch|p2a: Kingdra|Kingdra, L50, F|100/100
|-curestatus|p1a: Houndoom|slp|[msg]
|move|p1a: Houndoom|Dark Pulse|p2a: Kingdra
|-damage|p2a: Kingdra|40/100
|-damage|p1a: Houndoom|91/100|[from] item: Life Orb
|move|p2b: Rillaboom|High Horsepower|p1a: Houndoom
|-supereffective|p1a: Houndoom
|-crit|p1a: Houndoom
|-damage|p1a: Houndoom|0 fnt
|faint|p1a: Houndoom
|move|p1b: Dondozo|Yawn|p2b: Rillaboom
|-start|p2b: Rillaboom|move: Yawn|[of] p1b: Dondozo
|
|-heal|p2a: Kingdra|46/100|[from] Grassy Terrain
|-heal|p2b: Rillaboom|99/100|[from] Grassy Terrain
|-fieldend|move: Grassy Terrain
|upkeep
|
|t:|1756651036
|switch|p1a: Kingambit|Kingambit, L50, M|100/100
|turn|6
|
|t:|1756651051
|switch|p2a: Amoonguss|Amoonguss, L50, F|65/100
|switch|p2b: Pelipper|Pelipper, L50, F|100/100
|-weather|RainDance|[from] ability: Drizzle|[of] p2b: Pelipper
|move|p1a: Kingambit|Swords Dance|p1a: Kingambit
|-boost|p1a: Kingambit|atk|2
|move|p1b: Dondozo|Yawn|p2b: Pelipper
|-start|p2b: Pelipper|move: Yawn|[of] p1b: Dondozo
|
|-weather|RainDance|[upkeep]
|upkeep
|turn|7
|inactive|Tractie has 30 seconds left.
|inactive|Tractie has 20 seconds left.
|inactive|Glumshanks has 30 seconds left.
|inactive|Tractie has 15 seconds left.
|inactive|Glumshanks has 20 seconds left.
|inactive|Glumshanks has 15 seconds left.
|
|t:|1756651102
|move|p2b: Pelipper|Weather Ball|p1a: Kingambit
|-damage|p1a: Kingambit|27/100
|move|p1a: Kingambit|Kowtow Cleave|p2a: Amoonguss
|-damage|p2a: Amoonguss|0 fnt
|faint|p2a: Amoonguss
|move|p1b: Dondozo|Body Press|p2b: Pelipper
|-resisted|p2b: Pelipper
|-damage|p2b: Pelipper|86/100
|
|-weather|RainDance|[upkeep]
|-end|p2b: Pelipper|move: Yawn|[silent]
|-status|p2b: Pelipper|slp
|upkeep
|
|t:|1756651109
|switch|p2a: Kingdra|Kingdra, L50, F|46/100
|turn|8
|
|t:|1756651125
|move|p2a: Kingdra|Protect|p2a: Kingdra
|-singleturn|p2a: Kingdra|Protect
|move|p1a: Kingambit|Sucker Punch||[still]
|-fail|p1a: Kingambit
|cant|p2b: Pelipper|slp
|move|p1b: Dondozo|Wave Crash|p2b: Pelipper
|-resisted|p2b: Pelipper
|-damage|p2b: Pelipper|46/100 slp
|-damage|p1b: Dondozo|93/100|[from] Recoil
|
|-weather|RainDance|[upkeep]
|-heal|p1b: Dondozo|99/100|[from] item: Leftovers
|upkeep
|turn|9
|inactive|Tractie has 30 seconds left.
|
|t:|1756651159
|move|p2a: Kingdra|Protect||[still]
|-fail|p2a: Kingdra
|move|p1a: Kingambit|Sucker Punch||[still]
|-fail|p1a: Kingambit
|-curestatus|p2b: Pelipper|slp|[msg]
|move|p2b: Pelipper|Weather Ball|p1a: Kingambit
|-damage|p1a: Kingambit|0 fnt
|faint|p1a: Kingambit
|move|p1b: Dondozo|Wave Crash|p2b: Pelipper
|-resisted|p2b: Pelipper
|-damage|p2b: Pelipper|2/100
|-damage|p1b: Dondozo|92/100|[from] Recoil
|
|-weather|RainDance|[upkeep]
|-heal|p1b: Dondozo|98/100|[from] item: Leftovers
|upkeep
|turn|10
|inactive|Tractie has 30 seconds left.
|inactive|Glumshanks has 30 seconds left.
|
|t:|1756651188
|move|p2a: Kingdra|Draco Meteor|p1b: Dondozo
|-damage|p1b: Dondozo|46/100
|-unboost|p2a: Kingdra|spa|2
|-damage|p2a: Kingdra|36/100|[from] item: Life Orb
|move|p2b: Pelipper|Hurricane|p1b: Dondozo
|-damage|p1b: Dondozo|13/100
|move|p1b: Dondozo|Yawn|p2a: Kingdra
|-start|p2a: Kingdra|move: Yawn|[of] p1b: Dondozo
|
|-weather|none
|-heal|p1b: Dondozo|20/100|[from] item: Leftovers
|upkeep
|turn|11
|-message|Tractie forfeited.
|
|win|Glumshanks
|raw|Tractie's rating: 1230 → 1205(-25 for losing)
|raw|Glumshanks's rating: 1228 → 1253(+25 for winning)
|l|☆Tractie
|player|p1|
