|j|☆Retking
|j|☆Glumshanks
|html|RetkingGlumshanks    
|uhtml|bestof|Game 3 of a best-of-3
|t:|1756586337
|gametype|doubles
|player|p1|Retking|n|
|player|p2|Glumshanks|ninjaboy|
|gen|9
|tier|[Gen 9] VGC 2025 Reg H (Bo3)
|rule|Species Clause: Limit one of each Pokémon
|rule|Item Clause: Limit 1 of each item
|clearpoke
|poke|p1|Gholdengo, L50|
|poke|p1|Sneasler, L50, M|
|poke|p1|Rillaboom, L50, M|
|poke|p1|Dragonite, L50, F|
|poke|p1|Ninetales-Alola, L50, M|
|poke|p1|Arcanine-Hisui, L50, F|
|poke|p2|Pelipper, L50, F|
|poke|p2|Archaludon, L50, M|
|poke|p2|Incineroar, L50, F|
|poke|p2|Kingdra, L50, F|
|poke|p2|Amoonguss, L50, M|
|poke|p2|Rillaboom, L50, F|
|teampreview|4
|showteam|p1|Gholdengo||GrassySeed|GoodasGold|NastyPlot,MakeItRain,ShadowBall,Protect||||||50|,,,,,Water]Sneasler||WhiteHerb|Unburden|CloseCombat,DireClaw,Coaching,Protect|||M|||50|,,,,,Ghost]Rillaboom||AssaultVest|GrassySurge|FakeOut,GrassyGlide,DrumBeating,HighHorsepower|||M|||50|,,,,,Fire]Dragonite||LoadedDice|Multiscale|ScaleShot,StompingTantrum,Tailwind,Protect|||F|||50|,,,,,Ground]Ninetales-Alola||FocusSash|SnowWarning|Blizzard,IcyWind,Encore,AuroraVeil|||M|||50|,,,,,Ghost]Arcanine-Hisui||ClearAmulet|Intimidate|RockSlide,FlareBlitz,ExtremeSpeed,Protect|||F|||50|,,,,,Water
|showteam|p2|Pelipper||FocusSash|Drizzle|Hurricane,WeatherBall,Tailwind,Protect|||F|||50|,,,,,Ground]Archaludon||AssaultVest|Stamina|ElectroShot,DracoMeteor,FlashCannon,BodyPress|||M|||50|,,,,,Bug]Incineroar||SafetyGoggles|Intimidate|FlareBlitz,KnockOff,PartingShot,FakeOut|||F|||50|,,,,,Ghost]Kingdra||LifeOrb|SwiftSwim|DracoMeteor,WeatherBall,Protect,MuddyWater|||F|||50|,,,,,Stellar]Amoonguss||SitrusBerry|Regenerator|PollenPuff,Protect,RagePowder,Spore|||M|||50|,,,,,Water]Rillaboom||LoadedDice|GrassySurge|BulletSeed,GrassyGlide,HighHorsepower,FakeOut|||F|||50|,,,,,Fire
|inactive|Battle timer is ON: inactive players will automatically lose when time's up. (requested by Retking)
|j| zitchyl
|j| Shit tier pro
|inactive|Retking has 60 seconds left.
|inactive|Glumshanks has 60 seconds left.
|
|t:|1756586389
|teamsize|p1|4
|teamsize|p2|4
|start
|switch|p1a: Gholdengo|Gholdengo, L50|100/100
|switch|p1b: Sneasler|Sneasler, L50, M|100/100
|switch|p2a: Rillaboom|Rillaboom, L50, F|100/100
|switch|p2b: Kingdra|Kingdra, L50, F|100/100
|-fieldstart|move: Grassy Terrain|[from] ability: Grassy Surge|[of] p2a: Rillaboom
|-enditem|p1a: Gholdengo|Grassy Seed
|-boost|p1a: Gholdengo|def|1|[from] item: Grassy Seed
|turn|1
|inactive|Retking has 30 seconds left.
|inactive|Glumshanks has 30 seconds left.
|l| zitchyl
|inactive|Retking has 20 seconds left.
|inactive|Retking has 15 seconds left.
|inactive|Retking has 10 seconds left.
|inactive|Retking has 5 seconds left.
|
|t:|1756586443
|move|p1b: Sneasler|Protect|p1b: Sneasler
|-singleturn|p1b: Sneasler|Protect
|move|p2b: Kingdra|Protect|p2b: Kingdra
|-singleturn|p2b: Kingdra|Protect
|move|p1a: Gholdengo|Shadow Ball|p2b: Kingdra
|-activate|p2b: Kingdra|move: Protect
|move|p2a: Rillaboom|High Horsepower|p1a: Gholdengo
|-supereffective|p1a: Gholdengo
|-crit|p1a: Gholdengo
|-damage|p1a: Gholdengo|12/100
|
|-heal|p1a: Gholdengo|18/100|[from] Grassy Terrain
|upkeep
|turn|2
|inactive|Glumshanks has 30 seconds left.
|inactive|Retking has 30 seconds left.
|inactive|Glumshanks has 20 seconds left.
|inactive|Retking has 20 seconds left.
|inactive|Glumshanks has 15 seconds left.
|inactive|Retking has 15 seconds left.
|inactive|Glumshanks has 10 seconds left.
|inactive|Retking has 10 seconds left.
|inactive|Glumshanks has 5 seconds left.
|inactive|Retking has 5 seconds left.
|
|t:|1756586502
|switch|p1a: Dragonite|Dragonite, L50, F|100/100
|switch|p2a: Pelipper|Pelipper, L50, F|100/100
|-weather|RainDance|[from] ability: Drizzle|[of] p2a: Pelipper
|-terastallize|p2b: Kingdra|Stellar
|move|p2b: Kingdra|Muddy Water|p1b: Sneasler|[spread] p1a,p1b
|-resisted|p1a: Dragonite
|-damage|p1a: Dragonite|81/100
|-damage|p1b: Sneasler|5/100
|-unboost|p1a: Dragonite|accuracy|1
|-unboost|p1b: Sneasler|accuracy|1
|-damage|p2b: Kingdra|91/100|[from] item: Life Orb
|-enditem|p1b: Sneasler|White Herb
|-clearnegativeboost|p1b: Sneasler|[silent]
|move|p1b: Sneasler|Close Combat|p2b: Kingdra
|-damage|p2b: Kingdra|16/100
|-unboost|p1b: Sneasler|def|1
|-unboost|p1b: Sneasler|spd|1
|
|-weather|RainDance|[upkeep]
|-heal|p1b: Sneasler|11/100|[from] Grassy Terrain
|-heal|p2b: Kingdra|22/100|[from] Grassy Terrain
|upkeep
|turn|3
|inactive|Retking has 30 seconds left.
|inactive|Glumshanks has 30 seconds left.
|
|t:|1756586530
|switch|p1a: Ninetales|Ninetales-Alola, L50, M, shiny|100/100
|-weather|Snowscape|[from] ability: Snow Warning|[of] p1a: Ninetales
|move|p1b: Sneasler|Protect|p1b: Sneasler
|-singleturn|p1b: Sneasler|Protect
|move|p2b: Kingdra|Protect|p2b: Kingdra
|-singleturn|p2b: Kingdra|Protect
|move|p2a: Pelipper|Tailwind|p2a: Pelipper
|-sidestart|p2: Glumshanks|move: Tailwind
|
|-weather|Snowscape|[upkeep]
|-heal|p1b: Sneasler|17/100|[from] Grassy Terrain
|-heal|p2b: Kingdra|28/100|[from] Grassy Terrain
|upkeep
|turn|4
|inactive|Glumshanks has 30 seconds left.
|
|t:|1756586556
|switch|p2b: Archaludon|Archaludon, L50, M|100/100
|move|p1b: Sneasler|Close Combat|p2a: Pelipper
|-resisted|p2a: Pelipper
|-damage|p2a: Pelipper|61/100
|-unboost|p1b: Sneasler|def|1
|-unboost|p1b: Sneasler|spd|1
|move|p2a: Pelipper|Weather Ball|p1b: Sneasler
|-damage|p1b: Sneasler|0 fnt
|faint|p1b: Sneasler
|move|p1a: Ninetales|Blizzard|p2a: Pelipper|[spread] p2a,p2b
|-crit|p2b: Archaludon
|-damage|p2a: Pelipper|3/100
|-damage|p2b: Archaludon|67/100
|-ability|p2b: Archaludon|Stamina|boost
|-boost|p2b: Archaludon|def|1
|
|-weather|Snowscape|[upkeep]
|-heal|p2b: Archaludon|73/100|[from] Grassy Terrain
|upkeep
|
|t:|1756586573
|switch|p1b: Gholdengo|Gholdengo, L50|18/100
|turn|5
|
|t:|1756586591
|move|p1b: Gholdengo|Protect|p1b: Gholdengo
|-singleturn|p1b: Gholdengo|Protect
|move|p2b: Archaludon|Flash Cannon|p1a: Ninetales
|-supereffective|p1a: Ninetales
|-crit|p1a: Ninetales
|-enditem|p1a: Ninetales|Focus Sash
|-damage|p1a: Ninetales|1/100
|move|p2a: Pelipper|Hurricane|p1b: Gholdengo
|-activate|p1b: Gholdengo|move: Protect
|move|p1a: Ninetales|Icy Wind|p2a: Pelipper|[spread] p2a,p2b
|-damage|p2a: Pelipper|0 fnt
|-damage|p2b: Archaludon|62/100
|-unboost|p2b: Archaludon|spe|1
|-ability|p2b: Archaludon|Stamina|boost
|-boost|p2b: Archaludon|def|1
|faint|p2a: Pelipper
|
|-weather|Snowscape|[upkeep]
|-heal|p1a: Ninetales|7/100|[from] Grassy Terrain
|-heal|p2b: Archaludon|69/100|[from] Grassy Terrain
|-heal|p1b: Gholdengo|24/100|[from] Grassy Terrain
|-fieldend|move: Grassy Terrain
|upkeep
|
|t:|1756586598
|switch|p2a: Rillaboom|Rillaboom, L50, F|100/100
|-fieldstart|move: Grassy Terrain|[from] ability: Grassy Surge|[of] p2a: Rillaboom
|turn|6
|inactive|Glumshanks has 30 seconds left.
|inactive|Glumshanks has 20 seconds left.
|
|t:|1756586634
|switch|p1a: Dragonite|Dragonite, L50, F|81/100
|move|p1b: Gholdengo|Protect||[still]
|-fail|p1b: Gholdengo
|move|p2a: Rillaboom|High Horsepower|p1b: Gholdengo|[miss]
|-miss|p2a: Rillaboom|p1b: Gholdengo
|move|p2b: Archaludon|Flash Cannon|p1a: Dragonite
|-damage|p1a: Dragonite|41/100
|
|-weather|Snowscape|[upkeep]
|-heal|p2b: Archaludon|75/100|[from] Grassy Terrain
|-heal|p1b: Gholdengo|31/100|[from] Grassy Terrain
|-sideend|p2: Glumshanks|move: Tailwind
|upkeep
|turn|7
|inactive|Retking has 30 seconds left.
|inactive|Retking has 20 seconds left.
|inactive|Glumshanks has 30 seconds left.
|inactive|Retking has 15 seconds left.
|inactive|Retking has 10 seconds left.
|inactive|Retking has 5 seconds left.
|
|t:|1756586689
|move|p2a: Rillaboom|Grassy Glide|p1b: Gholdengo
|-resisted|p1b: Gholdengo
|-damage|p1b: Gholdengo|12/100
|move|p1b: Gholdengo|Shadow Ball|p2b: Archaludon
|-damage|p2b: Archaludon|45/100
|-ability|p2b: Archaludon|Stamina|boost
|-boost|p2b: Archaludon|def|1
|move|p1a: Dragonite|Stomping Tantrum|p2b: Archaludon
|-supereffective|p2b: Archaludon
|-damage|p2b: Archaludon|28/100
|-ability|p2b: Archaludon|Stamina|boost
|-boost|p2b: Archaludon|def|1
|move|p2b: Archaludon|Draco Meteor|p1a: Dragonite
|-supereffective|p1a: Dragonite
|-damage|p1a: Dragonite|0 fnt
|-unboost|p2b: Archaludon|spa|2
|faint|p1a: Dragonite
|
|-weather|none
|-heal|p1b: Gholdengo|18/100|[from] Grassy Terrain
|-heal|p2b: Archaludon|34/100|[from] Grassy Terrain
|upkeep
|
|t:|1756586703
|switch|p1a: Ninetales|Ninetales-Alola, L50, M, shiny|7/100
|-weather|Snowscape|[from] ability: Snow Warning|[of] p1a: Ninetales
|turn|8
|inactive|Retking has 30 seconds left.
|inactive|Glumshanks has 30 seconds left.
|
|t:|1756586733
|move|p2a: Rillaboom|Grassy Glide|p1a: Ninetales
|-damage|p1a: Ninetales|0 fnt
|faint|p1a: Ninetales
|move|p1b: Gholdengo|Shadow Ball|p2b: Archaludon
|-damage|p2b: Archaludon|3/100
|-ability|p2b: Archaludon|Stamina|boost
|-boost|p2b: Archaludon|def|1
|move|p2b: Archaludon|Draco Meteor|p1b: Gholdengo
|-resisted|p1b: Gholdengo
|-damage|p1b: Gholdengo|4/100
|-unboost|p2b: Archaludon|spa|2
|
|-weather|Snowscape|[upkeep]
|-heal|p1b: Gholdengo|10/100|[from] Grassy Terrain
|-heal|p2b: Archaludon|9/100|[from] Grassy Terrain
|upkeep
|turn|9
|
|t:|1756586744
|move|p1b: Gholdengo|Protect|p1b: Gholdengo
|-singleturn|p1b: Gholdengo|Protect
|move|p2a: Rillaboom|Grassy Glide|p1b: Gholdengo
|-activate|p1b: Gholdengo|move: Protect
|move|p2b: Archaludon|Flash Cannon|p1b: Gholdengo
|-activate|p1b: Gholdengo|move: Protect
|
|-weather|Snowscape|[upkeep]
|-heal|p1b: Gholdengo|17/100|[from] Grassy Terrain
|-heal|p2b: Archaludon|15/100|[from] Grassy Terrain
|upkeep
|turn|10
|inactive|Retking has 30 seconds left.
|
|t:|1756586773
|move|p2a: Rillaboom|Grassy Glide|p1b: Gholdengo
|-resisted|p1b: Gholdengo
|-damage|p1b: Gholdengo|0 fnt
|faint|p1b: Gholdengo
|
|win|Glumshanks
