|j|☆farmingsim2421
|j|☆copicentrovgc
|html|farmingsim2421copicentrovgc    
|uhtml|bestof|Game 1 of a best-of-3
|t:|1756520919
|gametype|doubles
|player|p1|farmingsim2421|elesa|1139
|player|p2|copicentrovgc|265|1062
|gen|9
|tier|[Gen 9] VGC 2025 Reg H (Bo3)
|rated|
|rule|Species Clause: Limit one of each Pokémon
|rule|Item Clause: Limit 1 of each item
|clearpoke
|poke|p1|Archaludon, L50, F|
|poke|p1|Basculegion, L50, M|
|poke|p1|Pelipper, L50, M|
|poke|p1|Amoonguss, L50, M|
|poke|p1|Incineroar, L50, F|
|poke|p1|Gholdengo, L50|
|poke|p2|Garganacl, L50, M|
|poke|p2|Dondozo, L50, M|
|poke|p2|Sneasler, L50, F|
|poke|p2|Gholdengo, L50|
|poke|p2|Ninetales-Alola, L50, M|
|poke|p2|Incineroar, L50, F|
|teampreview|4
|showteam|p1|Archaludon||AssaultVest|Stamina|ElectroShot,BodyPress,FlashCannon,DracoMeteor|||F|||50|,,,,,Grass]Basculegion||LifeOrb|SwiftSwim|Protect,WaveCrash,AquaJet,LastRespects|||M|||50|,,,,,Dark]Pelipper||FocusSash|Drizzle|Hurricane,WeatherBall,Tailwind,Protect|||M|||50|,,,,,Ghost]Amoonguss||SitrusBerry|Regenerator|Spore,RagePowder,PollenPuff,BulletSeed|||M|||50|,,,,,Water]Incineroar||CovertCloak|Intimidate|FakeOut,FlareBlitz,KnockOff,PartingShot|||F|||50|,,,,,Flying]Gholdengo||MetalCoat|GoodasGold|NastyPlot,Protect,MakeItRain,ShadowBall||||||50|,,,,,Steel
|showteam|p2|Garganacl||MarangaBerry|PurifyingSalt|SaltCure,StealthRock,Protect,Recover|||M|||50|,,,,,Flying]Dondozo||Leftovers|Unaware|Liquidation,Yawn,Curse,Protect|||M|||50|,,,,,Poison]Sneasler||FocusSash|PoisonTouch|DireClaw,CloseCombat,Coaching,Protect|||F|||50|,,,,,Ghost]Gholdengo||ChoiceScarf|GoodasGold|MakeItRain,ShadowBall,Trick,PowerGem||||||50|,,,,,Steel]Ninetales-Alola||NeverMeltIce|SnowWarning|Blizzard,FreezeDry,Protect,AuroraVeil|||M|||50|,,,,,Ice]Incineroar||AssaultVest|Intimidate|FlareBlitz,KnockOff,FakeOut,Uturn|||F|||50|,,,,,Grass
|inactive|Battle timer is ON: inactive players will automatically lose when time's up. (requested by farmingsim2421)
|inactive|copicentrovgc has 60 seconds left.
|
|t:|1756521031
|teamsize|p1|4
|teamsize|p2|4
|start
|switch|p1a: RealWolfeyVGC|Incineroar, L50, F|100/100
|switch|p1b: Acid|Amoonguss, L50, M|100/100
|switch|p2a: Incineroar|Incineroar, L50, F|100/100
|switch|p2b: Sneasler|Sneasler, L50, F|100/100
|-ability|p1a: RealWolfeyVGC|Intimidate|boost
|-unboost|p2a: Incineroar|atk|1
|-unboost|p2b: Sneasler|atk|1
|-ability|p2a: Incineroar|Intimidate|boost
|-unboost|p1a: RealWolfeyVGC|atk|1
|-unboost|p1b: Acid|atk|1
|turn|1
|inactive|farmingsim2421 has 30 seconds left.
|inactive|farmingsim2421 has 20 seconds left.
|inactive|farmingsim2421 has 15 seconds left.
|
|t:|1756521071
|switch|p1b: Dead Fish|Basculegion, L50, M|100/100
|-terastallize|p1a: RealWolfeyVGC|Flying
|move|p2b: Sneasler|Protect|p2b: Sneasler
|-singleturn|p2b: Sneasler|Protect
|move|p1a: RealWolfeyVGC|Flare Blitz|p2b: Sneasler
|-activate|p2b: Sneasler|move: Protect
|move|p2a: Incineroar|U-turn|p1b: Dead Fish
|-resisted|p1b: Dead Fish
|-damage|p1b: Dead Fish|91/100
|inactive|copicentrovgc has 30 seconds left.
|inactive|copicentrovgc has 20 seconds left.
|
|t:|1756521108
|switch|p2a: Dondozo|Dondozo, L50, M|100/100|[from] U-turn
|
|upkeep
|turn|2
|inactive|copicentrovgc has 30 seconds left.
|
|t:|1756521138
|move|p1b: Dead Fish|Aqua Jet|p2b: Sneasler
|-damage|p2b: Sneasler|53/100
|-damage|p1b: Dead Fish|82/100|[from] item: Life Orb
|move|p2b: Sneasler|Dire Claw|p1b: Dead Fish
|-resisted|p1b: Dead Fish
|-damage|p1b: Dead Fish|62/100
|-status|p1b: Dead Fish|par
|move|p1a: RealWolfeyVGC|Knock Off|p2a: Dondozo
|-damage|p2a: Dondozo|73/100
|-enditem|p2a: Dondozo|Leftovers|[from] move: Knock Off|[of] p1a: RealWolfeyVGC
|move|p2a: Dondozo|Curse|p2a: Dondozo
|-unboost|p2a: Dondozo|spe|1
|-boost|p2a: Dondozo|atk|1
|-boost|p2a: Dondozo|def|1
|
|upkeep
|turn|3
|inactive|farmingsim2421 has 30 seconds left.
|
|t:|1756521166
|move|p2b: Sneasler|Dire Claw|p1a: RealWolfeyVGC
|-damage|p1a: RealWolfeyVGC|70/100
|move|p1a: RealWolfeyVGC|Parting Shot|p2a: Dondozo
|-unboost|p2a: Dondozo|atk|1
|-unboost|p2a: Dondozo|spa|1
|
|t:|1756521175
|switch|p1a: Wingman|Pelipper, L50, M, shiny|100/100|[from] Parting Shot
|-weather|RainDance|[from] ability: Drizzle|[of] p1a: Wingman
|cant|p1b: Dead Fish|par
|move|p2a: Dondozo|Liquidation|p1a: Wingman
|-resisted|p1a: Wingman
|-damage|p1a: Wingman|64/100
|-unboost|p1a: Wingman|def|1
|
|-weather|RainDance|[upkeep]
|upkeep
|turn|4
|
|t:|1756521191
|move|p1b: Dead Fish|Aqua Jet|p2b: Sneasler
|-damage|p2b: Sneasler|0 fnt
|faint|p2b: Sneasler
|-damage|p1b: Dead Fish|52/100 par|[from] item: Life Orb
|move|p1a: Wingman|Hurricane|p2a: Dondozo
|-damage|p2a: Dondozo|40/100
|move|p2a: Dondozo|Liquidation|p1a: Wingman
|-resisted|p1a: Wingman
|-damage|p1a: Wingman|31/100
|
|-weather|RainDance|[upkeep]
|upkeep
|
|t:|1756521206
|switch|p2b: Gholdengo|Gholdengo, L50|100/100
|turn|5
|inactive|copicentrovgc has 30 seconds left.
|inactive|copicentrovgc has 20 seconds left.
|
|t:|1756521242
|-terastallize|p2b: Gholdengo|Steel
|move|p1b: Dead Fish|Protect|p1b: Dead Fish
|-singleturn|p1b: Dead Fish|Protect
|move|p2b: Gholdengo|Make It Rain|p1a: Wingman|[spread] p1a
|-activate|p1b: Dead Fish|move: Protect
|-resisted|p1a: Wingman
|-damage|p1a: Wingman|0 fnt
|-unboost|p2b: Gholdengo|spa|1
|faint|p1a: Wingman
|move|p2a: Dondozo|Liquidation|p1b: Dead Fish
|-activate|p1b: Dead Fish|move: Protect
|
|-weather|RainDance|[upkeep]
|upkeep
|
|t:|1756521261
|switch|p1a: RealWolfeyVGC|Incineroar, L50, F, tera:Flying|70/100
|-ability|p1a: RealWolfeyVGC|Intimidate|boost
|-unboost|p2a: Dondozo|atk|1
|-unboost|p2b: Gholdengo|atk|1
|turn|6
|inactive|farmingsim2421 has 30 seconds left.
|
|t:|1756521293
|switch|p2b: Incineroar|Incineroar, L50, F|100/100
|-ability|p2b: Incineroar|Intimidate|boost
|-unboost|p1a: RealWolfeyVGC|atk|1
|-unboost|p1b: Dead Fish|atk|1
|move|p2a: Dondozo|Protect|p2a: Dondozo
|-singleturn|p2a: Dondozo|Protect
|move|p1b: Dead Fish|Wave Crash|p2a: Dondozo
|-activate|p2a: Dondozo|move: Protect
|move|p1a: RealWolfeyVGC|Parting Shot|p2b: Incineroar
|-unboost|p2b: Incineroar|atk|1
|-unboost|p2b: Incineroar|spa|1
|
|t:|1756521305
|switch|p1a: Acid|Amoonguss, L50, M|100/100|[from] Parting Shot
|
|-weather|RainDance|[upkeep]
|upkeep
|turn|7
|inactive|copicentrovgc has 30 seconds left.
|
|t:|1756521334
|switch|p1a: RealWolfeyVGC|Incineroar, L50, F, tera:Flying|70/100
|-ability|p1a: RealWolfeyVGC|Intimidate|boost
|-unboost|p2a: Dondozo|atk|1
|-unboost|p2b: Incineroar|atk|1
|move|p1b: Dead Fish|Wave Crash|p2b: Incineroar
|-supereffective|p2b: Incineroar
|-damage|p2b: Incineroar|0 fnt
|faint|p2b: Incineroar
|-damage|p1b: Dead Fish|19/100 par|[from] Recoil
|-damage|p1b: Dead Fish|10/100 par|[from] item: Life Orb
|move|p2a: Dondozo|Yawn|p1a: RealWolfeyVGC
|-start|p1a: RealWolfeyVGC|move: Yawn|[of] p2a: Dondozo
|
|-weather|none
|upkeep
|
|t:|1756521349
|switch|p2b: Gholdengo|Gholdengo, L50, tera:Steel|100/100
|turn|8
|
|t:|1756521376
|move|p2b: Gholdengo|Make It Rain|p1b: Dead Fish|[spread] p1a,p1b
|-resisted|p1b: Dead Fish
|-damage|p1a: RealWolfeyVGC|8/100
|-damage|p1b: Dead Fish|0 fnt
|-unboost|p2b: Gholdengo|spa|1
|faint|p1b: Dead Fish
|move|p1a: RealWolfeyVGC|Flare Blitz|p2b: Gholdengo
|-supereffective|p2b: Gholdengo
|-damage|p2b: Gholdengo|0 fnt
|faint|p2b: Gholdengo
|-damage|p1a: RealWolfeyVGC|0 fnt|[from] Recoil
|faint|p1a: RealWolfeyVGC
|move|p2a: Dondozo|Liquidation|p1: RealWolfeyVGC|[notarget]
|-fail|p2a: Dondozo
|
|upkeep
|
|t:|1756521390
|switch|p1b: Acid|Amoonguss, L50, M|100/100
|turn|9
|
|t:|1756521399
|move|p1b: Acid|Spore|p2a: Dondozo
|-status|p2a: Dondozo|slp|[from] move: Spore
|cant|p2a: Dondozo|slp
|
|upkeep
|turn|10
|
|t:|1756521404
|move|p1b: Acid|Bullet Seed|p2a: Dondozo
|-supereffective|p2a: Dondozo
|-damage|p2a: Dondozo|33/100 slp
|-supereffective|p2a: Dondozo
|-damage|p2a: Dondozo|26/100 slp
|-supereffective|p2a: Dondozo
|-damage|p2a: Dondozo|19/100 slp
|-hitcount|p2a: Dondozo|3
|cant|p2a: Dondozo|slp
|
|upkeep
|turn|11
|
|t:|1756521412
|cant|p2a: Dondozo|slp
|move|p1b: Acid|Bullet Seed|p2a: Dondozo
|-supereffective|p2a: Dondozo
|-damage|p2a: Dondozo|11/100 slp
|-supereffective|p2a: Dondozo
|-damage|p2a: Dondozo|6/100 slp
|-supereffective|p2a: Dondozo
|-damage|p2a: Dondozo|0 fnt
|faint|p2a: Dondozo
|-hitcount|p2: Dondozo|3
|
|win|farmingsim2421
||copicentrovgc is ready for game 2.
||farmingsim2421 is ready for game 2.
|uhtml|next|Next: Game 2 of 3
|l|☆farmingsim2421
|player|p1|
