|j|☆lazarett
|j|☆robby w
|html|lazarettrobby w    
|uhtml|bestof|Game 1 of a best-of-3
|t:|1756652739
|gametype|doubles
|player|p1|lazarett|riley|1244
|player|p2|robby w|pokefan-gen4|1312
|gen|9
|tier|[Gen 9] VGC 2025 Reg H (Bo3)
|rated|
|rule|Species Clause: Limit one of each Pokémon
|rule|Item Clause: Limit 1 of each item
|clearpoke
|poke|p1|Ninetales-Alola, L50, F|
|poke|p1|Arcanine-Hisui, L50, M|
|poke|p1|Dragonite, L50, F|
|poke|p1|Ursaluna-Bloodmoon, L50, M|
|poke|p1|Gholdengo, L50|
|poke|p1|Kingambit, L50, F|
|poke|p2|Dondozo, L50, F|
|poke|p2|Tatsugiri, L50, F|
|poke|p2|Sneasler, L50, M|
|poke|p2|Indeedee, L50, M|
|poke|p2|Whimsicott, L50, F|
|poke|p2|Hydreigon, L50, F|
|teampreview|4
|showteam|p1|Ninetales-Alola||FocusSash|SnowWarning|Blizzard,IcyWind,AuroraVeil,Protect|||F|||50|,,,,,Ghost]Arcanine-Hisui||ClearAmulet|Intimidate|ExtremeSpeed,FlareBlitz,RockSlide,Protect|||M|||50|,,,,,Water]Dragonite||LoadedDice|Multiscale|ScaleShot,IceSpinner,Tailwind,Protect|||F|||50|,,,,,Steel]Ursaluna-Bloodmoon||AssaultVest|MindsEye|VacuumWave,BloodMoon,HyperVoice,EarthPower|||M|||50|,,,,,Water]Gholdengo||MetalCoat|GoodasGold|MakeItRain,ShadowBall,NastyPlot,Protect||||||50|,,,,,Dragon]Kingambit||BlackGlasses|Defiant|SuckerPunch,KowtowCleave,SwordsDance,Protect|||F|||50|,,,,,Dark
|showteam|p2|Dondozo||Leftovers|Unaware|Protect,WaveCrash,Earthquake,OrderUp|||F|||50|,,,,,Grass]Tatsugiri||ChoiceScarf|Commander|DragonPulse,IcyWind,DracoMeteor,MuddyWater|||F|||50|,,,,,Stellar]Sneasler||PsychicSeed|Unburden|DireClaw,CloseCombat,Protect,ThroatChop|||M|||50|,,,,,Dark]Indeedee||FocusSash|PsychicSurge|DazzlingGleam,HelpingHand,ExpandingForce,Protect|||M|||50|,,,,,Fairy]Whimsicott||CovertCloak|Prankster|Tailwind,Moonblast,Encore,SunnyDay|||F|||50|,,,,,Dark]Hydreigon||ChoiceSpecs|Levitate|HeatWave,Snarl,DarkPulse,DracoMeteor|||F|||50|,,,,,Steel
|inactive|Battle timer is ON: inactive players will automatically lose when time's up. (requested by robby w)
|
|t:|1756652795
|teamsize|p1|4
|teamsize|p2|4
|start
|switch|p1a: Dragonite|Dragonite, L50, F|100/100
|switch|p1b: Arcanine|Arcanine-Hisui, L50, M|100/100
|switch|p2a: Dondozo|Dondozo, L50, F, shiny|100/100
|switch|p2b: Sneasler|Sneasler, L50, M|100/100
|-ability|p1b: Arcanine|Intimidate|boost
|-unboost|p2a: Dondozo|atk|1
|-unboost|p2b: Sneasler|atk|1
|turn|1
|inactive|robby w has 30 seconds left.
|
|t:|1756652820
|switch|p1b: Gholdengo|Gholdengo, L50|100/100
|move|p2b: Sneasler|Protect|p2b: Sneasler
|-singleturn|p2b: Sneasler|Protect
|move|p2a: Dondozo|Protect|p2a: Dondozo
|-singleturn|p2a: Dondozo|Protect
|move|p1a: Dragonite|Scale Shot|p2b: Sneasler
|-activate|p2b: Sneasler|move: Protect
|
|upkeep
|turn|2
|inactive|lazarett has 30 seconds left.
|
|t:|1756652846
|switch|p2b: Tatsugiri|Tatsugiri, L50, F|100/100
|-activate|p2b: Tatsugiri|ability: Commander|[of] p2a: Dondozo
|-boost|p2a: Dondozo|atk|2
|-boost|p2a: Dondozo|spa|2
|-boost|p2a: Dondozo|spe|2
|-boost|p2a: Dondozo|def|2
|-boost|p2a: Dondozo|spd|2
|switch|p1b: Arcanine|Arcanine-Hisui, L50, M|100/100
|-ability|p1b: Arcanine|Intimidate|boost
|-unboost|p2a: Dondozo|atk|1
|-unboost|p2b: Tatsugiri|atk|1
|move|p2a: Dondozo|Order Up|p1a: Dragonite
|-supereffective|p1a: Dragonite
|-damage|p1a: Dragonite|71/100
|-boost|p2a: Dondozo|atk|1
|move|p1a: Dragonite|Scale Shot|p2a: Dondozo
|-damage|p2a: Dondozo|95/100
|-damage|p2a: Dondozo|90/100
|-damage|p2a: Dondozo|85/100
|-damage|p2a: Dondozo|79/100
|-damage|p2a: Dondozo|73/100
|-hitcount|p2a: Dondozo|5
|-unboost|p1a: Dragonite|def|1
|-boost|p1a: Dragonite|spe|1
|
|-heal|p2a: Dondozo|79/100|[from] item: Leftovers
|upkeep
|turn|3
|inactive|lazarett has 30 seconds left.
|inactive|robby w has 30 seconds left.
|inactive|lazarett has 20 seconds left.
|inactive|lazarett has 15 seconds left.
|inactive|robby w has 20 seconds left.
|inactive|lazarett has 10 seconds left.
|
|t:|1756652896
|-terastallize|p1a: Dragonite|Steel
|move|p1a: Dragonite|Tailwind|p1a: Dragonite
|-sidestart|p1: lazarett|move: Tailwind
|move|p1b: Arcanine|Rock Slide|p2b: Tatsugiri|[spread] p2a
|-miss|p1b: Arcanine|p2b: Tatsugiri
|-damage|p2a: Dondozo|69/100
|move|p2a: Dondozo|Order Up|p1a: Dragonite
|-resisted|p1a: Dragonite
|-damage|p1a: Dragonite|49/100
|-boost|p2a: Dondozo|atk|1
|
|-heal|p2a: Dondozo|75/100|[from] item: Leftovers
|upkeep
|turn|4
|inactive|lazarett has 30 seconds left.
|
|t:|1756652925
|move|p1a: Dragonite|Scale Shot|p2a: Dondozo
|-damage|p2a: Dondozo|69/100
|-damage|p2a: Dondozo|63/100
|-damage|p2a: Dondozo|58/100
|-damage|p2a: Dondozo|53/100
|-damage|p2a: Dondozo|47/100
|-hitcount|p2a: Dondozo|5
|-unboost|p1a: Dragonite|def|1
|-boost|p1a: Dragonite|spe|1
|move|p1b: Arcanine|Rock Slide|p2a: Dondozo|[spread] p2a
|-miss|p1b: Arcanine|p2b: Tatsugiri
|-damage|p2a: Dondozo|37/100
|cant|p2a: Dondozo|flinch
|
|-heal|p2a: Dondozo|43/100|[from] item: Leftovers
|upkeep
|turn|5
|
|t:|1756652946
|move|p2a: Dondozo|Protect|p2a: Dondozo
|-singleturn|p2a: Dondozo|Protect
|move|p1a: Dragonite|Scale Shot|p2a: Dondozo
|-activate|p2a: Dondozo|move: Protect
|move|p1b: Arcanine|Rock Slide|p2a: Dondozo|[spread] 
|-miss|p1b: Arcanine|p2b: Tatsugiri
|-activate|p2a: Dondozo|move: Protect
|
|-heal|p2a: Dondozo|49/100|[from] item: Leftovers
|upkeep
|turn|6
|
|t:|1756652958
|move|p1a: Dragonite|Scale Shot|p2a: Dondozo
|-damage|p2a: Dondozo|44/100
|-damage|p2a: Dondozo|38/100
|-damage|p2a: Dondozo|33/100
|-damage|p2a: Dondozo|27/100
|-damage|p2a: Dondozo|21/100
|-hitcount|p2a: Dondozo|5
|-unboost|p1a: Dragonite|def|1
|-boost|p1a: Dragonite|spe|1
|move|p1b: Arcanine|Rock Slide|p2a: Dondozo|[spread] p2a
|-miss|p1b: Arcanine|p2b: Tatsugiri
|-damage|p2a: Dondozo|10/100
|move|p2a: Dondozo|Earthquake|p1b: Arcanine|[spread] p1a,p1b
|-miss|p2a: Dondozo|p2b: Tatsugiri
|-supereffective|p1a: Dragonite
|-supereffective|p1b: Arcanine
|-damage|p1a: Dragonite|0 fnt
|-damage|p1b: Arcanine|0 fnt
|faint|p1a: Dragonite
|faint|p1b: Arcanine
|
|-heal|p2a: Dondozo|16/100|[from] item: Leftovers
|-sideend|p1: lazarett|move: Tailwind
|upkeep
|
|t:|1756652982
|switch|p1b: Il Brasiliano|Ursaluna-Bloodmoon, L50, M|100/100
|switch|p1a: Gholdengo|Gholdengo, L50|100/100
|turn|7
|-message|lazarett forfeited.
|
|win|robby w
||robby w is ready for game 2.
||lazarett is ready for game 2.
|uhtml|next|Next: Game 2 of 3
