|j|☆aaronballs
|j|☆KodeBeast0526
|html|aaronballsKodeBeast0526    
|uhtml|bestof|Game 2 of a best-of-3
|t:|1784767817
|gametype|doubles
|player|p1|aaronballs|266|1039
|player|p2|KodeBeast0526|hiker|1082
|gen|9
|tier|[Gen 9 Champions] VGC 2026 Reg M-B (Bo3)
|rated|
|rule|Species Clause: Limit one of each Pokémon
|rule|Item Clause: Limit 1 of each item
|clearpoke
|poke|p1|Lopunny, L50, M|
|poke|p1|Talonflame, L50, F|
|poke|p1|Basculegion, L50, M|
|poke|p1|Gholdengo, L50|
|poke|p1|Raichu, L50, F|
|poke|p1|Whimsicott, L50, M|
|poke|p2|Aerodactyl, L50, M|
|poke|p2|Kingambit, L50, M|
|poke|p2|Sylveon, L50, M|
|poke|p2|Garchomp, L50, M|
|poke|p2|Charizard, L50, M|
|poke|p2|Farigiraf, L50, M, shiny|
|teampreview|4
|showteam|p1|Lopunny||Lopunnite|CuteCharm|FakeOut,CloseCombat,Encore,GigaImpact|Adamant||M|||50|]Talonflame||SharpBeak|GaleWings|BraveBird,Tailwind,Protect,FlareBlitz|Adamant||F|||50|]Basculegion||MysticWater|Adaptability|WaveCrash,LastRespects,AquaJet,Protect|Adamant||M|||50|]Gholdengo||LifeOrb|GoodasGold|NastyPlot,Protect,MakeItRain,ShadowBall|Modest|||||50|]Raichu||RaichuniteY|Static|ZapCannon,FocusBlast,FakeOut,Protect|Modest||F|||50|]Whimsicott||FocusSash|Prankster|Encore,Tailwind,Moonblast,Protect|Modest||M|||50|
|showteam|p2|Aerodactyl||Aerodactylite|Unnerve|RockSlide,IceFang,Tailwind,WideGuard|Jolly||M|||50|]Kingambit||FocusSash|Defiant|KowtowCleave,SuckerPunch,IronHead,LowKick|Adamant||M|||50|]Sylveon||FairyFeather|Pixilate|Detect,HyperVoice,HyperBeam,QuickAttack|Modest||M|||50|]Garchomp||LifeOrb|RoughSkin|Earthquake,DragonClaw,StompingTantrum,Protect|Jolly||M|||50|]Charizard||CharizarditeY|Blaze|Protect,HeatWave,SolarBeam,WeatherBall|Modest||M|||50|]Farigiraf||SitrusBerry|ArmorTail|Thunderbolt,PsychicNoise,TrickRoom,HelpingHand|Bold||M|||50|
|
|t:|1784767883
|teamsize|p1|4
|teamsize|p2|4
|start
|switch|p1a: Raichu|Raichu, L50, F|100/100
|switch|p1b: Whimsicott|Whimsicott, L50, M|100/100
|switch|p2a: Aerodactyl|Aerodactyl, L50, M|100/100
|switch|p2b: Farigiraf|Farigiraf, L50, M, shiny|100/100
|-ability|p2a: Aerodactyl|Unnerve
|turn|1
|
|t:|1784767926
|switch|p2a: Kingambit|Kingambit, L50, M|100/100
|detailschange|p1a: Raichu|Raichu-Mega-Y, L50, F
|-mega|p1a: Raichu|Raichu|Raichunite Y
|move|p1b: Whimsicott|Moonblast|p2b: Farigiraf
|-damage|p2b: Farigiraf|61/100
|move|p1a: Raichu|Zap Cannon|p2b: Farigiraf
|-damage|p2b: Farigiraf|0 fnt
|faint|p2b: Farigiraf
|
|upkeep
|
|t:|1784767938
|switch|p2b: Aerodactyl|Aerodactyl, L50, M|100/100
|-ability|p2b: Aerodactyl|Unnerve
|turn|2
|
|t:|1784767978
|detailschange|p2b: Aerodactyl|Aerodactyl-Mega, L50, M
|-mega|p2b: Aerodactyl|Aerodactyl|Aerodactylite
|move|p1b: Whimsicott|Tailwind|p1b: Whimsicott
|-sidestart|p1: aaronballs|move: Tailwind
|move|p1a: Raichu|Zap Cannon|p2b: Aerodactyl
|-supereffective|p2b: Aerodactyl|1
|-damage|p2b: Aerodactyl|0 fnt
|faint|p2b: Aerodactyl
|move|p2a: Kingambit|Kowtow Cleave|p1a: Raichu
|-damage|p1a: Raichu|22/100
|
|upkeep
|
|t:|1784767987
|switch|p2b: Sylveon|Sylveon, L50, M|100/100
|turn|3
|
|t:|1784767999
|move|p2b: Sylveon|Quick Attack|p1a: Raichu
|-damage|p1a: Raichu|3/100
|move|p1b: Whimsicott|Moonblast|p2a: Kingambit
|-damage|p2a: Kingambit|56/100
|move|p1a: Raichu|Focus Blast|p2a: Kingambit
|-supereffective|p2a: Kingambit|2
|-damage|p2a: Kingambit|0 fnt
|faint|p2a: Kingambit
|
|upkeep
|turn|4
|
|t:|1784768014
|move|p1a: Raichu|Protect|p1a: Raichu
|-singleturn|p1a: Raichu|Protect
|move|p1b: Whimsicott|Encore|p2b: Sylveon
|-start|p2b: Sylveon|Encore
|move|p2b: Sylveon|Quick Attack|p1b: Whimsicott
|-damage|p1b: Whimsicott|79/100
|
|upkeep
|turn|5
|
|t:|1784768027
|move|p2b: Sylveon|Quick Attack|p1a: Raichu
|-damage|p1a: Raichu|0 fnt
|faint|p1a: Raichu
|move|p1b: Whimsicott|Moonblast|p2b: Sylveon
|-damage|p2b: Sylveon|71/100
|
|-sideend|p1: aaronballs|move: Tailwind
|upkeep
|
|t:|1784768033
|switch|p1a: Gholdengo|Gholdengo, L50|100/100
|turn|6
|
|t:|1784768037
|move|p2b: Sylveon|Quick Attack|p1a: Gholdengo
|-resisted|p1a: Gholdengo|1
|-damage|p1a: Gholdengo|93/100
|move|p1b: Whimsicott|Moonblast|p2b: Sylveon
|-damage|p2b: Sylveon|40/100
|move|p1a: Gholdengo|Make It Rain|p2b: Sylveon
|-supereffective|p2b: Sylveon|1
|-damage|p2b: Sylveon|0 fnt
|-unboost|p1a: Gholdengo|spa|2
|faint|p2b: Sylveon
|-damage|p1a: Gholdengo|83/100|[from] item: Life Orb
|
|win|aaronballs
