|j|☆Urkin' Pincurchin
|j|☆Retking
|html|Urkin' PincurchinRetking    
|uhtml|bestof|Game 1 of a best-of-3
|t:|1756690343
|gametype|doubles
|player|p1|Urkin' Pincurchin|fisherman-gen4|1334
|player|p2|Retking|n|1248
|gen|9
|tier|[Gen 9] VGC 2025 Reg H (Bo3)
|rated|
|rule|Species Clause: Limit one of each Pokémon
|rule|Item Clause: Limit 1 of each item
|clearpoke
|poke|p1|Dragonite, L50, M|
|poke|p1|Rillaboom, L50, M|
|poke|p1|Maushold-Four, L50|
|poke|p1|Annihilape, L50, M|
|poke|p1|Gholdengo, L50|
|poke|p1|Ursaluna-Bloodmoon, L50, M|
|poke|p2|Gholdengo, L50|
|poke|p2|Sneasler, L50, M|
|poke|p2|Rillaboom, L50, F|
|poke|p2|Dragonite, L50, F|
|poke|p2|Ninetales-Alola, L50, M|
|poke|p2|Arcanine-Hisui, L50, F|
|teampreview|4
|showteam|p1|Dragonite||LoadedDice|Multiscale|ScaleShot,Tailwind,Protect,Haze|||M|||50|,,,,,Fairy]Rillaboom||MiracleSeed|GrassySurge|WoodHammer,GrassyGlide,HighHorsepower,FakeOut|||M|||50|,,,,,Fire]Maushold-Four||FocusSash|FriendGuard|SuperFang,BeatUp,Protect,FollowMe||||||50|,,,,,Ghost]Annihilape||SitrusBerry|Defiant|RageFist,DrainPunch,BulkUp,Protect|||M|||50|,,,,,Fire]Gholdengo||LifeOrb|GoodasGold|MakeItRain,ShadowBall,Protect,NastyPlot||||||50|,,,,,Water]Ursaluna-Bloodmoon||AssaultVest|MindsEye|BloodMoon,EarthPower,HyperVoice,VacuumWave|||M|||50|,,,,,Water
|showteam|p2|Gholdengo||GrassySeed|GoodasGold|NastyPlot,MakeItRain,ShadowBall,Protect||||||50|,,,,,Water]Sneasler||WhiteHerb|Unburden|CloseCombat,DireClaw,Coaching,Protect|||M|||50|,,,,,Ghost]Rillaboom||AssaultVest|GrassySurge|FakeOut,GrassyGlide,DrumBeating,HighHorsepower|||F|||50|,,,,,Fire]Dragonite||LoadedDice|Multiscale|ScaleShot,StompingTantrum,Tailwind,Protect|||F|||50|,,,,,Ground]Ninetales-Alola||FocusSash|SnowWarning|Blizzard,IcyWind,Encore,AuroraVeil|||M|||50|,,,,,Ghost]Arcanine-Hisui||ClearAmulet|Intimidate|RockSlide,FlareBlitz,ExtremeSpeed,Protect|||F|||50|,,,,,Water
|inactive|Battle timer is ON: inactive players will automatically lose when time's up. (requested by Retking)
|inactive|Urkin' Pincurchin also wants the timer to be on.
|inactive|Urkin' Pincurchin has 60 seconds left.
|inactive|Retking has 60 seconds left.
|inactive|Retking has 30 seconds left.
|
|t:|1756690409
|teamsize|p1|4
|teamsize|p2|4
|start
|switch|p1a: Maushold|Maushold-Four, L50|100/100
|switch|p1b: Gholdengo|Gholdengo, L50|100/100
|switch|p2a: Gholdengo|Gholdengo, L50|100/100
|switch|p2b: Ninetales|Ninetales-Alola, L50, M, shiny|100/100
|-weather|Snowscape|[from] ability: Snow Warning|[of] p2b: Ninetales
|turn|1
|inactive|Urkin' Pincurchin has 30 seconds left.
|inactive|Retking has 30 seconds left.
|inactive|Urkin' Pincurchin has 20 seconds left.
|inactive|Urkin' Pincurchin has 15 seconds left.
|
|t:|1756690452
|switch|p1b: Annihilape|Annihilape, L50, M|100/100
|-terastallize|p2a: Gholdengo|Water
|move|p1a: Maushold|Beat Up|p1b: Annihilape
|-damage|p1b: Annihilape|99/100
|-damage|p1b: Annihilape|97/100
|-damage|p1b: Annihilape|96/100
|-damage|p1b: Annihilape|94/100
|-hitcount|p1b: Annihilape|4
|move|p2b: Ninetales|Aurora Veil|p2b: Ninetales
|-sidestart|p2: Retking|move: Aurora Veil
|move|p2a: Gholdengo|Nasty Plot|p2a: Gholdengo
|-boost|p2a: Gholdengo|spa|2
|
|-weather|Snowscape|[upkeep]
|upkeep
|turn|2
|inactive|Retking has 30 seconds left.
|inactive|Retking has 20 seconds left.
|inactive|Retking has 15 seconds left.
|inactive|Retking has 10 seconds left.
|inactive|Retking has 5 seconds left.
|
|t:|1756690507
|-terastallize|p1b: Annihilape|Fire
|move|p1a: Maushold|Protect|p1a: Maushold
|-singleturn|p1a: Maushold|Protect
|move|p2b: Ninetales|Blizzard|p1a: Maushold|[spread] p1b
|-activate|p1a: Maushold|move: Protect
|-resisted|p1b: Annihilape
|-damage|p1b: Annihilape|83/100
|move|p1b: Annihilape|Rage Fist|p2a: Gholdengo
|-damage|p2a: Gholdengo|19/100
|move|p2a: Gholdengo|Nasty Plot|p2a: Gholdengo
|-boost|p2a: Gholdengo|spa|2
|
|-weather|Snowscape|[upkeep]
|upkeep
|turn|3
|
|t:|1756690523
|move|p1a: Maushold|Follow Me|p1a: Maushold
|-singleturn|p1a: Maushold|move: Follow Me
|move|p2b: Ninetales|Icy Wind|p1a: Maushold|[spread] p1a,p1b
|-resisted|p1b: Annihilape
|-damage|p1a: Maushold|80/100
|-damage|p1b: Annihilape|78/100
|-unboost|p1a: Maushold|spe|1
|-unboost|p1b: Annihilape|spe|1
|-ability|p1b: Annihilape|Defiant|boost
|-boost|p1b: Annihilape|atk|2
|move|p2a: Gholdengo|Make It Rain|p1a: Maushold|[spread] p1a,p1b
|-crit|p1a: Maushold
|-resisted|p1b: Annihilape
|-damage|p1a: Maushold|0 fnt
|-damage|p1b: Annihilape|32/100
|-unboost|p2a: Gholdengo|spa|1
|-enditem|p1b: Annihilape|Sitrus Berry|[eat]
|-heal|p1b: Annihilape|57/100|[from] item: Sitrus Berry
|faint|p1a: Maushold
|move|p1b: Annihilape|Rage Fist|p2a: Gholdengo
|-damage|p2a: Gholdengo|0 fnt
|faint|p2a: Gholdengo
|
|-weather|Snowscape|[upkeep]
|upkeep
|
|t:|1756690540
|switch|p1a: Gholdengo|Gholdengo, L50|100/100
|switch|p2a: Sneasler|Sneasler, L50, M|100/100
|turn|4
|
|t:|1756690547
|move|p2b: Ninetales|Blizzard|p1b: Annihilape|[spread] p1a,p1b
|-resisted|p1a: Gholdengo
|-resisted|p1b: Annihilape
|-damage|p1a: Gholdengo|83/100
|-damage|p1b: Annihilape|43/100
|move|p2a: Sneasler|Close Combat|p1b: Annihilape
|-damage|p1b: Annihilape|0 fnt
|-unboost|p2a: Sneasler|def|1
|-unboost|p2a: Sneasler|spd|1
|faint|p1b: Annihilape
|-enditem|p2a: Sneasler|White Herb
|-clearnegativeboost|p2a: Sneasler|[silent]
|move|p1a: Gholdengo|Make It Rain|p2a: Sneasler|[spread] p2a,p2b
|-supereffective|p2b: Ninetales
|-damage|p2a: Sneasler|47/100
|-enditem|p2b: Ninetales|Focus Sash
|-damage|p2b: Ninetales|1/100
|-unboost|p1a: Gholdengo|spa|1
|-damage|p1a: Gholdengo|73/100|[from] item: Life Orb
|
|-weather|Snowscape|[upkeep]
|upkeep
|
|t:|1756690549
|switch|p1b: Dragonite|Dragonite, L50, M|100/100
|turn|5
|
|t:|1756690564
|switch|p2b: Rillaboom|Rillaboom, L50, F|100/100
|-fieldstart|move: Grassy Terrain|[from] ability: Grassy Surge|[of] p2b: Rillaboom
|move|p2a: Sneasler|Protect|p2a: Sneasler
|-singleturn|p2a: Sneasler|Protect
|move|p1b: Dragonite|Protect|p1b: Dragonite
|-singleturn|p1b: Dragonite|Protect
|move|p1a: Gholdengo|Nasty Plot|p1a: Gholdengo
|-boost|p1a: Gholdengo|spa|2
|
|-weather|none
|-heal|p2a: Sneasler|54/100|[from] Grassy Terrain
|-heal|p1a: Gholdengo|79/100|[from] Grassy Terrain
|-sideend|p2: Retking|move: Aurora Veil
|upkeep
|turn|6
|inactive|Retking has 30 seconds left.
|inactive|Retking has 20 seconds left.
|inactive|Retking has 15 seconds left.
|
|t:|1756690605
|move|p2a: Sneasler|Coaching|p2b: Rillaboom
|-boost|p2b: Rillaboom|atk|1
|-boost|p2b: Rillaboom|def|1
|move|p2b: Rillaboom|High Horsepower|p1a: Gholdengo
|-supereffective|p1a: Gholdengo
|-damage|p1a: Gholdengo|0 fnt
|faint|p1a: Gholdengo
|move|p1b: Dragonite|Tailwind|p1b: Dragonite
|-sidestart|p1: Urkin' Pincurchin|move: Tailwind
|
|-heal|p2a: Sneasler|60/100|[from] Grassy Terrain
|upkeep
|turn|7
|-message|Urkin' Pincurchin forfeited.
|
|win|Retking
||Urkin' Pincurchin is ready for game 2.
