|j|☆CalliopeOKBH
|j|☆gonnatortureyou
|html|CalliopeOKBHgonnatortureyou    
|uhtml|bestof|Game 3 of a best-of-3
|t:|1757200868
|gametype|doubles
|player|p1|CalliopeOKBH|zinnia|1104
|player|p2|gonnatortureyou|2|1188
|gen|9
|tier|[Gen 9] VGC 2025 Reg H (Bo3)
|rated|
|rule|Species Clause: Limit one of each Pokémon
|rule|Item Clause: Limit 1 of each item
|clearpoke
|poke|p1|Pelipper, L50, M|
|poke|p1|Salamence, L50, M|
|poke|p1|Archaludon, L50, F|
|poke|p1|Basculegion, L50, M|
|poke|p1|Incineroar, L50, M|
|poke|p1|Amoonguss, L50, F|
|poke|p2|Dragonite, L50, M|
|poke|p2|Kingambit, L50, M|
|poke|p2|Electabuzz, L50, F|
|poke|p2|Rillaboom, L50, M|
|poke|p2|Volcarona, L50, F|
|poke|p2|Sneasler, L50, M|
|teampreview|4
|showteam|p1|Pelipper||FocusSash|Drizzle|Tailwind,WideGuard,MuddyWater,Hurricane|||M|||50|,,,,,Ground]Salamence||LifeOrb|Intimidate|Hurricane,DracoMeteor,Tailwind,Protect|||M|||50|,,,,,Flying]Archaludon||AssaultVest|Stamina|ElectroShot,FlashCannon,DracoMeteor,BodyPress|||F|||50|,,,,,Grass]Basculegion||ClearAmulet|SwiftSwim|LastRespects,WaveCrash,FlipTurn,Protect|||M|||50|,,,,,Water]Incineroar||SafetyGoggles|Intimidate|FakeOut,KnockOff,PartingShot,Taunt|||M|||50|,,,,,Ghost]Amoonguss||RockyHelmet|Regenerator|RagePowder,SludgeBomb,Spore,Protect|||F|||50|,,,,,Bug
|showteam|p2|Dragonite||LoadedDice|Multiscale|ScaleShot,ExtremeSpeed,Haze,Protect|||M|||50|,,,,,Steel]Kingambit||BlackGlasses|Defiant|KowtowCleave,SuckerPunch,SwordsDance,Protect|||M|||50|,,,,,Dark]Electabuzz||Eviolite|VitalSpirit|Thunderbolt,Taunt,FollowMe,Protect|||F|||50|,,,,,Ghost]Rillaboom||AssaultVest|GrassySurge|WoodHammer,GrassyGlide,HighHorsepower,FakeOut|||M|||50|,,,,,Fire]Volcarona||Leftovers|FlameBody|HeatWave,TeraBlast,QuiverDance,Protect|||F|||50|,,,,,Fairy]Sneasler||FocusSash|Unburden|CloseCombat,DireClaw,Coaching,Protect|||M|||50|,,,,,Stellar
|inactive|Battle timer is ON: inactive players will automatically lose when time's up. (requested by CalliopeOKBH)
|inactive|gonnatortureyou also wants the timer to be on.
|
|t:|1757200890
|teamsize|p1|4
|teamsize|p2|4
|start
|switch|p1a: Incineroar|Incineroar, L50, M|100/100
|switch|p1b: Amoonguss|Amoonguss, L50, F|100/100
|switch|p2a: Electabuzz|Electabuzz, L50, F|100/100
|switch|p2b: Kingambit|Kingambit, L50, M|100/100
|-ability|p1a: Incineroar|Intimidate|boost
|-unboost|p2a: Electabuzz|atk|1
|-unboost|p2b: Kingambit|atk|1
|-ability|p2b: Kingambit|Defiant|boost
|-boost|p2b: Kingambit|atk|2
|turn|1
|
|t:|1757200906
|move|p2b: Kingambit|Protect|p2b: Kingambit
|-singleturn|p2b: Kingambit|Protect
|move|p2a: Electabuzz|Taunt|p1b: Amoonguss
|-start|p1b: Amoonguss|move: Taunt
|move|p1a: Incineroar|Taunt|p2b: Kingambit
|-activate|p2b: Kingambit|move: Protect
|move|p1b: Amoonguss|Sludge Bomb|p2a: Electabuzz
|-damage|p2a: Electabuzz|79/100
|-status|p2a: Electabuzz|psn
|
|-damage|p2a: Electabuzz|66/100 psn|[from] psn
|upkeep
|turn|2
|
|t:|1757200925
|switch|p1b: Pelipper|Pelipper, L50, M|100/100
|-weather|RainDance|[from] ability: Drizzle|[of] p1b: Pelipper
|move|p2a: Electabuzz|Follow Me|p2a: Electabuzz
|-singleturn|p2a: Electabuzz|move: Follow Me
|move|p1a: Incineroar|Taunt|p2a: Electabuzz
|-start|p2a: Electabuzz|move: Taunt
|move|p2b: Kingambit|Swords Dance|p2b: Kingambit
|-boost|p2b: Kingambit|atk|2
|
|-weather|RainDance|[upkeep]
|-damage|p2a: Electabuzz|54/100 psn|[from] psn
|upkeep
|turn|3
|
|t:|1757200947
|-terastallize|p1b: Pelipper|Ground
|-terastallize|p2b: Kingambit|Dark
|move|p2a: Electabuzz|Thunderbolt|p1b: Pelipper
|-immune|p1b: Pelipper
|move|p1b: Pelipper|Tailwind|p1b: Pelipper
|-sidestart|p1: CalliopeOKBH|move: Tailwind
|move|p1a: Incineroar|Taunt|p2b: Kingambit
|-start|p2b: Kingambit|move: Taunt
|move|p2b: Kingambit|Kowtow Cleave|p1a: Incineroar
|-resisted|p1a: Incineroar
|-damage|p1a: Incineroar|11/100
|
|-weather|RainDance|[upkeep]
|-damage|p2a: Electabuzz|41/100 psn|[from] psn
|upkeep
|turn|4
|
|t:|1757200963
|move|p2b: Kingambit|Sucker Punch|p1b: Pelipper
|-enditem|p1b: Pelipper|Focus Sash
|-damage|p1b: Pelipper|1/100
|move|p1b: Pelipper|Hurricane|p2b: Kingambit
|-damage|p2b: Kingambit|55/100
|-start|p2b: Kingambit|confusion
|move|p1a: Incineroar|Parting Shot|p2a: Electabuzz
|-unboost|p2a: Electabuzz|atk|1
|-unboost|p2a: Electabuzz|spa|1
|
|t:|1757200971
|switch|p1a: Amoonguss|Amoonguss, L50, F|100/100|[from] Parting Shot
|move|p2a: Electabuzz|Thunderbolt|p1a: Amoonguss
|-resisted|p1a: Amoonguss
|-damage|p1a: Amoonguss|92/100
|
|-weather|RainDance|[upkeep]
|-damage|p2a: Electabuzz|29/100 psn|[from] psn
|upkeep
|turn|5
|
|t:|1757200992
|switch|p1b: Basculegion|Basculegion, L50, M|100/100
|switch|p2a: Rillaboom|Rillaboom, L50, M|100/100
|-fieldstart|move: Grassy Terrain|[from] ability: Grassy Surge|[of] p2a: Rillaboom
|-activate|p2b: Kingambit|confusion
|move|p2b: Kingambit|Sucker Punch||[still]
|-fail|p2b: Kingambit
|move|p1a: Amoonguss|Spore|p2b: Kingambit
|-status|p2b: Kingambit|slp|[from] move: Spore
|
|-weather|RainDance|[upkeep]
|-heal|p1a: Amoonguss|98/100|[from] Grassy Terrain
|-heal|p2b: Kingambit|61/100 slp|[from] Grassy Terrain
|-end|p2b: Kingambit|move: Taunt
|upkeep
|turn|6
|
|t:|1757201006
|cant|p2b: Kingambit|slp
|move|p2a: Rillaboom|Grassy Glide|p1b: Basculegion
|-supereffective|p1b: Basculegion
|-damage|p1b: Basculegion|13/100
|move|p1b: Basculegion|Wave Crash|p2b: Kingambit
|-damage|p2b: Kingambit|0 fnt
|faint|p2b: Kingambit
|-damage|p1b: Basculegion|0 fnt|[from] Recoil
|faint|p1b: Basculegion
|move|p1a: Amoonguss|Sludge Bomb|p2a: Rillaboom
|-supereffective|p2a: Rillaboom
|-damage|p2a: Rillaboom|59/100
|-status|p2a: Rillaboom|psn
|
|-weather|none
|-heal|p2a: Rillaboom|65/100 psn|[from] Grassy Terrain
|-heal|p1a: Amoonguss|100/100|[from] Grassy Terrain
|-damage|p2a: Rillaboom|52/100 psn|[from] psn
|-sideend|p1: CalliopeOKBH|move: Tailwind
|upkeep
|
|t:|1757201020
|switch|p1b: Incineroar|Incineroar, L50, M|11/100
|switch|p2b: Sneasler|Sneasler, L50, M|100/100
|-ability|p1b: Incineroar|Intimidate|boost
|-unboost|p2a: Rillaboom|atk|1
|-unboost|p2b: Sneasler|atk|1
|turn|7
|
|t:|1757201033
|switch|p2b: Electabuzz|Electabuzz, L50, F|29/100 psn
|move|p1b: Incineroar|Fake Out|p2b: Electabuzz
|-damage|p2b: Electabuzz|20/100 psn
|move|p2a: Rillaboom|Grassy Glide|p1b: Incineroar
|-resisted|p1b: Incineroar
|-damage|p1b: Incineroar|0 fnt
|faint|p1b: Incineroar
|move|p1a: Amoonguss|Sludge Bomb|p2a: Rillaboom
|-supereffective|p2a: Rillaboom
|-damage|p2a: Rillaboom|12/100 psn
|
|-heal|p2b: Electabuzz|26/100 psn|[from] Grassy Terrain
|-heal|p2a: Rillaboom|18/100 psn|[from] Grassy Terrain
|-damage|p2b: Electabuzz|14/100 psn|[from] psn
|-damage|p2a: Rillaboom|6/100 psn|[from] psn
|upkeep
|
|t:|1757201035
|switch|p1b: Pelipper|Pelipper, L50, M, tera:Ground|1/100
|-weather|RainDance|[from] ability: Drizzle|[of] p1b: Pelipper
|turn|8
|
|t:|1757201048
|move|p2a: Rillaboom|Grassy Glide|p1b: Pelipper
|-supereffective|p1b: Pelipper
|-damage|p1b: Pelipper|0 fnt
|faint|p1b: Pelipper
|move|p2b: Electabuzz|Taunt|p1a: Amoonguss
|-start|p1a: Amoonguss|move: Taunt
|move|p1a: Amoonguss|Sludge Bomb|p2b: Electabuzz
|-damage|p2b: Electabuzz|0 fnt
|faint|p2b: Electabuzz
|
|-weather|RainDance|[upkeep]
|-heal|p2a: Rillaboom|12/100 psn|[from] Grassy Terrain
|-damage|p2a: Rillaboom|0 fnt|[from] psn
|faint|p2a: Rillaboom
|upkeep
|
|t:|1757201057
|switch|p2b: Sneasler|Sneasler, L50, M|100/100
|turn|9
|
|t:|1757201060
|move|p2b: Sneasler|Dire Claw|p1a: Amoonguss
|-damage|p1a: Amoonguss|66/100
|-damage|p2b: Sneasler|84/100|[from] item: Rocky Helmet|[of] p1a: Amoonguss
|move|p1a: Amoonguss|Sludge Bomb|p2b: Sneasler
|-resisted|p2b: Sneasler
|-damage|p2b: Sneasler|65/100
|
|-weather|RainDance|[upkeep]
|-heal|p2b: Sneasler|71/100|[from] Grassy Terrain
|-heal|p1a: Amoonguss|72/100|[from] Grassy Terrain
|-fieldend|move: Grassy Terrain
|upkeep
|turn|10
|
|t:|1757201065
|move|p2b: Sneasler|Dire Claw|p1a: Amoonguss
|-damage|p1a: Amoonguss|35/100
|-status|p1a: Amoonguss|slp
|-damage|p2b: Sneasler|55/100|[from] item: Rocky Helmet|[of] p1a: Amoonguss
|cant|p1a: Amoonguss|slp
|
|-weather|RainDance|[upkeep]
|-end|p1a: Amoonguss|move: Taunt
|upkeep
|turn|11
|
|t:|1757201075
|move|p2b: Sneasler|Dire Claw|p1a: Amoonguss
|-damage|p1a: Amoonguss|0 fnt
|-damage|p2b: Sneasler|39/100|[from] item: Rocky Helmet|[of] p1a: Amoonguss
|faint|p1a: Amoonguss
|
|win|gonnatortureyou
|raw|CalliopeOKBH's rating: 1104 → 1085(-19 for losing)
|raw|gonnatortureyou's rating: 1188 → 1207(+19 for winning)
|c|☆gonnatortureyou|yay
