|j|☆KodeBeast0526
|j|☆HeroOfHydrangea
|html|KodeBeast0526HeroOfHydrangea    
|uhtml|bestof|Game 3 of a best-of-3
|t:|1783615691
|gametype|doubles
|player|p1|KodeBeast0526|hiker|1115
|player|p2|HeroOfHydrangea|2|1000
|gen|9
|tier|[Gen 9 Champions] VGC 2026 Reg M-B (Bo3)
|rated|
|rule|Species Clause: Limit one of each Pokémon
|rule|Item Clause: Limit 1 of each item
|clearpoke
|poke|p1|Aerodactyl, L50, M|
|poke|p1|Kingambit, L50, M|
|poke|p1|Sylveon, L50, M|
|poke|p1|Garchomp, L50, M|
|poke|p1|Charizard, L50, M|
|poke|p1|Incineroar, L50, M|
|poke|p2|Eelektross, L50, M|
|poke|p2|Espathra, L50, M|
|poke|p2|Incineroar, L50, F|
|poke|p2|Aerodactyl, L50, M|
|poke|p2|Mamoswine, L50, F|
|poke|p2|Maushold, L50|
|teampreview|4
|showteam|p1|Aerodactyl||Aerodactylite|Unnerve|RockSlide,IceFang,Tailwind,WideGuard|Jolly||M|||50|]Kingambit||FocusSash|Defiant|KowtowCleave,SuckerPunch,IronHead,Protect|Adamant||M|||50|]Sylveon||FairyFeather|Pixilate|Detect,HyperVoice,HyperBeam,QuickAttack|Modest||M|||50|]Garchomp||LifeOrb|RoughSkin|Earthquake,DragonClaw,StompingTantrum,Protect|Jolly||M|||50|]Charizard||CharizarditeY|Blaze|Protect,HeatWave,SolarBeam,WeatherBall|Modest||M|||50|]Incineroar||SitrusBerry|Intimidate|DarkestLariat,FlareBlitz,FakeOut,PartingShot|Impish||M|||50|
|showteam|p2|Eelektross||Eelektrossite|Levitate|Thunderbolt,Flamethrower,GigaDrain,Protect|Modest||M|||50|]Espathra||MentalHerb|SpeedBoost|LuminaCrash,CalmMind,BatonPass,Protect|Timid||M|||50|]Incineroar||SitrusBerry|Intimidate|FakeOut,DarkestLariat,PartingShot,FlareBlitz|Careful||F|||50|]Aerodactyl||FocusSash|Unnerve|RockSlide,WideGuard,DualWingbeat,Tailwind|Jolly||M|||50|]Mamoswine||LifeOrb|Oblivious|IcicleSpear,IceShard,Earthquake,Protect|Adamant||F|||50|]Maushold||ChopleBerry|FriendGuard|SuperFang,FollowMe,Encore,Protect|Jolly|||||50|
|
|t:|1783615712
|teamsize|p1|4
|teamsize|p2|4
|start
|switch|p1a: Incineroar|Incineroar, L50, M|100/100
|switch|p1b: Kingambit|Kingambit, L50, M|100/100
|switch|p2a: Espathra|Espathra, L50, M|100/100
|switch|p2b: Incineroar|Incineroar, L50, F|100/100
|-ability|p2b: Incineroar|Intimidate|boost
|-unboost|p1a: Incineroar|atk|1
|-unboost|p1b: Kingambit|atk|1
|-ability|p1b: Kingambit|Defiant|boost
|-boost|p1b: Kingambit|atk|2
|-ability|p1a: Incineroar|Intimidate|boost
|-unboost|p2a: Espathra|atk|1
|-unboost|p2b: Incineroar|atk|1
|turn|1
|
|t:|1783615728
|move|p2a: Espathra|Protect|p2a: Espathra
|-singleturn|p2a: Espathra|Protect
|move|p1a: Incineroar|Fake Out|p2b: Incineroar
|-damage|p2b: Incineroar|94/100
|move|p1b: Kingambit|Kowtow Cleave|p2a: Espathra
|-activate|p2a: Espathra|move: Protect
|cant|p2b: Incineroar|flinch
|
|-ability|p2a: Espathra|Speed Boost|boost
|-boost|p2a: Espathra|spe|1
|upkeep
|turn|2
|
|t:|1783615756
|move|p2a: Espathra|Calm Mind|p2a: Espathra
|-boost|p2a: Espathra|spa|1
|-boost|p2a: Espathra|spd|1
|move|p1b: Kingambit|Kowtow Cleave|p2a: Espathra
|-supereffective|p2a: Espathra|1
|-damage|p2a: Espathra|0 fnt
|faint|p2a: Espathra
|move|p2b: Incineroar|Flare Blitz|p1b: Kingambit
|-supereffective|p1b: Kingambit|1
|-damage|p1b: Kingambit|44/100
|-damage|p2b: Incineroar|77/100|[from] Recoil
|move|p1a: Incineroar|Parting Shot|p2b: Incineroar
|-unboost|p2b: Incineroar|atk|1
|-unboost|p2b: Incineroar|spa|1
|
|t:|1783615766
|switch|p1a: Aerodactyl|Aerodactyl, L50, M|100/100|[from] Parting Shot
|-ability|p1a: Aerodactyl|Unnerve
|
|upkeep
|
|t:|1783615773
|switch|p2a: Eelektross|Eelektross, L50, M|100/100
|turn|3
|
|t:|1783615781
|detailschange|p2a: Eelektross|Eelektross-Mega, L50, M
|-mega|p2a: Eelektross|Eelektross|Eelektrossite
|move|p2a: Eelektross|Protect|p2a: Eelektross
|-singleturn|p2a: Eelektross|Protect
|move|p1a: Aerodactyl|Tailwind|p1a: Aerodactyl
|-sidestart|p1: KodeBeast0526|move: Tailwind
|move|p1b: Kingambit|Kowtow Cleave|p2a: Eelektross
|-activate|p2a: Eelektross|move: Protect
|move|p2b: Incineroar|Flare Blitz|p1b: Kingambit
|-supereffective|p1b: Kingambit|1
|-damage|p1b: Kingambit|6/100
|-damage|p2b: Incineroar|65/100|[from] Recoil
|
|upkeep
|turn|4
|
|t:|1783615812
|switch|p2a: Mamoswine|Mamoswine, L50, F|100/100
|detailschange|p1a: Aerodactyl|Aerodactyl-Mega, L50, M
|-mega|p1a: Aerodactyl|Aerodactyl|Aerodactylite
|move|p1a: Aerodactyl|Rock Slide|p2a: Mamoswine|[spread] p2a,p2b
|-supereffective|p2b: Incineroar|1
|-damage|p2a: Mamoswine|68/100
|-damage|p2b: Incineroar|19/100
|-enditem|p2b: Incineroar|Sitrus Berry|[eat]
|-heal|p2b: Incineroar|44/100|[from] item: Sitrus Berry
|move|p1b: Kingambit|Kowtow Cleave|p2a: Mamoswine
|-damage|p2a: Mamoswine|0 fnt
|faint|p2a: Mamoswine
|cant|p2b: Incineroar|flinch
|
|upkeep
|
|t:|1783615817
|switch|p2a: Eelektross|Eelektross-Mega, L50, M|100/100
|turn|5
|
|t:|1783615829
|move|p2a: Eelektross|Protect|p2a: Eelektross
|-singleturn|p2a: Eelektross|Protect
|move|p1b: Kingambit|Sucker Punch||[still]
|-fail|p1b: Kingambit
|move|p1a: Aerodactyl|Rock Slide|p2a: Eelektross|[spread] p2b
|-activate|p2a: Eelektross|move: Protect
|-supereffective|p2b: Incineroar|1
|-damage|p2b: Incineroar|0 fnt
|faint|p2b: Incineroar
|
|upkeep
|turn|6
|
|t:|1783615838
|move|p1a: Aerodactyl|Rock Slide|p2a: Eelektross
|-damage|p2a: Eelektross|58/100
|move|p1b: Kingambit|Kowtow Cleave|p2a: Eelektross
|-damage|p2a: Eelektross|0 fnt
|faint|p2a: Eelektross
|
|win|KodeBeast0526
|raw|KodeBeast0526's rating: 1115 → 1132(+17 for winning)
|raw|HeroOfHydrangea's rating: 1000 → 1000(+0 for losing)
