|j|☆Bestof8PerDay
|j|☆supremeenchilada
|html|Bestof8PerDaysupremeenchilada    
|uhtml|bestof|Game 1 of a best-of-3
|t:|1756923601
|gametype|doubles
|player|p1|Bestof8PerDay|janitor|1046
|player|p2|supremeenchilada|janitor|1023
|gen|9
|tier|[Gen 9] VGC 2025 Reg H (Bo3)
|rated|
|rule|Species Clause: Limit one of each Pokémon
|rule|Item Clause: Limit 1 of each item
|clearpoke
|poke|p1|Incineroar, L50, F|
|poke|p1|Amoonguss, L50, F|
|poke|p1|Ursaluna-Bloodmoon, L50, M|
|poke|p1|Sneasler, L50, M|
|poke|p1|Gholdengo, L50|
|poke|p1|Dragonite, L50, M|
|poke|p2|Amoonguss, L50, M|
|poke|p2|Incineroar, L50, M|
|poke|p2|Indeedee-F, L50, F|
|poke|p2|Hatterene, L50, F|
|poke|p2|Torkoal, L50, M|
|poke|p2|Ursaluna, L50, M|
|teampreview|4
|showteam|p1|Incineroar||SafetyGoggles|Intimidate|FlareBlitz,KnockOff,PartingShot,FakeOut|||F|||50|,,,,,Ghost]Amoonguss||SitrusBerry|Regenerator|Spore,RagePowder,PollenPuff,Protect|||F|||50|,,,,,Psychic]Ursaluna-Bloodmoon||AssaultVest|MindsEye|HyperVoice,BloodMoon,EarthPower,VacuumWave|||M|||50|,,,,,Water]Sneasler||FocusSash|Unburden|CloseCombat,DireClaw,ThroatChop,Protect|||M|||50|,,,,,Stellar]Gholdengo||LifeOrb|GoodasGold|MakeItRain,ShadowBall,NastyPlot,Protect||||||50|,,,,,Water]Dragonite||LoadedDice|Multiscale|ScaleShot,Tailwind,Haze,Protect|||M|||50|,,,,,Fairy
|showteam|p2|Amoonguss||RockyHelmet|EffectSpore|Protect,Spore,RagePowder,PollenPuff|||M|||50|,,,,,Rock]Incineroar||SafetyGoggles|Intimidate|FakeOut,KnockOff,FlareBlitz,PartingShot|||M|||50|,,,,,Bug]Indeedee-F||PsychicSeed|PsychicSurge|TrickRoom,Psychic,FollowMe,Protect|||F|||50|,,,,,Dark]Hatterene||LifeOrb|MagicBounce|DazzlingGleam,ExpandingForce,Protect,TrickRoom|||F|||50|,,,,,Psychic]Torkoal||Charcoal|Drought|Eruption,HeatWave,Protect,EarthPower|||M|||50|,,,,,Flying]Ursaluna||FlameOrb|Guts|Protect,HeadlongRush,Earthquake,Facade|||M|||50|,,,,,Grass
|inactive|Battle timer is ON: inactive players will automatically lose when time's up. (requested by supremeenchilada)
|
|t:|1756923659
|teamsize|p1|4
|teamsize|p2|4
|start
|switch|p1a: Sneasler|Sneasler, L50, M|100/100
|switch|p1b: Incineroar|Incineroar, L50, F|100/100
|switch|p2a: Incineroar|Incineroar, L50, M, shiny|100/100
|switch|p2b: Hatterene|Hatterene, L50, F, shiny|100/100
|-ability|p1b: Incineroar|Intimidate|boost
|-unboost|p2a: Incineroar|atk|1
|-unboost|p2b: Hatterene|atk|1
|-ability|p2a: Incineroar|Intimidate|boost
|-unboost|p1a: Sneasler|atk|1
|-unboost|p1b: Incineroar|atk|1
|turn|1
|inactive|Bestof8PerDay has 30 seconds left.
|
|t:|1756923691
|switch|p2a: Indeedee|Indeedee-F, L50, F|100/100
|-fieldstart|move: Psychic Terrain|[from] ability: Psychic Surge|[of] p2a: Indeedee
|-enditem|p2a: Indeedee|Psychic Seed
|-boost|p2a: Indeedee|spd|1|[from] item: Psychic Seed
|move|p1a: Sneasler|Protect|p1a: Sneasler
|-singleturn|p1a: Sneasler|Protect
|move|p2b: Hatterene|Protect|p2b: Hatterene
|-singleturn|p2b: Hatterene|Protect
|move|p1b: Incineroar|Parting Shot|p2b: Hatterene
|-activate|p2b: Hatterene|move: Protect
|
|upkeep
|turn|2
|inactive|Bestof8PerDay has 30 seconds left.
|
|t:|1756923723
|move|p2a: Indeedee|Follow Me|p2a: Indeedee
|-singleturn|p2a: Indeedee|move: Follow Me
|move|p1a: Sneasler|Throat Chop|p2a: Indeedee
|-supereffective|p2a: Indeedee
|-damage|p2a: Indeedee|55/100
|-start|p2a: Indeedee|Throat Chop|[silent]
|move|p1b: Incineroar|Knock Off|p2a: Indeedee
|-supereffective|p2a: Indeedee
|-damage|p2a: Indeedee|10/100
|move|p2b: Hatterene|Trick Room|p2b: Hatterene
|-fieldstart|move: Trick Room|[of] p2b: Hatterene
|
|upkeep
|turn|3
|inactive|Bestof8PerDay has 30 seconds left.
|inactive|Bestof8PerDay has 20 seconds left.
|
|t:|1756923761
|switch|p2a: Torkoal|Torkoal, L50, M|100/100
|-weather|SunnyDay|[from] ability: Drought|[of] p2a: Torkoal
|move|p2b: Hatterene|Protect|p2b: Hatterene
|-singleturn|p2b: Hatterene|Protect
|move|p1a: Sneasler|Protect|p1a: Sneasler
|-singleturn|p1a: Sneasler|Protect
|move|p1b: Incineroar|Knock Off|p2a: Torkoal
|-damage|p2a: Torkoal|80/100
|-enditem|p2a: Torkoal|Charcoal|[from] move: Knock Off|[of] p1b: Incineroar
|
|-weather|SunnyDay|[upkeep]
|upkeep
|turn|4
|inactive|Bestof8PerDay has 30 seconds left.
|inactive|Bestof8PerDay has 20 seconds left.
|inactive|Bestof8PerDay has 15 seconds left.
|
|t:|1756923801
|move|p2a: Torkoal|Heat Wave|p1b: Incineroar|[spread] p1a,p1b
|-resisted|p1b: Incineroar
|-damage|p1a: Sneasler|39/100
|-damage|p1b: Incineroar|81/100
|move|p2b: Hatterene|Dazzling Gleam|p1b: Incineroar|[spread] p1a,p1b
|-damage|p1a: Sneasler|0 fnt
|-damage|p1b: Incineroar|45/100
|faint|p1a: Sneasler
|-damage|p2b: Hatterene|91/100|[from] item: Life Orb
|move|p1b: Incineroar|Parting Shot|p2b: Hatterene
|move|p2b: Hatterene|Parting Shot|p1b: Incineroar|[from] ability: Magic Bounce
|-unboost|p1b: Incineroar|atk|1
|-unboost|p1b: Incineroar|spa|1
|
|t:|1756923818
|switch|p2b: Indeedee|Indeedee-F, L50, F|10/100|[from] Parting Shot
|
|-weather|SunnyDay|[upkeep]
|upkeep
|
|t:|1756923832
|switch|p1a: Gholdengo|Gholdengo, L50|100/100
|turn|5
|
|t:|1756923853
|-terastallize|p1a: Gholdengo|Water
|move|p2b: Indeedee|Follow Me|p2b: Indeedee
|-singleturn|p2b: Indeedee|move: Follow Me
|move|p2a: Torkoal|Heat Wave|p1a: Gholdengo|[spread] p1a,p1b
|-resisted|p1a: Gholdengo
|-resisted|p1b: Incineroar
|-damage|p1a: Gholdengo|77/100
|-damage|p1b: Incineroar|27/100
|move|p1b: Incineroar|Knock Off|p2b: Indeedee
|-supereffective|p2b: Indeedee
|-damage|p2b: Indeedee|0 fnt
|faint|p2b: Indeedee
|move|p1a: Gholdengo|Nasty Plot|p1a: Gholdengo
|-boost|p1a: Gholdengo|spa|2
|
|-weather|SunnyDay|[upkeep]
|-fieldend|move: Psychic Terrain
|upkeep
|
|t:|1756923867
|switch|p2b: Hatterene|Hatterene, L50, F, shiny|91/100
|turn|6
|inactive|Bestof8PerDay has 30 seconds left.
|
|t:|1756923896
|switch|p2a: Incineroar|Incineroar, L50, M, shiny|100/100
|-ability|p2a: Incineroar|Intimidate|boost
|-unboost|p1a: Gholdengo|atk|1
|-unboost|p1b: Incineroar|atk|1
|move|p2b: Hatterene|Protect|p2b: Hatterene
|-singleturn|p2b: Hatterene|Protect
|move|p1a: Gholdengo|Protect|p1a: Gholdengo
|-singleturn|p1a: Gholdengo|Protect
|move|p1b: Incineroar|Knock Off|p2b: Hatterene
|-activate|p2b: Hatterene|move: Protect
|
|-weather|SunnyDay|[upkeep]
|-fieldend|move: Trick Room
|upkeep
|turn|7
|inactive|Bestof8PerDay has 30 seconds left.
|
|t:|1756923925
|move|p2a: Incineroar|Fake Out|p1a: Gholdengo
|-damage|p1a: Gholdengo|63/100
|cant|p1a: Gholdengo|flinch
|move|p1b: Incineroar|Parting Shot|p2a: Incineroar
|-unboost|p2a: Incineroar|atk|1
|-unboost|p2a: Incineroar|spa|1
|
|t:|1756923931
|switch|p1b: Ursaluna|Ursaluna-Bloodmoon, L50, M|100/100|[from] Parting Shot
|move|p2b: Hatterene|Trick Room|p2b: Hatterene
|-fieldstart|move: Trick Room|[of] p2b: Hatterene
|
|-weather|none
|upkeep
|turn|8
|
|t:|1756923945
|move|p2b: Hatterene|Protect|p2b: Hatterene
|-singleturn|p2b: Hatterene|Protect
|move|p1b: Ursaluna|Earth Power|p2a: Incineroar
|-supereffective|p2a: Incineroar
|-damage|p2a: Incineroar|4/100
|move|p2a: Incineroar|Knock Off|p1b: Ursaluna
|-damage|p1b: Ursaluna|75/100
|-enditem|p1b: Ursaluna|Assault Vest|[from] move: Knock Off|[of] p2a: Incineroar
|move|p1a: Gholdengo|Make It Rain|p2b: Hatterene|[spread] p2a
|-activate|p2b: Hatterene|move: Protect
|-resisted|p2a: Incineroar
|-damage|p2a: Incineroar|0 fnt
|-unboost|p1a: Gholdengo|spa|1
|faint|p2a: Incineroar
|-damage|p1a: Gholdengo|53/100|[from] item: Life Orb
|
|upkeep
|
|t:|1756923956
|switch|p2a: Torkoal|Torkoal, L50, M|80/100
|-weather|SunnyDay|[from] ability: Drought|[of] p2a: Torkoal
|turn|9
|
|t:|1756923977
|-terastallize|p2b: Hatterene|Psychic
|move|p2a: Torkoal|Eruption|p1a: Gholdengo|[spread] p1a,p1b
|-resisted|p1a: Gholdengo
|-damage|p1a: Gholdengo|24/100
|-damage|p1b: Ursaluna|21/100
|move|p2b: Hatterene|Dazzling Gleam|p1a: Gholdengo|[spread] p1a,p1b
|-damage|p1a: Gholdengo|0 fnt
|-damage|p1b: Ursaluna|0 fnt
|faint|p1a: Gholdengo
|faint|p1b: Ursaluna
|-damage|p2b: Hatterene|81/100|[from] item: Life Orb
|
|-weather|SunnyDay|[upkeep]
|upkeep
|
|t:|1756923980
|switch|p1b: Incineroar|Incineroar, L50, F|27/100
|-ability|p1b: Incineroar|Intimidate|boost
|-unboost|p2a: Torkoal|atk|1
|-unboost|p2b: Hatterene|atk|1
|turn|10
|-message|Bestof8PerDay forfeited.
|
|win|supremeenchilada
||Bestof8PerDay is ready for game 2.
||supremeenchilada is ready for game 2.
|uhtml|next|Next: Game 2 of 3
|l|☆supremeenchilada
|player|p2|
