|j|☆AndrewDingFan001
|j|☆dxbpunk
|html|AndrewDingFan001dxbpunk    
|uhtml|bestof|Game 2 of a best-of-3
|t:|1756533781
|gametype|doubles
|player|p1|AndrewDingFan001|hilbert-wonderlauncher|
|player|p2|dxbpunk|lance|
|gen|9
|tier|[Gen 9] VGC 2025 Reg H (Bo3)
|rule|Species Clause: Limit one of each Pokémon
|rule|Item Clause: Limit 1 of each item
|clearpoke
|poke|p1|Muk-Alola, L50, M|
|poke|p1|Araquanid, L50, M|
|poke|p1|Porygon2, L50|
|poke|p1|Dragonite, L50, F|
|poke|p1|Kingambit, L50, M|
|poke|p1|Arcanine-Hisui, L50, M|
|poke|p2|Oranguru, L50, M|
|poke|p2|Sneasler, L50, F|
|poke|p2|Rillaboom, L50, M|
|poke|p2|Annihilape, L50, M|
|poke|p2|Torkoal, L50, F|
|poke|p2|Dragonite, L50, F|
|teampreview|4
|showteam|p1|Muk-Alola||FigyBerry|PoisonTouch|KnockOff,PoisonJab,Curse,Protect|||M|||50|,,,,,Flying]Araquanid||ClearAmulet|WaterBubble|Liquidation,Lunge,WideGuard,IcyWind|||M|||50|,,,,,Water]Porygon2||Eviolite|Download|TeraBlast,IceBeam,TrickRoom,Recover||||||50|,,,,,Fighting]Dragonite||LoadedDice|InnerFocus|ScaleShot,Tailwind,Haze,Protect|||F|||50|,,,,,Steel]Kingambit||BlackGlasses|Defiant|SuckerPunch,IronHead,SwordsDance,Protect|||M|||50|,,,,,Fire]Arcanine-Hisui||SafetyGoggles|Intimidate|RockSlide,ExtremeSpeed,FlareBlitz,Protect|||M|||50|,,,,,Grass
|showteam|p2|Oranguru||ChoiceBand|Symbiosis|PsychicTerrain,TrickRoom,Instruct,ChillingWater|||M|||50|,,,,,Dark]Sneasler||PsychicSeed|PoisonTouch|DireClaw,FakeOut,CloseCombat,ThroatChop|||F|||50|,,,,,Dark]Rillaboom||GrassySeed|GrassySurge|FakeOut,WoodHammer,GrassyGlide,HighHorsepower|||M|||50|,,,,,Fire]Annihilape||ChoiceScarf|Defiant|FinalGambit,RageFist,Coaching,CloseCombat|||M|||50|,,,,,Normal]Torkoal||Charcoal|Drought|Eruption,HeatWave,EarthPower,Protect|||F|||50|,,,,,Fire]Dragonite||AssaultVest|Multiscale|ExtremeSpeed,ScaleShot,Outrage,IronHead|||F|||50|,,,,,Normal
|
|t:|1756533836
|teamsize|p1|4
|teamsize|p2|4
|start
|switch|p1a: Muk|Muk-Alola, L50, M|100/100
|switch|p1b: Dragonite|Dragonite, L50, F|100/100
|switch|p2a: Oranguru|Oranguru, L50, M|100/100
|switch|p2b: Rillaboom|Rillaboom, L50, M|100/100
|-fieldstart|move: Grassy Terrain|[from] ability: Grassy Surge|[of] p2b: Rillaboom
|-enditem|p2b: Rillaboom|Grassy Seed
|-boost|p2b: Rillaboom|def|1|[from] item: Grassy Seed
|-activate|p2a: Oranguru|ability: Symbiosis|Choice Band|[of] p2b: Rillaboom
|turn|1
|
|t:|1756533864
|switch|p1b: Araquanid|Araquanid, L50, M, shiny|100/100
|move|p2b: Rillaboom|High Horsepower|p1a: Muk
|-supereffective|p1a: Muk
|-damage|p1a: Muk|9/100
|-enditem|p1a: Muk|Figy Berry|[eat]
|-heal|p1a: Muk|42/100|[from] item: Figy Berry
|move|p2a: Oranguru|Instruct|p2b: Rillaboom
|-singleturn|p2b: Rillaboom|move: Instruct|[of] p2a: Oranguru
|move|p2b: Rillaboom|High Horsepower|p1a: Muk
|-supereffective|p1a: Muk
|-damage|p1a: Muk|0 fnt
|faint|p1a: Muk
|
|upkeep
|
|t:|1756533880
|switch|p1a: Arcanine|Arcanine-Hisui, L50, M|100/100
|-ability|p1a: Arcanine|Intimidate|boost
|-unboost|p2a: Oranguru|atk|1
|-unboost|p2b: Rillaboom|atk|1
|turn|2
|
|t:|1756533893
|move|p1a: Arcanine|Protect|p1a: Arcanine
|-singleturn|p1a: Arcanine|Protect
|move|p2b: Rillaboom|High Horsepower|p1a: Arcanine
|-activate|p1a: Arcanine|move: Protect
|move|p2a: Oranguru|Instruct|p2b: Rillaboom
|-singleturn|p2b: Rillaboom|move: Instruct|[of] p2a: Oranguru
|move|p2b: Rillaboom|High Horsepower|p1a: Arcanine
|-activate|p1a: Arcanine|move: Protect
|move|p1b: Araquanid|Lunge|p2b: Rillaboom
|-supereffective|p2b: Rillaboom
|-damage|p2b: Rillaboom|63/100
|-unboost|p2b: Rillaboom|atk|1
|
|-heal|p2b: Rillaboom|69/100|[from] Grassy Terrain
|upkeep
|turn|3
|
|t:|1756533925
|move|p1a: Arcanine|Flare Blitz|p2b: Rillaboom
|-supereffective|p2b: Rillaboom
|-damage|p2b: Rillaboom|0 fnt
|faint|p2b: Rillaboom
|-damage|p1a: Arcanine|73/100|[from] Recoil
|move|p1b: Araquanid|Liquidation|p2a: Oranguru
|-damage|p2a: Oranguru|47/100
|move|p2a: Oranguru|Trick Room|p2a: Oranguru
|-fieldstart|move: Trick Room|[of] p2a: Oranguru
|
|-heal|p2a: Oranguru|53/100|[from] Grassy Terrain
|-heal|p1a: Arcanine|79/100|[from] Grassy Terrain
|upkeep
|
|t:|1756533935
|switch|p2b: Torkoal|Torkoal, L50, F|100/100
|-weather|SunnyDay|[from] ability: Drought|[of] p2b: Torkoal
|turn|4
|
|t:|1756533968
|-terastallize|p2b: Torkoal|Fire
|-terastallize|p1a: Arcanine|Grass
|move|p1b: Araquanid|Wide Guard|p1b: Araquanid
|-singleturn|p1b: Araquanid|Wide Guard
|move|p2b: Torkoal|Eruption|p1a: Arcanine|[spread] 
|-activate|p1a: Arcanine|move: Wide Guard
|-activate|p1b: Araquanid|move: Wide Guard
|move|p2a: Oranguru|Instruct|p2b: Torkoal
|-singleturn|p2b: Torkoal|move: Instruct|[of] p2a: Oranguru
|move|p2b: Torkoal|Eruption|p1a: Arcanine|[spread] 
|-activate|p1a: Arcanine|move: Wide Guard
|-activate|p1b: Araquanid|move: Wide Guard
|move|p1a: Arcanine|Rock Slide|p2b: Torkoal|[spread] p2a,p2b
|-supereffective|p2b: Torkoal
|-damage|p2a: Oranguru|33/100
|-damage|p2b: Torkoal|62/100
|
|-weather|SunnyDay|[upkeep]
|-heal|p2b: Torkoal|68/100|[from] Grassy Terrain
|-heal|p2a: Oranguru|39/100|[from] Grassy Terrain
|-heal|p1a: Arcanine|85/100|[from] Grassy Terrain
|upkeep
|turn|5
|
|t:|1756534013
|move|p1b: Araquanid|Wide Guard|p1b: Araquanid
|-singleturn|p1b: Araquanid|Wide Guard
|move|p2b: Torkoal|Eruption|p1a: Arcanine|[spread] 
|-activate|p1a: Arcanine|move: Wide Guard
|-activate|p1b: Araquanid|move: Wide Guard
|move|p2a: Oranguru|Instruct|p2b: Torkoal
|-singleturn|p2b: Torkoal|move: Instruct|[of] p2a: Oranguru
|move|p2b: Torkoal|Eruption|p1b: Araquanid|[spread] 
|-activate|p1a: Arcanine|move: Wide Guard
|-activate|p1b: Araquanid|move: Wide Guard
|move|p1a: Arcanine|Rock Slide|p2b: Torkoal|[spread] p2a,p2b
|-supereffective|p2b: Torkoal
|-damage|p2a: Oranguru|16/100
|-damage|p2b: Torkoal|26/100
|
|-weather|SunnyDay|[upkeep]
|-heal|p2b: Torkoal|33/100|[from] Grassy Terrain
|-heal|p2a: Oranguru|22/100|[from] Grassy Terrain
|-heal|p1a: Arcanine|91/100|[from] Grassy Terrain
|-fieldend|move: Grassy Terrain
|upkeep
|turn|6
|
|t:|1756534038
|move|p1b: Araquanid|Wide Guard|p1b: Araquanid
|-singleturn|p1b: Araquanid|Wide Guard
|move|p2b: Torkoal|Earth Power|p1b: Araquanid
|-resisted|p1b: Araquanid
|-damage|p1b: Araquanid|90/100
|move|p2a: Oranguru|Instruct|p2b: Torkoal
|-singleturn|p2b: Torkoal|move: Instruct|[of] p2a: Oranguru
|move|p2b: Torkoal|Earth Power|p1b: Araquanid
|-resisted|p1b: Araquanid
|-crit|p1b: Araquanid
|-damage|p1b: Araquanid|72/100
|move|p1a: Arcanine|Rock Slide|p2b: Torkoal|[spread] p2a,p2b
|-supereffective|p2b: Torkoal
|-damage|p2a: Oranguru|0 fnt
|-damage|p2b: Torkoal|0 fnt
|faint|p2a: Oranguru
|faint|p2b: Torkoal
|
|-weather|SunnyDay|[upkeep]
|upkeep
|
|t:|1756534056
|switch|p2a: Annihilape|Annihilape, L50, M|100/100
|turn|7
|
|t:|1756534064
|move|p1b: Araquanid|Liquidation|p2a: Annihilape
|-damage|p2a: Annihilape|68/100
|move|p1a: Arcanine|Flare Blitz|p2a: Annihilape
|-damage|p2a: Annihilape|0 fnt
|faint|p2a: Annihilape
|-damage|p1a: Arcanine|62/100|[from] Recoil
|
|win|AndrewDingFan001
|c|☆AndrewDingFan001|ggs
|c|☆dxbpunk|ggs
|l|☆dxbpunk
|player|p2|
