|j|☆danolp2
|j|☆eklyst
|html|danolp2eklyst    
|uhtml|bestof|Game 2 of a best-of-3
|t:|1785908623
|gametype|doubles
|player|p1|danolp2|170|1103
|player|p2|eklyst|pokemaniac|1169
|gen|9
|tier|[Gen 9 Champions] VGC 2026 Reg M-B (Bo3)
|rated|
|rule|Species Clause: Limit one of each Pokémon
|rule|Item Clause: Limit 1 of each item
|clearpoke
|poke|p1|Incineroar, L50, F|
|poke|p1|Staraptor, L50, F|
|poke|p1|Palafin, L50, M|
|poke|p1|Raichu, L50, M|
|poke|p1|Serperior, L50, F|
|poke|p1|Blaziken, L50, M|
|poke|p2|Metagross, L50, shiny|
|poke|p2|Whimsicott, L50, M, shiny|
|poke|p2|Raichu, L50, F|
|poke|p2|Ninetales-Alola, L50, M|
|poke|p2|Lycanroc-Dusk, L50, F|
|poke|p2|Sneasler, L50, F, shiny|
|teampreview|4
|showteam|p1|Incineroar||SitrusBerry|Intimidate|PartingShot,FakeOut,FlareBlitz,Taunt|Adamant||F|||50|]Staraptor||Staraptite|Intimidate|CloseCombat,Uturn,DualWingbeat,Protect|Jolly||F|||50|]Palafin||LifeOrb|ZerotoHero|Waterfall,JetPunch,FlipTurn,IcePunch|Jolly||M|||50|]Raichu||RaichuniteY|LightningRod|Discharge,VoltSwitch,FakeOut,Protect|Hasty||M|||50|]Serperior||MiracleSeed|Contrary|LeafStorm,DragonPulse,Taunt,Substitute|Timid||F|||50|]Blaziken||Charcoal|SpeedBoost|CloseCombat,BlazeKick,KnockOff,Protect|Adamant||M|||50|
|showteam|p2|Metagross||Metagrossite|ClearBody|PsychicFangs,IronHead,Protect,StompingTantrum|Jolly|||||50|]Whimsicott||OccaBerry|Prankster|Tailwind,Moonblast,HelpingHand,WorrySeed|Timid||M|||50|]Raichu||RaichuniteY|LightningRod|FakeOut,FocusBlast,ZapCannon,Protect|Timid||F|||50|]Ninetales-Alola||NeverMeltIce|SnowWarning|FreezeDry,Protect,Blizzard,Encore|Timid||M|||50|]Lycanroc-Dusk||FocusSash|ToughClaws|Accelerock,RockSlide,Protect,Taunt|Adamant||F|||50|]Sneasler||WhiteHerb|Unburden|CloseCombat,Coaching,GunkShot,FakeOut|Jolly||F|||50|
|inactive|Battle timer is ON: inactive players will automatically lose when time's up. (requested by eklyst)
|inactive|eklyst has 60 seconds left.
|
|t:|1785908684
|teamsize|p1|4
|teamsize|p2|4
|start
|switch|p1a: Palafin|Palafin, L50, M|100/100
|switch|p1b: Raichu|Raichu, L50, M|100/100
|switch|p2a: :3|Whimsicott, L50, M, shiny|100/100
|switch|p2b: Bingus|Raichu, L50, F|100/100
|turn|1
|
|t:|1785908707
|detailschange|p1b: Raichu|Raichu-Mega-Y, L50, M
|-mega|p1b: Raichu|Raichu|Raichunite Y
|detailschange|p2b: Bingus|Raichu-Mega-Y, L50, F
|-mega|p2b: Bingus|Raichu|Raichunite Y
|move|p1b: Raichu|Fake Out|p2b: Bingus
|-damage|p2b: Bingus|82/100
|move|p2a: :3|Tailwind|p2a: :3
|-sidestart|p2: eklyst|move: Tailwind
|cant|p2b: Bingus|flinch
|move|p1a: Palafin|Flip Turn|p2b: Bingus
|-damage|p2b: Bingus|40/100
|-damage|p1a: Palafin|90/100|[from] item: Life Orb
|
|t:|1785908720
|detailschange|p1a: Palafin|Palafin-Hero, L50, M
|switch|p1a: Serperior|Serperior, L50, F|100/100|[from] Flip Turn
|
|upkeep
|turn|2
|inactive|danolp2 has 30 seconds left.
|inactive|eklyst has 30 seconds left.
|
|t:|1785908746
|switch|p2b: AAAAAAAAAAAA|Ninetales-Alola, L50, M|100/100
|-weather|Snowscape|[from] ability: Snow Warning|[of] p2b: AAAAAAAAAAAA
|move|p2a: :3|Moonblast|p1b: Raichu
|-damage|p1b: Raichu|60/100
|move|p1b: Raichu|Volt Switch|p2a: :3
|-resisted|p2a: :3|1
|-damage|p2a: :3|69/100
|
|t:|1785908754
|switch|p1b: Incineroar|Incineroar, L50, F|100/100|[from] Volt Switch
|-ability|p1b: Incineroar|Intimidate|boost
|-unboost|p2a: :3|atk|1
|-unboost|p2b: AAAAAAAAAAAA|atk|1
|move|p1a: Serperior|Substitute|p1a: Serperior
|-start|p1a: Serperior|Substitute
|-damage|p1a: Serperior|75/100
|
|-weather|Snowscape|[upkeep]
|upkeep
|turn|3
|inactive|danolp2 has 30 seconds left.
|
|t:|1785908787
|switch|p2a: Pickle|Sneasler, L50, F, shiny|100/100
|move|p1b: Incineroar|Fake Out|p2b: AAAAAAAAAAAA
|-damage|p2b: AAAAAAAAAAAA|86/100
|cant|p2b: AAAAAAAAAAAA|flinch
|move|p1a: Serperior|Leaf Storm|p2b: AAAAAAAAAAAA
|-damage|p2b: AAAAAAAAAAAA|22/100
|-boost|p1a: Serperior|spa|2
|
|-weather|Snowscape|[upkeep]
|upkeep
|turn|4
|
|t:|1785908806
|move|p2a: Pickle|Close Combat|p1b: Incineroar
|-supereffective|p1b: Incineroar|1
|-damage|p1b: Incineroar|0 fnt
|-unboost|p2a: Pickle|def|1
|-unboost|p2a: Pickle|spd|1
|faint|p1b: Incineroar
|-enditem|p2a: Pickle|White Herb
|-clearnegativeboost|p2a: Pickle|[silent]
|move|p2b: AAAAAAAAAAAA|Blizzard|p1a: Serperior
|-supereffective|p1a: Serperior|1
|-end|p1a: Serperior|Substitute
|move|p1a: Serperior|Dragon Pulse|p2a: Pickle
|-damage|p2a: Pickle|40/100
|
|-weather|Snowscape|[upkeep]
|-sideend|p2: eklyst|move: Tailwind
|upkeep
|
|t:|1785908820
|switch|p1b: Raichu|Raichu-Mega-Y, L50, M|60/100
|turn|5
|
|t:|1785908839
|move|p2a: Pickle|Close Combat|p1b: Raichu
|-damage|p1b: Raichu|0 fnt
|-unboost|p2a: Pickle|def|1
|-unboost|p2a: Pickle|spd|1
|faint|p1b: Raichu
|move|p1a: Serperior|Substitute|p1a: Serperior
|-start|p1a: Serperior|Substitute
|-damage|p1a: Serperior|50/100g
|move|p2b: AAAAAAAAAAAA|Blizzard|p1a: Serperior
|-supereffective|p1a: Serperior|1
|-end|p1a: Serperior|Substitute
|
|-weather|Snowscape|[upkeep]
|upkeep
|
|t:|1785908843
|switch|p1b: Palafin|Palafin-Hero, L50, M|90/100
|-activate|p1b: Palafin|ability: Zero to Hero
|turn|6
|inactive|danolp2 has 30 seconds left.
|
|t:|1785908872
|move|p1b: Palafin|Jet Punch|p2a: Pickle
|-damage|p2a: Pickle|0 fnt
|faint|p2a: Pickle
|-damage|p1b: Palafin|80/100|[from] item: Life Orb
|move|p1a: Serperior|Leaf Storm|p2b: AAAAAAAAAAAA
|-damage|p2b: AAAAAAAAAAAA|0 fnt
|-boost|p1a: Serperior|spa|2
|faint|p2b: AAAAAAAAAAAA
|
|-weather|none
|upkeep
|
|t:|1785908879
|switch|p2a: Bingus|Raichu-Mega-Y, L50, F|40/100
|switch|p2b: :3|Whimsicott, L50, M, shiny|69/100
|turn|7
|
|t:|1785908898
|move|p2b: :3|Worry Seed|p1a: Serperior
|-ability|p1a: Serperior|Insomnia|Contrary|[from] move: Worry Seed
|move|p2a: Bingus|Zap Cannon|p1b: Palafin
|-supereffective|p1b: Palafin|1
|-damage|p1b: Palafin|0 fnt
|faint|p1b: Palafin
|move|p1a: Serperior|Leaf Storm|p2a: Bingus
|-damage|p2a: Bingus|0 fnt
|-unboost|p1a: Serperior|spa|2
|faint|p2a: Bingus
|
|upkeep
|turn|8
|
|t:|1785908911
|move|p1a: Serperior|Dragon Pulse|p2b: :3
|-immune|p2b: :3
|move|p2b: :3|Moonblast|p1a: Serperior
|-damage|p1a: Serperior|16/100
|
|upkeep
|turn|9
|
|t:|1785908918
|move|p1a: Serperior|Leaf Storm|p2b: :3
|-resisted|p2b: :3|1
|-damage|p2b: :3|0 fnt
|-unboost|p1a: Serperior|spa|2
|faint|p2b: :3
|
|win|danolp2
|l|☆danolp2
|player|p1|
||danolp2 is ready for game 3.
||eklyst is ready for game 3.
|uhtml|next|Next: Game 3 of 3
