|j|☆wittraid
|j|☆TrevenantHugger
|html|wittraidTrevenantHugger    
|uhtml|bestof|Game 1 of a best-of-3
|t:|1757000337
|gametype|doubles
|player|p1|wittraid|170|1194
|player|p2|TrevenantHugger|101|1280
|gen|9
|tier|[Gen 9] VGC 2025 Reg H (Bo3)
|rated|
|rule|Species Clause: Limit one of each Pokémon
|rule|Item Clause: Limit 1 of each item
|clearpoke
|poke|p1|Pelipper, L50, F|
|poke|p1|Archaludon, L50, F|
|poke|p1|Basculegion, L50, M|
|poke|p1|Incineroar, L50, F|
|poke|p1|Sinistcha-Masterpiece, L50|
|poke|p1|Dragonite, L50, F|
|poke|p2|Incineroar, L50, M|
|poke|p2|Annihilape, L50, M|
|poke|p2|Rillaboom, L50, F|
|poke|p2|Electabuzz, L50, F|
|poke|p2|Sneasler, L50, M|
|poke|p2|Primarina, L50, M|
|teampreview|4
|showteam|p1|Pelipper||FocusSash|Drizzle|Tailwind,WideGuard,Hurricane,Protect|||F|||50|,,,,,Ghost]Archaludon||AssaultVest|Stamina|ElectroShot,DragonPulse,BodyPress,Snarl|||F|||50|,,,,,Grass]Basculegion||ChoiceBand|SwiftSwim|WaveCrash,LastRespects,AquaJet,FlipTurn|||M|||50|,,,,,Grass]Incineroar||SafetyGoggles|Intimidate|FakeOut,KnockOff,Taunt,PartingShot|||F|||50|,,,,,Ghost]Sinistcha-Masterpiece||SitrusBerry|Hospitality|RagePowder,MatchaGotcha,TrickRoom,Protect||||||50|,,,,,Dark]Dragonite||LoadedDice|InnerFocus|ScaleShot,ExtremeSpeed,Haze,Protect|||F|||50|,,,,,Normal
|showteam|p2|Incineroar||SafetyGoggles|Intimidate|FakeOut,PartingShot,FlareBlitz,KnockOff|||M|||50|,,,,,Grass]Annihilape||Leftovers|Defiant|DrainPunch,RageFist,Protect,BulkUp|||M|||50|,,,,,Fire]Rillaboom||AssaultVest|GrassySurge|GrassyGlide,FakeOut,DrumBeating,Uturn|||F|||50|,,,,,Fire]Electabuzz||Eviolite|VitalSpirit|FollowMe,Electroweb,Taunt,VoltSwitch|||F|||50|,,,,,Ghost]Sneasler||FocusSash|Unburden|CloseCombat,DireClaw,FakeOut,Protect|||M|||50|,,,,,Ghost]Primarina||SitrusBerry|LiquidVoice|Protect,HyperVoice,Moonblast,CalmMind|||M|||50|,,,,,Poison
|inactive|Battle timer is ON: inactive players will automatically lose when time's up. (requested by wittraid)
|inactive|TrevenantHugger also wants the timer to be on.
|inactive|wittraid has 60 seconds left.
|
|t:|1757000378
|teamsize|p1|4
|teamsize|p2|4
|start
|switch|p1a: Archaludon|Archaludon, L50, F|100/100
|switch|p1b: Pelipper|Pelipper, L50, F|100/100
|switch|p2a: Sneasler|Sneasler, L50, M|100/100
|switch|p2b: Primarina|Primarina, L50, M|100/100
|-weather|RainDance|[from] ability: Drizzle|[of] p1b: Pelipper
|turn|1
|
|t:|1757000396
|-terastallize|p1a: Archaludon|Grass
|move|p2a: Sneasler|Fake Out|p1a: Archaludon
|-damage|p1a: Archaludon|90/100
|-ability|p1a: Archaludon|Stamina|boost
|-boost|p1a: Archaludon|def|1
|cant|p1a: Archaludon|flinch
|move|p2b: Primarina|Calm Mind|p2b: Primarina
|-boost|p2b: Primarina|spa|1
|-boost|p2b: Primarina|spd|1
|move|p1b: Pelipper|Tailwind|p1b: Pelipper
|-sidestart|p1: wittraid|move: Tailwind
|
|-weather|RainDance|[upkeep]
|upkeep
|turn|2
|
|t:|1757000418
|move|p2a: Sneasler|Protect|p2a: Sneasler
|-singleturn|p2a: Sneasler|Protect
|move|p1a: Archaludon|Snarl|p2b: Primarina|[spread] p2b
|-activate|p2a: Sneasler|move: Protect
|-resisted|p2b: Primarina
|-damage|p2b: Primarina|97/100
|-unboost|p2b: Primarina|spa|1
|move|p1b: Pelipper|Hurricane|p2a: Sneasler
|-activate|p2a: Sneasler|move: Protect
|move|p2b: Primarina|Moonblast|p1a: Archaludon
|-damage|p1a: Archaludon|61/100
|-unboost|p1a: Archaludon|spa|1
|-ability|p1a: Archaludon|Stamina|boost
|-boost|p1a: Archaludon|def|1
|
|-weather|RainDance|[upkeep]
|upkeep
|turn|3
|
|t:|1757000437
|-terastallize|p2a: Sneasler|Ghost
|move|p1a: Archaludon|Snarl|p2a: Sneasler|[spread] p2a,p2b
|-supereffective|p2a: Sneasler
|-resisted|p2b: Primarina
|-damage|p2a: Sneasler|80/100
|-damage|p2b: Primarina|95/100
|-unboost|p2a: Sneasler|spa|1
|-unboost|p2b: Primarina|spa|1
|move|p2a: Sneasler|Dire Claw|p1a: Archaludon
|-supereffective|p1a: Archaludon
|-damage|p1a: Archaludon|32/100
|-status|p1a: Archaludon|psn
|-ability|p1a: Archaludon|Stamina|boost
|-boost|p1a: Archaludon|def|1
|move|p1b: Pelipper|Hurricane|p2a: Sneasler
|-damage|p2a: Sneasler|18/100
|move|p2b: Primarina|Calm Mind|p2b: Primarina
|-boost|p2b: Primarina|spa|1
|-boost|p2b: Primarina|spd|1
|
|-weather|RainDance|[upkeep]
|-damage|p1a: Archaludon|20/100 psn|[from] psn
|upkeep
|turn|4
|
|t:|1757000462
|move|p2a: Sneasler|Protect|p2a: Sneasler
|-singleturn|p2a: Sneasler|Protect
|move|p1a: Archaludon|Electro Shot||[still]
|-prepare|p1a: Archaludon|Electro Shot
|-boost|p1a: Archaludon|spa|1
|-anim|p1a: Archaludon|Electro Shot|p2b: Primarina
|-supereffective|p2b: Primarina
|-damage|p2b: Primarina|63/100
|move|p1b: Pelipper|Hurricane|p2a: Sneasler
|-activate|p2a: Sneasler|move: Protect
|move|p2b: Primarina|Calm Mind|p2b: Primarina
|-boost|p2b: Primarina|spa|1
|-boost|p2b: Primarina|spd|1
|
|-weather|RainDance|[upkeep]
|-damage|p1a: Archaludon|8/100 psn|[from] psn
|-sideend|p1: wittraid|move: Tailwind
|upkeep
|turn|5
|
|t:|1757000482
|switch|p1b: Sinistcha|Sinistcha-Masterpiece, L50|100/100
|-heal|p1a: Archaludon|33/100 psn|[from] ability: Hospitality|[of] p1b: Sinistcha
|move|p2a: Sneasler|Dire Claw|p1b: Sinistcha
|-damage|p1b: Sinistcha|65/100
|move|p1a: Archaludon|Snarl|p2b: Primarina|[spread] p2a,p2b
|-supereffective|p2a: Sneasler
|-resisted|p2b: Primarina
|-damage|p2a: Sneasler|0 fnt
|-damage|p2b: Primarina|60/100
|-unboost|p2b: Primarina|spa|1
|faint|p2a: Sneasler
|move|p2b: Primarina|Hyper Voice|p1a: Archaludon|[spread] p1a,p1b
|-resisted|p1a: Archaludon
|-resisted|p1b: Sinistcha
|-damage|p1a: Archaludon|16/100 psn
|-damage|p1b: Sinistcha|40/100
|-ability|p1a: Archaludon|Stamina|boost
|-boost|p1a: Archaludon|def|1
|-enditem|p1b: Sinistcha|Sitrus Berry|[eat]
|-heal|p1b: Sinistcha|65/100|[from] item: Sitrus Berry
|
|-weather|none
|-damage|p1a: Archaludon|4/100 psn|[from] psn
|upkeep
|
|t:|1757000490
|switch|p2a: Electabuzz|Electabuzz, L50, F|100/100
|turn|6
|
|t:|1757000510
|move|p2a: Electabuzz|Electroweb|p1a: Archaludon|[spread] p1a,p1b
|-resisted|p1a: Archaludon
|-resisted|p1b: Sinistcha
|-damage|p1a: Archaludon|0 fnt
|-damage|p1b: Sinistcha|58/100
|-unboost|p1b: Sinistcha|spe|1
|faint|p1a: Archaludon
|move|p2b: Primarina|Moonblast|p1b: Sinistcha
|-damage|p1b: Sinistcha|7/100
|move|p1b: Sinistcha|Matcha Gotcha|p2a: Electabuzz|[spread] p2a,p2b
|-supereffective|p2b: Primarina
|-damage|p2a: Electabuzz|81/100
|-heal|p1b: Sinistcha|16/100|[from] drain|[of] p2a: Electabuzz
|-damage|p2b: Primarina|43/100
|-heal|p1b: Sinistcha|25/100|[from] drain|[of] p2b: Primarina
|-enditem|p2b: Primarina|Sitrus Berry|[eat]
|-heal|p2b: Primarina|68/100|[from] item: Sitrus Berry
|
|upkeep
|
|t:|1757000527
|switch|p1a: Pelipper|Pelipper, L50, F|100/100
|-weather|RainDance|[from] ability: Drizzle|[of] p1a: Pelipper
|turn|7
|
|t:|1757000538
|move|p1a: Pelipper|Protect|p1a: Pelipper
|-singleturn|p1a: Pelipper|Protect
|move|p2a: Electabuzz|Electroweb|p1a: Pelipper|[spread] p1b
|-activate|p1a: Pelipper|move: Protect
|-resisted|p1b: Sinistcha
|-damage|p1b: Sinistcha|18/100
|-unboost|p1b: Sinistcha|spe|1
|move|p2b: Primarina|Moonblast|p1a: Pelipper
|-activate|p1a: Pelipper|move: Protect
|move|p1b: Sinistcha|Matcha Gotcha|p2a: Electabuzz|[spread] p2a,p2b
|-supereffective|p2b: Primarina
|-damage|p2a: Electabuzz|63/100
|-heal|p1b: Sinistcha|27/100|[from] drain|[of] p2a: Electabuzz
|-damage|p2b: Primarina|49/100
|-heal|p1b: Sinistcha|38/100|[from] drain|[of] p2b: Primarina
|
|-weather|RainDance|[upkeep]
|upkeep
|turn|8
|
|t:|1757000559
|move|p1a: Pelipper|Wide Guard|p1a: Pelipper
|-singleturn|p1a: Pelipper|Wide Guard
|move|p2a: Electabuzz|Taunt|p1a: Pelipper
|-start|p1a: Pelipper|move: Taunt
|move|p2b: Primarina|Moonblast|p1b: Sinistcha
|-damage|p1b: Sinistcha|0 fnt
|faint|p1b: Sinistcha
|
|-weather|RainDance|[upkeep]
|upkeep
|
|t:|1757000568
|switch|p1b: Basculegion|Basculegion, L50, M|100/100
|turn|9
|
|t:|1757000587
|switch|p2a: Rillaboom|Rillaboom, L50, F|100/100
|-fieldstart|move: Grassy Terrain|[from] ability: Grassy Surge|[of] p2a: Rillaboom
|move|p1b: Basculegion|Last Respects|p2a: Rillaboom
|-damage|p2a: Rillaboom|0 fnt
|faint|p2a: Rillaboom
|move|p2b: Primarina|Hyper Voice|p1b: Basculegion|[spread] p1a,p1b
|-resisted|p1a: Pelipper
|-resisted|p1b: Basculegion
|-damage|p1a: Pelipper|66/100
|-damage|p1b: Basculegion|73/100
|move|p1a: Pelipper|Hurricane|p2b: Primarina
|-damage|p2b: Primarina|30/100
|-start|p2b: Primarina|confusion
|
|-weather|RainDance|[upkeep]
|-heal|p1b: Basculegion|79/100|[from] Grassy Terrain
|-heal|p2b: Primarina|36/100|[from] Grassy Terrain
|upkeep
|
|t:|1757000591
|switch|p2a: Electabuzz|Electabuzz, L50, F|63/100
|turn|10
|
|t:|1757000608
|move|p2a: Electabuzz|Follow Me|p2a: Electabuzz
|-singleturn|p2a: Electabuzz|move: Follow Me
|move|p1b: Basculegion|Last Respects|p2a: Electabuzz
|-damage|p2a: Electabuzz|0 fnt
|faint|p2a: Electabuzz
|-activate|p2b: Primarina|confusion
|-damage|p2b: Primarina|30/100|[from] confusion
|move|p1a: Pelipper|Hurricane|p2b: Primarina
|-damage|p2b: Primarina|14/100
|
|-weather|RainDance|[upkeep]
|-heal|p1b: Basculegion|86/100|[from] Grassy Terrain
|-heal|p2b: Primarina|20/100|[from] Grassy Terrain
|upkeep
|turn|11
|-message|TrevenantHugger forfeited.
|
|win|wittraid
|l|☆TrevenantHugger
|player|p2|
||TrevenantHugger is ready for game 2.
|inactive|wittraid has 30 seconds to confirm battle start!
||wittraid is ready for game 2.
|uhtml|next|Next: Game 2 of 3
