|j|☆Mimastrid
|j|☆fili53
|html|Mimastridfili53    
|uhtml|bestof|Game 1 of a best-of-3
|t:|1783635704
|gametype|doubles
|player|p1|Mimastrid|akari|1214
|player|p2|fili53|2|1287
|gen|9
|tier|[Gen 9 Champions] VGC 2026 Reg M-B (Bo3)
|rated|
|rule|Species Clause: Limit one of each Pokémon
|rule|Item Clause: Limit 1 of each item
|clearpoke
|poke|p1|Farigiraf, L50, M, shiny|
|poke|p1|Annihilape, L50, F|
|poke|p1|Delphox, L50, F|
|poke|p1|Incineroar, L50, F, shiny|
|poke|p1|Kingambit, L50, F, shiny|
|poke|p1|Ninetales-Alola, L50, F, shiny|
|poke|p2|Delphox, L50, F|
|poke|p2|Incineroar, L50, M|
|poke|p2|Sinistcha, L50|
|poke|p2|Maushold, L50|
|poke|p2|Blastoise, L50, M|
|poke|p2|Sneasler, L50, M|
|teampreview|4
|showteam|p1|Farigiraf||SitrusBerry|ArmorTail|HyperVoice,FoulPlay,TrickRoom,Protect|Bold||M|||50|]Annihilape||FocusSash|Defiant|CloseCombat,RageFist,Taunt,Protect|Jolly||F|||50|]Delphox||Delphoxite|Blaze|HeatWave,Psychic,Encore,Protect|Timid||F|||50|]Incineroar||Charcoal|Intimidate|FlareBlitz,ThroatChop,FakeOut,PartingShot|Brave||F|||50|]Kingambit||BlackGlasses|Defiant|KowtowCleave,SuckerPunch,IronHead,Protect|Adamant||F|||50|]Ninetales-Alola||LifeOrb|SnowWarning|Blizzard,Moonblast,FreezeDry,Protect|Timid||F|||50|
|showteam|p2|Delphox||Delphoxite|Blaze|Protect,NastyPlot,HeatWave,Psyshock|Timid||F|||50|]Incineroar||PasshoBerry|Intimidate|FlareBlitz,FakeOut,DarkestLariat,PartingShot|Impish||M|||50|]Sinistcha||KasibBerry|Hospitality|Protect,MatchaGotcha,RagePowder,ShadowBall|Bold|||||50|]Maushold||ChopleBerry|FriendGuard|Protect,HelpingHand,FollowMe,Feint|Impish|||||50|]Blastoise||Blastoisinite|RainDish|Protect,ShellSmash,WaterSpout,DarkPulse|Modest||M|||50|]Sneasler||FocusSash|PoisonTouch|QuickGuard,FakeOut,PoisonJab,CloseCombat|Jolly||M|||50|
|inactive|Battle timer is ON: inactive players will automatically lose when time's up. (requested by Mimastrid)
|inactive|Mimastrid has 60 seconds left.
|inactive|fili53 has 60 seconds left.
|inactive|fili53 has 30 seconds left.
|inactive|fili53 has 20 seconds left.
|inactive|fili53 has 15 seconds left.
|inactive|fili53 has 10 seconds left.
|inactive|fili53 has 5 seconds left.
|
|t:|1783635796
|teamsize|p1|4
|teamsize|p2|4
|start
|switch|p1a: Farigiraf|Farigiraf, L50, M, shiny|100/100
|switch|p1b: Incineroar|Incineroar, L50, F, shiny|100/100
|switch|p2a: Delphox|Delphox, L50, F|100/100
|switch|p2b: Incineroar|Incineroar, L50, M|100/100
|-ability|p2b: Incineroar|Intimidate|boost
|-unboost|p1a: Farigiraf|atk|1
|-unboost|p1b: Incineroar|atk|1
|-ability|p1b: Incineroar|Intimidate|boost
|-unboost|p2a: Delphox|atk|1
|-unboost|p2b: Incineroar|atk|1
|turn|1
|inactive|Mimastrid has 30 seconds left.
|inactive|Mimastrid has 20 seconds left.
|
|t:|1783635833
|detailschange|p2a: Delphox|Delphox-Mega, L50, F
|-mega|p2a: Delphox|Delphox|Delphoxite
|move|p2a: Delphox|Nasty Plot|p2a: Delphox
|-boost|p2a: Delphox|spa|2
|move|p2b: Incineroar|Parting Shot|p1b: Incineroar
|-unboost|p1b: Incineroar|atk|1
|-unboost|p1b: Incineroar|spa|1
|
|t:|1783635854
|switch|p2b: Maushold|Maushold, L50|100/100|[from] Parting Shot
|move|p1a: Farigiraf|Hyper Voice|p2b: Maushold|[spread] p2a,p2b
|-damage|p2a: Delphox|84/100
|-damage|p2b: Maushold|73/100
|move|p1b: Incineroar|Parting Shot|p2b: Maushold
|-unboost|p2b: Maushold|atk|1
|-unboost|p2b: Maushold|spa|1
|
|t:|1783635871
|switch|p1b: Serana|Delphox, L50, F|100/100|[from] Parting Shot
|
|upkeep
|turn|2
|
|t:|1783635886
|switch|p1a: Incineroar|Incineroar, L50, F, shiny|100/100
|-ability|p1a: Incineroar|Intimidate|boost
|-unboost|p2a: Delphox|atk|1
|-unboost|p2b: Maushold|atk|1
|detailschange|p1b: Serana|Delphox-Mega, L50, F
|-mega|p1b: Serana|Delphox|Delphoxite
|move|p2b: Maushold|Helping Hand|p2a: Delphox
|-singleturn|p2a: Delphox|Helping Hand|[of] p2b: Maushold
|move|p1b: Serana|Encore|p2a: Delphox
|-start|p2a: Delphox|Encore
|move|p2a: Delphox|Nasty Plot|p2a: Delphox
|-boost|p2a: Delphox|spa|2
|
|upkeep
|turn|3
|inactive|fili53 has 30 seconds left.
|
|t:|1783635913
|switch|p2a: Incineroar|Incineroar, L50, M|100/100
|-ability|p2a: Incineroar|Intimidate|boost
|-unboost|p1a: Incineroar|atk|1
|-unboost|p1b: Serana|atk|1
|move|p2b: Maushold|Protect|p2b: Maushold
|-singleturn|p2b: Maushold|Protect
|move|p1b: Serana|Heat Wave|p2a: Incineroar|[spread] p2a
|-activate|p2b: Maushold|move: Protect
|-resisted|p2a: Incineroar|1
|-damage|p2a: Incineroar|85/100
|move|p1a: Incineroar|Parting Shot|p2a: Incineroar
|-unboost|p2a: Incineroar|atk|1
|-unboost|p2a: Incineroar|spa|1
|
|t:|1783635922
|switch|p1a: Farigiraf|Farigiraf, L50, M, shiny|100/100|[from] Parting Shot
|
|upkeep
|turn|4
|
|t:|1783635932
|switch|p1b: Blade|Kingambit, L50, F, shiny|100/100
|switch|p2b: Delphox|Delphox-Mega, L50, F|84/100
|move|p2a: Incineroar|Parting Shot|p1b: Blade
|-unboost|p1b: Blade|atk|1
|-ability|p1b: Blade|Defiant|boost
|-boost|p1b: Blade|atk|2
|-unboost|p1b: Blade|spa|1
|-ability|p1b: Blade|Defiant|boost
|-boost|p1b: Blade|atk|2
|
|t:|1783635952
|switch|p2a: Maushold|Maushold, L50|73/100|[from] Parting Shot
|move|p1a: Farigiraf|Trick Room|p1a: Farigiraf
|-fieldstart|move: Trick Room|[of] p1a: Farigiraf
|
|upkeep
|turn|5
|
|t:|1783635961
|move|p2a: Maushold|Follow Me|p2a: Maushold
|-singleturn|p2a: Maushold|move: Follow Me
|move|p1a: Farigiraf|Hyper Voice|p2b: Delphox|[spread] p2a,p2b
|-damage|p2a: Maushold|45/100
|-damage|p2b: Delphox|68/100
|move|p1b: Blade|Kowtow Cleave|p2a: Maushold
|-damage|p2a: Maushold|0 fnt
|faint|p2a: Maushold
|move|p2b: Delphox|Heat Wave|p1a: Farigiraf|[spread] p1a,p1b
|-supereffective|p1b: Blade|1
|-damage|p1a: Farigiraf|61/100
|-damage|p1b: Blade|11/100
|-status|p1b: Blade|brn
|
|-damage|p1b: Blade|5/100 brn|[from] brn
|upkeep
|
|t:|1783635973
|switch|p2a: Sinistcha|Sinistcha, L50|100/100
|-heal|p2b: Delphox|92/100|[from] ability: Hospitality|[of] p2a: Sinistcha
|turn|6
|
|t:|1783635989
|move|p2a: Sinistcha|Protect|p2a: Sinistcha
|-singleturn|p2a: Sinistcha|Protect
|move|p2b: Delphox|Protect|p2b: Delphox
|-singleturn|p2b: Delphox|Protect
|move|p1a: Farigiraf|Foul Play|p2b: Delphox
|-activate|p2b: Delphox|move: Protect
|move|p1b: Blade|Kowtow Cleave|p2b: Delphox
|-activate|p2b: Delphox|move: Protect
|
|-damage|p1b: Blade|0 fnt|[from] brn
|faint|p1b: Blade
|upkeep
|
|t:|1783635992
|switch|p1b: Incineroar|Incineroar, L50, F, shiny|100/100
|-ability|p1b: Incineroar|Intimidate|boost
|-unboost|p2a: Sinistcha|atk|1
|-unboost|p2b: Delphox|atk|1
|turn|7
|
|t:|1783636006
|switch|p2a: Incineroar|Incineroar, L50, M|85/100
|-ability|p2a: Incineroar|Intimidate|boost
|-unboost|p1a: Farigiraf|atk|1
|-unboost|p1b: Incineroar|atk|1
|move|p1b: Incineroar|Flare Blitz|p2a: Incineroar
|-resisted|p2a: Incineroar|1
|-damage|p2a: Incineroar|70/100
|-damage|p1b: Incineroar|95/100|[from] Recoil
|move|p1a: Farigiraf|Foul Play|p2a: Incineroar
|-resisted|p2a: Incineroar|1
|-damage|p2a: Incineroar|60/100
|move|p2b: Delphox|Nasty Plot|p2b: Delphox
|-boost|p2b: Delphox|spa|2
|
|upkeep
|turn|8
|inactive|fili53 has 30 seconds left.
|
|t:|1783636034
|move|p1a: Farigiraf|Protect|p1a: Farigiraf
|-singleturn|p1a: Farigiraf|Protect
|move|p1b: Incineroar|Parting Shot|p2b: Delphox
|-unboost|p2b: Delphox|atk|1
|-unboost|p2b: Delphox|spa|1
|
|t:|1783636038
|switch|p1b: Serana|Delphox-Mega, L50, F|100/100|[from] Parting Shot
|move|p2a: Incineroar|Parting Shot|p1b: Serana
|-unboost|p1b: Serana|atk|1
|-unboost|p1b: Serana|spa|1
|
|t:|1783636042
|switch|p2a: Sinistcha|Sinistcha, L50|100/100|[from] Parting Shot
|-heal|p2b: Delphox|100/100|[from] ability: Hospitality|[of] p2a: Sinistcha
|move|p2b: Delphox|Heat Wave|p1a: Farigiraf|[spread] p1b
|-activate|p1a: Farigiraf|move: Protect
|-resisted|p1b: Serana|1
|-damage|p1b: Serana|71/100
|
|-fieldend|move: Trick Room
|upkeep
|turn|9
|
|t:|1783636065
|switch|p1a: Incineroar|Incineroar, L50, F, shiny|95/100
|-ability|p1a: Incineroar|Intimidate|boost
|-unboost|p2a: Sinistcha|atk|1
|-unboost|p2b: Delphox|atk|1
|move|p2a: Sinistcha|Rage Powder|p2a: Sinistcha
|-singleturn|p2a: Sinistcha|move: Rage Powder
|move|p1b: Serana|Heat Wave|p2b: Delphox|[spread] p2a
|-miss|p1b: Serana|p2b: Delphox
|-supereffective|p2a: Sinistcha|1
|-damage|p2a: Sinistcha|52/100
|move|p2b: Delphox|Nasty Plot|p2b: Delphox
|-boost|p2b: Delphox|spa|2
|
|upkeep
|turn|10
|inactive|Mimastrid has 30 seconds left.
|
|t:|1783636093
|switch|p2a: Incineroar|Incineroar, L50, M|60/100
|-ability|p2a: Incineroar|Intimidate|boost
|-unboost|p1a: Incineroar|atk|1
|-unboost|p1b: Serana|atk|1
|move|p1b: Serana|Protect|p1b: Serana
|-singleturn|p1b: Serana|Protect
|move|p2b: Delphox|Protect|p2b: Delphox
|-singleturn|p2b: Delphox|Protect
|move|p1a: Incineroar|Flare Blitz|p2a: Incineroar
|-resisted|p2a: Incineroar|1
|-damage|p2a: Incineroar|45/100
|-damage|p1a: Incineroar|89/100|[from] Recoil
|
|upkeep
|turn|11
|inactive|fili53 has 30 seconds left.
|
|t:|1783636124
|switch|p1a: Farigiraf|Farigiraf, L50, M, shiny|61/100
|move|p1b: Serana|Encore|p2b: Delphox
|-start|p2b: Delphox|Encore
|move|p2b: Delphox|Protect||[still]
|-fail|p2b: Delphox
|move|p2a: Incineroar|Parting Shot|p1a: Farigiraf
|-unboost|p1a: Farigiraf|atk|1
|-unboost|p1a: Farigiraf|spa|1
|
|t:|1783636129
|switch|p2a: Sinistcha|Sinistcha, L50|52/100|[from] Parting Shot
|
|upkeep
|turn|12
|
|t:|1783636139
|move|p2b: Delphox|Protect|p2b: Delphox
|-singleturn|p2b: Delphox|Protect
|move|p1b: Serana|Heat Wave|p2a: Sinistcha|[spread] p2a
|-activate|p2b: Delphox|move: Protect
|-supereffective|p2a: Sinistcha|1
|-damage|p2a: Sinistcha|7/100
|move|p2a: Sinistcha|Shadow Ball|p1b: Serana
|-supereffective|p1b: Serana|1
|-damage|p1b: Serana|13/100
|-unboost|p1b: Serana|spd|1
|move|p1a: Farigiraf|Foul Play|p2b: Delphox
|-activate|p2b: Delphox|move: Protect
|
|upkeep
|turn|13
|
|t:|1783636152
|switch|p2a: Incineroar|Incineroar, L50, M|45/100
|-ability|p2a: Incineroar|Intimidate|boost
|-unboost|p1a: Farigiraf|atk|1
|-unboost|p1b: Serana|atk|1
|move|p2b: Delphox|Protect|p2b: Delphox
|-singleturn|p2b: Delphox|Protect
|move|p1b: Serana|Heat Wave|p2a: Incineroar|[spread] p2a
|-activate|p2b: Delphox|move: Protect
|-resisted|p2a: Incineroar|1
|-damage|p2a: Incineroar|33/100
|move|p1a: Farigiraf|Foul Play|p2b: Delphox
|-activate|p2b: Delphox|move: Protect
|
|-end|p2b: Delphox|Encore
|upkeep
|turn|14
|inactive|fili53 has 30 seconds left.
|inactive|fili53 has 20 seconds left.
|
|t:|1783636187
|move|p2b: Delphox|Protect||[still]
|-fail|p2b: Delphox
|move|p1b: Serana|Encore|p2b: Delphox
|-start|p2b: Delphox|Encore
|move|p2a: Incineroar|Darkest Lariat|p1b: Serana
|-supereffective|p1b: Serana|1
|-damage|p1b: Serana|0 fnt
|faint|p1b: Serana
|move|p1a: Farigiraf|Hyper Voice|p2a: Incineroar|[spread] p2a,p2b
|-damage|p2a: Incineroar|17/100
|-damage|p2b: Delphox|85/100
|
|upkeep
|
|t:|1783636191
|switch|p1b: Incineroar|Incineroar, L50, F, shiny|89/100
|-ability|p1b: Incineroar|Intimidate|boost
|-unboost|p2a: Incineroar|atk|1
|-unboost|p2b: Delphox|atk|1
|turn|15
|
|t:|1783636199
|switch|p2a: Sinistcha|Sinistcha, L50|7/100
|-heal|p2b: Delphox|100/100|[from] ability: Hospitality|[of] p2a: Sinistcha
|move|p2b: Delphox|Protect|p2b: Delphox
|-singleturn|p2b: Delphox|Protect
|move|p1b: Incineroar|Fake Out|p2a: Sinistcha
|-immune|p2a: Sinistcha
|move|p1a: Farigiraf|Trick Room|p1a: Farigiraf
|-fieldstart|move: Trick Room|[of] p1a: Farigiraf
|
|upkeep
|turn|16
|
|t:|1783636211
|switch|p2a: Incineroar|Incineroar, L50, M|17/100
|-ability|p2a: Incineroar|Intimidate|boost
|-unboost|p1a: Farigiraf|atk|1
|-unboost|p1b: Incineroar|atk|1
|move|p2b: Delphox|Protect||[still]
|-fail|p2b: Delphox
|move|p1b: Incineroar|Throat Chop|p2b: Delphox
|-supereffective|p2b: Delphox|1
|-damage|p2b: Delphox|35/100
|-start|p2b: Delphox|Throat Chop|[silent]
|move|p1a: Farigiraf|Foul Play|p2b: Delphox
|-supereffective|p2b: Delphox|1
|-damage|p2b: Delphox|22/100
|
|-end|p2b: Delphox|Encore
|upkeep
|turn|17
|inactive|fili53 has 30 seconds left.
|inactive|fili53 has 20 seconds left.
|inactive|fili53 has 15 seconds left.
|
|t:|1783636252
|switch|p2b: Sinistcha|Sinistcha, L50|7/100
|-heal|p2a: Incineroar|42/100|[from] ability: Hospitality|[of] p2b: Sinistcha
|move|p1a: Farigiraf|Protect|p1a: Farigiraf
|-singleturn|p1a: Farigiraf|Protect
|move|p1b: Incineroar|Throat Chop|p2b: Sinistcha
|-supereffective|p2b: Sinistcha|1
|-damage|p2b: Sinistcha|0 fnt
|faint|p2b: Sinistcha
|move|p2a: Incineroar|Darkest Lariat|p1a: Farigiraf
|-activate|p1a: Farigiraf|move: Protect
|
|upkeep
|
|t:|1783636258
|switch|p2b: Delphox|Delphox-Mega, L50, F|22/100
|turn|18
|
|t:|1783636266
|move|p1b: Incineroar|Throat Chop|p2b: Delphox
|-supereffective|p2b: Delphox|1
|-damage|p2b: Delphox|0 fnt
|faint|p2b: Delphox
|move|p1a: Farigiraf|Hyper Voice|p2a: Incineroar
|-damage|p2a: Incineroar|20/100y
|move|p2a: Incineroar|Darkest Lariat|p1a: Farigiraf
|-supereffective|p1a: Farigiraf|1
|-damage|p1a: Farigiraf|7/100
|-enditem|p1a: Farigiraf|Sitrus Berry|[eat]
|-heal|p1a: Farigiraf|32/100|[from] item: Sitrus Berry
|
|upkeep
|turn|19
|-message|fili53 forfeited.
|
|win|Mimastrid
|l|☆fili53
|player|p2|
||fili53 is ready for game 2.
||Mimastrid is ready for game 2.
|uhtml|next|Next: Game 2 of 3
