|j|☆LuisLM95
|j|☆COLDSTONECREAM
|html|LuisLM95COLDSTONECREAM    
|uhtml|bestof|Game 3 of a best-of-3
|t:|1783742762
|gametype|doubles
|player|p1|LuisLM95|riley|1122
|player|p2|COLDSTONECREAM|hilda|1000
|gen|9
|tier|[Gen 9 Champions] VGC 2026 Reg M-B (Bo3)
|rated|
|rule|Species Clause: Limit one of each Pokémon
|rule|Item Clause: Limit 1 of each item
|clearpoke
|poke|p1|Milotic, L50, F|
|poke|p1|Sinistcha, L50|
|poke|p1|Grimmsnarl, L50, M|
|poke|p1|Gengar, L50, M|
|poke|p1|Clefable, L50, F|
|poke|p1|Incineroar, L50, M|
|poke|p2|Arcanine-Hisui, L50, F|
|poke|p2|Altaria, L50, F|
|poke|p2|Grimmsnarl, L50, M|
|poke|p2|Milotic, L50, F|
|poke|p2|Aggron, L50, F|
|poke|p2|Sinistcha, L50|
|teampreview|4
|showteam|p1|Milotic||Leftovers|Competitive|Scald,Hypnosis,Coil,Protect|Relaxed||F|||50|]Sinistcha||WiseGlasses|Hospitality|MatchaGotcha,ShadowBall,TrickRoom,LifeDew|Sassy|||||50|]Grimmsnarl||LightClay|Prankster|SpiritBreak,LightScreen,Reflect,PartingShot|Relaxed||M|||50|]Gengar||Gengarite|CursedBody|ShadowBall,SludgeBomb,PerishSong,Protect|Bold||M|||50|]Clefable||LifeOrb|MagicGuard|Moonblast,FollowMe,LifeDew,Protect|Relaxed||F|||50|]Incineroar||SitrusBerry|Intimidate|FlareBlitz,DarkestLariat,FakeOut,PartingShot|Brave||M|||50|
|showteam|p2|Arcanine-Hisui||ChoiceScarf|RockHead|HeadSmash,RockSlide,FlareBlitz,WildCharge|Jolly||F|||50|]Altaria||Altarianite|CloudNine|Roost,HyperVoice,DragonPulse,Protect|Modest||F|||50|]Grimmsnarl||LightClay|Prankster|Reflect,LightScreen,FoulPlay,SpiritBreak|Careful||M|||50|]Milotic||Leftovers|Competitive|Scald,IcyWind,LifeDew,Protect|Calm||F|||50|]Aggron||Aggronite|Sturdy|IronDefense,HeavySlam,BodyPress,Crunch|Relaxed||F|||50|]Sinistcha||SitrusBerry|Hospitality|MatchaGotcha,LifeDew,RagePowder,TrickRoom|Calm|||||50|
|inactive|Battle timer is ON: inactive players will automatically lose when time's up. (requested by COLDSTONECREAM)
|
|t:|1783742780
|teamsize|p1|4
|teamsize|p2|4
|start
|switch|p1a: Grimmsnarl|Grimmsnarl, L50, M|100/100
|switch|p1b: Gengar|Gengar, L50, M|100/100
|switch|p2a: Milotic|Milotic, L50, F|100/100
|switch|p2b: Grimmsnarl|Grimmsnarl, L50, M|100/100
|turn|1
|
|t:|1783742796
|switch|p2a: Sinistcha|Sinistcha, L50|100/100
|detailschange|p1b: Gengar|Gengar-Mega, L50, M
|-mega|p1b: Gengar|Gengar|Gengarite
|move|p2b: Grimmsnarl|Light Screen|p2b: Grimmsnarl
|-sidestart|p2: COLDSTONECREAM|move: Light Screen
|move|p1a: Grimmsnarl|Light Screen|p1a: Grimmsnarl
|-sidestart|p1: LuisLM95|move: Light Screen
|move|p1b: Gengar|Perish Song|p1b: Gengar
|-start|p1a: Grimmsnarl|perish3|[silent]
|-start|p1b: Gengar|perish3|[silent]
|-start|p2a: Sinistcha|perish3|[silent]
|-start|p2b: Grimmsnarl|perish3|[silent]
|-fieldactivate|move: Perish Song
|
|-start|p1b: Gengar|perish3
|-start|p2a: Sinistcha|perish3
|-start|p2b: Grimmsnarl|perish3
|-start|p1a: Grimmsnarl|perish3
|upkeep
|turn|2
|
|t:|1783742815
|move|p1a: Grimmsnarl|Light Screen||[still]
|-fail|p1a: Grimmsnarl
|move|p1b: Gengar|Sludge Bomb|p2a: Sinistcha
|-damage|p2a: Sinistcha|71/100
|move|p2a: Sinistcha|Matcha Gotcha|p1a: Grimmsnarl|[spread] p1a,p1b
|-resisted|p1b: Gengar|1
|-damage|p1a: Grimmsnarl|84/100
|-heal|p2a: Sinistcha|79/100|[from] drain|[of] p1a: Grimmsnarl
|-damage|p1b: Gengar|90/100
|-heal|p2a: Sinistcha|84/100|[from] drain|[of] p1b: Gengar
|move|p2b: Grimmsnarl|Spirit Break|p1a: Grimmsnarl
|-supereffective|p1a: Grimmsnarl|1
|-damage|p1a: Grimmsnarl|17/100
|-unboost|p1a: Grimmsnarl|spa|1
|
|-start|p1b: Gengar|perish2
|-start|p2a: Sinistcha|perish2
|-start|p2b: Grimmsnarl|perish2
|-start|p1a: Grimmsnarl|perish2
|upkeep
|turn|3
|inactive|LuisLM95 has 30 seconds left.
|
|t:|1783742843
|move|p1a: Grimmsnarl|Parting Shot|p2b: Grimmsnarl
|-hint|Since gen 7, Dark is immune to Prankster moves.
|-immune|p2b: Grimmsnarl
|move|p1b: Gengar|Shadow Ball|p2a: Sinistcha
|-supereffective|p2a: Sinistcha|1
|-damage|p2a: Sinistcha|32/100
|-unboost|p2a: Sinistcha|spd|1
|-enditem|p2a: Sinistcha|Sitrus Berry|[eat]
|-heal|p2a: Sinistcha|57/100|[from] item: Sitrus Berry
|move|p2a: Sinistcha|Matcha Gotcha|p1b: Gengar|[spread] p1a,p1b
|-resisted|p1b: Gengar|1
|-damage|p1a: Grimmsnarl|1/100
|-heal|p2a: Sinistcha|65/100|[from] drain|[of] p1a: Grimmsnarl
|-damage|p1b: Gengar|81/100
|-heal|p2a: Sinistcha|69/100|[from] drain|[of] p1b: Gengar
|-status|p1a: Grimmsnarl|brn
|move|p2b: Grimmsnarl|Spirit Break|p1a: Grimmsnarl
|-supereffective|p1a: Grimmsnarl|1
|-damage|p1a: Grimmsnarl|0 fnt
|faint|p1a: Grimmsnarl
|
|-start|p1b: Gengar|perish1
|-start|p2a: Sinistcha|perish1
|-start|p2b: Grimmsnarl|perish1
|upkeep
|inactive|LuisLM95 has 30 seconds left.
|
|t:|1783742868
|switch|p1a: Incineroar|Incineroar, L50, M|100/100
|-ability|p1a: Incineroar|Intimidate|boost
|-unboost|p2a: Sinistcha|atk|1
|-unboost|p2b: Grimmsnarl|atk|1
|turn|4
|
|t:|1783742884
|switch|p1b: Sinistcha|Sinistcha, L50|100/100
|switch|p2a: Milotic|Milotic, L50, F|100/100
|move|p1a: Incineroar|Fake Out|p2b: Grimmsnarl
|-damage|p2b: Grimmsnarl|86/100
|cant|p2b: Grimmsnarl|flinch
|
|-start|p2b: Grimmsnarl|perish0
|faint|p2b: Grimmsnarl
|upkeep
|
|t:|1783742895
|switch|p2b: Sinistcha|Sinistcha, L50|69/100
|turn|5
|
|t:|1783742914
|switch|p1b: Gengar|Gengar-Mega, L50, M|81/100
|move|p2a: Milotic|Scald|p1a: Incineroar
|-supereffective|p1a: Incineroar|1
|-damage|p1a: Incineroar|62/100
|move|p1a: Incineroar|Parting Shot|p2b: Sinistcha
|-unboost|p2b: Sinistcha|atk|1
|-unboost|p2b: Sinistcha|spa|1
|
|t:|1783742922
|switch|p1a: Sinistcha|Sinistcha, L50|100/100|[from] Parting Shot
|-heal|p1b: Gengar|100/100|[from] ability: Hospitality|[of] p1a: Sinistcha
|move|p2b: Sinistcha|Trick Room|p2b: Sinistcha
|-fieldstart|move: Trick Room|[of] p2b: Sinistcha
|
|upkeep
|turn|6
|
|t:|1783742935
|move|p1a: Sinistcha|Matcha Gotcha|p2b: Sinistcha|[spread] p2a,p2b
|-supereffective|p2a: Milotic|1
|-resisted|p2b: Sinistcha|1
|-damage|p2a: Milotic|76/100
|-damage|p2b: Sinistcha|61/100
|-status|p2b: Sinistcha|brn
|move|p2b: Sinistcha|Matcha Gotcha|p1b: Gengar|[spread] p1a,p1b
|-resisted|p1a: Sinistcha|1
|-resisted|p1b: Gengar|1
|-damage|p1a: Sinistcha|95/100
|-heal|p2b: Sinistcha|64/100 brn|[from] drain|[of] p1a: Sinistcha
|-damage|p1b: Gengar|94/100
|-heal|p2b: Sinistcha|66/100 brn|[from] drain|[of] p1b: Gengar
|-status|p1a: Sinistcha|brn
|move|p2a: Milotic|Scald|p1b: Gengar
|-damage|p1b: Gengar|73/100
|-status|p1b: Gengar|brn
|move|p1b: Gengar|Perish Song|p1b: Gengar
|-start|p1a: Sinistcha|perish3|[silent]
|-start|p1b: Gengar|perish3|[silent]
|-start|p2a: Milotic|perish3|[silent]
|-start|p2b: Sinistcha|perish3|[silent]
|-fieldactivate|move: Perish Song
|
|-heal|p2a: Milotic|82/100|[from] item: Leftovers
|-damage|p1a: Sinistcha|88/100 brn|[from] brn
|-damage|p2b: Sinistcha|60/100 brn|[from] brn
|-damage|p1b: Gengar|67/100 brn|[from] brn
|-start|p1a: Sinistcha|perish3
|-start|p2b: Sinistcha|perish3
|-start|p2a: Milotic|perish3
|-start|p1b: Gengar|perish3
|upkeep
|turn|7
|inactive|LuisLM95 has 30 seconds left.
|inactive|LuisLM95 has 20 seconds left.
|
|t:|1783742973
|move|p1a: Sinistcha|Matcha Gotcha|p2b: Sinistcha|[spread] p2b
|-miss|p1a: Sinistcha|p2a: Milotic
|-resisted|p2b: Sinistcha|1
|-damage|p2b: Sinistcha|52/100 brn
|-heal|p1a: Sinistcha|93/100 brn|[from] drain|[of] p2b: Sinistcha
|move|p2b: Sinistcha|Matcha Gotcha|p1a: Sinistcha|[spread] p1a,p1b
|-resisted|p1a: Sinistcha|1
|-resisted|p1b: Gengar|1
|-damage|p1a: Sinistcha|88/100 brn
|-heal|p2b: Sinistcha|55/100 brn|[from] drain|[of] p1a: Sinistcha
|-damage|p1b: Gengar|62/100 brn
|-heal|p2b: Sinistcha|57/100 brn|[from] drain|[of] p1b: Gengar
|move|p2a: Milotic|Icy Wind|p1b: Gengar|[spread] p1a,p1b
|-supereffective|p1a: Sinistcha|1
|-damage|p1a: Sinistcha|76/100 brn
|-damage|p1b: Gengar|55/100 brn
|-unboost|p1a: Sinistcha|spe|1
|-unboost|p1b: Gengar|spe|1
|move|p1b: Gengar|Shadow Ball|p2a: Milotic
|-damage|p2a: Milotic|63/100
|
|-heal|p2a: Milotic|69/100|[from] item: Leftovers
|-damage|p1a: Sinistcha|70/100 brn|[from] brn
|-damage|p2b: Sinistcha|51/100 brn|[from] brn
|-damage|p1b: Gengar|49/100 brn|[from] brn
|-start|p1a: Sinistcha|perish2
|-start|p2b: Sinistcha|perish2
|-start|p2a: Milotic|perish2
|-start|p1b: Gengar|perish2
|upkeep
|turn|8
|inactive|LuisLM95 has 30 seconds left.
|
|t:|1783743002
|switch|p2b: Aggron|Aggron, L50, F|100/100
|move|p1b: Gengar|Protect|p1b: Gengar
|-singleturn|p1b: Gengar|Protect
|move|p1a: Sinistcha|Life Dew|p1a: Sinistcha|[spread] p1a,p1b
|-heal|p1a: Sinistcha|95/100 brn
|-heal|p1b: Gengar|73/100 brn
|move|p2a: Milotic|Scald|p1a: Sinistcha
|-resisted|p1a: Sinistcha|1
|-damage|p1a: Sinistcha|85/100 brn
|
|-heal|p2a: Milotic|75/100|[from] item: Leftovers
|-damage|p1a: Sinistcha|79/100 brn|[from] brn
|-damage|p1b: Gengar|67/100 brn|[from] brn
|-start|p1a: Sinistcha|perish1
|-start|p2a: Milotic|perish1
|-start|p1b: Gengar|perish1
|-sideend|p1: LuisLM95|move: Light Screen
|-sideend|p2: COLDSTONECREAM|move: Light Screen
|upkeep
|turn|9
|inactive|LuisLM95 has 30 seconds left.
|
|t:|1783743036
|switch|p1b: Incineroar|Incineroar, L50, M|62/100
|-ability|p1b: Incineroar|Intimidate|boost
|-unboost|p2a: Milotic|atk|1
|-ability|p2a: Milotic|Competitive|boost
|-boost|p2a: Milotic|spa|2
|-unboost|p2b: Aggron|atk|1
|detailschange|p2b: Aggron|Aggron-Mega, L50, F
|-mega|p2b: Aggron|Aggron|Aggronite
|move|p1a: Sinistcha|Shadow Ball|p2a: Milotic
|-damage|p2a: Milotic|53/100
|-unboost|p2a: Milotic|spd|1
|-ability|p2a: Milotic|Competitive|boost
|-boost|p2a: Milotic|spa|2
|move|p2b: Aggron|Crunch|p1b: Incineroar
|-resisted|p1b: Incineroar|1
|-damage|p1b: Incineroar|55/100
|move|p2a: Milotic|Scald|p1b: Incineroar
|-supereffective|p1b: Incineroar|1
|-damage|p1b: Incineroar|0 fnt
|faint|p1b: Incineroar
|
|-heal|p2a: Milotic|59/100|[from] item: Leftovers
|-damage|p1a: Sinistcha|73/100 brn|[from] brn
|-start|p1a: Sinistcha|perish0
|-start|p2a: Milotic|perish0
|-fieldend|move: Trick Room
|upkeep
|faint|p1a: Sinistcha
|faint|p2a: Milotic
|
|t:|1783743060
|switch|p2a: Sinistcha|Sinistcha, L50|51/100 brn
|switch|p1b: Gengar|Gengar-Mega, L50, M|67/100 brn
|turn|10
|
|t:|1783743073
|move|p1b: Gengar|Perish Song|p1b: Gengar
|-start|p1b: Gengar|perish3|[silent]
|-start|p2a: Sinistcha|perish3|[silent]
|-start|p2b: Aggron|perish3|[silent]
|-fieldactivate|move: Perish Song
|move|p2a: Sinistcha|Life Dew||[still]|[spread] p2a,p2b
|-heal|p2a: Sinistcha|76/100 brn
|-fail|p2b: Aggron|heal
|move|p2b: Aggron|Crunch|p1b: Gengar
|-supereffective|p1b: Gengar|1
|-damage|p1b: Gengar|31/100 brn
|
|-damage|p1b: Gengar|25/100 brn|[from] brn
|-damage|p2a: Sinistcha|70/100 brn|[from] brn
|-start|p1b: Gengar|perish3
|-start|p2a: Sinistcha|perish3
|-start|p2b: Aggron|perish3
|upkeep
|turn|11
|
|t:|1783743091
|move|p1b: Gengar|Protect|p1b: Gengar
|-singleturn|p1b: Gengar|Protect
|move|p2a: Sinistcha|Life Dew||[still]|[spread] p2a,p2b
|-heal|p2a: Sinistcha|96/100 brn
|-fail|p2b: Aggron|heal
|move|p2b: Aggron|Crunch|p1b: Gengar
|-activate|p1b: Gengar|move: Protect
|
|-damage|p1b: Gengar|19/100 brn|[from] brn
|-damage|p2a: Sinistcha|89/100 brn|[from] brn
|-start|p1b: Gengar|perish2
|-start|p2a: Sinistcha|perish2
|-start|p2b: Aggron|perish2
|upkeep
|turn|12
|c|☆COLDSTONECREAM|Okay? You faint first lol
|
|t:|1783743106
|move|p1b: Gengar|Shadow Ball|p2b: Aggron
|-damage|p2b: Aggron|57/100
|move|p2a: Sinistcha|Life Dew|p2a: Sinistcha|[spread] p2a,p2b
|-heal|p2a: Sinistcha|100/100 brn
|-heal|p2b: Aggron|82/100
|move|p2b: Aggron|Crunch|p1b: Gengar
|-supereffective|p1b: Gengar|1
|-damage|p1b: Gengar|0 fnt
|faint|p1b: Gengar
|
|win|COLDSTONECREAM
|raw|LuisLM95's rating: 1122 → 1089(-33 for losing)
|raw|COLDSTONECREAM's rating: 1000 → 1053(+53 for winning)
