|j|☆carrotvg
|j|☆caZISA
|html|carrotvgcaZISA    
|uhtml|bestof|Game 1 of a best-of-3
|t:|1757647367
|gametype|doubles
|player|p1|carrotvg|169|1220
|player|p2|caZISA|red|1373
|gen|9
|tier|[Gen 9] VGC 2025 Reg H (Bo3)
|rated|
|rule|Species Clause: Limit one of each Pokémon
|rule|Item Clause: Limit 1 of each item
|clearpoke
|poke|p1|Rillaboom, L50, M|
|poke|p1|Incineroar, L50, M|
|poke|p1|Sneasler, L50, F|
|poke|p1|Ursaluna-Bloodmoon, L50, M|
|poke|p1|Ninetales-Alola, L50, F|
|poke|p1|Gholdengo, L50|
|poke|p2|Amoonguss, L50, F|
|poke|p2|Incineroar, L50, F|
|poke|p2|Pelipper, L50, M|
|poke|p2|Basculegion, L50, M|
|poke|p2|Archaludon, L50, F|
|poke|p2|Maushold-Four, L50|
|teampreview|4
|showteam|p1|Rillaboom||AssaultVest|GrassySurge|DrumBeating,GrassyGlide,FakeOut,Uturn|||M|||50|,,,,,Fire]Incineroar||SafetyGoggles|Intimidate|FlareBlitz,KnockOff,FakeOut,PartingShot|||M|||50|,,,,,Ghost]Sneasler||GrassySeed|Unburden|DireClaw,CloseCombat,Acrobatics,Protect|||F|||50|,,,,,Flying]Ursaluna-Bloodmoon||Leftovers|MindsEye|BloodMoon,EarthPower,CalmMind,Protect|||M|||50|,,,,,Electric]Ninetales-Alola||FocusSash|SnowWarning|Blizzard,IcyWind,Encore,Protect|||F|||50|,,,,,Ghost]Gholdengo||ChoiceScarf|GoodasGold|MakeItRain,ShadowBall,Trick,Protect||||||50|,,,,,Steel
|showteam|p2|Amoonguss||RockyHelmet|Regenerator|Spore,RagePowder,PollenPuff,ClearSmog|||F|||50|,,,,,Water]Incineroar||SafetyGoggles|Intimidate|FakeOut,FlareBlitz,KnockOff,PartingShot|||F|||50|,,,,,Ghost]Pelipper||FocusSash|Drizzle|Hurricane,MuddyWater,WideGuard,Tailwind|||M|||50|,,,,,Ghost]Basculegion||LifeOrb|SwiftSwim|WaveCrash,LastRespects,AquaJet,Protect|||M|||50|,,,,,Grass]Archaludon||AssaultVest|Stamina|FlashCannon,DracoMeteor,ElectroShot,BodyPress|||F|||50|,,,,,Fighting]Maushold-Four||WideLens|Technician|PopulationBomb,Taunt,FollowMe,Protect||||||50|,,,,,Ghost
|
|t:|1757647393
|teamsize|p1|4
|teamsize|p2|4
|start
|switch|p1a: Rillaboom|Rillaboom, L50, M|100/100
|switch|p1b: Ursaluna|Ursaluna-Bloodmoon, L50, M|100/100
|switch|p2a: E.R.M.A.C|Basculegion, L50, M|100/100
|switch|p2b: Tigre Toño|Incineroar, L50, F, shiny|100/100
|-fieldstart|move: Grassy Terrain|[from] ability: Grassy Surge|[of] p1a: Rillaboom
|-ability|p2b: Tigre Toño|Intimidate|boost
|-unboost|p1a: Rillaboom|atk|1
|-unboost|p1b: Ursaluna|atk|1
|turn|1
|
|t:|1757647437
|switch|p2b: Nigel|Pelipper, L50, M|100/100
|-weather|RainDance|[from] ability: Drizzle|[of] p2b: Nigel
|-terastallize|p1b: Ursaluna|Electric
|move|p1a: Rillaboom|Fake Out|p2b: Nigel
|-damage|p2b: Nigel|90/100
|move|p2a: E.R.M.A.C|Wave Crash|p1b: Ursaluna
|-damage|p1b: Ursaluna|26/100
|-damage|p2a: E.R.M.A.C|75/100|[from] Recoil
|-damage|p2a: E.R.M.A.C|65/100|[from] item: Life Orb
|move|p1b: Ursaluna|Blood Moon|p2a: E.R.M.A.C
|-damage|p2a: E.R.M.A.C|0 fnt
|faint|p2a: E.R.M.A.C
|
|-weather|RainDance|[upkeep]
|-heal|p1b: Ursaluna|32/100|[from] Grassy Terrain
|-heal|p1b: Ursaluna|38/100|[from] item: Leftovers
|upkeep
|inactive|Battle timer is ON: inactive players will automatically lose when time's up. (requested by caZISA)
|
|t:|1757647452
|switch|p2a: Golden Gate|Archaludon, L50, F|100/100
|turn|2
|inactive|carrotvg has 30 seconds left.
|inactive|carrotvg has 20 seconds left.
|inactive|carrotvg has 15 seconds left.
|inactive|carrotvg has 10 seconds left.
|
|t:|1757647500
|switch|p1b: Ninetales|Ninetales-Alola, L50, F|100/100
|-weather|Snowscape|[from] ability: Snow Warning|[of] p1b: Ninetales
|move|p1a: Rillaboom|Drum Beating|p2b: Nigel
|-damage|p2b: Nigel|50/100
|-unboost|p2b: Nigel|spe|1
|move|p2a: Golden Gate|Draco Meteor|p1b: Ninetales
|-immune|p1b: Ninetales
|move|p2b: Nigel|Tailwind|p2b: Nigel
|-sidestart|p2: caZISA|move: Tailwind
|
|-weather|Snowscape|[upkeep]
|upkeep
|turn|3
|inactive|carrotvg has 30 seconds left.
|inactive|caZISA has 30 seconds left.
|inactive|caZISA has 20 seconds left.
|
|t:|1757647536
|switch|p1b: Incineroar|Incineroar, L50, M|100/100
|-ability|p1b: Incineroar|Intimidate|boost
|-unboost|p2a: Golden Gate|atk|1
|-unboost|p2b: Nigel|atk|1
|switch|p2b: Tigre Toño|Incineroar, L50, F, shiny|100/100
|-ability|p2b: Tigre Toño|Intimidate|boost
|-unboost|p1a: Rillaboom|atk|1
|-unboost|p1b: Incineroar|atk|1
|move|p2a: Golden Gate|Flash Cannon|p1b: Incineroar
|-resisted|p1b: Incineroar
|-damage|p1b: Incineroar|86/100
|move|p1a: Rillaboom|U-turn|p2b: Tigre Toño
|-crit|p2b: Tigre Toño
|-damage|p2b: Tigre Toño|74/100
|
|t:|1757647546
|switch|p1a: Ursaluna|Ursaluna-Bloodmoon, L50, M, tera:Electric|38/100|[from] U-turn
|
|-weather|Snowscape|[upkeep]
|-heal|p2b: Tigre Toño|80/100|[from] Grassy Terrain
|-heal|p1a: Ursaluna|45/100|[from] Grassy Terrain
|-heal|p1a: Ursaluna|51/100|[from] item: Leftovers
|-heal|p1b: Incineroar|92/100|[from] Grassy Terrain
|upkeep
|turn|4
|inactive|carrotvg has 30 seconds left.
|
|t:|1757647574
|move|p2b: Tigre Toño|Fake Out|p1b: Incineroar
|-damage|p1b: Incineroar|80/100
|cant|p1b: Incineroar|flinch
|move|p2a: Golden Gate|Body Press|p1b: Incineroar
|-supereffective|p1b: Incineroar
|-damage|p1b: Incineroar|35/100
|move|p1a: Ursaluna|Blood Moon|p2b: Tigre Toño
|-damage|p2b: Tigre Toño|16/100
|
|-weather|Snowscape|[upkeep]
|-heal|p2b: Tigre Toño|22/100|[from] Grassy Terrain
|-heal|p1a: Ursaluna|57/100|[from] Grassy Terrain
|-heal|p1a: Ursaluna|63/100|[from] item: Leftovers
|-heal|p1b: Incineroar|41/100|[from] Grassy Terrain
|upkeep
|turn|5
|inactive|carrotvg has 30 seconds left.
|inactive|carrotvg has 20 seconds left.
|
|t:|1757647609
|switch|p1b: Rillaboom|Rillaboom, L50, M|100/100
|move|p1a: Ursaluna|Protect|p1a: Ursaluna
|-singleturn|p1a: Ursaluna|Protect
|move|p2a: Golden Gate|Body Press|p1b: Rillaboom
|-damage|p1b: Rillaboom|74/100
|move|p2b: Tigre Toño|Knock Off|p1a: Ursaluna
|-activate|p1a: Ursaluna|move: Protect
|
|-weather|Snowscape|[upkeep]
|-heal|p2b: Tigre Toño|28/100|[from] Grassy Terrain
|-heal|p1b: Rillaboom|80/100|[from] Grassy Terrain
|-heal|p1a: Ursaluna|69/100|[from] Grassy Terrain
|-heal|p1a: Ursaluna|76/100|[from] item: Leftovers
|-sideend|p2: caZISA|move: Tailwind
|-fieldend|move: Grassy Terrain
|upkeep
|turn|6
|
|t:|1757647623
|-terastallize|p2b: Tigre Toño|Ghost
|move|p1b: Rillaboom|Fake Out|p2a: Golden Gate
|-resisted|p2a: Golden Gate
|-damage|p2a: Golden Gate|96/100
|-ability|p2a: Golden Gate|Stamina|boost
|-boost|p2a: Golden Gate|def|1
|cant|p2a: Golden Gate|flinch
|move|p1a: Ursaluna|Blood Moon|p2b: Tigre Toño
|-damage|p2b: Tigre Toño|0 fnt
|faint|p2b: Tigre Toño
|
|-weather|none
|-heal|p1a: Ursaluna|82/100|[from] item: Leftovers
|upkeep
|
|t:|1757647629
|switch|p2b: Nigel|Pelipper, L50, M|50/100
|-weather|RainDance|[from] ability: Drizzle|[of] p2b: Nigel
|turn|7
|
|t:|1757647634
|switch|p1b: Ninetales|Ninetales-Alola, L50, F|100/100
|-weather|Snowscape|[from] ability: Snow Warning|[of] p1b: Ninetales
|move|p2b: Nigel|Tailwind|p2b: Nigel
|-sidestart|p2: caZISA|move: Tailwind
|move|p2a: Golden Gate|Body Press|p1a: Ursaluna
|-damage|p1a: Ursaluna|55/100
|move|p1a: Ursaluna|Calm Mind|p1a: Ursaluna
|-boost|p1a: Ursaluna|spa|1
|-boost|p1a: Ursaluna|spd|1
|
|-weather|Snowscape|[upkeep]
|-heal|p1a: Ursaluna|61/100|[from] item: Leftovers
|upkeep
|turn|8
|inactive|carrotvg has 30 seconds left.
|
|t:|1757647661
|switch|p1b: Rillaboom|Rillaboom, L50, M|80/100
|-fieldstart|move: Grassy Terrain|[from] ability: Grassy Surge|[of] p1b: Rillaboom
|move|p1a: Ursaluna|Protect|p1a: Ursaluna
|-singleturn|p1a: Ursaluna|Protect
|move|p2b: Nigel|Muddy Water|p1a: Ursaluna|[spread] 
|-activate|p1a: Ursaluna|move: Protect
|-miss|p2b: Nigel|p1b: Rillaboom
|move|p2a: Golden Gate|Body Press|p1b: Rillaboom
|-crit|p1b: Rillaboom
|-damage|p1b: Rillaboom|24/100
|
|-weather|Snowscape|[upkeep]
|-heal|p2a: Golden Gate|100/100|[from] Grassy Terrain
|-heal|p1b: Rillaboom|31/100|[from] Grassy Terrain
|-heal|p1a: Ursaluna|67/100|[from] Grassy Terrain
|-heal|p1a: Ursaluna|73/100|[from] item: Leftovers
|upkeep
|turn|9
|
|t:|1757647677
|move|p1b: Rillaboom|Fake Out|p2b: Nigel
|-damage|p2b: Nigel|34/100
|cant|p2b: Nigel|flinch
|move|p2a: Golden Gate|Body Press|p1a: Ursaluna
|-damage|p1a: Ursaluna|47/100
|move|p1a: Ursaluna|Earth Power|p2a: Golden Gate
|-supereffective|p2a: Golden Gate
|-damage|p2a: Golden Gate|6/100
|-ability|p2a: Golden Gate|Stamina|boost
|-boost|p2a: Golden Gate|def|1
|
|-weather|Snowscape|[upkeep]
|-heal|p2a: Golden Gate|12/100|[from] Grassy Terrain
|-heal|p1b: Rillaboom|37/100|[from] Grassy Terrain
|-heal|p1a: Ursaluna|54/100|[from] Grassy Terrain
|-heal|p1a: Ursaluna|60/100|[from] item: Leftovers
|upkeep
|turn|10
|-message|caZISA forfeited.
|
|win|carrotvg
|l|☆caZISA
|player|p2|
||caZISA is ready for game 2.
