|j|☆VGVG8585
|j|☆PawmotNo1
|html|VGVG8585PawmotNo1    
|uhtml|bestof|Game 2 of a best-of-3
|t:|1785163289
|gametype|doubles
|player|p1|VGVG8585|169|
|player|p2|PawmotNo1|ethan|
|gen|9
|tier|[Gen 9 Champions] VGC 2026 Reg M-B (Bo3)
|rule|Species Clause: Limit one of each Pokémon
|rule|Item Clause: Limit 1 of each item
|clearpoke
|poke|p1|Delphox, L50, F|
|poke|p1|Floette-Eternal, L50, F|
|poke|p1|Sinistcha-Masterpiece, L50|
|poke|p1|Sneasler, L50, M|
|poke|p1|Incineroar, L50, F|
|poke|p1|Garchomp, L50, M|
|poke|p2|Kangaskhan, L50, F, shiny|
|poke|p2|Chandelure, L50, M, shiny|
|poke|p2|Kingambit, L50, M, shiny|
|poke|p2|Basculegion, L50, M, shiny|
|poke|p2|Kommo-o, L50, M, shiny|
|poke|p2|Gallade, L50, M, shiny|
|teampreview|4
|showteam|p1|Delphox||Delphoxite|Magician|HeatWave,Psychic,NastyPlot,Protect|Timid||F|||50|]Floette-Eternal||Floettite|FlowerVeil|CalmMind,Moonblast,DazzlingGleam,Protect|Modest||F|||50|]Sinistcha-Masterpiece||OccaBerry|Hospitality|MatchaGotcha,TrickRoom,RagePowder,Protect|Bold|||||50|]Sneasler||FocusSash|PoisonTouch|CloseCombat,DireClaw,FakeOut,QuickGuard|Jolly||M|||50|]Incineroar||SitrusBerry|Intimidate|FakeOut,PartingShot,FlareBlitz,DarkestLariat|Impish||F|||50|]Garchomp||ChoiceScarf|RoughSkin|Earthquake,DragonClaw,RockSlide,StompingTantrum|Jolly||M|||50|
|showteam|p2|Kangaskhan||Kangaskhanite|Scrappy|FakeOut,SuckerPunch,BrickBreak,DoubleEdge|Brave||F|||50|]Chandelure||FocusSash|FlashFire|Protect,TrickRoom,HeatWave,ShadowBall|Quiet||M|||50|]Kingambit||ChopleBerry|Defiant|SuckerPunch,LowKick,IronHead,KowtowCleave|Brave||M|||50|]Basculegion||SitrusBerry|Adaptability|Protect,AquaJet,LastRespects,WaveCrash|Brave||M|||50|]Kommo-o||LifeOrb|Soundproof|Protect,Flamethrower,AuraSphere,ClangingScales|Quiet||M|||50|]Gallade||ExpertBelt|Sharpness|Protect,LeafBlade,PsychoCut,SacredSword|Brave||M|||50|
|inactive|Battle timer is ON: inactive players will automatically lose when time's up. (requested by VGVG8585)
|inactive|PawmotNo1 also wants the timer to be on.
|inactive|VGVG8585 has 60 seconds left.
|inactive|PawmotNo1 has 60 seconds left.
|
|t:|1785163331
|teamsize|p1|4
|teamsize|p2|4
|start
|switch|p1a: Sneasler|Sneasler, L50, M|100/100
|switch|p1b: Incineroar|Incineroar, L50, F|100/100
|switch|p2a: Kangaskhan|Kangaskhan, L50, F, shiny|100/100
|switch|p2b: Chandelure|Chandelure, L50, M, shiny|100/100
|-ability|p1b: Incineroar|Intimidate|boost
|-fail|p2a: Kangaskhan|unboost|Attack|[from] ability: Scrappy|[of] p2a: Kangaskhan
|-unboost|p2b: Chandelure|atk|1
|turn|1
|inactive|VGVG8585 has 30 seconds left.
|
|t:|1785163361
|detailschange|p2a: Kangaskhan|Kangaskhan-Mega, L50, F, shiny
|-mega|p2a: Kangaskhan|Kangaskhan|Kangaskhanite
|move|p1a: Sneasler|Fake Out|p2a: Kangaskhan
|-damage|p2a: Kangaskhan|88/100
|cant|p2a: Kangaskhan|flinch
|move|p1b: Incineroar|Darkest Lariat|p2b: Chandelure
|-supereffective|p2b: Chandelure|1
|-damage|p2b: Chandelure|28/100
|move|p2b: Chandelure|Trick Room|p2b: Chandelure
|-fieldstart|move: Trick Room|[of] p2b: Chandelure
|
|upkeep
|turn|2
|inactive|VGVG8585 has 30 seconds left.
|
|t:|1785163397
|switch|p2b: Kingambit|Kingambit, L50, M, shiny|100/100
|switch|p1a: Garchomp|Garchomp, L50, M|100/100
|move|p1b: Incineroar|Parting Shot|p2a: Kangaskhan
|-unboost|p2a: Kangaskhan|atk|1
|-unboost|p2a: Kangaskhan|spa|1
|
|t:|1785163408
|switch|p1b: Sneasler|Sneasler, L50, M|100/100|[from] Parting Shot
|move|p2a: Kangaskhan|Double-Edge|p1b: Sneasler
|-damage|p1b: Sneasler|22/100
|-damage|p1b: Sneasler|5/100
|-hitcount|p1b: Sneasler|2
|-damage|p2a: Kangaskhan|65/100|[from] Recoil
|
|upkeep
|turn|3
|inactive|VGVG8585 has 30 seconds left.
|inactive|PawmotNo1 has 30 seconds left.
|inactive|VGVG8585 has 20 seconds left.
|
|t:|1785163447
|move|p1b: Sneasler|Fake Out|p2b: Kingambit
|-resisted|p2b: Kingambit|1
|-crit|p2b: Kingambit
|-damage|p2b: Kingambit|91/100
|cant|p2b: Kingambit|flinch
|move|p2a: Kangaskhan|Double-Edge|p1a: Garchomp
|-damage|p1a: Garchomp|54/100
|-damage|p2a: Kangaskhan|53/100|[from] ability: Rough Skin|[of] p1a: Garchomp
|-damage|p1a: Garchomp|43/100
|-damage|p2a: Kangaskhan|41/100|[from] ability: Rough Skin|[of] p1a: Garchomp
|-hitcount|p1a: Garchomp|2
|-damage|p2a: Kangaskhan|25/100|[from] Recoil
|move|p1a: Garchomp|Earthquake|p2a: Kangaskhan|[spread] p1b,p2a,p2b
|-supereffective|p1b: Sneasler|1
|-supereffective|p2b: Kingambit|1
|-damage|p1b: Sneasler|0 fnt
|-damage|p2a: Kangaskhan|0 fnt
|-damage|p2b: Kingambit|33/100
|faint|p1b: Sneasler
|faint|p2a: Kangaskhan
|
|upkeep
|
|t:|1785163465
|switch|p2a: Chandelure|Chandelure, L50, M, shiny|28/100
|switch|p1b: Sinistcha|Sinistcha-Masterpiece, L50|100/100
|-heal|p1a: Garchomp|68/100|[from] ability: Hospitality|[of] p1b: Sinistcha
|turn|4
|
|t:|1785163488
|move|p1b: Sinistcha|Rage Powder|p1b: Sinistcha
|-singleturn|p1b: Sinistcha|move: Rage Powder
|move|p2b: Kingambit|Kowtow Cleave|p1b: Sinistcha
|-supereffective|p1b: Sinistcha|1
|-damage|p1b: Sinistcha|8/100
|move|p2a: Chandelure|Shadow Ball|p1b: Sinistcha
|-supereffective|p1b: Sinistcha|1
|-damage|p1b: Sinistcha|0 fnt
|faint|p1b: Sinistcha
|move|p1a: Garchomp|Earthquake|p2a: Chandelure|[spread] p2a,p2b
|-supereffective|p2a: Chandelure|1
|-supereffective|p2b: Kingambit|1
|-damage|p2a: Chandelure|0 fnt
|-damage|p2b: Kingambit|0 fnt
|faint|p2a: Chandelure
|faint|p2b: Kingambit
|
|upkeep
|
|t:|1785163497
|switch|p1b: Incineroar|Incineroar, L50, F|100/100
|switch|p2a: Basculegion|Basculegion, L50, M, shiny|100/100
|-ability|p1b: Incineroar|Intimidate|boost
|-unboost|p2a: Basculegion|atk|1
|turn|5
|
|t:|1785163503
|move|p1b: Incineroar|Darkest Lariat|p2a: Basculegion
|-supereffective|p2a: Basculegion|1
|-damage|p2a: Basculegion|27/100
|-enditem|p2a: Basculegion|Sitrus Berry|[eat]
|-heal|p2a: Basculegion|52/100|[from] item: Sitrus Berry
|move|p2a: Basculegion|Last Respects|p1a: Garchomp
|-crit|p1a: Garchomp
|-damage|p1a: Garchomp|0 fnt
|faint|p1a: Garchomp
|
|-fieldend|move: Trick Room
|upkeep
|turn|6
|
|t:|1785163512
|move|p2a: Basculegion|Wave Crash|p1b: Incineroar
|-supereffective|p1b: Incineroar|1
|-damage|p1b: Incineroar|24/100
|-enditem|p1b: Incineroar|Sitrus Berry|[eat]
|-heal|p1b: Incineroar|49/100|[from] item: Sitrus Berry
|-damage|p2a: Basculegion|30/100|[from] Recoil
|move|p1b: Incineroar|Darkest Lariat|p2a: Basculegion
|-supereffective|p2a: Basculegion|1
|-damage|p2a: Basculegion|0 fnt
|faint|p2a: Basculegion
|
|win|VGVG8585
||VGVG8585 is ready for game 3.
|inactive|PawmotNo1 has 30 seconds to confirm battle start!
||PawmotNo1 is ready for game 3.
|uhtml|next|Next: Game 3 of 3
