|j|☆Zady11
|j|☆marcosdeltasena31
|html|Zady11marcosdeltasena31    
|uhtml|bestof|Game 2 of a best-of-3
|t:|1757023617
|gametype|doubles
|player|p1|Zady11|guitarist|1308
|player|p2|marcosdeltasena31|hilbert|1324
|gen|9
|tier|[Gen 9] VGC 2025 Reg H (Bo3)
|rated|
|rule|Species Clause: Limit one of each Pokémon
|rule|Item Clause: Limit 1 of each item
|clearpoke
|poke|p1|Whimsicott, L50, M|
|poke|p1|Typhlosion-Hisui, L50, F|
|poke|p1|Basculegion, L50, M|
|poke|p1|Ursaluna-Bloodmoon, L50, M|
|poke|p1|Farigiraf, L50, M|
|poke|p1|Maushold-Four, L50|
|poke|p2|Dragonite, L50, F|
|poke|p2|Sneasler, L50, F|
|poke|p2|Volcarona, L50, F|
|poke|p2|Rillaboom, L50, M|
|poke|p2|Kingambit, L50, F|
|poke|p2|Electabuzz, L50, F|
|teampreview|4
|showteam|p1|Whimsicott||CovertCloak|Prankster|Moonblast,SunnyDay,Encore,Tailwind|||M|||50|,,,,,Water]Typhlosion-Hisui||ChoiceSpecs|Blaze|Eruption,HeatWave,ShadowBall,Overheat|||F|||50|,,,,,Fire]Basculegion||ChoiceScarf|Adaptability|WaveCrash,LastRespects,AquaJet,FlipTurn|||M|||50|,,,,,Water]Ursaluna-Bloodmoon||LifeOrb|MindsEye|BloodMoon,HyperVoice,EarthPower,Protect|||M|||50|,,,,,Normal]Farigiraf||ThroatSpray|ArmorTail|HyperVoice,HelpingHand,Psychic,TrickRoom|||M|||50|,,,,,Fire]Maushold-Four||WideLens|Technician|PopulationBomb,Taunt,FollowMe,Protect||||||50|,,,,,Ghost
|showteam|p2|Dragonite||LoadedDice|Multiscale|ScaleShot,ExtremeSpeed,Haze,Protect|||F|||50|,,,,,Fairy]Sneasler||FocusSash|PoisonTouch|DireClaw,CloseCombat,FakeOut,Coaching|||F|||50|,,,,,Ghost]Volcarona||CovertCloak|FlameBody|HeatWave,TeraBlast,QuiverDance,Protect|||F|||50|,,,,,Fairy]Rillaboom||AssaultVest|GrassySurge|WoodHammer,FakeOut,GrassyGlide,HighHorsepower|||M|||50|,,,,,Fire]Kingambit||BlackGlasses|Defiant|KowtowCleave,SwordsDance,SuckerPunch,Protect|||F|||50|,,,,,Dark]Electabuzz||Eviolite|VitalSpirit|Thunderbolt,FollowMe,Taunt,Protect|||F|||50|,,,,,Ghost
|inactive|Battle timer is ON: inactive players will automatically lose when time's up. (requested by marcosdeltasena31)
|
|t:|1757023715
|teamsize|p1|4
|teamsize|p2|4
|start
|switch|p1a: Sr Rubio|Whimsicott, L50, M|100/100
|switch|p1b: Sr Rosa|Typhlosion-Hisui, L50, F|100/100
|switch|p2a: Dragonite|Dragonite, L50, F|100/100
|switch|p2b: Electabuzz|Electabuzz, L50, F|100/100
|turn|1
|
|t:|1757023729
|-terastallize|p1b: Sr Rosa|Fire
|move|p2b: Electabuzz|Protect|p2b: Electabuzz
|-singleturn|p2b: Electabuzz|Protect
|move|p1a: Sr Rubio|Sunny Day|p1a: Sr Rubio
|-weather|SunnyDay
|move|p1b: Sr Rosa|Heat Wave|p2b: Electabuzz|[spread] p2a
|-activate|p2b: Electabuzz|move: Protect
|-resisted|p2a: Dragonite
|-damage|p2a: Dragonite|72/100
|move|p2a: Dragonite|Scale Shot|p1b: Sr Rosa
|-damage|p1b: Sr Rosa|80/100
|-damage|p1b: Sr Rosa|60/100
|-damage|p1b: Sr Rosa|39/100
|-damage|p1b: Sr Rosa|17/100
|-damage|p1b: Sr Rosa|0 fnt
|faint|p1b: Sr Rosa
|-hitcount|p1: Sr Rosa|5
|-unboost|p2a: Dragonite|def|1
|-boost|p2a: Dragonite|spe|1
|
|-weather|SunnyDay|[upkeep]
|upkeep
|
|t:|1757023748
|switch|p1b: Sr Marrón|Ursaluna-Bloodmoon, L50, M|100/100
|turn|2
|
|t:|1757023756
|move|p2b: Electabuzz|Follow Me|p2b: Electabuzz
|-singleturn|p2b: Electabuzz|move: Follow Me
|move|p1a: Sr Rubio|Tailwind|p1a: Sr Rubio
|-sidestart|p1: Zady11|move: Tailwind
|move|p1b: Sr Marrón|Hyper Voice|p2b: Electabuzz|[spread] p2a,p2b
|-damage|p2a: Dragonite|15/100
|-damage|p2b: Electabuzz|57/100
|-damage|p1b: Sr Marrón|91/100|[from] item: Life Orb
|move|p2a: Dragonite|Scale Shot|p1b: Sr Marrón|[miss]
|-miss|p2a: Dragonite|p1b: Sr Marrón
|
|-weather|SunnyDay|[upkeep]
|upkeep
|turn|3
|
|t:|1757023780
|switch|p1a: Sr Naranja|Farigiraf, L50, M, shiny|100/100
|move|p2b: Electabuzz|Protect|p2b: Electabuzz
|-singleturn|p2b: Electabuzz|Protect
|move|p2a: Dragonite|Extreme Speed||[still]
|cant|p1a: Sr Naranja|ability: Armor Tail|Extreme Speed|[of] p2a: Dragonite
|move|p1b: Sr Marrón|Hyper Voice|p2a: Dragonite|[spread] p2a
|-activate|p2b: Electabuzz|move: Protect
|-damage|p2a: Dragonite|0 fnt
|faint|p2a: Dragonite
|-damage|p1b: Sr Marrón|81/100|[from] item: Life Orb
|
|-weather|SunnyDay|[upkeep]
|upkeep
|
|t:|1757023785
|switch|p2a: Kingambit|Kingambit, L50, F|100/100
|turn|4
|inactive|Zady11 has 30 seconds left.
|inactive|Zady11 has 20 seconds left.
|inactive|Zady11 has 15 seconds left.
|
|t:|1757023826
|switch|p1a: Sr Rubio|Whimsicott, L50, M|100/100
|-terastallize|p2a: Kingambit|Dark
|move|p2b: Electabuzz|Follow Me|p2b: Electabuzz
|-singleturn|p2b: Electabuzz|move: Follow Me
|move|p1b: Sr Marrón|Earth Power|p2b: Electabuzz
|-supereffective|p2b: Electabuzz
|-damage|p2b: Electabuzz|0 fnt
|faint|p2b: Electabuzz
|-damage|p1b: Sr Marrón|72/100|[from] item: Life Orb
|move|p2a: Kingambit|Kowtow Cleave|p1a: Sr Rubio
|-resisted|p1a: Sr Rubio
|-damage|p1a: Sr Rubio|60/100
|
|-weather|SunnyDay|[upkeep]
|upkeep
|
|t:|1757023831
|switch|p2b: Sneasler|Sneasler, L50, F|100/100
|turn|5
|
|t:|1757023847
|switch|p1a: Sr Naranja|Farigiraf, L50, M, shiny|100/100
|move|p2b: Sneasler|Fake Out||[still]
|cant|p1a: Sr Naranja|ability: Armor Tail|Fake Out|[of] p2b: Sneasler
|move|p1b: Sr Marrón|Hyper Voice|p2a: Kingambit|[spread] p2a,p2b
|-damage|p2a: Kingambit|50/100
|-damage|p2b: Sneasler|27/100
|-damage|p1b: Sr Marrón|62/100|[from] item: Life Orb
|move|p2a: Kingambit|Kowtow Cleave|p1a: Sr Naranja
|-supereffective|p1a: Sr Naranja
|-damage|p1a: Sr Naranja|0 fnt
|faint|p1a: Sr Naranja
|
|-weather|none
|-sideend|p1: Zady11|move: Tailwind
|upkeep
|
|t:|1757023860
|switch|p1a: Sr Rubio|Whimsicott, L50, M|60/100
|turn|6
|
|t:|1757023870
|move|p1a: Sr Rubio|Tailwind|p1a: Sr Rubio
|-sidestart|p1: Zady11|move: Tailwind
|move|p2a: Kingambit|Sucker Punch|p1b: Sr Marrón
|-crit|p1b: Sr Marrón
|-damage|p1b: Sr Marrón|0 fnt
|faint|p1b: Sr Marrón
|move|p2b: Sneasler|Dire Claw|p1a: Sr Rubio
|-supereffective|p1a: Sr Rubio
|-damage|p1a: Sr Rubio|0 fnt
|faint|p1a: Sr Rubio
|
|win|marcosdeltasena31
|raw|Zady11's rating: 1308 → 1289(-19 for losing)
|raw|marcosdeltasena31's rating: 1324 → 1343(+19 for winning)
