|j|☆moicito
|j|☆Soratami
|html|moicitoSoratami    
|uhtml|bestof|Game 2 of a best-of-3
|t:|1756617372
|gametype|doubles
|player|p1|moicito|caitlin|1148
|player|p2|Soratami|ethan|1204
|gen|9
|tier|[Gen 9] VGC 2025 Reg H (Bo3)
|rated|
|rule|Species Clause: Limit one of each Pokémon
|rule|Item Clause: Limit 1 of each item
|clearpoke
|poke|p1|Kingambit, L50, F|
|poke|p1|Rillaboom, L50, F|
|poke|p1|Magmar, L50, F|
|poke|p1|Primarina, L50, M|
|poke|p1|Sneasler, L50, M|
|poke|p1|Dragapult, L50, M|
|poke|p2|Torkoal, L50, F|
|poke|p2|Vileplume, L50, M|
|poke|p2|Indeedee-F, L50, F|
|poke|p2|Hatterene, L50, F|
|poke|p2|Ursaluna, L50, F|
|poke|p2|Gallade, L50, M|
|teampreview|4
|showteam|p1|Kingambit||BlackGlasses|Defiant|Protect,KowtowCleave,SuckerPunch,SwordsDance|||F|||50|,,,,,Ghost]Rillaboom||AssaultVest|GrassySurge|WoodHammer,GrassyGlide,HighHorsepower,FakeOut|||F|||50|,,,,,Fire]Magmar||Eviolite|VitalSpirit|Overheat,WillOWisp,FollowMe,Protect|||F|||50|,,,,,Ghost]Primarina||SitrusBerry|LiquidVoice|HyperVoice,Moonblast,Haze,Protect|||M|||50|,,,,,Water]Sneasler||FocusSash|PoisonTouch|CloseCombat,DireClaw,Coaching,FakeOut|||M|||50|,,,,,Stellar]Dragapult||ChoiceBand|ClearBody|DragonDarts,TeraBlast,PhantomForce,Uturn|||M|||50|,,,,,Ghost
|showteam|p2|Torkoal||Charcoal|Drought|ClearSmog,HeatWave,Eruption,Protect|||F|||50|,,,,,Fire]Vileplume||FocusSash|Chlorophyll|LeafStorm,SleepPowder,Protect,AfterYou|||M|||50|,,,,,Water]Indeedee-F||PsychicSeed|PsychicSurge|FollowMe,HelpingHand,TrickRoom,Psychic|||F|||50|,,,,,Fairy]Hatterene||LifeOrb|MagicBounce|DazzlingGleam,ExpandingForce,TrickRoom,Protect|||F|||50|,,,,,Psychic]Ursaluna||FlameOrb|Guts|Earthquake,Facade,HeadlongRush,Protect|||F|||50|,,,,,Ghost]Gallade||ClearAmulet|Sharpness|PsychoCut,SacredSword,TrickRoom,WideGuard|||M|||50|,,,,,Fire
|inactive|Battle timer is ON: inactive players will automatically lose when time's up. (requested by Soratami)
|inactive|moicito has 60 seconds left.
|
|t:|1756617420
|teamsize|p1|4
|teamsize|p2|4
|start
|switch|p1a: Dragapult|Dragapult, L50, M|100/100
|switch|p1b: Primarina|Primarina, L50, M|100/100
|switch|p2a: Hatterene|Hatterene, L50, F|100/100
|switch|p2b: Gallade|Gallade, L50, M|100/100
|turn|1
|inactive|Soratami has 30 seconds left.
|inactive|Soratami has 20 seconds left.
|inactive|Soratami has 15 seconds left.
|inactive|Soratami has 10 seconds left.
|inactive|Soratami has 5 seconds left.
|
|t:|1756617472
|switch|p2b: Indeedee|Indeedee-F, L50, F|100/100
|-fieldstart|move: Psychic Terrain|[from] ability: Psychic Surge|[of] p2b: Indeedee
|-enditem|p2b: Indeedee|Psychic Seed
|-boost|p2b: Indeedee|spd|1|[from] item: Psychic Seed
|-terastallize|p2a: Hatterene|Psychic
|move|p1a: Dragapult|U-turn|p2a: Hatterene
|-supereffective|p2a: Hatterene
|-damage|p2a: Hatterene|15/100
|
|t:|1756617482
|switch|p1a: Rilli|Rillaboom, L50, F, shiny|100/100|[from] U-turn
|-fieldstart|move: Grassy Terrain|[from] ability: Grassy Surge|[of] p1a: Rilli
|move|p1b: Primarina|Moonblast|p2b: Indeedee
|-damage|p2b: Indeedee|71/100
|move|p2a: Hatterene|Expanding Force|p1b: Primarina
|-damage|p1b: Primarina|21/100
|-enditem|p1b: Primarina|Sitrus Berry|[eat]
|-heal|p1b: Primarina|46/100|[from] item: Sitrus Berry
|-damage|p2a: Hatterene|5/100|[from] item: Life Orb
|
|-heal|p2b: Indeedee|77/100|[from] Grassy Terrain
|-heal|p1b: Primarina|52/100|[from] Grassy Terrain
|-heal|p2a: Hatterene|11/100|[from] Grassy Terrain
|upkeep
|turn|2
|
|t:|1756617506
|move|p2a: Hatterene|Protect|p2a: Hatterene
|-singleturn|p2a: Hatterene|Protect
|move|p1a: Rilli|Wood Hammer|p2b: Indeedee
|-crit|p2b: Indeedee
|-damage|p2b: Indeedee|0 fnt
|faint|p2b: Indeedee
|-damage|p1a: Rilli|79/100|[from] Recoil
|move|p1b: Primarina|Hyper Voice|p2a: Hatterene
|-activate|p2a: Hatterene|move: Protect
|
|-heal|p1a: Rilli|85/100|[from] Grassy Terrain
|-heal|p1b: Primarina|58/100|[from] Grassy Terrain
|-heal|p2a: Hatterene|18/100|[from] Grassy Terrain
|upkeep
|
|t:|1756617521
|switch|p2b: Torkoal|Torkoal, L50, F|100/100
|-weather|SunnyDay|[from] ability: Drought|[of] p2b: Torkoal
|turn|3
|inactive|moicito has 30 seconds left.
|inactive|moicito has 20 seconds left.
|inactive|moicito has 15 seconds left.
|
|t:|1756617563
|switch|p2a: Gallade|Gallade, L50, M|100/100
|-terastallize|p1a: Rilli|Fire
|move|p1a: Rilli|Grassy Glide|p2a: Gallade
|-damage|p2a: Gallade|51/100
|move|p1b: Primarina|Hyper Voice|p2b: Torkoal|[spread] p2a,p2b
|-supereffective|p2b: Torkoal
|-damage|p2a: Gallade|36/100
|-damage|p2b: Torkoal|59/100
|move|p2b: Torkoal|Heat Wave|p1a: Rilli|[spread] p1a,p1b
|-resisted|p1a: Rilli
|-resisted|p1b: Primarina
|-damage|p1a: Rilli|64/100
|-damage|p1b: Primarina|32/100
|
|-weather|SunnyDay|[upkeep]
|-heal|p1a: Rilli|70/100|[from] Grassy Terrain
|-heal|p2a: Gallade|42/100|[from] Grassy Terrain
|-heal|p1b: Primarina|39/100|[from] Grassy Terrain
|-heal|p2b: Torkoal|65/100|[from] Grassy Terrain
|upkeep
|turn|4
|
|t:|1756617587
|move|p1a: Rilli|High Horsepower|p2b: Torkoal
|-supereffective|p2b: Torkoal
|-damage|p2b: Torkoal|19/100
|move|p2a: Gallade|Sacred Sword|p1a: Rilli
|-damage|p1a: Rilli|1/100
|move|p1b: Primarina|Moonblast|p2a: Gallade
|-supereffective|p2a: Gallade
|-damage|p2a: Gallade|0 fnt
|faint|p2a: Gallade
|move|p2b: Torkoal|Clear Smog|p1b: Primarina
|-supereffective|p1b: Primarina
|-damage|p1b: Primarina|11/100
|-clearboost|p1b: Primarina
|
|-weather|SunnyDay|[upkeep]
|-heal|p1a: Rilli|7/100|[from] Grassy Terrain
|-heal|p1b: Primarina|18/100|[from] Grassy Terrain
|-heal|p2b: Torkoal|25/100|[from] Grassy Terrain
|upkeep
|
|t:|1756617605
|switch|p2a: Hatterene|Hatterene, L50, F, tera:Psychic|18/100
|turn|5
|-message|Soratami forfeited.
|
|win|moicito
||Soratami is ready for game 3.
||moicito is ready for game 3.
|uhtml|next|Next: Game 3 of 3
|l|☆Soratami
|player|p2|
