|j|☆aaballetctrdance
|j|☆KodeBeast0526
|html|aaballetctrdanceKodeBeast0526    
|uhtml|bestof|Game 1 of a best-of-3
|t:|1785124239
|gametype|doubles
|player|p1|aaballetctrdance|ghetsis|1241
|player|p2|KodeBeast0526|hiker|1303
|gen|9
|tier|[Gen 9 Champions] VGC 2026 Reg M-B (Bo3)
|rated|
|rule|Species Clause: Limit one of each Pokémon
|rule|Item Clause: Limit 1 of each item
|clearpoke
|poke|p1|Aerodactyl, L50, M|
|poke|p1|Charizard, L50, M|
|poke|p1|Incineroar, L50, M|
|poke|p1|Kingambit, L50, F|
|poke|p1|Sylveon, L50, M|
|poke|p1|Garchomp, L50, M|
|poke|p2|Staraptor, L50, F, shiny|
|poke|p2|Gholdengo, L50|
|poke|p2|Whimsicott, L50, M, shiny|
|poke|p2|Incineroar, L50, M, shiny|
|poke|p2|Basculegion, L50, M|
|poke|p2|Garchomp, L50, M, shiny|
|teampreview|4
|showteam|p1|Aerodactyl||Aerodactylite|Unnerve|RockSlide,DualWingbeat,WideGuard,Tailwind|Jolly||M|||50|]Charizard||CharizarditeY|Blaze|HeatWave,WeatherBall,SolarBeam,Protect|Modest||M|||50|]Incineroar||SitrusBerry|Intimidate|FlareBlitz,DarkestLariat,FakeOut,PartingShot|Impish||M|||50|]Kingambit||FocusSash|Defiant|KowtowCleave,IronHead,SuckerPunch,LowKick|Adamant||F|||50|]Sylveon||FairyFeather|Pixilate|HyperVoice,HyperBeam,QuickAttack,Detect|Modest||M|||50|]Garchomp||LifeOrb|RoughSkin|Earthquake,DragonClaw,RockSlide,Protect|Jolly||M|||50|
|showteam|p2|Staraptor||Staraptite|Intimidate|BraveBird,CloseCombat,Tailwind,Protect|Jolly||F|||50|]Gholdengo||Leftovers|GoodasGold|MakeItRain,ShadowBall,NastyPlot,Protect|Modest|||||50|]Whimsicott||FocusSash|Prankster|Moonblast,Tailwind,Encore,FakeTears|Timid||M|||50|]Incineroar||SitrusBerry|Intimidate|DarkestLariat,FlareBlitz,FakeOut,PartingShot|Impish||M|||50|]Basculegion||ChoiceScarf|Adaptability|FlipTurn,WaveCrash,LastRespects,AquaJet|Adamant||M|||50|]Garchomp||LifeOrb|RoughSkin|Earthquake,DragonClaw,RockSlide,Protect|Jolly||M|||50|
|inactive|Battle timer is ON: inactive players will automatically lose when time's up. (requested by aaballetctrdance)
|inactive|aaballetctrdance has 60 seconds left.
|
|t:|1785124276
|teamsize|p1|4
|teamsize|p2|4
|start
|switch|p1a: Sylveon|Sylveon, L50, M|100/100
|switch|p1b: Garchomp|Garchomp, L50, M|100/100
|switch|p2a: Garchomp|Garchomp, L50, M, shiny|100/100
|switch|p2b: Whimsicott|Whimsicott, L50, M, shiny|100/100
|turn|1
|
|t:|1785124294
|move|p2b: Whimsicott|Tailwind|p2b: Whimsicott
|-sidestart|p2: KodeBeast0526|move: Tailwind
|move|p2a: Garchomp|Rock Slide|p1a: Sylveon|[spread] p1a,p1b
|-resisted|p1b: Garchomp|1
|-damage|p1a: Sylveon|65/100
|-damage|p1b: Garchomp|86/100
|-damage|p2a: Garchomp|90/100|[from] item: Life Orb
|cant|p1b: Garchomp|flinch
|move|p1a: Sylveon|Hyper Voice|p2b: Whimsicott|[spread] p2a,p2b
|-supereffective|p2a: Garchomp|1
|-damage|p2a: Garchomp|0 fnt
|-damage|p2b: Whimsicott|18/100
|faint|p2a: Garchomp
|
|upkeep
|
|t:|1785124310
|switch|p2a: Staraptor|Staraptor, L50, F, shiny|100/100
|-ability|p2a: Staraptor|Intimidate|boost
|-unboost|p1a: Sylveon|atk|1
|-unboost|p1b: Garchomp|atk|1
|turn|2
|
|t:|1785124326
|detailschange|p2a: Staraptor|Staraptor-Mega, L50, F, shiny
|-mega|p2a: Staraptor|Staraptor|Staraptite
|move|p2b: Whimsicott|Moonblast|p1b: Garchomp
|-supereffective|p1b: Garchomp|1
|-damage|p1b: Garchomp|19/100
|move|p2a: Staraptor|Close Combat|p1a: Sylveon
|-resisted|p1a: Sylveon|1
|-damage|p1a: Sylveon|25/100
|-boost|p2a: Staraptor|def|1
|-boost|p2a: Staraptor|spd|1
|move|p1b: Garchomp|Rock Slide|p2b: Whimsicott|[spread] p2b
|-miss|p1b: Garchomp|p2a: Staraptor
|-damage|p2b: Whimsicott|0 fnt
|faint|p2b: Whimsicott
|-damage|p1b: Garchomp|9/100|[from] item: Life Orb
|move|p1a: Sylveon|Hyper Voice|p2a: Staraptor
|-supereffective|p2a: Staraptor|1
|-damage|p2a: Staraptor|8/100
|
|upkeep
|
|t:|1785124335
|switch|p2b: Gholdengo|Gholdengo, L50|100/100
|turn|3
|
|t:|1785124354
|move|p1a: Sylveon|Detect|p1a: Sylveon
|-singleturn|p1a: Sylveon|Protect
|move|p2a: Staraptor|Close Combat|p1a: Sylveon
|-activate|p1a: Sylveon|move: Protect
|move|p2b: Gholdengo|Shadow Ball|p1b: Garchomp
|-damage|p1b: Garchomp|0 fnt
|faint|p1b: Garchomp
|
|upkeep
|
|t:|1785124360
|switch|p1b: Kingambit|Kingambit, L50, F|100/100
|turn|4
|
|t:|1785124367
|move|p1a: Sylveon|Quick Attack|p2a: Staraptor
|-supereffective|p2a: Staraptor|1
|-damage|p2a: Staraptor|0 fnt
|faint|p2a: Staraptor
|move|p2b: Gholdengo|Nasty Plot|p2b: Gholdengo
|-boost|p2b: Gholdengo|spa|2
|move|p1b: Kingambit|Kowtow Cleave|p2b: Gholdengo
|-supereffective|p2b: Gholdengo|1
|-damage|p2b: Gholdengo|10/100
|
|-heal|p2b: Gholdengo|16/100|[from] item: Leftovers
|-sideend|p2: KodeBeast0526|move: Tailwind
|upkeep
|turn|5
|
|t:|1785124379
|move|p1a: Sylveon|Quick Attack|p2b: Gholdengo
|-resisted|p2b: Gholdengo|1
|-damage|p2b: Gholdengo|12/100
|move|p2b: Gholdengo|Make It Rain|p1b: Kingambit|[spread] p1a,p1b
|-supereffective|p1a: Sylveon|1
|-resisted|p1b: Kingambit|1
|-damage|p1a: Sylveon|0 fnt
|-damage|p1b: Kingambit|56/100
|-unboost|p2b: Gholdengo|spa|2
|faint|p1a: Sylveon
|move|p1b: Kingambit|Kowtow Cleave|p2b: Gholdengo
|-supereffective|p2b: Gholdengo|1
|-damage|p2b: Gholdengo|0 fnt
|faint|p2b: Gholdengo
|
|win|aaballetctrdance
