|j|☆MikeShinobu
|j|☆buggy es el rey
|html|MikeShinobubuggy es el rey    
|uhtml|bestof|Game 3 of a best-of-3
|t:|1783087791
|gametype|doubles
|player|p1|MikeShinobu|ethan|1099
|player|p2|buggy es el rey|gambler|1049
|gen|9
|tier|[Gen 9 Champions] VGC 2026 Reg M-B (Bo3)
|rated|
|rule|Species Clause: Limit one of each Pokémon
|rule|Item Clause: Limit 1 of each item
|clearpoke
|poke|p1|Whimsicott, L50, F|
|poke|p1|Garchomp, L50, M|
|poke|p1|Staraptor, L50, M|
|poke|p1|Blaziken, L50, F|
|poke|p1|Ninetales-Alola, L50, F|
|poke|p1|Excadrill, L50, M|
|poke|p2|Swampert, L50, M|
|poke|p2|Pelipper, L50, F|
|poke|p2|Gengar, L50, M|
|poke|p2|Sableye, L50, F|
|poke|p2|Grimmsnarl, L50, M|
|poke|p2|Archaludon, L50, M|
|teampreview|4
|showteam|p1|Whimsicott||FocusSash|Prankster|Protect,Tailwind,Moonblast,Charm|Timid||F|||50|]Garchomp||LifeOrb|RoughSkin|DragonClaw,Earthquake,Protect,RockSlide|Jolly||M|||50|]Staraptor||Staraptite|Intimidate|CloseCombat,BraveBird,Roost,Protect|Jolly||M|||50|]Blaziken||Blazikenite|SpeedBoost|Coaching,Protect,CloseCombat,FlareBlitz|Adamant||F|||50|]Ninetales-Alola||LightClay|SnowWarning|Blizzard,Moonblast,AuroraVeil,Protect|Modest||F|||50|]Excadrill||Excadrite|MoldBreaker|Earthquake,HighHorsepower,IronHead,Protect|Jolly||M|||50|
|showteam|p2|Swampert||Swampertite|Damp|Earthquake,IcePunch,WaveCrash,Protect|Adamant||M|||50|]Pelipper||FocusSash|Drizzle|Tailwind,WeatherBall,WideGuard,Uturn|Modest||F|||50|]Gengar||Gengarite|CursedBody|PerishSong,Protect,Disable,ShadowBall|Timid||M|||50|]Sableye||MentalHerb|Prankster|Encore,RainDance,FakeOut,Disable|Relaxed||F|||50|]Grimmsnarl||LightClay|Prankster|FakeOut,LightScreen,Reflect,PartingShot|Relaxed||M|||50|]Archaludon||Leftovers|Stamina|ElectroShot,FlashCannon,Protect,DragonPulse|Calm||M|||50|
|inactive|Battle timer is ON: inactive players will automatically lose when time's up. (requested by MikeShinobu)
|
|t:|1783087821
|teamsize|p1|4
|teamsize|p2|4
|start
|switch|p1a: Blaziken|Blaziken, L50, F|100/100
|switch|p1b: Excadrill|Excadrill, L50, M|100/100
|switch|p2a: Swampert|Swampert, L50, M|100/100
|switch|p2b: Sableye|Sableye, L50, F|100/100
|-ability|p1b: Excadrill|Mold Breaker
|turn|1
|inactive|MikeShinobu has 30 seconds left.
|
|t:|1783087854
|switch|p1b: Ninetales|Ninetales-Alola, L50, F|100/100
|-weather|Snowscape|[from] ability: Snow Warning|[of] p1b: Ninetales
|detailschange|p2a: Swampert|Swampert-Mega, L50, M
|-mega|p2a: Swampert|Swampert|Swampertite
|move|p2b: Sableye|Fake Out|p1b: Ninetales
|-damage|p1b: Ninetales|92/100
|move|p1a: Blaziken|Coaching|p1b: Ninetales
|-boost|p1b: Ninetales|atk|1
|-boost|p1b: Ninetales|def|1
|move|p2a: Swampert|Wave Crash|p1a: Blaziken
|-supereffective|p1a: Blaziken|1
|-damage|p1a: Blaziken|0 fnt
|faint|p1a: Blaziken
|-damage|p2a: Swampert|72/100|[from] Recoil
|
|-weather|Snowscape|[upkeep]
|upkeep
|
|t:|1783087860
|switch|p1a: Garchomp|Garchomp, L50, M|100/100
|turn|2
|
|t:|1783087882
|move|p2b: Sableye|Rain Dance|p2b: Sableye
|-weather|RainDance
|move|p2a: Swampert|Ice Punch|p1a: Garchomp
|-supereffective|p1a: Garchomp|2
|-damage|p1a: Garchomp|0 fnt
|-damage|p2a: Swampert|60/100|[from] ability: Rough Skin|[of] p1a: Garchomp
|faint|p1a: Garchomp
|move|p1b: Ninetales|Moonblast|p2a: Swampert
|-damage|p2a: Swampert|26/100
|
|-weather|RainDance|[upkeep]
|upkeep
|
|t:|1783087886
|switch|p1a: Excadrill|Excadrill, L50, M|100/100
|-ability|p1a: Excadrill|Mold Breaker
|turn|3
|
|t:|1783087900
|switch|p2b: Grimmsnarl|Grimmsnarl, L50, M|100/100
|detailschange|p1a: Excadrill|Excadrill-Mega, L50, M
|-mega|p1a: Excadrill|Excadrill|Excadrite
|move|p2a: Swampert|Protect|p2a: Swampert
|-singleturn|p2a: Swampert|Protect
|move|p1a: Excadrill|Protect|p1a: Excadrill
|-singleturn|p1a: Excadrill|Protect
|move|p1b: Ninetales|Moonblast|p2a: Swampert
|-activate|p2a: Swampert|move: Protect
|
|-weather|RainDance|[upkeep]
|upkeep
|turn|4
|inactive|buggy es el rey has 30 seconds left.
|
|t:|1783087927
|move|p1a: Excadrill|Protect||[still]
|-fail|p1a: Excadrill
|move|p2b: Grimmsnarl|Fake Out|p1b: Ninetales
|-damage|p1b: Ninetales|80/100
|move|p2a: Swampert|Wave Crash|p1a: Excadrill
|-supereffective|p1a: Excadrill|1
|-damage|p1a: Excadrill|0 fnt
|faint|p1a: Excadrill
|-damage|p2a: Swampert|0 fnt|[from] Recoil
|faint|p2a: Swampert
|cant|p1b: Ninetales|flinch
|
|-weather|RainDance|[upkeep]
|upkeep
|
|t:|1783087940
|switch|p2a: Sableye|Sableye, L50, F|100/100
|turn|5
|
|t:|1783087955
|move|p2a: Sableye|Fake Out|p1b: Ninetales
|-damage|p1b: Ninetales|72/100
|move|p2b: Grimmsnarl|Parting Shot|p1b: Ninetales
|-unboost|p1b: Ninetales|atk|1
|-unboost|p1b: Ninetales|spa|1
|
|t:|1783087960
|switch|p2b: Pelipper|Pelipper, L50, F|100/100|[from] Parting Shot
|cant|p1b: Ninetales|flinch
|
|-weather|RainDance|[upkeep]
|upkeep
|turn|6
|
|t:|1783087971
|switch|p2a: Grimmsnarl|Grimmsnarl, L50, M|100/100
|move|p1b: Ninetales|Blizzard|p2a: Grimmsnarl|[spread] p2a,p2b
|-damage|p2a: Grimmsnarl|76/100
|-damage|p2b: Pelipper|60/100
|move|p2b: Pelipper|Weather Ball|p1b: Ninetales
|-damage|p1b: Ninetales|0 fnt
|faint|p1b: Ninetales
|
|win|buggy es el rey
|raw|MikeShinobu's rating: 1099 → 1071(-28 for losing)
|raw|buggy es el rey's rating: 1049 → 1086(+37 for winning)
