|j|☆jonathan53332
|j|☆Linkmasterjr
|html|jonathan53332Linkmasterjr    
|uhtml|bestof|Game 2 of a best-of-3
|t:|1786124121
|gametype|doubles
|player|p1|jonathan53332|1|
|player|p2|Linkmasterjr|1|
|gen|9
|tier|[Gen 9 Champions] VGC 2026 Reg M-B (Bo3)
|rule|Species Clause: Limit one of each Pokémon
|rule|Item Clause: Limit 1 of each item
|clearpoke
|poke|p1|Primarina, L50, F|
|poke|p1|Sinistcha-Masterpiece, L50, shiny|
|poke|p1|Pelipper, L50, F|
|poke|p1|Excadrill, L50, F|
|poke|p1|Golurk, L50|
|poke|p1|Chandelure, L50, F|
|poke|p2|Raichu, L50, M|
|poke|p2|Gardevoir, L50, M, shiny|
|poke|p2|Samurott-Hisui, L50, M|
|poke|p2|Dragapult, L50, F|
|poke|p2|Corviknight, L50, M|
|poke|p2|Volcarona, L50, M|
|teampreview|4
|showteam|p1|Primarina||Leftovers|LiquidVoice|HyperVoice,Blizzard,EnergyBall,ShadowBall|Modest||F|||50|]Sinistcha-Masterpiece||SitrusBerry|Hospitality|MatchaGotcha,StrengthSap,ShadowBall,Scald|Modest|||||50|]Pelipper||FocusSash|Drizzle|Hurricane,WideGuard,IcyWind,Tailwind|Modest||F|||50|]Excadrill||Excadrite|MoldBreaker|Earthquake,IronHead,BrickBreak,Protect|Jolly||F|||50|]Golurk||Golurkite|NoGuard|DynamicPunch,FirePunch,HeadlongRush,Poltergeist|Adamant|||||50|]Chandelure||Chandelurite|Infiltrator|Protect,ShadowBall,EnergyBall,MysticalFire|Calm||F|||50|
|showteam|p2|Raichu||RaichuniteY|LightningRod|Round,ZapCannon,FocusBlast,Protect|Timid||M|||50|]Gardevoir||Gardevoirite|Trace|Protect,Round,ShadowBall,EnergyBall|Timid||M|||50|]Samurott-Hisui||QuickClaw|Sharpness|CeaselessEdge,RazorShell,SacredSword,Protect|Jolly||M|||50|]Dragapult||MuscleBand|ClearBody|DragonDarts,Thunderbolt,PhantomForce,Protect|Hasty||F|||50|]Corviknight||Leftovers|MirrorArmor|Tailwind,SteelWing,AerialAce,FakeTears|Adamant||M|||50|]Volcarona||BrightPowder|FlameBody|FieryDance,Hurricane,Protect,GigaDrain|Timid||M|||50|
|
|t:|1786124176
|teamsize|p1|4
|teamsize|p2|4
|start
|switch|p1a: Chandelure|Chandelure, L50, F|100/100
|switch|p1b: Primarina|Primarina, L50, F|100/100
|switch|p2a: Dragapult|Dragapult, L50, F|100/100
|switch|p2b: Volcarona|Volcarona, L50, M|100/100
|turn|1
|
|t:|1786124201
|move|p1a: Chandelure|Protect|p1a: Chandelure
|-singleturn|p1a: Chandelure|Protect
|move|p2a: Dragapult|Phantom Force||[still]
|-prepare|p2a: Dragapult|Phantom Force
|move|p2b: Volcarona|Giga Drain|p1a: Chandelure
|-activate|p1a: Chandelure|move: Protect
|move|p1b: Primarina|Hyper Voice|p2b: Volcarona|[spread] p2b
|-miss|p1b: Primarina|p2a: Dragapult
|-supereffective|p2b: Volcarona|1
|-damage|p2b: Volcarona|20/100y
|
|upkeep
|turn|2
|
|t:|1786124223
|move|p1a: Chandelure|Protect||[still]
|-fail|p1a: Chandelure
|move|p2a: Dragapult|Phantom Force|p1b: Primarina|[from] lockedmove
|-damage|p1b: Primarina|32/100
|move|p2b: Volcarona|Giga Drain|p1b: Primarina
|-supereffective|p1b: Primarina|1
|-damage|p1b: Primarina|0 fnt
|-heal|p2b: Volcarona|36/100|[from] drain|[of] p1b: Primarina
|faint|p1b: Primarina
|
|upkeep
|
|t:|1786124233
|switch|p1b: Golurk|Golurk, L50|100/100
|turn|3
|
|t:|1786124245
|detailschange|p1a: Chandelure|Chandelure-Mega, L50, F
|-mega|p1a: Chandelure|Chandelure|Chandelurite
|move|p2a: Dragapult|Protect|p2a: Dragapult
|-singleturn|p2a: Dragapult|Protect
|move|p2b: Volcarona|Giga Drain|p1b: Golurk
|-supereffective|p1b: Golurk|1
|-damage|p1b: Golurk|46/100
|-heal|p2b: Volcarona|68/100|[from] drain|[of] p1b: Golurk
|move|p1a: Chandelure|Shadow Ball|p2a: Dragapult
|-activate|p2a: Dragapult|move: Protect
|move|p1b: Golurk|Poltergeist|p2b: Volcarona
|-activate|p2b: Volcarona|move: Poltergeist|Bright Powder
|-damage|p2b: Volcarona|0 fnt
|faint|p2b: Volcarona
|
|upkeep
|
|t:|1786124258
|switch|p2b: Samurott|Samurott-Hisui, L50, M|100/100
|turn|4
|
|t:|1786124272
|move|p2a: Dragapult|Dragon Darts|p1b: Golurk
|-damage|p1b: Golurk|17/100
|-anim|p2a: Dragapult|Dragon Darts|p1a: Chandelure
|-damage|p1a: Chandelure|73/100
|move|p2b: Samurott|Razor Shell|p1a: Chandelure
|-supereffective|p1a: Chandelure|1
|-damage|p1a: Chandelure|0 fnt
|faint|p1a: Chandelure
|move|p1b: Golurk|Dynamic Punch|p2b: Samurott
|-supereffective|p2b: Samurott|1
|-damage|p2b: Samurott|2/100
|-start|p2b: Samurott|confusion
|
|upkeep
|
|t:|1786124282
|switch|p1a: Pelipper|Pelipper, L50, F|100/100
|-weather|RainDance|[from] ability: Drizzle|[of] p1a: Pelipper
|turn|5
|-activate|p2b: Samurott|item: Quick Claw
|
|t:|1786124301
|-activate|p2b: Samurott|confusion
|move|p2b: Samurott|Razor Shell|p1a: Pelipper
|-resisted|p1a: Pelipper|1
|-damage|p1a: Pelipper|46/100
|-unboost|p1a: Pelipper|def|1
|move|p2a: Dragapult|Dragon Darts|p1b: Golurk
|-damage|p1b: Golurk|0 fnt
|-anim|p2a: Dragapult|Dragon Darts|p1a: Pelipper
|-damage|p1a: Pelipper|0 fnt
|faint|p1b: Golurk
|faint|p1a: Pelipper
|
|win|Linkmasterjr
