|j|☆baarboo
|j|☆redx50
|html|baarbooredx50    
|uhtml|bestof|Game 2 of a best-of-3
|t:|1783623301
|gametype|doubles
|player|p1|baarboo|102|1349
|player|p2|redx50|red|1305
|gen|9
|tier|[Gen 9 Champions] VGC 2026 Reg M-B (Bo3)
|rated|
|rule|Species Clause: Limit one of each Pokémon
|rule|Item Clause: Limit 1 of each item
|clearpoke
|poke|p1|Charizard, L50, F|
|poke|p1|Kingambit, L50, M|
|poke|p1|Sylveon, L50, F|
|poke|p1|Farigiraf, L50, M|
|poke|p1|Garchomp, L50, M|
|poke|p1|Aerodactyl, L50, F|
|poke|p2|Raichu, L50, M|
|poke|p2|Hydreigon, L50, M|
|poke|p2|Arcanine-Hisui, L50, F|
|poke|p2|Tinkaton, L50, F, shiny|
|poke|p2|Tsareena, L50, F|
|poke|p2|Greninja, L50, M|
|teampreview|4
|showteam|p1|Charizard||CharizarditeY|SolarPower|SolarBeam,WeatherBall,Protect,HeatWave|Modest||F|||50|]Kingambit||FocusSash|Defiant|KowtowCleave,SuckerPunch,LowKick,IronHead|Adamant||M|||50|]Sylveon||FairyFeather|Pixilate|Detect,HyperBeam,HyperVoice,QuickAttack|Modest||F|||50|]Farigiraf||SitrusBerry|ArmorTail|TrickRoom,TwinBeam,GrassKnot,Thunderbolt|Bold||M|||50|]Garchomp||LifeOrb|RoughSkin|Protect,Earthquake,DragonClaw,StompingTantrum|Jolly||M|||50|]Aerodactyl||Aerodactylite|Unnerve|RockSlide,IceFang,Tailwind,DualWingbeat|Jolly||F|||50|
|showteam|p2|Raichu||RaichuniteY|LightningRod|ZapCannon,VoltSwitch,Protect,FocusBlast|Timid||M|||50|]Hydreigon||ChoiceScarf|Levitate|DracoMeteor,DarkPulse,Snarl,EarthPower|Modest||M|||50|]Arcanine-Hisui||LifeOrb|RockHead|RockSlide,FlareBlitz,ExtremeSpeed,Protect|Adamant||F|||50|]Tinkaton||SitrusBerry|MoldBreaker|FakeOut,PlayRough,Feint,GigatonHammer|Adamant||F|||50|]Tsareena||MiracleSeed|QueenlyMajesty|Taunt,HelpingHand,TropKick,LowKick|Adamant||F|||50|]Greninja||Greninjite|Protean|IcyWind,DarkPulse,Extrasensory,Protect|Timid||M|||50|
|inactive|Battle timer is ON: inactive players will automatically lose when time's up. (requested by redx50)
|inactive|baarboo has 60 seconds left.
|
|t:|1783623359
|teamsize|p1|4
|teamsize|p2|4
|start
|switch|p1a: Charizard|Charizard, L50, F|100/100
|switch|p1b: Sylveon|Sylveon, L50, F|100/100
|switch|p2a: Raichu|Raichu, L50, M|100/100
|switch|p2b: Bacon|Tinkaton, L50, F, shiny|100/100
|-ability|p2b: Bacon|Mold Breaker
|turn|1
|
|t:|1783623381
|detailschange|p2a: Raichu|Raichu-Mega-Y, L50, M
|-mega|p2a: Raichu|Raichu|Raichunite Y
|move|p1a: Charizard|Protect|p1a: Charizard
|-singleturn|p1a: Charizard|Protect
|move|p1b: Sylveon|Detect|p1b: Sylveon
|-singleturn|p1b: Sylveon|Protect
|move|p2b: Bacon|Fake Out|p1b: Sylveon
|-activate|p1b: Sylveon|move: Protect
|move|p2a: Raichu|Zap Cannon|p1a: Charizard
|-activate|p1a: Charizard|move: Protect
|
|upkeep
|turn|2
|
|t:|1783623404
|switch|p1a: Garchomp|Garchomp, L50, M|100/100
|move|p2a: Raichu|Zap Cannon|p1a: Garchomp
|-immune|p1a: Garchomp
|move|p2b: Bacon|Gigaton Hammer|p1b: Sylveon
|-supereffective|p1b: Sylveon|1
|-damage|p1b: Sylveon|0 fnt
|faint|p1b: Sylveon
|
|upkeep
|
|t:|1783623408
|switch|p1b: Charizard|Charizard, L50, F|100/100
|turn|3
|
|t:|1783623430
|detailschange|p1b: Charizard|Charizard-Mega-Y, L50, F
|-mega|p1b: Charizard|Charizard|Charizardite Y
|-weather|SunnyDay|[from] ability: Drought|[of] p1b: Charizard
|move|p2a: Raichu|Protect|p2a: Raichu
|-singleturn|p2a: Raichu|Protect
|move|p1a: Garchomp|Dragon Claw|p2a: Raichu
|-activate|p2a: Raichu|move: Protect
|move|p1b: Charizard|Weather Ball|p2b: Bacon
|-supereffective|p2b: Bacon|1
|-damage|p2b: Bacon|0 fnt
|faint|p2b: Bacon
|
|-weather|SunnyDay|[upkeep]
|upkeep
|
|t:|1783623439
|switch|p2b: Hydreigon|Hydreigon, L50, M|100/100
|turn|4
|
|t:|1783623454
|move|p1a: Garchomp|Protect|p1a: Garchomp
|-singleturn|p1a: Garchomp|Protect
|move|p1b: Charizard|Protect|p1b: Charizard
|-singleturn|p1b: Charizard|Protect
|move|p2b: Hydreigon|Draco Meteor|p1a: Garchomp
|-activate|p1a: Garchomp|move: Protect
|move|p2a: Raichu|Zap Cannon|p1b: Charizard
|-activate|p1b: Charizard|move: Protect
|
|-weather|SunnyDay|[upkeep]
|upkeep
|turn|5
|
|t:|1783623466
|switch|p1b: Kingambit|Kingambit, L50, M|100/100
|move|p2b: Hydreigon|Draco Meteor|p1a: Garchomp
|-supereffective|p1a: Garchomp|1
|-damage|p1a: Garchomp|0 fnt
|-unboost|p2b: Hydreigon|spa|2
|faint|p1a: Garchomp
|move|p2a: Raichu|Zap Cannon|p1b: Kingambit
|-crit|p1b: Kingambit
|-enditem|p1b: Kingambit|Focus Sash
|-damage|p1b: Kingambit|1/100
|-status|p1b: Kingambit|par
|
|-weather|SunnyDay|[upkeep]
|upkeep
|
|t:|1783623467
|switch|p1a: Charizard|Charizard-Mega-Y, L50, F|100/100
|turn|6
|
|t:|1783623479
|cant|p1b: Kingambit|par
|move|p2b: Hydreigon|Draco Meteor|p1a: Charizard
|-damage|p1a: Charizard|68/100
|-unboost|p2b: Hydreigon|spa|2
|move|p2a: Raichu|Volt Switch|p1b: Kingambit
|-damage|p1b: Kingambit|0 fnt
|faint|p1b: Kingambit
|
|t:|1783623480
|switch|p2a: Tsareena|Tsareena, L50, F|100/100|[from] Volt Switch
|move|p1a: Charizard|Heat Wave|p2a: Tsareena|[spread] p2b
|-miss|p1a: Charizard|p2a: Tsareena
|-resisted|p2b: Hydreigon|1
|-damage|p2b: Hydreigon|64/100
|
|-weather|SunnyDay|[upkeep]
|upkeep
|turn|7
|
|t:|1783623490
|move|p2b: Hydreigon|Draco Meteor|p1a: Charizard
|-damage|p1a: Charizard|44/100
|-unboost|p2b: Hydreigon|spa|2
|move|p1a: Charizard|Heat Wave|p2b: Hydreigon|[spread] p2a,p2b
|-supereffective|p2a: Tsareena|1
|-resisted|p2b: Hydreigon|1
|-damage|p2a: Tsareena|0 fnt
|-damage|p2b: Hydreigon|29/100
|faint|p2a: Tsareena
|
|-weather|none
|upkeep
|
|t:|1783623492
|switch|p2a: Raichu|Raichu-Mega-Y, L50, M|100/100
|turn|8
|
|t:|1783623496
|move|p1a: Charizard|Protect|p1a: Charizard
|-singleturn|p1a: Charizard|Protect
|move|p2b: Hydreigon|Draco Meteor|p1a: Charizard
|-activate|p1a: Charizard|move: Protect
|move|p2a: Raichu|Zap Cannon|p1a: Charizard
|-activate|p1a: Charizard|move: Protect
|
|upkeep
|turn|9
|
|t:|1783623499
|move|p2b: Hydreigon|Draco Meteor|p1a: Charizard
|-damage|p1a: Charizard|28/100
|move|p2a: Raichu|Zap Cannon|p1a: Charizard
|-supereffective|p1a: Charizard|1
|-damage|p1a: Charizard|0 fnt
|faint|p1a: Charizard
|
|win|redx50
||baarboo is ready for game 3.
||redx50 is ready for game 3.
|uhtml|next|Next: Game 3 of 3
|l|☆baarboo
|player|p1|
|j|☆baarboo
|player|p1|baarboo|102|
|l|☆redx50
|player|p2|
