|j|☆x-3 demon
|j|☆void25o
|html|x-3 demonvoid25o    
|uhtml|bestof|Game 2 of a best-of-3
|t:|1757640038
|gametype|doubles
|player|p1|x-3 demon|boarder-gen2|1342
|player|p2|void25o|miku-ghost|1353
|gen|9
|tier|[Gen 9] VGC 2025 Reg H (Bo3)
|rated|
|rule|Species Clause: Limit one of each Pokémon
|rule|Item Clause: Limit 1 of each item
|clearpoke
|poke|p1|Gholdengo, L50|
|poke|p1|Sinistcha, L50|
|poke|p1|Ursaluna, L50, F|
|poke|p1|Dragonite, L50, F|
|poke|p1|Incineroar, L50, F|
|poke|p1|Ninetales-Alola, L50, F|
|poke|p2|Indeedee, L50, M|
|poke|p2|Sneasler, L50, M|
|poke|p2|Amoonguss, L50, F|
|poke|p2|Volcarona, L50, F|
|poke|p2|Tyranitar, L50, M|
|poke|p2|Dragonite, L50, M|
|teampreview|4
|showteam|p1|Gholdengo||ChoiceScarf|GoodasGold|MakeItRain,ShadowBall,Trick,Protect||||||50|,,,,,Flying]Sinistcha||SitrusBerry|Hospitality|MatchaGotcha,LifeDew,RagePowder,TrickRoom||||||50|,,,,,Dark]Ursaluna||FlameOrb|Guts|HeadlongRush,Earthquake,Facade,Protect|||F|||50|,,,,,Ghost]Dragonite||LoadedDice|Multiscale|ScaleShot,Haze,Tailwind,Protect|||F|||50|,,,,,Fairy]Incineroar||AssaultVest|Intimidate|FlareBlitz,KnockOff,FakeOut,Uturn|||F|||50|,,,,,Grass]Ninetales-Alola||FocusSash|SnowWarning|Blizzard,FreezeDry,Encore,AuroraVeil|||F|||50|,,,,,Ghost
|showteam|p2|Indeedee||FocusSash|PsychicSurge|ExpandingForce,TeraBlast,Imprison,TrickRoom|||M|||50|,,,,,Psychic]Sneasler||PsychicSeed|Unburden|CloseCombat,DireClaw,ThroatChop,Protect|||M|||50|,,,,,Dark]Amoonguss||RockyHelmet|Regenerator|SludgeBomb,Spore,RagePowder,Protect|||F|||50|,,,,,Fairy]Volcarona||SafetyGoggles|FlameBody|HeatWave,TeraBlast,QuiverDance,Protect|||F|||50|,,,,,Fairy]Tyranitar||AssaultVest|SandStream|KnockOff,RockSlide,TeraBlast,LowKick|||M|||50|,,,,,Flying]Dragonite||LoadedDice|InnerFocus|ScaleShot,Haze,Tailwind,Protect|||M|||50|,,,,,Fairy
|inactive|Battle timer is ON: inactive players will automatically lose when time's up. (requested by void25o)
|
|t:|1757640080
|teamsize|p1|4
|teamsize|p2|4
|start
|switch|p1a: Dragonite|Dragonite, L50, F|100/100
|switch|p1b: Incineroar|Incineroar, L50, F|100/100
|switch|p2a: Magellan|Sneasler, L50, M|100/100
|switch|p2b: Ace|Volcarona, L50, F, shiny|100/100
|-ability|p1b: Incineroar|Intimidate|boost
|-unboost|p2a: Magellan|atk|1
|-unboost|p2b: Ace|atk|1
|turn|1
|inactive|x-3 demon has 30 seconds left.
|inactive|void25o has 30 seconds left.
|
|t:|1757640108
|switch|p2a: Shyarly|Indeedee, L50, M|100/100
|-fieldstart|move: Psychic Terrain|[from] ability: Psychic Surge|[of] p2a: Shyarly
|-terastallize|p2b: Ace|Fairy
|move|p2b: Ace|Quiver Dance|p2b: Ace
|-boost|p2b: Ace|spa|1
|-boost|p2b: Ace|spd|1
|-boost|p2b: Ace|spe|1
|move|p1a: Dragonite|Scale Shot|p2a: Shyarly
|-crit|p2a: Shyarly
|-damage|p2a: Shyarly|56/100
|-damage|p2a: Shyarly|25/100
|-damage|p2a: Shyarly|0 fnt
|faint|p2a: Shyarly
|-hitcount|p2: Shyarly|3
|-unboost|p1a: Dragonite|def|1
|-boost|p1a: Dragonite|spe|1
|move|p1b: Incineroar|U-turn|p2b: Ace
|-resisted|p2b: Ace
|-damage|p2b: Ace|87/100
|inactive|x-3 demon has 30 seconds left.
|
|t:|1757640142
|switch|p1b: Ursaluna|Ursaluna, L50, F, shiny|100/100|[from] U-turn
|
|-status|p1b: Ursaluna|brn|[from] item: Flame Orb
|upkeep
|inactive|void25o has 30 seconds left.
|
|t:|1757640168
|switch|p2a: Magellan|Sneasler, L50, M|100/100
|-enditem|p2a: Magellan|Psychic Seed
|-boost|p2a: Magellan|spd|1|[from] item: Psychic Seed
|turn|2
|
|t:|1757640193
|move|p2a: Magellan|Close Combat|p1b: Ursaluna
|-supereffective|p1b: Ursaluna
|-damage|p1b: Ursaluna|0 fnt
|-unboost|p2a: Magellan|def|1
|-unboost|p2a: Magellan|spd|1
|faint|p1b: Ursaluna
|move|p2b: Ace|Tera Blast|p1a: Dragonite|[anim] Tera Blast Fairy
|-supereffective|p1a: Dragonite
|-damage|p1a: Dragonite|33/100
|move|p1a: Dragonite|Scale Shot|p2a: Magellan
|-damage|p2a: Magellan|59/100
|-damage|p2a: Magellan|22/100
|-damage|p2a: Magellan|0 fnt
|faint|p2a: Magellan
|-hitcount|p2: Magellan|3
|-unboost|p1a: Dragonite|def|1
|-boost|p1a: Dragonite|spe|1
|
|upkeep
|
|t:|1757640217
|switch|p2a: X Drake|Tyranitar, L50, M|100/100
|switch|p1b: Incineroar|Incineroar, L50, F|100/100
|-weather|Sandstorm|[from] ability: Sand Stream|[of] p2a: X Drake
|-ability|p1b: Incineroar|Intimidate|boost
|-unboost|p2a: X Drake|atk|1
|-unboost|p2b: Ace|atk|1
|turn|3
|inactive|x-3 demon has 30 seconds left.
|inactive|x-3 demon has 20 seconds left.
|
|t:|1757640254
|move|p1b: Incineroar|Fake Out|p2a: X Drake
|-activate|p2a: X Drake|move: Psychic Terrain
|move|p1a: Dragonite|Scale Shot|p2a: X Drake|[miss]
|-miss|p1a: Dragonite|p2a: X Drake
|move|p2b: Ace|Tera Blast|p1b: Incineroar|[anim] Tera Blast Fairy
|-damage|p1b: Incineroar|59/100
|move|p2a: X Drake|Rock Slide|p1a: Dragonite|[spread] p1a,p1b
|-supereffective|p1a: Dragonite
|-supereffective|p1b: Incineroar
|-damage|p1a: Dragonite|0 fnt
|-damage|p1b: Incineroar|20/100
|faint|p1a: Dragonite
|
|-weather|Sandstorm|[upkeep]
|-damage|p1b: Incineroar|14/100|[from] Sandstorm
|upkeep
|
|t:|1757640267
|switch|p1a: Sinistcha|Sinistcha, L50|100/100
|-heal|p1b: Incineroar|39/100|[from] ability: Hospitality|[of] p1a: Sinistcha
|turn|4
|
|t:|1757640291
|move|p2b: Ace|Heat Wave|p1a: Sinistcha|[spread] p1a,p1b
|-supereffective|p1a: Sinistcha
|-resisted|p1b: Incineroar
|-damage|p1a: Sinistcha|2/100
|-damage|p1b: Incineroar|22/100
|-enditem|p1a: Sinistcha|Sitrus Berry|[eat]
|-heal|p1a: Sinistcha|26/100|[from] item: Sitrus Berry
|move|p2a: X Drake|Rock Slide|p1b: Incineroar|[spread] p1a,p1b
|-supereffective|p1b: Incineroar
|-damage|p1a: Sinistcha|11/100
|-damage|p1b: Incineroar|0 fnt
|faint|p1b: Incineroar
|move|p1a: Sinistcha|Trick Room|p1a: Sinistcha
|-fieldstart|move: Trick Room|[of] p1a: Sinistcha
|
|-weather|Sandstorm|[upkeep]
|-damage|p1a: Sinistcha|4/100|[from] Sandstorm
|upkeep
|turn|5
|
|t:|1757640304
|move|p1a: Sinistcha|Matcha Gotcha|p2a: X Drake|[spread] p2b
|-miss|p1a: Sinistcha|p2a: X Drake
|-damage|p2b: Ace|72/100
|-heal|p1a: Sinistcha|12/100|[from] drain|[of] p2b: Ace
|move|p2a: X Drake|Knock Off|p1a: Sinistcha
|-supereffective|p1a: Sinistcha
|-damage|p1a: Sinistcha|0 fnt
|faint|p1a: Sinistcha
|
|win|void25o
|raw|x-3 demon's rating: 1342 → 1323(-19 for losing)
|raw|void25o's rating: 1353 → 1372(+19 for winning)
|c|☆x-3 demon|ggwp
|c|☆void25o|gg
