|j|☆Jortchamp
|j|☆iiFWM
|html|JortchampiiFWM    
|uhtml|bestof|Game 3 of a best-of-3
|t:|1782236708
|gametype|doubles
|player|p1|Jortchamp|#smogonxnpa2025draftee|
|player|p2|iiFWM|candice|
|gen|9
|tier|[Gen 9 Champions] VGC 2026 Reg M-B (Bo3)
|rule|Species Clause: Limit one of each Pokémon
|rule|Item Clause: Limit 1 of each item
|clearpoke
|poke|p1|Pelipper, L50, F|
|poke|p1|Swampert, L50, F|
|poke|p1|Archaludon, L50, M|
|poke|p1|Mawile, L50, M|
|poke|p1|Maushold, L50|
|poke|p1|Sinistcha, L50|
|poke|p2|Basculegion, L50, M, shiny|
|poke|p2|Whimsicott, L50, M, shiny|
|poke|p2|Gholdengo, L50|
|poke|p2|Floette-Eternal, L50, F|
|poke|p2|Garchomp, L50, M, shiny|
|poke|p2|Charizard, L50, F, shiny|
|teampreview|4
|showteam|p1|Pelipper||SitrusBerry|Drizzle|Hurricane,WeatherBall,Protect,Tailwind|Modest||F|||50|]Swampert||Swampertite|Torrent|WaveCrash,HighHorsepower,IcePunch,Protect|Adamant||F|||50|]Archaludon||Leftovers|Stamina|ElectroShot,DragonPulse,FlashCannon,Protect|Calm||M|||50|]Mawile||Mawilite|Intimidate|PlayRough,SuckerPunch,IronHead,Protect|Adamant||M|||50|]Maushold||WideLens|Technician|PopulationBomb,FollowMe,Protect,RainDance|Jolly|||||50|]Sinistcha||KasibBerry|Hospitality|MatchaGotcha,RagePowder,TrickRoom,Protect|Calm|||||50|
|showteam|p2|Basculegion||MysticWater|Adaptability|WaveCrash,LastRespects,AquaJet,Protect|Adamant||M|||50|]Whimsicott||FocusSash|Prankster|Moonblast,Tailwind,Encore,Protect|Timid||M|||50|]Gholdengo||MetalCoat|GoodasGold|MakeItRain,ShadowBall,NastyPlot,Protect|Modest|||||50|]Floette-Eternal||Floettite|FlowerVeil|Moonblast,LightofRuin,DazzlingGleam,Protect|Modest||F|||50|]Garchomp||LifeOrb|RoughSkin|Earthquake,DragonClaw,RockSlide,Protect|Jolly||M|||50|]Charizard||CharizarditeY|Blaze|WeatherBall,HeatWave,SolarBeam,Protect|Modest||F|||50|
|j| salcranvgc
|j| MrGardnHose
|j| tobrin
|j| cynthia's grippers
|j| OscarPikastri
|j| the gong lady
|c| cynthia's grippers|we are jorting it
|j| CillianVGC
|j| Combustandy
|j| powergo
|
|t:|1782236815
|teamsize|p1|4
|teamsize|p2|4
|start
|switch|p1a: Maushold|Maushold, L50|100/100
|switch|p1b: Mawile|Mawile, L50, M|100/100
|switch|p2a: Whimsicott|Whimsicott, L50, M, shiny|100/100
|switch|p2b: Floette|Floette-Eternal, L50, F|100/100
|-ability|p1b: Mawile|Intimidate|boost
|-block|p2a: Whimsicott|ability: Flower Veil|[of] p2b: Floette
|-unboost|p2b: Floette|atk|1
|turn|1
|l| Combustandy
|l|☆iiFWM
|player|p2|
|j|☆iiFWM
|player|p2|iiFWM|candice|
|
|t:|1782236888
|switch|p2b: Gholdengo|Gholdengo, L50|100/100
|detailschange|p1b: Mawile|Mawile-Mega, L50, M
|-mega|p1b: Mawile|Mawile|Mawilite
|move|p2a: Whimsicott|Protect|p2a: Whimsicott
|-singleturn|p2a: Whimsicott|Protect
|move|p1a: Maushold|Population Bomb|p2a: Whimsicott
|-activate|p2a: Whimsicott|move: Protect
|move|p1b: Mawile|Iron Head|p2b: Gholdengo
|-resisted|p2b: Gholdengo|1
|-damage|p2b: Gholdengo|59/100
|
|upkeep
|turn|2
|
|t:|1782236911
|move|p2a: Whimsicott|Encore|p1b: Mawile
|-start|p1b: Mawile|Encore
|move|p1a: Maushold|Population Bomb|p2a: Whimsicott
|-damage|p2a: Whimsicott|84/100
|-damage|p2a: Whimsicott|69/100
|-damage|p2a: Whimsicott|54/100
|-damage|p2a: Whimsicott|36/100
|-damage|p2a: Whimsicott|18/100
|-damage|p2a: Whimsicott|2/100
|-damage|p2a: Whimsicott|0 fnt
|faint|p2a: Whimsicott
|-hitcount|p2: Whimsicott|7
|move|p2b: Gholdengo|Nasty Plot|p2b: Gholdengo
|-boost|p2b: Gholdengo|spa|2
|move|p1b: Mawile|Iron Head|p2b: Gholdengo
|-resisted|p2b: Gholdengo|1
|-damage|p2b: Gholdengo|11/100
|
|upkeep
|
|t:|1782236925
|switch|p2a: Floette|Floette-Eternal, L50, F|100/100
|turn|3
|
|t:|1782236936
|switch|p1b: Pelipper|Pelipper, L50, F|100/100
|-weather|RainDance|[from] ability: Drizzle|[of] p1b: Pelipper
|detailschange|p2a: Floette|Floette-Mega, L50, F
|-mega|p2a: Floette|Floette|Floettite
|-ability|p2a: Floette|Fairy Aura
|move|p1a: Maushold|Protect|p1a: Maushold
|-singleturn|p1a: Maushold|Protect
|move|p2a: Floette|Protect|p2a: Floette
|-singleturn|p2a: Floette|Protect
|move|p2b: Gholdengo|Make It Rain|p1a: Maushold|[spread] p1b
|-activate|p1a: Maushold|move: Protect
|-resisted|p1b: Pelipper|1
|-damage|p1b: Pelipper|28/100
|-unboost|p2b: Gholdengo|spa|2
|-enditem|p1b: Pelipper|Sitrus Berry|[eat]
|-heal|p1b: Pelipper|53/100|[from] item: Sitrus Berry
|
|-weather|RainDance|[upkeep]
|upkeep
|turn|4
|
|t:|1782236957
|switch|p2a: Garchomp|Garchomp, L50, M, shiny|100/100
|move|p1a: Maushold|Population Bomb|p2a: Garchomp
|-damage|p2a: Garchomp|88/100
|-damage|p1a: Maushold|87/100|[from] ability: Rough Skin|[of] p2a: Garchomp
|-damage|p2a: Garchomp|76/100
|-damage|p1a: Maushold|75/100|[from] ability: Rough Skin|[of] p2a: Garchomp
|-crit|p2a: Garchomp
|-damage|p2a: Garchomp|58/100
|-damage|p1a: Maushold|63/100|[from] ability: Rough Skin|[of] p2a: Garchomp
|-damage|p2a: Garchomp|47/100
|-damage|p1a: Maushold|51/100|[from] ability: Rough Skin|[of] p2a: Garchomp
|-damage|p2a: Garchomp|35/100
|-damage|p1a: Maushold|39/100|[from] ability: Rough Skin|[of] p2a: Garchomp
|-damage|p2a: Garchomp|23/100
|-damage|p1a: Maushold|27/100|[from] ability: Rough Skin|[of] p2a: Garchomp
|-damage|p2a: Garchomp|10/100
|-damage|p1a: Maushold|15/100|[from] ability: Rough Skin|[of] p2a: Garchomp
|-damage|p2a: Garchomp|0 fnt
|-damage|p1a: Maushold|3/100|[from] ability: Rough Skin|[of] p2a: Garchomp
|faint|p2a: Garchomp
|-hitcount|p2: Garchomp|8
|move|p2b: Gholdengo|Make It Rain|p1b: Pelipper|[spread] p1a,p1b
|-resisted|p1b: Pelipper|1
|-damage|p1a: Maushold|0 fnt
|-damage|p1b: Pelipper|21/100
|-unboost|p2b: Gholdengo|spa|2
|faint|p1a: Maushold
|move|p1b: Pelipper|Tailwind|p1b: Pelipper
|-sidestart|p1: Jortchamp|move: Tailwind
|
|-weather|RainDance|[upkeep]
|upkeep
|
|t:|1782236967
|switch|p1a: Mawile|Mawile-Mega, L50, M|100/100
|switch|p2a: Floette|Floette-Mega, L50, F|100/100
|-ability|p2a: Floette|Fairy Aura
|turn|5
|
|t:|1782236992
|move|p2a: Floette|Protect|p2a: Floette
|-singleturn|p2a: Floette|Protect
|move|p2b: Gholdengo|Protect|p2b: Gholdengo
|-singleturn|p2b: Gholdengo|Protect
|move|p1b: Pelipper|Weather Ball|p2b: Gholdengo
|-activate|p2b: Gholdengo|move: Protect
|move|p1a: Mawile|Iron Head|p2a: Floette
|-activate|p2a: Floette|move: Protect
|
|-weather|RainDance|[upkeep]
|upkeep
|turn|6
|
|t:|1782237024
|move|p2b: Gholdengo|Protect||[still]
|-fail|p2b: Gholdengo
|move|p1b: Pelipper|Weather Ball|p2b: Gholdengo
|-damage|p2b: Gholdengo|0 fnt
|faint|p2b: Gholdengo
|move|p2a: Floette|Light of Ruin|p1a: Mawile
|-resisted|p1a: Mawile|1
|-damage|p1a: Mawile|32/100
|-damage|p2a: Floette|64/100|[from] Recoil
|move|p1a: Mawile|Iron Head|p2a: Floette
|-supereffective|p2a: Floette|1
|-damage|p2a: Floette|0 fnt
|faint|p2a: Floette
|
|win|Jortchamp
|c|☆Jortchamp|GG
|c|☆iiFWM|ggwp
|c|☆Jortchamp|Fun set
|l| salcranvgc
|l| the gong lady
|l| CillianVGC
|l| powergo
|l| cynthia's grippers
