|j|☆NerdConsultant
|j|☆MegaMetaBestMeta
|html|NerdConsultantMegaMetaBestMeta    
|uhtml|bestof|Game 3 of a best-of-3
|t:|1756137748
|gametype|doubles
|player|p1|NerdConsultant|roxie|1163
|player|p2|MegaMetaBestMeta|102|1224
|gen|9
|tier|[Gen 9] VGC 2025 Reg H (Bo3)
|rated|
|rule|Species Clause: Limit one of each Pokémon
|rule|Item Clause: Limit 1 of each item
|clearpoke
|poke|p1|Kingambit, L50, M|
|poke|p1|Rillaboom, L50, M|
|poke|p1|Archaludon, L50, F|
|poke|p1|Basculegion, L50, M|
|poke|p1|Electabuzz, L50, M|
|poke|p1|Pelipper, L50, M|
|poke|p2|Kingambit, L50, F|
|poke|p2|Sneasler, L50, F|
|poke|p2|Rillaboom, L50, M|
|poke|p2|Dragapult, L50, F|
|poke|p2|Glimmora, L50, M|
|poke|p2|Volcarona, L50, F|
|teampreview|4
|showteam|p1|Kingambit||BlackGlasses|Defiant|KowtowCleave,SwordsDance,SuckerPunch,Protect|||M|||50|,,,,,Dark]Rillaboom||LoadedDice|GrassySurge|HighHorsepower,GrassyGlide,BulletSeed,FakeOut|||M|||50|,,,,,Fire]Archaludon||AssaultVest|Stamina|ElectroShot,BodyPress,DracoMeteor,FlashCannon|||F|||50|,,,,,Bug]Basculegion||ChoiceBand|SwiftSwim|WaveCrash,AquaJet,LastRespects,FlipTurn|||M|||50|,,,,,Grass]Electabuzz||Eviolite|VitalSpirit|Electroweb,Taunt,FollowMe,Protect|||M|||50|,,,,,Ghost]Pelipper||FocusSash|Drizzle|Tailwind,WeatherBall,Hurricane,Protect|||M|||50|,,,,,Ghost
|showteam|p2|Kingambit||BlackGlasses|Defiant|KowtowCleave,SuckerPunch,SwordsDance,Protect|||F|||50|,,,,,Dark]Sneasler||ClearAmulet|PoisonTouch|CloseCombat,DireClaw,FakeOut,Protect|||F|||50|,,,,,Ghost]Rillaboom||AssaultVest|GrassySurge|WoodHammer,GrassyGlide,HighHorsepower,FakeOut|||M|||50|,,,,,Fire]Dragapult||ChoiceBand|ClearBody|DragonDarts,PhantomForce,Outrage,Uturn|||F|||50|,,,,,Dragon]Glimmora||FocusSash|ToxicDebris|SludgeBomb,PowerGem,EarthPower,SpikyShield|||M|||50|,,,,,Grass]Volcarona||SitrusBerry|FlameBody|HeatWave,QuiverDance,TeraBlast,Protect|||F|||50|,,,,,Fairy
|
|t:|1756137806
|teamsize|p1|4
|teamsize|p2|4
|start
|switch|p1a: Pelipper|Pelipper, L50, M|100/100
|switch|p1b: Basculegion|Basculegion, L50, M|100/100
|switch|p2a: Glimmora|Glimmora, L50, M|100/100
|switch|p2b: Sneasler|Sneasler, L50, F|100/100
|-weather|RainDance|[from] ability: Drizzle|[of] p1a: Pelipper
|turn|1
|inactive|Battle timer is ON: inactive players will automatically lose when time's up. (requested by NerdConsultant)
|inactive|MegaMetaBestMeta has 60 seconds left.
|
|t:|1756137845
|switch|p1a: Archaludon|Archaludon, L50, F|100/100
|move|p2b: Sneasler|Protect|p2b: Sneasler
|-singleturn|p2b: Sneasler|Protect
|move|p1b: Basculegion|Flip Turn|p2b: Sneasler
|-activate|p2b: Sneasler|move: Protect
|move|p2a: Glimmora|Power Gem|p1a: Archaludon
|-resisted|p1a: Archaludon
|-damage|p1a: Archaludon|85/100
|-ability|p1a: Archaludon|Stamina|boost
|-boost|p1a: Archaludon|def|1
|
|-weather|RainDance|[upkeep]
|upkeep
|turn|2
|inactive|MegaMetaBestMeta has 30 seconds left.
|inactive|NerdConsultant has 30 seconds left.
|inactive|MegaMetaBestMeta has 20 seconds left.
|
|t:|1756137889
|switch|p2b: Dragapult|Dragapult, L50, F|100/100
|-terastallize|p1a: Archaludon|Bug
|move|p1b: Basculegion|Flip Turn|p2a: Glimmora
|-supereffective|p2a: Glimmora
|-enditem|p2a: Glimmora|Focus Sash
|-damage|p2a: Glimmora|1/100
|-activate|p2a: Glimmora|ability: Toxic Debris
|-sidestart|p1: NerdConsultant|move: Toxic Spikes
|
|t:|1756137898
|switch|p1b: Pelipper|Pelipper, L50, M|100/100|[from] Flip Turn
|move|p2a: Glimmora|Earth Power|p1a: Archaludon
|-resisted|p1a: Archaludon
|-damage|p1a: Archaludon|73/100
|-ability|p1a: Archaludon|Stamina|boost
|-boost|p1a: Archaludon|def|1
|move|p1a: Archaludon|Electro Shot||[still]
|-prepare|p1a: Archaludon|Electro Shot
|-boost|p1a: Archaludon|spa|1
|-anim|p1a: Archaludon|Electro Shot|p2b: Dragapult
|-resisted|p2b: Dragapult
|-damage|p2b: Dragapult|62/100
|
|-weather|RainDance|[upkeep]
|upkeep
|turn|3
|inactive|MegaMetaBestMeta has 30 seconds left.
|
|t:|1756137925
|-terastallize|p2b: Dragapult|Dragon
|move|p2b: Dragapult|Dragon Darts|p1a: Archaludon
|-damage|p1a: Archaludon|53/100
|-ability|p1a: Archaludon|Stamina|boost
|-boost|p1a: Archaludon|def|1
|-anim|p2b: Dragapult|Dragon Darts|p1b: Pelipper
|-damage|p1b: Pelipper|28/100
|move|p2a: Glimmora|Power Gem|p1a: Archaludon
|-supereffective|p1a: Archaludon
|-damage|p1a: Archaludon|0 fnt
|faint|p1a: Archaludon
|move|p1b: Pelipper|Tailwind|p1b: Pelipper
|-sidestart|p1: NerdConsultant|move: Tailwind
|
|-weather|RainDance|[upkeep]
|upkeep
|
|t:|1756137938
|switch|p1a: Kingambit|Kingambit, L50, M|100/100
|turn|4
|inactive|MegaMetaBestMeta has 30 seconds left.
|
|t:|1756137964
|move|p2a: Glimmora|Spiky Shield|p2a: Glimmora
|-singleturn|p2a: Glimmora|move: Protect
|move|p1a: Kingambit|Sucker Punch|p2b: Dragapult
|-damage|p2b: Dragapult|5/100
|move|p1b: Pelipper|Weather Ball|p2a: Glimmora
|-activate|p2a: Glimmora|move: Protect
|move|p2b: Dragapult|Dragon Darts|p1a: Kingambit
|-resisted|p1a: Kingambit
|-damage|p1a: Kingambit|81/100
|-anim|p2b: Dragapult|Dragon Darts|p1b: Pelipper
|-damage|p1b: Pelipper|0 fnt
|faint|p1b: Pelipper
|
|-weather|RainDance|[upkeep]
|upkeep
|
|t:|1756137977
|switch|p1b: Basculegion|Basculegion, L50, M|100/100
|-status|p1b: Basculegion|psn
|turn|5
|inactive|MegaMetaBestMeta has 30 seconds left.
|inactive|MegaMetaBestMeta has 20 seconds left.
|inactive|MegaMetaBestMeta has 15 seconds left.
|inactive|MegaMetaBestMeta has 10 seconds left.
|inactive|MegaMetaBestMeta has 5 seconds left.
|
|t:|1756138029
|switch|p2a: Volcarona|Volcarona, L50, F|100/100
|move|p1a: Kingambit|Sucker Punch|p2b: Dragapult
|-damage|p2b: Dragapult|0 fnt
|faint|p2b: Dragapult
|move|p1b: Basculegion|Last Respects|p2a: Volcarona
|-damage|p2a: Volcarona|0 fnt
|faint|p2a: Volcarona
|
|-weather|none
|-damage|p1b: Basculegion|88/100 psn|[from] psn
|upkeep
|
|t:|1756138040
|switch|p2b: Glimmora|Glimmora, L50, M|1/100
|switch|p2a: Sneasler|Sneasler, L50, F|100/100
|turn|6
|inactive|MegaMetaBestMeta has 30 seconds left.
|inactive|MegaMetaBestMeta has 20 seconds left.
|
|t:|1756138078
|move|p2a: Sneasler|Protect|p2a: Sneasler
|-singleturn|p2a: Sneasler|Protect
|move|p1a: Kingambit|Sucker Punch|p2b: Glimmora
|-damage|p2b: Glimmora|0 fnt
|-activate|p2b: Glimmora|ability: Toxic Debris
|-sidestart|p1: NerdConsultant|move: Toxic Spikes
|faint|p2b: Glimmora
|move|p1b: Basculegion|Last Respects|p2a: Sneasler
|-activate|p2a: Sneasler|move: Protect
|
|-damage|p1b: Basculegion|76/100 psn|[from] psn
|-sideend|p1: NerdConsultant|move: Tailwind
|upkeep
|turn|7
|inactive|MegaMetaBestMeta has 30 seconds left.
|
|t:|1756138105
|move|p2a: Sneasler|Dire Claw|p1b: Basculegion
|-resisted|p1b: Basculegion
|-damage|p1b: Basculegion|48/100 psn
|move|p1b: Basculegion|Last Respects|p2a: Sneasler
|-damage|p2a: Sneasler|0 fnt
|faint|p2a: Sneasler
|
|win|NerdConsultant
|raw|NerdConsultant's rating: 1163 → 1192(+29 for winning)
|raw|MegaMetaBestMeta's rating: 1224 → 1195(-29 for losing)
|c|☆MegaMetaBestMeta|gg
|c|☆NerdConsultant|gg
|c|☆NerdConsultant|well played
|l|☆MegaMetaBestMeta
|player|p2|
|c|☆NerdConsultant|that was really close at the end
