|j|☆bcoffey1010
|j|☆cereales raton
|html|bcoffey1010cereales raton    
|uhtml|bestof|Game 1 of a best-of-3
|t:|1757798530
|gametype|doubles
|player|p1|bcoffey1010|169|1309
|player|p2|cereales raton|1|1503
|gen|9
|tier|[Gen 9] VGC 2025 Reg H (Bo3)
|rated|
|rule|Species Clause: Limit one of each Pokémon
|rule|Item Clause: Limit 1 of each item
|clearpoke
|poke|p1|Gholdengo, L50|
|poke|p1|Sneasler, L50, M|
|poke|p1|Rillaboom, L50, M|
|poke|p1|Dragonite, L50, F|
|poke|p1|Ninetales-Alola, L50, F|
|poke|p1|Arcanine-Hisui, L50, M|
|poke|p2|Maushold-Four, L50|
|poke|p2|Gholdengo, L50|
|poke|p2|Dragonite, L50, M|
|poke|p2|Annihilape, L50, M|
|poke|p2|Rillaboom, L50, M|
|poke|p2|Ursaluna-Bloodmoon, L50, M|
|teampreview|4
|showteam|p1|Gholdengo||GrassySeed|GoodasGold|NastyPlot,MakeItRain,ShadowBall,Protect||||||50|,,,,,Water]Sneasler||WhiteHerb|Unburden|CloseCombat,DireClaw,Coaching,Protect|||M|||50|,,,,,Ghost]Rillaboom||AssaultVest|GrassySurge|FakeOut,GrassyGlide,DrumBeating,HighHorsepower|||M|||50|,,,,,Fire]Dragonite||LoadedDice|Multiscale|ScaleShot,Haze,Tailwind,Protect|||F|||50|,,,,,Fairy]Ninetales-Alola||FocusSash|SnowWarning|Blizzard,IcyWind,Encore,AuroraVeil|||F|||50|,,,,,Ghost]Arcanine-Hisui||ClearAmulet|Intimidate|RockSlide,FlareBlitz,ExtremeSpeed,Protect|||M|||50|,,,,,Water
|showteam|p2|Maushold-Four||FocusSash|FriendGuard|SuperFang,BeatUp,FollowMe,Protect||||||50|,,,,,Ghost]Gholdengo||LifeOrb|GoodasGold|MakeItRain,ShadowBall,NastyPlot,Protect||||||50|,,,,,Water]Dragonite||LoadedDice|Multiscale|ScaleShot,Tailwind,Haze,Protect|||M|||50|,,,,,Fairy]Annihilape||SitrusBerry|Defiant|DrainPunch,RageFist,BulkUp,Protect|||M|||50|,,,,,Fire]Rillaboom||MiracleSeed|GrassySurge|WoodHammer,GrassyGlide,HighHorsepower,FakeOut|||M|||50|,,,,,Fire]Ursaluna-Bloodmoon||AssaultVest|MindsEye|BloodMoon,EarthPower,HyperVoice,VacuumWave|||M|||50|,,,,,Water
|inactive|Battle timer is ON: inactive players will automatically lose when time's up. (requested by cereales raton)
|
|t:|1757798563
|teamsize|p1|4
|teamsize|p2|4
|start
|switch|p1a: Arcanine|Arcanine-Hisui, L50, M|100/100
|switch|p1b: Rillaboom|Rillaboom, L50, M|100/100
|switch|p2a: Annihilape|Annihilape, L50, M|100/100
|switch|p2b: Maushold|Maushold-Four, L50|100/100
|-ability|p1a: Arcanine|Intimidate|boost
|-unboost|p2a: Annihilape|atk|1
|-ability|p2a: Annihilape|Defiant|boost
|-boost|p2a: Annihilape|atk|2
|-unboost|p2b: Maushold|atk|1
|-fieldstart|move: Grassy Terrain|[from] ability: Grassy Surge|[of] p1b: Rillaboom
|turn|1
|inactive|bcoffey1010 has 30 seconds left.
|
|t:|1757798595
|move|p2b: Maushold|Protect|p2b: Maushold
|-singleturn|p2b: Maushold|Protect
|move|p1a: Arcanine|Flare Blitz|p2a: Annihilape
|-damage|p2a: Annihilape|52/100
|-damage|p1a: Arcanine|81/100|[from] Recoil
|move|p2a: Annihilape|Bulk Up|p2a: Annihilape
|-boost|p2a: Annihilape|atk|1
|-boost|p2a: Annihilape|def|1
|move|p1b: Rillaboom|Drum Beating|p2a: Annihilape
|-damage|p2a: Annihilape|27/100
|-unboost|p2a: Annihilape|spe|1
|-ability|p2a: Annihilape|Defiant|boost
|-boost|p2a: Annihilape|atk|2
|-enditem|p2a: Annihilape|Sitrus Berry|[eat]
|-heal|p2a: Annihilape|52/100|[from] item: Sitrus Berry
|
|-heal|p1a: Arcanine|87/100|[from] Grassy Terrain
|-heal|p2a: Annihilape|59/100|[from] Grassy Terrain
|upkeep
|turn|2
|
|t:|1757798620
|move|p2b: Maushold|Follow Me|p2b: Maushold
|-singleturn|p2b: Maushold|move: Follow Me
|move|p1a: Arcanine|Rock Slide|p2b: Maushold|[spread] p2b
|-miss|p1a: Arcanine|p2a: Annihilape
|-damage|p2b: Maushold|65/100
|move|p1b: Rillaboom|Drum Beating|p2b: Maushold
|-damage|p2b: Maushold|8/100
|-unboost|p2b: Maushold|spe|1
|move|p2a: Annihilape|Rage Fist|p1b: Rillaboom
|-damage|p1b: Rillaboom|0 fnt
|faint|p1b: Rillaboom
|
|-heal|p1a: Arcanine|93/100|[from] Grassy Terrain
|-heal|p2b: Maushold|14/100|[from] Grassy Terrain
|-heal|p2a: Annihilape|65/100|[from] Grassy Terrain
|upkeep
|
|t:|1757798632
|switch|p1b: Gholdengo|Gholdengo, L50|100/100
|-enditem|p1b: Gholdengo|Grassy Seed
|-boost|p1b: Gholdengo|def|1|[from] item: Grassy Seed
|turn|3
|
|t:|1757798653
|move|p2a: Annihilape|Protect|p2a: Annihilape
|-singleturn|p2a: Annihilape|Protect
|move|p1a: Arcanine|Rock Slide|p2b: Maushold|[spread] p2b
|-activate|p2a: Annihilape|move: Protect
|-damage|p2b: Maushold|0 fnt
|faint|p2b: Maushold
|move|p1b: Gholdengo|Shadow Ball|p2a: Annihilape
|-activate|p2a: Annihilape|move: Protect
|
|-heal|p1a: Arcanine|99/100|[from] Grassy Terrain
|-heal|p2a: Annihilape|71/100|[from] Grassy Terrain
|upkeep
|
|t:|1757798661
|switch|p2b: Rillaboom|Rillaboom, L50, M|100/100
|turn|4
|
|t:|1757798678
|-terastallize|p2a: Annihilape|Fire
|move|p1a: Arcanine|Protect|p1a: Arcanine
|-singleturn|p1a: Arcanine|Protect
|move|p1b: Gholdengo|Protect|p1b: Gholdengo
|-singleturn|p1b: Gholdengo|Protect
|move|p2b: Rillaboom|Fake Out|p1a: Arcanine
|-activate|p1a: Arcanine|move: Protect
|move|p2a: Annihilape|Rage Fist|p1b: Gholdengo
|-activate|p1b: Gholdengo|move: Protect
|
|-heal|p1a: Arcanine|100/100|[from] Grassy Terrain
|-heal|p2a: Annihilape|77/100|[from] Grassy Terrain
|upkeep
|turn|5
|
|t:|1757798695
|move|p2a: Annihilape|Protect|p2a: Annihilape
|-singleturn|p2a: Annihilape|Protect
|move|p1a: Arcanine|Rock Slide|p2a: Annihilape|[spread] p2b
|-activate|p2a: Annihilape|move: Protect
|-damage|p2b: Rillaboom|73/100
|move|p1b: Gholdengo|Nasty Plot|p1b: Gholdengo
|-boost|p1b: Gholdengo|spa|2
|cant|p2b: Rillaboom|flinch
|
|-heal|p2b: Rillaboom|79/100|[from] Grassy Terrain
|-heal|p2a: Annihilape|84/100|[from] Grassy Terrain
|-fieldend|move: Grassy Terrain
|upkeep
|turn|6
|-message|cereales raton forfeited.
|
|win|bcoffey1010
|l|☆cereales raton
|player|p2|
||cereales raton is ready for game 2.
||bcoffey1010 is ready for game 2.
|uhtml|next|Next: Game 2 of 3
|j|☆cereales raton
|player|p2|cereales raton|1|
