|j|‽cm3112
|j|☆WestyLiam's House
|html|cm3112WestyLiam's House    
|uhtml|bestof|Game 2 of a best-of-3
|t:|1782216830
|gametype|doubles
|player|p1|cm3112|169|1132
|player|p2|WestyLiam's House|iris-gen5bw2|1058
|gen|9
|tier|[Gen 9 Champions] VGC 2026 Reg M-B (Bo3)
|rated|
|rule|Species Clause: Limit one of each Pokémon
|rule|Item Clause: Limit 1 of each item
|clearpoke
|poke|p1|Archaludon, L50, M|
|poke|p1|Maushold-Four, L50|
|poke|p1|Sableye, L50, M|
|poke|p1|Basculegion-F, L50, F|
|poke|p1|Kingambit, L50, M|
|poke|p1|Froslass, L50, F|
|poke|p2|Swampert, L50, F|
|poke|p2|Pelipper, L50, M|
|poke|p2|Archaludon, L50, M|
|poke|p2|Grimmsnarl, L50, M|
|poke|p2|Metagross, L50, shiny|
|poke|p2|Sneasler, L50, F|
|teampreview|4
|showteam|p1|Archaludon||Leftovers|Stamina|FlashCannon,ElectroShot,DragonPulse,Protect|Modest||M|||50|]Maushold-Four||WideLens|Technician|PopulationBomb,Taunt,FollowMe,Protect|Jolly|||||50|]Sableye||RoseliBerry|Prankster|WillOWisp,LightScreen,RainDance,Quash|Impish||M|||50|]Basculegion-F||FocusSash|SwiftSwim|MuddyWater,IcyWind,ShadowBall,AquaJet|Modest||F|||50|]Kingambit||ChopleBerry|Defiant|SuckerPunch,KowtowCleave,IronHead,LowKick|Adamant||M|||50|]Froslass|||SnowCloak|Blizzard,ShadowBall,AuroraVeil,DestinyBond|Modest||F|||50|
|showteam|p2|Swampert||Swampertite|Damp|WaveCrash,Earthquake,IcePunch,Protect|Adamant||F|||50|]Pelipper||SitrusBerry|Drizzle|WeatherBall,Hurricane,Tailwind,WideGuard|Bold||M|||50|]Archaludon||Leftovers|Stamina|ElectroShot,DragonPulse,FlashCannon,Protect|Modest||M|||50|]Grimmsnarl||LightClay|Prankster|LightScreen,Reflect,FoulPlay,PartingShot|Careful||M|||50|]Metagross||Metagrossite|ClearBody|MeteorMash,PsychicFangs,StompingTantrum,Protect|Adamant|||||50|]Sneasler||FocusSash|Unburden|FakeOut,CloseCombat,Coaching,DireClaw|Naive||F|||50|
|inactive|Battle timer is ON: inactive players will automatically lose when time's up. (requested by WestyLiam's House)
|inactive|cm3112 has 60 seconds left.
|inactive|WestyLiam's House has 60 seconds left.
|inactive|WestyLiam's House has 30 seconds left.
|inactive|WestyLiam's House has 20 seconds left.
|inactive|WestyLiam's House has 15 seconds left.
|
|t:|1782216909
|teamsize|p1|4
|teamsize|p2|4
|start
|switch|p1a: Sableye|Sableye, L50, M|100/100
|switch|p1b: Archaludon|Archaludon, L50, M|100/100
|switch|p2a: Archaludon|Archaludon, L50, M|100/100
|switch|p2b: Grimmsnarl|Grimmsnarl, L50, M|100/100
|turn|1
|
|t:|1782216924
|move|p2a: Archaludon|Protect|p2a: Archaludon
|-singleturn|p2a: Archaludon|Protect
|move|p2b: Grimmsnarl|Light Screen|p2b: Grimmsnarl
|-sidestart|p2: WestyLiam's House|move: Light Screen
|move|p1a: Sableye|Will-O-Wisp|p2a: Archaludon
|-activate|p2a: Archaludon|move: Protect
|move|p1b: Archaludon|Flash Cannon|p2b: Grimmsnarl
|-supereffective|p2b: Grimmsnarl|1
|-damage|p2b: Grimmsnarl|52/100
|-unboost|p2b: Grimmsnarl|spd|1
|
|upkeep
|turn|2
|
|t:|1782216938
|move|p1b: Archaludon|Protect|p1b: Archaludon
|-singleturn|p1b: Archaludon|Protect
|move|p2b: Grimmsnarl|Parting Shot|p1b: Archaludon
|-activate|p1b: Archaludon|move: Protect
|move|p1a: Sableye|Will-O-Wisp|p2a: Archaludon
|-status|p2a: Archaludon|brn
|move|p2a: Archaludon|Electro Shot||[still]
|-prepare|p2a: Archaludon|Electro Shot
|-boost|p2a: Archaludon|spa|1
|
|-damage|p2a: Archaludon|93/100 brn|[from] brn
|upkeep
|turn|3
|
|t:|1782216957
|move|p2b: Grimmsnarl|Reflect|p2b: Grimmsnarl
|-sidestart|p2: WestyLiam's House|Reflect
|move|p1a: Sableye|Will-O-Wisp|p2b: Grimmsnarl
|-hint|Since gen 7, Dark is immune to Prankster moves.
|-immune|p2b: Grimmsnarl
|move|p2a: Archaludon|Electro Shot|p1a: Sableye|[from] lockedmove
|-damage|p1a: Sableye|19/100
|move|p1b: Archaludon|Electro Shot||[still]
|-prepare|p1b: Archaludon|Electro Shot
|-boost|p1b: Archaludon|spa|1
|
|-heal|p2a: Archaludon|100/100 brn|[from] item: Leftovers
|-damage|p2a: Archaludon|93/100 brn|[from] brn
|upkeep
|turn|4
|
|t:|1782216976
|switch|p1a: Kingambit|Kingambit, L50, M|100/100
|move|p2b: Grimmsnarl|Parting Shot|p1b: Archaludon
|-unboost|p1b: Archaludon|atk|1
|-unboost|p1b: Archaludon|spa|1
|
|t:|1782216980
|switch|p2b: Swampert|Swampert, L50, F|100/100|[from] Parting Shot
|move|p2a: Archaludon|Dragon Pulse|p1a: Kingambit
|-resisted|p1a: Kingambit|1
|-damage|p1a: Kingambit|71/100
|move|p1b: Archaludon|Electro Shot|p2b: Swampert|[from] lockedmove
|-immune|p2b: Swampert
|
|-heal|p2a: Archaludon|100/100 brn|[from] item: Leftovers
|-damage|p2a: Archaludon|93/100 brn|[from] brn
|upkeep
|turn|5
|
|t:|1782216993
|switch|p2a: Pelipper|Pelipper, L50, M|100/100
|-weather|RainDance|[from] ability: Drizzle|[of] p2a: Pelipper
|detailschange|p2b: Swampert|Swampert-Mega, L50, F
|-mega|p2b: Swampert|Swampert|Swampertite
|move|p1b: Archaludon|Protect|p1b: Archaludon
|-singleturn|p1b: Archaludon|Protect
|move|p2b: Swampert|Earthquake|p1a: Kingambit|[spread] p1a
|-activate|p1b: Archaludon|move: Protect
|-immune|p2a: Pelipper
|-supereffective|p1a: Kingambit|1
|-damage|p1a: Kingambit|0 fnt
|faint|p1a: Kingambit
|
|-weather|RainDance|[upkeep]
|upkeep
|
|t:|1782217004
|switch|p1a: Sableye|Sableye, L50, M|19/100
|turn|6
|
|t:|1782217008
|switch|p2a: Archaludon|Archaludon, L50, M|93/100 brn
|move|p1a: Sableye|Will-O-Wisp|p2b: Swampert
|-status|p2b: Swampert|brn
|move|p2b: Swampert|Earthquake|p1b: Archaludon|[spread] p2a,p1a,p1b
|-supereffective|p2a: Archaludon|1
|-supereffective|p1b: Archaludon|1
|-damage|p2a: Archaludon|69/100 brn
|-damage|p1a: Sableye|0 fnt
|-damage|p1b: Archaludon|63/100
|-ability|p2a: Archaludon|Stamina|boost
|-boost|p2a: Archaludon|def|1
|-ability|p1b: Archaludon|Stamina|boost
|-boost|p1b: Archaludon|def|1
|faint|p1a: Sableye
|move|p1b: Archaludon|Electro Shot||[still]
|-prepare|p1b: Archaludon|Electro Shot
|-boost|p1b: Archaludon|spa|1
|-anim|p1b: Archaludon|Electro Shot|p2a: Archaludon
|-resisted|p2a: Archaludon|1
|-damage|p2a: Archaludon|46/100 brn
|-ability|p2a: Archaludon|Stamina|boost
|-boost|p2a: Archaludon|def|1
|
|-weather|RainDance|[upkeep]
|-heal|p2a: Archaludon|52/100 brn|[from] item: Leftovers
|-heal|p1b: Archaludon|69/100|[from] item: Leftovers
|-damage|p2b: Swampert|94/100 brn|[from] brn
|-damage|p2a: Archaludon|46/100 brn|[from] brn
|upkeep
|
|t:|1782217013
|switch|p1a: Basculegion|Basculegion-F, L50, F|100/100
|turn|7
|
|t:|1782217033
|move|p2b: Swampert|Wave Crash|p1a: Basculegion
|-resisted|p1a: Basculegion|1
|-damage|p1a: Basculegion|68/100
|-damage|p2b: Swampert|82/100 brn|[from] Recoil
|move|p1a: Basculegion|Icy Wind|p2b: Swampert|[spread] p2a,p2b
|-crit|p2a: Archaludon
|-damage|p2a: Archaludon|26/100 brn
|-damage|p2b: Swampert|73/100 brn
|-unboost|p2a: Archaludon|spe|1
|-unboost|p2b: Swampert|spe|1
|-ability|p2a: Archaludon|Stamina|boost
|-boost|p2a: Archaludon|def|1
|move|p1b: Archaludon|Dragon Pulse|p2a: Archaludon
|-damage|p2a: Archaludon|0 fnt
|faint|p2a: Archaludon
|
|-weather|RainDance|[upkeep]
|-heal|p1b: Archaludon|75/100|[from] item: Leftovers
|-damage|p2b: Swampert|67/100 brn|[from] brn
|upkeep
|
|t:|1782217047
|switch|p2a: Grimmsnarl|Grimmsnarl, L50, M|52/100
|turn|8
|
|t:|1782217062
|move|p2a: Grimmsnarl|Parting Shot|p1a: Basculegion
|-unboost|p1a: Basculegion|atk|1
|-unboost|p1a: Basculegion|spa|1
|
|t:|1782217064
|switch|p2a: Pelipper|Pelipper, L50, M|100/100|[from] Parting Shot
|move|p1a: Basculegion|Icy Wind|p2b: Swampert|[spread] p2a,p2b
|-damage|p2a: Pelipper|93/100
|-damage|p2b: Swampert|62/100 brn
|-unboost|p2a: Pelipper|spe|1
|-unboost|p2b: Swampert|spe|1
|move|p2b: Swampert|Earthquake|p1b: Archaludon|[spread] p1a,p1b
|-immune|p2a: Pelipper
|-supereffective|p1b: Archaludon|1
|-damage|p1a: Basculegion|43/100
|-damage|p1b: Archaludon|50/100y
|-ability|p1b: Archaludon|Stamina|boost
|-boost|p1b: Archaludon|def|1
|move|p1b: Archaludon|Flash Cannon|p2a: Pelipper
|-resisted|p2a: Pelipper|1
|-damage|p2a: Pelipper|72/100
|
|-weather|RainDance|[upkeep]
|-heal|p1b: Archaludon|55/100|[from] item: Leftovers
|-damage|p2b: Swampert|56/100 brn|[from] brn
|-sideend|p2: WestyLiam's House|move: Light Screen
|upkeep
|turn|9
|
|t:|1782217080
|move|p2a: Pelipper|Wide Guard|p2a: Pelipper
|-singleturn|p2a: Pelipper|Wide Guard
|move|p1a: Basculegion|Shadow Ball|p2b: Swampert
|-crit|p2b: Swampert
|-damage|p2b: Swampert|8/100 brn
|move|p2b: Swampert|Earthquake|p1b: Archaludon|[spread] p1a,p1b
|-activate|p2a: Pelipper|move: Wide Guard
|-supereffective|p1b: Archaludon|1
|-damage|p1a: Basculegion|16/100
|-damage|p1b: Archaludon|38/100
|-ability|p1b: Archaludon|Stamina|boost
|-boost|p1b: Archaludon|def|1
|move|p1b: Archaludon|Electro Shot||[still]
|-prepare|p1b: Archaludon|Electro Shot
|-boost|p1b: Archaludon|spa|1
|-anim|p1b: Archaludon|Electro Shot|p2a: Pelipper
|-supereffective|p2a: Pelipper|2
|-damage|p2a: Pelipper|0 fnt
|faint|p2a: Pelipper
|
|-weather|none
|-heal|p1b: Archaludon|44/100|[from] item: Leftovers
|-damage|p2b: Swampert|2/100 brn|[from] brn
|upkeep
|-message|WestyLiam's House forfeited.
|
|win|cm3112
||WestyLiam's House is ready for game 3.
||cm3112 is ready for game 3.
|uhtml|next|Next: Game 3 of 3
|l|‽cm3112
|player|p1|
