|j|☆sunnysleepy
|j|☆grnsbrn
|html|sunnysleepygrnsbrn    
|uhtml|bestof|Game 1 of a best-of-3
|t:|1757773571
|gametype|doubles
|player|p1|sunnysleepy|266|1071
|player|p2|grnsbrn|benga|1095
|gen|9
|tier|[Gen 9] VGC 2025 Reg H (Bo3)
|rated|
|rule|Species Clause: Limit one of each Pokémon
|rule|Item Clause: Limit 1 of each item
|clearpoke
|poke|p1|Camerupt, L50, M|
|poke|p1|Indeedee-F, L50, F|
|poke|p1|Amoonguss, L50, F|
|poke|p1|Tyranitar, L50, M|
|poke|p1|Reuniclus, L50, F|
|poke|p1|Ursaluna, L50, M|
|poke|p2|Charizard, L50, M|
|poke|p2|Torkoal, L50, M|
|poke|p2|Porygon2, L50|
|poke|p2|Incineroar, L50, M|
|poke|p2|Jumpluff, L50, F|
|poke|p2|Ursaluna, L50, F|
|teampreview|4
|showteam|p1|Camerupt||SitrusBerry|SolidRock|Protect,Eruption,HeatWave,EarthPower|||M|||50|,,,,,Water]Indeedee-F||PsychicSeed|PsychicSurge|FollowMe,Psychic,HelpingHand,TrickRoom|||F|||50|,,,,,Grass]Amoonguss||RockyHelmet|Regenerator|RagePowder,Spore,PollenPuff,ClearSmog|||F|||50|,,,,,Water]Tyranitar||ClearAmulet|SandStream|RockSlide,Protect,KnockOff,Curse|||M|||50|,,,,,Flying]Reuniclus||LifeOrb|MagicGuard|Protect,ExpandingForce,TrickRoom,CalmMind|||F|||50|,,,,,Psychic]Ursaluna||FlameOrb|Guts|Facade,Protect,Earthquake,HeadlongRush|||M|||50|,,,,,Ghost
|showteam|p2|Charizard||ChoiceSpecs|SolarPower|HeatWave,Overheat,WeatherBall,AirSlash|||M|||50|,,,,,Ghost]Torkoal||EjectPack|Drought|Eruption,Overheat,HelpingHand,Protect|||M|||50|,,,,,Fire]Porygon2||Eviolite|Download|IceBeam,TeraBlast,TrickRoom,Recover||||||50|,,,,,Fighting]Incineroar||SitrusBerry|Intimidate|FlareBlitz,KnockOff,FakeOut,PartingShot|||M|||50|,,,,,Ghost]Jumpluff||CovertCloak|Chlorophyll|SleepPowder,SunnyDay,RagePowder,Tailwind|||F|||50|,,,,,Water]Ursaluna||FlameOrb|Guts|HeadlongRush,Facade,Earthquake,Protect|||F|||50|,,,,,Ghost
|inactive|Battle timer is ON: inactive players will automatically lose when time's up. (requested by sunnysleepy)
|inactive|grnsbrn has 60 seconds left.
|
|t:|1757773637
|teamsize|p1|4
|teamsize|p2|4
|start
|switch|p1a: Indeedee|Indeedee-F, L50, F|100/100
|switch|p1b: Ursaluna|Ursaluna, L50, M|100/100
|switch|p2a: Jumpluff|Jumpluff, L50, F|100/100
|switch|p2b: Incineroar|Incineroar, L50, M|100/100
|-ability|p2b: Incineroar|Intimidate|boost
|-unboost|p1a: Indeedee|atk|1
|-unboost|p1b: Ursaluna|atk|1
|-fieldstart|move: Psychic Terrain|[from] ability: Psychic Surge|[of] p1a: Indeedee
|-enditem|p1a: Indeedee|Psychic Seed
|-boost|p1a: Indeedee|spd|1|[from] item: Psychic Seed
|turn|1
|inactive|grnsbrn has 30 seconds left.
|inactive|grnsbrn has 20 seconds left.
|inactive|grnsbrn has 15 seconds left.
|
|t:|1757773679
|-terastallize|p1a: Indeedee|Grass
|move|p1b: Ursaluna|Protect|p1b: Ursaluna
|-singleturn|p1b: Ursaluna|Protect
|move|p2a: Jumpluff|Sleep Powder|p1a: Indeedee
|-immune|p1a: Indeedee
|move|p2b: Incineroar|Parting Shot|p1b: Ursaluna
|-activate|p1b: Ursaluna|move: Protect
|move|p1a: Indeedee|Trick Room|p1a: Indeedee
|-fieldstart|move: Trick Room|[of] p1a: Indeedee
|
|-status|p1b: Ursaluna|brn|[from] item: Flame Orb
|upkeep
|turn|2
|inactive|grnsbrn has 30 seconds left.
|inactive|grnsbrn has 20 seconds left.
|
|t:|1757773717
|switch|p2b: Charizard|Charizard, L50, M|100/100
|move|p1a: Indeedee|Follow Me|p1a: Indeedee
|-singleturn|p1a: Indeedee|move: Follow Me
|move|p1b: Ursaluna|Facade|p2a: Jumpluff
|-damage|p2a: Jumpluff|6/100
|move|p2a: Jumpluff|Sunny Day|p2a: Jumpluff
|-weather|SunnyDay
|
|-weather|SunnyDay|[upkeep]
|-damage|p2b: Charizard|88/100|[from] ability: Solar Power|[of] p2b: Charizard
|-damage|p1b: Ursaluna|95/100 brn|[from] brn
|upkeep
|turn|3
|
|t:|1757773741
|-terastallize|p2b: Charizard|Ghost
|move|p1a: Indeedee|Helping Hand|p1b: Ursaluna
|-singleturn|p1b: Ursaluna|Helping Hand|[of] p1a: Indeedee
|move|p1b: Ursaluna|Facade|p2b: Charizard
|-immune|p2b: Charizard
|move|p2b: Charizard|Heat Wave|p1b: Ursaluna|[spread] p1a,p1b
|-supereffective|p1a: Indeedee
|-damage|p1a: Indeedee|0 fnt
|-damage|p1b: Ursaluna|1/100 brn
|faint|p1a: Indeedee
|move|p2a: Jumpluff|Tailwind|p2a: Jumpluff
|-sidestart|p2: grnsbrn|move: Tailwind
|
|-weather|SunnyDay|[upkeep]
|-damage|p2b: Charizard|76/100|[from] ability: Solar Power|[of] p2b: Charizard
|-damage|p1b: Ursaluna|0 fnt|[from] brn
|faint|p1b: Ursaluna
|upkeep
|
|t:|1757773748
|switch|p1b: Tyranitar|Tyranitar, L50, M|100/100
|switch|p1a: Camerupt|Camerupt, L50, M|100/100
|-weather|Sandstorm|[from] ability: Sand Stream|[of] p1b: Tyranitar
|turn|4
|
|t:|1757773765
|switch|p2b: Ursaluna|Ursaluna, L50, F|100/100
|switch|p2a: Incineroar|Incineroar, L50, M|100/100
|-ability|p2a: Incineroar|Intimidate|boost
|-unboost|p1a: Camerupt|atk|1
|-fail|p1b: Tyranitar|unboost|[from] item: Clear Amulet|[of] p1b: Tyranitar
|move|p1a: Camerupt|Eruption|p2b: Ursaluna|[spread] p2a,p2b
|-resisted|p2a: Incineroar
|-crit|p2b: Ursaluna
|-damage|p2a: Incineroar|74/100
|-damage|p2b: Ursaluna|25/100
|move|p1b: Tyranitar|Rock Slide|p2b: Ursaluna|[spread] p2a,p2b
|-supereffective|p2a: Incineroar
|-resisted|p2b: Ursaluna
|-damage|p2a: Incineroar|14/100
|-damage|p2b: Ursaluna|13/100
|-enditem|p2a: Incineroar|Sitrus Berry|[eat]
|-heal|p2a: Incineroar|39/100|[from] item: Sitrus Berry
|
|-weather|Sandstorm|[upkeep]
|-damage|p2a: Incineroar|33/100|[from] Sandstorm
|-status|p2b: Ursaluna|brn|[from] item: Flame Orb
|upkeep
|turn|5
|inactive|sunnysleepy has 30 seconds left.
|
|t:|1757773795
|move|p2a: Incineroar|Fake Out|p1b: Tyranitar
|-activate|p1b: Tyranitar|move: Psychic Terrain
|move|p1a: Camerupt|Eruption|p2a: Incineroar|[spread] p2a,p2b
|-resisted|p2a: Incineroar
|-damage|p2a: Incineroar|9/100
|-damage|p2b: Ursaluna|0 fnt
|faint|p2b: Ursaluna
|move|p1b: Tyranitar|Rock Slide|p2a: Incineroar
|-supereffective|p2a: Incineroar
|-damage|p2a: Incineroar|0 fnt
|faint|p2a: Incineroar
|
|-weather|Sandstorm|[upkeep]
|-fieldend|move: Trick Room
|-fieldend|move: Psychic Terrain
|upkeep
|
|t:|1757773808
|switch|p2a: Charizard|Charizard, L50, M, tera:Ghost|76/100
|switch|p2b: Jumpluff|Jumpluff, L50, F|6/100
|turn|6
|
|t:|1757773822
|move|p2b: Jumpluff|Sunny Day|p2b: Jumpluff
|-weather|SunnyDay
|move|p2a: Charizard|Heat Wave|p1b: Tyranitar|[spread] p1a,p1b
|-resisted|p1a: Camerupt
|-resisted|p1b: Tyranitar
|-damage|p1a: Camerupt|30/100
|-damage|p1b: Tyranitar|44/100
|-enditem|p1a: Camerupt|Sitrus Berry|[eat]
|-heal|p1a: Camerupt|55/100|[from] item: Sitrus Berry
|move|p1b: Tyranitar|Knock Off|p2a: Charizard
|-supereffective|p2a: Charizard
|-damage|p2a: Charizard|0 fnt
|-enditem|p2a: Charizard|Choice Specs|[from] move: Knock Off|[of] p1b: Tyranitar
|faint|p2a: Charizard
|move|p1a: Camerupt|Heat Wave|p2b: Jumpluff
|-supereffective|p2b: Jumpluff
|-damage|p2b: Jumpluff|0 fnt
|faint|p2b: Jumpluff
|
|win|sunnysleepy
|inactive|sunnysleepy has 30 seconds to confirm battle start!
|inactive|grnsbrn has 30 seconds to confirm battle start!
|l|☆grnsbrn
|player|p2|
||sunnysleepy is ready for game 2.
|inactive|grnsbrn has 20 seconds to confirm battle start!
|inactive|grnsbrn has 10 seconds to confirm battle start!
|uhtml|next|Next: Game 2 of 3
|l|☆sunnysleepy
|player|p1|
