|j|☆Toxic KIng 22
|j|☆MrGreen3432
|html|Toxic KIng 22MrGreen3432    
|uhtml|bestof|Game 2 of a best-of-3
|t:|1757833335
|gametype|doubles
|player|p1|Toxic KIng 22|169|1201
|player|p2|MrGreen3432|101|1166
|gen|9
|tier|[Gen 9] VGC 2025 Reg H (Bo3)
|rated|
|rule|Species Clause: Limit one of each Pokémon
|rule|Item Clause: Limit 1 of each item
|clearpoke
|poke|p1|Kingambit, L50, F|
|poke|p1|Rillaboom, L50, F|
|poke|p1|Electabuzz, L50, M|
|poke|p1|Volcarona, L50, M|
|poke|p1|Sneasler, L50, M|
|poke|p1|Dragonite, L50, M|
|poke|p2|Garchomp, L50, F|
|poke|p2|Sneasler, L50, M|
|poke|p2|Misdreavus, L50, F|
|poke|p2|Gothitelle, L50, M|
|poke|p2|Amoonguss, L50, F|
|poke|p2|Incineroar, L50, M|
|teampreview|4
|showteam|p1|Kingambit||Leftovers|Defiant|KowtowCleave,SuckerPunch,SwordsDance,Protect|||F|||50|,,,,,Water]Rillaboom||AssaultVest|GrassySurge|FakeOut,GrassyGlide,HighHorsepower,WoodHammer|||F|||50|,,,,,Fire]Electabuzz||Eviolite|VitalSpirit|FollowMe,Electroweb,Taunt,Protect|||M|||50|,,,,,Ghost]Volcarona||CovertCloak|FlameBody|TeraBlast,HeatWave,QuiverDance,Protect|||M|||50|,,,,,Fairy]Sneasler||FocusSash|PoisonTouch|FakeOut,DireClaw,CloseCombat,Protect|||M|||50|,,,,,Stellar]Dragonite||LoadedDice|Multiscale|ScaleShot,Haze,ExtremeSpeed,Protect|||M|||50|,,,,,Fairy
|showteam|p2|Garchomp||LifeOrb|RoughSkin|Protect,Earthquake,StompingTantrum,DragonClaw|||F|||50|,,,,,Stellar]Sneasler||FocusSash|Unburden|Protect,DireClaw,CloseCombat,ThroatChop|||M|||50|,,,,,Dark]Misdreavus||Eviolite|Levitate|Protect,PerishSong,WillOWisp,ShadowBall|||F|||50|,,,,,Steel]Gothitelle||SitrusBerry|ShadowTag|Protect,FakeOut,TrickRoom,Psychic|||M|||50|,,,,,Dark]Amoonguss||EjectButton|Regenerator|Protect,RagePowder,Spore,PollenPuff|||F|||50|,,,,,Fairy]Incineroar||SafetyGoggles|Intimidate|Protect,FakeOut,PartingShot,KnockOff|||M|||50|,,,,,Ghost
|inactive|Battle timer is ON: inactive players will automatically lose when time's up. (requested by MrGreen3432)
|inactive|Toxic KIng 22 has 60 seconds left.
|inactive|MrGreen3432 has 60 seconds left.
|
|t:|1757833378
|teamsize|p1|4
|teamsize|p2|4
|start
|switch|p1a: Electabuzz|Electabuzz, L50, M, shiny|100/100
|switch|p1b: Sneasler|Sneasler, L50, M|100/100
|switch|p2a: Garchomp|Garchomp, L50, F|100/100
|switch|p2b: Gothitelle|Gothitelle, L50, M|100/100
|turn|1
|
|t:|1757833399
|move|p2a: Garchomp|Protect|p2a: Garchomp
|-singleturn|p2a: Garchomp|Protect
|move|p1a: Electabuzz|Protect|p1a: Electabuzz
|-singleturn|p1a: Electabuzz|Protect
|move|p1b: Sneasler|Fake Out|p2a: Garchomp
|-activate|p2a: Garchomp|move: Protect
|move|p2b: Gothitelle|Fake Out|p1b: Sneasler
|-damage|p1b: Sneasler|90/100
|
|upkeep
|turn|2
|inactive|Toxic KIng 22 has 30 seconds left.
|inactive|Toxic KIng 22 has 20 seconds left.
|inactive|Toxic KIng 22 has 15 seconds left.
|inactive|Toxic KIng 22 has 10 seconds left.
|inactive|Toxic KIng 22 has 5 seconds left.
|
|t:|1757833451
|switch|p2b: Misdreavus|Misdreavus, L50, F|100/100
|-terastallize|p2a: Garchomp|Stellar
|-terastallize|p1a: Electabuzz|Ghost
|move|p1a: Electabuzz|Follow Me|p1a: Electabuzz
|-singleturn|p1a: Electabuzz|move: Follow Me
|move|p1b: Sneasler|Dire Claw|p2a: Garchomp
|-resisted|p2a: Garchomp
|-damage|p2a: Garchomp|80/100
|-damage|p1b: Sneasler|78/100|[from] ability: Rough Skin|[of] p2a: Garchomp
|move|p2a: Garchomp|Earthquake|p1a: Electabuzz|[spread] p1a,p1b
|-immune|p2b: Misdreavus|[from] ability: Levitate
|-supereffective|p1b: Sneasler
|-damage|p1a: Electabuzz|37/100
|-damage|p1b: Sneasler|0 fnt
|faint|p1b: Sneasler
|-damage|p2a: Garchomp|71/100|[from] item: Life Orb
|
|upkeep
|
|t:|1757833465
|switch|p1b: Kingambit|Kingambit, L50, F|100/100
|turn|3
|
|t:|1757833485
|switch|p1a: Dragonite|Dragonite, L50, M|100/100
|move|p2a: Garchomp|Earthquake|p1b: Kingambit|[spread] p1b
|-immune|p2b: Misdreavus|[from] ability: Levitate
|-immune|p1a: Dragonite
|-supereffective|p1b: Kingambit
|-damage|p1b: Kingambit|24/100
|-damage|p2a: Garchomp|61/100|[from] item: Life Orb
|move|p2b: Misdreavus|Will-O-Wisp|p1b: Kingambit
|-status|p1b: Kingambit|brn
|move|p1b: Kingambit|Kowtow Cleave|p2b: Misdreavus
|-supereffective|p2b: Misdreavus
|-damage|p2b: Misdreavus|60/100
|
|-heal|p1b: Kingambit|30/100 brn|[from] item: Leftovers
|-damage|p1b: Kingambit|24/100 brn|[from] brn
|upkeep
|turn|4
|l|☆MrGreen3432
|inactive|MrGreen3432 disconnected and has a minute to reconnect!
|player|p2|
|inactive|MrGreen3432 has 30 seconds left.
|j|☆MrGreen3432
|inactive|MrGreen3432 reconnected and has 30 seconds left.
|player|p2|MrGreen3432|101|
|inactive|MrGreen3432 has 20 seconds left.
|inactive|MrGreen3432 has 15 seconds left.
|inactive|MrGreen3432 has 10 seconds left.
|
|t:|1757833533
|switch|p2a: Amoonguss|Amoonguss, L50, F|100/100
|move|p2b: Misdreavus|Protect|p2b: Misdreavus
|-singleturn|p2b: Misdreavus|Protect
|move|p1a: Dragonite|Scale Shot|p2a: Amoonguss
|-damage|p2a: Amoonguss|89/100
|-damage|p2a: Amoonguss|77/100
|-damage|p2a: Amoonguss|64/100
|-damage|p2a: Amoonguss|53/100
|-hitcount|p2a: Amoonguss|4
|-enditem|p2a: Amoonguss|Eject Button
|-unboost|p1a: Dragonite|def|1
|-boost|p1a: Dragonite|spe|1
|
|t:|1757833542
|switch|p2a: Gothitelle|Gothitelle, L50, M|100/100
|move|p1b: Kingambit|Kowtow Cleave|p2b: Misdreavus
|-activate|p2b: Misdreavus|move: Protect
|
|-heal|p1b: Kingambit|30/100 brn|[from] item: Leftovers
|-damage|p1b: Kingambit|24/100 brn|[from] brn
|upkeep
|turn|5
|inactive|Toxic KIng 22 has 30 seconds left.
|inactive|Toxic KIng 22 has 20 seconds left.
|inactive|Toxic KIng 22 has 15 seconds left.
|
|t:|1757833582
|move|p1a: Dragonite|Protect|p1a: Dragonite
|-singleturn|p1a: Dragonite|Protect
|move|p2a: Gothitelle|Fake Out|p1a: Dragonite
|-activate|p1a: Dragonite|move: Protect
|move|p2b: Misdreavus|Perish Song|p2b: Misdreavus
|-start|p1a: Dragonite|perish3|[silent]
|-start|p1b: Kingambit|perish3|[silent]
|-start|p2a: Gothitelle|perish3|[silent]
|-start|p2b: Misdreavus|perish3|[silent]
|-fieldactivate|move: Perish Song
|move|p1b: Kingambit|Swords Dance|p1b: Kingambit
|-boost|p1b: Kingambit|atk|2
|
|-heal|p1b: Kingambit|30/100 brn|[from] item: Leftovers
|-damage|p1b: Kingambit|24/100 brn|[from] brn
|-start|p1a: Dragonite|perish3
|-start|p2b: Misdreavus|perish3
|-start|p2a: Gothitelle|perish3
|-start|p1b: Kingambit|perish3
|upkeep
|turn|6
|inactive|Toxic KIng 22 has 30 seconds left.
|
|t:|1757833609
|switch|p2b: Amoonguss|Amoonguss, L50, F|86/100
|move|p2a: Gothitelle|Protect|p2a: Gothitelle
|-singleturn|p2a: Gothitelle|Protect
|move|p1a: Dragonite|Scale Shot|p2a: Gothitelle
|-activate|p2a: Gothitelle|move: Protect
|move|p1b: Kingambit|Kowtow Cleave|p2b: Amoonguss
|-damage|p2b: Amoonguss|52/100
|
|-heal|p1b: Kingambit|30/100 brn|[from] item: Leftovers
|-damage|p1b: Kingambit|24/100 brn|[from] brn
|-start|p1a: Dragonite|perish2
|-start|p2a: Gothitelle|perish2
|-start|p1b: Kingambit|perish2
|upkeep
|turn|7
|inactive|MrGreen3432 has 30 seconds left.
|
|t:|1757833634
|move|p2b: Amoonguss|Rage Powder|p2b: Amoonguss
|-singleturn|p2b: Amoonguss|move: Rage Powder
|move|p1a: Dragonite|Scale Shot|p2b: Amoonguss
|-damage|p2b: Amoonguss|40/100
|-damage|p2b: Amoonguss|28/100
|-crit|p2b: Amoonguss
|-damage|p2b: Amoonguss|10/100
|-damage|p2b: Amoonguss|0 fnt
|faint|p2b: Amoonguss
|-hitcount|p2: Amoonguss|4
|-unboost|p1a: Dragonite|def|1
|-boost|p1a: Dragonite|spe|1
|move|p1b: Kingambit|Kowtow Cleave|p2a: Gothitelle
|-supereffective|p2a: Gothitelle
|-damage|p2a: Gothitelle|8/100
|-enditem|p2a: Gothitelle|Sitrus Berry|[eat]
|-heal|p2a: Gothitelle|33/100|[from] item: Sitrus Berry
|move|p2a: Gothitelle|Trick Room|p2a: Gothitelle
|-fieldstart|move: Trick Room|[of] p2a: Gothitelle
|
|-heal|p1b: Kingambit|30/100 brn|[from] item: Leftovers
|-damage|p1b: Kingambit|24/100 brn|[from] brn
|-start|p1b: Kingambit|perish1
|-start|p2a: Gothitelle|perish1
|-start|p1a: Dragonite|perish1
|upkeep
|
|t:|1757833648
|switch|p2b: Misdreavus|Misdreavus, L50, F|60/100
|turn|8
|
|t:|1757833660
|move|p2b: Misdreavus|Protect|p2b: Misdreavus
|-singleturn|p2b: Misdreavus|Protect
|move|p1b: Kingambit|Kowtow Cleave|p2b: Misdreavus
|-activate|p2b: Misdreavus|move: Protect
|move|p2a: Gothitelle|Psychic|p1a: Dragonite
|-damage|p1a: Dragonite|85/100
|move|p1a: Dragonite|Scale Shot|p2a: Gothitelle
|-damage|p2a: Gothitelle|19/100
|-damage|p2a: Gothitelle|6/100
|-damage|p2a: Gothitelle|0 fnt
|faint|p2a: Gothitelle
|-hitcount|p2: Gothitelle|3
|-unboost|p1a: Dragonite|def|1
|-boost|p1a: Dragonite|spe|1
|
|-heal|p1b: Kingambit|30/100 brn|[from] item: Leftovers
|-damage|p1b: Kingambit|24/100 brn|[from] brn
|-start|p1b: Kingambit|perish0
|-start|p1a: Dragonite|perish0
|faint|p1b: Kingambit
|faint|p1a: Dragonite
|upkeep
|
|t:|1757833665
|switch|p1b: Electabuzz|Electabuzz, L50, M, shiny, tera:Ghost|37/100
|switch|p2a: Garchomp|Garchomp, L50, F, tera:Stellar|61/100
|turn|9
|
|t:|1757833671
|move|p2b: Misdreavus|Shadow Ball|p1b: Electabuzz
|-supereffective|p1b: Electabuzz
|-damage|p1b: Electabuzz|0 fnt
|faint|p1b: Electabuzz
|
|win|MrGreen3432
||MrGreen3432 is ready for game 3.
|inactive|Toxic KIng 22 has 30 seconds to confirm battle start!
|inactive|Toxic KIng 22 has 20 seconds to confirm battle start!
||Toxic KIng 22 is ready for game 3.
|uhtml|next|Next: Game 3 of 3
|l|☆Toxic KIng 22
|player|p1|
