|j|☆Rilly09V4
|j|☆Athrys
|html|Rilly09V4Athrys    
|uhtml|bestof|Game 1 of a best-of-3
|t:|1783149909
|gametype|doubles
|player|p1|Rilly09V4|265|1046
|player|p2|Athrys|guitarist|1000
|gen|9
|tier|[Gen 9 Champions] VGC 2026 Reg M-B (Bo3)
|rated|
|rule|Species Clause: Limit one of each Pokémon
|rule|Item Clause: Limit 1 of each item
|clearpoke
|poke|p1|Froslass, L50, F, shiny|
|poke|p1|Garchomp, L50, F, shiny|
|poke|p1|Kingambit, L50, M|
|poke|p1|Whimsicott, L50, M|
|poke|p1|Sneasler, L50, F|
|poke|p1|Primarina, L50, F|
|poke|p2|Scolipede, L50, F|
|poke|p2|Scrafty, L50, F|
|poke|p2|Sinistcha, L50|
|poke|p2|Aerodactyl, L50, M|
|poke|p2|Sylveon, L50, M|
|poke|p2|Garchomp, L50, F|
|teampreview|4
|showteam|p1|Froslass||Froslassite|CursedBody|AuroraVeil,Blizzard,ShadowBall,NastyPlot|Timid||F|||50|]Garchomp||ChoiceScarf|RoughSkin|Earthquake,RockSlide,DragonClaw,StompingTantrum|Jolly||F|||50|]Kingambit||ChopleBerry|SupremeOverlord|SuckerPunch,IronHead,KowtowCleave,Protect|Adamant||M|||50|]Whimsicott||KebiaBerry|Prankster|Tailwind,CottonGuard,Encore,GigaDrain|Calm||M|||50|]Sneasler||Leftovers|Unburden|FakeOut,CloseCombat,DireClaw,Protect|Adamant||F|||50|]Primarina||MysticWater|LiquidVoice|Blizzard,DazzlingGleam,HyperVoice,Protect|Modest||F|||50|
|showteam|p2|Scolipede||Scolipite|SpeedBoost|Protect,PoisonJab,LeechLife,SwordsDance|Adamant||F|||50|]Scrafty||Scraftinite|Intimidate|Protect,FakeOut,KnockOff,DrainPunch|Adamant||F|||50|]Sinistcha||KasibBerry|Hospitality|Protect,MatchaGotcha,TrickRoom,RagePowder|Bold|||||50|]Aerodactyl||FocusSash|Unnerve|Protect,Tailwind,RockSlide,DualWingbeat|Jolly||M|||50|]Sylveon||FairyFeather|Pixilate|Protect,CalmMind,HyperVoice,QuickAttack|Modest||M|||50|]Garchomp||ChoiceScarf|RoughSkin|DragonClaw,Earthquake,PoisonJab,RockSlide|Adamant||F|||50|
|inactive|Battle timer is ON: inactive players will automatically lose when time's up. (requested by Rilly09V4)
|
|t:|1783149945
|teamsize|p1|4
|teamsize|p2|4
|start
|switch|p1a: Garchomp|Garchomp, L50, F, shiny|100/100
|switch|p1b: Froslass|Froslass, L50, F, shiny|100/100
|switch|p2a: Scolipede|Scolipede, L50, F|100/100
|switch|p2b: Scrafty|Scrafty, L50, F|100/100
|-ability|p2b: Scrafty|Intimidate|boost
|-unboost|p1a: Garchomp|atk|1
|-unboost|p1b: Froslass|atk|1
|turn|1
|
|t:|1783149969
|detailschange|p1b: Froslass|Froslass-Mega, L50, F, shiny
|-mega|p1b: Froslass|Froslass|Froslassite
|-weather|Snowscape|[from] ability: Snow Warning|[of] p1b: Froslass
|move|p2b: Scrafty|Fake Out|p1a: Garchomp
|-damage|p1a: Garchomp|88/100
|-damage|p2b: Scrafty|87/100|[from] ability: Rough Skin|[of] p1a: Garchomp
|cant|p1a: Garchomp|flinch
|move|p1b: Froslass|Blizzard|p2a: Scolipede|[spread] p2a,p2b
|-damage|p2a: Scolipede|24/100
|-damage|p2b: Scrafty|45/100
|move|p2a: Scolipede|Swords Dance|p2a: Scolipede
|-boost|p2a: Scolipede|atk|2
|
|-weather|Snowscape|[upkeep]
|-ability|p2a: Scolipede|Speed Boost|boost
|-boost|p2a: Scolipede|spe|1
|upkeep
|turn|2
|
|t:|1783149991
|move|p2a: Scolipede|Protect|p2a: Scolipede
|-singleturn|p2a: Scolipede|Protect
|move|p1a: Garchomp|Rock Slide|p2b: Scrafty|[spread] 
|-activate|p2a: Scolipede|move: Protect
|-miss|p1a: Garchomp|p2b: Scrafty
|move|p1b: Froslass|Blizzard|p2b: Scrafty|[spread] p2b
|-activate|p2a: Scolipede|move: Protect
|-damage|p2b: Scrafty|1/100
|move|p2b: Scrafty|Knock Off|p1b: Froslass
|-supereffective|p1b: Froslass|1
|-damage|p1b: Froslass|37/100
|
|-weather|Snowscape|[upkeep]
|-ability|p2a: Scolipede|Speed Boost|boost
|-boost|p2a: Scolipede|spe|1
|upkeep
|turn|3
|inactive|Athrys has 30 seconds left.
|
|t:|1783150021
|switch|p2b: Sinistcha|Sinistcha, L50|100/100
|-heal|p2a: Scolipede|49/100|[from] ability: Hospitality|[of] p2b: Sinistcha
|detailschange|p2a: Scolipede|Scolipede-Mega, L50, F
|-mega|p2a: Scolipede|Scolipede|Scolipite
|move|p1a: Garchomp|Rock Slide|p2a: Scolipede|[spread] p2a,p2b
|-supereffective|p2a: Scolipede|1
|-damage|p2a: Scolipede|23/100
|-damage|p2b: Sinistcha|90/100
|move|p2a: Scolipede|Leech Life|p1b: Froslass
|-resisted|p1b: Froslass|1
|-damage|p1b: Froslass|0 fnt
|-heal|p2a: Scolipede|43/100|[from] drain|[of] p1b: Froslass
|faint|p1b: Froslass
|
|-weather|Snowscape|[upkeep]
|upkeep
|
|t:|1783150028
|switch|p1b: Sneasler|Sneasler, L50, F|100/100
|turn|4
|
|t:|1783150043
|switch|p2b: Scrafty|Scrafty, L50, F|1/100
|-ability|p2b: Scrafty|Intimidate|boost
|-unboost|p1a: Garchomp|atk|1
|-unboost|p1b: Sneasler|atk|1
|move|p2a: Scolipede|Protect|p2a: Scolipede
|-singleturn|p2a: Scolipede|Protect
|move|p1b: Sneasler|Fake Out|p2a: Scolipede
|-activate|p2a: Scolipede|move: Protect
|move|p1a: Garchomp|Rock Slide|p2a: Scolipede|[spread] p2b
|-activate|p2a: Scolipede|move: Protect
|-resisted|p2b: Scrafty|1
|-damage|p2b: Scrafty|0 fnt
|faint|p2b: Scrafty
|
|-weather|Snowscape|[upkeep]
|upkeep
|
|t:|1783150053
|switch|p2b: Sinistcha|Sinistcha, L50|90/100
|-heal|p2a: Scolipede|68/100|[from] ability: Hospitality|[of] p2b: Sinistcha
|turn|5
|
|t:|1783150063
|move|p1a: Garchomp|Rock Slide|p2a: Scolipede|[spread] p2b
|-miss|p1a: Garchomp|p2a: Scolipede
|-damage|p2b: Sinistcha|83/100
|move|p2a: Scolipede|Leech Life|p1a: Garchomp
|-damage|p1a: Garchomp|0 fnt
|-heal|p2a: Scolipede|100/100|[from] drain|[of] p1a: Garchomp
|-damage|p2a: Scolipede|87/100|[from] ability: Rough Skin|[of] p1a: Garchomp
|faint|p1a: Garchomp
|move|p1b: Sneasler|Dire Claw|p2b: Sinistcha
|-damage|p2b: Sinistcha|62/100
|move|p2b: Sinistcha|Matcha Gotcha|p1b: Sneasler
|-resisted|p1b: Sneasler|1
|-damage|p1b: Sneasler|78/100
|-heal|p2b: Sinistcha|72/100|[from] drain|[of] p1b: Sneasler
|-status|p1b: Sneasler|brn
|
|-weather|none
|-heal|p1b: Sneasler|84/100 brn|[from] item: Leftovers
|-damage|p1b: Sneasler|78/100 brn|[from] brn
|upkeep
|
|t:|1783150069
|switch|p1a: Primarina|Primarina, L50, F|100/100
|turn|6
|
|t:|1783150090
|move|p2a: Scolipede|Poison Jab|p1a: Primarina
|-supereffective|p1a: Primarina|1
|-damage|p1a: Primarina|0 fnt
|faint|p1a: Primarina
|move|p1b: Sneasler|Dire Claw|p2b: Sinistcha
|-damage|p2b: Sinistcha|59/100
|move|p2b: Sinistcha|Matcha Gotcha|p1b: Sneasler
|-resisted|p1b: Sneasler|1
|-damage|p1b: Sneasler|56/100 brn
|-heal|p2b: Sinistcha|69/100|[from] drain|[of] p1b: Sneasler
|
|-heal|p1b: Sneasler|62/100 brn|[from] item: Leftovers
|-damage|p1b: Sneasler|56/100 brn|[from] brn
|upkeep
|turn|7
|
|t:|1783150107
|move|p2b: Sinistcha|Rage Powder|p2b: Sinistcha
|-singleturn|p2b: Sinistcha|move: Rage Powder
|move|p2a: Scolipede|Poison Jab|p1b: Sneasler
|-resisted|p1b: Sneasler|1
|-damage|p1b: Sneasler|0 fnt
|faint|p1b: Sneasler
|
|win|Athrys
