|j|☆TMJS01
|j|☆tmmc01
|html|TMJS01tmmc01    
|uhtml|bestof|Game 1 of a best-of-3
|t:|1785511593
|gametype|doubles
|player|p1|TMJS01|unknown|
|player|p2|tmmc01|artist|
|gen|9
|tier|[Gen 9 Champions] VGC 2026 Reg M-B (Bo3)
|rule|Species Clause: Limit one of each Pokémon
|rule|Item Clause: Limit 1 of each item
|clearpoke
|poke|p1|Staraptor, L50, M|
|poke|p1|Garchomp, L50, M|
|poke|p1|Whimsicott, L50, M|
|poke|p1|Delphox, L50, M|
|poke|p1|Glimmora, L50, M|
|poke|p1|Kingambit, L50, M|
|poke|p2|Charizard, L50, M, shiny|
|poke|p2|Incineroar, L50, M, shiny|
|poke|p2|Aerodactyl, L50, M|
|poke|p2|Sylveon, L50, M|
|poke|p2|Garchomp, L50, F|
|poke|p2|Farigiraf, L50, M|
|teampreview|4
|showteam|p1|Staraptor||Staraptite|Intimidate|Protect,Roost,CloseCombat,BraveBird|Jolly||M|||50|]Garchomp||LifeOrb|RoughSkin|Protect,RockSlide,Earthquake,DragonClaw|Jolly||M|||50|]Whimsicott||OccaBerry|Prankster|Moonblast,Tailwind,Charm,LightScreen|Timid||M|||50|]Delphox||Delphoxite|Magician|Protect,Psychic,HeatWave,Substitute|Timid||M|||50|]Glimmora||FocusSash|ToxicDebris|SpikyShield,SludgeBomb,EarthPower,PowerGem|Timid||M|||50|]Kingambit||ChopleBerry|Defiant|SuckerPunch,LowKick,IronHead,KowtowCleave|Adamant||M|||50|
|showteam|p2|Charizard||CharizarditeY|Blaze|Protect,HeatWave,SolarBeam,WeatherBall|Modest||M|||50|]Incineroar||PasshoBerry|Intimidate|FlareBlitz,DarkestLariat,PartingShot,FakeOut|Adamant||M|||50|]Aerodactyl||FocusSash|Unnerve|Tailwind,Protect,RockSlide,SunnyDay|Jolly||M|||50|]Sylveon||FairyFeather|Pixilate|HyperVoice,Detect,QuickAttack,Moonblast|Modest||M|||50|]Garchomp||Garchompite|RoughSkin|Protect,Earthquake,StompingTantrum,DragonClaw|Adamant||F|||50|]Farigiraf||TwistedSpoon|ArmorTail|TrickRoom,TwinBeam,Thunderbolt,HelpingHand|Quiet||M|||50|
|inactive|Battle timer is ON: inactive players will automatically lose when time's up. (requested by TMJS01)
|inactive|tmmc01 has 60 seconds left.
|c|☆TMJS01|Fab
|inactive|tmmc01 also wants the timer to be on.
|
|t:|1785511644
|teamsize|p1|4
|teamsize|p2|4
|start
|switch|p1a: Delphox|Delphox, L50, M|100/100
|switch|p1b: Glimmora|Glimmora, L50, M|100/100
|switch|p2a: Incineroar|Incineroar, L50, M, shiny|100/100
|switch|p2b: Farigiraf|Farigiraf, L50, M|100/100
|-ability|p2a: Incineroar|Intimidate|boost
|-unboost|p1a: Delphox|atk|1
|-unboost|p1b: Glimmora|atk|1
|turn|1
|c|☆tmmc01|Fab
|inactive|tmmc01 has 30 seconds left.
|inactive|tmmc01 has 20 seconds left.
|inactive|tmmc01 has 15 seconds left.
|
|t:|1785511685
|switch|p1a: Kingambit|Kingambit, L50, M|100/100
|move|p2a: Incineroar|Fake Out|p1a: Kingambit
|-resisted|p1a: Kingambit|1
|-damage|p1a: Kingambit|95/100
|move|p1b: Glimmora|Power Gem|p2a: Incineroar
|-supereffective|p2a: Incineroar|1
|-damage|p2a: Incineroar|19/100
|move|p2b: Farigiraf|Trick Room|p2b: Farigiraf
|-fieldstart|move: Trick Room|[of] p2b: Farigiraf
|
|upkeep
|turn|2
|
|t:|1785511702
|move|p1a: Kingambit|Kowtow Cleave|p2b: Farigiraf
|-supereffective|p2b: Farigiraf|1
|-damage|p2b: Farigiraf|2/100
|move|p2b: Farigiraf|Twin Beam|p1b: Glimmora
|-supereffective|p1b: Glimmora|1
|-damage|p1b: Glimmora|42/100
|-supereffective|p1b: Glimmora|1
|-damage|p1b: Glimmora|0 fnt
|faint|p1b: Glimmora
|-hitcount|p1: Glimmora|2
|move|p2a: Incineroar|Flare Blitz|p1a: Kingambit
|-supereffective|p1a: Kingambit|1
|-damage|p1a: Kingambit|4/100
|-damage|p2a: Incineroar|0 fnt|[from] Recoil
|faint|p2a: Incineroar
|
|upkeep
|j| rillaroar
|
|t:|1785511716
|switch|p2a: Garchomp|Garchomp, L50, F|100/100
|switch|p1b: Delphox|Delphox, L50, M|100/100
|turn|3
|inactive|TMJS01 has 30 seconds left.
|inactive|TMJS01 has 20 seconds left.
|
|t:|1785511752
|detailschange|p2a: Garchomp|Garchomp-Mega, L50, F
|-mega|p2a: Garchomp|Garchomp|Garchompite
|detailschange|p1b: Delphox|Delphox-Mega, L50, M
|-mega|p1b: Delphox|Delphox|Delphoxite
|move|p1a: Kingambit|Sucker Punch||[still]
|cant|p2b: Farigiraf|ability: Armor Tail|Sucker Punch|[of] p1a: Kingambit
|move|p2b: Farigiraf|Thunderbolt|p1a: Kingambit
|-damage|p1a: Kingambit|0 fnt
|faint|p1a: Kingambit
|move|p2a: Garchomp|Dragon Claw|p1b: Delphox
|-damage|p1b: Delphox|27/100
|move|p1b: Delphox|Substitute|p1b: Delphox
|-start|p1b: Delphox|Substitute
|-damage|p1b: Delphox|3/100
|
|upkeep
|
|t:|1785511760
|switch|p1a: Garchomp|Garchomp, L50, M|100/100
|turn|4
|inactive|tmmc01 has 30 seconds left.
|inactive|TMJS01 has 30 seconds left.
|inactive|tmmc01 has 20 seconds left.
|
|t:|1785511799
|move|p1a: Garchomp|Protect|p1a: Garchomp
|-singleturn|p1a: Garchomp|Protect
|move|p1b: Delphox|Protect|p1b: Delphox
|-singleturn|p1b: Delphox|Protect
|move|p2b: Farigiraf|Twin Beam|p1b: Delphox
|-activate|p1b: Delphox|move: Protect
|move|p2a: Garchomp|Dragon Claw|p1b: Delphox
|-activate|p1b: Delphox|move: Protect
|
|upkeep
|turn|5
|
|t:|1785511805
|move|p1a: Garchomp|Protect||[still]
|-fail|p1a: Garchomp
|move|p2b: Farigiraf|Twin Beam|p1b: Delphox
|-resisted|p1b: Delphox|1
|-activate|p1b: Delphox|move: Substitute|[damage]
|-resisted|p1b: Delphox|1
|-activate|p1b: Delphox|move: Substitute|[damage]
|-hitcount|p1b: Delphox|2
|move|p2a: Garchomp|Dragon Claw|p1b: Delphox
|-end|p1b: Delphox|Substitute
|move|p1b: Delphox|Psychic|p2a: Garchomp
|-damage|p2a: Garchomp|55/100
|
|-fieldend|move: Trick Room
|upkeep
|turn|6
|
|t:|1785511827
|move|p2a: Garchomp|Protect|p2a: Garchomp
|-singleturn|p2a: Garchomp|Protect
|move|p1b: Delphox|Heat Wave|p2b: Farigiraf|[spread] p2b
|-activate|p2a: Garchomp|move: Protect
|-damage|p2b: Farigiraf|0 fnt
|faint|p2b: Farigiraf
|move|p1a: Garchomp|Dragon Claw|p2a: Garchomp
|-activate|p2a: Garchomp|move: Protect
|
|upkeep
|
|t:|1785511831
|switch|p2b: Sylveon|Sylveon, L50, M|100/100
|turn|7
|
|t:|1785511847
|move|p1b: Delphox|Protect|p1b: Delphox
|-singleturn|p1b: Delphox|Protect
|move|p2b: Sylveon|Quick Attack|p1b: Delphox
|-activate|p1b: Delphox|move: Protect
|move|p1a: Garchomp|Dragon Claw|p2a: Garchomp
|-supereffective|p2a: Garchomp|1
|-damage|p2a: Garchomp|0 fnt
|faint|p2a: Garchomp
|-damage|p1a: Garchomp|90/100|[from] item: Life Orb
|
|upkeep
|turn|8
|
|t:|1785511855
|move|p2b: Sylveon|Quick Attack|p1b: Delphox
|-resisted|p1b: Delphox|1
|-damage|p1b: Delphox|0 fnt
|faint|p1b: Delphox
|move|p1a: Garchomp|Earthquake|p2b: Sylveon
|-damage|p2b: Sylveon|6/100
|-damage|p1a: Garchomp|80/100|[from] item: Life Orb
|
|upkeep
|turn|9
|
|t:|1785511861
|move|p2b: Sylveon|Quick Attack|p1a: Garchomp
|-supereffective|p1a: Garchomp|1
|-damage|p1a: Garchomp|50/100g
|-damage|p2b: Sylveon|0 fnt|[from] ability: Rough Skin|[of] p1a: Garchomp
|faint|p2b: Sylveon
|
|win|TMJS01
||tmmc01 is ready for game 2.
|inactive|TMJS01 has 30 seconds to confirm battle start!
||TMJS01 is ready for game 2.
|uhtml|next|Next: Game 2 of 3
|l| rillaroar
|j| rillaroar
|l| rillaroar
|l|☆tmmc01
|player|p2|
|l|☆TMJS01
|player|p1|
|j|☆TMJS01
|player|p1|TMJS01|unknown|
