|j|☆TheMochiMan
|j|☆Lightoz
|html|TheMochiManLightoz    
|uhtml|bestof|Game 3 of a best-of-3
|t:|1757256827
|gametype|doubles
|player|p1|TheMochiMan|doctor|1400
|player|p2|Lightoz|blue-gen2|1479
|gen|9
|tier|[Gen 9] VGC 2025 Reg H (Bo3)
|rated|
|rule|Species Clause: Limit one of each Pokémon
|rule|Item Clause: Limit 1 of each item
|clearpoke
|poke|p1|Ursaluna, L50, M|
|poke|p1|Jumpluff, L50, M|
|poke|p1|Charizard, L50, M|
|poke|p1|Torkoal, L50, M|
|poke|p1|Incineroar, L50, F|
|poke|p1|Porygon2, L50|
|poke|p2|Incineroar, L50, M|
|poke|p2|Annihilape, L50, M|
|poke|p2|Dragonite, L50, M|
|poke|p2|Volcarona, L50, F|
|poke|p2|Rillaboom, L50, F|
|poke|p2|Basculegion, L50, M|
|teampreview|4
|showteam|p1|Ursaluna||FlameOrb|Guts|HeadlongRush,Facade,Earthquake,Protect|||M|||50|,,,,,Ghost]Jumpluff||CovertCloak|Chlorophyll|SleepPowder,SunnyDay,Tailwind,RagePowder|||M|||50|,,,,,Water]Charizard||ChoiceSpecs|SolarPower|AirSlash,HeatWave,Overheat,WeatherBall|||M|||50|,,,,,Ghost]Torkoal||EjectPack|Drought|HelpingHand,Eruption,Overheat,Protect|||M|||50|,,,,,Fire]Incineroar||SitrusBerry|Intimidate|FlareBlitz,KnockOff,PartingShot,FakeOut|||F|||50|,,,,,Ghost]Porygon2||Eviolite|Download|TeraBlast,IceBeam,Recover,TrickRoom||||||50|,,,,,Fighting
|showteam|p2|Incineroar||SitrusBerry|Intimidate|FlareBlitz,KnockOff,FakeOut,PartingShot|||M|||50|,,,,,Ghost]Annihilape||SafetyGoggles|Defiant|CloseCombat,RageFist,Coaching,FinalGambit|||M|||50|,,,,,Water]Dragonite||LoadedDice|Multiscale|ScaleShot,SunnyDay,Haze,Protect|||M|||50|,,,,,Fairy]Volcarona||Leftovers|FlameBody|HeatWave,TeraBlast,QuiverDance,Protect|||F|||50|,,,,,Fairy]Rillaboom||AssaultVest|GrassySurge|WoodHammer,GrassyGlide,HighHorsepower,FakeOut|||F|||50|,,,,,Fire]Basculegion||ChoiceScarf|Adaptability|WaveCrash,LastRespects,FlipTurn,AquaJet|||M|||50|,,,,,Water
|
|t:|1757256850
|teamsize|p1|4
|teamsize|p2|4
|start
|switch|p1a: Bobcat|Incineroar, L50, F|100/100
|switch|p1b: A duck most fowl|Porygon2, L50|100/100
|switch|p2a: Annihilape|Annihilape, L50, M, shiny|100/100
|switch|p2b: Dragonite|Dragonite, L50, M|100/100
|-ability|p1a: Bobcat|Intimidate|boost
|-unboost|p2a: Annihilape|atk|1
|-ability|p2a: Annihilape|Defiant|boost
|-boost|p2a: Annihilape|atk|2
|-unboost|p2b: Dragonite|atk|1
|-ability|p1b: A duck most fowl|Download|boost
|-boost|p1b: A duck most fowl|atk|1
|turn|1
|
|t:|1757256882
|switch|p2b: Incineroar|Incineroar, L50, M|100/100
|-ability|p2b: Incineroar|Intimidate|boost
|-unboost|p1a: Bobcat|atk|1
|-unboost|p1b: A duck most fowl|atk|1
|switch|p1b: Soft shell|Torkoal, L50, M|100/100
|-weather|SunnyDay|[from] ability: Drought|[of] p1b: Soft shell
|move|p2a: Annihilape|Close Combat|p1a: Bobcat
|-supereffective|p1a: Bobcat
|-damage|p1a: Bobcat|0 fnt
|-unboost|p2a: Annihilape|def|1
|-unboost|p2a: Annihilape|spd|1
|faint|p1a: Bobcat
|
|-weather|SunnyDay|[upkeep]
|upkeep
|
|t:|1757256898
|switch|p1a: Brown bear|Ursaluna, L50, M|100/100
|turn|2
|
|t:|1757256919
|switch|p2a: Dragonite|Dragonite, L50, M|100/100
|-terastallize|p1a: Brown bear|Ghost
|move|p1b: Soft shell|Helping Hand|p1a: Brown bear
|-singleturn|p1a: Brown bear|Helping Hand|[of] p1b: Soft shell
|move|p2b: Incineroar|Fake Out|p1b: Soft shell
|-damage|p1b: Soft shell|92/100
|move|p1a: Brown bear|Headlong Rush|p2a: Dragonite
|-immune|p2a: Dragonite
|
|-weather|SunnyDay|[upkeep]
|-status|p1a: Brown bear|brn|[from] item: Flame Orb
|upkeep
|turn|3
|
|t:|1757256940
|-terastallize|p2b: Incineroar|Ghost
|move|p1a: Brown bear|Protect|p1a: Brown bear
|-singleturn|p1a: Brown bear|Protect
|move|p2a: Dragonite|Scale Shot|p1b: Soft shell
|-damage|p1b: Soft shell|80/100
|-damage|p1b: Soft shell|68/100
|-damage|p1b: Soft shell|56/100
|-damage|p1b: Soft shell|43/100
|-damage|p1b: Soft shell|32/100
|-hitcount|p1b: Soft shell|5
|-unboost|p2a: Dragonite|def|1
|-boost|p2a: Dragonite|spe|1
|move|p2b: Incineroar|Knock Off|p1a: Brown bear
|-activate|p1a: Brown bear|move: Protect
|move|p1b: Soft shell|Overheat|p2a: Dragonite
|-resisted|p2a: Dragonite
|-damage|p2a: Dragonite|80/100
|-unboost|p1b: Soft shell|spa|2
|-enditem|p1b: Soft shell|Eject Pack
|
|t:|1757256945
|switch|p1b: A duck most fowl|Porygon2, L50|100/100
|-ability|p1b: A duck most fowl|Download|boost
|-boost|p1b: A duck most fowl|atk|1
|
|-weather|SunnyDay|[upkeep]
|-damage|p1a: Brown bear|95/100 brn|[from] brn
|upkeep
|turn|4
|
|t:|1757256952
|switch|p1a: Soft shell|Torkoal, L50, M|32/100
|move|p2a: Dragonite|Scale Shot|p1a: Soft shell
|-damage|p1a: Soft shell|20/100
|-damage|p1a: Soft shell|9/100
|-damage|p1a: Soft shell|0 fnt
|faint|p1a: Soft shell
|-hitcount|p1: Soft shell|3
|-unboost|p2a: Dragonite|def|1
|-boost|p2a: Dragonite|spe|1
|move|p2b: Incineroar|Parting Shot|p1b: A duck most fowl
|-unboost|p1b: A duck most fowl|atk|1
|-unboost|p1b: A duck most fowl|spa|1
|
|t:|1757256961
|switch|p2b: Rillaboom|Rillaboom, L50, F, shiny|100/100|[from] Parting Shot
|-fieldstart|move: Grassy Terrain|[from] ability: Grassy Surge|[of] p2b: Rillaboom
|move|p1b: A duck most fowl|Trick Room|p1b: A duck most fowl
|-fieldstart|move: Trick Room|[of] p1b: A duck most fowl
|
|-weather|SunnyDay|[upkeep]
|upkeep
|
|t:|1757256963
|switch|p1a: Brown bear|Ursaluna, L50, M, tera:Ghost|95/100 brn
|turn|5
|
|t:|1757256973
|switch|p2a: Incineroar|Incineroar, L50, M, tera:Ghost|100/100
|-ability|p2a: Incineroar|Intimidate|boost
|-unboost|p1a: Brown bear|atk|1
|-unboost|p1b: A duck most fowl|atk|1
|move|p2b: Rillaboom|Fake Out|p1b: A duck most fowl
|-damage|p1b: A duck most fowl|92/100
|cant|p1b: A duck most fowl|flinch
|move|p1a: Brown bear|Facade|p2b: Rillaboom
|-damage|p2b: Rillaboom|24/100
|
|-weather|none
|-heal|p1b: A duck most fowl|98/100|[from] Grassy Terrain
|-heal|p1a: Brown bear|100/100 brn|[from] Grassy Terrain
|-heal|p2b: Rillaboom|30/100|[from] Grassy Terrain
|-damage|p1a: Brown bear|95/100 brn|[from] brn
|upkeep
|turn|6
|
|t:|1757257012
|move|p2b: Rillaboom|Grassy Glide|p1a: Brown bear
|-damage|p1a: Brown bear|64/100 brn
|move|p1b: A duck most fowl|Ice Beam|p2a: Incineroar
|-crit|p2a: Incineroar
|-damage|p2a: Incineroar|65/100
|move|p1a: Brown bear|Headlong Rush|p2b: Rillaboom
|-resisted|p2b: Rillaboom
|-damage|p2b: Rillaboom|0 fnt
|-unboost|p1a: Brown bear|def|1
|-unboost|p1a: Brown bear|spd|1
|faint|p2b: Rillaboom
|move|p2a: Incineroar|Knock Off|p1a: Brown bear
|-supereffective|p1a: Brown bear
|-damage|p1a: Brown bear|0 fnt
|-enditem|p1a: Brown bear|Flame Orb|[from] move: Knock Off|[of] p2a: Incineroar
|faint|p1a: Brown bear
|
|-heal|p1b: A duck most fowl|100/100|[from] Grassy Terrain
|-heal|p2a: Incineroar|72/100|[from] Grassy Terrain
|upkeep
|
|t:|1757257021
|switch|p2b: Dragonite|Dragonite, L50, M|80/100
|turn|7
|-message|TheMochiMan forfeited.
|
|win|Lightoz
|raw|TheMochiMan's rating: 1400 → 1384(-16 for losing)
|raw|Lightoz's rating: 1479 → 1495(+16 for winning)
|l|☆TheMochiMan
|player|p1|
