|j|☆eutherians
|j|☆Jun RH
|html|eutheriansJun RH    
|uhtml|bestof|Game 1 of a best-of-3
|t:|1756975164
|gametype|doubles
|player|p1|eutherians|170|1251
|player|p2|Jun RH|burglar|1144
|gen|9
|tier|[Gen 9] VGC 2025 Reg H (Bo3)
|rated|
|rule|Species Clause: Limit one of each Pokémon
|rule|Item Clause: Limit 1 of each item
|clearpoke
|poke|p1|Archaludon, L50, M|
|poke|p1|Pelipper, L50, F|
|poke|p1|Blastoise, L50, F|
|poke|p1|Dragonite, L50, F|
|poke|p1|Sneasler, L50, F|
|poke|p1|Indeedee-F, L50, F|
|poke|p2|Gholdengo, L50|
|poke|p2|Incineroar, L50, M|
|poke|p2|Amoonguss, L50, F|
|poke|p2|Dragonite, L50, F|
|poke|p2|Garchomp, L50, M|
|poke|p2|Primarina, L50, F|
|teampreview|4
|showteam|p1|Archaludon||AssaultVest|Stamina|BodyPress,ElectroShot,DragonPulse,FlashCannon|||M|||50|,,,,,Bug]Pelipper||ChoiceScarf|Drizzle|Hurricane,MuddyWater,Tailwind,HelpingHand|||F|||50|,,,,,Ghost]Blastoise||SplashPlate|Torrent|WaterSpout,WaterPledge,ShellSmash,Protect|||F|||50|,,,,,Water]Dragonite||LoadedDice|Multiscale|ScaleShot,StompingTantrum,Haze,Protect|||F|||50|,,,,,Steel]Sneasler||PsychicSeed|Unburden|DireClaw,CloseCombat,ThroatChop,Protect|||F|||50|,,,,,Dark]Indeedee-F||SafetyGoggles|PsychicSurge|Psychic,Protect,HelpingHand,FollowMe|||F|||50|,,,,,Fairy
|showteam|p2|Gholdengo||LifeOrb|GoodasGold|MakeItRain,ShadowBall,NastyPlot,Protect||||||50|,,,,,Water]Incineroar||SafetyGoggles|Intimidate|KnockOff,FlareBlitz,FakeOut,PartingShot|||M|||50|,,,,,Ghost]Amoonguss||CovertCloak|Regenerator|RagePowder,PollenPuff,Protect,Spore|||F|||50|,,,,,Dark]Dragonite||LoadedDice|Multiscale|ScaleShot,Tailwind,Protect,Haze|||F|||50|,,,,,Fairy]Garchomp||ClearAmulet|RoughSkin|DragonClaw,Earthquake,StompingTantrum,Protect|||M|||50|,,,,,Fire]Primarina||AssaultVest|LiquidVoice|HyperVoice,Moonblast,IcyWind,DazzlingGleam|||F|||50|,,,,,Grass
|inactive|Battle timer is ON: inactive players will automatically lose when time's up. (requested by eutherians)
|inactive|Jun RH has 60 seconds left.
|inactive|Jun RH has 30 seconds left.
|
|t:|1756975247
|teamsize|p1|4
|teamsize|p2|4
|start
|switch|p1a: Indeedee|Indeedee-F, L50, F|100/100
|switch|p1b: Blastoise|Blastoise, L50, F|100/100
|switch|p2a: Amoonguss|Amoonguss, L50, F|100/100
|switch|p2b: Dragonite|Dragonite, L50, F|100/100
|-fieldstart|move: Psychic Terrain|[from] ability: Psychic Surge|[of] p1a: Indeedee
|turn|1
|l|☆eutherians
|inactive|eutherians disconnected and has a minute to reconnect!
|player|p1|
|inactive|eutherians has 30 seconds left.
|inactive|Jun RH has 30 seconds left.
|j|☆eutherians
|inactive|eutherians reconnected and has 30 seconds left.
|player|p1|eutherians|170|
|inactive|Jun RH has 20 seconds left.
|inactive|Jun RH has 15 seconds left.
|
|t:|1756975287
|-terastallize|p1a: Indeedee|Fairy
|move|p1a: Indeedee|Follow Me|p1a: Indeedee
|-singleturn|p1a: Indeedee|move: Follow Me
|move|p2b: Dragonite|Scale Shot|p1a: Indeedee
|-immune|p1a: Indeedee
|move|p1b: Blastoise|Shell Smash|p1b: Blastoise
|-unboost|p1b: Blastoise|def|1
|-unboost|p1b: Blastoise|spd|1
|-boost|p1b: Blastoise|atk|2
|-boost|p1b: Blastoise|spa|2
|-boost|p1b: Blastoise|spe|2
|move|p2a: Amoonguss|Pollen Puff|p1a: Indeedee
|-resisted|p1a: Indeedee
|-damage|p1a: Indeedee|91/100
|
|upkeep
|turn|2
|inactive|Jun RH has 30 seconds left.
|inactive|Jun RH has 20 seconds left.
|inactive|Jun RH has 15 seconds left.
|inactive|Jun RH has 10 seconds left.
|
|t:|1756975332
|move|p2a: Amoonguss|Protect|p2a: Amoonguss
|-singleturn|p2a: Amoonguss|Protect
|move|p1a: Indeedee|Follow Me|p1a: Indeedee
|-singleturn|p1a: Indeedee|move: Follow Me
|move|p1b: Blastoise|Water Spout|p2a: Amoonguss|[spread] p2b
|-activate|p2a: Amoonguss|move: Protect
|-resisted|p2b: Dragonite
|-damage|p2b: Dragonite|73/100
|move|p2b: Dragonite|Tailwind|p2b: Dragonite
|-sidestart|p2: Jun RH|move: Tailwind
|
|upkeep
|turn|3
|inactive|Jun RH has 30 seconds left.
|
|t:|1756975363
|switch|p2a: Primarina|Primarina, L50, F|100/100
|move|p1a: Indeedee|Follow Me|p1a: Indeedee
|-singleturn|p1a: Indeedee|move: Follow Me
|move|p2b: Dragonite|Haze|p2b: Dragonite
|-clearallboost
|move|p1b: Blastoise|Shell Smash|p1b: Blastoise
|-unboost|p1b: Blastoise|def|1
|-unboost|p1b: Blastoise|spd|1
|-boost|p1b: Blastoise|atk|2
|-boost|p1b: Blastoise|spa|2
|-boost|p1b: Blastoise|spe|2
|
|upkeep
|turn|4
|inactive|eutherians has 30 seconds left.
|
|t:|1756975393
|move|p1b: Blastoise|Protect|p1b: Blastoise
|-singleturn|p1b: Blastoise|Protect
|move|p2b: Dragonite|Scale Shot|p1b: Blastoise
|-activate|p1b: Blastoise|move: Protect
|move|p2a: Primarina|Dazzling Gleam|p1b: Blastoise|[spread] p1a
|-activate|p1b: Blastoise|move: Protect
|-damage|p1a: Indeedee|60/100
|move|p1a: Indeedee|Psychic|p2b: Dragonite
|-damage|p2b: Dragonite|29/100
|
|upkeep
|turn|5
|inactive|eutherians has 30 seconds left.
|
|t:|1756975419
|move|p1a: Indeedee|Follow Me|p1a: Indeedee
|-singleturn|p1a: Indeedee|move: Follow Me
|move|p2b: Dragonite|Scale Shot|p1a: Indeedee
|-immune|p1a: Indeedee
|move|p1b: Blastoise|Water Spout|p2b: Dragonite|[spread] p2a,p2b
|-resisted|p2a: Primarina
|-resisted|p2b: Dragonite
|-damage|p2a: Primarina|69/100
|-damage|p2b: Dragonite|0 fnt
|faint|p2b: Dragonite
|move|p2a: Primarina|Dazzling Gleam|p1b: Blastoise|[spread] p1a,p1b
|-damage|p1a: Indeedee|29/100
|-damage|p1b: Blastoise|47/100
|
|-sideend|p2: Jun RH|move: Tailwind
|-fieldend|move: Psychic Terrain
|upkeep
|
|t:|1756975442
|switch|p2b: Gholdengo|Gholdengo, L50|100/100
|turn|6
|inactive|Jun RH has 30 seconds left.
|
|t:|1756975469
|switch|p1a: Pelipper|Pelipper, L50, F|100/100
|-weather|RainDance|[from] ability: Drizzle|[of] p1a: Pelipper
|-terastallize|p2b: Gholdengo|Water
|move|p1b: Blastoise|Protect|p1b: Blastoise
|-singleturn|p1b: Blastoise|Protect
|move|p2b: Gholdengo|Make It Rain|p1b: Blastoise|[spread] p1a
|-activate|p1b: Blastoise|move: Protect
|-resisted|p1a: Pelipper
|-damage|p1a: Pelipper|45/100
|-unboost|p2b: Gholdengo|spa|1
|-damage|p2b: Gholdengo|91/100|[from] item: Life Orb
|move|p2a: Primarina|Dazzling Gleam|p1b: Blastoise|[spread] p1a
|-activate|p1b: Blastoise|move: Protect
|-damage|p1a: Pelipper|0 fnt
|faint|p1a: Pelipper
|
|-weather|RainDance|[upkeep]
|upkeep
|inactive|eutherians has 30 seconds left.
|
|t:|1756975494
|switch|p1a: Sneasler|Sneasler, L50, F|100/100
|turn|7
|inactive|Jun RH has 30 seconds left.
|
|t:|1756975524
|switch|p2a: Amoonguss|Amoonguss, L50, F|100/100
|move|p1b: Blastoise|Water Pledge|p2b: Gholdengo
|-resisted|p2b: Gholdengo
|-damage|p2b: Gholdengo|21/100
|move|p1a: Sneasler|Dire Claw|p2a: Amoonguss
|-damage|p2a: Amoonguss|60/100
|move|p2b: Gholdengo|Shadow Ball|p1a: Sneasler
|-damage|p1a: Sneasler|52/100
|-damage|p2b: Gholdengo|11/100|[from] item: Life Orb
|
|-weather|RainDance|[upkeep]
|upkeep
|turn|8
|inactive|Jun RH has 30 seconds left.
|inactive|Jun RH has 20 seconds left.
|inactive|Jun RH has 15 seconds left.
|inactive|Jun RH has 10 seconds left.
|inactive|Jun RH has 5 seconds left.
|
|t:|1756975579
|move|p2a: Amoonguss|Rage Powder|p2a: Amoonguss
|-singleturn|p2a: Amoonguss|move: Rage Powder
|move|p1b: Blastoise|Water Spout|p2b: Gholdengo|[spread] p2a,p2b
|-resisted|p2a: Amoonguss
|-resisted|p2b: Gholdengo
|-damage|p2a: Amoonguss|27/100
|-damage|p2b: Gholdengo|0 fnt
|faint|p2b: Gholdengo
|move|p1a: Sneasler|Dire Claw|p2a: Amoonguss
|-damage|p2a: Amoonguss|0 fnt
|faint|p2a: Amoonguss
|
|-weather|RainDance|[upkeep]
|upkeep
|
|t:|1756975592
|switch|p2b: Primarina|Primarina, L50, F|69/100
|turn|9
|
|t:|1756975597
|move|p1b: Blastoise|Water Pledge|p2b: Primarina
|-resisted|p2b: Primarina
|-damage|p2b: Primarina|32/100
|move|p1a: Sneasler|Dire Claw|p2b: Primarina
|-supereffective|p2b: Primarina
|-damage|p2b: Primarina|0 fnt
|faint|p2b: Primarina
|
|win|eutherians
