|j|☆Vicentefc2
|j|☆moth.o
|html|Vicentefc2moth.o    
|uhtml|bestof|Game 2 of a best-of-3
|t:|1757172111
|gametype|doubles
|player|p1|Vicentefc2|hilbert|1181
|player|p2|moth.o|roxie|1316
|gen|9
|tier|[Gen 9] VGC 2025 Reg H (Bo3)
|rated|
|rule|Species Clause: Limit one of each Pokémon
|rule|Item Clause: Limit 1 of each item
|clearpoke
|poke|p1|Politoed, L50, M|
|poke|p1|Misdreavus, L50, M|
|poke|p1|Rillaboom, L50, M|
|poke|p1|Annihilape, L50, M|
|poke|p1|Maushold, L50|
|poke|p1|Archaludon, L50, M|
|poke|p2|Arcanine-Hisui, L50, F|
|poke|p2|Indeedee-F, L50, F|
|poke|p2|Gallade, L50, M|
|poke|p2|Gholdengo, L50|
|poke|p2|Whimsicott, L50, F|
|poke|p2|Hydreigon, L50, M|
|teampreview|4
|showteam|p1|Politoed||SafetyGoggles|Drizzle|WeatherBall,IceBeam,Haze,Protect|||M|||50|,,,,,Stellar]Misdreavus||Eviolite|Levitate|NightShade,WillOWisp,TrickRoom,Taunt|||M|||50|,,,,,Electric]Rillaboom||AssaultVest|GrassySurge|WoodHammer,GrassyGlide,Uturn,FakeOut|||M|||50|,,,,,Fire]Annihilape||Leftovers|Defiant|DrainPunch,RageFist,BulkUp,Protect|||M|||50|,,,,,Fire]Maushold||CovertCloak|FriendGuard|BeatUp,Taunt,FollowMe,Protect||||||50|,,,,,Grass]Archaludon||PowerHerb|Stamina|ElectroShot,FlashCannon,BodyPress,Protect|||M|||50|,,,,,Poison
|showteam|p2|Arcanine-Hisui||SafetyGoggles|Intimidate|RockSlide,FlareBlitz,ExtremeSpeed,Protect|||F|||50|,,,,,Fairy]Indeedee-F||SitrusBerry|PsychicSurge|TrickRoom,FollowMe,Psychic,HelpingHand|||F|||50|,,,,,Fairy]Gallade||LifeOrb|Sharpness|Protect,WideGuard,SacredSword,PsychoCut|||M|||50|,,,,,Grass]Gholdengo||ChoiceSpecs|GoodasGold|Trick,ShadowBall,MakeItRain,PowerGem||||||50|,,,,,Water]Whimsicott||CovertCloak|Prankster|SunnyDay,Moonblast,Encore,Tailwind|||F|||50|,,,,,Dark]Hydreigon||AssaultVest|Levitate|Uturn,Snarl,DarkPulse,DracoMeteor|||M|||50|,,,,,Ghost
|
|t:|1757172150
|teamsize|p1|4
|teamsize|p2|4
|start
|switch|p1a: Politoed|Politoed, L50, M|100/100
|switch|p1b: Archaludon|Archaludon, L50, M|100/100
|switch|p2a: Tesorero|Gholdengo, L50|100/100
|switch|p2b: Triquiñuela|Whimsicott, L50, F, shiny|100/100
|-weather|RainDance|[from] ability: Drizzle|[of] p1a: Politoed
|turn|1
|
|t:|1757172170
|-terastallize|p2a: Tesorero|Water
|move|p2b: Triquiñuela|Sunny Day|p2b: Triquiñuela
|-weather|SunnyDay
|move|p2a: Tesorero|Shadow Ball|p1b: Archaludon
|-crit|p1b: Archaludon
|-damage|p1b: Archaludon|0 fnt
|faint|p1b: Archaludon
|move|p1a: Politoed|Weather Ball|p2a: Tesorero
|-resisted|p2a: Tesorero
|-damage|p2a: Tesorero|78/100
|
|-weather|SunnyDay|[upkeep]
|upkeep
|
|t:|1757172183
|switch|p1b: Rillaboom|Rillaboom, L50, M|100/100
|-fieldstart|move: Grassy Terrain|[from] ability: Grassy Surge|[of] p1b: Rillaboom
|turn|2
|
|t:|1757172194
|switch|p2b: Servidumbre|Indeedee-F, L50, F|100/100
|-fieldstart|move: Psychic Terrain|[from] ability: Psychic Surge|[of] p2b: Servidumbre
|move|p2a: Tesorero|Shadow Ball|p1a: Politoed
|-damage|p1a: Politoed|47/100
|move|p1b: Rillaboom|Wood Hammer|p2a: Tesorero
|-supereffective|p2a: Tesorero
|-crit|p2a: Tesorero
|-damage|p2a: Tesorero|0 fnt
|faint|p2a: Tesorero
|-damage|p1b: Rillaboom|79/100|[from] Recoil
|move|p1a: Politoed|Ice Beam|p2b: Servidumbre
|-damage|p2b: Servidumbre|79/100
|
|-weather|SunnyDay|[upkeep]
|upkeep
|
|t:|1757172211
|switch|p2a: Galantería|Gallade, L50, M, shiny|100/100
|turn|3
|
|t:|1757172219
|move|p2b: Servidumbre|Helping Hand|p2a: Galantería
|-singleturn|p2a: Galantería|Helping Hand|[of] p2b: Servidumbre
|move|p1a: Politoed|Protect|p1a: Politoed
|-singleturn|p1a: Politoed|Protect
|move|p2a: Galantería|Psycho Cut|p1b: Rillaboom
|-crit|p1b: Rillaboom
|-damage|p1b: Rillaboom|0 fnt
|faint|p1b: Rillaboom
|-damage|p2a: Galantería|91/100|[from] item: Life Orb
|
|-weather|SunnyDay|[upkeep]
|upkeep
|
|t:|1757172228
|switch|p1b: Annihilape|Annihilape, L50, M|100/100
|turn|4
|
|t:|1757172242
|move|p1b: Annihilape|Protect|p1b: Annihilape
|-singleturn|p1b: Annihilape|Protect
|move|p2b: Servidumbre|Follow Me|p2b: Servidumbre
|-singleturn|p2b: Servidumbre|move: Follow Me
|move|p2a: Galantería|Sacred Sword|p1a: Politoed
|-damage|p1a: Politoed|0 fnt
|faint|p1a: Politoed
|-damage|p2a: Galantería|81/100|[from] item: Life Orb
|
|-weather|SunnyDay|[upkeep]
|upkeep
|turn|5
|
|t:|1757172257
|-terastallize|p1b: Annihilape|Fire
|move|p2b: Servidumbre|Follow Me|p2b: Servidumbre
|-singleturn|p2b: Servidumbre|move: Follow Me
|move|p2a: Galantería|Psycho Cut|p1b: Annihilape
|-damage|p1b: Annihilape|5/100
|-damage|p2a: Galantería|71/100|[from] item: Life Orb
|move|p1b: Annihilape|Drain Punch|p2b: Servidumbre
|-damage|p2b: Servidumbre|49/100
|-heal|p1b: Annihilape|18/100|[from] drain|[of] p2b: Servidumbre
|-enditem|p2b: Servidumbre|Sitrus Berry|[eat]
|-heal|p2b: Servidumbre|73/100|[from] item: Sitrus Berry
|
|-weather|none
|-heal|p1b: Annihilape|24/100|[from] item: Leftovers
|upkeep
|turn|6
|
|t:|1757172276
|move|p2b: Servidumbre|Follow Me|p2b: Servidumbre
|-singleturn|p2b: Servidumbre|move: Follow Me
|move|p2a: Galantería|Psycho Cut|p1b: Annihilape
|-damage|p1b: Annihilape|0 fnt
|faint|p1b: Annihilape
|-damage|p2a: Galantería|61/100|[from] item: Life Orb
|
|win|moth.o
|raw|Vicentefc2's rating: 1181 → 1165(-16 for losing)
|raw|moth.o's rating: 1316 → 1329(+13 for winning)
|l|☆Vicentefc2
|player|p1|
|l|☆moth.o
|player|p2|
|j|☆moth.o
|player|p2|moth.o|roxie|
