|j|☆Omaruco
|j|☆beckybug
|html|Omarucobeckybug    
|uhtml|bestof|Game 2 of a best-of-3
|t:|1785969904
|gametype|doubles
|player|p1|Omaruco|arven-s|1270
|player|p2|beckybug|briar|1388
|gen|9
|tier|[Gen 9 Champions] VGC 2026 Reg M-B (Bo3)
|rated|
|rule|Species Clause: Limit one of each Pokémon
|rule|Item Clause: Limit 1 of each item
|clearpoke
|poke|p1|Arcanine-Hisui, L50, F|
|poke|p1|Floette-Eternal, L50, F|
|poke|p1|Kingambit, L50, M|
|poke|p1|Dragonite, L50, M|
|poke|p1|Whimsicott, L50, F|
|poke|p1|Basculegion, L50, M|
|poke|p2|Metagross, L50, shiny|
|poke|p2|Swampert, L50, F|
|poke|p2|Pelipper, L50, F|
|poke|p2|Archaludon, L50, M|
|poke|p2|Sinistcha-Masterpiece, L50|
|poke|p2|Grimmsnarl, L50, M, shiny|
|teampreview|4
|showteam|p1|Arcanine-Hisui||FocusSash|RockHead|Protect,ExtremeSpeed,FlareBlitz,HeadSmash|Jolly||F|||50|]Floette-Eternal||Floettite|FlowerVeil|Protect,Moonblast,DazzlingGleam,LightofRuin|Modest||F|||50|]Kingambit||BlackGlasses|Defiant|SuckerPunch,IronHead,Protect,KowtowCleave|Adamant||M|||50|]Dragonite||LifeOrb|InnerFocus|Protect,DragonClaw,ExtremeSpeed,LowKick|Adamant||M|||50|]Whimsicott||OccaBerry|Prankster|Protect,Tailwind,Encore,Moonblast|Timid||F|||50|]Basculegion||ChoiceScarf|Adaptability|FlipTurn,WaveCrash,LastRespects,AquaJet|Jolly||M|||50|
|showteam|p2|Metagross||Metagrossite|ClearBody|IronHead,PsychicFangs,BodyPress,Protect|Jolly|||||50|]Swampert||Swampertite|Torrent|WaveCrash,Earthquake,IcePunch,Protect|Adamant||F|||50|]Pelipper||SitrusBerry|Drizzle|WeatherBall,Hurricane,Tailwind,Protect|Modest||F|||50|]Archaludon||Leftovers|Stamina|FlashCannon,DragonPulse,ElectroShot,Protect|Modest||M|||50|]Sinistcha-Masterpiece||ColburBerry|Hospitality|MatchaGotcha,RagePowder,TrickRoom,Protect|Relaxed|||||50|]Grimmsnarl||LightClay|Prankster|FoulPlay,PartingShot,Reflect,LightScreen|Sassy||M|||50|
|inactive|Battle timer is ON: inactive players will automatically lose when time's up. (requested by Omaruco)
|inactive|Omaruco has 60 seconds left.
|
|t:|1785969955
|teamsize|p1|4
|teamsize|p2|4
|start
|switch|p1a: Basculegion|Basculegion, L50, M|100/100
|switch|p1b: Whimsicott|Whimsicott, L50, F|100/100
|switch|p2a: Pelipper|Pelipper, L50, F|100/100
|switch|p2b: Swampert|Swampert, L50, F|100/100
|-weather|RainDance|[from] ability: Drizzle|[of] p2a: Pelipper
|turn|1
|
|t:|1785969970
|switch|p2b: Archaludon|Archaludon, L50, M|100/100
|move|p1b: Whimsicott|Protect|p1b: Whimsicott
|-singleturn|p1b: Whimsicott|Protect
|move|p1a: Basculegion|Flip Turn|p2b: Archaludon
|-resisted|p2b: Archaludon|1
|-damage|p2b: Archaludon|78/100
|-ability|p2b: Archaludon|Stamina|boost
|-boost|p2b: Archaludon|def|1
|
|t:|1785969974
|switch|p1a: Floette|Floette-Eternal, L50, F|100/100|[from] Flip Turn
|move|p2a: Pelipper|Hurricane|p1b: Whimsicott
|-activate|p1b: Whimsicott|move: Protect
|
|-weather|RainDance|[upkeep]
|-heal|p2b: Archaludon|84/100|[from] item: Leftovers
|upkeep
|turn|2
|
|t:|1785969996
|switch|p2a: Sinistcha|Sinistcha-Masterpiece, L50|100/100
|-heal|p2b: Archaludon|100/100|[from] ability: Hospitality|[of] p2a: Sinistcha
|detailschange|p1a: Floette|Floette-Mega, L50, F
|-mega|p1a: Floette|Floette|Floettite
|-ability|p1a: Floette|Fairy Aura
|move|p1b: Whimsicott|Tailwind|p1b: Whimsicott
|-sidestart|p1: Omaruco|move: Tailwind
|move|p1a: Floette|Moonblast|p2b: Archaludon
|-damage|p2b: Archaludon|19/100
|-ability|p2b: Archaludon|Stamina|boost
|-boost|p2b: Archaludon|def|1
|move|p2b: Archaludon|Flash Cannon|p1a: Floette
|-supereffective|p1a: Floette|1
|-damage|p1a: Floette|35/100
|
|-weather|RainDance|[upkeep]
|-heal|p2b: Archaludon|25/100|[from] item: Leftovers
|upkeep
|turn|3
|inactive|Omaruco has 30 seconds left.
|
|t:|1785970021
|move|p2b: Archaludon|Protect|p2b: Archaludon
|-singleturn|p2b: Archaludon|Protect
|move|p1b: Whimsicott|Moonblast|p2a: Sinistcha
|-damage|p2a: Sinistcha|64/100
|move|p1a: Floette|Moonblast|p2a: Sinistcha
|-damage|p2a: Sinistcha|0 fnt
|faint|p2a: Sinistcha
|
|-weather|RainDance|[upkeep]
|-heal|p2b: Archaludon|31/100|[from] item: Leftovers
|upkeep
|
|t:|1785970031
|switch|p2a: Swampert|Swampert, L50, F|100/100
|turn|4
|
|t:|1785970039
|switch|p2b: Pelipper|Pelipper, L50, F|100/100
|detailschange|p2a: Swampert|Swampert-Mega, L50, F
|-mega|p2a: Swampert|Swampert|Swampertite
|move|p1b: Whimsicott|Moonblast|p2a: Swampert
|-damage|p2a: Swampert|66/100
|move|p1a: Floette|Dazzling Gleam|p2a: Swampert|[spread] p2a,p2b
|-damage|p2a: Swampert|25/100
|-damage|p2b: Pelipper|43/100
|-enditem|p2b: Pelipper|Sitrus Berry|[eat]
|-heal|p2b: Pelipper|68/100|[from] item: Sitrus Berry
|move|p2a: Swampert|Earthquake|p1b: Whimsicott|[spread] p1a,p1b
|-immune|p2b: Pelipper
|-resisted|p1b: Whimsicott|1
|-damage|p1a: Floette|0 fnt
|-damage|p1b: Whimsicott|76/100
|faint|p1a: Floette
|
|-weather|RainDance|[upkeep]
|upkeep
|
|t:|1785970053
|switch|p1a: Basculegion|Basculegion, L50, M|100/100
|turn|5
|
|t:|1785970060
|switch|p2a: Archaludon|Archaludon, L50, M|31/100
|move|p1a: Basculegion|Last Respects|p2b: Pelipper
|-damage|p2b: Pelipper|9/100
|move|p1b: Whimsicott|Moonblast|p2b: Pelipper
|-damage|p2b: Pelipper|0 fnt
|faint|p2b: Pelipper
|
|-weather|none
|-heal|p2a: Archaludon|37/100|[from] item: Leftovers
|-sideend|p1: Omaruco|move: Tailwind
|upkeep
|-message|beckybug forfeited.
|
|win|Omaruco
