|j|☆master 792
|j|☆cursedcookie475
|html|master 792cursedcookie475    
|uhtml|bestof|Game 1 of a best-of-3
|t:|1784236749
|gametype|doubles
|player|p1|master 792|red|1253
|player|p2|cursedcookie475|gentleman-gen4|1122
|gen|9
|tier|[Gen 9 Champions] VGC 2026 Reg M-B (Bo3)
|rated|
|rule|Species Clause: Limit one of each Pokémon
|rule|Item Clause: Limit 1 of each item
|clearpoke
|poke|p1|Blastoise, L50, M|
|poke|p1|Delphox, L50, F|
|poke|p1|Incineroar, L50, F|
|poke|p1|Sneasler, L50, F|
|poke|p1|Sinistcha, L50, shiny|
|poke|p1|Maushold-Four, L50|
|poke|p2|Tyranitar, L50, M|
|poke|p2|Gholdengo, L50|
|poke|p2|Milotic, L50, F|
|poke|p2|Sinistcha-Masterpiece, L50|
|poke|p2|Excadrill, L50, M|
|poke|p2|Staraptor, L50, F|
|teampreview|4
|showteam|p1|Blastoise||Blastoisinite|RainDish|WaterSpout,DarkPulse,ShellSmash,Protect|Modest||M|||50|]Delphox||Delphoxite|Blaze|HeatWave,Psychic,NastyPlot,Protect|Timid||F|||50|]Incineroar||SitrusBerry|Intimidate|FakeOut,PartingShot,FlareBlitz,ThroatChop|Bold||F|||50|]Sneasler||FocusSash|PoisonTouch|FakeOut,DireClaw,CloseCombat,QuickGuard|Jolly||F|||50|]Sinistcha||OccaBerry|Hospitality|MatchaGotcha,LifeDew,RagePowder,Protect|Bold|||||50|]Maushold-Four||ChopleBerry|FriendGuard|FollowMe,SuperFang,Protect,Taunt|Bold|||||50|
|showteam|p2|Tyranitar||Tyranitarite|SandStream|Protect,RockSlide,KnockOff,HighHorsepower|Jolly||M|||50|]Gholdengo||LifeOrb|GoodasGold|Protect,MakeItRain,ShadowBall,NastyPlot|Modest|||||50|]Milotic||SitrusBerry|Competitive|Protect,Scald,IcyWind,Haze|Calm||F|||50|]Sinistcha-Masterpiece||ColburBerry|Hospitality|Protect,MatchaGotcha,ShadowBall,RagePowder|Bold|||||50|]Excadrill||FocusSash|SandRush|Protect,IronHead,HighHorsepower,RockSlide|Jolly||M|||50|]Staraptor||Staraptite|Intimidate|Protect,CloseCombat,BraveBird,Tailwind|Jolly||F|||50|
|inactive|Battle timer is ON: inactive players will automatically lose when time's up. (requested by cursedcookie475)
|
|t:|1784236778
|teamsize|p1|4
|teamsize|p2|4
|start
|switch|p1a: Blastoise|Blastoise, L50, M|100/100
|switch|p1b: Incineroar|Incineroar, L50, F|100/100
|switch|p2a: Staraptor|Staraptor, L50, F|100/100
|switch|p2b: Sinistcha|Sinistcha-Masterpiece, L50|100/100
|-ability|p2a: Staraptor|Intimidate|boost
|-unboost|p1a: Blastoise|atk|1
|-unboost|p1b: Incineroar|atk|1
|-ability|p1b: Incineroar|Intimidate|boost
|-unboost|p2a: Staraptor|atk|1
|-unboost|p2b: Sinistcha|atk|1
|turn|1
|
|t:|1784236792
|detailschange|p2a: Staraptor|Staraptor-Mega, L50, F
|-mega|p2a: Staraptor|Staraptor|Staraptite
|detailschange|p1a: Blastoise|Blastoise-Mega, L50, M
|-mega|p1a: Blastoise|Blastoise|Blastoisinite
|move|p2a: Staraptor|Protect|p2a: Staraptor
|-singleturn|p2a: Staraptor|Protect
|move|p1b: Incineroar|Fake Out|p2a: Staraptor
|-activate|p2a: Staraptor|move: Protect
|move|p1a: Blastoise|Dark Pulse|p2b: Sinistcha
|-supereffective|p2b: Sinistcha|1
|-enditem|p2b: Sinistcha|Colbur Berry|[eat]
|-enditem|p2b: Sinistcha|Colbur Berry|[weaken]
|-damage|p2b: Sinistcha|50/100g
|move|p2b: Sinistcha|Matcha Gotcha|p1b: Incineroar|[spread] 
|-miss|p2b: Sinistcha|p1a: Blastoise
|-miss|p2b: Sinistcha|p1b: Incineroar
|
|upkeep
|turn|2
|
|t:|1784236814
|move|p2b: Sinistcha|Protect|p2b: Sinistcha
|-singleturn|p2b: Sinistcha|Protect
|move|p2a: Staraptor|Tailwind|p2a: Staraptor
|-sidestart|p2: cursedcookie475|move: Tailwind
|move|p1a: Blastoise|Dark Pulse|p2b: Sinistcha
|-activate|p2b: Sinistcha|move: Protect
|move|p1b: Incineroar|Flare Blitz|p2a: Staraptor
|-damage|p2a: Staraptor|75/100
|-damage|p1b: Incineroar|92/100|[from] Recoil
|
|upkeep
|turn|3
|
|t:|1784236830
|move|p2a: Staraptor|Close Combat|p1b: Incineroar
|-supereffective|p1b: Incineroar|1
|-damage|p1b: Incineroar|32/100
|-boost|p2a: Staraptor|def|1
|-boost|p2a: Staraptor|spd|1
|-enditem|p1b: Incineroar|Sitrus Berry|[eat]
|-heal|p1b: Incineroar|56/100|[from] item: Sitrus Berry
|move|p2b: Sinistcha|Matcha Gotcha|p1a: Blastoise|[spread] p1b
|-miss|p2b: Sinistcha|p1a: Blastoise
|-resisted|p1b: Incineroar|1
|-damage|p1b: Incineroar|46/100
|-heal|p2b: Sinistcha|56/100|[from] drain|[of] p1b: Incineroar
|move|p1a: Blastoise|Dark Pulse|p2b: Sinistcha
|-supereffective|p2b: Sinistcha|1
|-damage|p2b: Sinistcha|0 fnt
|faint|p2b: Sinistcha
|move|p1b: Incineroar|Flare Blitz|p2a: Staraptor
|-damage|p2a: Staraptor|56/100
|-damage|p1b: Incineroar|40/100|[from] Recoil
|
|upkeep
|
|t:|1784236838
|switch|p2b: Tyranitar|Tyranitar, L50, M|100/100
|-weather|Sandstorm|[from] ability: Sand Stream|[of] p2b: Tyranitar
|turn|4
|
|t:|1784236848
|switch|p1b: Sinistcha|Sinistcha, L50, shiny|100/100
|move|p1a: Blastoise|Protect|p1a: Blastoise
|-singleturn|p1a: Blastoise|Protect
|move|p2a: Staraptor|Close Combat|p1a: Blastoise
|-activate|p1a: Blastoise|move: Protect
|move|p2b: Tyranitar|Rock Slide|p1a: Blastoise|[spread] p1b
|-activate|p1a: Blastoise|move: Protect
|-damage|p1b: Sinistcha|76/100
|
|-weather|Sandstorm|[upkeep]
|-damage|p2a: Staraptor|50/100g|[from] Sandstorm
|-damage|p1a: Blastoise|94/100|[from] Sandstorm
|-damage|p1b: Sinistcha|70/100|[from] Sandstorm
|upkeep
|turn|5
|
|t:|1784236858
|move|p2a: Staraptor|Protect|p2a: Staraptor
|-singleturn|p2a: Staraptor|Protect
|move|p1b: Sinistcha|Rage Powder|p1b: Sinistcha
|-singleturn|p1b: Sinistcha|move: Rage Powder
|move|p2b: Tyranitar|Knock Off|p1b: Sinistcha
|-supereffective|p1b: Sinistcha|1
|-damage|p1b: Sinistcha|0 fnt
|-enditem|p1b: Sinistcha|Occa Berry|[from] move: Knock Off|[of] p2b: Tyranitar
|faint|p1b: Sinistcha
|move|p1a: Blastoise|Shell Smash|p1a: Blastoise
|-unboost|p1a: Blastoise|def|1
|-unboost|p1a: Blastoise|spd|1
|-boost|p1a: Blastoise|atk|2
|-boost|p1a: Blastoise|spa|2
|-boost|p1a: Blastoise|spe|2
|
|-weather|Sandstorm|[upkeep]
|-damage|p2a: Staraptor|44/100|[from] Sandstorm
|-damage|p1a: Blastoise|88/100|[from] Sandstorm
|-sideend|p2: cursedcookie475|move: Tailwind
|upkeep
|
|t:|1784236866
|switch|p1b: Sneasler|Sneasler, L50, F|100/100
|turn|6
|
|t:|1784236874
|move|p1a: Blastoise|Water Spout|p2a: Staraptor|[spread] p2a,p2b
|-supereffective|p2b: Tyranitar|1
|-damage|p2a: Staraptor|0 fnt
|-damage|p2b: Tyranitar|0 fnt
|faint|p2a: Staraptor
|faint|p2b: Tyranitar
|move|p1b: Sneasler|Close Combat|p2: Staraptor|[notarget]
|-fail|p1b: Sneasler
|
|-weather|Sandstorm|[upkeep]
|-damage|p1a: Blastoise|82/100|[from] Sandstorm
|-damage|p1b: Sneasler|94/100|[from] Sandstorm
|upkeep
|
|t:|1784236877
|switch|p2a: Excadrill|Excadrill, L50, M|100/100
|turn|7
|
|t:|1784236888
|switch|p1b: Incineroar|Incineroar, L50, F|40/100
|-ability|p1b: Incineroar|Intimidate|boost
|-unboost|p2a: Excadrill|atk|1
|move|p2a: Excadrill|High Horsepower|p1a: Blastoise
|-damage|p1a: Blastoise|32/100
|move|p1a: Blastoise|Dark Pulse|p2a: Excadrill
|-enditem|p2a: Excadrill|Focus Sash
|-damage|p2a: Excadrill|1/100
|
|-weather|Sandstorm|[upkeep]
|-damage|p1a: Blastoise|26/100|[from] Sandstorm
|-damage|p1b: Incineroar|34/100|[from] Sandstorm
|upkeep
|turn|8
|
|t:|1784236897
|move|p1b: Incineroar|Fake Out|p2a: Excadrill
|-resisted|p2a: Excadrill|1
|-damage|p2a: Excadrill|0 fnt
|faint|p2a: Excadrill
|
|win|master 792
||cursedcookie475 is ready for game 2.
||master 792 is ready for game 2.
|uhtml|next|Next: Game 2 of 3
|l|☆cursedcookie475
|player|p2|
