|j|☆uubbll
|j|☆regalac3
|html|uubbllregalac3    
|uhtml|bestof|Game 2 of a best-of-3
|t:|1757207346
|gametype|doubles
|player|p1|uubbll|drayden|1000
|player|p2|regalac3|n|1102
|gen|9
|tier|[Gen 9] VGC 2025 Reg H (Bo3)
|rated|
|rule|Species Clause: Limit one of each Pokémon
|rule|Item Clause: Limit 1 of each item
|clearpoke
|poke|p1|Pelipper, L50, M|
|poke|p1|Archaludon, L50, M|
|poke|p1|Basculegion, L50, M|
|poke|p1|Incineroar, L50, F|
|poke|p1|Electrode-Hisui, L50|
|poke|p1|Farigiraf, L50, F|
|poke|p2|Pelipper, L50, F|
|poke|p2|Basculegion, L50, M|
|poke|p2|Archaludon, L50, F|
|poke|p2|Annihilape, L50, M|
|poke|p2|Rillaboom, L50, M|
|poke|p2|Maushold-Four, L50|
|teampreview|4
|showteam|p1|Pelipper||FocusSash|Drizzle|Tailwind,IcyWind,WideGuard,Hurricane|||M|||50|,,,,,Steel]Archaludon||AssaultVest|Stamina|FlashCannon,DracoMeteor,ElectroShot,BodyPress|||M|||50|,,,,,Grass]Basculegion||LifeOrb|SwiftSwim|WaveCrash,LastRespects,FlipTurn,PsychicFangs|||M|||50|,,,,,Water]Incineroar||SafetyGoggles|Intimidate|KnockOff,FakeOut,PartingShot,Protect|||F|||50|,,,,,Ghost]Electrode-Hisui||LoadedDice|Static|BulletSeed,Taunt,ThunderWave,VoltSwitch||||||50|,,,,,Steel]Farigiraf||ThroatSpray|ArmorTail|HyperVoice,DazzlingGleam,CalmMind,BatonPass|||F|||50|,,,,,Fairy
|showteam|p2|Pelipper||FocusSash|Drizzle|Hurricane,WeatherBall,WideGuard,Protect|||F|||50|,,,,,Stellar]Basculegion||LifeOrb|SwiftSwim|WaveCrash,LastRespects,AquaJet,Protect|||M|||50|,,,,,Water]Archaludon||AssaultVest|Stamina|FlashCannon,DracoMeteor,ElectroShot,BodyPress|||F|||50|,,,,,Bug]Annihilape||Leftovers|Defiant|RageFist,DrainPunch,BulkUp,Protect|||M|||50|,,,,,Fire]Rillaboom||LoadedDice|GrassySurge|BulletSeed,GrassyGlide,HighHorsepower,FakeOut|||M|||50|,,,,,Water]Maushold-Four||SafetyGoggles|FriendGuard|BeatUp,FollowMe,Taunt,Protect||||||50|,,,,,Ghost
|inactive|Battle timer is ON: inactive players will automatically lose when time's up. (requested by uubbll)
|inactive|regalac3 also wants the timer to be on.
|inactive|uubbll has 60 seconds left.
|
|t:|1757207381
|teamsize|p1|4
|teamsize|p2|4
|start
|switch|p1a: Archaludon|Archaludon, L50, M|100/100
|switch|p1b: Electrode|Electrode-Hisui, L50|100/100
|switch|p2a: Maushold|Maushold-Four, L50|100/100
|switch|p2b: Annihilape|Annihilape, L50, M|100/100
|turn|1
|inactive|uubbll has 30 seconds left.
|inactive|uubbll has 20 seconds left.
|
|t:|1757207416
|move|p2a: Maushold|Follow Me|p2a: Maushold
|-singleturn|p2a: Maushold|move: Follow Me
|move|p1b: Electrode|Bullet Seed|p2a: Maushold
|-damage|p2a: Maushold|95/100
|-damage|p2a: Maushold|90/100
|-damage|p2a: Maushold|84/100
|-damage|p2a: Maushold|79/100
|-hitcount|p2a: Maushold|4
|move|p2b: Annihilape|Bulk Up|p2b: Annihilape
|-boost|p2b: Annihilape|atk|1
|-boost|p2b: Annihilape|def|1
|move|p1a: Archaludon|Body Press|p2a: Maushold
|-supereffective|p2a: Maushold
|-damage|p2a: Maushold|26/100
|
|upkeep
|turn|2
|inactive|uubbll has 30 seconds left.
|
|t:|1757207442
|move|p2a: Maushold|Follow Me|p2a: Maushold
|-singleturn|p2a: Maushold|move: Follow Me
|move|p1b: Electrode|Bullet Seed|p2a: Maushold
|-damage|p2a: Maushold|20/100
|-damage|p2a: Maushold|15/100
|-damage|p2a: Maushold|9/100
|-damage|p2a: Maushold|4/100
|-damage|p2a: Maushold|0 fnt
|faint|p2a: Maushold
|-hitcount|p2: Maushold|5
|move|p2b: Annihilape|Drain Punch|p1a: Archaludon
|-supereffective|p1a: Archaludon
|-damage|p1a: Archaludon|21/100
|-ability|p1a: Archaludon|Stamina|boost
|-boost|p1a: Archaludon|def|1
|move|p1a: Archaludon|Body Press|p2b: Annihilape
|-immune|p2b: Annihilape
|
|upkeep
|
|t:|1757207448
|switch|p2a: Rillaboom|Rillaboom, L50, M|100/100
|-fieldstart|move: Grassy Terrain|[from] ability: Grassy Surge|[of] p2a: Rillaboom
|turn|3
|
|t:|1757207470
|move|p2a: Rillaboom|Fake Out|p1b: Electrode
|-damage|p1b: Electrode|79/100
|cant|p1b: Electrode|flinch
|move|p2b: Annihilape|Drain Punch|p1a: Archaludon
|-supereffective|p1a: Archaludon
|-damage|p1a: Archaludon|0 fnt
|faint|p1a: Archaludon
|
|-heal|p1b: Electrode|85/100|[from] Grassy Terrain
|upkeep
|
|t:|1757207487
|switch|p1a: Pelipper|Pelipper, L50, M|100/100
|-weather|RainDance|[from] ability: Drizzle|[of] p1a: Pelipper
|turn|4
|inactive|uubbll has 30 seconds left.
|inactive|uubbll has 20 seconds left.
|inactive|uubbll has 15 seconds left.
|
|t:|1757207527
|switch|p2a: Archaludon|Archaludon, L50, F|100/100
|move|p1b: Electrode|Thunder Wave|p2b: Annihilape
|-status|p2b: Annihilape|par
|move|p1a: Pelipper|Hurricane|p2b: Annihilape
|-supereffective|p2b: Annihilape
|-damage|p2b: Annihilape|37/100 par
|-start|p2b: Annihilape|confusion
|-activate|p2b: Annihilape|confusion
|-damage|p2b: Annihilape|26/100 par|[from] confusion
|
|-weather|RainDance|[upkeep]
|-heal|p1b: Electrode|91/100|[from] Grassy Terrain
|-heal|p2b: Annihilape|33/100 par|[from] Grassy Terrain
|-heal|p2b: Annihilape|39/100 par|[from] item: Leftovers
|upkeep
|turn|5
|inactive|uubbll has 30 seconds left.
|
|t:|1757207558
|-activate|p2b: Annihilape|confusion
|cant|p2b: Annihilape|par
|move|p1b: Electrode|Thunder Wave|p2a: Archaludon
|-status|p2a: Archaludon|par
|move|p1a: Pelipper|Icy Wind|p2b: Annihilape|[spread] p2a,p2b
|-damage|p2a: Archaludon|95/100 par
|-damage|p2b: Annihilape|30/100 par
|-unboost|p2a: Archaludon|spe|1
|-unboost|p2b: Annihilape|spe|1
|-ability|p2b: Annihilape|Defiant|boost
|-boost|p2b: Annihilape|atk|2
|-ability|p2a: Archaludon|Stamina|boost
|-boost|p2a: Archaludon|def|1
|move|p2a: Archaludon|Electro Shot||[still]
|-prepare|p2a: Archaludon|Electro Shot
|-boost|p2a: Archaludon|spa|1
|-anim|p2a: Archaludon|Electro Shot|p1a: Pelipper
|-supereffective|p1a: Pelipper
|-enditem|p1a: Pelipper|Focus Sash
|-damage|p1a: Pelipper|1/100
|
|-weather|RainDance|[upkeep]
|-heal|p1b: Electrode|97/100|[from] Grassy Terrain
|-heal|p2b: Annihilape|37/100 par|[from] Grassy Terrain
|-heal|p2b: Annihilape|43/100 par|[from] item: Leftovers
|-heal|p2a: Archaludon|100/100 par|[from] Grassy Terrain
|upkeep
|turn|6
|inactive|uubbll has 30 seconds left.
|inactive|regalac3 has 30 seconds left.
|inactive|uubbll has 20 seconds left.
|inactive|regalac3 has 20 seconds left.
|inactive|uubbll has 15 seconds left.
|inactive|regalac3 has 15 seconds left.
|inactive|uubbll has 10 seconds left.
|inactive|regalac3 has 10 seconds left.
|inactive|uubbll has 5 seconds left.
|inactive|regalac3 has 5 seconds left.
|
|t:|1757207609
|-activate|p2b: Annihilape|confusion
|move|p2b: Annihilape|Protect|p2b: Annihilape
|-singleturn|p2b: Annihilape|Protect
|move|p1b: Electrode|Bullet Seed|p2b: Annihilape
|-activate|p2b: Annihilape|move: Protect
|move|p1a: Pelipper|Hurricane|p2b: Annihilape
|-activate|p2b: Annihilape|move: Protect
|move|p2a: Archaludon|Body Press|p1b: Electrode
|-damage|p1b: Electrode|51/100
|
|-weather|RainDance|[upkeep]
|-heal|p1b: Electrode|57/100|[from] Grassy Terrain
|-heal|p2b: Annihilape|49/100 par|[from] Grassy Terrain
|-heal|p2b: Annihilape|55/100 par|[from] item: Leftovers
|upkeep
|turn|7
|inactive|uubbll has 30 seconds left.
|inactive|regalac3 has 30 seconds left.
|
|t:|1757207637
|-terastallize|p2b: Annihilape|Fire
|move|p1b: Electrode|Volt Switch|p2a: Archaludon
|-resisted|p2a: Archaludon
|-damage|p2a: Archaludon|93/100 par
|-ability|p2a: Archaludon|Stamina|boost
|-boost|p2a: Archaludon|def|1
|
|t:|1757207646
|switch|p1b: Basculegion|Basculegion, L50, M|100/100|[from] Volt Switch
|move|p1a: Pelipper|Hurricane|p2b: Annihilape
|-damage|p2b: Annihilape|23/100 par
|-end|p2b: Annihilape|confusion
|cant|p2b: Annihilape|par
|move|p2a: Archaludon|Electro Shot||[still]
|-prepare|p2a: Archaludon|Electro Shot
|-boost|p2a: Archaludon|spa|1
|-anim|p2a: Archaludon|Electro Shot|p1a: Pelipper
|-supereffective|p1a: Pelipper
|-damage|p1a: Pelipper|0 fnt
|faint|p1a: Pelipper
|
|-weather|RainDance|[upkeep]
|-heal|p2b: Annihilape|29/100 par|[from] Grassy Terrain
|-heal|p2b: Annihilape|36/100 par|[from] item: Leftovers
|-heal|p2a: Archaludon|99/100 par|[from] Grassy Terrain
|-fieldend|move: Grassy Terrain
|upkeep
|
|t:|1757207659
|switch|p1a: Electrode|Electrode-Hisui, L50|57/100
|turn|8
|
|t:|1757207678
|move|p2b: Annihilape|Protect|p2b: Annihilape
|-singleturn|p2b: Annihilape|Protect
|move|p1b: Basculegion|Last Respects|p2a: Archaludon
|-crit|p2a: Archaludon
|-damage|p2a: Archaludon|0 fnt
|faint|p2a: Archaludon
|-damage|p1b: Basculegion|91/100|[from] item: Life Orb
|move|p1a: Electrode|Bullet Seed|p2b: Annihilape
|-activate|p2b: Annihilape|move: Protect
|
|-weather|none
|-heal|p2b: Annihilape|42/100 par|[from] item: Leftovers
|upkeep
|
|t:|1757207685
|switch|p2a: Rillaboom|Rillaboom, L50, M|100/100
|-fieldstart|move: Grassy Terrain|[from] ability: Grassy Surge|[of] p2a: Rillaboom
|turn|9
|inactive|regalac3 has 30 seconds left.
|
|t:|1757207713
|move|p2a: Rillaboom|Grassy Glide|p1b: Basculegion
|-supereffective|p1b: Basculegion
|-damage|p1b: Basculegion|0 fnt
|faint|p1b: Basculegion
|move|p1a: Electrode|Thunder Wave|p2a: Rillaboom
|-status|p2a: Rillaboom|par
|cant|p2b: Annihilape|par
|
|-heal|p1a: Electrode|63/100|[from] Grassy Terrain
|-heal|p2b: Annihilape|48/100 par|[from] Grassy Terrain
|-heal|p2b: Annihilape|54/100 par|[from] item: Leftovers
|upkeep
|turn|10
|
|t:|1757207732
|move|p1a: Electrode|Volt Switch|p2b: Annihilape
|-damage|p2b: Annihilape|35/100 par
|move|p2a: Rillaboom|High Horsepower|p1a: Electrode
|-damage|p1a: Electrode|17/100
|move|p2b: Annihilape|Drain Punch|p1a: Electrode
|-damage|p1a: Electrode|0 fnt
|-heal|p2b: Annihilape|42/100 par|[from] drain|[of] p1a: Electrode
|faint|p1a: Electrode
|
|win|regalac3
|raw|uubbll's rating: 1000 → 1000(+0 for losing)
|raw|regalac3's rating: 1102 → 1120(+18 for winning)
|l|☆uubbll
|player|p1|
