|j|☆atahualpamaia
|j|☆Scobie
|html|atahualpamaiaScobie    
|uhtml|bestof|Game 3 of a best-of-3
|t:|1756239966
|gametype|doubles
|player|p1|atahualpamaia|jogger|1051
|player|p2|Scobie|veteran-gen4|1103
|gen|9
|tier|[Gen 9] VGC 2025 Reg H (Bo3)
|rated|
|rule|Species Clause: Limit one of each Pokémon
|rule|Item Clause: Limit 1 of each item
|clearpoke
|poke|p1|Goodra-Hisui, L50, M|
|poke|p1|Sneasler, L50, M|
|poke|p1|Ursaluna-Bloodmoon, L50, M|
|poke|p1|Sinistcha, L50|
|poke|p1|Whimsicott, L50, M|
|poke|p1|Farigiraf, L50, F|
|poke|p2|Raichu, L50, F|
|poke|p2|Pelipper, L50, M|
|poke|p2|Archaludon, L50, M|
|poke|p2|Incineroar, L50, M|
|poke|p2|Dragonite, L50, M|
|poke|p2|Sneasler, L50, F|
|teampreview|4
|showteam|p1|Goodra-Hisui||LifeOrb|Gooey|DragonPulse,Flamethrower,MuddyWater,Protect|||M|||50|,,,,,Ghost]Sneasler||WhiteHerb|Unburden|CloseCombat,DireClaw,ThroatChop,Protect|||M|||50|,,,,,Ghost]Ursaluna-Bloodmoon||SitrusBerry|MindsEye|BloodMoon,EarthPower,HyperVoice,Protect|||M|||50|,,,,,Ghost]Sinistcha||Leftovers|Hospitality|MatchaGotcha,ShadowBall,RagePowder,Protect||||||50|,,,,,Water]Whimsicott||FocusSash|Prankster|Moonblast,Encore,Tailwind,Protect|||M|||50|,,,,,Ghost]Farigiraf||ThroatSpray|ArmorTail|HyperVoice,HelpingHand,TrickRoom,Protect|||F|||50|,,,,,Water
|showteam|p2|Raichu||FocusSash|LightningRod|FakeOut,Electroweb,Thunderbolt,ElectricTerrain|||F|||50|,,,,,Electric]Pelipper||RockyHelmet|Drizzle|Hurricane,Tailwind,Protect,MuddyWater|||M|||50|,,,,,Steel]Archaludon||AssaultVest|Stamina|ElectroShot,BodyPress,FlashCannon,DracoMeteor|||M|||50|,,,,,Grass]Incineroar||SafetyGoggles|Intimidate|FakeOut,KnockOff,FlareBlitz,PartingShot|||M|||50|,,,,,Ghost]Dragonite||LoadedDice|Multiscale|Protect,ScaleShot,Waterfall,Haze|||M|||50|,,,,,Fairy]Sneasler||WhiteHerb|PoisonTouch|DireClaw,CloseCombat,FakeOut,Protect|||F|||50|,,,,,Stellar
|inactive|Battle timer is ON: inactive players will automatically lose when time's up. (requested by atahualpamaia)
|inactive|atahualpamaia has 60 seconds left.
|inactive|Scobie has 60 seconds left.
|
|t:|1756240016
|teamsize|p1|4
|teamsize|p2|4
|start
|switch|p1a: Ursaluna|Ursaluna-Bloodmoon, L50, M|100/100
|switch|p1b: Whimsicott|Whimsicott, L50, M|100/100
|switch|p2a: Archaludon|Archaludon, L50, M|100/100
|switch|p2b: Pelipper|Pelipper, L50, M|100/100
|-weather|RainDance|[from] ability: Drizzle|[of] p2b: Pelipper
|turn|1
|inactive|Scobie has 30 seconds left.
|
|t:|1756240049
|-terastallize|p2a: Archaludon|Grass
|-terastallize|p1a: Ursaluna|Ghost
|move|p1b: Whimsicott|Tailwind|p1b: Whimsicott
|-sidestart|p1: atahualpamaia|move: Tailwind
|move|p1a: Ursaluna|Earth Power|p2a: Archaludon
|-resisted|p2a: Archaludon
|-damage|p2a: Archaludon|82/100
|-ability|p2a: Archaludon|Stamina|boost
|-boost|p2a: Archaludon|def|1
|move|p2a: Archaludon|Flash Cannon|p1b: Whimsicott
|-supereffective|p1b: Whimsicott
|-damage|p1b: Whimsicott|20/100
|move|p2b: Pelipper|Muddy Water|p1a: Ursaluna|[spread] p1a,p1b
|-resisted|p1b: Whimsicott
|-damage|p1a: Ursaluna|62/100
|-damage|p1b: Whimsicott|2/100
|
|-weather|RainDance|[upkeep]
|upkeep
|turn|2
|inactive|atahualpamaia has 30 seconds left.
|
|t:|1756240078
|move|p1b: Whimsicott|Protect|p1b: Whimsicott
|-singleturn|p1b: Whimsicott|Protect
|move|p1a: Ursaluna|Blood Moon|p2b: Pelipper
|-damage|p2b: Pelipper|10/100
|move|p2a: Archaludon|Electro Shot||[still]
|-prepare|p2a: Archaludon|Electro Shot
|-boost|p2a: Archaludon|spa|1
|-anim|p2a: Archaludon|Electro Shot|p1a: Ursaluna
|-damage|p1a: Ursaluna|0 fnt
|faint|p1a: Ursaluna
|move|p2b: Pelipper|Muddy Water|p1b: Whimsicott
|-activate|p1b: Whimsicott|move: Protect
|
|-weather|RainDance|[upkeep]
|upkeep
|
|t:|1756240091
|switch|p1a: Sneasler|Sneasler, L50, M|100/100
|turn|3
|
|t:|1756240103
|move|p1a: Sneasler|Dire Claw|p2a: Archaludon
|-supereffective|p2a: Archaludon
|-damage|p2a: Archaludon|36/100
|-status|p2a: Archaludon|par
|-ability|p2a: Archaludon|Stamina|boost
|-boost|p2a: Archaludon|def|1
|move|p1b: Whimsicott|Moonblast|p2b: Pelipper
|-damage|p2b: Pelipper|0 fnt
|faint|p2b: Pelipper
|cant|p2a: Archaludon|par
|
|-weather|RainDance|[upkeep]
|upkeep
|
|t:|1756240112
|switch|p2b: Incineroar|Incineroar, L50, M|100/100
|-ability|p2b: Incineroar|Intimidate|boost
|-unboost|p1a: Sneasler|atk|1
|-unboost|p1b: Whimsicott|atk|1
|-enditem|p1a: Sneasler|White Herb
|-clearnegativeboost|p1a: Sneasler|[silent]
|turn|4
|
|t:|1756240131
|move|p1b: Whimsicott|Protect|p1b: Whimsicott
|-singleturn|p1b: Whimsicott|Protect
|move|p2b: Incineroar|Fake Out|p1b: Whimsicott
|-activate|p1b: Whimsicott|move: Protect
|move|p1a: Sneasler|Dire Claw|p2a: Archaludon
|-supereffective|p2a: Archaludon
|-damage|p2a: Archaludon|3/100 par
|-ability|p2a: Archaludon|Stamina|boost
|-boost|p2a: Archaludon|def|1
|cant|p2a: Archaludon|par
|
|-weather|RainDance|[upkeep]
|-sideend|p1: atahualpamaia|move: Tailwind
|upkeep
|turn|5
|inactive|Scobie has 30 seconds left.
|
|t:|1756240158
|move|p1a: Sneasler|Close Combat|p2b: Incineroar
|-supereffective|p2b: Incineroar
|-damage|p2b: Incineroar|0 fnt
|-unboost|p1a: Sneasler|def|1
|-unboost|p1a: Sneasler|spd|1
|faint|p2b: Incineroar
|move|p1b: Whimsicott|Moonblast|p2a: Archaludon
|-damage|p2a: Archaludon|0 fnt
|faint|p2a: Archaludon
|
|-weather|none
|upkeep
|
|t:|1756240163
|switch|p2b: Sneasler|Sneasler, L50, F|100/100
|turn|6
|
|t:|1756240180
|move|p2b: Sneasler|Fake Out|p1b: Whimsicott
|-damage|p1b: Whimsicott|0 fnt
|faint|p1b: Whimsicott
|move|p1a: Sneasler|Close Combat|p2b: Sneasler
|-resisted|p2b: Sneasler
|-damage|p2b: Sneasler|41/100
|-unboost|p1a: Sneasler|def|1
|-unboost|p1a: Sneasler|spd|1
|
|upkeep
|
|t:|1756240189
|switch|p1b: Farigiraf|Farigiraf, L50, F|100/100
|turn|7
|-message|Scobie forfeited.
|raw|atahualpamaia's rating: 1051 → 1088(+37 for winning)
|raw|Scobie's rating: 1103 → 1074(-29 for losing)
|
|win|atahualpamaia
|l|☆Scobie
|player|p2|
