|j|☆jANMxRin
|j|☆SomeKidJon
|html|jANMxRinSomeKidJon    
|uhtml|bestof|Game 3 of a best-of-3
|t:|1783031278
|gametype|doubles
|player|p1|jANMxRin|2|1163
|player|p2|SomeKidJon|scientistf|1227
|gen|9
|tier|[Gen 9 Champions] VGC 2026 Reg M-B (Bo3)
|rated|
|rule|Species Clause: Limit one of each Pokémon
|rule|Item Clause: Limit 1 of each item
|clearpoke
|poke|p1|Delphox, L50, M|
|poke|p1|Floette-Eternal, L50, F|
|poke|p1|Sinistcha, L50|
|poke|p1|Kingambit, L50, M|
|poke|p1|Sneasler, L50, M|
|poke|p1|Incineroar, L50, F|
|poke|p2|Camerupt, L50, M|
|poke|p2|Farigiraf, L50, F|
|poke|p2|Primarina, L50, M|
|poke|p2|Scrafty, L50, M|
|poke|p2|Hatterene, L50, F|
|poke|p2|Grimmsnarl, L50, M|
|teampreview|4
|showteam|p1|Delphox||Delphoxite|Blaze|HeatWave,Psyshock,NastyPlot,Protect|Timid||M|||50|]Floette-Eternal||Floettite|FlowerVeil|Moonblast,DazzlingGleam,CalmMind,Protect|Modest||F|||50|]Sinistcha||KasibBerry|Hospitality|MatchaGotcha,RagePowder,TrickRoom,Protect|Bold|||||50|]Kingambit||BlackGlasses|Defiant|KowtowCleave,SuckerPunch,SwordsDance,Protect|Adamant||M|||50|]Sneasler||FocusSash|PoisonTouch|FakeOut,CloseCombat,DireClaw,QuickGuard|Jolly||M|||50|]Incineroar||SitrusBerry|Intimidate|PartingShot,FlareBlitz,ThroatChop,FakeOut|Impish||F|||50|
|showteam|p2|Camerupt||Cameruptite|SolidRock|AncientPower,HeatWave,EarthPower,Protect|Quiet||M|||50|]Farigiraf||SitrusBerry|ArmorTail|Protect,HelpingHand,TrickRoom,DazzlingGleam|Bold||F|||50|]Primarina||Leftovers|LiquidVoice|HyperVoice,Protect,Moonblast,CalmMind|Modest||M|||50|]Scrafty||Scraftinite|Intimidate|FakeOut,CloseCombat,IronHead,ThroatChop|Brave||M|||50|]Hatterene||LifeOrb|MagicBounce|Psychic,Protect,DazzlingGleam,TrickRoom|Quiet||F|||50|]Grimmsnarl||LightClay|Prankster|FoulPlay,PartingShot,Reflect,LightScreen|Careful||M|||50|
|
|t:|1783031301
|teamsize|p1|4
|teamsize|p2|4
|start
|switch|p1a: Delphox|Delphox, L50, M|100/100
|switch|p1b: Sneasler|Sneasler, L50, M|100/100
|switch|p2a: Primarina|Primarina, L50, M|100/100
|switch|p2b: Farigiraf|Farigiraf, L50, F|100/100
|turn|1
|
|t:|1783031315
|detailschange|p1a: Delphox|Delphox-Mega, L50, M
|-mega|p1a: Delphox|Delphox|Delphoxite
|move|p1a: Delphox|Nasty Plot|p1a: Delphox
|-boost|p1a: Delphox|spa|2
|move|p1b: Sneasler|Dire Claw|p2a: Primarina
|-supereffective|p2a: Primarina|1
|-damage|p2a: Primarina|21/100
|move|p2a: Primarina|Calm Mind|p2a: Primarina
|-boost|p2a: Primarina|spa|1
|-boost|p2a: Primarina|spd|1
|move|p2b: Farigiraf|Trick Room|p2b: Farigiraf
|-fieldstart|move: Trick Room|[of] p2b: Farigiraf
|
|-heal|p2a: Primarina|27/100|[from] item: Leftovers
|upkeep
|turn|2
|
|t:|1783031340
|move|p1a: Delphox|Protect|p1a: Delphox
|-singleturn|p1a: Delphox|Protect
|move|p2a: Primarina|Hyper Voice|p1b: Sneasler|[spread] p1b
|-activate|p1a: Delphox|move: Protect
|-damage|p1b: Sneasler|38/100
|move|p2b: Farigiraf|Dazzling Gleam|p1b: Sneasler|[spread] p1b
|-activate|p1a: Delphox|move: Protect
|-damage|p1b: Sneasler|19/100
|move|p1b: Sneasler|Dire Claw|p2b: Farigiraf
|-damage|p2b: Farigiraf|62/100
|-status|p2b: Farigiraf|slp
|
|-heal|p2a: Primarina|33/100|[from] item: Leftovers
|upkeep
|turn|3
|
|t:|1783031373
|switch|p2b: Camerupt|Camerupt, L50, M|100/100
|switch|p1b: Sinistcha|Sinistcha, L50|100/100
|move|p2a: Primarina|Hyper Voice|p1b: Sinistcha|[spread] p1a,p1b
|-supereffective|p1a: Delphox|1
|-resisted|p1b: Sinistcha|1
|-damage|p1a: Delphox|5/100
|-damage|p1b: Sinistcha|73/100
|move|p1a: Delphox|Psyshock|p2a: Primarina
|-damage|p2a: Primarina|0 fnt
|faint|p2a: Primarina
|
|upkeep
|
|t:|1783031379
|switch|p2a: Hatterene|Hatterene, L50, F|100/100
|turn|4
|
|t:|1783031406
|switch|p1a: Incineroar|Incineroar, L50, F|100/100
|-ability|p1a: Incineroar|Intimidate|boost
|-unboost|p2a: Hatterene|atk|1
|-unboost|p2b: Camerupt|atk|1
|detailschange|p2b: Camerupt|Camerupt-Mega, L50, M
|-mega|p2b: Camerupt|Camerupt|Cameruptite
|move|p2b: Camerupt|Heat Wave|p1b: Sinistcha|[spread] p1a,p1b
|-resisted|p1a: Incineroar|1
|-supereffective|p1b: Sinistcha|1
|-damage|p1a: Incineroar|74/100
|-damage|p1b: Sinistcha|0 fnt
|faint|p1b: Sinistcha
|move|p2a: Hatterene|Psychic|p1a: Incineroar
|-immune|p1a: Incineroar
|
|upkeep
|
|t:|1783031418
|switch|p1b: Delphox|Delphox-Mega, L50, M|5/100
|turn|5
|
|t:|1783031436
|switch|p2a: Farigiraf|Farigiraf, L50, F|62/100 slp
|move|p1b: Delphox|Protect|p1b: Delphox
|-singleturn|p1b: Delphox|Protect
|move|p2b: Camerupt|Earth Power|p1a: Incineroar
|-supereffective|p1a: Incineroar|1
|-damage|p1a: Incineroar|0 fnt
|faint|p1a: Incineroar
|
|-fieldend|move: Trick Room
|upkeep
|
|t:|1783031443
|switch|p1a: Sneasler|Sneasler, L50, M|19/100
|turn|6
|
|t:|1783031462
|move|p1b: Delphox|Heat Wave|p2a: Farigiraf|[spread] p2a,p2b
|-resisted|p2b: Camerupt|1
|-damage|p2a: Farigiraf|27/100 slp
|-damage|p2b: Camerupt|81/100
|-enditem|p2a: Farigiraf|Sitrus Berry|[eat]
|-heal|p2a: Farigiraf|52/100 slp|[from] item: Sitrus Berry
|move|p1a: Sneasler|Close Combat|p2b: Camerupt
|-damage|p2b: Camerupt|16/100
|-unboost|p1a: Sneasler|def|1
|-unboost|p1a: Sneasler|spd|1
|move|p2b: Camerupt|Ancient Power|p1b: Delphox
|-supereffective|p1b: Delphox|1
|-damage|p1b: Delphox|0 fnt
|faint|p1b: Delphox
|cant|p2a: Farigiraf|slp
|
|upkeep
|turn|7
|
|t:|1783031468
|move|p1a: Sneasler|Close Combat|p2b: Camerupt
|-damage|p2b: Camerupt|0 fnt
|-unboost|p1a: Sneasler|def|1
|-unboost|p1a: Sneasler|spd|1
|faint|p2b: Camerupt
|cant|p2a: Farigiraf|slp
|
|upkeep
|
|t:|1783031470
|switch|p2b: Hatterene|Hatterene, L50, F|100/100
|turn|8
|
|t:|1783031476
|move|p1a: Sneasler|Dire Claw|p2b: Hatterene
|-supereffective|p2b: Hatterene|1
|-damage|p2b: Hatterene|10/100
|-curestatus|p2a: Farigiraf|slp|[msg]
|move|p2a: Farigiraf|Dazzling Gleam|p1a: Sneasler
|-damage|p1a: Sneasler|0 fnt
|faint|p1a: Sneasler
|
|win|SomeKidJon
|raw|jANMxRin's rating: 1163 → 1143(-20 for losing)
|raw|SomeKidJon's rating: 1227 → 1247(+20 for winning)
