|j|☆Gabriel319
|j|☆sserpiente3
|html|Gabriel319sserpiente3    
|uhtml|bestof|Game 3 of a best-of-3
|t:|1782341547
|gametype|doubles
|player|p1|Gabriel319|gambler|1072
|player|p2|sserpiente3|veteran|1077
|gen|9
|tier|[Gen 9 Champions] VGC 2026 Reg M-B (Bo3)
|rated|
|rule|Species Clause: Limit one of each Pokémon
|rule|Item Clause: Limit 1 of each item
|clearpoke
|poke|p1|Charizard, L50, M|
|poke|p1|Milotic, L50, F|
|poke|p1|Whimsicott, L50, M|
|poke|p1|Garchomp, L50, F|
|poke|p1|Incineroar, L50, F|
|poke|p1|Venusaur, L50, M|
|poke|p2|Blaziken, L50, F|
|poke|p2|Grimmsnarl, L50, M, shiny|
|poke|p2|Sableye, L50, F|
|poke|p2|Kingambit, L50, M|
|poke|p2|Primarina, L50, M|
|poke|p2|Sinistcha, L50|
|teampreview|4
|showteam|p1|Charizard||CharizarditeY|Blaze|HeatWave,SolarBeam,WeatherBall,Protect|Serious||M|||50|]Milotic||RindoBerry|Competitive|Scald,Protect,IcyWind,Recover|Serious||F|||50|]Whimsicott||FocusSash|Prankster|Moonblast,Tailwind,Charm,Protect|Timid||M|||50|]Garchomp||LifeOrb|RoughSkin|Earthquake,DragonClaw,RockSlide,Protect|Jolly||F|||50|]Incineroar||SitrusBerry|Intimidate|FakeOut,FlareBlitz,Protect,Crunch|Serious||F|||50|]Venusaur||MiracleSeed|Chlorophyll|SleepPowder,GigaDrain,SludgeBomb,Protect|Timid||M|||50|
|showteam|p2|Blaziken||Blazikenite|SpeedBoost|Protect,CloseCombat,FlareBlitz,SwordsDance|Adamant||F|||50|]Grimmsnarl||LightClay|Prankster|LightScreen,Reflect,PartingShot,SpiritBreak|Adamant||M|||50|]Sableye||RoseliBerry|Prankster|SunnyDay,Disable,Encore,WillOWisp|Relaxed||F|||50|]Kingambit||LifeOrb|Defiant|SuckerPunch,KowtowCleave,LowKick,IronHead|Adamant||M|||50|]Primarina||Leftovers|LiquidVoice|HyperVoice,IceBeam,Moonblast,Haze|Modest||M|||50|]Sinistcha||SitrusBerry|Hospitality|LifeDew,RagePowder,MatchaGotcha,StrengthSap|Calm|||||50|
|inactive|Battle timer is ON: inactive players will automatically lose when time's up. (requested by Gabriel319)
|
|t:|1782341566
|teamsize|p1|4
|teamsize|p2|4
|start
|switch|p1a: Charizard|Charizard, L50, M|100/100
|switch|p1b: Whimsicott|Whimsicott, L50, M|100/100
|switch|p2a: Blaziken|Blaziken, L50, F|100/100
|switch|p2b: Kingambit|Kingambit, L50, M|100/100
|turn|1
|
|t:|1782341587
|detailschange|p2a: Blaziken|Blaziken-Mega, L50, F
|-mega|p2a: Blaziken|Blaziken|Blazikenite
|move|p1b: Whimsicott|Tailwind|p1b: Whimsicott
|-sidestart|p1: Gabriel319|move: Tailwind
|move|p2b: Kingambit|Sucker Punch|p1a: Charizard
|-damage|p1a: Charizard|27/100
|-damage|p2b: Kingambit|90/100|[from] item: Life Orb
|move|p1a: Charizard|Heat Wave|p2b: Kingambit|[spread] p2a,p2b
|-resisted|p2a: Blaziken|1
|-supereffective|p2b: Kingambit|1
|-damage|p2a: Blaziken|65/100
|-damage|p2b: Kingambit|4/100
|move|p2a: Blaziken|Swords Dance|p2a: Blaziken
|-boost|p2a: Blaziken|atk|2
|
|-ability|p2a: Blaziken|Speed Boost|boost
|-boost|p2a: Blaziken|spe|1
|upkeep
|turn|2
|inactive|Gabriel319 has 30 seconds left.
|
|t:|1782341616
|detailschange|p1a: Charizard|Charizard-Mega-Y, L50, M
|-mega|p1a: Charizard|Charizard|Charizardite Y
|-weather|SunnyDay|[from] ability: Drought|[of] p1a: Charizard
|move|p1b: Whimsicott|Protect|p1b: Whimsicott
|-singleturn|p1b: Whimsicott|Protect
|move|p2b: Kingambit|Sucker Punch|p1a: Charizard
|-damage|p1a: Charizard|0 fnt
|faint|p1a: Charizard
|-damage|p2b: Kingambit|0 fnt|[from] item: Life Orb
|faint|p2b: Kingambit
|move|p2a: Blaziken|Flare Blitz|p1b: Whimsicott
|-activate|p1b: Whimsicott|move: Protect
|
|-weather|SunnyDay|[upkeep]
|-ability|p2a: Blaziken|Speed Boost|boost
|-boost|p2a: Blaziken|spe|1
|upkeep
|
|t:|1782341628
|switch|p1a: Incineroar|Incineroar, L50, F|100/100
|switch|p2b: Grimmsnarl|Grimmsnarl, L50, M, shiny|100/100
|-ability|p1a: Incineroar|Intimidate|boost
|-unboost|p2a: Blaziken|atk|1
|-unboost|p2b: Grimmsnarl|atk|1
|turn|3
|
|t:|1782341637
|switch|p1b: Venusaur|Venusaur, L50, M|100/100
|move|p2a: Blaziken|Protect|p2a: Blaziken
|-singleturn|p2a: Blaziken|Protect
|move|p1a: Incineroar|Fake Out|p2a: Blaziken
|-activate|p2a: Blaziken|move: Protect
|move|p2b: Grimmsnarl|Light Screen|p2b: Grimmsnarl
|-sidestart|p2: sserpiente3|move: Light Screen
|
|-weather|SunnyDay|[upkeep]
|-ability|p2a: Blaziken|Speed Boost|boost
|-boost|p2a: Blaziken|spe|1
|upkeep
|turn|4
|
|t:|1782341653
|move|p2b: Grimmsnarl|Reflect|p2b: Grimmsnarl
|-sidestart|p2: sserpiente3|Reflect
|move|p1b: Venusaur|Sleep Powder|p2a: Blaziken
|-status|p2a: Blaziken|slp|[from] move: Sleep Powder
|cant|p2a: Blaziken|slp
|move|p1a: Incineroar|Flare Blitz|p2a: Blaziken
|-resisted|p2a: Blaziken|1
|-damage|p2a: Blaziken|31/100 slp
|-damage|p1a: Incineroar|91/100|[from] Recoil
|
|-weather|SunnyDay|[upkeep]
|-sideend|p1: Gabriel319|move: Tailwind
|-ability|p2a: Blaziken|Speed Boost|boost
|-boost|p2a: Blaziken|spe|1
|upkeep
|turn|5
|
|t:|1782341671
|move|p2b: Grimmsnarl|Parting Shot|p1b: Venusaur
|-unboost|p1b: Venusaur|atk|1
|-unboost|p1b: Venusaur|spa|1
|
|t:|1782341674
|switch|p2b: Primarina|Primarina, L50, M|100/100|[from] Parting Shot
|cant|p2a: Blaziken|slp
|move|p1b: Venusaur|Sludge Bomb|p2a: Blaziken
|-damage|p2a: Blaziken|8/100 slp
|move|p1a: Incineroar|Crunch|p2a: Blaziken
|-resisted|p2a: Blaziken|1
|-damage|p2a: Blaziken|0 fnt
|faint|p2a: Blaziken
|
|-weather|SunnyDay|[upkeep]
|upkeep
|
|t:|1782341681
|switch|p2a: Grimmsnarl|Grimmsnarl, L50, M, shiny|100/100
|turn|6
|
|t:|1782341693
|switch|p1a: Whimsicott|Whimsicott, L50, M|100/100
|move|p1b: Venusaur|Sleep Powder|p2b: Primarina
|-status|p2b: Primarina|slp|[from] move: Sleep Powder
|move|p2a: Grimmsnarl|Spirit Break|p1a: Whimsicott
|-damage|p1a: Whimsicott|43/100
|-unboost|p1a: Whimsicott|spa|1
|cant|p2b: Primarina|slp
|
|-weather|none
|upkeep
|turn|7
|c|☆sserpiente3|bruh
|c|☆sserpiente3|this is fake men
|
|t:|1782341714
|move|p1a: Whimsicott|Moonblast|p2a: Grimmsnarl
|-supereffective|p2a: Grimmsnarl|1
|-damage|p2a: Grimmsnarl|62/100
|move|p1b: Venusaur|Giga Drain|p2b: Primarina
|-supereffective|p2b: Primarina|1
|-damage|p2b: Primarina|67/100 slp
|move|p2a: Grimmsnarl|Spirit Break|p1a: Whimsicott
|-damage|p1a: Whimsicott|0 fnt
|faint|p1a: Whimsicott
|-curestatus|p2b: Primarina|slp|[msg]
|move|p2b: Primarina|Ice Beam|p1b: Venusaur
|-supereffective|p1b: Venusaur|1
|-damage|p1b: Venusaur|19/100
|
|-heal|p2b: Primarina|73/100|[from] item: Leftovers
|upkeep
|
|t:|1782341723
|switch|p1a: Incineroar|Incineroar, L50, F|91/100
|-ability|p1a: Incineroar|Intimidate|boost
|-unboost|p2a: Grimmsnarl|atk|1
|-unboost|p2b: Primarina|atk|1
|turn|8
|
|t:|1782341736
|move|p1a: Incineroar|Fake Out|p2b: Primarina
|-damage|p2b: Primarina|63/100
|move|p2a: Grimmsnarl|Parting Shot|p1b: Venusaur
|-unboost|p1b: Venusaur|atk|1
|-unboost|p1b: Venusaur|spa|1
|move|p1b: Venusaur|Sleep Powder|p2b: Primarina
|-status|p2b: Primarina|slp|[from] move: Sleep Powder
|cant|p2b: Primarina|slp
|
|-heal|p2b: Primarina|69/100 slp|[from] item: Leftovers
|upkeep
|turn|9
|c|☆sserpiente3|bruhhhhh
|
|t:|1782341749
|move|p1b: Venusaur|Giga Drain|p2b: Primarina
|-supereffective|p2b: Primarina|1
|-damage|p2b: Primarina|46/100 slp
|-heal|p1b: Venusaur|31/100|[from] drain|[of] p2b: Primarina
|move|p2a: Grimmsnarl|Spirit Break|p1a: Incineroar
|-damage|p1a: Incineroar|74/100
|-unboost|p1a: Incineroar|spa|1
|cant|p2b: Primarina|slp
|move|p1a: Incineroar|Crunch|p2b: Primarina
|-resisted|p2b: Primarina|1
|-damage|p2b: Primarina|34/100 slp
|
|-heal|p2b: Primarina|40/100 slp|[from] item: Leftovers
|upkeep
|turn|10
|
|t:|1782341771
|move|p2a: Grimmsnarl|Parting Shot|p1b: Venusaur
|-unboost|p1b: Venusaur|atk|1
|-unboost|p1b: Venusaur|spa|1
|move|p1b: Venusaur|Giga Drain|p2b: Primarina
|-supereffective|p2b: Primarina|1
|-damage|p2b: Primarina|23/100 slp
|-heal|p1b: Venusaur|40/100|[from] drain|[of] p2b: Primarina
|move|p1a: Incineroar|Crunch|p2b: Primarina
|-resisted|p2b: Primarina|1
|-damage|p2b: Primarina|9/100 slp
|-curestatus|p2b: Primarina|slp|[msg]
|move|p2b: Primarina|Hyper Voice|p1b: Venusaur|[spread] p1a,p1b
|-supereffective|p1a: Incineroar|1
|-resisted|p1b: Venusaur|1
|-damage|p1a: Incineroar|7/100
|-damage|p1b: Venusaur|19/100
|-enditem|p1a: Incineroar|Sitrus Berry|[eat]
|-heal|p1a: Incineroar|32/100|[from] item: Sitrus Berry
|
|-heal|p2b: Primarina|15/100|[from] item: Leftovers
|-sideend|p2: sserpiente3|move: Light Screen
|upkeep
|turn|11
|
|t:|1782341790
|move|p1b: Venusaur|Giga Drain|p2b: Primarina
|-supereffective|p2b: Primarina|1
|-damage|p2b: Primarina|0 fnt
|-heal|p1b: Venusaur|28/100|[from] drain|[of] p2b: Primarina
|faint|p2b: Primarina
|move|p2a: Grimmsnarl|Spirit Break|p1b: Venusaur
|-resisted|p1b: Venusaur|1
|-damage|p1b: Venusaur|13/100
|-unboost|p1b: Venusaur|spa|1
|move|p1a: Incineroar|Crunch|p2a: Grimmsnarl
|-resisted|p2a: Grimmsnarl|2
|-damage|p2a: Grimmsnarl|56/100
|
|-sideend|p2: sserpiente3|Reflect
|upkeep
|turn|12
|
|t:|1782341801
|move|p1b: Venusaur|Sleep Powder|p2a: Grimmsnarl
|-status|p2a: Grimmsnarl|slp|[from] move: Sleep Powder
|cant|p2a: Grimmsnarl|slp
|move|p1a: Incineroar|Flare Blitz|p2a: Grimmsnarl
|-damage|p2a: Grimmsnarl|6/100 slp
|-damage|p1a: Incineroar|18/100|[from] Recoil
|
|upkeep
|turn|13
|c|☆sserpiente3|bruh
|c|☆sserpiente3|not
|c|☆sserpiente3|men
|inactive|sserpiente3 has 30 seconds left.
|c|☆Gabriel319|:D
|c|☆Gabriel319|YEAH!
|inactive|sserpiente3 has 20 seconds left.
|inactive|sserpiente3 has 15 seconds left.
|inactive|sserpiente3 has 10 seconds left.
|inactive|sserpiente3 has 5 seconds left.
|c|☆sserpiente3|tienes mucha suerte
|
|t:|1782341856
|cant|p2a: Grimmsnarl|slp
|move|p1b: Venusaur|Sludge Bomb|p2a: Grimmsnarl
|-supereffective|p2a: Grimmsnarl|1
|-damage|p2a: Grimmsnarl|0 fnt
|faint|p2a: Grimmsnarl
|
|win|Gabriel319
|raw|Gabriel319's rating: 1072 → 1102(+30 for winning)
|raw|sserpiente3's rating: 1077 → 1055(-22 for losing)
|c|☆sserpiente3|has metido 5 sleep powder sin fallar
|c|☆sserpiente3|un movimiento con 75 de precision
|c|☆Gabriel319|i can think
|l|☆Gabriel319
|player|p1|
|c|☆sserpiente3|bruh
|l|☆sserpiente3
|player|p2|
|j|☆Gabriel319
|player|p1|Gabriel319|gambler|
