|j|☆dondozo ate my son
|j|☆Gozante
|html|dondozo ate my sonGozante    
|uhtml|bestof|Game 3 of a best-of-3
|t:|1783647651
|gametype|doubles
|player|p1|dondozo ate my son|102|1289
|player|p2|Gozante|1|1463
|gen|9
|tier|[Gen 9 Champions] VGC 2026 Reg M-B (Bo3)
|rated|
|rule|Species Clause: Limit one of each Pokémon
|rule|Item Clause: Limit 1 of each item
|clearpoke
|poke|p1|Floette-Eternal, L50, F|
|poke|p1|Sneasler, L50, F|
|poke|p1|Incineroar, L50, M|
|poke|p1|Sinistcha, L50|
|poke|p1|Garchomp, L50, M|
|poke|p1|Kingambit, L50, M|
|poke|p2|Charizard, L50, M|
|poke|p2|Incineroar, L50, F|
|poke|p2|Sylveon, L50, F|
|poke|p2|Farigiraf, L50, M|
|poke|p2|Garchomp, L50, M|
|poke|p2|Aerodactyl, L50, M|
|teampreview|4
|showteam|p1|Floette-Eternal||Floettite|FlowerVeil|DazzlingGleam,DrainingKiss,Protect,CalmMind|Bold||F|||50|]Sneasler||FocusSash|PoisonTouch|FakeOut,PoisonJab,CloseCombat,Protect|Jolly||F|||50|]Incineroar||SitrusBerry|Intimidate|FakeOut,FlareBlitz,PartingShot,DarkestLariat|Careful||M|||50|]Sinistcha||Leftovers|Hospitality|MatchaGotcha,Protect,TrickRoom,RagePowder|Bold|||||50|]Garchomp||LifeOrb|RoughSkin|Protect,StompingTantrum,RockSlide,DragonClaw|Jolly||M|||50|]Kingambit||ChopleBerry|Defiant|KowtowCleave,SuckerPunch,IronHead,Protect|Adamant||M|||50|
|showteam|p2|Charizard||CharizarditeY|Blaze|HeatWave,WeatherBall,SolarBeam,Protect|Modest||M|||50|]Incineroar||Charcoal|Intimidate|FlareBlitz,DarkestLariat,FakeOut,PartingShot|Brave||F|||50|]Sylveon||FairyFeather|Pixilate|HyperVoice,Yawn,QuickAttack,Protect|Modest||F|||50|]Farigiraf||SitrusBerry|ArmorTail|Psychic,HelpingHand,TrickRoom,Protect|Calm||M|||50|]Garchomp||LifeOrb|RoughSkin|Earthquake,Protect,DragonClaw,StompingTantrum|Jolly||M|||50|]Aerodactyl||FocusSash|Unnerve|RockSlide,Tailwind,WideGuard,Protect|Jolly||M|||50|
|
|t:|1783647664
|teamsize|p1|4
|teamsize|p2|4
|start
|switch|p1a: Floette|Floette-Eternal, L50, F|100/100
|switch|p1b: Incineroar|Incineroar, L50, M|100/100
|switch|p2a: Incineroar|Incineroar, L50, F|100/100
|switch|p2b: Charizard|Charizard, L50, M|100/100
|-ability|p1b: Incineroar|Intimidate|boost
|-unboost|p2a: Incineroar|atk|1
|-unboost|p2b: Charizard|atk|1
|-ability|p2a: Incineroar|Intimidate|boost
|-unboost|p1a: Floette|atk|1
|-unboost|p1b: Incineroar|atk|1
|turn|1
|
|t:|1783647690
|detailschange|p2b: Charizard|Charizard-Mega-Y, L50, M
|-mega|p2b: Charizard|Charizard|Charizardite Y
|-weather|SunnyDay|[from] ability: Drought|[of] p2b: Charizard
|detailschange|p1a: Floette|Floette-Mega, L50, F
|-mega|p1a: Floette|Floette|Floettite
|-ability|p1a: Floette|Fairy Aura
|move|p1b: Incineroar|Fake Out|p2b: Charizard
|-damage|p2b: Charizard|93/100
|move|p2a: Incineroar|Fake Out|p1a: Floette
|-damage|p1a: Floette|92/100
|cant|p1a: Floette|flinch
|cant|p2b: Charizard|flinch
|
|-weather|SunnyDay|[upkeep]
|upkeep
|turn|2
|
|t:|1783647713
|move|p1a: Floette|Protect|p1a: Floette
|-singleturn|p1a: Floette|Protect
|move|p2b: Charizard|Weather Ball|p1a: Floette
|-activate|p1a: Floette|move: Protect
|move|p1b: Incineroar|Parting Shot|p2b: Charizard
|-unboost|p2b: Charizard|atk|1
|-unboost|p2b: Charizard|spa|1
|
|t:|1783647721
|switch|p1b: Garchomp|Garchomp, L50, M|100/100|[from] Parting Shot
|move|p2a: Incineroar|Flare Blitz|p1b: Garchomp
|-resisted|p1b: Garchomp|1
|-damage|p1b: Garchomp|62/100
|-damage|p2a: Incineroar|87/100|[from] ability: Rough Skin|[of] p1b: Garchomp
|-damage|p2a: Incineroar|76/100|[from] Recoil
|
|-weather|SunnyDay|[upkeep]
|upkeep
|turn|3
|
|t:|1783647731
|switch|p2b: Garchomp|Garchomp, L50, M|100/100
|move|p1b: Garchomp|Rock Slide|p2b: Garchomp|[spread] p2a,p2b
|-supereffective|p2a: Incineroar|1
|-resisted|p2b: Garchomp|1
|-damage|p2a: Incineroar|32/100
|-damage|p2b: Garchomp|87/100
|-damage|p1b: Garchomp|52/100|[from] item: Life Orb
|move|p1a: Floette|Dazzling Gleam|p2b: Garchomp|[spread] p2a,p2b
|-supereffective|p2b: Garchomp|1
|-damage|p2a: Incineroar|0 fnt
|-damage|p2b: Garchomp|2/100
|faint|p2a: Incineroar
|
|-weather|SunnyDay|[upkeep]
|upkeep
|
|t:|1783647749
|switch|p2a: Sylveon|Sylveon, L50, F|100/100
|turn|4
|
|t:|1783647766
|switch|p1b: Incineroar|Incineroar, L50, M|100/100
|-ability|p1b: Incineroar|Intimidate|boost
|-unboost|p2a: Sylveon|atk|1
|-unboost|p2b: Garchomp|atk|1
|move|p2b: Garchomp|Protect|p2b: Garchomp
|-singleturn|p2b: Garchomp|Protect
|move|p1a: Floette|Protect|p1a: Floette
|-singleturn|p1a: Floette|Protect
|move|p2a: Sylveon|Hyper Voice|p1a: Floette|[spread] p1b
|-activate|p1a: Floette|move: Protect
|-damage|p1b: Incineroar|47/100
|-enditem|p1b: Incineroar|Sitrus Berry|[eat]
|-heal|p1b: Incineroar|72/100|[from] item: Sitrus Berry
|
|-weather|SunnyDay|[upkeep]
|upkeep
|turn|5
|
|t:|1783647783
|switch|p2a: Charizard|Charizard-Mega-Y, L50, M|93/100
|move|p1b: Incineroar|Fake Out|p2b: Garchomp
|-damage|p2b: Garchomp|0 fnt
|-damage|p1b: Incineroar|59/100|[from] ability: Rough Skin|[of] p2b: Garchomp
|faint|p2b: Garchomp
|move|p1a: Floette|Calm Mind|p1a: Floette
|-boost|p1a: Floette|spa|1
|-boost|p1a: Floette|spd|1
|
|-weather|none
|upkeep
|
|t:|1783647788
|switch|p2b: Sylveon|Sylveon, L50, F|100/100
|turn|6
|
|t:|1783647796
|move|p1a: Floette|Protect|p1a: Floette
|-singleturn|p1a: Floette|Protect
|move|p2a: Charizard|Heat Wave|p1b: Incineroar|[spread] 
|-activate|p1a: Floette|move: Protect
|-miss|p2a: Charizard|p1b: Incineroar
|move|p2b: Sylveon|Hyper Voice|p1a: Floette|[spread] p1b
|-activate|p1a: Floette|move: Protect
|-damage|p1b: Incineroar|8/100
|move|p1b: Incineroar|Parting Shot|p2b: Sylveon
|-unboost|p2b: Sylveon|atk|1
|-unboost|p2b: Sylveon|spa|1
|
|t:|1783647808
|switch|p1b: Garchomp|Garchomp, L50, M|52/100|[from] Parting Shot
|
|upkeep
|turn|7
|
|t:|1783647819
|move|p2a: Charizard|Protect|p2a: Charizard
|-singleturn|p2a: Charizard|Protect
|move|p1b: Garchomp|Rock Slide|p2b: Sylveon|[spread] 
|-activate|p2a: Charizard|move: Protect
|-miss|p1b: Garchomp|p2b: Sylveon
|move|p1a: Floette|Dazzling Gleam|p2a: Charizard|[spread] p2b
|-activate|p2a: Charizard|move: Protect
|-damage|p2b: Sylveon|54/100
|move|p2b: Sylveon|Hyper Voice|p1a: Floette|[spread] p1a,p1b
|-supereffective|p1b: Garchomp|1
|-crit|p1b: Garchomp
|-damage|p1a: Floette|73/100
|-damage|p1b: Garchomp|0 fnt
|faint|p1b: Garchomp
|
|upkeep
|
|t:|1783647829
|switch|p1b: Incineroar|Incineroar, L50, M|8/100
|-ability|p1b: Incineroar|Intimidate|boost
|-unboost|p2a: Charizard|atk|1
|-unboost|p2b: Sylveon|atk|1
|turn|8
|
|t:|1783647837
|move|p1b: Incineroar|Fake Out|p2a: Charizard
|-damage|p2a: Charizard|83/100
|move|p1a: Floette|Dazzling Gleam|p2b: Sylveon|[spread] p2a,p2b
|-resisted|p2a: Charizard|1
|-damage|p2a: Charizard|56/100
|-damage|p2b: Sylveon|9/100
|cant|p2a: Charizard|flinch
|move|p2b: Sylveon|Yawn|p1a: Floette
|-start|p1a: Floette|move: Yawn|[of] p2b: Sylveon
|
|upkeep
|turn|9
|
|t:|1783647859
|move|p2b: Sylveon|Protect|p2b: Sylveon
|-singleturn|p2b: Sylveon|Protect
|move|p1a: Floette|Dazzling Gleam|p2a: Charizard|[spread] p2a
|-activate|p2b: Sylveon|move: Protect
|-resisted|p2a: Charizard|1
|-damage|p2a: Charizard|31/100
|move|p2a: Charizard|Heat Wave|p1b: Incineroar|[spread] p1b
|-miss|p2a: Charizard|p1a: Floette
|-resisted|p1b: Incineroar|1
|-crit|p1b: Incineroar
|-damage|p1b: Incineroar|0 fnt
|faint|p1b: Incineroar
|
|-end|p1a: Floette|move: Yawn|[silent]
|-status|p1a: Floette|slp
|upkeep
|
|t:|1783647868
|switch|p1b: Kingambit|Kingambit, L50, M|100/100
|turn|10
|inactive|Battle timer is ON: inactive players will automatically lose when time's up. (requested by dondozo ate my son)
|
|t:|1783647884
|move|p2a: Charizard|Protect|p2a: Charizard
|-singleturn|p2a: Charizard|Protect
|cant|p1a: Floette|slp
|move|p2b: Sylveon|Yawn|p1b: Kingambit
|-start|p1b: Kingambit|move: Yawn|[of] p2b: Sylveon
|move|p1b: Kingambit|Iron Head|p2b: Sylveon
|-supereffective|p2b: Sylveon|1
|-damage|p2b: Sylveon|0 fnt
|faint|p2b: Sylveon
|
|upkeep
|turn|11
|
|t:|1783647896
|move|p2a: Charizard|Protect|p2a: Charizard
|-singleturn|p2a: Charizard|Protect
|-curestatus|p1a: Floette|slp|[msg]
|move|p1a: Floette|Dazzling Gleam|p2a: Charizard
|-activate|p2a: Charizard|move: Protect
|move|p1b: Kingambit|Kowtow Cleave|p2a: Charizard
|-activate|p2a: Charizard|move: Protect
|
|-end|p1b: Kingambit|move: Yawn|[silent]
|-status|p1b: Kingambit|slp
|upkeep
|turn|12
|-message|Gozante forfeited.
|
|win|dondozo ate my son
|raw|dondozo ate my son's rating: 1289 → 1326(+37 for winning)
|raw|Gozante's rating: 1463 → 1434(-29 for losing)
|l|☆Gozante
|player|p2|
