|j|☆EzNumbers
|j|☆Pumpkinman
|html|EzNumbersPumpkinman    
|uhtml|bestof|Game 2 of a best-of-3
|t:|1756748428
|gametype|doubles
|player|p1|EzNumbers|iris|1061
|player|p2|Pumpkinman|cyclist-gen4|1043
|gen|9
|tier|[Gen 9] VGC 2025 Reg H (Bo3)
|rated|
|rule|Species Clause: Limit one of each Pokémon
|rule|Item Clause: Limit 1 of each item
|clearpoke
|poke|p1|Sneasler, L50, F|
|poke|p1|Dragonite, L50, F|
|poke|p1|Volcarona, L50, M|
|poke|p1|Ninetales-Alola, L50, M|
|poke|p1|Kingambit, L50, F|
|poke|p1|Electabuzz, L50, F|
|poke|p2|Charizard, L50, F|
|poke|p2|Torkoal, L50, M|
|poke|p2|Porygon2, L50|
|poke|p2|Incineroar, L50, F|
|poke|p2|Jumpluff, L50, M|
|poke|p2|Ursaluna, L50, M|
|teampreview|4
|showteam|p1|Sneasler||FocusSash|Unburden|Coaching,DireClaw,CloseCombat,Protect|||F|||50|,,,,,Stellar]Dragonite||LoadedDice|Multiscale|Haze,ScaleShot,ExtremeSpeed,Protect|||F|||50|,,,,,Fairy]Volcarona||CovertCloak|FlameBody|QuiverDance,HeatWave,TeraBlast,Protect|||M|||50|,,,,,Water]Ninetales-Alola||LifeOrb|SnowWarning|AuroraVeil,Moonblast,Blizzard,Protect|||M|||50|,,,,,Ghost]Kingambit||BlackGlasses|Defiant|SuckerPunch,KowtowCleave,SwordsDance,Protect|||F|||50|,,,,,Dark]Electabuzz||Eviolite|VitalSpirit|ThunderWave,FollowMe,Taunt,Thunderbolt|||F|||50|,,,,,Bug
|showteam|p2|Charizard||ChoiceSpecs|SolarPower|HeatWave,Overheat,WeatherBall,AirSlash|||F|||50|,,,,,Ghost]Torkoal||EjectPack|Drought|Eruption,Overheat,HelpingHand,Protect|||M|||50|,,,,,Fire]Porygon2||Eviolite|Download|TeraBlast,IceBeam,Recover,TrickRoom||||||50|,,,,,Fighting]Incineroar||SitrusBerry|Intimidate|FlareBlitz,KnockOff,FakeOut,PartingShot|||F|||50|,,,,,Ghost]Jumpluff||CovertCloak|Chlorophyll|SleepPowder,SunnyDay,RagePowder,Tailwind|||M|||50|,,,,,Water]Ursaluna||FlameOrb|Guts|HeadlongRush,Facade,Earthquake,Protect|||M|||50|,,,,,Ghost
|inactive|Battle timer is ON: inactive players will automatically lose when time's up. (requested by Pumpkinman)
|inactive|Pumpkinman has 60 seconds left.
|inactive|EzNumbers has 60 seconds left.
|
|t:|1756748507
|teamsize|p1|4
|teamsize|p2|4
|start
|switch|p1a: Sneasler|Sneasler, L50, F|100/100
|switch|p1b: Kingambit|Kingambit, L50, F|100/100
|switch|p2a: Charizard|Charizard, L50, F|100/100
|switch|p2b: Porygon2|Porygon2, L50|100/100
|-ability|p2b: Porygon2|Download|boost
|-boost|p2b: Porygon2|spa|1
|turn|1
|inactive|EzNumbers has 30 seconds left.
|inactive|Pumpkinman has 30 seconds left.
|inactive|EzNumbers has 20 seconds left.
|inactive|Pumpkinman has 20 seconds left.
|inactive|Pumpkinman has 15 seconds left.
|
|t:|1756748550
|switch|p2a: Ursaluna|Ursaluna, L50, M|100/100
|-terastallize|p2b: Porygon2|Fighting
|move|p1b: Kingambit|Protect|p1b: Kingambit
|-singleturn|p1b: Kingambit|Protect
|move|p1a: Sneasler|Dire Claw|p2a: Ursaluna
|-resisted|p2a: Ursaluna
|-crit|p2a: Ursaluna
|-damage|p2a: Ursaluna|77/100
|move|p2b: Porygon2|Trick Room|p2b: Porygon2
|-fieldstart|move: Trick Room|[of] p2b: Porygon2
|
|-status|p2a: Ursaluna|brn|[from] item: Flame Orb
|upkeep
|turn|2
|inactive|EzNumbers has 30 seconds left.
|inactive|Pumpkinman has 30 seconds left.
|inactive|Pumpkinman has 20 seconds left.
|inactive|Pumpkinman has 15 seconds left.
|
|t:|1756748595
|move|p1a: Sneasler|Protect|p1a: Sneasler
|-singleturn|p1a: Sneasler|Protect
|move|p1b: Kingambit|Kowtow Cleave|p2a: Ursaluna
|-damage|p2a: Ursaluna|27/100 brn
|move|p2b: Porygon2|Ice Beam|p1a: Sneasler
|-activate|p1a: Sneasler|move: Protect
|move|p2a: Ursaluna|Earthquake|p1a: Sneasler|[spread] p2b,p1b
|-activate|p1a: Sneasler|move: Protect
|-supereffective|p1b: Kingambit
|-damage|p2b: Porygon2|59/100
|-damage|p1b: Kingambit|3/100
|
|-damage|p2a: Ursaluna|21/100 brn|[from] brn
|upkeep
|turn|3
|inactive|Pumpkinman has 30 seconds left.
|inactive|Pumpkinman has 20 seconds left.
|inactive|Pumpkinman has 15 seconds left.
|
|t:|1756748639
|move|p2a: Ursaluna|Protect|p2a: Ursaluna
|-singleturn|p2a: Ursaluna|Protect
|move|p1b: Kingambit|Kowtow Cleave|p2a: Ursaluna
|-activate|p2a: Ursaluna|move: Protect
|move|p2b: Porygon2|Tera Blast|p1b: Kingambit|[anim] Tera Blast Fighting
|-supereffective|p1b: Kingambit
|-damage|p1b: Kingambit|0 fnt
|faint|p1b: Kingambit
|move|p1a: Sneasler|Dire Claw|p2b: Porygon2
|-damage|p2b: Porygon2|34/100
|-status|p2b: Porygon2|psn
|
|-damage|p2b: Porygon2|21/100 psn|[from] psn
|-damage|p2a: Ursaluna|15/100 brn|[from] brn
|upkeep
|
|t:|1756748663
|switch|p1b: Electabuzz|Electabuzz, L50, F|100/100
|turn|4
|inactive|EzNumbers has 30 seconds left.
|inactive|Pumpkinman has 30 seconds left.
|inactive|Pumpkinman has 20 seconds left.
|inactive|Pumpkinman has 15 seconds left.
|
|t:|1756748706
|move|p1a: Sneasler|Protect|p1a: Sneasler
|-singleturn|p1a: Sneasler|Protect
|move|p2b: Porygon2|Recover|p2b: Porygon2
|-heal|p2b: Porygon2|71/100 psn
|move|p2a: Ursaluna|Headlong Rush|p1a: Sneasler
|-activate|p1a: Sneasler|move: Protect
|move|p1b: Electabuzz|Thunderbolt|p2b: Porygon2
|-crit|p2b: Porygon2
|-damage|p2b: Porygon2|42/100 psn
|
|-damage|p2b: Porygon2|29/100 psn|[from] psn
|-damage|p2a: Ursaluna|9/100 brn|[from] brn
|upkeep
|turn|5
|inactive|EzNumbers has 30 seconds left.
|inactive|Pumpkinman has 30 seconds left.
|
|t:|1756748735
|move|p1b: Electabuzz|Follow Me|p1b: Electabuzz
|-singleturn|p1b: Electabuzz|move: Follow Me
|move|p2b: Porygon2|Tera Blast|p1b: Electabuzz|[anim] Tera Blast Fighting
|-damage|p1b: Electabuzz|60/100
|move|p2a: Ursaluna|Headlong Rush|p1b: Electabuzz
|-supereffective|p1b: Electabuzz
|-damage|p1b: Electabuzz|0 fnt
|-unboost|p2a: Ursaluna|def|1
|-unboost|p2a: Ursaluna|spd|1
|faint|p1b: Electabuzz
|move|p1a: Sneasler|Dire Claw|p2b: Porygon2
|-damage|p2b: Porygon2|4/100 psn
|
|-damage|p2b: Porygon2|0 fnt|[from] psn
|faint|p2b: Porygon2
|-damage|p2a: Ursaluna|4/100 brn|[from] brn
|-fieldend|move: Trick Room
|upkeep
|
|t:|1756748755
|switch|p1b: Ninetales|Ninetales-Alola, L50, M|100/100
|switch|p2b: Torkoal|Torkoal, L50, M|100/100
|-weather|Snowscape|[from] ability: Snow Warning|[of] p1b: Ninetales
|-weather|SunnyDay|[from] ability: Drought|[of] p2b: Torkoal
|turn|6
|
|t:|1756748778
|move|p1a: Sneasler|Protect|p1a: Sneasler
|-singleturn|p1a: Sneasler|Protect
|move|p1b: Ninetales|Protect|p1b: Ninetales
|-singleturn|p1b: Ninetales|Protect
|move|p2b: Torkoal|Protect|p2b: Torkoal
|-singleturn|p2b: Torkoal|Protect
|move|p2a: Ursaluna|Earthquake|p1b: Ninetales|[spread] 
|-activate|p2b: Torkoal|move: Protect
|-activate|p1a: Sneasler|move: Protect
|-activate|p1b: Ninetales|move: Protect
|
|-weather|SunnyDay|[upkeep]
|-damage|p2a: Ursaluna|0 fnt|[from] brn
|faint|p2a: Ursaluna
|upkeep
|
|t:|1756748784
|switch|p2a: Charizard|Charizard, L50, F|100/100
|turn|7
|inactive|EzNumbers has 30 seconds left.
|inactive|Pumpkinman has 30 seconds left.
|inactive|EzNumbers has 20 seconds left.
|
|t:|1756748821
|-terastallize|p1b: Ninetales|Ghost
|move|p1a: Sneasler|Close Combat|p2b: Torkoal
|-damage|p2b: Torkoal|58/100
|-unboost|p1a: Sneasler|def|1
|-unboost|p1a: Sneasler|spd|1
|move|p1b: Ninetales|Moonblast|p2b: Torkoal
|-resisted|p2b: Torkoal
|-damage|p2b: Torkoal|29/100
|-damage|p1b: Ninetales|91/100|[from] item: Life Orb
|move|p2a: Charizard|Heat Wave|p1a: Sneasler|[spread] p1a,p1b
|-enditem|p1a: Sneasler|Focus Sash
|-damage|p1a: Sneasler|1/100
|-damage|p1b: Ninetales|0 fnt
|faint|p1b: Ninetales
|move|p2b: Torkoal|Eruption|p1a: Sneasler
|-damage|p1a: Sneasler|0 fnt
|faint|p1a: Sneasler
|
|win|Pumpkinman
|raw|EzNumbers's rating: 1061 → 1041(-20 for losing)
|raw|Pumpkinman's rating: 1043 → 1078(+35 for winning)
|l|☆EzNumbers
|player|p1|
