|j|☆Boomyy
|j|☆MuseigenTest
|html|BoomyyMuseigenTest    
|uhtml|bestof|Game 2 of a best-of-3
|t:|1756616468
|gametype|doubles
|player|p1|Boomyy|brawly|1237
|player|p2|MuseigenTest|266|1169
|gen|9
|tier|[Gen 9] VGC 2025 Reg H (Bo3)
|rated|
|rule|Species Clause: Limit one of each Pokémon
|rule|Item Clause: Limit 1 of each item
|clearpoke
|poke|p1|Indeedee-F, L50, F|
|poke|p1|Exeggutor, L50, F|
|poke|p1|Torkoal, L50, F|
|poke|p1|Ursaluna, L50, F|
|poke|p1|Gallade, L50, M|
|poke|p1|Zoroark-Hisui, L50, F|
|poke|p2|Sneasler, L50, F|
|poke|p2|Indeedee, L50, M|
|poke|p2|Volcarona, L50, F|
|poke|p2|Ursaluna-Bloodmoon, L50, M|
|poke|p2|Annihilape, L50, M|
|poke|p2|Tyranitar, L50, M|
|teampreview|4
|showteam|p1|Indeedee-F||PsychicSeed|PsychicSurge|FollowMe,Psychic,HelpingHand,TrickRoom|||F|||50|,,,,,Grass]Exeggutor||FocusSash|Chlorophyll|ExpandingForce,EnergyBall,SleepPowder,TrickRoom|||F|||50|,,,,,Psychic]Torkoal||Charcoal|Drought|Eruption,WeatherBall,ClearSmog,Protect|||F|||50|,,,,,Fire]Ursaluna||FlameOrb|Guts|Facade,HeadlongRush,Earthquake,Protect|||F|||50|,,,,,Ghost]Gallade||ClearAmulet|Sharpness|PsychoCut,SacredSword,WideGuard,TrickRoom|||M|||50|,,,,,Fire]Zoroark-Hisui||ChoiceSpecs|Illusion|HyperVoice,ShadowBall,TeraBlast,HyperBeam|||F|||50|,,,,,Stellar
|showteam|p2|Sneasler||PsychicSeed|Unburden|CloseCombat,DireClaw,ThroatChop,Protect|||F|||50|,,,,,Dark]Indeedee||ChoiceScarf|PsychicSurge|ExpandingForce,TeraBlast,Trick,Protect|||M|||50|,,,,,Psychic]Volcarona||SitrusBerry|FlameBody|Overheat,StruggleBug,RagePowder,Tailwind|||F|||50|,,,,,Grass]Ursaluna-Bloodmoon||LifeOrb|MindsEye|BloodMoon,HyperVoice,EarthPower,Protect|||M|||50|,,,,,Normal]Annihilape||SafetyGoggles|Defiant|CloseCombat,RageFist,Taunt,FinalGambit|||M|||50|,,,,,Fairy]Tyranitar||AssaultVest|SandStream|RockSlide,KnockOff,TeraBlast,LowKick|||M|||50|,,,,,Flying
|inactive|Battle timer is ON: inactive players will automatically lose when time's up. (requested by Boomyy)
|inactive|Boomyy has 60 seconds left.
|inactive|MuseigenTest has 60 seconds left.
|inactive|Boomyy has 30 seconds left.
|inactive|MuseigenTest has 30 seconds left.
|inactive|Boomyy has 20 seconds left.
|inactive|MuseigenTest has 20 seconds left.
|inactive|Boomyy has 15 seconds left.
|inactive|Boomyy has 10 seconds left.
|inactive|Boomyy has 5 seconds left.
|
|t:|1756616557
|teamsize|p1|4
|teamsize|p2|4
|start
|switch|p1a: Indeedee|Indeedee-F, L50, F|100/100
|switch|p1b: Gallade|Gallade, L50, M|100/100
|switch|p2a: Tyranitar|Tyranitar, L50, M|100/100
|switch|p2b: Ursaluna|Ursaluna-Bloodmoon, L50, M|100/100
|-weather|Sandstorm|[from] ability: Sand Stream|[of] p2a: Tyranitar
|-fieldstart|move: Psychic Terrain|[from] ability: Psychic Surge|[of] p1a: Indeedee
|-enditem|p1a: Indeedee|Psychic Seed
|-boost|p1a: Indeedee|spd|1|[from] item: Psychic Seed
|turn|1
|inactive|Boomyy has 30 seconds left.
|inactive|MuseigenTest has 30 seconds left.
|inactive|MuseigenTest has 20 seconds left.
|inactive|MuseigenTest has 15 seconds left.
|inactive|MuseigenTest has 10 seconds left.
|inactive|MuseigenTest has 5 seconds left.
|
|t:|1756616612
|move|p1a: Indeedee|Follow Me|p1a: Indeedee
|-singleturn|p1a: Indeedee|move: Follow Me
|move|p2b: Ursaluna|Blood Moon|p1a: Indeedee
|-damage|p1a: Indeedee|34/100
|-damage|p2b: Ursaluna|91/100|[from] item: Life Orb
|move|p2a: Tyranitar|Rock Slide|p1b: Gallade|[spread] p1a,p1b
|-resisted|p1b: Gallade
|-damage|p1a: Indeedee|4/100
|-damage|p1b: Gallade|80/100
|move|p1b: Gallade|Trick Room|p1b: Gallade
|-fieldstart|move: Trick Room|[of] p1b: Gallade
|
|-weather|Sandstorm|[upkeep]
|-damage|p1a: Indeedee|0 fnt|[from] Sandstorm
|-damage|p1b: Gallade|74/100|[from] Sandstorm
|faint|p1a: Indeedee
|upkeep
|
|t:|1756616627
|switch|p1a: Ursaluna|Ursaluna, L50, F|100/100
|turn|2
|inactive|Boomyy has 30 seconds left.
|inactive|MuseigenTest has 30 seconds left.
|inactive|Boomyy has 20 seconds left.
|inactive|MuseigenTest has 20 seconds left.
|
|t:|1756616664
|-terastallize|p2a: Tyranitar|Flying
|move|p1a: Ursaluna|Facade|p2b: Ursaluna
|-damage|p2b: Ursaluna|60/100
|move|p1b: Gallade|Sacred Sword|p2a: Tyranitar
|-resisted|p2a: Tyranitar
|-damage|p2a: Tyranitar|74/100
|move|p2a: Tyranitar|Tera Blast|p1b: Gallade|[anim] Tera Blast Flying
|-supereffective|p1b: Gallade
|-damage|p1b: Gallade|0 fnt
|faint|p1b: Gallade
|move|p2b: Ursaluna|Hyper Voice|p1a: Ursaluna
|-damage|p1a: Ursaluna|43/100
|-damage|p2b: Ursaluna|51/100|[from] item: Life Orb
|
|-weather|Sandstorm|[upkeep]
|-damage|p2a: Tyranitar|68/100|[from] Sandstorm
|-status|p1a: Ursaluna|brn|[from] item: Flame Orb
|upkeep
|
|t:|1756616670
|switch|p1b: Torkoal|Torkoal, L50, F|100/100
|-weather|SunnyDay|[from] ability: Drought|[of] p1b: Torkoal
|turn|3
|inactive|Boomyy has 30 seconds left.
|inactive|Boomyy has 20 seconds left.
|
|t:|1756616706
|switch|p2a: Indeedee|Indeedee, L50, M|100/100
|-terastallize|p1b: Torkoal|Fire
|move|p2b: Ursaluna|Protect|p2b: Ursaluna
|-singleturn|p2b: Ursaluna|Protect
|move|p1b: Torkoal|Eruption|p2b: Ursaluna|[spread] p2a
|-activate|p2b: Ursaluna|move: Protect
|-damage|p2a: Indeedee|0 fnt
|faint|p2a: Indeedee
|move|p1a: Ursaluna|Facade|p2b: Ursaluna
|-activate|p2b: Ursaluna|move: Protect
|
|-weather|SunnyDay|[upkeep]
|-damage|p1a: Ursaluna|37/100 brn|[from] brn
|upkeep
|
|t:|1756616715
|switch|p2a: Tyranitar|Tyranitar, L50, M, tera:Flying|68/100
|-weather|Sandstorm|[from] ability: Sand Stream|[of] p2a: Tyranitar
|turn|4
|inactive|MuseigenTest has 30 seconds left.
|
|t:|1756616746
|switch|p2b: Sneasler|Sneasler, L50, F|100/100
|-enditem|p2b: Sneasler|Psychic Seed
|-boost|p2b: Sneasler|spd|1|[from] item: Psychic Seed
|move|p1b: Torkoal|Eruption|p2b: Sneasler|[spread] p2a,p2b
|-damage|p2a: Tyranitar|20/100
|-damage|p2b: Sneasler|30/100
|move|p1a: Ursaluna|Facade|p2a: Tyranitar
|-damage|p2a: Tyranitar|0 fnt
|faint|p2a: Tyranitar
|
|-weather|Sandstorm|[upkeep]
|-damage|p1b: Torkoal|94/100|[from] Sandstorm
|-damage|p2b: Sneasler|24/100|[from] Sandstorm
|-damage|p1a: Ursaluna|31/100 brn|[from] brn
|upkeep
|
|t:|1756616757
|switch|p2a: Ursaluna|Ursaluna-Bloodmoon, L50, M|51/100
|turn|5
|
|t:|1756616780
|move|p2a: Ursaluna|Protect|p2a: Ursaluna
|-singleturn|p2a: Ursaluna|Protect
|move|p2b: Sneasler|Protect|p2b: Sneasler
|-singleturn|p2b: Sneasler|Protect
|move|p1b: Torkoal|Eruption|p2b: Sneasler|[spread] 
|-activate|p2a: Ursaluna|move: Protect
|-activate|p2b: Sneasler|move: Protect
|move|p1a: Ursaluna|Facade|p2b: Sneasler
|-activate|p2b: Sneasler|move: Protect
|
|-weather|Sandstorm|[upkeep]
|-damage|p1b: Torkoal|88/100|[from] Sandstorm
|-damage|p2b: Sneasler|18/100|[from] Sandstorm
|-damage|p1a: Ursaluna|25/100 brn|[from] brn
|-fieldend|move: Trick Room
|-fieldend|move: Psychic Terrain
|upkeep
|turn|6
|inactive|MuseigenTest has 30 seconds left.
|inactive|MuseigenTest has 20 seconds left.
|inactive|MuseigenTest has 15 seconds left.
|
|t:|1756616822
|move|p1a: Ursaluna|Protect|p1a: Ursaluna
|-singleturn|p1a: Ursaluna|Protect
|move|p2b: Sneasler|Close Combat|p1a: Ursaluna
|-activate|p1a: Ursaluna|move: Protect
|move|p2a: Ursaluna|Blood Moon|p1b: Torkoal
|-damage|p1b: Torkoal|0 fnt
|faint|p1b: Torkoal
|-damage|p2a: Ursaluna|41/100|[from] item: Life Orb
|
|-weather|Sandstorm|[upkeep]
|-damage|p2b: Sneasler|12/100|[from] Sandstorm
|-damage|p1a: Ursaluna|19/100 brn|[from] brn
|upkeep
|turn|7
|
|t:|1756616837
|move|p2b: Sneasler|Close Combat|p1a: Ursaluna
|-supereffective|p1a: Ursaluna
|-damage|p1a: Ursaluna|0 fnt
|-unboost|p2b: Sneasler|def|1
|-unboost|p2b: Sneasler|spd|1
|faint|p1a: Ursaluna
|
|win|MuseigenTest
||Boomyy is ready for game 3.
||MuseigenTest is ready for game 3.
|uhtml|next|Next: Game 3 of 3
|l|☆Boomyy
|player|p1|
