|j|☆mista_b00ze
|j|☆taengerine
|html|mista_b00zetaengerine    
|uhtml|bestof|Game 1 of a best-of-3
|t:|1783141045
|gametype|doubles
|player|p1|mista_b00ze|blue|1117
|player|p2|taengerine|lady|1246
|gen|9
|tier|[Gen 9 Champions] VGC 2026 Reg M-B (Bo3)
|rated|
|rule|Species Clause: Limit one of each Pokémon
|rule|Item Clause: Limit 1 of each item
|clearpoke
|poke|p1|Pyroar, L50, M|
|poke|p1|Torkoal, L50, F|
|poke|p1|Farigiraf, L50, F|
|poke|p1|Venusaur, L50, F|
|poke|p1|Scrafty, L50, F|
|poke|p1|Mamoswine, L50, F|
|poke|p2|Mawile, L50, M|
|poke|p2|Sneasler, L50, F|
|poke|p2|Sinistcha, L50|
|poke|p2|Garchomp, L50, M|
|poke|p2|Incineroar, L50, F|
|poke|p2|Delphox, L50, M|
|teampreview|4
|showteam|p1|Pyroar||Pyroarite|Rivalry|HeatWave,Overheat,Protect,Yawn|Timid||M|||50|]Torkoal||HeatRock|Drought|Eruption,WeatherBall,Protect,HelpingHand|Serious||F|||50|]Farigiraf||SitrusBerry|ArmorTail|Protect,Psychic,HyperVoice,TrickRoom|Modest||F|||50|]Venusaur||LifeOrb|Chlorophyll|EnergyBall,EarthPower,SludgeBomb,Protect|Modest||F|||50|]Scrafty||Scraftinite|Intimidate|DrainPunch,KnockOff,IcePunch,FakeOut|Adamant||F|||50|]Mamoswine||FocusSash|Oblivious|RockSlide,IceShard,HighHorsepower,Protect|Jolly||F|||50|
|showteam|p2|Mawile||Mawilite|HyperCutter|PlayRough,SwordsDance,SuckerPunch,Protect|Adamant||M|||50|]Sneasler||FocusSash|PoisonTouch|FakeOut,CloseCombat,DireClaw,QuickGuard|Jolly||F|||50|]Sinistcha||SitrusBerry|Hospitality|MatchaGotcha,RagePowder,TrickRoom,Protect|Bold|||||50|]Garchomp||LifeOrb|RoughSkin|StompingTantrum,RockSlide,DragonClaw,Protect|Adamant||M|||50|]Incineroar||PasshoBerry|Intimidate|FlareBlitz,FakeOut,ThroatChop,PartingShot|Careful||F|||50|]Delphox||Delphoxite|Blaze|HeatWave,Psychic,NastyPlot,Protect|Timid||M|||50|
|inactive|Battle timer is ON: inactive players will automatically lose when time's up. (requested by taengerine)
|inactive|mista_b00ze has 60 seconds left.
|inactive|taengerine has 60 seconds left.
|
|t:|1783141081
|teamsize|p1|4
|teamsize|p2|4
|start
|switch|p1a: Farigiraf|Farigiraf, L50, F|100/100
|switch|p1b: Torkoal|Torkoal, L50, F|100/100
|switch|p2a: Delphox|Delphox, L50, M|100/100
|switch|p2b: Sneasler|Sneasler, L50, F|100/100
|-weather|SunnyDay|[from] ability: Drought|[of] p1b: Torkoal
|turn|1
|
|t:|1783141099
|switch|p2b: Incineroar|Incineroar, L50, F|100/100
|-ability|p2b: Incineroar|Intimidate|boost
|-unboost|p1a: Farigiraf|atk|1
|-unboost|p1b: Torkoal|atk|1
|detailschange|p2a: Delphox|Delphox-Mega, L50, M
|-mega|p2a: Delphox|Delphox|Delphoxite
|move|p1b: Torkoal|Protect|p1b: Torkoal
|-singleturn|p1b: Torkoal|Protect
|move|p2a: Delphox|Psychic|p1b: Torkoal
|-activate|p1b: Torkoal|move: Protect
|move|p1a: Farigiraf|Trick Room|p1a: Farigiraf
|-fieldstart|move: Trick Room|[of] p1a: Farigiraf
|
|-weather|SunnyDay|[upkeep]
|upkeep
|turn|2
|
|t:|1783141115
|move|p1b: Torkoal|Eruption|p2a: Delphox|[spread] p2a,p2b
|-resisted|p2a: Delphox|1
|-resisted|p2b: Incineroar|1
|-damage|p2a: Delphox|73/100
|-damage|p2b: Incineroar|74/100
|move|p1a: Farigiraf|Hyper Voice|p2b: Incineroar|[spread] p2a,p2b
|-damage|p2a: Delphox|46/100
|-damage|p2b: Incineroar|53/100
|move|p2b: Incineroar|Parting Shot|p1b: Torkoal
|-unboost|p1b: Torkoal|atk|1
|-unboost|p1b: Torkoal|spa|1
|
|t:|1783141125
|switch|p2b: Sinistcha|Sinistcha, L50|100/100|[from] Parting Shot
|-heal|p2a: Delphox|71/100|[from] ability: Hospitality|[of] p2b: Sinistcha
|move|p2a: Delphox|Psychic|p1b: Torkoal
|-crit|p1b: Torkoal
|-damage|p1b: Torkoal|10/100
|
|-weather|SunnyDay|[upkeep]
|upkeep
|turn|3
|
|t:|1783141136
|move|p1a: Farigiraf|Protect|p1a: Farigiraf
|-singleturn|p1a: Farigiraf|Protect
|move|p2b: Sinistcha|Protect|p2b: Sinistcha
|-singleturn|p2b: Sinistcha|Protect
|move|p1b: Torkoal|Weather Ball|p2b: Sinistcha
|-activate|p2b: Sinistcha|move: Protect
|move|p2a: Delphox|Heat Wave|p1a: Farigiraf|[spread] p1b
|-activate|p1a: Farigiraf|move: Protect
|-resisted|p1b: Torkoal|1
|-damage|p1b: Torkoal|0 fnt
|faint|p1b: Torkoal
|
|-weather|SunnyDay|[upkeep]
|upkeep
|
|t:|1783141139
|switch|p1b: Pyroar|Pyroar, L50, M|100/100
|turn|4
|
|t:|1783141155
|switch|p2b: Incineroar|Incineroar, L50, F|53/100
|-ability|p2b: Incineroar|Intimidate|boost
|-unboost|p1a: Farigiraf|atk|1
|-unboost|p1b: Pyroar|atk|1
|detailschange|p1b: Pyroar|Pyroar-Mega, L50, M
|-mega|p1b: Pyroar|Pyroar|Pyroarite
|move|p1a: Farigiraf|Hyper Voice|p2a: Delphox|[spread] p2a,p2b
|-damage|p2a: Delphox|44/100
|-damage|p2b: Incineroar|29/100
|move|p1b: Pyroar|Heat Wave|p2a: Delphox|[spread] 
|-miss|p1b: Pyroar|p2a: Delphox
|-miss|p1b: Pyroar|p2b: Incineroar
|move|p2a: Delphox|Heat Wave|p1a: Farigiraf|[spread] p1a,p1b
|-resisted|p1b: Pyroar|1
|-damage|p1a: Farigiraf|44/100
|-damage|p1b: Pyroar|63/100
|-enditem|p1a: Farigiraf|Sitrus Berry|[eat]
|-heal|p1a: Farigiraf|68/100|[from] item: Sitrus Berry
|
|-weather|SunnyDay|[upkeep]
|upkeep
|turn|5
|inactive|mista_b00ze has 30 seconds left.
|inactive|taengerine has 30 seconds left.
|inactive|taengerine has 20 seconds left.
|inactive|taengerine has 15 seconds left.
|inactive|taengerine has 10 seconds left.
|
|t:|1783141203
|switch|p2a: Sinistcha|Sinistcha, L50|100/100
|-heal|p2b: Incineroar|54/100|[from] ability: Hospitality|[of] p2a: Sinistcha
|move|p1a: Farigiraf|Hyper Voice|p2b: Incineroar|[spread] p2b
|-immune|p2a: Sinistcha
|-damage|p2b: Incineroar|33/100
|move|p2b: Incineroar|Throat Chop|p1a: Farigiraf
|-supereffective|p1a: Farigiraf|1
|-damage|p1a: Farigiraf|6/100
|-start|p1a: Farigiraf|Throat Chop|[silent]
|move|p1b: Pyroar|Heat Wave|p2a: Sinistcha|[spread] p2a,p2b
|-supereffective|p2a: Sinistcha|1
|-resisted|p2b: Incineroar|1
|-damage|p2a: Sinistcha|0 fnt
|-damage|p2b: Incineroar|3/100
|faint|p2a: Sinistcha
|
|-weather|SunnyDay|[upkeep]
|-fieldend|move: Trick Room
|upkeep
|
|t:|1783141214
|switch|p2a: Delphox|Delphox-Mega, L50, M|44/100
|turn|6
|
|t:|1783141232
|move|p1a: Farigiraf|Protect|p1a: Farigiraf
|-singleturn|p1a: Farigiraf|Protect
|move|p2a: Delphox|Psychic|p1b: Pyroar
|-damage|p1b: Pyroar|0 fnt
|faint|p1b: Pyroar
|move|p2b: Incineroar|Throat Chop|p1a: Farigiraf
|-activate|p1a: Farigiraf|move: Protect
|
|-weather|SunnyDay|[upkeep]
|-end|p1a: Farigiraf|Throat Chop|[silent]
|upkeep
|
|t:|1783141241
|switch|p1b: Mamoswine|Mamoswine, L50, F|100/100
|turn|7
|
|t:|1783141257
|move|p1b: Mamoswine|Protect|p1b: Mamoswine
|-singleturn|p1b: Mamoswine|Protect
|move|p2a: Delphox|Heat Wave|p1a: Farigiraf|[spread] p1a
|-activate|p1b: Mamoswine|move: Protect
|-damage|p1a: Farigiraf|0 fnt
|faint|p1a: Farigiraf
|move|p2b: Incineroar|Throat Chop|p1b: Mamoswine
|-activate|p1b: Mamoswine|move: Protect
|
|-weather|SunnyDay|[upkeep]
|upkeep
|turn|8
|
|t:|1783141267
|move|p2a: Delphox|Psychic|p1b: Mamoswine
|-damage|p1b: Mamoswine|29/100
|move|p1b: Mamoswine|Rock Slide|p2a: Delphox|[spread] p2a,p2b
|-supereffective|p2a: Delphox|1
|-supereffective|p2b: Incineroar|1
|-damage|p2a: Delphox|0 fnt
|-damage|p2b: Incineroar|0 fnt
|faint|p2a: Delphox
|faint|p2b: Incineroar
|
|-weather|none
|upkeep
|
|t:|1783141271
|switch|p2b: Sneasler|Sneasler, L50, F|100/100
|turn|9
|
|t:|1783141276
|move|p2b: Sneasler|Close Combat|p1b: Mamoswine
|-supereffective|p1b: Mamoswine|1
|-damage|p1b: Mamoswine|0 fnt
|-unboost|p2b: Sneasler|def|1
|-unboost|p2b: Sneasler|spd|1
|faint|p1b: Mamoswine
|
|win|taengerine
||taengerine is ready for game 2.
||mista_b00ze is ready for game 2.
|uhtml|next|Next: Game 2 of 3
|l|☆mista_b00ze
|player|p1|
