|j|☆tamagotchai-05
|j|☆Valaaeryl
|html|tamagotchai-05Valaaeryl    
|uhtml|bestof|Game 1 of a best-of-3
|t:|1786074496
|gametype|doubles
|player|p1|tamagotchai-05|101|1195
|player|p2|Valaaeryl|170|1249
|gen|9
|tier|[Gen 9 Champions] VGC 2026 Reg M-B (Bo3)
|rated|
|rule|Species Clause: Limit one of each Pokémon
|rule|Item Clause: Limit 1 of each item
|clearpoke
|poke|p1|Gengar, L50, M|
|poke|p1|Archaludon, L50, M|
|poke|p1|Politoed, L50, F|
|poke|p1|Swampert, L50, F|
|poke|p1|Vivillon, L50, F|
|poke|p1|Incineroar, L50, M|
|poke|p2|Floette-Eternal, L50, F|
|poke|p2|Garchomp, L50, F|
|poke|p2|Kingambit, L50, F|
|poke|p2|Basculegion, L50, M|
|poke|p2|Charizard, L50, M|
|poke|p2|Whimsicott, L50, M|
|teampreview|4
|showteam|p1|Gengar||Gengarite|CursedBody|ShadowBall,SludgeBomb,PerishSong,Protect|Modest||M|||50|]Archaludon||Leftovers|Stamina|ElectroShot,DragonPulse,FlashCannon,Protect|Bold||M|||50|]Politoed||SitrusBerry|Drizzle|WeatherBall,Hypnosis,PerishSong,Protect|Calm||F|||50|]Swampert||Swampertite|Torrent|WaveCrash,Earthquake,IcePunch,Protect|Adamant||F|||50|]Vivillon||FocusSash|CompoundEyes|Hurricane,SleepPowder,RagePowder,Protect|Timid||F|||50|]Incineroar||PasshoBerry|Intimidate|ThroatChop,FakeOut,PartingShot,Protect|Impish||M|||50|
|showteam|p2|Floette-Eternal||Floettite|FlowerVeil|Moonblast,DazzlingGleam,HelpingHand,Protect|Jolly||F|||50|]Garchomp||SitrusBerry|RoughSkin|Earthquake,RockSlide,DragonClaw,Protect|Adamant||F|||50|]Kingambit||ChopleBerry|Defiant|IronHead,SuckerPunch,LowKick,KowtowCleave|Adamant||F|||50|]Basculegion||LifeOrb|Adaptability|AquaJet,WaveCrash,LastRespects,Protect|Adamant||M|||50|]Charizard||CharizarditeY|Blaze|HeatWave,SolarBeam,WeatherBall,Protect|Modest||M|||50|]Whimsicott||FocusSash|Prankster|Encore,Tailwind,Moonblast,Protect|Jolly||M|||50|
|inactive|Battle timer is ON: inactive players will automatically lose when time's up. (requested by tamagotchai-05)
|inactive|Valaaeryl has 60 seconds left.
|inactive|Valaaeryl has 30 seconds left.
|
|t:|1786074557
|teamsize|p1|4
|teamsize|p2|4
|start
|switch|p1a: Swampert|Swampert, L50, F|100/100
|switch|p1b: Vivillon|Vivillon, L50, F|100/100
|switch|p2a: Kingambit|Kingambit, L50, F|100/100
|switch|p2b: Whimsicott|Whimsicott, L50, M|100/100
|turn|1
|inactive|tamagotchai-05 has 30 seconds left.
|inactive|Valaaeryl has 30 seconds left.
|inactive|tamagotchai-05 has 20 seconds left.
|
|t:|1786074592
|move|p2b: Whimsicott|Tailwind|p2b: Whimsicott
|-sidestart|p2: Valaaeryl|move: Tailwind
|move|p2a: Kingambit|Kowtow Cleave|p1b: Vivillon
|-damage|p1b: Vivillon|4/100
|move|p1b: Vivillon|Sleep Powder|p2a: Kingambit
|-status|p2a: Kingambit|slp|[from] move: Sleep Powder
|move|p1a: Swampert|Earthquake|p2a: Kingambit|[spread] p2a,p2b
|-immune|p1b: Vivillon
|-supereffective|p2a: Kingambit|1
|-resisted|p2b: Whimsicott|1
|-damage|p2a: Kingambit|39/100 slp
|-damage|p2b: Whimsicott|71/100
|
|upkeep
|turn|2
|inactive|tamagotchai-05 has 30 seconds left.
|
|t:|1786074617
|detailschange|p1a: Swampert|Swampert-Mega, L50, F
|-mega|p1a: Swampert|Swampert|Swampertite
|move|p2b: Whimsicott|Encore|p1a: Swampert
|-start|p1a: Swampert|Encore
|cant|p2a: Kingambit|slp
|move|p1b: Vivillon|Hurricane|p2b: Whimsicott
|-supereffective|p2b: Whimsicott|1
|-damage|p2b: Whimsicott|0 fnt
|faint|p2b: Whimsicott
|move|p1a: Swampert|Earthquake|p2a: Kingambit|[spread] p2a
|-immune|p1b: Vivillon
|-supereffective|p2a: Kingambit|1
|-damage|p2a: Kingambit|0 fnt
|faint|p2a: Kingambit
|
|upkeep
|
|t:|1786074626
|switch|p2b: Charizard|Charizard, L50, M|100/100
|switch|p2a: Basculegion|Basculegion, L50, M|100/100
|turn|3
|inactive|Valaaeryl has 30 seconds left.
|
|t:|1786074660
|switch|p1b: Archaludon|Archaludon, L50, M|100/100
|move|p2b: Charizard|Heat Wave|p1a: Swampert|[spread] p1b
|-miss|p2b: Charizard|p1a: Swampert
|-damage|p1b: Archaludon|74/100
|-ability|p1b: Archaludon|Stamina|boost
|-boost|p1b: Archaludon|def|1
|move|p2a: Basculegion|Wave Crash|p1a: Swampert
|-damage|p1a: Swampert|0 fnt
|faint|p1a: Swampert
|-damage|p2a: Basculegion|70/100|[from] Recoil
|-damage|p2a: Basculegion|60/100|[from] item: Life Orb
|
|-heal|p1b: Archaludon|80/100|[from] item: Leftovers
|upkeep
|
|t:|1786074660
|switch|p1a: Vivillon|Vivillon, L50, F|4/100
|turn|4
|inactive|Valaaeryl has 30 seconds left.
|inactive|Valaaeryl has 20 seconds left.
|
|t:|1786074699
|move|p2b: Charizard|Protect|p2b: Charizard
|-singleturn|p2b: Charizard|Protect
|move|p1a: Vivillon|Protect|p1a: Vivillon
|-singleturn|p1a: Vivillon|Protect
|move|p1b: Archaludon|Protect|p1b: Archaludon
|-singleturn|p1b: Archaludon|Protect
|move|p2a: Basculegion|Last Respects|p1a: Vivillon
|-activate|p1a: Vivillon|move: Protect
|
|-heal|p1b: Archaludon|86/100|[from] item: Leftovers
|-sideend|p2: Valaaeryl|move: Tailwind
|upkeep
|turn|5
|inactive|Valaaeryl has 30 seconds left.
|
|t:|1786074725
|move|p2a: Basculegion|Aqua Jet|p1a: Vivillon
|-damage|p1a: Vivillon|0 fnt
|faint|p1a: Vivillon
|-damage|p2a: Basculegion|50/100g|[from] item: Life Orb
|move|p2b: Charizard|Weather Ball|p1b: Archaludon
|-resisted|p1b: Archaludon|1
|-damage|p1b: Archaludon|80/100
|-ability|p1b: Archaludon|Stamina|boost
|-boost|p1b: Archaludon|def|1
|move|p1b: Archaludon|Dragon Pulse|p2b: Charizard
|-damage|p2b: Charizard|61/100
|
|-heal|p1b: Archaludon|86/100|[from] item: Leftovers
|upkeep
|
|t:|1786074725
|switch|p1a: Politoed|Politoed, L50, F|100/100
|-weather|RainDance|[from] ability: Drizzle|[of] p1a: Politoed
|turn|6
|inactive|Valaaeryl has 30 seconds left.
|
|t:|1786074752
|detailschange|p2b: Charizard|Charizard-Mega-Y, L50, M
|-mega|p2b: Charizard|Charizard|Charizardite Y
|-weather|SunnyDay|[from] ability: Drought|[of] p2b: Charizard
|move|p2b: Charizard|Solar Beam||[still]
|-prepare|p2b: Charizard|Solar Beam
|-anim|p2b: Charizard|Solar Beam|p1a: Politoed
|-supereffective|p1a: Politoed|1
|-damage|p1a: Politoed|31/100
|-enditem|p1a: Politoed|Sitrus Berry|[eat]
|-heal|p1a: Politoed|56/100|[from] item: Sitrus Berry
|move|p2a: Basculegion|Last Respects|p1a: Politoed
|-crit|p1a: Politoed
|-damage|p1a: Politoed|0 fnt
|faint|p1a: Politoed
|-damage|p2a: Basculegion|41/100|[from] item: Life Orb
|move|p1b: Archaludon|Electro Shot||[still]
|-prepare|p1b: Archaludon|Electro Shot
|-boost|p1b: Archaludon|spa|1
|
|-weather|SunnyDay|[upkeep]
|-heal|p1b: Archaludon|92/100|[from] item: Leftovers
|upkeep
|turn|7
|
|t:|1786074769
|move|p2a: Basculegion|Last Respects|p1b: Archaludon
|-damage|p1b: Archaludon|47/100
|-ability|p1b: Archaludon|Stamina|boost
|-boost|p1b: Archaludon|def|1
|-damage|p2a: Basculegion|31/100|[from] item: Life Orb
|move|p2b: Charizard|Weather Ball|p1b: Archaludon
|-damage|p1b: Archaludon|0 fnt
|faint|p1b: Archaludon
|
|win|Valaaeryl
||tamagotchai-05 is ready for game 2.
|inactive|Valaaeryl has 30 seconds to confirm battle start!
||Valaaeryl is ready for game 2.
|uhtml|next|Next: Game 2 of 3
