|j|‽Maybe ALTcom
|j|☆ThunDragon67
|html|Maybe ALTcomThunDragon67    
|uhtml|bestof|Game 1 of a best-of-3
|t:|1756483359
|gametype|doubles
|player|p1|Maybe ALTcom|101|1086
|player|p2|ThunDragon67|li|1027
|gen|9
|tier|[Gen 9] VGC 2025 Reg H (Bo3)
|rated|
|rule|Species Clause: Limit one of each Pokémon
|rule|Item Clause: Limit 1 of each item
|clearpoke
|poke|p1|Magmar, L50, F|
|poke|p1|Rillaboom, L50, F|
|poke|p1|Ninetales-Alola, L50, F|
|poke|p1|Kommo-o, L50, F|
|poke|p1|Kingambit, L50, M|
|poke|p1|Basculegion, L50, M|
|poke|p2|Tsareena, L50, F|
|poke|p2|Volcarona, L50, M|
|poke|p2|Archaludon, L50, M|
|poke|p2|Primarina, L50, M|
|poke|p2|Malamar, L50, F|
|poke|p2|Talonflame, L50, M|
|teampreview|4
|showteam|p1|Magmar||Eviolite|VitalSpirit|FollowMe,ClearSmog,Protect,Flamethrower|||F|||50|,,,,,Ghost]Rillaboom||AssaultVest|GrassySurge|WoodHammer,GrassyGlide,FakeOut,HighHorsepower|||F|||50|,,,,,Fire]Ninetales-Alola||FocusSash|SnowWarning|IcyWind,Blizzard,Encore,Protect|||F|||50|,,,,,Ghost]Kommo-o||ThroatSpray|Soundproof|ClangingScales,ClangorousSoul,AuraSphere,Protect|||F|||50|,,,,,Fairy]Kingambit||BlackGlasses|Defiant|KowtowCleave,SuckerPunch,SwordsDance,Protect|||M|||50|,,,,,Dark]Basculegion||ChoiceScarf|Adaptability|WaveCrash,LastRespects,FlipTurn,TeraBlast|||M|||50|,,,,,Fighting
|showteam|p2|Tsareena||RockyHelmet|QueenlyMajesty|BulletSeed,LowSweep,Protect,Uturn|||F|||50|,,,,,Water]Volcarona||Leftovers|FlameBody|QuiverDance,RagePowder,FieryDance,BugBuzz|||M|||50|,,,,,Dark]Archaludon||PowerHerb|Stamina|BodyPress,FlashCannon,Protect,ElectroShot|||M|||50|,,,,,Fighting]Primarina||WeaknessPolicy|LiquidVoice|HyperVoice,IcyWind,Moonblast,Protect|||M|||50|,,,,,Ice]Malamar||SitrusBerry|Contrary|Superpower,TopsyTurvy,KnockOff,Protect|||F|||50|,,,,,Dark]Talonflame||FocusSash|GaleWings|BraveBird,FlameCharge,Protect,Tailwind|||M|||50|,,,,,Fire
|inactive|Battle timer is ON: inactive players will automatically lose when time's up. (requested by Maybe ALTcom)
|
|t:|1756483414
|teamsize|p1|4
|teamsize|p2|4
|start
|switch|p1a: Kingambit|Kingambit, L50, M|100/100
|switch|p1b: Rillaboom|Rillaboom, L50, F|100/100
|switch|p2a: Tsareena|Tsareena, L50, F|100/100
|switch|p2b: Primarina|Primarina, L50, M|100/100
|-fieldstart|move: Grassy Terrain|[from] ability: Grassy Surge|[of] p1b: Rillaboom
|turn|1
|inactive|Maybe ALTcom has 30 seconds left.
|inactive|Maybe ALTcom has 20 seconds left.
|
|t:|1756483451
|switch|p1a: Basculegion|Basculegion, L50, M|100/100
|-terastallize|p2b: Primarina|Ice
|move|p2a: Tsareena|Bullet Seed|p2b: Primarina
|-damage|p2b: Primarina|83/100
|-damage|p2b: Primarina|68/100
|-damage|p2b: Primarina|49/100
|-hitcount|p2b: Primarina|3
|move|p1b: Rillaboom|Wood Hammer|p2b: Primarina
|-damage|p2b: Primarina|0 fnt
|faint|p2b: Primarina
|-damage|p1b: Rillaboom|87/100|[from] Recoil
|
|-heal|p1b: Rillaboom|93/100|[from] Grassy Terrain
|upkeep
|
|t:|1756483467
|switch|p2b: Malamar|Malamar, L50, F|100/100
|turn|2
|
|t:|1756483481
|-terastallize|p1a: Basculegion|Fighting
|move|p1a: Basculegion|Tera Blast|p2a: Tsareena|[anim] Tera Blast Fighting
|-damage|p2a: Tsareena|48/100
|move|p2a: Tsareena|U-turn|p1b: Rillaboom
|-supereffective|p1b: Rillaboom
|-damage|p1b: Rillaboom|57/100
|
|t:|1756483492
|switch|p2a: Volcarona|Volcarona, L50, M|100/100|[from] U-turn
|move|p1b: Rillaboom|Wood Hammer|p2b: Malamar
|-damage|p2b: Malamar|7/100
|-enditem|p2b: Malamar|Sitrus Berry|[eat]
|-heal|p2b: Malamar|32/100|[from] item: Sitrus Berry
|-damage|p1b: Rillaboom|30/100|[from] Recoil
|move|p2b: Malamar|Knock Off|p1a: Basculegion
|-resisted|p1a: Basculegion
|-damage|p1a: Basculegion|79/100
|-enditem|p1a: Basculegion|Choice Scarf|[from] move: Knock Off|[of] p2b: Malamar
|
|-heal|p1a: Basculegion|85/100|[from] Grassy Terrain
|-heal|p1b: Rillaboom|36/100|[from] Grassy Terrain
|-heal|p2b: Malamar|38/100|[from] Grassy Terrain
|upkeep
|turn|3
|inactive|ThunDragon67 has 30 seconds left.
|
|t:|1756483520
|move|p2b: Malamar|Protect|p2b: Malamar
|-singleturn|p2b: Malamar|Protect
|move|p1b: Rillaboom|Grassy Glide|p2b: Malamar
|-activate|p2b: Malamar|move: Protect
|move|p2a: Volcarona|Quiver Dance|p2a: Volcarona
|-boost|p2a: Volcarona|spa|1
|-boost|p2a: Volcarona|spd|1
|-boost|p2a: Volcarona|spe|1
|move|p1a: Basculegion|Wave Crash|p2a: Volcarona
|-supereffective|p2a: Volcarona
|-damage|p2a: Volcarona|0 fnt
|-status|p1a: Basculegion|brn|[from] ability: Flame Body|[of] p2a: Volcarona
|faint|p2a: Volcarona
|-damage|p1a: Basculegion|54/100 brn|[from] Recoil
|
|-heal|p1a: Basculegion|60/100 brn|[from] Grassy Terrain
|-heal|p1b: Rillaboom|42/100|[from] Grassy Terrain
|-heal|p2b: Malamar|44/100|[from] Grassy Terrain
|-damage|p1a: Basculegion|54/100 brn|[from] brn
|upkeep
|
|t:|1756483538
|switch|p2a: Tsareena|Tsareena, L50, F|48/100
|turn|4
|
|t:|1756483554
|move|p1a: Basculegion|Wave Crash|p2b: Malamar
|-damage|p2b: Malamar|11/100
|-damage|p1a: Basculegion|44/100 brn|[from] Recoil
|move|p2a: Tsareena|U-turn|p1b: Rillaboom
|-supereffective|p1b: Rillaboom
|-damage|p1b: Rillaboom|6/100
|move|p1b: Rillaboom|Wood Hammer|p2b: Malamar
|-damage|p2b: Malamar|0 fnt
|faint|p2b: Malamar
|-damage|p1b: Rillaboom|3/100|[from] Recoil
|
|-heal|p1a: Basculegion|50/100 brn|[from] Grassy Terrain
|-heal|p2a: Tsareena|54/100|[from] Grassy Terrain
|-heal|p1b: Rillaboom|9/100|[from] Grassy Terrain
|-damage|p1a: Basculegion|44/100 brn|[from] brn
|upkeep
|turn|5
|inactive|ThunDragon67 has 30 seconds left.
|
|t:|1756483586
|move|p2a: Tsareena|Protect|p2a: Tsareena
|-singleturn|p2a: Tsareena|Protect
|move|p1a: Basculegion|Tera Blast|p2a: Tsareena|[anim] Tera Blast Fighting
|-activate|p2a: Tsareena|move: Protect
|move|p1b: Rillaboom|Wood Hammer|p2a: Tsareena
|-activate|p2a: Tsareena|move: Protect
|
|-heal|p1a: Basculegion|50/100 brn|[from] Grassy Terrain
|-heal|p2a: Tsareena|60/100|[from] Grassy Terrain
|-heal|p1b: Rillaboom|15/100|[from] Grassy Terrain
|-damage|p1a: Basculegion|44/100 brn|[from] brn
|-fieldend|move: Grassy Terrain
|upkeep
|turn|6
|
|t:|1756483599
|move|p2a: Tsareena|Protect||[still]
|-fail|p2a: Tsareena
|move|p1a: Basculegion|Tera Blast|p2a: Tsareena|[anim] Tera Blast Fighting
|-damage|p2a: Tsareena|37/100
|move|p1b: Rillaboom|Wood Hammer|p2a: Tsareena
|-resisted|p2a: Tsareena
|-damage|p2a: Tsareena|7/100
|-damage|p1b: Rillaboom|0 fnt|[from] item: Rocky Helmet|[of] p2a: Tsareena
|faint|p1b: Rillaboom
|
|-damage|p1a: Basculegion|38/100 brn|[from] brn
|upkeep
|
|t:|1756483603
|switch|p1b: Kingambit|Kingambit, L50, M|100/100
|turn|7
|
|t:|1756483624
|move|p1a: Basculegion|Tera Blast|p2a: Tsareena|[anim] Tera Blast Fighting
|-damage|p2a: Tsareena|0 fnt
|faint|p2a: Tsareena
|
|win|Maybe ALTcom
||ThunDragon67 is ready for game 2.
|inactive|Maybe ALTcom has 30 seconds to confirm battle start!
|inactive|Maybe ALTcom has 19 seconds to confirm battle start!
||Maybe ALTcom is ready for game 2.
|uhtml|next|Next: Game 2 of 3
|l|‽Maybe ALTcom
|player|p1|
