|j|☆SunshineTufo
|j|☆teyvgc
|html|SunshineTufoteyvgc    
|uhtml|bestof|Game 3 of a best-of-3
|t:|1785264405
|gametype|doubles
|player|p1|SunshineTufo|li|1175
|player|p2|teyvgc|rood|1263
|gen|9
|tier|[Gen 9 Champions] VGC 2026 Reg M-B (Bo3)
|rated|
|rule|Species Clause: Limit one of each Pokémon
|rule|Item Clause: Limit 1 of each item
|clearpoke
|poke|p1|Espathra, L50, M, shiny|
|poke|p1|Charizard, L50, M, shiny|
|poke|p1|Garchomp, L50, M, shiny|
|poke|p1|Aerodactyl, L50, M, shiny|
|poke|p1|Tsareena, L50, F|
|poke|p1|Milotic, L50, M|
|poke|p2|Kingambit, L50, F|
|poke|p2|Garchomp, L50, F|
|poke|p2|Farigiraf, L50, F|
|poke|p2|Charizard, L50, M|
|poke|p2|Sylveon, L50, F|
|poke|p2|Aerodactyl, L50, M|
|teampreview|4
|showteam|p1|Espathra||FocusSash|SpeedBoost|LuminaCrash,SkillSwap,Protect|Modest||M|||50|]Charizard||CharizarditeY|SolarPower|HeatWave,WeatherBall,SolarBeam,Protect|Modest||M|||50|]Garchomp||LifeOrb|RoughSkin|Protect,RockSlide,DragonClaw,Earthquake|Adamant||M|||50|]Aerodactyl||Aerodactylite|Unnerve|WideGuard,RockSlide,DualWingbeat,Tailwind|Jolly||M|||50|]Tsareena||WideLens|QueenlyMajesty|TripleAxel,TropKick,Taunt,Protect|Adamant||F|||50|]Milotic||Leftovers|Competitive|Scald,IceBeam,Recover,Protect|Calm||M|||50|
|showteam|p2|Kingambit||BlackGlasses|Defiant|Protect,IronHead,SuckerPunch,KowtowCleave|Brave||F|||50|]Garchomp||LifeOrb|RoughSkin|DragonClaw,Earthquake,RockSlide,Protect|Jolly||F|||50|]Farigiraf||SitrusBerry|ArmorTail|TwinBeam,Thunderbolt,TrickRoom,HelpingHand|Bold||F|||50|]Charizard||CharizarditeY|Blaze|Protect,HeatWave,SolarBeam,WeatherBall|Modest||M|||50|]Sylveon||FairyFeather|Pixilate|Detect,HyperBeam,HyperVoice,QuickAttack|Modest||F|||50|]Aerodactyl||Aerodactylite|Unnerve|WideGuard,RockSlide,DualWingbeat,Tailwind|Jolly||M|||50|
|inactive|Battle timer is ON: inactive players will automatically lose when time's up. (requested by SunshineTufo)
|inactive|teyvgc has 60 seconds left.
|
|t:|1785264444
|teamsize|p1|4
|teamsize|p2|4
|start
|switch|p1a: Aerodactyl|Aerodactyl, L50, M, shiny|100/100
|switch|p1b: Tsareena|Tsareena, L50, F|100/100
|switch|p2a: Obsession|Aerodactyl, L50, M|100/100
|switch|p2b: One Wish Willow|Sylveon, L50, F|100/100
|-ability|p1a: Aerodactyl|Unnerve
|-ability|p2a: Obsession|Unnerve
|turn|1
|
|t:|1785264473
|detailschange|p1a: Aerodactyl|Aerodactyl-Mega, L50, M, shiny
|-mega|p1a: Aerodactyl|Aerodactyl|Aerodactylite
|detailschange|p2a: Obsession|Aerodactyl-Mega, L50, M
|-mega|p2a: Obsession|Aerodactyl|Aerodactylite
|move|p1a: Aerodactyl|Tailwind|p1a: Aerodactyl
|-sidestart|p1: SunshineTufo|move: Tailwind
|move|p1b: Tsareena|Triple Axel|p2a: Obsession
|-supereffective|p2a: Obsession|1
|-damage|p2a: Obsession|84/100
|-supereffective|p2a: Obsession|1
|-damage|p2a: Obsession|55/100
|-supereffective|p2a: Obsession|1
|-damage|p2a: Obsession|12/100
|-hitcount|p2a: Obsession|3
|move|p2a: Obsession|Tailwind|p2a: Obsession
|-sidestart|p2: teyvgc|move: Tailwind
|move|p2b: One Wish Willow|Hyper Voice|p1b: Tsareena|[spread] p1a,p1b
|-damage|p1a: Aerodactyl|54/100
|-damage|p1b: Tsareena|42/100
|
|upkeep
|turn|2
|inactive|teyvgc has 30 seconds left.
|
|t:|1785264501
|switch|p2a: Bear|Kingambit, L50, F|100/100
|move|p1a: Aerodactyl|Rock Slide|p2a: Bear|[spread] p2a,p2b
|-resisted|p2a: Bear|1
|-damage|p2a: Bear|90/100
|-damage|p2b: One Wish Willow|74/100
|move|p1b: Tsareena|Trop Kick|p2b: One Wish Willow
|-damage|p2b: One Wish Willow|24/100
|-unboost|p2b: One Wish Willow|atk|1
|move|p2b: One Wish Willow|Hyper Voice|p1b: Tsareena|[spread] p1a,p1b
|-damage|p1a: Aerodactyl|2/100
|-damage|p1b: Tsareena|0 fnt
|faint|p1b: Tsareena
|
|upkeep
|
|t:|1785264508
|switch|p1b: Garchomp|Garchomp, L50, M, shiny|100/100
|turn|3
|
|t:|1785264530
|switch|p1a: Milotic|Milotic, L50, M|100/100
|switch|p2b: Ian|Garchomp, L50, F|100/100
|move|p2a: Bear|Sucker Punch||[still]
|-fail|p2a: Bear
|move|p1b: Garchomp|Earthquake|p2b: Ian|[spread] p1a,p2a,p2b
|-supereffective|p2a: Bear|1
|-damage|p1a: Milotic|55/100
|-damage|p2a: Bear|17/100
|-damage|p2b: Ian|51/100
|-damage|p1b: Garchomp|90/100|[from] item: Life Orb
|
|-heal|p1a: Milotic|61/100|[from] item: Leftovers
|upkeep
|turn|4
|inactive|teyvgc has 30 seconds left.
|inactive|SunshineTufo has 30 seconds left.
|inactive|teyvgc has 20 seconds left.
|
|t:|1785264569
|move|p2b: Ian|Protect|p2b: Ian
|-singleturn|p2b: Ian|Protect
|move|p1b: Garchomp|Dragon Claw|p2a: Bear
|-resisted|p2a: Bear|1
|-damage|p2a: Bear|0 fnt
|faint|p2a: Bear
|-damage|p1b: Garchomp|80/100|[from] item: Life Orb
|move|p1a: Milotic|Recover|p1a: Milotic
|-heal|p1a: Milotic|100/100
|
|-sideend|p2: teyvgc|move: Tailwind
|-sideend|p1: SunshineTufo|move: Tailwind
|upkeep
|inactive|teyvgc has 30 seconds left.
|
|t:|1785264597
|switch|p2a: Obsession|Aerodactyl-Mega, L50, M|12/100
|turn|5
|inactive|teyvgc has 30 seconds left.
|inactive|teyvgc has 20 seconds left.
|
|t:|1785264635
|move|p2b: Ian|Protect|p2b: Ian
|-singleturn|p2b: Ian|Protect
|move|p2a: Obsession|Tailwind|p2a: Obsession
|-sidestart|p2: teyvgc|move: Tailwind
|move|p1b: Garchomp|Rock Slide|p2b: Ian|[spread] p2a
|-activate|p2b: Ian|move: Protect
|-supereffective|p2a: Obsession|1
|-damage|p2a: Obsession|0 fnt
|faint|p2a: Obsession
|-damage|p1b: Garchomp|71/100|[from] item: Life Orb
|move|p1a: Milotic|Ice Beam|p2b: Ian
|-activate|p2b: Ian|move: Protect
|
|upkeep
|
|t:|1785264646
|switch|p2a: One Wish Willow|Sylveon, L50, F|24/100
|turn|6
|
|t:|1785264657
|move|p1b: Garchomp|Protect|p1b: Garchomp
|-singleturn|p1b: Garchomp|Protect
|move|p2b: Ian|Dragon Claw|p1a: Milotic
|-damage|p1a: Milotic|53/100
|-damage|p2b: Ian|41/100|[from] item: Life Orb
|move|p2a: One Wish Willow|Hyper Voice|p1b: Garchomp|[spread] p1a
|-activate|p1b: Garchomp|move: Protect
|-damage|p1a: Milotic|20/100y
|move|p1a: Milotic|Ice Beam|p2b: Ian
|-supereffective|p2b: Ian|2
|-damage|p2b: Ian|0 fnt
|faint|p2b: Ian
|
|-heal|p1a: Milotic|26/100|[from] item: Leftovers
|upkeep
|turn|7
|
|t:|1785264670
|switch|p1b: Aerodactyl|Aerodactyl-Mega, L50, M, shiny|2/100
|move|p1a: Milotic|Protect|p1a: Milotic
|-singleturn|p1a: Milotic|Protect
|move|p2a: One Wish Willow|Hyper Voice|p1a: Milotic|[spread] p1b
|-activate|p1a: Milotic|move: Protect
|-damage|p1b: Aerodactyl|0 fnt
|faint|p1b: Aerodactyl
|
|-heal|p1a: Milotic|32/100|[from] item: Leftovers
|upkeep
|
|t:|1785264673
|switch|p1b: Garchomp|Garchomp, L50, M, shiny|71/100
|turn|8
|
|t:|1785264677
|move|p1b: Garchomp|Protect|p1b: Garchomp
|-singleturn|p1b: Garchomp|Protect
|move|p1a: Milotic|Protect||[still]
|-fail|p1a: Milotic
|move|p2a: One Wish Willow|Hyper Voice|p1b: Garchomp|[spread] p1a
|-activate|p1b: Garchomp|move: Protect
|-damage|p1a: Milotic|0 fnt
|faint|p1a: Milotic
|
|-sideend|p2: teyvgc|move: Tailwind
|upkeep
|turn|9
|
|t:|1785264680
|move|p1b: Garchomp|Earthquake|p2a: One Wish Willow
|-damage|p2a: One Wish Willow|0 fnt
|faint|p2a: One Wish Willow
|-damage|p1b: Garchomp|61/100|[from] item: Life Orb
|
|win|SunshineTufo
|raw|SunshineTufo's rating: 1175 → 1206(+31 for winning)
|raw|teyvgc's rating: 1263 → 1232(-31 for losing)
