|j|☆Basura2U
|j|☆blobbinno
|html|Basura2Ublobbinno    
|uhtml|bestof|Game 1 of a best-of-3
|t:|1757857230
|gametype|doubles
|player|p1|Basura2U|lucas|1098
|player|p2|blobbinno|169|1000
|gen|9
|tier|[Gen 9] VGC 2025 Reg H (Bo3)
|rated|
|rule|Species Clause: Limit one of each Pokémon
|rule|Item Clause: Limit 1 of each item
|clearpoke
|poke|p1|Tyranitar, L50, F|
|poke|p1|Garchomp, L50, M|
|poke|p1|Kilowattrel, L50, F|
|poke|p1|Incineroar, L50, F|
|poke|p1|Amoonguss, L50, F|
|poke|p1|Gholdengo, L50|
|poke|p2|Ursaluna-Bloodmoon, L50, M|
|poke|p2|Dragonite, L50, F|
|poke|p2|Rillaboom, L50, M|
|poke|p2|Maushold, L50|
|poke|p2|Annihilape, L50, F|
|poke|p2|Gholdengo, L50|
|teampreview|4
|showteam|p1|Tyranitar||AssaultVest|SandStream|RockSlide,KnockOff,LowKick,TeraBlast|||F|||50|,,,,,Flying]Garchomp||BrightPowder|SandVeil|Earthquake,StompingTantrum,DragonClaw,Protect|||M|||50|,,,,,Fire]Kilowattrel||FocusSash|Competitive|Tailwind,Discharge,AirSlash,VoltSwitch|||F|||50|,,,,,Ghost]Incineroar||SafetyGoggles|Intimidate|KnockOff,FlareBlitz,PartingShot,FakeOut|||F|||50|,,,,,Bug]Amoonguss||RockyHelmet|Regenerator|Spore,ClearSmog,RagePowder,PollenPuff|||F|||50|,,,,,Steel]Gholdengo||MetalCoat|GoodasGold|MakeItRain,NastyPlot,ShadowBall,Protect||||||50|,,,,,Steel
|showteam|p2|Ursaluna-Bloodmoon||AssaultVest|MindsEye|BloodMoon,VacuumWave,EarthPower,HyperVoice|||M|||50|,,,,,Water]Dragonite||LoadedDice|Multiscale|ScaleShot,Tailwind,Haze,Protect|||F|||50|,,,,,Fairy]Rillaboom||MiracleSeed|GrassySurge|GrassyGlide,WoodHammer,HighHorsepower,FakeOut|||M|||50|,,,,,Fire]Maushold||FocusSash|FriendGuard|SuperFang,BeatUp,FollowMe,Protect||||||50|,,,,,Ghost]Annihilape||SitrusBerry|Defiant|RageFist,DrainPunch,BulkUp,Protect|||F|||50|,,,,,Fire]Gholdengo||LifeOrb|GoodasGold|MakeItRain,ShadowBall,NastyPlot,Protect||||||50|,,,,,Water
|inactive|Battle timer is ON: inactive players will automatically lose when time's up. (requested by blobbinno)
|inactive|Basura2U has 60 seconds left.
|inactive|blobbinno has 60 seconds left.
|
|t:|1757857275
|teamsize|p1|4
|teamsize|p2|4
|start
|switch|p1a: Tyranitar|Tyranitar, L50, F|100/100
|switch|p1b: Garchomp|Garchomp, L50, M|100/100
|switch|p2a: Dragonite|Dragonite, L50, F|100/100
|switch|p2b: Annihilape|Annihilape, L50, F|100/100
|-weather|Sandstorm|[from] ability: Sand Stream|[of] p1a: Tyranitar
|turn|1
|inactive|Basura2U has 30 seconds left.
|inactive|Basura2U has 20 seconds left.
|inactive|Basura2U has 15 seconds left.
|inactive|Basura2U has 10 seconds left.
|
|t:|1757857324
|switch|p1a: Kilowattrel|Kilowattrel, L50, F|100/100
|-terastallize|p1b: Garchomp|Fire
|-terastallize|p2a: Dragonite|Fairy
|move|p1b: Garchomp|Stomping Tantrum|p2b: Annihilape
|-crit|p2b: Annihilape
|-damage|p2b: Annihilape|41/100
|-enditem|p2b: Annihilape|Sitrus Berry|[eat]
|-heal|p2b: Annihilape|66/100|[from] item: Sitrus Berry
|move|p2b: Annihilape|Bulk Up|p2b: Annihilape
|-boost|p2b: Annihilape|atk|1
|-boost|p2b: Annihilape|def|1
|move|p2a: Dragonite|Tailwind|p2a: Dragonite
|-sidestart|p2: blobbinno|move: Tailwind
|
|-weather|Sandstorm|[upkeep]
|-damage|p2b: Annihilape|60/100|[from] Sandstorm
|-damage|p2a: Dragonite|94/100|[from] Sandstorm
|-damage|p1a: Kilowattrel|94/100|[from] Sandstorm
|upkeep
|turn|2
|inactive|Basura2U has 30 seconds left.
|inactive|blobbinno has 30 seconds left.
|inactive|blobbinno has 20 seconds left.
|inactive|Basura2U has 20 seconds left.
|
|t:|1757857369
|switch|p2a: Rillaboom|Rillaboom, L50, M|100/100
|-fieldstart|move: Grassy Terrain|[from] ability: Grassy Surge|[of] p2a: Rillaboom
|move|p1b: Garchomp|Protect|p1b: Garchomp
|-singleturn|p1b: Garchomp|Protect
|move|p2b: Annihilape|Rage Fist|p1a: Kilowattrel
|-damage|p1a: Kilowattrel|0 fnt
|faint|p1a: Kilowattrel
|
|-weather|Sandstorm|[upkeep]
|-damage|p2b: Annihilape|54/100|[from] Sandstorm
|-damage|p2a: Rillaboom|94/100|[from] Sandstorm
|-heal|p2b: Annihilape|60/100|[from] Grassy Terrain
|-heal|p2a: Rillaboom|100/100|[from] Grassy Terrain
|upkeep
|
|t:|1757857381
|switch|p1a: Amoonguss|Amoonguss, L50, F|100/100
|turn|3
|
|t:|1757857396
|move|p2b: Annihilape|Rage Fist|p1a: Amoonguss
|-damage|p1a: Amoonguss|57/100
|-damage|p2b: Annihilape|44/100|[from] item: Rocky Helmet|[of] p1a: Amoonguss
|move|p2a: Rillaboom|Wood Hammer|p1a: Amoonguss
|-resisted|p1a: Amoonguss
|-damage|p1a: Amoonguss|37/100
|-damage|p2a: Rillaboom|84/100|[from] item: Rocky Helmet|[of] p1a: Amoonguss
|-damage|p2a: Rillaboom|76/100|[from] Recoil
|move|p1b: Garchomp|Dragon Claw|p2a: Rillaboom
|-damage|p2a: Rillaboom|32/100
|move|p1a: Amoonguss|Spore|p2b: Annihilape
|-status|p2b: Annihilape|slp|[from] move: Spore
|
|-weather|Sandstorm|[upkeep]
|-damage|p2b: Annihilape|38/100 slp|[from] Sandstorm
|-damage|p2a: Rillaboom|25/100|[from] Sandstorm
|-damage|p1a: Amoonguss|32/100|[from] Sandstorm
|-heal|p2b: Annihilape|44/100 slp|[from] Grassy Terrain
|-heal|p2a: Rillaboom|32/100|[from] Grassy Terrain
|-heal|p1a: Amoonguss|37/100|[from] Grassy Terrain
|upkeep
|turn|4
|inactive|blobbinno has 30 seconds left.
|
|t:|1757857428
|switch|p1a: Tyranitar|Tyranitar, L50, F|100/100
|cant|p2b: Annihilape|slp
|move|p2a: Rillaboom|High Horsepower|p1b: Garchomp
|-supereffective|p1b: Garchomp
|-damage|p1b: Garchomp|32/100
|move|p1b: Garchomp|Dragon Claw|p2a: Rillaboom
|-damage|p2a: Rillaboom|0 fnt
|faint|p2a: Rillaboom
|
|-weather|Sandstorm|[upkeep]
|-damage|p2b: Annihilape|38/100 slp|[from] Sandstorm
|-heal|p2b: Annihilape|44/100 slp|[from] Grassy Terrain
|-heal|p1b: Garchomp|38/100|[from] Grassy Terrain
|-sideend|p2: blobbinno|move: Tailwind
|upkeep
|
|t:|1757857442
|switch|p2a: Dragonite|Dragonite, L50, F, tera:Fairy|94/100
|turn|5
|
|t:|1757857463
|switch|p1a: Amoonguss|Amoonguss, L50, F|71/100
|move|p1b: Garchomp|Stomping Tantrum|p2b: Annihilape
|-damage|p2b: Annihilape|17/100 slp
|cant|p2b: Annihilape|slp
|move|p2a: Dragonite|Tailwind|p2a: Dragonite
|-sidestart|p2: blobbinno|move: Tailwind
|
|-weather|none
|-heal|p2b: Annihilape|23/100 slp|[from] Grassy Terrain
|-heal|p2a: Dragonite|100/100|[from] Grassy Terrain
|-heal|p1b: Garchomp|44/100|[from] Grassy Terrain
|-heal|p1a: Amoonguss|77/100|[from] Grassy Terrain
|upkeep
|turn|6
|inactive|Basura2U has 30 seconds left.
|inactive|Basura2U has 20 seconds left.
|inactive|blobbinno has 30 seconds left.
|inactive|Basura2U has 15 seconds left.
|
|t:|1757857506
|switch|p1a: Tyranitar|Tyranitar, L50, F|100/100
|-weather|Sandstorm|[from] ability: Sand Stream|[of] p1a: Tyranitar
|cant|p2b: Annihilape|slp
|move|p2a: Dragonite|Scale Shot|p1a: Tyranitar
|-damage|p1a: Tyranitar|89/100
|-damage|p1a: Tyranitar|78/100
|-damage|p1a: Tyranitar|67/100
|-damage|p1a: Tyranitar|57/100
|-damage|p1a: Tyranitar|45/100
|-hitcount|p1a: Tyranitar|5
|-unboost|p2a: Dragonite|def|1
|-boost|p2a: Dragonite|spe|1
|move|p1b: Garchomp|Dragon Claw|p2b: Annihilape
|-damage|p2b: Annihilape|0 fnt
|faint|p2b: Annihilape
|
|-weather|Sandstorm|[upkeep]
|-damage|p2a: Dragonite|94/100|[from] Sandstorm
|-heal|p2a: Dragonite|100/100|[from] Grassy Terrain
|-heal|p1b: Garchomp|50/100|[from] Grassy Terrain
|-heal|p1a: Tyranitar|51/100|[from] Grassy Terrain
|-fieldend|move: Grassy Terrain
|upkeep
|
|t:|1757857522
|switch|p2b: Ursaluna|Ursaluna-Bloodmoon, L50, M|100/100
|turn|7
|inactive|Basura2U has 30 seconds left.
|
|t:|1757857548
|move|p1b: Garchomp|Protect|p1b: Garchomp
|-singleturn|p1b: Garchomp|Protect
|move|p2a: Dragonite|Scale Shot|p1a: Tyranitar
|-damage|p1a: Tyranitar|40/100
|-damage|p1a: Tyranitar|28/100
|-damage|p1a: Tyranitar|16/100
|-damage|p1a: Tyranitar|6/100
|-damage|p1a: Tyranitar|0 fnt
|faint|p1a: Tyranitar
|-hitcount|p1: Tyranitar|5
|-unboost|p2a: Dragonite|def|1
|-boost|p2a: Dragonite|spe|1
|move|p2b: Ursaluna|Earth Power|p1b: Garchomp
|-activate|p1b: Garchomp|move: Protect
|
|-weather|Sandstorm|[upkeep]
|-damage|p2a: Dragonite|94/100|[from] Sandstorm
|upkeep
|
|t:|1757857558
|switch|p1a: Amoonguss|Amoonguss, L50, F|100/100
|turn|8
|
|t:|1757857570
|move|p2a: Dragonite|Scale Shot|p1a: Amoonguss
|-crit|p1a: Amoonguss
|-damage|p1a: Amoonguss|82/100
|-damage|p1a: Amoonguss|71/100
|-damage|p1a: Amoonguss|60/100
|-damage|p1a: Amoonguss|49/100
|-damage|p1a: Amoonguss|38/100
|-hitcount|p1a: Amoonguss|5
|-unboost|p2a: Dragonite|def|1
|-boost|p2a: Dragonite|spe|1
|move|p1b: Garchomp|Earthquake|p2b: Ursaluna|[spread] p1a,p2a,p2b
|-damage|p1a: Amoonguss|9/100
|-damage|p2a: Dragonite|0 fnt
|-damage|p2b: Ursaluna|74/100
|faint|p2a: Dragonite
|move|p2b: Ursaluna|Blood Moon|p1a: Amoonguss
|-damage|p1a: Amoonguss|0 fnt
|faint|p1a: Amoonguss
|
|-weather|Sandstorm|[upkeep]
|-sideend|p2: blobbinno|move: Tailwind
|upkeep
|turn|9
|
|t:|1757857594
|move|p1b: Garchomp|Earthquake|p2b: Ursaluna
|-damage|p2b: Ursaluna|35/100
|move|p2b: Ursaluna|Earth Power|p1b: Garchomp|[miss]
|-miss|p2b: Ursaluna|p1b: Garchomp
|
|-weather|Sandstorm|[upkeep]
|upkeep
|turn|10
|
|t:|1757857602
|move|p1b: Garchomp|Earthquake|p2b: Ursaluna
|-damage|p2b: Ursaluna|0 fnt
|faint|p2b: Ursaluna
|
|win|Basura2U
||blobbinno is ready for game 2.
||Basura2U is ready for game 2.
|uhtml|next|Next: Game 2 of 3
