|j|☆okdnwsvoajfdbioj
|j|☆Mad07maxi
|html|okdnwsvoajfdbiojMad07maxi    
|uhtml|bestof|Game 1 of a best-of-3
|t:|1757914488
|gametype|doubles
|player|p1|okdnwsvoajfdbioj|102|1040
|player|p2|Mad07maxi|archer|1093
|gen|9
|tier|[Gen 9] VGC 2025 Reg H (Bo3)
|rated|
|rule|Species Clause: Limit one of each Pokémon
|rule|Item Clause: Limit 1 of each item
|clearpoke
|poke|p1|Meowstic, L50, M|
|poke|p1|Meowscarada, L50, M|
|poke|p1|Ninetales-Alola, L50, F|
|poke|p1|Baxcalibur, L50, F|
|poke|p1|Incineroar, L50, F|
|poke|p1|Braviary-Hisui, L50, M|
|poke|p2|Amoonguss, L50, F|
|poke|p2|Incineroar, L50, F|
|poke|p2|Gholdengo, L50|
|poke|p2|Archaludon, L50, F|
|poke|p2|Pelipper, L50, M|
|poke|p2|Basculegion, L50, M|
|teampreview|4
|showteam|p1|Meowstic||MentalHerb|Prankster|Gravity,FakeOut,SkillSwap,Psychic|||M|||50|,,,,,Ghost]Meowscarada||FocusSash|Protean|TripleAxel,FlowerTrick,KnockOff,Protect|||M|||50|,,,,,Dark]Ninetales-Alola||CovertCloak|SnowWarning|AuroraVeil,Hypnosis,IcyWind,Protect|||F|||50|,,,,,Water]Baxcalibur||ClearAmulet|ThermalExchange|GlaiveRush,Protect,HighHorsepower,SwordsDance|||F|||50|,,,,,Ground]Incineroar||AssaultVest|Intimidate|FlareBlitz,KnockOff,Uturn,FakeOut|||F|||50|,,,,,Dragon]Braviary-Hisui||LifeOrb|SheerForce|Hurricane,Psychic,Protect,HeatWave|||M|||50|,,,,,Fire
|showteam|p2|Amoonguss||SitrusBerry|Regenerator|PollenPuff,Spore,Protect,RagePowder|||F|||50|,,,,,Fairy]Incineroar||SafetyGoggles|Intimidate|FakeOut,FlareBlitz,PartingShot,KnockOff|||F|||50|,,,,,Ghost]Gholdengo||ChoiceScarf|GoodasGold|MakeItRain,Protect,Trick,ShadowBall||||||50|,,,,,Water]Archaludon||AssaultVest|Stamina|DracoMeteor,ElectroShot,FlashCannon,BodyPress|||F|||50|,,,,,Fairy]Pelipper||FocusSash|Drizzle|Hurricane,Tailwind,Protect,MuddyWater|||M|||50|,,,,,Ground]Basculegion||ChoiceBand|SwiftSwim|Liquidation,AquaJet,FlipTurn,LastRespects|||M|||50|,,,,,Grass
|
|t:|1757914522
|teamsize|p1|4
|teamsize|p2|4
|start
|switch|p1a: Meowstic|Meowstic, L50, M|100/100
|switch|p1b: Ninetales|Ninetales-Alola, L50, F|100/100
|switch|p2a: Pelipper|Pelipper, L50, M, shiny|100/100
|switch|p2b: Amoonguss|Amoonguss, L50, F, shiny|100/100
|-weather|Snowscape|[from] ability: Snow Warning|[of] p1b: Ninetales
|-weather|RainDance|[from] ability: Drizzle|[of] p2a: Pelipper
|turn|1
|
|t:|1757914546
|move|p1b: Ninetales|Protect|p1b: Ninetales
|-singleturn|p1b: Ninetales|Protect
|move|p2b: Amoonguss|Protect|p2b: Amoonguss
|-singleturn|p2b: Amoonguss|Protect
|move|p1a: Meowstic|Gravity|p1a: Meowstic
|-fieldstart|move: Gravity
|move|p2a: Pelipper|Tailwind|p2a: Pelipper
|-sidestart|p2: Mad07maxi|move: Tailwind
|
|-weather|RainDance|[upkeep]
|upkeep
|turn|2
|
|t:|1757914601
|switch|p2b: Incineroar|Incineroar, L50, F, shiny|100/100
|-ability|p2b: Incineroar|Intimidate|boost
|-unboost|p1a: Meowstic|atk|1
|-unboost|p1b: Ninetales|atk|1
|move|p2a: Pelipper|Hurricane|p1a: Meowstic
|-damage|p1a: Meowstic|51/100
|move|p1b: Ninetales|Hypnosis|p2b: Incineroar
|-status|p2b: Incineroar|slp|[from] move: Hypnosis
|move|p1a: Meowstic|Psychic|p2b: Incineroar
|-immune|p2b: Incineroar
|
|-weather|RainDance|[upkeep]
|upkeep
|turn|3
|
|t:|1757914637
|move|p1a: Meowstic|Skill Swap|p1b: Ninetales
|-activate|p1a: Meowstic|move: Skill Swap|||[of] p1b: Ninetales
|-weather|Snowscape|[from] ability: Snow Warning|[of] p1a: Meowstic
|move|p1b: Ninetales|Aurora Veil|p1b: Ninetales
|-sidestart|p1: okdnwsvoajfdbioj|move: Aurora Veil
|move|p2a: Pelipper|Muddy Water|p1a: Meowstic|[spread] p1a,p1b
|-damage|p1a: Meowstic|29/100
|-damage|p1b: Ninetales|81/100
|cant|p2b: Incineroar|slp
|
|-weather|Snowscape|[upkeep]
|upkeep
|turn|4
|
|t:|1757914672
|switch|p1a: Baxcalibur|Baxcalibur, L50, F|100/100
|move|p1b: Ninetales|Hypnosis|p2a: Pelipper
|-status|p2a: Pelipper|slp|[from] move: Hypnosis
|cant|p2a: Pelipper|slp
|-curestatus|p2b: Incineroar|slp|[msg]
|move|p2b: Incineroar|Knock Off|p1b: Ninetales
|-resisted|p1b: Ninetales
|-damage|p1b: Ninetales|69/100
|-enditem|p1b: Ninetales|Covert Cloak|[from] move: Knock Off|[of] p2b: Incineroar
|
|-weather|Snowscape|[upkeep]
|-sideend|p2: Mad07maxi|move: Tailwind
|upkeep
|turn|5
|
|t:|1757914709
|switch|p1b: Meowstic|Meowstic, L50, M|29/100
|switch|p2b: Archaludon|Archaludon, L50, F, shiny|100/100
|move|p1a: Baxcalibur|Swords Dance|p1a: Baxcalibur
|-boost|p1a: Baxcalibur|atk|2
|-curestatus|p2a: Pelipper|slp|[msg]
|move|p2a: Pelipper|Tailwind|p2a: Pelipper
|-sidestart|p2: Mad07maxi|move: Tailwind
|
|-weather|Snowscape|[upkeep]
|-fieldend|move: Gravity
|upkeep
|turn|6
|
|t:|1757914729
|-terastallize|p1a: Baxcalibur|Ground
|move|p1b: Meowstic|Fake Out|p2a: Pelipper
|-damage|p2a: Pelipper|94/100
|cant|p2a: Pelipper|flinch
|move|p2b: Archaludon|Draco Meteor|p1a: Baxcalibur
|-damage|p1a: Baxcalibur|51/100
|-unboost|p2b: Archaludon|spa|2
|move|p1a: Baxcalibur|High Horsepower|p2b: Archaludon
|-supereffective|p2b: Archaludon
|-damage|p2b: Archaludon|0 fnt
|faint|p2b: Archaludon
|
|-weather|Snowscape|[upkeep]
|upkeep
|
|t:|1757914744
|switch|p2b: Incineroar|Incineroar, L50, F, shiny|100/100
|-ability|p2b: Incineroar|Intimidate|boost
|-fail|p1a: Baxcalibur|unboost|[from] item: Clear Amulet|[of] p1a: Baxcalibur
|-unboost|p1b: Meowstic|atk|1
|turn|7
|
|t:|1757914761
|move|p1a: Baxcalibur|Protect|p1a: Baxcalibur
|-singleturn|p1a: Baxcalibur|Protect
|move|p1b: Meowstic|Gravity|p1b: Meowstic
|-fieldstart|move: Gravity
|move|p2a: Pelipper|Muddy Water|p1b: Meowstic|[spread] p1b
|-activate|p1a: Baxcalibur|move: Protect
|-damage|p1b: Meowstic|9/100
|move|p2b: Incineroar|Knock Off|p1b: Meowstic
|-supereffective|p1b: Meowstic
|-damage|p1b: Meowstic|0 fnt
|-enditem|p1b: Meowstic|Mental Herb|[from] move: Knock Off|[of] p2b: Incineroar
|faint|p1b: Meowstic
|
|-weather|none
|-sideend|p1: okdnwsvoajfdbioj|move: Aurora Veil
|upkeep
|
|t:|1757914777
|switch|p1b: Ninetales|Ninetales-Alola, L50, F|69/100
|-weather|Snowscape|[from] ability: Snow Warning|[of] p1b: Ninetales
|turn|8
|
|t:|1757914808
|switch|p1a: Meowscarada|Meowscarada, L50, M|100/100
|move|p2a: Pelipper|Muddy Water|p1b: Ninetales|[spread] p1a,p1b
|-resisted|p1a: Meowscarada
|-damage|p1a: Meowscarada|79/100
|-damage|p1b: Ninetales|42/100
|-unboost|p1a: Meowscarada|accuracy|1
|move|p1b: Ninetales|Hypnosis|p2b: Incineroar
|-status|p2b: Incineroar|slp|[from] move: Hypnosis
|cant|p2b: Incineroar|slp
|
|-weather|Snowscape|[upkeep]
|-sideend|p2: Mad07maxi|move: Tailwind
|upkeep
|turn|9
|
|t:|1757914848
|switch|p1b: Baxcalibur|Baxcalibur, L50, F, tera:Ground|51/100
|switch|p2b: Amoonguss|Amoonguss, L50, F, shiny|100/100
|move|p2a: Pelipper|Protect|p2a: Pelipper
|-singleturn|p2a: Pelipper|Protect
|move|p1a: Meowscarada|Flower Trick|p2a: Pelipper
|-start|p1a: Meowscarada|typechange|Grass|[from] ability: Protean
|-activate|p2a: Pelipper|move: Protect
|
|-weather|Snowscape|[upkeep]
|upkeep
|turn|10
|
|t:|1757914891
|move|p2b: Amoonguss|Rage Powder|p2b: Amoonguss
|-singleturn|p2b: Amoonguss|move: Rage Powder
|move|p1a: Meowscarada|Flower Trick|p2a: Pelipper
|-crit|p2a: Pelipper
|-damage|p2a: Pelipper|32/100
|move|p1b: Baxcalibur|Glaive Rush|p2b: Amoonguss
|-damage|p2b: Amoonguss|39/100
|-singlemove|p1b: Baxcalibur|Glaive Rush|[silent]
|-enditem|p2b: Amoonguss|Sitrus Berry|[eat]
|-heal|p2b: Amoonguss|63/100|[from] item: Sitrus Berry
|move|p2a: Pelipper|Tailwind|p2a: Pelipper
|-sidestart|p2: Mad07maxi|move: Tailwind
|
|-weather|Snowscape|[upkeep]
|upkeep
|turn|11
|
|t:|1757914935
|move|p1b: Baxcalibur|Protect|p1b: Baxcalibur
|-singleturn|p1b: Baxcalibur|Protect
|move|p2a: Pelipper|Hurricane|p1a: Meowscarada
|-supereffective|p1a: Meowscarada
|-damage|p1a: Meowscarada|0 fnt
|faint|p1a: Meowscarada
|move|p2b: Amoonguss|Pollen Puff|p2a: Pelipper
|-heal|p2a: Pelipper|81/100
|
|-weather|Snowscape|[upkeep]
|-fieldend|move: Gravity
|upkeep
|
|t:|1757914945
|switch|p1a: Ninetales|Ninetales-Alola, L50, F|42/100
|turn|12
|
|t:|1757914957
|switch|p2b: Incineroar|Incineroar, L50, F, shiny|100/100 slp
|-ability|p2b: Incineroar|Intimidate|boost
|-unboost|p1a: Ninetales|atk|1
|-fail|p1b: Baxcalibur|unboost|[from] item: Clear Amulet|[of] p1b: Baxcalibur
|move|p2a: Pelipper|Muddy Water|p1a: Ninetales|[spread] p1a,p1b
|-supereffective|p1b: Baxcalibur
|-damage|p1a: Ninetales|14/100
|-damage|p1b: Baxcalibur|0 fnt
|-unboost|p1a: Ninetales|accuracy|1
|faint|p1b: Baxcalibur
|move|p1a: Ninetales|Icy Wind|p2b: Incineroar|[spread] p2b
|-miss|p1a: Ninetales|p2a: Pelipper
|-resisted|p2b: Incineroar
|-damage|p2b: Incineroar|96/100 slp
|-unboost|p2b: Incineroar|spe|1
|
|-weather|none
|upkeep
|turn|13
|-message|okdnwsvoajfdbioj forfeited.
|
|win|Mad07maxi
||okdnwsvoajfdbioj is ready for game 2.
|l|☆Mad07maxi
|player|p2|
|inactive|Mad07maxi has 30 seconds to confirm battle start!
|inactive|Mad07maxi has 20 seconds to confirm battle start!
|inactive|Mad07maxi has 10 seconds to confirm battle start!
|uhtml|next|Next: Game 2 of 3
