|j|☆j.arch
|j|☆Kampfstube
|html|j.archKampfstube    
|uhtml|bestof|Game 1 of a best-of-3
|t:|1757652563
|gametype|doubles
|player|p1|j.arch|blue|1152
|player|p2|Kampfstube|n|1205
|gen|9
|tier|[Gen 9] VGC 2025 Reg H (Bo3)
|rated|
|rule|Species Clause: Limit one of each Pokémon
|rule|Item Clause: Limit 1 of each item
|clearpoke
|poke|p1|Annihilape, L50, M|
|poke|p1|Pelipper, L50, M|
|poke|p1|Archaludon, L50, M|
|poke|p1|Breloom, L50, F|
|poke|p1|Farigiraf, L50, F|
|poke|p1|Incineroar, L50, M|
|poke|p2|Grimmsnarl, L50, M|
|poke|p2|Volcarona, L50, F|
|poke|p2|Annihilape, L50, M|
|poke|p2|Ursaluna-Bloodmoon, L50, M|
|poke|p2|Sneasler, L50, M|
|poke|p2|Dragonite, L50, M|
|teampreview|4
|showteam|p1|Annihilape||ChoiceScarf|Defiant|Uturn,FinalGambit,DrainPunch,RageFist|||M|||50|,,,,,Poison]Pelipper||CovertCloak|Drizzle|Tailwind,Hurricane,WeatherBall,Protect|||M|||50|,,,,,Dark]Archaludon||AssaultVest|Stamina|DragonPulse,ElectroShot,BodyPress,FlashCannon|||M|||50|,,,,,Bug]Breloom||FocusSash|Technician|Spore,MachPunch,BulletSeed,SwordsDance|||F|||50|,,,,,Ghost]Farigiraf||ThroatSpray|ArmorTail|HyperVoice,Psychic,HelpingHand,TrickRoom|||F|||50|,,,,,Fairy]Incineroar||SitrusBerry|Intimidate|KnockOff,FakeOut,FlareBlitz,PartingShot|||M|||50|,,,,,Water
|showteam|p2|Grimmsnarl||CovertCloak|Prankster|SpiritBreak,LightScreen,Reflect,ThunderWave|||M|||50|,,,,,Steel]Volcarona||SitrusBerry|FlameBody|GigaDrain,QuiverDance,FieryDance,Protect|||F|||50|,,,,,Grass]Annihilape||SafetyGoggles|Defiant|BulkUp,DrainPunch,Protect,RageFist|||M|||50|,,,,,Fire]Ursaluna-Bloodmoon||AssaultVest|MindsEye|EarthPower,BloodMoon,HyperVoice,VacuumWave|||M|||50|,,,,,Water]Sneasler||FocusSash|Unburden|FakeOut,Coaching,CloseCombat,DireClaw|||M|||50|,,,,,Ghost]Dragonite||LoadedDice|Multiscale|ScaleShot,Protect,Haze,ExtremeSpeed|||M|||50|,,,,,Steel
|inactive|Battle timer is ON: inactive players will automatically lose when time's up. (requested by Kampfstube)
|inactive|j.arch has 60 seconds left.
|inactive|Kampfstube has 60 seconds left.
|
|t:|1757652617
|teamsize|p1|4
|teamsize|p2|4
|start
|switch|p1a: Annihilape|Annihilape, L50, M|100/100
|switch|p1b: Breloom|Breloom, L50, F|100/100
|switch|p2a: Grimmsnarl|Grimmsnarl, L50, M|100/100
|switch|p2b: Volcarona|Volcarona, L50, F, shiny|100/100
|turn|1
|inactive|Kampfstube has 30 seconds left.
|inactive|Kampfstube has 20 seconds left.
|inactive|Kampfstube has 15 seconds left.
|
|t:|1757652659
|move|p2b: Volcarona|Protect|p2b: Volcarona
|-singleturn|p2b: Volcarona|Protect
|move|p2a: Grimmsnarl|Thunder Wave|p1a: Annihilape
|-status|p1a: Annihilape|par
|move|p1b: Breloom|Spore|p2a: Grimmsnarl
|-status|p2a: Grimmsnarl|slp|[from] move: Spore
|move|p1a: Annihilape|U-turn|p2a: Grimmsnarl
|-damage|p2a: Grimmsnarl|80/100 slp
|
|t:|1757652671
|switch|p1a: Pelipper|Pelipper, L50, M|100/100|[from] U-turn
|-weather|RainDance|[from] ability: Drizzle|[of] p1a: Pelipper
|
|-weather|RainDance|[upkeep]
|upkeep
|turn|2
|inactive|Kampfstube has 30 seconds left.
|
|t:|1757652698
|-terastallize|p2b: Volcarona|Grass
|cant|p2a: Grimmsnarl|slp
|move|p1b: Breloom|Swords Dance|p1b: Breloom
|-boost|p1b: Breloom|atk|2
|move|p2b: Volcarona|Quiver Dance|p2b: Volcarona
|-boost|p2b: Volcarona|spa|1
|-boost|p2b: Volcarona|spd|1
|-boost|p2b: Volcarona|spe|1
|move|p1a: Pelipper|Tailwind|p1a: Pelipper
|-sidestart|p1: j.arch|move: Tailwind
|
|-weather|RainDance|[upkeep]
|upkeep
|turn|3
|
|t:|1757652722
|move|p2b: Volcarona|Protect|p2b: Volcarona
|-singleturn|p2b: Volcarona|Protect
|cant|p2a: Grimmsnarl|slp
|move|p1b: Breloom|Bullet Seed|p2a: Grimmsnarl
|-damage|p2a: Grimmsnarl|44/100 slp
|-damage|p2a: Grimmsnarl|6/100 slp
|-damage|p2a: Grimmsnarl|0 fnt
|faint|p2a: Grimmsnarl
|-hitcount|p2: Grimmsnarl|3
|move|p1a: Pelipper|Hurricane|p2b: Volcarona
|-activate|p2b: Volcarona|move: Protect
|
|-weather|RainDance|[upkeep]
|upkeep
|
|t:|1757652744
|switch|p2a: Sneasler|Sneasler, L50, M, shiny|100/100
|turn|4
|
|t:|1757652762
|switch|p2a: Annihilape|Annihilape, L50, M|100/100
|move|p1b: Breloom|Spore|p2a: Annihilape
|-activate|p2a: Annihilape|item: Safety Goggles|Spore
|move|p1a: Pelipper|Hurricane|p2b: Volcarona
|-supereffective|p2b: Volcarona
|-damage|p2b: Volcarona|49/100
|-enditem|p2b: Volcarona|Sitrus Berry|[eat]
|-heal|p2b: Volcarona|74/100|[from] item: Sitrus Berry
|move|p2b: Volcarona|Quiver Dance|p2b: Volcarona
|-boost|p2b: Volcarona|spa|1
|-boost|p2b: Volcarona|spd|1
|-boost|p2b: Volcarona|spe|1
|
|-weather|RainDance|[upkeep]
|upkeep
|turn|5
|inactive|j.arch has 30 seconds left.
|inactive|Kampfstube has 30 seconds left.
|
|t:|1757652792
|move|p2a: Annihilape|Protect|p2a: Annihilape
|-singleturn|p2a: Annihilape|Protect
|move|p1b: Breloom|Swords Dance|p1b: Breloom
|-boost|p1b: Breloom|atk|2
|move|p2b: Volcarona|Giga Drain|p1a: Pelipper
|-damage|p1a: Pelipper|6/100
|-heal|p2b: Volcarona|100/100|[from] drain|[of] p1a: Pelipper
|move|p1a: Pelipper|Hurricane|p2a: Annihilape
|-activate|p2a: Annihilape|move: Protect
|
|-weather|none
|-sideend|p1: j.arch|move: Tailwind
|upkeep
|turn|6
|inactive|j.arch has 30 seconds left.
|inactive|Kampfstube has 30 seconds left.
|
|t:|1757652824
|move|p1b: Breloom|Mach Punch|p2b: Volcarona
|-damage|p2b: Volcarona|8/100
|move|p2b: Volcarona|Fiery Dance|p1a: Pelipper
|-resisted|p1a: Pelipper
|-damage|p1a: Pelipper|0 fnt
|-boost|p2b: Volcarona|spa|1
|faint|p1a: Pelipper
|move|p2a: Annihilape|Rage Fist|p1b: Breloom
|-damage|p1b: Breloom|65/100
|
|upkeep
|
|t:|1757652844
|switch|p1a: Annihilape|Annihilape, L50, M|100/100 par
|turn|7
|
|t:|1757652863
|switch|p1a: Archaludon|Archaludon, L50, M|100/100
|move|p2b: Volcarona|Protect|p2b: Volcarona
|-singleturn|p2b: Volcarona|Protect
|move|p1b: Breloom|Mach Punch|p2b: Volcarona
|-activate|p2b: Volcarona|move: Protect
|move|p2a: Annihilape|Bulk Up|p2a: Annihilape
|-boost|p2a: Annihilape|atk|1
|-boost|p2a: Annihilape|def|1
|
|upkeep
|turn|8
|inactive|Kampfstube has 30 seconds left.
|
|t:|1757652890
|move|p1b: Breloom|Mach Punch|p2b: Volcarona
|-damage|p2b: Volcarona|0 fnt
|faint|p2b: Volcarona
|move|p2a: Annihilape|Drain Punch|p1b: Breloom
|-damage|p1b: Breloom|0 fnt
|faint|p1b: Breloom
|move|p1a: Archaludon|Dragon Pulse|p2a: Annihilape
|-damage|p2a: Annihilape|66/100
|
|upkeep
|
|t:|1757652901
|switch|p1b: Annihilape|Annihilape, L50, M|100/100 par
|switch|p2b: Sneasler|Sneasler, L50, M, shiny|100/100
|turn|9
|
|t:|1757652919
|-terastallize|p1a: Archaludon|Bug
|move|p2b: Sneasler|Coaching|p2a: Annihilape
|-boost|p2a: Annihilape|atk|1
|-boost|p2a: Annihilape|def|1
|move|p2a: Annihilape|Bulk Up|p2a: Annihilape
|-boost|p2a: Annihilape|atk|1
|-boost|p2a: Annihilape|def|1
|move|p1a: Archaludon|Dragon Pulse|p2a: Annihilape
|-damage|p2a: Annihilape|37/100
|cant|p1b: Annihilape|par
|
|upkeep
|turn|10
|inactive|Kampfstube has 30 seconds left.
|inactive|j.arch has 30 seconds left.
|
|t:|1757652957
|move|p2b: Sneasler|Dire Claw|p1a: Archaludon
|-damage|p1a: Archaludon|70/100
|-status|p1a: Archaludon|par
|-ability|p1a: Archaludon|Stamina|boost
|-boost|p1a: Archaludon|def|1
|move|p2a: Annihilape|Rage Fist|p1b: Annihilape
|-supereffective|p1b: Annihilape
|-damage|p1b: Annihilape|0 fnt
|faint|p1b: Annihilape
|move|p1a: Archaludon|Dragon Pulse|p2b: Sneasler
|-damage|p2b: Sneasler|48/100
|
|upkeep
|turn|11
|
|t:|1757652976
|move|p2b: Sneasler|Coaching|p2a: Annihilape
|-boost|p2a: Annihilape|atk|1
|-boost|p2a: Annihilape|def|1
|move|p2a: Annihilape|Rage Fist|p1a: Archaludon
|-damage|p1a: Archaludon|0 fnt
|faint|p1a: Archaludon
|
|win|Kampfstube
||Kampfstube is ready for game 2.
|l|☆j.arch
|player|p1|
||j.arch is ready for game 2.
|uhtml|next|Next: Game 2 of 3
