|j|☆Drunk express
|j|☆lux raymundi
|html|Drunk expresslux raymundi    
|uhtml|bestof|Game 2 of a best-of-3
|t:|1783650210
|gametype|doubles
|player|p1|Drunk express|169|1129
|player|p2|lux raymundi|265|1238
|gen|9
|tier|[Gen 9 Champions] VGC 2026 Reg M-B (Bo3)
|rated|
|rule|Species Clause: Limit one of each Pokémon
|rule|Item Clause: Limit 1 of each item
|clearpoke
|poke|p1|Chesnaught, L50, F|
|poke|p1|Whimsicott, L50, F|
|poke|p1|Tinkaton, L50, F|
|poke|p1|Raichu, L50, M|
|poke|p1|Pelipper, L50, M, shiny|
|poke|p1|Archaludon, L50, F|
|poke|p2|Charizard, L50, F|
|poke|p2|Incineroar, L50, F|
|poke|p2|Sylveon, L50, F|
|poke|p2|Farigiraf, L50, M|
|poke|p2|Garchomp, L50, F|
|poke|p2|Aerodactyl, L50, F|
|teampreview|4
|showteam|p1|Chesnaught||Chesnaughtite|Bulletproof|GrassyGlide,SpikyShield,DrainPunch,BellyDrum|Sassy||F|||50|]Whimsicott||CobaBerry|Prankster|Moonblast,Tailwind,GrassyTerrain,Encore|Bold||F|||50|]Tinkaton||QuickClaw|MoldBreaker|FakeOut,GigatonHammer,RockSlide,PlayRough|Jolly||F|||50|]Raichu||RaichuniteY|LightningRod|FakeOut,FocusBlast,ZapCannon,Protect|Timid||M|||50|]Pelipper||FocusSash|Drizzle|Tailwind,Hurricane,WeatherBall,WideGuard|Modest||M|||50|]Archaludon||ShucaBerry|Stalwart|ElectroShot,DracoMeteor,Protect,FlashCannon|Modest||F|||50|
|showteam|p2|Charizard||CharizarditeY|Blaze|HeatWave,WeatherBall,SolarBeam,Protect|Modest||F|||50|]Incineroar||Charcoal|Intimidate|FlareBlitz,DarkestLariat,FakeOut,PartingShot|Brave||F|||50|]Sylveon||FairyFeather|Pixilate|HyperVoice,HyperBeam,QuickAttack,Protect|Modest||F|||50|]Farigiraf||SitrusBerry|ArmorTail|Psyshock,HelpingHand,TrickRoom,Protect|Calm||M|||50|]Garchomp||LifeOrb|RoughSkin|Earthquake,Protect,DragonClaw,StompingTantrum|Jolly||F|||50|]Aerodactyl||FocusSash|Unnerve|RockSlide,Tailwind,WideGuard,Protect|Jolly||F|||50|
|
|t:|1783650256
|teamsize|p1|4
|teamsize|p2|4
|start
|switch|p1a: Raichu|Raichu, L50, M|100/100
|switch|p1b: Whimsicott|Whimsicott, L50, F|100/100
|switch|p2a: Aerodactyl|Aerodactyl, L50, F|100/100
|switch|p2b: Garchomp|Garchomp, L50, F|100/100
|-ability|p2a: Aerodactyl|Unnerve
|turn|1
|
|t:|1783650296
|detailschange|p1a: Raichu|Raichu-Mega-Y, L50, M
|-mega|p1a: Raichu|Raichu|Raichunite Y
|move|p1b: Whimsicott|Grassy Terrain|p1b: Whimsicott
|-fieldstart|move: Grassy Terrain
|move|p1a: Raichu|Zap Cannon|p2a: Aerodactyl
|-supereffective|p2a: Aerodactyl|1
|-enditem|p2a: Aerodactyl|Focus Sash
|-damage|p2a: Aerodactyl|1/100
|-status|p2a: Aerodactyl|par
|move|p2b: Garchomp|Stomping Tantrum|p1a: Raichu
|-supereffective|p1a: Raichu|1
|-damage|p1a: Raichu|0 fnt
|faint|p1a: Raichu
|-damage|p2b: Garchomp|90/100|[from] item: Life Orb
|cant|p2a: Aerodactyl|par
|
|-heal|p2b: Garchomp|96/100|[from] Grassy Terrain
|upkeep
|
|t:|1783650337
|switch|p1a: Archaludon|Archaludon, L50, F|100/100
|turn|2
|
|t:|1783650347
|switch|p2b: Sylveon|Sylveon, L50, F|100/100
|move|p1b: Whimsicott|Tailwind|p1b: Whimsicott
|-sidestart|p1: Drunk express|move: Tailwind
|move|p1a: Archaludon|Draco Meteor|p2b: Sylveon
|-immune|p2b: Sylveon
|move|p2a: Aerodactyl|Tailwind|p2a: Aerodactyl
|-sidestart|p2: lux raymundi|move: Tailwind
|
|upkeep
|turn|3
|
|t:|1783650387
|move|p1b: Whimsicott|Encore|p2a: Aerodactyl
|-start|p2a: Aerodactyl|Encore
|move|p1a: Archaludon|Flash Cannon|p2b: Sylveon
|-supereffective|p2b: Sylveon|1
|-damage|p2b: Sylveon|35/100
|move|p2a: Aerodactyl|Tailwind||[still]
|-fail|p2a: Aerodactyl
|move|p2b: Sylveon|Hyper Beam|p1a: Archaludon
|-damage|p1a: Archaludon|0 fnt
|-mustrecharge|p2b: Sylveon
|faint|p1a: Archaludon
|
|-heal|p2b: Sylveon|41/100|[from] Grassy Terrain
|upkeep
|
|t:|1783650392
|switch|p1a: Pelipper|Pelipper, L50, M, shiny|100/100
|-weather|RainDance|[from] ability: Drizzle|[of] p1a: Pelipper
|turn|4
|
|t:|1783650405
|move|p1b: Whimsicott|Moonblast|p2b: Sylveon
|-damage|p2b: Sylveon|22/100
|move|p2a: Aerodactyl|Tailwind||[still]
|-fail|p2a: Aerodactyl
|move|p1a: Pelipper|Weather Ball|p2b: Sylveon
|-damage|p2b: Sylveon|0 fnt
|faint|p2b: Sylveon
|
|-weather|RainDance|[upkeep]
|upkeep
|
|t:|1783650414
|switch|p2b: Charizard|Charizard, L50, F|100/100
|turn|5
|
|t:|1783650435
|detailschange|p2b: Charizard|Charizard-Mega-Y, L50, F
|-mega|p2b: Charizard|Charizard|Charizardite Y
|-weather|SunnyDay|[from] ability: Drought|[of] p2b: Charizard
|move|p1b: Whimsicott|Moonblast|p2b: Charizard
|-resisted|p2b: Charizard|1
|-damage|p2b: Charizard|88/100
|move|p2b: Charizard|Weather Ball|p1b: Whimsicott
|-supereffective|p1b: Whimsicott|1
|-damage|p1b: Whimsicott|0 fnt
|faint|p1b: Whimsicott
|move|p2a: Aerodactyl|Tailwind||[still]
|-fail|p2a: Aerodactyl
|move|p1a: Pelipper|Weather Ball|p2b: Charizard
|-resisted|p2b: Charizard|1
|-damage|p2b: Charizard|68/100
|
|-weather|SunnyDay|[upkeep]
|-end|p2a: Aerodactyl|Encore
|-sideend|p1: Drunk express|move: Tailwind
|-sideend|p2: lux raymundi|move: Tailwind
|-fieldend|move: Grassy Terrain
|upkeep
|turn|6
|-message|Drunk express forfeited.
|
|win|lux raymundi
|raw|Drunk express's rating: 1129 → 1112(-17 for losing)
|raw|lux raymundi's rating: 1238 → 1255(+17 for winning)
