|j|☆fastmanido
|j|☆dubbies
|html|fastmanidodubbies    
|uhtml|bestof|Game 1 of a best-of-3
|t:|1756654577
|gametype|doubles
|player|p1|fastmanido|lucas|1040
|player|p2|dubbies|hoopster|1054
|gen|9
|tier|[Gen 9] VGC 2025 Reg H (Bo3)
|rated|
|rule|Species Clause: Limit one of each Pokémon
|rule|Item Clause: Limit 1 of each item
|clearpoke
|poke|p1|Typhlosion-Hisui, L50, F|
|poke|p1|Whimsicott, L50, M|
|poke|p1|Dragapult, L50, F|
|poke|p1|Torkoal, L50, F|
|poke|p1|Lilligant-Hisui, L50, F|
|poke|p1|Electabuzz, L50, M|
|poke|p2|Gholdengo, L50|
|poke|p2|Grimmsnarl, L50, M|
|poke|p2|Maushold, L50|
|poke|p2|Dragonite, L50, F|
|poke|p2|Pelipper, L50, F|
|poke|p2|Archaludon, L50, F|
|teampreview|4
|showteam|p1|Typhlosion-Hisui||ChoiceSpecs|Frisk|FocusBlast,ShadowBall,HeatWave,Eruption|||F|||50|,,,,,Fire]Whimsicott||CovertCloak|Prankster|Tailwind,SunnyDay,Moonblast,TrickRoom|||M|||50|,,,,,Rock]Dragapult||ChoiceBand|ClearBody|DragonDarts,PhantomForce,Uturn,SuckerPunch|||F|||50|,,,,,Dragon]Torkoal||LifeOrb|Drought|Protect,WeatherBall,HeatWave,Eruption|||F|||50|,,,,,Fire]Lilligant-Hisui||FocusSash|Chlorophyll|SleepPowder,AfterYou,LeafBlade,CloseCombat|||F|||50|,,,,,Dark]Electabuzz||Eviolite|Static|Protect,FollowMe,Feint,VoltSwitch|||M|||50|,,,,,Dragon
|showteam|p2|Gholdengo||LifeOrb|GoodasGold|MakeItRain,ShadowBall,NastyPlot,Protect||||||50|,,,,,Water]Grimmsnarl||LightClay|Prankster|FoulPlay,LightScreen,Reflect,ThunderWave|||M|||50|,,,,,Ghost]Maushold||SafetyGoggles|FriendGuard|Protect,SuperFang,FollowMe,BeatUp||||||50|,,,,,Ghost]Dragonite||LoadedDice|Multiscale|Protect,ScaleShot,ExtremeSpeed,Tailwind|||F|||50|,,,,,Steel]Pelipper||FocusSash|Drizzle|Protect,MuddyWater,Hurricane,Tailwind|||F|||50|,,,,,Ground]Archaludon||AssaultVest|Stamina|DracoMeteor,ElectroShot,BodyPress,Snarl|||F|||50|,,,,,Bug
|inactive|Battle timer is ON: inactive players will automatically lose when time's up. (requested by dubbies)
|inactive|fastmanido has 60 seconds left.
|inactive|dubbies has 60 seconds left.
|
|t:|1756654615
|teamsize|p1|4
|teamsize|p2|4
|start
|switch|p1a: Torkoal|Torkoal, L50, F|100/100
|switch|p1b: Lilligant|Lilligant-Hisui, L50, F|100/100
|switch|p2a: Maushold|Maushold, L50, shiny|100/100
|switch|p2b: Dragonite|Dragonite, L50, F, shiny|100/100
|-weather|SunnyDay|[from] ability: Drought|[of] p1a: Torkoal
|turn|1
|inactive|fastmanido has 30 seconds left.
|inactive|dubbies has 30 seconds left.
|
|t:|1756654643
|-terastallize|p1a: Torkoal|Fire
|move|p2a: Maushold|Follow Me|p2a: Maushold
|-singleturn|p2a: Maushold|move: Follow Me
|move|p1b: Lilligant|After You||[still]
|-fail|p1b: Lilligant
|move|p2b: Dragonite|Scale Shot|p1b: Lilligant
|-damage|p1b: Lilligant|78/100
|-damage|p1b: Lilligant|58/100
|-crit|p1b: Lilligant
|-damage|p1b: Lilligant|27/100
|-damage|p1b: Lilligant|7/100
|-hitcount|p1b: Lilligant|4
|-unboost|p2b: Dragonite|def|1
|-boost|p2b: Dragonite|spe|1
|move|p1a: Torkoal|Eruption|p2a: Maushold|[spread] p2a,p2b
|-resisted|p2b: Dragonite
|-damage|p2a: Maushold|0 fnt
|-damage|p2b: Dragonite|76/100
|faint|p2a: Maushold
|-damage|p1a: Torkoal|91/100|[from] item: Life Orb
|
|-weather|SunnyDay|[upkeep]
|upkeep
|
|t:|1756654656
|switch|p2a: Pelipper|Pelipper, L50, F, shiny|100/100
|-weather|RainDance|[from] ability: Drizzle|[of] p2a: Pelipper
|turn|2
|
|t:|1756654679
|switch|p1a: Electabuzz|Electabuzz, L50, M|100/100
|move|p2b: Dragonite|Protect|p2b: Dragonite
|-singleturn|p2b: Dragonite|Protect
|move|p1b: Lilligant|Close Combat|p2b: Dragonite
|-activate|p2b: Dragonite|move: Protect
|move|p2a: Pelipper|Muddy Water|p1a: Electabuzz|[spread] p1a
|-miss|p2a: Pelipper|p1b: Lilligant
|-damage|p1a: Electabuzz|64/100
|-unboost|p1a: Electabuzz|accuracy|1
|
|-weather|RainDance|[upkeep]
|upkeep
|turn|3
|inactive|dubbies has 30 seconds left.
|
|t:|1756654709
|switch|p2a: Gholdengo|Gholdengo, L50|100/100
|move|p2b: Dragonite|Extreme Speed|p1b: Lilligant
|-damage|p1b: Lilligant|0 fnt
|faint|p1b: Lilligant
|move|p1a: Electabuzz|Volt Switch|p2b: Dragonite|[miss]
|-miss|p1a: Electabuzz|p2b: Dragonite
|
|-weather|RainDance|[upkeep]
|upkeep
|
|t:|1756654719
|switch|p1b: Torkoal|Torkoal, L50, F, tera:Fire|91/100
|-weather|SunnyDay|[from] ability: Drought|[of] p1b: Torkoal
|turn|4
|
|t:|1756654744
|move|p2a: Gholdengo|Protect|p2a: Gholdengo
|-singleturn|p2a: Gholdengo|Protect
|move|p1a: Electabuzz|Follow Me|p1a: Electabuzz
|-singleturn|p1a: Electabuzz|move: Follow Me
|move|p2b: Dragonite|Scale Shot|p1a: Electabuzz
|-damage|p1a: Electabuzz|55/100
|-damage|p1a: Electabuzz|44/100
|-damage|p1a: Electabuzz|34/100
|-crit|p1a: Electabuzz
|-damage|p1a: Electabuzz|19/100
|-damage|p1a: Electabuzz|10/100
|-hitcount|p1a: Electabuzz|5
|-unboost|p2b: Dragonite|def|1
|-boost|p2b: Dragonite|spe|1
|move|p1b: Torkoal|Eruption|p2a: Gholdengo|[spread] p2b
|-activate|p2a: Gholdengo|move: Protect
|-resisted|p2b: Dragonite
|-damage|p2b: Dragonite|10/100
|-damage|p1b: Torkoal|81/100|[from] item: Life Orb
|
|-weather|SunnyDay|[upkeep]
|upkeep
|turn|5
|inactive|fastmanido has 30 seconds left.
|inactive|dubbies has 30 seconds left.
|inactive|dubbies has 20 seconds left.
|
|t:|1756654779
|-terastallize|p2a: Gholdengo|Water
|move|p1a: Electabuzz|Protect|p1a: Electabuzz
|-singleturn|p1a: Electabuzz|Protect
|move|p1b: Torkoal|Protect|p1b: Torkoal
|-singleturn|p1b: Torkoal|Protect
|move|p2b: Dragonite|Extreme Speed|p1a: Electabuzz
|-activate|p1a: Electabuzz|move: Protect
|move|p2a: Gholdengo|Shadow Ball|p1b: Torkoal
|-activate|p1b: Torkoal|move: Protect
|
|-weather|SunnyDay|[upkeep]
|upkeep
|turn|6
|
|t:|1756654799
|switch|p2a: Pelipper|Pelipper, L50, F, shiny|100/100
|-weather|RainDance|[from] ability: Drizzle|[of] p2a: Pelipper
|switch|p1a: Dragapult|Dragapult, L50, F|100/100
|move|p2b: Dragonite|Extreme Speed|p1a: Dragapult
|-immune|p1a: Dragapult
|move|p1b: Torkoal|Eruption|p2a: Pelipper|[spread] p2a,p2b
|-resisted|p2a: Pelipper
|-resisted|p2b: Dragonite
|-damage|p2a: Pelipper|70/100
|-damage|p2b: Dragonite|0 fnt
|faint|p2b: Dragonite
|-damage|p1b: Torkoal|72/100|[from] item: Life Orb
|
|-weather|RainDance|[upkeep]
|upkeep
|
|t:|1756654805
|switch|p2b: Gholdengo|Gholdengo, L50, tera:Water|100/100
|turn|7
|inactive|dubbies has 30 seconds left.
|
|t:|1756654832
|switch|p1b: Electabuzz|Electabuzz, L50, M|10/100
|move|p1a: Dragapult|Dragon Darts|p2b: Gholdengo
|-damage|p2b: Gholdengo|61/100
|-anim|p1a: Dragapult|Dragon Darts|p2a: Pelipper
|-damage|p2a: Pelipper|21/100
|move|p2b: Gholdengo|Shadow Ball|p1a: Dragapult
|-supereffective|p1a: Dragapult
|-damage|p1a: Dragapult|0 fnt
|faint|p1a: Dragapult
|-damage|p2b: Gholdengo|52/100|[from] item: Life Orb
|move|p2a: Pelipper|Muddy Water|p1b: Electabuzz
|-damage|p1b: Electabuzz|0 fnt
|faint|p1b: Electabuzz
|
|-weather|RainDance|[upkeep]
|upkeep
|inactive|fastmanido has 30 seconds left.
|inactive|fastmanido has 20 seconds left.
|inactive|fastmanido has 15 seconds left.
|inactive|fastmanido has 10 seconds left.
|inactive|fastmanido has 5 seconds left.
|
|t:|1756654887
|switch|p1a: Torkoal|Torkoal, L50, F, tera:Fire|72/100
|-weather|SunnyDay|[from] ability: Drought|[of] p1a: Torkoal
|turn|8
|
|t:|1756654898
|move|p2a: Pelipper|Protect|p2a: Pelipper
|-singleturn|p2a: Pelipper|Protect
|move|p2b: Gholdengo|Nasty Plot|p2b: Gholdengo
|-boost|p2b: Gholdengo|spa|2
|move|p1a: Torkoal|Heat Wave|p2b: Gholdengo|[spread] 
|-activate|p2a: Pelipper|move: Protect
|-miss|p1a: Torkoal|p2b: Gholdengo
|
|-weather|SunnyDay|[upkeep]
|upkeep
|turn|9
|
|t:|1756654912
|move|p2b: Gholdengo|Shadow Ball|p1a: Torkoal
|-damage|p1a: Torkoal|0 fnt
|faint|p1a: Torkoal
|-damage|p2b: Gholdengo|43/100|[from] item: Life Orb
|
|win|dubbies
|l|☆fastmanido
|player|p1|
||fastmanido is ready for game 2.
|inactive|dubbies has 30 seconds to confirm battle start!
||dubbies is ready for game 2.
|uhtml|next|Next: Game 2 of 3
