|j|☆MuseigenTest
|j|☆meeivgc
|html|MuseigenTestmeeivgc    
|uhtml|bestof|Game 3 of a best-of-3
|t:|1756438824
|gametype|doubles
|player|p1|MuseigenTest|blaine|1162
|player|p2|meeivgc|gentleman|1241
|gen|9
|tier|[Gen 9] VGC 2025 Reg H (Bo3)
|rated|
|rule|Species Clause: Limit one of each Pokémon
|rule|Item Clause: Limit 1 of each item
|clearpoke
|poke|p1|Sneasler, L50, M|
|poke|p1|Indeedee, L50, M|
|poke|p1|Volcarona, L50, M|
|poke|p1|Ursaluna-Bloodmoon, L50, M|
|poke|p1|Annihilape, L50, M|
|poke|p1|Tyranitar, L50, M|
|poke|p2|Ursaluna, L50, F|
|poke|p2|Pelipper, L50, M|
|poke|p2|Archaludon, L50, F|
|poke|p2|Spiritomb, L50, F|
|poke|p2|Maushold-Four, L50|
|poke|p2|Amoonguss, L50, M|
|teampreview|4
|showteam|p1|Sneasler||PsychicSeed|Unburden|CloseCombat,DireClaw,ThroatChop,Protect|||M|||50|,,,,,Dark]Indeedee||ChoiceScarf|PsychicSurge|ExpandingForce,TeraBlast,Trick,Protect|||M|||50|,,,,,Psychic]Volcarona||SitrusBerry|FlameBody|Overheat,StruggleBug,RagePowder,Tailwind|||M|||50|,,,,,Grass]Ursaluna-Bloodmoon||LifeOrb|MindsEye|BloodMoon,HyperVoice,EarthPower,Protect|||M|||50|,,,,,Normal]Annihilape||SafetyGoggles|Defiant|CloseCombat,RageFist,Taunt,FinalGambit|||M|||50|,,,,,Fairy]Tyranitar||AssaultVest|SandStream|RockSlide,KnockOff,TeraBlast,LowKick|||M|||50|,,,,,Flying
|showteam|p2|Ursaluna||FlameOrb|Guts|Protect,Facade,HeadlongRush,Earthquake|||F|||50|,,,,,Ghost]Pelipper||SafetyGoggles|Drizzle|Protect,Tailwind,Hurricane,WeatherBall|||M|||50|,,,,,Stellar]Archaludon||AssaultVest|Stamina|ElectroShot,Snarl,FlashCannon,BodyPress|||F|||50|,,,,,Grass]Spiritomb||LumBerry|Infiltrator|DarkPulse,WillOWisp,TrickRoom,DestinyBond|||F|||50|,,,,,Water]Maushold-Four||WideLens|Technician|Protect,FollowMe,PopulationBomb,Taunt||||||50|,,,,,Ghost]Amoonguss||CovertCloak|Regenerator|RagePowder,Protect,PollenPuff,Spore|||M|||50|,,,,,Steel
|inactive|Battle timer is ON: inactive players will automatically lose when time's up. (requested by MuseigenTest)
|
|t:|1756438879
|teamsize|p1|4
|teamsize|p2|4
|start
|switch|p1a: Ursaluna|Ursaluna-Bloodmoon, L50, M|100/100
|switch|p1b: Tyranitar|Tyranitar, L50, M|100/100
|switch|p2a: Maushold|Maushold-Four, L50|100/100
|switch|p2b: Pelipper|Pelipper, L50, M|100/100
|-weather|RainDance|[from] ability: Drizzle|[of] p2b: Pelipper
|-weather|Sandstorm|[from] ability: Sand Stream|[of] p1b: Tyranitar
|turn|1
|inactive|MuseigenTest has 30 seconds left.
|inactive|meeivgc has 30 seconds left.
|inactive|MuseigenTest has 20 seconds left.
|inactive|meeivgc has 20 seconds left.
|inactive|MuseigenTest has 15 seconds left.
|inactive|meeivgc has 15 seconds left.
|inactive|MuseigenTest has 10 seconds left.
|
|t:|1756438926
|switch|p2b: Spiritomb|Spiritomb, L50, F|100/100
|-terastallize|p1a: Ursaluna|Normal
|move|p2a: Maushold|Population Bomb|p1a: Ursaluna
|-damage|p1a: Ursaluna|91/100
|-damage|p1a: Ursaluna|83/100
|-damage|p1a: Ursaluna|73/100
|-damage|p1a: Ursaluna|63/100
|-damage|p1a: Ursaluna|54/100
|-damage|p1a: Ursaluna|45/100
|-damage|p1a: Ursaluna|35/100
|-damage|p1a: Ursaluna|27/100
|-damage|p1a: Ursaluna|17/100
|-damage|p1a: Ursaluna|9/100
|-hitcount|p1a: Ursaluna|10
|move|p1a: Ursaluna|Hyper Voice|p2a: Maushold|[spread] p2a,p2b
|-damage|p2a: Maushold|5/100
|-damage|p2b: Spiritomb|39/100
|-damage|p1a: Ursaluna|0 fnt|[from] item: Life Orb
|faint|p1a: Ursaluna
|move|p1b: Tyranitar|Rock Slide|p2a: Maushold|[spread] p2a,p2b
|-damage|p2a: Maushold|0 fnt
|-damage|p2b: Spiritomb|11/100
|faint|p2a: Maushold
|
|-weather|Sandstorm|[upkeep]
|-damage|p2b: Spiritomb|5/100|[from] Sandstorm
|upkeep
|inactive|MuseigenTest has 30 seconds left.
|inactive|meeivgc has 30 seconds left.
|inactive|MuseigenTest has 20 seconds left.
|inactive|MuseigenTest has 15 seconds left.
|
|t:|1756438970
|switch|p2a: Pelipper|Pelipper, L50, M|100/100
|switch|p1a: Sneasler|Sneasler, L50, M|100/100
|-weather|RainDance|[from] ability: Drizzle|[of] p2a: Pelipper
|turn|2
|
|t:|1756438990
|move|p1a: Sneasler|Protect|p1a: Sneasler
|-singleturn|p1a: Sneasler|Protect
|move|p2a: Pelipper|Tailwind|p2a: Pelipper
|-sidestart|p2: meeivgc|move: Tailwind
|move|p1b: Tyranitar|Rock Slide|p2a: Pelipper|[spread] p2a,p2b
|-supereffective|p2a: Pelipper
|-damage|p2a: Pelipper|33/100
|-damage|p2b: Spiritomb|0 fnt
|faint|p2b: Spiritomb
|
|-weather|RainDance|[upkeep]
|upkeep
|
|t:|1756438995
|switch|p2b: Ursaluna|Ursaluna, L50, F|100/100
|turn|3
|inactive|MuseigenTest has 30 seconds left.
|
|t:|1756439028
|switch|p1a: Indeedee|Indeedee, L50, M|100/100
|-fieldstart|move: Psychic Terrain|[from] ability: Psychic Surge|[of] p1a: Indeedee
|-terastallize|p2b: Ursaluna|Ghost
|move|p2a: Pelipper|Weather Ball|p1b: Tyranitar
|-supereffective|p1b: Tyranitar
|-damage|p1b: Tyranitar|27/100
|move|p2b: Ursaluna|Earthquake|p1a: Indeedee|[spread] p1a,p1b
|-immune|p2a: Pelipper
|-supereffective|p1b: Tyranitar
|-damage|p1a: Indeedee|17/100
|-damage|p1b: Tyranitar|0 fnt
|faint|p1b: Tyranitar
|
|-weather|RainDance|[upkeep]
|-status|p2b: Ursaluna|brn|[from] item: Flame Orb
|upkeep
|
|t:|1756439043
|switch|p1b: Sneasler|Sneasler, L50, M|100/100
|-enditem|p1b: Sneasler|Psychic Seed
|-boost|p1b: Sneasler|spd|1|[from] item: Psychic Seed
|turn|4
|inactive|MuseigenTest has 30 seconds left.
|inactive|MuseigenTest has 20 seconds left.
|inactive|MuseigenTest has 15 seconds left.
|inactive|MuseigenTest has 10 seconds left.
|
|t:|1756439089
|move|p1b: Sneasler|Protect|p1b: Sneasler
|-singleturn|p1b: Sneasler|Protect
|move|p2a: Pelipper|Protect|p2a: Pelipper
|-singleturn|p2a: Pelipper|Protect
|move|p1a: Indeedee|Expanding Force|p2b: Ursaluna|[spread] p2b
|-activate|p2a: Pelipper|move: Protect
|-damage|p2b: Ursaluna|48/100 brn
|move|p2b: Ursaluna|Earthquake|p1b: Sneasler|[spread] p1a
|-activate|p2a: Pelipper|move: Protect
|-activate|p1b: Sneasler|move: Protect
|-damage|p1a: Indeedee|0 fnt
|faint|p1a: Indeedee
|
|-weather|RainDance|[upkeep]
|-damage|p2b: Ursaluna|43/100 brn|[from] brn
|upkeep
|turn|5
|inactive|MuseigenTest has 30 seconds left.
|inactive|meeivgc has 30 seconds left.
|
|t:|1756439122
|move|p2b: Ursaluna|Protect|p2b: Ursaluna
|-singleturn|p2b: Ursaluna|Protect
|move|p1b: Sneasler|Dire Claw|p2a: Pelipper
|-damage|p2a: Pelipper|0 fnt
|faint|p2a: Pelipper
|
|-weather|RainDance|[upkeep]
|-damage|p2b: Ursaluna|37/100 brn|[from] brn
|-sideend|p2: meeivgc|move: Tailwind
|upkeep
|turn|6
|
|t:|1756439128
|move|p1b: Sneasler|Throat Chop|p2b: Ursaluna
|-supereffective|p2b: Ursaluna
|-damage|p2b: Ursaluna|0 fnt
|faint|p2b: Ursaluna
|
|win|MuseigenTest
|raw|MuseigenTest's rating: 1162 → 1193(+31 for winning)
|raw|meeivgc's rating: 1241 → 1210(-31 for losing)
|l|☆meeivgc
|player|p2|
|c|☆MuseigenTest|gg
