|j|☆parsley<3
|j|☆marcosdeltasena31
|html|parsley<3marcosdeltasena31    
|uhtml|bestof|Game 2 of a best-of-3
|t:|1756187187
|gametype|doubles
|player|p1|parsley<3|lacey|1242
|player|p2|marcosdeltasena31|hilbert|1317
|gen|9
|tier|[Gen 9] VGC 2025 Reg H (Bo3)
|rated|
|rule|Species Clause: Limit one of each Pokémon
|rule|Item Clause: Limit 1 of each item
|clearpoke
|poke|p1|Incineroar, L50, F|
|poke|p1|Amoonguss, L50, F|
|poke|p1|Porygon2, L50|
|poke|p1|Ursaluna, L50, F|
|poke|p1|Dragonite, L50, M|
|poke|p1|Gholdengo, L50|
|poke|p2|Archaludon, L50, F|
|poke|p2|Pelipper, L50, F|
|poke|p2|Basculegion, L50, M|
|poke|p2|Incineroar, L50, F|
|poke|p2|Amoonguss, L50, F|
|poke|p2|Gholdengo, L50|
|teampreview|4
|showteam|p1|Incineroar||SafetyGoggles|Intimidate|FakeOut,KnockOff,PartingShot,FlareBlitz|||F|||50|,,,,,Ghost]Amoonguss||RockyHelmet|Regenerator|Spore,RagePowder,Protect,SludgeBomb|||F|||50|,,,,,Water]Porygon2||Eviolite|Download|TeraBlast,IceBeam,Recover,TrickRoom||||||50|,,,,,Fighting]Ursaluna||FlameOrb|Guts|Facade,Protect,HeadlongRush,Earthquake|||F|||50|,,,,,Fairy]Dragonite||LoadedDice|Multiscale|ScaleShot,Tailwind,Protect,Haze|||M|||50|,,,,,Fairy]Gholdengo||LifeOrb|GoodasGold|MakeItRain,ShadowBall,Protect,NastyPlot||||||50|,,,,,Water
|showteam|p2|Archaludon||AssaultVest|Stamina|ElectroShot,DragonPulse,FlashCannon,BodyPress|||F|||50|,,,,,Bug]Pelipper||FocusSash|Drizzle|WeatherBall,Hurricane,Tailwind,Protect|||F|||50|,,,,,Ghost]Basculegion||ChoiceBand|SwiftSwim|WaveCrash,LastRespects,AquaJet,FlipTurn|||M|||50|,,,,,Water]Incineroar||SafetyGoggles|Intimidate|FlareBlitz,FakeOut,PartingShot,KnockOff|||F|||50|,,,,,Ghost]Amoonguss||SitrusBerry|Regenerator|PollenPuff,Spore,RagePowder,Protect|||F|||50|,,,,,Psychic]Gholdengo||LifeOrb|GoodasGold|MakeItRain,ShadowBall,NastyPlot,Protect||||||50|,,,,,Water
|
|t:|1756187202
|teamsize|p1|4
|teamsize|p2|4
|start
|switch|p1a: tin man|Amoonguss, L50, F|100/100
|switch|p1b: pinnochio|Porygon2, L50|100/100
|switch|p2a: Archaludon|Archaludon, L50, F|100/100
|switch|p2b: Pelipper|Pelipper, L50, F|100/100
|-weather|RainDance|[from] ability: Drizzle|[of] p2b: Pelipper
|-ability|p1b: pinnochio|Download|boost
|-boost|p1b: pinnochio|spa|1
|turn|1
|
|t:|1756187228
|-terastallize|p2a: Archaludon|Bug
|move|p2b: Pelipper|Hurricane|p1b: pinnochio
|-damage|p1b: pinnochio|70/100
|move|p2a: Archaludon|Electro Shot||[still]
|-prepare|p2a: Archaludon|Electro Shot
|-boost|p2a: Archaludon|spa|1
|-anim|p2a: Archaludon|Electro Shot|p1b: pinnochio
|-damage|p1b: pinnochio|28/100
|move|p1a: tin man|Spore|p2a: Archaludon
|-status|p2a: Archaludon|slp|[from] move: Spore
|move|p1b: pinnochio|Trick Room|p1b: pinnochio
|-fieldstart|move: Trick Room|[of] p1b: pinnochio
|
|-weather|RainDance|[upkeep]
|upkeep
|turn|2
|
|t:|1756187256
|switch|p2b: Amoonguss|Amoonguss, L50, F|100/100
|move|p1a: tin man|Spore|p2b: Amoonguss
|-immune|p2b: Amoonguss
|move|p1b: pinnochio|Tera Blast|p2a: Archaludon
|-damage|p2a: Archaludon|65/100 slp
|-ability|p2a: Archaludon|Stamina|boost
|-boost|p2a: Archaludon|def|1
|cant|p2a: Archaludon|slp
|
|-weather|RainDance|[upkeep]
|upkeep
|turn|3
|
|t:|1756187286
|move|p2b: Amoonguss|Spore|p1b: pinnochio
|-status|p1b: pinnochio|slp|[from] move: Spore
|move|p1a: tin man|Sludge Bomb|p2a: Archaludon
|-damage|p2a: Archaludon|47/100 slp
|-ability|p2a: Archaludon|Stamina|boost
|-boost|p2a: Archaludon|def|1
|cant|p1b: pinnochio|slp
|cant|p2a: Archaludon|slp
|
|-weather|RainDance|[upkeep]
|upkeep
|turn|4
|
|t:|1756187310
|switch|p1b: ferdinand|Ursaluna, L50, F|100/100
|move|p2b: Amoonguss|Pollen Puff|p2a: Archaludon
|-heal|p2a: Archaludon|97/100 slp
|move|p1a: tin man|Sludge Bomb|p2b: Amoonguss
|-damage|p2b: Amoonguss|78/100
|-curestatus|p2a: Archaludon|slp|[msg]
|move|p2a: Archaludon|Electro Shot||[still]
|-prepare|p2a: Archaludon|Electro Shot
|-boost|p2a: Archaludon|spa|1
|-anim|p2a: Archaludon|Electro Shot|p1b: ferdinand
|-immune|p1b: ferdinand
|
|-weather|RainDance|[upkeep]
|-status|p1b: ferdinand|brn|[from] item: Flame Orb
|upkeep
|turn|5
|c|☆parsley<3|idk why i kept hitting into it that was silly
|
|t:|1756187345
|move|p2b: Amoonguss|Protect|p2b: Amoonguss
|-singleturn|p2b: Amoonguss|Protect
|move|p1a: tin man|Spore|p2a: Archaludon
|-status|p2a: Archaludon|slp|[from] move: Spore
|move|p1b: ferdinand|Facade|p2a: Archaludon
|-damage|p2a: Archaludon|47/100 slp
|-ability|p2a: Archaludon|Stamina|boost
|-boost|p2a: Archaludon|def|1
|cant|p2a: Archaludon|slp
|
|-weather|none
|-damage|p1b: ferdinand|95/100 brn|[from] brn
|-fieldend|move: Trick Room
|upkeep
|turn|6
|
|t:|1756187366
|switch|p2b: Basculegion|Basculegion, L50, M|100/100
|cant|p2a: Archaludon|slp
|move|p1b: ferdinand|Facade|p2b: Basculegion
|-immune|p2b: Basculegion
|move|p1a: tin man|Sludge Bomb|p2a: Archaludon
|-damage|p2a: Archaludon|29/100 slp
|-ability|p2a: Archaludon|Stamina|boost
|-boost|p2a: Archaludon|def|1
|
|-damage|p1b: ferdinand|89/100 brn|[from] brn
|upkeep
|turn|7
|
|t:|1756187391
|move|p1a: tin man|Rage Powder|p1a: tin man
|-singleturn|p1a: tin man|move: Rage Powder
|move|p2b: Basculegion|Last Respects|p1a: tin man
|-damage|p1a: tin man|69/100
|cant|p2a: Archaludon|slp
|move|p1b: ferdinand|Facade|p2a: Archaludon
|-damage|p2a: Archaludon|0 fnt
|faint|p2a: Archaludon
|
|-damage|p1b: ferdinand|83/100 brn|[from] brn
|upkeep
|
|t:|1756187400
|switch|p2a: Pelipper|Pelipper, L50, F|100/100
|-weather|RainDance|[from] ability: Drizzle|[of] p2a: Pelipper
|turn|8
|
|t:|1756187423
|switch|p2b: Amoonguss|Amoonguss, L50, F|100/100
|switch|p1b: pinnochio|Porygon2, L50|28/100 slp
|-ability|p1b: pinnochio|Download|boost
|-boost|p1b: pinnochio|spa|1
|-terastallize|p1a: tin man|Water
|move|p2a: Pelipper|Hurricane|p1a: tin man
|-damage|p1a: tin man|28/100
|move|p1a: tin man|Spore|p2a: Pelipper
|-status|p2a: Pelipper|slp|[from] move: Spore
|
|-weather|RainDance|[upkeep]
|upkeep
|turn|9
|
|t:|1756187440
|switch|p2a: Basculegion|Basculegion, L50, M|100/100
|switch|p1a: ferdinand|Ursaluna, L50, F|83/100 brn
|cant|p1b: pinnochio|slp
|move|p2b: Amoonguss|Spore||[still]
|-fail|p2b: Amoonguss
|
|-weather|RainDance|[upkeep]
|-damage|p1a: ferdinand|77/100 brn|[from] brn
|upkeep
|turn|10
|
|t:|1756187459
|move|p1a: ferdinand|Protect|p1a: ferdinand
|-singleturn|p1a: ferdinand|Protect
|move|p2a: Basculegion|Flip Turn|p1b: pinnochio
|-damage|p1b: pinnochio|0 fnt
|faint|p1b: pinnochio
|
|t:|1756187464
|switch|p2a: Pelipper|Pelipper, L50, F|100/100 slp|[from] Flip Turn
|move|p2b: Amoonguss|Spore|p1a: ferdinand
|-activate|p1a: ferdinand|move: Protect
|
|-weather|RainDance|[upkeep]
|-damage|p1a: ferdinand|71/100 brn|[from] brn
|upkeep
|
|t:|1756187472
|switch|p1b: hermes|Dragonite, L50, M|100/100
|turn|11
|
|t:|1756187486
|move|p1b: hermes|Scale Shot|p2a: Pelipper
|-damage|p2a: Pelipper|80/100 slp
|-damage|p2a: Pelipper|59/100 slp
|-damage|p2a: Pelipper|39/100 slp
|-damage|p2a: Pelipper|20/100 slp
|-damage|p2a: Pelipper|0 fnt
|faint|p2a: Pelipper
|-hitcount|p2: Pelipper|5
|-unboost|p1b: hermes|def|1
|-boost|p1b: hermes|spe|1
|move|p1a: ferdinand|Headlong Rush|p2b: Amoonguss
|-damage|p2b: Amoonguss|1/100
|-unboost|p1a: ferdinand|def|1
|-unboost|p1a: ferdinand|spd|1
|-enditem|p2b: Amoonguss|Sitrus Berry|[eat]
|-heal|p2b: Amoonguss|26/100|[from] item: Sitrus Berry
|move|p2b: Amoonguss|Spore|p1b: hermes
|-status|p1b: hermes|slp|[from] move: Spore
|
|-weather|RainDance|[upkeep]
|-damage|p1a: ferdinand|65/100 brn|[from] brn
|upkeep
|
|t:|1756187499
|switch|p2a: Basculegion|Basculegion, L50, M|100/100
|turn|12
|c|☆parsley<3|1% man
|
|t:|1756187517
|switch|p1b: tin man|Amoonguss, L50, F, tera:Water|61/100
|move|p1a: ferdinand|Protect|p1a: ferdinand
|-singleturn|p1a: ferdinand|Protect
|move|p2a: Basculegion|Wave Crash|p1b: tin man
|-resisted|p1b: tin man
|-damage|p1b: tin man|10/100
|-damage|p2a: Basculegion|84/100|[from] item: Rocky Helmet|[of] p1b: tin man
|-damage|p2a: Basculegion|65/100|[from] Recoil
|move|p2b: Amoonguss|Spore|p1a: ferdinand
|-activate|p1a: ferdinand|move: Protect
|
|-weather|none
|-damage|p1a: ferdinand|60/100 brn|[from] brn
|upkeep
|turn|13
|
|t:|1756187533
|move|p1b: tin man|Rage Powder|p1b: tin man
|-singleturn|p1b: tin man|move: Rage Powder
|move|p2b: Amoonguss|Rage Powder|p2b: Amoonguss
|-singleturn|p2b: Amoonguss|move: Rage Powder
|move|p2a: Basculegion|Wave Crash|p1b: tin man
|-resisted|p1b: tin man
|-damage|p1b: tin man|0 fnt
|-damage|p2a: Basculegion|48/100|[from] item: Rocky Helmet|[of] p1b: tin man
|faint|p1b: tin man
|-damage|p2a: Basculegion|45/100|[from] Recoil
|move|p1a: ferdinand|Earthquake|p2a: Basculegion|[spread] p2a,p2b
|-damage|p2a: Basculegion|0 fnt
|-damage|p2b: Amoonguss|0 fnt
|faint|p2a: Basculegion
|faint|p2b: Amoonguss
|
|win|parsley<3
