|j|☆monsoonisbest
|j|☆indianpro#2011
|html|monsoonisbestindianpro#2011    
|uhtml|bestof|Game 1 of a best-of-3
|t:|1784824591
|gametype|doubles
|player|p1|monsoonisbest|170|1199
|player|p2|indianpro#2011|lucas|1124
|gen|9
|tier|[Gen 9 Champions] VGC 2026 Reg M-B (Bo3)
|rated|
|rule|Species Clause: Limit one of each Pokémon
|rule|Item Clause: Limit 1 of each item
|clearpoke
|poke|p1|Dragapult, L50, F|
|poke|p1|Sneasler, L50, M|
|poke|p1|Sinistcha, L50|
|poke|p1|Incineroar, L50, F|
|poke|p1|Ninetales-Alola, L50, M|
|poke|p1|Drampa, L50, F|
|poke|p2|Tyranitar, L50, M|
|poke|p2|Mawile, L50, M|
|poke|p2|Farigiraf, L50, F|
|poke|p2|Sinistcha-Masterpiece, L50|
|poke|p2|Camerupt, L50, M|
|poke|p2|Grimmsnarl, L50, M|
|teampreview|4
|showteam|p1|Dragapult||LifeOrb|ClearBody|DragonDarts,PhantomForce,SuckerPunch,Protect|Adamant||F|||50|]Sneasler||FocusSash|Unburden|FakeOut,CloseCombat,DireClaw,Protect|Jolly||M|||50|]Sinistcha||SitrusBerry|Hospitality|MatchaGotcha,RagePowder,TrickRoom,StrengthSap|Calm|||||50|]Incineroar||Charcoal|Intimidate|FakeOut,FlareBlitz,DarkestLariat,PartingShot|Adamant||F|||50|]Ninetales-Alola||NeverMeltIce|SnowWarning|Protect,Blizzard,Encore,Disable|Timid||M|||50|]Drampa||Drampanite|Berserk|HyperVoice,EarthPower,CalmMind,Protect|Modest||F|||50|
|showteam|p2|Tyranitar||ChopleBerry|SandStream|RockSlide,KnockOff,LowKick,Protect|Brave||M|||50|]Mawile||Mawilite|HyperCutter|IronHead,PlayRough,SuckerPunch,Protect|Brave||M|||50|]Farigiraf||ColburBerry|ArmorTail|TrickRoom,Protect,TwinBeam,GrassKnot|Bold||F|||50|]Sinistcha-Masterpiece||WideLens|Hospitality|MatchaGotcha,TrickRoom,LifeDew,RagePowder|Modest|||||50|]Camerupt||Cameruptite|SolidRock|Eruption,EarthPower,FlashCannon,Protect|Modest||M|||50|]Grimmsnarl||LightClay|Prankster|Reflect,LightScreen,FakeOut,SpiritBreak|Adamant||M|||50|
|
|t:|1784824651
|teamsize|p1|4
|teamsize|p2|4
|start
|switch|p1a: Incineroar|Incineroar, L50, F|100/100
|switch|p1b: Dragapult|Dragapult, L50, F|100/100
|switch|p2a: Farigiraf|Farigiraf, L50, F|100/100
|switch|p2b: Grimmsnarl|Grimmsnarl, L50, M|100/100
|-ability|p1a: Incineroar|Intimidate|boost
|-unboost|p2a: Farigiraf|atk|1
|-unboost|p2b: Grimmsnarl|atk|1
|turn|1
|
|t:|1784824682
|move|p2b: Grimmsnarl|Fake Out|p1a: Incineroar
|-damage|p1a: Incineroar|91/100
|move|p1b: Dragapult|Dragon Darts|p2a: Farigiraf
|-damage|p2a: Farigiraf|68/100
|-anim|p1b: Dragapult|Dragon Darts|p2a: Farigiraf
|-damage|p2a: Farigiraf|36/100
|-damage|p1b: Dragapult|90/100|[from] item: Life Orb
|cant|p1a: Incineroar|flinch
|move|p2a: Farigiraf|Trick Room|p2a: Farigiraf
|-fieldstart|move: Trick Room|[of] p2a: Farigiraf
|
|upkeep
|turn|2
|
|t:|1784824702
|switch|p2a: Mawile|Mawile, L50, M|100/100
|switch|p1b: Sinistcha|Sinistcha, L50|100/100
|-heal|p1a: Incineroar|100/100|[from] ability: Hospitality|[of] p1b: Sinistcha
|move|p1a: Incineroar|Flare Blitz|p2a: Mawile
|-supereffective|p2a: Mawile|1
|-damage|p2a: Mawile|0 fnt
|faint|p2a: Mawile
|-damage|p1a: Incineroar|74/100|[from] Recoil
|move|p2b: Grimmsnarl|Spirit Break|p1b: Sinistcha
|-damage|p1b: Sinistcha|78/100
|-unboost|p1b: Sinistcha|spa|1
|
|upkeep
|
|t:|1784824720
|switch|p2a: Tyranitar|Tyranitar, L50, M|100/100
|-weather|Sandstorm|[from] ability: Sand Stream|[of] p2a: Tyranitar
|turn|3
|
|t:|1784824737
|move|p2b: Grimmsnarl|Reflect|p2b: Grimmsnarl
|-sidestart|p2: indianpro#2011|Reflect
|move|p2a: Tyranitar|Rock Slide|p1a: Incineroar|[spread] p1a,p1b
|-supereffective|p1a: Incineroar|1
|-damage|p1a: Incineroar|13/100
|-damage|p1b: Sinistcha|49/100
|-enditem|p1b: Sinistcha|Sitrus Berry|[eat]
|-heal|p1b: Sinistcha|74/100|[from] item: Sitrus Berry
|move|p1a: Incineroar|Parting Shot|p2a: Tyranitar
|-unboost|p2a: Tyranitar|atk|1
|-unboost|p2a: Tyranitar|spa|1
|
|t:|1784824745
|switch|p1a: Drampa|Drampa, L50, F|100/100|[from] Parting Shot
|move|p1b: Sinistcha|Matcha Gotcha|p2b: Grimmsnarl|[spread] p2a,p2b
|-supereffective|p2a: Tyranitar|1
|-damage|p2a: Tyranitar|79/100
|-heal|p1b: Sinistcha|85/100|[from] drain|[of] p2a: Tyranitar
|-damage|p2b: Grimmsnarl|80/100
|-heal|p1b: Sinistcha|97/100|[from] drain|[of] p2b: Grimmsnarl
|-status|p2b: Grimmsnarl|brn
|
|-weather|Sandstorm|[upkeep]
|-damage|p1a: Drampa|94/100|[from] Sandstorm
|-damage|p2b: Grimmsnarl|74/100 brn|[from] Sandstorm
|-damage|p1b: Sinistcha|91/100|[from] Sandstorm
|-damage|p2b: Grimmsnarl|68/100 brn|[from] brn
|upkeep
|turn|4
|
|t:|1784824773
|detailschange|p1a: Drampa|Drampa-Mega, L50, F
|-mega|p1a: Drampa|Drampa|Drampanite
|move|p2b: Grimmsnarl|Light Screen|p2b: Grimmsnarl
|-sidestart|p2: indianpro#2011|move: Light Screen
|move|p1a: Drampa|Earth Power|p2a: Tyranitar
|-supereffective|p2a: Tyranitar|1
|-damage|p2a: Tyranitar|52/100
|-unboost|p2a: Tyranitar|spd|1
|move|p2a: Tyranitar|Low Kick|p1a: Drampa
|-supereffective|p1a: Drampa|1
|-damage|p1a: Drampa|42/100
|-ability|p1a: Drampa|Berserk|boost
|-boost|p1a: Drampa|spa|1
|move|p1b: Sinistcha|Matcha Gotcha|p2a: Tyranitar|[spread] p2a,p2b
|-supereffective|p2a: Tyranitar|1
|-damage|p2a: Tyranitar|34/100
|-heal|p1b: Sinistcha|100/100|[from] drain|[of] p2a: Tyranitar
|-damage|p2b: Grimmsnarl|55/100 brn
|
|-weather|Sandstorm|[upkeep]
|-damage|p1a: Drampa|36/100|[from] Sandstorm
|-damage|p2b: Grimmsnarl|49/100 brn|[from] Sandstorm
|-damage|p1b: Sinistcha|93/100|[from] Sandstorm
|-damage|p2b: Grimmsnarl|43/100 brn|[from] brn
|upkeep
|turn|5
|
|t:|1784824804
|switch|p1b: Incineroar|Incineroar, L50, F|13/100
|-ability|p1b: Incineroar|Intimidate|boost
|-unboost|p2a: Tyranitar|atk|1
|-unboost|p2b: Grimmsnarl|atk|1
|move|p1a: Drampa|Earth Power|p2a: Tyranitar
|-supereffective|p2a: Tyranitar|1
|-damage|p2a: Tyranitar|0 fnt
|faint|p2a: Tyranitar
|move|p2b: Grimmsnarl|Spirit Break|p1a: Drampa
|-supereffective|p1a: Drampa|1
|-damage|p1a: Drampa|19/100
|-unboost|p1a: Drampa|spa|1
|
|-weather|Sandstorm|[upkeep]
|-damage|p1a: Drampa|13/100|[from] Sandstorm
|-damage|p2b: Grimmsnarl|37/100 brn|[from] Sandstorm
|-damage|p1b: Incineroar|7/100|[from] Sandstorm
|-damage|p2b: Grimmsnarl|31/100 brn|[from] brn
|-fieldend|move: Trick Room
|upkeep
|
|t:|1784824822
|switch|p2a: Farigiraf|Farigiraf, L50, F|36/100
|turn|6
|
|t:|1784824836
|switch|p1b: Sinistcha|Sinistcha, L50|93/100
|-heal|p1a: Drampa|38/100|[from] ability: Hospitality|[of] p1b: Sinistcha
|move|p2a: Farigiraf|Twin Beam|p1a: Drampa
|-damage|p1a: Drampa|20/100y
|-damage|p1a: Drampa|5/100
|-hitcount|p1a: Drampa|2
|move|p2b: Grimmsnarl|Spirit Break|p1a: Drampa
|-supereffective|p1a: Drampa|1
|-crit|p1a: Drampa
|-damage|p1a: Drampa|0 fnt
|faint|p1a: Drampa
|
|-weather|Sandstorm|[upkeep]
|-damage|p1b: Sinistcha|87/100|[from] Sandstorm
|-damage|p2b: Grimmsnarl|25/100 brn|[from] Sandstorm
|-damage|p2a: Farigiraf|29/100|[from] Sandstorm
|-damage|p2b: Grimmsnarl|19/100 brn|[from] brn
|upkeep
|
|t:|1784824850
|switch|p1a: Dragapult|Dragapult, L50, F|90/100
|turn|7
|
|t:|1784824863
|move|p1a: Dragapult|Dragon Darts|p2a: Farigiraf
|-damage|p2a: Farigiraf|10/100
|-anim|p1a: Dragapult|Dragon Darts|p2a: Farigiraf
|-damage|p2a: Farigiraf|0 fnt
|faint|p2a: Farigiraf
|-damage|p1a: Dragapult|80/100|[from] item: Life Orb
|move|p1b: Sinistcha|Matcha Gotcha|p2b: Grimmsnarl
|-damage|p2b: Grimmsnarl|0 fnt
|-heal|p1b: Sinistcha|98/100|[from] drain|[of] p2b: Grimmsnarl
|faint|p2b: Grimmsnarl
|
|win|monsoonisbest
