|j|☆Balester
|j|☆Togore Gaming
|html|BalesterTogore Gaming    
|uhtml|bestof|Game 1 of a best-of-3
|t:|1756424946
|gametype|doubles
|player|p1|Balester|colress|1130
|player|p2|Togore Gaming|richboy-gen4|1227
|gen|9
|tier|[Gen 9] VGC 2025 Reg H (Bo3)
|rated|
|rule|Species Clause: Limit one of each Pokémon
|rule|Item Clause: Limit 1 of each item
|clearpoke
|poke|p1|Frosmoth, L50, F|
|poke|p1|Volcarona, L50, F|
|poke|p1|Ninetales-Alola, L50, M|
|poke|p1|Garchomp, L50, F|
|poke|p1|Incineroar, L50, F|
|poke|p1|Rillaboom, L50, M|
|poke|p2|Indeedee, L50, M|
|poke|p2|Sneasler, L50, M|
|poke|p2|Drifblim, L50, F|
|poke|p2|Ursaluna-Bloodmoon, L50, M|
|poke|p2|Electabuzz, L50, F|
|poke|p2|Corviknight, L50, F|
|teampreview|4
|showteam|p1|Frosmoth||Leftovers|IceScales|QuiverDance,Blizzard,TeraBlast,WideGuard|||F|||50|,,,,,Water]Volcarona||RockyHelmet|FlameBody|RagePowder,HeatWave,WillOWisp,StruggleBug|||F|||50|,,,,,Steel]Ninetales-Alola||LifeOrb|SnowWarning|FreezeDry,IcyWind,Moonblast,AuroraVeil|||M|||50|,,,,,Ghost]Garchomp||ClearAmulet|RoughSkin|StompingTantrum,BreakingSwipe,RockSlide,Protect|||F|||50|,,,,,Fire]Incineroar||SitrusBerry|Intimidate|FakeOut,FlareBlitz,KnockOff,PartingShot|||F|||50|,,,,,Ghost]Rillaboom||AssaultVest|GrassySurge|FakeOut,WoodHammer,GrassyGlide,HighHorsepower|||M|||50|,,,,,Fire
|showteam|p2|Indeedee||FocusSash|PsychicSurge|ExpandingForce,TeraBlast,Imprison,TrickRoom|||M|||50|,,,,,Ground]Sneasler||WhiteHerb|Unburden|DireClaw,CloseCombat,ThroatChop,Protect|||M|||50|,,,,,Dark]Drifblim||PsychicSeed|Unburden|Acrobatics,WillOWisp,Tailwind,Haze|||F|||50|,,,,,Grass]Ursaluna-Bloodmoon||LifeOrb|MindsEye|BloodMoon,HyperVoice,EarthPower,Protect|||M|||50|,,,,,Normal]Electabuzz||Eviolite|VitalSpirit|Electroweb,FollowMe,Taunt,Protect|||F|||50|,,,,,Dragon]Corviknight||SitrusBerry|MirrorArmor|BraveBird,BodyPress,BulkUp,Roost|||F|||50|,,,,,Fire
|inactive|Battle timer is ON: inactive players will automatically lose when time's up. (requested by Togore Gaming)
|inactive|Balester has 60 seconds left.
|inactive|Togore Gaming has 60 seconds left.
|
|t:|1756424988
|teamsize|p1|4
|teamsize|p2|4
|start
|switch|p1a: Ninetales|Ninetales-Alola, L50, M|100/100
|switch|p1b: Incineroar|Incineroar, L50, F|100/100
|switch|p2a: Sneasler|Sneasler, L50, M|100/100
|switch|p2b: Drifblim|Drifblim, L50, F|100/100
|-weather|Snowscape|[from] ability: Snow Warning|[of] p1a: Ninetales
|-ability|p1b: Incineroar|Intimidate|boost
|-unboost|p2a: Sneasler|atk|1
|-unboost|p2b: Drifblim|atk|1
|-enditem|p2a: Sneasler|White Herb
|-clearnegativeboost|p2a: Sneasler|[silent]
|turn|1
|
|t:|1756425003
|switch|p2b: Indeedee|Indeedee, L50, M|100/100
|-fieldstart|move: Psychic Terrain|[from] ability: Psychic Surge|[of] p2b: Indeedee
|move|p1b: Incineroar|Fake Out|p2a: Sneasler
|-activate|p2a: Sneasler|move: Psychic Terrain
|move|p2a: Sneasler|Dire Claw|p1a: Ninetales
|-supereffective|p1a: Ninetales
|-damage|p1a: Ninetales|3/100
|move|p1a: Ninetales|Aurora Veil|p1a: Ninetales
|-sidestart|p1: Balester|move: Aurora Veil
|
|-weather|Snowscape|[upkeep]
|upkeep
|turn|2
|inactive|Togore Gaming has 30 seconds left.
|
|t:|1756425035
|switch|p2b: Drifblim|Drifblim, L50, F|100/100
|-enditem|p2b: Drifblim|Psychic Seed
|-boost|p2b: Drifblim|spd|1|[from] item: Psychic Seed
|move|p2a: Sneasler|Dire Claw|p1a: Ninetales
|-supereffective|p1a: Ninetales
|-damage|p1a: Ninetales|0 fnt
|faint|p1a: Ninetales
|move|p1b: Incineroar|Knock Off|p2b: Drifblim
|-supereffective|p2b: Drifblim
|-damage|p2b: Drifblim|61/100
|
|-weather|Snowscape|[upkeep]
|upkeep
|
|t:|1756425046
|switch|p1a: Frosmoth|Frosmoth, L50, F|100/100
|turn|3
|
|t:|1756425067
|move|p2a: Sneasler|Dire Claw|p1a: Frosmoth
|-damage|p1a: Frosmoth|80/100
|move|p2b: Drifblim|Acrobatics|p1a: Frosmoth
|-supereffective|p1a: Frosmoth
|-damage|p1a: Frosmoth|50/100
|move|p1a: Frosmoth|Blizzard|p2a: Sneasler|[spread] p2a,p2b
|-supereffective|p2b: Drifblim
|-damage|p2a: Sneasler|58/100
|-damage|p2b: Drifblim|12/100
|move|p1b: Incineroar|Knock Off|p2a: Sneasler
|-resisted|p2a: Sneasler
|-damage|p2a: Sneasler|38/100
|
|-weather|Snowscape|[upkeep]
|-heal|p1a: Frosmoth|56/100|[from] item: Leftovers
|upkeep
|turn|4
|inactive|Balester has 30 seconds left.
|inactive|Togore Gaming has 30 seconds left.
|
|t:|1756425094
|switch|p1b: Garchomp|Garchomp, L50, F|100/100
|move|p2a: Sneasler|Close Combat|p1a: Frosmoth
|-damage|p1a: Frosmoth|23/100
|-unboost|p2a: Sneasler|def|1
|-unboost|p2a: Sneasler|spd|1
|move|p2b: Drifblim|Acrobatics|p1a: Frosmoth
|-supereffective|p1a: Frosmoth
|-damage|p1a: Frosmoth|0 fnt
|faint|p1a: Frosmoth
|
|-weather|Snowscape|[upkeep]
|upkeep
|
|t:|1756425104
|switch|p1a: Incineroar|Incineroar, L50, F|100/100
|-ability|p1a: Incineroar|Intimidate|boost
|-unboost|p2a: Sneasler|atk|1
|-unboost|p2b: Drifblim|atk|1
|turn|5
|
|t:|1756425125
|switch|p2a: Indeedee|Indeedee, L50, M|100/100
|move|p1a: Incineroar|Fake Out|p2a: Indeedee
|-activate|p2a: Indeedee|move: Psychic Terrain
|move|p2b: Drifblim|Will-O-Wisp|p1b: Garchomp
|-status|p1b: Garchomp|brn
|move|p1b: Garchomp|Breaking Swipe|p2b: Drifblim|[spread] p2a,p2b
|-damage|p2a: Indeedee|76/100
|-damage|p2b: Drifblim|3/100
|-unboost|p2a: Indeedee|atk|1
|-unboost|p2b: Drifblim|atk|1
|
|-weather|none
|-damage|p1b: Garchomp|94/100 brn|[from] brn
|-sideend|p1: Balester|move: Aurora Veil
|-fieldend|move: Psychic Terrain
|upkeep
|turn|6
|inactive|Togore Gaming has 30 seconds left.
|
|t:|1756425153
|move|p2b: Drifblim|Acrobatics|p1b: Garchomp
|-crit|p1b: Garchomp
|-damage|p1b: Garchomp|42/100 brn
|-damage|p2b: Drifblim|0 fnt|[from] ability: Rough Skin|[of] p1b: Garchomp
|faint|p2b: Drifblim
|move|p1b: Garchomp|Breaking Swipe|p2a: Indeedee
|-damage|p2a: Indeedee|45/100
|-unboost|p2a: Indeedee|atk|1
|move|p2a: Indeedee|Expanding Force|p1b: Garchomp
|-damage|p1b: Garchomp|0 fnt
|faint|p1b: Garchomp
|move|p1a: Incineroar|Knock Off|p2a: Indeedee
|-supereffective|p2a: Indeedee
|-damage|p2a: Indeedee|0 fnt
|-enditem|p2a: Indeedee|Focus Sash|[from] move: Knock Off|[of] p1a: Incineroar
|faint|p2a: Indeedee
|
|upkeep
|
|t:|1756425167
|switch|p2a: Sneasler|Sneasler, L50, M|38/100
|switch|p2b: Corviknight|Corviknight, L50, F|100/100
|turn|7
|
|t:|1756425185
|-terastallize|p2b: Corviknight|Fire
|-terastallize|p1a: Incineroar|Ghost
|move|p2a: Sneasler|Protect|p2a: Sneasler
|-singleturn|p2a: Sneasler|Protect
|move|p2b: Corviknight|Bulk Up|p2b: Corviknight
|-boost|p2b: Corviknight|atk|1
|-boost|p2b: Corviknight|def|1
|move|p1a: Incineroar|Knock Off|p2a: Sneasler
|-activate|p2a: Sneasler|move: Protect
|
|upkeep
|turn|8
|
|t:|1756425197
|move|p2a: Sneasler|Throat Chop|p1a: Incineroar
|-supereffective|p1a: Incineroar
|-damage|p1a: Incineroar|39/100
|-start|p1a: Incineroar|Throat Chop|[silent]
|-enditem|p1a: Incineroar|Sitrus Berry|[eat]
|-heal|p1a: Incineroar|64/100|[from] item: Sitrus Berry
|move|p2b: Corviknight|Brave Bird|p1a: Incineroar
|-damage|p1a: Incineroar|12/100
|-damage|p2b: Corviknight|83/100|[from] Recoil
|move|p1a: Incineroar|Knock Off|p2b: Corviknight
|-crit|p2b: Corviknight
|-damage|p2b: Corviknight|39/100
|-enditem|p2b: Corviknight|Sitrus Berry|[from] move: Knock Off|[of] p1a: Incineroar
|
|upkeep
|turn|9
|
|t:|1756425205
|move|p2a: Sneasler|Throat Chop|p1a: Incineroar
|-supereffective|p1a: Incineroar
|-damage|p1a: Incineroar|0 fnt
|faint|p1a: Incineroar
|
|win|Togore Gaming
||Balester is ready for game 2.
||Togore Gaming is ready for game 2.
|uhtml|next|Next: Game 2 of 3
|l|☆Balester
|player|p1|
