|j|☆detny
|j|☆BennieGoose
|html|detnyBennieGoose    
|uhtml|bestof|Game 3 of a best-of-3
|t:|1785290133
|gametype|doubles
|player|p1|detny|dawn-gen4pt|
|player|p2|BennieGoose|265|
|gen|9
|tier|[Gen 9 Champions] VGC 2026 Reg M-B (Bo3)
|rule|Species Clause: Limit one of each Pokémon
|rule|Item Clause: Limit 1 of each item
|clearpoke
|poke|p1|Dragonite, L50, M, shiny|
|poke|p1|Eelektross, L50, M|
|poke|p1|Garganacl, L50, F, shiny|
|poke|p1|Kleavor, L50, M, shiny|
|poke|p1|Mimikyu, L50, M|
|poke|p1|Mamoswine, L50, M|
|poke|p2|Delphox, L50, M|
|poke|p2|Venusaur, L50, F|
|poke|p2|Torkoal, L50, M|
|poke|p2|Sinistcha, L50|
|poke|p2|Vivillon, L50, M|
|poke|p2|Talonflame, L50, F|
|teampreview|4
|showteam|p1|Dragonite||Dragoninite|Multiscale|Protect,ExtremeSpeed,DragonPulse,Thunderbolt|Docile||M|||50|]Eelektross||Eelektrossite|Levitate|Protect,Thunderbolt,Flamethrower,GigaDrain|Bashful||M|||50|]Garganacl||Leftovers|PurifyingSalt|SaltCure,WideGuard,IronDefense,RockSlide|Hardy||F|||50|]Kleavor||FocusSash|Sharpness|StoneAxe,XScissor,CloseCombat,Feint|Bashful||M|||50|]Mimikyu||SitrusBerry|Disguise|PlayRough,ShadowSneak,TrickRoom,Protect|Bashful||M|||50|]Mamoswine||NeverMeltIce|ThickFat|Earthquake,KnockOff,IceShard,Avalanche|Docile||M|||50|
|showteam|p2|Delphox||Delphoxite|Blaze|HeatWave,NastyPlot,Protect,Psyshock|Quirky||M|||50|]Venusaur||Venusaurite|Chlorophyll|GigaDrain,SludgeBomb,EarthPower,Protect|Quirky||F|||50|]Torkoal||ChartiBerry|Drought|Protect,HelpingHand,SolarBeam,Eruption|Quirky||M|||50|]Sinistcha||SitrusBerry|Hospitality|MatchaGotcha,RagePowder,ShadowBall,Protect|Quirky|||||50|]Vivillon||FocusSash|CompoundEyes|SleepPowder,RagePowder,Protect,PollenPuff|Quirky||M|||50|]Talonflame||LifeOrb|FlameBody|QuickGuard,FlareBlitz,BraveBird,WillOWisp|Quirky||F|||50|
|
|t:|1785290159
|teamsize|p1|4
|teamsize|p2|4
|start
|switch|p1a: Draggy|Dragonite, L50, M, shiny|100/100
|switch|p1b: Mammy|Mamoswine, L50, M|100/100
|switch|p2a: Sinistcha|Sinistcha, L50|100/100
|switch|p2b: Delphox|Delphox, L50, M|100/100
|turn|1
|
|t:|1785290190
|detailschange|p2b: Delphox|Delphox-Mega, L50, M
|-mega|p2b: Delphox|Delphox|Delphoxite
|detailschange|p1a: Draggy|Dragonite-Mega, L50, M, shiny
|-mega|p1a: Draggy|Dragonite|Dragoninite
|move|p2b: Delphox|Heat Wave|p1b: Mammy|[spread] p1a,p1b
|-resisted|p1a: Draggy|1
|-supereffective|p1b: Mammy|1
|-damage|p1a: Draggy|92/100
|-damage|p1b: Mammy|51/100
|move|p1a: Draggy|Dragon Pulse|p2b: Delphox
|-damage|p2b: Delphox|59/100
|move|p1b: Mammy|Earthquake|p2b: Delphox|[spread] p2a
|-immune|p1a: Draggy
|-immune|p2b: Delphox|[from] ability: Levitate
|-resisted|p2a: Sinistcha|1
|-damage|p2a: Sinistcha|82/100
|move|p2a: Sinistcha|Matcha Gotcha|p1b: Mammy|[spread] p1a,p1b
|-resisted|p1a: Draggy|2
|-supereffective|p1b: Mammy|1
|-damage|p1a: Draggy|87/100
|-heal|p2a: Sinistcha|84/100|[from] drain|[of] p1a: Draggy
|-damage|p1b: Mammy|0 fnt
|-heal|p2a: Sinistcha|100/100|[from] drain|[of] p1b: Mammy
|-status|p1a: Draggy|brn
|faint|p1b: Mammy
|
|-damage|p1a: Draggy|81/100 brn|[from] brn
|upkeep
|
|t:|1785290222
|switch|p1b: Garggy|Garganacl, L50, F, shiny|100/100
|turn|2
|
|t:|1785290251
|move|p1b: Garggy|Wide Guard|p1b: Garggy
|-singleturn|p1b: Garggy|Wide Guard
|move|p2a: Sinistcha|Rage Powder|p2a: Sinistcha
|-singleturn|p2a: Sinistcha|move: Rage Powder
|move|p2b: Delphox|Nasty Plot|p2b: Delphox
|-boost|p2b: Delphox|spa|2
|move|p1a: Draggy|Thunderbolt|p2a: Sinistcha
|-resisted|p2a: Sinistcha|1
|-damage|p2a: Sinistcha|80/100
|
|-damage|p1a: Draggy|75/100 brn|[from] brn
|upkeep
|turn|3
|
|t:|1785290291
|move|p1b: Garggy|Wide Guard|p1b: Garggy
|-singleturn|p1b: Garggy|Wide Guard
|move|p2b: Delphox|Psyshock|p1b: Garggy
|-damage|p1b: Garggy|37/100
|move|p1a: Draggy|Dragon Pulse|p2b: Delphox
|-damage|p2b: Delphox|18/100
|move|p2a: Sinistcha|Matcha Gotcha|p1a: Draggy|[spread] 
|-activate|p1a: Draggy|move: Wide Guard
|-activate|p1b: Garggy|move: Wide Guard
|
|-heal|p1b: Garggy|43/100|[from] item: Leftovers
|-damage|p1a: Draggy|69/100 brn|[from] brn
|upkeep
|turn|4
|
|t:|1785290322
|switch|p2b: Talonflame|Talonflame, L50, F|100/100
|move|p1a: Draggy|Extreme Speed|p2b: Talonflame
|-damage|p2b: Talonflame|81/100
|move|p2a: Sinistcha|Matcha Gotcha|p1b: Garggy|[spread] p1a,p1b
|-resisted|p1a: Draggy|2
|-supereffective|p1b: Garggy|1
|-damage|p1a: Draggy|64/100 brn
|-heal|p2a: Sinistcha|83/100|[from] drain|[of] p1a: Draggy
|-damage|p1b: Garggy|0 fnt
|-heal|p2a: Sinistcha|100/100|[from] drain|[of] p1b: Garggy
|faint|p1b: Garggy
|
|-damage|p1a: Draggy|58/100 brn|[from] brn
|upkeep
|
|t:|1785290337
|switch|p1b: Kleavy|Kleavor, L50, M, shiny|100/100
|turn|5
|
|t:|1785290376
|move|p2a: Sinistcha|Rage Powder|p2a: Sinistcha
|-singleturn|p2a: Sinistcha|move: Rage Powder
|move|p2b: Talonflame|Will-O-Wisp|p1b: Kleavy
|-status|p1b: Kleavy|brn
|move|p1a: Draggy|Dragon Pulse|p2a: Sinistcha
|-damage|p2a: Sinistcha|38/100
|-enditem|p2a: Sinistcha|Sitrus Berry|[eat]
|-heal|p2a: Sinistcha|63/100|[from] item: Sitrus Berry
|move|p1b: Kleavy|Stone Axe|p2a: Sinistcha
|-damage|p2a: Sinistcha|39/100
|-sidestart|p2: BennieGoose|move: Stealth Rock
|
|-damage|p1a: Draggy|52/100 brn|[from] brn
|-damage|p1b: Kleavy|93/100 brn|[from] brn
|upkeep
|turn|6
|
|t:|1785290447
|move|p2b: Talonflame|Brave Bird|p1b: Kleavy
|-damage|p1b: Kleavy|36/100 brn
|-damage|p2b: Talonflame|64/100|[from] Recoil
|-damage|p2b: Talonflame|54/100|[from] item: Life Orb
|move|p1a: Draggy|Dragon Pulse|p2a: Sinistcha
|-damage|p2a: Sinistcha|0 fnt
|faint|p2a: Sinistcha
|move|p1b: Kleavy|Stone Axe|p2b: Talonflame
|-supereffective|p2b: Talonflame|2
|-damage|p2b: Talonflame|0 fnt
|faint|p2b: Talonflame
|
|-damage|p1a: Draggy|46/100 brn|[from] brn
|-damage|p1b: Kleavy|30/100 brn|[from] brn
|upkeep
|
|t:|1785290462
|switch|p2b: Torkoal|Torkoal, L50, M|100/100
|switch|p2a: Delphox|Delphox-Mega, L50, M|18/100
|-damage|p2a: Delphox|0 fnt|[from] Stealth Rock
|faint|p2a: Delphox
|-damage|p2b: Torkoal|75/100|[from] Stealth Rock
|-weather|SunnyDay|[from] ability: Drought|[of] p2b: Torkoal
|turn|7
|
|t:|1785290480
|move|p1a: Draggy|Thunderbolt|p2b: Torkoal
|-damage|p2b: Torkoal|26/100
|move|p1b: Kleavy|Stone Axe|p2b: Torkoal
|-supereffective|p2b: Torkoal|1
|-enditem|p2b: Torkoal|Charti Berry|[eat]
|-enditem|p2b: Torkoal|Charti Berry|[weaken]
|-damage|p2b: Torkoal|7/100
|move|p2b: Torkoal|Solar Beam||[still]
|-prepare|p2b: Torkoal|Solar Beam
|-anim|p2b: Torkoal|Solar Beam|p1a: Draggy
|-resisted|p1a: Draggy|2
|-crit|p1a: Draggy
|-damage|p1a: Draggy|38/100 brn
|
|-weather|SunnyDay|[upkeep]
|-damage|p1a: Draggy|32/100 brn|[from] brn
|-damage|p1b: Kleavy|24/100 brn|[from] brn
|upkeep
|turn|8
|
|t:|1785290504
|move|p1a: Draggy|Extreme Speed|p2b: Torkoal
|-damage|p2b: Torkoal|0 fnt
|faint|p2b: Torkoal
|
|win|detny
|j| soulmoonvgc
