|j|☆Arhanjunior
|j|☆Bobjoe867
|html|ArhanjuniorBobjoe867    
|uhtml|bestof|Game 1 of a best-of-3
|t:|1782624194
|gametype|doubles
|player|p1|Arhanjunior|2|1109
|player|p2|Bobjoe867|265|1040
|gen|9
|tier|[Gen 9 Champions] VGC 2026 Reg M-B (Bo3)
|rated|
|rule|Species Clause: Limit one of each Pokémon
|rule|Item Clause: Limit 1 of each item
|clearpoke
|poke|p1|Swampert, L50, F|
|poke|p1|Pelipper, L50, F|
|poke|p1|Archaludon, L50, F|
|poke|p1|Sinistcha, L50|
|poke|p1|Maushold-Four, L50|
|poke|p1|Gholdengo, L50|
|poke|p2|Incineroar, L50, M|
|poke|p2|Gengar, L50, M|
|poke|p2|Sinistcha, L50|
|poke|p2|Kingambit, L50, F|
|poke|p2|Tyranitar, L50, M|
|poke|p2|Kommo-o, L50, F|
|teampreview|4
|showteam|p1|Swampert||Swampertite|Damp|HighHorsepower,WaveCrash,IcePunch,Protect|Adamant||F|||50|]Pelipper||SitrusBerry|Drizzle|Hurricane,WeatherBall,Tailwind,WideGuard|Modest||F|||50|]Archaludon||Leftovers|Stamina|DragonPulse,ElectroShot,AuraSphere,FlashCannon|Modest||F|||50|]Sinistcha||KasibBerry|Hospitality|MatchaGotcha,TrickRoom,RagePowder,LifeDew|Bold|||||50|]Maushold-Four||FocusSash|FriendGuard|SuperFang,FollowMe,RainDance,Protect|Timid|||||50|]Gholdengo||LifeOrb|GoodasGold|MakeItRain,ShadowBall,NastyPlot,Protect|Modest|||||50|
|showteam|p2|Incineroar||ShucaBerry|Intimidate|PartingShot,FakeOut,Protect,ThroatChop|Careful||M|||50|]Gengar||Gengarite|CursedBody|ShadowBall,Protect,Substitute,PerishSong|Timid||M|||50|]Sinistcha||SitrusBerry|Hospitality|MatchaGotcha,RagePowder,Protect,LifeDew|Calm|||||50|]Kingambit||ChopleBerry|Defiant|IronHead,Protect,LowKick,SuckerPunch|Adamant||F|||50|]Tyranitar||ChoiceScarf|SandStream|StoneEdge,IcePunch,LowKick,RockSlide|Jolly||M|||50|]Kommo-o||Leftovers|Soundproof|ClangingScales,ClangorousSoul,AuraSphere,Protect|Modest||F|||50|
|inactive|Battle timer is ON: inactive players will automatically lose when time's up. (requested by Arhanjunior)
|inactive|Bobjoe867 has 60 seconds left.
|
|t:|1782624264
|teamsize|p1|4
|teamsize|p2|4
|start
|switch|p1a: Swampert|Swampert, L50, F|100/100
|switch|p1b: Maushold|Maushold-Four, L50|100/100
|switch|p2a: Gengar|Gengar, L50, M|100/100
|switch|p2b: Sinistcha|Sinistcha, L50|100/100
|turn|1
|
|t:|1782624288
|detailschange|p2a: Gengar|Gengar-Mega, L50, M
|-mega|p2a: Gengar|Gengar|Gengarite
|detailschange|p1a: Swampert|Swampert-Mega, L50, F
|-mega|p1a: Swampert|Swampert|Swampertite
|move|p1a: Swampert|Protect|p1a: Swampert
|-singleturn|p1a: Swampert|Protect
|move|p2b: Sinistcha|Rage Powder|p2b: Sinistcha
|-singleturn|p2b: Sinistcha|move: Rage Powder
|move|p2a: Gengar|Perish Song|p2a: Gengar
|-start|p1a: Swampert|perish3|[silent]
|-start|p1b: Maushold|perish3|[silent]
|-start|p2a: Gengar|perish3|[silent]
|-start|p2b: Sinistcha|perish3|[silent]
|-fieldactivate|move: Perish Song
|move|p1b: Maushold|Rain Dance|p1b: Maushold
|-weather|RainDance
|
|-weather|RainDance|[upkeep]
|-start|p1a: Swampert|perish3
|-start|p2a: Gengar|perish3
|-start|p1b: Maushold|perish3
|-start|p2b: Sinistcha|perish3
|upkeep
|turn|2
|
|t:|1782624310
|move|p2a: Gengar|Protect|p2a: Gengar
|-singleturn|p2a: Gengar|Protect
|move|p2b: Sinistcha|Protect|p2b: Sinistcha
|-singleturn|p2b: Sinistcha|Protect
|move|p1b: Maushold|Follow Me|p1b: Maushold
|-singleturn|p1b: Maushold|move: Follow Me
|move|p1a: Swampert|Ice Punch|p2b: Sinistcha
|-activate|p2b: Sinistcha|move: Protect
|
|-weather|RainDance|[upkeep]
|-start|p1a: Swampert|perish2
|-start|p2a: Gengar|perish2
|-start|p1b: Maushold|perish2
|-start|p2b: Sinistcha|perish2
|upkeep
|turn|3
|
|t:|1782624332
|move|p1a: Swampert|Wave Crash|p2a: Gengar
|-damage|p2a: Gengar|0 fnt
|faint|p2a: Gengar
|-damage|p1a: Swampert|71/100|[from] Recoil
|move|p1b: Maushold|Super Fang|p2b: Sinistcha
|-immune|p2b: Sinistcha
|move|p2b: Sinistcha|Matcha Gotcha|p1b: Maushold|[spread] p1a,p1b
|-supereffective|p1a: Swampert|2
|-damage|p1a: Swampert|3/100
|-damage|p1b: Maushold|71/100
|-status|p1b: Maushold|brn
|
|-weather|RainDance|[upkeep]
|-damage|p1b: Maushold|65/100 brn|[from] brn
|-start|p1a: Swampert|perish1
|-start|p1b: Maushold|perish1
|-start|p2b: Sinistcha|perish1
|upkeep
|
|t:|1782624352
|switch|p2a: Kingambit|Kingambit, L50, F|100/100
|turn|4
|
|t:|1782624373
|switch|p1a: Archaludon|Archaludon, L50, F|100/100
|switch|p1b: Pelipper|Pelipper, L50, F|100/100
|switch|p2b: Tyranitar|Tyranitar, L50, M|100/100
|-weather|Sandstorm|[from] ability: Sand Stream|[of] p2b: Tyranitar
|move|p2a: Kingambit|Low Kick|p1a: Archaludon
|-supereffective|p1a: Archaludon|1
|-damage|p1a: Archaludon|53/100
|-ability|p1a: Archaludon|Stamina|boost
|-boost|p1a: Archaludon|def|1
|
|-weather|Sandstorm|[upkeep]
|-damage|p1b: Pelipper|93/100|[from] Sandstorm
|-heal|p1a: Archaludon|59/100|[from] item: Leftovers
|upkeep
|turn|5
|inactive|Bobjoe867 has 30 seconds left.
|
|t:|1782624404
|move|p1b: Pelipper|Wide Guard|p1b: Pelipper
|-singleturn|p1b: Pelipper|Wide Guard
|move|p2b: Tyranitar|Rock Slide|p1a: Archaludon|[spread] 
|-activate|p1a: Archaludon|move: Wide Guard
|-activate|p1b: Pelipper|move: Wide Guard
|move|p1a: Archaludon|Aura Sphere|p2a: Kingambit
|-supereffective|p2a: Kingambit|2
|-crit|p2a: Kingambit
|-enditem|p2a: Kingambit|Chople Berry|[eat]
|-enditem|p2a: Kingambit|Chople Berry|[weaken]
|-damage|p2a: Kingambit|8/100
|move|p2a: Kingambit|Low Kick|p1a: Archaludon
|-supereffective|p1a: Archaludon|1
|-damage|p1a: Archaludon|29/100
|-ability|p1a: Archaludon|Stamina|boost
|-boost|p1a: Archaludon|def|1
|
|-weather|Sandstorm|[upkeep]
|-damage|p1b: Pelipper|87/100|[from] Sandstorm
|-heal|p1a: Archaludon|36/100|[from] item: Leftovers
|upkeep
|turn|6
|
|t:|1782624428
|switch|p2b: Sinistcha|Sinistcha, L50|100/100
|-heal|p2a: Kingambit|32/100|[from] ability: Hospitality|[of] p2b: Sinistcha
|move|p1b: Pelipper|Wide Guard|p1b: Pelipper
|-singleturn|p1b: Pelipper|Wide Guard
|move|p2a: Kingambit|Sucker Punch|p1a: Archaludon
|-damage|p1a: Archaludon|20/100y
|-ability|p1a: Archaludon|Stamina|boost
|-boost|p1a: Archaludon|def|1
|move|p1a: Archaludon|Aura Sphere|p2b: Sinistcha
|-immune|p2b: Sinistcha
|
|-weather|Sandstorm|[upkeep]
|-damage|p2b: Sinistcha|93/100|[from] Sandstorm
|-damage|p1b: Pelipper|81/100|[from] Sandstorm
|-heal|p1a: Archaludon|26/100|[from] item: Leftovers
|upkeep
|turn|7
|inactive|Bobjoe867 has 30 seconds left.
|inactive|Bobjoe867 has 20 seconds left.
|
|t:|1782624466
|move|p1b: Pelipper|Wide Guard|p1b: Pelipper
|-singleturn|p1b: Pelipper|Wide Guard
|move|p2b: Sinistcha|Rage Powder|p2b: Sinistcha
|-singleturn|p2b: Sinistcha|move: Rage Powder
|move|p1a: Archaludon|Aura Sphere|p2b: Sinistcha
|-immune|p2b: Sinistcha
|move|p2a: Kingambit|Low Kick|p1a: Archaludon
|-supereffective|p1a: Archaludon|1
|-damage|p1a: Archaludon|8/100
|-ability|p1a: Archaludon|Stamina|boost
|-boost|p1a: Archaludon|def|1
|
|-weather|Sandstorm|[upkeep]
|-damage|p2b: Sinistcha|87/100|[from] Sandstorm
|-damage|p1b: Pelipper|75/100|[from] Sandstorm
|-heal|p1a: Archaludon|14/100|[from] item: Leftovers
|upkeep
|turn|8
|
|t:|1782624486
|move|p2b: Sinistcha|Rage Powder|p2b: Sinistcha
|-singleturn|p2b: Sinistcha|move: Rage Powder
|move|p1a: Archaludon|Dragon Pulse|p2b: Sinistcha
|-damage|p2b: Sinistcha|49/100
|-enditem|p2b: Sinistcha|Sitrus Berry|[eat]
|-heal|p2b: Sinistcha|74/100|[from] item: Sitrus Berry
|move|p1b: Pelipper|Tailwind|p1b: Pelipper
|-sidestart|p1: Arhanjunior|move: Tailwind
|move|p2a: Kingambit|Low Kick|p1a: Archaludon
|-supereffective|p1a: Archaludon|1
|-damage|p1a: Archaludon|0 fnt
|faint|p1a: Archaludon
|
|-weather|none
|upkeep
|
|t:|1782624498
|switch|p1a: Maushold|Maushold-Four, L50|65/100 brn
|turn|9
|
|t:|1782624518
|move|p1a: Maushold|Rain Dance|p1a: Maushold
|-weather|RainDance
|move|p1b: Pelipper|Weather Ball|p2a: Kingambit
|-damage|p2a: Kingambit|0 fnt
|faint|p2a: Kingambit
|move|p2b: Sinistcha|Life Dew|p2b: Sinistcha
|-heal|p2b: Sinistcha|99/100
|
|-weather|RainDance|[upkeep]
|-damage|p1a: Maushold|59/100 brn|[from] brn
|upkeep
|
|t:|1782624527
|switch|p2a: Tyranitar|Tyranitar, L50, M|100/100
|-weather|Sandstorm|[from] ability: Sand Stream|[of] p2a: Tyranitar
|turn|10
|
|t:|1782624535
|move|p2b: Sinistcha|Rage Powder|p2b: Sinistcha
|-singleturn|p2b: Sinistcha|move: Rage Powder
|move|p1a: Maushold|Rain Dance|p1a: Maushold
|-weather|RainDance
|move|p2a: Tyranitar|Low Kick|p1a: Maushold
|-supereffective|p1a: Maushold|1
|-damage|p1a: Maushold|39/100 brn
|move|p1b: Pelipper|Weather Ball|p2b: Sinistcha
|-resisted|p2b: Sinistcha|1
|-damage|p2b: Sinistcha|67/100
|
|-weather|RainDance|[upkeep]
|-damage|p1a: Maushold|33/100 brn|[from] brn
|upkeep
|turn|11
|-message|Bobjoe867 forfeited.
|
|win|Arhanjunior
|l|☆Bobjoe867
|player|p2|
||Arhanjunior is ready for game 2.
||Bobjoe867 is ready for game 2.
|uhtml|next|Next: Game 2 of 3
