|j|☆siamocucinatidoc
|j|‽ernestosparalesto1
|html|siamocucinatidocernestosparalesto1    
|uhtml|bestof|Game 1 of a best-of-3
|t:|1783846538
|gametype|doubles
|player|p1|siamocucinatidoc|2|1073
|player|p2|ernestosparalesto1|2|1096
|gen|9
|tier|[Gen 9 Champions] VGC 2026 Reg M-B (Bo3)
|rated|
|rule|Species Clause: Limit one of each Pokémon
|rule|Item Clause: Limit 1 of each item
|clearpoke
|poke|p1|Gholdengo, L50|
|poke|p1|Aerodactyl, L50, M|
|poke|p1|Incineroar, L50, M|
|poke|p1|Sinistcha-Masterpiece, L50|
|poke|p1|Kommo-o, L50, F|
|poke|p1|Charizard, L50, F|
|poke|p2|Mamoswine, L50, F|
|poke|p2|Samurott-Hisui, L50, F|
|poke|p2|Dragalge, L50, M|
|poke|p2|Sinistcha, L50|
|poke|p2|Rotom-Wash, L50|
|poke|p2|Pyroar, L50, M|
|teampreview|4
|showteam|p1|Gholdengo||ColburBerry|GoodasGold|MakeItRain,ShadowBall,NastyPlot,Protect|Modest|||||50|]Aerodactyl||Aerodactylite|Unnerve|Tailwind,RockSlide,DualWingbeat,WideGuard|Jolly||M|||50|]Incineroar||SitrusBerry|Intimidate|FakeOut,FlareBlitz,ThroatChop,PartingShot|Careful||M|||50|]Sinistcha-Masterpiece||KasibBerry|Hospitality|MatchaGotcha,RagePowder,TrickRoom,LifeDew|Bold|||||50|]Kommo-o||Leftovers|Soundproof|ClangingScales,AuraSphere,ClangorousSoul,Protect|Timid||F|||50|]Charizard||CharizarditeY|SolarPower|HeatWave,WeatherBall,SolarBeam,Protect|Modest||F|||50|
|showteam|p2|Mamoswine||LifeOrb|Oblivious|IcicleCrash,HighHorsepower,IceShard,Protect|Adamant||F|||50|]Samurott-Hisui||ExpertBelt|Sharpness|CeaselessEdge,SacredSword,SuckerPunch,Protect|Adamant||F|||50|]Dragalge||Dragalgite|PoisonPoint|DracoMeteor,SludgeBomb,Toxic,Protect|Calm||M|||50|]Sinistcha||KasibBerry|Hospitality|MatchaGotcha,TrickRoom,RagePowder,Protect|Relaxed|||||50|]Rotom-Wash||Leftovers|Levitate|Thunderbolt,HydroPump,WillOWisp,Protect|Bold|||||50|]Pyroar||Pyroarite|Rivalry|HeatWave,Overheat,HyperVoice,Protect|Timid||M|||50|
|inactive|Battle timer is ON: inactive players will automatically lose when time's up. (requested by ernestosparalesto1)
|inactive|siamocucinatidoc has 60 seconds left.
|
|t:|1783846639
|teamsize|p1|4
|teamsize|p2|4
|start
|switch|p1a: Kommo-o|Kommo-o, L50, F|100/100
|switch|p1b: Aerodactyl|Aerodactyl, L50, M|100/100
|switch|p2a: Dragalge|Dragalge, L50, M|100/100
|switch|p2b: Samurott|Samurott-Hisui, L50, F|100/100
|-ability|p1b: Aerodactyl|Unnerve
|turn|1
|inactive|siamocucinatidoc has 30 seconds left.
|inactive|ernestosparalesto1 has 30 seconds left.
|inactive|ernestosparalesto1 has 20 seconds left.
|inactive|ernestosparalesto1 has 15 seconds left.
|
|t:|1783846680
|detailschange|p2a: Dragalge|Dragalge-Mega, L50, M
|-mega|p2a: Dragalge|Dragalge|Dragalgite
|move|p1b: Aerodactyl|Rock Slide|p2a: Dragalge|[spread] p2a,p2b
|-damage|p2a: Dragalge|77/100
|-damage|p2b: Samurott|77/100
|move|p1a: Kommo-o|Clanging Scales|p2a: Dragalge|[spread] p2a,p2b
|-supereffective|p2a: Dragalge|1
|-damage|p2a: Dragalge|38/100
|-damage|p2b: Samurott|38/100
|-unboost|p1a: Kommo-o|def|1
|move|p2b: Samurott|Sacred Sword|p1a: Kommo-o
|-damage|p1a: Kommo-o|61/100
|move|p2a: Dragalge|Draco Meteor|p1a: Kommo-o
|-supereffective|p1a: Kommo-o|1
|-damage|p1a: Kommo-o|0 fnt
|-unboost|p2a: Dragalge|spa|2
|faint|p1a: Kommo-o
|
|upkeep
|
|t:|1783846695
|switch|p1a: Charizard|Charizard, L50, F|100/100
|turn|2
|
|t:|1783846702
|-heal|p2a: Dragalge|72/100|[from] ability: Regenerator|[silent]
|switch|p2a: Sinistcha|Sinistcha, L50|100/100
|-heal|p2b: Samurott|63/100|[from] ability: Hospitality|[of] p2a: Sinistcha
|detailschange|p1a: Charizard|Charizard-Mega-Y, L50, F
|-mega|p1a: Charizard|Charizard|Charizardite Y
|-weather|SunnyDay|[from] ability: Drought|[of] p1a: Charizard
|move|p2b: Samurott|Sucker Punch|p1a: Charizard
|-damage|p1a: Charizard|60/100
|move|p1b: Aerodactyl|Rock Slide|p2a: Sinistcha|[spread] p2a,p2b
|-damage|p2a: Sinistcha|86/100
|-damage|p2b: Samurott|40/100
|move|p1a: Charizard|Heat Wave|p2b: Samurott|[spread] p2a,p2b
|-supereffective|p2a: Sinistcha|1
|-resisted|p2b: Samurott|1
|-damage|p2a: Sinistcha|0 fnt
|-damage|p2b: Samurott|1/100
|faint|p2a: Sinistcha
|
|-weather|SunnyDay|[upkeep]
|upkeep
|
|t:|1783846725
|switch|p2a: Mamoswine|Mamoswine, L50, F|100/100
|turn|3
|inactive|siamocucinatidoc has 30 seconds left.
|
|t:|1783846755
|move|p1a: Charizard|Protect|p1a: Charizard
|-singleturn|p1a: Charizard|Protect
|move|p2a: Mamoswine|Ice Shard|p1a: Charizard
|-activate|p1a: Charizard|move: Protect
|move|p2b: Samurott|Sucker Punch||[still]
|-fail|p2b: Samurott
|move|p1b: Aerodactyl|Rock Slide|p2b: Samurott|[spread] p2b
|-miss|p1b: Aerodactyl|p2a: Mamoswine
|-damage|p2b: Samurott|0 fnt
|faint|p2b: Samurott
|
|-weather|SunnyDay|[upkeep]
|upkeep
|
|t:|1783846757
|switch|p2b: Dragalge|Dragalge-Mega, L50, M|72/100
|turn|4
|
|t:|1783846779
|move|p2a: Mamoswine|Protect|p2a: Mamoswine
|-singleturn|p2a: Mamoswine|Protect
|move|p1b: Aerodactyl|Rock Slide|p2b: Dragalge|[spread] p2b
|-activate|p2a: Mamoswine|move: Protect
|-damage|p2b: Dragalge|52/100
|move|p1a: Charizard|Weather Ball|p2a: Mamoswine
|-activate|p2a: Mamoswine|move: Protect
|cant|p2b: Dragalge|flinch
|
|-weather|SunnyDay|[upkeep]
|upkeep
|turn|5
|
|t:|1783846796
|move|p2a: Mamoswine|Ice Shard|p1b: Aerodactyl
|-supereffective|p1b: Aerodactyl|1
|-damage|p1b: Aerodactyl|4/100
|-damage|p2a: Mamoswine|90/100|[from] item: Life Orb
|move|p1b: Aerodactyl|Rock Slide|p2a: Mamoswine|[spread] p2a,p2b
|-damage|p2a: Mamoswine|65/100
|-damage|p2b: Dragalge|33/100
|move|p1a: Charizard|Weather Ball|p2a: Mamoswine
|-supereffective|p2a: Mamoswine|1
|-damage|p2a: Mamoswine|0 fnt
|faint|p2a: Mamoswine
|cant|p2b: Dragalge|flinch
|
|-weather|SunnyDay|[upkeep]
|upkeep
|turn|6
|-message|ernestosparalesto1 forfeited.
|
|win|siamocucinatidoc
|l|‽ernestosparalesto1
|player|p2|
||ernestosparalesto1 is ready for game 2.
||siamocucinatidoc is ready for game 2.
|uhtml|next|Next: Game 2 of 3
