|j|☆Gideon1177
|j|☆colemarcusvgc
|html|Gideon1177colemarcusvgc    
|uhtml|bestof|Game 1 of a best-of-3
|t:|1756795986
|gametype|doubles
|player|p1|Gideon1177|1|1036
|player|p2|colemarcusvgc|n|1077
|gen|9
|tier|[Gen 9] VGC 2025 Reg H (Bo3)
|rated|
|rule|Species Clause: Limit one of each Pokémon
|rule|Item Clause: Limit 1 of each item
|clearpoke
|poke|p1|Torkoal, L50, M|
|poke|p1|Lilligant-Hisui, L50, F|
|poke|p1|Indeedee-F, L50, F|
|poke|p1|Hatterene, L50, F|
|poke|p1|Sneasler, L50, M|
|poke|p1|Milotic, L50, M|
|poke|p2|Indeedee-F, L50, F|
|poke|p2|Hatterene, L50, F|
|poke|p2|Ursaluna, L50, F|
|poke|p2|Amoonguss, L50, M|
|poke|p2|Porygon2, L50|
|poke|p2|Tyranitar, L50, F|
|teampreview|4
|showteam|p1|Torkoal||ChoiceSpecs|Drought|Eruption,Overheat,HeatWave,ClearSmog|||M|||50|,,,,,Fire]Lilligant-Hisui||FocusSash|Chlorophyll|SleepPowder,CloseCombat,AfterYou,LeafBlade|||F|||50|,,,,,Water]Indeedee-F||MentalHerb|PsychicSurge|Protect,FollowMe,TrickRoom,DazzlingGleam|||F|||50|,,,,,Bug]Hatterene||RockyHelmet|MagicBounce|Protect,TrickRoom,ExpandingForce,HealPulse|||F|||50|,,,,,Dragon]Sneasler||PsychicSeed|Unburden|Protect,ThroatChop,CloseCombat,DireClaw|||M|||50|,,,,,Dark]Milotic||FlameOrb|MarvelScale|Protect,LifeDew,IcyWind,Scald|||M|||50|,,,,,Grass
|showteam|p2|Indeedee-F||RockyHelmet|PsychicSurge|FollowMe,HelpingHand,TrickRoom,DazzlingGleam|||F|||50|,,,,,Steel]Hatterene||LifeOrb|MagicBounce|TrickRoom,ExpandingForce,MysticalFire,DazzlingGleam|||F|||50|,,,,,Ghost]Ursaluna||FlameOrb|Guts|Facade,HeadlongRush,Earthquake,Protect|||F|||50|,,,,,Ghost]Amoonguss||SitrusBerry|Regenerator|Spore,RagePowder,PollenPuff,SludgeBomb|||M|||50|,,,,,Water]Porygon2||Eviolite|Download|IceBeam,TeraBlast,Recover,TrickRoom||||||50|,,,,,Grass]Tyranitar||SafetyGoggles|SandStream|RockSlide,Crunch,LowKick,IcePunch|||F|||50|,,,,,Fairy
|
|t:|1756796027
|teamsize|p1|4
|teamsize|p2|4
|start
|switch|p1a: Indeedee|Indeedee-F, L50, F|100/100
|switch|p1b: Sneasler|Sneasler, L50, M|100/100
|switch|p2a: Porygon2|Porygon2, L50|100/100
|switch|p2b: Amoonguss|Amoonguss, L50, M|100/100
|-fieldstart|move: Psychic Terrain|[from] ability: Psychic Surge|[of] p1a: Indeedee
|-enditem|p1b: Sneasler|Psychic Seed
|-boost|p1b: Sneasler|spd|1|[from] item: Psychic Seed
|-ability|p2a: Porygon2|Download|boost
|-boost|p2a: Porygon2|atk|1
|turn|1
|inactive|Battle timer is ON: inactive players will automatically lose when time's up. (requested by colemarcusvgc)
|
|t:|1756796083
|move|p1a: Indeedee|Follow Me|p1a: Indeedee
|-singleturn|p1a: Indeedee|move: Follow Me
|move|p1b: Sneasler|Dire Claw|p2b: Amoonguss
|-damage|p2b: Amoonguss|66/100
|move|p2b: Amoonguss|Spore|p1a: Indeedee
|-status|p1a: Indeedee|slp|[from] move: Spore
|move|p2a: Porygon2|Trick Room|p2a: Porygon2
|-fieldstart|move: Trick Room|[of] p2a: Porygon2
|
|upkeep
|turn|2
|
|t:|1756796105
|switch|p2a: Ursaluna|Ursaluna, L50, F|100/100
|cant|p1a: Indeedee|slp
|move|p2b: Amoonguss|Spore|p1b: Sneasler
|-status|p1b: Sneasler|slp|[from] move: Spore
|cant|p1b: Sneasler|slp
|
|-status|p2a: Ursaluna|brn|[from] item: Flame Orb
|upkeep
|turn|3
|
|t:|1756796121
|cant|p1a: Indeedee|slp
|move|p2b: Amoonguss|Sludge Bomb|p1b: Sneasler
|-resisted|p1b: Sneasler
|-damage|p1b: Sneasler|91/100 slp
|move|p2a: Ursaluna|Facade|p1a: Indeedee
|-damage|p1a: Indeedee|0 fnt
|faint|p1a: Indeedee
|cant|p1b: Sneasler|slp
|
|-damage|p2a: Ursaluna|95/100 brn|[from] brn
|upkeep
|
|t:|1756796128
|switch|p1a: Torkoal|Torkoal, L50, M|100/100
|-weather|SunnyDay|[from] ability: Drought|[of] p1a: Torkoal
|turn|4
|
|t:|1756796147
|switch|p2b: Tyranitar|Tyranitar, L50, F|100/100
|-weather|Sandstorm|[from] ability: Sand Stream|[of] p2b: Tyranitar
|-terastallize|p1a: Torkoal|Fire
|-terastallize|p2a: Ursaluna|Ghost
|move|p1a: Torkoal|Eruption|p2b: Tyranitar|[spread] p2a,p2b
|-resisted|p2b: Tyranitar
|-damage|p2a: Ursaluna|4/100 brn
|-damage|p2b: Tyranitar|72/100
|move|p2a: Ursaluna|Headlong Rush|p1a: Torkoal
|-supereffective|p1a: Torkoal
|-crit|p1a: Torkoal
|-damage|p1a: Torkoal|0 fnt
|-unboost|p2a: Ursaluna|def|1
|-unboost|p2a: Ursaluna|spd|1
|faint|p1a: Torkoal
|-curestatus|p1b: Sneasler|slp|[msg]
|move|p1b: Sneasler|Dire Claw|p2b: Tyranitar
|-resisted|p2b: Tyranitar
|-damage|p2b: Tyranitar|57/100
|
|-weather|Sandstorm|[upkeep]
|-damage|p2a: Ursaluna|0 fnt|[from] Sandstorm
|-damage|p1b: Sneasler|85/100|[from] Sandstorm
|faint|p2a: Ursaluna
|upkeep
|
|t:|1756796169
|switch|p1a: Hatterene|Hatterene, L50, F|100/100
|switch|p2a: Amoonguss|Amoonguss, L50, M|99/100
|turn|5
|
|t:|1756796192
|move|p1a: Hatterene|Protect|p1a: Hatterene
|-singleturn|p1a: Hatterene|Protect
|move|p1b: Sneasler|Protect|p1b: Sneasler
|-singleturn|p1b: Sneasler|Protect
|move|p2a: Amoonguss|Spore|p1b: Sneasler
|-activate|p1b: Sneasler|move: Protect
|move|p2b: Tyranitar|Crunch|p1a: Hatterene
|-activate|p1a: Hatterene|move: Protect
|
|-weather|Sandstorm|[upkeep]
|-damage|p1a: Hatterene|94/100|[from] Sandstorm
|-damage|p2a: Amoonguss|93/100|[from] Sandstorm
|-damage|p1b: Sneasler|79/100|[from] Sandstorm
|-fieldend|move: Trick Room
|-fieldend|move: Psychic Terrain
|upkeep
|turn|6
|inactive|Gideon1177 has 30 seconds left.
|inactive|colemarcusvgc has 30 seconds left.
|
|t:|1756796225
|switch|p2b: Porygon2|Porygon2, L50|100/100
|-ability|p2b: Porygon2|Download|boost
|-boost|p2b: Porygon2|atk|1
|move|p1b: Sneasler|Close Combat|p2b: Porygon2
|-supereffective|p2b: Porygon2
|-damage|p2b: Porygon2|30/100
|-unboost|p1b: Sneasler|def|1
|-unboost|p1b: Sneasler|spd|1
|move|p2a: Amoonguss|Spore|p1b: Sneasler
|-status|p1b: Sneasler|slp|[from] move: Spore
|move|p1a: Hatterene|Heal Pulse|p1b: Sneasler
|-heal|p1b: Sneasler|100/100 slp
|
|-weather|Sandstorm|[upkeep]
|-damage|p1b: Sneasler|95/100 slp|[from] Sandstorm
|-damage|p2b: Porygon2|25/100|[from] Sandstorm
|-damage|p2a: Amoonguss|87/100|[from] Sandstorm
|-damage|p1a: Hatterene|88/100|[from] Sandstorm
|upkeep
|turn|7
|
|t:|1756796246
|move|p2a: Amoonguss|Rage Powder|p2a: Amoonguss
|-singleturn|p2a: Amoonguss|move: Rage Powder
|cant|p1b: Sneasler|slp
|move|p1a: Hatterene|Expanding Force|p2a: Amoonguss
|-supereffective|p2a: Amoonguss
|-damage|p2a: Amoonguss|35/100
|-enditem|p2a: Amoonguss|Sitrus Berry|[eat]
|-heal|p2a: Amoonguss|60/100|[from] item: Sitrus Berry
|move|p2b: Porygon2|Trick Room|p2b: Porygon2
|-fieldstart|move: Trick Room|[of] p2b: Porygon2
|
|-weather|Sandstorm|[upkeep]
|-damage|p1a: Hatterene|82/100|[from] Sandstorm
|-damage|p2a: Amoonguss|54/100|[from] Sandstorm
|-damage|p2b: Porygon2|19/100|[from] Sandstorm
|-damage|p1b: Sneasler|89/100 slp|[from] Sandstorm
|upkeep
|turn|8
|
|t:|1756796264
|-curestatus|p1b: Sneasler|slp|[msg]
|move|p1b: Sneasler|Protect|p1b: Sneasler
|-singleturn|p1b: Sneasler|Protect
|move|p2a: Amoonguss|Sludge Bomb|p1a: Hatterene
|-supereffective|p1a: Hatterene
|-damage|p1a: Hatterene|31/100
|move|p2b: Porygon2|Recover|p2b: Porygon2
|-heal|p2b: Porygon2|69/100
|move|p1a: Hatterene|Trick Room|p1a: Hatterene
|-fieldend|move: Trick Room
|
|-weather|none
|upkeep
|turn|9
|inactive|Gideon1177 has 30 seconds left.
|
|t:|1756796289
|move|p1b: Sneasler|Close Combat|p2b: Porygon2
|-supereffective|p2b: Porygon2
|-damage|p2b: Porygon2|0 fnt
|-unboost|p1b: Sneasler|def|1
|-unboost|p1b: Sneasler|spd|1
|faint|p2b: Porygon2
|move|p2a: Amoonguss|Sludge Bomb|p1a: Hatterene
|-supereffective|p1a: Hatterene
|-damage|p1a: Hatterene|0 fnt
|faint|p1a: Hatterene
|
|upkeep
|
|t:|1756796298
|switch|p2b: Tyranitar|Tyranitar, L50, F|57/100
|-weather|Sandstorm|[from] ability: Sand Stream|[of] p2b: Tyranitar
|turn|10
|inactive|colemarcusvgc has 30 seconds left.
|
|t:|1756796328
|move|p2a: Amoonguss|Rage Powder|p2a: Amoonguss
|-singleturn|p2a: Amoonguss|move: Rage Powder
|move|p1b: Sneasler|Close Combat|p2a: Amoonguss
|-resisted|p2a: Amoonguss
|-damage|p2a: Amoonguss|24/100
|-unboost|p1b: Sneasler|def|1
|-unboost|p1b: Sneasler|spd|1
|move|p2b: Tyranitar|Ice Punch|p1b: Sneasler
|-damage|p1b: Sneasler|0 fnt
|faint|p1b: Sneasler
|
|win|colemarcusvgc
||Gideon1177 is ready for game 2.
|inactive|colemarcusvgc has 30 seconds to confirm battle start!
