|j|☆Kevin-V8
|j|☆TalonMasterJ
|html|Kevin-V8TalonMasterJ    
|uhtml|bestof|Game 2 of a best-of-3
|t:|1756253386
|gametype|doubles
|player|p1|Kevin-V8|ethan|1069
|player|p2|TalonMasterJ|steven|1112
|gen|9
|tier|[Gen 9] VGC 2025 Reg H (Bo3)
|rated|
|rule|Species Clause: Limit one of each Pokémon
|rule|Item Clause: Limit 1 of each item
|clearpoke
|poke|p1|Sneasler, L50, M|
|poke|p1|Dragapult, L50, F|
|poke|p1|Primarina, L50, M|
|poke|p1|Rillaboom, L50, M|
|poke|p1|Kingambit, L50, F|
|poke|p1|Magmar, L50, M|
|poke|p2|Incineroar, L50, M|
|poke|p2|Dragonite, L50, F|
|poke|p2|Porygon2, L50|
|poke|p2|Ursaluna-Bloodmoon, L50, M|
|poke|p2|Ninetales-Alola, L50, M|
|poke|p2|Annihilape, L50, M|
|teampreview|4
|showteam|p1|Sneasler||FocusSash|PoisonTouch|CloseCombat,DireClaw,FakeOut,Protect|||M|||50|,,,,,Stellar]Dragapult||ChoiceBand|ClearBody|DragonDarts,TeraBlast,PhantomForce,Uturn|||F|||50|,,,,,Ghost]Primarina||SitrusBerry|LiquidVoice|HyperVoice,Moonblast,Haze,Protect|||M|||50|,,,,,Water]Rillaboom||AssaultVest|GrassySurge|WoodHammer,GrassyGlide,HighHorsepower,FakeOut|||M|||50|,,,,,Fire]Kingambit||BlackGlasses|Defiant|KowtowCleave,SuckerPunch,SwordsDance,Protect|||F|||50|,,,,,Ghost]Magmar||Eviolite|VitalSpirit|Overheat,WillOWisp,FollowMe,Protect|||M|||50|,,,,,Ghost
|showteam|p2|Incineroar||ChopleBerry|Intimidate|FlareBlitz,KnockOff,FakeOut,PartingShot|||M|||50|,,,,,Grass]Dragonite||LoadedDice|Multiscale|ScaleShot,Tailwind,Haze,Protect|||F|||50|,,,,,Steel]Porygon2||Eviolite|Download|TeraBlast,IceBeam,Recover,TrickRoom||||||50|,,,,,Fighting]Ursaluna-Bloodmoon||AssaultVest|MindsEye|HyperVoice,BloodMoon,VacuumWave,EarthPower|||M|||50|,,,,,Water]Ninetales-Alola||LightClay|SnowWarning|IcicleSpear,Encore,IcyWind,AuroraVeil|||M|||50|,,,,,Ghost]Annihilape||SafetyGoggles|Defiant|DrainPunch,RageFist,BulkUp,Protect|||M|||50|,,,,,Fire
|inactive|Battle timer is ON: inactive players will automatically lose when time's up. (requested by Kevin-V8)
|inactive|Kevin-V8 has 60 seconds left.
|inactive|TalonMasterJ has 60 seconds left.
|inactive|Kevin-V8 has 30 seconds left.
|inactive|TalonMasterJ has 30 seconds left.
|
|t:|1756253450
|teamsize|p1|4
|teamsize|p2|4
|start
|switch|p1a: Sneasler|Sneasler, L50, M|100/100
|switch|p1b: Primarina|Primarina, L50, M|100/100
|switch|p2a: Incineroar|Incineroar, L50, M|100/100
|switch|p2b: Dragonite|Dragonite, L50, F|100/100
|-ability|p2a: Incineroar|Intimidate|boost
|-unboost|p1a: Sneasler|atk|1
|-unboost|p1b: Primarina|atk|1
|turn|1
|inactive|Kevin-V8 has 30 seconds left.
|inactive|Kevin-V8 has 20 seconds left.
|inactive|Kevin-V8 has 15 seconds left.
|
|t:|1756253494
|move|p2b: Dragonite|Protect|p2b: Dragonite
|-singleturn|p2b: Dragonite|Protect
|move|p2a: Incineroar|Fake Out|p1b: Primarina
|-crit|p1b: Primarina
|-damage|p1b: Primarina|81/100
|move|p1a: Sneasler|Close Combat|p2a: Incineroar
|-supereffective|p2a: Incineroar
|-enditem|p2a: Incineroar|Chople Berry|[eat]
|-enditem|p2a: Incineroar|Chople Berry|[weaken]
|-damage|p2a: Incineroar|58/100
|-unboost|p1a: Sneasler|def|1
|-unboost|p1a: Sneasler|spd|1
|cant|p1b: Primarina|flinch
|
|upkeep
|turn|2
|inactive|Kevin-V8 has 30 seconds left.
|inactive|Kevin-V8 has 20 seconds left.
|
|t:|1756253534
|move|p1a: Sneasler|Dire Claw|p2b: Dragonite
|-damage|p2b: Dragonite|86/100
|-status|p2b: Dragonite|psn
|move|p2b: Dragonite|Scale Shot|p1a: Sneasler
|-damage|p1a: Sneasler|64/100
|-damage|p1a: Sneasler|22/100
|-damage|p1a: Sneasler|0 fnt
|faint|p1a: Sneasler
|-hitcount|p1: Sneasler|3
|-unboost|p2b: Dragonite|def|1
|-boost|p2b: Dragonite|spe|1
|move|p2a: Incineroar|Knock Off|p1b: Primarina
|-resisted|p1b: Primarina
|-damage|p1b: Primarina|60/100
|-enditem|p1b: Primarina|Sitrus Berry|[from] move: Knock Off|[of] p2a: Incineroar
|move|p1b: Primarina|Hyper Voice|p2b: Dragonite|[spread] p2a,p2b
|-supereffective|p2a: Incineroar
|-resisted|p2b: Dragonite
|-damage|p2a: Incineroar|0 fnt
|-damage|p2b: Dragonite|71/100 psn
|faint|p2a: Incineroar
|
|-damage|p2b: Dragonite|58/100 psn|[from] psn
|upkeep
|
|t:|1756253557
|switch|p1a: Kingambit|Kingambit, L50, F|100/100
|switch|p2a: Annihilape|Annihilape, L50, M|100/100
|turn|3
|
|t:|1756253580
|-terastallize|p2a: Annihilape|Fire
|-terastallize|p1a: Kingambit|Ghost
|move|p1a: Kingambit|Sucker Punch|p2b: Dragonite
|-damage|p2b: Dragonite|0 fnt
|faint|p2b: Dragonite
|move|p2a: Annihilape|Bulk Up|p2a: Annihilape
|-boost|p2a: Annihilape|atk|1
|-boost|p2a: Annihilape|def|1
|move|p1b: Primarina|Hyper Voice|p2a: Annihilape
|-supereffective|p2a: Annihilape
|-damage|p2a: Annihilape|20/100
|
|upkeep
|
|t:|1756253589
|switch|p2b: Ursaluna|Ursaluna-Bloodmoon, L50, M|100/100
|turn|4
|
|t:|1756253598
|move|p2a: Annihilape|Protect|p2a: Annihilape
|-singleturn|p2a: Annihilape|Protect
|move|p1a: Kingambit|Sucker Punch||[still]
|-fail|p1a: Kingambit
|move|p2b: Ursaluna|Blood Moon|p1a: Kingambit
|-damage|p1a: Kingambit|37/100
|move|p1b: Primarina|Hyper Voice|p2b: Ursaluna|[spread] p2b
|-activate|p2a: Annihilape|move: Protect
|-supereffective|p2b: Ursaluna
|-damage|p2b: Ursaluna|48/100
|
|upkeep
|turn|5
|inactive|Kevin-V8 has 30 seconds left.
|
|t:|1756253626
|move|p1a: Kingambit|Sucker Punch|p2a: Annihilape
|-damage|p2a: Annihilape|0 fnt
|faint|p2a: Annihilape
|move|p2b: Ursaluna|Hyper Voice|p1a: Kingambit|[spread] p1a,p1b
|-crit|p1b: Primarina
|-damage|p1a: Kingambit|1/100
|-damage|p1b: Primarina|10/100
|move|p1b: Primarina|Hyper Voice|p2b: Ursaluna
|-supereffective|p2b: Ursaluna
|-damage|p2b: Ursaluna|0 fnt
|faint|p2b: Ursaluna
|
|win|Kevin-V8
|inactive|Kevin-V8 has 30 seconds to confirm battle start!
|inactive|TalonMasterJ has 30 seconds to confirm battle start!
|inactive|Kevin-V8 has 20 seconds to confirm battle start!
|inactive|TalonMasterJ has 20 seconds to confirm battle start!
||TalonMasterJ is ready for game 3.
|inactive|Kevin-V8 has 10 seconds to confirm battle start!
|uhtml|next|Next: Game 3 of 3
|l|☆Kevin-V8
|player|p1|
