|j|☆zampe96
|j|☆javivaarela
|html|zampe96javivaarela    
|uhtml|bestof|Game 1 of a best-of-3
|t:|1757933725
|gametype|doubles
|player|p1|zampe96|265|1090
|player|p2|javivaarela|170|1173
|gen|9
|tier|[Gen 9] VGC 2025 Reg H (Bo3)
|rated|
|rule|Species Clause: Limit one of each Pokémon
|rule|Item Clause: Limit 1 of each item
|clearpoke
|poke|p1|Dragapult, L50, M|
|poke|p1|Kingambit, L50, F|
|poke|p1|Gholdengo, L50|
|poke|p1|Rotom-Mow, L50|
|poke|p1|Porygon2, L50|
|poke|p1|Sneasler, L50, M|
|poke|p2|Rillaboom, L50, M|
|poke|p2|Frosmoth, L50, F|
|poke|p2|Ninetales-Alola, L50, F|
|poke|p2|Incineroar, L50, F|
|poke|p2|Dragonite, L50, F|
|poke|p2|Ursaluna, L50, F|
|teampreview|4
|showteam|p1|Dragapult||ChoiceBand|ClearBody|Outrage,Uturn,DragonDarts,PhantomForce|||M|||50|,,,,,Dragon]Kingambit||AssaultVest|Defiant|Snarl,SuckerPunch,IronHead,LowKick|||F|||50|,,,,,Fairy]Gholdengo||MetalCoat|GoodasGold|NastyPlot,Protect,MakeItRain,ShadowBall||||||50|,,,,,Steel]Rotom-Mow||LifeOrb|Levitate|Electroweb,FoulPlay,WillOWisp,LeafStorm||||||50|,,,,,Electric]Porygon2||Eviolite|Download|IceBeam,Thunderbolt,Recover,TrickRoom||||||50|,,,,,Grass]Sneasler||FocusSash|Unburden|ThroatChop,Protect,CloseCombat,DireClaw|||M|||50|,,,,,Stellar
|showteam|p2|Rillaboom||AssaultVest|GrassySurge|FakeOut,WoodHammer,GrassyGlide,Uturn|||M|||50|,,,,,Fire]Frosmoth||Leftovers|IceScales|Blizzard,TeraBlast,QuiverDance,Protect|||F|||50|,,,,,Water]Ninetales-Alola||LightClay|SnowWarning|AuroraVeil,Blizzard,Encore,Disable|||F|||50|,,,,,Ghost]Incineroar||SafetyGoggles|Intimidate|FakeOut,KnockOff,PartingShot,FlareBlitz|||F|||50|,,,,,Ghost]Dragonite||LoadedDice|Multiscale|Haze,ScaleShot,Tailwind,Protect|||F|||50|,,,,,Steel]Ursaluna||FlameOrb|Guts|Facade,HeadlongRush,Earthquake,Protect|||F|||50|,,,,,Poison
|inactive|Battle timer is ON: inactive players will automatically lose when time's up. (requested by javivaarela)
|inactive|zampe96 has 60 seconds left.
|inactive|javivaarela has 60 seconds left.
|
|t:|1757933776
|teamsize|p1|4
|teamsize|p2|4
|start
|switch|p1a: Rotom|Rotom-Mow, L50|100/100
|switch|p1b: Dragapult|Dragapult, L50, M|100/100
|switch|p2a: Rillaboom|Rillaboom, L50, M|100/100
|switch|p2b: Ursaluna|Ursaluna, L50, F|100/100
|-fieldstart|move: Grassy Terrain|[from] ability: Grassy Surge|[of] p2a: Rillaboom
|turn|1
|inactive|zampe96 has 30 seconds left.
|
|t:|1757933803
|move|p2a: Rillaboom|Fake Out|p1a: Rotom
|-damage|p1a: Rotom|84/100
|move|p1b: Dragapult|U-turn|p2a: Rillaboom
|-supereffective|p2a: Rillaboom
|-damage|p2a: Rillaboom|35/100
|
|t:|1757933812
|switch|p1b: Porygon2|Porygon2, L50|100/100|[from] U-turn
|-ability|p1b: Porygon2|Download|boost
|-boost|p1b: Porygon2|spa|1
|cant|p1a: Rotom|flinch
|move|p2b: Ursaluna|Headlong Rush|p1b: Porygon2
|-damage|p1b: Porygon2|58/100
|-unboost|p2b: Ursaluna|def|1
|-unboost|p2b: Ursaluna|spd|1
|
|-heal|p2a: Rillaboom|41/100|[from] Grassy Terrain
|-heal|p1b: Porygon2|64/100|[from] Grassy Terrain
|-status|p2b: Ursaluna|brn|[from] item: Flame Orb
|upkeep
|turn|2
|inactive|zampe96 has 30 seconds left.
|inactive|javivaarela has 30 seconds left.
|
|t:|1757933842
|-terastallize|p2b: Ursaluna|Poison
|move|p1a: Rotom|Will-O-Wisp|p2a: Rillaboom|[miss]
|-miss|p1a: Rotom|p2a: Rillaboom
|move|p2a: Rillaboom|Wood Hammer|p1b: Porygon2
|-damage|p1b: Porygon2|15/100
|-damage|p2a: Rillaboom|26/100|[from] Recoil
|move|p2b: Ursaluna|Facade|p1a: Rotom
|-damage|p1a: Rotom|0 fnt
|faint|p1a: Rotom
|move|p1b: Porygon2|Ice Beam|p2b: Ursaluna
|-damage|p2b: Ursaluna|52/100 brn
|
|-heal|p2a: Rillaboom|31/100|[from] Grassy Terrain
|-heal|p2b: Ursaluna|58/100 brn|[from] Grassy Terrain
|-heal|p1b: Porygon2|21/100|[from] Grassy Terrain
|-damage|p2b: Ursaluna|52/100 brn|[from] brn
|upkeep
|
|t:|1757933860
|switch|p1a: Dragapult|Dragapult, L50, M|100/100
|turn|3
|
|t:|1757933873
|switch|p2b: Incineroar|Incineroar, L50, F|100/100
|-ability|p2b: Incineroar|Intimidate|boost
|-fail|p1a: Dragapult|unboost|[from] ability: Clear Body|[of] p1a: Dragapult
|-unboost|p1b: Porygon2|atk|1
|-terastallize|p1a: Dragapult|Dragon
|move|p2a: Rillaboom|Grassy Glide|p1b: Porygon2
|-damage|p1b: Porygon2|0 fnt
|faint|p1b: Porygon2
|move|p1a: Dragapult|Dragon Darts|p2a: Rillaboom
|-damage|p2a: Rillaboom|0 fnt
|-anim|p1a: Dragapult|Dragon Darts|p2b: Incineroar
|-damage|p2b: Incineroar|44/100
|faint|p2a: Rillaboom
|
|-heal|p2b: Incineroar|50/100|[from] Grassy Terrain
|upkeep
|inactive|javivaarela has 30 seconds left.
|inactive|javivaarela has 20 seconds left.
|inactive|javivaarela has 15 seconds left.
|inactive|javivaarela has 10 seconds left.
|
|t:|1757933919
|switch|p2a: Dragonite|Dragonite, L50, F|100/100
|switch|p1b: Sneasler|Sneasler, L50, M|100/100
|turn|4
|inactive|zampe96 has 30 seconds left.
|
|t:|1757933948
|move|p2b: Incineroar|Fake Out|p1b: Sneasler
|-damage|p1b: Sneasler|83/100
|move|p1a: Dragapult|Dragon Darts|p2a: Dragonite
|-supereffective|p2a: Dragonite
|-damage|p2a: Dragonite|38/100
|-anim|p1a: Dragapult|Dragon Darts|p2b: Incineroar
|-damage|p2b: Incineroar|0 fnt
|faint|p2b: Incineroar
|cant|p1b: Sneasler|flinch
|move|p2a: Dragonite|Tailwind|p2a: Dragonite
|-sidestart|p2: javivaarela|move: Tailwind
|
|-heal|p1b: Sneasler|89/100|[from] Grassy Terrain
|upkeep
|
|t:|1757933956
|switch|p2b: Ursaluna|Ursaluna, L50, F, tera:Poison|52/100 brn
|turn|5
|inactive|zampe96 has 30 seconds left.
|inactive|zampe96 has 20 seconds left.
|inactive|zampe96 has 15 seconds left.
|inactive|zampe96 has 10 seconds left.
|inactive|zampe96 has 5 seconds left.
|
|t:|1757934007
|move|p2a: Dragonite|Scale Shot|p1a: Dragapult
|-supereffective|p1a: Dragapult
|-damage|p1a: Dragapult|57/100
|-supereffective|p1a: Dragapult
|-damage|p1a: Dragapult|18/100
|-supereffective|p1a: Dragapult
|-damage|p1a: Dragapult|0 fnt
|faint|p1a: Dragapult
|-hitcount|p1: Dragapult|3
|-unboost|p2a: Dragonite|def|1
|-boost|p2a: Dragonite|spe|1
|move|p2b: Ursaluna|Facade|p1b: Sneasler
|-damage|p1b: Sneasler|0 fnt
|faint|p1b: Sneasler
|
|win|javivaarela
|inactive|zampe96 has 30 seconds to confirm battle start!
|inactive|javivaarela has 30 seconds to confirm battle start!
||zampe96 is ready for game 2.
||javivaarela is ready for game 2.
|uhtml|next|Next: Game 2 of 3
