|j|☆Jetboy57
|j|☆drubird
|html|Jetboy57drubird    
|uhtml|bestof|Game 2 of a best-of-3
|t:|1756583228
|gametype|doubles
|player|p1|Jetboy57|n|1043
|player|p2|drubird|1|1026
|gen|9
|tier|[Gen 9] VGC 2025 Reg H (Bo3)
|rated|
|rule|Species Clause: Limit one of each Pokémon
|rule|Item Clause: Limit 1 of each item
|clearpoke
|poke|p1|Tyranitar, L50, F|
|poke|p1|Corviknight, L50, M|
|poke|p1|Indeedee, L50, M|
|poke|p1|Amoonguss, L50, F|
|poke|p1|Sneasler, L50, F|
|poke|p1|Garchomp, L50, M|
|poke|p2|Politoed, L50, M|
|poke|p2|Gothitelle, L50, M|
|poke|p2|Kingdra, L50, F|
|poke|p2|Incineroar, L50, F|
|poke|p2|Archaludon, L50, M|
|poke|p2|Electabuzz, L50, F|
|teampreview|4
|showteam|p1|Tyranitar||AssaultVest|SandStream|RockSlide,KnockOff,TeraBlast,LowKick|||F|||50|,,,,,Flying]Corviknight||Leftovers|MirrorArmor|BulkUp,BraveBird,Tailwind,Roost|||M|||50|,,,,,Dragon]Indeedee||FocusSash|PsychicSurge|TrickRoom,ExpandingForce,Imprison,Protect|||M|||50|,,,,,Psychic]Amoonguss||RockyHelmet|Regenerator|Spore,RagePowder,ClearSmog,Protect|||F|||50|,,,,,Water]Sneasler||PsychicSeed|Unburden|ThroatChop,DireClaw,CloseCombat,Protect|||F|||50|,,,,,Dark]Garchomp||LifeOrb|SandVeil|Earthquake,DragonClaw,RockSlide,Protect|||M|||50|,,,,,Fairy
|showteam|p2|Politoed||EjectPack|Drizzle|WeatherBall,IceBeam,PerishSong,Protect|||M|||50|,,,,,Grass]Gothitelle||Leftovers|ShadowTag|FakeOut,Psychic,Protect,TrickRoom|||M|||50|,,,,,Dark]Kingdra||LifeOrb|SwiftSwim|Scald,DracoMeteor,Disable,Protect|||F|||50|,,,,,Water]Incineroar||SafetyGoggles|Intimidate|FakeOut,KnockOff,FlareBlitz,PartingShot|||F|||50|,,,,,Ghost]Archaludon||AssaultVest|Stamina|ElectroShot,BodyPress,Snarl,DracoMeteor|||M|||50|,,,,,Grass]Electabuzz||Eviolite|VitalSpirit|Electroweb,FollowMe,Taunt,Protect|||F|||50|,,,,,Ghost
|inactive|Battle timer is ON: inactive players will automatically lose when time's up. (requested by drubird)
|
|t:|1756583306
|teamsize|p1|4
|teamsize|p2|4
|start
|switch|p1a: Indeedee|Indeedee, L50, M|100/100
|switch|p1b: Garchomp|Garchomp, L50, M|100/100
|switch|p2a: Electabuzz|Electabuzz, L50, F|100/100
|switch|p2b: Archaludon|Archaludon, L50, M|100/100
|-fieldstart|move: Psychic Terrain|[from] ability: Psychic Surge|[of] p1a: Indeedee
|turn|1
|inactive|Jetboy57 has 30 seconds left.
|inactive|Jetboy57 has 20 seconds left.
|inactive|Jetboy57 has 15 seconds left.
|inactive|drubird has 30 seconds left.
|
|t:|1756583350
|-terastallize|p2b: Archaludon|Grass
|move|p1b: Garchomp|Protect|p1b: Garchomp
|-singleturn|p1b: Garchomp|Protect
|move|p2a: Electabuzz|Protect|p2a: Electabuzz
|-singleturn|p2a: Electabuzz|Protect
|move|p1a: Indeedee|Expanding Force|p2a: Electabuzz|[spread] p2b
|-activate|p2a: Electabuzz|move: Protect
|-damage|p2b: Archaludon|68/100
|-ability|p2b: Archaludon|Stamina|boost
|-boost|p2b: Archaludon|def|1
|move|p2b: Archaludon|Draco Meteor|p1b: Garchomp
|-activate|p1b: Garchomp|move: Protect
|
|upkeep
|turn|2
|inactive|Jetboy57 has 30 seconds left.
|inactive|drubird has 30 seconds left.
|inactive|Jetboy57 has 20 seconds left.
|
|t:|1756583386
|switch|p1b: Amoonguss|Amoonguss, L50, F|100/100
|switch|p2a: Politoed|Politoed, L50, M|100/100
|-weather|RainDance|[from] ability: Drizzle|[of] p2a: Politoed
|-terastallize|p1a: Indeedee|Psychic
|move|p1a: Indeedee|Expanding Force|p2b: Archaludon|[spread] p2a,p2b
|-damage|p2a: Politoed|51/100
|-damage|p2b: Archaludon|20/100
|-ability|p2b: Archaludon|Stamina|boost
|-boost|p2b: Archaludon|def|1
|move|p2b: Archaludon|Electro Shot||[still]
|-prepare|p2b: Archaludon|Electro Shot
|-boost|p2b: Archaludon|spa|1
|-anim|p2b: Archaludon|Electro Shot|p1a: Indeedee
|-damage|p1a: Indeedee|22/100
|
|-weather|RainDance|[upkeep]
|upkeep
|turn|3
|inactive|Jetboy57 has 30 seconds left.
|inactive|drubird has 30 seconds left.
|inactive|drubird has 20 seconds left.
|
|t:|1756583426
|switch|p2b: Incineroar|Incineroar, L50, F|100/100
|-ability|p2b: Incineroar|Intimidate|boost
|-unboost|p1a: Indeedee|atk|1
|-unboost|p1b: Amoonguss|atk|1
|switch|p2a: Electabuzz|Electabuzz, L50, F|100/100
|move|p1a: Indeedee|Expanding Force|p2b: Incineroar|[spread] p2a
|-immune|p2b: Incineroar
|-damage|p2a: Electabuzz|52/100
|move|p1b: Amoonguss|Spore|p2a: Electabuzz
|-immune|p2a: Electabuzz|[from] ability: Vital Spirit
|
|-weather|RainDance|[upkeep]
|upkeep
|turn|4
|inactive|drubird has 30 seconds left.
|inactive|drubird has 20 seconds left.
|inactive|Jetboy57 has 30 seconds left.
|inactive|drubird has 15 seconds left.
|
|t:|1756583466
|switch|p1a: Tyranitar|Tyranitar, L50, F|100/100
|-weather|Sandstorm|[from] ability: Sand Stream|[of] p1a: Tyranitar
|move|p1b: Amoonguss|Protect|p1b: Amoonguss
|-singleturn|p1b: Amoonguss|Protect
|move|p2a: Electabuzz|Taunt|p1b: Amoonguss
|-activate|p1b: Amoonguss|move: Protect
|move|p2b: Incineroar|Knock Off|p1a: Tyranitar
|-resisted|p1a: Tyranitar
|-damage|p1a: Tyranitar|83/100
|-enditem|p1a: Tyranitar|Assault Vest|[from] move: Knock Off|[of] p2b: Incineroar
|
|-weather|Sandstorm|[upkeep]
|-damage|p2a: Electabuzz|46/100|[from] Sandstorm
|-damage|p1b: Amoonguss|95/100|[from] Sandstorm
|upkeep
|turn|5
|inactive|drubird has 30 seconds left.
|
|t:|1756583492
|switch|p2b: Politoed|Politoed, L50, M|51/100
|-weather|RainDance|[from] ability: Drizzle|[of] p2b: Politoed
|move|p2a: Electabuzz|Taunt|p1b: Amoonguss
|-start|p1b: Amoonguss|move: Taunt
|move|p1a: Tyranitar|Rock Slide|p2a: Electabuzz|[spread] p2a,p2b
|-damage|p2a: Electabuzz|18/100
|-damage|p2b: Politoed|15/100
|cant|p1b: Amoonguss|move: Taunt|Spore
|
|-weather|RainDance|[upkeep]
|-fieldend|move: Psychic Terrain
|upkeep
|turn|6
|
|t:|1756583511
|switch|p2a: Incineroar|Incineroar, L50, F|100/100
|-ability|p2a: Incineroar|Intimidate|boost
|-unboost|p1a: Tyranitar|atk|1
|-unboost|p1b: Amoonguss|atk|1
|move|p1a: Tyranitar|Rock Slide|p2a: Incineroar|[spread] p2a,p2b
|-supereffective|p2a: Incineroar
|-damage|p2a: Incineroar|63/100
|-damage|p2b: Politoed|0 fnt
|faint|p2b: Politoed
|move|p1b: Amoonguss|Clear Smog|p2a: Incineroar
|-damage|p2a: Incineroar|51/100
|-clearboost|p2a: Incineroar
|
|-weather|RainDance|[upkeep]
|upkeep
|
|t:|1756583518
|switch|p2b: Archaludon|Archaludon, L50, M, tera:Grass|20/100
|turn|7
|
|t:|1756583538
|switch|p1b: Indeedee|Indeedee, L50, M, tera:Psychic|22/100
|-fieldstart|move: Psychic Terrain|[from] ability: Psychic Surge|[of] p1b: Indeedee
|move|p1a: Tyranitar|Knock Off|p2b: Archaludon
|-damage|p2b: Archaludon|0 fnt
|-enditem|p2b: Archaludon|Assault Vest|[from] move: Knock Off|[of] p1a: Tyranitar
|faint|p2b: Archaludon
|move|p2a: Incineroar|Parting Shot|p1a: Tyranitar
|-unboost|p1a: Tyranitar|atk|1
|-unboost|p1a: Tyranitar|spa|1
|
|t:|1756583550
|switch|p2a: Electabuzz|Electabuzz, L50, F|18/100|[from] Parting Shot
|
|-weather|RainDance|[upkeep]
|upkeep
|-message|drubird forfeited.
|
|win|Jetboy57
|raw|Jetboy57's rating: 1043 → 1075(+32 for winning)
|raw|drubird's rating: 1026 → 1013(-13 for losing)
|l|☆drubird
|player|p2|
