|j|☆Sapphire39
|j|☆uzuki0401
|html|Sapphire39uzuki0401    
|uhtml|bestof|Game 3 of a best-of-3
|t:|1782189779
|gametype|doubles
|player|p1|Sapphire39|rosa|
|player|p2|uzuki0401|will|
|gen|9
|tier|[Gen 9 Champions] VGC 2026 Reg M-B (Bo3)
|rule|Species Clause: Limit one of each Pokémon
|rule|Item Clause: Limit 1 of each item
|clearpoke
|poke|p1|Sinistcha, L50|
|poke|p1|Incineroar, L50, M|
|poke|p1|Milotic, L50, M|
|poke|p1|Raichu, L50, F|
|poke|p1|Floette-Eternal, L50, F|
|poke|p1|Ceruledge, L50, M|
|poke|p2|Scrafty, L50, M|
|poke|p2|Staraptor, L50, M|
|poke|p2|Whimsicott, L50, F|
|poke|p2|Torkoal, L50, F|
|poke|p2|Basculegion, L50, M|
|poke|p2|Floette-Eternal, L50, F|
|teampreview|4
|showteam|p1|Sinistcha||KasibBerry|Hospitality|MatchaGotcha,LifeDew,RagePowder,Protect|Relaxed|||||50|]Incineroar||SitrusBerry|Intimidate|FlareBlitz,ThroatChop,FakeOut,PartingShot|Impish||M|||50|]Milotic||Leftovers|Competitive|MuddyWater,Coil,Hypnosis,Protect|Calm||M|||50|]Raichu||RaichuniteY|LightningRod|ZapCannon,FocusBlast,FakeOut,Protect|Timid||F|||50|]Floette-Eternal||Floettite|FlowerVeil|DazzlingGleam,DrainingKiss,CalmMind,Protect|Timid||F|||50|]Ceruledge||ColburBerry|FlashFire|BitterBlade,ShadowSneak,BulkUp,Protect|Adamant||M|||50|
|showteam|p2|Scrafty||Scraftinite|Intimidate|FakeOut,Protect,KnockOff,CloseCombat|Serious||M|||50|]Staraptor||ChoiceScarf|Intimidate|DoubleEdge,FinalGambit,Uturn,BraveBird|Jolly||M|||50|]Whimsicott||FocusSash|Prankster|Encore,Tailwind,TrickRoom,Moonblast|Modest||F|||50|]Torkoal||Charcoal|Drought|Eruption,HeatWave,SolarBeam,WeatherBall|Quiet||F|||50|]Basculegion||LifeOrb|Adaptability|WaveCrash,LastRespects,AquaJet,Protect|Adamant||M|||50|]Floette-Eternal||Floettite|FlowerVeil|Protect,Moonblast,LightofRuin,DazzlingGleam|Modest||F|||50|
|inactive|Battle timer is ON: inactive players will automatically lose when time's up. (requested by uzuki0401)
|inactive|Sapphire39 has 60 seconds left.
|inactive|Sapphire39 has 30 seconds left.
|inactive|Sapphire39 has 20 seconds left.
|inactive|Sapphire39 has 15 seconds left.
|
|t:|1782189893
|teamsize|p1|4
|teamsize|p2|4
|start
|switch|p1a: Ceruledge|Ceruledge, L50, M|100/100
|switch|p1b: Incineroar|Incineroar, L50, M|100/100
|switch|p2a: Whimsicott|Whimsicott, L50, F|100/100
|switch|p2b: Floette|Floette-Eternal, L50, F|100/100
|-ability|p1b: Incineroar|Intimidate|boost
|-block|p2a: Whimsicott|ability: Flower Veil|[of] p2b: Floette
|-unboost|p2b: Floette|atk|1
|turn|1
|
|t:|1782189910
|switch|p2a: Basculegion|Basculegion, L50, M|100/100
|detailschange|p2b: Floette|Floette-Mega, L50, F
|-mega|p2b: Floette|Floette|Floettite
|-ability|p2b: Floette|Fairy Aura
|move|p1b: Incineroar|Fake Out|p2b: Floette
|-damage|p2b: Floette|88/100
|cant|p2b: Floette|flinch
|move|p1a: Ceruledge|Bitter Blade|p2a: Basculegion
|-resisted|p2a: Basculegion|1
|-damage|p2a: Basculegion|77/100
|
|upkeep
|turn|2
|inactive|Sapphire39 has 30 seconds left.
|inactive|Sapphire39 has 20 seconds left.
|inactive|uzuki0401 has 30 seconds left.
|inactive|Sapphire39 has 15 seconds left.
|
|t:|1782189953
|switch|p1b: Sinistcha|Sinistcha, L50|100/100
|move|p1a: Ceruledge|Shadow Sneak|p2a: Basculegion
|-supereffective|p2a: Basculegion|1
|-damage|p2a: Basculegion|34/100
|move|p2b: Floette|Light of Ruin|p1b: Sinistcha
|-damage|p1b: Sinistcha|0 fnt
|faint|p1b: Sinistcha
|-damage|p2b: Floette|36/100|[from] Recoil
|move|p2a: Basculegion|Wave Crash|p1a: Ceruledge
|-supereffective|p1a: Ceruledge|1
|-damage|p1a: Ceruledge|0 fnt
|faint|p1a: Ceruledge
|-damage|p2a: Basculegion|4/100|[from] Recoil
|-damage|p2a: Basculegion|0 fnt|[from] item: Life Orb
|faint|p2a: Basculegion
|
|upkeep
|
|t:|1782189969
|switch|p1a: Floette|Floette-Eternal, L50, F|100/100
|switch|p2a: Whimsicott|Whimsicott, L50, F|100/100
|switch|p1b: Incineroar|Incineroar, L50, M|100/100
|-ability|p1b: Incineroar|Intimidate|boost
|-unboost|p2a: Whimsicott|atk|1
|-unboost|p2b: Floette|atk|1
|turn|3
|
|t:|1782189982
|detailschange|p1a: Floette|Floette-Mega, L50, F
|-mega|p1a: Floette|Floette|Floettite
|-ability|p1a: Floette|Fairy Aura
|move|p2b: Floette|Protect|p2b: Floette
|-singleturn|p2b: Floette|Protect
|move|p1b: Incineroar|Fake Out|p2a: Whimsicott
|-damage|p2a: Whimsicott|87/100
|cant|p2a: Whimsicott|flinch
|move|p1a: Floette|Dazzling Gleam|p2a: Whimsicott|[spread] p2a
|-activate|p2b: Floette|move: Protect
|-damage|p2a: Whimsicott|31/100
|
|upkeep
|turn|4
|inactive|Sapphire39 has 30 seconds left.
|inactive|uzuki0401 has 30 seconds left.
|
|t:|1782190018
|move|p2a: Whimsicott|Tailwind|p2a: Whimsicott
|-sidestart|p2: uzuki0401|move: Tailwind
|move|p2b: Floette|Light of Ruin|p1b: Incineroar
|-damage|p1b: Incineroar|0 fnt
|faint|p1b: Incineroar
|-damage|p2b: Floette|0 fnt|[from] Recoil
|faint|p2b: Floette
|move|p1a: Floette|Dazzling Gleam|p2a: Whimsicott
|-damage|p2a: Whimsicott|0 fnt
|faint|p2a: Whimsicott
|
|upkeep
|
|t:|1782190029
|switch|p2b: Staraptor|Staraptor, L50, M|100/100
|-ability|p2b: Staraptor|Intimidate|boost
|-unboost|p1a: Floette|atk|1
|turn|5
|
|t:|1782190036
|move|p1a: Floette|Protect|p1a: Floette
|-singleturn|p1a: Floette|Protect
|move|p2b: Staraptor|Final Gambit|p1a: Floette
|-activate|p1a: Floette|move: Protect
|
|upkeep
|turn|6
|
|t:|1782190044
|move|p2b: Staraptor|Final Gambit|p1a: Floette
|-damage|p1a: Floette|0 fnt
|faint|p2b: Staraptor
|faint|p1a: Floette
|
|win|Sapphire39
