|j|Ōśåthebeast4895
|j|ŌśåAbadanRiyi92
|html|thebeast4895AbadanRiyi92    
|uhtml|bestof|Game 2 of a best-of-3
|t:|1784579414
|gametype|doubles
|player|p1|thebeast4895|1|1161
|player|p2|AbadanRiyi92|colress|1260
|gen|9
|tier|[Gen 9 Champions] VGC 2026 Reg M-B (Bo3)
|rated|
|rule|Species Clause: Limit one of each Pok├®mon
|rule|Item Clause: Limit 1 of each item
|clearpoke
|poke|p1|Whimsicott, L50, F|
|poke|p1|Houndoom, L50, M|
|poke|p1|Farigiraf, L50, F|
|poke|p1|Floette-Eternal, L50, F|
|poke|p1|Annihilape, L50, M, shiny|
|poke|p1|Sinistcha, L50, shiny|
|poke|p2|Venusaur, L50, F|
|poke|p2|Grimmsnarl, L50, M|
|poke|p2|Politoed, L50, M|
|poke|p2|Archaludon, L50, F|
|poke|p2|Kingambit, L50, M|
|poke|p2|Aerodactyl, L50, M|
|teampreview|4
|showteam|p1|Whimsicott||FocusSash|Prankster|FakeTears,Moonblast,Tailwind,SunnyDay|Timid||F|||50|]Houndoom||Houndoominite|FlashFire|Protect,NastyPlot,DarkPulse,HeatWave|Serious||M|||50|]Farigiraf||ColburBerry|ArmorTail|Protect,Psychic,Imprison,TrickRoom|Bold||F|||50|]Floette-Eternal||Floettite|FlowerVeil|Protect,DazzlingGleam,LightofRuin,Moonblast|Modest||F|||50|]Annihilape||SitrusBerry|Defiant|Protect,RageFist,DrainPunch,BulkUp|Adamant||M|||50|]Sinistcha||KasibBerry|Hospitality|Protect,MatchaGotcha,RagePowder,TrickRoom|Modest|||||50|
|showteam|p2|Venusaur||Venusaurite|Chlorophyll|GigaDrain,SludgeBomb,EarthPower,Protect|Modest||F|||50|]Grimmsnarl||LightClay|Prankster|PartingShot,Reflect,LightScreen,FoulPlay|Relaxed||M|||50|]Politoed||SitrusBerry|Drizzle|WeatherBall,PerishSong,Encore,Protect|Sassy||M|||50|]Archaludon||Leftovers|Stamina|ElectroShot,FlashCannon,DracoMeteor,Protect|Modest||F|||50|]Kingambit||BlackGlasses|Defiant|KowtowCleave,SuckerPunch,SwordsDance,Protect|Brave||M|||50|]Aerodactyl||Aerodactylite|Unnerve|RockSlide,DualWingbeat,Tailwind,Protect|Jolly||M|||50|
|c|Ōśåthebeast4895|like techinically i woulda won that
|c|Ōśåthebeast4895|so i would still say not well enough
|inactive|Battle timer is ON: inactive players will automatically lose when time's up. (requested by thebeast4895)
|
|t:|1784579487
|teamsize|p1|4
|teamsize|p2|4
|start
|switch|p1a: Whimsicott|Whimsicott, L50, F|100/100
|switch|p1b: Annihilape|Annihilape, L50, M, shiny|100/100
|switch|p2a: Grimmsnarl|Grimmsnarl, L50, M|100/100
|switch|p2b: Venusaur|Venusaur, L50, F|100/100
|turn|1
|
|t:|1784579500
|detailschange|p2b: Venusaur|Venusaur-Mega, L50, F
|-mega|p2b: Venusaur|Venusaur|Venusaurite
|move|p1a: Whimsicott|Fake Tears|p2b: Venusaur
|-unboost|p2b: Venusaur|spd|2
|move|p2a: Grimmsnarl|Reflect|p2a: Grimmsnarl
|-sidestart|p2: AbadanRiyi92|Reflect
|move|p1b: Annihilape|Bulk Up|p1b: Annihilape
|-boost|p1b: Annihilape|atk|1
|-boost|p1b: Annihilape|def|1
|move|p2b: Venusaur|Sludge Bomb|p1a: Whimsicott
|-supereffective|p1a: Whimsicott|2
|-enditem|p1a: Whimsicott|Focus Sash
|-damage|p1a: Whimsicott|1/100
|
|upkeep
|turn|2
|
|t:|1784579524
|switch|p2b: Aerodactyl|Aerodactyl, L50, M|100/100
|-ability|p2b: Aerodactyl|Unnerve
|move|p1a: Whimsicott|Fake Tears|p2b: Aerodactyl
|-unboost|p2b: Aerodactyl|spd|2
|move|p1b: Annihilape|Drain Punch|p2a: Grimmsnarl
|-damage|p2a: Grimmsnarl|68/100
|move|p2a: Grimmsnarl|Foul Play|p1a: Whimsicott
|-resisted|p1a: Whimsicott|1
|-damage|p1a: Whimsicott|0 fnt
|faint|p1a: Whimsicott
|
|upkeep
|
|t:|1784579542
|switch|p1a: Floette|Floette-Eternal, L50, F|100/100
|turn|3
|
|t:|1784579564
|detailschange|p1a: Floette|Floette-Mega, L50, F
|-mega|p1a: Floette|Floette|Floettite
|-ability|p1a: Floette|Fairy Aura
|move|p1b: Annihilape|Protect|p1b: Annihilape
|-singleturn|p1b: Annihilape|Protect
|move|p2a: Grimmsnarl|Light Screen|p2a: Grimmsnarl
|-sidestart|p2: AbadanRiyi92|move: Light Screen
|move|p2b: Aerodactyl|Tailwind|p2b: Aerodactyl
|-sidestart|p2: AbadanRiyi92|move: Tailwind
|move|p1a: Floette|Dazzling Gleam|p2a: Grimmsnarl|[spread] p2a,p2b
|-supereffective|p2a: Grimmsnarl|1
|-damage|p2a: Grimmsnarl|0 fnt
|-damage|p2b: Aerodactyl|3/100
|faint|p2a: Grimmsnarl
|
|upkeep
|
|t:|1784579576
|switch|p2a: Venusaur|Venusaur-Mega, L50, F|100/100
|turn|4
|
|t:|1784579585
|move|p2b: Aerodactyl|Dual Wingbeat|p1b: Annihilape
|-supereffective|p1b: Annihilape|1
|-damage|p1b: Annihilape|75/100
|-supereffective|p1b: Annihilape|1
|-damage|p1b: Annihilape|50/100g
|-hitcount|p1b: Annihilape|2
|move|p2a: Venusaur|Sludge Bomb|p1a: Floette
|-supereffective|p1a: Floette|1
|-damage|p1a: Floette|8/100
|move|p1a: Floette|Dazzling Gleam|p2a: Venusaur|[spread] p2a,p2b
|-resisted|p2a: Venusaur|1
|-damage|p2a: Venusaur|84/100
|-damage|p2b: Aerodactyl|0 fnt
|faint|p2b: Aerodactyl
|move|p1b: Annihilape|Rage Fist|p2a: Venusaur
|-damage|p2a: Venusaur|33/100
|
|upkeep
|
|t:|1784579600
|switch|p2b: Kingambit|Kingambit, L50, M|100/100
|turn|5
|c|Ōśåthebeast4895|see
|c|Ōśåthebeast4895|i love ape
|c|Ōśåthebeast4895|its stupidly bulky
|c|Ōśåthebeast4895|like wtf u mean that did 50%
|c|Ōśåthebeast4895|didn't even do enough to activate sitruis
|inactive|thebeast4895 has 30 seconds left.
|c|ŌśåAbadanRiyi92|yeah, it was not mega aero thou
|c|Ōśåthebeast4895|which woulda activated now since its out
|inactive|thebeast4895 has 20 seconds left.
|inactive|thebeast4895 has 15 seconds left.
|inactive|thebeast4895 has 10 seconds left.
|
|t:|1784579648
|switch|p1b: Sinistcha|Sinistcha, L50, shiny|100/100
|-heal|p1a: Floette|33/100|[from] ability: Hospitality|[of] p1b: Sinistcha
|move|p2b: Kingambit|Sucker Punch||[still]
|-fail|p2b: Kingambit
|move|p2a: Venusaur|Sludge Bomb|p1a: Floette
|-supereffective|p1a: Floette|1
|-damage|p1a: Floette|0 fnt
|faint|p1a: Floette
|
|upkeep
|
|t:|1784579657
|switch|p1a: Annihilape|Annihilape, L50, M, shiny|50/100g
|turn|6
|inactive|AbadanRiyi92 has 30 seconds left.
|
|t:|1784579686
|move|p2b: Kingambit|Protect|p2b: Kingambit
|-singleturn|p2b: Kingambit|Protect
|move|p1b: Sinistcha|Rage Powder|p1b: Sinistcha
|-singleturn|p1b: Sinistcha|move: Rage Powder
|move|p2a: Venusaur|Sludge Bomb|p1b: Sinistcha
|-damage|p1b: Sinistcha|52/100
|move|p1a: Annihilape|Drain Punch|p2b: Kingambit
|-activate|p2b: Kingambit|move: Protect
|
|-sideend|p2: AbadanRiyi92|move: Tailwind
|upkeep
|turn|7
|inactive|AbadanRiyi92 has 30 seconds left.
|
|t:|1784579720
|move|p2b: Kingambit|Protect||[still]
|-fail|p2b: Kingambit
|move|p1a: Annihilape|Drain Punch|p2b: Kingambit
|-supereffective|p2b: Kingambit|2
|-damage|p2b: Kingambit|28/100
|-heal|p1a: Annihilape|84/100|[from] drain|[of] p2b: Kingambit
|move|p2a: Venusaur|Sludge Bomb|p1b: Sinistcha
|-damage|p1b: Sinistcha|1/100
|move|p1b: Sinistcha|Matcha Gotcha|p2b: Kingambit|[spread] p2a,p2b
|-resisted|p2a: Venusaur|2
|-resisted|p2b: Kingambit|1
|-damage|p2a: Venusaur|29/100
|-heal|p1b: Sinistcha|3/100|[from] drain|[of] p2a: Venusaur
|-damage|p2b: Kingambit|20/100y
|-heal|p1b: Sinistcha|8/100|[from] drain|[of] p2b: Kingambit
|
|upkeep
|turn|8
|inactive|thebeast4895 has 30 seconds left.
|
|t:|1784579747
|move|p1b: Sinistcha|Protect|p1b: Sinistcha
|-singleturn|p1b: Sinistcha|Protect
|move|p2b: Kingambit|Protect|p2b: Kingambit
|-singleturn|p2b: Kingambit|Protect
|move|p1a: Annihilape|Rage Fist|p2a: Venusaur
|-damage|p2a: Venusaur|17/100
|move|p2a: Venusaur|Giga Drain|p1b: Sinistcha
|-activate|p1b: Sinistcha|move: Protect
|
|-sideend|p2: AbadanRiyi92|Reflect
|upkeep
|turn|9
|inactive|AbadanRiyi92 has 30 seconds left.
|c|Ōśåthebeast4895|lowkey gg
|
|t:|1784579775
|move|p2b: Kingambit|Protect||[still]
|-fail|p2b: Kingambit
|move|p1a: Annihilape|Rage Fist|p2a: Venusaur
|-damage|p2a: Venusaur|0 fnt
|faint|p2a: Venusaur
|move|p1b: Sinistcha|Matcha Gotcha|p2b: Kingambit
|-resisted|p2b: Kingambit|1
|-damage|p2b: Kingambit|9/100
|-heal|p1b: Sinistcha|15/100|[from] drain|[of] p2b: Kingambit
|-status|p2b: Kingambit|brn
|
|-damage|p2b: Kingambit|3/100 brn|[from] brn
|upkeep
|turn|10
|c|Ōśåthebeast4895|no more reflect
|c|ŌśåAbadanRiyi92|yeah
|
|t:|1784579797
|move|p2b: Kingambit|Sucker Punch|p1a: Annihilape
|-damage|p1a: Annihilape|61/100
|move|p1a: Annihilape|Drain Punch|p2b: Kingambit
|-supereffective|p2b: Kingambit|2
|-damage|p2b: Kingambit|0 fnt
|-heal|p1a: Annihilape|63/100|[from] drain|[of] p2b: Kingambit
|faint|p2b: Kingambit
|
|win|thebeast4895
|c|Ōśåthebeast4895|ape does so much tho
|c|Ōśåthebeast4895|its lowkey such a menace
||thebeast4895 is ready for game 3.
