|j|☆kirbybreaker
|j|☆TacoBurger
|html|kirbybreakerTacoBurger    
|uhtml|bestof|Game 1 of a best-of-3
|t:|1783788364
|gametype|doubles
|player|p1|kirbybreaker|miku-ghost|
|player|p2|TacoBurger|tuber|
|gen|9
|tier|[Gen 9 Champions] VGC 2026 Reg M-B (Bo3)
|rule|Species Clause: Limit one of each Pokémon
|rule|Item Clause: Limit 1 of each item
|clearpoke
|poke|p1|Annihilape, L50, F|
|poke|p1|Mimikyu, L50, M|
|poke|p1|Sableye, L50, F|
|poke|p1|Froslass, L50, F|
|poke|p1|Basculegion, L50, M|
|poke|p1|Sinistcha, L50|
|poke|p2|Pyroar, L50, M|
|poke|p2|Ninetales, L50, M|
|poke|p2|Incineroar, L50, M|
|poke|p2|Victreebel, L50, M|
|poke|p2|Basculegion, L50, M|
|poke|p2|Sneasler, L50, M|
|teampreview|4
|showteam|p1|Annihilape||FocusSash|Defiant|CloseCombat,RageFist,Protect,RockSlide|Adamant||F|||50|]Mimikyu||LifeOrb|Disguise|PlayRough,ShadowClaw,ShadowSneak,Protect|Jolly||M|||50|]Sableye||Sablenite|KeenEye|SuckerPunch,Poltergeist,LowKick,ThroatChop|Brave||F|||50|]Froslass||Froslassite|CursedBody|Blizzard,ShadowBall,Protect,Thunderbolt|Timid||F|||50|]Basculegion||ChoiceScarf|Adaptability|WaveCrash,LastRespects,AquaJet,FlipTurn|Adamant||M|||50|]Sinistcha||KasibBerry|Hospitality|MatchaGotcha,LifeDew,RagePowder,TrickRoom|Bold|||||50|
|showteam|p2|Pyroar||Pyroarite|Unnerve|HeatWave,Overheat,SolarBeam,Protect|Timid||M|||50|]Ninetales||ChoiceScarf|Drought|HeatWave,Overheat,SolarBeam,FakeTears|Modest||M|||50|]Incineroar||SitrusBerry|Intimidate|FakeOut,FlareBlitz,ThroatChop,PartingShot|Adamant||M|||50|]Victreebel||WideLens|Chlorophyll|Protect,SleepPowder,EnergyBall,SludgeBomb|Timid||M|||50|]Basculegion||LifeOrb|Adaptability|WaveCrash,LastRespects,AquaJet,Protect|Adamant||M|||50|]Sneasler||WhiteHerb|Unburden|Protect,CloseCombat,DireClaw,RockSlide|Adamant||M|||50|
|c|☆kirbybreaker|Glhf
|c|☆TacoBurger|Good Luck
|
|t:|1783788425
|teamsize|p1|4
|teamsize|p2|4
|start
|switch|p1a: Blue|Basculegion, L50, M|100/100
|switch|p1b: Aqua|Sableye, L50, F|100/100
|switch|p2a: Pyroar|Pyroar, L50, M|100/100
|switch|p2b: Victreebel|Victreebel, L50, M|100/100
|-ability|p2a: Pyroar|Unnerve
|turn|1
|
|t:|1783788471
|switch|p2a: Ninetales|Ninetales, L50, M|100/100
|-weather|SunnyDay|[from] ability: Drought|[of] p2a: Ninetales
|detailschange|p1b: Aqua|Sableye-Mega, L50, F
|-mega|p1b: Aqua|Sableye|Sablenite
|move|p2b: Victreebel|Sleep Powder|p1a: Blue|[miss]
|-miss|p2b: Victreebel|p1a: Blue
|move|p1a: Blue|Flip Turn|p2b: Victreebel
|-resisted|p2b: Victreebel|1
|-damage|p2b: Victreebel|88/100
|
|t:|1783788491
|switch|p1a: Yellow|Mimikyu, L50, M|100/100|[from] Flip Turn
|move|p1b: Aqua|Poltergeist|p2b: Victreebel
|-activate|p2b: Victreebel|move: Poltergeist|Wide Lens
|-damage|p2b: Victreebel|28/100
|
|-weather|SunnyDay|[upkeep]
|upkeep
|turn|2
|
|t:|1783788504
|switch|p2b: Incineroar|Incineroar, L50, M|100/100
|-ability|p2b: Incineroar|Intimidate|boost
|-unboost|p1a: Yellow|atk|1
|-unboost|p1b: Aqua|atk|1
|move|p1a: Yellow|Protect|p1a: Yellow
|-singleturn|p1a: Yellow|Protect
|move|p2a: Ninetales|Heat Wave|p1b: Aqua|[spread] p1b
|-activate|p1a: Yellow|move: Protect
|-crit|p1b: Aqua
|-damage|p1b: Aqua|33/100
|move|p1b: Aqua|Throat Chop|p2b: Incineroar
|-resisted|p2b: Incineroar|1
|-damage|p2b: Incineroar|89/100
|-start|p2b: Incineroar|Throat Chop|[silent]
|
|-weather|SunnyDay|[upkeep]
|upkeep
|turn|3
|
|t:|1783788537
|move|p1b: Aqua|Sucker Punch|p2a: Ninetales
|-damage|p2a: Ninetales|71/100
|move|p2a: Ninetales|Heat Wave|p1b: Aqua|[spread] p1a,p1b
|-activate|p1a: Yellow|ability: Disguise
|-damage|p1a: Yellow|100/100
|-damage|p1b: Aqua|0 fnt
|detailschange|p1a: Yellow|Mimikyu-Busted, L50, M
|-damage|p1a: Yellow|87/100|[from] pokemon: Mimikyu-Busted
|faint|p1b: Aqua
|move|p1a: Yellow|Shadow Claw|p2a: Ninetales
|-damage|p2a: Ninetales|31/100
|-damage|p1a: Yellow|78/100|[from] item: Life Orb
|move|p2b: Incineroar|Flare Blitz|p1a: Yellow
|-damage|p1a: Yellow|0 fnt
|faint|p1a: Yellow
|-damage|p2b: Incineroar|72/100|[from] Recoil
|
|-weather|SunnyDay|[upkeep]
|-end|p2b: Incineroar|Throat Chop|[silent]
|upkeep
|
|t:|1783788543
|switch|p1a: Orange|Annihilape, L50, F|100/100
|switch|p1b: Blue|Basculegion, L50, M|100/100
|turn|4
|
|t:|1783788569
|switch|p2a: Pyroar|Pyroar, L50, M|100/100
|-ability|p2a: Pyroar|Unnerve
|move|p1b: Blue|Last Respects|p2a: Pyroar
|-immune|p2a: Pyroar
|move|p1a: Orange|Close Combat|p2b: Incineroar
|-supereffective|p2b: Incineroar|1
|-damage|p2b: Incineroar|0 fnt
|-unboost|p1a: Orange|def|1
|-unboost|p1a: Orange|spd|1
|faint|p2b: Incineroar
|
|-weather|SunnyDay|[upkeep]
|upkeep
|
|t:|1783788585
|switch|p2b: Victreebel|Victreebel, L50, M|28/100
|turn|5
|
|t:|1783788607
|detailschange|p2a: Pyroar|Pyroar-Mega, L50, M
|-mega|p2a: Pyroar|Pyroar|Pyroarite
|move|p2b: Victreebel|Energy Ball|p1b: Blue
|-supereffective|p1b: Blue|1
|-damage|p1b: Blue|15/100
|move|p1b: Blue|Last Respects|p2b: Victreebel
|-damage|p2b: Victreebel|0 fnt
|faint|p2b: Victreebel
|move|p2a: Pyroar|Heat Wave|p1a: Orange|[spread] p1a,p1b
|-resisted|p1b: Blue|1
|-enditem|p1a: Orange|Focus Sash
|-damage|p1a: Orange|1/100
|-damage|p1b: Blue|0 fnt
|faint|p1b: Blue
|move|p1a: Orange|Close Combat|p2a: Pyroar
|-supereffective|p2a: Pyroar|1
|-damage|p2a: Pyroar|0 fnt
|-unboost|p1a: Orange|def|1
|-unboost|p1a: Orange|spd|1
|faint|p2a: Pyroar
|
|-weather|none
|upkeep
|
|t:|1783788630
|switch|p2a: Ninetales|Ninetales, L50, M|31/100
|-weather|SunnyDay|[from] ability: Drought|[of] p2a: Ninetales
|turn|6
|
|t:|1783788640
|move|p2a: Ninetales|Solar Beam||[still]
|-prepare|p2a: Ninetales|Solar Beam
|-anim|p2a: Ninetales|Solar Beam|p1a: Orange
|-damage|p1a: Orange|0 fnt
|faint|p1a: Orange
|
|win|TacoBurger
||kirbybreaker is ready for game 2.
|inactive|TacoBurger has 30 seconds to confirm battle start!
||TacoBurger is ready for game 2.
|uhtml|next|Next: Game 2 of 3
|l|☆kirbybreaker
|player|p1|
|j|☆kirbybreaker
|player|p1|kirbybreaker|miku-ghost|
