|j|☆CorkscrewRacer
|j|☆Cfing
|html|CorkscrewRacerCfing    
|uhtml|bestof|Game 3 of a best-of-3
|t:|1756683405
|gametype|doubles
|player|p1|CorkscrewRacer|169|1123
|player|p2|Cfing|169|1089
|gen|9
|tier|[Gen 9] VGC 2025 Reg H (Bo3)
|rated|
|rule|Species Clause: Limit one of each Pokémon
|rule|Item Clause: Limit 1 of each item
|clearpoke
|poke|p1|Sneasler, L50, M|
|poke|p1|Dondozo, L50, M|
|poke|p1|Tatsugiri, L50, M|
|poke|p1|Indeedee, L50, M|
|poke|p1|Excadrill, L50, M|
|poke|p1|Tyranitar, L50, F|
|poke|p2|Whimsicott, L50, F|
|poke|p2|Annihilape, L50, M|
|poke|p2|Pelipper, L50, F|
|poke|p2|Archaludon, L50, F|
|poke|p2|Sneasler, L50, M|
|poke|p2|Indeedee, L50, M|
|teampreview|4
|showteam|p1|Sneasler||PsychicSeed|Unburden|DireClaw,CloseCombat,Protect,ThroatChop|||M|||50|,,,,,Dark]Dondozo||Leftovers|Unaware|WaveCrash,HeavySlam,OrderUp,Protect|||M|||50|,,,,,Grass]Tatsugiri||ChoiceScarf|Commander|DracoMeteor,MuddyWater,IcyWind,DragonPulse|||M|||50|,,,,,Stellar]Indeedee||FocusSash|PsychicSurge|ExpandingForce,Imprison,TrickRoom,Protect|||M|||50|,,,,,Psychic]Excadrill||ClearAmulet|SandRush|Earthquake,IronHead,HighHorsepower,Protect|||M|||50|,,,,,Ground]Tyranitar||AssaultVest|SandStream|RockSlide,KnockOff,LowKick,TeraBlast|||F|||50|,,,,,Flying
|showteam|p2|Whimsicott||FocusSash|Prankster|Tailwind,Taunt,Moonblast,BeatUp|||F|||50|,,,,,Ghost]Annihilape||AssaultVest|Defiant|RageFist,CloseCombat,RockSlide,DrainPunch|||M|||50|,,,,,Fire]Pelipper||CovertCloak|Drizzle|Tailwind,Hurricane,WeatherBall,Protect|||F|||50|,,,,,Ground]Archaludon||LifeOrb|Stamina|ElectroShot,Protect,DracoMeteor,BodyPress|||F|||50|,,,,,Stellar]Sneasler||PsychicSeed|Unburden|Acrobatics,CloseCombat,DireClaw,ThroatChop|||M|||50|,,,,,Dark]Indeedee||ChoiceSpecs|PsychicSurge|ExpandingForce,Imprison,TrickRoom,Trick|||M|||50|,,,,,Psychic
|inactive|Battle timer is ON: inactive players will automatically lose when time's up. (requested by Cfing)
|j| BLiiNDProdiigy
|
|t:|1756683425
|teamsize|p1|4
|teamsize|p2|4
|start
|switch|p1a: Excadrill|Excadrill, L50, M|100/100
|switch|p1b: Tyranitar|Tyranitar, L50, F|100/100
|switch|p2a: Pelipper|Pelipper, L50, F|100/100
|switch|p2b: Archaludon|Archaludon, L50, F|100/100
|-weather|RainDance|[from] ability: Drizzle|[of] p2a: Pelipper
|-weather|Sandstorm|[from] ability: Sand Stream|[of] p1b: Tyranitar
|turn|1
|inactive|CorkscrewRacer has 30 seconds left.
|
|t:|1756683460
|switch|p2a: Whimsicott|Whimsicott, L50, F|100/100
|-terastallize|p1b: Tyranitar|Flying
|move|p2b: Archaludon|Protect|p2b: Archaludon
|-singleturn|p2b: Archaludon|Protect
|move|p1a: Excadrill|Earthquake|p2a: Whimsicott|[spread] p2a
|-activate|p2b: Archaludon|move: Protect
|-immune|p1b: Tyranitar
|-resisted|p2a: Whimsicott
|-damage|p2a: Whimsicott|73/100
|move|p1b: Tyranitar|Tera Blast|p2a: Whimsicott|[anim] Tera Blast Flying
|-supereffective|p2a: Whimsicott
|-damage|p2a: Whimsicott|0 fnt
|faint|p2a: Whimsicott
|
|-weather|Sandstorm|[upkeep]
|-damage|p1b: Tyranitar|94/100|[from] Sandstorm
|upkeep
|
|t:|1756683475
|switch|p2a: Pelipper|Pelipper, L50, F|100/100
|-weather|RainDance|[from] ability: Drizzle|[of] p2a: Pelipper
|turn|2
|inactive|CorkscrewRacer has 30 seconds left.
|inactive|CorkscrewRacer has 20 seconds left.
|inactive|CorkscrewRacer has 15 seconds left.
|
|t:|1756683519
|switch|p2b: Annihilape|Annihilape, L50, M|100/100
|move|p1a: Excadrill|Iron Head|p2a: Pelipper
|-resisted|p2a: Pelipper
|-damage|p2a: Pelipper|75/100
|move|p2a: Pelipper|Weather Ball|p1a: Excadrill
|-supereffective|p1a: Excadrill
|-damage|p1a: Excadrill|0 fnt
|faint|p1a: Excadrill
|move|p1b: Tyranitar|Knock Off|p2a: Pelipper
|-damage|p2a: Pelipper|7/100
|-enditem|p2a: Pelipper|Covert Cloak|[from] move: Knock Off|[of] p1b: Tyranitar
|
|-weather|RainDance|[upkeep]
|upkeep
|
|t:|1756683533
|switch|p1a: Dondozo|Dondozo, L50, M|100/100
|turn|3
|
|t:|1756683545
|switch|p1b: Tatsugiri|Tatsugiri, L50, M|100/100
|-activate|p1b: Tatsugiri|ability: Commander|[of] p1a: Dondozo
|-boost|p1a: Dondozo|atk|2
|-boost|p1a: Dondozo|spa|2
|-boost|p1a: Dondozo|spe|2
|-boost|p1a: Dondozo|def|2
|-boost|p1a: Dondozo|spd|2
|move|p1a: Dondozo|Wave Crash|p2b: Annihilape
|-damage|p2b: Annihilape|0 fnt
|faint|p2b: Annihilape
|-damage|p1a: Dondozo|70/100|[from] Recoil
|move|p2a: Pelipper|Tailwind|p2a: Pelipper
|-sidestart|p2: Cfing|move: Tailwind
|
|-weather|RainDance|[upkeep]
|-heal|p1a: Dondozo|77/100|[from] item: Leftovers
|upkeep
|
|t:|1756683560
|switch|p2b: Archaludon|Archaludon, L50, F|100/100
|turn|4
|inactive|CorkscrewRacer has 30 seconds left.
|
|t:|1756683589
|-terastallize|p2b: Archaludon|Stellar
|move|p1a: Dondozo|Protect|p1a: Dondozo
|-singleturn|p1a: Dondozo|Protect
|move|p2b: Archaludon|Draco Meteor|p1a: Dondozo
|-activate|p1a: Dondozo|move: Protect
|move|p2a: Pelipper|Hurricane|p1a: Dondozo
|-activate|p1a: Dondozo|move: Protect
|
|-weather|RainDance|[upkeep]
|-heal|p1a: Dondozo|83/100|[from] item: Leftovers
|upkeep
|turn|5
|
|t:|1756683602
|move|p1a: Dondozo|Protect||[still]
|-fail|p1a: Dondozo
|move|p2b: Archaludon|Draco Meteor|p1a: Dondozo
|-damage|p1a: Dondozo|16/100
|-unboost|p2b: Archaludon|spa|2
|-damage|p2b: Archaludon|91/100|[from] item: Life Orb
|move|p2a: Pelipper|Hurricane|p1a: Dondozo
|-damage|p1a: Dondozo|0 fnt
|faint|p1a: Dondozo
|
|-weather|RainDance|[upkeep]
|upkeep
|
|t:|1756683615
|switch|p1a: Tyranitar|Tyranitar, L50, F, tera:Flying|94/100
|-weather|Sandstorm|[from] ability: Sand Stream|[of] p1a: Tyranitar
|turn|6
|inactive|CorkscrewRacer has 30 seconds left.
|inactive|CorkscrewRacer has 20 seconds left.
|inactive|CorkscrewRacer has 15 seconds left.
|inactive|CorkscrewRacer has 10 seconds left.
|
|t:|1756683662
|move|p2b: Archaludon|Draco Meteor|p1b: Tatsugiri|[miss]
|-miss|p2b: Archaludon|p1b: Tatsugiri
|move|p1b: Tatsugiri|Draco Meteor|p2b: Archaludon|[miss]
|-miss|p1b: Tatsugiri|p2b: Archaludon
|move|p2a: Pelipper|Weather Ball|p1a: Tyranitar
|-supereffective|p1a: Tyranitar
|-damage|p1a: Tyranitar|59/100
|move|p1a: Tyranitar|Rock Slide|p2b: Archaludon|[spread] p2a,p2b
|-supereffective|p2a: Pelipper
|-resisted|p2b: Archaludon
|-damage|p2a: Pelipper|0 fnt
|-damage|p2b: Archaludon|78/100
|-ability|p2b: Archaludon|Stamina|boost
|-boost|p2b: Archaludon|def|1
|faint|p2a: Pelipper
|
|-weather|Sandstorm|[upkeep]
|-damage|p1b: Tatsugiri|95/100|[from] Sandstorm
|-damage|p1a: Tyranitar|53/100|[from] Sandstorm
|-sideend|p2: Cfing|move: Tailwind
|upkeep
|turn|7
|
|t:|1756683686
|move|p1b: Tatsugiri|Draco Meteor|p2b: Archaludon
|-damage|p2b: Archaludon|0 fnt
|-unboost|p1b: Tatsugiri|spa|2
|faint|p2b: Archaludon
|
|win|CorkscrewRacer
|raw|CorkscrewRacer's rating: 1123 → 1146(+23 for winning)
|raw|Cfing's rating: 1089 → 1068(-21 for losing)
|l|☆Cfing
|player|p2|
|l| BLiiNDProdiigy
