|j|☆Govek314
|j|☆Joseph Terastalin
|html|Govek314Joseph Terastalin    
|uhtml|bestof|Game 2 of a best-of-3
|t:|1757006606
|gametype|doubles
|player|p1|Govek314|101|1046
|player|p2|Joseph Terastalin|blaine|1000
|gen|9
|tier|[Gen 9] VGC 2025 Reg H (Bo3)
|rated|
|rule|Species Clause: Limit one of each Pokémon
|rule|Item Clause: Limit 1 of each item
|clearpoke
|poke|p1|Ninetales-Alola, L50, M|
|poke|p1|Kingambit, L50, F|
|poke|p1|Kommo-o, L50, F|
|poke|p1|Arcanine-Hisui, L50, F|
|poke|p1|Rillaboom, L50, M|
|poke|p1|Basculegion, L50, M|
|poke|p2|Venusaur, L50, F|
|poke|p2|Torkoal, L50, F|
|poke|p2|Tyranitar, L50, M|
|poke|p2|Farigiraf, L50, F|
|poke|p2|Electabuzz, L50, M|
|poke|p2|Hydreigon, L50, M|
|teampreview|4
|showteam|p1|Ninetales-Alola||FocusSash|SnowWarning|Blizzard,FreezeDry,Encore,Protect|||M|||50|,,,,,Ghost]Kingambit||SafetyGoggles|Defiant|KowtowCleave,SuckerPunch,SwordsDance,Protect|||F|||50|,,,,,Ghost]Kommo-o||ThroatSpray|Overcoat|ClangingScales,Flamethrower,ClangorousSoul,Protect|||F|||50|,,,,,Fire]Arcanine-Hisui||ClearAmulet|Intimidate|FlareBlitz,ExtremeSpeed,Protect,RockSlide|||F|||50|,,,,,Ghost]Rillaboom||AssaultVest|GrassySurge|GrassyGlide,FakeOut,WoodHammer,Uturn|||M|||50|,,,,,Fire]Basculegion||ChoiceScarf|Adaptability|LastRespects,WaveCrash,AquaJet,FlipTurn|||M|||50|,,,,,Water
|showteam|p2|Venusaur||LifeOrb|Chlorophyll|Protect,SludgeBomb,GigaDrain,WeatherBall|||F|||50|,,,,,Rock]Torkoal||EjectPack|Drought|Overheat,BodyPress,HelpingHand,Yawn|||F|||50|,,,,,Grass]Tyranitar||ChoiceBand|SandStream|RockSlide,KnockOff,TeraBlast,HeavySlam|||M|||50|,,,,,Flying]Farigiraf||ThroatSpray|ArmorTail|Protect,HyperVoice,Psychic,TrickRoom|||F|||50|,,,,,Fairy]Electabuzz||Eviolite|VitalSpirit|Electroweb,Taunt,FollowMe,VoltSwitch|||M|||50|,,,,,Fairy]Hydreigon||ChoiceScarf|Levitate|DracoMeteor,DarkPulse,HeatWave,FlashCannon|||M|||50|,,,,,Fire
|inactive|Battle timer is ON: inactive players will automatically lose when time's up. (requested by Joseph Terastalin)
|
|t:|1757006624
|teamsize|p1|4
|teamsize|p2|4
|start
|switch|p1a: Arcanine|Arcanine-Hisui, L50, F|100/100
|switch|p1b: Basculegion|Basculegion, L50, M|100/100
|switch|p2a: Venusaur|Venusaur, L50, F|100/100
|switch|p2b: Farigiraf|Farigiraf, L50, F|100/100
|-ability|p1a: Arcanine|Intimidate|boost
|-unboost|p2a: Venusaur|atk|1
|-unboost|p2b: Farigiraf|atk|1
|turn|1
|inactive|Govek314 has 30 seconds left.
|inactive|Govek314 has 20 seconds left.
|inactive|Govek314 has 15 seconds left.
|
|t:|1757006666
|switch|p1a: Ninetales|Ninetales-Alola, L50, M|100/100
|-weather|Snowscape|[from] ability: Snow Warning|[of] p1a: Ninetales
|switch|p2a: Torkoal|Torkoal, L50, F|100/100
|-weather|SunnyDay|[from] ability: Drought|[of] p2a: Torkoal
|-terastallize|p1b: Basculegion|Water
|move|p1b: Basculegion|Wave Crash|p2a: Torkoal
|-supereffective|p2a: Torkoal
|-damage|p2a: Torkoal|26/100
|-damage|p1b: Basculegion|79/100|[from] Recoil
|move|p2b: Farigiraf|Trick Room|p2b: Farigiraf
|-fieldstart|move: Trick Room|[of] p2b: Farigiraf
|
|-weather|SunnyDay|[upkeep]
|upkeep
|turn|2
|inactive|Joseph Terastalin has 30 seconds left.
|inactive|Joseph Terastalin has 20 seconds left.
|inactive|Joseph Terastalin has 15 seconds left.
|
|t:|1757006707
|switch|p1a: Kommo-o|Kommo-o, L50, F|100/100
|switch|p1b: Arcanine|Arcanine-Hisui, L50, F|100/100
|-ability|p1b: Arcanine|Intimidate|boost
|-unboost|p2a: Torkoal|atk|1
|-unboost|p2b: Farigiraf|atk|1
|-enditem|p2a: Torkoal|Eject Pack
|
|t:|1757006716
|switch|p2a: Tyranitar|Tyranitar, L50, M|100/100
|-weather|Sandstorm|[from] ability: Sand Stream|[of] p2a: Tyranitar
|move|p2b: Farigiraf|Hyper Voice|p1b: Arcanine|[spread] p1a,p1b
|-resisted|p1b: Arcanine
|-damage|p1a: Kommo-o|68/100
|-damage|p1b: Arcanine|88/100
|-enditem|p2b: Farigiraf|Throat Spray
|-boost|p2b: Farigiraf|spa|1|[from] item: Throat Spray
|
|-weather|Sandstorm|[upkeep]
|-damage|p2b: Farigiraf|95/100|[from] Sandstorm
|upkeep
|turn|3
|inactive|Joseph Terastalin has 30 seconds left.
|inactive|Joseph Terastalin has 20 seconds left.
|inactive|Joseph Terastalin has 15 seconds left.
|
|t:|1757006761
|-terastallize|p2a: Tyranitar|Flying
|move|p1a: Kommo-o|Protect|p1a: Kommo-o
|-singleturn|p1a: Kommo-o|Protect
|move|p2a: Tyranitar|Rock Slide|p1a: Kommo-o|[spread] p1b
|-activate|p1a: Kommo-o|move: Protect
|-supereffective|p1b: Arcanine
|-damage|p1b: Arcanine|0 fnt
|faint|p1b: Arcanine
|move|p2b: Farigiraf|Psychic|p1a: Kommo-o
|-activate|p1a: Kommo-o|move: Protect
|
|-weather|Sandstorm|[upkeep]
|-damage|p2a: Tyranitar|95/100|[from] Sandstorm
|-damage|p2b: Farigiraf|89/100|[from] Sandstorm
|upkeep
|
|t:|1757006777
|switch|p1b: Ninetales|Ninetales-Alola, L50, M|100/100
|-weather|Snowscape|[from] ability: Snow Warning|[of] p1b: Ninetales
|turn|4
|
|t:|1757006788
|move|p2a: Tyranitar|Rock Slide|p1b: Ninetales|[spread] p1a,p1b
|-resisted|p1a: Kommo-o
|-supereffective|p1b: Ninetales
|-damage|p1a: Kommo-o|49/100
|-damage|p1b: Ninetales|19/100
|move|p2b: Farigiraf|Psychic|p1a: Kommo-o
|-supereffective|p1a: Kommo-o
|-damage|p1a: Kommo-o|0 fnt
|faint|p1a: Kommo-o
|move|p1b: Ninetales|Blizzard|p2b: Farigiraf|[spread] p2a,p2b
|-supereffective|p2a: Tyranitar
|-crit|p2a: Tyranitar
|-damage|p2a: Tyranitar|22/100
|-damage|p2b: Farigiraf|58/100
|-status|p2a: Tyranitar|frz
|
|-weather|Snowscape|[upkeep]
|upkeep
|
|t:|1757006802
|switch|p1a: Basculegion|Basculegion, L50, M, tera:Water|79/100
|turn|5
|
|t:|1757006820
|switch|p2a: Torkoal|Torkoal, L50, F|26/100
|-weather|SunnyDay|[from] ability: Drought|[of] p2a: Torkoal
|move|p1b: Ninetales|Protect|p1b: Ninetales
|-singleturn|p1b: Ninetales|Protect
|move|p2b: Farigiraf|Hyper Voice|p1a: Basculegion|[spread] p1a
|-activate|p1b: Ninetales|move: Protect
|-damage|p1a: Basculegion|22/100
|move|p1a: Basculegion|Flip Turn|p2b: Farigiraf
|-crit|p2b: Farigiraf
|-damage|p2b: Farigiraf|22/100
|
|-weather|SunnyDay|[upkeep]
|-fieldend|move: Trick Room
|upkeep
|turn|6
|inactive|Joseph Terastalin has 30 seconds left.
|inactive|Joseph Terastalin has 20 seconds left.
|
|t:|1757006858
|move|p1a: Basculegion|Flip Turn|p2a: Torkoal
|-supereffective|p2a: Torkoal
|-damage|p2a: Torkoal|0 fnt
|faint|p2a: Torkoal
|move|p1b: Ninetales|Freeze-Dry|p2b: Farigiraf
|-damage|p2b: Farigiraf|0 fnt
|faint|p2b: Farigiraf
|
|-weather|SunnyDay|[upkeep]
|upkeep
|
|t:|1757006864
|switch|p2b: Venusaur|Venusaur, L50, F|100/100
|switch|p2a: Tyranitar|Tyranitar, L50, M, tera:Flying|22/100 frz
|-weather|Sandstorm|[from] ability: Sand Stream|[of] p2a: Tyranitar
|turn|7
|
|t:|1757006877
|move|p1a: Basculegion|Flip Turn|p2b: Venusaur
|-resisted|p2b: Venusaur
|-damage|p2b: Venusaur|72/100
|move|p1b: Ninetales|Blizzard|p2b: Venusaur|[spread] p2a
|-miss|p1b: Ninetales|p2b: Venusaur
|-supereffective|p2a: Tyranitar
|-damage|p2a: Tyranitar|0 fnt
|faint|p2a: Tyranitar
|move|p2b: Venusaur|Giga Drain|p1a: Basculegion
|-supereffective|p1a: Basculegion
|-damage|p1a: Basculegion|0 fnt
|-heal|p2b: Venusaur|85/100|[from] drain|[of] p1a: Basculegion
|faint|p1a: Basculegion
|-damage|p2b: Venusaur|75/100|[from] item: Life Orb
|
|-weather|Sandstorm|[upkeep]
|-damage|p1b: Ninetales|13/100|[from] Sandstorm
|-damage|p2b: Venusaur|70/100|[from] Sandstorm
|upkeep
|turn|8
|
|t:|1757006896
|move|p1b: Ninetales|Blizzard|p2b: Venusaur
|-supereffective|p2b: Venusaur
|-damage|p2b: Venusaur|0 fnt
|faint|p2b: Venusaur
|
|win|Govek314
|raw|Govek314's rating: 1046 → 1075(+29 for winning)
|raw|Joseph Terastalin's rating: 1000 → 1000(+0 for losing)
