|j|☆ester98
|j|☆xhooorxhi
|html|ester98xhooorxhi    
|uhtml|bestof|Game 2 of a best-of-3
|t:|1756246335
|gametype|doubles
|player|p1|ester98|1|
|player|p2|xhooorxhi|pokemonbreeder-gen4|
|gen|9
|tier|[Gen 9] VGC 2025 Reg H (Bo3)
|rule|Species Clause: Limit one of each Pokémon
|rule|Item Clause: Limit 1 of each item
|clearpoke
|poke|p1|Incineroar, L50, F|
|poke|p1|Amoonguss, L50, M|
|poke|p1|Ursaluna-Bloodmoon, L50, M|
|poke|p1|Sneasler, L50, F|
|poke|p1|Gholdengo, L50|
|poke|p1|Dragonite, L50, M|
|poke|p2|Decidueye-Hisui, L50, F|
|poke|p2|Clefable, L50, M|
|poke|p2|Dragonite, L50, M|
|poke|p2|Empoleon, L50, M|
|poke|p2|Typhlosion-Hisui, L50, F|
|poke|p2|Dragapult, L50, M|
|teampreview|4
|showteam|p1|Incineroar||SafetyGoggles|Intimidate|FlareBlitz,KnockOff,PartingShot,FakeOut|||F|||50|,,,,,Ghost]Amoonguss||SitrusBerry|Regenerator|Spore,RagePowder,PollenPuff,Protect|||M|||50|,,,,,Psychic]Ursaluna-Bloodmoon||AssaultVest|MindsEye|HyperVoice,BloodMoon,EarthPower,VacuumWave|||M|||50|,,,,,Water]Sneasler||FocusSash|Unburden|CloseCombat,DireClaw,ThroatChop,Protect|||F|||50|,,,,,Stellar]Gholdengo||LifeOrb|GoodasGold|MakeItRain,ShadowBall,NastyPlot,Protect||||||50|,,,,,Water]Dragonite||LoadedDice|Multiscale|ScaleShot,Tailwind,Haze,Protect|||M|||50|,,,,,Fairy
|showteam|p2|Decidueye-Hisui||ScopeLens|Scrappy|TripleArrows,BraveBird,LeafBlade,Protect|||F|||50|,,,,,Flying]Clefable||AguavBerry|Unaware|FollowMe,Moonblast,Protect,MistyTerrain|||M|||50|,,,,,Water]Dragonite||LoadedDice|Multiscale|ScaleShot,IceSpinner,Tailwind,Protect|||M|||50|,,,,,Fairy]Empoleon||CovertCloak|Competitive|HydroPump,FlashCannon,IcyWind,Protect|||M|||50|,,,,,Ghost]Typhlosion-Hisui||ChoiceScarf|Blaze|Eruption,Overheat,ShadowBall,HeatWave|||F|||50|,,,,,Fire]Dragapult||ChoiceBand|ClearBody|Outrage,DragonDarts,PhantomForce,Uturn|||M|||50|,,,,,Dragon
|inactive|Battle timer is ON: inactive players will automatically lose when time's up. (requested by xhooorxhi)
|inactiveoff|Battle timer is now OFF.
|
|t:|1756246378
|teamsize|p1|4
|teamsize|p2|4
|start
|switch|p1a: Sneasler|Sneasler, L50, F|100/100
|switch|p1b: Dragonite|Dragonite, L50, M|100/100
|switch|p2a: Dragapult|Dragapult, L50, M, shiny|100/100
|switch|p2b: Dragonite|Dragonite, L50, M, shiny|100/100
|turn|1
|
|t:|1756246401
|-terastallize|p2a: Dragapult|Dragon
|-terastallize|p1b: Dragonite|Fairy
|move|p1a: Sneasler|Protect|p1a: Sneasler
|-singleturn|p1a: Sneasler|Protect
|move|p2a: Dragapult|U-turn|p1a: Sneasler
|-activate|p1a: Sneasler|move: Protect
|move|p2b: Dragonite|Tailwind|p2b: Dragonite
|-sidestart|p2: xhooorxhi|move: Tailwind
|move|p1b: Dragonite|Scale Shot|p2a: Dragapult
|-supereffective|p2a: Dragapult
|-damage|p2a: Dragapult|57/100
|-supereffective|p2a: Dragapult
|-damage|p2a: Dragapult|17/100
|-supereffective|p2a: Dragapult
|-damage|p2a: Dragapult|0 fnt
|faint|p2a: Dragapult
|-hitcount|p2: Dragapult|3
|-unboost|p1b: Dragonite|def|1
|-boost|p1b: Dragonite|spe|1
|
|upkeep
|c|☆xhooorxhi|oops i terad the wrong guy 😭
|
|t:|1756246431
|switch|p2a: Decidueye|Decidueye-Hisui, L50, F, shiny|100/100
|turn|2
|c|☆ester98|lol ok makes more sense
|
|t:|1756246449
|switch|p2a: Typhlosion|Typhlosion-Hisui, L50, F|100/100
|move|p2b: Dragonite|Scale Shot|p1a: Sneasler
|-damage|p1a: Sneasler|73/100
|-damage|p1a: Sneasler|44/100
|-damage|p1a: Sneasler|17/100
|-damage|p1a: Sneasler|0 fnt
|faint|p1a: Sneasler
|-hitcount|p1: Sneasler|4
|-unboost|p2b: Dragonite|def|1
|-boost|p2b: Dragonite|spe|1
|move|p1b: Dragonite|Tailwind|p1b: Dragonite
|-sidestart|p1: ester98|move: Tailwind
|
|upkeep
|
|t:|1756246470
|switch|p1a: Gholdengo|Gholdengo, L50|100/100
|turn|3
|
|t:|1756246484
|move|p1a: Gholdengo|Protect|p1a: Gholdengo
|-singleturn|p1a: Gholdengo|Protect
|move|p2a: Typhlosion|Shadow Ball|p1a: Gholdengo
|-activate|p1a: Gholdengo|move: Protect
|move|p2b: Dragonite|Scale Shot|p1a: Gholdengo
|-activate|p1a: Gholdengo|move: Protect
|move|p1b: Dragonite|Scale Shot|p2a: Typhlosion|[miss]
|-miss|p1b: Dragonite|p2a: Typhlosion
|
|upkeep
|turn|4
|
|t:|1756246500
|switch|p1a: Ursaluna|Ursaluna-Bloodmoon, L50, M|100/100
|move|p2a: Typhlosion|Shadow Ball|p1a: Ursaluna
|-immune|p1a: Ursaluna
|move|p1b: Dragonite|Scale Shot|p2a: Typhlosion
|-damage|p2a: Typhlosion|76/100
|-damage|p2a: Typhlosion|56/100
|-damage|p2a: Typhlosion|35/100
|-damage|p2a: Typhlosion|13/100
|-hitcount|p2a: Typhlosion|4
|-unboost|p1b: Dragonite|def|1
|-boost|p1b: Dragonite|spe|1
|move|p2b: Dragonite|Ice Spinner|p1b: Dragonite
|-damage|p1b: Dragonite|64/100
|
|-sideend|p2: xhooorxhi|move: Tailwind
|upkeep
|turn|5
|
|t:|1756246515
|move|p2b: Dragonite|Protect|p2b: Dragonite
|-singleturn|p2b: Dragonite|Protect
|move|p1b: Dragonite|Scale Shot|p2b: Dragonite
|-activate|p2b: Dragonite|move: Protect
|move|p2a: Typhlosion|Shadow Ball|p1b: Dragonite
|-damage|p1b: Dragonite|20/100
|move|p1a: Ursaluna|Hyper Voice|p2a: Typhlosion|[spread] p2a
|-activate|p2b: Dragonite|move: Protect
|-damage|p2a: Typhlosion|0 fnt
|faint|p2a: Typhlosion
|
|-sideend|p1: ester98|move: Tailwind
|upkeep
|
|t:|1756246524
|switch|p2a: Decidueye|Decidueye-Hisui, L50, F, shiny|100/100
|turn|6
|
|t:|1756246531
|move|p1b: Dragonite|Tailwind|p1b: Dragonite
|-sidestart|p1: ester98|move: Tailwind
|move|p2b: Dragonite|Tailwind|p2b: Dragonite
|-sidestart|p2: xhooorxhi|move: Tailwind
|move|p2a: Decidueye|Triple Arrows|p1a: Ursaluna
|-supereffective|p1a: Ursaluna
|-crit|p1a: Ursaluna
|-damage|p1a: Ursaluna|4/100
|move|p1a: Ursaluna|Hyper Voice|p2b: Dragonite|[spread] p2a,p2b
|-damage|p2a: Decidueye|65/100
|-damage|p2b: Dragonite|81/100
|
|upkeep
|turn|7
|
|t:|1756246545
|move|p2b: Dragonite|Protect|p2b: Dragonite
|-singleturn|p2b: Dragonite|Protect
|move|p1b: Dragonite|Scale Shot|p2a: Decidueye
|-damage|p2a: Decidueye|49/100
|-damage|p2a: Decidueye|33/100
|-damage|p2a: Decidueye|15/100
|-damage|p2a: Decidueye|0 fnt
|faint|p2a: Decidueye
|-hitcount|p2: Decidueye|4
|-unboost|p1b: Dragonite|def|1
|-boost|p1b: Dragonite|spe|1
|move|p1a: Ursaluna|Blood Moon|p2b: Dragonite
|-activate|p2b: Dragonite|move: Protect
|
|upkeep
|turn|8
|c|☆ester98|ggs
|c|☆xhooorxhi|gg
|
|t:|1756246557
|move|p1b: Dragonite|Scale Shot|p2b: Dragonite
|-supereffective|p2b: Dragonite
|-damage|p2b: Dragonite|35/100
|-supereffective|p2b: Dragonite
|-damage|p2b: Dragonite|0 fnt
|faint|p2b: Dragonite
|-hitcount|p2: Dragonite|2
|
|win|ester98
|c|☆xhooorxhi|thanks for playing
|c|☆ester98|thanks to you"
|c|☆ester98|!
|c|☆xhooorxhi|:DD
