|j|☆gundot
|j|☆thebeast4895
|html|gundotthebeast4895    
|uhtml|bestof|Game 1 of a best-of-3
|t:|1784304114
|gametype|doubles
|player|p1|gundot|ethan-gen2|1269
|player|p2|thebeast4895|102|1228
|gen|9
|tier|[Gen 9 Champions] VGC 2026 Reg M-B (Bo3)
|rated|
|rule|Species Clause: Limit one of each Pokémon
|rule|Item Clause: Limit 1 of each item
|clearpoke
|poke|p1|Charizard, L50, F, shiny|
|poke|p1|Whimsicott, L50, F|
|poke|p1|Mawile, L50, F, shiny|
|poke|p1|Garchomp, L50, M|
|poke|p1|Farigiraf, L50, F|
|poke|p1|Basculegion, L50, M, shiny|
|poke|p2|Kingambit, L50, M, shiny|
|poke|p2|Froslass, L50, F|
|poke|p2|Farigiraf, L50, F|
|poke|p2|Blaziken, L50, M|
|poke|p2|Kleavor, L50, F, shiny|
|poke|p2|Whimsicott, L50, F|
|teampreview|4
|showteam|p1|Charizard||CharizarditeY|SolarPower|HeatWave,WeatherBall,SolarBeam,Protect|Modest||F|||50|]Whimsicott||FocusSash|Prankster|Moonblast,Tailwind,Encore,Protect|Timid||F|||50|]Mawile||Mawilite|Intimidate|PlayRough,IronHead,RockSlide,SuckerPunch|Adamant||F|||50|]Garchomp||LifeOrb|RoughSkin|Earthquake,DragonClaw,RockSlide,Protect|Jolly||M|||50|]Farigiraf||SitrusBerry|ArmorTail|Psychic,Thunderbolt,TrickRoom,HelpingHand|Modest||F|||50|]Basculegion||MysticWater|Adaptability|WaveCrash,AquaJet,LastRespects,Protect|Adamant||M|||50|
|showteam|p2|Kingambit||ChopleBerry|Defiant|LowKick,IronHead,KowtowCleave,SuckerPunch|Adamant||M|||50|]Froslass||Froslassite|CursedBody|Protect,AuroraVeil,ShadowBall,Blizzard|Timid||F|||50|]Farigiraf||ColburBerry|ArmorTail|Protect,Psychic,HelpingHand,TrickRoom|Bold||F|||50|]Blaziken||Blazikenite|SpeedBoost|Detect,CloseCombat,FlareBlitz,RockSlide|Adamant||M|||50|]Kleavor||ChoiceScarf|Sharpness|Uturn,StoneAxe,CloseCombat,XScissor|Jolly||F|||50|]Whimsicott||FocusSash|Prankster|Protect,Moonblast,Tailwind,Encore|Timid||F|||50|
|inactive|Battle timer is ON: inactive players will automatically lose when time's up. (requested by gundot)
|
|t:|1784304132
|teamsize|p1|4
|teamsize|p2|4
|start
|switch|p1a: Whimsicott|Whimsicott, L50, F|100/100
|switch|p1b: Mawile|Mawile, L50, F, shiny|100/100
|switch|p2a: Kleavor|Kleavor, L50, F, shiny|100/100
|switch|p2b: Blaziken|Blaziken, L50, M|100/100
|-ability|p1b: Mawile|Intimidate|boost
|-unboost|p2a: Kleavor|atk|1
|-unboost|p2b: Blaziken|atk|1
|turn|1
|c|☆thebeast4895|rock slides interesting ngl
|c|☆thebeast4895|cuz like
|c|☆thebeast4895|u would think u dont wanna do that
|c|☆thebeast4895|becuase u dont want to bring that into charizard
|inactive|gundot has 30 seconds left.
|inactive|thebeast4895 has 30 seconds left.
|inactive|gundot has 20 seconds left.
|inactive|gundot has 15 seconds left.
|
|t:|1784304172
|detailschange|p1b: Mawile|Mawile-Mega, L50, F, shiny
|-mega|p1b: Mawile|Mawile|Mawilite
|move|p2b: Blaziken|Detect|p2b: Blaziken
|-singleturn|p2b: Blaziken|Protect
|move|p1a: Whimsicott|Tailwind|p1a: Whimsicott
|-sidestart|p1: gundot|move: Tailwind
|move|p2a: Kleavor|U-turn|p1a: Whimsicott
|-damage|p1a: Whimsicott|60/100
|
|t:|1784304182
|switch|p2a: Whimsicott|Whimsicott, L50, F|100/100|[from] U-turn
|move|p1b: Mawile|Iron Head|p2a: Whimsicott
|-supereffective|p2a: Whimsicott|1
|-enditem|p2a: Whimsicott|Focus Sash
|-damage|p2a: Whimsicott|1/100
|
|-ability|p2b: Blaziken|Speed Boost|boost
|-boost|p2b: Blaziken|spe|1
|upkeep
|turn|2
|
|t:|1784304192
|switch|p2b: Kleavor|Kleavor, L50, F, shiny|100/100
|move|p1a: Whimsicott|Encore||[still]
|-fail|p1a: Whimsicott
|move|p2a: Whimsicott|Tailwind|p2a: Whimsicott
|-sidestart|p2: thebeast4895|move: Tailwind
|move|p1b: Mawile|Rock Slide|p2a: Whimsicott|[spread] 
|-miss|p1b: Mawile|p2a: Whimsicott
|-miss|p1b: Mawile|p2b: Kleavor
|
|upkeep
|turn|3
|
|t:|1784304216
|move|p2a: Whimsicott|Encore|p1b: Mawile
|-start|p1b: Mawile|Encore
|move|p1a: Whimsicott|Encore||[still]
|-fail|p1a: Whimsicott
|move|p2b: Kleavor|Stone Axe|p1a: Whimsicott
|-damage|p1a: Whimsicott|0 fnt
|-sidestart|p1: gundot|move: Stealth Rock
|faint|p1a: Whimsicott
|move|p1b: Mawile|Rock Slide|p2a: Whimsicott|[spread] p2a,p2b
|-supereffective|p2b: Kleavor|1
|-damage|p2a: Whimsicott|0 fnt
|-damage|p2b: Kleavor|7/100
|faint|p2a: Whimsicott
|
|upkeep
|
|t:|1784304227
|switch|p2a: Blaziken|Blaziken, L50, M|100/100
|switch|p1a: Basculegion|Basculegion, L50, M, shiny|100/100
|-damage|p1a: Basculegion|87/100|[from] Stealth Rock
|turn|4
|
|t:|1784304242
|move|p2a: Blaziken|Detect|p2a: Blaziken
|-singleturn|p2a: Blaziken|Protect
|move|p1a: Basculegion|Aqua Jet|p2b: Kleavor
|-supereffective|p2b: Kleavor|1
|-damage|p2b: Kleavor|0 fnt
|faint|p2b: Kleavor
|move|p1b: Mawile|Rock Slide|p2a: Blaziken
|-activate|p2a: Blaziken|move: Protect
|
|-sideend|p1: gundot|move: Tailwind
|-ability|p2a: Blaziken|Speed Boost|boost
|-boost|p2a: Blaziken|spe|1
|upkeep
|
|t:|1784304247
|switch|p2b: Kingambit|Kingambit, L50, M, shiny|100/100
|turn|5
|
|t:|1784304270
|switch|p1b: Garchomp|Garchomp, L50, M|100/100
|-damage|p1b: Garchomp|94/100|[from] Stealth Rock
|detailschange|p2a: Blaziken|Blaziken-Mega, L50, M
|-mega|p2a: Blaziken|Blaziken|Blazikenite
|move|p1a: Basculegion|Protect|p1a: Basculegion
|-singleturn|p1a: Basculegion|Protect
|move|p2b: Kingambit|Sucker Punch||[still]
|-fail|p2b: Kingambit
|move|p2a: Blaziken|Flare Blitz|p1b: Garchomp
|-resisted|p1b: Garchomp|1
|-damage|p1b: Garchomp|56/100
|-status|p1b: Garchomp|brn
|-damage|p2a: Blaziken|87/100|[from] ability: Rough Skin|[of] p1b: Garchomp
|-damage|p2a: Blaziken|75/100|[from] Recoil
|
|-damage|p1b: Garchomp|50/100g brn|[from] brn
|-sideend|p2: thebeast4895|move: Tailwind
|-ability|p2a: Blaziken|Speed Boost|boost
|-boost|p2a: Blaziken|spe|1
|upkeep
|turn|6
|inactive|thebeast4895 has 30 seconds left.
|
|t:|1784304297
|move|p2a: Blaziken|Detect|p2a: Blaziken
|-singleturn|p2a: Blaziken|Protect
|move|p1a: Basculegion|Aqua Jet|p2a: Blaziken
|-activate|p2a: Blaziken|move: Protect
|move|p2b: Kingambit|Sucker Punch|p1b: Garchomp
|-damage|p1b: Garchomp|10/100 brn
|-damage|p2b: Kingambit|87/100|[from] ability: Rough Skin|[of] p1b: Garchomp
|move|p1b: Garchomp|Earthquake|p2a: Blaziken|[spread] p1a,p2b
|-activate|p2a: Blaziken|move: Protect
|-supereffective|p2b: Kingambit|1
|-damage|p1a: Basculegion|61/100
|-damage|p2b: Kingambit|50/100g
|-damage|p1b: Garchomp|1/100 brn|[from] item: Life Orb
|
|-damage|p1b: Garchomp|0 fnt|[from] brn
|faint|p1b: Garchomp
|-ability|p2a: Blaziken|Speed Boost|boost
|-boost|p2a: Blaziken|spe|1
|upkeep
|
|t:|1784304300
|switch|p1b: Mawile|Mawile-Mega, L50, F, shiny|100/100
|-damage|p1b: Mawile|93/100|[from] Stealth Rock
|turn|7
|
|t:|1784304313
|move|p1a: Basculegion|Aqua Jet|p2a: Blaziken
|-supereffective|p2a: Blaziken|1
|-damage|p2a: Blaziken|0 fnt
|faint|p2a: Blaziken
|move|p1b: Mawile|Sucker Punch|p2b: Kingambit
|-resisted|p2b: Kingambit|1
|-damage|p2b: Kingambit|32/100
|move|p2b: Kingambit|Kowtow Cleave|p1a: Basculegion
|-supereffective|p1a: Basculegion|1
|-damage|p1a: Basculegion|0 fnt
|faint|p1a: Basculegion
|
|upkeep
|turn|8
|
|t:|1784304321
|move|p2b: Kingambit|Iron Head|p1b: Mawile
|-damage|p1b: Mawile|43/100
|move|p1b: Mawile|Play Rough|p2b: Kingambit
|-damage|p2b: Kingambit|0 fnt
|faint|p2b: Kingambit
|
|win|gundot
||thebeast4895 is ready for game 2.
