|j|☆Mercedes AMG C63
|j|☆noLifeNL
|html|Mercedes AMG C63noLifeNL    
|uhtml|bestof|Game 1 of a best-of-3
|t:|1782653838
|gametype|doubles
|player|p1|Mercedes AMG C63|marshal|
|player|p2|noLifeNL|serena|
|gen|9
|tier|[Gen 9 Champions] VGC 2026 Reg M-B (Bo3)
|rule|Species Clause: Limit one of each Pokémon
|rule|Item Clause: Limit 1 of each item
|clearpoke
|poke|p1|Swampert, L50, M|
|poke|p1|Pelipper, L50, F|
|poke|p1|Archaludon, L50, M|
|poke|p1|Basculegion, L50, M|
|poke|p1|Venusaur, L50, M|
|poke|p1|Sableye, L50, M|
|poke|p2|Clefable, L50, M|
|poke|p2|Scolipede, L50, F|
|poke|p2|Gengar, L50, F|
|poke|p2|Blaziken, L50, M|
|poke|p2|Banette, L50, M|
|poke|p2|Lopunny, L50, F|
|teampreview|4
|showteam|p1|Swampert||Swampertite|Torrent|WaveCrash,Protect,IcePunch,Earthquake|Adamant||M|||50|]Pelipper||SitrusBerry|Drizzle|Hurricane,Tailwind,Soak,Protect|Modest||F|||50|]Archaludon||Leftovers|Stamina|ElectroShot,DracoMeteor,FlashCannon,Protect|Modest||M|||50|]Basculegion||ChoiceScarf|Adaptability|AquaJet,WaveCrash,FlipTurn,LastRespects|Jolly||M|||50|]Venusaur||Venusaurite|Overgrow|EarthPower,SludgeBomb,GigaDrain,Protect|Modest||M|||50|]Sableye||LightClay|Prankster|LightScreen,WillOWisp,Quash,RainDance|Careful||M|||50|
|showteam|p2|Clefable||Clefablite|Unaware|CosmicPower,BatonPass,FollowMe,Moonblast|Bold||M|||50|]Scolipede||Scolipite|SpeedBoost|LeechLife,PoisonJab,Toxic,Protect|Adamant||F|||50|]Gengar||Gengarite|CursedBody|PsychUp,ShadowBall,SludgeBomb,Protect|Timid||F|||50|]Blaziken||Blazikenite|SpeedBoost|SwordsDance,BatonPass,FlareBlitz,Protect|Adamant||M|||50|]Banette||Banettite|CursedBody|PsychUp,PainSplit,ShadowClaw,Protect|Adamant||M|||50|]Lopunny||Lopunnite|Limber|BatonPass,CosmicPower,FakeOut,CloseCombat|Jolly||F|||50|
|j| Gerryjunior
|c|☆Mercedes AMG C63|glhf :D
|c|☆noLifeNL|gl hf!
|c|☆Mercedes AMG C63|BRO
|c|☆Mercedes AMG C63|FULL MEGAS
|c|☆Mercedes AMG C63|WAT
|c|☆Mercedes AMG C63|HAHAHAHA
|c|☆noLifeNL|HAHAHAH
|c|☆noLifeNL|jajaja
|c|☆Mercedes AMG C63|BRO
|c|☆noLifeNL|welke ga ik nou megaen?
|c|☆Mercedes AMG C63|full mindgame dit
|inactive|Battle timer is ON: inactive players will automatically lose when time's up. (requested by noLifeNL)
|inactive|Mercedes AMG C63 has 60 seconds left.
|inactive|noLifeNL has 60 seconds left.
|j| peer+mol
|c| peer+mol|Chuck mijn goat
|inactive|Mercedes AMG C63 has 30 seconds left.
|inactive|noLifeNL has 30 seconds left.
|c|☆Mercedes AMG C63|oh shit peermol
|inactive|noLifeNL has 20 seconds left.
|inactive|noLifeNL has 15 seconds left.
|inactive|noLifeNL has 10 seconds left.
|
|t:|1782653975
|teamsize|p1|4
|teamsize|p2|4
|start
|switch|p1a: Swampert|Swampert, L50, M|100/100
|switch|p1b: Pelipper|Pelipper, L50, F|100/100
|switch|p2a: Clefable|Clefable, L50, M|100/100
|switch|p2b: Lopunny|Lopunny, L50, F|100/100
|-weather|RainDance|[from] ability: Drizzle|[of] p1b: Pelipper
|turn|1
|
|t:|1782653994
|switch|p1a: Venusaur|Venusaur, L50, M|100/100
|move|p1b: Pelipper|Protect|p1b: Pelipper
|-singleturn|p1b: Pelipper|Protect
|move|p2b: Lopunny|Fake Out|p1a: Venusaur
|-damage|p1a: Venusaur|88/100
|move|p2a: Clefable|Cosmic Power|p2a: Clefable
|-boost|p2a: Clefable|def|1
|-boost|p2a: Clefable|spd|1
|
|-weather|RainDance|[upkeep]
|upkeep
|turn|2
|c| peer+mol|Medium boulder en lopunny
|c| peer+mol|Op mn beeldscherm
|c|☆noLifeNL|HAHAHAH
|l| peer+mol
|inactive|Mercedes AMG C63 has 30 seconds left.
|inactive|noLifeNL has 30 seconds left.
|c|☆noLifeNL|large boulder bro
|c|☆Mercedes AMG C63|ik gahuilen
|inactive|noLifeNL has 20 seconds left.
|inactive|noLifeNL has 15 seconds left.
|inactive|noLifeNL has 10 seconds left.
|inactive|Mercedes AMG C63 has 20 seconds left.
|inactive|noLifeNL has 5 seconds left.
|inactive|Mercedes AMG C63 has 15 seconds left.
|
|t:|1782654049
|detailschange|p1a: Venusaur|Venusaur-Mega, L50, M
|-mega|p1a: Venusaur|Venusaur|Venusaurite
|move|p2b: Lopunny|Cosmic Power|p2b: Lopunny
|-boost|p2b: Lopunny|def|1
|-boost|p2b: Lopunny|spd|1
|move|p1b: Pelipper|Tailwind|p1b: Pelipper
|-sidestart|p1: Mercedes AMG C63|move: Tailwind
|move|p1a: Venusaur|Sludge Bomb|p2a: Clefable
|-supereffective|p2a: Clefable|1
|-damage|p2a: Clefable|40/100
|-status|p2a: Clefable|psn
|move|p2a: Clefable|Baton Pass|p2a: Clefable
|j| peer+mol
|j| Riot0
|c|☆Mercedes AMG C63|WAT IS DIT
|c| peer+mol|Bro medium boulders worden groot
|
|t:|1782654071
|switch|p2a: Scolipede|Scolipede, L50, F|100/100|[from] Baton Pass
|
|-weather|RainDance|[upkeep]
|upkeep
|turn|3
|c| peer+mol|Ik weet nog toen ie nog een small bouldertje was
|c| peer+mol|Scharrel boulders
|c| Riot0|Real
|inactive|Mercedes AMG C63 has 30 seconds left.
|inactive|Mercedes AMG C63 has 20 seconds left.
|inactive|Mercedes AMG C63 has 15 seconds left.
|inactive|Mercedes AMG C63 has 10 seconds left.
|
|t:|1782654119
|move|p2a: Scolipede|Protect|p2a: Scolipede
|-singleturn|p2a: Scolipede|Protect
|move|p1b: Pelipper|Soak|p2a: Scolipede
|-activate|p2a: Scolipede|move: Protect
|move|p1a: Venusaur|Giga Drain|p2a: Scolipede
|-activate|p2a: Scolipede|move: Protect
|move|p2b: Lopunny|Baton Pass|p2b: Lopunny
|
|t:|1782654125
|switch|p2b: Gengar|Gengar, L50, F|100/100|[from] Baton Pass
|
|-weather|RainDance|[upkeep]
|-ability|p2a: Scolipede|Speed Boost|boost
|-boost|p2a: Scolipede|spe|1
|upkeep
|turn|4
|c|☆Mercedes AMG C63|ik geef op
|inactive|Mercedes AMG C63 has 30 seconds left.
|inactive|noLifeNL has 30 seconds left.
|inactive|Mercedes AMG C63 has 20 seconds left.
|inactive|Mercedes AMG C63 has 15 seconds left.
|l| peer+mol
|inactive|Mercedes AMG C63 has 10 seconds left.
|
|t:|1782654175
|detailschange|p2b: Gengar|Gengar-Mega, L50, F
|-mega|p2b: Gengar|Gengar|Gengarite
|move|p2b: Gengar|Protect|p2b: Gengar
|-singleturn|p2b: Gengar|Protect
|move|p2a: Scolipede|Leech Life|p1a: Venusaur
|-crit|p1a: Venusaur
|-damage|p1a: Venusaur|50/100g
|move|p1b: Pelipper|Hurricane|p2b: Gengar
|-activate|p2b: Gengar|move: Protect
|move|p1a: Venusaur|Earth Power|p2b: Gengar
|-activate|p2b: Gengar|move: Protect
|
|-weather|RainDance|[upkeep]
|-ability|p2a: Scolipede|Speed Boost|boost
|-boost|p2a: Scolipede|spe|1
|upkeep
|turn|5
|j| Dijkbewaker
|j| peer+mol
|c| Riot0|💀
|c|☆Mercedes AMG C63|ik wil hier uit
|inactive|noLifeNL has 30 seconds left.
|inactive|noLifeNL has 20 seconds left.
|inactive|noLifeNL has 15 seconds left.
|c| peer+mol|Opgeven kan met /forfeit fyi als je srs bent
|c| peer+mol|HAHAHHA
|inactive|noLifeNL has 10 seconds left.
|
|t:|1782654222
|switch|p2b: Clefable|Clefable, L50, M|40/100 psn
|move|p2a: Scolipede|Leech Life|p1a: Venusaur
|-damage|p1a: Venusaur|26/100
|move|p1b: Pelipper|Soak|p2b: Clefable
|-start|p2b: Clefable|typechange|Water
|move|p1a: Venusaur|Giga Drain|p2b: Clefable
|-supereffective|p2b: Clefable|1
|-damage|p2b: Clefable|0 fnt
|-heal|p1a: Venusaur|48/100|[from] drain|[of] p2b: Clefable
|faint|p2b: Clefable
|
|-weather|none
|-sideend|p1: Mercedes AMG C63|move: Tailwind
|-ability|p2a: Scolipede|Speed Boost|boost
|-boost|p2a: Scolipede|spe|1
|upkeep
|c|☆Mercedes AMG C63|nee tuurlijk niet
|
|t:|1782654234
|switch|p2b: Lopunny|Lopunny, L50, F|100/100
|turn|6
|c| peer+mol|Nu vallen de dominostenen van Chuck
|c| Riot0|HAHAHAHAHAH
|j| Akram Hamdi
|inactive|noLifeNL has 30 seconds left.
|
|t:|1782654259
|move|p1a: Venusaur|Protect|p1a: Venusaur
|-singleturn|p1a: Venusaur|Protect
|move|p2a: Scolipede|Poison Jab|p1a: Venusaur
|-activate|p1a: Venusaur|move: Protect
|move|p2b: Lopunny|Close Combat|p1b: Pelipper
|-resisted|p1b: Pelipper|1
|-damage|p1b: Pelipper|88/100
|-unboost|p2b: Lopunny|def|1
|-unboost|p2b: Lopunny|spd|1
|move|p1b: Pelipper|Tailwind|p1b: Pelipper
|-sidestart|p1: Mercedes AMG C63|move: Tailwind
|
|-ability|p2a: Scolipede|Speed Boost|boost
|-boost|p2a: Scolipede|spe|1
|upkeep
|turn|7
|c| Riot0|Shoutout scolipede
|c|☆noLifeNL|F tier mon
|inactive|Mercedes AMG C63 has 30 seconds left.
|inactive|noLifeNL has 30 seconds left.
|c| peer+mol|T-tier mon
|
|t:|1782654293
|switch|p2b: Gengar|Gengar-Mega, L50, F|100/100
|move|p2a: Scolipede|Poison Jab|p1a: Venusaur
|-damage|p1a: Venusaur|25/100
|move|p1b: Pelipper|Soak|p2b: Gengar
|-start|p2b: Gengar|typechange|Water
|move|p1a: Venusaur|Giga Drain|p2b: Gengar
|-supereffective|p2b: Gengar|1
|-damage|p2b: Gengar|13/100
|-heal|p1a: Venusaur|63/100|[from] drain|[of] p2b: Gengar
|
|-ability|p2a: Scolipede|Speed Boost|boost
|-boost|p2a: Scolipede|spe|1
|upkeep
|turn|8
|c| peer+mol|T voor into the trash it goes
|l| Akram Hamdi
|c|☆noLifeNL|legit
|inactive|Mercedes AMG C63 has 30 seconds left.
|
|t:|1782654318
|switch|p2b: Lopunny|Lopunny, L50, F|100/100
|move|p2a: Scolipede|Poison Jab|p1b: Pelipper
|-damage|p1b: Pelipper|55/100
|-status|p1b: Pelipper|psn
|move|p1b: Pelipper|Soak|p2a: Scolipede
|-start|p2a: Scolipede|typechange|Water
|move|p1a: Venusaur|Giga Drain|p2a: Scolipede
|-supereffective|p2a: Scolipede|1
|-damage|p2a: Scolipede|30/100
|-heal|p1a: Venusaur|94/100|[from] drain|[of] p2a: Scolipede
|
|-damage|p1b: Pelipper|43/100 psn|[from] psn
|-ability|p2a: Scolipede|Speed Boost|boost
|-boost|p2a: Scolipede|spe|1
|upkeep
|-enditem|p1b: Pelipper|Sitrus Berry|[eat]
|-heal|p1b: Pelipper|68/100 psn|[from] item: Sitrus Berry
|turn|9
|
|t:|1782654345
|move|p1b: Pelipper|Protect|p1b: Pelipper
|-singleturn|p1b: Pelipper|Protect
|move|p2b: Lopunny|Fake Out|p1a: Venusaur
|-damage|p1a: Venusaur|86/100
|move|p2a: Scolipede|Leech Life|p1a: Venusaur
|-damage|p1a: Venusaur|70/100
|-heal|p2a: Scolipede|39/100|[from] drain|[of] p1a: Venusaur
|cant|p1a: Venusaur|flinch
|
|-damage|p1b: Pelipper|56/100 psn|[from] psn
|-sideend|p1: Mercedes AMG C63|move: Tailwind
|upkeep
|turn|10
|l| Dijkbewaker
|l| Riot0
|j| Akram Hamdi
|inactive|Mercedes AMG C63 has 30 seconds left.
|
|t:|1782654377
|switch|p2b: Gengar|Gengar-Mega, L50, F|13/100
|switch|p1b: Swampert|Swampert, L50, M|100/100
|move|p2a: Scolipede|Poison Jab|p1b: Swampert
|-resisted|p1b: Swampert|1
|-damage|p1b: Swampert|89/100
|move|p1a: Venusaur|Sludge Bomb|p2b: Gengar
|-resisted|p2b: Gengar|2
|-damage|p2b: Gengar|0 fnt
|faint|p2b: Gengar
|
|upkeep
|
|t:|1782654380
|switch|p2b: Lopunny|Lopunny, L50, F|100/100
|turn|11
|
|t:|1782654402
|move|p1a: Venusaur|Protect|p1a: Venusaur
|-singleturn|p1a: Venusaur|Protect
|move|p1b: Swampert|Protect|p1b: Swampert
|-singleturn|p1b: Swampert|Protect
|move|p2b: Lopunny|Fake Out|p1a: Venusaur
|-activate|p1a: Venusaur|move: Protect
|move|p2a: Scolipede|Toxic|p1b: Swampert
|-activate|p1b: Swampert|move: Protect
|
|upkeep
|turn|12
|
|t:|1782654411
|move|p2a: Scolipede|Leech Life|p1a: Venusaur
|-damage|p1a: Venusaur|52/100
|-heal|p2a: Scolipede|49/100|[from] drain|[of] p1a: Venusaur
|move|p2b: Lopunny|Close Combat|p1b: Swampert
|-damage|p1b: Swampert|68/100
|-unboost|p2b: Lopunny|def|1
|-unboost|p2b: Lopunny|spd|1
|move|p1a: Venusaur|Giga Drain|p2a: Scolipede
|-supereffective|p2a: Scolipede|1
|-damage|p2a: Scolipede|0 fnt
|-heal|p1a: Venusaur|75/100|[from] drain|[of] p2a: Scolipede
|faint|p2a: Scolipede
|move|p1b: Swampert|Wave Crash|p2b: Lopunny
|-damage|p2b: Lopunny|0 fnt
|faint|p2b: Lopunny
|-damage|p1b: Swampert|39/100|[from] Recoil
|
|win|Mercedes AMG C63
||noLifeNL is ready for game 2.
|c|☆Mercedes AMG C63|dit is toch gwn
|c|☆Mercedes AMG C63|veel te eng
||Mercedes AMG C63 is ready for game 2.
|uhtml|next|Next: Game 2 of 3
|l| Akram Hamdi
|j| eifar
|l| peer+mol
|j| Riot0
|l| Riot0
|j| peer+mol
|j| LivioVGC
|l| LivioVGC
|l| eifar
