|j|☆owbd
|j|☆dr_sugus_vgc
|html|owbddr_sugus_vgc    
|uhtml|bestof|Game 3 of a best-of-3
|t:|1756800699
|gametype|doubles
|player|p1|owbd|cynthia-gen4|1118
|player|p2|dr_sugus_vgc|ruinmaniac|1140
|gen|9
|tier|[Gen 9] VGC 2025 Reg H (Bo3)
|rated|
|rule|Species Clause: Limit one of each Pokémon
|rule|Item Clause: Limit 1 of each item
|clearpoke
|poke|p1|Gholdengo, L50|
|poke|p1|Incineroar, L50, M|
|poke|p1|Ursaluna-Bloodmoon, L50, M|
|poke|p1|Indeedee, L50, M|
|poke|p1|Sneasler, L50, M|
|poke|p1|Murkrow, L50, M|
|poke|p2|Amoonguss, L50, F|
|poke|p2|Hydreigon, L50, M|
|poke|p2|Incineroar, L50, F|
|poke|p2|Gholdengo, L50|
|poke|p2|Palafin, L50, F|
|poke|p2|Garchomp, L50, F|
|teampreview|4
|showteam|p1|Gholdengo||ChoiceSpecs|GoodasGold|MakeItRain,ShadowBall,Thunderbolt,Trick||||||50|,,,,,Steel]Incineroar||SafetyGoggles|Intimidate|FlareBlitz,PartingShot,FakeOut,KnockOff|||M|||50|,,,,,Ghost]Ursaluna-Bloodmoon||AssaultVest|MindsEye|BloodMoon,EarthPower,HyperVoice,Moonblast|||M|||50|,,,,,Normal]Indeedee||FocusSash|PsychicSurge|ExpandingForce,Protect,TrickRoom,Imprison|||M|||50|,,,,,Psychic]Sneasler||PsychicSeed|Unburden|CloseCombat,DireClaw,FakeOut,ThroatChop|||M|||50|,,,,,Stellar]Murkrow||CovertCloak|Prankster|FoulPlay,Haze,SunnyDay,Tailwind|||M|||50|,,,,,Dark
|showteam|p2|Amoonguss||RockyHelmet|Regenerator|PollenPuff,Spore,RagePowder,Protect|||F|||50|,,,,,Fairy]Hydreigon||SafetyGoggles|Levitate|DracoMeteor,Protect,Tailwind,Snarl|||M|||50|,,,,,Ghost]Incineroar||SitrusBerry|Intimidate|FlareBlitz,KnockOff,PartingShot,FakeOut|||F|||50|,,,,,Ghost]Gholdengo||MetalCoat|GoodasGold|MakeItRain,ShadowBall,NastyPlot,Protect||||||50|,,,,,Water]Palafin||LifeOrb|ZerotoHero|JetPunch,WaveCrash,CloseCombat,Protect|||F|||50|,,,,,Water]Garchomp||FocusSash|RoughSkin|Earthquake,DragonClaw,StompingTantrum,Protect|||F|||50|,,,,,Grass
|inactive|Battle timer is ON: inactive players will automatically lose when time's up. (requested by dr_sugus_vgc)
|inactive|owbd has 60 seconds left.
|
|t:|1756800745
|teamsize|p1|4
|teamsize|p2|4
|start
|switch|p1a: Gholdengo|Gholdengo, L50|100/100
|switch|p1b: Sneasler|Sneasler, L50, M|100/100
|switch|p2a: Hydreigon|Hydreigon, L50, M|100/100
|switch|p2b: Incineroar|Incineroar, L50, F|100/100
|-ability|p2b: Incineroar|Intimidate|boost
|-unboost|p1a: Gholdengo|atk|1
|-unboost|p1b: Sneasler|atk|1
|turn|1
|inactive|dr_sugus_vgc has 30 seconds left.
|
|t:|1756800774
|-terastallize|p2a: Hydreigon|Ghost
|move|p2a: Hydreigon|Tailwind|p2a: Hydreigon
|-sidestart|p2: dr_sugus_vgc|move: Tailwind
|move|p2b: Incineroar|Flare Blitz|p1a: Gholdengo
|-supereffective|p1a: Gholdengo
|-damage|p1a: Gholdengo|0 fnt
|faint|p1a: Gholdengo
|-damage|p2b: Incineroar|74/100|[from] Recoil
|move|p1b: Sneasler|Dire Claw|p2a: Hydreigon
|-resisted|p2a: Hydreigon
|-damage|p2a: Hydreigon|87/100
|-status|p2a: Hydreigon|psn
|
|-damage|p2a: Hydreigon|75/100 psn|[from] psn
|upkeep
|
|t:|1756800789
|switch|p1a: Indeedee|Indeedee, L50, M|100/100
|-fieldstart|move: Psychic Terrain|[from] ability: Psychic Surge|[of] p1a: Indeedee
|-enditem|p1b: Sneasler|Psychic Seed
|-boost|p1b: Sneasler|spd|1|[from] item: Psychic Seed
|turn|2
|
|t:|1756800799
|move|p2a: Hydreigon|Snarl|p1a: Indeedee|[spread] p1a,p1b
|-supereffective|p1a: Indeedee
|-resisted|p1b: Sneasler
|-damage|p1a: Indeedee|52/100
|-damage|p1b: Sneasler|93/100
|-unboost|p1a: Indeedee|spa|1
|-unboost|p1b: Sneasler|spa|1
|move|p1b: Sneasler|Throat Chop|p2a: Hydreigon
|-supereffective|p2a: Hydreigon
|-damage|p2a: Hydreigon|33/100 psn
|-start|p2a: Hydreigon|Throat Chop|[silent]
|move|p2b: Incineroar|Knock Off|p1a: Indeedee
|-supereffective|p1a: Indeedee
|-damage|p1a: Indeedee|0 fnt
|-enditem|p1a: Indeedee|Focus Sash|[from] move: Knock Off|[of] p2b: Incineroar
|faint|p1a: Indeedee
|
|-damage|p2a: Hydreigon|21/100 psn|[from] psn
|upkeep
|
|t:|1756800813
|switch|p1a: Ursaluna|Ursaluna-Bloodmoon, L50, M|100/100
|turn|3
|
|t:|1756800827
|switch|p2a: Garchomp|Garchomp, L50, F|100/100
|move|p1b: Sneasler|Throat Chop|p2a: Garchomp
|-damage|p2a: Garchomp|81/100
|-start|p2a: Garchomp|Throat Chop|[silent]
|-damage|p1b: Sneasler|81/100|[from] ability: Rough Skin|[of] p2a: Garchomp
|move|p2b: Incineroar|Parting Shot|p1a: Ursaluna
|-unboost|p1a: Ursaluna|atk|1
|-unboost|p1a: Ursaluna|spa|1
|
|t:|1756800840
|switch|p2b: Palafin|Palafin, L50, F|100/100|[from] Parting Shot
|move|p1a: Ursaluna|Earth Power|p2b: Palafin
|-damage|p2b: Palafin|56/100
|
|upkeep
|turn|4
|
|t:|1756800852
|detailschange|p2b: Palafin|Palafin-Hero, L50, F
|switch|p2b: Hydreigon|Hydreigon, L50, M, tera:Ghost|21/100 psn
|-terastallize|p1a: Ursaluna|Normal
|move|p2a: Garchomp|Earthquake|p1b: Sneasler|[spread] p1a,p1b
|-immune|p2b: Hydreigon|[from] ability: Levitate
|-supereffective|p1b: Sneasler
|-damage|p1a: Ursaluna|68/100
|-damage|p1b: Sneasler|0 fnt
|faint|p1b: Sneasler
|move|p1a: Ursaluna|Hyper Voice|p2a: Garchomp|[spread] p2a,p2b
|-damage|p2a: Garchomp|43/100
|-damage|p2b: Hydreigon|0 fnt
|faint|p2b: Hydreigon
|
|-end|p2a: Garchomp|Throat Chop|[silent]
|-sideend|p2: dr_sugus_vgc|move: Tailwind
|upkeep
|
|t:|1756800865
|switch|p2b: Incineroar|Incineroar, L50, F|74/100
|-ability|p2b: Incineroar|Intimidate|boost
|-unboost|p1a: Ursaluna|atk|1
|turn|5
|
|t:|1756800874
|move|p2a: Garchomp|Dragon Claw|p1a: Ursaluna
|-damage|p1a: Ursaluna|33/100
|move|p1a: Ursaluna|Hyper Voice|p2a: Garchomp|[spread] p2a,p2b
|-crit|p2b: Incineroar
|-damage|p2a: Garchomp|4/100
|-damage|p2b: Incineroar|18/100
|-enditem|p2b: Incineroar|Sitrus Berry|[eat]
|-heal|p2b: Incineroar|43/100|[from] item: Sitrus Berry
|move|p2b: Incineroar|Knock Off|p1a: Ursaluna
|-damage|p1a: Ursaluna|1/100
|-enditem|p1a: Ursaluna|Assault Vest|[from] move: Knock Off|[of] p2b: Incineroar
|
|upkeep
|turn|6
|
|t:|1756800887
|move|p2a: Garchomp|Dragon Claw|p1a: Ursaluna
|-damage|p1a: Ursaluna|0 fnt
|faint|p1a: Ursaluna
|
|win|dr_sugus_vgc
|raw|owbd's rating: 1118 → 1095(-23 for losing)
|raw|dr_sugus_vgc's rating: 1140 → 1163(+23 for winning)
