|j|☆Dorank003
|j|☆Bridge_co.
|html|Dorank003Bridge_co.    
|uhtml|bestof|Game 1 of a best-of-3
|t:|1783539360
|gametype|doubles
|player|p1|Dorank003|n|
|player|p2|Bridge_co.|schoolkid-gen4|
|gen|9
|tier|[Gen 9 Champions] VGC 2026 Reg M-B (Bo3)
|rule|Species Clause: Limit one of each Pokémon
|rule|Item Clause: Limit 1 of each item
|clearpoke
|poke|p1|Dragonite, L50, F, shiny|
|poke|p1|Basculegion, L50, M, shiny|
|poke|p1|Scizor, L50, M|
|poke|p1|Archaludon, L50, M|
|poke|p1|Pelipper, L50, F|
|poke|p1|Incineroar, L50, F|
|poke|p2|Archaludon, L50, F, shiny|
|poke|p2|Grimmsnarl, L50, M, shiny|
|poke|p2|Pelipper, L50, M, shiny|
|poke|p2|Swampert, L50, F, shiny|
|poke|p2|Mawile, L50, F, shiny|
|poke|p2|Sinistcha, L50|
|teampreview|4
|showteam|p1|Dragonite||Dragoninite|InnerFocus|DragonPulse,Flamethrower,Tailwind,Protect|Modest||F|||50|]Basculegion||ChoiceScarf|Adaptability|WaveCrash,LastRespects,AquaJet,FlipTurn|Jolly||M|||50|]Scizor||Scizorite|Technician|BulletPunch,CloseCombat,SwordsDance,Protect|Adamant||M|||50|]Archaludon||ChopleBerry|Stamina|ElectroShot,DragonPulse,AuraSphere,Protect|Bold||M|||50|]Pelipper||FocusSash|Drizzle|Hurricane,WeatherBall,Tailwind,Protect|Modest||F|||50|]Incineroar||SitrusBerry|Intimidate|FakeOut,FlareBlitz,ThroatChop,PartingShot|Careful||F|||50|
|showteam|p2|Archaludon||Leftovers|Stamina|ElectroShot,DragonPulse,FlashCannon,Protect|Modest||F|||50|]Grimmsnarl||LightClay|Prankster|Reflect,LightScreen,FoulPlay,PartingShot|Calm||M|||50|]Pelipper||SitrusBerry|Drizzle|Tailwind,WideGuard,Hurricane,WeatherBall|Modest||M|||50|]Swampert||Swampertite|Damp|Protect,Earthquake,WaveCrash,IcePunch|Adamant||F|||50|]Mawile||Mawilite|Intimidate|PsychicFangs,Protect,PlayRough,SuckerPunch|Adamant||F|||50|]Sinistcha||CobaBerry|Hospitality|ShadowBall,MatchaGotcha,Protect,TrickRoom|Modest|||||50|
|inactive|Battle timer is ON: inactive players will automatically lose when time's up. (requested by Bridge_co.)
|inactive|Bridge_co. has 60 seconds left.
|
|t:|1783539401
|teamsize|p1|4
|teamsize|p2|4
|start
|switch|p1a: Scizor|Scizor, L50, M|100/100
|switch|p1b: Archaludon|Archaludon, L50, M|100/100
|switch|p2a: Archaludon|Archaludon, L50, F, shiny|100/100
|switch|p2b: Grimmsnarl|Grimmsnarl, L50, M, shiny|100/100
|turn|1
|
|t:|1783539425
|detailschange|p1a: Scizor|Scizor-Mega, L50, M
|-mega|p1a: Scizor|Scizor|Scizorite
|move|p2a: Archaludon|Protect|p2a: Archaludon
|-singleturn|p2a: Archaludon|Protect
|move|p1b: Archaludon|Electro Shot||[still]
|-prepare|p1b: Archaludon|Electro Shot
|-boost|p1b: Archaludon|spa|1
|move|p1a: Scizor|Swords Dance|p1a: Scizor
|-boost|p1a: Scizor|atk|2
|move|p2b: Grimmsnarl|Foul Play|p1a: Scizor
|-damage|p1a: Scizor|10/100
|
|upkeep
|turn|2
|
|t:|1783539448
|move|p1a: Scizor|Bullet Punch|p2b: Grimmsnarl
|-supereffective|p2b: Grimmsnarl|1
|-damage|p2b: Grimmsnarl|0 fnt
|faint|p2b: Grimmsnarl
|move|p1b: Archaludon|Electro Shot|p2a: Archaludon|[from] lockedmove
|-resisted|p2a: Archaludon|1
|-damage|p2a: Archaludon|73/100
|-ability|p2a: Archaludon|Stamina|boost
|-boost|p2a: Archaludon|def|1
|move|p2a: Archaludon|Electro Shot||[still]
|-prepare|p2a: Archaludon|Electro Shot
|-boost|p2a: Archaludon|spa|1
|
|-heal|p2a: Archaludon|79/100|[from] item: Leftovers
|upkeep
|
|t:|1783539459
|switch|p2b: Swampert|Swampert, L50, F, shiny|100/100
|turn|3
|
|t:|1783539469
|move|p1b: Archaludon|Protect|p1b: Archaludon
|-singleturn|p1b: Archaludon|Protect
|move|p1a: Scizor|Bullet Punch|p2b: Swampert
|-resisted|p2b: Swampert|1
|-damage|p2b: Swampert|60/100
|move|p2a: Archaludon|Electro Shot|p1a: Scizor|[from] lockedmove
|-damage|p1a: Scizor|0 fnt
|faint|p1a: Scizor
|move|p2b: Swampert|Wave Crash|p1b: Archaludon
|-activate|p1b: Archaludon|move: Protect
|
|-heal|p2a: Archaludon|85/100|[from] item: Leftovers
|upkeep
|
|t:|1783539476
|switch|p1a: Incineroar|Incineroar, L50, F|100/100
|-ability|p1a: Incineroar|Intimidate|boost
|-unboost|p2a: Archaludon|atk|1
|-unboost|p2b: Swampert|atk|1
|turn|4
|
|t:|1783539498
|move|p2b: Swampert|Protect|p2b: Swampert
|-singleturn|p2b: Swampert|Protect
|move|p1a: Incineroar|Fake Out|p2b: Swampert
|-activate|p2b: Swampert|move: Protect
|move|p1b: Archaludon|Aura Sphere|p2a: Archaludon
|-supereffective|p2a: Archaludon|1
|-damage|p2a: Archaludon|17/100
|-ability|p2a: Archaludon|Stamina|boost
|-boost|p2a: Archaludon|def|1
|move|p2a: Archaludon|Dragon Pulse|p1b: Archaludon
|-damage|p1b: Archaludon|42/100
|-ability|p1b: Archaludon|Stamina|boost
|-boost|p1b: Archaludon|def|1
|
|-heal|p2a: Archaludon|23/100|[from] item: Leftovers
|upkeep
|turn|5
|inactive|Bridge_co. has 30 seconds left.
|inactive|Bridge_co. has 20 seconds left.
|inactive|Bridge_co. has 15 seconds left.
|inactive|Bridge_co. has 10 seconds left.
|
|t:|1783539543
|switch|p2a: Pelipper|Pelipper, L50, M, shiny|100/100
|-weather|RainDance|[from] ability: Drizzle|[of] p2a: Pelipper
|detailschange|p2b: Swampert|Swampert-Mega, L50, F, shiny
|-mega|p2b: Swampert|Swampert|Swampertite
|move|p1b: Archaludon|Protect|p1b: Archaludon
|-singleturn|p1b: Archaludon|Protect
|move|p2b: Swampert|Earthquake|p1b: Archaludon|[spread] p1a
|-activate|p1b: Archaludon|move: Protect
|-immune|p2a: Pelipper
|-supereffective|p1a: Incineroar|1
|-damage|p1a: Incineroar|42/100
|-enditem|p1a: Incineroar|Sitrus Berry|[eat]
|-heal|p1a: Incineroar|67/100|[from] item: Sitrus Berry
|move|p1a: Incineroar|Parting Shot|p2b: Swampert
|-unboost|p2b: Swampert|atk|1
|-unboost|p2b: Swampert|spa|1
|
|t:|1783539549
|switch|p1a: Basculegion|Basculegion, L50, M, shiny|100/100|[from] Parting Shot
|
|-weather|RainDance|[upkeep]
|upkeep
|turn|6
|
|t:|1783539572
|move|p2b: Swampert|Earthquake|p1b: Archaludon|[spread] p1a,p1b
|-immune|p2a: Pelipper
|-supereffective|p1b: Archaludon|1
|-damage|p1a: Basculegion|75/100
|-damage|p1b: Archaludon|19/100
|-ability|p1b: Archaludon|Stamina|boost
|-boost|p1b: Archaludon|def|1
|move|p1a: Basculegion|Last Respects|p2b: Swampert
|-damage|p2b: Swampert|6/100
|move|p1b: Archaludon|Electro Shot||[still]
|-prepare|p1b: Archaludon|Electro Shot
|-boost|p1b: Archaludon|spa|1
|-anim|p1b: Archaludon|Electro Shot|p2a: Pelipper
|-supereffective|p2a: Pelipper|2
|-damage|p2a: Pelipper|0 fnt
|faint|p2a: Pelipper
|
|-weather|RainDance|[upkeep]
|upkeep
|
|t:|1783539576
|switch|p2a: Archaludon|Archaludon, L50, F, shiny|23/100
|turn|7
|
|t:|1783539592
|move|p1b: Archaludon|Protect|p1b: Archaludon
|-singleturn|p1b: Archaludon|Protect
|move|p2b: Swampert|Wave Crash|p1a: Basculegion
|-resisted|p1a: Basculegion|1
|-damage|p1a: Basculegion|43/100
|-damage|p2b: Swampert|0 fnt|[from] Recoil
|faint|p2b: Swampert
|move|p1a: Basculegion|Last Respects|p2a: Archaludon
|-crit|p2a: Archaludon
|-damage|p2a: Archaludon|0 fnt
|faint|p2a: Archaludon
|
|win|Dorank003
||Dorank003 is ready for game 2.
|inactive|Bridge_co. has 30 seconds to confirm battle start!
||Bridge_co. is ready for game 2.
|uhtml|next|Next: Game 2 of 3
|l|☆Bridge_co.
|player|p2|
