|j|☆mkleo enjoyerr
|j|☆naibot2814
|html|mkleo enjoyerrnaibot2814    
|uhtml|bestof|Game 1 of a best-of-3
|t:|1783537499
|gametype|doubles
|player|p1|mkleo enjoyerr|dawn-gen4pt|
|player|p2|naibot2814|ghetsis|
|gen|9
|tier|[Gen 9 Champions] VGC 2026 Reg M-B (Bo3)
|rule|Species Clause: Limit one of each Pokémon
|rule|Item Clause: Limit 1 of each item
|clearpoke
|poke|p1|Gardevoir, L50, F, shiny|
|poke|p1|Blastoise, L50, M, shiny|
|poke|p1|Sneasler, L50, M|
|poke|p1|Kingambit, L50, M, shiny|
|poke|p1|Sinistcha, L50|
|poke|p1|Incineroar, L50, M, shiny|
|poke|p2|Blastoise, L50, M|
|poke|p2|Incineroar, L50, M|
|poke|p2|Sneasler, L50, M|
|poke|p2|Sinistcha, L50|
|poke|p2|Kingambit, L50, M, shiny|
|poke|p2|Floette-Eternal, L50, F|
|teampreview|4
|showteam|p1|Gardevoir||Gardevoirite|Trace|HyperVoice,Psyshock,Protect,CalmMind|Timid||F|||50|]Blastoise||Blastoisinite|RainDish|WaterSpout,DarkPulse,ShellSmash,Protect|Modest||M|||50|]Sneasler||FocusSash|PoisonTouch|DireClaw,CloseCombat,FakeOut,QuickGuard|Jolly||M|||50|]Kingambit||BlackGlasses|Defiant|KowtowCleave,SuckerPunch,SwordsDance,Protect|Adamant||M|||50|]Sinistcha||OccaBerry|Hospitality|MatchaGotcha,Protect,TrickRoom,RagePowder|Bold|||||50|]Incineroar||SitrusBerry|Intimidate|FlareBlitz,ThroatChop,FakeOut,PartingShot|Calm||M|||50|
|showteam|p2|Blastoise||Blastoisinite|Torrent|WaterSpout,DarkPulse,ShellSmash,Protect|Modest||M|||50|]Incineroar||SitrusBerry|Intimidate|FakeOut,FlareBlitz,DarkestLariat,PartingShot|Careful||M|||50|]Sneasler||FocusSash|PoisonTouch|FakeOut,CloseCombat,PoisonJab,RockTomb|Jolly||M|||50|]Sinistcha||KasibBerry|Hospitality|MatchaGotcha,TrickRoom,RagePowder,Protect|Bold|||||50|]Kingambit||BlackGlasses|Defiant|KowtowCleave,SuckerPunch,SwordsDance,Protect|Adamant||M|||50|]Floette-Eternal||Floettite|FlowerVeil|DrainingKiss,DazzlingGleam,CalmMind,Protect|Modest||F|||50|
|
|t:|1783537534
|teamsize|p1|4
|teamsize|p2|4
|start
|switch|p1a: Uncool|Sneasler, L50, M|100/100
|switch|p1b: Big Girl|Gardevoir, L50, F, shiny|100/100
|switch|p2a: Sneasler|Sneasler, L50, M|100/100
|switch|p2b: Blastoise|Blastoise, L50, M|100/100
|-ability|p1b: Big Girl|Torrent|Trace|[from] ability: Trace|[of] p2b: Blastoise
|turn|1
|
|t:|1783537571
|detailschange|p2b: Blastoise|Blastoise-Mega, L50, M
|-mega|p2b: Blastoise|Blastoise|Blastoisinite
|detailschange|p1b: Big Girl|Gardevoir-Mega, L50, F, shiny
|-mega|p1b: Big Girl|Gardevoir|Gardevoirite
|move|p2a: Sneasler|Fake Out|p1b: Big Girl
|-damage|p1b: Big Girl|78/100
|move|p1a: Uncool|Fake Out|p2a: Sneasler
|-damage|p2a: Sneasler|80/100
|cant|p1b: Big Girl|flinch
|move|p2b: Blastoise|Shell Smash|p2b: Blastoise
|-unboost|p2b: Blastoise|def|1
|-unboost|p2b: Blastoise|spd|1
|-boost|p2b: Blastoise|atk|2
|-boost|p2b: Blastoise|spa|2
|-boost|p2b: Blastoise|spe|2
|
|upkeep
|turn|2
|
|t:|1783537587
|move|p1b: Big Girl|Protect|p1b: Big Girl
|-singleturn|p1b: Big Girl|Protect
|move|p2b: Blastoise|Water Spout|p1a: Uncool|[spread] p1a
|-activate|p1b: Big Girl|move: Protect
|-enditem|p1a: Uncool|Focus Sash
|-damage|p1a: Uncool|1/100
|move|p2a: Sneasler|Poison Jab|p1a: Uncool
|-resisted|p1a: Uncool|1
|-damage|p1a: Uncool|0 fnt
|faint|p1a: Uncool
|
|upkeep
|
|t:|1783537593
|switch|p1a: Tee|Sinistcha, L50|100/100
|-heal|p1b: Big Girl|100/100|[from] ability: Hospitality|[of] p1a: Tee
|turn|3
|
|t:|1783537622
|switch|p1b: Katze|Incineroar, L50, M, shiny|100/100
|-ability|p1b: Katze|Intimidate|boost
|-unboost|p2a: Sneasler|atk|1
|-unboost|p2b: Blastoise|atk|1
|move|p1a: Tee|Protect|p1a: Tee
|-singleturn|p1a: Tee|Protect
|move|p2b: Blastoise|Dark Pulse|p1a: Tee
|-activate|p1a: Tee|move: Protect
|move|p2a: Sneasler|Poison Jab|p1b: Katze
|-damage|p1b: Katze|74/100
|-status|p1b: Katze|psn|[from] ability: Poison Touch|[of] p2a: Sneasler
|
|-damage|p1b: Katze|62/100 psn|[from] psn
|upkeep
|turn|4
|
|t:|1783537639
|switch|p2a: Sinistcha|Sinistcha, L50|100/100
|move|p1b: Katze|Fake Out|p2b: Blastoise
|-damage|p2b: Blastoise|85/100
|cant|p2b: Blastoise|flinch
|move|p1a: Tee|Trick Room|p1a: Tee
|-fieldstart|move: Trick Room|[of] p1a: Tee
|
|-damage|p1b: Katze|50/100y psn|[from] psn
|upkeep
|-enditem|p1b: Katze|Sitrus Berry|[eat]
|-heal|p1b: Katze|74/100 psn|[from] item: Sitrus Berry
|turn|5
|
|t:|1783537656
|move|p2b: Blastoise|Protect|p2b: Blastoise
|-singleturn|p2b: Blastoise|Protect
|move|p1b: Katze|Flare Blitz|p2a: Sinistcha
|-supereffective|p2a: Sinistcha|1
|-damage|p2a: Sinistcha|24/100
|-status|p2a: Sinistcha|brn
|-damage|p1b: Katze|52/100 psn|[from] Recoil
|move|p1a: Tee|Matcha Gotcha|p2a: Sinistcha|[spread] p2a
|-activate|p2b: Blastoise|move: Protect
|-resisted|p2a: Sinistcha|1
|-damage|p2a: Sinistcha|14/100 brn
|move|p2a: Sinistcha|Trick Room|p2a: Sinistcha
|-fieldend|move: Trick Room
|
|-damage|p1b: Katze|40/100 psn|[from] psn
|-damage|p2a: Sinistcha|7/100 brn|[from] brn
|upkeep
|turn|6
|
|t:|1783537669
|switch|p1b: Big Girl|Gardevoir-Mega, L50, F, shiny|100/100
|move|p2a: Sinistcha|Rage Powder|p2a: Sinistcha
|-singleturn|p2a: Sinistcha|move: Rage Powder
|move|p2b: Blastoise|Dark Pulse|p1a: Tee
|-supereffective|p1a: Tee|1
|-damage|p1a: Tee|0 fnt
|faint|p1a: Tee
|
|-damage|p2a: Sinistcha|1/100 brn|[from] brn
|upkeep
|
|t:|1783537671
|switch|p1a: Katze|Incineroar, L50, M, shiny|40/100 psn
|-ability|p1a: Katze|Intimidate|boost
|-unboost|p2a: Sinistcha|atk|1
|-unboost|p2b: Blastoise|atk|1
|turn|7
|
|t:|1783537685
|move|p2b: Blastoise|Protect|p2b: Blastoise
|-singleturn|p2b: Blastoise|Protect
|move|p1a: Katze|Fake Out|p2b: Blastoise
|-activate|p2b: Blastoise|move: Protect
|move|p2a: Sinistcha|Rage Powder|p2a: Sinistcha
|-singleturn|p2a: Sinistcha|move: Rage Powder
|move|p1b: Big Girl|Calm Mind|p1b: Big Girl
|-boost|p1b: Big Girl|spa|1
|-boost|p1b: Big Girl|spd|1
|
|-damage|p1a: Katze|28/100 psn|[from] psn
|-damage|p2a: Sinistcha|0 fnt|[from] brn
|faint|p2a: Sinistcha
|upkeep
|
|t:|1783537693
|switch|p2a: Sneasler|Sneasler, L50, M|80/100
|turn|8
|
|t:|1783537705
|move|p1b: Big Girl|Protect|p1b: Big Girl
|-singleturn|p1b: Big Girl|Protect
|move|p2b: Blastoise|Water Spout|p1b: Big Girl|[spread] p1a
|-activate|p1b: Big Girl|move: Protect
|-supereffective|p1a: Katze|1
|-damage|p1a: Katze|0 fnt
|faint|p1a: Katze
|move|p2a: Sneasler|Poison Jab|p1b: Big Girl
|-activate|p1b: Big Girl|move: Protect
|
|upkeep
|turn|9
|-message|mkleo enjoyerr forfeited.
|
|win|naibot2814
|l|☆mkleo enjoyerr
|player|p1|
||mkleo enjoyerr is ready for game 2.
||naibot2814 is ready for game 2.
|uhtml|next|Next: Game 2 of 3
