|j|☆Lziest
|j|☆Dametrix
|html|LziestDametrix    
|uhtml|bestof|Game 2 of a best-of-3
|t:|1756155213
|gametype|doubles
|player|p1|Lziest|n|1158
|player|p2|Dametrix|caitlin|1273
|gen|9
|tier|[Gen 9] VGC 2025 Reg H (Bo3)
|rated|
|rule|Species Clause: Limit one of each Pokémon
|rule|Item Clause: Limit 1 of each item
|clearpoke
|poke|p1|Tatsugiri, L50, M|
|poke|p1|Glimmora, L50, F|
|poke|p1|Hydreigon, L50, F|
|poke|p1|Gholdengo, L50|
|poke|p1|Dondozo, L50, M|
|poke|p1|Talonflame, L50, M|
|poke|p2|Gardevoir, L50, F|
|poke|p2|Indeedee, L50, M|
|poke|p2|Sneasler, L50, F|
|poke|p2|Tyranitar, L50, M|
|poke|p2|Excadrill, L50, F|
|poke|p2|Salamence, L50, M|
|teampreview|4
|showteam|p1|Tatsugiri||FocusSash|Commander|DracoMeteor,MuddyWater,Protect,Taunt|||M|||50|,,,,,Stellar]Glimmora||PowerHerb|ToxicDebris|SludgeBomb,SpikyShield,EarthPower,MeteorBeam|||F|||50|,,,,,Grass]Hydreigon||SafetyGoggles|Levitate|Tailwind,Taunt,Snarl,DracoMeteor|||F|||50|,,,,,Ghost]Gholdengo||ChoiceSpecs|GoodasGold|DazzlingGleam,Thunderbolt,ShadowBall,MakeItRain||||||50|,,,,,Steel]Dondozo||Leftovers|Unaware|Protect,OrderUp,Earthquake,WaveCrash|||M|||50|,,,,,Grass]Talonflame||CovertCloak|GaleWings|Tailwind,FlareBlitz,WillOWisp,DualWingbeat|||M|||50|,,,,,Fairy
|showteam|p2|Gardevoir||ChoiceScarf|Telepathy|ExpandingForce,DazzlingGleam,Moonblast,Trick|||F|||50|,,,,,Psychic]Indeedee||FocusSash|PsychicSurge|ExpandingForce,TeraBlast,TrickRoom,Imprison|||M|||50|,,,,,Fighting]Sneasler||PsychicSeed|Unburden|CloseCombat,DireClaw,ThroatChop,Protect|||F|||50|,,,,,Stellar]Tyranitar||AssaultVest|SandStream|RockSlide,KnockOff,LowKick,TeraBlast|||M|||50|,,,,,Flying]Excadrill||ClearAmulet|SandRush|Earthquake,IronHead,HighHorsepower,Protect|||F|||50|,,,,,Ghost]Salamence||SafetyGoggles|Intimidate|DracoMeteor,AirSlash,HeatWave,Protect|||M|||50|,,,,,Fairy
|inactive|Battle timer is ON: inactive players will automatically lose when time's up. (requested by Dametrix)
|
|t:|1756155245
|teamsize|p1|4
|teamsize|p2|4
|start
|switch|p1a: Talonflame|Talonflame, L50, M|100/100
|switch|p1b: Gholdengo|Gholdengo, L50|100/100
|switch|p2a: Gardevoir|Gardevoir, L50, F|100/100
|switch|p2b: Sneasler|Sneasler, L50, F|100/100
|turn|1
|
|t:|1756155263
|switch|p2a: Indeedee|Indeedee, L50, M|100/100
|-fieldstart|move: Psychic Terrain|[from] ability: Psychic Surge|[of] p2a: Indeedee
|-enditem|p2b: Sneasler|Psychic Seed
|-boost|p2b: Sneasler|spd|1|[from] item: Psychic Seed
|-terastallize|p2b: Sneasler|Stellar
|move|p1a: Talonflame|Tailwind|p1a: Talonflame
|-sidestart|p1: Lziest|move: Tailwind
|move|p2b: Sneasler|Throat Chop|p1b: Gholdengo
|-supereffective|p1b: Gholdengo
|-damage|p1b: Gholdengo|29/100
|-start|p1b: Gholdengo|Throat Chop|[silent]
|move|p1b: Gholdengo|Make It Rain|p2a: Indeedee|[spread] p2a,p2b
|-damage|p2a: Indeedee|14/100
|-damage|p2b: Sneasler|39/100
|-unboost|p1b: Gholdengo|spa|1
|
|upkeep
|turn|2
|
|t:|1756155284
|move|p2b: Sneasler|Protect|p2b: Sneasler
|-singleturn|p2b: Sneasler|Protect
|move|p1a: Talonflame|Flare Blitz|p2b: Sneasler
|-activate|p2b: Sneasler|move: Protect
|move|p1b: Gholdengo|Make It Rain|p2b: Sneasler|[spread] p2a
|-activate|p2b: Sneasler|move: Protect
|-damage|p2a: Indeedee|0 fnt
|-unboost|p1b: Gholdengo|spa|1
|faint|p2a: Indeedee
|
|-end|p1b: Gholdengo|Throat Chop|[silent]
|upkeep
|
|t:|1756155287
|switch|p2a: Salamence|Salamence, L50, M|100/100
|-ability|p2a: Salamence|Intimidate|boost
|-unboost|p1a: Talonflame|atk|1
|-unboost|p1b: Gholdengo|atk|1
|turn|3
|
|t:|1756155296
|switch|p1a: Dondozo|Dondozo, L50, M|100/100
|switch|p1b: Tatsugiri|Tatsugiri, L50, M|100/100
|-activate|p1b: Tatsugiri|ability: Commander|[of] p1a: Dondozo
|-boost|p1a: Dondozo|atk|2
|-boost|p1a: Dondozo|spa|2
|-boost|p1a: Dondozo|spe|2
|-boost|p1a: Dondozo|def|2
|-boost|p1a: Dondozo|spd|2
|move|p2b: Sneasler|Dire Claw|p1a: Dondozo
|-damage|p1a: Dondozo|81/100
|move|p2a: Salamence|Heat Wave|p1b: Tatsugiri|[spread] 
|-miss|p2a: Salamence|p1b: Tatsugiri
|-miss|p2a: Salamence|p1a: Dondozo
|
|-heal|p1a: Dondozo|87/100|[from] item: Leftovers
|upkeep
|turn|4
|
|t:|1756155306
|move|p2b: Sneasler|Protect|p2b: Sneasler
|-singleturn|p2b: Sneasler|Protect
|move|p2a: Salamence|Protect|p2a: Salamence
|-singleturn|p2a: Salamence|Protect
|move|p1a: Dondozo|Wave Crash|p2b: Sneasler
|-activate|p2b: Sneasler|move: Protect
|
|-heal|p1a: Dondozo|93/100|[from] item: Leftovers
|-sideend|p1: Lziest|move: Tailwind
|upkeep
|turn|5
|
|t:|1756155309
|move|p2b: Sneasler|Dire Claw|p1a: Dondozo
|-damage|p1a: Dondozo|77/100
|move|p1a: Dondozo|Wave Crash|p2b: Sneasler
|-damage|p2b: Sneasler|0 fnt
|faint|p2b: Sneasler
|-damage|p1a: Dondozo|69/100|[from] Recoil
|move|p2a: Salamence|Draco Meteor|p1a: Dondozo
|-damage|p1a: Dondozo|36/100
|-unboost|p2a: Salamence|spa|2
|
|-heal|p1a: Dondozo|43/100|[from] item: Leftovers
|-fieldend|move: Psychic Terrain
|upkeep
|
|t:|1756155315
|switch|p2b: Gardevoir|Gardevoir, L50, F|100/100
|turn|6
|
|t:|1756155325
|move|p2b: Gardevoir|Dazzling Gleam|p1b: Tatsugiri|[spread] p1a
|-miss|p2b: Gardevoir|p1b: Tatsugiri
|-damage|p1a: Dondozo|27/100
|move|p1a: Dondozo|Wave Crash|p2b: Gardevoir
|-damage|p2b: Gardevoir|0 fnt
|faint|p2b: Gardevoir
|-damage|p1a: Dondozo|5/100|[from] Recoil
|move|p2a: Salamence|Draco Meteor|p1a: Dondozo
|-crit|p1a: Dondozo
|-damage|p1a: Dondozo|0 fnt
|-unboost|p2a: Salamence|spa|2
|faint|p1a: Dondozo
|
|upkeep
|
|t:|1756155329
|switch|p1a: Talonflame|Talonflame, L50, M|100/100
|turn|7
|
|t:|1756155333
|move|p1a: Talonflame|Tailwind|p1a: Talonflame
|-sidestart|p1: Lziest|move: Tailwind
|move|p1b: Tatsugiri|Draco Meteor|p2a: Salamence
|-supereffective|p2a: Salamence
|-damage|p2a: Salamence|0 fnt
|-unboost|p1b: Tatsugiri|spa|2
|faint|p2a: Salamence
|
|win|Lziest
|raw|Lziest's rating: 1158 → 1191(+33 for winning)
|raw|Dametrix's rating: 1273 → 1240(-33 for losing)
|l|☆Dametrix
|player|p2|
