|j|☆KyleTampy
|j|☆jowemama
|html|KyleTampyjowemama    
|uhtml|bestof|Game 2 of a best-of-3
|t:|1756652480
|gametype|doubles
|player|p1|KyleTampy|lucian|
|player|p2|jowemama|scientistf|
|gen|9
|tier|[Gen 9] VGC 2025 Reg H (Bo3)
|rule|Species Clause: Limit one of each Pokémon
|rule|Item Clause: Limit 1 of each item
|clearpoke
|poke|p1|Typhlosion-Hisui, L50, M|
|poke|p1|Torkoal, L50, F|
|poke|p1|Farigiraf, L50, M|
|poke|p1|Lilligant-Hisui, L50, F|
|poke|p1|Amoonguss, L50, M|
|poke|p1|Hariyama, L50, F|
|poke|p2|Pelipper, L50, M|
|poke|p2|Archaludon, L50, M|
|poke|p2|Dragonite, L50, F|
|poke|p2|Incineroar, L50, M|
|poke|p2|Ursaluna, L50, M|
|poke|p2|Sinistcha, L50|
|teampreview|4
|showteam|p1|Typhlosion-Hisui||ChoiceScarf|Blaze|Eruption,InfernalParade,Flamethrower,SolarBeam|||M|||50|,,,,,Fairy]Torkoal||Charcoal|Drought|Protect,Eruption,HeatWave,EarthPower|||F|||50|,,,,,Fire]Farigiraf||SafetyGoggles|ArmorTail|TrickRoom,HelpingHand,PsychicNoise,Protect|||M|||50|,,,,,Water]Lilligant-Hisui||FocusSash|Chlorophyll|AfterYou,CloseCombat,SleepPowder,LeafBlade|||F|||50|,,,,,Ghost]Amoonguss||CovertCloak|Regenerator|Spore,ClearSmog,RagePowder,Protect|||M|||50|,,,,,Water]Hariyama||FlameOrb|Guts|BulletPunch,IcePunch,FakeOut,CloseCombat|||F|||50|,,,,,Steel
|showteam|p2|Pelipper||FocusSash|Drizzle|WeatherBall,Hurricane,Tailwind,Protect|||M|||50|,,,,,Ghost]Archaludon||AssaultVest|Stamina|FlashCannon,ElectroShot,BodyPress,Snarl|||M|||50|,,,,,Bug]Dragonite||LoadedDice|Multiscale|ScaleShot,Tailwind,Haze,Protect|||F|||50|,,,,,Fairy]Incineroar||SafetyGoggles|Intimidate|KnockOff,WillOWisp,PartingShot,FakeOut|||M|||50|,,,,,Bug]Ursaluna||FlameOrb|Guts|Facade,HeadlongRush,Earthquake,Protect|||M|||50|,,,,,Ghost]Sinistcha||SitrusBerry|Hospitality|MatchaGotcha,LifeDew,RagePowder,TrickRoom||||||50|,,,,,Dark
|inactive|Battle timer is ON: inactive players will automatically lose when time's up. (requested by jowemama)
|c|☆KyleTampy|I don't really have much answers to this kek
|c|☆jowemama|weather war lang talaga
|inactive|KyleTampy has 60 seconds left.
|inactive|jowemama has 60 seconds left.
|c|☆jowemama|if sun is up eruption lowk kills everything
|j| Oldcow
|
|t:|1756652539
|teamsize|p1|4
|teamsize|p2|4
|start
|switch|p1a: Typhlosion|Typhlosion-Hisui, L50, M|100/100
|switch|p1b: Farigiraf|Farigiraf, L50, M|100/100
|switch|p2a: Dragonite|Dragonite, L50, F|100/100
|switch|p2b: Incineroar|Incineroar, L50, M|100/100
|-ability|p2b: Incineroar|Intimidate|boost
|-unboost|p1a: Typhlosion|atk|1
|-unboost|p1b: Farigiraf|atk|1
|turn|1
|inactive|KyleTampy has 30 seconds left.
|inactive|KyleTampy has 20 seconds left.
|
|t:|1756652577
|switch|p1a: Hariyama|Hariyama, L50, F|100/100
|move|p2a: Dragonite|Scale Shot|p1a: Hariyama
|-damage|p1a: Hariyama|86/100
|-damage|p1a: Hariyama|71/100
|-damage|p1a: Hariyama|55/100
|-damage|p1a: Hariyama|40/100
|-damage|p1a: Hariyama|26/100
|-hitcount|p1a: Hariyama|5
|-unboost|p2a: Dragonite|def|1
|-boost|p2a: Dragonite|spe|1
|move|p2b: Incineroar|Knock Off|p1a: Hariyama
|-resisted|p1a: Hariyama
|-damage|p1a: Hariyama|8/100
|-enditem|p1a: Hariyama|Flame Orb|[from] move: Knock Off|[of] p2b: Incineroar
|move|p1b: Farigiraf|Trick Room|p1b: Farigiraf
|-fieldstart|move: Trick Room|[of] p1b: Farigiraf
|
|upkeep
|turn|2
|c| Oldcow|ye ttar was so important sa laban namin e hahaha
|c|☆KyleTampy|Man
|c| Oldcow|was very scared of typhlosion and torkoal
|inactive|KyleTampy has 30 seconds left.
|inactive|jowemama has 30 seconds left.
|inactive|KyleTampy has 20 seconds left.
|inactive|jowemama has 20 seconds left.
|c|☆jowemama|yeah tera fire specs eruption 50% to ohko my incin haha
|inactive|KyleTampy has 15 seconds left.
|inactive|jowemama has 15 seconds left.
|inactive|KyleTampy has 10 seconds left.
|inactive|jowemama has 10 seconds left.
|
|t:|1756652623
|switch|p2b: Archaludon|Archaludon, L50, M|100/100
|move|p1a: Hariyama|Ice Punch|p2a: Dragonite
|-supereffective|p2a: Dragonite
|-damage|p2a: Dragonite|13/100
|move|p1b: Farigiraf|Psychic Noise|p2a: Dragonite
|-damage|p2a: Dragonite|0 fnt
|faint|p2a: Dragonite
|
|upkeep
|
|t:|1756652628
|switch|p2a: Incineroar|Incineroar, L50, M|100/100
|-ability|p2a: Incineroar|Intimidate|boost
|-unboost|p1a: Hariyama|atk|1
|-unboost|p1b: Farigiraf|atk|1
|turn|3
|inactive|KyleTampy has 30 seconds left.
|inactive|jowemama has 30 seconds left.
|inactive|jowemama has 20 seconds left.
|
|t:|1756652667
|switch|p1a: Typhlosion|Typhlosion-Hisui, L50, M|100/100
|switch|p1b: Torkoal|Torkoal, L50, F|100/100
|-weather|SunnyDay|[from] ability: Drought|[of] p1b: Torkoal
|-terastallize|p2b: Archaludon|Bug
|move|p2b: Archaludon|Body Press|p1a: Typhlosion
|-immune|p1a: Typhlosion
|move|p2a: Incineroar|Knock Off|p1b: Torkoal
|-damage|p1b: Torkoal|69/100
|-enditem|p1b: Torkoal|Charcoal|[from] move: Knock Off|[of] p2a: Incineroar
|
|-weather|SunnyDay|[upkeep]
|upkeep
|turn|4
|inactive|KyleTampy has 30 seconds left.
|inactive|KyleTampy has 20 seconds left.
|
|t:|1756652704
|switch|p2b: Pelipper|Pelipper, L50, M|100/100
|-weather|RainDance|[from] ability: Drizzle|[of] p2b: Pelipper
|switch|p1a: Farigiraf|Farigiraf, L50, M|100/100
|-terastallize|p1b: Torkoal|Fire
|move|p1b: Torkoal|Heat Wave|p2b: Pelipper|[spread] p2a,p2b
|-resisted|p2a: Incineroar
|-resisted|p2b: Pelipper
|-damage|p2a: Incineroar|91/100
|-damage|p2b: Pelipper|82/100
|move|p2a: Incineroar|Knock Off|p1a: Farigiraf
|-supereffective|p1a: Farigiraf
|-damage|p1a: Farigiraf|44/100
|-enditem|p1a: Farigiraf|Safety Goggles|[from] move: Knock Off|[of] p2a: Incineroar
|
|-weather|RainDance|[upkeep]
|upkeep
|turn|5
|inactive|KyleTampy has 30 seconds left.
|inactive|KyleTampy has 20 seconds left.
|inactive|KyleTampy has 15 seconds left.
|
|t:|1756652745
|move|p1b: Torkoal|Earth Power|p2a: Incineroar
|-supereffective|p2a: Incineroar
|-damage|p2a: Incineroar|36/100
|move|p1a: Farigiraf|Psychic Noise|p2b: Pelipper
|-damage|p2b: Pelipper|36/100
|-start|p2b: Pelipper|move: Heal Block
|move|p2b: Pelipper|Weather Ball|p1b: Torkoal
|-supereffective|p1b: Torkoal
|-damage|p1b: Torkoal|0 fnt
|faint|p1b: Torkoal
|move|p2a: Incineroar|Knock Off|p1a: Farigiraf
|-supereffective|p1a: Farigiraf
|-damage|p1a: Farigiraf|6/100
|
|-weather|RainDance|[upkeep]
|-fieldend|move: Trick Room
|upkeep
|
|t:|1756652751
|switch|p1b: Typhlosion|Typhlosion-Hisui, L50, M|100/100
|turn|6
|inactive|KyleTampy has 30 seconds left.
|inactive|KyleTampy has 20 seconds left.
|inactive|KyleTampy has 15 seconds left.
|
|t:|1756652795
|move|p1a: Farigiraf|Helping Hand|p1b: Typhlosion
|-singleturn|p1b: Typhlosion|Helping Hand|[of] p1a: Farigiraf
|move|p2b: Pelipper|Protect|p2b: Pelipper
|-singleturn|p2b: Pelipper|Protect
|move|p1b: Typhlosion|Eruption|p2b: Pelipper|[spread] p2a
|-activate|p2b: Pelipper|move: Protect
|-resisted|p2a: Incineroar
|-damage|p2a: Incineroar|17/100
|move|p2a: Incineroar|Knock Off|p1b: Typhlosion
|-supereffective|p1b: Typhlosion
|-damage|p1b: Typhlosion|0 fnt
|-enditem|p1b: Typhlosion|Choice Scarf|[from] move: Knock Off|[of] p2a: Incineroar
|faint|p1b: Typhlosion
|
|-weather|RainDance|[upkeep]
|-end|p2b: Pelipper|move: Heal Block
|upkeep
|
|t:|1756652801
|switch|p1b: Hariyama|Hariyama, L50, F|8/100
|turn|7
|
|t:|1756652822
|move|p1b: Hariyama|Fake Out|p2a: Incineroar
|-damage|p2a: Incineroar|4/100
|cant|p2a: Incineroar|flinch
|move|p2b: Pelipper|Weather Ball|p1a: Farigiraf
|-damage|p1a: Farigiraf|0 fnt
|faint|p1a: Farigiraf
|
|-weather|RainDance|[upkeep]
|upkeep
|turn|8
|
|t:|1756652828
|move|p1b: Hariyama|Bullet Punch|p2a: Incineroar
|-resisted|p2a: Incineroar
|-damage|p2a: Incineroar|0 fnt
|faint|p2a: Incineroar
|move|p2b: Pelipper|Hurricane|p1b: Hariyama
|-supereffective|p1b: Hariyama
|-crit|p1b: Hariyama
|-damage|p1b: Hariyama|0 fnt
|faint|p1b: Hariyama
|
|win|jowemama
|c|☆KyleTampy|Man
|c|☆jowemama|gg
|c|☆KyleTampy|Gg kek
|c|☆jowemama|sun is why incin is on this team haha
|c|☆KyleTampy|Hirap naman
|c|☆KyleTampy|Why
|c| Oldcow|i hate ur incin hhahaha
|c| Oldcow|so fast
|c| Oldcow|spamming wisp
|c|☆jowemama|if sun is up
|c|☆jowemama|nothing can live zard or typholosion
|c|☆jowemama|kahit arch ohko ni zard
|c|☆KyleTampy|Ohh
|c|☆KyleTampy|So extra fire resist
|c|☆jowemama|yeah
|c|☆jowemama|also for psyspam ig
|c|☆jowemama|pero knock lang attack ng incin ko
