|j|☆awoogoo
|j|☆ScrewSalesman
|html|awoogooScrewSalesman    
|uhtml|bestof|Game 1 of a best-of-3
|t:|1756440623
|gametype|doubles
|player|p1|awoogoo|266|1211
|player|p2|ScrewSalesman|cynthia-gen4|1184
|gen|9
|tier|[Gen 9] VGC 2025 Reg H (Bo3)
|rated|
|rule|Species Clause: Limit one of each Pokémon
|rule|Item Clause: Limit 1 of each item
|clearpoke
|poke|p1|Politoed, L50, M|
|poke|p1|Gothitelle, L50, M|
|poke|p1|Incineroar, L50, F|
|poke|p1|Amoonguss, L50, F|
|poke|p1|Kingdra, L50, F|
|poke|p1|Archaludon, L50, M|
|poke|p2|Porygon2, L50|
|poke|p2|Incineroar, L50, M|
|poke|p2|Ursaluna, L50, F|
|poke|p2|Jumpluff, L50, F|
|poke|p2|Charizard, L50, M|
|poke|p2|Torkoal, L50, F|
|teampreview|4
|showteam|p1|Politoed||Leftovers|Drizzle|Protect,WeatherBall,PerishSong,Encore|||M|||50|,,,,,Grass]Gothitelle||SitrusBerry|ShadowTag|Protect,Psychic,FakeOut,TrickRoom|||M|||50|,,,,,Dark]Incineroar||SafetyGoggles|Intimidate|Protect,KnockOff,FakeOut,PartingShot|||F|||50|,,,,,Ghost]Amoonguss||EjectButton|Regenerator|Protect,RagePowder,PollenPuff,Spore|||F|||50|,,,,,Fairy]Kingdra||LifeOrb|SwiftSwim|Protect,WeatherBall,DracoMeteor,MuddyWater|||F|||50|,,,,,Stellar]Archaludon||PowerHerb|Sturdy|Protect,ElectroShot,DragonPulse,FlashCannon|||M|||50|,,,,,Electric
|showteam|p2|Porygon2||Eviolite|Download|TeraBlast,IceBeam,TrickRoom,Recover||||||50|,,,,,Fighting]Incineroar||SitrusBerry|Intimidate|FakeOut,KnockOff,FlareBlitz,PartingShot|||M|||50|,,,,,Ghost]Ursaluna||FlameOrb|Guts|HeadlongRush,Facade,Earthquake,Protect|||F|||50|,,,,,Ghost]Jumpluff||CovertCloak|Chlorophyll|RagePowder,PollenPuff,Tailwind,SleepPowder|||F|||50|,,,,,Water]Charizard||ChoiceSpecs|SolarPower|HeatWave,Overheat,WeatherBall,DragonPulse|||M|||50|,,,,,Ghost]Torkoal||EjectPack|Drought|Overheat,Eruption,HelpingHand,Protect|||F|||50|,,,,,Fire
|inactive|Battle timer is ON: inactive players will automatically lose when time's up. (requested by ScrewSalesman)
|inactive|awoogoo has 60 seconds left.
|
|t:|1756440676
|teamsize|p1|4
|teamsize|p2|4
|start
|switch|p1a: Gothitelle|Gothitelle, L50, M|100/100
|switch|p1b: Kingdra|Kingdra, L50, F|100/100
|switch|p2a: Ursaluna|Ursaluna, L50, F|100/100
|switch|p2b: Incineroar|Incineroar, L50, M|100/100
|-ability|p2b: Incineroar|Intimidate|boost
|-unboost|p1a: Gothitelle|atk|1
|-unboost|p1b: Kingdra|atk|1
|turn|1
|inactive|awoogoo has 30 seconds left.
|inactive|ScrewSalesman has 30 seconds left.
|
|t:|1756440710
|switch|p1a: Incineroar|Incineroar, L50, F|100/100
|-ability|p1a: Incineroar|Intimidate|boost
|-unboost|p2a: Ursaluna|atk|1
|-unboost|p2b: Incineroar|atk|1
|-terastallize|p2a: Ursaluna|Ghost
|move|p1b: Kingdra|Protect|p1b: Kingdra
|-singleturn|p1b: Kingdra|Protect
|move|p2b: Incineroar|Fake Out|p1b: Kingdra
|-activate|p1b: Kingdra|move: Protect
|move|p2a: Ursaluna|Facade|p1a: Incineroar
|-damage|p1a: Incineroar|72/100
|
|-status|p2a: Ursaluna|brn|[from] item: Flame Orb
|upkeep
|turn|2
|inactive|awoogoo has 30 seconds left.
|inactive|ScrewSalesman has 30 seconds left.
|inactive|awoogoo has 20 seconds left.
|inactive|ScrewSalesman has 20 seconds left.
|inactive|awoogoo has 15 seconds left.
|inactive|ScrewSalesman has 15 seconds left.
|inactive|awoogoo has 10 seconds left.
|
|t:|1756440760
|switch|p2b: Torkoal|Torkoal, L50, F|100/100
|-weather|SunnyDay|[from] ability: Drought|[of] p2b: Torkoal
|switch|p1a: Politoed|Politoed, L50, M|100/100
|-weather|RainDance|[from] ability: Drizzle|[of] p1a: Politoed
|move|p1b: Kingdra|Muddy Water|p2b: Torkoal|[spread] p2a,p2b
|-supereffective|p2b: Torkoal
|-damage|p2a: Ursaluna|37/100 brn
|-damage|p2b: Torkoal|0 fnt
|faint|p2b: Torkoal
|-damage|p1b: Kingdra|91/100|[from] item: Life Orb
|move|p2a: Ursaluna|Facade|p1b: Kingdra
|-damage|p1b: Kingdra|0 fnt
|faint|p1b: Kingdra
|
|-weather|RainDance|[upkeep]
|-damage|p2a: Ursaluna|31/100 brn|[from] brn
|upkeep
|
|t:|1756440782
|switch|p1b: Incineroar|Incineroar, L50, F|72/100
|switch|p2b: Jumpluff|Jumpluff, L50, F|100/100
|-ability|p1b: Incineroar|Intimidate|boost
|-unboost|p2a: Ursaluna|atk|1
|-unboost|p2b: Jumpluff|atk|1
|turn|3
|inactive|ScrewSalesman has 30 seconds left.
|
|t:|1756440819
|switch|p2a: Incineroar|Incineroar, L50, M|100/100
|-ability|p2a: Incineroar|Intimidate|boost
|-unboost|p1a: Politoed|atk|1
|-unboost|p1b: Incineroar|atk|1
|switch|p1b: Gothitelle|Gothitelle, L50, M|100/100
|move|p2b: Jumpluff|Sleep Powder|p1a: Politoed|[miss]
|-miss|p2b: Jumpluff|p1a: Politoed
|move|p1a: Politoed|Perish Song|p1a: Politoed
|-start|p1a: Politoed|perish3|[silent]
|-start|p1b: Gothitelle|perish3|[silent]
|-start|p2a: Incineroar|perish3|[silent]
|-start|p2b: Jumpluff|perish3|[silent]
|-fieldactivate|move: Perish Song
|
|-weather|RainDance|[upkeep]
|-start|p2b: Jumpluff|perish3
|-start|p1a: Politoed|perish3
|-start|p2a: Incineroar|perish3
|-start|p1b: Gothitelle|perish3
|upkeep
|turn|4
|inactive|awoogoo has 30 seconds left.
|inactive|awoogoo has 20 seconds left.
|
|t:|1756440855
|move|p1b: Gothitelle|Fake Out|p2a: Incineroar
|-damage|p2a: Incineroar|95/100
|move|p2b: Jumpluff|Sleep Powder|p1b: Gothitelle|[miss]
|-miss|p2b: Jumpluff|p1b: Gothitelle
|move|p1a: Politoed|Weather Ball|p2a: Incineroar
|-supereffective|p2a: Incineroar
|-damage|p2a: Incineroar|0 fnt
|faint|p2a: Incineroar
|
|-weather|RainDance|[upkeep]
|-start|p2b: Jumpluff|perish2
|-start|p1a: Politoed|perish2
|-start|p1b: Gothitelle|perish2
|upkeep
|
|t:|1756440859
|switch|p2a: Ursaluna|Ursaluna, L50, F, tera:Ghost|31/100 brn
|turn|5
|
|t:|1756440874
|switch|p1a: Incineroar|Incineroar, L50, F|72/100
|-ability|p1a: Incineroar|Intimidate|boost
|-unboost|p2a: Ursaluna|atk|1
|-unboost|p2b: Jumpluff|atk|1
|move|p2a: Ursaluna|Protect|p2a: Ursaluna
|-singleturn|p2a: Ursaluna|Protect
|move|p1b: Gothitelle|Protect|p1b: Gothitelle
|-singleturn|p1b: Gothitelle|Protect
|move|p2b: Jumpluff|Tailwind|p2b: Jumpluff
|-sidestart|p2: ScrewSalesman|move: Tailwind
|
|-weather|RainDance|[upkeep]
|-damage|p2a: Ursaluna|25/100 brn|[from] brn
|-start|p2b: Jumpluff|perish1
|-start|p1b: Gothitelle|perish1
|upkeep
|turn|6
|inactive|awoogoo has 30 seconds left.
|inactive|awoogoo has 20 seconds left.
|
|t:|1756440911
|switch|p1a: Politoed|Politoed, L50, M|100/100
|move|p2b: Jumpluff|Pollen Puff|p2a: Ursaluna
|-heal|p2a: Ursaluna|75/100 brn
|move|p2a: Ursaluna|Earthquake|p1b: Gothitelle|[spread] p1a,p1b
|-immune|p2b: Jumpluff
|-damage|p1a: Politoed|53/100
|-damage|p1b: Gothitelle|58/100
|move|p1b: Gothitelle|Psychic|p2a: Ursaluna
|-damage|p2a: Ursaluna|46/100 brn
|
|-weather|none
|-heal|p1a: Politoed|59/100|[from] item: Leftovers
|-damage|p2a: Ursaluna|40/100 brn|[from] brn
|-start|p2b: Jumpluff|perish0
|-start|p1b: Gothitelle|perish0
|faint|p2b: Jumpluff
|faint|p1b: Gothitelle
|upkeep
|
|t:|1756440924
|switch|p1b: Incineroar|Incineroar, L50, F|72/100
|-ability|p1b: Incineroar|Intimidate|boost
|-unboost|p2a: Ursaluna|atk|1
|turn|7
|
|t:|1756440937
|-terastallize|p1b: Incineroar|Ghost
|move|p2a: Ursaluna|Earthquake|p1a: Politoed|[spread] p1a,p1b
|-damage|p1a: Politoed|19/100
|-damage|p1b: Incineroar|38/100
|move|p1a: Politoed|Encore|p2a: Ursaluna
|-start|p2a: Ursaluna|Encore
|move|p1b: Incineroar|Knock Off|p2a: Ursaluna
|-supereffective|p2a: Ursaluna
|-damage|p2a: Ursaluna|0 fnt
|-enditem|p2a: Ursaluna|Flame Orb|[from] move: Knock Off|[of] p1b: Incineroar
|faint|p2a: Ursaluna
|
|win|awoogoo
||awoogoo is ready for game 2.
||ScrewSalesman is ready for game 2.
|uhtml|next|Next: Game 2 of 3
|l|☆awoogoo
|player|p1|
