|j|☆kyo_is_de4d
|j|☆devinlewisd
|html|kyo_is_de4ddevinlewisd    
|uhtml|bestof|Game 1 of a best-of-3
|t:|1785434218
|gametype|doubles
|player|p1|kyo_is_de4d|102|1065
|player|p2|devinlewisd|hiker-gen4|1099
|gen|9
|tier|[Gen 9 Champions] VGC 2026 Reg M-B (Bo3)
|rated|
|rule|Species Clause: Limit one of each Pokémon
|rule|Item Clause: Limit 1 of each item
|clearpoke
|poke|p1|Floette-Eternal, L50, F|
|poke|p1|Charizard, L50, F|
|poke|p1|Kingambit, L50, M|
|poke|p1|Whimsicott, L50, M|
|poke|p1|Basculegion, L50, M|
|poke|p1|Garchomp, L50, F|
|poke|p2|Raichu, L50, F|
|poke|p2|Pelipper, L50, F|
|poke|p2|Archaludon, L50, M|
|poke|p2|Garchomp, L50, M|
|poke|p2|Feraligatr, L50, M, shiny|
|poke|p2|Farigiraf, L50, F|
|teampreview|4
|showteam|p1|Floette-Eternal||Floettite|FlowerVeil|Protect,LightofRuin,Moonblast,DazzlingGleam|Timid||F|||50|]Charizard||CharizarditeY|Blaze|HeatWave,SolarBeam,WeatherBall,Protect|Modest||F|||50|]Kingambit||ChopleBerry|Defiant|KowtowCleave,IronHead,LowKick,SuckerPunch|Adamant||M|||50|]Whimsicott||FocusSash|Prankster|Tailwind,Encore,Moonblast,Protect|Timid||M|||50|]Basculegion||MysticWater|Adaptability|WaveCrash,LastRespects,AquaJet,Protect|Adamant||M|||50|]Garchomp||LifeOrb|RoughSkin|Earthquake,RockSlide,DragonClaw,Protect|Jolly||F|||50|
|showteam|p2|Raichu||RaichuniteY|LightningRod|FocusBlast,ThunderWave,ZapCannon,Protect|Hasty||F|||50|]Pelipper||FocusSash|Drizzle|Tailwind,Hurricane,WeatherBall,WideGuard|Timid||F|||50|]Archaludon||ChopleBerry|Stamina|ElectroShot,FlashCannon,DragonPulse,Protect|Modest||M|||50|]Garchomp||ExpertBelt|SandVeil|RockSlide,DragonClaw,StompingTantrum,Protect|Jolly||M|||50|]Feraligatr||LifeOrb|SheerForce|Liquidation,Protect,Crunch,IcePunch|Adamant||M|||50|]Farigiraf||ColburBerry|ArmorTail|TrickRoom,Imprison,HelpingHand,Thunderbolt|Modest||F|||50|
|inactive|Battle timer is ON: inactive players will automatically lose when time's up. (requested by devinlewisd)
|inactive|kyo_is_de4d has 60 seconds left.
|inactive|kyo_is_de4d has 30 seconds left.
|inactive|kyo_is_de4d has 20 seconds left.
|inactive|kyo_is_de4d has 15 seconds left.
|inactive|kyo_is_de4d has 10 seconds left.
|
|t:|1785434300
|teamsize|p1|4
|teamsize|p2|4
|start
|switch|p1a: Kingambit|Kingambit, L50, M|100/100
|switch|p1b: Garchomp|Garchomp, L50, F|100/100
|switch|p2a: Pelipper|Pelipper, L50, F|100/100
|switch|p2b: Archaludon|Archaludon, L50, M|100/100
|-weather|RainDance|[from] ability: Drizzle|[of] p2a: Pelipper
|turn|1
|inactive|kyo_is_de4d has 30 seconds left.
|
|t:|1785434335
|move|p2b: Archaludon|Protect|p2b: Archaludon
|-singleturn|p2b: Archaludon|Protect
|move|p1b: Garchomp|Rock Slide|p2b: Archaludon|[spread] p2a
|-activate|p2b: Archaludon|move: Protect
|-supereffective|p2a: Pelipper|1
|-damage|p2a: Pelipper|33/100
|-damage|p1b: Garchomp|90/100|[from] item: Life Orb
|move|p2a: Pelipper|Tailwind|p2a: Pelipper
|-sidestart|p2: devinlewisd|move: Tailwind
|move|p1a: Kingambit|Low Kick|p2b: Archaludon
|-activate|p2b: Archaludon|move: Protect
|
|-weather|RainDance|[upkeep]
|upkeep
|turn|2
|inactive|kyo_is_de4d has 30 seconds left.
|inactive|devinlewisd has 30 seconds left.
|
|t:|1785434372
|move|p2a: Pelipper|Weather Ball|p1b: Garchomp
|-damage|p1b: Garchomp|20/100y
|move|p2b: Archaludon|Electro Shot||[still]
|-prepare|p2b: Archaludon|Electro Shot
|-boost|p2b: Archaludon|spa|1
|-anim|p2b: Archaludon|Electro Shot|p1a: Kingambit
|-damage|p1a: Kingambit|41/100
|move|p1b: Garchomp|Dragon Claw|p2b: Archaludon
|-crit|p2b: Archaludon
|-damage|p2b: Archaludon|40/100
|-ability|p2b: Archaludon|Stamina|boost
|-boost|p2b: Archaludon|def|1
|-damage|p1b: Garchomp|11/100|[from] item: Life Orb
|move|p1a: Kingambit|Kowtow Cleave|p2a: Pelipper
|-damage|p2a: Pelipper|0 fnt
|faint|p2a: Pelipper
|
|-weather|RainDance|[upkeep]
|upkeep
|
|t:|1785434393
|switch|p2a: Raichu|Raichu, L50, F|100/100
|turn|3
|inactive|kyo_is_de4d has 30 seconds left.
|
|t:|1785434427
|switch|p1b: Whimsicott|Whimsicott, L50, M|100/100
|switch|p1a: Charizard|Charizard, L50, F|100/100
|detailschange|p2a: Raichu|Raichu-Mega-Y, L50, F
|-mega|p2a: Raichu|Raichu|Raichunite Y
|move|p2a: Raichu|Focus Blast|p1b: Whimsicott
|-resisted|p1b: Whimsicott|1
|-damage|p1b: Whimsicott|58/100
|move|p2b: Archaludon|Electro Shot||[still]
|-prepare|p2b: Archaludon|Electro Shot
|-boost|p2b: Archaludon|spa|1
|-anim|p2b: Archaludon|Electro Shot|p1a: Charizard
|-supereffective|p1a: Charizard|1
|-damage|p1a: Charizard|0 fnt
|faint|p1a: Charizard
|
|-weather|RainDance|[upkeep]
|upkeep
|
|t:|1785434443
|switch|p1a: Garchomp|Garchomp, L50, F|11/100
|turn|4
|
|t:|1785434460
|move|p1a: Garchomp|Protect|p1a: Garchomp
|-singleturn|p1a: Garchomp|Protect
|move|p1b: Whimsicott|Tailwind|p1b: Whimsicott
|-sidestart|p1: kyo_is_de4d|move: Tailwind
|move|p2a: Raichu|Focus Blast|p1a: Garchomp
|-activate|p1a: Garchomp|move: Protect
|move|p2b: Archaludon|Flash Cannon|p1b: Whimsicott
|-supereffective|p1b: Whimsicott|1
|-damage|p1b: Whimsicott|0 fnt
|faint|p1b: Whimsicott
|
|-weather|RainDance|[upkeep]
|-sideend|p2: devinlewisd|move: Tailwind
|upkeep
|
|t:|1785434469
|switch|p1b: Kingambit|Kingambit, L50, M|41/100
|turn|5
|
|t:|1785434492
|switch|p2a: Garchomp|Garchomp, L50, M|100/100
|move|p2b: Archaludon|Protect|p2b: Archaludon
|-singleturn|p2b: Archaludon|Protect
|move|p1a: Garchomp|Dragon Claw|p2a: Garchomp
|-supereffective|p2a: Garchomp|1
|-damage|p2a: Garchomp|0 fnt
|faint|p2a: Garchomp
|-damage|p1a: Garchomp|1/100|[from] item: Life Orb
|move|p1b: Kingambit|Low Kick|p2b: Archaludon
|-activate|p2b: Archaludon|move: Protect
|
|-weather|none
|upkeep
|
|t:|1785434503
|switch|p2a: Raichu|Raichu-Mega-Y, L50, F|100/100
|turn|6
|inactive|kyo_is_de4d has 30 seconds left.
|
|t:|1785434536
|move|p2b: Archaludon|Protect||[still]
|-fail|p2b: Archaludon
|move|p1a: Garchomp|Dragon Claw|p2a: Raichu
|-damage|p2a: Raichu|0 fnt
|faint|p2a: Raichu
|-damage|p1a: Garchomp|0 fnt|[from] item: Life Orb
|faint|p1a: Garchomp
|move|p1b: Kingambit|Low Kick|p2b: Archaludon
|-supereffective|p2b: Archaludon|1
|-enditem|p2b: Archaludon|Chople Berry|[eat]
|-enditem|p2b: Archaludon|Chople Berry|[weaken]
|-damage|p2b: Archaludon|25/100
|-ability|p2b: Archaludon|Stamina|boost
|-boost|p2b: Archaludon|def|1
|
|upkeep
|turn|7
|
|t:|1785434561
|move|p1b: Kingambit|Low Kick|p2b: Archaludon
|-supereffective|p2b: Archaludon|1
|-damage|p2b: Archaludon|2/100
|-ability|p2b: Archaludon|Stamina|boost
|-boost|p2b: Archaludon|def|1
|move|p2b: Archaludon|Dragon Pulse|p1b: Kingambit
|-resisted|p1b: Kingambit|1
|-damage|p1b: Kingambit|1/100
|
|-sideend|p1: kyo_is_de4d|move: Tailwind
|upkeep
|turn|8
|
|t:|1785434574
|move|p2b: Archaludon|Protect|p2b: Archaludon
|-singleturn|p2b: Archaludon|Protect
|move|p1b: Kingambit|Sucker Punch||[still]
|-fail|p1b: Kingambit
|
|upkeep
|turn|9
|
|t:|1785434584
|move|p2b: Archaludon|Protect||[still]
|-fail|p2b: Archaludon
|move|p1b: Kingambit|Sucker Punch||[still]
|-fail|p1b: Kingambit
|
|upkeep
|turn|10
|
|t:|1785434601
|move|p1b: Kingambit|Sucker Punch|p2b: Archaludon
|-damage|p2b: Archaludon|0 fnt
|faint|p2b: Archaludon
|
|win|kyo_is_de4d
