|j|☆tmjp01
|j|☆Comeonbruv
|html|tmjp01Comeonbruv    
|uhtml|bestof|Game 2 of a best-of-3
|t:|1783185742
|gametype|doubles
|player|p1|tmjp01|170|1243
|player|p2|Comeonbruv|youngster|1134
|gen|9
|tier|[Gen 9 Champions] VGC 2026 Reg M-B (Bo3)
|rated|
|rule|Species Clause: Limit one of each Pokémon
|rule|Item Clause: Limit 1 of each item
|clearpoke
|poke|p1|Charizard, L50, M, shiny|
|poke|p1|Whimsicott, L50, M|
|poke|p1|Garchomp, L50, M, shiny|
|poke|p1|Basculegion, L50, M|
|poke|p1|Glimmora, L50, M|
|poke|p1|Kingambit, L50, F|
|poke|p2|Sceptile, L50, F|
|poke|p2|Infernape, L50, M|
|poke|p2|Blastoise, L50, M|
|poke|p2|Empoleon, L50, F|
|poke|p2|Venusaur, L50, F|
|poke|p2|Charizard, L50, M, shiny|
|teampreview|4
|showteam|p1|Charizard||CharizarditeY|SolarPower|HeatWave,WeatherBall,SolarBeam,Protect|Modest||M|||50|]Whimsicott||FairyFeather|Prankster|Moonblast,TrickRoom,Encore,Tailwind|Bold||M|||50|]Garchomp||LifeOrb|RoughSkin|DragonClaw,Earthquake,RockSlide,Protect|Jolly||M|||50|]Basculegion||MysticWater|Adaptability|WaveCrash,AquaJet,LastRespects,Protect|Adamant||M|||50|]Glimmora||FocusSash|ToxicDebris|SludgeBomb,PowerGem,SpikyShield,EarthPower|Modest||M|||50|]Kingambit||ChopleBerry|Defiant|KowtowCleave,SuckerPunch,IronHead,LowKick|Adamant||F|||50|
|showteam|p2|Sceptile||WhiteHerb|Overgrow|LeafStorm,DragonPulse,Protect,Detect|Timid||F|||50|]Infernape||LifeOrb|IronFist|FakeOut,CloseCombat,Protect,FlareBlitz|Jolly||M|||50|]Blastoise||ShellBell|Torrent|WaterPulse,IceBeam,AuraSphere,DarkPulse|Modest||M|||50|]Empoleon||Leftovers|Competitive|HydroPump,FlashCannon,IcyWind,Protect|Modest||F|||50|]Venusaur||FocusSash|Chlorophyll|SludgeBomb,Protect,SleepPowder,GigaDrain|Modest||F|||50|]Charizard||CharizarditeY|Blaze|HeatWave,SolarBeam,Protect,Overheat|Timid||M|||50|
|inactive|Battle timer is ON: inactive players will automatically lose when time's up. (requested by Comeonbruv)
|
|t:|1783185753
|teamsize|p1|4
|teamsize|p2|4
|start
|switch|p1a: Whimsicott|Whimsicott, L50, M|100/100
|switch|p1b: Glimmora|Glimmora, L50, M|100/100
|switch|p2a: Mono|Infernape, L50, M|100/100
|switch|p2b: El Padrino|Empoleon, L50, F|100/100
|turn|1
|
|t:|1783185772
|move|p1b: Glimmora|Spiky Shield|p1b: Glimmora
|-singleturn|p1b: Glimmora|move: Protect
|move|p2a: Mono|Fake Out|p1a: Whimsicott
|-damage|p1a: Whimsicott|84/100
|-damage|p2a: Mono|90/100|[from] item: Life Orb
|cant|p1a: Whimsicott|flinch
|move|p2b: El Padrino|Flash Cannon|p1a: Whimsicott
|-supereffective|p1a: Whimsicott|1
|-damage|p1a: Whimsicott|1/100
|
|upkeep
|turn|2
|inactive|Comeonbruv has 30 seconds left.
|inactive|Comeonbruv has 20 seconds left.
|
|t:|1783185807
|move|p2a: Mono|Protect|p2a: Mono
|-singleturn|p2a: Mono|Protect
|move|p1a: Whimsicott|Tailwind|p1a: Whimsicott
|-sidestart|p1: tmjp01|move: Tailwind
|move|p1b: Glimmora|Power Gem|p2a: Mono
|-activate|p2a: Mono|move: Protect
|move|p2b: El Padrino|Icy Wind|p1a: Whimsicott|[spread] p1a,p1b
|-supereffective|p1a: Whimsicott|1
|-damage|p1a: Whimsicott|0 fnt
|-damage|p1b: Glimmora|81/100
|-unboost|p1b: Glimmora|spe|1
|faint|p1a: Whimsicott
|
|upkeep
|
|t:|1783185818
|switch|p1a: Garchomp|Garchomp, L50, M, shiny|100/100
|turn|3
|
|t:|1783185831
|switch|p1b: Charizard|Charizard, L50, M, shiny|100/100
|switch|p2a: Gloria|Venusaur, L50, F|100/100
|move|p1a: Garchomp|Earthquake|p2a: Gloria|[spread] p2a,p2b
|-immune|p1b: Charizard
|-supereffective|p2b: El Padrino|1
|-crit|p2b: El Padrino
|-damage|p2a: Gloria|28/100
|-damage|p2b: El Padrino|0 fnt
|faint|p2b: El Padrino
|-damage|p1a: Garchomp|90/100|[from] item: Life Orb
|
|upkeep
|inactive|Comeonbruv has 30 seconds left.
|l|☆Comeonbruv
|inactive|Comeonbruv disconnected and has a minute to reconnect!
|player|p2|
|j|☆Comeonbruv
|inactive|Comeonbruv reconnected and has 25 seconds left.
|player|p2|Comeonbruv|youngster|
|inactive|Comeonbruv has 20 seconds left.
|inactive|Comeonbruv has 15 seconds left.
|
|t:|1783185872
|switch|p2b: Mono|Infernape, L50, M|90/100
|turn|4
|
|t:|1783185895
|move|p2a: Gloria|Protect|p2a: Gloria
|-singleturn|p2a: Gloria|Protect
|move|p2b: Mono|Fake Out|p1a: Garchomp
|-damage|p1a: Garchomp|73/100
|-damage|p2b: Mono|77/100|[from] ability: Rough Skin|[of] p1a: Garchomp
|-damage|p2b: Mono|67/100|[from] item: Life Orb
|cant|p1a: Garchomp|flinch
|move|p1b: Charizard|Heat Wave|p2a: Gloria|[spread] p2b
|-activate|p2a: Gloria|move: Protect
|-resisted|p2b: Mono|1
|-damage|p2b: Mono|45/100
|
|upkeep
|turn|5
|inactive|Comeonbruv has 30 seconds left.
|inactive|Comeonbruv has 20 seconds left.
|inactive|Comeonbruv has 15 seconds left.
|inactive|Comeonbruv has 10 seconds left.
|
|t:|1783185945
|switch|p2a: Chorizo|Charizard, L50, M, shiny|100/100
|move|p2b: Mono|Protect|p2b: Mono
|-singleturn|p2b: Mono|Protect
|move|p1a: Garchomp|Earthquake|p2b: Mono|[spread] 
|-activate|p2b: Mono|move: Protect
|-immune|p1b: Charizard
|-immune|p2a: Chorizo
|move|p1b: Charizard|Heat Wave|p2a: Chorizo|[spread] p2a
|-activate|p2b: Mono|move: Protect
|-resisted|p2a: Chorizo|1
|-damage|p2a: Chorizo|80/100
|
|-sideend|p1: tmjp01|move: Tailwind
|upkeep
|turn|6
|inactive|Comeonbruv has 30 seconds left.
|
|t:|1783185979
|detailschange|p2a: Chorizo|Charizard-Mega-Y, L50, M, shiny
|-mega|p2a: Chorizo|Charizard|Charizardite Y
|-weather|SunnyDay|[from] ability: Drought|[of] p2a: Chorizo
|detailschange|p1b: Charizard|Charizard-Mega-Y, L50, M, shiny
|-mega|p1b: Charizard|Charizard|Charizardite Y
|move|p2b: Mono|Close Combat|p1a: Garchomp
|-damage|p1a: Garchomp|7/100
|-unboost|p2b: Mono|def|1
|-unboost|p2b: Mono|spd|1
|-damage|p2b: Mono|33/100|[from] ability: Rough Skin|[of] p1a: Garchomp
|-damage|p2b: Mono|23/100|[from] item: Life Orb
|move|p1a: Garchomp|Rock Slide|p2b: Mono|[spread] p2a,p2b
|-supereffective|p2a: Chorizo|2
|-damage|p2a: Chorizo|0 fnt
|-damage|p2b: Mono|0 fnt
|faint|p2a: Chorizo
|faint|p2b: Mono
|-damage|p1a: Garchomp|0 fnt|[from] item: Life Orb
|faint|p1a: Garchomp
|move|p1b: Charizard|Heat Wave|p2: Chorizo|[notarget]
|-fail|p1b: Charizard
|
|-weather|SunnyDay|[upkeep]
|upkeep
|
|t:|1783185994
|switch|p2b: Gloria|Venusaur, L50, F|28/100
|switch|p1a: Glimmora|Glimmora, L50, M|81/100
|turn|7
|
|t:|1783186006
|move|p2b: Gloria|Sleep Powder|p1b: Charizard
|-status|p1b: Charizard|slp|[from] move: Sleep Powder
|move|p1a: Glimmora|Sludge Bomb|p2b: Gloria
|-damage|p2b: Gloria|0 fnt
|faint|p2b: Gloria
|
|win|tmjp01
|raw|tmjp01's rating: 1243 → 1260(+17 for winning)
|raw|Comeonbruv's rating: 1134 → 1117(-17 for losing)
