|j|‽redpkmntrainer14
|j|☆cocobennyy
|html|redpkmntrainer14cocobennyy    
|uhtml|bestof|Game 1 of a best-of-3
|t:|1784880402
|gametype|doubles
|player|p1|redpkmntrainer14|guitarist|1090
|player|p2|cocobennyy|medium|1164
|gen|9
|tier|[Gen 9 Champions] VGC 2026 Reg M-B (Bo3)
|rated|
|rule|Species Clause: Limit one of each Pokémon
|rule|Item Clause: Limit 1 of each item
|clearpoke
|poke|p1|Toucannon, L50, M|
|poke|p1|Sneasler, L50, F|
|poke|p1|Kingambit, L50, F|
|poke|p1|Scizor, L50, M, shiny|
|poke|p1|Glimmora, L50, F|
|poke|p1|Pelipper, L50, M|
|poke|p2|Charizard, L50, M|
|poke|p2|Mimikyu, L50, F|
|poke|p2|Politoed, L50, M|
|poke|p2|Venusaur, L50, M|
|poke|p2|Archaludon, L50, M|
|poke|p2|Sableye, L50, F|
|teampreview|4
|showteam|p1|Toucannon||KingsRock|SkillLink|BulletSeed,RockBlast,Tailwind,BeakBlast|Adamant||M|||50|]Sneasler||FocusSash|PoisonTouch|DireClaw,Uturn,CloseCombat,FakeOut|Adamant||F|||50|]Kingambit||LifeOrb|SupremeOverlord|Protect,KowtowCleave,IronHead,SuckerPunch|Adamant||F|||50|]Scizor||Scizorite|Technician|BulletPunch,CloseCombat,SwordsDance,BugBite|Adamant||M|||50|]Glimmora||ShucaBerry|ToxicDebris|DazzlingGleam,EarthPower,PowerGem,SludgeBomb|Modest||F|||50|]Pelipper||DampRock|Drizzle|IcyWind,MuddyWater,WideGuard,Hurricane|Modest||M|||50|
|showteam|p2|Charizard||CharizarditeY|Blaze|Protect,HeatWave,WeatherBall,SolarBeam|Modest||M|||50|]Mimikyu||LifeOrb|Disguise|Protect,PlayRough,ShadowClaw,TrickRoom|Adamant||F|||50|]Politoed||SitrusBerry|Drizzle|Protect,PerishSong,IceBeam,WeatherBall|Calm||M|||50|]Venusaur||Venusaurite|Chlorophyll|Protect,SludgeBomb,GigaDrain,EarthPower|Modest||M|||50|]Archaludon||Leftovers|Stamina|Protect,ElectroShot,FlashCannon,DragonPulse|Timid||M|||50|]Sableye||LightClay|Prankster|Quash,RainDance,LightScreen,Reflect|Careful||F|||50|
|inactive|Battle timer is ON: inactive players will automatically lose when time's up. (requested by cocobennyy)
|inactive|cocobennyy has 60 seconds left.
|inactive|cocobennyy has 30 seconds left.
|inactive|cocobennyy has 20 seconds left.
|inactive|cocobennyy has 15 seconds left.
|inactive|cocobennyy has 10 seconds left.
|
|t:|1784880493
|teamsize|p1|4
|teamsize|p2|4
|start
|switch|p1a: Sneasler|Sneasler, L50, F|100/100
|switch|p1b: Toucannon|Toucannon, L50, M|100/100
|switch|p2a: Venusaur|Venusaur, L50, M|100/100
|switch|p2b: Politoed|Politoed, L50, M|100/100
|-weather|RainDance|[from] ability: Drizzle|[of] p2b: Politoed
|turn|1
|inactive|redpkmntrainer14 has 30 seconds left.
|inactive|cocobennyy has 30 seconds left.
|inactive|redpkmntrainer14 has 20 seconds left.
|inactive|cocobennyy has 20 seconds left.
|inactive|redpkmntrainer14 has 15 seconds left.
|inactive|cocobennyy has 15 seconds left.
|inactive|redpkmntrainer14 has 10 seconds left.
|inactive|redpkmntrainer14 has 5 seconds left.
|
|t:|1784880548
|move|p2a: Venusaur|Protect|p2a: Venusaur
|-singleturn|p2a: Venusaur|Protect
|move|p1a: Sneasler|Dire Claw|p2a: Venusaur
|-activate|p2a: Venusaur|move: Protect
|move|p1b: Toucannon|Bullet Seed|p2a: Venusaur
|-activate|p2a: Venusaur|move: Protect
|move|p2b: Politoed|Weather Ball|p1a: Sneasler
|-damage|p1a: Sneasler|33/100
|
|-weather|RainDance|[upkeep]
|upkeep
|turn|2
|inactive|redpkmntrainer14 has 30 seconds left.
|inactive|cocobennyy has 30 seconds left.
|inactive|redpkmntrainer14 has 20 seconds left.
|inactive|cocobennyy has 20 seconds left.
|inactive|redpkmntrainer14 has 15 seconds left.
|inactive|redpkmntrainer14 has 10 seconds left.
|inactive|redpkmntrainer14 has 5 seconds left.
|
|t:|1784880601
|switch|p2a: Archaludon|Archaludon, L50, M|100/100
|move|p1a: Sneasler|Dire Claw|p2b: Politoed
|-damage|p2b: Politoed|55/100
|-status|p2b: Politoed|psn|[from] ability: Poison Touch|[of] p1a: Sneasler
|move|p1b: Toucannon|Tailwind|p1b: Toucannon
|-sidestart|p1: redpkmntrainer14|move: Tailwind
|move|p2b: Politoed|Weather Ball|p1a: Sneasler
|-damage|p1a: Sneasler|0 fnt
|faint|p1a: Sneasler
|
|-weather|RainDance|[upkeep]
|-damage|p2b: Politoed|43/100 psn|[from] psn
|upkeep
|-enditem|p2b: Politoed|Sitrus Berry|[eat]
|-heal|p2b: Politoed|68/100 psn|[from] item: Sitrus Berry
|
|t:|1784880616
|switch|p1a: Scizor|Scizor, L50, M, shiny|100/100
|turn|3
|inactive|cocobennyy has 30 seconds left.
|inactive|cocobennyy has 20 seconds left.
|
|t:|1784880655
|switch|p2a: Charizard|Charizard, L50, M|100/100
|detailschange|p1a: Scizor|Scizor-Mega, L50, M, shiny
|-mega|p1a: Scizor|Scizor|Scizorite
|move|p1b: Toucannon|Bullet Seed|p2b: Politoed
|-supereffective|p2b: Politoed|1
|-damage|p2b: Politoed|50/100y psn
|-supereffective|p2b: Politoed|1
|-damage|p2b: Politoed|31/100 psn
|-supereffective|p2b: Politoed|1
|-damage|p2b: Politoed|13/100 psn
|-supereffective|p2b: Politoed|1
|-damage|p2b: Politoed|0 fnt
|faint|p2b: Politoed
|-hitcount|p2: Politoed|4
|move|p1a: Scizor|Close Combat|p2a: Charizard
|-resisted|p2a: Charizard|1
|-damage|p2a: Charizard|74/100
|-unboost|p1a: Scizor|def|1
|-unboost|p1a: Scizor|spd|1
|
|-weather|RainDance|[upkeep]
|upkeep
|
|t:|1784880675
|switch|p2b: Archaludon|Archaludon, L50, M|100/100
|turn|4
|
|t:|1784880694
|switch|p1a: Glimmora|Glimmora, L50, F|100/100
|move|p2a: Charizard|Protect|p2a: Charizard
|-singleturn|p2a: Charizard|Protect
|move|p1b: Toucannon|Rock Blast|p2a: Charizard
|-activate|p2a: Charizard|move: Protect
|move|p2b: Archaludon|Electro Shot||[still]
|-prepare|p2b: Archaludon|Electro Shot
|-boost|p2b: Archaludon|spa|1
|-anim|p2b: Archaludon|Electro Shot|p1b: Toucannon
|-supereffective|p1b: Toucannon|1
|-damage|p1b: Toucannon|0 fnt
|faint|p1b: Toucannon
|
|-weather|RainDance|[upkeep]
|upkeep
|
|t:|1784880700
|switch|p1b: Scizor|Scizor-Mega, L50, M, shiny|100/100
|turn|5
|inactive|cocobennyy has 30 seconds left.
|inactive|cocobennyy has 20 seconds left.
|inactive|cocobennyy has 15 seconds left.
|inactive|cocobennyy has 10 seconds left.
|inactive|cocobennyy has 5 seconds left.
|
|t:|1784880753
|move|p1a: Glimmora|Power Gem|p2a: Charizard
|-supereffective|p2a: Charizard|2
|-damage|p2a: Charizard|0 fnt
|faint|p2a: Charizard
|move|p1b: Scizor|Close Combat|p2b: Archaludon
|-supereffective|p2b: Archaludon|1
|-damage|p2b: Archaludon|31/100
|-unboost|p1b: Scizor|def|1
|-unboost|p1b: Scizor|spd|1
|-ability|p2b: Archaludon|Stamina|boost
|-boost|p2b: Archaludon|def|1
|move|p2b: Archaludon|Electro Shot||[still]
|-prepare|p2b: Archaludon|Electro Shot
|-boost|p2b: Archaludon|spa|1
|-anim|p2b: Archaludon|Electro Shot|p1a: Glimmora
|-damage|p1a: Glimmora|6/100
|
|-weather|none
|-heal|p2b: Archaludon|38/100|[from] item: Leftovers
|-sideend|p1: redpkmntrainer14|move: Tailwind
|upkeep
|
|t:|1784880769
|switch|p2a: Venusaur|Venusaur, L50, M|100/100
|turn|6
|
|t:|1784880785
|detailschange|p2a: Venusaur|Venusaur-Mega, L50, M
|-mega|p2a: Venusaur|Venusaur|Venusaurite
|move|p2b: Archaludon|Protect|p2b: Archaludon
|-singleturn|p2b: Archaludon|Protect
|move|p2a: Venusaur|Earth Power|p1a: Glimmora
|-supereffective|p1a: Glimmora|2
|-enditem|p1a: Glimmora|Shuca Berry|[eat]
|-enditem|p1a: Glimmora|Shuca Berry|[weaken]
|-damage|p1a: Glimmora|0 fnt
|faint|p1a: Glimmora
|move|p1b: Scizor|Close Combat|p2b: Archaludon
|-activate|p2b: Archaludon|move: Protect
|
|-heal|p2b: Archaludon|44/100|[from] item: Leftovers
|upkeep
|turn|7
|
|t:|1784880802
|move|p2a: Venusaur|Earth Power|p1b: Scizor
|-damage|p1b: Scizor|37/100
|move|p2b: Archaludon|Dragon Pulse|p1b: Scizor
|-resisted|p1b: Scizor|1
|-damage|p1b: Scizor|0 fnt
|faint|p1b: Scizor
|
|win|cocobennyy
||redpkmntrainer14 is ready for game 2.
|l|‽redpkmntrainer14
|player|p1|
|inactive|cocobennyy has 30 seconds to confirm battle start!
|inactive|cocobennyy has 20 seconds to confirm battle start!
||cocobennyy is ready for game 2.
|uhtml|next|Next: Game 2 of 3
