|j|☆AndreFra
|j|☆gnateo97
|html|AndreFragnateo97    
|uhtml|bestof|Game 2 of a best-of-3
|t:|1783278519
|gametype|doubles
|player|p1|AndreFra|266|
|player|p2|gnateo97|bruno|
|gen|9
|tier|[Gen 9 Champions] VGC 2026 Reg M-B (Bo3)
|rule|Species Clause: Limit one of each Pokémon
|rule|Item Clause: Limit 1 of each item
|clearpoke
|poke|p1|Floette-Eternal, L50, F|
|poke|p1|Charizard, L50, F|
|poke|p1|Kingambit, L50, M|
|poke|p1|Whimsicott, L50, F|
|poke|p1|Basculegion, L50, M|
|poke|p1|Garchomp, L50, M|
|poke|p2|Charizard, L50, M|
|poke|p2|Whimsicott, L50, F|
|poke|p2|Basculegion, L50, M|
|poke|p2|Garchomp, L50, F|
|poke|p2|Farigiraf, L50, M|
|poke|p2|Gholdengo, L50|
|teampreview|4
|showteam|p1|Floette-Eternal||Floettite|FlowerVeil|Moonblast,DazzlingGleam,LightofRuin,Protect|Timid||F|||50|]Charizard||CharizarditeY|Blaze|HeatWave,WeatherBall,SolarBeam,Protect|Modest||F|||50|]Kingambit||BlackGlasses|Defiant|KowtowCleave,IronHead,SuckerPunch,Protect|Adamant||M|||50|]Whimsicott||FocusSash|Prankster|Moonblast,Tailwind,Encore,Protect|Timid||F|||50|]Basculegion||MysticWater|Adaptability|WaveCrash,LastRespects,AquaJet,Protect|Adamant||M|||50|]Garchomp||LifeOrb|RoughSkin|DragonClaw,Earthquake,RockSlide,Protect|Jolly||M|||50|
|showteam|p2|Charizard||CharizarditeY|SolarPower|HeatWave,Protect,WeatherBall,SolarBeam|Modest||M|||50|]Whimsicott||FairyFeather|Prankster|Protect,Tailwind,Moonblast,Encore|Timid||F|||50|]Basculegion||MysticWater|Adaptability|Protect,AquaJet,LastRespects,WaveCrash|Adamant||M|||50|]Garchomp||SitrusBerry|RoughSkin|Protect,DragonClaw,RockSlide,Earthquake|Adamant||F|||50|]Farigiraf||ColburBerry|ArmorTail|TwinBeam,FoulPlay,HelpingHand,TrickRoom|Relaxed||M|||50|]Gholdengo||FocusSash|GoodasGold|PowerGem,MakeItRain,ShadowBall,Protect|Modest|||||50|
|c|☆gnateo97|È che sono in giro, ma soprattutto perché sono scemo
|c|☆AndreFra|fair enough
|
|t:|1783278605
|teamsize|p1|4
|teamsize|p2|4
|start
|switch|p1a: Garchomp|Garchomp, L50, M|100/100
|switch|p1b: Whimsicott|Whimsicott, L50, F|100/100
|switch|p2a: Farigiraf|Farigiraf, L50, M|100/100
|switch|p2b: Basculegion|Basculegion, L50, M|100/100
|turn|1
|
|t:|1783278627
|move|p2b: Basculegion|Protect|p2b: Basculegion
|-singleturn|p2b: Basculegion|Protect
|move|p1b: Whimsicott|Moonblast|p2a: Farigiraf
|-damage|p2a: Farigiraf|67/100
|move|p1a: Garchomp|Dragon Claw|p2a: Farigiraf
|-damage|p2a: Farigiraf|24/100
|-damage|p1a: Garchomp|90/100|[from] item: Life Orb
|move|p2a: Farigiraf|Trick Room|p2a: Farigiraf
|-fieldstart|move: Trick Room|[of] p2a: Farigiraf
|
|upkeep
|turn|2
|
|t:|1783278650
|move|p1b: Whimsicott|Protect|p1b: Whimsicott
|-singleturn|p1b: Whimsicott|Protect
|move|p2a: Farigiraf|Twin Beam|p1b: Whimsicott
|-activate|p1b: Whimsicott|move: Protect
|move|p2b: Basculegion|Wave Crash|p1b: Whimsicott
|-activate|p1b: Whimsicott|move: Protect
|move|p1a: Garchomp|Earthquake|p2b: Basculegion|[spread] p2a,p2b
|-activate|p1b: Whimsicott|move: Protect
|-damage|p2a: Farigiraf|0 fnt
|-damage|p2b: Basculegion|47/100
|faint|p2a: Farigiraf
|-damage|p1a: Garchomp|80/100|[from] item: Life Orb
|
|upkeep
|
|t:|1783278655
|switch|p2a: Charizard|Charizard, L50, M|100/100
|turn|3
|
|t:|1783278679
|detailschange|p2a: Charizard|Charizard-Mega-Y, L50, M
|-mega|p2a: Charizard|Charizard|Charizardite Y
|-weather|SunnyDay|[from] ability: Drought|[of] p2a: Charizard
|move|p1a: Garchomp|Protect|p1a: Garchomp
|-singleturn|p1a: Garchomp|Protect
|move|p2b: Basculegion|Aqua Jet|p1b: Whimsicott
|-resisted|p1b: Whimsicott|1
|-damage|p1b: Whimsicott|88/100
|move|p1b: Whimsicott|Encore|p2b: Basculegion
|-start|p2b: Basculegion|Encore
|move|p2a: Charizard|Heat Wave|p1b: Whimsicott|[spread] p1b
|-activate|p1a: Garchomp|move: Protect
|-supereffective|p1b: Whimsicott|1
|-damage|p1b: Whimsicott|0 fnt
|faint|p1b: Whimsicott
|
|-weather|SunnyDay|[upkeep]
|upkeep
|
|t:|1783278710
|switch|p1b: Basculegion|Basculegion, L50, M|100/100
|turn|4
|
|t:|1783278718
|move|p2b: Basculegion|Aqua Jet|p1a: Garchomp
|-damage|p1a: Garchomp|65/100
|-damage|p2b: Basculegion|35/100|[from] ability: Rough Skin|[of] p1a: Garchomp
|move|p1b: Basculegion|Last Respects|p2a: Charizard
|-damage|p2a: Charizard|18/100
|move|p2a: Charizard|Solar Beam||[still]
|-prepare|p2a: Charizard|Solar Beam
|-anim|p2a: Charizard|Solar Beam|p1b: Basculegion
|-supereffective|p1b: Basculegion|1
|-damage|p1b: Basculegion|0 fnt
|faint|p1b: Basculegion
|move|p1a: Garchomp|Rock Slide|p2b: Basculegion|[spread] p2a,p2b
|-supereffective|p2a: Charizard|2
|-damage|p2a: Charizard|0 fnt
|-damage|p2b: Basculegion|4/100
|faint|p2a: Charizard
|-damage|p1a: Garchomp|55/100|[from] item: Life Orb
|
|-weather|SunnyDay|[upkeep]
|upkeep
|
|t:|1783278733
|switch|p1b: Charizard|Charizard, L50, F|100/100
|switch|p2a: Gholdengo|Gholdengo, L50|100/100
|turn|5
|
|t:|1783278754
|move|p1b: Charizard|Protect|p1b: Charizard
|-singleturn|p1b: Charizard|Protect
|move|p1a: Garchomp|Protect|p1a: Garchomp
|-singleturn|p1a: Garchomp|Protect
|move|p2b: Basculegion|Aqua Jet|p1a: Garchomp
|-activate|p1a: Garchomp|move: Protect
|move|p2a: Gholdengo|Power Gem|p1b: Charizard
|-activate|p1b: Charizard|move: Protect
|
|-weather|SunnyDay|[upkeep]
|-fieldend|move: Trick Room
|upkeep
|turn|6
|
|t:|1783278769
|detailschange|p1b: Charizard|Charizard-Mega-Y, L50, F
|-mega|p1b: Charizard|Charizard|Charizardite Y
|move|p2b: Basculegion|Aqua Jet|p1a: Garchomp
|-damage|p1a: Garchomp|40/100
|-damage|p2b: Basculegion|0 fnt|[from] ability: Rough Skin|[of] p1a: Garchomp
|faint|p2b: Basculegion
|move|p1a: Garchomp|Earthquake|p2a: Gholdengo|[spread] p2a
|-immune|p1b: Charizard
|-supereffective|p2a: Gholdengo|1
|-enditem|p2a: Gholdengo|Focus Sash
|-damage|p2a: Gholdengo|1/100
|-damage|p1a: Garchomp|31/100|[from] item: Life Orb
|move|p1b: Charizard|Weather Ball|p2a: Gholdengo
|-supereffective|p2a: Gholdengo|1
|-damage|p2a: Gholdengo|0 fnt
|faint|p2a: Gholdengo
|
|win|AndreFra
|c|☆gnateo97|Ggwp
|c|☆AndreFra|gg wp
|c|☆AndreFra|carico io?
|c|☆gnateo97|Carichi tu?
|c|☆AndreFra|okok
|c|☆gnateo97|Appost
|c|☆AndreFra|buona serata :)
|c|☆gnateo97|A te
|l|☆gnateo97
|player|p2|
