|j|☆Misteryozo
|j|☆TheRealMyan
|html|MisteryozoTheRealMyan    
|uhtml|bestof|Game 2 of a best-of-3
|t:|1782589946
|gametype|doubles
|player|p1|Misteryozo|266|1064
|player|p2|TheRealMyan|shauntal-masters|1000
|gen|9
|tier|[Gen 9 Champions] VGC 2026 Reg M-B (Bo3)
|rated|
|rule|Species Clause: Limit one of each Pokémon
|rule|Item Clause: Limit 1 of each item
|clearpoke
|poke|p1|Dragalge, L50, F, shiny|
|poke|p1|Toxapex, L50, F|
|poke|p1|Typhlosion-Hisui, L50, F, shiny|
|poke|p1|Sinistcha, L50, shiny|
|poke|p1|Grimmsnarl, L50, M, shiny|
|poke|p1|Charizard, L50, M, shiny|
|poke|p2|Mawile, L50, F|
|poke|p2|Farigiraf, L50, M|
|poke|p2|Incineroar, L50, M|
|poke|p2|Hydreigon, L50, F|
|poke|p2|Excadrill, L50, M|
|poke|p2|Tyranitar, L50, M|
|teampreview|4
|showteam|p1|Dragalge||Dragalgite|Adaptability|DragonPulse,Scald,SludgeBomb,Protect|Modest||F|||50|]Toxapex||Leftovers|Regenerator|WideGuard,Haze,Toxic,Infestation|Bold||F|||50|]Typhlosion-Hisui||ChoiceScarf|Frisk|InfernalParade,Eruption,HeatWave,ShadowBall|Timid||F|||50|]Sinistcha||KasibBerry|Hospitality|MatchaGotcha,StrengthSap,RagePowder,LifeDew|Calm|||||50|]Grimmsnarl||LightClay|Prankster|LightScreen,Reflect,PartingShot,SpiritBreak|Careful||M|||50|]Charizard||CharizarditeY|SolarPower|HeatWave,Protect,ScorchingSands,WeatherBall|Timid||M|||50|
|showteam|p2|Mawile||Mawilite|Intimidate|PlayRough,IronHead,Protect,SuckerPunch|Brave||F|||50|]Farigiraf||ColburBerry|ArmorTail|Psychic,TrickRoom,HelpingHand,Thunderbolt|Calm||M|||50|]Incineroar||PasshoBerry|Intimidate|ThroatChop,PartingShot,FakeOut,FlareBlitz|Careful||M|||50|]Hydreigon||RoseliBerry|Levitate|DarkPulse,DracoMeteor,Tailwind,Protect|Modest||F|||50|]Excadrill||FocusSash|SandRush|Earthquake,IronHead,RockSlide,Protect|Adamant||M|||50|]Tyranitar||Tyranitarite|SandStream|KnockOff,LowKick,Protect,RockSlide|Adamant||M|||50|
|
|t:|1782589976
|teamsize|p1|4
|teamsize|p2|4
|start
|switch|p1a: Dragalge|Dragalge, L50, F, shiny|100/100
|switch|p1b: Grimmsnarl|Grimmsnarl, L50, M, shiny|100/100
|switch|p2a: Excadrill|Excadrill, L50, M|100/100
|switch|p2b: Hydreigon|Hydreigon, L50, F|100/100
|turn|1
|
|t:|1782590007
|detailschange|p1a: Dragalge|Dragalge-Mega, L50, F, shiny
|-mega|p1a: Dragalge|Dragalge|Dragalgite
|move|p2a: Excadrill|Protect|p2a: Excadrill
|-singleturn|p2a: Excadrill|Protect
|move|p1b: Grimmsnarl|Reflect|p1b: Grimmsnarl
|-sidestart|p1: Misteryozo|Reflect
|move|p2b: Hydreigon|Draco Meteor|p1a: Dragalge
|-supereffective|p1a: Dragalge|1
|-damage|p1a: Dragalge|0 fnt
|-unboost|p2b: Hydreigon|spa|2
|faint|p1a: Dragalge
|
|upkeep
|
|t:|1782590016
|switch|p1a: Sinistcha|Sinistcha, L50, shiny|100/100
|turn|2
|
|t:|1782590055
|switch|p2b: Tyranitar|Tyranitar, L50, M|100/100
|-weather|Sandstorm|[from] ability: Sand Stream|[of] p2b: Tyranitar
|move|p1b: Grimmsnarl|Light Screen|p1b: Grimmsnarl
|-sidestart|p1: Misteryozo|move: Light Screen
|move|p2a: Excadrill|Iron Head|p1b: Grimmsnarl
|-supereffective|p1b: Grimmsnarl|1
|-damage|p1b: Grimmsnarl|42/100
|move|p1a: Sinistcha|Strength Sap|p2a: Excadrill
|-unboost|p2a: Excadrill|atk|1
|
|-weather|Sandstorm|[upkeep]
|-damage|p1a: Sinistcha|93/100|[from] Sandstorm
|-damage|p1b: Grimmsnarl|36/100|[from] Sandstorm
|upkeep
|turn|3
|
|t:|1782590090
|detailschange|p2b: Tyranitar|Tyranitar-Mega, L50, M
|-mega|p2b: Tyranitar|Tyranitar|Tyranitarite
|move|p2a: Excadrill|Protect|p2a: Excadrill
|-singleturn|p2a: Excadrill|Protect
|move|p1b: Grimmsnarl|Parting Shot|p2b: Tyranitar
|-hint|Since gen 7, Dark is immune to Prankster moves.
|-immune|p2b: Tyranitar
|move|p2b: Tyranitar|Knock Off|p1b: Grimmsnarl
|-resisted|p1b: Grimmsnarl|2
|-damage|p1b: Grimmsnarl|25/100
|-enditem|p1b: Grimmsnarl|Light Clay|[from] move: Knock Off|[of] p2b: Tyranitar
|move|p1a: Sinistcha|Matcha Gotcha|p2b: Tyranitar|[spread] p2b
|-activate|p2a: Excadrill|move: Protect
|-supereffective|p2b: Tyranitar|1
|-crit|p2b: Tyranitar
|-damage|p2b: Tyranitar|64/100
|-heal|p1a: Sinistcha|100/100|[from] drain|[of] p2b: Tyranitar
|-status|p2b: Tyranitar|brn
|
|-weather|Sandstorm|[upkeep]
|-damage|p1a: Sinistcha|93/100|[from] Sandstorm
|-damage|p1b: Grimmsnarl|19/100|[from] Sandstorm
|-damage|p2b: Tyranitar|58/100 brn|[from] brn
|upkeep
|turn|4
|
|t:|1782590125
|switch|p2b: Hydreigon|Hydreigon, L50, F|100/100
|move|p2a: Excadrill|Iron Head|p1b: Grimmsnarl
|-supereffective|p1b: Grimmsnarl|1
|-damage|p1b: Grimmsnarl|0 fnt
|faint|p1b: Grimmsnarl
|move|p1a: Sinistcha|Matcha Gotcha|p2b: Hydreigon|[spread] p2a,p2b
|-resisted|p2b: Hydreigon|1
|-crit|p2b: Hydreigon
|-damage|p2a: Excadrill|67/100
|-heal|p1a: Sinistcha|100/100|[from] drain|[of] p2a: Excadrill
|-damage|p2b: Hydreigon|78/100
|
|-weather|Sandstorm|[upkeep]
|-damage|p2b: Hydreigon|72/100|[from] Sandstorm
|-damage|p1a: Sinistcha|93/100|[from] Sandstorm
|upkeep
|
|t:|1782590130
|switch|p1b: Toxapex|Toxapex, L50, F|100/100
|turn|5
|
|t:|1782590150
|move|p2a: Excadrill|Earthquake|p1b: Toxapex|[spread] p1a,p1b
|-immune|p2b: Hydreigon|[from] ability: Levitate
|-resisted|p1a: Sinistcha|1
|-supereffective|p1b: Toxapex|1
|-damage|p1a: Sinistcha|84/100
|-damage|p1b: Toxapex|71/100
|move|p2b: Hydreigon|Dark Pulse|p1a: Sinistcha
|-supereffective|p1a: Sinistcha|1
|-damage|p1a: Sinistcha|37/100
|cant|p1a: Sinistcha|flinch
|move|p1b: Toxapex|Toxic|p2b: Hydreigon
|-status|p2b: Hydreigon|tox
|
|-weather|Sandstorm|[upkeep]
|-damage|p2b: Hydreigon|66/100 tox|[from] Sandstorm
|-damage|p1a: Sinistcha|31/100|[from] Sandstorm
|-damage|p1b: Toxapex|66/100|[from] Sandstorm
|-heal|p1b: Toxapex|71/100|[from] item: Leftovers
|-damage|p2b: Hydreigon|60/100 tox|[from] psn
|upkeep
|turn|6
|
|t:|1782590180
|move|p2a: Excadrill|Protect|p2a: Excadrill
|-singleturn|p2a: Excadrill|Protect
|move|p2b: Hydreigon|Tailwind|p2b: Hydreigon
|-sidestart|p2: TheRealMyan|move: Tailwind
|move|p1a: Sinistcha|Strength Sap|p2a: Excadrill
|-activate|p2a: Excadrill|move: Protect
|move|p1b: Toxapex|Infestation|p2a: Excadrill
|-activate|p2a: Excadrill|move: Protect
|
|-weather|none
|-heal|p1b: Toxapex|77/100|[from] item: Leftovers
|-damage|p2b: Hydreigon|48/100 tox|[from] psn
|upkeep
|turn|7
|-message|Misteryozo forfeited.
|
|win|TheRealMyan
|raw|Misteryozo's rating: 1064 → 1041(-23 for losing)
|raw|TheRealMyan's rating: 1000 → 1047(+47 for winning)
|l|☆Misteryozo
|player|p1|
