|j|☆Cactusmax
|j|☆monkeychese
|html|Cactusmaxmonkeychese    
|uhtml|bestof|Game 1 of a best-of-3
|t:|1783530357
|gametype|doubles
|player|p1|Cactusmax|ballguy|
|player|p2|monkeychese|lucas|
|gen|9
|tier|[Gen 9 Champions] VGC 2026 Reg M-B (Bo3)
|rule|Species Clause: Limit one of each Pokémon
|rule|Item Clause: Limit 1 of each item
|clearpoke
|poke|p1|Sinistcha-Masterpiece, L50|
|poke|p1|Kingambit, L50, M|
|poke|p1|Sneasler, L50, F|
|poke|p1|Floette-Eternal, L50, F|
|poke|p1|Delphox, L50, F|
|poke|p1|Incineroar, L50, F|
|poke|p2|Delphox, L50, F|
|poke|p2|Lycanroc-Dusk, L50, F|
|poke|p2|Sneasler, L50, F|
|poke|p2|Hydreigon, L50, M|
|poke|p2|Mamoswine, L50, M|
|poke|p2|Toxapex, L50, M|
|teampreview|4
|showteam|p1|Sinistcha-Masterpiece||KasibBerry|Hospitality|MatchaGotcha,RagePowder,TrickRoom,Protect|Bold|||||50|]Kingambit||BlackGlasses|Defiant|KowtowCleave,SuckerPunch,SwordsDance,Protect|Adamant||M|||50|]Sneasler||FocusSash|PoisonTouch|FakeOut,CloseCombat,DireClaw,QuickGuard|Jolly||F|||50|]Floette-Eternal||Floettite|FlowerVeil|Moonblast,DazzlingGleam,CalmMind,Protect|Modest||F|||50|]Delphox||Delphoxite|Blaze|HeatWave,Psyshock,NastyPlot,Protect|Timid||F|||50|]Incineroar||SitrusBerry|Intimidate|PartingShot,FlareBlitz,ThroatChop,FakeOut|Careful||F|||50|
|showteam|p2|Delphox||Delphoxite|Blaze|HeatWave,Psychic,Substitute,Protect|Timid||F|||50|]Lycanroc-Dusk||FocusSash|ToughClaws|RockSlide,CloseCombat,Accelerock,Protect|Jolly||F|||50|]Sneasler||WhiteHerb|Unburden|DireClaw,CloseCombat,FakeOut,Protect|Jolly||F|||50|]Hydreigon||ChoiceScarf|Levitate|DracoMeteor,DarkPulse,Snarl,EarthPower|Modest||M|||50|]Mamoswine||LifeOrb|Oblivious|IceShard,IcicleCrash,Earthquake,Protect|Jolly||M|||50|]Toxapex||Leftovers|Regenerator|Infestation,BanefulBunker,Toxic,WideGuard|Sassy||M|||50|
|c|☆Cactusmax|hf
|c|☆monkeychese|u2
|inactive|Battle timer is ON: inactive players will automatically lose when time's up. (requested by Cactusmax)
|
|t:|1783530396
|teamsize|p1|4
|teamsize|p2|4
|start
|switch|p1a: Delphox|Delphox, L50, F|100/100
|switch|p1b: Sneasler|Sneasler, L50, F|100/100
|switch|p2a: Lycanroc|Lycanroc-Dusk, L50, F|100/100
|switch|p2b: headbending|Hydreigon, L50, M|100/100
|turn|1
|inactive|Cactusmax has 30 seconds left.
|
|t:|1783530425
|switch|p1a: Kingambit|Kingambit, L50, M|100/100
|move|p2a: Lycanroc|Accelerock|p1b: Sneasler
|-resisted|p1b: Sneasler|1
|-damage|p1b: Sneasler|76/100
|move|p2b: headbending|Earth Power|p1b: Sneasler
|-supereffective|p1b: Sneasler|1
|-damage|p1b: Sneasler|0 fnt
|faint|p1b: Sneasler
|
|upkeep
|
|t:|1783530438
|switch|p1b: Incineroar|Incineroar, L50, F|100/100
|-ability|p1b: Incineroar|Intimidate|boost
|-unboost|p2a: Lycanroc|atk|1
|-unboost|p2b: headbending|atk|1
|turn|2
|
|t:|1783530461
|switch|p2b: Sneasler|Sneasler, L50, F|100/100
|move|p2a: Lycanroc|Protect|p2a: Lycanroc
|-singleturn|p2a: Lycanroc|Protect
|move|p1b: Incineroar|Fake Out|p2a: Lycanroc
|-activate|p2a: Lycanroc|move: Protect
|move|p1a: Kingambit|Swords Dance|p1a: Kingambit
|-boost|p1a: Kingambit|atk|2
|
|upkeep
|turn|3
|
|t:|1783530475
|switch|p1b: Delphox|Delphox, L50, F|100/100
|move|p1a: Kingambit|Protect|p1a: Kingambit
|-singleturn|p1a: Kingambit|Protect
|move|p2b: Sneasler|Close Combat|p1b: Delphox
|-resisted|p1b: Delphox|1
|-damage|p1b: Delphox|54/100
|-unboost|p2b: Sneasler|def|1
|-unboost|p2b: Sneasler|spd|1
|-enditem|p2b: Sneasler|White Herb
|-clearnegativeboost|p2b: Sneasler|[silent]
|move|p2a: Lycanroc|Close Combat|p1b: Delphox
|-resisted|p1b: Delphox|1
|-damage|p1b: Delphox|28/100
|-unboost|p2a: Lycanroc|def|1
|-unboost|p2a: Lycanroc|spd|1
|
|upkeep
|turn|4
|
|t:|1783530494
|switch|p1b: Incineroar|Incineroar, L50, F|100/100
|-ability|p1b: Incineroar|Intimidate|boost
|-unboost|p2a: Lycanroc|atk|1
|-unboost|p2b: Sneasler|atk|1
|move|p2a: Lycanroc|Accelerock|p1b: Incineroar
|-supereffective|p1b: Incineroar|1
|-damage|p1b: Incineroar|75/100
|move|p1a: Kingambit|Sucker Punch|p2b: Sneasler
|-resisted|p2b: Sneasler|1
|-damage|p2b: Sneasler|19/100
|move|p2b: Sneasler|Close Combat|p1a: Kingambit
|-supereffective|p1a: Kingambit|2
|-damage|p1a: Kingambit|0 fnt
|-unboost|p2b: Sneasler|def|1
|-unboost|p2b: Sneasler|spd|1
|faint|p1a: Kingambit
|
|upkeep
|
|t:|1783530506
|switch|p1a: Delphox|Delphox, L50, F|28/100
|turn|5
|
|t:|1783530510
|switch|p2a: headbending|Hydreigon, L50, M|100/100
|detailschange|p1a: Delphox|Delphox-Mega, L50, F
|-mega|p1a: Delphox|Delphox|Delphoxite
|move|p2b: Sneasler|Protect|p2b: Sneasler
|-singleturn|p2b: Sneasler|Protect
|move|p1b: Incineroar|Fake Out|p2a: headbending
|-damage|p2a: headbending|88/100
|move|p1a: Delphox|Heat Wave|p2b: Sneasler|[spread] p2a
|-activate|p2b: Sneasler|move: Protect
|-resisted|p2a: headbending|1
|-damage|p2a: headbending|65/100
|
|upkeep
|turn|6
|
|t:|1783530519
|move|p1a: Delphox|Protect|p1a: Delphox
|-singleturn|p1a: Delphox|Protect
|move|p2b: Sneasler|Close Combat|p1b: Incineroar
|-supereffective|p1b: Incineroar|1
|-damage|p1b: Incineroar|0 fnt
|-unboost|p2b: Sneasler|def|1
|-unboost|p2b: Sneasler|spd|1
|faint|p1b: Incineroar
|move|p2a: headbending|Dark Pulse|p1a: Delphox
|-activate|p1a: Delphox|move: Protect
|
|upkeep
|turn|7
|-message|Cactusmax forfeited.
|
|win|monkeychese
||Cactusmax is ready for game 2.
||monkeychese is ready for game 2.
|uhtml|next|Next: Game 2 of 3
|l|☆monkeychese
|player|p2|
