|j|☆orbwair
|j|☆Kemaho
|html|orbwairKemaho    
|uhtml|bestof|Game 2 of a best-of-3
|t:|1756237298
|gametype|doubles
|player|p1|orbwair|hexmaniac-gen6|1075
|player|p2|Kemaho|clerk|1046
|gen|9
|tier|[Gen 9] VGC 2025 Reg H (Bo3)
|rated|
|rule|Species Clause: Limit one of each Pokémon
|rule|Item Clause: Limit 1 of each item
|clearpoke
|poke|p1|Talonflame, L50, M|
|poke|p1|Sylveon, L50, F|
|poke|p1|Amoonguss, L50, F|
|poke|p1|Sneasler, L50, M|
|poke|p1|Garchomp, L50, F|
|poke|p1|Incineroar, L50, F|
|poke|p2|Indeedee-F, L50, F|
|poke|p2|Hatterene, L50, F|
|poke|p2|Ursaluna, L50, F|
|poke|p2|Torkoal, L50, M|
|poke|p2|Gallade, L50, M|
|poke|p2|Lilligant-Hisui, L50, F|
|teampreview|4
|showteam|p1|Talonflame||CovertCloak|GaleWings|DualWingbeat,FlareBlitz,Tailwind,Taunt|||M|||50|,,,,,Fairy]Sylveon||ThroatSpray|Pixilate|HyperVoice,HelpingHand,Protect,TeraBlast|||F|||50|,,,,,Grass]Amoonguss||RockyHelmet|Regenerator|PollenPuff,RagePowder,Protect,Spore|||F|||50|,,,,,Water]Sneasler||FocusSash|Unburden|Acrobatics,CloseCombat,DireClaw,Protect|||M|||50|,,,,,Dark]Garchomp||ClearAmulet|RoughSkin|DragonClaw,Earthquake,StompingTantrum,Protect|||F|||50|,,,,,Ground]Incineroar||AssaultVest|Intimidate|FakeOut,FlareBlitz,KnockOff,Snarl|||F|||50|,,,,,Grass
|showteam|p2|Indeedee-F||PsychicSeed|PsychicSurge|Psychic,HelpingHand,FollowMe,TrickRoom|||F|||50|,,,,,Fairy]Hatterene||CovertCloak|MagicBounce|ExpandingForce,DazzlingGleam,TeraBlast,TrickRoom|||F|||50|,,,,,Fire]Ursaluna||FlameOrb|Guts|Facade,HeadlongRush,Earthquake,Protect|||F|||50|,,,,,Ghost]Torkoal||Charcoal|Drought|Eruption,WeatherBall,HeatWave,Protect|||M|||50|,,,,,Fire]Gallade||ClearAmulet|Sharpness|SacredSword,PsychoCut,TrickRoom,Protect|||M|||50|,,,,,Grass]Lilligant-Hisui||FocusSash|Chlorophyll|SolarBeam,CloseCombat,SleepPowder,AfterYou|||F|||50|,,,,,Ghost
|l|☆orbwair
|player|p1|
|j|☆orbwair
|player|p1|orbwair|hexmaniac-gen6|
|
|t:|1756237353
|teamsize|p1|4
|teamsize|p2|4
|start
|switch|p1a: Small Child|Incineroar, L50, F|100/100
|switch|p1b: Cherish|Amoonguss, L50, F|100/100
|switch|p2a: Indeedee|Indeedee-F, L50, F|100/100
|switch|p2b: Gallade|Gallade, L50, M|100/100
|-fieldstart|move: Psychic Terrain|[from] ability: Psychic Surge|[of] p2a: Indeedee
|-enditem|p2a: Indeedee|Psychic Seed
|-boost|p2a: Indeedee|spd|1|[from] item: Psychic Seed
|-ability|p1a: Small Child|Intimidate|boost
|-unboost|p2a: Indeedee|atk|1
|-fail|p2b: Gallade|unboost|[from] item: Clear Amulet|[of] p2b: Gallade
|turn|1
|
|t:|1756237385
|-terastallize|p2b: Gallade|Grass
|-terastallize|p1a: Small Child|Grass
|move|p2b: Gallade|Sacred Sword|p1a: Small Child
|-damage|p1a: Small Child|29/100
|move|p2a: Indeedee|Psychic|p1b: Cherish
|-supereffective|p1b: Cherish
|-damage|p1b: Cherish|45/100
|move|p1a: Small Child|Snarl|p2a: Indeedee|[spread] p2a,p2b
|-supereffective|p2a: Indeedee
|-damage|p2a: Indeedee|87/100
|-damage|p2b: Gallade|90/100
|-unboost|p2a: Indeedee|spa|1
|move|p1b: Cherish|Spore|p2b: Gallade
|-immune|p2b: Gallade
|
|upkeep
|turn|2
|
|t:|1756237416
|switch|p1a: Kana|Sylveon, L50, F|100/100
|move|p1b: Cherish|Protect|p1b: Cherish
|-singleturn|p1b: Cherish|Protect
|move|p2b: Gallade|Psycho Cut|p1b: Cherish
|-activate|p1b: Cherish|move: Protect
|move|p2a: Indeedee|Trick Room|p2a: Indeedee
|-fieldstart|move: Trick Room|[of] p2a: Indeedee
|
|upkeep
|turn|3
|
|t:|1756237444
|switch|p2a: Hatterene|Hatterene, L50, F|100/100
|move|p1b: Cherish|Pollen Puff|p2b: Gallade
|-supereffective|p2b: Gallade
|-damage|p2b: Gallade|55/100
|move|p1a: Kana|Tera Blast|p2b: Gallade
|-damage|p2b: Gallade|20/100
|move|p2b: Gallade|Psycho Cut|p1a: Kana
|-damage|p1a: Kana|8/100
|
|upkeep
|turn|4
|
|t:|1756237461
|move|p1a: Kana|Protect|p1a: Kana
|-singleturn|p1a: Kana|Protect
|move|p2a: Hatterene|Expanding Force|p1a: Kana|[spread] p1b
|-activate|p1a: Kana|move: Protect
|-supereffective|p1b: Cherish
|-damage|p1b: Cherish|0 fnt
|faint|p1b: Cherish
|move|p2b: Gallade|Psycho Cut|p1a: Kana
|-activate|p1a: Kana|move: Protect
|
|upkeep
|
|t:|1756237467
|switch|p1b: Small Child|Incineroar, L50, F, tera:Grass|29/100
|-ability|p1b: Small Child|Intimidate|boost
|-unboost|p2a: Hatterene|atk|1
|-fail|p2b: Gallade|unboost|[from] item: Clear Amulet|[of] p2b: Gallade
|turn|5
|
|t:|1756237482
|move|p2a: Hatterene|Expanding Force|p1b: Small Child|[spread] p1a,p1b
|-damage|p1a: Kana|0 fnt
|-damage|p1b: Small Child|0 fnt
|faint|p1a: Kana
|faint|p1b: Small Child
|move|p2b: Gallade|Sacred Sword|p1: Kana|[notarget]
|-fail|p2b: Gallade
|
|-fieldend|move: Psychic Terrain
|upkeep
|
|t:|1756237487
|switch|p1a: OORRRREEEOOOOOOOO|Sneasler, L50, M, shiny|100/100
|turn|6
|
|t:|1756237495
|move|p1a: OORRRREEEOOOOOOOO|Protect|p1a: OORRRREEEOOOOOOOO
|-singleturn|p1a: OORRRREEEOOOOOOOO|Protect
|move|p2a: Hatterene|Trick Room|p2a: Hatterene
|-fieldend|move: Trick Room
|move|p2b: Gallade|Trick Room|p2b: Gallade
|-fieldstart|move: Trick Room|[of] p2b: Gallade
|
|upkeep
|turn|7
|
|t:|1756237506
|move|p2a: Hatterene|Expanding Force|p1a: OORRRREEEOOOOOOOO
|-supereffective|p1a: OORRRREEEOOOOOOOO
|-enditem|p1a: OORRRREEEOOOOOOOO|Focus Sash
|-damage|p1a: OORRRREEEOOOOOOOO|1/100
|move|p2b: Gallade|Psycho Cut|p1a: OORRRREEEOOOOOOOO
|-supereffective|p1a: OORRRREEEOOOOOOOO
|-damage|p1a: OORRRREEEOOOOOOOO|0 fnt
|faint|p1a: OORRRREEEOOOOOOOO
|
|win|Kemaho
||orbwair is ready for game 3.
|l|☆orbwair
|player|p1|
|inactive|Kemaho has 30 seconds to confirm battle start!
||Kemaho is ready for game 3.
|uhtml|next|Next: Game 3 of 3
|l|☆Kemaho
|player|p2|
|j|☆orbwair
|player|p1|orbwair|hexmaniac-gen6|
