|j|☆Icookgarbageteams
|j|☆randomsnore_gam
|html|Icookgarbageteamsrandomsnore_gam    
|uhtml|bestof|Game 2 of a best-of-3
|t:|1785598587
|gametype|doubles
|player|p1|Icookgarbageteams|lance|
|player|p2|randomsnore_gam|chili|
|gen|9
|tier|[Gen 9 Champions] VGC 2026 Reg M-B (Bo3)
|rule|Species Clause: Limit one of each Pokémon
|rule|Item Clause: Limit 1 of each item
|clearpoke
|poke|p1|Froslass, L50, F|
|poke|p1|Rotom-Wash, L50|
|poke|p1|Scovillain, L50, M|
|poke|p1|Annihilape, L50, M|
|poke|p1|Tinkaton, L50, F|
|poke|p1|Mamoswine, L50, F|
|poke|p2|Manectric, L50, M, shiny|
|poke|p2|Talonflame, L50, F|
|poke|p2|Primarina, L50, M|
|poke|p2|Meowscarada, L50, F|
|poke|p2|Annihilape, L50, M|
|poke|p2|Klefki, L50, M|
|teampreview|4
|showteam|p1|Froslass||Froslassite|CursedBody|Blizzard,ShadowBall,AuroraVeil,Protect|Modest||F|||50|]Rotom-Wash||ChoiceScarf|Levitate|HydroPump,Thunderbolt,VoltSwitch,Electroweb|Serious|||||50|]Scovillain||Scovillainite|Moody|Overheat,GigaDrain,RagePowder,Protect|Bold||M|||50|]Annihilape||Leftovers|VitalSpirit|BulkUp,RageFist,DrainPunch,Protect|Serious||M|||50|]Tinkaton||MetalCoat|OwnTempo|FakeOut,GigatonHammer,PlayRough,Protect|Jolly||F|||50|]Mamoswine||FocusSash|Oblivious|IceShard,Protect,Earthquake,IcicleCrash|Jolly||F|||50|
|showteam|p2|Manectric||Manectite|LightningRod|VoltSwitch,Snarl,Flamethrower,Protect|Modest||M|||50|]Talonflame|||GaleWings|Acrobatics,Tailwind,FlareBlitz,Protect|Adamant||F|||50|]Primarina||LifeOrb|LiquidVoice|HyperVoice,Moonblast,EnergyBall,Protect|Modest||M|||50|]Meowscarada||FocusSash|Protean|Protect,FlowerTrick,PlayRough,KnockOff|Jolly||F|||50|]Annihilape||ChoiceScarf|Defiant|RockTomb,CloseCombat,PhantomForce,Uturn|Adamant||M|||50|]Klefki||LightClay|Prankster|Reflect,LightScreen,RainDance,FoulPlay|Impish||M|||50|
|inactive|Battle timer is ON: inactive players will automatically lose when time's up. (requested by randomsnore_gam)
|
|t:|1785598615
|teamsize|p1|4
|teamsize|p2|4
|start
|switch|p1a: Froslass|Froslass, L50, F|100/100
|switch|p1b: Tinkaton|Tinkaton, L50, F|100/100
|switch|p2a: Stimming|Klefki, L50, M|100/100
|switch|p2b: HERE I COME|Talonflame, L50, F|100/100
|turn|1
|
|t:|1785598635
|detailschange|p1a: Froslass|Froslass-Mega, L50, F
|-mega|p1a: Froslass|Froslass|Froslassite
|-weather|Snowscape|[from] ability: Snow Warning|[of] p1a: Froslass
|move|p1b: Tinkaton|Fake Out|p2b: HERE I COME
|-damage|p2b: HERE I COME|86/100
|move|p2a: Stimming|Light Screen|p2a: Stimming
|-sidestart|p2: randomsnore_gam|move: Light Screen
|move|p1a: Froslass|Aurora Veil|p1a: Froslass
|-sidestart|p1: Icookgarbageteams|move: Aurora Veil
|cant|p2b: HERE I COME|flinch
|
|-weather|Snowscape|[upkeep]
|upkeep
|turn|2
|inactive|Icookgarbageteams has 30 seconds left.
|inactive|Icookgarbageteams has 20 seconds left.
|
|t:|1785598671
|switch|p2b: me when|Manectric, L50, M, shiny|100/100
|move|p2a: Stimming|Rain Dance|p2a: Stimming
|-weather|RainDance
|move|p1a: Froslass|Blizzard|p2a: Stimming|[spread] p2a
|-miss|p1a: Froslass|p2b: me when
|-resisted|p2a: Stimming|1
|-damage|p2a: Stimming|83/100
|move|p1b: Tinkaton|Gigaton Hammer|p2a: Stimming
|-damage|p2a: Stimming|29/100
|
|-weather|RainDance|[upkeep]
|upkeep
|turn|3
|
|t:|1785598689
|switch|p1a: Rotom|Rotom-Wash, L50|100/100
|detailschange|p2b: me when|Manectric-Mega, L50, M, shiny
|-mega|p2b: me when|Manectric|Manectite
|-ability|p2b: me when|Intimidate|boost
|-unboost|p1a: Rotom|atk|1
|-fail|p1b: Tinkaton|unboost|Attack|[from] ability: Own Tempo|[of] p1b: Tinkaton
|move|p2b: me when|Snarl|p1b: Tinkaton|[spread] p1a,p1b
|-resisted|p1b: Tinkaton|1
|-damage|p1a: Rotom|85/100
|-damage|p1b: Tinkaton|95/100
|-unboost|p1a: Rotom|spa|1
|-unboost|p1b: Tinkaton|spa|1
|move|p1b: Tinkaton|Play Rough|p2b: me when
|-damage|p2b: me when|59/100
|move|p2a: Stimming|Foul Play|p1b: Tinkaton
|-resisted|p1b: Tinkaton|1
|-crit|p1b: Tinkaton
|-damage|p1b: Tinkaton|78/100
|
|-weather|RainDance|[upkeep]
|upkeep
|turn|4
|inactive|Icookgarbageteams has 30 seconds left.
|inactive|Icookgarbageteams has 20 seconds left.
|inactive|Icookgarbageteams has 15 seconds left.
|
|t:|1785598733
|switch|p1a: Mamoswine|Mamoswine, L50, F|100/100
|move|p2a: Stimming|Reflect|p2a: Stimming
|-sidestart|p2: randomsnore_gam|Reflect
|move|p2b: me when|Volt Switch|p1b: Tinkaton
|-damage|p1b: Tinkaton|53/100
|
|t:|1785598738
|switch|p2b: HERE I COME|Talonflame, L50, F|86/100|[from] Volt Switch
|move|p1b: Tinkaton|Gigaton Hammer|p2a: Stimming
|-damage|p2a: Stimming|0 fnt
|faint|p2a: Stimming
|
|-weather|RainDance|[upkeep]
|upkeep
|
|t:|1785598743
|switch|p2a: Furry bait~|Meowscarada, L50, F|100/100
|turn|5
|inactive|Icookgarbageteams has 30 seconds left.
|
|t:|1785598776
|switch|p1b: Rotom|Rotom-Wash, L50|85/100
|move|p2a: Furry bait~|Flower Trick|p1a: Mamoswine
|-start|p2a: Furry bait~|typechange|Grass|[from] ability: Protean
|-supereffective|p1a: Mamoswine|1
|-crit|p1a: Mamoswine
|-enditem|p1a: Mamoswine|Focus Sash
|-damage|p1a: Mamoswine|1/100
|move|p2b: HERE I COME|Tailwind|p2b: HERE I COME
|-sidestart|p2: randomsnore_gam|move: Tailwind
|move|p1a: Mamoswine|Icicle Crash|p2b: HERE I COME
|-damage|p2b: HERE I COME|44/100
|
|-weather|RainDance|[upkeep]
|-sideend|p1: Icookgarbageteams|move: Aurora Veil
|upkeep
|turn|6
|inactive|Icookgarbageteams has 30 seconds left.
|inactive|Icookgarbageteams has 20 seconds left.
|inactive|Icookgarbageteams has 15 seconds left.
|
|t:|1785598819
|move|p1a: Mamoswine|Ice Shard|p2a: Furry bait~
|-supereffective|p2a: Furry bait~|1
|-damage|p2a: Furry bait~|55/100
|move|p2a: Furry bait~|Flower Trick|p1b: Rotom
|-supereffective|p1b: Rotom|1
|-crit|p1b: Rotom
|-damage|p1b: Rotom|0 fnt
|faint|p1b: Rotom
|move|p2b: HERE I COME|Acrobatics|p1a: Mamoswine
|-damage|p1a: Mamoswine|0 fnt
|faint|p1a: Mamoswine
|
|-weather|none
|upkeep
|
|t:|1785598827
|switch|p1a: Tinkaton|Tinkaton, L50, F|53/100
|switch|p1b: Froslass|Froslass-Mega, L50, F|100/100
|-weather|Snowscape|[from] ability: Snow Warning|[of] p1b: Froslass
|turn|7
|
|t:|1785598845
|move|p1a: Tinkaton|Fake Out|p2b: HERE I COME
|-damage|p2b: HERE I COME|35/100
|move|p2a: Furry bait~|Flower Trick|p1a: Tinkaton
|-resisted|p1a: Tinkaton|1
|-crit|p1a: Tinkaton
|-damage|p1a: Tinkaton|27/100
|cant|p2b: HERE I COME|flinch
|move|p1b: Froslass|Aurora Veil|p1b: Froslass
|-sidestart|p1: Icookgarbageteams|move: Aurora Veil
|
|-weather|Snowscape|[upkeep]
|upkeep
|turn|8
|
|t:|1785598863
|move|p1a: Tinkaton|Protect|p1a: Tinkaton
|-singleturn|p1a: Tinkaton|Protect
|move|p2a: Furry bait~|Knock Off|p1b: Froslass
|-supereffective|p1b: Froslass|1
|-damage|p1b: Froslass|70/100
|move|p2b: HERE I COME|Flare Blitz|p1a: Tinkaton
|-activate|p1a: Tinkaton|move: Protect
|move|p1b: Froslass|Blizzard|p2b: HERE I COME|[spread] p2a,p2b
|-supereffective|p2a: Furry bait~|1
|-damage|p2a: Furry bait~|0 fnt
|-damage|p2b: HERE I COME|0 fnt
|faint|p2a: Furry bait~
|faint|p2b: HERE I COME
|
|-weather|Snowscape|[upkeep]
|-sideend|p2: randomsnore_gam|move: Light Screen
|-sideend|p2: randomsnore_gam|move: Tailwind
|upkeep
|
|t:|1785598868
|switch|p2b: me when|Manectric-Mega, L50, M, shiny|59/100
|-ability|p2b: me when|Intimidate|boost
|-fail|p1a: Tinkaton|unboost|Attack|[from] ability: Own Tempo|[of] p1a: Tinkaton
|-unboost|p1b: Froslass|atk|1
|turn|9
|-message|randomsnore_gam forfeited.
|
|win|Icookgarbageteams
||randomsnore_gam is ready for game 3.
||Icookgarbageteams is ready for game 3.
|uhtml|next|Next: Game 3 of 3
|l|☆randomsnore_gam
|player|p2|
