|j|☆sadnessvgc
|j|☆s!dd_1
|html|sadnessvgcs!dd_1    
|uhtml|bestof|Game 2 of a best-of-3
|t:|1784905078
|gametype|doubles
|player|p1|sadnessvgc|agatha-gen1rb|1347
|player|p2|s!dd_1|flannery-gen6|1533
|gen|9
|tier|[Gen 9 Champions] VGC 2026 Reg M-B (Bo3)
|rated|
|rule|Species Clause: Limit one of each Pokémon
|rule|Item Clause: Limit 1 of each item
|clearpoke
|poke|p1|Floette-Eternal, L50, F|
|poke|p1|Sinistcha, L50, shiny|
|poke|p1|Sneasler, L50, F, shiny|
|poke|p1|Incineroar, L50, M, shiny|
|poke|p1|Garchomp, L50, F, shiny|
|poke|p1|Kingambit, L50, M, shiny|
|poke|p2|Raichu, L50, M|
|poke|p2|Mamoswine, L50, F|
|poke|p2|Maushold, L50|
|poke|p2|Sylveon, L50, F|
|poke|p2|Arcanine-Hisui, L50, M|
|poke|p2|Meowscarada, L50, F|
|teampreview|4
|showteam|p1|Floette-Eternal||Floettite|FlowerVeil|DazzlingGleam,DrainingKiss,Protect,CalmMind|Timid||F|||50|]Sinistcha||SitrusBerry|Hospitality|MatchaGotcha,Protect,TrickRoom,RagePowder|Bold|||||50|]Sneasler||FocusSash|Unburden|DireClaw,FakeOut,CloseCombat,Coaching|Naive||F|||50|]Incineroar||Leftovers|Intimidate|FlareBlitz,FakeOut,PartingShot,HelpingHand|Sassy||M|||50|]Garchomp||Garchompite|RoughSkin|Earthquake,StompingTantrum,RockSlide,Protect|Adamant||F|||50|]Kingambit||ChopleBerry|Defiant|KowtowCleave,SuckerPunch,IronHead,Protect|Adamant||M|||50|
|showteam|p2|Raichu||RaichuniteY|LightningRod|ZapCannon,FocusBlast,FakeOut,Protect|Timid||M|||50|]Mamoswine||LifeOrb|Oblivious|HighHorsepower,IcicleCrash,IceShard,Protect|Adamant||F|||50|]Maushold||ChopleBerry|FriendGuard|SuperFang,HelpingHand,FollowMe,Protect|Timid|||||50|]Sylveon||FairyFeather|Pixilate|HyperVoice,HyperBeam,CalmMind,Detect|Modest||F|||50|]Arcanine-Hisui||FocusSash|Intimidate|FlareBlitz,RockSlide,ExtremeSpeed,Protect|Adamant||M|||50|]Meowscarada||ChoiceScarf|Protean|FlowerTrick,KnockOff,TripleAxel,LowKick|Jolly||F|||50|
|inactive|Battle timer is ON: inactive players will automatically lose when time's up. (requested by s!dd_1)
|
|t:|1784905087
|teamsize|p1|4
|teamsize|p2|4
|start
|switch|p1a: Floette|Floette-Eternal, L50, F|100/100
|switch|p1b: Sneasler|Sneasler, L50, F, shiny|100/100
|switch|p2a: Grabbitz|Raichu, L50, M|100/100
|switch|p2b: Tame Impala|Sylveon, L50, F|100/100
|turn|1
|
|t:|1784905101
|switch|p1b: Sinistcha|Sinistcha, L50, shiny|100/100
|detailschange|p2a: Grabbitz|Raichu-Mega-Y, L50, M
|-mega|p2a: Grabbitz|Raichu|Raichunite Y
|detailschange|p1a: Floette|Floette-Mega, L50, F
|-mega|p1a: Floette|Floette|Floettite
|-ability|p1a: Floette|Fairy Aura
|move|p2a: Grabbitz|Fake Out|p1b: Sinistcha
|-immune|p1b: Sinistcha
|move|p1a: Floette|Calm Mind|p1a: Floette
|-boost|p1a: Floette|spa|1
|-boost|p1a: Floette|spd|1
|move|p2b: Tame Impala|Hyper Voice|p1b: Sinistcha|[spread] p1a,p1b
|-crit|p1b: Sinistcha
|-damage|p1a: Floette|66/100
|-damage|p1b: Sinistcha|1/100
|-enditem|p1b: Sinistcha|Sitrus Berry|[eat]
|-heal|p1b: Sinistcha|25/100|[from] item: Sitrus Berry
|
|upkeep
|turn|2
|inactive|sadnessvgc has 30 seconds left.
|
|t:|1784905128
|move|p2a: Grabbitz|Protect|p2a: Grabbitz
|-singleturn|p2a: Grabbitz|Protect
|move|p1b: Sinistcha|Rage Powder|p1b: Sinistcha
|-singleturn|p1b: Sinistcha|move: Rage Powder
|move|p1a: Floette|Dazzling Gleam|p2a: Grabbitz|[spread] p2b
|-activate|p2a: Grabbitz|move: Protect
|-damage|p2b: Tame Impala|54/100
|move|p2b: Tame Impala|Hyper Voice|p1a: Floette|[spread] p1a,p1b
|-damage|p1a: Floette|30/100
|-damage|p1b: Sinistcha|0 fnt
|faint|p1b: Sinistcha
|
|upkeep
|
|t:|1784905138
|switch|p1b: Sneasler|Sneasler, L50, F, shiny|100/100
|turn|3
|
|t:|1784905149
|switch|p2a: Maushold|Maushold, L50|100/100
|move|p1b: Sneasler|Dire Claw|p2b: Tame Impala
|-supereffective|p2b: Tame Impala|1
|-damage|p2b: Tame Impala|0 fnt
|faint|p2b: Tame Impala
|move|p1a: Floette|Draining Kiss|p2a: Maushold
|-damage|p2a: Maushold|34/100
|-heal|p1a: Floette|86/100|[from] drain|[of] p2a: Maushold
|
|upkeep
|
|t:|1784905157
|switch|p2b: Panic!|Mamoswine, L50, F|100/100
|turn|4
|inactive|s!dd_1 has 30 seconds left.
|
|t:|1784905182
|move|p2a: Maushold|Follow Me|p2a: Maushold
|-singleturn|p2a: Maushold|move: Follow Me
|move|p1b: Sneasler|Coaching|p1a: Floette
|-boost|p1a: Floette|atk|1
|-boost|p1a: Floette|def|1
|move|p1a: Floette|Dazzling Gleam|p2a: Maushold|[spread] p2a,p2b
|-crit|p2a: Maushold
|-damage|p2a: Maushold|0 fnt
|-damage|p2b: Panic!|33/100
|faint|p2a: Maushold
|move|p2b: Panic!|High Horsepower|p1a: Floette
|-damage|p1a: Floette|34/100
|-damage|p2b: Panic!|24/100|[from] item: Life Orb
|
|upkeep
|
|t:|1784905189
|switch|p2a: Grabbitz|Raichu-Mega-Y, L50, M|100/100
|turn|5
|c|☆s!dd_1|sick play
|
|t:|1784905213
|switch|p1b: Incineroar|Incineroar, L50, M, shiny|100/100
|-ability|p1b: Incineroar|Intimidate|boost
|-unboost|p2a: Grabbitz|atk|1
|-fail|p2b: Panic!|unboost|Attack|[from] ability: Oblivious|[of] p2b: Panic!
|move|p1a: Floette|Protect|p1a: Floette
|-singleturn|p1a: Floette|Protect
|move|p2b: Panic!|Ice Shard|p1b: Incineroar
|-resisted|p1b: Incineroar|1
|-damage|p1b: Incineroar|86/100
|-damage|p2b: Panic!|14/100|[from] item: Life Orb
|move|p2a: Grabbitz|Zap Cannon|p1a: Floette
|-activate|p1a: Floette|move: Protect
|
|-heal|p1b: Incineroar|92/100|[from] item: Leftovers
|upkeep
|turn|6
|
|t:|1784905237
|move|p2a: Grabbitz|Protect|p2a: Grabbitz
|-singleturn|p2a: Grabbitz|Protect
|move|p2b: Panic!|Protect|p2b: Panic!
|-singleturn|p2b: Panic!|Protect
|move|p1b: Incineroar|Fake Out|p2a: Grabbitz
|-activate|p2a: Grabbitz|move: Protect
|move|p1a: Floette|Draining Kiss|p1b: Incineroar
|-damage|p1b: Incineroar|52/100
|-heal|p1a: Floette|72/100|[from] drain|[of] p1b: Incineroar
|
|-heal|p1b: Incineroar|58/100|[from] item: Leftovers
|upkeep
|turn|7
|
|t:|1784905261
|move|p1a: Floette|Protect|p1a: Floette
|-singleturn|p1a: Floette|Protect
|move|p2a: Grabbitz|Zap Cannon|p1a: Floette
|-activate|p1a: Floette|move: Protect
|move|p2b: Panic!|High Horsepower|p1b: Incineroar
|-supereffective|p1b: Incineroar|1
|-damage|p1b: Incineroar|0 fnt
|faint|p1b: Incineroar
|-damage|p2b: Panic!|4/100|[from] item: Life Orb
|
|upkeep
|
|t:|1784905270
|switch|p1b: Sneasler|Sneasler, L50, F, shiny|100/100
|turn|8
|
|t:|1784905293
|move|p1b: Sneasler|Fake Out|p2a: Grabbitz
|-damage|p2a: Grabbitz|77/100
|move|p2b: Panic!|Ice Shard|p1b: Sneasler
|-damage|p1b: Sneasler|51/100
|-damage|p2b: Panic!|0 fnt|[from] item: Life Orb
|faint|p2b: Panic!
|cant|p2a: Grabbitz|flinch
|move|p1a: Floette|Draining Kiss|p2a: Grabbitz
|-damage|p2a: Grabbitz|8/100
|-heal|p1a: Floette|100/100|[from] drain|[of] p2a: Grabbitz
|
|upkeep
|turn|9
|-message|s!dd_1 forfeited.
|
|win|sadnessvgc
||s!dd_1 is ready for game 3.
||sadnessvgc is ready for game 3.
|uhtml|next|Next: Game 3 of 3
