|j|☆r00mservice7
|j|☆Eneix1234
|html|r00mservice7Eneix1234    
|uhtml|bestof|Game 1 of a best-of-3
|t:|1784758975
|gametype|doubles
|player|p1|r00mservice7|266|1256
|player|p2|Eneix1234|170|1150
|gen|9
|tier|[Gen 9 Champions] VGC 2026 Reg M-B (Bo3)
|rated|
|rule|Species Clause: Limit one of each Pokémon
|rule|Item Clause: Limit 1 of each item
|clearpoke
|poke|p1|Staraptor, L50, M|
|poke|p1|Tyranitar, L50, F|
|poke|p1|Excadrill, L50, M|
|poke|p1|Gholdengo, L50|
|poke|p1|Milotic, L50, F|
|poke|p1|Tsareena, L50, F|
|poke|p2|Palafin, L50, F|
|poke|p2|Annihilape, L50, M|
|poke|p2|Metagross, L50|
|poke|p2|Whimsicott, L50, M|
|poke|p2|Incineroar, L50, F|
|poke|p2|Pelipper, L50, M|
|teampreview|4
|showteam|p1|Staraptor||Staraptite|Intimidate|BraveBird,CloseCombat,Tailwind,Protect|Jolly||M|||50|]Tyranitar||Tyranitarite|SandStream|RockSlide,KnockOff,DragonDance,Protect|Jolly||F|||50|]Excadrill||FocusSash|SandRush|HighHorsepower,IronHead,RockSlide,Protect|Adamant||M|||50|]Gholdengo||LifeOrb|GoodasGold|MakeItRain,ShadowBall,NastyPlot,Protect|Modest|||||50|]Milotic||SitrusBerry|Competitive|Scald,IcyWind,Haze,Protect|Calm||F|||50|]Tsareena||ExpertBelt|QueenlyMajesty|TropKick,LowKick,Taunt,Protect|Adamant||F|||50|
|showteam|p2|Palafin||MysticWater|ZerotoHero|Protect,JetPunch,DrainPunch,WaveCrash|Adamant||F|||50|]Annihilape||ShellBell|Defiant|RageFist,CloseCombat,Protect,IcePunch|Adamant||M|||50|]Metagross||Metagrossite|ClearBody|Protect,PsychicFangs,MeteorMash,Earthquake|Jolly|||||50|]Whimsicott||FocusSash|Prankster|Tailwind,Protect,Encore,Moonblast|Timid||M|||50|]Incineroar||SitrusBerry|Intimidate|FakeOut,PartingShot,FlareBlitz,DarkestLariat|Adamant||F|||50|]Pelipper||LifeOrb|Drizzle|Protect,Hurricane,WeatherBall,Tailwind|Modest||M|||50|
|inactive|Battle timer is ON: inactive players will automatically lose when time's up. (requested by r00mservice7)
|inactive|r00mservice7 has 60 seconds left.
|inactive|r00mservice7 has 30 seconds left.
|inactive|r00mservice7 has 20 seconds left.
|
|t:|1784759056
|teamsize|p1|4
|teamsize|p2|4
|start
|switch|p1a: Milotic|Milotic, L50, F|100/100
|switch|p1b: Staraptor|Staraptor, L50, M|100/100
|switch|p2a: Palafin|Palafin, L50, F|100/100
|switch|p2b: Incineroar|Incineroar, L50, F|100/100
|-ability|p1b: Staraptor|Intimidate|boost
|-unboost|p2a: Palafin|atk|1
|-unboost|p2b: Incineroar|atk|1
|-ability|p2b: Incineroar|Intimidate|boost
|-unboost|p1a: Milotic|atk|1
|-ability|p1a: Milotic|Competitive|boost
|-boost|p1a: Milotic|spa|2
|-unboost|p1b: Staraptor|atk|1
|turn|1
|
|t:|1784759078
|detailschange|p2a: Palafin|Palafin-Hero, L50, F
|switch|p2a: Metagross|Metagross, L50|100/100
|detailschange|p1b: Staraptor|Staraptor-Mega, L50, M
|-mega|p1b: Staraptor|Staraptor|Staraptite
|move|p2b: Incineroar|Fake Out|p1b: Staraptor
|-damage|p1b: Staraptor|91/100
|cant|p1b: Staraptor|flinch
|move|p1a: Milotic|Scald|p2b: Incineroar
|-supereffective|p2b: Incineroar|1
|-damage|p2b: Incineroar|4/100
|-enditem|p2b: Incineroar|Sitrus Berry|[eat]
|-heal|p2b: Incineroar|29/100|[from] item: Sitrus Berry
|
|upkeep
|turn|2
|inactive|Eneix1234 has 30 seconds left.
|inactive|Eneix1234 has 20 seconds left.
|
|t:|1784759115
|detailschange|p2a: Metagross|Metagross-Mega, L50
|-mega|p2a: Metagross|Metagross|Metagrossite
|move|p1b: Staraptor|Tailwind|p1b: Staraptor
|-sidestart|p1: r00mservice7|move: Tailwind
|move|p1a: Milotic|Scald|p2a: Metagross
|-damage|p2a: Metagross|38/100
|move|p2a: Metagross|Psychic Fangs|p1a: Milotic
|-damage|p1a: Milotic|43/100
|-enditem|p1a: Milotic|Sitrus Berry|[eat]
|-heal|p1a: Milotic|67/100|[from] item: Sitrus Berry
|move|p2b: Incineroar|Darkest Lariat|p1a: Milotic
|-damage|p1a: Milotic|41/100
|
|upkeep
|turn|3
|inactive|Eneix1234 has 30 seconds left.
|
|t:|1784759141
|switch|p2a: Palafin|Palafin-Hero, L50, F|100/100
|-activate|p2a: Palafin|ability: Zero to Hero
|switch|p2b: Pelipper|Pelipper, L50, M|100/100
|-weather|RainDance|[from] ability: Drizzle|[of] p2b: Pelipper
|move|p1b: Staraptor|Close Combat|p2b: Pelipper
|-resisted|p2b: Pelipper|1
|-damage|p2b: Pelipper|79/100
|-boost|p1b: Staraptor|def|1
|-boost|p1b: Staraptor|spd|1
|move|p1a: Milotic|Scald|p2a: Palafin
|-resisted|p2a: Palafin|1
|-damage|p2a: Palafin|60/100
|
|-weather|RainDance|[upkeep]
|upkeep
|turn|4
|inactive|r00mservice7 has 30 seconds left.
|inactive|Eneix1234 has 30 seconds left.
|
|t:|1784759171
|move|p2a: Palafin|Protect|p2a: Palafin
|-singleturn|p2a: Palafin|Protect
|move|p1b: Staraptor|Close Combat|p2a: Palafin
|-activate|p2a: Palafin|move: Protect
|move|p1a: Milotic|Scald|p2b: Pelipper
|-resisted|p2b: Pelipper|1
|-damage|p2b: Pelipper|27/100
|-status|p2b: Pelipper|brn
|move|p2b: Pelipper|Hurricane|p1a: Milotic
|-damage|p1a: Milotic|0 fnt
|faint|p1a: Milotic
|-damage|p2b: Pelipper|18/100 brn|[from] item: Life Orb
|
|-weather|RainDance|[upkeep]
|-damage|p2b: Pelipper|12/100 brn|[from] brn
|upkeep
|
|t:|1784759189
|switch|p1a: Tyranitar|Tyranitar, L50, F|100/100
|-weather|Sandstorm|[from] ability: Sand Stream|[of] p1a: Tyranitar
|turn|5
|
|t:|1784759206
|switch|p2b: Metagross|Metagross-Mega, L50|38/100
|move|p1a: Tyranitar|Protect|p1a: Tyranitar
|-singleturn|p1a: Tyranitar|Protect
|move|p1b: Staraptor|Close Combat|p2a: Palafin
|-damage|p2a: Palafin|24/100
|-boost|p1b: Staraptor|def|1
|-boost|p1b: Staraptor|spd|1
|move|p2a: Palafin|Drain Punch|p1a: Tyranitar
|-activate|p1a: Tyranitar|move: Protect
|
|-weather|Sandstorm|[upkeep]
|-damage|p1b: Staraptor|85/100|[from] Sandstorm
|-damage|p2a: Palafin|18/100|[from] Sandstorm
|-sideend|p1: r00mservice7|move: Tailwind
|upkeep
|turn|6
|inactive|r00mservice7 has 30 seconds left.
|
|t:|1784759238
|move|p1b: Staraptor|Tailwind|p1b: Staraptor
|-sidestart|p1: r00mservice7|move: Tailwind
|move|p1a: Tyranitar|Rock Slide|p2a: Palafin|[spread] p2a,p2b
|-resisted|p2b: Metagross|1
|-damage|p2a: Palafin|0 fnt
|-damage|p2b: Metagross|27/100
|faint|p2a: Palafin
|move|p2b: Metagross|Psychic Fangs|p1b: Staraptor
|-supereffective|p1b: Staraptor|1
|-damage|p1b: Staraptor|21/100
|
|-weather|Sandstorm|[upkeep]
|-damage|p1b: Staraptor|15/100|[from] Sandstorm
|upkeep
|
|t:|1784759249
|switch|p2a: Pelipper|Pelipper, L50, M|12/100 brn
|-weather|RainDance|[from] ability: Drizzle|[of] p2a: Pelipper
|turn|7
|
|t:|1784759263
|switch|p2a: Incineroar|Incineroar, L50, F|29/100
|-ability|p2a: Incineroar|Intimidate|boost
|-unboost|p1a: Tyranitar|atk|1
|-boost|p1b: Staraptor|atk|1
|move|p1b: Staraptor|Close Combat|p2b: Metagross
|-crit|p2b: Metagross
|-damage|p2b: Metagross|0 fnt
|-boost|p1b: Staraptor|def|1
|-boost|p1b: Staraptor|spd|1
|faint|p2b: Metagross
|move|p1a: Tyranitar|Knock Off|p2a: Incineroar
|-resisted|p2a: Incineroar|1
|-damage|p2a: Incineroar|19/100
|
|-weather|RainDance|[upkeep]
|upkeep
|-message|Eneix1234 forfeited.
|
|win|r00mservice7
||Eneix1234 is ready for game 2.
|inactive|r00mservice7 has 30 seconds to confirm battle start!
|inactive|r00mservice7 has 20 seconds to confirm battle start!
||r00mservice7 is ready for game 2.
|uhtml|next|Next: Game 2 of 3
|l|☆Eneix1234
|player|p2|
