|j|☆sogreenitslime
|j|☆fumifumii
|html|sogreenitslimefumifumii    
|uhtml|bestof|Game 1 of a best-of-3
|t:|1783134202
|gametype|doubles
|player|p1|sogreenitslime|pokemaniac|1051
|player|p2|fumifumii|caitlin|1000
|gen|9
|tier|[Gen 9 Champions] VGC 2026 Reg M-B (Bo3)
|rated|
|rule|Species Clause: Limit one of each Pokémon
|rule|Item Clause: Limit 1 of each item
|clearpoke
|poke|p1|Aerodactyl, L50, M|
|poke|p1|Rotom-Wash, L50|
|poke|p1|Sceptile, L50, F|
|poke|p1|Kingambit, L50, F|
|poke|p1|Ninetales-Alola, L50, M|
|poke|p1|Incineroar, L50, M|
|poke|p2|Lopunny, L50, F|
|poke|p2|Pyroar, L50, F|
|poke|p2|Ditto, L50, shiny|
|poke|p2|Whimsicott, L50, M|
|poke|p2|Toxapex, L50, M, shiny|
|poke|p2|Aegislash, L50, F|
|teampreview|4
|showteam|p1|Aerodactyl||Aerodactylite|Unnerve|Tailwind,RockSlide,DualWingbeat,Protect|Jolly||M|||50|]Rotom-Wash||ChoiceScarf|Levitate|VoltSwitch,Discharge,Electroweb,HydroPump|Timid|||||50|]Sceptile||Sceptilite|Overgrow|EnergyBall,EarthPower,DragonPulse,Protect|Timid||F|||50|]Kingambit||ChopleBerry|Defiant|KowtowCleave,SuckerPunch,IronHead,Protect|Adamant||F|||50|]Ninetales-Alola||NeverMeltIce|SnowWarning|Blizzard,AuroraVeil,Protect,Moonblast|Bold||M|||50|]Incineroar||SitrusBerry|Intimidate|WillOWisp,FlareBlitz,PartingShot,FakeOut|Careful||M|||50|
|showteam|p2|Lopunny||Lopunnite|Limber|FakeOut,CloseCombat,ThunderPunch,Uturn|Jolly||F|||50|]Pyroar||Pyroarite|Unnerve|HeatWave,DarkPulse,HyperVoice,Protect|Timid||F|||50|]Ditto||ChoiceScarf|Imposter|Transform|Bold|||||50|]Whimsicott||FocusSash|Prankster|Tailwind,WorrySeed,Moonblast,HelpingHand|Bold||M|||50|]Toxapex||Leftovers|Regenerator|BanefulBunker,Toxic,Infestation,WideGuard|Bold||M|||50|]Aegislash||LifeOrb|StanceChange|KingsShield,SacredSword,IronHead,ShadowSneak|Adamant||F|||50|
|inactive|Battle timer is ON: inactive players will automatically lose when time's up. (requested by fumifumii)
|inactive|fumifumii has 60 seconds left.
|
|t:|1783134252
|teamsize|p1|4
|teamsize|p2|4
|start
|switch|p1a: Aerodactyl|Aerodactyl, L50, M|100/100
|switch|p1b: Ninetales|Ninetales-Alola, L50, M|100/100
|switch|p2a: Pyroar|Pyroar, L50, F|100/100
|switch|p2b: Lopunny|Lopunny, L50, F|100/100
|-ability|p1a: Aerodactyl|Unnerve
|-ability|p2a: Pyroar|Unnerve
|-weather|Snowscape|[from] ability: Snow Warning|[of] p1b: Ninetales
|turn|1
|inactive|sogreenitslime has 30 seconds left.
|inactive|sogreenitslime has 20 seconds left.
|
|t:|1783134291
|detailschange|p2a: Pyroar|Pyroar-Mega, L50, F
|-mega|p2a: Pyroar|Pyroar|Pyroarite
|move|p2b: Lopunny|Fake Out|p1a: Aerodactyl
|-resisted|p1a: Aerodactyl|1
|-damage|p1a: Aerodactyl|87/100
|cant|p1a: Aerodactyl|flinch
|move|p2a: Pyroar|Heat Wave|p1b: Ninetales|[spread] p1a,p1b
|-resisted|p1a: Aerodactyl|1
|-supereffective|p1b: Ninetales|1
|-damage|p1a: Aerodactyl|44/100
|-damage|p1b: Ninetales|0 fnt
|faint|p1b: Ninetales
|
|-weather|Snowscape|[upkeep]
|upkeep
|
|t:|1783134307
|switch|p1b: Sceptile|Sceptile, L50, F|100/100
|turn|2
|
|t:|1783134322
|detailschange|p1b: Sceptile|Sceptile-Mega, L50, F
|-mega|p1b: Sceptile|Sceptile|Sceptilite
|move|p1b: Sceptile|Earth Power|p2a: Pyroar
|-supereffective|p2a: Pyroar|1
|-damage|p2a: Pyroar|10/100
|move|p1a: Aerodactyl|Tailwind|p1a: Aerodactyl
|-sidestart|p1: sogreenitslime|move: Tailwind
|move|p2a: Pyroar|Heat Wave|p1a: Aerodactyl|[spread] p1a
|-miss|p2a: Pyroar|p1b: Sceptile
|-resisted|p1a: Aerodactyl|1
|-damage|p1a: Aerodactyl|6/100
|move|p2b: Lopunny|U-turn|p1b: Sceptile
|-supereffective|p1b: Sceptile|1
|-damage|p1b: Sceptile|45/100
|
|t:|1783134342
|switch|p2b: Toxapex|Toxapex, L50, M, shiny|100/100|[from] U-turn
|
|-weather|Snowscape|[upkeep]
|upkeep
|turn|3
|
|t:|1783134358
|switch|p2a: Ditto|Ditto, L50, shiny|100/100
|-transform|p2a: Ditto|p1b: Sceptile|[from] ability: Imposter
|move|p1b: Sceptile|Earth Power|p2b: Toxapex
|-supereffective|p2b: Toxapex|1
|-damage|p2b: Toxapex|42/100
|move|p1a: Aerodactyl|Dual Wingbeat|p2a: Ditto
|-supereffective|p2a: Ditto|1
|-damage|p2a: Ditto|45/100
|-supereffective|p2a: Ditto|1
|-damage|p2a: Ditto|0 fnt
|faint|p2a: Ditto
|-hitcount|p2: Ditto|2
|move|p2b: Toxapex|Infestation|p1b: Sceptile
|-supereffective|p1b: Sceptile|1
|-damage|p1b: Sceptile|36/100
|-activate|p1b: Sceptile|move: Infestation|[of] p2b: Toxapex
|
|-weather|Snowscape|[upkeep]
|-heal|p2b: Toxapex|48/100|[from] item: Leftovers
|-damage|p1b: Sceptile|23/100|[from] move: Infestation|[partiallytrapped]
|upkeep
|c|☆fumifumii|aiyyaaaa
|
|t:|1783134379
|switch|p2a: Lopunny|Lopunny, L50, F|100/100
|turn|4
|
|t:|1783134390
|switch|p1a: Rotom|Rotom-Wash, L50|100/100
|move|p1b: Sceptile|Protect|p1b: Sceptile
|-singleturn|p1b: Sceptile|Protect
|move|p2b: Toxapex|Baneful Bunker|p2b: Toxapex
|-singleturn|p2b: Toxapex|move: Protect
|move|p2a: Lopunny|Fake Out|p1a: Rotom
|-damage|p1a: Rotom|80/100
|
|-weather|Snowscape|[upkeep]
|-heal|p2b: Toxapex|54/100|[from] item: Leftovers
|-damage|p1b: Sceptile|11/100|[from] move: Infestation|[partiallytrapped]
|upkeep
|turn|5
|inactive|fumifumii has 30 seconds left.
|
|t:|1783134418
|move|p2b: Toxapex|Wide Guard|p2b: Toxapex
|-singleturn|p2b: Toxapex|Wide Guard
|move|p1a: Rotom|Discharge|p2a: Lopunny|[spread] 
|-activate|p2a: Lopunny|move: Wide Guard
|-activate|p2b: Toxapex|move: Wide Guard
|-ability|p1b: Sceptile|Lightning Rod|boost
|-boost|p1b: Sceptile|spa|1
|move|p1b: Sceptile|Dragon Pulse|p2a: Lopunny
|-damage|p2a: Lopunny|1/100
|move|p2a: Lopunny|Close Combat|p1a: Rotom
|-damage|p1a: Rotom|40/100
|-unboost|p2a: Lopunny|def|1
|-unboost|p2a: Lopunny|spd|1
|
|-weather|none
|-heal|p2b: Toxapex|59/100|[from] item: Leftovers
|-damage|p1b: Sceptile|0 fnt|[from] move: Infestation|[partiallytrapped]
|faint|p1b: Sceptile
|-sideend|p1: sogreenitslime|move: Tailwind
|upkeep
|
|t:|1783134435
|switch|p1b: Aerodactyl|Aerodactyl, L50, M|6/100
|-ability|p1b: Aerodactyl|Unnerve
|turn|6
|
|t:|1783134450
|switch|p2a: Pyroar|Pyroar-Mega, L50, F|10/100
|move|p1b: Aerodactyl|Protect|p1b: Aerodactyl
|-singleturn|p1b: Aerodactyl|Protect
|move|p1a: Rotom|Discharge|p2a: Pyroar|[spread] p2a,p2b
|-activate|p1b: Aerodactyl|move: Protect
|-supereffective|p2b: Toxapex|1
|-damage|p2a: Pyroar|0 fnt
|-damage|p2b: Toxapex|14/100
|-status|p2b: Toxapex|par
|faint|p2a: Pyroar
|move|p2b: Toxapex|Toxic|p1a: Rotom
|-status|p1a: Rotom|tox
|
|-heal|p2b: Toxapex|19/100 par|[from] item: Leftovers
|-damage|p1a: Rotom|34/100 tox|[from] psn
|upkeep
|
|t:|1783134463
|switch|p2a: Lopunny|Lopunny, L50, F|1/100
|turn|7
|
|t:|1783134469
|move|p1b: Aerodactyl|Protect|p1b: Aerodactyl
|-singleturn|p1b: Aerodactyl|Protect
|cant|p2b: Toxapex|par
|move|p2a: Lopunny|Fake Out|p1b: Aerodactyl
|-activate|p1b: Aerodactyl|move: Protect
|move|p1a: Rotom|Discharge|p2b: Toxapex|[spread] p2a,p2b
|-activate|p1b: Aerodactyl|move: Protect
|-supereffective|p2b: Toxapex|1
|-damage|p2a: Lopunny|0 fnt
|-damage|p2b: Toxapex|0 fnt
|faint|p2a: Lopunny
|faint|p2b: Toxapex
|
|win|sogreenitslime
|c|☆sogreenitslime|lmao
|inactive|sogreenitslime has 30 seconds to confirm battle start!
|inactive|fumifumii has 30 seconds to confirm battle start!
|c|☆sogreenitslime|pure luck
||sogreenitslime is ready for game 2.
|inactive|fumifumii has 20 seconds to confirm battle start!
