|j|☆Yato1226
|j|☆Navizz0
|html|Yato1226Navizz0    
|uhtml|bestof|Game 3 of a best-of-3
|t:|1785688724
|gametype|doubles
|player|p1|Yato1226|dragontamer|1373
|player|p2|Navizz0|ethan|1364
|gen|9
|tier|[Gen 9 Champions] VGC 2026 Reg M-B (Bo3)
|rated|
|rule|Species Clause: Limit one of each Pokémon
|rule|Item Clause: Limit 1 of each item
|clearpoke
|poke|p1|Whimsicott, L50, F|
|poke|p1|Glimmora, L50, M|
|poke|p1|Ninetales-Alola, L50, M|
|poke|p1|Staraptor, L50, F|
|poke|p1|Kingambit, L50, M|
|poke|p1|Chandelure, L50, F|
|poke|p2|Blaziken, L50, M|
|poke|p2|Ninetales-Alola, L50, M|
|poke|p2|Kingambit, L50, F|
|poke|p2|Basculegion, L50, M|
|poke|p2|Whimsicott, L50, F|
|poke|p2|Aerodactyl, L50, F|
|teampreview|4
|showteam|p1|Whimsicott||FocusSash|Prankster|Moonblast,Tailwind,Charm,Encore|Timid||F|||50|]Glimmora||Glimmoranite|ToxicDebris|PowerGem,SludgeBomb,EarthPower,SpikyShield|Timid||M|||50|]Ninetales-Alola||NeverMeltIce|SnowWarning|Blizzard,FreezeDry,IcyWind,Protect|Timid||M|||50|]Staraptor||Staraptite|Intimidate|CloseCombat,BraveBird,Roost,Protect|Jolly||F|||50|]Kingambit||LifeOrb|Defiant|KowtowCleave,SuckerPunch,IronHead,LowKick|Adamant||M|||50|]Chandelure||ColburBerry|FlashFire|HeatWave,ShadowBall,Imprison,TrickRoom|Bold||F|||50|
|showteam|p2|Blaziken||Blazikenite|SpeedBoost|AuraSphere,HeatWave,ScorchingSands,Detect|Modest||M|||50|]Ninetales-Alola||LifeOrb|SnowWarning|Blizzard,FreezeDry,Moonblast,Protect|Timid||M|||50|]Kingambit||BlackGlasses|Defiant|SuckerPunch,IronHead,Protect,KowtowCleave|Adamant||F|||50|]Basculegion||ChoiceScarf|Adaptability|LastRespects,WaveCrash,AquaJet,FlipTurn|Jolly||M|||50|]Whimsicott||FocusSash|Prankster|Moonblast,Tailwind,Protect,WorrySeed|Timid||F|||50|]Aerodactyl||Aerodactylite|Unnerve|RockSlide,DualWingbeat,WideGuard,Taunt|Jolly||F|||50|
|inactive|Battle timer is ON: inactive players will automatically lose when time's up. (requested by Navizz0)
|inactive|Yato1226 has 60 seconds left.
|
|t:|1785688757
|teamsize|p1|4
|teamsize|p2|4
|start
|switch|p1a: Whimsicott|Whimsicott, L50, F|100/100
|switch|p1b: Kingambit|Kingambit, L50, M|100/100
|switch|p2a: Whimsicott|Whimsicott, L50, F|100/100
|switch|p2b: Ninetales|Ninetales-Alola, L50, M|100/100
|-weather|Snowscape|[from] ability: Snow Warning|[of] p2b: Ninetales
|turn|1
|
|t:|1785688769
|switch|p2b: Blaziken|Blaziken, L50, M|100/100
|move|p2a: Whimsicott|Tailwind|p2a: Whimsicott
|-sidestart|p2: Navizz0|move: Tailwind
|move|p1a: Whimsicott|Moonblast|p2a: Whimsicott
|-damage|p2a: Whimsicott|48/100
|move|p1b: Kingambit|Iron Head|p2a: Whimsicott
|-supereffective|p2a: Whimsicott|1
|-damage|p2a: Whimsicott|0 fnt
|faint|p2a: Whimsicott
|-damage|p1b: Kingambit|90/100|[from] item: Life Orb
|
|-weather|Snowscape|[upkeep]
|upkeep
|
|t:|1785688772
|switch|p2a: Ninetales|Ninetales-Alola, L50, M|100/100
|turn|2
|inactive|Yato1226 has 30 seconds left.
|inactive|Yato1226 has 20 seconds left.
|inactive|Yato1226 has 15 seconds left.
|inactive|Yato1226 has 10 seconds left.
|
|t:|1785688819
|detailschange|p2b: Blaziken|Blaziken-Mega, L50, M
|-mega|p2b: Blaziken|Blaziken|Blazikenite
|move|p1a: Whimsicott|Tailwind|p1a: Whimsicott
|-sidestart|p1: Yato1226|move: Tailwind
|move|p1b: Kingambit|Sucker Punch|p2b: Blaziken
|-resisted|p2b: Blaziken|1
|-damage|p2b: Blaziken|64/100
|-damage|p1b: Kingambit|80/100|[from] item: Life Orb
|move|p2a: Ninetales|Blizzard|p1b: Kingambit|[spread] p1a,p1b
|-supereffective|p1a: Whimsicott|1
|-resisted|p1b: Kingambit|1
|-enditem|p1a: Whimsicott|Focus Sash
|-damage|p1a: Whimsicott|1/100
|-damage|p1b: Kingambit|55/100
|-damage|p2a: Ninetales|90/100|[from] item: Life Orb
|move|p2b: Blaziken|Heat Wave|p1a: Whimsicott|[spread] p1a,p1b
|-supereffective|p1a: Whimsicott|1
|-supereffective|p1b: Kingambit|1
|-crit|p1b: Kingambit
|-damage|p1a: Whimsicott|0 fnt
|-damage|p1b: Kingambit|0 fnt
|faint|p1a: Whimsicott
|faint|p1b: Kingambit
|
|-weather|Snowscape|[upkeep]
|-ability|p2b: Blaziken|Speed Boost|boost
|-boost|p2b: Blaziken|spe|1
|upkeep
|
|t:|1785688825
|switch|p1a: Glimmora|Glimmora, L50, M|100/100
|switch|p1b: Staraptor|Staraptor, L50, F|100/100
|-ability|p1b: Staraptor|Intimidate|boost
|-unboost|p2a: Ninetales|atk|1
|-unboost|p2b: Blaziken|atk|1
|turn|3
|
|t:|1785688846
|detailschange|p1b: Staraptor|Staraptor-Mega, L50, F
|-mega|p1b: Staraptor|Staraptor|Staraptite
|move|p2b: Blaziken|Detect|p2b: Blaziken
|-singleturn|p2b: Blaziken|Protect
|move|p2a: Ninetales|Protect|p2a: Ninetales
|-singleturn|p2a: Ninetales|Protect
|move|p1b: Staraptor|Close Combat|p2a: Ninetales
|-activate|p2a: Ninetales|move: Protect
|move|p1a: Glimmora|Power Gem|p2a: Ninetales
|-activate|p2a: Ninetales|move: Protect
|
|-weather|Snowscape|[upkeep]
|-ability|p2b: Blaziken|Speed Boost|boost
|-boost|p2b: Blaziken|spe|1
|upkeep
|turn|4
|
|t:|1785688864
|move|p1a: Glimmora|Spiky Shield|p1a: Glimmora
|-singleturn|p1a: Glimmora|move: Protect
|move|p2b: Blaziken|Scorching Sands|p1a: Glimmora
|-activate|p1a: Glimmora|move: Protect
|move|p1b: Staraptor|Close Combat|p2b: Blaziken
|-damage|p2b: Blaziken|0 fnt
|-boost|p1b: Staraptor|def|1
|-boost|p1b: Staraptor|spd|1
|faint|p2b: Blaziken
|move|p2a: Ninetales|Blizzard|p1b: Staraptor|[spread] p1b
|-activate|p1a: Glimmora|move: Protect
|-supereffective|p1b: Staraptor|1
|-damage|p1b: Staraptor|32/100
|-damage|p2a: Ninetales|80/100|[from] item: Life Orb
|
|-weather|Snowscape|[upkeep]
|-sideend|p2: Navizz0|move: Tailwind
|upkeep
|
|t:|1785688866
|switch|p2b: Basculegion|Basculegion, L50, M|100/100
|turn|5
|
|t:|1785688891
|move|p1b: Staraptor|Roost|p1b: Staraptor
|-heal|p1b: Staraptor|82/100
|-singleturn|p1b: Staraptor|move: Roost
|move|p1a: Glimmora|Sludge Bomb|p2a: Ninetales
|-supereffective|p2a: Ninetales|1
|-damage|p2a: Ninetales|0 fnt
|faint|p2a: Ninetales
|move|p2b: Basculegion|Last Respects|p1b: Staraptor
|-damage|p1b: Staraptor|0 fnt
|faint|p1b: Staraptor
|
|-weather|none
|-sideend|p1: Yato1226|move: Tailwind
|upkeep
|turn|6
|
|t:|1785688903
|move|p2b: Basculegion|Last Respects|p1a: Glimmora
|-damage|p1a: Glimmora|0 fnt
|-activate|p1a: Glimmora|ability: Toxic Debris
|-sidestart|p2: Navizz0|move: Toxic Spikes
|faint|p1a: Glimmora
|
|win|Navizz0
|raw|Yato1226's rating: 1373 → 1352(-21 for losing)
|raw|Navizz0's rating: 1364 → 1385(+21 for winning)
|l|☆Navizz0
|player|p2|
|l|☆Yato1226
|player|p1|
