|j|☆Alecat
|j|☆PR1NC3735
|html|AlecatPR1NC3735    
|uhtml|bestof|Game 1 of a best-of-3
|t:|1757635188
|gametype|doubles
|player|p1|Alecat|scientistf|1100
|player|p2|PR1NC3735|102|1000
|gen|9
|tier|[Gen 9] VGC 2025 Reg H (Bo3)
|rated|
|rule|Species Clause: Limit one of each Pokémon
|rule|Item Clause: Limit 1 of each item
|clearpoke
|poke|p1|Sneasler, L50, F|
|poke|p1|Magmar, L50, M|
|poke|p1|Rillaboom, L50, F|
|poke|p1|Espathra, L50, F|
|poke|p1|Kingambit, L50, F|
|poke|p1|Arcanine-Hisui, L50, F|
|poke|p2|Garchomp, L50, M|
|poke|p2|Gholdengo, L50|
|poke|p2|Murkrow, L50, M|
|poke|p2|Indeedee-F, L50, F|
|poke|p2|Incineroar, L50, M|
|poke|p2|Annihilape, L50, M|
|teampreview|4
|showteam|p1|Sneasler||FocusSash|Unburden|FakeOut,CloseCombat,DireClaw,Coaching|||F|||50|,,,,,Ghost]Magmar||Eviolite|VitalSpirit|FollowMe,HeatWave,Taunt,Protect|||M|||50|,,,,,Dragon]Rillaboom||AssaultVest|GrassySurge|FakeOut,WoodHammer,GrassyGlide,HighHorsepower|||F|||50|,,,,,Fire]Espathra||GrassySeed|SpeedBoost|StoredPower,TeraBlast,CalmMind,Protect|||F|||50|,,,,,Fighting]Kingambit||SafetyGoggles|Defiant|KowtowCleave,SuckerPunch,SwordsDance,Protect|||F|||50|,,,,,Dark]Arcanine-Hisui||LoadedDice|Intimidate|FlareBlitz,RockBlast,ExtremeSpeed,Protect|||F|||50|,,,,,Ghost
|showteam|p2|Garchomp||LifeOrb|RoughSkin|Earthquake,DragonClaw,SwordsDance,Protect|||M|||50|,,,,,Steel]Gholdengo||IronPlate|GoodasGold|MakeItRain,ShadowBall,NastyPlot,Protect||||||50|,,,,,Steel]Murkrow||Eviolite|Prankster|FoulPlay,Tailwind,Taunt,Protect|||M|||50|,,,,,Ghost]Indeedee-F||SafetyGoggles|PsychicSurge|DazzlingGleam,FollowMe,Protect,Psychic|||F|||50|,,,,,Flying]Incineroar||AguavBerry|Intimidate|PartingShot,FlareBlitz,KnockOff,FakeOut|||M|||50|,,,,,Flying]Annihilape||PsychicSeed|Defiant|DrainPunch,RageFist,Protect,BulkUp|||M|||50|,,,,,Fairy
|inactive|Battle timer is ON: inactive players will automatically lose when time's up. (requested by Alecat)
|inactive|Alecat has 60 seconds left.
|
|t:|1757635234
|teamsize|p1|4
|teamsize|p2|4
|start
|switch|p1a: Kingambit|Kingambit, L50, F|100/100
|switch|p1b: Magmar|Magmar, L50, M|100/100
|switch|p2a: Garchomp|Garchomp, L50, M|100/100
|switch|p2b: Murkrow|Murkrow, L50, M|100/100
|turn|1
|
|t:|1757635250
|switch|p1b: Rillaboom|Rillaboom, L50, F|100/100
|-fieldstart|move: Grassy Terrain|[from] ability: Grassy Surge|[of] p1b: Rillaboom
|move|p2b: Murkrow|Tailwind|p2b: Murkrow
|-sidestart|p2: PR1NC3735|move: Tailwind
|move|p2a: Garchomp|Swords Dance|p2a: Garchomp
|-boost|p2a: Garchomp|atk|2
|move|p1a: Kingambit|Swords Dance|p1a: Kingambit
|-boost|p1a: Kingambit|atk|2
|
|upkeep
|turn|2
|
|t:|1757635264
|switch|p2b: Indeedee|Indeedee-F, L50, F|100/100
|-fieldstart|move: Psychic Terrain|[from] ability: Psychic Surge|[of] p2b: Indeedee
|switch|p1b: Magmar|Magmar, L50, M|100/100
|move|p2a: Garchomp|Protect|p2a: Garchomp
|-singleturn|p2a: Garchomp|Protect
|move|p1a: Kingambit|Protect||[still]
|-fail|p1a: Kingambit
|
|upkeep
|turn|3
|
|t:|1757635284
|switch|p2b: Murkrow|Murkrow, L50, M|100/100
|move|p1a: Kingambit|Protect|p1a: Kingambit
|-singleturn|p1a: Kingambit|Protect
|move|p2a: Garchomp|Earthquake|p1a: Kingambit|[spread] p1b
|-activate|p1a: Kingambit|move: Protect
|-immune|p2b: Murkrow
|-supereffective|p1b: Magmar
|-damage|p1b: Magmar|0 fnt
|faint|p1b: Magmar
|-damage|p2a: Garchomp|91/100|[from] item: Life Orb
|
|upkeep
|
|t:|1757635305
|switch|p1b: Rillaboom|Rillaboom, L50, F|100/100
|-fieldstart|move: Grassy Terrain|[from] ability: Grassy Surge|[of] p1b: Rillaboom
|turn|4
|
|t:|1757635325
|-terastallize|p1a: Kingambit|Dark
|move|p2a: Garchomp|Earthquake|p1a: Kingambit|[spread] p1a,p1b
|-immune|p2b: Murkrow
|-resisted|p1b: Rillaboom
|-damage|p1a: Kingambit|67/100
|-damage|p1b: Rillaboom|77/100
|-damage|p2a: Garchomp|81/100|[from] item: Life Orb
|move|p2b: Murkrow|Foul Play|p1a: Kingambit
|-resisted|p1a: Kingambit
|-damage|p1a: Kingambit|25/100
|move|p1b: Rillaboom|Wood Hammer|p2a: Garchomp
|-damage|p2a: Garchomp|5/100
|-damage|p1b: Rillaboom|65/100|[from] ability: Rough Skin|[of] p2a: Garchomp
|-damage|p1b: Rillaboom|43/100|[from] Recoil
|move|p1a: Kingambit|Kowtow Cleave|p2b: Murkrow
|-resisted|p2b: Murkrow
|-damage|p2b: Murkrow|29/100
|
|-heal|p2a: Garchomp|11/100|[from] Grassy Terrain
|-heal|p1b: Rillaboom|48/100|[from] Grassy Terrain
|-heal|p1a: Kingambit|30/100|[from] Grassy Terrain
|-sideend|p2: PR1NC3735|move: Tailwind
|upkeep
|turn|5
|inactive|Alecat has 30 seconds left.
|inactive|PR1NC3735 has 30 seconds left.
|
|t:|1757635359
|switch|p1b: Espathra|Espathra, L50, F, shiny|100/100
|-enditem|p1b: Espathra|Grassy Seed
|-boost|p1b: Espathra|def|1|[from] item: Grassy Seed
|move|p2a: Garchomp|Protect|p2a: Garchomp
|-singleturn|p2a: Garchomp|Protect
|move|p1a: Kingambit|Protect|p1a: Kingambit
|-singleturn|p1a: Kingambit|Protect
|move|p2b: Murkrow|Tailwind|p2b: Murkrow
|-sidestart|p2: PR1NC3735|move: Tailwind
|
|-heal|p2a: Garchomp|17/100|[from] Grassy Terrain
|-heal|p1a: Kingambit|36/100|[from] Grassy Terrain
|upkeep
|turn|6
|inactive|Alecat has 30 seconds left.
|inactive|PR1NC3735 has 30 seconds left.
|inactive|PR1NC3735 has 20 seconds left.
|
|t:|1757635398
|switch|p2b: Indeedee|Indeedee-F, L50, F|100/100
|-fieldstart|move: Psychic Terrain|[from] ability: Psychic Surge|[of] p2b: Indeedee
|switch|p1b: Rillaboom|Rillaboom, L50, F|48/100
|-fieldstart|move: Grassy Terrain|[from] ability: Grassy Surge|[of] p1b: Rillaboom
|move|p1a: Kingambit|Sucker Punch|p2a: Garchomp
|-damage|p2a: Garchomp|0 fnt
|-damage|p1a: Kingambit|24/100|[from] ability: Rough Skin|[of] p2a: Garchomp
|faint|p2a: Garchomp
|
|-heal|p1b: Rillaboom|54/100|[from] Grassy Terrain
|-heal|p1a: Kingambit|30/100|[from] Grassy Terrain
|upkeep
|
|t:|1757635411
|switch|p2a: Annihilape|Annihilape, L50, M|100/100
|turn|7
|inactive|Alecat has 30 seconds left.
|
|t:|1757635437
|switch|p1a: Espathra|Espathra, L50, F, shiny|100/100
|move|p2b: Indeedee|Follow Me|p2b: Indeedee
|-singleturn|p2b: Indeedee|move: Follow Me
|move|p2a: Annihilape|Bulk Up|p2a: Annihilape
|-boost|p2a: Annihilape|atk|1
|-boost|p2a: Annihilape|def|1
|move|p1b: Rillaboom|Wood Hammer|p2b: Indeedee
|-damage|p2b: Indeedee|17/100
|-damage|p1b: Rillaboom|30/100|[from] Recoil
|
|-heal|p2b: Indeedee|24/100|[from] Grassy Terrain
|-heal|p1b: Rillaboom|36/100|[from] Grassy Terrain
|upkeep
|turn|8
|inactive|Alecat has 30 seconds left.
|
|t:|1757635465
|switch|p2b: Murkrow|Murkrow, L50, M|29/100
|-terastallize|p2a: Annihilape|Fairy
|move|p2a: Annihilape|Bulk Up|p2a: Annihilape
|-boost|p2a: Annihilape|atk|1
|-boost|p2a: Annihilape|def|1
|move|p1a: Espathra|Calm Mind|p1a: Espathra
|-boost|p1a: Espathra|spa|1
|-boost|p1a: Espathra|spd|1
|move|p1b: Rillaboom|Wood Hammer|p2b: Murkrow
|-resisted|p2b: Murkrow
|-crit|p2b: Murkrow
|-damage|p2b: Murkrow|0 fnt
|faint|p2b: Murkrow
|-damage|p1b: Rillaboom|29/100|[from] Recoil
|
|-heal|p1b: Rillaboom|34/100|[from] Grassy Terrain
|-sideend|p2: PR1NC3735|move: Tailwind
|-ability|p1a: Espathra|Speed Boost|boost
|-boost|p1a: Espathra|spe|1
|upkeep
|
|t:|1757635487
|switch|p2b: Indeedee|Indeedee-F, L50, F|24/100
|-fieldstart|move: Psychic Terrain|[from] ability: Psychic Surge|[of] p2b: Indeedee
|-enditem|p2a: Annihilape|Psychic Seed
|-boost|p2a: Annihilape|spd|1|[from] item: Psychic Seed
|turn|9
|
|t:|1757635505
|move|p1a: Espathra|Protect|p1a: Espathra
|-singleturn|p1a: Espathra|Protect
|move|p1b: Rillaboom|Wood Hammer|p2b: Indeedee
|-damage|p2b: Indeedee|0 fnt
|faint|p2b: Indeedee
|-damage|p1b: Rillaboom|28/100|[from] Recoil
|move|p2a: Annihilape|Rage Fist|p1a: Espathra
|-activate|p1a: Espathra|move: Protect
|
|-ability|p1a: Espathra|Speed Boost|boost
|-boost|p1a: Espathra|spe|1
|upkeep
|turn|10
|
|t:|1757635526
|move|p1a: Espathra|Stored Power|p2a: Annihilape
|-damage|p2a: Annihilape|63/100
|move|p1b: Rillaboom|Wood Hammer|p2a: Annihilape
|-damage|p2a: Annihilape|35/100
|-damage|p1b: Rillaboom|18/100|[from] Recoil
|move|p2a: Annihilape|Drain Punch|p1b: Rillaboom
|-damage|p1b: Rillaboom|0 fnt
|-heal|p2a: Annihilape|43/100|[from] drain|[of] p1b: Rillaboom
|faint|p1b: Rillaboom
|
|-ability|p1a: Espathra|Speed Boost|boost
|-boost|p1a: Espathra|spe|1
|upkeep
|
|t:|1757635539
|switch|p1b: Kingambit|Kingambit, L50, F, tera:Dark|30/100
|turn|11
|
|t:|1757635555
|move|p1a: Espathra|Protect|p1a: Espathra
|-singleturn|p1a: Espathra|Protect
|move|p1b: Kingambit|Protect|p1b: Kingambit
|-singleturn|p1b: Kingambit|Protect
|move|p2a: Annihilape|Drain Punch|p1b: Kingambit
|-activate|p1b: Kingambit|move: Protect
|
|-ability|p1a: Espathra|Speed Boost|boost
|-boost|p1a: Espathra|spe|1
|upkeep
|turn|12
|
|t:|1757635566
|move|p1a: Espathra|Stored Power|p2a: Annihilape
|-damage|p2a: Annihilape|0 fnt
|faint|p2a: Annihilape
|
|win|Alecat
||PR1NC3735 is ready for game 2.
||Alecat is ready for game 2.
|uhtml|next|Next: Game 2 of 3
