|j|☆theson1909
|j|☆Chelicerate1
|html|theson1909Chelicerate1    
|uhtml|bestof|Game 1 of a best-of-3
|t:|1784527892
|gametype|doubles
|player|p1|theson1909|1|1359
|player|p2|Chelicerate1|ethan|1378
|gen|9
|tier|[Gen 9 Champions] VGC 2026 Reg M-B (Bo3)
|rated|
|rule|Species Clause: Limit one of each Pokémon
|rule|Item Clause: Limit 1 of each item
|clearpoke
|poke|p1|Charizard, L50, M|
|poke|p1|Grimmsnarl, L50, M|
|poke|p1|Pelipper, L50, F|
|poke|p1|Archaludon, L50, M|
|poke|p1|Basculegion, L50, M|
|poke|p1|Venusaur, L50, M|
|poke|p2|Metagross, L50|
|poke|p2|Incineroar, L50, M|
|poke|p2|Sinistcha, L50|
|poke|p2|Tyranitar, L50, F|
|poke|p2|Excadrill, L50, F|
|poke|p2|Dragonite, L50, M|
|teampreview|4
|showteam|p1|Charizard||CharizarditeY|Blaze|HeatWave,WeatherBall,SolarBeam,Protect|Modest||M|||50|]Grimmsnarl||LightClay|Prankster|SpiritBreak,Reflect,LightScreen,PartingShot|Sassy||M|||50|]Pelipper||SitrusBerry|Drizzle|WeatherBall,Hurricane,Tailwind,Protect|Modest||F|||50|]Archaludon||Leftovers|Stamina|FlashCannon,DragonPulse,ElectroShot,Protect|Calm||M|||50|]Basculegion||ChoiceScarf|Adaptability|WaveCrash,AquaJet,LastRespects,FlipTurn|Jolly||M|||50|]Venusaur||FocusSash|Chlorophyll|SludgeBomb,EarthPower,SleepPowder,Protect|Modest||M|||50|
|showteam|p2|Metagross||Metagrossite|ClearBody|PsychicFangs,BodyPress,CosmicPower,Rest|Impish|||||50|]Incineroar||SitrusBerry|Intimidate|FlareBlitz,DarkestLariat,PartingShot,FakeOut|Careful||M|||50|]Sinistcha||KasibBerry|Hospitality|MatchaGotcha,RagePowder,TrickRoom,Protect|Bold|||||50|]Tyranitar||ChoiceScarf|SandStream|RockSlide,KnockOff,IcePunch,LowKick|Jolly||F|||50|]Excadrill||FocusSash|SandRush|Earthquake,IronHead,RockSlide,Protect|Adamant||F|||50|]Dragonite||Dragoninite|Multiscale|DragonPulse,HeatWave,Tailwind,Protect|Modest||M|||50|
|inactive|Battle timer is ON: inactive players will automatically lose when time's up. (requested by Chelicerate1)
|inactive|theson1909 has 60 seconds left.
|
|t:|1784527932
|teamsize|p1|4
|teamsize|p2|4
|start
|switch|p1a: Archaludon|Archaludon, L50, M|100/100
|switch|p1b: Grimmsnarl|Grimmsnarl, L50, M|100/100
|switch|p2a: Metagross|Metagross, L50|100/100
|switch|p2b: Excadrill|Excadrill, L50, F|100/100
|turn|1
|inactive|theson1909 has 30 seconds left.
|inactive|Chelicerate1 has 30 seconds left.
|
|t:|1784527959
|switch|p2b: Sinistcha|Sinistcha, L50|100/100
|move|p1a: Archaludon|Protect|p1a: Archaludon
|-singleturn|p1a: Archaludon|Protect
|move|p1b: Grimmsnarl|Reflect|p1b: Grimmsnarl
|-sidestart|p1: theson1909|Reflect
|move|p2a: Metagross|Cosmic Power|p2a: Metagross
|-boost|p2a: Metagross|def|1
|-boost|p2a: Metagross|spd|1
|
|upkeep
|turn|2
|
|t:|1784527981
|switch|p1b: Pelipper|Pelipper, L50, F|100/100
|-weather|RainDance|[from] ability: Drizzle|[of] p1b: Pelipper
|move|p2b: Sinistcha|Rage Powder|p2b: Sinistcha
|-singleturn|p2b: Sinistcha|move: Rage Powder
|move|p1a: Archaludon|Electro Shot||[still]
|-prepare|p1a: Archaludon|Electro Shot
|-boost|p1a: Archaludon|spa|1
|-anim|p1a: Archaludon|Electro Shot|p2b: Sinistcha
|-resisted|p2b: Sinistcha|1
|-damage|p2b: Sinistcha|73/100
|move|p2a: Metagross|Cosmic Power|p2a: Metagross
|-boost|p2a: Metagross|def|1
|-boost|p2a: Metagross|spd|1
|
|-weather|RainDance|[upkeep]
|upkeep
|turn|3
|
|t:|1784527998
|switch|p2b: Tyranitar|Tyranitar, L50, F|100/100
|-weather|Sandstorm|[from] ability: Sand Stream|[of] p2b: Tyranitar
|detailschange|p2a: Metagross|Metagross-Mega, L50
|-mega|p2a: Metagross|Metagross|Metagrossite
|move|p2a: Metagross|Cosmic Power|p2a: Metagross
|-boost|p2a: Metagross|def|1
|-boost|p2a: Metagross|spd|1
|move|p1a: Archaludon|Electro Shot||[still]
|-prepare|p1a: Archaludon|Electro Shot
|-boost|p1a: Archaludon|spa|1
|move|p1b: Pelipper|Hurricane|p2b: Tyranitar
|-resisted|p2b: Tyranitar|1
|-damage|p2b: Tyranitar|84/100
|
|-weather|Sandstorm|[upkeep]
|-damage|p1b: Pelipper|93/100|[from] Sandstorm
|upkeep
|turn|4
|inactive|Chelicerate1 has 30 seconds left.
|
|t:|1784528030
|move|p2b: Tyranitar|Knock Off|p1b: Pelipper
|-damage|p1b: Pelipper|60/100
|-enditem|p1b: Pelipper|Sitrus Berry|[from] move: Knock Off|[of] p2b: Tyranitar
|move|p2a: Metagross|Cosmic Power|p2a: Metagross
|-boost|p2a: Metagross|def|1
|-boost|p2a: Metagross|spd|1
|move|p1a: Archaludon|Electro Shot|p2a: Metagross|[from] lockedmove
|-damage|p2a: Metagross|80/100
|move|p1b: Pelipper|Tailwind|p1b: Pelipper
|-sidestart|p1: theson1909|move: Tailwind
|
|-weather|Sandstorm|[upkeep]
|-damage|p1b: Pelipper|54/100|[from] Sandstorm
|upkeep
|turn|5
|inactive|Chelicerate1 has 30 seconds left.
|inactive|Chelicerate1 has 20 seconds left.
|inactive|Chelicerate1 has 15 seconds left.
|
|t:|1784528071
|switch|p1b: Grimmsnarl|Grimmsnarl, L50, M|100/100
|switch|p2b: Sinistcha|Sinistcha, L50|73/100
|-heal|p2a: Metagross|100/100|[from] ability: Hospitality|[of] p2b: Sinistcha
|move|p1a: Archaludon|Flash Cannon|p2b: Sinistcha
|-damage|p2b: Sinistcha|10/100
|move|p2a: Metagross|Body Press|p1a: Archaludon
|-supereffective|p1a: Archaludon|1
|-damage|p1a: Archaludon|0 fnt
|faint|p1a: Archaludon
|
|-weather|Sandstorm|[upkeep]
|-damage|p1b: Grimmsnarl|94/100|[from] Sandstorm
|-damage|p2b: Sinistcha|4/100|[from] Sandstorm
|upkeep
|
|t:|1784528081
|switch|p1a: Pelipper|Pelipper, L50, F|54/100
|-weather|RainDance|[from] ability: Drizzle|[of] p1a: Pelipper
|turn|6
|
|t:|1784528097
|switch|p2b: Tyranitar|Tyranitar, L50, F|84/100
|-weather|Sandstorm|[from] ability: Sand Stream|[of] p2b: Tyranitar
|move|p1a: Pelipper|Weather Ball|p2a: Metagross
|-resisted|p2a: Metagross|1
|-damage|p2a: Metagross|96/100
|move|p2a: Metagross|Body Press|p1b: Grimmsnarl
|-damage|p1b: Grimmsnarl|9/100
|move|p1b: Grimmsnarl|Spirit Break|p2b: Tyranitar
|-supereffective|p2b: Tyranitar|1
|-damage|p2b: Tyranitar|26/100
|-unboost|p2b: Tyranitar|spa|1
|
|-weather|Sandstorm|[upkeep]
|-damage|p1a: Pelipper|48/100|[from] Sandstorm
|-damage|p1b: Grimmsnarl|3/100|[from] Sandstorm
|upkeep
|turn|7
|inactive|Chelicerate1 has 30 seconds left.
|inactive|Chelicerate1 has 20 seconds left.
|inactive|Chelicerate1 has 15 seconds left.
|inactive|Chelicerate1 has 10 seconds left.
|
|t:|1784528146
|switch|p2b: Sinistcha|Sinistcha, L50|4/100
|-heal|p2a: Metagross|100/100|[from] ability: Hospitality|[of] p2b: Sinistcha
|move|p1a: Pelipper|Hurricane|p2a: Metagross|[miss]
|-miss|p1a: Pelipper|p2a: Metagross
|move|p1b: Grimmsnarl|Spirit Break|p2b: Sinistcha
|-damage|p2b: Sinistcha|0 fnt
|faint|p2b: Sinistcha
|move|p2a: Metagross|Cosmic Power|p2a: Metagross
|-boost|p2a: Metagross|def|1
|-boost|p2a: Metagross|spd|1
|
|-weather|Sandstorm|[upkeep]
|-damage|p1a: Pelipper|42/100|[from] Sandstorm
|-damage|p1b: Grimmsnarl|0 fnt|[from] Sandstorm
|faint|p1b: Grimmsnarl
|-sideend|p1: theson1909|move: Tailwind
|upkeep
|inactive|Chelicerate1 has 30 seconds left.
|
|t:|1784528174
|switch|p2b: Tyranitar|Tyranitar, L50, F|26/100
|switch|p1b: Basculegion|Basculegion, L50, M|100/100
|turn|8
|
|t:|1784528186
|move|p1b: Basculegion|Last Respects|p2b: Tyranitar
|-resisted|p2b: Tyranitar|1
|-damage|p2b: Tyranitar|0 fnt
|faint|p2b: Tyranitar
|move|p2a: Metagross|Body Press|p1a: Pelipper
|-resisted|p1a: Pelipper|1
|-damage|p1a: Pelipper|0 fnt
|faint|p1a: Pelipper
|
|-weather|Sandstorm|[upkeep]
|-damage|p1b: Basculegion|93/100|[from] Sandstorm
|-sideend|p1: theson1909|Reflect
|upkeep
|
|t:|1784528196
|switch|p2b: Excadrill|Excadrill, L50, F|100/100
|turn|9
|
|t:|1784528209
|move|p2b: Excadrill|Rock Slide|p1b: Basculegion
|-damage|p1b: Basculegion|53/100
|move|p1b: Basculegion|Last Respects|p2a: Metagross
|-supereffective|p2a: Metagross|1
|-damage|p2a: Metagross|59/100
|move|p2a: Metagross|Psychic Fangs|p1b: Basculegion
|-damage|p1b: Basculegion|0 fnt
|faint|p1b: Basculegion
|
|win|Chelicerate1
||theson1909 is ready for game 2.
|inactive|Chelicerate1 has 30 seconds to confirm battle start!
