|j|☆baarboo
|j|☆helio list
|html|baarboohelio list    
|uhtml|bestof|Game 1 of a best-of-3
|t:|1783350725
|gametype|doubles
|player|p1|baarboo|170|1355
|player|p2|helio list|169|1380
|gen|9
|tier|[Gen 9 Champions] VGC 2026 Reg M-B (Bo3)
|rated|
|rule|Species Clause: Limit one of each Pokémon
|rule|Item Clause: Limit 1 of each item
|clearpoke
|poke|p1|Charizard, L50, M|
|poke|p1|Kingambit, L50, M|
|poke|p1|Sylveon, L50, M|
|poke|p1|Farigiraf, L50, F|
|poke|p1|Garchomp, L50, M|
|poke|p1|Aerodactyl, L50, F|
|poke|p2|Garchomp, L50, M|
|poke|p2|Talonflame, L50, M|
|poke|p2|Floette-Eternal, L50, F|
|poke|p2|Basculegion, L50, M|
|poke|p2|Vivillon-Pokeball, L50, M|
|poke|p2|Kingambit, L50, F|
|teampreview|4
|showteam|p1|Charizard||CharizarditeY|SolarPower|SolarBeam,WeatherBall,Protect,HeatWave|Modest||M|||50|]Kingambit||FocusSash|Defiant|KowtowCleave,SuckerPunch,LowKick,IronHead|Adamant||M|||50|]Sylveon||FairyFeather|Pixilate|Detect,HyperBeam,HyperVoice,QuickAttack|Modest||M|||50|]Farigiraf||SitrusBerry|ArmorTail|TrickRoom,TwinBeam,GrassKnot,Thunderbolt|Bold||F|||50|]Garchomp||LifeOrb|RoughSkin|Protect,Earthquake,DragonClaw,StompingTantrum|Jolly||M|||50|]Aerodactyl||Aerodactylite|Unnerve|RockSlide,IceFang,Tailwind,DualWingbeat|Jolly||F|||50|
|showteam|p2|Garchomp||LifeOrb|RoughSkin|Earthquake,RockSlide,DragonClaw,Protect|Jolly||M|||50|]Talonflame||SharpBeak|GaleWings|DualWingbeat,FlareBlitz,Tailwind,Protect|Jolly||M|||50|]Floette-Eternal||Floettite|FlowerVeil|CalmMind,Protect,LightofRuin,DazzlingGleam|Modest||F|||50|]Basculegion||FocusSash|Adaptability|Liquidation,LastRespects,AquaJet,Protect|Adamant||M|||50|]Vivillon-Pokeball||ChoiceScarf|CompoundEyes|SleepPowder,PollenPuff,RagePowder,Hurricane|Timid||M|||50|]Kingambit||OccaBerry|Defiant|SuckerPunch,KowtowCleave,IronHead,Protect|Adamant||F|||50|
|inactive|Battle timer is ON: inactive players will automatically lose when time's up. (requested by helio list)
|inactive|helio list has 60 seconds left.
|
|t:|1783350763
|teamsize|p1|4
|teamsize|p2|4
|start
|switch|p1a: Aerodactyl|Aerodactyl, L50, F|100/100
|switch|p1b: Charizard|Charizard, L50, M|100/100
|switch|p2a: Vivillon|Vivillon-Pokeball, L50, M|100/100
|switch|p2b: Garchomp|Garchomp, L50, M|100/100
|-ability|p1a: Aerodactyl|Unnerve
|turn|1
|
|t:|1783350774
|detailschange|p1b: Charizard|Charizard-Mega-Y, L50, M
|-mega|p1b: Charizard|Charizard|Charizardite Y
|-weather|SunnyDay|[from] ability: Drought|[of] p1b: Charizard
|move|p2a: Vivillon|Sleep Powder|p1a: Aerodactyl
|-status|p1a: Aerodactyl|slp|[from] move: Sleep Powder
|cant|p1a: Aerodactyl|slp
|move|p2b: Garchomp|Rock Slide|p1b: Charizard|[spread] p1a,p1b
|-supereffective|p1a: Aerodactyl|1
|-supereffective|p1b: Charizard|2
|-damage|p1a: Aerodactyl|28/100 slp
|-damage|p1b: Charizard|0 fnt
|faint|p1b: Charizard
|-damage|p2b: Garchomp|90/100|[from] item: Life Orb
|
|-weather|SunnyDay|[upkeep]
|upkeep
|
|t:|1783350785
|switch|p1b: Kingambit|Kingambit, L50, M|100/100
|turn|2
|
|t:|1783350797
|move|p2a: Vivillon|Sleep Powder|p1b: Kingambit
|-status|p1b: Kingambit|slp|[from] move: Sleep Powder
|-curestatus|p1a: Aerodactyl|slp|[msg]
|move|p1a: Aerodactyl|Rock Slide|p2a: Vivillon|[spread] p2a
|-miss|p1a: Aerodactyl|p2b: Garchomp
|-supereffective|p2a: Vivillon|2
|-damage|p2a: Vivillon|0 fnt
|faint|p2a: Vivillon
|move|p2b: Garchomp|Rock Slide|p1a: Aerodactyl|[spread] p1b
|-miss|p2b: Garchomp|p1a: Aerodactyl
|-resisted|p1b: Kingambit|1
|-damage|p1b: Kingambit|89/100 slp
|-damage|p2b: Garchomp|80/100|[from] item: Life Orb
|cant|p1b: Kingambit|slp
|
|-weather|SunnyDay|[upkeep]
|upkeep
|
|t:|1783350811
|switch|p2a: Floette|Floette-Eternal, L50, F|100/100
|turn|3
|
|t:|1783350819
|detailschange|p2a: Floette|Floette-Mega, L50, F
|-mega|p2a: Floette|Floette|Floettite
|-ability|p2a: Floette|Fairy Aura
|move|p2b: Garchomp|Protect|p2b: Garchomp
|-singleturn|p2b: Garchomp|Protect
|move|p1a: Aerodactyl|Tailwind|p1a: Aerodactyl
|-sidestart|p1: baarboo|move: Tailwind
|-curestatus|p1b: Kingambit|slp|[msg]
|move|p1b: Kingambit|Iron Head|p2a: Floette
|-supereffective|p2a: Floette|1
|-damage|p2a: Floette|0 fnt
|faint|p2a: Floette
|
|-weather|SunnyDay|[upkeep]
|upkeep
|
|t:|1783350828
|switch|p2a: Kingambit|Kingambit, L50, F|100/100
|turn|4
|
|t:|1783350833
|move|p2a: Kingambit|Protect|p2a: Kingambit
|-singleturn|p2a: Kingambit|Protect
|move|p1a: Aerodactyl|Ice Fang|p2b: Garchomp
|-supereffective|p2b: Garchomp|2
|-damage|p2b: Garchomp|13/100
|-damage|p1a: Aerodactyl|15/100|[from] ability: Rough Skin|[of] p2b: Garchomp
|move|p1b: Kingambit|Low Kick|p2a: Kingambit
|-activate|p2a: Kingambit|move: Protect
|move|p2b: Garchomp|Earthquake|p1a: Aerodactyl|[spread] p1b
|-activate|p2a: Kingambit|move: Protect
|-immune|p1a: Aerodactyl
|-supereffective|p1b: Kingambit|1
|-damage|p1b: Kingambit|7/100
|-damage|p2b: Garchomp|3/100|[from] item: Life Orb
|
|-weather|SunnyDay|[upkeep]
|upkeep
|turn|5
|
|t:|1783350844
|move|p1b: Kingambit|Sucker Punch|p2a: Kingambit
|-resisted|p2a: Kingambit|1
|-damage|p2a: Kingambit|85/100
|move|p2a: Kingambit|Sucker Punch|p1a: Aerodactyl
|-damage|p1a: Aerodactyl|0 fnt
|faint|p1a: Aerodactyl
|move|p2b: Garchomp|Rock Slide|p1b: Kingambit
|-resisted|p1b: Kingambit|1
|-damage|p1b: Kingambit|0 fnt
|faint|p1b: Kingambit
|-damage|p2b: Garchomp|0 fnt|[from] item: Life Orb
|faint|p2b: Garchomp
|
|-weather|none
|upkeep
|
|t:|1783350847
|switch|p1b: Sylveon|Sylveon, L50, M|100/100
|turn|6
|
|t:|1783350852
|move|p1b: Sylveon|Hyper Beam|p2a: Kingambit
|-damage|p2a: Kingambit|0 fnt
|-mustrecharge|p1b: Sylveon
|faint|p2a: Kingambit
|
|win|baarboo
||baarboo is ready for game 2.
|l|☆helio list
|player|p2|
||helio list is ready for game 2.
|uhtml|next|Next: Game 2 of 3
|l|☆baarboo
|player|p1|
|j|☆baarboo
|player|p1|baarboo|170|
