|j|☆Charizard0420
|j|☆spicy mcchikin
|html|Charizard0420spicy mcchikin    
|uhtml|bestof|Game 2 of a best-of-3
|t:|1784766532
|gametype|doubles
|player|p1|Charizard0420|pokemaniac|1136
|player|p2|spicy mcchikin|palmer|1132
|gen|9
|tier|[Gen 9 Champions] VGC 2026 Reg M-B (Bo3)
|rated|
|rule|Species Clause: Limit one of each Pokémon
|rule|Item Clause: Limit 1 of each item
|clearpoke
|poke|p1|Whimsicott, L50, M, shiny|
|poke|p1|Staraptor, L50, M, shiny|
|poke|p1|Garchomp, L50, F|
|poke|p1|Kingambit, L50, M, shiny|
|poke|p1|Ceruledge, L50, M, shiny|
|poke|p1|Gholdengo, L50, shiny|
|poke|p2|Charizard, L50, F|
|poke|p2|Garchomp, L50, M|
|poke|p2|Incineroar, L50, M|
|poke|p2|Venusaur, L50, F|
|poke|p2|Toxapex, L50, F|
|poke|p2|Sylveon, L50, F|
|teampreview|4
|showteam|p1|Whimsicott||FocusSash|Prankster|Protect,Charm,Tailwind,Moonblast|Timid||M|||50|]Staraptor||Staraptite|Intimidate|Protect,CloseCombat,BraveBird,Roost|Jolly||M|||50|]Garchomp||LifeOrb|RoughSkin|Protect,Earthquake,RockSlide,DragonClaw|Jolly||F|||50|]Kingambit||ChopleBerry|Defiant|SuckerPunch,KowtowCleave,LowKick,IronHead|Adamant||M|||50|]Ceruledge||ColburBerry|FlashFire|Protect,BitterBlade,ShadowSneak,BulkUp|Adamant||M|||50|]Gholdengo||SpellTag|GoodasGold|Protect,MakeItRain,ShadowBall,NastyPlot|Modest|||||50|
|showteam|p2|Charizard||CharizarditeY|SolarPower|WeatherBall,HeatWave,AncientPower,Protect|Modest||F|||50|]Garchomp||ChoiceScarf|RoughSkin|RockSlide,DragonClaw,Earthquake,StompingTantrum|Adamant||M|||50|]Incineroar||SitrusBerry|Intimidate|FlareBlitz,FakeOut,ThroatChop,PartingShot|Impish||M|||50|]Venusaur||LifeOrb|Chlorophyll|SludgeBomb,LeafStorm,EarthPower,Protect|Modest||F|||50|]Toxapex||Leftovers|Regenerator|Infestation,Toxic,WideGuard,BanefulBunker|Bold||F|||50|]Sylveon||FairyFeather|Pixilate|HyperVoice,QuickAttack,Yawn,Detect|Modest||F|||50|
|inactive|Battle timer is ON: inactive players will automatically lose when time's up. (requested by spicy mcchikin)
|inactive|spicy mcchikin has 60 seconds left.
|inactive|spicy mcchikin has 30 seconds left.
|inactive|spicy mcchikin has 20 seconds left.
|inactive|spicy mcchikin has 15 seconds left.
|
|t:|1784766609
|teamsize|p1|4
|teamsize|p2|4
|start
|switch|p1a: Whimsicott|Whimsicott, L50, M, shiny|100/100
|switch|p1b: Staraptor|Staraptor, L50, M, shiny|100/100
|switch|p2a: Charizard|Charizard, L50, F|100/100
|switch|p2b: Incineroar|Incineroar, L50, M|100/100
|-ability|p1b: Staraptor|Intimidate|boost
|-unboost|p2a: Charizard|atk|1
|-unboost|p2b: Incineroar|atk|1
|-ability|p2b: Incineroar|Intimidate|boost
|-unboost|p1a: Whimsicott|atk|1
|-unboost|p1b: Staraptor|atk|1
|turn|1
|inactive|Charizard0420 has 30 seconds left.
|inactive|spicy mcchikin has 30 seconds left.
|inactive|Charizard0420 has 20 seconds left.
|inactive|spicy mcchikin has 20 seconds left.
|
|t:|1784766647
|switch|p2b: Toxapex|Toxapex, L50, F|100/100
|detailschange|p1b: Staraptor|Staraptor-Mega, L50, M, shiny
|-mega|p1b: Staraptor|Staraptor|Staraptite
|detailschange|p2a: Charizard|Charizard-Mega-Y, L50, F
|-mega|p2a: Charizard|Charizard|Charizardite Y
|-weather|SunnyDay|[from] ability: Drought|[of] p2a: Charizard
|move|p1a: Whimsicott|Protect|p1a: Whimsicott
|-singleturn|p1a: Whimsicott|Protect
|move|p1b: Staraptor|Close Combat|p2b: Toxapex
|-resisted|p2b: Toxapex|1
|-damage|p2b: Toxapex|87/100
|-boost|p1b: Staraptor|def|1
|-boost|p1b: Staraptor|spd|1
|move|p2a: Charizard|Heat Wave|p1a: Whimsicott|[spread] p1b
|-activate|p1a: Whimsicott|move: Protect
|-damage|p1b: Staraptor|59/100
|
|-weather|SunnyDay|[upkeep]
|-heal|p2b: Toxapex|93/100|[from] item: Leftovers
|upkeep
|turn|2
|inactive|Charizard0420 has 30 seconds left.
|
|t:|1784766672
|move|p1a: Whimsicott|Charm|p1b: Staraptor
|-boost|p1b: Staraptor|atk|2
|move|p1b: Staraptor|Brave Bird|p2a: Charizard
|-crit|p2a: Charizard
|-damage|p2a: Charizard|0 fnt
|faint|p2a: Charizard
|-damage|p1b: Staraptor|28/100|[from] Recoil
|move|p2b: Toxapex|Toxic|p1b: Staraptor
|-status|p1b: Staraptor|tox
|
|-weather|SunnyDay|[upkeep]
|-heal|p2b: Toxapex|99/100|[from] item: Leftovers
|-damage|p1b: Staraptor|21/100 tox|[from] psn
|upkeep
|
|t:|1784766691
|switch|p2a: Sylveon|Sylveon, L50, F|100/100
|turn|3
|
|t:|1784766711
|move|p2a: Sylveon|Detect|p2a: Sylveon
|-singleturn|p2a: Sylveon|Protect
|move|p1a: Whimsicott|Charm|p1b: Staraptor
|-boost|p1b: Staraptor|atk|2
|move|p1b: Staraptor|Brave Bird|p2b: Toxapex
|-damage|p2b: Toxapex|1/100
|-damage|p1b: Staraptor|0 fnt|[from] Recoil
|faint|p1b: Staraptor
|move|p2b: Toxapex|Infestation|p1a: Whimsicott
|-damage|p1a: Whimsicott|95/100
|-activate|p1a: Whimsicott|move: Infestation|[of] p2b: Toxapex
|
|-weather|SunnyDay|[upkeep]
|-heal|p2b: Toxapex|7/100|[from] item: Leftovers
|-damage|p1a: Whimsicott|83/100|[from] move: Infestation|[partiallytrapped]
|upkeep
|
|t:|1784766725
|switch|p1b: Gholdengo|Gholdengo, L50, shiny|100/100
|turn|4
|inactive|spicy mcchikin has 30 seconds left.
|
|t:|1784766752
|switch|p2a: Incineroar|Incineroar, L50, M|100/100
|-ability|p2a: Incineroar|Intimidate|boost
|-unboost|p1a: Whimsicott|atk|1
|-unboost|p1b: Gholdengo|atk|1
|move|p1a: Whimsicott|Moonblast|p2b: Toxapex
|-resisted|p2b: Toxapex|1
|-damage|p2b: Toxapex|0 fnt
|faint|p2b: Toxapex
|move|p1b: Gholdengo|Nasty Plot|p1b: Gholdengo
|-boost|p1b: Gholdengo|spa|2
|
|-weather|SunnyDay|[upkeep]
|-end|p1a: Whimsicott|Infestation|[partiallytrapped]|[silent]
|upkeep
|
|t:|1784766762
|switch|p2b: Sylveon|Sylveon, L50, F|100/100
|turn|5
|
|t:|1784766775
|move|p1b: Gholdengo|Protect|p1b: Gholdengo
|-singleturn|p1b: Gholdengo|Protect
|move|p1a: Whimsicott|Tailwind|p1a: Whimsicott
|-sidestart|p1: Charizard0420|move: Tailwind
|move|p2a: Incineroar|Flare Blitz|p1b: Gholdengo
|-activate|p1b: Gholdengo|move: Protect
|move|p2b: Sylveon|Hyper Voice|p1a: Whimsicott|[spread] p1a
|-activate|p1b: Gholdengo|move: Protect
|-damage|p1a: Whimsicott|8/100
|
|-weather|none
|upkeep
|turn|6
|inactive|Charizard0420 has 30 seconds left.
|inactive|spicy mcchikin has 30 seconds left.
|
|t:|1784766811
|move|p2b: Sylveon|Detect|p2b: Sylveon
|-singleturn|p2b: Sylveon|Protect
|move|p1a: Whimsicott|Moonblast|p2a: Incineroar
|-damage|p2a: Incineroar|70/100
|move|p1b: Gholdengo|Make It Rain|p2a: Incineroar|[spread] p2a
|-activate|p2b: Sylveon|move: Protect
|-resisted|p2a: Incineroar|1
|-crit|p2a: Incineroar
|-damage|p2a: Incineroar|0 fnt
|-unboost|p1b: Gholdengo|spa|2
|faint|p2a: Incineroar
|
|upkeep
|turn|7
|-message|spicy mcchikin forfeited.
|
|win|Charizard0420
||Charizard0420 is ready for game 3.
||spicy mcchikin is ready for game 3.
|uhtml|next|Next: Game 3 of 3
