|j|☆Djuseppe
|j|☆playrornds
|html|Djuseppeplayrornds    
|uhtml|bestof|Game 2 of a best-of-3
|t:|1757198965
|gametype|doubles
|player|p1|Djuseppe|zinzolin|1147
|player|p2|playrornds|giovanni-gen1rb|1080
|gen|9
|tier|[Gen 9] VGC 2025 Reg H (Bo3)
|rated|
|rule|Species Clause: Limit one of each Pokémon
|rule|Item Clause: Limit 1 of each item
|clearpoke
|poke|p1|Gholdengo, L50|
|poke|p1|Ninetales-Alola, L50, F|
|poke|p1|Incineroar, L50, F|
|poke|p1|Rillaboom, L50, M|
|poke|p1|Ursaluna-Bloodmoon, L50, M|
|poke|p1|Whimsicott, L50, F|
|poke|p2|Ursaluna, L50, M|
|poke|p2|Porygon2, L50|
|poke|p2|Gholdengo, L50|
|poke|p2|Kilowattrel, L50, F|
|poke|p2|Amoonguss, L50, F|
|poke|p2|Incineroar, L50, F|
|teampreview|4
|showteam|p1|Gholdengo||GrassySeed|GoodasGold|MakeItRain,ShadowBall,NastyPlot,Protect||||||50|,,,,,Water]Ninetales-Alola||LightClay|SnowWarning|AuroraVeil,FreezeDry,IcyWind,Disable|||F|||50|,,,,,Fire]Incineroar||AssaultVest|Intimidate|FakeOut,Uturn,KnockOff,Snarl|||F|||50|,,,,,Bug]Rillaboom||MiracleSeed|GrassySurge|WoodHammer,GrassyGlide,Uturn,FakeOut|||M|||50|,,,,,Fire]Ursaluna-Bloodmoon||LifeOrb|MindsEye|BloodMoon,HyperVoice,EarthPower,Protect|||M|||50|,,,,,Normal]Whimsicott||CovertCloak|Prankster|Moonblast,Tailwind,FakeTears,Encore|||F|||50|,,,,,Water
|showteam|p2|Ursaluna||FlameOrb|Guts|Facade,HeadlongRush,Earthquake,Protect|||M|||50|,,,,,Ghost]Porygon2||Eviolite|Download|TeraBlast,IceBeam,Recover,TrickRoom||||||50|,,,,,Fighting]Gholdengo||MetalCoat|GoodasGold|MakeItRain,ShadowBall,NastyPlot,Protect||||||50|,,,,,Flying]Kilowattrel||FocusSash|Competitive|Thunderbolt,AirSlash,Tailwind,Protect|||F|||50|,,,,,Ghost]Amoonguss||SitrusBerry|Regenerator|PollenPuff,Spore,RagePowder,Protect|||F|||50|,,,,,Water]Incineroar||SafetyGoggles|Intimidate|FakeOut,FlareBlitz,KnockOff,PartingShot|||F|||50|,,,,,Ghost
|inactive|Battle timer is ON: inactive players will automatically lose when time's up. (requested by playrornds)
|inactive|playrornds has 60 seconds left.
|
|t:|1757198999
|teamsize|p1|4
|teamsize|p2|4
|start
|switch|p1a: Ursaluna|Ursaluna-Bloodmoon, L50, M|100/100
|switch|p1b: Ninetales|Ninetales-Alola, L50, F|100/100
|switch|p2a: Incineroar|Incineroar, L50, F|100/100
|switch|p2b: Porygon2|Porygon2, L50|100/100
|-weather|Snowscape|[from] ability: Snow Warning|[of] p1b: Ninetales
|-ability|p2a: Incineroar|Intimidate|boost
|-unboost|p1a: Ursaluna|atk|1
|-unboost|p1b: Ninetales|atk|1
|-ability|p2b: Porygon2|Download|boost
|-boost|p2b: Porygon2|spa|1
|turn|1
|inactive|playrornds has 30 seconds left.
|
|t:|1757199035
|move|p1b: Ninetales|Aurora Veil|p1b: Ninetales
|-sidestart|p1: Djuseppe|move: Aurora Veil
|move|p2a: Incineroar|Knock Off|p1a: Ursaluna
|-damage|p1a: Ursaluna|77/100
|-enditem|p1a: Ursaluna|Life Orb|[from] move: Knock Off|[of] p2a: Incineroar
|move|p1a: Ursaluna|Hyper Voice|p2a: Incineroar|[spread] p2a,p2b
|-damage|p2a: Incineroar|61/100
|-damage|p2b: Porygon2|75/100
|move|p2b: Porygon2|Trick Room|p2b: Porygon2
|-fieldstart|move: Trick Room|[of] p2b: Porygon2
|
|-weather|Snowscape|[upkeep]
|upkeep
|turn|2
|inactive|Djuseppe has 30 seconds left.
|inactive|playrornds has 30 seconds left.
|inactive|Djuseppe has 20 seconds left.
|inactive|playrornds has 20 seconds left.
|inactive|Djuseppe has 15 seconds left.
|inactive|playrornds has 15 seconds left.
|inactive|Djuseppe has 10 seconds left.
|inactive|playrornds has 10 seconds left.
|inactive|Djuseppe has 5 seconds left.
|inactive|playrornds has 5 seconds left.
|
|t:|1757199087
|move|p1a: Ursaluna|Protect|p1a: Ursaluna
|-singleturn|p1a: Ursaluna|Protect
|move|p2b: Porygon2|Ice Beam|p1a: Ursaluna
|-activate|p1a: Ursaluna|move: Protect
|move|p2a: Incineroar|Parting Shot|p1b: Ninetales
|-unboost|p1b: Ninetales|atk|1
|-unboost|p1b: Ninetales|spa|1
|
|t:|1757199090
|switch|p2a: Ursaluna|Ursaluna, L50, M, shiny|100/100|[from] Parting Shot
|move|p1b: Ninetales|Disable|p2b: Porygon2
|-start|p2b: Porygon2|Disable|Ice Beam
|
|-weather|Snowscape|[upkeep]
|-status|p2a: Ursaluna|brn|[from] item: Flame Orb
|upkeep
|turn|3
|inactive|Djuseppe has 30 seconds left.
|inactive|Djuseppe has 20 seconds left.
|inactive|Djuseppe has 15 seconds left.
|
|t:|1757199131
|switch|p1a: Gholdengo|Gholdengo, L50|100/100
|switch|p1b: Rillaboom|Rillaboom, L50, M|100/100
|-fieldstart|move: Grassy Terrain|[from] ability: Grassy Surge|[of] p1b: Rillaboom
|-enditem|p1a: Gholdengo|Grassy Seed
|-boost|p1a: Gholdengo|def|1|[from] item: Grassy Seed
|-terastallize|p2b: Porygon2|Fighting
|move|p2b: Porygon2|Tera Blast|p1a: Gholdengo|[anim] Tera Blast Fighting
|-immune|p1a: Gholdengo
|move|p2a: Ursaluna|Facade|p1b: Rillaboom
|-damage|p1b: Rillaboom|12/100
|
|-weather|Snowscape|[upkeep]
|-heal|p2b: Porygon2|81/100|[from] Grassy Terrain
|-heal|p1b: Rillaboom|18/100|[from] Grassy Terrain
|-damage|p2a: Ursaluna|94/100 brn|[from] brn
|upkeep
|turn|4
|inactive|Djuseppe has 30 seconds left.
|inactive|playrornds has 30 seconds left.
|inactive|Djuseppe has 20 seconds left.
|inactive|playrornds has 20 seconds left.
|inactive|Djuseppe has 15 seconds left.
|inactive|playrornds has 15 seconds left.
|inactive|Djuseppe has 10 seconds left.
|inactive|playrornds has 10 seconds left.
|inactive|Djuseppe has 5 seconds left.
|inactive|playrornds has 5 seconds left.
|
|t:|1757199186
|switch|p1b: Ninetales|Ninetales-Alola, L50, F|100/100
|move|p2b: Porygon2|Tera Blast|p1b: Ninetales|[anim] Tera Blast Fighting
|-damage|p1b: Ninetales|63/100
|move|p2a: Ursaluna|Facade|p1a: Gholdengo
|-immune|p1a: Gholdengo
|move|p1a: Gholdengo|Nasty Plot|p1a: Gholdengo
|-boost|p1a: Gholdengo|spa|2
|
|-weather|Snowscape|[upkeep]
|-heal|p2b: Porygon2|87/100|[from] Grassy Terrain
|-heal|p2a: Ursaluna|100/100 brn|[from] Grassy Terrain
|-heal|p1b: Ninetales|69/100|[from] Grassy Terrain
|-damage|p2a: Ursaluna|94/100 brn|[from] brn
|upkeep
|turn|5
|inactive|Djuseppe has 30 seconds left.
|inactive|playrornds has 30 seconds left.
|
|t:|1757199219
|move|p1a: Gholdengo|Protect|p1a: Gholdengo
|-singleturn|p1a: Gholdengo|Protect
|move|p2b: Porygon2|Tera Blast|p1b: Ninetales|[anim] Tera Blast Fighting
|-damage|p1b: Ninetales|30/100
|move|p2a: Ursaluna|Headlong Rush|p1a: Gholdengo
|-activate|p1a: Gholdengo|move: Protect
|move|p1b: Ninetales|Freeze-Dry|p2a: Ursaluna
|-supereffective|p2a: Ursaluna
|-damage|p2a: Ursaluna|54/100 brn
|
|-weather|none
|-heal|p2b: Porygon2|94/100|[from] Grassy Terrain
|-heal|p2a: Ursaluna|60/100 brn|[from] Grassy Terrain
|-heal|p1b: Ninetales|36/100|[from] Grassy Terrain
|-damage|p2a: Ursaluna|54/100 brn|[from] brn
|-fieldend|move: Trick Room
|upkeep
|turn|6
|inactive|playrornds has 30 seconds left.
|
|t:|1757199247
|move|p2a: Ursaluna|Protect|p2a: Ursaluna
|-singleturn|p2a: Ursaluna|Protect
|move|p1b: Ninetales|Disable|p2a: Ursaluna
|-activate|p2a: Ursaluna|move: Protect
|move|p1a: Gholdengo|Make It Rain|p2b: Porygon2|[spread] p2b
|-activate|p2a: Ursaluna|move: Protect
|-damage|p2b: Porygon2|37/100
|-unboost|p1a: Gholdengo|spa|1
|move|p2b: Porygon2|Trick Room|p2b: Porygon2
|-fieldstart|move: Trick Room|[of] p2b: Porygon2
|
|-heal|p2b: Porygon2|44/100|[from] Grassy Terrain
|-heal|p2a: Ursaluna|60/100 brn|[from] Grassy Terrain
|-heal|p1b: Ninetales|42/100|[from] Grassy Terrain
|-damage|p2a: Ursaluna|54/100 brn|[from] brn
|-end|p2b: Porygon2|Disable
|upkeep
|turn|7
|inactive|Djuseppe has 30 seconds left.
|inactive|playrornds has 30 seconds left.
|inactive|Djuseppe has 20 seconds left.
|inactive|Djuseppe has 15 seconds left.
|inactive|Djuseppe has 10 seconds left.
|
|t:|1757199298
|move|p2b: Porygon2|Recover|p2b: Porygon2
|-heal|p2b: Porygon2|94/100
|move|p2a: Ursaluna|Earthquake|p1b: Ninetales|[spread] p2b,p1a,p1b
|-crit|p2b: Porygon2
|-supereffective|p1a: Gholdengo
|-crit|p1b: Ninetales
|-damage|p2b: Porygon2|61/100
|-damage|p1a: Gholdengo|71/100
|-damage|p1b: Ninetales|0 fnt
|faint|p1b: Ninetales
|move|p1a: Gholdengo|Make It Rain|p2a: Ursaluna|[spread] p2a,p2b
|-damage|p2a: Ursaluna|0 fnt
|-damage|p2b: Porygon2|20/100
|-unboost|p1a: Gholdengo|spa|1
|faint|p2a: Ursaluna
|
|-heal|p2b: Porygon2|27/100|[from] Grassy Terrain
|-heal|p1a: Gholdengo|77/100|[from] Grassy Terrain
|-fieldend|move: Grassy Terrain
|upkeep
|
|t:|1757199317
|switch|p2a: Incineroar|Incineroar, L50, F|61/100
|switch|p1b: Ursaluna|Ursaluna-Bloodmoon, L50, M|77/100
|-ability|p2a: Incineroar|Intimidate|boost
|-unboost|p1a: Gholdengo|atk|1
|-unboost|p1b: Ursaluna|atk|1
|turn|8
|
|t:|1757199338
|switch|p1b: Rillaboom|Rillaboom, L50, M|18/100
|-fieldstart|move: Grassy Terrain|[from] ability: Grassy Surge|[of] p1b: Rillaboom
|-terastallize|p1a: Gholdengo|Water
|move|p2b: Porygon2|Tera Blast|p1b: Rillaboom|[anim] Tera Blast Fighting
|-damage|p1b: Rillaboom|0 fnt
|faint|p1b: Rillaboom
|move|p2a: Incineroar|Flare Blitz|p1a: Gholdengo
|-resisted|p1a: Gholdengo
|-damage|p1a: Gholdengo|66/100
|-damage|p2a: Incineroar|58/100|[from] Recoil
|move|p1a: Gholdengo|Nasty Plot|p1a: Gholdengo
|-boost|p1a: Gholdengo|spa|2
|
|-heal|p2b: Porygon2|33/100|[from] Grassy Terrain
|-heal|p2a: Incineroar|64/100|[from] Grassy Terrain
|-heal|p1a: Gholdengo|73/100|[from] Grassy Terrain
|-sideend|p1: Djuseppe|move: Aurora Veil
|upkeep
|
|t:|1757199358
|switch|p1b: Ursaluna|Ursaluna-Bloodmoon, L50, M|77/100
|turn|9
|inactive|playrornds has 30 seconds left.
|inactive|Djuseppe has 30 seconds left.
|
|t:|1757199396
|move|p1b: Ursaluna|Protect|p1b: Ursaluna
|-singleturn|p1b: Ursaluna|Protect
|move|p2b: Porygon2|Tera Blast|p1b: Ursaluna|[anim] Tera Blast Fighting
|-activate|p1b: Ursaluna|move: Protect
|move|p2a: Incineroar|Knock Off|p1a: Gholdengo
|-damage|p1a: Gholdengo|54/100
|move|p1a: Gholdengo|Make It Rain|p2b: Porygon2|[spread] p2a,p2b
|-resisted|p2a: Incineroar
|-damage|p2a: Incineroar|21/100
|-damage|p2b: Porygon2|0 fnt
|-unboost|p1a: Gholdengo|spa|1
|faint|p2b: Porygon2
|
|-heal|p1b: Ursaluna|83/100|[from] Grassy Terrain
|-heal|p2a: Incineroar|27/100|[from] Grassy Terrain
|-heal|p1a: Gholdengo|60/100|[from] Grassy Terrain
|upkeep
|
|t:|1757199398
|switch|p2b: Amoonguss|Amoonguss, L50, F|100/100
|turn|10
|inactive|Djuseppe has 30 seconds left.
|inactive|playrornds has 30 seconds left.
|
|t:|1757199427
|move|p2b: Amoonguss|Pollen Puff|p2a: Incineroar
|-heal|p2a: Incineroar|77/100
|move|p1b: Ursaluna|Blood Moon|p2b: Amoonguss
|-damage|p2b: Amoonguss|32/100
|-enditem|p2b: Amoonguss|Sitrus Berry|[eat]
|-heal|p2b: Amoonguss|57/100|[from] item: Sitrus Berry
|move|p2a: Incineroar|Flare Blitz|p1b: Ursaluna
|-damage|p1b: Ursaluna|42/100
|-damage|p2a: Incineroar|64/100|[from] Recoil
|move|p1a: Gholdengo|Nasty Plot|p1a: Gholdengo
|-boost|p1a: Gholdengo|spa|2
|
|-heal|p2b: Amoonguss|63/100|[from] Grassy Terrain
|-heal|p1b: Ursaluna|48/100|[from] Grassy Terrain
|-heal|p2a: Incineroar|70/100|[from] Grassy Terrain
|-heal|p1a: Gholdengo|66/100|[from] Grassy Terrain
|-fieldend|move: Trick Room
|upkeep
|turn|11
|
|t:|1757199450
|move|p1a: Gholdengo|Shadow Ball|p2b: Amoonguss
|-crit|p2b: Amoonguss
|-damage|p2b: Amoonguss|0 fnt
|faint|p2b: Amoonguss
|move|p2a: Incineroar|Flare Blitz|p1b: Ursaluna
|-damage|p1b: Ursaluna|6/100
|-damage|p2a: Incineroar|57/100|[from] Recoil
|move|p1b: Ursaluna|Earth Power|p2a: Incineroar
|-supereffective|p2a: Incineroar
|-damage|p2a: Incineroar|0 fnt
|faint|p2a: Incineroar
|
|win|Djuseppe
|inactive|Djuseppe has 30 seconds to confirm battle start!
|inactive|playrornds has 30 seconds to confirm battle start!
||Djuseppe is ready for game 3.
||playrornds is ready for game 3.
|uhtml|next|Next: Game 3 of 3
|l|☆playrornds
|player|p2|
