|j|☆rokesaurio
|j|☆zombie wan kenobi
|html|rokesauriozombie wan kenobi    
|uhtml|bestof|Game 2 of a best-of-3
|t:|1782568348
|gametype|doubles
|player|p1|rokesaurio|170|1065
|player|p2|zombie wan kenobi|102|1000
|gen|9
|tier|[Gen 9 Champions] VGC 2026 Reg M-B (Bo3)
|rated|
|rule|Species Clause: Limit one of each Pokémon
|rule|Item Clause: Limit 1 of each item
|clearpoke
|poke|p1|Incineroar, L50, M|
|poke|p1|Pyroar, L50, F|
|poke|p1|Mawile, L50, F|
|poke|p1|Torkoal, L50, F|
|poke|p1|Farigiraf, L50, F|
|poke|p1|Whimsicott, L50, M|
|poke|p2|Dragonite, L50, F|
|poke|p2|Gholdengo, L50|
|poke|p2|Malamar, L50, F|
|poke|p2|Maushold, L50|
|poke|p2|Venusaur, L50, F|
|poke|p2|Pelipper, L50, F|
|teampreview|4
|showteam|p1|Incineroar||ShucaBerry|Intimidate|FakeOut,FlareBlitz,DarkestLariat,PartingShot|Careful||M|||50|]Pyroar||Pyroarite|Unnerve|HeatWave,Overheat,Flamethrower,Protect|Modest||F|||50|]Mawile||Mawilite|HyperCutter|IronHead,SuckerPunch,PlayRough,Protect|Brave||F|||50|]Torkoal||HeatRock|Drought|Eruption,HelpingHand,EarthPower,WeatherBall|Quiet||F|||50|]Farigiraf||SitrusBerry|ArmorTail|TrickRoom,TwinBeam,Thunderbolt,HelpingHand|Bold||F|||50|]Whimsicott||FocusSash|Prankster|Tailwind,SunnyDay,EnergyBall,Encore|Timid||M|||50|
|showteam|p2|Dragonite||Dragoninite|Multiscale|DracoMeteor,HeatWave,Thunderbolt,Protect|Timid||F|||50|]Gholdengo||LifeOrb|GoodasGold|MakeItRain,ShadowBall,Protect,NastyPlot|Timid|||||50|]Malamar||ChoiceScarf|Contrary|SkillSwap,TopsyTurvy,Hypnosis,Superpower|Timid||F|||50|]Maushold||ChopleBerry|FriendGuard|FollowMe,Protect,PopulationBomb,Encore|Timid|||||50|]Venusaur||Venusaurite|Chlorophyll|SludgeBomb,GigaDrain,Protect,EarthPower|Modest||F|||50|]Pelipper||DampRock|Drizzle|Hurricane,WeatherBall,Tailwind,WideGuard|Modest||F|||50|
|inactive|Battle timer is ON: inactive players will automatically lose when time's up. (requested by rokesaurio)
|inactive|zombie wan kenobi has 60 seconds left.
|
|t:|1782568392
|teamsize|p1|4
|teamsize|p2|4
|start
|switch|p1a: Pyroar|Pyroar, L50, F|100/100
|switch|p1b: Whimsicott|Whimsicott, L50, M|100/100
|switch|p2a: Venusaur|Venusaur, L50, F|100/100
|switch|p2b: Maushold|Maushold, L50|100/100
|-ability|p1a: Pyroar|Unnerve
|turn|1
|inactive|zombie wan kenobi has 30 seconds left.
|
|t:|1782568417
|detailschange|p1a: Pyroar|Pyroar-Mega, L50, F
|-mega|p1a: Pyroar|Pyroar|Pyroarite
|detailschange|p2a: Venusaur|Venusaur-Mega, L50, F
|-mega|p2a: Venusaur|Venusaur|Venusaurite
|move|p1b: Whimsicott|Sunny Day|p1b: Whimsicott
|-weather|SunnyDay
|move|p2b: Maushold|Encore|p1b: Whimsicott
|-start|p1b: Whimsicott|Encore
|move|p1a: Pyroar|Heat Wave|p2a: Venusaur|[spread] p2a,p2b
|-supereffective|p2a: Venusaur|1
|-damage|p2a: Venusaur|40/100
|-damage|p2b: Maushold|0 fnt
|faint|p2b: Maushold
|move|p2a: Venusaur|Earth Power|p1a: Pyroar
|-supereffective|p1a: Pyroar|1
|-damage|p1a: Pyroar|28/100
|
|-weather|SunnyDay|[upkeep]
|upkeep
|
|t:|1782568430
|switch|p2b: Pelipper|Pelipper, L50, F|100/100
|-weather|RainDance|[from] ability: Drizzle|[of] p2b: Pelipper
|turn|2
|
|t:|1782568453
|move|p2a: Venusaur|Protect|p2a: Venusaur
|-singleturn|p2a: Venusaur|Protect
|move|p1b: Whimsicott|Sunny Day|p1b: Whimsicott
|-weather|SunnyDay
|move|p1a: Pyroar|Flamethrower|p2a: Venusaur
|-activate|p2a: Venusaur|move: Protect
|move|p2b: Pelipper|Weather Ball|p1a: Pyroar
|-resisted|p1a: Pyroar|1
|-damage|p1a: Pyroar|0 fnt
|faint|p1a: Pyroar
|
|-weather|SunnyDay|[upkeep]
|upkeep
|
|t:|1782568469
|switch|p1a: Torkoal|Torkoal, L50, F|100/100
|turn|3
|
|t:|1782568483
|switch|p1b: Incineroar|Incineroar, L50, M|100/100
|-ability|p1b: Incineroar|Intimidate|boost
|-unboost|p2a: Venusaur|atk|1
|-unboost|p2b: Pelipper|atk|1
|move|p2b: Pelipper|Wide Guard|p2b: Pelipper
|-singleturn|p2b: Pelipper|Wide Guard
|move|p2a: Venusaur|Earth Power|p1a: Torkoal
|-supereffective|p1a: Torkoal|1
|-damage|p1a: Torkoal|24/100
|move|p1a: Torkoal|Eruption|p2b: Pelipper|[spread] 
|-activate|p2a: Venusaur|move: Wide Guard
|-activate|p2b: Pelipper|move: Wide Guard
|
|-weather|SunnyDay|[upkeep]
|upkeep
|turn|4
|
|t:|1782568505
|switch|p2a: Dragonite|Dragonite, L50, F|100/100
|move|p1b: Incineroar|Fake Out|p2a: Dragonite
|-damage|p2a: Dragonite|95/100
|move|p2b: Pelipper|Weather Ball|p1a: Torkoal
|-resisted|p1a: Torkoal|1
|-damage|p1a: Torkoal|0 fnt
|faint|p1a: Torkoal
|
|-weather|SunnyDay|[upkeep]
|upkeep
|
|t:|1782568508
|switch|p1a: Whimsicott|Whimsicott, L50, M|100/100
|turn|5
|
|t:|1782568519
|switch|p2b: Venusaur|Venusaur-Mega, L50, F|40/100
|move|p1a: Whimsicott|Energy Ball|p2b: Venusaur
|-resisted|p2b: Venusaur|2
|-damage|p2b: Venusaur|33/100
|move|p2a: Dragonite|Heat Wave|p1b: Incineroar|[spread] p1a,p1b
|-supereffective|p1a: Whimsicott|1
|-resisted|p1b: Incineroar|1
|-damage|p1a: Whimsicott|5/100
|-damage|p1b: Incineroar|90/100
|move|p1b: Incineroar|Darkest Lariat|p2a: Dragonite
|-damage|p2a: Dragonite|61/100
|
|-weather|SunnyDay|[upkeep]
|upkeep
|turn|6
|
|t:|1782568536
|move|p1a: Whimsicott|Energy Ball|p2a: Dragonite
|-resisted|p2a: Dragonite|2
|-damage|p2a: Dragonite|54/100
|move|p2a: Dragonite|Draco Meteor|p1b: Incineroar|[miss]
|-miss|p2a: Dragonite|p1b: Incineroar
|move|p2b: Venusaur|Sludge Bomb|p1a: Whimsicott
|-supereffective|p1a: Whimsicott|2
|-damage|p1a: Whimsicott|0 fnt
|faint|p1a: Whimsicott
|move|p1b: Incineroar|Flare Blitz|p2b: Venusaur
|-supereffective|p2b: Venusaur|1
|-damage|p2b: Venusaur|0 fnt
|faint|p2b: Venusaur
|-damage|p1b: Incineroar|80/100|[from] Recoil
|
|-weather|none
|upkeep
|
|t:|1782568549
|switch|p2b: Pelipper|Pelipper, L50, F|100/100
|-weather|RainDance|[from] ability: Drizzle|[of] p2b: Pelipper
|turn|7
|
|t:|1782568556
|move|p2a: Dragonite|Draco Meteor|p1b: Incineroar
|-damage|p1b: Incineroar|46/100
|-unboost|p2a: Dragonite|spa|2
|move|p2b: Pelipper|Weather Ball|p1b: Incineroar
|-supereffective|p1b: Incineroar|1
|-damage|p1b: Incineroar|0 fnt
|faint|p1b: Incineroar
|
|win|zombie wan kenobi
