|j|☆abnnaVGC
|j|☆meikh_neiht
|html|abnnaVGCmeikh_neiht    
|uhtml|bestof|Game 1 of a best-of-3
|t:|1783330147
|gametype|doubles
|player|p1|abnnaVGC|silver|1310
|player|p2|meikh_neiht|lucas|1259
|gen|9
|tier|[Gen 9 Champions] VGC 2026 Reg M-B (Bo3)
|rated|
|rule|Species Clause: Limit one of each Pokémon
|rule|Item Clause: Limit 1 of each item
|clearpoke
|poke|p1|Garchomp, L50, M|
|poke|p1|Sylveon, L50, F|
|poke|p1|Kingambit, L50, M|
|poke|p1|Aerodactyl, L50, M|
|poke|p1|Farigiraf, L50, F|
|poke|p1|Charizard, L50, M|
|poke|p2|Staraptor, L50, F|
|poke|p2|Sinistcha, L50|
|poke|p2|Maushold, L50|
|poke|p2|Kingambit, L50, F|
|poke|p2|Sneasler, L50, F|
|poke|p2|Delphox, L50, M|
|teampreview|4
|showteam|p1|Garchomp||LifeOrb|RoughSkin|Earthquake,RockSlide,DragonClaw,Protect|Jolly||M|||50|]Sylveon||FairyFeather|Pixilate|Protect,HyperVoice,HyperBeam,QuickAttack|Modest||F|||50|]Kingambit||FocusSash|Defiant|IronHead,KowtowCleave,SuckerPunch,LowKick|Adamant||M|||50|]Aerodactyl||Aerodactylite|Unnerve|IceFang,RockSlide,DualWingbeat,Tailwind|Jolly||M|||50|]Farigiraf||SitrusBerry|ArmorTail|TrickRoom,Thunderbolt,TwinBeam,HelpingHand|Bold||F|||50|]Charizard||CharizarditeY|SolarPower|Protect,HeatWave,WeatherBall,SolarBeam|Modest||M|||50|
|showteam|p2|Staraptor||Staraptite|Intimidate|CloseCombat,BraveBird,Roost,Protect|Adamant||F|||50|]Sinistcha||SitrusBerry|Hospitality|RagePowder,MatchaGotcha,Protect,LifeDew|Calm|||||50|]Maushold||LumBerry|FriendGuard|Encore,Charm,FollowMe,Protect|Timid|||||50|]Kingambit||BlackGlasses|Defiant|KowtowCleave,SuckerPunch,SwordsDance,Protect|Adamant||F|||50|]Sneasler||WhiteHerb|Unburden|CloseCombat,DireClaw,FakeOut,Protect|Jolly||F|||50|]Delphox||Delphoxite|Blaze|HeatWave,Psyshock,NastyPlot,Protect|Timid||M|||50|
|inactive|Battle timer is ON: inactive players will automatically lose when time's up. (requested by abnnaVGC)
|inactive|meikh_neiht has 60 seconds left.
|
|t:|1783330215
|teamsize|p1|4
|teamsize|p2|4
|start
|switch|p1a: Aerodactyl|Aerodactyl, L50, M|100/100
|switch|p1b: Sylveon|Sylveon, L50, F|100/100
|switch|p2a: Staraptor|Staraptor, L50, F|100/100
|switch|p2b: Maushold|Maushold, L50|100/100
|-ability|p1a: Aerodactyl|Unnerve
|-ability|p2a: Staraptor|Intimidate|boost
|-unboost|p1a: Aerodactyl|atk|1
|-unboost|p1b: Sylveon|atk|1
|turn|1
|inactive|abnnaVGC has 30 seconds left.
|inactive|meikh_neiht has 30 seconds left.
|inactive|abnnaVGC has 20 seconds left.
|inactive|abnnaVGC has 15 seconds left.
|
|t:|1783330258
|detailschange|p1a: Aerodactyl|Aerodactyl-Mega, L50, M
|-mega|p1a: Aerodactyl|Aerodactyl|Aerodactylite
|detailschange|p2a: Staraptor|Staraptor-Mega, L50, F
|-mega|p2a: Staraptor|Staraptor|Staraptite
|move|p1a: Aerodactyl|Dual Wingbeat|p2a: Staraptor
|-supereffective|p2a: Staraptor|1
|-damage|p2a: Staraptor|75/100
|-supereffective|p2a: Staraptor|1
|-damage|p2a: Staraptor|49/100
|-hitcount|p2a: Staraptor|2
|move|p2b: Maushold|Charm|p2a: Staraptor
|-boost|p2a: Staraptor|atk|2
|move|p2a: Staraptor|Brave Bird|p1b: Sylveon
|-damage|p1b: Sylveon|0 fnt
|faint|p1b: Sylveon
|-damage|p2a: Staraptor|17/100|[from] Recoil
|
|upkeep
|
|t:|1783330277
|switch|p1b: Garchomp|Garchomp, L50, M|100/100
|turn|2
|inactive|meikh_neiht has 30 seconds left.
|
|t:|1783330306
|switch|p2b: Sinistcha|Sinistcha, L50|100/100
|-heal|p2a: Staraptor|42/100|[from] ability: Hospitality|[of] p2b: Sinistcha
|move|p1a: Aerodactyl|Tailwind|p1a: Aerodactyl
|-sidestart|p1: abnnaVGC|move: Tailwind
|move|p1b: Garchomp|Rock Slide|p2a: Staraptor|[spread] p2a,p2b
|-damage|p2a: Staraptor|19/100
|-damage|p2b: Sinistcha|76/100
|-damage|p1b: Garchomp|90/100|[from] item: Life Orb
|move|p2a: Staraptor|Roost|p2a: Staraptor
|-heal|p2a: Staraptor|69/100
|-singleturn|p2a: Staraptor|move: Roost
|
|upkeep
|turn|3
|inactive|meikh_neiht has 30 seconds left.
|
|t:|1783330338
|move|p2a: Staraptor|Protect|p2a: Staraptor
|-singleturn|p2a: Staraptor|Protect
|move|p1a: Aerodactyl|Rock Slide|p2b: Sinistcha|[spread] p2b
|-activate|p2a: Staraptor|move: Protect
|-damage|p2b: Sinistcha|58/100
|move|p1b: Garchomp|Rock Slide|p2a: Staraptor|[spread] p2b
|-activate|p2a: Staraptor|move: Protect
|-damage|p2b: Sinistcha|36/100
|-enditem|p2b: Sinistcha|Sitrus Berry|[eat]
|-heal|p2b: Sinistcha|60/100|[from] item: Sitrus Berry
|-damage|p1b: Garchomp|80/100|[from] item: Life Orb
|move|p2b: Sinistcha|Matcha Gotcha|p1a: Aerodactyl|[spread] p1a,p1b
|-damage|p1a: Aerodactyl|74/100
|-heal|p2b: Sinistcha|74/100|[from] drain|[of] p1a: Aerodactyl
|-damage|p1b: Garchomp|50/100g
|-heal|p2b: Sinistcha|90/100|[from] drain|[of] p1b: Garchomp
|
|upkeep
|turn|4
|
|t:|1783330353
|move|p1a: Aerodactyl|Rock Slide|p2a: Staraptor|[spread] p2b
|-miss|p1a: Aerodactyl|p2a: Staraptor
|-damage|p2b: Sinistcha|72/100
|move|p1b: Garchomp|Rock Slide|p2a: Staraptor|[spread] p2a
|-miss|p1b: Garchomp|p2b: Sinistcha
|-damage|p2a: Staraptor|45/100
|-damage|p1b: Garchomp|40/100|[from] item: Life Orb
|cant|p2a: Staraptor|flinch
|move|p2b: Sinistcha|Life Dew|p2b: Sinistcha|[spread] p2a,p2b
|-heal|p2a: Staraptor|70/100
|-heal|p2b: Sinistcha|97/100
|
|upkeep
|turn|5
|
|t:|1783330368
|move|p1a: Aerodactyl|Rock Slide|p2b: Sinistcha|[spread] p2a,p2b
|-damage|p2a: Staraptor|53/100
|-damage|p2b: Sinistcha|81/100
|move|p1b: Garchomp|Rock Slide|p2b: Sinistcha|[spread] p2a,p2b
|-crit|p2a: Staraptor
|-damage|p2a: Staraptor|16/100
|-damage|p2b: Sinistcha|58/100
|-damage|p1b: Garchomp|31/100|[from] item: Life Orb
|move|p2a: Staraptor|Close Combat|p1b: Garchomp
|-damage|p1b: Garchomp|0 fnt
|-boost|p2a: Staraptor|def|1
|-boost|p2a: Staraptor|spd|1
|-damage|p2a: Staraptor|3/100|[from] ability: Rough Skin|[of] p1b: Garchomp
|faint|p1b: Garchomp
|move|p2b: Sinistcha|Life Dew|p2b: Sinistcha|[spread] p2a,p2b
|-heal|p2a: Staraptor|28/100
|-heal|p2b: Sinistcha|83/100
|
|-sideend|p1: abnnaVGC|move: Tailwind
|upkeep
|
|t:|1783330378
|switch|p1b: Kingambit|Kingambit, L50, M|100/100
|turn|6
|
|t:|1783330388
|move|p2b: Sinistcha|Rage Powder|p2b: Sinistcha
|-singleturn|p2b: Sinistcha|move: Rage Powder
|move|p1a: Aerodactyl|Rock Slide|p2a: Staraptor|[spread] p2a,p2b
|-damage|p2a: Staraptor|17/100
|-damage|p2b: Sinistcha|66/100
|move|p2a: Staraptor|Roost|p2a: Staraptor
|-heal|p2a: Staraptor|67/100
|-singleturn|p2a: Staraptor|move: Roost
|move|p1b: Kingambit|Kowtow Cleave|p2b: Sinistcha
|-supereffective|p2b: Sinistcha|1
|-damage|p2b: Sinistcha|0 fnt
|faint|p2b: Sinistcha
|
|upkeep
|
|t:|1783330391
|switch|p2b: Maushold|Maushold, L50|100/100
|turn|7
|
|t:|1783330405
|move|p2b: Maushold|Follow Me|p2b: Maushold
|-singleturn|p2b: Maushold|move: Follow Me
|move|p1b: Kingambit|Sucker Punch||[still]
|-fail|p1b: Kingambit
|move|p1a: Aerodactyl|Dual Wingbeat|p2b: Maushold|[miss]
|-miss|p1a: Aerodactyl|p2b: Maushold
|move|p2a: Staraptor|Close Combat|p1b: Kingambit
|-supereffective|p1b: Kingambit|2
|-enditem|p1b: Kingambit|Focus Sash
|-damage|p1b: Kingambit|1/100
|-boost|p2a: Staraptor|def|1
|-boost|p2a: Staraptor|spd|1
|
|upkeep
|turn|8
|
|t:|1783330416
|move|p2b: Maushold|Follow Me|p2b: Maushold
|-singleturn|p2b: Maushold|move: Follow Me
|move|p1a: Aerodactyl|Rock Slide|p2b: Maushold|[spread] p2b
|-miss|p1a: Aerodactyl|p2a: Staraptor
|-damage|p2b: Maushold|79/100
|move|p2a: Staraptor|Close Combat|p1b: Kingambit
|-supereffective|p1b: Kingambit|2
|-damage|p1b: Kingambit|0 fnt
|-boost|p2a: Staraptor|def|1
|-boost|p2a: Staraptor|spd|1
|faint|p1b: Kingambit
|
|upkeep
|turn|9
|-message|abnnaVGC forfeited.
|
|win|meikh_neiht
||abnnaVGC is ready for game 2.
|inactive|meikh_neiht has 30 seconds to confirm battle start!
||meikh_neiht is ready for game 2.
|uhtml|next|Next: Game 2 of 3
