|j|â˜†ceruleancrow
|j|â˜†AtomicTwilight
|html|ceruleancrowAtomicTwilight    
|uhtml|bestof|Game 2 of a best-of-3
|t:|1784319814
|gametype|doubles
|player|p1|ceruleancrow|1|
|player|p2|AtomicTwilight|canari|
|gen|9
|tier|[Gen 9 Champions] VGC 2026 Reg M-B (Bo3)
|rule|Species Clause: Limit one of each PokÃ©mon
|rule|Item Clause: Limit 1 of each item
|clearpoke
|poke|p1|Diggersby, L50, M|
|poke|p1|Altaria, L50, M|
|poke|p1|Serperior, L50, M|
|poke|p1|Salazzle, L50, F|
|poke|p1|Lucario, L50, M|
|poke|p1|Noivern, L50, F|
|poke|p2|Greninja, L50, M|
|poke|p2|Slowking-Galar, L50, M|
|poke|p2|Rotom-Frost, L50|
|poke|p2|Klefki, L50, F|
|poke|p2|Krookodile, L50, M|
|poke|p2|Chesnaught, L50, F|
|teampreview|4
|showteam|p1|Diggersby||LifeOrb|HugePower|Protect,Earthquake,RockSlide,HighHorsepower|Adamant||M|||50|]Altaria||Altarianite|CloudNine|Protect,HyperVoice,Tailwind,PerishSong|Modest||M|||50|]Serperior||SitrusBerry|Contrary|LeafStorm,Glare,Taunt,Protect|Timid||M|||50|]Salazzle||FocusSash|Oblivious|Flamethrower,SludgeBomb,Encore,FakeOut|Timid||F|||50|]Lucario||Lucarionite|InnerFocus|Detect,FlashCannon,AuraSphere,QuickGuard|Timid||M|||50|]Noivern||WhiteHerb|Infiltrator|Protect,AirSlash,DracoMeteor,Tailwind|Timid||F|||50|
|showteam|p2|Greninja||Greninjite|Torrent|Blizzard,DarkPulse,Extrasensory,Protect|Modest||M|||50|]Slowking-Galar||Leftovers|Regenerator|ChillyReception,Protect,Toxic,ChillingWater|Calm||M|||50|]Rotom-Frost||ChoiceScarf|Levitate|VoltSwitch,Blizzard,Discharge,Electroweb|Timid|||||50|]Klefki||LightClay|Prankster|ThunderWave,Reflect,LightScreen,DazzlingGleam|Timid||F|||50|]Krookodile||LifeOrb|Intimidate|Earthquake,Crunch,CloseCombat,Protect|Jolly||M|||50|]Chesnaught||RoseliBerry|Bulletproof|HammerArm,WoodHammer,WideGuard,SpikyShield|Adamant||F|||50|
|
|t:|1784319924
|teamsize|p1|4
|teamsize|p2|4
|start
|switch|p1a: Salazzle|Salazzle, L50, F|100/100
|switch|p1b: Altaria|Altaria, L50, M|100/100
|switch|p2a: Greninja|Greninja, L50, M|100/100
|switch|p2b: Rotom|Rotom-Frost, L50|100/100
|-ability|p1b: Altaria|Cloud Nine
|turn|1
|
|t:|1784319980
|switch|p2b: Krookodile|Krookodile, L50, M|100/100
|-ability|p2b: Krookodile|Intimidate|boost
|-fail|p1a: Salazzle|unboost|Attack|[from] ability: Oblivious|[of] p1a: Salazzle
|-unboost|p1b: Altaria|atk|1
|detailschange|p2a: Greninja|Greninja-Mega, L50, M
|-mega|p2a: Greninja|Greninja|Greninjite
|move|p1b: Altaria|Protect|p1b: Altaria
|-singleturn|p1b: Altaria|Protect
|move|p2a: Greninja|Blizzard|p1a: Salazzle|[spread] p1a
|-start|p2a: Greninja|typechange|Ice|[from] ability: Protean
|-activate|p1b: Altaria|move: Protect
|-resisted|p1a: Salazzle|1
|-damage|p1a: Salazzle|58/100
|-status|p1a: Salazzle|frz
|cant|p1a: Salazzle|frz
|
|upkeep
|turn|2
|
|t:|1784320024
|switch|p1a: Serperior|Serperior, L50, M|100/100
|detailschange|p1b: Altaria|Altaria-Mega, L50, M
|-mega|p1b: Altaria|Altaria|Altarianite
|move|p2a: Greninja|Protect|p2a: Greninja
|-singleturn|p2a: Greninja|Protect
|move|p2b: Krookodile|Crunch|p1a: Serperior
|-damage|p1a: Serperior|52/100
|-damage|p2b: Krookodile|90/100|[from] item: Life Orb
|move|p1b: Altaria|Hyper Voice|p2b: Krookodile|[spread] p2b
|-activate|p2a: Greninja|move: Protect
|-supereffective|p2b: Krookodile|1
|-damage|p2b: Krookodile|0 fnt
|faint|p2b: Krookodile
|
|upkeep
|
|t:|1784320036
|switch|p2b: Chesnaught|Chesnaught, L50, F|100/100
|turn|3
|
|t:|1784320080
|move|p1b: Altaria|Protect|p1b: Altaria
|-singleturn|p1b: Altaria|Protect
|move|p2b: Chesnaught|Wide Guard|p2b: Chesnaught
|-singleturn|p2b: Chesnaught|Wide Guard
|move|p2a: Greninja|Blizzard|p1a: Serperior|[spread] p1a
|-activate|p1b: Altaria|move: Protect
|-supereffective|p1a: Serperior|1
|-damage|p1a: Serperior|0 fnt
|faint|p1a: Serperior
|
|upkeep
|
|t:|1784320110
|switch|p1a: Salazzle|Salazzle, L50, F|58/100 frz
|turn|4
|
|t:|1784320136
|move|p2b: Chesnaught|Wide Guard|p2b: Chesnaught
|-singleturn|p2b: Chesnaught|Wide Guard
|move|p2a: Greninja|Extrasensory|p1a: Salazzle
|-supereffective|p1a: Salazzle|1
|-damage|p1a: Salazzle|0 fnt
|faint|p1a: Salazzle
|move|p1b: Altaria|Tailwind|p1b: Altaria
|-sidestart|p1: ceruleancrow|move: Tailwind
|
|upkeep
|
|t:|1784320143
|switch|p1a: Diggersby|Diggersby, L50, M|100/100
|turn|5
|
|t:|1784320167
|move|p2a: Greninja|Protect|p2a: Greninja
|-singleturn|p2a: Greninja|Protect
|move|p1b: Altaria|Hyper Voice|p2a: Greninja|[spread] p2b
|-activate|p2a: Greninja|move: Protect
|-supereffective|p2b: Chesnaught|1
|-enditem|p2b: Chesnaught|Roseli Berry|[eat]
|-enditem|p2b: Chesnaught|Roseli Berry|[weaken]
|-damage|p2b: Chesnaught|65/100
|move|p1a: Diggersby|High Horsepower|p2a: Greninja
|-activate|p2a: Greninja|move: Protect
|move|p2b: Chesnaught|Wood Hammer|p1a: Diggersby
|-supereffective|p1a: Diggersby|1
|-damage|p1a: Diggersby|0 fnt
|faint|p1a: Diggersby
|-damage|p2b: Chesnaught|30/100|[from] Recoil
|
|upkeep
|turn|6
|
|t:|1784320185
|move|p2b: Chesnaught|Wide Guard|p2b: Chesnaught
|-singleturn|p2b: Chesnaught|Wide Guard
|move|p1b: Altaria|Hyper Voice|p2a: Greninja|[spread] 
|-activate|p2a: Greninja|move: Wide Guard
|-activate|p2b: Chesnaught|move: Wide Guard
|move|p2a: Greninja|Blizzard|p1b: Altaria|[miss]
|-miss|p2a: Greninja|p1b: Altaria
|
|upkeep
|turn|7
|c|â˜†ceruleancrow|gg
|c|â˜†AtomicTwilight|gg
|c|â˜†ceruleancrow|forgive if I want info tho
|
|t:|1784320203
|move|p2b: Chesnaught|Wide Guard|p2b: Chesnaught
|-singleturn|p2b: Chesnaught|Wide Guard
|move|p1b: Altaria|Hyper Voice|p2a: Greninja|[spread] 
|-activate|p2a: Greninja|move: Wide Guard
|-activate|p2b: Chesnaught|move: Wide Guard
|move|p2a: Greninja|Blizzard|p1b: Altaria
|-supereffective|p1b: Altaria|1
|-damage|p1b: Altaria|0 fnt
|faint|p1b: Altaria
|
|win|AtomicTwilight
|c|â˜†ceruleancrow|alright gg
|inactive|ceruleancrow has 30 seconds to confirm battle start!
|inactive|AtomicTwilight has 30 seconds to confirm battle start!
||ceruleancrow is ready for game 3.
||AtomicTwilight is ready for game 3.
|uhtml|next|Next: Game 3 of 3
