|j|☆champions-rl-fizix
|j|☆abadanriyi92
|html|champions-rl-fizixabadanriyi92    
|uhtml|bestof|Game 1 of a best-of-3
|t:|1785818196
|gametype|doubles
|player|p1|champions-rl-fizix|1|1055
|player|p2|abadanriyi92|colress|1329
|gen|9
|tier|[Gen 9 Champions] VGC 2026 Reg M-B (Bo3)
|rated|
|rule|Species Clause: Limit one of each Pokémon
|rule|Item Clause: Limit 1 of each item
|clearpoke
|poke|p1|Glimmora, L50, F|
|poke|p1|Kingambit, L50, M|
|poke|p1|Sinistcha, L50|
|poke|p1|Staraptor, L50, M|
|poke|p1|Weavile, L50, F|
|poke|p1|Whimsicott, L50, F|
|poke|p2|Tyranitar, L50, M|
|poke|p2|Excadrill, L50, F|
|poke|p2|Milotic, L50, M|
|poke|p2|Sinistcha, L50|
|poke|p2|Staraptor, L50, F|
|poke|p2|Gholdengo, L50|
|teampreview|4
|showteam|p1|Glimmora||Glimmoranite|ToxicDebris|PowerGem,SludgeBomb,EarthPower,SpikyShield|Timid||F|||50|]Kingambit||BlackGlasses|Defiant|KowtowCleave,SuckerPunch,SwordsDance,Protect|Adamant||M|||50|]Sinistcha||CobaBerry|Hospitality|MatchaGotcha,RagePowder,LifeDew,Protect|Bold|||||50|]Staraptor||Staraptite|Intimidate|BraveBird,CloseCombat,Uturn,Protect|Jolly||M|||50|]Weavile||WideLens|Pressure|KnockOff,TripleAxel,Taunt,FakeOut|Jolly||F|||50|]Whimsicott||FocusSash|Prankster|Moonblast,Tailwind,Encore,Tickle|Timid||F|||50|
|showteam|p2|Tyranitar||Tyranitarite|SandStream|KnockOff,RockSlide,HighHorsepower,Protect|Jolly||M|||50|]Excadrill||FocusSash|SandRush|Earthquake,IronHead,RockSlide,Protect|Adamant||F|||50|]Milotic||SitrusBerry|Competitive|Scald,IcyWind,Haze,Protect|Calm||M|||50|]Sinistcha||ColburBerry|Hospitality|MatchaGotcha,ShadowBall,Protect,RagePowder|Bold|||||50|]Staraptor||Staraptite|Intimidate|CloseCombat,BraveBird,Tailwind,Protect|Jolly||F|||50|]Gholdengo||LifeOrb|GoodasGold|MakeItRain,ShadowBall,NastyPlot,Protect|Modest|||||50|
|inactive|Battle timer is ON: inactive players will automatically lose when time's up. (requested by champions-rl-fizix)
|inactive|abadanriyi92 has 60 seconds left.
|
|t:|1785818236
|teamsize|p1|4
|teamsize|p2|4
|start
|switch|p1a: Sinistcha|Sinistcha, L50|100/100
|switch|p1b: Weavile|Weavile, L50, F|100/100
|switch|p2a: Staraptor|Staraptor, L50, F|100/100
|switch|p2b: Milotic|Milotic, L50, M|100/100
|-ability|p1b: Weavile|Pressure
|-ability|p2a: Staraptor|Intimidate|boost
|-unboost|p1a: Sinistcha|atk|1
|-unboost|p1b: Weavile|atk|1
|turn|1
|inactive|abadanriyi92 has 30 seconds left.
|
|t:|1785818264
|move|p2a: Staraptor|Protect|p2a: Staraptor
|-singleturn|p2a: Staraptor|Protect
|move|p1b: Weavile|Triple Axel|p2a: Staraptor
|-activate|p2a: Staraptor|move: Protect
|move|p2b: Milotic|Icy Wind|p1a: Sinistcha|[spread] p1a,p1b
|-supereffective|p1a: Sinistcha|1
|-resisted|p1b: Weavile|1
|-damage|p1a: Sinistcha|78/100
|-damage|p1b: Weavile|93/100
|-unboost|p1a: Sinistcha|spe|1
|-unboost|p1b: Weavile|spe|1
|move|p1a: Sinistcha|Matcha Gotcha|p2b: Milotic|[spread] p2b
|-activate|p2a: Staraptor|move: Protect
|-supereffective|p2b: Milotic|1
|-damage|p2b: Milotic|57/100
|-heal|p1a: Sinistcha|100/100|[from] drain|[of] p2b: Milotic
|
|upkeep
|turn|2
|inactive|abadanriyi92 has 30 seconds left.
|inactive|abadanriyi92 has 20 seconds left.
|inactive|abadanriyi92 has 15 seconds left.
|
|t:|1785818308
|switch|p1b: Kingambit|Kingambit, L50, M|100/100
|switch|p2b: Excadrill|Excadrill, L50, F|100/100
|detailschange|p2a: Staraptor|Staraptor-Mega, L50, F
|-mega|p2a: Staraptor|Staraptor|Staraptite
|move|p1a: Sinistcha|Protect|p1a: Sinistcha
|-singleturn|p1a: Sinistcha|Protect
|move|p2a: Staraptor|Brave Bird|p1a: Sinistcha
|-activate|p1a: Sinistcha|move: Protect
|
|upkeep
|turn|3
|
|t:|1785818332
|switch|p1a: Staraptor|Staraptor, L50, M|100/100
|-ability|p1a: Staraptor|Intimidate|boost
|-boost|p2a: Staraptor|atk|1
|-unboost|p2b: Excadrill|atk|1
|move|p1b: Kingambit|Protect|p1b: Kingambit
|-singleturn|p1b: Kingambit|Protect
|move|p2a: Staraptor|Brave Bird|p1a: Staraptor
|-crit|p1a: Staraptor
|-damage|p1a: Staraptor|0 fnt
|faint|p1a: Staraptor
|-damage|p2a: Staraptor|71/100|[from] Recoil
|move|p2b: Excadrill|Earthquake|p1b: Kingambit|[spread] 
|-activate|p1b: Kingambit|move: Protect
|-immune|p2a: Staraptor
|
|upkeep
|
|t:|1785818333
|switch|p1a: Sinistcha|Sinistcha, L50|100/100
|turn|4
|inactive|abadanriyi92 has 30 seconds left.
|
|t:|1785818362
|switch|p2b: Tyranitar|Tyranitar, L50, M|100/100
|-weather|Sandstorm|[from] ability: Sand Stream|[of] p2b: Tyranitar
|switch|p1a: Weavile|Weavile, L50, F|93/100
|-ability|p1a: Weavile|Pressure
|move|p2a: Staraptor|Protect|p2a: Staraptor
|-singleturn|p2a: Staraptor|Protect
|move|p1b: Kingambit|Sucker Punch||[still]
|-fail|p1b: Kingambit
|
|-weather|Sandstorm|[upkeep]
|-damage|p1a: Weavile|87/100|[from] Sandstorm
|-damage|p2a: Staraptor|66/100|[from] Sandstorm
|upkeep
|turn|5
|inactive|abadanriyi92 has 30 seconds left.
|
|t:|1785818395
|move|p1b: Kingambit|Protect|p1b: Kingambit
|-singleturn|p1b: Kingambit|Protect
|move|p1a: Weavile|Triple Axel|p2a: Staraptor
|-supereffective|p2a: Staraptor|1
|-damage|p2a: Staraptor|47/100
|-supereffective|p2a: Staraptor|1
|-damage|p2a: Staraptor|8/100
|-supereffective|p2a: Staraptor|1
|-damage|p2a: Staraptor|0 fnt
|faint|p2a: Staraptor
|-hitcount|p2: Staraptor|3
|move|p2b: Tyranitar|Rock Slide|p1b: Kingambit|[spread] p1a
|-activate|p1b: Kingambit|move: Protect
|-supereffective|p1a: Weavile|1
|-damage|p1a: Weavile|0 fnt
|faint|p1a: Weavile
|
|-weather|Sandstorm|[upkeep]
|upkeep
|
|t:|1785818411
|switch|p1a: Sinistcha|Sinistcha, L50|100/100
|switch|p2a: Excadrill|Excadrill, L50, F|100/100
|turn|6
|
|t:|1785818422
|move|p2b: Tyranitar|Protect|p2b: Tyranitar
|-singleturn|p2b: Tyranitar|Protect
|move|p1b: Kingambit|Sucker Punch|p2a: Excadrill
|-damage|p2a: Excadrill|27/100
|move|p2a: Excadrill|Earthquake|p1b: Kingambit|[spread] p1a,p1b
|-activate|p2b: Tyranitar|move: Protect
|-resisted|p1a: Sinistcha|1
|-supereffective|p1b: Kingambit|1
|-damage|p1a: Sinistcha|75/100
|-damage|p1b: Kingambit|31/100
|move|p1a: Sinistcha|Matcha Gotcha|p2a: Excadrill|[spread] p2a
|-activate|p2b: Tyranitar|move: Protect
|-damage|p2a: Excadrill|0 fnt
|-heal|p1a: Sinistcha|93/100|[from] drain|[of] p2a: Excadrill
|faint|p2a: Excadrill
|
|-weather|Sandstorm|[upkeep]
|-damage|p1a: Sinistcha|86/100|[from] Sandstorm
|upkeep
|
|t:|1785818438
|switch|p2a: Milotic|Milotic, L50, M|57/100
|turn|7
|
|t:|1785818444
|move|p1a: Sinistcha|Protect|p1a: Sinistcha
|-singleturn|p1a: Sinistcha|Protect
|move|p1b: Kingambit|Protect|p1b: Kingambit
|-singleturn|p1b: Kingambit|Protect
|move|p2b: Tyranitar|Knock Off|p1a: Sinistcha
|-activate|p1a: Sinistcha|move: Protect
|move|p2a: Milotic|Scald|p1b: Kingambit
|-activate|p1b: Kingambit|move: Protect
|
|-weather|Sandstorm|[upkeep]
|-damage|p2a: Milotic|52/100|[from] Sandstorm
|-damage|p1a: Sinistcha|80/100|[from] Sandstorm
|upkeep
|turn|8
|
|t:|1785818459
|move|p2a: Milotic|Protect|p2a: Milotic
|-singleturn|p2a: Milotic|Protect
|move|p1b: Kingambit|Sucker Punch||[still]
|-fail|p1b: Kingambit
|move|p2b: Tyranitar|Knock Off|p1a: Sinistcha
|-supereffective|p1a: Sinistcha|1
|-damage|p1a: Sinistcha|0 fnt
|-enditem|p1a: Sinistcha|Coba Berry|[from] move: Knock Off|[of] p2b: Tyranitar
|faint|p1a: Sinistcha
|
|-weather|none
|upkeep
|turn|9
|
|t:|1785818472
|move|p1b: Kingambit|Protect|p1b: Kingambit
|-singleturn|p1b: Kingambit|Protect
|move|p2b: Tyranitar|High Horsepower|p1b: Kingambit
|-activate|p1b: Kingambit|move: Protect
|move|p2a: Milotic|Scald|p1b: Kingambit
|-activate|p1b: Kingambit|move: Protect
|
|upkeep
|turn|10
|
|t:|1785818483
|move|p1b: Kingambit|Sucker Punch|p2a: Milotic
|-damage|p2a: Milotic|7/100
|-enditem|p2a: Milotic|Sitrus Berry|[eat]
|-heal|p2a: Milotic|32/100|[from] item: Sitrus Berry
|move|p2b: Tyranitar|High Horsepower|p1b: Kingambit|[miss]
|-miss|p2b: Tyranitar|p1b: Kingambit
|move|p2a: Milotic|Scald|p1b: Kingambit
|-damage|p1b: Kingambit|4/100
|-status|p1b: Kingambit|brn
|
|-damage|p1b: Kingambit|0 fnt|[from] brn
|faint|p1b: Kingambit
|
|win|abadanriyi92
||champions-rl-fizix is ready for game 2.
|inactive|abadanriyi92 has 30 seconds to confirm battle start!
