|j|☆Zacharykeith
|j|☆Joker113
|html|ZacharykeithJoker113    
|uhtml|bestof|Game 2 of a best-of-3
|t:|1757762108
|gametype|doubles
|player|p1|Zacharykeith|fisherman-gen4|1140
|player|p2|Joker113|170|1020
|gen|9
|tier|[Gen 9] VGC 2025 Reg H (Bo3)
|rated|
|rule|Species Clause: Limit one of each Pokémon
|rule|Item Clause: Limit 1 of each item
|clearpoke
|poke|p1|Baxcalibur, L50, M|
|poke|p1|Kingambit, L50, F|
|poke|p1|Dondozo, L50, M|
|poke|p1|Rillaboom, L50, M|
|poke|p1|Magmar, L50, M|
|poke|p1|Sneasler, L50, M|
|poke|p2|Farigiraf, L50, F|
|poke|p2|Amoonguss, L50, F|
|poke|p2|Ursaluna, L50, M|
|poke|p2|Gholdengo, L50|
|poke|p2|Incineroar, L50, F|
|poke|p2|Slowbro, L50, F|
|teampreview|4
|showteam|p1|Baxcalibur||LoadedDice|ThermalExchange|IcicleSpear,IceShard,ScaleShot,Protect|||M|||50|,,,,,Ghost]Kingambit||BlackGlasses|Defiant|SuckerPunch,KowtowCleave,SwordsDance,Protect|||F|||50|,,,,,Dark]Dondozo||Leftovers|Unaware|WaveCrash,Fissure,Yawn,Protect|||M|||50|,,,,,Grass]Rillaboom||AssaultVest|GrassySurge|FakeOut,GrassyGlide,WoodHammer,Uturn|||M|||50|,,,,,Fire]Magmar||Eviolite|VitalSpirit|Overheat,WillOWisp,FollowMe,Protect|||M|||50|,,,,,Fairy]Sneasler||FocusSash|PoisonTouch|DireClaw,CloseCombat,Coaching,Protect|||M|||50|,,,,,Stellar
|showteam|p2|Farigiraf||ThroatSpray|ArmorTail|TrickRoom,Psychic,HelpingHand,HyperVoice|||F|||50|,,,,,Grass]Amoonguss||SitrusBerry|Regenerator|SludgeBomb,RagePowder,Spore,Protect|||F|||50|,,,,,Water]Ursaluna||FlameOrb|Guts|Earthquake,Facade,HeadlongRush,Protect|||M|||50|,,,,,Ghost]Gholdengo||FocusSash|GoodasGold|MakeItRain,ShadowBall,NastyPlot,Protect||||||50|,,,,,Steel]Incineroar||CovertCloak|Intimidate|FlareBlitz,FakeOut,KnockOff,PartingShot|||F|||50|,,,,,Water]Slowbro||RockyHelmet|Regenerator|BodyPress,HealPulse,MuddyWater,IronDefense|||F|||50|,,,,,Fighting
|inactive|Battle timer is ON: inactive players will automatically lose when time's up. (requested by Joker113)
|inactive|Zacharykeith has 60 seconds left.
|
|t:|1757762146
|teamsize|p1|4
|teamsize|p2|4
|start
|switch|p1a: Metal T-Rex|Baxcalibur, L50, M|100/100
|switch|p1b: Forest Dude|Rillaboom, L50, M, shiny|100/100
|switch|p2a: Farigiraf|Farigiraf, L50, F|100/100
|switch|p2b: Incineroar|Incineroar, L50, F|100/100
|-fieldstart|move: Grassy Terrain|[from] ability: Grassy Surge|[of] p1b: Forest Dude
|-ability|p2b: Incineroar|Intimidate|boost
|-unboost|p1a: Metal T-Rex|atk|1
|-unboost|p1b: Forest Dude|atk|1
|turn|1
|inactive|Joker113 has 30 seconds left.
|
|t:|1757762175
|move|p2b: Incineroar|Fake Out|p1a: Metal T-Rex
|-damage|p1a: Metal T-Rex|87/100
|cant|p1a: Metal T-Rex|flinch
|move|p1b: Forest Dude|U-turn|p2a: Farigiraf
|-supereffective|p2a: Farigiraf
|-damage|p2a: Farigiraf|69/100
|
|t:|1757762181
|switch|p1b: Donbozo|Dondozo, L50, M, shiny|100/100|[from] U-turn
|move|p2a: Farigiraf|Trick Room|p2a: Farigiraf
|-fieldstart|move: Trick Room|[of] p2a: Farigiraf
|
|-heal|p2a: Farigiraf|75/100|[from] Grassy Terrain
|-heal|p1a: Metal T-Rex|94/100|[from] Grassy Terrain
|upkeep
|turn|2
|
|t:|1757762197
|move|p1b: Donbozo|Wave Crash|p2b: Incineroar
|-supereffective|p2b: Incineroar
|-damage|p2b: Incineroar|5/100
|-damage|p1b: Donbozo|76/100|[from] Recoil
|move|p2a: Farigiraf|Hyper Voice|p1b: Donbozo|[spread] p1a,p1b
|-damage|p1a: Metal T-Rex|60/100
|-damage|p1b: Donbozo|51/100
|-enditem|p2a: Farigiraf|Throat Spray
|-boost|p2a: Farigiraf|spa|1|[from] item: Throat Spray
|move|p2b: Incineroar|Parting Shot|p1a: Metal T-Rex
|-unboost|p1a: Metal T-Rex|atk|1
|-unboost|p1a: Metal T-Rex|spa|1
|
|t:|1757762209
|switch|p2b: Ursaluna|Ursaluna, L50, M|100/100|[from] Parting Shot
|move|p1a: Metal T-Rex|Icicle Spear|p2a: Farigiraf
|-damage|p2a: Farigiraf|67/100
|-damage|p2a: Farigiraf|59/100
|-damage|p2a: Farigiraf|50/100
|-damage|p2a: Farigiraf|42/100
|-damage|p2a: Farigiraf|34/100
|-hitcount|p2a: Farigiraf|5
|
|-heal|p1b: Donbozo|58/100|[from] Grassy Terrain
|-heal|p1b: Donbozo|64/100|[from] item: Leftovers
|-heal|p2a: Farigiraf|40/100|[from] Grassy Terrain
|-heal|p1a: Metal T-Rex|67/100|[from] Grassy Terrain
|-status|p2b: Ursaluna|brn|[from] item: Flame Orb
|upkeep
|turn|3
|
|t:|1757762226
|-terastallize|p1a: Metal T-Rex|Ghost
|move|p2b: Ursaluna|Facade|p1b: Donbozo
|-damage|p1b: Donbozo|0 fnt
|faint|p1b: Donbozo
|move|p2a: Farigiraf|Hyper Voice|p1a: Metal T-Rex
|-immune|p1a: Metal T-Rex
|move|p1a: Metal T-Rex|Icicle Spear|p2b: Ursaluna
|-supereffective|p2b: Ursaluna
|-damage|p2b: Ursaluna|90/100 brn
|-supereffective|p2b: Ursaluna
|-damage|p2b: Ursaluna|79/100 brn
|-supereffective|p2b: Ursaluna
|-damage|p2b: Ursaluna|68/100 brn
|-supereffective|p2b: Ursaluna
|-damage|p2b: Ursaluna|55/100 brn
|-hitcount|p2b: Ursaluna|4
|
|-heal|p2b: Ursaluna|61/100 brn|[from] Grassy Terrain
|-heal|p2a: Farigiraf|46/100|[from] Grassy Terrain
|-heal|p1a: Metal T-Rex|73/100|[from] Grassy Terrain
|-damage|p2b: Ursaluna|55/100 brn|[from] brn
|upkeep
|
|t:|1757762245
|switch|p1b: Forest Dude|Rillaboom, L50, M, shiny|100/100
|turn|4
|
|t:|1757762267
|move|p1a: Metal T-Rex|Protect|p1a: Metal T-Rex
|-singleturn|p1a: Metal T-Rex|Protect
|move|p2b: Ursaluna|Facade|p1b: Forest Dude
|-damage|p1b: Forest Dude|0 fnt
|faint|p1b: Forest Dude
|move|p2a: Farigiraf|Psychic|p1a: Metal T-Rex
|-activate|p1a: Metal T-Rex|move: Protect
|
|-heal|p2b: Ursaluna|61/100 brn|[from] Grassy Terrain
|-heal|p2a: Farigiraf|52/100|[from] Grassy Terrain
|-heal|p1a: Metal T-Rex|79/100|[from] Grassy Terrain
|-damage|p2b: Ursaluna|55/100 brn|[from] brn
|upkeep
|
|t:|1757762275
|switch|p1b: King Bug|Kingambit, L50, F, shiny|100/100
|turn|5
|
|t:|1757762289
|move|p1b: King Bug|Protect|p1b: King Bug
|-singleturn|p1b: King Bug|Protect
|move|p2b: Ursaluna|Headlong Rush|p1b: King Bug
|-activate|p1b: King Bug|move: Protect
|move|p2a: Farigiraf|Psychic|p1a: Metal T-Rex
|-damage|p1a: Metal T-Rex|4/100
|-unboost|p1a: Metal T-Rex|spd|1
|move|p1a: Metal T-Rex|Icicle Spear|p2b: Ursaluna
|-supereffective|p2b: Ursaluna
|-damage|p2b: Ursaluna|42/100 brn
|-supereffective|p2b: Ursaluna
|-damage|p2b: Ursaluna|31/100 brn
|-supereffective|p2b: Ursaluna
|-damage|p2b: Ursaluna|19/100 brn
|-supereffective|p2b: Ursaluna
|-damage|p2b: Ursaluna|6/100 brn
|-supereffective|p2b: Ursaluna
|-damage|p2b: Ursaluna|0 fnt
|faint|p2b: Ursaluna
|-hitcount|p2: Ursaluna|5
|
|-heal|p2a: Farigiraf|58/100|[from] Grassy Terrain
|-heal|p1a: Metal T-Rex|10/100|[from] Grassy Terrain
|-fieldend|move: Trick Room
|-fieldend|move: Grassy Terrain
|upkeep
|
|t:|1757762293
|switch|p2b: Gholdengo|Gholdengo, L50|100/100
|turn|6
|inactive|Joker113 has 30 seconds left.
|
|t:|1757762325
|-terastallize|p2b: Gholdengo|Steel
|move|p1a: Metal T-Rex|Protect|p1a: Metal T-Rex
|-singleturn|p1a: Metal T-Rex|Protect
|move|p2b: Gholdengo|Nasty Plot|p2b: Gholdengo
|-boost|p2b: Gholdengo|spa|2
|move|p1b: King Bug|Kowtow Cleave|p2b: Gholdengo
|-damage|p2b: Gholdengo|47/100
|move|p2a: Farigiraf|Trick Room|p2a: Farigiraf
|-fieldstart|move: Trick Room|[of] p2a: Farigiraf
|
|upkeep
|turn|7
|
|t:|1757762342
|move|p2a: Farigiraf|Hyper Voice|p1a: Metal T-Rex|[spread] p1b
|-immune|p1a: Metal T-Rex
|-resisted|p1b: King Bug
|-damage|p1b: King Bug|76/100
|move|p1b: King Bug|Kowtow Cleave|p2b: Gholdengo
|-crit|p2b: Gholdengo
|-damage|p2b: Gholdengo|0 fnt
|faint|p2b: Gholdengo
|move|p1a: Metal T-Rex|Icicle Spear|p2a: Farigiraf
|-damage|p2a: Farigiraf|50/100
|-damage|p2a: Farigiraf|41/100
|-damage|p2a: Farigiraf|32/100
|-damage|p2a: Farigiraf|23/100
|-damage|p2a: Farigiraf|15/100
|-hitcount|p2a: Farigiraf|5
|
|upkeep
|
|t:|1757762350
|switch|p2b: Incineroar|Incineroar, L50, F|5/100
|-ability|p2b: Incineroar|Intimidate|boost
|-unboost|p1a: Metal T-Rex|atk|1
|-unboost|p1b: King Bug|atk|1
|-ability|p1b: King Bug|Defiant|boost
|-boost|p1b: King Bug|atk|2
|turn|8
|
|t:|1757762370
|move|p1b: King Bug|Protect|p1b: King Bug
|-singleturn|p1b: King Bug|Protect
|move|p1a: Metal T-Rex|Protect|p1a: Metal T-Rex
|-singleturn|p1a: Metal T-Rex|Protect
|move|p2b: Incineroar|Fake Out|p1b: King Bug
|-activate|p1b: King Bug|move: Protect
|move|p2a: Farigiraf|Psychic|p1a: Metal T-Rex
|-activate|p1a: Metal T-Rex|move: Protect
|
|upkeep
|turn|9
|inactive|Zacharykeith has 30 seconds left.
|inactive|Zacharykeith has 20 seconds left.
|inactive|Zacharykeith has 15 seconds left.
|inactive|Zacharykeith has 10 seconds left.
|inactive|Zacharykeith has 5 seconds left.
|
|t:|1757762420
|move|p2b: Incineroar|Fake Out||[still]
|-hint|Fake Out only works on your first turn out.
|-fail|p2b: Incineroar
|move|p2a: Farigiraf|Psychic|p1a: Metal T-Rex
|-damage|p1a: Metal T-Rex|0 fnt
|faint|p1a: Metal T-Rex
|move|p1b: King Bug|Kowtow Cleave|p2b: Incineroar
|-resisted|p2b: Incineroar
|-damage|p2b: Incineroar|0 fnt
|faint|p2b: Incineroar
|
|upkeep
|turn|10
|-message|Joker113 forfeited.
|
|win|Zacharykeith
