|j|â˜†Welosethose!
|j|â˜†migalhinha xd
|html|Welosethose!migalhinha xd    
|uhtml|bestof|Game 1 of a best-of-3
|t:|1757020209
|gametype|doubles
|player|p1|Welosethose!|hilbert|1097
|player|p2|migalhinha xd|worker-gen4|1000
|gen|9
|tier|[Gen 9] VGC 2025 Reg H (Bo3)
|rated|
|rule|Species Clause: Limit one of each PokÃ©mon
|rule|Item Clause: Limit 1 of each item
|clearpoke
|poke|p1|Politoed, L50, F|
|poke|p1|Gothitelle, L50, F|
|poke|p1|Kingdra, L50, M|
|poke|p1|Archaludon, L50, F|
|poke|p1|Amoonguss, L50, F|
|poke|p1|Incineroar, L50, F|
|poke|p2|Archaludon, L50, M|
|poke|p2|Basculegion, L50, M|
|poke|p2|Pelipper, L50, M|
|poke|p2|Amoonguss, L50, M|
|poke|p2|Incineroar, L50, F|
|poke|p2|Maushold, L50|
|teampreview|4
|showteam|p1|Politoed||Leftovers|Drizzle|WeatherBall,Encore,PerishSong,Protect|||F|||50|,,,,,Grass]Gothitelle||SitrusBerry|ShadowTag|FakeOut,Psychic,TrickRoom,Protect|||F|||50|,,,,,Dark]Kingdra||LifeOrb|SwiftSwim|WeatherBall,MuddyWater,DracoMeteor,Protect|||M|||50|,,,,,Stellar]Archaludon||PowerHerb|Sturdy|ElectroShot,FlashCannon,DragonPulse,Protect|||F|||50|,,,,,Electric]Amoonguss||EjectButton|Regenerator|PollenPuff,Spore,RagePowder,Protect|||F|||50|,,,,,Fairy]Incineroar||SafetyGoggles|Intimidate|FakeOut,KnockOff,PartingShot,Protect|||F|||50|,,,,,Ghost
|showteam|p2|Archaludon||AssaultVest|Stamina|ElectroShot,DragonPulse,FlashCannon,BodyPress|||M|||50|,,,,,Grass]Basculegion||MysticWater|SwiftSwim|Protect,WaveCrash,AquaJet,LastRespects|||M|||50|,,,,,Water]Pelipper||FocusSash|Drizzle|Hurricane,WeatherBall,Tailwind,Protect|||M|||50|,,,,,Ghost]Amoonguss||SitrusBerry|Regenerator|Spore,RagePowder,PollenPuff,ClearSmog|||M|||50|,,,,,Water]Incineroar||SafetyGoggles|Intimidate|FakeOut,FlareBlitz,KnockOff,PartingShot|||F|||50|,,,,,Ghost]Maushold||WideLens|Technician|PopulationBomb,FollowMe,Taunt,Protect||||||50|,,,,,Grass
|
|t:|1757020246
|teamsize|p1|4
|teamsize|p2|4
|start
|switch|p1a: Gothitelle|Gothitelle, L50, F|100/100
|switch|p1b: Politoed|Politoed, L50, F|100/100
|switch|p2a: Basculegion|Basculegion, L50, M|100/100
|switch|p2b: Pelipper|Pelipper, L50, M|100/100
|-weather|RainDance|[from] ability: Drizzle|[of] p2b: Pelipper
|turn|1
|
|t:|1757020275
|switch|p1b: Incineroar|Incineroar, L50, F|100/100
|-ability|p1b: Incineroar|Intimidate|boost
|-unboost|p2a: Basculegion|atk|1
|-unboost|p2b: Pelipper|atk|1
|-terastallize|p1a: Gothitelle|Dark
|move|p2a: Basculegion|Wave Crash|p1a: Gothitelle
|-damage|p1a: Gothitelle|24/100
|-enditem|p1a: Gothitelle|Sitrus Berry|[eat]
|-heal|p1a: Gothitelle|49/100|[from] item: Sitrus Berry
|-damage|p2a: Basculegion|77/100|[from] Recoil
|move|p2b: Pelipper|Tailwind|p2b: Pelipper
|-sidestart|p2: migalhinha xd|move: Tailwind
|move|p1a: Gothitelle|Trick Room|p1a: Gothitelle
|-fieldstart|move: Trick Room|[of] p1a: Gothitelle
|
|-weather|RainDance|[upkeep]
|upkeep
|turn|2
|
|t:|1757020312
|move|p1a: Gothitelle|Protect|p1a: Gothitelle
|-singleturn|p1a: Gothitelle|Protect
|move|p2a: Basculegion|Protect|p2a: Basculegion
|-singleturn|p2a: Basculegion|Protect
|move|p1b: Incineroar|Knock Off|p2a: Basculegion
|-activate|p2a: Basculegion|move: Protect
|move|p2b: Pelipper|Weather Ball|p1b: Incineroar
|-supereffective|p1b: Incineroar
|-damage|p1b: Incineroar|8/100
|
|-weather|RainDance|[upkeep]
|upkeep
|turn|3
|
|t:|1757020331
|move|p2a: Basculegion|Aqua Jet|p1b: Incineroar
|-supereffective|p1b: Incineroar
|-damage|p1b: Incineroar|0 fnt
|faint|p1b: Incineroar
|move|p1a: Gothitelle|Psychic|p2b: Pelipper
|-damage|p2b: Pelipper|46/100
|move|p2b: Pelipper|Weather Ball|p1a: Gothitelle
|-crit|p1a: Gothitelle
|-damage|p1a: Gothitelle|0 fnt
|faint|p1a: Gothitelle
|
|-weather|RainDance|[upkeep]
|upkeep
|
|t:|1757020337
|switch|p1b: Amoonguss|Amoonguss, L50, F|100/100
|switch|p1a: Politoed|Politoed, L50, F|100/100
|turn|4
|
|t:|1757020368
|switch|p2a: Amoonguss|Amoonguss, L50, M|100/100
|move|p2b: Pelipper|Protect|p2b: Pelipper
|-singleturn|p2b: Pelipper|Protect
|move|p1b: Amoonguss|Spore|p2a: Amoonguss
|-immune|p2a: Amoonguss
|move|p1a: Politoed|Weather Ball|p2b: Pelipper
|-activate|p2b: Pelipper|move: Protect
|
|-weather|RainDance|[upkeep]
|-sideend|p2: migalhinha xd|move: Tailwind
|upkeep
|turn|5
|c|â˜†Welosethose!|man i suck lmao
|c|â˜†migalhinha xd|perish trap isnt easy to use
|
|t:|1757020408
|move|p1a: Politoed|Protect|p1a: Politoed
|-singleturn|p1a: Politoed|Protect
|move|p1b: Amoonguss|Spore|p2b: Pelipper
|-status|p2b: Pelipper|slp|[from] move: Spore
|move|p2a: Amoonguss|Spore|p1a: Politoed
|-activate|p1a: Politoed|move: Protect
|cant|p2b: Pelipper|slp
|
|-weather|none
|-fieldend|move: Trick Room
|upkeep
|turn|6
|c|â˜†Welosethose!|ive only been using it for the past like 1 and a half months
|-message|Welosethose! forfeited.
|
|win|migalhinha xd
||Welosethose! is ready for game 2.
||migalhinha xd is ready for game 2.
|uhtml|next|Next: Game 2 of 3
