|j|☆tmmc01
|j|☆x5414
|html|tmmc01x5414    
|uhtml|bestof|Game 2 of a best-of-3
|t:|1782503047
|gametype|doubles
|player|p1|tmmc01|artist|1243
|player|p2|x5414|266|1242
|gen|9
|tier|[Gen 9 Champions] VGC 2026 Reg M-B (Bo3)
|rated|
|rule|Species Clause: Limit one of each Pokémon
|rule|Item Clause: Limit 1 of each item
|clearpoke
|poke|p1|Farigiraf, L50, F|
|poke|p1|Charizard, L50, F, shiny|
|poke|p1|Sylveon, L50, M|
|poke|p1|Garchomp, L50, M|
|poke|p1|Kingambit, L50, M|
|poke|p1|Aerodactyl, L50, M|
|poke|p2|Grimmsnarl, L50, M|
|poke|p2|Incineroar, L50, F|
|poke|p2|Whimsicott, L50, M|
|poke|p2|Sinistcha, L50|
|poke|p2|Staraptor, L50, M|
|poke|p2|Glimmora, L50, F|
|teampreview|4
|showteam|p1|Farigiraf||SitrusBerry|ArmorTail|TrickRoom,Roar,GrassKnot,TwinBeam|Bold||F|||50|]Charizard||CharizarditeY|Blaze|Protect,HeatWave,SolarBeam,WeatherBall|Modest||F|||50|]Sylveon||FairyFeather|Pixilate|HyperVoice,Detect,QuickAttack,HyperBeam|Modest||M|||50|]Garchomp||LifeOrb|RoughSkin|Protect,Earthquake,StompingTantrum,DragonClaw|Jolly||M|||50|]Kingambit||FocusSash|Defiant|KowtowCleave,IronHead,SuckerPunch,LowKick|Adamant||M|||50|]Aerodactyl||Aerodactylite|RockHead|Tailwind,SunnyDay,DualWingbeat,RockSlide|Jolly||M|||50|
|showteam|p2|Grimmsnarl||LightClay|Prankster|LightScreen,Reflect,PartingShot,SpiritBreak|Careful||M|||50|]Incineroar||SitrusBerry|Intimidate|FakeOut,FlareBlitz,DarkestLariat,PartingShot|Relaxed||F|||50|]Whimsicott||FocusSash|Prankster|Protect,Moonblast,Encore,Charm|Bold||M|||50|]Sinistcha||OccaBerry|Hospitality|MatchaGotcha,RagePowder,TrickRoom,LifeDew|Sassy|||||50|]Staraptor||Staraptite|Intimidate|BraveBird,CloseCombat,Roost,Protect|Jolly||M|||50|]Glimmora||ChoiceScarf|ToxicDebris|EnergyBall,EarthPower,PowerGem,SludgeBomb|Timid||F|||50|
|inactive|Battle timer is ON: inactive players will automatically lose when time's up. (requested by x5414)
|
|t:|1782503065
|teamsize|p1|4
|teamsize|p2|4
|start
|switch|p1a: Farigiraf|Farigiraf, L50, F|100/100
|switch|p1b: Kingambit|Kingambit, L50, M|100/100
|switch|p2a: Staraptor|Staraptor, L50, M|100/100
|switch|p2b: Glimmora|Glimmora, L50, F|100/100
|-ability|p2a: Staraptor|Intimidate|boost
|-unboost|p1a: Farigiraf|atk|1
|-unboost|p1b: Kingambit|atk|1
|-ability|p1b: Kingambit|Defiant|boost
|-boost|p1b: Kingambit|atk|2
|turn|1
|
|t:|1782503080
|detailschange|p2a: Staraptor|Staraptor-Mega, L50, M
|-mega|p2a: Staraptor|Staraptor|Staraptite
|move|p2b: Glimmora|Earth Power|p1b: Kingambit
|-supereffective|p1b: Kingambit|1
|-damage|p1b: Kingambit|31/100
|-unboost|p1b: Kingambit|spd|1
|-ability|p1b: Kingambit|Defiant|boost
|-boost|p1b: Kingambit|atk|2
|move|p2a: Staraptor|Close Combat|p1b: Kingambit
|-supereffective|p1b: Kingambit|2
|-damage|p1b: Kingambit|0 fnt
|-boost|p2a: Staraptor|def|1
|-boost|p2a: Staraptor|spd|1
|faint|p1b: Kingambit
|move|p1a: Farigiraf|Trick Room|p1a: Farigiraf
|-fieldstart|move: Trick Room|[of] p1a: Farigiraf
|
|upkeep
|
|t:|1782503090
|switch|p1b: Sylveon|Sylveon, L50, M|100/100
|turn|2
|
|t:|1782503108
|switch|p2b: Incineroar|Incineroar, L50, F|100/100
|-ability|p2b: Incineroar|Intimidate|boost
|-unboost|p1a: Farigiraf|atk|1
|-unboost|p1b: Sylveon|atk|1
|move|p2a: Staraptor|Protect|p2a: Staraptor
|-singleturn|p2a: Staraptor|Protect
|move|p1a: Farigiraf|Twin Beam|p2b: Incineroar
|-immune|p2b: Incineroar
|move|p1b: Sylveon|Hyper Voice|p2b: Incineroar|[spread] p2b
|-activate|p2a: Staraptor|move: Protect
|-damage|p2b: Incineroar|56/100
|
|upkeep
|turn|3
|
|t:|1782503126
|move|p1b: Sylveon|Detect|p1b: Sylveon
|-singleturn|p1b: Sylveon|Protect
|move|p2b: Incineroar|Parting Shot|p1b: Sylveon
|-activate|p1b: Sylveon|move: Protect
|move|p2a: Staraptor|Roost||[still]
|-fail|p2a: Staraptor|heal
|move|p1a: Farigiraf|Roar|p2a: Staraptor
|drag|p2a: Glimmora|Glimmora, L50, F|100/100
|
|upkeep
|turn|4
|
|t:|1782503141
|move|p2b: Incineroar|Parting Shot|p1a: Farigiraf
|-unboost|p1a: Farigiraf|atk|1
|-unboost|p1a: Farigiraf|spa|1
|
|t:|1782503144
|switch|p2b: Grimmsnarl|Grimmsnarl, L50, M|100/100|[from] Parting Shot
|move|p1a: Farigiraf|Twin Beam|p2a: Glimmora
|-supereffective|p2a: Glimmora|1
|-damage|p2a: Glimmora|72/100
|-supereffective|p2a: Glimmora|1
|-damage|p2a: Glimmora|45/100
|-hitcount|p2a: Glimmora|2
|move|p1b: Sylveon|Hyper Voice|p2a: Glimmora|[spread] p2a,p2b
|-resisted|p2a: Glimmora|1
|-supereffective|p2b: Grimmsnarl|1
|-crit|p2b: Grimmsnarl
|-damage|p2a: Glimmora|10/100
|-damage|p2b: Grimmsnarl|0 fnt
|faint|p2b: Grimmsnarl
|move|p2a: Glimmora|Sludge Bomb|p1b: Sylveon
|-supereffective|p1b: Sylveon|1
|-damage|p1b: Sylveon|26/100
|-status|p1b: Sylveon|psn
|
|-damage|p1b: Sylveon|13/100 psn|[from] psn
|upkeep
|
|t:|1782503158
|switch|p2b: Staraptor|Staraptor-Mega, L50, M|100/100
|turn|5
|
|t:|1782503176
|switch|p2a: Incineroar|Incineroar, L50, F|56/100
|-ability|p2a: Incineroar|Intimidate|boost
|-unboost|p1a: Farigiraf|atk|1
|-unboost|p1b: Sylveon|atk|1
|move|p2b: Staraptor|Protect|p2b: Staraptor
|-singleturn|p2b: Staraptor|Protect
|move|p1a: Farigiraf|Twin Beam|p2b: Staraptor
|-activate|p2b: Staraptor|move: Protect
|move|p1b: Sylveon|Hyper Beam|p2a: Incineroar
|-damage|p2a: Incineroar|0 fnt
|-mustrecharge|p1b: Sylveon
|faint|p2a: Incineroar
|
|-damage|p1b: Sylveon|1/100 psn|[from] psn
|-fieldend|move: Trick Room
|upkeep
|
|t:|1782503182
|switch|p2a: Glimmora|Glimmora, L50, F|10/100
|turn|6
|
|t:|1782503193
|move|p2a: Glimmora|Power Gem|p1a: Farigiraf
|-damage|p1a: Farigiraf|60/100
|move|p2b: Staraptor|Close Combat|p1a: Farigiraf
|-damage|p1a: Farigiraf|18/100
|-boost|p2b: Staraptor|def|1
|-boost|p2b: Staraptor|spd|1
|-enditem|p1a: Farigiraf|Sitrus Berry|[eat]
|-heal|p1a: Farigiraf|43/100|[from] item: Sitrus Berry
|cant|p1b: Sylveon|recharge
|move|p1a: Farigiraf|Twin Beam|p2a: Glimmora
|-supereffective|p2a: Glimmora|1
|-damage|p2a: Glimmora|0 fnt
|faint|p2a: Glimmora
|-hitcount|p2: Glimmora|1
|
|-damage|p1b: Sylveon|0 fnt|[from] psn
|faint|p1b: Sylveon
|upkeep
|
|t:|1782503200
|switch|p1b: Charizard|Charizard, L50, F, shiny|100/100
|turn|7
|
|t:|1782503206
|detailschange|p1b: Charizard|Charizard-Mega-Y, L50, F, shiny
|-mega|p1b: Charizard|Charizard|Charizardite Y
|-weather|SunnyDay|[from] ability: Drought|[of] p1b: Charizard
|move|p2b: Staraptor|Close Combat|p1a: Farigiraf
|-damage|p1a: Farigiraf|0 fnt
|-boost|p2b: Staraptor|def|1
|-boost|p2b: Staraptor|spd|1
|faint|p1a: Farigiraf
|move|p1b: Charizard|Weather Ball|p2b: Staraptor
|-damage|p2b: Staraptor|56/100
|
|-weather|SunnyDay|[upkeep]
|upkeep
|turn|8
|
|t:|1782503214
|move|p2b: Staraptor|Protect|p2b: Staraptor
|-singleturn|p2b: Staraptor|Protect
|move|p1b: Charizard|Heat Wave|p2b: Staraptor
|-activate|p2b: Staraptor|move: Protect
|
|-weather|SunnyDay|[upkeep]
|upkeep
|turn|9
|
|t:|1782503216
|move|p2b: Staraptor|Roost|p2b: Staraptor
|-heal|p2b: Staraptor|100/100
|-singleturn|p2b: Staraptor|move: Roost
|move|p1b: Charizard|Heat Wave|p2b: Staraptor
|-damage|p2b: Staraptor|54/100
|
|-weather|SunnyDay|[upkeep]
|upkeep
|turn|10
|
|t:|1782503225
|move|p2b: Staraptor|Protect|p2b: Staraptor
|-singleturn|p2b: Staraptor|Protect
|move|p1b: Charizard|Heat Wave|p2b: Staraptor
|-activate|p2b: Staraptor|move: Protect
|
|-weather|SunnyDay|[upkeep]
|upkeep
|turn|11
|
|t:|1782503229
|move|p2b: Staraptor|Roost|p2b: Staraptor
|-heal|p2b: Staraptor|100/100
|-singleturn|p2b: Staraptor|move: Roost
|move|p1b: Charizard|Heat Wave|p2b: Staraptor
|-damage|p2b: Staraptor|60/100
|
|-weather|none
|upkeep
|turn|12
|
|t:|1782503239
|move|p2b: Staraptor|Roost|p2b: Staraptor
|-heal|p2b: Staraptor|100/100
|-singleturn|p2b: Staraptor|move: Roost
|move|p1b: Charizard|Heat Wave|p2b: Staraptor|[miss]
|-miss|p1b: Charizard|p2b: Staraptor
|
|upkeep
|turn|13
|
|t:|1782503244
|move|p2b: Staraptor|Close Combat|p1b: Charizard
|-resisted|p1b: Charizard|1
|-damage|p1b: Charizard|70/100
|-boost|p2b: Staraptor|def|1
|-boost|p2b: Staraptor|spd|1
|move|p1b: Charizard|Heat Wave|p2b: Staraptor
|-damage|p2b: Staraptor|78/100
|
|upkeep
|turn|14
|
|t:|1782503253
|move|p2b: Staraptor|Close Combat|p1b: Charizard
|-resisted|p1b: Charizard|1
|-damage|p1b: Charizard|45/100
|-boost|p2b: Staraptor|def|1
|-boost|p2b: Staraptor|spd|1
|move|p1b: Charizard|Heat Wave|p2b: Staraptor
|-damage|p2b: Staraptor|60/100
|
|upkeep
|turn|15
|
|t:|1782503262
|move|p2b: Staraptor|Brave Bird|p1b: Charizard
|-damage|p1b: Charizard|0 fnt
|faint|p1b: Charizard
|-damage|p2b: Staraptor|46/100|[from] Recoil
|
|win|x5414
|raw|tmmc01's rating: 1243 → 1218(-25 for losing)
|raw|x5414's rating: 1242 → 1267(+25 for winning)
|l|☆x5414
|player|p2|
|l|☆tmmc01
|player|p1|
|j|☆tmmc01
|player|p1|tmmc01|artist|
