|j|☆cowboyoctopus
|j|☆lox1sm
|html|cowboyoctopuslox1sm    
|uhtml|bestof|Game 1 of a best-of-3
|t:|1782473928
|gametype|doubles
|player|p1|cowboyoctopus|bellelba|1175
|player|p2|lox1sm|veteran|1173
|gen|9
|tier|[Gen 9 Champions] VGC 2026 Reg M-B (Bo3)
|rated|
|rule|Species Clause: Limit one of each Pokémon
|rule|Item Clause: Limit 1 of each item
|clearpoke
|poke|p1|Meganium, L50, M|
|poke|p1|Tyranitar, L50, M|
|poke|p1|Excadrill, L50, M|
|poke|p1|Aerodactyl, L50, F|
|poke|p1|Volcarona, L50, F|
|poke|p1|Sneasler, L50, F|
|poke|p2|Charizard, L50, F|
|poke|p2|Metagross, L50|
|poke|p2|Aerodactyl, L50, M|
|poke|p2|Garchomp, L50, M|
|poke|p2|Sylveon, L50, M|
|poke|p2|Kingambit, L50, M|
|teampreview|4
|showteam|p1|Meganium||Meganiumite|Overgrow|SolarBeam,WeatherBall,Synthesis,Protect|Modest||M|||50|]Tyranitar||Tyranitarite|SandStream|RockSlide,KnockOff,LowKick,Protect|Brave||M|||50|]Excadrill||LifeOrb|SandRush|Earthquake,RockSlide,IronHead,Protect|Adamant||M|||50|]Aerodactyl||FocusSash|RockHead|RockSlide,DualWingbeat,StoneEdge,Protect|Jolly||F|||50|]Volcarona||SitrusBerry|FlameBody|RagePowder,HeatWave,WillOWisp,Protect|Bold||F|||50|]Sneasler||WhiteHerb|Unburden|FakeOut,DireClaw,CloseCombat,Protect|Jolly||F|||50|
|showteam|p2|Charizard||CharizarditeY|Blaze|HeatWave,WeatherBall,SolarBeam,Protect|Modest||F|||50|]Metagross||Metagrossite|ClearBody|IronHead,PsychicFangs,StompingTantrum,Protect|Jolly|||||50|]Aerodactyl||SitrusBerry|Unnerve|RockSlide,DualWingbeat,IceFang,Tailwind|Jolly||M|||50|]Garchomp||LifeOrb|RoughSkin|DragonClaw,Earthquake,RockSlide,Protect|Jolly||M|||50|]Sylveon||FairyFeather|Pixilate|HyperVoice,HyperBeam,QuickAttack,Protect|Modest||M|||50|]Kingambit||FocusSash|Defiant|KowtowCleave,SuckerPunch,IronHead,LowKick|Adamant||M|||50|
|inactive|Battle timer is ON: inactive players will automatically lose when time's up. (requested by cowboyoctopus)
|inactive|lox1sm has 60 seconds left.
|
|t:|1782474063
|teamsize|p1|4
|teamsize|p2|4
|start
|switch|p1a: Meganium|Meganium, L50, M|100/100
|switch|p1b: Sneasler|Sneasler, L50, F|100/100
|switch|p2a: Kingambit|Kingambit, L50, M|100/100
|switch|p2b: Garchomp|Garchomp, L50, M|100/100
|turn|1
|inactive|cowboyoctopus has 30 seconds left.
|inactive|cowboyoctopus has 20 seconds left.
|
|t:|1782474105
|switch|p2a: Aerodactyl|Aerodactyl, L50, M|100/100
|-ability|p2a: Aerodactyl|Unnerve
|detailschange|p1a: Meganium|Meganium-Mega, L50, M
|-mega|p1a: Meganium|Meganium|Meganiumite
|move|p1b: Sneasler|Close Combat|p2a: Aerodactyl
|-damage|p2a: Aerodactyl|17/100
|-unboost|p1b: Sneasler|def|1
|-unboost|p1b: Sneasler|spd|1
|-enditem|p2a: Aerodactyl|Sitrus Berry|[eat]
|-heal|p2a: Aerodactyl|41/100|[from] item: Sitrus Berry
|-enditem|p1b: Sneasler|White Herb
|-clearnegativeboost|p1b: Sneasler|[silent]
|move|p2b: Garchomp|Earthquake|p1b: Sneasler|[spread] p1a,p1b
|-immune|p2a: Aerodactyl
|-resisted|p1a: Meganium|1
|-supereffective|p1b: Sneasler|1
|-crit|p1b: Sneasler
|-damage|p1a: Meganium|77/100
|-damage|p1b: Sneasler|0 fnt
|faint|p1b: Sneasler
|-damage|p2b: Garchomp|90/100|[from] item: Life Orb
|move|p1a: Meganium|Solar Beam||[still]
|-prepare|p1a: Meganium|Solar Beam
|-activate|p1a: Meganium|ability: Mega Sol
|-anim|p1a: Meganium|Solar Beam|p2b: Garchomp
|-damage|p2b: Garchomp|10/100
|
|upkeep
|
|t:|1782474117
|switch|p1b: Aerodactyl|Aerodactyl, L50, F|100/100
|turn|2
|inactive|lox1sm has 30 seconds left.
|inactive|lox1sm has 20 seconds left.
|inactive|lox1sm has 15 seconds left.
|inactive|lox1sm has 10 seconds left.
|
|t:|1782474167
|move|p2b: Garchomp|Protect|p2b: Garchomp
|-singleturn|p2b: Garchomp|Protect
|move|p2a: Aerodactyl|Tailwind|p2a: Aerodactyl
|-sidestart|p2: lox1sm|move: Tailwind
|move|p1b: Aerodactyl|Rock Slide|p2b: Garchomp|[spread] p2a
|-activate|p2b: Garchomp|move: Protect
|-supereffective|p2a: Aerodactyl|1
|-damage|p2a: Aerodactyl|0 fnt
|faint|p2a: Aerodactyl
|move|p1a: Meganium|Synthesis|p1a: Meganium
|-activate|p1a: Meganium|ability: Mega Sol
|-heal|p1a: Meganium|100/100
|
|upkeep
|
|t:|1782474183
|switch|p2a: Metagross|Metagross, L50|100/100
|turn|3
|
|t:|1782474200
|detailschange|p2a: Metagross|Metagross-Mega, L50
|-mega|p2a: Metagross|Metagross|Metagrossite
|move|p1a: Meganium|Protect|p1a: Meganium
|-singleturn|p1a: Meganium|Protect
|move|p2a: Metagross|Iron Head|p1a: Meganium
|-activate|p1a: Meganium|move: Protect
|move|p2b: Garchomp|Rock Slide|p1b: Aerodactyl|[spread] p1b
|-activate|p1a: Meganium|move: Protect
|-supereffective|p1b: Aerodactyl|1
|-damage|p1b: Aerodactyl|20/100y
|-damage|p2b: Garchomp|1/100|[from] item: Life Orb
|move|p1b: Aerodactyl|Stone Edge|p2b: Garchomp|[miss]
|-miss|p1b: Aerodactyl|p2b: Garchomp
|
|upkeep
|turn|4
|
|t:|1782474221
|move|p2a: Metagross|Iron Head|p1a: Meganium
|-supereffective|p1a: Meganium|1
|-damage|p1a: Meganium|0 fnt
|faint|p1a: Meganium
|move|p2b: Garchomp|Rock Slide|p1b: Aerodactyl
|-supereffective|p1b: Aerodactyl|1
|-damage|p1b: Aerodactyl|0 fnt
|faint|p1b: Aerodactyl
|-damage|p2b: Garchomp|0 fnt|[from] item: Life Orb
|faint|p2b: Garchomp
|
|upkeep
|
|t:|1782474231
|switch|p2b: Kingambit|Kingambit, L50, M|100/100
|switch|p1a: Volcarona|Volcarona, L50, F|100/100
|turn|5
|
|t:|1782474242
|move|p2a: Metagross|Psychic Fangs|p1a: Volcarona
|-damage|p1a: Volcarona|45/100
|-enditem|p1a: Volcarona|Sitrus Berry|[eat]
|-heal|p1a: Volcarona|70/100|[from] item: Sitrus Berry
|move|p2b: Kingambit|Kowtow Cleave|p1a: Volcarona
|-damage|p1a: Volcarona|25/100
|-status|p2b: Kingambit|brn|[from] ability: Flame Body|[of] p1a: Volcarona
|move|p1a: Volcarona|Heat Wave|p2b: Kingambit|[spread] p2a
|-miss|p1a: Volcarona|p2b: Kingambit
|-supereffective|p2a: Metagross|1
|-damage|p2a: Metagross|37/100
|
|-damage|p2b: Kingambit|93/100 brn|[from] brn
|-sideend|p2: lox1sm|move: Tailwind
|upkeep
|turn|6
|
|t:|1782474256
|move|p2b: Kingambit|Sucker Punch|p1a: Volcarona
|-damage|p1a: Volcarona|7/100
|move|p2a: Metagross|Psychic Fangs|p1a: Volcarona
|-damage|p1a: Volcarona|0 fnt
|faint|p1a: Volcarona
|
|win|lox1sm
|l|☆cowboyoctopus
|player|p1|
||cowboyoctopus is ready for game 2.
||lox1sm is ready for game 2.
|uhtml|next|Next: Game 2 of 3
