|j|☆memeberserk
|j|☆Gamertag1001
|html|memeberserkGamertag1001    
|uhtml|bestof|Game 2 of a best-of-3
|t:|1782607086
|gametype|doubles
|player|p1|memeberserk|lance|1137
|player|p2|Gamertag1001|kieran-champion|1185
|gen|9
|tier|[Gen 9 Champions] VGC 2026 Reg M-B (Bo3)
|rated|
|rule|Species Clause: Limit one of each Pokémon
|rule|Item Clause: Limit 1 of each item
|clearpoke
|poke|p1|Grimmsnarl, L50, M|
|poke|p1|Toxapex, L50, F|
|poke|p1|Pelipper, L50, M|
|poke|p1|Swampert, L50, M|
|poke|p1|Staraptor, L50, F|
|poke|p1|Sinistcha, L50|
|poke|p2|Gardevoir, L50, F|
|poke|p2|Garchomp, L50, F|
|poke|p2|Talonflame, L50, M|
|poke|p2|Rotom-Wash, L50|
|poke|p2|Gholdengo, L50|
|poke|p2|Sneasler, L50, F|
|teampreview|4
|showteam|p1|Grimmsnarl||LightClay|Prankster|LightScreen,Reflect,PartingShot,SpiritBreak|Careful||M|||50|]Toxapex||Leftovers|Regenerator|Infestation,Toxic,BanefulBunker,WideGuard|Bold||F|||50|]Pelipper||FocusSash|Drizzle|Hurricane,WeatherBall,Protect,Tailwind|Timid||M|||50|]Swampert||Swampertite|Torrent|Earthquake,WaveCrash,Protect,IcePunch|Adamant||M|||50|]Staraptor||Staraptite|Intimidate|CloseCombat,Roost,Protect,BraveBird|Adamant||F|||50|]Sinistcha||ColburBerry|Hospitality|MatchaGotcha,Protect,RagePowder,StrengthSap|Bold|||||50|
|showteam|p2|Gardevoir||Gardevoirite|Telepathy|HyperVoice,Psyshock,TrickRoom,Protect|Modest||F|||50|]Garchomp||ChoiceScarf|RoughSkin|Earthquake,StompingTantrum,DragonClaw,RockSlide|Adamant||F|||50|]Talonflame||LifeOrb|GaleWings|BraveBird,FlareBlitz,Tailwind,Protect|Adamant||M|||50|]Rotom-Wash||SitrusBerry|Levitate|HydroPump,Thunderbolt,VoltSwitch,WillOWisp|Modest|||||50|]Gholdengo||MetalCoat|GoodasGold|MakeItRain,ShadowBall,NastyPlot,Protect|Modest|||||50|]Sneasler||WhiteHerb|Unburden|CloseCombat,GunkShot,FakeOut,Protect|Jolly||F|||50|
|inactive|Battle timer is ON: inactive players will automatically lose when time's up. (requested by Gamertag1001)
|
|t:|1782607111
|teamsize|p1|4
|teamsize|p2|4
|start
|switch|p1a: Sinistcha|Sinistcha, L50|100/100
|switch|p1b: Swampert|Swampert, L50, M|100/100
|switch|p2a: Rise|Gholdengo, L50|100/100
|switch|p2b: Tiny Spark|Rotom-Wash, L50|100/100
|turn|1
|inactive|Gamertag1001 has 30 seconds left.
|
|t:|1782607137
|detailschange|p1b: Swampert|Swampert-Mega, L50, M
|-mega|p1b: Swampert|Swampert|Swampertite
|move|p2a: Rise|Nasty Plot|p2a: Rise
|-boost|p2a: Rise|spa|2
|move|p2b: Tiny Spark|Volt Switch|p1a: Sinistcha
|-resisted|p1a: Sinistcha|1
|-damage|p1a: Sinistcha|83/100
|
|t:|1782607141
|switch|p2b: Stargazer|Talonflame, L50, M|100/100|[from] Volt Switch
|move|p1a: Sinistcha|Matcha Gotcha|p2b: Stargazer|[spread] p2a,p2b
|-resisted|p2a: Rise|1
|-resisted|p2b: Stargazer|2
|-crit|p2b: Stargazer
|-damage|p2a: Rise|88/100
|-heal|p1a: Sinistcha|89/100|[from] drain|[of] p2a: Rise
|-damage|p2b: Stargazer|87/100
|-heal|p1a: Sinistcha|94/100|[from] drain|[of] p2b: Stargazer
|move|p1b: Swampert|Earthquake|p2b: Stargazer|[spread] p1a,p2a
|-immune|p2b: Stargazer
|-resisted|p1a: Sinistcha|1
|-supereffective|p2a: Rise|1
|-damage|p1a: Sinistcha|78/100
|-damage|p2a: Rise|0 fnt
|faint|p2a: Rise
|
|upkeep
|
|t:|1782607160
|switch|p2a: Tiny Spark|Rotom-Wash, L50|100/100
|turn|2
|
|t:|1782607165
|switch|p1a: Pelipper|Pelipper, L50, M|100/100
|-weather|RainDance|[from] ability: Drizzle|[of] p1a: Pelipper
|move|p2b: Stargazer|Protect|p2b: Stargazer
|-singleturn|p2b: Stargazer|Protect
|move|p1b: Swampert|Wave Crash|p2b: Stargazer
|-activate|p2b: Stargazer|move: Protect
|move|p2a: Tiny Spark|Will-O-Wisp|p1b: Swampert
|-status|p1b: Swampert|brn
|
|-weather|RainDance|[upkeep]
|-damage|p1b: Swampert|94/100 brn|[from] brn
|upkeep
|turn|3
|
|t:|1782607180
|switch|p1a: Sinistcha|Sinistcha, L50|78/100
|-heal|p1b: Swampert|100/100 brn|[from] ability: Hospitality|[of] p1a: Sinistcha
|move|p1b: Swampert|Wave Crash|p2b: Stargazer
|-supereffective|p2b: Stargazer|1
|-damage|p2b: Stargazer|0 fnt
|faint|p2b: Stargazer
|-damage|p1b: Swampert|77/100 brn|[from] Recoil
|move|p2a: Tiny Spark|Volt Switch|p1a: Sinistcha
|-resisted|p1a: Sinistcha|1
|-damage|p1a: Sinistcha|59/100
|
|t:|1782607183
|switch|p2a: Hi-Fi Killer|Gardevoir, L50, F|100/100|[from] Volt Switch
|
|-weather|RainDance|[upkeep]
|-damage|p1b: Swampert|71/100 brn|[from] brn
|upkeep
|
|t:|1782607185
|switch|p2b: Tiny Spark|Rotom-Wash, L50|100/100
|turn|4
|
|t:|1782607203
|detailschange|p2a: Hi-Fi Killer|Gardevoir-Mega, L50, F
|-mega|p2a: Hi-Fi Killer|Gardevoir|Gardevoirite
|move|p1b: Swampert|Wave Crash|p2a: Hi-Fi Killer
|-damage|p2a: Hi-Fi Killer|25/100
|-damage|p1b: Swampert|52/100 brn|[from] Recoil
|move|p2a: Hi-Fi Killer|Hyper Voice|p1a: Sinistcha|[spread] p1a,p1b
|-damage|p1a: Sinistcha|1/100
|-damage|p1b: Swampert|11/100 brn
|move|p2b: Tiny Spark|Hydro Pump|p1b: Swampert|[miss]
|-miss|p2b: Tiny Spark|p1b: Swampert
|move|p1a: Sinistcha|Matcha Gotcha|p2a: Hi-Fi Killer|[spread] p2a,p2b
|-supereffective|p2b: Tiny Spark|1
|-damage|p2a: Hi-Fi Killer|4/100
|-heal|p1a: Sinistcha|10/100|[from] drain|[of] p2a: Hi-Fi Killer
|-damage|p2b: Tiny Spark|50/100y
|-heal|p1a: Sinistcha|32/100|[from] drain|[of] p2b: Tiny Spark
|-enditem|p2b: Tiny Spark|Sitrus Berry|[eat]
|-heal|p2b: Tiny Spark|75/100|[from] item: Sitrus Berry
|
|-weather|RainDance|[upkeep]
|-damage|p1b: Swampert|5/100 brn|[from] brn
|upkeep
|turn|5
|inactive|memeberserk has 30 seconds left.
|
|t:|1782607236
|move|p2a: Hi-Fi Killer|Protect|p2a: Hi-Fi Killer
|-singleturn|p2a: Hi-Fi Killer|Protect
|move|p1a: Sinistcha|Rage Powder|p1a: Sinistcha
|-singleturn|p1a: Sinistcha|move: Rage Powder
|move|p1b: Swampert|Wave Crash|p2a: Hi-Fi Killer
|-activate|p2a: Hi-Fi Killer|move: Protect
|move|p2b: Tiny Spark|Hydro Pump|p1a: Sinistcha
|-resisted|p1a: Sinistcha|1
|-damage|p1a: Sinistcha|0 fnt
|faint|p1a: Sinistcha
|
|-weather|RainDance|[upkeep]
|-damage|p1b: Swampert|0 fnt|[from] brn
|faint|p1b: Swampert
|upkeep
|
|t:|1782607248
|switch|p1a: Pelipper|Pelipper, L50, M|100/100
|switch|p1b: Staraptor|Staraptor, L50, F|100/100
|-ability|p1b: Staraptor|Intimidate|boost
|-unboost|p2a: Hi-Fi Killer|atk|1
|-unboost|p2b: Tiny Spark|atk|1
|turn|6
|inactive|memeberserk has 30 seconds left.
|
|t:|1782607276
|move|p1b: Staraptor|Protect|p1b: Staraptor
|-singleturn|p1b: Staraptor|Protect
|move|p2a: Hi-Fi Killer|Hyper Voice|p1a: Pelipper|[spread] p1a
|-activate|p1b: Staraptor|move: Protect
|-damage|p1a: Pelipper|7/100
|move|p1a: Pelipper|Weather Ball|p2a: Hi-Fi Killer
|-damage|p2a: Hi-Fi Killer|0 fnt
|faint|p2a: Hi-Fi Killer
|move|p2b: Tiny Spark|Thunderbolt|p1a: Pelipper
|-supereffective|p1a: Pelipper|2
|-damage|p1a: Pelipper|0 fnt
|faint|p1a: Pelipper
|
|-weather|none
|upkeep
|turn|7
|
|t:|1782607294
|move|p1b: Staraptor|Brave Bird|p2b: Tiny Spark
|-resisted|p2b: Tiny Spark|1
|-damage|p2b: Tiny Spark|40/100
|-damage|p1b: Staraptor|90/100|[from] Recoil
|move|p2b: Tiny Spark|Thunderbolt|p1b: Staraptor
|-supereffective|p1b: Staraptor|1
|-crit|p1b: Staraptor
|-damage|p1b: Staraptor|0 fnt
|faint|p1b: Staraptor
|
|win|Gamertag1001
|raw|memeberserk's rating: 1137 → 1115(-22 for losing)
|raw|Gamertag1001's rating: 1185 → 1207(+22 for winning)
|l|☆memeberserk
|player|p1|
