|j|☆itssanctum
|j|☆dihhstin
|html|itssanctumdihhstin    
|uhtml|bestof|Game 2 of a best-of-3
|t:|1784254227
|gametype|doubles
|player|p1|itssanctum|barry|
|player|p2|dihhstin|steven|
|gen|9
|tier|[Gen 9 Champions] VGC 2026 Reg M-B (Bo3)
|rule|Species Clause: Limit one of each Pokémon
|rule|Item Clause: Limit 1 of each item
|clearpoke
|poke|p1|Kangaskhan, L50, F|
|poke|p1|Swampert, L50, M|
|poke|p1|Pelipper, L50, F|
|poke|p1|Sableye, L50, M|
|poke|p1|Archaludon, L50, M|
|poke|p1|Qwilfish, L50, M|
|poke|p2|Farigiraf, L50, F|
|poke|p2|Clefable, L50, F|
|poke|p2|Gallade, L50, M, shiny|
|poke|p2|Dragapult, L50, F|
|poke|p2|Arcanine, L50, M|
|poke|p2|Tinkaton, L50, F|
|teampreview|4
|showteam|p1|Kangaskhan||LumBerry|Scrappy|FakeOut,HelpingHand,Protect,DoubleEdge|Adamant||F|||50|]Swampert||Swampertite|Torrent|Earthquake,WaveCrash,Protect,KnockOff|Adamant||M|||50|]Pelipper||DampRock|Drizzle|Tailwind,Hurricane,Protect,HelpingHand|Calm||F|||50|]Sableye||Sablenite|Prankster|Protect,FoulPlay,LightScreen,RainDance|Careful||M|||50|]Archaludon||Leftovers|Stamina|Protect,ElectroShot,FlashCannon,DragonPulse|Bold||M|||50|]Qwilfish||SitrusBerry|SwiftSwim|Taunt,FlipTurn,Crunch,Protect|Adamant||M|||50|
|showteam|p2|Farigiraf||SitrusBerry|ArmorTail|BeatUp,DazzlingGleam,TrickRoom,AllySwitch|Bold||F|||50|]Clefable||MentalHerb|Unaware|HelpingHand,FollowMe,DazzlingGleam,LifeDew|Modest||F|||50|]Gallade||Galladite|Justified|DrainPunch,ShadowSneak,TripleAxel,Protect|Jolly||M|||50|]Dragapult||LifeOrb|Infiltrator|PhantomForce,SuckerPunch,DragonClaw,PsychicFangs|Adamant||F|||50|]Arcanine||Leftovers|Intimidate|Howl,Protect,WillOWisp,FlareBlitz|Jolly||M|||50|]Tinkaton||ShucaBerry|MoldBreaker|GigatonHammer,FakeOut,Encore,Protect|Jolly||F|||50|
|c|☆itssanctum|gl
|
|t:|1784254260
|teamsize|p1|4
|teamsize|p2|4
|start
|switch|p1a: Kawakami|Kangaskhan, L50, F|100/100
|switch|p1b: Futaba|Pelipper, L50, F|100/100
|switch|p2a: Dragapult|Dragapult, L50, F|100/100
|switch|p2b: Tinkaton|Tinkaton, L50, F|100/100
|-ability|p2b: Tinkaton|Mold Breaker
|-weather|RainDance|[from] ability: Drizzle|[of] p1b: Futaba
|turn|1
|inactive|Battle timer is ON: inactive players will automatically lose when time's up. (requested by dihhstin)
|inactive|dihhstin has 60 seconds left.
|
|t:|1784254299
|move|p2b: Tinkaton|Protect|p2b: Tinkaton
|-singleturn|p2b: Tinkaton|Protect
|move|p1a: Kawakami|Fake Out|p2a: Dragapult
|-damage|p2a: Dragapult|74/100
|cant|p2a: Dragapult|flinch
|move|p1b: Futaba|Tailwind|p1b: Futaba
|-sidestart|p1: itssanctum|move: Tailwind
|
|-weather|RainDance|[upkeep]
|upkeep
|turn|2
|
|t:|1784254322
|switch|p1b: Yusuke|Swampert, L50, M|100/100
|move|p1a: Kawakami|Double-Edge|p2a: Dragapult
|-damage|p2a: Dragapult|5/100
|-damage|p1a: Kawakami|82/100|[from] Recoil
|move|p2a: Dragapult|Dragon Claw|p1a: Kawakami
|-damage|p1a: Kawakami|29/100
|-damage|p2a: Dragapult|0 fnt|[from] item: Life Orb
|faint|p2a: Dragapult
|move|p2b: Tinkaton|Gigaton Hammer|p1a: Kawakami
|-damage|p1a: Kawakami|0 fnt
|faint|p1a: Kawakami
|
|-weather|RainDance|[upkeep]
|upkeep
|
|t:|1784254340
|switch|p2a: Gallade|Gallade, L50, M, shiny|100/100
|switch|p1a: Futaba|Pelipper, L50, F|100/100
|turn|3
|
|t:|1784254348
|detailschange|p1b: Yusuke|Swampert-Mega, L50, M
|-mega|p1b: Yusuke|Swampert|Swampertite
|detailschange|p2a: Gallade|Gallade-Mega, L50, M, shiny
|-mega|p2a: Gallade|Gallade|Galladite
|move|p2a: Gallade|Protect|p2a: Gallade
|-singleturn|p2a: Gallade|Protect
|move|p2b: Tinkaton|Protect|p2b: Tinkaton
|-singleturn|p2b: Tinkaton|Protect
|move|p1b: Yusuke|Earthquake|p2b: Tinkaton|[spread] 
|-activate|p2a: Gallade|move: Protect
|-activate|p2b: Tinkaton|move: Protect
|-immune|p1a: Futaba
|move|p1a: Futaba|Hurricane|p2a: Gallade
|-activate|p2a: Gallade|move: Protect
|
|-weather|RainDance|[upkeep]
|upkeep
|turn|4
|inactive|dihhstin has 30 seconds left.
|
|t:|1784254382
|switch|p2b: Clefable|Clefable, L50, F|100/100
|move|p1b: Yusuke|Earthquake|p2a: Gallade|[spread] p2a,p2b
|-immune|p1a: Futaba
|-damage|p2a: Gallade|53/100
|-damage|p2b: Clefable|50/100g
|move|p2a: Gallade|Drain Punch|p1b: Yusuke
|-damage|p1b: Yusuke|68/100
|-heal|p2a: Gallade|72/100|[from] drain|[of] p1b: Yusuke
|move|p1a: Futaba|Hurricane|p2a: Gallade
|-supereffective|p2a: Gallade|1
|-damage|p2a: Gallade|10/100
|-start|p2a: Gallade|confusion
|
|-weather|RainDance|[upkeep]
|-sideend|p1: itssanctum|move: Tailwind
|upkeep
|turn|5
|
|t:|1784254407
|move|p1a: Futaba|Helping Hand|p1b: Yusuke
|-singleturn|p1b: Yusuke|Helping Hand|[of] p1a: Futaba
|-activate|p2a: Gallade|confusion
|move|p2a: Gallade|Protect|p2a: Gallade
|-singleturn|p2a: Gallade|Protect
|move|p1b: Yusuke|Earthquake|p2a: Gallade|[spread] p2b
|-activate|p2a: Gallade|move: Protect
|-immune|p1a: Futaba
|-damage|p2b: Clefable|0 fnt
|faint|p2b: Clefable
|
|-weather|RainDance|[upkeep]
|upkeep
|
|t:|1784254415
|switch|p2b: Tinkaton|Tinkaton, L50, F|100/100
|-ability|p2b: Tinkaton|Mold Breaker
|turn|6
|
|t:|1784254437
|move|p1a: Futaba|Helping Hand|p1b: Yusuke
|-singleturn|p1b: Yusuke|Helping Hand|[of] p1a: Futaba
|move|p2b: Tinkaton|Fake Out|p1b: Yusuke
|-damage|p1b: Yusuke|61/100
|cant|p1b: Yusuke|flinch
|-activate|p2a: Gallade|confusion
|move|p2a: Gallade|Drain Punch|p1b: Yusuke
|-damage|p1b: Yusuke|32/100
|-heal|p2a: Gallade|28/100|[from] drain|[of] p1b: Yusuke
|
|-weather|RainDance|[upkeep]
|upkeep
|turn|7
|
|t:|1784254453
|move|p1a: Futaba|Helping Hand|p1b: Yusuke
|-singleturn|p1b: Yusuke|Helping Hand|[of] p1a: Futaba
|-end|p2a: Gallade|confusion
|move|p2a: Gallade|Protect|p2a: Gallade
|-singleturn|p2a: Gallade|Protect
|move|p2b: Tinkaton|Protect|p2b: Tinkaton
|-singleturn|p2b: Tinkaton|Protect
|move|p1b: Yusuke|Earthquake|p2b: Tinkaton|[spread] 
|-activate|p2a: Gallade|move: Protect
|-activate|p2b: Tinkaton|move: Protect
|-immune|p1a: Futaba
|
|-weather|RainDance|[upkeep]
|upkeep
|turn|8
|
|t:|1784254464
|move|p1a: Futaba|Helping Hand|p1b: Yusuke
|-singleturn|p1b: Yusuke|Helping Hand|[of] p1a: Futaba
|move|p1b: Yusuke|Earthquake|p2b: Tinkaton|[spread] p2a,p2b
|-immune|p1a: Futaba
|-supereffective|p2b: Tinkaton|1
|-enditem|p2b: Tinkaton|Shuca Berry|[eat]
|-enditem|p2b: Tinkaton|Shuca Berry|[weaken]
|-damage|p2a: Gallade|0 fnt
|-damage|p2b: Tinkaton|31/100
|faint|p2a: Gallade
|move|p2b: Tinkaton|Encore|p1a: Futaba
|-start|p1a: Futaba|Encore
|
|-weather|none
|upkeep
|turn|9
|c|☆dihhstin|gg
|
|t:|1784254478
|switch|p1a: Ryuji|Archaludon, L50, M|100/100
|move|p2b: Tinkaton|Gigaton Hammer|p1b: Yusuke
|-resisted|p1b: Yusuke|1
|-damage|p1b: Yusuke|15/100
|move|p1b: Yusuke|Wave Crash|p2b: Tinkaton
|-damage|p2b: Tinkaton|0 fnt
|faint|p2b: Tinkaton
|-damage|p1b: Yusuke|5/100|[from] Recoil
|
|win|itssanctum
|c|☆itssanctum|gg
|l|☆dihhstin
|player|p2|
