|j|☆mattf315
|j|☆Tears tears
|html|mattf315Tears tears    
|uhtml|bestof|Game 1 of a best-of-3
|t:|1756250202
|gametype|doubles
|player|p1|mattf315|2|1042
|player|p2|Tears tears|steven|1067
|gen|9
|tier|[Gen 9] VGC 2025 Reg H (Bo3)
|rated|
|rule|Species Clause: Limit one of each Pokémon
|rule|Item Clause: Limit 1 of each item
|clearpoke
|poke|p1|Gallade, L50, M|
|poke|p1|Amoonguss, L50, F|
|poke|p1|Indeedee-F, L50, F|
|poke|p1|Incineroar, L50, M|
|poke|p1|Ursaluna, L50, M|
|poke|p1|Sylveon, L50, M|
|poke|p2|Whimsicott, L50, M|
|poke|p2|Gholdengo, L50|
|poke|p2|Incineroar, L50, F|
|poke|p2|Gastrodon, L50, M|
|poke|p2|Sneasler, L50, F|
|poke|p2|Porygon2, L50|
|teampreview|4
|showteam|p1|Gallade||ScopeLens|Sharpness|PsychoCut,SacredSword,NightSlash,TrickRoom|||M|||50|,,,,,Dark]Amoonguss||RockyHelmet|Regenerator|PollenPuff,RagePowder,Spore,ClearSmog|||F|||50|,,,,,Water]Indeedee-F||PsychicSeed|PsychicSurge|Psychic,FollowMe,HelpingHand,TrickRoom|||F|||50|,,,,,Fairy]Incineroar||SafetyGoggles|Intimidate|FakeOut,FlareBlitz,KnockOff,PartingShot|||M|||50|,,,,,Ghost]Ursaluna||FlameOrb|Guts|Facade,HeadlongRush,BrickBreak,Protect|||M|||50|,,,,,Normal]Sylveon||ThroatSpray|Pixilate|HyperVoice,TeraBlast,CalmMind,Protect|||M|||50|,,,,,Water
|showteam|p2|Whimsicott||FocusSash|Prankster|Tailwind,Encore,FakeTears,Moonblast|||M|||50|,,,,,Dragon]Gholdengo||LifeOrb|GoodasGold|MakeItRain,Protect,ShadowBall,NastyPlot||||||50|,,,,,Water]Incineroar||SafetyGoggles|Intimidate|KnockOff,PartingShot,FakeOut,FlareBlitz|||F|||50|,,,,,Ghost]Gastrodon||SitrusBerry|StormDrain|MuddyWater,Protect,EarthPower,Recover|||M|||50|,,,,,Fire]Sneasler||WhiteHerb|Unburden|DireClaw,CloseCombat,Acrobatics,SwordsDance|||F|||50|,,,,,Flying]Porygon2||Eviolite|Analytic|Recover,FoulPlay,IceBeam,Protect||||||50|,,,,,Ghost
|inactive|Battle timer is ON: inactive players will automatically lose when time's up. (requested by Tears tears)
|
|t:|1756250241
|teamsize|p1|4
|teamsize|p2|4
|start
|switch|p1a: Indeedee|Indeedee-F, L50, F|100/100
|switch|p1b: Gallade|Gallade, L50, M|100/100
|switch|p2a: Sneasler|Sneasler, L50, F|100/100
|switch|p2b: Incineroar|Incineroar, L50, F|100/100
|-fieldstart|move: Psychic Terrain|[from] ability: Psychic Surge|[of] p1a: Indeedee
|-enditem|p1a: Indeedee|Psychic Seed
|-boost|p1a: Indeedee|spd|1|[from] item: Psychic Seed
|-ability|p2b: Incineroar|Intimidate|boost
|-unboost|p1a: Indeedee|atk|1
|-unboost|p1b: Gallade|atk|1
|turn|1
|
|t:|1756250263
|move|p1a: Indeedee|Follow Me|p1a: Indeedee
|-singleturn|p1a: Indeedee|move: Follow Me
|move|p2a: Sneasler|Acrobatics|p1a: Indeedee
|-damage|p1a: Indeedee|82/100
|move|p2b: Incineroar|Knock Off|p1a: Indeedee
|-supereffective|p1a: Indeedee
|-damage|p1a: Indeedee|29/100
|move|p1b: Gallade|Trick Room|p1b: Gallade
|-fieldstart|move: Trick Room|[of] p1b: Gallade
|
|upkeep
|turn|2
|inactive|mattf315 has 30 seconds left.
|inactive|Tears tears has 30 seconds left.
|inactive|Tears tears has 20 seconds left.
|inactive|Tears tears has 15 seconds left.
|inactive|Tears tears has 10 seconds left.
|inactive|Tears tears has 5 seconds left.
|
|t:|1756250318
|move|p1b: Gallade|Sacred Sword|p2b: Incineroar
|-supereffective|p2b: Incineroar
|-damage|p2b: Incineroar|20/100
|move|p2b: Incineroar|Knock Off|p1b: Gallade
|-damage|p1b: Gallade|44/100
|-enditem|p1b: Gallade|Scope Lens|[from] move: Knock Off|[of] p2b: Incineroar
|move|p1a: Indeedee|Psychic|p2a: Sneasler
|-supereffective|p2a: Sneasler
|-damage|p2a: Sneasler|0 fnt
|faint|p2a: Sneasler
|
|upkeep
|
|t:|1756250333
|switch|p2a: Gholdengo|Gholdengo, L50|100/100
|turn|3
|
|t:|1756250350
|-terastallize|p1b: Gallade|Dark
|-terastallize|p2a: Gholdengo|Water
|move|p1a: Indeedee|Follow Me|p1a: Indeedee
|-singleturn|p1a: Indeedee|move: Follow Me
|move|p1b: Gallade|Night Slash|p2a: Gholdengo
|-damage|p2a: Gholdengo|55/100
|move|p2b: Incineroar|Knock Off|p1a: Indeedee
|-supereffective|p1a: Indeedee
|-damage|p1a: Indeedee|0 fnt
|faint|p1a: Indeedee
|move|p2a: Gholdengo|Make It Rain|p1b: Gallade
|-damage|p1b: Gallade|0 fnt
|-unboost|p2a: Gholdengo|spa|1
|faint|p1b: Gallade
|-damage|p2a: Gholdengo|46/100|[from] item: Life Orb
|
|upkeep
|
|t:|1756250366
|switch|p1b: Ursaluna|Ursaluna, L50, M|100/100
|switch|p1a: Amoonguss|Amoonguss, L50, F|100/100
|turn|4
|
|t:|1756250385
|switch|p2a: Porygon2|Porygon2, L50|100/100
|move|p1b: Ursaluna|Protect|p1b: Ursaluna
|-singleturn|p1b: Ursaluna|Protect
|move|p1a: Amoonguss|Spore|p2b: Incineroar
|-activate|p2b: Incineroar|item: Safety Goggles|Spore
|move|p2b: Incineroar|Knock Off|p1b: Ursaluna
|-activate|p1b: Ursaluna|move: Protect
|
|-status|p1b: Ursaluna|brn|[from] item: Flame Orb
|upkeep
|turn|5
|inactive|mattf315 has 30 seconds left.
|
|t:|1756250419
|move|p2a: Porygon2|Protect|p2a: Porygon2
|-singleturn|p2a: Porygon2|Protect
|move|p1a: Amoonguss|Spore|p2a: Porygon2
|-activate|p2a: Porygon2|move: Protect
|move|p1b: Ursaluna|Facade|p2b: Incineroar
|-damage|p2b: Incineroar|0 fnt
|faint|p2b: Incineroar
|
|-damage|p1b: Ursaluna|95/100 brn|[from] brn
|-fieldend|move: Trick Room
|-fieldend|move: Psychic Terrain
|upkeep
|
|t:|1756250422
|switch|p2b: Gholdengo|Gholdengo, L50, tera:Water|46/100
|turn|6
|
|t:|1756250443
|move|p1a: Amoonguss|Rage Powder|p1a: Amoonguss
|-singleturn|p1a: Amoonguss|move: Rage Powder
|move|p2b: Gholdengo|Shadow Ball|p1a: Amoonguss
|-damage|p1a: Amoonguss|53/100
|-damage|p2b: Gholdengo|36/100|[from] item: Life Orb
|move|p2a: Porygon2|Ice Beam|p1a: Amoonguss
|-supereffective|p1a: Amoonguss
|-damage|p1a: Amoonguss|16/100
|move|p1b: Ursaluna|Facade|p2a: Porygon2
|-damage|p2a: Porygon2|35/100
|
|-damage|p1b: Ursaluna|89/100 brn|[from] brn
|upkeep
|turn|7
|inactive|mattf315 has 30 seconds left.
|inactive|Tears tears has 30 seconds left.
|inactive|mattf315 has 20 seconds left.
|
|t:|1756250481
|move|p1a: Amoonguss|Rage Powder|p1a: Amoonguss
|-singleturn|p1a: Amoonguss|move: Rage Powder
|move|p2b: Gholdengo|Make It Rain|p1a: Amoonguss|[spread] p1a,p1b
|-damage|p1a: Amoonguss|0 fnt
|-damage|p1b: Ursaluna|39/100 brn
|-unboost|p2b: Gholdengo|spa|1
|faint|p1a: Amoonguss
|-damage|p2b: Gholdengo|26/100|[from] item: Life Orb
|move|p2a: Porygon2|Foul Play|p1b: Ursaluna
|-damage|p1b: Ursaluna|14/100 brn
|move|p1b: Ursaluna|Facade|p2a: Porygon2
|-damage|p2a: Porygon2|0 fnt
|faint|p2a: Porygon2
|
|-damage|p1b: Ursaluna|8/100 brn|[from] brn
|upkeep
|turn|8
|
|t:|1756250498
|move|p2b: Gholdengo|Make It Rain|p1b: Ursaluna
|-damage|p1b: Ursaluna|0 fnt
|-unboost|p2b: Gholdengo|spa|1
|faint|p1b: Ursaluna
|-damage|p2b: Gholdengo|16/100|[from] item: Life Orb
|
|win|Tears tears
||mattf315 is ready for game 2.
||Tears tears is ready for game 2.
|uhtml|next|Next: Game 2 of 3
