|j|☆ENDERTYTAR
|j|☆ilearnpkmnnow
|html|ENDERTYTARilearnpkmnnow    
|uhtml|bestof|Game 1 of a best-of-3
|t:|1785950470
|gametype|doubles
|player|p1|ENDERTYTAR|170|1165
|player|p2|ilearnpkmnnow|lucas|1180
|gen|9
|tier|[Gen 9 Champions] VGC 2026 Reg M-B (Bo3)
|rated|
|rule|Species Clause: Limit one of each Pokémon
|rule|Item Clause: Limit 1 of each item
|clearpoke
|poke|p1|Charizard, L50, M|
|poke|p1|Milotic, L50, F|
|poke|p1|Grimmsnarl, L50, M|
|poke|p1|Sinistcha, L50|
|poke|p1|Incineroar, L50, M|
|poke|p1|Floette-Eternal, L50, F|
|poke|p2|Raichu, L50, F|
|poke|p2|Staraptor, L50, F|
|poke|p2|Arcanine-Hisui, L50, M|
|poke|p2|Farigiraf, L50, M|
|poke|p2|Sylveon, L50, F|
|poke|p2|Kingambit, L50, M|
|teampreview|4
|showteam|p1|Charizard||CharizarditeX|Blaze|Protect,DragonRush,FlareBlitz,DragonDance|Adamant||M|||50|]Milotic||Leftovers|Competitive|Coil,MuddyWater,Hypnosis,Protect|Calm||F|||50|]Grimmsnarl||LightClay|Prankster|LightScreen,Reflect,SpiritBreak,PartingShot|Impish||M|||50|]Sinistcha||ColburBerry|Hospitality|MatchaGotcha,TrickRoom,RagePowder,Protect|Calm|||||50|]Incineroar||SitrusBerry|Intimidate|FakeOut,FlareBlitz,PartingShot,ThroatChop|Adamant||M|||50|]Floette-Eternal||Floettite|FlowerVeil|Protect,Moonblast,DazzlingGleam,CalmMind|Modest||F|||50|
|showteam|p2|Raichu||RaichuniteY|LightningRod|ZapCannon,FocusBlast,FakeOut,Protect|Timid||F|||50|]Staraptor||Staraptite|Intimidate|CloseCombat,DualWingbeat,Tailwind,Protect|Jolly||F|||50|]Arcanine-Hisui||FocusSash|RockHead|FlareBlitz,HeadSmash,ExtremeSpeed,Protect|Jolly||M|||50|]Farigiraf||SitrusBerry|ArmorTail|Psychic,HelpingHand,TrickRoom,Protect|Calm||M|||50|]Sylveon||FairyFeather|Pixilate|HyperVoice,QuickAttack,HyperBeam,Detect|Modest||F|||50|]Kingambit||LifeOrb|Defiant|KowtowCleave,SuckerPunch,SwordsDance,Protect|Adamant||M|||50|
|inactive|Battle timer is ON: inactive players will automatically lose when time's up. (requested by ENDERTYTAR)
|
|t:|1785950532
|teamsize|p1|4
|teamsize|p2|4
|start
|switch|p1a: Milotic|Milotic, L50, F|100/100
|switch|p1b: Grimmsnarl|Grimmsnarl, L50, M|100/100
|switch|p2a: Raichu|Raichu, L50, F|100/100
|switch|p2b: Arcanine|Arcanine-Hisui, L50, M|100/100
|turn|1
|inactive|ilearnpkmnnow has 30 seconds left.
|inactive|ilearnpkmnnow has 20 seconds left.
|inactive|ilearnpkmnnow has 15 seconds left.
|inactive|ilearnpkmnnow has 10 seconds left.
|
|t:|1785950580
|detailschange|p2a: Raichu|Raichu-Mega-Y, L50, F
|-mega|p2a: Raichu|Raichu|Raichunite Y
|move|p1a: Milotic|Protect|p1a: Milotic
|-singleturn|p1a: Milotic|Protect
|move|p1b: Grimmsnarl|Reflect|p1b: Grimmsnarl
|-sidestart|p1: ENDERTYTAR|Reflect
|move|p2a: Raichu|Zap Cannon|p1a: Milotic
|-activate|p1a: Milotic|move: Protect
|move|p2b: Arcanine|Flare Blitz|p1b: Grimmsnarl
|-damage|p1b: Grimmsnarl|63/100
|
|upkeep
|turn|2
|inactive|ilearnpkmnnow has 30 seconds left.
|
|t:|1785950609
|move|p1b: Grimmsnarl|Light Screen|p1b: Grimmsnarl
|-sidestart|p1: ENDERTYTAR|move: Light Screen
|move|p2a: Raichu|Zap Cannon|p1a: Milotic
|-supereffective|p1a: Milotic|1
|-damage|p1a: Milotic|48/100
|-status|p1a: Milotic|par
|move|p2b: Arcanine|Flare Blitz|p1a: Milotic
|-resisted|p1a: Milotic|1
|-damage|p1a: Milotic|32/100 par
|move|p1a: Milotic|Muddy Water|p2b: Arcanine|[spread] p2a
|-miss|p1a: Milotic|p2b: Arcanine
|-damage|p2a: Raichu|68/100
|
|-heal|p1a: Milotic|38/100 par|[from] item: Leftovers
|upkeep
|turn|3
|inactive|ENDERTYTAR has 30 seconds left.
|inactive|ilearnpkmnnow has 30 seconds left.
|inactive|ENDERTYTAR has 20 seconds left.
|inactive|ilearnpkmnnow has 20 seconds left.
|inactive|ENDERTYTAR has 15 seconds left.
|
|t:|1785950652
|move|p1b: Grimmsnarl|Parting Shot|p2a: Raichu
|-unboost|p2a: Raichu|atk|1
|-unboost|p2a: Raichu|spa|1
|
|t:|1785950656
|switch|p1b: Sinistcha|Sinistcha, L50|100/100|[from] Parting Shot
|-heal|p1a: Milotic|62/100 par|[from] ability: Hospitality|[of] p1b: Sinistcha
|move|p2a: Raichu|Zap Cannon|p1a: Milotic
|-supereffective|p1a: Milotic|1
|-damage|p1a: Milotic|25/100 par
|move|p2b: Arcanine|Flare Blitz|p1b: Sinistcha
|-supereffective|p1b: Sinistcha|1
|-damage|p1b: Sinistcha|32/100
|move|p1a: Milotic|Muddy Water|p2a: Raichu|[spread] p2a,p2b
|-supereffective|p2b: Arcanine|2
|-damage|p2a: Raichu|37/100
|-enditem|p2b: Arcanine|Focus Sash
|-damage|p2b: Arcanine|1/100
|-unboost|p2a: Raichu|accuracy|1
|
|-heal|p1a: Milotic|31/100 par|[from] item: Leftovers
|upkeep
|turn|4
|inactive|ilearnpkmnnow has 30 seconds left.
|inactive|ilearnpkmnnow has 20 seconds left.
|inactive|ilearnpkmnnow has 15 seconds left.
|inactive|ilearnpkmnnow has 10 seconds left.
|inactive|ilearnpkmnnow has 5 seconds left.
|
|t:|1785950711
|move|p1b: Sinistcha|Rage Powder|p1b: Sinistcha
|-singleturn|p1b: Sinistcha|move: Rage Powder
|move|p2a: Raichu|Zap Cannon|p1b: Sinistcha
|-resisted|p1b: Sinistcha|1
|-damage|p1b: Sinistcha|21/100
|-status|p1b: Sinistcha|par
|move|p2b: Arcanine|Flare Blitz|p1b: Sinistcha
|-supereffective|p1b: Sinistcha|1
|-damage|p1b: Sinistcha|0 fnt
|faint|p1b: Sinistcha
|move|p1a: Milotic|Muddy Water|p2a: Raichu|[spread] p2a
|-miss|p1a: Milotic|p2b: Arcanine
|-damage|p2a: Raichu|10/100
|-unboost|p2a: Raichu|accuracy|1
|
|-heal|p1a: Milotic|37/100 par|[from] item: Leftovers
|upkeep
|
|t:|1785950728
|switch|p1b: Grimmsnarl|Grimmsnarl, L50, M|63/100
|turn|5
|inactive|ilearnpkmnnow has 30 seconds left.
|
|t:|1785950757
|switch|p2a: Sylveon|Sylveon, L50, F|100/100
|move|p2b: Arcanine|Head Smash|p1a: Milotic
|-damage|p1a: Milotic|0 fnt
|faint|p1a: Milotic
|move|p1b: Grimmsnarl|Spirit Break|p2a: Sylveon
|-damage|p2a: Sylveon|68/100
|-unboost|p2a: Sylveon|spa|1
|
|upkeep
|
|t:|1785950763
|switch|p1a: Charizard|Charizard, L50, M|100/100
|turn|6
|
|t:|1785950787
|move|p2b: Arcanine|Protect|p2b: Arcanine
|-singleturn|p2b: Arcanine|Protect
|move|p1a: Charizard|Protect|p1a: Charizard
|-singleturn|p1a: Charizard|Protect
|move|p2a: Sylveon|Hyper Beam|p1a: Charizard
|-activate|p1a: Charizard|move: Protect
|move|p1b: Grimmsnarl|Spirit Break|p2b: Arcanine
|-activate|p2b: Arcanine|move: Protect
|
|upkeep
|turn|7
|
|t:|1785950802
|detailschange|p1a: Charizard|Charizard-Mega-X, L50, M
|-mega|p1a: Charizard|Charizard|Charizardite X
|move|p2b: Arcanine|Head Smash|p1a: Charizard
|-supereffective|p1a: Charizard|1
|-damage|p1a: Charizard|5/100
|move|p1a: Charizard|Flare Blitz|p2b: Arcanine
|-resisted|p2b: Arcanine|2
|-damage|p2b: Arcanine|0 fnt
|faint|p2b: Arcanine
|-damage|p1a: Charizard|5/100|[from] Recoil
|move|p2a: Sylveon|Hyper Beam|p1a: Charizard
|-damage|p1a: Charizard|0 fnt
|-mustrecharge|p2a: Sylveon
|faint|p1a: Charizard
|move|p1b: Grimmsnarl|Spirit Break|p2a: Sylveon
|-damage|p2a: Sylveon|32/100
|-unboost|p2a: Sylveon|spa|1
|
|upkeep
|
|t:|1785950812
|switch|p2b: Raichu|Raichu-Mega-Y, L50, F|10/100
|turn|8
|
|t:|1785950816
|move|p2b: Raichu|Fake Out|p1b: Grimmsnarl
|-damage|p1b: Grimmsnarl|57/100
|cant|p2a: Sylveon|recharge
|cant|p1b: Grimmsnarl|flinch
|
|-sideend|p1: ENDERTYTAR|Reflect
|upkeep
|turn|9
|
|t:|1785950833
|switch|p2a: Kingambit|Kingambit, L50, M|100/100
|move|p2b: Raichu|Zap Cannon|p1b: Grimmsnarl
|-damage|p1b: Grimmsnarl|21/100
|-status|p1b: Grimmsnarl|par
|move|p1b: Grimmsnarl|Spirit Break|p2b: Raichu
|-damage|p2b: Raichu|0 fnt
|faint|p2b: Raichu
|
|-sideend|p1: ENDERTYTAR|move: Light Screen
|upkeep
|
|t:|1785950838
|switch|p2b: Sylveon|Sylveon, L50, F|32/100
|turn|10
|
|t:|1785950849
|move|p2a: Kingambit|Sucker Punch|p1b: Grimmsnarl
|-resisted|p1b: Grimmsnarl|2
|-damage|p1b: Grimmsnarl|7/100 par
|-damage|p2a: Kingambit|90/100|[from] item: Life Orb
|move|p2b: Sylveon|Hyper Voice|p1b: Grimmsnarl
|-supereffective|p1b: Grimmsnarl|1
|-damage|p1b: Grimmsnarl|0 fnt
|faint|p1b: Grimmsnarl
|
|win|ilearnpkmnnow
||ENDERTYTAR is ready for game 2.
|inactive|ilearnpkmnnow has 30 seconds to confirm battle start!
||ilearnpkmnnow is ready for game 2.
|uhtml|next|Next: Game 2 of 3
