|j|☆LynxVGC
|j|☆CokoConsi
|html|LynxVGCCokoConsi    
|uhtml|bestof|Game 2 of a best-of-3
|t:|1783002236
|gametype|doubles
|player|p1|LynxVGC|larry|1202
|player|p2|CokoConsi|102|1215
|gen|9
|tier|[Gen 9 Champions] VGC 2026 Reg M-B (Bo3)
|rated|
|rule|Species Clause: Limit one of each Pokémon
|rule|Item Clause: Limit 1 of each item
|clearpoke
|poke|p1|Swampert, L50, F|
|poke|p1|Archaludon, L50, F|
|poke|p1|Pelipper, L50, M|
|poke|p1|Grimmsnarl, L50, M|
|poke|p1|Venusaur, L50, M|
|poke|p1|Kingambit, L50, F|
|poke|p2|Archaludon, L50, M|
|poke|p2|Swampert, L50, F|
|poke|p2|Sinistcha-Masterpiece, L50|
|poke|p2|Pelipper, L50, M|
|poke|p2|Venusaur, L50, F|
|poke|p2|Sableye, L50, F|
|teampreview|4
|showteam|p1|Swampert||Swampertite|Damp|Protect,WaveCrash,Earthquake,IcePunch|Adamant||F|||50|]Archaludon||Leftovers|Stamina|FlashCannon,Protect,ElectroShot,DragonPulse|Calm||F|||50|]Pelipper||SitrusBerry|Drizzle|Hurricane,Tailwind,WideGuard,WeatherBall|Bold||M|||50|]Grimmsnarl||LightClay|Prankster|PartingShot,FoulPlay,Reflect,LightScreen|Careful||M|||50|]Venusaur||Venusaurite|Chlorophyll|GigaDrain,SludgeBomb,SleepPowder,EarthPower|Modest||M|||50|]Kingambit||LifeOrb|Defiant|SuckerPunch,IronHead,Protect,KowtowCleave|Adamant||F|||50|
|showteam|p2|Archaludon||Leftovers|Stamina|ElectroShot,DragonPulse,FlashCannon,Protect|Modest||M|||50|]Swampert||Swampertite|Torrent|WaveCrash,Earthquake,IcePunch,Protect|Adamant||F|||50|]Sinistcha-Masterpiece||KasibBerry|Hospitality|MatchaGotcha,RagePowder,TrickRoom,Imprison|Calm|||||50|]Pelipper||SitrusBerry|Drizzle|WeatherBall,Hurricane,WideGuard,Tailwind|Calm||M|||50|]Venusaur||Venusaurite|Overgrow|GigaDrain,SludgeBomb,EarthPower,Protect|Modest||F|||50|]Sableye||LightClay|Prankster|FoulPlay,LightScreen,Reflect,RainDance|Careful||F|||50|
|inactive|Battle timer is ON: inactive players will automatically lose when time's up. (requested by CokoConsi)
|inactive|LynxVGC has 60 seconds left.
|
|t:|1783002290
|teamsize|p1|4
|teamsize|p2|4
|start
|switch|p1a: Venusaur|Venusaur, L50, M|100/100
|switch|p1b: Grimmsnarl|Grimmsnarl, L50, M|100/100
|switch|p2a: Archaludon|Archaludon, L50, M|100/100
|switch|p2b: Sableye|Sableye, L50, F|100/100
|turn|1
|inactive|CokoConsi has 30 seconds left.
|
|t:|1783002320
|detailschange|p1a: Venusaur|Venusaur-Mega, L50, M
|-mega|p1a: Venusaur|Venusaur|Venusaurite
|move|p2a: Archaludon|Protect|p2a: Archaludon
|-singleturn|p2a: Archaludon|Protect
|move|p1b: Grimmsnarl|Light Screen|p1b: Grimmsnarl
|-sidestart|p1: LynxVGC|move: Light Screen
|move|p2b: Sableye|Rain Dance|p2b: Sableye
|-weather|RainDance
|move|p1a: Venusaur|Sleep Powder|p2a: Archaludon
|-activate|p2a: Archaludon|move: Protect
|
|-weather|RainDance|[upkeep]
|upkeep
|turn|2
|
|t:|1783002344
|move|p1b: Grimmsnarl|Parting Shot|p2a: Archaludon
|-unboost|p2a: Archaludon|atk|1
|-unboost|p2a: Archaludon|spa|1
|
|t:|1783002347
|switch|p1b: Kingambit|Kingambit, L50, F|100/100|[from] Parting Shot
|move|p2b: Sableye|Light Screen|p2b: Sableye
|-sidestart|p2: CokoConsi|move: Light Screen
|move|p1a: Venusaur|Earth Power|p2a: Archaludon
|-supereffective|p2a: Archaludon|1
|-damage|p2a: Archaludon|45/100
|-ability|p2a: Archaludon|Stamina|boost
|-boost|p2a: Archaludon|def|1
|move|p2a: Archaludon|Electro Shot||[still]
|-prepare|p2a: Archaludon|Electro Shot
|-boost|p2a: Archaludon|spa|1
|-anim|p2a: Archaludon|Electro Shot|p1b: Kingambit
|-damage|p1b: Kingambit|65/100
|
|-weather|RainDance|[upkeep]
|-heal|p2a: Archaludon|51/100|[from] item: Leftovers
|upkeep
|turn|3
|inactive|LynxVGC has 30 seconds left.
|
|t:|1783002375
|switch|p2b: Sinistcha|Sinistcha-Masterpiece, L50|100/100
|-heal|p2a: Archaludon|76/100|[from] ability: Hospitality|[of] p2b: Sinistcha
|move|p1a: Venusaur|Earth Power|p2a: Archaludon
|-supereffective|p2a: Archaludon|1
|-damage|p2a: Archaludon|23/100
|-ability|p2a: Archaludon|Stamina|boost
|-boost|p2a: Archaludon|def|1
|move|p2a: Archaludon|Electro Shot||[still]
|-prepare|p2a: Archaludon|Electro Shot
|-boost|p2a: Archaludon|spa|1
|-anim|p2a: Archaludon|Electro Shot|p1b: Kingambit
|-damage|p1b: Kingambit|12/100
|move|p1b: Kingambit|Kowtow Cleave|p2b: Sinistcha
|-supereffective|p2b: Sinistcha|1
|-damage|p2b: Sinistcha|0 fnt
|faint|p2b: Sinistcha
|-damage|p1b: Kingambit|3/100|[from] item: Life Orb
|
|-weather|RainDance|[upkeep]
|-heal|p2a: Archaludon|29/100|[from] item: Leftovers
|upkeep
|
|t:|1783002395
|switch|p2b: Venusaur|Venusaur, L50, F|100/100
|turn|4
|inactive|CokoConsi has 30 seconds left.
|inactive|CokoConsi has 20 seconds left.
|inactive|CokoConsi has 15 seconds left.
|
|t:|1783002435
|detailschange|p2b: Venusaur|Venusaur-Mega, L50, F
|-mega|p2b: Venusaur|Venusaur|Venusaurite
|move|p1b: Kingambit|Protect|p1b: Kingambit
|-singleturn|p1b: Kingambit|Protect
|move|p1a: Venusaur|Earth Power|p2a: Archaludon
|-supereffective|p2a: Archaludon|1
|-damage|p2a: Archaludon|0 fnt
|faint|p2a: Archaludon
|move|p2b: Venusaur|Sludge Bomb|p1a: Venusaur
|-damage|p1a: Venusaur|69/100
|
|-weather|RainDance|[upkeep]
|upkeep
|
|t:|1783002444
|switch|p2a: Sableye|Sableye, L50, F|100/100
|turn|5
|
|t:|1783002459
|move|p2b: Venusaur|Protect|p2b: Venusaur
|-singleturn|p2b: Venusaur|Protect
|move|p1b: Kingambit|Sucker Punch||[still]
|-fail|p1b: Kingambit
|move|p1a: Venusaur|Giga Drain|p2a: Sableye
|-damage|p2a: Sableye|71/100
|-heal|p1a: Venusaur|81/100|[from] drain|[of] p2a: Sableye
|move|p2a: Sableye|Foul Play|p1b: Kingambit
|-resisted|p1b: Kingambit|1
|-damage|p1b: Kingambit|0 fnt
|faint|p1b: Kingambit
|
|-weather|none
|upkeep
|
|t:|1783002468
|switch|p1b: Pelipper|Pelipper, L50, M|100/100
|-weather|RainDance|[from] ability: Drizzle|[of] p1b: Pelipper
|turn|6
|
|t:|1783002481
|move|p1a: Venusaur|Sludge Bomb|p2a: Sableye
|-resisted|p2a: Sableye|1
|-damage|p2a: Sableye|52/100
|-status|p2a: Sableye|psn
|move|p2b: Venusaur|Giga Drain|p1b: Pelipper
|-damage|p1b: Pelipper|67/100
|move|p1b: Pelipper|Hurricane|p2b: Venusaur
|-supereffective|p2b: Venusaur|1
|-damage|p2b: Venusaur|62/100
|move|p2a: Sableye|Foul Play|p1b: Pelipper
|-damage|p1b: Pelipper|51/100
|
|-weather|RainDance|[upkeep]
|-damage|p2a: Sableye|40/100 psn|[from] psn
|upkeep
|turn|7
|
|t:|1783002504
|switch|p1b: Grimmsnarl|Grimmsnarl, L50, M|100/100
|move|p2b: Venusaur|Protect|p2b: Venusaur
|-singleturn|p2b: Venusaur|Protect
|move|p1a: Venusaur|Giga Drain|p2a: Sableye
|-damage|p2a: Sableye|8/100 psn
|-heal|p1a: Venusaur|95/100|[from] drain|[of] p2a: Sableye
|move|p2a: Sableye|Foul Play|p1b: Grimmsnarl
|-resisted|p1b: Grimmsnarl|2
|-damage|p1b: Grimmsnarl|89/100
|
|-weather|RainDance|[upkeep]
|-damage|p2a: Sableye|0 fnt|[from] psn
|faint|p2a: Sableye
|upkeep
|turn|8
|
|t:|1783002518
|move|p1a: Venusaur|Sludge Bomb|p2b: Venusaur
|-damage|p2b: Venusaur|35/100
|move|p2b: Venusaur|Giga Drain|p1b: Grimmsnarl
|-damage|p1b: Grimmsnarl|66/100
|-heal|p2b: Venusaur|47/100|[from] drain|[of] p1b: Grimmsnarl
|move|p1b: Grimmsnarl|Foul Play|p2b: Venusaur
|-damage|p2b: Venusaur|24/100
|
|-weather|RainDance|[upkeep]
|-sideend|p1: LynxVGC|move: Light Screen
|upkeep
|turn|9
|-message|CokoConsi forfeited.
|
|win|LynxVGC
|l|☆CokoConsi
|player|p2|
||CokoConsi is ready for game 3.
||LynxVGC is ready for game 3.
|uhtml|next|Next: Game 3 of 3
