|j|☆HoldenOntoYou
|j|☆tmjp01
|html|HoldenOntoYoutmjp01    
|uhtml|bestof|Game 3 of a best-of-3
|t:|1782671006
|gametype|doubles
|player|p1|HoldenOntoYou|hiker|1113
|player|p2|tmjp01|170|1241
|gen|9
|tier|[Gen 9 Champions] VGC 2026 Reg M-B (Bo3)
|rated|
|rule|Species Clause: Limit one of each Pokémon
|rule|Item Clause: Limit 1 of each item
|clearpoke
|poke|p1|Bellibolt, L50, M|
|poke|p1|Glimmora, L50, F|
|poke|p1|Incineroar, L50, M|
|poke|p1|Sinistcha, L50|
|poke|p1|Tyranitar, L50, F|
|poke|p1|Garchomp, L50, M|
|poke|p2|Corviknight, L50, M|
|poke|p2|Tyranitar, L50, M|
|poke|p2|Hydreigon, L50, M|
|poke|p2|Froslass, L50, F|
|poke|p2|Garchomp, L50, F|
|poke|p2|Arcanine-Hisui, L50, M|
|teampreview|4
|showteam|p1|Bellibolt||Leftovers|Electromorphosis|Protect,Thunderbolt,Soak,ParabolicCharge|Quiet||M|||50|]Glimmora||Glimmoranite|ToxicDebris|PowerGem,SludgeBomb,EnergyBall,SpikyShield|Modest||F|||50|]Incineroar||ChopleBerry|Intimidate|FakeOut,PartingShot,DarkestLariat,FlareBlitz|Adamant||M|||50|]Sinistcha||CobaBerry|Hospitality|MatchaGotcha,TrickRoom,LifeDew,RagePowder|Bold|||||50|]Tyranitar||Tyranitarite|SandStream|RockSlide,KnockOff,IceBeam,Protect|Jolly||F|||50|]Garchomp||LifeOrb|RoughSkin|Protect,DragonClaw,StompingTantrum,RockSlide|Jolly||M|||50|
|showteam|p2|Corviknight||OccaBerry|MirrorArmor|BraveBird,Protect,IronHead,Tailwind|Adamant||M|||50|]Tyranitar||Tyranitarite|SandStream|Protect,KnockOff,RockSlide,DragonDance|Adamant||M|||50|]Hydreigon||ChoiceScarf|Levitate|DarkPulse,DracoMeteor,EarthPower,FlashCannon|Timid||M|||50|]Froslass||Froslassite|CursedBody|Blizzard,Protect,ShadowBall,WeatherBall|Timid||F|||50|]Garchomp||LifeOrb|RoughSkin|Protect,DragonClaw,RockSlide,Earthquake|Jolly||F|||50|]Arcanine-Hisui||FocusSash|RockHead|Protect,HeadSmash,ExtremeSpeed,FlareBlitz|Adamant||M|||50|
|inactive|Battle timer is ON: inactive players will automatically lose when time's up. (requested by HoldenOntoYou)
|
|t:|1782671027
|teamsize|p1|4
|teamsize|p2|4
|start
|switch|p1a: Garchomp|Garchomp, L50, M|100/100
|switch|p1b: Tyranitar|Tyranitar, L50, F|100/100
|switch|p2a: Corviknight|Corviknight, L50, M|100/100
|switch|p2b: Arcanine|Arcanine-Hisui, L50, M|100/100
|-weather|Sandstorm|[from] ability: Sand Stream|[of] p1b: Tyranitar
|turn|1
|
|t:|1782671046
|move|p2b: Arcanine|Protect|p2b: Arcanine
|-singleturn|p2b: Arcanine|Protect
|move|p1a: Garchomp|Stomping Tantrum|p2b: Arcanine
|-activate|p2b: Arcanine|move: Protect
|move|p1b: Tyranitar|Rock Slide|p2a: Corviknight|[spread] p2a
|-activate|p2b: Arcanine|move: Protect
|-damage|p2a: Corviknight|80/100
|move|p2a: Corviknight|Tailwind|p2a: Corviknight
|-sidestart|p2: tmjp01|move: Tailwind
|
|-weather|Sandstorm|[upkeep]
|upkeep
|turn|2
|inactive|tmjp01 has 30 seconds left.
|
|t:|1782671081
|move|p1b: Tyranitar|Protect|p1b: Tyranitar
|-singleturn|p1b: Tyranitar|Protect
|move|p2b: Arcanine|Head Smash|p1a: Garchomp
|-resisted|p1a: Garchomp|1
|-damage|p1a: Garchomp|63/100
|-damage|p2b: Arcanine|87/100|[from] ability: Rough Skin|[of] p1a: Garchomp
|move|p2a: Corviknight|Iron Head|p1b: Tyranitar
|-activate|p1b: Tyranitar|move: Protect
|move|p1a: Garchomp|Stomping Tantrum|p2b: Arcanine
|-supereffective|p2b: Arcanine|2
|-damage|p2b: Arcanine|0 fnt
|faint|p2b: Arcanine
|-damage|p1a: Garchomp|53/100|[from] item: Life Orb
|
|-weather|Sandstorm|[upkeep]
|upkeep
|
|t:|1782671088
|switch|p2b: Garchomp|Garchomp, L50, F|100/100
|turn|3
|inactive|tmjp01 has 30 seconds left.
|
|t:|1782671120
|switch|p1a: Incineroar|Incineroar, L50, M|100/100
|-ability|p1a: Incineroar|Intimidate|boost
|-ability|p2a: Corviknight|Mirror Armor
|-unboost|p1a: Incineroar|atk|1
|-unboost|p2b: Garchomp|atk|1
|detailschange|p1b: Tyranitar|Tyranitar-Mega, L50, F
|-mega|p1b: Tyranitar|Tyranitar|Tyranitarite
|move|p2b: Garchomp|Protect|p2b: Garchomp
|-singleturn|p2b: Garchomp|Protect
|move|p2a: Corviknight|Iron Head|p1b: Tyranitar
|-supereffective|p1b: Tyranitar|1
|-crit|p1b: Tyranitar
|-damage|p1b: Tyranitar|48/100
|move|p1b: Tyranitar|Ice Beam|p2b: Garchomp
|-activate|p2b: Garchomp|move: Protect
|
|-weather|Sandstorm|[upkeep]
|-damage|p1a: Incineroar|94/100|[from] Sandstorm
|upkeep
|turn|4
|inactive|HoldenOntoYou has 30 seconds left.
|inactive|tmjp01 has 30 seconds left.
|
|t:|1782671153
|switch|p1b: PORCUPINE|Glimmora, L50, F|100/100
|move|p2b: Garchomp|Earthquake|p1a: Incineroar|[spread] p1a,p1b
|-immune|p2a: Corviknight
|-supereffective|p1a: Incineroar|1
|-supereffective|p1b: PORCUPINE|2
|-damage|p1a: Incineroar|32/100
|-damage|p1b: PORCUPINE|0 fnt
|-activate|p1b: PORCUPINE|ability: Toxic Debris
|-sidestart|p2: tmjp01|move: Toxic Spikes
|faint|p1b: PORCUPINE
|-damage|p2b: Garchomp|90/100|[from] item: Life Orb
|move|p2a: Corviknight|Iron Head|p1a: Incineroar
|-resisted|p1a: Incineroar|1
|-damage|p1a: Incineroar|19/100
|move|p1a: Incineroar|Flare Blitz|p2a: Corviknight
|-supereffective|p2a: Corviknight|1
|-enditem|p2a: Corviknight|Occa Berry|[eat]
|-enditem|p2a: Corviknight|Occa Berry|[weaken]
|-damage|p2a: Corviknight|41/100
|-damage|p1a: Incineroar|6/100|[from] Recoil
|
|-weather|Sandstorm|[upkeep]
|-damage|p1a: Incineroar|1/100|[from] Sandstorm
|-sideend|p2: tmjp01|move: Tailwind
|upkeep
|
|t:|1782671170
|switch|p1b: Garchomp|Garchomp, L50, M|53/100
|turn|5
|inactive|tmjp01 has 30 seconds left.
|
|t:|1782671199
|move|p2b: Garchomp|Dragon Claw|p1b: Garchomp
|-supereffective|p1b: Garchomp|1
|-damage|p1b: Garchomp|0 fnt
|-damage|p2b: Garchomp|78/100|[from] ability: Rough Skin|[of] p1b: Garchomp
|faint|p1b: Garchomp
|-damage|p2b: Garchomp|68/100|[from] item: Life Orb
|move|p2a: Corviknight|Tailwind|p2a: Corviknight
|-sidestart|p2: tmjp01|move: Tailwind
|move|p1a: Incineroar|Flare Blitz|p2a: Corviknight
|-supereffective|p2a: Corviknight|1
|-damage|p2a: Corviknight|0 fnt
|faint|p2a: Corviknight
|-damage|p1a: Incineroar|0 fnt|[from] Recoil
|faint|p1a: Incineroar
|
|-weather|none
|upkeep
|
|t:|1782671206
|switch|p1b: Tyranitar|Tyranitar-Mega, L50, F|48/100
|switch|p2a: Froslass|Froslass, L50, F|100/100
|-status|p2a: Froslass|psn
|-weather|Sandstorm|[from] ability: Sand Stream|[of] p1b: Tyranitar
|turn|6
|-message|HoldenOntoYou forfeited.
|
|win|tmjp01
|raw|HoldenOntoYou's rating: 1113 → 1097(-16 for losing)
|raw|tmjp01's rating: 1241 → 1257(+16 for winning)
|l|☆HoldenOntoYou
|player|p1|
