|j|☆JaBoiJMoney
|j|☆lux raymundi
|html|JaBoiJMoneylux raymundi    
|uhtml|bestof|Game 2 of a best-of-3
|t:|1782686159
|gametype|doubles
|player|p1|JaBoiJMoney|1|1144
|player|p2|lux raymundi|169|1248
|gen|9
|tier|[Gen 9 Champions] VGC 2026 Reg M-B (Bo3)
|rated|
|rule|Species Clause: Limit one of each Pokémon
|rule|Item Clause: Limit 1 of each item
|clearpoke
|poke|p1|Bellibolt, L50, M|
|poke|p1|Froslass, L50, F|
|poke|p1|Whimsicott, L50, F|
|poke|p1|Kommo-o, L50, M|
|poke|p1|Kingambit, L50, F|
|poke|p1|Sneasler, L50, F|
|poke|p2|Archaludon, L50, F|
|poke|p2|Pelipper, L50, M|
|poke|p2|Grimmsnarl, L50, M|
|poke|p2|Metagross, L50|
|poke|p2|Sinistcha, L50|
|poke|p2|Swampert, L50, M|
|teampreview|4
|showteam|p1|Bellibolt||Magnet|Electromorphosis|Thunderbolt,MuddyWater,ParabolicCharge,Protect|Modest||M|||50|]Froslass||Froslassite|CursedBody|AuroraVeil,Blizzard,ShadowBall,Protect|Timid||F|||50|]Whimsicott||FocusSash|Prankster|Tailwind,Moonblast,FakeTears,Protect|Timid||F|||50|]Kommo-o||Leftovers|Soundproof|ClangorousSoul,AuraSphere,ClangingScales,Protect|Timid||M|||50|]Kingambit||BlackGlasses|Defiant|IronHead,KowtowCleave,SuckerPunch,Protect|Adamant||F|||50|]Sneasler||WhiteHerb|Unburden|FakeOut,CloseCombat,DireClaw,Protect|Adamant||F|||50|
|showteam|p2|Archaludon||Leftovers|Stamina|Protect,ElectroShot,FlashCannon,DragonPulse|Modest||F|||50|]Pelipper||SitrusBerry|Drizzle|WideGuard,Tailwind,WeatherBall,Hurricane|Modest||M|||50|]Grimmsnarl||LightClay|Prankster|FoulPlay,PartingShot,LightScreen,Reflect|Calm||M|||50|]Metagross||Metagrossite|ClearBody|Protect,BodyPress,PsychicFangs,IronHead|Jolly|||||50|]Sinistcha||CobaBerry|Hospitality|Protect,TrickRoom,MatchaGotcha,RagePowder|Relaxed|||||50|]Swampert||Swampertite|Damp|Protect,IcePunch,WaveCrash,Earthquake|Adamant||M|||50|
|
|t:|1782686190
|teamsize|p1|4
|teamsize|p2|4
|start
|switch|p1a: Froslass|Froslass, L50, F|100/100
|switch|p1b: Bellibolt|Bellibolt, L50, M|100/100
|switch|p2a: Grimmsnarl|Grimmsnarl, L50, M|100/100
|switch|p2b: Archaludon|Archaludon, L50, F|100/100
|turn|1
|
|t:|1782686205
|move|p1a: Froslass|Protect|p1a: Froslass
|-singleturn|p1a: Froslass|Protect
|move|p2a: Grimmsnarl|Light Screen|p2a: Grimmsnarl
|-sidestart|p2: lux raymundi|move: Light Screen
|move|p2b: Archaludon|Flash Cannon|p1a: Froslass
|-activate|p1a: Froslass|move: Protect
|move|p1b: Bellibolt|Thunderbolt|p2a: Grimmsnarl
|-damage|p2a: Grimmsnarl|71/100
|
|upkeep
|turn|2
|
|t:|1782686217
|detailschange|p1a: Froslass|Froslass-Mega, L50, F
|-mega|p1a: Froslass|Froslass|Froslassite
|-weather|Snowscape|[from] ability: Snow Warning|[of] p1a: Froslass
|move|p2a: Grimmsnarl|Parting Shot|p1a: Froslass
|-unboost|p1a: Froslass|atk|1
|-unboost|p1a: Froslass|spa|1
|
|t:|1782686222
|switch|p2a: Swampert|Swampert, L50, M|100/100|[from] Parting Shot
|move|p1a: Froslass|Blizzard|p2a: Swampert|[spread] p2a,p2b
|-damage|p2a: Swampert|78/100
|-damage|p2b: Archaludon|74/100
|-status|p2b: Archaludon|frz
|-ability|p2b: Archaludon|Stamina|boost
|-boost|p2b: Archaludon|def|1
|cant|p2b: Archaludon|frz
|move|p1b: Bellibolt|Thunderbolt|p2a: Swampert
|-immune|p2a: Swampert
|
|-weather|Snowscape|[upkeep]
|-heal|p2b: Archaludon|80/100 frz|[from] item: Leftovers
|upkeep
|turn|3
|c|☆lux raymundi|you kidding
|
|t:|1782686259
|switch|p1a: Whimsicott|Whimsicott, L50, F|100/100
|switch|p2b: Pelipper|Pelipper, L50, M|100/100
|-weather|RainDance|[from] ability: Drizzle|[of] p2b: Pelipper
|detailschange|p2a: Swampert|Swampert-Mega, L50, M
|-mega|p2a: Swampert|Swampert|Swampertite
|move|p2a: Swampert|Earthquake|p1a: Whimsicott|[spread] p1a,p1b
|-immune|p2b: Pelipper
|-resisted|p1a: Whimsicott|1
|-supereffective|p1b: Bellibolt|1
|-damage|p1a: Whimsicott|67/100
|-damage|p1b: Bellibolt|8/100
|-start|p1b: Bellibolt|Charge|Earthquake|[from] ability: Electromorphosis
|move|p1b: Bellibolt|Thunderbolt|p2b: Pelipper
|-supereffective|p2b: Pelipper|2
|-damage|p2b: Pelipper|0 fnt
|faint|p2b: Pelipper
|-end|p1b: Bellibolt|Charge|[silent]
|
|-weather|RainDance|[upkeep]
|upkeep
|
|t:|1782686276
|switch|p2b: Archaludon|Archaludon, L50, F|80/100 frz
|turn|4
|
|t:|1782686293
|switch|p2b: Grimmsnarl|Grimmsnarl, L50, M|71/100
|move|p1a: Whimsicott|Fake Tears|p2a: Swampert
|-unboost|p2a: Swampert|spd|2
|move|p2a: Swampert|Wave Crash|p1b: Bellibolt
|-damage|p1b: Bellibolt|0 fnt
|faint|p1b: Bellibolt
|-damage|p2a: Swampert|74/100|[from] Recoil
|
|-weather|RainDance|[upkeep]
|upkeep
|
|t:|1782686302
|switch|p1b: Froslass|Froslass-Mega, L50, F|100/100
|-weather|Snowscape|[from] ability: Snow Warning|[of] p1b: Froslass
|turn|5
|
|t:|1782686310
|switch|p2a: Archaludon|Archaludon, L50, F|80/100 frz
|move|p2b: Grimmsnarl|Parting Shot|p1b: Froslass
|-unboost|p1b: Froslass|atk|1
|-unboost|p1b: Froslass|spa|1
|
|t:|1782686315
|switch|p2b: Swampert|Swampert-Mega, L50, M|74/100|[from] Parting Shot
|move|p1b: Froslass|Blizzard|p2b: Swampert|[spread] p2a,p2b
|-damage|p2a: Archaludon|57/100 frz
|-damage|p2b: Swampert|54/100
|-ability|p2a: Archaludon|Stamina|boost
|-boost|p2a: Archaludon|def|1
|move|p1a: Whimsicott|Moonblast|p2b: Swampert
|-crit|p2b: Swampert
|-damage|p2b: Swampert|5/100
|
|-weather|Snowscape|[upkeep]
|-heal|p2a: Archaludon|63/100 frz|[from] item: Leftovers
|upkeep
|turn|6
|
|t:|1782686330
|move|p2b: Swampert|Protect|p2b: Swampert
|-singleturn|p2b: Swampert|Protect
|move|p1b: Froslass|Aurora Veil|p1b: Froslass
|-sidestart|p1: JaBoiJMoney|move: Aurora Veil
|move|p1a: Whimsicott|Moonblast|p2b: Swampert
|-activate|p2b: Swampert|move: Protect
|-curestatus|p2a: Archaludon|frz|[msg]
|move|p2a: Archaludon|Flash Cannon|p1b: Froslass
|-supereffective|p1b: Froslass|1
|-damage|p1b: Froslass|31/100
|
|-weather|Snowscape|[upkeep]
|-heal|p2a: Archaludon|70/100|[from] item: Leftovers
|upkeep
|turn|7
|
|t:|1782686344
|switch|p2b: Grimmsnarl|Grimmsnarl, L50, M|71/100
|move|p1b: Froslass|Blizzard|p2a: Archaludon|[spread] p2a,p2b
|-damage|p2a: Archaludon|45/100
|-damage|p2b: Grimmsnarl|54/100
|-status|p2b: Grimmsnarl|frz
|-ability|p2a: Archaludon|Stamina|boost
|-boost|p2a: Archaludon|def|1
|move|p1a: Whimsicott|Moonblast|p2a: Archaludon
|-damage|p2a: Archaludon|17/100
|-ability|p2a: Archaludon|Stamina|boost
|-boost|p2a: Archaludon|def|1
|move|p2a: Archaludon|Flash Cannon|p1a: Whimsicott
|-supereffective|p1a: Whimsicott|1
|-crit|p1a: Whimsicott
|-damage|p1a: Whimsicott|0 fnt
|faint|p1a: Whimsicott
|
|-weather|Snowscape|[upkeep]
|-heal|p2a: Archaludon|23/100|[from] item: Leftovers
|upkeep
|
|t:|1782686355
|switch|p1a: Kommo-o|Kommo-o, L50, M|100/100
|turn|8
|
|t:|1782686388
|move|p1b: Froslass|Blizzard|p2a: Archaludon|[spread] p2a,p2b
|-damage|p2a: Archaludon|0 fnt
|-damage|p2b: Grimmsnarl|35/100 frz
|faint|p2a: Archaludon
|move|p1a: Kommo-o|Clangorous Soul|p1a: Kommo-o
|-boost|p1a: Kommo-o|atk|1
|-boost|p1a: Kommo-o|def|1
|-boost|p1a: Kommo-o|spa|1
|-boost|p1a: Kommo-o|spd|1
|-boost|p1a: Kommo-o|spe|1
|-damage|p1a: Kommo-o|67/100
|cant|p2b: Grimmsnarl|frz
|
|-weather|Snowscape|[upkeep]
|-heal|p1a: Kommo-o|73/100|[from] item: Leftovers
|-sideend|p2: lux raymundi|move: Light Screen
|upkeep
|
|t:|1782686400
|switch|p2a: Swampert|Swampert-Mega, L50, M|5/100
|turn|9
|
|t:|1782686406
|move|p1a: Kommo-o|Aura Sphere|p2b: Grimmsnarl
|-damage|p2b: Grimmsnarl|0 fnt
|faint|p2b: Grimmsnarl
|move|p1b: Froslass|Blizzard|p2a: Swampert
|-damage|p2a: Swampert|0 fnt
|faint|p2a: Swampert
|
|win|JaBoiJMoney
|raw|JaBoiJMoney's rating: 1144 → 1176(+32 for winning)
|raw|lux raymundi's rating: 1248 → 1216(-32 for losing)
