|j|☆Bigboyblue3451
|j|☆Joe870502
|html|Bigboyblue3451Joe870502    
|uhtml|bestof|Game 2 of a best-of-3
|t:|1783571167
|gametype|doubles
|player|p1|Bigboyblue3451|170|1429
|player|p2|Joe870502|dawn|1275
|gen|9
|tier|[Gen 9 Champions] VGC 2026 Reg M-B (Bo3)
|rated|
|rule|Species Clause: Limit one of each Pokémon
|rule|Item Clause: Limit 1 of each item
|clearpoke
|poke|p1|Gengar, L50, F|
|poke|p1|Swampert, L50, F|
|poke|p1|Incineroar, L50, F|
|poke|p1|Politoed, L50, F|
|poke|p1|Archaludon, L50, F|
|poke|p1|Vivillon-Ocean, L50, M|
|poke|p2|Froslass, L50, F|
|poke|p2|Scovillain, L50, M|
|poke|p2|Lycanroc-Dusk, L50, M|
|poke|p2|Kingambit, L50, F|
|poke|p2|Basculegion, L50, M|
|poke|p2|Sneasler, L50, M|
|teampreview|4
|showteam|p1|Gengar||Gengarite|CursedBody|ShadowBall,PerishSong,SludgeBomb,Protect|Timid||F|||50|]Swampert||Swampertite|Torrent|WaveCrash,Earthquake,IcePunch,Protect|Adamant||F|||50|]Incineroar||PasshoBerry|Intimidate|ThroatChop,PartingShot,FakeOut,Protect|Sassy||F|||50|]Politoed||SitrusBerry|Drizzle|WeatherBall,PerishSong,Encore,Protect|Calm||F|||50|]Archaludon||Leftovers|Stamina|DragonPulse,FlashCannon,ElectroShot,Protect|Bold||F|||50|]Vivillon-Ocean||FocusSash|CompoundEyes|Hurricane,SleepPowder,RagePowder,Protect|Timid||M|||50|
|showteam|p2|Froslass||Froslassite|SnowCloak|Blizzard,ShadowBall,AuroraVeil,Protect|Modest||F|||50|]Scovillain||Scovillainite|Moody|Overheat,LeechSeed,RagePowder,Protect|Calm||M|||50|]Lycanroc-Dusk||FocusSash|ToughClaws|RockSlide,Accelerock,CloseCombat,Protect|Adamant||M|||50|]Kingambit||BlackGlasses|Defiant|KowtowCleave,SuckerPunch,SwordsDance,Protect|Adamant||F|||50|]Basculegion||SitrusBerry|Adaptability|WaveCrash,AquaJet,LastRespects,Protect|Adamant||M|||50|]Sneasler||WhiteHerb|Unburden|FakeOut,CloseCombat,DireClaw,Protect|Adamant||M|||50|
|inactive|Battle timer is ON: inactive players will automatically lose when time's up. (requested by Joe870502)
|l|☆Joe870502
|inactive|Joe870502 disconnected and has a minute to reconnect!
|player|p2|
|j|☆Joe870502
|inactive|Joe870502 reconnected and has 45 seconds left.
|player|p2|Joe870502|dawn|
|inactive|Joe870502 has 30 seconds left.
|
|t:|1783571230
|teamsize|p1|4
|teamsize|p2|4
|start
|switch|p1a: Swampert|Swampert, L50, F|100/100
|switch|p1b: Vivillon|Vivillon-Ocean, L50, M|100/100
|switch|p2a: Basculegion|Basculegion, L50, M|100/100
|switch|p2b: Kingambit|Kingambit, L50, F|100/100
|turn|1
|
|t:|1783571251
|switch|p1b: Archaludon|Archaludon, L50, F|100/100
|detailschange|p1a: Swampert|Swampert-Mega, L50, F
|-mega|p1a: Swampert|Swampert|Swampertite
|move|p1a: Swampert|Protect|p1a: Swampert
|-singleturn|p1a: Swampert|Protect
|move|p2b: Kingambit|Sucker Punch||[still]
|-fail|p2b: Kingambit
|move|p2a: Basculegion|Wave Crash|p1a: Swampert
|-activate|p1a: Swampert|move: Protect
|
|upkeep
|turn|2
|
|t:|1783571268
|switch|p1a: Politoed|Politoed, L50, F|100/100
|-weather|RainDance|[from] ability: Drizzle|[of] p1a: Politoed
|move|p2a: Basculegion|Protect|p2a: Basculegion
|-singleturn|p2a: Basculegion|Protect
|move|p1b: Archaludon|Electro Shot||[still]
|-prepare|p1b: Archaludon|Electro Shot
|-boost|p1b: Archaludon|spa|1
|-anim|p1b: Archaludon|Electro Shot|p2b: Kingambit
|-damage|p2b: Kingambit|41/100
|move|p2b: Kingambit|Swords Dance|p2b: Kingambit
|-boost|p2b: Kingambit|atk|2
|
|-weather|RainDance|[upkeep]
|upkeep
|turn|3
|
|t:|1783571282
|switch|p2b: Sneasler|Sneasler, L50, M|100/100
|move|p1b: Archaludon|Electro Shot||[still]
|-prepare|p1b: Archaludon|Electro Shot
|-boost|p1b: Archaludon|spa|1
|-anim|p1b: Archaludon|Electro Shot|p2a: Basculegion
|-supereffective|p2a: Basculegion|1
|-damage|p2a: Basculegion|0 fnt
|faint|p2a: Basculegion
|move|p1a: Politoed|Encore||[still]
|-fail|p1a: Politoed
|
|-weather|RainDance|[upkeep]
|upkeep
|
|t:|1783571294
|switch|p2a: Froslass|Froslass, L50, F|100/100
|turn|4
|
|t:|1783571306
|switch|p1a: Vivillon|Vivillon-Ocean, L50, M|100/100
|detailschange|p2a: Froslass|Froslass-Mega, L50, F
|-mega|p2a: Froslass|Froslass|Froslassite
|-weather|Snowscape|[from] ability: Snow Warning|[of] p2a: Froslass
|move|p1b: Archaludon|Protect|p1b: Archaludon
|-singleturn|p1b: Archaludon|Protect
|move|p2a: Froslass|Blizzard|p1b: Archaludon|[spread] p1a
|-activate|p1b: Archaludon|move: Protect
|-supereffective|p1a: Vivillon|1
|-enditem|p1a: Vivillon|Focus Sash
|-damage|p1a: Vivillon|1/100
|move|p2b: Sneasler|Close Combat|p1a: Vivillon
|-resisted|p1a: Vivillon|2
|-damage|p1a: Vivillon|0 fnt
|-unboost|p2b: Sneasler|def|1
|-unboost|p2b: Sneasler|spd|1
|faint|p1a: Vivillon
|-enditem|p2b: Sneasler|White Herb
|-clearnegativeboost|p2b: Sneasler|[silent]
|
|-weather|Snowscape|[upkeep]
|upkeep
|
|t:|1783571320
|switch|p1a: Politoed|Politoed, L50, F|100/100
|-weather|RainDance|[from] ability: Drizzle|[of] p1a: Politoed
|turn|5
|inactive|Bigboyblue3451 has 30 seconds left.
|inactive|Bigboyblue3451 has 20 seconds left.
|
|t:|1783571358
|switch|p1b: Swampert|Swampert-Mega, L50, F|100/100
|move|p2b: Sneasler|Close Combat|p1b: Swampert
|-damage|p1b: Swampert|40/100
|-unboost|p2b: Sneasler|def|1
|-unboost|p2b: Sneasler|spd|1
|move|p2a: Froslass|Shadow Ball|p1b: Swampert
|-damage|p1b: Swampert|3/100
|move|p1a: Politoed|Weather Ball|p2a: Froslass
|-damage|p2a: Froslass|48/100
|
|-weather|RainDance|[upkeep]
|upkeep
|turn|6
|
|t:|1783571377
|switch|p2a: Kingambit|Kingambit, L50, F|41/100
|move|p2b: Sneasler|Protect|p2b: Sneasler
|-singleturn|p2b: Sneasler|Protect
|move|p1b: Swampert|Earthquake|p2b: Sneasler|[spread] p1a,p2a
|-activate|p2b: Sneasler|move: Protect
|-supereffective|p2a: Kingambit|1
|-damage|p1a: Politoed|60/100
|-damage|p2a: Kingambit|0 fnt
|faint|p2a: Kingambit
|move|p1a: Politoed|Weather Ball|p2b: Sneasler
|-activate|p2b: Sneasler|move: Protect
|
|-weather|RainDance|[upkeep]
|upkeep
|
|t:|1783571385
|switch|p2a: Froslass|Froslass-Mega, L50, F|48/100
|-weather|Snowscape|[from] ability: Snow Warning|[of] p2a: Froslass
|turn|7
|
|t:|1783571404
|move|p2b: Sneasler|Close Combat|p1a: Politoed
|-damage|p1a: Politoed|6/100
|-unboost|p2b: Sneasler|def|1
|-unboost|p2b: Sneasler|spd|1
|-enditem|p1a: Politoed|Sitrus Berry|[eat]
|-heal|p1a: Politoed|31/100|[from] item: Sitrus Berry
|move|p2a: Froslass|Blizzard|p1a: Politoed|[spread] p1a,p1b
|-resisted|p1a: Politoed|1
|-damage|p1a: Politoed|13/100
|-damage|p1b: Swampert|0 fnt
|faint|p1b: Swampert
|move|p1a: Politoed|Perish Song|p1a: Politoed
|-start|p1a: Politoed|perish3|[silent]
|-start|p2a: Froslass|perish3|[silent]
|-start|p2b: Sneasler|perish3|[silent]
|-fieldactivate|move: Perish Song
|
|-weather|Snowscape|[upkeep]
|-start|p2b: Sneasler|perish3
|-start|p2a: Froslass|perish3
|-start|p1a: Politoed|perish3
|upkeep
|
|t:|1783571414
|switch|p1b: Archaludon|Archaludon, L50, F|100/100
|turn|8
|
|t:|1783571433
|move|p1b: Archaludon|Protect|p1b: Archaludon
|-singleturn|p1b: Archaludon|Protect
|move|p2b: Sneasler|Close Combat|p1b: Archaludon
|-activate|p1b: Archaludon|move: Protect
|move|p2a: Froslass|Blizzard|p1a: Politoed|[spread] p1a
|-activate|p1b: Archaludon|move: Protect
|-resisted|p1a: Politoed|1
|-damage|p1a: Politoed|0 fnt
|faint|p1a: Politoed
|
|-weather|Snowscape|[upkeep]
|-start|p2b: Sneasler|perish2
|-start|p2a: Froslass|perish2
|upkeep
|turn|9
|
|t:|1783571445
|move|p1b: Archaludon|Protect||[still]
|-fail|p1b: Archaludon
|move|p2b: Sneasler|Close Combat|p1b: Archaludon
|-supereffective|p1b: Archaludon|1
|-damage|p1b: Archaludon|19/100
|-unboost|p2b: Sneasler|def|1
|-unboost|p2b: Sneasler|spd|1
|-ability|p1b: Archaludon|Stamina|boost
|-boost|p1b: Archaludon|def|1
|move|p2a: Froslass|Blizzard|p1b: Archaludon
|-damage|p1b: Archaludon|0 fnt
|faint|p1b: Archaludon
|
|win|Joe870502
|raw|Bigboyblue3451's rating: 1429 → 1401(-28 for losing)
|raw|Joe870502's rating: 1275 → 1310(+35 for winning)
|l|☆Joe870502
|player|p2|
