|j|☆dansclops
|j|☆habeebomarali123
|html|dansclopshabeebomarali123    
|uhtml|bestof|Game 2 of a best-of-3
|t:|1756179717
|gametype|doubles
|player|p1|dansclops|102|1091
|player|p2|habeebomarali123|giovanni|1096
|gen|9
|tier|[Gen 9] VGC 2025 Reg H (Bo3)
|rated|
|rule|Species Clause: Limit one of each Pokémon
|rule|Item Clause: Limit 1 of each item
|clearpoke
|poke|p1|Cloyster, L50, F|
|poke|p1|Volcarona, L50, F|
|poke|p1|Ursaluna-Bloodmoon, L50, M|
|poke|p1|Dragapult, L50, F|
|poke|p1|Amoonguss, L50, F|
|poke|p1|Ninetales-Alola, L50, F|
|poke|p2|Rillaboom, L50, F|
|poke|p2|Volcarona, L50, M|
|poke|p2|Dragapult, L50, M|
|poke|p2|Gholdengo, L50|
|poke|p2|Murkrow, L50, M|
|poke|p2|Sneasler, L50, M|
|teampreview|4
|showteam|p1|Cloyster||WhiteHerb|SkillLink|IcicleSpear,RockBlast,RazorShell,ShellSmash|||F|||50|,,,,,Grass]Volcarona||RockyHelmet|FlameBody|RagePowder,HeatWave,WillOWisp,StruggleBug|||F|||50|,,,,,Steel]Ursaluna-Bloodmoon||AssaultVest|MindsEye|HyperVoice,VacuumWave,EarthPower,BloodMoon|||M|||50|,,,,,Normal]Dragapult||ChoiceBand|ClearBody|DragonDarts,Uturn,TeraBlast,SuckerPunch|||F|||50|,,,,,Ghost]Amoonguss||SitrusBerry|Regenerator|Protect,Spore,RagePowder,PollenPuff|||F|||50|,,,,,Fairy]Ninetales-Alola||LightClay|SnowWarning|AuroraVeil,Blizzard,Moonblast,Protect|||F|||50|,,,,,Ghost
|showteam|p2|Rillaboom||AssaultVest|GrassySurge|FakeOut,GrassyGlide,KnockOff,WoodHammer|||F|||50|,,,,,Fire]Volcarona||GrassySeed|FlameBody|Protect,QuiverDance,TeraBlast,HeatWave|||M|||50|,,,,,Fairy]Dragapult||ChoiceBand|ClearBody|DragonDarts,PhantomForce,Uturn,SuckerPunch|||M|||50|,,,,,Dragon]Gholdengo||ChoiceSpecs|GoodasGold|ShadowBall,MakeItRain,FocusBlast,Thunderbolt||||||50|,,,,,Water]Murkrow||Eviolite|Prankster|Tailwind,Haze,Taunt,Protect|||M|||50|,,,,,Ghost]Sneasler||FocusSash|Unburden|Protect,DireClaw,CloseCombat,Coaching|||M|||50|,,,,,Stellar
|inactive|Battle timer is ON: inactive players will automatically lose when time's up. (requested by dansclops)
|
|t:|1756179771
|teamsize|p1|4
|teamsize|p2|4
|start
|switch|p1a: Volcarona|Volcarona, L50, F|100/100
|switch|p1b: Ursaluna|Ursaluna-Bloodmoon, L50, M|100/100
|switch|p2a: Rillaboom|Rillaboom, L50, F|100/100
|switch|p2b: Volcarona|Volcarona, L50, M|100/100
|-fieldstart|move: Grassy Terrain|[from] ability: Grassy Surge|[of] p2a: Rillaboom
|-enditem|p2b: Volcarona|Grassy Seed
|-boost|p2b: Volcarona|def|1|[from] item: Grassy Seed
|turn|1
|inactive|dansclops has 30 seconds left.
|
|t:|1756179803
|switch|p1b: Amoonguss|Amoonguss, L50, F|100/100
|-terastallize|p2b: Volcarona|Fairy
|move|p1a: Volcarona|Heat Wave|p2a: Rillaboom|[spread] p2a,p2b
|-supereffective|p2a: Rillaboom
|-damage|p2a: Rillaboom|51/100
|-damage|p2b: Volcarona|68/100
|move|p2b: Volcarona|Quiver Dance|p2b: Volcarona
|-boost|p2b: Volcarona|spa|1
|-boost|p2b: Volcarona|spd|1
|-boost|p2b: Volcarona|spe|1
|move|p2a: Rillaboom|Wood Hammer|p1b: Amoonguss
|-resisted|p1b: Amoonguss
|-damage|p1b: Amoonguss|84/100
|-damage|p2a: Rillaboom|45/100|[from] Recoil
|
|-heal|p2b: Volcarona|74/100|[from] Grassy Terrain
|-heal|p2a: Rillaboom|51/100|[from] Grassy Terrain
|-heal|p1b: Amoonguss|90/100|[from] Grassy Terrain
|upkeep
|turn|2
|
|t:|1756179826
|-terastallize|p1b: Amoonguss|Fairy
|move|p2b: Volcarona|Heat Wave|p1b: Amoonguss|[spread] p1a
|-miss|p2b: Volcarona|p1b: Amoonguss
|-damage|p1a: Volcarona|46/100
|move|p1a: Volcarona|Struggle Bug|p2a: Rillaboom|[spread] p2a,p2b
|-supereffective|p2a: Rillaboom
|-resisted|p2b: Volcarona
|-damage|p2a: Rillaboom|27/100
|-damage|p2b: Volcarona|69/100
|-unboost|p2a: Rillaboom|spa|1
|-unboost|p2b: Volcarona|spa|1
|move|p2a: Rillaboom|Knock Off|p1b: Amoonguss
|-resisted|p1b: Amoonguss
|-damage|p1b: Amoonguss|78/100
|-enditem|p1b: Amoonguss|Sitrus Berry|[from] move: Knock Off|[of] p2a: Rillaboom
|move|p1b: Amoonguss|Spore|p2b: Volcarona
|-status|p2b: Volcarona|slp|[from] move: Spore
|
|-heal|p2b: Volcarona|75/100 slp|[from] Grassy Terrain
|-heal|p1a: Volcarona|52/100|[from] Grassy Terrain
|-heal|p2a: Rillaboom|33/100|[from] Grassy Terrain
|-heal|p1b: Amoonguss|84/100|[from] Grassy Terrain
|upkeep
|turn|3
|inactive|dansclops has 30 seconds left.
|
|t:|1756179853
|switch|p1b: Cloyster|Cloyster, L50, F|100/100
|cant|p2b: Volcarona|slp
|move|p1a: Volcarona|Heat Wave|p2a: Rillaboom|[spread] p2a,p2b
|-supereffective|p2a: Rillaboom
|-damage|p2a: Rillaboom|0 fnt
|-damage|p2b: Volcarona|56/100 slp
|faint|p2a: Rillaboom
|
|-heal|p2b: Volcarona|62/100 slp|[from] Grassy Terrain
|-heal|p1a: Volcarona|58/100|[from] Grassy Terrain
|upkeep
|
|t:|1756179858
|switch|p2a: Murkrow|Murkrow, L50, M|100/100
|turn|4
|
|t:|1756179876
|move|p1a: Volcarona|Rage Powder|p1a: Volcarona
|-singleturn|p1a: Volcarona|move: Rage Powder
|move|p2a: Murkrow|Tailwind|p2a: Murkrow
|-sidestart|p2: habeebomarali123|move: Tailwind
|cant|p2b: Volcarona|slp
|move|p1b: Cloyster|Shell Smash|p1b: Cloyster
|-unboost|p1b: Cloyster|def|1
|-unboost|p1b: Cloyster|spd|1
|-boost|p1b: Cloyster|atk|2
|-boost|p1b: Cloyster|spa|2
|-boost|p1b: Cloyster|spe|2
|-enditem|p1b: Cloyster|White Herb
|-clearnegativeboost|p1b: Cloyster|[silent]
|
|-heal|p2b: Volcarona|68/100 slp|[from] Grassy Terrain
|-heal|p1a: Volcarona|65/100|[from] Grassy Terrain
|upkeep
|turn|5
|
|t:|1756179886
|move|p2a: Murkrow|Taunt|p1a: Volcarona
|-start|p1a: Volcarona|move: Taunt
|-curestatus|p2b: Volcarona|slp|[msg]
|move|p2b: Volcarona|Quiver Dance|p2b: Volcarona
|-boost|p2b: Volcarona|spa|1
|-boost|p2b: Volcarona|spd|1
|-boost|p2b: Volcarona|spe|1
|move|p1b: Cloyster|Icicle Spear|p2b: Volcarona
|-crit|p2b: Volcarona
|-damage|p2b: Volcarona|23/100
|-damage|p2b: Volcarona|4/100
|-damage|p2b: Volcarona|0 fnt
|faint|p2b: Volcarona
|-hitcount|p2: Volcarona|3
|move|p1a: Volcarona|Struggle Bug|p2a: Murkrow
|-damage|p2a: Murkrow|76/100
|-unboost|p2a: Murkrow|spa|1
|
|-heal|p1a: Volcarona|71/100|[from] Grassy Terrain
|-fieldend|move: Grassy Terrain
|upkeep
|
|t:|1756179889
|switch|p2b: Gholdengo|Gholdengo, L50|100/100
|turn|6
|
|t:|1756179912
|move|p2a: Murkrow|Haze|p2a: Murkrow
|-clearallboost
|move|p2b: Gholdengo|Make It Rain|p1b: Cloyster|[spread] p1a,p1b
|-resisted|p1a: Volcarona
|-damage|p1a: Volcarona|36/100
|-damage|p1b: Cloyster|0 fnt
|-unboost|p2b: Gholdengo|spa|1
|faint|p1b: Cloyster
|move|p1a: Volcarona|Heat Wave|p2a: Murkrow|[spread] p2a,p2b
|-supereffective|p2b: Gholdengo
|-crit|p2b: Gholdengo
|-damage|p2a: Murkrow|38/100
|-damage|p2b: Gholdengo|0 fnt
|faint|p2b: Gholdengo
|
|upkeep
|-message|habeebomarali123 forfeited.
|
|win|dansclops
|raw|dansclops's rating: 1091 → 1118(+27 for winning)
|raw|habeebomarali123's rating: 1096 → 1071(-25 for losing)
