|j|☆Astonished25
|j|☆lindsey453
|html|Astonished25lindsey453    
|uhtml|bestof|Game 1 of a best-of-3
|t:|1757824746
|gametype|doubles
|player|p1|Astonished25|2|1211
|player|p2|lindsey453|101|1218
|gen|9
|tier|[Gen 9] VGC 2025 Reg H (Bo3)
|rated|
|rule|Species Clause: Limit one of each Pokémon
|rule|Item Clause: Limit 1 of each item
|clearpoke
|poke|p1|Gholdengo, L50|
|poke|p1|Magmar, L50, F|
|poke|p1|Dragonite, L50, M|
|poke|p1|Rillaboom, L50, M|
|poke|p1|Annihilape, L50, F|
|poke|p1|Sneasler, L50, M|
|poke|p2|Annihilape, L50, F|
|poke|p2|Ninetales-Alola, L50, M|
|poke|p2|Oranguru, L50, F|
|poke|p2|Electabuzz, L50, F|
|poke|p2|Ursaluna-Bloodmoon, L50, M|
|poke|p2|Incineroar, L50, F|
|teampreview|4
|showteam|p1|Gholdengo||LifeOrb|GoodasGold|Protect,NastyPlot,MakeItRain,ShadowBall||||||50|,,,,,Water]Magmar||Eviolite|VitalSpirit|Taunt,WillOWisp,FollowMe,BurningJealousy|||F|||50|,,,,,Ghost]Dragonite||LoadedDice|Multiscale|Protect,Haze,Tailwind,ScaleShot|||M|||50|,,,,,Fairy]Rillaboom||AssaultVest|GrassySurge|FakeOut,GrassyGlide,WoodHammer,HighHorsepower|||M|||50|,,,,,Fire]Annihilape||SafetyGoggles|Defiant|Protect,DrainPunch,RageFist,BulkUp|||F|||50|,,,,,Steel]Sneasler||GrassySeed|Unburden|CloseCombat,Coaching,DireClaw,Protect|||M|||50|,,,,,Stellar
|showteam|p2|Annihilape||SitrusBerry|Defiant|BulkUp,RageFist,DrainPunch,Protect|||F|||50|,,,,,Grass]Ninetales-Alola||FocusSash|SnowWarning|AuroraVeil,Blizzard,Protect,Encore|||M|||50|,,,,,Ghost]Oranguru||MentalHerb|InnerFocus|Instruct,TrickRoom,Imprison,FoulPlay|||F|||50|,,,,,Fairy]Electabuzz||Eviolite|VitalSpirit|FollowMe,Thunderbolt,Taunt,EerieImpulse|||F|||50|,,,,,Ghost]Ursaluna-Bloodmoon||LifeOrb|MindsEye|HyperVoice,BloodMoon,EarthPower,Protect|||M|||50|,,,,,Normal]Incineroar||AssaultVest|Intimidate|FlareBlitz,Uturn,FakeOut,KnockOff|||F|||50|,,,,,Grass
|inactive|Battle timer is ON: inactive players will automatically lose when time's up. (requested by lindsey453)
|inactive|Astonished25 also wants the timer to be on.
|inactive|Astonished25 has 60 seconds left.
|inactive|lindsey453 has 60 seconds left.
|inactive|Astonished25 has 30 seconds left.
|inactive|Astonished25 has 20 seconds left.
|inactive|Astonished25 has 15 seconds left.
|inactive|Astonished25 has 10 seconds left.
|inactive|Astonished25 has 5 seconds left.
|
|t:|1757824834
|teamsize|p1|4
|teamsize|p2|4
|start
|switch|p1a: Gholdengo|Gholdengo, L50|100/100
|switch|p1b: Magmar|Magmar, L50, F|100/100
|switch|p2a: Oranguru|Oranguru, L50, F|100/100
|switch|p2b: Ursaluna|Ursaluna-Bloodmoon, L50, M|100/100
|turn|1
|
|t:|1757824857
|-terastallize|p1b: Magmar|Ghost
|move|p1b: Magmar|Follow Me|p1b: Magmar
|-singleturn|p1b: Magmar|move: Follow Me
|move|p1a: Gholdengo|Nasty Plot|p1a: Gholdengo
|-boost|p1a: Gholdengo|spa|2
|move|p2b: Ursaluna|Earth Power|p1b: Magmar
|-damage|p1b: Magmar|55/100
|-damage|p2b: Ursaluna|90/100|[from] item: Life Orb
|move|p2a: Oranguru|Trick Room|p2a: Oranguru
|-fieldstart|move: Trick Room|[of] p2a: Oranguru
|
|upkeep
|turn|2
|inactive|lindsey453 has 30 seconds left.
|
|t:|1757824890
|switch|p2a: Incineroar|Incineroar, L50, F|100/100
|-ability|p2a: Incineroar|Intimidate|boost
|-unboost|p1a: Gholdengo|atk|1
|-unboost|p1b: Magmar|atk|1
|move|p2b: Ursaluna|Protect|p2b: Ursaluna
|-singleturn|p2b: Ursaluna|Protect
|move|p1b: Magmar|Follow Me|p1b: Magmar
|-singleturn|p1b: Magmar|move: Follow Me
|move|p1a: Gholdengo|Make It Rain|p2b: Ursaluna|[spread] p2a
|-activate|p2b: Ursaluna|move: Protect
|-resisted|p2a: Incineroar
|-damage|p2a: Incineroar|67/100
|-unboost|p1a: Gholdengo|spa|1
|-damage|p1a: Gholdengo|91/100|[from] item: Life Orb
|
|upkeep
|turn|3
|
|t:|1757824906
|-terastallize|p2b: Ursaluna|Normal
|move|p1b: Magmar|Follow Me|p1b: Magmar
|-singleturn|p1b: Magmar|move: Follow Me
|move|p2b: Ursaluna|Hyper Voice|p1a: Gholdengo|[spread] p1a,p1b
|-resisted|p1a: Gholdengo
|-damage|p1a: Gholdengo|50/100
|-damage|p1b: Magmar|12/100
|-damage|p2b: Ursaluna|80/100|[from] item: Life Orb
|move|p2a: Incineroar|Knock Off|p1b: Magmar
|-supereffective|p1b: Magmar
|-damage|p1b: Magmar|0 fnt
|-enditem|p1b: Magmar|Eviolite|[from] move: Knock Off|[of] p2a: Incineroar
|faint|p1b: Magmar
|move|p1a: Gholdengo|Make It Rain|p2a: Incineroar|[spread] p2a,p2b
|-resisted|p2a: Incineroar
|-damage|p2a: Incineroar|43/100
|-damage|p2b: Ursaluna|0 fnt
|-unboost|p1a: Gholdengo|spa|1
|faint|p2b: Ursaluna
|-damage|p1a: Gholdengo|40/100|[from] item: Life Orb
|
|upkeep
|
|t:|1757824914
|switch|p2b: Annihilape|Annihilape, L50, F|100/100
|switch|p1b: Annihilape|Annihilape, L50, F|100/100
|turn|4
|
|t:|1757824930
|move|p1a: Gholdengo|Protect|p1a: Gholdengo
|-singleturn|p1a: Gholdengo|Protect
|move|p2a: Incineroar|Flare Blitz|p1a: Gholdengo
|-activate|p1a: Gholdengo|move: Protect
|move|p2b: Annihilape|Bulk Up|p2b: Annihilape
|-boost|p2b: Annihilape|atk|1
|-boost|p2b: Annihilape|def|1
|move|p1b: Annihilape|Drain Punch|p2a: Incineroar
|-supereffective|p2a: Incineroar
|-damage|p2a: Incineroar|0 fnt
|faint|p2a: Incineroar
|
|upkeep
|
|t:|1757824932
|switch|p2a: Oranguru|Oranguru, L50, F|100/100
|turn|5
|
|t:|1757824939
|move|p2a: Oranguru|Instruct|p2b: Annihilape
|-singleturn|p2b: Annihilape|move: Instruct|[of] p2a: Oranguru
|move|p2b: Annihilape|Bulk Up|p2b: Annihilape
|-boost|p2b: Annihilape|atk|1
|-boost|p2b: Annihilape|def|1
|move|p2b: Annihilape|Rage Fist|p1a: Gholdengo
|-supereffective|p1a: Gholdengo
|-damage|p1a: Gholdengo|0 fnt
|faint|p1a: Gholdengo
|move|p1b: Annihilape|Bulk Up|p1b: Annihilape
|-boost|p1b: Annihilape|atk|1
|-boost|p1b: Annihilape|def|1
|
|-fieldend|move: Trick Room
|upkeep
|
|t:|1757824947
|switch|p1a: Dragonite|Dragonite, L50, M|100/100
|turn|6
|
|t:|1757824970
|move|p1b: Annihilape|Drain Punch|p2a: Oranguru
|-damage|p2a: Oranguru|56/100
|move|p1a: Dragonite|Scale Shot|p2a: Oranguru
|-crit|p2a: Oranguru
|-damage|p2a: Oranguru|39/100
|-damage|p2a: Oranguru|27/100
|-damage|p2a: Oranguru|16/100
|-damage|p2a: Oranguru|5/100
|-damage|p2a: Oranguru|0 fnt
|faint|p2a: Oranguru
|-hitcount|p2: Oranguru|5
|-unboost|p1a: Dragonite|def|1
|-boost|p1a: Dragonite|spe|1
|move|p2b: Annihilape|Bulk Up|p2b: Annihilape
|-boost|p2b: Annihilape|atk|1
|-boost|p2b: Annihilape|def|1
|
|upkeep
|turn|7
|
|t:|1757824980
|move|p1a: Dragonite|Scale Shot|p1b: Annihilape
|-damage|p1b: Annihilape|91/100
|-crit|p1b: Annihilape
|-damage|p1b: Annihilape|71/100
|-damage|p1b: Annihilape|62/100
|-damage|p1b: Annihilape|53/100
|-hitcount|p1b: Annihilape|4
|-unboost|p1a: Dragonite|def|1
|-boost|p1a: Dragonite|spe|1
|move|p1b: Annihilape|Rage Fist|p2b: Annihilape
|-supereffective|p2b: Annihilape
|-damage|p2b: Annihilape|0 fnt
|faint|p2b: Annihilape
|
|win|Astonished25
||lindsey453 is ready for game 2.
||Astonished25 is ready for game 2.
|uhtml|next|Next: Game 2 of 3
|l|☆lindsey453
|player|p2|
