|j|☆sum1dum
|j|☆eggtart69
|html|sum1dumeggtart69    
|uhtml|bestof|Game 3 of a best-of-3
|t:|1784587230
|gametype|doubles
|player|p1|sum1dum|rosa|1082
|player|p2|eggtart69|2|1170
|gen|9
|tier|[Gen 9 Champions] VGC 2026 Reg M-B (Bo3)
|rated|
|rule|Species Clause: Limit one of each Pokémon
|rule|Item Clause: Limit 1 of each item
|clearpoke
|poke|p1|Gliscor, L50, F|
|poke|p1|Primarina, L50, F|
|poke|p1|Metagross, L50|
|poke|p1|Ninetales-Alola, L50, M|
|poke|p1|Incineroar, L50, M|
|poke|p1|Sinistcha, L50|
|poke|p2|Aerodactyl, L50, F|
|poke|p2|Kingambit, L50, M|
|poke|p2|Tyranitar, L50, M|
|poke|p2|Excadrill, L50, F|
|poke|p2|Basculegion, L50, M|
|poke|p2|Clefable, L50, M|
|teampreview|4
|showteam|p1|Gliscor||LifeOrb|HyperCutter|DualWingbeat,HighHorsepower,Protect,RockSlide|Jolly||F|||50|]Primarina||Leftovers|LiquidVoice|CalmMind,HyperVoice,Moonblast,Protect|Modest||F|||50|]Metagross||Metagrossite|ClearBody|BulletPunch,IronHead,Protect,PsychicFangs|Jolly|||||50|]Ninetales-Alola||LightClay|SnowWarning|AuroraVeil,FreezeDry,Moonblast,Protect|Timid||M|||50|]Incineroar||ChopleBerry|Intimidate|FakeOut,FlareBlitz,DarkestLariat,PartingShot|Impish||M|||50|]Sinistcha||SitrusBerry|Hospitality|MatchaGotcha,Protect,LifeDew,RagePowder|Bold|||||50|
|showteam|p2|Aerodactyl||FocusSash|Unnerve|Tailwind,Protect,RockSlide,DualWingbeat|Jolly||F|||50|]Kingambit||ChopleBerry|Defiant|KowtowCleave,SuckerPunch,Protect,IronHead|Adamant||M|||50|]Tyranitar||Tyranitarite|SandStream|RockSlide,BrickBreak,Protect,LashOut|Adamant||M|||50|]Excadrill||SoftSand|SandRush|HighHorsepower,BrickBreak,Facade,RockSlide|Adamant||F|||50|]Basculegion||ChoiceScarf|Adaptability|FlipTurn,WaveCrash,PsychicFangs,LastRespects|Jolly||M|||50|]Clefable||Clefablite|MagicGuard|FollowMe,Protect,DrainingKiss,GrassKnot|Calm||M|||50|
|inactive|Battle timer is ON: inactive players will automatically lose when time's up. (requested by sum1dum)
|
|t:|1784587254
|teamsize|p1|4
|teamsize|p2|4
|start
|switch|p1a: Primarina|Primarina, L50, F|100/100
|switch|p1b: Metagross|Metagross, L50|100/100
|switch|p2a: Tyranitar|Tyranitar, L50, M|100/100
|switch|p2b: Excadrill|Excadrill, L50, F|100/100
|-weather|Sandstorm|[from] ability: Sand Stream|[of] p2a: Tyranitar
|turn|1
|inactive|eggtart69 has 30 seconds left.
|
|t:|1784587280
|switch|p1b: Gliscor|Gliscor, L50, F|100/100
|move|p2a: Tyranitar|Protect|p2a: Tyranitar
|-singleturn|p2a: Tyranitar|Protect
|move|p2b: Excadrill|High Horsepower|p1a: Primarina
|-damage|p1a: Primarina|34/100
|move|p1a: Primarina|Hyper Voice|p2b: Excadrill|[spread] p2b
|-activate|p2a: Tyranitar|move: Protect
|-supereffective|p2b: Excadrill|1
|-damage|p2b: Excadrill|3/100
|
|-weather|Sandstorm|[upkeep]
|-damage|p1a: Primarina|28/100|[from] Sandstorm
|-heal|p1a: Primarina|34/100|[from] item: Leftovers
|upkeep
|turn|2
|
|t:|1784587302
|move|p1a: Primarina|Protect|p1a: Primarina
|-singleturn|p1a: Primarina|Protect
|move|p2b: Excadrill|High Horsepower|p1a: Primarina
|-activate|p1a: Primarina|move: Protect
|move|p1b: Gliscor|Rock Slide|p2a: Tyranitar|[spread] p2b
|-miss|p1b: Gliscor|p2a: Tyranitar
|-resisted|p2b: Excadrill|2
|-damage|p2b: Excadrill|0 fnt
|faint|p2b: Excadrill
|-damage|p1b: Gliscor|90/100|[from] item: Life Orb
|move|p2a: Tyranitar|Rock Slide|p1a: Primarina|[spread] p1b
|-activate|p1a: Primarina|move: Protect
|-damage|p1b: Gliscor|58/100
|
|-weather|Sandstorm|[upkeep]
|-damage|p1a: Primarina|28/100|[from] Sandstorm
|-heal|p1a: Primarina|34/100|[from] item: Leftovers
|upkeep
|
|t:|1784587311
|switch|p2b: Clefable|Clefable, L50, M|100/100
|turn|3
|
|t:|1784587334
|switch|p1a: Metagross|Metagross, L50|100/100
|move|p2a: Tyranitar|Protect|p2a: Tyranitar
|-singleturn|p2a: Tyranitar|Protect
|move|p1b: Gliscor|Rock Slide|p2b: Clefable|[spread] 
|-activate|p2a: Tyranitar|move: Protect
|-miss|p1b: Gliscor|p2b: Clefable
|move|p2b: Clefable|Grass Knot|p1a: Metagross
|-resisted|p1a: Metagross|1
|-damage|p1a: Metagross|82/100
|
|-weather|Sandstorm|[upkeep]
|upkeep
|turn|4
|
|t:|1784587349
|detailschange|p1a: Metagross|Metagross-Mega, L50
|-mega|p1a: Metagross|Metagross|Metagrossite
|move|p2b: Clefable|Follow Me|p2b: Clefable
|-singleturn|p2b: Clefable|move: Follow Me
|move|p1a: Metagross|Iron Head|p2b: Clefable
|-supereffective|p2b: Clefable|1
|-damage|p2b: Clefable|0 fnt
|faint|p2b: Clefable
|move|p1b: Gliscor|High Horsepower|p2a: Tyranitar
|-supereffective|p2a: Tyranitar|1
|-damage|p2a: Tyranitar|15/100
|-damage|p1b: Gliscor|48/100|[from] item: Life Orb
|move|p2a: Tyranitar|Lash Out|p1a: Metagross
|-supereffective|p1a: Metagross|1
|-damage|p1a: Metagross|15/100
|
|-weather|Sandstorm|[upkeep]
|upkeep
|
|t:|1784587355
|switch|p2b: Basculegion|Basculegion, L50, M|100/100
|turn|5
|
|t:|1784587363
|detailschange|p2a: Tyranitar|Tyranitar-Mega, L50, M
|-mega|p2a: Tyranitar|Tyranitar|Tyranitarite
|move|p1a: Metagross|Protect|p1a: Metagross
|-singleturn|p1a: Metagross|Protect
|move|p1b: Gliscor|Protect|p1b: Gliscor
|-singleturn|p1b: Gliscor|Protect
|move|p2a: Tyranitar|Protect|p2a: Tyranitar
|-singleturn|p2a: Tyranitar|Protect
|move|p2b: Basculegion|Last Respects|p1a: Metagross
|-activate|p1a: Metagross|move: Protect
|
|-weather|none
|upkeep
|turn|6
|
|t:|1784587380
|move|p1a: Metagross|Bullet Punch|p2a: Tyranitar
|-supereffective|p2a: Tyranitar|1
|-damage|p2a: Tyranitar|0 fnt
|faint|p2a: Tyranitar
|move|p2b: Basculegion|Last Respects|p1a: Metagross
|-supereffective|p1a: Metagross|1
|-damage|p1a: Metagross|0 fnt
|faint|p1a: Metagross
|move|p1b: Gliscor|High Horsepower|p2b: Basculegion
|-damage|p2b: Basculegion|27/100
|-damage|p1b: Gliscor|38/100|[from] item: Life Orb
|
|upkeep
|
|t:|1784587383
|switch|p1a: Incineroar|Incineroar, L50, M|100/100
|-ability|p1a: Incineroar|Intimidate|boost
|-unboost|p2b: Basculegion|atk|1
|turn|7
|
|t:|1784587397
|move|p2b: Basculegion|Last Respects|p1b: Gliscor
|-damage|p1b: Gliscor|0 fnt
|faint|p1b: Gliscor
|move|p1a: Incineroar|Parting Shot|p2b: Basculegion
|-unboost|p2b: Basculegion|atk|1
|-unboost|p2b: Basculegion|spa|1
|
|t:|1784587400
|switch|p1a: Primarina|Primarina, L50, F|34/100|[from] Parting Shot
|
|-heal|p1a: Primarina|40/100|[from] item: Leftovers
|upkeep
|
|t:|1784587401
|switch|p1b: Incineroar|Incineroar, L50, M|100/100
|-ability|p1b: Incineroar|Intimidate|boost
|-unboost|p2b: Basculegion|atk|1
|turn|8
|
|t:|1784587405
|move|p2b: Basculegion|Last Respects|p1a: Primarina
|-damage|p1a: Primarina|0 fnt
|faint|p1a: Primarina
|move|p1b: Incineroar|Darkest Lariat|p2b: Basculegion
|-supereffective|p2b: Basculegion|1
|-damage|p2b: Basculegion|0 fnt
|faint|p2b: Basculegion
|
|win|sum1dum
|raw|sum1dum's rating: 1082 → 1117(+35 for winning)
|raw|eggtart69's rating: 1170 → 1139(-31 for losing)
