|j|☆Ssamuuelll
|j|☆naibot2814
|html|Ssamuuelllnaibot2814    
|uhtml|bestof|Game 1 of a best-of-3
|t:|1784688916
|gametype|doubles
|player|p1|Ssamuuelll|266|1211
|player|p2|naibot2814|colress|1210
|gen|9
|tier|[Gen 9 Champions] VGC 2026 Reg M-B (Bo3)
|rated|
|rule|Species Clause: Limit one of each Pokémon
|rule|Item Clause: Limit 1 of each item
|clearpoke
|poke|p1|Staraptor, L50, F|
|poke|p1|Maushold-Four, L50|
|poke|p1|Sinistcha-Masterpiece, L50|
|poke|p1|Gholdengo, L50|
|poke|p1|Tyranitar, L50, F|
|poke|p1|Excadrill, L50, M|
|poke|p2|Blastoise, L50, M|
|poke|p2|Incineroar, L50, M|
|poke|p2|Sneasler, L50, M|
|poke|p2|Sinistcha, L50|
|poke|p2|Kingambit, L50, M, shiny|
|poke|p2|Delphox, L50, F|
|teampreview|4
|showteam|p1|Staraptor||Staraptite|Intimidate|CloseCombat,BraveBird,Tailwind,Protect|Jolly||F|||50|]Maushold-Four||ChopleBerry|FriendGuard|Charm,FollowMe,SuperFang,Protect|Timid|||||50|]Sinistcha-Masterpiece||KasibBerry|Hospitality|MatchaGotcha,TrickRoom,RagePowder,Protect|Bold|||||50|]Gholdengo||LifeOrb|GoodasGold|MakeItRain,ShadowBall,NastyPlot,Protect|Modest|||||50|]Tyranitar||ChoiceScarf|SandStream|RockSlide,KnockOff,IcePunch,LowKick|Jolly||F|||50|]Excadrill||FocusSash|SandRush|HighHorsepower,IronHead,RockSlide,Protect|Adamant||M|||50|
|showteam|p2|Blastoise||Blastoisinite|Torrent|WaterSpout,DarkPulse,ShellSmash,Protect|Modest||M|||50|]Incineroar||SitrusBerry|Intimidate|FakeOut,FlareBlitz,DarkestLariat,PartingShot|Careful||M|||50|]Sneasler||FocusSash|PoisonTouch|FakeOut,CloseCombat,PoisonJab,RockTomb|Jolly||M|||50|]Sinistcha||KasibBerry|Hospitality|MatchaGotcha,TrickRoom,RagePowder,Protect|Bold|||||50|]Kingambit||BlackGlasses|Defiant|KowtowCleave,SuckerPunch,SwordsDance,Protect|Adamant||M|||50|]Delphox||Delphoxite|Blaze|HeatWave,Psyshock,NastyPlot,Protect|Timid||F|||50|
|
|t:|1784688963
|teamsize|p1|4
|teamsize|p2|4
|start
|switch|p1a: Sinistcha|Sinistcha-Masterpiece, L50|100/100
|switch|p1b: Gholdengo|Gholdengo, L50|100/100
|switch|p2a: Incineroar|Incineroar, L50, M|100/100
|switch|p2b: Blastoise|Blastoise, L50, M|100/100
|-ability|p2a: Incineroar|Intimidate|boost
|-unboost|p1a: Sinistcha|atk|1
|-unboost|p1b: Gholdengo|atk|1
|turn|1
|
|t:|1784688986
|switch|p1b: Staraptor|Staraptor, L50, F|100/100
|-ability|p1b: Staraptor|Intimidate|boost
|-unboost|p2a: Incineroar|atk|1
|-unboost|p2b: Blastoise|atk|1
|detailschange|p2b: Blastoise|Blastoise-Mega, L50, M
|-mega|p2b: Blastoise|Blastoise|Blastoisinite
|move|p2b: Blastoise|Dark Pulse|p1a: Sinistcha
|-supereffective|p1a: Sinistcha|1
|-damage|p1a: Sinistcha|10/100
|move|p1a: Sinistcha|Matcha Gotcha|p2a: Incineroar|[spread] p2a,p2b
|-resisted|p2a: Incineroar|1
|-supereffective|p2b: Blastoise|1
|-damage|p2a: Incineroar|90/100
|-heal|p1a: Sinistcha|15/100|[from] drain|[of] p2a: Incineroar
|-damage|p2b: Blastoise|50/100y
|-heal|p1a: Sinistcha|37/100|[from] drain|[of] p2b: Blastoise
|-status|p2b: Blastoise|brn
|move|p2a: Incineroar|Darkest Lariat|p1b: Staraptor
|-damage|p1b: Staraptor|71/100
|
|-damage|p2b: Blastoise|44/100 brn|[from] brn
|upkeep
|turn|2
|
|t:|1784689020
|switch|p1a: Maushold|Maushold-Four, L50|100/100
|switch|p2a: Sinistcha|Sinistcha, L50|100/100
|-heal|p2b: Blastoise|69/100 brn|[from] ability: Hospitality|[of] p2a: Sinistcha
|detailschange|p1b: Staraptor|Staraptor-Mega, L50, F
|-mega|p1b: Staraptor|Staraptor|Staraptite
|move|p1b: Staraptor|Close Combat|p2a: Sinistcha
|-immune|p2a: Sinistcha
|move|p2b: Blastoise|Dark Pulse|p1a: Maushold
|-damage|p1a: Maushold|39/100
|
|-damage|p2b: Blastoise|63/100 brn|[from] brn
|upkeep
|turn|3
|
|t:|1784689054
|move|p2a: Sinistcha|Rage Powder|p2a: Sinistcha
|-singleturn|p2a: Sinistcha|move: Rage Powder
|move|p1a: Maushold|Charm|p2a: Sinistcha
|-unboost|p2a: Sinistcha|atk|2
|move|p1b: Staraptor|Brave Bird|p2a: Sinistcha
|-supereffective|p2a: Sinistcha|1
|-damage|p2a: Sinistcha|4/100
|-damage|p1b: Staraptor|40/100|[from] Recoil
|move|p2b: Blastoise|Shell Smash|p2b: Blastoise
|-unboost|p2b: Blastoise|def|1
|-unboost|p2b: Blastoise|spd|1
|-boost|p2b: Blastoise|atk|2
|-boost|p2b: Blastoise|spa|2
|-boost|p2b: Blastoise|spe|2
|
|-damage|p2b: Blastoise|57/100 brn|[from] brn
|upkeep
|turn|4
|
|t:|1784689079
|switch|p1a: Sinistcha|Sinistcha-Masterpiece, L50|37/100
|-heal|p1b: Staraptor|65/100|[from] ability: Hospitality|[of] p1a: Sinistcha
|switch|p2a: Sneasler|Sneasler, L50, M|100/100
|move|p1b: Staraptor|Protect|p1b: Staraptor
|-singleturn|p1b: Staraptor|Protect
|move|p2b: Blastoise|Water Spout|p1a: Sinistcha|[spread] p1a
|-activate|p1b: Staraptor|move: Protect
|-resisted|p1a: Sinistcha|1
|-damage|p1a: Sinistcha|2/100
|
|-damage|p2b: Blastoise|51/100 brn|[from] brn
|upkeep
|turn|5
|
|t:|1784689105
|switch|p1b: Gholdengo|Gholdengo, L50|100/100
|move|p1a: Sinistcha|Protect|p1a: Sinistcha
|-singleturn|p1a: Sinistcha|Protect
|move|p2a: Sneasler|Fake Out|p1b: Gholdengo
|-immune|p1b: Gholdengo
|move|p2b: Blastoise|Water Spout|p1a: Sinistcha|[spread] p1b
|-activate|p1a: Sinistcha|move: Protect
|-damage|p1b: Gholdengo|26/100
|
|-damage|p2b: Blastoise|46/100 brn|[from] brn
|upkeep
|turn|6
|
|t:|1784689129
|switch|p2a: Sinistcha|Sinistcha, L50|4/100
|-heal|p2b: Blastoise|71/100 brn|[from] ability: Hospitality|[of] p2a: Sinistcha
|move|p1b: Gholdengo|Protect|p1b: Gholdengo
|-singleturn|p1b: Gholdengo|Protect
|move|p2b: Blastoise|Water Spout|p1b: Gholdengo|[spread] p1a
|-activate|p1b: Gholdengo|move: Protect
|-resisted|p1a: Sinistcha|1
|-damage|p1a: Sinistcha|0 fnt
|faint|p1a: Sinistcha
|
|-damage|p2b: Blastoise|65/100 brn|[from] brn
|upkeep
|
|t:|1784689151
|switch|p1a: Staraptor|Staraptor-Mega, L50, F|65/100
|turn|7
|
|t:|1784689160
|switch|p2a: Sneasler|Sneasler, L50, M|100/100
|move|p2b: Blastoise|Water Spout|p1b: Gholdengo|[spread] p1a,p1b
|-damage|p1a: Staraptor|0 fnt
|-damage|p1b: Gholdengo|0 fnt
|faint|p1a: Staraptor
|faint|p1b: Gholdengo
|
|-damage|p2b: Blastoise|59/100 brn|[from] brn
|upkeep
|
|t:|1784689172
|switch|p1b: Maushold|Maushold-Four, L50|39/100
|turn|8
|
|t:|1784689176
|switch|p2a: Sinistcha|Sinistcha, L50|4/100
|-heal|p2b: Blastoise|84/100 brn|[from] ability: Hospitality|[of] p2a: Sinistcha
|move|p1b: Maushold|Follow Me|p1b: Maushold
|-singleturn|p1b: Maushold|move: Follow Me
|move|p2b: Blastoise|Dark Pulse|p1b: Maushold
|-damage|p1b: Maushold|0 fnt
|faint|p1b: Maushold
|
|win|naibot2814
||naibot2814 is ready for game 2.
|inactive|Ssamuuelll has 30 seconds to confirm battle start!
||Ssamuuelll is ready for game 2.
|uhtml|next|Next: Game 2 of 3
