|j|☆BonnieSSR
|j|☆pimi19
|html|BonnieSSRpimi19    
|uhtml|bestof|Game 2 of a best-of-3
|t:|1756491800
|gametype|doubles
|player|p1|BonnieSSR|miku-ground|1162
|player|p2|pimi19|170|1120
|gen|9
|tier|[Gen 9] VGC 2025 Reg H (Bo3)
|rated|
|rule|Species Clause: Limit one of each Pokémon
|rule|Item Clause: Limit 1 of each item
|clearpoke
|poke|p1|Tyranitar, L50, F|
|poke|p1|Amoonguss, L50, F|
|poke|p1|Kilowattrel, L50, F|
|poke|p1|Excadrill, L50, F|
|poke|p1|Kommo-o, L50, F|
|poke|p1|Incineroar, L50, M|
|poke|p2|Ninetales-Alola, L50, M|
|poke|p2|Gholdengo, L50|
|poke|p2|Garchomp, L50, M|
|poke|p2|Annihilape, L50, F|
|poke|p2|Amoonguss, L50, M|
|poke|p2|Volcarona, L50, F|
|teampreview|4
|showteam|p1|Tyranitar||AssaultVest|SandStream|LowKick,RockSlide,KnockOff,TeraBlast|||F|||50|,,,,,Flying]Amoonguss||SitrusBerry|Regenerator|Spore,RagePowder,SludgeBomb,Protect|||F|||50|,,,,,Water]Kilowattrel||ChoiceSpecs|Competitive|Thunderbolt,Discharge,VoltSwitch,AirSlash|||F|||50|,,,,,Ghost]Excadrill||FocusSash|SandRush|IronHead,Earthquake,HighHorsepower,Protect|||F|||50|,,,,,Ground]Kommo-o||Leftovers|Overcoat|IronDefense,BodyPress,ThroatChop,Protect|||F|||50|,,,,,Steel]Incineroar||SafetyGoggles|Intimidate|FlareBlitz,KnockOff,PartingShot,FakeOut|||M|||50|,,,,,Ghost
|showteam|p2|Ninetales-Alola||FocusSash|SnowWarning|Blizzard,Moonblast,AuroraVeil,Protect|||M|||50|,,,,,Ghost]Gholdengo||LifeOrb|GoodasGold|ShadowBall,MakeItRain,NastyPlot,Protect||||||50|,,,,,Dragon]Garchomp||ClearAmulet|RoughSkin|StompingTantrum,DragonClaw,Earthquake,Protect|||M|||50|,,,,,Fairy]Annihilape||SafetyGoggles|Defiant|RageFist,CloseCombat,Taunt,Protect|||F|||50|,,,,,Fire]Amoonguss||SitrusBerry|Regenerator|Spore,SludgeBomb,RagePowder,PollenPuff|||M|||50|,,,,,Water]Volcarona||CovertCloak|FlameBody|GigaDrain,Flamethrower,QuiverDance,Protect|||F|||50|,,,,,Dragon
|
|t:|1756491822
|teamsize|p1|4
|teamsize|p2|4
|start
|switch|p1a: Prim|Kilowattrel, L50, F|100/100
|switch|p1b: Lacey|Excadrill, L50, F, shiny|100/100
|switch|p2a: Garchomp|Garchomp, L50, M|100/100
|switch|p2b: Amoonguss|Amoonguss, L50, M|100/100
|turn|1
|
|t:|1756491835
|-terastallize|p2b: Amoonguss|Water
|move|p1a: Prim|Air Slash|p2b: Amoonguss
|-damage|p2b: Amoonguss|57/100
|move|p1b: Lacey|High Horsepower|p2b: Amoonguss
|-damage|p2b: Amoonguss|13/100
|-enditem|p2b: Amoonguss|Sitrus Berry|[eat]
|-heal|p2b: Amoonguss|38/100|[from] item: Sitrus Berry
|move|p2a: Garchomp|Dragon Claw|p1b: Lacey
|-resisted|p1b: Lacey
|-damage|p1b: Lacey|68/100
|move|p2b: Amoonguss|Spore|p1a: Prim
|-status|p1a: Prim|slp|[from] move: Spore
|
|upkeep
|turn|2
|
|t:|1756491862
|switch|p2b: Ninetales|Ninetales-Alola, L50, M|100/100
|-weather|Snowscape|[from] ability: Snow Warning|[of] p2b: Ninetales
|-terastallize|p1b: Lacey|Ground
|cant|p1a: Prim|slp
|move|p1b: Lacey|Earthquake|p2b: Ninetales|[spread] p2a,p2b
|-immune|p1a: Prim
|-damage|p2a: Garchomp|47/100
|-damage|p2b: Ninetales|58/100
|move|p2a: Garchomp|Dragon Claw|p1a: Prim
|-damage|p1a: Prim|23/100 slp
|
|-weather|Snowscape|[upkeep]
|upkeep
|turn|3
|
|t:|1756491880
|switch|p1a: Ouroboros|Tyranitar, L50, F, shiny|100/100
|-weather|Sandstorm|[from] ability: Sand Stream|[of] p1a: Ouroboros
|switch|p2b: Amoonguss|Amoonguss, L50, M, tera:Water|71/100
|move|p1b: Lacey|Earthquake|p2b: Amoonguss|[spread] p1a,p2a,p2b
|-supereffective|p1a: Ouroboros
|-damage|p1a: Ouroboros|12/100
|-damage|p2a: Garchomp|0 fnt
|-damage|p2b: Amoonguss|30/100
|faint|p2a: Garchomp
|
|-weather|Sandstorm|[upkeep]
|-damage|p2b: Amoonguss|25/100|[from] Sandstorm
|upkeep
|
|t:|1756491890
|switch|p2a: Ninetales|Ninetales-Alola, L50, M|58/100
|-weather|Snowscape|[from] ability: Snow Warning|[of] p2a: Ninetales
|turn|4
|
|t:|1756491897
|switch|p1a: Prim|Kilowattrel, L50, F|23/100 slp
|switch|p2b: Gholdengo|Gholdengo, L50|100/100
|move|p1b: Lacey|Protect|p1b: Lacey
|-singleturn|p1b: Lacey|Protect
|move|p2a: Ninetales|Blizzard|p1a: Prim|[spread] p1a
|-activate|p1b: Lacey|move: Protect
|-supereffective|p1a: Prim
|-damage|p1a: Prim|0 fnt
|faint|p1a: Prim
|
|-weather|Snowscape|[upkeep]
|upkeep
|
|t:|1756491906
|switch|p1a: Ouroboros|Tyranitar, L50, F, shiny|12/100
|-weather|Sandstorm|[from] ability: Sand Stream|[of] p1a: Ouroboros
|turn|5
|
|t:|1756491923
|switch|p2a: Amoonguss|Amoonguss, L50, M, tera:Water|58/100
|switch|p1a: Transassa|Amoonguss, L50, F, shiny|100/100
|move|p2b: Gholdengo|Protect|p2b: Gholdengo
|-singleturn|p2b: Gholdengo|Protect
|move|p1b: Lacey|Earthquake|p2a: Amoonguss|[spread] p1a,p2a
|-activate|p2b: Gholdengo|move: Protect
|-damage|p1a: Transassa|53/100
|-damage|p2a: Amoonguss|15/100
|
|-weather|Sandstorm|[upkeep]
|-damage|p2a: Amoonguss|9/100|[from] Sandstorm
|-damage|p1a: Transassa|47/100|[from] Sandstorm
|-enditem|p1a: Transassa|Sitrus Berry|[eat]
|-heal|p1a: Transassa|72/100|[from] item: Sitrus Berry
|upkeep
|turn|6
|
|t:|1756491948
|move|p1a: Transassa|Protect|p1a: Transassa
|-singleturn|p1a: Transassa|Protect
|move|p1b: Lacey|Earthquake|p2a: Amoonguss|[spread] p2a,p2b
|-activate|p1a: Transassa|move: Protect
|-supereffective|p2b: Gholdengo
|-damage|p2a: Amoonguss|0 fnt
|-damage|p2b: Gholdengo|0 fnt
|faint|p2a: Amoonguss
|faint|p2b: Gholdengo
|
|-weather|Sandstorm|[upkeep]
|-damage|p1a: Transassa|66/100|[from] Sandstorm
|upkeep
|
|t:|1756491951
|switch|p2b: Ninetales|Ninetales-Alola, L50, M|58/100
|-weather|Snowscape|[from] ability: Snow Warning|[of] p2b: Ninetales
|turn|7
|inactive|Battle timer is ON: inactive players will automatically lose when time's up. (requested by pimi19)
|
|t:|1756491962
|move|p2b: Ninetales|Moonblast|p1a: Transassa
|-resisted|p1a: Transassa
|-damage|p1a: Transassa|55/100
|move|p1b: Lacey|Earthquake|p2b: Ninetales|[spread] p1a,p2b
|-damage|p1a: Transassa|13/100
|-damage|p2b: Ninetales|16/100
|move|p1a: Transassa|Spore|p2b: Ninetales
|-status|p2b: Ninetales|slp|[from] move: Spore
|
|-weather|Snowscape|[upkeep]
|upkeep
|turn|8
|
|t:|1756491974
|cant|p2b: Ninetales|slp
|move|p1b: Lacey|Iron Head|p2b: Ninetales
|-supereffective|p2b: Ninetales
|-damage|p2b: Ninetales|0 fnt
|faint|p2b: Ninetales
|
|win|BonnieSSR
|raw|BonnieSSR's rating: 1162 → 1184(+22 for winning)
|raw|pimi19's rating: 1120 → 1098(-22 for losing)
