|j|☆arcanedniall
|j|☆naibot2814
|html|arcanedniallnaibot2814    
|uhtml|bestof|Game 1 of a best-of-3
|t:|1757715342
|gametype|doubles
|player|p1|arcanedniall|janitor|1090
|player|p2|naibot2814|ghetsis|1165
|gen|9
|tier|[Gen 9] VGC 2025 Reg H (Bo3)
|rated|
|rule|Species Clause: Limit one of each Pokémon
|rule|Item Clause: Limit 1 of each item
|clearpoke
|poke|p1|Rillaboom, L50, F|
|poke|p1|Porygon2, L50|
|poke|p1|Hawlucha, L50, F|
|poke|p1|Volcarona, L50, F|
|poke|p1|Dragonite, L50, M|
|poke|p1|Ursaluna-Bloodmoon, L50, M|
|poke|p2|Gholdengo, L50|
|poke|p2|Porygon2, L50|
|poke|p2|Ursaluna, L50, M|
|poke|p2|Mienshao, L50, F|
|poke|p2|Amoonguss, L50, M|
|poke|p2|Incineroar, L50, M|
|teampreview|4
|showteam|p1|Rillaboom||AssaultVest|GrassySurge|FakeOut,GrassyGlide,WoodHammer,Uturn|||F|||50|,,,,,Fire]Porygon2||Eviolite|Download|IceBeam,Thunderbolt,Recover,TrickRoom||||||50|,,,,,Dark]Hawlucha||GrassySeed|Unburden|Acrobatics,BodyPress,Encore,Protect|||F|||50|,,,,,Grass]Volcarona||CovertCloak|FlameBody|HeatWave,BugBuzz,RagePowder,QuiverDance|||F|||50|,,,,,Electric]Dragonite||LoadedDice|InnerFocus|ExtremeSpeed,ScaleShot,Haze,Protect|||M|||50|,,,,,Fairy]Ursaluna-Bloodmoon||LifeOrb|MindsEye|BloodMoon,EarthPower,HyperVoice,Protect|||M|||50|,,,,,Ghost
|showteam|p2|Gholdengo||LifeOrb|GoodasGold|MakeItRain,NastyPlot,Protect,ShadowBall||||||50|,,,,,Water]Porygon2||Eviolite|Download|TeraBlast,Recover,TrickRoom,IceBeam||||||50|,,,,,Fighting]Ursaluna||FlameOrb|Guts|Earthquake,Protect,Facade,HeadlongRush|||M|||50|,,,,,Ghost]Mienshao||FocusSash|InnerFocus|CloseCombat,FakeOut,WideGuard,IceSpinner|||F|||50|,,,,,Stellar]Amoonguss||CovertCloak|Regenerator|PollenPuff,RagePowder,Spore,ClearSmog|||M|||50|,,,,,Fairy]Incineroar||SafetyGoggles|Intimidate|FlareBlitz,FakeOut,PartingShot,KnockOff|||M|||50|,,,,,Ghost
|
|t:|1757715408
|teamsize|p1|4
|teamsize|p2|4
|start
|switch|p1a: Hawlucha|Hawlucha, L50, F|100/100
|switch|p1b: Rillaboom|Rillaboom, L50, F|100/100
|switch|p2a: Incineroar|Incineroar, L50, M|100/100
|switch|p2b: Porygon2|Porygon2, L50|100/100
|-fieldstart|move: Grassy Terrain|[from] ability: Grassy Surge|[of] p1b: Rillaboom
|-enditem|p1a: Hawlucha|Grassy Seed
|-boost|p1a: Hawlucha|def|1|[from] item: Grassy Seed
|-ability|p2a: Incineroar|Intimidate|boost
|-unboost|p1a: Hawlucha|atk|1
|-unboost|p1b: Rillaboom|atk|1
|-ability|p2b: Porygon2|Download|boost
|-boost|p2b: Porygon2|spa|1
|turn|1
|
|t:|1757715443
|switch|p2b: Amoonguss|Amoonguss, L50, M|100/100
|move|p1b: Rillaboom|Fake Out|p2b: Amoonguss
|-damage|p2b: Amoonguss|91/100
|move|p1a: Hawlucha|Body Press|p2b: Amoonguss
|-resisted|p2b: Amoonguss
|-damage|p2b: Amoonguss|70/100
|move|p2a: Incineroar|Flare Blitz|p1b: Rillaboom
|-supereffective|p1b: Rillaboom
|-damage|p1b: Rillaboom|14/100
|-damage|p2a: Incineroar|71/100|[from] Recoil
|
|-heal|p1b: Rillaboom|19/100|[from] Grassy Terrain
|-heal|p2a: Incineroar|77/100|[from] Grassy Terrain
|-heal|p2b: Amoonguss|76/100|[from] Grassy Terrain
|upkeep
|turn|2
|
|t:|1757715501
|-terastallize|p1a: Hawlucha|Grass
|move|p1a: Hawlucha|Acrobatics|p2b: Amoonguss
|-supereffective|p2b: Amoonguss
|-damage|p2b: Amoonguss|33/100
|move|p1b: Rillaboom|U-turn|p2b: Amoonguss
|-damage|p2b: Amoonguss|18/100
|
|t:|1757715509
|switch|p1b: Porygon2|Porygon2, L50|100/100|[from] U-turn
|-ability|p1b: Porygon2|Download|boost
|-boost|p1b: Porygon2|atk|1
|move|p2a: Incineroar|Parting Shot|p1b: Porygon2
|-unboost|p1b: Porygon2|atk|1
|-unboost|p1b: Porygon2|spa|1
|
|t:|1757715520
|switch|p2a: Ursaluna|Ursaluna, L50, M, shiny|100/100|[from] Parting Shot
|move|p2b: Amoonguss|Spore|p1a: Hawlucha
|-immune|p1a: Hawlucha
|
|-heal|p2b: Amoonguss|24/100|[from] Grassy Terrain
|-status|p2a: Ursaluna|brn|[from] item: Flame Orb
|upkeep
|turn|3
|
|t:|1757715567
|-terastallize|p2a: Ursaluna|Ghost
|move|p1a: Hawlucha|Acrobatics|p2b: Amoonguss
|-supereffective|p2b: Amoonguss
|-damage|p2b: Amoonguss|0 fnt
|faint|p2b: Amoonguss
|move|p1b: Porygon2|Ice Beam|p2a: Ursaluna
|-damage|p2a: Ursaluna|88/100 brn
|move|p2a: Ursaluna|Facade|p1a: Hawlucha
|-damage|p1a: Hawlucha|25/100
|
|-heal|p1a: Hawlucha|31/100|[from] Grassy Terrain
|-heal|p2a: Ursaluna|94/100 brn|[from] Grassy Terrain
|-damage|p2a: Ursaluna|88/100 brn|[from] brn
|upkeep
|
|t:|1757715586
|switch|p2b: Incineroar|Incineroar, L50, M|77/100
|-ability|p2b: Incineroar|Intimidate|boost
|-unboost|p1a: Hawlucha|atk|1
|-unboost|p1b: Porygon2|atk|1
|turn|4
|
|t:|1757715634
|switch|p1b: Rillaboom|Rillaboom, L50, F|19/100
|move|p1a: Hawlucha|Protect|p1a: Hawlucha
|-singleturn|p1a: Hawlucha|Protect
|move|p2b: Incineroar|Fake Out|p1a: Hawlucha
|-activate|p1a: Hawlucha|move: Protect
|move|p2a: Ursaluna|Facade|p1b: Rillaboom
|-damage|p1b: Rillaboom|0 fnt
|faint|p1b: Rillaboom
|
|-heal|p1a: Hawlucha|37/100|[from] Grassy Terrain
|-heal|p2b: Incineroar|83/100|[from] Grassy Terrain
|-heal|p2a: Ursaluna|94/100 brn|[from] Grassy Terrain
|-damage|p2a: Ursaluna|88/100 brn|[from] brn
|upkeep
|
|t:|1757715651
|switch|p1b: Volcarona|Volcarona, L50, F|100/100
|turn|5
|
|t:|1757715672
|move|p1a: Hawlucha|Encore|p2b: Incineroar
|-start|p2b: Incineroar|Encore
|move|p1b: Volcarona|Bug Buzz|p2a: Ursaluna
|-resisted|p2a: Ursaluna
|-damage|p2a: Ursaluna|68/100 brn
|move|p2b: Incineroar|Fake Out||[still]
|-hint|Fake Out only works on your first turn out.
|-fail|p2b: Incineroar
|move|p2a: Ursaluna|Facade|p1a: Hawlucha
|-damage|p1a: Hawlucha|0 fnt
|faint|p1a: Hawlucha
|
|-heal|p2b: Incineroar|89/100|[from] Grassy Terrain
|-heal|p2a: Ursaluna|74/100 brn|[from] Grassy Terrain
|-damage|p2a: Ursaluna|68/100 brn|[from] brn
|-fieldend|move: Grassy Terrain
|upkeep
|
|t:|1757715689
|switch|p1a: Porygon2|Porygon2, L50|100/100
|-ability|p1a: Porygon2|Download|boost
|-boost|p1a: Porygon2|atk|1
|turn|6
|
|t:|1757715705
|switch|p2b: Porygon2|Porygon2, L50|100/100
|-ability|p2b: Porygon2|Download|boost
|-boost|p2b: Porygon2|atk|1
|move|p1b: Volcarona|Heat Wave|p2a: Ursaluna|[spread] p2a,p2b
|-damage|p2a: Ursaluna|36/100 brn
|-damage|p2b: Porygon2|78/100
|move|p1a: Porygon2|Thunderbolt|p2a: Ursaluna
|-damage|p2a: Ursaluna|16/100 brn
|move|p2a: Ursaluna|Facade|p1b: Volcarona
|-damage|p1b: Volcarona|0 fnt
|faint|p1b: Volcarona
|
|-damage|p2a: Ursaluna|10/100 brn|[from] brn
|upkeep
|turn|7
|
|t:|1757715734
|move|p2b: Porygon2|Tera Blast|p1a: Porygon2
|-damage|p1a: Porygon2|81/100
|move|p1a: Porygon2|Thunderbolt|p2a: Ursaluna
|-damage|p2a: Ursaluna|0 fnt
|faint|p2a: Ursaluna
|
|upkeep
|
|t:|1757715739
|switch|p2a: Incineroar|Incineroar, L50, M|89/100
|-ability|p2a: Incineroar|Intimidate|boost
|-unboost|p1a: Porygon2|atk|1
|turn|8
|
|t:|1757715747
|move|p2a: Incineroar|Knock Off|p1a: Porygon2
|-damage|p1a: Porygon2|59/100
|-enditem|p1a: Porygon2|Eviolite|[from] move: Knock Off|[of] p2a: Incineroar
|move|p2b: Porygon2|Tera Blast|p1a: Porygon2
|-damage|p1a: Porygon2|31/100
|move|p1a: Porygon2|Ice Beam|p2a: Incineroar
|-resisted|p2a: Incineroar
|-damage|p2a: Incineroar|80/100
|
|upkeep
|turn|9
|
|t:|1757715760
|move|p2a: Incineroar|Flare Blitz|p1a: Porygon2
|-damage|p1a: Porygon2|0 fnt
|faint|p1a: Porygon2
|-damage|p2a: Incineroar|71/100|[from] Recoil
|
|win|naibot2814
|inactive|arcanedniall has 30 seconds to confirm battle start!
|inactive|naibot2814 has 30 seconds to confirm battle start!
||arcanedniall is ready for game 2.
|inactive|naibot2814 has 20 seconds to confirm battle start!
||naibot2814 is ready for game 2.
|uhtml|next|Next: Game 2 of 3
|l|☆arcanedniall
|player|p1|
|l|☆naibot2814
|player|p2|
