|j|☆orphan of koss
|j|☆cobalt6767
|html|orphan of kosscobalt6767    
|uhtml|bestof|Game 2 of a best-of-3
|t:|1757924016
|gametype|doubles
|player|p1|orphan of koss|guitarist|1179
|player|p2|cobalt6767|266|1199
|gen|9
|tier|[Gen 9] VGC 2025 Reg H (Bo3)
|rated|
|rule|Species Clause: Limit one of each Pokémon
|rule|Item Clause: Limit 1 of each item
|clearpoke
|poke|p1|Arcanine-Hisui, L50, F|
|poke|p1|Milotic, L50, M|
|poke|p1|Rillaboom, L50, M|
|poke|p1|Porygon-Z, L50|
|poke|p1|Electabuzz, L50, F|
|poke|p1|Whimsicott, L50, F|
|poke|p2|Sneasler, L50, F|
|poke|p2|Primarina, L50, F|
|poke|p2|Kingambit, L50, M|
|poke|p2|Rillaboom, L50, M|
|poke|p2|Electabuzz, L50, M|
|poke|p2|Dragapult, L50, M|
|teampreview|4
|showteam|p1|Arcanine-Hisui||ChoiceBand|Intimidate|RockSlide,FlareBlitz,CloseCombat,ExtremeSpeed|||F|||50|,,,,,Normal]Milotic||FlameOrb|MarvelScale|Scald,IceBeam,Haze,Protect|||M|||50|,,,,,Dragon]Rillaboom||MiracleSeed|GrassySurge|GrassyGlide,DrumBeating,Uturn,FakeOut|||M|||50|,,,,,Grass]Porygon-Z||LifeOrb|Adaptability|TeraBlast,IceBeam,HyperBeam,Protect||||||50|,,,,,Ground]Electabuzz||Eviolite|VitalSpirit|Electroweb,FollowMe,Taunt,Protect|||F|||50|,,,,,Ghost]Whimsicott||CovertCloak|Prankster|Tailwind,Moonblast,FakeTears,Encore|||F|||50|,,,,,Fire
|showteam|p2|Sneasler||FocusSash|PoisonTouch|DireClaw,CloseCombat,Protect,FakeOut|||F|||50|,,,,,Stellar]Primarina||ThroatSpray|LiquidVoice|Protect,HyperVoice,Moonblast,Haze|||F|||50|,,,,,Poison]Kingambit||BlackGlasses|Defiant|KowtowCleave,SwordsDance,SuckerPunch,Protect|||M|||50|,,,,,Dark]Rillaboom||AssaultVest|GrassySurge|WoodHammer,Uturn,GrassyGlide,FakeOut|||M|||50|,,,,,Fire]Electabuzz||Eviolite|VitalSpirit|Electroweb,Taunt,Protect,FollowMe|||M|||50|,,,,,Fairy]Dragapult||ChoiceBand|ClearBody|DragonDarts,Uturn,PhantomForce,Outrage|||M|||50|,,,,,Dragon
|inactive|Battle timer is ON: inactive players will automatically lose when time's up. (requested by orphan of koss)
|inactive|orphan of koss has 60 seconds left.
|
|t:|1757924055
|teamsize|p1|4
|teamsize|p2|4
|start
|switch|p1a: Electabuzz|Electabuzz, L50, F|100/100
|switch|p1b: Porygon-Z|Porygon-Z, L50|100/100
|switch|p2a: Sneasler|Sneasler, L50, F|100/100
|switch|p2b: Electabuzz|Electabuzz, L50, M|100/100
|turn|1
|inactive|cobalt6767 has 30 seconds left.
|
|t:|1757924084
|move|p1b: Porygon-Z|Protect|p1b: Porygon-Z
|-singleturn|p1b: Porygon-Z|Protect
|move|p2a: Sneasler|Fake Out|p1b: Porygon-Z
|-activate|p1b: Porygon-Z|move: Protect
|move|p1a: Electabuzz|Electroweb|p2b: Electabuzz|[spread] p2a,p2b
|-resisted|p2b: Electabuzz
|-damage|p2a: Sneasler|81/100
|-damage|p2b: Electabuzz|95/100
|-unboost|p2a: Sneasler|spe|1
|-unboost|p2b: Electabuzz|spe|1
|move|p2b: Electabuzz|Electroweb|p1b: Porygon-Z|[spread] p1a
|-activate|p1b: Porygon-Z|move: Protect
|-resisted|p1a: Electabuzz
|-damage|p1a: Electabuzz|94/100
|-unboost|p1a: Electabuzz|spe|1
|
|upkeep
|turn|2
|inactive|orphan of koss has 30 seconds left.
|inactive|orphan of koss has 20 seconds left.
|
|t:|1757924120
|-terastallize|p1b: Porygon-Z|Ground
|move|p2a: Sneasler|Protect|p2a: Sneasler
|-singleturn|p2a: Sneasler|Protect
|move|p1a: Electabuzz|Follow Me|p1a: Electabuzz
|-singleturn|p1a: Electabuzz|move: Follow Me
|move|p1b: Porygon-Z|Tera Blast|p2b: Electabuzz|[anim] Tera Blast Ground
|-supereffective|p2b: Electabuzz
|-damage|p2b: Electabuzz|0 fnt
|faint|p2b: Electabuzz
|-damage|p1b: Porygon-Z|91/100|[from] item: Life Orb
|
|upkeep
|
|t:|1757924129
|switch|p2b: Dragapult|Dragapult, L50, M|100/100
|turn|3
|
|t:|1757924141
|move|p1a: Electabuzz|Follow Me|p1a: Electabuzz
|-singleturn|p1a: Electabuzz|move: Follow Me
|move|p2b: Dragapult|Dragon Darts|p1a: Electabuzz
|-damage|p1a: Electabuzz|57/100
|-anim|p2b: Dragapult|Dragon Darts|p1a: Electabuzz
|-damage|p1a: Electabuzz|23/100
|move|p1b: Porygon-Z|Ice Beam|p2b: Dragapult
|-supereffective|p2b: Dragapult
|-damage|p2b: Dragapult|0 fnt
|faint|p2b: Dragapult
|-damage|p1b: Porygon-Z|81/100|[from] item: Life Orb
|move|p2a: Sneasler|Dire Claw|p1a: Electabuzz
|-damage|p1a: Electabuzz|0 fnt
|faint|p1a: Electabuzz
|
|upkeep
|
|t:|1757924153
|switch|p2b: Kingambit|Kingambit, L50, M|100/100
|switch|p1a: Whimsicott|Whimsicott, L50, F|100/100
|turn|4
|
|t:|1757924174
|switch|p1a: Milotic|Milotic, L50, M|100/100
|-terastallize|p2b: Kingambit|Dark
|move|p2a: Sneasler|Protect|p2a: Sneasler
|-singleturn|p2a: Sneasler|Protect
|move|p1b: Porygon-Z|Tera Blast|p2a: Sneasler|[anim] Tera Blast Ground
|-activate|p2a: Sneasler|move: Protect
|move|p2b: Kingambit|Swords Dance|p2b: Kingambit
|-boost|p2b: Kingambit|atk|2
|
|-status|p1a: Milotic|brn|[from] item: Flame Orb
|upkeep
|turn|5
|inactive|orphan of koss has 30 seconds left.
|inactive|cobalt6767 has 30 seconds left.
|inactive|orphan of koss has 20 seconds left.
|
|t:|1757924210
|move|p1b: Porygon-Z|Tera Blast|p2a: Sneasler|[anim] Tera Blast Ground
|-supereffective|p2a: Sneasler
|-damage|p2a: Sneasler|0 fnt
|faint|p2a: Sneasler
|-damage|p1b: Porygon-Z|71/100|[from] item: Life Orb
|move|p1a: Milotic|Scald|p2b: Kingambit
|-damage|p2b: Kingambit|61/100
|move|p2b: Kingambit|Kowtow Cleave|p1a: Milotic
|-damage|p1a: Milotic|2/100 brn
|
|-damage|p1a: Milotic|0 fnt|[from] brn
|faint|p1a: Milotic
|upkeep
|
|t:|1757924221
|switch|p1a: Whimsicott|Whimsicott, L50, F|100/100
|turn|6
|
|t:|1757924230
|move|p2b: Kingambit|Sucker Punch|p1b: Porygon-Z
|-damage|p1b: Porygon-Z|0 fnt
|faint|p1b: Porygon-Z
|move|p1a: Whimsicott|Moonblast|p2b: Kingambit
|-supereffective|p2b: Kingambit
|-damage|p2b: Kingambit|0 fnt
|faint|p2b: Kingambit
|
|win|orphan of koss
||orphan of koss is ready for game 3.
||cobalt6767 is ready for game 3.
|uhtml|next|Next: Game 3 of 3
|l|☆orphan of koss
|player|p1|
|l|☆cobalt6767
|player|p2|
