|j|☆SeymoursLeftToeVGC
|j|☆devinlewisd
|html|SeymoursLeftToeVGCdevinlewisd    
|uhtml|bestof|Game 1 of a best-of-3
|t:|1783350487
|gametype|doubles
|player|p1|SeymoursLeftToeVGC|ninjaboy|1131
|player|p2|devinlewisd|hiker-gen4|1079
|gen|9
|tier|[Gen 9 Champions] VGC 2026 Reg M-B (Bo3)
|rated|
|rule|Species Clause: Limit one of each Pokémon
|rule|Item Clause: Limit 1 of each item
|clearpoke
|poke|p1|Tyranitar, L50, F, shiny|
|poke|p1|Excadrill, L50, F, shiny|
|poke|p1|Kangaskhan, L50, F, shiny|
|poke|p1|Tsareena, L50, F, shiny|
|poke|p1|Clefable, L50, M, shiny|
|poke|p1|Talonflame, L50, M, shiny|
|poke|p2|Ninetales-Alola, L50, M|
|poke|p2|Volcarona, L50, M|
|poke|p2|Farigiraf, L50, M|
|poke|p2|Alakazam, L50, M|
|poke|p2|Basculegion, L50, M|
|poke|p2|Decidueye-Hisui, L50, M|
|teampreview|4
|showteam|p1|Tyranitar||Tyranitarite|SandStream|RockSlide,Protect,DragonDance,KnockOff|Adamant||F|||50|]Excadrill||FocusSash|SandRush|Earthquake,IronHead,Protect,HighHorsepower|Adamant||F|||50|]Kangaskhan||Kangaskhanite|Scrappy|FakeOut,LastResort|Adamant||F|||50|]Tsareena||LifeOrb|QueenlyMajesty|LowKick,Protect,TropKick,Uturn|Adamant||F|||50|]Clefable||SitrusBerry|Unaware|FollowMe,IceBeam,Protect,HelpingHand|Modest||M|||50|]Talonflame||SharpBeak|GaleWings|DualWingbeat,Tailwind,Protect,Taunt|Adamant||M|||50|
|showteam|p2|Ninetales-Alola||LightClay|SnowWarning|Blizzard,FreezeDry,AuroraVeil,Protect|Timid||M|||50|]Volcarona||Leftovers|FlameBody|RagePowder,QuiverDance,Protect,HeatWave|Modest||M|||50|]Farigiraf||MentalHerb|ArmorTail|TrickRoom,Imprison,HelpingHand,DazzlingGleam|Sassy||M|||50|]Alakazam||Alakazite|MagicGuard|DazzlingGleam,Psychic,ShadowBall,Protect|Timid||M|||50|]Basculegion||ChoiceScarf|Adaptability|Liquidation,FlipTurn,LastRespects,HeadSmash|Jolly||M|||50|]Decidueye-Hisui||ExpertBelt|Scrappy|TripleArrows,BraveBird,Protect,LeafBlade|Adamant||M|||50|
|inactive|Battle timer is ON: inactive players will automatically lose when time's up. (requested by SeymoursLeftToeVGC)
|inactive|devinlewisd also wants the timer to be on.
|inactive|SeymoursLeftToeVGC has 60 seconds left.
|inactive|devinlewisd has 60 seconds left.
|inactive|SeymoursLeftToeVGC has 30 seconds left.
|
|t:|1783350549
|teamsize|p1|4
|teamsize|p2|4
|start
|switch|p1a: Tyranitar|Tyranitar, L50, F, shiny|100/100
|switch|p1b: Talonflame|Talonflame, L50, M, shiny|100/100
|switch|p2a: Basculegion|Basculegion, L50, M|100/100
|switch|p2b: Alakazam|Alakazam, L50, M|100/100
|-weather|Sandstorm|[from] ability: Sand Stream|[of] p1a: Tyranitar
|turn|1
|inactive|devinlewisd has 30 seconds left.
|
|t:|1783350580
|switch|p2b: Farigiraf|Farigiraf, L50, M|100/100
|detailschange|p1a: Tyranitar|Tyranitar-Mega, L50, F, shiny
|-mega|p1a: Tyranitar|Tyranitar|Tyranitarite
|move|p1b: Talonflame|Tailwind|p1b: Talonflame
|-sidestart|p1: SeymoursLeftToeVGC|move: Tailwind
|move|p1a: Tyranitar|Knock Off|p2a: Basculegion
|-supereffective|p2a: Basculegion|1
|-damage|p2a: Basculegion|0 fnt
|-enditem|p2a: Basculegion|Choice Scarf|[from] move: Knock Off|[of] p1a: Tyranitar
|faint|p2a: Basculegion
|
|-weather|Sandstorm|[upkeep]
|-damage|p1b: Talonflame|94/100|[from] Sandstorm
|-damage|p2b: Farigiraf|93/100|[from] Sandstorm
|upkeep
|
|t:|1783350592
|switch|p2a: Ninetales|Ninetales-Alola, L50, M|100/100
|-weather|Snowscape|[from] ability: Snow Warning|[of] p2a: Ninetales
|turn|2
|
|t:|1783350605
|move|p1b: Talonflame|Taunt|p2b: Farigiraf
|-start|p2b: Farigiraf|move: Taunt
|-enditem|p2b: Farigiraf|Mental Herb
|-end|p2b: Farigiraf|move: Taunt
|move|p1a: Tyranitar|Rock Slide|p2b: Farigiraf|[spread] p2a,p2b
|-supereffective|p2a: Ninetales|1
|-damage|p2a: Ninetales|30/100
|-damage|p2b: Farigiraf|64/100
|move|p2a: Ninetales|Blizzard|p1b: Talonflame|[spread] p1a,p1b
|-damage|p1a: Tyranitar|77/100
|-damage|p1b: Talonflame|58/100
|move|p2b: Farigiraf|Trick Room|p2b: Farigiraf
|-fieldstart|move: Trick Room|[of] p2b: Farigiraf
|
|-weather|Snowscape|[upkeep]
|upkeep
|turn|3
|inactive|devinlewisd has 30 seconds left.
|inactive|devinlewisd has 20 seconds left.
|inactive|devinlewisd has 15 seconds left.
|
|t:|1783350645
|move|p2b: Farigiraf|Dazzling Gleam|p1b: Talonflame|[spread] p1a,p1b
|-supereffective|p1a: Tyranitar|1
|-resisted|p1b: Talonflame|1
|-damage|p1a: Tyranitar|54/100
|-damage|p1b: Talonflame|50/100y
|move|p2a: Ninetales|Aurora Veil|p2a: Ninetales
|-sidestart|p2: devinlewisd|move: Aurora Veil
|move|p1a: Tyranitar|Rock Slide|p2b: Farigiraf|[spread] p2a,p2b
|-supereffective|p2a: Ninetales|1
|-crit|p2a: Ninetales
|-damage|p2a: Ninetales|0 fnt
|-damage|p2b: Farigiraf|45/100
|faint|p2a: Ninetales
|move|p1b: Talonflame|Dual Wingbeat|p2b: Farigiraf
|-damage|p2b: Farigiraf|37/100
|-damage|p2b: Farigiraf|29/100
|-hitcount|p2b: Farigiraf|2
|
|-weather|Snowscape|[upkeep]
|upkeep
|
|t:|1783350659
|switch|p2a: Alakazam|Alakazam, L50, M|100/100
|turn|4
|
|t:|1783350669
|detailschange|p2a: Alakazam|Alakazam-Mega, L50, M
|-mega|p2a: Alakazam|Alakazam|Alakazite
|-ability|p2a: Alakazam|Gale Wings|Trace|[from] ability: Trace|[of] p1b: Talonflame
|move|p2b: Farigiraf|Dazzling Gleam|p1b: Talonflame|[spread] p1a,p1b
|-supereffective|p1a: Tyranitar|1
|-resisted|p1b: Talonflame|1
|-damage|p1a: Tyranitar|29/100
|-damage|p1b: Talonflame|41/100
|move|p2a: Alakazam|Dazzling Gleam|p1a: Tyranitar|[spread] p1a,p1b
|-supereffective|p1a: Tyranitar|1
|-resisted|p1b: Talonflame|1
|-damage|p1a: Tyranitar|0 fnt
|-damage|p1b: Talonflame|27/100
|faint|p1a: Tyranitar
|move|p1b: Talonflame|Dual Wingbeat|p2b: Farigiraf
|-damage|p2b: Farigiraf|21/100
|-damage|p2b: Farigiraf|13/100
|-hitcount|p2b: Farigiraf|2
|
|-weather|Snowscape|[upkeep]
|-sideend|p1: SeymoursLeftToeVGC|move: Tailwind
|upkeep
|
|t:|1783350686
|switch|p1a: Excadrill|Excadrill, L50, F, shiny|100/100
|turn|5
|
|t:|1783350705
|move|p2b: Farigiraf|Dazzling Gleam|p1a: Excadrill|[spread] p1a,p1b
|-resisted|p1a: Excadrill|1
|-resisted|p1b: Talonflame|1
|-damage|p1a: Excadrill|90/100
|-damage|p1b: Talonflame|19/100
|move|p1a: Excadrill|Earthquake|p2a: Alakazam|[spread] p2a,p2b
|-immune|p1b: Talonflame
|-damage|p2a: Alakazam|40/100
|-damage|p2b: Farigiraf|0 fnt
|faint|p2b: Farigiraf
|move|p1b: Talonflame|Dual Wingbeat|p2a: Alakazam|[miss]
|-miss|p1b: Talonflame|p2a: Alakazam
|move|p2a: Alakazam|Shadow Ball|p1a: Excadrill
|-damage|p1a: Excadrill|42/100
|
|-weather|Snowscape|[upkeep]
|upkeep
|turn|6
|
|t:|1783350720
|move|p2a: Alakazam|Protect|p2a: Alakazam
|-singleturn|p2a: Alakazam|Protect
|move|p1a: Excadrill|Earthquake|p2a: Alakazam|[spread] 
|-activate|p2a: Alakazam|move: Protect
|-immune|p1b: Talonflame
|move|p1b: Talonflame|Dual Wingbeat|p2a: Alakazam
|-activate|p2a: Alakazam|move: Protect
|
|-weather|none
|-fieldend|move: Trick Room
|upkeep
|turn|7
|
|t:|1783350734
|move|p2a: Alakazam|Shadow Ball|p1a: Excadrill
|-damage|p1a: Excadrill|0 fnt
|faint|p1a: Excadrill
|move|p1b: Talonflame|Dual Wingbeat|p2a: Alakazam|[miss]
|-miss|p1b: Talonflame|p2a: Alakazam
|
|upkeep
|
|t:|1783350741
|switch|p1a: Clefable|Clefable, L50, M, shiny|100/100
|turn|8
|inactive|devinlewisd has 30 seconds left.
|
|t:|1783350767
|move|p2a: Alakazam|Psychic|p1b: Talonflame
|-damage|p1b: Talonflame|0 fnt
|faint|p1b: Talonflame
|move|p1a: Clefable|Ice Beam|p2a: Alakazam
|-damage|p2a: Alakazam|19/100
|
|upkeep
|turn|9
|
|t:|1783350780
|move|p1a: Clefable|Protect|p1a: Clefable
|-singleturn|p1a: Clefable|Protect
|move|p2a: Alakazam|Psychic|p1a: Clefable
|-activate|p1a: Clefable|move: Protect
|
|upkeep
|turn|10
|
|t:|1783350785
|move|p2a: Alakazam|Psychic|p1a: Clefable
|-damage|p1a: Clefable|38/100
|-enditem|p1a: Clefable|Sitrus Berry|[eat]
|-heal|p1a: Clefable|63/100|[from] item: Sitrus Berry
|move|p1a: Clefable|Ice Beam|p2a: Alakazam
|-damage|p2a: Alakazam|0 fnt
|faint|p2a: Alakazam
|
|win|SeymoursLeftToeVGC
