|j|☆Caaammm0410
|j|☆That1Morpecko
|html|Caaammm0410That1Morpecko    
|uhtml|bestof|Game 1 of a best-of-3
|t:|1783282429
|gametype|doubles
|player|p1|Caaammm0410|cynthia-gen4|1000
|player|p2|That1Morpecko|hiker-gen4|1032
|gen|9
|tier|[Gen 9 Champions] VGC 2026 Reg M-B (Bo3)
|rated|
|rule|Species Clause: Limit one of each Pokémon
|rule|Item Clause: Limit 1 of each item
|clearpoke
|poke|p1|Sceptile, L50, M|
|poke|p1|Rotom-Heat, L50|
|poke|p1|Aerodactyl, L50, M|
|poke|p1|Basculegion, L50, M|
|poke|p1|Kingambit, L50, M|
|poke|p1|Clefable, L50, F|
|poke|p2|Archaludon, L50, F|
|poke|p2|Pelipper, L50, F|
|poke|p2|Grimmsnarl, L50, M|
|poke|p2|Metagross, L50|
|poke|p2|Sinistcha, L50|
|poke|p2|Swampert, L50, M|
|teampreview|4
|showteam|p1|Sceptile||Sceptilite|Overgrow|EnergyBall,DragonPulse,EarthPower,Protect|Timid||M|||50|]Rotom-Heat||ChoiceScarf|Levitate|Overheat,VoltSwitch,Discharge,Trick|Timid|||||50|]Aerodactyl||FocusSash|Unnerve|RockSlide,DualWingbeat,Tailwind,Protect|Jolly||M|||50|]Basculegion||LifeOrb|Adaptability|WaveCrash,LastRespects,AquaJet,Protect|Adamant||M|||50|]Kingambit||ChopleBerry|Defiant|KowtowCleave,IronHead,SuckerPunch,LowKick|Adamant||M|||50|]Clefable||SitrusBerry|Unaware|Moonblast,HelpingHand,FollowMe,Protect|Bold||F|||50|
|showteam|p2|Archaludon||Leftovers|Stamina|Protect,ElectroShot,FlashCannon,DragonPulse|Modest||F|||50|]Pelipper||WacanBerry|Drizzle|WideGuard,Tailwind,WeatherBall,Hurricane|Modest||F|||50|]Grimmsnarl||LightClay|Prankster|FoulPlay,PartingShot,LightScreen,Reflect|Calm||M|||50|]Metagross||Metagrossite|ClearBody|IronHead,Protect,BodyPress,PsychicFangs|Jolly|||||50|]Sinistcha||CobaBerry|Hospitality|Protect,TrickRoom,MatchaGotcha,RagePowder|Relaxed|||||50|]Swampert||Swampertite|Damp|Protect,IcePunch,WaveCrash,Earthquake|Adamant||M|||50|
|inactive|Battle timer is ON: inactive players will automatically lose when time's up. (requested by That1Morpecko)
|inactive|Caaammm0410 has 60 seconds left.
|
|t:|1783282468
|teamsize|p1|4
|teamsize|p2|4
|start
|switch|p1a: Sceptile|Sceptile, L50, M|100/100
|switch|p1b: Rotom|Rotom-Heat, L50|100/100
|switch|p2a: Swampert|Swampert, L50, M|100/100
|switch|p2b: Grimmsnarl|Grimmsnarl, L50, M|100/100
|turn|1
|
|t:|1783282489
|switch|p1a: Basculegion|Basculegion, L50, M|100/100
|detailschange|p2a: Swampert|Swampert-Mega, L50, M
|-mega|p2a: Swampert|Swampert|Swampertite
|move|p2b: Grimmsnarl|Parting Shot|p1a: Basculegion
|-unboost|p1a: Basculegion|atk|1
|-unboost|p1a: Basculegion|spa|1
|
|t:|1783282508
|switch|p2b: Pelipper|Pelipper, L50, F|100/100|[from] Parting Shot
|-weather|RainDance|[from] ability: Drizzle|[of] p2b: Pelipper
|move|p1b: Rotom|Volt Switch|p2b: Pelipper
|-supereffective|p2b: Pelipper|2
|-crit|p2b: Pelipper
|-enditem|p2b: Pelipper|Wacan Berry|[eat]
|-enditem|p2b: Pelipper|Wacan Berry|[weaken]
|-damage|p2b: Pelipper|0 fnt
|faint|p2b: Pelipper
|
|t:|1783282517
|switch|p1b: Kingambit|Kingambit, L50, M|100/100|[from] Volt Switch
|move|p2a: Swampert|Ice Punch|p1a: Basculegion
|-resisted|p1a: Basculegion|1
|-damage|p1a: Basculegion|80/100
|
|-weather|RainDance|[upkeep]
|upkeep
|
|t:|1783282523
|switch|p2b: Sinistcha|Sinistcha, L50|100/100
|turn|2
|inactive|That1Morpecko has 30 seconds left.
|inactive|That1Morpecko has 20 seconds left.
|
|t:|1783282562
|move|p1a: Basculegion|Protect|p1a: Basculegion
|-singleturn|p1a: Basculegion|Protect
|move|p2b: Sinistcha|Rage Powder|p2b: Sinistcha
|-singleturn|p2b: Sinistcha|move: Rage Powder
|move|p2a: Swampert|Wave Crash|p1b: Kingambit
|-damage|p1b: Kingambit|8/100
|-damage|p2a: Swampert|68/100|[from] Recoil
|move|p1b: Kingambit|Kowtow Cleave|p2b: Sinistcha
|-supereffective|p2b: Sinistcha|1
|-damage|p2b: Sinistcha|14/100
|
|-weather|RainDance|[upkeep]
|upkeep
|turn|3
|
|t:|1783282586
|move|p1a: Basculegion|Aqua Jet|p2b: Sinistcha
|-resisted|p2b: Sinistcha|1
|-damage|p2b: Sinistcha|0 fnt
|faint|p2b: Sinistcha
|-damage|p1a: Basculegion|71/100|[from] item: Life Orb
|move|p1b: Kingambit|Sucker Punch|p2a: Swampert
|-damage|p2a: Swampert|35/100
|move|p2a: Swampert|Wave Crash|p1b: Kingambit
|-damage|p1b: Kingambit|0 fnt
|faint|p1b: Kingambit
|-damage|p2a: Swampert|32/100|[from] Recoil
|
|-weather|RainDance|[upkeep]
|upkeep
|
|t:|1783282606
|switch|p1b: Rotom|Rotom-Heat, L50|100/100
|switch|p2b: Grimmsnarl|Grimmsnarl, L50, M|100/100
|turn|4
|
|t:|1783282625
|move|p1a: Basculegion|Aqua Jet|p2a: Swampert
|-damage|p2a: Swampert|1/100
|-damage|p1a: Basculegion|61/100|[from] item: Life Orb
|move|p2a: Swampert|Wave Crash|p1b: Rotom
|-supereffective|p1b: Rotom|1
|-damage|p1b: Rotom|0 fnt
|faint|p1b: Rotom
|-damage|p2a: Swampert|0 fnt|[from] Recoil
|faint|p2a: Swampert
|move|p2b: Grimmsnarl|Foul Play|p1a: Basculegion
|-supereffective|p1a: Basculegion|1
|-damage|p1a: Basculegion|0 fnt
|faint|p1a: Basculegion
|
|-weather|RainDance|[upkeep]
|upkeep
|
|t:|1783282636
|switch|p1b: Sceptile|Sceptile, L50, M|100/100
|turn|5
|
|t:|1783282643
|move|p1b: Sceptile|Energy Ball|p2b: Grimmsnarl
|-damage|p2b: Grimmsnarl|62/100
|move|p2b: Grimmsnarl|Foul Play|p1b: Sceptile
|-damage|p1b: Sceptile|56/100
|
|-weather|none
|upkeep
|turn|6
|inactive|Caaammm0410 has 30 seconds left.
|
|t:|1783282673
|move|p1b: Sceptile|Energy Ball|p2b: Grimmsnarl
|-damage|p2b: Grimmsnarl|26/100
|move|p2b: Grimmsnarl|Foul Play|p1b: Sceptile
|-damage|p1b: Sceptile|9/100
|
|upkeep
|turn|7
|
|t:|1783282680
|detailschange|p1b: Sceptile|Sceptile-Mega, L50, M
|-mega|p1b: Sceptile|Sceptile|Sceptilite
|move|p1b: Sceptile|Energy Ball|p2b: Grimmsnarl
|-damage|p2b: Grimmsnarl|0 fnt
|faint|p2b: Grimmsnarl
|
|win|Caaammm0410
||That1Morpecko is ready for game 2.
||Caaammm0410 is ready for game 2.
|uhtml|next|Next: Game 2 of 3
