|j|☆Durugista
|j|☆Tore081
|html|DurugistaTore081    
|uhtml|bestof|Game 1 of a best-of-3
|t:|1784286168
|gametype|doubles
|player|p1|Durugista|265|1166
|player|p2|Tore081|richboy-gen4|1087
|gen|9
|tier|[Gen 9 Champions] VGC 2026 Reg M-B (Bo3)
|rated|
|rule|Species Clause: Limit one of each Pokémon
|rule|Item Clause: Limit 1 of each item
|clearpoke
|poke|p1|Overqwil, L50, F|
|poke|p1|Zoroark-Hisui, L50, M|
|poke|p1|Audino, L50, M|
|poke|p1|Metagross, L50|
|poke|p1|Tsareena, L50, F|
|poke|p1|Chimecho, L50, F|
|poke|p2|Hydreigon, L50, F|
|poke|p2|Floette-Eternal, L50, F|
|poke|p2|Gholdengo, L50|
|poke|p2|Whimsicott, L50, F|
|poke|p2|Incineroar, L50, F|
|poke|p2|Sneasler, L50, M|
|teampreview|4
|showteam|p1|Overqwil||Leftovers|Intimidate|ThroatChop,Minimize,Stockpile,SwordsDance|Relaxed||F|||50|]Zoroark-Hisui||FocusSash|Illusion|Memento,WillOWisp,Protect,BitterMalice|Timid||M|||50|]Audino||MentalHerb|Regenerator|TrickRoom,SimpleBeam,HealPulse,HealingWish|Sassy||M|||50|]Metagross||Metagrossite|ClearBody|PsychUp,Protect,IronHead,PsychicFangs|Adamant|||||50|]Tsareena||WideLens|QueenlyMajesty|PowerWhip,TripleAxel,Protect,TropKick|Adamant||F|||50|]Chimecho||Chimechite|Levitate|PsychUp,BatonPass,StoredPower,Protect|Calm||F|||50|
|showteam|p2|Hydreigon||ChoiceScarf|Levitate|DracoMeteor,Snarl,EarthPower,DarkPulse|Modest||F|||50|]Floette-Eternal||Floettite|FlowerVeil|CalmMind,Moonblast,DazzlingGleam,Protect|Timid||F|||50|]Gholdengo||FocusSash|GoodasGold|Protect,ShadowBall,PowerGem,MakeItRain|Modest|||||50|]Whimsicott||FairyFeather|Prankster|Moonblast,Encore,Protect,Tailwind|Timid||F|||50|]Incineroar||SitrusBerry|Intimidate|PartingShot,FakeOut,FlareBlitz,ThroatChop|Careful||F|||50|]Sneasler||LifeOrb|Pressure|FakeOut,Protect,DireClaw,CloseCombat|Jolly||M|||50|
|inactive|Battle timer is ON: inactive players will automatically lose when time's up. (requested by Durugista)
|inactive|Tore081 has 60 seconds left.
|
|t:|1784286209
|teamsize|p1|4
|teamsize|p2|4
|start
|switch|p1a: Audino|Audino, L50, M|100/100
|switch|p1b: Overqwil|Overqwil, L50, F|100/100
|switch|p2a: Whimsicott|Whimsicott, L50, F|100/100
|switch|p2b: Sneasler|Sneasler, L50, M|100/100
|-ability|p2b: Sneasler|Pressure
|turn|1
|inactive|Durugista has 30 seconds left.
|inactive|Tore081 has 30 seconds left.
|inactive|Durugista has 20 seconds left.
|inactive|Tore081 has 20 seconds left.
|inactive|Tore081 has 15 seconds left.
|
|t:|1784286254
|move|p2b: Sneasler|Fake Out|p1b: Overqwil
|-immune|p1b: Overqwil
|move|p2a: Whimsicott|Moonblast|p1a: Audino
|-damage|p1a: Audino|71/100
|move|p1b: Overqwil|Will-O-Wisp|p2b: Sneasler
|-status|p2b: Sneasler|brn
|move|p1a: Audino|Trick Room|p1a: Audino
|-fieldstart|move: Trick Room|[of] p1a: Audino
|
|-damage|p2b: Sneasler|94/100 brn|[from] brn
|upkeep
|turn|2
|
|t:|1784286277
|switch|p1b: Overqwil|Overqwil, L50, F|100/100
|-ability|p1b: Overqwil|Intimidate|boost
|-unboost|p2a: Whimsicott|atk|1
|-unboost|p2b: Sneasler|atk|1
|move|p2a: Whimsicott|Encore|p1a: Audino
|-start|p1a: Audino|Encore
|-enditem|p1a: Audino|Mental Herb
|-end|p1a: Audino|Encore
|move|p1a: Audino|Simple Beam|p1b: Overqwil
|-ability|p1b: Overqwil|Simple|Intimidate|[from] move: Simple Beam
|move|p2b: Sneasler|Close Combat|p1a: Audino
|-supereffective|p1a: Audino|1
|-damage|p1a: Audino|21/100
|-unboost|p2b: Sneasler|def|1
|-unboost|p2b: Sneasler|spd|1
|-damage|p2b: Sneasler|84/100 brn|[from] item: Life Orb
|
|-damage|p2b: Sneasler|79/100 brn|[from] brn
|upkeep
|turn|3
|inactive|Durugista has 30 seconds left.
|inactive|Tore081 has 30 seconds left.
|
|t:|1784286312
|switch|p2b: Hydreigon|Hydreigon, L50, F|100/100
|move|p1a: Audino|Simple Beam|p2a: Whimsicott
|-ability|p2a: Whimsicott|Simple|Prankster|[from] move: Simple Beam
|move|p1b: Overqwil|Minimize|p1b: Overqwil
|-boost|p1b: Overqwil|evasion|4
|move|p2a: Whimsicott|Moonblast|p1a: Audino
|-damage|p1a: Audino|0 fnt
|faint|p1a: Audino
|
|upkeep
|
|t:|1784286326
|switch|p1a: Tsareena|Tsareena, L50, F|100/100
|turn|4
|
|t:|1784286345
|move|p1b: Overqwil|Stockpile|p1b: Overqwil
|-start|p1b: Overqwil|stockpile1
|-boost|p1b: Overqwil|def|2
|-boost|p1b: Overqwil|spd|2
|move|p1a: Tsareena|Memento|p2b: Hydreigon
|-unboost|p2b: Hydreigon|atk|2
|-unboost|p2b: Hydreigon|spa|2
|faint|p1a: Tsareena
|move|p2a: Whimsicott|Moonblast|p1b: Overqwil|[miss]
|-miss|p2a: Whimsicott|p1b: Overqwil
|move|p2b: Hydreigon|Snarl|p1b: Overqwil
|-resisted|p1b: Overqwil|1
|-damage|p1b: Overqwil|95/100
|-unboost|p1b: Overqwil|spa|2
|
|-heal|p1b: Overqwil|100/100|[from] item: Leftovers
|upkeep
|
|t:|1784286359
|switch|p1a: Tsareena|Tsareena, L50, F|100/100
|turn|5
|
|t:|1784286381
|switch|p2b: Sneasler|Sneasler, L50, M|79/100 brn
|-ability|p2b: Sneasler|Pressure
|move|p2a: Whimsicott|Protect|p2a: Whimsicott
|-singleturn|p2a: Whimsicott|Protect
|move|p1b: Overqwil|Swords Dance|p1b: Overqwil
|-boost|p1b: Overqwil|atk|4
|move|p1a: Tsareena|Triple Axel|p2a: Whimsicott
|-activate|p2a: Whimsicott|move: Protect
|
|-damage|p2b: Sneasler|73/100 brn|[from] brn
|-fieldend|move: Trick Room
|upkeep
|turn|6
|inactive|Durugista has 30 seconds left.
|inactive|Tore081 has 30 seconds left.
|inactive|Durugista has 20 seconds left.
|inactive|Durugista has 15 seconds left.
|
|t:|1784286422
|move|p2b: Sneasler|Close Combat|p1b: Overqwil|[miss]
|-miss|p2b: Sneasler|p1b: Overqwil
|move|p2a: Whimsicott|Tailwind|p2a: Whimsicott
|-sidestart|p2: Tore081|move: Tailwind
|move|p1a: Tsareena|Triple Axel|p2a: Whimsicott
|-supereffective|p2a: Whimsicott|1
|-damage|p2a: Whimsicott|76/100
|-supereffective|p2a: Whimsicott|1
|-damage|p2a: Whimsicott|31/100
|-supereffective|p2a: Whimsicott|1
|-damage|p2a: Whimsicott|0 fnt
|faint|p2a: Whimsicott
|-hitcount|p2: Whimsicott|3
|move|p1b: Overqwil|Stockpile|p1b: Overqwil
|-start|p1b: Overqwil|stockpile2
|-boost|p1b: Overqwil|def|2
|-boost|p1b: Overqwil|spd|2
|
|-damage|p2b: Sneasler|67/100 brn|[from] brn
|upkeep
|
|t:|1784286442
|switch|p2a: Floette|Floette-Eternal, L50, F|100/100
|turn|7
|
|t:|1784286460
|detailschange|p2a: Floette|Floette-Mega, L50, F
|-mega|p2a: Floette|Floette|Floettite
|-ability|p2a: Floette|Fairy Aura
|move|p2b: Sneasler|Close Combat|p1b: Overqwil|[miss]
|-miss|p2b: Sneasler|p1b: Overqwil
|move|p2a: Floette|Dazzling Gleam|p1b: Overqwil|[spread] p1a,p1b
|-damage|p1a: Tsareena|58/100
|-damage|p1b: Overqwil|85/100
|move|p1b: Overqwil|Throat Chop|p2b: Sneasler
|-resisted|p2b: Sneasler|1
|-damage|p2b: Sneasler|0 fnt
|faint|p2b: Sneasler
|move|p1a: Tsareena|Power Whip|p2a: Floette
|-damage|p2a: Floette|39/100
|
|-heal|p1b: Overqwil|92/100|[from] item: Leftovers
|upkeep
|
|t:|1784286478
|switch|p2b: Hydreigon|Hydreigon, L50, F|100/100
|turn|8
|
|t:|1784286487
|move|p2b: Hydreigon|Earth Power|p1b: Overqwil|[miss]
|-miss|p2b: Hydreigon|p1b: Overqwil
|move|p2a: Floette|Dazzling Gleam|p1b: Overqwil|[spread] p1a
|-miss|p2a: Floette|p1b: Overqwil
|-damage|p1a: Tsareena|19/100
|move|p1a: Tsareena|Triple Axel|p2b: Hydreigon
|-supereffective|p2b: Hydreigon|1
|-damage|p2b: Hydreigon|81/100
|-supereffective|p2b: Hydreigon|1
|-damage|p2b: Hydreigon|46/100
|-supereffective|p2b: Hydreigon|1
|-damage|p2b: Hydreigon|0 fnt
|faint|p2b: Hydreigon
|-hitcount|p2: Hydreigon|3
|move|p1b: Overqwil|Throat Chop|p2a: Floette
|-resisted|p2a: Floette|1
|-damage|p2a: Floette|0 fnt
|faint|p2a: Floette
|
|win|Durugista
|inactive|Durugista has 30 seconds to confirm battle start!
|inactive|Tore081 has 30 seconds to confirm battle start!
||Durugista is ready for game 2.
||Tore081 is ready for game 2.
|uhtml|next|Next: Game 2 of 3
|l|☆Tore081
|player|p2|
|l|☆Durugista
|player|p1|
