|j|☆ddx9000
|j|☆ExtraPlanet51
|html|ddx9000ExtraPlanet51    
|uhtml|bestof|Game 2 of a best-of-3
|t:|1756877972
|gametype|doubles
|player|p1|ddx9000|elesa|1211
|player|p2|ExtraPlanet51|bugcatcher-gen4dp|1103
|gen|9
|tier|[Gen 9] VGC 2025 Reg H (Bo3)
|rated|
|rule|Species Clause: Limit one of each Pokémon
|rule|Item Clause: Limit 1 of each item
|clearpoke
|poke|p1|Incineroar, L50, M|
|poke|p1|Porygon2, L50|
|poke|p1|Amoonguss, L50, F|
|poke|p1|Hydreigon, L50, M|
|poke|p1|Ursaluna, L50, M|
|poke|p1|Gholdengo, L50|
|poke|p2|Basculegion, L50, M|
|poke|p2|Sinistcha, L50|
|poke|p2|Rillaboom, L50, M|
|poke|p2|Incineroar, L50, M|
|poke|p2|Pelipper, L50, F|
|poke|p2|Archaludon, L50, F|
|teampreview|4
|showteam|p1|Incineroar||AssaultVest|Intimidate|FakeOut,Uturn,FlareBlitz,KnockOff|||M|||50|,,,,,Ghost]Porygon2||Eviolite|Download|TeraBlast,IceBeam,Recover,TrickRoom||||||50|,,,,,Fighting]Amoonguss||RockyHelmet|Regenerator|Spore,ClearSmog,RagePowder,PollenPuff|||F|||50|,,,,,Fairy]Hydreigon||SafetyGoggles|Levitate|Tailwind,Snarl,Protect,DracoMeteor|||M|||50|,,,,,Ghost]Ursaluna||FlameOrb|Guts|Protect,HeadlongRush,Earthquake,Facade|||M|||50|,,,,,Ghost]Gholdengo||LifeOrb|GoodasGold|Protect,NastyPlot,MakeItRain,ShadowBall||||||50|,,,,,Water
|showteam|p2|Basculegion||ChoiceBand|SwiftSwim|AquaJet,FlipTurn,WaveCrash,LastRespects|||M|||50|,,,,,Normal]Sinistcha||SitrusBerry|Hospitality|MatchaGotcha,TrickRoom,LifeDew,RagePowder||||||50|,,,,,Water]Rillaboom||LoadedDice|GrassySurge|FakeOut,GrassyGlide,BulletSeed,HighHorsepower|||M|||50|,,,,,Ground]Incineroar||SafetyGoggles|Intimidate|FakeOut,KnockOff,HelpingHand,PartingShot|||M|||50|,,,,,Grass]Pelipper||FocusSash|Drizzle|Hurricane,WeatherBall,Tailwind,Protect|||F|||50|,,,,,Ghost]Archaludon||AssaultVest|Stamina|ElectroShot,FlashCannon,DracoMeteor,BodyPress|||F|||50|,,,,,Grass
|
|t:|1756878009
|teamsize|p1|4
|teamsize|p2|4
|start
|switch|p1a: Porygon2|Porygon2, L50|100/100
|switch|p1b: Incineroar|Incineroar, L50, M, shiny|100/100
|switch|p2a: Pelipper|Pelipper, L50, F|100/100
|switch|p2b: Sinistcha|Sinistcha, L50|100/100
|-weather|RainDance|[from] ability: Drizzle|[of] p2a: Pelipper
|-ability|p1b: Incineroar|Intimidate|boost
|-unboost|p2a: Pelipper|atk|1
|-unboost|p2b: Sinistcha|atk|1
|-ability|p1a: Porygon2|Download|boost
|-boost|p1a: Porygon2|spa|1
|turn|1
|
|t:|1756878054
|-terastallize|p1b: Incineroar|Ghost
|-terastallize|p2b: Sinistcha|Water
|move|p2a: Pelipper|Hurricane|p1b: Incineroar
|-damage|p1b: Incineroar|69/100
|move|p1b: Incineroar|Knock Off|p2b: Sinistcha
|-damage|p2b: Sinistcha|63/100
|-enditem|p2b: Sinistcha|Sitrus Berry|[from] move: Knock Off|[of] p1b: Incineroar
|move|p2b: Sinistcha|Life Dew||[still]|[spread] p2a,p2b
|-fail|p2a: Pelipper|heal
|-heal|p2b: Sinistcha|88/100
|move|p1a: Porygon2|Ice Beam|p2b: Sinistcha
|-resisted|p2b: Sinistcha
|-damage|p2b: Sinistcha|71/100
|
|-weather|RainDance|[upkeep]
|upkeep
|turn|2
|
|t:|1756878087
|move|p2a: Pelipper|Tailwind|p2a: Pelipper
|-sidestart|p2: ExtraPlanet51|move: Tailwind
|move|p2b: Sinistcha|Matcha Gotcha|p1b: Incineroar|[spread] p1a,p1b
|-crit|p1b: Incineroar
|-damage|p1a: Porygon2|84/100
|-heal|p2b: Sinistcha|80/100|[from] drain|[of] p1a: Porygon2
|-damage|p1b: Incineroar|48/100
|-heal|p2b: Sinistcha|91/100|[from] drain|[of] p1b: Incineroar
|move|p1b: Incineroar|U-turn|p2a: Pelipper
|-resisted|p2a: Pelipper
|-damage|p2a: Pelipper|87/100
|
|t:|1756878104
|switch|p1b: Ursaluna|Ursaluna, L50, M|100/100|[from] U-turn
|move|p1a: Porygon2|Tera Blast|p2b: Sinistcha
|-damage|p2b: Sinistcha|40/100
|
|-weather|RainDance|[upkeep]
|-status|p1b: Ursaluna|brn|[from] item: Flame Orb
|upkeep
|turn|3
|
|t:|1756878138
|switch|p2b: Rillaboom|Rillaboom, L50, M|100/100
|-fieldstart|move: Grassy Terrain|[from] ability: Grassy Surge|[of] p2b: Rillaboom
|move|p2a: Pelipper|Protect|p2a: Pelipper
|-singleturn|p2a: Pelipper|Protect
|move|p1b: Ursaluna|Protect|p1b: Ursaluna
|-singleturn|p1b: Ursaluna|Protect
|move|p1a: Porygon2|Trick Room|p1a: Porygon2
|-fieldstart|move: Trick Room|[of] p1a: Porygon2
|
|-weather|RainDance|[upkeep]
|-heal|p1a: Porygon2|91/100|[from] Grassy Terrain
|-damage|p1b: Ursaluna|95/100 brn|[from] brn
|upkeep
|turn|4
|
|t:|1756878161
|switch|p1b: Incineroar|Incineroar, L50, M, shiny, tera:Ghost|48/100
|-ability|p1b: Incineroar|Intimidate|boost
|-unboost|p2a: Pelipper|atk|1
|-unboost|p2b: Rillaboom|atk|1
|move|p2b: Rillaboom|Fake Out|p1b: Incineroar
|-immune|p1b: Incineroar
|move|p1a: Porygon2|Tera Blast|p2b: Rillaboom
|-damage|p2b: Rillaboom|31/100
|move|p2a: Pelipper|Weather Ball|p1b: Incineroar
|-damage|p1b: Incineroar|8/100
|
|-weather|RainDance|[upkeep]
|-heal|p1a: Porygon2|97/100|[from] Grassy Terrain
|-heal|p1b: Incineroar|14/100|[from] Grassy Terrain
|-heal|p2b: Rillaboom|37/100|[from] Grassy Terrain
|upkeep
|turn|5
|
|t:|1756878206
|switch|p1b: Amoonguss|Amoonguss, L50, F, shiny|100/100
|switch|p2b: Sinistcha|Sinistcha, L50, tera:Water|40/100
|-heal|p2a: Pelipper|100/100|[from] ability: Hospitality|[of] p2b: Sinistcha
|move|p1a: Porygon2|Tera Blast|p2a: Pelipper
|-enditem|p2a: Pelipper|Focus Sash
|-damage|p2a: Pelipper|1/100
|move|p2a: Pelipper|Weather Ball|p1b: Amoonguss
|-resisted|p1b: Amoonguss
|-damage|p1b: Amoonguss|75/100
|
|-weather|none
|-heal|p1b: Amoonguss|81/100|[from] Grassy Terrain
|-heal|p1a: Porygon2|100/100|[from] Grassy Terrain
|-heal|p2b: Sinistcha|47/100|[from] Grassy Terrain
|-sideend|p2: ExtraPlanet51|move: Tailwind
|upkeep
|turn|6
|
|t:|1756878259
|move|p2b: Sinistcha|Rage Powder|p2b: Sinistcha
|-singleturn|p2b: Sinistcha|move: Rage Powder
|move|p1b: Amoonguss|Spore|p2a: Pelipper
|-status|p2a: Pelipper|slp|[from] move: Spore
|move|p1a: Porygon2|Tera Blast|p2b: Sinistcha
|-damage|p2b: Sinistcha|2/100
|cant|p2a: Pelipper|slp
|
|-heal|p1b: Amoonguss|87/100|[from] Grassy Terrain
|-heal|p2b: Sinistcha|8/100|[from] Grassy Terrain
|upkeep
|turn|7
|
|t:|1756878281
|switch|p2b: Archaludon|Archaludon, L50, F|100/100
|switch|p2a: Rillaboom|Rillaboom, L50, M|37/100
|move|p1b: Amoonguss|Clear Smog|p2a: Rillaboom
|-supereffective|p2a: Rillaboom
|-damage|p2a: Rillaboom|0 fnt
|-clearboost|p2a: Rillaboom
|faint|p2a: Rillaboom
|move|p1a: Porygon2|Tera Blast|p2b: Archaludon
|-resisted|p2b: Archaludon
|-damage|p2b: Archaludon|81/100
|-ability|p2b: Archaludon|Stamina|boost
|-boost|p2b: Archaludon|def|1
|
|-heal|p1b: Amoonguss|93/100|[from] Grassy Terrain
|-heal|p2b: Archaludon|87/100|[from] Grassy Terrain
|-fieldend|move: Trick Room
|-fieldend|move: Grassy Terrain
|upkeep
|-message|ExtraPlanet51 forfeited.
|
|win|ddx9000
|raw|ddx9000's rating: 1211 → 1228(+17 for winning)
|raw|ExtraPlanet51's rating: 1103 → 1086(-17 for losing)
|l|☆ExtraPlanet51
|player|p2|
|l|☆ddx9000
|player|p1|
|j|☆ddx9000
|player|p1|ddx9000|elesa|
|l|☆ddx9000
|player|p1|
|j|☆ddx9000
|player|p1|ddx9000|elesa|
