|j|☆krossat
|j|☆ZanTheZilla
|html|krossatZanTheZilla    
|uhtml|bestof|Game 2 of a best-of-3
|t:|1784115555
|gametype|doubles
|player|p1|krossat|266|
|player|p2|ZanTheZilla|sabrina|
|gen|9
|tier|[Gen 9 Champions] VGC 2026 Reg M-B (Bo3)
|rule|Species Clause: Limit one of each Pokémon
|rule|Item Clause: Limit 1 of each item
|clearpoke
|poke|p1|Politoed, L50, M, shiny|
|poke|p1|Basculegion, L50, M, shiny|
|poke|p1|Archaludon, L50, F|
|poke|p1|Pelipper, L50, F|
|poke|p1|Meganium, L50, F|
|poke|p1|Sinistcha-Masterpiece, L50|
|poke|p2|Raichu, L50, M|
|poke|p2|Tsareena, L50, F|
|poke|p2|Kingambit, L50, M|
|poke|p2|Salazzle, L50, F|
|poke|p2|Swampert, L50, F|
|poke|p2|Pelipper, L50, F|
|teampreview|4
|showteam|p1|Politoed||SitrusBerry|Drizzle|WeatherBall,RainDance,Protect,Surf|Modest||M|||50|]Basculegion||LifeOrb|SwiftSwim|AquaJet,WaveCrash,LastRespects,Protect|Adamant||M|||50|]Archaludon||Leftovers|Stamina|Protect,ElectroShot,FlashCannon,DragonPulse|Modest||F|||50|]Pelipper||FocusSash|Drizzle|Tailwind,Hurricane,Protect,IceBeam|Naive||F|||50|]Meganium||Meganiumite|Overgrow|WeatherBall,SolarBeam,DazzlingGleam,Protect|Timid||F|||50|]Sinistcha-Masterpiece||ColburBerry|Hospitality|MatchaGotcha,Protect,RagePowder,LifeDew|Calm|||||50|
|showteam|p2|Raichu||RaichuniteY|LightningRod|ZapCannon,FocusBlast,FakeOut,Protect|Hasty||M|||50|]Tsareena||SitrusBerry|QueenlyMajesty|TripleAxel,TropKick,Taunt,Protect|Adamant||F|||50|]Kingambit||BlackGlasses|Defiant|KowtowCleave,SuckerPunch,SwordsDance,Protect|Adamant||M|||50|]Salazzle||LifeOrb|Corrosion|SludgeBomb,BurningJealousy,Encore,FakeOut|Hasty||F|||50|]Swampert||Swampertite|Damp|WaveCrash,HighHorsepower,IcePunch,Protect|Adamant||F|||50|]Pelipper||FocusSash|Drizzle|Hurricane,WeatherBall,Tailwind,Protect|Modest||F|||50|
|
|t:|1784115568
|teamsize|p1|4
|teamsize|p2|4
|start
|switch|p1a: birb|Pelipper, L50, F|100/100
|switch|p1b: Plant|Meganium, L50, F|100/100
|switch|p2a: Swampert|Swampert, L50, F|100/100
|switch|p2b: Pelipper|Pelipper, L50, F|100/100
|-weather|RainDance|[from] ability: Drizzle|[of] p1a: birb
|turn|1
|
|t:|1784115586
|detailschange|p1b: Plant|Meganium-Mega, L50, F
|-mega|p1b: Plant|Meganium|Meganiumite
|detailschange|p2a: Swampert|Swampert-Mega, L50, F
|-mega|p2a: Swampert|Swampert|Swampertite
|move|p2a: Swampert|Ice Punch|p1b: Plant
|-supereffective|p1b: Plant|1
|-damage|p1b: Plant|32/100
|move|p1b: Plant|Solar Beam||[still]
|-prepare|p1b: Plant|Solar Beam
|-activate|p1b: Plant|ability: Mega Sol
|-anim|p1b: Plant|Solar Beam|p2a: Swampert
|-supereffective|p2a: Swampert|2
|-crit|p2a: Swampert
|-damage|p2a: Swampert|0 fnt
|faint|p2a: Swampert
|move|p1a: birb|Tailwind|p1a: birb
|-sidestart|p1: krossat|move: Tailwind
|move|p2b: Pelipper|Hurricane|p1b: Plant
|-supereffective|p1b: Plant|1
|-damage|p1b: Plant|0 fnt
|faint|p1b: Plant
|
|-weather|RainDance|[upkeep]
|upkeep
|
|t:|1784115613
|switch|p1b: tiwh towers|Archaludon, L50, F|100/100
|switch|p2a: Salazzle|Salazzle, L50, F|100/100
|turn|2
|
|t:|1784115625
|move|p1b: tiwh towers|Protect|p1b: tiwh towers
|-singleturn|p1b: tiwh towers|Protect
|move|p2a: Salazzle|Fake Out|p1b: tiwh towers
|-activate|p1b: tiwh towers|move: Protect
|move|p1a: birb|Hurricane|p2b: Pelipper
|-damage|p2b: Pelipper|45/100
|move|p2b: Pelipper|Tailwind|p2b: Pelipper
|-sidestart|p2: ZanTheZilla|move: Tailwind
|
|-weather|RainDance|[upkeep]
|upkeep
|turn|3
|
|t:|1784115648
|move|p2a: Salazzle|Encore|p1b: tiwh towers
|-start|p1b: tiwh towers|Encore
|move|p1b: tiwh towers|Protect|p1b: tiwh towers
|-singleturn|p1b: tiwh towers|Protect
|move|p1a: birb|Hurricane|p2a: Salazzle
|-damage|p2a: Salazzle|30/100
|move|p2b: Pelipper|Weather Ball|p1b: tiwh towers
|-activate|p1b: tiwh towers|move: Protect
|
|-weather|RainDance|[upkeep]
|upkeep
|turn|4
|
|t:|1784115675
|move|p1b: tiwh towers|Protect|p1b: tiwh towers
|-singleturn|p1b: tiwh towers|Protect
|move|p2a: Salazzle|Burning Jealousy|p1b: tiwh towers|[spread] p1a
|-activate|p1b: tiwh towers|move: Protect
|-resisted|p1a: birb|1
|-damage|p1a: birb|88/100
|-damage|p2a: Salazzle|20/100y|[from] item: Life Orb
|move|p1a: birb|Hurricane|p2b: Pelipper
|-damage|p2b: Pelipper|0 fnt
|faint|p2b: Pelipper
|
|-weather|RainDance|[upkeep]
|-sideend|p1: krossat|move: Tailwind
|upkeep
|
|t:|1784115686
|switch|p2b: Kingambit|Kingambit, L50, M|100/100
|turn|5
|
|t:|1784115699
|switch|p1b: PoliGoat|Politoed, L50, M, shiny|100/100
|move|p2a: Salazzle|Encore||[still]
|-fail|p2a: Salazzle
|move|p2b: Kingambit|Swords Dance|p2b: Kingambit
|-boost|p2b: Kingambit|atk|2
|move|p1a: birb|Tailwind|p1a: birb
|-sidestart|p1: krossat|move: Tailwind
|
|-weather|none
|-sideend|p2: ZanTheZilla|move: Tailwind
|upkeep
|turn|6
|
|t:|1784115717
|switch|p1a: tiwh towers|Archaludon, L50, F|100/100
|move|p2a: Salazzle|Burning Jealousy|p1a: tiwh towers|[spread] p1a,p1b
|-resisted|p1b: PoliGoat|1
|-damage|p1a: tiwh towers|70/100
|-damage|p1b: PoliGoat|84/100
|-ability|p1a: tiwh towers|Stamina|boost
|-boost|p1a: tiwh towers|def|1
|-damage|p2a: Salazzle|11/100|[from] item: Life Orb
|move|p1b: PoliGoat|Surf|p2b: Kingambit|[spread] p1a,p2a,p2b
|-resisted|p1a: tiwh towers|1
|-supereffective|p2a: Salazzle|1
|-damage|p1a: tiwh towers|55/100
|-damage|p2a: Salazzle|0 fnt
|-damage|p2b: Kingambit|72/100
|-ability|p1a: tiwh towers|Stamina|boost
|-boost|p1a: tiwh towers|def|1
|faint|p2a: Salazzle
|move|p2b: Kingambit|Swords Dance|p2b: Kingambit
|-boost|p2b: Kingambit|atk|2
|
|-heal|p1a: tiwh towers|61/100|[from] item: Leftovers
|upkeep
|turn|7
|
|t:|1784115742
|switch|p1b: birb|Pelipper, L50, F|88/100
|-weather|RainDance|[from] ability: Drizzle|[of] p1b: birb
|move|p1a: tiwh towers|Protect|p1a: tiwh towers
|-singleturn|p1a: tiwh towers|Protect
|move|p2b: Kingambit|Sucker Punch||[still]
|-fail|p2b: Kingambit
|
|-weather|RainDance|[upkeep]
|-heal|p1a: tiwh towers|67/100|[from] item: Leftovers
|upkeep
|turn|8
|
|t:|1784115764
|move|p1b: birb|Hurricane|p2b: Kingambit
|-resisted|p2b: Kingambit|1
|-damage|p2b: Kingambit|55/100
|-start|p2b: Kingambit|confusion
|move|p1a: tiwh towers|Electro Shot||[still]
|-prepare|p1a: tiwh towers|Electro Shot
|-boost|p1a: tiwh towers|spa|1
|-anim|p1a: tiwh towers|Electro Shot|p2b: Kingambit
|-damage|p2b: Kingambit|0 fnt
|faint|p2b: Kingambit
|
|win|krossat
|l|☆krossat
|player|p1|
|l|☆ZanTheZilla
|player|p2|
|j|☆krossat
|player|p1|krossat|266|
