|j|☆SudoBits
|j|☆lordtentacle69
|html|SudoBitslordtentacle69    
|uhtml|bestof|Game 2 of a best-of-3
|t:|1784876616
|gametype|doubles
|player|p1|SudoBits|101|1068
|player|p2|lordtentacle69|corbeau|1352
|gen|9
|tier|[Gen 9 Champions] VGC 2026 Reg M-B (Bo3)
|rated|
|rule|Species Clause: Limit one of each Pokémon
|rule|Item Clause: Limit 1 of each item
|clearpoke
|poke|p1|Gengar, L50, F|
|poke|p1|Incineroar, L50, F|
|poke|p1|Sinistcha, L50|
|poke|p1|Politoed, L50, F|
|poke|p1|Archaludon, L50, M|
|poke|p1|Garchomp, L50, F|
|poke|p2|Delphox, L50, M|
|poke|p2|Incineroar, L50, M|
|poke|p2|Maushold-Four, L50|
|poke|p2|Sinistcha, L50|
|poke|p2|Sneasler, L50, F|
|poke|p2|Blastoise, L50, M|
|teampreview|4
|showteam|p1|Gengar||Gengarite|CursedBody|ShadowBall,Disable,PerishSong,Protect|Modest||F|||50|]Incineroar||SitrusBerry|Intimidate|FlareBlitz,PartingShot,FakeOut,Protect|Adamant||F|||50|]Sinistcha||KasibBerry|Hospitality|MatchaGotcha,RagePowder,TrickRoom,Protect|Bold|||||50|]Politoed||FocusSash|Drizzle|WeatherBall,Encore,PerishSong,Protect|Calm||F|||50|]Archaludon||Leftovers|Stamina|ElectroShot,FlashCannon,DragonPulse,Protect|Timid||M|||50|]Garchomp||LifeOrb|RoughSkin|DragonClaw,Protect,Earthquake,RockSlide|Jolly||F|||50|
|showteam|p2|Delphox||Delphoxite|Blaze|HeatWave,Psychic,NastyPlot,Protect|Timid||M|||50|]Incineroar||SitrusBerry|Intimidate|FakeOut,PartingShot,FlareBlitz,ThroatChop|Impish||M|||50|]Maushold-Four||ChopleBerry|FriendGuard|Feint,HelpingHand,Protect,FollowMe|Impish|||||50|]Sinistcha||ColburBerry|Hospitality|Protect,MatchaGotcha,TrickRoom,RagePowder|Bold|||||50|]Sneasler||FocusSash|PoisonTouch|CloseCombat,PoisonJab,QuickGuard,FakeOut|Adamant||F|||50|]Blastoise||Blastoisinite|RainDish|Protect,WaterSpout,DarkPulse,ShellSmash|Timid||M|||50|
|
|t:|1784876632
|teamsize|p1|4
|teamsize|p2|4
|start
|switch|p1a: Gengar|Gengar, L50, F|100/100
|switch|p1b: Archaludon|Archaludon, L50, M|100/100
|switch|p2a: Unctober|Delphox, L50, M|100/100
|switch|p2b: Gochujang|Incineroar, L50, M|100/100
|-ability|p2b: Gochujang|Intimidate|boost
|-unboost|p1a: Gengar|atk|1
|-unboost|p1b: Archaludon|atk|1
|turn|1
|
|t:|1784876650
|switch|p1a: Politoed|Politoed, L50, F|100/100
|-weather|RainDance|[from] ability: Drizzle|[of] p1a: Politoed
|detailschange|p2a: Unctober|Delphox-Mega, L50, M
|-mega|p2a: Unctober|Delphox|Delphoxite
|move|p2a: Unctober|Nasty Plot|p2a: Unctober
|-boost|p2a: Unctober|spa|2
|move|p1b: Archaludon|Electro Shot||[still]
|-prepare|p1b: Archaludon|Electro Shot
|-boost|p1b: Archaludon|spa|1
|-anim|p1b: Archaludon|Electro Shot|p2a: Unctober
|-damage|p2a: Unctober|40/100
|move|p2b: Gochujang|Parting Shot|p1b: Archaludon
|-unboost|p1b: Archaludon|atk|1
|-unboost|p1b: Archaludon|spa|1
|
|t:|1784876665
|switch|p2b: Green Day|Sinistcha, L50|100/100|[from] Parting Shot
|-heal|p2a: Unctober|65/100|[from] ability: Hospitality|[of] p2b: Green Day
|
|-weather|RainDance|[upkeep]
|upkeep
|turn|2
|
|t:|1784876675
|move|p1b: Archaludon|Protect|p1b: Archaludon
|-singleturn|p1b: Archaludon|Protect
|move|p2b: Green Day|Rage Powder|p2b: Green Day
|-singleturn|p2b: Green Day|move: Rage Powder
|move|p2a: Unctober|Psychic|p1b: Archaludon
|-activate|p1b: Archaludon|move: Protect
|move|p1a: Politoed|Weather Ball|p2b: Green Day
|-resisted|p2b: Green Day|1
|-damage|p2b: Green Day|76/100
|
|-weather|RainDance|[upkeep]
|upkeep
|turn|3
|
|t:|1784876692
|switch|p1b: Incineroar|Incineroar, L50, F|100/100
|-ability|p1b: Incineroar|Intimidate|boost
|-unboost|p2a: Unctober|atk|1
|-unboost|p2b: Green Day|atk|1
|move|p2b: Green Day|Rage Powder|p2b: Green Day
|-singleturn|p2b: Green Day|move: Rage Powder
|move|p2a: Unctober|Psychic|p1b: Incineroar
|-immune|p1b: Incineroar
|move|p1a: Politoed|Perish Song|p1a: Politoed
|-start|p1a: Politoed|perish3|[silent]
|-start|p1b: Incineroar|perish3|[silent]
|-start|p2a: Unctober|perish3|[silent]
|-start|p2b: Green Day|perish3|[silent]
|-fieldactivate|move: Perish Song
|
|-weather|RainDance|[upkeep]
|-start|p2a: Unctober|perish3
|-start|p1a: Politoed|perish3
|-start|p2b: Green Day|perish3
|-start|p1b: Incineroar|perish3
|upkeep
|turn|4
|
|t:|1784876714
|switch|p2a: Mbappe|Blastoise, L50, M|100/100
|switch|p1a: Gengar|Gengar, L50, F|100/100
|switch|p2b: Gochujang|Incineroar, L50, M|100/100
|-ability|p2b: Gochujang|Intimidate|boost
|-unboost|p1a: Gengar|atk|1
|-unboost|p1b: Incineroar|atk|1
|move|p1b: Incineroar|Fake Out|p2a: Mbappe
|-damage|p2a: Mbappe|88/100
|
|-weather|RainDance|[upkeep]
|-heal|p2a: Mbappe|94/100|[from] ability: Rain Dish
|-start|p1b: Incineroar|perish2
|upkeep
|turn|5
|
|t:|1784876742
|detailschange|p1a: Gengar|Gengar-Mega, L50, F
|-mega|p1a: Gengar|Gengar|Gengarite
|move|p2b: Gochujang|Fake Out|p1b: Incineroar
|-damage|p1b: Incineroar|90/100
|move|p1a: Gengar|Perish Song|p1a: Gengar
|-start|p1a: Gengar|perish3|[silent]
|-start|p2a: Mbappe|perish3|[silent]
|-start|p2b: Gochujang|perish3|[silent]
|-fieldactivate|move: Perish Song
|move|p2a: Mbappe|Shell Smash|p2a: Mbappe
|-unboost|p2a: Mbappe|def|1
|-unboost|p2a: Mbappe|spd|1
|-boost|p2a: Mbappe|atk|2
|-boost|p2a: Mbappe|spa|2
|-boost|p2a: Mbappe|spe|2
|cant|p1b: Incineroar|flinch
|
|-weather|none
|-start|p2a: Mbappe|perish3
|-start|p1a: Gengar|perish3
|-start|p2b: Gochujang|perish3
|-start|p1b: Incineroar|perish1
|upkeep
|turn|6
|
|t:|1784876765
|switch|p1b: Archaludon|Archaludon, L50, M|100/100
|move|p1a: Gengar|Protect|p1a: Gengar
|-singleturn|p1a: Gengar|Protect
|move|p2a: Mbappe|Water Spout|p1a: Gengar|[spread] p1b
|-activate|p1a: Gengar|move: Protect
|-resisted|p1b: Archaludon|1
|-damage|p1b: Archaludon|40/100
|-ability|p1b: Archaludon|Stamina|boost
|-boost|p1b: Archaludon|def|1
|move|p2b: Gochujang|Parting Shot|p1b: Archaludon
|-unboost|p1b: Archaludon|atk|1
|-unboost|p1b: Archaludon|spa|1
|
|t:|1784876778
|switch|p2b: Unctober|Delphox-Mega, L50, M|65/100|[from] Parting Shot
|
|-heal|p1b: Archaludon|46/100|[from] item: Leftovers
|-start|p2a: Mbappe|perish2
|-start|p1a: Gengar|perish2
|upkeep
|turn|7
|
|t:|1784876811
|move|p2a: Mbappe|Water Spout|p1b: Archaludon|[spread] p1a,p1b
|-resisted|p1b: Archaludon|1
|-crit|p1b: Archaludon
|-damage|p1a: Gengar|6/100
|-damage|p1b: Archaludon|0 fnt
|faint|p1b: Archaludon
|move|p2b: Unctober|Nasty Plot|p2b: Unctober
|-boost|p2b: Unctober|spa|2
|move|p1a: Gengar|Shadow Ball|p2b: Unctober
|-supereffective|p2b: Unctober|1
|-damage|p2b: Unctober|0 fnt
|faint|p2b: Unctober
|
|-start|p2a: Mbappe|perish1
|-start|p1a: Gengar|perish1
|upkeep
|
|t:|1784876827
|switch|p2b: Green Day|Sinistcha, L50|76/100
|switch|p1b: Politoed|Politoed, L50, F|100/100
|-weather|RainDance|[from] ability: Drizzle|[of] p1b: Politoed
|-heal|p2a: Mbappe|100/100|[from] ability: Hospitality|[of] p2b: Green Day
|turn|8
|
|t:|1784876843
|switch|p1a: Incineroar|Incineroar, L50, F|90/100
|-ability|p1a: Incineroar|Intimidate|boost
|-unboost|p2a: Mbappe|atk|1
|-unboost|p2b: Green Day|atk|1
|move|p2a: Mbappe|Water Spout|p1b: Politoed|[spread] p1a,p1b
|-supereffective|p1a: Incineroar|1
|-resisted|p1b: Politoed|1
|-damage|p1a: Incineroar|0 fnt
|-damage|p1b: Politoed|57/100
|faint|p1a: Incineroar
|move|p1b: Politoed|Perish Song|p1b: Politoed
|-start|p1b: Politoed|perish3|[silent]
|-start|p2b: Green Day|perish3|[silent]
|-fieldactivate|move: Perish Song
|move|p2b: Green Day|Trick Room|p2b: Green Day
|-fieldstart|move: Trick Room|[of] p2b: Green Day
|
|-weather|RainDance|[upkeep]
|-start|p2b: Green Day|perish3
|-start|p1b: Politoed|perish3
|-start|p2a: Mbappe|perish0
|faint|p2a: Mbappe
|upkeep
|
|t:|1784876858
|switch|p1a: Gengar|Gengar-Mega, L50, F|6/100
|switch|p2a: Gochujang|Incineroar, L50, M|100/100
|-ability|p2a: Gochujang|Intimidate|boost
|-unboost|p1a: Gengar|atk|1
|-unboost|p1b: Politoed|atk|1
|turn|9
|
|t:|1784876878
|move|p1b: Politoed|Protect|p1b: Politoed
|-singleturn|p1b: Politoed|Protect
|move|p1a: Gengar|Protect|p1a: Gengar
|-singleturn|p1a: Gengar|Protect
|move|p2a: Gochujang|Throat Chop|p1b: Politoed
|-activate|p1b: Politoed|move: Protect
|move|p2b: Green Day|Matcha Gotcha|p1a: Gengar|[spread] 
|-activate|p1a: Gengar|move: Protect
|-activate|p1b: Politoed|move: Protect
|
|-weather|RainDance|[upkeep]
|-start|p1b: Politoed|perish2
|-start|p2b: Green Day|perish2
|upkeep
|turn|10
|
|t:|1784876907
|move|p1a: Gengar|Protect||[still]
|-fail|p1a: Gengar
|move|p2a: Gochujang|Throat Chop|p1b: Politoed
|-damage|p1b: Politoed|20/100y
|-start|p1b: Politoed|Throat Chop|[silent]
|move|p1b: Politoed|Weather Ball|p2a: Gochujang
|-supereffective|p2a: Gochujang|1
|-damage|p2a: Gochujang|15/100
|-enditem|p2a: Gochujang|Sitrus Berry|[eat]
|-heal|p2a: Gochujang|40/100|[from] item: Sitrus Berry
|move|p2b: Green Day|Matcha Gotcha|p1a: Gengar|[spread] p1a,p1b
|-resisted|p1a: Gengar|1
|-crit|p1a: Gengar
|-supereffective|p1b: Politoed|1
|-damage|p1a: Gengar|0 fnt
|-heal|p2b: Green Day|80/100|[from] drain|[of] p1a: Gengar
|-damage|p1b: Politoed|0 fnt
|-heal|p2b: Green Day|91/100|[from] drain|[of] p1b: Politoed
|faint|p1a: Gengar
|faint|p1b: Politoed
|
|win|lordtentacle69
|raw|SudoBits's rating: 1068 → 1061(-7 for losing)
|raw|lordtentacle69's rating: 1352 → 1359(+7 for winning)
|l|☆SudoBits
|player|p1|
