|j|☆archeokyogre64
|j|☆lildueldisk
|html|archeokyogre64lildueldisk    
|uhtml|bestof|Game 2 of a best-of-3
|t:|1756580077
|gametype|doubles
|player|p1|archeokyogre64|1|1164
|player|p2|lildueldisk|boarder|1079
|gen|9
|tier|[Gen 9] VGC 2025 Reg H (Bo3)
|rated|
|rule|Species Clause: Limit one of each Pokémon
|rule|Item Clause: Limit 1 of each item
|clearpoke
|poke|p1|Ursaluna-Bloodmoon, L50, M|
|poke|p1|Grimmsnarl, L50, M|
|poke|p1|Gholdengo, L50|
|poke|p1|Dragonite, L50, F|
|poke|p1|Amoonguss, L50, F|
|poke|p1|Sneasler, L50, M|
|poke|p2|Dragonite, L50, F|
|poke|p2|Garchomp, L50, M|
|poke|p2|Ninetales-Alola, L50, F|
|poke|p2|Incineroar, L50, M|
|poke|p2|Kingambit, L50, M|
|poke|p2|Amoonguss, L50, M|
|teampreview|4
|showteam|p1|Ursaluna-Bloodmoon||AssaultVest|MindsEye|HyperVoice,EarthPower,BloodMoon,VacuumWave|||M|||50|,,,,,Water]Grimmsnarl||LightClay|Prankster|ThunderWave,Reflect,LightScreen,FoulPlay|||M|||50|,,,,,Ghost]Gholdengo||Leftovers|GoodasGold|MakeItRain,NastyPlot,ShadowBall,Protect||||||50|,,,,,Water]Dragonite||LoadedDice|Multiscale|ScaleShot,Haze,Tailwind,Protect|||F|||50|,,,,,Steel]Amoonguss||CovertCloak|Regenerator|Spore,RagePowder,PollenPuff,Protect|||F|||50|,,,,,Water]Sneasler||ClearAmulet|PoisonTouch|ThroatChop,CloseCombat,DireClaw,Protect|||M|||50|,,,,,Dark
|showteam|p2|Dragonite||LumBerry|InnerFocus|TeraBlast,ExtremeSpeed,LowKick,Protect|||F|||50|,,,,,Flying]Garchomp||LifeOrb|SandVeil|DragonClaw,Earthquake,StompingTantrum,Protect|||M|||50|,,,,,Steel]Ninetales-Alola||FocusSash|SnowWarning|Blizzard,FreezeDry,Encore,Protect|||F|||50|,,,,,Ice]Incineroar||SafetyGoggles|Intimidate|FlareBlitz,KnockOff,PartingShot,FakeOut|||M|||50|,,,,,Ghost]Kingambit||AssaultVest|Defiant|KowtowCleave,SuckerPunch,IronHead,LowKick|||M|||50|,,,,,Dark]Amoonguss||SitrusBerry|Regenerator|Spore,RagePowder,PollenPuff,ClearSmog|||M|||50|,,,,,Water
|inactive|Battle timer is ON: inactive players will automatically lose when time's up. (requested by archeokyogre64)
|
|t:|1756580088
|teamsize|p1|4
|teamsize|p2|4
|start
|switch|p1a: Grimmsnarl|Grimmsnarl, L50, M|100/100
|switch|p1b: Sneasler|Sneasler, L50, M|100/100
|switch|p2a: Dragonite|Dragonite, L50, F|100/100
|switch|p2b: Garchomp|Garchomp, L50, M|100/100
|turn|1
|inactive|archeokyogre64 has 30 seconds left.
|
|t:|1756580115
|-terastallize|p2a: Dragonite|Flying
|move|p1b: Sneasler|Protect|p1b: Sneasler
|-singleturn|p1b: Sneasler|Protect
|move|p1a: Grimmsnarl|Reflect|p1a: Grimmsnarl
|-sidestart|p1: archeokyogre64|Reflect
|move|p2b: Garchomp|Earthquake|p1a: Grimmsnarl|[spread] p1a
|-activate|p1b: Sneasler|move: Protect
|-immune|p2a: Dragonite
|-damage|p1a: Grimmsnarl|67/100
|-damage|p2b: Garchomp|91/100|[from] item: Life Orb
|move|p2a: Dragonite|Tera Blast|p1a: Grimmsnarl|[anim] Tera Blast Flying
|-damage|p1a: Grimmsnarl|23/100
|
|upkeep
|turn|2
|inactive|archeokyogre64 has 30 seconds left.
|
|t:|1756580149
|switch|p1a: Ursaluna|Ursaluna-Bloodmoon, L50, M|100/100
|move|p1b: Sneasler|Dire Claw|p2a: Dragonite
|-crit|p2a: Dragonite
|-damage|p2a: Dragonite|23/100
|move|p2b: Garchomp|Earthquake|p1a: Ursaluna|[spread] p1a,p1b
|-immune|p2a: Dragonite
|-supereffective|p1b: Sneasler
|-damage|p1a: Ursaluna|78/100
|-damage|p1b: Sneasler|0 fnt
|faint|p1b: Sneasler
|-damage|p2b: Garchomp|81/100|[from] item: Life Orb
|move|p2a: Dragonite|Tera Blast|p1a: Ursaluna|[anim] Tera Blast Flying
|-damage|p1a: Ursaluna|50/100
|
|upkeep
|
|t:|1756580155
|switch|p1b: Gholdengo|Gholdengo, L50|100/100
|turn|3
|
|t:|1756580183
|-terastallize|p1b: Gholdengo|Water
|move|p2b: Garchomp|Earthquake|p1b: Gholdengo|[spread] p1a,p1b
|-immune|p2a: Dragonite
|-damage|p1a: Ursaluna|25/100
|-damage|p1b: Gholdengo|64/100
|-damage|p2b: Garchomp|71/100|[from] item: Life Orb
|move|p1b: Gholdengo|Make It Rain|p2a: Dragonite|[spread] p2a,p2b
|-damage|p2a: Dragonite|0 fnt
|-damage|p2b: Garchomp|24/100
|-unboost|p1b: Gholdengo|spa|1
|faint|p2a: Dragonite
|move|p1a: Ursaluna|Hyper Voice|p2b: Garchomp
|-damage|p2b: Garchomp|0 fnt
|faint|p2b: Garchomp
|
|-heal|p1b: Gholdengo|70/100|[from] item: Leftovers
|upkeep
|
|t:|1756580201
|switch|p2b: Kingambit|Kingambit, L50, M|100/100
|switch|p2a: Incineroar|Incineroar, L50, M|100/100
|-ability|p2a: Incineroar|Intimidate|boost
|-unboost|p1a: Ursaluna|atk|1
|-unboost|p1b: Gholdengo|atk|1
|turn|4
|
|t:|1756580222
|switch|p1a: Grimmsnarl|Grimmsnarl, L50, M|23/100
|move|p1b: Gholdengo|Nasty Plot|p1b: Gholdengo
|-boost|p1b: Gholdengo|spa|2
|move|p2a: Incineroar|Flare Blitz|p1b: Gholdengo
|-resisted|p1b: Gholdengo
|-damage|p1b: Gholdengo|53/100
|-damage|p2a: Incineroar|96/100|[from] Recoil
|move|p2b: Kingambit|Kowtow Cleave|p1a: Grimmsnarl
|-resisted|p1a: Grimmsnarl
|-damage|p1a: Grimmsnarl|13/100
|
|-heal|p1b: Gholdengo|59/100|[from] item: Leftovers
|upkeep
|turn|5
|inactive|lildueldisk has 30 seconds left.
|
|t:|1756580247
|move|p2b: Kingambit|Sucker Punch|p1b: Gholdengo
|-damage|p1b: Gholdengo|28/100
|move|p1b: Gholdengo|Make It Rain|p2b: Kingambit|[spread] p2a,p2b
|-resisted|p2a: Incineroar
|-resisted|p2b: Kingambit
|-damage|p2a: Incineroar|69/100
|-damage|p2b: Kingambit|79/100
|-unboost|p1b: Gholdengo|spa|1
|move|p1a: Grimmsnarl|Foul Play|p2a: Incineroar
|-resisted|p2a: Incineroar
|-damage|p2a: Incineroar|55/100
|move|p2a: Incineroar|Knock Off|p1b: Gholdengo
|-damage|p1b: Gholdengo|0 fnt
|-enditem|p1b: Gholdengo|Leftovers|[from] move: Knock Off|[of] p2a: Incineroar
|faint|p1b: Gholdengo
|
|upkeep
|
|t:|1756580254
|switch|p1b: Ursaluna|Ursaluna-Bloodmoon, L50, M|25/100
|turn|6
|
|t:|1756580274
|move|p1b: Ursaluna|Vacuum Wave|p2b: Kingambit
|-supereffective|p2b: Kingambit
|-damage|p2b: Kingambit|36/100
|move|p2b: Kingambit|Sucker Punch||[still]
|-fail|p2b: Kingambit
|move|p1a: Grimmsnarl|Foul Play|p2a: Incineroar
|-resisted|p2a: Incineroar
|-damage|p2a: Incineroar|39/100
|move|p2a: Incineroar|Flare Blitz|p1b: Ursaluna
|-damage|p1b: Ursaluna|1/100
|-damage|p2a: Incineroar|30/100|[from] Recoil
|
|upkeep
|turn|7
|inactive|lildueldisk has 30 seconds left.
|
|t:|1756580302
|move|p1b: Ursaluna|Vacuum Wave|p2b: Kingambit
|-supereffective|p2b: Kingambit
|-damage|p2b: Kingambit|0 fnt
|faint|p2b: Kingambit
|move|p1a: Grimmsnarl|Foul Play|p2a: Incineroar
|-resisted|p2a: Incineroar
|-damage|p2a: Incineroar|15/100
|move|p2a: Incineroar|Knock Off|p1b: Ursaluna
|-damage|p1b: Ursaluna|0 fnt
|-enditem|p1b: Ursaluna|Assault Vest|[from] move: Knock Off|[of] p2a: Incineroar
|faint|p1b: Ursaluna
|
|upkeep
|turn|8
|
|t:|1756580315
|move|p1a: Grimmsnarl|Foul Play|p2a: Incineroar
|-resisted|p2a: Incineroar
|-damage|p2a: Incineroar|0 fnt
|faint|p2a: Incineroar
|
|win|archeokyogre64
|raw|archeokyogre64's rating: 1164 → 1183(+19 for winning)
|raw|lildueldisk's rating: 1079 → 1062(-17 for losing)
|l|☆lildueldisk
|player|p2|
