|j|☆Crystneel
|j|☆alfre22
|html|Crystneelalfre22    
|uhtml|bestof|Game 1 of a best-of-3
|t:|1757159444
|gametype|doubles
|player|p1|Crystneel|ethan|1179
|player|p2|alfre22|benga|1110
|gen|9
|tier|[Gen 9] VGC 2025 Reg H (Bo3)
|rated|
|rule|Species Clause: Limit one of each Pokémon
|rule|Item Clause: Limit 1 of each item
|clearpoke
|poke|p1|Volcarona, L50, M|
|poke|p1|Electabuzz, L50, M|
|poke|p1|Sneasler, L50, F|
|poke|p1|Rillaboom, L50, F|
|poke|p1|Dragonite, L50, F|
|poke|p1|Ursaluna-Bloodmoon, L50, M|
|poke|p2|Sneasler, L50, M|
|poke|p2|Dragapult, L50, M|
|poke|p2|Primarina, L50, M|
|poke|p2|Kingambit, L50, F|
|poke|p2|Magmar, L50, M|
|poke|p2|Rillaboom, L50, M|
|teampreview|4
|showteam|p1|Volcarona||Leftovers|FlameBody|FieryDance,QuiverDance,GigaDrain,Protect|||M|||50|,,,,,Water]Electabuzz||Eviolite|Static|FollowMe,Electroweb,VoltSwitch,Taunt|||M|||50|,,,,,Fairy]Sneasler||GrassySeed|Unburden|DireClaw,CloseCombat,ThroatChop,Protect|||F|||50|,,,,,Dark]Rillaboom||AssaultVest|GrassySurge|FakeOut,GrassyGlide,WoodHammer,Uturn|||F|||50|,,,,,Fire]Dragonite||LoadedDice|Multiscale|ExtremeSpeed,ScaleShot,IceSpinner,LowKick|||F|||50|,,,,,Normal]Ursaluna-Bloodmoon||ThroatSpray|MindsEye|BloodMoon,HyperVoice,EarthPower,Protect|||M|||50|,,,,,Poison
|showteam|p2|Sneasler||FocusSash|PoisonTouch|CloseCombat,DireClaw,FakeOut,Protect|||M|||50|,,,,,Stellar]Dragapult||ChoiceBand|ClearBody|DragonDarts,TeraBlast,PhantomForce,Uturn|||M|||50|,,,,,Ghost]Primarina||SitrusBerry|LiquidVoice|HyperVoice,Moonblast,Haze,Protect|||M|||50|,,,,,Poison]Kingambit||BlackGlasses|Defiant|KowtowCleave,SuckerPunch,SwordsDance,Protect|||F|||50|,,,,,Ghost]Magmar||Eviolite|VitalSpirit|Overheat,WillOWisp,FollowMe,Protect|||M|||50|,,,,,Ghost]Rillaboom||AssaultVest|GrassySurge|WoodHammer,GrassyGlide,HighHorsepower,FakeOut|||M|||50|,,,,,Fire
|inactive|Battle timer is ON: inactive players will automatically lose when time's up. (requested by alfre22)
|inactive|Crystneel has 60 seconds left.
|inactive|alfre22 has 60 seconds left.
|
|t:|1757159497
|teamsize|p1|4
|teamsize|p2|4
|start
|switch|p1a: Electabuzz|Electabuzz, L50, M|100/100
|switch|p1b: Dragonite|Dragonite, L50, F|100/100
|switch|p2a: Sneasler|Sneasler, L50, M|100/100
|switch|p2b: Dragapult|Dragapult, L50, M|100/100
|turn|1
|inactive|Crystneel has 30 seconds left.
|inactive|alfre22 has 30 seconds left.
|
|t:|1757159525
|move|p2a: Sneasler|Fake Out|p1b: Dragonite
|-damage|p1b: Dragonite|93/100
|move|p1a: Electabuzz|Follow Me|p1a: Electabuzz
|-singleturn|p1a: Electabuzz|move: Follow Me
|move|p2b: Dragapult|Dragon Darts|p1a: Electabuzz
|-damage|p1a: Electabuzz|60/100
|-anim|p2b: Dragapult|Dragon Darts|p1a: Electabuzz
|-damage|p1a: Electabuzz|25/100
|cant|p1b: Dragonite|flinch
|
|upkeep
|turn|2
|inactive|Crystneel has 30 seconds left.
|
|t:|1757159551
|switch|p2b: Magmar|Magmar, L50, M|100/100
|move|p1a: Electabuzz|Follow Me|p1a: Electabuzz
|-singleturn|p1a: Electabuzz|move: Follow Me
|move|p2a: Sneasler|Dire Claw|p1a: Electabuzz
|-damage|p1a: Electabuzz|0 fnt
|faint|p1a: Electabuzz
|move|p1b: Dragonite|Scale Shot|p2b: Magmar
|-damage|p2b: Magmar|88/100
|-damage|p2b: Magmar|75/100
|-damage|p2b: Magmar|64/100
|-damage|p2b: Magmar|50/100
|-hitcount|p2b: Magmar|4
|-unboost|p1b: Dragonite|def|1
|-boost|p1b: Dragonite|spe|1
|
|upkeep
|
|t:|1757159567
|switch|p1a: Ursaluna|Ursaluna-Bloodmoon, L50, M|100/100
|turn|3
|
|t:|1757159590
|-terastallize|p1a: Ursaluna|Poison
|move|p2a: Sneasler|Protect|p2a: Sneasler
|-singleturn|p2a: Sneasler|Protect
|move|p2b: Magmar|Protect|p2b: Magmar
|-singleturn|p2b: Magmar|Protect
|move|p1b: Dragonite|Scale Shot|p2a: Sneasler
|-activate|p2a: Sneasler|move: Protect
|move|p1a: Ursaluna|Hyper Voice|p2b: Magmar|[spread] 
|-activate|p2a: Sneasler|move: Protect
|-activate|p2b: Magmar|move: Protect
|
|upkeep
|turn|4
|
|t:|1757159609
|move|p2b: Magmar|Follow Me|p2b: Magmar
|-singleturn|p2b: Magmar|move: Follow Me
|move|p1b: Dragonite|Scale Shot|p2b: Magmar
|-damage|p2b: Magmar|38/100
|-damage|p2b: Magmar|25/100
|-damage|p2b: Magmar|13/100
|-damage|p2b: Magmar|0 fnt
|faint|p2b: Magmar
|-hitcount|p2: Magmar|4
|-unboost|p1b: Dragonite|def|1
|-boost|p1b: Dragonite|spe|1
|move|p2a: Sneasler|Dire Claw|p1b: Dragonite
|-damage|p1b: Dragonite|6/100
|move|p1a: Ursaluna|Hyper Voice|p2a: Sneasler
|-damage|p2a: Sneasler|27/100
|-enditem|p1a: Ursaluna|Throat Spray
|-boost|p1a: Ursaluna|spa|1|[from] item: Throat Spray
|
|upkeep
|
|t:|1757159630
|switch|p2b: Rillaboom|Rillaboom, L50, M|100/100
|-fieldstart|move: Grassy Terrain|[from] ability: Grassy Surge|[of] p2b: Rillaboom
|turn|5
|
|t:|1757159651
|move|p1b: Dragonite|Extreme Speed|p2a: Sneasler
|-damage|p2a: Sneasler|0 fnt
|faint|p2a: Sneasler
|move|p2b: Rillaboom|Grassy Glide|p1b: Dragonite
|-resisted|p1b: Dragonite
|-damage|p1b: Dragonite|0 fnt
|faint|p1b: Dragonite
|move|p1a: Ursaluna|Hyper Voice|p2b: Rillaboom
|-damage|p2b: Rillaboom|37/100
|
|-heal|p2b: Rillaboom|43/100|[from] Grassy Terrain
|upkeep
|
|t:|1757159660
|switch|p2a: Dragapult|Dragapult, L50, M|100/100
|switch|p1b: Rillaboom|Rillaboom, L50, F|100/100
|turn|6
|inactive|alfre22 has 30 seconds left.
|
|t:|1757159689
|-terastallize|p2a: Dragapult|Ghost
|move|p1b: Rillaboom|Fake Out|p2b: Rillaboom
|-damage|p2b: Rillaboom|30/100
|move|p2a: Dragapult|Phantom Force||[still]
|-prepare|p2a: Dragapult|Phantom Force
|cant|p2b: Rillaboom|flinch
|move|p1a: Ursaluna|Blood Moon|p2a: Dragapult|[miss]
|-miss|p1a: Ursaluna|p2a: Dragapult
|
|-heal|p2b: Rillaboom|35/100|[from] Grassy Terrain
|upkeep
|turn|7
|inactive|Crystneel has 30 seconds left.
|inactive|Crystneel has 20 seconds left.
|
|t:|1757159726
|move|p2a: Dragapult|Phantom Force|p1a: Ursaluna|[from] lockedmove
|-damage|p1a: Ursaluna|35/100
|move|p2b: Rillaboom|Wood Hammer|p1b: Rillaboom
|-resisted|p1b: Rillaboom
|-damage|p1b: Rillaboom|65/100
|-damage|p2b: Rillaboom|24/100|[from] Recoil
|move|p1b: Rillaboom|U-turn|p2b: Rillaboom
|-supereffective|p2b: Rillaboom
|-damage|p2b: Rillaboom|0 fnt
|faint|p2b: Rillaboom
|move|p1a: Ursaluna|Hyper Voice|p2a: Dragapult
|-damage|p2a: Dragapult|0 fnt
|faint|p2a: Dragapult
|
|win|Crystneel
|inactive|Crystneel has 30 seconds to confirm battle start!
|inactive|alfre22 has 30 seconds to confirm battle start!
