|j|☆castoriceball
|j|☆Ninjacoox
|html|castoriceballNinjacoox    
|uhtml|bestof|Game 3 of a best-of-3
|t:|1784084208
|gametype|doubles
|player|p1|castoriceball|miku-flying|
|player|p2|Ninjacoox|170|
|gen|9
|tier|[Gen 9 Champions] VGC 2026 Reg M-B (Bo3)
|rule|Species Clause: Limit one of each Pokémon
|rule|Item Clause: Limit 1 of each item
|clearpoke
|poke|p1|Garchomp, L50, M|
|poke|p1|Floette-Eternal, L50, F|
|poke|p1|Talonflame, L50, F|
|poke|p1|Rotom-Wash, L50, shiny|
|poke|p1|Venusaur, L50, M|
|poke|p1|Kingambit, L50, M, shiny|
|poke|p2|Ninetales-Alola, L50, F|
|poke|p2|Froslass, L50, F|
|poke|p2|Whimsicott, L50, M|
|poke|p2|Staraptor, L50, F|
|poke|p2|Maushold, L50|
|poke|p2|Volcarona, L50, M|
|teampreview|4
|showteam|p1|Garchomp||LifeOrb|RoughSkin|DragonClaw,Earthquake,RockSlide,Protect|Adamant||M|||50|]Floette-Eternal||Floettite|FlowerVeil|Moonblast,DazzlingGleam,LightofRuin,Protect|Modest||F|||50|]Talonflame||SharpBeak|GaleWings|Tailwind,DualWingbeat,FlareBlitz,Protect|Jolly||F|||50|]Rotom-Wash||Magnet|Levitate|Thunderbolt,HydroPump,Electroweb,Protect|Modest|||||50|]Venusaur||Venusaurite|Chlorophyll|GigaDrain,SludgeBomb,EarthPower,Protect|Modest||M|||50|]Kingambit||FocusSash|Defiant|KowtowCleave,SuckerPunch,IronHead,Protect|Adamant||M|||50|
|showteam|p2|Ninetales-Alola||FocusSash|SnowWarning|FreezeDry,DazzlingGleam,Blizzard,AuroraVeil|Timid||F|||50|]Froslass||Froslassite|SnowCloak|Blizzard,ShadowBall,Thunderbolt,Protect|Timid||F|||50|]Whimsicott||MentalHerb|Prankster|Tailwind,Moonblast,Taunt,Charm|Timid||M|||50|]Staraptor||Staraptite|Intimidate|Tailwind,CloseCombat,BraveBird,Protect|Jolly||F|||50|]Maushold||ChopleBerry|FriendGuard|PopulationBomb,Charm,FollowMe,Protect|Impish|||||50|]Volcarona||Leftovers|FlameBody|FieryDance,BugBuzz,QuiverDance,Protect|Bold||M|||50|
|
|t:|1784084251
|teamsize|p1|4
|teamsize|p2|4
|start
|switch|p1a: jarchomp|Garchomp, L50, M|100/100
|switch|p1b: BIRDD|Talonflame, L50, F|100/100
|switch|p2a: Volcarona|Volcarona, L50, M|100/100
|switch|p2b: Ninetales|Ninetales-Alola, L50, F|100/100
|-weather|Snowscape|[from] ability: Snow Warning|[of] p2b: Ninetales
|turn|1
|
|t:|1784084288
|move|p1a: jarchomp|Protect|p1a: jarchomp
|-singleturn|p1a: jarchomp|Protect
|move|p2a: Volcarona|Protect|p2a: Volcarona
|-singleturn|p2a: Volcarona|Protect
|move|p1b: BIRDD|Tailwind|p1b: BIRDD
|-sidestart|p1: castoriceball|move: Tailwind
|move|p2b: Ninetales|Blizzard|p1b: BIRDD|[spread] p1b
|-activate|p1a: jarchomp|move: Protect
|-damage|p1b: BIRDD|67/100
|
|-weather|Snowscape|[upkeep]
|upkeep
|turn|2
|
|t:|1784084311
|switch|p2a: Staraptor|Staraptor, L50, F|100/100
|-ability|p2a: Staraptor|Intimidate|boost
|-unboost|p1a: jarchomp|atk|1
|-unboost|p1b: BIRDD|atk|1
|move|p1b: BIRDD|Flare Blitz|p2b: Ninetales
|-supereffective|p2b: Ninetales|1
|-damage|p2b: Ninetales|60/100
|-damage|p1b: BIRDD|52/100|[from] Recoil
|move|p1a: jarchomp|Rock Slide|p2b: Ninetales|[spread] p2a,p2b
|-supereffective|p2a: Staraptor|1
|-supereffective|p2b: Ninetales|1
|-damage|p2a: Staraptor|43/100
|-damage|p2b: Ninetales|29/100
|-damage|p1a: jarchomp|90/100|[from] item: Life Orb
|move|p2b: Ninetales|Blizzard|p1a: jarchomp|[spread] p1a,p1b
|-supereffective|p1a: jarchomp|2
|-damage|p1a: jarchomp|0 fnt
|-damage|p1b: BIRDD|16/100
|faint|p1a: jarchomp
|
|-weather|Snowscape|[upkeep]
|upkeep
|
|t:|1784084330
|switch|p1a: Laundry List|Rotom-Wash, L50, shiny|100/100
|turn|3
|
|t:|1784084340
|move|p2a: Staraptor|Protect|p2a: Staraptor
|-singleturn|p2a: Staraptor|Protect
|move|p1b: BIRDD|Dual Wingbeat|p2b: Ninetales
|-damage|p2b: Ninetales|19/100
|-damage|p2b: Ninetales|10/100
|-hitcount|p2b: Ninetales|2
|move|p1a: Laundry List|Thunderbolt|p2b: Ninetales
|-damage|p2b: Ninetales|0 fnt
|faint|p2b: Ninetales
|
|-weather|Snowscape|[upkeep]
|upkeep
|
|t:|1784084348
|switch|p2b: Volcarona|Volcarona, L50, M|100/100
|turn|4
|
|t:|1784084356
|switch|p2a: Whimsicott|Whimsicott, L50, M|100/100
|move|p1b: BIRDD|Dual Wingbeat|p2a: Whimsicott
|-supereffective|p2a: Whimsicott|1
|-damage|p2a: Whimsicott|71/100
|-supereffective|p2a: Whimsicott|1
|-damage|p2a: Whimsicott|42/100
|-hitcount|p2a: Whimsicott|2
|move|p1a: Laundry List|Thunderbolt|p2a: Whimsicott
|-resisted|p2a: Whimsicott|1
|-damage|p2a: Whimsicott|6/100
|move|p2b: Volcarona|Fiery Dance|p1b: BIRDD
|-resisted|p1b: BIRDD|1
|-damage|p1b: BIRDD|0 fnt
|faint|p1b: BIRDD
|
|-weather|Snowscape|[upkeep]
|-sideend|p1: castoriceball|move: Tailwind
|upkeep
|
|t:|1784084368
|switch|p1b: $70 flutter|Floette-Eternal, L50, F|100/100
|turn|5
|
|t:|1784084380
|detailschange|p1b: $70 flutter|Floette-Mega, L50, F
|-mega|p1b: $70 flutter|Floette|Floettite
|-ability|p1b: $70 flutter|Fairy Aura
|move|p2a: Whimsicott|Tailwind|p2a: Whimsicott
|-sidestart|p2: Ninjacoox|move: Tailwind
|move|p2b: Volcarona|Quiver Dance|p2b: Volcarona
|-boost|p2b: Volcarona|spa|1
|-boost|p2b: Volcarona|spd|1
|-boost|p2b: Volcarona|spe|1
|move|p1b: $70 flutter|Moonblast|p2b: Volcarona
|-resisted|p2b: Volcarona|1
|-damage|p2b: Volcarona|75/100
|-unboost|p2b: Volcarona|spa|1
|move|p1a: Laundry List|Hydro Pump|p2b: Volcarona|[miss]
|-miss|p1a: Laundry List|p2b: Volcarona
|
|-weather|none
|-heal|p2b: Volcarona|81/100|[from] item: Leftovers
|upkeep
|turn|6
|c|☆castoriceball|shoot me
|
|t:|1784084412
|move|p2a: Whimsicott|Moonblast|p1a: Laundry List
|-damage|p1a: Laundry List|61/100
|move|p2b: Volcarona|Fiery Dance|p1b: $70 flutter
|-damage|p1b: $70 flutter|67/100
|move|p1b: $70 flutter|Moonblast|p2b: Volcarona
|-resisted|p2b: Volcarona|1
|-damage|p2b: Volcarona|58/100
|-unboost|p2b: Volcarona|spa|1
|move|p1a: Laundry List|Hydro Pump|p2b: Volcarona|[miss]
|-miss|p1a: Laundry List|p2b: Volcarona
|
|-heal|p2b: Volcarona|64/100|[from] item: Leftovers
|upkeep
|turn|7
|c|☆castoriceball|shoot me x2
|
|t:|1784084430
|move|p2a: Whimsicott|Moonblast|p1a: Laundry List
|-damage|p1a: Laundry List|25/100
|move|p2b: Volcarona|Fiery Dance|p1b: $70 flutter
|-damage|p1b: $70 flutter|48/100
|move|p1b: $70 flutter|Dazzling Gleam|p2b: Volcarona|[spread] p2a,p2b
|-resisted|p2b: Volcarona|1
|-damage|p2a: Whimsicott|0 fnt
|-damage|p2b: Volcarona|48/100
|faint|p2a: Whimsicott
|move|p1a: Laundry List|Hydro Pump|p2b: Volcarona|[miss]
|-miss|p1a: Laundry List|p2b: Volcarona
|
|-heal|p2b: Volcarona|55/100|[from] item: Leftovers
|upkeep
|
|t:|1784084438
|switch|p2a: Staraptor|Staraptor, L50, F|43/100
|-ability|p2a: Staraptor|Intimidate|boost
|-unboost|p1a: Laundry List|atk|1
|-unboost|p1b: $70 flutter|atk|1
|turn|8
|c|☆castoriceball|shoot me x5
|
|t:|1784084445
|detailschange|p2a: Staraptor|Staraptor-Mega, L50, F
|-mega|p2a: Staraptor|Staraptor|Staraptite
|move|p1b: $70 flutter|Protect|p1b: $70 flutter
|-singleturn|p1b: $70 flutter|Protect
|move|p2b: Volcarona|Fiery Dance|p1b: $70 flutter
|-activate|p1b: $70 flutter|move: Protect
|move|p2a: Staraptor|Close Combat|p1a: Laundry List
|-damage|p1a: Laundry List|0 fnt
|-boost|p2a: Staraptor|def|1
|-boost|p2a: Staraptor|spd|1
|faint|p1a: Laundry List
|
|-heal|p2b: Volcarona|61/100|[from] item: Leftovers
|-sideend|p2: Ninjacoox|move: Tailwind
|upkeep
|turn|9
|
|t:|1784084462
|move|p2b: Volcarona|Fiery Dance|p1b: $70 flutter
|-damage|p1b: $70 flutter|28/100
|-boost|p2b: Volcarona|spa|1
|move|p2a: Staraptor|Brave Bird|p1b: $70 flutter
|-damage|p1b: $70 flutter|0 fnt
|faint|p1b: $70 flutter
|-damage|p2a: Staraptor|34/100|[from] Recoil
|
|win|Ninjacoox
|c|☆castoriceball|hax
