|j|☆executive pole
|j|☆bonomia
|html|executive polebonomia    
|uhtml|bestof|Game 1 of a best-of-3
|t:|1757714788
|gametype|doubles
|player|p1|executive pole|brendan-masters|1366
|player|p2|bonomia|tourist|1576
|gen|9
|tier|[Gen 9] VGC 2025 Reg H (Bo3)
|rated|
|rule|Species Clause: Limit one of each Pokémon
|rule|Item Clause: Limit 1 of each item
|clearpoke
|poke|p1|Whimsicott, L50, M|
|poke|p1|Garchomp, L50, F|
|poke|p1|Gholdengo, L50|
|poke|p1|Incineroar, L50, F|
|poke|p1|Sneasler, L50, F|
|poke|p1|Dragonite, L50, F|
|poke|p2|Dragonite, L50, F|
|poke|p2|Magmar, L50, M|
|poke|p2|Annihilape, L50, F|
|poke|p2|Kingambit, L50, F|
|poke|p2|Ninetales-Alola, L50, M|
|poke|p2|Dondozo, L50, M|
|teampreview|4
|showteam|p1|Whimsicott||FocusSash|Prankster|Moonblast,Tailwind,Encore,Protect|||M|||50|,,,,,Poison]Garchomp||LifeOrb|RoughSkin|Earthquake,DragonClaw,StompingTantrum,Protect|||F|||50|,,,,,Ground]Gholdengo||ChoiceSpecs|GoodasGold|MakeItRain,ShadowBall,Trick,Protect||||||50|,,,,,Steel]Incineroar||AssaultVest|Intimidate|FlareBlitz,KnockOff,Uturn,FakeOut|||F|||50|,,,,,Grass]Sneasler||WhiteHerb|Unburden|FakeOut,DireClaw,CloseCombat,Protect|||F|||50|,,,,,Stellar]Dragonite||ChoiceBand|InnerFocus|ExtremeSpeed,Outrage,IceSpinner,StompingTantrum|||F|||50|,,,,,Normal
|showteam|p2|Dragonite||LoadedDice|Multiscale|Protect,ScaleShot,ExtremeSpeed,Haze|||F|||50|,,,,,Fairy]Magmar||Eviolite|VitalSpirit|Protect,Flamethrower,FollowMe,WillOWisp|||M|||50|,,,,,Fairy]Annihilape||SafetyGoggles|Defiant|CloseCombat,RageFist,FinalGambit,Coaching|||F|||50|,,,,,Fire]Kingambit||AssaultVest|Defiant|KowtowCleave,IronHead,SuckerPunch,TeraBlast|||F|||50|,,,,,Flying]Ninetales-Alola||FocusSash|SnowWarning|Blizzard,AuroraVeil,Encore,FreezeDry|||M|||50|,,,,,Ghost]Dondozo||Leftovers|Unaware|Protect,Liquidation,Yawn,Fissure|||M|||50|,,,,,Grass
|inactive|Battle timer is ON: inactive players will automatically lose when time's up. (requested by bonomia)
|inactive|executive pole has 60 seconds left.
|inactive|bonomia has 60 seconds left.
|inactive|bonomia has 30 seconds left.
|
|t:|1757714889
|teamsize|p1|4
|teamsize|p2|4
|start
|switch|p1a: Gholdengo|Gholdengo, L50|100/100
|switch|p1b: Sneasler|Sneasler, L50, F|100/100
|switch|p2a: Ninetales|Ninetales-Alola, L50, M|100/100
|switch|p2b: Dondozo|Dondozo, L50, M|100/100
|-weather|Snowscape|[from] ability: Snow Warning|[of] p2a: Ninetales
|turn|1
|inactive|executive pole has 30 seconds left.
|inactive|bonomia has 30 seconds left.
|
|t:|1757714921
|move|p1b: Sneasler|Fake Out|p2a: Ninetales
|-damage|p2a: Ninetales|86/100
|cant|p2a: Ninetales|flinch
|move|p1a: Gholdengo|Trick|p2b: Dondozo
|-activate|p1a: Gholdengo|move: Trick|[of] p2b: Dondozo
|-item|p2b: Dondozo|Choice Specs|[from] move: Trick
|-item|p1a: Gholdengo|Leftovers|[from] move: Trick
|move|p2b: Dondozo|Liquidation|p1b: Sneasler
|-damage|p1b: Sneasler|52/100
|
|-weather|Snowscape|[upkeep]
|upkeep
|turn|2
|inactive|bonomia has 30 seconds left.
|inactive|executive pole has 30 seconds left.
|
|t:|1757714954
|move|p2a: Ninetales|Aurora Veil|p2a: Ninetales
|-sidestart|p2: bonomia|move: Aurora Veil
|move|p1b: Sneasler|Dire Claw|p2b: Dondozo
|-damage|p2b: Dondozo|83/100
|-status|p2b: Dondozo|psn
|move|p1a: Gholdengo|Make It Rain|p2b: Dondozo|[spread] p2a,p2b
|-supereffective|p2a: Ninetales
|-resisted|p2b: Dondozo
|-damage|p2a: Ninetales|0 fnt
|-damage|p2b: Dondozo|70/100 psn
|-unboost|p1a: Gholdengo|spa|1
|faint|p2a: Ninetales
|move|p2b: Dondozo|Liquidation|p1b: Sneasler
|-damage|p1b: Sneasler|0 fnt
|faint|p1b: Sneasler
|
|-weather|Snowscape|[upkeep]
|-damage|p2b: Dondozo|58/100 psn|[from] psn
|upkeep
|inactive|executive pole has 30 seconds left.
|
|t:|1757714980
|switch|p2a: Kingambit|Kingambit, L50, F|100/100
|switch|p1b: Garchomp|Garchomp, L50, F|100/100
|turn|3
|inactive|executive pole has 30 seconds left.
|inactive|bonomia has 30 seconds left.
|inactive|bonomia has 20 seconds left.
|inactive|bonomia has 15 seconds left.
|
|t:|1757715023
|switch|p1a: Whimsicott|Whimsicott, L50, M|100/100
|move|p1b: Garchomp|Protect|p1b: Garchomp
|-singleturn|p1b: Garchomp|Protect
|move|p2a: Kingambit|Kowtow Cleave|p1b: Garchomp
|-activate|p1b: Garchomp|move: Protect
|move|p2b: Dondozo|Liquidation|p1b: Garchomp
|-activate|p1b: Garchomp|move: Protect
|
|-weather|Snowscape|[upkeep]
|-damage|p2b: Dondozo|45/100 psn|[from] psn
|upkeep
|turn|4
|inactive|executive pole has 30 seconds left.
|
|t:|1757715051
|-terastallize|p2a: Kingambit|Flying
|move|p1a: Whimsicott|Moonblast|p2a: Kingambit
|-damage|p2a: Kingambit|86/100
|move|p1b: Garchomp|Dragon Claw|p2a: Kingambit
|-damage|p2a: Kingambit|58/100
|-damage|p1b: Garchomp|91/100|[from] item: Life Orb
|move|p2a: Kingambit|Tera Blast|p1a: Whimsicott|[anim] Tera Blast Flying
|-supereffective|p1a: Whimsicott
|-enditem|p1a: Whimsicott|Focus Sash
|-damage|p1a: Whimsicott|1/100
|move|p2b: Dondozo|Liquidation|p1b: Garchomp
|-damage|p1b: Garchomp|60/100
|-unboost|p1b: Garchomp|def|1
|-damage|p2b: Dondozo|33/100 psn|[from] ability: Rough Skin|[of] p1b: Garchomp
|
|-weather|Snowscape|[upkeep]
|-damage|p2b: Dondozo|20/100 psn|[from] psn
|upkeep
|turn|5
|inactive|executive pole has 30 seconds left.
|inactive|bonomia has 30 seconds left.
|
|t:|1757715085
|switch|p1b: Gholdengo|Gholdengo, L50|100/100
|move|p1a: Whimsicott|Encore|p2a: Kingambit
|-start|p2a: Kingambit|Encore
|move|p2a: Kingambit|Tera Blast|p1b: Gholdengo|[anim] Tera Blast Flying
|-resisted|p1b: Gholdengo
|-damage|p1b: Gholdengo|75/100
|move|p2b: Dondozo|Liquidation|p1a: Whimsicott
|-resisted|p1a: Whimsicott
|-damage|p1a: Whimsicott|0 fnt
|faint|p1a: Whimsicott
|
|-weather|none
|-heal|p1b: Gholdengo|81/100|[from] item: Leftovers
|-damage|p2b: Dondozo|8/100 psn|[from] psn
|upkeep
|
|t:|1757715098
|switch|p1a: Garchomp|Garchomp, L50, F|60/100
|turn|6
|inactive|executive pole has 30 seconds left.
|
|t:|1757715125
|move|p1a: Garchomp|Dragon Claw|p2a: Kingambit
|-damage|p2a: Kingambit|33/100
|-damage|p1a: Garchomp|50/100|[from] item: Life Orb
|move|p1b: Gholdengo|Shadow Ball|p2a: Kingambit
|-damage|p2a: Kingambit|14/100
|move|p2a: Kingambit|Tera Blast|p1a: Garchomp|[anim] Tera Blast Flying
|-damage|p1a: Garchomp|2/100
|move|p2b: Dondozo|Liquidation|p1b: Gholdengo
|-damage|p1b: Gholdengo|49/100
|
|-heal|p1b: Gholdengo|55/100|[from] item: Leftovers
|-damage|p2b: Dondozo|0 fnt|[from] psn
|faint|p2b: Dondozo
|-sideend|p2: bonomia|move: Aurora Veil
|upkeep
|
|t:|1757715137
|switch|p2b: Dragonite|Dragonite, L50, F|100/100
|turn|7
|
|t:|1757715154
|-terastallize|p1b: Gholdengo|Steel
|move|p1a: Garchomp|Dragon Claw|p2b: Dragonite
|-supereffective|p2b: Dragonite
|-damage|p2b: Dragonite|44/100
|-damage|p1a: Garchomp|0 fnt|[from] item: Life Orb
|faint|p1a: Garchomp
|move|p1b: Gholdengo|Make It Rain|p2b: Dragonite|[spread] p2a,p2b
|-damage|p2a: Kingambit|0 fnt
|-damage|p2b: Dragonite|0 fnt
|-unboost|p1b: Gholdengo|spa|1
|faint|p2a: Kingambit
|faint|p2b: Dragonite
|
|win|executive pole
||bonomia is ready for game 2.
|inactive|executive pole has 30 seconds to confirm battle start!
