|j|☆elitetweet
|j|☆Latario
|html|elitetweetLatario    
|uhtml|bestof|Game 2 of a best-of-3
|t:|1785176921
|gametype|doubles
|player|p1|elitetweet|korrina|1169
|player|p2|Latario|170|1293
|gen|9
|tier|[Gen 9 Champions] VGC 2026 Reg M-B (Bo3)
|rated|
|rule|Species Clause: Limit one of each Pokémon
|rule|Item Clause: Limit 1 of each item
|clearpoke
|poke|p1|Gallade, L50, M|
|poke|p1|Kingambit, L50, M|
|poke|p1|Aerodactyl, L50, M|
|poke|p1|Sylveon, L50, M|
|poke|p1|Slowking-Galar, L50, F|
|poke|p1|Weavile, L50, F|
|poke|p2|Sneasler, L50, M|
|poke|p2|Garchomp, L50, F|
|poke|p2|Kingambit, L50, M|
|poke|p2|Blastoise, L50, F|
|poke|p2|Incineroar, L50, F|
|poke|p2|Sinistcha, L50|
|teampreview|4
|showteam|p1|Gallade||Galladite|Steadfast|CloseCombat,KnockOff,Protect,PsychoCut|Jolly||M|||50|]Kingambit||BlackGlasses|Defiant|KowtowCleave,SuckerPunch,IronHead,Protect|Adamant||M|||50|]Aerodactyl||Aerodactylite|Unnerve|RockSlide,DualWingbeat,Tailwind,WideGuard|Jolly||M|||50|]Sylveon||FairyFeather|Pixilate|HyperVoice,Moonblast,QuickAttack,Detect|Quiet||M|||50|]Slowking-Galar||ColburBerry|Regenerator|SludgeBomb,Flamethrower,ChillyReception,TrickRoom|Quiet||F|||50|]Weavile||FocusSash|Pickpocket|FakeOut,IcicleCrash,KnockOff,LowKick|Jolly||F|||50|
|showteam|p2|Sneasler||FocusSash|Unburden|FakeOut,CloseCombat,PoisonJab,Coaching|Jolly||M|||50|]Garchomp||Garchompite|SandVeil|DragonClaw,RockTomb,StompingTantrum,Protect|Adamant||F|||50|]Kingambit||LifeOrb|Defiant|SuckerPunch,KowtowCleave,IronHead,Protect|Adamant||M|||50|]Blastoise||Blastoisinite|Torrent|WaterSpout,DragonPulse,ShellSmash,Protect|Modest||F|||50|]Incineroar||SitrusBerry|Intimidate|FakeOut,PartingShot,DarkestLariat,FlareBlitz|Impish||F|||50|]Sinistcha||KasibBerry|Hospitality|MatchaGotcha,RagePowder,LifeDew,Protect|Bold|||||50|
|inactive|Battle timer is ON: inactive players will automatically lose when time's up. (requested by elitetweet)
|
|t:|1785176940
|teamsize|p1|4
|teamsize|p2|4
|start
|switch|p1a: Gallade|Gallade, L50, M|100/100
|switch|p1b: Sylveon|Sylveon, L50, M|100/100
|switch|p2a: Blastoise|Blastoise, L50, F|100/100
|switch|p2b: Sinistcha|Sinistcha, L50|100/100
|turn|1
|
|t:|1785176948
|detailschange|p1a: Gallade|Gallade-Mega, L50, M
|-mega|p1a: Gallade|Gallade|Galladite
|detailschange|p2a: Blastoise|Blastoise-Mega, L50, F
|-mega|p2a: Blastoise|Blastoise|Blastoisinite
|move|p1a: Gallade|Knock Off|p2b: Sinistcha
|-supereffective|p2b: Sinistcha|1
|-damage|p2b: Sinistcha|31/100
|-enditem|p2b: Sinistcha|Kasib Berry|[from] move: Knock Off|[of] p1a: Gallade
|move|p2a: Blastoise|Water Spout|p1b: Sylveon|[spread] p1a,p1b
|-damage|p1a: Gallade|31/100
|-damage|p1b: Sylveon|53/100
|move|p2b: Sinistcha|Matcha Gotcha|p1b: Sylveon|[spread] p1a,p1b
|-damage|p1a: Gallade|6/100
|-heal|p2b: Sinistcha|42/100|[from] drain|[of] p1a: Gallade
|-damage|p1b: Sylveon|36/100
|-heal|p2b: Sinistcha|51/100|[from] drain|[of] p1b: Sylveon
|move|p1b: Sylveon|Hyper Voice|p2b: Sinistcha|[spread] p2a,p2b
|-damage|p2a: Blastoise|49/100
|-damage|p2b: Sinistcha|1/100
|
|upkeep
|turn|2
|
|t:|1785176971
|move|p2b: Sinistcha|Rage Powder|p2b: Sinistcha
|-singleturn|p2b: Sinistcha|move: Rage Powder
|move|p1b: Sylveon|Quick Attack|p2b: Sinistcha
|-damage|p2b: Sinistcha|0 fnt
|faint|p2b: Sinistcha
|move|p1a: Gallade|Close Combat|p2a: Blastoise
|-damage|p2a: Blastoise|0 fnt
|-unboost|p1a: Gallade|def|1
|-unboost|p1a: Gallade|spd|1
|faint|p2a: Blastoise
|
|upkeep
|
|t:|1785176977
|switch|p2a: Incineroar|Incineroar, L50, F|100/100
|switch|p2b: Sneasler|Sneasler, L50, M|100/100
|-ability|p2a: Incineroar|Intimidate|boost
|-fail|p1a: Gallade|unboost|Attack|[from] ability: Inner Focus|[of] p1a: Gallade
|-unboost|p1b: Sylveon|atk|1
|turn|3
|
|t:|1785176996
|switch|p1a: Slowking|Slowking-Galar, L50, F|100/100
|move|p1b: Sylveon|Detect|p1b: Sylveon
|-singleturn|p1b: Sylveon|Protect
|move|p2a: Incineroar|Fake Out|p1a: Slowking
|-damage|p1a: Slowking|89/100
|move|p2b: Sneasler|Poison Jab|p1b: Sylveon
|-activate|p1b: Sylveon|move: Protect
|
|upkeep
|turn|4
|j| tedidn
|
|t:|1785177018
|move|p2b: Sneasler|Poison Jab|p1b: Sylveon
|-supereffective|p1b: Sylveon|1
|-damage|p1b: Sylveon|0 fnt
|faint|p1b: Sylveon
|move|p2a: Incineroar|Darkest Lariat|p1a: Slowking
|-supereffective|p1a: Slowking|1
|-enditem|p1a: Slowking|Colbur Berry|[eat]
|-enditem|p1a: Slowking|Colbur Berry|[weaken]
|-damage|p1a: Slowking|56/100
|-prepare|p1a: Slowking|Chilly Reception|[premajor]
|move|p1a: Slowking|Chilly Reception|p1a: Slowking
|-weather|Snowscape
|
|t:|1785177022
|-heal|p1a: Slowking|89/100|[from] ability: Regenerator|[silent]
|switch|p1a: Weavile|Weavile, L50, F|100/100|[from] Chilly Reception
|
|-weather|Snowscape|[upkeep]
|upkeep
|
|t:|1785177024
|switch|p1b: Gallade|Gallade-Mega, L50, M|6/100
|turn|5
|
|t:|1785177032
|move|p1a: Weavile|Fake Out|p2b: Sneasler
|-damage|p2b: Sneasler|77/100
|cant|p2b: Sneasler|flinch
|move|p1b: Gallade|Close Combat|p2a: Incineroar
|-supereffective|p2a: Incineroar|1
|-damage|p2a: Incineroar|0 fnt
|-unboost|p1b: Gallade|def|1
|-unboost|p1b: Gallade|spd|1
|faint|p2a: Incineroar
|
|-weather|Snowscape|[upkeep]
|upkeep
|turn|6
|-message|Latario forfeited.
|
|win|elitetweet
|raw|elitetweet's rating: 1169 → 1203(+34 for winning)
|raw|Latario's rating: 1293 → 1259(-34 for losing)
