|j|☆Malembro
|j|☆mikewwm8
|html|Malembromikewwm8    
|uhtml|bestof|Game 2 of a best-of-3
|t:|1783602434
|gametype|doubles
|player|p1|Malembro|1|
|player|p2|mikewwm8|266|
|gen|9
|tier|[Gen 9 Champions] VGC 2026 Reg M-B (Bo3)
|rule|Species Clause: Limit one of each Pokémon
|rule|Item Clause: Limit 1 of each item
|clearpoke
|poke|p1|Aerodactyl, L50, F|
|poke|p1|Kingambit, L50, F|
|poke|p1|Sylveon, L50, F|
|poke|p1|Garchomp, L50, F|
|poke|p1|Charizard, L50, F|
|poke|p1|Incineroar, L50, F|
|poke|p2|Tyranitar, L50, M|
|poke|p2|Excadrill, L50, F|
|poke|p2|Milotic, L50, F|
|poke|p2|Mawile, L50, M|
|poke|p2|Sneasler, L50, F|
|poke|p2|Sinistcha, L50|
|teampreview|4
|showteam|p1|Aerodactyl||Aerodactylite|Unnerve|RockSlide,IceFang,Tailwind,WideGuard|Jolly||F|||50|]Kingambit||FocusSash|Defiant|KowtowCleave,SuckerPunch,IronHead,Protect|Adamant||F|||50|]Sylveon||FairyFeather|Pixilate|HyperVoice,HyperBeam,QuickAttack,Detect|Modest||F|||50|]Garchomp||LifeOrb|RoughSkin|Earthquake,DragonClaw,StompingTantrum,Protect|Jolly||F|||50|]Charizard||CharizarditeY|Blaze|HeatWave,WeatherBall,SolarBeam,Protect|Modest||F|||50|]Incineroar||SitrusBerry|Intimidate|DarkestLariat,FlareBlitz,FakeOut,PartingShot|Impish||F|||50|
|showteam|p2|Tyranitar||Tyranitarite|SandStream|RockSlide,KnockOff,IcePunch,Protect|Adamant||M|||50|]Excadrill||FocusSash|SandRush|HighHorsepower,IronHead,RockSlide,Protect|Adamant||F|||50|]Milotic||Leftovers|Competitive|Scald,IcyWind,Recover,Protect|Modest||F|||50|]Mawile||Mawilite|HyperCutter|PlayRough,SuckerPunch,SwordsDance,Protect|Adamant||M|||50|]Sneasler||WhiteHerb|Unburden|CloseCombat,DireClaw,FakeOut,Protect|Adamant||F|||50|]Sinistcha||CobaBerry|Hospitality|MatchaGotcha,RagePowder,TrickRoom,Protect|Bold|||||50|
|inactive|Battle timer is ON: inactive players will automatically lose when time's up. (requested by mikewwm8)
|
|t:|1783602518
|teamsize|p1|4
|teamsize|p2|4
|start
|switch|p1a: Aerodactyl|Aerodactyl, L50, F|100/100
|switch|p1b: Charizard|Charizard, L50, F|100/100
|switch|p2a: Excadrill|Excadrill, L50, F|100/100
|switch|p2b: Sneasler|Sneasler, L50, F|100/100
|-ability|p1a: Aerodactyl|Unnerve
|turn|1
|inactive|Malembro has 30 seconds left.
|
|t:|1783602551
|switch|p1a: Garchomp|Garchomp, L50, F|100/100
|move|p1b: Charizard|Protect|p1b: Charizard
|-singleturn|p1b: Charizard|Protect
|move|p2b: Sneasler|Fake Out|p1b: Charizard
|-activate|p1b: Charizard|move: Protect
|move|p2a: Excadrill|Iron Head|p1a: Garchomp
|-damage|p1a: Garchomp|47/100
|-damage|p2a: Excadrill|87/100|[from] ability: Rough Skin|[of] p1a: Garchomp
|
|upkeep
|turn|2
|
|t:|1783602570
|detailschange|p1b: Charizard|Charizard-Mega-Y, L50, F
|-mega|p1b: Charizard|Charizard|Charizardite Y
|-weather|SunnyDay|[from] ability: Drought|[of] p1b: Charizard
|move|p2b: Sneasler|Protect|p2b: Sneasler
|-singleturn|p2b: Sneasler|Protect
|move|p2a: Excadrill|Protect|p2a: Excadrill
|-singleturn|p2a: Excadrill|Protect
|move|p1a: Garchomp|Earthquake|p2b: Sneasler|[spread] 
|-activate|p2a: Excadrill|move: Protect
|-activate|p2b: Sneasler|move: Protect
|-immune|p1b: Charizard
|move|p1b: Charizard|Heat Wave|p2b: Sneasler|[spread] 
|-activate|p2a: Excadrill|move: Protect
|-activate|p2b: Sneasler|move: Protect
|
|-weather|SunnyDay|[upkeep]
|upkeep
|turn|3
|inactive|mikewwm8 has 30 seconds left.
|
|t:|1783602599
|switch|p2b: Tyranitar|Tyranitar, L50, M|100/100
|-weather|Sandstorm|[from] ability: Sand Stream|[of] p2b: Tyranitar
|switch|p1b: Kingambit|Kingambit, L50, F|100/100
|move|p2a: Excadrill|Iron Head|p1a: Garchomp
|-damage|p1a: Garchomp|1/100
|-damage|p2a: Excadrill|75/100|[from] ability: Rough Skin|[of] p1a: Garchomp
|move|p1a: Garchomp|Earthquake|p2a: Excadrill|[spread] p1b,p2a,p2b
|-supereffective|p1b: Kingambit|1
|-supereffective|p2a: Excadrill|1
|-crit|p2a: Excadrill
|-supereffective|p2b: Tyranitar|1
|-damage|p1b: Kingambit|21/100
|-damage|p2a: Excadrill|0 fnt
|-damage|p2b: Tyranitar|12/100
|faint|p2a: Excadrill
|-damage|p1a: Garchomp|0 fnt|[from] item: Life Orb
|faint|p1a: Garchomp
|
|-weather|Sandstorm|[upkeep]
|upkeep
|
|t:|1783602616
|switch|p1a: Charizard|Charizard-Mega-Y, L50, F|100/100
|switch|p2a: Sneasler|Sneasler, L50, F|100/100
|-weather|SunnyDay|[from] ability: Drought|[of] p1a: Charizard
|turn|4
|
|t:|1783602630
|detailschange|p2b: Tyranitar|Tyranitar-Mega, L50, M
|-mega|p2b: Tyranitar|Tyranitar|Tyranitarite
|-weather|Sandstorm|[from] ability: Sand Stream|[of] p2b: Tyranitar
|move|p1a: Charizard|Protect|p1a: Charizard
|-singleturn|p1a: Charizard|Protect
|move|p1b: Kingambit|Protect|p1b: Kingambit
|-singleturn|p1b: Kingambit|Protect
|move|p2a: Sneasler|Fake Out|p1b: Kingambit
|-activate|p1b: Kingambit|move: Protect
|move|p2b: Tyranitar|Rock Slide|p1a: Charizard|[spread] 
|-activate|p1a: Charizard|move: Protect
|-activate|p1b: Kingambit|move: Protect
|
|-weather|Sandstorm|[upkeep]
|-damage|p2a: Sneasler|94/100|[from] Sandstorm
|-damage|p1a: Charizard|93/100|[from] Sandstorm
|upkeep
|turn|5
|
|t:|1783602649
|switch|p1a: Aerodactyl|Aerodactyl, L50, F|100/100
|-ability|p1a: Aerodactyl|Unnerve
|move|p2b: Tyranitar|Protect|p2b: Tyranitar
|-singleturn|p2b: Tyranitar|Protect
|move|p1b: Kingambit|Sucker Punch|p2a: Sneasler
|-resisted|p2a: Sneasler|1
|-damage|p2a: Sneasler|71/100
|move|p2a: Sneasler|Close Combat|p1b: Kingambit
|-supereffective|p1b: Kingambit|2
|-damage|p1b: Kingambit|0 fnt
|-unboost|p2a: Sneasler|def|1
|-unboost|p2a: Sneasler|spd|1
|faint|p1b: Kingambit
|-enditem|p2a: Sneasler|White Herb
|-clearnegativeboost|p2a: Sneasler|[silent]
|
|-weather|Sandstorm|[upkeep]
|-damage|p2a: Sneasler|65/100|[from] Sandstorm
|upkeep
|
|t:|1783602665
|switch|p1b: Charizard|Charizard-Mega-Y, L50, F|93/100
|-weather|SunnyDay|[from] ability: Drought|[of] p1b: Charizard
|turn|6
|
|t:|1783602676
|switch|p2b: Milotic|Milotic, L50, F|100/100
|move|p1a: Aerodactyl|Wide Guard|p1a: Aerodactyl
|-singleturn|p1a: Aerodactyl|Wide Guard
|move|p2a: Sneasler|Close Combat|p1a: Aerodactyl
|-damage|p1a: Aerodactyl|33/100
|-unboost|p2a: Sneasler|def|1
|-unboost|p2a: Sneasler|spd|1
|move|p1b: Charizard|Heat Wave|p2a: Sneasler|[spread] p2a,p2b
|-resisted|p2b: Milotic|1
|-damage|p2a: Sneasler|0 fnt
|-damage|p2b: Milotic|77/100
|faint|p2a: Sneasler
|
|-weather|SunnyDay|[upkeep]
|-heal|p2b: Milotic|83/100|[from] item: Leftovers
|upkeep
|
|t:|1783602689
|switch|p2a: Tyranitar|Tyranitar-Mega, L50, M|12/100
|-weather|Sandstorm|[from] ability: Sand Stream|[of] p2a: Tyranitar
|turn|7
|
|t:|1783602706
|move|p2a: Tyranitar|Protect|p2a: Tyranitar
|-singleturn|p2a: Tyranitar|Protect
|move|p1a: Aerodactyl|Ice Fang|p2a: Tyranitar
|-activate|p2a: Tyranitar|move: Protect
|move|p1b: Charizard|Weather Ball|p2b: Milotic
|-damage|p2b: Milotic|51/100
|move|p2b: Milotic|Scald|p1a: Aerodactyl
|-supereffective|p1a: Aerodactyl|1
|-damage|p1a: Aerodactyl|0 fnt
|faint|p1a: Aerodactyl
|
|-weather|Sandstorm|[upkeep]
|-damage|p1b: Charizard|87/100|[from] Sandstorm
|-damage|p2b: Milotic|45/100|[from] Sandstorm
|-heal|p2b: Milotic|51/100|[from] item: Leftovers
|upkeep
|turn|8
|
|t:|1783602721
|move|p1b: Charizard|Heat Wave|p2a: Tyranitar|[spread] p2a,p2b
|-resisted|p2a: Tyranitar|1
|-resisted|p2b: Milotic|1
|-damage|p2a: Tyranitar|2/100
|-damage|p2b: Milotic|36/100
|-status|p2b: Milotic|brn
|move|p2a: Tyranitar|Rock Slide|p1b: Charizard
|-supereffective|p1b: Charizard|2
|-damage|p1b: Charizard|0 fnt
|faint|p1b: Charizard
|
|win|mikewwm8
|c|☆Malembro|gg
|c|☆mikewwm8|gg
