|j|☆dont make me walk
|j|☆Mamoswinefanboi
|html|dont make me walkMamoswinefanboi    
|uhtml|bestof|Game 2 of a best-of-3
|t:|1757060212
|gametype|doubles
|player|p1|dont make me walk|red-masters3|1389
|player|p2|Mamoswinefanboi|265|1475
|gen|9
|tier|[Gen 9] VGC 2025 Reg H (Bo3)
|rated|
|rule|Species Clause: Limit one of each Pokémon
|rule|Item Clause: Limit 1 of each item
|clearpoke
|poke|p1|Ursaluna-Bloodmoon, L50, M|
|poke|p1|Indeedee, L50, M|
|poke|p1|Sneasler, L50, F|
|poke|p1|Incineroar, L50, F|
|poke|p1|Talonflame, L50, F|
|poke|p1|Garchomp, L50, F|
|poke|p2|Rillaboom, L50, M|
|poke|p2|Kingambit, L50, F|
|poke|p2|Annihilape, L50, F|
|poke|p2|Dondozo, L50, F|
|poke|p2|Baxcalibur, L50, M|
|poke|p2|Gholdengo, L50|
|teampreview|4
|showteam|p1|Ursaluna-Bloodmoon||LifeOrb|MindsEye|Protect,EarthPower,HyperVoice,BloodMoon|||M|||50|,,,,,Normal]Indeedee||FocusSash|PsychicSurge|ExpandingForce,Protect,TrickRoom,Imprison|||M|||50|,,,,,Psychic]Sneasler||PsychicSeed|Unburden|DireClaw,CloseCombat,ThroatChop,Protect|||F|||50|,,,,,Dark]Incineroar||SafetyGoggles|Intimidate|FakeOut,KnockOff,FlareBlitz,PartingShot|||F|||50|,,,,,Ghost]Talonflame||CovertCloak|GaleWings|FlareBlitz,DualWingbeat,WillOWisp,Tailwind|||F|||50|,,,,,Fairy]Garchomp||ClearAmulet|RoughSkin|Earthquake,StompingTantrum,DragonClaw,Protect|||F|||50|,,,,,Fairy
|showteam|p2|Rillaboom||AssaultVest|GrassySurge|WoodHammer,GrassyGlide,HighHorsepower,FakeOut|||M|||50|,,,,,Fire]Kingambit||SafetyGoggles|Defiant|KowtowCleave,SuckerPunch,SwordsDance,Protect|||F|||50|,,,,,Fire]Annihilape||FocusSash|Defiant|CloseCombat,RageFist,Coaching,FinalGambit|||F|||50|,,,,,Fairy]Dondozo||Leftovers|Unaware|Protect,WaveCrash,Fissure,Yawn|||F|||50|,,,,,Bug]Baxcalibur||LoadedDice|ThermalExchange|ScaleShot,IcicleSpear,IceShard,Protect|||M|||50|,,,,,Ghost]Gholdengo||ChoiceScarf|GoodasGold|MakeItRain,ShadowBall,SteelBeam,Trick||||||50|,,,,,Steel
|inactive|Battle timer is ON: inactive players will automatically lose when time's up. (requested by dont make me walk)
|
|t:|1757060226
|teamsize|p1|4
|teamsize|p2|4
|start
|switch|p1a: Talonflame|Talonflame, L50, F|100/100
|switch|p1b: Ursaluna|Ursaluna-Bloodmoon, L50, M|100/100
|switch|p2a: Baxcalibur|Baxcalibur, L50, M|100/100
|switch|p2b: Kingambit|Kingambit, L50, F|100/100
|turn|1
|
|t:|1757060241
|-terastallize|p1b: Ursaluna|Normal
|move|p2a: Baxcalibur|Protect|p2a: Baxcalibur
|-singleturn|p2a: Baxcalibur|Protect
|move|p1a: Talonflame|Tailwind|p1a: Talonflame
|-sidestart|p1: dont make me walk|move: Tailwind
|move|p1b: Ursaluna|Blood Moon|p2a: Baxcalibur
|-activate|p2a: Baxcalibur|move: Protect
|move|p2b: Kingambit|Kowtow Cleave|p1b: Ursaluna
|-damage|p1b: Ursaluna|62/100
|
|upkeep
|turn|2
|inactive|dont make me walk has 30 seconds left.
|inactive|dont make me walk has 20 seconds left.
|
|t:|1757060278
|move|p1a: Talonflame|Dual Wingbeat|p2a: Baxcalibur
|-damage|p2a: Baxcalibur|88/100
|-damage|p2a: Baxcalibur|76/100
|-hitcount|p2a: Baxcalibur|2
|move|p1b: Ursaluna|Earth Power|p2b: Kingambit
|-supereffective|p2b: Kingambit
|-damage|p2b: Kingambit|0 fnt
|faint|p2b: Kingambit
|-damage|p1b: Ursaluna|52/100|[from] item: Life Orb
|move|p2a: Baxcalibur|Scale Shot|p1a: Talonflame|[miss]
|-miss|p2a: Baxcalibur|p1a: Talonflame
|
|upkeep
|
|t:|1757060293
|switch|p2b: Gholdengo|Gholdengo, L50|100/100
|turn|3
|
|t:|1757060301
|move|p1b: Ursaluna|Protect|p1b: Ursaluna
|-singleturn|p1b: Ursaluna|Protect
|move|p1a: Talonflame|Flare Blitz|p2b: Gholdengo
|-supereffective|p2b: Gholdengo
|-damage|p2b: Gholdengo|18/100
|-damage|p1a: Talonflame|76/100|[from] Recoil
|move|p2b: Gholdengo|Make It Rain|p1b: Ursaluna|[spread] p1a
|-activate|p1b: Ursaluna|move: Protect
|-resisted|p1a: Talonflame
|-damage|p1a: Talonflame|44/100
|-unboost|p2b: Gholdengo|spa|1
|move|p2a: Baxcalibur|Scale Shot|p1a: Talonflame
|-damage|p1a: Talonflame|28/100
|-damage|p1a: Talonflame|13/100
|-damage|p1a: Talonflame|0 fnt
|faint|p1a: Talonflame
|-hitcount|p1: Talonflame|3
|-unboost|p2a: Baxcalibur|def|1
|-boost|p2a: Baxcalibur|spe|1
|
|upkeep
|
|t:|1757060308
|switch|p1a: Sneasler|Sneasler, L50, F|100/100
|turn|4
|
|t:|1757060330
|move|p1a: Sneasler|Protect|p1a: Sneasler
|-singleturn|p1a: Sneasler|Protect
|move|p2a: Baxcalibur|Icicle Spear|p1b: Ursaluna
|-crit|p1b: Ursaluna
|-damage|p1b: Ursaluna|34/100
|-damage|p1b: Ursaluna|21/100
|-damage|p1b: Ursaluna|8/100
|-damage|p1b: Ursaluna|0 fnt
|faint|p1b: Ursaluna
|-hitcount|p1: Ursaluna|4
|move|p2b: Gholdengo|Make It Rain|p1a: Sneasler
|-activate|p1a: Sneasler|move: Protect
|
|-sideend|p1: dont make me walk|move: Tailwind
|upkeep
|
|t:|1757060334
|switch|p1b: Indeedee|Indeedee, L50, M|100/100
|-fieldstart|move: Psychic Terrain|[from] ability: Psychic Surge|[of] p1b: Indeedee
|-enditem|p1a: Sneasler|Psychic Seed
|-boost|p1a: Sneasler|spd|1|[from] item: Psychic Seed
|turn|5
|
|t:|1757060355
|move|p2a: Baxcalibur|Protect|p2a: Baxcalibur
|-singleturn|p2a: Baxcalibur|Protect
|move|p1a: Sneasler|Throat Chop|p2a: Baxcalibur
|-activate|p2a: Baxcalibur|move: Protect
|move|p2b: Gholdengo|Make It Rain|p1a: Sneasler|[spread] p1a,p1b
|-damage|p1a: Sneasler|66/100
|-damage|p1b: Indeedee|56/100
|-unboost|p2b: Gholdengo|spa|1
|move|p1b: Indeedee|Expanding Force|p2b: Gholdengo|[spread] p2b
|-activate|p2a: Baxcalibur|move: Protect
|-resisted|p2b: Gholdengo
|-damage|p2b: Gholdengo|0 fnt
|faint|p2b: Gholdengo
|
|upkeep
|
|t:|1757060363
|switch|p2b: Rillaboom|Rillaboom, L50, M|100/100
|-fieldstart|move: Grassy Terrain|[from] ability: Grassy Surge|[of] p2b: Rillaboom
|turn|6
|
|t:|1757060375
|move|p1a: Sneasler|Protect|p1a: Sneasler
|-singleturn|p1a: Sneasler|Protect
|move|p1b: Indeedee|Protect|p1b: Indeedee
|-singleturn|p1b: Indeedee|Protect
|move|p2a: Baxcalibur|Icicle Spear|p1a: Sneasler
|-activate|p1a: Sneasler|move: Protect
|move|p2b: Rillaboom|Wood Hammer|p1b: Indeedee
|-activate|p1b: Indeedee|move: Protect
|
|-heal|p1a: Sneasler|71/100|[from] Grassy Terrain
|-heal|p2a: Baxcalibur|82/100|[from] Grassy Terrain
|-heal|p1b: Indeedee|62/100|[from] Grassy Terrain
|upkeep
|turn|7
|
|t:|1757060385
|-terastallize|p2b: Rillaboom|Fire
|move|p2a: Baxcalibur|Protect|p2a: Baxcalibur
|-singleturn|p2a: Baxcalibur|Protect
|move|p1a: Sneasler|Dire Claw|p2b: Rillaboom
|-damage|p2b: Rillaboom|62/100
|-status|p2b: Rillaboom|par
|move|p1b: Indeedee|Expanding Force|p2a: Baxcalibur
|-activate|p2a: Baxcalibur|move: Protect
|move|p2b: Rillaboom|High Horsepower|p1a: Sneasler
|-supereffective|p1a: Sneasler
|-damage|p1a: Sneasler|0 fnt
|faint|p1a: Sneasler
|
|-heal|p2a: Baxcalibur|88/100|[from] Grassy Terrain
|-heal|p1b: Indeedee|67/100|[from] Grassy Terrain
|-heal|p2b: Rillaboom|68/100 par|[from] Grassy Terrain
|upkeep
|turn|8
|-message|dont make me walk forfeited.
|
|win|Mamoswinefanboi
||dont make me walk is ready for game 3.
||Mamoswinefanboi is ready for game 3.
|uhtml|next|Next: Game 3 of 3
