|j|☆GS Barnabe
|j|☆TheLeoj
|html|GS BarnabeTheLeoj    
|uhtml|bestof|Game 2 of a best-of-3
|t:|1783986205
|gametype|doubles
|player|p1|GS Barnabe|barry|
|player|p2|TheLeoj|1|
|gen|9
|tier|[Gen 9 Champions] VGC 2026 Reg M-B (Bo3)
|rule|Species Clause: Limit one of each Pokémon
|rule|Item Clause: Limit 1 of each item
|clearpoke
|poke|p1|Aerodactyl, L50, M|
|poke|p1|Floette-Eternal, L50, F|
|poke|p1|Tyranitar, L50, F|
|poke|p1|Houndstone, L50, M|
|poke|p1|Decidueye-Hisui, L50, F|
|poke|p1|Metagross, L50|
|poke|p2|Politoed, L50, F, shiny|
|poke|p2|Incineroar, L50, F, shiny|
|poke|p2|Gengar, L50, F, shiny|
|poke|p2|Archaludon, L50, M, shiny|
|poke|p2|Swampert, L50, M, shiny|
|poke|p2|Vivillon-Elegant, L50, F, shiny|
|teampreview|4
|showteam|p1|Aerodactyl||FocusSash|Unnerve|RockSlide,Tailwind,WideGuard,Protect|Jolly||M|||50|]Floette-Eternal||Floettite|FlowerVeil|LightofRuin,DazzlingGleam,Moonblast,Protect|Modest||F|||50|]Tyranitar||ChoiceScarf|SandStream|RockSlide,KnockOff,IcePunch,LowKick|Jolly||F|||50|]Houndstone||SitrusBerry|SandRush|LastRespects,WillOWisp,AllySwitch,Protect|Adamant||M|||50|]Decidueye-Hisui||ScopeLens|Scrappy|LeafBlade,TripleArrows,SuckerPunch,Protect|Adamant||F|||50|]Metagross||Metagrossite|ClearBody|IronHead,PsychicFangs,BodyPress,Protect|Adamant|||||50|
|showteam|p2|Politoed||SitrusBerry|Drizzle|WeatherBall,Encore,PerishSong,Protect|Calm||F|||50|]Incineroar||PasshoBerry|Intimidate|ThroatChop,FakeOut,PartingShot,Protect|Sassy||F|||50|]Gengar||Gengarite|CursedBody|ShadowBall,SludgeBomb,PerishSong,Protect|Timid||F|||50|]Archaludon||Leftovers|Stamina|ElectroShot,FlashCannon,DragonPulse,Protect|Bold||M|||50|]Swampert||Swampertite|Torrent|WaveCrash,Earthquake,IcePunch,Protect|Adamant||M|||50|]Vivillon-Elegant||FocusSash|CompoundEyes|Hurricane,SleepPowder,RagePowder,Protect|Timid||F|||50|
|inactive|Battle timer is ON: inactive players will automatically lose when time's up. (requested by TheLeoj)
|inactive|GS Barnabe has 60 seconds left.
|inactive|TheLeoj has 60 seconds left.
|
|t:|1783986237
|teamsize|p1|4
|teamsize|p2|4
|start
|switch|p1a: Aerodactyl|Aerodactyl, L50, M|100/100
|switch|p1b: Metagross|Metagross, L50|100/100
|switch|p2a: Gengar|Gengar, L50, F, shiny|100/100
|switch|p2b: Vivillon|Vivillon-Elegant, L50, F, shiny|100/100
|-ability|p1a: Aerodactyl|Unnerve
|turn|1
|
|t:|1783986249
|detailschange|p2a: Gengar|Gengar-Mega, L50, F, shiny
|-mega|p2a: Gengar|Gengar|Gengarite
|move|p1b: Metagross|Protect|p1b: Metagross
|-singleturn|p1b: Metagross|Protect
|move|p2a: Gengar|Shadow Ball|p1b: Metagross
|-activate|p1b: Metagross|move: Protect
|move|p1a: Aerodactyl|Tailwind|p1a: Aerodactyl
|-sidestart|p1: GS Barnabe|move: Tailwind
|move|p2b: Vivillon|Sleep Powder|p1a: Aerodactyl
|-status|p1a: Aerodactyl|slp|[from] move: Sleep Powder
|
|upkeep
|turn|2
|inactive|GS Barnabe has 30 seconds left.
|
|t:|1783986282
|detailschange|p1b: Metagross|Metagross-Mega, L50
|-mega|p1b: Metagross|Metagross|Metagrossite
|move|p2a: Gengar|Protect|p2a: Gengar
|-singleturn|p2a: Gengar|Protect
|cant|p1a: Aerodactyl|slp
|move|p1b: Metagross|Iron Head|p2b: Vivillon
|-enditem|p2b: Vivillon|Focus Sash
|-damage|p2b: Vivillon|1/100
|move|p2b: Vivillon|Sleep Powder|p1b: Metagross
|-status|p1b: Metagross|slp|[from] move: Sleep Powder
|
|upkeep
|turn|3
|inactive|GS Barnabe has 30 seconds left.
|
|t:|1783986312
|move|p2b: Vivillon|Protect|p2b: Vivillon
|-singleturn|p2b: Vivillon|Protect
|-curestatus|p1a: Aerodactyl|slp|[msg]
|move|p1a: Aerodactyl|Rock Slide|p2a: Gengar|[spread] 
|-activate|p2b: Vivillon|move: Protect
|-miss|p1a: Aerodactyl|p2a: Gengar
|cant|p1b: Metagross|slp
|move|p2a: Gengar|Shadow Ball|p1b: Metagross
|-supereffective|p1b: Metagross|1
|-damage|p1b: Metagross|0 fnt
|faint|p1b: Metagross
|
|upkeep
|
|t:|1783986327
|switch|p1b: Tyranitar|Tyranitar, L50, F|100/100
|-weather|Sandstorm|[from] ability: Sand Stream|[of] p1b: Tyranitar
|turn|4
|
|t:|1783986343
|switch|p2b: Politoed|Politoed, L50, F, shiny|100/100
|-weather|RainDance|[from] ability: Drizzle|[of] p2b: Politoed
|move|p2a: Gengar|Protect|p2a: Gengar
|-singleturn|p2a: Gengar|Protect
|move|p1a: Aerodactyl|Rock Slide|p2b: Politoed|[spread] p2b
|-activate|p2a: Gengar|move: Protect
|-damage|p2b: Politoed|78/100
|move|p1b: Tyranitar|Knock Off|p2a: Gengar
|-activate|p2a: Gengar|move: Protect
|
|-weather|RainDance|[upkeep]
|-sideend|p1: GS Barnabe|move: Tailwind
|upkeep
|turn|5
|inactive|GS Barnabe has 30 seconds left.
|inactive|TheLeoj has 30 seconds left.
|
|t:|1783986374
|switch|p2a: Archaludon|Archaludon, L50, M, shiny|100/100
|move|p1a: Aerodactyl|Tailwind|p1a: Aerodactyl
|-sidestart|p1: GS Barnabe|move: Tailwind
|move|p1b: Tyranitar|Knock Off|p2a: Archaludon
|-damage|p2a: Archaludon|67/100
|-ability|p2a: Archaludon|Stamina|boost
|-boost|p2a: Archaludon|def|1
|-enditem|p2a: Archaludon|Leftovers|[from] move: Knock Off|[of] p1b: Tyranitar
|move|p2b: Politoed|Weather Ball|p1a: Aerodactyl
|-supereffective|p1a: Aerodactyl|1
|-enditem|p1a: Aerodactyl|Focus Sash
|-damage|p1a: Aerodactyl|1/100
|
|-weather|RainDance|[upkeep]
|upkeep
|turn|6
|inactive|GS Barnabe has 30 seconds left.
|inactive|TheLeoj has 30 seconds left.
|
|t:|1783986401
|switch|p1b: Decidueye|Decidueye-Hisui, L50, F|100/100
|move|p1a: Aerodactyl|Rock Slide|p2a: Archaludon|[spread] p2a,p2b
|-resisted|p2a: Archaludon|1
|-damage|p2a: Archaludon|62/100
|-damage|p2b: Politoed|54/100
|-ability|p2a: Archaludon|Stamina|boost
|-boost|p2a: Archaludon|def|1
|move|p2a: Archaludon|Flash Cannon|p1b: Decidueye
|-damage|p1b: Decidueye|66/100
|move|p2b: Politoed|Weather Ball|p1b: Decidueye
|-resisted|p1b: Decidueye|1
|-damage|p1b: Decidueye|38/100
|
|-weather|RainDance|[upkeep]
|upkeep
|turn|7
|
|t:|1783986425
|move|p2b: Politoed|Protect|p2b: Politoed
|-singleturn|p2b: Politoed|Protect
|move|p1a: Aerodactyl|Rock Slide|p2a: Archaludon|[spread] p2a
|-activate|p2b: Politoed|move: Protect
|-resisted|p2a: Archaludon|1
|-damage|p2a: Archaludon|58/100
|-ability|p2a: Archaludon|Stamina|boost
|-boost|p2a: Archaludon|def|1
|move|p1b: Decidueye|Leaf Blade|p2b: Politoed
|-activate|p2b: Politoed|move: Protect
|move|p2a: Archaludon|Electro Shot||[still]
|-prepare|p2a: Archaludon|Electro Shot
|-boost|p2a: Archaludon|spa|1
|-anim|p2a: Archaludon|Electro Shot|p1b: Decidueye
|-resisted|p1b: Decidueye|1
|-damage|p1b: Decidueye|11/100
|
|-weather|RainDance|[upkeep]
|upkeep
|turn|8
|inactive|GS Barnabe has 30 seconds left.
|inactive|TheLeoj has 30 seconds left.
|inactive|GS Barnabe has 20 seconds left.
|inactive|TheLeoj has 20 seconds left.
|inactive|GS Barnabe has 15 seconds left.
|inactive|GS Barnabe has 10 seconds left.
|inactive|GS Barnabe has 5 seconds left.
|
|t:|1783986477
|switch|p1a: Tyranitar|Tyranitar, L50, F|100/100
|-weather|Sandstorm|[from] ability: Sand Stream|[of] p1a: Tyranitar
|move|p1b: Decidueye|Triple Arrows|p2a: Archaludon
|-supereffective|p2a: Archaludon|1
|-crit|p2a: Archaludon
|-damage|p2a: Archaludon|0 fnt
|faint|p2a: Archaludon
|move|p2b: Politoed|Weather Ball|p1a: Tyranitar
|-damage|p1a: Tyranitar|85/100
|
|-weather|Sandstorm|[upkeep]
|-damage|p1b: Decidueye|5/100|[from] Sandstorm
|-damage|p2b: Politoed|48/100|[from] Sandstorm
|-enditem|p2b: Politoed|Sitrus Berry|[eat]
|-heal|p2b: Politoed|73/100|[from] item: Sitrus Berry
|-sideend|p1: GS Barnabe|move: Tailwind
|upkeep
|inactive|TheLeoj has 30 seconds left.
|
|t:|1783986510
|switch|p2a: Gengar|Gengar-Mega, L50, F, shiny|100/100
|turn|9
|inactive|GS Barnabe has 30 seconds left.
|
|t:|1783986542
|switch|p2b: Vivillon|Vivillon-Elegant, L50, F, shiny|1/100
|move|p2a: Gengar|Protect|p2a: Gengar
|-singleturn|p2a: Gengar|Protect
|move|p1a: Tyranitar|Knock Off|p2b: Vivillon
|-damage|p2b: Vivillon|0 fnt
|faint|p2b: Vivillon
|move|p1b: Decidueye|Triple Arrows|p2a: Gengar
|-activate|p2a: Gengar|move: Protect
|
|-weather|Sandstorm|[upkeep]
|-damage|p2a: Gengar|94/100|[from] Sandstorm
|-damage|p1b: Decidueye|0 fnt|[from] Sandstorm
|faint|p1b: Decidueye
|upkeep
|
|t:|1783986560
|switch|p2b: Politoed|Politoed, L50, F, shiny|73/100
|switch|p1b: Aerodactyl|Aerodactyl, L50, M|1/100
|-ability|p1b: Aerodactyl|Unnerve
|-weather|RainDance|[from] ability: Drizzle|[of] p2b: Politoed
|turn|10
|inactive|GS Barnabe has 30 seconds left.
|
|t:|1783986586
|move|p1b: Aerodactyl|Tailwind|p1b: Aerodactyl
|-sidestart|p1: GS Barnabe|move: Tailwind
|move|p1a: Tyranitar|Knock Off|p2a: Gengar
|-supereffective|p2a: Gengar|1
|-damage|p2a: Gengar|0 fnt
|faint|p2a: Gengar
|move|p2b: Politoed|Weather Ball|p1a: Tyranitar
|-supereffective|p1a: Tyranitar|1
|-damage|p1a: Tyranitar|0 fnt
|faint|p1a: Tyranitar
|
|-weather|RainDance|[upkeep]
|upkeep
|turn|11
|
|t:|1783986610
|move|p1b: Aerodactyl|Rock Slide|p2b: Politoed
|-damage|p2b: Politoed|39/100
|cant|p2b: Politoed|flinch
|
|-weather|RainDance|[upkeep]
|upkeep
|turn|12
|
|t:|1783986622
|move|p1b: Aerodactyl|Rock Slide|p2b: Politoed
|-damage|p2b: Politoed|8/100
|cant|p2b: Politoed|flinch
|
|-weather|RainDance|[upkeep]
|upkeep
|turn|13
|
|t:|1783986632
|move|p1b: Aerodactyl|Rock Slide|p2b: Politoed
|-damage|p2b: Politoed|0 fnt
|faint|p2b: Politoed
|
|win|GS Barnabe
