|j|☆TestNumber4
|j|☆MrTedno
|html|TestNumber4MrTedno    
|uhtml|bestof|Game 1 of a best-of-3
|t:|1756895586
|gametype|doubles
|player|p1|TestNumber4|shadowtriad|1320
|player|p2|MrTedno|barry|1234
|gen|9
|tier|[Gen 9] VGC 2025 Reg H (Bo3)
|rated|
|rule|Species Clause: Limit one of each Pokémon
|rule|Item Clause: Limit 1 of each item
|clearpoke
|poke|p1|Incineroar, L50, F|
|poke|p1|Rillaboom, L50, M|
|poke|p1|Basculegion, L50, M|
|poke|p1|Tyranitar, L50, M|
|poke|p1|Volcarona, L50, M|
|poke|p1|Dragonite, L50, M|
|poke|p2|Ninetales-Alola, L50, M|
|poke|p2|Garchomp, L50, M|
|poke|p2|Dragonite, L50, M|
|poke|p2|Incineroar, L50, M|
|poke|p2|Gholdengo, L50|
|poke|p2|Farigiraf, L50, M|
|teampreview|4
|showteam|p1|Incineroar||SafetyGoggles|Intimidate|FakeOut,KnockOff,PartingShot,Taunt|||F|||50|,,,,,Ghost]Rillaboom||MiracleSeed|GrassySurge|FakeOut,GrassyGlide,WoodHammer,HighHorsepower|||M|||50|,,,,,Fire]Basculegion||ChoiceScarf|Adaptability|WaveCrash,FlipTurn,AquaJet,LastRespects|||M|||50|,,,,,Grass]Tyranitar||AssaultVest|SandStream|KnockOff,TeraBlast,LowKick,RockSlide|||M|||50|,,,,,Flying]Volcarona||Leftovers|FlameBody|HeatWave,TeraBlast,QuiverDance,Protect|||M|||50|,,,,,Fairy]Dragonite||LoadedDice|Multiscale|ScaleShot,Tailwind,Haze,Protect|||M|||50|,,,,,Fairy
|showteam|p2|Ninetales-Alola||FocusSash|SnowWarning|Encore,Blizzard,FreezeDry,Protect|||M|||50|,,,,,Ghost]Garchomp||ClearAmulet|RoughSkin|Earthquake,DragonClaw,StompingTantrum,Protect|||M|||50|,,,,,Ground]Dragonite||LumBerry|InnerFocus|TeraBlast,LowKick,ExtremeSpeed,Protect|||M|||50|,,,,,Flying]Incineroar||SafetyGoggles|Intimidate|FakeOut,PartingShot,FlareBlitz,KnockOff|||M|||50|,,,,,Ghost]Gholdengo||LifeOrb|GoodasGold|ShadowBall,MakeItRain,NastyPlot,Protect||||||50|,,,,,Flying]Farigiraf||SitrusBerry|ArmorTail|TrickRoom,Protect,TeraBlast,PsychicNoise|||M|||50|,,,,,Fighting
|inactive|Battle timer is ON: inactive players will automatically lose when time's up. (requested by MrTedno)
|c|☆MrTedno|glhf
|inactive|TestNumber4 has 60 seconds left.
|inactive|MrTedno has 60 seconds left.
|
|t:|1756895633
|teamsize|p1|4
|teamsize|p2|4
|start
|switch|p1a: Volcarona|Volcarona, L50, M|100/100
|switch|p1b: Basculegion|Basculegion, L50, M|100/100
|switch|p2a: Skipper|Gholdengo, L50|100/100
|switch|p2b: Julien|Incineroar, L50, M|100/100
|-ability|p2b: Julien|Intimidate|boost
|-unboost|p1a: Volcarona|atk|1
|-unboost|p1b: Basculegion|atk|1
|turn|1
|inactive|MrTedno has 30 seconds left.
|
|t:|1756895662
|switch|p2b: Gloria|Ninetales-Alola, L50, M|100/100
|-weather|Snowscape|[from] ability: Snow Warning|[of] p2b: Gloria
|move|p1b: Basculegion|Wave Crash|p2b: Gloria
|-damage|p2b: Gloria|48/100
|-damage|p1b: Basculegion|87/100|[from] Recoil
|move|p2a: Skipper|Nasty Plot|p2a: Skipper
|-boost|p2a: Skipper|spa|2
|move|p1a: Volcarona|Quiver Dance|p1a: Volcarona
|-boost|p1a: Volcarona|spa|1
|-boost|p1a: Volcarona|spd|1
|-boost|p1a: Volcarona|spe|1
|
|-weather|Snowscape|[upkeep]
|upkeep
|turn|2
|inactive|MrTedno has 30 seconds left.
|inactive|MrTedno has 20 seconds left.
|inactive|MrTedno has 15 seconds left.
|inactive|MrTedno has 10 seconds left.
|
|t:|1756895707
|switch|p2b: Julien|Incineroar, L50, M|100/100
|-ability|p2b: Julien|Intimidate|boost
|-unboost|p1a: Volcarona|atk|1
|-unboost|p1b: Basculegion|atk|1
|move|p2a: Skipper|Protect|p2a: Skipper
|-singleturn|p2a: Skipper|Protect
|move|p1a: Volcarona|Heat Wave|p2b: Julien|[spread] p2b
|-activate|p2a: Skipper|move: Protect
|-resisted|p2b: Julien
|-damage|p2b: Julien|79/100
|move|p1b: Basculegion|Wave Crash|p2a: Skipper
|-activate|p2a: Skipper|move: Protect
|
|-weather|Snowscape|[upkeep]
|upkeep
|turn|3
|inactive|MrTedno has 30 seconds left.
|
|t:|1756895739
|switch|p1b: Rillaboom|Rillaboom, L50, M|100/100
|-fieldstart|move: Grassy Terrain|[from] ability: Grassy Surge|[of] p1b: Rillaboom
|move|p1a: Volcarona|Protect|p1a: Volcarona
|-singleturn|p1a: Volcarona|Protect
|move|p2b: Julien|Fake Out|p1a: Volcarona
|-activate|p1a: Volcarona|move: Protect
|move|p2a: Skipper|Shadow Ball|p1b: Rillaboom
|-damage|p1b: Rillaboom|0 fnt
|faint|p1b: Rillaboom
|-damage|p2a: Skipper|91/100|[from] item: Life Orb
|
|-weather|Snowscape|[upkeep]
|-heal|p2a: Skipper|97/100|[from] Grassy Terrain
|-heal|p2b: Julien|85/100|[from] Grassy Terrain
|upkeep
|
|t:|1756895764
|switch|p1b: Basculegion|Basculegion, L50, M|87/100
|turn|4
|inactive|MrTedno has 30 seconds left.
|
|t:|1756895796
|switch|p2b: Gloria|Ninetales-Alola, L50, M|48/100
|move|p2a: Skipper|Protect|p2a: Skipper
|-singleturn|p2a: Skipper|Protect
|move|p1a: Volcarona|Heat Wave|p2b: Gloria|[spread] 
|-activate|p2a: Skipper|move: Protect
|-miss|p1a: Volcarona|p2b: Gloria
|move|p1b: Basculegion|Flip Turn|p2b: Gloria
|-damage|p2b: Gloria|5/100
|
|t:|1756895807
|switch|p1b: Tyranitar|Tyranitar, L50, M, shiny|100/100|[from] Flip Turn
|-weather|Sandstorm|[from] ability: Sand Stream|[of] p1b: Tyranitar
|
|-weather|Sandstorm|[upkeep]
|-damage|p1a: Volcarona|95/100|[from] Sandstorm
|-damage|p2b: Gloria|0 fnt|[from] Sandstorm
|faint|p2b: Gloria
|-heal|p1a: Volcarona|100/100|[from] Grassy Terrain
|-heal|p2a: Skipper|100/100|[from] Grassy Terrain
|upkeep
|inactive|MrTedno has 30 seconds left.
|inactive|MrTedno has 20 seconds left.
|inactive|MrTedno has 15 seconds left.
|inactive|MrTedno has 10 seconds left.
|inactive|MrTedno has 5 seconds left.
|
|t:|1756895857
|switch|p2b: Julien|Incineroar, L50, M|85/100
|-ability|p2b: Julien|Intimidate|boost
|-unboost|p1a: Volcarona|atk|1
|-unboost|p1b: Tyranitar|atk|1
|turn|5
|inactive|TestNumber4 has 30 seconds left.
|inactive|TestNumber4 has 20 seconds left.
|inactive|MrTedno has 30 seconds left.
|
|t:|1756895897
|move|p1a: Volcarona|Protect|p1a: Volcarona
|-singleturn|p1a: Volcarona|Protect
|move|p2a: Skipper|Make It Rain|p1b: Tyranitar|[spread] p1b
|-activate|p1a: Volcarona|move: Protect
|-supereffective|p1b: Tyranitar
|-damage|p1b: Tyranitar|6/100
|-unboost|p2a: Skipper|spa|1
|-damage|p2a: Skipper|91/100|[from] item: Life Orb
|move|p1b: Tyranitar|Knock Off|p2a: Skipper
|-supereffective|p2a: Skipper
|-damage|p2a: Skipper|17/100
|-enditem|p2a: Skipper|Life Orb|[from] move: Knock Off|[of] p1b: Tyranitar
|move|p2b: Julien|Parting Shot|p1b: Tyranitar
|-unboost|p1b: Tyranitar|atk|1
|-unboost|p1b: Tyranitar|spa|1
|
|t:|1756895913
|switch|p2b: Marty|Dragonite, L50, M|100/100|[from] Parting Shot
|
|-weather|Sandstorm|[upkeep]
|-damage|p1a: Volcarona|95/100|[from] Sandstorm
|-damage|p2b: Marty|95/100|[from] Sandstorm
|-heal|p1a: Volcarona|100/100|[from] Grassy Terrain
|-heal|p2a: Skipper|23/100|[from] Grassy Terrain
|-heal|p1b: Tyranitar|12/100|[from] Grassy Terrain
|upkeep
|turn|6
|inactive|TestNumber4 has 30 seconds left.
|
|t:|1756895942
|switch|p2a: Julien|Incineroar, L50, M|85/100
|-ability|p2a: Julien|Intimidate|boost
|-unboost|p1a: Volcarona|atk|1
|-unboost|p1b: Tyranitar|atk|1
|-terastallize|p1a: Volcarona|Fairy
|-terastallize|p2b: Marty|Flying
|move|p1a: Volcarona|Heat Wave|p2b: Marty|[spread] p2a,p2b
|-resisted|p2a: Julien
|-damage|p2a: Julien|62/100
|-damage|p2b: Marty|31/100
|move|p2b: Marty|Tera Blast|p1a: Volcarona|[anim] Tera Blast Flying
|-crit|p1a: Volcarona
|-damage|p1a: Volcarona|0 fnt
|faint|p1a: Volcarona
|move|p1b: Tyranitar|Rock Slide|p2b: Marty|[spread] p2a,p2b
|-supereffective|p2a: Julien
|-supereffective|p2b: Marty
|-damage|p2a: Julien|37/100
|-damage|p2b: Marty|5/100
|
|-weather|Sandstorm|[upkeep]
|-damage|p2b: Marty|0 fnt|[from] Sandstorm
|faint|p2b: Marty
|-heal|p1b: Tyranitar|18/100|[from] Grassy Terrain
|-heal|p2a: Julien|43/100|[from] Grassy Terrain
|upkeep
|
|t:|1756895957
|switch|p1a: Basculegion|Basculegion, L50, M|87/100
|switch|p2b: Skipper|Gholdengo, L50|23/100
|turn|7
|inactive|TestNumber4 has 30 seconds left.
|inactive|MrTedno has 30 seconds left.
|inactive|TestNumber4 has 20 seconds left.
|inactive|MrTedno has 20 seconds left.
|inactive|MrTedno has 15 seconds left.
|
|t:|1756896002
|move|p2b: Skipper|Protect|p2b: Skipper
|-singleturn|p2b: Skipper|Protect
|move|p1a: Basculegion|Wave Crash|p2b: Skipper
|-activate|p2b: Skipper|move: Protect
|move|p1b: Tyranitar|Rock Slide|p2b: Skipper|[spread] p2a
|-activate|p2b: Skipper|move: Protect
|-supereffective|p2a: Julien
|-damage|p2a: Julien|18/100
|move|p2a: Julien|Knock Off|p1a: Basculegion
|-supereffective|p1a: Basculegion
|-damage|p1a: Basculegion|0 fnt
|-enditem|p1a: Basculegion|Choice Scarf|[from] move: Knock Off|[of] p2a: Julien
|faint|p1a: Basculegion
|
|-weather|Sandstorm|[upkeep]
|-heal|p2b: Skipper|30/100|[from] Grassy Terrain
|-heal|p1b: Tyranitar|24/100|[from] Grassy Terrain
|-heal|p2a: Julien|24/100|[from] Grassy Terrain
|-fieldend|move: Grassy Terrain
|upkeep
|turn|8
|
|t:|1756896018
|move|p2b: Skipper|Make It Rain|p1b: Tyranitar
|-supereffective|p1b: Tyranitar
|-damage|p1b: Tyranitar|0 fnt
|-unboost|p2b: Skipper|spa|1
|faint|p1b: Tyranitar
|
|win|MrTedno
||TestNumber4 is ready for game 2.
||MrTedno is ready for game 2.
|uhtml|next|Next: Game 2 of 3
