|j|☆AJAXTHELESS
|j|☆andiom123
|html|AJAXTHELESSandiom123    
|uhtml|bestof|Game 3 of a best-of-3
|t:|1786039420
|gametype|doubles
|player|p1|AJAXTHELESS|169|1266
|player|p2|andiom123|red|1158
|gen|9
|tier|[Gen 9 Champions] VGC 2026 Reg M-B (Bo3)
|rated|
|rule|Species Clause: Limit one of each Pokémon
|rule|Item Clause: Limit 1 of each item
|clearpoke
|poke|p1|Raichu, L50, M|
|poke|p1|Sylveon, L50, M|
|poke|p1|Kingambit, L50, M|
|poke|p1|Aerodactyl, L50, M|
|poke|p1|Basculegion, L50, M|
|poke|p1|Sneasler, L50, M|
|poke|p2|Incineroar, L50, F|
|poke|p2|Farigiraf, L50, M|
|poke|p2|Sylveon, L50, M|
|poke|p2|Torkoal, L50, F|
|poke|p2|Kangaskhan, L50, F|
|poke|p2|Mudsdale, L50, M|
|teampreview|4
|showteam|p1|Raichu||RaichuniteY|LightningRod|ZapCannon,FocusBlast,FakeOut,Protect|Timid||M|||50|]Sylveon||FairyFeather|Pixilate|HyperVoice,HyperBeam,QuickAttack,Detect|Modest||M|||50|]Kingambit||LifeOrb|Defiant|KowtowCleave,SuckerPunch,SwordsDance,Protect|Adamant||M|||50|]Aerodactyl||Aerodactylite|Unnerve|RockSlide,DualWingbeat,Tailwind,Protect|Jolly||M|||50|]Basculegion||MysticWater|Adaptability|WaveCrash,LastRespects,AquaJet,Protect|Adamant||M|||50|]Sneasler||FocusSash|Unburden|CloseCombat,DireClaw,FakeOut,Protect|Jolly||M|||50|
|showteam|p2|Incineroar||MuscleBand|Intimidate|ThroatChop,FlareBlitz,FakeOut,PartingShot|Brave||F|||50|]Farigiraf||SitrusBerry|ArmorTail|FoulPlay,PsychicNoise,TrickRoom,HelpingHand|Relaxed||M|||50|]Sylveon||FairyFeather|Pixilate|HyperVoice,HyperBeam,Yawn,Detect|Modest||M|||50|]Torkoal||Charcoal|Drought|Eruption,EarthPower,Flamethrower,Protect|Quiet||F|||50|]Kangaskhan||Kangaskhanite|Scrappy|DoubleEdge,FakeOut,IcePunch,HammerArm|Brave||F|||50|]Mudsdale||LifeOrb|InnerFocus|HighHorsepower,Earthquake,RockSlide,HeavySlam|Brave||M|||50|
|
|t:|1786039447
|teamsize|p1|4
|teamsize|p2|4
|start
|switch|p1a: Sylveon|Sylveon, L50, M|100/100
|switch|p1b: Basculegion|Basculegion, L50, M|100/100
|switch|p2a: Farigiraf|Farigiraf, L50, M|100/100
|switch|p2b: Kangaskhan|Kangaskhan, L50, F|100/100
|turn|1
|inactive|Battle timer is ON: inactive players will automatically lose when time's up. (requested by AJAXTHELESS)
|
|t:|1786039467
|move|p2b: Kangaskhan|Fake Out|p1b: Basculegion
|-damage|p1b: Basculegion|79/100
|cant|p1b: Basculegion|flinch
|move|p1a: Sylveon|Hyper Voice|p2b: Kangaskhan|[spread] p2a,p2b
|-damage|p2a: Farigiraf|56/100
|-damage|p2b: Kangaskhan|56/100
|move|p2a: Farigiraf|Trick Room|p2a: Farigiraf
|-fieldstart|move: Trick Room|[of] p2a: Farigiraf
|
|upkeep
|turn|2
|
|t:|1786039485
|switch|p1b: Kingambit|Kingambit, L50, M|100/100
|detailschange|p2b: Kangaskhan|Kangaskhan-Mega, L50, F
|-mega|p2b: Kangaskhan|Kangaskhan|Kangaskhanite
|move|p2a: Farigiraf|Foul Play|p1b: Kingambit
|-resisted|p1b: Kingambit|1
|-damage|p1b: Kingambit|87/100
|move|p1a: Sylveon|Hyper Voice|p2b: Kangaskhan|[spread] p2a,p2b
|-damage|p2a: Farigiraf|16/100
|-damage|p2b: Kangaskhan|17/100
|-enditem|p2a: Farigiraf|Sitrus Berry|[eat]
|-heal|p2a: Farigiraf|41/100|[from] item: Sitrus Berry
|move|p2b: Kangaskhan|Double-Edge|p1a: Sylveon
|-damage|p1a: Sylveon|30/100
|-damage|p1a: Sylveon|12/100
|-hitcount|p1a: Sylveon|2
|-damage|p2b: Kangaskhan|0 fnt|[from] Recoil
|faint|p2b: Kangaskhan
|
|upkeep
|
|t:|1786039502
|switch|p2b: Mudsdale|Mudsdale, L50, M|100/100
|turn|3
|
|t:|1786039512
|move|p1b: Kingambit|Protect|p1b: Kingambit
|-singleturn|p1b: Kingambit|Protect
|move|p1a: Sylveon|Detect|p1a: Sylveon
|-singleturn|p1a: Sylveon|Protect
|move|p2b: Mudsdale|High Horsepower|p1b: Kingambit
|-activate|p1b: Kingambit|move: Protect
|move|p2a: Farigiraf|Psychic Noise|p1a: Sylveon
|-activate|p1a: Sylveon|move: Protect
|
|upkeep
|turn|4
|
|t:|1786039534
|move|p2b: Mudsdale|High Horsepower|p1b: Kingambit
|-supereffective|p1b: Kingambit|1
|-damage|p1b: Kingambit|0 fnt
|faint|p1b: Kingambit
|-damage|p2b: Mudsdale|90/100|[from] item: Life Orb
|move|p2a: Farigiraf|Psychic Noise|p1a: Sylveon
|-damage|p1a: Sylveon|0 fnt
|faint|p1a: Sylveon
|
|upkeep
|
|t:|1786039544
|switch|p1b: Sneasler|Sneasler, L50, M|100/100
|switch|p1a: Basculegion|Basculegion, L50, M|79/100
|turn|5
|inactive|andiom123 has 30 seconds left.
|inactive|andiom123 has 20 seconds left.
|inactive|andiom123 has 15 seconds left.
|
|t:|1786039585
|switch|p2a: Sylveon|Sylveon, L50, M|100/100
|move|p1a: Basculegion|Protect|p1a: Basculegion
|-singleturn|p1a: Basculegion|Protect
|move|p1b: Sneasler|Protect|p1b: Sneasler
|-singleturn|p1b: Sneasler|Protect
|move|p2b: Mudsdale|High Horsepower|p1b: Sneasler
|-activate|p1b: Sneasler|move: Protect
|
|-fieldend|move: Trick Room
|upkeep
|turn|6
|inactive|andiom123 has 30 seconds left.
|inactive|andiom123 has 20 seconds left.
|
|t:|1786039623
|move|p1b: Sneasler|Dire Claw|p2a: Sylveon
|-supereffective|p2a: Sylveon|1
|-damage|p2a: Sylveon|16/100
|move|p1a: Basculegion|Wave Crash|p2b: Mudsdale
|-supereffective|p2b: Mudsdale|1
|-damage|p2b: Mudsdale|0 fnt
|faint|p2b: Mudsdale
|-damage|p1a: Basculegion|47/100|[from] Recoil
|move|p2a: Sylveon|Hyper Voice|p1a: Basculegion|[spread] p1a,p1b
|-damage|p1a: Basculegion|0 fnt
|-damage|p1b: Sneasler|35/100
|faint|p1a: Basculegion
|
|upkeep
|
|t:|1786039634
|switch|p2b: Farigiraf|Farigiraf, L50, M|41/100
|turn|7
|
|t:|1786039647
|move|p1b: Sneasler|Dire Claw|p2a: Sylveon
|-supereffective|p2a: Sylveon|1
|-damage|p2a: Sylveon|0 fnt
|faint|p2a: Sylveon
|move|p2b: Farigiraf|Trick Room|p2b: Farigiraf
|-fieldstart|move: Trick Room|[of] p2b: Farigiraf
|
|upkeep
|turn|8
|
|t:|1786039654
|move|p1b: Sneasler|Protect|p1b: Sneasler
|-singleturn|p1b: Sneasler|Protect
|move|p2b: Farigiraf|Psychic Noise|p1b: Sneasler
|-activate|p1b: Sneasler|move: Protect
|
|upkeep
|turn|9
|
|t:|1786039673
|move|p2b: Farigiraf|Psychic Noise|p1b: Sneasler
|-supereffective|p1b: Sneasler|2
|-damage|p1b: Sneasler|0 fnt
|faint|p1b: Sneasler
|
|win|andiom123
|raw|AJAXTHELESS's rating: 1266 → 1233(-33 for losing)
|raw|andiom123's rating: 1158 → 1191(+33 for winning)
|l|☆AJAXTHELESS
|player|p1|
