|j|☆RaikuDraco
|j|‽daniiivgc
|html|RaikuDracodaniiivgc    
|uhtml|bestof|Game 3 of a best-of-3
|t:|1755736570
|gametype|doubles
|player|p1|RaikuDraco|265|1190
|player|p2|daniiivgc|cynthia-gen4|1240
|gen|9
|tier|[Gen 9] VGC 2025 Reg H (Bo3)
|rated|
|rule|Species Clause: Limit one of each Pokémon
|rule|Item Clause: Limit 1 of each item
|clearpoke
|poke|p1|Sneasler, L50, M|
|poke|p1|Porygon2, L50|
|poke|p1|Gholdengo, L50|
|poke|p1|Incineroar, L50, F|
|poke|p1|Ursaluna-Bloodmoon, L50, M|
|poke|p1|Rillaboom, L50, M|
|poke|p2|Weezing-Galar, L50, M|
|poke|p2|Toedscruel, L50, F|
|poke|p2|Typhlosion-Hisui, L50, F|
|poke|p2|Pawmot, L50, M|
|poke|p2|Garchomp, L50, F|
|poke|p2|Corviknight, L50, M|
|teampreview|4
|showteam|p1|Sneasler||WhiteHerb|Unburden|DireClaw,CloseCombat,Acrobatics,Protect|||M|||50|,,,,,Flying]Porygon2||Eviolite|Download|TeraBlast,IceBeam,Recover,TrickRoom||||||50|,,,,,Ground]Gholdengo||MetalCoat|GoodasGold|Protect,NastyPlot,MakeItRain,ShadowBall||||||50|,,,,,Water]Incineroar||SafetyGoggles|Intimidate|FlareBlitz,KnockOff,PartingShot,FakeOut|||F|||50|,,,,,Ghost]Ursaluna-Bloodmoon||LifeOrb|MindsEye|BloodMoon,HyperVoice,EarthPower,Protect|||M|||50|,,,,,Normal]Rillaboom||AssaultVest|GrassySurge|FakeOut,GrassyGlide,Uturn,WoodHammer|||M|||50|,,,,,Fire
|showteam|p2|Weezing-Galar||LifeOrb|NeutralizingGas|SludgeBomb,DazzlingGleam,StrangeSteam,Protect|||M|||50|,,,,,Steel]Toedscruel||CovertCloak|MyceliumMight|Spore,RagePowder,EarthPower,AcidSpray|||F|||50|,,,,,Water]Typhlosion-Hisui||ChoiceScarf|Frisk|Eruption,HeatWave,ShadowBall,SleepTalk|||F|||50|,,,,,Fire]Pawmot||FocusSash|NaturalCure|CloseCombat,DoubleShock,FakeOut,Protect|||M|||50|,,,,,Electric]Garchomp||SoftSand|RoughSkin|Earthquake,StompingTantrum,DragonClaw,Protect|||F|||50|,,,,,Ground]Corviknight||SitrusBerry|MirrorArmor|BraveBird,Tailwind,Roost,Protect|||M|||50|,,,,,Dragon
|inactive|Battle timer is ON: inactive players will automatically lose when time's up. (requested by RaikuDraco)
|j| Ng2314
|l| Ng2314
|
|t:|1755736600
|teamsize|p1|4
|teamsize|p2|4
|start
|switch|p1a: Sneasler|Sneasler, L50, M|100/100
|switch|p1b: Gholdengo|Gholdengo, L50|100/100
|switch|p2a: Typhlosion|Typhlosion-Hisui, L50, F|100/100
|switch|p2b: Garchomp|Garchomp, L50, F|100/100
|-item|p1a: Sneasler|White Herb|[from] ability: Frisk|[of] p2a: Typhlosion
|-item|p1b: Gholdengo|Metal Coat|[from] ability: Frisk|[of] p2a: Typhlosion
|turn|1
|inactive|RaikuDraco has 30 seconds left.
|inactive|RaikuDraco has 20 seconds left.
|inactive|RaikuDraco has 15 seconds left.
|inactive|RaikuDraco has 10 seconds left.
|inactive|RaikuDraco has 5 seconds left.
|
|t:|1755736651
|-terastallize|p2a: Typhlosion|Fire
|-terastallize|p1b: Gholdengo|Water
|move|p2a: Typhlosion|Eruption|p1b: Gholdengo|[spread] p1a,p1b
|-resisted|p1b: Gholdengo
|-damage|p1a: Sneasler|0 fnt
|-damage|p1b: Gholdengo|56/100
|faint|p1a: Sneasler
|move|p2b: Garchomp|Stomping Tantrum|p1b: Gholdengo
|-damage|p1b: Gholdengo|3/100
|move|p1b: Gholdengo|Shadow Ball|p2a: Typhlosion
|-damage|p2a: Typhlosion|44/100
|
|upkeep
|
|t:|1755736673
|switch|p1a: Porygon2|Porygon2, L50|100/100
|-ability|p1a: Porygon2|Download|boost
|-boost|p1a: Porygon2|spa|1
|turn|2
|
|t:|1755736692
|switch|p2a: Weezing|Weezing-Galar, L50, M|100/100
|-ability|p2a: Weezing|Neutralizing Gas
|move|p1b: Gholdengo|Protect|p1b: Gholdengo
|-singleturn|p1b: Gholdengo|Protect
|move|p2b: Garchomp|Stomping Tantrum|p1a: Porygon2
|-damage|p1a: Porygon2|72/100
|move|p1a: Porygon2|Trick Room|p1a: Porygon2
|-fieldstart|move: Trick Room|[of] p1a: Porygon2
|
|upkeep
|turn|3
|inactive|RaikuDraco has 30 seconds left.
|inactive|RaikuDraco has 20 seconds left.
|
|t:|1755736728
|switch|p1b: Incineroar|Incineroar, L50, F|100/100
|switch|p2b: Typhlosion|Typhlosion-Hisui, L50, F, tera:Fire|44/100
|move|p1a: Porygon2|Ice Beam|p2b: Typhlosion
|-resisted|p2b: Typhlosion
|-damage|p2b: Typhlosion|16/100
|move|p2a: Weezing|Dazzling Gleam|p1b: Incineroar|[spread] p1a,p1b
|-damage|p1a: Porygon2|56/100
|-damage|p1b: Incineroar|74/100
|-damage|p2a: Weezing|91/100|[from] item: Life Orb
|
|upkeep
|turn|4
|inactive|RaikuDraco has 30 seconds left.
|
|t:|1755736762
|move|p1b: Incineroar|Fake Out|p2a: Weezing
|-crit|p2a: Weezing
|-damage|p2a: Weezing|77/100
|move|p1a: Porygon2|Ice Beam|p2b: Typhlosion
|-resisted|p2b: Typhlosion
|-damage|p2b: Typhlosion|0 fnt
|faint|p2b: Typhlosion
|cant|p2a: Weezing|flinch
|
|upkeep
|
|t:|1755736770
|switch|p2b: Toedscruel|Toedscruel, L50, F, shiny|100/100
|turn|5
|inactive|RaikuDraco has 30 seconds left.
|inactive|daniiivgc has 30 seconds left.
|inactive|RaikuDraco has 20 seconds left.
|inactive|RaikuDraco has 15 seconds left.
|inactive|RaikuDraco has 10 seconds left.
|
|t:|1755736820
|move|p1a: Porygon2|Ice Beam|p2b: Toedscruel
|-supereffective|p2b: Toedscruel
|-damage|p2b: Toedscruel|0 fnt
|faint|p2b: Toedscruel
|move|p2a: Weezing|Sludge Bomb|p1a: Porygon2
|-damage|p1a: Porygon2|29/100
|-status|p1a: Porygon2|psn
|-damage|p2a: Weezing|67/100|[from] item: Life Orb
|move|p1b: Incineroar|Parting Shot|p2a: Weezing
|-unboost|p2a: Weezing|atk|1
|-unboost|p2a: Weezing|spa|1
|
|t:|1755736831
|switch|p1b: Gholdengo|Gholdengo, L50, tera:Water|3/100|[from] Parting Shot
|
|-damage|p1a: Porygon2|17/100 psn|[from] psn
|upkeep
|
|t:|1755736833
|switch|p2b: Garchomp|Garchomp, L50, F|100/100
|turn|6
|inactive|RaikuDraco has 30 seconds left.
|
|t:|1755736868
|move|p1a: Porygon2|Recover|p1a: Porygon2
|-heal|p1a: Porygon2|67/100 psn
|move|p2a: Weezing|Sludge Bomb|p1a: Porygon2
|-damage|p1a: Porygon2|48/100 psn
|-damage|p2a: Weezing|58/100|[from] item: Life Orb
|move|p1b: Gholdengo|Make It Rain|p2b: Garchomp|[spread] p2a,p2b
|-supereffective|p2a: Weezing
|-damage|p2a: Weezing|0 fnt
|-damage|p2b: Garchomp|37/100
|-unboost|p1b: Gholdengo|spa|1
|faint|p2a: Weezing
|-end|p2a: Weezing|ability: Neutralizing Gas
|-ability|p1a: Porygon2|Download|boost
|-boost|p1a: Porygon2|spa|1
|move|p2b: Garchomp|Stomping Tantrum|p1b: Gholdengo
|-damage|p1b: Gholdengo|0 fnt
|faint|p1b: Gholdengo
|
|-damage|p1a: Porygon2|36/100 psn|[from] psn
|-fieldend|move: Trick Room
|upkeep
|
|t:|1755736887
|switch|p1b: Incineroar|Incineroar, L50, F|74/100
|-ability|p1b: Incineroar|Intimidate|boost
|-unboost|p2b: Garchomp|atk|1
|turn|7
|
|t:|1755736895
|move|p1b: Incineroar|Fake Out|p2b: Garchomp
|-damage|p2b: Garchomp|25/100
|-damage|p1b: Incineroar|62/100|[from] ability: Rough Skin|[of] p2b: Garchomp
|cant|p2b: Garchomp|flinch
|move|p1a: Porygon2|Trick Room|p1a: Porygon2
|-fieldstart|move: Trick Room|[of] p1a: Porygon2
|
|-damage|p1a: Porygon2|23/100 psn|[from] psn
|upkeep
|turn|8
|inactive|RaikuDraco has 30 seconds left.
|
|t:|1755736923
|move|p2b: Garchomp|Protect|p2b: Garchomp
|-singleturn|p2b: Garchomp|Protect
|move|p1a: Porygon2|Recover|p1a: Porygon2
|-heal|p1a: Porygon2|73/100 psn
|move|p1b: Incineroar|Knock Off|p2b: Garchomp
|-activate|p2b: Garchomp|move: Protect
|
|-damage|p1a: Porygon2|61/100 psn|[from] psn
|upkeep
|turn|9
|
|t:|1755736934
|move|p1a: Porygon2|Ice Beam|p2b: Garchomp
|-supereffective|p2b: Garchomp
|-damage|p2b: Garchomp|0 fnt
|faint|p2b: Garchomp
|
|win|RaikuDraco
|raw|RaikuDraco's rating: 1190 → 1219(+29 for winning)
|raw|daniiivgc's rating: 1240 → 1211(-29 for losing)
|l|‽daniiivgc
|player|p2|
