|j|☆robby w
|j|☆furretusedpunch
|html|robby wfurretusedpunch    
|uhtml|bestof|Game 2 of a best-of-3
|t:|1756679158
|gametype|doubles
|player|p1|robby w|pokefan-gen4|1240
|player|p2|furretusedpunch|lacey|1225
|gen|9
|tier|[Gen 9] VGC 2025 Reg H (Bo3)
|rated|
|rule|Species Clause: Limit one of each Pokémon
|rule|Item Clause: Limit 1 of each item
|clearpoke
|poke|p1|Dondozo, L50, M|
|poke|p1|Tatsugiri, L50, M|
|poke|p1|Sneasler, L50, F|
|poke|p1|Whimsicott, L50, F|
|poke|p1|Ursaluna-Bloodmoon, L50, M|
|poke|p1|Indeedee, L50, M|
|poke|p2|Gholdengo, L50|
|poke|p2|Sneasler, L50, M|
|poke|p2|Rillaboom, L50, M|
|poke|p2|Dragonite, L50, F|
|poke|p2|Ninetales-Alola, L50, M|
|poke|p2|Incineroar, L50, F|
|teampreview|4
|showteam|p1|Dondozo||Leftovers|Unaware|Protect,WaveCrash,Earthquake,OrderUp|||M|||50|,,,,,Grass]Tatsugiri||ChoiceScarf|Commander|DragonPulse,IcyWind,DracoMeteor,MuddyWater|||M|||50|,,,,,Stellar]Sneasler||PsychicSeed|Unburden|DireClaw,CloseCombat,Protect,ThroatChop|||F|||50|,,,,,Dark]Whimsicott||CovertCloak|Prankster|Tailwind,Moonblast,Taunt,HelpingHand|||F|||50|,,,,,Grass]Ursaluna-Bloodmoon||LifeOrb|MindsEye|BloodMoon,HyperVoice,Protect,EarthPower|||M|||50|,,,,,Normal]Indeedee||FocusSash|PsychicSurge|ExpandingForce,TrickRoom,DazzlingGleam,Protect|||M|||50|,,,,,Fairy
|showteam|p2|Gholdengo||LifeOrb|GoodasGold|NastyPlot,MakeItRain,ShadowBall,Protect||||||50|,,,,,Water]Sneasler||WhiteHerb|Unburden|CloseCombat,DireClaw,Coaching,Protect|||M|||50|,,,,,Ghost]Rillaboom||AssaultVest|GrassySurge|FakeOut,GrassyGlide,DrumBeating,HighHorsepower|||M|||50|,,,,,Fire]Dragonite||LoadedDice|Multiscale|ScaleShot,StompingTantrum,Tailwind,Protect|||F|||50|,,,,,Ground]Ninetales-Alola||FocusSash|SnowWarning|IcyWind,Blizzard,FreezeDry,AuroraVeil|||M|||50|,,,,,Ghost]Incineroar||SafetyGoggles|Intimidate|FlareBlitz,KnockOff,FakeOut,PartingShot|||F|||50|,,,,,Ghost
|inactive|Battle timer is ON: inactive players will automatically lose when time's up. (requested by robby w)
|inactive|furretusedpunch has 60 seconds left.
|
|t:|1756679203
|teamsize|p1|4
|teamsize|p2|4
|start
|switch|p1a: Indeedee|Indeedee, L50, M|100/100
|switch|p1b: Sneasler|Sneasler, L50, F|100/100
|switch|p2a: Gholdengo|Gholdengo, L50|100/100
|switch|p2b: Ninetales|Ninetales-Alola, L50, M|100/100
|-weather|Snowscape|[from] ability: Snow Warning|[of] p2b: Ninetales
|-fieldstart|move: Psychic Terrain|[from] ability: Psychic Surge|[of] p1a: Indeedee
|-enditem|p1b: Sneasler|Psychic Seed
|-boost|p1b: Sneasler|spd|1|[from] item: Psychic Seed
|turn|1
|
|t:|1756679222
|move|p1b: Sneasler|Dire Claw|p2b: Ninetales
|-supereffective|p2b: Ninetales
|-damage|p2b: Ninetales|7/100
|move|p2b: Ninetales|Aurora Veil|p2b: Ninetales
|-sidestart|p2: furretusedpunch|move: Aurora Veil
|move|p1a: Indeedee|Expanding Force|p2b: Ninetales|[spread] p2a,p2b
|-resisted|p2a: Gholdengo
|-damage|p2a: Gholdengo|82/100
|-damage|p2b: Ninetales|0 fnt
|faint|p2b: Ninetales
|move|p2a: Gholdengo|Nasty Plot|p2a: Gholdengo
|-boost|p2a: Gholdengo|spa|2
|
|-weather|Snowscape|[upkeep]
|upkeep
|
|t:|1756679245
|switch|p2b: Dragonite|Dragonite, L50, F|100/100
|turn|2
|
|t:|1756679258
|move|p2b: Dragonite|Protect|p2b: Dragonite
|-singleturn|p2b: Dragonite|Protect
|move|p1b: Sneasler|Throat Chop|p2a: Gholdengo
|-supereffective|p2a: Gholdengo
|-damage|p2a: Gholdengo|37/100
|-start|p2a: Gholdengo|Throat Chop|[silent]
|move|p1a: Indeedee|Expanding Force|p2a: Gholdengo|[spread] p2a
|-activate|p2b: Dragonite|move: Protect
|-resisted|p2a: Gholdengo
|-damage|p2a: Gholdengo|18/100
|move|p2a: Gholdengo|Make It Rain|p1b: Sneasler|[spread] p1a,p1b
|-enditem|p1a: Indeedee|Focus Sash
|-damage|p1a: Indeedee|1/100
|-damage|p1b: Sneasler|0 fnt
|-unboost|p2a: Gholdengo|spa|1
|faint|p1b: Sneasler
|-damage|p2a: Gholdengo|9/100|[from] item: Life Orb
|
|-weather|Snowscape|[upkeep]
|upkeep
|
|t:|1756679276
|switch|p1b: Dondozo|Dondozo, L50, M, shiny|100/100
|turn|3
|
|t:|1756679294
|move|p2a: Gholdengo|Protect|p2a: Gholdengo
|-singleturn|p2a: Gholdengo|Protect
|move|p1b: Dondozo|Protect|p1b: Dondozo
|-singleturn|p1b: Dondozo|Protect
|move|p1a: Indeedee|Expanding Force|p2a: Gholdengo|[spread] p2b
|-activate|p2a: Gholdengo|move: Protect
|-damage|p2b: Dragonite|81/100
|move|p2b: Dragonite|Scale Shot|p1a: Indeedee
|-damage|p1a: Indeedee|0 fnt
|faint|p1a: Indeedee
|-hitcount|p1: Indeedee|1
|-unboost|p2b: Dragonite|def|1
|-boost|p2b: Dragonite|spe|1
|
|-weather|Snowscape|[upkeep]
|-end|p2a: Gholdengo|Throat Chop|[silent]
|upkeep
|
|t:|1756679308
|switch|p1a: Tatsugiri|Tatsugiri, L50, M|100/100
|-activate|p1a: Tatsugiri|ability: Commander|[of] p1b: Dondozo
|-boost|p1b: Dondozo|atk|2
|-boost|p1b: Dondozo|spa|2
|-boost|p1b: Dondozo|spe|2
|-boost|p1b: Dondozo|def|2
|-boost|p1b: Dondozo|spd|2
|turn|4
|
|t:|1756679332
|move|p2b: Dragonite|Scale Shot|p1b: Dondozo
|-damage|p1b: Dondozo|95/100
|-damage|p1b: Dondozo|88/100
|-damage|p1b: Dondozo|82/100
|-crit|p1b: Dondozo
|-damage|p1b: Dondozo|66/100
|-damage|p1b: Dondozo|60/100
|-hitcount|p1b: Dondozo|5
|-unboost|p2b: Dragonite|def|1
|-boost|p2b: Dragonite|spe|1
|move|p1b: Dondozo|Order Up|p2a: Gholdengo
|-resisted|p2a: Gholdengo
|-damage|p2a: Gholdengo|0 fnt
|faint|p2a: Gholdengo
|-boost|p1b: Dondozo|atk|1
|
|-weather|Snowscape|[upkeep]
|-heal|p1b: Dondozo|66/100|[from] item: Leftovers
|upkeep
|
|t:|1756679345
|switch|p2a: Sneasler|Sneasler, L50, M|100/100
|turn|5
|
|t:|1756679354
|move|p1b: Dondozo|Protect|p1b: Dondozo
|-singleturn|p1b: Dondozo|Protect
|move|p2b: Dragonite|Tailwind|p2b: Dragonite
|-sidestart|p2: furretusedpunch|move: Tailwind
|move|p2a: Sneasler|Dire Claw|p1b: Dondozo
|-activate|p1b: Dondozo|move: Protect
|
|-weather|none
|-heal|p1b: Dondozo|73/100|[from] item: Leftovers
|-sideend|p2: furretusedpunch|move: Aurora Veil
|-fieldend|move: Psychic Terrain
|upkeep
|turn|6
|inactive|robby w has 30 seconds left.
|
|t:|1756679380
|move|p2b: Dragonite|Scale Shot|p1b: Dondozo
|-damage|p1b: Dondozo|67/100
|-damage|p1b: Dondozo|62/100
|-damage|p1b: Dondozo|56/100
|-damage|p1b: Dondozo|50/100
|-hitcount|p1b: Dondozo|4
|-unboost|p2b: Dragonite|def|1
|-boost|p2b: Dragonite|spe|1
|move|p2a: Sneasler|Dire Claw|p1b: Dondozo
|-damage|p1b: Dondozo|33/100
|-status|p1b: Dondozo|psn
|move|p1b: Dondozo|Order Up|p2b: Dragonite
|-supereffective|p2b: Dragonite
|-damage|p2b: Dragonite|0 fnt
|faint|p2b: Dragonite
|-boost|p1b: Dondozo|atk|1
|
|-heal|p1b: Dondozo|39/100 psn|[from] item: Leftovers
|-damage|p1b: Dondozo|27/100 psn|[from] psn
|upkeep
|turn|7
|
|t:|1756679404
|move|p2a: Sneasler|Close Combat|p1b: Dondozo
|-damage|p1b: Dondozo|3/100 psn
|-unboost|p2a: Sneasler|def|1
|-unboost|p2a: Sneasler|spd|1
|-enditem|p2a: Sneasler|White Herb
|-clearnegativeboost|p2a: Sneasler|[silent]
|move|p1b: Dondozo|Earthquake|p2a: Sneasler|[spread] p2a
|-miss|p1b: Dondozo|p1a: Tatsugiri
|-supereffective|p2a: Sneasler
|-damage|p2a: Sneasler|0 fnt
|faint|p2a: Sneasler
|
|win|robby w
|raw|robby w's rating: 1240 → 1264(+24 for winning)
|raw|furretusedpunch's rating: 1225 → 1201(-24 for losing)
|l|☆furretusedpunch
|player|p2|
