|j|☆1TarsierFan
|j|☆exessvgc
|html|1TarsierFanexessvgc    
|uhtml|bestof|Game 2 of a best-of-3
|t:|1782322438
|gametype|doubles
|player|p1|1TarsierFan|pokemaniac|
|player|p2|exessvgc|lucas|
|gen|9
|tier|[Gen 9 Champions] VGC 2026 Reg M-B (Bo3)
|rule|Species Clause: Limit one of each Pokémon
|rule|Item Clause: Limit 1 of each item
|clearpoke
|poke|p1|Charizard, L50, M|
|poke|p1|Floette-Eternal, L50, F|
|poke|p1|Whimsicott, L50, M|
|poke|p1|Garchomp, L50, M|
|poke|p1|Basculegion, L50, M|
|poke|p1|Kingambit, L50, F|
|poke|p2|Blaziken, L50, F|
|poke|p2|Hydreigon, L50, M|
|poke|p2|Basculegion, L50, M|
|poke|p2|Whimsicott, L50, F|
|poke|p2|Farigiraf, L50, F|
|poke|p2|Metagross, L50|
|teampreview|4
|showteam|p1|Charizard||CharizarditeY|Blaze|WeatherBall,HeatWave,SolarBeam,Protect|Modest||M|||50|]Floette-Eternal||Floettite|FlowerVeil|LightofRuin,DazzlingGleam,Moonblast,Protect|Modest||F|||50|]Whimsicott||FocusSash|Prankster|Tailwind,Moonblast,Encore,Protect|Timid||M|||50|]Garchomp||SitrusBerry|RoughSkin|DragonClaw,Earthquake,RockSlide,Protect|Jolly||M|||50|]Basculegion||LifeOrb|Adaptability|WaveCrash,AquaJet,LastRespects,Protect|Adamant||M|||50|]Kingambit||BlackGlasses|Defiant|KowtowCleave,SuckerPunch,IronHead,Protect|Adamant||F|||50|
|showteam|p2|Blaziken||Blazikenite|SpeedBoost|Detect,RockSlide,CloseCombat,FlareBlitz|Jolly||F|||50|]Hydreigon||ChoiceScarf|Levitate|DracoMeteor,Snarl,EarthPower,DarkPulse|Timid||M|||50|]Basculegion||LifeOrb|Adaptability|Protect,WaveCrash,LastRespects,AquaJet|Adamant||M|||50|]Whimsicott||FocusSash|Prankster|Protect,Moonblast,EnergyBall,Tailwind|Timid||F|||50|]Farigiraf||SitrusBerry|ArmorTail|Psychic,Thunderbolt,Roar,TrickRoom|Quiet||F|||50|]Metagross||Metagrossite|ClearBody|Protect,PsychicFangs,IronHead,StompingTantrum|Brave|||||50|
|
|t:|1782322478
|teamsize|p1|4
|teamsize|p2|4
|start
|switch|p1a: Basculegion|Basculegion, L50, M|100/100
|switch|p1b: Whimsicott|Whimsicott, L50, M|100/100
|switch|p2a: Watty|Blaziken, L50, F|100/100
|switch|p2b: Nico|Whimsicott, L50, F|100/100
|turn|1
|
|t:|1782322503
|move|p2a: Watty|Detect|p2a: Watty
|-singleturn|p2a: Watty|Protect
|move|p2b: Nico|Tailwind|p2b: Nico
|-sidestart|p2: exessvgc|move: Tailwind
|move|p1b: Whimsicott|Tailwind|p1b: Whimsicott
|-sidestart|p1: 1TarsierFan|move: Tailwind
|move|p1a: Basculegion|Wave Crash|p2a: Watty
|-activate|p2a: Watty|move: Protect
|
|-ability|p2a: Watty|Speed Boost|boost
|-boost|p2a: Watty|spe|1
|upkeep
|turn|2
|
|t:|1782322525
|switch|p2a: Uscorp|Farigiraf, L50, F|100/100
|switch|p1b: Kingambit|Kingambit, L50, F|100/100
|move|p2b: Nico|Energy Ball|p1a: Basculegion
|-supereffective|p1a: Basculegion|1
|-damage|p1a: Basculegion|30/100
|-unboost|p1a: Basculegion|spd|1
|move|p1a: Basculegion|Wave Crash|p2a: Uscorp
|-damage|p2a: Uscorp|0 fnt
|faint|p2a: Uscorp
|-damage|p1a: Basculegion|0 fnt|[from] Recoil
|faint|p1a: Basculegion
|
|upkeep
|
|t:|1782322541
|switch|p1a: Charizard|Charizard, L50, M|100/100
|switch|p2a: Watty|Blaziken, L50, F|100/100
|turn|3
|
|t:|1782322567
|switch|p1b: Whimsicott|Whimsicott, L50, M|100/100
|detailschange|p2a: Watty|Blaziken-Mega, L50, F
|-mega|p2a: Watty|Blaziken|Blazikenite
|move|p2b: Nico|Protect|p2b: Nico
|-singleturn|p2b: Nico|Protect
|move|p1a: Charizard|Protect|p1a: Charizard
|-singleturn|p1a: Charizard|Protect
|move|p2a: Watty|Rock Slide|p1b: Whimsicott|[spread] p1b
|-activate|p1a: Charizard|move: Protect
|-damage|p1b: Whimsicott|67/100
|
|-ability|p2a: Watty|Speed Boost|boost
|-boost|p2a: Watty|spe|1
|upkeep
|turn|4
|
|t:|1782322585
|switch|p2b: Frank|Basculegion, L50, M|100/100
|switch|p1a: Kingambit|Kingambit, L50, F|100/100
|move|p1b: Whimsicott|Encore|p2a: Watty
|-start|p2a: Watty|Encore
|move|p2a: Watty|Rock Slide|p1a: Kingambit|[spread] p1a,p1b
|-resisted|p1a: Kingambit|1
|-crit|p1b: Whimsicott
|-damage|p1a: Kingambit|91/100
|-damage|p1b: Whimsicott|11/100
|
|-sideend|p2: exessvgc|move: Tailwind
|-sideend|p1: 1TarsierFan|move: Tailwind
|-ability|p2a: Watty|Speed Boost|boost
|-boost|p2a: Watty|spe|1
|upkeep
|turn|5
|
|t:|1782322619
|move|p2a: Watty|Rock Slide|p1a: Kingambit|[spread] p1a,p1b
|-resisted|p1a: Kingambit|1
|-damage|p1a: Kingambit|83/100
|-damage|p1b: Whimsicott|0 fnt
|faint|p1b: Whimsicott
|move|p2b: Frank|Wave Crash|p1a: Kingambit
|-damage|p1a: Kingambit|9/100
|-damage|p2b: Frank|77/100|[from] Recoil
|-damage|p2b: Frank|68/100|[from] item: Life Orb
|move|p1a: Kingambit|Iron Head|p2a: Watty
|-resisted|p2a: Watty|1
|-damage|p2a: Watty|68/100
|
|-ability|p2a: Watty|Speed Boost|boost
|-boost|p2a: Watty|spe|1
|upkeep
|
|t:|1782322632
|switch|p1b: Charizard|Charizard, L50, M|100/100
|turn|6
|
|t:|1782322650
|detailschange|p1b: Charizard|Charizard-Mega-Y, L50, M
|-mega|p1b: Charizard|Charizard|Charizardite Y
|-weather|SunnyDay|[from] ability: Drought|[of] p1b: Charizard
|move|p1b: Charizard|Protect|p1b: Charizard
|-singleturn|p1b: Charizard|Protect
|move|p2b: Frank|Aqua Jet|p1a: Kingambit
|-damage|p1a: Kingambit|0 fnt
|faint|p1a: Kingambit
|-damage|p2b: Frank|58/100|[from] item: Life Orb
|move|p2a: Watty|Rock Slide|p1b: Charizard
|-activate|p1b: Charizard|move: Protect
|
|-weather|SunnyDay|[upkeep]
|-end|p2a: Watty|Encore
|-ability|p2a: Watty|Speed Boost|boost
|-boost|p2a: Watty|spe|1
|upkeep
|turn|7
|-message|1TarsierFan forfeited.
|
|win|exessvgc
||1TarsierFan is ready for game 3.
||exessvgc is ready for game 3.
|uhtml|next|Next: Game 3 of 3
|l|☆exessvgc
|player|p2|
|l|☆1TarsierFan
|player|p1|
|j|☆exessvgc
|player|p2|exessvgc|lucas|
