|j|☆AdritwoG
|j|☆paydayvgc
|html|AdritwoGpaydayvgc    
|uhtml|bestof|Game 1 of a best-of-3
|t:|1782572875
|gametype|doubles
|player|p1|AdritwoG|102|1005
|player|p2|paydayvgc|jogger|1099
|gen|9
|tier|[Gen 9 Champions] VGC 2026 Reg M-B (Bo3)
|rated|
|rule|Species Clause: Limit one of each Pokémon
|rule|Item Clause: Limit 1 of each item
|clearpoke
|poke|p1|Sceptile, L50, F|
|poke|p1|Rotom-Heat, L50|
|poke|p1|Farigiraf, L50, F|
|poke|p1|Whimsicott, L50, M|
|poke|p1|Sneasler, L50, F|
|poke|p1|Kingambit, L50, F|
|poke|p2|Incineroar, L50, F|
|poke|p2|Farigiraf, L50, F|
|poke|p2|Mawile, L50, F|
|poke|p2|Garchomp, L50, M|
|poke|p2|Charizard, L50, F, shiny|
|poke|p2|Whimsicott, L50, M|
|teampreview|4
|showteam|p1|Sceptile||Sceptilite|Unburden|LeafStorm,DragonPulse,Detect,EarthPower|Timid||F|||50|]Rotom-Heat||ChoiceScarf|Levitate|ShadowBall,Discharge,VoltSwitch,Overheat|Timid|||||50|]Farigiraf||SitrusBerry|ArmorTail|TwinBeam,Thunderbolt,TrickRoom,HelpingHand|Bold||F|||50|]Whimsicott||FocusSash|Prankster|Tailwind,Encore,Moonblast,SunnyDay|Timid||M|||50|]Sneasler||WhiteHerb|Unburden|CloseCombat,DireClaw,FakeOut,Protect|Adamant||F|||50|]Kingambit||ChopleBerry|Defiant|SuckerPunch,IronHead,KowtowCleave,Protect|Adamant||F|||50|
|showteam|p2|Incineroar||ChopleBerry|Intimidate|FlareBlitz,DarkestLariat,PartingShot,FakeOut|Relaxed||F|||50|]Farigiraf||SitrusBerry|ArmorTail|Psychic,Roar,HelpingHand,TrickRoom|Bold||F|||50|]Mawile||Mawilite|Intimidate|IronHead,PlayRough,SuckerPunch,Protect|Adamant||F|||50|]Garchomp||LifeOrb|RoughSkin|DragonClaw,Earthquake,RockTomb,Protect|Jolly||M|||50|]Charizard||CharizarditeY|Blaze|WeatherBall,HeatWave,SolarBeam,Protect|Modest||F|||50|]Whimsicott||FocusSash|Prankster|Moonblast,Tailwind,Encore,Protect|Timid||M|||50|
|
|t:|1782572938
|teamsize|p1|4
|teamsize|p2|4
|start
|switch|p1a: Rotom|Rotom-Heat, L50|100/100
|switch|p1b: Sceptile|Sceptile, L50, F|100/100
|switch|p2a: Whimsicott|Whimsicott, L50, M|100/100
|switch|p2b: Charizard|Charizard, L50, F, shiny|100/100
|turn|1
|inactive|Battle timer is ON: inactive players will automatically lose when time's up. (requested by paydayvgc)
|
|t:|1782572965
|switch|p2b: Garchomp|Garchomp, L50, M|100/100
|detailschange|p1b: Sceptile|Sceptile-Mega, L50, F
|-mega|p1b: Sceptile|Sceptile|Sceptilite
|move|p1b: Sceptile|Detect|p1b: Sceptile
|-singleturn|p1b: Sceptile|Protect
|move|p2a: Whimsicott|Tailwind|p2a: Whimsicott
|-sidestart|p2: paydayvgc|move: Tailwind
|move|p1a: Rotom|Discharge|p2b: Garchomp|[spread] p2a
|-activate|p1b: Sceptile|move: Protect
|-immune|p2b: Garchomp
|-resisted|p2a: Whimsicott|1
|-damage|p2a: Whimsicott|77/100
|
|upkeep
|turn|2
|inactive|AdritwoG has 30 seconds left.
|inactive|paydayvgc has 30 seconds left.
|
|t:|1782572998
|switch|p1a: Sneasler|Sneasler, L50, F|100/100
|switch|p1b: Whimsicott|Whimsicott, L50, M|100/100
|move|p2a: Whimsicott|Moonblast|p1b: Whimsicott
|-damage|p1b: Whimsicott|40/100
|-unboost|p1b: Whimsicott|spa|1
|move|p2b: Garchomp|Dragon Claw|p1b: Whimsicott
|-immune|p1b: Whimsicott
|
|upkeep
|turn|3
|inactive|AdritwoG has 30 seconds left.
|
|t:|1782573026
|switch|p2a: Farigiraf|Farigiraf, L50, F|100/100
|move|p1a: Sneasler|Fake Out||[still]
|cant|p2a: Farigiraf|ability: Armor Tail|Fake Out|[of] p1a: Sneasler
|move|p1b: Whimsicott|Tailwind|p1b: Whimsicott
|-sidestart|p1: AdritwoG|move: Tailwind
|move|p2b: Garchomp|Earthquake|p1a: Sneasler|[spread] p2a,p1a,p1b
|-supereffective|p1a: Sneasler|1
|-resisted|p1b: Whimsicott|1
|-crit|p1b: Whimsicott
|-damage|p2a: Farigiraf|62/100
|-damage|p1a: Sneasler|0 fnt
|-damage|p1b: Whimsicott|0 fnt
|faint|p1a: Sneasler
|faint|p1b: Whimsicott
|-damage|p2b: Garchomp|90/100|[from] item: Life Orb
|
|upkeep
|
|t:|1782573042
|switch|p1b: Rotom|Rotom-Heat, L50|100/100
|switch|p1a: Sceptile|Sceptile-Mega, L50, F|100/100
|turn|4
|inactive|AdritwoG has 30 seconds left.
|inactive|paydayvgc has 30 seconds left.
|inactive|paydayvgc has 20 seconds left.
|
|t:|1782573092
|move|p2b: Garchomp|Protect|p2b: Garchomp
|-singleturn|p2b: Garchomp|Protect
|move|p1b: Rotom|Discharge|p2a: Farigiraf|[spread] p2a
|-activate|p2b: Garchomp|move: Protect
|-ability|p1a: Sceptile|Lightning Rod|boost
|-boost|p1a: Sceptile|spa|1
|-damage|p2a: Farigiraf|35/100
|-status|p2a: Farigiraf|par
|-enditem|p2a: Farigiraf|Sitrus Berry|[eat]
|-heal|p2a: Farigiraf|60/100 par|[from] item: Sitrus Berry
|move|p1a: Sceptile|Dragon Pulse|p2a: Farigiraf
|-damage|p2a: Farigiraf|0 fnt
|faint|p2a: Farigiraf
|
|-sideend|p2: paydayvgc|move: Tailwind
|upkeep
|
|t:|1782573100
|switch|p2a: Whimsicott|Whimsicott, L50, M|77/100
|turn|5
|
|t:|1782573117
|move|p1b: Rotom|Discharge|p2b: Garchomp|[spread] p2a
|-ability|p1a: Sceptile|Lightning Rod|boost
|-boost|p1a: Sceptile|spa|1
|-immune|p2b: Garchomp
|-resisted|p2a: Whimsicott|1
|-damage|p2a: Whimsicott|53/100
|move|p1a: Sceptile|Dragon Pulse|p2b: Garchomp
|-supereffective|p2b: Garchomp|1
|-damage|p2b: Garchomp|0 fnt
|faint|p2b: Garchomp
|move|p2a: Whimsicott|Moonblast|p1a: Sceptile
|-supereffective|p1a: Sceptile|1
|-damage|p1a: Sceptile|0 fnt
|faint|p1a: Sceptile
|
|upkeep
|
|t:|1782573126
|switch|p2b: Charizard|Charizard, L50, F, shiny|100/100
|turn|6
|
|t:|1782573134
|move|p2b: Charizard|Protect|p2b: Charizard
|-singleturn|p2b: Charizard|Protect
|move|p2a: Whimsicott|Tailwind|p2a: Whimsicott
|-sidestart|p2: paydayvgc|move: Tailwind
|move|p1b: Rotom|Discharge|p2a: Whimsicott|[spread] p2a
|-activate|p2b: Charizard|move: Protect
|-resisted|p2a: Whimsicott|1
|-damage|p2a: Whimsicott|31/100
|
|-sideend|p1: AdritwoG|move: Tailwind
|upkeep
|turn|7
|
|t:|1782573146
|detailschange|p2b: Charizard|Charizard-Mega-Y, L50, F, shiny
|-mega|p2b: Charizard|Charizard|Charizardite Y
|-weather|SunnyDay|[from] ability: Drought|[of] p2b: Charizard
|move|p2a: Whimsicott|Moonblast|p1b: Rotom
|-resisted|p1b: Rotom|1
|-damage|p1b: Rotom|78/100
|move|p2b: Charizard|Weather Ball|p1b: Rotom
|-resisted|p1b: Rotom|1
|-damage|p1b: Rotom|21/100
|move|p1b: Rotom|Discharge|p2a: Whimsicott|[spread] p2a,p2b
|-resisted|p2a: Whimsicott|1
|-supereffective|p2b: Charizard|1
|-damage|p2a: Whimsicott|10/100
|-damage|p2b: Charizard|45/100
|
|-weather|SunnyDay|[upkeep]
|upkeep
|turn|8
|
|t:|1782573163
|move|p2a: Whimsicott|Moonblast|p1b: Rotom
|-resisted|p1b: Rotom|1
|-damage|p1b: Rotom|0 fnt
|faint|p1b: Rotom
|
|win|paydayvgc
|l|☆AdritwoG
|player|p1|
||paydayvgc is ready for game 2.
|inactive|AdritwoG has 30 seconds to confirm battle start!
||AdritwoG is ready for game 2.
|uhtml|next|Next: Game 2 of 3
