|j|☆black urshifu stan
|j|☆Ruben1452
|html|black urshifu stanRuben1452    
|uhtml|bestof|Game 1 of a best-of-3
|t:|1756776221
|gametype|doubles
|player|p1|black urshifu stan|pokefan-gen4|1107
|player|p2|Ruben1452|hilbert-wonderlauncher|1093
|gen|9
|tier|[Gen 9] VGC 2025 Reg H (Bo3)
|rated|
|rule|Species Clause: Limit one of each Pokémon
|rule|Item Clause: Limit 1 of each item
|clearpoke
|poke|p1|Garchomp, L50, F|
|poke|p1|Torkoal, L50, M|
|poke|p1|Dragonite, L50, M|
|poke|p1|Typhlosion-Hisui, L50, F|
|poke|p1|Jumpluff, L50, M|
|poke|p1|Annihilape, L50, M|
|poke|p2|Incineroar, L50, M|
|poke|p2|Basculegion, L50, M|
|poke|p2|Pelipper, L50, M|
|poke|p2|Amoonguss, L50, M|
|poke|p2|Archaludon, L50, M|
|poke|p2|Gholdengo, L50|
|teampreview|4
|showteam|p1|Garchomp||LifeOrb|RoughSkin|DragonClaw,StompingTantrum,Earthquake,Protect|||F|||50|,,,,,Fairy]Torkoal||EjectPack|Drought|Overheat,BurningJealousy,HelpingHand,Protect|||M|||50|,,,,,Grass]Dragonite||LoadedDice|Multiscale|ScaleShot,Haze,IceSpinner,Protect|||M|||50|,,,,,Fairy]Typhlosion-Hisui||ChoiceSpecs|Blaze|Eruption,ShadowBall,HeatWave,Overheat|||F|||50|,,,,,Fire]Jumpluff||CovertCloak|Chlorophyll|SleepPowder,SunnyDay,RagePowder,Tailwind|||M|||50|,,,,,Dark]Annihilape||SafetyGoggles|Defiant|CloseCombat,RageFist,FinalGambit,Taunt|||M|||50|,,,,,Fairy
|showteam|p2|Incineroar||SafetyGoggles|Intimidate|FakeOut,PartingShot,Taunt,KnockOff|||M|||50|,,,,,Ghost]Basculegion||ChoiceBand|SwiftSwim|WaveCrash,LastRespects,FlipTurn,AquaJet|||M|||50|,,,,,Grass]Pelipper||FocusSash|Drizzle|WeatherBall,Hurricane,Tailwind,WideGuard|||M|||50|,,,,,Ground]Amoonguss||SitrusBerry|Regenerator|Spore,RagePowder,PollenPuff,Protect|||M|||50|,,,,,Water]Archaludon||AssaultVest|Stamina|ElectroShot,DragonPulse,FlashCannon,BodyPress|||M|||50|,,,,,Bug]Gholdengo||LifeOrb|GoodasGold|MakeItRain,ShadowBall,NastyPlot,Protect||||||50|,,,,,Water
|inactive|Battle timer is ON: inactive players will automatically lose when time's up. (requested by Ruben1452)
|inactive|black urshifu stan also wants the timer to be on.
|inactive|Ruben1452 has 60 seconds left.
|inactive|Ruben1452 has 30 seconds left.
|inactive|Ruben1452 has 20 seconds left.
|inactive|Ruben1452 has 15 seconds left.
|inactive|Ruben1452 has 10 seconds left.
|inactive|Ruben1452 has 5 seconds left.
|
|t:|1756776313
|teamsize|p1|4
|teamsize|p2|4
|start
|switch|p1a: Jumpluff|Jumpluff, L50, M|100/100
|switch|p1b: Typhlosion|Typhlosion-Hisui, L50, F|100/100
|switch|p2a: Amoonguss|Amoonguss, L50, M|100/100
|switch|p2b: Gholdengo|Gholdengo, L50|100/100
|turn|1
|
|t:|1756776337
|-terastallize|p1b: Typhlosion|Fire
|-terastallize|p2a: Amoonguss|Water
|move|p2b: Gholdengo|Protect|p2b: Gholdengo
|-singleturn|p2b: Gholdengo|Protect
|move|p1a: Jumpluff|Sleep Powder|p2a: Amoonguss
|-status|p2a: Amoonguss|slp|[from] move: Sleep Powder
|move|p1b: Typhlosion|Eruption|p2a: Amoonguss|[spread] p2a
|-activate|p2b: Gholdengo|move: Protect
|-resisted|p2a: Amoonguss
|-damage|p2a: Amoonguss|54/100 slp
|cant|p2a: Amoonguss|slp
|
|upkeep
|turn|2
|
|t:|1756776352
|switch|p2b: Incineroar|Incineroar, L50, M|100/100
|-ability|p2b: Incineroar|Intimidate|boost
|-unboost|p1a: Jumpluff|atk|1
|-unboost|p1b: Typhlosion|atk|1
|move|p1a: Jumpluff|Sunny Day|p1a: Jumpluff
|-weather|SunnyDay
|move|p1b: Typhlosion|Eruption|p2b: Incineroar|[spread] p2a,p2b
|-resisted|p2a: Amoonguss
|-resisted|p2b: Incineroar
|-damage|p2a: Amoonguss|0 fnt
|-damage|p2b: Incineroar|31/100
|faint|p2a: Amoonguss
|
|-weather|SunnyDay|[upkeep]
|upkeep
|
|t:|1756776362
|switch|p2a: Gholdengo|Gholdengo, L50|100/100
|turn|3
|
|t:|1756776374
|move|p2b: Incineroar|Fake Out|p1b: Typhlosion
|-damage|p1b: Typhlosion|83/100
|move|p1a: Jumpluff|Sunny Day||[still]
|-fail|p1a: Jumpluff
|cant|p1b: Typhlosion|flinch
|move|p2a: Gholdengo|Shadow Ball|p1b: Typhlosion
|-damage|p1b: Typhlosion|14/100
|-damage|p2a: Gholdengo|91/100|[from] item: Life Orb
|
|-weather|SunnyDay|[upkeep]
|upkeep
|turn|4
|
|t:|1756776391
|switch|p1b: Garchomp|Garchomp, L50, F|100/100
|move|p2a: Gholdengo|Protect|p2a: Gholdengo
|-singleturn|p2a: Gholdengo|Protect
|move|p1a: Jumpluff|Tailwind|p1a: Jumpluff
|-sidestart|p1: black urshifu stan|move: Tailwind
|move|p2b: Incineroar|Parting Shot|p1a: Jumpluff
|-unboost|p1a: Jumpluff|atk|1
|-unboost|p1a: Jumpluff|spa|1
|
|t:|1756776401
|switch|p2b: Basculegion|Basculegion, L50, M|100/100|[from] Parting Shot
|
|-weather|SunnyDay|[upkeep]
|upkeep
|turn|5
|
|t:|1756776413
|switch|p2a: Incineroar|Incineroar, L50, M|31/100
|-ability|p2a: Incineroar|Intimidate|boost
|-unboost|p1a: Jumpluff|atk|1
|-unboost|p1b: Garchomp|atk|1
|move|p1a: Jumpluff|Sleep Powder|p2b: Basculegion
|-status|p2b: Basculegion|slp|[from] move: Sleep Powder
|move|p1b: Garchomp|Earthquake|p2a: Incineroar|[spread] p2a,p2b
|-immune|p1a: Jumpluff
|-supereffective|p2a: Incineroar
|-damage|p2a: Incineroar|0 fnt
|-damage|p2b: Basculegion|57/100 slp
|faint|p2a: Incineroar
|-damage|p1b: Garchomp|91/100|[from] item: Life Orb
|cant|p2b: Basculegion|slp
|
|-weather|SunnyDay|[upkeep]
|upkeep
|
|t:|1756776420
|switch|p2a: Gholdengo|Gholdengo, L50|91/100
|turn|6
|
|t:|1756776434
|switch|p1a: Typhlosion|Typhlosion-Hisui, L50, F, tera:Fire|14/100
|move|p2a: Gholdengo|Protect|p2a: Gholdengo
|-singleturn|p2a: Gholdengo|Protect
|move|p1b: Garchomp|Earthquake|p2b: Basculegion|[spread] p1a,p2b
|-activate|p2a: Gholdengo|move: Protect
|-supereffective|p1a: Typhlosion
|-damage|p1a: Typhlosion|0 fnt
|-damage|p2b: Basculegion|17/100 slp
|faint|p1a: Typhlosion
|-damage|p1b: Garchomp|81/100|[from] item: Life Orb
|-curestatus|p2b: Basculegion|slp|[msg]
|move|p2b: Basculegion|Last Respects|p1b: Garchomp
|-damage|p1b: Garchomp|0 fnt
|faint|p1b: Garchomp
|
|-weather|none
|upkeep
|
|t:|1756776438
|switch|p1b: Jumpluff|Jumpluff, L50, M|100/100
|switch|p1a: Torkoal|Torkoal, L50, M|100/100
|-weather|SunnyDay|[from] ability: Drought|[of] p1a: Torkoal
|turn|7
|inactive|Ruben1452 has 30 seconds left.
|inactive|Ruben1452 has 20 seconds left.
|
|t:|1756776477
|move|p1b: Jumpluff|Rage Powder|p1b: Jumpluff
|-singleturn|p1b: Jumpluff|move: Rage Powder
|move|p2a: Gholdengo|Shadow Ball|p1b: Jumpluff
|-damage|p1b: Jumpluff|46/100
|-damage|p2a: Gholdengo|82/100|[from] item: Life Orb
|move|p2b: Basculegion|Last Respects|p1b: Jumpluff
|-damage|p1b: Jumpluff|0 fnt
|faint|p1b: Jumpluff
|move|p1a: Torkoal|Burning Jealousy|p2a: Gholdengo|[spread] p2a,p2b
|-supereffective|p2a: Gholdengo
|-resisted|p2b: Basculegion
|-damage|p2a: Gholdengo|11/100
|-damage|p2b: Basculegion|0 fnt
|faint|p2b: Basculegion
|
|-weather|SunnyDay|[upkeep]
|-sideend|p1: black urshifu stan|move: Tailwind
|upkeep
|turn|8
|
|t:|1756776493
|move|p2a: Gholdengo|Shadow Ball|p1a: Torkoal
|-damage|p1a: Torkoal|20/100
|-damage|p2a: Gholdengo|1/100|[from] item: Life Orb
|move|p1a: Torkoal|Burning Jealousy|p2a: Gholdengo
|-supereffective|p2a: Gholdengo
|-damage|p2a: Gholdengo|0 fnt
|faint|p2a: Gholdengo
|
|win|black urshifu stan
||black urshifu stan is ready for game 2.
||Ruben1452 is ready for game 2.
|uhtml|next|Next: Game 2 of 3
