|j|☆Sapphire39
|j|☆uzuki0401
|html|Sapphire39uzuki0401    
|uhtml|bestof|Game 2 of a best-of-3
|t:|1782188667
|gametype|doubles
|player|p1|Sapphire39|rosa|
|player|p2|uzuki0401|will|
|gen|9
|tier|[Gen 9 Champions] VGC 2026 Reg M-B (Bo3)
|rule|Species Clause: Limit one of each Pokémon
|rule|Item Clause: Limit 1 of each item
|clearpoke
|poke|p1|Whimsicott, L50, F|
|poke|p1|Swampert, L50, F|
|poke|p1|Pelipper, L50, M|
|poke|p1|Archaludon, L50, F|
|poke|p1|Basculegion, L50, M|
|poke|p1|Floette-Eternal, L50, F|
|poke|p2|Scrafty, L50, M|
|poke|p2|Staraptor, L50, M|
|poke|p2|Whimsicott, L50, F|
|poke|p2|Torkoal, L50, M|
|poke|p2|Basculegion, L50, M|
|poke|p2|Floette-Eternal, L50, F|
|teampreview|4
|showteam|p1|Whimsicott||CobaBerry|Prankster|Moonblast,Tailwind,Encore,Protect|Bold||F|||50|]Swampert||Swampertite|Damp|WaveCrash,Earthquake,IcePunch,Protect|Adamant||F|||50|]Pelipper||LifeOrb|Drizzle|Hurricane,WeatherBall,Tailwind,Protect|Modest||M|||50|]Archaludon||Leftovers|Stamina|DracoMeteor,FlashCannon,ElectroShot,Protect|Modest||F|||50|]Basculegion||FocusSash|Adaptability|Liquidation,LastRespects,AquaJet,Protect|Adamant||M|||50|]Floette-Eternal||Floettite|FlowerVeil|Moonblast,DazzlingGleam,LightofRuin,Protect|Modest||F|||50|
|showteam|p2|Scrafty||Scraftinite|Intimidate|FakeOut,Protect,KnockOff,CloseCombat|Serious||M|||50|]Staraptor||ChoiceScarf|Intimidate|DoubleEdge,FinalGambit,Uturn,BraveBird|Jolly||M|||50|]Whimsicott||FocusSash|Prankster|Encore,Tailwind,TrickRoom,Moonblast|Modest||F|||50|]Torkoal||Charcoal|Drought|Eruption,HeatWave,SolarBeam,WeatherBall|Quiet||M|||50|]Basculegion|||SwiftSwim|WaveCrash,LastRespects,AquaJet,Protect|Adamant||M|||50|]Floette-Eternal||Floettite|FlowerVeil|Protect,Moonblast,LightofRuin,DazzlingGleam|Modest||F|||50|
|
|t:|1782188684
|teamsize|p1|4
|teamsize|p2|4
|start
|switch|p1a: Floette|Floette-Eternal, L50, F|100/100
|switch|p1b: Whimsicott|Whimsicott, L50, F|100/100
|switch|p2a: Staraptor|Staraptor, L50, M|100/100
|switch|p2b: Whimsicott|Whimsicott, L50, F|100/100
|-ability|p2a: Staraptor|Intimidate|boost
|-unboost|p1a: Floette|atk|1
|-block|p1b: Whimsicott|ability: Flower Veil|[of] p1a: Floette
|turn|1
|inactive|Battle timer is ON: inactive players will automatically lose when time's up. (requested by uzuki0401)
|
|t:|1782188709
|detailschange|p1a: Floette|Floette-Mega, L50, F
|-mega|p1a: Floette|Floette|Floettite
|-ability|p1a: Floette|Fairy Aura
|move|p1b: Whimsicott|Tailwind|p1b: Whimsicott
|-sidestart|p1: Sapphire39|move: Tailwind
|move|p1a: Floette|Dazzling Gleam|p2a: Staraptor|[spread] p2a,p2b
|-damage|p2a: Staraptor|26/100
|-damage|p2b: Whimsicott|33/100
|move|p2a: Staraptor|Double-Edge|p1a: Floette
|-damage|p1a: Floette|32/100
|-damage|p2a: Staraptor|8/100|[from] Recoil
|move|p2b: Whimsicott|Trick Room|p2b: Whimsicott
|-fieldstart|move: Trick Room|[of] p2b: Whimsicott
|
|upkeep
|turn|2
|inactive|Sapphire39 has 30 seconds left.
|
|t:|1782188735
|switch|p1a: Archaludon|Archaludon, L50, F|100/100
|move|p2b: Whimsicott|Encore|p1b: Whimsicott
|-start|p1b: Whimsicott|Encore
|move|p1b: Whimsicott|Tailwind||[still]
|-fail|p1b: Whimsicott
|move|p2a: Staraptor|Double-Edge|p1b: Whimsicott
|-crit|p1b: Whimsicott
|-damage|p1b: Whimsicott|29/100
|-damage|p2a: Staraptor|0 fnt|[from] Recoil
|faint|p2a: Staraptor
|
|upkeep
|
|t:|1782188746
|switch|p2a: Floette|Floette-Eternal, L50, F|100/100
|turn|3
|inactive|Sapphire39 has 30 seconds left.
|inactive|Sapphire39 has 20 seconds left.
|inactive|Sapphire39 has 15 seconds left.
|inactive|Sapphire39 has 10 seconds left.
|
|t:|1782188792
|switch|p1b: Floette|Floette-Mega, L50, F|32/100
|-ability|p1b: Floette|Fairy Aura
|detailschange|p2a: Floette|Floette-Mega, L50, F
|-mega|p2a: Floette|Floette|Floettite
|-ability|p2a: Floette|Fairy Aura
|move|p2a: Floette|Dazzling Gleam|p1b: Floette|[spread] p1a,p1b
|-damage|p1a: Archaludon|54/100
|-damage|p1b: Floette|0 fnt
|-ability|p1a: Archaludon|Stamina|boost
|-boost|p1a: Archaludon|def|1
|faint|p1b: Floette
|move|p2b: Whimsicott|Moonblast|p1a: Archaludon
|-damage|p1a: Archaludon|6/100
|-ability|p1a: Archaludon|Stamina|boost
|-boost|p1a: Archaludon|def|1
|move|p1a: Archaludon|Flash Cannon|p2b: Whimsicott
|-supereffective|p2b: Whimsicott|1
|-damage|p2b: Whimsicott|0 fnt
|faint|p2b: Whimsicott
|
|-heal|p1a: Archaludon|12/100|[from] item: Leftovers
|upkeep
|
|t:|1782188814
|switch|p2b: Basculegion|Basculegion, L50, M|100/100
|switch|p1b: Whimsicott|Whimsicott, L50, F|29/100
|turn|4
|
|t:|1782188825
|move|p1b: Whimsicott|Protect|p1b: Whimsicott
|-singleturn|p1b: Whimsicott|Protect
|move|p1a: Archaludon|Protect|p1a: Archaludon
|-singleturn|p1a: Archaludon|Protect
|move|p2b: Basculegion|Aqua Jet|p1a: Archaludon
|-activate|p1a: Archaludon|move: Protect
|move|p2a: Floette|Dazzling Gleam|p1a: Archaludon|[spread] 
|-activate|p1a: Archaludon|move: Protect
|-activate|p1b: Whimsicott|move: Protect
|
|-heal|p1a: Archaludon|18/100|[from] item: Leftovers
|-sideend|p1: Sapphire39|move: Tailwind
|upkeep
|turn|5
|
|t:|1782188850
|move|p2b: Basculegion|Protect|p2b: Basculegion
|-singleturn|p2b: Basculegion|Protect
|move|p1b: Whimsicott|Encore|p2b: Basculegion
|-activate|p2b: Basculegion|move: Protect
|move|p1a: Archaludon|Flash Cannon|p2a: Floette
|-supereffective|p2a: Floette|1
|-damage|p2a: Floette|43/100
|-unboost|p2a: Floette|spd|1
|move|p2a: Floette|Dazzling Gleam|p1b: Whimsicott|[spread] p1a,p1b
|-damage|p1a: Archaludon|0 fnt
|-damage|p1b: Whimsicott|0 fnt
|faint|p1a: Archaludon
|faint|p1b: Whimsicott
|
|-fieldend|move: Trick Room
|upkeep
|
|t:|1782188863
|switch|p1b: Pelipper|Pelipper, L50, M|100/100
|-weather|RainDance|[from] ability: Drizzle|[of] p1b: Pelipper
|turn|6
|
|t:|1782188871
|move|p2b: Basculegion|Last Respects|p1b: Pelipper
|-damage|p1b: Pelipper|7/100
|move|p2a: Floette|Moonblast|p1b: Pelipper
|-damage|p1b: Pelipper|0 fnt
|faint|p1b: Pelipper
|
|win|uzuki0401
||uzuki0401 is ready for game 3.
