|j|☆Quill86
|j|☆RagingJudge
|html|Quill86RagingJudge    
|uhtml|bestof|Game 1 of a best-of-3
|t:|1757645799
|gametype|doubles
|player|p1|Quill86|lucas|1139
|player|p2|RagingJudge|silver|1160
|gen|9
|tier|[Gen 9] VGC 2025 Reg H (Bo3)
|rated|
|rule|Species Clause: Limit one of each Pokémon
|rule|Item Clause: Limit 1 of each item
|clearpoke
|poke|p1|Incineroar, L50, M|
|poke|p1|Gholdengo, L50|
|poke|p1|Ursaluna-Bloodmoon, L50, M|
|poke|p1|Indeedee-F, L50, F|
|poke|p1|Gallade, L50, M|
|poke|p1|Torkoal, L50, F|
|poke|p2|Pelipper, L50, F|
|poke|p2|Archaludon, L50, F|
|poke|p2|Kingdra, L50, F|
|poke|p2|Illumise, L50, F|
|poke|p2|Rillaboom, L50, F|
|poke|p2|Sneasler, L50, F|
|teampreview|4
|showteam|p1|Incineroar||SafetyGoggles|Intimidate|FakeOut,FlareBlitz,KnockOff,PartingShot|||M|||50|,,,,,Ghost]Gholdengo||SitrusBerry|GoodasGold|MakeItRain,ShadowBall,NastyPlot,Protect||||||50|,,,,,Water]Ursaluna-Bloodmoon||LifeOrb|MindsEye|BloodMoon,HyperVoice,EarthPower,Protect|||M|||50|,,,,,Normal]Indeedee-F||PsychicSeed|PsychicSurge|FollowMe,TrickRoom,HelpingHand,DazzlingGleam|||F|||50|,,,,,Fairy]Gallade||ClearAmulet|Sharpness|SacredSword,PsychoCut,LeafBlade,TrickRoom|||M|||50|,,,,,Grass]Torkoal||Leftovers|Drought|Eruption,WeatherBall,Yawn,Protect|||F|||50|,,,,,Fire
|showteam|p2|Pelipper||ChoiceScarf|Drizzle|Hurricane,MuddyWater,Uturn,WeatherBall|||F|||50|,,,,,Water]Archaludon||AssaultVest|Stamina|ElectroShot,FlashCannon,DracoMeteor,BodyPress|||F|||50|,,,,,Fairy]Kingdra||LifeOrb|SwiftSwim|Scald,DracoMeteor,Hurricane,Protect|||F|||50|,,,,,Stellar]Illumise||CovertCloak|Prankster|Tailwind,RainDance,StruggleBug,FakeTears|||F|||50|,,,,,Dark]Rillaboom||LoadedDice|GrassySurge|FakeOut,GrassyGlide,BulletSeed,HighHorsepower|||F|||50|,,,,,Fire]Sneasler||FocusSash|Unburden|DireClaw,Protect,Coaching,CloseCombat|||F|||50|,,,,,Ghost
|inactive|Battle timer is ON: inactive players will automatically lose when time's up. (requested by Quill86)
|
|t:|1757645828
|teamsize|p1|4
|teamsize|p2|4
|start
|switch|p1a: Indeedee|Indeedee-F, L50, F|100/100
|switch|p1b: Gallade|Gallade, L50, M|100/100
|switch|p2a: Pelipper|Pelipper, L50, F|100/100
|switch|p2b: Kingdra|Kingdra, L50, F|100/100
|-weather|RainDance|[from] ability: Drizzle|[of] p2a: Pelipper
|-fieldstart|move: Psychic Terrain|[from] ability: Psychic Surge|[of] p1a: Indeedee
|-enditem|p1a: Indeedee|Psychic Seed
|-boost|p1a: Indeedee|spd|1|[from] item: Psychic Seed
|turn|1
|
|t:|1757645844
|move|p1a: Indeedee|Follow Me|p1a: Indeedee
|-singleturn|p1a: Indeedee|move: Follow Me
|move|p2b: Kingdra|Hurricane|p1a: Indeedee
|-damage|p1a: Indeedee|72/100
|-start|p1a: Indeedee|confusion
|-damage|p2b: Kingdra|90/100|[from] item: Life Orb
|move|p2a: Pelipper|Muddy Water|p1a: Indeedee|[spread] p1b
|-miss|p2a: Pelipper|p1a: Indeedee
|-damage|p1b: Gallade|63/100
|move|p1b: Gallade|Trick Room|p1b: Gallade
|-fieldstart|move: Trick Room|[of] p1b: Gallade
|
|-weather|RainDance|[upkeep]
|upkeep
|turn|2
|
|t:|1757645869
|switch|p1a: Torkoal|Torkoal, L50, F|100/100
|-weather|SunnyDay|[from] ability: Drought|[of] p1a: Torkoal
|switch|p2b: Illumise|Illumise, L50, F|100/100
|move|p1b: Gallade|Psycho Cut|p2a: Pelipper
|-damage|p2a: Pelipper|0 fnt
|faint|p2a: Pelipper
|
|-weather|SunnyDay|[upkeep]
|upkeep
|
|t:|1757645876
|switch|p2a: Kingdra|Kingdra, L50, F|90/100
|turn|3
|
|t:|1757645888
|move|p2b: Illumise|Rain Dance|p2b: Illumise
|-weather|RainDance
|move|p1a: Torkoal|Eruption|p2a: Kingdra|[spread] p2a,p2b
|-resisted|p2a: Kingdra
|-supereffective|p2b: Illumise
|-damage|p2a: Kingdra|84/100
|-damage|p2b: Illumise|54/100
|move|p1b: Gallade|Psycho Cut|p2a: Kingdra
|-damage|p2a: Kingdra|0 fnt
|faint|p2a: Kingdra
|
|-weather|RainDance|[upkeep]
|upkeep
|
|t:|1757645893
|switch|p2a: Archaludon|Archaludon, L50, F|100/100
|turn|4
|
|t:|1757645906
|-terastallize|p1a: Torkoal|Fire
|move|p1a: Torkoal|Eruption|p2a: Archaludon|[spread] p2a,p2b
|-supereffective|p2b: Illumise
|-damage|p2a: Archaludon|77/100
|-damage|p2b: Illumise|0 fnt
|-ability|p2a: Archaludon|Stamina|boost
|-boost|p2a: Archaludon|def|1
|faint|p2b: Illumise
|move|p1b: Gallade|Psycho Cut|p2a: Archaludon
|-resisted|p2a: Archaludon
|-damage|p2a: Archaludon|59/100
|-ability|p2a: Archaludon|Stamina|boost
|-boost|p2a: Archaludon|def|1
|move|p2a: Archaludon|Electro Shot||[still]
|-prepare|p2a: Archaludon|Electro Shot
|-boost|p2a: Archaludon|spa|1
|-anim|p2a: Archaludon|Electro Shot|p1a: Torkoal
|-damage|p1a: Torkoal|16/100
|
|-weather|RainDance|[upkeep]
|-heal|p1a: Torkoal|22/100|[from] item: Leftovers
|upkeep
|turn|5
|
|t:|1757645922
|-terastallize|p2a: Archaludon|Fairy
|move|p1a: Torkoal|Eruption|p2a: Archaludon
|-damage|p2a: Archaludon|52/100
|-ability|p2a: Archaludon|Stamina|boost
|-boost|p2a: Archaludon|def|1
|move|p1b: Gallade|Sacred Sword|p2a: Archaludon
|-resisted|p2a: Archaludon
|-damage|p2a: Archaludon|24/100
|-ability|p2a: Archaludon|Stamina|boost
|-boost|p2a: Archaludon|def|1
|move|p2a: Archaludon|Electro Shot||[still]
|-prepare|p2a: Archaludon|Electro Shot
|-boost|p2a: Archaludon|spa|1
|-anim|p2a: Archaludon|Electro Shot|p1b: Gallade
|-crit|p1b: Gallade
|-damage|p1b: Gallade|0 fnt
|faint|p1b: Gallade
|
|-weather|RainDance|[upkeep]
|-heal|p1a: Torkoal|28/100|[from] item: Leftovers
|-fieldend|move: Trick Room
|-fieldend|move: Psychic Terrain
|upkeep
|
|t:|1757645928
|switch|p1b: Indeedee|Indeedee-F, L50, F|72/100
|-fieldstart|move: Psychic Terrain|[from] ability: Psychic Surge|[of] p1b: Indeedee
|turn|6
|
|t:|1757645939
|move|p2a: Archaludon|Electro Shot||[still]
|-prepare|p2a: Archaludon|Electro Shot
|-boost|p2a: Archaludon|spa|1
|-anim|p2a: Archaludon|Electro Shot|p1a: Torkoal
|-damage|p1a: Torkoal|0 fnt
|faint|p1a: Torkoal
|move|p1b: Indeedee|Trick Room|p1b: Indeedee
|-fieldstart|move: Trick Room|[of] p1b: Indeedee
|
|-weather|RainDance|[upkeep]
|upkeep
|
|t:|1757645944
|switch|p1a: Ursaluna|Ursaluna-Bloodmoon, L50, M|100/100
|turn|7
|
|t:|1757645948
|move|p1b: Indeedee|Helping Hand|p1a: Ursaluna
|-singleturn|p1a: Ursaluna|Helping Hand|[of] p1b: Indeedee
|move|p1a: Ursaluna|Blood Moon|p2a: Archaludon
|-damage|p2a: Archaludon|0 fnt
|faint|p2a: Archaludon
|-damage|p1a: Ursaluna|90/100|[from] item: Life Orb
|
|win|Quill86
||RagingJudge is ready for game 2.
|inactive|Quill86 has 30 seconds to confirm battle start!
||Quill86 is ready for game 2.
|uhtml|next|Next: Game 2 of 3
|l|☆RagingJudge
|player|p2|
