|j|☆Luke693VGC
|j|☆Skyline67
|html|Luke693VGCSkyline67    
|uhtml|bestof|Game 1 of a best-of-3
|t:|1756834824
|gametype|doubles
|player|p1|Luke693VGC|cyclist-gen4|
|player|p2|Skyline67|acetrainer-gen4dp|
|gen|9
|tier|[Gen 9] VGC 2025 Reg H (Bo3)
|rule|Species Clause: Limit one of each Pokémon
|rule|Item Clause: Limit 1 of each item
|clearpoke
|poke|p1|Archaludon, L50, F|
|poke|p1|Pelipper, L50, F|
|poke|p1|Basculegion, L50, M|
|poke|p1|Amoonguss, L50, F|
|poke|p1|Incineroar, L50, M|
|poke|p1|Gholdengo, L50|
|poke|p2|Sneasler, L50, F|
|poke|p2|Kingambit, L50, M|
|poke|p2|Rillaboom, L50, F|
|poke|p2|Baxcalibur, L50, F|
|poke|p2|Volcarona, L50, F|
|poke|p2|Palafin, L50, M|
|teampreview|4
|showteam|p1|Archaludon||AssaultVest|Stamina|DragonPulse,ElectroShot,FlashCannon,BodyPress|||F|||50|,,,,,Bug]Pelipper||FocusSash|Drizzle|WeatherBall,Hurricane,Tailwind,Protect|||F|||50|,,,,,Ground]Basculegion||ChoiceBand|SwiftSwim|WaveCrash,LastRespects,AquaJet,FlipTurn|||M|||50|,,,,,Grass]Amoonguss||CovertCloak|Regenerator|PollenPuff,RagePowder,Spore,Protect|||F|||50|,,,,,Water]Incineroar||SafetyGoggles|Intimidate|KnockOff,FakeOut,PartingShot,Taunt|||M|||50|,,,,,Ghost]Gholdengo||LifeOrb|GoodasGold|MakeItRain,ShadowBall,NastyPlot,Protect||||||50|,,,,,Water
|showteam|p2|Sneasler||FocusSash|PoisonTouch|Protect,Coaching,DireClaw,CloseCombat|||F|||50|,,,,,Stellar]Kingambit||SafetyGoggles|Defiant|Protect,SwordsDance,KowtowCleave,SuckerPunch|||M|||50|,,,,,Ghost]Rillaboom||AssaultVest|GrassySurge|FakeOut,GrassyGlide,HighHorsepower,WoodHammer|||F|||50|,,,,,Water]Baxcalibur||LoadedDice|ThermalExchange|Protect,IceShard,ScaleShot,IcicleSpear|||F|||50|,,,,,Ghost]Volcarona||SitrusBerry|FlameBody|StruggleBug,RagePowder,Overheat,Tailwind|||F|||50|,,,,,Grass]Palafin||ClearAmulet|ZerotoHero|JetPunch,WaveCrash,Haze,Protect|||M|||50|,,,,,Grass
|
|t:|1756834894
|teamsize|p1|4
|teamsize|p2|4
|start
|switch|p1a: Archaludon|Archaludon, L50, F|100/100
|switch|p1b: Pelipper|Pelipper, L50, F|100/100
|switch|p2a: Palafin|Palafin, L50, M|100/100
|switch|p2b: Rillaboom|Rillaboom, L50, F|100/100
|-fieldstart|move: Grassy Terrain|[from] ability: Grassy Surge|[of] p2b: Rillaboom
|-weather|RainDance|[from] ability: Drizzle|[of] p1b: Pelipper
|turn|1
|
|t:|1756834934
|detailschange|p2a: Palafin|Palafin-Hero, L50, M
|switch|p2a: Kingambit|Kingambit, L50, M|100/100
|-terastallize|p1a: Archaludon|Bug
|move|p2b: Rillaboom|Fake Out|p1b: Pelipper
|-damage|p1b: Pelipper|82/100
|cant|p1b: Pelipper|flinch
|move|p1a: Archaludon|Electro Shot||[still]
|-prepare|p1a: Archaludon|Electro Shot
|-boost|p1a: Archaludon|spa|1
|-anim|p1a: Archaludon|Electro Shot|p2a: Kingambit
|-damage|p2a: Kingambit|32/100
|
|-weather|RainDance|[upkeep]
|-heal|p2a: Kingambit|38/100|[from] Grassy Terrain
|upkeep
|turn|2
|
|t:|1756834963
|move|p2a: Kingambit|Protect|p2a: Kingambit
|-singleturn|p2a: Kingambit|Protect
|move|p2b: Rillaboom|Wood Hammer|p1b: Pelipper
|-damage|p1b: Pelipper|0 fnt
|faint|p1b: Pelipper
|-damage|p2b: Rillaboom|81/100|[from] Recoil
|move|p1a: Archaludon|Electro Shot||[still]
|-prepare|p1a: Archaludon|Electro Shot
|-boost|p1a: Archaludon|spa|1
|-anim|p1a: Archaludon|Electro Shot|p2a: Kingambit
|-activate|p2a: Kingambit|move: Protect
|
|-weather|RainDance|[upkeep]
|-heal|p2b: Rillaboom|87/100|[from] Grassy Terrain
|-heal|p2a: Kingambit|43/100|[from] Grassy Terrain
|upkeep
|
|t:|1756834979
|switch|p1b: Incineroar|Incineroar, L50, M|100/100
|-ability|p1b: Incineroar|Intimidate|boost
|-unboost|p2a: Kingambit|atk|1
|-ability|p2a: Kingambit|Defiant|boost
|-boost|p2a: Kingambit|atk|2
|-unboost|p2b: Rillaboom|atk|1
|turn|3
|
|t:|1756835016
|switch|p2b: Sneasler|Sneasler, L50, F|100/100
|move|p1b: Incineroar|Fake Out|p2b: Sneasler
|-damage|p2b: Sneasler|81/100
|move|p1a: Archaludon|Electro Shot||[still]
|-prepare|p1a: Archaludon|Electro Shot
|-boost|p1a: Archaludon|spa|1
|-anim|p1a: Archaludon|Electro Shot|p2a: Kingambit
|-crit|p2a: Kingambit
|-damage|p2a: Kingambit|0 fnt
|faint|p2a: Kingambit
|
|-weather|RainDance|[upkeep]
|-heal|p2b: Sneasler|86/100|[from] Grassy Terrain
|upkeep
|
|t:|1756835029
|switch|p2a: Palafin|Palafin-Hero, L50, M|100/100
|-activate|p2a: Palafin|ability: Zero to Hero
|turn|4
|
|t:|1756835062
|switch|p1b: Basculegion|Basculegion, L50, M|100/100
|move|p2b: Sneasler|Coaching|p2a: Palafin
|-boost|p2a: Palafin|atk|1
|-boost|p2a: Palafin|def|1
|move|p2a: Palafin|Wave Crash|p1a: Archaludon
|-damage|p1a: Archaludon|0 fnt
|faint|p1a: Archaludon
|-damage|p2a: Palafin|67/100|[from] Recoil
|
|-weather|RainDance|[upkeep]
|-heal|p2b: Sneasler|92/100|[from] Grassy Terrain
|-heal|p2a: Palafin|73/100|[from] Grassy Terrain
|upkeep
|
|t:|1756835074
|switch|p1a: Incineroar|Incineroar, L50, M|100/100
|-ability|p1a: Incineroar|Intimidate|boost
|-fail|p2a: Palafin|unboost|[from] item: Clear Amulet|[of] p2a: Palafin
|-unboost|p2b: Sneasler|atk|1
|turn|5
|
|t:|1756835110
|move|p2a: Palafin|Protect|p2a: Palafin
|-singleturn|p2a: Palafin|Protect
|move|p1a: Incineroar|Fake Out|p2a: Palafin
|-activate|p2a: Palafin|move: Protect
|move|p1b: Basculegion|Wave Crash|p2b: Sneasler
|-damage|p2b: Sneasler|0 fnt
|faint|p2b: Sneasler
|-damage|p1b: Basculegion|78/100|[from] Recoil
|
|-weather|none
|-heal|p1b: Basculegion|84/100|[from] Grassy Terrain
|-heal|p2a: Palafin|79/100|[from] Grassy Terrain
|-fieldend|move: Grassy Terrain
|upkeep
|
|t:|1756835121
|switch|p2b: Rillaboom|Rillaboom, L50, F|87/100
|-fieldstart|move: Grassy Terrain|[from] ability: Grassy Surge|[of] p2b: Rillaboom
|turn|6
|
|t:|1756835155
|move|p2a: Palafin|Wave Crash|p1a: Incineroar
|-supereffective|p1a: Incineroar
|-damage|p1a: Incineroar|0 fnt
|faint|p1a: Incineroar
|-damage|p2a: Palafin|44/100|[from] Recoil
|move|p2b: Rillaboom|Wood Hammer|p1b: Basculegion
|-supereffective|p1b: Basculegion
|-damage|p1b: Basculegion|0 fnt
|faint|p1b: Basculegion
|-damage|p2b: Rillaboom|58/100|[from] Recoil
|
|win|Skyline67
|inactive|Luke693VGC has 30 seconds to confirm battle start!
|inactive|Skyline67 has 30 seconds to confirm battle start!
||Skyline67 is ready for game 2.
||Luke693VGC is ready for game 2.
|uhtml|next|Next: Game 2 of 3
