|j|☆dperez2552
|j|☆Davirate
|html|dperez2552Davirate    
|uhtml|bestof|Game 1 of a best-of-3
|t:|1756172551
|gametype|doubles
|player|p1|dperez2552|skyla|1078
|player|p2|Davirate|steven-masters2|1201
|gen|9
|tier|[Gen 9] VGC 2025 Reg H (Bo3)
|rated|
|rule|Species Clause: Limit one of each Pokémon
|rule|Item Clause: Limit 1 of each item
|clearpoke
|poke|p1|Archaludon, L50, M|
|poke|p1|Pelipper, L50, F|
|poke|p1|Amoonguss, L50, M|
|poke|p1|Indeedee, L50, M|
|poke|p1|Ursaluna, L50, M|
|poke|p1|Basculegion, L50, M|
|poke|p2|Archaludon, L50, F|
|poke|p2|Pelipper, L50, F|
|poke|p2|Gholdengo, L50|
|poke|p2|Basculegion, L50, M|
|poke|p2|Amoonguss, L50, F|
|poke|p2|Incineroar, L50, M|
|teampreview|4
|showteam|p1|Archaludon||PowerHerb|Stalwart|ElectroShot,FlashCannon,Protect,DracoMeteor|||M|||50|,,,,,Electric]Pelipper||FocusSash|Drizzle|WideGuard,Tailwind,WeatherBall,Hurricane|||F|||50|,,,,,Grass]Amoonguss||SitrusBerry|Regenerator|PollenPuff,Spore,RagePowder,Protect|||M|||50|,,,,,Steel]Indeedee||ChoiceSpecs|PsychicSurge|ExpandingForce,TrickRoom,Trick,Protect|||M|||50|,,,,,Psychic]Ursaluna||FlameOrb|Guts|HeadlongRush,Facade,Protect,Earthquake|||M|||50|,,,,,Ghost]Basculegion||ChoiceScarf|Adaptability|LastRespects,WaveCrash,AquaJet,FlipTurn|||M|||50|,,,,,Water
|showteam|p2|Archaludon||AssaultVest|Stamina|FlashCannon,DracoMeteor,ElectroShot,BodyPress|||F|||50|,,,,,Bug]Pelipper||FocusSash|Drizzle|Protect,WeatherBall,Tailwind,Hurricane|||F|||50|,,,,,Ghost]Gholdengo||LifeOrb|GoodasGold|Protect,MakeItRain,NastyPlot,ShadowBall||||||50|,,,,,Water]Basculegion||ChoiceBand|SwiftSwim|WaveCrash,LastRespects,FlipTurn,AquaJet|||M|||50|,,,,,Grass]Amoonguss||SitrusBerry|Regenerator|Protect,PollenPuff,RagePowder,Spore|||F|||50|,,,,,Psychic]Incineroar||SafetyGoggles|Intimidate|FlareBlitz,KnockOff,PartingShot,FakeOut|||M|||50|,,,,,Ghost
|
|t:|1756172634
|teamsize|p1|4
|teamsize|p2|4
|start
|switch|p1a: Archaludon|Archaludon, L50, M|100/100
|switch|p1b: Amoonguss|Amoonguss, L50, M|100/100
|switch|p2a: Basculegion|Basculegion, L50, M, shiny|100/100
|switch|p2b: Pelipper|Pelipper, L50, F, shiny|100/100
|-weather|RainDance|[from] ability: Drizzle|[of] p2b: Pelipper
|turn|1
|
|t:|1756172666
|-terastallize|p1a: Archaludon|Electric
|move|p2a: Basculegion|Flip Turn|p1a: Archaludon
|-damage|p1a: Archaludon|46/100
|
|t:|1756172671
|switch|p2a: Amoonguss|Amoonguss, L50, F|100/100|[from] Flip Turn
|move|p2b: Pelipper|Hurricane|p1b: Amoonguss
|-supereffective|p1b: Amoonguss
|-damage|p1b: Amoonguss|26/100
|-enditem|p1b: Amoonguss|Sitrus Berry|[eat]
|-heal|p1b: Amoonguss|51/100|[from] item: Sitrus Berry
|move|p1a: Archaludon|Electro Shot||[still]
|-prepare|p1a: Archaludon|Electro Shot
|-boost|p1a: Archaludon|spa|1
|-anim|p1a: Archaludon|Electro Shot|p2a: Amoonguss
|-resisted|p2a: Amoonguss
|-damage|p2a: Amoonguss|57/100
|move|p1b: Amoonguss|Spore|p2b: Pelipper
|-status|p2b: Pelipper|slp|[from] move: Spore
|
|-weather|RainDance|[upkeep]
|upkeep
|turn|2
|
|t:|1756172706
|move|p2a: Amoonguss|Protect|p2a: Amoonguss
|-singleturn|p2a: Amoonguss|Protect
|cant|p2b: Pelipper|slp
|move|p1a: Archaludon|Draco Meteor|p2a: Amoonguss
|-activate|p2a: Amoonguss|move: Protect
|move|p1b: Amoonguss|Pollen Puff|p1a: Archaludon
|-heal|p1a: Archaludon|95/100
|
|-weather|RainDance|[upkeep]
|upkeep
|turn|3
|
|t:|1756172729
|switch|p1b: Basculegion|Basculegion, L50, M|100/100
|cant|p2b: Pelipper|slp
|move|p1a: Archaludon|Electro Shot||[still]
|-prepare|p1a: Archaludon|Electro Shot
|-boost|p1a: Archaludon|spa|1
|-anim|p1a: Archaludon|Electro Shot|p2a: Amoonguss
|-resisted|p2a: Amoonguss
|-damage|p2a: Amoonguss|0 fnt
|faint|p2a: Amoonguss
|
|-weather|RainDance|[upkeep]
|upkeep
|
|t:|1756172741
|switch|p2a: Basculegion|Basculegion, L50, M, shiny|100/100
|turn|4
|
|t:|1756172758
|move|p1a: Archaludon|Protect|p1a: Archaludon
|-singleturn|p1a: Archaludon|Protect
|move|p2a: Basculegion|Last Respects|p1b: Basculegion
|-supereffective|p1b: Basculegion
|-damage|p1b: Basculegion|0 fnt
|faint|p1b: Basculegion
|-curestatus|p2b: Pelipper|slp|[msg]
|move|p2b: Pelipper|Tailwind|p2b: Pelipper
|-sidestart|p2: Davirate|move: Tailwind
|
|-weather|RainDance|[upkeep]
|upkeep
|
|t:|1756172772
|switch|p1b: Pelipper|Pelipper, L50, F|100/100
|turn|5
|
|t:|1756172785
|move|p2a: Basculegion|Last Respects|p1a: Archaludon
|-damage|p1a: Archaludon|43/100
|move|p2b: Pelipper|Weather Ball|p1a: Archaludon
|-damage|p1a: Archaludon|0 fnt
|faint|p1a: Archaludon
|move|p1b: Pelipper|Weather Ball|p2b: Pelipper
|-resisted|p2b: Pelipper
|-damage|p2b: Pelipper|41/100
|
|-weather|none
|upkeep
|
|t:|1756172795
|switch|p1a: Amoonguss|Amoonguss, L50, M|84/100
|turn|6
|
|t:|1756172823
|switch|p2a: Gholdengo|Gholdengo, L50|100/100
|move|p2b: Pelipper|Weather Ball|p1b: Pelipper
|-damage|p1b: Pelipper|72/100
|move|p1b: Pelipper|Weather Ball|p2b: Pelipper
|-damage|p2b: Pelipper|14/100
|move|p1a: Amoonguss|Spore|p2a: Gholdengo
|-immune|p2a: Gholdengo|[from] ability: Good as Gold
|
|upkeep
|turn|7
|
|t:|1756172854
|move|p2a: Gholdengo|Shadow Ball|p1b: Pelipper
|-damage|p1b: Pelipper|0 fnt
|faint|p1b: Pelipper
|-damage|p2a: Gholdengo|91/100|[from] item: Life Orb
|move|p2b: Pelipper|Hurricane|p1a: Amoonguss
|-supereffective|p1a: Amoonguss
|-damage|p1a: Amoonguss|5/100
|move|p1a: Amoonguss|Spore|p2b: Pelipper
|-status|p2b: Pelipper|slp|[from] move: Spore
|
|-sideend|p2: Davirate|move: Tailwind
|upkeep
|turn|8
|
|t:|1756172874
|move|p2a: Gholdengo|Make It Rain|p1a: Amoonguss
|-damage|p1a: Amoonguss|0 fnt
|-unboost|p2a: Gholdengo|spa|1
|faint|p1a: Amoonguss
|-damage|p2a: Gholdengo|81/100|[from] item: Life Orb
|
|win|Davirate
||dperez2552 is ready for game 2.
