|j|☆lancepp
|j|☆Gabeeel
|html|lanceppGabeeel    
|uhtml|bestof|Game 1 of a best-of-3
|t:|1784326909
|gametype|doubles
|player|p1|lancepp|2|
|player|p2|Gabeeel|iris|
|gen|9
|tier|[Gen 9 Champions] VGC 2026 Reg M-B (Bo3)
|rule|Species Clause: Limit one of each Pokémon
|rule|Item Clause: Limit 1 of each item
|clearpoke
|poke|p1|Talonflame, L50, F|
|poke|p1|Politoed, L50, F|
|poke|p1|Basculegion-F, L50, F|
|poke|p1|Dragonite, L50, M|
|poke|p1|Metagross, L50|
|poke|p1|Krookodile, L50, F|
|poke|p2|Scrafty, L50, M, shiny|
|poke|p2|Glimmora, L50, F|
|poke|p2|Talonflame, L50, F|
|poke|p2|Primarina, L50, F|
|poke|p2|Mamoswine, L50, F|
|poke|p2|Metagross, L50|
|teampreview|4
|showteam|p1|Talonflame||SharpBeak|GaleWings|Protect,Hurricane,Tailwind,Overheat|Modest||F|||50|]Politoed||SitrusBerry|Drizzle|WeatherBall,Encore,MuddyWater,Protect|Calm||F|||50|]Basculegion-F||ChoiceScarf|Adaptability|WaveCrash,FlipTurn,LastRespects,AquaJet|Jolly||F|||50|]Dragonite||Dragoninite|Multiscale|DracoMeteor,Protect,Thunder,Hurricane|Modest||M|||50|]Metagross||LifeOrb|ClearBody|PsychicFangs,Protect,BulletPunch,IronHead|Adamant|||||50|]Krookodile||FocusSash|Intimidate|Earthquake,Protect,KnockOff,HighHorsepower|Jolly||F|||50|
|showteam|p2|Scrafty||Scraftinite|Intimidate|FakeOut,DrainPunch,KnockOff,HelpingHand|Adamant||M|||50|]Glimmora||Glimmoranite|ToxicDebris|SludgeBomb,PowerGem,EarthPower,SpikyShield|Modest||F|||50|]Talonflame||ExpertBelt|GaleWings|BraveBird,FlareBlitz,Tailwind,Protect|Jolly||F|||50|]Primarina||Leftovers|LiquidVoice|HyperVoice,Moonblast,CalmMind,Protect|Modest||F|||50|]Mamoswine||FocusSash|Oblivious|Earthquake,HighHorsepower,IceShard,Protect|Adamant||F|||50|]Metagross||ColburBerry|ClearBody|PsychicFangs,IronHead,BulletPunch,Protect|Adamant|||||50|
|c|☆Gabeeel|hf
|c|☆lancepp|U2
|
|t:|1784326981
|teamsize|p1|4
|teamsize|p2|4
|start
|switch|p1a: Basculegion|Basculegion-F, L50, F|100/100
|switch|p1b: Dragonite|Dragonite, L50, M|100/100
|switch|p2a: Aviões do Forró|Talonflame, L50, F|100/100
|switch|p2b: Puterrier|Scrafty, L50, M, shiny|100/100
|-ability|p2b: Puterrier|Intimidate|boost
|-unboost|p1a: Basculegion|atk|1
|-unboost|p1b: Dragonite|atk|1
|turn|1
|
|t:|1784327025
|switch|p1b: Politoed|Politoed, L50, F|100/100
|-weather|RainDance|[from] ability: Drizzle|[of] p1b: Politoed
|move|p2b: Puterrier|Fake Out|p1b: Politoed
|-damage|p1b: Politoed|88/100
|move|p2a: Aviões do Forró|Tailwind|p2a: Aviões do Forró
|-sidestart|p2: Gabeeel|move: Tailwind
|move|p1a: Basculegion|Flip Turn|p2b: Puterrier
|-damage|p2b: Puterrier|66/100
|
|t:|1784327042
|switch|p1a: Dragonite|Dragonite, L50, M|100/100|[from] Flip Turn
|
|-weather|RainDance|[upkeep]
|upkeep
|turn|2
|
|t:|1784327079
|detailschange|p2b: Puterrier|Scrafty-Mega, L50, M, shiny
|-mega|p2b: Puterrier|Scrafty|Scraftinite
|-ability|p2b: Puterrier|Intimidate|boost
|-unboost|p1a: Dragonite|atk|1
|-unboost|p1b: Politoed|atk|1
|detailschange|p1a: Dragonite|Dragonite-Mega, L50, M
|-mega|p1a: Dragonite|Dragonite|Dragoninite
|move|p2a: Aviões do Forró|Brave Bird|p1a: Dragonite
|-crit|p1a: Dragonite
|-damage|p1a: Dragonite|64/100
|-damage|p2a: Aviões do Forró|87/100|[from] Recoil
|move|p2b: Puterrier|Knock Off|p1b: Politoed
|-damage|p1b: Politoed|38/100
|-enditem|p1b: Politoed|Sitrus Berry|[from] move: Knock Off|[of] p2b: Puterrier
|move|p1a: Dragonite|Hurricane|p2b: Puterrier
|-supereffective|p2b: Puterrier|1
|-damage|p2b: Puterrier|0 fnt
|faint|p2b: Puterrier
|move|p1b: Politoed|Weather Ball|p2a: Aviões do Forró
|-supereffective|p2a: Aviões do Forró|1
|-damage|p2a: Aviões do Forró|0 fnt
|faint|p2a: Aviões do Forró
|
|-weather|RainDance|[upkeep]
|upkeep
|
|t:|1784327095
|switch|p2a: Pabllo Vittar|Primarina, L50, F|100/100
|switch|p2b: Banda Grafith|Mamoswine, L50, F|100/100
|turn|3
|
|t:|1784327128
|move|p1a: Dragonite|Protect|p1a: Dragonite
|-singleturn|p1a: Dragonite|Protect
|move|p2b: Banda Grafith|High Horsepower|p1b: Politoed
|-damage|p1b: Politoed|0 fnt
|faint|p1b: Politoed
|move|p2a: Pabllo Vittar|Moonblast|p1a: Dragonite
|-activate|p1a: Dragonite|move: Protect
|
|-weather|RainDance|[upkeep]
|upkeep
|
|t:|1784327138
|switch|p1b: Talonflame|Talonflame, L50, F|100/100
|turn|4
|
|t:|1784327199
|move|p2b: Banda Grafith|Ice Shard|p1a: Dragonite
|-supereffective|p1a: Dragonite|2
|-damage|p1a: Dragonite|0 fnt
|faint|p1a: Dragonite
|move|p1b: Talonflame|Tailwind|p1b: Talonflame
|-sidestart|p1: lancepp|move: Tailwind
|move|p2a: Pabllo Vittar|Hyper Voice|p1b: Talonflame
|-supereffective|p1b: Talonflame|1
|-damage|p1b: Talonflame|0 fnt
|faint|p1b: Talonflame
|
|-weather|RainDance|[upkeep]
|-sideend|p2: Gabeeel|move: Tailwind
|upkeep
|
|t:|1784327208
|switch|p1b: Basculegion|Basculegion-F, L50, F|100/100
|turn|5
|
|t:|1784327226
|move|p2b: Banda Grafith|Protect|p2b: Banda Grafith
|-singleturn|p2b: Banda Grafith|Protect
|move|p2a: Pabllo Vittar|Protect|p2a: Pabllo Vittar
|-singleturn|p2a: Pabllo Vittar|Protect
|move|p1b: Basculegion|Last Respects|p2b: Banda Grafith
|-activate|p2b: Banda Grafith|move: Protect
|
|-weather|none
|upkeep
|turn|6
|
|t:|1784327240
|move|p1b: Basculegion|Last Respects|p2a: Pabllo Vittar
|-damage|p2a: Pabllo Vittar|0 fnt
|faint|p2a: Pabllo Vittar
|move|p2b: Banda Grafith|High Horsepower|p1b: Basculegion
|-damage|p1b: Basculegion|29/100
|
|upkeep
|turn|7
|-message|lancepp forfeited.
|
|win|Gabeeel
||Gabeeel is ready for game 2.
||lancepp is ready for game 2.
|uhtml|next|Next: Game 2 of 3
