|j|ŌśåspeedjamŌśå
|j|Ōśåmoli0320
|html|speedjamŌśåmoli0320    
|uhtml|bestof|Game 3 of a best-of-3
|t:|1782531421
|gametype|doubles
|player|p1|speedjamŌśå|benga|1049
|player|p2|moli0320|steven|1084
|gen|9
|tier|[Gen 9 Champions] VGC 2026 Reg M-B (Bo3)
|rated|
|rule|Species Clause: Limit one of each Pok├®mon
|rule|Item Clause: Limit 1 of each item
|clearpoke
|poke|p1|Lucario, L50, F|
|poke|p1|Basculegion, L50, M|
|poke|p1|Mr. Rime, L50, F|
|poke|p1|Sylveon, L50, M|
|poke|p1|Incineroar, L50, M|
|poke|p1|Aerodactyl, L50, F|
|poke|p2|Eelektross, L50, F|
|poke|p2|Pelipper, L50, F|
|poke|p2|Archaludon, L50, M|
|poke|p2|Swampert, L50, M, shiny|
|poke|p2|Maushold-Four, L50, shiny|
|poke|p2|Overqwil, L50, M|
|teampreview|4
|showteam|p1|Lucario||Lucarionite|InnerFocus|CloseCombat,IcePunch,BulletPunch,Detect|Jolly||F|||50|]Basculegion||ChoiceScarf|Adaptability|LastRespects,WaveCrash,FlipTurn,AquaJet|Adamant||M|||50|]Mr. Rime||NeverMeltIce|ScreenCleaner|FreezeDry,Psychic,NastyPlot,Protect|Modest||F|||50|]Sylveon||FairyFeather|Pixilate|HyperBeam,HyperVoice,QuickAttack,Protect|Quiet||M|||50|]Incineroar||SitrusBerry|Intimidate|FlareBlitz,FakeOut,PartingShot,Taunt|Sassy||M|||50|]Aerodactyl||Aerodactylite|Unnerve|RockSlide,DualWingbeat,Tailwind,Protect|Jolly||F|||50|
|showteam|p2|Eelektross||Eelektrossite|Levitate|GrassKnot,Protect,Thunder,DragonPulse|Modest||F|||50|]Pelipper||FocusSash|Drizzle|Tailwind,Hurricane,WeatherBall,HelpingHand|Timid||F|||50|]Archaludon||Leftovers|Stamina|DragonPulse,ElectroShot,FlashCannon,Protect|Calm||M|||50|]Swampert||Swampertite|Torrent|IcePunch,Earthquake,WaveCrash,Protect|Adamant||M|||50|]Maushold-Four||SitrusBerry|FriendGuard|RainDance,FollowMe,SuperFang,Feint|Jolly|||||50|]Overqwil||LifeOrb|SwiftSwim|LashOut,PoisonJab,AquaJet,Protect|Adamant||M|||50|
|inactive|Battle timer is ON: inactive players will automatically lose when time's up. (requested by speedjamŌśå)
|inactive|moli0320 has 60 seconds left.
|
|t:|1782531469
|teamsize|p1|4
|teamsize|p2|4
|start
|switch|p1a: Incineroar|Incineroar, L50, M|100/100
|switch|p1b: Mr. Rime|Mr. Rime, L50, F|100/100
|switch|p2a: El Sapo Pepe|Swampert, L50, M, shiny|100/100
|switch|p2b: Colapinto|Pelipper, L50, F|100/100
|-weather|RainDance|[from] ability: Drizzle|[of] p2b: Colapinto
|-ability|p1a: Incineroar|Intimidate|boost
|-unboost|p2a: El Sapo Pepe|atk|1
|-unboost|p2b: Colapinto|atk|1
|turn|1
|inactive|moli0320 has 30 seconds left.
|inactive|moli0320 has 20 seconds left.
|inactive|moli0320 has 15 seconds left.
|
|t:|1782531512
|detailschange|p2a: El Sapo Pepe|Swampert-Mega, L50, M, shiny
|-mega|p2a: El Sapo Pepe|Swampert|Swampertite
|move|p1a: Incineroar|Fake Out|p2b: Colapinto
|-crit|p2b: Colapinto
|-damage|p2b: Colapinto|81/100
|move|p2a: El Sapo Pepe|Earthquake|p1a: Incineroar|[spread] p1a,p1b
|-immune|p2b: Colapinto
|-supereffective|p1a: Incineroar|1
|-damage|p1a: Incineroar|46/100
|-damage|p1b: Mr. Rime|71/100
|-enditem|p1a: Incineroar|Sitrus Berry|[eat]
|-heal|p1a: Incineroar|71/100|[from] item: Sitrus Berry
|cant|p2b: Colapinto|flinch
|move|p1b: Mr. Rime|Freeze-Dry|p2b: Colapinto
|-supereffective|p2b: Colapinto|2
|-damage|p2b: Colapinto|0 fnt
|faint|p2b: Colapinto
|
|-weather|RainDance|[upkeep]
|upkeep
|
|t:|1782531528
|switch|p2b: Los Ramirez|Maushold-Four, L50, shiny|100/100
|turn|2
|inactive|speedjamŌśå has 30 seconds left.
|inactive|speedjamŌśå has 20 seconds left.
|
|t:|1782531567
|move|p2a: El Sapo Pepe|Earthquake|p1b: Mr. Rime|[spread] p2b,p1a,p1b
|-supereffective|p1a: Incineroar|1
|-damage|p2b: Los Ramirez|61/100
|-damage|p1a: Incineroar|13/100
|-damage|p1b: Mr. Rime|42/100
|move|p2b: Los Ramirez|Super Fang|p1b: Mr. Rime
|-damage|p1b: Mr. Rime|21/100
|move|p1b: Mr. Rime|Nasty Plot|p1b: Mr. Rime
|-boost|p1b: Mr. Rime|spa|2
|move|p1a: Incineroar|Taunt|p2b: Los Ramirez
|-start|p2b: Los Ramirez|move: Taunt
|
|-weather|RainDance|[upkeep]
|upkeep
|turn|3
|inactive|speedjamŌśå has 30 seconds left.
|inactive|moli0320 has 30 seconds left.
|
|t:|1782531598
|move|p2b: Los Ramirez|Feint|p1b: Mr. Rime
|-damage|p1b: Mr. Rime|13/100
|move|p2a: El Sapo Pepe|Earthquake|p1b: Mr. Rime|[spread] p2b,p1a,p1b
|-supereffective|p1a: Incineroar|1
|-damage|p2b: Los Ramirez|26/100
|-damage|p1a: Incineroar|0 fnt
|-damage|p1b: Mr. Rime|0 fnt
|-enditem|p2b: Los Ramirez|Sitrus Berry|[eat]
|-heal|p2b: Los Ramirez|51/100|[from] item: Sitrus Berry
|faint|p1a: Incineroar
|faint|p1b: Mr. Rime
|
|-weather|RainDance|[upkeep]
|upkeep
|
|t:|1782531602
|switch|p1b: Lucario|Lucario, L50, F|100/100
|switch|p1a: Sylveon|Sylveon, L50, M|100/100
|turn|4
|inactive|speedjamŌśå has 30 seconds left.
|
|t:|1782531635
|detailschange|p1b: Lucario|Lucario-Mega, L50, F
|-mega|p1b: Lucario|Lucario|Lucarionite
|move|p2b: Los Ramirez|Feint|p1b: Lucario
|-resisted|p1b: Lucario|1
|-damage|p1b: Lucario|94/100
|move|p2a: El Sapo Pepe|Earthquake|p1a: Sylveon|[spread] p2b,p1a,p1b
|-supereffective|p1b: Lucario|1
|-damage|p2b: Los Ramirez|16/100
|-damage|p1a: Sylveon|58/100
|-damage|p1b: Lucario|8/100
|move|p1b: Lucario|Close Combat|p2b: Los Ramirez
|-supereffective|p2b: Los Ramirez|1
|-crit|p2b: Los Ramirez
|-damage|p2b: Los Ramirez|0 fnt
|-unboost|p1b: Lucario|def|1
|-unboost|p1b: Lucario|spd|1
|faint|p2b: Los Ramirez
|move|p1a: Sylveon|Hyper Beam|p2a: El Sapo Pepe
|-damage|p2a: El Sapo Pepe|0 fnt
|-mustrecharge|p1a: Sylveon
|faint|p2a: El Sapo Pepe
|
|-weather|RainDance|[upkeep]
|upkeep
|
|t:|1782531655
|switch|p2a: Brooklyn|Archaludon, L50, M|100/100
|turn|5
|
|t:|1782531664
|move|p1b: Lucario|Close Combat|p2a: Brooklyn
|-supereffective|p2a: Brooklyn|1
|-damage|p2a: Brooklyn|0 fnt
|-unboost|p1b: Lucario|def|1
|-unboost|p1b: Lucario|spd|1
|faint|p2a: Brooklyn
|
|win|speedjamŌśå
|raw|speedjamŌśå's rating: 1049 → 1085(+36 for winning)
|raw|moli0320's rating: 1084 → 1059(-25 for losing)
|l|Ōśåmoli0320
|player|p2|
