|j|☆KnekroGitano
|j|☆Jarita Peruano
|html|KnekroGitanoJarita Peruano    
|uhtml|bestof|Game 2 of a best-of-3
|t:|1783089606
|gametype|doubles
|player|p1|KnekroGitano|preschooler|
|player|p2|Jarita Peruano|cheren-gen5bw2|
|gen|9
|tier|[Gen 9 Champions] VGC 2026 Reg M-B (Bo3)
|rule|Species Clause: Limit one of each Pokémon
|rule|Item Clause: Limit 1 of each item
|clearpoke
|poke|p1|Greninja, L50, M|
|poke|p1|Ceruledge, L50, M|
|poke|p1|Incineroar, L50, F|
|poke|p1|Sinistcha, L50|
|poke|p1|Milotic, L50, M|
|poke|p1|Floette-Eternal, L50, F|
|poke|p2|Raichu, L50, M|
|poke|p2|Toxapex, L50, M|
|poke|p2|Chimecho, L50, M|
|poke|p2|Incineroar, L50, M|
|poke|p2|Sinistcha, L50|
|poke|p2|Pelipper, L50, F|
|teampreview|4
|showteam|p1|Greninja||Greninjite|Protean|GunkShot,BrickBreak,DarkPulse,Protect|Naive||M|||50|]Ceruledge||ColburBerry|FlashFire|BitterBlade,ShadowSneak,BulkUp,Protect|Adamant||M|||50|]Incineroar||SitrusBerry|Intimidate|FlareBlitz,ThroatChop,PartingShot,FakeOut|Impish||F|||50|]Sinistcha||KasibBerry|Hospitality|MatchaGotcha,RagePowder,LifeDew,Protect|Bold|||||50|]Milotic||Leftovers|Competitive|MuddyWater,Coil,Hypnosis,Protect|Calm||M|||50|]Floette-Eternal||Floettite|FlowerVeil|DrainingKiss,DazzlingGleam,CalmMind,Protect|Timid||F|||50|
|showteam|p2|Raichu||RaichuniteX|LightningRod|FakeOut,BrickBreak,VoltTackle,Protect|Jolly||M|||50|]Toxapex||Leftovers|Regenerator|ToxicSpikes,Infestation,Toxic,BanefulBunker|Bold||M|||50|]Chimecho||Chimechite|Levitate|DazzlingGleam,CalmMind,Psyshock,Protect|Modest||M|||50|]Incineroar||PasshoBerry|Intimidate|Protect,FakeOut,PartingShot,DarkestLariat|Impish||M|||50|]Sinistcha||KasibBerry|Hospitality|MatchaGotcha,TrickRoom,RagePowder,Protect|Bold|||||50|]Pelipper||FocusSash|Drizzle|WeatherBall,Hurricane,WideGuard,HelpingHand|Modest||F|||50|
|j| Los Ramirez
|j| Shishio_Ax
|j| pokemonalpha.es
|c| Los Ramirez|No no, sishio, aplica siempre
|c| Los Ramirez|Shishio israelí
|j| An555gel
|j| Jmf_vgc_92
|n| Shishio israeli|losramirez
|c| Shishio_Ax|Prefiero matarme
|j| free indy
|c|☆Jarita Peruano|sinceramente
|c|☆Jarita Peruano|yo ya estoy feliz
|c|☆Jarita Peruano|esta basura de equipo ha ganado un game
|c| Shishio israeli|quien es knekro gitano
|c| free indy|darki
|c| pokemonalpha.es|darki
|c| free indy|jara peruano es maik
|c| Shishio_Ax|Chompy q cojones
|c|☆Jarita Peruano|Shishio israelí pásalo
|c| free indy|pero acaba de soltar una frase bastante darki
|c| Shishio israeli|doble mega y no juega ninguna
|c| Shishio israeli|solo podia ser darki
|c|☆Jarita Peruano|aura, es cierto
|
|t:|1783089699
|teamsize|p1|4
|teamsize|p2|4
|start
|switch|p1a: Floette|Floette-Eternal, L50, F|100/100
|switch|p1b: Incineroar|Incineroar, L50, F|100/100
|switch|p2a: Toxapex|Toxapex, L50, M|100/100
|switch|p2b: Raichu|Raichu, L50, M|100/100
|-ability|p1b: Incineroar|Intimidate|boost
|-unboost|p2a: Toxapex|atk|1
|-unboost|p2b: Raichu|atk|1
|turn|1
|c| Shishio israeli|Si Pokémon fuera Kpop darki se llevaría todos los edits de las kpopers
|c| Shishio israeli|el cabrón farmea aura hasta sin querer
|c| Shishio_Ax|JASJAJSAJSJSAJ
|
|t:|1783089726
|detailschange|p2b: Raichu|Raichu-Mega-X, L50, M
|-mega|p2b: Raichu|Raichu|Raichunite X
|-fieldstart|move: Electric Terrain|[from] ability: Electric Surge|[of] p2b: Raichu
|detailschange|p1a: Floette|Floette-Mega, L50, F
|-mega|p1a: Floette|Floette|Floettite
|-ability|p1a: Floette|Fairy Aura
|move|p1a: Floette|Protect|p1a: Floette
|-singleturn|p1a: Floette|Protect
|move|p2b: Raichu|Fake Out|p1a: Floette
|-activate|p1a: Floette|move: Protect
|move|p1b: Incineroar|Flare Blitz|p2b: Raichu
|-damage|p2b: Raichu|43/100
|-status|p2b: Raichu|brn
|-damage|p1b: Incineroar|86/100|[from] Recoil
|move|p2a: Toxapex|Toxic|p1b: Incineroar
|-status|p1b: Incineroar|tox
|
|-damage|p1b: Incineroar|80/100 tox|[from] psn
|-damage|p2b: Raichu|36/100 brn|[from] brn
|upkeep
|turn|2
|c|☆Jarita Peruano|:(
|c| Shishio_Ax|Hala
|c| Shishio_Ax|Ya haxeando
|c| Shishio israeli|que te jodan miguel
|c| Shishio_Ax|Ese si es Darki
|c| pokemonalpha.es|ese Incineroar bastante israelí tmbn
|l| An555gel
|c|☆Jarita Peruano|MAXI NO ME MATES POR EL TURNO
|c| Shishio israeli|Es mencionar a Israel y los judíos y se va angel
|c| Shishio israeli|que locura
|
|t:|1783089801
|switch|p1a: Sinistcha|Sinistcha, L50|100/100
|-heal|p1b: Incineroar|100/100 tox|[from] ability: Hospitality|[of] p1a: Sinistcha
|move|p2b: Raichu|Volt Tackle|p1a: Sinistcha
|-resisted|p1a: Sinistcha|1
|-damage|p1a: Sinistcha|89/100
|-damage|p2b: Raichu|32/100 brn|[from] Recoil
|move|p1b: Incineroar|Parting Shot|p2b: Raichu
|-unboost|p2b: Raichu|atk|1
|-unboost|p2b: Raichu|spa|1
|
|t:|1783089815
|switch|p1b: Floette|Floette-Mega, L50, F|100/100|[from] Parting Shot
|-ability|p1b: Floette|Fairy Aura
|move|p2a: Toxapex|Infestation|p1a: Sinistcha
|-crit|p1a: Sinistcha
|-damage|p1a: Sinistcha|84/100
|-activate|p1a: Sinistcha|move: Infestation|[of] p2a: Toxapex
|
|-damage|p2b: Raichu|26/100 brn|[from] brn
|-damage|p1a: Sinistcha|72/100|[from] move: Infestation|[partiallytrapped]
|upkeep
|turn|3
|
|t:|1783089828
|switch|p2b: Incineroar|Incineroar, L50, M|100/100
|-ability|p2b: Incineroar|Intimidate|boost
|-unboost|p1a: Sinistcha|atk|1
|-unboost|p1b: Floette|atk|1
|move|p1a: Sinistcha|Rage Powder|p1a: Sinistcha
|-singleturn|p1a: Sinistcha|move: Rage Powder
|move|p1b: Floette|Calm Mind|p1b: Floette
|-boost|p1b: Floette|spa|1
|-boost|p1b: Floette|spd|1
|move|p2a: Toxapex|Toxic|p1a: Sinistcha
|-status|p1a: Sinistcha|tox
|
|-damage|p1a: Sinistcha|66/100 tox|[from] psn
|-damage|p1a: Sinistcha|53/100 tox|[from] move: Infestation|[partiallytrapped]
|upkeep
|turn|4
|c| Shishio israeli|en este formato en el que solo puedes jugar la mega que te dan, como no te hayan soltao una buena contra Toxapex estas cooked
|
|t:|1783089852
|switch|p1a: Incineroar|Incineroar, L50, F|100/100 tox
|-ability|p1a: Incineroar|Intimidate|boost
|-unboost|p2a: Toxapex|atk|1
|-unboost|p2b: Incineroar|atk|1
|move|p1b: Floette|Protect|p1b: Floette
|-singleturn|p1b: Floette|Protect
|move|p2b: Incineroar|Darkest Lariat|p1a: Incineroar
|-resisted|p1a: Incineroar|1
|-damage|p1a: Incineroar|91/100 tox
|move|p2a: Toxapex|Toxic|p1b: Floette
|-activate|p1b: Floette|move: Protect
|
|-damage|p1a: Incineroar|85/100 tox|[from] psn
|upkeep
|turn|5
|
|t:|1783089873
|move|p1a: Incineroar|Fake Out|p2a: Toxapex
|-damage|p2a: Toxapex|92/100
|move|p1b: Floette|Calm Mind|p1b: Floette
|-boost|p1b: Floette|spa|1
|-boost|p1b: Floette|spd|1
|move|p2b: Incineroar|Parting Shot|p1b: Floette
|-unboost|p1b: Floette|atk|1
|-unboost|p1b: Floette|spa|1
|
|t:|1783089879
|switch|p2b: Raichu|Raichu-Mega-X, L50, M|26/100 brn|[from] Parting Shot
|cant|p2a: Toxapex|flinch
|
|-heal|p2a: Toxapex|98/100|[from] item: Leftovers
|-damage|p1a: Incineroar|73/100 tox|[from] psn
|-damage|p2b: Raichu|20/100y brn|[from] brn
|-fieldend|move: Electric Terrain
|upkeep
|turn|6
|c| pokemonalpha.es|tienes pokes base que le ganan
|c| Shishio israeli|dos o tres
|j| An555gel
|
|t:|1783089900
|switch|p1a: Milotic|Milotic, L50, M|100/100
|move|p1b: Floette|Protect|p1b: Floette
|-singleturn|p1b: Floette|Protect
|move|p2b: Raichu|Fake Out|p1a: Milotic
|-damage|p1a: Milotic|94/100
|move|p2a: Toxapex|Infestation|p1a: Milotic
|-damage|p1a: Milotic|91/100
|-activate|p1a: Milotic|move: Infestation|[of] p2a: Toxapex
|
|-heal|p1a: Milotic|97/100|[from] item: Leftovers
|-heal|p2a: Toxapex|100/100|[from] item: Leftovers
|-damage|p2b: Raichu|13/100 brn|[from] brn
|-damage|p1a: Milotic|85/100|[from] move: Infestation|[partiallytrapped]
|upkeep
|turn|7
|c| Shishio_Ax|Y sin campo
|c| pokemonalpha.es|pues igual que a bascu
|c| Shishio_Ax|Volt Tackle va a hacer 4%
|
|t:|1783089920
|move|p2b: Raichu|Volt Tackle|p1a: Milotic
|-supereffective|p1a: Milotic|1
|-damage|p1a: Milotic|28/100
|-status|p1a: Milotic|par
|-damage|p2b: Raichu|0 fnt|[from] Recoil
|faint|p2b: Raichu
|move|p1b: Floette|Calm Mind|p1b: Floette
|-boost|p1b: Floette|spa|1
|-boost|p1b: Floette|spd|1
|move|p1a: Milotic|Hypnosis|p2a: Toxapex
|-status|p2a: Toxapex|slp|[from] move: Hypnosis
|cant|p2a: Toxapex|slp
|
|-heal|p1a: Milotic|34/100 par|[from] item: Leftovers
|-damage|p1a: Milotic|21/100 par|[from] move: Infestation|[partiallytrapped]
|upkeep
|c| Shishio_Ax|Ostia
|c| pokemonalpha.es|se hace más daño el pikachu que el otro
|c| Shishio_Ax|Ps tmpoco mal daño
|l| An555gel
|c| pokemonalpha.es|y lo da
|c| Shishio_Ax|JASJASJASJAJS no ironicamente
|c| pokemonalpha.es|lmao
|
|t:|1783089933
|switch|p2b: Sinistcha|Sinistcha, L50|100/100
|turn|8
|c|☆Jarita Peruano|el día que no me roben gano un torneo nosequé!!!
|
|t:|1783089961
|move|p1b: Floette|Dazzling Gleam|p2b: Sinistcha|[spread] p2a,p2b
|-resisted|p2a: Toxapex|1
|-damage|p2a: Toxapex|67/100 slp
|-damage|p2b: Sinistcha|19/100
|move|p1a: Milotic|Hypnosis|p2b: Sinistcha
|-status|p2b: Sinistcha|slp|[from] move: Hypnosis
|cant|p2a: Toxapex|slp
|cant|p2b: Sinistcha|slp
|
|-heal|p1a: Milotic|27/100 par|[from] item: Leftovers
|-heal|p2a: Toxapex|73/100 slp|[from] item: Leftovers
|-damage|p1a: Milotic|15/100 par|[from] move: Infestation|[partiallytrapped]
|upkeep
|turn|9
|c|☆Jarita Peruano|me cago en tus muertos
|c|☆Jarita Peruano|digo
|c| Shishio_Ax|Skill
|
|t:|1783089982
|cant|p2b: Sinistcha|slp
|move|p1b: Floette|Dazzling Gleam|p2a: Toxapex|[spread] p2a,p2b
|-resisted|p2a: Toxapex|1
|-damage|p2a: Toxapex|43/100 slp
|-damage|p2b: Sinistcha|0 fnt
|faint|p2b: Sinistcha
|move|p1a: Milotic|Muddy Water|p2a: Toxapex
|-resisted|p2a: Toxapex|1
|-damage|p2a: Toxapex|31/100 slp
|-curestatus|p2a: Toxapex|slp|[msg]
|move|p2a: Toxapex|Toxic|p1b: Floette
|-status|p1b: Floette|tox
|
|-heal|p1a: Milotic|21/100 par|[from] item: Leftovers
|-heal|p2a: Toxapex|37/100|[from] item: Leftovers
|-damage|p1b: Floette|94/100 tox|[from] psn
|-damage|p1a: Milotic|8/100 par|[from] move: Infestation|[partiallytrapped]
|upkeep
|
|t:|1783089986
|switch|p2b: Incineroar|Incineroar, L50, M|100/100
|-ability|p2b: Incineroar|Intimidate|boost
|-unboost|p1a: Milotic|atk|1
|-ability|p1a: Milotic|Competitive|boost
|-boost|p1a: Milotic|spa|2
|-unboost|p1b: Floette|atk|1
|turn|10
|
|t:|1783089999
|move|p2b: Incineroar|Fake Out|p1b: Floette
|-damage|p1b: Floette|82/100 tox
|cant|p1b: Floette|flinch
|cant|p1a: Milotic|par
|move|p2a: Toxapex|Infestation|p1b: Floette
|-resisted|p1b: Floette|1
|-damage|p1b: Floette|82/100 tox
|-activate|p1b: Floette|move: Infestation|[of] p2a: Toxapex
|
|-heal|p1a: Milotic|14/100 par|[from] item: Leftovers
|-heal|p2a: Toxapex|43/100|[from] item: Leftovers
|-damage|p1b: Floette|70/100 tox|[from] psn
|-damage|p1b: Floette|58/100 tox|[from] move: Infestation|[partiallytrapped]
|-damage|p1a: Milotic|2/100 par|[from] move: Infestation|[partiallytrapped]
|upkeep
|turn|11
|c| Shishio israeli|Migue si en g3 no sacas al chimecho me decepcionarás
|c| pokemonalpha.es|queeeeeeeeeee
|c| Shishio israeli|lo mismo te digo a ti con el greninja darki
|
|t:|1783090023
|move|p2a: Toxapex|Baneful Bunker|p2a: Toxapex
|-singleturn|p2a: Toxapex|move: Protect
|move|p1b: Floette|Draining Kiss|p2b: Incineroar
|-damage|p2b: Incineroar|32/100
|-heal|p1b: Floette|100/100 tox|[from] drain|[of] p2b: Incineroar
|move|p2b: Incineroar|Darkest Lariat|p1b: Floette
|-resisted|p1b: Floette|1
|-damage|p1b: Floette|82/100 tox
|move|p1a: Milotic|Muddy Water|p2b: Incineroar|[spread] p2b
|-activate|p2a: Toxapex|move: Protect
|-supereffective|p2b: Incineroar|1
|-enditem|p2b: Incineroar|Passho Berry|[eat]
|-enditem|p2b: Incineroar|Passho Berry|[weaken]
|-damage|p2b: Incineroar|0 fnt
|faint|p2b: Incineroar
|
|-heal|p1a: Milotic|8/100 par|[from] item: Leftovers
|-heal|p2a: Toxapex|49/100|[from] item: Leftovers
|-damage|p1b: Floette|64/100 tox|[from] psn
|-damage|p1b: Floette|52/100 tox|[from] move: Infestation|[partiallytrapped]
|-end|p1a: Milotic|Infestation|[partiallytrapped]
|upkeep
|turn|12
|-message|Jarita Peruano forfeited.
|
|win|KnekroGitano
||Jarita Peruano is ready for game 3.
||KnekroGitano is ready for game 3.
|uhtml|next|Next: Game 3 of 3
|c| Shishio_Ax|Ah pero luego yo saco al Falinks en los dos games y soy de ese mierdon de pais
|c| Shishio_Ax|Smh
|l| free indy
|l| Jmf_vgc_92
|l| Shishio israeli
|l| Shishio_Ax
|l| pokemonalpha.es
