|j|☆Il Mule
|j|☆Tchoubib
|html|Il MuleTchoubib    
|uhtml|bestof|Game 3 of a best-of-3
|t:|1782390300
|gametype|doubles
|player|p1|Il Mule|salvatore|1398
|player|p2|Tchoubib|pokekid|1356
|gen|9
|tier|[Gen 9 Champions] VGC 2026 Reg M-B (Bo3)
|rated|
|rule|Species Clause: Limit one of each Pokémon
|rule|Item Clause: Limit 1 of each item
|clearpoke
|poke|p1|Corviknight, L50, M|
|poke|p1|Tyranitar, L50, F|
|poke|p1|Sneasler, L50, M|
|poke|p1|Incineroar, L50, F|
|poke|p1|Froslass, L50, F|
|poke|p1|Garchomp, L50, M|
|poke|p2|Incineroar, L50, M|
|poke|p2|Floette-Eternal, L50, F|
|poke|p2|Sinistcha, L50|
|poke|p2|Sneasler, L50, F|
|poke|p2|Delphox, L50, F|
|poke|p2|Kingambit, L50, M|
|teampreview|4
|showteam|p1|Corviknight||OccaBerry|MirrorArmor|BraveBird,Taunt,Tailwind,Roost|Impish||M|||50|]Tyranitar||Tyranitarite|SandStream|KnockOff,RockSlide,DragonDance,Protect|Adamant||F|||50|]Sneasler||WhiteHerb|Unburden|CloseCombat,DireClaw,Coaching,FakeOut|Jolly||M|||50|]Incineroar||SitrusBerry|Intimidate|FlareBlitz,HelpingHand,PartingShot,FakeOut|Impish||F|||50|]Froslass||Froslassite|SnowCloak|Blizzard,ShadowBall,WillOWisp,Protect|Timid||F|||50|]Garchomp||LifeOrb|RoughSkin|Earthquake,RockSlide,EarthPower,Protect|Jolly||M|||50|
|showteam|p2|Incineroar||SitrusBerry|Intimidate|FakeOut,PartingShot,ThroatChop,FlareBlitz|Careful||M|||50|]Floette-Eternal||Floettite|FlowerVeil|DazzlingGleam,Moonblast,CalmMind,Protect|Modest||F|||50|]Sinistcha||OccaBerry|Hospitality|MatchaGotcha,RagePowder,TrickRoom,Protect|Bold|||||50|]Sneasler||FocusSash|PoisonTouch|QuickGuard,FakeOut,PoisonJab,CloseCombat|Jolly||F|||50|]Delphox||Delphoxite|Blaze|Protect,NastyPlot,HeatWave,Psyshock|Timid||F|||50|]Kingambit||BlackGlasses|Defiant|Protect,SwordsDance,KowtowCleave,SuckerPunch|Adamant||M|||50|
|j| rovesciaporci
|
|t:|1782390333
|teamsize|p1|4
|teamsize|p2|4
|start
|switch|p1a: Incineroar|Incineroar, L50, F|100/100
|switch|p1b: Garchomp|Garchomp, L50, M|100/100
|switch|p2a: Sneasler|Sneasler, L50, F|100/100
|switch|p2b: Delphox|Delphox, L50, F|100/100
|-ability|p1a: Incineroar|Intimidate|boost
|-unboost|p2a: Sneasler|atk|1
|-unboost|p2b: Delphox|atk|1
|turn|1
|j| torpedine
|inactive|Battle timer is ON: inactive players will automatically lose when time's up. (requested by Il Mule)
|
|t:|1782390385
|switch|p2a: Sinistcha|Sinistcha, L50|100/100
|detailschange|p2b: Delphox|Delphox-Mega, L50, F
|-mega|p2b: Delphox|Delphox|Delphoxite
|move|p2b: Delphox|Protect|p2b: Delphox
|-singleturn|p2b: Delphox|Protect
|move|p1a: Incineroar|Fake Out|p2b: Delphox
|-activate|p2b: Delphox|move: Protect
|move|p1b: Garchomp|Rock Slide|p2b: Delphox|[spread] p2a
|-activate|p2b: Delphox|move: Protect
|-damage|p2a: Sinistcha|80/100
|-damage|p1b: Garchomp|90/100|[from] item: Life Orb
|
|upkeep
|turn|2
|
|t:|1782390396
|move|p1a: Incineroar|Helping Hand|p1b: Garchomp
|-singleturn|p1b: Garchomp|Helping Hand|[of] p1a: Incineroar
|move|p2a: Sinistcha|Rage Powder|p2a: Sinistcha
|-singleturn|p2a: Sinistcha|move: Rage Powder
|move|p2b: Delphox|Nasty Plot|p2b: Delphox
|-boost|p2b: Delphox|spa|2
|move|p1b: Garchomp|Rock Slide|p2a: Sinistcha|[spread] p2a,p2b
|-supereffective|p2b: Delphox|1
|-damage|p2a: Sinistcha|50/100g
|-damage|p2b: Delphox|0 fnt
|faint|p2b: Delphox
|-damage|p1b: Garchomp|80/100|[from] item: Life Orb
|
|upkeep
|
|t:|1782390405
|switch|p2b: Sneasler|Sneasler, L50, F|100/100
|turn|3
|
|t:|1782390421
|move|p2b: Sneasler|Close Combat|p1a: Incineroar
|-supereffective|p1a: Incineroar|1
|-damage|p1a: Incineroar|10/100
|-unboost|p2b: Sneasler|def|1
|-unboost|p2b: Sneasler|spd|1
|-enditem|p1a: Incineroar|Sitrus Berry|[eat]
|-heal|p1a: Incineroar|35/100|[from] item: Sitrus Berry
|move|p1b: Garchomp|Earth Power|p2b: Sneasler
|-supereffective|p2b: Sneasler|1
|-crit|p2b: Sneasler
|-enditem|p2b: Sneasler|Focus Sash
|-damage|p2b: Sneasler|1/100
|-unboost|p2b: Sneasler|spd|1
|-damage|p1b: Garchomp|70/100|[from] item: Life Orb
|move|p2a: Sinistcha|Matcha Gotcha|p1b: Garchomp|[spread] p1a,p1b
|-resisted|p1a: Incineroar|1
|-damage|p1a: Incineroar|25/100
|-heal|p2a: Sinistcha|57/100|[from] drain|[of] p1a: Incineroar
|-damage|p1b: Garchomp|44/100
|-heal|p2a: Sinistcha|70/100|[from] drain|[of] p1b: Garchomp
|move|p1a: Incineroar|Flare Blitz|p2a: Sinistcha
|-supereffective|p2a: Sinistcha|1
|-enditem|p2a: Sinistcha|Occa Berry|[eat]
|-enditem|p2a: Sinistcha|Occa Berry|[weaken]
|-damage|p2a: Sinistcha|29/100
|-damage|p1a: Incineroar|13/100|[from] Recoil
|
|upkeep
|turn|4
|inactive|Il Mule has 30 seconds left.
|
|t:|1782390454
|move|p2b: Sneasler|Close Combat|p1a: Incineroar
|-supereffective|p1a: Incineroar|1
|-damage|p1a: Incineroar|0 fnt
|-unboost|p2b: Sneasler|def|1
|-unboost|p2b: Sneasler|spd|1
|faint|p1a: Incineroar
|move|p1b: Garchomp|Rock Slide|p2a: Sinistcha|[spread] p2a,p2b
|-resisted|p2b: Sneasler|1
|-damage|p2a: Sinistcha|10/100
|-damage|p2b: Sneasler|0 fnt
|faint|p2b: Sneasler
|-damage|p1b: Garchomp|34/100|[from] item: Life Orb
|move|p2a: Sinistcha|Trick Room|p2a: Sinistcha
|-fieldstart|move: Trick Room|[of] p2a: Sinistcha
|
|upkeep
|
|t:|1782390472
|switch|p1a: Corviknight|Corviknight, L50, M|100/100
|switch|p2b: Kingambit|Kingambit, L50, M|100/100
|turn|5
|l| torpedine
|inactive|Tchoubib has 30 seconds left.
|inactive|Tchoubib has 20 seconds left.
|inactive|Tchoubib has 15 seconds left.
|inactive|Tchoubib has 10 seconds left.
|inactive|Tchoubib has 5 seconds left.
|
|t:|1782390523
|move|p2a: Sinistcha|Protect|p2a: Sinistcha
|-singleturn|p2a: Sinistcha|Protect
|move|p2b: Kingambit|Swords Dance|p2b: Kingambit
|-boost|p2b: Kingambit|atk|2
|move|p1a: Corviknight|Brave Bird|p2a: Sinistcha
|-activate|p2a: Sinistcha|move: Protect
|move|p1b: Garchomp|Earthquake|p2b: Kingambit|[spread] p2b
|-activate|p2a: Sinistcha|move: Protect
|-immune|p1a: Corviknight
|-supereffective|p2b: Kingambit|1
|-damage|p2b: Kingambit|32/100
|-damage|p1b: Garchomp|25/100|[from] item: Life Orb
|
|upkeep
|turn|6
|
|t:|1782390545
|move|p2b: Kingambit|Kowtow Cleave|p1a: Corviknight
|-damage|p1a: Corviknight|6/100
|move|p2a: Sinistcha|Matcha Gotcha|p1b: Garchomp|[spread] p1a,p1b
|-resisted|p1a: Corviknight|2
|-damage|p1a: Corviknight|1/100
|-heal|p2a: Sinistcha|12/100|[from] drain|[of] p1a: Corviknight
|-damage|p1b: Garchomp|0 fnt
|-heal|p2a: Sinistcha|25/100|[from] drain|[of] p1b: Garchomp
|faint|p1b: Garchomp
|move|p1a: Corviknight|Brave Bird|p2a: Sinistcha
|-supereffective|p2a: Sinistcha|1
|-damage|p2a: Sinistcha|0 fnt
|faint|p2a: Sinistcha
|-damage|p1a: Corviknight|0 fnt|[from] Recoil
|faint|p1a: Corviknight
|
|upkeep
|
|t:|1782390557
|switch|p1b: Tyranitar|Tyranitar, L50, F|100/100
|-weather|Sandstorm|[from] ability: Sand Stream|[of] p1b: Tyranitar
|turn|7
|
|t:|1782390564
|detailschange|p1b: Tyranitar|Tyranitar-Mega, L50, F
|-mega|p1b: Tyranitar|Tyranitar|Tyranitarite
|move|p2b: Kingambit|Kowtow Cleave|p1b: Tyranitar
|-resisted|p1b: Tyranitar|1
|-damage|p1b: Tyranitar|61/100
|move|p1b: Tyranitar|Knock Off|p2b: Kingambit
|-resisted|p2b: Kingambit|1
|-damage|p2b: Kingambit|10/100
|-enditem|p2b: Kingambit|Black Glasses|[from] move: Knock Off|[of] p1b: Tyranitar
|
|-weather|Sandstorm|[upkeep]
|upkeep
|turn|8
|
|t:|1782390573
|move|p2b: Kingambit|Kowtow Cleave|p1b: Tyranitar
|-resisted|p1b: Tyranitar|1
|-damage|p1b: Tyranitar|32/100
|move|p1b: Tyranitar|Knock Off|p2b: Kingambit
|-resisted|p2b: Kingambit|1
|-damage|p2b: Kingambit|0 fnt
|faint|p2b: Kingambit
|
|win|Il Mule
|raw|Il Mule's rating: 1398 → 1416(+18 for winning)
|raw|Tchoubib's rating: 1356 → 1338(-18 for losing)
|l|☆Il Mule
|player|p1|
|l|☆Tchoubib
|player|p2|
