|j|☆satandagiii2005
|j|☆Reversquash
|html|satandagiii2005Reversquash    
|uhtml|bestof|Game 2 of a best-of-3
|t:|1783215536
|gametype|doubles
|player|p1|satandagiii2005|byron|1105
|player|p2|Reversquash|170|1040
|gen|9
|tier|[Gen 9 Champions] VGC 2026 Reg M-B (Bo3)
|rated|
|rule|Species Clause: Limit one of each Pokémon
|rule|Item Clause: Limit 1 of each item
|clearpoke
|poke|p1|Venusaur, L50, M|
|poke|p1|Swampert, L50, F|
|poke|p1|Pelipper, L50, F|
|poke|p1|Archaludon, L50, M|
|poke|p1|Maushold, L50|
|poke|p1|Gholdengo, L50|
|poke|p2|Palafin, L50, F, shiny|
|poke|p2|Malamar, L50, M, shiny|
|poke|p2|Archaludon, L50, F, shiny|
|poke|p2|Pelipper, L50, F, shiny|
|poke|p2|Incineroar, L50, F, shiny|
|poke|p2|Scrafty, L50, M, shiny|
|teampreview|4
|showteam|p1|Venusaur||Venusaurite|Overgrow|SludgeBomb,EarthPower,GigaDrain,Protect|Modest||M|||50|]Swampert||Swampertite|Torrent|WaveCrash,Earthquake,IcePunch,Protect|Adamant||F|||50|]Pelipper||SitrusBerry|Drizzle|Hurricane,WeatherBall,Tailwind,WideGuard|Modest||F|||50|]Archaludon||Leftovers|Stamina|ElectroShot,DragonPulse,FlashCannon,Protect|Modest||M|||50|]Maushold||FocusSash|FriendGuard|FollowMe,SuperFang,RainDance,Protect|Jolly|||||50|]Gholdengo||LifeOrb|GoodasGold|MakeItRain,ShadowBall,PowerGem,Protect|Timid|||||50|
|showteam|p2|Palafin||ChoiceScarf|ZerotoHero|CloseCombat,FlipTurn,Liquidation,IronHead|Adamant||F|||50|]Malamar||Malamarite|Contrary|Superpower,Protect,ZenHeadbutt,KnockOff|Adamant||M|||50|]Archaludon||WhiteHerb|Stamina|DracoMeteor,ElectroShot,FlashCannon,AuraSphere|Timid||F|||50|]Pelipper||FocusSash|Drizzle|Hurricane,Tailwind,RainDance,Uturn|Timid||F|||50|]Incineroar||Leftovers|Intimidate|FakeOut,WillOWisp,PartingShot,FlareBlitz|Adamant||F|||50|]Scrafty||Scraftinite|Intimidate|BulkUp,BrickBreak,FakeOut,RockSlide|Impish||M|||50|
|inactive|Battle timer is ON: inactive players will automatically lose when time's up. (requested by Reversquash)
|
|t:|1783215616
|teamsize|p1|4
|teamsize|p2|4
|start
|switch|p1a: Gholdengo|Gholdengo, L50|100/100
|switch|p1b: Maushold|Maushold, L50|100/100
|switch|p2a: Malamar|Malamar, L50, M, shiny|100/100
|switch|p2b: Archaludon|Archaludon, L50, F, shiny|100/100
|turn|1
|inactive|satandagiii2005 has 30 seconds left.
|inactive|Reversquash has 30 seconds left.
|inactive|satandagiii2005 has 20 seconds left.
|
|t:|1783215653
|detailschange|p2a: Malamar|Malamar-Mega, L50, M, shiny
|-mega|p2a: Malamar|Malamar|Malamarite
|move|p1b: Maushold|Super Fang|p2a: Malamar
|-damage|p2a: Malamar|50/100g
|move|p1a: Gholdengo|Shadow Ball|p2a: Malamar
|-damage|p2a: Malamar|7/100
|-damage|p1a: Gholdengo|90/100|[from] item: Life Orb
|move|p2b: Archaludon|Electro Shot||[still]
|-prepare|p2b: Archaludon|Electro Shot
|-boost|p2b: Archaludon|spa|1
|move|p2a: Malamar|Superpower|p1b: Maushold
|-supereffective|p1b: Maushold|1
|-enditem|p1b: Maushold|Focus Sash
|-damage|p1b: Maushold|1/100
|-boost|p2a: Malamar|atk|1
|-boost|p2a: Malamar|def|1
|
|upkeep
|turn|2
|
|t:|1783215675
|move|p1b: Maushold|Protect|p1b: Maushold
|-singleturn|p1b: Maushold|Protect
|move|p2a: Malamar|Protect|p2a: Malamar
|-singleturn|p2a: Malamar|Protect
|move|p1a: Gholdengo|Shadow Ball|p2a: Malamar
|-activate|p2a: Malamar|move: Protect
|move|p2b: Archaludon|Electro Shot|p1b: Maushold|[from] lockedmove
|-activate|p1b: Maushold|move: Protect
|
|upkeep
|turn|3
|inactive|Reversquash has 30 seconds left.
|
|t:|1783215707
|switch|p2a: Scrafty|Scrafty, L50, M, shiny|100/100
|-ability|p2a: Scrafty|Intimidate|boost
|-unboost|p1a: Gholdengo|atk|1
|-unboost|p1b: Maushold|atk|1
|move|p1b: Maushold|Super Fang|p2b: Archaludon
|-damage|p2b: Archaludon|50/100g
|-ability|p2b: Archaludon|Stamina|boost
|-boost|p2b: Archaludon|def|1
|move|p1a: Gholdengo|Shadow Ball|p2a: Scrafty
|-resisted|p2a: Scrafty|1
|-damage|p2a: Scrafty|78/100
|-damage|p1a: Gholdengo|81/100|[from] item: Life Orb
|move|p2b: Archaludon|Aura Sphere|p1a: Gholdengo
|-immune|p1a: Gholdengo
|
|upkeep
|turn|4
|
|t:|1783215735
|switch|p2b: Incineroar|Incineroar, L50, F, shiny|100/100
|-ability|p2b: Incineroar|Intimidate|boost
|-unboost|p1a: Gholdengo|atk|1
|-unboost|p1b: Maushold|atk|1
|move|p1b: Maushold|Follow Me|p1b: Maushold
|-singleturn|p1b: Maushold|move: Follow Me
|move|p1a: Gholdengo|Shadow Ball|p2b: Incineroar
|-resisted|p2b: Incineroar|1
|-damage|p2b: Incineroar|70/100
|-damage|p1a: Gholdengo|71/100|[from] item: Life Orb
|move|p2a: Scrafty|Rock Slide|p1b: Maushold|[spread] p1b
|-miss|p2a: Scrafty|p1a: Gholdengo
|-damage|p1b: Maushold|0 fnt
|faint|p1b: Maushold
|
|-heal|p2b: Incineroar|76/100|[from] item: Leftovers
|upkeep
|
|t:|1783215751
|switch|p1b: Swampert|Swampert, L50, F|100/100
|turn|5
|inactive|satandagiii2005 has 30 seconds left.
|inactive|Reversquash has 30 seconds left.
|inactive|Reversquash has 20 seconds left.
|inactive|Reversquash has 15 seconds left.
|
|t:|1783215792
|switch|p1a: Pelipper|Pelipper, L50, F|100/100
|-weather|RainDance|[from] ability: Drizzle|[of] p1a: Pelipper
|detailschange|p1b: Swampert|Swampert-Mega, L50, F
|-mega|p1b: Swampert|Swampert|Swampertite
|move|p1b: Swampert|Wave Crash|p2b: Incineroar
|-supereffective|p2b: Incineroar|1
|-damage|p2b: Incineroar|0 fnt
|faint|p2b: Incineroar
|-damage|p1b: Swampert|77/100|[from] Recoil
|move|p2a: Scrafty|Brick Break|p1b: Swampert
|-damage|p1b: Swampert|57/100
|
|-weather|RainDance|[upkeep]
|upkeep
|
|t:|1783215802
|switch|p2b: Archaludon|Archaludon, L50, F, shiny|50/100g
|turn|6
|-message|Reversquash forfeited.
|
|win|satandagiii2005
|raw|satandagiii2005's rating: 1105 → 1125(+20 for winning)
|raw|Reversquash's rating: 1040 → 1027(-13 for losing)
|l|☆Reversquash
|player|p2|
|c|☆satandagiii2005|gg
