|j|☆Im_Neutro
|j|☆lux raymundi
|html|Im_Neutrolux raymundi    
|uhtml|bestof|Game 1 of a best-of-3
|t:|1782240676
|gametype|doubles
|player|p1|Im_Neutro|noland|1118
|player|p2|lux raymundi|169|1038
|gen|9
|tier|[Gen 9 Champions] VGC 2026 Reg M-B (Bo3)
|rated|
|rule|Species Clause: Limit one of each Pokémon
|rule|Item Clause: Limit 1 of each item
|clearpoke
|poke|p1|Staraptor, L50, F|
|poke|p1|Whimsicott, L50, F|
|poke|p1|Dragapult, L50, F|
|poke|p1|Maushold-Four, L50|
|poke|p1|Incineroar, L50, M|
|poke|p1|Palafin, L50, M|
|poke|p2|Archaludon, L50, M|
|poke|p2|Pelipper, L50, M|
|poke|p2|Grimmsnarl, L50, M|
|poke|p2|Metagross, L50|
|poke|p2|Sinistcha, L50|
|poke|p2|Swampert, L50, M|
|teampreview|4
|showteam|p1|Staraptor||Staraptite|Intimidate|CloseCombat,BraveBird,Roost,Protect|Adamant||F|||50|]Whimsicott||FocusSash|Prankster|Encore,Charm,Tailwind,Protect|Bold||F|||50|]Dragapult||LifeOrb|ClearBody|DragonDance,BodySlam,DragonDarts,Protect|Adamant||F|||50|]Maushold-Four||ChopleBerry|FriendGuard|FollowMe,SuperFang,Charm,Protect|Timid|||||50|]Incineroar||SitrusBerry|Intimidate|PartingShot,FakeOut,FlareBlitz,DarkestLariat|Adamant||M|||50|]Palafin||MysticWater|ZerotoHero|CloseCombat,FlipTurn,WaveCrash,Protect|Jolly||M|||50|
|showteam|p2|Archaludon||Leftovers|Stamina|Protect,ElectroShot,FlashCannon,DragonPulse|Modest||M|||50|]Pelipper||SitrusBerry|Drizzle|WideGuard,Tailwind,WeatherBall,Hurricane|Modest||M|||50|]Grimmsnarl||LightClay|Prankster|FoulPlay,PartingShot,LightScreen,Reflect|Calm||M|||50|]Metagross||Metagrossite|ClearBody|Protect,BodyPress,PsychicFangs,IronHead|Jolly|||||50|]Sinistcha||CobaBerry|Hospitality|Protect,TrickRoom,MatchaGotcha,RagePowder|Relaxed|||||50|]Swampert||Swampertite|Damp|Protect,IcePunch,WaveCrash,Earthquake|Adamant||M|||50|
|inactive|Battle timer is ON: inactive players will automatically lose when time's up. (requested by Im_Neutro)
|j| maxiy
|inactive|Im_Neutro has 60 seconds left.
|
|t:|1782240714
|teamsize|p1|4
|teamsize|p2|4
|start
|switch|p1a: Whimsicott|Whimsicott, L50, F|100/100
|switch|p1b: Palafin|Palafin, L50, M|100/100
|switch|p2a: Grimmsnarl|Grimmsnarl, L50, M|100/100
|switch|p2b: Archaludon|Archaludon, L50, M|100/100
|turn|1
|
|t:|1782240736
|move|p1a: Whimsicott|Tailwind|p1a: Whimsicott
|-sidestart|p1: Im_Neutro|move: Tailwind
|move|p2a: Grimmsnarl|Light Screen|p2a: Grimmsnarl
|-sidestart|p2: lux raymundi|move: Light Screen
|move|p1b: Palafin|Flip Turn|p2a: Grimmsnarl
|-damage|p2a: Grimmsnarl|74/100
|inactive|Im_Neutro has 30 seconds left.
|l| maxiy
|inactive|Im_Neutro has 20 seconds left.
|inactive|Im_Neutro has 15 seconds left.
|
|t:|1782240779
|detailschange|p1b: Palafin|Palafin-Hero, L50, M
|switch|p1b: Staraptor|Staraptor, L50, F|100/100|[from] Flip Turn
|-ability|p1b: Staraptor|Intimidate|boost
|-unboost|p2a: Grimmsnarl|atk|1
|-unboost|p2b: Archaludon|atk|1
|move|p2b: Archaludon|Flash Cannon|p1a: Whimsicott
|-supereffective|p1a: Whimsicott|1
|-enditem|p1a: Whimsicott|Focus Sash
|-damage|p1a: Whimsicott|1/100
|
|upkeep
|turn|2
|
|t:|1782240794
|switch|p2b: Pelipper|Pelipper, L50, M|100/100
|-weather|RainDance|[from] ability: Drizzle|[of] p2b: Pelipper
|detailschange|p1b: Staraptor|Staraptor-Mega, L50, F
|-mega|p1b: Staraptor|Staraptor|Staraptite
|move|p1a: Whimsicott|Charm|p1b: Staraptor
|-boost|p1b: Staraptor|atk|2
|move|p2a: Grimmsnarl|Reflect|p2a: Grimmsnarl
|-sidestart|p2: lux raymundi|Reflect
|move|p1b: Staraptor|Close Combat|p2b: Pelipper
|-resisted|p2b: Pelipper|1
|-damage|p2b: Pelipper|51/100
|-boost|p1b: Staraptor|def|1
|-boost|p1b: Staraptor|spd|1
|
|-weather|RainDance|[upkeep]
|upkeep
|turn|3
|
|t:|1782240816
|switch|p2b: Archaludon|Archaludon, L50, M|100/100
|move|p1a: Whimsicott|Charm|p1b: Staraptor
|-boost|p1b: Staraptor|atk|2
|move|p1b: Staraptor|Close Combat|p2a: Grimmsnarl
|-damage|p2a: Grimmsnarl|0 fnt
|-boost|p1b: Staraptor|def|1
|-boost|p1b: Staraptor|spd|1
|faint|p2a: Grimmsnarl
|
|-weather|RainDance|[upkeep]
|upkeep
|
|t:|1782240826
|switch|p2a: Swampert|Swampert, L50, M|100/100
|turn|4
|
|t:|1782240836
|detailschange|p2a: Swampert|Swampert-Mega, L50, M
|-mega|p2a: Swampert|Swampert|Swampertite
|move|p1a: Whimsicott|Charm|p1b: Staraptor
|-boost|p1b: Staraptor|atk|2
|move|p1b: Staraptor|Close Combat|p2b: Archaludon
|-supereffective|p2b: Archaludon|1
|-damage|p2b: Archaludon|0 fnt
|-boost|p1b: Staraptor|def|1
|-boost|p1b: Staraptor|spd|1
|faint|p2b: Archaludon
|move|p2a: Swampert|Wave Crash|p1b: Staraptor
|-damage|p1b: Staraptor|55/100
|-damage|p2a: Swampert|84/100|[from] Recoil
|
|-weather|RainDance|[upkeep]
|-sideend|p1: Im_Neutro|move: Tailwind
|upkeep
|
|t:|1782240847
|switch|p2b: Pelipper|Pelipper, L50, M|51/100
|turn|5
|
|t:|1782240862
|move|p1a: Whimsicott|Charm|p2a: Swampert
|-unboost|p2a: Swampert|atk|2
|move|p2a: Swampert|Wave Crash|p1b: Staraptor
|-damage|p1b: Staraptor|33/100
|-damage|p2a: Swampert|76/100|[from] Recoil
|move|p1b: Staraptor|Close Combat|p2b: Pelipper
|-resisted|p2b: Pelipper|1
|-damage|p2b: Pelipper|0 fnt
|-boost|p1b: Staraptor|def|1
|-boost|p1b: Staraptor|spd|1
|faint|p2b: Pelipper
|
|-weather|RainDance|[upkeep]
|upkeep
|turn|6
|
|t:|1782240876
|move|p1a: Whimsicott|Charm|p2a: Swampert
|-unboost|p2a: Swampert|atk|2
|move|p2a: Swampert|Wave Crash|p1b: Staraptor
|-damage|p1b: Staraptor|20/100y
|-damage|p2a: Swampert|71/100|[from] Recoil
|move|p1b: Staraptor|Close Combat|p2a: Swampert
|-damage|p2a: Swampert|0 fnt
|-boost|p1b: Staraptor|def|1
|-boost|p1b: Staraptor|spd|1
|faint|p2a: Swampert
|
|win|Im_Neutro
