|j|☆dialghite
|j|☆Lightoz
|html|dialghiteLightoz    
|uhtml|bestof|Game 1 of a best-of-3
|t:|1756661222
|gametype|doubles
|player|p1|dialghite|volkner|1412
|player|p2|Lightoz|blue-gen2|1379
|gen|9
|tier|[Gen 9] VGC 2025 Reg H (Bo3)
|rated|
|rule|Species Clause: Limit one of each Pokémon
|rule|Item Clause: Limit 1 of each item
|clearpoke
|poke|p1|Indeedee, L50, M|
|poke|p1|Sneasler, L50, F|
|poke|p1|Tyranitar, L50, F|
|poke|p1|Excadrill, L50, M|
|poke|p1|Corviknight, L50, F|
|poke|p1|Annihilape, L50, M|
|poke|p2|Incineroar, L50, M|
|poke|p2|Annihilape, L50, F|
|poke|p2|Dragonite, L50, M|
|poke|p2|Volcarona, L50, F|
|poke|p2|Rillaboom, L50, M|
|poke|p2|Ninetales-Alola, L50, F|
|teampreview|4
|showteam|p1|Indeedee||ChoiceScarf|PsychicSurge|ExpandingForce,TeraBlast,Trick,Protect|||M|||50|,,,,,Psychic]Sneasler||PsychicSeed|Unburden|CloseCombat,DireClaw,ThroatChop,Protect|||F|||50|,,,,,Dark]Tyranitar||AssaultVest|SandStream|RockSlide,KnockOff,TeraBlast,LowKick|||F|||50|,,,,,Flying]Excadrill||FocusSash|SandRush|Earthquake,IronHead,HighHorsepower,Protect|||M|||50|,,,,,Ground]Corviknight||SitrusBerry|MirrorArmor|BraveBird,Tailwind,Roost,Taunt|||F|||50|,,,,,Grass]Annihilape||SafetyGoggles|VitalSpirit|CloseCombat,RageFist,FinalGambit,Taunt|||M|||50|,,,,,Water
|showteam|p2|Incineroar||MirrorHerb|Intimidate|FlareBlitz,KnockOff,FakeOut,PartingShot|||M|||50|,,,,,Ghost]Annihilape||SafetyGoggles|Defiant|CloseCombat,RageFist,Coaching,FinalGambit|||F|||50|,,,,,Water]Dragonite||LoadedDice|Multiscale|ScaleShot,ExtremeSpeed,Haze,Protect|||M|||50|,,,,,Normal]Volcarona||Leftovers|FlameBody|HeatWave,TeraBlast,QuiverDance,Protect|||F|||50|,,,,,Fairy]Rillaboom||AssaultVest|GrassySurge|WoodHammer,GrassyGlide,HighHorsepower,FakeOut|||M|||50|,,,,,Fire]Ninetales-Alola||LifeOrb|SnowWarning|Blizzard,FreezeDry,Encore,Protect|||F|||50|,,,,,Ghost
|inactive|Battle timer is ON: inactive players will automatically lose when time's up. (requested by dialghite)
|j| Xam3rVGC
|inactive|dialghite has 60 seconds left.
|inactive|Lightoz has 60 seconds left.
|
|t:|1756661279
|teamsize|p1|4
|teamsize|p2|4
|start
|switch|p1a: Annihilape|Annihilape, L50, M|100/100
|switch|p1b: Tyranitar|Tyranitar, L50, F|100/100
|switch|p2a: Volcarona|Volcarona, L50, F|100/100
|switch|p2b: Rillaboom|Rillaboom, L50, M|100/100
|-fieldstart|move: Grassy Terrain|[from] ability: Grassy Surge|[of] p2b: Rillaboom
|-weather|Sandstorm|[from] ability: Sand Stream|[of] p1b: Tyranitar
|turn|1
|
|t:|1756661301
|-terastallize|p2a: Volcarona|Fairy
|-terastallize|p1b: Tyranitar|Flying
|move|p2b: Rillaboom|Fake Out|p1b: Tyranitar
|-damage|p1b: Tyranitar|90/100
|move|p1a: Annihilape|Final Gambit|p2a: Volcarona
|-damage|p2a: Volcarona|0 fnt
|faint|p1a: Annihilape
|faint|p2a: Volcarona
|cant|p1b: Tyranitar|flinch
|
|-weather|Sandstorm|[upkeep]
|-damage|p2b: Rillaboom|94/100|[from] Sandstorm
|-damage|p1b: Tyranitar|84/100|[from] Sandstorm
|-heal|p2b: Rillaboom|100/100|[from] Grassy Terrain
|upkeep
|inactive|dialghite has 30 seconds left.
|inactive|dialghite has 20 seconds left.
|inactive|dialghite has 15 seconds left.
|inactive|dialghite has 10 seconds left.
|inactive|dialghite has 5 seconds left.
|
|t:|1756661352
|switch|p1a: Sneasler|Sneasler, L50, F|100/100
|switch|p2a: Incineroar|Incineroar, L50, M|100/100
|-ability|p2a: Incineroar|Intimidate|boost
|-unboost|p1a: Sneasler|atk|1
|-unboost|p1b: Tyranitar|atk|1
|turn|2
|
|t:|1756661374
|move|p1a: Sneasler|Protect|p1a: Sneasler
|-singleturn|p1a: Sneasler|Protect
|move|p2b: Rillaboom|High Horsepower|p1a: Sneasler
|-activate|p1a: Sneasler|move: Protect
|move|p1b: Tyranitar|Tera Blast|p2b: Rillaboom|[anim] Tera Blast Flying
|-supereffective|p2b: Rillaboom
|-damage|p2b: Rillaboom|42/100
|move|p2a: Incineroar|Parting Shot|p1b: Tyranitar
|-unboost|p1b: Tyranitar|atk|1
|-unboost|p1b: Tyranitar|spa|1
|
|t:|1756661378
|switch|p2a: Dragonite|Dragonite, L50, M|100/100|[from] Parting Shot
|
|-weather|Sandstorm|[upkeep]
|-damage|p1a: Sneasler|94/100|[from] Sandstorm
|-damage|p2a: Dragonite|95/100|[from] Sandstorm
|-damage|p2b: Rillaboom|36/100|[from] Sandstorm
|-damage|p1b: Tyranitar|78/100|[from] Sandstorm
|-heal|p1a: Sneasler|100/100|[from] Grassy Terrain
|-heal|p2b: Rillaboom|42/100|[from] Grassy Terrain
|upkeep
|turn|3
|
|t:|1756661393
|switch|p2b: Incineroar|Incineroar, L50, M|100/100
|-ability|p2b: Incineroar|Intimidate|boost
|-unboost|p1a: Sneasler|atk|1
|-unboost|p1b: Tyranitar|atk|1
|switch|p1b: Excadrill|Excadrill, L50, M|100/100
|move|p1a: Sneasler|Close Combat|p2b: Incineroar
|-supereffective|p2b: Incineroar
|-crit|p2b: Incineroar
|-damage|p2b: Incineroar|0 fnt
|-unboost|p1a: Sneasler|def|1
|-unboost|p1a: Sneasler|spd|1
|faint|p2b: Incineroar
|move|p2a: Dragonite|Scale Shot|p1a: Sneasler
|-damage|p1a: Sneasler|62/100
|-damage|p1a: Sneasler|28/100
|-damage|p1a: Sneasler|0 fnt
|faint|p1a: Sneasler
|-hitcount|p1: Sneasler|3
|-unboost|p2a: Dragonite|def|1
|-boost|p2a: Dragonite|spe|1
|
|-weather|Sandstorm|[upkeep]
|-damage|p2a: Dragonite|89/100|[from] Sandstorm
|upkeep
|
|t:|1756661403
|switch|p1a: Tyranitar|Tyranitar, L50, F, tera:Flying|78/100
|switch|p2b: Rillaboom|Rillaboom, L50, M|42/100
|turn|4
|
|t:|1756661424
|move|p2b: Rillaboom|Fake Out|p1a: Tyranitar
|-damage|p1a: Tyranitar|66/100
|move|p1b: Excadrill|Iron Head|p2b: Rillaboom
|-damage|p2b: Rillaboom|0 fnt
|faint|p2b: Rillaboom
|move|p2a: Dragonite|Scale Shot|p1a: Tyranitar
|-damage|p1a: Tyranitar|54/100
|-damage|p1a: Tyranitar|42/100
|-damage|p1a: Tyranitar|29/100
|-damage|p1a: Tyranitar|17/100
|-hitcount|p1a: Tyranitar|4
|-unboost|p2a: Dragonite|def|1
|-boost|p2a: Dragonite|spe|1
|cant|p1a: Tyranitar|flinch
|
|-weather|Sandstorm|[upkeep]
|-damage|p2a: Dragonite|83/100|[from] Sandstorm
|-damage|p1a: Tyranitar|11/100|[from] Sandstorm
|upkeep
|turn|5
|-message|Lightoz forfeited.
|
|win|dialghite
