|j|☆Chandeliere
|j|☆Tsbaaasdf
|html|ChandeliereTsbaaasdf    
|uhtml|bestof|Game 1 of a best-of-3
|t:|1756714506
|gametype|doubles
|player|p1|Chandeliere|ethan|1238
|player|p2|Tsbaaasdf|101|1064
|gen|9
|tier|[Gen 9] VGC 2025 Reg H (Bo3)
|rated|
|rule|Species Clause: Limit one of each Pokémon
|rule|Item Clause: Limit 1 of each item
|clearpoke
|poke|p1|Ninetales-Alola, L50, F|
|poke|p1|Gholdengo, L50|
|poke|p1|Garchomp, L50, F|
|poke|p1|Incineroar, L50, M|
|poke|p1|Sneasler, L50, F|
|poke|p1|Vivillon-Pokeball, L50, M|
|poke|p2|Shiftry, L50, M|
|poke|p2|Ursaluna-Bloodmoon, L50, M|
|poke|p2|Skeledirge, L50, M|
|poke|p2|Gastrodon, L50, M|
|poke|p2|Sneasler, L50, M|
|poke|p2|Sinistcha, L50|
|teampreview|4
|showteam|p1|Ninetales-Alola||LightClay|SnowWarning|AuroraVeil,Blizzard,FreezeDry,Protect|||F|||50|,,,,,Ghost]Gholdengo||LifeOrb|GoodasGold|MakeItRain,ShadowBall,NastyPlot,Protect||||||50|,,,,,Water]Garchomp||ClearAmulet|RoughSkin|Earthquake,StompingTantrum,DragonClaw,Protect|||F|||50|,,,,,Ground]Incineroar||AssaultVest|Intimidate|FakeOut,KnockOff,FlareBlitz,Uturn|||M|||50|,,,,,Grass]Sneasler||WhiteHerb|Unburden|Coaching,CloseCombat,DireClaw,Protect|||F|||50|,,,,,Ghost]Vivillon-Pokeball||FocusSash|CompoundEyes|SleepPowder,Hurricane,Tailwind,Protect|||M|||50|,,,,,Ghost
|showteam|p2|Shiftry||FocusSash|WindRider|KnockOff,LeafBlade,SuckerPunch,Protect|||M|||50|,,,,,Ghost]Ursaluna-Bloodmoon||LifeOrb|MindsEye|BloodMoon,EarthPower,HyperVoice,Protect|||M|||50|,,,,,Ghost]Skeledirge||Leftovers|Unaware|AlluringVoice,TorchSong,ShadowBall,Protect|||M|||50|,,,,,Water]Gastrodon||SitrusBerry|StormDrain|IcyWind,EarthPower,Yawn,MuddyWater|||M|||50|,,,,,Fire]Sneasler||WhiteHerb|Unburden|FakeOut,CloseCombat,DireClaw,Protect|||M|||50|,,,,,Ghost]Sinistcha||RockyHelmet|Hospitality|RagePowder,MatchaGotcha,ShadowBall,LifeDew||||||50|,,,,,Grass
|
|t:|1756714580
|teamsize|p1|4
|teamsize|p2|4
|start
|switch|p1a: Sneasler|Sneasler, L50, F|100/100
|switch|p1b: Garchomp|Garchomp, L50, F|100/100
|switch|p2a: Sinistcha|Sinistcha, L50|100/100
|switch|p2b: Skeledirge|Skeledirge, L50, M|100/100
|turn|1
|
|t:|1756714607
|-terastallize|p2b: Skeledirge|Water
|move|p2a: Sinistcha|Rage Powder|p2a: Sinistcha
|-singleturn|p2a: Sinistcha|move: Rage Powder
|move|p1a: Sneasler|Dire Claw|p2a: Sinistcha
|-damage|p2a: Sinistcha|73/100
|-status|p2a: Sinistcha|par
|-damage|p1a: Sneasler|84/100|[from] item: Rocky Helmet|[of] p2a: Sinistcha
|move|p1b: Garchomp|Stomping Tantrum|p2a: Sinistcha
|-resisted|p2a: Sinistcha
|-damage|p2a: Sinistcha|60/100 par
|-damage|p1b: Garchomp|84/100|[from] item: Rocky Helmet|[of] p2a: Sinistcha
|move|p2b: Skeledirge|Torch Song|p1a: Sneasler
|-damage|p1a: Sneasler|30/100
|-boost|p2b: Skeledirge|spa|1
|
|upkeep
|turn|2
|
|t:|1756714635
|move|p1a: Sneasler|Protect|p1a: Sneasler
|-singleturn|p1a: Sneasler|Protect
|move|p2a: Sinistcha|Rage Powder|p2a: Sinistcha
|-singleturn|p2a: Sinistcha|move: Rage Powder
|move|p1b: Garchomp|Dragon Claw|p2a: Sinistcha
|-damage|p2a: Sinistcha|29/100 par
|-damage|p1b: Garchomp|68/100|[from] item: Rocky Helmet|[of] p2a: Sinistcha
|move|p2b: Skeledirge|Torch Song|p1a: Sneasler
|-activate|p1a: Sneasler|move: Protect
|
|upkeep
|turn|3
|
|t:|1756714656
|switch|p1a: Incineroar|Incineroar, L50, M|100/100
|-ability|p1a: Incineroar|Intimidate|boost
|-unboost|p2a: Sinistcha|atk|1
|-unboost|p2b: Skeledirge|atk|1
|move|p2a: Sinistcha|Rage Powder|p2a: Sinistcha
|-singleturn|p2a: Sinistcha|move: Rage Powder
|move|p1b: Garchomp|Dragon Claw|p2a: Sinistcha
|-damage|p2a: Sinistcha|0 fnt
|-damage|p1b: Garchomp|52/100|[from] item: Rocky Helmet|[of] p2a: Sinistcha
|faint|p2a: Sinistcha
|move|p2b: Skeledirge|Alluring Voice|p1b: Garchomp
|-supereffective|p1b: Garchomp
|-damage|p1b: Garchomp|0 fnt
|faint|p1b: Garchomp
|
|upkeep
|
|t:|1756714674
|switch|p1b: Sneasler|Sneasler, L50, F|30/100
|switch|p2a: Shiftry|Shiftry, L50, M|100/100
|turn|4
|
|t:|1756714685
|move|p2a: Shiftry|Protect|p2a: Shiftry
|-singleturn|p2a: Shiftry|Protect
|move|p2b: Skeledirge|Protect|p2b: Skeledirge
|-singleturn|p2b: Skeledirge|Protect
|move|p1b: Sneasler|Dire Claw|p2a: Shiftry
|-activate|p2a: Shiftry|move: Protect
|move|p1a: Incineroar|Knock Off|p2b: Skeledirge
|-activate|p2b: Skeledirge|move: Protect
|
|upkeep
|turn|5
|
|t:|1756714714
|switch|p2a: Sneasler|Sneasler, L50, M|100/100
|move|p1b: Sneasler|Close Combat|p2b: Skeledirge
|-damage|p2b: Skeledirge|46/100
|-unboost|p1b: Sneasler|def|1
|-unboost|p1b: Sneasler|spd|1
|-enditem|p1b: Sneasler|White Herb
|-clearnegativeboost|p1b: Sneasler|[silent]
|move|p2b: Skeledirge|Torch Song|p1b: Sneasler
|-damage|p1b: Sneasler|0 fnt
|-boost|p2b: Skeledirge|spa|1
|faint|p1b: Sneasler
|move|p1a: Incineroar|Knock Off|p2b: Skeledirge
|-damage|p2b: Skeledirge|14/100
|-enditem|p2b: Skeledirge|Leftovers|[from] move: Knock Off|[of] p1a: Incineroar
|
|upkeep
|
|t:|1756714728
|switch|p1b: Gholdengo|Gholdengo, L50|100/100
|turn|6
|
|t:|1756714750
|move|p2a: Sneasler|Close Combat|p1a: Incineroar
|-supereffective|p1a: Incineroar
|-damage|p1a: Incineroar|4/100
|-unboost|p2a: Sneasler|def|1
|-unboost|p2a: Sneasler|spd|1
|-enditem|p2a: Sneasler|White Herb
|-clearnegativeboost|p2a: Sneasler|[silent]
|move|p1b: Gholdengo|Make It Rain|p2b: Skeledirge|[spread] p2a,p2b
|-resisted|p2b: Skeledirge
|-crit|p2b: Skeledirge
|-damage|p2a: Sneasler|19/100
|-damage|p2b: Skeledirge|0 fnt
|-unboost|p1b: Gholdengo|spa|1
|faint|p2b: Skeledirge
|-damage|p1b: Gholdengo|91/100|[from] item: Life Orb
|move|p1a: Incineroar|Flare Blitz|p2a: Sneasler
|-crit|p2a: Sneasler
|-damage|p2a: Sneasler|0 fnt
|faint|p2a: Sneasler
|-damage|p1a: Incineroar|0 fnt|[from] Recoil
|faint|p1a: Incineroar
|
|upkeep
|
|t:|1756714772
|switch|p2a: Shiftry|Shiftry, L50, M|100/100
|turn|7
|
|t:|1756714782
|-terastallize|p1b: Gholdengo|Water
|move|p2a: Shiftry|Leaf Blade|p1b: Gholdengo
|-supereffective|p1b: Gholdengo
|-damage|p1b: Gholdengo|16/100
|move|p1b: Gholdengo|Make It Rain|p2a: Shiftry
|-damage|p2a: Shiftry|12/100
|-unboost|p1b: Gholdengo|spa|1
|-damage|p1b: Gholdengo|6/100|[from] item: Life Orb
|
|upkeep
|turn|8
|
|t:|1756714795
|move|p2a: Shiftry|Sucker Punch|p1b: Gholdengo
|-damage|p1b: Gholdengo|0 fnt
|faint|p1b: Gholdengo
|
|win|Tsbaaasdf
||Chandeliere is ready for game 2.
||Tsbaaasdf is ready for game 2.
|uhtml|next|Next: Game 2 of 3
|l|☆Tsbaaasdf
|player|p2|
