|j|☆GlitchXDGOAT
|j|☆gjjkjhjgg
|html|GlitchXDGOATgjjkjhjgg    
|uhtml|bestof|Game 2 of a best-of-3
|t:|1783851863
|gametype|doubles
|player|p1|GlitchXDGOAT|266|1130
|player|p2|gjjkjhjgg|102|1129
|gen|9
|tier|[Gen 9 Champions] VGC 2026 Reg M-B (Bo3)
|rated|
|rule|Species Clause: Limit one of each Pokémon
|rule|Item Clause: Limit 1 of each item
|clearpoke
|poke|p1|Lycanroc-Dusk, L50, M|
|poke|p1|Gholdengo, L50|
|poke|p1|Floette-Eternal, L50, F|
|poke|p1|Garchomp, L50, M|
|poke|p1|Whimsicott, L50, M|
|poke|p1|Charizard, L50, M|
|poke|p2|Staraptor, L50, F|
|poke|p2|Incineroar, L50, M|
|poke|p2|Whimsicott, L50, F|
|poke|p2|Basculegion, L50, M|
|poke|p2|Ninetales-Alola, L50, M|
|poke|p2|Farigiraf, L50, F|
|teampreview|4
|showteam|p1|Lycanroc-Dusk||FocusSash|ToughClaws|Accelerock,CloseCombat,RockSlide,Protect|Jolly||M|||50|]Gholdengo||ChoiceScarf|GoodasGold|MakeItRain,ShadowBall,PowerGem,Thunderbolt|Timid|||||50|]Floette-Eternal||Floettite|FlowerVeil|Moonblast,DrainingKiss,LightofRuin,Protect|Modest||F|||50|]Garchomp||LifeOrb|RoughSkin|DragonClaw,RockSlide,StompingTantrum,Protect|Jolly||M|||50|]Whimsicott||FairyFeather|Prankster|Moonblast,Tailwind,Encore,Protect|Timid||M|||50|]Charizard||CharizarditeY|Blaze|HeatWave,WeatherBall,SolarBeam,Protect|Timid||M|||50|
|showteam|p2|Staraptor||Staraptite|Intimidate|Protect,BraveBird,CloseCombat,Roost|Jolly||F|||50|]Incineroar||SitrusBerry|Intimidate|FlareBlitz,DarkestLariat,FakeOut,PartingShot|Careful||M|||50|]Whimsicott||FocusSash|Prankster|Moonblast,Charm,Tailwind,Encore|Timid||F|||50|]Basculegion||ChoiceScarf|Adaptability|HeadSmash,LastRespects,WaveCrash,FlipTurn|Jolly||M|||50|]Ninetales-Alola||LightClay|SnowWarning|HelpingHand,AuroraVeil,Disable,FreezeDry|Timid||M|||50|]Farigiraf||Leftovers|ArmorTail|Protect,TwinBeam,Roar,Thunderbolt|Calm||F|||50|
|inactive|Battle timer is ON: inactive players will automatically lose when time's up. (requested by GlitchXDGOAT)
|inactive|gjjkjhjgg has 60 seconds left.
|
|t:|1783851901
|teamsize|p1|4
|teamsize|p2|4
|start
|switch|p1a: Floette|Floette-Eternal, L50, F|100/100
|switch|p1b: Whimsicott|Whimsicott, L50, M|100/100
|switch|p2a: Incineroar|Incineroar, L50, M|100/100
|switch|p2b: Basculegion|Basculegion, L50, M|100/100
|-ability|p2a: Incineroar|Intimidate|boost
|-unboost|p1a: Floette|atk|1
|-block|p1b: Whimsicott|ability: Flower Veil|[of] p1a: Floette
|turn|1
|
|t:|1783851909
|detailschange|p1a: Floette|Floette-Mega, L50, F
|-mega|p1a: Floette|Floette|Floettite
|-ability|p1a: Floette|Fairy Aura
|move|p2a: Incineroar|Fake Out|p1b: Whimsicott
|-damage|p1b: Whimsicott|80/100
|cant|p1b: Whimsicott|flinch
|move|p2b: Basculegion|Wave Crash|p1a: Floette
|-damage|p1a: Floette|3/100
|-damage|p2b: Basculegion|76/100|[from] Recoil
|move|p1a: Floette|Light of Ruin|p2b: Basculegion|[miss]
|-miss|p1a: Floette|p2b: Basculegion
|
|upkeep
|turn|2
|
|t:|1783851933
|move|p1b: Whimsicott|Tailwind|p1b: Whimsicott
|-sidestart|p1: GlitchXDGOAT|move: Tailwind
|move|p1a: Floette|Light of Ruin|p2a: Incineroar
|-damage|p2a: Incineroar|0 fnt
|faint|p2a: Incineroar
|-damage|p1a: Floette|0 fnt|[from] Recoil
|faint|p1a: Floette
|move|p2b: Basculegion|Wave Crash|p1b: Whimsicott
|-resisted|p1b: Whimsicott|1
|-damage|p1b: Whimsicott|26/100
|-damage|p2b: Basculegion|64/100|[from] Recoil
|
|upkeep
|
|t:|1783851941
|switch|p1a: Gholdengo|Gholdengo, L50|100/100
|switch|p2a: Staraptor|Staraptor, L50, F|100/100
|-ability|p2a: Staraptor|Intimidate|boost
|-unboost|p1a: Gholdengo|atk|1
|-unboost|p1b: Whimsicott|atk|1
|turn|3
|
|t:|1783851960
|switch|p2b: Ninetales|Ninetales-Alola, L50, M|100/100
|-weather|Snowscape|[from] ability: Snow Warning|[of] p2b: Ninetales
|detailschange|p2a: Staraptor|Staraptor-Mega, L50, F
|-mega|p2a: Staraptor|Staraptor|Staraptite
|move|p1a: Gholdengo|Shadow Ball|p2b: Ninetales
|-damage|p2b: Ninetales|54/100
|-unboost|p2b: Ninetales|spd|1
|move|p1b: Whimsicott|Moonblast|p2a: Staraptor
|-supereffective|p2a: Staraptor|1
|-damage|p2a: Staraptor|13/100
|move|p2a: Staraptor|Close Combat|p1b: Whimsicott
|-resisted|p1b: Whimsicott|1
|-damage|p1b: Whimsicott|0 fnt
|-boost|p2a: Staraptor|def|1
|-boost|p2a: Staraptor|spd|1
|faint|p1b: Whimsicott
|
|-weather|Snowscape|[upkeep]
|upkeep
|
|t:|1783851973
|switch|p1b: Lycanroc|Lycanroc-Dusk, L50, M|100/100
|turn|4
|inactive|gjjkjhjgg has 30 seconds left.
|
|t:|1783852002
|move|p1b: Lycanroc|Accelerock|p2a: Staraptor
|-damage|p2a: Staraptor|0 fnt
|faint|p2a: Staraptor
|move|p1a: Gholdengo|Shadow Ball|p2b: Ninetales
|-damage|p2b: Ninetales|0 fnt
|faint|p2b: Ninetales
|
|-weather|Snowscape|[upkeep]
|upkeep
|
|t:|1783852013
|switch|p2b: Basculegion|Basculegion, L50, M|64/100
|turn|5
|c|☆GlitchXDGOAT|GG
|c|☆gjjkjhjgg|gg
|
|t:|1783852024
|move|p1b: Lycanroc|Accelerock|p2b: Basculegion
|-damage|p2b: Basculegion|35/100
|move|p1a: Gholdengo|Shadow Ball|p2b: Basculegion
|-supereffective|p2b: Basculegion|1
|-damage|p2b: Basculegion|0 fnt
|faint|p2b: Basculegion
|
|win|GlitchXDGOAT
|raw|GlitchXDGOAT's rating: 1130 → 1155(+25 for winning)
|raw|gjjkjhjgg's rating: 1129 → 1104(-25 for losing)
|l|☆gjjkjhjgg
|player|p2|
|c|☆GlitchXDGOAT|Scarf Gold causing you problems
