|j|☆ProbopassTrainer
|j|☆meikh_neiht
|html|ProbopassTrainermeikh_neiht    
|uhtml|bestof|Game 2 of a best-of-3
|t:|1782531253
|gametype|doubles
|player|p1|ProbopassTrainer|266|1113
|player|p2|meikh_neiht|lucas|1112
|gen|9
|tier|[Gen 9 Champions] VGC 2026 Reg M-B (Bo3)
|rated|
|rule|Species Clause: Limit one of each Pokémon
|rule|Item Clause: Limit 1 of each item
|clearpoke
|poke|p1|Eelektross, L50, F|
|poke|p1|Pelipper, L50, F|
|poke|p1|Archaludon, L50, F|
|poke|p1|Swampert, L50, M|
|poke|p1|Maushold-Four, L50, shiny|
|poke|p1|Overqwil, L50, M|
|poke|p2|Staraptor, L50, F|
|poke|p2|Sinistcha, L50|
|poke|p2|Maushold, L50|
|poke|p2|Kingambit, L50, F|
|poke|p2|Sneasler, L50, M|
|poke|p2|Delphox, L50, M|
|teampreview|4
|showteam|p1|Eelektross||Eelektrossite|Levitate|GrassKnot,Protect,Thunder,DragonPulse|Modest||F|||50|]Pelipper||FocusSash|Drizzle|Tailwind,Hurricane,WeatherBall,HelpingHand|Timid||F|||50|]Archaludon||Leftovers|Stamina|DragonPulse,ElectroShot,FlashCannon,Protect|Calm||F|||50|]Swampert||Swampertite|Torrent|IcePunch,Earthquake,WaveCrash,Protect|Adamant||M|||50|]Maushold-Four||ChopleBerry|FriendGuard|RainDance,FollowMe,SuperFang,Feint|Jolly|||||50|]Overqwil||LifeOrb|SwiftSwim|LashOut,PoisonJab,AquaJet,Protect|Adamant||M|||50|
|showteam|p2|Staraptor||Staraptite|Intimidate|CloseCombat,BraveBird,Roost,Protect|Adamant||F|||50|]Sinistcha||SitrusBerry|Hospitality|RagePowder,MatchaGotcha,TrickRoom,LifeDew|Calm|||||50|]Maushold||ChopleBerry|FriendGuard|Encore,Charm,FollowMe,Protect|Timid|||||50|]Kingambit||OccaBerry|Defiant|KowtowCleave,SuckerPunch,SwordsDance,Protect|Adamant||F|||50|]Sneasler||WhiteHerb|Unburden|DireClaw,Protect,FakeOut,CloseCombat|Jolly||M|||50|]Delphox||Delphoxite|Blaze|HeatWave,Psyshock,NastyPlot,Protect|Timid||M|||50|
|
|t:|1782531277
|teamsize|p1|4
|teamsize|p2|4
|start
|switch|p1a: Adolfo|Swampert, L50, M|100/100
|switch|p1b: Los Ramirez|Maushold-Four, L50, shiny|100/100
|switch|p2a: Maushold|Maushold, L50|100/100
|switch|p2b: Staraptor|Staraptor, L50, F|100/100
|-ability|p2b: Staraptor|Intimidate|boost
|-unboost|p1a: Adolfo|atk|1
|-unboost|p1b: Los Ramirez|atk|1
|turn|1
|
|t:|1782531311
|detailschange|p2b: Staraptor|Staraptor-Mega, L50, F
|-mega|p2b: Staraptor|Staraptor|Staraptite
|detailschange|p1a: Adolfo|Swampert-Mega, L50, M
|-mega|p1a: Adolfo|Swampert|Swampertite
|move|p2a: Maushold|Follow Me|p2a: Maushold
|-singleturn|p2a: Maushold|move: Follow Me
|move|p1b: Los Ramirez|Follow Me|p1b: Los Ramirez
|-singleturn|p1b: Los Ramirez|move: Follow Me
|move|p2b: Staraptor|Close Combat|p1b: Los Ramirez
|-supereffective|p1b: Los Ramirez|1
|-enditem|p1b: Los Ramirez|Chople Berry|[eat]
|-enditem|p1b: Los Ramirez|Chople Berry|[weaken]
|-damage|p1b: Los Ramirez|27/100
|-boost|p2b: Staraptor|def|1
|-boost|p2b: Staraptor|spd|1
|move|p1a: Adolfo|Ice Punch|p2a: Maushold
|-crit|p2a: Maushold
|-damage|p2a: Maushold|37/100
|
|upkeep
|turn|2
|
|t:|1782531337
|switch|p1b: Lenin|Pelipper, L50, F|100/100
|-weather|RainDance|[from] ability: Drizzle|[of] p1b: Lenin
|move|p2a: Maushold|Protect|p2a: Maushold
|-singleturn|p2a: Maushold|Protect
|move|p1a: Adolfo|Ice Punch|p2b: Staraptor
|-supereffective|p2b: Staraptor|1
|-damage|p2b: Staraptor|77/100
|move|p2b: Staraptor|Close Combat|p1a: Adolfo
|-crit|p1a: Adolfo
|-damage|p1a: Adolfo|0 fnt
|-boost|p2b: Staraptor|def|1
|-boost|p2b: Staraptor|spd|1
|faint|p1a: Adolfo
|
|-weather|RainDance|[upkeep]
|upkeep
|
|t:|1782531352
|switch|p1a: Los Ramirez|Maushold-Four, L50, shiny|27/100
|turn|3
|
|t:|1782531375
|move|p2a: Maushold|Charm|p2b: Staraptor
|-boost|p2b: Staraptor|atk|2
|move|p2b: Staraptor|Close Combat|p1b: Lenin
|-resisted|p1b: Lenin|1
|-damage|p1b: Lenin|27/100
|-boost|p2b: Staraptor|def|1
|-boost|p2b: Staraptor|spd|1
|move|p1a: Los Ramirez|Super Fang|p2b: Staraptor
|-damage|p2b: Staraptor|39/100
|move|p1b: Lenin|Weather Ball|p2b: Staraptor
|-damage|p2b: Staraptor|17/100
|
|-weather|RainDance|[upkeep]
|upkeep
|turn|4
|
|t:|1782531395
|move|p2a: Maushold|Follow Me|p2a: Maushold
|-singleturn|p2a: Maushold|move: Follow Me
|move|p1a: Los Ramirez|Feint|p2a: Maushold
|-damage|p2a: Maushold|25/100
|move|p2b: Staraptor|Roost|p2b: Staraptor
|-heal|p2b: Staraptor|67/100
|-singleturn|p2b: Staraptor|move: Roost
|move|p1b: Lenin|Hurricane|p2a: Maushold
|-damage|p2a: Maushold|0 fnt
|faint|p2a: Maushold
|
|-weather|RainDance|[upkeep]
|upkeep
|
|t:|1782531405
|switch|p2a: Sinistcha|Sinistcha, L50|100/100
|-heal|p2b: Staraptor|92/100|[from] ability: Hospitality|[of] p2a: Sinistcha
|turn|5
|
|t:|1782531416
|switch|p1b: Franco|Overqwil, L50, M|100/100
|move|p2a: Sinistcha|Rage Powder|p2a: Sinistcha
|-singleturn|p2a: Sinistcha|move: Rage Powder
|move|p2b: Staraptor|Close Combat|p1b: Franco
|-damage|p1b: Franco|0 fnt
|-boost|p2b: Staraptor|def|1
|-boost|p2b: Staraptor|spd|1
|faint|p1b: Franco
|move|p1a: Los Ramirez|Super Fang|p2a: Sinistcha
|-immune|p2a: Sinistcha
|
|-weather|RainDance|[upkeep]
|upkeep
|-message|ProbopassTrainer forfeited.
|
|win|meikh_neiht
|raw|ProbopassTrainer's rating: 1113 → 1088(-25 for losing)
|raw|meikh_neiht's rating: 1112 → 1137(+25 for winning)
|l|☆ProbopassTrainer
|player|p1|
