|j|☆Daniw9
|j|☆Monkeydes
|html|Daniw9Monkeydes    
|uhtml|bestof|Game 2 of a best-of-3
|t:|1756455393
|gametype|doubles
|player|p1|Daniw9|101|1174
|player|p2|Monkeydes|169|1087
|gen|9
|tier|[Gen 9] VGC 2025 Reg H (Bo3)
|rated|
|rule|Species Clause: Limit one of each Pokémon
|rule|Item Clause: Limit 1 of each item
|clearpoke
|poke|p1|Garchomp, L50, M|
|poke|p1|Tyranitar, L50, F|
|poke|p1|Delphox, L50, M|
|poke|p1|Indeedee-F, L50, F|
|poke|p1|Gallade, L50, M|
|poke|p1|Whimsicott, L50, M|
|poke|p2|Sneasler, L50, M|
|poke|p2|Dragapult, L50, F|
|poke|p2|Primarina, L50, F|
|poke|p2|Rillaboom, L50, F|
|poke|p2|Kingambit, L50, M|
|poke|p2|Magmar, L50, F|
|teampreview|4
|showteam|p1|Garchomp||LifeOrb|SandVeil|Earthquake,StompingTantrum,Protect,DragonClaw|||M|||50|,,,,,Steel]Tyranitar||AssaultVest|SandStream|RockSlide,TeraBlast,KnockOff,LowKick|||F|||50|,,,,,Flying]Delphox||PsychicSeed|Magician|ExpandingForce,HeatWave,TeraBlast,Protect|||M|||50|,,,,,Fairy]Indeedee-F||SafetyGoggles|PsychicSurge|DazzlingGleam,TrickRoom,FollowMe,HelpingHand|||F|||50|,,,,,Water]Gallade||ClearAmulet|Sharpness|SacredSword,PsychoCut,TrickRoom,Protect|||M|||50|,,,,,Grass]Whimsicott||CovertCloak|Prankster|Moonblast,Tailwind,Encore,Protect|||M|||50|,,,,,Ghost
|showteam|p2|Sneasler||FocusSash|PoisonTouch|CloseCombat,DireClaw,FakeOut,Protect|||M|||50|,,,,,Stellar]Dragapult||ChoiceBand|ClearBody|DragonDarts,TeraBlast,PhantomForce,Uturn|||F|||50|,,,,,Ghost]Primarina||SitrusBerry|LiquidVoice|HyperVoice,Moonblast,Haze,Protect|||F|||50|,,,,,Water]Rillaboom||AssaultVest|GrassySurge|WoodHammer,GrassyGlide,HighHorsepower,FakeOut|||F|||50|,,,,,Fire]Kingambit||BlackGlasses|Defiant|KowtowCleave,SuckerPunch,SwordsDance,Protect|||M|||50|,,,,,Ghost]Magmar||Eviolite|VitalSpirit|Overheat,WillOWisp,FollowMe,Protect|||F|||50|,,,,,Ghost
|inactive|Battle timer is ON: inactive players will automatically lose when time's up. (requested by Monkeydes)
|
|t:|1756455423
|teamsize|p1|4
|teamsize|p2|4
|start
|switch|p1a: Garchomp|Garchomp, L50, M|100/100
|switch|p1b: Whimsicott|Whimsicott, L50, M|100/100
|switch|p2a: Dragapult|Dragapult, L50, F|100/100
|switch|p2b: Sneasler|Sneasler, L50, M|100/100
|turn|1
|inactive|Daniw9 has 30 seconds left.
|inactive|Monkeydes has 30 seconds left.
|
|t:|1756455459
|move|p1a: Garchomp|Protect|p1a: Garchomp
|-singleturn|p1a: Garchomp|Protect
|move|p1b: Whimsicott|Tailwind|p1b: Whimsicott
|-sidestart|p1: Daniw9|move: Tailwind
|move|p2a: Dragapult|U-turn|p1b: Whimsicott
|-damage|p1b: Whimsicott|55/100
|
|t:|1756455475
|switch|p2a: Rillaboom|Rillaboom, L50, F|100/100|[from] U-turn
|-fieldstart|move: Grassy Terrain|[from] ability: Grassy Surge|[of] p2a: Rillaboom
|move|p2b: Sneasler|Close Combat|p1a: Garchomp
|-activate|p1a: Garchomp|move: Protect
|
|-heal|p1b: Whimsicott|61/100|[from] Grassy Terrain
|upkeep
|turn|2
|
|t:|1756455500
|switch|p1b: Indeedee|Indeedee-F, L50, F|100/100
|-fieldstart|move: Psychic Terrain|[from] ability: Psychic Surge|[of] p1b: Indeedee
|move|p2a: Rillaboom|Fake Out|p1a: Garchomp
|-activate|p1a: Garchomp|move: Psychic Terrain
|move|p1a: Garchomp|Stomping Tantrum|p2b: Sneasler
|-supereffective|p2b: Sneasler
|-enditem|p2b: Sneasler|Focus Sash
|-damage|p2b: Sneasler|1/100
|-damage|p1a: Garchomp|91/100|[from] item: Life Orb
|move|p2b: Sneasler|Dire Claw|p1b: Indeedee
|-damage|p1b: Indeedee|56/100
|-status|p1b: Indeedee|slp
|
|upkeep
|turn|3
|
|t:|1756455524
|switch|p1b: Delphox|Delphox, L50, M|100/100
|-enditem|p1b: Delphox|Psychic Seed
|-boost|p1b: Delphox|spd|1|[from] item: Psychic Seed
|move|p2b: Sneasler|Protect|p2b: Sneasler
|-singleturn|p2b: Sneasler|Protect
|move|p1a: Garchomp|Dragon Claw|p2a: Rillaboom
|-damage|p2a: Rillaboom|46/100
|-damage|p1a: Garchomp|81/100|[from] item: Life Orb
|move|p2a: Rillaboom|Wood Hammer|p1b: Delphox
|-resisted|p1b: Delphox
|-damage|p1b: Delphox|50/100
|-damage|p2a: Rillaboom|33/100|[from] Recoil
|
|upkeep
|turn|4
|inactive|Monkeydes has 30 seconds left.
|
|t:|1756455558
|switch|p1a: Whimsicott|Whimsicott, L50, M|61/100
|move|p1b: Delphox|Heat Wave|p2a: Rillaboom|[spread] p2a,p2b
|-supereffective|p2a: Rillaboom
|-damage|p2a: Rillaboom|0 fnt
|-damage|p2b: Sneasler|0 fnt
|faint|p2a: Rillaboom
|faint|p2b: Sneasler
|-item|p1b: Delphox|Assault Vest|[from] ability: Magician|[of] p2: Rillaboom
|
|-sideend|p1: Daniw9|move: Tailwind
|upkeep
|
|t:|1756455563
|switch|p2b: Dragapult|Dragapult, L50, F|100/100
|switch|p2a: Kingambit|Kingambit, L50, M|100/100
|turn|5
|
|t:|1756455578
|-terastallize|p2b: Dragapult|Ghost
|-terastallize|p1b: Delphox|Fairy
|move|p1a: Whimsicott|Tailwind|p1a: Whimsicott
|-sidestart|p1: Daniw9|move: Tailwind
|move|p1b: Delphox|Tera Blast|p2b: Dragapult|[anim] Tera Blast Fairy
|-damage|p2b: Dragapult|47/100
|move|p2b: Dragapult|Tera Blast|p1a: Whimsicott|[anim] Tera Blast Ghost
|-damage|p1a: Whimsicott|0 fnt
|faint|p1a: Whimsicott
|move|p2a: Kingambit|Kowtow Cleave|p1b: Delphox
|-resisted|p1b: Delphox
|-damage|p1b: Delphox|4/100
|
|upkeep
|
|t:|1756455583
|switch|p1a: Garchomp|Garchomp, L50, M|81/100
|turn|6
|-message|Monkeydes forfeited.
|
|win|Daniw9
|raw|Daniw9's rating: 1174 → 1193(+19 for winning)
|raw|Monkeydes's rating: 1087 → 1070(-17 for losing)
|l|☆Monkeydes
|player|p2|
