|j|☆klaustrophob97
|j|☆JakAttack101
|html|klaustrophob97JakAttack101    
|uhtml|bestof|Game 1 of a best-of-3
|t:|1756501172
|gametype|doubles
|player|p1|klaustrophob97|1|1108
|player|p2|JakAttack101|blaine|1080
|gen|9
|tier|[Gen 9] VGC 2025 Reg H (Bo3)
|rated|
|rule|Species Clause: Limit one of each Pokémon
|rule|Item Clause: Limit 1 of each item
|clearpoke
|poke|p1|Archaludon, L50, F|
|poke|p1|Pelipper, L50, M|
|poke|p1|Incineroar, L50, M|
|poke|p1|Basculegion, L50, M|
|poke|p1|Amoonguss, L50, F|
|poke|p1|Gholdengo, L50|
|poke|p2|Annihilape, L50, M|
|poke|p2|Ninetales-Alola, L50, M|
|poke|p2|Garchomp, L50, F|
|poke|p2|Dragonite, L50, M|
|poke|p2|Sneasler, L50, M|
|poke|p2|Incineroar, L50, F|
|teampreview|4
|showteam|p1|Archaludon||AssaultVest|Stamina|ElectroShot,FlashCannon,DracoMeteor,BodyPress|||F|||50|,,,,,Grass]Pelipper||FocusSash|Drizzle|WeatherBall,Hurricane,Tailwind,Protect|||M|||50|,,,,,Ghost]Incineroar||SafetyGoggles|Intimidate|KnockOff,Taunt,FakeOut,PartingShot|||M|||50|,,,,,Ghost]Basculegion||ChoiceBand|SwiftSwim|WaveCrash,LastRespects,FlipTurn,AquaJet|||M|||50|,,,,,Water]Amoonguss||SitrusBerry|Regenerator|PollenPuff,Spore,RagePowder,Protect|||F|||50|,,,,,Fairy]Gholdengo||LifeOrb|GoodasGold|MakeItRain,ShadowBall,NastyPlot,Protect||||||50|,,,,,Water
|showteam|p2|Annihilape||AssaultVest|Defiant|RageFist,DrainPunch,RockTomb,FinalGambit|||M|||50|,,,,,Fire]Ninetales-Alola||ChoiceSpecs|SnowWarning|Blizzard,Moonblast,FreezeDry,IcyWind|||M|||50|,,,,,Ghost]Garchomp||LifeOrb|RoughSkin|Earthquake,StompingTantrum,DragonClaw,Protect|||F|||50|,,,,,Steel]Dragonite||LoadedDice|Multiscale|ScaleShot,Tailwind,Protect,Haze|||M|||50|,,,,,Fairy]Sneasler||FocusSash|Unburden|CloseCombat,DireClaw,FakeOut,Coaching|||M|||50|,,,,,Ghost]Incineroar||SafetyGoggles|Intimidate|KnockOff,Taunt,FakeOut,PartingShot|||F|||50|,,,,,Fairy
|inactive|Battle timer is ON: inactive players will automatically lose when time's up. (requested by JakAttack101)
|
|t:|1756501278
|teamsize|p1|4
|teamsize|p2|4
|start
|switch|p1a: Basculegion|Basculegion, L50, M|100/100
|switch|p1b: Amoonguss|Amoonguss, L50, F|100/100
|switch|p2a: Dragonite|Dragonite, L50, M, shiny|100/100
|switch|p2b: Garchomp|Garchomp, L50, F|100/100
|turn|1
|inactive|klaustrophob97 has 30 seconds left.
|inactive|klaustrophob97 has 20 seconds left.
|inactive|klaustrophob97 has 15 seconds left.
|inactive|klaustrophob97 has 10 seconds left.
|inactive|klaustrophob97 has 5 seconds left.
|
|t:|1756501329
|-terastallize|p2b: Garchomp|Steel
|move|p1b: Amoonguss|Rage Powder|p1b: Amoonguss
|-singleturn|p1b: Amoonguss|move: Rage Powder
|move|p2b: Garchomp|Earthquake|p1b: Amoonguss|[spread] p1a,p1b
|-immune|p2a: Dragonite
|-damage|p1a: Basculegion|47/100
|-damage|p1b: Amoonguss|63/100
|-damage|p2b: Garchomp|91/100|[from] item: Life Orb
|move|p2a: Dragonite|Scale Shot|p1b: Amoonguss
|-damage|p1b: Amoonguss|49/100
|-enditem|p1b: Amoonguss|Sitrus Berry|[eat]
|-heal|p1b: Amoonguss|74/100|[from] item: Sitrus Berry
|-damage|p1b: Amoonguss|63/100
|-crit|p1b: Amoonguss
|-damage|p1b: Amoonguss|45/100
|-damage|p1b: Amoonguss|33/100
|-hitcount|p1b: Amoonguss|4
|-unboost|p2a: Dragonite|def|1
|-boost|p2a: Dragonite|spe|1
|move|p1a: Basculegion|Flip Turn|p2a: Dragonite
|-resisted|p2a: Dragonite
|-damage|p2a: Dragonite|82/100
|inactive|klaustrophob97 has 30 seconds left.
|
|t:|1756501356
|switch|p1a: Pelipper|Pelipper, L50, M|100/100|[from] Flip Turn
|-weather|RainDance|[from] ability: Drizzle|[of] p1a: Pelipper
|
|-weather|RainDance|[upkeep]
|upkeep
|turn|2
|
|t:|1756501374
|move|p1b: Amoonguss|Protect|p1b: Amoonguss
|-singleturn|p1b: Amoonguss|Protect
|move|p2a: Dragonite|Scale Shot|p1a: Pelipper|[miss]
|-miss|p2a: Dragonite|p1a: Pelipper
|move|p2b: Garchomp|Stomping Tantrum|p1b: Amoonguss
|-activate|p1b: Amoonguss|move: Protect
|move|p1a: Pelipper|Tailwind|p1a: Pelipper
|-sidestart|p1: klaustrophob97|move: Tailwind
|
|-weather|RainDance|[upkeep]
|upkeep
|turn|3
|inactive|klaustrophob97 has 30 seconds left.
|inactive|klaustrophob97 has 20 seconds left.
|
|t:|1756501411
|move|p1b: Amoonguss|Rage Powder|p1b: Amoonguss
|-singleturn|p1b: Amoonguss|move: Rage Powder
|move|p1a: Pelipper|Weather Ball|p2b: Garchomp
|-damage|p2b: Garchomp|21/100
|move|p2a: Dragonite|Tailwind|p2a: Dragonite
|-sidestart|p2: JakAttack101|move: Tailwind
|move|p2b: Garchomp|Stomping Tantrum|p1b: Amoonguss
|-damage|p1b: Amoonguss|0 fnt
|faint|p1b: Amoonguss
|-damage|p2b: Garchomp|12/100|[from] item: Life Orb
|
|-weather|RainDance|[upkeep]
|upkeep
|
|t:|1756501429
|switch|p1b: Basculegion|Basculegion, L50, M|47/100
|turn|4
|
|t:|1756501448
|switch|p1b: Gholdengo|Gholdengo, L50|100/100
|switch|p2b: Ninetales|Ninetales-Alola, L50, M, shiny|100/100
|-weather|Snowscape|[from] ability: Snow Warning|[of] p2b: Ninetales
|move|p2a: Dragonite|Scale Shot|p1b: Gholdengo
|-resisted|p1b: Gholdengo
|-damage|p1b: Gholdengo|93/100
|-resisted|p1b: Gholdengo
|-damage|p1b: Gholdengo|84/100
|-resisted|p1b: Gholdengo
|-damage|p1b: Gholdengo|76/100
|-resisted|p1b: Gholdengo
|-damage|p1b: Gholdengo|68/100
|-resisted|p1b: Gholdengo
|-damage|p1b: Gholdengo|60/100
|-hitcount|p1b: Gholdengo|5
|-unboost|p2a: Dragonite|def|1
|-boost|p2a: Dragonite|spe|1
|move|p1a: Pelipper|Hurricane|p2a: Dragonite
|-damage|p2a: Dragonite|27/100
|
|-weather|Snowscape|[upkeep]
|upkeep
|turn|5
|inactive|klaustrophob97 has 30 seconds left.
|
|t:|1756501481
|move|p1a: Pelipper|Protect|p1a: Pelipper
|-singleturn|p1a: Pelipper|Protect
|move|p2a: Dragonite|Scale Shot|p1a: Pelipper
|-activate|p1a: Pelipper|move: Protect
|move|p2b: Ninetales|Blizzard|p1b: Gholdengo|[spread] p1b
|-activate|p1a: Pelipper|move: Protect
|-resisted|p1b: Gholdengo
|-damage|p1b: Gholdengo|36/100
|move|p1b: Gholdengo|Make It Rain|p2b: Ninetales|[spread] p2a,p2b
|-supereffective|p2b: Ninetales
|-damage|p2a: Dragonite|0 fnt
|-damage|p2b: Ninetales|0 fnt
|-unboost|p1b: Gholdengo|spa|1
|faint|p2a: Dragonite
|faint|p2b: Ninetales
|-damage|p1b: Gholdengo|27/100|[from] item: Life Orb
|
|-weather|Snowscape|[upkeep]
|-sideend|p1: klaustrophob97|move: Tailwind
|upkeep
|
|t:|1756501491
|switch|p2b: Annihilape|Annihilape, L50, M, shiny|100/100
|switch|p2a: Garchomp|Garchomp, L50, F, tera:Steel|12/100
|turn|6
|inactive|klaustrophob97 has 30 seconds left.
|
|t:|1756501520
|switch|p1a: Basculegion|Basculegion, L50, M|47/100
|move|p1b: Gholdengo|Protect|p1b: Gholdengo
|-singleturn|p1b: Gholdengo|Protect
|move|p2a: Garchomp|Dragon Claw|p1a: Basculegion
|-damage|p1a: Basculegion|0 fnt
|faint|p1a: Basculegion
|-damage|p2a: Garchomp|2/100|[from] item: Life Orb
|move|p2b: Annihilape|Rage Fist|p1b: Gholdengo
|-activate|p1b: Gholdengo|move: Protect
|
|-weather|Snowscape|[upkeep]
|-sideend|p2: JakAttack101|move: Tailwind
|upkeep
|
|t:|1756501534
|switch|p1a: Pelipper|Pelipper, L50, M|100/100
|-weather|RainDance|[from] ability: Drizzle|[of] p1a: Pelipper
|turn|7
|
|t:|1756501546
|move|p1b: Gholdengo|Protect||[still]
|-fail|p1b: Gholdengo
|move|p2a: Garchomp|Stomping Tantrum|p1b: Gholdengo
|-supereffective|p1b: Gholdengo
|-damage|p1b: Gholdengo|0 fnt
|faint|p1b: Gholdengo
|-damage|p2a: Garchomp|0 fnt|[from] item: Life Orb
|faint|p2a: Garchomp
|move|p2b: Annihilape|Rage Fist|p1a: Pelipper
|-damage|p1a: Pelipper|73/100
|move|p1a: Pelipper|Tailwind|p1a: Pelipper
|-sidestart|p1: klaustrophob97|move: Tailwind
|
|-weather|RainDance|[upkeep]
|upkeep
|turn|8
|
|t:|1756501567
|move|p1a: Pelipper|Hurricane|p2b: Annihilape
|-supereffective|p2b: Annihilape
|-damage|p2b: Annihilape|36/100
|move|p2b: Annihilape|Rock Tomb|p1a: Pelipper
|-supereffective|p1a: Pelipper
|-damage|p1a: Pelipper|32/100
|-unboost|p1a: Pelipper|spe|1
|
|-weather|RainDance|[upkeep]
|upkeep
|turn|9
|
|t:|1756501578
|move|p1a: Pelipper|Hurricane|p2b: Annihilape
|-supereffective|p2b: Annihilape
|-damage|p2b: Annihilape|0 fnt
|faint|p2b: Annihilape
|
|win|klaustrophob97
