|j|☆FilthyJonhy
|j|☆Alecat
|html|FilthyJonhyAlecat    
|uhtml|bestof|Game 2 of a best-of-3
|t:|1756451107
|gametype|doubles
|player|p1|FilthyJonhy|birdkeeper|1054
|player|p2|Alecat|scientistf|1029
|gen|9
|tier|[Gen 9] VGC 2025 Reg H (Bo3)
|rated|
|rule|Species Clause: Limit one of each Pokémon
|rule|Item Clause: Limit 1 of each item
|clearpoke
|poke|p1|Whimsicott, L50, M|
|poke|p1|Indeedee-F, L50, F|
|poke|p1|Mienshao, L50, F|
|poke|p1|Armarouge, L50, F|
|poke|p1|Ursaluna-Bloodmoon, L50, M|
|poke|p1|Incineroar, L50, M|
|poke|p2|Pawmot, L50, M|
|poke|p2|Gyarados, L50, F|
|poke|p2|Volcarona, L50, M|
|poke|p2|Murkrow, L50, M|
|poke|p2|Incineroar, L50, F|
|poke|p2|Archaludon, L50, M|
|teampreview|4
|showteam|p1|Whimsicott||CovertCloak|Prankster|SunnyDay,Tailwind,Encore,Moonblast|||M|||50|,,,,,Dark]Indeedee-F||SafetyGoggles|PsychicSurge|TrickRoom,FollowMe,Imprison,DazzlingGleam|||F|||50|,,,,,Fairy]Mienshao||FocusSash|InnerFocus|FakeOut,CloseCombat,Feint,WideGuard|||F|||50|,,,,,Dark]Armarouge||LifeOrb|FlashFire|ExpandingForce,ArmorCannon,AuraSphere,EnergyBall|||F|||50|,,,,,Grass]Ursaluna-Bloodmoon||ThroatSpray|MindsEye|BloodMoon,EarthPower,HyperVoice,Protect|||M|||50|,,,,,Normal]Incineroar||RockyHelmet|Intimidate|FakeOut,KnockOff,FlareBlitz,PartingShot|||M|||50|,,,,,Grass
|showteam|p2|Pawmot||FocusSash|VoltAbsorb|DoubleShock,Coaching,CloseCombat,Protect|||M|||50|,,,,,Electric]Gyarados||ClearAmulet|Moxie|Waterfall,DragonDance,Earthquake,Protect|||F|||50|,,,,,Ground]Volcarona||SitrusBerry|FlameBody|Overheat,StruggleBug,RagePowder,Tailwind|||M|||50|,,,,,Grass]Murkrow||Eviolite|Prankster|FoulPlay,RainDance,Tailwind,SunnyDay|||M|||50|,,,,,Dark]Incineroar||AssaultVest|Intimidate|FlareBlitz,FakeOut,Bulldoze,KnockOff|||F|||50|,,,,,Ghost]Archaludon||PowerHerb|Stalwart|DragonTail,FlashCannon,ElectroShot,Protect|||M|||50|,,,,,Grass
|inactive|Battle timer is ON: inactive players will automatically lose when time's up. (requested by Alecat)
|inactive|Alecat has 60 seconds left.
|
|t:|1756451142
|teamsize|p1|4
|teamsize|p2|4
|start
|switch|p1a: Incineroar|Incineroar, L50, M, shiny|100/100
|switch|p1b: Armarouge|Armarouge, L50, F|100/100
|switch|p2a: Murkrow|Murkrow, L50, M|100/100
|switch|p2b: Incineroar|Incineroar, L50, F|100/100
|-ability|p2b: Incineroar|Intimidate|boost
|-unboost|p1a: Incineroar|atk|1
|-unboost|p1b: Armarouge|atk|1
|-ability|p1a: Incineroar|Intimidate|boost
|-unboost|p2a: Murkrow|atk|1
|-unboost|p2b: Incineroar|atk|1
|turn|1
|inactive|FilthyJonhy has 30 seconds left.
|
|t:|1756451175
|switch|p1a: Indeedee|Indeedee-F, L50, F|100/100
|-fieldstart|move: Psychic Terrain|[from] ability: Psychic Surge|[of] p1a: Indeedee
|move|p2a: Murkrow|Tailwind|p2a: Murkrow
|-sidestart|p2: Alecat|move: Tailwind
|move|p2b: Incineroar|Knock Off|p1b: Armarouge
|-supereffective|p1b: Armarouge
|-damage|p1b: Armarouge|49/100
|-enditem|p1b: Armarouge|Life Orb|[from] move: Knock Off|[of] p2b: Incineroar
|move|p1b: Armarouge|Aura Sphere|p2b: Incineroar
|-supereffective|p2b: Incineroar
|-damage|p2b: Incineroar|64/100
|
|upkeep
|turn|2
|inactive|FilthyJonhy has 30 seconds left.
|
|t:|1756451207
|move|p2b: Incineroar|Knock Off|p1a: Indeedee
|-supereffective|p1a: Indeedee
|-damage|p1a: Indeedee|52/100
|-enditem|p1a: Indeedee|Safety Goggles|[from] move: Knock Off|[of] p2b: Incineroar
|move|p2a: Murkrow|Foul Play|p1b: Armarouge
|-supereffective|p1b: Armarouge
|-damage|p1b: Armarouge|26/100
|move|p1b: Armarouge|Armor Cannon|p2a: Murkrow
|-damage|p2a: Murkrow|47/100
|-unboost|p1b: Armarouge|def|1
|-unboost|p1b: Armarouge|spd|1
|move|p1a: Indeedee|Trick Room|p1a: Indeedee
|-fieldstart|move: Trick Room|[of] p1a: Indeedee
|
|upkeep
|turn|3
|inactive|FilthyJonhy has 30 seconds left.
|
|t:|1756451235
|switch|p1b: Incineroar|Incineroar, L50, M, shiny|100/100
|-ability|p1b: Incineroar|Intimidate|boost
|-unboost|p2a: Murkrow|atk|1
|-unboost|p2b: Incineroar|atk|1
|-terastallize|p1a: Indeedee|Fairy
|move|p2a: Murkrow|Rain Dance|p2a: Murkrow
|-weather|RainDance
|move|p1a: Indeedee|Dazzling Gleam|p2b: Incineroar|[spread] p2a,p2b
|-supereffective|p2a: Murkrow
|-damage|p2a: Murkrow|13/100
|-damage|p2b: Incineroar|50/100
|move|p2b: Incineroar|Bulldoze|p1b: Incineroar|[spread] p1a,p1b
|-immune|p2a: Murkrow
|-supereffective|p1b: Incineroar
|-damage|p1a: Indeedee|45/100
|-damage|p1b: Incineroar|91/100
|-unboost|p1a: Indeedee|spe|1
|-unboost|p1b: Incineroar|spe|1
|
|-weather|RainDance|[upkeep]
|upkeep
|turn|4
|inactive|FilthyJonhy has 30 seconds left.
|inactive|Alecat has 30 seconds left.
|
|t:|1756451262
|-terastallize|p2b: Incineroar|Ghost
|move|p2a: Murkrow|Sunny Day|p2a: Murkrow
|-weather|SunnyDay
|move|p1b: Incineroar|Knock Off|p2b: Incineroar
|-supereffective|p2b: Incineroar
|-damage|p2b: Incineroar|0 fnt
|-enditem|p2b: Incineroar|Assault Vest|[from] move: Knock Off|[of] p1b: Incineroar
|faint|p2b: Incineroar
|move|p1a: Indeedee|Dazzling Gleam|p2a: Murkrow
|-supereffective|p2a: Murkrow
|-damage|p2a: Murkrow|0 fnt
|faint|p2a: Murkrow
|
|-weather|SunnyDay|[upkeep]
|-sideend|p2: Alecat|move: Tailwind
|upkeep
|
|t:|1756451274
|switch|p2a: Volcarona|Volcarona, L50, M|100/100
|switch|p2b: Gyarados|Gyarados, L50, F|100/100
|turn|5
|
|t:|1756451296
|move|p2a: Volcarona|Rage Powder|p2a: Volcarona
|-singleturn|p2a: Volcarona|move: Rage Powder
|move|p1b: Incineroar|Knock Off|p2a: Volcarona
|-damage|p2a: Volcarona|52/100
|-enditem|p2a: Volcarona|Sitrus Berry|[from] move: Knock Off|[of] p1b: Incineroar
|move|p1a: Indeedee|Dazzling Gleam|p2a: Volcarona|[spread] p2a,p2b
|-resisted|p2a: Volcarona
|-damage|p2a: Volcarona|42/100
|-damage|p2b: Gyarados|79/100
|move|p2b: Gyarados|Earthquake|p1a: Indeedee|[spread] p2a,p1a,p1b
|-supereffective|p1b: Incineroar
|-damage|p2a: Volcarona|11/100
|-damage|p1a: Indeedee|23/100
|-damage|p1b: Incineroar|56/100
|
|-weather|SunnyDay|[upkeep]
|-fieldend|move: Psychic Terrain
|upkeep
|turn|6
|inactive|FilthyJonhy has 30 seconds left.
|
|t:|1756451322
|switch|p1b: Armarouge|Armarouge, L50, F|26/100
|move|p2a: Volcarona|Rage Powder|p2a: Volcarona
|-singleturn|p2a: Volcarona|move: Rage Powder
|move|p1a: Indeedee|Dazzling Gleam|p2b: Gyarados|[spread] p2a,p2b
|-resisted|p2a: Volcarona
|-damage|p2a: Volcarona|1/100
|-damage|p2b: Gyarados|56/100
|move|p2b: Gyarados|Dragon Dance|p2b: Gyarados
|-boost|p2b: Gyarados|atk|1
|-boost|p2b: Gyarados|spe|1
|
|-weather|SunnyDay|[upkeep]
|-fieldend|move: Trick Room
|upkeep
|turn|7
|inactive|FilthyJonhy has 30 seconds left.
|
|t:|1756451351
|move|p2b: Gyarados|Earthquake|p1b: Armarouge|[spread] p2a,p1a,p1b
|-supereffective|p1b: Armarouge
|-damage|p2a: Volcarona|0 fnt
|-damage|p1a: Indeedee|0 fnt
|-damage|p1b: Armarouge|0 fnt
|faint|p2a: Volcarona
|faint|p1a: Indeedee
|faint|p1b: Armarouge
|-ability|p2b: Gyarados|Moxie|boost
|-boost|p2b: Gyarados|atk|3
|
|-weather|SunnyDay|[upkeep]
|upkeep
|
|t:|1756451362
|switch|p1b: Mienshao|Mienshao, L50, F|100/100
|switch|p1a: Incineroar|Incineroar, L50, M, shiny|56/100
|-ability|p1a: Incineroar|Intimidate|boost
|-fail|p2b: Gyarados|unboost|[from] item: Clear Amulet|[of] p2b: Gyarados
|turn|8
|
|t:|1756451376
|move|p1b: Mienshao|Fake Out|p2b: Gyarados
|-damage|p2b: Gyarados|36/100
|cant|p2b: Gyarados|flinch
|move|p1a: Incineroar|Knock Off|p2b: Gyarados
|-damage|p2b: Gyarados|0 fnt
|-enditem|p2b: Gyarados|Clear Amulet|[from] move: Knock Off|[of] p1a: Incineroar
|faint|p2b: Gyarados
|
|win|FilthyJonhy
|inactive|FilthyJonhy has 30 seconds to confirm battle start!
|inactive|Alecat has 30 seconds to confirm battle start!
||FilthyJonhy is ready for game 3.
||Alecat is ready for game 3.
|uhtml|next|Next: Game 3 of 3
|l|☆FilthyJonhy
|player|p1|
