|j|☆xdi8723
|j|☆Dude12350
|html|xdi8723Dude12350    
|uhtml|bestof|Game 3 of a best-of-3
|t:|1785883488
|gametype|doubles
|player|p1|xdi8723|265|1091
|player|p2|Dude12350|102|1000
|gen|9
|tier|[Gen 9 Champions] VGC 2026 Reg M-B (Bo3)
|rated|
|rule|Species Clause: Limit one of each Pokémon
|rule|Item Clause: Limit 1 of each item
|clearpoke
|poke|p1|Archaludon, L50, M|
|poke|p1|Pelipper, L50, F|
|poke|p1|Grimmsnarl, L50, M|
|poke|p1|Sinistcha, L50|
|poke|p1|Swampert, L50, M|
|poke|p1|Lycanroc-Dusk, L50, F|
|poke|p2|Pelipper, L50, F|
|poke|p2|Grimmsnarl, L50, M|
|poke|p2|Archaludon, L50, F|
|poke|p2|Swampert, L50, F|
|poke|p2|Sinistcha-Masterpiece, L50|
|poke|p2|Gholdengo, L50|
|teampreview|4
|showteam|p1|Archaludon||Leftovers|Stamina|ElectroShot,AuraSphere,FlashCannon,Protect|Modest||M|||50|]Pelipper||SitrusBerry|Drizzle|Tailwind,WeatherBall,Hurricane,WideGuard|Modest||F|||50|]Grimmsnarl||LightClay|Prankster|PartingShot,SpiritBreak,Reflect,LightScreen|Calm||M|||50|]Sinistcha||KasibBerry|Hospitality|MatchaGotcha,LifeDew,RagePowder,TrickRoom|Calm|||||50|]Swampert||Swampertite|Torrent|WaveCrash,Earthquake,IcePunch,Protect|Adamant||M|||50|]Lycanroc-Dusk||FocusSash|ToughClaws|Protect,RockSlide,Accelerock,CloseCombat|Jolly||F|||50|
|showteam|p2|Pelipper||SitrusBerry|Drizzle|WideGuard,Hurricane,WeatherBall,Tailwind|Modest||F|||50|]Grimmsnarl||LightClay|Prankster|PartingShot,FoulPlay,Reflect,LightScreen|Sassy||M|||50|]Archaludon||Leftovers|Stamina|Protect,ElectroShot,DragonPulse,FlashCannon|Modest||F|||50|]Swampert||Swampertite|Torrent|Protect,WaveCrash,Earthquake,IcePunch|Adamant||F|||50|]Sinistcha-Masterpiece||CobaBerry|Hospitality|Protect,RagePowder,MatchaGotcha,LifeDew|Bold|||||50|]Gholdengo||LifeOrb|GoodasGold|Protect,MakeItRain,ShadowBall,NastyPlot|Modest|||||50|
|inactive|Battle timer is ON: inactive players will automatically lose when time's up. (requested by xdi8723)
|inactive|Dude12350 has 60 seconds left.
|
|t:|1785883540
|teamsize|p1|4
|teamsize|p2|4
|start
|switch|p1a: Swampert|Swampert, L50, M|100/100
|switch|p1b: Grimmsnarl|Grimmsnarl, L50, M|100/100
|switch|p2a: Sinistcha|Sinistcha-Masterpiece, L50|100/100
|switch|p2b: Gholdengo|Gholdengo, L50|100/100
|turn|1
|inactive|Dude12350 has 30 seconds left.
|inactive|Dude12350 has 20 seconds left.
|inactive|Dude12350 has 15 seconds left.
|inactive|Dude12350 has 10 seconds left.
|inactive|Dude12350 has 5 seconds left.
|
|t:|1785883591
|detailschange|p1a: Swampert|Swampert-Mega, L50, M
|-mega|p1a: Swampert|Swampert|Swampertite
|move|p2b: Gholdengo|Protect|p2b: Gholdengo
|-singleturn|p2b: Gholdengo|Protect
|move|p1b: Grimmsnarl|Parting Shot|p2a: Sinistcha
|-unboost|p2a: Sinistcha|atk|1
|-unboost|p2a: Sinistcha|spa|1
|
|t:|1785883600
|switch|p1b: Pelipper|Pelipper, L50, F|100/100|[from] Parting Shot
|-weather|RainDance|[from] ability: Drizzle|[of] p1b: Pelipper
|move|p1a: Swampert|Earthquake|p2b: Gholdengo|[spread] p2a
|-activate|p2b: Gholdengo|move: Protect
|-immune|p1b: Pelipper
|-resisted|p2a: Sinistcha|1
|-damage|p2a: Sinistcha|83/100
|move|p2a: Sinistcha|Matcha Gotcha|p1b: Pelipper|[spread] p1a,p1b
|-supereffective|p1a: Swampert|2
|-damage|p1a: Swampert|44/100
|-heal|p2a: Sinistcha|100/100|[from] drain|[of] p1a: Swampert
|-damage|p1b: Pelipper|78/100
|
|-weather|RainDance|[upkeep]
|upkeep
|turn|2
|inactive|xdi8723 has 30 seconds left.
|inactive|Dude12350 has 30 seconds left.
|inactive|Dude12350 has 20 seconds left.
|inactive|Dude12350 has 15 seconds left.
|inactive|Dude12350 has 10 seconds left.
|inactive|Dude12350 has 5 seconds left.
|
|t:|1785883652
|switch|p1b: Grimmsnarl|Grimmsnarl, L50, M|100/100
|move|p1a: Swampert|Ice Punch|p2a: Sinistcha
|-supereffective|p2a: Sinistcha|1
|-damage|p2a: Sinistcha|50/100g
|move|p2b: Gholdengo|Shadow Ball|p1a: Swampert
|-damage|p1a: Swampert|0 fnt
|faint|p1a: Swampert
|-damage|p2b: Gholdengo|90/100|[from] item: Life Orb
|move|p2a: Sinistcha|Matcha Gotcha|p1b: Grimmsnarl
|-damage|p1b: Grimmsnarl|77/100
|-heal|p2a: Sinistcha|63/100|[from] drain|[of] p1b: Grimmsnarl
|
|-weather|RainDance|[upkeep]
|upkeep
|
|t:|1785883668
|switch|p1a: Archaludon|Archaludon, L50, M|100/100
|turn|3
|
|t:|1785883679
|move|p2a: Sinistcha|Rage Powder|p2a: Sinistcha
|-singleturn|p2a: Sinistcha|move: Rage Powder
|move|p1b: Grimmsnarl|Light Screen|p1b: Grimmsnarl
|-sidestart|p1: xdi8723|move: Light Screen
|move|p2b: Gholdengo|Nasty Plot|p2b: Gholdengo
|-boost|p2b: Gholdengo|spa|2
|move|p1a: Archaludon|Electro Shot||[still]
|-prepare|p1a: Archaludon|Electro Shot
|-boost|p1a: Archaludon|spa|1
|-anim|p1a: Archaludon|Electro Shot|p2a: Sinistcha
|-resisted|p2a: Sinistcha|1
|-damage|p2a: Sinistcha|28/100
|
|-weather|RainDance|[upkeep]
|upkeep
|turn|4
|inactive|xdi8723 has 30 seconds left.
|
|t:|1785883711
|move|p2a: Sinistcha|Rage Powder|p2a: Sinistcha
|-singleturn|p2a: Sinistcha|move: Rage Powder
|move|p2b: Gholdengo|Shadow Ball|p1a: Archaludon
|-damage|p1a: Archaludon|13/100
|-ability|p1a: Archaludon|Stamina|boost
|-boost|p1a: Archaludon|def|1
|-damage|p2b: Gholdengo|80/100|[from] item: Life Orb
|move|p1a: Archaludon|Electro Shot||[still]
|-prepare|p1a: Archaludon|Electro Shot
|-boost|p1a: Archaludon|spa|1
|-anim|p1a: Archaludon|Electro Shot|p2a: Sinistcha
|-resisted|p2a: Sinistcha|1
|-damage|p2a: Sinistcha|0 fnt
|faint|p2a: Sinistcha
|move|p1b: Grimmsnarl|Spirit Break|p2b: Gholdengo
|-resisted|p2b: Gholdengo|1
|-damage|p2b: Gholdengo|64/100
|-unboost|p2b: Gholdengo|spa|1
|
|-weather|RainDance|[upkeep]
|-heal|p1a: Archaludon|19/100|[from] item: Leftovers
|upkeep
|
|t:|1785883735
|switch|p2a: Swampert|Swampert, L50, F|100/100
|turn|5
|
|t:|1785883751
|detailschange|p2a: Swampert|Swampert-Mega, L50, F
|-mega|p2a: Swampert|Swampert|Swampertite
|move|p2a: Swampert|Protect|p2a: Swampert
|-singleturn|p2a: Swampert|Protect
|move|p1a: Archaludon|Protect|p1a: Archaludon
|-singleturn|p1a: Archaludon|Protect
|move|p1b: Grimmsnarl|Reflect|p1b: Grimmsnarl
|-sidestart|p1: xdi8723|Reflect
|move|p2b: Gholdengo|Make It Rain|p1b: Grimmsnarl|[spread] p1b
|-activate|p1a: Archaludon|move: Protect
|-supereffective|p1b: Grimmsnarl|1
|-damage|p1b: Grimmsnarl|0 fnt
|-unboost|p2b: Gholdengo|spa|2
|faint|p1b: Grimmsnarl
|-damage|p2b: Gholdengo|54/100|[from] item: Life Orb
|
|-weather|none
|-heal|p1a: Archaludon|26/100|[from] item: Leftovers
|upkeep
|
|t:|1785883766
|switch|p1b: Pelipper|Pelipper, L50, F|78/100
|-weather|RainDance|[from] ability: Drizzle|[of] p1b: Pelipper
|turn|6
|
|t:|1785883787
|move|p2b: Gholdengo|Protect|p2b: Gholdengo
|-singleturn|p2b: Gholdengo|Protect
|move|p2a: Swampert|Earthquake|p1b: Pelipper|[spread] p1a
|-activate|p2b: Gholdengo|move: Protect
|-immune|p1b: Pelipper
|-supereffective|p1a: Archaludon|1
|-damage|p1a: Archaludon|0 fnt
|faint|p1a: Archaludon
|move|p1b: Pelipper|Weather Ball|p2b: Gholdengo
|-activate|p2b: Gholdengo|move: Protect
|
|-weather|RainDance|[upkeep]
|upkeep
|turn|7
|inactive|xdi8723 has 30 seconds left.
|
|t:|1785883817
|switch|p2b: Archaludon|Archaludon, L50, F|100/100
|move|p2a: Swampert|Wave Crash|p1b: Pelipper
|-resisted|p1b: Pelipper|1
|-damage|p1b: Pelipper|35/100
|-enditem|p1b: Pelipper|Sitrus Berry|[eat]
|-heal|p1b: Pelipper|59/100|[from] item: Sitrus Berry
|-damage|p2a: Swampert|87/100|[from] Recoil
|move|p1b: Pelipper|Weather Ball|p2b: Archaludon
|-resisted|p2b: Archaludon|1
|-damage|p2b: Archaludon|75/100
|-ability|p2b: Archaludon|Stamina|boost
|-boost|p2b: Archaludon|def|1
|
|-weather|RainDance|[upkeep]
|-heal|p2b: Archaludon|81/100|[from] item: Leftovers
|upkeep
|turn|8
|inactive|xdi8723 has 30 seconds left.
|
|t:|1785883844
|move|p2a: Swampert|Wave Crash|p1b: Pelipper
|-resisted|p1b: Pelipper|1
|-damage|p1b: Pelipper|19/100
|-damage|p2a: Swampert|76/100|[from] Recoil
|move|p2b: Archaludon|Electro Shot||[still]
|-prepare|p2b: Archaludon|Electro Shot
|-boost|p2b: Archaludon|spa|1
|-anim|p2b: Archaludon|Electro Shot|p1b: Pelipper
|-supereffective|p1b: Pelipper|2
|-damage|p1b: Pelipper|0 fnt
|faint|p1b: Pelipper
|
|win|Dude12350
|raw|xdi8723's rating: 1091 → 1061(-30 for losing)
|raw|Dude12350's rating: 1000 → 1050(+50 for winning)
