|j|☆thebossadry
|j|☆Voltage Gaming101
|html|thebossadryVoltage Gaming101    
|uhtml|bestof|Game 2 of a best-of-3
|t:|1756654316
|gametype|doubles
|player|p1|thebossadry|pryce|1042
|player|p2|Voltage Gaming101|red|1048
|gen|9
|tier|[Gen 9] VGC 2025 Reg H (Bo3)
|rated|
|rule|Species Clause: Limit one of each Pokémon
|rule|Item Clause: Limit 1 of each item
|clearpoke
|poke|p1|Incineroar, L50, M|
|poke|p1|Rillaboom, L50, M|
|poke|p1|Grimmsnarl, L50, M|
|poke|p1|Gholdengo, L50|
|poke|p1|Archaludon, L50, F|
|poke|p1|Pelipper, L50, F|
|poke|p2|Mienshao, L50, F|
|poke|p2|Slowking-Galar, L50, M|
|poke|p2|Baxcalibur, L50, F|
|poke|p2|Rillaboom, L50, F|
|poke|p2|Cinderace, L50, F|
|poke|p2|Pelipper, L50, M|
|teampreview|4
|showteam|p1|Incineroar||AssaultVest|Intimidate|FakeOut,Uturn,FlareBlitz,KnockOff|||M|||50|,,,,,Ghost]Rillaboom||CovertCloak|GrassySurge|FakeOut,Uturn,GrassyGlide,WoodHammer|||M|||50|,,,,,Fire]Grimmsnarl|||Prankster|Reflect,LightScreen,Taunt,SpiritBreak|||M|||50|,,,,,Dark]Gholdengo||LifeOrb|GoodasGold|MakeItRain,ShadowBall,Protect,NastyPlot||||||50|,,,,,Steel]Archaludon||PowerHerb|Stamina|ElectroShot,DracoMeteor,Protect,BodyPress|||F|||50|,,,,,Dragon]Pelipper||FocusSash|Drizzle|Protect,Tailwind,Hurricane,WeatherBall|||F|||50|,,,,,Fighting
|showteam|p2|Mienshao||LifeOrb|Regenerator|CloseCombat,KnockOff,PoisonJab,Uturn|||F|||50|,,,,,Steel]Slowking-Galar||BlackSludge|Regenerator|ChillyReception,ThunderWave,SludgeBomb,FutureSight|||M|||50|,,,,,Flying]Baxcalibur||LoadedDice|ThermalExchange|Protect,DragonDance,IcicleSpear,ScaleShot|||F|||50|,,,,,Fairy]Rillaboom||AssaultVest|GrassySurge|GrassyGlide,KnockOff,Uturn,FakeOut|||F|||50|,,,,,Ground]Cinderace||CovertCloak|Libero|FlareBlitz,HighJumpKick,Taunt,Coaching|||F|||50|,,,,,Fighting]Pelipper||DampRock|Drizzle|Hurricane,WeatherBall,Tailwind,Uturn|||M|||50|,,,,,Electric
|
|t:|1756654342
|teamsize|p1|4
|teamsize|p2|4
|start
|switch|p1a: Grimmsnarl|Grimmsnarl, L50, M|100/100
|switch|p1b: Incineroar|Incineroar, L50, M, shiny|100/100
|switch|p2a: Mienshao|Mienshao, L50, F, shiny|100/100
|switch|p2b: Cinderace|Cinderace, L50, F, shiny|100/100
|-ability|p1b: Incineroar|Intimidate|boost
|-unboost|p2a: Mienshao|atk|1
|-unboost|p2b: Cinderace|atk|1
|turn|1
|
|t:|1756654364
|switch|p1b: Gholdengo|Gholdengo, L50|100/100
|-terastallize|p2a: Mienshao|Steel
|move|p1a: Grimmsnarl|Reflect|p1a: Grimmsnarl
|-sidestart|p1: thebossadry|Reflect
|move|p2b: Cinderace|Coaching|p2a: Mienshao
|-start|p2b: Cinderace|typechange|Fighting|[from] ability: Libero
|-boost|p2a: Mienshao|atk|1
|-boost|p2a: Mienshao|def|1
|move|p2a: Mienshao|Poison Jab|p1a: Grimmsnarl
|-supereffective|p1a: Grimmsnarl
|-damage|p1a: Grimmsnarl|59/100
|-damage|p2a: Mienshao|90/100|[from] item: Life Orb
|
|upkeep
|turn|2
|
|t:|1756654405
|switch|p1b: Pelipper|Pelipper, L50, F|100/100
|-weather|RainDance|[from] ability: Drizzle|[of] p1b: Pelipper
|move|p1a: Grimmsnarl|Taunt|p2b: Cinderace
|-start|p2b: Cinderace|move: Taunt
|move|p2b: Cinderace|Flare Blitz|p1b: Pelipper
|-resisted|p1b: Pelipper
|-damage|p1b: Pelipper|95/100
|-damage|p2b: Cinderace|99/100|[from] Recoil
|move|p2a: Mienshao|Knock Off|p1b: Pelipper
|-damage|p1b: Pelipper|60/100
|-enditem|p1b: Pelipper|Focus Sash|[from] move: Knock Off|[of] p2a: Mienshao
|-damage|p2a: Mienshao|80/100|[from] item: Life Orb
|
|-weather|RainDance|[upkeep]
|upkeep
|turn|3
|
|t:|1756654438
|move|p1a: Grimmsnarl|Light Screen|p1a: Grimmsnarl
|-sidestart|p1: thebossadry|move: Light Screen
|move|p2b: Cinderace|High Jump Kick|p1b: Pelipper
|-resisted|p1b: Pelipper
|-crit|p1b: Pelipper
|-damage|p1b: Pelipper|0 fnt
|faint|p1b: Pelipper
|move|p2a: Mienshao|Close Combat|p1a: Grimmsnarl
|-damage|p1a: Grimmsnarl|14/100
|-unboost|p2a: Mienshao|def|1
|-unboost|p2a: Mienshao|spd|1
|-damage|p2a: Mienshao|70/100|[from] item: Life Orb
|
|-weather|RainDance|[upkeep]
|upkeep
|
|t:|1756654444
|switch|p1b: Incineroar|Incineroar, L50, M, shiny|100/100
|-ability|p1b: Incineroar|Intimidate|boost
|-unboost|p2a: Mienshao|atk|1
|-unboost|p2b: Cinderace|atk|1
|turn|4
|
|t:|1756654466
|switch|p2a: Pelipper|Pelipper, L50, M|100/100
|move|p1b: Incineroar|Fake Out|p2b: Cinderace
|-damage|p2b: Cinderace|77/100
|move|p2b: Cinderace|Flare Blitz|p1a: Grimmsnarl
|-damage|p1a: Grimmsnarl|8/100
|-status|p1a: Grimmsnarl|brn
|-damage|p2b: Cinderace|75/100|[from] Recoil
|move|p1a: Grimmsnarl|Spirit Break|p2b: Cinderace
|-supereffective|p2b: Cinderace
|-damage|p2b: Cinderace|32/100
|
|-weather|RainDance|[upkeep]
|-damage|p1a: Grimmsnarl|2/100 brn|[from] brn
|-end|p2b: Cinderace|move: Taunt
|upkeep
|turn|5
|
|t:|1756654490
|move|p1a: Grimmsnarl|Taunt|p2a: Pelipper
|-start|p2a: Pelipper|move: Taunt
|move|p2b: Cinderace|High Jump Kick|p1b: Incineroar
|-supereffective|p1b: Incineroar
|-damage|p1b: Incineroar|58/100
|move|p2a: Pelipper|Weather Ball|p1b: Incineroar
|-supereffective|p1b: Incineroar
|-damage|p1b: Incineroar|13/100
|move|p1b: Incineroar|Knock Off|p2a: Pelipper
|-damage|p2a: Pelipper|59/100
|-enditem|p2a: Pelipper|Damp Rock|[from] move: Knock Off|[of] p1b: Incineroar
|
|-weather|RainDance|[upkeep]
|-damage|p1a: Grimmsnarl|0 fnt|[from] brn
|faint|p1a: Grimmsnarl
|-sideend|p1: thebossadry|Reflect
|upkeep
|
|t:|1756654506
|switch|p1a: Gholdengo|Gholdengo, L50|100/100
|turn|6
|
|t:|1756654531
|move|p2b: Cinderace|Coaching|p2a: Pelipper
|-boost|p2a: Pelipper|atk|1
|-boost|p2a: Pelipper|def|1
|move|p1a: Gholdengo|Make It Rain|p2a: Pelipper|[spread] p2a,p2b
|-resisted|p2a: Pelipper
|-damage|p2a: Pelipper|14/100
|-damage|p2b: Cinderace|0 fnt
|-unboost|p1a: Gholdengo|spa|1
|faint|p2b: Cinderace
|-damage|p1a: Gholdengo|91/100|[from] item: Life Orb
|move|p2a: Pelipper|Weather Ball|p1a: Gholdengo
|-damage|p1a: Gholdengo|47/100
|move|p1b: Incineroar|Knock Off|p2a: Pelipper
|-damage|p2a: Pelipper|0 fnt
|faint|p2a: Pelipper
|
|-weather|none
|upkeep
|
|t:|1756654543
|switch|p2b: Baxcalibur|Baxcalibur, L50, F|100/100
|switch|p2a: Mienshao|Mienshao, L50, F, shiny, tera:Steel|100/100
|turn|7
|
|t:|1756654560
|move|p2a: Mienshao|Knock Off|p1a: Gholdengo
|-supereffective|p1a: Gholdengo
|-damage|p1a: Gholdengo|0 fnt
|-enditem|p1a: Gholdengo|Life Orb|[from] move: Knock Off|[of] p2a: Mienshao
|faint|p1a: Gholdengo
|-damage|p2a: Mienshao|90/100|[from] item: Life Orb
|move|p2b: Baxcalibur|Icicle Spear|p1b: Incineroar
|-resisted|p1b: Incineroar
|-damage|p1b: Incineroar|4/100
|-resisted|p1b: Incineroar
|-damage|p1b: Incineroar|0 fnt
|faint|p1b: Incineroar
|-hitcount|p1: Incineroar|2
|
|win|Voltage Gaming101
