|j|☆AbacusStabacus
|j|☆endK649
|html|AbacusStabacusendK649    
|uhtml|bestof|Game 3 of a best-of-3
|t:|1757130459
|gametype|doubles
|player|p1|AbacusStabacus|266|1178
|player|p2|endK649|gambler|1177
|gen|9
|tier|[Gen 9] VGC 2025 Reg H (Bo3)
|rated|
|rule|Species Clause: Limit one of each Pokémon
|rule|Item Clause: Limit 1 of each item
|clearpoke
|poke|p1|Gholdengo, L50|
|poke|p1|Overqwil, L50, M|
|poke|p1|Archaludon, L50, M|
|poke|p1|Rillaboom, L50, M|
|poke|p1|Pelipper, L50, M|
|poke|p1|Primarina, L50, F|
|poke|p2|Baxcalibur, L50, M|
|poke|p2|Volcarona, L50, M|
|poke|p2|Rillaboom, L50, F|
|poke|p2|Kingambit, L50, M|
|poke|p2|Dondozo, L50, M|
|poke|p2|Sneasler, L50, M|
|teampreview|4
|showteam|p1|Gholdengo||LifeOrb|GoodasGold|Protect,NastyPlot,ShadowBall,MakeItRain||||||50|,,,,,Dark]Overqwil||ChoiceBand|SwiftSwim|AquaJet,Crunch,Waterfall,PoisonJab|||M|||50|,,,,,Water]Archaludon||AssaultVest|Stamina|BodyPress,DragonPulse,ElectroShot,SteelBeam|||M|||50|,,,,,Electric]Rillaboom||SitrusBerry|GrassySurge|FakeOut,BrickBreak,GrassyGlide,WoodHammer|||M|||50|,,,,,Water]Pelipper||CovertCloak|Drizzle|MuddyWater,Hurricane,Tailwind,Protect|||M|||50|,,,,,Ground]Primarina||ThroatSpray|LiquidVoice|HyperVoice,Haze,DazzlingGleam,Encore|||F|||50|,,,,,Steel
|showteam|p2|Baxcalibur||LoadedDice|ThermalExchange|IcicleSpear,ScaleShot,IceShard,Protect|||M|||50|,,,,,Ghost]Volcarona||CovertCloak|FlameBody|HeatWave,TeraBlast,QuiverDance,RagePowder|||M|||50|,,,,,Fairy]Rillaboom||AssaultVest|GrassySurge|GrassyGlide,WoodHammer,HighHorsepower,FakeOut|||F|||50|,,,,,Water]Kingambit||SafetyGoggles|Defiant|KowtowCleave,SuckerPunch,SwordsDance,Protect|||M|||50|,,,,,Dark]Dondozo||Leftovers|Unaware|WaveCrash,Fissure,Curse,Protect|||M|||50|,,,,,Bug]Sneasler||FocusSash|PoisonTouch|DireClaw,CloseCombat,Coaching,Protect|||M|||50|,,,,,Ghost
|inactive|Battle timer is ON: inactive players will automatically lose when time's up. (requested by AbacusStabacus)
|
|t:|1757130476
|teamsize|p1|4
|teamsize|p2|4
|start
|switch|p1a: Pelipper|Pelipper, L50, M|100/100
|switch|p1b: Primarina|Primarina, L50, F|100/100
|switch|p2a: Jet Jaguar|Kingambit, L50, M, shiny|100/100
|switch|p2b: Caeser|Sneasler, L50, M, shiny|100/100
|-weather|RainDance|[from] ability: Drizzle|[of] p1a: Pelipper
|turn|1
|j| Soda_Machine4
|
|t:|1757130490
|move|p2b: Caeser|Protect|p2b: Caeser
|-singleturn|p2b: Caeser|Protect
|move|p2a: Jet Jaguar|Protect|p2a: Jet Jaguar
|-singleturn|p2a: Jet Jaguar|Protect
|move|p1a: Pelipper|Tailwind|p1a: Pelipper
|-sidestart|p1: AbacusStabacus|move: Tailwind
|move|p1b: Primarina|Hyper Voice|p2b: Caeser|[spread] 
|-activate|p2a: Jet Jaguar|move: Protect
|-activate|p2b: Caeser|move: Protect
|
|-weather|RainDance|[upkeep]
|upkeep
|turn|2
|
|t:|1757130497
|move|p2b: Caeser|Close Combat|p1b: Primarina
|-resisted|p1b: Primarina
|-damage|p1b: Primarina|61/100
|-unboost|p2b: Caeser|def|1
|-unboost|p2b: Caeser|spd|1
|-status|p1b: Primarina|psn|[from] ability: Poison Touch|[of] p2b: Caeser
|move|p1a: Pelipper|Muddy Water|p2b: Caeser|[spread] p2a,p2b
|-damage|p2a: Jet Jaguar|65/100
|-damage|p2b: Caeser|31/100
|move|p1b: Primarina|Hyper Voice|p2b: Caeser|[spread] p2a,p2b
|-damage|p2a: Jet Jaguar|13/100
|-damage|p2b: Caeser|0 fnt
|faint|p2b: Caeser
|-enditem|p1b: Primarina|Throat Spray
|-boost|p1b: Primarina|spa|1|[from] item: Throat Spray
|move|p2a: Jet Jaguar|Swords Dance|p2a: Jet Jaguar
|-boost|p2a: Jet Jaguar|atk|2
|
|-weather|RainDance|[upkeep]
|-damage|p1b: Primarina|49/100 psn|[from] psn
|upkeep
|
|t:|1757130500
|switch|p2b: Genitor|Dondozo, L50, M, shiny|100/100
|turn|3
|
|t:|1757130512
|move|p2a: Jet Jaguar|Sucker Punch|p1a: Pelipper
|-damage|p1a: Pelipper|32/100
|move|p1a: Pelipper|Hurricane|p2b: Genitor
|-damage|p2b: Genitor|76/100
|-start|p2b: Genitor|confusion
|move|p1b: Primarina|Dazzling Gleam|p2a: Jet Jaguar|[spread] p2a,p2b
|-damage|p2a: Jet Jaguar|0 fnt
|-damage|p2b: Genitor|55/100
|faint|p2a: Jet Jaguar
|-activate|p2b: Genitor|confusion
|-damage|p2b: Genitor|49/100|[from] confusion
|
|-weather|RainDance|[upkeep]
|-heal|p2b: Genitor|56/100|[from] item: Leftovers
|-damage|p1b: Primarina|37/100 psn|[from] psn
|upkeep
|
|t:|1757130514
|switch|p2a: King Kong|Rillaboom, L50, F, shiny|100/100
|-fieldstart|move: Grassy Terrain|[from] ability: Grassy Surge|[of] p2a: King Kong
|turn|4
|
|t:|1757130521
|move|p2a: King Kong|Grassy Glide|p1b: Primarina
|-supereffective|p1b: Primarina
|-damage|p1b: Primarina|0 fnt
|faint|p1b: Primarina
|move|p1a: Pelipper|Hurricane|p2a: King Kong
|-supereffective|p2a: King Kong
|-damage|p2a: King Kong|54/100
|-start|p2a: King Kong|confusion
|-activate|p2b: Genitor|confusion
|-damage|p2b: Genitor|49/100|[from] confusion
|
|-weather|RainDance|[upkeep]
|-heal|p2a: King Kong|60/100|[from] Grassy Terrain
|-heal|p2b: Genitor|56/100|[from] Grassy Terrain
|-heal|p2b: Genitor|62/100|[from] item: Leftovers
|-sideend|p1: AbacusStabacus|move: Tailwind
|upkeep
|
|t:|1757130523
|switch|p1b: Overqwil|Overqwil, L50, M|100/100
|turn|5
|c|☆endK649|bro
|
|t:|1757130541
|-terastallize|p2a: King Kong|Water
|-activate|p2a: King Kong|confusion
|move|p2a: King Kong|Grassy Glide|p1a: Pelipper
|-crit|p1a: Pelipper
|-damage|p1a: Pelipper|0 fnt
|faint|p1a: Pelipper
|move|p1b: Overqwil|Poison Jab|p2b: Genitor
|-damage|p2b: Genitor|23/100
|-activate|p2b: Genitor|confusion
|-damage|p2b: Genitor|17/100|[from] confusion
|
|-weather|none
|-heal|p2a: King Kong|66/100|[from] Grassy Terrain
|-heal|p2b: Genitor|24/100|[from] Grassy Terrain
|-heal|p2b: Genitor|30/100|[from] item: Leftovers
|upkeep
|
|t:|1757130544
|switch|p1a: Gholdengo|Gholdengo, L50|100/100
|turn|6
|
|t:|1757130559
|move|p1b: Overqwil|Poison Jab|p2a: King Kong
|-damage|p2a: King Kong|11/100
|-activate|p2a: King Kong|confusion
|move|p2a: King Kong|High Horsepower|p1a: Gholdengo
|-supereffective|p1a: Gholdengo
|-damage|p1a: Gholdengo|42/100
|move|p1a: Gholdengo|Shadow Ball|p2b: Genitor
|-damage|p2b: Genitor|0 fnt
|faint|p2b: Genitor
|-damage|p1a: Gholdengo|32/100|[from] item: Life Orb
|
|-heal|p2a: King Kong|16/100|[from] Grassy Terrain
|-heal|p1a: Gholdengo|38/100|[from] Grassy Terrain
|upkeep
|turn|7
|
|t:|1757130572
|-end|p2a: King Kong|confusion
|move|p2a: King Kong|Grassy Glide|p1a: Gholdengo
|-resisted|p1a: Gholdengo
|-damage|p1a: Gholdengo|20/100
|move|p1b: Overqwil|Poison Jab|p2a: King Kong
|-damage|p2a: King Kong|0 fnt
|faint|p2a: King Kong
|
|win|AbacusStabacus
|raw|AbacusStabacus's rating: 1178 → 1203(+25 for winning)
|raw|endK649's rating: 1177 → 1152(-25 for losing)
