|j|☆statenty
|j|☆Buns4U
|html|statentyBuns4U    
|uhtml|bestof|Game 1 of a best-of-3
|t:|1786206895
|gametype|doubles
|player|p1|statenty|lucas|1066
|player|p2|Buns4U|169|1000
|gen|9
|tier|[Gen 9 Champions] VGC 2026 Reg M-B (Bo3)
|rated|
|rule|Species Clause: Limit one of each Pokémon
|rule|Item Clause: Limit 1 of each item
|clearpoke
|poke|p1|Charizard, L50, F|
|poke|p1|Sylveon, L50, M|
|poke|p1|Incineroar, L50, M|
|poke|p1|Garchomp, L50, F|
|poke|p1|Aerodactyl, L50, M|
|poke|p1|Kingambit, L50, F|
|poke|p2|Scovillain, L50, F|
|poke|p2|Mr. Rime, L50, F|
|poke|p2|Raichu, L50, M|
|poke|p2|Talonflame, L50, M|
|poke|p2|Kingambit, L50, M|
|poke|p2|Lycanroc-Dusk, L50, F|
|teampreview|4
|showteam|p1|Charizard||CharizarditeY|Blaze|HeatWave,SolarBeam,Protect,WeatherBall|Modest||F|||50|]Sylveon||Leftovers|Pixilate|HyperVoice,Moonblast,Yawn,Protect|Modest||M|||50|]Incineroar||SitrusBerry|Intimidate|FlareBlitz,FakeOut,PartingShot,Taunt|Impish||M|||50|]Garchomp||LifeOrb|RoughSkin|Earthquake,DragonClaw,StompingTantrum,RockSlide|Jolly||F|||50|]Aerodactyl||Aerodactylite|RockHead|RockSlide,DualWingbeat,Tailwind,Protect|Jolly||M|||50|]Kingambit||FocusSash|Defiant|LowKick,IronHead,SuckerPunch,KowtowCleave|Adamant||F|||50|
|showteam|p2|Scovillain||SitrusBerry|Moody|Overheat,LeechSeed,RagePowder,Protect|Calm||F|||50|]Mr. Rime||QuickClaw|ScreenCleaner|RolePlay,SheerCold,AllySwitch,Protect|Sassy||F|||50|]Raichu||RaichuniteY|LightningRod|ZapCannon,FocusBlast,FakeOut,Protect|Timid||M|||50|]Talonflame||SharpBeak|GaleWings|FlareBlitz,DualWingbeat,Tailwind,Protect|Jolly||M|||50|]Kingambit||ChopleBerry|Defiant|SuckerPunch,KowtowCleave,Protect,IronHead|Adamant||M|||50|]Lycanroc-Dusk||FocusSash|ToughClaws|Accelerock,CloseCombat,RockSlide,Protect|Jolly||F|||50|
|
|t:|1786206957
|teamsize|p1|4
|teamsize|p2|4
|start
|switch|p1a: Garchomp|Garchomp, L50, F|100/100
|switch|p1b: Aerodactyl|Aerodactyl, L50, M|100/100
|switch|p2a: Lycanroc|Lycanroc-Dusk, L50, F|100/100
|switch|p2b: Talonflame|Talonflame, L50, M|100/100
|turn|1
|
|t:|1786206978
|move|p1b: Aerodactyl|Protect|p1b: Aerodactyl
|-singleturn|p1b: Aerodactyl|Protect
|move|p2b: Talonflame|Tailwind|p2b: Talonflame
|-sidestart|p2: Buns4U|move: Tailwind
|move|p2a: Lycanroc|Accelerock|p1b: Aerodactyl
|-activate|p1b: Aerodactyl|move: Protect
|move|p1a: Garchomp|Rock Slide|p2b: Talonflame|[spread] p2a,p2b
|-supereffective|p2b: Talonflame|2
|-damage|p2a: Lycanroc|61/100
|-damage|p2b: Talonflame|0 fnt
|faint|p2b: Talonflame
|-damage|p1a: Garchomp|90/100|[from] item: Life Orb
|
|upkeep
|
|t:|1786206991
|switch|p2b: Raichu|Raichu, L50, M|100/100
|turn|2
|
|t:|1786207002
|switch|p1b: Sylveon|Sylveon, L50, M|100/100
|detailschange|p2b: Raichu|Raichu-Mega-Y, L50, M
|-mega|p2b: Raichu|Raichu|Raichunite Y
|move|p2b: Raichu|Fake Out|p1a: Garchomp
|-damage|p1a: Garchomp|81/100
|-damage|p2b: Raichu|87/100|[from] ability: Rough Skin|[of] p1a: Garchomp
|move|p2a: Lycanroc|Accelerock|p1b: Sylveon
|-damage|p1b: Sylveon|69/100
|cant|p1a: Garchomp|flinch
|
|-heal|p1b: Sylveon|75/100|[from] item: Leftovers
|upkeep
|turn|3
|
|t:|1786207024
|move|p1b: Sylveon|Protect|p1b: Sylveon
|-singleturn|p1b: Sylveon|Protect
|move|p2b: Raichu|Zap Cannon|p1b: Sylveon
|-activate|p1b: Sylveon|move: Protect
|move|p2a: Lycanroc|Rock Slide|p1b: Sylveon|[spread] p1a
|-activate|p1b: Sylveon|move: Protect
|-resisted|p1a: Garchomp|1
|-damage|p1a: Garchomp|68/100
|move|p1a: Garchomp|Earthquake|p2a: Lycanroc|[spread] p2a,p2b
|-activate|p1b: Sylveon|move: Protect
|-supereffective|p2a: Lycanroc|1
|-supereffective|p2b: Raichu|1
|-damage|p2a: Lycanroc|0 fnt
|-damage|p2b: Raichu|0 fnt
|faint|p2a: Lycanroc
|faint|p2b: Raichu
|-damage|p1a: Garchomp|59/100|[from] item: Life Orb
|
|-heal|p1b: Sylveon|81/100|[from] item: Leftovers
|upkeep
|
|t:|1786207044
|switch|p2b: Mr. Rime|Mr. Rime, L50, F|100/100
|turn|4
|
|t:|1786207052
|move|p2b: Mr. Rime|Sheer Cold|p1a: Garchomp|[miss]
|-miss|p2b: Mr. Rime|p1a: Garchomp
|move|p1a: Garchomp|Rock Slide|p2b: Mr. Rime|[miss]
|-miss|p1a: Garchomp|p2b: Mr. Rime
|move|p1b: Sylveon|Hyper Voice|p2b: Mr. Rime
|-crit|p2b: Mr. Rime
|-damage|p2b: Mr. Rime|45/100
|
|-heal|p1b: Sylveon|87/100|[from] item: Leftovers
|-sideend|p2: Buns4U|move: Tailwind
|upkeep
|turn|5
|
|t:|1786207064
|move|p1a: Garchomp|Rock Slide|p2b: Mr. Rime
|-supereffective|p2b: Mr. Rime|1
|-damage|p2b: Mr. Rime|0 fnt
|faint|p2b: Mr. Rime
|-damage|p1a: Garchomp|49/100|[from] item: Life Orb
|
|win|statenty
|l|☆Buns4U
|player|p2|
||statenty is ready for game 2.
|inactive|Buns4U has 30 seconds to confirm battle start!
||Buns4U is ready for game 2.
|uhtml|next|Next: Game 2 of 3
