|j|☆xakxa01
|j|☆losandy
|html|xakxa01losandy    
|uhtml|bestof|Game 1 of a best-of-3
|t:|1782670246
|gametype|doubles
|player|p1|xakxa01|rocketgrunt|
|player|p2|losandy|acetrainer-gen4dp|
|gen|9
|tier|[Gen 9 Champions] VGC 2026 Reg M-B (Bo3)
|rule|Species Clause: Limit one of each Pokémon
|rule|Item Clause: Limit 1 of each item
|clearpoke
|poke|p1|Swampert, L50, M|
|poke|p1|Mawile, L50, M|
|poke|p1|Archaludon, L50, F|
|poke|p1|Pelipper, L50, M|
|poke|p1|Sinistcha, L50|
|poke|p1|Sableye, L50, F|
|poke|p2|Sneasler, L50, F|
|poke|p2|Lycanroc-Dusk, L50, F|
|poke|p2|Pelipper, L50, F|
|poke|p2|Basculegion, L50, M|
|poke|p2|Archaludon, L50, F|
|poke|p2|Raichu, L50, F|
|teampreview|4
|showteam|p1|Swampert||Swampertite|Torrent|WaveCrash,HighHorsepower,IcePunch,Protect|Adamant||M|||50|]Mawile||Mawilite|HyperCutter|PlayRough,BrickBreak,SuckerPunch,Protect|Adamant||M|||50|]Archaludon||Leftovers|Stamina|ElectroShot,DragonPulse,FlashCannon,Protect|Modest||F|||50|]Pelipper||FocusSash|Drizzle|WeatherBall,Hurricane,Tailwind,Protect|Modest||M|||50|]Sinistcha||KasibBerry|Hospitality|MatchaGotcha,RagePowder,TrickRoom,Protect|Bold|||||50|]Sableye||LightClay|Prankster|Reflect,LightScreen,RainDance,Encore|Calm||F|||50|
|showteam|p2|Sneasler||WhiteHerb|Unburden|CloseCombat,FakeOut,DireClaw,Protect|Adamant||F|||50|]Lycanroc-Dusk||FocusSash|ToughClaws|Accelerock,RockSlide,PsychicFangs,Protect|Adamant||F|||50|]Pelipper||SitrusBerry|Drizzle|WeatherBall,Hurricane,IcyWind,WideGuard|Modest||F|||50|]Basculegion||ChoiceScarf|SwiftSwim|WaveCrash,FlipTurn,AquaJet,LastRespects|Jolly||M|||50|]Archaludon||Leftovers|Stamina|ElectroShot,AuraSphere,DragonPulse,Protect|Modest||F|||50|]Raichu||RaichuniteY|LightningRod|ZapCannon,FocusBlast,Protect,FakeOut|Timid||F|||50|
|inactive|Battle timer is ON: inactive players will automatically lose when time's up. (requested by xakxa01)
|c|☆xakxa01|gl hf
|inactive|xakxa01 has 60 seconds left.
|inactive|losandy has 60 seconds left.
|
|t:|1782670302
|teamsize|p1|4
|teamsize|p2|4
|start
|switch|p1a: Lagron JR|Swampert, L50, M|100/100
|switch|p1b: Wendy's Tea|Sinistcha, L50|100/100
|switch|p2a: Raichu|Raichu, L50, F|100/100
|switch|p2b: Sneasler|Sneasler, L50, F|100/100
|turn|1
|inactive|losandy has 30 seconds left.
|
|t:|1782670337
|detailschange|p2a: Raichu|Raichu-Mega-Y, L50, F
|-mega|p2a: Raichu|Raichu|Raichunite Y
|detailschange|p1a: Lagron JR|Swampert-Mega, L50, M
|-mega|p1a: Lagron JR|Swampert|Swampertite
|move|p2b: Sneasler|Fake Out|p1a: Lagron JR
|-damage|p1a: Lagron JR|85/100
|move|p1b: Wendy's Tea|Rage Powder|p1b: Wendy's Tea
|-singleturn|p1b: Wendy's Tea|move: Rage Powder
|move|p2a: Raichu|Zap Cannon|p1b: Wendy's Tea
|-resisted|p1b: Wendy's Tea|1
|-damage|p1b: Wendy's Tea|62/100
|-status|p1b: Wendy's Tea|par
|cant|p1a: Lagron JR|flinch
|
|upkeep
|turn|2
|inactive|losandy has 30 seconds left.
|inactive|xakxa01 has 30 seconds left.
|
|t:|1782670371
|switch|p1b: Saca Grapa|Archaludon, L50, F|100/100
|move|p2a: Raichu|Protect|p2a: Raichu
|-singleturn|p2a: Raichu|Protect
|move|p2b: Sneasler|Dire Claw|p1a: Lagron JR
|-resisted|p1a: Lagron JR|1
|-damage|p1a: Lagron JR|64/100
|-status|p1a: Lagron JR|slp
|cant|p1a: Lagron JR|slp
|
|upkeep
|turn|3
|inactive|losandy has 30 seconds left.
|
|t:|1782670397
|switch|p1b: Wendy's Tea|Sinistcha, L50|62/100 par
|-heal|p1a: Lagron JR|89/100 slp|[from] ability: Hospitality|[of] p1b: Wendy's Tea
|move|p2a: Raichu|Focus Blast|p1a: Lagron JR
|-damage|p1a: Lagron JR|44/100 slp
|-unboost|p1a: Lagron JR|spd|1
|move|p2b: Sneasler|Close Combat|p1a: Lagron JR
|-damage|p1a: Lagron JR|0 fnt
|-unboost|p2b: Sneasler|def|1
|-unboost|p2b: Sneasler|spd|1
|faint|p1a: Lagron JR
|-enditem|p2b: Sneasler|White Herb
|-clearnegativeboost|p2b: Sneasler|[silent]
|
|upkeep
|inactive|xakxa01 has 30 seconds left.
|
|t:|1782670423
|switch|p1a: Pelipper|Pelipper, L50, M|100/100
|-weather|RainDance|[from] ability: Drizzle|[of] p1a: Pelipper
|turn|4
|
|t:|1782670434
|switch|p2b: Archaludon|Archaludon, L50, F|100/100
|move|p1a: Pelipper|Protect|p1a: Pelipper
|-singleturn|p1a: Pelipper|Protect
|move|p2a: Raichu|Zap Cannon|p1b: Wendy's Tea
|-resisted|p1b: Wendy's Tea|1
|-damage|p1b: Wendy's Tea|27/100 par
|move|p1b: Wendy's Tea|Matcha Gotcha|p2b: Archaludon|[spread] p2a
|-miss|p1b: Wendy's Tea|p2b: Archaludon
|-damage|p2a: Raichu|60/100
|-heal|p1b: Wendy's Tea|42/100 par|[from] drain|[of] p2a: Raichu
|
|-weather|RainDance|[upkeep]
|upkeep
|turn|5
|inactive|xakxa01 has 30 seconds left.
|inactive|losandy has 30 seconds left.
|inactive|losandy has 20 seconds left.
|
|t:|1782670471
|switch|p1b: Saca Grapa|Archaludon, L50, F|100/100
|move|p2a: Raichu|Zap Cannon|p1a: Pelipper
|-supereffective|p1a: Pelipper|2
|-enditem|p1a: Pelipper|Focus Sash
|-damage|p1a: Pelipper|1/100
|-status|p1a: Pelipper|par
|move|p2b: Archaludon|Electro Shot||[still]
|-prepare|p2b: Archaludon|Electro Shot
|-boost|p2b: Archaludon|spa|1
|-anim|p2b: Archaludon|Electro Shot|p1a: Pelipper
|-supereffective|p1a: Pelipper|2
|-damage|p1a: Pelipper|0 fnt
|faint|p1a: Pelipper
|
|-weather|RainDance|[upkeep]
|upkeep
|
|t:|1782670481
|switch|p1a: Wendy's Tea|Sinistcha, L50|42/100 par
|turn|6
|
|t:|1782670502
|move|p1a: Wendy's Tea|Rage Powder|p1a: Wendy's Tea
|-singleturn|p1a: Wendy's Tea|move: Rage Powder
|move|p2a: Raichu|Zap Cannon|p1a: Wendy's Tea
|-resisted|p1a: Wendy's Tea|1
|-damage|p1a: Wendy's Tea|3/100 par
|move|p1b: Saca Grapa|Electro Shot||[still]
|-prepare|p1b: Saca Grapa|Electro Shot
|-boost|p1b: Saca Grapa|spa|1
|-anim|p1b: Saca Grapa|Electro Shot|p2b: Archaludon
|-resisted|p2b: Archaludon|1
|-damage|p2b: Archaludon|58/100
|-ability|p2b: Archaludon|Stamina|boost
|-boost|p2b: Archaludon|def|1
|move|p2b: Archaludon|Electro Shot||[still]
|-prepare|p2b: Archaludon|Electro Shot
|-boost|p2b: Archaludon|spa|1
|-anim|p2b: Archaludon|Electro Shot|p1a: Wendy's Tea
|-resisted|p1a: Wendy's Tea|1
|-damage|p1a: Wendy's Tea|0 fnt
|faint|p1a: Wendy's Tea
|
|-weather|RainDance|[upkeep]
|-heal|p2b: Archaludon|64/100|[from] item: Leftovers
|upkeep
|turn|7
|inactive|xakxa01 has 30 seconds left.
|
|t:|1782670529
|move|p2a: Raichu|Focus Blast|p1b: Saca Grapa
|-supereffective|p1b: Saca Grapa|1
|-damage|p1b: Saca Grapa|1/100
|-ability|p1b: Saca Grapa|Stamina|boost
|-boost|p1b: Saca Grapa|def|1
|move|p1b: Saca Grapa|Dragon Pulse|p2b: Archaludon
|-damage|p2b: Archaludon|0 fnt
|faint|p2b: Archaludon
|
|-weather|RainDance|[upkeep]
|-heal|p1b: Saca Grapa|6/100|[from] item: Leftovers
|upkeep
|
|t:|1782670535
|switch|p2b: Sneasler|Sneasler, L50, F|100/100
|turn|8
|
|t:|1782670549
|move|p1b: Saca Grapa|Protect|p1b: Saca Grapa
|-singleturn|p1b: Saca Grapa|Protect
|move|p2a: Raichu|Focus Blast|p1b: Saca Grapa
|-activate|p1b: Saca Grapa|move: Protect
|move|p2b: Sneasler|Close Combat|p1b: Saca Grapa
|-activate|p1b: Saca Grapa|move: Protect
|
|-weather|none
|-heal|p1b: Saca Grapa|12/100|[from] item: Leftovers
|upkeep
|turn|9
|
|t:|1782670557
|move|p2a: Raichu|Focus Blast|p1b: Saca Grapa
|-supereffective|p1b: Saca Grapa|1
|-damage|p1b: Saca Grapa|0 fnt
|faint|p1b: Saca Grapa
|
|win|losandy
|c|☆xakxa01|gg
||losandy is ready for game 2.
