|j|☆MikeShinobu
|j|☆Sese04
|html|MikeShinobuSese04    
|uhtml|bestof|Game 2 of a best-of-3
|t:|1783182175
|gametype|doubles
|player|p1|MikeShinobu|ethan|1152
|player|p2|Sese04|2|1166
|gen|9
|tier|[Gen 9 Champions] VGC 2026 Reg M-B (Bo3)
|rated|
|rule|Species Clause: Limit one of each Pokémon
|rule|Item Clause: Limit 1 of each item
|clearpoke
|poke|p1|Corviknight, L50, F|
|poke|p1|Garchomp, L50, F|
|poke|p1|Basculegion-F, L50, F|
|poke|p1|Staraptor, L50, F|
|poke|p1|Whimsicott, L50, F|
|poke|p1|Meowstic, L50, M|
|poke|p2|Metagross, L50|
|poke|p2|Sinistcha, L50|
|poke|p2|Scrafty, L50, M|
|poke|p2|Sylveon, L50, F|
|poke|p2|Aerodactyl, L50, M|
|poke|p2|Torkoal, L50, M|
|teampreview|4
|showteam|p1|Corviknight||OccaBerry|Unnerve|IronDefense,BodyPress,Roost,IronHead|Impish||F|||50|]Garchomp||YacheBerry|RoughSkin|Earthquake,DragonClaw,StompingTantrum,Protect|Jolly||F|||50|]Basculegion-F||ChoiceScarf|Adaptability|FlipTurn,ShadowBall,HydroPump,MuddyWater|Rash||F|||50|]Staraptor||Staraptite|Intimidate|CloseCombat,BraveBird,Roost,Protect|Jolly||F|||50|]Whimsicott||FocusSash|Prankster|Charm,Moonblast,Tailwind,Encore|Bold||F|||50|]Meowstic||Meowsticite|Prankster|FakeOut,SkillSwap,RainDance,Protect|Bold||M|||50|
|showteam|p2|Metagross||Metagrossite|ClearBody|BulletPunch,PsychicFangs,Protect,StompingTantrum|Adamant|||||50|]Sinistcha||SitrusBerry|Hospitality|MatchaGotcha,RagePowder,Protect,TrickRoom|Bold|||||50|]Scrafty||Scraftinite|Intimidate|DrainPunch,FakeOut,Detect,KnockOff|Adamant||M|||50|]Sylveon||FairyFeather|Pixilate|QuickAttack,HyperVoice,HyperBeam,Detect|Modest||F|||50|]Aerodactyl||FocusSash|Unnerve|Tailwind,RockSlide,DualWingbeat,WideGuard|Jolly||M|||50|]Torkoal||LifeOrb|Drought|SolarBeam,HeatWave,Yawn,Protect|Modest||M|||50|
|inactive|Battle timer is ON: inactive players will automatically lose when time's up. (requested by MikeShinobu)
|inactive|Sese04 has 60 seconds left.
|inactive|Sese04 has 30 seconds left.
|
|t:|1783182238
|teamsize|p1|4
|teamsize|p2|4
|start
|switch|p1a: Meowstic|Meowstic, L50, M|100/100
|switch|p1b: Basculegion|Basculegion-F, L50, F|100/100
|switch|p2a: Sylveon|Sylveon, L50, F|100/100
|switch|p2b: Scrafty|Scrafty, L50, M|100/100
|-ability|p2b: Scrafty|Intimidate|boost
|-unboost|p1a: Meowstic|atk|1
|-unboost|p1b: Basculegion|atk|1
|turn|1
|
|t:|1783182260
|move|p2b: Scrafty|Fake Out|p1a: Meowstic
|-damage|p1a: Meowstic|90/100
|cant|p1a: Meowstic|flinch
|move|p1b: Basculegion|Flip Turn|p2b: Scrafty
|-damage|p2b: Scrafty|82/100
|
|t:|1783182264
|switch|p1b: Staraptor|Staraptor, L50, F|100/100|[from] Flip Turn
|-ability|p1b: Staraptor|Intimidate|boost
|-unboost|p2a: Sylveon|atk|1
|-unboost|p2b: Scrafty|atk|1
|move|p2a: Sylveon|Hyper Voice|p1a: Meowstic|[spread] p1a,p1b
|-damage|p1a: Meowstic|30/100
|-damage|p1b: Staraptor|37/100
|
|upkeep
|turn|2
|inactive|Sese04 has 30 seconds left.
|
|t:|1783182298
|detailschange|p1b: Staraptor|Staraptor-Mega, L50, F
|-mega|p1b: Staraptor|Staraptor|Staraptite
|move|p2b: Scrafty|Detect|p2b: Scrafty
|-singleturn|p2b: Scrafty|Protect
|move|p1a: Meowstic|Skill Swap|p2a: Sylveon
|-activate|p1a: Meowstic|Skill Swap|Pixilate|Prankster|[of] p2a: Sylveon
|move|p1b: Staraptor|Close Combat|p2b: Scrafty
|-activate|p2b: Scrafty|move: Protect
|move|p2a: Sylveon|Hyper Voice|p1a: Meowstic|[spread] p1a,p1b
|-damage|p1a: Meowstic|3/100
|-damage|p1b: Staraptor|16/100
|
|upkeep
|turn|3
|
|t:|1783182315
|switch|p1a: Garchomp|Garchomp, L50, F|100/100
|switch|p2a: Torkoal|Torkoal, L50, M|100/100
|-weather|SunnyDay|[from] ability: Drought|[of] p2a: Torkoal
|switch|p2b: Sinistcha|Sinistcha, L50|100/100
|move|p1b: Staraptor|Roost|p1b: Staraptor
|-heal|p1b: Staraptor|66/100
|-singleturn|p1b: Staraptor|move: Roost
|
|-weather|SunnyDay|[upkeep]
|upkeep
|turn|4
|
|t:|1783182334
|move|p1b: Staraptor|Protect|p1b: Staraptor
|-singleturn|p1b: Staraptor|Protect
|move|p1a: Garchomp|Earthquake|p2b: Sinistcha|[spread] p2a,p2b
|-activate|p1b: Staraptor|move: Protect
|-supereffective|p2a: Torkoal|1
|-resisted|p2b: Sinistcha|1
|-damage|p2a: Torkoal|39/100
|-damage|p2b: Sinistcha|84/100
|move|p2a: Torkoal|Yawn|p1b: Staraptor
|-activate|p1b: Staraptor|move: Protect
|move|p2b: Sinistcha|Trick Room|p2b: Sinistcha
|-fieldstart|move: Trick Room|[of] p2b: Sinistcha
|
|-weather|SunnyDay|[upkeep]
|upkeep
|turn|5
|
|t:|1783182343
|switch|p1b: Basculegion|Basculegion-F, L50, F|100/100
|move|p2a: Torkoal|Heat Wave|p1b: Basculegion|[spread] p1a,p1b
|-resisted|p1a: Garchomp|1
|-resisted|p1b: Basculegion|1
|-damage|p1a: Garchomp|67/100
|-damage|p1b: Basculegion|59/100
|-damage|p2a: Torkoal|29/100|[from] item: Life Orb
|move|p2b: Sinistcha|Matcha Gotcha|p1a: Garchomp|[spread] p1a,p1b
|-supereffective|p1b: Basculegion|1
|-damage|p1a: Garchomp|39/100
|-heal|p2b: Sinistcha|99/100|[from] drain|[of] p1a: Garchomp
|-damage|p1b: Basculegion|1/100
|-heal|p2b: Sinistcha|100/100|[from] drain|[of] p1b: Basculegion
|-status|p1b: Basculegion|brn
|move|p1a: Garchomp|Earthquake|p2b: Sinistcha|[spread] p1b,p2a,p2b
|-supereffective|p2a: Torkoal|1
|-resisted|p2b: Sinistcha|1
|-damage|p1b: Basculegion|0 fnt
|-damage|p2a: Torkoal|0 fnt
|-damage|p2b: Sinistcha|86/100
|faint|p1b: Basculegion
|faint|p2a: Torkoal
|
|-weather|SunnyDay|[upkeep]
|upkeep
|
|t:|1783182366
|switch|p2a: Sylveon|Sylveon, L50, F|100/100
|switch|p1b: Meowstic|Meowstic, L50, M|3/100
|turn|6
|
|t:|1783182373
|move|p2a: Sylveon|Detect|p2a: Sylveon
|-singleturn|p2a: Sylveon|Protect
|move|p1a: Garchomp|Protect|p1a: Garchomp
|-singleturn|p1a: Garchomp|Protect
|move|p1b: Meowstic|Skill Swap|p2b: Sinistcha
|-activate|p1b: Meowstic|Skill Swap|Hospitality|Prankster|[of] p2b: Sinistcha
|-heal|p1a: Garchomp|64/100|[from] ability: Hospitality|[of] p1b: Meowstic
|move|p2b: Sinistcha|Matcha Gotcha|p1b: Meowstic|[spread] 
|-activate|p1a: Garchomp|move: Protect
|-miss|p2b: Sinistcha|p1b: Meowstic
|
|-weather|SunnyDay|[upkeep]
|upkeep
|turn|7
|inactive|MikeShinobu has 30 seconds left.
|
|t:|1783182406
|move|p1b: Meowstic|Protect|p1b: Meowstic
|-singleturn|p1b: Meowstic|Protect
|move|p2a: Sylveon|Hyper Voice|p1a: Garchomp|[spread] p1a
|-activate|p1b: Meowstic|move: Protect
|-supereffective|p1a: Garchomp|1
|-damage|p1a: Garchomp|0 fnt
|faint|p1a: Garchomp
|move|p2b: Sinistcha|Matcha Gotcha|p1b: Meowstic
|-activate|p1b: Meowstic|move: Protect
|
|-weather|none
|upkeep
|
|t:|1783182410
|switch|p1a: Staraptor|Staraptor-Mega, L50, F|66/100
|turn|8
|
|t:|1783182427
|switch|p2b: Scrafty|Scrafty, L50, M|82/100
|-ability|p2b: Scrafty|Intimidate|boost
|-boost|p1a: Staraptor|atk|1
|-unboost|p1b: Meowstic|atk|1
|move|p1a: Staraptor|Protect|p1a: Staraptor
|-singleturn|p1a: Staraptor|Protect
|move|p2a: Sylveon|Quick Attack|p1b: Meowstic
|-damage|p1b: Meowstic|0 fnt
|faint|p1b: Meowstic
|
|-fieldend|move: Trick Room
|upkeep
|turn|9
|
|t:|1783182439
|move|p2b: Scrafty|Fake Out|p1a: Staraptor
|-damage|p1a: Staraptor|54/100
|cant|p1a: Staraptor|flinch
|move|p2a: Sylveon|Hyper Voice|p1a: Staraptor
|-supereffective|p1a: Staraptor|1
|-damage|p1a: Staraptor|0 fnt
|faint|p1a: Staraptor
|
|win|Sese04
|raw|MikeShinobu's rating: 1152 → 1128(-24 for losing)
|raw|Sese04's rating: 1166 → 1190(+24 for winning)
