|j|☆UtsuruK
|j|☆DibraldinhoVGC
|html|UtsuruKDibraldinhoVGC    
|uhtml|bestof|Game 3 of a best-of-3
|t:|1784681470
|gametype|doubles
|player|p1|UtsuruK|depotagent|
|player|p2|DibraldinhoVGC|1|
|gen|9
|tier|[Gen 9 Champions] VGC 2026 Reg M-B (Bo3)
|rule|Species Clause: Limit one of each Pokémon
|rule|Item Clause: Limit 1 of each item
|clearpoke
|poke|p1|Farigiraf, L50, M|
|poke|p1|Dragalge, L50, F|
|poke|p1|Mawile, L50, M|
|poke|p1|Incineroar, L50, F|
|poke|p1|Sinistcha, L50|
|poke|p1|Camerupt, L50, M|
|poke|p2|Grimmsnarl, L50, M, shiny|
|poke|p2|Pelipper, L50, M|
|poke|p2|Archaludon, L50, M|
|poke|p2|Venusaur, L50, F|
|poke|p2|Charizard, L50, M, shiny|
|poke|p2|Basculegion, L50, M|
|teampreview|4
|showteam|p1|Farigiraf||ColburBerry|ArmorTail|TrickRoom,TwinBeam,Thunderbolt,HelpingHand|Relaxed||M|||50|]Dragalge||LifeOrb|Adaptability|DracoMeteor,SludgeBomb,FlipTurn,Protect|Quiet||F|||50|]Mawile||Mawilite|HyperCutter|PlayRough,SuckerPunch,IronHead,Protect|Brave||M|||50|]Incineroar||ChopleBerry|Intimidate|FlareBlitz,FakeOut,PartingShot,Snarl|Sassy||F|||50|]Sinistcha||CobaBerry|Hospitality|MatchaGotcha,RagePowder,LifeDew,TrickRoom|Relaxed|||||50|]Camerupt||Cameruptite|SolidRock|AncientPower,EarthPower,HeatWave,Protect|Modest||M|||50|
|showteam|p2|Grimmsnarl||LightClay|Prankster|SpiritBreak,PartingShot,Reflect,LightScreen|Sassy||M|||50|]Pelipper||SitrusBerry|Drizzle|Hurricane,WeatherBall,Tailwind,WideGuard|Modest||M|||50|]Archaludon||Leftovers|Stamina|ElectroShot,DragonPulse,FlashCannon,Protect|Modest||M|||50|]Venusaur||FocusSash|Chlorophyll|SludgeBomb,EarthPower,SleepPowder,Protect|Modest||F|||50|]Charizard||CharizarditeY|Blaze|HeatWave,WeatherBall,SolarBeam,Protect|Modest||M|||50|]Basculegion||ChoiceScarf|Adaptability|WaveCrash,LastRespects,FlipTurn,AquaJet|Jolly||M|||50|
|
|t:|1784681503
|teamsize|p1|4
|teamsize|p2|4
|start
|switch|p1a: Farigiraf|Farigiraf, L50, M|100/100
|switch|p1b: Camerupt|Camerupt, L50, M|100/100
|switch|p2a: Venusaur|Venusaur, L50, F|100/100
|switch|p2b: Charizard|Charizard, L50, M, shiny|100/100
|turn|1
|
|t:|1784681527
|detailschange|p2b: Charizard|Charizard-Mega-Y, L50, M, shiny
|-mega|p2b: Charizard|Charizard|Charizardite Y
|-weather|SunnyDay|[from] ability: Drought|[of] p2b: Charizard
|detailschange|p1b: Camerupt|Camerupt-Mega, L50, M
|-mega|p1b: Camerupt|Camerupt|Cameruptite
|move|p2a: Venusaur|Sludge Bomb|p1a: Farigiraf
|-damage|p1a: Farigiraf|63/100
|-status|p1a: Farigiraf|psn
|move|p2b: Charizard|Weather Ball|p1a: Farigiraf
|-damage|p1a: Farigiraf|0 fnt
|faint|p1a: Farigiraf
|move|p1b: Camerupt|Ancient Power|p2b: Charizard
|-supereffective|p2b: Charizard|2
|-damage|p2b: Charizard|0 fnt
|faint|p2b: Charizard
|
|-weather|SunnyDay|[upkeep]
|upkeep
|
|t:|1784681544
|switch|p2b: Pelipper|Pelipper, L50, M|100/100
|switch|p1a: Dragalge|Dragalge, L50, F|100/100
|-weather|RainDance|[from] ability: Drizzle|[of] p2b: Pelipper
|turn|2
|
|t:|1784681572
|switch|p2b: Basculegion|Basculegion, L50, M|100/100
|move|p1b: Camerupt|Protect|p1b: Camerupt
|-singleturn|p1b: Camerupt|Protect
|move|p2a: Venusaur|Earth Power|p1a: Dragalge
|-supereffective|p1a: Dragalge|1
|-damage|p1a: Dragalge|47/100
|move|p1a: Dragalge|Sludge Bomb|p2a: Venusaur
|-damage|p2a: Venusaur|8/100
|-damage|p1a: Dragalge|37/100|[from] item: Life Orb
|
|-weather|RainDance|[upkeep]
|upkeep
|turn|3
|
|t:|1784681631
|switch|p1b: Sinistcha|Sinistcha, L50|100/100
|-heal|p1a: Dragalge|62/100|[from] ability: Hospitality|[of] p1b: Sinistcha
|move|p1a: Dragalge|Protect|p1a: Dragalge
|-singleturn|p1a: Dragalge|Protect
|move|p2b: Basculegion|Last Respects|p1a: Dragalge
|-activate|p1a: Dragalge|move: Protect
|move|p2a: Venusaur|Earth Power|p1b: Sinistcha
|-resisted|p1b: Sinistcha|1
|-damage|p1b: Sinistcha|84/100
|-unboost|p1b: Sinistcha|spd|1
|
|-weather|RainDance|[upkeep]
|upkeep
|turn|4
|
|t:|1784681652
|move|p1b: Sinistcha|Rage Powder|p1b: Sinistcha
|-singleturn|p1b: Sinistcha|move: Rage Powder
|move|p2b: Basculegion|Last Respects|p1b: Sinistcha
|-supereffective|p1b: Sinistcha|1
|-damage|p1b: Sinistcha|0 fnt
|faint|p1b: Sinistcha
|move|p2a: Venusaur|Earth Power|p1a: Dragalge
|-supereffective|p1a: Dragalge|1
|-damage|p1a: Dragalge|11/100
|move|p1a: Dragalge|Draco Meteor|p2b: Basculegion
|-damage|p2b: Basculegion|0 fnt
|-unboost|p1a: Dragalge|spa|2
|faint|p2b: Basculegion
|-damage|p1a: Dragalge|1/100|[from] item: Life Orb
|
|-weather|RainDance|[upkeep]
|upkeep
|
|t:|1784681666
|switch|p2b: Pelipper|Pelipper, L50, M|100/100
|switch|p1b: Camerupt|Camerupt-Mega, L50, M|100/100
|turn|5
|
|t:|1784681691
|move|p1a: Dragalge|Protect|p1a: Dragalge
|-singleturn|p1a: Dragalge|Protect
|move|p2a: Venusaur|Earth Power|p1a: Dragalge
|-activate|p1a: Dragalge|move: Protect
|move|p2b: Pelipper|Weather Ball|p1b: Camerupt
|-supereffective|p1b: Camerupt|2
|-damage|p1b: Camerupt|0 fnt
|faint|p1b: Camerupt
|
|-weather|RainDance|[upkeep]
|upkeep
|turn|6
|
|t:|1784681703
|move|p2a: Venusaur|Earth Power|p1a: Dragalge
|-supereffective|p1a: Dragalge|1
|-damage|p1a: Dragalge|0 fnt
|faint|p1a: Dragalge
|
|win|DibraldinhoVGC
|c|☆DibraldinhoVGC|valeu mano bom jogo
