|j|☆Ribombees believer
|j|☆luckyross
|html|Ribombees believerluckyross    
|uhtml|bestof|Game 3 of a best-of-3
|t:|1755992793
|gametype|doubles
|player|p1|Ribombees believer|skier|1307
|player|p2|luckyross|red|1305
|gen|9
|tier|[Gen 9] VGC 2025 Reg H (Bo3)
|rated|
|rule|Species Clause: Limit one of each Pokémon
|rule|Item Clause: Limit 1 of each item
|clearpoke
|poke|p1|Dondozo, L50, M|
|poke|p1|Tatsugiri, L50, M|
|poke|p1|Indeedee, L50, M|
|poke|p1|Dragapult, L50, M|
|poke|p1|Hydreigon, L50, F|
|poke|p1|Ribombee, L50, F|
|poke|p2|Murkrow, L50, M|
|poke|p2|Gholdengo, L50|
|poke|p2|Sylveon, L50, F|
|poke|p2|Pawmot, L50, M|
|poke|p2|Hydreigon, L50, M|
|poke|p2|Araquanid, L50, F|
|teampreview|4
|showteam|p1|Dondozo||Leftovers|Unaware|WaveCrash,Earthquake,OrderUp,Protect|||M|||50|,,,,,Grass]Tatsugiri||ChoiceScarf|Commander|MuddyWater,DracoMeteor,DragonPulse,TeraBlast|||M|||50|,,,,,Fairy]Indeedee||FocusSash|PsychicSurge|ExpandingForce,TeraBlast,HyperVoice,Protect|||M|||50|,,,,,Fighting]Dragapult||ChoiceBand|ClearBody|DragonDarts,Outrage,PhantomForce,Uturn|||M|||50|,,,,,Dragon]Hydreigon||AssaultVest|Levitate|EarthPower,Snarl,DarkPulse,DracoMeteor|||F|||50|,,,,,Steel]Ribombee||ChoiceSpecs|ShieldDust|Moonblast,PollenPuff,DazzlingGleam,TeraBlast|||F|||50|,,,,,Ground
|showteam|p2|Murkrow||Eviolite|Prankster|Tailwind,FoulPlay,Haze,Quash|||M|||50|,,,,,Ghost]Gholdengo||ChoiceSpecs|GoodasGold|MakeItRain,ShadowBall,FocusBlast,Trick||||||50|,,,,,Steel]Sylveon||ThroatSpray|Pixilate|HyperVoice,TeraBlast,Protect,QuickAttack|||F|||50|,,,,,Fire]Pawmot||FocusSash|VoltAbsorb|Protect,RevivalBlessing,CloseCombat,DoubleShock|||M|||50|,,,,,Electric]Hydreigon||LifeOrb|Levitate|DarkPulse,DracoMeteor,Snarl,Protect|||M|||50|,,,,,Ghost]Araquanid||ClearAmulet|WaterBubble|Liquidation,LeechLife,StickyWeb,WideGuard|||F|||50|,,,,,Ghost
|inactive|Battle timer is ON: inactive players will automatically lose when time's up. (requested by Ribombees believer)
|
|t:|1755992822
|teamsize|p1|4
|teamsize|p2|4
|start
|switch|p1a: Hydreigon|Hydreigon, L50, F|100/100
|switch|p1b: Indeedee|Indeedee, L50, M|100/100
|switch|p2a: Murkrow|Murkrow, L50, M, shiny|100/100
|switch|p2b: Ficello-Man|Gholdengo, L50|100/100
|-fieldstart|move: Psychic Terrain|[from] ability: Psychic Surge|[of] p1b: Indeedee
|turn|1
|
|t:|1755992846
|switch|p2b: Hydreigon|Hydreigon, L50, M, shiny|100/100
|-terastallize|p1a: Hydreigon|Steel
|move|p1b: Indeedee|Protect|p1b: Indeedee
|-singleturn|p1b: Indeedee|Protect
|move|p1a: Hydreigon|Snarl|p2b: Hydreigon|[spread] p2a,p2b
|-resisted|p2a: Murkrow
|-resisted|p2b: Hydreigon
|-damage|p2a: Murkrow|92/100
|-damage|p2b: Hydreigon|88/100
|-unboost|p2a: Murkrow|spa|1
|-unboost|p2b: Hydreigon|spa|1
|move|p2a: Murkrow|Foul Play|p1b: Indeedee
|-activate|p1b: Indeedee|move: Protect
|
|upkeep
|turn|2
|inactive|luckyross has 30 seconds left.
|
|t:|1755992878
|move|p2a: Murkrow|Tailwind|p2a: Murkrow
|-sidestart|p2: luckyross|move: Tailwind
|move|p2b: Hydreigon|Snarl|p1b: Indeedee|[spread] p1a,p1b
|-supereffective|p1b: Indeedee
|-damage|p1a: Hydreigon|87/100
|-damage|p1b: Indeedee|49/100
|-unboost|p1a: Hydreigon|spa|1
|-unboost|p1b: Indeedee|spa|1
|-damage|p2b: Hydreigon|79/100|[from] item: Life Orb
|move|p1b: Indeedee|Tera Blast|p2a: Murkrow
|-damage|p2a: Murkrow|71/100
|move|p1a: Hydreigon|Draco Meteor|p2a: Murkrow
|-damage|p2a: Murkrow|30/100
|-unboost|p1a: Hydreigon|spa|2
|
|upkeep
|turn|3
|inactive|Ribombees believer has 30 seconds left.
|
|t:|1755992904
|move|p1b: Indeedee|Protect|p1b: Indeedee
|-singleturn|p1b: Indeedee|Protect
|move|p2b: Hydreigon|Snarl|p1a: Hydreigon|[spread] p1a
|-activate|p1b: Indeedee|move: Protect
|-crit|p1a: Hydreigon
|-damage|p1a: Hydreigon|58/100
|-unboost|p1a: Hydreigon|spa|1
|-damage|p2b: Hydreigon|69/100|[from] item: Life Orb
|move|p2a: Murkrow|Foul Play|p1b: Indeedee
|-activate|p1b: Indeedee|move: Protect
|move|p1a: Hydreigon|Draco Meteor|p2a: Murkrow
|-crit|p2a: Murkrow
|-damage|p2a: Murkrow|0 fnt
|-unboost|p1a: Hydreigon|spa|2
|faint|p2a: Murkrow
|
|upkeep
|
|t:|1755992919
|switch|p2a: Sylveon|Sylveon, L50, F, shiny|100/100
|turn|4
|
|t:|1755992934
|switch|p1b: Tatsugiri|Tatsugiri, L50, M|100/100
|switch|p1a: Dondozo|Dondozo, L50, M|100/100
|-activate|p1b: Tatsugiri|ability: Commander|[of] p1a: Dondozo
|-boost|p1a: Dondozo|atk|2
|-boost|p1a: Dondozo|spa|2
|-boost|p1a: Dondozo|spe|2
|-boost|p1a: Dondozo|def|2
|-boost|p1a: Dondozo|spd|2
|move|p2b: Hydreigon|Snarl|p1a: Dondozo|[spread] p1a
|-miss|p2b: Hydreigon|p1b: Tatsugiri
|-damage|p1a: Dondozo|87/100
|-unboost|p1a: Dondozo|spa|1
|-damage|p2b: Hydreigon|60/100|[from] item: Life Orb
|move|p2a: Sylveon|Hyper Voice|p1b: Tatsugiri|[spread] p1a
|-miss|p2a: Sylveon|p1b: Tatsugiri
|-damage|p1a: Dondozo|67/100
|-enditem|p2a: Sylveon|Throat Spray
|-boost|p2a: Sylveon|spa|1|[from] item: Throat Spray
|
|-heal|p1a: Dondozo|73/100|[from] item: Leftovers
|upkeep
|turn|5
|inactive|luckyross has 30 seconds left.
|
|t:|1755992959
|move|p1a: Dondozo|Protect|p1a: Dondozo
|-singleturn|p1a: Dondozo|Protect
|move|p2b: Hydreigon|Draco Meteor|p1a: Dondozo
|-activate|p1a: Dondozo|move: Protect
|move|p2a: Sylveon|Hyper Voice|p1a: Dondozo|[spread] 
|-miss|p2a: Sylveon|p1b: Tatsugiri
|-activate|p1a: Dondozo|move: Protect
|
|-heal|p1a: Dondozo|79/100|[from] item: Leftovers
|-sideend|p2: luckyross|move: Tailwind
|-fieldend|move: Psychic Terrain
|upkeep
|turn|6
|
|t:|1755992971
|switch|p2b: Ficello-Man|Gholdengo, L50|100/100
|move|p1a: Dondozo|Order Up|p2b: Ficello-Man
|-resisted|p2b: Ficello-Man
|-damage|p2b: Ficello-Man|77/100
|-boost|p1a: Dondozo|atk|1
|move|p2a: Sylveon|Hyper Voice|p1b: Tatsugiri|[spread] p1a
|-miss|p2a: Sylveon|p1b: Tatsugiri
|-damage|p1a: Dondozo|59/100
|
|-heal|p1a: Dondozo|65/100|[from] item: Leftovers
|upkeep
|turn|7
|
|t:|1755992986
|-terastallize|p2b: Ficello-Man|Steel
|move|p1a: Dondozo|Earthquake|p2b: Ficello-Man|[spread] p2a,p2b
|-miss|p1a: Dondozo|p1b: Tatsugiri
|-supereffective|p2b: Ficello-Man
|-damage|p2a: Sylveon|35/100
|-damage|p2b: Ficello-Man|0 fnt
|faint|p2b: Ficello-Man
|move|p2a: Sylveon|Hyper Voice|p1b: Tatsugiri|[spread] p1a
|-miss|p2a: Sylveon|p1b: Tatsugiri
|-damage|p1a: Dondozo|46/100
|
|-heal|p1a: Dondozo|52/100|[from] item: Leftovers
|upkeep
|
|t:|1755992997
|switch|p2b: Hydreigon|Hydreigon, L50, M, shiny|60/100
|turn|8
|
|t:|1755993004
|move|p1a: Dondozo|Order Up|p2b: Hydreigon
|-supereffective|p2b: Hydreigon
|-damage|p2b: Hydreigon|0 fnt
|faint|p2b: Hydreigon
|-boost|p1a: Dondozo|atk|1
|move|p2a: Sylveon|Hyper Voice|p1b: Tatsugiri|[spread] p1a
|-miss|p2a: Sylveon|p1b: Tatsugiri
|-damage|p1a: Dondozo|32/100
|
|-heal|p1a: Dondozo|38/100|[from] item: Leftovers
|upkeep
|turn|9
|-message|luckyross forfeited.
|
|win|Ribombees believer
|raw|Ribombees believer's rating: 1307 → 1327(+20 for winning)
|raw|luckyross's rating: 1305 → 1285(-20 for losing)
|l|☆luckyross
|player|p2|
