|j|☆Alecat
|j|☆spellbreakvgc
|html|Alecatspellbreakvgc    
|uhtml|bestof|Game 2 of a best-of-3
|t:|1757722813
|gametype|doubles
|player|p1|Alecat|scientistf|1067
|player|p2|spellbreakvgc|lance|1148
|gen|9
|tier|[Gen 9] VGC 2025 Reg H (Bo3)
|rated|
|rule|Species Clause: Limit one of each Pokémon
|rule|Item Clause: Limit 1 of each item
|clearpoke
|poke|p1|Sneasler, L50, M|
|poke|p1|Magmar, L50, F|
|poke|p1|Rillaboom, L50, F|
|poke|p1|Espathra, L50, M|
|poke|p1|Kingambit, L50, M|
|poke|p1|Arcanine-Hisui, L50, M|
|poke|p2|Dondozo, L50, F|
|poke|p2|Sneasler, L50, M|
|poke|p2|Ursaluna-Bloodmoon, L50, M|
|poke|p2|Indeedee, L50, M|
|poke|p2|Tatsugiri, L50, M|
|poke|p2|Whimsicott, L50, F|
|teampreview|4
|showteam|p1|Sneasler||FocusSash|Unburden|FakeOut,CloseCombat,DireClaw,Coaching|||M|||50|,,,,,Ghost]Magmar||Eviolite|VitalSpirit|FollowMe,HeatWave,Taunt,Protect|||F|||50|,,,,,Dragon]Rillaboom||AssaultVest|GrassySurge|FakeOut,WoodHammer,GrassyGlide,HighHorsepower|||F|||50|,,,,,Fire]Espathra||GrassySeed|SpeedBoost|StoredPower,TeraBlast,CalmMind,Protect|||M|||50|,,,,,Fighting]Kingambit||SafetyGoggles|Defiant|KowtowCleave,SuckerPunch,SwordsDance,Protect|||M|||50|,,,,,Dark]Arcanine-Hisui||LoadedDice|Intimidate|FlareBlitz,RockBlast,ExtremeSpeed,Protect|||M|||50|,,,,,Ghost
|showteam|p2|Dondozo||Leftovers|Unaware|WaveCrash,OrderUp,Earthquake,Protect|||F|||50|,,,,,Grass]Sneasler||PsychicSeed|Unburden|DireClaw,CloseCombat,ThroatChop,Protect|||M|||50|,,,,,Dark]Ursaluna-Bloodmoon||LifeOrb|MindsEye|BloodMoon,HyperVoice,EarthPower,Protect|||M|||50|,,,,,Normal]Indeedee||FocusSash|PsychicSurge|ExpandingForce,TeraBlast,HelpingHand,Protect|||M|||50|,,,,,Psychic]Tatsugiri||SafetyGoggles|Commander|DracoMeteor,MuddyWater,HelpingHand,Protect|||M|||50|,,,,,Normal]Whimsicott||CovertCloak|Prankster|Moonblast,Tailwind,LightScreen,HelpingHand|||F|||50|,,,,,Poison
|inactive|Battle timer is ON: inactive players will automatically lose when time's up. (requested by Alecat)
|inactive|Alecat has 60 seconds left.
|
|t:|1757722856
|teamsize|p1|4
|teamsize|p2|4
|start
|switch|p1a: Rillaboom|Rillaboom, L50, F|100/100
|switch|p1b: Espathra|Espathra, L50, M, shiny|100/100
|switch|p2a: Sneasler|Sneasler, L50, M|100/100
|switch|p2b: Indeedee|Indeedee, L50, M|100/100
|-fieldstart|move: Psychic Terrain|[from] ability: Psychic Surge|[of] p2b: Indeedee
|-enditem|p2a: Sneasler|Psychic Seed
|-boost|p2a: Sneasler|spd|1|[from] item: Psychic Seed
|-fieldstart|move: Grassy Terrain|[from] ability: Grassy Surge|[of] p1a: Rillaboom
|-enditem|p1b: Espathra|Grassy Seed
|-boost|p1b: Espathra|def|1|[from] item: Grassy Seed
|turn|1
|inactive|Alecat has 30 seconds left.
|
|t:|1757722882
|switch|p2a: Tatsugiri|Tatsugiri, L50, M|100/100
|switch|p2b: Dondozo|Dondozo, L50, F|100/100
|-activate|p2a: Tatsugiri|ability: Commander|[of] p2b: Dondozo
|-boost|p2b: Dondozo|atk|2
|-boost|p2b: Dondozo|spa|2
|-boost|p2b: Dondozo|spe|2
|-boost|p2b: Dondozo|def|2
|-boost|p2b: Dondozo|spd|2
|move|p1a: Rillaboom|Fake Out|p2a: Tatsugiri|[miss]
|-miss|p1a: Rillaboom|p2a: Tatsugiri
|move|p1b: Espathra|Calm Mind|p1b: Espathra
|-boost|p1b: Espathra|spa|1
|-boost|p1b: Espathra|spd|1
|
|-ability|p1b: Espathra|Speed Boost|boost
|-boost|p1b: Espathra|spe|1
|upkeep
|turn|2
|
|t:|1757722902
|-terastallize|p2b: Dondozo|Grass
|move|p1b: Espathra|Protect|p1b: Espathra
|-singleturn|p1b: Espathra|Protect
|move|p2b: Dondozo|Order Up|p1b: Espathra
|-activate|p1b: Espathra|move: Protect
|move|p1a: Rillaboom|Wood Hammer|p2b: Dondozo
|-resisted|p2b: Dondozo
|-damage|p2b: Dondozo|85/100
|-damage|p1a: Rillaboom|95/100|[from] Recoil
|
|-heal|p2b: Dondozo|91/100|[from] Grassy Terrain
|-heal|p2b: Dondozo|97/100|[from] item: Leftovers
|-heal|p1a: Rillaboom|100/100|[from] Grassy Terrain
|-ability|p1b: Espathra|Speed Boost|boost
|-boost|p1b: Espathra|spe|1
|upkeep
|turn|3
|j| timmytheglueeater
|inactive|Alecat has 30 seconds left.
|
|t:|1757722929
|switch|p1a: Arcanine|Arcanine-Hisui, L50, M, shiny|100/100
|-ability|p1a: Arcanine|Intimidate|boost
|-unboost|p2a: Tatsugiri|atk|1
|-unboost|p2b: Dondozo|atk|1
|move|p1b: Espathra|Stored Power|p2b: Dondozo
|-damage|p2b: Dondozo|74/100
|move|p2b: Dondozo|Order Up|p1b: Espathra
|-damage|p1b: Espathra|62/100
|-boost|p2b: Dondozo|atk|1
|
|-heal|p1b: Espathra|68/100|[from] Grassy Terrain
|-heal|p2b: Dondozo|80/100|[from] Grassy Terrain
|-heal|p2b: Dondozo|86/100|[from] item: Leftovers
|-ability|p1b: Espathra|Speed Boost|boost
|-boost|p1b: Espathra|spe|1
|upkeep
|turn|4
|
|t:|1757722943
|move|p1b: Espathra|Protect|p1b: Espathra
|-singleturn|p1b: Espathra|Protect
|move|p2b: Dondozo|Protect|p2b: Dondozo
|-singleturn|p2b: Dondozo|Protect
|move|p1a: Arcanine|Flare Blitz|p2b: Dondozo
|-activate|p2b: Dondozo|move: Protect
|
|-heal|p1b: Espathra|74/100|[from] Grassy Terrain
|-heal|p2b: Dondozo|92/100|[from] Grassy Terrain
|-heal|p2b: Dondozo|98/100|[from] item: Leftovers
|-ability|p1b: Espathra|Speed Boost|boost
|-boost|p1b: Espathra|spe|1
|upkeep
|turn|5
|
|t:|1757722965
|move|p1b: Espathra|Stored Power|p2b: Dondozo
|-damage|p2b: Dondozo|63/100
|move|p2b: Dondozo|Order Up|p1b: Espathra
|-damage|p1b: Espathra|27/100
|-boost|p2b: Dondozo|atk|1
|move|p1a: Arcanine|Flare Blitz|p2b: Dondozo
|-supereffective|p2b: Dondozo
|-damage|p2b: Dondozo|15/100
|-damage|p1a: Arcanine|79/100|[from] Recoil
|
|-heal|p1b: Espathra|33/100|[from] Grassy Terrain
|-heal|p2b: Dondozo|21/100|[from] Grassy Terrain
|-heal|p2b: Dondozo|27/100|[from] item: Leftovers
|-heal|p1a: Arcanine|85/100|[from] Grassy Terrain
|-fieldend|move: Grassy Terrain
|-ability|p1b: Espathra|Speed Boost|boost
|-boost|p1b: Espathra|spe|1
|upkeep
|turn|6
|
|t:|1757722981
|switch|p1a: Rillaboom|Rillaboom, L50, F|100/100
|-fieldstart|move: Grassy Terrain|[from] ability: Grassy Surge|[of] p1a: Rillaboom
|move|p2b: Dondozo|Protect|p2b: Dondozo
|-singleturn|p2b: Dondozo|Protect
|move|p1b: Espathra|Calm Mind|p1b: Espathra
|-boost|p1b: Espathra|spa|1
|-boost|p1b: Espathra|spd|1
|
|-heal|p1b: Espathra|39/100|[from] Grassy Terrain
|-heal|p2b: Dondozo|33/100|[from] Grassy Terrain
|-heal|p2b: Dondozo|39/100|[from] item: Leftovers
|-ability|p1b: Espathra|Speed Boost|boost
|-boost|p1b: Espathra|spe|1
|upkeep
|turn|7
|
|t:|1757722997
|switch|p1a: Sneasler|Sneasler, L50, M|100/100
|move|p1b: Espathra|Stored Power|p2b: Dondozo
|-damage|p2b: Dondozo|0 fnt
|faint|p2b: Dondozo
|
|-heal|p1b: Espathra|45/100|[from] Grassy Terrain
|upkeep
|
|t:|1757723011
|switch|p2b: Indeedee|Indeedee, L50, M|100/100
|-fieldstart|move: Psychic Terrain|[from] ability: Psychic Surge|[of] p2b: Indeedee
|turn|8
|
|t:|1757723025
|switch|p2b: Sneasler|Sneasler, L50, M|100/100
|move|p1b: Espathra|Protect|p1b: Espathra
|-singleturn|p1b: Espathra|Protect
|move|p1a: Sneasler|Dire Claw|p2a: Tatsugiri
|-damage|p2a: Tatsugiri|29/100
|move|p2a: Tatsugiri|Draco Meteor|p1b: Espathra
|-activate|p1b: Espathra|move: Protect
|
|upkeep
|turn|9
|
|t:|1757723040
|move|p1b: Espathra|Stored Power|p2b: Sneasler
|-supereffective|p2b: Sneasler
|-damage|p2b: Sneasler|0 fnt
|faint|p2b: Sneasler
|move|p1a: Sneasler|Dire Claw|p2a: Tatsugiri
|-damage|p2a: Tatsugiri|0 fnt
|faint|p2a: Tatsugiri
|
|upkeep
|-message|spellbreakvgc forfeited.
|
|win|Alecat
|l|☆spellbreakvgc
|player|p2|
||spellbreakvgc is ready for game 3.
