|j|☆Artsy_Snail
|j|☆Jackalope11
|html|Artsy_SnailJackalope11    
|uhtml|bestof|Game 2 of a best-of-3
|t:|1784922158
|gametype|doubles
|player|p1|Artsy_Snail|cyclistf-gen4|
|player|p2|Jackalope11|1|
|gen|9
|tier|[Gen 9 Champions] VGC 2026 Reg M-B (Bo3)
|rule|Species Clause: Limit one of each Pokémon
|rule|Item Clause: Limit 1 of each item
|clearpoke
|poke|p1|Sableye, L50, M|
|poke|p1|Dragonite, L50, M|
|poke|p1|Politoed, L50, F|
|poke|p1|Archaludon, L50, F|
|poke|p1|Raichu, L50, F|
|poke|p1|Aromatisse, L50, M|
|poke|p2|Charizard, L50, M|
|poke|p2|Garchomp, L50, F|
|poke|p2|Sableye, L50, F|
|poke|p2|Basculegion, L50, M|
|poke|p2|Venusaur, L50, F|
|poke|p2|Sylveon, L50, M|
|teampreview|4
|showteam|p1|Sableye||FocusSash|Prankster|RainDance,LightScreen,FakeOut,Quash|Relaxed||M|||50|]Dragonite||LumBerry|Multiscale|Tailwind,Hurricane,DragonPulse,Protect|Modest||M|||50|]Politoed||SitrusBerry|Drizzle|WeatherBall,IcyWind,Encore,Protect|Modest||F|||50|]Archaludon||Leftovers|Stamina|ElectroShot,DragonPulse,FlashCannon,Protect|Modest||F|||50|]Raichu||RaichuniteX|Static|VoltTackle,VoltSwitch,FakeOut,Protect|Jolly||F|||50|]Aromatisse||FairyFeather|AromaVeil|HealPulse,AllySwitch,Moonblast,Disable|Modest||M|||50|
|showteam|p2|Charizard||CharizarditeY|Blaze|HeatWave,WeatherBall,SolarBeam,Protect|Modest||M|||50|]Garchomp||ExpertBelt|RoughSkin|PowerGem,EarthPower,DragonPulse,Protect|Timid||F|||50|]Sableye||Sablenite|Prankster|Encore,SunnyDay,LightScreen,ThunderWave|Relaxed||F|||50|]Basculegion||LifeOrb|SwiftSwim|LastRespects,WaveCrash,AquaJet,Protect|Adamant||M|||50|]Venusaur||FocusSash|Chlorophyll|SleepPowder,SludgeBomb,EnergyBall,Protect|Modest||F|||50|]Sylveon||FairyFeather|Pixilate|HyperVoice,QuickAttack,HyperBeam,Detect|Modest||M|||50|
|inactive|Battle timer is ON: inactive players will automatically lose when time's up. (requested by Artsy_Snail)
|c|☆Jackalope11|sorry back
|inactive|Artsy_Snail has 60 seconds left.
|inactive|Jackalope11 has 60 seconds left.
|
|t:|1784922191
|teamsize|p1|4
|teamsize|p2|4
|start
|switch|p1a: Aromatisse|Aromatisse, L50, M|100/100
|switch|p1b: Dragonite|Dragonite, L50, M|100/100
|switch|p2a: Charizard|Charizard, L50, M|100/100
|switch|p2b: Sableye|Sableye, L50, F|100/100
|turn|1
|
|t:|1784922208
|detailschange|p2a: Charizard|Charizard-Mega-Y, L50, M
|-mega|p2a: Charizard|Charizard|Charizardite Y
|-weather|SunnyDay|[from] ability: Drought|[of] p2a: Charizard
|move|p2b: Sableye|Light Screen|p2b: Sableye
|-sidestart|p2: Jackalope11|move: Light Screen
|move|p2a: Charizard|Heat Wave|p1a: Aromatisse|[spread] p1a,p1b
|-resisted|p1b: Dragonite|1
|-damage|p1a: Aromatisse|34/100
|-damage|p1b: Dragonite|85/100
|move|p1b: Dragonite|Tailwind|p1b: Dragonite
|-sidestart|p1: Artsy_Snail|move: Tailwind
|move|p1a: Aromatisse|Moonblast|p2b: Sableye
|-supereffective|p2b: Sableye|1
|-damage|p2b: Sableye|10/100
|
|-weather|SunnyDay|[upkeep]
|upkeep
|turn|2
|inactive|Artsy_Snail has 30 seconds left.
|inactive|Jackalope11 has 30 seconds left.
|
|t:|1784922240
|switch|p1a: Politoed|Politoed, L50, F|100/100
|-weather|RainDance|[from] ability: Drizzle|[of] p1a: Politoed
|move|p2b: Sableye|Thunder Wave|p1a: Politoed
|-status|p1a: Politoed|par
|move|p1b: Dragonite|Dragon Pulse|p2b: Sableye
|-damage|p2b: Sableye|0 fnt
|faint|p2b: Sableye
|move|p2a: Charizard|Heat Wave|p1a: Politoed|[spread] p1b
|-miss|p2a: Charizard|p1a: Politoed
|-resisted|p1b: Dragonite|1
|-damage|p1b: Dragonite|75/100
|
|-weather|RainDance|[upkeep]
|upkeep
|
|t:|1784922253
|switch|p2b: Sylveon|Sylveon, L50, M|100/100
|turn|3
|
|t:|1784922268
|move|p2a: Charizard|Protect|p2a: Charizard
|-singleturn|p2a: Charizard|Protect
|move|p1b: Dragonite|Hurricane|p2b: Sylveon
|-damage|p2b: Sylveon|73/100
|move|p1a: Politoed|Weather Ball|p2a: Charizard
|-activate|p2a: Charizard|move: Protect
|move|p2b: Sylveon|Hyper Voice|p1a: Politoed|[spread] p1a,p1b
|-supereffective|p1b: Dragonite|1
|-damage|p1a: Politoed|59/100 par
|-damage|p1b: Dragonite|0 fnt
|faint|p1b: Dragonite
|
|-weather|RainDance|[upkeep]
|upkeep
|
|t:|1784922280
|switch|p1b: Archaludon|Archaludon, L50, F|100/100
|turn|4
|
|t:|1784922297
|switch|p2a: Garchomp|Garchomp, L50, F|100/100
|move|p1b: Archaludon|Electro Shot||[still]
|-prepare|p1b: Archaludon|Electro Shot
|-boost|p1b: Archaludon|spa|1
|-anim|p1b: Archaludon|Electro Shot|p2a: Garchomp
|-immune|p2a: Garchomp
|move|p1a: Politoed|Encore||[still]
|-fail|p1a: Politoed
|move|p2b: Sylveon|Hyper Voice|p1a: Politoed|[spread] p1a,p1b
|-damage|p1a: Politoed|19/100 par
|-damage|p1b: Archaludon|52/100
|-ability|p1b: Archaludon|Stamina|boost
|-boost|p1b: Archaludon|def|1
|-enditem|p1a: Politoed|Sitrus Berry|[eat]
|-heal|p1a: Politoed|44/100 par|[from] item: Sitrus Berry
|
|-weather|RainDance|[upkeep]
|-heal|p1b: Archaludon|58/100|[from] item: Leftovers
|-sideend|p1: Artsy_Snail|move: Tailwind
|upkeep
|turn|5
|
|t:|1784922320
|move|p2a: Garchomp|Earth Power|p1b: Archaludon
|-supereffective|p1b: Archaludon|1
|-damage|p1b: Archaludon|0 fnt
|faint|p1b: Archaludon
|move|p2b: Sylveon|Hyper Beam|p1a: Politoed
|-damage|p1a: Politoed|0 fnt
|-mustrecharge|p2b: Sylveon
|faint|p1a: Politoed
|
|-weather|RainDance|[upkeep]
|-sideend|p2: Jackalope11|move: Light Screen
|upkeep
|
|t:|1784922325
|switch|p1b: Aromatisse|Aromatisse, L50, M|34/100
|turn|6
|
|t:|1784922335
|move|p2a: Garchomp|Earth Power|p1b: Aromatisse
|-damage|p1b: Aromatisse|2/100
|cant|p2b: Sylveon|recharge
|move|p1b: Aromatisse|Moonblast|p2a: Garchomp
|-supereffective|p2a: Garchomp|1
|-damage|p2a: Garchomp|0 fnt
|faint|p2a: Garchomp
|
|-weather|none
|upkeep
|
|t:|1784922339
|switch|p2a: Charizard|Charizard-Mega-Y, L50, M|100/100
|-weather|SunnyDay|[from] ability: Drought|[of] p2a: Charizard
|turn|7
|c|☆Jackalope11|gg
|
|t:|1784922350
|move|p2b: Sylveon|Quick Attack|p1b: Aromatisse
|-damage|p1b: Aromatisse|0 fnt
|faint|p1b: Aromatisse
|
|win|Jackalope11
|c|☆Jackalope11|thank you accommodating my time
|c|☆Artsy_Snail|gg
|c|☆Jackalope11|can u send the links im on mobile
|c|☆Artsy_Snail|i can
|l|☆Jackalope11
|player|p2|
