|j|☆milkandcereals
|j|☆capspungo
|html|milkandcerealscapspungo    
|uhtml|bestof|Game 2 of a best-of-3
|t:|1756500217
|gametype|doubles
|player|p1|milkandcereals|blue|1079
|player|p2|capspungo|169|1205
|gen|9
|tier|[Gen 9] VGC 2025 Reg H (Bo3)
|rated|
|rule|Species Clause: Limit one of each Pokémon
|rule|Item Clause: Limit 1 of each item
|clearpoke
|poke|p1|Porygon2, L50|
|poke|p1|Rillaboom, L50, M|
|poke|p1|Ursaluna, L50, F|
|poke|p1|Jumpluff, L50, M|
|poke|p1|Charizard, L50, M|
|poke|p1|Torkoal, L50, M|
|poke|p2|Ursaluna, L50, M|
|poke|p2|Indeedee-F, L50, F|
|poke|p2|Exeggutor, L50, M|
|poke|p2|Torkoal, L50, M|
|poke|p2|Gallade, L50, M|
|poke|p2|Zoroark-Hisui, L50, F|
|teampreview|4
|showteam|p1|Porygon2||Eviolite|Download|TeraBlast,IceBeam,TrickRoom,Recover||||||50|,,,,,Fighting]Rillaboom||AssaultVest|GrassySurge|FakeOut,GrassyGlide,WoodHammer,HighHorsepower|||M|||50|,,,,,Water]Ursaluna||FlameOrb|Guts|Protect,Facade,Earthquake,HeadlongRush|||F|||50|,,,,,Ghost]Jumpluff||CovertCloak|Chlorophyll|SleepPowder,SunnyDay,Tailwind,RagePowder|||M|||50|,,,,,Fire]Charizard||ChoiceSpecs|SolarPower|HeatWave,Overheat,WeatherBall,DragonPulse|||M|||50|,,,,,Ghost]Torkoal||EjectPack|Drought|Overheat,Eruption,HelpingHand,Protect|||M|||50|,,,,,Fire
|showteam|p2|Ursaluna||FlameOrb|Guts|Protect,Facade,Earthquake,HeadlongRush|||M|||50|,,,,,Ghost]Indeedee-F||PsychicSeed|PsychicSurge|TrickRoom,Psychic,FollowMe,HelpingHand|||F|||50|,,,,,Grass]Exeggutor||FocusSash|Chlorophyll|TrickRoom,ExpandingForce,EnergyBall,SleepPowder|||M|||50|,,,,,Psychic]Torkoal||Charcoal|Drought|Eruption,ClearSmog,Protect,WeatherBall|||M|||50|,,,,,Fire]Gallade||ClearAmulet|Sharpness|PsychoCut,TrickRoom,WideGuard,SacredSword|||M|||50|,,,,,Fire]Zoroark-Hisui||ChoiceSpecs|Illusion|HyperVoice,Flamethrower,ShadowBall,TeraBlast|||F|||50|,,,,,Stellar
|inactive|Battle timer is ON: inactive players will automatically lose when time's up. (requested by milkandcereals)
|inactive|milkandcereals has 60 seconds left.
|
|t:|1756500290
|teamsize|p1|4
|teamsize|p2|4
|start
|switch|p1a: Jumpluff|Jumpluff, L50, M|100/100
|switch|p1b: Charizard|Charizard, L50, M|100/100
|switch|p2a: Indeedee|Indeedee-F, L50, F|100/100
|switch|p2b: Gallade|Gallade, L50, M|100/100
|-fieldstart|move: Psychic Terrain|[from] ability: Psychic Surge|[of] p2a: Indeedee
|-enditem|p2a: Indeedee|Psychic Seed
|-boost|p2a: Indeedee|spd|1|[from] item: Psychic Seed
|turn|1
|inactive|milkandcereals has 30 seconds left.
|inactive|capspungo has 30 seconds left.
|inactive|milkandcereals has 20 seconds left.
|inactive|milkandcereals has 15 seconds left.
|inactive|milkandcereals has 10 seconds left.
|inactive|capspungo has 20 seconds left.
|inactive|milkandcereals has 5 seconds left.
|inactive|capspungo has 15 seconds left.
|inactive|capspungo has 10 seconds left.
|
|t:|1756500346
|move|p1a: Jumpluff|Sleep Powder|p2b: Gallade
|-status|p2b: Gallade|slp|[from] move: Sleep Powder
|move|p1b: Charizard|Heat Wave|p2b: Gallade|[spread] p2a,p2b
|-damage|p2a: Indeedee|67/100
|-damage|p2b: Gallade|62/100 slp
|-status|p2a: Indeedee|brn
|cant|p2b: Gallade|slp
|move|p2a: Indeedee|Trick Room|p2a: Indeedee
|-fieldstart|move: Trick Room|[of] p2a: Indeedee
|
|-damage|p2a: Indeedee|60/100 brn|[from] brn
|upkeep
|turn|2
|
|t:|1756500370
|switch|p1a: Rillaboom|Rillaboom, L50, M|100/100
|-fieldstart|move: Grassy Terrain|[from] ability: Grassy Surge|[of] p1a: Rillaboom
|move|p2a: Indeedee|Psychic|p1b: Charizard
|-damage|p1b: Charizard|63/100
|-curestatus|p2b: Gallade|slp|[msg]
|move|p2b: Gallade|Psycho Cut|p1a: Rillaboom
|-damage|p1a: Rillaboom|48/100
|move|p1b: Charizard|Heat Wave|p2a: Indeedee|[spread] p2a,p2b
|-damage|p2a: Indeedee|29/100 brn
|-damage|p2b: Gallade|20/100
|
|-heal|p2a: Indeedee|36/100 brn|[from] Grassy Terrain
|-heal|p2b: Gallade|26/100|[from] Grassy Terrain
|-heal|p1a: Rillaboom|54/100|[from] Grassy Terrain
|-damage|p2a: Indeedee|29/100 brn|[from] brn
|upkeep
|turn|3
|inactive|milkandcereals has 30 seconds left.
|inactive|milkandcereals has 20 seconds left.
|inactive|capspungo has 30 seconds left.
|
|t:|1756500407
|switch|p2a: Torkoal|Torkoal, L50, M|100/100
|-weather|SunnyDay|[from] ability: Drought|[of] p2a: Torkoal
|move|p2b: Gallade|Wide Guard|p2b: Gallade
|-singleturn|p2b: Gallade|Wide Guard
|move|p1a: Rillaboom|Grassy Glide|p2b: Gallade
|-damage|p2b: Gallade|0 fnt
|faint|p2b: Gallade
|move|p1b: Charizard|Heat Wave|p2a: Torkoal
|-activate|p2a: Torkoal|move: Wide Guard
|
|-weather|SunnyDay|[upkeep]
|-damage|p1b: Charizard|51/100|[from] ability: Solar Power|[of] p1b: Charizard
|-heal|p1a: Rillaboom|60/100|[from] Grassy Terrain
|upkeep
|
|t:|1756500418
|switch|p2b: Indeedee|Indeedee-F, L50, F|29/100 brn
|-fieldstart|move: Psychic Terrain|[from] ability: Psychic Surge|[of] p2b: Indeedee
|turn|4
|inactive|milkandcereals has 30 seconds left.
|
|t:|1756500452
|-terastallize|p2a: Torkoal|Fire
|-terastallize|p1a: Rillaboom|Water
|move|p2b: Indeedee|Helping Hand|p2a: Torkoal
|-singleturn|p2a: Torkoal|Helping Hand|[of] p2b: Indeedee
|move|p2a: Torkoal|Eruption|p1a: Rillaboom|[spread] p1a,p1b
|-resisted|p1a: Rillaboom
|-crit|p1a: Rillaboom
|-resisted|p1b: Charizard
|-damage|p1a: Rillaboom|0 fnt
|-damage|p1b: Charizard|0 fnt
|faint|p1a: Rillaboom
|faint|p1b: Charizard
|
|-weather|SunnyDay|[upkeep]
|-damage|p2b: Indeedee|23/100 brn|[from] brn
|upkeep
|
|t:|1756500467
|switch|p1a: Jumpluff|Jumpluff, L50, M|100/100
|switch|p1b: Ursaluna|Ursaluna, L50, F|100/100
|turn|5
|inactive|milkandcereals has 30 seconds left.
|
|t:|1756500494
|move|p2b: Indeedee|Helping Hand|p2a: Torkoal
|-singleturn|p2a: Torkoal|Helping Hand|[of] p2b: Indeedee
|move|p1b: Ursaluna|Protect|p1b: Ursaluna
|-singleturn|p1b: Ursaluna|Protect
|move|p2a: Torkoal|Eruption|p1b: Ursaluna|[spread] p1a
|-activate|p1b: Ursaluna|move: Protect
|-supereffective|p1a: Jumpluff
|-damage|p1a: Jumpluff|0 fnt
|faint|p1a: Jumpluff
|
|-weather|SunnyDay|[upkeep]
|-damage|p2b: Indeedee|17/100 brn|[from] brn
|-fieldend|move: Trick Room
|-status|p1b: Ursaluna|brn|[from] item: Flame Orb
|upkeep
|turn|6
|
|t:|1756500515
|move|p2a: Torkoal|Protect|p2a: Torkoal
|-singleturn|p2a: Torkoal|Protect
|move|p1b: Ursaluna|Earthquake|p2b: Indeedee|[spread] p2b
|-activate|p2a: Torkoal|move: Protect
|-damage|p2b: Indeedee|0 fnt
|faint|p2b: Indeedee
|
|-weather|SunnyDay|[upkeep]
|-damage|p1b: Ursaluna|94/100 brn|[from] brn
|upkeep
|
|t:|1756500521
|switch|p2b: Exeggutor|Exeggutor, L50, M|100/100
|turn|7
|inactive|milkandcereals has 30 seconds left.
|
|t:|1756500551
|move|p2b: Exeggutor|Energy Ball|p1b: Ursaluna
|-supereffective|p1b: Ursaluna
|-damage|p1b: Ursaluna|0 fnt
|faint|p1b: Ursaluna
|
|win|capspungo
