|j|☆brodiewhat
|j|☆Someoneofficial
|html|brodiewhatSomeoneofficial    
|uhtml|bestof|Game 2 of a best-of-3
|t:|1784660760
|gametype|doubles
|player|p1|brodiewhat|palmer|
|player|p2|Someoneofficial|clown|
|gen|9
|tier|[Gen 9 Champions] VGC 2026 Reg M-B (Bo3)
|rule|Species Clause: Limit one of each Pokémon
|rule|Item Clause: Limit 1 of each item
|clearpoke
|poke|p1|Malamar, L50, F|
|poke|p1|Blastoise, L50, F|
|poke|p1|Incineroar, L50, M|
|poke|p1|Basculegion, L50, M|
|poke|p1|Whimsicott, L50, F|
|poke|p1|Conkeldurr, L50, F|
|poke|p2|Sceptile, L50, F, shiny|
|poke|p2|Tyranitar, L50, F, shiny|
|poke|p2|Excadrill, L50, M, shiny|
|poke|p2|Rotom-Wash, L50, shiny|
|poke|p2|Vivillon-Sandstorm, L50, M, shiny|
|poke|p2|Grimmsnarl, L50, M, shiny|
|teampreview|4
|showteam|p1|Malamar||Malamarite|Contrary|TrickRoom,Superpower,KnockOff,PoisonJab|Brave||F|||50|]Blastoise||MysticWater|Torrent|FakeOut,WaterSpout,MuddyWater,IceBeam|Quiet||F|||50|]Incineroar||LifeOrb|Intimidate|FakeOut,FlareBlitz,ThroatChop,CloseCombat|Brave||M|||50|]Basculegion||FocusSash|Adaptability|Liquidation,AquaJet,LastRespects,WaveCrash|Brave||M|||50|]Whimsicott||IronBall|Prankster|Moonblast,Encore,LightScreen,GrassKnot|Quiet||F|||50|]Conkeldurr||SitrusBerry|Guts|Coaching,CloseCombat,IcePunch,KnockOff|Brave||F|||50|
|showteam|p2|Sceptile||Sceptilite|Overgrow|DragonPulse,EnergyBall,EarthPower,Detect|Timid||F|||50|]Tyranitar||Tyranitarite|SandStream|RockSlide,KnockOff,DragonDance,Protect|Jolly||F|||50|]Excadrill||FocusSash|SandRush|RockSlide,Earthquake,IronHead,Protect|Jolly||M|||50|]Rotom-Wash||Leftovers|Levitate|Discharge,Thunderbolt,WillOWisp,Protect|Modest|||||50|]Vivillon-Sandstorm||ChoiceScarf|CompoundEyes|SleepPowder,Hurricane,PollenPuff,Tailwind|Timid||M|||50|]Grimmsnarl||LightClay|Prankster|SpiritBreak,Reflect,LightScreen,PartingShot|Careful||M|||50|
|inactive|Battle timer is ON: inactive players will automatically lose when time's up. (requested by brodiewhat)
|inactiveoff|Battle timer is now OFF.
|
|t:|1784660780
|teamsize|p1|4
|teamsize|p2|4
|start
|switch|p1a: Malamar|Malamar, L50, F|100/100
|switch|p1b: Incineroar|Incineroar, L50, M|100/100
|switch|p2a: Rotom|Rotom-Wash, L50, shiny|100/100
|switch|p2b: Vivillon|Vivillon-Sandstorm, L50, M, shiny|100/100
|-ability|p1b: Incineroar|Intimidate|boost
|-unboost|p2a: Rotom|atk|1
|-unboost|p2b: Vivillon|atk|1
|turn|1
|
|t:|1784660799
|detailschange|p1a: Malamar|Malamar-Mega, L50, F
|-mega|p1a: Malamar|Malamar|Malamarite
|move|p1b: Incineroar|Fake Out|p2b: Vivillon
|-damage|p2b: Vivillon|64/100
|-damage|p1b: Incineroar|90/100|[from] item: Life Orb
|cant|p2b: Vivillon|flinch
|move|p2a: Rotom|Will-O-Wisp|p1a: Malamar|[miss]
|-miss|p2a: Rotom|p1a: Malamar
|move|p1a: Malamar|Trick Room|p1a: Malamar
|-fieldstart|move: Trick Room|[of] p1a: Malamar
|
|upkeep
|turn|2
|
|t:|1784660826
|switch|p1a: Conkeldurr|Conkeldurr, L50, F|100/100
|switch|p2b: Tyranitar|Tyranitar, L50, F, shiny|100/100
|-weather|Sandstorm|[from] ability: Sand Stream|[of] p2b: Tyranitar
|move|p1b: Incineroar|Flare Blitz|p2b: Tyranitar
|-resisted|p2b: Tyranitar|1
|-damage|p2b: Tyranitar|62/100
|-status|p2b: Tyranitar|brn
|-damage|p1b: Incineroar|79/100|[from] Recoil
|-damage|p1b: Incineroar|69/100|[from] item: Life Orb
|move|p2a: Rotom|Will-O-Wisp|p1a: Conkeldurr|[miss]
|-miss|p2a: Rotom|p1a: Conkeldurr
|
|-weather|Sandstorm|[upkeep]
|-damage|p1a: Conkeldurr|93/100|[from] Sandstorm
|-damage|p1b: Incineroar|63/100|[from] Sandstorm
|-damage|p2a: Rotom|94/100|[from] Sandstorm
|-heal|p2a: Rotom|100/100|[from] item: Leftovers
|-damage|p2b: Tyranitar|56/100 brn|[from] brn
|upkeep
|turn|3
|
|t:|1784660848
|switch|p2b: Vivillon|Vivillon-Sandstorm, L50, M, shiny|64/100
|move|p1a: Conkeldurr|Coaching|p1b: Incineroar
|-boost|p1b: Incineroar|atk|1
|-boost|p1b: Incineroar|def|1
|move|p1b: Incineroar|Throat Chop|p2a: Rotom
|-damage|p2a: Rotom|18/100
|-start|p2a: Rotom|Throat Chop|[silent]
|-damage|p1b: Incineroar|53/100|[from] item: Life Orb
|move|p2a: Rotom|Thunderbolt|p1b: Incineroar
|-crit|p1b: Incineroar
|-damage|p1b: Incineroar|0 fnt
|faint|p1b: Incineroar
|
|-weather|Sandstorm|[upkeep]
|-damage|p1a: Conkeldurr|87/100|[from] Sandstorm
|-damage|p2a: Rotom|12/100|[from] Sandstorm
|-damage|p2b: Vivillon|58/100|[from] Sandstorm
|-heal|p2a: Rotom|18/100|[from] item: Leftovers
|upkeep
|
|t:|1784660862
|switch|p1b: Malamar|Malamar-Mega, L50, F|100/100
|turn|4
|
|t:|1784660869
|switch|p2b: Tyranitar|Tyranitar, L50, F, shiny|56/100 brn
|move|p2a: Rotom|Protect|p2a: Rotom
|-singleturn|p2a: Rotom|Protect
|move|p1a: Conkeldurr|Ice Punch|p2b: Tyranitar
|-damage|p2b: Tyranitar|28/100 brn
|move|p1b: Malamar|Superpower|p2a: Rotom
|-activate|p2a: Rotom|move: Protect
|
|-weather|Sandstorm|[upkeep]
|-damage|p1a: Conkeldurr|81/100|[from] Sandstorm
|-damage|p1b: Malamar|93/100|[from] Sandstorm
|-damage|p2a: Rotom|12/100|[from] Sandstorm
|-heal|p2a: Rotom|18/100|[from] item: Leftovers
|-damage|p2b: Tyranitar|22/100 brn|[from] brn
|-end|p2a: Rotom|Throat Chop|[silent]
|upkeep
|turn|5
|
|t:|1784660885
|switch|p2a: Vivillon|Vivillon-Sandstorm, L50, M, shiny|58/100
|detailschange|p2b: Tyranitar|Tyranitar-Mega, L50, F, shiny
|-mega|p2b: Tyranitar|Tyranitar|Tyranitarite
|move|p1a: Conkeldurr|Ice Punch|p2b: Tyranitar
|-damage|p2b: Tyranitar|1/100 brn
|move|p1b: Malamar|Superpower|p2a: Vivillon
|-resisted|p2a: Vivillon|2
|-damage|p2a: Vivillon|40/100
|-boost|p1b: Malamar|atk|1
|-boost|p1b: Malamar|def|1
|move|p2b: Tyranitar|Rock Slide|p1a: Conkeldurr|[spread] p1a,p1b
|-resisted|p1a: Conkeldurr|1
|-crit|p1a: Conkeldurr
|-damage|p1a: Conkeldurr|71/100
|-damage|p1b: Malamar|83/100
|
|-weather|Sandstorm|[upkeep]
|-damage|p1a: Conkeldurr|65/100|[from] Sandstorm
|-damage|p1b: Malamar|77/100|[from] Sandstorm
|-damage|p2a: Vivillon|34/100|[from] Sandstorm
|-damage|p2b: Tyranitar|0 fnt|[from] brn
|faint|p2b: Tyranitar
|-fieldend|move: Trick Room
|upkeep
|j| My Jaronas
|j| Zetchup21man
|
|t:|1784660903
|switch|p2b: Grimmsnarl|Grimmsnarl, L50, M, shiny|100/100
|turn|6
|
|t:|1784660923
|switch|p1b: Basculegion|Basculegion, L50, M|100/100
|move|p2b: Grimmsnarl|Reflect|p2b: Grimmsnarl
|-sidestart|p2: Someoneofficial|Reflect
|move|p2a: Vivillon|Pollen Puff|p1b: Basculegion
|-resisted|p1b: Basculegion|1
|-damage|p1b: Basculegion|81/100
|move|p1a: Conkeldurr|Ice Punch|p2a: Vivillon
|-supereffective|p2a: Vivillon|1
|-damage|p2a: Vivillon|0 fnt
|faint|p2a: Vivillon
|
|-weather|none
|upkeep
|
|t:|1784660931
|switch|p2a: Rotom|Rotom-Wash, L50, shiny|18/100
|turn|7
|
|t:|1784660957
|move|p2a: Rotom|Protect|p2a: Rotom
|-singleturn|p2a: Rotom|Protect
|move|p1b: Basculegion|Wave Crash|p2b: Grimmsnarl
|-damage|p2b: Grimmsnarl|43/100
|-damage|p1b: Basculegion|65/100|[from] Recoil
|move|p2b: Grimmsnarl|Spirit Break|p1b: Basculegion
|-damage|p1b: Basculegion|29/100
|-unboost|p1b: Basculegion|spa|1
|move|p1a: Conkeldurr|Knock Off|p2a: Rotom
|-activate|p2a: Rotom|move: Protect
|
|-heal|p2a: Rotom|24/100|[from] item: Leftovers
|upkeep
|turn|8
|
|t:|1784660995
|move|p1b: Basculegion|Aqua Jet|p2b: Grimmsnarl
|-crit|p2b: Grimmsnarl
|-damage|p2b: Grimmsnarl|3/100
|move|p2b: Grimmsnarl|Parting Shot|p1a: Conkeldurr
|-unboost|p1a: Conkeldurr|atk|1
|-unboost|p1a: Conkeldurr|spa|1
|move|p2a: Rotom|Thunderbolt|p1b: Basculegion
|-supereffective|p1b: Basculegion|1
|-damage|p1b: Basculegion|0 fnt
|faint|p1b: Basculegion
|move|p1a: Conkeldurr|Close Combat|p2a: Rotom
|-damage|p2a: Rotom|0 fnt
|-unboost|p1a: Conkeldurr|def|1
|-unboost|p1a: Conkeldurr|spd|1
|faint|p2a: Rotom
|
|upkeep
|
|t:|1784661005
|switch|p1b: Malamar|Malamar-Mega, L50, F|77/100
|turn|9
|
|t:|1784661009
|move|p1b: Malamar|Superpower|p2b: Grimmsnarl
|-damage|p2b: Grimmsnarl|0 fnt
|-boost|p1b: Malamar|atk|1
|-boost|p1b: Malamar|def|1
|faint|p2b: Grimmsnarl
|
|win|brodiewhat
||brodiewhat is ready for game 3.
||Someoneofficial is ready for game 3.
|uhtml|next|Next: Game 3 of 3
|l| Zetchup21man
|l| My Jaronas
