|j|☆DumbDerek
|j|☆Youtube15
|html|DumbDerekYoutube15    
|uhtml|bestof|Game 2 of a best-of-3
|t:|1785022719
|gametype|doubles
|player|p1|DumbDerek|blackbelt-gen4|1133
|player|p2|Youtube15|veteran|1032
|gen|9
|tier|[Gen 9 Champions] VGC 2026 Reg M-B (Bo3)
|rated|
|rule|Species Clause: Limit one of each Pokémon
|rule|Item Clause: Limit 1 of each item
|clearpoke
|poke|p1|Sceptile, L50, M|
|poke|p1|Rotom-Wash, L50|
|poke|p1|Talonflame, L50, F|
|poke|p1|Garchomp, L50, F|
|poke|p1|Metagross, L50|
|poke|p1|Kingambit, L50, F|
|poke|p2|Gengar, L50, M|
|poke|p2|Incineroar, L50, M|
|poke|p2|Kingambit, L50, F|
|poke|p2|Whimsicott, L50, M|
|poke|p2|Rotom-Wash, L50|
|poke|p2|Ninetales-Alola, L50, F|
|teampreview|4
|showteam|p1|Sceptile||Sceptilite|Overgrow|LeafStorm,DragonPulse,EarthPower,Protect|Timid||M|||50|]Rotom-Wash||ChoiceScarf|Levitate|Discharge,HydroPump,Thunderbolt,VoltSwitch|Timid|||||50|]Talonflame||SharpBeak|GaleWings|Tailwind,WillOWisp,BraveBird,Protect|Jolly||F|||50|]Garchomp||LifeOrb|RoughSkin|RockSlide,Earthquake,DragonClaw,Protect|Jolly||F|||50|]Metagross||Metagrossite|ClearBody|MeteorMash,ZenHeadbutt,HammerArm,Protect|Jolly|||||50|]Kingambit||BlackGlasses|Defiant|SuckerPunch,KowtowCleave,Protect,SwordsDance|Adamant||F|||50|
|showteam|p2|Gengar||Gengarite|CursedBody|PerishSong,Protect,ShadowBall,SludgeBomb|Timid||M|||50|]Incineroar||PasshoBerry|Intimidate|FakeOut,PartingShot,FlareBlitz,Protect|Adamant||M|||50|]Kingambit||BlackGlasses|Defiant|SuckerPunch,KowtowCleave,SwordsDance,IronHead|Adamant||F|||50|]Whimsicott||FocusSash|Prankster|Moonblast,Tailwind,Encore,Protect|Timid||M|||50|]Rotom-Wash||ChoiceScarf|Levitate|HydroPump,WillOWisp,Trick,Protect|Calm|||||50|]Ninetales-Alola||BabiriBerry|SnowWarning|Blizzard,AuroraVeil,Encore,Protect|Timid||F|||50|
|inactive|Battle timer is ON: inactive players will automatically lose when time's up. (requested by DumbDerek)
|
|t:|1785022777
|teamsize|p1|4
|teamsize|p2|4
|start
|switch|p1a: Kingambit|Kingambit, L50, F|100/100
|switch|p1b: Metagross|Metagross, L50|100/100
|switch|p2a: Ninetales|Ninetales-Alola, L50, F|100/100
|switch|p2b: Gengar|Gengar, L50, M|100/100
|-weather|Snowscape|[from] ability: Snow Warning|[of] p2a: Ninetales
|turn|1
|
|t:|1785022799
|detailschange|p2b: Gengar|Gengar-Mega, L50, M
|-mega|p2b: Gengar|Gengar|Gengarite
|detailschange|p1b: Metagross|Metagross-Mega, L50
|-mega|p1b: Metagross|Metagross|Metagrossite
|move|p2b: Gengar|Perish Song|p2b: Gengar
|-start|p1a: Kingambit|perish3|[silent]
|-start|p1b: Metagross|perish3|[silent]
|-start|p2a: Ninetales|perish3|[silent]
|-start|p2b: Gengar|perish3|[silent]
|-fieldactivate|move: Perish Song
|move|p1b: Metagross|Meteor Mash|p2a: Ninetales
|-supereffective|p2a: Ninetales|2
|-enditem|p2a: Ninetales|Babiri Berry|[eat]
|-enditem|p2a: Ninetales|Babiri Berry|[weaken]
|-damage|p2a: Ninetales|0 fnt
|faint|p2a: Ninetales
|move|p1a: Kingambit|Kowtow Cleave|p2b: Gengar
|-supereffective|p2b: Gengar|1
|-damage|p2b: Gengar|0 fnt
|faint|p2b: Gengar
|
|-weather|Snowscape|[upkeep]
|-start|p1b: Metagross|perish3
|-start|p1a: Kingambit|perish3
|upkeep
|
|t:|1785022814
|switch|p2b: Incineroar|Incineroar, L50, M|100/100
|switch|p2a: Kingambit|Kingambit, L50, F|100/100
|-ability|p2b: Incineroar|Intimidate|boost
|-unboost|p1a: Kingambit|atk|1
|-ability|p1a: Kingambit|Defiant|boost
|-boost|p1a: Kingambit|atk|2
|-unboost|p1b: Metagross|atk|1
|turn|2
|inactive|Youtube15 has 30 seconds left.
|inactive|Youtube15 has 20 seconds left.
|inactive|Youtube15 has 15 seconds left.
|inactive|Youtube15 has 10 seconds left.
|
|t:|1785022859
|switch|p1b: Talonflame|Talonflame, L50, F|100/100
|move|p2b: Incineroar|Parting Shot|p2a: Kingambit
|-unboost|p2a: Kingambit|atk|1
|-unboost|p2a: Kingambit|spa|1
|move|p1a: Kingambit|Kowtow Cleave|p2a: Kingambit
|-resisted|p2a: Kingambit|1
|-damage|p2a: Kingambit|65/100
|move|p2a: Kingambit|Swords Dance|p2a: Kingambit
|-boost|p2a: Kingambit|atk|2
|
|-weather|Snowscape|[upkeep]
|-start|p1a: Kingambit|perish2
|upkeep
|turn|3
|inactive|Youtube15 has 30 seconds left.
|inactive|Youtube15 has 20 seconds left.
|inactive|Youtube15 has 15 seconds left.
|
|t:|1785022901
|move|p2a: Kingambit|Sucker Punch||[still]
|-fail|p2a: Kingambit
|move|p1b: Talonflame|Will-O-Wisp|p2a: Kingambit
|-status|p2a: Kingambit|brn
|move|p2b: Incineroar|Flare Blitz|p1a: Kingambit
|-supereffective|p1a: Kingambit|1
|-damage|p1a: Kingambit|1/100
|-damage|p2b: Incineroar|61/100|[from] Recoil
|move|p1a: Kingambit|Kowtow Cleave|p2a: Kingambit
|-resisted|p2a: Kingambit|1
|-damage|p2a: Kingambit|33/100 brn
|
|-weather|Snowscape|[upkeep]
|-damage|p2a: Kingambit|27/100 brn|[from] brn
|-start|p1a: Kingambit|perish1
|upkeep
|turn|4
|inactive|DumbDerek has 30 seconds left.
|inactive|DumbDerek has 20 seconds left.
|inactive|DumbDerek has 15 seconds left.
|inactive|DumbDerek has 10 seconds left.
|inactive|DumbDerek has 5 seconds left.
|
|t:|1785022952
|move|p1b: Talonflame|Brave Bird|p2b: Incineroar
|-damage|p2b: Incineroar|4/100
|-damage|p1b: Talonflame|78/100|[from] Recoil
|move|p1a: Kingambit|Sucker Punch||[still]
|-fail|p1a: Kingambit
|move|p2b: Incineroar|Flare Blitz|p1a: Kingambit
|-supereffective|p1a: Kingambit|1
|-damage|p1a: Kingambit|0 fnt
|faint|p1a: Kingambit
|-damage|p2b: Incineroar|4/100|[from] Recoil
|move|p2a: Kingambit|Swords Dance|p2a: Kingambit
|-boost|p2a: Kingambit|atk|2
|
|-weather|Snowscape|[upkeep]
|-damage|p2a: Kingambit|21/100 brn|[from] brn
|upkeep
|
|t:|1785022961
|switch|p1a: Rotom|Rotom-Wash, L50|100/100
|turn|5
|inactive|Youtube15 has 30 seconds left.
|inactive|Youtube15 has 20 seconds left.
|inactive|Youtube15 has 15 seconds left.
|inactive|Youtube15 has 10 seconds left.
|inactive|Youtube15 has 5 seconds left.
|
|t:|1785023016
|move|p2a: Kingambit|Sucker Punch|p1a: Rotom
|-damage|p1a: Rotom|16/100
|move|p1a: Rotom|Thunderbolt|p2a: Kingambit
|-damage|p2a: Kingambit|0 fnt
|faint|p2a: Kingambit
|move|p1b: Talonflame|Brave Bird|p2b: Incineroar
|-damage|p2b: Incineroar|0 fnt
|faint|p2b: Incineroar
|-damage|p1b: Talonflame|77/100|[from] Recoil
|
|win|DumbDerek
