|j|☆NerdConsultant
|j|☆NathanaelW19
|html|NerdConsultantNathanaelW19    
|uhtml|bestof|Game 1 of a best-of-3
|t:|1782595096
|gametype|doubles
|player|p1|NerdConsultant|roxie|1177
|player|p2|NathanaelW19|dragontamer|1099
|gen|9
|tier|[Gen 9 Champions] VGC 2026 Reg M-B (Bo3)
|rated|
|rule|Species Clause: Limit one of each Pokémon
|rule|Item Clause: Limit 1 of each item
|clearpoke
|poke|p1|Raichu, L50, M|
|poke|p1|Sinistcha, L50|
|poke|p1|Incineroar, L50, F, shiny|
|poke|p1|Milotic, L50, M|
|poke|p1|Ceruledge, L50, M|
|poke|p1|Mawile, L50, M|
|poke|p2|Dragalge, L50, M, shiny|
|poke|p2|Sinistcha-Masterpiece, L50, shiny|
|poke|p2|Incineroar, L50, F, shiny|
|poke|p2|Grimmsnarl, L50, M, shiny|
|poke|p2|Staraptor, L50, M, shiny|
|poke|p2|Garchomp, L50, M, shiny|
|teampreview|4
|showteam|p1|Raichu||RaichuniteY|LightningRod|Protect,ZapCannon,FocusBlast,FakeOut|Timid||M|||50|]Sinistcha||KasibBerry|Hospitality|Protect,MatchaGotcha,LifeDew,RagePowder|Relaxed|||||50|]Incineroar||SitrusBerry|Intimidate|FlareBlitz,ThroatChop,FakeOut,PartingShot|Impish||F|||50|]Milotic||Leftovers|Competitive|MuddyWater,Coil,Hypnosis,Protect|Calm||M|||50|]Ceruledge||ColburBerry|FlashFire|BitterBlade,ShadowSneak,BulkUp,Protect|Adamant||M|||50|]Mawile||Mawilite|HyperCutter|Protect,PlayRough,SuckerPunch,SwordsDance|Adamant||M|||50|
|showteam|p2|Dragalge||Dragalgite|Adaptability|DracoMeteor,SludgeBomb,Haze,Protect|Quiet||M|||50|]Sinistcha-Masterpiece||CobaBerry|Hospitality|RagePowder,MatchaGotcha,TrickRoom,Protect|Relaxed|||||50|]Incineroar||ChopleBerry|Intimidate|FakeOut,DarkestLariat,FlareBlitz,PartingShot|Impish||F|||50|]Grimmsnarl||LightClay|Prankster|Reflect,LightScreen,PartingShot,SpiritBreak|Impish||M|||50|]Staraptor||Staraptite|Intimidate|CloseCombat,BraveBird,Roost,Protect|Jolly||M|||50|]Garchomp||LifeOrb|RoughSkin|Earthquake,RockSlide,StompingTantrum,Protect|Jolly||M|||50|
|inactive|Battle timer is ON: inactive players will automatically lose when time's up. (requested by NathanaelW19)
|c|☆NathanaelW19|Glhf
|c|☆NerdConsultant|glhf
|inactive|NathanaelW19 has 60 seconds left.
|inactive|NathanaelW19 has 30 seconds left.
|
|t:|1782595164
|teamsize|p1|4
|teamsize|p2|4
|start
|switch|p1a: Milotic|Milotic, L50, M|100/100
|switch|p1b: Incineroar|Incineroar, L50, F, shiny|100/100
|switch|p2a: Incineroar|Incineroar, L50, F, shiny|100/100
|switch|p2b: Garchomp|Garchomp, L50, M, shiny|100/100
|-ability|p2a: Incineroar|Intimidate|boost
|-unboost|p1a: Milotic|atk|1
|-ability|p1a: Milotic|Competitive|boost
|-boost|p1a: Milotic|spa|2
|-unboost|p1b: Incineroar|atk|1
|-ability|p1b: Incineroar|Intimidate|boost
|-unboost|p2a: Incineroar|atk|1
|-unboost|p2b: Garchomp|atk|1
|turn|1
|
|t:|1782595180
|switch|p2b: Dragalge|Dragalge, L50, M, shiny|100/100
|move|p2a: Incineroar|Fake Out|p1a: Milotic
|-damage|p1a: Milotic|93/100
|move|p1b: Incineroar|Fake Out|p2b: Dragalge
|-damage|p2b: Dragalge|91/100
|cant|p1a: Milotic|flinch
|
|-heal|p1a: Milotic|99/100|[from] item: Leftovers
|upkeep
|turn|2
|
|t:|1782595193
|move|p1a: Milotic|Coil|p1a: Milotic
|-boost|p1a: Milotic|atk|1
|-boost|p1a: Milotic|def|1
|-boost|p1a: Milotic|accuracy|1
|move|p2a: Incineroar|Parting Shot|p1b: Incineroar
|-unboost|p1b: Incineroar|atk|1
|-unboost|p1b: Incineroar|spa|1
|
|t:|1782595201
|switch|p2a: Garchomp|Garchomp, L50, M, shiny|100/100|[from] Parting Shot
|move|p1b: Incineroar|Parting Shot|p2b: Dragalge
|-unboost|p2b: Dragalge|atk|1
|-unboost|p2b: Dragalge|spa|1
|
|t:|1782595207
|switch|p1b: Ceruledge|Ceruledge, L50, M|100/100|[from] Parting Shot
|move|p2b: Dragalge|Haze|p2b: Dragalge
|-clearallboost
|
|-heal|p1a: Milotic|100/100|[from] item: Leftovers
|upkeep
|turn|3
|
|t:|1782595217
|switch|p1b: Incineroar|Incineroar, L50, F, shiny|100/100
|-ability|p1b: Incineroar|Intimidate|boost
|-unboost|p2a: Garchomp|atk|1
|-unboost|p2b: Dragalge|atk|1
|move|p2a: Garchomp|Stomping Tantrum|p1b: Incineroar
|-supereffective|p1b: Incineroar|1
|-damage|p1b: Incineroar|48/100
|-enditem|p1b: Incineroar|Sitrus Berry|[eat]
|-heal|p1b: Incineroar|73/100|[from] item: Sitrus Berry
|-damage|p2a: Garchomp|90/100|[from] item: Life Orb
|move|p1a: Milotic|Coil|p1a: Milotic
|-boost|p1a: Milotic|atk|1
|-boost|p1a: Milotic|def|1
|-boost|p1a: Milotic|accuracy|1
|move|p2b: Dragalge|Draco Meteor|p1a: Milotic
|-damage|p1a: Milotic|46/100
|-unboost|p2b: Dragalge|spa|2
|
|-heal|p1a: Milotic|52/100|[from] item: Leftovers
|upkeep
|turn|4
|
|t:|1782595238
|move|p2b: Dragalge|Protect|p2b: Dragalge
|-singleturn|p2b: Dragalge|Protect
|move|p1b: Incineroar|Fake Out|p2b: Dragalge
|-activate|p2b: Dragalge|move: Protect
|move|p2a: Garchomp|Earthquake|p1b: Incineroar|[spread] p1a,p1b
|-activate|p2b: Dragalge|move: Protect
|-supereffective|p1b: Incineroar|1
|-damage|p1a: Milotic|35/100
|-damage|p1b: Incineroar|26/100
|-damage|p2a: Garchomp|80/100|[from] item: Life Orb
|move|p1a: Milotic|Coil|p1a: Milotic
|-boost|p1a: Milotic|atk|1
|-boost|p1a: Milotic|def|1
|-boost|p1a: Milotic|accuracy|1
|
|-heal|p1a: Milotic|41/100|[from] item: Leftovers
|upkeep
|turn|5
|
|t:|1782595259
|switch|p2b: Staraptor|Staraptor, L50, M, shiny|100/100
|-ability|p2b: Staraptor|Intimidate|boost
|-unboost|p1a: Milotic|atk|1
|-ability|p1a: Milotic|Competitive|boost
|-boost|p1a: Milotic|spa|2
|-unboost|p1b: Incineroar|atk|1
|move|p2a: Garchomp|Earthquake|p1b: Incineroar|[spread] p1a,p1b
|-immune|p2b: Staraptor
|-supereffective|p1b: Incineroar|1
|-damage|p1a: Milotic|25/100
|-damage|p1b: Incineroar|0 fnt
|faint|p1b: Incineroar
|-damage|p2a: Garchomp|70/100|[from] item: Life Orb
|move|p1a: Milotic|Hypnosis|p2b: Staraptor
|-status|p2b: Staraptor|slp|[from] move: Hypnosis
|
|-heal|p1a: Milotic|31/100|[from] item: Leftovers
|upkeep
|
|t:|1782595281
|switch|p1b: Raichu|Raichu, L50, M|100/100
|turn|6
|
|t:|1782595294
|switch|p2a: Dragalge|Dragalge, L50, M, shiny|91/100
|move|p1b: Raichu|Fake Out|p2a: Dragalge
|-damage|p2a: Dragalge|82/100
|cant|p2b: Staraptor|slp
|move|p1a: Milotic|Hypnosis|p2a: Dragalge
|-status|p2a: Dragalge|slp|[from] move: Hypnosis
|
|-heal|p1a: Milotic|37/100|[from] item: Leftovers
|upkeep
|turn|7
|
|t:|1782595310
|detailschange|p1b: Raichu|Raichu-Mega-Y, L50, M
|-mega|p1b: Raichu|Raichu|Raichunite Y
|-curestatus|p2b: Staraptor|slp|[msg]
|move|p2b: Staraptor|Protect|p2b: Staraptor
|-singleturn|p2b: Staraptor|Protect
|move|p1b: Raichu|Zap Cannon|p2b: Staraptor
|-activate|p2b: Staraptor|move: Protect
|move|p1a: Milotic|Muddy Water|p2b: Staraptor|[spread] p2a
|-activate|p2b: Staraptor|move: Protect
|-resisted|p2a: Dragalge|1
|-damage|p2a: Dragalge|63/100 slp
|-unboost|p2a: Dragalge|accuracy|1
|cant|p2a: Dragalge|slp
|
|-heal|p1a: Milotic|43/100|[from] item: Leftovers
|upkeep
|turn|8
|inactive|NathanaelW19 has 30 seconds left.
|inactive|NathanaelW19 has 20 seconds left.
|
|t:|1782595346
|move|p1b: Raichu|Zap Cannon|p2b: Staraptor
|-supereffective|p2b: Staraptor|1
|-damage|p2b: Staraptor|0 fnt
|faint|p2b: Staraptor
|move|p1a: Milotic|Muddy Water|p2a: Dragalge
|-resisted|p2a: Dragalge|1
|-crit|p2a: Dragalge
|-damage|p2a: Dragalge|23/100 slp
|cant|p2a: Dragalge|slp
|
|-heal|p1a: Milotic|49/100|[from] item: Leftovers
|upkeep
|
|t:|1782595357
|switch|p2b: Incineroar|Incineroar, L50, F, shiny|100/100
|-ability|p2b: Incineroar|Intimidate|boost
|-unboost|p1a: Milotic|atk|1
|-ability|p1a: Milotic|Competitive|boost
|-boost|p1a: Milotic|spa|2
|-unboost|p1b: Raichu|atk|1
|turn|9
|
|t:|1782595373
|switch|p2a: Garchomp|Garchomp, L50, M, shiny|70/100
|move|p2b: Incineroar|Fake Out|p1a: Milotic
|-damage|p1a: Milotic|44/100
|move|p1b: Raichu|Focus Blast|p2a: Garchomp
|-damage|p2a: Garchomp|23/100
|cant|p1a: Milotic|flinch
|
|-heal|p1a: Milotic|50/100g|[from] item: Leftovers
|upkeep
|turn|10
|inactive|NathanaelW19 has 30 seconds left.
|
|t:|1782595398
|switch|p2a: Dragalge|Dragalge, L50, M, shiny|23/100 slp
|move|p1b: Raichu|Focus Blast|p2a: Dragalge
|-resisted|p2a: Dragalge|1
|-damage|p2a: Dragalge|3/100 slp
|move|p1a: Milotic|Muddy Water|p2a: Dragalge|[spread] p2a,p2b
|-resisted|p2a: Dragalge|1
|-supereffective|p2b: Incineroar|1
|-damage|p2a: Dragalge|0 fnt
|-damage|p2b: Incineroar|0 fnt
|faint|p2a: Dragalge
|faint|p2b: Incineroar
|
|-heal|p1a: Milotic|56/100|[from] item: Leftovers
|upkeep
|
|t:|1782595400
|switch|p2b: Garchomp|Garchomp, L50, M, shiny|23/100
|turn|11
|
|t:|1782595413
|move|p1b: Raichu|Focus Blast|p2b: Garchomp
|-damage|p2b: Garchomp|0 fnt
|faint|p2b: Garchomp
|
|win|NerdConsultant
||NerdConsultant is ready for game 2.
||NathanaelW19 is ready for game 2.
|uhtml|next|Next: Game 2 of 3
