|j|☆pantalonesHat
|j|☆kris778
|html|pantalonesHatkris778    
|uhtml|bestof|Game 2 of a best-of-3
|t:|1757736546
|gametype|doubles
|player|p1|pantalonesHat|swimmer-gen4dp|1036
|player|p2|kris778|ethan|1128
|gen|9
|tier|[Gen 9] VGC 2025 Reg H (Bo3)
|rated|
|rule|Species Clause: Limit one of each Pokémon
|rule|Item Clause: Limit 1 of each item
|clearpoke
|poke|p1|Archaludon, L50, F|
|poke|p1|Gholdengo, L50|
|poke|p1|Incineroar, L50, M|
|poke|p1|Overqwil, L50, M|
|poke|p1|Pelipper, L50, M|
|poke|p1|Amoonguss, L50, M|
|poke|p2|Maushold, L50|
|poke|p2|Annihilape, L50, F|
|poke|p2|Sinistcha, L50|
|poke|p2|Pelipper, L50, F|
|poke|p2|Archaludon, L50, F|
|poke|p2|Grimmsnarl, L50, M|
|teampreview|4
|showteam|p1|Archaludon||AssaultVest|Stamina|BodyPress,DragonPulse,ElectroShot,FlashCannon|||F|||50|,,,,,Steel]Gholdengo||LifeOrb|GoodasGold|MakeItRain,ShadowBall,NastyPlot,Protect||||||50|,,,,,Water]Incineroar||SafetyGoggles|Intimidate|KnockOff,Taunt,PartingShot,FakeOut|||M|||50|,,,,,Fire]Overqwil||ClearAmulet|SwiftSwim|GunkShot,SwordsDance,Liquidation,Protect|||M|||50|,,,,,Water]Pelipper||CovertCloak|Drizzle|WeatherBall,Hurricane,Protect,Tailwind|||M|||50|,,,,,Ground]Amoonguss||MentalHerb|Regenerator|Spore,RagePowder,Protect,ClearSmog|||M|||50|,,,,,Water
|showteam|p2|Maushold||SafetyGoggles|FriendGuard|BeatUp,Taunt,FollowMe,Protect||||||50|,,,,,Ghost]Annihilape||Leftovers|Defiant|RageFist,DrainPunch,BulkUp,Protect|||F|||50|,,,,,Water]Sinistcha||RockyHelmet|Hospitality|MatchaGotcha,LifeDew,TrickRoom,RagePowder||||||50|,,,,,Dark]Pelipper||FocusSash|Drizzle|WeatherBall,Hurricane,WideGuard,Protect|||F|||50|,,,,,Stellar]Archaludon||AssaultVest|Stamina|ElectroShot,DracoMeteor,BodyPress,FlashCannon|||F|||50|,,,,,Grass]Grimmsnarl||LightClay|Prankster|Reflect,LightScreen,ThunderWave,SpiritBreak|||M|||50|,,,,,Ghost
|inactive|Battle timer is ON: inactive players will automatically lose when time's up. (requested by pantalonesHat)
|
|t:|1757736570
|teamsize|p1|4
|teamsize|p2|4
|start
|switch|p1a: Pelipper|Pelipper, L50, M|100/100
|switch|p1b: Amoonguss|Amoonguss, L50, M, shiny|100/100
|switch|p2a: Annihilape|Annihilape, L50, F|100/100
|switch|p2b: Maushold|Maushold, L50|100/100
|-weather|RainDance|[from] ability: Drizzle|[of] p1a: Pelipper
|turn|1
|
|t:|1757736593
|-terastallize|p2a: Annihilape|Water
|move|p1a: Pelipper|Protect|p1a: Pelipper
|-singleturn|p1a: Pelipper|Protect
|move|p2b: Maushold|Taunt|p1b: Amoonguss
|-start|p1b: Amoonguss|move: Taunt
|-enditem|p1b: Amoonguss|Mental Herb
|-end|p1b: Amoonguss|move: Taunt
|move|p2a: Annihilape|Bulk Up|p2a: Annihilape
|-boost|p2a: Annihilape|atk|1
|-boost|p2a: Annihilape|def|1
|move|p1b: Amoonguss|Spore|p2a: Annihilape
|-status|p2a: Annihilape|slp|[from] move: Spore
|
|-weather|RainDance|[upkeep]
|upkeep
|turn|2
|
|t:|1757736615
|switch|p1a: Archaludon|Archaludon, L50, F|100/100
|move|p2b: Maushold|Taunt|p1a: Archaludon
|-start|p1a: Archaludon|move: Taunt
|cant|p2a: Annihilape|slp
|move|p1b: Amoonguss|Clear Smog|p2a: Annihilape
|-damage|p2a: Annihilape|90/100 slp
|-clearboost|p2a: Annihilape
|
|-weather|RainDance|[upkeep]
|-heal|p2a: Annihilape|96/100 slp|[from] item: Leftovers
|upkeep
|turn|3
|inactive|kris778 has 30 seconds left.
|inactive|kris778 has 20 seconds left.
|inactive|kris778 has 15 seconds left.
|inactive|kris778 has 10 seconds left.
|j| TorukVGC
|
|t:|1757736664
|move|p1b: Amoonguss|Rage Powder|p1b: Amoonguss
|-singleturn|p1b: Amoonguss|move: Rage Powder
|move|p2b: Maushold|Beat Up|p2a: Annihilape
|-damage|p2a: Annihilape|94/100 slp
|-damage|p2a: Annihilape|92/100 slp
|-damage|p2a: Annihilape|90/100 slp
|-hitcount|p2a: Annihilape|3
|cant|p2a: Annihilape|slp
|move|p1a: Archaludon|Electro Shot||[still]
|-prepare|p1a: Archaludon|Electro Shot
|-boost|p1a: Archaludon|spa|1
|-anim|p1a: Archaludon|Electro Shot|p2a: Annihilape
|-supereffective|p2a: Annihilape
|-damage|p2a: Annihilape|20/100 slp
|
|-weather|RainDance|[upkeep]
|-heal|p2a: Annihilape|26/100 slp|[from] item: Leftovers
|upkeep
|turn|4
|
|t:|1757736683
|move|p2b: Maushold|Follow Me|p2b: Maushold
|-singleturn|p2b: Maushold|move: Follow Me
|move|p1b: Amoonguss|Rage Powder|p1b: Amoonguss
|-singleturn|p1b: Amoonguss|move: Rage Powder
|cant|p2a: Annihilape|slp
|move|p1a: Archaludon|Electro Shot||[still]
|-prepare|p1a: Archaludon|Electro Shot
|-boost|p1a: Archaludon|spa|1
|-anim|p1a: Archaludon|Electro Shot|p2b: Maushold
|-damage|p2b: Maushold|17/100
|
|-weather|RainDance|[upkeep]
|-heal|p2a: Annihilape|33/100 slp|[from] item: Leftovers
|-end|p1a: Archaludon|move: Taunt
|upkeep
|turn|5
|
|t:|1757736702
|-curestatus|p2a: Annihilape|slp|[msg]
|move|p2a: Annihilape|Protect|p2a: Annihilape
|-singleturn|p2a: Annihilape|Protect
|move|p1b: Amoonguss|Rage Powder|p1b: Amoonguss
|-singleturn|p1b: Amoonguss|move: Rage Powder
|move|p2b: Maushold|Taunt|p1b: Amoonguss
|-start|p1b: Amoonguss|move: Taunt
|move|p1a: Archaludon|Electro Shot||[still]
|-prepare|p1a: Archaludon|Electro Shot
|-boost|p1a: Archaludon|spa|1
|-anim|p1a: Archaludon|Electro Shot|p2a: Annihilape
|-activate|p2a: Annihilape|move: Protect
|
|-weather|none
|-heal|p2a: Annihilape|39/100|[from] item: Leftovers
|upkeep
|turn|6
|inactive|pantalonesHat has 30 seconds left.
|inactive|pantalonesHat has 20 seconds left.
|inactive|pantalonesHat has 15 seconds left.
|
|t:|1757736744
|switch|p1b: Pelipper|Pelipper, L50, M|100/100
|-weather|RainDance|[from] ability: Drizzle|[of] p1b: Pelipper
|move|p2b: Maushold|Beat Up|p2a: Annihilape
|-damage|p2a: Annihilape|37/100
|-damage|p2a: Annihilape|35/100
|-damage|p2a: Annihilape|33/100
|-damage|p2a: Annihilape|31/100
|-hitcount|p2a: Annihilape|4
|move|p2a: Annihilape|Rage Fist|p1a: Archaludon
|-damage|p1a: Archaludon|0 fnt
|faint|p1a: Archaludon
|
|-weather|RainDance|[upkeep]
|-heal|p2a: Annihilape|37/100|[from] item: Leftovers
|upkeep
|
|t:|1757736760
|switch|p1a: Overqwil|Overqwil, L50, M, shiny|100/100
|turn|7
|
|t:|1757736774
|switch|p2b: Sinistcha|Sinistcha, L50|100/100
|-heal|p2a: Annihilape|62/100|[from] ability: Hospitality|[of] p2b: Sinistcha
|move|p2a: Annihilape|Protect|p2a: Annihilape
|-singleturn|p2a: Annihilape|Protect
|move|p1a: Overqwil|Gunk Shot|p2a: Annihilape
|-activate|p2a: Annihilape|move: Protect
|move|p1b: Pelipper|Tailwind|p1b: Pelipper
|-sidestart|p1: pantalonesHat|move: Tailwind
|
|-weather|RainDance|[upkeep]
|-heal|p2a: Annihilape|68/100|[from] item: Leftovers
|upkeep
|turn|8
|inactive|kris778 has 30 seconds left.
|inactive|kris778 has 20 seconds left.
|inactive|kris778 has 15 seconds left.
|
|t:|1757736818
|move|p2b: Sinistcha|Rage Powder|p2b: Sinistcha
|-singleturn|p2b: Sinistcha|move: Rage Powder
|move|p1a: Overqwil|Gunk Shot|p2b: Sinistcha
|-damage|p2b: Sinistcha|57/100
|move|p1b: Pelipper|Hurricane|p2b: Sinistcha
|-supereffective|p2b: Sinistcha
|-damage|p2b: Sinistcha|0 fnt
|faint|p2b: Sinistcha
|move|p2a: Annihilape|Rage Fist|p1a: Overqwil
|-resisted|p1a: Overqwil
|-damage|p1a: Overqwil|26/100
|
|-weather|RainDance|[upkeep]
|-heal|p2a: Annihilape|75/100|[from] item: Leftovers
|upkeep
|
|t:|1757736837
|switch|p2b: Grimmsnarl|Grimmsnarl, L50, M|100/100
|turn|9
|
|t:|1757736851
|switch|p1a: Amoonguss|Amoonguss, L50, M, shiny|100/100
|move|p1b: Pelipper|Protect|p1b: Pelipper
|-singleturn|p1b: Pelipper|Protect
|move|p2a: Annihilape|Protect|p2a: Annihilape
|-singleturn|p2a: Annihilape|Protect
|move|p2b: Grimmsnarl|Reflect|p2b: Grimmsnarl
|-sidestart|p2: kris778|Reflect
|
|-weather|RainDance|[upkeep]
|-heal|p2a: Annihilape|81/100|[from] item: Leftovers
|upkeep
|turn|10
|
|t:|1757736873
|move|p2b: Grimmsnarl|Light Screen|p2b: Grimmsnarl
|-sidestart|p2: kris778|move: Light Screen
|move|p1b: Pelipper|Hurricane|p2a: Annihilape
|-damage|p2a: Annihilape|58/100
|move|p2a: Annihilape|Rage Fist|p1a: Amoonguss
|-damage|p1a: Amoonguss|0 fnt
|faint|p1a: Amoonguss
|
|-weather|none
|-heal|p2a: Annihilape|64/100|[from] item: Leftovers
|-sideend|p1: pantalonesHat|move: Tailwind
|upkeep
|
|t:|1757736883
|switch|p1a: Overqwil|Overqwil, L50, M, shiny|26/100
|turn|11
|inactive|pantalonesHat has 30 seconds left.
|
|t:|1757736909
|move|p2b: Grimmsnarl|Thunder Wave|p1b: Pelipper
|-status|p1b: Pelipper|par
|move|p2a: Annihilape|Rage Fist|p1a: Overqwil
|-resisted|p1a: Overqwil
|-damage|p1a: Overqwil|0 fnt
|faint|p1a: Overqwil
|move|p1b: Pelipper|Tailwind|p1b: Pelipper
|-sidestart|p1: pantalonesHat|move: Tailwind
|
|-heal|p2a: Annihilape|71/100|[from] item: Leftovers
|upkeep
|turn|12
|
|t:|1757736924
|move|p2a: Annihilape|Rage Fist|p1b: Pelipper
|-damage|p1b: Pelipper|0 fnt
|faint|p1b: Pelipper
|
|win|kris778
|raw|pantalonesHat's rating: 1036 → 1025(-11 for losing)
|raw|kris778's rating: 1128 → 1147(+19 for winning)
|l|☆kris778
|player|p2|
|l|☆pantalonesHat
|player|p1|
