|j|☆celaerity
|j|☆Adriatic Tides
|html|celaerityAdriatic Tides    
|uhtml|bestof|Game 1 of a best-of-3
|t:|1757791771
|gametype|doubles
|player|p1|celaerity|mars|1184
|player|p2|Adriatic Tides|leon|1031
|gen|9
|tier|[Gen 9] VGC 2025 Reg H (Bo3)
|rated|
|rule|Species Clause: Limit one of each Pokémon
|rule|Item Clause: Limit 1 of each item
|clearpoke
|poke|p1|Ninetales-Alola, L50, M|
|poke|p1|Ursaluna-Bloodmoon, L50, M|
|poke|p1|Maushold-Four, L50|
|poke|p1|Annihilape, L50, F|
|poke|p1|Klefki, L50, F|
|poke|p1|Sinistcha-Masterpiece, L50|
|poke|p2|Pelipper, L50, M|
|poke|p2|Archaludon, L50, M|
|poke|p2|Basculegion, L50, M|
|poke|p2|Amoonguss, L50, F|
|poke|p2|Sneasler, L50, F|
|poke|p2|Indeedee-F, L50, F|
|teampreview|4
|showteam|p1|Ninetales-Alola||FocusSash|SnowWarning|Blizzard,FreezeDry,Encore,Protect|||M|||50|,,,,,Ghost]Ursaluna-Bloodmoon||AssaultVest|MindsEye|BloodMoon,EarthPower,HyperVoice,VacuumWave|||M|||50|,,,,,Water]Maushold-Four||SafetyGoggles|FriendGuard|BeatUp,Taunt,FollowMe,Protect||||||50|,,,,,Ghost]Annihilape||Leftovers|Defiant|DrainPunch,RageFist,BulkUp,Protect|||F|||50|,,,,,Fire]Klefki||LightClay|Prankster|DazzlingGleam,Reflect,LightScreen,MistyTerrain|||F|||50|,,,,,Ghost]Sinistcha-Masterpiece||SitrusBerry|Hospitality|MatchaGotcha,RagePowder,LifeDew,TrickRoom||||||50|,,,,,Water
|showteam|p2|Pelipper||FocusSash|Drizzle|Tailwind,WeatherBall,Protect,Hurricane|||M|||50|,,,,,Grass]Archaludon||AssaultVest|Stamina|ElectroShot,BodyPress,FlashCannon,DracoMeteor|||M|||50|,,,,,Electric]Basculegion||ChoiceBand|SwiftSwim|LastRespects,WaveCrash,FlipTurn,AquaJet|||M|||50|,,,,,Ghost]Amoonguss||SitrusBerry|Regenerator|PollenPuff,Spore,RagePowder,ClearSmog|||F|||50|,,,,,Water]Sneasler||PsychicSeed|Unburden|ThroatChop,DireClaw,Protect,CloseCombat|||F|||50|,,,,,Dark]Indeedee-F||SafetyGoggles|PsychicSurge|FollowMe,TrickRoom,Psychic,HelpingHand|||F|||50|,,,,,Fairy
|inactive|Battle timer is ON: inactive players will automatically lose when time's up. (requested by Adriatic Tides)
|j| sam smithy
|
|t:|1757791860
|teamsize|p1|4
|teamsize|p2|4
|start
|switch|p1a: Maushold|Maushold-Four, L50|100/100
|switch|p1b: Annihilape|Annihilape, L50, F|100/100
|switch|p2a: Sneasler|Sneasler, L50, F|100/100
|switch|p2b: Indeedee|Indeedee-F, L50, F|100/100
|-fieldstart|move: Psychic Terrain|[from] ability: Psychic Surge|[of] p2b: Indeedee
|-enditem|p2a: Sneasler|Psychic Seed
|-boost|p2a: Sneasler|spd|1|[from] item: Psychic Seed
|turn|1
|inactive|celaerity has 30 seconds left.
|inactive|Adriatic Tides has 30 seconds left.
|
|t:|1757791891
|move|p1a: Maushold|Follow Me|p1a: Maushold
|-singleturn|p1a: Maushold|move: Follow Me
|move|p2a: Sneasler|Dire Claw|p1a: Maushold
|-damage|p1a: Maushold|49/100
|-status|p1a: Maushold|slp
|move|p1b: Annihilape|Bulk Up|p1b: Annihilape
|-boost|p1b: Annihilape|atk|1
|-boost|p1b: Annihilape|def|1
|move|p2b: Indeedee|Psychic|p1a: Maushold
|-damage|p1a: Maushold|8/100 slp
|
|upkeep
|turn|2
|
|t:|1757791908
|switch|p1a: Klefki|Klefki, L50, F|100/100
|move|p1b: Annihilape|Protect|p1b: Annihilape
|-singleturn|p1b: Annihilape|Protect
|move|p2a: Sneasler|Dire Claw|p1b: Annihilape
|-activate|p1b: Annihilape|move: Protect
|move|p2b: Indeedee|Psychic|p1b: Annihilape
|-activate|p1b: Annihilape|move: Protect
|
|upkeep
|turn|3
|
|t:|1757791924
|switch|p2a: Pelipper|Pelipper, L50, M|100/100
|-weather|RainDance|[from] ability: Drizzle|[of] p2a: Pelipper
|-terastallize|p1b: Annihilape|Fire
|move|p1a: Klefki|Misty Terrain|p1a: Klefki
|-fieldstart|move: Misty Terrain
|move|p1b: Annihilape|Rage Fist|p2a: Pelipper
|-damage|p2a: Pelipper|58/100
|move|p2b: Indeedee|Psychic|p1b: Annihilape
|-damage|p1b: Annihilape|72/100
|
|-weather|RainDance|[upkeep]
|-heal|p1b: Annihilape|78/100|[from] item: Leftovers
|upkeep
|turn|4
|
|t:|1757791941
|move|p1b: Annihilape|Protect|p1b: Annihilape
|-singleturn|p1b: Annihilape|Protect
|move|p2b: Indeedee|Follow Me|p2b: Indeedee
|-singleturn|p2b: Indeedee|move: Follow Me
|move|p1a: Klefki|Light Screen|p1a: Klefki
|-sidestart|p1: celaerity|move: Light Screen
|move|p2a: Pelipper|Weather Ball|p1a: Klefki
|-damage|p1a: Klefki|58/100
|
|-weather|RainDance|[upkeep]
|-heal|p1b: Annihilape|84/100|[from] item: Leftovers
|upkeep
|turn|5
|
|t:|1757791960
|switch|p1a: Maushold|Maushold-Four, L50|8/100 slp
|move|p2b: Indeedee|Helping Hand|p2a: Pelipper
|-singleturn|p2a: Pelipper|Helping Hand|[of] p2b: Indeedee
|move|p1b: Annihilape|Drain Punch|p2b: Indeedee
|-damage|p2b: Indeedee|46/100
|-heal|p1b: Annihilape|100/100|[from] drain|[of] p2b: Indeedee
|move|p2a: Pelipper|Weather Ball|p1b: Annihilape
|-supereffective|p1b: Annihilape
|-damage|p1b: Annihilape|17/100
|
|-weather|RainDance|[upkeep]
|-heal|p1b: Annihilape|23/100|[from] item: Leftovers
|upkeep
|turn|6
|
|t:|1757791980
|switch|p1a: Sinistcha|Sinistcha-Masterpiece, L50|100/100
|-heal|p1b: Annihilape|48/100|[from] ability: Hospitality|[of] p1a: Sinistcha
|move|p1b: Annihilape|Protect|p1b: Annihilape
|-singleturn|p1b: Annihilape|Protect
|move|p2b: Indeedee|Follow Me|p2b: Indeedee
|-singleturn|p2b: Indeedee|move: Follow Me
|move|p2a: Pelipper|Tailwind|p2a: Pelipper
|-sidestart|p2: Adriatic Tides|move: Tailwind
|
|-weather|RainDance|[upkeep]
|-heal|p1b: Annihilape|54/100|[from] item: Leftovers
|upkeep
|turn|7
|
|t:|1757792001
|switch|p1b: Maushold|Maushold-Four, L50|8/100 slp
|move|p2b: Indeedee|Helping Hand|p2a: Pelipper
|-singleturn|p2a: Pelipper|Helping Hand|[of] p2b: Indeedee
|move|p2a: Pelipper|Weather Ball|p1b: Maushold
|-damage|p1b: Maushold|0 fnt
|faint|p1b: Maushold
|move|p1a: Sinistcha|Trick Room|p1a: Sinistcha
|-fieldstart|move: Trick Room|[of] p1a: Sinistcha
|
|-weather|none
|-fieldend|Misty Terrain
|upkeep
|
|t:|1757792013
|switch|p1b: Annihilape|Annihilape, L50, F, tera:Fire|54/100
|turn|8
|
|t:|1757792030
|move|p2a: Pelipper|Protect|p2a: Pelipper
|-singleturn|p2a: Pelipper|Protect
|move|p1a: Sinistcha|Matcha Gotcha|p2a: Pelipper|[spread] p2b
|-activate|p2a: Pelipper|move: Protect
|-damage|p2b: Indeedee|26/100
|move|p1b: Annihilape|Drain Punch|p2b: Indeedee
|-damage|p2b: Indeedee|0 fnt
|-heal|p1b: Annihilape|65/100|[from] drain|[of] p2b: Indeedee
|faint|p2b: Indeedee
|
|-heal|p1b: Annihilape|71/100|[from] item: Leftovers
|upkeep
|
|t:|1757792041
|switch|p2b: Sneasler|Sneasler, L50, F|100/100
|turn|9
|
|t:|1757792056
|switch|p2a: Archaludon|Archaludon, L50, M|100/100
|move|p2b: Sneasler|Protect|p2b: Sneasler
|-singleturn|p2b: Sneasler|Protect
|move|p1a: Sinistcha|Matcha Gotcha|p2a: Archaludon|[spread] p2a
|-activate|p2b: Sneasler|move: Protect
|-resisted|p2a: Archaludon
|-damage|p2a: Archaludon|94/100
|-status|p2a: Archaludon|brn
|-ability|p2a: Archaludon|Stamina|boost
|-boost|p2a: Archaludon|def|1
|move|p1b: Annihilape|Rage Fist|p2b: Sneasler
|-activate|p2b: Sneasler|move: Protect
|
|-heal|p1b: Annihilape|77/100|[from] item: Leftovers
|-damage|p2a: Archaludon|88/100 brn|[from] brn
|-sideend|p2: Adriatic Tides|move: Tailwind
|upkeep
|turn|10
|
|t:|1757792080
|switch|p1a: Klefki|Klefki, L50, F|58/100
|switch|p2b: Pelipper|Pelipper, L50, M|58/100
|-weather|RainDance|[from] ability: Drizzle|[of] p2b: Pelipper
|move|p1b: Annihilape|Protect|p1b: Annihilape
|-singleturn|p1b: Annihilape|Protect
|move|p2a: Archaludon|Electro Shot||[still]
|-prepare|p2a: Archaludon|Electro Shot
|-boost|p2a: Archaludon|spa|1
|-anim|p2a: Archaludon|Electro Shot|p1b: Annihilape
|-activate|p1b: Annihilape|move: Protect
|
|-weather|RainDance|[upkeep]
|-heal|p1b: Annihilape|83/100|[from] item: Leftovers
|-damage|p2a: Archaludon|82/100 brn|[from] brn
|upkeep
|turn|11
|inactive|celaerity has 30 seconds left.
|
|t:|1757792112
|switch|p1a: Sinistcha|Sinistcha-Masterpiece, L50|100/100
|-heal|p1b: Annihilape|100/100|[from] ability: Hospitality|[of] p1a: Sinistcha
|-terastallize|p2a: Archaludon|Electric
|move|p2b: Pelipper|Protect|p2b: Pelipper
|-singleturn|p2b: Pelipper|Protect
|move|p2a: Archaludon|Electro Shot||[still]
|-prepare|p2a: Archaludon|Electro Shot
|-boost|p2a: Archaludon|spa|1
|-anim|p2a: Archaludon|Electro Shot|p1a: Sinistcha
|-resisted|p1a: Sinistcha
|-damage|p1a: Sinistcha|55/100
|move|p1b: Annihilape|Rage Fist|p2b: Pelipper
|-activate|p2b: Pelipper|move: Protect
|
|-weather|RainDance|[upkeep]
|-damage|p2a: Archaludon|76/100 brn|[from] brn
|-sideend|p1: celaerity|move: Light Screen
|-fieldend|move: Trick Room
|upkeep
|turn|12
|
|t:|1757792136
|move|p1b: Annihilape|Rage Fist|p2b: Pelipper
|-damage|p2b: Pelipper|0 fnt
|faint|p2b: Pelipper
|move|p2a: Archaludon|Electro Shot||[still]
|-prepare|p2a: Archaludon|Electro Shot
|-boost|p2a: Archaludon|spa|1
|-anim|p2a: Archaludon|Electro Shot|p1a: Sinistcha
|-resisted|p1a: Sinistcha
|-damage|p1a: Sinistcha|0 fnt
|faint|p1a: Sinistcha
|
|-weather|RainDance|[upkeep]
|-damage|p2a: Archaludon|70/100 brn|[from] brn
|upkeep
|
|t:|1757792148
|switch|p2b: Sneasler|Sneasler, L50, F|100/100
|switch|p1a: Klefki|Klefki, L50, F|58/100
|turn|13
|inactive|celaerity has 30 seconds left.
|
|t:|1757792178
|move|p1a: Klefki|Light Screen|p1a: Klefki
|-sidestart|p1: celaerity|move: Light Screen
|move|p2b: Sneasler|Close Combat|p1a: Klefki
|-damage|p1a: Klefki|0 fnt
|-unboost|p2b: Sneasler|def|1
|-unboost|p2b: Sneasler|spd|1
|faint|p1a: Klefki
|move|p1b: Annihilape|Rage Fist|p2a: Archaludon
|-damage|p2a: Archaludon|37/100 brn
|-ability|p2a: Archaludon|Stamina|boost
|-boost|p2a: Archaludon|def|1
|move|p2a: Archaludon|Electro Shot||[still]
|-prepare|p2a: Archaludon|Electro Shot
|-boost|p2a: Archaludon|spa|1
|-anim|p2a: Archaludon|Electro Shot|p1b: Annihilape
|-damage|p1b: Annihilape|0 fnt
|faint|p1b: Annihilape
|
|win|Adriatic Tides
|inactive|celaerity has 30 seconds to confirm battle start!
|inactive|Adriatic Tides has 30 seconds to confirm battle start!
||celaerity is ready for game 2.
||Adriatic Tides is ready for game 2.
|uhtml|next|Next: Game 2 of 3
|l|☆celaerity
|player|p1|
