|j|☆resourcespro
|j|☆ufhednarvgc
|html|resourcesproufhednarvgc    
|uhtml|bestof|Game 2 of a best-of-3
|t:|1785960466
|gametype|doubles
|player|p1|resourcespro|lucas-gen4pt|1101
|player|p2|ufhednarvgc|lance|1107
|gen|9
|tier|[Gen 9 Champions] VGC 2026 Reg M-B (Bo3)
|rated|
|rule|Species Clause: Limit one of each Pokémon
|rule|Item Clause: Limit 1 of each item
|clearpoke
|poke|p1|Annihilape, L50, M|
|poke|p1|Clefable, L50, M|
|poke|p1|Excadrill, L50, M|
|poke|p1|Tyranitar, L50, M|
|poke|p1|Scizor, L50, M|
|poke|p1|Meowscarada, L50, F|
|poke|p2|Arcanine-Hisui, L50, M|
|poke|p2|Kingambit, L50, F|
|poke|p2|Raichu, L50, F|
|poke|p2|Farigiraf, L50, M|
|poke|p2|Sylveon, L50, F|
|poke|p2|Staraptor, L50, F|
|teampreview|4
|showteam|p1|Annihilape|||InnerFocus|BulkUp,Acrobatics,DrainPunch,RageFist|Adamant||M|||50|]Clefable||Clefablite|MagicGuard|FollowMe,Flamethrower,LightScreen,Thunderbolt|Modest||M|||50|]Excadrill||FocusSash|SandRush|Earthquake,RockSlide,SwordsDance,BrickBreak|Adamant||M|||50|]Tyranitar||SmoothRock|SandStream|FireBlast,IceBeam,Thunderbolt,DarkPulse|Modest||M|||50|]Scizor||ExpertBelt|Technician|BulletPunch,BugBite,DualWingbeat,Trailblaze|Adamant||M|||50|]Meowscarada||LifeOrb|Overgrow|Taunt,Protect,FlowerTrick,TripleAxel|Jolly||F|||50|
|showteam|p2|Arcanine-Hisui||FocusSash|RockHead|FlareBlitz,HeadSmash,ExtremeSpeed,Protect|Jolly||M|||50|]Kingambit||LifeOrb|Defiant|KowtowCleave,SuckerPunch,SwordsDance,Protect|Adamant||F|||50|]Raichu||RaichuniteY|LightningRod|ZapCannon,FocusBlast,FakeOut,Protect|Timid||F|||50|]Farigiraf||SitrusBerry|ArmorTail|Psychic,HelpingHand,TrickRoom,Protect|Modest||M|||50|]Sylveon||FairyFeather|Pixilate|HyperVoice,HyperBeam,QuickAttack,Detect|Modest||F|||50|]Staraptor||Staraptite|Intimidate|CloseCombat,DualWingbeat,Roost,Protect|Jolly||F|||50|
|
|t:|1785960490
|teamsize|p1|4
|teamsize|p2|4
|start
|switch|p1a: Excadrill|Excadrill, L50, M|100/100
|switch|p1b: Clefable|Clefable, L50, M|100/100
|switch|p2a: Raichu|Raichu, L50, F|100/100
|switch|p2b: Sylveon|Sylveon, L50, F|100/100
|turn|1
|
|t:|1785960507
|detailschange|p2a: Raichu|Raichu-Mega-Y, L50, F
|-mega|p2a: Raichu|Raichu|Raichunite Y
|detailschange|p1b: Clefable|Clefable-Mega, L50, M
|-mega|p1b: Clefable|Clefable|Clefablite
|move|p2a: Raichu|Fake Out|p1a: Excadrill
|-resisted|p1a: Excadrill|1
|-damage|p1a: Excadrill|94/100
|cant|p1a: Excadrill|flinch
|move|p2b: Sylveon|Hyper Voice|p1a: Excadrill|[spread] p1a,p1b
|-resisted|p1a: Excadrill|1
|-damage|p1a: Excadrill|65/100
|-damage|p1b: Clefable|59/100
|move|p1b: Clefable|Light Screen|p1b: Clefable
|-sidestart|p1: resourcespro|move: Light Screen
|
|upkeep
|turn|2
|
|t:|1785960534
|switch|p1b: Tyranitar|Tyranitar, L50, M|100/100
|-weather|Sandstorm|[from] ability: Sand Stream|[of] p1b: Tyranitar
|move|p1a: Excadrill|Earthquake|p2b: Sylveon|[spread] p1b,p2a,p2b
|-supereffective|p1b: Tyranitar|1
|-supereffective|p2a: Raichu|1
|-damage|p1b: Tyranitar|30/100
|-damage|p2a: Raichu|0 fnt
|-damage|p2b: Sylveon|46/100
|faint|p2a: Raichu
|move|p2b: Sylveon|Hyper Voice|p1b: Tyranitar|[spread] p1a,p1b
|-resisted|p1a: Excadrill|1
|-supereffective|p1b: Tyranitar|1
|-damage|p1a: Excadrill|43/100
|-damage|p1b: Tyranitar|0 fnt
|faint|p1b: Tyranitar
|
|-weather|Sandstorm|[upkeep]
|-damage|p2b: Sylveon|40/100|[from] Sandstorm
|upkeep
|
|t:|1785960548
|switch|p2a: Kingambit|Kingambit, L50, F|100/100
|switch|p1b: Clefable|Clefable-Mega, L50, M|59/100
|turn|3
|
|t:|1785960574
|move|p2b: Sylveon|Detect|p2b: Sylveon
|-singleturn|p2b: Sylveon|Protect
|move|p2a: Kingambit|Sucker Punch||[still]
|-fail|p2a: Kingambit
|move|p1a: Excadrill|Swords Dance|p1a: Excadrill
|-boost|p1a: Excadrill|atk|2
|move|p1b: Clefable|Flamethrower|p2a: Kingambit
|-supereffective|p2a: Kingambit|1
|-damage|p2a: Kingambit|31/100
|
|-weather|Sandstorm|[upkeep]
|-damage|p2b: Sylveon|34/100|[from] Sandstorm
|-damage|p1b: Clefable|53/100|[from] Sandstorm
|upkeep
|turn|4
|inactive|Battle timer is ON: inactive players will automatically lose when time's up. (requested by ufhednarvgc)
|
|t:|1785960609
|move|p2b: Sylveon|Quick Attack|p1a: Excadrill
|-resisted|p1a: Excadrill|1
|-damage|p1a: Excadrill|34/100
|move|p2a: Kingambit|Sucker Punch|p1a: Excadrill
|-damage|p1a: Excadrill|0 fnt
|faint|p1a: Excadrill
|-damage|p2a: Kingambit|21/100|[from] item: Life Orb
|move|p1b: Clefable|Flamethrower|p2a: Kingambit
|-supereffective|p2a: Kingambit|1
|-damage|p2a: Kingambit|0 fnt
|faint|p2a: Kingambit
|
|-weather|Sandstorm|[upkeep]
|-damage|p1b: Clefable|48/100|[from] Sandstorm
|-damage|p2b: Sylveon|28/100|[from] Sandstorm
|upkeep
|
|t:|1785960622
|switch|p1a: Meowscarada|Meowscarada, L50, F|100/100
|switch|p2a: Arcanine|Arcanine-Hisui, L50, M|100/100
|turn|5
|
|t:|1785960643
|move|p1a: Meowscarada|Flower Trick|p2b: Sylveon
|-crit|p2b: Sylveon
|-damage|p2b: Sylveon|0 fnt
|faint|p2b: Sylveon
|-damage|p1a: Meowscarada|90/100|[from] item: Life Orb
|move|p2a: Arcanine|Flare Blitz|p1a: Meowscarada
|-supereffective|p1a: Meowscarada|1
|-damage|p1a: Meowscarada|0 fnt
|faint|p1a: Meowscarada
|move|p1b: Clefable|Thunderbolt|p2a: Arcanine
|-damage|p2a: Arcanine|69/100
|
|-weather|Sandstorm|[upkeep]
|-damage|p1b: Clefable|42/100|[from] Sandstorm
|-sideend|p1: resourcespro|move: Light Screen
|upkeep
|turn|6
|
|t:|1785960658
|move|p2a: Arcanine|Flare Blitz|p1b: Clefable
|-damage|p1b: Clefable|0 fnt
|faint|p1b: Clefable
|
|win|ufhednarvgc
|raw|resourcespro's rating: 1101 → 1076(-25 for losing)
|raw|ufhednarvgc's rating: 1107 → 1132(+25 for winning)
|l|☆resourcespro
|player|p1|
