|j|☆Promesus
|j|☆Fraudette
|html|PromesusFraudette    
|uhtml|bestof|Game 1 of a best-of-3
|t:|1785606877
|gametype|doubles
|player|p1|Promesus|hilbert-wonderlauncher|1374
|player|p2|Fraudette|pokemaniac|1332
|gen|9
|tier|[Gen 9 Champions] VGC 2026 Reg M-B (Bo3)
|rated|
|rule|Species Clause: Limit one of each Pokémon
|rule|Item Clause: Limit 1 of each item
|clearpoke
|poke|p1|Charizard, L50, M, shiny|
|poke|p1|Venusaur, L50, F|
|poke|p1|Grimmsnarl, L50, M|
|poke|p1|Archaludon, L50, M|
|poke|p1|Pelipper, L50, F|
|poke|p1|Basculegion, L50, M, shiny|
|poke|p2|Sneasler, L50, M|
|poke|p2|Kingambit, L50, M, shiny|
|poke|p2|Incineroar, L50, M, shiny|
|poke|p2|Floette-Eternal, L50, F|
|poke|p2|Sinistcha, L50|
|poke|p2|Delphox, L50, F, shiny|
|teampreview|4
|showteam|p1|Charizard||CharizarditeY|Blaze|HeatWave,WeatherBall,SolarBeam,Protect|Modest||M|||50|]Venusaur||FocusSash|Chlorophyll|EarthPower,SludgeBomb,Protect,SleepPowder|Modest||F|||50|]Grimmsnarl||LightClay|Prankster|SpiritBreak,PartingShot,Reflect,LightScreen|Sassy||M|||50|]Archaludon||Leftovers|Stamina|ElectroShot,DragonPulse,FlashCannon,Protect|Calm||M|||50|]Pelipper||SitrusBerry|Drizzle|WeatherBall,Hurricane,Tailwind,WideGuard|Bold||F|||50|]Basculegion||ChoiceScarf|Adaptability|FlipTurn,WaveCrash,AquaJet,LastRespects|Adamant||M|||50|
|showteam|p2|Sneasler||FocusSash|PoisonTouch|QuickGuard,FakeOut,CloseCombat,DireClaw|Jolly||M|||50|]Kingambit||BlackGlasses|Defiant|Protect,SwordsDance,SuckerPunch,KowtowCleave|Adamant||M|||50|]Incineroar||SitrusBerry|Intimidate|FakeOut,ThroatChop,FlareBlitz,PartingShot|Impish||M|||50|]Floette-Eternal||Floettite|FlowerVeil|Protect,CalmMind,DrainingKiss,DazzlingGleam|Modest||F|||50|]Sinistcha||OccaBerry|Hospitality|Protect,MatchaGotcha,LifeDew,RagePowder|Bold|||||50|]Delphox||Delphoxite|Blaze|HeatWave,Psychic,NastyPlot,Protect|Timid||F|||50|
|inactive|Battle timer is ON: inactive players will automatically lose when time's up. (requested by Promesus)
|inactive|Promesus has 60 seconds left.
|
|t:|1785606932
|teamsize|p1|4
|teamsize|p2|4
|start
|switch|p1a: Charizard|Charizard, L50, M, shiny|100/100
|switch|p1b: Venusaur|Venusaur, L50, F|100/100
|switch|p2a: Floette|Floette-Eternal, L50, F|100/100
|switch|p2b: Sneasler|Sneasler, L50, M|100/100
|turn|1
|
|t:|1785606954
|detailschange|p2a: Floette|Floette-Mega, L50, F
|-mega|p2a: Floette|Floette|Floettite
|-ability|p2a: Floette|Fairy Aura
|detailschange|p1a: Charizard|Charizard-Mega-Y, L50, M, shiny
|-mega|p1a: Charizard|Charizard|Charizardite Y
|-weather|SunnyDay|[from] ability: Drought|[of] p1a: Charizard
|move|p1b: Venusaur|Protect|p1b: Venusaur
|-singleturn|p1b: Venusaur|Protect
|move|p2b: Sneasler|Fake Out|p1b: Venusaur
|-activate|p1b: Venusaur|move: Protect
|move|p2a: Floette|Calm Mind|p2a: Floette
|-boost|p2a: Floette|spa|1
|-boost|p2a: Floette|spd|1
|move|p1a: Charizard|Heat Wave|p2a: Floette|[spread] p2a,p2b
|-crit|p2b: Sneasler
|-damage|p2a: Floette|64/100
|-enditem|p2b: Sneasler|Focus Sash
|-damage|p2b: Sneasler|1/100
|
|-weather|SunnyDay|[upkeep]
|upkeep
|turn|2
|inactive|Promesus has 30 seconds left.
|inactive|Promesus has 20 seconds left.
|inactive|Promesus has 15 seconds left.
|
|t:|1785606996
|switch|p2b: Sinistcha|Sinistcha, L50|100/100
|-heal|p2a: Floette|88/100|[from] ability: Hospitality|[of] p2b: Sinistcha
|move|p1b: Venusaur|Sludge Bomb|p2b: Sinistcha
|-damage|p2b: Sinistcha|55/100
|-status|p2b: Sinistcha|psn
|move|p2a: Floette|Draining Kiss|p1b: Venusaur
|-resisted|p1b: Venusaur|1
|-damage|p1b: Venusaur|67/100
|-heal|p2a: Floette|100/100|[from] drain|[of] p1b: Venusaur
|move|p1a: Charizard|Weather Ball|p2a: Floette
|-damage|p2a: Floette|54/100
|
|-weather|SunnyDay|[upkeep]
|-damage|p2b: Sinistcha|42/100 psn|[from] psn
|upkeep
|turn|3
|inactive|Fraudette has 30 seconds left.
|
|t:|1785607024
|move|p2a: Floette|Protect|p2a: Floette
|-singleturn|p2a: Floette|Protect
|move|p1b: Venusaur|Sleep Powder|p2a: Floette
|-activate|p2a: Floette|move: Protect
|move|p1a: Charizard|Heat Wave|p2a: Floette|[spread] 
|-activate|p2a: Floette|move: Protect
|-miss|p1a: Charizard|p2b: Sinistcha
|move|p2b: Sinistcha|Life Dew|p2b: Sinistcha|[spread] p2a,p2b
|-heal|p2a: Floette|79/100
|-heal|p2b: Sinistcha|67/100 psn
|
|-weather|SunnyDay|[upkeep]
|-damage|p2b: Sinistcha|55/100 psn|[from] psn
|upkeep
|turn|4
|
|t:|1785607043
|move|p1b: Venusaur|Sleep Powder|p2a: Floette
|-status|p2a: Floette|slp|[from] move: Sleep Powder
|cant|p2a: Floette|slp
|move|p1a: Charizard|Heat Wave|p2a: Floette|[spread] p2a,p2b
|-crit|p2a: Floette
|-supereffective|p2b: Sinistcha|1
|-enditem|p2b: Sinistcha|Occa Berry|[eat]
|-enditem|p2b: Sinistcha|Occa Berry|[weaken]
|-damage|p2a: Floette|0 fnt
|-damage|p2b: Sinistcha|0 fnt
|faint|p2a: Floette
|faint|p2b: Sinistcha
|
|-weather|SunnyDay|[upkeep]
|upkeep
|
|t:|1785607056
|switch|p2a: Sneasler|Sneasler, L50, M|1/100
|switch|p2b: Kingambit|Kingambit, L50, M, shiny|100/100
|turn|5
|inactive|Fraudette has 30 seconds left.
|-message|Fraudette forfeited.
|
|win|Promesus
