|j|☆yurinasaan
|j|☆TehCruzeFan123
|html|yurinasaanTehCruzeFan123    
|uhtml|bestof|Game 2 of a best-of-3
|t:|1784950177
|gametype|doubles
|player|p1|yurinasaan|170|1083
|player|p2|TehCruzeFan123|guzma|1040
|gen|9
|tier|[Gen 9 Champions] VGC 2026 Reg M-B (Bo3)
|rated|
|rule|Species Clause: Limit one of each Pokémon
|rule|Item Clause: Limit 1 of each item
|clearpoke
|poke|p1|Delphox, L50, M|
|poke|p1|Blastoise, L50, F|
|poke|p1|Sinistcha, L50|
|poke|p1|Sneasler, L50, M|
|poke|p1|Incineroar, L50, M|
|poke|p1|Kingambit, L50, F|
|poke|p2|Aerodactyl, L50, F|
|poke|p2|Hippowdon, L50, M|
|poke|p2|Gholdengo, L50|
|poke|p2|Sneasler, L50, M|
|poke|p2|Basculegion, L50, M|
|poke|p2|Floette-Eternal, L50, F|
|teampreview|4
|showteam|p1|Delphox||Delphoxite|Blaze|Psyshock,HeatWave,NastyPlot,Protect|Timid||M|||50|]Blastoise||Blastoisinite|Torrent|WaterSpout,DarkPulse,ShellSmash,Protect|Modest||F|||50|]Sinistcha||ColburBerry|Hospitality|MatchaGotcha,RagePowder,TrickRoom,Protect|Bold|||||50|]Sneasler||FocusSash|PoisonTouch|DireClaw,CloseCombat,FakeOut,QuickGuard|Jolly||M|||50|]Incineroar||SitrusBerry|Intimidate|FlareBlitz,HelpingHand,PartingShot,FakeOut|Careful||M|||50|]Kingambit||LifeOrb|Defiant|KowtowCleave,SuckerPunch,SwordsDance,Protect|Adamant||F|||50|
|showteam|p2|Aerodactyl||Aerodactylite|RockHead|DualWingbeat,RockSlide,IceFang,Tailwind|Jolly||F|||50|]Hippowdon||Leftovers|SandStream|Protect,Yawn,HighHorsepower,StoneEdge|Adamant||M|||50|]Gholdengo||FocusSash|GoodasGold|Protect,MakeItRain,ShadowBall,NastyPlot|Modest|||||50|]Sneasler||WhiteHerb|Unburden|Protect,FakeOut,CloseCombat,DireClaw|Jolly||M|||50|]Basculegion||KasibBerry|Adaptability|Protect,WaveCrash,LastRespects,AquaJet|Adamant||M|||50|]Floette-Eternal||Floettite|FlowerVeil|Protect,Moonblast,DazzlingGleam,LightofRuin|Timid||F|||50|
|inactive|Battle timer is ON: inactive players will automatically lose when time's up. (requested by TehCruzeFan123)
|inactive|TehCruzeFan123 has 60 seconds left.
|
|t:|1784950223
|teamsize|p1|4
|teamsize|p2|4
|start
|switch|p1a: Blastoise|Blastoise, L50, F|100/100
|switch|p1b: Sneasler|Sneasler, L50, M|100/100
|switch|p2a: Sneasler|Sneasler, L50, M|100/100
|switch|p2b: Gholdengo|Gholdengo, L50|100/100
|turn|1
|
|t:|1784950241
|detailschange|p1a: Blastoise|Blastoise-Mega, L50, F
|-mega|p1a: Blastoise|Blastoise|Blastoisinite
|move|p1b: Sneasler|Fake Out|p2a: Sneasler
|-damage|p2a: Sneasler|82/100
|cant|p2a: Sneasler|flinch
|move|p2b: Gholdengo|Nasty Plot|p2b: Gholdengo
|-boost|p2b: Gholdengo|spa|2
|move|p1a: Blastoise|Water Spout|p2a: Sneasler|[spread] p2a,p2b
|-damage|p2a: Sneasler|3/100
|-damage|p2b: Gholdengo|23/100
|
|upkeep
|turn|2
|inactive|yurinasaan has 30 seconds left.
|
|t:|1784950275
|move|p2b: Gholdengo|Protect|p2b: Gholdengo
|-singleturn|p2b: Gholdengo|Protect
|move|p1b: Sneasler|Dire Claw|p2a: Sneasler
|-resisted|p2a: Sneasler|1
|-damage|p2a: Sneasler|0 fnt
|faint|p2a: Sneasler
|move|p1a: Blastoise|Dark Pulse|p2b: Gholdengo
|-activate|p2b: Gholdengo|move: Protect
|
|upkeep
|
|t:|1784950285
|switch|p2a: Aerodactyl|Aerodactyl, L50, F|100/100
|turn|3
|
|t:|1784950306
|switch|p1b: Incineroar|Incineroar, L50, M|100/100
|-ability|p1b: Incineroar|Intimidate|boost
|-unboost|p2a: Aerodactyl|atk|1
|-unboost|p2b: Gholdengo|atk|1
|move|p1a: Blastoise|Protect|p1a: Blastoise
|-singleturn|p1a: Blastoise|Protect
|move|p2a: Aerodactyl|Rock Slide|p1b: Incineroar|[spread] p1b
|-activate|p1a: Blastoise|move: Protect
|-supereffective|p1b: Incineroar|1
|-damage|p1b: Incineroar|76/100
|move|p2b: Gholdengo|Make It Rain|p1b: Incineroar|[spread] p1b
|-activate|p1a: Blastoise|move: Protect
|-resisted|p1b: Incineroar|1
|-damage|p1b: Incineroar|33/100
|-unboost|p2b: Gholdengo|spa|2
|-enditem|p1b: Incineroar|Sitrus Berry|[eat]
|-heal|p1b: Incineroar|58/100|[from] item: Sitrus Berry
|
|upkeep
|turn|4
|inactive|TehCruzeFan123 has 30 seconds left.
|
|t:|1784950333
|switch|p2a: Floette|Floette-Eternal, L50, F|100/100
|move|p1b: Incineroar|Fake Out|p2a: Floette
|-damage|p2a: Floette|81/100
|move|p2b: Gholdengo|Shadow Ball|p1a: Blastoise
|-crit|p1a: Blastoise
|-damage|p1a: Blastoise|32/100
|move|p1a: Blastoise|Shell Smash|p1a: Blastoise
|-unboost|p1a: Blastoise|def|1
|-unboost|p1a: Blastoise|spd|1
|-boost|p1a: Blastoise|atk|2
|-boost|p1a: Blastoise|spa|2
|-boost|p1a: Blastoise|spe|2
|
|upkeep
|turn|5
|
|t:|1784950359
|switch|p1b: Sinistcha|Sinistcha, L50|100/100
|-heal|p1a: Blastoise|57/100|[from] ability: Hospitality|[of] p1b: Sinistcha
|detailschange|p2a: Floette|Floette-Mega, L50, F
|-mega|p2a: Floette|Floette|Floettite
|-ability|p2a: Floette|Fairy Aura
|move|p1a: Blastoise|Protect|p1a: Blastoise
|-singleturn|p1a: Blastoise|Protect
|move|p2b: Gholdengo|Protect|p2b: Gholdengo
|-singleturn|p2b: Gholdengo|Protect
|move|p2a: Floette|Dazzling Gleam|p1a: Blastoise|[spread] p1b
|-activate|p1a: Blastoise|move: Protect
|-damage|p1b: Sinistcha|53/100
|
|upkeep
|turn|6
|
|t:|1784950374
|move|p2b: Gholdengo|Protect||[still]
|-fail|p2b: Gholdengo
|move|p1a: Blastoise|Water Spout|p2a: Floette|[spread] p2a,p2b
|-crit|p2a: Floette
|-damage|p2a: Floette|0 fnt
|-damage|p2b: Gholdengo|0 fnt
|faint|p2a: Floette
|faint|p2b: Gholdengo
|move|p1b: Sinistcha|Matcha Gotcha|p2: Floette|[notarget]
|-fail|p1b: Sinistcha
|
|upkeep
|-message|TehCruzeFan123 forfeited.
|
|win|yurinasaan
