|j|☆Nathanlikesfeet
|j|☆zarathustra3434
|html|Nathanlikesfeetzarathustra3434    
|uhtml|bestof|Game 2 of a best-of-3
|t:|1784469301
|gametype|doubles
|player|p1|Nathanlikesfeet|170|
|player|p2|zarathustra3434|102|
|gen|9
|tier|[Gen 9 Champions] VGC 2026 Reg M-B (Bo3)
|rule|Species Clause: Limit one of each Pokémon
|rule|Item Clause: Limit 1 of each item
|clearpoke
|poke|p1|Tyranitar, L50, M|
|poke|p1|Excadrill, L50, F|
|poke|p1|Houndstone, L50, M|
|poke|p1|Hydreigon, L50, F|
|poke|p1|Rotom-Wash, L50|
|poke|p1|Barbaracle, L50, F|
|poke|p2|Froslass, L50, F|
|poke|p2|Arcanine-Hisui, L50, F|
|poke|p2|Abomasnow, L50, M|
|poke|p2|Blastoise, L50, M|
|poke|p2|Noivern, L50, M|
|poke|p2|Greninja, L50, M|
|teampreview|4
|showteam|p1|Tyranitar||Tyranitarite|SandStream|RockSlide,KnockOff,Earthquake,Protect|Adamant||M|||50|]Excadrill||FocusSash|SandRush|Earthquake,IronHead,RockSlide,Protect|Adamant||F|||50|]Houndstone||SitrusBerry|SandRush|LastRespects,WillOWisp,StompingTantrum,Protect|Jolly||M|||50|]Hydreigon||ChoiceScarf|Levitate|DarkPulse,DracoMeteor,Flamethrower,FlashCannon|Modest||F|||50|]Rotom-Wash||LightClay|Levitate|LightScreen,Reflect,Electroweb,HydroPump|Modest|||||50|]Barbaracle||WhiteHerb|ToughClaws|RockSlide,ShellSmash,Liquidation,Protect|Adamant||F|||50|
|showteam|p2|Froslass||Froslassite|SnowCloak|Blizzard,ShadowBall,AuroraVeil,Protect|Modest||F|||50|]Arcanine-Hisui||ChoiceScarf|Intimidate|RockSlide,FlareBlitz,PsychicFangs,CloseCombat|Adamant||F|||50|]Abomasnow||NeverMeltIce|SnowWarning|Blizzard,GigaDrain,AuroraVeil,Protect|Modest||M|||50|]Blastoise||FocusSash|Torrent|ShellSmash,WaterSpout,Blizzard,Protect|Modest||M|||50|]Noivern||MentalHerb|Infiltrator|Tailwind,BreakingSwipe,DracoMeteor,Protect|Hasty||M|||50|]Greninja||LifeOrb|Protean|Blizzard,DarkPulse,HydroPump,Protect|Timid||M|||50|
|j| Tearamizuu
|
|t:|1784469349
|teamsize|p1|4
|teamsize|p2|4
|start
|switch|p1a: Tyranitar|Tyranitar, L50, M|100/100
|switch|p1b: Excadrill|Excadrill, L50, F|100/100
|switch|p2a: Froslass|Froslass, L50, F|100/100
|switch|p2b: Noivern|Noivern, L50, M|100/100
|-weather|Sandstorm|[from] ability: Sand Stream|[of] p1a: Tyranitar
|turn|1
|
|t:|1784469380
|detailschange|p2a: Froslass|Froslass-Mega, L50, F
|-mega|p2a: Froslass|Froslass|Froslassite
|-weather|Snowscape|[from] ability: Snow Warning|[of] p2a: Froslass
|move|p1b: Excadrill|Protect|p1b: Excadrill
|-singleturn|p1b: Excadrill|Protect
|move|p1a: Tyranitar|Protect|p1a: Tyranitar
|-singleturn|p1a: Tyranitar|Protect
|move|p2b: Noivern|Breaking Swipe|p1b: Excadrill|[spread] 
|-activate|p1a: Tyranitar|move: Protect
|-activate|p1b: Excadrill|move: Protect
|move|p2a: Froslass|Aurora Veil|p2a: Froslass
|-sidestart|p2: zarathustra3434|move: Aurora Veil
|
|-weather|Snowscape|[upkeep]
|upkeep
|turn|2
|
|t:|1784469406
|detailschange|p1a: Tyranitar|Tyranitar-Mega, L50, M
|-mega|p1a: Tyranitar|Tyranitar|Tyranitarite
|-weather|Sandstorm|[from] ability: Sand Stream|[of] p1a: Tyranitar
|move|p1b: Excadrill|Rock Slide|p2a: Froslass|[spread] p2a,p2b
|-supereffective|p2a: Froslass|1
|-supereffective|p2b: Noivern|1
|-damage|p2a: Froslass|63/100
|-damage|p2b: Noivern|60/100
|cant|p2b: Noivern|flinch
|cant|p2a: Froslass|flinch
|move|p1a: Tyranitar|Rock Slide|p2a: Froslass|[spread] p2a,p2b
|-supereffective|p2a: Froslass|1
|-supereffective|p2b: Noivern|1
|-damage|p2a: Froslass|0 fnt
|-damage|p2b: Noivern|2/100
|faint|p2a: Froslass
|
|-weather|Sandstorm|[upkeep]
|-damage|p2b: Noivern|0 fnt|[from] Sandstorm
|faint|p2b: Noivern
|upkeep
|c| Tearamizuu|rip bro
|
|t:|1784469433
|switch|p2b: Arcanine|Arcanine-Hisui, L50, F|100/100
|switch|p2a: Abomasnow|Abomasnow, L50, M|100/100
|-ability|p2b: Arcanine|Intimidate|boost
|-unboost|p1a: Tyranitar|atk|1
|-unboost|p1b: Excadrill|atk|1
|-weather|Snowscape|[from] ability: Snow Warning|[of] p2a: Abomasnow
|turn|3
|
|t:|1784469457
|move|p1b: Excadrill|Protect|p1b: Excadrill
|-singleturn|p1b: Excadrill|Protect
|move|p2b: Arcanine|Close Combat|p1a: Tyranitar
|-supereffective|p1a: Tyranitar|2
|-damage|p1a: Tyranitar|5/100
|-unboost|p2b: Arcanine|def|1
|-unboost|p2b: Arcanine|spd|1
|move|p1a: Tyranitar|Earthquake|p2a: Abomasnow|[spread] p2a,p2b
|-activate|p1b: Excadrill|move: Protect
|-resisted|p2a: Abomasnow|1
|-supereffective|p2b: Arcanine|2
|-damage|p2a: Abomasnow|95/100
|-damage|p2b: Arcanine|0 fnt
|faint|p2b: Arcanine
|move|p2a: Abomasnow|Blizzard|p1b: Excadrill|[spread] p1a
|-activate|p1b: Excadrill|move: Protect
|-damage|p1a: Tyranitar|0 fnt
|faint|p1a: Tyranitar
|
|-weather|Snowscape|[upkeep]
|upkeep
|
|t:|1784469481
|switch|p1a: Rotom|Rotom-Wash, L50|100/100
|turn|4
|
|t:|1784469499
|move|p1b: Excadrill|Iron Head|p2a: Abomasnow
|-supereffective|p2a: Abomasnow|1
|-damage|p2a: Abomasnow|67/100
|move|p1a: Rotom|Light Screen|p1a: Rotom
|-sidestart|p1: Nathanlikesfeet|move: Light Screen
|move|p2a: Abomasnow|Blizzard|p1a: Rotom|[spread] p1a,p1b
|-resisted|p1a: Rotom|1
|-damage|p1a: Rotom|85/100
|-damage|p1b: Excadrill|67/100
|
|-weather|Snowscape|[upkeep]
|upkeep
|turn|5
|
|t:|1784469525
|move|p1b: Excadrill|Iron Head|p2a: Abomasnow
|-supereffective|p2a: Abomasnow|1
|-damage|p2a: Abomasnow|40/100
|move|p1a: Rotom|Electroweb|p2a: Abomasnow
|-resisted|p2a: Abomasnow|1
|-damage|p2a: Abomasnow|32/100
|-unboost|p2a: Abomasnow|spe|1
|move|p2a: Abomasnow|Blizzard|p1a: Rotom|[spread] p1a,p1b
|-resisted|p1a: Rotom|1
|-damage|p1a: Rotom|71/100
|-damage|p1b: Excadrill|35/100
|
|-weather|Snowscape|[upkeep]
|-sideend|p2: zarathustra3434|move: Aurora Veil
|upkeep
|turn|6
|
|t:|1784469542
|move|p1b: Excadrill|Iron Head|p2a: Abomasnow
|-supereffective|p2a: Abomasnow|1
|-damage|p2a: Abomasnow|0 fnt
|faint|p2a: Abomasnow
|
|win|Nathanlikesfeet
