|j|☆boncuss
|j|☆freudianbreath
|html|boncussfreudianbreath    
|uhtml|bestof|Game 1 of a best-of-3
|t:|1782361171
|gametype|doubles
|player|p1|boncuss|wattson|1194
|player|p2|freudianbreath|265|1149
|gen|9
|tier|[Gen 9 Champions] VGC 2026 Reg M-B (Bo3)
|rated|
|rule|Species Clause: Limit one of each Pokémon
|rule|Item Clause: Limit 1 of each item
|clearpoke
|poke|p1|Staraptor, L50, F|
|poke|p1|Liepard, L50, F|
|poke|p1|Grimmsnarl, L50, M|
|poke|p1|Sinistcha, L50|
|poke|p1|Ninetales-Alola, L50, M|
|poke|p1|Malamar, L50, M|
|poke|p2|Staraptor, L50, F|
|poke|p2|Meganium, L50, M|
|poke|p2|Rotom-Heat, L50|
|poke|p2|Gholdengo, L50|
|poke|p2|Clefable, L50, F|
|poke|p2|Tyranitar, L50, F|
|teampreview|4
|showteam|p1|Staraptor||Staraptite|Intimidate|CloseCombat,Roost,Protect,DualWingbeat|Careful||F|||50|]Liepard||FocusSash|Prankster|FakeOut,Screech,FakeTears,Charm|Jolly||F|||50|]Grimmsnarl||RoseliBerry|Prankster|FakeOut,ScaryFace,FakeTears,PartingShot|Careful||M|||50|]Sinistcha||KasibBerry|Hospitality|MatchaGotcha,RagePowder,PsychUp,TrickRoom|Modest|||||50|]Ninetales-Alola||OccaBerry|SnowWarning|Blizzard,AuroraVeil,Encore,Disable|Timid||M|||50|]Malamar||Leftovers|Contrary|Superpower,StoredPower,Protect,TrickRoom|Sassy||M|||50|
|showteam|p2|Staraptor||ChoiceScarf|Intimidate|Uturn,CloseCombat,BraveBird,Tailwind|Jolly||F|||50|]Meganium||Meganiumite|Overgrow|Protect,SolarBeam,DazzlingGleam,WeatherBall|Timid||M|||50|]Rotom-Heat||SitrusBerry|Levitate|WillOWisp,VoltSwitch,LightScreen,Overheat|Timid|||||50|]Gholdengo||LifeOrb|GoodasGold|MakeItRain,NastyPlot,Protect,ShadowBall|Timid|||||50|]Clefable||Leftovers|Unaware|HelpingHand,FollowMe,Moonblast,FakeTears|Calm||F|||50|]Tyranitar||Tyranitarite|SandStream|RockSlide,KnockOff,LowKick,DragonDance|Adamant||F|||50|
|inactive|Battle timer is ON: inactive players will automatically lose when time's up. (requested by boncuss)
|inactive|boncuss has 60 seconds left.
|inactive|freudianbreath has 60 seconds left.
|inactive|freudianbreath has 30 seconds left.
|inactive|freudianbreath has 20 seconds left.
|inactive|freudianbreath has 15 seconds left.
|inactive|freudianbreath has 10 seconds left.
|inactive|freudianbreath has 5 seconds left.
|
|t:|1782361260
|teamsize|p1|4
|teamsize|p2|4
|start
|switch|p1a: Grimmsnarl|Grimmsnarl, L50, M|100/100
|switch|p1b: Staraptor|Staraptor, L50, F|100/100
|switch|p2a: Staraptor|Staraptor, L50, F|100/100
|switch|p2b: Gholdengo|Gholdengo, L50|100/100
|-ability|p2a: Staraptor|Intimidate|boost
|-unboost|p1a: Grimmsnarl|atk|1
|-unboost|p1b: Staraptor|atk|1
|-ability|p1b: Staraptor|Intimidate|boost
|-unboost|p2a: Staraptor|atk|1
|-unboost|p2b: Gholdengo|atk|1
|turn|1
|inactive|boncuss has 30 seconds left.
|inactive|freudianbreath has 30 seconds left.
|inactive|freudianbreath has 20 seconds left.
|inactive|freudianbreath has 15 seconds left.
|
|t:|1782361304
|detailschange|p1b: Staraptor|Staraptor-Mega, L50, F
|-mega|p1b: Staraptor|Staraptor|Staraptite
|move|p1a: Grimmsnarl|Fake Out|p2a: Staraptor
|-damage|p2a: Staraptor|88/100
|cant|p2a: Staraptor|flinch
|move|p2b: Gholdengo|Nasty Plot|p2b: Gholdengo
|-boost|p2b: Gholdengo|spa|2
|move|p1b: Staraptor|Close Combat|p2a: Staraptor
|-damage|p2a: Staraptor|31/100
|-boost|p1b: Staraptor|def|1
|-boost|p1b: Staraptor|spd|1
|
|upkeep
|turn|2
|inactive|freudianbreath has 30 seconds left.
|inactive|freudianbreath has 20 seconds left.
|inactive|freudianbreath has 15 seconds left.
|
|t:|1782361348
|move|p1a: Grimmsnarl|Fake Tears|p1b: Staraptor
|-boost|p1b: Staraptor|spd|2
|move|p2a: Staraptor|Tailwind|p2a: Staraptor
|-sidestart|p2: freudianbreath|move: Tailwind
|move|p2b: Gholdengo|Nasty Plot|p2b: Gholdengo
|-boost|p2b: Gholdengo|spa|2
|move|p1b: Staraptor|Close Combat|p2a: Staraptor
|-damage|p2a: Staraptor|0 fnt
|-boost|p1b: Staraptor|def|1
|-boost|p1b: Staraptor|spd|1
|faint|p2a: Staraptor
|
|upkeep
|inactive|freudianbreath has 30 seconds left.
|
|t:|1782361383
|switch|p2a: Meganium|Meganium, L50, M|100/100
|turn|3
|inactive|boncuss has 30 seconds left.
|inactive|freudianbreath has 30 seconds left.
|inactive|boncuss has 20 seconds left.
|inactive|freudianbreath has 20 seconds left.
|
|t:|1782361421
|move|p2a: Meganium|Protect|p2a: Meganium
|-singleturn|p2a: Meganium|Protect
|move|p1a: Grimmsnarl|Fake Tears|p1b: Staraptor
|-boost|p1b: Staraptor|spd|2
|move|p2b: Gholdengo|Shadow Ball|p1b: Staraptor
|-damage|p1b: Staraptor|67/100
|-damage|p2b: Gholdengo|90/100|[from] item: Life Orb
|move|p1b: Staraptor|Dual Wingbeat|p2a: Meganium
|-activate|p2a: Meganium|move: Protect
|
|upkeep
|turn|4
|inactive|freudianbreath has 30 seconds left.
|inactive|freudianbreath has 20 seconds left.
|inactive|freudianbreath has 15 seconds left.
|inactive|freudianbreath has 10 seconds left.
|
|t:|1782361468
|detailschange|p2a: Meganium|Meganium-Mega, L50, M
|-mega|p2a: Meganium|Meganium|Meganiumite
|move|p1a: Grimmsnarl|Parting Shot|p1b: Staraptor
|-boost|p1b: Staraptor|atk|1
|-boost|p1b: Staraptor|spa|1
|
|t:|1782361487
|switch|p1a: Sinistcha|Sinistcha, L50|100/100|[from] Parting Shot
|-heal|p1b: Staraptor|92/100|[from] ability: Hospitality|[of] p1a: Sinistcha
|move|p2b: Gholdengo|Make It Rain|p1a: Sinistcha|[spread] p1a,p1b
|-damage|p1a: Sinistcha|0 fnt
|-damage|p1b: Staraptor|61/100
|-unboost|p2b: Gholdengo|spa|2
|faint|p1a: Sinistcha
|-damage|p2b: Gholdengo|80/100|[from] item: Life Orb
|move|p2a: Meganium|Dazzling Gleam|p1b: Staraptor
|-supereffective|p1b: Staraptor|1
|-damage|p1b: Staraptor|44/100
|move|p1b: Staraptor|Dual Wingbeat|p2a: Meganium
|-supereffective|p2a: Meganium|1
|-damage|p2a: Meganium|64/100
|-supereffective|p2a: Meganium|1
|-damage|p2a: Meganium|29/100
|-hitcount|p2a: Meganium|2
|
|upkeep
|c|☆freudianbreath|That's an interesting strat with the parting shot contrary staraptor
|
|t:|1782361511
|switch|p1a: Grimmsnarl|Grimmsnarl, L50, M|100/100
|turn|5
|inactive|freudianbreath has 30 seconds left.
|inactive|freudianbreath has 20 seconds left.
|c|☆boncuss|i mean parting shot is standard but everything else isnt
|inactive|freudianbreath has 15 seconds left.
|inactive|freudianbreath has 10 seconds left.
|inactive|freudianbreath has 5 seconds left.
|
|t:|1782361563
|move|p1a: Grimmsnarl|Scary Face|p1b: Staraptor
|-boost|p1b: Staraptor|spe|2
|move|p2b: Gholdengo|Shadow Ball|p1b: Staraptor
|-damage|p1b: Staraptor|24/100
|-damage|p2b: Gholdengo|70/100|[from] item: Life Orb
|move|p2a: Meganium|Dazzling Gleam|p1b: Staraptor|[spread] p1a,p1b
|-supereffective|p1a: Grimmsnarl|1
|-enditem|p1a: Grimmsnarl|Roseli Berry|[eat]
|-enditem|p1a: Grimmsnarl|Roseli Berry|[weaken]
|-supereffective|p1b: Staraptor|1
|-damage|p1a: Grimmsnarl|68/100
|-damage|p1b: Staraptor|10/100
|move|p1b: Staraptor|Roost|p1b: Staraptor
|-heal|p1b: Staraptor|60/100
|-singleturn|p1b: Staraptor|move: Roost
|
|-sideend|p2: freudianbreath|move: Tailwind
|upkeep
|turn|6
|inactive|freudianbreath has 30 seconds left.
|inactive|freudianbreath has 20 seconds left.
|inactive|freudianbreath has 15 seconds left.
|
|t:|1782361606
|move|p1a: Grimmsnarl|Parting Shot|p1b: Staraptor
|-boost|p1b: Staraptor|atk|1
|-boost|p1b: Staraptor|spa|1
|
|t:|1782361610
|switch|p1a: Liepard|Liepard, L50, F|100/100|[from] Parting Shot
|move|p1b: Staraptor|Dual Wingbeat|p2a: Meganium
|-supereffective|p2a: Meganium|1
|-damage|p2a: Meganium|0 fnt
|faint|p2a: Meganium
|-hitcount|p2: Meganium|1
|move|p2b: Gholdengo|Nasty Plot|p2b: Gholdengo
|-boost|p2b: Gholdengo|spa|2
|
|upkeep
|
|t:|1782361621
|switch|p2a: Tyranitar|Tyranitar, L50, F|100/100
|-weather|Sandstorm|[from] ability: Sand Stream|[of] p2a: Tyranitar
|turn|7
|inactive|boncuss has 30 seconds left.
|inactive|freudianbreath has 30 seconds left.
|
|t:|1782361653
|move|p1a: Liepard|Charm|p1b: Staraptor
|-boost|p1b: Staraptor|atk|2
|move|p1b: Staraptor|Close Combat|p2a: Tyranitar
|-supereffective|p2a: Tyranitar|2
|-damage|p2a: Tyranitar|0 fnt
|-boost|p1b: Staraptor|def|1
|faint|p2a: Tyranitar
|move|p2b: Gholdengo|Nasty Plot|p2b: Gholdengo
|-boost|p2b: Gholdengo|spa|2
|
|-weather|Sandstorm|[upkeep]
|-damage|p1b: Staraptor|54/100|[from] Sandstorm
|-damage|p1a: Liepard|94/100|[from] Sandstorm
|upkeep
|turn|8
|inactive|freudianbreath has 30 seconds left.
|
|t:|1782361680
|move|p1a: Liepard|Charm|p1b: Staraptor
|-boost|p1b: Staraptor|atk|2
|move|p1b: Staraptor|Roost|p1b: Staraptor
|-heal|p1b: Staraptor|100/100
|-singleturn|p1b: Staraptor|move: Roost
|move|p2b: Gholdengo|Shadow Ball|p1b: Staraptor
|-crit|p1b: Staraptor
|-damage|p1b: Staraptor|0 fnt
|faint|p1b: Staraptor
|-damage|p2b: Gholdengo|60/100|[from] item: Life Orb
|
|-weather|Sandstorm|[upkeep]
|-damage|p1a: Liepard|88/100|[from] Sandstorm
|upkeep
|-message|boncuss forfeited.
|
|win|freudianbreath
||boncuss is ready for game 2.
