|j|‽airpersia
|j|☆SuprEpcGuy
|html|airpersiaSuprEpcGuy    
|uhtml|bestof|Game 2 of a best-of-3
|t:|1784046041
|gametype|doubles
|player|p1|airpersia|170|1093
|player|p2|SuprEpcGuy|shauntal|1213
|gen|9
|tier|[Gen 9 Champions] VGC 2026 Reg M-B (Bo3)
|rated|
|rule|Species Clause: Limit one of each Pokémon
|rule|Item Clause: Limit 1 of each item
|clearpoke
|poke|p1|Metagross, L50|
|poke|p1|Whimsicott, L50, F, shiny|
|poke|p1|Incineroar, L50, M, shiny|
|poke|p1|Tyranitar, L50, F|
|poke|p1|Sinistcha, L50|
|poke|p1|Lucario, L50, F, shiny|
|poke|p2|Zoroark-Hisui, L50, F|
|poke|p2|Aerodactyl, L50, M|
|poke|p2|Kingambit, L50, F, shiny|
|poke|p2|Basculegion, L50, M|
|poke|p2|Incineroar, L50, F|
|poke|p2|Sylveon, L50, F|
|teampreview|4
|showteam|p1|Metagross||Metagrossite|ClearBody|IronHead,PsychicFangs,BodyPress,Protect|Jolly|||||50|]Whimsicott||FocusSash|Prankster|Tailwind,Taunt,Moonblast,Encore|Timid||F|||50|]Incineroar||ChopleBerry|Intimidate|ThroatChop,FlareBlitz,PartingShot,FakeOut|Impish||M|||50|]Tyranitar||Tyranitarite|SandStream|RockSlide,KnockOff,DragonDance,Protect|Adamant||F|||50|]Sinistcha||SitrusBerry|Hospitality|MatchaGotcha,ShadowBall,RagePowder,LifeDew|Bold|||||50|]Lucario||Lucarionite|InnerFocus|Detect,AuraSphere,FlashCannon,ShadowBall|Timid||F|||50|
|showteam|p2|Zoroark-Hisui||FocusSash|Illusion|ShadowBall,WillOWisp,Taunt,Protect|Timid||F|||50|]Aerodactyl||Aerodactylite|RockHead|RockSlide,IceFang,DualWingbeat,Tailwind|Jolly||M|||50|]Kingambit||ChopleBerry|Defiant|SuckerPunch,KowtowCleave,LowKick,Protect|Adamant||F|||50|]Basculegion||MysticWater|Adaptability|AquaJet,Liquidation,LastRespects,Protect|Adamant||M|||50|]Incineroar||SitrusBerry|Intimidate|FlareBlitz,ThroatChop,PartingShot,FakeOut|Careful||F|||50|]Sylveon||FairyFeather|Pixilate|HyperVoice,QuickAttack,HyperBeam,Protect|Modest||F|||50|
|inactive|Battle timer is ON: inactive players will automatically lose when time's up. (requested by SuprEpcGuy)
|inactive|airpersia also wants the timer to be on.
|
|t:|1784046063
|teamsize|p1|4
|teamsize|p2|4
|start
|switch|p1a: Lucario|Lucario, L50, F, shiny|100/100
|switch|p1b: Metagross|Metagross, L50|100/100
|switch|p2a: Big Purr|Incineroar, L50, F|100/100
|switch|p2b: Freight|Aerodactyl, L50, M|100/100
|-ability|p2a: Big Purr|Intimidate|boost
|-fail|p1a: Lucario|unboost|Attack|[from] ability: Inner Focus|[of] p1a: Lucario
|-fail|p1b: Metagross|unboost|[from] ability: Clear Body|[of] p1b: Metagross
|turn|1
|inactive|airpersia has 30 seconds left.
|inactive|SuprEpcGuy has 30 seconds left.
|
|t:|1784046093
|switch|p1b: Incineroar|Incineroar, L50, M, shiny|100/100
|-ability|p1b: Incineroar|Intimidate|boost
|-unboost|p2a: Big Purr|atk|1
|-unboost|p2b: Freight|atk|1
|detailschange|p2b: Freight|Aerodactyl-Mega, L50, M
|-mega|p2b: Freight|Aerodactyl|Aerodactylite
|move|p2a: Big Purr|Fake Out|p1b: Incineroar
|-damage|p1b: Incineroar|94/100
|move|p2b: Freight|Tailwind|p2b: Freight
|-sidestart|p2: SuprEpcGuy|move: Tailwind
|move|p1a: Lucario|Flash Cannon|p2b: Freight
|-supereffective|p2b: Freight|1
|-damage|p2b: Freight|12/100
|
|upkeep
|turn|2
|inactive|SuprEpcGuy has 30 seconds left.
|
|t:|1784046121
|switch|p2b: Reverence|Basculegion, L50, M|100/100
|move|p1b: Incineroar|Fake Out|p2a: Big Purr
|-damage|p2a: Big Purr|91/100
|cant|p2a: Big Purr|flinch
|move|p1a: Lucario|Aura Sphere|p2a: Big Purr
|-supereffective|p2a: Big Purr|1
|-damage|p2a: Big Purr|28/100
|-enditem|p2a: Big Purr|Sitrus Berry|[eat]
|-heal|p2a: Big Purr|53/100|[from] item: Sitrus Berry
|
|upkeep
|turn|3
|
|t:|1784046145
|move|p1a: Lucario|Detect|p1a: Lucario
|-singleturn|p1a: Lucario|Protect
|move|p2b: Reverence|Liquidation|p1a: Lucario
|-activate|p1a: Lucario|move: Protect
|move|p2a: Big Purr|Parting Shot|p1a: Lucario
|-activate|p1a: Lucario|move: Protect
|move|p1b: Incineroar|Throat Chop|p2b: Reverence
|-supereffective|p2b: Reverence|1
|-damage|p2b: Reverence|30/100
|-start|p2b: Reverence|Throat Chop|[silent]
|
|upkeep
|turn|4
|
|t:|1784046160
|switch|p1a: Whimsicott|Whimsicott, L50, F, shiny|100/100
|move|p2b: Reverence|Liquidation|p1b: Incineroar
|-supereffective|p1b: Incineroar|1
|-damage|p1b: Incineroar|0 fnt
|faint|p1b: Incineroar
|move|p2a: Big Purr|Parting Shot|p1a: Whimsicott
|-unboost|p1a: Whimsicott|atk|1
|-unboost|p1a: Whimsicott|spa|1
|
|t:|1784046169
|switch|p2a: Freight|Aerodactyl-Mega, L50, M|12/100|[from] Parting Shot
|
|-end|p2b: Reverence|Throat Chop|[silent]
|-sideend|p2: SuprEpcGuy|move: Tailwind
|upkeep
|
|t:|1784046177
|switch|p1b: Lucario|Lucario, L50, F, shiny|100/100
|turn|5
|inactive|SuprEpcGuy has 30 seconds left.
|
|t:|1784046203
|switch|p2a: Paraselene|Kingambit, L50, F, shiny|100/100
|move|p1a: Whimsicott|Taunt|p2a: Paraselene
|-hint|Since gen 7, Dark is immune to Prankster moves.
|-immune|p2a: Paraselene
|move|p1b: Lucario|Shadow Ball|p2b: Reverence
|-supereffective|p2b: Reverence|1
|-damage|p2b: Reverence|0 fnt
|faint|p2b: Reverence
|
|upkeep
|
|t:|1784046213
|switch|p2b: Big Purr|Incineroar, L50, F|53/100
|-ability|p2b: Big Purr|Intimidate|boost
|-unboost|p1a: Whimsicott|atk|1
|-fail|p1b: Lucario|unboost|Attack|[from] ability: Inner Focus|[of] p1b: Lucario
|turn|6
|
|t:|1784046234
|switch|p1a: Metagross|Metagross, L50|100/100
|detailschange|p1b: Lucario|Lucario-Mega, L50, F, shiny
|-mega|p1b: Lucario|Lucario|Lucarionite
|move|p2b: Big Purr|Fake Out|p1a: Metagross
|-resisted|p1a: Metagross|1
|-damage|p1a: Metagross|95/100
|move|p1b: Lucario|Aura Sphere|p2a: Paraselene
|-supereffective|p2a: Paraselene|2
|-enditem|p2a: Paraselene|Chople Berry|[eat]
|-enditem|p2a: Paraselene|Chople Berry|[weaken]
|-damage|p2a: Paraselene|0 fnt
|faint|p2a: Paraselene
|
|upkeep
|
|t:|1784046244
|switch|p2a: Freight|Aerodactyl-Mega, L50, M|12/100
|turn|7
|
|t:|1784046262
|move|p1b: Lucario|Detect|p1b: Lucario
|-singleturn|p1b: Lucario|Protect
|move|p2a: Freight|Rock Slide|p1a: Metagross|[spread] 
|-activate|p1b: Lucario|move: Protect
|-miss|p2a: Freight|p1a: Metagross
|move|p1a: Metagross|Iron Head|p2a: Freight
|-supereffective|p2a: Freight|1
|-damage|p2a: Freight|0 fnt
|faint|p2a: Freight
|move|p2b: Big Purr|Flare Blitz|p1a: Metagross
|-supereffective|p1a: Metagross|1
|-damage|p1a: Metagross|3/100
|-damage|p2b: Big Purr|29/100|[from] Recoil
|
|upkeep
|turn|8
|c|☆SuprEpcGuy|gg
|-message|SuprEpcGuy forfeited.
|
|win|airpersia
|raw|airpersia's rating: 1093 → 1128(+35 for winning)
|raw|SuprEpcGuy's rating: 1213 → 1180(-33 for losing)
