|j|☆Gen4lover2
|j|☆Ssamuuelll
|html|Gen4lover2Ssamuuelll    
|uhtml|bestof|Game 1 of a best-of-3
|t:|1785884667
|gametype|doubles
|player|p1|Gen4lover2|wallace|1253
|player|p2|Ssamuuelll|265|1294
|gen|9
|tier|[Gen 9 Champions] VGC 2026 Reg M-B (Bo3)
|rated|
|rule|Species Clause: Limit one of each Pokémon
|rule|Item Clause: Limit 1 of each item
|clearpoke
|poke|p1|Tyranitar, L50, M|
|poke|p1|Excadrill, L50, F|
|poke|p1|Staraptor, L50, F|
|poke|p1|Milotic, L50, F|
|poke|p1|Gholdengo, L50|
|poke|p1|Sinistcha-Masterpiece, L50|
|poke|p2|Farigiraf, L50, M|
|poke|p2|Kangaskhan, L50, F, shiny|
|poke|p2|Torkoal, L50, M|
|poke|p2|Mawile, L50, M|
|poke|p2|Pyroar, L50, F|
|poke|p2|Decidueye-Hisui, L50, F|
|teampreview|4
|showteam|p1|Tyranitar||Tyranitarite|SandStream|RockSlide,KnockOff,LowKick,Protect|Adamant||M|||50|]Excadrill||FocusSash|SandRush|HighHorsepower,IronHead,RockSlide,Protect|Adamant||F|||50|]Staraptor||Staraptite|Intimidate|BraveBird,CloseCombat,Tailwind,Protect|Jolly||F|||50|]Milotic||SitrusBerry|Competitive|Scald,IceBeam,Recover,Protect|Modest||F|||50|]Gholdengo||LifeOrb|GoodasGold|MakeItRain,ShadowBall,NastyPlot,Protect|Modest|||||50|]Sinistcha-Masterpiece||ColburBerry|Hospitality|MatchaGotcha,RagePowder,TrickRoom,Protect|Relaxed|||||50|
|showteam|p2|Farigiraf||SitrusBerry|ArmorTail|Psychic,Thunderbolt,HelpingHand,TrickRoom|Calm||M|||50|]Kangaskhan||SilkScarf|Scrappy|LastResort,FakeOut|Brave||F|||50|]Torkoal||Charcoal|Drought|Eruption,WeatherBall,HelpingHand,Protect|Quiet||M|||50|]Mawile||Mawilite|HyperCutter|PlayRough,RockSlide,SuckerPunch,Protect|Brave||M|||50|]Pyroar||Pyroarite|Unnerve|HeatWave,Overheat,SolarBeam,Protect|Timid||F|||50|]Decidueye-Hisui||LifeOrb|Scrappy|TripleArrows,LeafBlade,BraveBird,Protect|Brave||F|||50|
|inactive|Battle timer is ON: inactive players will automatically lose when time's up. (requested by Gen4lover2)
|inactive|Gen4lover2 has 60 seconds left.
|
|t:|1785884713
|teamsize|p1|4
|teamsize|p2|4
|start
|switch|p1a: Staraptor|Staraptor, L50, F|100/100
|switch|p1b: Tyranitar|Tyranitar, L50, M|100/100
|switch|p2a: Checkmate|Kangaskhan, L50, F, shiny|100/100
|switch|p2b: Legowlas|Decidueye-Hisui, L50, F|100/100
|-ability|p1a: Staraptor|Intimidate|boost
|-fail|p2a: Checkmate|unboost|Attack|[from] ability: Scrappy|[of] p2a: Checkmate
|-fail|p2b: Legowlas|unboost|Attack|[from] ability: Scrappy|[of] p2b: Legowlas
|-weather|Sandstorm|[from] ability: Sand Stream|[of] p1b: Tyranitar
|turn|1
|inactive|Ssamuuelll has 30 seconds left.
|inactive|Ssamuuelll has 20 seconds left.
|inactive|Ssamuuelll has 15 seconds left.
|inactive|Ssamuuelll has 10 seconds left.
|
|t:|1785884760
|switch|p2a: Krakatoa|Torkoal, L50, M|100/100
|-weather|SunnyDay|[from] ability: Drought|[of] p2a: Krakatoa
|switch|p2b: Mufasa|Pyroar, L50, F|100/100
|-ability|p2b: Mufasa|Unnerve
|detailschange|p1a: Staraptor|Staraptor-Mega, L50, F
|-mega|p1a: Staraptor|Staraptor|Staraptite
|move|p1b: Tyranitar|Protect|p1b: Tyranitar
|-singleturn|p1b: Tyranitar|Protect
|move|p1a: Staraptor|Close Combat|p2a: Krakatoa
|-damage|p2a: Krakatoa|58/100
|-boost|p1a: Staraptor|def|1
|-boost|p1a: Staraptor|spd|1
|
|-weather|SunnyDay|[upkeep]
|upkeep
|turn|2
|inactive|Ssamuuelll has 30 seconds left.
|inactive|Ssamuuelll has 20 seconds left.
|
|t:|1785884800
|switch|p1b: Milotic|Milotic, L50, F|100/100
|switch|p2a: Checkmate|Kangaskhan, L50, F, shiny|100/100
|detailschange|p2b: Mufasa|Pyroar-Mega, L50, F
|-mega|p2b: Mufasa|Pyroar|Pyroarite
|move|p2b: Mufasa|Protect|p2b: Mufasa
|-singleturn|p2b: Mufasa|Protect
|move|p1a: Staraptor|Protect||[still]
|-fail|p1a: Staraptor
|
|-weather|SunnyDay|[upkeep]
|upkeep
|turn|3
|inactive|Gen4lover2 has 30 seconds left.
|
|t:|1785884828
|switch|p2b: Legowlas|Decidueye-Hisui, L50, F|100/100
|switch|p1a: Tyranitar|Tyranitar, L50, M|100/100
|-weather|Sandstorm|[from] ability: Sand Stream|[of] p1a: Tyranitar
|move|p2a: Checkmate|Fake Out|p1a: Tyranitar
|-resisted|p1a: Tyranitar|1
|-damage|p1a: Tyranitar|90/100
|move|p1b: Milotic|Scald|p2b: Legowlas
|-resisted|p2b: Legowlas|1
|-damage|p2b: Legowlas|83/100
|
|-weather|Sandstorm|[upkeep]
|-damage|p1b: Milotic|94/100|[from] Sandstorm
|-damage|p2a: Checkmate|93/100|[from] Sandstorm
|-damage|p2b: Legowlas|76/100|[from] Sandstorm
|upkeep
|turn|4
|inactive|Gen4lover2 has 30 seconds left.
|inactive|Ssamuuelll has 30 seconds left.
|
|t:|1785884857
|switch|p1a: Staraptor|Staraptor-Mega, L50, F|100/100
|switch|p2a: Krakatoa|Torkoal, L50, M|58/100
|-weather|SunnyDay|[from] ability: Drought|[of] p2a: Krakatoa
|move|p1b: Milotic|Ice Beam|p2b: Legowlas
|-supereffective|p2b: Legowlas|1
|-damage|p2b: Legowlas|27/100
|move|p2b: Legowlas|Triple Arrows|p1a: Staraptor
|-resisted|p1a: Staraptor|1
|-damage|p1a: Staraptor|68/100
|-damage|p2b: Legowlas|17/100|[from] item: Life Orb
|
|-weather|SunnyDay|[upkeep]
|upkeep
|turn|5
|inactive|Gen4lover2 has 30 seconds left.
|inactive|Ssamuuelll has 30 seconds left.
|
|t:|1785884883
|move|p2a: Krakatoa|Protect|p2a: Krakatoa
|-singleturn|p2a: Krakatoa|Protect
|move|p1a: Staraptor|Close Combat|p2a: Krakatoa
|-activate|p2a: Krakatoa|move: Protect
|move|p1b: Milotic|Scald|p2a: Krakatoa
|-activate|p2a: Krakatoa|move: Protect
|move|p2b: Legowlas|Leaf Blade|p1b: Milotic
|-supereffective|p1b: Milotic|1
|-crit|p1b: Milotic
|-damage|p1b: Milotic|0 fnt
|faint|p1b: Milotic
|-damage|p2b: Legowlas|8/100|[from] item: Life Orb
|
|-weather|SunnyDay|[upkeep]
|upkeep
|
|t:|1785884897
|switch|p1b: Tyranitar|Tyranitar, L50, M|90/100
|-weather|Sandstorm|[from] ability: Sand Stream|[of] p1b: Tyranitar
|turn|6
|
|t:|1785884910
|switch|p2a: Checkmate|Kangaskhan, L50, F, shiny|93/100
|move|p1a: Staraptor|Close Combat|p2a: Checkmate
|-supereffective|p2a: Checkmate|1
|-damage|p2a: Checkmate|0 fnt
|-boost|p1a: Staraptor|def|1
|-boost|p1a: Staraptor|spd|1
|faint|p2a: Checkmate
|move|p1b: Tyranitar|Rock Slide|p2b: Legowlas
|-resisted|p2b: Legowlas|1
|-damage|p2b: Legowlas|0 fnt
|faint|p2b: Legowlas
|
|-weather|Sandstorm|[upkeep]
|-damage|p1a: Staraptor|62/100|[from] Sandstorm
|upkeep
|
|t:|1785884926
|switch|p2a: Krakatoa|Torkoal, L50, M|58/100
|switch|p2b: Mufasa|Pyroar-Mega, L50, F|100/100
|-weather|SunnyDay|[from] ability: Drought|[of] p2a: Krakatoa
|turn|7
|
|t:|1785884935
|switch|p1b: Sinistcha|Sinistcha-Masterpiece, L50|100/100
|-heal|p1a: Staraptor|86/100|[from] ability: Hospitality|[of] p1b: Sinistcha
|move|p2a: Krakatoa|Helping Hand|p2b: Mufasa
|-singleturn|p2b: Mufasa|Helping Hand|[of] p2a: Krakatoa
|move|p1a: Staraptor|Protect|p1a: Staraptor
|-singleturn|p1a: Staraptor|Protect
|move|p2b: Mufasa|Heat Wave|p1b: Sinistcha|[spread] p1b
|-activate|p1a: Staraptor|move: Protect
|-supereffective|p1b: Sinistcha|1
|-damage|p1b: Sinistcha|0 fnt
|faint|p1b: Sinistcha
|
|-weather|SunnyDay|[upkeep]
|upkeep
|
|t:|1785884947
|switch|p1b: Tyranitar|Tyranitar, L50, M|90/100
|-weather|Sandstorm|[from] ability: Sand Stream|[of] p1b: Tyranitar
|turn|8
|
|t:|1785884962
|move|p2a: Krakatoa|Helping Hand|p2b: Mufasa
|-singleturn|p2b: Mufasa|Helping Hand|[of] p2a: Krakatoa
|move|p2b: Mufasa|Overheat|p1a: Staraptor
|-damage|p1a: Staraptor|0 fnt
|-unboost|p2b: Mufasa|spa|2
|faint|p1a: Staraptor
|move|p1b: Tyranitar|Rock Slide|p2b: Mufasa|[spread] p2a,p2b
|-supereffective|p2a: Krakatoa|1
|-supereffective|p2b: Mufasa|1
|-damage|p2a: Krakatoa|16/100
|-damage|p2b: Mufasa|26/100
|
|-weather|Sandstorm|[upkeep]
|-damage|p2b: Mufasa|20/100y|[from] Sandstorm
|-damage|p2a: Krakatoa|10/100|[from] Sandstorm
|upkeep
|turn|9
|inactive|Ssamuuelll has 30 seconds left.
|
|t:|1785884988
|move|p2a: Krakatoa|Helping Hand|p2b: Mufasa
|-singleturn|p2b: Mufasa|Helping Hand|[of] p2a: Krakatoa
|move|p2b: Mufasa|Heat Wave|p1b: Tyranitar
|-resisted|p1b: Tyranitar|1
|-damage|p1b: Tyranitar|71/100
|move|p1b: Tyranitar|Rock Slide|p2a: Krakatoa|[spread] p2a,p2b
|-supereffective|p2a: Krakatoa|1
|-supereffective|p2b: Mufasa|1
|-damage|p2a: Krakatoa|0 fnt
|-damage|p2b: Mufasa|0 fnt
|faint|p2a: Krakatoa
|faint|p2b: Mufasa
|
|win|Gen4lover2
