|j|☆sorecruiser
|j|☆zoan lover
|html|sorecruiserzoan lover    
|uhtml|bestof|Game 2 of a best-of-3
|t:|1756931717
|gametype|doubles
|player|p1|sorecruiser|furisodegirl-black|1058
|player|p2|zoan lover|blackbelt-gen4dp|1112
|gen|9
|tier|[Gen 9] VGC 2025 Reg H (Bo3)
|rated|
|rule|Species Clause: Limit one of each Pokémon
|rule|Item Clause: Limit 1 of each item
|clearpoke
|poke|p1|Gholdengo, L50|
|poke|p1|Whimsicott, L50, M|
|poke|p1|Sneasler, L50, M|
|poke|p1|Basculegion, L50, M|
|poke|p1|Hydreigon, L50, F|
|poke|p1|Magmar, L50, M|
|poke|p2|Sneasler, L50, F|
|poke|p2|Indeedee, L50, M|
|poke|p2|Volcarona, L50, M|
|poke|p2|Ursaluna-Bloodmoon, L50, M|
|poke|p2|Annihilape, L50, F|
|poke|p2|Tyranitar, L50, M|
|teampreview|4
|showteam|p1|Gholdengo||MetalCoat|GoodasGold|MakeItRain,ShadowBall,NastyPlot,Protect||||||50|,,,,,Steel]Whimsicott||CovertCloak|Prankster|Tailwind,Encore,FakeTears,Moonblast|||M|||50|,,,,,Dark]Sneasler||FocusSash|PoisonTouch|Protect,CloseCombat,DireClaw,ThroatChop|||M|||50|,,,,,Dark]Basculegion||ChoiceScarf|Adaptability|LastRespects,WaveCrash,AquaJet,FlipTurn|||M|||50|,,,,,Ghost]Hydreigon||ChoiceSpecs|Levitate|DarkPulse,DracoMeteor,Snarl,HeatWave|||F|||50|,,,,,Fire]Magmar||Eviolite|VitalSpirit|Protect,FollowMe,HeatWave,Taunt|||M|||50|,,,,,Water
|showteam|p2|Sneasler||PsychicSeed|Unburden|CloseCombat,DireClaw,ThroatChop,Protect|||F|||50|,,,,,Dark]Indeedee||ChoiceScarf|PsychicSurge|ExpandingForce,TeraBlast,Trick,Protect|||M|||50|,,,,,Psychic]Volcarona||SitrusBerry|FlameBody|Overheat,StruggleBug,RagePowder,Tailwind|||M|||50|,,,,,Grass]Ursaluna-Bloodmoon||LifeOrb|MindsEye|BloodMoon,HyperVoice,EarthPower,Protect|||M|||50|,,,,,Normal]Annihilape||SafetyGoggles|Defiant|CloseCombat,RageFist,Taunt,FinalGambit|||F|||50|,,,,,Fairy]Tyranitar||AssaultVest|SandStream|RockSlide,KnockOff,TeraBlast,LowKick|||M|||50|,,,,,Flying
|inactive|Battle timer is ON: inactive players will automatically lose when time's up. (requested by zoan lover)
|j| Arkhept
|l| Arkhept
|inactive|sorecruiser has 60 seconds left.
|inactive|zoan lover has 60 seconds left.
|j| Arkhept
|inactive|sorecruiser has 30 seconds left.
|l| Arkhept
|
|t:|1756931786
|teamsize|p1|4
|teamsize|p2|4
|start
|switch|p1a: Hydreigon|Hydreigon, L50, F|100/100
|switch|p1b: Magmar|Magmar, L50, M|100/100
|switch|p2a: Tyranitar|Tyranitar, L50, M|100/100
|switch|p2b: Annihilape|Annihilape, L50, F|100/100
|-weather|Sandstorm|[from] ability: Sand Stream|[of] p2a: Tyranitar
|turn|1
|c|☆sorecruiser|whose arkhept
|inactive|sorecruiser has 30 seconds left.
|inactive|zoan lover has 30 seconds left.
|inactive|sorecruiser has 20 seconds left.
|inactive|zoan lover has 20 seconds left.
|inactive|sorecruiser has 15 seconds left.
|inactive|zoan lover has 15 seconds left.
|
|t:|1756931829
|move|p1b: Magmar|Follow Me|p1b: Magmar
|-singleturn|p1b: Magmar|move: Follow Me
|move|p2b: Annihilape|Taunt|p1b: Magmar
|-start|p1b: Magmar|move: Taunt
|move|p1a: Hydreigon|Draco Meteor|p2b: Annihilape
|-damage|p2b: Annihilape|3/100
|-unboost|p1a: Hydreigon|spa|2
|move|p2a: Tyranitar|Rock Slide|p1b: Magmar|[spread] p1a,p1b
|-supereffective|p1b: Magmar
|-damage|p1a: Hydreigon|60/100
|-damage|p1b: Magmar|58/100
|
|-weather|Sandstorm|[upkeep]
|-damage|p1a: Hydreigon|54/100|[from] Sandstorm
|-damage|p1b: Magmar|53/100|[from] Sandstorm
|upkeep
|turn|2
|c|☆zoan lover|idk
|inactive|zoan lover has 30 seconds left.
|inactive|zoan lover has 20 seconds left.
|inactive|zoan lover has 15 seconds left.
|
|t:|1756931873
|switch|p1b: Gholdengo|Gholdengo, L50|100/100
|move|p2b: Annihilape|Close Combat|p1b: Gholdengo
|-immune|p1b: Gholdengo
|move|p1a: Hydreigon|Draco Meteor|p2b: Annihilape
|-damage|p2b: Annihilape|0 fnt
|-unboost|p1a: Hydreigon|spa|2
|faint|p2b: Annihilape
|move|p2a: Tyranitar|Rock Slide|p1a: Hydreigon|[spread] p1a,p1b
|-resisted|p1b: Gholdengo
|-damage|p1a: Hydreigon|15/100
|-damage|p1b: Gholdengo|85/100
|
|-weather|Sandstorm|[upkeep]
|-damage|p1a: Hydreigon|9/100|[from] Sandstorm
|upkeep
|
|t:|1756931889
|switch|p2b: Volcarona|Volcarona, L50, M|100/100
|turn|3
|
|t:|1756931901
|-terastallize|p2a: Tyranitar|Flying
|move|p1b: Gholdengo|Protect|p1b: Gholdengo
|-singleturn|p1b: Gholdengo|Protect
|move|p2b: Volcarona|Tailwind|p2b: Volcarona
|-sidestart|p2: zoan lover|move: Tailwind
|move|p2a: Tyranitar|Knock Off|p1b: Gholdengo
|-activate|p1b: Gholdengo|move: Protect
|move|p1a: Hydreigon|Draco Meteor|p2b: Volcarona
|-damage|p2b: Volcarona|65/100
|-unboost|p1a: Hydreigon|spa|2
|
|-weather|Sandstorm|[upkeep]
|-damage|p2b: Volcarona|59/100|[from] Sandstorm
|-damage|p2a: Tyranitar|95/100|[from] Sandstorm
|-damage|p1a: Hydreigon|3/100|[from] Sandstorm
|upkeep
|turn|4
|inactive|sorecruiser has 30 seconds left.
|
|t:|1756931926
|switch|p2b: Ursaluna|Ursaluna-Bloodmoon, L50, M|100/100
|switch|p1b: Magmar|Magmar, L50, M|53/100
|move|p2a: Tyranitar|Knock Off|p1b: Magmar
|-damage|p1b: Magmar|13/100
|-enditem|p1b: Magmar|Eviolite|[from] move: Knock Off|[of] p2a: Tyranitar
|move|p1a: Hydreigon|Draco Meteor|p2b: Ursaluna
|-damage|p2b: Ursaluna|61/100
|
|-weather|Sandstorm|[upkeep]
|-damage|p2a: Tyranitar|89/100|[from] Sandstorm
|-damage|p1a: Hydreigon|0 fnt|[from] Sandstorm
|-damage|p1b: Magmar|8/100|[from] Sandstorm
|faint|p1a: Hydreigon
|upkeep
|
|t:|1756931947
|switch|p1a: Basculegion|Basculegion, L50, M|100/100
|turn|5
|
|t:|1756931960
|switch|p2b: Volcarona|Volcarona, L50, M|59/100
|move|p1b: Magmar|Follow Me|p1b: Magmar
|-singleturn|p1b: Magmar|move: Follow Me
|move|p2a: Tyranitar|Rock Slide|p1b: Magmar|[spread] p1a,p1b
|-supereffective|p1b: Magmar
|-damage|p1a: Basculegion|61/100
|-damage|p1b: Magmar|0 fnt
|faint|p1b: Magmar
|cant|p1a: Basculegion|flinch
|
|-weather|none
|upkeep
|
|t:|1756931969
|switch|p1b: Gholdengo|Gholdengo, L50|85/100
|turn|6
|
|t:|1756931987
|move|p1b: Gholdengo|Protect|p1b: Gholdengo
|-singleturn|p1b: Gholdengo|Protect
|move|p2b: Volcarona|Rage Powder|p2b: Volcarona
|-singleturn|p2b: Volcarona|move: Rage Powder
|move|p1a: Basculegion|Aqua Jet|p2b: Volcarona
|-supereffective|p2b: Volcarona
|-damage|p2b: Volcarona|0 fnt
|-status|p1a: Basculegion|brn|[from] ability: Flame Body|[of] p2b: Volcarona
|faint|p2b: Volcarona
|move|p2a: Tyranitar|Knock Off|p1a: Basculegion
|-supereffective|p1a: Basculegion
|-damage|p1a: Basculegion|0 fnt
|-enditem|p1a: Basculegion|Choice Scarf|[from] move: Knock Off|[of] p2a: Tyranitar
|faint|p1a: Basculegion
|
|-sideend|p2: zoan lover|move: Tailwind
|upkeep
|
|t:|1756931997
|switch|p2b: Ursaluna|Ursaluna-Bloodmoon, L50, M|61/100
|turn|7
|
|t:|1756932001
|-terastallize|p1b: Gholdengo|Steel
|move|p1b: Gholdengo|Nasty Plot|p1b: Gholdengo
|-boost|p1b: Gholdengo|spa|2
|move|p2a: Tyranitar|Knock Off|p1b: Gholdengo
|-damage|p1b: Gholdengo|28/100
|-enditem|p1b: Gholdengo|Metal Coat|[from] move: Knock Off|[of] p2a: Tyranitar
|move|p2b: Ursaluna|Earth Power|p1b: Gholdengo
|-supereffective|p1b: Gholdengo
|-damage|p1b: Gholdengo|0 fnt
|faint|p1b: Gholdengo
|-damage|p2b: Ursaluna|51/100|[from] item: Life Orb
|
|win|zoan lover
