|j|☆2whitefl
|j|☆Gyra78
|html|2whiteflGyra78    
|uhtml|bestof|Game 1 of a best-of-3
|t:|1756175291
|gametype|doubles
|player|p1|2whitefl|blue|1240
|player|p2|Gyra78|volkner|1256
|gen|9
|tier|[Gen 9] VGC 2025 Reg H (Bo3)
|rated|
|rule|Species Clause: Limit one of each Pokémon
|rule|Item Clause: Limit 1 of each item
|clearpoke
|poke|p1|Basculegion, L50, M|
|poke|p1|Archaludon, L50, M|
|poke|p1|Incineroar, L50, F|
|poke|p1|Gholdengo, L50|
|poke|p1|Rillaboom, L50, F|
|poke|p1|Pelipper, L50, M|
|poke|p2|Basculegion, L50, M|
|poke|p2|Pelipper, L50, M|
|poke|p2|Archaludon, L50, M|
|poke|p2|Incineroar, L50, M|
|poke|p2|Gholdengo, L50|
|poke|p2|Amoonguss, L50, M|
|teampreview|4
|showteam|p1|Basculegion||ChoiceScarf|Adaptability|LastRespects,WaveCrash,AquaJet,FlipTurn|||M|||50|,,,,,Water]Archaludon||AssaultVest|Stamina|DracoMeteor,ElectroShot,BodyPress,FlashCannon|||M|||50|,,,,,Grass]Incineroar||SafetyGoggles|Intimidate|FakeOut,KnockOff,FlareBlitz,PartingShot|||F|||50|,,,,,Water]Gholdengo||LifeOrb|GoodasGold|MakeItRain,ShadowBall,NastyPlot,Protect||||||50|,,,,,Water]Rillaboom||ClearAmulet|GrassySurge|FakeOut,GrassyGlide,WoodHammer,Uturn|||F|||50|,,,,,Fire]Pelipper||FocusSash|Drizzle|Hurricane,MuddyWater,Tailwind,Protect|||M|||50|,,,,,Ghost
|showteam|p2|Basculegion||LifeOrb|SwiftSwim|WaveCrash,LastRespects,Protect,FlipTurn|||M|||50|,,,,,Grass]Pelipper||FocusSash|Drizzle|Protect,Hurricane,WeatherBall,Tailwind|||M|||50|,,,,,Ghost]Archaludon||AssaultVest|Stamina|ElectroShot,DracoMeteor,Snarl,BodyPress|||M|||50|,,,,,Grass]Incineroar||SafetyGoggles|Intimidate|FakeOut,PartingShot,Taunt,KnockOff|||M|||50|,,,,,Bug]Gholdengo||SitrusBerry|GoodasGold|MakeItRain,ShadowBall,NastyPlot,Protect||||||50|,,,,,Flying]Amoonguss||RockyHelmet|Regenerator|Spore,RagePowder,PollenPuff,Protect|||M|||50|,,,,,Water
|inactive|Battle timer is ON: inactive players will automatically lose when time's up. (requested by 2whitefl)
|inactive|2whitefl has 60 seconds left.
|inactive|Gyra78 has 60 seconds left.
|
|t:|1756175337
|teamsize|p1|4
|teamsize|p2|4
|start
|switch|p1a: Basculegion|Basculegion, L50, M|100/100
|switch|p1b: Archaludon|Archaludon, L50, M|100/100
|switch|p2a: PennyBoard|Gholdengo, L50, shiny|100/100
|switch|p2b: Alfredo|Amoonguss, L50, M, shiny|100/100
|turn|1
|
|t:|1756175360
|-terastallize|p1b: Archaludon|Grass
|move|p2b: Alfredo|Rage Powder|p2b: Alfredo
|-singleturn|p2b: Alfredo|move: Rage Powder
|move|p1a: Basculegion|Flip Turn|p2b: Alfredo
|-resisted|p2b: Alfredo
|-damage|p2b: Alfredo|82/100
|-damage|p1a: Basculegion|84/100|[from] item: Rocky Helmet|[of] p2b: Alfredo
|
|t:|1756175368
|switch|p1a: Pelipper|Pelipper, L50, M|100/100|[from] Flip Turn
|-weather|RainDance|[from] ability: Drizzle|[of] p1a: Pelipper
|move|p1b: Archaludon|Electro Shot||[still]
|-prepare|p1b: Archaludon|Electro Shot
|-boost|p1b: Archaludon|spa|1
|-anim|p1b: Archaludon|Electro Shot|p2a: PennyBoard
|-damage|p2a: PennyBoard|45/100
|-enditem|p2a: PennyBoard|Sitrus Berry|[eat]
|-heal|p2a: PennyBoard|70/100|[from] item: Sitrus Berry
|move|p2a: PennyBoard|Shadow Ball|p1a: Pelipper
|-damage|p1a: Pelipper|18/100
|
|-weather|RainDance|[upkeep]
|upkeep
|turn|2
|inactive|2whitefl has 30 seconds left.
|inactive|Gyra78 has 30 seconds left.
|inactive|2whitefl has 20 seconds left.
|inactive|Gyra78 has 20 seconds left.
|
|t:|1756175406
|switch|p2a: AC⚡︎DC|Archaludon, L50, M, shiny|100/100
|move|p1a: Pelipper|Tailwind|p1a: Pelipper
|-sidestart|p1: 2whitefl|move: Tailwind
|move|p1b: Archaludon|Electro Shot||[still]
|-prepare|p1b: Archaludon|Electro Shot
|-boost|p1b: Archaludon|spa|1
|-anim|p1b: Archaludon|Electro Shot|p2a: AC⚡︎DC
|-resisted|p2a: AC⚡︎DC
|-damage|p2a: AC⚡︎DC|72/100
|-ability|p2a: AC⚡︎DC|Stamina|boost
|-boost|p2a: AC⚡︎DC|def|1
|move|p2b: Alfredo|Pollen Puff|p2a: AC⚡︎DC
|-heal|p2a: AC⚡︎DC|100/100
|
|-weather|RainDance|[upkeep]
|upkeep
|turn|3
|inactive|Gyra78 has 30 seconds left.
|
|t:|1756175439
|move|p1a: Pelipper|Hurricane|p2b: Alfredo
|-supereffective|p2b: Alfredo
|-damage|p2b: Alfredo|3/100
|move|p1b: Archaludon|Draco Meteor|p2a: AC⚡︎DC
|-damage|p2a: AC⚡︎DC|20/100
|-unboost|p1b: Archaludon|spa|2
|-ability|p2a: AC⚡︎DC|Stamina|boost
|-boost|p2a: AC⚡︎DC|def|1
|move|p2a: AC⚡︎DC|Electro Shot||[still]
|-prepare|p2a: AC⚡︎DC|Electro Shot
|-boost|p2a: AC⚡︎DC|spa|1
|-anim|p2a: AC⚡︎DC|Electro Shot|p1a: Pelipper
|-supereffective|p1a: Pelipper
|-damage|p1a: Pelipper|0 fnt
|faint|p1a: Pelipper
|move|p2b: Alfredo|Pollen Puff|p1b: Archaludon
|-supereffective|p1b: Archaludon
|-damage|p1b: Archaludon|75/100
|-ability|p1b: Archaludon|Stamina|boost
|-boost|p1b: Archaludon|def|1
|
|-weather|RainDance|[upkeep]
|upkeep
|
|t:|1756175451
|switch|p1a: Basculegion|Basculegion, L50, M|84/100
|turn|4
|
|t:|1756175479
|switch|p2b: Davy Jones|Basculegion, L50, M, shiny|100/100
|move|p1a: Basculegion|Flip Turn|p2b: Davy Jones
|-resisted|p2b: Davy Jones
|-damage|p2b: Davy Jones|58/100
|
|t:|1756175484
|switch|p1a: Rillaboom|Rillaboom, L50, F|100/100|[from] Flip Turn
|-fieldstart|move: Grassy Terrain|[from] ability: Grassy Surge|[of] p1a: Rillaboom
|move|p1b: Archaludon|Draco Meteor|p2a: AC⚡︎DC
|-damage|p2a: AC⚡︎DC|0 fnt
|-unboost|p1b: Archaludon|spa|2
|faint|p2a: AC⚡︎DC
|
|-weather|RainDance|[upkeep]
|-heal|p2b: Davy Jones|64/100|[from] Grassy Terrain
|-heal|p1b: Archaludon|81/100|[from] Grassy Terrain
|upkeep
|
|t:|1756175492
|switch|p2a: PennyBoard|Gholdengo, L50, shiny|70/100
|turn|5
|
|t:|1756175509
|-terastallize|p2b: Davy Jones|Grass
|move|p1a: Rillaboom|Grassy Glide|p2b: Davy Jones
|-resisted|p2b: Davy Jones
|-damage|p2b: Davy Jones|40/100
|move|p2b: Davy Jones|Last Respects|p1a: Rillaboom
|-damage|p1a: Rillaboom|38/100
|-damage|p2b: Davy Jones|30/100|[from] item: Life Orb
|move|p1b: Archaludon|Electro Shot||[still]
|-prepare|p1b: Archaludon|Electro Shot
|-boost|p1b: Archaludon|spa|1
|-anim|p1b: Archaludon|Electro Shot|p2a: PennyBoard
|-damage|p2a: PennyBoard|47/100
|move|p2a: PennyBoard|Nasty Plot|p2a: PennyBoard
|-boost|p2a: PennyBoard|spa|2
|
|-weather|none
|-heal|p2b: Davy Jones|36/100|[from] Grassy Terrain
|-heal|p1b: Archaludon|87/100|[from] Grassy Terrain
|-heal|p1a: Rillaboom|44/100|[from] Grassy Terrain
|-heal|p2a: PennyBoard|53/100|[from] Grassy Terrain
|-sideend|p1: 2whitefl|move: Tailwind
|upkeep
|turn|6
|inactive|2whitefl has 30 seconds left.
|inactive|Gyra78 has 30 seconds left.
|
|t:|1756175541
|move|p1a: Rillaboom|Grassy Glide|p2b: Davy Jones
|-resisted|p2b: Davy Jones
|-damage|p2b: Davy Jones|14/100
|move|p2b: Davy Jones|Last Respects|p1b: Archaludon
|-damage|p1b: Archaludon|56/100
|-ability|p1b: Archaludon|Stamina|boost
|-boost|p1b: Archaludon|def|1
|-damage|p2b: Davy Jones|4/100|[from] item: Life Orb
|move|p1b: Archaludon|Flash Cannon|p2b: Davy Jones
|-damage|p2b: Davy Jones|0 fnt
|faint|p2b: Davy Jones
|move|p2a: PennyBoard|Make It Rain|p1b: Archaludon|[spread] p1a,p1b
|-damage|p1a: Rillaboom|0 fnt
|-damage|p1b: Archaludon|0 fnt
|-unboost|p2a: PennyBoard|spa|1
|faint|p1a: Rillaboom
|faint|p1b: Archaludon
|
|-heal|p2a: PennyBoard|59/100|[from] Grassy Terrain
|upkeep
|
|t:|1756175558
|switch|p2b: Alfredo|Amoonguss, L50, M, shiny|36/100
|switch|p1b: Basculegion|Basculegion, L50, M|84/100
|turn|7
|
|t:|1756175564
|move|p2b: Alfredo|Rage Powder|p2b: Alfredo
|-singleturn|p2b: Alfredo|move: Rage Powder
|move|p1b: Basculegion|Last Respects|p2b: Alfredo
|-damage|p2b: Alfredo|0 fnt
|faint|p2b: Alfredo
|move|p2a: PennyBoard|Shadow Ball|p1b: Basculegion
|-supereffective|p1b: Basculegion
|-damage|p1b: Basculegion|0 fnt
|faint|p1b: Basculegion
|
|win|Gyra78
||2whitefl is ready for game 2.
||Gyra78 is ready for game 2.
|uhtml|next|Next: Game 2 of 3
