|j|☆lettitripppp
|j|☆Ellorn
|html|lettitrippppEllorn    
|uhtml|bestof|Game 3 of a best-of-3
|t:|1785023748
|gametype|doubles
|player|p1|lettitripppp|lucas|1217
|player|p2|Ellorn|hilda-wonderlauncher|1144
|gen|9
|tier|[Gen 9 Champions] VGC 2026 Reg M-B (Bo3)
|rated|
|rule|Species Clause: Limit one of each Pokémon
|rule|Item Clause: Limit 1 of each item
|clearpoke
|poke|p1|Charizard, L50, M, shiny|
|poke|p1|Basculegion, L50, M, shiny|
|poke|p1|Pelipper, L50, F|
|poke|p1|Venusaur, L50, F|
|poke|p1|Archaludon, L50, M|
|poke|p1|Grimmsnarl, L50, M, shiny|
|poke|p2|Gengar, L50, F|
|poke|p2|Incineroar, L50, F|
|poke|p2|Sneasler, L50, M|
|poke|p2|Kingambit, L50, F|
|poke|p2|Maushold-Four, L50|
|poke|p2|Kommo-o, L50, M|
|teampreview|4
|showteam|p1|Charizard||CharizarditeY|Blaze|WeatherBall,SolarBeam,HeatWave,Protect|Modest||M|||50|]Basculegion||ChoiceScarf|Adaptability|LastRespects,WaveCrash,FlipTurn,AquaJet|Jolly||M|||50|]Pelipper||SitrusBerry|Drizzle|WeatherBall,WideGuard,Hurricane,Tailwind|Modest||F|||50|]Venusaur||FocusSash|Chlorophyll|SleepPowder,SludgeBomb,EarthPower,Protect|Timid||F|||50|]Archaludon||Leftovers|Stamina|FlashCannon,DragonPulse,ElectroShot,Protect|Calm||M|||50|]Grimmsnarl||LightClay|Prankster|PartingShot,LightScreen,FakeOut,Reflect|Relaxed||M|||50|
|showteam|p2|Gengar||Gengarite|CursedBody|PerishSong,SludgeBomb,Disable,Protect|Timid||F|||50|]Incineroar||SitrusBerry|Intimidate|FakeOut,ThroatChop,PartingShot,Protect|Careful||F|||50|]Sneasler||WhiteHerb|Unburden|FakeOut,CloseCombat,DireClaw,Protect|Jolly||M|||50|]Kingambit||ChopleBerry|Defiant|KowtowCleave,SuckerPunch,LowKick,Protect|Adamant||F|||50|]Maushold-Four||Leftovers|FriendGuard|SuperFang,Encore,FollowMe,Protect|Calm|||||50|]Kommo-o||DragonFang|Soundproof|ClangorousSoul,ClangingScales,AuraSphere,Protect|Modest||M|||50|
|inactive|Battle timer is ON: inactive players will automatically lose when time's up. (requested by Ellorn)
|inactive|lettitripppp also wants the timer to be on.
|
|t:|1785023770
|teamsize|p1|4
|teamsize|p2|4
|start
|switch|p1a: WET-BEAK|Pelipper, L50, F|100/100
|switch|p1b: GO JOHAN|Grimmsnarl, L50, M, shiny|100/100
|switch|p2a: Kingambit|Kingambit, L50, F|100/100
|switch|p2b: Kommo-o|Kommo-o, L50, M|100/100
|-weather|RainDance|[from] ability: Drizzle|[of] p1a: WET-BEAK
|turn|1
|inactive|Ellorn has 30 seconds left.
|
|t:|1785023796
|move|p1b: GO JOHAN|Fake Out|p2a: Kingambit
|-resisted|p2a: Kingambit|1
|-damage|p2a: Kingambit|95/100
|move|p2b: Kommo-o|Clangorous Soul|p2b: Kommo-o
|-boost|p2b: Kommo-o|atk|1
|-boost|p2b: Kommo-o|def|1
|-boost|p2b: Kommo-o|spa|1
|-boost|p2b: Kommo-o|spd|1
|-boost|p2b: Kommo-o|spe|1
|-damage|p2b: Kommo-o|67/100
|move|p1a: WET-BEAK|Tailwind|p1a: WET-BEAK
|-sidestart|p1: lettitripppp|move: Tailwind
|cant|p2a: Kingambit|flinch
|
|-weather|RainDance|[upkeep]
|upkeep
|turn|2
|inactive|Ellorn has 30 seconds left.
|inactive|Ellorn has 20 seconds left.
|
|t:|1785023832
|move|p1b: GO JOHAN|Parting Shot|p2b: Kommo-o
|-immune|p2b: Kommo-o|[from] ability: Soundproof
|move|p1a: WET-BEAK|Hurricane|p2b: Kommo-o
|-supereffective|p2b: Kommo-o|1
|-damage|p2b: Kommo-o|0 fnt
|faint|p2b: Kommo-o
|move|p2a: Kingambit|Kowtow Cleave|p1a: WET-BEAK
|-damage|p1a: WET-BEAK|47/100
|-enditem|p1a: WET-BEAK|Sitrus Berry|[eat]
|-heal|p1a: WET-BEAK|72/100|[from] item: Sitrus Berry
|
|-weather|RainDance|[upkeep]
|upkeep
|
|t:|1785023844
|switch|p2b: Incineroar|Incineroar, L50, F|100/100
|-ability|p2b: Incineroar|Intimidate|boost
|-unboost|p1a: WET-BEAK|atk|1
|-unboost|p1b: GO JOHAN|atk|1
|turn|3
|
|t:|1785023860
|switch|p2a: Gengar|Gengar, L50, F|100/100
|move|p2b: Incineroar|Fake Out|p1a: WET-BEAK
|-damage|p1a: WET-BEAK|61/100
|move|p1b: GO JOHAN|Reflect|p1b: GO JOHAN
|-sidestart|p1: lettitripppp|Reflect
|cant|p1a: WET-BEAK|flinch
|
|-weather|RainDance|[upkeep]
|upkeep
|turn|4
|
|t:|1785023877
|switch|p2b: Kingambit|Kingambit, L50, F|95/100
|detailschange|p2a: Gengar|Gengar-Mega, L50, F
|-mega|p2a: Gengar|Gengar|Gengarite
|move|p2a: Gengar|Protect|p2a: Gengar
|-singleturn|p2a: Gengar|Protect
|move|p1b: GO JOHAN|Light Screen|p1b: GO JOHAN
|-sidestart|p1: lettitripppp|move: Light Screen
|move|p1a: WET-BEAK|Weather Ball|p2b: Kingambit
|-damage|p2b: Kingambit|37/100
|
|-weather|RainDance|[upkeep]
|-sideend|p1: lettitripppp|move: Tailwind
|upkeep
|turn|5
|
|t:|1785023893
|move|p2b: Kingambit|Protect|p2b: Kingambit
|-singleturn|p2b: Kingambit|Protect
|move|p1b: GO JOHAN|Parting Shot|p2a: Gengar
|-unboost|p2a: Gengar|atk|1
|-unboost|p2a: Gengar|spa|1
|
|t:|1785023898
|switch|p1b: GHOSTWAVE|Basculegion, L50, M, shiny|100/100|[from] Parting Shot
|move|p2a: Gengar|Perish Song|p2a: Gengar
|-start|p1a: WET-BEAK|perish3|[silent]
|-start|p1b: GHOSTWAVE|perish3|[silent]
|-start|p2a: Gengar|perish3|[silent]
|-start|p2b: Kingambit|perish3|[silent]
|-fieldactivate|move: Perish Song
|move|p1a: WET-BEAK|Weather Ball|p2b: Kingambit
|-activate|p2b: Kingambit|move: Protect
|
|-weather|none
|-start|p1b: GHOSTWAVE|perish3
|-start|p2a: Gengar|perish3
|-start|p1a: WET-BEAK|perish3
|-start|p2b: Kingambit|perish3
|upkeep
|turn|6
|
|t:|1785023920
|switch|p2b: Incineroar|Incineroar, L50, F|100/100
|-ability|p2b: Incineroar|Intimidate|boost
|-unboost|p1a: WET-BEAK|atk|1
|-unboost|p1b: GHOSTWAVE|atk|1
|move|p2a: Gengar|Protect|p2a: Gengar
|-singleturn|p2a: Gengar|Protect
|move|p1b: GHOSTWAVE|Wave Crash|p2b: Incineroar
|-supereffective|p2b: Incineroar|1
|-damage|p2b: Incineroar|20/100y
|-enditem|p2b: Incineroar|Sitrus Berry|[eat]
|-heal|p2b: Incineroar|45/100|[from] item: Sitrus Berry
|-damage|p1b: GHOSTWAVE|72/100|[from] Recoil
|move|p1a: WET-BEAK|Hurricane|p2a: Gengar
|-activate|p2a: Gengar|move: Protect
|
|-start|p1b: GHOSTWAVE|perish2
|-start|p2a: Gengar|perish2
|-start|p1a: WET-BEAK|perish2
|upkeep
|turn|7
|inactive|Ellorn has 30 seconds left.
|inactive|Ellorn has 20 seconds left.
|inactive|Ellorn has 15 seconds left.
|inactive|Ellorn has 10 seconds left.
|
|t:|1785023966
|switch|p1b: GO JOHAN|Grimmsnarl, L50, M, shiny|100/100
|switch|p2a: Kingambit|Kingambit, L50, F|37/100
|move|p1a: WET-BEAK|Hurricane|p2a: Kingambit|[miss]
|-miss|p1a: WET-BEAK|p2a: Kingambit
|move|p2b: Incineroar|Parting Shot|p1a: WET-BEAK
|-unboost|p1a: WET-BEAK|atk|1
|-unboost|p1a: WET-BEAK|spa|1
|
|t:|1785023976
|switch|p2b: Gengar|Gengar-Mega, L50, F|100/100|[from] Parting Shot
|
|-start|p1a: WET-BEAK|perish1
|upkeep
|turn|8
|inactive|Ellorn has 30 seconds left.
|
|t:|1785024007
|move|p2a: Kingambit|Protect|p2a: Kingambit
|-singleturn|p2a: Kingambit|Protect
|move|p1b: GO JOHAN|Fake Out|p2a: Kingambit
|-activate|p2a: Kingambit|move: Protect
|move|p2b: Gengar|Sludge Bomb|p1b: GO JOHAN
|-supereffective|p1b: GO JOHAN|1
|-damage|p1b: GO JOHAN|32/100
|move|p1a: WET-BEAK|Weather Ball|p2a: Kingambit
|-activate|p2a: Kingambit|move: Protect
|
|-start|p1a: WET-BEAK|perish0
|faint|p1a: WET-BEAK
|upkeep
|
|t:|1785024026
|switch|p1a: AGNI|Charizard, L50, M, shiny|100/100
|turn|9
|
|t:|1785024046
|switch|p2a: Incineroar|Incineroar, L50, F|45/100
|-ability|p2a: Incineroar|Intimidate|boost
|-unboost|p1a: AGNI|atk|1
|-unboost|p1b: GO JOHAN|atk|1
|detailschange|p1a: AGNI|Charizard-Mega-Y, L50, M, shiny
|-mega|p1a: AGNI|Charizard|Charizardite Y
|-weather|SunnyDay|[from] ability: Drought|[of] p1a: AGNI
|move|p1b: GO JOHAN|Parting Shot|p2b: Gengar
|-unboost|p2b: Gengar|atk|1
|-unboost|p2b: Gengar|spa|1
|
|t:|1785024056
|switch|p1b: GHOSTWAVE|Basculegion, L50, M, shiny|72/100|[from] Parting Shot
|move|p2b: Gengar|Perish Song|p2b: Gengar
|-start|p1a: AGNI|perish3|[silent]
|-start|p1b: GHOSTWAVE|perish3|[silent]
|-start|p2a: Incineroar|perish3|[silent]
|-start|p2b: Gengar|perish3|[silent]
|-fieldactivate|move: Perish Song
|move|p1a: AGNI|Heat Wave|p2a: Incineroar|[spread] p2a,p2b
|-resisted|p2a: Incineroar|1
|-damage|p2a: Incineroar|20/100y
|-damage|p2b: Gengar|37/100
|-status|p2b: Gengar|brn
|
|-weather|SunnyDay|[upkeep]
|-damage|p2b: Gengar|31/100 brn|[from] brn
|-start|p1b: GHOSTWAVE|perish3
|-start|p2b: Gengar|perish3
|-start|p1a: AGNI|perish3
|-start|p2a: Incineroar|perish3
|upkeep
|turn|10
|
|t:|1785024078
|move|p2b: Gengar|Protect|p2b: Gengar
|-singleturn|p2b: Gengar|Protect
|move|p2a: Incineroar|Protect|p2a: Incineroar
|-singleturn|p2a: Incineroar|Protect
|move|p1b: GHOSTWAVE|Wave Crash|p2a: Incineroar
|-activate|p2a: Incineroar|move: Protect
|move|p1a: AGNI|Weather Ball|p2b: Gengar
|-activate|p2b: Gengar|move: Protect
|
|-weather|SunnyDay|[upkeep]
|-damage|p2b: Gengar|25/100 brn|[from] brn
|-start|p1b: GHOSTWAVE|perish2
|-start|p2b: Gengar|perish2
|-start|p1a: AGNI|perish2
|-start|p2a: Incineroar|perish2
|-sideend|p1: lettitripppp|Reflect
|upkeep
|turn|11
|
|t:|1785024102
|switch|p2b: Kingambit|Kingambit, L50, F|37/100
|move|p1b: GHOSTWAVE|Wave Crash|p2b: Kingambit
|-damage|p2b: Kingambit|8/100
|-damage|p1b: GHOSTWAVE|62/100|[from] Recoil
|move|p1a: AGNI|Weather Ball|p2a: Incineroar
|-resisted|p2a: Incineroar|1
|-damage|p2a: Incineroar|0 fnt
|faint|p2a: Incineroar
|
|-weather|SunnyDay|[upkeep]
|-start|p1b: GHOSTWAVE|perish1
|-start|p1a: AGNI|perish1
|-sideend|p1: lettitripppp|move: Light Screen
|upkeep
|
|t:|1785024115
|switch|p2a: Gengar|Gengar-Mega, L50, F|25/100 brn
|turn|12
|
|t:|1785024137
|switch|p1b: GO JOHAN|Grimmsnarl, L50, M, shiny|32/100
|move|p2a: Gengar|Protect|p2a: Gengar
|-singleturn|p2a: Gengar|Protect
|move|p2b: Kingambit|Protect|p2b: Kingambit
|-singleturn|p2b: Kingambit|Protect
|move|p1a: AGNI|Heat Wave|p2a: Gengar|[spread] 
|-activate|p2a: Gengar|move: Protect
|-activate|p2b: Kingambit|move: Protect
|
|-weather|SunnyDay|[upkeep]
|-damage|p2a: Gengar|19/100 brn|[from] brn
|-start|p1a: AGNI|perish0
|faint|p1a: AGNI
|upkeep
|
|t:|1785024144
|switch|p1a: GHOSTWAVE|Basculegion, L50, M, shiny|62/100
|turn|13
|
|t:|1785024158
|move|p1b: GO JOHAN|Fake Out|p2b: Kingambit
|-resisted|p2b: Kingambit|1
|-damage|p2b: Kingambit|4/100
|cant|p2b: Kingambit|flinch
|move|p1a: GHOSTWAVE|Last Respects|p2a: Gengar
|-supereffective|p2a: Gengar|1
|-damage|p2a: Gengar|0 fnt
|faint|p2a: Gengar
|
|-weather|none
|upkeep
|turn|14
|
|t:|1785024170
|move|p2b: Kingambit|Sucker Punch|p1a: GHOSTWAVE
|-supereffective|p1a: GHOSTWAVE|1
|-damage|p1a: GHOSTWAVE|0 fnt
|faint|p1a: GHOSTWAVE
|move|p1b: GO JOHAN|Reflect|p1b: GO JOHAN
|-sidestart|p1: lettitripppp|Reflect
|
|upkeep
|turn|15
|
|t:|1785024177
|move|p1b: GO JOHAN|Light Screen|p1b: GO JOHAN
|-sidestart|p1: lettitripppp|move: Light Screen
|move|p2b: Kingambit|Low Kick|p1b: GO JOHAN
|-damage|p1b: GO JOHAN|12/100
|
|upkeep
|turn|16
|-message|lettitripppp forfeited.
|raw|lettitripppp's rating: 1217 → 1187(-30 for losing)
|raw|Ellorn's rating: 1144 → 1174(+30 for winning)
|
|win|Ellorn
|l|☆lettitripppp
|player|p1|
