|j|☆Ake295
|j|☆Jaybee394
|html|Ake295Jaybee394    
|uhtml|bestof|Game 2 of a best-of-3
|t:|1757668237
|gametype|doubles
|player|p1|Ake295|266|1112
|player|p2|Jaybee394|265|1096
|gen|9
|tier|[Gen 9] VGC 2025 Reg H (Bo3)
|rated|
|rule|Species Clause: Limit one of each Pokémon
|rule|Item Clause: Limit 1 of each item
|clearpoke
|poke|p1|Kingambit, L50, F|
|poke|p1|Rillaboom, L50, M|
|poke|p1|Electabuzz, L50, F|
|poke|p1|Sneasler, L50, M|
|poke|p1|Dragonite, L50, F|
|poke|p1|Volcarona, L50, F|
|poke|p2|Volcarona, L50, F|
|poke|p2|Ninetales-Alola, L50, M|
|poke|p2|Kingambit, L50, M|
|poke|p2|Rillaboom, L50, F|
|poke|p2|Sneasler, L50, M|
|poke|p2|Electabuzz, L50, M|
|teampreview|4
|showteam|p1|Kingambit||BlackGlasses|Defiant|KowtowCleave,SuckerPunch,SwordsDance,Protect|||F|||50|,,,,,Ghost]Rillaboom||AssaultVest|GrassySurge|WoodHammer,GrassyGlide,FakeOut,HighHorsepower|||M|||50|,,,,,Fire]Electabuzz||Eviolite|VitalSpirit|Electroweb,Taunt,FollowMe,Protect|||F|||50|,,,,,Ghost]Sneasler||FocusSash|PoisonTouch|CloseCombat,DireClaw,FakeOut,Coaching|||M|||50|,,,,,Stellar]Dragonite||LoadedDice|Multiscale|Protect,ScaleShot,Haze,ExtremeSpeed|||F|||50|,,,,,Fairy]Volcarona||Leftovers|FlameBody|HeatWave,TeraBlast,QuiverDance,Protect|||F|||50|,,,,,Fairy
|showteam|p2|Volcarona||LifeOrb|FlameBody|HeatWave,TeraBlast,Protect,QuiverDance|||F|||50|,,,,,Water]Ninetales-Alola||ChoiceSpecs|SnowWarning|Blizzard,Moonblast,AuroraVeil,FreezeDry|||M|||50|,,,,,Water]Kingambit||SafetyGoggles|Defiant|SuckerPunch,KowtowCleave,Protect,SwordsDance|||M|||50|,,,,,Dark]Rillaboom||AssaultVest|GrassySurge|WoodHammer,GrassyGlide,FakeOut,HighHorsepower|||F|||50|,,,,,Fire]Sneasler||FocusSash|Unburden|DireClaw,CloseCombat,FakeOut,Protect|||M|||50|,,,,,Stellar]Electabuzz||Eviolite|VitalSpirit|Electroweb,FollowMe,Taunt,Protect|||M|||50|,,,,,Ghost
|inactive|Battle timer is ON: inactive players will automatically lose when time's up. (requested by Ake295)
|
|t:|1757668302
|teamsize|p1|4
|teamsize|p2|4
|start
|switch|p1a: Volcarona|Volcarona, L50, F|100/100
|switch|p1b: Sneasler|Sneasler, L50, M|100/100
|switch|p2a: Sneasler|Sneasler, L50, M|100/100
|switch|p2b: Volcarona|Volcarona, L50, F|100/100
|turn|1
|
|t:|1757668317
|move|p2a: Sneasler|Fake Out|p1b: Sneasler
|-damage|p1b: Sneasler|74/100
|cant|p1b: Sneasler|flinch
|move|p2b: Volcarona|Quiver Dance|p2b: Volcarona
|-boost|p2b: Volcarona|spa|1
|-boost|p2b: Volcarona|spd|1
|-boost|p2b: Volcarona|spe|1
|move|p1a: Volcarona|Quiver Dance|p1a: Volcarona
|-boost|p1a: Volcarona|spa|1
|-boost|p1a: Volcarona|spd|1
|-boost|p1a: Volcarona|spe|1
|
|upkeep
|turn|2
|inactive|Ake295 has 30 seconds left.
|inactive|Jaybee394 has 30 seconds left.
|inactive|Ake295 has 20 seconds left.
|inactive|Ake295 has 15 seconds left.
|
|t:|1757668359
|-terastallize|p2b: Volcarona|Water
|move|p2a: Sneasler|Protect|p2a: Sneasler
|-singleturn|p2a: Sneasler|Protect
|move|p2b: Volcarona|Tera Blast|p1a: Volcarona|[anim] Tera Blast Water
|-supereffective|p1a: Volcarona
|-damage|p1a: Volcarona|15/100
|-damage|p2b: Volcarona|91/100|[from] item: Life Orb
|move|p1a: Volcarona|Heat Wave|p2a: Sneasler|[spread] p2b
|-activate|p2a: Sneasler|move: Protect
|-resisted|p2b: Volcarona
|-damage|p2b: Volcarona|75/100
|-status|p2b: Volcarona|brn
|move|p1b: Sneasler|Coaching|p1a: Volcarona
|-boost|p1a: Volcarona|atk|1
|-boost|p1a: Volcarona|def|1
|
|-heal|p1a: Volcarona|21/100|[from] item: Leftovers
|-damage|p2b: Volcarona|69/100 brn|[from] brn
|upkeep
|turn|3
|inactive|Ake295 has 30 seconds left.
|inactive|Jaybee394 has 30 seconds left.
|inactive|Jaybee394 has 20 seconds left.
|
|t:|1757668397
|switch|p2a: Electabuzz|Electabuzz, L50, M|100/100
|switch|p1b: Rillaboom|Rillaboom, L50, M|100/100
|-fieldstart|move: Grassy Terrain|[from] ability: Grassy Surge|[of] p1b: Rillaboom
|move|p1a: Volcarona|Protect|p1a: Volcarona
|-singleturn|p1a: Volcarona|Protect
|move|p2b: Volcarona|Heat Wave|p1b: Rillaboom|[spread] p1b
|-activate|p1a: Volcarona|move: Protect
|-supereffective|p1b: Rillaboom
|-damage|p1b: Rillaboom|3/100
|-status|p1b: Rillaboom|brn
|-damage|p2b: Volcarona|59/100 brn|[from] item: Life Orb
|
|-heal|p2b: Volcarona|65/100 brn|[from] Grassy Terrain
|-heal|p1a: Volcarona|28/100|[from] Grassy Terrain
|-heal|p1a: Volcarona|34/100|[from] item: Leftovers
|-heal|p1b: Rillaboom|9/100 brn|[from] Grassy Terrain
|-damage|p2b: Volcarona|59/100 brn|[from] brn
|-damage|p1b: Rillaboom|3/100 brn|[from] brn
|upkeep
|turn|4
|inactive|Ake295 has 30 seconds left.
|inactive|Jaybee394 has 30 seconds left.
|inactive|Ake295 has 20 seconds left.
|inactive|Jaybee394 has 20 seconds left.
|inactive|Ake295 has 15 seconds left.
|inactive|Ake295 has 10 seconds left.
|inactive|Ake295 has 5 seconds left.
|
|t:|1757668448
|-terastallize|p1a: Volcarona|Fairy
|move|p1b: Rillaboom|Fake Out|p2a: Electabuzz
|-damage|p2a: Electabuzz|94/100
|move|p2b: Volcarona|Quiver Dance|p2b: Volcarona
|-boost|p2b: Volcarona|spa|1
|-boost|p2b: Volcarona|spd|1
|-boost|p2b: Volcarona|spe|1
|move|p1a: Volcarona|Heat Wave|p2b: Volcarona|[spread] p2b
|-miss|p1a: Volcarona|p2a: Electabuzz
|-resisted|p2b: Volcarona
|-damage|p2b: Volcarona|46/100 brn
|cant|p2a: Electabuzz|flinch
|
|-heal|p2b: Volcarona|52/100 brn|[from] Grassy Terrain
|-heal|p1a: Volcarona|40/100|[from] Grassy Terrain
|-heal|p1a: Volcarona|46/100|[from] item: Leftovers
|-heal|p2a: Electabuzz|99/100|[from] Grassy Terrain
|-heal|p1b: Rillaboom|9/100 brn|[from] Grassy Terrain
|-damage|p2b: Volcarona|46/100 brn|[from] brn
|-damage|p1b: Rillaboom|3/100 brn|[from] brn
|upkeep
|turn|5
|inactive|Ake295 has 30 seconds left.
|inactive|Jaybee394 has 30 seconds left.
|inactive|Ake295 has 20 seconds left.
|inactive|Ake295 has 15 seconds left.
|
|t:|1757668489
|move|p2a: Electabuzz|Follow Me|p2a: Electabuzz
|-singleturn|p2a: Electabuzz|move: Follow Me
|move|p2b: Volcarona|Heat Wave|p1b: Rillaboom|[spread] p1a
|-miss|p2b: Volcarona|p1b: Rillaboom
|-damage|p1a: Volcarona|0 fnt
|faint|p1a: Volcarona
|-damage|p2b: Volcarona|36/100 brn|[from] item: Life Orb
|move|p1b: Rillaboom|High Horsepower|p2a: Electabuzz
|-supereffective|p2a: Electabuzz
|-damage|p2a: Electabuzz|70/100
|
|-heal|p2b: Volcarona|42/100 brn|[from] Grassy Terrain
|-heal|p2a: Electabuzz|75/100|[from] Grassy Terrain
|-heal|p1b: Rillaboom|9/100 brn|[from] Grassy Terrain
|-damage|p2b: Volcarona|36/100 brn|[from] brn
|-damage|p1b: Rillaboom|3/100 brn|[from] brn
|upkeep
|
|t:|1757668503
|switch|p1a: Sneasler|Sneasler, L50, M|74/100
|turn|6
|
|t:|1757668517
|move|p2b: Volcarona|Protect|p2b: Volcarona
|-singleturn|p2b: Volcarona|Protect
|move|p1b: Rillaboom|Grassy Glide|p2b: Volcarona
|-activate|p2b: Volcarona|move: Protect
|move|p1a: Sneasler|Dire Claw|p2a: Electabuzz
|-damage|p2a: Electabuzz|34/100
|move|p2a: Electabuzz|Electroweb|p1b: Rillaboom|[spread] p1a,p1b
|-resisted|p1b: Rillaboom
|-damage|p1a: Sneasler|54/100
|-damage|p1b: Rillaboom|0 fnt
|-unboost|p1a: Sneasler|spe|1
|faint|p1b: Rillaboom
|
|-heal|p2b: Volcarona|42/100 brn|[from] Grassy Terrain
|-heal|p2a: Electabuzz|39/100|[from] Grassy Terrain
|-heal|p1a: Sneasler|59/100|[from] Grassy Terrain
|-damage|p2b: Volcarona|36/100 brn|[from] brn
|upkeep
|
|t:|1757668532
|switch|p1b: Kingambit|Kingambit, L50, F|100/100
|turn|7
|
|t:|1757668546
|move|p2a: Electabuzz|Follow Me|p2a: Electabuzz
|-singleturn|p2a: Electabuzz|move: Follow Me
|move|p1b: Kingambit|Sucker Punch||[still]
|-fail|p1b: Kingambit
|move|p2b: Volcarona|Heat Wave|p1b: Kingambit|[spread] p1a,p1b
|-supereffective|p1b: Kingambit
|-damage|p1a: Sneasler|0 fnt
|-damage|p1b: Kingambit|0 fnt
|faint|p1a: Sneasler
|faint|p1b: Kingambit
|-damage|p2b: Volcarona|27/100 brn|[from] item: Life Orb
|
|win|Jaybee394
||Ake295 is ready for game 3.
||Jaybee394 is ready for game 3.
|uhtml|next|Next: Game 3 of 3
