|j|☆spoolingus
|j|☆Advertisementish
|html|spoolingusAdvertisementish    
|uhtml|bestof|Game 2 of a best-of-3
|t:|1782235213
|gametype|doubles
|player|p1|spoolingus|102|1208
|player|p2|Advertisementish|ghetsis|1229
|gen|9
|tier|[Gen 9 Champions] VGC 2026 Reg M-B (Bo3)
|rated|
|rule|Species Clause: Limit one of each Pokémon
|rule|Item Clause: Limit 1 of each item
|clearpoke
|poke|p1|Swampert, L50, F|
|poke|p1|Sinistcha, L50|
|poke|p1|Pelipper, L50, M|
|poke|p1|Archaludon, L50, F|
|poke|p1|Grimmsnarl, L50, M|
|poke|p1|Metagross, L50|
|poke|p2|Eelektross, L50, F|
|poke|p2|Garchomp, L50, M|
|poke|p2|Grimmsnarl, L50, M|
|poke|p2|Aerodactyl, L50, F|
|poke|p2|Gholdengo, L50|
|poke|p2|Sneasler, L50, F|
|teampreview|4
|showteam|p1|Swampert||Swampertite|Torrent|WaveCrash,HighHorsepower,KnockOff,Protect|Adamant||F|||50|]Sinistcha||KasibBerry|Hospitality|MatchaGotcha,RagePowder,TrickRoom,LifeDew|Bold|||||50|]Pelipper||FocusSash|Drizzle|WeatherBall,Hurricane,Tailwind,Protect|Modest||M|||50|]Archaludon||Leftovers|Stamina|ElectroShot,DragonPulse,FlashCannon,Protect|Calm||F|||50|]Grimmsnarl||LightClay|Prankster|FoulPlay,Reflect,LightScreen,PartingShot|Calm||M|||50|]Metagross||Metagrossite|ClearBody|PsychicFangs,IronHead,BodyPress,Protect|Jolly|||||50|
|showteam|p2|Eelektross||Eelektrossite|Levitate|DrainPunch,SupercellSlam,Coil,Protect|Adamant||F|||50|]Garchomp||ChoiceScarf|RoughSkin|Earthquake,RockSlide,RockTomb,DragonClaw|Adamant||M|||50|]Grimmsnarl||LightClay|Prankster|FakeOut,SpiritBreak,LightScreen,Reflect|Careful||M|||50|]Aerodactyl||Aerodactylite|Unnerve|RockSlide,DualWingbeat,Protect,Tailwind|Jolly||F|||50|]Gholdengo||LifeOrb|GoodasGold|MakeItRain,ShadowBall,Protect,NastyPlot|Modest|||||50|]Sneasler||FocusSash|PoisonTouch|CloseCombat,DireClaw,FakeOut,Protect|Adamant||F|||50|
|inactive|Battle timer is ON: inactive players will automatically lose when time's up. (requested by Advertisementish)
|
|t:|1782235237
|teamsize|p1|4
|teamsize|p2|4
|start
|switch|p1a: Metagross|Metagross, L50|100/100
|switch|p1b: Grimmsnarl|Grimmsnarl, L50, M|100/100
|switch|p2a: Grimmsnarl|Grimmsnarl, L50, M|100/100
|switch|p2b: Eelektross|Eelektross, L50, F|100/100
|turn|1
|
|t:|1782235252
|detailschange|p1a: Metagross|Metagross-Mega, L50
|-mega|p1a: Metagross|Metagross|Metagrossite
|detailschange|p2b: Eelektross|Eelektross-Mega, L50, F
|-mega|p2b: Eelektross|Eelektross|Eelektrossite
|move|p2a: Grimmsnarl|Fake Out|p1a: Metagross
|-resisted|p1a: Metagross|1
|-damage|p1a: Metagross|95/100
|move|p1b: Grimmsnarl|Reflect|p1b: Grimmsnarl
|-sidestart|p1: spoolingus|Reflect
|cant|p1a: Metagross|flinch
|move|p2b: Eelektross|Coil|p2b: Eelektross
|-boost|p2b: Eelektross|atk|1
|-boost|p2b: Eelektross|def|1
|-boost|p2b: Eelektross|accuracy|1
|
|upkeep
|turn|2
|
|t:|1782235258
|move|p2a: Grimmsnarl|Reflect|p2a: Grimmsnarl
|-sidestart|p2: Advertisementish|Reflect
|move|p1b: Grimmsnarl|Parting Shot|p2b: Eelektross
|-unboost|p2b: Eelektross|atk|1
|-unboost|p2b: Eelektross|spa|1
|
|t:|1782235262
|switch|p1b: Sinistcha|Sinistcha, L50|100/100|[from] Parting Shot
|-heal|p1a: Metagross|100/100|[from] ability: Hospitality|[of] p1b: Sinistcha
|move|p1a: Metagross|Psychic Fangs|p2b: Eelektross
|-sideend|p2: Advertisementish|Reflect
|-damage|p2b: Eelektross|52/100
|move|p2b: Eelektross|Coil|p2b: Eelektross
|-boost|p2b: Eelektross|atk|1
|-boost|p2b: Eelektross|def|1
|-boost|p2b: Eelektross|accuracy|1
|
|upkeep
|turn|3
|
|t:|1782235272
|move|p1a: Metagross|Psychic Fangs|p2b: Eelektross
|-damage|p2b: Eelektross|13/100
|move|p2b: Eelektross|Coil|p2b: Eelektross
|-boost|p2b: Eelektross|atk|1
|-boost|p2b: Eelektross|def|1
|-boost|p2b: Eelektross|accuracy|1
|move|p1b: Sinistcha|Matcha Gotcha|p2a: Grimmsnarl|[spread] p2a
|-miss|p1b: Sinistcha|p2b: Eelektross
|-damage|p2a: Grimmsnarl|74/100
|move|p2a: Grimmsnarl|Spirit Break|p1b: Sinistcha
|-damage|p1b: Sinistcha|83/100
|-unboost|p1b: Sinistcha|spa|1
|
|upkeep
|turn|4
|
|t:|1782235281
|switch|p1b: Grimmsnarl|Grimmsnarl, L50, M|100/100
|move|p1a: Metagross|Psychic Fangs|p2b: Eelektross
|-crit|p2b: Eelektross
|-damage|p2b: Eelektross|0 fnt
|faint|p2b: Eelektross
|move|p2a: Grimmsnarl|Spirit Break|p1b: Grimmsnarl
|-supereffective|p1b: Grimmsnarl|1
|-damage|p1b: Grimmsnarl|50/100g
|-unboost|p1b: Grimmsnarl|spa|1
|
|upkeep
|
|t:|1782235284
|switch|p2b: Gholdengo|Gholdengo, L50|100/100
|turn|5
|
|t:|1782235296
|move|p2a: Grimmsnarl|Reflect|p2a: Grimmsnarl
|-sidestart|p2: Advertisementish|Reflect
|move|p1b: Grimmsnarl|Light Screen|p1b: Grimmsnarl
|-sidestart|p1: spoolingus|move: Light Screen
|move|p1a: Metagross|Iron Head|p2a: Grimmsnarl
|-supereffective|p2a: Grimmsnarl|1
|-damage|p2a: Grimmsnarl|0 fnt
|faint|p2a: Grimmsnarl
|move|p2b: Gholdengo|Nasty Plot|p2b: Gholdengo
|-boost|p2b: Gholdengo|spa|2
|
|upkeep
|
|t:|1782235301
|switch|p2a: Sneasler|Sneasler, L50, F|100/100
|turn|6
|
|t:|1782235307
|move|p2a: Sneasler|Fake Out|p1a: Metagross
|-resisted|p1a: Metagross|1
|-damage|p1a: Metagross|95/100
|cant|p1a: Metagross|flinch
|move|p2b: Gholdengo|Nasty Plot|p2b: Gholdengo
|-boost|p2b: Gholdengo|spa|2
|move|p1b: Grimmsnarl|Foul Play|p2b: Gholdengo
|-supereffective|p2b: Gholdengo|1
|-damage|p2b: Gholdengo|71/100
|
|upkeep
|turn|7
|
|t:|1782235321
|move|p1a: Metagross|Psychic Fangs|p2b: Gholdengo
|-sideend|p2: Advertisementish|Reflect
|-resisted|p2b: Gholdengo|1
|-damage|p2b: Gholdengo|34/100
|move|p2a: Sneasler|Dire Claw|p1b: Grimmsnarl
|-supereffective|p1b: Grimmsnarl|1
|-damage|p1b: Grimmsnarl|0 fnt
|faint|p1b: Grimmsnarl
|move|p2b: Gholdengo|Shadow Ball|p1a: Metagross
|-supereffective|p1a: Metagross|1
|-damage|p1a: Metagross|0 fnt
|faint|p1a: Metagross
|-damage|p2b: Gholdengo|24/100|[from] item: Life Orb
|
|upkeep
|
|t:|1782235326
|switch|p1a: Pelipper|Pelipper, L50, M|100/100
|switch|p1b: Sinistcha|Sinistcha, L50|83/100
|-weather|RainDance|[from] ability: Drizzle|[of] p1a: Pelipper
|turn|8
|
|t:|1782235342
|move|p1a: Pelipper|Protect|p1a: Pelipper
|-singleturn|p1a: Pelipper|Protect
|move|p2a: Sneasler|Dire Claw|p1a: Pelipper
|-activate|p1a: Pelipper|move: Protect
|move|p2b: Gholdengo|Make It Rain|p1b: Sinistcha|[spread] p1b
|-activate|p1a: Pelipper|move: Protect
|-damage|p1b: Sinistcha|0 fnt
|-unboost|p2b: Gholdengo|spa|2
|faint|p1b: Sinistcha
|-damage|p2b: Gholdengo|15/100|[from] item: Life Orb
|
|-weather|RainDance|[upkeep]
|-sideend|p1: spoolingus|Reflect
|upkeep
|turn|9
|
|t:|1782235348
|move|p2a: Sneasler|Dire Claw|p1a: Pelipper
|-damage|p1a: Pelipper|40/100
|move|p2b: Gholdengo|Shadow Ball|p1a: Pelipper
|-damage|p1a: Pelipper|0 fnt
|faint|p1a: Pelipper
|-damage|p2b: Gholdengo|5/100|[from] item: Life Orb
|
|win|Advertisementish
|raw|spoolingus's rating: 1208 → 1185(-23 for losing)
|raw|Advertisementish's rating: 1229 → 1252(+23 for winning)
