|j|☆DrCups
|j|☆25th_mang
|html|DrCups25th_mang    
|uhtml|bestof|Game 1 of a best-of-3
|t:|1784957230
|gametype|doubles
|player|p1|DrCups|169|1294
|player|p2|25th_mang|ballguy|1292
|gen|9
|tier|[Gen 9 Champions] VGC 2026 Reg M-B (Bo3)
|rated|
|rule|Species Clause: Limit one of each Pokémon
|rule|Item Clause: Limit 1 of each item
|clearpoke
|poke|p1|Staraptor, L50, M|
|poke|p1|Vanilluxe, L50, M|
|poke|p1|Farigiraf, L50, F|
|poke|p1|Blastoise, L50, M|
|poke|p1|Kingambit, L50, F|
|poke|p1|Camerupt, L50, F|
|poke|p2|Blastoise, L50, M|
|poke|p2|Camerupt, L50, F|
|poke|p2|Farigiraf, L50, F|
|poke|p2|Kingambit, L50, M|
|poke|p2|Vanilluxe, L50, F|
|poke|p2|Staraptor, L50, M|
|teampreview|4
|showteam|p1|Staraptor||ChoiceScarf|Intimidate|FinalGambit,BraveBird,CloseCombat,Uturn|Jolly||M|||50|]Vanilluxe||NeverMeltIce|SnowWarning|Blizzard,FreezeDry,Protect,IceShard|Quiet||M|||50|]Farigiraf||SitrusBerry|ArmorTail|PsychicFangs,HyperVoice,HelpingHand,TrickRoom|Relaxed||F|||50|]Blastoise||Blastoisinite|RainDish|FakeOut,WaterSpout,AuraSphere,DarkPulse|Quiet||M|||50|]Kingambit||LifeOrb|Defiant|KowtowCleave,IronHead,Protect,SuckerPunch|Brave||F|||50|]Camerupt||Cameruptite|SolidRock|HeatWave,EarthPower,Protect,AncientPower|Quiet||F|||50|
|showteam|p2|Blastoise||Blastoisinite|RainDish|WaterSpout,DarkPulse,AuraSphere,FakeOut|Quiet||M|||50|]Camerupt||Cameruptite|SolidRock|AncientPower,EarthPower,HeatWave,Protect|Quiet||F|||50|]Farigiraf||SitrusBerry|ArmorTail|PsychicFangs,HyperVoice,HelpingHand,TrickRoom|Relaxed||F|||50|]Kingambit||LifeOrb|Defiant|KowtowCleave,IronHead,Protect,SuckerPunch|Brave||M|||50|]Vanilluxe||NeverMeltIce|SnowWarning|Blizzard,FreezeDry,Protect,IceShard|Quiet||F|||50|]Staraptor||ChoiceScarf|Intimidate|FinalGambit,CloseCombat,BraveBird,Uturn|Jolly||M|||50|
|inactive|Battle timer is ON: inactive players will automatically lose when time's up. (requested by 25th_mang)
|c|☆25th_mang|Oh god
|c|☆DrCups|Huh
|inactive|DrCups has 60 seconds left.
|inactive|25th_mang has 60 seconds left.
|inactive|25th_mang has 30 seconds left.
|inactive|25th_mang has 20 seconds left.
|
|t:|1784957306
|teamsize|p1|4
|teamsize|p2|4
|start
|switch|p1a: Blastoise|Blastoise, L50, M|100/100
|switch|p1b: Vanilluxe|Vanilluxe, L50, M|100/100
|switch|p2a: Miroh|Staraptor, L50, M|100/100
|switch|p2b: Blind Spot|Farigiraf, L50, F|100/100
|-ability|p2a: Miroh|Intimidate|boost
|-unboost|p1a: Blastoise|atk|1
|-unboost|p1b: Vanilluxe|atk|1
|-weather|Snowscape|[from] ability: Snow Warning|[of] p1b: Vanilluxe
|turn|1
|
|t:|1784957329
|move|p2a: Miroh|Final Gambit|p1a: Blastoise
|-damage|p1a: Blastoise|0 fnt
|faint|p2a: Miroh
|faint|p1a: Blastoise
|move|p1b: Vanilluxe|Blizzard|p2b: Blind Spot
|-damage|p2b: Blind Spot|43/100
|-enditem|p2b: Blind Spot|Sitrus Berry|[eat]
|-heal|p2b: Blind Spot|68/100|[from] item: Sitrus Berry
|move|p2b: Blind Spot|Trick Room|p2b: Blind Spot
|-fieldstart|move: Trick Room|[of] p2b: Blind Spot
|
|-weather|Snowscape|[upkeep]
|upkeep
|
|t:|1784957341
|switch|p1a: Camerupt|Camerupt, L50, F|100/100
|switch|p2a: 0801|Camerupt, L50, F|100/100
|turn|2
|
|t:|1784957365
|detailschange|p1a: Camerupt|Camerupt-Mega, L50, F
|-mega|p1a: Camerupt|Camerupt|Cameruptite
|detailschange|p2a: 0801|Camerupt-Mega, L50, F
|-mega|p2a: 0801|Camerupt|Cameruptite
|move|p1a: Camerupt|Protect|p1a: Camerupt
|-singleturn|p1a: Camerupt|Protect
|move|p2a: 0801|Earth Power|p1a: Camerupt
|-activate|p1a: Camerupt|move: Protect
|move|p2b: Blind Spot|Hyper Voice|p1b: Vanilluxe|[spread] p1b
|-activate|p1a: Camerupt|move: Protect
|-damage|p1b: Vanilluxe|72/100
|move|p1b: Vanilluxe|Blizzard|p2a: 0801|[spread] p2a,p2b
|-damage|p2a: 0801|54/100
|-damage|p2b: Blind Spot|25/100
|
|-weather|Snowscape|[upkeep]
|upkeep
|turn|3
|inactive|DrCups has 30 seconds left.
|inactive|25th_mang has 30 seconds left.
|
|t:|1784957398
|move|p2a: 0801|Earth Power|p1a: Camerupt
|-supereffective|p1a: Camerupt|1
|-damage|p1a: Camerupt|0 fnt
|faint|p1a: Camerupt
|move|p2b: Blind Spot|Hyper Voice|p1b: Vanilluxe
|-damage|p1b: Vanilluxe|38/100
|move|p1b: Vanilluxe|Blizzard|p2b: Blind Spot|[spread] p2a,p2b
|-damage|p2a: 0801|10/100
|-damage|p2b: Blind Spot|0 fnt
|faint|p2b: Blind Spot
|
|-weather|Snowscape|[upkeep]
|upkeep
|
|t:|1784957420
|switch|p1a: Kingambit|Kingambit, L50, F|100/100
|switch|p2b: Star Lost|Kingambit, L50, M|100/100
|turn|4
|
|t:|1784957434
|move|p2a: 0801|Protect|p2a: 0801
|-singleturn|p2a: 0801|Protect
|move|p1b: Vanilluxe|Protect|p1b: Vanilluxe
|-singleturn|p1b: Vanilluxe|Protect
|move|p1a: Kingambit|Sucker Punch||[still]
|-fail|p1a: Kingambit
|move|p2b: Star Lost|Iron Head|p1b: Vanilluxe
|-activate|p1b: Vanilluxe|move: Protect
|
|-weather|Snowscape|[upkeep]
|upkeep
|turn|5
|
|t:|1784957459
|move|p2a: 0801|Protect|p2a: 0801
|-singleturn|p2a: 0801|Protect
|move|p1a: Kingambit|Sucker Punch||[still]
|-fail|p1a: Kingambit
|move|p2b: Star Lost|Iron Head|p1b: Vanilluxe
|-supereffective|p1b: Vanilluxe|1
|-damage|p1b: Vanilluxe|0 fnt
|faint|p1b: Vanilluxe
|-damage|p2b: Star Lost|90/100|[from] item: Life Orb
|
|-weather|none
|-fieldend|move: Trick Room
|upkeep
|turn|6
|inactive|25th_mang has 30 seconds left.
|
|t:|1784957489
|move|p1a: Kingambit|Kowtow Cleave|p2a: 0801
|-damage|p2a: 0801|0 fnt
|faint|p2a: 0801
|-damage|p1a: Kingambit|90/100|[from] item: Life Orb
|move|p2b: Star Lost|Kowtow Cleave|p1a: Kingambit
|-resisted|p1a: Kingambit|1
|-damage|p1a: Kingambit|68/100
|-damage|p2b: Star Lost|80/100|[from] item: Life Orb
|
|upkeep
|turn|7
|
|t:|1784957499
|move|p1a: Kingambit|Iron Head|p2b: Star Lost
|-resisted|p2b: Star Lost|1
|-damage|p2b: Star Lost|57/100
|-damage|p1a: Kingambit|58/100|[from] item: Life Orb
|move|p2b: Star Lost|Kowtow Cleave|p1a: Kingambit
|-resisted|p1a: Kingambit|1
|-crit|p1a: Kingambit
|-damage|p1a: Kingambit|25/100
|-damage|p2b: Star Lost|48/100|[from] item: Life Orb
|
|upkeep
|turn|8
|
|t:|1784957510
|move|p2b: Star Lost|Kowtow Cleave|p1a: Kingambit
|-resisted|p1a: Kingambit|1
|-damage|p1a: Kingambit|1/100
|-damage|p2b: Star Lost|38/100|[from] item: Life Orb
|move|p1a: Kingambit|Iron Head|p2b: Star Lost
|-resisted|p2b: Star Lost|1
|-damage|p2b: Star Lost|17/100
|-damage|p1a: Kingambit|0 fnt|[from] item: Life Orb
|faint|p1a: Kingambit
|
|win|25th_mang
||DrCups is ready for game 2.
|inactive|25th_mang has 30 seconds to confirm battle start!
||25th_mang is ready for game 2.
|uhtml|next|Next: Game 2 of 3
|l|☆DrCups
|player|p1|
