|j|☆55runedark1
|j|☆DoctrPlague
|html|55runedark1DoctrPlague    
|uhtml|bestof|Game 2 of a best-of-3
|t:|1783735416
|gametype|doubles
|player|p1|55runedark1|miku-ground|
|player|p2|DoctrPlague|plasmagrunt|
|gen|9
|tier|[Gen 9 Champions] VGC 2026 Reg M-B (Bo3)
|rule|Species Clause: Limit one of each Pokémon
|rule|Item Clause: Limit 1 of each item
|raw|1 custom rule: !Force Open Team Sheets
|clearpoke
|poke|p1|Corviknight, L50, F|
|poke|p1|Mudsdale, L50, F|
|poke|p1|Floette-Eternal, L50, F|
|poke|p1|Toxapex, L50, F|
|poke|p1|Scrafty, L50, F|
|poke|p1|Dragonite, L50, F|
|poke|p2|Gengar, L50, M|
|poke|p2|Sinistcha, L50|
|poke|p2|Snorlax, L50, F|
|poke|p2|Mr. Rime, L50, F|
|poke|p2|Basculegion-F, L50, F|
|poke|p2|Lycanroc-Dusk, L50, F|
|teampreview|4
|
|t:|1783735475
|teamsize|p1|4
|teamsize|p2|4
|start
|switch|p1a: Puzzle And Dragons|Dragonite, L50, F|100/100
|switch|p1b: ZZZ|Scrafty, L50, F|100/100
|switch|p2a: GooBowl|Sinistcha, L50|100/100
|switch|p2b: British|Mr. Rime, L50, F|100/100
|-ability|p1b: ZZZ|Intimidate|boost
|-unboost|p2a: GooBowl|atk|1
|-unboost|p2b: British|atk|1
|turn|1
|
|t:|1783735534
|switch|p2a: Fat Boi|Snorlax, L50, F|100/100
|move|p1a: Puzzle And Dragons|Protect|p1a: Puzzle And Dragons
|-singleturn|p1a: Puzzle And Dragons|Protect
|move|p2b: British|Fake Out|p1b: ZZZ
|-damage|p1b: ZZZ|94/100
|cant|p1b: ZZZ|flinch
|
|upkeep
|turn|2
|
|t:|1783735573
|detailschange|p1a: Puzzle And Dragons|Dragonite-Mega, L50, F
|-mega|p1a: Puzzle And Dragons|Dragonite|Dragoninite
|move|p2a: Fat Boi|Protect|p2a: Fat Boi
|-singleturn|p2a: Fat Boi|Protect
|move|p1a: Puzzle And Dragons|Fire Blast|p2b: British
|-supereffective|p2b: British|1
|-damage|p2b: British|25/100
|move|p2b: British|Ice Beam|p1a: Puzzle And Dragons
|-supereffective|p1a: Puzzle And Dragons|2
|-damage|p1a: Puzzle And Dragons|33/100
|move|p1b: ZZZ|Crunch|p2b: British
|-supereffective|p2b: British|1
|-damage|p2b: British|0 fnt
|faint|p2b: British
|
|upkeep
|
|t:|1783735597
|switch|p2b: Bait&Tackle|Basculegion-F, L50, F|100/100
|turn|3
|
|t:|1783735632
|move|p1a: Puzzle And Dragons|Thunderbolt|p2b: Bait&Tackle
|-supereffective|p2b: Bait&Tackle|1
|-crit|p2b: Bait&Tackle
|-damage|p2b: Bait&Tackle|23/100
|move|p2b: Bait&Tackle|Wave Crash|p1b: ZZZ
|-damage|p1b: ZZZ|33/100
|-damage|p2b: Bait&Tackle|8/100|[from] Recoil
|-damage|p2b: Bait&Tackle|0 fnt|[from] item: Life Orb
|faint|p2b: Bait&Tackle
|move|p1b: ZZZ|Crunch|p2a: Fat Boi
|-damage|p2a: Fat Boi|65/100
|move|p2a: Fat Boi|Curse|p2a: Fat Boi
|-unboost|p2a: Fat Boi|spe|1
|-boost|p2a: Fat Boi|atk|1
|-boost|p2a: Fat Boi|def|1
|
|-heal|p2a: Fat Boi|71/100|[from] item: Leftovers
|upkeep
|
|t:|1783735648
|switch|p2b: GooBowl|Sinistcha, L50|100/100
|-heal|p2a: Fat Boi|95/100|[from] ability: Hospitality|[of] p2b: GooBowl
|turn|4
|
|t:|1783735717
|switch|p1b: Arknights|Corviknight, L50, F|100/100
|-ability|p1b: Arknights|Unnerve
|move|p1a: Puzzle And Dragons|Fire Blast|p2b: GooBowl|[miss]
|-miss|p1a: Puzzle And Dragons|p2b: GooBowl
|move|p2a: Fat Boi|Double-Edge|p1b: Arknights
|-resisted|p1b: Arknights|1
|-damage|p1b: Arknights|69/100
|-damage|p2a: Fat Boi|88/100|[from] Recoil
|move|p2b: GooBowl|Trick Room|p2b: GooBowl
|-fieldstart|move: Trick Room|[of] p2b: GooBowl
|
|-heal|p2a: Fat Boi|94/100|[from] item: Leftovers
|upkeep
|turn|5
|
|t:|1783735744
|move|p1a: Puzzle And Dragons|Protect|p1a: Puzzle And Dragons
|-singleturn|p1a: Puzzle And Dragons|Protect
|move|p2a: Fat Boi|Fire Punch|p1b: Arknights
|-supereffective|p1b: Arknights|1
|-damage|p1b: Arknights|16/100
|move|p2b: GooBowl|Matcha Gotcha|p1a: Puzzle And Dragons|[spread] p1b
|-activate|p1a: Puzzle And Dragons|move: Protect
|-resisted|p1b: Arknights|2
|-damage|p1b: Arknights|10/100
|move|p1b: Arknights|Brave Bird|p2b: GooBowl
|-supereffective|p2b: GooBowl|1
|-damage|p2b: GooBowl|31/100
|-damage|p1b: Arknights|0 fnt|[from] Recoil
|-enditem|p2b: GooBowl|Sitrus Berry|[eat]
|-heal|p2b: GooBowl|56/100|[from] item: Sitrus Berry
|faint|p1b: Arknights
|
|-heal|p2a: Fat Boi|100/100|[from] item: Leftovers
|upkeep
|
|t:|1783735772
|switch|p1b: ZZZ|Scrafty, L50, F|33/100
|-ability|p1b: ZZZ|Intimidate|boost
|-unboost|p2a: Fat Boi|atk|1
|-unboost|p2b: GooBowl|atk|1
|turn|6
|
|t:|1783735813
|move|p1b: ZZZ|Fake Out|p2a: Fat Boi
|-damage|p2a: Fat Boi|92/100
|move|p2b: GooBowl|Rage Powder|p2b: GooBowl
|-singleturn|p2b: GooBowl|move: Rage Powder
|cant|p2a: Fat Boi|flinch
|move|p1a: Puzzle And Dragons|Fire Blast|p2b: GooBowl|[miss]
|-miss|p1a: Puzzle And Dragons|p2b: GooBowl
|
|-heal|p2a: Fat Boi|98/100|[from] item: Leftovers
|upkeep
|turn|7
|
|t:|1783735840
|move|p1b: ZZZ|Protect|p1b: ZZZ
|-singleturn|p1b: ZZZ|Protect
|move|p1a: Puzzle And Dragons|Protect|p1a: Puzzle And Dragons
|-singleturn|p1a: Puzzle And Dragons|Protect
|move|p2a: Fat Boi|Double-Edge|p1b: ZZZ
|-activate|p1b: ZZZ|move: Protect
|move|p2b: GooBowl|Life Dew|p2b: GooBowl|[spread] p2a,p2b
|-heal|p2a: Fat Boi|100/100
|-heal|p2b: GooBowl|81/100
|
|upkeep
|turn|8
|
|t:|1783735879
|move|p1b: ZZZ|Protect|p1b: ZZZ
|-singleturn|p1b: ZZZ|Protect
|move|p1a: Puzzle And Dragons|Protect|p1a: Puzzle And Dragons
|-singleturn|p1a: Puzzle And Dragons|Protect
|move|p2b: GooBowl|Rage Powder|p2b: GooBowl
|-singleturn|p2b: GooBowl|move: Rage Powder
|move|p2a: Fat Boi|Double-Edge|p1a: Puzzle And Dragons
|-activate|p1a: Puzzle And Dragons|move: Protect
|
|-fieldend|move: Trick Room
|upkeep
|turn|9
|
|t:|1783735910
|move|p2b: GooBowl|Rage Powder|p2b: GooBowl
|-singleturn|p2b: GooBowl|move: Rage Powder
|move|p1a: Puzzle And Dragons|Fire Blast|p2b: GooBowl|[miss]
|-miss|p1a: Puzzle And Dragons|p2b: GooBowl
|move|p1b: ZZZ|Close Combat|p2b: GooBowl
|-immune|p2b: GooBowl
|move|p2a: Fat Boi|Curse|p2a: Fat Boi
|-unboost|p2a: Fat Boi|spe|1
|-boost|p2a: Fat Boi|atk|1
|-boost|p2a: Fat Boi|def|1
|
|upkeep
|turn|10
|
|t:|1783735935
|move|p1a: Puzzle And Dragons|Fire Blast|p2b: GooBowl
|-supereffective|p2b: GooBowl|1
|-damage|p2b: GooBowl|0 fnt
|faint|p2b: GooBowl
|move|p1b: ZZZ|Close Combat|p2a: Fat Boi
|-supereffective|p2a: Fat Boi|1
|-damage|p2a: Fat Boi|49/100
|-unboost|p1b: ZZZ|def|1
|-unboost|p1b: ZZZ|spd|1
|move|p2a: Fat Boi|Double-Edge|p1b: ZZZ
|-damage|p1b: ZZZ|0 fnt
|faint|p1b: ZZZ
|-damage|p2a: Fat Boi|43/100|[from] Recoil
|
|-heal|p2a: Fat Boi|49/100|[from] item: Leftovers
|upkeep
|
|t:|1783735948
|switch|p1b: Uma|Mudsdale, L50, F|100/100
|turn|11
|
|t:|1783735972
|move|p1a: Puzzle And Dragons|Draco Meteor|p2a: Fat Boi
|-damage|p2a: Fat Boi|13/100
|-unboost|p1a: Puzzle And Dragons|spa|2
|move|p1b: Uma|Earthquake|p2a: Fat Boi|[spread] p2a
|-immune|p1a: Puzzle And Dragons
|-damage|p2a: Fat Boi|0 fnt
|faint|p2a: Fat Boi
|
|win|55runedark1
|inactive|55runedark1 has 30 seconds to confirm battle start!
|inactive|DoctrPlague has 30 seconds to confirm battle start!
|l|☆DoctrPlague
|player|p2|
|inactive|55runedark1 has 20 seconds to confirm battle start!
|inactive|DoctrPlague has 20 seconds to confirm battle start!
||55runedark1 is ready for game 3.
|inactive|DoctrPlague has 10 seconds to confirm battle start!
|uhtml|next|Next: Game 3 of 3
