|j|☆yeetawheat
|j|☆Chaotic Raos
|html|yeetawheatChaotic Raos    
|uhtml|bestof|Game 3 of a best-of-3
|t:|1756255176
|gametype|doubles
|player|p1|yeetawheat|102|
|player|p2|Chaotic Raos|bellelba|
|gen|9
|tier|[Gen 9] VGC 2025 Reg H (Bo3)
|rule|Species Clause: Limit one of each Pokémon
|rule|Item Clause: Limit 1 of each item
|clearpoke
|poke|p1|Annihilape, L50, F|
|poke|p1|Rillaboom, L50, M|
|poke|p1|Incineroar, L50, M|
|poke|p1|Whimsicott, L50, F|
|poke|p1|Primarina, L50, F|
|poke|p1|Maushold, L50|
|poke|p2|Archaludon, L50, F|
|poke|p2|Basculegion, L50, M|
|poke|p2|Pelipper, L50, F|
|poke|p2|Incineroar, L50, M|
|poke|p2|Maushold, L50|
|poke|p2|Sinistcha, L50|
|teampreview|4
|showteam|p1|Annihilape||CovertCloak|Defiant|BulkUp,DrainPunch,RageFist,Protect|||F|||50|,,,,,Fire]Rillaboom||ChoiceBand|GrassySurge|HighHorsepower,WoodHammer,Uturn,GrassyGlide|||M|||50|,,,,,Grass]Incineroar||SitrusBerry|Intimidate|FakeOut,FlareBlitz,KnockOff,PartingShot|||M|||50|,,,,,Water]Whimsicott||FocusSash|Prankster|Protect,Tailwind,BeatUp,LightScreen|||F|||50|,,,,,Ghost]Primarina||MysticWater|LiquidVoice|HyperVoice,Moonblast,DazzlingGleam,Protect|||F|||50|,,,,,Poison]Maushold||WideLens|Technician|PopulationBomb,FollowMe,Encore,Protect||||||50|,,,,,Normal
|showteam|p2|Archaludon||AssaultVest|Stamina|ElectroShot,DragonPulse,FlashCannon,BodyPress|||F|||50|,,,,,Fairy]Basculegion||MysticWater|SwiftSwim|Protect,WaveCrash,AquaJet,LastRespects|||M|||50|,,,,,Water]Pelipper||FocusSash|Drizzle|Hurricane,WeatherBall,Tailwind,Protect|||F|||50|,,,,,Ghost]Incineroar||SafetyGoggles|Intimidate|FakeOut,FlareBlitz,KnockOff,PartingShot|||M|||50|,,,,,Ghost]Maushold||WideLens|Technician|PopulationBomb,FollowMe,Taunt,Protect||||||50|,,,,,Grass]Sinistcha||RockyHelmet|Hospitality|MatchaGotcha,RagePowder,StrengthSap,Protect||||||50|,,,,,Water
|inactive|Battle timer is ON: inactive players will automatically lose when time's up. (requested by yeetawheat)
|inactiveoff|Battle timer is now OFF.
|
|t:|1756255209
|teamsize|p1|4
|teamsize|p2|4
|start
|switch|p1a: Annihilape|Annihilape, L50, F|100/100
|switch|p1b: Maushold|Maushold, L50|100/100
|switch|p2a: Mackinac|Archaludon, L50, F|100/100
|switch|p2b: Them|Maushold, L50|100/100
|turn|1
|
|t:|1756255240
|move|p1b: Maushold|Population Bomb|p2b: Them
|-damage|p2b: Them|84/100
|-damage|p2b: Them|67/100
|-damage|p2b: Them|48/100
|-damage|p2b: Them|30/100
|-damage|p2b: Them|11/100
|-damage|p2b: Them|0 fnt
|faint|p2b: Them
|-hitcount|p2: Them|6
|move|p1a: Annihilape|Bulk Up|p1a: Annihilape
|-boost|p1a: Annihilape|atk|1
|-boost|p1a: Annihilape|def|1
|move|p2a: Mackinac|Body Press|p1b: Maushold
|-supereffective|p1b: Maushold
|-damage|p1b: Maushold|27/100
|
|upkeep
|
|t:|1756255247
|switch|p2b: Surfin' Bird|Pelipper, L50, F|100/100
|-weather|RainDance|[from] ability: Drizzle|[of] p2b: Surfin' Bird
|turn|2
|
|t:|1756255275
|switch|p2b: Sipmantha|Sinistcha, L50|100/100
|move|p1b: Maushold|Encore|p2a: Mackinac
|-start|p2a: Mackinac|Encore
|move|p1a: Annihilape|Drain Punch|p2a: Mackinac
|-supereffective|p2a: Mackinac
|-damage|p2a: Mackinac|29/100
|-ability|p2a: Mackinac|Stamina|boost
|-boost|p2a: Mackinac|def|1
|move|p2a: Mackinac|Body Press|p1b: Maushold
|-supereffective|p1b: Maushold
|-damage|p1b: Maushold|0 fnt
|faint|p1b: Maushold
|
|-weather|RainDance|[upkeep]
|upkeep
|
|t:|1756255286
|switch|p1b: Rillaboom|Rillaboom, L50, M|100/100
|-fieldstart|move: Grassy Terrain|[from] ability: Grassy Surge|[of] p1b: Rillaboom
|turn|3
|
|t:|1756255325
|switch|p2a: Surfin' Bird|Pelipper, L50, F|100/100
|-terastallize|p1a: Annihilape|Fire
|move|p1b: Rillaboom|Grassy Glide|p1a: Annihilape
|-resisted|p1a: Annihilape
|-damage|p1a: Annihilape|79/100
|move|p1a: Annihilape|Rage Fist|p2b: Sipmantha
|-supereffective|p2b: Sipmantha
|-damage|p2b: Sipmantha|8/100
|-damage|p1a: Annihilape|63/100|[from] item: Rocky Helmet|[of] p2b: Sipmantha
|move|p2b: Sipmantha|Matcha Gotcha|p1b: Rillaboom|[spread] p1a,p1b
|-resisted|p1a: Annihilape
|-resisted|p1b: Rillaboom
|-damage|p1a: Annihilape|47/100
|-heal|p2b: Sipmantha|17/100|[from] drain|[of] p1a: Annihilape
|-damage|p1b: Rillaboom|80/100
|-heal|p2b: Sipmantha|28/100|[from] drain|[of] p1b: Rillaboom
|
|-weather|RainDance|[upkeep]
|-heal|p1a: Annihilape|53/100|[from] Grassy Terrain
|-heal|p1b: Rillaboom|86/100|[from] Grassy Terrain
|-heal|p2b: Sipmantha|34/100|[from] Grassy Terrain
|upkeep
|turn|4
|
|t:|1756255354
|move|p2b: Sipmantha|Rage Powder|p2b: Sipmantha
|-singleturn|p2b: Sipmantha|move: Rage Powder
|move|p1b: Rillaboom|Grassy Glide|p2a: Surfin' Bird
|-damage|p2a: Surfin' Bird|16/100
|move|p1a: Annihilape|Rage Fist|p2b: Sipmantha
|-supereffective|p2b: Sipmantha
|-crit|p2b: Sipmantha
|-damage|p2b: Sipmantha|0 fnt
|-damage|p1a: Annihilape|36/100|[from] item: Rocky Helmet|[of] p2b: Sipmantha
|faint|p2b: Sipmantha
|move|p2a: Surfin' Bird|Tailwind|p2a: Surfin' Bird
|-sidestart|p2: Chaotic Raos|move: Tailwind
|
|-weather|RainDance|[upkeep]
|-heal|p1a: Annihilape|42/100|[from] Grassy Terrain
|-heal|p1b: Rillaboom|92/100|[from] Grassy Terrain
|upkeep
|
|t:|1756255367
|switch|p2b: Mackinac|Archaludon, L50, F|29/100
|turn|5
|
|t:|1756255392
|move|p1a: Annihilape|Protect|p1a: Annihilape
|-singleturn|p1a: Annihilape|Protect
|move|p1b: Rillaboom|Grassy Glide|p2a: Surfin' Bird
|-damage|p2a: Surfin' Bird|0 fnt
|faint|p2a: Surfin' Bird
|move|p2b: Mackinac|Electro Shot||[still]
|-prepare|p2b: Mackinac|Electro Shot
|-boost|p2b: Mackinac|spa|1
|-anim|p2b: Mackinac|Electro Shot|p1a: Annihilape
|-activate|p1a: Annihilape|move: Protect
|
|-weather|RainDance|[upkeep]
|-heal|p2b: Mackinac|36/100|[from] Grassy Terrain
|-heal|p1a: Annihilape|48/100|[from] Grassy Terrain
|-heal|p1b: Rillaboom|98/100|[from] Grassy Terrain
|upkeep
|turn|6
|
|t:|1756255403
|switch|p1b: Primarina|Primarina, L50, F|100/100
|move|p2b: Mackinac|Electro Shot||[still]
|-prepare|p2b: Mackinac|Electro Shot
|-boost|p2b: Mackinac|spa|1
|-anim|p2b: Mackinac|Electro Shot|p1a: Annihilape
|-damage|p1a: Annihilape|0 fnt
|faint|p1a: Annihilape
|
|-weather|none
|-heal|p2b: Mackinac|42/100|[from] Grassy Terrain
|upkeep
|
|t:|1756255406
|switch|p1a: Rillaboom|Rillaboom, L50, M|98/100
|turn|7
|
|t:|1756255419
|move|p2b: Mackinac|Body Press|p1a: Rillaboom
|-damage|p1a: Rillaboom|74/100
|move|p1a: Rillaboom|High Horsepower|p2b: Mackinac
|-supereffective|p2b: Mackinac
|-damage|p2b: Mackinac|0 fnt
|faint|p2b: Mackinac
|
|win|yeetawheat
|c|☆yeetawheat|gg!
|c|☆Chaotic Raos|ggs
|c|☆Chaotic Raos|Man, lost on two speed ties...
|c|☆yeetawheat|IT WAS SPEED TIES?
|c|☆Chaotic Raos|Yeah, my Maus is max Speed.
|c|☆yeetawheat|holy crap i thought your maus just had bulk
|c|☆Chaotic Raos|Nope, Max ATK/Speed.
|c|☆yeetawheat|dang
|c|☆yeetawheat|unfortunate
|c|☆yeetawheat|i hope your future battles are dubs
|c|☆Chaotic Raos|Also not knowing your Apes were fast, but that's just Pokemon.
