|j|☆jngldiff
|j|☆Pietplezier7
|html|jngldiffPietplezier7    
|uhtml|bestof|Game 2 of a best-of-3
|t:|1756739400
|gametype|doubles
|player|p1|jngldiff|102|1208
|player|p2|Pietplezier7|grimsley-gen7|1292
|gen|9
|tier|[Gen 9] VGC 2025 Reg H (Bo3)
|rated|
|rule|Species Clause: Limit one of each Pokémon
|rule|Item Clause: Limit 1 of each item
|clearpoke
|poke|p1|Sneasler, L50, F|
|poke|p1|Dragonite, L50, M|
|poke|p1|Rillaboom, L50, F|
|poke|p1|Basculegion, L50, M|
|poke|p1|Volcarona, L50, M|
|poke|p1|Kingambit, L50, M|
|poke|p2|Charizard, L50, M|
|poke|p2|Torkoal, L50, F|
|poke|p2|Porygon2, L50|
|poke|p2|Incineroar, L50, M|
|poke|p2|Jumpluff, L50, M|
|poke|p2|Ursaluna, L50, M|
|teampreview|4
|showteam|p1|Sneasler||FocusSash|Unburden|CloseCombat,DireClaw,Coaching,Protect|||F|||50|,,,,,Ghost]Dragonite||LoadedDice|Multiscale|ScaleShot,ExtremeSpeed,Haze,Protect|||M|||50|,,,,,Fairy]Rillaboom||MiracleSeed|GrassySurge|WoodHammer,GrassyGlide,Taunt,FakeOut|||F|||50|,,,,,Fire]Basculegion||ChoiceScarf|Adaptability|WaveCrash,FlipTurn,LastRespects,AquaJet|||M|||50|,,,,,Water]Volcarona||CovertCloak|FlameBody|HeatWave,TeraBlast,QuiverDance,Protect|||M|||50|,,,,,Fairy]Kingambit||AssaultVest|Defiant|KowtowCleave,SuckerPunch,IronHead,LowKick|||M|||50|,,,,,Dragon
|showteam|p2|Charizard||ChoiceSpecs|SolarPower|HeatWave,Overheat,WeatherBall,AirSlash|||M|||50|,,,,,Ghost]Torkoal||EjectPack|Drought|Eruption,Overheat,HelpingHand,Protect|||F|||50|,,,,,Fire]Porygon2||Eviolite|Download|IceBeam,TeraBlast,TrickRoom,Recover||||||50|,,,,,Fighting]Incineroar||SitrusBerry|Intimidate|FlareBlitz,KnockOff,FakeOut,PartingShot|||M|||50|,,,,,Ghost]Jumpluff||CovertCloak|Chlorophyll|SleepPowder,SunnyDay,RagePowder,Tailwind|||M|||50|,,,,,Water]Ursaluna||FlameOrb|Guts|HeadlongRush,Facade,Earthquake,Protect|||M|||50|,,,,,Ghost
|inactive|Battle timer is ON: inactive players will automatically lose when time's up. (requested by Pietplezier7)
|inactive|jngldiff has 60 seconds left.
|inactive|jngldiff has 30 seconds left.
|
|t:|1756739463
|teamsize|p1|4
|teamsize|p2|4
|start
|switch|p1a: Kingambit|Kingambit, L50, M|100/100
|switch|p1b: Rillaboom|Rillaboom, L50, F|100/100
|switch|p2a: Torkoal|Torkoal, L50, F|100/100
|switch|p2b: Jumpluff|Jumpluff, L50, M|100/100
|-fieldstart|move: Grassy Terrain|[from] ability: Grassy Surge|[of] p1b: Rillaboom
|-weather|SunnyDay|[from] ability: Drought|[of] p2a: Torkoal
|turn|1
|inactive|jngldiff has 30 seconds left.
|
|t:|1756739491
|move|p1b: Rillaboom|Fake Out|p2a: Torkoal
|-damage|p2a: Torkoal|89/100
|move|p2b: Jumpluff|Tailwind|p2b: Jumpluff
|-sidestart|p2: Pietplezier7|move: Tailwind
|move|p1a: Kingambit|Kowtow Cleave|p2b: Jumpluff
|-damage|p2b: Jumpluff|46/100
|cant|p2a: Torkoal|flinch
|
|-weather|SunnyDay|[upkeep]
|-heal|p2a: Torkoal|95/100|[from] Grassy Terrain
|upkeep
|turn|2
|inactive|jngldiff has 30 seconds left.
|
|t:|1756739524
|-terastallize|p1a: Kingambit|Dragon
|move|p1a: Kingambit|Sucker Punch|p2a: Torkoal
|-damage|p2a: Torkoal|68/100
|move|p2b: Jumpluff|Sleep Powder|p1a: Kingambit|[miss]
|-miss|p2b: Jumpluff|p1a: Kingambit
|move|p1b: Rillaboom|Taunt|p2b: Jumpluff
|-start|p2b: Jumpluff|move: Taunt
|move|p2a: Torkoal|Overheat|p1b: Rillaboom
|-supereffective|p1b: Rillaboom
|-damage|p1b: Rillaboom|0 fnt
|-unboost|p2a: Torkoal|spa|2
|faint|p1b: Rillaboom
|-enditem|p2a: Torkoal|Eject Pack
|
|t:|1756739536
|switch|p2a: Ursaluna|Ursaluna, L50, M|100/100
|
|-weather|SunnyDay|[upkeep]
|-status|p2a: Ursaluna|brn|[from] item: Flame Orb
|upkeep
|
|t:|1756739542
|switch|p1b: Dragonite|Dragonite, L50, M|100/100
|turn|3
|inactive|Pietplezier7 has 30 seconds left.
|inactive|Pietplezier7 has 20 seconds left.
|inactive|Pietplezier7 has 15 seconds left.
|inactive|Pietplezier7 has 10 seconds left.
|
|t:|1756739588
|switch|p2b: Torkoal|Torkoal, L50, F|68/100
|move|p1a: Kingambit|Sucker Punch|p2a: Ursaluna
|-damage|p2a: Ursaluna|72/100 brn
|move|p2a: Ursaluna|Facade|p1a: Kingambit
|-damage|p1a: Kingambit|1/100
|move|p1b: Dragonite|Scale Shot|p2a: Ursaluna
|-damage|p2a: Ursaluna|61/100 brn
|-damage|p2a: Ursaluna|49/100 brn
|-damage|p2a: Ursaluna|38/100 brn
|-damage|p2a: Ursaluna|26/100 brn
|-hitcount|p2a: Ursaluna|4
|-unboost|p1b: Dragonite|def|1
|-boost|p1b: Dragonite|spe|1
|
|-weather|SunnyDay|[upkeep]
|-heal|p2a: Ursaluna|32/100 brn|[from] Grassy Terrain
|-heal|p1a: Kingambit|7/100|[from] Grassy Terrain
|-heal|p2b: Torkoal|74/100|[from] Grassy Terrain
|-damage|p2a: Ursaluna|26/100 brn|[from] brn
|upkeep
|turn|4
|inactive|jngldiff has 30 seconds left.
|inactive|Pietplezier7 has 30 seconds left.
|inactive|jngldiff has 20 seconds left.
|
|t:|1756739628
|move|p2a: Ursaluna|Protect|p2a: Ursaluna
|-singleturn|p2a: Ursaluna|Protect
|move|p1a: Kingambit|Sucker Punch|p2b: Torkoal
|-damage|p2b: Torkoal|42/100
|move|p1b: Dragonite|Scale Shot|p2a: Ursaluna
|-activate|p2a: Ursaluna|move: Protect
|move|p2b: Torkoal|Overheat|p1a: Kingambit
|-resisted|p1a: Kingambit
|-damage|p1a: Kingambit|0 fnt
|-unboost|p2b: Torkoal|spa|2
|faint|p1a: Kingambit
|
|-weather|SunnyDay|[upkeep]
|-heal|p2a: Ursaluna|32/100 brn|[from] Grassy Terrain
|-heal|p2b: Torkoal|48/100|[from] Grassy Terrain
|-damage|p2a: Ursaluna|26/100 brn|[from] brn
|-sideend|p2: Pietplezier7|move: Tailwind
|upkeep
|
|t:|1756739635
|switch|p1a: Basculegion|Basculegion, L50, M|100/100
|turn|5
|inactive|jngldiff has 30 seconds left.
|
|t:|1756739663
|switch|p2b: Jumpluff|Jumpluff, L50, M|46/100
|move|p1a: Basculegion|Wave Crash|p2b: Jumpluff
|-resisted|p2b: Jumpluff
|-damage|p2b: Jumpluff|24/100
|-damage|p1a: Basculegion|94/100|[from] Recoil
|move|p1b: Dragonite|Scale Shot|p2a: Ursaluna
|-damage|p2a: Ursaluna|14/100 brn
|-damage|p2a: Ursaluna|3/100 brn
|-damage|p2a: Ursaluna|0 fnt
|faint|p2a: Ursaluna
|-hitcount|p2: Ursaluna|3
|-unboost|p1b: Dragonite|def|1
|-boost|p1b: Dragonite|spe|1
|
|-weather|none
|-heal|p1a: Basculegion|99/100|[from] Grassy Terrain
|-fieldend|move: Grassy Terrain
|upkeep
|
|t:|1756739681
|switch|p2a: Torkoal|Torkoal, L50, F|48/100
|-weather|SunnyDay|[from] ability: Drought|[of] p2a: Torkoal
|turn|6
|
|t:|1756739699
|move|p1b: Dragonite|Extreme Speed|p2b: Jumpluff
|-damage|p2b: Jumpluff|0 fnt
|faint|p2b: Jumpluff
|move|p1a: Basculegion|Wave Crash|p2a: Torkoal
|-supereffective|p2a: Torkoal
|-damage|p2a: Torkoal|0 fnt
|faint|p2a: Torkoal
|-damage|p1a: Basculegion|86/100|[from] Recoil
|
|-weather|SunnyDay|[upkeep]
|upkeep
|-message|Pietplezier7 forfeited.
|
|win|jngldiff
||Pietplezier7 is ready for game 3.
||jngldiff is ready for game 3.
|uhtml|next|Next: Game 3 of 3
|l|☆Pietplezier7
|player|p2|
|l|☆jngldiff
|player|p1|
|j|☆jngldiff
|player|p1|jngldiff|102|
