|j|☆alitadark
|j|☆kaiivgc
|html|alitadarkkaiivgc    
|uhtml|bestof|Game 2 of a best-of-3
|t:|1783325032
|gametype|doubles
|player|p1|alitadark|170|1125
|player|p2|kaiivgc|swimmerf-gen4dp|1274
|gen|9
|tier|[Gen 9 Champions] VGC 2026 Reg M-B (Bo3)
|rated|
|rule|Species Clause: Limit one of each Pokémon
|rule|Item Clause: Limit 1 of each item
|clearpoke
|poke|p1|Falinks, L50, shiny|
|poke|p1|Dragalge, L50, F, shiny|
|poke|p1|Aerodactyl, L50, F, shiny|
|poke|p1|Kingambit, L50, F, shiny|
|poke|p1|Farigiraf, L50, F, shiny|
|poke|p1|Sylveon, L50, F|
|poke|p2|Incineroar, L50, F|
|poke|p2|Aerodactyl, L50, F|
|poke|p2|Lucario, L50, M|
|poke|p2|Sinistcha-Masterpiece, L50, shiny|
|poke|p2|Floette-Eternal, L50, F|
|poke|p2|Primarina, L50, M, shiny|
|teampreview|4
|showteam|p1|Falinks||Falinksite|Defiant|CloseCombat,SeedBomb,KnockOff,Protect|Adamant|||||50|]Dragalge||LifeOrb|Adaptability|DracoMeteor,SludgeBomb,FocusBlast,Protect|Modest||F|||50|]Aerodactyl||Aerodactylite|Unnerve|RockSlide,DualWingbeat,IceFang,Tailwind|Jolly||F|||50|]Kingambit||FocusSash|Defiant|KowtowCleave,IronHead,SuckerPunch,LowKick|Adamant||F|||50|]Farigiraf||SitrusBerry|ArmorTail|Psychic,TrickRoom,HelpingHand,Protect|Bold||F|||50|]Sylveon||FairyFeather|Pixilate|HyperVoice,HyperBeam,QuickAttack,Detect|Modest||F|||50|
|showteam|p2|Incineroar||ShucaBerry|Intimidate|FakeOut,FlareBlitz,PartingShot,DarkestLariat|Impish||F|||50|]Aerodactyl||FocusSash|Unnerve|WideGuard,Tailwind,RockSlide,DualWingbeat|Jolly||F|||50|]Lucario||Lucarionite|InnerFocus|BulletPunch,CloseCombat,MeteorMash,Protect|Adamant||M|||50|]Sinistcha-Masterpiece||SitrusBerry|Hospitality|Protect,MatchaGotcha,RagePowder,TrickRoom|Relaxed|||||50|]Floette-Eternal||Floettite|FlowerVeil|Protect,DazzlingGleam,Moonblast,CalmMind|Modest||F|||50|]Primarina||Leftovers|LiquidVoice|Protect,HyperVoice,Moonblast,CalmMind|Modest||M|||50|
|
|t:|1783325049
|teamsize|p1|4
|teamsize|p2|4
|start
|switch|p1a: Farigiraf|Farigiraf, L50, F, shiny|100/100
|switch|p1b: Aerodactyl|Aerodactyl, L50, F, shiny|100/100
|switch|p2a: Primarina|Primarina, L50, M, shiny|100/100
|switch|p2b: Incineroar|Incineroar, L50, F|100/100
|-ability|p1b: Aerodactyl|Unnerve
|-ability|p2b: Incineroar|Intimidate|boost
|-unboost|p1a: Farigiraf|atk|1
|-unboost|p1b: Aerodactyl|atk|1
|turn|1
|
|t:|1783325063
|detailschange|p1b: Aerodactyl|Aerodactyl-Mega, L50, F, shiny
|-mega|p1b: Aerodactyl|Aerodactyl|Aerodactylite
|move|p1a: Farigiraf|Helping Hand|p1b: Aerodactyl
|-singleturn|p1b: Aerodactyl|Helping Hand|[of] p1a: Farigiraf
|move|p1b: Aerodactyl|Rock Slide|p2b: Incineroar|[spread] p2a,p2b
|-supereffective|p2b: Incineroar|1
|-damage|p2a: Primarina|72/100
|-damage|p2b: Incineroar|55/100
|cant|p2a: Primarina|flinch
|cant|p2b: Incineroar|flinch
|
|-heal|p2a: Primarina|78/100|[from] item: Leftovers
|upkeep
|turn|2
|
|t:|1783325077
|move|p1b: Aerodactyl|Rock Slide|p2b: Incineroar|[spread] p2a,p2b
|-supereffective|p2b: Incineroar|1
|-damage|p2a: Primarina|59/100
|-damage|p2b: Incineroar|29/100
|cant|p2a: Primarina|flinch
|cant|p2b: Incineroar|flinch
|move|p1a: Farigiraf|Trick Room|p1a: Farigiraf
|-fieldstart|move: Trick Room|[of] p1a: Farigiraf
|
|-heal|p2a: Primarina|65/100|[from] item: Leftovers
|upkeep
|turn|3
|c|☆kaiivgc|omfg
|
|t:|1783325090
|switch|p1b: SylPievon|Sylveon, L50, F|100/100
|move|p1a: Farigiraf|Protect|p1a: Farigiraf
|-singleturn|p1a: Farigiraf|Protect
|move|p2b: Incineroar|Parting Shot|p1b: SylPievon
|-unboost|p1b: SylPievon|atk|1
|-unboost|p1b: SylPievon|spa|1
|
|t:|1783325095
|switch|p2b: Sinistcha|Sinistcha-Masterpiece, L50, shiny|100/100|[from] Parting Shot
|-heal|p2a: Primarina|90/100|[from] ability: Hospitality|[of] p2b: Sinistcha
|move|p2a: Primarina|Calm Mind|p2a: Primarina
|-boost|p2a: Primarina|spa|1
|-boost|p2a: Primarina|spd|1
|
|-heal|p2a: Primarina|97/100|[from] item: Leftovers
|upkeep
|turn|4
|
|t:|1783325107
|move|p1a: Farigiraf|Helping Hand|p1b: SylPievon
|-singleturn|p1b: SylPievon|Helping Hand|[of] p1a: Farigiraf
|move|p2b: Sinistcha|Matcha Gotcha|p1a: Farigiraf|[spread] p1a,p1b
|-damage|p1a: Farigiraf|78/100
|-damage|p1b: SylPievon|79/100
|move|p1b: SylPievon|Hyper Beam|p2a: Primarina
|-damage|p2a: Primarina|38/100
|-mustrecharge|p1b: SylPievon
|move|p2a: Primarina|Calm Mind|p2a: Primarina
|-boost|p2a: Primarina|spa|1
|-boost|p2a: Primarina|spd|1
|
|-heal|p2a: Primarina|44/100|[from] item: Leftovers
|upkeep
|turn|5
|
|t:|1783325124
|move|p1a: Farigiraf|Psychic|p2a: Primarina
|-damage|p2a: Primarina|28/100
|move|p2b: Sinistcha|Matcha Gotcha|p1a: Farigiraf|[spread] p1a,p1b
|-damage|p1a: Farigiraf|54/100
|-damage|p1b: SylPievon|60/100
|cant|p1b: SylPievon|recharge
|move|p2a: Primarina|Calm Mind|p2a: Primarina
|-boost|p2a: Primarina|spa|1
|-boost|p2a: Primarina|spd|1
|
|-heal|p2a: Primarina|35/100|[from] item: Leftovers
|upkeep
|turn|6
|
|t:|1783325144
|move|p1a: Farigiraf|Helping Hand|p1b: SylPievon
|-singleturn|p1b: SylPievon|Helping Hand|[of] p1a: Farigiraf
|move|p2b: Sinistcha|Rage Powder|p2b: Sinistcha
|-singleturn|p2b: Sinistcha|move: Rage Powder
|move|p1b: SylPievon|Hyper Beam|p2b: Sinistcha
|-damage|p2b: Sinistcha|0 fnt
|-mustrecharge|p1b: SylPievon
|faint|p2b: Sinistcha
|move|p2a: Primarina|Hyper Voice|p1b: SylPievon|[spread] p1a,p1b
|-damage|p1a: Farigiraf|0 fnt
|-damage|p1b: SylPievon|0 fnt
|faint|p1a: Farigiraf
|faint|p1b: SylPievon
|
|-heal|p2a: Primarina|41/100|[from] item: Leftovers
|-fieldend|move: Trick Room
|upkeep
|
|t:|1783325157
|switch|p1b: Dragalge|Dragalge, L50, F, shiny|100/100
|switch|p2b: Incineroar|Incineroar, L50, F|29/100
|switch|p1a: Aerodactyl|Aerodactyl-Mega, L50, F, shiny|100/100
|-ability|p2b: Incineroar|Intimidate|boost
|-unboost|p1a: Aerodactyl|atk|1
|-unboost|p1b: Dragalge|atk|1
|turn|7
|
|t:|1783325176
|move|p2b: Incineroar|Fake Out|p1b: Dragalge
|-damage|p1b: Dragalge|86/100
|move|p1a: Aerodactyl|Rock Slide|p2a: Primarina|[spread] p2a,p2b
|-supereffective|p2b: Incineroar|1
|-damage|p2a: Primarina|22/100
|-damage|p2b: Incineroar|2/100
|move|p2a: Primarina|Hyper Voice|p1b: Dragalge|[spread] p1a,p1b
|-supereffective|p1a: Aerodactyl|1
|-resisted|p1b: Dragalge|1
|-damage|p1a: Aerodactyl|0 fnt
|-damage|p1b: Dragalge|47/100
|faint|p1a: Aerodactyl
|cant|p1b: Dragalge|flinch
|
|-heal|p2a: Primarina|28/100|[from] item: Leftovers
|upkeep
|turn|8
|
|t:|1783325189
|move|p2a: Primarina|Moonblast|p1b: Dragalge
|-damage|p1b: Dragalge|0 fnt
|faint|p1b: Dragalge
|
|win|kaiivgc
||kaiivgc is ready for game 3.
||alitadark is ready for game 3.
|uhtml|next|Next: Game 3 of 3
