|j|☆sohaib
|j|☆kakunaka
|html|sohaibkakunaka    
|uhtml|bestof|Game 1 of a best-of-3
|t:|1784545158
|gametype|doubles
|player|p1|sohaib|#smogonxnpa2026draftee2|
|player|p2|kakunaka|#smogonxnpa2025draftee2|
|gen|9
|tier|[Gen 9 Champions] VGC 2026 Reg M-B (Bo3)
|rule|Species Clause: Limit one of each Pokémon
|rule|Item Clause: Limit 1 of each item
|clearpoke
|poke|p1|Charizard, L50, F|
|poke|p1|Venusaur, L50, M|
|poke|p1|Incineroar, L50, F|
|poke|p1|Garchomp, L50, F|
|poke|p1|Toxapex, L50, F|
|poke|p1|Annihilape, L50, M|
|poke|p2|Garchomp, L50, M|
|poke|p2|Charizard, L50, M|
|poke|p2|Toxapex, L50, M|
|poke|p2|Annihilape, L50, M|
|poke|p2|Venusaur, L50, F|
|poke|p2|Incineroar, L50, F|
|teampreview|4
|showteam|p1|Charizard||CharizarditeY|Blaze|Protect,HeatWave,WeatherBall,HelpingHand|Modest||F|||50|]Venusaur||LifeOrb|Chlorophyll|Protect,SolarBeam,SludgeBomb,EarthPower|Modest||M|||50|]Incineroar||SitrusBerry|Intimidate|FakeOut,PartingShot,FlareBlitz,ThroatChop|Impish||F|||50|]Garchomp||ChoiceScarf|RoughSkin|RockSlide,Earthquake,DragonClaw,StompingTantrum|Adamant||F|||50|]Toxapex||Leftovers|Regenerator|Infestation,Toxic,WideGuard,BanefulBunker|Impish||F|||50|]Annihilape||FocusSash|Defiant|RockTomb,CloseCombat,PhantomForce,Protect|Jolly||M|||50|
|showteam|p2|Garchomp||ChoiceScarf|RoughSkin|Earthquake,RockSlide,DragonClaw,StompingTantrum|Adamant||M|||50|]Charizard||CharizarditeY|Blaze|HeatWave,WeatherBall,Protect,HelpingHand|Modest||M|||50|]Toxapex||Leftovers|Regenerator|Infestation,Toxic,WideGuard,BanefulBunker|Impish||M|||50|]Annihilape||FocusSash|Defiant|CloseCombat,PhantomForce,RockTomb,Protect|Jolly||M|||50|]Venusaur||LifeOrb|Chlorophyll|SolarBeam,SludgeBomb,EarthPower,Protect|Modest||F|||50|]Incineroar||SitrusBerry|Intimidate|FakeOut,FlareBlitz,ThroatChop,PartingShot|Impish||F|||50|
|c|☆sohaib|one moment will send links out
|c|☆kakunaka|ok
|l|☆sohaib
|player|p1|
|j|☆sohaib
|player|p1|sohaib|#smogonxnpa2026draftee2|
|c|☆sohaib|gl hf
|c|☆kakunaka|gl hf
|j| Sir AaronVGC
|j| Code
|j| blaze7989
|j| Galahad Excalibur
|j| Orlandolt
|j| jmodri
|l| Code
|j| cablevgc
|
|t:|1784545283
|teamsize|p1|4
|teamsize|p2|4
|start
|switch|p1a: Charizard|Charizard, L50, F|100/100
|switch|p1b: Annihilape|Annihilape, L50, M|100/100
|switch|p2a: Toxapex|Toxapex, L50, M|100/100
|switch|p2b: Annihilape|Annihilape, L50, M|100/100
|turn|1
|l|☆sohaib
|player|p1|
|j|☆sohaib
|player|p1|sohaib|#smogonxnpa2026draftee2|
|l| jmodri
|l| cablevgc
|j| nashvgc7
|
|t:|1784545348
|move|p1a: Charizard|Protect|p1a: Charizard
|-singleturn|p1a: Charizard|Protect
|move|p1b: Annihilape|Rock Tomb|p2b: Annihilape
|-resisted|p2b: Annihilape|1
|-damage|p2b: Annihilape|89/100
|-unboost|p2b: Annihilape|spe|1
|-ability|p2b: Annihilape|Defiant|boost
|-boost|p2b: Annihilape|atk|2
|move|p2b: Annihilape|Phantom Force||[still]
|-prepare|p2b: Annihilape|Phantom Force
|move|p2a: Toxapex|Infestation|p1a: Charizard
|-activate|p1a: Charizard|move: Protect
|
|upkeep
|turn|2
|j| jmodri
|
|t:|1784545401
|detailschange|p1a: Charizard|Charizard-Mega-Y, L50, F
|-mega|p1a: Charizard|Charizard|Charizardite Y
|-weather|SunnyDay|[from] ability: Drought|[of] p1a: Charizard
|move|p1b: Annihilape|Phantom Force||[still]
|-prepare|p1b: Annihilape|Phantom Force
|move|p1a: Charizard|Weather Ball|p2a: Toxapex
|-resisted|p2a: Toxapex|1
|-damage|p2a: Toxapex|64/100
|move|p2b: Annihilape|Phantom Force|p1b: Annihilape|[from] lockedmove|[miss]
|-miss|p2b: Annihilape|p1b: Annihilape
|move|p2a: Toxapex|Infestation|p1b: Annihilape|[miss]
|-miss|p2a: Toxapex|p1b: Annihilape
|
|-weather|SunnyDay|[upkeep]
|-heal|p2a: Toxapex|70/100|[from] item: Leftovers
|upkeep
|turn|3
|j| Code
|l| Code
|inactive|Battle timer is ON: inactive players will automatically lose when time's up. (requested by sohaib)
|
|t:|1784545492
|move|p1b: Annihilape|Phantom Force|p2b: Annihilape|[from] lockedmove
|-supereffective|p2b: Annihilape|1
|-damage|p2b: Annihilape|0 fnt
|faint|p2b: Annihilape
|move|p1a: Charizard|Weather Ball|p2a: Toxapex
|-resisted|p2a: Toxapex|1
|-damage|p2a: Toxapex|38/100
|move|p2a: Toxapex|Infestation|p1b: Annihilape
|-resisted|p1b: Annihilape|2
|-damage|p1b: Annihilape|99/100
|-activate|p1b: Annihilape|move: Infestation|[of] p2a: Toxapex
|
|-weather|SunnyDay|[upkeep]
|-heal|p2a: Toxapex|44/100|[from] item: Leftovers
|-damage|p1b: Annihilape|87/100|[from] move: Infestation|[partiallytrapped]
|upkeep
|
|t:|1784545510
|switch|p2b: Venusaur|Venusaur, L50, F|100/100
|turn|4
|inactive|kakunaka has 30 seconds left.
|inactive|kakunaka has 20 seconds left.
|inactive|kakunaka has 15 seconds left.
|
|t:|1784545554
|move|p2b: Venusaur|Solar Beam||[still]
|-prepare|p2b: Venusaur|Solar Beam
|-anim|p2b: Venusaur|Solar Beam|p1b: Annihilape
|-damage|p1b: Annihilape|14/100
|-damage|p2b: Venusaur|90/100|[from] item: Life Orb
|move|p1b: Annihilape|Close Combat|p2a: Toxapex
|-resisted|p2a: Toxapex|1
|-damage|p2a: Toxapex|23/100
|-unboost|p1b: Annihilape|def|1
|-unboost|p1b: Annihilape|spd|1
|move|p1a: Charizard|Heat Wave|p2a: Toxapex|[spread] p2a
|-miss|p1a: Charizard|p2b: Venusaur
|-resisted|p2a: Toxapex|1
|-damage|p2a: Toxapex|2/100
|move|p2a: Toxapex|Toxic|p1a: Charizard
|-status|p1a: Charizard|tox
|
|-weather|SunnyDay|[upkeep]
|-heal|p2a: Toxapex|8/100|[from] item: Leftovers
|-damage|p1a: Charizard|93/100 tox|[from] psn
|-damage|p1b: Annihilape|2/100|[from] move: Infestation|[partiallytrapped]
|upkeep
|turn|5
|inactive|kakunaka has 30 seconds left.
|inactive|kakunaka has 20 seconds left.
|inactive|kakunaka has 15 seconds left.
|inactive|kakunaka has 10 seconds left.
|
|t:|1784545603
|switch|p1b: Venusaur|Venusaur, L50, M|100/100
|-heal|p2a: Toxapex|41/100|[from] ability: Regenerator|[silent]
|switch|p2a: Charizard|Charizard, L50, M|100/100
|move|p2b: Venusaur|Protect|p2b: Venusaur
|-singleturn|p2b: Venusaur|Protect
|move|p1a: Charizard|Heat Wave|p2b: Venusaur|[spread] p2a
|-activate|p2b: Venusaur|move: Protect
|-resisted|p2a: Charizard|1
|-damage|p2a: Charizard|64/100
|
|-weather|SunnyDay|[upkeep]
|-damage|p1a: Charizard|81/100 tox|[from] psn
|upkeep
|turn|6
|inactive|kakunaka has 30 seconds left.
|inactive|kakunaka has 20 seconds left.
|
|t:|1784545639
|detailschange|p2a: Charizard|Charizard-Mega-Y, L50, M
|-mega|p2a: Charizard|Charizard|Charizardite Y
|move|p1b: Venusaur|Protect|p1b: Venusaur
|-singleturn|p1b: Venusaur|Protect
|move|p2b: Venusaur|Sludge Bomb|p1a: Charizard
|-damage|p1a: Charizard|36/100 tox
|-damage|p2b: Venusaur|81/100|[from] item: Life Orb
|move|p2a: Charizard|Heat Wave|p1b: Venusaur|[spread] p1a
|-activate|p1b: Venusaur|move: Protect
|-resisted|p1a: Charizard|1
|-damage|p1a: Charizard|12/100 tox
|move|p1a: Charizard|Heat Wave|p2b: Venusaur|[spread] p2a,p2b
|-resisted|p2a: Charizard|1
|-supereffective|p2b: Venusaur|1
|-damage|p2a: Charizard|39/100
|-damage|p2b: Venusaur|0 fnt
|faint|p2b: Venusaur
|
|-weather|none
|-damage|p1a: Charizard|0 fnt|[from] psn
|faint|p1a: Charizard
|upkeep
|j| Axior
|
|t:|1784545658
|switch|p1a: Annihilape|Annihilape, L50, M|2/100
|switch|p2b: Toxapex|Toxapex, L50, M|41/100
|turn|7
|inactive|kakunaka has 30 seconds left.
|
|t:|1784545693
|move|p2b: Toxapex|Baneful Bunker|p2b: Toxapex
|-singleturn|p2b: Toxapex|move: Protect
|move|p1a: Annihilape|Rock Tomb|p2a: Charizard
|-supereffective|p2a: Charizard|2
|-damage|p2a: Charizard|0 fnt
|faint|p2a: Charizard
|move|p1b: Venusaur|Earth Power|p2b: Toxapex
|-activate|p2b: Toxapex|move: Protect
|
|-heal|p2b: Toxapex|47/100|[from] item: Leftovers
|upkeep
|turn|8
|
|t:|1784545702
|move|p1a: Annihilape|Close Combat|p2b: Toxapex
|-resisted|p2b: Toxapex|1
|-damage|p2b: Toxapex|28/100
|-unboost|p1a: Annihilape|def|1
|-unboost|p1a: Annihilape|spd|1
|move|p1b: Venusaur|Earth Power|p2b: Toxapex
|-supereffective|p2b: Toxapex|1
|-damage|p2b: Toxapex|0 fnt
|faint|p2b: Toxapex
|-damage|p1b: Venusaur|90/100|[from] item: Life Orb
|
|win|sohaib
||kakunaka is ready for game 2.
||sohaib is ready for game 2.
|uhtml|next|Next: Game 2 of 3
|j| Code
|l| Code
|l|☆sohaib
|player|p1|
|j| Code
|j| K0nqueror
|j| 1500oneveryladder
|l| Code
|j| Code
|l| Code
|j| Anoother aetlas
|l| K0nqueror
|j| Code
|j| Hecate2
|l| Code
|j| Finabas
|j| K0nqueror
|l| Galahad Excalibur
|l| Anoother aetlas
|j| marcofiero
|l| Finabas
|l| K0nqueror
|j| Code
|j| K0nqueror
|l| Code
|j| Code
|l| K0nqueror
|j| K0nqueror
|l| Code
|j| Code
|l| jmodri
|j| jmodri
|l| jmodri
|l| Code
|l| K0nqueror
|l| Orlandolt
|l| Axior
|j| K0nqueror
|l| K0nqueror
|l| marcofiero
|j| mdb dictador
|j| kynan sahur
|l| mdb dictador
|l| kynan sahur
|l| nashvgc7
|j| cablevgc
|l| cablevgc
|l| Hecate2
|l| blaze7989
|j| fangfangfan
|l| fangfangfan
|j| Code
