|j|☆zrmbe
|j|☆vpandur
|html|zrmbevpandur    
|uhtml|bestof|Game 2 of a best-of-3
|t:|1785096410
|gametype|doubles
|player|p1|zrmbe|pokemaniac|
|player|p2|vpandur|170|
|gen|9
|tier|[Gen 9 Champions] VGC 2026 Reg M-B (Bo3)
|rule|Species Clause: Limit one of each Pokémon
|rule|Item Clause: Limit 1 of each item
|clearpoke
|poke|p1|Aegislash, L50, M|
|poke|p1|Rotom-Wash, L50|
|poke|p1|Scizor, L50, M|
|poke|p1|Noivern, L50, F|
|poke|p1|Arcanine, L50, F|
|poke|p1|Ceruledge, L50, F|
|poke|p2|Incineroar, L50, M|
|poke|p2|Palafin, L50, M|
|poke|p2|Floette-Eternal, L50, F|
|poke|p2|Kingambit, L50, F|
|poke|p2|Rotom-Fan, L50|
|poke|p2|Toxicroak, L50, M|
|teampreview|4
|showteam|p1|Aegislash||SpellTag|StanceChange|WideGuard,ShadowBall,FlashCannon,KingsShield|Sassy||M|||50|]Rotom-Wash||SitrusBerry|Levitate|HydroPump,Thunderbolt,WillOWisp,VoltSwitch|Timid|||||50|]Scizor||Scizorite|Technician|BulletPunch,KnockOff,SwordsDance,Protect|Adamant||M|||50|]Noivern||FocusSash|Infiltrator|Tailwind,Taunt,DracoMeteor,Protect|Timid||F|||50|]Arcanine||Leftovers|Intimidate|FlareBlitz,Snarl,WillOWisp,Protect|Sassy||F|||50|]Ceruledge||LifeOrb|WeakArmor|Protect,BitterBlade,ShadowSneak,CloseCombat|Jolly||F|||50|
|showteam|p2|Incineroar||Leftovers|Intimidate|FakeOut,FlareBlitz,PartingShot,Protect|Adamant||M|||50|]Palafin||MysticWater|ZerotoHero|WaveCrash,JetPunch,FlipTurn,Protect|Jolly||M|||50|]Floette-Eternal||Floettite|FlowerVeil|CalmMind,DazzlingGleam,DrainingKiss,Protect|Modest||F|||50|]Kingambit||BlackGlasses|Defiant|SuckerPunch,KowtowCleave,SwordsDance,Protect|Adamant||F|||50|]Rotom-Fan||LifeOrb|Levitate|Thunderbolt,AirSlash,Protect,WillOWisp|Timid|||||50|]Toxicroak||FocusSash|Anticipation|BulletPunch,StoneEdge,FakeOut,PoisonJab|Jolly||M|||50|
|
|t:|1785096473
|teamsize|p1|4
|teamsize|p2|4
|start
|switch|p1a: Rotom|Rotom-Wash, L50|100/100
|switch|p1b: Scizor|Scizor, L50, M|100/100
|switch|p2a: Palafin|Palafin, L50, M|100/100
|switch|p2b: Incineroar|Incineroar, L50, M|100/100
|-ability|p2b: Incineroar|Intimidate|boost
|-unboost|p1a: Rotom|atk|1
|-unboost|p1b: Scizor|atk|1
|turn|1
|
|t:|1785096506
|detailschange|p1b: Scizor|Scizor-Mega, L50, M
|-mega|p1b: Scizor|Scizor|Scizorite
|move|p1b: Scizor|Protect|p1b: Scizor
|-singleturn|p1b: Scizor|Protect
|move|p2b: Incineroar|Fake Out|p1a: Rotom
|-damage|p1a: Rotom|79/100
|move|p2a: Palafin|Flip Turn|p1b: Scizor
|-activate|p1b: Scizor|move: Protect
|cant|p1a: Rotom|flinch
|
|upkeep
|turn|2
|
|t:|1785096550
|switch|p1b: Arcanine|Arcanine, L50, F|100/100
|-ability|p1b: Arcanine|Intimidate|boost
|-unboost|p2a: Palafin|atk|1
|-unboost|p2b: Incineroar|atk|1
|switch|p2b: Rotom|Rotom-Fan, L50|100/100
|move|p2a: Palafin|Flip Turn|p1b: Arcanine
|-supereffective|p1b: Arcanine|1
|-damage|p1b: Arcanine|62/100
|
|t:|1785096569
|detailschange|p2a: Palafin|Palafin-Hero, L50, M
|switch|p2a: Kingambit|Kingambit, L50, F|100/100|[from] Flip Turn
|move|p1a: Rotom|Thunderbolt|p2a: Kingambit
|-damage|p2a: Kingambit|58/100
|
|-heal|p1b: Arcanine|68/100|[from] item: Leftovers
|upkeep
|turn|3
|
|t:|1785096619
|move|p1b: Arcanine|Protect|p1b: Arcanine
|-singleturn|p1b: Arcanine|Protect
|move|p2a: Kingambit|Protect|p2a: Kingambit
|-singleturn|p2a: Kingambit|Protect
|move|p1a: Rotom|Volt Switch|p2a: Kingambit
|-activate|p2a: Kingambit|move: Protect
|move|p2b: Rotom|Thunderbolt|p1a: Rotom
|-damage|p1a: Rotom|14/100
|-enditem|p1a: Rotom|Sitrus Berry|[eat]
|-heal|p1a: Rotom|38/100|[from] item: Sitrus Berry
|-damage|p2b: Rotom|90/100|[from] item: Life Orb
|
|-heal|p1b: Arcanine|74/100|[from] item: Leftovers
|upkeep
|turn|4
|
|t:|1785096649
|switch|p2a: Palafin|Palafin-Hero, L50, M|100/100
|-activate|p2a: Palafin|ability: Zero to Hero
|move|p1a: Rotom|Volt Switch|p2a: Palafin
|-supereffective|p2a: Palafin|1
|-damage|p2a: Palafin|24/100
|
|t:|1785096660
|switch|p1a: Scizor|Scizor-Mega, L50, M|100/100|[from] Volt Switch
|move|p2b: Rotom|Thunderbolt|p1a: Scizor
|-damage|p1a: Scizor|48/100
|-damage|p2b: Rotom|80/100|[from] item: Life Orb
|move|p1b: Arcanine|Flare Blitz|p2a: Palafin
|-resisted|p2a: Palafin|1
|-damage|p2a: Palafin|2/100
|-damage|p1b: Arcanine|68/100|[from] Recoil
|
|-heal|p1b: Arcanine|74/100|[from] item: Leftovers
|upkeep
|turn|5
|
|t:|1785096687
|move|p2a: Palafin|Jet Punch|p1b: Arcanine
|-supereffective|p1b: Arcanine|1
|-damage|p1b: Arcanine|0 fnt
|faint|p1b: Arcanine
|move|p1a: Scizor|Bullet Punch|p2a: Palafin
|-resisted|p2a: Palafin|1
|-damage|p2a: Palafin|0 fnt
|faint|p2a: Palafin
|move|p2b: Rotom|Thunderbolt|p1a: Scizor
|-damage|p1a: Scizor|0 fnt
|faint|p1a: Scizor
|-damage|p2b: Rotom|71/100|[from] item: Life Orb
|
|upkeep
|
|t:|1785096702
|switch|p2a: Incineroar|Incineroar, L50, M|100/100
|switch|p1b: Ceruledge|Ceruledge, L50, F|100/100
|switch|p1a: Rotom|Rotom-Wash, L50|38/100
|-ability|p2a: Incineroar|Intimidate|boost
|-unboost|p1a: Rotom|atk|1
|-unboost|p1b: Ceruledge|atk|1
|turn|6
|
|t:|1785096740
|move|p2a: Incineroar|Fake Out|p1a: Rotom
|-damage|p1a: Rotom|19/100
|move|p2b: Rotom|Thunderbolt|p1a: Rotom
|-damage|p1a: Rotom|0 fnt
|faint|p1a: Rotom
|-damage|p2b: Rotom|61/100|[from] item: Life Orb
|move|p1b: Ceruledge|Close Combat|p2a: Incineroar
|-supereffective|p2a: Incineroar|1
|-damage|p2a: Incineroar|37/100
|-unboost|p1b: Ceruledge|def|1
|-unboost|p1b: Ceruledge|spd|1
|-damage|p1b: Ceruledge|90/100|[from] item: Life Orb
|
|-heal|p2a: Incineroar|43/100|[from] item: Leftovers
|upkeep
|turn|7
|
|t:|1785096757
|move|p1b: Ceruledge|Protect|p1b: Ceruledge
|-singleturn|p1b: Ceruledge|Protect
|move|p2b: Rotom|Thunderbolt|p1b: Ceruledge
|-activate|p1b: Ceruledge|move: Protect
|move|p2a: Incineroar|Parting Shot|p1b: Ceruledge
|-activate|p1b: Ceruledge|move: Protect
|
|-heal|p2a: Incineroar|49/100|[from] item: Leftovers
|upkeep
|turn|8
|
|t:|1785096767
|move|p2b: Rotom|Thunderbolt|p1b: Ceruledge
|-damage|p1b: Ceruledge|1/100
|-damage|p2b: Rotom|52/100|[from] item: Life Orb
|move|p1b: Ceruledge|Close Combat|p2a: Incineroar
|-supereffective|p2a: Incineroar|1
|-damage|p2a: Incineroar|0 fnt
|-unboost|p1b: Ceruledge|def|1
|-unboost|p1b: Ceruledge|spd|1
|faint|p2a: Incineroar
|-damage|p1b: Ceruledge|0 fnt|[from] item: Life Orb
|faint|p1b: Ceruledge
|
|win|vpandur
