|j|☆Rege1
|j|☆I LOVE KOMMO-O
|html|Rege1I LOVE KOMMO-O    
|uhtml|bestof|Game 2 of a best-of-3
|t:|1756305943
|gametype|doubles
|player|p1|Rege1|crasherwake|1095
|player|p2|I LOVE KOMMO-O|n|1099
|gen|9
|tier|[Gen 9] VGC 2025 Reg H (Bo3)
|rated|
|rule|Species Clause: Limit one of each Pokémon
|rule|Item Clause: Limit 1 of each item
|clearpoke
|poke|p1|Gothitelle, L50, M|
|poke|p1|Politoed, L50, M|
|poke|p1|Garganacl, L50, M|
|poke|p1|Grimmsnarl, L50, M|
|poke|p1|Bronzong, L50|
|poke|p1|Amoonguss, L50, M|
|poke|p2|Drifblim, L50, F|
|poke|p2|Indeedee, L50, M|
|poke|p2|Kommo-o, L50, F|
|poke|p2|Hydreigon, L50, M|
|poke|p2|Ursaluna-Bloodmoon, L50, M|
|poke|p2|Arcanine-Hisui, L50, F|
|teampreview|4
|showteam|p1|Gothitelle||SitrusBerry|ShadowTag|Protect,FakeOut,Psychic,Taunt|||M|||50|,,,,,Fighting]Politoed||DampRock|Drizzle|PerishSong,Protect,WeatherBall,Encore|||M|||50|,,,,,Grass]Garganacl||Leftovers|PurifyingSalt|Protect,SaltCure,Recover,StealthRock|||M|||50|,,,,,Ghost]Grimmsnarl||CovertCloak|Prankster|LightScreen,Reflect,PartingShot,SpiritBreak|||M|||50|,,,,,Water]Bronzong||LumBerry|Levitate|TrickRoom,GyroBall,Protect,Trick||||||50|,,,,,Water]Amoonguss||RockyHelmet|Regenerator|RagePowder,PollenPuff,Spore,Protect|||M|||50|,,,,,Water
|showteam|p2|Drifblim||PsychicSeed|Unburden|Acrobatics,Tailwind,WillOWisp,StrengthSap|||F|||50|,,,,,Grass]Indeedee||FocusSash|PsychicSurge|ExpandingForce,TeraBlast,TrickRoom,Imprison|||M|||50|,,,,,Ground]Kommo-o||Leftovers|Soundproof|BodyPress,Flamethrower,IronDefense,Protect|||F|||50|,,,,,Fire]Hydreigon||AssaultVest|Levitate|DarkPulse,Snarl,EarthPower,DracoMeteor|||M|||50|,,,,,Ghost]Ursaluna-Bloodmoon||LifeOrb|MindsEye|BloodMoon,HyperVoice,EarthPower,Protect|||M|||50|,,,,,Ghost]Arcanine-Hisui||SafetyGoggles|Intimidate|WillOWisp,RockSlide,Protect,FlareBlitz|||F|||50|,,,,,Water
|
|t:|1756305980
|teamsize|p1|4
|teamsize|p2|4
|start
|switch|p1a: Garganacl|Garganacl, L50, M|100/100
|switch|p1b: Grimmsnarl|Grimmsnarl, L50, M|100/100
|switch|p2a: Hydreigon|Hydreigon, L50, M|100/100
|switch|p2b: Kommo-o|Kommo-o, L50, F|100/100
|turn|1
|l|☆Rege1
|player|p1|
|
|t:|1756306020
|-terastallize|p2a: Hydreigon|Ghost
|move|p2b: Kommo-o|Protect|p2b: Kommo-o
|-singleturn|p2b: Kommo-o|Protect
|move|p1a: Garganacl|Protect|p1a: Garganacl
|-singleturn|p1a: Garganacl|Protect
|move|p2a: Hydreigon|Dark Pulse|p1a: Garganacl
|-activate|p1a: Garganacl|move: Protect
|move|p1b: Grimmsnarl|Spirit Break|p2a: Hydreigon
|-damage|p2a: Hydreigon|72/100
|-unboost|p2a: Hydreigon|spa|1
|
|upkeep
|turn|2
|j|☆Rege1
|player|p1|Rege1|crasherwake|
|
|t:|1756306078
|switch|p2a: Arcanine|Arcanine-Hisui, L50, F|100/100
|-ability|p2a: Arcanine|Intimidate|boost
|-unboost|p1a: Garganacl|atk|1
|-unboost|p1b: Grimmsnarl|atk|1
|move|p1a: Garganacl|Protect||[still]
|-fail|p1a: Garganacl
|move|p2b: Kommo-o|Iron Defense|p2b: Kommo-o
|-boost|p2b: Kommo-o|def|2
|move|p1b: Grimmsnarl|Spirit Break|p2a: Arcanine
|-resisted|p2a: Arcanine
|-crit|p2a: Arcanine
|-damage|p2a: Arcanine|73/100
|-unboost|p2a: Arcanine|spa|1
|
|upkeep
|turn|3
|
|t:|1756306096
|-terastallize|p1a: Garganacl|Ghost
|move|p1b: Grimmsnarl|Reflect|p1b: Grimmsnarl
|-sidestart|p1: Rege1|Reflect
|move|p2a: Arcanine|Rock Slide|p1a: Garganacl|[spread] p1a,p1b
|-damage|p1a: Garganacl|87/100
|-damage|p1b: Grimmsnarl|79/100
|move|p2b: Kommo-o|Body Press|p1b: Grimmsnarl
|-damage|p1b: Grimmsnarl|15/100
|move|p1a: Garganacl|Salt Cure|p2a: Arcanine
|-supereffective|p2a: Arcanine
|-damage|p2a: Arcanine|51/100
|-start|p2a: Arcanine|Salt Cure
|
|-heal|p1a: Garganacl|93/100|[from] item: Leftovers
|-damage|p2a: Arcanine|39/100|[from] Salt Cure
|upkeep
|turn|4
|
|t:|1756306118
|switch|p2a: Ursaluna|Ursaluna-Bloodmoon, L50, M|100/100
|move|p1b: Grimmsnarl|Parting Shot|p2a: Ursaluna
|-unboost|p2a: Ursaluna|atk|1
|-unboost|p2a: Ursaluna|spa|1
|
|t:|1756306127
|switch|p1b: Gothitelle|Gothitelle, L50, M|100/100|[from] Parting Shot
|move|p2b: Kommo-o|Body Press|p1b: Gothitelle
|-resisted|p1b: Gothitelle
|-damage|p1b: Gothitelle|75/100
|move|p1a: Garganacl|Stealth Rock|p2b: Kommo-o
|-sidestart|p2: I LOVE KOMMO-O|move: Stealth Rock
|
|-heal|p1a: Garganacl|99/100|[from] item: Leftovers
|upkeep
|turn|5
|inactive|Battle timer is ON: inactive players will automatically lose when time's up. (requested by Rege1)
|
|t:|1756306154
|move|p1b: Gothitelle|Fake Out|p2b: Kommo-o
|-damage|p2b: Kommo-o|98/100
|move|p2a: Ursaluna|Blood Moon|p1b: Gothitelle
|-damage|p1b: Gothitelle|23/100
|-enditem|p1b: Gothitelle|Sitrus Berry|[eat]
|-heal|p1b: Gothitelle|47/100|[from] item: Sitrus Berry
|-damage|p2a: Ursaluna|91/100|[from] item: Life Orb
|cant|p2b: Kommo-o|flinch
|move|p1a: Garganacl|Salt Cure|p2a: Ursaluna
|-resisted|p2a: Ursaluna
|-crit|p2a: Ursaluna
|-damage|p2a: Ursaluna|83/100
|-start|p2a: Ursaluna|Salt Cure
|
|-heal|p2b: Kommo-o|100/100|[from] item: Leftovers
|-heal|p1a: Garganacl|100/100|[from] item: Leftovers
|-damage|p2a: Ursaluna|71/100|[from] Salt Cure
|upkeep
|turn|6
|inactive|Rege1 has 30 seconds left.
|
|t:|1756306181
|move|p1b: Gothitelle|Protect|p1b: Gothitelle
|-singleturn|p1b: Gothitelle|Protect
|move|p2a: Ursaluna|Earth Power|p1b: Gothitelle
|-activate|p1b: Gothitelle|move: Protect
|move|p2b: Kommo-o|Body Press|p1b: Gothitelle
|-activate|p1b: Gothitelle|move: Protect
|move|p1a: Garganacl|Salt Cure|p2b: Kommo-o
|-resisted|p2b: Kommo-o
|-damage|p2b: Kommo-o|99/100
|-start|p2b: Kommo-o|Salt Cure
|
|-heal|p2b: Kommo-o|100/100|[from] item: Leftovers
|-damage|p2a: Ursaluna|59/100|[from] Salt Cure
|-damage|p2b: Kommo-o|88/100|[from] Salt Cure
|upkeep
|turn|7
|
|t:|1756306199
|switch|p1b: Grimmsnarl|Grimmsnarl, L50, M|15/100
|move|p1a: Garganacl|Protect|p1a: Garganacl
|-singleturn|p1a: Garganacl|Protect
|move|p2a: Ursaluna|Blood Moon|p1b: Grimmsnarl
|-damage|p1b: Grimmsnarl|0 fnt
|faint|p1b: Grimmsnarl
|-damage|p2a: Ursaluna|49/100|[from] item: Life Orb
|move|p2b: Kommo-o|Iron Defense|p2b: Kommo-o
|-boost|p2b: Kommo-o|def|2
|
|-heal|p2b: Kommo-o|94/100|[from] item: Leftovers
|-damage|p2a: Ursaluna|37/100|[from] Salt Cure
|-damage|p2b: Kommo-o|82/100|[from] Salt Cure
|-sideend|p1: Rege1|Reflect
|upkeep
|
|t:|1756306215
|switch|p1b: Gothitelle|Gothitelle, L50, M|47/100
|turn|8
|
|t:|1756306230
|switch|p1a: Politoed|Politoed, L50, M|100/100
|-weather|RainDance|[from] ability: Drizzle|[of] p1a: Politoed
|move|p1b: Gothitelle|Fake Out|p2b: Kommo-o
|-damage|p2b: Kommo-o|81/100
|move|p2a: Ursaluna|Hyper Voice|p1b: Gothitelle|[spread] p1a,p1b
|-damage|p1a: Politoed|75/100
|-damage|p1b: Gothitelle|19/100
|-damage|p2a: Ursaluna|27/100|[from] item: Life Orb
|cant|p2b: Kommo-o|flinch
|
|-weather|RainDance|[upkeep]
|-heal|p2b: Kommo-o|87/100|[from] item: Leftovers
|-damage|p2a: Ursaluna|15/100|[from] Salt Cure
|-damage|p2b: Kommo-o|75/100|[from] Salt Cure
|upkeep
|turn|9
|
|t:|1756306252
|move|p2a: Ursaluna|Blood Moon|p1a: Politoed
|-damage|p1a: Politoed|24/100
|-damage|p2a: Ursaluna|6/100|[from] item: Life Orb
|move|p2b: Kommo-o|Body Press|p1b: Gothitelle
|-resisted|p1b: Gothitelle
|-damage|p1b: Gothitelle|0 fnt
|faint|p1b: Gothitelle
|move|p1a: Politoed|Weather Ball|p2a: Ursaluna
|-supereffective|p2a: Ursaluna
|-damage|p2a: Ursaluna|0 fnt
|faint|p2a: Ursaluna
|
|-weather|RainDance|[upkeep]
|-heal|p2b: Kommo-o|81/100|[from] item: Leftovers
|-damage|p2b: Kommo-o|69/100|[from] Salt Cure
|upkeep
|
|t:|1756306267
|switch|p2a: Hydreigon|Hydreigon, L50, M, tera:Ghost|72/100
|switch|p1b: Garganacl|Garganacl, L50, M, tera:Ghost|100/100
|-damage|p2a: Hydreigon|60/100|[from] Stealth Rock
|turn|10
|
|t:|1756306283
|move|p1a: Politoed|Protect|p1a: Politoed
|-singleturn|p1a: Politoed|Protect
|move|p2a: Hydreigon|Dark Pulse|p1b: Garganacl
|-supereffective|p1b: Garganacl
|-damage|p1b: Garganacl|35/100
|move|p2b: Kommo-o|Body Press|p1a: Politoed
|-activate|p1a: Politoed|move: Protect
|move|p1b: Garganacl|Recover|p1b: Garganacl
|-heal|p1b: Garganacl|85/100
|
|-weather|RainDance|[upkeep]
|-heal|p2b: Kommo-o|75/100|[from] item: Leftovers
|-heal|p1b: Garganacl|92/100|[from] item: Leftovers
|-damage|p2b: Kommo-o|63/100|[from] Salt Cure
|upkeep
|turn|11
|
|t:|1756306306
|move|p2a: Hydreigon|Dark Pulse|p1b: Garganacl
|-supereffective|p1b: Garganacl
|-damage|p1b: Garganacl|28/100
|move|p2b: Kommo-o|Body Press|p1a: Politoed
|-damage|p1a: Politoed|0 fnt
|faint|p1a: Politoed
|cant|p1b: Garganacl|flinch
|
|-weather|RainDance|[upkeep]
|-heal|p2b: Kommo-o|69/100|[from] item: Leftovers
|-heal|p1b: Garganacl|35/100|[from] item: Leftovers
|-damage|p2b: Kommo-o|57/100|[from] Salt Cure
|upkeep
|turn|12
|-message|Rege1 forfeited.
|
|win|I LOVE KOMMO-O
|l|☆Rege1
|player|p1|
||Rege1 is ready for game 3.
||I LOVE KOMMO-O is ready for game 3.
|uhtml|next|Next: Game 3 of 3
