|j|☆StuvStuv VGC
|j|☆maxibeasm
|html|StuvStuv VGCmaxibeasm    
|uhtml|bestof|Game 3 of a best-of-3
|t:|1783537061
|gametype|doubles
|player|p1|StuvStuv VGC|caitlin|1074
|player|p2|maxibeasm|265|1000
|gen|9
|tier|[Gen 9 Champions] VGC 2026 Reg M-B (Bo3)
|rated|
|rule|Species Clause: Limit one of each Pokémon
|rule|Item Clause: Limit 1 of each item
|clearpoke
|poke|p1|Gengar, L50, M|
|poke|p1|Politoed, L50, M|
|poke|p1|Farigiraf, L50, M|
|poke|p1|Incineroar, L50, M|
|poke|p1|Swampert, L50, M|
|poke|p1|Garchomp, L50, F|
|poke|p2|Delphox, L50, M|
|poke|p2|Floette-Eternal, L50, F|
|poke|p2|Garchomp, L50, M|
|poke|p2|Incineroar, L50, F|
|poke|p2|Sinistcha, L50|
|poke|p2|Sneasler, L50, M|
|teampreview|4
|showteam|p1|Gengar||Gengarite|CursedBody|SludgeBomb,ShadowBall,PerishSong,Protect|Timid||M|||50|]Politoed||Leftovers|Drizzle|WeatherBall,IceBeam,PerishSong,Protect|Sassy||M|||50|]Farigiraf||LumBerry|ArmorTail|TwinBeam,Thunderbolt,HelpingHand,TrickRoom|Sassy||M|||50|]Incineroar||SitrusBerry|Intimidate|FakeOut,ThroatChop,PartingShot,Protect|Adamant||M|||50|]Swampert||Swampertite|Torrent|WaveCrash,Earthquake,FlipTurn,Protect|Adamant||M|||50|]Garchomp||LifeOrb|RoughSkin|DragonClaw,StompingTantrum,RockSlide,Protect|Jolly||F|||50|
|showteam|p2|Delphox||Delphoxite|Blaze|Protect,HeatWave,Psyshock,NastyPlot|Timid||M|||50|]Floette-Eternal||Floettite|FlowerVeil|Protect,Moonblast,DazzlingGleam,CalmMind|Modest||F|||50|]Garchomp||ChoiceScarf|RoughSkin|RockSlide,Earthquake,StompingTantrum,DragonClaw|Serious||M|||50|]Incineroar||PasshoBerry|Intimidate|FakeOut,PartingShot,FlareBlitz,ThroatChop|Impish||F|||50|]Sinistcha||SitrusBerry|Hospitality|Protect,RagePowder,MatchaGotcha,TrickRoom|Bold|||||50|]Sneasler||FocusSash|PoisonTouch|FakeOut,CloseCombat,DireClaw,QuickGuard|Jolly||M|||50|
|inactive|Battle timer is ON: inactive players will automatically lose when time's up. (requested by maxibeasm)
|inactive|StuvStuv VGC has 60 seconds left.
|inactive|maxibeasm has 60 seconds left.
|
|t:|1783537107
|teamsize|p1|4
|teamsize|p2|4
|start
|switch|p1a: Swampert|Swampert, L50, M|100/100
|switch|p1b: Farigiraf|Farigiraf, L50, M|100/100
|switch|p2a: Incineroar|Incineroar, L50, F|100/100
|switch|p2b: Floette|Floette-Eternal, L50, F|100/100
|-ability|p2a: Incineroar|Intimidate|boost
|-unboost|p1a: Swampert|atk|1
|-unboost|p1b: Farigiraf|atk|1
|turn|1
|inactive|maxibeasm has 30 seconds left.
|
|t:|1783537133
|switch|p1b: Incineroar|Incineroar, L50, M|100/100
|-ability|p1b: Incineroar|Intimidate|boost
|-unboost|p2a: Incineroar|atk|1
|-unboost|p2b: Floette|atk|1
|detailschange|p2b: Floette|Floette-Mega, L50, F
|-mega|p2b: Floette|Floette|Floettite
|-ability|p2b: Floette|Fairy Aura
|detailschange|p1a: Swampert|Swampert-Mega, L50, M
|-mega|p1a: Swampert|Swampert|Swampertite
|move|p2b: Floette|Calm Mind|p2b: Floette
|-boost|p2b: Floette|spa|1
|-boost|p2b: Floette|spd|1
|move|p2a: Incineroar|Parting Shot|p1a: Swampert
|-unboost|p1a: Swampert|atk|1
|-unboost|p1a: Swampert|spa|1
|
|t:|1783537151
|switch|p2a: Garchomp|Garchomp, L50, M|100/100|[from] Parting Shot
|move|p1a: Swampert|Wave Crash|p2b: Floette
|-damage|p2b: Floette|62/100
|-damage|p1a: Swampert|89/100|[from] Recoil
|
|upkeep
|turn|2
|
|t:|1783537171
|switch|p1b: Politoed|Politoed, L50, M|100/100
|-weather|RainDance|[from] ability: Drizzle|[of] p1b: Politoed
|move|p2a: Garchomp|Stomping Tantrum|p1b: Politoed
|-damage|p1b: Politoed|57/100
|move|p1a: Swampert|Wave Crash|p2b: Floette
|-damage|p2b: Floette|0 fnt
|faint|p2b: Floette
|-damage|p1a: Swampert|73/100|[from] Recoil
|
|-weather|RainDance|[upkeep]
|-heal|p1b: Politoed|63/100|[from] item: Leftovers
|upkeep
|
|t:|1783537183
|switch|p2b: Sinistcha|Sinistcha, L50|100/100
|turn|3
|
|t:|1783537192
|switch|p1b: Incineroar|Incineroar, L50, M|100/100
|-ability|p1b: Incineroar|Intimidate|boost
|-unboost|p2a: Garchomp|atk|1
|-unboost|p2b: Sinistcha|atk|1
|move|p2a: Garchomp|Stomping Tantrum|p1a: Swampert
|-damage|p1a: Swampert|50/100y
|move|p1a: Swampert|Flip Turn|p2a: Garchomp
|-crit|p2a: Garchomp
|-damage|p2a: Garchomp|17/100
|-damage|p1a: Swampert|37/100|[from] ability: Rough Skin|[of] p2a: Garchomp
|c|☆StuvStuv VGC|sorry
|
|t:|1783537206
|switch|p1a: Farigiraf|Farigiraf, L50, M|100/100|[from] Flip Turn
|move|p2b: Sinistcha|Matcha Gotcha|p1b: Incineroar|[spread] p1a,p1b
|-resisted|p1b: Incineroar|1
|-damage|p1a: Farigiraf|78/100
|-damage|p1b: Incineroar|90/100
|-status|p1a: Farigiraf|brn
|-enditem|p1a: Farigiraf|Lum Berry|[eat]
|-curestatus|p1a: Farigiraf|brn|[msg]
|
|-weather|RainDance|[upkeep]
|upkeep
|turn|4
|
|t:|1783537215
|switch|p2a: Incineroar|Incineroar, L50, F|100/100
|-ability|p2a: Incineroar|Intimidate|boost
|-unboost|p1a: Farigiraf|atk|1
|-unboost|p1b: Incineroar|atk|1
|move|p2b: Sinistcha|Matcha Gotcha|p1b: Incineroar|[spread] p1a,p1b
|-resisted|p1b: Incineroar|1
|-damage|p1a: Farigiraf|58/100
|-damage|p1b: Incineroar|81/100
|move|p1b: Incineroar|Throat Chop|p2b: Sinistcha
|-supereffective|p2b: Sinistcha|1
|-damage|p2b: Sinistcha|61/100
|-start|p2b: Sinistcha|Throat Chop|[silent]
|move|p1a: Farigiraf|Twin Beam|p2b: Sinistcha
|-damage|p2b: Sinistcha|45/100
|-enditem|p2b: Sinistcha|Sitrus Berry|[eat]
|-heal|p2b: Sinistcha|70/100|[from] item: Sitrus Berry
|-damage|p2b: Sinistcha|55/100
|-hitcount|p2b: Sinistcha|2
|
|-weather|RainDance|[upkeep]
|upkeep
|turn|5
|inactive|StuvStuv VGC has 30 seconds left.
|inactive|maxibeasm has 30 seconds left.
|
|t:|1783537250
|switch|p1a: Politoed|Politoed, L50, M|63/100
|move|p2a: Incineroar|Parting Shot|p1b: Incineroar
|-unboost|p1b: Incineroar|atk|1
|-unboost|p1b: Incineroar|spa|1
|
|t:|1783537254
|switch|p2a: Garchomp|Garchomp, L50, M|17/100|[from] Parting Shot
|move|p1b: Incineroar|Parting Shot|p2b: Sinistcha
|-unboost|p2b: Sinistcha|atk|1
|-unboost|p2b: Sinistcha|spa|1
|
|t:|1783537259
|switch|p1b: Farigiraf|Farigiraf, L50, M|58/100|[from] Parting Shot
|move|p2b: Sinistcha|Trick Room|p2b: Sinistcha
|-fieldstart|move: Trick Room|[of] p2b: Sinistcha
|
|-weather|RainDance|[upkeep]
|-heal|p1a: Politoed|69/100|[from] item: Leftovers
|-end|p2b: Sinistcha|Throat Chop|[silent]
|upkeep
|turn|6
|
|t:|1783537271
|switch|p2a: Incineroar|Incineroar, L50, F|100/100
|-ability|p2a: Incineroar|Intimidate|boost
|-unboost|p1a: Politoed|atk|1
|-unboost|p1b: Farigiraf|atk|1
|move|p1b: Farigiraf|Thunderbolt|p2b: Sinistcha
|-resisted|p2b: Sinistcha|1
|-damage|p2b: Sinistcha|43/100
|move|p1a: Politoed|Weather Ball|p2b: Sinistcha
|-resisted|p2b: Sinistcha|1
|-crit|p2b: Sinistcha
|-damage|p2b: Sinistcha|13/100
|move|p2b: Sinistcha|Matcha Gotcha|p1a: Politoed|[spread] p1a,p1b
|-supereffective|p1a: Politoed|1
|-damage|p1a: Politoed|47/100
|-heal|p2b: Sinistcha|25/100|[from] drain|[of] p1a: Politoed
|-damage|p1b: Farigiraf|44/100
|-heal|p2b: Sinistcha|34/100|[from] drain|[of] p1b: Farigiraf
|-status|p1a: Politoed|brn
|
|-weather|none
|-heal|p1a: Politoed|53/100 brn|[from] item: Leftovers
|-damage|p1a: Politoed|47/100 brn|[from] brn
|upkeep
|turn|7
|inactive|maxibeasm has 30 seconds left.
|
|t:|1783537304
|switch|p1a: Incineroar|Incineroar, L50, M|81/100
|-ability|p1a: Incineroar|Intimidate|boost
|-unboost|p2a: Incineroar|atk|1
|-unboost|p2b: Sinistcha|atk|1
|switch|p2b: Garchomp|Garchomp, L50, M|17/100
|move|p1b: Farigiraf|Twin Beam|p2b: Garchomp
|-damage|p2b: Garchomp|2/100
|-damage|p2b: Garchomp|0 fnt
|faint|p2b: Garchomp
|-hitcount|p2: Garchomp|2
|move|p2a: Incineroar|Parting Shot|p1a: Incineroar
|-unboost|p1a: Incineroar|atk|1
|-unboost|p1a: Incineroar|spa|1
|
|t:|1783537314
|switch|p2a: Sinistcha|Sinistcha, L50|34/100|[from] Parting Shot
|
|upkeep
|
|t:|1783537316
|switch|p2b: Incineroar|Incineroar, L50, F|100/100
|-ability|p2b: Incineroar|Intimidate|boost
|-unboost|p1a: Incineroar|atk|1
|-unboost|p1b: Farigiraf|atk|1
|turn|8
|
|t:|1783537323
|move|p2a: Sinistcha|Protect|p2a: Sinistcha
|-singleturn|p2a: Sinistcha|Protect
|move|p1b: Farigiraf|Twin Beam|p2a: Sinistcha
|-activate|p2a: Sinistcha|move: Protect
|move|p1a: Incineroar|Throat Chop|p2a: Sinistcha
|-activate|p2a: Sinistcha|move: Protect
|move|p2b: Incineroar|Throat Chop|p1b: Farigiraf
|-supereffective|p1b: Farigiraf|1
|-damage|p1b: Farigiraf|0 fnt
|faint|p1b: Farigiraf
|
|upkeep
|
|t:|1783537327
|switch|p1b: Politoed|Politoed, L50, M|47/100 brn
|-weather|RainDance|[from] ability: Drizzle|[of] p1b: Politoed
|turn|9
|inactive|maxibeasm has 30 seconds left.
|
|t:|1783537356
|move|p1a: Incineroar|Protect|p1a: Incineroar
|-singleturn|p1a: Incineroar|Protect
|move|p2a: Sinistcha|Protect||[still]
|-fail|p2a: Sinistcha
|move|p1b: Politoed|Ice Beam|p2a: Sinistcha
|-supereffective|p2a: Sinistcha|1
|-damage|p2a: Sinistcha|0 fnt
|faint|p2a: Sinistcha
|move|p2b: Incineroar|Throat Chop|p1a: Incineroar
|-activate|p1a: Incineroar|move: Protect
|
|-weather|RainDance|[upkeep]
|-heal|p1b: Politoed|53/100 brn|[from] item: Leftovers
|-damage|p1b: Politoed|47/100 brn|[from] brn
|-fieldend|move: Trick Room
|upkeep
|turn|10
|-message|maxibeasm forfeited.
|
|win|StuvStuv VGC
|raw|StuvStuv VGC's rating: 1074 → 1097(+23 for winning)
|raw|maxibeasm's rating: 1000 → 1000(+0 for losing)
