|j|☆standardamerican
|j|☆jvpv7
|html|standardamericanjvpv7    
|uhtml|bestof|Game 2 of a best-of-3
|t:|1784817936
|gametype|doubles
|player|p1|standardamerican|169|1203
|player|p2|jvpv7|rosa|1104
|gen|9
|tier|[Gen 9 Champions] VGC 2026 Reg M-B (Bo3)
|rated|
|rule|Species Clause: Limit one of each Pokémon
|rule|Item Clause: Limit 1 of each item
|clearpoke
|poke|p1|Sinistcha, L50|
|poke|p1|Incineroar, L50, M|
|poke|p1|Milotic, L50, M|
|poke|p1|Raichu, L50, M|
|poke|p1|Gardevoir, L50, F|
|poke|p1|Ceruledge, L50, F|
|poke|p2|Meganium, L50, M|
|poke|p2|Mawile, L50, F|
|poke|p2|Sinistcha, L50|
|poke|p2|Ceruledge, L50, M|
|poke|p2|Milotic, L50, F|
|poke|p2|Incineroar, L50, F|
|teampreview|4
|showteam|p1|Sinistcha||KasibBerry|Hospitality|MatchaGotcha,Imprison,RagePowder,Protect|Bold|||||50|]Incineroar||SitrusBerry|Intimidate|FlareBlitz,DarkestLariat,FakeOut,PartingShot|Careful||M|||50|]Milotic||Leftovers|Competitive|MuddyWater,Coil,Hypnosis,Protect|Calm||M|||50|]Raichu||RaichuniteY|LightningRod|ZapCannon,FocusBlast,FakeOut,Protect|Timid||M|||50|]Gardevoir||Gardevoirite|Trace|HyperVoice,Psyshock,TrickRoom,Protect|Modest||F|||50|]Ceruledge||ColburBerry|FlashFire|BitterBlade,ShadowSneak,BulkUp,Protect|Adamant||F|||50|
|showteam|p2|Meganium||Meganiumite|LeafGuard|SolarBeam,Protect,DazzlingGleam,WeatherBall|Timid||M|||50|]Mawile||Mawilite|HyperCutter|PlayRough,SuckerPunch,IronHead,Protect|Adamant||F|||50|]Sinistcha||KasibBerry|Hospitality|Protect,MatchaGotcha,ShadowBall,RagePowder|Bold|||||50|]Ceruledge||ColburBerry|FlashFire|BitterBlade,ShadowSneak,BulkUp,Protect|Jolly||M|||50|]Milotic||Leftovers|Competitive|Protect,LifeDew,IceBeam,Scald|Bold||F|||50|]Incineroar||SitrusBerry|Intimidate|FlareBlitz,FakeOut,PartingShot,ThroatChop|Adamant||F|||50|
|
|t:|1784817972
|teamsize|p1|4
|teamsize|p2|4
|start
|switch|p1a: Milotic|Milotic, L50, M|100/100
|switch|p1b: Sinistcha|Sinistcha, L50|100/100
|switch|p2a: Milotic|Milotic, L50, F|100/100
|switch|p2b: Meganium|Meganium, L50, M|100/100
|turn|1
|inactive|Battle timer is ON: inactive players will automatically lose when time's up. (requested by jvpv7)
|
|t:|1784817998
|switch|p1a: Ceruledge|Ceruledge, L50, F|100/100
|detailschange|p2b: Meganium|Meganium-Mega, L50, M
|-mega|p2b: Meganium|Meganium|Meganiumite
|move|p2b: Meganium|Weather Ball|p1b: Sinistcha
|-supereffective|p1b: Sinistcha|1
|-damage|p1b: Sinistcha|0 fnt
|faint|p1b: Sinistcha
|move|p2a: Milotic|Ice Beam|p1a: Ceruledge
|-resisted|p1a: Ceruledge|1
|-damage|p1a: Ceruledge|89/100
|
|upkeep
|
|t:|1784818007
|switch|p1b: Milotic|Milotic, L50, M|100/100
|turn|2
|
|t:|1784818026
|switch|p2b: Ceruledge|Ceruledge, L50, M|100/100
|move|p1a: Ceruledge|Bulk Up|p1a: Ceruledge
|-boost|p1a: Ceruledge|atk|1
|-boost|p1a: Ceruledge|def|1
|move|p1b: Milotic|Coil|p1b: Milotic
|-boost|p1b: Milotic|atk|1
|-boost|p1b: Milotic|def|1
|-boost|p1b: Milotic|accuracy|1
|move|p2a: Milotic|Scald|p1a: Ceruledge
|-supereffective|p1a: Ceruledge|1
|-damage|p1a: Ceruledge|38/100
|
|upkeep
|turn|3
|
|t:|1784818045
|move|p1a: Ceruledge|Protect|p1a: Ceruledge
|-singleturn|p1a: Ceruledge|Protect
|move|p2b: Ceruledge|Shadow Sneak|p1a: Ceruledge
|-activate|p1a: Ceruledge|move: Protect
|move|p1b: Milotic|Hypnosis|p2a: Milotic
|-status|p2a: Milotic|slp|[from] move: Hypnosis
|cant|p2a: Milotic|slp
|
|upkeep
|turn|4
|
|t:|1784818063
|move|p2b: Ceruledge|Shadow Sneak|p1a: Ceruledge
|-supereffective|p1a: Ceruledge|1
|-damage|p1a: Ceruledge|7/100
|move|p1a: Ceruledge|Bitter Blade|p2a: Milotic
|-resisted|p2a: Milotic|1
|-damage|p2a: Milotic|70/100 slp
|-heal|p1a: Ceruledge|24/100|[from] drain|[of] p2a: Milotic
|move|p1b: Milotic|Muddy Water|p2b: Ceruledge|[spread] p2a,p2b
|-resisted|p2a: Milotic|1
|-supereffective|p2b: Ceruledge|1
|-damage|p2a: Milotic|61/100 slp
|-damage|p2b: Ceruledge|39/100
|cant|p2a: Milotic|slp
|
|-heal|p2a: Milotic|67/100 slp|[from] item: Leftovers
|upkeep
|turn|5
|
|t:|1784818088
|move|p2b: Ceruledge|Protect|p2b: Ceruledge
|-singleturn|p2b: Ceruledge|Protect
|move|p1a: Ceruledge|Protect|p1a: Ceruledge
|-singleturn|p1a: Ceruledge|Protect
|move|p1b: Milotic|Muddy Water|p2a: Milotic|[spread] p2a
|-activate|p2b: Ceruledge|move: Protect
|-resisted|p2a: Milotic|1
|-damage|p2a: Milotic|58/100 slp
|-curestatus|p2a: Milotic|slp|[msg]
|move|p2a: Milotic|Life Dew|p2a: Milotic|[spread] p2a,p2b
|-heal|p2a: Milotic|84/100
|-heal|p2b: Ceruledge|64/100
|
|-heal|p2a: Milotic|90/100|[from] item: Leftovers
|upkeep
|turn|6
|
|t:|1784818104
|move|p2b: Ceruledge|Shadow Sneak|p1a: Ceruledge
|-supereffective|p1a: Ceruledge|1
|-damage|p1a: Ceruledge|0 fnt
|faint|p1a: Ceruledge
|move|p1b: Milotic|Hypnosis|p2a: Milotic
|-status|p2a: Milotic|slp|[from] move: Hypnosis
|cant|p2a: Milotic|slp
|
|-heal|p2a: Milotic|96/100 slp|[from] item: Leftovers
|upkeep
|
|t:|1784818110
|switch|p1a: Incineroar|Incineroar, L50, M|100/100
|-ability|p1a: Incineroar|Intimidate|boost
|-unboost|p2a: Milotic|atk|1
|-ability|p2a: Milotic|Competitive|boost
|-boost|p2a: Milotic|spa|2
|-unboost|p2b: Ceruledge|atk|1
|turn|7
|-message|standardamerican forfeited.
|
|win|jvpv7
