|j|☆lordtentacle69
|j|☆tha kid quaz
|html|lordtentacle69tha kid quaz    
|uhtml|bestof|Game 1 of a best-of-3
|t:|1757657020
|gametype|doubles
|player|p1|lordtentacle69|plasmagruntf|1225
|player|p2|tha kid quaz|wattson|1434
|gen|9
|tier|[Gen 9] VGC 2025 Reg H (Bo3)
|rated|
|rule|Species Clause: Limit one of each Pokémon
|rule|Item Clause: Limit 1 of each item
|clearpoke
|poke|p1|Garchomp, L50, F|
|poke|p1|Tyranitar, L50, M|
|poke|p1|Talonflame, L50, F|
|poke|p1|Sinistcha-Masterpiece, L50|
|poke|p1|Annihilape, L50, M|
|poke|p1|Ursaluna-Bloodmoon, L50, M|
|poke|p2|Gholdengo, L50|
|poke|p2|Amoonguss, L50, F|
|poke|p2|Basculegion, L50, M|
|poke|p2|Pelipper, L50, F|
|poke|p2|Incineroar, L50, F|
|poke|p2|Archaludon, L50, M|
|teampreview|4
|showteam|p1|Garchomp||LifeOrb|RoughSkin|DragonClaw,Protect,StompingTantrum,Earthquake|||F|||50|,,,,,Fire]Tyranitar||AssaultVest|SandStream|RockSlide,KnockOff,LowKick,TeraBlast|||M|||50|,,,,,Flying]Talonflame||CovertCloak|GaleWings|BraveBird,Tailwind,Taunt,WillOWisp|||F|||50|,,,,,Flying]Sinistcha-Masterpiece||SitrusBerry|Hospitality|MatchaGotcha,RagePowder,StrengthSap,LifeDew||||||50|,,,,,Water]Annihilape||SafetyGoggles|Defiant|CloseCombat,RageFist,Coaching,FinalGambit|||M|||50|,,,,,Fairy]Ursaluna-Bloodmoon||Leftovers|MindsEye|BloodMoon,EarthPower,CalmMind,Protect|||M|||50|,,,,,Water
|showteam|p2|Gholdengo||LifeOrb|GoodasGold|MakeItRain,ShadowBall,NastyPlot,Protect||||||50|,,,,,Water]Amoonguss||SitrusBerry|Regenerator|Spore,RagePowder,PollenPuff,Protect|||F|||50|,,,,,Psychic]Basculegion||ChoiceBand|SwiftSwim|WaveCrash,FlipTurn,LastRespects,AquaJet|||M|||50|,,,,,Water]Pelipper||FocusSash|Drizzle|WeatherBall,Hurricane,Tailwind,Protect|||F|||50|,,,,,Ground]Incineroar||SafetyGoggles|Intimidate|FlareBlitz,KnockOff,PartingShot,FakeOut|||F|||50|,,,,,Ghost]Archaludon||AssaultVest|Stamina|ElectroShot,FlashCannon,DracoMeteor,BodyPress|||M|||50|,,,,,Bug
|inactive|Battle timer is ON: inactive players will automatically lose when time's up. (requested by tha kid quaz)
|inactive|lordtentacle69 has 60 seconds left.
|
|t:|1757657062
|teamsize|p1|4
|teamsize|p2|4
|start
|switch|p1a: Talonflame|Talonflame, L50, F|100/100
|switch|p1b: Sinistcha|Sinistcha-Masterpiece, L50|100/100
|switch|p2a: Pelipper|Pelipper, L50, F|100/100
|switch|p2b: Basculegion|Basculegion, L50, M|100/100
|-weather|RainDance|[from] ability: Drizzle|[of] p2a: Pelipper
|turn|1
|
|t:|1757657078
|move|p1a: Talonflame|Tailwind|p1a: Talonflame
|-sidestart|p1: lordtentacle69|move: Tailwind
|move|p2b: Basculegion|Flip Turn|p1b: Sinistcha
|-resisted|p1b: Sinistcha
|-damage|p1b: Sinistcha|71/100
|
|t:|1757657084
|switch|p2b: Archaludon|Archaludon, L50, M|100/100|[from] Flip Turn
|move|p1b: Sinistcha|Matcha Gotcha|p2a: Pelipper|[spread] p2a,p2b
|-resisted|p2b: Archaludon
|-crit|p2b: Archaludon
|-damage|p2a: Pelipper|61/100
|-heal|p1b: Sinistcha|86/100|[from] drain|[of] p2a: Pelipper
|-damage|p2b: Archaludon|93/100
|-heal|p1b: Sinistcha|91/100|[from] drain|[of] p2b: Archaludon
|-status|p2a: Pelipper|brn
|-ability|p2b: Archaludon|Stamina|boost
|-boost|p2b: Archaludon|def|1
|move|p2a: Pelipper|Hurricane|p1b: Sinistcha
|-supereffective|p1b: Sinistcha
|-damage|p1b: Sinistcha|0 fnt
|faint|p1b: Sinistcha
|
|-weather|RainDance|[upkeep]
|-damage|p2a: Pelipper|55/100 brn|[from] brn
|upkeep
|
|t:|1757657104
|switch|p1b: Ursaluna|Ursaluna-Bloodmoon, L50, M|100/100
|turn|2
|inactive|tha kid quaz has 30 seconds left.
|
|t:|1757657135
|-terastallize|p1b: Ursaluna|Water
|-terastallize|p2b: Archaludon|Bug
|move|p1a: Talonflame|Brave Bird|p2a: Pelipper
|-damage|p2a: Pelipper|0 fnt
|faint|p2a: Pelipper
|-damage|p1a: Talonflame|85/100|[from] Recoil
|move|p1b: Ursaluna|Calm Mind|p1b: Ursaluna
|-boost|p1b: Ursaluna|spa|1
|-boost|p1b: Ursaluna|spd|1
|move|p2b: Archaludon|Electro Shot||[still]
|-prepare|p2b: Archaludon|Electro Shot
|-boost|p2b: Archaludon|spa|1
|-anim|p2b: Archaludon|Electro Shot|p1a: Talonflame
|-supereffective|p1a: Talonflame
|-damage|p1a: Talonflame|0 fnt
|faint|p1a: Talonflame
|
|-weather|RainDance|[upkeep]
|upkeep
|
|t:|1757657148
|switch|p1a: Annihilape|Annihilape, L50, M|100/100
|switch|p2a: Gholdengo|Gholdengo, L50|100/100
|turn|3
|
|t:|1757657166
|move|p2a: Gholdengo|Protect|p2a: Gholdengo
|-singleturn|p2a: Gholdengo|Protect
|move|p1a: Annihilape|Coaching|p1b: Ursaluna
|-boost|p1b: Ursaluna|atk|1
|-boost|p1b: Ursaluna|def|1
|move|p1b: Ursaluna|Calm Mind|p1b: Ursaluna
|-boost|p1b: Ursaluna|spa|1
|-boost|p1b: Ursaluna|spd|1
|move|p2b: Archaludon|Electro Shot||[still]
|-prepare|p2b: Archaludon|Electro Shot
|-boost|p2b: Archaludon|spa|1
|-anim|p2b: Archaludon|Electro Shot|p1b: Ursaluna
|-supereffective|p1b: Ursaluna
|-damage|p1b: Ursaluna|15/100
|
|-weather|RainDance|[upkeep]
|-heal|p1b: Ursaluna|21/100|[from] item: Leftovers
|upkeep
|turn|4
|inactive|lordtentacle69 has 30 seconds left.
|
|t:|1757657194
|move|p1a: Annihilape|Final Gambit|p2b: Archaludon
|-damage|p2b: Archaludon|0 fnt
|faint|p1a: Annihilape
|faint|p2b: Archaludon
|move|p1b: Ursaluna|Earth Power|p2a: Gholdengo
|-supereffective|p2a: Gholdengo
|-damage|p2a: Gholdengo|0 fnt
|faint|p2a: Gholdengo
|
|-weather|RainDance|[upkeep]
|-heal|p1b: Ursaluna|27/100|[from] item: Leftovers
|-sideend|p1: lordtentacle69|move: Tailwind
|upkeep
|
|t:|1757657199
|switch|p2b: Basculegion|Basculegion, L50, M|100/100
|turn|5
|
|t:|1757657205
|move|p1b: Ursaluna|Protect|p1b: Ursaluna
|-singleturn|p1b: Ursaluna|Protect
|move|p2b: Basculegion|Last Respects|p1b: Ursaluna
|-activate|p1b: Ursaluna|move: Protect
|
|-weather|none
|-heal|p1b: Ursaluna|33/100|[from] item: Leftovers
|upkeep
|turn|6
|
|t:|1757657212
|move|p2b: Basculegion|Last Respects|p1b: Ursaluna
|-damage|p1b: Ursaluna|0 fnt
|faint|p1b: Ursaluna
|
|win|tha kid quaz
||lordtentacle69 is ready for game 2.
|l|☆lordtentacle69
|player|p1|
||tha kid quaz is ready for game 2.
|uhtml|next|Next: Game 2 of 3
|l|☆tha kid quaz
|player|p2|
