|j|☆PerishingSongVGC
|j|☆ChimpDoppio
|html|PerishingSongVGCChimpDoppio    
|uhtml|bestof|Game 3 of a best-of-3
|t:|1756893484
|gametype|doubles
|player|p1|PerishingSongVGC|1|1072
|player|p2|ChimpDoppio|ingo|1000
|gen|9
|tier|[Gen 9] VGC 2025 Reg H (Bo3)
|rated|
|rule|Species Clause: Limit one of each Pokémon
|rule|Item Clause: Limit 1 of each item
|clearpoke
|poke|p1|Gothitelle, L50, F|
|poke|p1|Politoed, L50, M|
|poke|p1|Rillaboom, L50, M|
|poke|p1|Incineroar, L50, F|
|poke|p1|Flamigo, L50, M|
|poke|p1|Gholdengo, L50|
|poke|p2|Porygon2, L50|
|poke|p2|Ursaluna, L50, F|
|poke|p2|Volcarona, L50, F|
|poke|p2|Grimmsnarl, L50, M|
|poke|p2|Annihilape, L50, M|
|poke|p2|Hydreigon, L50, F|
|teampreview|4
|showteam|p1|Gothitelle||SitrusBerry|ShadowTag|Psychic,Hypnosis,FakeOut,Protect|||F|||50|,,,,,Dragon]Politoed||MentalHerb|Drizzle|MuddyWater,Haze,PerishSong,Protect|||M|||50|,,,,,Grass]Rillaboom||AssaultVest|GrassySurge|WoodHammer,GrassyGlide,Uturn,FakeOut|||M|||50|,,,,,Fire]Incineroar||SafetyGoggles|Intimidate|FakeOut,PartingShot,KnockOff,FlareBlitz|||F|||50|,,,,,Ghost]Flamigo||LifeOrb|Scrappy|CloseCombat,BraveBird,ThroatChop,Protect|||M|||50|,,,,,Steel]Gholdengo||ChoiceSpecs|GoodasGold|MakeItRain,ShadowBall,PowerGem,SteelBeam||||||50|,,,,,Steel
|showteam|p2|Porygon2||Eviolite|Download|IceBeam,TeraBlast,Recover,TrickRoom||||||50|,,,,,Flying]Ursaluna||FlameOrb|Guts|Facade,Earthquake,HeadlongRush,Protect|||F|||50|,,,,,Ghost]Volcarona||SitrusBerry|FlameBody|GigaDrain,HeatWave,QuiverDance,RagePowder|||F|||50|,,,,,Dragon]Grimmsnarl||LightClay|Prankster|SpiritBreak,Reflect,LightScreen,PartingShot|||M|||50|,,,,,Ghost]Annihilape||SafetyGoggles|Defiant|Protect,BulkUp,DrainPunch,RageFist|||M|||50|,,,,,Water]Hydreigon||AssaultVest|Levitate|DracoMeteor,DarkPulse,EarthPower,FlashCannon|||F|||50|,,,,,Steel
|inactive|Battle timer is ON: inactive players will automatically lose when time's up. (requested by ChimpDoppio)
|inactive|ChimpDoppio has 60 seconds left.
|
|t:|1756893530
|teamsize|p1|4
|teamsize|p2|4
|start
|switch|p1a: Incineroar|Incineroar, L50, F|100/100
|switch|p1b: Gothitelle|Gothitelle, L50, F|100/100
|switch|p2a: Annihilape|Annihilape, L50, M, shiny|100/100
|switch|p2b: Volcarona|Volcarona, L50, F, shiny|100/100
|-ability|p1a: Incineroar|Intimidate|boost
|-unboost|p2a: Annihilape|atk|1
|-ability|p2a: Annihilape|Defiant|boost
|-boost|p2a: Annihilape|atk|2
|-unboost|p2b: Volcarona|atk|1
|turn|1
|inactive|ChimpDoppio has 30 seconds left.
|
|t:|1756893557
|move|p2b: Volcarona|Quiver Dance|p2b: Volcarona
|-boost|p2b: Volcarona|spa|1
|-boost|p2b: Volcarona|spd|1
|-boost|p2b: Volcarona|spe|1
|move|p2a: Annihilape|Bulk Up|p2a: Annihilape
|-boost|p2a: Annihilape|atk|1
|-boost|p2a: Annihilape|def|1
|move|p1b: Gothitelle|Hypnosis|p2a: Annihilape
|-status|p2a: Annihilape|slp|[from] move: Hypnosis
|move|p1a: Incineroar|Parting Shot|p2b: Volcarona
|-unboost|p2b: Volcarona|atk|1
|-unboost|p2b: Volcarona|spa|1
|
|t:|1756893566
|switch|p1a: Politoed|Politoed, L50, M|100/100|[from] Parting Shot
|-weather|RainDance|[from] ability: Drizzle|[of] p1a: Politoed
|
|-weather|RainDance|[upkeep]
|upkeep
|turn|2
|
|t:|1756893580
|move|p2b: Volcarona|Quiver Dance|p2b: Volcarona
|-boost|p2b: Volcarona|spa|1
|-boost|p2b: Volcarona|spd|1
|-boost|p2b: Volcarona|spe|1
|cant|p2a: Annihilape|slp
|move|p1a: Politoed|Perish Song|p1a: Politoed
|-start|p1a: Politoed|perish3|[silent]
|-start|p1b: Gothitelle|perish3|[silent]
|-start|p2a: Annihilape|perish3|[silent]
|-start|p2b: Volcarona|perish3|[silent]
|-fieldactivate|move: Perish Song
|move|p1b: Gothitelle|Hypnosis|p2b: Volcarona
|-status|p2b: Volcarona|slp|[from] move: Hypnosis
|
|-weather|RainDance|[upkeep]
|-start|p2b: Volcarona|perish3
|-start|p2a: Annihilape|perish3
|-start|p1a: Politoed|perish3
|-start|p1b: Gothitelle|perish3
|upkeep
|turn|3
|
|t:|1756893598
|switch|p1a: Incineroar|Incineroar, L50, F|100/100
|-ability|p1a: Incineroar|Intimidate|boost
|-unboost|p2a: Annihilape|atk|1
|-ability|p2a: Annihilape|Defiant|boost
|-boost|p2a: Annihilape|atk|2
|-unboost|p2b: Volcarona|atk|1
|cant|p2b: Volcarona|slp
|cant|p2a: Annihilape|slp
|move|p1b: Gothitelle|Psychic|p2a: Annihilape
|-supereffective|p2a: Annihilape
|-damage|p2a: Annihilape|56/100 slp
|
|-weather|RainDance|[upkeep]
|-start|p2b: Volcarona|perish2
|-start|p2a: Annihilape|perish2
|-start|p1b: Gothitelle|perish2
|upkeep
|turn|4
|inactive|ChimpDoppio has 30 seconds left.
|inactive|PerishingSongVGC has 30 seconds left.
|
|t:|1756893628
|cant|p2b: Volcarona|slp
|cant|p2a: Annihilape|slp
|move|p1b: Gothitelle|Psychic|p2a: Annihilape
|-supereffective|p2a: Annihilape
|-damage|p2a: Annihilape|15/100 slp
|move|p1a: Incineroar|Knock Off|p2a: Annihilape
|-damage|p2a: Annihilape|0 fnt
|-enditem|p2a: Annihilape|Safety Goggles|[from] move: Knock Off|[of] p1a: Incineroar
|faint|p2a: Annihilape
|
|-weather|RainDance|[upkeep]
|-start|p2b: Volcarona|perish1
|-start|p1b: Gothitelle|perish1
|upkeep
|
|t:|1756893640
|switch|p2a: Ursaluna|Ursaluna, L50, F|100/100
|turn|5
|
|t:|1756893658
|-curestatus|p2b: Volcarona|slp|[msg]
|move|p2b: Volcarona|Giga Drain|p1a: Incineroar
|-resisted|p1a: Incineroar
|-damage|p1a: Incineroar|87/100
|move|p1b: Gothitelle|Psychic|p2a: Ursaluna
|-damage|p2a: Ursaluna|72/100
|move|p1a: Incineroar|Parting Shot|p2a: Ursaluna
|-unboost|p2a: Ursaluna|atk|1
|-unboost|p2a: Ursaluna|spa|1
|
|t:|1756893671
|switch|p1a: Politoed|Politoed, L50, M|100/100|[from] Parting Shot
|move|p2a: Ursaluna|Headlong Rush|p1a: Politoed
|-damage|p1a: Politoed|59/100
|-unboost|p2a: Ursaluna|def|1
|-unboost|p2a: Ursaluna|spd|1
|
|-weather|none
|-start|p2b: Volcarona|perish0
|-start|p1b: Gothitelle|perish0
|-status|p2a: Ursaluna|brn|[from] item: Flame Orb
|faint|p2b: Volcarona
|faint|p1b: Gothitelle
|upkeep
|
|t:|1756893678
|switch|p2b: Porygon2|Porygon2, L50, shiny|100/100
|switch|p1b: Incineroar|Incineroar, L50, F|87/100
|-ability|p1b: Incineroar|Intimidate|boost
|-unboost|p2a: Ursaluna|atk|1
|-unboost|p2b: Porygon2|atk|1
|-ability|p2b: Porygon2|Download|boost
|-boost|p2b: Porygon2|atk|1
|turn|6
|
|t:|1756893693
|move|p2a: Ursaluna|Protect|p2a: Ursaluna
|-singleturn|p2a: Ursaluna|Protect
|move|p1b: Incineroar|Fake Out|p2b: Porygon2
|-damage|p2b: Porygon2|93/100
|move|p1a: Politoed|Perish Song|p1a: Politoed
|-start|p1a: Politoed|perish3|[silent]
|-start|p1b: Incineroar|perish3|[silent]
|-start|p2a: Ursaluna|perish3|[silent]
|-start|p2b: Porygon2|perish3|[silent]
|-fieldactivate|move: Perish Song
|cant|p2b: Porygon2|flinch
|
|-damage|p2a: Ursaluna|66/100 brn|[from] brn
|-start|p1a: Politoed|perish3
|-start|p1b: Incineroar|perish3
|-start|p2b: Porygon2|perish3
|-start|p2a: Ursaluna|perish3
|upkeep
|turn|7
|
|t:|1756893711
|move|p1a: Politoed|Protect|p1a: Politoed
|-singleturn|p1a: Politoed|Protect
|move|p1b: Incineroar|Parting Shot|p2a: Ursaluna
|-unboost|p2a: Ursaluna|atk|1
|-unboost|p2a: Ursaluna|spa|1
|
|t:|1756893715
|switch|p1b: Flamigo|Flamigo, L50, M|100/100|[from] Parting Shot
|move|p2b: Porygon2|Tera Blast|p1b: Flamigo
|-damage|p1b: Flamigo|47/100
|move|p2a: Ursaluna|Headlong Rush|p1b: Flamigo
|-immune|p1b: Flamigo
|
|-damage|p2a: Ursaluna|61/100 brn|[from] brn
|-start|p1a: Politoed|perish2
|-start|p2b: Porygon2|perish2
|-start|p2a: Ursaluna|perish2
|upkeep
|turn|8
|
|t:|1756893729
|switch|p1b: Incineroar|Incineroar, L50, F|87/100
|-ability|p1b: Incineroar|Intimidate|boost
|-unboost|p2a: Ursaluna|atk|1
|-unboost|p2b: Porygon2|atk|1
|-terastallize|p2b: Porygon2|Flying
|move|p1a: Politoed|Muddy Water|p2a: Ursaluna|[spread] p2a,p2b
|-supereffective|p2a: Ursaluna
|-damage|p2a: Ursaluna|0 fnt
|-damage|p2b: Porygon2|82/100
|faint|p2a: Ursaluna
|move|p2b: Porygon2|Tera Blast|p1b: Incineroar|[anim] Tera Blast Flying
|-damage|p1b: Incineroar|63/100
|
|-start|p1a: Politoed|perish1
|-start|p2b: Porygon2|perish1
|upkeep
|turn|9
|-message|ChimpDoppio forfeited.
|
|win|PerishingSongVGC
|raw|PerishingSongVGC's rating: 1072 → 1095(+23 for winning)
|raw|ChimpDoppio's rating: 1000 → 1000(+0 for losing)
|l|☆PerishingSongVGC
|player|p1|
