|j|☆Ramalon
|j|☆marcoslegui
|html|Ramalonmarcoslegui    
|uhtml|bestof|Game 3 of a best-of-3
|t:|1756468270
|gametype|doubles
|player|p1|Ramalon|ingo|1075
|player|p2|marcoslegui|pokekid|1139
|gen|9
|tier|[Gen 9] VGC 2025 Reg H (Bo3)
|rated|
|rule|Species Clause: Limit one of each Pokémon
|rule|Item Clause: Limit 1 of each item
|clearpoke
|poke|p1|Pelipper, L50, F|
|poke|p1|Archaludon, L50, F|
|poke|p1|Amoonguss, L50, M|
|poke|p1|Gholdengo, L50|
|poke|p1|Basculegion, L50, M|
|poke|p1|Incineroar, L50, F|
|poke|p2|Sneasler, L50, F|
|poke|p2|Volcarona, L50, M|
|poke|p2|Kingambit, L50, M|
|poke|p2|Baxcalibur, L50, F|
|poke|p2|Basculegion, L50, M|
|poke|p2|Rillaboom, L50, M|
|teampreview|4
|showteam|p1|Pelipper||FocusSash|Drizzle|Protect,Tailwind,Hurricane,WeatherBall|||F|||50|,,,,,Stellar]Archaludon||AssaultVest|Stamina|BodyPress,FlashCannon,DragonPulse,ElectroShot|||F|||50|,,,,,Grass]Amoonguss||RockyHelmet|Regenerator|Spore,RagePowder,PollenPuff,Protect|||M|||50|,,,,,Water]Gholdengo||LifeOrb|GoodasGold|MakeItRain,ShadowBall,NastyPlot,Protect||||||50|,,,,,Water]Basculegion||ChoiceScarf|Adaptability|WaveCrash,AquaJet,LastRespects,FlipTurn|||M|||50|,,,,,Water]Incineroar||SafetyGoggles|Intimidate|KnockOff,FlareBlitz,PartingShot,FakeOut|||F|||50|,,,,,Ghost
|showteam|p2|Sneasler||FocusSash|Unburden|DireClaw,CloseCombat,Protect,Coaching|||F|||50|,,,,,Stellar]Volcarona||CovertCloak|FlameBody|HeatWave,TeraBlast,QuiverDance,Protect|||M|||50|,,,,,Fairy]Kingambit||AssaultVest|Defiant|KowtowCleave,SuckerPunch,IronHead,LowKick|||M|||50|,,,,,Ghost]Baxcalibur||LoadedDice|ThermalExchange|IcicleSpear,ScaleShot,IceShard,Protect|||F|||50|,,,,,Ghost]Basculegion||ChoiceScarf|Adaptability|WaveCrash,FlipTurn,LastRespects,TeraBlast|||M|||50|,,,,,Fairy]Rillaboom||MiracleSeed|GrassySurge|WoodHammer,GrassyGlide,HighHorsepower,FakeOut|||M|||50|,,,,,Fire
|
|t:|1756468296
|teamsize|p1|4
|teamsize|p2|4
|start
|switch|p1a: Pelipper|Pelipper, L50, F|100/100
|switch|p1b: Incineroar|Incineroar, L50, F|100/100
|switch|p2a: Kingambit|Kingambit, L50, M|100/100
|switch|p2b: Sneasler|Sneasler, L50, F|100/100
|-weather|RainDance|[from] ability: Drizzle|[of] p1a: Pelipper
|-ability|p1b: Incineroar|Intimidate|boost
|-unboost|p2a: Kingambit|atk|1
|-ability|p2a: Kingambit|Defiant|boost
|-boost|p2a: Kingambit|atk|2
|-unboost|p2b: Sneasler|atk|1
|turn|1
|
|t:|1756468325
|switch|p2b: Baxcalibur|Baxcalibur, L50, F|100/100
|move|p1b: Incineroar|Fake Out|p2b: Baxcalibur
|-damage|p2b: Baxcalibur|86/100
|move|p1a: Pelipper|Tailwind|p1a: Pelipper
|-sidestart|p1: Ramalon|move: Tailwind
|move|p2a: Kingambit|Low Kick|p1b: Incineroar
|-supereffective|p1b: Incineroar
|-damage|p1b: Incineroar|7/100
|
|-weather|RainDance|[upkeep]
|upkeep
|turn|2
|
|t:|1756468374
|move|p2a: Kingambit|Sucker Punch|p1a: Pelipper
|-damage|p1a: Pelipper|41/100
|move|p1a: Pelipper|Hurricane|p2b: Baxcalibur
|-damage|p2b: Baxcalibur|48/100
|-start|p2b: Baxcalibur|confusion
|move|p1b: Incineroar|Parting Shot|p2b: Baxcalibur
|-unboost|p2b: Baxcalibur|atk|1
|-unboost|p2b: Baxcalibur|spa|1
|
|t:|1756468383
|switch|p1b: Archaludon|Archaludon, L50, F|100/100|[from] Parting Shot
|-activate|p2b: Baxcalibur|confusion
|-damage|p2b: Baxcalibur|38/100|[from] confusion
|
|-weather|RainDance|[upkeep]
|upkeep
|turn|3
|
|t:|1756468396
|-terastallize|p1b: Archaludon|Grass
|move|p1a: Pelipper|Protect|p1a: Pelipper
|-singleturn|p1a: Pelipper|Protect
|move|p2a: Kingambit|Sucker Punch||[still]
|-fail|p2a: Kingambit
|move|p1b: Archaludon|Body Press|p2a: Kingambit
|-supereffective|p2a: Kingambit
|-damage|p2a: Kingambit|28/100
|-activate|p2b: Baxcalibur|confusion
|move|p2b: Baxcalibur|Scale Shot|p1a: Pelipper
|-activate|p1a: Pelipper|move: Protect
|
|-weather|RainDance|[upkeep]
|upkeep
|turn|4
|
|t:|1756468422
|move|p1a: Pelipper|Protect||[still]
|-fail|p1a: Pelipper
|-activate|p2b: Baxcalibur|confusion
|-damage|p2b: Baxcalibur|28/100|[from] confusion
|move|p2a: Kingambit|Sucker Punch||[still]
|-fail|p2a: Kingambit
|move|p1b: Archaludon|Body Press|p2b: Baxcalibur
|-supereffective|p2b: Baxcalibur
|-damage|p2b: Baxcalibur|0 fnt
|faint|p2b: Baxcalibur
|
|-weather|RainDance|[upkeep]
|-sideend|p1: Ramalon|move: Tailwind
|upkeep
|
|t:|1756468439
|switch|p2b: Volcarona|Volcarona, L50, M|100/100
|turn|5
|
|t:|1756468448
|switch|p1b: Basculegion|Basculegion, L50, M|100/100
|move|p2a: Kingambit|Sucker Punch||[still]
|-fail|p2a: Kingambit
|move|p2b: Volcarona|Quiver Dance|p2b: Volcarona
|-boost|p2b: Volcarona|spa|1
|-boost|p2b: Volcarona|spd|1
|-boost|p2b: Volcarona|spe|1
|move|p1a: Pelipper|Tailwind|p1a: Pelipper
|-sidestart|p1: Ramalon|move: Tailwind
|
|-weather|none
|upkeep
|turn|6
|
|t:|1756468491
|switch|p1a: Archaludon|Archaludon, L50, F, tera:Grass|100/100
|-terastallize|p2b: Volcarona|Fairy
|move|p1b: Basculegion|Aqua Jet|p2b: Volcarona
|-damage|p2b: Volcarona|72/100
|move|p2a: Kingambit|Sucker Punch||[still]
|-fail|p2a: Kingambit
|move|p2b: Volcarona|Tera Blast|p1b: Basculegion|[anim] Tera Blast Fairy
|-damage|p1b: Basculegion|28/100
|
|upkeep
|turn|7
|
|t:|1756468516
|move|p1b: Basculegion|Aqua Jet|p2a: Kingambit
|-damage|p2a: Kingambit|9/100
|move|p1a: Archaludon|Flash Cannon|p2b: Volcarona
|-supereffective|p2b: Volcarona
|-damage|p2b: Volcarona|24/100
|move|p2b: Volcarona|Heat Wave|p1b: Basculegion|[spread] p1a,p1b
|-supereffective|p1a: Archaludon
|-crit|p1a: Archaludon
|-resisted|p1b: Basculegion
|-damage|p1a: Archaludon|0 fnt
|-damage|p1b: Basculegion|0 fnt
|faint|p1a: Archaludon
|faint|p1b: Basculegion
|move|p2a: Kingambit|Low Kick|p1: Archaludon|[notarget]
|-fail|p2a: Kingambit
|
|upkeep
|
|t:|1756468529
|switch|p1b: Incineroar|Incineroar, L50, F|7/100
|switch|p1a: Pelipper|Pelipper, L50, F|41/100
|-weather|RainDance|[from] ability: Drizzle|[of] p1a: Pelipper
|-ability|p1b: Incineroar|Intimidate|boost
|-unboost|p2a: Kingambit|atk|1
|-ability|p2a: Kingambit|Defiant|boost
|-boost|p2a: Kingambit|atk|2
|-unboost|p2b: Volcarona|atk|1
|turn|8
|
|t:|1756468563
|move|p1a: Pelipper|Protect|p1a: Pelipper
|-singleturn|p1a: Pelipper|Protect
|move|p2b: Volcarona|Protect|p2b: Volcarona
|-singleturn|p2b: Volcarona|Protect
|move|p2a: Kingambit|Sucker Punch|p1b: Incineroar
|-resisted|p1b: Incineroar
|-damage|p1b: Incineroar|0 fnt
|faint|p1b: Incineroar
|
|-weather|RainDance|[upkeep]
|-sideend|p1: Ramalon|move: Tailwind
|upkeep
|turn|9
|c|☆Ramalon|gg man
|
|t:|1756468578
|move|p2a: Kingambit|Sucker Punch|p1a: Pelipper
|-damage|p1a: Pelipper|0 fnt
|faint|p1a: Pelipper
|
|win|marcoslegui
|raw|Ramalon's rating: 1075 → 1058(-17 for losing)
|raw|marcoslegui's rating: 1139 → 1159(+20 for winning)
