|j|☆itsmemichiel
|j|☆Swan Mobile
|html|itsmemichielSwan Mobile    
|uhtml|bestof|Game 1 of a best-of-3
|t:|1757774462
|gametype|doubles
|player|p1|itsmemichiel|blackbelt-gen4dp|1068
|player|p2|Swan Mobile|roughneck-gen4|1159
|gen|9
|tier|[Gen 9] VGC 2025 Reg H (Bo3)
|rated|
|rule|Species Clause: Limit one of each Pokémon
|rule|Item Clause: Limit 1 of each item
|clearpoke
|poke|p1|Electivire, L50, F|
|poke|p1|Kilowattrel, L50, F|
|poke|p1|Hydrapple, L50, F|
|poke|p1|Ursaluna, L50, M|
|poke|p1|Indeedee-F, L50, F|
|poke|p1|Kingambit, L50, F|
|poke|p2|Ursaluna-Bloodmoon, L50, M|
|poke|p2|Farigiraf, L50, F|
|poke|p2|Amoonguss, L50, M|
|poke|p2|Incineroar, L50, F|
|poke|p2|Annihilape, L50, F|
|poke|p2|Corviknight, L50, M|
|teampreview|4
|showteam|p1|Electivire||LifeOrb|MotorDrive|WildCharge,IcePunch,FollowMe,Protect|||F|||50|,,,,,Grass]Kilowattrel||FocusSash|Competitive|Discharge,Tailwind,Protect,AirSlash|||F|||50|,,,,,Electric]Hydrapple||Leftovers|Regenerator|NastyPlot,Protect,EnergyBall,FickleBeam|||F|||50|,,,,,Water]Ursaluna||FlameOrb|Guts|Earthquake,HeadlongRush,Facade,Protect|||M|||50|,,,,,Normal]Indeedee-F||SafetyGoggles|PsychicSurge|Protect,Psychic,FollowMe,TrickRoom|||F|||50|,,,,,Dark]Kingambit||LumBerry|Defiant|SuckerPunch,KowtowCleave,IronHead,Protect|||F|||50|,,,,,Dark
|showteam|p2|Ursaluna-Bloodmoon||LifeOrb|MindsEye|BloodMoon,HyperVoice,EarthPower,Protect|||M|||50|,,,,,Normal]Farigiraf||ThroatSpray|ArmorTail|HyperVoice,Psychic,TrickRoom,Protect|||F|||50|,,,,,Fairy]Amoonguss||SitrusBerry|Regenerator|PollenPuff,Spore,RagePowder,Protect|||M|||50|,,,,,Water]Incineroar||CovertCloak|Intimidate|FakeOut,KnockOff,FlareBlitz,PartingShot|||F|||50|,,,,,Grass]Annihilape||SafetyGoggles|Defiant|FinalGambit,CloseCombat,RageFist,Coaching|||F|||50|,,,,,Grass]Corviknight||Leftovers|MirrorArmor|BraveBird,Tailwind,Roost,BulkUp|||M|||50|,,,,,Dragon
|inactive|Battle timer is ON: inactive players will automatically lose when time's up. (requested by Swan Mobile)
|inactive|itsmemichiel has 60 seconds left.
|inactive|Swan Mobile has 60 seconds left.
|inactive|Swan Mobile has 30 seconds left.
|
|t:|1757774532
|teamsize|p1|4
|teamsize|p2|4
|start
|switch|p1a: Electivire|Electivire, L50, F|100/100
|switch|p1b: Kilowattrel|Kilowattrel, L50, F|100/100
|switch|p2a: Farigiraf|Farigiraf, L50, F|100/100
|switch|p2b: Ursaluna|Ursaluna-Bloodmoon, L50, M|100/100
|turn|1
|inactive|itsmemichiel has 30 seconds left.
|inactive|itsmemichiel has 20 seconds left.
|inactive|itsmemichiel has 15 seconds left.
|inactive|itsmemichiel has 10 seconds left.
|
|t:|1757774580
|-terastallize|p2b: Ursaluna|Normal
|move|p1b: Kilowattrel|Discharge|p2b: Ursaluna|[spread] p2a,p2b
|-ability|p1a: Electivire|Motor Drive|boost
|-boost|p1a: Electivire|spe|1
|-damage|p2a: Farigiraf|77/100
|-damage|p2b: Ursaluna|64/100
|move|p1a: Electivire|Ice Punch|p2b: Ursaluna
|-damage|p2b: Ursaluna|38/100
|-status|p2b: Ursaluna|frz
|-damage|p1a: Electivire|91/100|[from] item: Life Orb
|cant|p2b: Ursaluna|frz
|move|p2a: Farigiraf|Hyper Voice|p1a: Electivire|[spread] p1a,p1b
|-damage|p1a: Electivire|57/100
|-damage|p1b: Kilowattrel|42/100
|-enditem|p2a: Farigiraf|Throat Spray
|-boost|p2a: Farigiraf|spa|1|[from] item: Throat Spray
|
|upkeep
|turn|2
|inactive|itsmemichiel has 30 seconds left.
|
|t:|1757774613
|-terastallize|p1b: Kilowattrel|Electric
|-curestatus|p2b: Ursaluna|frz|[msg]
|move|p2b: Ursaluna|Protect|p2b: Ursaluna
|-singleturn|p2b: Ursaluna|Protect
|move|p1b: Kilowattrel|Discharge|p2a: Farigiraf|[spread] p2a
|-activate|p2b: Ursaluna|move: Protect
|-ability|p1a: Electivire|Motor Drive|boost
|-boost|p1a: Electivire|spe|1
|-damage|p2a: Farigiraf|45/100
|-status|p2a: Farigiraf|par
|move|p1a: Electivire|Wild Charge|p2a: Farigiraf
|-damage|p2a: Farigiraf|0 fnt
|faint|p2a: Farigiraf
|-damage|p1a: Electivire|44/100|[from] Recoil
|-damage|p1a: Electivire|34/100|[from] item: Life Orb
|
|upkeep
|
|t:|1757774633
|switch|p2a: Incineroar|Incineroar, L50, F|100/100
|-ability|p2a: Incineroar|Intimidate|boost
|-unboost|p1a: Electivire|atk|1
|-unboost|p1b: Kilowattrel|atk|1
|-ability|p1b: Kilowattrel|Competitive|boost
|-boost|p1b: Kilowattrel|spa|2
|turn|3
|
|t:|1757774647
|move|p1a: Electivire|Protect|p1a: Electivire
|-singleturn|p1a: Electivire|Protect
|move|p1b: Kilowattrel|Protect|p1b: Kilowattrel
|-singleturn|p1b: Kilowattrel|Protect
|move|p2a: Incineroar|Fake Out|p1a: Electivire
|-activate|p1a: Electivire|move: Protect
|move|p2b: Ursaluna|Hyper Voice|p1a: Electivire|[spread] 
|-activate|p1a: Electivire|move: Protect
|-activate|p1b: Kilowattrel|move: Protect
|
|upkeep
|turn|4
|
|t:|1757774669
|move|p2b: Ursaluna|Protect|p2b: Ursaluna
|-singleturn|p2b: Ursaluna|Protect
|move|p1a: Electivire|Wild Charge|p2a: Incineroar
|-damage|p2a: Incineroar|65/100
|-damage|p1a: Electivire|24/100|[from] Recoil
|-damage|p1a: Electivire|14/100|[from] item: Life Orb
|move|p1b: Kilowattrel|Discharge|p2a: Incineroar|[spread] p2a
|-activate|p2b: Ursaluna|move: Protect
|-ability|p1a: Electivire|Motor Drive|boost
|-boost|p1a: Electivire|spe|1
|-damage|p2a: Incineroar|5/100
|move|p2a: Incineroar|Flare Blitz|p1b: Kilowattrel
|-damage|p1b: Kilowattrel|0 fnt
|faint|p1b: Kilowattrel
|-damage|p2a: Incineroar|0 fnt|[from] Recoil
|faint|p2a: Incineroar
|
|upkeep
|inactive|itsmemichiel has 30 seconds left.
|inactive|itsmemichiel has 20 seconds left.
|inactive|itsmemichiel has 15 seconds left.
|inactive|itsmemichiel has 10 seconds left.
|inactive|itsmemichiel has 5 seconds left.
|
|t:|1757774719
|switch|p1b: Ursaluna|Ursaluna, L50, M|100/100
|switch|p2a: Corviknight|Corviknight, L50, M|100/100
|turn|5
|
|t:|1757774736
|move|p2b: Ursaluna|Protect||[still]
|-fail|p2b: Ursaluna
|move|p1b: Ursaluna|Protect|p1b: Ursaluna
|-singleturn|p1b: Ursaluna|Protect
|move|p1a: Electivire|Wild Charge|p2a: Corviknight
|-supereffective|p2a: Corviknight
|-damage|p2a: Corviknight|32/100
|-damage|p1a: Electivire|0 fnt|[from] Recoil
|faint|p1a: Electivire
|move|p2a: Corviknight|Bulk Up|p2a: Corviknight
|-boost|p2a: Corviknight|atk|1
|-boost|p2a: Corviknight|def|1
|
|-heal|p2a: Corviknight|38/100|[from] item: Leftovers
|-status|p1b: Ursaluna|brn|[from] item: Flame Orb
|upkeep
|
|t:|1757774749
|switch|p1a: Indeedee|Indeedee-F, L50, F|100/100
|-fieldstart|move: Psychic Terrain|[from] ability: Psychic Surge|[of] p1a: Indeedee
|turn|6
|inactive|itsmemichiel has 30 seconds left.
|
|t:|1757774779
|move|p2a: Corviknight|Roost|p2a: Corviknight
|-heal|p2a: Corviknight|88/100
|-singleturn|p2a: Corviknight|move: Roost
|move|p2b: Ursaluna|Blood Moon|p1b: Ursaluna
|-damage|p1b: Ursaluna|0 fnt
|faint|p1b: Ursaluna
|-damage|p2b: Ursaluna|28/100|[from] item: Life Orb
|move|p1a: Indeedee|Trick Room|p1a: Indeedee
|-fieldstart|move: Trick Room|[of] p1a: Indeedee
|
|-heal|p2a: Corviknight|94/100|[from] item: Leftovers
|upkeep
|turn|7
|
|t:|1757774794
|move|p1a: Indeedee|Psychic|p2b: Ursaluna
|-damage|p2b: Ursaluna|0 fnt
|faint|p2b: Ursaluna
|move|p2a: Corviknight|Brave Bird|p1a: Indeedee
|-damage|p1a: Indeedee|0 fnt
|faint|p1a: Indeedee
|-damage|p2a: Corviknight|66/100|[from] Recoil
|
|win|Swan Mobile
||Swan Mobile is ready for game 2.
|inactive|itsmemichiel has 30 seconds to confirm battle start!
|inactive|itsmemichiel has 20 seconds to confirm battle start!
||itsmemichiel is ready for game 2.
|uhtml|next|Next: Game 2 of 3
|l|☆itsmemichiel
|player|p1|
