|j|☆monsoonisbest
|j|☆C.blaze
|html|monsoonisbestC.blaze    
|uhtml|bestof|Game 2 of a best-of-3
|t:|1784158050
|gametype|doubles
|player|p1|monsoonisbest|169|1190
|player|p2|C.blaze|1|1121
|gen|9
|tier|[Gen 9 Champions] VGC 2026 Reg M-B (Bo3)
|rated|
|rule|Species Clause: Limit one of each Pokémon
|rule|Item Clause: Limit 1 of each item
|clearpoke
|poke|p1|Gengar, L50, M|
|poke|p1|Incineroar, L50, F|
|poke|p1|Politoed, L50, M, shiny|
|poke|p1|Archaludon, L50, F|
|poke|p1|Vivillon, L50, M|
|poke|p1|Swampert, L50, M|
|poke|p2|Mawile, L50, F|
|poke|p2|Hydreigon, L50, F|
|poke|p2|Oranguru, L50, M|
|poke|p2|Rotom-Wash, L50|
|poke|p2|Sylveon, L50, M|
|poke|p2|Talonflame, L50, F|
|teampreview|4
|showteam|p1|Gengar||Gengarite|CursedBody|ShadowBall,SludgeBomb,PerishSong,Protect|Timid||M|||50|]Incineroar||PasshoBerry|Intimidate|PartingShot,DarkestLariat,Protect,FakeOut|Sassy||F|||50|]Politoed||SitrusBerry|Drizzle|WeatherBall,PerishSong,Encore,Protect|Calm||M|||50|]Archaludon||Leftovers|Stamina|DragonPulse,FlashCannon,ElectroShot,Protect|Bold||F|||50|]Vivillon||FocusSash|CompoundEyes|Hurricane,SleepPowder,RagePowder,Protect|Timid||M|||50|]Swampert||Swampertite|Torrent|WaveCrash,IcePunch,Earthquake,Protect|Adamant||M|||50|
|showteam|p2|Mawile||Mawilite|Intimidate|PlayRough,IronHead,Protect,RockSlide|Brave||F|||50|]Hydreigon||HabanBerry|Levitate|DracoMeteor,DarkPulse,Protect,Snarl|Timid||F|||50|]Oranguru||MentalHerb|InnerFocus|Psychic,Encore,Instruct,TrickRoom|Sassy||M|||50|]Rotom-Wash||SitrusBerry|Levitate|Thunderbolt,HydroPump,Protect,WillOWisp|Timid|||||50|]Sylveon||FairyFeather|Pixilate|HyperVoice,HyperBeam,Protect,MysticalFire|Modest||M|||50|]Talonflame||SharpBeak|GaleWings|DualWingbeat,FlareBlitz,Protect,Tailwind|Jolly||F|||50|
|inactive|Battle timer is ON: inactive players will automatically lose when time's up. (requested by C.blaze)
|
|t:|1784158073
|teamsize|p1|4
|teamsize|p2|4
|start
|switch|p1a: Swampert|Swampert, L50, M|100/100
|switch|p1b: Vivillon|Vivillon, L50, M|100/100
|switch|p2a: Oranguru|Oranguru, L50, M|100/100
|switch|p2b: Rotom|Rotom-Wash, L50|100/100
|turn|1
|
|t:|1784158081
|detailschange|p1a: Swampert|Swampert-Mega, L50, M
|-mega|p1a: Swampert|Swampert|Swampertite
|move|p1b: Vivillon|Sleep Powder|p2a: Oranguru
|-status|p2a: Oranguru|slp|[from] move: Sleep Powder
|move|p2b: Rotom|Will-O-Wisp|p1a: Swampert
|-status|p1a: Swampert|brn
|move|p1a: Swampert|Earthquake|p2b: Rotom|[spread] p2a
|-immune|p1b: Vivillon
|-immune|p2b: Rotom|[from] ability: Levitate
|-damage|p2a: Oranguru|74/100 slp
|cant|p2a: Oranguru|slp
|
|-damage|p1a: Swampert|94/100 brn|[from] brn
|upkeep
|turn|2
|
|t:|1784158103
|switch|p1b: Politoed|Politoed, L50, M, shiny|100/100
|-weather|RainDance|[from] ability: Drizzle|[of] p1b: Politoed
|move|p2b: Rotom|Protect|p2b: Rotom
|-singleturn|p2b: Rotom|Protect
|move|p1a: Swampert|Wave Crash|p2a: Oranguru
|-damage|p2a: Oranguru|13/100 slp
|-damage|p1a: Swampert|74/100 brn|[from] Recoil
|-curestatus|p2a: Oranguru|slp|[msg]
|move|p2a: Oranguru|Trick Room|p2a: Oranguru
|-fieldstart|move: Trick Room|[of] p2a: Oranguru
|
|-weather|RainDance|[upkeep]
|-damage|p1a: Swampert|68/100 brn|[from] brn
|upkeep
|turn|3
|
|t:|1784158119
|move|p2a: Oranguru|Psychic|p1a: Swampert
|-damage|p1a: Swampert|45/100 brn
|move|p1b: Politoed|Perish Song|p1b: Politoed
|-start|p1a: Swampert|perish3|[silent]
|-start|p1b: Politoed|perish3|[silent]
|-start|p2a: Oranguru|perish3|[silent]
|-start|p2b: Rotom|perish3|[silent]
|-fieldactivate|move: Perish Song
|move|p2b: Rotom|Thunderbolt|p1b: Politoed
|-supereffective|p1b: Politoed|1
|-damage|p1b: Politoed|31/100
|-enditem|p1b: Politoed|Sitrus Berry|[eat]
|-heal|p1b: Politoed|56/100|[from] item: Sitrus Berry
|move|p1a: Swampert|Wave Crash|p2a: Oranguru
|-damage|p2a: Oranguru|0 fnt
|faint|p2a: Oranguru
|-damage|p1a: Swampert|40/100 brn|[from] Recoil
|
|-weather|RainDance|[upkeep]
|-damage|p1a: Swampert|35/100 brn|[from] brn
|-start|p1b: Politoed|perish3
|-start|p2b: Rotom|perish3
|-start|p1a: Swampert|perish3
|upkeep
|
|t:|1784158131
|switch|p2a: Mawile|Mawile, L50, F|100/100
|-ability|p2a: Mawile|Intimidate|boost
|-unboost|p1a: Swampert|atk|1
|-unboost|p1b: Politoed|atk|1
|turn|4
|
|t:|1784158140
|switch|p1a: Incineroar|Incineroar, L50, F|100/100
|-ability|p1a: Incineroar|Intimidate|boost
|-unboost|p2a: Mawile|atk|1
|-unboost|p2b: Rotom|atk|1
|detailschange|p2a: Mawile|Mawile-Mega, L50, F
|-mega|p2a: Mawile|Mawile|Mawilite
|move|p2a: Mawile|Play Rough|p1b: Politoed
|-damage|p1b: Politoed|6/100
|move|p1b: Politoed|Weather Ball|p2a: Mawile
|-damage|p2a: Mawile|42/100
|move|p2b: Rotom|Hydro Pump|p1a: Incineroar|[miss]
|-miss|p2b: Rotom|p1a: Incineroar
|
|-weather|RainDance|[upkeep]
|-start|p1b: Politoed|perish2
|-start|p2b: Rotom|perish2
|upkeep
|turn|5
|
|t:|1784158157
|switch|p2b: Hydreigon|Hydreigon, L50, F|100/100
|move|p1a: Incineroar|Fake Out|p2a: Mawile
|-resisted|p2a: Mawile|1
|-damage|p2a: Mawile|36/100
|cant|p2a: Mawile|flinch
|move|p1b: Politoed|Weather Ball|p2a: Mawile
|-damage|p2a: Mawile|0 fnt
|faint|p2a: Mawile
|
|-weather|RainDance|[upkeep]
|-start|p1b: Politoed|perish1
|upkeep
|
|t:|1784158161
|switch|p2a: Rotom|Rotom-Wash, L50|100/100
|turn|6
|
|t:|1784158169
|move|p1a: Incineroar|Parting Shot|p2a: Rotom
|-unboost|p2a: Rotom|atk|1
|-unboost|p2a: Rotom|spa|1
|
|t:|1784158172
|switch|p1a: Swampert|Swampert-Mega, L50, M|35/100 brn|[from] Parting Shot
|move|p1b: Politoed|Perish Song|p1b: Politoed
|-start|p1a: Swampert|perish3|[silent]
|-start|p2a: Rotom|perish3|[silent]
|-start|p2b: Hydreigon|perish3|[silent]
|-fieldactivate|move: Perish Song
|move|p2a: Rotom|Hydro Pump|p1a: Swampert|[miss]
|-miss|p2a: Rotom|p1a: Swampert
|move|p2b: Hydreigon|Snarl|p1b: Politoed|[spread] p1a,p1b
|-damage|p1a: Swampert|17/100 brn
|-damage|p1b: Politoed|0 fnt
|-unboost|p1a: Swampert|spa|1
|faint|p1b: Politoed
|
|-weather|none
|-damage|p1a: Swampert|11/100 brn|[from] brn
|-start|p2a: Rotom|perish3
|-start|p2b: Hydreigon|perish3
|-start|p1a: Swampert|perish3
|-fieldend|move: Trick Room
|upkeep
|
|t:|1784158188
|switch|p1b: Incineroar|Incineroar, L50, F|100/100
|-ability|p1b: Incineroar|Intimidate|boost
|-unboost|p2a: Rotom|atk|1
|-unboost|p2b: Hydreigon|atk|1
|turn|7
|
|t:|1784158196
|move|p1b: Incineroar|Fake Out|p2a: Rotom
|-damage|p2a: Rotom|85/100
|move|p2b: Hydreigon|Snarl|p1a: Swampert|[spread] p1a,p1b
|-resisted|p1b: Incineroar|1
|-damage|p1a: Swampert|0 fnt
|-damage|p1b: Incineroar|92/100
|-unboost|p1b: Incineroar|spa|1
|faint|p1a: Swampert
|cant|p2a: Rotom|flinch
|
|-start|p2b: Hydreigon|perish2
|-start|p2a: Rotom|perish2
|upkeep
|
|t:|1784158201
|switch|p1a: Vivillon|Vivillon, L50, M|100/100
|turn|8
|
|t:|1784158210
|move|p2b: Hydreigon|Snarl|p1b: Incineroar|[spread] p1a,p1b
|-resisted|p1b: Incineroar|1
|-damage|p1a: Vivillon|61/100
|-damage|p1b: Incineroar|84/100
|-unboost|p1a: Vivillon|spa|1
|-unboost|p1b: Incineroar|spa|1
|move|p1a: Vivillon|Sleep Powder|p2a: Rotom
|-status|p2a: Rotom|slp|[from] move: Sleep Powder
|cant|p2a: Rotom|slp
|move|p1b: Incineroar|Parting Shot|p2a: Rotom
|-unboost|p2a: Rotom|atk|1
|-unboost|p2a: Rotom|spa|1
|
|-start|p2b: Hydreigon|perish1
|-start|p2a: Rotom|perish1
|upkeep
|turn|9
|l|☆C.blaze
|inactive|C.blaze disconnected and has a minute to reconnect!
|player|p2|
|inactive|C.blaze has 30 seconds left.
|inactive|C.blaze has 20 seconds left.
|inactive|C.blaze has 15 seconds left.
|inactive|C.blaze has 10 seconds left.
|inactive|C.blaze has 5 seconds left.
|-message|C.blaze lost due to inactivity.
|
|win|monsoonisbest
|raw|monsoonisbest's rating: 1190 → 1210(+20 for winning)
|raw|C.blaze's rating: 1121 → 1101(-20 for losing)
