|j|☆TheArchxn
|j|☆Robossico
|html|TheArchxnRobossico    
|uhtml|bestof|Game 1 of a best-of-3
|t:|1782768623
|gametype|doubles
|player|p1|TheArchxn|riley|1000
|player|p2|Robossico|az|1080
|gen|9
|tier|[Gen 9 Champions] VGC 2026 Reg M-B (Bo3)
|rated|
|rule|Species Clause: Limit one of each Pokémon
|rule|Item Clause: Limit 1 of each item
|clearpoke
|poke|p1|Gengar, L50, F|
|poke|p1|Scovillain, L50, M|
|poke|p1|Kommo-o, L50, M|
|poke|p1|Sinistcha, L50|
|poke|p1|Grimmsnarl, L50, M|
|poke|p1|Politoed, L50, F|
|poke|p2|Archaludon, L50, F|
|poke|p2|Basculegion, L50, M, shiny|
|poke|p2|Pelipper, L50, M|
|poke|p2|Sinistcha-Masterpiece, L50|
|poke|p2|Blastoise, L50, F|
|poke|p2|Incineroar, L50, M|
|teampreview|4
|showteam|p1|Gengar||Gengarite|CursedBody|ShadowBall,SludgeBomb,PerishSong,Protect|Timid||F|||50|]Scovillain||Scovillainite|Chlorophyll|GigaDrain,Overheat,RagePowder,LeechSeed|Bold||M|||50|]Kommo-o||Leftovers|Soundproof|AuraSphere,ClangingScales,ClangorousSoul,Protect|Modest||M|||50|]Sinistcha||KasibBerry|Hospitality|MatchaGotcha,RagePowder,LifeDew,TrickRoom|Bold|||||50|]Grimmsnarl||LightClay|Prankster|FakeOut,LightScreen,Reflect,PartingShot|Careful||M|||50|]Politoed||RindoBerry|Drizzle|WeatherBall,IceBeam,PerishSong,Protect|Calm||F|||50|
|showteam|p2|Archaludon||Leftovers|Stamina|ElectroShot,FlashCannon,Protect,DracoMeteor|Modest||F|||50|]Basculegion||MysticWater|SwiftSwim|AquaJet,WaveCrash,LastRespects,Protect|Adamant||M|||50|]Pelipper||FocusSash|Drizzle|WideGuard,Tailwind,Hurricane,WeatherBall|Modest||M|||50|]Sinistcha-Masterpiece||SitrusBerry|Hospitality|MatchaGotcha,TrickRoom,Protect,RagePowder|Bold|||||50|]Blastoise||Blastoisinite|Torrent|WaterSpout,HydroPump,DarkPulse,Protect|Modest||F|||50|]Incineroar||WhiteHerb|Intimidate|FlareBlitz,CloseCombat,DarkestLariat,FakeOut|Adamant||M|||50|
|
|t:|1782768688
|teamsize|p1|4
|teamsize|p2|4
|start
|switch|p1a: Grimmsnarl|Grimmsnarl, L50, M|100/100
|switch|p1b: Gengar|Gengar, L50, F|100/100
|switch|p2a: Incineroar|Incineroar, L50, M|100/100
|switch|p2b: Sinistcha|Sinistcha-Masterpiece, L50|100/100
|-ability|p2a: Incineroar|Intimidate|boost
|-unboost|p1a: Grimmsnarl|atk|1
|-unboost|p1b: Gengar|atk|1
|turn|1
|inactive|Battle timer is ON: inactive players will automatically lose when time's up. (requested by Robossico)
|inactive|TheArchxn has 60 seconds left.
|
|t:|1782768724
|detailschange|p1b: Gengar|Gengar-Mega, L50, F
|-mega|p1b: Gengar|Gengar|Gengarite
|move|p2a: Incineroar|Fake Out|p1a: Grimmsnarl
|-damage|p1a: Grimmsnarl|86/100
|cant|p1a: Grimmsnarl|flinch
|move|p1b: Gengar|Perish Song|p1b: Gengar
|-start|p1a: Grimmsnarl|perish3|[silent]
|-start|p1b: Gengar|perish3|[silent]
|-start|p2a: Incineroar|perish3|[silent]
|-start|p2b: Sinistcha|perish3|[silent]
|-fieldactivate|move: Perish Song
|move|p2b: Sinistcha|Trick Room|p2b: Sinistcha
|-fieldstart|move: Trick Room|[of] p2b: Sinistcha
|
|-start|p1a: Grimmsnarl|perish3
|-start|p2a: Incineroar|perish3
|-start|p2b: Sinistcha|perish3
|-start|p1b: Gengar|perish3
|upkeep
|turn|2
|inactive|TheArchxn has 30 seconds left.
|inactive|TheArchxn has 20 seconds left.
|inactive|TheArchxn has 15 seconds left.
|
|t:|1782768765
|switch|p1b: Kommo-o|Kommo-o, L50, M|100/100
|move|p1a: Grimmsnarl|Parting Shot|p2b: Sinistcha
|-unboost|p2b: Sinistcha|atk|1
|-unboost|p2b: Sinistcha|spa|1
|
|t:|1782768776
|switch|p1a: Gengar|Gengar-Mega, L50, F|100/100|[from] Parting Shot
|move|p2a: Incineroar|Flare Blitz|p1a: Gengar
|-damage|p1a: Gengar|0 fnt
|faint|p1a: Gengar
|-damage|p2a: Incineroar|77/100|[from] Recoil
|move|p2b: Sinistcha|Matcha Gotcha|p1b: Kommo-o|[miss]
|-miss|p2b: Sinistcha|p1b: Kommo-o
|
|-start|p2a: Incineroar|perish2
|-start|p2b: Sinistcha|perish2
|upkeep
|
|t:|1782768794
|switch|p1a: Grimmsnarl|Grimmsnarl, L50, M|86/100
|turn|3
|
|t:|1782768808
|switch|p2a: Blastoise|Blastoise, L50, F|100/100
|move|p1a: Grimmsnarl|Fake Out|p2a: Blastoise
|-damage|p2a: Blastoise|88/100
|move|p2b: Sinistcha|Rage Powder|p2b: Sinistcha
|-singleturn|p2b: Sinistcha|move: Rage Powder
|move|p1b: Kommo-o|Clangorous Soul|p1b: Kommo-o
|-boost|p1b: Kommo-o|atk|1
|-boost|p1b: Kommo-o|def|1
|-boost|p1b: Kommo-o|spa|1
|-boost|p1b: Kommo-o|spd|1
|-boost|p1b: Kommo-o|spe|1
|-damage|p1b: Kommo-o|67/100
|
|-heal|p1b: Kommo-o|73/100|[from] item: Leftovers
|-start|p2b: Sinistcha|perish1
|upkeep
|turn|4
|inactive|TheArchxn has 30 seconds left.
|
|t:|1782768834
|switch|p2b: Incineroar|Incineroar, L50, M|77/100
|-ability|p2b: Incineroar|Intimidate|boost
|-unboost|p1a: Grimmsnarl|atk|1
|-unboost|p1b: Kommo-o|atk|1
|detailschange|p2a: Blastoise|Blastoise-Mega, L50, F
|-mega|p2a: Blastoise|Blastoise|Blastoisinite
|move|p1b: Kommo-o|Protect|p1b: Kommo-o
|-singleturn|p1b: Kommo-o|Protect
|move|p1a: Grimmsnarl|Light Screen|p1a: Grimmsnarl
|-sidestart|p1: TheArchxn|move: Light Screen
|move|p2a: Blastoise|Water Spout|p1b: Kommo-o|[spread] p1a
|-activate|p1b: Kommo-o|move: Protect
|-damage|p1a: Grimmsnarl|50/100g
|
|-heal|p1b: Kommo-o|79/100|[from] item: Leftovers
|upkeep
|turn|5
|inactive|TheArchxn has 30 seconds left.
|inactive|Robossico has 30 seconds left.
|inactive|TheArchxn has 20 seconds left.
|inactive|TheArchxn has 15 seconds left.
|inactive|TheArchxn has 10 seconds left.
|inactive|TheArchxn has 5 seconds left.
|
|t:|1782768889
|switch|p2b: Sinistcha|Sinistcha-Masterpiece, L50|100/100
|-heal|p2a: Blastoise|100/100|[from] ability: Hospitality|[of] p2b: Sinistcha
|move|p1a: Grimmsnarl|Light Screen||[still]
|-fail|p1a: Grimmsnarl
|move|p2a: Blastoise|Water Spout|p1a: Grimmsnarl|[spread] p1a,p1b
|-resisted|p1b: Kommo-o|1
|-damage|p1a: Grimmsnarl|8/100
|-damage|p1b: Kommo-o|66/100
|move|p1b: Kommo-o|Aura Sphere|p2b: Sinistcha
|-immune|p2b: Sinistcha
|
|-heal|p1b: Kommo-o|72/100|[from] item: Leftovers
|-fieldend|move: Trick Room
|upkeep
|turn|6
|inactive|TheArchxn has 30 seconds left.
|inactive|Robossico has 30 seconds left.
|inactive|TheArchxn has 20 seconds left.
|
|t:|1782768924
|switch|p2a: Archaludon|Archaludon, L50, F|100/100
|move|p1a: Grimmsnarl|Parting Shot|p2a: Archaludon
|-unboost|p2a: Archaludon|atk|1
|-unboost|p2a: Archaludon|spa|1
|
|t:|1782768934
|switch|p1a: Sinistcha|Sinistcha, L50|100/100|[from] Parting Shot
|-heal|p1b: Kommo-o|97/100|[from] ability: Hospitality|[of] p1a: Sinistcha
|move|p1b: Kommo-o|Clangorous Soul|p1b: Kommo-o
|-boost|p1b: Kommo-o|atk|1
|-boost|p1b: Kommo-o|def|1
|-boost|p1b: Kommo-o|spa|1
|-boost|p1b: Kommo-o|spd|1
|-boost|p1b: Kommo-o|spe|1
|-damage|p1b: Kommo-o|64/100
|move|p2b: Sinistcha|Trick Room|p2b: Sinistcha
|-fieldstart|move: Trick Room|[of] p2b: Sinistcha
|
|-heal|p1b: Kommo-o|70/100|[from] item: Leftovers
|upkeep
|turn|7
|
|t:|1782768954
|switch|p2b: Blastoise|Blastoise-Mega, L50, F|100/100
|move|p1b: Kommo-o|Protect|p1b: Kommo-o
|-singleturn|p1b: Kommo-o|Protect
|move|p2a: Archaludon|Draco Meteor|p1b: Kommo-o
|-activate|p1b: Kommo-o|move: Protect
|move|p1a: Sinistcha|Trick Room|p1a: Sinistcha
|-fieldend|move: Trick Room
|
|-heal|p1b: Kommo-o|76/100|[from] item: Leftovers
|upkeep
|turn|8
|inactive|Robossico has 30 seconds left.
|
|t:|1782768986
|move|p1a: Sinistcha|Rage Powder|p1a: Sinistcha
|-singleturn|p1a: Sinistcha|move: Rage Powder
|move|p1b: Kommo-o|Clanging Scales|p2b: Blastoise|[spread] p2a,p2b
|-damage|p2a: Archaludon|1/100
|-damage|p2b: Blastoise|26/100
|-ability|p2a: Archaludon|Stamina|boost
|-boost|p2a: Archaludon|def|1
|-unboost|p1b: Kommo-o|def|1
|move|p2a: Archaludon|Draco Meteor|p1a: Sinistcha
|-damage|p1a: Sinistcha|72/100
|-unboost|p2a: Archaludon|spa|2
|move|p2b: Blastoise|Dark Pulse|p1a: Sinistcha
|-supereffective|p1a: Sinistcha|1
|-damage|p1a: Sinistcha|9/100
|
|-heal|p1b: Kommo-o|82/100|[from] item: Leftovers
|-heal|p2a: Archaludon|6/100|[from] item: Leftovers
|upkeep
|turn|9
|inactive|TheArchxn has 30 seconds left.
|
|t:|1782769018
|switch|p2a: Sinistcha|Sinistcha-Masterpiece, L50|100/100
|-heal|p2b: Blastoise|51/100|[from] ability: Hospitality|[of] p2a: Sinistcha
|switch|p1a: Grimmsnarl|Grimmsnarl, L50, M|8/100
|move|p2b: Blastoise|Protect|p2b: Blastoise
|-singleturn|p2b: Blastoise|Protect
|move|p1b: Kommo-o|Clanging Scales|p2a: Sinistcha|[spread] p2a
|-activate|p2b: Blastoise|move: Protect
|-damage|p2a: Sinistcha|27/100
|-enditem|p2a: Sinistcha|Sitrus Berry|[eat]
|-heal|p2a: Sinistcha|52/100|[from] item: Sitrus Berry
|-unboost|p1b: Kommo-o|def|1
|
|-heal|p1b: Kommo-o|88/100|[from] item: Leftovers
|upkeep
|turn|10
|inactive|TheArchxn has 30 seconds left.
|inactive|Robossico has 30 seconds left.
|
|t:|1782769048
|switch|p2b: Incineroar|Incineroar, L50, M|77/100
|-ability|p2b: Incineroar|Intimidate|boost
|-unboost|p1a: Grimmsnarl|atk|1
|-unboost|p1b: Kommo-o|atk|1
|move|p1a: Grimmsnarl|Parting Shot|p2b: Incineroar
|-hint|Since gen 7, Dark is immune to Prankster moves.
|-immune|p2b: Incineroar
|move|p1b: Kommo-o|Clanging Scales|p2a: Sinistcha|[spread] p2a,p2b
|-damage|p2a: Sinistcha|0 fnt
|-damage|p2b: Incineroar|4/100
|faint|p2a: Sinistcha
|-unboost|p1b: Kommo-o|def|1
|
|-heal|p1b: Kommo-o|94/100|[from] item: Leftovers
|upkeep
|
|t:|1782769053
|switch|p2a: Archaludon|Archaludon, L50, F|6/100
|turn|11
|inactive|TheArchxn has 30 seconds left.
|
|t:|1782769086
|move|p2b: Incineroar|Fake Out|p1b: Kommo-o
|-damage|p1b: Kommo-o|77/100
|move|p1a: Grimmsnarl|Reflect|p1a: Grimmsnarl
|-sidestart|p1: TheArchxn|Reflect
|cant|p1b: Kommo-o|flinch
|move|p2a: Archaludon|Draco Meteor|p1b: Kommo-o
|-supereffective|p1b: Kommo-o|1
|-damage|p1b: Kommo-o|33/100
|-unboost|p2a: Archaludon|spa|2
|
|-heal|p1b: Kommo-o|39/100|[from] item: Leftovers
|-heal|p2a: Archaludon|12/100|[from] item: Leftovers
|-sideend|p1: TheArchxn|move: Light Screen
|upkeep
|turn|12
|
|t:|1782769110
|switch|p2a: Blastoise|Blastoise-Mega, L50, F|51/100
|move|p1a: Grimmsnarl|Parting Shot|p2a: Blastoise
|-unboost|p2a: Blastoise|atk|1
|-unboost|p2a: Blastoise|spa|1
|
|t:|1782769116
|switch|p1a: Sinistcha|Sinistcha, L50|9/100|[from] Parting Shot
|-heal|p1b: Kommo-o|64/100|[from] ability: Hospitality|[of] p1a: Sinistcha
|move|p1b: Kommo-o|Clanging Scales|p2b: Incineroar|[spread] p2a,p2b
|-crit|p2b: Incineroar
|-damage|p2a: Blastoise|0 fnt
|-damage|p2b: Incineroar|0 fnt
|faint|p2a: Blastoise
|faint|p2b: Incineroar
|-unboost|p1b: Kommo-o|def|1
|
|-heal|p1b: Kommo-o|70/100|[from] item: Leftovers
|upkeep
|
|t:|1782769124
|switch|p2b: Archaludon|Archaludon, L50, F|12/100
|turn|13
|
|t:|1782769135
|move|p1a: Sinistcha|Rage Powder|p1a: Sinistcha
|-singleturn|p1a: Sinistcha|move: Rage Powder
|move|p1b: Kommo-o|Aura Sphere|p2b: Archaludon
|-supereffective|p2b: Archaludon|1
|-damage|p2b: Archaludon|0 fnt
|faint|p2b: Archaludon
|
|win|TheArchxn
||Robossico is ready for game 2.
