|j|☆jomivgc
|j|☆Jirachi548
|html|jomivgcJirachi548    
|uhtml|bestof|Game 1 of a best-of-3
|t:|1783715791
|gametype|doubles
|player|p1|jomivgc|falkner-gen2|1140
|player|p2|Jirachi548|serena-anime|1200
|gen|9
|tier|[Gen 9 Champions] VGC 2026 Reg M-B (Bo3)
|rated|
|rule|Species Clause: Limit one of each Pokémon
|rule|Item Clause: Limit 1 of each item
|clearpoke
|poke|p1|Kleavor, L50, F|
|poke|p1|Sinistcha, L50|
|poke|p1|Archaludon, L50, F|
|poke|p1|Swampert, L50, M|
|poke|p1|Froslass, L50, F|
|poke|p1|Pelipper, L50, F|
|poke|p2|Charizard, L50, M|
|poke|p2|Floette-Eternal, L50, F|
|poke|p2|Garchomp, L50, F|
|poke|p2|Hydreigon, L50, M|
|poke|p2|Toxapex, L50, M|
|poke|p2|Incineroar, L50, F|
|teampreview|4
|showteam|p1|Kleavor||ChoiceScarf|Sharpness|StoneAxe,XScissor,CloseCombat,NightSlash|Jolly||F|||50|]Sinistcha||KasibBerry|Hospitality|MatchaGotcha,Protect,RagePowder,TrickRoom|Modest|||||50|]Archaludon||Leftovers|Stamina|FlashCannon,Protect,ElectroShot,DragonPulse|Modest||F|||50|]Swampert||Swampertite|Damp|WaveCrash,Earthquake,RockSlide,Protect|Adamant||M|||50|]Froslass||Froslassite|CursedBody|Blizzard,RainDance,AuroraVeil,Protect|Modest||F|||50|]Pelipper||FocusSash|Drizzle|Hurricane,WeatherBall,WideGuard,Tailwind|Modest||F|||50|
|showteam|p2|Charizard||CharizarditeY|Blaze|HeatWave,WeatherBall,SolarBeam,Protect|Timid||M|||50|]Floette-Eternal||Floettite|FlowerVeil|DazzlingGleam,Moonblast,LightofRuin,Protect|Timid||F|||50|]Garchomp||LifeOrb|RoughSkin|Earthquake,DragonClaw,PoisonJab,Protect|Jolly||F|||50|]Hydreigon||ChoiceScarf|Levitate|Snarl,DarkPulse,DragonPulse,HeatWave|Modest||M|||50|]Toxapex||Leftovers|Regenerator|Infestation,Toxic,WideGuard,BanefulBunker|Sassy||M|||50|]Incineroar||SitrusBerry|Intimidate|FakeOut,FlareBlitz,DarkestLariat,PartingShot|Bold||F|||50|
|inactive|Battle timer is ON: inactive players will automatically lose when time's up. (requested by jomivgc)
|inactive|jomivgc has 60 seconds left.
|inactive|Jirachi548 has 60 seconds left.
|
|t:|1783715849
|teamsize|p1|4
|teamsize|p2|4
|start
|switch|p1a: Froslass|Froslass, L50, F|100/100
|switch|p1b: Kleavor|Kleavor, L50, F|100/100
|switch|p2a: Floette|Floette-Eternal, L50, F|100/100
|switch|p2b: Incineroar|Incineroar, L50, F|100/100
|-ability|p2b: Incineroar|Intimidate|boost
|-unboost|p1a: Froslass|atk|1
|-unboost|p1b: Kleavor|atk|1
|turn|1
|
|t:|1783715874
|detailschange|p1a: Froslass|Froslass-Mega, L50, F
|-mega|p1a: Froslass|Froslass|Froslassite
|-weather|Snowscape|[from] ability: Snow Warning|[of] p1a: Froslass
|detailschange|p2a: Floette|Floette-Mega, L50, F
|-mega|p2a: Floette|Floette|Floettite
|-ability|p2a: Floette|Fairy Aura
|move|p2b: Incineroar|Fake Out|p1b: Kleavor
|-resisted|p1b: Kleavor|1
|-crit|p1b: Kleavor
|-damage|p1b: Kleavor|92/100
|cant|p1b: Kleavor|flinch
|move|p1a: Froslass|Aurora Veil|p1a: Froslass
|-sidestart|p1: jomivgc|move: Aurora Veil
|move|p2a: Floette|Light of Ruin|p1a: Froslass
|-damage|p1a: Froslass|6/100
|-damage|p2a: Floette|54/100|[from] Recoil
|
|-weather|Snowscape|[upkeep]
|upkeep
|turn|2
|inactive|jomivgc has 30 seconds left.
|inactive|Jirachi548 has 30 seconds left.
|inactive|Jirachi548 has 20 seconds left.
|inactive|Jirachi548 has 15 seconds left.
|
|t:|1783715917
|move|p2a: Floette|Protect|p2a: Floette
|-singleturn|p2a: Floette|Protect
|move|p1b: Kleavor|Stone Axe|p2a: Floette
|-activate|p2a: Floette|move: Protect
|move|p1a: Froslass|Rain Dance|p1a: Froslass
|-weather|RainDance
|move|p2b: Incineroar|Parting Shot|p1b: Kleavor
|-unboost|p1b: Kleavor|atk|1
|-unboost|p1b: Kleavor|spa|1
|
|t:|1783715927
|switch|p2b: Hydreigon|Hydreigon, L50, M|100/100|[from] Parting Shot
|
|-weather|RainDance|[upkeep]
|upkeep
|turn|3
|
|t:|1783715949
|move|p1a: Froslass|Protect|p1a: Froslass
|-singleturn|p1a: Froslass|Protect
|move|p1b: Kleavor|Stone Axe|p2a: Floette
|-damage|p2a: Floette|19/100
|-sidestart|p2: Jirachi548|move: Stealth Rock
|move|p2b: Hydreigon|Dragon Pulse|p1a: Froslass
|-activate|p1a: Froslass|move: Protect
|move|p2a: Floette|Moonblast|p1b: Kleavor
|-damage|p1b: Kleavor|13/100
|
|-weather|RainDance|[upkeep]
|upkeep
|turn|4
|inactive|jomivgc has 30 seconds left.
|inactive|Jirachi548 has 30 seconds left.
|
|t:|1783715975
|switch|p1a: Sinistcha|Sinistcha, L50|100/100
|-heal|p1b: Kleavor|37/100|[from] ability: Hospitality|[of] p1a: Sinistcha
|switch|p2a: Incineroar|Incineroar, L50, F|100/100
|-damage|p2a: Incineroar|75/100|[from] Stealth Rock
|-ability|p2a: Incineroar|Intimidate|boost
|-unboost|p1a: Sinistcha|atk|1
|-unboost|p1b: Kleavor|atk|1
|move|p1b: Kleavor|Stone Axe|p2a: Incineroar
|-supereffective|p2a: Incineroar|1
|-damage|p2a: Incineroar|42/100
|-enditem|p2a: Incineroar|Sitrus Berry|[eat]
|-heal|p2a: Incineroar|67/100|[from] item: Sitrus Berry
|move|p2b: Hydreigon|Dragon Pulse|p1b: Kleavor
|-damage|p1b: Kleavor|0 fnt
|faint|p1b: Kleavor
|
|-weather|RainDance|[upkeep]
|upkeep
|
|t:|1783715995
|switch|p1b: Archaludon|Archaludon, L50, F|100/100
|turn|5
|inactive|Jirachi548 has 30 seconds left.
|inactive|jomivgc has 30 seconds left.
|inactive|Jirachi548 has 20 seconds left.
|inactive|Jirachi548 has 15 seconds left.
|
|t:|1783716036
|switch|p2b: Floette|Floette-Mega, L50, F|19/100
|-damage|p2b: Floette|7/100|[from] Stealth Rock
|-ability|p2b: Floette|Fairy Aura
|move|p1b: Archaludon|Electro Shot||[still]
|-prepare|p1b: Archaludon|Electro Shot
|-boost|p1b: Archaludon|spa|1
|-anim|p1b: Archaludon|Electro Shot|p2a: Incineroar
|-damage|p2a: Incineroar|12/100
|move|p1a: Sinistcha|Matcha Gotcha|p2a: Incineroar|[spread] p2a,p2b
|-resisted|p2a: Incineroar|1
|-damage|p2a: Incineroar|1/100
|-damage|p2b: Floette|0 fnt
|faint|p2b: Floette
|move|p2a: Incineroar|Darkest Lariat|p1a: Sinistcha
|-supereffective|p1a: Sinistcha|1
|-crit|p1a: Sinistcha
|-damage|p1a: Sinistcha|25/100
|
|-weather|RainDance|[upkeep]
|-sideend|p1: jomivgc|move: Aurora Veil
|upkeep
|
|t:|1783716058
|switch|p2b: Garchomp|Garchomp, L50, F|100/100
|-damage|p2b: Garchomp|94/100|[from] Stealth Rock
|turn|6
|inactive|jomivgc has 30 seconds left.
|inactive|jomivgc has 20 seconds left.
|
|t:|1783716094
|move|p2b: Garchomp|Protect|p2b: Garchomp
|-singleturn|p2b: Garchomp|Protect
|move|p1b: Archaludon|Protect|p1b: Archaludon
|-singleturn|p1b: Archaludon|Protect
|move|p1a: Sinistcha|Matcha Gotcha|p2b: Garchomp|[spread] p2a
|-activate|p2b: Garchomp|move: Protect
|-resisted|p2a: Incineroar|1
|-damage|p2a: Incineroar|0 fnt
|-heal|p1a: Sinistcha|26/100|[from] drain|[of] p2a: Incineroar
|faint|p2a: Incineroar
|
|-weather|none
|upkeep
|
|t:|1783716100
|switch|p2a: Hydreigon|Hydreigon, L50, M|100/100
|-damage|p2a: Hydreigon|87/100|[from] Stealth Rock
|turn|7
|
|t:|1783716124
|move|p1a: Sinistcha|Rage Powder|p1a: Sinistcha
|-singleturn|p1a: Sinistcha|move: Rage Powder
|move|p2a: Hydreigon|Dark Pulse|p1a: Sinistcha
|-supereffective|p1a: Sinistcha|1
|-crit|p1a: Sinistcha
|-damage|p1a: Sinistcha|0 fnt
|faint|p1a: Sinistcha
|move|p2b: Garchomp|Earthquake|p1b: Archaludon|[spread] p1b
|-immune|p2a: Hydreigon|[from] ability: Levitate
|-supereffective|p1b: Archaludon|1
|-damage|p1b: Archaludon|20/100y
|-ability|p1b: Archaludon|Stamina|boost
|-boost|p1b: Archaludon|def|1
|-damage|p2b: Garchomp|84/100|[from] item: Life Orb
|move|p1b: Archaludon|Dragon Pulse|p2a: Hydreigon
|-supereffective|p2a: Hydreigon|1
|-damage|p2a: Hydreigon|0 fnt
|faint|p2a: Hydreigon
|
|-heal|p1b: Archaludon|26/100|[from] item: Leftovers
|upkeep
|
|t:|1783716138
|switch|p1a: Froslass|Froslass-Mega, L50, F|6/100
|-weather|Snowscape|[from] ability: Snow Warning|[of] p1a: Froslass
|turn|8
|-message|Jirachi548 forfeited.
|
|win|jomivgc
|l|☆Jirachi548
|player|p2|
||Jirachi548 is ready for game 2.
