|j|☆cesc19
|j|☆Jirotz
|html|cesc19Jirotz    
|uhtml|bestof|Game 1 of a best-of-3
|t:|1782214167
|gametype|doubles
|player|p1|cesc19|1|1108
|player|p2|Jirotz|volkner|1000
|gen|9
|tier|[Gen 9 Champions] VGC 2026 Reg M-B (Bo3)
|rated|
|rule|Species Clause: Limit one of each Pokémon
|rule|Item Clause: Limit 1 of each item
|clearpoke
|poke|p1|Pyroar, L50, M|
|poke|p1|Venusaur, L50, M|
|poke|p1|Torkoal, L50, F|
|poke|p1|Mimikyu, L50, M|
|poke|p1|Garchomp, L50, M|
|poke|p1|Scrafty, L50, F|
|poke|p2|Scovillain, L50, F, shiny|
|poke|p2|Rotom-Wash, L50|
|poke|p2|Clefable, L50, F|
|poke|p2|Annihilape, L50, F|
|poke|p2|Farigiraf, L50, M|
|poke|p2|Dragalge, L50, F, shiny|
|teampreview|4
|showteam|p1|Pyroar||Pyroarite|Unnerve|HeatWave,SolarBeam,Overheat,Protect|Timid||M|||50|]Venusaur||FocusSash|Chlorophyll|EnergyBall,SludgeBomb,AcidSpray,Protect|Modest||M|||50|]Torkoal||Charcoal|Drought|Eruption,WeatherBall,HelpingHand,Protect|Quiet||F|||50|]Mimikyu||SitrusBerry|Disguise|PlayRough,ShadowSneak,WillOWisp,TrickRoom|Brave||M|||50|]Garchomp||LifeOrb|RoughSkin|Earthquake,DragonClaw,RockSlide,Protect|Jolly||M|||50|]Scrafty||BlackBelt|Intimidate|CloseCombat,KnockOff,IcePunch,FakeOut|Adamant||F|||50|
|showteam|p2|Scovillain||Scovillainite|Moody|Overheat,RagePowder,GigaDrain,Protect|Calm||F|||50|]Rotom-Wash||SitrusBerry|Levitate|Electroweb,HydroPump,LightScreen,Protect|Bold|||||50|]Clefable||BabiriBerry|Unaware|Moonblast,FollowMe,LifeDew,Protect|Calm||F|||50|]Annihilape||Leftovers|Defiant|RageFist,Protect,DrainPunch,BulkUp|Adamant||F|||50|]Farigiraf||ColburBerry|ArmorTail|Psychic,Thunderbolt,TrickRoom,Protect|Quiet||M|||50|]Dragalge||Dragalgite|Adaptability|Protect,Scald,SludgeBomb,DragonPulse|Relaxed||F|||50|
|inactive|Battle timer is ON: inactive players will automatically lose when time's up. (requested by cesc19)
|inactive|cesc19 has 60 seconds left.
|inactive|Jirotz has 60 seconds left.
|inactive|Jirotz has 30 seconds left.
|inactive|Jirotz has 20 seconds left.
|inactive|Jirotz has 15 seconds left.
|
|t:|1782214245
|teamsize|p1|4
|teamsize|p2|4
|start
|switch|p1a: Mimikyu|Mimikyu, L50, M|100/100
|switch|p1b: Pyroar|Pyroar, L50, M|100/100
|switch|p2a: Dragalge|Dragalge, L50, F, shiny|100/100
|switch|p2b: Rotom|Rotom-Wash, L50|100/100
|-ability|p1b: Pyroar|Unnerve
|turn|1
|
|t:|1782214267
|switch|p1b: Torkoal|Torkoal, L50, F|100/100
|-weather|SunnyDay|[from] ability: Drought|[of] p1b: Torkoal
|move|p2b: Rotom|Light Screen|p2b: Rotom
|-sidestart|p2: Jirotz|move: Light Screen
|move|p2a: Dragalge|Sludge Bomb|p1b: Torkoal
|-damage|p1b: Torkoal|31/100
|move|p1a: Mimikyu|Trick Room|p1a: Mimikyu
|-fieldstart|move: Trick Room|[of] p1a: Mimikyu
|
|-weather|SunnyDay|[upkeep]
|upkeep
|turn|2
|inactive|Jirotz has 30 seconds left.
|inactive|Jirotz has 20 seconds left.
|inactive|Jirotz has 15 seconds left.
|
|t:|1782214310
|move|p1b: Torkoal|Weather Ball|p2b: Rotom
|-resisted|p2b: Rotom|1
|-damage|p2b: Rotom|73/100
|move|p2a: Dragalge|Sludge Bomb|p1a: Mimikyu
|-activate|p1a: Mimikyu|ability: Disguise
|-damage|p1a: Mimikyu|100/100
|detailschange|p1a: Mimikyu|Mimikyu-Busted, L50, M
|-damage|p1a: Mimikyu|87/100|[from] pokemon: Mimikyu-Busted
|move|p1a: Mimikyu|Play Rough|p2b: Rotom
|-damage|p2b: Rotom|39/100
|-enditem|p2b: Rotom|Sitrus Berry|[eat]
|-heal|p2b: Rotom|64/100|[from] item: Sitrus Berry
|move|p2b: Rotom|Electroweb|p1b: Torkoal|[spread] p1a,p1b
|-damage|p1a: Mimikyu|72/100
|-damage|p1b: Torkoal|11/100
|-unboost|p1a: Mimikyu|spe|1
|-unboost|p1b: Torkoal|spe|1
|
|-weather|SunnyDay|[upkeep]
|upkeep
|turn|3
|inactive|cesc19 has 30 seconds left.
|inactive|Jirotz has 30 seconds left.
|
|t:|1782214344
|move|p1b: Torkoal|Helping Hand|p1a: Mimikyu
|-singleturn|p1a: Mimikyu|Helping Hand|[of] p1b: Torkoal
|move|p2a: Dragalge|Sludge Bomb|p1a: Mimikyu
|-damage|p1a: Mimikyu|15/100
|-enditem|p1a: Mimikyu|Sitrus Berry|[eat]
|-heal|p1a: Mimikyu|40/100|[from] item: Sitrus Berry
|move|p1a: Mimikyu|Play Rough|p2a: Dragalge
|-damage|p2a: Dragalge|32/100
|move|p2b: Rotom|Hydro Pump|p1b: Torkoal
|-supereffective|p1b: Torkoal|1
|-damage|p1b: Torkoal|0 fnt
|faint|p1b: Torkoal
|
|-weather|SunnyDay|[upkeep]
|upkeep
|
|t:|1782214361
|switch|p1b: Pyroar|Pyroar, L50, M|100/100
|-ability|p1b: Pyroar|Unnerve
|turn|4
|
|t:|1782214384
|switch|p2b: Clefable|Clefable, L50, F|100/100
|detailschange|p2a: Dragalge|Dragalge-Mega, L50, F, shiny
|-mega|p2a: Dragalge|Dragalge|Dragalgite
|detailschange|p1b: Pyroar|Pyroar-Mega, L50, M
|-mega|p1b: Pyroar|Pyroar|Pyroarite
|move|p2a: Dragalge|Sludge Bomb|p1a: Mimikyu
|-damage|p1a: Mimikyu|0 fnt
|faint|p1a: Mimikyu
|move|p1b: Pyroar|Heat Wave|p2b: Clefable|[spread] p2a,p2b
|-resisted|p2a: Dragalge|1
|-damage|p2a: Dragalge|12/100
|-damage|p2b: Clefable|54/100
|
|-weather|SunnyDay|[upkeep]
|upkeep
|
|t:|1782214396
|switch|p1a: Garchomp|Garchomp, L50, M|100/100
|turn|5
|
|t:|1782214410
|-heal|p2a: Dragalge|45/100|[from] ability: Regenerator|[silent]
|switch|p2a: Rotom|Rotom-Wash, L50|64/100
|move|p1a: Garchomp|Protect|p1a: Garchomp
|-singleturn|p1a: Garchomp|Protect
|move|p2b: Clefable|Moonblast|p1a: Garchomp
|-activate|p1a: Garchomp|move: Protect
|move|p1b: Pyroar|Heat Wave|p2a: Rotom|[spread] p2a
|-miss|p1b: Pyroar|p2b: Clefable
|-resisted|p2a: Rotom|1
|-damage|p2a: Rotom|36/100
|
|-weather|none
|-sideend|p2: Jirotz|move: Light Screen
|-fieldend|move: Trick Room
|upkeep
|turn|6
|inactive|Jirotz has 30 seconds left.
|
|t:|1782214436
|move|p1b: Pyroar|Heat Wave|p2a: Rotom|[spread] p2b
|-miss|p1b: Pyroar|p2a: Rotom
|-damage|p2b: Clefable|7/100
|-status|p2b: Clefable|brn
|move|p1a: Garchomp|Rock Slide|p2a: Rotom|[spread] p2a,p2b
|-damage|p2a: Rotom|12/100
|-damage|p2b: Clefable|0 fnt
|faint|p2b: Clefable
|-damage|p1a: Garchomp|90/100|[from] item: Life Orb
|cant|p2a: Rotom|flinch
|
|upkeep
|
|t:|1782214449
|switch|p2b: Farigiraf|Farigiraf, L50, M|100/100
|turn|7
|
|t:|1782214457
|move|p2a: Rotom|Protect|p2a: Rotom
|-singleturn|p2a: Rotom|Protect
|move|p1b: Pyroar|Overheat|p2b: Farigiraf
|-damage|p2b: Farigiraf|0 fnt
|-unboost|p1b: Pyroar|spa|2
|faint|p2b: Farigiraf
|move|p1a: Garchomp|Rock Slide|p2a: Rotom
|-activate|p2a: Rotom|move: Protect
|
|upkeep
|
|t:|1782214467
|switch|p2b: Dragalge|Dragalge-Mega, L50, F, shiny|45/100
|turn|8
|
|t:|1782214479
|move|p2b: Dragalge|Protect|p2b: Dragalge
|-singleturn|p2b: Dragalge|Protect
|move|p1b: Pyroar|Overheat|p2b: Dragalge
|-activate|p2b: Dragalge|move: Protect
|move|p1a: Garchomp|Dragon Claw|p2a: Rotom
|-damage|p2a: Rotom|0 fnt
|faint|p2a: Rotom
|-damage|p1a: Garchomp|80/100|[from] item: Life Orb
|
|upkeep
|turn|9
|-message|Jirotz forfeited.
|
|win|cesc19
