|j|☆DaGondy
|j|☆Khenzhu
|html|DaGondyKhenzhu    
|uhtml|bestof|Game 2 of a best-of-3
|t:|1783307744
|gametype|doubles
|player|p1|DaGondy|mars|
|player|p2|Khenzhu|cynthia|
|gen|9
|tier|[Gen 9 Champions] VGC 2026 Reg M-B (Bo3)
|rule|Species Clause: Limit one of each Pokémon
|rule|Item Clause: Limit 1 of each item
|clearpoke
|poke|p1|Pelipper, L50, M|
|poke|p1|Basculegion-F, L50, F|
|poke|p1|Sylveon, L50, F|
|poke|p1|Whimsicott, L50, M|
|poke|p1|Chandelure, L50, F|
|poke|p1|Conkeldurr, L50, F|
|poke|p2|Dragonite, L50, M, shiny|
|poke|p2|Torkoal, L50, M|
|poke|p2|Mawile, L50, M|
|poke|p2|Hatterene, L50, F|
|poke|p2|Vileplume, L50, F|
|poke|p2|Kangaskhan, L50, F|
|teampreview|4
|showteam|p1|Pelipper||WacanBerry|Drizzle|Tailwind,Hurricane,Roost,Protect|Bold||M|||50|]Basculegion-F||FocusSash|SwiftSwim|AquaJet,FlipTurn,Liquidation,Protect|Adamant||F|||50|]Sylveon||FairyFeather|Pixilate|AlluringVoice,HyperVoice,Wish,Moonblast|Modest||F|||50|]Whimsicott||Leftovers|Prankster|TrickRoom,StunSpore,LeechSeed,EnergyBall|Bold||M|||50|]Chandelure||ColburBerry|Infiltrator|WillOWisp,Haze,Flamethrower,TrickRoom|Sassy||F|||50|]Conkeldurr||LifeOrb|Guts|Facade,Protect,MachPunch,BrickBreak|Adamant||F|||50|
|showteam|p2|Dragonite||Dragoninite|Multiscale|DracoMeteor,ExtremeSpeed,Flamethrower,Agility|Naive||M|||50|]Torkoal||Charcoal|Drought|Eruption,Protect,Flamethrower,SolarBeam|Quiet||M|||50|]Mawile||ChoiceScarf|HyperCutter|IronHead,SuckerPunch,PlayRough,Protect|Adamant||M|||50|]Hatterene||Leftovers|MagicBounce|TrickRoom,HealingWish,DazzlingGleam,PsychicNoise|Quiet||F|||50|]Vileplume||FocusSash|Chlorophyll|AfterYou,SleepPowder,SludgeBomb,LeafStorm|Timid||F|||50|]Kangaskhan||LifeOrb|Scrappy|FakeOut,DoubleEdge,HammerArm,IcePunch|Brave||F|||50|
|
|t:|1783307782
|teamsize|p1|4
|teamsize|p2|4
|start
|switch|p1a: Chandelure|Chandelure, L50, F|100/100
|switch|p1b: Conkeldurr|Conkeldurr, L50, F|100/100
|switch|p2a: Hatterene|Hatterene, L50, F|100/100
|switch|p2b: Kangaskhan|Kangaskhan, L50, F|100/100
|turn|1
|
|t:|1783307799
|move|p2b: Kangaskhan|Fake Out|p1b: Conkeldurr
|-crit|p1b: Conkeldurr
|-damage|p1b: Conkeldurr|66/100
|-damage|p2b: Kangaskhan|90/100|[from] item: Life Orb
|cant|p1b: Conkeldurr|flinch
|move|p1a: Chandelure|Will-O-Wisp|p1b: Conkeldurr|[miss]
|-miss|p1a: Chandelure|p1b: Conkeldurr
|move|p2a: Hatterene|Trick Room|p2a: Hatterene
|-fieldstart|move: Trick Room|[of] p2a: Hatterene
|
|upkeep
|turn|2
|inactive|Battle timer is ON: inactive players will automatically lose when time's up. (requested by Khenzhu)
|
|t:|1783307825
|move|p2a: Hatterene|Dazzling Gleam|p1b: Conkeldurr|[spread] p1a,p1b
|-resisted|p1a: Chandelure|1
|-supereffective|p1b: Conkeldurr|1
|-crit|p1b: Conkeldurr
|-damage|p1a: Chandelure|85/100
|-damage|p1b: Conkeldurr|0 fnt
|faint|p1b: Conkeldurr
|move|p1a: Chandelure|Will-O-Wisp|p1: Conkeldurr|[notarget]
|-fail|p1a: Chandelure
|move|p2b: Kangaskhan|Ice Punch|p1a: Chandelure
|-resisted|p1a: Chandelure|1
|-damage|p1a: Chandelure|68/100
|-damage|p2b: Kangaskhan|80/100|[from] item: Life Orb
|
|upkeep
|
|t:|1783307837
|switch|p1b: Pelipper|Pelipper, L50, M|100/100
|-weather|RainDance|[from] ability: Drizzle|[of] p1b: Pelipper
|turn|3
|inactive|Khenzhu has 30 seconds left.
|
|t:|1783307863
|switch|p1a: Basculegion|Basculegion-F, L50, F|100/100
|move|p2a: Hatterene|Psychic Noise|p1b: Pelipper
|-damage|p1b: Pelipper|36/100
|-start|p1b: Pelipper|move: Heal Block
|move|p1b: Pelipper|Hurricane|p2b: Kangaskhan
|-damage|p2b: Kangaskhan|45/100
|move|p2b: Kangaskhan|Double-Edge|p1b: Pelipper
|-damage|p1b: Pelipper|0 fnt
|faint|p1b: Pelipper
|-damage|p2b: Kangaskhan|36/100|[from] Recoil
|-damage|p2b: Kangaskhan|26/100|[from] item: Life Orb
|
|-weather|RainDance|[upkeep]
|upkeep
|
|t:|1783307883
|switch|p1b: Chandelure|Chandelure, L50, F|68/100
|turn|4
|
|t:|1783307907
|move|p2a: Hatterene|Psychic Noise|p1b: Chandelure
|-damage|p1b: Chandelure|28/100
|-start|p1b: Chandelure|move: Heal Block
|move|p1b: Chandelure|Will-O-Wisp|p2a: Hatterene
|move|p2a: Hatterene|Will-O-Wisp|p1b: Chandelure|[from] ability: Magic Bounce
|-immune|p1b: Chandelure
|move|p2b: Kangaskhan|Double-Edge|p1a: Basculegion
|-damage|p1a: Basculegion|4/100
|-damage|p2b: Kangaskhan|0 fnt|[from] Recoil
|faint|p2b: Kangaskhan
|move|p1a: Basculegion|Liquidation|p2a: Hatterene
|-damage|p2a: Hatterene|39/100
|
|-weather|RainDance|[upkeep]
|-heal|p2a: Hatterene|45/100|[from] item: Leftovers
|upkeep
|
|t:|1783307927
|switch|p2b: Dragonite|Dragonite, L50, M, shiny|100/100
|turn|5
|
|t:|1783307940
|detailschange|p2b: Dragonite|Dragonite-Mega, L50, M, shiny
|-mega|p2b: Dragonite|Dragonite|Dragoninite
|move|p2b: Dragonite|Extreme Speed|p1a: Basculegion
|-immune|p1a: Basculegion
|move|p1a: Basculegion|Aqua Jet|p2a: Hatterene
|-damage|p2a: Hatterene|14/100
|move|p2a: Hatterene|Dazzling Gleam|p1b: Chandelure|[spread] p1a,p1b
|-resisted|p1b: Chandelure|1
|-damage|p1a: Basculegion|0 fnt
|-damage|p1b: Chandelure|12/100
|faint|p1a: Basculegion
|move|p1b: Chandelure|Haze|p1b: Chandelure
|-clearallboost
|
|-weather|RainDance|[upkeep]
|-heal|p2a: Hatterene|20/100y|[from] item: Leftovers
|-end|p1b: Chandelure|move: Heal Block
|-fieldend|move: Trick Room
|upkeep
|turn|6
|
|t:|1783307964
|move|p2b: Dragonite|Draco Meteor|p1b: Chandelure
|-damage|p1b: Chandelure|0 fnt
|-unboost|p2b: Dragonite|spa|2
|faint|p1b: Chandelure
|
|win|Khenzhu
