|j|☆Olciax34
|j|☆ancient95
|html|Olciax34ancient95    
|uhtml|bestof|Game 1 of a best-of-3
|t:|1784728940
|gametype|doubles
|player|p1|Olciax34|clair|1307
|player|p2|ancient95|benga|1250
|gen|9
|tier|[Gen 9 Champions] VGC 2026 Reg M-B (Bo3)
|rated|
|rule|Species Clause: Limit one of each Pokémon
|rule|Item Clause: Limit 1 of each item
|clearpoke
|poke|p1|Charizard, L50, M|
|poke|p1|Whimsicott, L50, M|
|poke|p1|Garchomp, L50, M|
|poke|p1|Basculegion, L50, M|
|poke|p1|Floette-Eternal, L50, F|
|poke|p1|Kingambit, L50, M|
|poke|p2|Grimmsnarl, L50, M, shiny|
|poke|p2|Basculegion, L50, M|
|poke|p2|Archaludon, L50, M|
|poke|p2|Staraptor, L50, F, shiny|
|poke|p2|Politoed, L50, F, shiny|
|poke|p2|Excadrill, L50, M, shiny|
|teampreview|4
|showteam|p1|Charizard||CharizarditeY|SolarPower|HeatWave,WeatherBall,SolarBeam,Protect|Modest||M|||50|]Whimsicott||FocusSash|Prankster|Moonblast,Tailwind,Encore,Protect|Timid||M|||50|]Garchomp||LifeOrb|RoughSkin|Earthquake,DragonClaw,RockSlide,Protect|Jolly||M|||50|]Basculegion||ChoiceScarf|Adaptability|WaveCrash,FlipTurn,LastRespects,AquaJet|Jolly||M|||50|]Floette-Eternal||Floettite|FlowerVeil|DrainingKiss,Moonblast,CalmMind,Protect|Modest||F|||50|]Kingambit||ChopleBerry|Defiant|KowtowCleave,SuckerPunch,IronHead,LowKick|Adamant||M|||50|
|showteam|p2|Grimmsnarl||LightClay|Prankster|LightScreen,Reflect,PartingShot,ScaryFace|Calm||M|||50|]Basculegion||ChoiceScarf|Adaptability|WaveCrash,FlipTurn,AquaJet,LastRespects|Jolly||M|||50|]Archaludon||Leftovers|Stamina|ElectroShot,FlashCannon,DragonPulse,Protect|Bold||M|||50|]Staraptor||Staraptite|Intimidate|CloseCombat,BraveBird,Protect,Roost|Jolly||F|||50|]Politoed||SitrusBerry|Drizzle|MuddyWater,RainDance,Protect,HelpingHand|Bold||F|||50|]Excadrill||FocusSash|MoldBreaker|Earthquake,IronHead,Protect,HighHorsepower|Adamant||M|||50|
|inactive|Battle timer is ON: inactive players will automatically lose when time's up. (requested by ancient95)
|inactive|Olciax34 has 60 seconds left.
|inactive|ancient95 has 60 seconds left.
|
|t:|1784728984
|teamsize|p1|4
|teamsize|p2|4
|start
|switch|p1a: Floette|Floette-Eternal, L50, F|100/100
|switch|p1b: Basculegion|Basculegion, L50, M|100/100
|switch|p2a: 오롱털|Grimmsnarl, L50, M, shiny|100/100
|switch|p2b: 브리두라스|Archaludon, L50, M|100/100
|turn|1
|
|t:|1784729008
|detailschange|p1a: Floette|Floette-Mega, L50, F
|-mega|p1a: Floette|Floette|Floettite
|-ability|p1a: Floette|Fairy Aura
|move|p2a: 오롱털|Parting Shot|p1a: Floette
|-unboost|p1a: Floette|atk|1
|-unboost|p1a: Floette|spa|1
|
|t:|1784729010
|switch|p2a: 왕구리|Politoed, L50, F, shiny|100/100|[from] Parting Shot
|-weather|RainDance|[from] ability: Drizzle|[of] p2a: 왕구리
|move|p1b: Basculegion|Flip Turn|p2a: 왕구리
|-resisted|p2a: 왕구리|1
|-damage|p2a: 왕구리|71/100
|
|t:|1784729028
|switch|p1b: Whimsicott|Whimsicott, L50, M|100/100|[from] Flip Turn
|move|p1a: Floette|Calm Mind|p1a: Floette
|-boost|p1a: Floette|spa|1
|-boost|p1a: Floette|spd|1
|move|p2b: 브리두라스|Electro Shot||[still]
|-prepare|p2b: 브리두라스|Electro Shot
|-boost|p2b: 브리두라스|spa|1
|-anim|p2b: 브리두라스|Electro Shot|p1b: Whimsicott
|-resisted|p1b: Whimsicott|1
|-damage|p1b: Whimsicott|56/100
|
|-weather|RainDance|[upkeep]
|upkeep
|turn|2
|
|t:|1784729048
|move|p1b: Whimsicott|Encore|p2b: 브리두라스
|-start|p2b: 브리두라스|Encore
|move|p1a: Floette|Calm Mind|p1a: Floette
|-boost|p1a: Floette|spa|1
|-boost|p1a: Floette|spd|1
|move|p2b: 브리두라스|Electro Shot||[still]
|-prepare|p2b: 브리두라스|Electro Shot
|-boost|p2b: 브리두라스|spa|1
|-anim|p2b: 브리두라스|Electro Shot|p1b: Whimsicott
|-resisted|p1b: Whimsicott|1
|-damage|p1b: Whimsicott|0 fnt
|faint|p1b: Whimsicott
|move|p2a: 왕구리|Muddy Water|p1a: Floette|[miss]
|-miss|p2a: 왕구리|p1a: Floette
|
|-weather|RainDance|[upkeep]
|upkeep
|
|t:|1784729070
|switch|p1b: Kingambit|Kingambit, L50, M|100/100
|turn|3
|
|t:|1784729079
|switch|p2a: 오롱털|Grimmsnarl, L50, M, shiny|100/100
|move|p1a: Floette|Calm Mind|p1a: Floette
|-boost|p1a: Floette|spa|1
|-boost|p1a: Floette|spd|1
|move|p2b: 브리두라스|Electro Shot||[still]
|-prepare|p2b: 브리두라스|Electro Shot
|-boost|p2b: 브리두라스|spa|1
|-anim|p2b: 브리두라스|Electro Shot|p1b: Kingambit
|-damage|p1b: Kingambit|4/100
|move|p1b: Kingambit|Kowtow Cleave|p2a: 오롱털
|-resisted|p2a: 오롱털|2
|-damage|p2a: 오롱털|88/100
|
|-weather|RainDance|[upkeep]
|upkeep
|turn|4
|
|t:|1784729095
|move|p2a: 오롱털|Scary Face|p1a: Floette
|-unboost|p1a: Floette|spe|2
|move|p1b: Kingambit|Sucker Punch|p2b: 브리두라스
|-damage|p2b: 브리두라스|71/100
|-ability|p2b: 브리두라스|Stamina|boost
|-boost|p2b: 브리두라스|def|1
|move|p2b: 브리두라스|Electro Shot||[still]
|-prepare|p2b: 브리두라스|Electro Shot
|-boost|p2b: 브리두라스|spa|1
|-anim|p2b: 브리두라스|Electro Shot|p1a: Floette
|-damage|p1a: Floette|66/100
|move|p1a: Floette|Moonblast|p2b: 브리두라스
|-damage|p2b: 브리두라스|0 fnt
|faint|p2b: 브리두라스
|
|-weather|RainDance|[upkeep]
|upkeep
|
|t:|1784729098
|switch|p2b: 찌르호크|Staraptor, L50, F, shiny|100/100
|-ability|p2b: 찌르호크|Intimidate|boost
|-unboost|p1a: Floette|atk|1
|-unboost|p1b: Kingambit|atk|1
|-ability|p1b: Kingambit|Defiant|boost
|-boost|p1b: Kingambit|atk|2
|turn|5
|
|t:|1784729118
|detailschange|p2b: 찌르호크|Staraptor-Mega, L50, F, shiny
|-mega|p2b: 찌르호크|Staraptor|Staraptite
|move|p2a: 오롱털|Parting Shot|p2b: 찌르호크
|-boost|p2b: 찌르호크|atk|1
|-boost|p2b: 찌르호크|spa|1
|
|t:|1784729120
|switch|p2a: 왕구리|Politoed, L50, F, shiny|71/100|[from] Parting Shot
|move|p1b: Kingambit|Sucker Punch|p2b: 찌르호크
|-resisted|p2b: 찌르호크|1
|-damage|p2b: 찌르호크|72/100
|move|p2b: 찌르호크|Brave Bird|p1a: Floette
|-damage|p1a: Floette|0 fnt
|faint|p1a: Floette
|-damage|p2b: 찌르호크|53/100|[from] Recoil
|
|-weather|none
|upkeep
|
|t:|1784729131
|switch|p1a: Basculegion|Basculegion, L50, M|100/100
|turn|6
|inactive|ancient95 has 30 seconds left.
|inactive|ancient95 has 20 seconds left.
|
|t:|1784729167
|switch|p2a: 오롱털|Grimmsnarl, L50, M, shiny|88/100
|move|p2b: 찌르호크|Protect|p2b: 찌르호크
|-singleturn|p2b: 찌르호크|Protect
|move|p1a: Basculegion|Last Respects|p2b: 찌르호크
|-activate|p2b: 찌르호크|move: Protect
|move|p1b: Kingambit|Iron Head|p2a: 오롱털
|-supereffective|p2a: 오롱털|1
|-damage|p2a: 오롱털|0 fnt
|faint|p2a: 오롱털
|
|upkeep
|
|t:|1784729168
|switch|p2a: 왕구리|Politoed, L50, F, shiny|71/100
|-weather|RainDance|[from] ability: Drizzle|[of] p2a: 왕구리
|turn|7
|
|t:|1784729185
|move|p1b: Kingambit|Sucker Punch|p2a: 왕구리
|-damage|p2a: 왕구리|13/100
|-enditem|p2a: 왕구리|Sitrus Berry|[eat]
|-heal|p2a: 왕구리|38/100|[from] item: Sitrus Berry
|move|p1a: Basculegion|Last Respects|p2b: 찌르호크
|-damage|p2b: 찌르호크|0 fnt
|faint|p2b: 찌르호크
|move|p2a: 왕구리|Muddy Water|p1b: Kingambit|[spread] p1a,p1b
|-resisted|p1a: Basculegion|1
|-crit|p1a: Basculegion
|-damage|p1a: Basculegion|70/100
|-damage|p1b: Kingambit|0 fnt
|-unboost|p1a: Basculegion|accuracy|1
|faint|p1b: Kingambit
|
|-weather|RainDance|[upkeep]
|upkeep
|turn|8
|
|t:|1784729199
|move|p1a: Basculegion|Last Respects|p2a: 왕구리
|-damage|p2a: 왕구리|0 fnt
|faint|p2a: 왕구리
|
|win|Olciax34
||Olciax34 is ready for game 2.
||ancient95 is ready for game 2.
|uhtml|next|Next: Game 2 of 3
|l|☆ancient95
|player|p2|
