|j|☆tmjp01
|j|☆perhaps perish?
|html|tmjp01perhaps perish?    
|uhtml|bestof|Game 3 of a best-of-3
|t:|1782498571
|gametype|doubles
|player|p1|tmjp01|102|1237
|player|p2|perhaps perish?|cueball-gen1|1250
|gen|9
|tier|[Gen 9 Champions] VGC 2026 Reg M-B (Bo3)
|rated|
|rule|Species Clause: Limit one of each Pokémon
|rule|Item Clause: Limit 1 of each item
|clearpoke
|poke|p1|Corviknight, L50, M|
|poke|p1|Tyranitar, L50, F|
|poke|p1|Hydreigon, L50, F|
|poke|p1|Froslass, L50, F|
|poke|p1|Garchomp, L50, F|
|poke|p1|Arcanine-Hisui, L50, M|
|poke|p2|Swampert, L50, M|
|poke|p2|Sableye, L50, F|
|poke|p2|Pelipper, L50, F|
|poke|p2|Archaludon, L50, F|
|poke|p2|Basculegion, L50, M|
|poke|p2|Venusaur, L50, M|
|teampreview|4
|showteam|p1|Corviknight||OccaBerry|MirrorArmor|BraveBird,Protect,IronHead,Tailwind|Adamant||M|||50|]Tyranitar||Tyranitarite|SandStream|Protect,KnockOff,RockSlide,DragonDance|Adamant||F|||50|]Hydreigon||ChoiceScarf|Levitate|DarkPulse,DracoMeteor,EarthPower,ZenHeadbutt|Timid||F|||50|]Froslass||Froslassite|CursedBody|Blizzard,Protect,ShadowBall,WeatherBall|Timid||F|||50|]Garchomp||LifeOrb|RoughSkin|Protect,DragonClaw,RockSlide,Earthquake|Jolly||F|||50|]Arcanine-Hisui||FocusSash|RockHead|Protect,HeadSmash,ExtremeSpeed,FlareBlitz|Adamant||M|||50|
|showteam|p2|Swampert||Swampertite|Damp|WaveCrash,Earthquake,IcePunch,Protect|Adamant||M|||50|]Sableye||RoseliBerry|Prankster|Encore,RainDance,WillOWisp,LightScreen|Careful||F|||50|]Pelipper||SitrusBerry|Drizzle|Hurricane,Tailwind,WeatherBall,RainDance|Bold||F|||50|]Archaludon||Leftovers|Stamina|ElectroShot,DragonPulse,FlashCannon,Protect|Modest||F|||50|]Basculegion||ChoiceScarf|Adaptability|LastRespects,WaveCrash,PsychicFangs,FlipTurn|Jolly||M|||50|]Venusaur||Venusaurite|Chlorophyll|Protect,GigaDrain,SludgeBomb,EarthPower|Modest||M|||50|
|inactive|Battle timer is ON: inactive players will automatically lose when time's up. (requested by tmjp01)
|inactive|perhaps perish? has 60 seconds left.
|
|t:|1782498636
|teamsize|p1|4
|teamsize|p2|4
|start
|switch|p1a: Corviknight|Corviknight, L50, M|100/100
|switch|p1b: Arcanine|Arcanine-Hisui, L50, M|100/100
|switch|p2a: Sableye|Sableye, L50, F|100/100
|switch|p2b: Venusaur|Venusaur, L50, M|100/100
|turn|1
|inactive|tmjp01 has 30 seconds left.
|inactive|perhaps perish? has 30 seconds left.
|inactive|tmjp01 has 20 seconds left.
|inactive|tmjp01 has 15 seconds left.
|inactive|perhaps perish? has 20 seconds left.
|inactive|tmjp01 has 10 seconds left.
|
|t:|1782498682
|detailschange|p2b: Venusaur|Venusaur-Mega, L50, M
|-mega|p2b: Venusaur|Venusaur|Venusaurite
|move|p2a: Sableye|Will-O-Wisp|p1a: Corviknight
|-status|p1a: Corviknight|brn
|move|p1b: Arcanine|Flare Blitz|p2a: Sableye
|-damage|p2a: Sableye|15/100
|move|p2b: Venusaur|Earth Power|p1b: Arcanine
|-supereffective|p1b: Arcanine|2
|-enditem|p1b: Arcanine|Focus Sash
|-damage|p1b: Arcanine|1/100
|move|p1a: Corviknight|Iron Head|p2a: Sableye
|-damage|p2a: Sableye|0 fnt
|faint|p2a: Sableye
|
|-damage|p1a: Corviknight|94/100 brn|[from] brn
|upkeep
|
|t:|1782498707
|switch|p2a: Swampert|Swampert, L50, M|100/100
|turn|2
|inactive|tmjp01 has 30 seconds left.
|inactive|perhaps perish? has 30 seconds left.
|inactive|perhaps perish? has 20 seconds left.
|
|t:|1782498744
|move|p1b: Arcanine|Flare Blitz|p2b: Venusaur
|-supereffective|p2b: Venusaur|1
|-damage|p2b: Venusaur|45/100
|move|p2b: Venusaur|Giga Drain|p1b: Arcanine
|-damage|p1b: Arcanine|0 fnt
|-heal|p2b: Venusaur|45/100|[from] drain|[of] p1b: Arcanine
|faint|p1b: Arcanine
|move|p1a: Corviknight|Tailwind|p1a: Corviknight
|-sidestart|p1: tmjp01|move: Tailwind
|move|p2a: Swampert|Wave Crash|p1a: Corviknight
|-damage|p1a: Corviknight|45/100 brn
|-damage|p2a: Swampert|83/100|[from] Recoil
|
|-damage|p1a: Corviknight|40/100 brn|[from] brn
|upkeep
|
|t:|1782498754
|switch|p1b: Froslass|Froslass, L50, F|100/100
|turn|3
|
|t:|1782498773
|detailschange|p1b: Froslass|Froslass-Mega, L50, F
|-mega|p1b: Froslass|Froslass|Froslassite
|-weather|Snowscape|[from] ability: Snow Warning|[of] p1b: Froslass
|move|p2b: Venusaur|Protect|p2b: Venusaur
|-singleturn|p2b: Venusaur|Protect
|move|p2a: Swampert|Protect|p2a: Swampert
|-singleturn|p2a: Swampert|Protect
|move|p1b: Froslass|Blizzard|p2b: Venusaur|[spread] 
|-activate|p2a: Swampert|move: Protect
|-activate|p2b: Venusaur|move: Protect
|move|p1a: Corviknight|Brave Bird|p2b: Venusaur
|-activate|p2b: Venusaur|move: Protect
|
|-weather|Snowscape|[upkeep]
|-damage|p1a: Corviknight|34/100 brn|[from] brn
|upkeep
|turn|4
|
|t:|1782498791
|switch|p2b: Pelipper|Pelipper, L50, F|100/100
|-weather|RainDance|[from] ability: Drizzle|[of] p2b: Pelipper
|move|p1b: Froslass|Blizzard|p2b: Pelipper|[spread] p2a,p2b
|-damage|p2a: Swampert|39/100
|-damage|p2b: Pelipper|36/100
|-enditem|p2b: Pelipper|Sitrus Berry|[eat]
|-heal|p2b: Pelipper|60/100|[from] item: Sitrus Berry
|move|p1a: Corviknight|Brave Bird|p2b: Pelipper
|-damage|p2b: Pelipper|42/100
|-damage|p1a: Corviknight|29/100 brn|[from] Recoil
|move|p2a: Swampert|Wave Crash|p1a: Corviknight
|-damage|p1a: Corviknight|0 fnt
|faint|p1a: Corviknight
|-damage|p2a: Swampert|29/100|[from] Recoil
|
|-weather|RainDance|[upkeep]
|upkeep
|
|t:|1782498800
|switch|p1a: Hydreigon|Hydreigon, L50, F|100/100
|turn|5
|inactive|tmjp01 has 30 seconds left.
|inactive|tmjp01 has 20 seconds left.
|inactive|tmjp01 has 15 seconds left.
|inactive|tmjp01 has 10 seconds left.
|
|t:|1782498847
|move|p1a: Hydreigon|Dark Pulse|p2a: Swampert
|-damage|p2a: Swampert|0 fnt
|faint|p2a: Swampert
|move|p1b: Froslass|Shadow Ball|p2b: Pelipper
|-damage|p2b: Pelipper|0 fnt
|faint|p2b: Pelipper
|
|-weather|RainDance|[upkeep]
|-sideend|p1: tmjp01|move: Tailwind
|upkeep
|
|t:|1782498856
|switch|p2b: Venusaur|Venusaur-Mega, L50, M|45/100
|turn|6
|
|t:|1782498861
|move|p1a: Hydreigon|Dark Pulse|p2b: Venusaur
|-damage|p2b: Venusaur|9/100
|move|p1b: Froslass|Shadow Ball|p2b: Venusaur
|-damage|p2b: Venusaur|0 fnt
|faint|p2b: Venusaur
|
|win|tmjp01
|raw|tmjp01's rating: 1237 → 1263(+26 for winning)
|raw|perhaps perish?'s rating: 1250 → 1224(-26 for losing)
|l|☆perhaps perish?
|player|p2|
