|j|☆PaniniWeenie
|j|☆Rodrigo21amz
|html|PaniniWeenieRodrigo21amz    
|uhtml|bestof|Game 3 of a best-of-3
|t:|1756994815
|gametype|doubles
|player|p1|PaniniWeenie|pokemaniac|1414
|player|p2|Rodrigo21amz|volkner|1256
|gen|9
|tier|[Gen 9] VGC 2025 Reg H (Bo3)
|rated|
|rule|Species Clause: Limit one of each Pokémon
|rule|Item Clause: Limit 1 of each item
|clearpoke
|poke|p1|Sneasler, L50, M|
|poke|p1|Volcarona, L50, M|
|poke|p1|Dragonite, L50, F|
|poke|p1|Rillaboom, L50, M|
|poke|p1|Electabuzz, L50, F|
|poke|p1|Kingambit, L50, M|
|poke|p2|Ursaluna-Bloodmoon, L50, M|
|poke|p2|Electabuzz, L50, F|
|poke|p2|Sneasler, L50, M|
|poke|p2|Dragonite, L50, M|
|poke|p2|Rillaboom, L50, F|
|poke|p2|Volcarona, L50, F|
|teampreview|4
|showteam|p1|Sneasler||FocusSash|PoisonTouch|DireClaw,CloseCombat,FakeOut,Coaching|||M|||50|,,,,,Stellar]Volcarona||Leftovers|FlameBody|HeatWave,QuiverDance,Protect,TeraBlast|||M|||50|,,,,,Fairy]Dragonite||LoadedDice|Multiscale|ScaleShot,ExtremeSpeed,Haze,Protect|||F|||50|,,,,,Steel]Rillaboom||AssaultVest|GrassySurge|WoodHammer,GrassyGlide,HighHorsepower,FakeOut|||M|||50|,,,,,Fire]Electabuzz||Eviolite|VitalSpirit|FollowMe,Thunderbolt,Taunt,Protect|||F|||50|,,,,,Ghost]Kingambit||BlackGlasses|Defiant|KowtowCleave,SuckerPunch,SwordsDance,Protect|||M|||50|,,,,,Dark
|showteam|p2|Ursaluna-Bloodmoon||LifeOrb|MindsEye|BloodMoon,HyperVoice,EarthPower,Protect|||M|||50|,,,,,Normal]Electabuzz||Eviolite|VitalSpirit|FollowMe,Electroweb,Taunt,Protect|||F|||50|,,,,,Fairy]Sneasler||FocusSash|PoisonTouch|FakeOut,DireClaw,CloseCombat,Protect|||M|||50|,,,,,Stellar]Dragonite||LoadedDice|Multiscale|Haze,ScaleShot,Protect,ExtremeSpeed|||M|||50|,,,,,Steel]Rillaboom||AssaultVest|GrassySurge|WoodHammer,FakeOut,GrassyGlide,HighHorsepower|||F|||50|,,,,,Fire]Volcarona||Leftovers|FlameBody|QuiverDance,Protect,TeraBlast,HeatWave|||F|||50|,,,,,Fairy
|
|t:|1756994833
|teamsize|p1|4
|teamsize|p2|4
|start
|switch|p1a: Sneasler|Sneasler, L50, M|100/100
|switch|p1b: Volcarona|Volcarona, L50, M|100/100
|switch|p2a: Ursaluna|Ursaluna-Bloodmoon, L50, M|100/100
|switch|p2b: Electabuzz|Electabuzz, L50, F|100/100
|turn|1
|inactive|Battle timer is ON: inactive players will automatically lose when time's up. (requested by PaniniWeenie)
|
|t:|1756994850
|-terastallize|p2a: Ursaluna|Normal
|move|p1a: Sneasler|Fake Out|p2b: Electabuzz
|-damage|p2b: Electabuzz|86/100
|cant|p2b: Electabuzz|flinch
|move|p1b: Volcarona|Quiver Dance|p1b: Volcarona
|-boost|p1b: Volcarona|spa|1
|-boost|p1b: Volcarona|spd|1
|-boost|p1b: Volcarona|spe|1
|move|p2a: Ursaluna|Blood Moon|p1b: Volcarona
|-damage|p1b: Volcarona|12/100
|-damage|p2a: Ursaluna|91/100|[from] item: Life Orb
|
|-heal|p1b: Volcarona|18/100|[from] item: Leftovers
|upkeep
|turn|2
|
|t:|1756994872
|move|p1b: Volcarona|Protect|p1b: Volcarona
|-singleturn|p1b: Volcarona|Protect
|move|p2a: Ursaluna|Protect|p2a: Ursaluna
|-singleturn|p2a: Ursaluna|Protect
|move|p1a: Sneasler|Close Combat|p2b: Electabuzz
|-damage|p2b: Electabuzz|27/100
|-unboost|p1a: Sneasler|def|1
|-unboost|p1a: Sneasler|spd|1
|move|p2b: Electabuzz|Electroweb|p1a: Sneasler|[spread] p1a
|-activate|p1b: Volcarona|move: Protect
|-damage|p1a: Sneasler|70/100
|-unboost|p1a: Sneasler|spe|1
|
|-heal|p1b: Volcarona|24/100|[from] item: Leftovers
|upkeep
|turn|3
|inactive|Rodrigo21amz has 30 seconds left.
|inactive|Rodrigo21amz has 20 seconds left.
|inactive|Rodrigo21amz has 15 seconds left.
|
|t:|1756994916
|switch|p2a: Volcarona|Volcarona, L50, F|100/100
|move|p1b: Volcarona|Heat Wave|p2a: Volcarona|[spread] p2b
|-miss|p1b: Volcarona|p2a: Volcarona
|-damage|p2b: Electabuzz|0 fnt
|faint|p2b: Electabuzz
|move|p1a: Sneasler|Close Combat|p2a: Volcarona
|-resisted|p2a: Volcarona
|-damage|p2a: Volcarona|66/100
|-unboost|p1a: Sneasler|def|1
|-unboost|p1a: Sneasler|spd|1
|
|-heal|p1b: Volcarona|31/100|[from] item: Leftovers
|-heal|p2a: Volcarona|73/100|[from] item: Leftovers
|upkeep
|
|t:|1756994931
|switch|p2b: Sneasler|Sneasler, L50, M|100/100
|turn|4
|
|t:|1756994946
|move|p2b: Sneasler|Fake Out|p1b: Volcarona
|-damage|p1b: Volcarona|15/100
|-status|p2b: Sneasler|brn|[from] ability: Flame Body|[of] p1b: Volcarona
|cant|p1b: Volcarona|flinch
|move|p2a: Volcarona|Heat Wave|p1b: Volcarona|[spread] p1a,p1b
|-damage|p1a: Sneasler|0 fnt
|-damage|p1b: Volcarona|0 fnt
|faint|p1a: Sneasler
|faint|p1b: Volcarona
|
|-heal|p2a: Volcarona|79/100|[from] item: Leftovers
|-damage|p2b: Sneasler|95/100 brn|[from] brn
|upkeep
|
|t:|1756994954
|switch|p1a: Electabuzz|Electabuzz, L50, F|100/100
|switch|p1b: Dragonite|Dragonite, L50, F|100/100
|turn|5
|inactive|Rodrigo21amz has 30 seconds left.
|inactive|Rodrigo21amz has 20 seconds left.
|
|t:|1756994991
|move|p2b: Sneasler|Protect|p2b: Sneasler
|-singleturn|p2b: Sneasler|Protect
|move|p1a: Electabuzz|Follow Me|p1a: Electabuzz
|-singleturn|p1a: Electabuzz|move: Follow Me
|move|p2a: Volcarona|Quiver Dance|p2a: Volcarona
|-boost|p2a: Volcarona|spa|1
|-boost|p2a: Volcarona|spd|1
|-boost|p2a: Volcarona|spe|1
|move|p1b: Dragonite|Scale Shot|p2a: Volcarona|[miss]
|-miss|p1b: Dragonite|p2a: Volcarona
|
|-heal|p2a: Volcarona|85/100|[from] item: Leftovers
|-damage|p2b: Sneasler|89/100 brn|[from] brn
|upkeep
|turn|6
|
|t:|1756995009
|move|p1a: Electabuzz|Follow Me|p1a: Electabuzz
|-singleturn|p1a: Electabuzz|move: Follow Me
|move|p2a: Volcarona|Heat Wave|p1b: Dragonite|[spread] p1a,p1b
|-resisted|p1b: Dragonite
|-damage|p1a: Electabuzz|60/100
|-damage|p1b: Dragonite|86/100
|move|p2b: Sneasler|Dire Claw|p1a: Electabuzz
|-damage|p1a: Electabuzz|45/100
|-status|p1a: Electabuzz|psn
|move|p1b: Dragonite|Scale Shot|p2a: Volcarona
|-damage|p2a: Volcarona|68/100
|-damage|p2a: Volcarona|50/100
|-damage|p2a: Volcarona|31/100
|-damage|p2a: Volcarona|14/100
|-damage|p2a: Volcarona|0 fnt
|faint|p2a: Volcarona
|-hitcount|p2: Volcarona|5
|-unboost|p1b: Dragonite|def|1
|-boost|p1b: Dragonite|spe|1
|
|-damage|p1a: Electabuzz|33/100 psn|[from] psn
|-damage|p2b: Sneasler|83/100 brn|[from] brn
|upkeep
|
|t:|1756995022
|switch|p2a: Ursaluna|Ursaluna-Bloodmoon, L50, M, tera:Normal|91/100
|turn|7
|
|t:|1756995046
|move|p2b: Sneasler|Protect|p2b: Sneasler
|-singleturn|p2b: Sneasler|Protect
|move|p2a: Ursaluna|Protect|p2a: Ursaluna
|-singleturn|p2a: Ursaluna|Protect
|move|p1a: Electabuzz|Follow Me|p1a: Electabuzz
|-singleturn|p1a: Electabuzz|move: Follow Me
|move|p1b: Dragonite|Scale Shot|p2a: Ursaluna
|-activate|p2a: Ursaluna|move: Protect
|
|-damage|p1a: Electabuzz|21/100 psn|[from] psn
|-damage|p2b: Sneasler|77/100 brn|[from] brn
|upkeep
|turn|8
|inactive|Rodrigo21amz has 30 seconds left.
|inactive|PaniniWeenie has 30 seconds left.
|
|t:|1756995077
|-terastallize|p1a: Electabuzz|Ghost
|move|p1b: Dragonite|Scale Shot|p2a: Ursaluna
|-damage|p2a: Ursaluna|80/100
|-damage|p2a: Ursaluna|67/100
|-damage|p2a: Ursaluna|54/100
|-damage|p2a: Ursaluna|43/100
|-hitcount|p2a: Ursaluna|4
|-unboost|p1b: Dragonite|def|1
|-boost|p1b: Dragonite|spe|1
|move|p2b: Sneasler|Close Combat|p1a: Electabuzz
|-immune|p1a: Electabuzz
|move|p1a: Electabuzz|Thunderbolt|p2a: Ursaluna
|-damage|p2a: Ursaluna|7/100
|move|p2a: Ursaluna|Hyper Voice|p1a: Electabuzz|[spread] p1a,p1b
|-damage|p1a: Electabuzz|0 fnt
|-damage|p1b: Dragonite|12/100
|faint|p1a: Electabuzz
|-damage|p2a: Ursaluna|0 fnt|[from] item: Life Orb
|faint|p2a: Ursaluna
|
|-damage|p2b: Sneasler|72/100 brn|[from] brn
|upkeep
|turn|9
|inactive|Rodrigo21amz has 30 seconds left.
|
|t:|1756995111
|move|p1b: Dragonite|Scale Shot|p2b: Sneasler
|-damage|p2b: Sneasler|48/100 brn
|-damage|p2b: Sneasler|24/100 brn
|-damage|p2b: Sneasler|1/100 brn
|-damage|p2b: Sneasler|0 fnt
|faint|p2b: Sneasler
|-hitcount|p2: Sneasler|4
|
|win|PaniniWeenie
|raw|PaniniWeenie's rating: 1414 → 1425(+11 for winning)
|raw|Rodrigo21amz's rating: 1256 → 1242(-14 for losing)
|l|☆Rodrigo21amz
|player|p2|
