|j|☆Inteligent8pro
|j|☆Suedanim
|html|Inteligent8proSuedanim    
|uhtml|bestof|Game 2 of a best-of-3
|t:|1786146333
|gametype|doubles
|player|p1|Inteligent8pro|elesa|1138
|player|p2|Suedanim|unknown|1117
|gen|9
|tier|[Gen 9 Champions] VGC 2026 Reg M-B (Bo3)
|rated|
|rule|Species Clause: Limit one of each Pokémon
|rule|Item Clause: Limit 1 of each item
|clearpoke
|poke|p1|Blaziken, L50, M|
|poke|p1|Venusaur, L50, F|
|poke|p1|Kingambit, L50, F|
|poke|p1|Ninetales-Alola, L50, F|
|poke|p1|Lycanroc-Dusk, L50, F|
|poke|p1|Basculegion, L50, M|
|poke|p2|Crabominable, L50, F|
|poke|p2|Ninetales-Alola, L50, M|
|poke|p2|Farigiraf, L50, M|
|poke|p2|Volcarona, L50, M|
|poke|p2|Toxapex, L50, M|
|poke|p2|Raichu, L50, M|
|teampreview|4
|showteam|p1|Blaziken||Blazikenite|SpeedBoost|FlareBlitz,CloseCombat,RockSlide,Detect|Adamant||M|||50|]Venusaur||Venusaurite|Chlorophyll|GigaDrain,SludgeBomb,EarthPower,Protect|Modest||F|||50|]Kingambit||LifeOrb|Defiant|KowtowCleave,SuckerPunch,IronHead,Protect|Adamant||F|||50|]Ninetales-Alola||NeverMeltIce|SnowWarning|Blizzard,FreezeDry,Encore,Protect|Timid||F|||50|]Lycanroc-Dusk||FocusSash|ToughClaws|RockSlide,Accelerock,CloseCombat,Protect|Adamant||F|||50|]Basculegion||ChoiceScarf|Adaptability|LastRespects,WaveCrash,AquaJet,FlipTurn|Jolly||M|||50|
|showteam|p2|Crabominable||Crabominite|HyperCutter|BulkUp,DrainPunch,IceHammer,Protect|Careful||F|||50|]Ninetales-Alola||LightClay|SnowWarning|AuroraVeil,Blizzard,Moonblast,Protect|Timid||M|||50|]Farigiraf||SitrusBerry|ArmorTail|TrickRoom,HelpingHand,Protect,Psychic|Sassy||M|||50|]Volcarona||ChartiBerry|FlameBody|StruggleBug,QuiverDance,HeatWave,Protect|Bold||M|||50|]Toxapex||Leftovers|Regenerator|Toxic,Infestation,BanefulBunker,WideGuard|Calm||M|||50|]Raichu||FocusSash|LightningRod|FakeOut,EerieImpulse,VoltSwitch,Nuzzle|Jolly||M|||50|
|inactive|Battle timer is ON: inactive players will automatically lose when time's up. (requested by Inteligent8pro)
|inactive|Inteligent8pro has 60 seconds left.
|
|t:|1786146389
|teamsize|p1|4
|teamsize|p2|4
|start
|switch|p1a: Basculegion|Basculegion, L50, M|100/100
|switch|p1b: Blaziken|Blaziken, L50, M|100/100
|switch|p2a: Ninetales|Ninetales-Alola, L50, M|100/100
|switch|p2b: Volcarona|Volcarona, L50, M|100/100
|-weather|Snowscape|[from] ability: Snow Warning|[of] p2a: Ninetales
|turn|1
|
|t:|1786146414
|move|p2b: Volcarona|Protect|p2b: Volcarona
|-singleturn|p2b: Volcarona|Protect
|move|p1a: Basculegion|Flip Turn|p2b: Volcarona
|-activate|p2b: Volcarona|move: Protect
|move|p2a: Ninetales|Aurora Veil|p2a: Ninetales
|-sidestart|p2: Suedanim|move: Aurora Veil
|move|p1b: Blaziken|Rock Slide|p2b: Volcarona|[spread] p2a
|-activate|p2b: Volcarona|move: Protect
|-supereffective|p2a: Ninetales|1
|-damage|p2a: Ninetales|73/100
|
|-weather|Snowscape|[upkeep]
|-ability|p1b: Blaziken|Speed Boost|boost
|-boost|p1b: Blaziken|spe|1
|upkeep
|turn|2
|
|t:|1786146437
|switch|p2b: Farigiraf|Farigiraf, L50, M|100/100
|move|p1b: Blaziken|Detect|p1b: Blaziken
|-singleturn|p1b: Blaziken|Protect
|move|p1a: Basculegion|Flip Turn|p2b: Farigiraf
|-damage|p2b: Farigiraf|74/100
|
|t:|1786146444
|switch|p1a: Kingambit|Kingambit, L50, F|100/100|[from] Flip Turn
|move|p2a: Ninetales|Blizzard|p1b: Blaziken|[spread] p1a
|-activate|p1b: Blaziken|move: Protect
|-resisted|p1a: Kingambit|1
|-damage|p1a: Kingambit|85/100
|
|-weather|Snowscape|[upkeep]
|-ability|p1b: Blaziken|Speed Boost|boost
|-boost|p1b: Blaziken|spe|1
|upkeep
|turn|3
|inactive|Inteligent8pro has 30 seconds left.
|
|t:|1786146470
|move|p1b: Blaziken|Flare Blitz|p2a: Ninetales
|-supereffective|p2a: Ninetales|1
|-damage|p2a: Ninetales|0 fnt
|faint|p2a: Ninetales
|-damage|p1b: Blaziken|77/100|[from] Recoil
|move|p1a: Kingambit|Kowtow Cleave|p2b: Farigiraf
|-supereffective|p2b: Farigiraf|1
|-damage|p2b: Farigiraf|0 fnt
|faint|p2b: Farigiraf
|-damage|p1a: Kingambit|76/100|[from] item: Life Orb
|
|-weather|Snowscape|[upkeep]
|-ability|p1b: Blaziken|Speed Boost|boost
|-boost|p1b: Blaziken|spe|1
|upkeep
|
|t:|1786146479
|switch|p2a: Crabominable|Crabominable, L50, F|100/100
|switch|p2b: Volcarona|Volcarona, L50, M|100/100
|turn|4
|inactive|Inteligent8pro has 30 seconds left.
|
|t:|1786146507
|switch|p1a: Basculegion|Basculegion, L50, M|100/100
|detailschange|p2a: Crabominable|Crabominable-Mega, L50, F
|-mega|p2a: Crabominable|Crabominable|Crabominite
|move|p2b: Volcarona|Protect|p2b: Volcarona
|-singleturn|p2b: Volcarona|Protect
|move|p1b: Blaziken|Rock Slide|p2b: Volcarona|[spread] 
|-activate|p2b: Volcarona|move: Protect
|-miss|p1b: Blaziken|p2a: Crabominable
|move|p2a: Crabominable|Drain Punch|p1b: Blaziken
|-damage|p1b: Blaziken|26/100
|
|-weather|Snowscape|[upkeep]
|-ability|p1b: Blaziken|Speed Boost|boost
|-boost|p1b: Blaziken|spe|1
|upkeep
|turn|5
|inactive|Inteligent8pro has 30 seconds left.
|inactive|Suedanim has 30 seconds left.
|
|t:|1786146541
|move|p1b: Blaziken|Flare Blitz|p2a: Crabominable
|-supereffective|p2a: Crabominable|1
|-damage|p2a: Crabominable|58/100
|-damage|p1b: Blaziken|8/100|[from] Recoil
|move|p1a: Basculegion|Wave Crash|p2b: Volcarona
|-supereffective|p2b: Volcarona|1
|-damage|p2b: Volcarona|0 fnt
|faint|p2b: Volcarona
|-damage|p1a: Basculegion|72/100|[from] Recoil
|move|p2a: Crabominable|Bulk Up|p2a: Crabominable
|-boost|p2a: Crabominable|atk|1
|-boost|p2a: Crabominable|def|1
|
|-weather|none
|-ability|p1b: Blaziken|Speed Boost|boost
|-boost|p1b: Blaziken|spe|1
|upkeep
|turn|6
|
|t:|1786146563
|move|p1b: Blaziken|Close Combat|p2a: Crabominable
|-supereffective|p2a: Crabominable|1
|-damage|p2a: Crabominable|21/100
|-unboost|p1b: Blaziken|def|1
|-unboost|p1b: Blaziken|spd|1
|move|p1a: Basculegion|Wave Crash|p2a: Crabominable
|-damage|p2a: Crabominable|0 fnt
|faint|p2a: Crabominable
|-damage|p1a: Basculegion|65/100|[from] Recoil
|
|win|Inteligent8pro
|raw|Inteligent8pro's rating: 1138 → 1161(+23 for winning)
|raw|Suedanim's rating: 1117 → 1094(-23 for losing)
