|j|☆AquaShymon
|j|☆TheKuchai
|html|AquaShymonTheKuchai    
|uhtml|bestof|Game 1 of a best-of-3
|t:|1786201027
|gametype|doubles
|player|p1|AquaShymon|dawn|1005
|player|p2|TheKuchai|viola-masters|1047
|gen|9
|tier|[Gen 9 Champions] VGC 2026 Reg M-B (Bo3)
|rated|
|rule|Species Clause: Limit one of each Pokémon
|rule|Item Clause: Limit 1 of each item
|clearpoke
|poke|p1|Scrafty, L50, F|
|poke|p1|Mawile, L50, F|
|poke|p1|Farigiraf, L50, F|
|poke|p1|Torkoal, L50, M|
|poke|p1|Sylveon, L50, F|
|poke|p1|Venusaur, L50, F|
|poke|p2|Froslass, L50, F, shiny|
|poke|p2|Sneasler, L50, F|
|poke|p2|Basculegion, L50, M, shiny|
|poke|p2|Dragonite, L50, F, shiny|
|poke|p2|Kingambit, L50, F, shiny|
|poke|p2|Incineroar, L50, M|
|teampreview|4
|showteam|p1|Scrafty||Scraftinite|Intimidate|DrainPunch,KnockOff,FakeOut,Detect|Adamant||F|||50|]Mawile||Mawilite|HyperCutter|IronHead,PlayRough,SuckerPunch,SwordsDance|Brave||F|||50|]Farigiraf||ColburBerry|ArmorTail|Psychic,HelpingHand,TrickRoom,Protect|Bold||F|||50|]Torkoal||Charcoal|Drought|Eruption,WeatherBall,EarthPower,Protect|Modest||M|||50|]Sylveon||FairyFeather|Pixilate|HyperVoice,HyperBeam,QuickAttack,Detect|Modest||F|||50|]Venusaur||LifeOrb|Chlorophyll|SludgeBomb,EarthPower,SleepPowder,Protect|Modest||F|||50|
|showteam|p2|Froslass||Froslassite|CursedBody|Blizzard,ShadowBall,AuroraVeil,Protect|Modest||F|||50|]Sneasler||FocusSash|Unburden|FakeOut,CloseCombat,DireClaw,Feint|Jolly||F|||50|]Basculegion||MysticWater|Adaptability|WaveCrash,AquaJet,LastRespects,Protect|Adamant||M|||50|]Dragonite||Dragoninite|Multiscale|DragonPulse,HeatWave,Tailwind,Protect|Modest||F|||50|]Kingambit||ChopleBerry|Defiant|KowtowCleave,SuckerPunch,IronHead,LowKick|Adamant||F|||50|]Incineroar||SitrusBerry|Intimidate|FakeOut,FlareBlitz,ThroatChop,PartingShot|Adamant||M|||50|
|inactive|Battle timer is ON: inactive players will automatically lose when time's up. (requested by AquaShymon)
|inactive|AquaShymon has 60 seconds left.
|
|t:|1786201065
|teamsize|p1|4
|teamsize|p2|4
|start
|switch|p1a: Scrafty|Scrafty, L50, F|100/100
|switch|p1b: Farigiraf|Farigiraf, L50, F|100/100
|switch|p2a: Frozen(2013 film)|Froslass, L50, F, shiny|100/100
|switch|p2b: It Says Sucker|Kingambit, L50, F, shiny|100/100
|-ability|p1a: Scrafty|Intimidate|boost
|-unboost|p2a: Frozen(2013 film)|atk|1
|-unboost|p2b: It Says Sucker|atk|1
|-ability|p2b: It Says Sucker|Defiant|boost
|-boost|p2b: It Says Sucker|atk|2
|turn|1
|inactive|TheKuchai has 30 seconds left.
|inactive|AquaShymon has 30 seconds left.
|inactive|TheKuchai has 20 seconds left.
|inactive|TheKuchai has 15 seconds left.
|
|t:|1786201105
|detailschange|p2a: Frozen(2013 film)|Froslass-Mega, L50, F, shiny
|-mega|p2a: Frozen(2013 film)|Froslass|Froslassite
|-weather|Snowscape|[from] ability: Snow Warning|[of] p2a: Frozen(2013 film)
|move|p1a: Scrafty|Fake Out|p2b: It Says Sucker
|-resisted|p2b: It Says Sucker|1
|-damage|p2b: It Says Sucker|95/100
|move|p2a: Frozen(2013 film)|Aurora Veil|p2a: Frozen(2013 film)
|-sidestart|p2: TheKuchai|move: Aurora Veil
|cant|p2b: It Says Sucker|flinch
|move|p1b: Farigiraf|Trick Room|p1b: Farigiraf
|-fieldstart|move: Trick Room|[of] p1b: Farigiraf
|
|-weather|Snowscape|[upkeep]
|upkeep
|turn|2
|inactive|AquaShymon has 30 seconds left.
|inactive|TheKuchai has 30 seconds left.
|inactive|TheKuchai has 20 seconds left.
|inactive|TheKuchai has 15 seconds left.
|
|t:|1786201148
|switch|p2b: Heather|Sneasler, L50, F|100/100
|move|p1a: Scrafty|Drain Punch|p2b: Heather
|-resisted|p2b: Heather|1
|-damage|p2b: Heather|82/100
|move|p1b: Farigiraf|Psychic|p2a: Frozen(2013 film)
|-damage|p2a: Frozen(2013 film)|74/100
|move|p2a: Frozen(2013 film)|Blizzard|p1b: Farigiraf|[spread] p1a,p1b
|-damage|p1a: Scrafty|54/100
|-damage|p1b: Farigiraf|61/100
|
|-weather|Snowscape|[upkeep]
|upkeep
|turn|3
|inactive|TheKuchai has 30 seconds left.
|
|t:|1786201181
|switch|p2b: Vee Jay Sea Cat|Incineroar, L50, M|100/100
|-ability|p2b: Vee Jay Sea Cat|Intimidate|boost
|-unboost|p1a: Scrafty|atk|1
|-unboost|p1b: Farigiraf|atk|1
|move|p1a: Scrafty|Knock Off|p2a: Frozen(2013 film)
|-supereffective|p2a: Frozen(2013 film)|1
|-damage|p2a: Frozen(2013 film)|50/100g
|move|p1b: Farigiraf|Psychic|p2b: Vee Jay Sea Cat
|-immune|p2b: Vee Jay Sea Cat
|move|p2a: Frozen(2013 film)|Blizzard|p1b: Farigiraf|[spread] p1a,p1b
|-crit|p1b: Farigiraf
|-damage|p1a: Scrafty|15/100
|-damage|p1b: Farigiraf|0 fnt
|faint|p1b: Farigiraf
|
|-weather|Snowscape|[upkeep]
|upkeep
|
|t:|1786201197
|switch|p1b: Torkoal|Torkoal, L50, M|100/100
|-weather|SunnyDay|[from] ability: Drought|[of] p1b: Torkoal
|turn|4
|
|t:|1786201219
|switch|p2a: Heather|Sneasler, L50, F|82/100
|move|p1b: Torkoal|Protect|p1b: Torkoal
|-singleturn|p1b: Torkoal|Protect
|move|p2b: Vee Jay Sea Cat|Fake Out|p1b: Torkoal
|-activate|p1b: Torkoal|move: Protect
|move|p1a: Scrafty|Drain Punch|p2b: Vee Jay Sea Cat
|-supereffective|p2b: Vee Jay Sea Cat|1
|-damage|p2b: Vee Jay Sea Cat|73/100
|-heal|p1a: Scrafty|31/100|[from] drain|[of] p2b: Vee Jay Sea Cat
|
|-weather|SunnyDay|[upkeep]
|upkeep
|turn|5
|inactive|TheKuchai has 30 seconds left.
|
|t:|1786201255
|switch|p1a: Mawile|Mawile, L50, F|100/100
|move|p1b: Torkoal|Weather Ball|p2a: Heather
|-damage|p2a: Heather|12/100
|move|p2b: Vee Jay Sea Cat|Flare Blitz|p1a: Mawile
|-supereffective|p1a: Mawile|1
|-damage|p1a: Mawile|0 fnt
|faint|p1a: Mawile
|-damage|p2b: Vee Jay Sea Cat|48/100|[from] Recoil
|-enditem|p2b: Vee Jay Sea Cat|Sitrus Berry|[eat]
|-heal|p2b: Vee Jay Sea Cat|72/100|[from] item: Sitrus Berry
|move|p2a: Heather|Close Combat|p1b: Torkoal
|-damage|p1b: Torkoal|55/100
|-unboost|p2a: Heather|def|1
|-unboost|p2a: Heather|spd|1
|
|-weather|SunnyDay|[upkeep]
|-sideend|p2: TheKuchai|move: Aurora Veil
|-fieldend|move: Trick Room
|upkeep
|
|t:|1786201272
|switch|p1a: Scrafty|Scrafty, L50, F|31/100
|-ability|p1a: Scrafty|Intimidate|boost
|-unboost|p2a: Heather|atk|1
|-unboost|p2b: Vee Jay Sea Cat|atk|1
|turn|6
|
|t:|1786201299
|detailschange|p1a: Scrafty|Scrafty-Mega, L50, F
|-mega|p1a: Scrafty|Scrafty|Scraftinite
|-ability|p1a: Scrafty|Intimidate|boost
|-unboost|p2a: Heather|atk|1
|-unboost|p2b: Vee Jay Sea Cat|atk|1
|move|p2a: Heather|Close Combat|p1a: Scrafty
|-supereffective|p1a: Scrafty|1
|-damage|p1a: Scrafty|0 fnt
|-unboost|p2a: Heather|def|1
|-unboost|p2a: Heather|spd|1
|faint|p1a: Scrafty
|move|p2b: Vee Jay Sea Cat|Throat Chop|p1b: Torkoal
|-damage|p1b: Torkoal|42/100
|-start|p1b: Torkoal|Throat Chop|[silent]
|move|p1b: Torkoal|Earth Power|p2b: Vee Jay Sea Cat
|-supereffective|p2b: Vee Jay Sea Cat|1
|-damage|p2b: Vee Jay Sea Cat|29/100
|
|-weather|SunnyDay|[upkeep]
|upkeep
|turn|7
|
|t:|1786201313
|move|p2a: Heather|Dire Claw|p1b: Torkoal
|-damage|p1b: Torkoal|26/100
|move|p2b: Vee Jay Sea Cat|Parting Shot|p1b: Torkoal
|-unboost|p1b: Torkoal|atk|1
|-unboost|p1b: Torkoal|spa|1
|
|t:|1786201322
|switch|p2b: Frozen(2013 film)|Froslass-Mega, L50, F, shiny|50/100g|[from] Parting Shot
|-weather|Snowscape|[from] ability: Snow Warning|[of] p2b: Frozen(2013 film)
|move|p1b: Torkoal|Eruption|p2b: Frozen(2013 film)|[spread] p2a,p2b
|-supereffective|p2b: Frozen(2013 film)|1
|-damage|p2a: Heather|0 fnt
|-damage|p2b: Frozen(2013 film)|28/100
|faint|p2a: Heather
|
|-weather|Snowscape|[upkeep]
|-end|p1b: Torkoal|Throat Chop|[silent]
|upkeep
|
|t:|1786201339
|switch|p2a: Vee Jay Sea Cat|Incineroar, L50, M|29/100
|-ability|p2a: Vee Jay Sea Cat|Intimidate|boost
|-unboost|p1b: Torkoal|atk|1
|turn|8
|
|t:|1786201344
|move|p1b: Torkoal|Protect|p1b: Torkoal
|-singleturn|p1b: Torkoal|Protect
|move|p2a: Vee Jay Sea Cat|Fake Out|p1b: Torkoal
|-activate|p1b: Torkoal|move: Protect
|move|p2b: Frozen(2013 film)|Shadow Ball|p1b: Torkoal
|-activate|p1b: Torkoal|move: Protect
|
|-weather|Snowscape|[upkeep]
|upkeep
|turn|9
|
|t:|1786201352
|move|p2b: Frozen(2013 film)|Shadow Ball|p1b: Torkoal
|-damage|p1b: Torkoal|0 fnt
|faint|p1b: Torkoal
|
|win|TheKuchai
|c|☆TheKuchai|ggs
