|j|☆Angelowos
|j|☆zeedra
|html|Angelowoszeedra    
|uhtml|bestof|Game 3 of a best-of-3
|t:|1782704920
|gametype|doubles
|player|p1|Angelowos|102|
|player|p2|zeedra|chili|
|gen|9
|tier|[Gen 9 Champions] VGC 2026 Reg M-B (Bo3)
|rule|Species Clause: Limit one of each Pokémon
|rule|Item Clause: Limit 1 of each item
|clearpoke
|poke|p1|Swampert, L50, M|
|poke|p1|Floette-Eternal, L50, F|
|poke|p1|Grimmsnarl, L50, M|
|poke|p1|Pelipper, L50, F|
|poke|p1|Archaludon, L50, F|
|poke|p1|Sinistcha, L50|
|poke|p2|Whimsicott, L50, F|
|poke|p2|Floette-Eternal, L50, F|
|poke|p2|Rotom-Wash, L50|
|poke|p2|Basculegion, L50, M|
|poke|p2|Sneasler, L50, F|
|poke|p2|Weavile, L50, M|
|teampreview|4
|showteam|p1|Swampert||Swampertite|Damp|WaveCrash,Earthquake,IcePunch,Protect|Adamant||M|||50|]Floette-Eternal||Floettite|FlowerVeil|Moonblast,DazzlingGleam,CalmMind,Protect|Modest||F|||50|]Grimmsnarl||RoseliBerry|Prankster|FoulPlay,PartingShot,Reflect,LightScreen|Careful||M|||50|]Pelipper||SitrusBerry|Drizzle|Hurricane,WeatherBall,Tailwind,WideGuard|Modest||F|||50|]Archaludon||Leftovers|Stamina|ElectroShot,DragonPulse,FlashCannon,Protect|Modest||F|||50|]Sinistcha||CobaBerry|Hospitality|MatchaGotcha,RagePowder,LifeDew,Protect|Relaxed|||||50|
|showteam|p2|Whimsicott||MentalHerb|Prankster|Tailwind,DazzlingGleam,Encore,Taunt|Bold||F|||50|]Floette-Eternal||Floettite|FlowerVeil|DazzlingGleam,Psychic,Protect,CalmMind|Timid||F|||50|]Rotom-Wash||Leftovers|Levitate|HydroPump,Thunderbolt,VoltSwitch,WillOWisp|Timid|||||50|]Basculegion||ChoiceScarf|Adaptability|AquaJet,LastRespects,WaveCrash,FlipTurn|Jolly||M|||50|]Sneasler||WhiteHerb|PoisonTouch|CloseCombat,DireClaw,ShadowClaw,FakeOut|Jolly||F|||50|]Weavile||FocusSash|Pickpocket|FakeOut,LowKick,KnockOff,TripleAxel|Jolly||M|||50|
|
|t:|1782705070
|teamsize|p1|4
|teamsize|p2|4
|start
|switch|p1a: Swampert|Swampert, L50, M|100/100
|switch|p1b: Archaludon|Archaludon, L50, F|100/100
|switch|p2a: Floette|Floette-Eternal, L50, F|100/100
|switch|p2b: Sneasler|Sneasler, L50, F|100/100
|turn|1
|
|t:|1782705188
|switch|p1a: Pelipper|Pelipper, L50, F|100/100
|-weather|RainDance|[from] ability: Drizzle|[of] p1a: Pelipper
|detailschange|p2a: Floette|Floette-Mega, L50, F
|-mega|p2a: Floette|Floette|Floettite
|-ability|p2a: Floette|Fairy Aura
|move|p2b: Sneasler|Fake Out|p1a: Pelipper
|-damage|p1a: Pelipper|84/100
|move|p2a: Floette|Calm Mind|p2a: Floette
|-boost|p2a: Floette|spa|1
|-boost|p2a: Floette|spd|1
|move|p1b: Archaludon|Electro Shot||[still]
|-prepare|p1b: Archaludon|Electro Shot
|-boost|p1b: Archaludon|spa|1
|-anim|p1b: Archaludon|Electro Shot|p2a: Floette
|-damage|p2a: Floette|67/100
|
|-weather|RainDance|[upkeep]
|upkeep
|turn|2
|
|t:|1782705328
|switch|p1a: Swampert|Swampert, L50, M|100/100
|move|p1b: Archaludon|Protect|p1b: Archaludon
|-singleturn|p1b: Archaludon|Protect
|move|p2b: Sneasler|Dire Claw|p1a: Swampert
|-resisted|p1a: Swampert|1
|-damage|p1a: Swampert|80/100
|-status|p1a: Swampert|psn|[from] ability: Poison Touch|[of] p2b: Sneasler
|move|p2a: Floette|Dazzling Gleam|p1b: Archaludon|[spread] p1a
|-activate|p1b: Archaludon|move: Protect
|-damage|p1a: Swampert|4/100 psn
|
|-weather|RainDance|[upkeep]
|-damage|p1a: Swampert|0 fnt|[from] psn
|faint|p1a: Swampert
|upkeep
|
|t:|1782705466
|switch|p1a: Pelipper|Pelipper, L50, F|84/100
|turn|3
|
|t:|1782705546
|switch|p1b: Grimmsnarl|Grimmsnarl, L50, M|100/100
|move|p2a: Floette|Protect|p2a: Floette
|-singleturn|p2a: Floette|Protect
|move|p2b: Sneasler|Dire Claw|p1a: Pelipper
|-damage|p1a: Pelipper|41/100
|-enditem|p1a: Pelipper|Sitrus Berry|[eat]
|-heal|p1a: Pelipper|65/100|[from] item: Sitrus Berry
|move|p1a: Pelipper|Hurricane|p2b: Sneasler
|-supereffective|p2b: Sneasler|1
|-damage|p2b: Sneasler|0 fnt
|faint|p2b: Sneasler
|
|-weather|RainDance|[upkeep]
|upkeep
|
|t:|1782705560
|switch|p2b: Whimsicott|Whimsicott, L50, F|100/100
|turn|4
|
|t:|1782705591
|move|p1a: Pelipper|Wide Guard|p1a: Pelipper
|-singleturn|p1a: Pelipper|Wide Guard
|move|p2b: Whimsicott|Tailwind|p2b: Whimsicott
|-sidestart|p2: zeedra|move: Tailwind
|move|p1b: Grimmsnarl|Light Screen|p1b: Grimmsnarl
|-sidestart|p1: Angelowos|move: Light Screen
|move|p2a: Floette|Calm Mind|p2a: Floette
|-boost|p2a: Floette|spa|1
|-boost|p2a: Floette|spd|1
|
|-weather|RainDance|[upkeep]
|upkeep
|turn|5
|
|t:|1782705753
|switch|p1b: Archaludon|Archaludon, L50, F|100/100
|move|p2a: Floette|Calm Mind|p2a: Floette
|-boost|p2a: Floette|spa|1
|-boost|p2a: Floette|spd|1
|move|p2b: Whimsicott|Dazzling Gleam|p1b: Archaludon|[spread] p1a,p1b
|-damage|p1a: Pelipper|46/100
|-damage|p1b: Archaludon|86/100
|-ability|p1b: Archaludon|Stamina|boost
|-boost|p1b: Archaludon|def|1
|move|p1a: Pelipper|Hurricane|p2b: Whimsicott
|-supereffective|p2b: Whimsicott|1
|-damage|p2b: Whimsicott|0 fnt
|faint|p2b: Whimsicott
|
|-weather|none
|-heal|p1b: Archaludon|92/100|[from] item: Leftovers
|upkeep
|
|t:|1782705768
|switch|p2b: Basculegion|Basculegion, L50, M|100/100
|turn|6
|l|☆Angelowos
|player|p1|
|j|☆Angelowos
|player|p1|Angelowos|102|
|c|☆zeedra|Brou estas tardando a proposito? 😭
|c|☆zeedra|Osea no me molesta pero
|c|☆zeedra|Mañana tengo escuelita
|c|☆zeedra|🥺
|c|☆zeedra|OSEA
|c|☆zeedra|Sonó muy descansero
|c|☆zeedra|Sorry
|
|t:|1782706169
|switch|p1a: Grimmsnarl|Grimmsnarl, L50, M|100/100
|move|p1b: Archaludon|Protect|p1b: Archaludon
|-singleturn|p1b: Archaludon|Protect
|move|p2b: Basculegion|Last Respects|p1a: Grimmsnarl
|-resisted|p1a: Grimmsnarl|1
|-damage|p1a: Grimmsnarl|54/100
|move|p2a: Floette|Dazzling Gleam|p1b: Archaludon|[spread] p1a
|-activate|p1b: Archaludon|move: Protect
|-supereffective|p1a: Grimmsnarl|1
|-enditem|p1a: Grimmsnarl|Roseli Berry|[eat]
|-enditem|p1a: Grimmsnarl|Roseli Berry|[weaken]
|-damage|p1a: Grimmsnarl|0 fnt
|faint|p1a: Grimmsnarl
|
|-heal|p1b: Archaludon|98/100|[from] item: Leftovers
|upkeep
|
|t:|1782706199
|switch|p1a: Pelipper|Pelipper, L50, F|46/100
|-weather|RainDance|[from] ability: Drizzle|[of] p1a: Pelipper
|turn|7
|
|t:|1782706254
|move|p1a: Pelipper|Wide Guard|p1a: Pelipper
|-singleturn|p1a: Pelipper|Wide Guard
|move|p2b: Basculegion|Last Respects|p1a: Pelipper
|-crit|p1a: Pelipper
|-damage|p1a: Pelipper|0 fnt
|faint|p1a: Pelipper
|move|p2a: Floette|Dazzling Gleam|p1b: Archaludon
|-activate|p1b: Archaludon|move: Wide Guard
|move|p1b: Archaludon|Electro Shot||[still]
|-prepare|p1b: Archaludon|Electro Shot
|-boost|p1b: Archaludon|spa|1
|-anim|p1b: Archaludon|Electro Shot|p2b: Basculegion
|-supereffective|p2b: Basculegion|1
|-damage|p2b: Basculegion|0 fnt
|faint|p2b: Basculegion
|
|-weather|RainDance|[upkeep]
|-heal|p1b: Archaludon|100/100|[from] item: Leftovers
|-sideend|p2: zeedra|move: Tailwind
|upkeep
|turn|8
|
|t:|1782706293
|move|p2a: Floette|Protect|p2a: Floette
|-singleturn|p2a: Floette|Protect
|move|p1b: Archaludon|Flash Cannon|p2a: Floette
|-activate|p2a: Floette|move: Protect
|
|-weather|RainDance|[upkeep]
|-sideend|p1: Angelowos|move: Light Screen
|upkeep
|turn|9
|
|t:|1782706302
|move|p2a: Floette|Dazzling Gleam|p1b: Archaludon
|-damage|p1b: Archaludon|0 fnt
|faint|p1b: Archaludon
|
|win|zeedra
|c|☆Angelowos|Gg
|c|☆zeedra|GG
