|j|☆Treemane
|j|☆gdebr
|html|Treemanegdebr    
|uhtml|bestof|Game 3 of a best-of-3
|t:|1782764349
|gametype|doubles
|player|p1|Treemane|silver|
|player|p2|gdebr|170|
|gen|9
|tier|[Gen 9 Champions] VGC 2026 Reg M-B (Bo3)
|rule|Species Clause: Limit one of each Pokémon
|rule|Item Clause: Limit 1 of each item
|clearpoke
|poke|p1|Gardevoir, L50, M|
|poke|p1|Basculegion, L50, M|
|poke|p1|Talonflame, L50, M|
|poke|p1|Maushold-Four, L50|
|poke|p1|Dragalge, L50, F|
|poke|p1|Farigiraf, L50, M|
|poke|p2|Ninetales-Alola, L50, M|
|poke|p2|Blaziken, L50, M|
|poke|p2|Basculegion, L50, M|
|poke|p2|Kingambit, L50, M|
|poke|p2|Sinistcha, L50|
|poke|p2|Sneasler, L50, F|
|teampreview|4
|showteam|p1|Gardevoir||Gardevoirite|Synchronize|HyperVoice,Psyshock,AuraSphere,Protect|Serious||M|||50|]Basculegion||MysticWater|Adaptability|WaveCrash,LastRespects,AquaJet,Protect|Adamant||M|||50|]Talonflame||LifeOrb|GaleWings|FlareBlitz,BraveBird,Tailwind,Protect|Jolly||M|||50|]Maushold-Four||FocusSash|FriendGuard|SuperFang,Encore,FollowMe,Protect|Timid|||||50|]Dragalge||Dragalgite|Adaptability|DragonPulse,SludgeWave,Substitute,Protect|Bold||F|||50|]Farigiraf||SitrusBerry|ArmorTail|Thunderbolt,Reflect,HelpingHand,TrickRoom|Calm||M|||50|
|showteam|p2|Ninetales-Alola||NeverMeltIce|SnowWarning|Blizzard,FreezeDry,IcyWind,Protect|Timid||M|||50|]Blaziken||Blazikenite|SpeedBoost|FlareBlitz,CloseCombat,RockSlide,Protect|Adamant||M|||50|]Basculegion||LifeOrb|Adaptability|WaveCrash,LastRespects,AquaJet,Protect|Adamant||M|||50|]Kingambit||BlackGlasses|Defiant|SuckerPunch,KowtowCleave,IronHead,Protect|Adamant||M|||50|]Sinistcha||CobaBerry|Hospitality|MatchaGotcha,RagePowder,TrickRoom,Protect|Bold|||||50|]Sneasler||FocusSash|Unburden|FakeOut,DireClaw,CloseCombat,Coaching|Naive||F|||50|
|
|t:|1782764386
|teamsize|p1|4
|teamsize|p2|4
|start
|switch|p1a: Farigiraf|Farigiraf, L50, M|100/100
|switch|p1b: Maushold|Maushold-Four, L50|100/100
|switch|p2a: Bobo|Sinistcha, L50|100/100
|switch|p2b: Chipeur|Sneasler, L50, F|100/100
|turn|1
|
|t:|1782764417
|move|p1b: Maushold|Protect|p1b: Maushold
|-singleturn|p1b: Maushold|Protect
|move|p2b: Chipeur|Close Combat|p1b: Maushold
|-activate|p1b: Maushold|move: Protect
|move|p2a: Bobo|Matcha Gotcha|p1b: Maushold|[spread] p1a
|-activate|p1b: Maushold|move: Protect
|-damage|p1a: Farigiraf|83/100
|move|p1a: Farigiraf|Reflect|p1a: Farigiraf
|-sidestart|p1: Treemane|Reflect
|
|upkeep
|turn|2
|
|t:|1782764447
|switch|p1b: Dragalge|Dragalge, L50, F|100/100
|move|p2b: Chipeur|Close Combat|p1b: Dragalge
|-resisted|p1b: Dragalge|1
|-crit|p1b: Dragalge
|-damage|p1b: Dragalge|60/100
|-unboost|p2b: Chipeur|def|1
|-unboost|p2b: Chipeur|spd|1
|move|p2a: Bobo|Matcha Gotcha|p1b: Dragalge|[spread] p1a,p1b
|-resisted|p1b: Dragalge|2
|-damage|p1a: Farigiraf|64/100
|-damage|p1b: Dragalge|54/100
|move|p1a: Farigiraf|Trick Room|p1a: Farigiraf
|-fieldstart|move: Trick Room|[of] p1a: Farigiraf
|
|upkeep
|turn|3
|
|t:|1782764497
|detailschange|p1b: Dragalge|Dragalge-Mega, L50, F
|-mega|p1b: Dragalge|Dragalge|Dragalgite
|move|p1a: Farigiraf|Helping Hand|p1b: Dragalge
|-singleturn|p1b: Dragalge|Helping Hand|[of] p1a: Farigiraf
|move|p1b: Dragalge|Sludge Wave|p2b: Chipeur|[spread] p1a,p2a,p2b
|-resisted|p2b: Chipeur|1
|-damage|p1a: Farigiraf|25/100
|-damage|p2a: Bobo|37/100
|-damage|p2b: Chipeur|44/100
|-status|p1a: Farigiraf|psn
|-enditem|p1a: Farigiraf|Sitrus Berry|[eat]
|-heal|p1a: Farigiraf|49/100 psn|[from] item: Sitrus Berry
|move|p2a: Bobo|Matcha Gotcha|p1b: Dragalge|[spread] p1a,p1b
|-resisted|p1b: Dragalge|2
|-damage|p1a: Farigiraf|28/100 psn
|-heal|p2a: Bobo|51/100|[from] drain|[of] p1a: Farigiraf
|-damage|p1b: Dragalge|50/100g
|-heal|p2a: Bobo|53/100|[from] drain|[of] p1b: Dragalge
|move|p2b: Chipeur|Dire Claw|p1a: Farigiraf
|-damage|p1a: Farigiraf|3/100 psn
|
|-damage|p1a: Farigiraf|0 fnt|[from] psn
|faint|p1a: Farigiraf
|upkeep
|
|t:|1782764529
|switch|p1a: Basculegion|Basculegion, L50, M|100/100
|turn|4
|
|t:|1782764550
|move|p1a: Basculegion|Aqua Jet|p2b: Chipeur
|-damage|p2b: Chipeur|0 fnt
|faint|p2b: Chipeur
|move|p1b: Dragalge|Dragon Pulse|p2a: Bobo
|-damage|p2a: Bobo|3/100
|move|p2a: Bobo|Matcha Gotcha|p1b: Dragalge|[spread] p1b
|-miss|p2a: Bobo|p1a: Basculegion
|-resisted|p1b: Dragalge|2
|-damage|p1b: Dragalge|45/100
|-heal|p2a: Bobo|6/100|[from] drain|[of] p1b: Dragalge
|
|upkeep
|
|t:|1782764565
|switch|p2b: Petit Batô|Basculegion, L50, M|100/100
|turn|5
|
|t:|1782764579
|move|p1b: Dragalge|Dragon Pulse|p2a: Bobo
|-damage|p2a: Bobo|0 fnt
|faint|p2a: Bobo
|move|p1a: Basculegion|Last Respects|p2b: Petit Batô
|-supereffective|p2b: Petit Batô|1
|-damage|p2b: Petit Batô|0 fnt
|faint|p2b: Petit Batô
|
|-sideend|p1: Treemane|Reflect
|upkeep
|
|t:|1782764590
|switch|p2a: Fixation Beton|Kingambit, L50, M|100/100
|turn|6
|
|t:|1782764614
|move|p1b: Dragalge|Dragon Pulse|p2a: Fixation Beton
|-resisted|p2a: Fixation Beton|1
|-damage|p2a: Fixation Beton|83/100
|move|p2a: Fixation Beton|Kowtow Cleave|p1a: Basculegion
|-supereffective|p1a: Basculegion|1
|-damage|p1a: Basculegion|0 fnt
|faint|p1a: Basculegion
|
|-fieldend|move: Trick Room
|upkeep
|
|t:|1782764623
|switch|p1a: Maushold|Maushold-Four, L50|100/100
|turn|7
|
|t:|1782764636
|move|p1a: Maushold|Super Fang|p2a: Fixation Beton
|-damage|p2a: Fixation Beton|42/100
|move|p2a: Fixation Beton|Kowtow Cleave|p1b: Dragalge
|-damage|p1b: Dragalge|14/100
|move|p1b: Dragalge|Dragon Pulse|p2a: Fixation Beton
|-resisted|p2a: Fixation Beton|1
|-damage|p2a: Fixation Beton|24/100
|
|upkeep
|turn|8
|
|t:|1782764659
|move|p1b: Dragalge|Protect|p1b: Dragalge
|-singleturn|p1b: Dragalge|Protect
|move|p1a: Maushold|Super Fang|p2a: Fixation Beton
|-damage|p2a: Fixation Beton|12/100
|move|p2a: Fixation Beton|Kowtow Cleave|p1b: Dragalge
|-activate|p1b: Dragalge|move: Protect
|
|upkeep
|turn|9
|
|t:|1782764676
|move|p1a: Maushold|Follow Me|p1a: Maushold
|-singleturn|p1a: Maushold|move: Follow Me
|move|p2a: Fixation Beton|Sucker Punch||[still]
|-fail|p2a: Fixation Beton
|move|p1b: Dragalge|Dragon Pulse|p2a: Fixation Beton
|-resisted|p2a: Fixation Beton|1
|-damage|p2a: Fixation Beton|0 fnt
|faint|p2a: Fixation Beton
|
|win|Treemane
