|j|â˜†IronStandsEternal
|j|â˜†Rodrigo21amz
|html|IronStandsEternalRodrigo21amz    
|uhtml|bestof|Game 3 of a best-of-3
|t:|1757041745
|gametype|doubles
|player|p1|IronStandsEternal|flint|1128
|player|p2|Rodrigo21amz|volkner|1213
|gen|9
|tier|[Gen 9] VGC 2025 Reg H (Bo3)
|rated|
|rule|Species Clause: Limit one of each PokÃ©mon
|rule|Item Clause: Limit 1 of each item
|clearpoke
|poke|p1|Rillaboom, L50, M|
|poke|p1|Dragonite, L50, M|
|poke|p1|Sneasler, L50, M|
|poke|p1|Ninetales-Alola, L50, F|
|poke|p1|Kingambit, L50, M|
|poke|p1|Volcarona, L50, M|
|poke|p2|Ursaluna-Bloodmoon, L50, M|
|poke|p2|Electabuzz, L50, F|
|poke|p2|Sneasler, L50, M|
|poke|p2|Dragonite, L50, M|
|poke|p2|Rillaboom, L50, F|
|poke|p2|Volcarona, L50, M|
|teampreview|4
|showteam|p1|Rillaboom||AssaultVest|GrassySurge|WoodHammer,GrassyGlide,HighHorsepower,FakeOut|||M|||50|,,,,,Fire]Dragonite||LoadedDice|Multiscale|Protect,ScaleShot,LowKick,Haze|||M|||50|,,,,,Fairy]Sneasler||WhiteHerb|Unburden|Protect,DireClaw,CloseCombat,Coaching|||M|||50|,,,,,Ghost]Ninetales-Alola||ChoiceSpecs|SnowWarning|Blizzard,IcyWind,Moonblast,FreezeDry|||F|||50|,,,,,Ghost]Kingambit||SafetyGoggles|Defiant|Protect,KowtowCleave,SuckerPunch,SwordsDance|||M|||50|,,,,,Dark]Volcarona||CovertCloak|FlameBody|StruggleBug,RagePowder,Overheat,WillOWisp|||M|||50|,,,,,Fairy
|showteam|p2|Ursaluna-Bloodmoon||LifeOrb|MindsEye|BloodMoon,HyperVoice,EarthPower,Protect|||M|||50|,,,,,Normal]Electabuzz||Eviolite|VitalSpirit|FollowMe,Electroweb,Taunt,Protect|||F|||50|,,,,,Fairy]Sneasler||FocusSash|PoisonTouch|FakeOut,DireClaw,CloseCombat,Protect|||M|||50|,,,,,Stellar]Dragonite||LoadedDice|Multiscale|Haze,ScaleShot,Protect,ExtremeSpeed|||M|||50|,,,,,Steel]Rillaboom||AssaultVest|GrassySurge|WoodHammer,FakeOut,GrassyGlide,HighHorsepower|||F|||50|,,,,,Fire]Volcarona||Leftovers|FlameBody|QuiverDance,Protect,TeraBlast,HeatWave|||M|||50|,,,,,Fairy
|l|â˜†Rodrigo21amz
|player|p2|
|j|â˜†Rodrigo21amz
|player|p2|Rodrigo21amz|volkner|
|inactive|Battle timer is ON: inactive players will automatically lose when time's up. (requested by IronStandsEternal)
|
|t:|1757041834
|teamsize|p1|4
|teamsize|p2|4
|start
|switch|p1a: Ninetales|Ninetales-Alola, L50, F|100/100
|switch|p1b: Volcarona|Volcarona, L50, M|100/100
|switch|p2a: Ursaluna|Ursaluna-Bloodmoon, L50, M|100/100
|switch|p2b: Sneasler|Sneasler, L50, M|100/100
|-weather|Snowscape|[from] ability: Snow Warning|[of] p1a: Ninetales
|turn|1
|inactive|IronStandsEternal has 30 seconds left.
|inactive|Rodrigo21amz has 30 seconds left.
|inactive|IronStandsEternal has 20 seconds left.
|inactive|IronStandsEternal has 15 seconds left.
|
|t:|1757041878
|-terastallize|p1a: Ninetales|Ghost
|-terastallize|p2a: Ursaluna|Normal
|move|p2b: Sneasler|Fake Out|p1b: Volcarona
|-damage|p1b: Volcarona|84/100
|-status|p2b: Sneasler|brn|[from] ability: Flame Body|[of] p1b: Volcarona
|move|p1a: Ninetales|Blizzard|p2b: Sneasler|[spread] p2a,p2b
|-damage|p2a: Ursaluna|40/100
|-damage|p2b: Sneasler|36/100 brn
|move|p1b: Volcarona|Struggle Bug|p2a: Ursaluna|[spread] p2a,p2b
|-resisted|p2b: Sneasler
|-damage|p2a: Ursaluna|20/100
|-damage|p2b: Sneasler|31/100 brn
|-unboost|p2a: Ursaluna|spa|1
|-unboost|p2b: Sneasler|spa|1
|move|p2a: Ursaluna|Blood Moon|p1b: Volcarona
|-damage|p1b: Volcarona|0 fnt
|faint|p1b: Volcarona
|-damage|p2a: Ursaluna|10/100|[from] item: Life Orb
|
|-weather|Snowscape|[upkeep]
|-damage|p2b: Sneasler|25/100 brn|[from] brn
|upkeep
|inactive|IronStandsEternal has 30 seconds left.
|c|â˜†Rodrigo21amz|LDumb play how did I forget
|
|t:|1757041907
|switch|p1b: Kingambit|Kingambit, L50, M|100/100
|turn|2
|c|â˜†IronStandsEternal|oh no :C
|
|t:|1757041925
|move|p1b: Kingambit|Sucker Punch|p2b: Sneasler
|-resisted|p2b: Sneasler
|-damage|p2b: Sneasler|0 fnt
|faint|p2b: Sneasler
|move|p1a: Ninetales|Blizzard|p2a: Ursaluna
|-damage|p2a: Ursaluna|0 fnt
|faint|p2a: Ursaluna
|
|-weather|Snowscape|[upkeep]
|upkeep
|
|t:|1757041928
|switch|p2b: Rillaboom|Rillaboom, L50, F|100/100
|switch|p2a: Volcarona|Volcarona, L50, M|100/100
|-fieldstart|move: Grassy Terrain|[from] ability: Grassy Surge|[of] p2b: Rillaboom
|turn|3
|inactive|Rodrigo21amz has 30 seconds left.
|inactive|IronStandsEternal has 30 seconds left.
|
|t:|1757041963
|move|p2b: Rillaboom|Grassy Glide|p1a: Ninetales
|-damage|p1a: Ninetales|39/100
|move|p1b: Kingambit|Sucker Punch||[still]
|-fail|p1b: Kingambit
|move|p1a: Ninetales|Blizzard|p2a: Volcarona|[spread] p2a,p2b
|-resisted|p2a: Volcarona
|-supereffective|p2b: Rillaboom
|-damage|p2a: Volcarona|78/100
|-damage|p2b: Rillaboom|24/100
|move|p2a: Volcarona|Quiver Dance|p2a: Volcarona
|-boost|p2a: Volcarona|spa|1
|-boost|p2a: Volcarona|spd|1
|-boost|p2a: Volcarona|spe|1
|
|-weather|Snowscape|[upkeep]
|-heal|p2a: Volcarona|85/100|[from] Grassy Terrain
|-heal|p2a: Volcarona|91/100|[from] item: Leftovers
|-heal|p1a: Ninetales|45/100|[from] Grassy Terrain
|-heal|p2b: Rillaboom|30/100|[from] Grassy Terrain
|upkeep
|turn|4
|inactive|IronStandsEternal has 30 seconds left.
|
|t:|1757041992
|switch|p1a: Sneasler|Sneasler, L50, M|100/100
|move|p2b: Rillaboom|Grassy Glide|p1a: Sneasler
|-resisted|p1a: Sneasler
|-damage|p1a: Sneasler|69/100
|move|p2a: Volcarona|Heat Wave|p1b: Kingambit|[spread] p1a,p1b
|-supereffective|p1b: Kingambit
|-damage|p1a: Sneasler|0 fnt
|-damage|p1b: Kingambit|0 fnt
|faint|p1a: Sneasler
|faint|p1b: Kingambit
|
|-weather|Snowscape|[upkeep]
|-heal|p2a: Volcarona|97/100|[from] Grassy Terrain
|-heal|p2a: Volcarona|100/100|[from] item: Leftovers
|-heal|p2b: Rillaboom|36/100|[from] Grassy Terrain
|upkeep
|
|t:|1757041994
|switch|p1b: Ninetales|Ninetales-Alola, L50, F, tera:Ghost|45/100
|turn|5
|
|t:|1757042005
|move|p2b: Rillaboom|Grassy Glide|p1b: Ninetales
|-damage|p1b: Ninetales|0 fnt
|faint|p1b: Ninetales
|
|win|Rodrigo21amz
|raw|IronStandsEternal's rating: 1128 → 1109(-19 for losing)
|raw|Rodrigo21amz's rating: 1213 → 1232(+19 for winning)
|l|â˜†Rodrigo21amz
|player|p2|
