|j|☆rgeee
|j|☆papyth
|html|rgeeepapyth    
|uhtml|bestof|Game 2 of a best-of-3
|t:|1783974883
|gametype|doubles
|player|p1|rgeee|169|1114
|player|p2|papyth|102|1043
|gen|9
|tier|[Gen 9 Champions] VGC 2026 Reg M-B (Bo3)
|rated|
|rule|Species Clause: Limit one of each Pokémon
|rule|Item Clause: Limit 1 of each item
|clearpoke
|poke|p1|Swampert, L50, F|
|poke|p1|Pelipper, L50, F|
|poke|p1|Archaludon, L50, M, shiny|
|poke|p1|Sinistcha, L50|
|poke|p1|Gholdengo, L50|
|poke|p1|Grimmsnarl, L50, M|
|poke|p2|Drampa, L50, M|
|poke|p2|Farigiraf, L50, M|
|poke|p2|Torkoal, L50, M|
|poke|p2|Vivillon, L50, F|
|poke|p2|Garchomp, L50, M|
|poke|p2|Mawile, L50, M|
|teampreview|4
|showteam|p1|Swampert||Swampertite|Torrent|WaveCrash,HighHorsepower,IcePunch,Protect|Adamant||F|||50|]Pelipper||SitrusBerry|Drizzle|WeatherBall,Hurricane,Tailwind,WideGuard|Modest||F|||50|]Archaludon||Leftovers|Stamina|DragonPulse,FlashCannon,ElectroShot,Protect|Modest||M|||50|]Sinistcha||KasibBerry|Hospitality|MatchaGotcha,RagePowder,LifeDew,Protect|Bold|||||50|]Gholdengo||LifeOrb|GoodasGold|Protect,MakeItRain,NastyPlot,ShadowBall|Modest|||||50|]Grimmsnarl||LightClay|Prankster|FoulPlay,PartingShot,LightScreen,Reflect|Careful||M|||50|
|showteam|p2|Drampa||Drampanite|SapSipper|DracoMeteor,HyperBeam,Protect,HyperVoice|Modest||M|||50|]Farigiraf||Leftovers|ArmorTail|TrickRoom,HelpingHand,Thunderbolt,PsychicNoise|Quiet||M|||50|]Torkoal||SitrusBerry|Drought|Eruption,WeatherBall,IronDefense,BodyPress|Quiet||M|||50|]Vivillon||FocusSash|FriendGuard|Tailwind,SleepPowder,Uturn,BugBuzz|Timid||F|||50|]Garchomp||LifeOrb|RoughSkin|StompingTantrum,Protect,DragonRush,RockSlide|Jolly||M|||50|]Mawile||Mawilite|Intimidate|PlayRough,IronHead,IcePunch,Protect|Brave||M|||50|
|j| bernd neverstone
|
|t:|1783974911
|teamsize|p1|4
|teamsize|p2|4
|start
|switch|p1a: Gholdengo|Gholdengo, L50|100/100
|switch|p1b: Grimmsnarl|Grimmsnarl, L50, M|100/100
|switch|p2a: Vivillon|Vivillon, L50, F|100/100
|switch|p2b: Drampa|Drampa, L50, M|100/100
|turn|1
|
|t:|1783974947
|detailschange|p2b: Drampa|Drampa-Mega, L50, M
|-mega|p2b: Drampa|Drampa|Drampanite
|move|p1b: Grimmsnarl|Reflect|p1b: Grimmsnarl
|-sidestart|p1: rgeee|Reflect
|move|p2a: Vivillon|Tailwind|p2a: Vivillon
|-sidestart|p2: papyth|move: Tailwind
|move|p2b: Drampa|Hyper Voice|p1a: Gholdengo|[spread] p1b
|-immune|p1a: Gholdengo
|-damage|p1b: Grimmsnarl|56/100
|move|p1a: Gholdengo|Nasty Plot|p1a: Gholdengo
|-boost|p1a: Gholdengo|spa|2
|
|upkeep
|turn|2
|inactive|Battle timer is ON: inactive players will automatically lose when time's up. (requested by papyth)
|
|t:|1783974975
|switch|p2b: Torkoal|Torkoal, L50, M|100/100
|-weather|SunnyDay|[from] ability: Drought|[of] p2b: Torkoal
|move|p1b: Grimmsnarl|Light Screen|p1b: Grimmsnarl
|-sidestart|p1: rgeee|move: Light Screen
|move|p2a: Vivillon|Sleep Powder|p1a: Gholdengo
|-immune|p1a: Gholdengo|[from] ability: Good as Gold
|move|p1a: Gholdengo|Nasty Plot|p1a: Gholdengo
|-boost|p1a: Gholdengo|spa|2
|
|-weather|SunnyDay|[upkeep]
|upkeep
|turn|3
|inactive|papyth has 30 seconds left.
|
|t:|1783975012
|switch|p1b: Pelipper|Pelipper, L50, F|100/100
|-weather|RainDance|[from] ability: Drizzle|[of] p1b: Pelipper
|move|p2a: Vivillon|Bug Buzz|p1a: Gholdengo
|-resisted|p1a: Gholdengo|2
|-damage|p1a: Gholdengo|94/100
|move|p1a: Gholdengo|Shadow Ball|p2b: Torkoal
|-damage|p2b: Torkoal|0 fnt
|faint|p2b: Torkoal
|-damage|p1a: Gholdengo|85/100|[from] item: Life Orb
|
|-weather|RainDance|[upkeep]
|upkeep
|
|t:|1783975028
|switch|p2b: Garchomp|Garchomp, L50, M|100/100
|turn|4
|
|t:|1783975037
|move|p1a: Gholdengo|Protect|p1a: Gholdengo
|-singleturn|p1a: Gholdengo|Protect
|move|p2b: Garchomp|Stomping Tantrum|p1a: Gholdengo
|-activate|p1a: Gholdengo|move: Protect
|move|p2a: Vivillon|Sleep Powder|p1b: Pelipper|[miss]
|-miss|p2a: Vivillon|p1b: Pelipper
|move|p1b: Pelipper|Tailwind|p1b: Pelipper
|-sidestart|p1: rgeee|move: Tailwind
|
|-weather|RainDance|[upkeep]
|-sideend|p2: papyth|move: Tailwind
|upkeep
|turn|5
|
|t:|1783975054
|move|p2b: Garchomp|Protect|p2b: Garchomp
|-singleturn|p2b: Garchomp|Protect
|move|p1a: Gholdengo|Make It Rain|p2b: Garchomp|[spread] p2a
|-activate|p2b: Garchomp|move: Protect
|-enditem|p2a: Vivillon|Focus Sash
|-damage|p2a: Vivillon|1/100
|-unboost|p1a: Gholdengo|spa|2
|-damage|p1a: Gholdengo|75/100|[from] item: Life Orb
|move|p1b: Pelipper|Hurricane|p2a: Vivillon
|-supereffective|p2a: Vivillon|1
|-damage|p2a: Vivillon|0 fnt
|faint|p2a: Vivillon
|
|-weather|RainDance|[upkeep]
|upkeep
|
|t:|1783975068
|switch|p2a: Drampa|Drampa-Mega, L50, M|100/100
|turn|6
|
|t:|1783975081
|move|p1a: Gholdengo|Make It Rain|p2a: Drampa|[spread] p2a,p2b
|-damage|p2a: Drampa|0 fnt
|-damage|p2b: Garchomp|0 fnt
|-unboost|p1a: Gholdengo|spa|2
|faint|p2a: Drampa
|faint|p2b: Garchomp
|-damage|p1a: Gholdengo|66/100|[from] item: Life Orb
|
|win|rgeee
||papyth is ready for game 3.
||rgeee is ready for game 3.
|uhtml|next|Next: Game 3 of 3
|l|☆papyth
|player|p2|
