|j|☆y-rocko
|j|☆FakePittTestA
|html|y-rockoFakePittTestA    
|uhtml|bestof|Game 2 of a best-of-3
|t:|1757801606
|gametype|doubles
|player|p1|y-rocko|grimsley|1057
|player|p2|FakePittTestA|lucas|1000
|gen|9
|tier|[Gen 9] VGC 2025 Reg H (Bo3)
|rated|
|rule|Species Clause: Limit one of each Pokémon
|rule|Item Clause: Limit 1 of each item
|clearpoke
|poke|p1|Ribombee, L50, M|
|poke|p1|Stonjourner, L50, M|
|poke|p1|Whimsicott, L50, M|
|poke|p1|Typhlosion-Hisui, L50, M|
|poke|p1|Flygon, L50, F|
|poke|p1|Bronzong, L50|
|poke|p2|Ursaluna-Bloodmoon, L50, M|
|poke|p2|Sinistcha-Masterpiece, L50|
|poke|p2|Klefki, L50, M|
|poke|p2|Tyranitar, L50, F|
|poke|p2|Excadrill, L50, F|
|poke|p2|Decidueye-Hisui, L50, M|
|teampreview|4
|showteam|p1|Ribombee||ChoiceSpecs|ShieldDust|Moonblast,DazzlingGleam,Uturn,PollenPuff|||M|||50|,,,,,Fairy]Stonjourner||FocusSash|PowerSpot|WideGuard,RockSlide,HeatCrash,LowKick|||M|||50|,,,,,Fire]Whimsicott||CovertCloak|Prankster|Tailwind,FakeTears,SunnyDay,Moonblast|||M|||50|,,,,,Water]Typhlosion-Hisui||Charcoal|Frisk|Protect,Eruption,ShadowBall,Flamethrower|||M|||50|,,,,,Fire]Flygon||LifeOrb|Levitate|Protect,DracoMeteor,EarthPower,GigaDrain|||F|||50|,,,,,Steel]Bronzong||SitrusBerry|Levitate|TrickRoom,GyroBall,BodyPress,Psychic||||||50|,,,,,Dragon
|showteam|p2|Ursaluna-Bloodmoon||AssaultVest|MindsEye|HyperVoice,BloodMoon,VacuumWave,EarthPower|||M|||50|,,,,,Poison]Sinistcha-Masterpiece||SitrusBerry|Hospitality|MatchaGotcha,LifeDew,CalmMind,TrickRoom||||||50|,,,,,Water]Klefki||LightClay|Prankster|MistyTerrain,Reflect,LightScreen,DazzlingGleam|||M|||50|,,,,,Water]Tyranitar||ClearAmulet|SandStream|RockSlide,LowKick,TeraBlast,KnockOff|||F|||50|,,,,,Flying]Excadrill||FocusSash|SandRush|HighHorsepower,Earthquake,RockSlide,Protect|||F|||50|,,,,,Stellar]Decidueye-Hisui||ScopeLens|Scrappy|TripleArrows,LeafBlade,Haze,Protect|||M|||50|,,,,,Water
|inactive|Battle timer is ON: inactive players will automatically lose when time's up. (requested by FakePittTestA)
|inactive|FakePittTestA has 60 seconds left.
|inactive|FakePittTestA has 30 seconds left.
|inactive|FakePittTestA has 20 seconds left.
|
|t:|1757801680
|teamsize|p1|4
|teamsize|p2|4
|start
|switch|p1a: Whimsicott|Whimsicott, L50, M|100/100
|switch|p1b: Typhlosion|Typhlosion-Hisui, L50, M|100/100
|switch|p2a: Klefki|Klefki, L50, M, shiny|100/100
|switch|p2b: Sinistcha|Sinistcha-Masterpiece, L50|100/100
|-item|p2a: Klefki|Light Clay|[from] ability: Frisk|[of] p1b: Typhlosion
|-item|p2b: Sinistcha|Sitrus Berry|[from] ability: Frisk|[of] p1b: Typhlosion
|turn|1
|inactive|y-rocko has 30 seconds left.
|
|t:|1757801705
|-terastallize|p2b: Sinistcha|Water
|move|p1a: Whimsicott|Fake Tears|p2b: Sinistcha
|-unboost|p2b: Sinistcha|spd|2
|move|p2a: Klefki|Light Screen|p2a: Klefki
|-sidestart|p2: FakePittTestA|move: Light Screen
|move|p1b: Typhlosion|Eruption|p2b: Sinistcha|[spread] p2a,p2b
|-supereffective|p2a: Klefki
|-resisted|p2b: Sinistcha
|-damage|p2a: Klefki|0 fnt
|-damage|p2b: Sinistcha|58/100
|faint|p2a: Klefki
|move|p2b: Sinistcha|Trick Room|p2b: Sinistcha
|-fieldstart|move: Trick Room|[of] p2b: Sinistcha
|
|upkeep
|
|t:|1757801709
|switch|p2a: Tyranitar|Tyranitar, L50, F|100/100
|-weather|Sandstorm|[from] ability: Sand Stream|[of] p2a: Tyranitar
|turn|2
|
|t:|1757801718
|switch|p2b: Ursaluna|Ursaluna-Bloodmoon, L50, M|100/100
|switch|p1b: Bronzong|Bronzong, L50|100/100
|move|p1a: Whimsicott|Sunny Day|p1a: Whimsicott
|-weather|SunnyDay
|move|p2a: Tyranitar|Rock Slide|p1a: Whimsicott|[spread] p1a,p1b
|-resisted|p1b: Bronzong
|-damage|p1a: Whimsicott|75/100
|-damage|p1b: Bronzong|87/100
|
|-weather|SunnyDay|[upkeep]
|upkeep
|turn|3
|inactive|y-rocko has 30 seconds left.
|
|t:|1757801750
|switch|p2a: Sinistcha|Sinistcha-Masterpiece, L50, tera:Water|58/100
|move|p1a: Whimsicott|Fake Tears|p2a: Sinistcha
|-unboost|p2a: Sinistcha|spd|2
|move|p1b: Bronzong|Psychic|p2a: Sinistcha
|-damage|p2a: Sinistcha|21/100
|-enditem|p2a: Sinistcha|Sitrus Berry|[eat]
|-heal|p2a: Sinistcha|46/100|[from] item: Sitrus Berry
|move|p2b: Ursaluna|Blood Moon|p1a: Whimsicott
|-crit|p1a: Whimsicott
|-damage|p1a: Whimsicott|0 fnt
|faint|p1a: Whimsicott
|
|-weather|SunnyDay|[upkeep]
|upkeep
|
|t:|1757801761
|switch|p1a: Flygon|Flygon, L50, F|100/100
|turn|4
|inactive|y-rocko has 30 seconds left.
|
|t:|1757801794
|switch|p2a: Tyranitar|Tyranitar, L50, F|100/100
|-weather|Sandstorm|[from] ability: Sand Stream|[of] p2a: Tyranitar
|-terastallize|p1a: Flygon|Steel
|move|p1b: Bronzong|Body Press|p2b: Ursaluna
|-supereffective|p2b: Ursaluna
|-damage|p2b: Ursaluna|59/100
|move|p2b: Ursaluna|Hyper Voice|p1a: Flygon|[spread] p1a,p1b
|-resisted|p1a: Flygon
|-resisted|p1b: Bronzong
|-damage|p1a: Flygon|76/100
|-damage|p1b: Bronzong|73/100
|move|p1a: Flygon|Earth Power|p2b: Ursaluna
|-damage|p2b: Ursaluna|39/100
|-damage|p1a: Flygon|67/100|[from] item: Life Orb
|
|-weather|Sandstorm|[upkeep]
|upkeep
|turn|5
|
|t:|1757801818
|switch|p2a: Sinistcha|Sinistcha-Masterpiece, L50, tera:Water|46/100
|-heal|p2b: Ursaluna|64/100|[from] ability: Hospitality|[of] p2a: Sinistcha
|move|p2b: Ursaluna|Vacuum Wave|p1a: Flygon
|-supereffective|p1a: Flygon
|-damage|p1a: Flygon|23/100
|move|p1b: Bronzong|Body Press|p2a: Sinistcha
|-damage|p2a: Sinistcha|27/100
|move|p1a: Flygon|Giga Drain|p2b: Ursaluna
|-supereffective|p2b: Ursaluna
|-crit|p2b: Ursaluna
|-damage|p2b: Ursaluna|11/100
|-heal|p1a: Flygon|56/100|[from] drain|[of] p2b: Ursaluna
|-damage|p1a: Flygon|47/100|[from] item: Life Orb
|
|-weather|Sandstorm|[upkeep]
|-damage|p2a: Sinistcha|21/100|[from] Sandstorm
|-fieldend|move: Trick Room
|upkeep
|turn|6
|inactive|y-rocko has 30 seconds left.
|
|t:|1757801843
|move|p2b: Ursaluna|Vacuum Wave|p1a: Flygon
|-supereffective|p1a: Flygon
|-damage|p1a: Flygon|7/100
|move|p1a: Flygon|Giga Drain|p2a: Sinistcha
|-supereffective|p2a: Sinistcha
|-damage|p2a: Sinistcha|0 fnt
|-heal|p1a: Flygon|18/100|[from] drain|[of] p2a: Sinistcha
|faint|p2a: Sinistcha
|-damage|p1a: Flygon|9/100|[from] item: Life Orb
|move|p1b: Bronzong|Body Press|p2b: Ursaluna
|-supereffective|p2b: Ursaluna
|-damage|p2b: Ursaluna|0 fnt
|faint|p2b: Ursaluna
|
|-weather|Sandstorm|[upkeep]
|upkeep
|
|t:|1757801846
|switch|p2b: Tyranitar|Tyranitar, L50, F|100/100
|turn|7
|
|t:|1757801852
|move|p1a: Flygon|Earth Power|p2b: Tyranitar
|-supereffective|p2b: Tyranitar
|-damage|p2b: Tyranitar|53/100
|-damage|p1a: Flygon|0 fnt|[from] item: Life Orb
|faint|p1a: Flygon
|move|p2b: Tyranitar|Knock Off|p1b: Bronzong
|-supereffective|p1b: Bronzong
|-crit|p1b: Bronzong
|-damage|p1b: Bronzong|0 fnt
|-enditem|p1b: Bronzong|Sitrus Berry|[from] move: Knock Off|[of] p2b: Tyranitar
|faint|p1b: Bronzong
|
|-weather|Sandstorm|[upkeep]
|upkeep
|
|t:|1757801859
|switch|p1b: Typhlosion|Typhlosion-Hisui, L50, M|100/100
|-item|p2b: Tyranitar|Clear Amulet|[from] ability: Frisk|[of] p1b: Typhlosion
|turn|8
|
|t:|1757801866
|move|p1b: Typhlosion|Protect|p1b: Typhlosion
|-singleturn|p1b: Typhlosion|Protect
|move|p2b: Tyranitar|Knock Off|p1b: Typhlosion
|-activate|p1b: Typhlosion|move: Protect
|
|-weather|none
|-sideend|p2: FakePittTestA|move: Light Screen
|upkeep
|turn|9
|
|t:|1757801869
|move|p1b: Typhlosion|Eruption|p2b: Tyranitar
|-resisted|p2b: Tyranitar
|-damage|p2b: Tyranitar|12/100
|move|p2b: Tyranitar|Knock Off|p1b: Typhlosion
|-supereffective|p1b: Typhlosion
|-damage|p1b: Typhlosion|0 fnt
|-enditem|p1b: Typhlosion|Charcoal|[from] move: Knock Off|[of] p2b: Tyranitar
|faint|p1b: Typhlosion
|
|win|FakePittTestA
