|j|☆riccardofano
|j|☆new mental
|html|riccardofanonew mental    
|uhtml|bestof|Game 1 of a best-of-3
|t:|1785246941
|gametype|doubles
|player|p1|riccardofano|ruinmaniac|1239
|player|p2|new mental|volkner|1283
|gen|9
|tier|[Gen 9 Champions] VGC 2026 Reg M-B (Bo3)
|rated|
|rule|Species Clause: Limit one of each Pokémon
|rule|Item Clause: Limit 1 of each item
|clearpoke
|poke|p1|Hydreigon, L50, F|
|poke|p1|Annihilape, L50, M|
|poke|p1|Metagross, L50|
|poke|p1|Incineroar, L50, F|
|poke|p1|Charizard, L50, F|
|poke|p1|Toxapex, L50, M|
|poke|p2|Charizard, L50, F|
|poke|p2|Garchomp, L50, M|
|poke|p2|Incineroar, L50, F|
|poke|p2|Venusaur, L50, F|
|poke|p2|Toxapex, L50, M|
|poke|p2|Sylveon, L50, F|
|teampreview|4
|showteam|p1|Hydreigon||ChoiceScarf|Levitate|DarkPulse,Snarl,DracoMeteor,HeatWave|Modest||F|||50|]Annihilape||FocusSash|Defiant|CloseCombat,RockTomb,PhantomForce,Protect|Jolly||M|||50|]Metagross||Metagrossite|ClearBody|BulletPunch,StompingTantrum,Protect,PsychicFangs|Jolly|||||50|]Incineroar||SitrusBerry|Intimidate|FakeOut,FlareBlitz,ThroatChop,PartingShot|Impish||F|||50|]Charizard||CharizarditeY|Blaze|HeatWave,WeatherBall,Protect,SolarBeam|Modest||F|||50|]Toxapex||Leftovers|Regenerator|Infestation,Toxic,WideGuard,BanefulBunker|Impish||M|||50|
|showteam|p2|Charizard||CharizarditeY|SolarPower|WeatherBall,HeatWave,AncientPower,Protect|Modest||F|||50|]Garchomp||ChoiceScarf|RoughSkin|RockSlide,DragonClaw,Earthquake,StompingTantrum|Adamant||M|||50|]Incineroar||SitrusBerry|Intimidate|FlareBlitz,FakeOut,DarkestLariat,PartingShot|Impish||F|||50|]Venusaur||LifeOrb|Chlorophyll|SludgeBomb,LeafStorm,EarthPower,Protect|Modest||F|||50|]Toxapex||Leftovers|Regenerator|Infestation,Toxic,WideGuard,BanefulBunker|Bold||M|||50|]Sylveon||FairyFeather|Pixilate|HyperVoice,QuickAttack,Yawn,Detect|Modest||F|||50|
|
|t:|1785247011
|teamsize|p1|4
|teamsize|p2|4
|start
|switch|p1a: Annihilape|Annihilape, L50, M|100/100
|switch|p1b: Toxapex|Toxapex, L50, M|100/100
|switch|p2a: Charizard|Charizard, L50, F|100/100
|switch|p2b: Garchomp|Garchomp, L50, M|100/100
|turn|1
|
|t:|1785247036
|detailschange|p2a: Charizard|Charizard-Mega-Y, L50, F
|-mega|p2a: Charizard|Charizard|Charizardite Y
|-weather|SunnyDay|[from] ability: Drought|[of] p2a: Charizard
|move|p1b: Toxapex|Wide Guard|p1b: Toxapex
|-singleturn|p1b: Toxapex|Wide Guard
|move|p2b: Garchomp|Earthquake|p1b: Toxapex|[spread] 
|-activate|p1a: Annihilape|move: Wide Guard
|-activate|p1b: Toxapex|move: Wide Guard
|-immune|p2a: Charizard
|move|p1a: Annihilape|Rock Tomb|p2a: Charizard
|-supereffective|p2a: Charizard|2
|-damage|p2a: Charizard|30/100
|-unboost|p2a: Charizard|spe|1
|move|p2a: Charizard|Weather Ball|p1a: Annihilape
|-damage|p1a: Annihilape|10/100
|
|-weather|SunnyDay|[upkeep]
|upkeep
|turn|2
|
|t:|1785247059
|switch|p1a: Incineroar|Incineroar, L50, F|100/100
|-ability|p1a: Incineroar|Intimidate|boost
|-unboost|p2a: Charizard|atk|1
|-unboost|p2b: Garchomp|atk|1
|move|p2a: Charizard|Protect|p2a: Charizard
|-singleturn|p2a: Charizard|Protect
|move|p2b: Garchomp|Earthquake|p1a: Incineroar|[spread] p1a,p1b
|-activate|p2a: Charizard|move: Protect
|-supereffective|p1a: Incineroar|1
|-supereffective|p1b: Toxapex|1
|-damage|p1a: Incineroar|64/100
|-damage|p1b: Toxapex|64/100
|move|p1b: Toxapex|Infestation|p2a: Charizard
|-activate|p2a: Charizard|move: Protect
|
|-weather|SunnyDay|[upkeep]
|-heal|p1b: Toxapex|70/100|[from] item: Leftovers
|upkeep
|turn|3
|
|t:|1785247080
|switch|p2b: Sylveon|Sylveon, L50, F|100/100
|move|p1a: Incineroar|Fake Out|p2b: Sylveon
|-damage|p2b: Sylveon|88/100
|move|p2a: Charizard|Ancient Power|p1a: Incineroar
|-supereffective|p1a: Incineroar|1
|-damage|p1a: Incineroar|17/100
|-enditem|p1a: Incineroar|Sitrus Berry|[eat]
|-heal|p1a: Incineroar|42/100|[from] item: Sitrus Berry
|move|p1b: Toxapex|Infestation|p2b: Sylveon
|-resisted|p2b: Sylveon|1
|-damage|p2b: Sylveon|87/100
|-activate|p2b: Sylveon|move: Infestation|[of] p1b: Toxapex
|
|-weather|SunnyDay|[upkeep]
|-heal|p1b: Toxapex|75/100|[from] item: Leftovers
|-damage|p2b: Sylveon|75/100|[from] move: Infestation|[partiallytrapped]
|upkeep
|turn|4
|
|t:|1785247099
|move|p1b: Toxapex|Baneful Bunker|p1b: Toxapex
|-singleturn|p1b: Toxapex|move: Protect
|move|p1a: Incineroar|Parting Shot|p2a: Charizard
|-unboost|p2a: Charizard|atk|1
|-unboost|p2a: Charizard|spa|1
|
|t:|1785247106
|switch|p1a: Metagross|Metagross, L50|100/100|[from] Parting Shot
|move|p2b: Sylveon|Hyper Voice|p1b: Toxapex|[spread] p1a
|-activate|p1b: Toxapex|move: Protect
|-resisted|p1a: Metagross|1
|-damage|p1a: Metagross|72/100
|move|p2a: Charizard|Ancient Power|p1a: Metagross
|-resisted|p1a: Metagross|1
|-damage|p1a: Metagross|62/100
|
|-weather|SunnyDay|[upkeep]
|-heal|p1b: Toxapex|81/100|[from] item: Leftovers
|-damage|p2b: Sylveon|63/100|[from] move: Infestation|[partiallytrapped]
|upkeep
|turn|5
|
|t:|1785247125
|switch|p2a: Garchomp|Garchomp, L50, M|100/100
|move|p1a: Metagross|Protect|p1a: Metagross
|-singleturn|p1a: Metagross|Protect
|move|p2b: Sylveon|Yawn|p1a: Metagross
|-activate|p1a: Metagross|move: Protect
|move|p1b: Toxapex|Infestation|p2a: Garchomp
|-crit|p2a: Garchomp
|-damage|p2a: Garchomp|95/100
|-activate|p2a: Garchomp|move: Infestation|[of] p1b: Toxapex
|-damage|p1b: Toxapex|69/100|[from] ability: Rough Skin|[of] p2a: Garchomp
|
|-weather|none
|-heal|p1b: Toxapex|75/100|[from] item: Leftovers
|-damage|p2a: Garchomp|83/100|[from] move: Infestation|[partiallytrapped]
|-damage|p2b: Sylveon|51/100|[from] move: Infestation|[partiallytrapped]
|upkeep
|turn|6
|inactive|Battle timer is ON: inactive players will automatically lose when time's up. (requested by new mental)
|
|t:|1785247159
|switch|p1a: Incineroar|Incineroar, L50, F|42/100
|-ability|p1a: Incineroar|Intimidate|boost
|-unboost|p2a: Garchomp|atk|1
|-unboost|p2b: Sylveon|atk|1
|move|p2a: Garchomp|Stomping Tantrum|p1a: Incineroar
|-supereffective|p1a: Incineroar|1
|-damage|p1a: Incineroar|2/100
|move|p2b: Sylveon|Yawn|p1b: Toxapex
|-start|p1b: Toxapex|move: Yawn|[of] p2b: Sylveon
|move|p1b: Toxapex|Toxic|p2a: Garchomp
|-status|p2a: Garchomp|tox
|
|-heal|p1b: Toxapex|80/100|[from] item: Leftovers
|-damage|p2a: Garchomp|77/100 tox|[from] psn
|-damage|p2a: Garchomp|65/100 tox|[from] move: Infestation|[partiallytrapped]
|-damage|p2b: Sylveon|39/100|[from] move: Infestation|[partiallytrapped]
|upkeep
|turn|7
|inactive|riccardofano has 30 seconds left.
|
|t:|1785247190
|-heal|p1b: Toxapex|100/100|[from] ability: Regenerator|[silent]
|switch|p1b: Metagross|Metagross, L50|62/100
|move|p1a: Incineroar|Fake Out|p2a: Garchomp
|-damage|p2a: Garchomp|54/100 tox
|-damage|p1a: Incineroar|0 fnt|[from] ability: Rough Skin|[of] p2a: Garchomp
|faint|p1a: Incineroar
|cant|p2a: Garchomp|flinch
|move|p2b: Sylveon|Yawn|p1b: Metagross
|-start|p1b: Metagross|move: Yawn|[of] p2b: Sylveon
|
|-damage|p2a: Garchomp|42/100 tox|[from] psn
|-end|p2a: Garchomp|Infestation|[partiallytrapped]|[silent]
|-end|p2b: Sylveon|Infestation|[partiallytrapped]
|upkeep
|
|t:|1785247204
|switch|p1a: Toxapex|Toxapex, L50, M|100/100
|turn|8
|
|t:|1785247226
|switch|p1b: Annihilape|Annihilape, L50, M|10/100
|move|p2b: Sylveon|Detect|p2b: Sylveon
|-singleturn|p2b: Sylveon|Protect
|move|p2a: Garchomp|Stomping Tantrum|p1b: Annihilape
|-damage|p1b: Annihilape|0 fnt
|faint|p1b: Annihilape
|move|p1a: Toxapex|Infestation|p2a: Garchomp
|-damage|p2a: Garchomp|39/100 tox
|-activate|p2a: Garchomp|move: Infestation|[of] p1a: Toxapex
|-damage|p1a: Toxapex|87/100|[from] ability: Rough Skin|[of] p2a: Garchomp
|
|-heal|p1a: Toxapex|93/100|[from] item: Leftovers
|-damage|p2a: Garchomp|21/100 tox|[from] psn
|-damage|p2a: Garchomp|9/100 tox|[from] move: Infestation|[partiallytrapped]
|upkeep
|
|t:|1785247241
|switch|p1b: Metagross|Metagross, L50|62/100
|turn|9
|
|t:|1785247248
|move|p1b: Metagross|Protect|p1b: Metagross
|-singleturn|p1b: Metagross|Protect
|move|p1a: Toxapex|Baneful Bunker|p1a: Toxapex
|-singleturn|p1a: Toxapex|move: Protect
|move|p2a: Garchomp|Stomping Tantrum|p1a: Toxapex
|-activate|p1a: Toxapex|move: Protect
|move|p2b: Sylveon|Yawn|p1b: Metagross
|-activate|p1b: Metagross|move: Protect
|
|-heal|p1a: Toxapex|99/100|[from] item: Leftovers
|-damage|p2a: Garchomp|0 fnt|[from] psn
|faint|p2a: Garchomp
|upkeep
|
|t:|1785247254
|switch|p2a: Toxapex|Toxapex, L50, M|100/100
|turn|10
|
|t:|1785247276
|detailschange|p1b: Metagross|Metagross-Mega, L50
|-mega|p1b: Metagross|Metagross|Metagrossite
|move|p1b: Metagross|Psychic Fangs|p2b: Sylveon
|-damage|p2b: Sylveon|0 fnt
|faint|p2b: Sylveon
|move|p2a: Toxapex|Infestation|p1b: Metagross
|-damage|p1b: Metagross|59/100
|-activate|p1b: Metagross|move: Infestation|[of] p2a: Toxapex
|move|p1a: Toxapex|Infestation|p2a: Toxapex
|-resisted|p2a: Toxapex|1
|-damage|p2a: Toxapex|98/100
|-activate|p2a: Toxapex|move: Infestation|[of] p1a: Toxapex
|
|-heal|p2a: Toxapex|100/100|[from] item: Leftovers
|-heal|p1a: Toxapex|100/100|[from] item: Leftovers
|-damage|p1b: Metagross|47/100|[from] move: Infestation|[partiallytrapped]
|-damage|p2a: Toxapex|87/100|[from] move: Infestation|[partiallytrapped]
|upkeep
|
|t:|1785247280
|switch|p2b: Charizard|Charizard-Mega-Y, L50, F|30/100
|-weather|SunnyDay|[from] ability: Drought|[of] p2b: Charizard
|turn|11
|
|t:|1785247295
|move|p1b: Metagross|Protect|p1b: Metagross
|-singleturn|p1b: Metagross|Protect
|move|p2b: Charizard|Protect|p2b: Charizard
|-singleturn|p2b: Charizard|Protect
|move|p1a: Toxapex|Toxic|p2b: Charizard
|-activate|p2b: Charizard|move: Protect
|move|p2a: Toxapex|Infestation|p1a: Toxapex
|-resisted|p1a: Toxapex|1
|-damage|p1a: Toxapex|98/100
|-activate|p1a: Toxapex|move: Infestation|[of] p2a: Toxapex
|
|-weather|SunnyDay|[upkeep]
|-heal|p2a: Toxapex|93/100|[from] item: Leftovers
|-heal|p1a: Toxapex|100/100|[from] item: Leftovers
|-damage|p1b: Metagross|34/100|[from] move: Infestation|[partiallytrapped]
|-damage|p2a: Toxapex|81/100|[from] move: Infestation|[partiallytrapped]
|-damage|p1a: Toxapex|87/100|[from] move: Infestation|[partiallytrapped]
|upkeep
|turn|12
|
|t:|1785247316
|move|p2a: Toxapex|Baneful Bunker|p2a: Toxapex
|-singleturn|p2a: Toxapex|move: Protect
|move|p1b: Metagross|Psychic Fangs|p2a: Toxapex
|-activate|p2a: Toxapex|move: Protect
|move|p2b: Charizard|Weather Ball|p1b: Metagross
|-supereffective|p1b: Metagross|1
|-damage|p1b: Metagross|0 fnt
|faint|p1b: Metagross
|move|p1a: Toxapex|Toxic|p2b: Charizard
|-status|p2b: Charizard|tox
|
|-weather|SunnyDay|[upkeep]
|-heal|p1a: Toxapex|93/100|[from] item: Leftovers
|-heal|p2a: Toxapex|87/100|[from] item: Leftovers
|-damage|p2b: Charizard|24/100 tox|[from] psn
|-damage|p1a: Toxapex|81/100|[from] move: Infestation|[partiallytrapped]
|-damage|p2a: Toxapex|75/100|[from] move: Infestation|[partiallytrapped]
|upkeep
|turn|13
|
|t:|1785247334
|move|p1a: Toxapex|Baneful Bunker|p1a: Toxapex
|-singleturn|p1a: Toxapex|move: Protect
|move|p2b: Charizard|Weather Ball|p1a: Toxapex
|-activate|p1a: Toxapex|move: Protect
|move|p2a: Toxapex|Infestation|p1a: Toxapex
|-activate|p1a: Toxapex|move: Protect
|
|-weather|SunnyDay|[upkeep]
|-heal|p2a: Toxapex|80/100|[from] item: Leftovers
|-heal|p1a: Toxapex|87/100|[from] item: Leftovers
|-damage|p2b: Charizard|12/100 tox|[from] psn
|-damage|p1a: Toxapex|75/100|[from] move: Infestation|[partiallytrapped]
|-damage|p2a: Toxapex|68/100|[from] move: Infestation|[partiallytrapped]
|upkeep
|turn|14
|
|t:|1785247349
|move|p1a: Toxapex|Baneful Bunker||[still]
|-fail|p1a: Toxapex
|move|p2b: Charizard|Weather Ball|p1a: Toxapex
|-resisted|p1a: Toxapex|1
|-damage|p1a: Toxapex|44/100
|move|p2a: Toxapex|Infestation|p1a: Toxapex
|-resisted|p1a: Toxapex|1
|-damage|p1a: Toxapex|43/100
|
|-weather|SunnyDay|[upkeep]
|-heal|p2a: Toxapex|74/100|[from] item: Leftovers
|-heal|p1a: Toxapex|49/100|[from] item: Leftovers
|-damage|p2b: Charizard|0 fnt|[from] psn
|faint|p2b: Charizard
|-damage|p1a: Toxapex|36/100|[from] move: Infestation|[partiallytrapped]
|-end|p2a: Toxapex|Infestation|[partiallytrapped]
|upkeep
|turn|15
|
|t:|1785247365
|move|p2a: Toxapex|Baneful Bunker|p2a: Toxapex
|-singleturn|p2a: Toxapex|move: Protect
|move|p1a: Toxapex|Infestation|p2a: Toxapex
|-activate|p2a: Toxapex|move: Protect
|
|-weather|none
|-heal|p2a: Toxapex|80/100|[from] item: Leftovers
|-heal|p1a: Toxapex|42/100|[from] item: Leftovers
|-damage|p1a: Toxapex|30/100|[from] move: Infestation|[partiallytrapped]
|upkeep
|turn|16
|
|t:|1785247379
|move|p1a: Toxapex|Infestation|p2a: Toxapex
|-resisted|p2a: Toxapex|1
|-damage|p2a: Toxapex|78/100
|-activate|p2a: Toxapex|move: Infestation|[of] p1a: Toxapex
|move|p2a: Toxapex|Infestation|p1a: Toxapex
|-resisted|p1a: Toxapex|1
|-damage|p1a: Toxapex|29/100
|
|-heal|p2a: Toxapex|84/100|[from] item: Leftovers
|-heal|p1a: Toxapex|35/100|[from] item: Leftovers
|-damage|p2a: Toxapex|72/100|[from] move: Infestation|[partiallytrapped]
|-end|p1a: Toxapex|Infestation|[partiallytrapped]
|upkeep
|turn|17
|
|t:|1785247389
|move|p1a: Toxapex|Baneful Bunker|p1a: Toxapex
|-singleturn|p1a: Toxapex|move: Protect
|move|p2a: Toxapex|Infestation|p1a: Toxapex
|-activate|p1a: Toxapex|move: Protect
|
|-heal|p1a: Toxapex|40/100|[from] item: Leftovers
|-heal|p2a: Toxapex|78/100|[from] item: Leftovers
|-damage|p2a: Toxapex|66/100|[from] move: Infestation|[partiallytrapped]
|upkeep
|turn|18
|
|t:|1785247403
|move|p1a: Toxapex|Infestation|p2a: Toxapex
|-resisted|p2a: Toxapex|1
|-damage|p2a: Toxapex|64/100
|move|p2a: Toxapex|Infestation|p1a: Toxapex
|-resisted|p1a: Toxapex|1
|-damage|p1a: Toxapex|39/100
|-activate|p1a: Toxapex|move: Infestation|[of] p2a: Toxapex
|
|-heal|p2a: Toxapex|70/100|[from] item: Leftovers
|-heal|p1a: Toxapex|45/100|[from] item: Leftovers
|-damage|p1a: Toxapex|33/100|[from] move: Infestation|[partiallytrapped]
|-damage|p2a: Toxapex|58/100|[from] move: Infestation|[partiallytrapped]
|upkeep
|turn|19
|
|t:|1785247416
|move|p1a: Toxapex|Infestation|p2a: Toxapex
|-resisted|p2a: Toxapex|1
|-damage|p2a: Toxapex|57/100
|move|p2a: Toxapex|Infestation|p1a: Toxapex
|-resisted|p1a: Toxapex|1
|-damage|p1a: Toxapex|31/100
|
|-heal|p2a: Toxapex|63/100|[from] item: Leftovers
|-heal|p1a: Toxapex|37/100|[from] item: Leftovers
|-damage|p2a: Toxapex|50/100g|[from] move: Infestation|[partiallytrapped]
|-damage|p1a: Toxapex|25/100|[from] move: Infestation|[partiallytrapped]
|upkeep
|turn|20
|
|t:|1785247427
|move|p2a: Toxapex|Infestation|p1a: Toxapex
|-resisted|p1a: Toxapex|1
|-damage|p1a: Toxapex|24/100
|move|p1a: Toxapex|Infestation|p2a: Toxapex
|-resisted|p2a: Toxapex|1
|-damage|p2a: Toxapex|49/100
|
|-heal|p2a: Toxapex|55/100|[from] item: Leftovers
|-heal|p1a: Toxapex|29/100|[from] item: Leftovers
|-damage|p1a: Toxapex|17/100|[from] move: Infestation|[partiallytrapped]
|-end|p2a: Toxapex|Infestation|[partiallytrapped]
|upkeep
|turn|21
|-message|riccardofano forfeited.
|
|win|new mental
