|j|☆jikada2
|j|☆ground tera
|html|jikada2ground tera    
|uhtml|bestof|Game 2 of a best-of-3
|t:|1784381552
|gametype|doubles
|player|p1|jikada2|266|1372
|player|p2|ground tera|102|1254
|gen|9
|tier|[Gen 9 Champions] VGC 2026 Reg M-B (Bo3)
|rated|
|rule|Species Clause: Limit one of each Pokémon
|rule|Item Clause: Limit 1 of each item
|clearpoke
|poke|p1|Delphox, L50, M|
|poke|p1|Sneasler, L50, F|
|poke|p1|Meowscarada, L50, M|
|poke|p1|Kingambit, L50, M|
|poke|p1|Ninetales-Alola, L50, F|
|poke|p1|Aerodactyl, L50, M|
|poke|p2|Whimsicott, L50, F, shiny|
|poke|p2|Garchomp, L50, F|
|poke|p2|Basculegion, L50, M|
|poke|p2|Charizard, L50, M|
|poke|p2|Floette-Eternal, L50, F|
|poke|p2|Kingambit, L50, M|
|teampreview|4
|showteam|p1|Delphox||Delphoxite|Blaze|Protect,Encore,HeatWave,Psyshock|Timid||M|||50|]Sneasler||WhiteHerb|Unburden|CloseCombat,DireClaw,FakeOut,QuickGuard|Jolly||F|||50|]Meowscarada||LifeOrb|Protean|TripleAxel,KnockOff,FlowerTrick,ThunderPunch|Jolly||M|||50|]Kingambit||FocusSash|Defiant|KowtowCleave,IronHead,SuckerPunch,LowKick|Adamant||M|||50|]Ninetales-Alola||ChoiceScarf|SnowWarning|Blizzard,IcyWind,Moonblast,FreezeDry|Modest||F|||50|]Aerodactyl||Aerodactylite|Unnerve|RockSlide,Tailwind,Protect,DualWingbeat|Jolly||M|||50|
|showteam|p2|Whimsicott||FocusSash|Prankster|Protect,Tailwind,SunnyDay,Moonblast|Timid||F|||50|]Garchomp||LifeOrb|RoughSkin|Protect,RockSlide,Earthquake,DragonClaw|Jolly||F|||50|]Basculegion||MysticWater|Adaptability|Protect,WaveCrash,LastRespects,AquaJet|Adamant||M|||50|]Charizard||CharizarditeY|Blaze|Protect,HeatWave,WeatherBall,SolarBeam|Modest||M|||50|]Floette-Eternal||Floettite|FlowerVeil|Protect,LightofRuin,DazzlingGleam,Moonblast|Timid||F|||50|]Kingambit||ChopleBerry|Defiant|LowKick,SuckerPunch,KowtowCleave,IronHead|Adamant||M|||50|
|inactive|Battle timer is ON: inactive players will automatically lose when time's up. (requested by ground tera)
|
|t:|1784381565
|teamsize|p1|4
|teamsize|p2|4
|start
|switch|p1a: OjitoConKuro|Sneasler, L50, F|100/100
|switch|p1b: Aerogambling|Aerodactyl, L50, M|100/100
|switch|p2a: Whimsicott|Whimsicott, L50, F, shiny|100/100
|switch|p2b: Floette|Floette-Eternal, L50, F|100/100
|-ability|p1b: Aerogambling|Unnerve
|turn|1
|
|t:|1784381581
|detailschange|p1b: Aerogambling|Aerodactyl-Mega, L50, M
|-mega|p1b: Aerogambling|Aerodactyl|Aerodactylite
|detailschange|p2b: Floette|Floette-Mega, L50, F
|-mega|p2b: Floette|Floette|Floettite
|-ability|p2b: Floette|Fairy Aura
|move|p1a: OjitoConKuro|Fake Out|p2b: Floette
|-damage|p2b: Floette|82/100
|move|p1b: Aerogambling|Tailwind|p1b: Aerogambling
|-sidestart|p1: jikada2|move: Tailwind
|move|p2a: Whimsicott|Moonblast|p1b: Aerogambling
|-damage|p1b: Aerogambling|50/100g
|cant|p2b: Floette|flinch
|
|upkeep
|turn|2
|
|t:|1784381600
|move|p2b: Floette|Protect|p2b: Floette
|-singleturn|p2b: Floette|Protect
|move|p1b: Aerogambling|Dual Wingbeat|p2a: Whimsicott|[miss]
|-miss|p1b: Aerogambling|p2a: Whimsicott
|move|p1a: OjitoConKuro|Dire Claw|p2b: Floette
|-activate|p2b: Floette|move: Protect
|move|p2a: Whimsicott|Moonblast|p1a: OjitoConKuro
|-damage|p1a: OjitoConKuro|36/100
|
|upkeep
|turn|3
|
|t:|1784381621
|switch|p2b: Garchomp|Garchomp, L50, F|100/100
|move|p1b: Aerogambling|Dual Wingbeat|p2a: Whimsicott
|-supereffective|p2a: Whimsicott|1
|-damage|p2a: Whimsicott|19/100
|-supereffective|p2a: Whimsicott|1
|-damage|p2a: Whimsicott|0 fnt
|faint|p2a: Whimsicott
|-hitcount|p2: Whimsicott|2
|move|p1a: OjitoConKuro|Dire Claw|p2b: Garchomp
|-resisted|p2b: Garchomp|1
|-damage|p2b: Garchomp|81/100
|-damage|p1a: OjitoConKuro|24/100|[from] ability: Rough Skin|[of] p2b: Garchomp
|
|upkeep
|
|t:|1784381629
|switch|p2a: Basculegion|Basculegion, L50, M|100/100
|turn|4
|
|t:|1784381638
|move|p2a: Basculegion|Aqua Jet|p1b: Aerogambling
|-supereffective|p1b: Aerogambling|1
|-damage|p1b: Aerogambling|0 fnt
|faint|p1b: Aerogambling
|move|p1a: OjitoConKuro|Close Combat|p2b: Garchomp
|-damage|p2b: Garchomp|19/100
|-unboost|p1a: OjitoConKuro|def|1
|-unboost|p1a: OjitoConKuro|spd|1
|-damage|p1a: OjitoConKuro|12/100|[from] ability: Rough Skin|[of] p2b: Garchomp
|-enditem|p1a: OjitoConKuro|White Herb
|-clearnegativeboost|p1a: OjitoConKuro|[silent]
|move|p2b: Garchomp|Dragon Claw|p1a: OjitoConKuro
|-damage|p1a: OjitoConKuro|0 fnt
|faint|p1a: OjitoConKuro
|-damage|p2b: Garchomp|9/100|[from] item: Life Orb
|
|-sideend|p1: jikada2|move: Tailwind
|upkeep
|
|t:|1784381650
|switch|p1b: Harley Quinn|Meowscarada, L50, M|100/100
|switch|p1a: Sasha|Ninetales-Alola, L50, F|100/100
|-weather|Snowscape|[from] ability: Snow Warning|[of] p1a: Sasha
|turn|5
|
|t:|1784381664
|move|p2a: Basculegion|Protect|p2a: Basculegion
|-singleturn|p2a: Basculegion|Protect
|move|p1a: Sasha|Blizzard|p2a: Basculegion|[spread] p2b
|-activate|p2a: Basculegion|move: Protect
|-supereffective|p2b: Garchomp|2
|-damage|p2b: Garchomp|0 fnt
|faint|p2b: Garchomp
|move|p1b: Harley Quinn|Flower Trick|p2a: Basculegion
|-start|p1b: Harley Quinn|typechange|Grass|[from] ability: Protean
|-activate|p2a: Basculegion|move: Protect
|
|-weather|Snowscape|[upkeep]
|upkeep
|
|t:|1784381670
|switch|p2b: Floette|Floette-Mega, L50, F|82/100
|-ability|p2b: Floette|Fairy Aura
|turn|6
|
|t:|1784381688
|move|p1a: Sasha|Blizzard|p2b: Floette|[spread] p2a,p2b
|-resisted|p2a: Basculegion|1
|-damage|p2a: Basculegion|81/100
|-damage|p2b: Floette|50/100g
|move|p1b: Harley Quinn|Flower Trick|p2a: Basculegion
|-supereffective|p2a: Basculegion|1
|-crit|p2a: Basculegion
|-damage|p2a: Basculegion|0 fnt
|faint|p2a: Basculegion
|-damage|p1b: Harley Quinn|90/100|[from] item: Life Orb
|move|p2b: Floette|Moonblast|p1b: Harley Quinn
|-damage|p1b: Harley Quinn|0 fnt
|faint|p1b: Harley Quinn
|
|-weather|Snowscape|[upkeep]
|upkeep
|turn|7
|
|t:|1784381696
|move|p2b: Floette|Protect|p2b: Floette
|-singleturn|p2b: Floette|Protect
|move|p1a: Sasha|Blizzard|p2b: Floette
|-activate|p2b: Floette|move: Protect
|
|-weather|Snowscape|[upkeep]
|upkeep
|turn|8
|
|t:|1784381705
|move|p1a: Sasha|Blizzard|p2b: Floette
|-damage|p2b: Floette|11/100
|move|p2b: Floette|Light of Ruin|p1a: Sasha
|-damage|p1a: Sasha|0 fnt
|faint|p1a: Sasha
|-damage|p2b: Floette|0 fnt|[from] Recoil
|faint|p2b: Floette
|
|win|ground tera
|raw|jikada2's rating: 1372 → 1345(-27 for losing)
|raw|ground tera's rating: 1254 → 1287(+33 for winning)
