|j|☆Beeetch
|j|☆slowpoke.jpg
|html|Beeetchslowpoke.jpg    
|uhtml|bestof|Game 2 of a best-of-3
|t:|1756857250
|gametype|doubles
|player|p1|Beeetch|beauty-gen4dp|1266
|player|p2|slowpoke.jpg|fisherman-gen4|1299
|gen|9
|tier|[Gen 9] VGC 2025 Reg H (Bo3)
|rated|
|rule|Species Clause: Limit one of each Pokémon
|rule|Item Clause: Limit 1 of each item
|clearpoke
|poke|p1|Excadrill, L50, F|
|poke|p1|Tyranitar, L50, F|
|poke|p1|Sneasler, L50, F|
|poke|p1|Indeedee, L50, M|
|poke|p1|Corviknight, L50, F|
|poke|p1|Annihilape, L50, M|
|poke|p2|Sneasler, L50, F|
|poke|p2|Indeedee, L50, M|
|poke|p2|Volcarona, L50, F|
|poke|p2|Ursaluna-Bloodmoon, L50, M|
|poke|p2|Annihilape, L50, F|
|poke|p2|Tyranitar, L50, M|
|teampreview|4
|showteam|p1|Excadrill||FocusSash|SandRush|IronHead,HighHorsepower,Earthquake,Protect|||F|||50|,,,,,Stellar]Tyranitar||AssaultVest|SandStream|RockSlide,KnockOff,TeraBlast,LowKick|||F|||50|,,,,,Flying]Sneasler||PsychicSeed|Unburden|DireClaw,CloseCombat,ThroatChop,Protect|||F|||50|,,,,,Dark]Indeedee||ChoiceScarf|PsychicSurge|ExpandingForce,TeraBlast,Protect,Trick|||M|||50|,,,,,Psychic]Corviknight||Leftovers|MirrorArmor|BraveBird,BulkUp,Roost,Tailwind|||F|||50|,,,,,Dragon]Annihilape||SafetyGoggles|Defiant|CloseCombat,FinalGambit,RageFist,Taunt|||M|||50|,,,,,Water
|showteam|p2|Sneasler||PsychicSeed|Unburden|CloseCombat,DireClaw,ThroatChop,Protect|||F|||50|,,,,,Dark]Indeedee||ChoiceScarf|PsychicSurge|ExpandingForce,TeraBlast,Trick,Protect|||M|||50|,,,,,Psychic]Volcarona||SitrusBerry|FlameBody|Flamethrower,StruggleBug,RagePowder,Tailwind|||F|||50|,,,,,Grass]Ursaluna-Bloodmoon||LifeOrb|MindsEye|BloodMoon,HyperVoice,EarthPower,Protect|||M|||50|,,,,,Normal]Annihilape||SafetyGoggles|Defiant|CloseCombat,RageFist,Taunt,FinalGambit|||F|||50|,,,,,Fairy]Tyranitar||AssaultVest|SandStream|RockSlide,KnockOff,TeraBlast,LowKick|||M|||50|,,,,,Flying
|
|t:|1756857283
|teamsize|p1|4
|teamsize|p2|4
|start
|switch|p1a: Tyranitar|Tyranitar, L50, F, shiny|100/100
|switch|p1b: Excadrill|Excadrill, L50, F, shiny|100/100
|switch|p2a: Annihilape|Annihilape, L50, F|100/100
|switch|p2b: Volcarona|Volcarona, L50, F|100/100
|-weather|Sandstorm|[from] ability: Sand Stream|[of] p1a: Tyranitar
|turn|1
|
|t:|1756857300
|-terastallize|p2b: Volcarona|Grass
|-terastallize|p1a: Tyranitar|Flying
|move|p1b: Excadrill|Earthquake|p2a: Annihilape|[spread] p2a,p2b
|-immune|p1a: Tyranitar
|-resisted|p2b: Volcarona
|-damage|p2a: Annihilape|57/100
|-damage|p2b: Volcarona|78/100
|move|p2b: Volcarona|Tailwind|p2b: Volcarona
|-sidestart|p2: slowpoke.jpg|move: Tailwind
|move|p2a: Annihilape|Rage Fist|p1b: Excadrill
|-damage|p1b: Excadrill|44/100
|move|p1a: Tyranitar|Rock Slide|p2a: Annihilape|[spread] p2a,p2b
|-resisted|p2a: Annihilape
|-damage|p2a: Annihilape|42/100
|-damage|p2b: Volcarona|40/100
|-enditem|p2b: Volcarona|Sitrus Berry|[eat]
|-heal|p2b: Volcarona|65/100|[from] item: Sitrus Berry
|
|-weather|Sandstorm|[upkeep]
|-damage|p2b: Volcarona|59/100|[from] Sandstorm
|-damage|p1a: Tyranitar|95/100|[from] Sandstorm
|upkeep
|turn|2
|
|t:|1756857324
|move|p2b: Volcarona|Flamethrower|p1b: Excadrill
|-supereffective|p1b: Excadrill
|-damage|p1b: Excadrill|0 fnt
|faint|p1b: Excadrill
|move|p2a: Annihilape|Rage Fist|p1a: Tyranitar
|-damage|p1a: Tyranitar|39/100
|move|p1a: Tyranitar|Tera Blast|p2a: Annihilape|[anim] Tera Blast Flying
|-supereffective|p2a: Annihilape
|-damage|p2a: Annihilape|0 fnt
|faint|p2a: Annihilape
|
|-weather|Sandstorm|[upkeep]
|-damage|p2b: Volcarona|53/100|[from] Sandstorm
|-damage|p1a: Tyranitar|33/100|[from] Sandstorm
|upkeep
|
|t:|1756857337
|switch|p2a: Sneasler|Sneasler, L50, F|100/100
|switch|p1b: Corviknight|Corviknight, L50, F|100/100
|turn|3
|
|t:|1756857347
|move|p2a: Sneasler|Dire Claw|p1a: Tyranitar
|-damage|p1a: Tyranitar|0 fnt
|faint|p1a: Tyranitar
|move|p2b: Volcarona|Flamethrower|p1b: Corviknight
|-supereffective|p1b: Corviknight
|-damage|p1b: Corviknight|28/100
|move|p1b: Corviknight|Tailwind|p1b: Corviknight
|-sidestart|p1: Beeetch|move: Tailwind
|
|-weather|Sandstorm|[upkeep]
|-damage|p2a: Sneasler|95/100|[from] Sandstorm
|-damage|p2b: Volcarona|47/100|[from] Sandstorm
|-heal|p1b: Corviknight|34/100|[from] item: Leftovers
|upkeep
|
|t:|1756857358
|switch|p1a: Annihilape|Annihilape, L50, M|100/100
|turn|4
|
|t:|1756857380
|move|p2a: Sneasler|Dire Claw|p1a: Annihilape
|-resisted|p1a: Annihilape
|-damage|p1a: Annihilape|77/100
|-status|p1a: Annihilape|psn
|move|p2b: Volcarona|Flamethrower|p1b: Corviknight
|-supereffective|p1b: Corviknight
|-damage|p1b: Corviknight|0 fnt
|faint|p1b: Corviknight
|move|p1a: Annihilape|Close Combat|p2b: Volcarona
|-damage|p2b: Volcarona|0 fnt
|-unboost|p1a: Annihilape|def|1
|-unboost|p1a: Annihilape|spd|1
|faint|p2b: Volcarona
|
|-weather|Sandstorm|[upkeep]
|-damage|p2a: Sneasler|89/100|[from] Sandstorm
|-damage|p1a: Annihilape|65/100 psn|[from] psn
|-sideend|p2: slowpoke.jpg|move: Tailwind
|upkeep
|
|t:|1756857383
|switch|p2b: Indeedee|Indeedee, L50, M|100/100
|-fieldstart|move: Psychic Terrain|[from] ability: Psychic Surge|[of] p2b: Indeedee
|-enditem|p2a: Sneasler|Psychic Seed
|-boost|p2a: Sneasler|spd|1|[from] item: Psychic Seed
|turn|5
|
|t:|1756857406
|move|p2a: Sneasler|Throat Chop|p1a: Annihilape
|-damage|p1a: Annihilape|16/100 psn
|-start|p1a: Annihilape|Throat Chop|[silent]
|move|p1a: Annihilape|Close Combat|p2b: Indeedee
|-damage|p2b: Indeedee|0 fnt
|-unboost|p1a: Annihilape|def|1
|-unboost|p1a: Annihilape|spd|1
|faint|p2b: Indeedee
|
|-weather|none
|-damage|p1a: Annihilape|4/100 psn|[from] psn
|upkeep
|turn|6
|
|t:|1756857418
|move|p2a: Sneasler|Throat Chop|p1a: Annihilape
|-damage|p1a: Annihilape|0 fnt
|faint|p1a: Annihilape
|
|win|slowpoke.jpg
