|j|‽AIRegMB
|j|☆new mental
|html|AIRegMBnew mental    
|uhtml|bestof|Game 1 of a best-of-3
|t:|1783677603
|gametype|doubles
|player|p1|AIRegMB|alec-anime|1254
|player|p2|new mental|volkner|1253
|gen|9
|tier|[Gen 9 Champions] VGC 2026 Reg M-B (Bo3)
|rated|
|rule|Species Clause: Limit one of each Pokémon
|rule|Item Clause: Limit 1 of each item
|clearpoke
|poke|p1|Sinistcha, L50|
|poke|p1|Ceruledge, L50, M|
|poke|p1|Ninetales-Alola, L50, F|
|poke|p1|Scovillain, L50, M|
|poke|p1|Annihilape, L50, F|
|poke|p1|Incineroar, L50, F, shiny|
|poke|p2|Charizard, L50, M|
|poke|p2|Kingambit, L50, F|
|poke|p2|Sylveon, L50, F|
|poke|p2|Garchomp, L50, F|
|poke|p2|Aerodactyl, L50, F|
|poke|p2|Farigiraf, L50, F|
|teampreview|4
|showteam|p1|Sinistcha||KasibBerry|Hospitality|RagePowder,MatchaGotcha,TrickRoom,Protect|Bold|||||50|]Ceruledge||ColburBerry|FlashFire|BulkUp,BitterBlade,ShadowSneak,Protect|Adamant||M|||50|]Ninetales-Alola||NeverMeltIce|SnowWarning|Blizzard,FreezeDry,AuroraVeil,Protect|Timid||F|||50|]Scovillain||Scovillainite|Moody|RagePowder,GigaDrain,Overheat,Protect|Calm||M|||50|]Annihilape||FocusSash|Defiant|RageFist,CloseCombat,Coaching,Protect|Adamant||F|||50|]Incineroar||SitrusBerry|Intimidate|FakeOut,FlareBlitz,ThroatChop,PartingShot|Careful||F|||50|
|showteam|p2|Charizard||CharizarditeY|SolarPower|Protect,HeatWave,SolarBeam,WeatherBall|Modest||M|||50|]Kingambit||FocusSash|Defiant|IronHead,SuckerPunch,KowtowCleave,LowKick|Adamant||F|||50|]Sylveon||FairyFeather|Pixilate|Detect,HyperVoice,HyperBeam,QuickAttack|Modest||F|||50|]Garchomp||LifeOrb|RoughSkin|Protect,DragonClaw,Earthquake,RockSlide|Jolly||F|||50|]Aerodactyl||Aerodactylite|Unnerve|IceFang,RockSlide,Tailwind,DualWingbeat|Jolly||F|||50|]Farigiraf||SitrusBerry|ArmorTail|TrickRoom,Psychic,Thunderbolt,Roar|Bold||F|||50|
|inactive|Battle timer is ON: inactive players will automatically lose when time's up. (requested by AIRegMB)
|inactive|new mental has 60 seconds left.
|
|t:|1783677704
|teamsize|p1|4
|teamsize|p2|4
|start
|switch|p1a: Ceruledge|Ceruledge, L50, M|100/100
|switch|p1b: Scovillain|Scovillain, L50, M|100/100
|switch|p2a: Charizard|Charizard, L50, M|100/100
|switch|p2b: Sylveon|Sylveon, L50, F|100/100
|turn|1
|
|t:|1783677731
|switch|p1b: Incineroar|Incineroar, L50, F, shiny|100/100
|-ability|p1b: Incineroar|Intimidate|boost
|-unboost|p2a: Charizard|atk|1
|-unboost|p2b: Sylveon|atk|1
|detailschange|p2a: Charizard|Charizard-Mega-Y, L50, M
|-mega|p2a: Charizard|Charizard|Charizardite Y
|-weather|SunnyDay|[from] ability: Drought|[of] p2a: Charizard
|move|p2a: Charizard|Weather Ball|p1b: Incineroar
|-resisted|p1b: Incineroar|1
|-damage|p1b: Incineroar|65/100
|move|p1a: Ceruledge|Bulk Up|p1a: Ceruledge
|-boost|p1a: Ceruledge|atk|1
|-boost|p1a: Ceruledge|def|1
|move|p2b: Sylveon|Hyper Voice|p1a: Ceruledge|[spread] p1a,p1b
|-resisted|p1a: Ceruledge|1
|-crit|p1a: Ceruledge
|-damage|p1a: Ceruledge|64/100
|-damage|p1b: Incineroar|29/100
|-enditem|p1b: Incineroar|Sitrus Berry|[eat]
|-heal|p1b: Incineroar|53/100|[from] item: Sitrus Berry
|
|-weather|SunnyDay|[upkeep]
|upkeep
|turn|2
|
|t:|1783677749
|switch|p2a: Farigiraf|Farigiraf, L50, F|100/100
|move|p1b: Incineroar|Fake Out||[still]
|cant|p2a: Farigiraf|ability: Armor Tail|Fake Out|[of] p1b: Incineroar
|move|p1a: Ceruledge|Bitter Blade|p2b: Sylveon
|-damage|p2b: Sylveon|0 fnt
|-heal|p1a: Ceruledge|100/100|[from] drain|[of] p2b: Sylveon
|faint|p2b: Sylveon
|
|-weather|SunnyDay|[upkeep]
|upkeep
|
|t:|1783677759
|switch|p2b: Garchomp|Garchomp, L50, F|100/100
|turn|3
|inactive|AIRegMB has 30 seconds left.
|
|t:|1783677786
|switch|p1b: Scovillain|Scovillain, L50, M|100/100
|move|p2b: Garchomp|Earthquake|p1a: Ceruledge|[spread] p2a,p1a,p1b
|-supereffective|p1a: Ceruledge|1
|-damage|p2a: Farigiraf|59/100
|-damage|p1a: Ceruledge|25/100
|-damage|p1b: Scovillain|36/100
|-damage|p2b: Garchomp|90/100|[from] item: Life Orb
|move|p1a: Ceruledge|Bitter Blade|p2a: Farigiraf
|-damage|p2a: Farigiraf|0 fnt
|-heal|p1a: Ceruledge|61/100|[from] drain|[of] p2a: Farigiraf
|faint|p2a: Farigiraf
|
|-weather|SunnyDay|[upkeep]
|-ability|p1b: Scovillain|Moody|boost
|-boost|p1b: Scovillain|spa|2
|-unboost|p1b: Scovillain|atk|1
|upkeep
|
|t:|1783677796
|switch|p2a: Charizard|Charizard-Mega-Y, L50, M|100/100
|turn|4
|
|t:|1783677803
|detailschange|p1b: Scovillain|Scovillain-Mega, L50, M
|-mega|p1b: Scovillain|Scovillain|Scovillainite
|move|p2b: Garchomp|Protect|p2b: Garchomp
|-singleturn|p2b: Garchomp|Protect
|move|p1a: Ceruledge|Protect|p1a: Ceruledge
|-singleturn|p1a: Ceruledge|Protect
|move|p2a: Charizard|Weather Ball|p1b: Scovillain
|-damage|p1b: Scovillain|0 fnt
|-immune|p2a: Charizard
|faint|p1b: Scovillain
|
|-weather|SunnyDay|[upkeep]
|upkeep
|
|t:|1783677808
|switch|p1b: Incineroar|Incineroar, L50, F, shiny|53/100
|-ability|p1b: Incineroar|Intimidate|boost
|-unboost|p2a: Charizard|atk|1
|-unboost|p2b: Garchomp|atk|1
|turn|5
|
|t:|1783677812
|move|p2a: Charizard|Protect|p2a: Charizard
|-singleturn|p2a: Charizard|Protect
|move|p1b: Incineroar|Fake Out|p2b: Garchomp
|-damage|p2b: Garchomp|79/100
|-damage|p1b: Incineroar|41/100|[from] ability: Rough Skin|[of] p2b: Garchomp
|cant|p2b: Garchomp|flinch
|move|p1a: Ceruledge|Bitter Blade|p2b: Garchomp
|-resisted|p2b: Garchomp|1
|-damage|p2b: Garchomp|25/100
|-heal|p1a: Ceruledge|89/100|[from] drain|[of] p2b: Garchomp
|-damage|p1a: Ceruledge|76/100|[from] ability: Rough Skin|[of] p2b: Garchomp
|
|-weather|none
|upkeep
|turn|6
|
|t:|1783677835
|switch|p1b: Sinistcha|Sinistcha, L50|100/100
|-heal|p1a: Ceruledge|100/100|[from] ability: Hospitality|[of] p1b: Sinistcha
|move|p1a: Ceruledge|Shadow Sneak|p2b: Garchomp
|-damage|p2b: Garchomp|0 fnt
|-damage|p1a: Ceruledge|87/100|[from] ability: Rough Skin|[of] p2b: Garchomp
|faint|p2b: Garchomp
|move|p2a: Charizard|Weather Ball|p1b: Sinistcha
|-immune|p1b: Sinistcha
|
|upkeep
|turn|7
|-message|new mental forfeited.
|
|win|AIRegMB
||new mental is ready for game 2.
||AIRegMB is ready for game 2.
|uhtml|next|Next: Game 2 of 3
|l|‽AIRegMB
|player|p1|
