|j|☆siyam332211
|j|☆xenit9e
|html|siyam332211xenit9e    
|uhtml|bestof|Game 3 of a best-of-3
|t:|1785347474
|gametype|doubles
|player|p1|siyam332211|2|1132
|player|p2|xenit9e|cynthia|1079
|gen|9
|tier|[Gen 9 Champions] VGC 2026 Reg M-B (Bo3)
|rated|
|rule|Species Clause: Limit one of each Pokémon
|rule|Item Clause: Limit 1 of each item
|clearpoke
|poke|p1|Charizard, L50, F|
|poke|p1|Archaludon, L50, F|
|poke|p1|Venusaur, L50, M|
|poke|p1|Basculegion, L50, M|
|poke|p1|Pelipper, L50, M|
|poke|p1|Grimmsnarl, L50, M|
|poke|p2|Talonflame, L50, M|
|poke|p2|Swampert, L50, M|
|poke|p2|Annihilape, L50, M|
|poke|p2|Archaludon, L50, M|
|poke|p2|Tyranitar, L50, F|
|poke|p2|Grimmsnarl, L50, M|
|teampreview|4
|showteam|p1|Charizard||CharizarditeY|Blaze|Protect,HeatWave,SolarBeam,WeatherBall|Modest||F|||50|]Archaludon||Leftovers|Stamina|Protect,ElectroShot,DragonPulse,FlashCannon|Calm||F|||50|]Venusaur||FocusSash|Chlorophyll|Protect,EarthPower,SludgeBomb,SleepPowder|Modest||M|||50|]Basculegion||ChoiceScarf|Adaptability|WaveCrash,FlipTurn,AquaJet,LastRespects|Jolly||M|||50|]Pelipper||SitrusBerry|Drizzle|WeatherBall,Hurricane,WideGuard,Tailwind|Modest||M|||50|]Grimmsnarl||LightClay|Prankster|Reflect,LightScreen,SpiritBreak,PartingShot|Sassy||M|||50|
|showteam|p2|Talonflame||SharpBeak|GaleWings|DualWingbeat,FlareBlitz,Tailwind,QuickGuard|Jolly||M|||50|]Swampert||Swampertite|Damp|WaveCrash,HighHorsepower,BulkUp,Protect|Adamant||M|||50|]Annihilape||LifeOrb|Defiant|DrainPunch,RageFist,StormThrow,Protect|Jolly||M|||50|]Archaludon||Leftovers|Stalwart|FlashCannon,DragonPulse,Thunderbolt,Snarl|Modest||M|||50|]Tyranitar||Tyranitarite|SandStream|KnockOff,RockSlide,DragonDance,Protect|Adamant||F|||50|]Grimmsnarl||FairyFeather|Prankster|SpiritBreak,FakeOut,LightScreen,SuckerPunch|Brave||M|||50|
|inactive|Battle timer is ON: inactive players will automatically lose when time's up. (requested by xenit9e)
|inactive|siyam332211 has 60 seconds left.
|inactive|siyam332211 has 30 seconds left.
|
|t:|1785347539
|teamsize|p1|4
|teamsize|p2|4
|start
|switch|p1a: Archaludon|Archaludon, L50, F|100/100
|switch|p1b: Grimmsnarl|Grimmsnarl, L50, M|100/100
|switch|p2a: Talonflame|Talonflame, L50, M|100/100
|switch|p2b: Archaludon|Archaludon, L50, M|100/100
|turn|1
|inactive|siyam332211 has 30 seconds left.
|inactive|siyam332211 has 20 seconds left.
|
|t:|1785347575
|switch|p2a: Swampert|Swampert, L50, M|100/100
|move|p1b: Grimmsnarl|Light Screen|p1b: Grimmsnarl
|-sidestart|p1: siyam332211|move: Light Screen
|move|p1a: Archaludon|Dragon Pulse|p2a: Swampert
|-crit|p2a: Swampert
|-damage|p2a: Swampert|50/100g
|move|p2b: Archaludon|Dragon Pulse|p1a: Archaludon
|-damage|p1a: Archaludon|70/100
|-ability|p1a: Archaludon|Stamina|boost
|-boost|p1a: Archaludon|def|1
|
|-heal|p1a: Archaludon|76/100|[from] item: Leftovers
|upkeep
|turn|2
|
|t:|1785347598
|move|p1b: Grimmsnarl|Reflect|p1b: Grimmsnarl
|-sidestart|p1: siyam332211|Reflect
|move|p1a: Archaludon|Dragon Pulse|p2a: Swampert
|-damage|p2a: Swampert|17/100
|move|p2b: Archaludon|Flash Cannon|p1b: Grimmsnarl
|-supereffective|p1b: Grimmsnarl|1
|-damage|p1b: Grimmsnarl|40/100
|move|p2a: Swampert|High Horsepower|p1a: Archaludon
|-supereffective|p1a: Archaludon|1
|-damage|p1a: Archaludon|44/100
|-ability|p1a: Archaludon|Stamina|boost
|-boost|p1a: Archaludon|def|1
|
|-heal|p1a: Archaludon|50/100g|[from] item: Leftovers
|upkeep
|turn|3
|
|t:|1785347621
|move|p2a: Swampert|Protect|p2a: Swampert
|-singleturn|p2a: Swampert|Protect
|move|p1a: Archaludon|Dragon Pulse|p2a: Swampert
|-activate|p2a: Swampert|move: Protect
|move|p2b: Archaludon|Snarl|p1a: Archaludon|[spread] p1a,p1b
|-resisted|p1b: Grimmsnarl|2
|-damage|p1a: Archaludon|41/100
|-damage|p1b: Grimmsnarl|38/100
|-unboost|p1a: Archaludon|spa|1
|-unboost|p1b: Grimmsnarl|spa|1
|-ability|p1a: Archaludon|Stamina|boost
|-boost|p1a: Archaludon|def|1
|move|p1b: Grimmsnarl|Spirit Break|p2b: Archaludon
|-damage|p2b: Archaludon|78/100
|-unboost|p2b: Archaludon|spa|1
|
|-heal|p1a: Archaludon|47/100|[from] item: Leftovers
|-heal|p2b: Archaludon|84/100|[from] item: Leftovers
|upkeep
|turn|4
|inactive|siyam332211 has 30 seconds left.
|inactive|siyam332211 has 20 seconds left.
|
|t:|1785347658
|move|p1b: Grimmsnarl|Parting Shot|p2b: Archaludon
|-unboost|p2b: Archaludon|atk|1
|-unboost|p2b: Archaludon|spa|1
|
|t:|1785347661
|switch|p1b: Basculegion|Basculegion, L50, M|100/100|[from] Parting Shot
|move|p1a: Archaludon|Dragon Pulse|p2a: Swampert
|-damage|p2a: Swampert|0 fnt
|faint|p2a: Swampert
|move|p2b: Archaludon|Snarl|p1b: Basculegion|[spread] p1a,p1b
|-supereffective|p1b: Basculegion|1
|-damage|p1a: Archaludon|42/100
|-damage|p1b: Basculegion|87/100
|-unboost|p1a: Archaludon|spa|1
|-unboost|p1b: Basculegion|spa|1
|-ability|p1a: Archaludon|Stamina|boost
|-boost|p1a: Archaludon|def|1
|
|-heal|p1a: Archaludon|48/100|[from] item: Leftovers
|-heal|p2b: Archaludon|90/100|[from] item: Leftovers
|upkeep
|
|t:|1785347668
|switch|p2a: Talonflame|Talonflame, L50, M|100/100
|turn|5
|inactive|siyam332211 has 30 seconds left.
|inactive|siyam332211 has 20 seconds left.
|
|t:|1785347708
|switch|p2b: Tyranitar|Tyranitar, L50, F|100/100
|-weather|Sandstorm|[from] ability: Sand Stream|[of] p2b: Tyranitar
|move|p1b: Basculegion|Aqua Jet|p2a: Talonflame
|-supereffective|p2a: Talonflame|1
|-damage|p2a: Talonflame|25/100
|move|p2a: Talonflame|Tailwind|p2a: Talonflame
|-sidestart|p2: xenit9e|move: Tailwind
|move|p1a: Archaludon|Dragon Pulse|p2a: Talonflame
|-damage|p2a: Talonflame|0 fnt
|faint|p2a: Talonflame
|
|-weather|Sandstorm|[upkeep]
|-damage|p1b: Basculegion|81/100|[from] Sandstorm
|-heal|p1a: Archaludon|54/100|[from] item: Leftovers
|upkeep
|
|t:|1785347715
|switch|p2a: Archaludon|Archaludon, L50, M|90/100
|turn|6
|inactive|siyam332211 has 30 seconds left.
|inactive|siyam332211 has 20 seconds left.
|inactive|siyam332211 has 15 seconds left.
|inactive|siyam332211 has 10 seconds left.
|
|t:|1785347765
|move|p1b: Basculegion|Aqua Jet|p2b: Tyranitar
|-supereffective|p2b: Tyranitar|1
|-damage|p2b: Tyranitar|57/100
|move|p2b: Tyranitar|Knock Off|p1a: Archaludon
|-damage|p1a: Archaludon|44/100
|-ability|p1a: Archaludon|Stamina|boost
|-boost|p1a: Archaludon|def|1
|-enditem|p1a: Archaludon|Leftovers|[from] move: Knock Off|[of] p2b: Tyranitar
|move|p2a: Archaludon|Thunderbolt|p1b: Basculegion
|-supereffective|p1b: Basculegion|1
|-damage|p1b: Basculegion|30/100
|move|p1a: Archaludon|Flash Cannon|p2b: Tyranitar
|-supereffective|p2b: Tyranitar|1
|-damage|p2b: Tyranitar|32/100
|
|-weather|Sandstorm|[upkeep]
|-damage|p1b: Basculegion|24/100|[from] Sandstorm
|-heal|p2a: Archaludon|96/100|[from] item: Leftovers
|upkeep
|turn|7
|inactive|siyam332211 has 30 seconds left.
|inactive|siyam332211 has 20 seconds left.
|inactive|siyam332211 has 15 seconds left.
|inactive|siyam332211 has 10 seconds left.
|inactive|siyam332211 has 5 seconds left.
|
|t:|1785347818
|switch|p1b: Charizard|Charizard, L50, F|100/100
|move|p2b: Tyranitar|Protect|p2b: Tyranitar
|-singleturn|p2b: Tyranitar|Protect
|move|p2a: Archaludon|Dragon Pulse|p1a: Archaludon
|-damage|p1a: Archaludon|16/100
|-ability|p1a: Archaludon|Stamina|boost
|-boost|p1a: Archaludon|def|1
|move|p1a: Archaludon|Flash Cannon|p2b: Tyranitar
|-activate|p2b: Tyranitar|move: Protect
|
|-weather|Sandstorm|[upkeep]
|-damage|p1b: Charizard|94/100|[from] Sandstorm
|-heal|p2a: Archaludon|100/100|[from] item: Leftovers
|upkeep
|turn|8
|inactive|siyam332211 has 30 seconds left.
|inactive|siyam332211 has 20 seconds left.
|inactive|siyam332211 has 15 seconds left.
|inactive|xenit9e has 30 seconds left.
|inactive|siyam332211 has 10 seconds left.
|inactive|siyam332211 has 5 seconds left.
|
|t:|1785347870
|detailschange|p1b: Charizard|Charizard-Mega-Y, L50, F
|-mega|p1b: Charizard|Charizard|Charizardite Y
|-weather|SunnyDay|[from] ability: Drought|[of] p1b: Charizard
|move|p2b: Tyranitar|Rock Slide|p1b: Charizard|[spread] p1a,p1b
|-resisted|p1a: Archaludon|1
|-supereffective|p1b: Charizard|2
|-damage|p1a: Archaludon|14/100
|-damage|p1b: Charizard|0 fnt
|faint|p1b: Charizard
|move|p2a: Archaludon|Dragon Pulse|p1a: Archaludon
|-damage|p1a: Archaludon|0 fnt
|faint|p1a: Archaludon
|
|-weather|SunnyDay|[upkeep]
|-sideend|p1: siyam332211|move: Light Screen
|-sideend|p2: xenit9e|move: Tailwind
|upkeep
|c|☆siyam332211|Gg
|
|t:|1785347883
|switch|p1b: Grimmsnarl|Grimmsnarl, L50, M|38/100
|switch|p1a: Basculegion|Basculegion, L50, M|24/100
|turn|9
|inactive|siyam332211 has 30 seconds left.
|
|t:|1785347914
|detailschange|p2b: Tyranitar|Tyranitar-Mega, L50, F
|-mega|p2b: Tyranitar|Tyranitar|Tyranitarite
|-weather|Sandstorm|[from] ability: Sand Stream|[of] p2b: Tyranitar
|move|p2b: Tyranitar|Protect|p2b: Tyranitar
|-singleturn|p2b: Tyranitar|Protect
|move|p1b: Grimmsnarl|Parting Shot|p2a: Archaludon
|-unboost|p2a: Archaludon|atk|1
|-unboost|p2a: Archaludon|spa|1
|move|p1a: Basculegion|Last Respects|p2b: Tyranitar
|-activate|p2b: Tyranitar|move: Protect
|move|p2a: Archaludon|Thunderbolt|p1a: Basculegion
|-supereffective|p1a: Basculegion|1
|-damage|p1a: Basculegion|0 fnt
|faint|p1a: Basculegion
|
|-weather|Sandstorm|[upkeep]
|-damage|p1b: Grimmsnarl|32/100|[from] Sandstorm
|-sideend|p1: siyam332211|Reflect
|upkeep
|turn|10
|-message|siyam332211 forfeited.
|raw|siyam332211's rating: 1132 → 1103(-29 for losing)
|raw|xenit9e's rating: 1079 → 1111(+32 for winning)
|
|win|xenit9e
|c|☆xenit9e|ggs
