|j|â˜†Jerry Judewong
|j|â˜†astuarywave
|html|Jerry Judewongastuarywave    
|uhtml|bestof|Game 1 of a best-of-3
|t:|1785120281
|gametype|doubles
|player|p1|Jerry Judewong|hilbert-wonderlauncher|
|player|p2|astuarywave|hoopster|
|gen|9
|tier|[Gen 9 Champions] VGC 2026 Reg M-B (Bo3)
|rule|Species Clause: Limit one of each PokÃ©mon
|rule|Item Clause: Limit 1 of each item
|clearpoke
|poke|p1|Incineroar, L50, M|
|poke|p1|Farigiraf, L50, M|
|poke|p1|Mawile, L50, F|
|poke|p1|Ariados, L50, M|
|poke|p1|Roserade, L50, M|
|poke|p1|Alcremie, L50, F|
|poke|p2|Rotom-Heat, L50, shiny|
|poke|p2|Sylveon, L50, F, shiny|
|poke|p2|Sceptile, L50, M, shiny|
|poke|p2|Aerodactyl, L50, F|
|poke|p2|Meowscarada, L50, M|
|poke|p2|Sableye, L50, F, shiny|
|teampreview|4
|showteam|p1|Incineroar||PasshoBerry|Intimidate|FakeOut,PartingShot,FlareBlitz,DarkestLariat|Careful||M|||50|]Farigiraf||ColburBerry|ArmorTail|TrickRoom,HyperVoice,Thunderbolt,TwinBeam|Modest||M|||50|]Mawile||Mawilite|Intimidate|SuckerPunch,PlayRough,RockSlide,Protect|Adamant||F|||50|]Ariados||MentalHerb|Insomnia|RagePowder,FirstImpression,StruggleBug,Protect|Sassy||M|||50|]Roserade||ChoiceScarf|PoisonPoint|GrassKnot,SludgeBomb,DazzlingGleam,Extrasensory|Modest||M|||50|]Alcremie||KebiaBerry|AromaVeil|Decorate,BabyDollEyes,Encore,AlluringVoice|Sassy||F|||50|
|showteam|p2|Rotom-Heat||ChoiceScarf|Levitate|Overheat,Discharge,VoltSwitch,WillOWisp|Timid|||||50|]Sylveon||FairyFeather|Pixilate|Detect,HyperVoice,Moonblast,QuickAttack|Modest||F|||50|]Sceptile||Sceptilite|Overgrow|Detect,DragonPulse,EnergyBall,EarthPower|Timid||M|||50|]Aerodactyl||Aerodactylite|Unnerve|WideGuard,DualWingbeat,RockSlide,Earthquake|Jolly||F|||50|]Meowscarada||LifeOrb|Protean|KnockOff,FlowerTrick,TripleAxel,Protect|Jolly||M|||50|]Sableye||LightClay|Prankster|LightScreen,WillOWisp,SuckerPunch,Encore|Impish||F|||50|
|
|t:|1785120309
|teamsize|p1|4
|teamsize|p2|4
|start
|switch|p1a: Incineroar|Incineroar, L50, M|100/100
|switch|p1b: Farigiraf|Farigiraf, L50, M|100/100
|switch|p2a: Sylveon|Sylveon, L50, F, shiny|100/100
|switch|p2b: Meowscarada|Meowscarada, L50, M|100/100
|-ability|p1a: Incineroar|Intimidate|boost
|-unboost|p2a: Sylveon|atk|1
|-unboost|p2b: Meowscarada|atk|1
|turn|1
|c|â˜†Jerry Judewong|Umm its suppoed to be CTS
|c|â˜†Jerry Judewong|Im not looking at any of your sets, just be careful
|
|t:|1785120352
|move|p1a: Incineroar|Fake Out|p2b: Meowscarada
|-damage|p2b: Meowscarada|80/100
|cant|p2b: Meowscarada|flinch
|move|p2a: Sylveon|Hyper Voice|p1b: Farigiraf|[spread] p1a,p1b
|-damage|p1a: Incineroar|68/100
|-damage|p1b: Farigiraf|66/100
|move|p1b: Farigiraf|Trick Room|p1b: Farigiraf
|-fieldstart|move: Trick Room|[of] p1b: Farigiraf
|
|upkeep
|turn|2
|
|t:|1785120383
|move|p1b: Farigiraf|Hyper Voice|p2a: Sylveon|[spread] p2a,p2b
|-damage|p2a: Sylveon|80/100
|-damage|p2b: Meowscarada|29/100
|move|p1a: Incineroar|Parting Shot|p2a: Sylveon
|-unboost|p2a: Sylveon|atk|1
|-unboost|p2a: Sylveon|spa|1
|
|t:|1785120389
|switch|p1a: Mawile|Mawile, L50, F|100/100|[from] Parting Shot
|-ability|p1a: Mawile|Intimidate|boost
|-unboost|p2a: Sylveon|atk|1
|-unboost|p2b: Meowscarada|atk|1
|move|p2a: Sylveon|Hyper Voice|p1a: Mawile|[spread] p1a,p1b
|-resisted|p1a: Mawile|1
|-damage|p1a: Mawile|72/100
|-damage|p1b: Farigiraf|45/100
|move|p2b: Meowscarada|Knock Off|p1b: Farigiraf
|-start|p2b: Meowscarada|typechange|Dark|[from] ability: Protean
|-supereffective|p1b: Farigiraf|1
|-enditem|p1b: Farigiraf|Colbur Berry|[eat]
|-enditem|p1b: Farigiraf|Colbur Berry|[weaken]
|-damage|p1b: Farigiraf|14/100
|-damage|p2b: Meowscarada|19/100|[from] item: Life Orb
|
|upkeep
|turn|3
|
|t:|1785120411
|detailschange|p1a: Mawile|Mawile-Mega, L50, F
|-mega|p1a: Mawile|Mawile|Mawilite
|move|p2a: Sylveon|Detect|p2a: Sylveon
|-singleturn|p2a: Sylveon|Protect
|move|p2b: Meowscarada|Protect|p2b: Meowscarada
|-singleturn|p2b: Meowscarada|Protect
|move|p1a: Mawile|Play Rough|p2a: Sylveon
|-activate|p2a: Sylveon|move: Protect
|move|p1b: Farigiraf|Hyper Voice|p2a: Sylveon|[spread] 
|-activate|p2a: Sylveon|move: Protect
|-activate|p2b: Meowscarada|move: Protect
|
|upkeep
|turn|4
|
|t:|1785120442
|move|p1a: Mawile|Play Rough|p2a: Sylveon
|-damage|p2a: Sylveon|0 fnt
|faint|p2a: Sylveon
|move|p1b: Farigiraf|Hyper Voice|p2b: Meowscarada
|-damage|p2b: Meowscarada|0 fnt
|faint|p2b: Meowscarada
|
|upkeep
|
|t:|1785120449
|switch|p2a: Rotom|Rotom-Heat, L50, shiny|100/100
|switch|p2b: Sceptile|Sceptile, L50, M, shiny|100/100
|turn|5
|
|t:|1785120473
|switch|p1a: Incineroar|Incineroar, L50, M|68/100
|-ability|p1a: Incineroar|Intimidate|boost
|-unboost|p2a: Rotom|atk|1
|-unboost|p2b: Sceptile|atk|1
|detailschange|p2b: Sceptile|Sceptile-Mega, L50, M, shiny
|-mega|p2b: Sceptile|Sceptile|Sceptilite
|move|p1b: Farigiraf|Hyper Voice|p2a: Rotom|[spread] p2a,p2b
|-damage|p2a: Rotom|59/100
|-damage|p2b: Sceptile|55/100
|move|p2b: Sceptile|Earth Power|p1a: Incineroar
|-supereffective|p1a: Incineroar|1
|-damage|p1a: Incineroar|17/100
|move|p2a: Rotom|Overheat|p1a: Incineroar
|-resisted|p1a: Incineroar|1
|-damage|p1a: Incineroar|0 fnt
|-unboost|p2a: Rotom|spa|2
|faint|p1a: Incineroar
|
|-fieldend|move: Trick Room
|upkeep
|
|t:|1785120493
|switch|p1a: Mawile|Mawile-Mega, L50, F|72/100
|turn|6
|
|t:|1785120510
|move|p1a: Mawile|Sucker Punch|p2b: Sceptile
|-damage|p2b: Sceptile|0 fnt
|faint|p2b: Sceptile
|move|p2a: Rotom|Overheat|p1a: Mawile
|-supereffective|p1a: Mawile|1
|-damage|p1a: Mawile|1/100
|-unboost|p2a: Rotom|spa|2
|move|p1b: Farigiraf|Trick Room|p1b: Farigiraf
|-fieldstart|move: Trick Room|[of] p1b: Farigiraf
|
|upkeep
|turn|7
|
|t:|1785120522
|move|p1a: Mawile|Rock Slide|p2a: Rotom
|-supereffective|p2a: Rotom|1
|-damage|p2a: Rotom|0 fnt
|faint|p2a: Rotom
|
|win|Jerry Judewong
||Jerry Judewong is ready for game 2.
|inactive|astuarywave has 30 seconds to confirm battle start!
||astuarywave is ready for game 2.
|uhtml|next|Next: Game 2 of 3
