|j|☆freudianbreath
|j|☆VgcUSUM
|html|freudianbreathVgcUSUM    
|uhtml|bestof|Game 3 of a best-of-3
|t:|1785882543
|gametype|doubles
|player|p1|freudianbreath|102|1120
|player|p2|VgcUSUM|cynthia|1141
|gen|9
|tier|[Gen 9 Champions] VGC 2026 Reg M-B (Bo3)
|rated|
|rule|Species Clause: Limit one of each Pokémon
|rule|Item Clause: Limit 1 of each item
|clearpoke
|poke|p1|Gholdengo, L50|
|poke|p1|Whimsicott, L50, M|
|poke|p1|Sneasler, L50, F|
|poke|p1|Aerodactyl, L50, F|
|poke|p1|Politoed, L50, M|
|poke|p1|Swampert, L50, M|
|poke|p2|Kangaskhan, L50, F|
|poke|p2|Chandelure, L50, M|
|poke|p2|Gallade, L50, M|
|poke|p2|Garchomp, L50, F|
|poke|p2|Tyranitar, L50, M|
|poke|p2|Corviknight, L50, F|
|teampreview|4
|showteam|p1|Gholdengo||LifeOrb|GoodasGold|NastyPlot,MakeItRain,Protect,ShadowBall|Timid|||||50|]Whimsicott||SitrusBerry|Prankster|Moonblast,Encore,Tailwind,Protect|Bold||M|||50|]Sneasler||FocusSash|Unburden|FakeOut,DireClaw,CloseCombat,ThroatChop|Jolly||F|||50|]Aerodactyl||Aerodactylite|Unnerve|DualWingbeat,RockSlide,Protect,Tailwind|Jolly||F|||50|]Politoed||Leftovers|Drizzle|Whirlpool,Protect,EarthPower,WeatherBall|Modest||M|||50|]Swampert||Swampertite|Torrent|WaveCrash,Protect,HighHorsepower,IcePunch|Adamant||M|||50|
|showteam|p2|Kangaskhan||Kangaskhanite|Scrappy|FakeOut,DoubleEdge,IcePunch,BrickBreak|Brave||F|||50|]Chandelure||FocusSash|FlashFire|TrickRoom,HeatWave,ShadowBall,Protect|Quiet||M|||50|]Gallade||IronBall|Sharpness|Protect,LeafBlade,SacredSword,PsychoCut|Brave||M|||50|]Garchomp||Garchompite|SandVeil|Protect,EarthPower,DracoMeteor,PowerGem|Modest||F|||50|]Tyranitar||ChoiceScarf|SandStream|LowKick,IcePunch,RockSlide,KnockOff|Jolly||M|||50|]Corviknight||LifeOrb|MirrorArmor|Protect,Tailwind,IronHead,DualWingbeat|Jolly||F|||50|
|
|t:|1785882636
|teamsize|p1|4
|teamsize|p2|4
|start
|switch|p1a: Gholdengo|Gholdengo, L50|100/100
|switch|p1b: Swampert|Swampert, L50, M|100/100
|switch|p2a: Corviknight|Corviknight, L50, F|100/100
|switch|p2b: Gallade|Gallade, L50, M|100/100
|turn|1
|inactive|Battle timer is ON: inactive players will automatically lose when time's up. (requested by VgcUSUM)
|
|t:|1785882702
|move|p1b: Swampert|Protect|p1b: Swampert
|-singleturn|p1b: Swampert|Protect
|move|p2b: Gallade|Protect|p2b: Gallade
|-singleturn|p2b: Gallade|Protect
|move|p1a: Gholdengo|Shadow Ball|p2b: Gallade
|-activate|p2b: Gallade|move: Protect
|move|p2a: Corviknight|Tailwind|p2a: Corviknight
|-sidestart|p2: VgcUSUM|move: Tailwind
|
|upkeep
|turn|2
|inactive|freudianbreath has 30 seconds left.
|inactive|VgcUSUM has 30 seconds left.
|inactive|freudianbreath has 20 seconds left.
|inactive|freudianbreath has 15 seconds left.
|inactive|freudianbreath has 10 seconds left.
|
|t:|1785882752
|switch|p1a: Politoed|Politoed, L50, M|100/100
|-weather|RainDance|[from] ability: Drizzle|[of] p1a: Politoed
|detailschange|p1b: Swampert|Swampert-Mega, L50, M
|-mega|p1b: Swampert|Swampert|Swampertite
|move|p2a: Corviknight|Iron Head|p1a: Politoed
|-resisted|p1a: Politoed|1
|-damage|p1a: Politoed|78/100
|-damage|p2a: Corviknight|90/100|[from] item: Life Orb
|move|p1b: Swampert|Wave Crash|p2b: Gallade
|-damage|p2b: Gallade|0 fnt
|faint|p2b: Gallade
|-damage|p1b: Swampert|71/100|[from] Recoil
|
|-weather|RainDance|[upkeep]
|-heal|p1a: Politoed|84/100|[from] item: Leftovers
|upkeep
|
|t:|1785882769
|switch|p2b: Kangaskhan|Kangaskhan, L50, F|100/100
|turn|3
|inactive|freudianbreath has 30 seconds left.
|inactive|freudianbreath has 20 seconds left.
|inactive|freudianbreath has 15 seconds left.
|inactive|freudianbreath has 10 seconds left.
|
|t:|1785882817
|detailschange|p2b: Kangaskhan|Kangaskhan-Mega, L50, F
|-mega|p2b: Kangaskhan|Kangaskhan|Kangaskhanite
|move|p1b: Swampert|Protect|p1b: Swampert
|-singleturn|p1b: Swampert|Protect
|move|p1a: Politoed|Protect|p1a: Politoed
|-singleturn|p1a: Politoed|Protect
|move|p2a: Corviknight|Iron Head|p1b: Swampert
|-activate|p1b: Swampert|move: Protect
|move|p2b: Kangaskhan|Double-Edge|p1a: Politoed
|-activate|p1a: Politoed|move: Protect
|
|-weather|RainDance|[upkeep]
|-heal|p1a: Politoed|90/100|[from] item: Leftovers
|upkeep
|turn|4
|inactive|freudianbreath has 30 seconds left.
|inactive|VgcUSUM has 30 seconds left.
|inactive|freudianbreath has 20 seconds left.
|inactive|VgcUSUM has 20 seconds left.
|inactive|freudianbreath has 15 seconds left.
|inactive|freudianbreath has 10 seconds left.
|inactive|freudianbreath has 5 seconds left.
|
|t:|1785882869
|switch|p1a: Gholdengo|Gholdengo, L50|100/100
|move|p2a: Corviknight|Iron Head|p1b: Swampert
|-resisted|p1b: Swampert|1
|-damage|p1b: Swampert|56/100
|-damage|p2a: Corviknight|80/100|[from] item: Life Orb
|cant|p1b: Swampert|flinch
|move|p2b: Kangaskhan|Double-Edge|p1a: Gholdengo
|-immune|p1a: Gholdengo
|
|-weather|RainDance|[upkeep]
|-sideend|p2: VgcUSUM|move: Tailwind
|upkeep
|turn|5
|inactive|freudianbreath has 30 seconds left.
|inactive|freudianbreath has 20 seconds left.
|inactive|freudianbreath has 15 seconds left.
|inactive|freudianbreath has 10 seconds left.
|inactive|freudianbreath has 5 seconds left.
|
|t:|1785882923
|move|p2a: Corviknight|Protect|p2a: Corviknight
|-singleturn|p2a: Corviknight|Protect
|move|p1b: Swampert|Wave Crash|p2a: Corviknight
|-activate|p2a: Corviknight|move: Protect
|move|p1a: Gholdengo|Shadow Ball|p2a: Corviknight
|-activate|p2a: Corviknight|move: Protect
|move|p2b: Kangaskhan|Double-Edge|p1b: Swampert
|-damage|p1b: Swampert|7/100
|-damage|p1b: Swampert|0 fnt
|faint|p1b: Swampert
|-hitcount|p1: Swampert|2
|-damage|p2b: Kangaskhan|81/100|[from] Recoil
|
|-weather|RainDance|[upkeep]
|upkeep
|
|t:|1785882937
|switch|p1b: Whimsicott|Whimsicott, L50, M|100/100
|turn|6
|inactive|freudianbreath has 30 seconds left.
|inactive|freudianbreath has 20 seconds left.
|inactive|freudianbreath has 15 seconds left.
|inactive|freudianbreath has 10 seconds left.
|inactive|freudianbreath has 5 seconds left.
|
|t:|1785882990
|switch|p2a: Tyranitar|Tyranitar, L50, M|100/100
|-weather|Sandstorm|[from] ability: Sand Stream|[of] p2a: Tyranitar
|move|p1b: Whimsicott|Protect|p1b: Whimsicott
|-singleturn|p1b: Whimsicott|Protect
|move|p1a: Gholdengo|Nasty Plot|p1a: Gholdengo
|-boost|p1a: Gholdengo|spa|2
|move|p2b: Kangaskhan|Double-Edge|p1b: Whimsicott
|-activate|p1b: Whimsicott|move: Protect
|
|-weather|Sandstorm|[upkeep]
|-damage|p1b: Whimsicott|94/100|[from] Sandstorm
|-damage|p2b: Kangaskhan|75/100|[from] Sandstorm
|upkeep
|turn|7
|inactive|freudianbreath has 30 seconds left.
|
|t:|1785883021
|move|p1b: Whimsicott|Tailwind|p1b: Whimsicott
|-sidestart|p1: freudianbreath|move: Tailwind
|move|p1a: Gholdengo|Make It Rain|p2b: Kangaskhan|[spread] p2a,p2b
|-supereffective|p2a: Tyranitar|1
|-damage|p2a: Tyranitar|0 fnt
|-damage|p2b: Kangaskhan|0 fnt
|-unboost|p1a: Gholdengo|spa|2
|faint|p2a: Tyranitar
|faint|p2b: Kangaskhan
|-damage|p1a: Gholdengo|90/100|[from] item: Life Orb
|
|-weather|Sandstorm|[upkeep]
|-damage|p1b: Whimsicott|88/100|[from] Sandstorm
|upkeep
|-message|VgcUSUM forfeited.
|
|win|freudianbreath
|raw|freudianbreath's rating: 1120 → 1147(+27 for winning)
|raw|VgcUSUM's rating: 1141 → 1114(-27 for losing)
|l|☆VgcUSUM
|player|p2|
