|j|☆LadylikeMiked97
|j|☆IndianCrackCoffee
|html|LadylikeMiked97IndianCrackCoffee    
|uhtml|bestof|Game 1 of a best-of-3
|t:|1756488180
|gametype|doubles
|player|p1|LadylikeMiked97|2|1051
|player|p2|IndianCrackCoffee|brendan-masters|1102
|gen|9
|tier|[Gen 9] VGC 2025 Reg H (Bo3)
|rated|
|rule|Species Clause: Limit one of each Pokémon
|rule|Item Clause: Limit 1 of each item
|clearpoke
|poke|p1|Grimmsnarl, L50, M|
|poke|p1|Rillaboom, L50, M|
|poke|p1|Gastrodon, L50, F|
|poke|p1|Flamigo, L50, M|
|poke|p1|Dragonite, L50, F|
|poke|p1|Ceruledge, L50, F|
|poke|p2|Dragonite, L50, M|
|poke|p2|Ursaluna-Bloodmoon, L50, M|
|poke|p2|Archaludon, L50, M|
|poke|p2|Whimsicott, L50, M|
|poke|p2|Gholdengo, L50|
|poke|p2|Incineroar, L50, M|
|teampreview|4
|showteam|p1|Grimmsnarl||LightClay|Prankster|Reflect,LightScreen,ThunderWave,SpiritBreak|||M|||50|,,,,,Ghost]Rillaboom||AssaultVest|GrassySurge|FakeOut,GrassyGlide,Uturn,WoodHammer|||M|||50|,,,,,Fire]Gastrodon||Leftovers|StormDrain|IceBeam,EarthPower,SludgeBomb,Protect|||F|||50|,,,,,Fire]Flamigo||FocusSash|Scrappy|CloseCombat,DualWingbeat,ThroatChop,Protect|||M|||50|,,,,,Ghost]Dragonite||LoadedDice|Multiscale|Protect,ScaleShot,ExtremeSpeed,LowKick|||F|||50|,,,,,Fairy]Ceruledge||SafetyGoggles|FlashFire|BitterBlade,ShadowSneak,Taunt,SwordsDance|||F|||50|,,,,,Normal
|showteam|p2|Dragonite||LoadedDice|Multiscale|ScaleShot,ExtremeSpeed,IceSpinner,Protect|||M|||50|,,,,,Fairy]Ursaluna-Bloodmoon||AssaultVest|MindsEye|BloodMoon,HyperVoice,EarthPower,VacuumWave|||M|||50|,,,,,Water]Archaludon||PowerHerb|Sturdy|ElectroShot,FlashCannon,DracoMeteor,Protect|||M|||50|,,,,,Stellar]Whimsicott||CovertCloak|Prankster|FakeTears,Tailwind,Encore,Moonblast|||M|||50|,,,,,Poison]Gholdengo||ChoiceSpecs|GoodasGold|MakeItRain,ShadowBall,PowerGem,SteelBeam||||||50|,,,,,Steel]Incineroar||MirrorHerb|Intimidate|FakeOut,PartingShot,KnockOff,FlareBlitz|||M|||50|,,,,,Ghost
|
|t:|1756488240
|teamsize|p1|4
|teamsize|p2|4
|start
|switch|p1a: Flamigo|Flamigo, L50, M|100/100
|switch|p1b: Ceruledge|Ceruledge, L50, F|100/100
|switch|p2a: Whimsicott|Whimsicott, L50, M|100/100
|switch|p2b: Gholdengo|Gholdengo, L50|100/100
|turn|1
|
|t:|1756488264
|switch|p2b: Dragonite|Dragonite, L50, M|100/100
|switch|p1b: Rillaboom|Rillaboom, L50, M|100/100
|-fieldstart|move: Grassy Terrain|[from] ability: Grassy Surge|[of] p1b: Rillaboom
|move|p2a: Whimsicott|Tailwind|p2a: Whimsicott
|-sidestart|p2: IndianCrackCoffee|move: Tailwind
|move|p1a: Flamigo|Close Combat|p2b: Dragonite
|-resisted|p2b: Dragonite
|-damage|p2b: Dragonite|84/100
|-unboost|p1a: Flamigo|def|1
|-unboost|p1a: Flamigo|spd|1
|
|upkeep
|turn|2
|
|t:|1756488295
|move|p1b: Rillaboom|Fake Out|p2b: Dragonite
|-damage|p2b: Dragonite|70/100
|move|p2a: Whimsicott|Encore|p1a: Flamigo
|-start|p1a: Flamigo|Encore
|cant|p2b: Dragonite|flinch
|move|p1a: Flamigo|Close Combat|p2a: Whimsicott
|-resisted|p2a: Whimsicott
|-crit|p2a: Whimsicott
|-damage|p2a: Whimsicott|37/100
|-unboost|p1a: Flamigo|def|1
|-unboost|p1a: Flamigo|spd|1
|
|-heal|p2a: Whimsicott|43/100|[from] Grassy Terrain
|upkeep
|turn|3
|
|t:|1756488329
|switch|p1a: Gastrodon|Gastrodon, L50, F|100/100
|switch|p1b: Ceruledge|Ceruledge, L50, F|100/100
|move|p2a: Whimsicott|Encore||[still]
|-fail|p2a: Whimsicott
|move|p2b: Dragonite|Scale Shot|p1a: Gastrodon
|-damage|p1a: Gastrodon|88/100
|-damage|p1a: Gastrodon|73/100
|-damage|p1a: Gastrodon|60/100
|-damage|p1a: Gastrodon|46/100
|-damage|p1a: Gastrodon|32/100
|-hitcount|p1a: Gastrodon|5
|-unboost|p2b: Dragonite|def|1
|-boost|p2b: Dragonite|spe|1
|
|-heal|p2a: Whimsicott|48/100|[from] Grassy Terrain
|-heal|p1a: Gastrodon|38/100|[from] Grassy Terrain
|-heal|p1a: Gastrodon|44/100|[from] item: Leftovers
|upkeep
|turn|4
|
|t:|1756488368
|move|p1a: Gastrodon|Protect|p1a: Gastrodon
|-singleturn|p1a: Gastrodon|Protect
|move|p2a: Whimsicott|Fake Tears|p1b: Ceruledge
|-unboost|p1b: Ceruledge|spd|2
|move|p2b: Dragonite|Scale Shot|p1a: Gastrodon
|-activate|p1a: Gastrodon|move: Protect
|move|p1b: Ceruledge|Bitter Blade|p2a: Whimsicott
|-supereffective|p2a: Whimsicott
|-damage|p2a: Whimsicott|0 fnt
|faint|p2a: Whimsicott
|
|-heal|p1a: Gastrodon|50/100|[from] Grassy Terrain
|-heal|p1a: Gastrodon|56/100|[from] item: Leftovers
|-sideend|p2: IndianCrackCoffee|move: Tailwind
|upkeep
|
|t:|1756488383
|switch|p2a: Archaludon|Archaludon, L50, M|100/100
|turn|5
|
|t:|1756488444
|switch|p1a: Rillaboom|Rillaboom, L50, M|100/100
|move|p1b: Ceruledge|Shadow Sneak|p2b: Dragonite
|-damage|p2b: Dragonite|33/100
|move|p2b: Dragonite|Scale Shot|p1a: Rillaboom
|-damage|p1a: Rillaboom|87/100
|-damage|p1a: Rillaboom|72/100
|-damage|p1a: Rillaboom|59/100
|-damage|p1a: Rillaboom|45/100
|-damage|p1a: Rillaboom|31/100
|-hitcount|p1a: Rillaboom|5
|-unboost|p2b: Dragonite|def|1
|-boost|p2b: Dragonite|spe|1
|move|p2a: Archaludon|Electro Shot||[still]
|-prepare|p2a: Archaludon|Electro Shot
|-boost|p2a: Archaludon|spa|1
|-enditem|p2a: Archaludon|Power Herb
|-anim|p2a: Archaludon|Electro Shot|p1b: Ceruledge
|-damage|p1b: Ceruledge|0 fnt
|faint|p1b: Ceruledge
|
|-heal|p1a: Rillaboom|37/100|[from] Grassy Terrain
|-fieldend|move: Grassy Terrain
|upkeep
|
|t:|1756488477
|switch|p1b: Gastrodon|Gastrodon, L50, F|56/100
|turn|6
|
|t:|1756488494
|move|p2b: Dragonite|Protect|p2b: Dragonite
|-singleturn|p2b: Dragonite|Protect
|move|p2a: Archaludon|Protect|p2a: Archaludon
|-singleturn|p2a: Archaludon|Protect
|move|p1a: Rillaboom|Fake Out|p2b: Dragonite
|-activate|p2b: Dragonite|move: Protect
|move|p1b: Gastrodon|Earth Power|p2a: Archaludon
|-activate|p2a: Archaludon|move: Protect
|
|-heal|p1b: Gastrodon|62/100|[from] item: Leftovers
|upkeep
|turn|7
|
|t:|1756488538
|switch|p1a: Flamigo|Flamigo, L50, M|100/100
|move|p2b: Dragonite|Scale Shot|p1a: Flamigo
|-damage|p1a: Flamigo|77/100
|-damage|p1a: Flamigo|54/100
|-damage|p1a: Flamigo|33/100
|-damage|p1a: Flamigo|12/100
|-hitcount|p1a: Flamigo|4
|-unboost|p2b: Dragonite|def|1
|-boost|p2b: Dragonite|spe|1
|move|p2a: Archaludon|Draco Meteor|p1b: Gastrodon
|-damage|p1b: Gastrodon|0 fnt
|-unboost|p2a: Archaludon|spa|2
|faint|p1b: Gastrodon
|
|upkeep
|
|t:|1756488555
|switch|p1b: Rillaboom|Rillaboom, L50, M|37/100
|-fieldstart|move: Grassy Terrain|[from] ability: Grassy Surge|[of] p1b: Rillaboom
|turn|8
|
|t:|1756488569
|move|p2b: Dragonite|Protect|p2b: Dragonite
|-singleturn|p2b: Dragonite|Protect
|move|p2a: Archaludon|Protect|p2a: Archaludon
|-singleturn|p2a: Archaludon|Protect
|move|p1b: Rillaboom|Fake Out|p2b: Dragonite
|-activate|p2b: Dragonite|move: Protect
|move|p1a: Flamigo|Close Combat|p2a: Archaludon
|-activate|p2a: Archaludon|move: Protect
|
|-heal|p1b: Rillaboom|43/100|[from] Grassy Terrain
|upkeep
|turn|9
|
|t:|1756488587
|move|p1b: Rillaboom|Grassy Glide|p2b: Dragonite
|-resisted|p2b: Dragonite
|-damage|p2b: Dragonite|8/100
|move|p2b: Dragonite|Ice Spinner|p1b: Rillaboom
|-supereffective|p1b: Rillaboom
|-damage|p1b: Rillaboom|0 fnt
|-fieldend|move: Grassy Terrain
|faint|p1b: Rillaboom
|move|p1a: Flamigo|Close Combat|p2a: Archaludon
|-supereffective|p2a: Archaludon
|-ability|p2a: Archaludon|Sturdy
|-damage|p2a: Archaludon|1/100
|-unboost|p1a: Flamigo|def|1
|-unboost|p1a: Flamigo|spd|1
|move|p2a: Archaludon|Flash Cannon|p1a: Flamigo
|-damage|p1a: Flamigo|0 fnt
|faint|p1a: Flamigo
|
|win|IndianCrackCoffee
|inactive|LadylikeMiked97 has 30 seconds to confirm battle start!
|inactive|IndianCrackCoffee has 30 seconds to confirm battle start!
