|j|ŌśåSkyLight0
|j|ŌśåAbadanRiyi92
|html|SkyLight0AbadanRiyi92    
|uhtml|bestof|Game 2 of a best-of-3
|t:|1785337017
|gametype|doubles
|player|p1|SkyLight0|265|1178
|player|p2|AbadanRiyi92|colress|1121
|gen|9
|tier|[Gen 9 Champions] VGC 2026 Reg M-B (Bo3)
|rated|
|rule|Species Clause: Limit one of each Pok├®mon
|rule|Item Clause: Limit 1 of each item
|clearpoke
|poke|p1|Charizard, L50, F|
|poke|p1|Glimmora, L50, F|
|poke|p1|Zoroark-Hisui, L50, M|
|poke|p1|Ninetales-Alola, L50, F|
|poke|p1|Maushold-Four, L50|
|poke|p1|Whimsicott, L50, M|
|poke|p2|Gengar, L50, M, shiny|
|poke|p2|Maushold-Four, L50|
|poke|p2|Annihilape, L50, F|
|poke|p2|Incineroar, L50, M|
|poke|p2|Politoed, L50, F, shiny|
|poke|p2|Archaludon, L50, F|
|teampreview|4
|showteam|p1|Charizard||CharizarditeY|Blaze|HeatWave,WeatherBall,SolarBeam,Protect|Timid||F|||50|]Glimmora||Glimmoranite|ToxicDebris|PowerGem,SludgeBomb,EarthPower,SpikyShield|Timid||F|||50|]Zoroark-Hisui||ChoiceScarf|Illusion|BitterMalice,IcyWind,FakeTears,Taunt|Timid||M|||50|]Ninetales-Alola||NeverMeltIce|SnowWarning|Blizzard,FreezeDry,Disable,Protect|Timid||F|||50|]Maushold-Four||WideLens|Technician|PopulationBomb,FollowMe,Encore,Protect|Jolly|||||50|]Whimsicott||FocusSash|Prankster|Moonblast,Tailwind,Endeavor,Protect|Timid||M|||50|
|showteam|p2|Gengar||Gengarite|CursedBody|ShadowBall,Disable,PerishSong,Protect|Timid||M|||50|]Maushold-Four||FocusSash|FriendGuard|FollowMe,Encore,BeatUp,Protect|Jolly|||||50|]Annihilape||RoseliBerry|Defiant|RageFist,CloseCombat,Encore,Protect|Jolly||F|||50|]Incineroar||PasshoBerry|Blaze|PartingShot,ThroatChop,Protect,FakeOut|Sassy||M|||50|]Politoed||SitrusBerry|Drizzle|WeatherBall,Encore,PerishSong,Protect|Calm||F|||50|]Archaludon||Leftovers|Stamina|DragonPulse,FlashCannon,ElectroShot,Protect|Bold||F|||50|
|
|t:|1785337031
|teamsize|p1|4
|teamsize|p2|4
|start
|switch|p1a: Charizard|Charizard, L50, F|100/100
|switch|p1b: Maushold|Maushold-Four, L50|100/100
|switch|p2a: Gengar|Gengar, L50, M, shiny|100/100
|switch|p2b: Incineroar|Incineroar, L50, M|100/100
|turn|1
|c|ŌśåSkyLight0|Is blaze on incin intentional?
|inactive|Battle timer is ON: inactive players will automatically lose when time's up. (requested by AbadanRiyi92)
|c|ŌśåAbadanRiyi92|yeah, too many competitive
|c|ŌśåAbadanRiyi92|deiant
|c|ŌśåAbadanRiyi92|stuff
|c|ŌśåSkyLight0|Interesting
|c|ŌśåAbadanRiyi92|Gengar EVs dont need intimidate mostly
|
|t:|1785337124
|detailschange|p1a: Charizard|Charizard-Mega-Y, L50, F
|-mega|p1a: Charizard|Charizard|Charizardite Y
|-weather|SunnyDay|[from] ability: Drought|[of] p1a: Charizard
|detailschange|p2a: Gengar|Gengar-Mega, L50, M, shiny
|-mega|p2a: Gengar|Gengar|Gengarite
|move|p1b: Maushold|Protect|p1b: Maushold
|-singleturn|p1b: Maushold|Protect
|move|p2a: Gengar|Protect|p2a: Gengar
|-singleturn|p2a: Gengar|Protect
|move|p2b: Incineroar|Fake Out|p1a: Charizard
|-damage|p1a: Charizard|83/100
|cant|p1a: Charizard|flinch
|
|-weather|SunnyDay|[upkeep]
|upkeep
|turn|2
|c|ŌśåAbadanRiyi92|Im trying it out thou
|c|ŌśåAbadanRiyi92|Not sure yet
|inactive|AbadanRiyi92 has 30 seconds left.
|c|ŌśåSkyLight0|Yeah I'd be curious
|c|ŌśåAbadanRiyi92|and not many tanky slow switching pokemons in the meta right now
|inactive|AbadanRiyi92 has 20 seconds left.
|inactive|AbadanRiyi92 has 15 seconds left.
|inactive|AbadanRiyi92 has 10 seconds left.
|inactive|AbadanRiyi92 has 5 seconds left.
|c|ŌśåSkyLight0|Fr unless you go for some weird options
|
|t:|1785337179
|move|p1b: Maushold|Encore|p2a: Gengar
|-start|p2a: Gengar|Encore
|move|p2a: Gengar|Protect|p2a: Gengar
|-singleturn|p2a: Gengar|Protect
|move|p1a: Charizard|Heat Wave|p2a: Gengar|[spread] p2b
|-activate|p2a: Gengar|move: Protect
|-resisted|p2b: Incineroar|1
|-damage|p2b: Incineroar|77/100
|move|p2b: Incineroar|Parting Shot|p1a: Charizard
|-unboost|p1a: Charizard|atk|1
|-unboost|p1a: Charizard|spa|1
|
|t:|1785337194
|switch|p2b: Politoed|Politoed, L50, F, shiny|100/100|[from] Parting Shot
|-weather|RainDance|[from] ability: Drizzle|[of] p2b: Politoed
|
|-weather|RainDance|[upkeep]
|upkeep
|turn|3
|
|t:|1785337208
|move|p2a: Gengar|Protect||[still]
|-fail|p2a: Gengar
|move|p1b: Maushold|Population Bomb|p2b: Politoed
|-crit|p2b: Politoed
|-damage|p2b: Politoed|87/100
|-damage|p2b: Politoed|80/100
|-damage|p2b: Politoed|70/100
|-damage|p2b: Politoed|63/100
|-damage|p2b: Politoed|55/100
|-damage|p2b: Politoed|46/100
|-enditem|p2b: Politoed|Sitrus Berry|[eat]
|-heal|p2b: Politoed|71/100|[from] item: Sitrus Berry
|-damage|p2b: Politoed|63/100
|-damage|p2b: Politoed|55/100
|-damage|p2b: Politoed|47/100
|-damage|p2b: Politoed|39/100
|-hitcount|p2b: Politoed|10
|move|p1a: Charizard|Weather Ball|p2a: Gengar
|-damage|p2a: Gengar|57/100
|move|p2b: Politoed|Weather Ball|p1a: Charizard
|-supereffective|p1a: Charizard|1
|-damage|p1a: Charizard|0 fnt
|faint|p1a: Charizard
|
|-weather|RainDance|[upkeep]
|upkeep
|
|t:|1785337230
|switch|p1a: Ninetales|Ninetales-Alola, L50, F|100/100
|-weather|Snowscape|[from] ability: Snow Warning|[of] p1a: Ninetales
|turn|4
|
|t:|1785337248
|switch|p2b: Archaludon|Archaludon, L50, F|100/100
|move|p2a: Gengar|Protect|p2a: Gengar
|-singleturn|p2a: Gengar|Protect
|move|p1b: Maushold|Population Bomb|p2b: Archaludon
|-resisted|p2b: Archaludon|1
|-crit|p2b: Archaludon
|-damage|p2b: Archaludon|95/100
|-ability|p2b: Archaludon|Stamina|boost
|-boost|p2b: Archaludon|def|1
|-resisted|p2b: Archaludon|1
|-damage|p2b: Archaludon|93/100
|-ability|p2b: Archaludon|Stamina|boost
|-boost|p2b: Archaludon|def|1
|-resisted|p2b: Archaludon|1
|-damage|p2b: Archaludon|91/100
|-ability|p2b: Archaludon|Stamina|boost
|-boost|p2b: Archaludon|def|1
|-resisted|p2b: Archaludon|1
|-damage|p2b: Archaludon|90/100
|-ability|p2b: Archaludon|Stamina|boost
|-boost|p2b: Archaludon|def|1
|-resisted|p2b: Archaludon|1
|-damage|p2b: Archaludon|89/100
|-ability|p2b: Archaludon|Stamina|boost
|-boost|p2b: Archaludon|def|1
|-hitcount|p2b: Archaludon|5
|move|p1a: Ninetales|Blizzard|p2b: Archaludon|[spread] p2b
|-activate|p2a: Gengar|move: Protect
|-damage|p2b: Archaludon|55/100
|-ability|p2b: Archaludon|Stamina|boost
|-boost|p2b: Archaludon|def|1
|
|-weather|Snowscape|[upkeep]
|-heal|p2b: Archaludon|61/100|[from] item: Leftovers
|-end|p2a: Gengar|Encore
|upkeep
|turn|5
|inactive|SkyLight0 has 30 seconds left.
|inactive|AbadanRiyi92 has 30 seconds left.
|inactive|SkyLight0 has 20 seconds left.
|inactive|AbadanRiyi92 has 20 seconds left.
|inactive|SkyLight0 has 15 seconds left.
|inactive|AbadanRiyi92 has 15 seconds left.
|inactive|AbadanRiyi92 has 10 seconds left.
|
|t:|1785337295
|switch|p2a: Incineroar|Incineroar, L50, M|77/100
|move|p1a: Ninetales|Protect|p1a: Ninetales
|-singleturn|p1a: Ninetales|Protect
|move|p1b: Maushold|Encore||[still]
|-fail|p1b: Maushold
|move|p2b: Archaludon|Flash Cannon|p1a: Ninetales
|-activate|p1a: Ninetales|move: Protect
|
|-weather|Snowscape|[upkeep]
|-heal|p2b: Archaludon|67/100|[from] item: Leftovers
|upkeep
|turn|6
|inactive|AbadanRiyi92 has 30 seconds left.
|inactive|SkyLight0 has 30 seconds left.
|inactive|AbadanRiyi92 has 20 seconds left.
|
|t:|1785337337
|switch|p1a: Whimsicott|Whimsicott, L50, M|100/100
|switch|p2a: Politoed|Politoed, L50, F, shiny|39/100
|-weather|RainDance|[from] ability: Drizzle|[of] p2a: Politoed
|move|p1b: Maushold|Encore|p2b: Archaludon
|-start|p2b: Archaludon|Encore
|move|p2b: Archaludon|Flash Cannon|p1a: Whimsicott
|-supereffective|p1a: Whimsicott|1
|-enditem|p1a: Whimsicott|Focus Sash
|-damage|p1a: Whimsicott|1/100
|
|-weather|RainDance|[upkeep]
|-heal|p2b: Archaludon|73/100|[from] item: Leftovers
|upkeep
|turn|7
|inactive|SkyLight0 has 30 seconds left.
|inactive|AbadanRiyi92 has 30 seconds left.
|
|t:|1785337371
|move|p1a: Whimsicott|Endeavor|p2b: Archaludon
|-damage|p2b: Archaludon|1/100
|move|p1b: Maushold|Population Bomb|p2a: Politoed
|-damage|p2a: Politoed|31/100
|-damage|p2a: Politoed|22/100
|-damage|p2a: Politoed|14/100
|-damage|p2a: Politoed|7/100
|-damage|p2a: Politoed|0 fnt
|faint|p2a: Politoed
|-hitcount|p2: Politoed|5
|move|p2b: Archaludon|Flash Cannon|p1a: Whimsicott
|-supereffective|p1a: Whimsicott|1
|-damage|p1a: Whimsicott|0 fnt
|faint|p1a: Whimsicott
|
|-weather|RainDance|[upkeep]
|-heal|p2b: Archaludon|6/100|[from] item: Leftovers
|upkeep
|inactive|AbadanRiyi92 has 30 seconds left.
|
|t:|1785337400
|switch|p1a: Ninetales|Ninetales-Alola, L50, F|100/100
|switch|p2a: Incineroar|Incineroar, L50, M|77/100
|-weather|Snowscape|[from] ability: Snow Warning|[of] p1a: Ninetales
|turn|8
|
|t:|1785337421
|move|p2a: Incineroar|Fake Out|p1b: Maushold
|-damage|p1b: Maushold|85/100
|cant|p1b: Maushold|flinch
|move|p1a: Ninetales|Blizzard|p2b: Archaludon|[spread] p2a,p2b
|-resisted|p2a: Incineroar|1
|-crit|p2a: Incineroar
|-damage|p2a: Incineroar|57/100
|-damage|p2b: Archaludon|0 fnt
|faint|p2b: Archaludon
|
|-weather|Snowscape|[upkeep]
|upkeep
|
|t:|1785337431
|switch|p2b: Gengar|Gengar-Mega, L50, M, shiny|57/100
|turn|9
|
|t:|1785337446
|move|p1b: Maushold|Follow Me|p1b: Maushold
|-singleturn|p1b: Maushold|move: Follow Me
|move|p1a: Ninetales|Blizzard|p2b: Gengar|[spread] p2a,p2b
|-resisted|p2a: Incineroar|1
|-damage|p2a: Incineroar|42/100
|-damage|p2b: Gengar|17/100
|move|p2b: Gengar|Perish Song|p2b: Gengar
|-start|p1a: Ninetales|perish3|[silent]
|-start|p1b: Maushold|perish3|[silent]
|-start|p2a: Incineroar|perish3|[silent]
|-start|p2b: Gengar|perish3|[silent]
|-fieldactivate|move: Perish Song
|move|p2a: Incineroar|Throat Chop|p1b: Maushold
|-damage|p1b: Maushold|44/100
|-start|p1b: Maushold|Throat Chop|[silent]
|
|-weather|Snowscape|[upkeep]
|-start|p1b: Maushold|perish3
|-start|p1a: Ninetales|perish3
|-start|p2b: Gengar|perish3
|-start|p2a: Incineroar|perish3
|upkeep
|turn|10
|inactive|AbadanRiyi92 has 30 seconds left.
|c|ŌśåSkyLight0|I think I still win this one
|inactive|AbadanRiyi92 has 20 seconds left.
|
|t:|1785337483
|move|p2b: Gengar|Protect|p2b: Gengar
|-singleturn|p2b: Gengar|Protect
|move|p2a: Incineroar|Protect|p2a: Incineroar
|-singleturn|p2a: Incineroar|Protect
|move|p1b: Maushold|Population Bomb|p2a: Incineroar
|-activate|p2a: Incineroar|move: Protect
|move|p1a: Ninetales|Blizzard|p2a: Incineroar|[spread] 
|-activate|p2a: Incineroar|move: Protect
|-activate|p2b: Gengar|move: Protect
|
|-weather|Snowscape|[upkeep]
|-end|p1b: Maushold|Throat Chop|[silent]
|-start|p1b: Maushold|perish2
|-start|p1a: Ninetales|perish2
|-start|p2b: Gengar|perish2
|-start|p2a: Incineroar|perish2
|upkeep
|turn|11
|c|ŌśåAbadanRiyi92|probably
|
|t:|1785337502
|move|p2a: Incineroar|Protect||[still]
|-fail|p2a: Incineroar
|move|p1b: Maushold|Population Bomb|p2a: Incineroar
|-damage|p2a: Incineroar|34/100
|-crit|p2a: Incineroar
|-damage|p2a: Incineroar|21/100
|-damage|p2a: Incineroar|13/100
|-damage|p2a: Incineroar|4/100
|-damage|p2a: Incineroar|0 fnt
|faint|p2a: Incineroar
|-hitcount|p2: Incineroar|5
|move|p1a: Ninetales|Blizzard|p2b: Gengar
|-damage|p2b: Gengar|0 fnt
|faint|p2b: Gengar
|
|win|SkyLight0
||SkyLight0 is ready for game 3.
||AbadanRiyi92 is ready for game 3.
|uhtml|next|Next: Game 3 of 3
