|j|☆citrus12340
|j|☆marilltest8787
|html|citrus12340marilltest8787    
|uhtml|bestof|Game 1 of a best-of-3
|t:|1785487484
|gametype|doubles
|player|p1|citrus12340|1|1138
|player|p2|marilltest8787|101|1082
|gen|9
|tier|[Gen 9 Champions] VGC 2026 Reg M-B (Bo3)
|rated|
|rule|Species Clause: Limit one of each Pokémon
|rule|Item Clause: Limit 1 of each item
|clearpoke
|poke|p1|Ceruledge, L50, M|
|poke|p1|Ninetales-Alola, L50, F|
|poke|p1|Scrafty, L50, F|
|poke|p1|Sinistcha, L50|
|poke|p1|Raichu, L50, M|
|poke|p1|Milotic, L50, F|
|poke|p2|Blaziken, L50, F|
|poke|p2|Venusaur, L50, F|
|poke|p2|Lycanroc-Dusk, L50, F, shiny|
|poke|p2|Basculegion, L50, M|
|poke|p2|Kingambit, L50, F, shiny|
|poke|p2|Ninetales-Alola, L50, M|
|teampreview|4
|showteam|p1|Ceruledge||ColburBerry|FlashFire|BitterBlade,ShadowSneak,BulkUp,Protect|Adamant||M|||50|]Ninetales-Alola||FocusSash|SnowWarning|Blizzard,FreezeDry,AuroraVeil,Protect|Timid||F|||50|]Scrafty||SitrusBerry|Intimidate|FakeOut,KnockOff,CloseCombat,Detect|Careful||F|||50|]Sinistcha||KasibBerry|Hospitality|MatchaGotcha,LifeDew,RagePowder,TrickRoom|Bold|||||50|]Raichu||RaichuniteY|LightningRod|FakeOut,ZapCannon,FocusBlast,Protect|Timid||M|||50|]Milotic||Leftovers|Competitive|Coil,Hypnosis,MuddyWater,Protect|Bold||F|||50|
|showteam|p2|Blaziken||Blazikenite|SpeedBoost|FlareBlitz,CloseCombat,RockTomb,Detect|Adamant||F|||50|]Venusaur||Venusaurite|Chlorophyll|Protect,GigaDrain,SludgeBomb,EarthPower|Modest||F|||50|]Lycanroc-Dusk||FocusSash|ToughClaws|Protect,Accelerock,RockSlide,CloseCombat|Jolly||F|||50|]Basculegion||ChoiceScarf|Adaptability|WaveCrash,LastRespects,FlipTurn,AquaJet|Jolly||M|||50|]Kingambit||LifeOrb|Defiant|Protect,KowtowCleave,SuckerPunch,IronHead|Adamant||F|||50|]Ninetales-Alola||NeverMeltIce|SnowWarning|Protect,Blizzard,Moonblast,FreezeDry|Timid||M|||50|
|inactive|Battle timer is ON: inactive players will automatically lose when time's up. (requested by citrus12340)
|
|t:|1785487540
|teamsize|p1|4
|teamsize|p2|4
|start
|switch|p1a: Ceruledge|Ceruledge, L50, M|100/100
|switch|p1b: Scrafty|Scrafty, L50, F|100/100
|switch|p2a: 華堡|Venusaur, L50, F|100/100
|switch|p2b: Cure Sky|Lycanroc-Dusk, L50, F, shiny|100/100
|-ability|p1b: Scrafty|Intimidate|boost
|-unboost|p2a: 華堡|atk|1
|-unboost|p2b: Cure Sky|atk|1
|turn|1
|inactive|citrus12340 has 30 seconds left.
|
|t:|1785487569
|detailschange|p2a: 華堡|Venusaur-Mega, L50, F
|-mega|p2a: 華堡|Venusaur|Venusaurite
|move|p1b: Scrafty|Fake Out|p2b: Cure Sky
|-resisted|p2b: Cure Sky|1
|-damage|p2b: Cure Sky|92/100
|cant|p2b: Cure Sky|flinch
|move|p2a: 華堡|Earth Power|p1a: Ceruledge
|-supereffective|p1a: Ceruledge|1
|-damage|p1a: Ceruledge|38/100
|move|p1a: Ceruledge|Bulk Up|p1a: Ceruledge
|-boost|p1a: Ceruledge|atk|1
|-boost|p1a: Ceruledge|def|1
|
|upkeep
|turn|2
|
|t:|1785487592
|move|p1a: Ceruledge|Protect|p1a: Ceruledge
|-singleturn|p1a: Ceruledge|Protect
|move|p2b: Cure Sky|Close Combat|p1b: Scrafty
|-supereffective|p1b: Scrafty|1
|-damage|p1b: Scrafty|41/100
|-unboost|p2b: Cure Sky|def|1
|-unboost|p2b: Cure Sky|spd|1
|-enditem|p1b: Scrafty|Sitrus Berry|[eat]
|-heal|p1b: Scrafty|66/100|[from] item: Sitrus Berry
|move|p2a: 華堡|Earth Power|p1a: Ceruledge
|-activate|p1a: Ceruledge|move: Protect
|move|p1b: Scrafty|Close Combat|p2b: Cure Sky
|-supereffective|p2b: Cure Sky|1
|-damage|p2b: Cure Sky|0 fnt
|-unboost|p1b: Scrafty|def|1
|-unboost|p1b: Scrafty|spd|1
|faint|p2b: Cure Sky
|
|upkeep
|
|t:|1785487616
|switch|p2b: 大切生鮭魚|Basculegion, L50, M|100/100
|turn|3
|inactive|marilltest8787 has 30 seconds left.
|
|t:|1785487642
|switch|p1b: Ninetales|Ninetales-Alola, L50, F|100/100
|-weather|Snowscape|[from] ability: Snow Warning|[of] p1b: Ninetales
|move|p1a: Ceruledge|Shadow Sneak|p2b: 大切生鮭魚
|-supereffective|p2b: 大切生鮭魚|1
|-crit|p2b: 大切生鮭魚
|-damage|p2b: 大切生鮭魚|0 fnt
|faint|p2b: 大切生鮭魚
|move|p2a: 華堡|Earth Power|p1a: Ceruledge
|-supereffective|p1a: Ceruledge|1
|-damage|p1a: Ceruledge|0 fnt
|faint|p1a: Ceruledge
|
|-weather|Snowscape|[upkeep]
|upkeep
|
|t:|1785487659
|switch|p2b: 三番隊隊長|Kingambit, L50, F, shiny|100/100
|switch|p1a: Scrafty|Scrafty, L50, F|66/100
|-ability|p1a: Scrafty|Intimidate|boost
|-unboost|p2a: 華堡|atk|1
|-unboost|p2b: 三番隊隊長|atk|1
|-ability|p2b: 三番隊隊長|Defiant|boost
|-boost|p2b: 三番隊隊長|atk|2
|turn|4
|inactive|citrus12340 has 30 seconds left.
|inactive|marilltest8787 has 30 seconds left.
|
|t:|1785487690
|move|p2b: 三番隊隊長|Protect|p2b: 三番隊隊長
|-singleturn|p2b: 三番隊隊長|Protect
|move|p1a: Scrafty|Fake Out|p2a: 華堡
|-damage|p2a: 華堡|91/100
|move|p1b: Ninetales|Aurora Veil|p1b: Ninetales
|-sidestart|p1: citrus12340|move: Aurora Veil
|cant|p2a: 華堡|flinch
|
|-weather|Snowscape|[upkeep]
|upkeep
|turn|5
|
|t:|1785487702
|move|p2b: 三番隊隊長|Sucker Punch|p1a: Scrafty
|-resisted|p1a: Scrafty|2
|-damage|p1a: Scrafty|57/100
|-damage|p2b: 三番隊隊長|90/100|[from] item: Life Orb
|move|p1b: Ninetales|Blizzard|p2b: 三番隊隊長|[spread] p2a,p2b
|-supereffective|p2a: 華堡|1
|-resisted|p2b: 三番隊隊長|1
|-damage|p2a: 華堡|63/100
|-damage|p2b: 三番隊隊長|79/100
|-status|p2b: 三番隊隊長|frz
|move|p2a: 華堡|Giga Drain|p1a: Scrafty
|-damage|p1a: Scrafty|38/100
|-heal|p2a: 華堡|72/100|[from] drain|[of] p1a: Scrafty
|move|p1a: Scrafty|Close Combat|p2b: 三番隊隊長
|-supereffective|p2b: 三番隊隊長|2
|-damage|p2b: 三番隊隊長|0 fnt
|-unboost|p1a: Scrafty|def|1
|-unboost|p1a: Scrafty|spd|1
|faint|p2b: 三番隊隊長
|
|-weather|Snowscape|[upkeep]
|upkeep
|turn|6
|
|t:|1785487721
|switch|p1a: Raichu|Raichu, L50, M|100/100
|move|p1b: Ninetales|Blizzard|p2a: 華堡
|-supereffective|p2a: 華堡|1
|-damage|p2a: 華堡|31/100
|move|p2a: 華堡|Giga Drain|p1a: Raichu
|-damage|p1a: Raichu|56/100
|-heal|p2a: 華堡|48/100|[from] drain|[of] p1a: Raichu
|
|-weather|Snowscape|[upkeep]
|upkeep
|turn|7
|
|t:|1785487733
|detailschange|p1a: Raichu|Raichu-Mega-Y, L50, M
|-mega|p1a: Raichu|Raichu|Raichunite Y
|move|p2a: 華堡|Protect|p2a: 華堡
|-singleturn|p2a: 華堡|Protect
|move|p1a: Raichu|Fake Out|p2a: 華堡
|-activate|p2a: 華堡|move: Protect
|move|p1b: Ninetales|Blizzard|p2a: 華堡
|-activate|p2a: 華堡|move: Protect
|
|-weather|none
|upkeep
|turn|8
|
|t:|1785487740
|move|p1a: Raichu|Zap Cannon|p2a: 華堡
|-resisted|p2a: 華堡|1
|-damage|p2a: 華堡|16/100
|-status|p2a: 華堡|par
|move|p1b: Ninetales|Freeze-Dry|p2a: 華堡
|-supereffective|p2a: 華堡|1
|-damage|p2a: 華堡|0 fnt
|faint|p2a: 華堡
|
|win|citrus12340
||marilltest8787 is ready for game 2.
||citrus12340 is ready for game 2.
|uhtml|next|Next: Game 2 of 3
|l|☆citrus12340
|player|p1|
