|j|☆No.1 Bug Fan
|j|☆lorenzopoke
|html|No.1 Bug Fanlorenzopoke    
|uhtml|bestof|Game 1 of a best-of-3
|t:|1785431246
|gametype|doubles
|player|p1|No.1 Bug Fan|burgh-masters|1091
|player|p2|lorenzopoke|red|1040
|gen|9
|tier|[Gen 9 Champions] VGC 2026 Reg M-B (Bo3)
|rated|
|rule|Species Clause: Limit one of each Pokémon
|rule|Item Clause: Limit 1 of each item
|clearpoke
|poke|p1|Froslass, L50, F|
|poke|p1|Scovillain, L50, F, shiny|
|poke|p1|Basculegion, L50, M|
|poke|p1|Kingambit, L50, F, shiny|
|poke|p1|Sneasler, L50, F, shiny|
|poke|p1|Lycanroc-Dusk, L50, M, shiny|
|poke|p2|Staraptor, L50, F|
|poke|p2|Farigiraf, L50, F|
|poke|p2|Sylveon, L50, F|
|poke|p2|Torkoal, L50, F|
|poke|p2|Ampharos, L50, M|
|poke|p2|Kangaskhan, L50, F|
|teampreview|4
|showteam|p1|Froslass||Froslassite|CursedBody|Blizzard,ShadowBall,AuroraVeil,Protect|Modest||F|||50|]Scovillain||Scovillainite|Moody|GigaDrain,Overheat,RagePowder,Protect|Bold||F|||50|]Basculegion||SitrusBerry|Adaptability|WaveCrash,LastRespects,AquaJet,Protect|Adamant||M|||50|]Kingambit||LifeOrb|Defiant|KowtowCleave,SuckerPunch,SwordsDance,Protect|Adamant||F|||50|]Sneasler||WhiteHerb|Unburden|CloseCombat,GunkShot,Protect,FakeOut|Adamant||F|||50|]Lycanroc-Dusk||FocusSash|ToughClaws|CloseCombat,Accelerock,RockSlide,Protect|Adamant||M|||50|
|showteam|p2|Staraptor||ChoiceScarf|Intimidate|BraveBird,CloseCombat,Uturn,FinalGambit|Jolly||F|||50|]Farigiraf||SitrusBerry|ArmorTail|HelpingHand,TwinBeam,Thunderbolt,TrickRoom|Sassy||F|||50|]Sylveon||FairyFeather|Pixilate|HyperVoice,QuickAttack,HyperBeam,Detect|Quiet||F|||50|]Torkoal||Charcoal|Drought|Eruption,WeatherBall,HeatWave,Protect|Quiet||F|||50|]Ampharos||Ampharosite|Static|Thunderbolt,DragonPulse,PowerGem,Protect|Quiet||M|||50|]Kangaskhan||Kangaskhanite|Scrappy|HammerArm,FakeOut,DoubleEdge,RockTomb|Adamant||F|||50|
|inactive|Battle timer is ON: inactive players will automatically lose when time's up. (requested by No.1 Bug Fan)
|inactive|No.1 Bug Fan has 60 seconds left.
|
|t:|1785431281
|teamsize|p1|4
|teamsize|p2|4
|start
|switch|p1a: milk|Scovillain, L50, F, shiny|100/100
|switch|p1b: fih is calling|Basculegion, L50, M|100/100
|switch|p2a: Staraptor|Staraptor, L50, F|100/100
|switch|p2b: Farigiraf|Farigiraf, L50, F|100/100
|-ability|p2a: Staraptor|Intimidate|boost
|-unboost|p1a: milk|atk|1
|-unboost|p1b: fih is calling|atk|1
|turn|1
|
|t:|1785431293
|detailschange|p1a: milk|Scovillain-Mega, L50, F, shiny
|-mega|p1a: milk|Scovillain|Scovillainite
|move|p1a: milk|Protect|p1a: milk
|-singleturn|p1a: milk|Protect
|move|p2a: Staraptor|Final Gambit|p1a: milk
|-activate|p1a: milk|move: Protect
|move|p1b: fih is calling|Wave Crash|p2b: Farigiraf
|-damage|p2b: Farigiraf|56/100
|-damage|p1b: fih is calling|85/100|[from] Recoil
|move|p2b: Farigiraf|Trick Room|p2b: Farigiraf
|-fieldstart|move: Trick Room|[of] p2b: Farigiraf
|
|upkeep
|turn|2
|
|t:|1785431313
|switch|p1b: Paul|Kingambit, L50, F, shiny|100/100
|move|p2b: Farigiraf|Thunderbolt|p1b: Paul
|-damage|p1b: Paul|79/100
|move|p1a: milk|Overheat|p2a: Staraptor
|-damage|p2a: Staraptor|22/100
|-unboost|p1a: milk|spa|2
|move|p2a: Staraptor|Final Gambit|p1a: milk
|-damage|p1a: milk|74/100
|faint|p2a: Staraptor
|
|upkeep
|inactive|lorenzopoke has 30 seconds left.
|
|t:|1785431343
|switch|p2a: Torkoal|Torkoal, L50, F|100/100
|-weather|SunnyDay|[from] ability: Drought|[of] p2a: Torkoal
|turn|3
|
|t:|1785431356
|move|p1b: Paul|Protect|p1b: Paul
|-singleturn|p1b: Paul|Protect
|move|p1a: milk|Protect|p1a: milk
|-singleturn|p1a: milk|Protect
|move|p2a: Torkoal|Eruption|p1a: milk|[spread] 
|-activate|p1a: milk|move: Protect
|-activate|p1b: Paul|move: Protect
|move|p2b: Farigiraf|Twin Beam|p1a: milk
|-activate|p1a: milk|move: Protect
|
|-weather|SunnyDay|[upkeep]
|upkeep
|turn|4
|inactive|lorenzopoke has 30 seconds left.
|inactive|lorenzopoke has 20 seconds left.
|inactive|lorenzopoke has 15 seconds left.
|inactive|lorenzopoke has 10 seconds left.
|inactive|lorenzopoke has 5 seconds left.
|
|t:|1785431411
|switch|p1b: fih is calling|Basculegion, L50, M|85/100
|move|p2b: Farigiraf|Helping Hand|p2a: Torkoal
|-singleturn|p2a: Torkoal|Helping Hand|[of] p2b: Farigiraf
|move|p2a: Torkoal|Eruption|p1b: fih is calling|[spread] p1a,p1b
|-resisted|p1b: fih is calling|1
|-damage|p1a: milk|0 fnt
|-damage|p1b: fih is calling|21/100
|-immune|p2a: Torkoal
|-enditem|p1b: fih is calling|Sitrus Berry|[eat]
|-heal|p1b: fih is calling|45/100|[from] item: Sitrus Berry
|faint|p1a: milk
|
|-weather|SunnyDay|[upkeep]
|upkeep
|
|t:|1785431427
|switch|p1a: Sonion ring|Sneasler, L50, F, shiny|100/100
|turn|5
|inactive|lorenzopoke has 30 seconds left.
|inactive|lorenzopoke has 20 seconds left.
|inactive|lorenzopoke has 15 seconds left.
|inactive|lorenzopoke has 10 seconds left.
|inactive|lorenzopoke has 5 seconds left.
|
|t:|1785431482
|move|p2b: Farigiraf|Helping Hand|p2a: Torkoal
|-singleturn|p2a: Torkoal|Helping Hand|[of] p2b: Farigiraf
|move|p1b: fih is calling|Protect|p1b: fih is calling
|-singleturn|p1b: fih is calling|Protect
|move|p1a: Sonion ring|Protect|p1a: Sonion ring
|-singleturn|p1a: Sonion ring|Protect
|move|p2a: Torkoal|Eruption|p1b: fih is calling|[spread] 
|-activate|p1a: Sonion ring|move: Protect
|-activate|p1b: fih is calling|move: Protect
|
|-weather|SunnyDay|[upkeep]
|-fieldend|move: Trick Room
|upkeep
|turn|6
|inactive|lorenzopoke has 30 seconds left.
|inactive|lorenzopoke has 20 seconds left.
|inactive|lorenzopoke has 15 seconds left.
|inactive|lorenzopoke has 10 seconds left.
|inactive|lorenzopoke has 5 seconds left.
|
|t:|1785431537
|move|p2b: Farigiraf|Helping Hand|p2a: Torkoal
|-singleturn|p2a: Torkoal|Helping Hand|[of] p2b: Farigiraf
|move|p1a: Sonion ring|Close Combat|p2b: Farigiraf
|-damage|p2b: Farigiraf|3/100
|-unboost|p1a: Sonion ring|def|1
|-unboost|p1a: Sonion ring|spd|1
|-enditem|p2b: Farigiraf|Sitrus Berry|[eat]
|-heal|p2b: Farigiraf|28/100|[from] item: Sitrus Berry
|-enditem|p1a: Sonion ring|White Herb
|-clearnegativeboost|p1a: Sonion ring|[silent]
|move|p1b: fih is calling|Wave Crash|p2b: Farigiraf
|-damage|p2b: Farigiraf|0 fnt
|faint|p2b: Farigiraf
|-damage|p1b: fih is calling|36/100|[from] Recoil
|move|p2a: Torkoal|Eruption|p1b: fih is calling|[spread] p1a,p1b
|-resisted|p1b: fih is calling|1
|-damage|p1a: Sonion ring|0 fnt
|-damage|p1b: fih is calling|0 fnt
|faint|p1a: Sonion ring
|faint|p1b: fih is calling
|
|-weather|SunnyDay|[upkeep]
|upkeep
|-message|No.1 Bug Fan forfeited.
|
|win|lorenzopoke
