|j|☆panijc
|j|☆Beccca
|html|panijcBeccca    
|uhtml|bestof|Game 3 of a best-of-3
|t:|1785896134
|gametype|doubles
|player|p1|panijc|101|1220
|player|p2|Beccca|102|1177
|gen|9
|tier|[Gen 9 Champions] VGC 2026 Reg M-B (Bo3)
|rated|
|rule|Species Clause: Limit one of each Pokémon
|rule|Item Clause: Limit 1 of each item
|clearpoke
|poke|p1|Raichu, L50, F|
|poke|p1|Mamoswine, L50, F|
|poke|p1|Sylveon, L50, F|
|poke|p1|Incineroar, L50, M|
|poke|p1|Basculegion, L50, M|
|poke|p1|Whimsicott, L50, M|
|poke|p2|Floette-Eternal, L50, F|
|poke|p2|Basculegion, L50, M|
|poke|p2|Tyranitar, L50, F|
|poke|p2|Talonflame, L50, F|
|poke|p2|Excadrill, L50, F|
|poke|p2|Mamoswine, L50, M|
|teampreview|4
|showteam|p1|Raichu||RaichuniteY|LightningRod|ZapCannon,FocusBlast,FakeOut,Protect|Timid||F|||50|]Mamoswine||LifeOrb|Oblivious|IcicleCrash,HighHorsepower,IceShard,Protect|Adamant||F|||50|]Sylveon||FairyFeather|Pixilate|HyperVoice,HyperBeam,Detect,Yawn|Modest||F|||50|]Incineroar||SitrusBerry|Intimidate|ThroatChop,FlareBlitz,FakeOut,PartingShot|Impish||M|||50|]Basculegion||MysticWater|Adaptability|WaveCrash,LastRespects,AquaJet,Protect|Adamant||M|||50|]Whimsicott||FocusSash|Prankster|Moonblast,Tailwind,Protect,Encore|Timid||M|||50|
|showteam|p2|Floette-Eternal||Floettite|FlowerVeil|Moonblast,DazzlingGleam,LightofRuin,Protect|Modest||F|||50|]Basculegion||ChoiceScarf|Adaptability|WaveCrash,LastRespects,AquaJet,FlipTurn|Jolly||M|||50|]Tyranitar||FocusSash|SandStream|RockSlide,KnockOff,LowKick,Protect|Adamant||F|||50|]Talonflame||SharpBeak|GaleWings|DualWingbeat,Taunt,Tailwind,Protect|Jolly||F|||50|]Excadrill||Excadrite|SandRush|IronHead,HighHorsepower,BrickBreak,Protect|Jolly||F|||50|]Mamoswine||LifeOrb|Oblivious|IcicleCrash,Earthquake,IceShard,Protect|Adamant||M|||50|
|inactive|Battle timer is ON: inactive players will automatically lose when time's up. (requested by Beccca)
|
|t:|1785896168
|teamsize|p1|4
|teamsize|p2|4
|start
|switch|p1a: Incineroar|Incineroar, L50, M|100/100
|switch|p1b: Raichu|Raichu, L50, F|100/100
|switch|p2a: Talonflame|Talonflame, L50, F|100/100
|switch|p2b: Basculegion|Basculegion, L50, M|100/100
|-ability|p1a: Incineroar|Intimidate|boost
|-unboost|p2a: Talonflame|atk|1
|-unboost|p2b: Basculegion|atk|1
|turn|1
|
|t:|1785896184
|detailschange|p1b: Raichu|Raichu-Mega-Y, L50, F
|-mega|p1b: Raichu|Raichu|Raichunite Y
|move|p2a: Talonflame|Protect|p2a: Talonflame
|-singleturn|p2a: Talonflame|Protect
|move|p1a: Incineroar|Fake Out|p2a: Talonflame
|-activate|p2a: Talonflame|move: Protect
|move|p2b: Basculegion|Flip Turn|p1a: Incineroar
|-supereffective|p1a: Incineroar|1
|-damage|p1a: Incineroar|63/100
|
|t:|1785896197
|switch|p2b: Excadrill|Excadrill, L50, F|100/100|[from] Flip Turn
|move|p1b: Raichu|Zap Cannon|p2b: Excadrill
|-immune|p2b: Excadrill
|
|upkeep
|turn|2
|
|t:|1785896214
|switch|p1b: Basculegion|Basculegion, L50, M|100/100
|detailschange|p2b: Excadrill|Excadrill-Mega, L50, F
|-mega|p2b: Excadrill|Excadrill|Excadrite
|move|p2a: Talonflame|Tailwind|p2a: Talonflame
|-sidestart|p2: Beccca|move: Tailwind
|move|p2b: Excadrill|High Horsepower|p1a: Incineroar
|-supereffective|p1a: Incineroar|1
|-damage|p1a: Incineroar|0 fnt
|faint|p1a: Incineroar
|
|upkeep
|
|t:|1785896226
|switch|p1a: Raichu|Raichu-Mega-Y, L50, F|100/100
|turn|3
|
|t:|1785896235
|move|p2b: Excadrill|Protect|p2b: Excadrill
|-singleturn|p2b: Excadrill|Protect
|move|p1a: Raichu|Fake Out|p2b: Excadrill
|-activate|p2b: Excadrill|move: Protect
|move|p2a: Talonflame|Dual Wingbeat|p1b: Basculegion
|-damage|p1b: Basculegion|86/100
|-damage|p1b: Basculegion|73/100
|-hitcount|p1b: Basculegion|2
|move|p1b: Basculegion|Aqua Jet|p2a: Talonflame
|-supereffective|p2a: Talonflame|1
|-damage|p2a: Talonflame|1/100
|
|upkeep
|turn|4
|inactive|panijc has 30 seconds left.
|inactive|Beccca has 30 seconds left.
|
|t:|1785896264
|move|p1a: Raichu|Protect|p1a: Raichu
|-singleturn|p1a: Raichu|Protect
|move|p1b: Basculegion|Aqua Jet|p2b: Excadrill
|-supereffective|p2b: Excadrill|1
|-damage|p2b: Excadrill|35/100
|move|p2a: Talonflame|Dual Wingbeat|p1b: Basculegion
|-damage|p1b: Basculegion|60/100
|-damage|p1b: Basculegion|48/100
|-hitcount|p1b: Basculegion|2
|move|p2b: Excadrill|High Horsepower|p1b: Basculegion
|-damage|p1b: Basculegion|0 fnt
|faint|p1b: Basculegion
|
|upkeep
|
|t:|1785896277
|switch|p1b: Mamoswine|Mamoswine, L50, F|100/100
|turn|5
|
|t:|1785896286
|move|p2a: Talonflame|Protect|p2a: Talonflame
|-singleturn|p2a: Talonflame|Protect
|move|p1b: Mamoswine|Ice Shard|p2b: Excadrill
|-damage|p2b: Excadrill|4/100
|-damage|p1b: Mamoswine|90/100|[from] item: Life Orb
|move|p2b: Excadrill|High Horsepower|p1a: Raichu
|-supereffective|p1a: Raichu|1
|-crit|p1a: Raichu
|-damage|p1a: Raichu|0 fnt
|faint|p1a: Raichu
|
|-sideend|p2: Beccca|move: Tailwind
|upkeep
|turn|6
|
|t:|1785896308
|move|p2b: Excadrill|Protect|p2b: Excadrill
|-singleturn|p2b: Excadrill|Protect
|move|p1b: Mamoswine|Ice Shard|p2b: Excadrill
|-activate|p2b: Excadrill|move: Protect
|move|p2a: Talonflame|Dual Wingbeat|p1b: Mamoswine
|-damage|p1b: Mamoswine|74/100
|-damage|p1b: Mamoswine|59/100
|-hitcount|p1b: Mamoswine|2
|
|upkeep
|turn|7
|
|t:|1785896321
|move|p1b: Mamoswine|Ice Shard|p2a: Talonflame
|-crit|p2a: Talonflame
|-damage|p2a: Talonflame|0 fnt
|faint|p2a: Talonflame
|-damage|p1b: Mamoswine|49/100|[from] item: Life Orb
|move|p2b: Excadrill|Iron Head|p1b: Mamoswine
|-supereffective|p1b: Mamoswine|1
|-damage|p1b: Mamoswine|0 fnt
|faint|p1b: Mamoswine
|
|win|Beccca
|raw|panijc's rating: 1220 → 1192(-28 for losing)
|raw|Beccca's rating: 1177 → 1205(+28 for winning)
|l|☆panijc
|player|p1|
|l|☆Beccca
|player|p2|
|j|☆panijc
|player|p1|panijc|101|
