|j|☆1#miraidonhater
|j|☆sinnpifer
|html|1#miraidonhatersinnpifer    
|uhtml|bestof|Game 2 of a best-of-3
|t:|1782222879
|gametype|doubles
|player|p1|1#miraidonhater|volkner|1097
|player|p2|sinnpifer|102|1053
|gen|9
|tier|[Gen 9 Champions] VGC 2026 Reg M-B (Bo3)
|rated|
|rule|Species Clause: Limit one of each Pokémon
|rule|Item Clause: Limit 1 of each item
|clearpoke
|poke|p1|Metagross, L50|
|poke|p1|Incineroar, L50, F|
|poke|p1|Sneasler, L50, F|
|poke|p1|Sinistcha, L50|
|poke|p1|Kommo-o, L50, M|
|poke|p1|Basculegion, L50, M|
|poke|p2|Pelipper, L50, M, shiny|
|poke|p2|Basculegion, L50, M, shiny|
|poke|p2|Meganium, L50, F|
|poke|p2|Kingambit, L50, M, shiny|
|poke|p2|Farigiraf, L50, M, shiny|
|poke|p2|Sneasler, L50, M, shiny|
|teampreview|4
|showteam|p1|Metagross||Metagrossite|ClearBody|RockSlide,IronHead,Protect,IcePunch|Jolly|||||50|]Incineroar||ChopleBerry|Intimidate|FakeOut,FlareBlitz,PartingShot,ThroatChop|Impish||F|||50|]Sneasler||FocusSash|PoisonTouch|FakeOut,CloseCombat,DireClaw,RockSlide|Jolly||F|||50|]Sinistcha||SitrusBerry|Hospitality|MatchaGotcha,LifeDew,RagePowder,Protect|Bold|||||50|]Kommo-o||Leftovers|Soundproof|ClangingScales,ClangorousSoul,AuraSphere,Protect|Timid||M|||50|]Basculegion||ChoiceScarf|Adaptability|AquaJet,LastRespects,WaveCrash,FlipTurn|Jolly||M|||50|
|showteam|p2|Pelipper||FocusSash|Drizzle|Hurricane,MuddyWater,Tailwind,Protect|Timid||M|||50|]Basculegion||MysticWater|SwiftSwim|FlipTurn,WaveCrash,LastRespects,Protect|Adamant||M|||50|]Meganium||Meganiumite|Overgrow|WeatherBall,SolarBeam,DazzlingGleam,Protect|Modest||F|||50|]Kingambit||ChopleBerry|Defiant|KowtowCleave,IronHead,SuckerPunch,Protect|Adamant||M|||50|]Farigiraf||ColburBerry|ArmorTail|Psychic,LightScreen,TrickRoom,Protect|Modest||M|||50|]Sneasler||WhiteHerb|Unburden|DireClaw,CloseCombat,FakeOut,Taunt|Jolly||M|||50|
|j| porygon-epilepz
|inactive|Battle timer is ON: inactive players will automatically lose when time's up. (requested by sinnpifer)
|
|t:|1782222935
|teamsize|p1|4
|teamsize|p2|4
|start
|switch|p1a: Metagross|Metagross, L50|100/100
|switch|p1b: Sneasler|Sneasler, L50, F|100/100
|switch|p2a: Basculegion|Basculegion, L50, M, shiny|100/100
|switch|p2b: Pelipper|Pelipper, L50, M, shiny|100/100
|-weather|RainDance|[from] ability: Drizzle|[of] p2b: Pelipper
|turn|1
|inactive|1#miraidonhater has 30 seconds left.
|inactive|sinnpifer has 30 seconds left.
|inactive|sinnpifer has 20 seconds left.
|inactive|sinnpifer has 15 seconds left.
|
|t:|1782222977
|detailschange|p1a: Metagross|Metagross-Mega, L50
|-mega|p1a: Metagross|Metagross|Metagrossite
|move|p1b: Sneasler|Fake Out|p2b: Pelipper
|-damage|p2b: Pelipper|80/100
|-status|p2b: Pelipper|psn|[from] ability: Poison Touch|[of] p1b: Sneasler
|move|p2a: Basculegion|Flip Turn|p1b: Sneasler
|-damage|p1b: Sneasler|6/100
|
|t:|1782222989
|switch|p2a: Kingambit|Kingambit, L50, M, shiny|100/100|[from] Flip Turn
|move|p1a: Metagross|Rock Slide|p2b: Pelipper|[spread] p2a,p2b
|-resisted|p2a: Kingambit|1
|-supereffective|p2b: Pelipper|1
|-damage|p2a: Kingambit|92/100
|-damage|p2b: Pelipper|25/100 psn
|cant|p2b: Pelipper|flinch
|
|-weather|RainDance|[upkeep]
|-damage|p2b: Pelipper|14/100 psn|[from] psn
|upkeep
|turn|2
|inactive|1#miraidonhater has 30 seconds left.
|
|t:|1782223015
|switch|p1b: Basculegion|Basculegion, L50, M|100/100
|switch|p2b: Meganium|Meganium, L50, F|100/100
|move|p2a: Kingambit|Sucker Punch||[still]
|-fail|p2a: Kingambit
|move|p1a: Metagross|Rock Slide|p2a: Kingambit|[spread] p2a,p2b
|-resisted|p2a: Kingambit|1
|-damage|p2a: Kingambit|85/100
|-damage|p2b: Meganium|77/100
|
|-weather|RainDance|[upkeep]
|upkeep
|turn|3
|inactive|sinnpifer has 30 seconds left.
|
|t:|1782223045
|switch|p1b: Kommo-o|Kommo-o, L50, M|100/100
|detailschange|p2b: Meganium|Meganium-Mega, L50, F
|-mega|p2b: Meganium|Meganium|Meganiumite
|move|p1a: Metagross|Iron Head|p2b: Meganium
|-supereffective|p2b: Meganium|1
|-damage|p2b: Meganium|0 fnt
|faint|p2b: Meganium
|move|p2a: Kingambit|Kowtow Cleave|p1a: Metagross
|-supereffective|p1a: Metagross|1
|-damage|p1a: Metagross|19/100
|
|-weather|RainDance|[upkeep]
|upkeep
|
|t:|1782223052
|switch|p2b: Basculegion|Basculegion, L50, M, shiny|100/100
|turn|4
|
|t:|1782223075
|move|p2b: Basculegion|Last Respects|p1b: Kommo-o
|-damage|p1b: Kommo-o|57/100
|move|p1a: Metagross|Iron Head|p2b: Basculegion
|-resisted|p2b: Basculegion|1
|-damage|p2b: Basculegion|60/100
|move|p1b: Kommo-o|Aura Sphere|p2a: Kingambit
|-supereffective|p2a: Kingambit|2
|-enditem|p2a: Kingambit|Chople Berry|[eat]
|-enditem|p2a: Kingambit|Chople Berry|[weaken]
|-damage|p2a: Kingambit|27/100
|move|p2a: Kingambit|Kowtow Cleave|p1b: Kommo-o
|-resisted|p1b: Kommo-o|1
|-damage|p1b: Kommo-o|37/100
|
|-weather|RainDance|[upkeep]
|-heal|p1b: Kommo-o|43/100|[from] item: Leftovers
|upkeep
|turn|5
|
|t:|1782223099
|switch|p1b: Sneasler|Sneasler, L50, F|6/100
|move|p2a: Kingambit|Sucker Punch||[still]
|-fail|p2a: Kingambit
|move|p2b: Basculegion|Last Respects|p1b: Sneasler
|-damage|p1b: Sneasler|0 fnt
|faint|p1b: Sneasler
|move|p1a: Metagross|Rock Slide|p2b: Basculegion|[spread] p2a,p2b
|-resisted|p2a: Kingambit|1
|-damage|p2a: Kingambit|18/100
|-damage|p2b: Basculegion|31/100
|
|-weather|none
|upkeep
|
|t:|1782223109
|switch|p1b: Kommo-o|Kommo-o, L50, M|43/100
|turn|6
|
|t:|1782223122
|switch|p2a: Pelipper|Pelipper, L50, M, shiny|14/100 psn
|-weather|RainDance|[from] ability: Drizzle|[of] p2a: Pelipper
|move|p2b: Basculegion|Flip Turn|p1a: Metagross
|-damage|p1a: Metagross|0 fnt
|faint|p1a: Metagross
|
|t:|1782223129
|switch|p2b: Kingambit|Kingambit, L50, M, shiny|18/100|[from] Flip Turn
|move|p1b: Kommo-o|Clanging Scales|p2b: Kingambit|[spread] p2a,p2b
|-resisted|p2b: Kingambit|1
|-damage|p2a: Pelipper|0 fnt
|-damage|p2b: Kingambit|4/100
|faint|p2a: Pelipper
|-unboost|p1b: Kommo-o|def|1
|
|-weather|RainDance|[upkeep]
|-heal|p1b: Kommo-o|50/100y|[from] item: Leftovers
|upkeep
|
|t:|1782223139
|switch|p1a: Basculegion|Basculegion, L50, M|100/100
|switch|p2a: Basculegion|Basculegion, L50, M, shiny|31/100
|turn|7
|
|t:|1782223158
|move|p1a: Basculegion|Aqua Jet|p2a: Basculegion
|-resisted|p2a: Basculegion|1
|-damage|p2a: Basculegion|5/100
|move|p2b: Kingambit|Sucker Punch||[still]
|-fail|p2b: Kingambit
|move|p2a: Basculegion|Last Respects|p1b: Kommo-o
|-damage|p1b: Kommo-o|0 fnt
|faint|p1b: Kommo-o
|
|-weather|RainDance|[upkeep]
|upkeep
|turn|8
|
|t:|1782223173
|move|p1a: Basculegion|Aqua Jet|p2b: Kingambit
|-damage|p2b: Kingambit|0 fnt
|faint|p2b: Kingambit
|move|p2a: Basculegion|Last Respects|p1a: Basculegion
|-supereffective|p1a: Basculegion|1
|-damage|p1a: Basculegion|0 fnt
|faint|p1a: Basculegion
|
|win|sinnpifer
||sinnpifer is ready for game 3.
|l|☆1#miraidonhater
|player|p1|
|inactive|1#miraidonhater has 30 seconds to confirm battle start!
||1#miraidonhater is ready for game 3.
|uhtml|next|Next: Game 3 of 3
