|j|☆NerdConsultant
|j|☆sandy ghost 5
|html|NerdConsultantsandy ghost 5    
|uhtml|bestof|Game 2 of a best-of-3
|t:|1756903175
|gametype|doubles
|player|p1|NerdConsultant|roxie|1230
|player|p2|sandy ghost 5|baker|1212
|gen|9
|tier|[Gen 9] VGC 2025 Reg H (Bo3)
|rated|
|rule|Species Clause: Limit one of each Pokémon
|rule|Item Clause: Limit 1 of each item
|clearpoke
|poke|p1|Kingambit, L50, M|
|poke|p1|Rillaboom, L50, M|
|poke|p1|Archaludon, L50, F|
|poke|p1|Basculegion, L50, M|
|poke|p1|Electabuzz, L50, M|
|poke|p1|Pelipper, L50, M|
|poke|p2|Tyranitar, L50, M|
|poke|p2|Excadrill, L50, F|
|poke|p2|Sinistcha-Masterpiece, L50|
|poke|p2|Salamence, L50, F|
|poke|p2|Blaziken, L50, M|
|poke|p2|Bruxish, L50, F|
|teampreview|4
|showteam|p1|Kingambit||BlackGlasses|Defiant|KowtowCleave,SwordsDance,SuckerPunch,Protect|||M|||50|,,,,,Dark]Rillaboom||LoadedDice|GrassySurge|HighHorsepower,GrassyGlide,BulletSeed,FakeOut|||M|||50|,,,,,Fire]Archaludon||AssaultVest|Stamina|ElectroShot,BodyPress,DracoMeteor,FlashCannon|||F|||50|,,,,,Bug]Basculegion||ChoiceBand|SwiftSwim|WaveCrash,AquaJet,LastRespects,FlipTurn|||M|||50|,,,,,Grass]Electabuzz||Eviolite|VitalSpirit|Electroweb,Taunt,FollowMe,Protect|||M|||50|,,,,,Ghost]Pelipper||FocusSash|Drizzle|Tailwind,WeatherBall,Hurricane,Protect|||M|||50|,,,,,Ghost
|showteam|p2|Tyranitar||ClearAmulet|SandStream|RockSlide,KnockOff,DragonDance,Protect|||M|||50|,,,,,Grass]Excadrill||AssaultVest|SandRush|Earthquake,IronHead,HighHorsepower,RockSlide|||F|||50|,,,,,Ghost]Sinistcha-Masterpiece||SitrusBerry|Hospitality|ShadowBall,MatchaGotcha,RagePowder,Protect||||||50|,,,,,Dark]Salamence||LifeOrb|Intimidate|DracoMeteor,AirSlash,Protect,Tailwind|||F|||50|,,,,,Ghost]Blaziken||CovertCloak|SpeedBoost|AuraSphere,HeatWave,Coaching,WillOWisp|||M|||50|,,,,,Dragon]Bruxish||ChoiceScarf|Dazzling|PsychicFangs,FlipTurn,WaveCrash,SuperFang|||F|||50|,,,,,Water
|
|t:|1756903197
|teamsize|p1|4
|teamsize|p2|4
|start
|switch|p1a: Basculegion|Basculegion, L50, M|100/100
|switch|p1b: Rillaboom|Rillaboom, L50, M|100/100
|switch|p2a: Blaziken|Blaziken, L50, M|100/100
|switch|p2b: Salamence|Salamence, L50, F|100/100
|-ability|p2b: Salamence|Intimidate|boost
|-unboost|p1a: Basculegion|atk|1
|-unboost|p1b: Rillaboom|atk|1
|-fieldstart|move: Grassy Terrain|[from] ability: Grassy Surge|[of] p1b: Rillaboom
|turn|1
|
|t:|1756903216
|move|p1b: Rillaboom|Fake Out|p2a: Blaziken
|-damage|p2a: Blaziken|88/100
|move|p2b: Salamence|Air Slash|p1b: Rillaboom
|-supereffective|p1b: Rillaboom
|-damage|p1b: Rillaboom|2/100
|-damage|p2b: Salamence|91/100|[from] item: Life Orb
|move|p2a: Blaziken|Heat Wave|p1a: Basculegion|[spread] p1b
|-miss|p2a: Blaziken|p1a: Basculegion
|-supereffective|p1b: Rillaboom
|-damage|p1b: Rillaboom|0 fnt
|faint|p1b: Rillaboom
|move|p1a: Basculegion|Wave Crash|p2a: Blaziken
|-supereffective|p2a: Blaziken
|-damage|p2a: Blaziken|0 fnt
|faint|p2a: Blaziken
|-damage|p1a: Basculegion|75/100|[from] Recoil
|
|-heal|p1a: Basculegion|81/100|[from] Grassy Terrain
|upkeep
|
|t:|1756903232
|switch|p2a: Puppet|Sinistcha-Masterpiece, L50|100/100
|switch|p1b: Archaludon|Archaludon, L50, F|100/100
|-heal|p2b: Salamence|100/100|[from] ability: Hospitality|[of] p2a: Puppet
|turn|2
|
|t:|1756903249
|switch|p1a: Pelipper|Pelipper, L50, M|100/100
|-weather|RainDance|[from] ability: Drizzle|[of] p1a: Pelipper
|move|p2a: Puppet|Rage Powder|p2a: Puppet
|-singleturn|p2a: Puppet|move: Rage Powder
|move|p2b: Salamence|Air Slash|p1a: Pelipper
|-damage|p1a: Pelipper|17/100
|-damage|p2b: Salamence|91/100|[from] item: Life Orb
|move|p1b: Archaludon|Electro Shot||[still]
|-prepare|p1b: Archaludon|Electro Shot
|-boost|p1b: Archaludon|spa|1
|-anim|p1b: Archaludon|Electro Shot|p2a: Puppet
|-resisted|p2a: Puppet
|-damage|p2a: Puppet|75/100
|
|-weather|RainDance|[upkeep]
|-heal|p2a: Puppet|81/100|[from] Grassy Terrain
|upkeep
|turn|3
|
|t:|1756903289
|move|p2b: Salamence|Tailwind|p2b: Salamence
|-sidestart|p2: sandy ghost 5|move: Tailwind
|move|p2a: Puppet|Matcha Gotcha|p1a: Pelipper|[spread] p1a,p1b
|-resisted|p1b: Archaludon
|-damage|p1a: Pelipper|0 fnt
|-heal|p2a: Puppet|88/100|[from] drain|[of] p1a: Pelipper
|-damage|p1b: Archaludon|94/100
|-heal|p2a: Puppet|92/100|[from] drain|[of] p1b: Archaludon
|-ability|p1b: Archaludon|Stamina|boost
|-boost|p1b: Archaludon|def|1
|faint|p1a: Pelipper
|move|p1b: Archaludon|Electro Shot||[still]
|-prepare|p1b: Archaludon|Electro Shot
|-boost|p1b: Archaludon|spa|1
|-anim|p1b: Archaludon|Electro Shot|p2a: Puppet
|-resisted|p2a: Puppet
|-damage|p2a: Puppet|58/100
|
|-weather|RainDance|[upkeep]
|-heal|p2a: Puppet|64/100|[from] Grassy Terrain
|-heal|p1b: Archaludon|99/100|[from] Grassy Terrain
|upkeep
|
|t:|1756903306
|switch|p1a: Basculegion|Basculegion, L50, M|81/100
|turn|4
|
|t:|1756903314
|-terastallize|p1a: Basculegion|Grass
|move|p2b: Salamence|Protect|p2b: Salamence
|-singleturn|p2b: Salamence|Protect
|move|p1a: Basculegion|Last Respects|p2a: Puppet
|-supereffective|p2a: Puppet
|-damage|p2a: Puppet|0 fnt
|faint|p2a: Puppet
|move|p1b: Archaludon|Draco Meteor|p2b: Salamence
|-activate|p2b: Salamence|move: Protect
|
|-weather|RainDance|[upkeep]
|-heal|p1a: Basculegion|87/100|[from] Grassy Terrain
|-heal|p1b: Archaludon|100/100|[from] Grassy Terrain
|upkeep
|
|t:|1756903319
|switch|p2a: Excadrill|Excadrill, L50, F|100/100
|turn|5
|
|t:|1756903335
|-terastallize|p2a: Excadrill|Ghost
|move|p2b: Salamence|Air Slash|p1a: Basculegion
|-supereffective|p1a: Basculegion
|-damage|p1a: Basculegion|0 fnt
|faint|p1a: Basculegion
|-damage|p2b: Salamence|81/100|[from] item: Life Orb
|move|p2a: Excadrill|High Horsepower|p1b: Archaludon
|-supereffective|p1b: Archaludon
|-damage|p1b: Archaludon|51/100
|-ability|p1b: Archaludon|Stamina|boost
|-boost|p1b: Archaludon|def|1
|move|p1b: Archaludon|Draco Meteor|p2b: Salamence
|-supereffective|p2b: Salamence
|-damage|p2b: Salamence|0 fnt
|-unboost|p1b: Archaludon|spa|2
|faint|p2b: Salamence
|
|-weather|RainDance|[upkeep]
|-heal|p1b: Archaludon|57/100|[from] Grassy Terrain
|-fieldend|move: Grassy Terrain
|upkeep
|turn|6
|
|t:|1756903352
|move|p2a: Excadrill|Earthquake|p1b: Archaludon
|-supereffective|p1b: Archaludon
|-damage|p1b: Archaludon|19/100
|-ability|p1b: Archaludon|Stamina|boost
|-boost|p1b: Archaludon|def|1
|move|p1b: Archaludon|Electro Shot||[still]
|-prepare|p1b: Archaludon|Electro Shot
|-boost|p1b: Archaludon|spa|1
|-anim|p1b: Archaludon|Electro Shot|p2a: Excadrill
|-damage|p2a: Excadrill|58/100
|
|-weather|none
|-sideend|p2: sandy ghost 5|move: Tailwind
|upkeep
|turn|7
|
|t:|1756903364
|move|p2a: Excadrill|Earthquake|p1b: Archaludon
|-supereffective|p1b: Archaludon
|-damage|p1b: Archaludon|0 fnt
|faint|p1b: Archaludon
|
|win|sandy ghost 5
||NerdConsultant is ready for game 3.
||sandy ghost 5 is ready for game 3.
|uhtml|next|Next: Game 3 of 3
|l|☆NerdConsultant
|player|p1|
