|j|☆KodeBeast0526
|j|☆DOCTVGC
|html|KodeBeast0526DOCTVGC    
|uhtml|bestof|Game 2 of a best-of-3
|t:|1783917200
|gametype|doubles
|player|p1|KodeBeast0526|hiker|1260
|player|p2|DOCTVGC|benga|1135
|gen|9
|tier|[Gen 9 Champions] VGC 2026 Reg M-B (Bo3)
|rated|
|rule|Species Clause: Limit one of each Pokémon
|rule|Item Clause: Limit 1 of each item
|clearpoke
|poke|p1|Aerodactyl, L50, M|
|poke|p1|Kingambit, L50, M|
|poke|p1|Sylveon, L50, M|
|poke|p1|Garchomp, L50, M|
|poke|p1|Charizard, L50, M|
|poke|p1|Incineroar, L50, M|
|poke|p2|Aggron, L50, F|
|poke|p2|Farigiraf, L50, F|
|poke|p2|Ninetales-Alola, L50, M|
|poke|p2|Raichu, L50, M|
|poke|p2|Incineroar, L50, F|
|poke|p2|Vileplume, L50, F|
|teampreview|4
|showteam|p1|Aerodactyl||Aerodactylite|Unnerve|RockSlide,IceFang,Tailwind,WideGuard|Jolly||M|||50|]Kingambit||FocusSash|Defiant|KowtowCleave,SuckerPunch,IronHead,Protect|Adamant||M|||50|]Sylveon||FairyFeather|Pixilate|Detect,HyperVoice,HyperBeam,QuickAttack|Modest||M|||50|]Garchomp||LifeOrb|RoughSkin|Earthquake,DragonClaw,StompingTantrum,Protect|Jolly||M|||50|]Charizard||CharizarditeY|Blaze|Protect,HeatWave,SolarBeam,WeatherBall|Modest||M|||50|]Incineroar||SitrusBerry|Intimidate|DarkestLariat,FlareBlitz,FakeOut,PartingShot|Impish||M|||50|
|showteam|p2|Aggron||Aggronite|HeavyMetal|Protect,IronDefense,BodyPress,HeavySlam|Sassy||F|||50|]Farigiraf||Leftovers|ArmorTail|Protect,TrickRoom,TwinBeam,Thunderbolt|Quiet||F|||50|]Ninetales-Alola||LightClay|SnowWarning|Protect,AuroraVeil,Blizzard,DazzlingGleam|Timid||M|||50|]Raichu||FocusSash|LightningRod|Protect,FakeOut,Thunderbolt,Nuzzle|Timid||M|||50|]Incineroar||SitrusBerry|Intimidate|Protect,PartingShot,FakeOut,FlareBlitz|Brave||F|||50|]Vileplume||MentalHerb|EffectSpore|Protect,PollenPuff,StrengthSap,SludgeWave|Quiet||F|||50|
|inactive|Battle timer is ON: inactive players will automatically lose when time's up. (requested by DOCTVGC)
|
|t:|1783917221
|teamsize|p1|4
|teamsize|p2|4
|start
|switch|p1a: Incineroar|Incineroar, L50, M|100/100
|switch|p1b: Aerodactyl|Aerodactyl, L50, M|100/100
|switch|p2a: Aggron|Aggron, L50, F|100/100
|switch|p2b: Farigiraf|Farigiraf, L50, F|100/100
|-ability|p1b: Aerodactyl|Unnerve
|-ability|p1a: Incineroar|Intimidate|boost
|-unboost|p2a: Aggron|atk|1
|-unboost|p2b: Farigiraf|atk|1
|turn|1
|
|t:|1783917233
|detailschange|p2a: Aggron|Aggron-Mega, L50, F
|-mega|p2a: Aggron|Aggron|Aggronite
|move|p1b: Aerodactyl|Ice Fang|p2b: Farigiraf
|-damage|p2b: Farigiraf|84/100
|move|p1a: Incineroar|Darkest Lariat|p2b: Farigiraf
|-supereffective|p2b: Farigiraf|1
|-damage|p2b: Farigiraf|15/100
|move|p2a: Aggron|Iron Defense|p2a: Aggron
|-boost|p2a: Aggron|def|2
|move|p2b: Farigiraf|Trick Room|p2b: Farigiraf
|-fieldstart|move: Trick Room|[of] p2b: Farigiraf
|
|-heal|p2b: Farigiraf|22/100|[from] item: Leftovers
|upkeep
|turn|2
|
|t:|1783917253
|switch|p2b: Incineroar|Incineroar, L50, F|100/100
|-ability|p2b: Incineroar|Intimidate|boost
|-unboost|p1a: Incineroar|atk|1
|-unboost|p1b: Aerodactyl|atk|1
|move|p2a: Aggron|Heavy Slam|p1b: Aerodactyl
|-supereffective|p1b: Aerodactyl|1
|-damage|p1b: Aerodactyl|8/100
|move|p1a: Incineroar|Flare Blitz|p2a: Aggron
|-supereffective|p2a: Aggron|1
|-damage|p2a: Aggron|87/100
|-status|p2a: Aggron|brn
|-damage|p1a: Incineroar|96/100|[from] Recoil
|move|p1b: Aerodactyl|Rock Slide|p2b: Incineroar|[spread] p2b
|-miss|p1b: Aerodactyl|p2a: Aggron
|-supereffective|p2b: Incineroar|1
|-damage|p2b: Incineroar|75/100
|
|-damage|p2a: Aggron|81/100 brn|[from] brn
|upkeep
|turn|3
|inactive|DOCTVGC has 30 seconds left.
|
|t:|1783917282
|move|p2a: Aggron|Body Press|p1a: Incineroar
|-supereffective|p1a: Incineroar|1
|-damage|p1a: Incineroar|45/100
|-enditem|p1a: Incineroar|Sitrus Berry|[eat]
|-heal|p1a: Incineroar|69/100|[from] item: Sitrus Berry
|move|p2b: Incineroar|Flare Blitz|p1b: Aerodactyl
|-resisted|p1b: Aerodactyl|1
|-damage|p1b: Aerodactyl|0 fnt
|faint|p1b: Aerodactyl
|-damage|p2b: Incineroar|72/100|[from] Recoil
|move|p1a: Incineroar|Flare Blitz|p2a: Aggron
|-supereffective|p2a: Aggron|1
|-damage|p2a: Aggron|68/100 brn
|-damage|p1a: Incineroar|66/100|[from] Recoil
|
|-damage|p2a: Aggron|62/100 brn|[from] brn
|upkeep
|
|t:|1783917294
|switch|p1b: Kingambit|Kingambit, L50, M|100/100
|turn|4
|
|t:|1783917301
|move|p1b: Kingambit|Protect|p1b: Kingambit
|-singleturn|p1b: Kingambit|Protect
|move|p2a: Aggron|Body Press|p1b: Kingambit
|-activate|p1b: Kingambit|move: Protect
|move|p2b: Incineroar|Parting Shot|p1a: Incineroar
|-unboost|p1a: Incineroar|atk|1
|-unboost|p1a: Incineroar|spa|1
|
|t:|1783917309
|switch|p2b: Raichu|Raichu, L50, M|100/100|[from] Parting Shot
|move|p1a: Incineroar|Flare Blitz|p2a: Aggron
|-supereffective|p2a: Aggron|1
|-damage|p2a: Aggron|52/100 brn
|-damage|p1a: Incineroar|63/100|[from] Recoil
|
|-damage|p2a: Aggron|46/100 brn|[from] brn
|upkeep
|turn|5
|
|t:|1783917322
|move|p2b: Raichu|Fake Out|p1a: Incineroar
|-damage|p1a: Incineroar|57/100
|move|p2a: Aggron|Body Press|p1b: Kingambit
|-supereffective|p1b: Kingambit|2
|-enditem|p1b: Kingambit|Focus Sash
|-damage|p1b: Kingambit|1/100
|cant|p1a: Incineroar|flinch
|move|p1b: Kingambit|Kowtow Cleave|p2b: Raichu
|-crit|p2b: Raichu
|-enditem|p2b: Raichu|Focus Sash
|-damage|p2b: Raichu|1/100
|
|-damage|p2a: Aggron|40/100 brn|[from] brn
|-fieldend|move: Trick Room
|upkeep
|turn|6
|
|t:|1783917342
|move|p1b: Kingambit|Sucker Punch|p2b: Raichu
|-damage|p2b: Raichu|0 fnt
|faint|p2b: Raichu
|move|p1a: Incineroar|Flare Blitz|p2a: Aggron
|-supereffective|p2a: Aggron|1
|-damage|p2a: Aggron|29/100 brn
|-damage|p1a: Incineroar|54/100|[from] Recoil
|move|p2a: Aggron|Body Press|p1a: Incineroar
|-supereffective|p1a: Incineroar|1
|-damage|p1a: Incineroar|4/100
|
|-damage|p2a: Aggron|23/100 brn|[from] brn
|upkeep
|
|t:|1783917354
|switch|p2b: Incineroar|Incineroar, L50, F|72/100
|-ability|p2b: Incineroar|Intimidate|boost
|-unboost|p1a: Incineroar|atk|1
|-unboost|p1b: Kingambit|atk|1
|-ability|p1b: Kingambit|Defiant|boost
|-boost|p1b: Kingambit|atk|2
|turn|7
|
|t:|1783917362
|move|p1b: Kingambit|Protect|p1b: Kingambit
|-singleturn|p1b: Kingambit|Protect
|move|p2b: Incineroar|Fake Out|p1b: Kingambit
|-activate|p1b: Kingambit|move: Protect
|move|p1a: Incineroar|Flare Blitz|p2a: Aggron
|-supereffective|p2a: Aggron|1
|-damage|p2a: Aggron|16/100 brn
|-damage|p1a: Incineroar|2/100|[from] Recoil
|move|p2a: Aggron|Body Press|p1a: Incineroar
|-supereffective|p1a: Incineroar|1
|-damage|p1a: Incineroar|0 fnt
|faint|p1a: Incineroar
|
|-damage|p2a: Aggron|10/100 brn|[from] brn
|upkeep
|
|t:|1783917370
|switch|p1a: Charizard|Charizard, L50, M|100/100
|turn|8
|-message|DOCTVGC forfeited.
|raw|KodeBeast0526's rating: 1260 → 1276(+16 for winning)
|raw|DOCTVGC's rating: 1135 → 1119(-16 for losing)
|
|win|KodeBeast0526
