|j|☆root2iris
|j|☆Gworf
|html|root2irisGworf    
|uhtml|bestof|Game 1 of a best-of-3
|t:|1756240506
|gametype|doubles
|player|p1|root2iris|guitarist|1248
|player|p2|Gworf|acetrainer-gen4dp|1139
|gen|9
|tier|[Gen 9] VGC 2025 Reg H (Bo3)
|rated|
|rule|Species Clause: Limit one of each Pokémon
|rule|Item Clause: Limit 1 of each item
|clearpoke
|poke|p1|Archaludon, L50, M|
|poke|p1|Pelipper, L50, F|
|poke|p1|Amoonguss, L50, F|
|poke|p1|Incineroar, L50, F|
|poke|p1|Baxcalibur, L50, F|
|poke|p1|Annihilape, L50, F|
|poke|p2|Ninetales, L50, M|
|poke|p2|Gallade, L50, M|
|poke|p2|Charizard, L50, F|
|poke|p2|Hatterene, L50, F|
|poke|p2|Indeedee, L50, M|
|poke|p2|Dragapult, L50, F|
|teampreview|4
|showteam|p1|Archaludon||AssaultVest|Stamina|DragonPulse,ElectroShot,BodyPress,Thunderbolt|||M|||50|,,,,,Bug]Pelipper||FocusSash|Drizzle|MuddyWater,Hurricane,Tailwind,Protect|||F|||50|,,,,,Ghost]Amoonguss||CovertCloak|Regenerator|PollenPuff,RagePowder,Spore,Protect|||F|||50|,,,,,Fairy]Incineroar||SafetyGoggles|Intimidate|KnockOff,BurningJealousy,PartingShot,FakeOut|||F|||50|,,,,,Ghost]Baxcalibur||LoadedDice|ThermalExchange|IcicleSpear,ScaleShot,HighHorsepower,Protect|||F|||50|,,,,,Ghost]Annihilape||SitrusBerry|Defiant|RageFist,FinalGambit,Coaching,Taunt|||F|||50|,,,,,Fire
|showteam|p2|Ninetales||Charcoal|Drought|HeatWave,WeatherBall,NastyPlot,Protect|||M|||50|,,,,,Stellar]Gallade||ClearAmulet|Sharpness|Protect,SacredSword,PsychoCut,WideGuard|||M|||50|,,,,,Fighting]Charizard||ChoiceSpecs|SolarPower|HeatWave,FireBlast,DragonPulse,ScorchingSands|||F|||50|,,,,,Ghost]Hatterene||LifeOrb|MagicBounce|ExpandingForce,MysticalFire,AfterYou,Protect|||F|||50|,,,,,Fire]Indeedee||ChoiceScarf|PsychicSurge|ExpandingForce,HyperVoice,AfterYou,Trick|||M|||50|,,,,,Psychic]Dragapult||FocusSash|ClearBody|DragonDarts,PhantomForce,Uturn,Protect|||F|||50|,,,,,Dragon
|inactive|Battle timer is ON: inactive players will automatically lose when time's up. (requested by root2iris)
|inactive|root2iris has 60 seconds left.
|inactive|Gworf has 60 seconds left.
|inactive|Gworf has 30 seconds left.
|
|t:|1756240575
|teamsize|p1|4
|teamsize|p2|4
|start
|switch|p1a: RC|Incineroar, L50, F|100/100
|switch|p1b: Mikael Mouse|Amoonguss, L50, F|100/100
|switch|p2a: Hatterene|Hatterene, L50, F|100/100
|switch|p2b: Indeedee|Indeedee, L50, M|100/100
|-fieldstart|move: Psychic Terrain|[from] ability: Psychic Surge|[of] p2b: Indeedee
|-ability|p1a: RC|Intimidate|boost
|-unboost|p2a: Hatterene|atk|1
|-unboost|p2b: Indeedee|atk|1
|turn|1
|inactive|Gworf has 30 seconds left.
|
|t:|1756240605
|switch|p2b: Ninetales|Ninetales, L50, M, shiny|100/100
|-weather|SunnyDay|[from] ability: Drought|[of] p2b: Ninetales
|move|p1b: Mikael Mouse|Protect|p1b: Mikael Mouse
|-singleturn|p1b: Mikael Mouse|Protect
|move|p1a: RC|Knock Off|p2b: Ninetales
|-damage|p2b: Ninetales|53/100
|-enditem|p2b: Ninetales|Charcoal|[from] move: Knock Off|[of] p1a: RC
|move|p2a: Hatterene|Mystical Fire|p1a: RC
|-resisted|p1a: RC
|-damage|p1a: RC|75/100
|-unboost|p1a: RC|spa|1
|-damage|p2a: Hatterene|91/100|[from] item: Life Orb
|
|-weather|SunnyDay|[upkeep]
|upkeep
|turn|2
|inactive|root2iris has 30 seconds left.
|inactive|Gworf has 30 seconds left.
|
|t:|1756240635
|switch|p1b: Oathkeeper|Pelipper, L50, F, shiny|100/100
|-weather|RainDance|[from] ability: Drizzle|[of] p1b: Oathkeeper
|move|p2b: Ninetales|Weather Ball|p1a: RC
|-supereffective|p1a: RC
|-damage|p1a: RC|14/100
|move|p1a: RC|Knock Off|p2a: Hatterene
|-damage|p2a: Hatterene|52/100
|-enditem|p2a: Hatterene|Life Orb|[from] move: Knock Off|[of] p1a: RC
|move|p2a: Hatterene|Expanding Force|p1b: Oathkeeper|[spread] p1b
|-immune|p1a: RC
|-damage|p1b: Oathkeeper|1/100
|
|-weather|RainDance|[upkeep]
|upkeep
|turn|3
|inactive|root2iris has 30 seconds left.
|
|t:|1756240669
|move|p1b: Oathkeeper|Protect|p1b: Oathkeeper
|-singleturn|p1b: Oathkeeper|Protect
|move|p2b: Ninetales|Heat Wave|p1b: Oathkeeper|[spread] p1a
|-activate|p1b: Oathkeeper|move: Protect
|-resisted|p1a: RC
|-damage|p1a: RC|8/100
|move|p1a: RC|Parting Shot|p2b: Ninetales
|-unboost|p2b: Ninetales|atk|1
|-unboost|p2b: Ninetales|spa|1
|
|t:|1756240678
|switch|p1a: Roxas|Archaludon, L50, M|100/100|[from] Parting Shot
|move|p2a: Hatterene|Expanding Force|p1b: Oathkeeper|[spread] p1a
|-activate|p1b: Oathkeeper|move: Protect
|-resisted|p1a: Roxas
|-damage|p1a: Roxas|79/100
|-ability|p1a: Roxas|Stamina|boost
|-boost|p1a: Roxas|def|1
|
|-weather|RainDance|[upkeep]
|upkeep
|turn|4
|inactive|Gworf has 30 seconds left.
|inactive|Gworf has 20 seconds left.
|
|t:|1756240716
|move|p2b: Ninetales|Weather Ball|p1a: Roxas
|-resisted|p1a: Roxas
|-damage|p1a: Roxas|72/100
|-ability|p1a: Roxas|Stamina|boost
|-boost|p1a: Roxas|def|1
|move|p1a: Roxas|Electro Shot||[still]
|-prepare|p1a: Roxas|Electro Shot
|-boost|p1a: Roxas|spa|1
|-anim|p1a: Roxas|Electro Shot|p2a: Hatterene
|-damage|p2a: Hatterene|0 fnt
|faint|p2a: Hatterene
|move|p1b: Oathkeeper|Muddy Water|p2b: Ninetales
|-supereffective|p2b: Ninetales
|-damage|p2b: Ninetales|0 fnt
|faint|p2b: Ninetales
|
|-weather|RainDance|[upkeep]
|upkeep
|
|t:|1756240727
|switch|p2b: Gallade|Gallade, L50, M, shiny|100/100
|switch|p2a: Indeedee|Indeedee, L50, M|100/100
|turn|5
|inactive|root2iris has 30 seconds left.
|inactive|root2iris has 20 seconds left.
|
|t:|1756240763
|switch|p1b: RC|Incineroar, L50, F|8/100
|-ability|p1b: RC|Intimidate|boost
|-unboost|p2a: Indeedee|atk|1
|-fail|p2b: Gallade|unboost|[from] item: Clear Amulet|[of] p2b: Gallade
|-terastallize|p1a: Roxas|Bug
|-terastallize|p2b: Gallade|Fighting
|move|p2a: Indeedee|Expanding Force|p1a: Roxas|[spread] p1a
|-immune|p1b: RC
|-damage|p1a: Roxas|33/100
|-ability|p1a: Roxas|Stamina|boost
|-boost|p1a: Roxas|def|1
|move|p1a: Roxas|Electro Shot||[still]
|-prepare|p1a: Roxas|Electro Shot
|-boost|p1a: Roxas|spa|1
|-anim|p1a: Roxas|Electro Shot|p2a: Indeedee
|-damage|p2a: Indeedee|3/100
|move|p2b: Gallade|Sacred Sword|p1a: Roxas
|-resisted|p1a: Roxas
|-damage|p1a: Roxas|5/100
|-ability|p1a: Roxas|Stamina|boost
|-boost|p1a: Roxas|def|1
|
|-weather|RainDance|[upkeep]
|-fieldend|move: Psychic Terrain
|upkeep
|turn|6
|inactive|Gworf has 30 seconds left.
|inactive|Gworf has 20 seconds left.
|
|t:|1756240801
|move|p1b: RC|Fake Out|p2a: Indeedee
|-crit|p2a: Indeedee
|-damage|p2a: Indeedee|0 fnt
|faint|p2a: Indeedee
|move|p1a: Roxas|Electro Shot||[still]
|-prepare|p1a: Roxas|Electro Shot
|-boost|p1a: Roxas|spa|1
|-anim|p1a: Roxas|Electro Shot|p2b: Gallade
|-damage|p2b: Gallade|10/100
|move|p2b: Gallade|Sacred Sword|p1a: Roxas
|-resisted|p1a: Roxas
|-damage|p1a: Roxas|0 fnt
|faint|p1a: Roxas
|
|-weather|none
|upkeep
|
|t:|1756240810
|switch|p1a: Oathkeeper|Pelipper, L50, F, shiny|1/100
|-weather|RainDance|[from] ability: Drizzle|[of] p1a: Oathkeeper
|turn|7
|
|t:|1756240820
|move|p1b: RC|Knock Off|p2b: Gallade
|-resisted|p2b: Gallade
|-damage|p2b: Gallade|0 fnt
|-enditem|p2b: Gallade|Clear Amulet|[from] move: Knock Off|[of] p1b: RC
|faint|p2b: Gallade
|
|win|root2iris
|l|☆Gworf
|player|p2|
||Gworf is ready for game 2.
|inactive|root2iris has 30 seconds to confirm battle start!
|inactive|root2iris has 20 seconds to confirm battle start!
|inactive|root2iris has 10 seconds to confirm battle start!
||root2iris is ready for game 2.
|uhtml|next|Next: Game 2 of 3
