|j|☆longlegs828
|j|☆PenguimSAL
|html|longlegs828PenguimSAL    
|uhtml|bestof|Game 2 of a best-of-3
|t:|1783304100
|gametype|doubles
|player|p1|longlegs828|169|1237
|player|p2|PenguimSAL|hugh|1180
|gen|9
|tier|[Gen 9 Champions] VGC 2026 Reg M-B (Bo3)
|rated|
|rule|Species Clause: Limit one of each Pokémon
|rule|Item Clause: Limit 1 of each item
|clearpoke
|poke|p1|Charizard, L50, F|
|poke|p1|Incineroar, L50, M|
|poke|p1|Garchomp, L50, M|
|poke|p1|Venusaur, L50, M|
|poke|p1|Farigiraf, L50, F|
|poke|p1|Sylveon, L50, F|
|poke|p2|Sneasler, L50, M|
|poke|p2|Blastoise, L50, M|
|poke|p2|Kingambit, L50, M|
|poke|p2|Incineroar, L50, M|
|poke|p2|Delphox, L50, F|
|poke|p2|Sinistcha, L50|
|teampreview|4
|showteam|p1|Charizard||CharizarditeY|Blaze|HeatWave,WeatherBall,SolarBeam,Protect|Timid||F|||50|]Incineroar||PasshoBerry|Intimidate|FlareBlitz,ThroatChop,FakeOut,PartingShot|Sassy||M|||50|]Garchomp||LifeOrb|RoughSkin|Earthquake,DragonClaw,RockSlide,Protect|Jolly||M|||50|]Venusaur||FocusSash|Chlorophyll|SleepPowder,SludgeBomb,LeafStorm,Protect|Timid||M|||50|]Farigiraf||SitrusBerry|ArmorTail|TrickRoom,Psychic,Thunderbolt,Protect|Modest||F|||50|]Sylveon||FairyFeather|Pixilate|HyperVoice,HyperBeam,QuickAttack,Protect|Quiet||F|||50|
|showteam|p2|Sneasler||FocusSash|PoisonTouch|DireClaw,CloseCombat,FakeOut,QuickGuard|Jolly||M|||50|]Blastoise||Blastoisinite|RainDish|DarkPulse,WaterSpout,ShellSmash,Protect|Modest||M|||50|]Kingambit||BlackGlasses|Defiant|KowtowCleave,SuckerPunch,SwordsDance,Protect|Adamant||M|||50|]Incineroar||SitrusBerry|Intimidate|FlareBlitz,HelpingHand,PartingShot,FakeOut|Careful||M|||50|]Delphox||Delphoxite|Blaze|HeatWave,NastyPlot,Psyshock,Protect|Modest||F|||50|]Sinistcha||KasibBerry|Hospitality|MatchaGotcha,RagePowder,TrickRoom,LifeDew|Bold|||||50|
|
|t:|1783304124
|teamsize|p1|4
|teamsize|p2|4
|start
|switch|p1a: Charizard|Charizard, L50, F|100/100
|switch|p1b: Venusaur|Venusaur, L50, M|100/100
|switch|p2a: Kingambit|Kingambit, L50, M|100/100
|switch|p2b: Sneasler|Sneasler, L50, M|100/100
|turn|1
|
|t:|1783304150
|detailschange|p1a: Charizard|Charizard-Mega-Y, L50, F
|-mega|p1a: Charizard|Charizard|Charizardite Y
|-weather|SunnyDay|[from] ability: Drought|[of] p1a: Charizard
|move|p2b: Sneasler|Fake Out|p1a: Charizard
|-damage|p1a: Charizard|80/100
|-status|p1a: Charizard|psn|[from] ability: Poison Touch|[of] p2b: Sneasler
|move|p1b: Venusaur|Sleep Powder|p2a: Kingambit
|-status|p2a: Kingambit|slp|[from] move: Sleep Powder
|cant|p1a: Charizard|flinch
|cant|p2a: Kingambit|slp
|
|-weather|SunnyDay|[upkeep]
|-damage|p1a: Charizard|67/100 psn|[from] psn
|upkeep
|turn|2
|
|t:|1783304172
|switch|p2b: Incineroar|Incineroar, L50, M|100/100
|-ability|p2b: Incineroar|Intimidate|boost
|-unboost|p1a: Charizard|atk|1
|-unboost|p1b: Venusaur|atk|1
|move|p1b: Venusaur|Sludge Bomb|p2b: Incineroar
|-damage|p2b: Incineroar|69/100
|move|p1a: Charizard|Heat Wave|p2b: Incineroar|[spread] p2a,p2b
|-supereffective|p2a: Kingambit|1
|-resisted|p2b: Incineroar|1
|-damage|p2a: Kingambit|0 fnt
|-damage|p2b: Incineroar|44/100
|-enditem|p2b: Incineroar|Sitrus Berry|[eat]
|-heal|p2b: Incineroar|68/100|[from] item: Sitrus Berry
|faint|p2a: Kingambit
|
|-weather|SunnyDay|[upkeep]
|-damage|p1a: Charizard|55/100 psn|[from] psn
|upkeep
|
|t:|1783304184
|switch|p2a: Delphox|Delphox, L50, F|100/100
|turn|3
|
|t:|1783304208
|switch|p1a: Incineroar|Incineroar, L50, M|100/100
|-ability|p1a: Incineroar|Intimidate|boost
|-unboost|p2a: Delphox|atk|1
|-unboost|p2b: Incineroar|atk|1
|detailschange|p2a: Delphox|Delphox-Mega, L50, F
|-mega|p2a: Delphox|Delphox|Delphoxite
|move|p1b: Venusaur|Protect|p1b: Venusaur
|-singleturn|p1b: Venusaur|Protect
|move|p2a: Delphox|Heat Wave|p1a: Incineroar|[spread] p1a
|-activate|p1b: Venusaur|move: Protect
|-resisted|p1a: Incineroar|1
|-damage|p1a: Incineroar|76/100
|move|p2b: Incineroar|Flare Blitz|p1b: Venusaur
|-activate|p1b: Venusaur|move: Protect
|
|-weather|SunnyDay|[upkeep]
|upkeep
|turn|4
|
|t:|1783304237
|switch|p2a: Sneasler|Sneasler, L50, M|100/100
|move|p1a: Incineroar|Fake Out|p2b: Incineroar
|-damage|p2b: Incineroar|56/100
|move|p1b: Venusaur|Sleep Powder|p2a: Sneasler
|-status|p2a: Sneasler|slp|[from] move: Sleep Powder
|cant|p2b: Incineroar|flinch
|
|-weather|SunnyDay|[upkeep]
|upkeep
|turn|5
|
|t:|1783304259
|move|p1b: Venusaur|Sludge Bomb|p2a: Sneasler
|-resisted|p2a: Sneasler|1
|-damage|p2a: Sneasler|71/100 slp
|cant|p2a: Sneasler|slp
|move|p2b: Incineroar|Parting Shot|p1a: Incineroar
|-unboost|p1a: Incineroar|atk|1
|-unboost|p1a: Incineroar|spa|1
|
|t:|1783304262
|switch|p2b: Delphox|Delphox-Mega, L50, F|100/100|[from] Parting Shot
|move|p1a: Incineroar|Flare Blitz|p2a: Sneasler
|-damage|p2a: Sneasler|0 fnt
|faint|p2a: Sneasler
|-damage|p1a: Incineroar|58/100|[from] Recoil
|
|-weather|none
|upkeep
|
|t:|1783304265
|switch|p2a: Incineroar|Incineroar, L50, M|56/100
|-ability|p2a: Incineroar|Intimidate|boost
|-unboost|p1a: Incineroar|atk|1
|-unboost|p1b: Venusaur|atk|1
|turn|6
|
|t:|1783304302
|switch|p1a: Charizard|Charizard-Mega-Y, L50, F|55/100 psn
|-weather|SunnyDay|[from] ability: Drought|[of] p1a: Charizard
|move|p1b: Venusaur|Protect|p1b: Venusaur
|-singleturn|p1b: Venusaur|Protect
|move|p2a: Incineroar|Fake Out|p1b: Venusaur
|-activate|p1b: Venusaur|move: Protect
|move|p2b: Delphox|Nasty Plot|p2b: Delphox
|-boost|p2b: Delphox|spa|2
|
|-weather|SunnyDay|[upkeep]
|-damage|p1a: Charizard|43/100 psn|[from] psn
|upkeep
|turn|7
|
|t:|1783304332
|move|p2b: Delphox|Protect|p2b: Delphox
|-singleturn|p2b: Delphox|Protect
|move|p1b: Venusaur|Sleep Powder|p2b: Delphox
|-activate|p2b: Delphox|move: Protect
|move|p1a: Charizard|Weather Ball|p2a: Incineroar
|-resisted|p2a: Incineroar|1
|-damage|p2a: Incineroar|18/100
|move|p2a: Incineroar|Flare Blitz|p1b: Venusaur
|-supereffective|p1b: Venusaur|1
|-crit|p1b: Venusaur
|-enditem|p1b: Venusaur|Focus Sash
|-damage|p1b: Venusaur|1/100
|-status|p1b: Venusaur|brn
|-damage|p2a: Incineroar|0 fnt|[from] Recoil
|faint|p2a: Incineroar
|
|-weather|SunnyDay|[upkeep]
|-damage|p1a: Charizard|30/100 psn|[from] psn
|-damage|p1b: Venusaur|0 fnt|[from] brn
|faint|p1b: Venusaur
|upkeep
|
|t:|1783304365
|switch|p1b: Garchomp|Garchomp, L50, M|100/100
|turn|8
|
|t:|1783304376
|move|p1b: Garchomp|Protect|p1b: Garchomp
|-singleturn|p1b: Garchomp|Protect
|move|p2b: Delphox|Psyshock|p1b: Garchomp
|-activate|p1b: Garchomp|move: Protect
|move|p1a: Charizard|Weather Ball|p2b: Delphox
|-resisted|p2b: Delphox|1
|-crit|p2b: Delphox
|-damage|p2b: Delphox|41/100
|
|-weather|SunnyDay|[upkeep]
|-damage|p1a: Charizard|18/100 psn|[from] psn
|upkeep
|turn|9
|
|t:|1783304400
|switch|p1b: Incineroar|Incineroar, L50, M|58/100
|-ability|p1b: Incineroar|Intimidate|boost
|-unboost|p2b: Delphox|atk|1
|move|p2b: Delphox|Psyshock|p1b: Incineroar
|-immune|p1b: Incineroar
|move|p1a: Charizard|Weather Ball|p2b: Delphox
|-resisted|p2b: Delphox|1
|-damage|p2b: Delphox|4/100
|
|-weather|SunnyDay|[upkeep]
|-damage|p1a: Charizard|6/100 psn|[from] psn
|upkeep
|turn|10
|
|t:|1783304413
|switch|p1a: Garchomp|Garchomp, L50, M|100/100
|move|p2b: Delphox|Protect|p2b: Delphox
|-singleturn|p2b: Delphox|Protect
|move|p1b: Incineroar|Fake Out|p2b: Delphox
|-activate|p2b: Delphox|move: Protect
|
|-weather|none
|upkeep
|turn|11
|
|t:|1783304426
|move|p2b: Delphox|Heat Wave|p1a: Garchomp|[spread] p1a,p1b
|-resisted|p1a: Garchomp|1
|-resisted|p1b: Incineroar|1
|-damage|p1a: Garchomp|57/100
|-damage|p1b: Incineroar|31/100
|move|p1a: Garchomp|Dragon Claw|p2b: Delphox
|-damage|p2b: Delphox|0 fnt
|faint|p2b: Delphox
|-damage|p1a: Garchomp|48/100|[from] item: Life Orb
|
|win|longlegs828
||longlegs828 is ready for game 3.
