|j|☆is_katabo
|j|☆sparshjha
|html|is_katabosparshjha    
|uhtml|bestof|Game 2 of a best-of-3
|t:|1785725962
|gametype|doubles
|player|p1|is_katabo|youngster-gen4dp|1263
|player|p2|sparshjha|170|1321
|gen|9
|tier|[Gen 9 Champions] VGC 2026 Reg M-B (Bo3)
|rated|
|rule|Species Clause: Limit one of each Pokémon
|rule|Item Clause: Limit 1 of each item
|clearpoke
|poke|p1|Charizard, L50, F|
|poke|p1|Venusaur, L50, F|
|poke|p1|Incineroar, L50, M|
|poke|p1|Garchomp, L50, M|
|poke|p1|Sinistcha, L50|
|poke|p1|Floette-Eternal, L50, F|
|poke|p2|Staraptor, L50, M|
|poke|p2|Garchomp, L50, M|
|poke|p2|Whimsicott, L50, M|
|poke|p2|Delphox, L50, M|
|poke|p2|Sneasler, L50, M|
|poke|p2|Kingambit, L50, M|
|teampreview|4
|showteam|p1|Charizard||CharizarditeY|Blaze|HeatWave,WeatherBall,SolarBeam,Protect|Modest||F|||50|]Venusaur||LifeOrb|Chlorophyll|EnergyBall,SludgeBomb,EarthPower,Protect|Modest||F|||50|]Incineroar||SitrusBerry|Intimidate|FakeOut,ThroatChop,FlareBlitz,PartingShot|Careful||M|||50|]Garchomp||ChoiceScarf|RoughSkin|DragonClaw,Earthquake,StompingTantrum,RockSlide|Adamant||M|||50|]Sinistcha||FocusSash|Hospitality|MatchaGotcha,ShadowBall,RagePowder,Protect|Modest|||||50|]Floette-Eternal||Floettite|FlowerVeil|Moonblast,DazzlingGleam,CalmMind,Protect|Timid||F|||50|
|showteam|p2|Staraptor||Staraptite|Intimidate|Protect,Roost,CloseCombat,BraveBird|Jolly||M|||50|]Garchomp||LifeOrb|RoughSkin|Protect,RockSlide,Earthquake,DragonClaw|Jolly||M|||50|]Whimsicott||FocusSash|Prankster|Moonblast,Tailwind,Charm,LightScreen|Timid||M|||50|]Delphox||Delphoxite|Magician|Protect,Psychic,HeatWave,Encore|Timid||M|||50|]Sneasler||WhiteHerb|Unburden|FakeOut,QuickGuard,CloseCombat,DireClaw|Adamant||M|||50|]Kingambit||BlackGlasses|Defiant|KowtowCleave,IronHead,SuckerPunch,Protect|Adamant||M|||50|
|inactive|Battle timer is ON: inactive players will automatically lose when time's up. (requested by sparshjha)
|inactive|is_katabo has 60 seconds left.
|
|t:|1785726002
|teamsize|p1|4
|teamsize|p2|4
|start
|switch|p1a: Garchomp|Garchomp, L50, M|100/100
|switch|p1b: Floette|Floette-Eternal, L50, F|100/100
|switch|p2a: Delphox|Delphox, L50, M|100/100
|switch|p2b: Whimsicott|Whimsicott, L50, M|100/100
|turn|1
|inactive|sparshjha has 30 seconds left.
|inactive|is_katabo has 30 seconds left.
|inactive|sparshjha has 20 seconds left.
|inactive|sparshjha has 15 seconds left.
|inactive|sparshjha has 10 seconds left.
|inactive|sparshjha has 5 seconds left.
|
|t:|1785726052
|switch|p1a: Incineroar|Incineroar, L50, M|100/100
|-ability|p1a: Incineroar|Intimidate|boost
|-unboost|p2a: Delphox|atk|1
|-unboost|p2b: Whimsicott|atk|1
|detailschange|p2a: Delphox|Delphox-Mega, L50, M
|-mega|p2a: Delphox|Delphox|Delphoxite
|detailschange|p1b: Floette|Floette-Mega, L50, F
|-mega|p1b: Floette|Floette|Floettite
|-ability|p1b: Floette|Fairy Aura
|move|p2b: Whimsicott|Charm|p1a: Incineroar
|-hint|Since gen 7, Dark is immune to Prankster moves.
|-immune|p1a: Incineroar
|move|p2a: Delphox|Heat Wave|p1b: Floette|[spread] p1a
|-miss|p2a: Delphox|p1b: Floette
|-resisted|p1a: Incineroar|1
|-damage|p1a: Incineroar|83/100
|move|p1b: Floette|Dazzling Gleam|p2a: Delphox|[spread] p2a,p2b
|-resisted|p2a: Delphox|1
|-damage|p2a: Delphox|79/100
|-damage|p2b: Whimsicott|36/100
|
|upkeep
|turn|2
|inactive|is_katabo has 30 seconds left.
|inactive|sparshjha has 30 seconds left.
|
|t:|1785726087
|move|p2b: Whimsicott|Tailwind|p2b: Whimsicott
|-sidestart|p2: sparshjha|move: Tailwind
|move|p2a: Delphox|Heat Wave|p1b: Floette|[spread] p1a
|-miss|p2a: Delphox|p1b: Floette
|-resisted|p1a: Incineroar|1
|-damage|p1a: Incineroar|64/100
|move|p1b: Floette|Moonblast|p2a: Delphox
|-resisted|p2a: Delphox|1
|-damage|p2a: Delphox|51/100
|move|p1a: Incineroar|Parting Shot|p2b: Whimsicott
|-unboost|p2b: Whimsicott|atk|1
|-unboost|p2b: Whimsicott|spa|1
|inactive|is_katabo has 30 seconds left.
|
|t:|1785726114
|switch|p1a: Sinistcha|Sinistcha, L50|100/100|[from] Parting Shot
|
|upkeep
|turn|3
|
|t:|1785726124
|move|p1a: Sinistcha|Protect|p1a: Sinistcha
|-singleturn|p1a: Sinistcha|Protect
|move|p2b: Whimsicott|Light Screen|p2b: Whimsicott
|-sidestart|p2: sparshjha|move: Light Screen
|move|p2a: Delphox|Heat Wave|p1b: Floette|[spread] p1b
|-activate|p1a: Sinistcha|move: Protect
|-damage|p1b: Floette|65/100
|move|p1b: Floette|Dazzling Gleam|p2a: Delphox|[spread] p2a,p2b
|-resisted|p2a: Delphox|1
|-damage|p2a: Delphox|39/100
|-damage|p2b: Whimsicott|0 fnt
|faint|p2b: Whimsicott
|
|upkeep
|
|t:|1785726143
|switch|p2b: Garchomp|Garchomp, L50, M|100/100
|turn|4
|
|t:|1785726160
|switch|p1a: Incineroar|Incineroar, L50, M|64/100
|-ability|p1a: Incineroar|Intimidate|boost
|-unboost|p2a: Delphox|atk|1
|-unboost|p2b: Garchomp|atk|1
|move|p1b: Floette|Protect|p1b: Floette
|-singleturn|p1b: Floette|Protect
|move|p2a: Delphox|Heat Wave|p1b: Floette|[spread] p1a
|-activate|p1b: Floette|move: Protect
|-resisted|p1a: Incineroar|1
|-damage|p1a: Incineroar|45/100
|-enditem|p1a: Incineroar|Sitrus Berry|[eat]
|-heal|p1a: Incineroar|70/100|[from] item: Sitrus Berry
|move|p2b: Garchomp|Earthquake|p1b: Floette|[spread] p1a
|-activate|p1b: Floette|move: Protect
|-immune|p2a: Delphox|[from] ability: Levitate
|-supereffective|p1a: Incineroar|1
|-damage|p1a: Incineroar|6/100
|-damage|p2b: Garchomp|90/100|[from] item: Life Orb
|
|upkeep
|turn|5
|inactive|sparshjha has 30 seconds left.
|
|t:|1785726194
|move|p2a: Delphox|Protect|p2a: Delphox
|-singleturn|p2a: Delphox|Protect
|move|p2b: Garchomp|Protect|p2b: Garchomp
|-singleturn|p2b: Garchomp|Protect
|move|p1a: Incineroar|Fake Out|p2a: Delphox
|-activate|p2a: Delphox|move: Protect
|move|p1b: Floette|Moonblast|p2b: Garchomp
|-activate|p2b: Garchomp|move: Protect
|
|-sideend|p2: sparshjha|move: Tailwind
|upkeep
|turn|6
|
|t:|1785726212
|switch|p1a: Sinistcha|Sinistcha, L50|100/100
|-heal|p1b: Floette|90/100|[from] ability: Hospitality|[of] p1a: Sinistcha
|move|p2a: Delphox|Heat Wave|p1b: Floette|[spread] p1a,p1b
|-supereffective|p1a: Sinistcha|1
|-enditem|p1a: Sinistcha|Focus Sash
|-damage|p1a: Sinistcha|1/100
|-damage|p1b: Floette|59/100
|move|p1b: Floette|Moonblast|p2b: Garchomp
|-supereffective|p2b: Garchomp|1
|-damage|p2b: Garchomp|0 fnt
|faint|p2b: Garchomp
|
|upkeep
|
|t:|1785726224
|switch|p2b: Sneasler|Sneasler, L50, M|100/100
|turn|7
|
|t:|1785726247
|switch|p1b: Incineroar|Incineroar, L50, M|6/100
|-ability|p1b: Incineroar|Intimidate|boost
|-unboost|p2a: Delphox|atk|1
|-unboost|p2b: Sneasler|atk|1
|-enditem|p2b: Sneasler|White Herb
|-clearnegativeboost|p2b: Sneasler|[silent]
|move|p2b: Sneasler|Fake Out|p1b: Incineroar
|-damage|p1b: Incineroar|0 fnt
|faint|p1b: Incineroar
|move|p2a: Delphox|Heat Wave|p1a: Sinistcha
|-supereffective|p1a: Sinistcha|1
|-damage|p1a: Sinistcha|0 fnt
|faint|p1a: Sinistcha
|
|-sideend|p2: sparshjha|move: Light Screen
|upkeep
|inactive|is_katabo has 30 seconds left.
|inactive|is_katabo has 20 seconds left.
|inactive|is_katabo has 15 seconds left.
|
|t:|1785726291
|switch|p1b: Floette|Floette-Mega, L50, F|59/100
|switch|p1a: Garchomp|Garchomp, L50, M|100/100
|-ability|p1b: Floette|Fairy Aura
|turn|8
|inactive|sparshjha has 30 seconds left.
|
|t:|1785726323
|move|p2b: Sneasler|Dire Claw|p1b: Floette
|-supereffective|p1b: Floette|1
|-damage|p1b: Floette|0 fnt
|faint|p1b: Floette
|move|p1a: Garchomp|Dragon Claw|p2b: Sneasler
|-damage|p2b: Sneasler|30/100
|move|p2a: Delphox|Psychic|p1a: Garchomp
|-damage|p1a: Garchomp|39/100
|
|upkeep
|turn|9
|
|t:|1785726338
|move|p2b: Sneasler|Close Combat|p1a: Garchomp
|-damage|p1a: Garchomp|0 fnt
|-unboost|p2b: Sneasler|def|1
|-unboost|p2b: Sneasler|spd|1
|-damage|p2b: Sneasler|18/100|[from] ability: Rough Skin|[of] p1a: Garchomp
|faint|p1a: Garchomp
|
|win|sparshjha
||sparshjha is ready for game 3.
||is_katabo is ready for game 3.
|uhtml|next|Next: Game 3 of 3
|l|☆sparshjha
|player|p2|
