|j|☆25th_mang
|j|☆jngldiff
|html|25th_mangjngldiff    
|uhtml|bestof|Game 2 of a best-of-3
|t:|1756630360
|gametype|doubles
|player|p1|25th_mang|ballguy|1127
|player|p2|jngldiff|169|1173
|gen|9
|tier|[Gen 9] VGC 2025 Reg H (Bo3)
|rated|
|rule|Species Clause: Limit one of each Pokémon
|rule|Item Clause: Limit 1 of each item
|clearpoke
|poke|p1|Pelipper, L50, F|
|poke|p1|Archaludon, L50, F|
|poke|p1|Quaquaval, L50, F|
|poke|p1|Kingambit, L50, F|
|poke|p1|Rillaboom, L50, F|
|poke|p1|Dragapult, L50, F|
|poke|p2|Sneasler, L50, F|
|poke|p2|Dragonite, L50, M|
|poke|p2|Rillaboom, L50, M|
|poke|p2|Basculegion, L50, M|
|poke|p2|Volcarona, L50, M|
|poke|p2|Kingambit, L50, F|
|teampreview|4
|showteam|p1|Pelipper||ChoiceScarf|Drizzle|Hurricane,WeatherBall,Tailwind,Uturn|||F|||50|,,,,,Ghost]Archaludon||ChoiceSpecs|Sturdy|ElectroShot,FlashCannon,DracoMeteor,DragonPulse|||F|||50|,,,,,Electric]Quaquaval||FocusSash|Moxie|AquaStep,UpperHand,CloseCombat,Protect|||F|||50|,,,,,Water]Kingambit||BlackGlasses|Defiant|KowtowCleave,SuckerPunch,IronHead,Protect|||F|||50|,,,,,Dark]Rillaboom||AssaultVest|GrassySurge|FakeOut,WoodHammer,GrassyGlide,Uturn|||F|||50|,,,,,Fire]Dragapult||ChoiceBand|ClearBody|DragonDarts,Outrage,PhantomForce,Uturn|||F|||50|,,,,,Dragon
|showteam|p2|Sneasler||FocusSash|Unburden|CloseCombat,DireClaw,Coaching,Protect|||F|||50|,,,,,Ghost]Dragonite||LoadedDice|Multiscale|ScaleShot,ExtremeSpeed,Haze,Protect|||M|||50|,,,,,Fairy]Rillaboom||MiracleSeed|GrassySurge|WoodHammer,GrassyGlide,Taunt,FakeOut|||M|||50|,,,,,Fire]Basculegion||ChoiceScarf|Adaptability|WaveCrash,FlipTurn,LastRespects,AquaJet|||M|||50|,,,,,Water]Volcarona||CovertCloak|FlameBody|HeatWave,TeraBlast,QuiverDance,Protect|||M|||50|,,,,,Fairy]Kingambit||AssaultVest|Defiant|KowtowCleave,SuckerPunch,IronHead,LowKick|||F|||50|,,,,,Dragon
|inactive|Battle timer is ON: inactive players will automatically lose when time's up. (requested by 25th_mang)
|
|t:|1756630389
|teamsize|p1|4
|teamsize|p2|4
|start
|switch|p1a: dahyun|Pelipper, L50, F|100/100
|switch|p1b: jeongsachaeng|Dragapult, L50, F, shiny|100/100
|switch|p2a: Kingambit|Kingambit, L50, F|100/100
|switch|p2b: Rillaboom|Rillaboom, L50, M|100/100
|-weather|RainDance|[from] ability: Drizzle|[of] p1a: dahyun
|-fieldstart|move: Grassy Terrain|[from] ability: Grassy Surge|[of] p2b: Rillaboom
|turn|1
|inactive|25th_mang has 30 seconds left.
|inactive|25th_mang has 20 seconds left.
|inactive|25th_mang has 15 seconds left.
|
|t:|1756630434
|move|p2b: Rillaboom|Grassy Glide|p1a: dahyun
|-damage|p1a: dahyun|47/100
|move|p1b: jeongsachaeng|U-turn|p2b: Rillaboom
|-supereffective|p2b: Rillaboom
|-damage|p2b: Rillaboom|26/100
|
|t:|1756630440
|switch|p1b: jihyo|Rillaboom, L50, F, shiny|100/100|[from] U-turn
|move|p1a: dahyun|Tailwind|p1a: dahyun
|-sidestart|p1: 25th_mang|move: Tailwind
|move|p2a: Kingambit|Kowtow Cleave|p1b: jihyo
|-damage|p1b: jihyo|57/100
|
|-weather|RainDance|[upkeep]
|-heal|p1b: jihyo|62/100|[from] Grassy Terrain
|-heal|p2b: Rillaboom|32/100|[from] Grassy Terrain
|upkeep
|turn|2
|
|t:|1756630463
|switch|p1a: momo|Quaquaval, L50, F, shiny|100/100
|switch|p2b: Basculegion|Basculegion, L50, M|100/100
|move|p1b: jihyo|Fake Out|p2b: Basculegion
|-immune|p2b: Basculegion
|move|p2a: Kingambit|Kowtow Cleave|p1b: jihyo
|-damage|p1b: jihyo|18/100
|
|-weather|RainDance|[upkeep]
|-heal|p1b: jihyo|24/100|[from] Grassy Terrain
|upkeep
|turn|3
|inactive|25th_mang has 30 seconds left.
|
|t:|1756630491
|switch|p2b: Rillaboom|Rillaboom, L50, M|32/100
|-terastallize|p2a: Kingambit|Dragon
|move|p1b: jihyo|Grassy Glide|p2b: Rillaboom
|-resisted|p2b: Rillaboom
|-damage|p2b: Rillaboom|13/100
|move|p1a: momo|Aqua Step|p2b: Rillaboom
|-resisted|p2b: Rillaboom
|-damage|p2b: Rillaboom|0 fnt
|-boost|p1a: momo|spe|1
|faint|p2b: Rillaboom
|-ability|p1a: momo|Moxie|boost
|-boost|p1a: momo|atk|1
|move|p2a: Kingambit|Kowtow Cleave|p1b: jihyo
|-damage|p1b: jihyo|0 fnt
|faint|p1b: jihyo
|
|-weather|RainDance|[upkeep]
|upkeep
|inactive|jngldiff has 30 seconds left.
|
|t:|1756630519
|switch|p2b: Sneasler|Sneasler, L50, F|100/100
|switch|p1b: dahyun|Pelipper, L50, F|47/100
|turn|4
|inactive|25th_mang has 30 seconds left.
|inactive|jngldiff has 30 seconds left.
|
|t:|1756630553
|move|p1a: momo|Protect|p1a: momo
|-singleturn|p1a: momo|Protect
|move|p1b: dahyun|U-turn|p2a: Kingambit
|-damage|p2a: Kingambit|95/100
|
|t:|1756630558
|switch|p1b: jeongsachaeng|Dragapult, L50, F, shiny|100/100|[from] U-turn
|move|p2b: Sneasler|Close Combat|p1a: momo
|-activate|p1a: momo|move: Protect
|move|p2a: Kingambit|Kowtow Cleave|p1a: momo
|-activate|p1a: momo|move: Protect
|
|-weather|RainDance|[upkeep]
|-heal|p2a: Kingambit|100/100|[from] Grassy Terrain
|-sideend|p1: 25th_mang|move: Tailwind
|upkeep
|turn|5
|inactive|25th_mang has 30 seconds left.
|inactive|jngldiff has 30 seconds left.
|
|t:|1756630590
|-terastallize|p1b: jeongsachaeng|Dragon
|move|p1a: momo|Aqua Step|p2b: Sneasler
|-enditem|p2b: Sneasler|Focus Sash
|-damage|p2b: Sneasler|1/100
|-boost|p1a: momo|spe|1
|move|p2b: Sneasler|Close Combat|p1a: momo
|-damage|p1a: momo|14/100
|-unboost|p2b: Sneasler|def|1
|-unboost|p2b: Sneasler|spd|1
|move|p1b: jeongsachaeng|Dragon Darts|p2a: Kingambit
|-supereffective|p2a: Kingambit
|-damage|p2a: Kingambit|27/100
|-anim|p1b: jeongsachaeng|Dragon Darts|p2b: Sneasler
|-damage|p2b: Sneasler|0 fnt
|faint|p2b: Sneasler
|move|p2a: Kingambit|Kowtow Cleave|p1a: momo
|-resisted|p1a: momo
|-damage|p1a: momo|0 fnt
|faint|p1a: momo
|
|-weather|none
|-heal|p2a: Kingambit|33/100|[from] Grassy Terrain
|-fieldend|move: Grassy Terrain
|upkeep
|
|t:|1756630609
|switch|p2b: Basculegion|Basculegion, L50, M|100/100
|switch|p1a: dahyun|Pelipper, L50, F|47/100
|-weather|RainDance|[from] ability: Drizzle|[of] p1a: dahyun
|turn|6
|
|t:|1756630630
|move|p2a: Kingambit|Sucker Punch|p1b: jeongsachaeng
|-damage|p1b: jeongsachaeng|50/100
|move|p2b: Basculegion|Last Respects|p1b: jeongsachaeng
|-damage|p1b: jeongsachaeng|0 fnt
|faint|p1b: jeongsachaeng
|move|p1a: dahyun|Hurricane|p2b: Basculegion
|-damage|p2b: Basculegion|50/100
|
|-weather|RainDance|[upkeep]
|upkeep
|turn|7
|
|t:|1756630641
|move|p2a: Kingambit|Sucker Punch|p1a: dahyun
|-damage|p1a: dahyun|0 fnt
|faint|p1a: dahyun
|
|win|jngldiff
|raw|25th_mang's rating: 1127 → 1105(-22 for losing)
|raw|jngldiff's rating: 1173 → 1195(+22 for winning)
|l|☆25th_mang
|player|p1|
|l|☆jngldiff
|player|p2|
|j|☆jngldiff
|player|p2|jngldiff|169|
