|j|☆upoiuz
|j|☆raksbachtesting1
|html|upoiuzraksbachtesting1    
|uhtml|bestof|Game 3 of a best-of-3
|t:|1785229164
|gametype|doubles
|player|p1|upoiuz|hilbert|1226
|player|p2|raksbachtesting1|doubleteam|1147
|gen|9
|tier|[Gen 9 Champions] VGC 2026 Reg M-B (Bo3)
|rated|
|rule|Species Clause: Limit one of each Pokémon
|rule|Item Clause: Limit 1 of each item
|clearpoke
|poke|p1|Incineroar, L50, M, shiny|
|poke|p1|Archaludon, L50, F, shiny|
|poke|p1|Pelipper, L50, F|
|poke|p1|Meganium, L50, M, shiny|
|poke|p1|Garchomp, L50, F, shiny|
|poke|p1|Swampert, L50, F|
|poke|p2|Charizard, L50, F|
|poke|p2|Garchomp, L50, M|
|poke|p2|Incineroar, L50, M|
|poke|p2|Venusaur, L50, F|
|poke|p2|Toxapex, L50, M|
|poke|p2|Sylveon, L50, M|
|teampreview|4
|showteam|p1|Incineroar||SitrusBerry|Intimidate|FakeOut,PartingShot,FlareBlitz,ThroatChop|Calm||M|||50|]Archaludon||WhiteHerb|Stamina|DracoMeteor,ElectroShot,FlashCannon,Protect|Modest||F|||50|]Pelipper||Leftovers|Drizzle|Hurricane,Tailwind,Protect,MuddyWater|Timid||F|||50|]Meganium||Meganiumite|Overgrow|WeatherBall,SolarBeam,Protect,DazzlingGleam|Modest||M|||50|]Garchomp||ChoiceScarf|RoughSkin|DragonClaw,StompingTantrum,Earthquake,RockSlide|Jolly||F|||50|]Swampert||Swampertite|Torrent|Earthquake,WaveCrash,IcePunch,Protect|Adamant||F|||50|
|showteam|p2|Charizard||CharizarditeY|SolarPower|WeatherBall,HeatWave,AncientPower,Protect|Modest||F|||50|]Garchomp||ChoiceScarf|RoughSkin|RockSlide,DragonClaw,Earthquake,StompingTantrum|Adamant||M|||50|]Incineroar||SitrusBerry|Intimidate|FlareBlitz,FakeOut,DarkestLariat,PartingShot|Impish||M|||50|]Venusaur||LifeOrb|Chlorophyll|SludgeBomb,LeafStorm,EarthPower,Protect|Modest||F|||50|]Toxapex||Leftovers|Regenerator|Infestation,Toxic,WideGuard,BanefulBunker|Bold||M|||50|]Sylveon||FairyFeather|Pixilate|HyperVoice,QuickAttack,Yawn,Detect|Modest||M|||50|
|inactive|Battle timer is ON: inactive players will automatically lose when time's up. (requested by raksbachtesting1)
|inactive|upoiuz also wants the timer to be on.
|inactive|raksbachtesting1 has 60 seconds left.
|
|t:|1785229200
|teamsize|p1|4
|teamsize|p2|4
|start
|switch|p1a: Archaludon|Archaludon, L50, F, shiny|100/100
|switch|p1b: Pelipper|Pelipper, L50, F|100/100
|switch|p2a: Sylveon|Sylveon, L50, M|100/100
|switch|p2b: Toxapex|Toxapex, L50, M|100/100
|-weather|RainDance|[from] ability: Drizzle|[of] p1b: Pelipper
|turn|1
|
|t:|1785229212
|move|p1b: Pelipper|Tailwind|p1b: Pelipper
|-sidestart|p1: upoiuz|move: Tailwind
|move|p1a: Archaludon|Electro Shot||[still]
|-prepare|p1a: Archaludon|Electro Shot
|-boost|p1a: Archaludon|spa|1
|-anim|p1a: Archaludon|Electro Shot|p2b: Toxapex
|-supereffective|p2b: Toxapex|1
|-damage|p2b: Toxapex|0 fnt
|faint|p2b: Toxapex
|move|p2a: Sylveon|Yawn|p1b: Pelipper
|-start|p1b: Pelipper|move: Yawn|[of] p2a: Sylveon
|
|-weather|RainDance|[upkeep]
|upkeep
|
|t:|1785229219
|switch|p2b: Charizard|Charizard, L50, F|100/100
|turn|2
|
|t:|1785229233
|switch|p1b: Incineroar|Incineroar, L50, M, shiny|100/100
|-ability|p1b: Incineroar|Intimidate|boost
|-unboost|p2a: Sylveon|atk|1
|-unboost|p2b: Charizard|atk|1
|detailschange|p2b: Charizard|Charizard-Mega-Y, L50, F
|-mega|p2b: Charizard|Charizard|Charizardite Y
|-weather|SunnyDay|[from] ability: Drought|[of] p2b: Charizard
|move|p1a: Archaludon|Draco Meteor|p2b: Charizard|[miss]
|-miss|p1a: Archaludon|p2b: Charizard
|move|p2b: Charizard|Ancient Power|p1b: Incineroar
|-supereffective|p1b: Incineroar|1
|-damage|p1b: Incineroar|67/100
|move|p2a: Sylveon|Yawn|p1a: Archaludon
|-start|p1a: Archaludon|move: Yawn|[of] p2a: Sylveon
|
|-weather|SunnyDay|[upkeep]
|upkeep
|turn|3
|inactive|raksbachtesting1 has 30 seconds left.
|
|t:|1785229264
|switch|p1a: Pelipper|Pelipper, L50, F|100/100
|-weather|RainDance|[from] ability: Drizzle|[of] p1a: Pelipper
|move|p2b: Charizard|Protect|p2b: Charizard
|-singleturn|p2b: Charizard|Protect
|move|p2a: Sylveon|Detect|p2a: Sylveon
|-singleturn|p2a: Sylveon|Protect
|move|p1b: Incineroar|Fake Out|p2a: Sylveon
|-activate|p2a: Sylveon|move: Protect
|
|-weather|RainDance|[upkeep]
|upkeep
|turn|4
|
|t:|1785229279
|move|p1a: Pelipper|Muddy Water|p2a: Sylveon|[spread] p2b
|-miss|p1a: Pelipper|p2a: Sylveon
|-supereffective|p2b: Charizard|1
|-damage|p2b: Charizard|21/100
|move|p1b: Incineroar|Parting Shot|p2a: Sylveon
|-unboost|p2a: Sylveon|atk|1
|-unboost|p2a: Sylveon|spa|1
|
|t:|1785229286
|switch|p1b: Archaludon|Archaludon, L50, F, shiny|100/100|[from] Parting Shot
|move|p2b: Charizard|Weather Ball|p1b: Archaludon
|-resisted|p1b: Archaludon|1
|-damage|p1b: Archaludon|61/100
|-ability|p1b: Archaludon|Stamina|boost
|-boost|p1b: Archaludon|def|1
|move|p2a: Sylveon|Hyper Voice|p1b: Archaludon|[spread] p1a,p1b
|-damage|p1a: Pelipper|47/100
|-damage|p1b: Archaludon|25/100
|-ability|p1b: Archaludon|Stamina|boost
|-boost|p1b: Archaludon|def|1
|
|-weather|RainDance|[upkeep]
|-heal|p1a: Pelipper|53/100|[from] item: Leftovers
|-sideend|p1: upoiuz|move: Tailwind
|upkeep
|turn|5
|
|t:|1785229302
|switch|p2b: Venusaur|Venusaur, L50, F|100/100
|move|p1a: Pelipper|Protect|p1a: Pelipper
|-singleturn|p1a: Pelipper|Protect
|move|p1b: Archaludon|Flash Cannon|p2b: Venusaur
|-damage|p2b: Venusaur|52/100
|move|p2a: Sylveon|Hyper Voice|p1b: Archaludon|[spread] p1b
|-activate|p1a: Pelipper|move: Protect
|-damage|p1b: Archaludon|0 fnt
|faint|p1b: Archaludon
|
|-weather|RainDance|[upkeep]
|-heal|p1a: Pelipper|59/100|[from] item: Leftovers
|upkeep
|
|t:|1785229317
|switch|p1b: Incineroar|Incineroar, L50, M, shiny|67/100
|-ability|p1b: Incineroar|Intimidate|boost
|-unboost|p2a: Sylveon|atk|1
|-unboost|p2b: Venusaur|atk|1
|turn|6
|
|t:|1785229326
|switch|p2a: Charizard|Charizard-Mega-Y, L50, F|21/100
|-weather|SunnyDay|[from] ability: Drought|[of] p2a: Charizard
|move|p1b: Incineroar|Fake Out|p2a: Charizard
|-damage|p2a: Charizard|12/100
|move|p2b: Venusaur|Leaf Storm|p1a: Pelipper
|-damage|p1a: Pelipper|0 fnt
|-unboost|p2b: Venusaur|spa|2
|faint|p1a: Pelipper
|-damage|p2b: Venusaur|43/100|[from] item: Life Orb
|
|-weather|SunnyDay|[upkeep]
|upkeep
|
|t:|1785229338
|switch|p1a: Swampert|Swampert, L50, F|100/100
|turn|7
|
|t:|1785229353
|switch|p2b: Sylveon|Sylveon, L50, M|100/100
|detailschange|p1a: Swampert|Swampert-Mega, L50, F
|-mega|p1a: Swampert|Swampert|Swampertite
|move|p1a: Swampert|Protect|p1a: Swampert
|-singleturn|p1a: Swampert|Protect
|move|p2a: Charizard|Protect|p2a: Charizard
|-singleturn|p2a: Charizard|Protect
|move|p1b: Incineroar|Flare Blitz|p2b: Sylveon
|-damage|p2b: Sylveon|42/100
|-damage|p1b: Incineroar|49/100|[from] Recoil
|-enditem|p1b: Incineroar|Sitrus Berry|[eat]
|-heal|p1b: Incineroar|74/100|[from] item: Sitrus Berry
|
|-weather|SunnyDay|[upkeep]
|upkeep
|turn|8
|
|t:|1785229378
|move|p1a: Swampert|Ice Punch|p2a: Charizard
|-crit|p2a: Charizard
|-damage|p2a: Charizard|0 fnt
|faint|p2a: Charizard
|move|p2b: Sylveon|Yawn|p1a: Swampert
|-start|p1a: Swampert|move: Yawn|[of] p2b: Sylveon
|move|p1b: Incineroar|Flare Blitz|p2b: Sylveon
|-damage|p2b: Sylveon|0 fnt
|faint|p2b: Sylveon
|-damage|p1b: Incineroar|60/100|[from] Recoil
|
|-weather|SunnyDay|[upkeep]
|upkeep
|
|t:|1785229390
|switch|p2b: Venusaur|Venusaur, L50, F|43/100
|turn|9
|
|t:|1785229399
|move|p2b: Venusaur|Protect|p2b: Venusaur
|-singleturn|p2b: Venusaur|Protect
|move|p1a: Swampert|Ice Punch|p2b: Venusaur
|-activate|p2b: Venusaur|move: Protect
|move|p1b: Incineroar|Flare Blitz|p2b: Venusaur
|-activate|p2b: Venusaur|move: Protect
|
|-weather|SunnyDay|[upkeep]
|-end|p1a: Swampert|move: Yawn|[silent]
|-status|p1a: Swampert|slp
|upkeep
|turn|10
|
|t:|1785229412
|move|p2b: Venusaur|Earth Power|p1b: Incineroar
|-supereffective|p1b: Incineroar|1
|-damage|p1b: Incineroar|7/100
|-unboost|p1b: Incineroar|spd|1
|-damage|p2b: Venusaur|33/100|[from] item: Life Orb
|cant|p1a: Swampert|slp
|move|p1b: Incineroar|Flare Blitz|p2b: Venusaur
|-supereffective|p2b: Venusaur|1
|-damage|p2b: Venusaur|0 fnt
|faint|p2b: Venusaur
|-damage|p1b: Incineroar|0 fnt|[from] Recoil
|faint|p1b: Incineroar
|
|win|upoiuz
|raw|upoiuz's rating: 1226 → 1245(+19 for winning)
|raw|raksbachtesting1's rating: 1147 → 1128(-19 for losing)
