|j|☆atackaoakauan
|j|☆3-4 worlds
|html|atackaoakauan3-4 worlds    
|uhtml|bestof|Game 1 of a best-of-3
|t:|1785175104
|gametype|doubles
|player|p1|atackaoakauan|2|1039
|player|p2|3-4 worlds|emma|1143
|gen|9
|tier|[Gen 9 Champions] VGC 2026 Reg M-B (Bo3)
|rated|
|rule|Species Clause: Limit one of each Pokémon
|rule|Item Clause: Limit 1 of each item
|clearpoke
|poke|p1|Greninja, L50, F|
|poke|p1|Vanilluxe, L50, M|
|poke|p1|Torkoal, L50, M|
|poke|p1|Slowking-Galar, L50, F|
|poke|p1|Kingambit, L50, F|
|poke|p1|Aerodactyl, L50, F|
|poke|p2|Charizard, L50, F|
|poke|p2|Glimmora, L50, M|
|poke|p2|Ninetales-Alola, L50, M|
|poke|p2|Sylveon, L50, M|
|poke|p2|Kingambit, L50, M|
|poke|p2|Whimsicott, L50, M|
|teampreview|4
|showteam|p1|Greninja||Greninjite|Protean|Blizzard,WeatherBall,DarkPulse,GrassKnot|Timid||F|||50|]Vanilluxe||ChoiceScarf|SnowWarning|Blizzard,FlashCannon,FreezeDry,WeatherBall|Timid||M|||50|]Torkoal||Charcoal|Drought|Eruption,HeatWave,SolarBeam,Protect|Quiet||M|||50|]Slowking-Galar||SitrusBerry|Regenerator|ChillyReception,TrickRoom,Protect,SludgeWave|Sassy||F|||50|]Kingambit||BlackGlasses|Defiant|Protect,LowKick,SuckerPunch,IronHead|Adamant||F|||50|]Aerodactyl||LifeOrb|RockHead|Tailwind,Protect,RockSlide,DualWingbeat|Jolly||F|||50|
|showteam|p2|Charizard||CharizarditeY|Blaze|HeatWave,WeatherBall,SolarBeam,Protect|Modest||F|||50|]Glimmora||Glimmoranite|ToxicDebris|SludgeBomb,PowerGem,EarthPower,SpikyShield|Modest||M|||50|]Ninetales-Alola||NeverMeltIce|SnowWarning|Blizzard,FreezeDry,Disable,Protect|Timid||M|||50|]Sylveon||FairyFeather|Pixilate|HyperVoice,HyperBeam,QuickAttack,Detect|Modest||M|||50|]Kingambit||BlackGlasses|Defiant|KowtowCleave,IronHead,SuckerPunch,Protect|Adamant||M|||50|]Whimsicott||FocusSash|Prankster|Moonblast,Tailwind,Encore,Protect|Timid||M|||50|
|inactive|Battle timer is ON: inactive players will automatically lose when time's up. (requested by 3-4 worlds)
|
|t:|1785175133
|teamsize|p1|4
|teamsize|p2|4
|start
|switch|p1a: Slowking|Slowking-Galar, L50, F|100/100
|switch|p1b: Kingambit|Kingambit, L50, F|100/100
|switch|p2a: Whimsicott|Whimsicott, L50, M|100/100
|switch|p2b: Charizard|Charizard, L50, F|100/100
|turn|1
|
|t:|1785175146
|detailschange|p2b: Charizard|Charizard-Mega-Y, L50, F
|-mega|p2b: Charizard|Charizard|Charizardite Y
|-weather|SunnyDay|[from] ability: Drought|[of] p2b: Charizard
|move|p1b: Kingambit|Protect|p1b: Kingambit
|-singleturn|p1b: Kingambit|Protect
|move|p2a: Whimsicott|Moonblast|p1b: Kingambit
|-activate|p1b: Kingambit|move: Protect
|move|p2b: Charizard|Heat Wave|p1b: Kingambit|[spread] p1a
|-activate|p1b: Kingambit|move: Protect
|-damage|p1a: Slowking|62/100
|move|p1a: Slowking|Trick Room|p1a: Slowking
|-fieldstart|move: Trick Room|[of] p1a: Slowking
|
|-weather|SunnyDay|[upkeep]
|upkeep
|turn|2
|
|t:|1785175171
|move|p1b: Kingambit|Sucker Punch|p2b: Charizard
|-damage|p2b: Charizard|47/100
|move|p2a: Whimsicott|Encore|p1a: Slowking
|-start|p1a: Slowking|Encore
|move|p2b: Charizard|Heat Wave|p1a: Slowking|[spread] p1a,p1b
|-supereffective|p1b: Kingambit|1
|-damage|p1a: Slowking|24/100
|-damage|p1b: Kingambit|0 fnt
|-enditem|p1a: Slowking|Sitrus Berry|[eat]
|-heal|p1a: Slowking|49/100|[from] item: Sitrus Berry
|faint|p1b: Kingambit
|move|p1a: Slowking|Trick Room|p1a: Slowking
|-fieldend|move: Trick Room
|
|-weather|SunnyDay|[upkeep]
|upkeep
|
|t:|1785175182
|switch|p1b: Greninja|Greninja, L50, F|100/100
|turn|3
|
|t:|1785175204
|-heal|p1a: Slowking|82/100|[from] ability: Regenerator|[silent]
|switch|p1a: Vanilluxe|Vanilluxe, L50, M|100/100
|-weather|Snowscape|[from] ability: Snow Warning|[of] p1a: Vanilluxe
|detailschange|p1b: Greninja|Greninja-Mega, L50, F
|-mega|p1b: Greninja|Greninja|Greninjite
|move|p2b: Charizard|Protect|p2b: Charizard
|-singleturn|p2b: Charizard|Protect
|move|p1b: Greninja|Blizzard|p2b: Charizard|[spread] p2a
|-start|p1b: Greninja|typechange|Ice|[from] ability: Protean
|-activate|p2b: Charizard|move: Protect
|-supereffective|p2a: Whimsicott|1
|-enditem|p2a: Whimsicott|Focus Sash
|-damage|p2a: Whimsicott|1/100
|-status|p2a: Whimsicott|frz
|cant|p2a: Whimsicott|frz
|
|-weather|Snowscape|[upkeep]
|upkeep
|turn|4
|
|t:|1785175225
|switch|p2b: Sylveon|Sylveon, L50, M|100/100
|cant|p2a: Whimsicott|frz
|move|p1a: Vanilluxe|Blizzard|p2a: Whimsicott|[spread] p2a,p2b
|-supereffective|p2a: Whimsicott|1
|-damage|p2a: Whimsicott|0 fnt
|-damage|p2b: Sylveon|66/100
|-status|p2b: Sylveon|frz
|faint|p2a: Whimsicott
|move|p1b: Greninja|Blizzard|p2b: Sylveon
|-damage|p2b: Sylveon|17/100 frz
|
|-weather|Snowscape|[upkeep]
|upkeep
|
|t:|1785175228
|switch|p2a: Charizard|Charizard-Mega-Y, L50, F|47/100
|-weather|SunnyDay|[from] ability: Drought|[of] p2a: Charizard
|turn|5
|
|t:|1785175253
|switch|p1a: Slowking|Slowking-Galar, L50, F|82/100
|move|p1b: Greninja|Dark Pulse|p2a: Charizard
|-damage|p2a: Charizard|21/100
|move|p2a: Charizard|Heat Wave|p1a: Slowking|[spread] p1a,p1b
|-supereffective|p1b: Greninja|1
|-damage|p1a: Slowking|41/100
|-damage|p1b: Greninja|0 fnt
|faint|p1b: Greninja
|cant|p2b: Sylveon|frz
|
|-weather|SunnyDay|[upkeep]
|upkeep
|
|t:|1785175261
|switch|p1b: Vanilluxe|Vanilluxe, L50, M|100/100
|-weather|Snowscape|[from] ability: Snow Warning|[of] p1b: Vanilluxe
|turn|6
|
|t:|1785175273
|move|p1b: Vanilluxe|Blizzard|p2a: Charizard|[spread] p2a,p2b
|-damage|p2a: Charizard|0 fnt
|-damage|p2b: Sylveon|0 fnt
|faint|p2a: Charizard
|faint|p2b: Sylveon
|move|p1a: Slowking|Sludge Wave|p1b: Vanilluxe
|-damage|p1b: Vanilluxe|56/100
|
|-weather|Snowscape|[upkeep]
|upkeep
|
|t:|1785175276
|switch|p2b: Glimmora|Glimmora, L50, M|100/100
|turn|7
|
|t:|1785175286
|move|p1b: Vanilluxe|Blizzard|p2b: Glimmora
|-damage|p2b: Glimmora|28/100
|move|p2b: Glimmora|Power Gem|p1b: Vanilluxe
|-supereffective|p1b: Vanilluxe|1
|-damage|p1b: Vanilluxe|0 fnt
|faint|p1b: Vanilluxe
|move|p1a: Slowking|Sludge Wave|p2b: Glimmora
|-resisted|p2b: Glimmora|2
|-damage|p2b: Glimmora|16/100
|
|-weather|Snowscape|[upkeep]
|upkeep
|turn|8
|
|t:|1785175295
|move|p2b: Glimmora|Earth Power|p1a: Slowking
|-supereffective|p1a: Slowking|1
|-damage|p1a: Slowking|1/100
|move|p1a: Slowking|Sludge Wave|p2b: Glimmora
|-resisted|p2b: Glimmora|2
|-damage|p2b: Glimmora|3/100
|
|-weather|Snowscape|[upkeep]
|upkeep
|turn|9
|
|t:|1785175300
|move|p2b: Glimmora|Earth Power|p1a: Slowking
|-supereffective|p1a: Slowking|1
|-damage|p1a: Slowking|0 fnt
|faint|p1a: Slowking
|
|win|3-4 worlds
||3-4 worlds is ready for game 2.
||atackaoakauan is ready for game 2.
|uhtml|next|Next: Game 2 of 3
|l|☆atackaoakauan
|player|p1|
