|j|☆That1Morpecko
|j|☆LuckGalicia
|html|That1MorpeckoLuckGalicia    
|uhtml|bestof|Game 3 of a best-of-3
|t:|1782653165
|gametype|doubles
|player|p1|That1Morpecko|hiker-gen4|1107
|player|p2|LuckGalicia|aaron|1165
|gen|9
|tier|[Gen 9 Champions] VGC 2026 Reg M-B (Bo3)
|rated|
|rule|Species Clause: Limit one of each Pokémon
|rule|Item Clause: Limit 1 of each item
|clearpoke
|poke|p1|Aerodactyl, L50, M|
|poke|p1|Garchomp, L50, M|
|poke|p1|Kingambit, L50, M|
|poke|p1|Charizard, L50, F|
|poke|p1|Sylveon, L50, F|
|poke|p1|Farigiraf, L50, F|
|poke|p2|Staraptor, L50, M, shiny|
|poke|p2|Liepard, L50, F|
|poke|p2|Sinistcha, L50|
|poke|p2|Sableye, L50, M|
|poke|p2|Grimmsnarl, L50, M|
|poke|p2|Scizor, L50, F|
|teampreview|4
|showteam|p1|Aerodactyl||Aerodactylite|Unnerve|IceFang,RockSlide,Tailwind,DualWingbeat|Jolly||M|||50|]Garchomp||LifeOrb|RoughSkin|DragonClaw,RockSlide,Earthquake,Protect|Jolly||M|||50|]Kingambit||FocusSash|Defiant|SuckerPunch,KowtowCleave,IronHead,LowKick|Adamant||M|||50|]Charizard||CharizarditeY|Blaze|Protect,WeatherBall,HeatWave,SolarBeam|Modest||F|||50|]Sylveon||FairyFeather|Pixilate|Protect,HyperVoice,HyperBeam,QuickAttack|Modest||F|||50|]Farigiraf||SitrusBerry|ArmorTail|TrickRoom,Thunderbolt,Roar,TwinBeam|Bold||F|||50|
|showteam|p2|Staraptor||Staraptite|Intimidate|CloseCombat,DualWingbeat,Roost,Protect|Adamant||M|||50|]Liepard||FocusSash|Prankster|FakeOut,ThunderWave,Charm,FakeTears|Careful||F|||50|]Sinistcha||Leftovers|Hospitality|MatchaGotcha,StrengthSap,RagePowder,Hex|Bold|||||50|]Sableye||MentalHerb|Prankster|Disable,Encore,SunnyDay,WillOWisp|Impish||M|||50|]Grimmsnarl||LightClay|Prankster|LightScreen,Reflect,ScaryFace,FakeTears|Careful||M|||50|]Scizor||LifeOrb|Technician|BulletPunch,KnockOff,Uturn,Protect|Adamant||F|||50|
|inactive|Battle timer is ON: inactive players will automatically lose when time's up. (requested by LuckGalicia)
|inactive|That1Morpecko also wants the timer to be on.
|inactive|That1Morpecko has 60 seconds left.
|
|t:|1782653199
|teamsize|p1|4
|teamsize|p2|4
|start
|switch|p1a: Aerodactyl|Aerodactyl, L50, M|100/100
|switch|p1b: Sylveon|Sylveon, L50, F|100/100
|switch|p2a: Staraptor|Staraptor, L50, M, shiny|100/100
|switch|p2b: Scizor|Scizor, L50, F|100/100
|-ability|p1a: Aerodactyl|Unnerve
|-ability|p2a: Staraptor|Intimidate|boost
|-unboost|p1a: Aerodactyl|atk|1
|-unboost|p1b: Sylveon|atk|1
|turn|1
|
|t:|1782653213
|detailschange|p2a: Staraptor|Staraptor-Mega, L50, M, shiny
|-mega|p2a: Staraptor|Staraptor|Staraptite
|move|p2a: Staraptor|Protect|p2a: Staraptor
|-singleturn|p2a: Staraptor|Protect
|move|p1b: Sylveon|Protect|p1b: Sylveon
|-singleturn|p1b: Sylveon|Protect
|move|p1a: Aerodactyl|Tailwind|p1a: Aerodactyl
|-sidestart|p1: That1Morpecko|move: Tailwind
|move|p2b: Scizor|Knock Off|p1a: Aerodactyl
|-damage|p1a: Aerodactyl|53/100
|-damage|p2b: Scizor|90/100|[from] item: Life Orb
|
|upkeep
|turn|2
|
|t:|1782653233
|switch|p2a: Eyeliner|Liepard, L50, F|100/100
|move|p2b: Scizor|Bullet Punch|p1a: Aerodactyl
|-supereffective|p1a: Aerodactyl|1
|-damage|p1a: Aerodactyl|0 fnt
|faint|p1a: Aerodactyl
|-damage|p2b: Scizor|80/100|[from] item: Life Orb
|move|p1b: Sylveon|Hyper Beam|p2a: Eyeliner
|-supereffective|p2a: Eyeliner|1
|-enditem|p2a: Eyeliner|Focus Sash
|-damage|p2a: Eyeliner|1/100
|-mustrecharge|p1b: Sylveon
|
|upkeep
|
|t:|1782653244
|switch|p1a: Charizard|Charizard, L50, F|100/100
|turn|3
|
|t:|1782653250
|detailschange|p1a: Charizard|Charizard-Mega-Y, L50, F
|-mega|p1a: Charizard|Charizard|Charizardite Y
|-weather|SunnyDay|[from] ability: Drought|[of] p1a: Charizard
|move|p2a: Eyeliner|Fake Out|p1a: Charizard
|-damage|p1a: Charizard|91/100
|move|p2b: Scizor|Bullet Punch|p1b: Sylveon
|-supereffective|p1b: Sylveon|1
|-damage|p1b: Sylveon|0 fnt
|faint|p1b: Sylveon
|-damage|p2b: Scizor|71/100|[from] item: Life Orb
|cant|p1a: Charizard|flinch
|
|-weather|SunnyDay|[upkeep]
|upkeep
|
|t:|1782653258
|switch|p1b: Garchomp|Garchomp, L50, M|100/100
|turn|4
|
|t:|1782653266
|move|p2a: Eyeliner|Thunder Wave|p1a: Charizard
|-status|p1a: Charizard|par
|move|p1b: Garchomp|Earthquake|p2b: Scizor|[spread] p2a,p2b
|-immune|p1a: Charizard
|-damage|p2a: Eyeliner|0 fnt
|-damage|p2b: Scizor|16/100
|faint|p2a: Eyeliner
|-damage|p1b: Garchomp|90/100|[from] item: Life Orb
|move|p1a: Charizard|Heat Wave|p2b: Scizor|[miss]
|-miss|p1a: Charizard|p2b: Scizor
|move|p2b: Scizor|U-turn|p1b: Garchomp
|-damage|p1b: Garchomp|40/100
|-damage|p2b: Scizor|4/100|[from] ability: Rough Skin|[of] p1b: Garchomp
|-damage|p2b: Scizor|0 fnt|[from] item: Life Orb
|faint|p2b: Scizor
|
|-weather|SunnyDay|[upkeep]
|-sideend|p1: That1Morpecko|move: Tailwind
|upkeep
|
|t:|1782653269
|switch|p2a: Sinistcha|Sinistcha, L50|100/100
|switch|p2b: Staraptor|Staraptor-Mega, L50, M, shiny|100/100
|turn|5
|
|t:|1782653280
|move|p1b: Garchomp|Dragon Claw|p2b: Staraptor
|-damage|p2b: Staraptor|53/100
|-damage|p1b: Garchomp|30/100|[from] item: Life Orb
|move|p2b: Staraptor|Close Combat|p1b: Garchomp
|-damage|p1b: Garchomp|0 fnt
|-boost|p2b: Staraptor|def|1
|-boost|p2b: Staraptor|spd|1
|-damage|p2b: Staraptor|41/100|[from] ability: Rough Skin|[of] p1b: Garchomp
|faint|p1b: Garchomp
|move|p2a: Sinistcha|Hex|p1a: Charizard
|-damage|p1a: Charizard|41/100 par
|move|p1a: Charizard|Weather Ball|p2b: Staraptor
|-damage|p2b: Staraptor|0 fnt
|faint|p2b: Staraptor
|
|-weather|SunnyDay|[upkeep]
|upkeep
|turn|6
|c|☆LuckGalicia|Gg
|inactive|That1Morpecko has 30 seconds left.
|
|t:|1782653311
|move|p2a: Sinistcha|Hex|p1a: Charizard
|-damage|p1a: Charizard|0 fnt
|faint|p1a: Charizard
|
|win|LuckGalicia
|raw|That1Morpecko's rating: 1107 → 1086(-21 for losing)
|raw|LuckGalicia's rating: 1165 → 1186(+21 for winning)
