|j|☆lux raymundi
|j|☆jakejakejake
|html|lux raymundijakejakejake    
|uhtml|bestof|Game 1 of a best-of-3
|t:|1783020252
|gametype|doubles
|player|p1|lux raymundi|2|1154
|player|p2|jakejakejake|265|1045
|gen|9
|tier|[Gen 9 Champions] VGC 2026 Reg M-B (Bo3)
|rated|
|rule|Species Clause: Limit one of each Pokémon
|rule|Item Clause: Limit 1 of each item
|clearpoke
|poke|p1|Mawile, L50, M|
|poke|p1|Farigiraf, L50, F|
|poke|p1|Delphox, L50, F|
|poke|p1|Incineroar, L50, F|
|poke|p1|Sinistcha, L50|
|poke|p1|Garchomp, L50, M|
|poke|p2|Charizard, L50, F|
|poke|p2|Hydreigon, L50, M|
|poke|p2|Incineroar, L50, F|
|poke|p2|Mamoswine, L50, M|
|poke|p2|Sneasler, L50, M|
|poke|p2|Toxapex, L50, M|
|teampreview|4
|showteam|p1|Mawile||Mawilite|HyperCutter|SwordsDance,PlayRough,IronHead,Protect|Brave||M|||50|]Farigiraf||SitrusBerry|ArmorTail|Protect,TwinBeam,TrickRoom,Thunderbolt|Bold||F|||50|]Delphox||Delphoxite|Blaze|NastyPlot,HeatWave,Psychic,Protect|Timid||F|||50|]Incineroar||PasshoBerry|Intimidate|FakeOut,ThroatChop,FlareBlitz,PartingShot|Adamant||F|||50|]Sinistcha||ColburBerry|Hospitality|MatchaGotcha,TrickRoom,RagePowder,Protect|Relaxed|||||50|]Garchomp||LifeOrb|RoughSkin|DragonClaw,Earthquake,RockSlide,Protect|Jolly||M|||50|
|showteam|p2|Charizard||CharizarditeY|SolarPower|Protect,HeatWave,SolarBeam,WeatherBall|Timid||F|||50|]Hydreigon||ChoiceScarf|Levitate|DarkPulse,EarthPower,Snarl,DracoMeteor|Modest||M|||50|]Incineroar||SitrusBerry|Intimidate|FakeOut,PartingShot,FlareBlitz,ThroatChop|Impish||F|||50|]Mamoswine||FocusSash|Oblivious|Protect,IcicleCrash,Earthquake,IceShard|Adamant||M|||50|]Sneasler||WhiteHerb|Unburden|FakeOut,CloseCombat,Protect,DireClaw|Jolly||M|||50|]Toxapex||Leftovers|Regenerator|BanefulBunker,Toxic,Infestation,WideGuard|Bold||M|||50|
|
|t:|1783020305
|teamsize|p1|4
|teamsize|p2|4
|start
|switch|p1a: Incineroar|Incineroar, L50, F|100/100
|switch|p1b: Delphox|Delphox, L50, F|100/100
|switch|p2a: Hydreigon|Hydreigon, L50, M|100/100
|switch|p2b: Toxapex|Toxapex, L50, M|100/100
|-ability|p1a: Incineroar|Intimidate|boost
|-unboost|p2a: Hydreigon|atk|1
|-unboost|p2b: Toxapex|atk|1
|turn|1
|
|t:|1783020328
|detailschange|p1b: Delphox|Delphox-Mega, L50, F
|-mega|p1b: Delphox|Delphox|Delphoxite
|move|p1a: Incineroar|Fake Out|p2a: Hydreigon
|-damage|p2a: Hydreigon|83/100
|cant|p2a: Hydreigon|flinch
|move|p1b: Delphox|Nasty Plot|p1b: Delphox
|-boost|p1b: Delphox|spa|2
|move|p2b: Toxapex|Toxic|p1a: Incineroar
|-status|p1a: Incineroar|tox
|
|-damage|p1a: Incineroar|94/100 tox|[from] psn
|upkeep
|turn|2
|
|t:|1783020358
|switch|p2b: Mamoswine|Mamoswine, L50, M|100/100
|move|p1b: Delphox|Protect|p1b: Delphox
|-singleturn|p1b: Delphox|Protect
|move|p2a: Hydreigon|Earth Power|p1a: Incineroar
|-supereffective|p1a: Incineroar|1
|-damage|p1a: Incineroar|27/100 tox
|move|p1a: Incineroar|Parting Shot|p2a: Hydreigon
|-unboost|p2a: Hydreigon|atk|1
|-unboost|p2a: Hydreigon|spa|1
|
|t:|1783020369
|switch|p1a: Garchomp|Garchomp, L50, M|100/100|[from] Parting Shot
|
|upkeep
|turn|3
|
|t:|1783020388
|switch|p2a: Toxapex|Toxapex, L50, M|100/100
|move|p1b: Delphox|Heat Wave|p2b: Mamoswine|[spread] p2a,p2b
|-resisted|p2a: Toxapex|1
|-supereffective|p2b: Mamoswine|1
|-damage|p2a: Toxapex|64/100
|-enditem|p2b: Mamoswine|Focus Sash
|-damage|p2b: Mamoswine|1/100
|move|p1a: Garchomp|Rock Slide|p2a: Toxapex|[spread] p2a,p2b
|-damage|p2a: Toxapex|50/100g
|-damage|p2b: Mamoswine|0 fnt
|faint|p2b: Mamoswine
|-damage|p1a: Garchomp|90/100|[from] item: Life Orb
|
|-heal|p2a: Toxapex|56/100|[from] item: Leftovers
|upkeep
|
|t:|1783020400
|switch|p2b: Hydreigon|Hydreigon, L50, M|83/100
|turn|4
|
|t:|1783020419
|move|p1b: Delphox|Protect|p1b: Delphox
|-singleturn|p1b: Delphox|Protect
|move|p2a: Toxapex|Wide Guard|p2a: Toxapex
|-singleturn|p2a: Toxapex|Wide Guard
|move|p2b: Hydreigon|Draco Meteor|p1a: Garchomp
|-supereffective|p1a: Garchomp|1
|-damage|p1a: Garchomp|0 fnt
|-unboost|p2b: Hydreigon|spa|2
|faint|p1a: Garchomp
|
|-heal|p2a: Toxapex|61/100|[from] item: Leftovers
|upkeep
|
|t:|1783020433
|switch|p1a: Incineroar|Incineroar, L50, F|27/100 tox
|-ability|p1a: Incineroar|Intimidate|boost
|-unboost|p2a: Toxapex|atk|1
|-unboost|p2b: Hydreigon|atk|1
|turn|5
|inactive|Battle timer is ON: inactive players will automatically lose when time's up. (requested by jakejakejake)
|
|t:|1783020451
|switch|p2b: Charizard|Charizard, L50, F|100/100
|move|p2a: Toxapex|Baneful Bunker|p2a: Toxapex
|-singleturn|p2a: Toxapex|move: Protect
|move|p1a: Incineroar|Fake Out|p2b: Charizard
|-damage|p2b: Charizard|81/100
|move|p1b: Delphox|Psychic|p2a: Toxapex
|-activate|p2a: Toxapex|move: Protect
|
|-heal|p2a: Toxapex|67/100|[from] item: Leftovers
|-damage|p1a: Incineroar|21/100 tox|[from] psn
|upkeep
|turn|6
|
|t:|1783020476
|switch|p1a: Farigiraf|Farigiraf, L50, F|100/100
|move|p2b: Charizard|Protect|p2b: Charizard
|-singleturn|p2b: Charizard|Protect
|move|p1b: Delphox|Heat Wave|p2b: Charizard|[spread] p2a
|-activate|p2b: Charizard|move: Protect
|-resisted|p2a: Toxapex|1
|-damage|p2a: Toxapex|29/100
|move|p2a: Toxapex|Infestation|p1a: Farigiraf
|-supereffective|p1a: Farigiraf|1
|-damage|p1a: Farigiraf|93/100
|-activate|p1a: Farigiraf|move: Infestation|[of] p2a: Toxapex
|
|-heal|p2a: Toxapex|35/100|[from] item: Leftovers
|-damage|p1a: Farigiraf|81/100|[from] move: Infestation|[partiallytrapped]
|upkeep
|turn|7
|
|t:|1783020498
|-heal|p2a: Toxapex|68/100|[from] ability: Regenerator|[silent]
|switch|p2a: Hydreigon|Hydreigon, L50, M|83/100
|detailschange|p2b: Charizard|Charizard-Mega-Y, L50, F
|-mega|p2b: Charizard|Charizard|Charizardite Y
|-weather|SunnyDay|[from] ability: Drought|[of] p2b: Charizard
|move|p1b: Delphox|Heat Wave|p2a: Hydreigon|[spread] p2b
|-miss|p1b: Delphox|p2a: Hydreigon
|-resisted|p2b: Charizard|1
|-damage|p2b: Charizard|15/100
|move|p2b: Charizard|Weather Ball|p1a: Farigiraf
|-damage|p1a: Farigiraf|0 fnt
|faint|p1a: Farigiraf
|
|-weather|SunnyDay|[upkeep]
|upkeep
|
|t:|1783020508
|switch|p1a: Incineroar|Incineroar, L50, F|21/100 tox
|-ability|p1a: Incineroar|Intimidate|boost
|-unboost|p2a: Hydreigon|atk|1
|-unboost|p2b: Charizard|atk|1
|turn|8
|
|t:|1783020517
|switch|p2a: Toxapex|Toxapex, L50, M|68/100
|move|p2b: Charizard|Protect|p2b: Charizard
|-singleturn|p2b: Charizard|Protect
|move|p1a: Incineroar|Fake Out|p2a: Toxapex
|-damage|p2a: Toxapex|59/100
|move|p1b: Delphox|Heat Wave|p2a: Toxapex|[spread] p2a
|-activate|p2b: Charizard|move: Protect
|-resisted|p2a: Toxapex|1
|-damage|p2a: Toxapex|2/100
|
|-weather|SunnyDay|[upkeep]
|-heal|p2a: Toxapex|8/100|[from] item: Leftovers
|-damage|p1a: Incineroar|15/100 tox|[from] psn
|upkeep
|turn|9
|inactive|jakejakejake has 30 seconds left.
|inactive|jakejakejake has 20 seconds left.
|inactive|jakejakejake has 15 seconds left.
|
|t:|1783020560
|move|p2a: Toxapex|Baneful Bunker|p2a: Toxapex
|-singleturn|p2a: Toxapex|move: Protect
|move|p1b: Delphox|Psychic|p2b: Charizard
|-damage|p2b: Charizard|0 fnt
|faint|p2b: Charizard
|move|p1a: Incineroar|Throat Chop|p2a: Toxapex
|-activate|p2a: Toxapex|move: Protect
|
|-weather|SunnyDay|[upkeep]
|-heal|p2a: Toxapex|14/100|[from] item: Leftovers
|-damage|p1a: Incineroar|3/100 tox|[from] psn
|upkeep
|
|t:|1783020572
|switch|p2b: Hydreigon|Hydreigon, L50, M|83/100
|turn|10
|
|t:|1783020595
|move|p1b: Delphox|Protect|p1b: Delphox
|-singleturn|p1b: Delphox|Protect
|move|p2b: Hydreigon|Dark Pulse|p1b: Delphox
|-activate|p1b: Delphox|move: Protect
|move|p1a: Incineroar|Throat Chop|p2a: Toxapex
|-damage|p2a: Toxapex|0 fnt
|faint|p2a: Toxapex
|
|-weather|SunnyDay|[upkeep]
|-damage|p1a: Incineroar|0 fnt|[from] psn
|faint|p1a: Incineroar
|upkeep
|turn|11
|
|t:|1783020604
|move|p2b: Hydreigon|Dark Pulse|p1b: Delphox
|-supereffective|p1b: Delphox|1
|-damage|p1b: Delphox|15/100
|move|p1b: Delphox|Heat Wave|p2b: Hydreigon
|-resisted|p2b: Hydreigon|1
|-damage|p2b: Hydreigon|0 fnt
|faint|p2b: Hydreigon
|
|win|lux raymundi
