|j|☆atahualpamaia
|j|☆Scobie
|html|atahualpamaiaScobie    
|uhtml|bestof|Game 2 of a best-of-3
|t:|1756239779
|gametype|doubles
|player|p1|atahualpamaia|jogger|1051
|player|p2|Scobie|veteran-gen4|1103
|gen|9
|tier|[Gen 9] VGC 2025 Reg H (Bo3)
|rated|
|rule|Species Clause: Limit one of each Pokémon
|rule|Item Clause: Limit 1 of each item
|clearpoke
|poke|p1|Goodra-Hisui, L50, M|
|poke|p1|Sneasler, L50, M|
|poke|p1|Ursaluna-Bloodmoon, L50, M|
|poke|p1|Sinistcha, L50|
|poke|p1|Whimsicott, L50, M|
|poke|p1|Farigiraf, L50, F|
|poke|p2|Raichu, L50, F|
|poke|p2|Pelipper, L50, M|
|poke|p2|Archaludon, L50, M|
|poke|p2|Incineroar, L50, M|
|poke|p2|Dragonite, L50, M|
|poke|p2|Sneasler, L50, F|
|teampreview|4
|showteam|p1|Goodra-Hisui||LifeOrb|Gooey|DragonPulse,Flamethrower,MuddyWater,Protect|||M|||50|,,,,,Ghost]Sneasler||WhiteHerb|Unburden|CloseCombat,DireClaw,ThroatChop,Protect|||M|||50|,,,,,Ghost]Ursaluna-Bloodmoon||SitrusBerry|MindsEye|BloodMoon,EarthPower,HyperVoice,Protect|||M|||50|,,,,,Ghost]Sinistcha||Leftovers|Hospitality|MatchaGotcha,ShadowBall,RagePowder,Protect||||||50|,,,,,Water]Whimsicott||FocusSash|Prankster|Moonblast,Encore,Tailwind,Protect|||M|||50|,,,,,Ghost]Farigiraf||ThroatSpray|ArmorTail|HyperVoice,HelpingHand,TrickRoom,Protect|||F|||50|,,,,,Water
|showteam|p2|Raichu||FocusSash|LightningRod|FakeOut,Electroweb,Thunderbolt,ElectricTerrain|||F|||50|,,,,,Electric]Pelipper||RockyHelmet|Drizzle|Hurricane,Tailwind,Protect,MuddyWater|||M|||50|,,,,,Steel]Archaludon||AssaultVest|Stamina|ElectroShot,BodyPress,FlashCannon,DracoMeteor|||M|||50|,,,,,Grass]Incineroar||SafetyGoggles|Intimidate|FakeOut,KnockOff,FlareBlitz,PartingShot|||M|||50|,,,,,Ghost]Dragonite||LoadedDice|Multiscale|Protect,ScaleShot,Waterfall,Haze|||M|||50|,,,,,Fairy]Sneasler||WhiteHerb|PoisonTouch|DireClaw,CloseCombat,FakeOut,Protect|||F|||50|,,,,,Stellar
|inactive|Battle timer is ON: inactive players will automatically lose when time's up. (requested by atahualpamaia)
|
|t:|1756239801
|teamsize|p1|4
|teamsize|p2|4
|start
|switch|p1a: Goodra|Goodra-Hisui, L50, M|100/100
|switch|p1b: Whimsicott|Whimsicott, L50, M|100/100
|switch|p2a: Pelipper|Pelipper, L50, M|100/100
|switch|p2b: Archaludon|Archaludon, L50, M|100/100
|-weather|RainDance|[from] ability: Drizzle|[of] p2a: Pelipper
|turn|1
|inactive|atahualpamaia has 30 seconds left.
|inactive|Scobie has 30 seconds left.
|
|t:|1756239829
|-terastallize|p1a: Goodra|Ghost
|move|p1b: Whimsicott|Moonblast|p2b: Archaludon
|-damage|p2b: Archaludon|82/100
|-ability|p2b: Archaludon|Stamina|boost
|-boost|p2b: Archaludon|def|1
|move|p2b: Archaludon|Draco Meteor|p1a: Goodra
|-damage|p1a: Goodra|58/100
|-unboost|p2b: Archaludon|spa|2
|move|p2a: Pelipper|Hurricane|p1b: Whimsicott
|-supereffective|p1b: Whimsicott
|-damage|p1b: Whimsicott|20/100
|-start|p1b: Whimsicott|confusion
|move|p1a: Goodra|Dragon Pulse|p2b: Archaludon
|-damage|p2b: Archaludon|46/100
|-ability|p2b: Archaludon|Stamina|boost
|-boost|p2b: Archaludon|def|1
|-damage|p1a: Goodra|49/100|[from] item: Life Orb
|
|-weather|RainDance|[upkeep]
|upkeep
|turn|2
|inactive|atahualpamaia has 30 seconds left.
|inactive|Scobie has 30 seconds left.
|
|t:|1756239864
|switch|p1a: Ursaluna|Ursaluna-Bloodmoon, L50, M|100/100
|-activate|p1b: Whimsicott|confusion
|-damage|p1b: Whimsicott|15/100|[from] confusion
|move|p2b: Archaludon|Body Press|p1a: Ursaluna
|-supereffective|p1a: Ursaluna
|-damage|p1a: Ursaluna|31/100
|-enditem|p1a: Ursaluna|Sitrus Berry|[eat]
|-heal|p1a: Ursaluna|56/100|[from] item: Sitrus Berry
|move|p2a: Pelipper|Hurricane|p1b: Whimsicott
|-supereffective|p1b: Whimsicott
|-damage|p1b: Whimsicott|0 fnt
|faint|p1b: Whimsicott
|
|-weather|RainDance|[upkeep]
|upkeep
|
|t:|1756239875
|switch|p1b: Sneasler|Sneasler, L50, M|100/100
|turn|3
|
|t:|1756239892
|move|p1a: Ursaluna|Protect|p1a: Ursaluna
|-singleturn|p1a: Ursaluna|Protect
|move|p1b: Sneasler|Close Combat|p2b: Archaludon
|-supereffective|p2b: Archaludon
|-damage|p2b: Archaludon|0 fnt
|-unboost|p1b: Sneasler|def|1
|-unboost|p1b: Sneasler|spd|1
|faint|p2b: Archaludon
|-enditem|p1b: Sneasler|White Herb
|-clearnegativeboost|p1b: Sneasler|[silent]
|move|p2a: Pelipper|Hurricane|p1b: Sneasler
|-supereffective|p1b: Sneasler
|-damage|p1b: Sneasler|0 fnt
|faint|p1b: Sneasler
|
|-weather|RainDance|[upkeep]
|upkeep
|
|t:|1756239905
|switch|p1b: Goodra|Goodra-Hisui, L50, M, tera:Ghost|49/100
|switch|p2b: Sneasler|Sneasler, L50, F|100/100
|turn|4
|
|t:|1756239924
|move|p1a: Ursaluna|Protect||[still]
|-fail|p1a: Ursaluna
|move|p2b: Sneasler|Fake Out|p1a: Ursaluna
|-damage|p1a: Ursaluna|45/100
|-status|p1a: Ursaluna|psn|[from] ability: Poison Touch|[of] p2b: Sneasler
|move|p2a: Pelipper|Muddy Water|p1b: Goodra|[spread] p1a
|-miss|p2a: Pelipper|p1b: Goodra
|-supereffective|p1a: Ursaluna
|-damage|p1a: Ursaluna|0 fnt
|faint|p1a: Ursaluna
|move|p1b: Goodra|Dragon Pulse|p2b: Sneasler
|-damage|p2b: Sneasler|30/100
|-damage|p1b: Goodra|39/100|[from] item: Life Orb
|
|-weather|RainDance|[upkeep]
|upkeep
|turn|5
|-message|atahualpamaia forfeited.
|
|win|Scobie
||Scobie is ready for game 3.
