|j|☆zrmbe
|j|☆MrrLonely
|html|zrmbeMrrLonely    
|uhtml|bestof|Game 2 of a best-of-3
|t:|1785479972
|gametype|doubles
|player|p1|zrmbe|pokemaniac|
|player|p2|MrrLonely|preschooler|
|gen|9
|tier|[Gen 9 Champions] VGC 2026 Reg M-B (Bo3)
|rule|Species Clause: Limit one of each Pokémon
|rule|Item Clause: Limit 1 of each item
|clearpoke
|poke|p1|Aegislash, L50, F|
|poke|p1|Rotom-Wash, L50|
|poke|p1|Scizor, L50, M|
|poke|p1|Noivern, L50, M|
|poke|p1|Arcanine, L50, M|
|poke|p1|Ceruledge, L50, F|
|poke|p2|Gengar, L50, F, shiny|
|poke|p2|Abomasnow, L50, F|
|poke|p2|Dragonite, L50, F|
|poke|p2|Krookodile, L50, M|
|poke|p2|Volcarona, L50, F|
|poke|p2|Espeon, L50, F|
|teampreview|4
|showteam|p1|Aegislash||SpellTag|StanceChange|WideGuard,ShadowBall,FlashCannon,KingsShield|Sassy||F|||50|]Rotom-Wash||SitrusBerry|Levitate|HydroPump,Thunderbolt,WillOWisp,VoltSwitch|Timid|||||50|]Scizor||Scizorite|Technician|BulletPunch,KnockOff,SwordsDance,Protect|Adamant||M|||50|]Noivern||FocusSash|Infiltrator|Tailwind,Taunt,DracoMeteor,Protect|Timid||M|||50|]Arcanine||Leftovers|Intimidate|FlareBlitz,Snarl,WillOWisp,Protect|Sassy||M|||50|]Ceruledge||LifeOrb|WeakArmor|Protect,BitterBlade,ShadowSneak,CloseCombat|Jolly||F|||50|
|showteam|p2|Gengar||Gengarite|CursedBody|Disable,Protect,SludgeWave,ShadowBall|Timid||F|||50|]Abomasnow||FocusSash|SnowWarning|AuroraVeil,Blizzard,IceShard,Protect|Sassy||F|||50|]Dragonite||LifeOrb|Multiscale|Protect,DragonClaw,Earthquake,ExtremeSpeed|Jolly||F|||50|]Krookodile||ChoiceScarf|Intimidate|KnockOff,Earthquake,RockSlide,HighHorsepower|Jolly||M|||50|]Volcarona||Leftovers|FlameBody|FieryDance,QuiverDance,Protect,BugBuzz|Modest||F|||50|]Espeon||LightClay|MagicBounce|Reflect,LightScreen,DazzlingGleam,Protect|Timid||F|||50|
|
|t:|1785479980
|teamsize|p1|4
|teamsize|p2|4
|start
|switch|p1a: Arcanine|Arcanine, L50, M|100/100
|switch|p1b: Noivern|Noivern, L50, M|100/100
|switch|p2a: Gengar|Gengar, L50, F, shiny|100/100
|switch|p2b: Abomasnow|Abomasnow, L50, F|100/100
|-ability|p1a: Arcanine|Intimidate|boost
|-unboost|p2a: Gengar|atk|1
|-unboost|p2b: Abomasnow|atk|1
|-weather|Snowscape|[from] ability: Snow Warning|[of] p2b: Abomasnow
|turn|1
|
|t:|1785479993
|detailschange|p2a: Gengar|Gengar-Mega, L50, F, shiny
|-mega|p2a: Gengar|Gengar|Gengarite
|move|p2a: Gengar|Shadow Ball|p1b: Noivern
|-damage|p1b: Noivern|42/100
|move|p1b: Noivern|Tailwind|p1b: Noivern
|-sidestart|p1: zrmbe|move: Tailwind
|move|p1a: Arcanine|Snarl|p2b: Abomasnow|[spread] p2a,p2b
|-supereffective|p2a: Gengar|1
|-damage|p2a: Gengar|75/100
|-damage|p2b: Abomasnow|92/100
|-unboost|p2a: Gengar|spa|1
|-unboost|p2b: Abomasnow|spa|1
|move|p2b: Abomasnow|Aurora Veil|p2b: Abomasnow
|-sidestart|p2: MrrLonely|move: Aurora Veil
|
|-weather|Snowscape|[upkeep]
|upkeep
|turn|2
|
|t:|1785480018
|move|p1b: Noivern|Protect|p1b: Noivern
|-singleturn|p1b: Noivern|Protect
|move|p1a: Arcanine|Protect|p1a: Arcanine
|-singleturn|p1a: Arcanine|Protect
|move|p2a: Gengar|Shadow Ball|p1a: Arcanine
|-activate|p1a: Arcanine|move: Protect
|move|p2b: Abomasnow|Blizzard|p1b: Noivern|[spread] 
|-activate|p1a: Arcanine|move: Protect
|-activate|p1b: Noivern|move: Protect
|
|-weather|Snowscape|[upkeep]
|upkeep
|turn|3
|
|t:|1785480039
|move|p2a: Gengar|Protect|p2a: Gengar
|-singleturn|p2a: Gengar|Protect
|move|p2b: Abomasnow|Protect|p2b: Abomasnow
|-singleturn|p2b: Abomasnow|Protect
|move|p1b: Noivern|Draco Meteor|p2a: Gengar
|-activate|p2a: Gengar|move: Protect
|move|p1a: Arcanine|Flare Blitz|p2b: Abomasnow
|-activate|p2b: Abomasnow|move: Protect
|
|-weather|Snowscape|[upkeep]
|upkeep
|turn|4
|
|t:|1785480057
|move|p1b: Noivern|Draco Meteor|p2a: Gengar
|-damage|p2a: Gengar|18/100
|-unboost|p1b: Noivern|spa|2
|move|p1a: Arcanine|Flare Blitz|p2b: Abomasnow
|-supereffective|p2b: Abomasnow|2
|-damage|p2b: Abomasnow|5/100
|-damage|p1a: Arcanine|71/100|[from] Recoil
|move|p2a: Gengar|Disable|p1b: Noivern
|-start|p1b: Noivern|Disable|Draco Meteor
|move|p2b: Abomasnow|Blizzard|p1a: Arcanine|[spread] p1a,p1b
|-resisted|p1a: Arcanine|1
|-supereffective|p1b: Noivern|2
|-damage|p1a: Arcanine|65/100
|-damage|p1b: Noivern|0 fnt
|faint|p1b: Noivern
|
|-weather|Snowscape|[upkeep]
|-heal|p1a: Arcanine|71/100|[from] item: Leftovers
|-sideend|p1: zrmbe|move: Tailwind
|upkeep
|
|t:|1785480074
|switch|p1b: Scizor|Scizor, L50, M|100/100
|turn|5
|
|t:|1785480085
|switch|p2b: Volcarona|Volcarona, L50, F|100/100
|detailschange|p1b: Scizor|Scizor-Mega, L50, M
|-mega|p1b: Scizor|Scizor|Scizorite
|move|p2a: Gengar|Protect|p2a: Gengar
|-singleturn|p2a: Gengar|Protect
|move|p1b: Scizor|Bullet Punch|p2a: Gengar
|-activate|p2a: Gengar|move: Protect
|move|p1a: Arcanine|Snarl|p2a: Gengar|[spread] p2b
|-activate|p2a: Gengar|move: Protect
|-damage|p2b: Volcarona|93/100
|-unboost|p2b: Volcarona|spa|1
|
|-weather|none
|-heal|p2b: Volcarona|99/100|[from] item: Leftovers
|-heal|p1a: Arcanine|77/100|[from] item: Leftovers
|-sideend|p2: MrrLonely|move: Aurora Veil
|upkeep
|turn|6
|
|t:|1785480107
|move|p1a: Arcanine|Protect|p1a: Arcanine
|-singleturn|p1a: Arcanine|Protect
|move|p1b: Scizor|Bullet Punch|p2a: Gengar
|-damage|p2a: Gengar|0 fnt
|faint|p2a: Gengar
|move|p2b: Volcarona|Fiery Dance|p1b: Scizor
|-supereffective|p1b: Scizor|2
|-damage|p1b: Scizor|0 fnt
|-boost|p2b: Volcarona|spa|1
|faint|p1b: Scizor
|
|-heal|p2b: Volcarona|100/100|[from] item: Leftovers
|-heal|p1a: Arcanine|83/100|[from] item: Leftovers
|upkeep
|
|t:|1785480120
|switch|p2a: Abomasnow|Abomasnow, L50, F|5/100
|switch|p1b: Rotom|Rotom-Wash, L50|100/100
|-weather|Snowscape|[from] ability: Snow Warning|[of] p2a: Abomasnow
|turn|7
|
|t:|1785480146
|move|p2a: Abomasnow|Protect|p2a: Abomasnow
|-singleturn|p2a: Abomasnow|Protect
|move|p2b: Volcarona|Quiver Dance|p2b: Volcarona
|-boost|p2b: Volcarona|spa|1
|-boost|p2b: Volcarona|spd|1
|-boost|p2b: Volcarona|spe|1
|move|p1b: Rotom|Hydro Pump|p2b: Volcarona
|-supereffective|p2b: Volcarona|1
|-damage|p2b: Volcarona|22/100
|move|p1a: Arcanine|Snarl|p2a: Abomasnow|[spread] p2b
|-activate|p2a: Abomasnow|move: Protect
|-damage|p2b: Volcarona|15/100
|-unboost|p2b: Volcarona|spa|1
|
|-weather|Snowscape|[upkeep]
|-heal|p2b: Volcarona|21/100|[from] item: Leftovers
|-heal|p1a: Arcanine|89/100|[from] item: Leftovers
|upkeep
|turn|8
|
|t:|1785480174
|move|p2b: Volcarona|Bug Buzz|p1b: Rotom
|-damage|p1b: Rotom|30/100
|-enditem|p1b: Rotom|Sitrus Berry|[eat]
|-heal|p1b: Rotom|55/100|[from] item: Sitrus Berry
|move|p1b: Rotom|Thunderbolt|p2b: Volcarona
|-crit|p2b: Volcarona
|-damage|p2b: Volcarona|0 fnt
|faint|p2b: Volcarona
|move|p1a: Arcanine|Snarl|p2a: Abomasnow
|-damage|p2a: Abomasnow|0 fnt
|faint|p2a: Abomasnow
|
|-weather|Snowscape|[upkeep]
|-heal|p1a: Arcanine|95/100|[from] item: Leftovers
|upkeep
|
|t:|1785480188
|switch|p2b: Dragonite|Dragonite, L50, F|100/100
|turn|9
|
|t:|1785480213
|move|p1a: Arcanine|Protect|p1a: Arcanine
|-singleturn|p1a: Arcanine|Protect
|move|p2b: Dragonite|Extreme Speed|p1b: Rotom
|-damage|p1b: Rotom|3/100
|-damage|p2b: Dragonite|90/100|[from] item: Life Orb
|move|p1b: Rotom|Thunderbolt|p2b: Dragonite
|-damage|p2b: Dragonite|47/100
|
|-weather|Snowscape|[upkeep]
|-heal|p1a: Arcanine|100/100|[from] item: Leftovers
|upkeep
|turn|10
|
|t:|1785480237
|move|p2b: Dragonite|Protect|p2b: Dragonite
|-singleturn|p2b: Dragonite|Protect
|move|p1b: Rotom|Thunderbolt|p2b: Dragonite
|-activate|p2b: Dragonite|move: Protect
|move|p1a: Arcanine|Flare Blitz|p2b: Dragonite
|-activate|p2b: Dragonite|move: Protect
|
|-weather|Snowscape|[upkeep]
|upkeep
|turn|11
|
|t:|1785480250
|move|p2b: Dragonite|Extreme Speed|p1b: Rotom
|-damage|p1b: Rotom|0 fnt
|faint|p1b: Rotom
|-damage|p2b: Dragonite|37/100|[from] item: Life Orb
|move|p1a: Arcanine|Flare Blitz|p2b: Dragonite
|-resisted|p2b: Dragonite|1
|-damage|p2b: Dragonite|13/100
|-damage|p1a: Arcanine|92/100|[from] Recoil
|
|-weather|none
|-heal|p1a: Arcanine|98/100|[from] item: Leftovers
|upkeep
|turn|12
|
|t:|1785480268
|move|p1a: Arcanine|Protect|p1a: Arcanine
|-singleturn|p1a: Arcanine|Protect
|move|p2b: Dragonite|Earthquake|p1a: Arcanine
|-activate|p1a: Arcanine|move: Protect
|
|-heal|p1a: Arcanine|100/100|[from] item: Leftovers
|upkeep
|turn|13
|
|t:|1785480279
|move|p2b: Dragonite|Earthquake|p1a: Arcanine
|-supereffective|p1a: Arcanine|1
|-damage|p1a: Arcanine|3/100
|-damage|p2b: Dragonite|3/100|[from] item: Life Orb
|move|p1a: Arcanine|Flare Blitz|p2b: Dragonite
|-resisted|p2b: Dragonite|1
|-damage|p2b: Dragonite|0 fnt
|faint|p2b: Dragonite
|-damage|p1a: Arcanine|2/100|[from] Recoil
|
|win|zrmbe
