|j|☆bearlover997
|j|☆r1999 larper
|html|bearlover997r1999 larper    
|uhtml|bestof|Game 1 of a best-of-3
|t:|1785328102
|gametype|doubles
|player|p1|bearlover997|sage|1074
|player|p2|r1999 larper|lucas|1113
|gen|9
|tier|[Gen 9 Champions] VGC 2026 Reg M-B (Bo3)
|rated|
|rule|Species Clause: Limit one of each Pokémon
|rule|Item Clause: Limit 1 of each item
|clearpoke
|poke|p1|Dragalge, L50, M, shiny|
|poke|p1|Sinistcha, L50|
|poke|p1|Incineroar, L50, M|
|poke|p1|Grimmsnarl, L50, M|
|poke|p1|Lopunny, L50, M|
|poke|p1|Volcarona, L50, M|
|poke|p2|Gengar, L50, F|
|poke|p2|Incineroar, L50, F|
|poke|p2|Kommo-o, L50, F|
|poke|p2|Ninetales-Alola, L50, F|
|poke|p2|Rotom-Wash, L50|
|poke|p2|Sinistcha, L50|
|teampreview|4
|showteam|p1|Dragalge||Dragalgite|PoisonPoint|DracoMeteor,SludgeBomb,FlipTurn,Toxic|Calm||M|||50|]Sinistcha||ColburBerry|Hospitality|MatchaGotcha,StrengthSap,RagePowder,Protect|Bold|||||50|]Incineroar||SitrusBerry|Intimidate|FakeOut,PartingShot,WillOWisp,FlareBlitz|Adamant||M|||50|]Grimmsnarl||LightClay|Prankster|LightScreen,Reflect,PartingShot,SpiritBreak|Careful||M|||50|]Lopunny||Lopunnite|Limber|CloseCombat,Encore,FakeOut,Uturn|Jolly||M|||50|]Volcarona||Leftovers|FlameBody|QuiverDance,HeatWave,BugBuzz,Protect|Modest||M|||50|
|showteam|p2|Gengar||Gengarite|CursedBody|Protect,ShadowBall,Taunt,SludgeBomb|Modest||F|||50|]Incineroar|||Intimidate|FakeOut,PartingShot,ThroatChop,FlareBlitz|Impish||F|||50|]Kommo-o||LifeOrb|Soundproof|Protect,AuraSphere,ClangingScales,ClangorousSoul|Timid||F|||50|]Ninetales-Alola||ChoiceScarf|SnowWarning|Moonblast,FreezeDry,IcyWind,Blizzard|Timid||F|||50|]Rotom-Wash||Leftovers|Levitate|HydroPump,VoltSwitch,WillOWisp,Thunderbolt|Bold|||||50|]Sinistcha||KasibBerry|Hospitality|TrickRoom,MatchaGotcha,Protect,RagePowder|Relaxed|||||50|
|inactive|Battle timer is ON: inactive players will automatically lose when time's up. (requested by bearlover997)
|inactive|r1999 larper also wants the timer to be on.
|inactive|r1999 larper has 60 seconds left.
|inactive|r1999 larper has 30 seconds left.
|inactive|r1999 larper has 20 seconds left.
|inactive|r1999 larper has 15 seconds left.
|inactive|r1999 larper has 10 seconds left.
|
|t:|1785328184
|teamsize|p1|4
|teamsize|p2|4
|start
|switch|p1a: Lopunny|Lopunny, L50, M|100/100
|switch|p1b: Volcarona|Volcarona, L50, M|100/100
|switch|p2a: Ninetales|Ninetales-Alola, L50, F|100/100
|switch|p2b: Incineroar|Incineroar, L50, F|100/100
|-weather|Snowscape|[from] ability: Snow Warning|[of] p2a: Ninetales
|-ability|p2b: Incineroar|Intimidate|boost
|-unboost|p1a: Lopunny|atk|1
|-unboost|p1b: Volcarona|atk|1
|turn|1
|
|t:|1785328208
|detailschange|p1a: Lopunny|Lopunny-Mega, L50, M
|-mega|p1a: Lopunny|Lopunny|Lopunnite
|move|p1a: Lopunny|Fake Out|p2a: Ninetales
|-damage|p2a: Ninetales|86/100
|move|p2b: Incineroar|Fake Out|p1b: Volcarona
|-damage|p1b: Volcarona|83/100
|cant|p2a: Ninetales|flinch
|cant|p1b: Volcarona|flinch
|
|-weather|Snowscape|[upkeep]
|-heal|p1b: Volcarona|89/100|[from] item: Leftovers
|upkeep
|turn|2
|
|t:|1785328229
|switch|p1a: Incineroar|Incineroar, L50, M|100/100
|-ability|p1a: Incineroar|Intimidate|boost
|-unboost|p2a: Ninetales|atk|1
|-unboost|p2b: Incineroar|atk|1
|move|p2a: Ninetales|Icy Wind|p1b: Volcarona|[spread] p1a,p1b
|-resisted|p1a: Incineroar|1
|-resisted|p1b: Volcarona|1
|-crit|p1b: Volcarona
|-damage|p1a: Incineroar|94/100
|-damage|p1b: Volcarona|78/100
|-unboost|p1a: Incineroar|spe|1
|-unboost|p1b: Volcarona|spe|1
|move|p1b: Volcarona|Heat Wave|p2a: Ninetales|[spread] p2a
|-miss|p1b: Volcarona|p2b: Incineroar
|-supereffective|p2a: Ninetales|1
|-damage|p2a: Ninetales|2/100
|move|p2b: Incineroar|Parting Shot|p1b: Volcarona
|-unboost|p1b: Volcarona|atk|1
|-unboost|p1b: Volcarona|spa|1
|
|t:|1785328236
|switch|p2b: Kommo-o|Kommo-o, L50, F|100/100|[from] Parting Shot
|
|-weather|Snowscape|[upkeep]
|-heal|p1b: Volcarona|84/100|[from] item: Leftovers
|upkeep
|turn|3
|
|t:|1785328250
|switch|p2a: Incineroar|Incineroar, L50, F|100/100
|-ability|p2a: Incineroar|Intimidate|boost
|-unboost|p1a: Incineroar|atk|1
|-unboost|p1b: Volcarona|atk|1
|switch|p1b: Lopunny|Lopunny-Mega, L50, M|100/100
|move|p1a: Incineroar|Fake Out|p2a: Incineroar
|-damage|p2a: Incineroar|93/100
|move|p2b: Kommo-o|Clangorous Soul|p2b: Kommo-o
|-boost|p2b: Kommo-o|atk|1
|-boost|p2b: Kommo-o|def|1
|-boost|p2b: Kommo-o|spa|1
|-boost|p2b: Kommo-o|spd|1
|-boost|p2b: Kommo-o|spe|1
|-damage|p2b: Kommo-o|67/100
|
|-weather|Snowscape|[upkeep]
|upkeep
|turn|4
|
|t:|1785328272
|move|p2b: Kommo-o|Protect|p2b: Kommo-o
|-singleturn|p2b: Kommo-o|Protect
|move|p1b: Lopunny|Fake Out|p2b: Kommo-o
|-activate|p2b: Kommo-o|move: Protect
|move|p2a: Incineroar|Parting Shot|p1b: Lopunny
|-unboost|p1b: Lopunny|atk|1
|-unboost|p1b: Lopunny|spa|1
|
|t:|1785328277
|switch|p2a: Sinistcha|Sinistcha, L50|100/100|[from] Parting Shot
|-heal|p2b: Kommo-o|92/100|[from] ability: Hospitality|[of] p2a: Sinistcha
|move|p1a: Incineroar|Parting Shot|p2a: Sinistcha
|-unboost|p2a: Sinistcha|atk|1
|-unboost|p2a: Sinistcha|spa|1
|
|t:|1785328287
|switch|p1a: Grimmsnarl|Grimmsnarl, L50, M|100/100|[from] Parting Shot
|
|-weather|Snowscape|[upkeep]
|upkeep
|turn|5
|
|t:|1785328309
|switch|p1b: Incineroar|Incineroar, L50, M|94/100
|-ability|p1b: Incineroar|Intimidate|boost
|-unboost|p2a: Sinistcha|atk|1
|-unboost|p2b: Kommo-o|atk|1
|move|p2a: Sinistcha|Rage Powder|p2a: Sinistcha
|-singleturn|p2a: Sinistcha|move: Rage Powder
|move|p2b: Kommo-o|Aura Sphere|p1a: Grimmsnarl
|-damage|p1a: Grimmsnarl|48/100
|-damage|p2b: Kommo-o|82/100|[from] item: Life Orb
|move|p1a: Grimmsnarl|Spirit Break|p2a: Sinistcha
|-crit|p2a: Sinistcha
|-damage|p2a: Sinistcha|64/100
|-unboost|p2a: Sinistcha|spa|1
|
|-weather|none
|upkeep
|turn|6
|inactive|bearlover997 has 30 seconds left.
|inactive|r1999 larper has 30 seconds left.
|inactive|bearlover997 has 20 seconds left.
|
|t:|1785328349
|switch|p2a: Incineroar|Incineroar, L50, F|93/100
|-ability|p2a: Incineroar|Intimidate|boost
|-unboost|p1a: Grimmsnarl|atk|1
|-unboost|p1b: Incineroar|atk|1
|move|p2b: Kommo-o|Protect|p2b: Kommo-o
|-singleturn|p2b: Kommo-o|Protect
|move|p1b: Incineroar|Fake Out|p2b: Kommo-o
|-activate|p2b: Kommo-o|move: Protect
|move|p1a: Grimmsnarl|Light Screen|p1a: Grimmsnarl
|-sidestart|p1: bearlover997|move: Light Screen
|
|upkeep
|turn|7
|
|t:|1785328369
|move|p2a: Incineroar|Fake Out|p1a: Grimmsnarl
|-damage|p1a: Grimmsnarl|35/100
|move|p2b: Kommo-o|Aura Sphere|p1b: Incineroar
|-supereffective|p1b: Incineroar|1
|-damage|p1b: Incineroar|28/100
|-enditem|p1b: Incineroar|Sitrus Berry|[eat]
|-heal|p1b: Incineroar|53/100|[from] item: Sitrus Berry
|-damage|p2b: Kommo-o|73/100|[from] item: Life Orb
|cant|p1a: Grimmsnarl|flinch
|move|p1b: Incineroar|Parting Shot|p2b: Kommo-o
|-immune|p2b: Kommo-o|[from] ability: Soundproof
|
|upkeep
|turn|8
|
|t:|1785328392
|switch|p1b: Lopunny|Lopunny-Mega, L50, M|100/100
|move|p2b: Kommo-o|Aura Sphere|p1a: Grimmsnarl
|-damage|p1a: Grimmsnarl|2/100
|-damage|p2b: Kommo-o|63/100|[from] item: Life Orb
|move|p2a: Incineroar|Parting Shot|p1b: Lopunny
|-unboost|p1b: Lopunny|atk|1
|-unboost|p1b: Lopunny|spa|1
|
|t:|1785328399
|switch|p2a: Sinistcha|Sinistcha, L50|64/100|[from] Parting Shot
|-heal|p2b: Kommo-o|88/100|[from] ability: Hospitality|[of] p2a: Sinistcha
|move|p1a: Grimmsnarl|Spirit Break|p2b: Kommo-o
|-supereffective|p2b: Kommo-o|2
|-damage|p2b: Kommo-o|35/100
|-unboost|p2b: Kommo-o|spa|1
|
|upkeep
|turn|9
|inactive|r1999 larper has 30 seconds left.
|inactive|r1999 larper has 20 seconds left.
|inactive|r1999 larper has 15 seconds left.
|
|t:|1785328442
|move|p2b: Kommo-o|Protect|p2b: Kommo-o
|-singleturn|p2b: Kommo-o|Protect
|move|p2a: Sinistcha|Protect|p2a: Sinistcha
|-singleturn|p2a: Sinistcha|Protect
|move|p1b: Lopunny|Fake Out|p2b: Kommo-o
|-activate|p2b: Kommo-o|move: Protect
|move|p1a: Grimmsnarl|Parting Shot|p2a: Sinistcha
|-activate|p2a: Sinistcha|move: Protect
|
|upkeep
|turn|10
|
|t:|1785328459
|switch|p2b: Incineroar|Incineroar, L50, F|93/100
|-ability|p2b: Incineroar|Intimidate|boost
|-unboost|p1a: Grimmsnarl|atk|1
|-fail|p1b: Lopunny|unboost|Attack|[from] ability: Scrappy|[of] p1b: Lopunny
|move|p1b: Lopunny|Encore|p2a: Sinistcha
|-start|p2a: Sinistcha|Encore
|move|p2a: Sinistcha|Protect||[still]
|-fail|p2a: Sinistcha
|move|p1a: Grimmsnarl|Spirit Break|p2b: Incineroar
|-damage|p2b: Incineroar|81/100
|-unboost|p2b: Incineroar|spa|1
|
|upkeep
|turn|11
|inactive|bearlover997 has 30 seconds left.
|inactive|r1999 larper has 30 seconds left.
|
|t:|1785328486
|switch|p2a: Ninetales|Ninetales-Alola, L50, F|2/100
|-weather|Snowscape|[from] ability: Snow Warning|[of] p2a: Ninetales
|switch|p1a: Volcarona|Volcarona, L50, M|84/100
|move|p1b: Lopunny|U-turn|p2b: Incineroar
|-damage|p2b: Incineroar|66/100
|
|t:|1785328495
|switch|p1b: Incineroar|Incineroar, L50, M|53/100|[from] U-turn
|-ability|p1b: Incineroar|Intimidate|boost
|-unboost|p2a: Ninetales|atk|1
|-unboost|p2b: Incineroar|atk|1
|move|p2b: Incineroar|Parting Shot|p1a: Volcarona
|-unboost|p1a: Volcarona|atk|1
|-unboost|p1a: Volcarona|spa|1
|
|t:|1785328501
|switch|p2b: Sinistcha|Sinistcha, L50|64/100|[from] Parting Shot
|-heal|p2a: Ninetales|27/100|[from] ability: Hospitality|[of] p2b: Sinistcha
|
|-weather|Snowscape|[upkeep]
|-heal|p1a: Volcarona|90/100|[from] item: Leftovers
|upkeep
|turn|12
|inactive|r1999 larper has 30 seconds left.
|
|t:|1785328528
|switch|p2a: Incineroar|Incineroar, L50, F|66/100
|-ability|p2a: Incineroar|Intimidate|boost
|-unboost|p1a: Volcarona|atk|1
|-unboost|p1b: Incineroar|atk|1
|move|p2b: Sinistcha|Protect|p2b: Sinistcha
|-singleturn|p2b: Sinistcha|Protect
|move|p1b: Incineroar|Fake Out|p2a: Incineroar
|-damage|p2a: Incineroar|59/100
|move|p1a: Volcarona|Heat Wave|p2a: Incineroar|[spread] p2a
|-activate|p2b: Sinistcha|move: Protect
|-resisted|p2a: Incineroar|1
|-damage|p2a: Incineroar|48/100
|
|-weather|Snowscape|[upkeep]
|-heal|p1a: Volcarona|96/100|[from] item: Leftovers
|upkeep
|turn|13
|
|t:|1785328548
|move|p1a: Volcarona|Quiver Dance|p1a: Volcarona
|-boost|p1a: Volcarona|spa|1
|-boost|p1a: Volcarona|spd|1
|-boost|p1a: Volcarona|spe|1
|move|p2a: Incineroar|Throat Chop|p1a: Volcarona
|-damage|p1a: Volcarona|46/100
|-start|p1a: Volcarona|Throat Chop|[silent]
|move|p2b: Sinistcha|Matcha Gotcha|p1b: Incineroar|[spread] p1a,p1b
|-resisted|p1a: Volcarona|2
|-resisted|p1b: Incineroar|1
|-damage|p1a: Volcarona|43/100
|-heal|p2b: Sinistcha|65/100|[from] drain|[of] p1a: Volcarona
|-damage|p1b: Incineroar|47/100
|-heal|p2b: Sinistcha|69/100|[from] drain|[of] p1b: Incineroar
|move|p1b: Incineroar|Flare Blitz|p2b: Sinistcha
|-supereffective|p2b: Sinistcha|1
|-damage|p2b: Sinistcha|21/100
|-damage|p1b: Incineroar|33/100|[from] Recoil
|
|-weather|Snowscape|[upkeep]
|-heal|p1a: Volcarona|49/100|[from] item: Leftovers
|-sideend|p1: bearlover997|move: Light Screen
|upkeep
|turn|14
|inactive|bearlover997 has 30 seconds left.
|
|t:|1785328574
|move|p1a: Volcarona|Protect|p1a: Volcarona
|-singleturn|p1a: Volcarona|Protect
|move|p2b: Sinistcha|Rage Powder|p2b: Sinistcha
|-singleturn|p2b: Sinistcha|move: Rage Powder
|move|p2a: Incineroar|Parting Shot|p1a: Volcarona
|-activate|p1a: Volcarona|move: Protect
|move|p1b: Incineroar|Flare Blitz|p2b: Sinistcha
|-supereffective|p2b: Sinistcha|1
|-damage|p2b: Sinistcha|0 fnt
|faint|p2b: Sinistcha
|-damage|p1b: Incineroar|26/100|[from] Recoil
|
|-weather|Snowscape|[upkeep]
|-heal|p1a: Volcarona|55/100|[from] item: Leftovers
|-end|p1a: Volcarona|Throat Chop|[silent]
|upkeep
|
|t:|1785328578
|switch|p2b: Ninetales|Ninetales-Alola, L50, F|27/100
|turn|15
|inactive|r1999 larper has 30 seconds left.
|
|t:|1785328605
|switch|p2b: Kommo-o|Kommo-o, L50, F|35/100
|move|p1a: Volcarona|Heat Wave|p2a: Incineroar|[spread] p2a,p2b
|-resisted|p2a: Incineroar|1
|-resisted|p2b: Kommo-o|1
|-damage|p2a: Incineroar|29/100
|-damage|p2b: Kommo-o|12/100
|move|p2a: Incineroar|Throat Chop|p1a: Volcarona
|-damage|p1a: Volcarona|8/100
|-start|p1a: Volcarona|Throat Chop|[silent]
|move|p1b: Incineroar|Parting Shot|p2a: Incineroar
|-unboost|p2a: Incineroar|atk|1
|-unboost|p2a: Incineroar|spa|1
|
|t:|1785328618
|switch|p1b: Lopunny|Lopunny-Mega, L50, M|100/100|[from] Parting Shot
|
|-weather|none
|-heal|p1a: Volcarona|14/100|[from] item: Leftovers
|upkeep
|turn|16
|inactive|r1999 larper has 30 seconds left.
|
|t:|1785328650
|move|p2b: Kommo-o|Protect|p2b: Kommo-o
|-singleturn|p2b: Kommo-o|Protect
|move|p1b: Lopunny|Fake Out|p2a: Incineroar
|-damage|p2a: Incineroar|9/100
|move|p1a: Volcarona|Heat Wave|p2a: Incineroar|[spread] p2a
|-activate|p2b: Kommo-o|move: Protect
|-resisted|p2a: Incineroar|1
|-damage|p2a: Incineroar|0 fnt
|faint|p2a: Incineroar
|
|-heal|p1a: Volcarona|21/100|[from] item: Leftovers
|-end|p1a: Volcarona|Throat Chop|[silent]
|upkeep
|
|t:|1785328652
|switch|p2a: Ninetales|Ninetales-Alola, L50, F|27/100
|-weather|Snowscape|[from] ability: Snow Warning|[of] p2a: Ninetales
|turn|17
|
|t:|1785328663
|move|p2a: Ninetales|Icy Wind|p1a: Volcarona|[spread] p1b
|-miss|p2a: Ninetales|p1a: Volcarona
|-crit|p1b: Lopunny
|-damage|p1b: Lopunny|67/100
|-unboost|p1b: Lopunny|spe|1
|move|p1a: Volcarona|Heat Wave|p2a: Ninetales|[spread] p2b
|-miss|p1a: Volcarona|p2a: Ninetales
|-resisted|p2b: Kommo-o|1
|-damage|p2b: Kommo-o|0 fnt
|faint|p2b: Kommo-o
|move|p1b: Lopunny|Encore|p2a: Ninetales
|-start|p2a: Ninetales|Encore
|
|-weather|Snowscape|[upkeep]
|-heal|p1a: Volcarona|27/100|[from] item: Leftovers
|upkeep
|turn|18
|
|t:|1785328678
|move|p2a: Ninetales|Icy Wind|p1b: Lopunny|[spread] p1a,p1b
|-resisted|p1a: Volcarona|1
|-damage|p1a: Volcarona|21/100
|-damage|p1b: Lopunny|45/100
|-unboost|p1a: Volcarona|spe|1
|-unboost|p1b: Lopunny|spe|1
|move|p1a: Volcarona|Heat Wave|p2a: Ninetales
|-supereffective|p2a: Ninetales|1
|-damage|p2a: Ninetales|0 fnt
|faint|p2a: Ninetales
|
|win|bearlover997
||r1999 larper is ready for game 2.
||bearlover997 is ready for game 2.
|uhtml|next|Next: Game 2 of 3
