|j|☆triskili
|j|☆amatothetomato
|html|triskiliamatothetomato    
|uhtml|bestof|Game 1 of a best-of-3
|t:|1786154722
|gametype|doubles
|player|p1|triskili|flannery|
|player|p2|amatothetomato|maid|
|gen|9
|tier|[Gen 9 Champions] VGC 2026 Reg M-B (Bo3)
|rule|Species Clause: Limit one of each Pokémon
|rule|Item Clause: Limit 1 of each item
|clearpoke
|poke|p1|Delphox, L50, F|
|poke|p1|Floette-Eternal, L50, F|
|poke|p1|Sneasler, L50, M|
|poke|p1|Incineroar, L50, M|
|poke|p1|Sinistcha, L50|
|poke|p1|Kingambit, L50, M|
|poke|p2|Pelipper, L50, F|
|poke|p2|Swampert, L50, M, shiny|
|poke|p2|Rotom-Wash, L50|
|poke|p2|Castform, L50, F|
|poke|p2|Basculegion, L50, M, shiny|
|poke|p2|Raichu, L50, M|
|teampreview|4
|showteam|p1|Delphox||Delphoxite|Blaze|HeatWave,Psyshock,NastyPlot,Protect|Timid||F|||50|]Floette-Eternal||Floettite|FlowerVeil|Moonblast,DazzlingGleam,CalmMind,Protect|Modest||F|||50|]Sneasler||FocusSash|PoisonTouch|DireClaw,CloseCombat,FakeOut,QuickGuard|Jolly||M|||50|]Incineroar||SitrusBerry|Intimidate|DarkestLariat,FlareBlitz,FakeOut,PartingShot|Impish||M|||50|]Sinistcha||ColburBerry|Hospitality|MatchaGotcha,RagePowder,TrickRoom,Protect|Relaxed|||||50|]Kingambit||BlackGlasses|Defiant|KowtowCleave,SuckerPunch,SwordsDance,Protect|Adamant||M|||50|
|showteam|p2|Pelipper||DampRock|Drizzle|Tailwind,Soak,Uturn,Hurricane|Modest||F|||50|]Swampert||Swampertite|Torrent|StompingTantrum,IcePunch,WaveCrash,FlipTurn|Adamant||M|||50|]Rotom-Wash|||Levitate|HydroPump,Thunderbolt,WillOWisp,VoltSwitch|Timid|||||50|]Castform||QuickClaw|Forecast|WeatherBall,SunnyDay,Snowscape,RainDance|Modest||F|||50|]Basculegion||Leftovers|Adaptability|Liquidation,PhantomForce,AquaJet,IceFang|Adamant||M|||50|]Raichu||RaichuniteX|LightningRod|RisingVoltage,FakeOut,DrainPunch,Trailblaze|Jolly||M|||50|
|
|t:|1786154813
|teamsize|p1|4
|teamsize|p2|4
|start
|switch|p1a: Incineroar|Incineroar, L50, M|100/100
|switch|p1b: Sinistcha|Sinistcha, L50|100/100
|switch|p2a: Pelipper|Pelipper, L50, F|100/100
|switch|p2b: Basculegion|Basculegion, L50, M, shiny|100/100
|-weather|RainDance|[from] ability: Drizzle|[of] p2a: Pelipper
|-ability|p1a: Incineroar|Intimidate|boost
|-unboost|p2a: Pelipper|atk|1
|-unboost|p2b: Basculegion|atk|1
|turn|1
|c|☆triskili|GLHF
|c|☆amatothetomato|glhf
|
|t:|1786154859
|move|p1a: Incineroar|Fake Out|p2a: Pelipper
|-damage|p2a: Pelipper|86/100
|move|p2b: Basculegion|Liquidation|p1a: Incineroar
|-supereffective|p1a: Incineroar|1
|-damage|p1a: Incineroar|16/100
|-unboost|p1a: Incineroar|def|1
|-enditem|p1a: Incineroar|Sitrus Berry|[eat]
|-heal|p1a: Incineroar|41/100|[from] item: Sitrus Berry
|cant|p2a: Pelipper|flinch
|move|p1b: Sinistcha|Matcha Gotcha|p2b: Basculegion|[spread] p2a
|-miss|p1b: Sinistcha|p2b: Basculegion
|-damage|p2a: Pelipper|47/100
|
|-weather|RainDance|[upkeep]
|upkeep
|turn|2
|
|t:|1786154911
|switch|p1a: Kingambit|Kingambit, L50, M|100/100
|move|p2b: Basculegion|Aqua Jet|p1a: Kingambit
|-damage|p1a: Kingambit|76/100
|move|p2a: Pelipper|Tailwind|p2a: Pelipper
|-sidestart|p2: amatothetomato|move: Tailwind
|move|p1b: Sinistcha|Matcha Gotcha|p2b: Basculegion|[spread] p2a,p2b
|-supereffective|p2b: Basculegion|1
|-damage|p2a: Pelipper|5/100
|-damage|p2b: Basculegion|39/100
|
|-weather|RainDance|[upkeep]
|-heal|p2b: Basculegion|45/100|[from] item: Leftovers
|upkeep
|turn|3
|
|t:|1786154949
|switch|p1a: Incineroar|Incineroar, L50, M|41/100
|-ability|p1a: Incineroar|Intimidate|boost
|-unboost|p2a: Pelipper|atk|1
|-unboost|p2b: Basculegion|atk|1
|move|p2b: Basculegion|Liquidation|p1a: Incineroar
|-supereffective|p1a: Incineroar|1
|-damage|p1a: Incineroar|0 fnt
|faint|p1a: Incineroar
|move|p2a: Pelipper|Hurricane|p1b: Sinistcha
|-supereffective|p1b: Sinistcha|1
|-damage|p1b: Sinistcha|1/100
|move|p1b: Sinistcha|Matcha Gotcha|p2a: Pelipper|[spread] p2a,p2b
|-crit|p2a: Pelipper
|-supereffective|p2b: Basculegion|1
|-damage|p2a: Pelipper|0 fnt
|-heal|p1b: Sinistcha|3/100|[from] drain|[of] p2a: Pelipper
|-damage|p2b: Basculegion|0 fnt
|-heal|p1b: Sinistcha|29/100|[from] drain|[of] p2b: Basculegion
|faint|p2a: Pelipper
|faint|p2b: Basculegion
|
|-weather|RainDance|[upkeep]
|upkeep
|
|t:|1786154973
|switch|p2b: Swampert|Swampert, L50, M, shiny|100/100
|switch|p2a: Castform|Castform, L50, F|100/100
|switch|p1a: Floette|Floette-Eternal, L50, F|100/100
|-formechange|p2a: Castform|Castform-Rainy|[msg]|[from] ability: Forecast
|turn|4
|
|t:|1786154992
|detailschange|p2b: Swampert|Swampert-Mega, L50, M, shiny
|-mega|p2b: Swampert|Swampert|Swampertite
|move|p1b: Sinistcha|Protect|p1b: Sinistcha
|-singleturn|p1b: Sinistcha|Protect
|move|p2b: Swampert|Ice Punch|p1b: Sinistcha
|-activate|p1b: Sinistcha|move: Protect
|move|p2a: Castform|Weather Ball|p1a: Floette
|-damage|p1a: Floette|55/100
|move|p1a: Floette|Calm Mind|p1a: Floette
|-boost|p1a: Floette|spa|1
|-boost|p1a: Floette|spd|1
|
|-weather|RainDance|[upkeep]
|upkeep
|turn|5
|
|t:|1786155009
|detailschange|p1a: Floette|Floette-Mega, L50, F
|-mega|p1a: Floette|Floette|Floettite
|-ability|p1a: Floette|Fairy Aura
|move|p1a: Floette|Protect|p1a: Floette
|-singleturn|p1a: Floette|Protect
|move|p2b: Swampert|Ice Punch|p1b: Sinistcha
|-supereffective|p1b: Sinistcha|1
|-damage|p1b: Sinistcha|0 fnt
|faint|p1b: Sinistcha
|move|p2a: Castform|Weather Ball|p1a: Floette
|-activate|p1a: Floette|move: Protect
|
|-weather|RainDance|[upkeep]
|-sideend|p2: amatothetomato|move: Tailwind
|upkeep
|
|t:|1786155021
|switch|p1b: Kingambit|Kingambit, L50, M|76/100
|turn|6
|
|t:|1786155036
|move|p1b: Kingambit|Sucker Punch|p2b: Swampert
|-damage|p2b: Swampert|54/100
|move|p2b: Swampert|Wave Crash|p1a: Floette
|-damage|p1a: Floette|0 fnt
|faint|p1a: Floette
|-damage|p2b: Swampert|36/100|[from] Recoil
|move|p2a: Castform|Weather Ball|p1b: Kingambit
|-crit|p1b: Kingambit
|-damage|p1b: Kingambit|0 fnt
|faint|p1b: Kingambit
|
|win|amatothetomato
|inactive|triskili has 30 seconds to confirm battle start!
|inactive|amatothetomato has 30 seconds to confirm battle start!
|l|☆triskili
|player|p1|
|c|☆amatothetomato|gg
||triskili is ready for game 2.
||amatothetomato is ready for game 2.
|uhtml|next|Next: Game 2 of 3
|j|☆triskili
|player|p1|triskili|flannery|
