|j|☆magicalarcher57
|j|☆aqawa
|html|magicalarcher57aqawa    
|uhtml|bestof|Game 1 of a best-of-3
|t:|1784300865
|gametype|doubles
|player|p1|magicalarcher57|diantha|1285
|player|p2|aqawa|265|1141
|gen|9
|tier|[Gen 9 Champions] VGC 2026 Reg M-B (Bo3)
|rated|
|rule|Species Clause: Limit one of each Pokémon
|rule|Item Clause: Limit 1 of each item
|clearpoke
|poke|p1|Basculegion, L50, M|
|poke|p1|Glimmora, L50, F|
|poke|p1|Garchomp, L50, M|
|poke|p1|Whimsicott, L50, F|
|poke|p1|Hydreigon, L50, F|
|poke|p1|Metagross, L50|
|poke|p2|Talonflame, L50, M|
|poke|p2|Maushold-Four, L50|
|poke|p2|Kommo-o, L50, F|
|poke|p2|Annihilape, L50, M|
|poke|p2|Raichu, L50, M|
|poke|p2|Milotic, L50, F|
|teampreview|4
|showteam|p1|Basculegion||MysticWater|Adaptability|AquaJet,LastRespects,WaveCrash,Protect|Jolly||M|||50|]Glimmora||LifeOrb|ToxicDebris|PowerGem,EarthPower,SpikyShield,SludgeBomb|Timid||F|||50|]Garchomp||SitrusBerry|RoughSkin|DragonClaw,StompingTantrum,Protect,Earthquake|Jolly||M|||50|]Whimsicott||FocusSash|Prankster|Tailwind,Moonblast,Encore,Protect|Timid||F|||50|]Hydreigon||ScopeLens|Levitate|FocusEnergy,DracoMeteor,Protect,Snarl|Modest||F|||50|]Metagross||Metagrossite|ClearBody|IcePunch,IronHead,PsychicFangs,Protect|Jolly|||||50|
|showteam|p2|Talonflame||SharpBeak|GaleWings|DualWingbeat,Tailwind,FlareBlitz,Protect|Jolly||M|||50|]Maushold-Four||ChopleBerry|FriendGuard|SuperFang,FollowMe,Protect,Feint|Jolly|||||50|]Kommo-o||LifeOrb|Soundproof|Protect,DracoMeteor,ClangingScales,AuraSphere|Modest||F|||50|]Annihilape||FocusSash|Defiant|Protect,CloseCombat,PhantomForce,Taunt|Jolly||M|||50|]Raichu||RaichuniteY|LightningRod|ZapCannon,FocusBlast,Protect,FakeOut|Timid||M|||50|]Milotic||Leftovers|Competitive|MuddyWater,Coil,Protect,Hypnosis|Calm||F|||50|
|inactive|Battle timer is ON: inactive players will automatically lose when time's up. (requested by magicalarcher57)
|inactive|magicalarcher57 has 60 seconds left.
|
|t:|1784300904
|teamsize|p1|4
|teamsize|p2|4
|start
|switch|p1a: Hydreigon|Hydreigon, L50, F|100/100
|switch|p1b: Whimsicott|Whimsicott, L50, F|100/100
|switch|p2a: Talonflame|Talonflame, L50, M|100/100
|switch|p2b: Raichu|Raichu, L50, M|100/100
|turn|1
|
|t:|1784300925
|detailschange|p2b: Raichu|Raichu-Mega-Y, L50, M
|-mega|p2b: Raichu|Raichu|Raichunite Y
|move|p2a: Talonflame|Dual Wingbeat|p1b: Whimsicott
|-supereffective|p1b: Whimsicott|1
|-damage|p1b: Whimsicott|47/100
|-supereffective|p1b: Whimsicott|1
|-damage|p1b: Whimsicott|0 fnt
|faint|p1b: Whimsicott
|-hitcount|p1: Whimsicott|2
|move|p2b: Raichu|Focus Blast|p1a: Hydreigon
|-supereffective|p1a: Hydreigon|1
|-damage|p1a: Hydreigon|1/100
|move|p1a: Hydreigon|Snarl|p2a: Talonflame|[spread] p2a,p2b
|-crit|p2b: Raichu
|-damage|p2a: Talonflame|67/100
|-damage|p2b: Raichu|53/100
|-unboost|p2a: Talonflame|spa|1
|-unboost|p2b: Raichu|spa|1
|
|upkeep
|
|t:|1784300942
|switch|p1b: Garchomp|Garchomp, L50, M|100/100
|turn|2
|
|t:|1784300952
|switch|p2b: Milotic|Milotic, L50, F|100/100
|move|p2a: Talonflame|Tailwind|p2a: Talonflame
|-sidestart|p2: aqawa|move: Tailwind
|move|p1b: Garchomp|Dragon Claw|p2a: Talonflame
|-damage|p2a: Talonflame|2/100
|move|p1a: Hydreigon|Snarl|p2a: Talonflame|[spread] p2a,p2b
|-damage|p2a: Talonflame|0 fnt
|-damage|p2b: Milotic|85/100
|-unboost|p2b: Milotic|spa|1
|-ability|p2b: Milotic|Competitive|boost
|-boost|p2b: Milotic|spa|2
|faint|p2a: Talonflame
|
|-heal|p2b: Milotic|91/100|[from] item: Leftovers
|upkeep
|
|t:|1784300976
|switch|p2a: Annihilape|Annihilape, L50, M|100/100
|turn|3
|inactive|magicalarcher57 has 30 seconds left.
|
|t:|1784301004
|move|p1b: Garchomp|Protect|p1b: Garchomp
|-singleturn|p1b: Garchomp|Protect
|move|p1a: Hydreigon|Protect|p1a: Hydreigon
|-singleturn|p1a: Hydreigon|Protect
|move|p2a: Annihilape|Phantom Force||[still]
|-prepare|p2a: Annihilape|Phantom Force
|move|p2b: Milotic|Muddy Water|p1a: Hydreigon|[spread] 
|-activate|p1a: Hydreigon|move: Protect
|-activate|p1b: Garchomp|move: Protect
|
|-heal|p2b: Milotic|97/100|[from] item: Leftovers
|upkeep
|turn|4
|
|t:|1784301014
|switch|p1a: Basculegion|Basculegion, L50, M|100/100
|move|p2a: Annihilape|Phantom Force|p1b: Garchomp|[from] lockedmove
|-damage|p1b: Garchomp|54/100
|-damage|p2a: Annihilape|87/100|[from] ability: Rough Skin|[of] p1b: Garchomp
|move|p2b: Milotic|Muddy Water|p1b: Garchomp|[spread] p1a,p1b
|-resisted|p1a: Basculegion|1
|-damage|p1a: Basculegion|81/100
|-damage|p1b: Garchomp|16/100
|-unboost|p1b: Garchomp|accuracy|1
|-enditem|p1b: Garchomp|Sitrus Berry|[eat]
|-heal|p1b: Garchomp|41/100|[from] item: Sitrus Berry
|move|p1b: Garchomp|Earthquake|p2a: Annihilape|[spread] p2a,p2b
|-miss|p1b: Garchomp|p1a: Basculegion
|-damage|p2a: Annihilape|42/100
|-damage|p2b: Milotic|58/100
|
|-heal|p2b: Milotic|64/100|[from] item: Leftovers
|upkeep
|turn|5
|inactive|magicalarcher57 has 30 seconds left.
|
|t:|1784301045
|switch|p1b: Hydreigon|Hydreigon, L50, F|1/100
|move|p1a: Basculegion|Aqua Jet|p2a: Annihilape
|-damage|p2a: Annihilape|8/100
|move|p2a: Annihilape|Phantom Force||[still]
|-prepare|p2a: Annihilape|Phantom Force
|move|p2b: Milotic|Coil|p2b: Milotic
|-boost|p2b: Milotic|atk|1
|-boost|p2b: Milotic|def|1
|-boost|p2b: Milotic|accuracy|1
|
|-heal|p2b: Milotic|70/100|[from] item: Leftovers
|-sideend|p2: aqawa|move: Tailwind
|upkeep
|turn|6
|
|t:|1784301063
|switch|p1a: Garchomp|Garchomp, L50, M|41/100
|move|p2a: Annihilape|Phantom Force|p1a: Garchomp|[from] lockedmove
|-damage|p1a: Garchomp|0 fnt
|-damage|p2a: Annihilape|0 fnt|[from] ability: Rough Skin|[of] p1a: Garchomp
|faint|p1a: Garchomp
|faint|p2a: Annihilape
|move|p1b: Hydreigon|Draco Meteor|p2b: Milotic
|-damage|p2b: Milotic|23/100
|-unboost|p1b: Hydreigon|spa|2
|move|p2b: Milotic|Muddy Water|p1b: Hydreigon
|-resisted|p1b: Hydreigon|1
|-damage|p1b: Hydreigon|0 fnt
|faint|p1b: Hydreigon
|
|-heal|p2b: Milotic|29/100|[from] item: Leftovers
|upkeep
|
|t:|1784301074
|switch|p2a: Raichu|Raichu-Mega-Y, L50, M|53/100
|switch|p1b: Basculegion|Basculegion, L50, M|81/100
|turn|7
|
|t:|1784301084
|move|p2a: Raichu|Protect|p2a: Raichu
|-singleturn|p2a: Raichu|Protect
|move|p1b: Basculegion|Aqua Jet|p2a: Raichu
|-activate|p2a: Raichu|move: Protect
|move|p2b: Milotic|Coil|p2b: Milotic
|-boost|p2b: Milotic|atk|1
|-boost|p2b: Milotic|def|1
|-boost|p2b: Milotic|accuracy|1
|
|-heal|p2b: Milotic|35/100|[from] item: Leftovers
|upkeep
|turn|8
|
|t:|1784301100
|move|p1b: Basculegion|Aqua Jet|p2a: Raichu
|-damage|p2a: Raichu|4/100
|move|p2a: Raichu|Zap Cannon|p1b: Basculegion
|-supereffective|p1b: Basculegion|1
|-damage|p1b: Basculegion|0 fnt
|faint|p1b: Basculegion
|
|win|aqawa
