|j|☆f0rtecs
|j|☆breloomb01
|html|f0rtecsbreloomb01    
|uhtml|bestof|Game 2 of a best-of-3
|t:|1785434180
|gametype|doubles
|player|p1|f0rtecs|lance|1173
|player|p2|breloomb01|roughneck|1219
|gen|9
|tier|[Gen 9 Champions] VGC 2026 Reg M-B (Bo3)
|rated|
|rule|Species Clause: Limit one of each Pokémon
|rule|Item Clause: Limit 1 of each item
|clearpoke
|poke|p1|Sneasler, L50, F|
|poke|p1|Basculegion, L50, M|
|poke|p1|Froslass, L50, F|
|poke|p1|Ceruledge, L50, M|
|poke|p1|Kingambit, L50, M|
|poke|p1|Dragonite, L50, F|
|poke|p2|Floette-Eternal, L50, F|
|poke|p2|Incineroar, L50, F|
|poke|p2|Sinistcha, L50|
|poke|p2|Garchomp, L50, M|
|poke|p2|Sneasler, L50, F|
|poke|p2|Rotom-Wash, L50|
|teampreview|4
|showteam|p1|Sneasler||WhiteHerb|Unburden|CloseCombat,DireClaw,FakeOut,Protect|Jolly||F|||50|]Basculegion||ChoiceScarf|Adaptability|WaveCrash,LastRespects,AquaJet,FlipTurn|Jolly||M|||50|]Froslass||Froslassite|SnowCloak|Blizzard,ShadowBall,AuroraVeil,Protect|Modest||F|||50|]Ceruledge||ColburBerry|FlashFire|BitterBlade,ShadowSneak,SwordsDance,Protect|Jolly||M|||50|]Kingambit||BlackGlasses|Defiant|KowtowCleave,LowKick,SuckerPunch,Protect|Adamant||M|||50|]Dragonite||Dragoninite|Multiscale|DragonPulse,Flamethrower,Tailwind,Protect|Modest||F|||50|
|showteam|p2|Floette-Eternal||Floettite|FlowerVeil|DrainingKiss,DazzlingGleam,CalmMind,Protect|Modest||F|||50|]Incineroar||SitrusBerry|Intimidate|FakeOut,FlareBlitz,ThroatChop,PartingShot|Careful||F|||50|]Sinistcha||KasibBerry|Hospitality|Protect,RagePowder,MatchaGotcha,TrickRoom|Calm|||||50|]Garchomp||LifeOrb|RoughSkin|Earthquake,DragonClaw,RockSlide,Protect|Jolly||M|||50|]Sneasler||FocusSash|PoisonTouch|FakeOut,DireClaw,CloseCombat,Protect|Jolly||F|||50|]Rotom-Wash||Leftovers|Levitate|HydroPump,Protect,WillOWisp,Electroweb|Bold|||||50|
|inactive|Battle timer is ON: inactive players will automatically lose when time's up. (requested by f0rtecs)
|
|t:|1785434208
|teamsize|p1|4
|teamsize|p2|4
|start
|switch|p1a: Sneasler|Sneasler, L50, F|100/100
|switch|p1b: Froslass|Froslass, L50, F|100/100
|switch|p2a: Floette|Floette-Eternal, L50, F|100/100
|switch|p2b: Rotom|Rotom-Wash, L50|100/100
|turn|1
|
|t:|1785434223
|detailschange|p1b: Froslass|Froslass-Mega, L50, F
|-mega|p1b: Froslass|Froslass|Froslassite
|-weather|Snowscape|[from] ability: Snow Warning|[of] p1b: Froslass
|detailschange|p2a: Floette|Floette-Mega, L50, F
|-mega|p2a: Floette|Floette|Floettite
|-ability|p2a: Floette|Fairy Aura
|move|p1a: Sneasler|Fake Out|p2b: Rotom
|-damage|p2b: Rotom|87/100
|move|p1b: Froslass|Aurora Veil|p1b: Froslass
|-sidestart|p1: f0rtecs|move: Aurora Veil
|move|p2a: Floette|Calm Mind|p2a: Floette
|-boost|p2a: Floette|spa|1
|-boost|p2a: Floette|spd|1
|cant|p2b: Rotom|flinch
|
|-weather|Snowscape|[upkeep]
|-heal|p2b: Rotom|93/100|[from] item: Leftovers
|upkeep
|turn|2
|
|t:|1785434242
|move|p2a: Floette|Protect|p2a: Floette
|-singleturn|p2a: Floette|Protect
|move|p1a: Sneasler|Dire Claw|p2a: Floette
|-activate|p2a: Floette|move: Protect
|move|p1b: Froslass|Blizzard|p2b: Rotom|[spread] p2b
|-activate|p2a: Floette|move: Protect
|-resisted|p2b: Rotom|1
|-damage|p2b: Rotom|69/100
|move|p2b: Rotom|Will-O-Wisp|p1a: Sneasler
|-status|p1a: Sneasler|brn
|
|-weather|Snowscape|[upkeep]
|-heal|p2b: Rotom|75/100|[from] item: Leftovers
|-damage|p1a: Sneasler|94/100 brn|[from] brn
|upkeep
|turn|3
|
|t:|1785434259
|switch|p2b: Incineroar|Incineroar, L50, F|100/100
|-ability|p2b: Incineroar|Intimidate|boost
|-unboost|p1a: Sneasler|atk|1
|-unboost|p1b: Froslass|atk|1
|-enditem|p1a: Sneasler|White Herb
|-clearnegativeboost|p1a: Sneasler|[silent]
|move|p1a: Sneasler|Dire Claw|p2a: Floette
|-supereffective|p2a: Floette|1
|-damage|p2a: Floette|50/100g
|-status|p2a: Floette|psn
|move|p1b: Froslass|Blizzard|p2b: Incineroar|[spread] p2a,p2b
|-resisted|p2b: Incineroar|1
|-damage|p2a: Floette|24/100 psn
|-damage|p2b: Incineroar|82/100
|move|p2a: Floette|Calm Mind|p2a: Floette
|-boost|p2a: Floette|spa|1
|-boost|p2a: Floette|spd|1
|
|-weather|Snowscape|[upkeep]
|-damage|p2a: Floette|12/100 psn|[from] psn
|-damage|p1a: Sneasler|88/100 brn|[from] brn
|upkeep
|turn|4
|
|t:|1785434277
|move|p1a: Sneasler|Protect|p1a: Sneasler
|-singleturn|p1a: Sneasler|Protect
|move|p1b: Froslass|Protect|p1b: Froslass
|-singleturn|p1b: Froslass|Protect
|move|p2a: Floette|Protect|p2a: Floette
|-singleturn|p2a: Floette|Protect
|move|p2b: Incineroar|Parting Shot|p1a: Sneasler
|-activate|p1a: Sneasler|move: Protect
|
|-weather|Snowscape|[upkeep]
|-damage|p2a: Floette|1/100 psn|[from] psn
|-damage|p1a: Sneasler|82/100 brn|[from] brn
|upkeep
|turn|5
|
|t:|1785434297
|switch|p2b: Sinistcha|Sinistcha, L50|100/100
|-heal|p2a: Floette|25/100 psn|[from] ability: Hospitality|[of] p2b: Sinistcha
|move|p1a: Sneasler|Close Combat|p2b: Sinistcha
|-immune|p2b: Sinistcha
|move|p1b: Froslass|Blizzard|p2b: Sinistcha|[spread] p2a,p2b
|-supereffective|p2b: Sinistcha|1
|-damage|p2a: Floette|6/100 psn
|-damage|p2b: Sinistcha|7/100
|move|p2a: Floette|Draining Kiss|p1b: Froslass
|-damage|p1b: Froslass|36/100
|-heal|p2a: Floette|45/100 psn|[from] drain|[of] p1b: Froslass
|
|-weather|none
|-damage|p2a: Floette|33/100 psn|[from] psn
|-damage|p1a: Sneasler|77/100 brn|[from] brn
|-sideend|p1: f0rtecs|move: Aurora Veil
|upkeep
|turn|6
|
|t:|1785434317
|switch|p2b: Incineroar|Incineroar, L50, F|82/100
|-ability|p2b: Incineroar|Intimidate|boost
|-unboost|p1a: Sneasler|atk|1
|-unboost|p1b: Froslass|atk|1
|move|p1b: Froslass|Protect|p1b: Froslass
|-singleturn|p1b: Froslass|Protect
|move|p1a: Sneasler|Dire Claw|p2a: Floette
|-supereffective|p2a: Floette|1
|-damage|p2a: Floette|1/100 psn
|-fail|p2a: Floette
|move|p2a: Floette|Draining Kiss|p1b: Froslass
|-activate|p1b: Froslass|move: Protect
|
|-damage|p2a: Floette|0 fnt|[from] psn
|faint|p2a: Floette
|-damage|p1a: Sneasler|71/100 brn|[from] brn
|upkeep
|
|t:|1785434326
|switch|p2a: Rotom|Rotom-Wash, L50|75/100
|turn|7
|
|t:|1785434341
|switch|p1b: Basculegion|Basculegion, L50, M|100/100
|move|p1a: Sneasler|Protect|p1a: Sneasler
|-singleturn|p1a: Sneasler|Protect
|move|p2a: Rotom|Hydro Pump|p1a: Sneasler
|-activate|p1a: Sneasler|move: Protect
|move|p2b: Incineroar|Flare Blitz|p1b: Basculegion
|-resisted|p1b: Basculegion|1
|-damage|p1b: Basculegion|71/100
|-status|p1b: Basculegion|brn
|-damage|p2b: Incineroar|73/100|[from] Recoil
|
|-heal|p2a: Rotom|81/100|[from] item: Leftovers
|-damage|p1a: Sneasler|65/100 brn|[from] brn
|-damage|p1b: Basculegion|65/100 brn|[from] brn
|upkeep
|turn|8
|
|t:|1785434362
|move|p1a: Sneasler|Close Combat|p2b: Incineroar
|-supereffective|p2b: Incineroar|1
|-damage|p2b: Incineroar|40/100
|-unboost|p1a: Sneasler|def|1
|-unboost|p1a: Sneasler|spd|1
|-enditem|p2b: Incineroar|Sitrus Berry|[eat]
|-heal|p2b: Incineroar|65/100|[from] item: Sitrus Berry
|move|p1b: Basculegion|Wave Crash|p2a: Rotom
|-resisted|p2a: Rotom|1
|-damage|p2a: Rotom|63/100
|-damage|p1b: Basculegion|60/100 brn|[from] Recoil
|move|p2a: Rotom|Electroweb|p1a: Sneasler|[spread] p1a,p1b
|-supereffective|p1b: Basculegion|1
|-damage|p1a: Sneasler|34/100 brn
|-damage|p1b: Basculegion|24/100 brn
|-unboost|p1a: Sneasler|spe|1
|-unboost|p1b: Basculegion|spe|1
|move|p2b: Incineroar|Parting Shot|p1b: Basculegion
|-unboost|p1b: Basculegion|atk|1
|-unboost|p1b: Basculegion|spa|1
|
|t:|1785434370
|switch|p2b: Sinistcha|Sinistcha, L50|7/100|[from] Parting Shot
|-heal|p2a: Rotom|88/100|[from] ability: Hospitality|[of] p2b: Sinistcha
|
|-heal|p2a: Rotom|94/100|[from] item: Leftovers
|-damage|p1a: Sneasler|28/100 brn|[from] brn
|-damage|p1b: Basculegion|18/100 brn|[from] brn
|upkeep
|turn|9
|inactive|f0rtecs has 30 seconds left.
|
|t:|1785434397
|move|p1a: Sneasler|Protect|p1a: Sneasler
|-singleturn|p1a: Sneasler|Protect
|move|p2a: Rotom|Protect|p2a: Rotom
|-singleturn|p2a: Rotom|Protect
|move|p1b: Basculegion|Wave Crash|p2a: Rotom
|-activate|p2a: Rotom|move: Protect
|move|p2b: Sinistcha|Matcha Gotcha|p1b: Basculegion|[spread] p1b
|-activate|p1a: Sneasler|move: Protect
|-supereffective|p1b: Basculegion|1
|-damage|p1b: Basculegion|0 fnt
|-heal|p2b: Sinistcha|17/100|[from] drain|[of] p1b: Basculegion
|faint|p1b: Basculegion
|
|-heal|p2a: Rotom|100/100|[from] item: Leftovers
|-damage|p1a: Sneasler|22/100 brn|[from] brn
|upkeep
|
|t:|1785434416
|switch|p1b: Kingambit|Kingambit, L50, M|100/100
|turn|10
|
|t:|1785434427
|switch|p1a: Froslass|Froslass-Mega, L50, F|36/100
|-weather|Snowscape|[from] ability: Snow Warning|[of] p1a: Froslass
|move|p2a: Rotom|Will-O-Wisp|p1b: Kingambit
|-status|p1b: Kingambit|brn
|move|p2b: Sinistcha|Matcha Gotcha|p1b: Kingambit|[spread] p1a,p1b
|-resisted|p1b: Kingambit|1
|-damage|p1a: Froslass|5/100
|-heal|p2b: Sinistcha|30/100|[from] drain|[of] p1a: Froslass
|-damage|p1b: Kingambit|88/100 brn
|-heal|p2b: Sinistcha|37/100|[from] drain|[of] p1b: Kingambit
|move|p1b: Kingambit|Kowtow Cleave|p2a: Rotom
|-damage|p2a: Rotom|70/100
|
|-weather|Snowscape|[upkeep]
|-heal|p2a: Rotom|76/100|[from] item: Leftovers
|-damage|p1b: Kingambit|83/100 brn|[from] brn
|upkeep
|turn|11
|
|t:|1785434450
|move|p2b: Sinistcha|Protect|p2b: Sinistcha
|-singleturn|p2b: Sinistcha|Protect
|move|p1a: Froslass|Shadow Ball|p2b: Sinistcha
|-activate|p2b: Sinistcha|move: Protect
|move|p2a: Rotom|Will-O-Wisp|p1a: Froslass
|-status|p1a: Froslass|brn
|move|p1b: Kingambit|Kowtow Cleave|p2a: Rotom
|-damage|p2a: Rotom|49/100
|
|-weather|Snowscape|[upkeep]
|-heal|p2a: Rotom|54/100|[from] item: Leftovers
|-damage|p1a: Froslass|0 fnt|[from] brn
|faint|p1a: Froslass
|-damage|p1b: Kingambit|77/100 brn|[from] brn
|upkeep
|
|t:|1785434467
|switch|p1a: Sneasler|Sneasler, L50, F|22/100 brn
|turn|12
|
|t:|1785434476
|move|p1a: Sneasler|Fake Out|p2a: Rotom
|-damage|p2a: Rotom|48/100
|cant|p2a: Rotom|flinch
|move|p2b: Sinistcha|Matcha Gotcha|p1a: Sneasler|[spread] p1a,p1b
|-resisted|p1a: Sneasler|1
|-resisted|p1b: Kingambit|1
|-damage|p1a: Sneasler|5/100 brn
|-heal|p2b: Sinistcha|45/100|[from] drain|[of] p1a: Sneasler
|-damage|p1b: Kingambit|64/100 brn
|-heal|p2b: Sinistcha|53/100|[from] drain|[of] p1b: Kingambit
|move|p1b: Kingambit|Kowtow Cleave|p2b: Sinistcha
|-supereffective|p2b: Sinistcha|1
|-damage|p2b: Sinistcha|3/100
|
|-weather|Snowscape|[upkeep]
|-heal|p2a: Rotom|54/100|[from] item: Leftovers
|-damage|p1a: Sneasler|0 fnt|[from] brn
|faint|p1a: Sneasler
|-damage|p1b: Kingambit|58/100 brn|[from] brn
|upkeep
|turn|13
|
|t:|1785434497
|move|p2b: Sinistcha|Rage Powder|p2b: Sinistcha
|-singleturn|p2b: Sinistcha|move: Rage Powder
|move|p1b: Kingambit|Sucker Punch||[still]
|-fail|p1b: Kingambit
|move|p2a: Rotom|Hydro Pump|p1b: Kingambit
|-damage|p1b: Kingambit|21/100 brn
|
|-weather|Snowscape|[upkeep]
|-heal|p2a: Rotom|60/100|[from] item: Leftovers
|-damage|p1b: Kingambit|15/100 brn|[from] brn
|upkeep
|turn|14
|-message|f0rtecs forfeited.
|
|win|breloomb01
|l|☆f0rtecs
|player|p1|
||f0rtecs is ready for game 3.
||breloomb01 is ready for game 3.
|uhtml|next|Next: Game 3 of 3
