|j|☆fanman64
|j|☆noriaki kasai
|html|fanman64noriaki kasai    
|uhtml|bestof|Game 2 of a best-of-3
|t:|1757021907
|gametype|doubles
|player|p1|fanman64|volkner|1221
|player|p2|noriaki kasai|swimmer-gen4dp|1312
|gen|9
|tier|[Gen 9] VGC 2025 Reg H (Bo3)
|rated|
|rule|Species Clause: Limit one of each Pokémon
|rule|Item Clause: Limit 1 of each item
|clearpoke
|poke|p1|Kommo-o, L50, M|
|poke|p1|Sinistcha, L50|
|poke|p1|Ninetales-Alola, L50, F|
|poke|p1|Ursaluna, L50, M|
|poke|p1|Incineroar, L50, F|
|poke|p1|Kilowattrel, L50, F|
|poke|p2|Annihilape, L50, F|
|poke|p2|Sinistcha, L50|
|poke|p2|Maushold-Four, L50|
|poke|p2|Klefki, L50, M|
|poke|p2|Ursaluna-Bloodmoon, L50, M|
|poke|p2|Ninetales-Alola, L50, F|
|teampreview|4
|showteam|p1|Kommo-o||ThroatSpray|Soundproof|ClangingScales,Flamethrower,Protect,ClangorousSoul|||M|||50|,,,,,Fire]Sinistcha||SitrusBerry|Hospitality|MatchaGotcha,RagePowder,ShadowBall,TrickRoom||||||50|,,,,,Water]Ninetales-Alola||CovertCloak|SnowWarning|Blizzard,IcyWind,AuroraVeil,Protect|||F|||50|,,,,,Fire]Ursaluna||FlameOrb|Guts|Earthquake,HeadlongRush,Facade,Protect|||M|||50|,,,,,Ghost]Incineroar||AssaultVest|Intimidate|FlareBlitz,KnockOff,FakeOut,Uturn|||F|||50|,,,,,Grass]Kilowattrel||FocusSash|Competitive|Thunderbolt,AirSlash,Tailwind,Protect|||F|||50|,,,,,Ghost
|showteam|p2|Annihilape||Leftovers|Defiant|Protect,BulkUp,DrainPunch,RageFist|||F|||50|,,,,,Fire]Sinistcha||SitrusBerry|Hospitality|MatchaGotcha,TrickRoom,LifeDew,RagePowder||||||50|,,,,,Water]Maushold-Four||FocusSash|FriendGuard|FollowMe,Taunt,BeatUp,Protect||||||50|,,,,,Ghost]Klefki||LightClay|Prankster|Reflect,LightScreen,MistyTerrain,DazzlingGleam|||M|||50|,,,,,Ghost]Ursaluna-Bloodmoon||AssaultVest|MindsEye|BloodMoon,HyperVoice,EarthPower,VacuumWave|||M|||50|,,,,,Water]Ninetales-Alola||ChoiceSpecs|SnowWarning|Blizzard,IcyWind,FreezeDry,Moonblast|||F|||50|,,,,,Ghost
|inactive|Battle timer is ON: inactive players will automatically lose when time's up. (requested by noriaki kasai)
|
|t:|1757021942
|teamsize|p1|4
|teamsize|p2|4
|start
|switch|p1a: Kommo-o|Kommo-o, L50, M|100/100
|switch|p1b: Incineroar|Incineroar, L50, F|100/100
|switch|p2a: Klefki|Klefki, L50, M|100/100
|switch|p2b: Ursaluna|Ursaluna-Bloodmoon, L50, M|100/100
|-ability|p1b: Incineroar|Intimidate|boost
|-unboost|p2a: Klefki|atk|1
|-unboost|p2b: Ursaluna|atk|1
|turn|1
|inactive|fanman64 has 30 seconds left.
|inactive|noriaki kasai has 30 seconds left.
|inactive|noriaki kasai has 20 seconds left.
|inactive|noriaki kasai has 15 seconds left.
|inactive|noriaki kasai has 10 seconds left.
|inactive|noriaki kasai has 5 seconds left.
|
|t:|1757021995
|move|p1b: Incineroar|Fake Out|p2b: Ursaluna
|-damage|p2b: Ursaluna|92/100
|move|p2a: Klefki|Reflect|p2a: Klefki
|-sidestart|p2: noriaki kasai|Reflect
|move|p1a: Kommo-o|Clangorous Soul|p1a: Kommo-o
|-boost|p1a: Kommo-o|atk|1
|-boost|p1a: Kommo-o|def|1
|-boost|p1a: Kommo-o|spa|1
|-boost|p1a: Kommo-o|spd|1
|-boost|p1a: Kommo-o|spe|1
|-damage|p1a: Kommo-o|68/100
|-enditem|p1a: Kommo-o|Throat Spray
|-boost|p1a: Kommo-o|spa|1|[from] item: Throat Spray
|cant|p2b: Ursaluna|flinch
|
|upkeep
|turn|2
|inactive|fanman64 has 30 seconds left.
|inactive|fanman64 has 20 seconds left.
|
|t:|1757022034
|move|p2a: Klefki|Light Screen|p2a: Klefki
|-sidestart|p2: noriaki kasai|move: Light Screen
|move|p1a: Kommo-o|Clanging Scales|p2a: Klefki|[spread] p2b
|-immune|p2a: Klefki
|-damage|p2b: Ursaluna|58/100
|-unboost|p1a: Kommo-o|def|1
|move|p1b: Incineroar|Flare Blitz|p2a: Klefki
|-supereffective|p2a: Klefki
|-damage|p2a: Klefki|18/100
|-status|p2a: Klefki|brn
|-damage|p1b: Incineroar|78/100|[from] Recoil
|move|p2b: Ursaluna|Blood Moon|p1a: Kommo-o
|-damage|p1a: Kommo-o|11/100
|
|-damage|p2a: Klefki|11/100 brn|[from] brn
|upkeep
|turn|3
|inactive|fanman64 has 30 seconds left.
|inactive|noriaki kasai has 30 seconds left.
|inactive|fanman64 has 20 seconds left.
|inactive|noriaki kasai has 20 seconds left.
|inactive|noriaki kasai has 15 seconds left.
|inactive|fanman64 has 15 seconds left.
|inactive|noriaki kasai has 10 seconds left.
|
|t:|1757022082
|move|p1a: Kommo-o|Protect|p1a: Kommo-o
|-singleturn|p1a: Kommo-o|Protect
|move|p2a: Klefki|Misty Terrain|p2a: Klefki
|-fieldstart|move: Misty Terrain
|move|p2b: Ursaluna|Vacuum Wave|p1a: Kommo-o
|-activate|p1a: Kommo-o|move: Protect
|move|p1b: Incineroar|Knock Off|p2b: Ursaluna
|-damage|p2b: Ursaluna|37/100
|-enditem|p2b: Ursaluna|Assault Vest|[from] move: Knock Off|[of] p1b: Incineroar
|
|-damage|p2a: Klefki|5/100 brn|[from] brn
|upkeep
|turn|4
|
|t:|1757022102
|switch|p1b: Sinistcha|Sinistcha, L50|100/100
|-heal|p1a: Kommo-o|36/100|[from] ability: Hospitality|[of] p1b: Sinistcha
|-terastallize|p1a: Kommo-o|Fire
|move|p2b: Ursaluna|Vacuum Wave|p1a: Kommo-o
|-damage|p1a: Kommo-o|26/100
|move|p1a: Kommo-o|Flamethrower|p2b: Ursaluna
|-crit|p2b: Ursaluna
|-damage|p2b: Ursaluna|0 fnt
|faint|p2b: Ursaluna
|move|p2a: Klefki|Dazzling Gleam|p1a: Kommo-o|[spread] p1a,p1b
|-resisted|p1a: Kommo-o
|-damage|p1a: Kommo-o|20/100
|-damage|p1b: Sinistcha|85/100
|
|-damage|p2a: Klefki|0 fnt|[from] brn
|faint|p2a: Klefki
|upkeep
|
|t:|1757022112
|switch|p2a: Sinistcha|Sinistcha, L50|100/100
|switch|p2b: Ninetales|Ninetales-Alola, L50, F, shiny|100/100
|-weather|Snowscape|[from] ability: Snow Warning|[of] p2b: Ninetales
|turn|5
|inactive|fanman64 has 30 seconds left.
|inactive|fanman64 has 20 seconds left.
|inactive|fanman64 has 15 seconds left.
|inactive|fanman64 has 10 seconds left.
|
|t:|1757022160
|-terastallize|p2a: Sinistcha|Water
|move|p1a: Kommo-o|Protect|p1a: Kommo-o
|-singleturn|p1a: Kommo-o|Protect
|move|p2a: Sinistcha|Rage Powder|p2a: Sinistcha
|-singleturn|p2a: Sinistcha|move: Rage Powder
|move|p2b: Ninetales|Blizzard|p1a: Kommo-o|[spread] p1b
|-activate|p1a: Kommo-o|move: Protect
|-supereffective|p1b: Sinistcha
|-damage|p1b: Sinistcha|0 fnt
|faint|p1b: Sinistcha
|
|-weather|Snowscape|[upkeep]
|upkeep
|
|t:|1757022170
|switch|p1b: Incineroar|Incineroar, L50, F|78/100
|-ability|p1b: Incineroar|Intimidate|boost
|-unboost|p2a: Sinistcha|atk|1
|-unboost|p2b: Ninetales|atk|1
|turn|6
|inactive|noriaki kasai has 30 seconds left.
|
|t:|1757022205
|move|p1b: Incineroar|Fake Out|p2b: Ninetales
|-damage|p2b: Ninetales|92/100
|move|p2a: Sinistcha|Rage Powder|p2a: Sinistcha
|-singleturn|p2a: Sinistcha|move: Rage Powder
|move|p1a: Kommo-o|Flamethrower|p2a: Sinistcha
|-resisted|p2a: Sinistcha
|-damage|p2a: Sinistcha|71/100
|cant|p2b: Ninetales|flinch
|
|-weather|Snowscape|[upkeep]
|upkeep
|turn|7
|
|t:|1757022226
|move|p1a: Kommo-o|Protect|p1a: Kommo-o
|-singleturn|p1a: Kommo-o|Protect
|move|p2a: Sinistcha|Rage Powder|p2a: Sinistcha
|-singleturn|p2a: Sinistcha|move: Rage Powder
|move|p2b: Ninetales|Blizzard|p1b: Incineroar|[spread] p1b
|-activate|p1a: Kommo-o|move: Protect
|-resisted|p1b: Incineroar
|-damage|p1b: Incineroar|64/100
|move|p1b: Incineroar|Knock Off|p2a: Sinistcha
|-damage|p2a: Sinistcha|48/100
|-enditem|p2a: Sinistcha|Sitrus Berry|[from] move: Knock Off|[of] p1b: Incineroar
|
|-weather|Snowscape|[upkeep]
|-fieldend|Misty Terrain
|upkeep
|turn|8
|
|t:|1757022244
|move|p2a: Sinistcha|Rage Powder|p2a: Sinistcha
|-singleturn|p2a: Sinistcha|move: Rage Powder
|move|p1a: Kommo-o|Clanging Scales|p2b: Ninetales|[spread] p2a
|-immune|p2b: Ninetales
|-damage|p2a: Sinistcha|0 fnt
|faint|p2a: Sinistcha
|-unboost|p1a: Kommo-o|def|1
|move|p2b: Ninetales|Blizzard|p1b: Incineroar|[spread] p1a,p1b
|-resisted|p1a: Kommo-o
|-resisted|p1b: Incineroar
|-damage|p1a: Kommo-o|2/100
|-damage|p1b: Incineroar|52/100
|-status|p1b: Incineroar|frz
|-curestatus|p1b: Incineroar|frz|[from] move: Flare Blitz
|move|p1b: Incineroar|Flare Blitz|p2b: Ninetales
|-supereffective|p2b: Ninetales
|-damage|p2b: Ninetales|15/100
|-damage|p1b: Incineroar|33/100|[from] Recoil
|
|-weather|Snowscape|[upkeep]
|-sideend|p2: noriaki kasai|Reflect
|upkeep
|turn|9
|
|t:|1757022258
|move|p1a: Kommo-o|Flamethrower|p2b: Ninetales
|-supereffective|p2b: Ninetales
|-damage|p2b: Ninetales|0 fnt
|faint|p2b: Ninetales
|
|win|fanman64
|raw|fanman64's rating: 1221 → 1252(+31 for winning)
|raw|noriaki kasai's rating: 1312 → 1287(-25 for losing)
