|j|â˜†Gabeeel
|j|â˜†OceanicGamer
|html|GabeeelOceanicGamer    
|uhtml|bestof|Game 2 of a best-of-3
|t:|1783201954
|gametype|doubles
|player|p1|Gabeeel|iris|
|player|p2|OceanicGamer|#agwliiikyogres|
|gen|9
|tier|[Gen 9 Champions] VGC 2026 Reg M-B (Bo3)
|rule|Species Clause: Limit one of each PokÃ©mon
|rule|Item Clause: Limit 1 of each item
|clearpoke
|poke|p1|Scrafty, L50, F|
|poke|p1|Slowking-Galar, L50, F|
|poke|p1|Palafin, L50, M|
|poke|p1|Volcarona, L50, M|
|poke|p1|Meowscarada, L50, F|
|poke|p1|Metagross, L50|
|poke|p2|Tyranitar, L50, F, shiny|
|poke|p2|Excadrill, L50, M, shiny|
|poke|p2|Talonflame, L50, F, shiny|
|poke|p2|Rotom-Mow, L50, shiny|
|poke|p2|Tinkaton, L50, F|
|poke|p2|Samurott-Hisui, L50, M|
|teampreview|4
|showteam|p1|Scrafty||Scraftinite|Intimidate|FakeOut,KnockOff,DrainPunch,SwordsDance|Adamant||F|||50|]Slowking-Galar||LifeOrb|Regenerator|SludgeBomb,Psychic,TrickRoom,Protect|Quiet||F|||50|]Palafin||MysticWater|ZerotoHero|WaveCrash,FlipTurn,JetPunch,Protect|Adamant||M|||50|]Volcarona||Leftovers|FlameBody|HeatWave,GigaDrain,QuiverDance,Protect|Modest||M|||50|]Meowscarada||FocusSash|Overgrow|FlowerTrick,KnockOff,SuckerPunch,Protect|Jolly||F|||50|]Metagross||MetalCoat|ClearBody|BulletPunch,IronHead,PsychicFangs,Protect|Adamant|||||50|
|showteam|p2|Tyranitar||Tyranitarite|SandStream|Protect,RockSlide,KnockOff,LowKick|Adamant||F|||50|]Excadrill||FocusSash|SandRush|HighHorsepower,IronHead,SwordsDance,Protect|Adamant||M|||50|]Talonflame||LifeOrb|GaleWings|FlareBlitz,BraveBird,Protect,Tailwind|Adamant||F|||50|]Rotom-Mow||SitrusBerry|Levitate|LeafStorm,Electroweb,WillOWisp,Protect|Modest|||||50|]Tinkaton||MetalCoat|OwnTempo|FakeOut,GigatonHammer,PlayRough,Protect|Jolly||F|||50|]Samurott-Hisui||BlackGlasses|Sharpness|CeaselessEdge,SuckerPunch,RazorShell,Protect|Jolly||M|||50|
|inactive|Battle timer is ON: inactive players will automatically lose when time's up. (requested by OceanicGamer)
|inactive|OceanicGamer has 60 seconds left.
|inactive|OceanicGamer has 30 seconds left.
|inactive|OceanicGamer has 20 seconds left.
|inactive|OceanicGamer has 15 seconds left.
|inactive|OceanicGamer has 10 seconds left.
|
|t:|1783202039
|teamsize|p1|4
|teamsize|p2|4
|start
|switch|p1a: Slowking|Slowking-Galar, L50, F|100/100
|switch|p1b: Palafin|Palafin, L50, M|100/100
|switch|p2a: Tyranitar|Tyranitar, L50, F, shiny|100/100
|switch|p2b: Talonflame|Talonflame, L50, F, shiny|100/100
|-weather|Sandstorm|[from] ability: Sand Stream|[of] p2a: Tyranitar
|turn|1
|c|â˜†OceanicGamer|hf
|inactive|Gabeeel has 30 seconds left.
|
|t:|1783202065
|switch|p1a: Scrafty|Scrafty, L50, F|100/100
|-ability|p1a: Scrafty|Intimidate|boost
|-unboost|p2a: Tyranitar|atk|1
|-unboost|p2b: Talonflame|atk|1
|move|p2b: Talonflame|Brave Bird|p1b: Palafin
|-damage|p1b: Palafin|48/100
|-damage|p2b: Talonflame|78/100|[from] Recoil
|-damage|p2b: Talonflame|69/100|[from] item: Life Orb
|move|p1b: Palafin|Flip Turn|p2b: Talonflame
|-supereffective|p2b: Talonflame|1
|-damage|p2b: Talonflame|0 fnt
|faint|p2b: Talonflame
|
|t:|1783202081
|detailschange|p1b: Palafin|Palafin-Hero, L50, M
|switch|p1b: Meowscarada|Meowscarada, L50, F|100/100|[from] Flip Turn
|move|p2a: Tyranitar|Knock Off|p1b: Meowscarada
|-resisted|p1b: Meowscarada|1
|-damage|p1b: Meowscarada|68/100
|-enditem|p1b: Meowscarada|Focus Sash|[from] move: Knock Off|[of] p2a: Tyranitar
|
|-weather|Sandstorm|[upkeep]
|-damage|p1b: Meowscarada|62/100|[from] Sandstorm
|-damage|p1a: Scrafty|94/100|[from] Sandstorm
|upkeep
|
|t:|1783202095
|switch|p2b: Rotom|Rotom-Mow, L50, shiny|100/100
|turn|2
|
|t:|1783202105
|switch|p1a: Slowking|Slowking-Galar, L50, F|100/100
|move|p2b: Rotom|Protect|p2b: Rotom
|-singleturn|p2b: Rotom|Protect
|move|p2a: Tyranitar|Protect|p2a: Tyranitar
|-singleturn|p2a: Tyranitar|Protect
|move|p1b: Meowscarada|Knock Off|p2b: Rotom
|-activate|p2b: Rotom|move: Protect
|
|-weather|Sandstorm|[upkeep]
|-damage|p1b: Meowscarada|56/100|[from] Sandstorm
|-damage|p2b: Rotom|94/100|[from] Sandstorm
|-damage|p1a: Slowking|93/100|[from] Sandstorm
|upkeep
|turn|3
|c|â˜†Gabeeel|miss click?
|c|â˜†OceanicGamer|from u or me
|c|â˜†Gabeeel|oh
|c|â˜†Gabeeel|lol
|inactive|Gabeeel has 30 seconds left.
|inactive|OceanicGamer has 30 seconds left.
|c|â˜†Gabeeel|im crazy
|c|â˜†OceanicGamer|did i do smth wrong
|c|â˜†Gabeeel|i read wong
|c|â˜†Gabeeel|kkkkkkkkkk
|inactive|Gabeeel has 20 seconds left.
|inactive|OceanicGamer has 20 seconds left.
|inactive|Gabeeel has 15 seconds left.
|
|t:|1783202148
|detailschange|p2a: Tyranitar|Tyranitar-Mega, L50, F, shiny
|-mega|p2a: Tyranitar|Tyranitar|Tyranitarite
|move|p1a: Slowking|Protect|p1a: Slowking
|-singleturn|p1a: Slowking|Protect
|move|p1b: Meowscarada|Knock Off|p2b: Rotom
|-damage|p2b: Rotom|51/100
|-enditem|p2b: Rotom|Sitrus Berry|[from] move: Knock Off|[of] p1b: Meowscarada
|move|p2b: Rotom|Will-O-Wisp|p1b: Meowscarada|[miss]
|-miss|p2b: Rotom|p1b: Meowscarada
|move|p2a: Tyranitar|Knock Off|p1a: Slowking
|-activate|p1a: Slowking|move: Protect
|
|-weather|Sandstorm|[upkeep]
|-damage|p1b: Meowscarada|50/100g|[from] Sandstorm
|-damage|p2b: Rotom|45/100|[from] Sandstorm
|-damage|p1a: Slowking|87/100|[from] Sandstorm
|upkeep
|turn|4
|c|â˜†OceanicGamer|sigh
|inactive|OceanicGamer has 30 seconds left.
|
|t:|1783202182
|-heal|p1a: Slowking|100/100|[from] ability: Regenerator|[silent]
|switch|p1a: Scrafty|Scrafty, L50, F|94/100
|-ability|p1a: Scrafty|Intimidate|boost
|-unboost|p2a: Tyranitar|atk|1
|-unboost|p2b: Rotom|atk|1
|move|p1b: Meowscarada|Flower Trick|p2a: Tyranitar
|-supereffective|p2a: Tyranitar|1
|-crit|p2a: Tyranitar
|-damage|p2a: Tyranitar|39/100
|move|p2b: Rotom|Will-O-Wisp|p1a: Scrafty
|-status|p1a: Scrafty|brn
|move|p2a: Tyranitar|Rock Slide|p1a: Scrafty|[spread] p1a,p1b
|-resisted|p1a: Scrafty|1
|-damage|p1a: Scrafty|86/100 brn
|-damage|p1b: Meowscarada|22/100
|
|-weather|Sandstorm|[upkeep]
|-damage|p1b: Meowscarada|16/100|[from] Sandstorm
|-damage|p2b: Rotom|40/100|[from] Sandstorm
|-damage|p1a: Scrafty|80/100 brn|[from] Sandstorm
|-damage|p1a: Scrafty|74/100 brn|[from] brn
|upkeep
|turn|5
|inactive|OceanicGamer has 30 seconds left.
|inactive|OceanicGamer has 20 seconds left.
|inactive|OceanicGamer has 15 seconds left.
|inactive|OceanicGamer has 10 seconds left.
|
|t:|1783202229
|move|p2b: Rotom|Protect|p2b: Rotom
|-singleturn|p2b: Rotom|Protect
|move|p2a: Tyranitar|Protect|p2a: Tyranitar
|-singleturn|p2a: Tyranitar|Protect
|move|p1b: Meowscarada|Flower Trick|p2a: Tyranitar
|-activate|p2a: Tyranitar|move: Protect
|move|p1a: Scrafty|Swords Dance|p1a: Scrafty
|-boost|p1a: Scrafty|atk|2
|
|-weather|none
|-damage|p1a: Scrafty|68/100 brn|[from] brn
|upkeep
|turn|6
|j| slitherwingfan6
|
|t:|1783202250
|switch|p2a: Excadrill|Excadrill, L50, M, shiny|100/100
|detailschange|p1a: Scrafty|Scrafty-Mega, L50, F
|-mega|p1a: Scrafty|Scrafty|Scraftinite
|-ability|p1a: Scrafty|Intimidate|boost
|-unboost|p2a: Excadrill|atk|1
|-unboost|p2b: Rotom|atk|1
|move|p1b: Meowscarada|Flower Trick|p2a: Excadrill
|-crit|p2a: Excadrill
|-enditem|p2a: Excadrill|Focus Sash
|-damage|p2a: Excadrill|1/100
|move|p2b: Rotom|Electroweb|p1a: Scrafty|[spread] p1a,p1b
|-resisted|p1b: Meowscarada|1
|-damage|p1a: Scrafty|54/100 brn
|-damage|p1b: Meowscarada|3/100
|-unboost|p1a: Scrafty|spe|1
|-unboost|p1b: Meowscarada|spe|1
|move|p1a: Scrafty|Drain Punch|p2a: Excadrill
|-supereffective|p2a: Excadrill|1
|-damage|p2a: Excadrill|0 fnt
|-heal|p1a: Scrafty|55/100 brn|[from] drain|[of] p2a: Excadrill
|faint|p2a: Excadrill
|
|-damage|p1a: Scrafty|49/100 brn|[from] brn
|upkeep
|
|t:|1783202264
|switch|p2a: Tyranitar|Tyranitar-Mega, L50, F, shiny|39/100
|-weather|Sandstorm|[from] ability: Sand Stream|[of] p2a: Tyranitar
|turn|7
|c|â˜†OceanicGamer|i need that will-o hit
|c|â˜†OceanicGamer|:(
|
|t:|1783202282
|move|p2b: Rotom|Protect|p2b: Rotom
|-singleturn|p2b: Rotom|Protect
|move|p2a: Tyranitar|Protect|p2a: Tyranitar
|-singleturn|p2a: Tyranitar|Protect
|move|p1b: Meowscarada|Flower Trick|p2a: Tyranitar
|-activate|p2a: Tyranitar|move: Protect
|move|p1a: Scrafty|Drain Punch|p2b: Rotom
|-activate|p2b: Rotom|move: Protect
|
|-weather|Sandstorm|[upkeep]
|-damage|p1b: Meowscarada|0 fnt|[from] Sandstorm
|-damage|p2b: Rotom|34/100|[from] Sandstorm
|-damage|p1a: Scrafty|43/100 brn|[from] Sandstorm
|faint|p1b: Meowscarada
|-damage|p1a: Scrafty|37/100 brn|[from] brn
|upkeep
|
|t:|1783202290
|switch|p1b: Palafin|Palafin-Hero, L50, M|48/100
|-activate|p1b: Palafin|ability: Zero to Hero
|turn|8
|
|t:|1783202307
|move|p2a: Tyranitar|Protect||[still]
|-fail|p2a: Tyranitar
|move|p1b: Palafin|Wave Crash|p2a: Tyranitar
|-supereffective|p2a: Tyranitar|1
|-damage|p2a: Tyranitar|0 fnt
|faint|p2a: Tyranitar
|-damage|p1b: Palafin|34/100|[from] Recoil
|move|p2b: Rotom|Leaf Storm|p1b: Palafin
|-supereffective|p1b: Palafin|1
|-damage|p1b: Palafin|0 fnt
|-unboost|p2b: Rotom|spa|2
|faint|p1b: Palafin
|move|p1a: Scrafty|Drain Punch|p2b: Rotom
|-damage|p2b: Rotom|0 fnt
|-heal|p1a: Scrafty|53/100 brn|[from] drain|[of] p2b: Rotom
|faint|p2b: Rotom
|
|win|Gabeeel
||Gabeeel is ready for game 3.
|c|â˜†OceanicGamer|man
|inactive|OceanicGamer has 30 seconds to confirm battle start!
||OceanicGamer is ready for game 3.
|uhtml|next|Next: Game 3 of 3
|l| slitherwingfan6
