|j|☆arkhept
|j|☆nikolasnaiz
|html|arkheptnikolasnaiz    
|uhtml|bestof|Game 2 of a best-of-3
|t:|1755946539
|gametype|doubles
|player|p1|arkhept|misty|1229
|player|p2|nikolasnaiz|larry|1321
|gen|9
|tier|[Gen 9] VGC 2025 Reg H (Bo3)
|rated|
|rule|Species Clause: Limit one of each Pokémon
|rule|Item Clause: Limit 1 of each item
|clearpoke
|poke|p1|Frosmoth, L50, F|
|poke|p1|Ninetales-Alola, L50, M|
|poke|p1|Volcarona, L50, M|
|poke|p1|Amoonguss, L50, F|
|poke|p1|Primarina, L50, M|
|poke|p1|Garchomp, L50, F|
|poke|p2|Dragonite, L50, M|
|poke|p2|Ursaluna-Bloodmoon, L50, M|
|poke|p2|Annihilape, L50, F|
|poke|p2|Volcarona, L50, M|
|poke|p2|Rillaboom, L50, M|
|poke|p2|Incineroar, L50, M|
|teampreview|4
|showteam|p1|Frosmoth||Leftovers|IceScales|Blizzard,TeraBlast,QuiverDance,Protect|||F|||50|,,,,,Water]Ninetales-Alola||CovertCloak|SnowWarning|FreezeDry,AuroraVeil,Disable,Encore|||M|||50|,,,,,Ghost]Volcarona||SitrusBerry|FlameBody|HeatWave,StruggleBug,RagePowder,Tailwind|||M|||50|,,,,,Grass]Amoonguss||RockyHelmet|Regenerator|PollenPuff,ClearSmog,RagePowder,Spore|||F|||50|,,,,,Fairy]Primarina||ChoiceSpecs|LiquidVoice|HyperVoice,Moonblast,DazzlingGleam,Haze|||M|||50|,,,,,Poison]Garchomp||LoadedDice|RoughSkin|StompingTantrum,ScaleShot,SwordsDance,Protect|||F|||50|,,,,,Steel
|showteam|p2|Dragonite||LoadedDice|Multiscale|Protect,ScaleShot,Tailwind,Haze|||M|||50|,,,,,Steel]Ursaluna-Bloodmoon||FocusSash|MindsEye|Protect,BloodMoon,EarthPower,HyperVoice|||M|||50|,,,,,Normal]Annihilape||LumBerry|Defiant|Protect,RageFist,CloseCombat,Taunt|||F|||50|,,,,,Fire]Volcarona||CovertCloak|FlameBody|Protect,QuiverDance,HeatWave,TeraBlast|||M|||50|,,,,,Fairy]Rillaboom||AssaultVest|GrassySurge|FakeOut,WoodHammer,GrassyGlide,HighHorsepower|||M|||50|,,,,,Fire]Incineroar||SafetyGoggles|Intimidate|FakeOut,PartingShot,FlareBlitz,KnockOff|||M|||50|,,,,,Ghost
|inactive|Battle timer is ON: inactive players will automatically lose when time's up. (requested by nikolasnaiz)
|
|t:|1755946559
|teamsize|p1|4
|teamsize|p2|4
|start
|switch|p1a: Frosmoth|Frosmoth, L50, F|100/100
|switch|p1b: Ninetales|Ninetales-Alola, L50, M|100/100
|switch|p2a: Annihilape|Annihilape, L50, F, shiny|100/100
|switch|p2b: Volcarona|Volcarona, L50, M|100/100
|-weather|Snowscape|[from] ability: Snow Warning|[of] p1b: Ninetales
|turn|1
|
|t:|1755946574
|move|p1b: Ninetales|Encore||[still]
|-fail|p1b: Ninetales
|move|p2a: Annihilape|Taunt|p1b: Ninetales
|-start|p1b: Ninetales|move: Taunt
|move|p2b: Volcarona|Quiver Dance|p2b: Volcarona
|-boost|p2b: Volcarona|spa|1
|-boost|p2b: Volcarona|spd|1
|-boost|p2b: Volcarona|spe|1
|move|p1a: Frosmoth|Quiver Dance|p1a: Frosmoth
|-boost|p1a: Frosmoth|spa|1
|-boost|p1a: Frosmoth|spd|1
|-boost|p1a: Frosmoth|spe|1
|
|-weather|Snowscape|[upkeep]
|upkeep
|turn|2
|
|t:|1755946588
|switch|p1b: Volcarona|Volcarona, L50, M|100/100
|move|p2b: Volcarona|Quiver Dance|p2b: Volcarona
|-boost|p2b: Volcarona|spa|1
|-boost|p2b: Volcarona|spd|1
|-boost|p2b: Volcarona|spe|1
|move|p2a: Annihilape|Taunt|p1a: Frosmoth
|-start|p1a: Frosmoth|move: Taunt
|cant|p1a: Frosmoth|move: Taunt|Quiver Dance
|
|-weather|Snowscape|[upkeep]
|upkeep
|turn|3
|
|t:|1755946610
|-terastallize|p1a: Frosmoth|Water
|move|p2b: Volcarona|Quiver Dance|p2b: Volcarona
|-boost|p2b: Volcarona|spa|1
|-boost|p2b: Volcarona|spd|1
|-boost|p2b: Volcarona|spe|1
|move|p1b: Volcarona|Tailwind|p1b: Volcarona
|-sidestart|p1: arkhept|move: Tailwind
|move|p1a: Frosmoth|Tera Blast|p2b: Volcarona|[anim] Tera Blast Water
|-supereffective|p2b: Volcarona
|-damage|p2b: Volcarona|60/100
|move|p2a: Annihilape|Close Combat|p1a: Frosmoth
|-damage|p1a: Frosmoth|43/100
|-unboost|p2a: Annihilape|def|1
|-unboost|p2a: Annihilape|spd|1
|
|-weather|Snowscape|[upkeep]
|-heal|p1a: Frosmoth|49/100|[from] item: Leftovers
|upkeep
|turn|4
|
|t:|1755946621
|-terastallize|p2b: Volcarona|Fairy
|move|p2b: Volcarona|Heat Wave|p1a: Frosmoth|[spread] p1a,p1b
|-resisted|p1a: Frosmoth
|-crit|p1a: Frosmoth
|-damage|p1a: Frosmoth|12/100
|-damage|p1b: Volcarona|30/100
|-status|p1a: Frosmoth|brn
|-enditem|p1b: Volcarona|Sitrus Berry|[eat]
|-heal|p1b: Volcarona|55/100|[from] item: Sitrus Berry
|move|p1b: Volcarona|Heat Wave|p2a: Annihilape|[spread] p2a,p2b
|-damage|p2a: Annihilape|61/100
|-damage|p2b: Volcarona|48/100
|move|p1a: Frosmoth|Blizzard|p2b: Volcarona|[spread] p2a,p2b
|-damage|p2a: Annihilape|0 fnt
|-damage|p2b: Volcarona|27/100
|faint|p2a: Annihilape
|
|-weather|Snowscape|[upkeep]
|-heal|p1a: Frosmoth|18/100 brn|[from] item: Leftovers
|-damage|p1a: Frosmoth|12/100 brn|[from] brn
|-end|p1a: Frosmoth|move: Taunt
|upkeep
|
|t:|1755946638
|switch|p2a: Incineroar|Incineroar, L50, M, shiny|100/100
|-ability|p2a: Incineroar|Intimidate|boost
|-unboost|p1a: Frosmoth|atk|1
|-unboost|p1b: Volcarona|atk|1
|turn|5
|
|t:|1755946646
|move|p2a: Incineroar|Fake Out|p1a: Frosmoth
|-damage|p1a: Frosmoth|0 fnt
|faint|p1a: Frosmoth
|move|p2b: Volcarona|Heat Wave|p1b: Volcarona
|-damage|p1b: Volcarona|0 fnt
|faint|p1b: Volcarona
|
|-weather|none
|upkeep
|
|t:|1755946652
|switch|p1b: Garchomp|Garchomp, L50, F|100/100
|switch|p1a: Ninetales|Ninetales-Alola, L50, M|100/100
|-weather|Snowscape|[from] ability: Snow Warning|[of] p1a: Ninetales
|turn|6
|inactive|arkhept has 30 seconds left.
|
|t:|1755946680
|move|p2b: Volcarona|Heat Wave|p1b: Garchomp|[spread] p1a,p1b
|-supereffective|p1a: Ninetales
|-resisted|p1b: Garchomp
|-damage|p1a: Ninetales|0 fnt
|-damage|p1b: Garchomp|60/100
|faint|p1a: Ninetales
|move|p1b: Garchomp|Stomping Tantrum|p2a: Incineroar
|-supereffective|p2a: Incineroar
|-damage|p2a: Incineroar|22/100
|move|p2a: Incineroar|Parting Shot|p1b: Garchomp
|-unboost|p1b: Garchomp|atk|1
|-unboost|p1b: Garchomp|spa|1
|-message|arkhept forfeited.
|
|win|nikolasnaiz
|raw|arkhept's rating: 1229 → 1210(-19 for losing)
|raw|nikolasnaiz's rating: 1321 → 1336(+15 for winning)
|l|☆arkhept
|player|p1|
