|j|☆Ferran Tiburon
|j|☆efwefwefwefweifier
|html|Ferran Tiburonefwefwefwefweifier    
|uhtml|bestof|Game 1 of a best-of-3
|t:|1784792699
|gametype|doubles
|player|p1|Ferran Tiburon|265|1281
|player|p2|efwefwefwefweifier|clown|1335
|gen|9
|tier|[Gen 9 Champions] VGC 2026 Reg M-B (Bo3)
|rated|
|rule|Species Clause: Limit one of each Pokémon
|rule|Item Clause: Limit 1 of each item
|clearpoke
|poke|p1|Hydreigon, L50, F|
|poke|p1|Charizard, L50, F|
|poke|p1|Toxapex, L50, M|
|poke|p1|Incineroar, L50, F|
|poke|p1|Venusaur, L50, F|
|poke|p1|Garchomp, L50, F|
|poke|p2|Blastoise, L50, M|
|poke|p2|Sinistcha, L50|
|poke|p2|Floette-Eternal, L50, F|
|poke|p2|Incineroar, L50, F, shiny|
|poke|p2|Sneasler, L50, F|
|poke|p2|Hydreigon, L50, M|
|teampreview|4
|showteam|p1|Hydreigon||ChoiceScarf|Levitate|DracoMeteor,Snarl,EarthPower,DarkPulse|Modest||F|||50|]Charizard||CharizarditeY|Blaze|HeatWave,WeatherBall,SolarBeam,Protect|Modest||F|||50|]Toxapex||Leftovers|Regenerator|Toxic,Infestation,WideGuard,BanefulBunker|Bold||M|||50|]Incineroar||SitrusBerry|Intimidate|FakeOut,DarkestLariat,PartingShot,FlareBlitz|Impish||F|||50|]Venusaur||FocusSash|Chlorophyll|LeafStorm,SleepPowder,SludgeBomb,Protect|Modest||F|||50|]Garchomp||LifeOrb|RoughSkin|Protect,DragonClaw,Earthquake,StompingTantrum|Jolly||F|||50|
|showteam|p2|Blastoise||Blastoisinite|RainDish|WaterSpout,DarkPulse,ShellSmash,Protect|Modest||M|||50|]Sinistcha||KasibBerry|Hospitality|MatchaGotcha,RagePowder,TrickRoom,LifeDew|Calm|||||50|]Floette-Eternal||Floettite|FlowerVeil|DazzlingGleam,DrainingKiss,CalmMind,Protect|Modest||F|||50|]Incineroar||SitrusBerry|Intimidate|FlareBlitz,DarkestLariat,FakeOut,PartingShot|Careful||F|||50|]Sneasler||FocusSash|PoisonTouch|CloseCombat,PoisonJab,FakeOut,QuickGuard|Jolly||F|||50|]Hydreigon||ChoiceScarf|Levitate|DracoMeteor,DarkPulse,Snarl,EarthPower|Modest||M|||50|
|inactive|Battle timer is ON: inactive players will automatically lose when time's up. (requested by efwefwefwefweifier)
|inactive|Ferran Tiburon has 60 seconds left.
|inactive|efwefwefwefweifier has 60 seconds left.
|inactive|efwefwefwefweifier has 30 seconds left.
|
|t:|1784792768
|teamsize|p1|4
|teamsize|p2|4
|start
|switch|p1a: Toxapex|Toxapex, L50, M|100/100
|switch|p1b: Incineroar|Incineroar, L50, F|100/100
|switch|p2a: Macho Nacho|Floette-Eternal, L50, F|100/100
|switch|p2b: Merry Berry|Incineroar, L50, F, shiny|100/100
|-ability|p2b: Merry Berry|Intimidate|boost
|-unboost|p1a: Toxapex|atk|1
|-unboost|p1b: Incineroar|atk|1
|-ability|p1b: Incineroar|Intimidate|boost
|-unboost|p2a: Macho Nacho|atk|1
|-unboost|p2b: Merry Berry|atk|1
|turn|1
|inactive|Ferran Tiburon has 30 seconds left.
|inactive|Ferran Tiburon has 20 seconds left.
|inactive|Ferran Tiburon has 15 seconds left.
|inactive|Ferran Tiburon has 10 seconds left.
|
|t:|1784792815
|detailschange|p2a: Macho Nacho|Floette-Mega, L50, F
|-mega|p2a: Macho Nacho|Floette|Floettite
|-ability|p2a: Macho Nacho|Fairy Aura
|move|p2a: Macho Nacho|Protect|p2a: Macho Nacho
|-singleturn|p2a: Macho Nacho|Protect
|move|p1b: Incineroar|Fake Out|p2a: Macho Nacho
|-activate|p2a: Macho Nacho|move: Protect
|move|p2b: Merry Berry|Parting Shot|p1b: Incineroar
|-unboost|p1b: Incineroar|atk|1
|-unboost|p1b: Incineroar|spa|1
|inactive|efwefwefwefweifier has 30 seconds left.
|
|t:|1784792843
|switch|p2b: Poison Foison|Sneasler, L50, F|100/100|[from] Parting Shot
|move|p1a: Toxapex|Toxic|p2a: Macho Nacho
|-activate|p2a: Macho Nacho|move: Protect
|
|upkeep
|turn|2
|
|t:|1784792857
|move|p2b: Poison Foison|Fake Out|p1b: Incineroar
|-damage|p1b: Incineroar|89/100
|move|p2a: Macho Nacho|Calm Mind|p2a: Macho Nacho
|-boost|p2a: Macho Nacho|spa|1
|-boost|p2a: Macho Nacho|spd|1
|cant|p1b: Incineroar|flinch
|move|p1a: Toxapex|Toxic|p2a: Macho Nacho
|-status|p2a: Macho Nacho|tox
|
|-damage|p2a: Macho Nacho|93/100 tox|[from] psn
|upkeep
|turn|3
|
|t:|1784792882
|move|p2b: Poison Foison|Close Combat|p1b: Incineroar
|-supereffective|p1b: Incineroar|1
|-damage|p1b: Incineroar|0 fnt
|-unboost|p2b: Poison Foison|def|1
|-unboost|p2b: Poison Foison|spd|1
|faint|p1b: Incineroar
|move|p2a: Macho Nacho|Dazzling Gleam|p1a: Toxapex
|-resisted|p1a: Toxapex|1
|-damage|p1a: Toxapex|62/100
|move|p1a: Toxapex|Infestation|p2b: Poison Foison
|-resisted|p2b: Poison Foison|2
|-damage|p2b: Poison Foison|98/100
|-activate|p2b: Poison Foison|move: Infestation|[of] p1a: Toxapex
|
|-heal|p1a: Toxapex|68/100|[from] item: Leftovers
|-damage|p2a: Macho Nacho|81/100 tox|[from] psn
|-damage|p2b: Poison Foison|86/100|[from] move: Infestation|[partiallytrapped]
|upkeep
|
|t:|1784792889
|switch|p1b: Charizard|Charizard, L50, F|100/100
|turn|4
|
|t:|1784792908
|detailschange|p1b: Charizard|Charizard-Mega-Y, L50, F
|-mega|p1b: Charizard|Charizard|Charizardite Y
|-weather|SunnyDay|[from] ability: Drought|[of] p1b: Charizard
|move|p2b: Poison Foison|Poison Jab|p1b: Charizard
|-damage|p1b: Charizard|60/100
|move|p2a: Macho Nacho|Draining Kiss|p1a: Toxapex
|-resisted|p1a: Toxapex|1
|-damage|p1a: Toxapex|47/100
|-heal|p2a: Macho Nacho|96/100 tox|[from] drain|[of] p1a: Toxapex
|move|p1b: Charizard|Heat Wave|p2b: Poison Foison|[spread] p2a,p2b
|-damage|p2a: Macho Nacho|65/100 tox
|-damage|p2b: Poison Foison|0 fnt
|faint|p2b: Poison Foison
|move|p1a: Toxapex|Infestation|p2a: Macho Nacho
|-resisted|p2a: Macho Nacho|1
|-damage|p2a: Macho Nacho|65/100 tox
|-activate|p2a: Macho Nacho|move: Infestation|[of] p1a: Toxapex
|
|-weather|SunnyDay|[upkeep]
|-heal|p1a: Toxapex|52/100|[from] item: Leftovers
|-damage|p2a: Macho Nacho|46/100 tox|[from] psn
|-damage|p2a: Macho Nacho|34/100 tox|[from] move: Infestation|[partiallytrapped]
|upkeep
|
|t:|1784792930
|switch|p2b: Bartholomews|Hydreigon, L50, M|100/100
|turn|5
|inactive|Ferran Tiburon has 30 seconds left.
|inactive|Ferran Tiburon has 20 seconds left.
|
|t:|1784792968
|move|p1b: Charizard|Protect|p1b: Charizard
|-singleturn|p1b: Charizard|Protect
|move|p1a: Toxapex|Baneful Bunker|p1a: Toxapex
|-singleturn|p1a: Toxapex|move: Protect
|move|p2b: Bartholomews|Dark Pulse|p1b: Charizard
|-activate|p1b: Charizard|move: Protect
|move|p2a: Macho Nacho|Draining Kiss|p1a: Toxapex
|-activate|p1a: Toxapex|move: Protect
|
|-weather|SunnyDay|[upkeep]
|-heal|p1a: Toxapex|58/100|[from] item: Leftovers
|-damage|p2a: Macho Nacho|10/100 tox|[from] psn
|-damage|p2a: Macho Nacho|0 fnt|[from] move: Infestation|[partiallytrapped]
|faint|p2a: Macho Nacho
|upkeep
|
|t:|1784792971
|switch|p2a: Merry Berry|Incineroar, L50, F, shiny|100/100
|-ability|p2a: Merry Berry|Intimidate|boost
|-unboost|p1a: Toxapex|atk|1
|-unboost|p1b: Charizard|atk|1
|turn|6
|
|t:|1784792995
|-heal|p1a: Toxapex|91/100|[from] ability: Regenerator|[silent]
|switch|p1a: Hydreigon|Hydreigon, L50, F|100/100
|move|p2a: Merry Berry|Fake Out|p1a: Hydreigon
|-damage|p1a: Hydreigon|88/100
|move|p2b: Bartholomews|Dark Pulse|p1b: Charizard
|-damage|p1b: Charizard|23/100
|cant|p1b: Charizard|flinch
|
|-weather|SunnyDay|[upkeep]
|upkeep
|turn|7
|
|t:|1784793009
|move|p1a: Hydreigon|Draco Meteor|p2b: Bartholomews
|-supereffective|p2b: Bartholomews|1
|-damage|p2b: Bartholomews|0 fnt
|-unboost|p1a: Hydreigon|spa|2
|faint|p2b: Bartholomews
|move|p1b: Charizard|Weather Ball|p2a: Merry Berry
|-resisted|p2a: Merry Berry|1
|-damage|p2a: Merry Berry|69/100
|move|p2a: Merry Berry|Flare Blitz|p1a: Hydreigon
|-resisted|p1a: Hydreigon|1
|-damage|p1a: Hydreigon|49/100
|-damage|p2a: Merry Berry|58/100|[from] Recoil
|
|-weather|SunnyDay|[upkeep]
|upkeep
|turn|8
|
|t:|1784793024
|move|p1a: Hydreigon|Draco Meteor|p2a: Merry Berry
|-damage|p2a: Merry Berry|30/100
|-unboost|p1a: Hydreigon|spa|2
|-enditem|p2a: Merry Berry|Sitrus Berry|[eat]
|-heal|p2a: Merry Berry|55/100|[from] item: Sitrus Berry
|move|p1b: Charizard|Weather Ball|p2a: Merry Berry
|-resisted|p2a: Merry Berry|1
|-damage|p2a: Merry Berry|22/100
|move|p2a: Merry Berry|Flare Blitz|p1a: Hydreigon
|-resisted|p1a: Hydreigon|1
|-damage|p1a: Hydreigon|6/100
|-damage|p2a: Merry Berry|10/100|[from] Recoil
|
|-weather|none
|upkeep
|turn|9
|
|t:|1784793046
|move|p1a: Hydreigon|Draco Meteor|p2a: Merry Berry
|-damage|p2a: Merry Berry|0 fnt
|-unboost|p1a: Hydreigon|spa|2
|faint|p2a: Merry Berry
|
|win|Ferran Tiburon
||Ferran Tiburon is ready for game 2.
||efwefwefwefweifier is ready for game 2.
|uhtml|next|Next: Game 2 of 3
|l|☆efwefwefwefweifier
|player|p2|
