|j|☆kdan_7
|j|☆nocturnallynoct
|html|kdan_7nocturnallynoct    
|uhtml|bestof|Game 2 of a best-of-3
|t:|1756226468
|gametype|doubles
|player|p1|kdan_7|shauntal|1167
|player|p2|nocturnallynoct|1|1112
|gen|9
|tier|[Gen 9] VGC 2025 Reg H (Bo3)
|rated|
|rule|Species Clause: Limit one of each Pokémon
|rule|Item Clause: Limit 1 of each item
|clearpoke
|poke|p1|Amoonguss, L50, F|
|poke|p1|Sneasler, L50, F|
|poke|p1|Gholdengo, L50|
|poke|p1|Incineroar, L50, M|
|poke|p1|Ursaluna-Bloodmoon, L50, M|
|poke|p1|Dragonite, L50, M|
|poke|p2|Sneasler, L50, F|
|poke|p2|Indeedee, L50, M|
|poke|p2|Tyranitar, L50, F|
|poke|p2|Ursaluna-Bloodmoon, L50, M|
|poke|p2|Electabuzz, L50, M|
|poke|p2|Talonflame, L50, M|
|teampreview|4
|showteam|p1|Amoonguss||SitrusBerry|Regenerator|RagePowder,Spore,PollenPuff,Protect|||F|||50|,,,,,Psychic]Sneasler||FocusSash|Unburden|Protect,DireClaw,CloseCombat,ThroatChop|||F|||50|,,,,,Stellar]Gholdengo||LifeOrb|GoodasGold|Protect,MakeItRain,ShadowBall,NastyPlot||||||50|,,,,,Water]Incineroar||SafetyGoggles|Intimidate|KnockOff,PartingShot,FlareBlitz,FakeOut|||M|||50|,,,,,Ghost]Ursaluna-Bloodmoon||AssaultVest|MindsEye|BloodMoon,EarthPower,VacuumWave,HyperVoice|||M|||50|,,,,,Water]Dragonite||LoadedDice|Multiscale|ScaleShot,Tailwind,Haze,Protect|||M|||50|,,,,,Fairy
|showteam|p2|Sneasler||PsychicSeed|Unburden|DireClaw,CloseCombat,ThroatChop,Protect|||F|||50|,,,,,Dark]Indeedee||FocusSash|PsychicSurge|ExpandingForce,TeraBlast,Protect,TrickRoom|||M|||50|,,,,,Fighting]Tyranitar||AssaultVest|SandStream|RockSlide,KnockOff,LowKick,TeraBlast|||F|||50|,,,,,Flying]Ursaluna-Bloodmoon||LifeOrb|MindsEye|BloodMoon,HyperVoice,EarthPower,Protect|||M|||50|,,,,,Normal]Electabuzz||Eviolite|VitalSpirit|Electroweb,FollowMe,Taunt,Protect|||M|||50|,,,,,Dragon]Talonflame||CovertCloak|GaleWings|DualWingbeat,FlareBlitz,Tailwind,WillOWisp|||M|||50|,,,,,Fairy
|inactive|Battle timer is ON: inactive players will automatically lose when time's up. (requested by nocturnallynoct)
|
|t:|1756226492
|teamsize|p1|4
|teamsize|p2|4
|start
|switch|p1a: 8|Sneasler, L50, F|100/100
|switch|p1b: Luffy|Incineroar, L50, M|100/100
|switch|p2a: Talonflame|Talonflame, L50, M|100/100
|switch|p2b: Tyranitar|Tyranitar, L50, F|100/100
|-ability|p1b: Luffy|Intimidate|boost
|-unboost|p2a: Talonflame|atk|1
|-unboost|p2b: Tyranitar|atk|1
|-weather|Sandstorm|[from] ability: Sand Stream|[of] p2b: Tyranitar
|turn|1
|inactive|kdan_7 has 30 seconds left.
|
|t:|1756226523
|switch|p2b: Ursaluna|Ursaluna-Bloodmoon, L50, M|100/100
|move|p2a: Talonflame|Tailwind|p2a: Talonflame
|-sidestart|p2: nocturnallynoct|move: Tailwind
|move|p1a: 8|Dire Claw|p2b: Ursaluna
|-resisted|p2b: Ursaluna
|-damage|p2b: Ursaluna|85/100
|-status|p2b: Ursaluna|psn
|move|p1b: Luffy|Parting Shot|p2a: Talonflame
|-unboost|p2a: Talonflame|atk|1
|-unboost|p2a: Talonflame|spa|1
|
|t:|1756226534
|switch|p1b: Golden Wind|Dragonite, L50, M|100/100|[from] Parting Shot
|
|-weather|Sandstorm|[upkeep]
|-damage|p2a: Talonflame|95/100|[from] Sandstorm
|-damage|p1a: 8|95/100|[from] Sandstorm
|-damage|p1b: Golden Wind|94/100|[from] Sandstorm
|-damage|p2b: Ursaluna|73/100 psn|[from] psn
|upkeep
|turn|2
|inactive|nocturnallynoct has 30 seconds left.
|
|t:|1756226565
|move|p1a: 8|Protect|p1a: 8
|-singleturn|p1a: 8|Protect
|move|p2a: Talonflame|Will-O-Wisp|p1b: Golden Wind|[miss]
|-miss|p2a: Talonflame|p1b: Golden Wind
|move|p2b: Ursaluna|Earth Power|p1a: 8
|-activate|p1a: 8|move: Protect
|move|p1b: Golden Wind|Tailwind|p1b: Golden Wind
|-sidestart|p1: kdan_7|move: Tailwind
|
|-weather|Sandstorm|[upkeep]
|-damage|p1a: 8|89/100|[from] Sandstorm
|-damage|p2a: Talonflame|89/100|[from] Sandstorm
|-damage|p1b: Golden Wind|88/100|[from] Sandstorm
|-damage|p2b: Ursaluna|60/100 psn|[from] psn
|upkeep
|turn|3
|inactive|nocturnallynoct has 30 seconds left.
|inactive|nocturnallynoct has 20 seconds left.
|
|t:|1756226600
|move|p2b: Ursaluna|Protect|p2b: Ursaluna
|-singleturn|p2b: Ursaluna|Protect
|move|p1a: 8|Close Combat|p2b: Ursaluna
|-activate|p2b: Ursaluna|move: Protect
|move|p2a: Talonflame|Will-O-Wisp|p1a: 8
|-status|p1a: 8|brn
|move|p1b: Golden Wind|Scale Shot|p2a: Talonflame
|-damage|p2a: Talonflame|67/100
|-damage|p2a: Talonflame|46/100
|-damage|p2a: Talonflame|27/100
|-damage|p2a: Talonflame|6/100
|-crit|p2a: Talonflame
|-damage|p2a: Talonflame|0 fnt
|faint|p2a: Talonflame
|-hitcount|p2: Talonflame|5
|-unboost|p1b: Golden Wind|def|1
|-boost|p1b: Golden Wind|spe|1
|
|-weather|Sandstorm|[upkeep]
|-damage|p1b: Golden Wind|82/100|[from] Sandstorm
|-damage|p1a: 8|83/100 brn|[from] Sandstorm
|-damage|p2b: Ursaluna|48/100 psn|[from] psn
|-damage|p1a: 8|77/100 brn|[from] brn
|upkeep
|inactive|nocturnallynoct has 30 seconds left.
|
|t:|1756226632
|switch|p2a: Sneasler|Sneasler, L50, F|100/100
|turn|4
|
|t:|1756226650
|move|p1b: Golden Wind|Scale Shot|p2a: Sneasler
|-damage|p2a: Sneasler|75/100
|-damage|p2a: Sneasler|46/100
|-damage|p2a: Sneasler|21/100
|-damage|p2a: Sneasler|0 fnt
|faint|p2a: Sneasler
|-hitcount|p2: Sneasler|4
|-unboost|p1b: Golden Wind|def|1
|-boost|p1b: Golden Wind|spe|1
|move|p1a: 8|Close Combat|p2b: Ursaluna
|-supereffective|p2b: Ursaluna
|-damage|p2b: Ursaluna|3/100 psn
|-unboost|p1a: 8|def|1
|-unboost|p1a: 8|spd|1
|move|p2b: Ursaluna|Earth Power|p1a: 8
|-supereffective|p1a: 8
|-damage|p1a: 8|0 fnt
|faint|p1a: 8
|-damage|p2b: Ursaluna|0 fnt|[from] item: Life Orb
|faint|p2b: Ursaluna
|
|-weather|Sandstorm|[upkeep]
|-damage|p1b: Golden Wind|76/100|[from] Sandstorm
|-sideend|p2: nocturnallynoct|move: Tailwind
|upkeep
|
|t:|1756226672
|switch|p1a: Tony|Ursaluna-Bloodmoon, L50, M|100/100
|switch|p2b: Tyranitar|Tyranitar, L50, F|100/100
|turn|5
|
|t:|1756226691
|-terastallize|p1a: Tony|Water
|-terastallize|p2b: Tyranitar|Flying
|move|p1b: Golden Wind|Scale Shot|p2b: Tyranitar
|-damage|p2b: Tyranitar|86/100
|-damage|p2b: Tyranitar|72/100
|-damage|p2b: Tyranitar|60/100
|-damage|p2b: Tyranitar|48/100
|-hitcount|p2b: Tyranitar|4
|-unboost|p1b: Golden Wind|def|1
|-boost|p1b: Golden Wind|spe|1
|move|p1a: Tony|Earth Power|p2b: Tyranitar
|-immune|p2b: Tyranitar
|move|p2b: Tyranitar|Low Kick|p1a: Tony
|-damage|p1a: Tony|66/100
|
|-weather|none
|-sideend|p1: kdan_7|move: Tailwind
|upkeep
|turn|6
|
|t:|1756226711
|move|p1b: Golden Wind|Scale Shot|p2b: Tyranitar
|-damage|p2b: Tyranitar|35/100
|-damage|p2b: Tyranitar|22/100
|-damage|p2b: Tyranitar|8/100
|-damage|p2b: Tyranitar|0 fnt
|faint|p2b: Tyranitar
|-hitcount|p2: Tyranitar|4
|
|win|kdan_7
|raw|kdan_7's rating: 1167 → 1188(+21 for winning)
|raw|nocturnallynoct's rating: 1112 → 1091(-21 for losing)
