|j|☆joyfulwizard
|j|☆JayoticNL
|html|joyfulwizardJayoticNL    
|uhtml|bestof|Game 1 of a best-of-3
|t:|1782297726
|gametype|doubles
|player|p1|joyfulwizard|266|1131
|player|p2|JayoticNL|jacinthe|1290
|gen|9
|tier|[Gen 9 Champions] VGC 2026 Reg M-B (Bo3)
|rated|
|rule|Species Clause: Limit one of each Pokémon
|rule|Item Clause: Limit 1 of each item
|clearpoke
|poke|p1|Politoed, L50, F|
|poke|p1|Gengar, L50, M, shiny|
|poke|p1|Sinistcha, L50|
|poke|p1|Incineroar, L50, F|
|poke|p1|Scrafty, L50, F|
|poke|p1|Floette-Eternal, L50, F|
|poke|p2|Whimsicott, L50, F|
|poke|p2|Floette-Eternal, L50, F|
|poke|p2|Staraptor, L50, M|
|poke|p2|Gholdengo, L50|
|poke|p2|Garchomp, L50, M|
|poke|p2|Incineroar, L50, F|
|teampreview|4
|showteam|p1|Politoed||SitrusBerry|Drizzle|Protect,WeatherBall,IcyWind,Encore|Modest||F|||50|]Gengar||Gengarite|CursedBody|PerishSong,ShadowBall,Disable,Protect|Timid||M|||50|]Sinistcha||KasibBerry|Hospitality|MatchaGotcha,TrickRoom,RagePowder,Protect|Modest|||||50|]Incineroar||PasshoBerry|Intimidate|Protect,FakeOut,PartingShot,DarkestLariat|Careful||F|||50|]Scrafty||FocusSash|Intimidate|Protect,FakeOut,KnockOff,CloseCombat|Adamant||F|||50|]Floette-Eternal||Floettite|FlowerVeil|Protect,DrainingKiss,CalmMind,DazzlingGleam|Modest||F|||50|
|showteam|p2|Whimsicott||FocusSash|Prankster|Moonblast,Tailwind,Encore,Protect|Timid||F|||50|]Floette-Eternal||Floettite|FlowerVeil|Moonblast,DazzlingGleam,LightofRuin,Protect|Modest||F|||50|]Staraptor||Staraptite|Intimidate|BraveBird,CloseCombat,Roost,Protect|Jolly||M|||50|]Gholdengo||LifeOrb|GoodasGold|MakeItRain,ShadowBall,PowerGem,Protect|Modest|||||50|]Garchomp||RoseliBerry|RoughSkin|DragonClaw,Earthquake,RockSlide,Protect|Adamant||M|||50|]Incineroar||SitrusBerry|Intimidate|FlareBlitz,DarkestLariat,FakeOut,PartingShot|Adamant||F|||50|
|
|t:|1782297758
|teamsize|p1|4
|teamsize|p2|4
|start
|switch|p1a: Gengar|Gengar, L50, M, shiny|100/100
|switch|p1b: Incineroar|Incineroar, L50, F|100/100
|switch|p2a: Whimsicott|Whimsicott, L50, F|100/100
|switch|p2b: Gholdengo|Gholdengo, L50|100/100
|-ability|p1b: Incineroar|Intimidate|boost
|-unboost|p2a: Whimsicott|atk|1
|-unboost|p2b: Gholdengo|atk|1
|turn|1
|
|t:|1782297769
|detailschange|p1a: Gengar|Gengar-Mega, L50, M, shiny
|-mega|p1a: Gengar|Gengar|Gengarite
|move|p2a: Whimsicott|Protect|p2a: Whimsicott
|-singleturn|p2a: Whimsicott|Protect
|move|p2b: Gholdengo|Protect|p2b: Gholdengo
|-singleturn|p2b: Gholdengo|Protect
|move|p1b: Incineroar|Fake Out|p2a: Whimsicott
|-activate|p2a: Whimsicott|move: Protect
|move|p1a: Gengar|Shadow Ball|p2a: Whimsicott
|-activate|p2a: Whimsicott|move: Protect
|
|upkeep
|turn|2
|inactive|Battle timer is ON: inactive players will automatically lose when time's up. (requested by joyfulwizard)
|
|t:|1782297779
|switch|p1a: Politoed|Politoed, L50, F|100/100
|-weather|RainDance|[from] ability: Drizzle|[of] p1a: Politoed
|move|p2a: Whimsicott|Moonblast|p1b: Incineroar
|-damage|p1b: Incineroar|74/100
|move|p2b: Gholdengo|Power Gem|p1b: Incineroar
|-supereffective|p1b: Incineroar|1
|-damage|p1b: Incineroar|19/100
|-damage|p2b: Gholdengo|90/100|[from] item: Life Orb
|move|p1b: Incineroar|Darkest Lariat|p2b: Gholdengo
|-supereffective|p2b: Gholdengo|1
|-damage|p2b: Gholdengo|28/100
|
|-weather|RainDance|[upkeep]
|upkeep
|turn|3
|
|t:|1782297802
|move|p2b: Gholdengo|Protect|p2b: Gholdengo
|-singleturn|p2b: Gholdengo|Protect
|move|p1b: Incineroar|Protect|p1b: Incineroar
|-singleturn|p1b: Incineroar|Protect
|move|p2a: Whimsicott|Moonblast|p1b: Incineroar
|-activate|p1b: Incineroar|move: Protect
|move|p1a: Politoed|Icy Wind|p2b: Gholdengo|[spread] p2a
|-activate|p2b: Gholdengo|move: Protect
|-supereffective|p2a: Whimsicott|1
|-damage|p2a: Whimsicott|66/100
|-unboost|p2a: Whimsicott|spe|1
|
|-weather|RainDance|[upkeep]
|upkeep
|turn|4
|
|t:|1782297826
|switch|p1b: Sinistcha|Sinistcha, L50|100/100
|move|p2a: Whimsicott|Tailwind|p2a: Whimsicott
|-sidestart|p2: JayoticNL|move: Tailwind
|move|p2b: Gholdengo|Power Gem|p1b: Sinistcha
|-damage|p1b: Sinistcha|63/100
|-damage|p2b: Gholdengo|18/100|[from] item: Life Orb
|move|p1a: Politoed|Weather Ball|p2b: Gholdengo
|-damage|p2b: Gholdengo|0 fnt
|faint|p2b: Gholdengo
|
|-weather|RainDance|[upkeep]
|upkeep
|
|t:|1782297828
|switch|p2b: Staraptor|Staraptor, L50, M|100/100
|-ability|p2b: Staraptor|Intimidate|boost
|-unboost|p1a: Politoed|atk|1
|-unboost|p1b: Sinistcha|atk|1
|turn|5
|
|t:|1782297849
|switch|p1b: Incineroar|Incineroar, L50, F|19/100
|-ability|p1b: Incineroar|Intimidate|boost
|-unboost|p2a: Whimsicott|atk|1
|-unboost|p2b: Staraptor|atk|1
|detailschange|p2b: Staraptor|Staraptor-Mega, L50, M
|-mega|p2b: Staraptor|Staraptor|Staraptite
|move|p2b: Staraptor|Brave Bird|p1b: Incineroar
|-damage|p1b: Incineroar|0 fnt
|faint|p1b: Incineroar
|-damage|p2b: Staraptor|92/100|[from] Recoil
|move|p2a: Whimsicott|Moonblast|p1a: Politoed
|-damage|p1a: Politoed|73/100
|move|p1a: Politoed|Weather Ball|p2b: Staraptor
|-damage|p2b: Staraptor|36/100
|
|-weather|RainDance|[upkeep]
|upkeep
|
|t:|1782297864
|switch|p1b: Sinistcha|Sinistcha, L50|63/100
|-heal|p1a: Politoed|98/100|[from] ability: Hospitality|[of] p1b: Sinistcha
|turn|6
|
|t:|1782297869
|move|p2b: Staraptor|Roost|p2b: Staraptor
|-heal|p2b: Staraptor|86/100
|-singleturn|p2b: Staraptor|move: Roost
|move|p2a: Whimsicott|Moonblast|p1a: Politoed
|-damage|p1a: Politoed|71/100
|move|p1a: Politoed|Weather Ball|p2b: Staraptor
|-damage|p2b: Staraptor|23/100
|move|p1b: Sinistcha|Trick Room|p1b: Sinistcha
|-fieldstart|move: Trick Room|[of] p1b: Sinistcha
|
|-weather|none
|upkeep
|turn|7
|
|t:|1782297892
|move|p2a: Whimsicott|Encore|p1b: Sinistcha
|-start|p1b: Sinistcha|Encore
|move|p1a: Politoed|Weather Ball|p2b: Staraptor
|-damage|p2b: Staraptor|9/100
|move|p2b: Staraptor|Roost|p2b: Staraptor
|-heal|p2b: Staraptor|60/100
|-singleturn|p2b: Staraptor|move: Roost
|move|p1b: Sinistcha|Trick Room|p1b: Sinistcha
|-fieldend|move: Trick Room
|
|-sideend|p2: JayoticNL|move: Tailwind
|upkeep
|turn|8
|
|t:|1782297903
|move|p2b: Staraptor|Brave Bird|p1b: Sinistcha
|-supereffective|p1b: Sinistcha|1
|-damage|p1b: Sinistcha|0 fnt
|faint|p1b: Sinistcha
|-damage|p2b: Staraptor|38/100|[from] Recoil
|move|p2a: Whimsicott|Moonblast|p1a: Politoed
|-damage|p1a: Politoed|41/100
|-enditem|p1a: Politoed|Sitrus Berry|[eat]
|-heal|p1a: Politoed|66/100|[from] item: Sitrus Berry
|move|p1a: Politoed|Weather Ball|p2b: Staraptor
|-damage|p2b: Staraptor|24/100
|
|upkeep
|
|t:|1782297910
|switch|p1b: Gengar|Gengar-Mega, L50, M, shiny|100/100
|turn|9
|
|t:|1782297916
|move|p2a: Whimsicott|Tailwind|p2a: Whimsicott
|-sidestart|p2: JayoticNL|move: Tailwind
|move|p2b: Staraptor|Roost|p2b: Staraptor
|-heal|p2b: Staraptor|75/100
|-singleturn|p2b: Staraptor|move: Roost
|move|p1b: Gengar|Shadow Ball|p2b: Staraptor
|-damage|p2b: Staraptor|19/100
|-boost|p2b: Staraptor|spd|1
|move|p1a: Politoed|Icy Wind|p2b: Staraptor|[spread] p2a,p2b
|-supereffective|p2a: Whimsicott|1
|-damage|p2a: Whimsicott|35/100
|-damage|p2b: Staraptor|12/100
|-unboost|p2a: Whimsicott|spe|1
|-boost|p2b: Staraptor|spe|1
|
|upkeep
|turn|10
|
|t:|1782297931
|move|p2b: Staraptor|Close Combat|p1a: Politoed
|-damage|p1a: Politoed|28/100
|-boost|p2b: Staraptor|def|1
|-boost|p2b: Staraptor|spd|1
|move|p1b: Gengar|Shadow Ball|p2b: Staraptor
|-damage|p2b: Staraptor|0 fnt
|faint|p2b: Staraptor
|move|p2a: Whimsicott|Moonblast|p1a: Politoed
|-damage|p1a: Politoed|0 fnt
|faint|p1a: Politoed
|
|upkeep
|
|t:|1782297934
|switch|p2b: Garchomp|Garchomp, L50, M|100/100
|turn|11
|
|t:|1782297943
|move|p2a: Whimsicott|Protect|p2a: Whimsicott
|-singleturn|p2a: Whimsicott|Protect
|move|p2b: Garchomp|Earthquake|p1b: Gengar|[spread] p1b
|-activate|p2a: Whimsicott|move: Protect
|-supereffective|p1b: Gengar|1
|-damage|p1b: Gengar|2/100
|move|p1b: Gengar|Shadow Ball|p2a: Whimsicott
|-activate|p2a: Whimsicott|move: Protect
|
|upkeep
|turn|12
|
|t:|1782297947
|move|p2a: Whimsicott|Protect|p2a: Whimsicott
|-singleturn|p2a: Whimsicott|Protect
|move|p2b: Garchomp|Earthquake|p1b: Gengar|[spread] p1b
|-activate|p2a: Whimsicott|move: Protect
|-supereffective|p1b: Gengar|1
|-damage|p1b: Gengar|0 fnt
|faint|p1b: Gengar
|
|win|JayoticNL
||JayoticNL is ready for game 2.
||joyfulwizard is ready for game 2.
|uhtml|next|Next: Game 2 of 3
