|j|☆Welosethose!
|j|☆redg1827
|html|Welosethose!redg1827    
|uhtml|bestof|Game 1 of a best-of-3
|t:|1757032505
|gametype|doubles
|player|p1|Welosethose!|hilbert|1116
|player|p2|redg1827|170|1051
|gen|9
|tier|[Gen 9] VGC 2025 Reg H (Bo3)
|rated|
|rule|Species Clause: Limit one of each Pokémon
|rule|Item Clause: Limit 1 of each item
|clearpoke
|poke|p1|Porygon2, L50|
|poke|p1|Ursaluna, L50, F|
|poke|p1|Incineroar, L50, F|
|poke|p1|Ninetales-Alola, L50, F|
|poke|p1|Dragapult, L50, M|
|poke|p1|Gholdengo, L50|
|poke|p2|Archaludon, L50, M|
|poke|p2|Politoed, L50, F|
|poke|p2|Gothitelle, L50, M|
|poke|p2|Basculegion, L50, M|
|poke|p2|Sinistcha-Masterpiece, L50|
|poke|p2|Incineroar, L50, F|
|teampreview|4
|showteam|p1|Porygon2||Eviolite|Download|TeraBlast,IceBeam,Recover,TrickRoom||||||50|,,,,,Fighting]Ursaluna||FlameOrb|Guts|Facade,HeadlongRush,EarthPower,Protect|||F|||50|,,,,,Ghost]Incineroar||SafetyGoggles|Intimidate|FakeOut,KnockOff,Taunt,PartingShot|||F|||50|,,,,,Ghost]Ninetales-Alola||FocusSash|SnowWarning|Blizzard,Moonblast,Encore,Protect|||F|||50|,,,,,Ghost]Dragapult||ChoiceBand|ClearBody|DragonDarts,Outrage,PhantomForce,Uturn|||M|||50|,,,,,Dragon]Gholdengo||LifeOrb|GoodasGold|MakeItRain,ShadowBall,NastyPlot,Protect||||||50|,,,,,Water
|showteam|p2|Archaludon||AssaultVest|Stamina|ElectroShot,FlashCannon,DracoMeteor,BodyPress|||M|||50|,,,,,Fairy]Politoed||DampRock|Drizzle|WeatherBall,PerishSong,Encore,HelpingHand|||F|||50|,,,,,Steel]Gothitelle||AguavBerry|ShadowTag|FakeOut,Protect,ThunderWave,PsychicNoise|||M|||50|,,,,,Psychic]Basculegion||ChoiceBand|SwiftSwim|FlipTurn,LastRespects,WaveCrash,Crunch|||M|||50|,,,,,Water]Sinistcha-Masterpiece||Leftovers|Hospitality|RagePowder,MatchaGotcha,TrickRoom,LifeDew||||||50|,,,,,Water]Incineroar||SafetyGoggles|Intimidate|KnockOff,WillOWisp,FakeOut,PartingShot|||F|||50|,,,,,Ghost
|inactive|Battle timer is ON: inactive players will automatically lose when time's up. (requested by redg1827)
|inactive|Welosethose! has 60 seconds left.
|
|t:|1757032541
|teamsize|p1|4
|teamsize|p2|4
|start
|switch|p1a: Dragapult|Dragapult, L50, M|100/100
|switch|p1b: Incineroar|Incineroar, L50, F|100/100
|switch|p2a: Incineroar|Incineroar, L50, F|100/100
|switch|p2b: Gothitelle|Gothitelle, L50, M|100/100
|-ability|p2a: Incineroar|Intimidate|boost
|-fail|p1a: Dragapult|unboost|[from] ability: Clear Body|[of] p1a: Dragapult
|-unboost|p1b: Incineroar|atk|1
|-ability|p1b: Incineroar|Intimidate|boost
|-unboost|p2a: Incineroar|atk|1
|-unboost|p2b: Gothitelle|atk|1
|turn|1
|inactive|Welosethose! has 30 seconds left.
|
|t:|1757032566
|-terastallize|p1a: Dragapult|Dragon
|move|p2b: Gothitelle|Protect|p2b: Gothitelle
|-singleturn|p2b: Gothitelle|Protect
|move|p1a: Dragapult|Outrage|p2b: Gothitelle
|-activate|p2b: Gothitelle|move: Protect
|move|p2a: Incineroar|Knock Off|p1a: Dragapult
|-damage|p1a: Dragapult|63/100
|-enditem|p1a: Dragapult|Choice Band|[from] move: Knock Off|[of] p2a: Incineroar
|move|p1b: Incineroar|Taunt|p2b: Gothitelle
|-activate|p2b: Gothitelle|move: Protect
|
|upkeep
|turn|2
|inactive|redg1827 has 30 seconds left.
|inactive|redg1827 has 20 seconds left.
|
|t:|1757032605
|switch|p2b: Politoed|Politoed, L50, F|100/100
|-weather|RainDance|[from] ability: Drizzle|[of] p2b: Politoed
|move|p1a: Dragapult|Outrage|p2b: Politoed
|-damage|p2b: Politoed|9/100
|move|p2a: Incineroar|Will-O-Wisp|p1a: Dragapult
|-status|p1a: Dragapult|brn
|move|p1b: Incineroar|Taunt|p2b: Politoed
|-start|p2b: Politoed|move: Taunt
|
|-weather|RainDance|[upkeep]
|-damage|p1a: Dragapult|57/100 brn|[from] brn
|upkeep
|turn|3
|
|t:|1757032624
|switch|p2b: Gothitelle|Gothitelle, L50, M|100/100
|switch|p1b: Ninetales|Ninetales-Alola, L50, F|100/100
|-weather|Snowscape|[from] ability: Snow Warning|[of] p1b: Ninetales
|move|p1a: Dragapult|Outrage|p2a: Incineroar|[from] lockedmove
|-damage|p2a: Incineroar|62/100
|-start|p1a: Dragapult|confusion|[fatigue]
|move|p2a: Incineroar|Knock Off|p1b: Ninetales
|-resisted|p1b: Ninetales
|-damage|p1b: Ninetales|86/100
|-enditem|p1b: Ninetales|Focus Sash|[from] move: Knock Off|[of] p2a: Incineroar
|
|-weather|Snowscape|[upkeep]
|-damage|p1a: Dragapult|51/100 brn|[from] brn
|upkeep
|turn|4
|
|t:|1757032648
|switch|p2a: Politoed|Politoed, L50, F|9/100
|-weather|RainDance|[from] ability: Drizzle|[of] p2a: Politoed
|-activate|p1a: Dragapult|confusion
|move|p1a: Dragapult|Dragon Darts|p2b: Gothitelle
|-damage|p2b: Gothitelle|81/100
|-anim|p1a: Dragapult|Dragon Darts|p2a: Politoed
|-damage|p2a: Politoed|0 fnt
|faint|p2a: Politoed
|move|p1b: Ninetales|Moonblast|p2b: Gothitelle
|-damage|p2b: Gothitelle|57/100
|move|p2b: Gothitelle|Thunder Wave|p1b: Ninetales
|-status|p1b: Ninetales|par
|
|-weather|RainDance|[upkeep]
|-damage|p1a: Dragapult|45/100 brn|[from] brn
|upkeep
|
|t:|1757032658
|switch|p2a: Archaludon|Archaludon, L50, M|100/100
|turn|5
|inactive|Welosethose! has 30 seconds left.
|inactive|redg1827 has 30 seconds left.
|
|t:|1757032697
|-terastallize|p2a: Archaludon|Fairy
|cant|p1b: Ninetales|par
|move|p2b: Gothitelle|Protect|p2b: Gothitelle
|-singleturn|p2b: Gothitelle|Protect
|-end|p1a: Dragapult|confusion
|move|p1a: Dragapult|U-turn|p2b: Gothitelle
|-activate|p2b: Gothitelle|move: Protect
|move|p2a: Archaludon|Electro Shot||[still]
|-prepare|p2a: Archaludon|Electro Shot
|-boost|p2a: Archaludon|spa|1
|-anim|p2a: Archaludon|Electro Shot|p1a: Dragapult
|-resisted|p1a: Dragapult
|-damage|p1a: Dragapult|0 fnt
|faint|p1a: Dragapult
|
|-weather|RainDance|[upkeep]
|upkeep
|
|t:|1757032707
|switch|p1a: Incineroar|Incineroar, L50, F|100/100
|-ability|p1a: Incineroar|Intimidate|boost
|-unboost|p2a: Archaludon|atk|1
|-unboost|p2b: Gothitelle|atk|1
|turn|6
|
|t:|1757032728
|switch|p2b: Incineroar|Incineroar, L50, F|62/100
|-ability|p2b: Incineroar|Intimidate|boost
|-unboost|p1a: Incineroar|atk|1
|-unboost|p1b: Ninetales|atk|1
|move|p1a: Incineroar|Fake Out|p2a: Archaludon
|-damage|p2a: Archaludon|94/100
|-ability|p2a: Archaludon|Stamina|boost
|-boost|p2a: Archaludon|def|1
|cant|p2a: Archaludon|flinch
|move|p1b: Ninetales|Encore||[still]
|-fail|p1b: Ninetales
|
|-weather|RainDance|[upkeep]
|upkeep
|turn|7
|inactive|redg1827 has 30 seconds left.
|
|t:|1757032758
|switch|p1b: Golden sins|Gholdengo, L50, shiny|100/100
|move|p2b: Incineroar|Fake Out|p1a: Incineroar
|-damage|p1a: Incineroar|93/100
|move|p2a: Archaludon|Electro Shot||[still]
|-prepare|p2a: Archaludon|Electro Shot
|-boost|p2a: Archaludon|spa|1
|-anim|p2a: Archaludon|Electro Shot|p1b: Golden sins
|-crit|p1b: Golden sins
|-damage|p1b: Golden sins|0 fnt
|faint|p1b: Golden sins
|cant|p1a: Incineroar|flinch
|
|-weather|RainDance|[upkeep]
|upkeep
|c|☆Welosethose!|bruh
|
|t:|1757032771
|switch|p1b: Ninetales|Ninetales-Alola, L50, F|86/100 par
|-weather|Snowscape|[from] ability: Snow Warning|[of] p1b: Ninetales
|turn|8
|c|☆redg1827|Plus 2
|
|t:|1757032791
|move|p1b: Ninetales|Protect|p1b: Ninetales
|-singleturn|p1b: Ninetales|Protect
|move|p2a: Archaludon|Flash Cannon|p1b: Ninetales
|-activate|p1b: Ninetales|move: Protect
|move|p2b: Incineroar|Parting Shot|p1a: Incineroar
|-unboost|p1a: Incineroar|atk|1
|-unboost|p1a: Incineroar|spa|1
|
|t:|1757032793
|switch|p2b: Gothitelle|Gothitelle, L50, M|57/100|[from] Parting Shot
|move|p1a: Incineroar|Knock Off|p2a: Archaludon
|-resisted|p2a: Archaludon
|-damage|p2a: Archaludon|89/100
|-ability|p2a: Archaludon|Stamina|boost
|-boost|p2a: Archaludon|def|1
|-enditem|p2a: Archaludon|Assault Vest|[from] move: Knock Off|[of] p1a: Incineroar
|
|-weather|Snowscape|[upkeep]
|upkeep
|turn|9
|c|☆Welosethose!|does not matter that this game actually just does not want me to win lmao
|inactive|Welosethose! has 30 seconds left.
|
|t:|1757032828
|move|p1b: Ninetales|Protect|p1b: Ninetales
|-singleturn|p1b: Ninetales|Protect
|move|p2a: Archaludon|Flash Cannon|p1b: Ninetales
|-activate|p1b: Ninetales|move: Protect
|move|p2b: Gothitelle|Thunder Wave|p1a: Incineroar
|-status|p1a: Incineroar|par
|move|p1a: Incineroar|Parting Shot|p2a: Archaludon
|-unboost|p2a: Archaludon|atk|1
|-unboost|p2a: Archaludon|spa|1
|
|-weather|Snowscape|[upkeep]
|upkeep
|turn|10
|c|☆redg1827|Why?
|c|☆redg1827|No Bad luck
|c|☆Welosethose!|for you
|
|t:|1757032852
|move|p2b: Gothitelle|Protect|p2b: Gothitelle
|-singleturn|p2b: Gothitelle|Protect
|move|p2a: Archaludon|Flash Cannon|p1b: Ninetales
|-supereffective|p1b: Ninetales
|-damage|p1b: Ninetales|0 fnt
|faint|p1b: Ninetales
|move|p1a: Incineroar|Taunt|p2b: Gothitelle
|-activate|p2b: Gothitelle|move: Protect
|
|-weather|Snowscape|[upkeep]
|upkeep
|turn|11
|-message|Welosethose! forfeited.
|
|win|redg1827
||Welosethose! is ready for game 2.
||redg1827 is ready for game 2.
|uhtml|next|Next: Game 2 of 3
