|j|☆moicito
|j|☆ZXMaverickHunter
|html|moicitoZXMaverickHunter    
|uhtml|bestof|Game 1 of a best-of-3
|t:|1756352765
|gametype|doubles
|player|p1|moicito|caitlin|1156
|player|p2|ZXMaverickHunter|flint|1132
|gen|9
|tier|[Gen 9] VGC 2025 Reg H (Bo3)
|rated|
|rule|Species Clause: Limit one of each Pokémon
|rule|Item Clause: Limit 1 of each item
|clearpoke
|poke|p1|Kingambit, L50, F|
|poke|p1|Rillaboom, L50, F|
|poke|p1|Magmar, L50, F|
|poke|p1|Primarina, L50, M|
|poke|p1|Sneasler, L50, M|
|poke|p1|Dragapult, L50, M|
|poke|p2|Rillaboom, L50, F|
|poke|p2|Dragonite, L50, M|
|poke|p2|Sneasler, L50, M|
|poke|p2|Ninetales-Alola, L50, M|
|poke|p2|Kingambit, L50, F|
|poke|p2|Magmar, L50, M|
|teampreview|4
|showteam|p1|Kingambit||BlackGlasses|Defiant|Protect,KowtowCleave,SuckerPunch,SwordsDance|||F|||50|,,,,,Ghost]Rillaboom||AssaultVest|GrassySurge|WoodHammer,GrassyGlide,HighHorsepower,FakeOut|||F|||50|,,,,,Fire]Magmar||Eviolite|VitalSpirit|Overheat,WillOWisp,FollowMe,Protect|||F|||50|,,,,,Ghost]Primarina||SitrusBerry|LiquidVoice|HyperVoice,Moonblast,Haze,Protect|||M|||50|,,,,,Water]Sneasler||FocusSash|PoisonTouch|CloseCombat,DireClaw,Coaching,FakeOut|||M|||50|,,,,,Stellar]Dragapult||ChoiceBand|ClearBody|DragonDarts,TeraBlast,PhantomForce,Uturn|||M|||50|,,,,,Ghost
|showteam|p2|Rillaboom||AssaultVest|GrassySurge|WoodHammer,GrassyGlide,HighHorsepower,FakeOut|||F|||50|,,,,,Fire]Dragonite||LoadedDice|Multiscale|Protect,ScaleShot,LowKick,Haze|||M|||50|,,,,,Fairy]Sneasler||WhiteHerb|Unburden|Protect,DireClaw,CloseCombat,Coaching|||M|||50|,,,,,Ghost]Ninetales-Alola||ChoiceSpecs|SnowWarning|Blizzard,IcyWind,Moonblast,FreezeDry|||M|||50|,,,,,Ghost]Kingambit||SafetyGoggles|Defiant|Protect,KowtowCleave,SuckerPunch,SwordsDance|||F|||50|,,,,,Dark]Magmar||Eviolite|VitalSpirit|Protect,FollowMe,Overheat,WillOWisp|||M|||50|,,,,,Dragon
|
|t:|1756352831
|teamsize|p1|4
|teamsize|p2|4
|start
|switch|p1a: Snisli|Sneasler, L50, M|100/100
|switch|p1b: Dragapult|Dragapult, L50, M|100/100
|switch|p2a: 90% = 50%|Dragonite, L50, M, shiny|100/100
|switch|p2b: Noah's BFF|Sneasler, L50, M, shiny|100/100
|turn|1
|
|t:|1756352873
|-terastallize|p1b: Dragapult|Ghost
|move|p2b: Noah's BFF|Protect|p2b: Noah's BFF
|-singleturn|p2b: Noah's BFF|Protect
|move|p2a: 90% = 50%|Protect|p2a: 90% = 50%
|-singleturn|p2a: 90% = 50%|Protect
|move|p1a: Snisli|Fake Out|p2a: 90% = 50%
|-activate|p2a: 90% = 50%|move: Protect
|move|p1b: Dragapult|Tera Blast|p2a: 90% = 50%|[anim] Tera Blast Ghost
|-activate|p2a: 90% = 50%|move: Protect
|
|upkeep
|turn|2
|
|t:|1756352913
|move|p1b: Dragapult|Tera Blast|p2a: 90% = 50%|[anim] Tera Blast Ghost
|-damage|p2a: 90% = 50%|55/100
|move|p2b: Noah's BFF|Close Combat|p1a: Snisli
|-resisted|p1a: Snisli
|-damage|p1a: Snisli|55/100
|-unboost|p2b: Noah's BFF|def|1
|-unboost|p2b: Noah's BFF|spd|1
|-enditem|p2b: Noah's BFF|White Herb
|-clearnegativeboost|p2b: Noah's BFF|[silent]
|move|p1a: Snisli|Dire Claw|p2a: 90% = 50%
|-damage|p2a: 90% = 50%|12/100
|-status|p2a: 90% = 50%|psn|[from] ability: Poison Touch|[of] p1a: Snisli
|move|p2a: 90% = 50%|Scale Shot|p1a: Snisli
|-crit|p1a: Snisli
|-damage|p1a: Snisli|14/100
|-damage|p1a: Snisli|0 fnt
|faint|p1a: Snisli
|-hitcount|p1: Snisli|2
|-unboost|p2a: 90% = 50%|def|1
|-boost|p2a: 90% = 50%|spe|1
|
|-damage|p2a: 90% = 50%|0 fnt|[from] psn
|faint|p2a: 90% = 50%
|upkeep
|
|t:|1756352953
|switch|p1a: Magmar|Magmar, L50, F|100/100
|switch|p2a: Monke|Rillaboom, L50, F, shiny|100/100
|-fieldstart|move: Grassy Terrain|[from] ability: Grassy Surge|[of] p2a: Monke
|turn|3
|
|t:|1756352984
|move|p1a: Magmar|Protect|p1a: Magmar
|-singleturn|p1a: Magmar|Protect
|move|p2a: Monke|Fake Out|p1a: Magmar
|-activate|p1a: Magmar|move: Protect
|move|p2b: Noah's BFF|Dire Claw|p1b: Dragapult
|-resisted|p1b: Dragapult
|-damage|p1b: Dragapult|75/100
|move|p1b: Dragapult|Tera Blast|p2b: Noah's BFF|[anim] Tera Blast Ghost
|-damage|p2b: Noah's BFF|0 fnt
|faint|p2b: Noah's BFF
|
|-heal|p1b: Dragapult|82/100|[from] Grassy Terrain
|upkeep
|
|t:|1756352994
|switch|p2b: Hi peli|Ninetales-Alola, L50, M, shiny|100/100
|-weather|Snowscape|[from] ability: Snow Warning|[of] p2b: Hi peli
|turn|4
|
|t:|1756353024
|switch|p1b: Kingii|Kingambit, L50, F, shiny|100/100
|-terastallize|p2a: Monke|Fire
|move|p2b: Hi peli|Blizzard|p1b: Kingii|[spread] p1a,p1b
|-resisted|p1a: Magmar
|-resisted|p1b: Kingii
|-damage|p1a: Magmar|84/100
|-damage|p1b: Kingii|80/100
|move|p2a: Monke|High Horsepower|p1a: Magmar|[miss]
|-miss|p2a: Monke|p1a: Magmar
|move|p1a: Magmar|Will-O-Wisp|p2a: Monke
|-immune|p2a: Monke
|
|-weather|Snowscape|[upkeep]
|-heal|p1a: Magmar|89/100|[from] Grassy Terrain
|-heal|p1b: Kingii|86/100|[from] Grassy Terrain
|upkeep
|turn|5
|
|t:|1756353048
|move|p1a: Magmar|Follow Me|p1a: Magmar
|-singleturn|p1a: Magmar|move: Follow Me
|move|p2b: Hi peli|Blizzard|p1b: Kingii|[spread] p1a,p1b
|-resisted|p1a: Magmar
|-resisted|p1b: Kingii
|-damage|p1a: Magmar|74/100
|-damage|p1b: Kingii|63/100
|move|p2a: Monke|High Horsepower|p1a: Magmar
|-supereffective|p1a: Magmar
|-damage|p1a: Magmar|23/100
|move|p1b: Kingii|Swords Dance|p1b: Kingii
|-boost|p1b: Kingii|atk|2
|
|-weather|Snowscape|[upkeep]
|-heal|p1a: Magmar|28/100|[from] Grassy Terrain
|-heal|p1b: Kingii|69/100|[from] Grassy Terrain
|upkeep
|turn|6
|
|t:|1756353070
|move|p1a: Magmar|Follow Me|p1a: Magmar
|-singleturn|p1a: Magmar|move: Follow Me
|move|p1b: Kingii|Sucker Punch|p2a: Monke
|-damage|p2a: Monke|13/100
|move|p2b: Hi peli|Blizzard|p1b: Kingii|[spread] p1a,p1b
|-resisted|p1a: Magmar
|-resisted|p1b: Kingii
|-damage|p1a: Magmar|10/100
|-damage|p1b: Kingii|46/100
|move|p2a: Monke|High Horsepower|p1a: Magmar
|-supereffective|p1a: Magmar
|-damage|p1a: Magmar|0 fnt
|faint|p1a: Magmar
|
|-weather|Snowscape|[upkeep]
|-heal|p2a: Monke|19/100|[from] Grassy Terrain
|-heal|p1b: Kingii|52/100|[from] Grassy Terrain
|upkeep
|
|t:|1756353083
|switch|p1a: Dragapult|Dragapult, L50, M, tera:Ghost|82/100
|turn|7
|
|t:|1756353115
|move|p2a: Monke|Grassy Glide|p1a: Dragapult
|-damage|p1a: Dragapult|32/100
|move|p1b: Kingii|Sucker Punch||[still]
|-fail|p1b: Kingii
|move|p1a: Dragapult|Tera Blast|p2b: Hi peli|[anim] Tera Blast Ghost
|-damage|p2b: Hi peli|22/100
|move|p2b: Hi peli|Blizzard|p1a: Dragapult|[spread] p1a,p1b
|-resisted|p1b: Kingii
|-crit|p1b: Kingii
|-damage|p1a: Dragapult|0 fnt
|-damage|p1b: Kingii|21/100
|faint|p1a: Dragapult
|
|-weather|Snowscape|[upkeep]
|-heal|p2b: Hi peli|28/100|[from] Grassy Terrain
|-heal|p2a: Monke|25/100|[from] Grassy Terrain
|-heal|p1b: Kingii|27/100|[from] Grassy Terrain
|-fieldend|move: Grassy Terrain
|upkeep
|turn|8
|
|t:|1756353150
|move|p1b: Kingii|Sucker Punch|p2a: Monke
|-damage|p2a: Monke|0 fnt
|faint|p2a: Monke
|move|p2b: Hi peli|Blizzard|p1b: Kingii
|-resisted|p1b: Kingii
|-damage|p1b: Kingii|0 fnt
|faint|p1b: Kingii
|
|win|ZXMaverickHunter
||moicito is ready for game 2.
|inactive|ZXMaverickHunter has 30 seconds to confirm battle start!
|inactive|ZXMaverickHunter has 20 seconds to confirm battle start!
||ZXMaverickHunter is ready for game 2.
|uhtml|next|Next: Game 2 of 3
