|j|☆The median voter
|j|☆Farigi no Raf
|html|The median voterFarigi no Raf    
|uhtml|bestof|Game 1 of a best-of-3
|t:|1757090709
|gametype|doubles
|player|p1|The median voter|scientist-gen4dp|1263
|player|p2|Farigi no Raf|vince|1399
|gen|9
|tier|[Gen 9] VGC 2025 Reg H (Bo3)
|rated|
|rule|Species Clause: Limit one of each Pokémon
|rule|Item Clause: Limit 1 of each item
|clearpoke
|poke|p1|Arcanine-Hisui, L50, F|
|poke|p1|Ninetales-Alola, L50, F|
|poke|p1|Gholdengo, L50|
|poke|p1|Sneasler, L50, M|
|poke|p1|Rillaboom, L50, F|
|poke|p1|Dragonite, L50, F|
|poke|p2|Dragonite, L50, F|
|poke|p2|Gholdengo, L50|
|poke|p2|Sneasler, L50, F|
|poke|p2|Rillaboom, L50, M|
|poke|p2|Ursaluna-Bloodmoon, L50, M|
|poke|p2|Magmar, L50, F|
|teampreview|4
|showteam|p1|Arcanine-Hisui||ClearAmulet|Intimidate|FlareBlitz,RockSlide,Protect,ExtremeSpeed|||F|||50|,,,,,Water]Ninetales-Alola||FocusSash|SnowWarning|Blizzard,IcyWind,AuroraVeil,Encore|||F|||50|,,,,,Ghost]Gholdengo||GrassySeed|GoodasGold|MakeItRain,NastyPlot,ShadowBall,Protect||||||50|,,,,,Water]Sneasler||WhiteHerb|Unburden|DireClaw,CloseCombat,Coaching,Protect|||M|||50|,,,,,Ghost]Rillaboom||AssaultVest|GrassySurge|FakeOut,DrumBeating,HighHorsepower,GrassyGlide|||F|||50|,,,,,Fire]Dragonite||LoadedDice|Multiscale|ScaleShot,Protect,StompingTantrum,Tailwind|||F|||50|,,,,,Ground
|showteam|p2|Dragonite||LoadedDice|Multiscale|ScaleShot,Tailwind,ExtremeSpeed,Protect|||F|||50|,,,,,Fairy]Gholdengo||LifeOrb|GoodasGold|MakeItRain,ShadowBall,NastyPlot,Protect||||||50|,,,,,Water]Sneasler||FocusSash|PoisonTouch|CloseCombat,DireClaw,Coaching,FakeOut|||F|||50|,,,,,Ghost]Rillaboom||AssaultVest|GrassySurge|WoodHammer,FakeOut,GrassyGlide,HighHorsepower|||M|||50|,,,,,Fire]Ursaluna-Bloodmoon||SilkScarf|MindsEye|HyperVoice,EarthPower,BloodMoon,Protect|||M|||50|,,,,,Water]Magmar||Eviolite|VitalSpirit|FollowMe,BurningJealousy,ClearSmog,Protect|||F|||50|,,,,,Dragon
|j| CRISP WHITE SHEETS
|
|t:|1757090769
|teamsize|p1|4
|teamsize|p2|4
|start
|switch|p1a: Rillaboom|Rillaboom, L50, F|100/100
|switch|p1b: Gholdengo|Gholdengo, L50|100/100
|switch|p2a: Magmar|Magmar, L50, F|100/100
|switch|p2b: Sneasler|Sneasler, L50, F|100/100
|-fieldstart|move: Grassy Terrain|[from] ability: Grassy Surge|[of] p1a: Rillaboom
|-enditem|p1b: Gholdengo|Grassy Seed
|-boost|p1b: Gholdengo|def|1|[from] item: Grassy Seed
|turn|1
|
|t:|1757090789
|move|p1a: Rillaboom|Fake Out|p2a: Magmar
|-damage|p2a: Magmar|91/100
|move|p2b: Sneasler|Dire Claw|p1a: Rillaboom
|-supereffective|p1a: Rillaboom
|-damage|p1a: Rillaboom|12/100
|move|p1b: Gholdengo|Nasty Plot|p1b: Gholdengo
|-boost|p1b: Gholdengo|spa|2
|cant|p2a: Magmar|flinch
|
|-heal|p1a: Rillaboom|19/100|[from] Grassy Terrain
|-heal|p2a: Magmar|97/100|[from] Grassy Terrain
|upkeep
|turn|2
|
|t:|1757090818
|move|p1a: Rillaboom|Grassy Glide|p2b: Sneasler
|-resisted|p2b: Sneasler
|-damage|p2b: Sneasler|73/100
|move|p2b: Sneasler|Dire Claw|p1a: Rillaboom
|-supereffective|p1a: Rillaboom
|-damage|p1a: Rillaboom|0 fnt
|faint|p1a: Rillaboom
|move|p1b: Gholdengo|Shadow Ball|p2a: Magmar
|-damage|p2a: Magmar|31/100
|move|p2a: Magmar|Burning Jealousy|p1b: Gholdengo
|-supereffective|p1b: Gholdengo
|-damage|p1b: Gholdengo|45/100
|
|-heal|p2b: Sneasler|79/100|[from] Grassy Terrain
|-heal|p1b: Gholdengo|51/100|[from] Grassy Terrain
|-heal|p2a: Magmar|37/100|[from] Grassy Terrain
|upkeep
|
|t:|1757090825
|switch|p1a: Dragonite|Dragonite, L50, F|100/100
|turn|3
|
|t:|1757090836
|move|p1b: Gholdengo|Protect|p1b: Gholdengo
|-singleturn|p1b: Gholdengo|Protect
|move|p2a: Magmar|Protect|p2a: Magmar
|-singleturn|p2a: Magmar|Protect
|move|p2b: Sneasler|Dire Claw|p1a: Dragonite
|-damage|p1a: Dragonite|78/100
|-status|p1a: Dragonite|slp
|cant|p1a: Dragonite|slp
|
|-heal|p2b: Sneasler|85/100|[from] Grassy Terrain
|-heal|p1b: Gholdengo|58/100|[from] Grassy Terrain
|-heal|p2a: Magmar|42/100|[from] Grassy Terrain
|upkeep
|turn|4
|l| CRISP WHITE SHEETS
|
|t:|1757090857
|-terastallize|p1b: Gholdengo|Water
|move|p2b: Sneasler|Dire Claw|p1a: Dragonite
|-damage|p1a: Dragonite|29/100 slp
|move|p1b: Gholdengo|Make It Rain|p2b: Sneasler|[spread] p2a,p2b
|-resisted|p2a: Magmar
|-damage|p2a: Magmar|5/100
|-damage|p2b: Sneasler|0 fnt
|-unboost|p1b: Gholdengo|spa|1
|faint|p2b: Sneasler
|-curestatus|p1a: Dragonite|slp|[msg]
|move|p1a: Dragonite|Tailwind|p1a: Dragonite
|-sidestart|p1: The median voter|move: Tailwind
|move|p2a: Magmar|Burning Jealousy|p1b: Gholdengo|[spread] p1a,p1b
|-resisted|p1a: Dragonite
|-resisted|p1b: Gholdengo
|-damage|p1a: Dragonite|18/100
|-damage|p1b: Gholdengo|47/100
|
|-heal|p1b: Gholdengo|53/100|[from] Grassy Terrain
|-heal|p2a: Magmar|11/100|[from] Grassy Terrain
|upkeep
|
|t:|1757090872
|switch|p2b: Dragonite|Dragonite, L50, F|100/100
|turn|5
|
|t:|1757090887
|move|p1a: Dragonite|Protect|p1a: Dragonite
|-singleturn|p1a: Dragonite|Protect
|move|p2a: Magmar|Protect|p2a: Magmar
|-singleturn|p2a: Magmar|Protect
|move|p2b: Dragonite|Extreme Speed|p1a: Dragonite
|-activate|p1a: Dragonite|move: Protect
|move|p1b: Gholdengo|Make It Rain|p2b: Dragonite|[spread] p2b
|-activate|p2a: Magmar|move: Protect
|-damage|p2b: Dragonite|64/100
|-unboost|p1b: Gholdengo|spa|1
|
|-heal|p1b: Gholdengo|59/100|[from] Grassy Terrain
|-heal|p2a: Magmar|17/100|[from] Grassy Terrain
|-fieldend|move: Grassy Terrain
|upkeep
|turn|6
|
|t:|1757090910
|switch|p1a: Ninetales|Ninetales-Alola, L50, F|100/100
|-weather|Snowscape|[from] ability: Snow Warning|[of] p1a: Ninetales
|move|p2b: Dragonite|Extreme Speed|p1a: Ninetales
|-damage|p1a: Ninetales|68/100
|move|p1b: Gholdengo|Make It Rain|p2b: Dragonite|[spread] p2a,p2b
|-resisted|p2a: Magmar
|-damage|p2a: Magmar|0 fnt
|-damage|p2b: Dragonite|17/100
|-unboost|p1b: Gholdengo|spa|1
|faint|p2a: Magmar
|
|-weather|Snowscape|[upkeep]
|upkeep
|
|t:|1757090920
|switch|p2a: Gholdengo|Gholdengo, L50|100/100
|turn|7
|
|t:|1757090942
|-terastallize|p2a: Gholdengo|Water
|move|p2b: Dragonite|Extreme Speed|p1b: Gholdengo
|-damage|p1b: Gholdengo|35/100
|move|p1a: Ninetales|Blizzard|p2b: Dragonite|[spread] p2a,p2b
|-resisted|p2a: Gholdengo
|-supereffective|p2b: Dragonite
|-crit|p2b: Dragonite
|-damage|p2a: Gholdengo|84/100
|-damage|p2b: Dragonite|0 fnt
|faint|p2b: Dragonite
|move|p1b: Gholdengo|Nasty Plot|p1b: Gholdengo
|-boost|p1b: Gholdengo|spa|2
|move|p2a: Gholdengo|Make It Rain|p1a: Ninetales|[spread] p1a,p1b
|-supereffective|p1a: Ninetales
|-resisted|p1b: Gholdengo
|-damage|p1a: Ninetales|0 fnt
|-damage|p1b: Gholdengo|0 fnt
|-unboost|p2a: Gholdengo|spa|1
|faint|p1a: Ninetales
|faint|p1b: Gholdengo
|-damage|p2a: Gholdengo|74/100|[from] item: Life Orb
|
|-weather|Snowscape|[upkeep]
|-sideend|p1: The median voter|move: Tailwind
|upkeep
|
|t:|1757090951
|switch|p1b: Dragonite|Dragonite, L50, F|18/100
|turn|8
|
|t:|1757090953
|move|p2a: Gholdengo|Make It Rain|p1b: Dragonite
|-damage|p1b: Dragonite|0 fnt
|-unboost|p2a: Gholdengo|spa|1
|faint|p1b: Dragonite
|-damage|p2a: Gholdengo|65/100|[from] item: Life Orb
|
|win|Farigi no Raf
