|j|☆DDDDDRACOOO
|j|☆ghostboydillon
|html|DDDDDRACOOOghostboydillon    
|uhtml|bestof|Game 2 of a best-of-3
|t:|1785513325
|gametype|doubles
|player|p1|DDDDDRACOOO|lucas|1000
|player|p2|ghostboydillon|gambler|1001
|gen|9
|tier|[Gen 9 Champions] VGC 2026 Reg M-B (Bo3)
|rated|
|rule|Species Clause: Limit one of each Pokémon
|rule|Item Clause: Limit 1 of each item
|clearpoke
|poke|p1|Kingambit, L50, F|
|poke|p1|Farigiraf, L50, F|
|poke|p1|Staraptor, L50, F, shiny|
|poke|p1|Whimsicott, L50, F|
|poke|p1|Sneasler, L50, F|
|poke|p1|Samurott-Hisui, L50, M, shiny|
|poke|p2|Mr. Rime, L50, M|
|poke|p2|Aggron, L50, M, shiny|
|poke|p2|Grimmsnarl, L50, M|
|poke|p2|Rotom-Wash, L50|
|poke|p2|Gholdengo, L50|
|poke|p2|Incineroar, L50, F|
|teampreview|4
|showteam|p1|Kingambit||ChopleBerry|Defiant|SuckerPunch,KowtowCleave,Protect,SwordsDance|Brave||F|||50|]Farigiraf||SitrusBerry|ArmorTail|HelpingHand,HyperVoice,Protect,TrickRoom|Quiet||F|||50|]Staraptor||Staraptite|Intimidate|CloseCombat,Roost,BraveBird,Protect|Adamant||F|||50|]Whimsicott||FocusSash|Prankster|Tailwind,Charm,Taunt,Moonblast|Timid||F|||50|]Sneasler||LifeOrb|PoisonTouch|CloseCombat,FakeOut,Coaching,PoisonJab|Jolly||F|||50|]Samurott-Hisui||WhiteHerb|Sharpness|CeaselessEdge,SuckerPunch,AquaCutter,Protect|Jolly||M|||50|
|showteam|p2|Mr. Rime||FocusSash|ScreenCleaner|IceBeam,Thunder,NastyPlot,Protect|Timid||M|||50|]Aggron||Aggronite|Sturdy|HeavySlam,BodyPress,HeadSmash,Protect|Impish||M|||50|]Grimmsnarl||SitrusBerry|Prankster|ThroatChop,SpiritBreak,ScaryFace,Protect|Impish||M|||50|]Rotom-Wash||Metronome|Levitate|Thunderbolt,HydroPump,DarkPulse,Protect|Bold|||||50|]Gholdengo||LifeOrb|GoodasGold|Thunderbolt,MakeItRain,NastyPlot,Protect|Modest|||||50|]Incineroar||LumBerry|Intimidate|FakeOut,HelpingHand,FlareBlitz,Protect|Careful||F|||50|
|inactive|Battle timer is ON: inactive players will automatically lose when time's up. (requested by ghostboydillon)
|c|☆DDDDDRACOOO|dw im trash too
|c|☆DDDDDRACOOO|don’t use chat tho
|c|☆DDDDDRACOOO|it’s very bad with pokemon
|
|t:|1785513350
|teamsize|p1|4
|teamsize|p2|4
|start
|switch|p1a: Samurott|Samurott-Hisui, L50, M, shiny|100/100
|switch|p1b: Sneasler|Sneasler, L50, F|100/100
|switch|p2a: Mr. Rime|Mr. Rime, L50, M|100/100
|switch|p2b: Grimmsnarl|Grimmsnarl, L50, M|100/100
|turn|1
|inactive|ghostboydillon has 30 seconds left.
|
|t:|1785513375
|move|p2b: Grimmsnarl|Scary Face|p1b: Sneasler
|-unboost|p1b: Sneasler|spe|2
|move|p1a: Samurott|Ceaseless Edge|p2a: Mr. Rime
|-supereffective|p2a: Mr. Rime|1
|-enditem|p2a: Mr. Rime|Focus Sash
|-damage|p2a: Mr. Rime|1/100
|-sidestart|p2: ghostboydillon|Spikes
|move|p2a: Mr. Rime|Nasty Plot|p2a: Mr. Rime
|-boost|p2a: Mr. Rime|spa|2
|move|p1b: Sneasler|Poison Jab|p2b: Grimmsnarl
|-supereffective|p2b: Grimmsnarl|1
|-damage|p2b: Grimmsnarl|9/100
|-enditem|p2b: Grimmsnarl|Sitrus Berry|[eat]
|-heal|p2b: Grimmsnarl|34/100|[from] item: Sitrus Berry
|-damage|p1b: Sneasler|90/100|[from] item: Life Orb
|
|upkeep
|turn|2
|inactive|ghostboydillon has 30 seconds left.
|inactive|ghostboydillon has 20 seconds left.
|inactive|DDDDDRACOOO has 30 seconds left.
|inactive|ghostboydillon has 15 seconds left.
|
|t:|1785513419
|move|p2b: Grimmsnarl|Scary Face|p1b: Sneasler
|-unboost|p1b: Sneasler|spe|2
|move|p1a: Samurott|Ceaseless Edge|p2a: Mr. Rime
|-supereffective|p2a: Mr. Rime|1
|-damage|p2a: Mr. Rime|0 fnt
|-sidestart|p2: ghostboydillon|Spikes
|faint|p2a: Mr. Rime
|move|p1b: Sneasler|Coaching|p1a: Samurott
|-boost|p1a: Samurott|atk|1
|-boost|p1a: Samurott|def|1
|
|upkeep
|c|☆ghostboydillon|i need psychic coverage fr
|
|t:|1785513435
|switch|p2a: Aggron|Aggron, L50, M, shiny|100/100
|-damage|p2a: Aggron|83/100|[from] Spikes
|turn|3
|c|☆DDDDDRACOOO|lowkey
|c|☆DDDDDRACOOO|drop thunder
|inactive|DDDDDRACOOO has 30 seconds left.
|c|☆DDDDDRACOOO|u already have rotom and thunderbolt Ghold
|inactive|DDDDDRACOOO has 20 seconds left.
|c|☆ghostboydillon|that is true
|inactive|DDDDDRACOOO has 15 seconds left.
|
|t:|1785513475
|detailschange|p2a: Aggron|Aggron-Mega, L50, M, shiny
|-mega|p2a: Aggron|Aggron|Aggronite
|move|p2b: Grimmsnarl|Scary Face|p1a: Samurott
|-hint|Since gen 7, Dark is immune to Prankster moves.
|-immune|p1a: Samurott
|move|p1a: Samurott|Aqua Cutter|p2b: Grimmsnarl
|-damage|p2b: Grimmsnarl|0 fnt
|faint|p2b: Grimmsnarl
|move|p2a: Aggron|Body Press|p1a: Samurott
|-supereffective|p1a: Samurott|1
|-damage|p1a: Samurott|20/100y
|move|p1b: Sneasler|Coaching|p1a: Samurott
|-boost|p1a: Samurott|atk|1
|-boost|p1a: Samurott|def|1
|
|upkeep
|
|t:|1785513490
|switch|p2b: Rotom|Rotom-Wash, L50|100/100
|turn|4
|
|t:|1785513499
|switch|p1b: Whimsicott|Whimsicott, L50, F|100/100
|move|p1a: Samurott|Protect|p1a: Samurott
|-singleturn|p1a: Samurott|Protect
|move|p2b: Rotom|Hydro Pump|p1b: Whimsicott
|-resisted|p1b: Whimsicott|1
|-damage|p1b: Whimsicott|69/100
|move|p2a: Aggron|Body Press|p1a: Samurott
|-activate|p1a: Samurott|move: Protect
|
|upkeep
|turn|5
|
|t:|1785513513
|move|p1b: Whimsicott|Tailwind|p1b: Whimsicott
|-sidestart|p1: DDDDDRACOOO|move: Tailwind
|move|p1a: Samurott|Ceaseless Edge|p2b: Rotom
|-damage|p2b: Rotom|24/100
|-sidestart|p2: ghostboydillon|Spikes
|move|p2b: Rotom|Thunderbolt|p1a: Samurott
|-supereffective|p1a: Samurott|1
|-damage|p1a: Samurott|0 fnt
|faint|p1a: Samurott
|move|p2a: Aggron|Heavy Slam|p1b: Whimsicott
|-supereffective|p1b: Whimsicott|1
|-damage|p1b: Whimsicott|0 fnt
|faint|p1b: Whimsicott
|
|upkeep
|
|t:|1785513521
|switch|p1b: Sneasler|Sneasler, L50, F|90/100
|switch|p1a: Staraptor|Staraptor, L50, F, shiny|100/100
|-ability|p1a: Staraptor|Intimidate|boost
|-unboost|p2a: Aggron|atk|1
|-unboost|p2b: Rotom|atk|1
|turn|6
|
|t:|1785513540
|detailschange|p1a: Staraptor|Staraptor-Mega, L50, F, shiny
|-mega|p1a: Staraptor|Staraptor|Staraptite
|move|p1b: Sneasler|Fake Out|p2b: Rotom
|-damage|p2b: Rotom|10/100
|-status|p2b: Rotom|psn|[from] ability: Poison Touch|[of] p1b: Sneasler
|-damage|p1b: Sneasler|81/100|[from] item: Life Orb
|move|p1a: Staraptor|Close Combat|p2a: Aggron
|-supereffective|p2a: Aggron|1
|-damage|p2a: Aggron|40/100
|-boost|p1a: Staraptor|def|1
|-boost|p1a: Staraptor|spd|1
|cant|p2b: Rotom|flinch
|move|p2a: Aggron|Heavy Slam|p1a: Staraptor
|-damage|p1a: Staraptor|73/100
|
|-damage|p2b: Rotom|0 fnt|[from] psn
|faint|p2b: Rotom
|upkeep
|turn|7
|
|t:|1785513562
|move|p1b: Sneasler|Close Combat|p2a: Aggron
|-supereffective|p2a: Aggron|1
|-damage|p2a: Aggron|0 fnt
|-unboost|p1b: Sneasler|def|1
|-unboost|p1b: Sneasler|spd|1
|faint|p2a: Aggron
|-damage|p1b: Sneasler|71/100|[from] item: Life Orb
|
|win|DDDDDRACOOO
|raw|DDDDDRACOOO's rating: 1000 → 1040(+40 for winning)
|raw|ghostboydillon's rating: 1001 → 1000(-1 for losing)
|c|☆DDDDDRACOOO|gg wp
