|j|☆NotThinkingVGC
|j|☆TrainerDonut
|html|NotThinkingVGCTrainerDonut    
|uhtml|bestof|Game 1 of a best-of-3
|t:|1783334774
|gametype|doubles
|player|p1|NotThinkingVGC|volkner|1100
|player|p2|TrainerDonut|barry|1075
|gen|9
|tier|[Gen 9 Champions] VGC 2026 Reg M-B (Bo3)
|rated|
|rule|Species Clause: Limit one of each Pokémon
|rule|Item Clause: Limit 1 of each item
|clearpoke
|poke|p1|Blastoise, L50, M|
|poke|p1|Delphox, L50, M|
|poke|p1|Incineroar, L50, F|
|poke|p1|Sinistcha-Masterpiece, L50|
|poke|p1|Maushold, L50|
|poke|p1|Sneasler, L50, M|
|poke|p2|Charizard, L50, M, shiny|
|poke|p2|Garchomp, L50, F|
|poke|p2|Venusaur, L50, F|
|poke|p2|Whimsicott, L50, F|
|poke|p2|Sylveon, L50, M|
|poke|p2|Empoleon, L50, M|
|teampreview|4
|showteam|p1|Blastoise||Blastoisinite|RainDish|Protect,WaterSpout,DarkPulse,ShellSmash|Modest||M|||50|]Delphox||Delphoxite|Blaze|HeatWave,Psyshock,NastyPlot,Protect|Modest||M|||50|]Incineroar||PasshoBerry|Intimidate|PartingShot,FakeOut,FlareBlitz,DarkestLariat|Impish||F|||50|]Sinistcha-Masterpiece||KasibBerry|Hospitality|MatchaGotcha,Protect,LifeDew,RagePowder|Bold|||||50|]Maushold||FocusSash|FriendGuard|Protect,FollowMe,SuperFang,Encore|Jolly|||||50|]Sneasler||WhiteHerb|Unburden|GunkShot,FakeOut,CloseCombat,Protect|Jolly||M|||50|
|showteam|p2|Charizard||CharizarditeY|SolarPower|HeatWave,SolarBeam,Protect,WeatherBall|Timid||M|||50|]Garchomp||Garchompite|RoughSkin|Earthquake,DragonClaw,PoisonJab,RockSlide|Jolly||F|||50|]Venusaur||YacheBerry|Chlorophyll|SleepPowder,LeafStorm,SludgeBomb,Protect|Timid||F|||50|]Whimsicott||FocusSash|Prankster|Tailwind,Encore,Moonblast,SunnyDay|Timid||F|||50|]Sylveon||ChoiceScarf|Pixilate|HyperVoice,Psychic,ShadowBall,Protect|Modest||M|||50|]Empoleon||Leftovers|Competitive|Surf,Protect,Haze,KnockOff|Calm||M|||50|
|inactive|Battle timer is ON: inactive players will automatically lose when time's up. (requested by NotThinkingVGC)
|inactive|NotThinkingVGC has 60 seconds left.
|inactive|TrainerDonut has 60 seconds left.
|
|t:|1783334833
|teamsize|p1|4
|teamsize|p2|4
|start
|switch|p1a: Delphox|Delphox, L50, M|100/100
|switch|p1b: Sneasler|Sneasler, L50, M|100/100
|switch|p2a: Charizard|Charizard, L50, M, shiny|100/100
|switch|p2b: Whimsicott|Whimsicott, L50, F|100/100
|turn|1
|inactive|TrainerDonut has 30 seconds left.
|inactive|TrainerDonut has 20 seconds left.
|inactive|TrainerDonut has 15 seconds left.
|inactive|TrainerDonut has 10 seconds left.
|
|t:|1783334882
|detailschange|p2a: Charizard|Charizard-Mega-Y, L50, M, shiny
|-mega|p2a: Charizard|Charizard|Charizardite Y
|-weather|SunnyDay|[from] ability: Drought|[of] p2a: Charizard
|detailschange|p1a: Delphox|Delphox-Mega, L50, M
|-mega|p1a: Delphox|Delphox|Delphoxite
|move|p1b: Sneasler|Fake Out|p2b: Whimsicott
|-damage|p2b: Whimsicott|86/100
|cant|p2b: Whimsicott|flinch
|move|p1a: Delphox|Heat Wave|p2a: Charizard|[spread] p2b
|-miss|p1a: Delphox|p2a: Charizard
|-supereffective|p2b: Whimsicott|1
|-damage|p2b: Whimsicott|0 fnt
|faint|p2b: Whimsicott
|move|p2a: Charizard|Weather Ball|p1b: Sneasler
|-damage|p1b: Sneasler|3/100
|
|-weather|SunnyDay|[upkeep]
|upkeep
|
|t:|1783334906
|switch|p2b: Sylveon|Sylveon, L50, M|100/100
|turn|2
|inactive|NotThinkingVGC has 30 seconds left.
|
|t:|1783334937
|move|p1a: Delphox|Protect|p1a: Delphox
|-singleturn|p1a: Delphox|Protect
|move|p2a: Charizard|Protect|p2a: Charizard
|-singleturn|p2a: Charizard|Protect
|move|p1b: Sneasler|Gunk Shot|p2b: Sylveon|[miss]
|-miss|p1b: Sneasler|p2b: Sylveon
|move|p2b: Sylveon|Hyper Voice|p1a: Delphox|[spread] p1b
|-activate|p1a: Delphox|move: Protect
|-damage|p1b: Sneasler|0 fnt
|faint|p1b: Sneasler
|
|-weather|SunnyDay|[upkeep]
|upkeep
|
|t:|1783334955
|switch|p1b: Maushold|Maushold, L50|100/100
|turn|3
|
|t:|1783334978
|switch|p2b: Garchomp|Garchomp, L50, F|100/100
|move|p1b: Maushold|Encore|p2a: Charizard
|-start|p2a: Charizard|Encore
|move|p2a: Charizard|Protect|p2a: Charizard
|-singleturn|p2a: Charizard|Protect
|move|p1a: Delphox|Nasty Plot|p1a: Delphox
|-boost|p1a: Delphox|spa|2
|
|-weather|SunnyDay|[upkeep]
|upkeep
|turn|4
|
|t:|1783334992
|switch|p2a: Sylveon|Sylveon, L50, M|100/100
|move|p1b: Maushold|Super Fang|p2b: Garchomp
|-damage|p2b: Garchomp|50/100g
|-damage|p1b: Maushold|87/100|[from] ability: Rough Skin|[of] p2b: Garchomp
|move|p1a: Delphox|Psyshock|p2b: Garchomp
|-damage|p2b: Garchomp|0 fnt
|faint|p2b: Garchomp
|
|-weather|SunnyDay|[upkeep]
|upkeep
|
|t:|1783335001
|switch|p2b: Charizard|Charizard-Mega-Y, L50, M, shiny|100/100
|turn|5
|inactive|NotThinkingVGC has 30 seconds left.
|
|t:|1783335029
|move|p1b: Maushold|Super Fang|p2a: Sylveon
|-damage|p2a: Sylveon|50/100y
|move|p1a: Delphox|Psyshock|p2a: Sylveon
|-damage|p2a: Sylveon|0 fnt
|faint|p2a: Sylveon
|move|p2b: Charizard|Weather Ball|p1b: Maushold
|-damage|p1b: Maushold|0 fnt
|faint|p1b: Maushold
|
|-weather|none
|upkeep
|
|t:|1783335031
|switch|p1b: Sinistcha|Sinistcha-Masterpiece, L50|100/100
|turn|6
|
|t:|1783335050
|move|p1b: Sinistcha|Protect|p1b: Sinistcha
|-singleturn|p1b: Sinistcha|Protect
|move|p1a: Delphox|Psyshock|p2b: Charizard
|-damage|p2b: Charizard|0 fnt
|faint|p2b: Charizard
|
|win|NotThinkingVGC
