|j|☆aox93
|j|☆Togore Gaming
|html|aox93Togore Gaming    
|uhtml|bestof|Game 2 of a best-of-3
|t:|1756427200
|gametype|doubles
|player|p1|aox93|n|1364
|player|p2|Togore Gaming|richboy-gen4|1258
|gen|9
|tier|[Gen 9] VGC 2025 Reg H (Bo3)
|rated|
|rule|Species Clause: Limit one of each Pokémon
|rule|Item Clause: Limit 1 of each item
|clearpoke
|poke|p1|Talonflame, L50, F|
|poke|p1|Sneasler, L50, F|
|poke|p1|Indeedee, L50, M|
|poke|p1|Gholdengo, L50|
|poke|p1|Garchomp, L50, M|
|poke|p1|Tyranitar, L50, M|
|poke|p2|Indeedee, L50, M|
|poke|p2|Sneasler, L50, M|
|poke|p2|Drifblim, L50, M|
|poke|p2|Ursaluna-Bloodmoon, L50, M|
|poke|p2|Electabuzz, L50, F|
|poke|p2|Corviknight, L50, F|
|teampreview|4
|showteam|p1|Talonflame||CovertCloak|GaleWings|BraveBird,Tailwind,WillOWisp,FlareBlitz|||F|||50|,,,,,Flying]Sneasler||PsychicSeed|Unburden|ThroatChop,CloseCombat,DireClaw,AcidSpray|||F|||50|,,,,,Dark]Indeedee||FocusSash|PsychicSurge|Protect,TrickRoom,Imprison,ExpandingForce|||M|||50|,,,,,Psychic]Gholdengo||ChoiceSpecs|GoodasGold|MakeItRain,ShadowBall,Thunderbolt,SteelBeam||||||50|,,,,,Steel]Garchomp||LifeOrb|RoughSkin|Protect,Earthquake,Outrage,StompingTantrum|||M|||50|,,,,,Ground]Tyranitar||AssaultVest|SandStream|RockSlide,TeraBlast,KnockOff,LowKick|||M|||50|,,,,,Flying
|showteam|p2|Indeedee||FocusSash|PsychicSurge|ExpandingForce,TeraBlast,Imprison,TrickRoom|||M|||50|,,,,,Ground]Sneasler||WhiteHerb|Unburden|DireClaw,CloseCombat,ThroatChop,Protect|||M|||50|,,,,,Dark]Drifblim||PsychicSeed|Unburden|Acrobatics,WillOWisp,Tailwind,Haze|||M|||50|,,,,,Grass]Ursaluna-Bloodmoon||LifeOrb|MindsEye|BloodMoon,HyperVoice,EarthPower,Protect|||M|||50|,,,,,Normal]Electabuzz||Eviolite|VitalSpirit|Electroweb,FollowMe,Taunt,Protect|||F|||50|,,,,,Dragon]Corviknight||SitrusBerry|MirrorArmor|BraveBird,BodyPress,BulkUp,Roost|||F|||50|,,,,,Fire
|inactive|Battle timer is ON: inactive players will automatically lose when time's up. (requested by Togore Gaming)
|inactive|aox93 has 60 seconds left.
|
|t:|1756427239
|teamsize|p1|4
|teamsize|p2|4
|start
|switch|p1a: Talonflame|Talonflame, L50, F, shiny|100/100
|switch|p1b: Tyranitar|Tyranitar, L50, M|100/100
|switch|p2a: Indeedee|Indeedee, L50, M|100/100
|switch|p2b: Drifblim|Drifblim, L50, M|100/100
|-fieldstart|move: Psychic Terrain|[from] ability: Psychic Surge|[of] p2a: Indeedee
|-enditem|p2b: Drifblim|Psychic Seed
|-boost|p2b: Drifblim|spd|1|[from] item: Psychic Seed
|-weather|Sandstorm|[from] ability: Sand Stream|[of] p1b: Tyranitar
|turn|1
|
|t:|1756427260
|-terastallize|p2a: Indeedee|Ground
|move|p1a: Talonflame|Tailwind|p1a: Talonflame
|-sidestart|p1: aox93|move: Tailwind
|move|p2b: Drifblim|Tailwind|p2b: Drifblim
|-sidestart|p2: Togore Gaming|move: Tailwind
|move|p2a: Indeedee|Expanding Force|p1b: Tyranitar|[spread] p1a
|-immune|p1b: Tyranitar
|-damage|p1a: Talonflame|13/100
|move|p1b: Tyranitar|Rock Slide|p2b: Drifblim|[spread] p2a,p2b
|-resisted|p2a: Indeedee
|-supereffective|p2b: Drifblim
|-damage|p2a: Indeedee|64/100
|-damage|p2b: Drifblim|49/100
|
|-weather|Sandstorm|[upkeep]
|-damage|p2b: Drifblim|43/100|[from] Sandstorm
|-damage|p1a: Talonflame|7/100|[from] Sandstorm
|upkeep
|turn|2
|inactive|aox93 has 30 seconds left.
|inactive|Togore Gaming has 30 seconds left.
|inactive|aox93 has 20 seconds left.
|
|t:|1756427300
|-terastallize|p1b: Tyranitar|Flying
|move|p2b: Drifblim|Acrobatics|p1a: Talonflame
|-damage|p1a: Talonflame|0 fnt
|faint|p1a: Talonflame
|move|p2a: Indeedee|Tera Blast|p1b: Tyranitar|[anim] Tera Blast Ground
|-immune|p1b: Tyranitar
|move|p1b: Tyranitar|Rock Slide|p2b: Drifblim|[spread] p2a,p2b
|-resisted|p2a: Indeedee
|-supereffective|p2b: Drifblim
|-damage|p2a: Indeedee|33/100
|-damage|p2b: Drifblim|0 fnt
|faint|p2b: Drifblim
|
|-weather|Sandstorm|[upkeep]
|-damage|p1b: Tyranitar|94/100|[from] Sandstorm
|upkeep
|
|t:|1756427316
|switch|p1a: Sneasler|Sneasler, L50, F, shiny|100/100
|switch|p2b: Corviknight|Corviknight, L50, F|100/100
|-enditem|p1a: Sneasler|Psychic Seed
|-boost|p1a: Sneasler|spd|1|[from] item: Psychic Seed
|turn|3
|
|t:|1756427331
|move|p1a: Sneasler|Throat Chop|p2a: Indeedee
|-damage|p2a: Indeedee|0 fnt
|faint|p2a: Indeedee
|move|p1b: Tyranitar|Knock Off|p2b: Corviknight
|-damage|p2b: Corviknight|59/100
|-enditem|p2b: Corviknight|Sitrus Berry|[from] move: Knock Off|[of] p1b: Tyranitar
|move|p2b: Corviknight|Bulk Up|p2b: Corviknight
|-boost|p2b: Corviknight|atk|1
|-boost|p2b: Corviknight|def|1
|
|-weather|Sandstorm|[upkeep]
|-damage|p1a: Sneasler|95/100|[from] Sandstorm
|-damage|p1b: Tyranitar|88/100|[from] Sandstorm
|upkeep
|
|t:|1756427336
|switch|p2a: Sneasler|Sneasler, L50, M|100/100
|turn|4
|
|t:|1756427360
|move|p2a: Sneasler|Protect|p2a: Sneasler
|-singleturn|p2a: Sneasler|Protect
|move|p1a: Sneasler|Close Combat|p2b: Corviknight
|-damage|p2b: Corviknight|28/100
|-unboost|p1a: Sneasler|def|1
|-unboost|p1a: Sneasler|spd|1
|move|p1b: Tyranitar|Tera Blast|p2a: Sneasler|[anim] Tera Blast Flying
|-activate|p2a: Sneasler|move: Protect
|move|p2b: Corviknight|Roost|p2b: Corviknight
|-heal|p2b: Corviknight|78/100
|-singleturn|p2b: Corviknight|move: Roost
|
|-weather|Sandstorm|[upkeep]
|-damage|p1a: Sneasler|89/100|[from] Sandstorm
|-damage|p2a: Sneasler|95/100|[from] Sandstorm
|-damage|p1b: Tyranitar|82/100|[from] Sandstorm
|-sideend|p2: Togore Gaming|move: Tailwind
|-sideend|p1: aox93|move: Tailwind
|upkeep
|turn|5
|
|t:|1756427380
|move|p1a: Sneasler|Close Combat|p2b: Corviknight
|-damage|p2b: Corviknight|47/100
|-unboost|p1a: Sneasler|def|1
|-unboost|p1a: Sneasler|spd|1
|move|p2a: Sneasler|Dire Claw|p1b: Tyranitar
|-damage|p1b: Tyranitar|43/100
|-status|p1b: Tyranitar|psn
|move|p1b: Tyranitar|Tera Blast|p2a: Sneasler|[anim] Tera Blast Flying
|-supereffective|p2a: Sneasler
|-damage|p2a: Sneasler|0 fnt
|faint|p2a: Sneasler
|move|p2b: Corviknight|Bulk Up|p2b: Corviknight
|-boost|p2b: Corviknight|atk|1
|-boost|p2b: Corviknight|def|1
|
|-weather|none
|-damage|p1b: Tyranitar|30/100 psn|[from] psn
|-fieldend|move: Psychic Terrain
|upkeep
|turn|6
|inactive|aox93 has 30 seconds left.
|
|t:|1756427408
|move|p1a: Sneasler|Close Combat|p2b: Corviknight
|-damage|p2b: Corviknight|21/100
|-unboost|p1a: Sneasler|def|1
|-unboost|p1a: Sneasler|spd|1
|move|p1b: Tyranitar|Rock Slide|p2b: Corviknight
|-crit|p2b: Corviknight
|-damage|p2b: Corviknight|0 fnt
|faint|p2b: Corviknight
|
|win|aox93
||Togore Gaming is ready for game 3.
|inactive|aox93 has 30 seconds to confirm battle start!
||aox93 is ready for game 3.
|uhtml|next|Next: Game 3 of 3
|l|☆aox93
|player|p1|
