|j|☆nygma29
|j|☆madhat29
|html|nygma29madhat29    
|uhtml|bestof|Game 3 of a best-of-3
|t:|1783205272
|gametype|doubles
|player|p1|nygma29|102|
|player|p2|madhat29|1|
|gen|9
|tier|[Gen 9 Champions] VGC 2026 Reg M-B (Bo3)
|rule|Species Clause: Limit one of each Pokémon
|rule|Item Clause: Limit 1 of each item
|clearpoke
|poke|p1|Raichu, L50, F|
|poke|p1|Metagross, L50|
|poke|p1|Krookodile, L50, F|
|poke|p1|Dragapult, L50, M|
|poke|p1|Primarina, L50, M|
|poke|p1|Staraptor, L50, M|
|poke|p2|Ampharos, L50, M|
|poke|p2|Sableye, L50, M|
|poke|p2|Espathra, L50, F|
|poke|p2|Kangaskhan, L50, F|
|poke|p2|Gengar, L50, F|
|poke|p2|Aromatisse, L50, F|
|teampreview|4
|showteam|p1|Raichu||RaichuniteY|LightningRod|Nuzzle,Encore,FakeOut,VoltSwitch|Timid||F|||50|]Metagross||Metagrossite|ClearBody|IronHead,PsychicFangs,StompingTantrum,Protect|Adamant|||||50|]Krookodile||LifeOrb|Intimidate|Earthquake,KnockOff,StompingTantrum,Protect|Adamant||F|||50|]Dragapult||FocusSash|ClearBody|DracoMeteor,ShadowBall,BreakingSwipe,WillOWisp|Timid||M|||50|]Primarina||Leftovers|LiquidVoice|HyperVoice,Moonblast,CalmMind,Protect|Modest||M|||50|]Staraptor||WacanBerry|Intimidate|BraveBird,Tailwind,DoubleEdge,Protect|Jolly||M|||50|
|showteam|p2|Ampharos||Ampharosite|Static|Thunderbolt,DragonPulse,CottonGuard,Protect|Bold||M|||50|]Sableye||Sablenite|Prankster|FakeOut,WillOWisp,Taunt,LightScreen|Careful||M|||50|]Espathra||ColburBerry|SpeedBoost|LuminaCrash,CalmMind,BatonPass,Protect|Bold||F|||50|]Kangaskhan||SilkScarf|Scrappy|FakeOut,DoubleEdge,SuckerPunch,IceBeam|Adamant||F|||50|]Gengar||Gengarite|CursedBody|SludgeBomb,ShadowBall,DazzlingGleam,Protect|Modest||F|||50|]Aromatisse||BabiriBerry|AromaVeil|Moonblast,HealPulse,TrickRoom,Protect|Bold||F|||50|
|
|t:|1783205408
|teamsize|p1|4
|teamsize|p2|4
|start
|switch|p1a: Primarina|Primarina, L50, M|100/100
|switch|p1b: Metagross|Metagross, L50|100/100
|switch|p2a: Gengar|Gengar, L50, F|100/100
|switch|p2b: Aromatisse|Aromatisse, L50, F|100/100
|turn|1
|
|t:|1783205620
|detailschange|p1b: Metagross|Metagross-Mega, L50
|-mega|p1b: Metagross|Metagross|Metagrossite
|move|p2a: Gengar|Shadow Ball|p1b: Metagross
|-supereffective|p1b: Metagross|1
|-damage|p1b: Metagross|1/100
|move|p1b: Metagross|Iron Head|p2b: Aromatisse
|-supereffective|p2b: Aromatisse|1
|-enditem|p2b: Aromatisse|Babiri Berry|[eat]
|-enditem|p2b: Aromatisse|Babiri Berry|[weaken]
|-damage|p2b: Aromatisse|53/100
|move|p1a: Primarina|Calm Mind|p1a: Primarina
|-boost|p1a: Primarina|spa|1
|-boost|p1a: Primarina|spd|1
|move|p2b: Aromatisse|Trick Room|p2b: Aromatisse
|-fieldstart|move: Trick Room|[of] p2b: Aromatisse
|
|upkeep
|turn|2
|
|t:|1783205771
|move|p1b: Metagross|Protect|p1b: Metagross
|-singleturn|p1b: Metagross|Protect
|move|p2b: Aromatisse|Moonblast|p1b: Metagross
|-activate|p1b: Metagross|move: Protect
|move|p1a: Primarina|Hyper Voice|p2b: Aromatisse|[spread] p2a,p2b
|-damage|p2a: Gengar|24/100
|-damage|p2b: Aromatisse|7/100
|move|p2a: Gengar|Sludge Bomb|p1a: Primarina
|-supereffective|p1a: Primarina|1
|-damage|p1a: Primarina|37/100
|
|-heal|p1a: Primarina|43/100|[from] item: Leftovers
|upkeep
|turn|3
|
|t:|1783205814
|move|p2b: Aromatisse|Protect|p2b: Aromatisse
|-singleturn|p2b: Aromatisse|Protect
|move|p1a: Primarina|Hyper Voice|p2a: Gengar|[spread] p2a
|-activate|p2b: Aromatisse|move: Protect
|-damage|p2a: Gengar|0 fnt
|faint|p2a: Gengar
|move|p1b: Metagross|Psychic Fangs|p2b: Aromatisse
|-activate|p2b: Aromatisse|move: Protect
|
|-heal|p1a: Primarina|49/100|[from] item: Leftovers
|upkeep
|
|t:|1783205838
|switch|p2a: Ampharos|Ampharos, L50, M|100/100
|turn|4
|
|t:|1783205856
|switch|p2b: Kangaskhan|Kangaskhan, L50, F|100/100
|switch|p1b: Raichu|Raichu, L50, F|100/100
|detailschange|p2a: Ampharos|Ampharos-Mega, L50, M
|-mega|p2a: Ampharos|Ampharos|Ampharosite
|-ability|p2a: Ampharos|Mold Breaker
|move|p2a: Ampharos|Protect|p2a: Ampharos
|-singleturn|p2a: Ampharos|Protect
|move|p1a: Primarina|Moonblast|p2a: Ampharos
|-activate|p2a: Ampharos|move: Protect
|
|-heal|p1a: Primarina|55/100|[from] item: Leftovers
|upkeep
|turn|5
|
|t:|1783205898
|move|p2b: Kangaskhan|Fake Out|p1a: Primarina
|-damage|p1a: Primarina|35/100
|move|p2a: Ampharos|Cotton Guard|p2a: Ampharos
|-boost|p2a: Ampharos|def|3
|cant|p1a: Primarina|flinch
|move|p1b: Raichu|Encore|p2b: Kangaskhan
|-start|p2b: Kangaskhan|Encore
|
|-heal|p1a: Primarina|41/100|[from] item: Leftovers
|-fieldend|move: Trick Room
|upkeep
|turn|6
|
|t:|1783205960
|switch|p2b: Aromatisse|Aromatisse, L50, F|7/100
|move|p2a: Ampharos|Protect|p2a: Ampharos
|-singleturn|p2a: Ampharos|Protect
|move|p1b: Raichu|Volt Switch|p2b: Aromatisse
|-damage|p2b: Aromatisse|0 fnt
|faint|p2b: Aromatisse
|
|t:|1783205973
|switch|p1b: Krookodile|Krookodile, L50, F|100/100|[from] Volt Switch
|-ability|p1b: Krookodile|Intimidate|boost
|-unboost|p2a: Ampharos|atk|1
|move|p1a: Primarina|Moonblast|p2a: Ampharos
|-activate|p2a: Ampharos|move: Protect
|
|-heal|p1a: Primarina|47/100|[from] item: Leftovers
|upkeep
|
|t:|1783205982
|switch|p2b: Kangaskhan|Kangaskhan, L50, F|100/100
|turn|7
|
|t:|1783206022
|move|p1a: Primarina|Protect|p1a: Primarina
|-singleturn|p1a: Primarina|Protect
|move|p2b: Kangaskhan|Fake Out|p1a: Primarina
|-activate|p1a: Primarina|move: Protect
|move|p1b: Krookodile|Earthquake|p2b: Kangaskhan|[spread] p2a,p2b
|-activate|p1a: Primarina|move: Protect
|-supereffective|p2a: Ampharos|1
|-damage|p2a: Ampharos|66/100
|-damage|p2b: Kangaskhan|41/100
|-damage|p1b: Krookodile|90/100|[from] item: Life Orb
|move|p2a: Ampharos|Dragon Pulse|p1b: Krookodile
|-damage|p1b: Krookodile|16/100
|
|-heal|p1a: Primarina|53/100|[from] item: Leftovers
|upkeep
|turn|8
|n|☆nygma29|nygma29
|n|☆madhat29|madhat29
|
|t:|1783208324
|move|p1b: Krookodile|Protect|p1b: Krookodile
|-singleturn|p1b: Krookodile|Protect
|move|p2b: Kangaskhan|Double-Edge|p1a: Primarina
|-damage|p1a: Primarina|0 fnt
|faint|p1a: Primarina
|-damage|p2b: Kangaskhan|23/100|[from] Recoil
|move|p2a: Ampharos|Thunderbolt|p1b: Krookodile
|-activate|p1b: Krookodile|move: Protect
|
|upkeep
|
|t:|1783208338
|switch|p1a: Raichu|Raichu, L50, F|100/100
|turn|9
|
|t:|1783208361
|move|p1a: Raichu|Fake Out|p2b: Kangaskhan
|-damage|p2b: Kangaskhan|13/100
|cant|p2b: Kangaskhan|flinch
|move|p1b: Krookodile|Stomping Tantrum|p2a: Ampharos
|-supereffective|p2a: Ampharos|1
|-damage|p2a: Ampharos|33/100
|-damage|p1b: Krookodile|6/100|[from] item: Life Orb
|move|p2a: Ampharos|Dragon Pulse|p1b: Krookodile
|-damage|p1b: Krookodile|0 fnt
|faint|p1b: Krookodile
|
|upkeep
|
|t:|1783208373
|switch|p1b: Metagross|Metagross-Mega, L50|1/100
|turn|10
|
|t:|1783208393
|move|p2b: Kangaskhan|Sucker Punch|p1b: Metagross
|-supereffective|p1b: Metagross|1
|-damage|p1b: Metagross|0 fnt
|faint|p1b: Metagross
|move|p1a: Raichu|Volt Switch|p2a: Ampharos
|-resisted|p2a: Ampharos|2
|-damage|p2a: Ampharos|26/100
|move|p2a: Ampharos|Dragon Pulse|p1a: Raichu
|-damage|p1a: Raichu|20/100y
|
|upkeep
|turn|11
|
|t:|1783208407
|move|p1a: Raichu|Volt Switch|p2b: Kangaskhan
|-damage|p2b: Kangaskhan|0 fnt
|faint|p2b: Kangaskhan
|move|p2a: Ampharos|Dragon Pulse|p1a: Raichu
|-damage|p1a: Raichu|0 fnt
|faint|p1a: Raichu
|
|win|madhat29
