|j|☆Welwitchia
|j|☆EDJPP
|html|WelwitchiaEDJPP    
|uhtml|bestof|Game 2 of a best-of-3
|t:|1784551412
|gametype|doubles
|player|p1|Welwitchia|pokemonbreeder-gen4|1065
|player|p2|EDJPP|volkner|1074
|gen|9
|tier|[Gen 9 Champions] VGC 2026 Reg M-B (Bo3)
|rated|
|rule|Species Clause: Limit one of each Pokémon
|rule|Item Clause: Limit 1 of each item
|clearpoke
|poke|p1|Spiritomb, L50, F, shiny|
|poke|p1|Corviknight, L50, M|
|poke|p1|Pyroar, L50, F, shiny|
|poke|p1|Meganium, L50, M|
|poke|p1|Clawitzer, L50, F, shiny|
|poke|p1|Slowking-Galar, L50, M|
|poke|p2|Charizard, L50, M|
|poke|p2|Venusaur, L50, M|
|poke|p2|Basculegion, L50, M|
|poke|p2|Farigiraf, L50, F|
|poke|p2|Lycanroc-Dusk, L50, M|
|poke|p2|Sneasler, L50, F|
|teampreview|4
|showteam|p1|Spiritomb||LeppaBerry|Pressure|Curse,PainSplit,Spite,FoulPlay|Calm||F|||50|]Corviknight||Leftovers|Pressure|Spite,IronHead,Roost,Protect|Impish||M|||50|]Pyroar||Pyroarite|Rivalry|Trailblaze,MudSlap,Entrainment,Flamethrower|Timid||F|||50|]Meganium||Meganiumite|LeafGuard|LeechSeed,Counter,WeatherBall,SolarBeam|Timid||M|||50|]Clawitzer||MysticWater|MegaLauncher|HealPulse,AuraSphere,Protect,WaterPulse|Calm||F|||50|]Slowking-Galar||ColburBerry|CuriousMedicine|SkillSwap,ThunderWave,EerieSpell,TrickRoom|Sassy||M|||50|
|showteam|p2|Charizard||CharizarditeY|SolarPower|HeatWave,SolarBeam,WeatherBall,Protect|Modest||M|||50|]Venusaur||Venusaurite|Chlorophyll|GigaDrain,SludgeBomb,EarthPower,SleepPowder|Modest||M|||50|]Basculegion||MysticWater|Adaptability|WaveCrash,AquaJet,LastRespects,Protect|Adamant||M|||50|]Farigiraf||FocusSash|ArmorTail|Roar,Psychic,Thunderbolt,Protect|Modest||F|||50|]Lycanroc-Dusk||ExpertBelt|ToughClaws|PlayRough,Accelerock,CloseCombat,Protect|Adamant||M|||50|]Sneasler||WhiteHerb|Unburden|FakeOut,Protect,DireClaw,CloseCombat|Jolly||F|||50|
|inactive|Battle timer is ON: inactive players will automatically lose when time's up. (requested by EDJPP)
|inactive|EDJPP has 60 seconds left.
|
|t:|1784551461
|teamsize|p1|4
|teamsize|p2|4
|start
|switch|p1a: Slowking|Slowking-Galar, L50, M|100/100
|switch|p1b: Spiritomb|Spiritomb, L50, F, shiny|100/100
|switch|p2a: Farigiraf|Farigiraf, L50, F|100/100
|switch|p2b: Charizard|Charizard, L50, M|100/100
|-ability|p1b: Spiritomb|Pressure
|-clearboost|p1b: Spiritomb|[from] ability: Curious Medicine|[of] p1a: Slowking
|turn|1
|
|t:|1784551482
|detailschange|p2b: Charizard|Charizard-Mega-Y, L50, M
|-mega|p2b: Charizard|Charizard|Charizardite Y
|-weather|SunnyDay|[from] ability: Drought|[of] p2b: Charizard
|move|p2b: Charizard|Weather Ball|p1b: Spiritomb
|-damage|p1b: Spiritomb|24/100
|move|p1b: Spiritomb|Curse|p2b: Charizard
|-start|p2b: Charizard|Curse|[of] p1b: Spiritomb
|-damage|p1b: Spiritomb|0 fnt
|faint|p1b: Spiritomb
|move|p1a: Slowking|Thunder Wave|p2b: Charizard
|-status|p2b: Charizard|par
|move|p2a: Farigiraf|Roar|p1a: Slowking
|drag|p1a: Pyroar|Pyroar, L50, F, shiny|100/100
|
|-weather|SunnyDay|[upkeep]
|-damage|p2b: Charizard|75/100 par|[from] Curse
|upkeep
|
|t:|1784551504
|switch|p1b: Corviknight|Corviknight, L50, M|100/100
|-ability|p1b: Corviknight|Pressure
|turn|2
|
|t:|1784551526
|detailschange|p1a: Pyroar|Pyroar-Mega, L50, F, shiny
|-mega|p1a: Pyroar|Pyroar|Pyroarite
|move|p1b: Corviknight|Protect|p1b: Corviknight
|-singleturn|p1b: Corviknight|Protect
|move|p1a: Pyroar|Flamethrower|p2a: Farigiraf
|-enditem|p2a: Farigiraf|Focus Sash
|-damage|p2a: Farigiraf|1/100
|move|p2a: Farigiraf|Psychic|p1a: Pyroar
|-damage|p1a: Pyroar|55/100
|move|p2b: Charizard|Heat Wave|p1a: Pyroar|[spread] 
|-activate|p1b: Corviknight|move: Protect
|-miss|p2b: Charizard|p1a: Pyroar
|
|-weather|SunnyDay|[upkeep]
|-damage|p2b: Charizard|50/100y par|[from] Curse
|upkeep
|turn|3
|inactive|Welwitchia has 30 seconds left.
|inactive|EDJPP has 30 seconds left.
|inactive|EDJPP has 20 seconds left.
|inactive|EDJPP has 15 seconds left.
|inactive|EDJPP has 10 seconds left.
|
|t:|1784551572
|switch|p2b: Lycanroc|Lycanroc-Dusk, L50, M|100/100
|move|p2a: Farigiraf|Protect|p2a: Farigiraf
|-singleturn|p2a: Farigiraf|Protect
|move|p1a: Pyroar|Trailblaze|p2a: Farigiraf
|-activate|p2a: Farigiraf|move: Protect
|move|p1b: Corviknight|Iron Head|p2b: Lycanroc
|-supereffective|p2b: Lycanroc|1
|-damage|p2b: Lycanroc|33/100
|
|-weather|SunnyDay|[upkeep]
|upkeep
|turn|4
|
|t:|1784551584
|switch|p1a: Slowking|Slowking-Galar, L50, M|100/100
|-clearboost|p1b: Corviknight|[from] ability: Curious Medicine|[of] p1a: Slowking
|move|p2b: Lycanroc|Accelerock|p1a: Slowking
|-damage|p1a: Slowking|74/100
|move|p2a: Farigiraf|Thunderbolt|p1b: Corviknight
|-supereffective|p1b: Corviknight|1
|-damage|p1b: Corviknight|38/100
|move|p1b: Corviknight|Iron Head|p2b: Lycanroc
|-supereffective|p2b: Lycanroc|1
|-damage|p2b: Lycanroc|0 fnt
|faint|p2b: Lycanroc
|
|-weather|SunnyDay|[upkeep]
|-heal|p1b: Corviknight|44/100|[from] item: Leftovers
|upkeep
|
|t:|1784551597
|switch|p2b: Sneasler|Sneasler, L50, F|100/100
|turn|5
|
|t:|1784551616
|move|p1b: Corviknight|Protect|p1b: Corviknight
|-singleturn|p1b: Corviknight|Protect
|move|p2b: Sneasler|Fake Out|p1b: Corviknight
|-activate|p1b: Corviknight|move: Protect
|move|p2a: Farigiraf|Psychic|p1a: Slowking
|-damage|p1a: Slowking|45/100
|move|p1a: Slowking|Trick Room|p1a: Slowking
|-fieldstart|move: Trick Room|[of] p1a: Slowking
|
|-weather|none
|-heal|p1b: Corviknight|50/100g|[from] item: Leftovers
|upkeep
|turn|6
|inactive|Welwitchia has 30 seconds left.
|inactive|EDJPP has 30 seconds left.
|
|t:|1784551645
|move|p1a: Slowking|Eerie Spell|p2b: Sneasler
|-supereffective|p2b: Sneasler|2
|-damage|p2b: Sneasler|0 fnt
|faint|p2b: Sneasler
|move|p1b: Corviknight|Roost|p1b: Corviknight
|-heal|p1b: Corviknight|100/100
|-singleturn|p1b: Corviknight|move: Roost
|move|p2a: Farigiraf|Psychic|p1a: Slowking
|-damage|p1a: Slowking|18/100
|
|upkeep
|
|t:|1784551656
|switch|p2b: Charizard|Charizard-Mega-Y, L50, M|50/100y par
|-weather|SunnyDay|[from] ability: Drought|[of] p2b: Charizard
|turn|7
|
|t:|1784551674
|move|p2b: Charizard|Protect|p2b: Charizard
|-singleturn|p2b: Charizard|Protect
|move|p1a: Slowking|Eerie Spell|p2b: Charizard
|-activate|p2b: Charizard|move: Protect
|move|p1b: Corviknight|Iron Head|p2b: Charizard
|-activate|p2b: Charizard|move: Protect
|move|p2a: Farigiraf|Thunderbolt|p1b: Corviknight
|-supereffective|p1b: Corviknight|1
|-damage|p1b: Corviknight|33/100
|-status|p1b: Corviknight|par
|
|-weather|SunnyDay|[upkeep]
|-heal|p1b: Corviknight|39/100 par|[from] item: Leftovers
|upkeep
|turn|8
|inactive|EDJPP has 30 seconds left.
|inactive|EDJPP has 20 seconds left.
|inactive|EDJPP has 15 seconds left.
|inactive|EDJPP has 10 seconds left.
|inactive|EDJPP has 5 seconds left.
|
|t:|1784551729
|move|p1b: Corviknight|Iron Head|p2b: Charizard
|-resisted|p2b: Charizard|1
|-crit|p2b: Charizard
|-damage|p2b: Charizard|26/100 par
|move|p1a: Slowking|Eerie Spell|p2b: Charizard
|-damage|p2b: Charizard|0 fnt
|faint|p2b: Charizard
|move|p2a: Farigiraf|Roar|p1a: Slowking
|drag|p1a: Pyroar|Pyroar-Mega, L50, F, shiny|55/100
|
|-weather|SunnyDay|[upkeep]
|-heal|p1b: Corviknight|45/100 par|[from] item: Leftovers
|upkeep
|turn|9
|inactive|EDJPP has 30 seconds left.
|inactive|EDJPP has 20 seconds left.
|inactive|EDJPP has 15 seconds left.
|inactive|EDJPP has 10 seconds left.
|inactive|EDJPP has 5 seconds left.
|
|t:|1784551784
|move|p1b: Corviknight|Roost|p1b: Corviknight
|-heal|p1b: Corviknight|95/100 par
|-singleturn|p1b: Corviknight|move: Roost
|move|p1a: Pyroar|Mud-Slap|p2a: Farigiraf
|-damage|p2a: Farigiraf|0 fnt
|faint|p2a: Farigiraf
|
|win|Welwitchia
||Welwitchia is ready for game 3.
