|j|☆Urkin' Pincurchin
|j|☆red gate 0
|html|Urkin' Pincurchinred gate 0    
|uhtml|bestof|Game 1 of a best-of-3
|t:|1757033286
|gametype|doubles
|player|p1|Urkin' Pincurchin|fisherman-gen4|1362
|player|p2|red gate 0|n|1262
|gen|9
|tier|[Gen 9] VGC 2025 Reg H (Bo3)
|rated|
|rule|Species Clause: Limit one of each Pokémon
|rule|Item Clause: Limit 1 of each item
|clearpoke
|poke|p1|Ninetales-Alola, L50, F|
|poke|p1|Dragonite, L50, M|
|poke|p1|Volcarona, L50, F|
|poke|p1|Incineroar, L50, M|
|poke|p1|Rillaboom, L50, M|
|poke|p1|Basculegion, L50, M|
|poke|p2|Sneasler, L50, M|
|poke|p2|Gholdengo, L50|
|poke|p2|Ninetales-Alola, L50, F|
|poke|p2|Arcanine-Hisui, L50, M|
|poke|p2|Amoonguss, L50, F|
|poke|p2|Rillaboom, L50, M|
|teampreview|4
|showteam|p1|Ninetales-Alola||FocusSash|SnowWarning|Blizzard,IcyWind,AuroraVeil,Encore|||F|||50|,,,,,Ghost]Dragonite||LoadedDice|Multiscale|ScaleShot,Tailwind,Protect,Haze|||M|||50|,,,,,Fairy]Volcarona||Leftovers|FlameBody|HeatWave,TeraBlast,QuiverDance,Protect|||F|||50|,,,,,Fairy]Incineroar||SafetyGoggles|Intimidate|FlareBlitz,KnockOff,FakeOut,PartingShot|||M|||50|,,,,,Ghost]Rillaboom||AssaultVest|GrassySurge|WoodHammer,GrassyGlide,HighHorsepower,FakeOut|||M|||50|,,,,,Ghost]Basculegion||ChoiceScarf|SwiftSwim|WaveCrash,LastRespects,FlipTurn,AquaJet|||M|||50|,,,,,Water
|showteam|p2|Sneasler||FocusSash|PoisonTouch|DireClaw,CloseCombat,FakeOut,Protect|||M|||50|,,,,,Stellar]Gholdengo||GrassySeed|GoodasGold|MakeItRain,ShadowBall,NastyPlot,Protect||||||50|,,,,,Water]Ninetales-Alola||LightClay|SnowWarning|IcyWind,FreezeDry,AuroraVeil,Protect|||F|||50|,,,,,Ghost]Arcanine-Hisui||ClearAmulet|Intimidate|FlareBlitz,RockSlide,ExtremeSpeed,Protect|||M|||50|,,,,,Ghost]Amoonguss||SitrusBerry|Regenerator|ClearSmog,PollenPuff,Spore,RagePowder|||F|||50|,,,,,Water]Rillaboom||AssaultVest|GrassySurge|WoodHammer,GrassyGlide,HighHorsepower,FakeOut|||M|||50|,,,,,Fire
|inactive|Battle timer is ON: inactive players will automatically lose when time's up. (requested by red gate 0)
|inactive|Urkin' Pincurchin also wants the timer to be on.
|inactive|Urkin' Pincurchin has 60 seconds left.
|inactive|red gate 0 has 60 seconds left.
|inactive|Urkin' Pincurchin has 30 seconds left.
|inactive|red gate 0 has 30 seconds left.
|inactive|Urkin' Pincurchin has 20 seconds left.
|inactive|Urkin' Pincurchin has 15 seconds left.
|inactive|Urkin' Pincurchin has 10 seconds left.
|inactive|Urkin' Pincurchin has 5 seconds left.
|
|t:|1757033374
|teamsize|p1|4
|teamsize|p2|4
|start
|switch|p1a: Ninetales|Ninetales-Alola, L50, F|100/100
|switch|p1b: Volcarona|Volcarona, L50, F|100/100
|switch|p2a: Arcanine|Arcanine-Hisui, L50, M|100/100
|switch|p2b: Gholdengo|Gholdengo, L50|100/100
|-weather|Snowscape|[from] ability: Snow Warning|[of] p1a: Ninetales
|-ability|p2a: Arcanine|Intimidate|boost
|-unboost|p1a: Ninetales|atk|1
|-unboost|p1b: Volcarona|atk|1
|turn|1
|
|t:|1757033393
|switch|p1b: Basculegion|Basculegion, L50, M|100/100
|move|p1a: Ninetales|Aurora Veil|p1a: Ninetales
|-sidestart|p1: Urkin' Pincurchin|move: Aurora Veil
|move|p2a: Arcanine|Rock Slide|p1a: Ninetales|[spread] p1b
|-miss|p2a: Arcanine|p1a: Ninetales
|-damage|p1b: Basculegion|76/100
|move|p2b: Gholdengo|Nasty Plot|p2b: Gholdengo
|-boost|p2b: Gholdengo|spa|2
|
|-weather|Snowscape|[upkeep]
|upkeep
|turn|2
|
|t:|1757033409
|switch|p2a: Rillaboom|Rillaboom, L50, M|100/100
|-fieldstart|move: Grassy Terrain|[from] ability: Grassy Surge|[of] p2a: Rillaboom
|-enditem|p2b: Gholdengo|Grassy Seed
|-boost|p2b: Gholdengo|def|1|[from] item: Grassy Seed
|move|p1b: Basculegion|Flip Turn|p2a: Rillaboom
|-resisted|p2a: Rillaboom
|-damage|p2a: Rillaboom|88/100
|
|t:|1757033414
|switch|p1b: Incineroar|Incineroar, L50, M|100/100|[from] Flip Turn
|-ability|p1b: Incineroar|Intimidate|boost
|-unboost|p2a: Rillaboom|atk|1
|-unboost|p2b: Gholdengo|atk|1
|move|p1a: Ninetales|Blizzard|p2b: Gholdengo|[spread] p2a,p2b
|-supereffective|p2a: Rillaboom
|-resisted|p2b: Gholdengo
|-damage|p2a: Rillaboom|45/100
|-damage|p2b: Gholdengo|85/100
|move|p2b: Gholdengo|Nasty Plot|p2b: Gholdengo
|-boost|p2b: Gholdengo|spa|2
|
|-weather|Snowscape|[upkeep]
|-heal|p2b: Gholdengo|91/100|[from] Grassy Terrain
|-heal|p2a: Rillaboom|51/100|[from] Grassy Terrain
|upkeep
|turn|3
|
|t:|1757033433
|switch|p1a: Volcarona|Volcarona, L50, F|100/100
|switch|p2a: Arcanine|Arcanine-Hisui, L50, M|100/100
|-ability|p2a: Arcanine|Intimidate|boost
|-unboost|p1a: Volcarona|atk|1
|-unboost|p1b: Incineroar|atk|1
|move|p2b: Gholdengo|Protect|p2b: Gholdengo
|-singleturn|p2b: Gholdengo|Protect
|move|p1b: Incineroar|Parting Shot|p2a: Arcanine
|-fail|p2a: Arcanine|unboost|[from] item: Clear Amulet|[of] p2a: Arcanine
|
|-weather|Snowscape|[upkeep]
|-heal|p2b: Gholdengo|97/100|[from] Grassy Terrain
|upkeep
|turn|4
|
|t:|1757033452
|move|p1a: Volcarona|Protect|p1a: Volcarona
|-singleturn|p1a: Volcarona|Protect
|move|p2a: Arcanine|Rock Slide|p1a: Volcarona|[spread] p1b
|-activate|p1a: Volcarona|move: Protect
|-supereffective|p1b: Incineroar
|-damage|p1b: Incineroar|71/100
|move|p2b: Gholdengo|Make It Rain|p1b: Incineroar|[spread] p1b
|-activate|p1a: Volcarona|move: Protect
|-resisted|p1b: Incineroar
|-damage|p1b: Incineroar|28/100
|-unboost|p2b: Gholdengo|spa|1
|cant|p1b: Incineroar|flinch
|
|-weather|Snowscape|[upkeep]
|-heal|p2b: Gholdengo|100/100|[from] Grassy Terrain
|-heal|p1b: Incineroar|34/100|[from] Grassy Terrain
|upkeep
|turn|5
|inactive|Urkin' Pincurchin has 30 seconds left.
|
|t:|1757033480
|-terastallize|p1a: Volcarona|Fairy
|move|p2a: Arcanine|Rock Slide|p1b: Incineroar|[spread] p1a,p1b
|-supereffective|p1b: Incineroar
|-damage|p1a: Volcarona|81/100
|-damage|p1b: Incineroar|2/100
|move|p2b: Gholdengo|Make It Rain|p1b: Incineroar|[spread] p1a,p1b
|-supereffective|p1a: Volcarona
|-resisted|p1b: Incineroar
|-damage|p1a: Volcarona|0 fnt
|-damage|p1b: Incineroar|0 fnt
|-unboost|p2b: Gholdengo|spa|1
|faint|p1a: Volcarona
|faint|p1b: Incineroar
|
|-weather|none
|-sideend|p1: Urkin' Pincurchin|move: Aurora Veil
|upkeep
|-message|Urkin' Pincurchin forfeited.
|
|win|red gate 0
|l|☆Urkin' Pincurchin
|player|p1|
||Urkin' Pincurchin is ready for game 2.
||red gate 0 is ready for game 2.
|uhtml|next|Next: Game 2 of 3
|l|☆red gate 0
|player|p2|
|j|☆Urkin' Pincurchin
|player|p1|Urkin' Pincurchin|fisherman-gen4|
