|j|☆abadanriyi92
|j|☆MetaphorCrazyMonk
|html|abadanriyi92MetaphorCrazyMonk    
|uhtml|bestof|Game 2 of a best-of-3
|t:|1786068073
|gametype|doubles
|player|p1|abadanriyi92|colress|1216
|player|p2|MetaphorCrazyMonk|expert-gen6|1338
|gen|9
|tier|[Gen 9 Champions] VGC 2026 Reg M-B (Bo3)
|rated|
|rule|Species Clause: Limit one of each Pokémon
|rule|Item Clause: Limit 1 of each item
|clearpoke
|poke|p1|Charizard, L50, M|
|poke|p1|Floette-Eternal, L50, F|
|poke|p1|Basculegion, L50, M|
|poke|p1|Garchomp, L50, M|
|poke|p1|Kingambit, L50, F|
|poke|p1|Whimsicott, L50, F|
|poke|p2|Tyranitar, L50, M|
|poke|p2|Excadrill, L50, M, shiny|
|poke|p2|Sneasler, L50, M|
|poke|p2|Froslass, L50, F|
|poke|p2|Incineroar, L50, M|
|poke|p2|Tsareena, L50, F|
|teampreview|4
|showteam|p1|Charizard||CharizarditeY|Blaze|HeatWave,SolarBeam,WeatherBall,Protect|Modest||M|||50|]Floette-Eternal||Floettite|FlowerVeil|Moonblast,DazzlingGleam,LightofRuin,Protect|Timid||F|||50|]Basculegion||LifeOrb|Adaptability|WaveCrash,AquaJet,LastRespects,Protect|Adamant||M|||50|]Garchomp||SitrusBerry|RoughSkin|Earthquake,RockSlide,Protect,DragonClaw|Adamant||M|||50|]Kingambit||ChopleBerry|Defiant|KowtowCleave,IronHead,SuckerPunch,LowKick|Adamant||F|||50|]Whimsicott||FocusSash|Prankster|Moonblast,Tailwind,Encore,Protect|Timid||F|||50|
|showteam|p2|Tyranitar||Tyranitarite|SandStream|RockSlide,KnockOff,DragonDance,Protect|Jolly||M|||50|]Excadrill||FocusSash|SandRush|HighHorsepower,IronHead,RockSlide,Protect|Adamant||M|||50|]Sneasler||WhiteHerb|Unburden|CloseCombat,DireClaw,FakeOut,Coaching|Jolly||M|||50|]Froslass||Froslassite|SnowCloak|Blizzard,ShadowBall,NastyPlot,Protect|Timid||F|||50|]Incineroar||SitrusBerry|Intimidate|FlareBlitz,FakeOut,WillOWisp,PartingShot|Impish||M|||50|]Tsareena||ExpertBelt|QueenlyMajesty|PowerWhip,LowKick,HelpingHand,Protect|Adamant||F|||50|
|inactive|Battle timer is ON: inactive players will automatically lose when time's up. (requested by abadanriyi92)
|inactive|MetaphorCrazyMonk has 60 seconds left.
|
|t:|1786068170
|teamsize|p1|4
|teamsize|p2|4
|start
|switch|p1a: Whimsicott|Whimsicott, L50, F|100/100
|switch|p1b: Kingambit|Kingambit, L50, F|100/100
|switch|p2a: quando provo|Tyranitar, L50, M|100/100
|switch|p2b: b.alario|Incineroar, L50, M|100/100
|-weather|Sandstorm|[from] ability: Sand Stream|[of] p2a: quando provo
|-ability|p2b: b.alario|Intimidate|boost
|-unboost|p1a: Whimsicott|atk|1
|-unboost|p1b: Kingambit|atk|1
|-ability|p1b: Kingambit|Defiant|boost
|-boost|p1b: Kingambit|atk|2
|turn|1
|inactive|abadanriyi92 has 30 seconds left.
|
|t:|1786068204
|move|p2a: quando provo|Protect|p2a: quando provo
|-singleturn|p2a: quando provo|Protect
|move|p1a: Whimsicott|Tailwind|p1a: Whimsicott
|-sidestart|p1: abadanriyi92|move: Tailwind
|move|p1b: Kingambit|Low Kick|p2a: quando provo
|-activate|p2a: quando provo|move: Protect
|move|p2b: b.alario|Will-O-Wisp|p1b: Kingambit
|-status|p1b: Kingambit|brn
|
|-weather|Sandstorm|[upkeep]
|-damage|p1a: Whimsicott|94/100|[from] Sandstorm
|-damage|p2b: b.alario|94/100|[from] Sandstorm
|-damage|p1b: Kingambit|93/100 brn|[from] brn
|upkeep
|turn|2
|inactive|MetaphorCrazyMonk has 30 seconds left.
|
|t:|1786068234
|switch|p1a: Floette|Floette-Eternal, L50, F|100/100
|switch|p2a: sabotage|Sneasler, L50, M|100/100
|move|p1b: Kingambit|Low Kick|p2a: sabotage
|-resisted|p2a: sabotage|1
|-damage|p2a: sabotage|89/100
|move|p2b: b.alario|Parting Shot|p1a: Floette
|-unboost|p1a: Floette|atk|1
|-unboost|p1a: Floette|spa|1
|
|t:|1786068247
|switch|p2b: gervasoni|Excadrill, L50, M, shiny|100/100|[from] Parting Shot
|
|-weather|Sandstorm|[upkeep]
|-damage|p1a: Floette|94/100|[from] Sandstorm
|-damage|p2a: sabotage|83/100|[from] Sandstorm
|-damage|p1b: Kingambit|87/100 brn|[from] brn
|upkeep
|turn|3
|
|t:|1786068267
|switch|p1a: Garchomp|Garchomp, L50, M|100/100
|move|p2a: sabotage|Fake Out|p1a: Garchomp
|-damage|p1a: Garchomp|88/100
|-damage|p2a: sabotage|71/100|[from] ability: Rough Skin|[of] p1a: Garchomp
|move|p1b: Kingambit|Sucker Punch|p2b: gervasoni
|-crit|p2b: gervasoni
|-damage|p2b: gervasoni|37/100
|move|p2b: gervasoni|High Horsepower|p1b: Kingambit
|-supereffective|p1b: Kingambit|1
|-damage|p1b: Kingambit|0 fnt
|faint|p1b: Kingambit
|
|-weather|Sandstorm|[upkeep]
|-damage|p2a: sabotage|65/100|[from] Sandstorm
|upkeep
|
|t:|1786068285
|switch|p1b: Floette|Floette-Eternal, L50, F|94/100
|turn|4
|
|t:|1786068297
|switch|p2a: b.alario|Incineroar, L50, M|94/100
|-ability|p2a: b.alario|Intimidate|boost
|-unboost|p1a: Garchomp|atk|1
|-unboost|p1b: Floette|atk|1
|detailschange|p1b: Floette|Floette-Mega, L50, F
|-mega|p1b: Floette|Floette|Floettite
|-ability|p1b: Floette|Fairy Aura
|move|p1b: Floette|Protect|p1b: Floette
|-singleturn|p1b: Floette|Protect
|move|p2b: gervasoni|Protect|p2b: gervasoni
|-singleturn|p2b: gervasoni|Protect
|move|p1a: Garchomp|Earthquake|p2a: b.alario|[spread] p2a
|-activate|p1b: Floette|move: Protect
|-activate|p2b: gervasoni|move: Protect
|-supereffective|p2a: b.alario|1
|-damage|p2a: b.alario|55/100
|
|-weather|Sandstorm|[upkeep]
|-damage|p1b: Floette|88/100|[from] Sandstorm
|-damage|p2a: b.alario|49/100|[from] Sandstorm
|-enditem|p2a: b.alario|Sitrus Berry|[eat]
|-heal|p2a: b.alario|74/100|[from] item: Sitrus Berry
|-sideend|p1: abadanriyi92|move: Tailwind
|upkeep
|turn|5
|inactive|abadanriyi92 has 30 seconds left.
|inactive|abadanriyi92 has 20 seconds left.
|inactive|abadanriyi92 has 15 seconds left.
|
|t:|1786068341
|move|p1b: Floette|Protect||[still]
|-fail|p1b: Floette
|move|p2a: b.alario|Fake Out|p1a: Garchomp
|-damage|p1a: Garchomp|80/100
|-damage|p2a: b.alario|61/100|[from] ability: Rough Skin|[of] p1a: Garchomp
|move|p2b: gervasoni|Iron Head|p1b: Floette
|-supereffective|p1b: Floette|1
|-damage|p1b: Floette|0 fnt
|faint|p1b: Floette
|cant|p1a: Garchomp|flinch
|
|-weather|none
|upkeep
|
|t:|1786068352
|switch|p1b: Whimsicott|Whimsicott, L50, F|94/100
|turn|6
|inactive|MetaphorCrazyMonk has 30 seconds left.
|inactive|MetaphorCrazyMonk has 20 seconds left.
|
|t:|1786068387
|move|p1b: Whimsicott|Tailwind|p1b: Whimsicott
|-sidestart|p1: abadanriyi92|move: Tailwind
|move|p1a: Garchomp|Earthquake|p2b: gervasoni|[spread] p1b,p2a,p2b
|-resisted|p1b: Whimsicott|1
|-supereffective|p2a: b.alario|1
|-supereffective|p2b: gervasoni|1
|-damage|p1b: Whimsicott|76/100
|-damage|p2a: b.alario|20/100y
|-damage|p2b: gervasoni|0 fnt
|faint|p2b: gervasoni
|move|p2a: b.alario|Flare Blitz|p1b: Whimsicott
|-supereffective|p1b: Whimsicott|1
|-damage|p1b: Whimsicott|0 fnt
|faint|p1b: Whimsicott
|-damage|p2a: b.alario|2/100|[from] Recoil
|
|upkeep
|
|t:|1786068395
|switch|p2b: quando provo|Tyranitar, L50, M|100/100
|-weather|Sandstorm|[from] ability: Sand Stream|[of] p2b: quando provo
|turn|7
|
|t:|1786068403
|switch|p2a: sabotage|Sneasler, L50, M|65/100
|move|p2b: quando provo|Protect|p2b: quando provo
|-singleturn|p2b: quando provo|Protect
|move|p1a: Garchomp|Earthquake|p2a: sabotage|[spread] p2a
|-activate|p2b: quando provo|move: Protect
|-supereffective|p2a: sabotage|1
|-damage|p2a: sabotage|8/100
|
|-weather|Sandstorm|[upkeep]
|-damage|p2a: sabotage|2/100|[from] Sandstorm
|upkeep
|turn|8
|
|t:|1786068419
|move|p1a: Garchomp|Protect|p1a: Garchomp
|-singleturn|p1a: Garchomp|Protect
|move|p2a: sabotage|Fake Out|p1a: Garchomp
|-activate|p1a: Garchomp|move: Protect
|move|p2b: quando provo|Dragon Dance|p2b: quando provo
|-boost|p2b: quando provo|atk|1
|-boost|p2b: quando provo|spe|1
|
|-weather|Sandstorm|[upkeep]
|-damage|p2a: sabotage|0 fnt|[from] Sandstorm
|faint|p2a: sabotage
|upkeep
|
|t:|1786068423
|switch|p2a: b.alario|Incineroar, L50, M|2/100
|-ability|p2a: b.alario|Intimidate|boost
|-unboost|p1a: Garchomp|atk|1
|turn|9
|
|t:|1786068439
|move|p2a: b.alario|Fake Out|p1a: Garchomp
|-damage|p1a: Garchomp|71/100
|-damage|p2a: b.alario|0 fnt|[from] ability: Rough Skin|[of] p1a: Garchomp
|faint|p2a: b.alario
|cant|p1a: Garchomp|flinch
|move|p2b: quando provo|Dragon Dance|p2b: quando provo
|-boost|p2b: quando provo|atk|1
|-boost|p2b: quando provo|spe|1
|
|-weather|Sandstorm|[upkeep]
|-sideend|p1: abadanriyi92|move: Tailwind
|upkeep
|turn|10
|
|t:|1786068450
|detailschange|p2b: quando provo|Tyranitar-Mega, L50, M
|-mega|p2b: quando provo|Tyranitar|Tyranitarite
|move|p2b: quando provo|Knock Off|p1a: Garchomp
|-crit|p1a: Garchomp
|-damage|p1a: Garchomp|0 fnt
|-damage|p2b: quando provo|87/100|[from] ability: Rough Skin|[of] p1a: Garchomp
|-enditem|p1a: Garchomp|Sitrus Berry|[from] move: Knock Off|[of] p2b: quando provo
|faint|p1a: Garchomp
|
|win|MetaphorCrazyMonk
||MetaphorCrazyMonk is ready for game 3.
||abadanriyi92 is ready for game 3.
|uhtml|next|Next: Game 3 of 3
|l|☆MetaphorCrazyMonk
|player|p2|
