|j|☆Juno48
|j|☆carrot 4
|html|Juno48carrot 4    
|uhtml|bestof|Game 2 of a best-of-3
|t:|1785922381
|gametype|doubles
|player|p1|Juno48|1|1079
|player|p2|carrot 4|169|1092
|gen|9
|tier|[Gen 9 Champions] VGC 2026 Reg M-B (Bo3)
|rated|
|rule|Species Clause: Limit one of each Pokémon
|rule|Item Clause: Limit 1 of each item
|clearpoke
|poke|p1|Aerodactyl, L50, M|
|poke|p1|Kingambit, L50, F|
|poke|p1|Sylveon, L50, F|
|poke|p1|Garchomp, L50, F|
|poke|p1|Charizard, L50, F|
|poke|p1|Incineroar, L50, F|
|poke|p2|Sceptile, L50, F|
|poke|p2|Rotom-Heat, L50|
|poke|p2|Basculegion, L50, M|
|poke|p2|Aerodactyl, L50, M|
|poke|p2|Garchomp, L50, M|
|poke|p2|Floette-Eternal, L50, F|
|teampreview|4
|showteam|p1|Aerodactyl||Aerodactylite|Unnerve|RockSlide,IceFang,Tailwind,WideGuard|Jolly||M|||50|]Kingambit||FocusSash|Defiant|KowtowCleave,SuckerPunch,IronHead,LowKick|Adamant||F|||50|]Sylveon||FairyFeather|Pixilate|Detect,HyperVoice,HyperBeam,QuickAttack|Modest||F|||50|]Garchomp||LifeOrb|RoughSkin|Earthquake,DragonClaw,StompingTantrum,Protect|Jolly||F|||50|]Charizard||CharizarditeY|Blaze|Protect,HeatWave,SolarBeam,WeatherBall|Modest||F|||50|]Incineroar||SitrusBerry|Intimidate|DarkestLariat,FlareBlitz,FakeOut,PartingShot|Impish||F|||50|
|showteam|p2|Sceptile||Sceptilite|Unburden|DragonPulse,EnergyBall,EarthPower,Protect|Modest||F|||50|]Rotom-Heat||ChoiceScarf|Levitate|Overheat,Discharge,ShadowBall,VoltSwitch|Timid|||||50|]Basculegion||SpellTag|Adaptability|LastRespects,WaveCrash,AquaJet,FlipTurn|Jolly||M|||50|]Aerodactyl||SitrusBerry|Unnerve|Tailwind,WideGuard,RockSlide,DualWingbeat|Jolly||M|||50|]Garchomp||LifeOrb|RoughSkin|DragonClaw,StompingTantrum,RockSlide,Protect|Adamant||M|||50|]Floette-Eternal||Floettite|FlowerVeil|LightofRuin,Moonblast,DazzlingGleam,Protect|Modest||F|||50|
|inactive|Battle timer is ON: inactive players will automatically lose when time's up. (requested by carrot 4)
|inactive|Juno48 has 60 seconds left.
|inactive|carrot 4 has 60 seconds left.
|inactive|Juno48 has 30 seconds left.
|inactive|Juno48 has 20 seconds left.
|inactive|Juno48 has 15 seconds left.
|inactive|Juno48 has 10 seconds left.
|inactive|Juno48 has 5 seconds left.
|
|t:|1785922470
|teamsize|p1|4
|teamsize|p2|4
|start
|switch|p1a: Aerodactyl|Aerodactyl, L50, M|100/100
|switch|p1b: Sylveon|Sylveon, L50, F|100/100
|switch|p2a: Garchomp|Garchomp, L50, M|100/100
|switch|p2b: Floette|Floette-Eternal, L50, F|100/100
|-ability|p1a: Aerodactyl|Unnerve
|turn|1
|inactive|carrot 4 has 30 seconds left.
|inactive|carrot 4 has 20 seconds left.
|
|t:|1785922509
|detailschange|p2b: Floette|Floette-Mega, L50, F
|-mega|p2b: Floette|Floette|Floettite
|-ability|p2b: Floette|Fairy Aura
|move|p2a: Garchomp|Protect|p2a: Garchomp
|-singleturn|p2a: Garchomp|Protect
|move|p1a: Aerodactyl|Tailwind|p1a: Aerodactyl
|-sidestart|p1: Juno48|move: Tailwind
|move|p1b: Sylveon|Hyper Voice|p2b: Floette|[spread] p2b
|-activate|p2a: Garchomp|move: Protect
|-damage|p2b: Floette|50/100g
|move|p2b: Floette|Dazzling Gleam|p1a: Aerodactyl|[spread] p1a,p1b
|-damage|p1a: Aerodactyl|40/100
|-damage|p1b: Sylveon|59/100
|
|upkeep
|turn|2
|
|t:|1785922529
|move|p2b: Floette|Protect|p2b: Floette
|-singleturn|p2b: Floette|Protect
|move|p1a: Aerodactyl|Rock Slide|p2b: Floette|[spread] 
|-activate|p2b: Floette|move: Protect
|-miss|p1a: Aerodactyl|p2a: Garchomp
|move|p1b: Sylveon|Hyper Voice|p2b: Floette|[spread] p2a
|-activate|p2b: Floette|move: Protect
|-supereffective|p2a: Garchomp|1
|-damage|p2a: Garchomp|0 fnt
|faint|p2a: Garchomp
|
|upkeep
|
|t:|1785922543
|switch|p2a: Basculegion|Basculegion, L50, M|100/100
|turn|3
|inactive|Juno48 has 30 seconds left.
|
|t:|1785922570
|move|p2a: Basculegion|Aqua Jet|p1a: Aerodactyl
|-supereffective|p1a: Aerodactyl|1
|-damage|p1a: Aerodactyl|0 fnt
|faint|p1a: Aerodactyl
|move|p1b: Sylveon|Hyper Voice|p2a: Basculegion|[spread] p2a,p2b
|-damage|p2a: Basculegion|35/100
|-damage|p2b: Floette|1/100
|move|p2b: Floette|Moonblast|p1b: Sylveon
|-damage|p1b: Sylveon|0 fnt
|faint|p1b: Sylveon
|
|upkeep
|
|t:|1785922580
|switch|p1a: Kingambit|Kingambit, L50, F|100/100
|switch|p1b: Charizard|Charizard, L50, F|100/100
|turn|4
|
|t:|1785922592
|detailschange|p1b: Charizard|Charizard-Mega-Y, L50, F
|-mega|p1b: Charizard|Charizard|Charizardite Y
|-weather|SunnyDay|[from] ability: Drought|[of] p1b: Charizard
|move|p2b: Floette|Protect|p2b: Floette
|-singleturn|p2b: Floette|Protect
|move|p1a: Kingambit|Sucker Punch|p2a: Basculegion
|-supereffective|p2a: Basculegion|1
|-damage|p2a: Basculegion|0 fnt
|faint|p2a: Basculegion
|move|p1b: Charizard|Heat Wave|p2b: Floette
|-activate|p2b: Floette|move: Protect
|
|-weather|SunnyDay|[upkeep]
|-sideend|p1: Juno48|move: Tailwind
|upkeep
|
|t:|1785922607
|switch|p2a: Aerodactyl|Aerodactyl, L50, M|100/100
|-ability|p2a: Aerodactyl|Unnerve
|turn|5
|
|t:|1785922622
|move|p1b: Charizard|Protect|p1b: Charizard
|-singleturn|p1b: Charizard|Protect
|move|p2a: Aerodactyl|Rock Slide|p1a: Kingambit|[spread] p1a
|-activate|p1b: Charizard|move: Protect
|-resisted|p1a: Kingambit|1
|-damage|p1a: Kingambit|89/100
|move|p2b: Floette|Moonblast|p1a: Kingambit
|-damage|p1a: Kingambit|0 fnt
|faint|p1a: Kingambit
|
|-weather|SunnyDay|[upkeep]
|upkeep
|turn|6
|inactive|Juno48 has 30 seconds left.
|
|t:|1785922655
|move|p2a: Aerodactyl|Rock Slide|p1b: Charizard
|-supereffective|p1b: Charizard|2
|-damage|p1b: Charizard|0 fnt
|faint|p1b: Charizard
|
|win|carrot 4
|raw|Juno48's rating: 1079 → 1058(-21 for losing)
|raw|carrot 4's rating: 1092 → 1117(+25 for winning)
|l|☆carrot 4
|player|p2|
