|j|☆sbhaga34
|j|☆liv&large27
|html|sbhaga34liv&large27    
|uhtml|bestof|Game 3 of a best-of-3
|t:|1784335124
|gametype|doubles
|player|p1|sbhaga34|hugh|1370
|player|p2|liv&large27|steven|1452
|gen|9
|tier|[Gen 9 Champions] VGC 2026 Reg M-B (Bo3)
|rated|
|rule|Species Clause: Limit one of each Pokémon
|rule|Item Clause: Limit 1 of each item
|clearpoke
|poke|p1|Excadrill, L50, F|
|poke|p1|Tyranitar, L50, M|
|poke|p1|Corviknight, L50, M|
|poke|p1|Rotom-Wash, L50|
|poke|p1|Sinistcha, L50|
|poke|p1|Pyroar, L50, M|
|poke|p2|Mamoswine, L50, F|
|poke|p2|Gholdengo, L50|
|poke|p2|Raichu, L50, F|
|poke|p2|Sinistcha, L50|
|poke|p2|Incineroar, L50, M|
|poke|p2|Blastoise, L50, F|
|teampreview|4
|showteam|p1|Excadrill||FocusSash|SandRush|Earthquake,IronHead,SwordsDance,Protect|Adamant||F|||50|]Tyranitar||Tyranitarite|SandStream|RockSlide,KnockOff,LowKick,Protect|Adamant||M|||50|]Corviknight||SharpBeak|MirrorArmor|BraveBird,Tailwind,BulkUp,Roost|Careful||M|||50|]Rotom-Wash||ChoiceScarf|Levitate|VoltSwitch,Thunderbolt,Electroweb,HydroPump|Timid|||||50|]Sinistcha||SitrusBerry|Hospitality|MatchaGotcha,TrickRoom,RagePowder,StrengthSap|Calm|||||50|]Pyroar||Pyroarite|Rivalry|Overheat,HeatWave,Flamethrower,Protect|Timid||M|||50|
|showteam|p2|Mamoswine||LifeOrb|Oblivious|IceShard,Protect,HighHorsepower,RockSlide|Adamant||F|||50|]Gholdengo||FocusSash|GoodasGold|MakeItRain,Protect,ShadowBall,PowerGem|Timid|||||50|]Raichu||RaichuniteY|Static|ZapCannon,Protect,FocusBlast,FakeOut|Timid||F|||50|]Sinistcha||KasibBerry|Hospitality|MatchaGotcha,RagePowder,TrickRoom,Imprison|Bold|||||50|]Incineroar||SitrusBerry|Intimidate|FakeOut,FlareBlitz,ThroatChop,PartingShot|Careful||M|||50|]Blastoise||Blastoisinite|RainDish|Protect,WaterSpout,DarkPulse,ShellSmash|Modest||F|||50|
|inactive|Battle timer is ON: inactive players will automatically lose when time's up. (requested by liv&large27)
|inactive|liv&large27 has 60 seconds left.
|
|t:|1784335172
|teamsize|p1|4
|teamsize|p2|4
|start
|switch|p1a: Rotom|Rotom-Wash, L50|100/100
|switch|p1b: Corviknight|Corviknight, L50, M|100/100
|switch|p2a: Blastoise|Blastoise, L50, F|100/100
|switch|p2b: Incineroar|Incineroar, L50, M|100/100
|-ability|p2b: Incineroar|Intimidate|boost
|-unboost|p1a: Rotom|atk|1
|-ability|p1b: Corviknight|Mirror Armor
|-unboost|p2b: Incineroar|atk|1
|turn|1
|
|t:|1784335182
|detailschange|p2a: Blastoise|Blastoise-Mega, L50, F
|-mega|p2a: Blastoise|Blastoise|Blastoisinite
|move|p2b: Incineroar|Fake Out|p1a: Rotom
|-damage|p1a: Rotom|92/100
|cant|p1a: Rotom|flinch
|move|p2a: Blastoise|Shell Smash|p2a: Blastoise
|-unboost|p2a: Blastoise|def|1
|-unboost|p2a: Blastoise|spd|1
|-boost|p2a: Blastoise|atk|2
|-boost|p2a: Blastoise|spa|2
|-boost|p2a: Blastoise|spe|2
|move|p1b: Corviknight|Tailwind|p1b: Corviknight
|-sidestart|p1: sbhaga34|move: Tailwind
|
|upkeep
|turn|2
|
|t:|1784335190
|move|p2a: Blastoise|Protect|p2a: Blastoise
|-singleturn|p2a: Blastoise|Protect
|move|p1a: Rotom|Electroweb|p2a: Blastoise|[spread] p2b
|-activate|p2a: Blastoise|move: Protect
|-damage|p2b: Incineroar|86/100
|-unboost|p2b: Incineroar|spe|1
|move|p1b: Corviknight|Bulk Up|p1b: Corviknight
|-boost|p1b: Corviknight|atk|1
|-boost|p1b: Corviknight|def|1
|move|p2b: Incineroar|Parting Shot|p1a: Rotom
|-unboost|p1a: Rotom|atk|1
|-unboost|p1a: Rotom|spa|1
|
|t:|1784335202
|switch|p2b: Sinistcha|Sinistcha, L50|100/100|[from] Parting Shot
|
|upkeep
|turn|3
|
|t:|1784335209
|switch|p2b: Incineroar|Incineroar, L50, M|86/100
|-ability|p2b: Incineroar|Intimidate|boost
|-unboost|p1a: Rotom|atk|1
|-ability|p1b: Corviknight|Mirror Armor
|-unboost|p2b: Incineroar|atk|1
|move|p1a: Rotom|Electroweb|p2a: Blastoise|[spread] p2a
|-miss|p1a: Rotom|p2b: Incineroar
|-supereffective|p2a: Blastoise|1
|-damage|p2a: Blastoise|69/100
|-unboost|p2a: Blastoise|spe|1
|move|p1b: Corviknight|Brave Bird|p2b: Incineroar
|-damage|p2b: Incineroar|18/100
|-enditem|p2b: Incineroar|Sitrus Berry|[eat]
|-heal|p2b: Incineroar|43/100|[from] item: Sitrus Berry
|-damage|p1b: Corviknight|77/100|[from] Recoil
|move|p2a: Blastoise|Shell Smash|p2a: Blastoise
|-unboost|p2a: Blastoise|def|1
|-unboost|p2a: Blastoise|spd|1
|-boost|p2a: Blastoise|atk|2
|-boost|p2a: Blastoise|spa|2
|-boost|p2a: Blastoise|spe|2
|
|upkeep
|turn|4
|
|t:|1784335228
|move|p2b: Incineroar|Fake Out|p1a: Rotom
|-damage|p1a: Rotom|84/100
|cant|p1a: Rotom|flinch
|move|p2a: Blastoise|Water Spout|p1a: Rotom|[spread] p1a,p1b
|-resisted|p1a: Rotom|1
|-damage|p1a: Rotom|17/100
|-damage|p1b: Corviknight|0 fnt
|faint|p1b: Corviknight
|
|-sideend|p1: sbhaga34|move: Tailwind
|upkeep
|
|t:|1784335235
|switch|p1b: Excadrill|Excadrill, L50, F|100/100
|turn|5
|
|t:|1784335244
|switch|p2b: Sinistcha|Sinistcha, L50|100/100
|-heal|p2a: Blastoise|94/100|[from] ability: Hospitality|[of] p2b: Sinistcha
|move|p2a: Blastoise|Water Spout|p1a: Rotom|[spread] p1a,p1b
|-resisted|p1a: Rotom|1
|-supereffective|p1b: Excadrill|1
|-damage|p1a: Rotom|0 fnt
|-enditem|p1b: Excadrill|Focus Sash
|-damage|p1b: Excadrill|1/100
|faint|p1a: Rotom
|move|p1b: Excadrill|Swords Dance|p1b: Excadrill
|-boost|p1b: Excadrill|atk|2
|
|upkeep
|-message|sbhaga34 forfeited.
|
|win|liv&large27
|raw|sbhaga34's rating: 1370 → 1355(-15 for losing)
|raw|liv&large27's rating: 1452 → 1467(+15 for winning)
