|j|☆VOQJKk
|j|☆AlbertoCasado777
|html|VOQJKkAlbertoCasado777    
|uhtml|bestof|Game 2 of a best-of-3
|t:|1785439561
|gametype|doubles
|player|p1|VOQJKk|steven|1094
|player|p2|AlbertoCasado777|170|1000
|gen|9
|tier|[Gen 9 Champions] VGC 2026 Reg M-B (Bo3)
|rated|
|rule|Species Clause: Limit one of each Pokémon
|rule|Item Clause: Limit 1 of each item
|clearpoke
|poke|p1|Metagross, L50|
|poke|p1|Eelektross, L50, M|
|poke|p1|Hydreigon, L50, F|
|poke|p1|Garchomp, L50, F|
|poke|p1|Basculegion, L50, M|
|poke|p1|Whimsicott, L50, M|
|poke|p2|Charizard, L50, M|
|poke|p2|Garchomp, L50, M|
|poke|p2|Basculegion, L50, M|
|poke|p2|Kingambit, L50, F|
|poke|p2|Sneasler, L50, F|
|poke|p2|Aerodactyl, L50, M|
|teampreview|4
|showteam|p1|Metagross||Metagrossite|ClearBody|IronHead,PsychicFangs,IcePunch,Protect|Jolly|||||50|]Eelektross||Eelektrossite|Levitate|Thunderbolt,Flamethrower,GrassKnot,Protect|Timid||M|||50|]Hydreigon||ChoiceScarf|Levitate|DracoMeteor,DarkPulse,EarthPower,Flamethrower|Modest||F|||50|]Garchomp||LifeOrb|RoughSkin|DragonClaw,RockSlide,Earthquake,Protect|Jolly||F|||50|]Basculegion||MysticWater|Adaptability|WaveCrash,LastRespects,AquaJet,Protect|Adamant||M|||50|]Whimsicott||FocusSash|Prankster|Moonblast,Protect,Encore,Tailwind|Timid||M|||50|
|showteam|p2|Charizard||CharizarditeY|Blaze|WeatherBall,Protect,HeatWave,SolarBeam|Timid||M|||50|]Garchomp||LifeOrb|RoughSkin|StompingTantrum,Earthquake,Protect,DragonClaw|Jolly||M|||50|]Basculegion||ChoiceScarf|Adaptability|FlipTurn,LastRespects,WaveCrash,Liquidation|Jolly||M|||50|]Kingambit||FocusSash|Defiant|KowtowCleave,IronHead,SuckerPunch,Protect|Adamant||F|||50|]Sneasler||WhiteHerb|Unburden|CloseCombat,DireClaw,FakeOut,Protect|Adamant||F|||50|]Aerodactyl||Aerodactylite|Unnerve|IceFang,Tailwind,WideGuard,RockSlide|Jolly||M|||50|
|inactive|Battle timer is ON: inactive players will automatically lose when time's up. (requested by VOQJKk)
|
|t:|1785439593
|teamsize|p1|4
|teamsize|p2|4
|start
|switch|p1a: Garchomp|Garchomp, L50, F|100/100
|switch|p1b: Whimsicott|Whimsicott, L50, M|100/100
|switch|p2a: Charizard|Charizard, L50, M|100/100
|switch|p2b: Aerodactyl|Aerodactyl, L50, M|100/100
|-ability|p2b: Aerodactyl|Unnerve
|turn|1
|
|t:|1785439610
|detailschange|p2a: Charizard|Charizard-Mega-Y, L50, M
|-mega|p2a: Charizard|Charizard|Charizardite Y
|-weather|SunnyDay|[from] ability: Drought|[of] p2a: Charizard
|move|p2b: Aerodactyl|Wide Guard|p2b: Aerodactyl
|-singleturn|p2b: Aerodactyl|Wide Guard
|move|p1b: Whimsicott|Tailwind|p1b: Whimsicott
|-sidestart|p1: VOQJKk|move: Tailwind
|move|p1a: Garchomp|Rock Slide|p2b: Aerodactyl|[spread] 
|-activate|p2a: Charizard|move: Wide Guard
|-activate|p2b: Aerodactyl|move: Wide Guard
|move|p2a: Charizard|Solar Beam||[still]
|-prepare|p2a: Charizard|Solar Beam
|-anim|p2a: Charizard|Solar Beam|p1a: Garchomp
|-damage|p1a: Garchomp|46/100
|
|-weather|SunnyDay|[upkeep]
|upkeep
|turn|2
|inactive|VOQJKk has 30 seconds left.
|inactive|AlbertoCasado777 has 30 seconds left.
|inactive|VOQJKk has 20 seconds left.
|
|t:|1785439646
|switch|p2a: Basculegion|Basculegion, L50, M|100/100
|move|p1b: Whimsicott|Encore||[still]
|-fail|p1b: Whimsicott
|move|p1a: Garchomp|Dragon Claw|p2b: Aerodactyl
|-damage|p2b: Aerodactyl|30/100
|-damage|p1a: Garchomp|37/100|[from] item: Life Orb
|move|p2b: Aerodactyl|Tailwind|p2b: Aerodactyl
|-sidestart|p2: AlbertoCasado777|move: Tailwind
|
|-weather|SunnyDay|[upkeep]
|upkeep
|turn|3
|inactive|AlbertoCasado777 has 30 seconds left.
|inactive|AlbertoCasado777 has 20 seconds left.
|inactive|AlbertoCasado777 has 15 seconds left.
|
|t:|1785439687
|move|p1b: Whimsicott|Encore|p2b: Aerodactyl
|-start|p2b: Aerodactyl|Encore
|move|p2a: Basculegion|Last Respects|p1a: Garchomp
|-damage|p1a: Garchomp|3/100
|move|p2b: Aerodactyl|Tailwind||[still]
|-fail|p2b: Aerodactyl
|move|p1a: Garchomp|Dragon Claw|p2a: Basculegion
|-damage|p2a: Basculegion|34/100
|-damage|p1a: Garchomp|0 fnt|[from] item: Life Orb
|faint|p1a: Garchomp
|
|-weather|SunnyDay|[upkeep]
|upkeep
|
|t:|1785439703
|switch|p1a: Basculegion|Basculegion, L50, M|100/100
|turn|4
|
|t:|1785439719
|switch|p2a: Garchomp|Garchomp, L50, M|100/100
|switch|p2b: Charizard|Charizard-Mega-Y, L50, M|100/100
|move|p1a: Basculegion|Aqua Jet|p2b: Charizard
|-supereffective|p2b: Charizard|1
|-damage|p2b: Charizard|56/100
|move|p1b: Whimsicott|Moonblast|p2a: Garchomp
|-supereffective|p2a: Garchomp|1
|-damage|p2a: Garchomp|24/100
|
|-weather|SunnyDay|[upkeep]
|-sideend|p1: VOQJKk|move: Tailwind
|upkeep
|turn|5
|
|t:|1785439744
|move|p2a: Garchomp|Protect|p2a: Garchomp
|-singleturn|p2a: Garchomp|Protect
|move|p1b: Whimsicott|Tailwind|p1b: Whimsicott
|-sidestart|p1: VOQJKk|move: Tailwind
|move|p1a: Basculegion|Aqua Jet|p2b: Charizard
|-supereffective|p2b: Charizard|1
|-damage|p2b: Charizard|12/100
|move|p2b: Charizard|Solar Beam||[still]
|-prepare|p2b: Charizard|Solar Beam
|-anim|p2b: Charizard|Solar Beam|p1a: Basculegion
|-supereffective|p1a: Basculegion|1
|-damage|p1a: Basculegion|0 fnt
|faint|p1a: Basculegion
|
|-weather|none
|-sideend|p2: AlbertoCasado777|move: Tailwind
|upkeep
|
|t:|1785439754
|switch|p1a: Eelektross|Eelektross, L50, M|100/100
|turn|6
|inactive|AlbertoCasado777 has 30 seconds left.
|inactive|AlbertoCasado777 has 20 seconds left.
|
|t:|1785439790
|detailschange|p1a: Eelektross|Eelektross-Mega, L50, M
|-mega|p1a: Eelektross|Eelektross|Eelektrossite
|move|p2b: Charizard|Protect|p2b: Charizard
|-singleturn|p2b: Charizard|Protect
|move|p1b: Whimsicott|Moonblast|p2b: Charizard
|-activate|p2b: Charizard|move: Protect
|move|p1a: Eelektross|Grass Knot|p2a: Garchomp
|-damage|p2a: Garchomp|0 fnt
|-damage|p1a: Eelektross|87/100|[from] ability: Rough Skin|[of] p2a: Garchomp
|faint|p2a: Garchomp
|-ability|p1a: Eelektross|Eelevate|boost
|-boost|p1a: Eelektross|spa|1
|
|upkeep
|
|t:|1785439808
|switch|p2a: Basculegion|Basculegion, L50, M|34/100
|turn|7
|
|t:|1785439819
|switch|p2b: Aerodactyl|Aerodactyl, L50, M|30/100
|-ability|p2b: Aerodactyl|Unnerve
|move|p1b: Whimsicott|Moonblast|p2a: Basculegion
|-damage|p2a: Basculegion|0 fnt
|faint|p2a: Basculegion
|move|p1a: Eelektross|Thunderbolt|p2b: Aerodactyl
|-supereffective|p2b: Aerodactyl|1
|-damage|p2b: Aerodactyl|0 fnt
|faint|p2b: Aerodactyl
|-ability|p1a: Eelektross|Eelevate|boost
|-boost|p1a: Eelektross|spa|1
|
|upkeep
|-message|AlbertoCasado777 forfeited.
|
|win|VOQJKk
|raw|VOQJKk's rating: 1094 → 1113(+19 for winning)
|raw|AlbertoCasado777's rating: 1000 → 1000(+0 for losing)
|l|☆AlbertoCasado777
|player|p2|
