|j|☆Sercod_ITA
|j|☆natsukivgc
|html|Sercod_ITAnatsukivgc    
|uhtml|bestof|Game 2 of a best-of-3
|t:|1785400340
|gametype|doubles
|player|p1|Sercod_ITA|elesa|1149
|player|p2|natsukivgc|1|1223
|gen|9
|tier|[Gen 9 Champions] VGC 2026 Reg M-B (Bo3)
|rated|
|rule|Species Clause: Limit one of each Pokémon
|rule|Item Clause: Limit 1 of each item
|clearpoke
|poke|p1|Gengar, L50, M|
|poke|p1|Greninja, L50, F|
|poke|p1|Froslass, L50, F|
|poke|p1|Whimsicott, L50, F|
|poke|p1|Annihilape, L50, F|
|poke|p1|Infernape, L50, M|
|poke|p2|Garchomp, L50, F|
|poke|p2|Venusaur, L50, F|
|poke|p2|Incineroar, L50, F|
|poke|p2|Charizard, L50, F|
|poke|p2|Toxapex, L50, M|
|poke|p2|Annihilape, L50, M|
|teampreview|4
|showteam|p1|Gengar||Gengarite|CursedBody|Protect,ShadowBall,SludgeBomb,Thunderbolt|Timid||M|||50|]Greninja||LifeOrb|Protean|RockSlide,LowKick,DarkPulse,IceBeam|Rash||F|||50|]Froslass||Froslassite|CursedBody|Protect,Blizzard,ShadowBall,Thunderbolt|Timid||F|||50|]Whimsicott||OccaBerry|Prankster|Protect,Moonblast,FakeTears,Tailwind|Bold||F|||50|]Annihilape||FocusSash|Defiant|CloseCombat,PhantomForce,RockSlide,Protect|Jolly||F|||50|]Infernape||PayapaBerry|IronFist|FakeOut,DrainPunch,Taunt,Coaching|Jolly||M|||50|
|showteam|p2|Garchomp||ChoiceScarf|RoughSkin|Earthquake,DragonClaw,StompingTantrum,RockSlide|Adamant||F|||50|]Venusaur||LifeOrb|Chlorophyll|SolarBeam,SludgeBomb,EarthPower,Protect|Modest||F|||50|]Incineroar||SitrusBerry|Intimidate|FlareBlitz,ThroatChop,FakeOut,PartingShot|Impish||F|||50|]Charizard||CharizarditeY|Blaze|HeatWave,WeatherBall,HelpingHand,Protect|Modest||F|||50|]Toxapex||Leftovers|Regenerator|Infestation,Toxic,WideGuard,BanefulBunker|Bold||M|||50|]Annihilape||FocusSash|Defiant|CloseCombat,PhantomForce,StealthRock,Protect|Jolly||M|||50|
|
|t:|1785400363
|teamsize|p1|4
|teamsize|p2|4
|start
|switch|p1a: Whimsicott|Whimsicott, L50, F|100/100
|switch|p1b: Greninja|Greninja, L50, F|100/100
|switch|p2a: Charizard|Charizard, L50, F|100/100
|switch|p2b: Venusaur|Venusaur, L50, F|100/100
|turn|1
|
|t:|1785400424
|detailschange|p2a: Charizard|Charizard-Mega-Y, L50, F
|-mega|p2a: Charizard|Charizard|Charizardite Y
|-weather|SunnyDay|[from] ability: Drought|[of] p2a: Charizard
|move|p1a: Whimsicott|Tailwind|p1a: Whimsicott
|-sidestart|p1: Sercod_ITA|move: Tailwind
|move|p1b: Greninja|Rock Slide|p2b: Venusaur|[spread] p2a,p2b
|-start|p1b: Greninja|typechange|Rock|[from] ability: Protean
|-supereffective|p2a: Charizard|2
|-damage|p2a: Charizard|0 fnt
|-damage|p2b: Venusaur|67/100
|faint|p2a: Charizard
|-damage|p1b: Greninja|90/100|[from] item: Life Orb
|move|p2b: Venusaur|Sludge Bomb|p1a: Whimsicott
|-supereffective|p1a: Whimsicott|2
|-damage|p1a: Whimsicott|0 fnt
|faint|p1a: Whimsicott
|-damage|p2b: Venusaur|57/100|[from] item: Life Orb
|
|-weather|SunnyDay|[upkeep]
|upkeep
|
|t:|1785400444
|switch|p1a: Froslass|Froslass, L50, F|100/100
|switch|p2a: Incineroar|Incineroar, L50, F|100/100
|-ability|p2a: Incineroar|Intimidate|boost
|-unboost|p1a: Froslass|atk|1
|-unboost|p1b: Greninja|atk|1
|turn|2
|
|t:|1785400467
|switch|p1b: Annihilape|Annihilape, L50, F|100/100
|detailschange|p1a: Froslass|Froslass-Mega, L50, F
|-mega|p1a: Froslass|Froslass|Froslassite
|-weather|Snowscape|[from] ability: Snow Warning|[of] p1a: Froslass
|move|p1a: Froslass|Protect|p1a: Froslass
|-singleturn|p1a: Froslass|Protect
|move|p2b: Venusaur|Protect|p2b: Venusaur
|-singleturn|p2b: Venusaur|Protect
|move|p2a: Incineroar|Fake Out|p1b: Annihilape
|-immune|p1b: Annihilape
|
|-weather|Snowscape|[upkeep]
|upkeep
|turn|3
|
|t:|1785400499
|switch|p2b: Annihilape|Annihilape, L50, M|100/100
|move|p1a: Froslass|Blizzard|p2b: Annihilape|[spread] p2a,p2b
|-resisted|p2a: Incineroar|1
|-damage|p2a: Incineroar|79/100
|-damage|p2b: Annihilape|51/100
|move|p1b: Annihilape|Close Combat|p2a: Incineroar
|-supereffective|p2a: Incineroar|1
|-damage|p2a: Incineroar|0 fnt
|-unboost|p1b: Annihilape|def|1
|-unboost|p1b: Annihilape|spd|1
|faint|p2a: Incineroar
|
|-weather|Snowscape|[upkeep]
|upkeep
|
|t:|1785400511
|switch|p2a: Venusaur|Venusaur, L50, F|57/100
|turn|4
|
|t:|1785400517
|move|p2b: Annihilape|Protect|p2b: Annihilape
|-singleturn|p2b: Annihilape|Protect
|move|p2a: Venusaur|Protect|p2a: Venusaur
|-singleturn|p2a: Venusaur|Protect
|move|p1a: Froslass|Blizzard|p2b: Annihilape|[spread] 
|-activate|p2a: Venusaur|move: Protect
|-activate|p2b: Annihilape|move: Protect
|move|p1b: Annihilape|Phantom Force||[still]
|-prepare|p1b: Annihilape|Phantom Force
|
|-weather|Snowscape|[upkeep]
|-sideend|p1: Sercod_ITA|move: Tailwind
|upkeep
|turn|5
|
|t:|1785400537
|move|p1a: Froslass|Blizzard|p2a: Venusaur|[spread] p2a,p2b
|-supereffective|p2a: Venusaur|1
|-damage|p2a: Venusaur|0 fnt
|-damage|p2b: Annihilape|0 fnt
|faint|p2a: Venusaur
|faint|p2b: Annihilape
|
|win|Sercod_ITA
