|j|â˜†lancepp
|j|â˜†AMediocreRobot
|html|lanceppAMediocreRobot    
|uhtml|bestof|Game 1 of a best-of-3
|t:|1783853000
|gametype|doubles
|player|p1|lancepp|dragontamer|
|player|p2|AMediocreRobot|medium|
|gen|9
|tier|[Gen 9 Champions] VGC 2026 Reg M-B (Bo3)
|rule|Species Clause: Limit one of each PokÃ©mon
|rule|Item Clause: Limit 1 of each item
|clearpoke
|poke|p1|Talonflame, L50, M|
|poke|p1|Politoed, L50, F|
|poke|p1|Basculegion-F, L50, F|
|poke|p1|Dragonite, L50, F|
|poke|p1|Metagross, L50|
|poke|p1|Venusaur, L50, F|
|poke|p2|Corviknight, L50, F|
|poke|p2|Aerodactyl, L50, F|
|poke|p2|Blaziken, L50, F|
|poke|p2|Scizor, L50, F|
|poke|p2|Rotom-Wash, L50|
|poke|p2|Sceptile, L50, M|
|teampreview|4
|showteam|p1|Talonflame||SharpBeak|GaleWings|Protect,Hurricane,Tailwind,Overheat|Modest||M|||50|]Politoed||SitrusBerry|Drizzle|WeatherBall,Encore,MuddyWater,Protect|Calm||F|||50|]Basculegion-F||ChoiceScarf|Adaptability|WaveCrash,FlipTurn,LastRespects,AquaJet|Jolly||F|||50|]Dragonite||Dragoninite|Multiscale|DracoMeteor,Protect,Thunder,Hurricane|Modest||F|||50|]Metagross||LifeOrb|ClearBody|PsychicFangs,Protect,BulletPunch,IronHead|Jolly|||||50|]Venusaur||Venusaurite|Chlorophyll|LeechSeed,Protect,SludgeBomb,LeafStorm|Calm||F|||50|
|showteam|p2|Corviknight||ExpertBelt|MirrorArmor|BraveBird,BodyPress,IronHead,BulkUp|Impish||F|||50|]Aerodactyl||FocusSash|Pressure|RockSlide,Taunt,Tailwind,Protect|Jolly||F|||50|]Blaziken||Blazikenite|SpeedBoost|FlareBlitz,CloseCombat,SwordsDance,Detect|Adamant||F|||50|]Scizor||LifeOrb|Technician|Assurance,BulletPunch,Uturn,Protect|Adamant||F|||50|]Rotom-Wash||ChoiceScarf|Levitate|HydroPump,Electroweb,VoltSwitch,Thunderbolt|Modest|||||50|]Sceptile||Sceptilite|Overgrow|EnergyBall,DragonPulse,Protect,ShedTail|Timid||M|||50|
|c|â˜†AMediocreRobot|Hf
|c|â˜†lancepp|Hf
|
|t:|1783853061
|teamsize|p1|4
|teamsize|p2|4
|start
|switch|p1a: Talonflame|Talonflame, L50, M|100/100
|switch|p1b: Venusaur|Venusaur, L50, F|100/100
|switch|p2a: Rotom|Rotom-Wash, L50|100/100
|switch|p2b: Aerodactyl|Aerodactyl, L50, F|100/100
|-ability|p2b: Aerodactyl|Pressure
|turn|1
|c|â˜†AMediocreRobot|Multiscale special dnite is criminal
|c|â˜†lancepp|trust me you wouldnt wanna see the first set
|c|â˜†lancepp|it was quiet dnite
|c|â˜†AMediocreRobot|What in the troom
|
|t:|1783853127
|detailschange|p1b: Venusaur|Venusaur-Mega, L50, F
|-mega|p1b: Venusaur|Venusaur|Venusaurite
|move|p1a: Talonflame|Protect|p1a: Talonflame
|-singleturn|p1a: Talonflame|Protect
|move|p2a: Rotom|Volt Switch|p1a: Talonflame
|-activate|p1a: Talonflame|move: Protect
|move|p2b: Aerodactyl|Tailwind|p2b: Aerodactyl
|-sidestart|p2: AMediocreRobot|move: Tailwind
|move|p1b: Venusaur|Sludge Bomb|p2a: Rotom
|-damage|p2a: Rotom|61/100
|
|upkeep
|turn|2
|
|t:|1783853150
|move|p1a: Talonflame|Tailwind|p1a: Talonflame
|-sidestart|p1: lancepp|move: Tailwind
|move|p2a: Rotom|Volt Switch|p1a: Talonflame
|-supereffective|p1a: Talonflame|1
|-damage|p1a: Talonflame|20/100y
|
|t:|1783853158
|switch|p2a: Corviknight|Corviknight, L50, F|100/100|[from] Volt Switch
|move|p2b: Aerodactyl|Taunt|p1b: Venusaur
|-start|p1b: Venusaur|move: Taunt
|move|p1b: Venusaur|Leaf Storm|p2a: Corviknight
|-resisted|p2a: Corviknight|2
|-damage|p2a: Corviknight|84/100
|-unboost|p1b: Venusaur|spa|2
|
|upkeep
|turn|3
|
|t:|1783853217
|switch|p2a: Sceptile|Sceptile, L50, M|100/100
|switch|p1b: Politoed|Politoed, L50, F|100/100
|-weather|RainDance|[from] ability: Drizzle|[of] p1b: Politoed
|move|p1a: Talonflame|Protect|p1a: Talonflame
|-singleturn|p1a: Talonflame|Protect
|move|p2b: Aerodactyl|Rock Slide|p1b: Politoed|[spread] p1b
|-activate|p1a: Talonflame|move: Protect
|-damage|p1b: Politoed|72/100
|
|-weather|RainDance|[upkeep]
|upkeep
|turn|4
|
|t:|1783853246
|switch|p1a: Venusaur|Venusaur-Mega, L50, F|100/100
|detailschange|p2a: Sceptile|Sceptile-Mega, L50, M
|-mega|p2a: Sceptile|Sceptile|Sceptilite
|move|p1b: Politoed|Protect|p1b: Politoed
|-singleturn|p1b: Politoed|Protect
|move|p2a: Sceptile|Shed Tail|p2a: Sceptile
|-start|p2a: Sceptile|Substitute|[from] move: Shed Tail
|-damage|p2a: Sceptile|49/100
|
|t:|1783853254
|switch|p2a: Corviknight|Corviknight, L50, F|84/100|[from] Shed Tail
|move|p2b: Aerodactyl|Rock Slide|p1b: Politoed|[spread] p1a
|-activate|p1b: Politoed|move: Protect
|-damage|p1a: Venusaur|83/100
|
|-weather|RainDance|[upkeep]
|-sideend|p2: AMediocreRobot|move: Tailwind
|upkeep
|turn|5
|
|t:|1783853278
|move|p2b: Aerodactyl|Protect|p2b: Aerodactyl
|-singleturn|p2b: Aerodactyl|Protect
|move|p1a: Venusaur|Leech Seed|p2b: Aerodactyl
|-activate|p2b: Aerodactyl|move: Protect
|move|p1b: Politoed|Muddy Water|p2a: Corviknight|[spread] p2a
|-activate|p2b: Aerodactyl|move: Protect
|-end|p2a: Corviknight|Substitute
|move|p2a: Corviknight|Brave Bird|p1a: Venusaur
|-supereffective|p1a: Venusaur|1
|-damage|p1a: Venusaur|9/100
|-damage|p2a: Corviknight|59/100|[from] Recoil
|
|-weather|RainDance|[upkeep]
|-sideend|p1: lancepp|move: Tailwind
|upkeep
|turn|6
|
|t:|1783853317
|switch|p2a: Rotom|Rotom-Wash, L50|61/100
|move|p2b: Aerodactyl|Tailwind|p2b: Aerodactyl
|-sidestart|p2: AMediocreRobot|move: Tailwind
|move|p1a: Venusaur|Leaf Storm|p2b: Aerodactyl|[miss]
|-miss|p1a: Venusaur|p2b: Aerodactyl
|move|p1b: Politoed|Muddy Water|p2a: Rotom|[spread] p2a,p2b
|-resisted|p2a: Rotom|1
|-supereffective|p2b: Aerodactyl|1
|-damage|p2a: Rotom|43/100
|-damage|p2b: Aerodactyl|15/100
|
|-weather|RainDance|[upkeep]
|upkeep
|turn|7
|c|â˜†lancepp|w
|c|â˜†AMediocreRobot|Rip
|c|â˜†AMediocreRobot|mb
|
|t:|1783853347
|move|p1b: Politoed|Protect|p1b: Politoed
|-singleturn|p1b: Politoed|Protect
|move|p2a: Rotom|Volt Switch|p1b: Politoed
|-activate|p1b: Politoed|move: Protect
|move|p2b: Aerodactyl|Rock Slide|p1a: Venusaur|[spread] p1a
|-activate|p1b: Politoed|move: Protect
|-damage|p1a: Venusaur|0 fnt
|faint|p1a: Venusaur
|
|-weather|none
|upkeep
|
|t:|1783853358
|switch|p1a: Talonflame|Talonflame, L50, M|20/100y
|turn|8
|
|t:|1783853368
|move|p2a: Rotom|Volt Switch|p1b: Politoed
|-supereffective|p1b: Politoed|1
|-damage|p1b: Politoed|28/100
|-enditem|p1b: Politoed|Sitrus Berry|[eat]
|-heal|p1b: Politoed|53/100|[from] item: Sitrus Berry
|
|t:|1783853373
|switch|p2a: Sceptile|Sceptile-Mega, L50, M|49/100|[from] Volt Switch
|move|p2b: Aerodactyl|Rock Slide|p1b: Politoed|[spread] p1a,p1b
|-supereffective|p1a: Talonflame|2
|-damage|p1a: Talonflame|0 fnt
|-damage|p1b: Politoed|28/100
|faint|p1a: Talonflame
|move|p1b: Politoed|Muddy Water|p2a: Sceptile|[spread] p2a,p2b
|-resisted|p2a: Sceptile|2
|-supereffective|p2b: Aerodactyl|1
|-damage|p2a: Sceptile|43/100
|-damage|p2b: Aerodactyl|0 fnt
|-unboost|p2a: Sceptile|accuracy|1
|faint|p2b: Aerodactyl
|
|upkeep
|
|t:|1783853382
|switch|p2b: Rotom|Rotom-Wash, L50|43/100
|switch|p1a: Basculegion|Basculegion-F, L50, F|100/100
|turn|9
|
|t:|1783853407
|move|p2a: Sceptile|Energy Ball|p1a: Basculegion
|-supereffective|p1a: Basculegion|1
|-damage|p1a: Basculegion|0 fnt
|faint|p1a: Basculegion
|move|p2b: Rotom|Thunderbolt|p2a: Sceptile
|-activate|p2a: Sceptile|ability: Lightning Rod
|-ability|p2a: Sceptile|Lightning Rod|boost
|-boost|p2a: Sceptile|spa|1
|move|p1b: Politoed|Muddy Water|p2a: Sceptile|[spread] p2a
|-miss|p1b: Politoed|p2b: Rotom
|-resisted|p2a: Sceptile|2
|-damage|p2a: Sceptile|36/100
|
|-sideend|p2: AMediocreRobot|move: Tailwind
|upkeep
|turn|10
|c|â˜†AMediocreRobot|Oh wait
|c|â˜†AMediocreRobot|Didnt know it did that
|c|â˜†lancepp|yea
|
|t:|1783853441
|switch|p2a: Corviknight|Corviknight, L50, F|59/100
|move|p2b: Rotom|Thunderbolt|p1b: Politoed
|-supereffective|p1b: Politoed|1
|-crit|p1b: Politoed
|-damage|p1b: Politoed|0 fnt
|faint|p1b: Politoed
|
|win|AMediocreRobot
|c|â˜†lancepp|it does that
||lancepp is ready for game 2.
||AMediocreRobot is ready for game 2.
|uhtml|next|Next: Game 2 of 3
|l|â˜†AMediocreRobot
|player|p2|
