|j|☆kemaho
|j|☆samki9
|html|kemahosamki9    
|uhtml|bestof|Game 2 of a best-of-3
|t:|1756762815
|gametype|doubles
|player|p1|kemaho|clerk|1134
|player|p2|samki9|170|1079
|gen|9
|tier|[Gen 9] VGC 2025 Reg H (Bo3)
|rated|
|rule|Species Clause: Limit one of each Pokémon
|rule|Item Clause: Limit 1 of each item
|clearpoke
|poke|p1|Dragonite, L50, F|
|poke|p1|Archaludon, L50, F|
|poke|p1|Sinistcha, L50|
|poke|p1|Ursaluna, L50, M|
|poke|p1|Pelipper, L50, F|
|poke|p1|Incineroar, L50, F|
|poke|p2|Corviknight, L50, M|
|poke|p2|Garchomp, L50, M|
|poke|p2|Tyranitar, L50, M|
|poke|p2|Gholdengo, L50|
|poke|p2|Sneasler, L50, M|
|poke|p2|Incineroar, L50, M|
|teampreview|4
|showteam|p1|Dragonite||LoadedDice|Multiscale|ScaleShot,Protect,Tailwind,Haze|||F|||50|,,,,,Fairy]Archaludon||AssaultVest|Stamina|FlashCannon,BodyPress,ElectroShot,Snarl|||F|||50|,,,,,Fighting]Sinistcha||SitrusBerry|Hospitality|MatchaGotcha,RagePowder,TrickRoom,LifeDew||||||50|,,,,,Dark]Ursaluna||FlameOrb|Guts|Earthquake,Facade,HeadlongRush,Protect|||M|||50|,,,,,Ghost]Pelipper||FocusSash|Drizzle|MuddyWater,Hurricane,WideGuard,Tailwind|||F|||50|,,,,,Ghost]Incineroar||SafetyGoggles|Intimidate|FlareBlitz,KnockOff,FakeOut,PartingShot|||F|||50|,,,,,Ghost
|showteam|p2|Corviknight||SitrusBerry|MirrorArmor|BraveBird,Taunt,Tailwind,Protect|||M|||50|,,,,,Dragon]Garchomp||ClearAmulet|SandVeil|DragonClaw,Earthquake,StompingTantrum,Protect|||M|||50|,,,,,Fire]Tyranitar||AssaultVest|SandStream|RockSlide,KnockOff,TeraBlast,IcePunch|||M|||50|,,,,,Flying]Gholdengo||LifeOrb|GoodasGold|MakeItRain,ShadowBall,NastyPlot,Protect||||||50|,,,,,Water]Sneasler||WhiteHerb|Unburden|DireClaw,CloseCombat,Coaching,Protect|||M|||50|,,,,,Ghost]Incineroar||CovertCloak|Intimidate|FlareBlitz,WillOWisp,PartingShot,FakeOut|||M|||50|,,,,,Grass
|
|t:|1756762882
|teamsize|p1|4
|teamsize|p2|4
|start
|switch|p1a: Incineroar|Incineroar, L50, F|100/100
|switch|p1b: Dragonite|Dragonite, L50, F|100/100
|switch|p2a: Sneasler|Sneasler, L50, M|100/100
|switch|p2b: Tyranitar|Tyranitar, L50, M|100/100
|-ability|p1a: Incineroar|Intimidate|boost
|-unboost|p2a: Sneasler|atk|1
|-unboost|p2b: Tyranitar|atk|1
|-weather|Sandstorm|[from] ability: Sand Stream|[of] p2b: Tyranitar
|-enditem|p2a: Sneasler|White Herb
|-clearnegativeboost|p2a: Sneasler|[silent]
|turn|1
|
|t:|1756762903
|switch|p2b: Corviknight|Corviknight, L50, M|100/100
|move|p1a: Incineroar|Fake Out|p2a: Sneasler
|-damage|p2a: Sneasler|81/100
|cant|p2a: Sneasler|flinch
|move|p1b: Dragonite|Scale Shot|p2a: Sneasler
|-damage|p2a: Sneasler|60/100
|-damage|p2a: Sneasler|38/100
|-damage|p2a: Sneasler|15/100
|-damage|p2a: Sneasler|0 fnt
|faint|p2a: Sneasler
|-hitcount|p2: Sneasler|4
|-unboost|p1b: Dragonite|def|1
|-boost|p1b: Dragonite|spe|1
|
|-weather|Sandstorm|[upkeep]
|-damage|p1b: Dragonite|95/100|[from] Sandstorm
|upkeep
|
|t:|1756762919
|switch|p2a: Tyranitar|Tyranitar, L50, M|100/100
|turn|2
|
|t:|1756762935
|switch|p1a: Pelipper|Pelipper, L50, F|100/100
|-weather|RainDance|[from] ability: Drizzle|[of] p1a: Pelipper
|move|p1b: Dragonite|Scale Shot|p2a: Tyranitar
|-damage|p2a: Tyranitar|88/100
|-crit|p2a: Tyranitar
|-damage|p2a: Tyranitar|67/100
|-damage|p2a: Tyranitar|54/100
|-damage|p2a: Tyranitar|40/100
|-hitcount|p2a: Tyranitar|4
|-unboost|p1b: Dragonite|def|1
|-boost|p1b: Dragonite|spe|1
|move|p2b: Corviknight|Tailwind|p2b: Corviknight
|-sidestart|p2: samki9|move: Tailwind
|move|p2a: Tyranitar|Rock Slide|p1a: Pelipper|[spread] p1a,p1b
|-supereffective|p1a: Pelipper
|-supereffective|p1b: Dragonite
|-damage|p1a: Pelipper|15/100
|-damage|p1b: Dragonite|0 fnt
|faint|p1b: Dragonite
|
|-weather|RainDance|[upkeep]
|upkeep
|
|t:|1756762953
|switch|p1b: Incineroar|Incineroar, L50, F|100/100
|-ability|p1b: Incineroar|Intimidate|boost
|-unboost|p2a: Tyranitar|atk|1
|-ability|p2b: Corviknight|Mirror Armor
|-unboost|p1b: Incineroar|atk|1
|turn|3
|
|t:|1756762968
|switch|p2a: Gholdengo|Gholdengo, L50|100/100
|move|p1b: Incineroar|Fake Out|p2b: Corviknight
|-resisted|p2b: Corviknight
|-damage|p2b: Corviknight|97/100
|cant|p2b: Corviknight|flinch
|move|p1a: Pelipper|Muddy Water|p2b: Corviknight|[spread] p2a,p2b
|-damage|p2a: Gholdengo|56/100
|-damage|p2b: Corviknight|54/100
|-ability|p2b: Corviknight|Mirror Armor
|-unboost|p1a: Pelipper|accuracy|1
|
|-weather|RainDance|[upkeep]
|upkeep
|turn|4
|
|t:|1756762986
|switch|p2a: Tyranitar|Tyranitar, L50, M|40/100
|-weather|Sandstorm|[from] ability: Sand Stream|[of] p2a: Tyranitar
|move|p2b: Corviknight|Brave Bird|p1b: Incineroar
|-damage|p1b: Incineroar|60/100
|-damage|p2b: Corviknight|41/100|[from] Recoil
|-enditem|p2b: Corviknight|Sitrus Berry|[eat]
|-heal|p2b: Corviknight|66/100|[from] item: Sitrus Berry
|move|p1a: Pelipper|Muddy Water|p2a: Tyranitar|[spread] p2b
|-miss|p1a: Pelipper|p2a: Tyranitar
|-damage|p2b: Corviknight|39/100
|move|p1b: Incineroar|Knock Off|p2a: Tyranitar
|-resisted|p2a: Tyranitar
|-damage|p2a: Tyranitar|29/100
|-enditem|p2a: Tyranitar|Assault Vest|[from] move: Knock Off|[of] p1b: Incineroar
|
|-weather|Sandstorm|[upkeep]
|-damage|p1a: Pelipper|9/100|[from] Sandstorm
|upkeep
|turn|5
|
|t:|1756763015
|move|p2b: Corviknight|Protect|p2b: Corviknight
|-singleturn|p2b: Corviknight|Protect
|move|p2a: Tyranitar|Rock Slide|p1b: Incineroar|[spread] p1a,p1b
|-supereffective|p1a: Pelipper
|-supereffective|p1b: Incineroar
|-damage|p1a: Pelipper|0 fnt
|-damage|p1b: Incineroar|2/100
|faint|p1a: Pelipper
|cant|p1b: Incineroar|flinch
|
|-weather|Sandstorm|[upkeep]
|-sideend|p2: samki9|move: Tailwind
|upkeep
|
|t:|1756763020
|switch|p1a: Ursaluna|Ursaluna, L50, M|100/100
|turn|6
|
|t:|1756763034
|move|p1a: Ursaluna|Protect|p1a: Ursaluna
|-singleturn|p1a: Ursaluna|Protect
|move|p2b: Corviknight|Brave Bird|p1b: Incineroar
|-damage|p1b: Incineroar|0 fnt
|faint|p1b: Incineroar
|-damage|p2b: Corviknight|39/100|[from] Recoil
|move|p2a: Tyranitar|Knock Off|p1a: Ursaluna
|-activate|p1a: Ursaluna|move: Protect
|
|-weather|Sandstorm|[upkeep]
|-status|p1a: Ursaluna|brn|[from] item: Flame Orb
|upkeep
|turn|7
|
|t:|1756763047
|-terastallize|p1a: Ursaluna|Ghost
|-terastallize|p2a: Tyranitar|Flying
|move|p2b: Corviknight|Brave Bird|p1a: Ursaluna
|-damage|p1a: Ursaluna|64/100 brn
|-damage|p2b: Corviknight|26/100|[from] Recoil
|move|p1a: Ursaluna|Facade|p2b: Corviknight
|-resisted|p2b: Corviknight
|-damage|p2b: Corviknight|0 fnt
|faint|p2b: Corviknight
|move|p2a: Tyranitar|Ice Punch|p1a: Ursaluna
|-damage|p1a: Ursaluna|41/100 brn
|
|-weather|Sandstorm|[upkeep]
|-damage|p1a: Ursaluna|35/100 brn|[from] Sandstorm
|-damage|p2a: Tyranitar|22/100|[from] Sandstorm
|-damage|p1a: Ursaluna|29/100 brn|[from] brn
|upkeep
|
|t:|1756763062
|switch|p2b: Gholdengo|Gholdengo, L50|56/100
|turn|8
|
|t:|1756763069
|move|p2b: Gholdengo|Shadow Ball|p1a: Ursaluna
|-supereffective|p1a: Ursaluna
|-damage|p1a: Ursaluna|0 fnt
|faint|p1a: Ursaluna
|-damage|p2b: Gholdengo|46/100|[from] item: Life Orb
|
|win|samki9
|raw|kemaho's rating: 1134 → 1105(-29 for losing)
|raw|samki9's rating: 1079 → 1112(+33 for winning)
|c|☆kemaho|gg
|l|☆samki9
|player|p2|
