|j|☆throat chop user
|j|☆Professor_J93
|html|throat chop userProfessor_J93    
|uhtml|bestof|Game 3 of a best-of-3
|t:|1783537032
|gametype|doubles
|player|p1|throat chop user|may|1407
|player|p2|Professor_J93|n|1338
|gen|9
|tier|[Gen 9 Champions] VGC 2026 Reg M-B (Bo3)
|rated|
|rule|Species Clause: Limit one of each Pokémon
|rule|Item Clause: Limit 1 of each item
|clearpoke
|poke|p1|Charizard, L50, F|
|poke|p1|Incineroar, L50, M|
|poke|p1|Sylveon, L50, M|
|poke|p1|Farigiraf, L50, M|
|poke|p1|Garchomp, L50, M|
|poke|p1|Aerodactyl, L50, M|
|poke|p2|Raichu, L50, F, shiny|
|poke|p2|Vivillon-Ocean, L50, M, shiny|
|poke|p2|Infernape, L50, M|
|poke|p2|Farigiraf, L50, F, shiny|
|poke|p2|Meganium, L50, M|
|poke|p2|Kingambit, L50, M|
|teampreview|4
|showteam|p1|Charizard||CharizarditeY|Blaze|HeatWave,WeatherBall,SolarBeam,Protect|Modest||F|||50|]Incineroar||Charcoal|Intimidate|FlareBlitz,DarkestLariat,FakeOut,PartingShot|Brave||M|||50|]Sylveon||FairyFeather|Pixilate|HyperVoice,Yawn,QuickAttack,Protect|Modest||M|||50|]Farigiraf||SitrusBerry|ArmorTail|Psyshock,HelpingHand,TrickRoom,Protect|Calm||M|||50|]Garchomp||LifeOrb|RoughSkin|Earthquake,Protect,DragonClaw,RockSlide|Jolly||M|||50|]Aerodactyl||FocusSash|Unnerve|RockSlide,Tailwind,WideGuard,Protect|Jolly||M|||50|
|showteam|p2|Raichu||RaichuniteY|LightningRod|ZapCannon,FocusBlast,FakeOut,Protect|Modest||F|||50|]Vivillon-Ocean||FocusSash|CompoundEyes|Hurricane,Tailwind,SleepPowder,Protect|Timid||M|||50|]Infernape||Charcoal|Blaze|Overheat,FakeOut,Encore,Protect|Timid||M|||50|]Farigiraf||SitrusBerry|ArmorTail|Psyshock,Roar,TrickRoom,HelpingHand|Relaxed||F|||50|]Meganium||Meganiumite|Overgrow|SolarBeam,DazzlingGleam,WeatherBall,Protect|Modest||M|||50|]Kingambit||LifeOrb|Defiant|SuckerPunch,KowtowCleave,IronHead,Protect|Adamant||M|||50|
|
|t:|1783537058
|teamsize|p1|4
|teamsize|p2|4
|start
|switch|p1a: Garchomp|Garchomp, L50, M|100/100
|switch|p1b: Charizard|Charizard, L50, F|100/100
|switch|p2a: Farigiraf|Farigiraf, L50, F, shiny|100/100
|switch|p2b: Meganium|Meganium, L50, M|100/100
|turn|1
|
|t:|1783537088
|switch|p1a: Sylveon|Sylveon, L50, M|100/100
|switch|p2b: Maui|Vivillon-Ocean, L50, M, shiny|100/100
|detailschange|p1b: Charizard|Charizard-Mega-Y, L50, F
|-mega|p1b: Charizard|Charizard|Charizardite Y
|-weather|SunnyDay|[from] ability: Drought|[of] p1b: Charizard
|move|p1b: Charizard|Heat Wave|p2b: Maui|[spread] p2a,p2b
|-supereffective|p2b: Maui|1
|-damage|p2a: Farigiraf|35/100
|-enditem|p2b: Maui|Focus Sash
|-damage|p2b: Maui|1/100
|-status|p2b: Maui|brn
|-enditem|p2a: Farigiraf|Sitrus Berry|[eat]
|-heal|p2a: Farigiraf|60/100|[from] item: Sitrus Berry
|move|p2a: Farigiraf|Trick Room|p2a: Farigiraf
|-fieldstart|move: Trick Room|[of] p2a: Farigiraf
|
|-weather|SunnyDay|[upkeep]
|-damage|p2b: Maui|0 fnt|[from] brn
|faint|p2b: Maui
|upkeep
|
|t:|1783537097
|switch|p2b: Kingambit|Kingambit, L50, M|100/100
|turn|2
|
|t:|1783537116
|move|p2a: Farigiraf|Helping Hand|p2b: Kingambit
|-singleturn|p2b: Kingambit|Helping Hand|[of] p2a: Farigiraf
|move|p1a: Sylveon|Yawn|p2b: Kingambit
|-start|p2b: Kingambit|move: Yawn|[of] p1a: Sylveon
|move|p2b: Kingambit|Kowtow Cleave|p1b: Charizard
|-damage|p1b: Charizard|0 fnt
|faint|p1b: Charizard
|-damage|p2b: Kingambit|90/100|[from] item: Life Orb
|
|-weather|SunnyDay|[upkeep]
|upkeep
|
|t:|1783537135
|switch|p1b: Farigiraf|Farigiraf, L50, M|100/100
|turn|3
|
|t:|1783537145
|move|p1b: Farigiraf|Helping Hand|p1a: Sylveon
|-singleturn|p1a: Sylveon|Helping Hand|[of] p1b: Farigiraf
|move|p1a: Sylveon|Hyper Voice|p2b: Kingambit|[spread] p2a,p2b
|-damage|p2a: Farigiraf|0 fnt
|-damage|p2b: Kingambit|16/100
|faint|p2a: Farigiraf
|move|p2b: Kingambit|Iron Head|p1a: Sylveon
|-supereffective|p1a: Sylveon|1
|-damage|p1a: Sylveon|0 fnt
|faint|p1a: Sylveon
|-damage|p2b: Kingambit|7/100|[from] item: Life Orb
|
|-weather|SunnyDay|[upkeep]
|-end|p2b: Kingambit|move: Yawn|[silent]
|-status|p2b: Kingambit|slp
|upkeep
|
|t:|1783537152
|switch|p2a: Meganium|Meganium, L50, M|100/100
|switch|p1a: Garchomp|Garchomp, L50, M|100/100
|turn|4
|
|t:|1783537166
|detailschange|p2a: Meganium|Meganium-Mega, L50, M
|-mega|p2a: Meganium|Meganium|Meganiumite
|move|p1a: Garchomp|Protect|p1a: Garchomp
|-singleturn|p1a: Garchomp|Protect
|cant|p2b: Kingambit|slp
|move|p2a: Meganium|Dazzling Gleam|p1a: Garchomp|[spread] p1b
|-activate|p1a: Garchomp|move: Protect
|-damage|p1b: Farigiraf|73/100
|move|p1b: Farigiraf|Trick Room|p1b: Farigiraf
|-fieldend|move: Trick Room
|
|-weather|SunnyDay|[upkeep]
|upkeep
|turn|5
|
|t:|1783537182
|cant|p2b: Kingambit|slp
|move|p1a: Garchomp|Rock Slide|p2a: Meganium|[spread] p2a,p2b
|-resisted|p2b: Kingambit|1
|-damage|p2a: Meganium|78/100
|-damage|p2b: Kingambit|0 fnt
|faint|p2b: Kingambit
|-damage|p1a: Garchomp|90/100|[from] item: Life Orb
|move|p2a: Meganium|Dazzling Gleam|p1a: Garchomp|[spread] p1a,p1b
|-supereffective|p1a: Garchomp|1
|-damage|p1a: Garchomp|8/100
|-damage|p1b: Farigiraf|46/100
|-enditem|p1b: Farigiraf|Sitrus Berry|[eat]
|-heal|p1b: Farigiraf|71/100|[from] item: Sitrus Berry
|move|p1b: Farigiraf|Psyshock|p2a: Meganium
|-damage|p2a: Meganium|51/100
|
|-weather|none
|upkeep
|turn|6
|
|t:|1783537217
|move|p1a: Garchomp|Protect|p1a: Garchomp
|-singleturn|p1a: Garchomp|Protect
|move|p2a: Meganium|Dazzling Gleam|p1a: Garchomp|[spread] p1b
|-activate|p1a: Garchomp|move: Protect
|-damage|p1b: Farigiraf|41/100
|move|p1b: Farigiraf|Psyshock|p2a: Meganium
|-crit|p2a: Meganium
|-damage|p2a: Meganium|10/100
|
|upkeep
|turn|7
|-message|Professor_J93 forfeited.
|raw|throat chop user's rating: 1407 → 1423(+16 for winning)
|raw|Professor_J93's rating: 1338 → 1322(-16 for losing)
|
|win|throat chop user
|l|☆Professor_J93
|player|p2|
