|j|☆dr_sugus_vgc
|j|☆catastrozzoliverdi
|html|dr_sugus_vgccatastrozzoliverdi    
|uhtml|bestof|Game 2 of a best-of-3
|t:|1757846600
|gametype|doubles
|player|p1|dr_sugus_vgc|169|1330
|player|p2|catastrozzoliverdi|alder|1391
|gen|9
|tier|[Gen 9] VGC 2025 Reg H (Bo3)
|rated|
|rule|Species Clause: Limit one of each Pokémon
|rule|Item Clause: Limit 1 of each item
|clearpoke
|poke|p1|Dragonite, L50, F|
|poke|p1|Ursaluna-Bloodmoon, L50, M|
|poke|p1|Gholdengo, L50|
|poke|p1|Maushold-Four, L50|
|poke|p1|Annihilape, L50, M|
|poke|p1|Rillaboom, L50, M|
|poke|p2|Garchomp, L50, M|
|poke|p2|Jumpluff, L50, F|
|poke|p2|Torkoal, L50, M|
|poke|p2|Dragonite, L50, M|
|poke|p2|Kingambit, L50, M|
|poke|p2|Typhlosion-Hisui, L50, M|
|teampreview|4
|showteam|p1|Dragonite||LoadedDice|Multiscale|ScaleShot,Tailwind,Haze,Protect|||F|||50|,,,,,Fairy]Ursaluna-Bloodmoon||AssaultVest|MindsEye|BloodMoon,HyperVoice,EarthPower,VacuumWave|||M|||50|,,,,,Water]Gholdengo||LifeOrb|GoodasGold|MakeItRain,ShadowBall,NastyPlot,Protect||||||50|,,,,,Dragon]Maushold-Four||FocusSash|FriendGuard|BeatUp,FollowMe,Taunt,Protect||||||50|,,,,,Ghost]Annihilape||SitrusBerry|Defiant|RageFist,DrainPunch,BulkUp,Protect|||M|||50|,,,,,Fire]Rillaboom||MiracleSeed|GrassySurge|FakeOut,GrassyGlide,WoodHammer,HighHorsepower|||M|||50|,,,,,Fire
|showteam|p2|Garchomp||LifeOrb|RoughSkin|Earthquake,StompingTantrum,DragonClaw,Protect|||M|||50|,,,,,Fairy]Jumpluff||CovertCloak|Chlorophyll|SleepPowder,RagePowder,Encore,Tailwind|||F|||50|,,,,,Ghost]Torkoal||EjectPack|Drought|Overheat,BurningJealousy,HelpingHand,Protect|||M|||50|,,,,,Flying]Dragonite||LoadedDice|Multiscale|ScaleShot,ExtremeSpeed,IceSpinner,Protect|||M|||50|,,,,,Fairy]Kingambit||AssaultVest|Defiant|IronHead,SuckerPunch,Assurance,LowKick|||M|||50|,,,,,Flying]Typhlosion-Hisui||ChoiceSpecs|Blaze|Eruption,ShadowBall,HeatWave,Overheat|||M|||50|,,,,,Fire
|inactive|Battle timer is ON: inactive players will automatically lose when time's up. (requested by catastrozzoliverdi)
|inactive|catastrozzoliverdi has 60 seconds left.
|
|t:|1757846658
|teamsize|p1|4
|teamsize|p2|4
|start
|switch|p1a: Gholdengo|Gholdengo, L50|100/100
|switch|p1b: Maushold|Maushold-Four, L50|100/100
|switch|p2a: Typhlosion|Typhlosion-Hisui, L50, M|100/100
|switch|p2b: Torkoal|Torkoal, L50, M|100/100
|-weather|SunnyDay|[from] ability: Drought|[of] p2b: Torkoal
|turn|1
|inactive|dr_sugus_vgc has 30 seconds left.
|
|t:|1757846688
|-terastallize|p2a: Typhlosion|Fire
|-terastallize|p1a: Gholdengo|Dragon
|move|p1b: Maushold|Protect|p1b: Maushold
|-singleturn|p1b: Maushold|Protect
|move|p2a: Typhlosion|Heat Wave|p1a: Gholdengo|[spread] p1a
|-activate|p1b: Maushold|move: Protect
|-resisted|p1a: Gholdengo
|-damage|p1a: Gholdengo|57/100
|move|p1a: Gholdengo|Shadow Ball|p2a: Typhlosion
|-damage|p2a: Typhlosion|24/100
|-damage|p1a: Gholdengo|48/100|[from] item: Life Orb
|move|p2b: Torkoal|Overheat|p1a: Gholdengo
|-resisted|p1a: Gholdengo
|-damage|p1a: Gholdengo|12/100
|-unboost|p2b: Torkoal|spa|2
|-enditem|p2b: Torkoal|Eject Pack
|
|t:|1757846711
|switch|p2b: Jumpluff|Jumpluff, L50, F|100/100
|
|-weather|SunnyDay|[upkeep]
|upkeep
|turn|2
|
|t:|1757846724
|move|p2b: Jumpluff|Encore|p1b: Maushold
|-start|p1b: Maushold|Encore
|move|p1b: Maushold|Protect||[still]
|-fail|p1b: Maushold
|move|p2a: Typhlosion|Heat Wave|p1a: Gholdengo|[spread] p1a,p1b
|-resisted|p1a: Gholdengo
|-damage|p1a: Gholdengo|0 fnt
|-enditem|p1b: Maushold|Focus Sash
|-damage|p1b: Maushold|1/100
|faint|p1a: Gholdengo
|
|-weather|SunnyDay|[upkeep]
|upkeep
|
|t:|1757846742
|switch|p1a: Ursaluna|Ursaluna-Bloodmoon, L50, M|100/100
|turn|3
|
|t:|1757846752
|switch|p2a: Garchomp|Garchomp, L50, M|100/100
|move|p1b: Maushold|Protect|p1b: Maushold
|-singleturn|p1b: Maushold|Protect
|move|p2b: Jumpluff|Sleep Powder|p1a: Ursaluna
|-status|p1a: Ursaluna|slp|[from] move: Sleep Powder
|cant|p1a: Ursaluna|slp
|
|-weather|SunnyDay|[upkeep]
|upkeep
|turn|4
|inactive|dr_sugus_vgc has 30 seconds left.
|
|t:|1757846778
|switch|p1b: Dragonite|Dragonite, L50, F, shiny|100/100
|move|p2b: Jumpluff|Tailwind|p2b: Jumpluff
|-sidestart|p2: catastrozzoliverdi|move: Tailwind
|move|p2a: Garchomp|Earthquake|p1a: Ursaluna|[spread] p1a
|-immune|p2b: Jumpluff
|-immune|p1b: Dragonite
|-damage|p1a: Ursaluna|67/100 slp
|-damage|p2a: Garchomp|91/100|[from] item: Life Orb
|cant|p1a: Ursaluna|slp
|
|-weather|SunnyDay|[upkeep]
|upkeep
|turn|5
|inactive|dr_sugus_vgc has 30 seconds left.
|inactive|catastrozzoliverdi has 30 seconds left.
|
|t:|1757846810
|move|p1b: Dragonite|Protect|p1b: Dragonite
|-singleturn|p1b: Dragonite|Protect
|move|p2b: Jumpluff|Rage Powder|p2b: Jumpluff
|-singleturn|p2b: Jumpluff|move: Rage Powder
|move|p2a: Garchomp|Dragon Claw|p1a: Ursaluna
|-damage|p1a: Ursaluna|24/100 slp
|-damage|p2a: Garchomp|81/100|[from] item: Life Orb
|cant|p1a: Ursaluna|slp
|
|-weather|none
|upkeep
|turn|6
|
|t:|1757846825
|move|p2b: Jumpluff|Encore|p1b: Dragonite
|-start|p1b: Dragonite|Encore
|move|p2a: Garchomp|Dragon Claw|p1a: Ursaluna
|-damage|p1a: Ursaluna|0 fnt
|faint|p1a: Ursaluna
|-damage|p2a: Garchomp|71/100|[from] item: Life Orb
|move|p1b: Dragonite|Protect||[still]
|-fail|p1b: Dragonite
|
|upkeep
|
|t:|1757846836
|switch|p1a: Maushold|Maushold-Four, L50|1/100
|turn|7
|-message|dr_sugus_vgc forfeited.
|
|win|catastrozzoliverdi
||dr_sugus_vgc is ready for game 3.
||catastrozzoliverdi is ready for game 3.
|uhtml|next|Next: Game 3 of 3
