|j|☆NuclearNutz321
|j|☆negaifreak
|html|NuclearNutz321negaifreak    
|uhtml|bestof|Game 2 of a best-of-3
|t:|1756582664
|gametype|doubles
|player|p1|NuclearNutz321|veteranf|
|player|p2|negaifreak|nate|
|gen|9
|tier|[Gen 9] VGC 2025 Reg H (Bo3)
|rule|Species Clause: Limit one of each Pokémon
|rule|Item Clause: Limit 1 of each item
|clearpoke
|poke|p1|Chandelure, L50, M|
|poke|p1|Conkeldurr, L50, F|
|poke|p1|Hydreigon, L50, M|
|poke|p1|Corviknight, L50, M|
|poke|p1|Rillaboom, L50, F|
|poke|p1|Clefable, L50, M|
|poke|p2|Indeedee, L50, M|
|poke|p2|Sneasler, L50, F|
|poke|p2|Excadrill, L50, F|
|poke|p2|Magmar, L50, F|
|poke|p2|Corviknight, L50, F|
|poke|p2|Tyranitar, L50, F|
|teampreview|4
|showteam|p1|Chandelure||FocusSash|FlashFire|HeatWave,ShadowBall,TrickRoom,Protect|||M|||50|,,,,,Grass]Conkeldurr||FlameOrb|Guts|CloseCombat,Protect,MachPunch,KnockOff|||F|||50|,,,,,Steel]Hydreigon||SafetyGoggles|Levitate|Tailwind,DracoMeteor,DarkPulse,Protect|||M|||50|,,,,,Poison]Corviknight||Leftovers|MirrorArmor|BulkUp,BraveBird,BodyPress,Roost|||M|||50|,,,,,Dragon]Rillaboom||AssaultVest|GrassySurge|WoodHammer,FakeOut,HighHorsepower,GrassyGlide|||F|||50|,,,,,Ground]Clefable||SitrusBerry|Unaware|Moonblast,FollowMe,LifeDew,Protect|||M|||50|,,,,,Poison
|showteam|p2|Indeedee||ChoiceScarf|PsychicSurge|ExpandingForce,TeraBlast,Trick,Protect|||M|||50|,,,,,Psychic]Sneasler||WhiteHerb|Unburden|FakeOut,CloseCombat,DireClaw,Coaching|||F|||50|,,,,,Flying]Excadrill||FocusSash|SandRush|Earthquake,IronHead,SwordsDance,Protect|||F|||50|,,,,,Ground]Magmar||Eviolite|VitalSpirit|HeatWave,FollowMe,HelpingHand,Protect|||F|||50|,,,,,Flying]Corviknight||PsychicSeed|MirrorArmor|BraveBird,PowerTrip,BulkUp,Roost|||F|||50|,,,,,Water]Tyranitar||AssaultVest|SandStream|RockSlide,KnockOff,LowKick,TeraBlast|||F|||50|,,,,,Flying
|
|t:|1756582722
|teamsize|p1|4
|teamsize|p2|4
|start
|switch|p1a: Rumi|Chandelure, L50, M|100/100
|switch|p1b: Congo|Rillaboom, L50, F|100/100
|switch|p2a: Corviknight|Corviknight, L50, F|100/100
|switch|p2b: Sneasler|Sneasler, L50, F|100/100
|-fieldstart|move: Grassy Terrain|[from] ability: Grassy Surge|[of] p1b: Congo
|turn|1
|
|t:|1756582764
|move|p2b: Sneasler|Fake Out|p1b: Congo
|-damage|p1b: Congo|85/100
|cant|p1b: Congo|flinch
|move|p2a: Corviknight|Bulk Up|p2a: Corviknight
|-boost|p2a: Corviknight|atk|1
|-boost|p2a: Corviknight|def|1
|move|p1a: Rumi|Trick Room|p1a: Rumi
|-fieldstart|move: Trick Room|[of] p1a: Rumi
|
|-heal|p1b: Congo|92/100|[from] Grassy Terrain
|upkeep
|turn|2
|
|t:|1756582797
|switch|p1b: Roaring Knight|Corviknight, L50, M, shiny|100/100
|switch|p2b: Indeedee|Indeedee, L50, M|100/100
|-fieldstart|move: Psychic Terrain|[from] ability: Psychic Surge|[of] p2b: Indeedee
|-enditem|p2a: Corviknight|Psychic Seed
|-boost|p2a: Corviknight|spd|1|[from] item: Psychic Seed
|-terastallize|p2a: Corviknight|Water
|move|p2a: Corviknight|Brave Bird|p1b: Roaring Knight
|-resisted|p1b: Roaring Knight
|-damage|p1b: Roaring Knight|80/100
|-damage|p2a: Corviknight|94/100|[from] Recoil
|move|p1a: Rumi|Heat Wave|p2a: Corviknight|[spread] p2a,p2b
|-resisted|p2a: Corviknight
|-damage|p2a: Corviknight|80/100
|-damage|p2b: Indeedee|43/100
|
|-heal|p1b: Roaring Knight|86/100|[from] item: Leftovers
|upkeep
|turn|3
|
|t:|1756582847
|switch|p2b: Tyranitar|Tyranitar, L50, F|100/100
|-weather|Sandstorm|[from] ability: Sand Stream|[of] p2b: Tyranitar
|move|p2a: Corviknight|Brave Bird|p1a: Rumi
|-damage|p1a: Rumi|42/100
|-damage|p2a: Corviknight|66/100|[from] Recoil
|move|p1b: Roaring Knight|Brave Bird|p2b: Tyranitar
|-resisted|p2b: Tyranitar
|-damage|p2b: Tyranitar|86/100
|-damage|p1b: Roaring Knight|81/100|[from] Recoil
|move|p1a: Rumi|Shadow Ball|p2a: Corviknight
|-damage|p2a: Corviknight|37/100
|
|-weather|Sandstorm|[upkeep]
|-damage|p2a: Corviknight|31/100|[from] Sandstorm
|-damage|p1a: Rumi|36/100|[from] Sandstorm
|-heal|p1b: Roaring Knight|87/100|[from] item: Leftovers
|upkeep
|turn|4
|
|t:|1756582888
|move|p2a: Corviknight|Power Trip|p1a: Rumi
|-supereffective|p1a: Rumi
|-damage|p1a: Rumi|0 fnt
|faint|p1a: Rumi
|move|p1b: Roaring Knight|Body Press|p2b: Tyranitar
|-supereffective|p2b: Tyranitar
|-damage|p2b: Tyranitar|15/100
|move|p2b: Tyranitar|Knock Off|p1b: Roaring Knight
|-damage|p1b: Roaring Knight|50/100
|-enditem|p1b: Roaring Knight|Leftovers|[from] move: Knock Off|[of] p2b: Tyranitar
|
|-weather|Sandstorm|[upkeep]
|-damage|p2a: Corviknight|25/100|[from] Sandstorm
|upkeep
|
|t:|1756582903
|switch|p1a: Gary|Conkeldurr, L50, F|100/100
|turn|5
|
|t:|1756582937
|move|p1a: Gary|Close Combat|p2a: Corviknight
|-damage|p2a: Corviknight|0 fnt
|-unboost|p1a: Gary|def|1
|-unboost|p1a: Gary|spd|1
|faint|p2a: Corviknight
|move|p1b: Roaring Knight|Roost|p1b: Roaring Knight
|-heal|p1b: Roaring Knight|100/100
|-singleturn|p1b: Roaring Knight|move: Roost
|move|p2b: Tyranitar|Knock Off|p1a: Gary
|-resisted|p1a: Gary
|-damage|p1a: Gary|68/100
|-enditem|p1a: Gary|Flame Orb|[from] move: Knock Off|[of] p2b: Tyranitar
|
|-weather|Sandstorm|[upkeep]
|-damage|p1a: Gary|62/100|[from] Sandstorm
|-fieldend|move: Trick Room
|upkeep
|
|t:|1756582953
|switch|p2a: Sneasler|Sneasler, L50, F|100/100
|turn|6
|
|t:|1756582993
|move|p1a: Gary|Protect|p1a: Gary
|-singleturn|p1a: Gary|Protect
|move|p2a: Sneasler|Dire Claw|p1a: Gary
|-activate|p1a: Gary|move: Protect
|move|p2b: Tyranitar|Rock Slide|p1a: Gary|[spread] p1b
|-activate|p1a: Gary|move: Protect
|-damage|p1b: Roaring Knight|77/100
|move|p1b: Roaring Knight|Brave Bird|p2b: Tyranitar
|-resisted|p2b: Tyranitar
|-damage|p2b: Tyranitar|0 fnt
|faint|p2b: Tyranitar
|-damage|p1b: Roaring Knight|72/100|[from] Recoil
|
|-weather|Sandstorm|[upkeep]
|-damage|p2a: Sneasler|95/100|[from] Sandstorm
|-damage|p1a: Gary|56/100|[from] Sandstorm
|-fieldend|move: Psychic Terrain
|upkeep
|
|t:|1756583009
|switch|p2b: Indeedee|Indeedee, L50, M|43/100
|-fieldstart|move: Psychic Terrain|[from] ability: Psychic Surge|[of] p2b: Indeedee
|turn|7
|
|t:|1756583044
|switch|p1b: Congo|Rillaboom, L50, F|92/100
|-fieldstart|move: Grassy Terrain|[from] ability: Grassy Surge|[of] p1b: Congo
|-terastallize|p1a: Gary|Steel
|move|p1a: Gary|Mach Punch|p2b: Indeedee
|-damage|p2b: Indeedee|0 fnt
|faint|p2b: Indeedee
|move|p2a: Sneasler|Dire Claw|p1a: Gary
|-immune|p1a: Gary
|
|-weather|none
|-heal|p2a: Sneasler|100/100|[from] Grassy Terrain
|-heal|p1b: Congo|98/100|[from] Grassy Terrain
|-heal|p1a: Gary|62/100|[from] Grassy Terrain
|upkeep
|turn|8
|
|t:|1756583093
|move|p1b: Congo|Fake Out|p2a: Sneasler
|-damage|p2a: Sneasler|77/100
|cant|p2a: Sneasler|flinch
|move|p1a: Gary|Close Combat|p2a: Sneasler
|-resisted|p2a: Sneasler
|-damage|p2a: Sneasler|17/100
|-unboost|p1a: Gary|def|1
|-unboost|p1a: Gary|spd|1
|
|-heal|p2a: Sneasler|22/100|[from] Grassy Terrain
|-heal|p1b: Congo|100/100|[from] Grassy Terrain
|-heal|p1a: Gary|68/100|[from] Grassy Terrain
|upkeep
|turn|9
|
|t:|1756583124
|move|p1a: Gary|Mach Punch|p2a: Sneasler
|-resisted|p2a: Sneasler
|-damage|p2a: Sneasler|2/100
|move|p2a: Sneasler|Dire Claw|p1b: Congo
|-supereffective|p1b: Congo
|-damage|p1b: Congo|0 fnt
|faint|p1b: Congo
|
|-heal|p2a: Sneasler|8/100|[from] Grassy Terrain
|-heal|p1a: Gary|74/100|[from] Grassy Terrain
|upkeep
|
|t:|1756583127
|switch|p1b: Roaring Knight|Corviknight, L50, M, shiny|72/100
|turn|10
|inactive|Battle timer is ON: inactive players will automatically lose when time's up. (requested by NuclearNutz321)
|
|t:|1756583168
|move|p1a: Gary|Mach Punch|p2a: Sneasler
|-resisted|p2a: Sneasler
|-damage|p2a: Sneasler|0 fnt
|faint|p2a: Sneasler
|
|win|NuclearNutz321
