|j|☆dfadDADAD
|j|‽EDJPP
|html|dfadDADADEDJPP    
|uhtml|bestof|Game 1 of a best-of-3
|t:|1785874998
|gametype|doubles
|player|p1|dfadDADAD|2|1208
|player|p2|EDJPP|volkner|1179
|gen|9
|tier|[Gen 9 Champions] VGC 2026 Reg M-B (Bo3)
|rated|
|rule|Species Clause: Limit one of each Pokémon
|rule|Item Clause: Limit 1 of each item
|clearpoke
|poke|p1|Delphox, L50, F|
|poke|p1|Clefable, L50, F|
|poke|p1|Blastoise, L50, F|
|poke|p1|Sinistcha, L50|
|poke|p1|Sneasler, L50, F|
|poke|p1|Incineroar, L50, F|
|poke|p2|Froslass, L50, F|
|poke|p2|Lycanroc-Dusk, L50, F|
|poke|p2|Sneasler, L50, F|
|poke|p2|Corviknight, L50, F|
|poke|p2|Garchomp, L50, M|
|poke|p2|Tsareena, L50, F|
|teampreview|4
|showteam|p1|Delphox||Delphoxite|Blaze|HeatWave,Psyshock,Protect,NastyPlot|Timid||F|||50|]Clefable||SitrusBerry|Unaware|FollowMe,Moonblast,Protect,HelpingHand|Bold||F|||50|]Blastoise||Blastoisinite|RainDish|WaterSpout,DarkPulse,Protect,ShellSmash|Modest||F|||50|]Sinistcha||ColburBerry|Hospitality|MatchaGotcha,RagePowder,Protect,LifeDew|Calm|||||50|]Sneasler||FocusSash|PoisonTouch|FakeOut,PoisonJab,QuickGuard,CloseCombat|Jolly||F|||50|]Incineroar||PasshoBerry|Intimidate|FakeOut,DarkestLariat,FlareBlitz,PartingShot|Careful||F|||50|
|showteam|p2|Froslass||Froslassite|SnowCloak|Blizzard,Protect,ShadowBall,AuroraVeil|Timid||F|||50|]Lycanroc-Dusk||ExpertBelt|ToughClaws|Accelerock,CloseCombat,RockSlide,SuckerPunch|Adamant||F|||50|]Sneasler||WhiteHerb|Unburden|CloseCombat,FakeOut,DireClaw,Protect|Jolly||F|||50|]Corviknight||Leftovers|MirrorArmor|BraveBird,Tailwind,IronHead,Roost|Adamant||F|||50|]Garchomp||ChoiceScarf|RoughSkin|StompingTantrum,DragonClaw,RockTomb,IronHead|Jolly||M|||50|]Tsareena||WideLens|QueenlyMajesty|Taunt,HighJumpKick,PowerWhip,Protect|Jolly||F|||50|
|inactive|Battle timer is ON: inactive players will automatically lose when time's up. (requested by EDJPP)
|inactive|dfadDADAD has 60 seconds left.
|inactive|EDJPP has 60 seconds left.
|inactive|EDJPP has 30 seconds left.
|inactive|EDJPP has 20 seconds left.
|inactive|EDJPP has 15 seconds left.
|inactive|EDJPP has 10 seconds left.
|
|t:|1785875082
|teamsize|p1|4
|teamsize|p2|4
|start
|switch|p1a: Delphox|Delphox, L50, F|100/100
|switch|p1b: Sneasler|Sneasler, L50, F|100/100
|switch|p2a: Sneasler|Sneasler, L50, F|100/100
|switch|p2b: Lycanroc|Lycanroc-Dusk, L50, F|100/100
|turn|1
|
|t:|1785875105
|detailschange|p1a: Delphox|Delphox-Mega, L50, F
|-mega|p1a: Delphox|Delphox|Delphoxite
|move|p1b: Sneasler|Fake Out|p2b: Lycanroc
|-resisted|p2b: Lycanroc|1
|-damage|p2b: Lycanroc|88/100
|move|p2a: Sneasler|Fake Out|p1b: Sneasler
|-damage|p1b: Sneasler|75/100
|cant|p2b: Lycanroc|flinch
|move|p1a: Delphox|Psyshock|p2a: Sneasler
|-supereffective|p2a: Sneasler|2
|-damage|p2a: Sneasler|0 fnt
|faint|p2a: Sneasler
|
|upkeep
|
|t:|1785875112
|switch|p2a: Garchomp|Garchomp, L50, M|100/100
|turn|2
|
|t:|1785875122
|switch|p1b: #1|Incineroar, L50, F|100/100
|-ability|p1b: #1|Intimidate|boost
|-unboost|p2a: Garchomp|atk|1
|-unboost|p2b: Lycanroc|atk|1
|move|p1a: Delphox|Protect|p1a: Delphox
|-singleturn|p1a: Delphox|Protect
|move|p2b: Lycanroc|Sucker Punch||[still]
|-fail|p2b: Lycanroc
|move|p2a: Garchomp|Stomping Tantrum|p1b: #1
|-supereffective|p1b: #1|1
|-damage|p1b: #1|49/100
|
|upkeep
|turn|3
|
|t:|1785875138
|move|p1b: #1|Fake Out|p2b: Lycanroc
|-resisted|p2b: Lycanroc|1
|-damage|p2b: Lycanroc|80/100
|move|p2a: Garchomp|Stomping Tantrum|p1b: #1
|-supereffective|p1b: #1|1
|-damage|p1b: #1|1/100
|move|p1a: Delphox|Nasty Plot|p1a: Delphox
|-boost|p1a: Delphox|spa|2
|cant|p2b: Lycanroc|flinch
|
|upkeep
|turn|4
|
|t:|1785875147
|move|p1a: Delphox|Protect|p1a: Delphox
|-singleturn|p1a: Delphox|Protect
|move|p2b: Lycanroc|Sucker Punch||[still]
|-fail|p2b: Lycanroc
|move|p2a: Garchomp|Stomping Tantrum|p1b: #1
|-supereffective|p1b: #1|1
|-damage|p1b: #1|0 fnt
|faint|p1b: #1
|
|upkeep
|
|t:|1785875154
|switch|p1b: Clefable|Clefable, L50, F|100/100
|turn|5
|
|t:|1785875170
|move|p1b: Clefable|Follow Me|p1b: Clefable
|-singleturn|p1b: Clefable|move: Follow Me
|move|p2b: Lycanroc|Accelerock|p1b: Clefable
|-damage|p1b: Clefable|74/100
|move|p2a: Garchomp|Stomping Tantrum|p1b: Clefable
|-damage|p1b: Clefable|40/100
|-enditem|p1b: Clefable|Sitrus Berry|[eat]
|-heal|p1b: Clefable|65/100|[from] item: Sitrus Berry
|move|p1a: Delphox|Psyshock|p2b: Lycanroc
|-damage|p2b: Lycanroc|0 fnt
|faint|p2b: Lycanroc
|
|upkeep
|
|t:|1785875172
|switch|p2b: Froslass|Froslass, L50, F|100/100
|turn|6
|
|t:|1785875182
|detailschange|p2b: Froslass|Froslass-Mega, L50, F
|-mega|p2b: Froslass|Froslass|Froslassite
|-weather|Snowscape|[from] ability: Snow Warning|[of] p2b: Froslass
|move|p1b: Clefable|Follow Me|p1b: Clefable
|-singleturn|p1b: Clefable|move: Follow Me
|move|p2a: Garchomp|Stomping Tantrum|p1b: Clefable
|-damage|p1b: Clefable|29/100
|move|p1a: Delphox|Heat Wave|p2b: Froslass|[spread] p2a,p2b
|-resisted|p2a: Garchomp|1
|-supereffective|p2b: Froslass|1
|-damage|p2a: Garchomp|58/100
|-damage|p2b: Froslass|0 fnt
|faint|p2b: Froslass
|
|-weather|Snowscape|[upkeep]
|upkeep
|turn|7
|
|t:|1785875191
|move|p1b: Clefable|Protect|p1b: Clefable
|-singleturn|p1b: Clefable|Protect
|move|p2a: Garchomp|Stomping Tantrum|p1b: Clefable
|-activate|p1b: Clefable|move: Protect
|move|p1a: Delphox|Psyshock|p2a: Garchomp
|-damage|p2a: Garchomp|0 fnt
|faint|p2a: Garchomp
|
|win|dfadDADAD
