|j|☆Kilom11
|j|☆uglybeast
|html|Kilom11uglybeast    
|uhtml|bestof|Game 3 of a best-of-3
|t:|1755436053
|gametype|doubles
|player|p1|Kilom11|benga|1279
|player|p2|uglybeast|lucas|1266
|gen|9
|tier|[Gen 9] VGC 2025 Reg H (Bo3)
|rated|
|rule|Species Clause: Limit one of each Pokémon
|rule|Item Clause: Limit 1 of each item
|clearpoke
|poke|p1|Incineroar, L50, F|
|poke|p1|Rillaboom, L50, M|
|poke|p1|Dragonite, L50, M|
|poke|p1|Volcarona, L50, F|
|poke|p1|Sneasler, L50, M|
|poke|p1|Tyranitar, L50, M|
|poke|p2|Volcarona, L50, F|
|poke|p2|Samurott-Hisui, L50, M|
|poke|p2|Gholdengo, L50|
|poke|p2|Sneasler, L50, F|
|poke|p2|Ursaluna-Bloodmoon, L50, M|
|poke|p2|Indeedee, L50, M|
|teampreview|4
|showteam|p1|Incineroar||SafetyGoggles|Intimidate|FakeOut,PartingShot,FlareBlitz,Taunt|||F|||50|,,,,,Ghost]Rillaboom||AssaultVest|GrassySurge|FakeOut,GrassyGlide,HighHorsepower,WoodHammer|||M|||50|,,,,,Water]Dragonite||LoadedDice|Multiscale|ScaleShot,Tailwind,Haze,Protect|||M|||50|,,,,,Steel]Volcarona||SitrusBerry|FlameBody|QuiverDance,HeatWave,TeraBlast,Protect|||F|||50|,,,,,Fairy]Sneasler||FocusSash|Unburden|CloseCombat,DireClaw,Protect,Coaching|||M|||50|,,,,,Stellar]Tyranitar||ClearAmulet|SandStream|RockSlide,KnockOff,LowKick,Protect|||M|||50|,,,,,Fairy
|showteam|p2|Volcarona||SitrusBerry|FlameBody|FieryDance,StruggleBug,Tailwind,RagePowder|||F|||50|,,,,,Dragon]Samurott-Hisui||AssaultVest|Sharpness|AquaCutter,SacredSword,SuckerPunch,FlipTurn|||M|||50|,,,,,Poison]Gholdengo||Leftovers|GoodasGold|MakeItRain,ShadowBall,NastyPlot,Protect||||||50|,,,,,Water]Sneasler||PsychicSeed|Unburden|DireClaw,CloseCombat,ThroatChop,Protect|||F|||50|,,,,,Dark]Ursaluna-Bloodmoon||LifeOrb|MindsEye|BloodMoon,HyperVoice,EarthPower,Protect|||M|||50|,,,,,Normal]Indeedee||FocusSash|PsychicSurge|ExpandingForce,TeraBlast,Imprison,TrickRoom|||M|||50|,,,,,Fighting
|inactive|Battle timer is ON: inactive players will automatically lose when time's up. (requested by Kilom11)
|inactive|uglybeast has 60 seconds left.
|
|t:|1755436111
|teamsize|p1|4
|teamsize|p2|4
|start
|switch|p1a: Volcarona|Volcarona, L50, F|100/100
|switch|p1b: Incineroar|Incineroar, L50, F|100/100
|switch|p2a: Sangria|Ursaluna-Bloodmoon, L50, M|100/100
|switch|p2b: Gillette|Samurott-Hisui, L50, M, shiny|100/100
|-ability|p1b: Incineroar|Intimidate|boost
|-unboost|p2a: Sangria|atk|1
|-unboost|p2b: Gillette|atk|1
|turn|1
|inactive|uglybeast has 30 seconds left.
|inactive|uglybeast has 20 seconds left.
|inactive|uglybeast has 15 seconds left.
|inactive|uglybeast has 10 seconds left.
|
|t:|1755436158
|switch|p2a: Job Application|Indeedee, L50, M, shiny|100/100
|-fieldstart|move: Psychic Terrain|[from] ability: Psychic Surge|[of] p2a: Job Application
|move|p1b: Incineroar|Fake Out|p2b: Gillette
|-activate|p2b: Gillette|move: Psychic Terrain
|move|p1a: Volcarona|Quiver Dance|p1a: Volcarona
|-boost|p1a: Volcarona|spa|1
|-boost|p1a: Volcarona|spd|1
|-boost|p1a: Volcarona|spe|1
|move|p2b: Gillette|Flip Turn|p1a: Volcarona
|-supereffective|p1a: Volcarona
|-damage|p1a: Volcarona|49/100
|-enditem|p1a: Volcarona|Sitrus Berry|[eat]
|-heal|p1a: Volcarona|74/100|[from] item: Sitrus Berry
|
|t:|1755436176
|switch|p2b: Sangria|Ursaluna-Bloodmoon, L50, M|100/100|[from] Flip Turn
|
|upkeep
|turn|2
|inactive|uglybeast has 30 seconds left.
|inactive|uglybeast has 20 seconds left.
|inactive|uglybeast has 15 seconds left.
|
|t:|1755436221
|-terastallize|p1a: Volcarona|Fairy
|move|p1a: Volcarona|Tera Blast|p2a: Job Application|[anim] Tera Blast Fairy
|-damage|p2a: Job Application|27/100
|move|p1b: Incineroar|Flare Blitz|p2a: Job Application
|-crit|p2a: Job Application
|-damage|p2a: Job Application|0 fnt
|faint|p2a: Job Application
|-damage|p1b: Incineroar|95/100|[from] Recoil
|move|p2b: Sangria|Earth Power|p1b: Incineroar
|-supereffective|p1b: Incineroar
|-damage|p1b: Incineroar|0 fnt
|faint|p1b: Incineroar
|-damage|p2b: Sangria|91/100|[from] item: Life Orb
|
|upkeep
|
|t:|1755436244
|switch|p2a: Salmonella|Volcarona, L50, F, shiny|100/100
|switch|p1b: Sneasler|Sneasler, L50, M|100/100
|turn|3
|inactive|Kilom11 has 30 seconds left.
|
|t:|1755436269
|-terastallize|p2b: Sangria|Normal
|move|p2a: Salmonella|Rage Powder|p2a: Salmonella
|-singleturn|p2a: Salmonella|move: Rage Powder
|move|p1a: Volcarona|Heat Wave|p2b: Sangria|[spread] p2a,p2b
|-damage|p2a: Salmonella|57/100
|-damage|p2b: Sangria|31/100
|move|p1b: Sneasler|Dire Claw|p2a: Salmonella
|-damage|p2a: Salmonella|12/100
|-enditem|p2a: Salmonella|Sitrus Berry|[eat]
|-heal|p2a: Salmonella|37/100|[from] item: Sitrus Berry
|move|p2b: Sangria|Blood Moon|p1a: Volcarona
|-damage|p1a: Volcarona|0 fnt
|faint|p1a: Volcarona
|-damage|p2b: Sangria|21/100|[from] item: Life Orb
|
|upkeep
|
|t:|1755436276
|switch|p1a: Rillaboom|Rillaboom, L50, M|100/100
|-fieldstart|move: Grassy Terrain|[from] ability: Grassy Surge|[of] p1a: Rillaboom
|turn|4
|
|t:|1755436300
|move|p1a: Rillaboom|Grassy Glide|p2b: Sangria
|-damage|p2b: Sangria|0 fnt
|faint|p2b: Sangria
|move|p1b: Sneasler|Dire Claw|p2a: Salmonella
|-crit|p2a: Salmonella
|-damage|p2a: Salmonella|0 fnt
|faint|p2a: Salmonella
|
|upkeep
|
|t:|1755436307
|switch|p2b: Gillette|Samurott-Hisui, L50, M, shiny|100/100
|turn|5
|c|☆Kilom11|gg
|
|t:|1755436328
|move|p2b: Gillette|Sucker Punch|p1a: Rillaboom
|-damage|p1a: Rillaboom|69/100
|move|p1b: Sneasler|Close Combat|p2b: Gillette
|-supereffective|p2b: Gillette
|-damage|p2b: Gillette|0 fnt
|-unboost|p1b: Sneasler|def|1
|-unboost|p1b: Sneasler|spd|1
|faint|p2b: Gillette
|
|win|Kilom11
|raw|Kilom11's rating: 1279 → 1303(+24 for winning)
|raw|uglybeast's rating: 1266 → 1242(-24 for losing)
