|j|☆sigueinventando
|j|☆satandagiii2005
|html|sigueinventandosatandagiii2005    
|uhtml|bestof|Game 2 of a best-of-3
|t:|1784321097
|gametype|doubles
|player|p1|sigueinventando|benga|1185
|player|p2|satandagiii2005|byron|1186
|gen|9
|tier|[Gen 9 Champions] VGC 2026 Reg M-B (Bo3)
|rated|
|rule|Species Clause: Limit one of each Pokémon
|rule|Item Clause: Limit 1 of each item
|clearpoke
|poke|p1|Blaziken, L50, F|
|poke|p1|Dragonite, L50, F|
|poke|p1|Froslass, L50, F|
|poke|p1|Toxapex, L50, M|
|poke|p1|Kingambit, L50, F|
|poke|p1|Sneasler, L50, M|
|poke|p2|Venusaur, L50, F|
|poke|p2|Grimmsnarl, L50, M|
|poke|p2|Pelipper, L50, F|
|poke|p2|Archaludon, L50, M|
|poke|p2|Swampert, L50, F|
|poke|p2|Hydreigon, L50, M|
|teampreview|4
|showteam|p1|Blaziken||Blazikenite|SpeedBoost|FlareBlitz,CloseCombat,RockSlide,Protect|Adamant||F|||50|]Dragonite||LifeOrb|InnerFocus|ExtremeSpeed,DragonClaw,LowKick,Protect|Adamant||F|||50|]Froslass||Froslassite|CursedBody|Blizzard,ShadowBall,AuroraVeil,Protect|Timid||F|||50|]Toxapex||Leftovers|Regenerator|Toxic,Infestation,WideGuard,BanefulBunker|Bold||M|||50|]Kingambit||BlackGlasses|Defiant|SuckerPunch,KowtowCleave,IronHead,Protect|Adamant||F|||50|]Sneasler||FocusSash|PoisonTouch|FakeOut,PoisonJab,CloseCombat,Protect|Jolly||M|||50|
|showteam|p2|Venusaur||Venusaurite|Chlorophyll|Protect,GigaDrain,EarthPower,SludgeBomb|Modest||F|||50|]Grimmsnarl||LightClay|Prankster|SpiritBreak,Reflect,LightScreen,PartingShot|Careful||M|||50|]Pelipper||SitrusBerry|Drizzle|WeatherBall,Hurricane,Tailwind,WideGuard|Modest||F|||50|]Archaludon||Leftovers|Stamina|Protect,ElectroShot,DragonPulse,FlashCannon|Calm||M|||50|]Swampert||Swampertite|Torrent|Protect,WaveCrash,Earthquake,IcePunch|Adamant||F|||50|]Hydreigon||ChoiceScarf|Levitate|DarkPulse,Snarl,DracoMeteor,Uturn|Timid||M|||50|
|
|t:|1784321124
|teamsize|p1|4
|teamsize|p2|4
|start
|switch|p1a: Sneasler|Sneasler, L50, M|100/100
|switch|p1b: Kingambit|Kingambit, L50, F|100/100
|switch|p2a: Grimmsnarl|Grimmsnarl, L50, M|100/100
|switch|p2b: Venusaur|Venusaur, L50, F|100/100
|turn|1
|inactive|Battle timer is ON: inactive players will automatically lose when time's up. (requested by satandagiii2005)
|
|t:|1784321137
|detailschange|p2b: Venusaur|Venusaur-Mega, L50, F
|-mega|p2b: Venusaur|Venusaur|Venusaurite
|move|p1a: Sneasler|Fake Out|p2b: Venusaur
|-damage|p2b: Venusaur|88/100
|move|p2a: Grimmsnarl|Reflect|p2a: Grimmsnarl
|-sidestart|p2: satandagiii2005|Reflect
|cant|p2b: Venusaur|flinch
|move|p1b: Kingambit|Kowtow Cleave|p2b: Venusaur
|-damage|p2b: Venusaur|55/100
|
|upkeep
|turn|2
|
|t:|1784321153
|switch|p2b: Archaludon|Archaludon, L50, M|100/100
|switch|p1b: Dragonite|Dragonite, L50, F|100/100
|move|p2a: Grimmsnarl|Parting Shot|p1a: Sneasler
|-unboost|p1a: Sneasler|atk|1
|-unboost|p1a: Sneasler|spa|1
|
|t:|1784321160
|switch|p2a: Pelipper|Pelipper, L50, F|100/100|[from] Parting Shot
|-weather|RainDance|[from] ability: Drizzle|[of] p2a: Pelipper
|move|p1a: Sneasler|Poison Jab|p2a: Pelipper
|-damage|p2a: Pelipper|80/100
|-status|p2a: Pelipper|psn
|
|-weather|RainDance|[upkeep]
|-damage|p2a: Pelipper|68/100 psn|[from] psn
|upkeep
|turn|3
|
|t:|1784321184
|switch|p1a: Kingambit|Kingambit, L50, F|100/100
|move|p2b: Archaludon|Electro Shot||[still]
|-prepare|p2b: Archaludon|Electro Shot
|-boost|p2b: Archaludon|spa|1
|-anim|p2b: Archaludon|Electro Shot|p1b: Dragonite
|-damage|p1b: Dragonite|44/100
|move|p1b: Dragonite|Low Kick|p2b: Archaludon
|-supereffective|p2b: Archaludon|1
|-damage|p2b: Archaludon|60/100
|-ability|p2b: Archaludon|Stamina|boost
|-boost|p2b: Archaludon|def|1
|-damage|p1b: Dragonite|35/100|[from] item: Life Orb
|move|p2a: Pelipper|Tailwind|p2a: Pelipper
|-sidestart|p2: satandagiii2005|move: Tailwind
|
|-weather|RainDance|[upkeep]
|-heal|p2b: Archaludon|66/100|[from] item: Leftovers
|-damage|p2a: Pelipper|56/100 psn|[from] psn
|upkeep
|turn|4
|
|t:|1784321207
|switch|p2a: Grimmsnarl|Grimmsnarl, L50, M|100/100
|move|p1b: Dragonite|Extreme Speed|p2a: Grimmsnarl
|-damage|p2a: Grimmsnarl|64/100
|-damage|p1b: Dragonite|25/100|[from] item: Life Orb
|move|p2b: Archaludon|Electro Shot||[still]
|-prepare|p2b: Archaludon|Electro Shot
|-boost|p2b: Archaludon|spa|1
|-anim|p2b: Archaludon|Electro Shot|p1a: Kingambit
|-damage|p1a: Kingambit|28/100
|move|p1a: Kingambit|Kowtow Cleave|p2a: Grimmsnarl
|-resisted|p2a: Grimmsnarl|2
|-damage|p2a: Grimmsnarl|53/100
|
|-weather|RainDance|[upkeep]
|-heal|p2b: Archaludon|72/100|[from] item: Leftovers
|upkeep
|turn|5
|
|t:|1784321226
|move|p1a: Kingambit|Protect|p1a: Kingambit
|-singleturn|p1a: Kingambit|Protect
|move|p1b: Dragonite|Extreme Speed|p2a: Grimmsnarl
|-damage|p2a: Grimmsnarl|16/100
|-damage|p1b: Dragonite|15/100|[from] item: Life Orb
|move|p2a: Grimmsnarl|Parting Shot|p1b: Dragonite
|-unboost|p1b: Dragonite|atk|1
|-unboost|p1b: Dragonite|spa|1
|
|t:|1784321235
|switch|p2a: Venusaur|Venusaur-Mega, L50, F|55/100|[from] Parting Shot
|move|p2b: Archaludon|Electro Shot||[still]
|-prepare|p2b: Archaludon|Electro Shot
|-boost|p2b: Archaludon|spa|1
|-anim|p2b: Archaludon|Electro Shot|p1a: Kingambit
|-activate|p1a: Kingambit|move: Protect
|
|-weather|RainDance|[upkeep]
|-heal|p2b: Archaludon|77/100|[from] item: Leftovers
|upkeep
|turn|6
|
|t:|1784321252
|move|p1b: Dragonite|Extreme Speed|p2a: Venusaur
|-damage|p2a: Venusaur|38/100
|-damage|p1b: Dragonite|6/100|[from] item: Life Orb
|move|p1a: Kingambit|Sucker Punch|p2a: Venusaur
|-damage|p2a: Venusaur|12/100
|move|p2a: Venusaur|Earth Power|p1a: Kingambit
|-supereffective|p1a: Kingambit|1
|-damage|p1a: Kingambit|0 fnt
|faint|p1a: Kingambit
|move|p2b: Archaludon|Electro Shot||[still]
|-prepare|p2b: Archaludon|Electro Shot
|-boost|p2b: Archaludon|spa|1
|-anim|p2b: Archaludon|Electro Shot|p1b: Dragonite
|-damage|p1b: Dragonite|0 fnt
|faint|p1b: Dragonite
|
|-weather|none
|-heal|p2b: Archaludon|83/100|[from] item: Leftovers
|-sideend|p2: satandagiii2005|move: Tailwind
|upkeep
|
|t:|1784321258
|switch|p1b: Froslass|Froslass, L50, F|100/100
|switch|p1a: Sneasler|Sneasler, L50, M|100/100
|turn|7
|inactive|sigueinventando has 30 seconds left.
|inactive|satandagiii2005 has 30 seconds left.
|
|t:|1784321288
|detailschange|p1b: Froslass|Froslass-Mega, L50, F
|-mega|p1b: Froslass|Froslass|Froslassite
|-weather|Snowscape|[from] ability: Snow Warning|[of] p1b: Froslass
|move|p2b: Archaludon|Protect|p2b: Archaludon
|-singleturn|p2b: Archaludon|Protect
|move|p1a: Sneasler|Close Combat|p2b: Archaludon
|-activate|p2b: Archaludon|move: Protect
|move|p1b: Froslass|Blizzard|p2a: Venusaur|[spread] p2a
|-activate|p2b: Archaludon|move: Protect
|-supereffective|p2a: Venusaur|1
|-damage|p2a: Venusaur|0 fnt
|faint|p2a: Venusaur
|
|-weather|Snowscape|[upkeep]
|-heal|p2b: Archaludon|89/100|[from] item: Leftovers
|upkeep
|
|t:|1784321303
|switch|p2a: Grimmsnarl|Grimmsnarl, L50, M|16/100
|turn|8
|
|t:|1784321309
|move|p2a: Grimmsnarl|Parting Shot|p1a: Sneasler
|-unboost|p1a: Sneasler|atk|1
|-unboost|p1a: Sneasler|spa|1
|
|t:|1784321312
|switch|p2a: Pelipper|Pelipper, L50, F|56/100 psn|[from] Parting Shot
|-weather|RainDance|[from] ability: Drizzle|[of] p2a: Pelipper
|move|p1a: Sneasler|Close Combat|p2b: Archaludon
|-supereffective|p2b: Archaludon|1
|-damage|p2b: Archaludon|63/100
|-unboost|p1a: Sneasler|def|1
|-unboost|p1a: Sneasler|spd|1
|-ability|p2b: Archaludon|Stamina|boost
|-boost|p2b: Archaludon|def|1
|move|p1b: Froslass|Blizzard|p2b: Archaludon|[spread] p2a,p2b
|-crit|p2a: Pelipper
|-damage|p2a: Pelipper|0 fnt
|-damage|p2b: Archaludon|30/100
|-status|p2b: Archaludon|frz
|-ability|p2b: Archaludon|Stamina|boost
|-boost|p2b: Archaludon|def|1
|faint|p2a: Pelipper
|cant|p2b: Archaludon|frz
|
|-weather|RainDance|[upkeep]
|-heal|p2b: Archaludon|35/100 frz|[from] item: Leftovers
|-sideend|p2: satandagiii2005|Reflect
|upkeep
|
|t:|1784321331
|switch|p2a: Grimmsnarl|Grimmsnarl, L50, M|16/100
|turn|9
|
|t:|1784321340
|move|p2a: Grimmsnarl|Parting Shot|p1b: Froslass
|-unboost|p1b: Froslass|atk|1
|-unboost|p1b: Froslass|spa|1
|move|p1a: Sneasler|Poison Jab|p2a: Grimmsnarl
|-supereffective|p2a: Grimmsnarl|1
|-damage|p2a: Grimmsnarl|0 fnt
|faint|p2a: Grimmsnarl
|move|p1b: Froslass|Shadow Ball|p2b: Archaludon
|-damage|p2b: Archaludon|12/100 frz
|-ability|p2b: Archaludon|Stamina|boost
|-boost|p2b: Archaludon|def|1
|-curestatus|p2b: Archaludon|frz|[msg]
|move|p2b: Archaludon|Flash Cannon|p1b: Froslass
|-supereffective|p1b: Froslass|1
|-damage|p1b: Froslass|0 fnt
|faint|p1b: Froslass
|
|-weather|RainDance|[upkeep]
|-heal|p2b: Archaludon|17/100|[from] item: Leftovers
|upkeep
|turn|10
|
|t:|1784321357
|move|p2b: Archaludon|Protect|p2b: Archaludon
|-singleturn|p2b: Archaludon|Protect
|move|p1a: Sneasler|Close Combat|p2b: Archaludon
|-activate|p2b: Archaludon|move: Protect
|
|-weather|RainDance|[upkeep]
|-heal|p2b: Archaludon|23/100|[from] item: Leftovers
|upkeep
|turn|11
|
|t:|1784321367
|move|p1a: Sneasler|Close Combat|p2b: Archaludon
|-supereffective|p2b: Archaludon|1
|-damage|p2b: Archaludon|1/100
|-unboost|p1a: Sneasler|def|1
|-unboost|p1a: Sneasler|spd|1
|-ability|p2b: Archaludon|Stamina|boost
|-boost|p2b: Archaludon|def|1
|move|p2b: Archaludon|Electro Shot||[still]
|-prepare|p2b: Archaludon|Electro Shot
|-boost|p2b: Archaludon|spa|1
|-anim|p2b: Archaludon|Electro Shot|p1a: Sneasler
|-enditem|p1a: Sneasler|Focus Sash
|-damage|p1a: Sneasler|1/100
|
|-weather|RainDance|[upkeep]
|-heal|p2b: Archaludon|7/100|[from] item: Leftovers
|upkeep
|turn|12
|
|t:|1784321380
|move|p2b: Archaludon|Protect|p2b: Archaludon
|-singleturn|p2b: Archaludon|Protect
|move|p1a: Sneasler|Close Combat|p2b: Archaludon
|-activate|p2b: Archaludon|move: Protect
|
|-weather|none
|-heal|p2b: Archaludon|13/100|[from] item: Leftovers
|upkeep
|turn|13
|
|t:|1784321395
|move|p1a: Sneasler|Close Combat|p2b: Archaludon
|-supereffective|p2b: Archaludon|1
|-damage|p2b: Archaludon|0 fnt
|-unboost|p1a: Sneasler|def|1
|-unboost|p1a: Sneasler|spd|1
|faint|p2b: Archaludon
|
|win|sigueinventando
|raw|sigueinventando's rating: 1185 → 1210(+25 for winning)
|raw|satandagiii2005's rating: 1186 → 1161(-25 for losing)
|c|☆sigueinventando|sorry bout the freeze
|c|☆satandagiii2005|hax
|c|☆satandagiii2005|yeah
|c|☆satandagiii2005|hahahaha
|c|☆sigueinventando|u had that g2
|c|☆sigueinventando|really wp
|c|☆satandagiii2005|wp
|c|☆satandagiii2005|theres nothing we can do
|c|☆sigueinventando|gl in the next
|c|☆satandagiii2005|*inserrt napoleon music*
|c|☆satandagiii2005|ty
