|j|☆zootvgc
|j|☆Juicelo8
|html|zootvgcJuicelo8    
|uhtml|bestof|Game 3 of a best-of-3
|t:|1782518049
|gametype|doubles
|player|p1|zootvgc|palmer|
|player|p2|Juicelo8|170|
|gen|9
|tier|[Gen 9 Champions] VGC 2026 Reg M-B (Bo3)
|rule|Species Clause: Limit one of each Pokémon
|rule|Item Clause: Limit 1 of each item
|clearpoke
|poke|p1|Farigiraf, L50, M|
|poke|p1|Scrafty, L50, F|
|poke|p1|Torkoal, L50, F|
|poke|p1|Mamoswine, L50, M|
|poke|p1|Venusaur, L50, M|
|poke|p1|Pyroar, L50, M|
|poke|p2|Swampert, L50, M|
|poke|p2|Pelipper, L50, M|
|poke|p2|Archaludon, L50, M, shiny|
|poke|p2|Grimmsnarl, L50, M, shiny|
|poke|p2|Sinistcha-Masterpiece, L50|
|poke|p2|Metagross, L50, shiny|
|teampreview|4
|showteam|p1|Farigiraf||SitrusBerry|ArmorTail|Psychic,Thunderbolt,Protect,TrickRoom|Quiet||M|||50|]Scrafty||Scraftinite|Intimidate|KnockOff,DrainPunch,IcePunch,FakeOut|Adamant||F|||50|]Torkoal||Leftovers|Drought|Eruption,WeatherBall,HelpingHand,Protect|Quiet||F|||50|]Mamoswine||FocusSash|Oblivious|HighHorsepower,RockSlide,IceShard,Protect|Jolly||M|||50|]Venusaur||LifeOrb|Chlorophyll|EnergyBall,SludgeBomb,Protect,SleepPowder|Modest||M|||50|]Pyroar||Pyroarite|Unnerve|Overheat,HeatWave,Yawn,Protect|Timid||M|||50|
|showteam|p2|Swampert||Swampertite|Damp|WaveCrash,Earthquake,PoisonJab,Protect|Adamant||M|||50|]Pelipper||FocusSash|Drizzle|WeatherBall,Hurricane,Protect,Tailwind|Modest||M|||50|]Archaludon||Leftovers|Stamina|ElectroShot,FlashCannon,DragonPulse,Protect|Timid||M|||50|]Grimmsnarl|||Prankster|Reflect,FakeOut,LightScreen,PartingShot|Careful||M|||50|]Sinistcha-Masterpiece||SitrusBerry|Hospitality|MatchaGotcha,TrickRoom,RagePowder,Protect|Bold|||||50|]Metagross||Metagrossite|ClearBody|BodyPress,PsychicFangs,IronHead,Protect|Adamant|||||50|
|inactive|Battle timer is ON: inactive players will automatically lose when time's up. (requested by zootvgc)
|inactive|Juicelo8 has 60 seconds left.
|l|☆Juicelo8
|inactive|Juicelo8 disconnected and has 300 seconds to reconnect!
|player|p2|
|inactiveoff|Battle timer is now OFF.
|j|☆Juicelo8
|player|p2|Juicelo8|170|
|
|t:|1782518171
|teamsize|p1|4
|teamsize|p2|4
|start
|switch|p1a: Farigiraf|Farigiraf, L50, M|100/100
|switch|p1b: Pyroar|Pyroar, L50, M|100/100
|switch|p2a: Pelipper|Pelipper, L50, M|100/100
|switch|p2b: Archaludon|Archaludon, L50, M, shiny|100/100
|-ability|p1b: Pyroar|Unnerve
|-weather|RainDance|[from] ability: Drizzle|[of] p2a: Pelipper
|turn|1
|
|t:|1782518230
|switch|p2a: Swampert|Swampert, L50, M|100/100
|detailschange|p1b: Pyroar|Pyroar-Mega, L50, M
|-mega|p1b: Pyroar|Pyroar|Pyroarite
|move|p1b: Pyroar|Yawn|p2a: Swampert
|-start|p2a: Swampert|move: Yawn|[of] p1b: Pyroar
|move|p2b: Archaludon|Dragon Pulse|p1b: Pyroar
|-damage|p1b: Pyroar|43/100
|move|p1a: Farigiraf|Thunderbolt|p2a: Swampert
|-immune|p2a: Swampert
|
|-weather|RainDance|[upkeep]
|upkeep
|turn|2
|
|t:|1782518255
|switch|p2b: Pelipper|Pelipper, L50, M|100/100
|switch|p1a: Torkoal|Torkoal, L50, F|100/100
|-weather|SunnyDay|[from] ability: Drought|[of] p1a: Torkoal
|detailschange|p2a: Swampert|Swampert-Mega, L50, M
|-mega|p2a: Swampert|Swampert|Swampertite
|move|p1b: Pyroar|Overheat|p2b: Pelipper
|-resisted|p2b: Pelipper|1
|-enditem|p2b: Pelipper|Focus Sash
|-damage|p2b: Pelipper|1/100
|-unboost|p1b: Pyroar|spa|2
|move|p2a: Swampert|Earthquake|p1a: Torkoal|[spread] p1a,p1b
|-immune|p2b: Pelipper
|-supereffective|p1a: Torkoal|1
|-supereffective|p1b: Pyroar|1
|-damage|p1a: Torkoal|27/100
|-damage|p1b: Pyroar|0 fnt
|faint|p1b: Pyroar
|
|-weather|SunnyDay|[upkeep]
|-heal|p1a: Torkoal|33/100|[from] item: Leftovers
|-end|p2a: Swampert|move: Yawn|[silent]
|-status|p2a: Swampert|slp
|upkeep
|
|t:|1782518293
|switch|p1b: Venusaur|Venusaur, L50, M|100/100
|turn|3
|
|t:|1782518326
|switch|p2b: Archaludon|Archaludon, L50, M, shiny|100/100
|cant|p2a: Swampert|slp
|move|p1b: Venusaur|Sleep Powder|p2b: Archaludon
|-status|p2b: Archaludon|slp|[from] move: Sleep Powder
|move|p1a: Torkoal|Weather Ball|p2a: Swampert
|-resisted|p2a: Swampert|1
|-damage|p2a: Swampert|70/100 slp
|
|-weather|SunnyDay|[upkeep]
|-heal|p1a: Torkoal|40/100|[from] item: Leftovers
|upkeep
|turn|4
|
|t:|1782518361
|cant|p2a: Swampert|slp
|move|p1b: Venusaur|Energy Ball|p2a: Swampert
|-supereffective|p2a: Swampert|2
|-damage|p2a: Swampert|0 fnt
|faint|p2a: Swampert
|-damage|p1b: Venusaur|90/100|[from] item: Life Orb
|cant|p2b: Archaludon|slp
|move|p1a: Torkoal|Weather Ball|p2b: Archaludon
|-damage|p2b: Archaludon|23/100 slp
|-ability|p2b: Archaludon|Stamina|boost
|-boost|p2b: Archaludon|def|1
|
|-weather|SunnyDay|[upkeep]
|-heal|p2b: Archaludon|29/100 slp|[from] item: Leftovers
|-heal|p1a: Torkoal|46/100|[from] item: Leftovers
|upkeep
|
|t:|1782518384
|switch|p2a: Pelipper|Pelipper, L50, M|1/100
|-weather|RainDance|[from] ability: Drizzle|[of] p2a: Pelipper
|turn|5
|
|t:|1782518405
|switch|p2a: Sinistcha|Sinistcha-Masterpiece, L50|100/100
|-heal|p2b: Archaludon|54/100 slp|[from] ability: Hospitality|[of] p2a: Sinistcha
|switch|p1a: Farigiraf|Farigiraf, L50, M|100/100
|move|p1b: Venusaur|Sludge Bomb|p2a: Sinistcha
|-damage|p2a: Sinistcha|44/100
|-enditem|p2a: Sinistcha|Sitrus Berry|[eat]
|-heal|p2a: Sinistcha|69/100|[from] item: Sitrus Berry
|-damage|p1b: Venusaur|80/100|[from] item: Life Orb
|-curestatus|p2b: Archaludon|slp|[msg]
|move|p2b: Archaludon|Electro Shot||[still]
|-prepare|p2b: Archaludon|Electro Shot
|-boost|p2b: Archaludon|spa|1
|-anim|p2b: Archaludon|Electro Shot|p1a: Farigiraf
|-damage|p1a: Farigiraf|43/100
|-enditem|p1a: Farigiraf|Sitrus Berry|[eat]
|-heal|p1a: Farigiraf|68/100|[from] item: Sitrus Berry
|
|-weather|RainDance|[upkeep]
|-heal|p2b: Archaludon|60/100|[from] item: Leftovers
|upkeep
|turn|6
|
|t:|1782518439
|move|p2b: Archaludon|Protect|p2b: Archaludon
|-singleturn|p2b: Archaludon|Protect
|move|p1b: Venusaur|Sleep Powder|p2b: Archaludon
|-activate|p2b: Archaludon|move: Protect
|move|p2a: Sinistcha|Matcha Gotcha|p1a: Farigiraf|[spread] p1a,p1b
|-crit|p1a: Farigiraf
|-resisted|p1b: Venusaur|2
|-damage|p1a: Farigiraf|36/100
|-heal|p2a: Sinistcha|89/100|[from] drain|[of] p1a: Farigiraf
|-damage|p1b: Venusaur|73/100
|-heal|p2a: Sinistcha|93/100|[from] drain|[of] p1b: Venusaur
|move|p1a: Farigiraf|Psychic|p2a: Sinistcha
|-damage|p2a: Sinistcha|52/100
|
|-weather|RainDance|[upkeep]
|-heal|p2b: Archaludon|66/100|[from] item: Leftovers
|upkeep
|turn|7
|
|t:|1782518465
|move|p1b: Venusaur|Sleep Powder|p2b: Archaludon
|-status|p2b: Archaludon|slp|[from] move: Sleep Powder
|cant|p2b: Archaludon|slp
|move|p2a: Sinistcha|Matcha Gotcha|p1b: Venusaur|[spread] p1b
|-miss|p2a: Sinistcha|p1a: Farigiraf
|-resisted|p1b: Venusaur|2
|-crit|p1b: Venusaur
|-damage|p1b: Venusaur|63/100
|-heal|p2a: Sinistcha|57/100|[from] drain|[of] p1b: Venusaur
|-status|p1b: Venusaur|brn
|move|p1a: Farigiraf|Psychic|p2a: Sinistcha
|-damage|p2a: Sinistcha|15/100
|
|-weather|RainDance|[upkeep]
|-heal|p2b: Archaludon|72/100 slp|[from] item: Leftovers
|-damage|p1b: Venusaur|57/100 brn|[from] brn
|upkeep
|turn|8
|
|t:|1782518492
|move|p2a: Sinistcha|Protect|p2a: Sinistcha
|-singleturn|p2a: Sinistcha|Protect
|move|p1b: Venusaur|Sludge Bomb|p2a: Sinistcha
|-activate|p2a: Sinistcha|move: Protect
|cant|p2b: Archaludon|slp
|move|p1a: Farigiraf|Trick Room|p1a: Farigiraf
|-fieldstart|move: Trick Room|[of] p1a: Farigiraf
|
|-weather|RainDance|[upkeep]
|-heal|p2b: Archaludon|78/100 slp|[from] item: Leftovers
|-damage|p1b: Venusaur|51/100 brn|[from] brn
|upkeep
|turn|9
|
|t:|1782518526
|move|p1a: Farigiraf|Psychic|p2a: Sinistcha
|-damage|p2a: Sinistcha|0 fnt
|faint|p2a: Sinistcha
|-curestatus|p2b: Archaludon|slp|[msg]
|move|p2b: Archaludon|Dragon Pulse|p1a: Farigiraf
|-damage|p1a: Farigiraf|0 fnt
|faint|p1a: Farigiraf
|move|p1b: Venusaur|Energy Ball|p2b: Archaludon
|-resisted|p2b: Archaludon|2
|-damage|p2b: Archaludon|61/100
|-ability|p2b: Archaludon|Stamina|boost
|-boost|p2b: Archaludon|def|1
|-damage|p1b: Venusaur|42/100 brn|[from] item: Life Orb
|
|-weather|none
|-heal|p2b: Archaludon|67/100|[from] item: Leftovers
|-damage|p1b: Venusaur|36/100 brn|[from] brn
|upkeep
|
|t:|1782518548
|switch|p1a: Torkoal|Torkoal, L50, F|46/100
|switch|p2a: Pelipper|Pelipper, L50, M|1/100
|-weather|SunnyDay|[from] ability: Drought|[of] p1a: Torkoal
|-weather|RainDance|[from] ability: Drizzle|[of] p2a: Pelipper
|turn|10
|
|t:|1782518582
|move|p2a: Pelipper|Protect|p2a: Pelipper
|-singleturn|p2a: Pelipper|Protect
|move|p1b: Venusaur|Protect|p1b: Venusaur
|-singleturn|p1b: Venusaur|Protect
|move|p1a: Torkoal|Weather Ball|p2b: Archaludon
|-resisted|p2b: Archaludon|1
|-crit|p2b: Archaludon
|-damage|p2b: Archaludon|26/100
|-ability|p2b: Archaludon|Stamina|boost
|-boost|p2b: Archaludon|def|1
|move|p2b: Archaludon|Electro Shot||[still]
|-prepare|p2b: Archaludon|Electro Shot
|-boost|p2b: Archaludon|spa|1
|-anim|p2b: Archaludon|Electro Shot|p1a: Torkoal
|-damage|p1a: Torkoal|0 fnt
|faint|p1a: Torkoal
|
|-weather|RainDance|[upkeep]
|-heal|p2b: Archaludon|32/100|[from] item: Leftovers
|-damage|p1b: Venusaur|30/100 brn|[from] brn
|upkeep
|turn|11
|
|t:|1782518605
|move|p2a: Pelipper|Hurricane|p1b: Venusaur
|-supereffective|p1b: Venusaur|1
|-damage|p1b: Venusaur|0 fnt
|faint|p1b: Venusaur
|
|win|Juicelo8
