|j|☆daeba1993
|j|☆nillythekid
|html|daeba1993nillythekid    
|uhtml|bestof|Game 1 of a best-of-3
|t:|1782565713
|gametype|doubles
|player|p1|daeba1993|266|1026
|player|p2|nillythekid|hiker-gen4|1040
|gen|9
|tier|[Gen 9 Champions] VGC 2026 Reg M-B (Bo3)
|rated|
|rule|Species Clause: Limit one of each Pokémon
|rule|Item Clause: Limit 1 of each item
|clearpoke
|poke|p1|Metagross, L50, shiny|
|poke|p1|Milotic, L50, F|
|poke|p1|Ceruledge, L50, F|
|poke|p1|Grimmsnarl, L50, M|
|poke|p1|Whimsicott, L50, F|
|poke|p1|Garchomp, L50, F|
|poke|p2|Sinistcha, L50|
|poke|p2|Incineroar, L50, F|
|poke|p2|Milotic, L50, F|
|poke|p2|Raichu, L50, F|
|poke|p2|Floette-Eternal, L50, F|
|poke|p2|Ceruledge, L50, M|
|teampreview|4
|showteam|p1|Metagross||Metagrossite|ClearBody|Protect,IcePunch,IronHead,StompingTantrum|Jolly|||||50|]Milotic||Leftovers|Competitive|Scald,Coil,Hypnosis,LifeDew|Calm||F|||50|]Ceruledge||ColburBerry|FlashFire|BitterBlade,BulkUp,Protect,ShadowSneak|Impish||F|||50|]Grimmsnarl||LightClay|Prankster|Reflect,LightScreen,PartingShot,SpiritBreak|Impish||M|||50|]Whimsicott||FocusSash|Prankster|Charm,Tailwind,Encore,Moonblast|Timid||F|||50|]Garchomp||LifeOrb|RoughSkin|Earthquake,DragonClaw,Protect,RockSlide|Adamant||F|||50|
|showteam|p2|Sinistcha||KasibBerry|Hospitality|MatchaGotcha,LifeDew,RagePowder,Protect|Relaxed|||||50|]Incineroar||SitrusBerry|Intimidate|FlareBlitz,ThroatChop,FakeOut,PartingShot|Impish||F|||50|]Milotic||Leftovers|Competitive|MuddyWater,Coil,Hypnosis,Protect|Calm||F|||50|]Raichu||RaichuniteY|LightningRod|ZapCannon,FocusBlast,FakeOut,Protect|Timid||F|||50|]Floette-Eternal||Floettite|FlowerVeil|DazzlingGleam,DrainingKiss,CalmMind,Protect|Timid||F|||50|]Ceruledge||ColburBerry|FlashFire|BitterBlade,ShadowSneak,BulkUp,Protect|Adamant||M|||50|
|
|t:|1782565752
|teamsize|p1|4
|teamsize|p2|4
|start
|switch|p1a: Metagross|Metagross, L50, shiny|100/100
|switch|p1b: Milotic|Milotic, L50, F|100/100
|switch|p2a: Incineroar|Incineroar, L50, F|100/100
|switch|p2b: Floette|Floette-Eternal, L50, F|100/100
|-ability|p2a: Incineroar|Intimidate|boost
|-fail|p1a: Metagross|unboost|[from] ability: Clear Body|[of] p1a: Metagross
|-unboost|p1b: Milotic|atk|1
|-ability|p1b: Milotic|Competitive|boost
|-boost|p1b: Milotic|spa|2
|turn|1
|
|t:|1782565781
|switch|p2b: Ceruledge|Ceruledge, L50, M|100/100
|detailschange|p1a: Metagross|Metagross-Mega, L50, shiny
|-mega|p1a: Metagross|Metagross|Metagrossite
|move|p1a: Metagross|Iron Head|p2b: Ceruledge
|-resisted|p2b: Ceruledge|1
|-damage|p2b: Ceruledge|69/100
|move|p1b: Milotic|Coil|p1b: Milotic
|-boost|p1b: Milotic|atk|1
|-boost|p1b: Milotic|def|1
|-boost|p1b: Milotic|accuracy|1
|move|p2a: Incineroar|Throat Chop|p1a: Metagross
|-supereffective|p1a: Metagross|1
|-damage|p1a: Metagross|55/100
|-start|p1a: Metagross|Throat Chop|[silent]
|
|upkeep
|turn|2
|
|t:|1782565810
|switch|p2a: Milotic|Milotic, L50, F|100/100
|move|p1a: Metagross|Protect|p1a: Metagross
|-singleturn|p1a: Metagross|Protect
|move|p2b: Ceruledge|Bitter Blade|p1a: Metagross
|-activate|p1a: Metagross|move: Protect
|move|p1b: Milotic|Hypnosis|p2b: Ceruledge
|-status|p2b: Ceruledge|slp|[from] move: Hypnosis
|
|-end|p1a: Metagross|Throat Chop|[silent]
|upkeep
|turn|3
|
|t:|1782565828
|move|p1a: Metagross|Stomping Tantrum|p2b: Ceruledge
|-supereffective|p2b: Ceruledge|1
|-crit|p2b: Ceruledge
|-damage|p2b: Ceruledge|0 fnt
|faint|p2b: Ceruledge
|move|p2a: Milotic|Coil|p2a: Milotic
|-boost|p2a: Milotic|atk|1
|-boost|p2a: Milotic|def|1
|-boost|p2a: Milotic|accuracy|1
|move|p1b: Milotic|Hypnosis|p2a: Milotic
|-status|p2a: Milotic|slp|[from] move: Hypnosis
|
|upkeep
|
|t:|1782565837
|switch|p2b: Floette|Floette-Eternal, L50, F|100/100
|turn|4
|
|t:|1782565847
|detailschange|p2b: Floette|Floette-Mega, L50, F
|-mega|p2b: Floette|Floette|Floettite
|-ability|p2b: Floette|Fairy Aura
|move|p2b: Floette|Dazzling Gleam|p1a: Metagross|[spread] p1a,p1b
|-resisted|p1a: Metagross|1
|-damage|p1a: Metagross|37/100
|-damage|p1b: Milotic|77/100
|move|p1a: Metagross|Iron Head|p2b: Floette
|-supereffective|p2b: Floette|1
|-damage|p2b: Floette|0 fnt
|faint|p2b: Floette
|cant|p2a: Milotic|slp
|move|p1b: Milotic|Scald|p2a: Milotic
|-resisted|p2a: Milotic|1
|-crit|p2a: Milotic
|-damage|p2a: Milotic|73/100 slp
|
|-heal|p2a: Milotic|79/100 slp|[from] item: Leftovers
|-heal|p1b: Milotic|83/100|[from] item: Leftovers
|upkeep
|
|t:|1782565855
|switch|p2b: Incineroar|Incineroar, L50, F|100/100
|-ability|p2b: Incineroar|Intimidate|boost
|-unboost|p1a: Metagross|atk|1
|-unboost|p1b: Milotic|atk|1
|-ability|p1b: Milotic|Competitive|boost
|-boost|p1b: Milotic|spa|2
|turn|5
|
|t:|1782565874
|switch|p1a: Grimmsnarl|Grimmsnarl, L50, M|100/100
|cant|p2a: Milotic|slp
|move|p1b: Milotic|Scald|p2b: Incineroar
|-supereffective|p2b: Incineroar|1
|-damage|p2b: Incineroar|0 fnt
|faint|p2b: Incineroar
|
|-heal|p2a: Milotic|85/100 slp|[from] item: Leftovers
|-heal|p1b: Milotic|89/100|[from] item: Leftovers
|upkeep
|turn|6
|-message|nillythekid forfeited.
|
|win|daeba1993
