|j|☆boncuss
|j|☆15Hugs
|html|boncuss15Hugs    
|uhtml|bestof|Game 1 of a best-of-3
|t:|1784830362
|gametype|doubles
|player|p1|boncuss|wattson|1067
|player|p2|15Hugs|ingo|1090
|gen|9
|tier|[Gen 9 Champions] VGC 2026 Reg M-B (Bo3)
|rated|
|rule|Species Clause: Limit one of each Pokémon
|rule|Item Clause: Limit 1 of each item
|clearpoke
|poke|p1|Raichu, L50, F|
|poke|p1|Kingambit, L50, F|
|poke|p1|Aurorus, L50, M|
|poke|p1|Talonflame, L50, F|
|poke|p1|Blastoise, L50, F|
|poke|p1|Farigiraf, L50, F|
|poke|p2|Mawile, L50, F|
|poke|p2|Sneasler, L50, M|
|poke|p2|Raichu, L50, F|
|poke|p2|Hydreigon, L50, F|
|poke|p2|Farigiraf, L50, F, shiny|
|poke|p2|Ceruledge, L50, F|
|teampreview|4
|showteam|p1|Raichu||RaichuniteY|LightningRod|FakeOut,ZapCannon,Protect,FocusBlast|Timid||F|||50|]Kingambit||FocusSash|Defiant|KowtowCleave,SuckerPunch,Protect,IronHead|Adamant||F|||50|]Aurorus||ChoiceScarf|SnowWarning|Blizzard,FreezeDry,AncientPower,EarthPower|Timid||M|||50|]Talonflame|||GaleWings|Acrobatics,Tailwind,Protect,FlareBlitz|Adamant||F|||50|]Blastoise||Blastoisinite|RainDish|WaterSpout,ShellSmash,Protect,WaterPulse|Modest||F|||50|]Farigiraf||SitrusBerry|ArmorTail|HyperVoice,TrickRoom,Imprison,Protect|Modest||F|||50|
|showteam|p2|Mawile||Mawilite|Intimidate|Protect,PlayRough,IronHead,RockSlide|Brave||F|||50|]Sneasler||WhiteHerb|Unburden|FakeOut,Coaching,CloseCombat,DireClaw|Jolly||M|||50|]Raichu||RaichuniteY|LightningRod|Protect,FakeOut,ZapCannon,FocusBlast|Timid||F|||50|]Hydreigon||ChoiceScarf|Levitate|DracoMeteor,Snarl,DarkPulse,EarthPower|Timid||F|||50|]Farigiraf||SitrusBerry|ArmorTail|TrickRoom,HelpingHand,FoulPlay,Psychic|Relaxed||F|||50|]Ceruledge||LifeOrb|FlashFire|Protect,ShadowSneak,Poltergeist,BitterBlade|Brave||F|||50|
|inactive|Battle timer is ON: inactive players will automatically lose when time's up. (requested by boncuss)
|inactive|boncuss has 60 seconds left.
|inactive|15Hugs has 60 seconds left.
|inactive|15Hugs has 30 seconds left.
|inactive|15Hugs has 20 seconds left.
|
|t:|1784830434
|teamsize|p1|4
|teamsize|p2|4
|start
|switch|p1a: Raichu|Raichu, L50, F|100/100
|switch|p1b: Blastoise|Blastoise, L50, F|100/100
|switch|p2a: Farigiraf|Farigiraf, L50, F, shiny|100/100
|switch|p2b: Ceruledge|Ceruledge, L50, F|100/100
|turn|1
|inactive|boncuss has 30 seconds left.
|inactive|boncuss has 20 seconds left.
|
|t:|1784830472
|detailschange|p1a: Raichu|Raichu-Mega-Y, L50, F
|-mega|p1a: Raichu|Raichu|Raichunite Y
|move|p2b: Ceruledge|Shadow Sneak|p1b: Blastoise
|-damage|p1b: Blastoise|70/100
|-damage|p2b: Ceruledge|90/100|[from] item: Life Orb
|move|p1a: Raichu|Zap Cannon|p2a: Farigiraf
|-damage|p2a: Farigiraf|37/100
|-status|p2a: Farigiraf|par
|-enditem|p2a: Farigiraf|Sitrus Berry|[eat]
|-heal|p2a: Farigiraf|61/100 par|[from] item: Sitrus Berry
|move|p1b: Blastoise|Water Spout|p2b: Ceruledge|[spread] p2a,p2b
|-crit|p2a: Farigiraf
|-supereffective|p2b: Ceruledge|1
|-damage|p2a: Farigiraf|16/100 par
|-damage|p2b: Ceruledge|18/100
|cant|p2a: Farigiraf|par
|
|upkeep
|turn|2
|
|t:|1784830489
|move|p2a: Farigiraf|Helping Hand|p2b: Ceruledge
|-singleturn|p2b: Ceruledge|Helping Hand|[of] p2a: Farigiraf
|move|p2b: Ceruledge|Shadow Sneak|p1a: Raichu
|-damage|p1a: Raichu|14/100
|-damage|p2b: Ceruledge|8/100|[from] item: Life Orb
|move|p1a: Raichu|Zap Cannon|p2a: Farigiraf
|-damage|p2a: Farigiraf|0 fnt
|faint|p2a: Farigiraf
|move|p1b: Blastoise|Water Spout|p2b: Ceruledge
|-supereffective|p2b: Ceruledge|1
|-damage|p2b: Ceruledge|0 fnt
|faint|p2b: Ceruledge
|
|upkeep
|
|t:|1784830495
|switch|p2b: Sneasler|Sneasler, L50, M|100/100
|switch|p2a: Mawile|Mawile, L50, F|100/100
|-ability|p2a: Mawile|Intimidate|boost
|-unboost|p1a: Raichu|atk|1
|-unboost|p1b: Blastoise|atk|1
|turn|3
|
|t:|1784830514
|detailschange|p2a: Mawile|Mawile-Mega, L50, F
|-mega|p2a: Mawile|Mawile|Mawilite
|move|p1a: Raichu|Protect|p1a: Raichu
|-singleturn|p1a: Raichu|Protect
|move|p1b: Blastoise|Protect|p1b: Blastoise
|-singleturn|p1b: Blastoise|Protect
|move|p2b: Sneasler|Close Combat|p1b: Blastoise
|-activate|p1b: Blastoise|move: Protect
|move|p2a: Mawile|Rock Slide|p1a: Raichu|[spread] 
|-activate|p1a: Raichu|move: Protect
|-activate|p1b: Blastoise|move: Protect
|
|upkeep
|turn|4
|
|t:|1784830530
|move|p1a: Raichu|Zap Cannon|p2b: Sneasler
|-damage|p2b: Sneasler|5/100
|-status|p2b: Sneasler|par
|move|p1b: Blastoise|Water Spout|p2b: Sneasler|[spread] p2a,p2b
|-damage|p2a: Mawile|61/100
|-damage|p2b: Sneasler|0 fnt
|faint|p2b: Sneasler
|move|p2a: Mawile|Play Rough|p1b: Blastoise
|-damage|p1b: Blastoise|0 fnt
|faint|p1b: Blastoise
|
|upkeep
|
|t:|1784830542
|switch|p1b: Talonflame|Talonflame, L50, F|100/100
|turn|5
|inactive|15Hugs has 30 seconds left.
|inactive|15Hugs has 20 seconds left.
|inactive|15Hugs has 15 seconds left.
|inactive|15Hugs has 10 seconds left.
|
|t:|1784830592
|move|p1a: Raichu|Zap Cannon|p2a: Mawile
|-damage|p2a: Mawile|0 fnt
|faint|p2a: Mawile
|
|win|boncuss
||boncuss is ready for game 2.
