|j|☆thebusinesspiggy2
|j|☆Pengu
|html|thebusinesspiggy2Pengu    
|uhtml|bestof|Game 1 of a best-of-3
|t:|1757856672
|gametype|doubles
|player|p1|thebusinesspiggy2|iris-gen5bw2|
|player|p2|Pengu|rosa-masters|
|gen|9
|tier|[Gen 9] VGC 2025 Reg H (Bo3)
|rule|Species Clause: Limit one of each Pokémon
|rule|Item Clause: Limit 1 of each item
|clearpoke
|poke|p1|Haxorus, L50, M|
|poke|p1|Altaria, L50, F|
|poke|p1|Bisharp, L50, M|
|poke|p1|Heracross, L50, F|
|poke|p1|Electrode-Hisui, L50|
|poke|p1|Dragapult, L50, F|
|poke|p2|Dragapult, L50, F|
|poke|p2|Tauros-Paldea-Aqua, L50, M|
|poke|p2|Clefable, L50, M|
|poke|p2|Abomasnow, L50, M|
|poke|p2|Baxcalibur, L50, M|
|poke|p2|Glimmora, L50, M|
|teampreview|4
|showteam|p1|Haxorus||LifeOrb|MoldBreaker|DragonClaw,TeraBlast,FirstImpression,Protect|||M|||50|,,,,,Electric]Altaria||SitrusBerry|CloudNine|BreakingSwipe,Haze,HelpingHand,Protect|||F|||50|,,,,,Steel]Bisharp||Eviolite|Defiant|IronHead,ThroatChop,SuckerPunch,Protect|||M|||50|,,,,,Water]Heracross||FlameOrb|Guts|Facade,Megahorn,CloseCombat,Protect|||F|||50|,,,,,Normal]Electrode-Hisui||CovertCloak|Soundproof|Electroweb,Chloroblast,FoulPlay,Taunt||||||50|,,,,,Dark]Dragapult||ChoiceBand|ClearBody|DragonDarts,PhantomForce,Uturn,TeraBlast|||F|||50|,,,,,Fairy
|showteam|p2|Dragapult||ChoiceBand|ClearBody|DragonDarts,PhantomForce,Outrage,Uturn|||F|||50|,,,,,Dragon]Tauros-Paldea-Aqua||AssaultVest|Intimidate|WaveCrash,CloseCombat,AquaJet,LashOut|||M|||50|,,,,,Fairy]Clefable||SitrusBerry|Unaware|FollowMe,HelpingHand,Moonblast,LifeDew|||M|||50|,,,,,Water]Abomasnow||FocusSash|SnowWarning|AuroraVeil,Blizzard,EnergyBall,HelpingHand|||M|||50|,,,,,Water]Baxcalibur||ClearAmulet|ThermalExchange|DragonDance,IcicleCrash,ScaleShot,Protect|||M|||50|,,,,,Fairy]Glimmora||PowerHerb|ToxicDebris|MeteorBeam,EarthPower,SludgeBomb,SpikyShield|||M|||50|,,,,,Fairy
|inactive|Battle timer is ON: inactive players will automatically lose when time's up. (requested by Pengu)
|c|☆thebusinesspiggy2|glhf
|c|☆Pengu|u2
|inactive|thebusinesspiggy2 has 60 seconds left.
|inactive|Pengu has 60 seconds left.
|
|t:|1757856729
|teamsize|p1|4
|teamsize|p2|4
|start
|switch|p1a: Zerkom|Haxorus, L50, M, shiny|100/100
|switch|p1b: Kingoobit|Bisharp, L50, M, shiny|100/100
|switch|p2a: Glimmora|Glimmora, L50, M|100/100
|switch|p2b: Baxcalibur|Baxcalibur, L50, M|100/100
|-ability|p1a: Zerkom|Mold Breaker
|turn|1
|
|t:|1757856753
|move|p2a: Glimmora|Spiky Shield|p2a: Glimmora
|-singleturn|p2a: Glimmora|move: Protect
|move|p2b: Baxcalibur|Protect|p2b: Baxcalibur
|-singleturn|p2b: Baxcalibur|Protect
|move|p1a: Zerkom|Dragon Claw|p2a: Glimmora
|-activate|p2a: Glimmora|move: Protect
|-damage|p1a: Zerkom|88/100|[from] Spiky Shield|[of] p2a: Glimmora
|move|p1b: Kingoobit|Iron Head|p2b: Baxcalibur
|-activate|p2b: Baxcalibur|move: Protect
|
|upkeep
|turn|2
|inactive|Pengu has 30 seconds left.
|
|t:|1757856782
|switch|p2b: Abomasnow|Abomasnow, L50, M|100/100
|-weather|Snowscape|[from] ability: Snow Warning|[of] p2b: Abomasnow
|move|p1a: Zerkom|Dragon Claw|p2b: Abomasnow
|-damage|p2b: Abomasnow|52/100
|-damage|p1a: Zerkom|78/100|[from] item: Life Orb
|move|p2a: Glimmora|Meteor Beam||[still]
|-prepare|p2a: Glimmora|Meteor Beam
|-boost|p2a: Glimmora|spa|1
|-enditem|p2a: Glimmora|Power Herb
|-anim|p2a: Glimmora|Meteor Beam|p1a: Zerkom|[miss]
|-miss|p2a: Glimmora|p1a: Zerkom
|move|p1b: Kingoobit|Iron Head|p2b: Abomasnow
|-supereffective|p2b: Abomasnow
|-damage|p2b: Abomasnow|0 fnt
|faint|p2b: Abomasnow
|
|-weather|Snowscape|[upkeep]
|upkeep
|
|t:|1757856790
|switch|p2b: Clefable|Clefable, L50, M|100/100
|turn|3
|
|t:|1757856804
|switch|p1a: Heracross|Heracross, L50, F|100/100
|-terastallize|p1b: Kingoobit|Water
|move|p2b: Clefable|Follow Me|p2b: Clefable
|-singleturn|p2b: Clefable|move: Follow Me
|move|p2a: Glimmora|Earth Power|p1b: Kingoobit
|-damage|p1b: Kingoobit|52/100
|move|p1b: Kingoobit|Iron Head|p2b: Clefable
|-supereffective|p2b: Clefable
|-damage|p2b: Clefable|23/100
|-enditem|p2b: Clefable|Sitrus Berry|[eat]
|-heal|p2b: Clefable|48/100|[from] item: Sitrus Berry
|
|-weather|Snowscape|[upkeep]
|-status|p1a: Heracross|brn|[from] item: Flame Orb
|upkeep
|turn|4
|
|t:|1757856819
|move|p2a: Glimmora|Sludge Bomb|p1b: Kingoobit
|-damage|p1b: Kingoobit|0 fnt
|faint|p1b: Kingoobit
|move|p1a: Heracross|Facade|p2b: Clefable
|-damage|p2b: Clefable|0 fnt
|faint|p2b: Clefable
|
|-weather|Snowscape|[upkeep]
|-damage|p1a: Heracross|95/100 brn|[from] brn
|upkeep
|
|t:|1757856827
|switch|p1b: Zerkom|Haxorus, L50, M, shiny|78/100
|switch|p2b: Baxcalibur|Baxcalibur, L50, M|100/100
|-ability|p1b: Zerkom|Mold Breaker
|turn|5
|
|t:|1757856833
|-terastallize|p2b: Baxcalibur|Fairy
|move|p2a: Glimmora|Spiky Shield|p2a: Glimmora
|-singleturn|p2a: Glimmora|move: Protect
|move|p1b: Zerkom|First Impression|p2a: Glimmora
|-activate|p2a: Glimmora|move: Protect
|-damage|p1b: Zerkom|66/100|[from] Spiky Shield|[of] p2a: Glimmora
|move|p1a: Heracross|Close Combat|p2b: Baxcalibur
|-resisted|p2b: Baxcalibur
|-damage|p2b: Baxcalibur|58/100
|-unboost|p1a: Heracross|def|1
|-unboost|p1a: Heracross|spd|1
|move|p2b: Baxcalibur|Dragon Dance|p2b: Baxcalibur
|-boost|p2b: Baxcalibur|atk|1
|-boost|p2b: Baxcalibur|spe|1
|
|-weather|Snowscape|[upkeep]
|-damage|p1a: Heracross|89/100 brn|[from] brn
|upkeep
|turn|6
|
|t:|1757856855
|move|p2b: Baxcalibur|Icicle Crash|p1b: Zerkom
|-supereffective|p1b: Zerkom
|-damage|p1b: Zerkom|0 fnt
|faint|p1b: Zerkom
|move|p2a: Glimmora|Sludge Bomb|p1a: Heracross
|-damage|p1a: Heracross|0 fnt
|faint|p1a: Heracross
|
|-weather|none
|upkeep
|
|t:|1757856862
|switch|p1b: Altaria|Altaria, L50, F|100/100
|-ability|p1b: Altaria|Cloud Nine
|turn|7
|
|t:|1757856871
|move|p2b: Baxcalibur|Icicle Crash|p1b: Altaria
|-supereffective|p1b: Altaria
|-damage|p1b: Altaria|0 fnt
|faint|p1b: Altaria
|
|win|Pengu
||thebusinesspiggy2 is ready for game 2.
||Pengu is ready for game 2.
|uhtml|next|Next: Game 2 of 3
|l|☆Pengu
|player|p2|
|l|☆thebusinesspiggy2
|player|p1|
