|j|☆teyvgc
|j|☆ironstandseternal
|html|teyvgcironstandseternal    
|uhtml|bestof|Game 2 of a best-of-3
|t:|1757200004
|gametype|doubles
|player|p1|teyvgc|benga|
|player|p2|ironstandseternal|flint|
|gen|9
|tier|[Gen 9] VGC 2025 Reg H (Bo3)
|rule|Species Clause: Limit one of each Pokémon
|rule|Item Clause: Limit 1 of each item
|clearpoke
|poke|p1|Gholdengo, L50|
|poke|p1|Dragonite, L50, F|
|poke|p1|Sneasler, L50, M|
|poke|p1|Incineroar, L50, F|
|poke|p1|Indeedee, L50, M|
|poke|p1|Ninetales-Alola, L50, F|
|poke|p2|Archaludon, L50, F|
|poke|p2|Dragonite, L50, F|
|poke|p2|Pelipper, L50, M|
|poke|p2|Ursaluna, L50, M|
|poke|p2|Sinistcha, L50|
|poke|p2|Gholdengo, L50|
|teampreview|4
|showteam|p1|Gholdengo||LifeOrb|GoodasGold|Protect,MakeItRain,ShadowBall,NastyPlot||||||50|,,,,,Water]Dragonite||LoadedDice|Multiscale|ScaleShot,Tailwind,Haze,Protect|||F|||50|,,,,,Fairy]Sneasler||PsychicSeed|Unburden|Protect,DireClaw,CloseCombat,ThroatChop|||M|||50|,,,,,Dark]Incineroar||SafetyGoggles|Intimidate|KnockOff,PartingShot,FlareBlitz,FakeOut|||F|||50|,,,,,Ghost]Indeedee||ChoiceScarf|PsychicSurge|Protect,Trick,TeraBlast,ExpandingForce|||M|||50|,,,,,Psychic]Ninetales-Alola||FocusSash|SnowWarning|Blizzard,IcyWind,Encore,AuroraVeil|||F|||50|,,,,,Ghost
|showteam|p2|Archaludon||AssaultVest|Stamina|FlashCannon,BodyPress,ElectroShot,Snarl|||F|||50|,,,,,Fighting]Dragonite||LoadedDice|Multiscale|ScaleShot,Tailwind,Haze,Protect|||F|||50|,,,,,Fairy]Pelipper||FocusSash|Drizzle|MuddyWater,Hurricane,Tailwind,Protect|||M|||50|,,,,,Ghost]Ursaluna||FlameOrb|Guts|Facade,HeadlongRush,Earthquake,Protect|||M|||50|,,,,,Ghost]Sinistcha||SitrusBerry|Hospitality|MatchaGotcha,LifeDew,RagePowder,TrickRoom||||||50|,,,,,Dark]Gholdengo||ChoiceScarf|GoodasGold|MakeItRain,ShadowBall,Trick,Protect||||||50|,,,,,Flying
|
|t:|1757200028
|teamsize|p1|4
|teamsize|p2|4
|start
|switch|p1a: Incineroar|Incineroar, L50, F|100/100
|switch|p1b: Gholdengo|Gholdengo, L50|100/100
|switch|p2a: Sinistcha|Sinistcha, L50|100/100
|switch|p2b: Pelipper|Pelipper, L50, M|100/100
|-weather|RainDance|[from] ability: Drizzle|[of] p2b: Pelipper
|-ability|p1a: Incineroar|Intimidate|boost
|-unboost|p2a: Sinistcha|atk|1
|-unboost|p2b: Pelipper|atk|1
|turn|1
|
|t:|1757200059
|switch|p2a: Archaludon|Archaludon, L50, F|100/100
|switch|p1a: Ninetales|Ninetales-Alola, L50, F|100/100
|-weather|Snowscape|[from] ability: Snow Warning|[of] p1a: Ninetales
|-terastallize|p1b: Gholdengo|Water
|-terastallize|p2b: Pelipper|Ghost
|move|p1b: Gholdengo|Nasty Plot|p1b: Gholdengo
|-boost|p1b: Gholdengo|spa|2
|move|p2b: Pelipper|Tailwind|p2b: Pelipper
|-sidestart|p2: ironstandseternal|move: Tailwind
|
|-weather|Snowscape|[upkeep]
|upkeep
|turn|2
|
|t:|1757200103
|move|p2b: Pelipper|Muddy Water|p1b: Gholdengo|[spread] p1b
|-miss|p2b: Pelipper|p1a: Ninetales
|-resisted|p1b: Gholdengo
|-damage|p1b: Gholdengo|83/100
|-unboost|p1b: Gholdengo|accuracy|1
|move|p2a: Archaludon|Flash Cannon|p1a: Ninetales
|-supereffective|p1a: Ninetales
|-enditem|p1a: Ninetales|Focus Sash
|-damage|p1a: Ninetales|1/100
|move|p1a: Ninetales|Blizzard|p2b: Pelipper|[spread] p2a,p2b
|-damage|p2a: Archaludon|81/100
|-damage|p2b: Pelipper|45/100
|-ability|p2a: Archaludon|Stamina|boost
|-boost|p2a: Archaludon|def|1
|move|p1b: Gholdengo|Shadow Ball|p2a: Archaludon
|-crit|p2a: Archaludon
|-damage|p2a: Archaludon|0 fnt
|faint|p2a: Archaludon
|-damage|p1b: Gholdengo|74/100|[from] item: Life Orb
|
|-weather|Snowscape|[upkeep]
|upkeep
|
|t:|1757200125
|switch|p2a: Ursaluna|Ursaluna, L50, M|100/100
|turn|3
|
|t:|1757200140
|switch|p1a: Incineroar|Incineroar, L50, F|100/100
|-ability|p1a: Incineroar|Intimidate|boost
|-unboost|p2a: Ursaluna|atk|1
|-unboost|p2b: Pelipper|atk|1
|move|p1b: Gholdengo|Protect|p1b: Gholdengo
|-singleturn|p1b: Gholdengo|Protect
|move|p2b: Pelipper|Muddy Water|p1a: Incineroar|[spread] p1a
|-activate|p1b: Gholdengo|move: Protect
|-supereffective|p1a: Incineroar
|-damage|p1a: Incineroar|55/100
|move|p2a: Ursaluna|Earthquake|p1b: Gholdengo|[spread] p2b,p1a
|-activate|p1b: Gholdengo|move: Protect
|-supereffective|p1a: Incineroar
|-damage|p2b: Pelipper|2/100
|-damage|p1a: Incineroar|0 fnt
|faint|p1a: Incineroar
|
|-weather|Snowscape|[upkeep]
|-status|p2a: Ursaluna|brn|[from] item: Flame Orb
|upkeep
|
|t:|1757200167
|switch|p1a: Ninetales|Ninetales-Alola, L50, F|1/100
|turn|4
|
|t:|1757200190
|move|p2b: Pelipper|Muddy Water|p1a: Ninetales|[spread] p1a,p1b
|-resisted|p1b: Gholdengo
|-damage|p1a: Ninetales|0 fnt
|-damage|p1b: Gholdengo|57/100
|faint|p1a: Ninetales
|move|p2a: Ursaluna|Facade|p1b: Gholdengo
|-damage|p1b: Gholdengo|0 fnt
|faint|p1b: Gholdengo
|
|-weather|Snowscape|[upkeep]
|-damage|p2a: Ursaluna|95/100 brn|[from] brn
|-sideend|p2: ironstandseternal|move: Tailwind
|upkeep
|
|t:|1757200195
|switch|p1b: Indeedee|Indeedee, L50, M|100/100
|-fieldstart|move: Psychic Terrain|[from] ability: Psychic Surge|[of] p1b: Indeedee
|turn|5
|
|t:|1757200216
|move|p1b: Indeedee|Expanding Force|p2a: Ursaluna|[spread] p2a,p2b
|-damage|p2a: Ursaluna|30/100 brn
|-damage|p2b: Pelipper|0 fnt
|faint|p2b: Pelipper
|move|p2a: Ursaluna|Headlong Rush|p1b: Indeedee
|-damage|p1b: Indeedee|0 fnt
|-unboost|p2a: Ursaluna|def|1
|-unboost|p2a: Ursaluna|spd|1
|faint|p1b: Indeedee
|
|win|ironstandseternal
