|j|☆W/\TSON
|j|☆TeyVgc
|html|W/\TSONTeyVgc    
|uhtml|bestof|Game 2 of a best-of-3
|t:|1783139525
|gametype|doubles
|player|p1|W/\TSON|steven|1124
|player|p2|TeyVgc|rood|1231
|gen|9
|tier|[Gen 9 Champions] VGC 2026 Reg M-B (Bo3)
|rated|
|rule|Species Clause: Limit one of each Pokémon
|rule|Item Clause: Limit 1 of each item
|clearpoke
|poke|p1|Mawile, L50, M|
|poke|p1|Incineroar, L50, M|
|poke|p1|Farigiraf, L50, F|
|poke|p1|Gengar, L50, M|
|poke|p1|Ninetales-Alola, L50, M|
|poke|p1|Sinistcha, L50|
|poke|p2|Excadrill, L50, F|
|poke|p2|Tyranitar, L50, M|
|poke|p2|Staraptor, L50, M|
|poke|p2|Sinistcha, L50|
|poke|p2|Milotic, L50, F|
|poke|p2|Gholdengo, L50|
|teampreview|4
|showteam|p1|Mawile||Mawilite|HyperCutter|SwordsDance,PlayRough,IronHead,SuckerPunch|Adamant||M|||50|]Incineroar||SitrusBerry|Intimidate|FakeOut,PartingShot,FlareBlitz,DarkestLariat|Adamant||M|||50|]Farigiraf||ColburBerry|ArmorTail|TrickRoom,Gravity,HelpingHand,TwinBeam|Quiet||F|||50|]Gengar||Gengarite|CursedBody|Protect,Disable,ShadowBall,SludgeBomb|Modest||M|||50|]Ninetales-Alola||LightClay|SnowWarning|IcyWind,Encore,AuroraVeil,Blizzard|Timid||M|||50|]Sinistcha||Leftovers|Hospitality|RagePowder,MatchaGotcha,LifeDew,Protect|Modest|||||50|
|showteam|p2|Excadrill||FocusSash|SandRush|Earthquake,IronHead,RockSlide,Protect|Adamant||F|||50|]Tyranitar||Tyranitarite|SandStream|RockSlide,KnockOff,DragonDance,Protect|Adamant||M|||50|]Staraptor||Staraptite|Intimidate|BraveBird,CloseCombat,Tailwind,Protect|Jolly||M|||50|]Sinistcha||SitrusBerry|Hospitality|MatchaGotcha,RagePowder,LifeDew,TrickRoom|Calm|||||50|]Milotic||Leftovers|Competitive|Scald,IceBeam,Recover,Protect|Modest||F|||50|]Gholdengo||LifeOrb|GoodasGold|MakeItRain,ShadowBall,NastyPlot,Protect|Modest|||||50|
|inactive|Battle timer is ON: inactive players will automatically lose when time's up. (requested by W/\TSON)
|
|t:|1783139545
|teamsize|p1|4
|teamsize|p2|4
|start
|switch|p1a: Gengar|Gengar, L50, M|100/100
|switch|p1b: Incineroar|Incineroar, L50, M|100/100
|switch|p2a: Excadrill|Excadrill, L50, F|100/100
|switch|p2b: Staraptor|Staraptor, L50, M|100/100
|-ability|p2b: Staraptor|Intimidate|boost
|-unboost|p1a: Gengar|atk|1
|-unboost|p1b: Incineroar|atk|1
|-ability|p1b: Incineroar|Intimidate|boost
|-unboost|p2a: Excadrill|atk|1
|-unboost|p2b: Staraptor|atk|1
|turn|1
|inactive|W/\TSON has 30 seconds left.
|inactive|W/\TSON has 20 seconds left.
|inactive|W/\TSON has 15 seconds left.
|inactive|W/\TSON has 10 seconds left.
|
|t:|1783139591
|detailschange|p2b: Staraptor|Staraptor-Mega, L50, M
|-mega|p2b: Staraptor|Staraptor|Staraptite
|detailschange|p1a: Gengar|Gengar-Mega, L50, M
|-mega|p1a: Gengar|Gengar|Gengarite
|move|p1b: Incineroar|Fake Out|p2a: Excadrill
|-resisted|p2a: Excadrill|1
|-damage|p2a: Excadrill|94/100
|move|p2b: Staraptor|Close Combat|p1b: Incineroar
|-supereffective|p1b: Incineroar|1
|-damage|p1b: Incineroar|32/100
|-boost|p2b: Staraptor|def|1
|-boost|p2b: Staraptor|spd|1
|-enditem|p1b: Incineroar|Sitrus Berry|[eat]
|-heal|p1b: Incineroar|57/100|[from] item: Sitrus Berry
|move|p1a: Gengar|Shadow Ball|p2a: Excadrill
|-damage|p2a: Excadrill|31/100
|cant|p2a: Excadrill|flinch
|
|upkeep
|turn|2
|inactive|W/\TSON has 30 seconds left.
|inactive|TeyVgc has 30 seconds left.
|inactive|W/\TSON has 20 seconds left.
|inactive|W/\TSON has 15 seconds left.
|inactive|W/\TSON has 10 seconds left.
|inactive|W/\TSON has 5 seconds left.
|
|t:|1783139646
|move|p1a: Gengar|Protect|p1a: Gengar
|-singleturn|p1a: Gengar|Protect
|move|p2b: Staraptor|Close Combat|p1b: Incineroar
|-supereffective|p1b: Incineroar|1
|-damage|p1b: Incineroar|0 fnt
|-boost|p2b: Staraptor|def|1
|-boost|p2b: Staraptor|spd|1
|faint|p1b: Incineroar
|move|p2a: Excadrill|Earthquake|p1a: Gengar|[spread] 
|-activate|p1a: Gengar|move: Protect
|-immune|p2b: Staraptor
|
|upkeep
|
|t:|1783139653
|switch|p1b: Ninetales|Ninetales-Alola, L50, M|100/100
|-weather|Snowscape|[from] ability: Snow Warning|[of] p1b: Ninetales
|turn|3
|inactive|W/\TSON has 30 seconds left.
|
|t:|1783139685
|move|p2b: Staraptor|Tailwind|p2b: Staraptor
|-sidestart|p2: TeyVgc|move: Tailwind
|move|p2a: Excadrill|Iron Head|p1b: Ninetales
|-supereffective|p1b: Ninetales|2
|-damage|p1b: Ninetales|0 fnt
|faint|p1b: Ninetales
|move|p1a: Gengar|Shadow Ball|p2a: Excadrill
|-damage|p2a: Excadrill|0 fnt
|faint|p2a: Excadrill
|
|-weather|Snowscape|[upkeep]
|upkeep
|
|t:|1783139694
|switch|p1b: Sinistcha|Sinistcha, L50|100/100
|switch|p2a: Tyranitar|Tyranitar, L50, M|100/100
|-weather|Sandstorm|[from] ability: Sand Stream|[of] p2a: Tyranitar
|turn|4
|
|t:|1783139714
|move|p2b: Staraptor|Brave Bird|p1b: Sinistcha
|-supereffective|p1b: Sinistcha|1
|-damage|p1b: Sinistcha|38/100
|-damage|p2b: Staraptor|81/100|[from] Recoil
|move|p2a: Tyranitar|Knock Off|p1a: Gengar
|-supereffective|p1a: Gengar|1
|-damage|p1a: Gengar|14/100
|move|p1a: Gengar|Sludge Bomb|p2b: Staraptor
|-damage|p2b: Staraptor|53/100
|move|p1b: Sinistcha|Matcha Gotcha|p2b: Staraptor|[spread] p2a,p2b
|-supereffective|p2a: Tyranitar|1
|-resisted|p2b: Staraptor|1
|-damage|p2a: Tyranitar|70/100
|-heal|p1b: Sinistcha|55/100|[from] drain|[of] p2a: Tyranitar
|-damage|p2b: Staraptor|45/100
|-heal|p1b: Sinistcha|58/100|[from] drain|[of] p2b: Staraptor
|
|-weather|Sandstorm|[upkeep]
|-damage|p2b: Staraptor|39/100|[from] Sandstorm
|-damage|p1a: Gengar|7/100|[from] Sandstorm
|-damage|p1b: Sinistcha|52/100|[from] Sandstorm
|-heal|p1b: Sinistcha|58/100|[from] item: Leftovers
|upkeep
|turn|5
|inactive|TeyVgc has 30 seconds left.
|inactive|TeyVgc has 20 seconds left.
|
|t:|1783139752
|move|p1b: Sinistcha|Rage Powder|p1b: Sinistcha
|-singleturn|p1b: Sinistcha|move: Rage Powder
|move|p2b: Staraptor|Brave Bird|p1b: Sinistcha
|-supereffective|p1b: Sinistcha|1
|-damage|p1b: Sinistcha|0 fnt
|faint|p1b: Sinistcha
|-damage|p2b: Staraptor|21/100|[from] Recoil
|move|p2a: Tyranitar|Rock Slide|p1a: Gengar
|-damage|p1a: Gengar|0 fnt
|faint|p1a: Gengar
|
|win|TeyVgc
