|j|☆Kiryu86
|j|☆gallium1005
|html|Kiryu86gallium1005    
|uhtml|bestof|Game 2 of a best-of-3
|t:|1784324784
|gametype|doubles
|player|p1|Kiryu86|169|1214
|player|p2|gallium1005|hilbert|1133
|gen|9
|tier|[Gen 9 Champions] VGC 2026 Reg M-B (Bo3)
|rated|
|rule|Species Clause: Limit one of each Pokémon
|rule|Item Clause: Limit 1 of each item
|clearpoke
|poke|p1|Dragonite, L50, M, shiny|
|poke|p1|Talonflame, L50, M|
|poke|p1|Scizor, L50, F|
|poke|p1|Tauros-Paldea-Aqua, L50, M|
|poke|p1|Kingambit, L50, F|
|poke|p1|Hatterene, L50, F|
|poke|p2|Swampert, L50, F|
|poke|p2|Archaludon, L50, F|
|poke|p2|Pelipper, L50, M|
|poke|p2|Sneasler, L50, M|
|poke|p2|Floette-Eternal, L50, F|
|poke|p2|Sinistcha, L50|
|teampreview|4
|showteam|p1|Dragonite||Dragoninite|Multiscale|Hurricane,DracoMeteor,Protect,Thunderbolt|Timid||M|||50|]Talonflame||FocusSash|GaleWings|FlareBlitz,BraveBird,Tailwind,Protect|Jolly||M|||50|]Scizor||Scizorite|Technician|BugBite,BulletPunch,Protect,CloseCombat|Adamant||F|||50|]Tauros-Paldea-Aqua||ChoiceScarf|Intimidate|CloseCombat,RagingBull,HighHorsepower,RockSlide|Adamant||M|||50|]Kingambit||BlackGlasses|Defiant|KowtowCleave,IronHead,SuckerPunch,Protect|Adamant||F|||50|]Hatterene||LifeOrb|MagicBounce|Psychic,MysticalFire,DazzlingGleam,TrickRoom|Quiet||F|||50|
|showteam|p2|Swampert||Swampertite|Torrent|WaveCrash,Earthquake,KnockOff,Protect|Adamant||F|||50|]Archaludon||Leftovers|Stamina|ElectroShot,DragonPulse,FlashCannon,Protect|Modest||F|||50|]Pelipper||FocusSash|Drizzle|Tailwind,Hurricane,WeatherBall,Protect|Timid||M|||50|]Sneasler||WhiteHerb|Unburden|FakeOut,DireClaw,CloseCombat,Protect|Jolly||M|||50|]Floette-Eternal||Floettite|FlowerVeil|DrainingKiss,DazzlingGleam,CalmMind,Protect|Modest||F|||50|]Sinistcha||SitrusBerry|Hospitality|MatchaGotcha,RagePowder,TrickRoom,Protect|Bold|||||50|
|inactive|Battle timer is ON: inactive players will automatically lose when time's up. (requested by Kiryu86)
|inactive|Kiryu86 has 60 seconds left.
|inactive|gallium1005 has 60 seconds left.
|
|t:|1784324833
|teamsize|p1|4
|teamsize|p2|4
|start
|switch|p1a: Dragonite|Dragonite, L50, M, shiny|100/100
|switch|p1b: Tauros|Tauros-Paldea-Aqua, L50, M|100/100
|switch|p2a: Sneasler|Sneasler, L50, M|100/100
|switch|p2b: Pelipper|Pelipper, L50, M|100/100
|-ability|p1b: Tauros|Intimidate|boost
|-unboost|p2a: Sneasler|atk|1
|-unboost|p2b: Pelipper|atk|1
|-weather|RainDance|[from] ability: Drizzle|[of] p2b: Pelipper
|-enditem|p2a: Sneasler|White Herb
|-clearnegativeboost|p2a: Sneasler|[silent]
|turn|1
|
|t:|1784324856
|switch|p1b: Hatterene|Hatterene, L50, F|100/100
|move|p1a: Dragonite|Protect|p1a: Dragonite
|-singleturn|p1a: Dragonite|Protect
|move|p2a: Sneasler|Fake Out|p1a: Dragonite
|-activate|p1a: Dragonite|move: Protect
|move|p2b: Pelipper|Hurricane|p1b: Hatterene
|-damage|p1b: Hatterene|46/100
|-start|p1b: Hatterene|confusion
|
|-weather|RainDance|[upkeep]
|upkeep
|turn|2
|
|t:|1784324876
|switch|p2b: Swampert|Swampert, L50, F|100/100
|switch|p1b: Kingambit|Kingambit, L50, F|100/100
|detailschange|p1a: Dragonite|Dragonite-Mega, L50, M, shiny
|-mega|p1a: Dragonite|Dragonite|Dragoninite
|move|p2a: Sneasler|Dire Claw|p1b: Kingambit
|-immune|p1b: Kingambit
|move|p1a: Dragonite|Hurricane|p2a: Sneasler
|-supereffective|p2a: Sneasler|1
|-damage|p2a: Sneasler|0 fnt
|faint|p2a: Sneasler
|
|-weather|RainDance|[upkeep]
|upkeep
|
|t:|1784324895
|switch|p2a: Archaludon|Archaludon, L50, F|100/100
|turn|3
|inactive|gallium1005 has 30 seconds left.
|inactive|gallium1005 has 20 seconds left.
|
|t:|1784324933
|switch|p2a: Pelipper|Pelipper, L50, M|100/100
|detailschange|p2b: Swampert|Swampert-Mega, L50, F
|-mega|p2b: Swampert|Swampert|Swampertite
|move|p1b: Kingambit|Protect|p1b: Kingambit
|-singleturn|p1b: Kingambit|Protect
|move|p2b: Swampert|Earthquake|p1b: Kingambit|[spread] 
|-activate|p1b: Kingambit|move: Protect
|-immune|p2a: Pelipper
|-immune|p1a: Dragonite
|move|p1a: Dragonite|Draco Meteor|p2b: Swampert
|-damage|p2b: Swampert|33/100
|-unboost|p1a: Dragonite|spa|2
|
|-weather|RainDance|[upkeep]
|upkeep
|turn|4
|inactive|Kiryu86 has 30 seconds left.
|
|t:|1784324966
|move|p2b: Swampert|Protect|p2b: Swampert
|-singleturn|p2b: Swampert|Protect
|move|p1b: Kingambit|Sucker Punch||[still]
|-fail|p1b: Kingambit
|move|p1a: Dragonite|Thunderbolt|p2a: Pelipper
|-supereffective|p2a: Pelipper|2
|-enditem|p2a: Pelipper|Focus Sash
|-damage|p2a: Pelipper|1/100
|move|p2a: Pelipper|Tailwind|p2a: Pelipper
|-sidestart|p2: gallium1005|move: Tailwind
|
|-weather|RainDance|[upkeep]
|upkeep
|turn|5
|inactive|gallium1005 has 30 seconds left.
|
|t:|1784324992
|move|p1b: Kingambit|Sucker Punch|p2a: Pelipper
|-damage|p2a: Pelipper|0 fnt
|faint|p2a: Pelipper
|move|p2b: Swampert|Wave Crash|p1a: Dragonite
|-resisted|p1a: Dragonite|1
|-damage|p1a: Dragonite|75/100
|-damage|p2b: Swampert|25/100|[from] Recoil
|move|p1a: Dragonite|Hurricane|p2b: Swampert
|-damage|p2b: Swampert|0 fnt
|faint|p2b: Swampert
|
|-weather|none
|upkeep
|
|t:|1784325003
|switch|p2b: Archaludon|Archaludon, L50, F|100/100
|turn|6
|
|t:|1784325010
|switch|p1a: Tauros|Tauros-Paldea-Aqua, L50, M|100/100
|-ability|p1a: Tauros|Intimidate|boost
|-unboost|p2b: Archaludon|atk|1
|move|p2b: Archaludon|Dragon Pulse|p1a: Tauros
|-damage|p1a: Tauros|38/100
|move|p1b: Kingambit|Kowtow Cleave|p2b: Archaludon
|-damage|p2b: Archaludon|57/100
|-ability|p2b: Archaludon|Stamina|boost
|-boost|p2b: Archaludon|def|1
|
|-heal|p2b: Archaludon|63/100|[from] item: Leftovers
|upkeep
|turn|7
|inactive|Kiryu86 has 30 seconds left.
|
|t:|1784325049
|move|p1a: Tauros|Close Combat|p2b: Archaludon
|-supereffective|p2b: Archaludon|1
|-damage|p2b: Archaludon|7/100
|-unboost|p1a: Tauros|def|1
|-unboost|p1a: Tauros|spd|1
|-ability|p2b: Archaludon|Stamina|boost
|-boost|p2b: Archaludon|def|1
|move|p2b: Archaludon|Dragon Pulse|p1a: Tauros
|-damage|p1a: Tauros|0 fnt
|faint|p1a: Tauros
|move|p1b: Kingambit|Kowtow Cleave|p2b: Archaludon
|-damage|p2b: Archaludon|0 fnt
|faint|p2b: Archaludon
|
|win|Kiryu86
||gallium1005 is ready for game 3.
|inactive|Kiryu86 has 30 seconds to confirm battle start!
||Kiryu86 is ready for game 3.
|uhtml|next|Next: Game 3 of 3
|l|☆Kiryu86
|player|p1|
