|j|☆ZACKSNAIDER
|j|☆Alfaceb
|html|ZACKSNAIDERAlfaceb    
|uhtml|bestof|Game 1 of a best-of-3
|t:|1782683202
|gametype|doubles
|player|p1|ZACKSNAIDER|266|1053
|player|p2|Alfaceb|pokefan|1148
|gen|9
|tier|[Gen 9 Champions] VGC 2026 Reg M-B (Bo3)
|rated|
|rule|Species Clause: Limit one of each Pokémon
|rule|Item Clause: Limit 1 of each item
|clearpoke
|poke|p1|Sneasler, L50, M|
|poke|p1|Farigiraf, L50, M|
|poke|p1|Tyranitar, L50, M|
|poke|p1|Houndstone, L50, F|
|poke|p1|Volcarona, L50, M|
|poke|p1|Clefable, L50, F|
|poke|p2|Charizard, L50, F|
|poke|p2|Aerodactyl, L50, M, shiny|
|poke|p2|Venusaur, L50, F|
|poke|p2|Clefable, L50, M|
|poke|p2|Blastoise, L50, F|
|poke|p2|Kangaskhan, L50, F|
|teampreview|4
|showteam|p1|Sneasler||FocusSash|PoisonTouch|CloseCombat,DireClaw,Protect,FakeOut|Jolly||M|||50|]Farigiraf||SitrusBerry|ArmorTail|Psychic,Imprison,TrickRoom,Protect|Modest||M|||50|]Tyranitar||Tyranitarite|SandStream|RockSlide,KnockOff,Protect,DragonDance|Jolly||M|||50|]Houndstone||SpellTag|SandRush|LastRespects,ShadowSneak,BodyPress,StompingTantrum|Adamant||F|||50|]Volcarona||LifeOrb|FlameBody|HeatWave,GigaDrain,QuiverDance,RagePowder|Modest||M|||50|]Clefable||Leftovers|CuteCharm|Moonblast,Thunderbolt,FollowMe,HelpingHand|Calm||F|||50|
|showteam|p2|Charizard||CharizarditeY|SolarPower|HeatWave,WeatherBall,Protect,SolarBeam|Modest||F|||50|]Aerodactyl||FocusSash|Unnerve|DualWingbeat,RockSlide,Protect,Tailwind|Jolly||M|||50|]Venusaur||LifeOrb|Chlorophyll|SleepPowder,SludgeBomb,EnergyBall,Protect|Modest||F|||50|]Clefable||FairyFeather|Unaware|FollowMe,Moonblast,LifeDew,HelpingHand|Modest||M|||50|]Blastoise||Blastoisinite|Torrent|ShellSmash,WaterSpout,AuraSphere,Protect|Modest||F|||50|]Kangaskhan||ChopleBerry|Scrappy|FakeOut,DoubleEdge,SuckerPunch,BrickBreak|Adamant||F|||50|
|
|t:|1782683277
|teamsize|p1|4
|teamsize|p2|4
|start
|switch|p1a: Tyranitar|Tyranitar, L50, M|100/100
|switch|p1b: Sneasler|Sneasler, L50, M|100/100
|switch|p2a: Blastoise|Blastoise, L50, F|100/100
|switch|p2b: Aerodactyl|Aerodactyl, L50, M, shiny|100/100
|-ability|p2b: Aerodactyl|Unnerve
|-weather|Sandstorm|[from] ability: Sand Stream|[of] p1a: Tyranitar
|turn|1
|
|t:|1782683305
|detailschange|p2a: Blastoise|Blastoise-Mega, L50, F
|-mega|p2a: Blastoise|Blastoise|Blastoisinite
|move|p1b: Sneasler|Fake Out|p2a: Blastoise
|-damage|p2a: Blastoise|88/100
|move|p2b: Aerodactyl|Dual Wingbeat|p1b: Sneasler
|-supereffective|p1b: Sneasler|1
|-damage|p1b: Sneasler|31/100
|-supereffective|p1b: Sneasler|1
|-damage|p1b: Sneasler|0 fnt
|faint|p1b: Sneasler
|-hitcount|p1: Sneasler|2
|move|p1a: Tyranitar|Dragon Dance|p1a: Tyranitar
|-boost|p1a: Tyranitar|atk|1
|-boost|p1a: Tyranitar|spe|1
|cant|p2a: Blastoise|flinch
|
|-weather|Sandstorm|[upkeep]
|-damage|p2a: Blastoise|82/100|[from] Sandstorm
|upkeep
|
|t:|1782683341
|switch|p1b: Houndstone|Houndstone, L50, F|100/100
|turn|2
|
|t:|1782683374
|move|p1b: Houndstone|Last Respects|p2a: Blastoise
|-damage|p2a: Blastoise|35/100
|move|p2b: Aerodactyl|Tailwind|p2b: Aerodactyl
|-sidestart|p2: Alfaceb|move: Tailwind
|move|p2a: Blastoise|Water Spout|p1b: Houndstone|[spread] p1a,p1b
|-supereffective|p1a: Tyranitar|1
|-damage|p1a: Tyranitar|70/100
|-damage|p1b: Houndstone|72/100
|move|p1a: Tyranitar|Dragon Dance|p1a: Tyranitar
|-boost|p1a: Tyranitar|atk|1
|-boost|p1a: Tyranitar|spe|1
|
|-weather|Sandstorm|[upkeep]
|-damage|p2a: Blastoise|29/100|[from] Sandstorm
|upkeep
|turn|3
|
|t:|1782683400
|detailschange|p1a: Tyranitar|Tyranitar-Mega, L50, M
|-mega|p1a: Tyranitar|Tyranitar|Tyranitarite
|move|p2b: Aerodactyl|Protect|p2b: Aerodactyl
|-singleturn|p2b: Aerodactyl|Protect
|move|p1a: Tyranitar|Rock Slide|p2b: Aerodactyl|[spread] p2a
|-activate|p2b: Aerodactyl|move: Protect
|-damage|p2a: Blastoise|0 fnt
|faint|p2a: Blastoise
|move|p1b: Houndstone|Last Respects|p2b: Aerodactyl
|-activate|p2b: Aerodactyl|move: Protect
|
|-weather|Sandstorm|[upkeep]
|upkeep
|
|t:|1782683416
|switch|p2a: Clefable|Clefable, L50, M|100/100
|turn|4
|
|t:|1782683434
|move|p2b: Aerodactyl|Rock Slide|p1b: Houndstone|[spread] p1a,p1b
|-damage|p1a: Tyranitar|54/100
|-damage|p1b: Houndstone|42/100
|move|p1a: Tyranitar|Rock Slide|p2a: Clefable|[spread] p2a,p2b
|-supereffective|p2b: Aerodactyl|1
|-damage|p2a: Clefable|68/100
|-enditem|p2b: Aerodactyl|Focus Sash
|-damage|p2b: Aerodactyl|1/100
|cant|p1b: Houndstone|flinch
|cant|p2a: Clefable|flinch
|
|-weather|Sandstorm|[upkeep]
|-damage|p2a: Clefable|62/100|[from] Sandstorm
|upkeep
|turn|5
|
|t:|1782683459
|switch|p1b: Clefable|Clefable, L50, F|100/100
|move|p2b: Aerodactyl|Rock Slide|p1b: Clefable|[spread] p1a
|-miss|p2b: Aerodactyl|p1b: Clefable
|-damage|p1a: Tyranitar|37/100
|cant|p1a: Tyranitar|flinch
|move|p2a: Clefable|Moonblast|p1a: Tyranitar
|-supereffective|p1a: Tyranitar|1
|-damage|p1a: Tyranitar|0 fnt
|faint|p1a: Tyranitar
|
|-weather|none
|-sideend|p2: Alfaceb|move: Tailwind
|upkeep
|
|t:|1782683472
|switch|p1a: Houndstone|Houndstone, L50, F|42/100
|turn|6
|
|t:|1782683484
|move|p2a: Clefable|Helping Hand|p2b: Aerodactyl
|-singleturn|p2b: Aerodactyl|Helping Hand|[of] p2a: Clefable
|move|p1a: Houndstone|Shadow Sneak|p2b: Aerodactyl
|-damage|p2b: Aerodactyl|0 fnt
|faint|p2b: Aerodactyl
|move|p1b: Clefable|Thunderbolt|p2a: Clefable
|-damage|p2a: Clefable|42/100
|
|upkeep
|
|t:|1782683493
|switch|p2b: Kangaskhan|Kangaskhan, L50, F|100/100
|turn|7
|
|t:|1782683504
|move|p2b: Kangaskhan|Fake Out|p1a: Houndstone
|-damage|p1a: Houndstone|17/100
|move|p1b: Clefable|Follow Me|p1b: Clefable
|-singleturn|p1b: Clefable|move: Follow Me
|cant|p1a: Houndstone|flinch
|move|p2a: Clefable|Moonblast|p1b: Clefable
|-damage|p1b: Clefable|59/100
|
|-heal|p1b: Clefable|65/100|[from] item: Leftovers
|upkeep
|turn|8
|
|t:|1782683519
|move|p1b: Clefable|Follow Me|p1b: Clefable
|-singleturn|p1b: Clefable|move: Follow Me
|move|p2b: Kangaskhan|Sucker Punch||[still]
|-fail|p2b: Kangaskhan
|move|p1a: Houndstone|Body Press|p2b: Kangaskhan
|-supereffective|p2b: Kangaskhan|1
|-enditem|p2b: Kangaskhan|Chople Berry|[eat]
|-enditem|p2b: Kangaskhan|Chople Berry|[weaken]
|-damage|p2b: Kangaskhan|79/100
|move|p2a: Clefable|Life Dew|p2a: Clefable|[spread] p2a,p2b
|-heal|p2a: Clefable|67/100
|-heal|p2b: Kangaskhan|100/100
|
|-heal|p1b: Clefable|71/100|[from] item: Leftovers
|upkeep
|turn|9
|
|t:|1782683541
|move|p1b: Clefable|Helping Hand|p1a: Houndstone
|-singleturn|p1a: Houndstone|Helping Hand|[of] p1b: Clefable
|move|p2b: Kangaskhan|Double-Edge|p1a: Houndstone
|-damage|p1a: Houndstone|0 fnt
|faint|p1a: Houndstone
|-damage|p2b: Kangaskhan|95/100|[from] Recoil
|move|p2a: Clefable|Moonblast|p1b: Clefable
|-damage|p1b: Clefable|31/100
|
|-heal|p1b: Clefable|37/100|[from] item: Leftovers
|upkeep
|turn|10
|-message|ZACKSNAIDER forfeited.
|
|win|Alfaceb
|l|☆ZACKSNAIDER
|player|p1|
||ZACKSNAIDER is ready for game 2.
