|j|☆Ishi30
|j|☆MichaelII
|html|Ishi30MichaelII    
|uhtml|bestof|Game 2 of a best-of-3
|t:|1757937635
|gametype|doubles
|player|p1|Ishi30|102|1099
|player|p2|MichaelII|266|1061
|gen|9
|tier|[Gen 9] VGC 2025 Reg H (Bo3)
|rated|
|rule|Species Clause: Limit one of each Pokémon
|rule|Item Clause: Limit 1 of each item
|clearpoke
|poke|p1|Indeedee-F, L50, F|
|poke|p1|Gallade, L50, M|
|poke|p1|Maushold-Four, L50|
|poke|p1|Torkoal, L50, F|
|poke|p1|Ursaluna, L50, M|
|poke|p1|Hatterene, L50, F|
|poke|p2|Maushold, L50|
|poke|p2|Annihilape, L50, F|
|poke|p2|Sinistcha, L50|
|poke|p2|Incineroar, L50, F|
|poke|p2|Pelipper, L50, M|
|poke|p2|Archaludon, L50, M|
|teampreview|4
|showteam|p1|Indeedee-F||SafetyGoggles|PsychicSurge|DazzlingGleam,FollowMe,HelpingHand,TrickRoom|||F|||50|,,,,,Fire]Gallade||ClearAmulet|Sharpness|PsychoCut,SacredSword,TrickRoom,WideGuard|||M|||50|,,,,,Grass]Maushold-Four||WideLens|FriendGuard|PopulationBomb,FollowMe,AfterYou,Protect||||||50|,,,,,Normal]Torkoal||Charcoal|Drought|WeatherBall,HeatWave,EarthPower,Eruption|||F|||50|,,,,,Fire]Ursaluna||FlameOrb|Guts|HeadlongRush,Earthquake,Protect,Facade|||M|||50|,,,,,Ghost]Hatterene||LifeOrb|MagicBounce|DazzlingGleam,ExpandingForce,Protect,TrickRoom|||F|||50|,,,,,Psychic
|showteam|p2|Maushold||SafetyGoggles|FriendGuard|BeatUp,Taunt,FollowMe,Protect||||||50|,,,,,Ghost]Annihilape||Leftovers|Defiant|RageFist,DrainPunch,BulkUp,Protect|||F|||50|,,,,,Water]Sinistcha||RockyHelmet|Hospitality|MatchaGotcha,LifeDew,TrickRoom,RagePowder||||||50|,,,,,Dark]Incineroar||SitrusBerry|Intimidate|KnockOff,WillOWisp,PartingShot,FakeOut|||F|||50|,,,,,Grass]Pelipper||FocusSash|Drizzle|WeatherBall,Hurricane,WideGuard,Protect|||M|||50|,,,,,Stellar]Archaludon||AssaultVest|Stamina|ElectroShot,DracoMeteor,BodyPress,FlashCannon|||M|||50|,,,,,Grass
|
|t:|1757937664
|teamsize|p1|4
|teamsize|p2|4
|start
|switch|p1a: Indeedee|Indeedee-F, L50, F|100/100
|switch|p1b: Gallade|Gallade, L50, M|100/100
|switch|p2a: Maushold|Maushold, L50|100/100
|switch|p2b: Annihilape|Annihilape, L50, F|100/100
|-fieldstart|move: Psychic Terrain|[from] ability: Psychic Surge|[of] p1a: Indeedee
|turn|1
|
|t:|1757937681
|-terastallize|p2b: Annihilape|Water
|move|p1a: Indeedee|Follow Me|p1a: Indeedee
|-singleturn|p1a: Indeedee|move: Follow Me
|move|p2a: Maushold|Taunt|p1a: Indeedee
|-start|p1a: Indeedee|move: Taunt
|move|p2b: Annihilape|Bulk Up|p2b: Annihilape
|-boost|p2b: Annihilape|atk|1
|-boost|p2b: Annihilape|def|1
|move|p1b: Gallade|Trick Room|p1b: Gallade
|-fieldstart|move: Trick Room|[of] p1b: Gallade
|
|upkeep
|turn|2
|
|t:|1757937721
|switch|p1a: Ursaluna|Ursaluna, L50, M|100/100
|move|p2a: Maushold|Protect|p2a: Maushold
|-singleturn|p2a: Maushold|Protect
|move|p1b: Gallade|Sacred Sword|p2b: Annihilape
|-damage|p2b: Annihilape|49/100
|move|p2b: Annihilape|Rage Fist|p1b: Gallade
|-supereffective|p1b: Gallade
|-damage|p1b: Gallade|0 fnt
|faint|p1b: Gallade
|
|-heal|p2b: Annihilape|55/100|[from] item: Leftovers
|-status|p1a: Ursaluna|brn|[from] item: Flame Orb
|upkeep
|
|t:|1757937740
|switch|p1b: Torkoal|Torkoal, L50, F|100/100
|-weather|SunnyDay|[from] ability: Drought|[of] p1b: Torkoal
|turn|3
|
|t:|1757937756
|switch|p2a: Pelipper|Pelipper, L50, M|100/100
|-weather|RainDance|[from] ability: Drizzle|[of] p2a: Pelipper
|-terastallize|p1b: Torkoal|Fire
|move|p2b: Annihilape|Protect|p2b: Annihilape
|-singleturn|p2b: Annihilape|Protect
|move|p1b: Torkoal|Eruption|p2b: Annihilape|[spread] p2a
|-activate|p2b: Annihilape|move: Protect
|-resisted|p2a: Pelipper
|-damage|p2a: Pelipper|67/100
|move|p1a: Ursaluna|Facade|p2b: Annihilape
|-activate|p2b: Annihilape|move: Protect
|
|-weather|RainDance|[upkeep]
|-heal|p2b: Annihilape|61/100|[from] item: Leftovers
|-damage|p1a: Ursaluna|94/100 brn|[from] brn
|upkeep
|turn|4
|
|t:|1757937793
|switch|p2b: Sinistcha|Sinistcha, L50|100/100
|-heal|p2a: Pelipper|92/100|[from] ability: Hospitality|[of] p2b: Sinistcha
|move|p1b: Torkoal|Eruption|p2a: Pelipper|[spread] p2a,p2b
|-resisted|p2a: Pelipper
|-supereffective|p2b: Sinistcha
|-damage|p2a: Pelipper|59/100
|-damage|p2b: Sinistcha|15/100
|move|p1a: Ursaluna|Facade|p2a: Pelipper
|-damage|p2a: Pelipper|0 fnt
|faint|p2a: Pelipper
|
|-weather|RainDance|[upkeep]
|-damage|p1a: Ursaluna|88/100 brn|[from] brn
|upkeep
|
|t:|1757937817
|switch|p2a: Annihilape|Annihilape, L50, F, tera:Water|61/100
|turn|5
|l|☆Ishi30
|player|p1|
|j|☆Ishi30
|player|p1|Ishi30|102|
|
|t:|1757937895
|move|p2a: Annihilape|Protect|p2a: Annihilape
|-singleturn|p2a: Annihilape|Protect
|move|p1b: Torkoal|Eruption|p2a: Annihilape|[spread] p2b
|-activate|p2a: Annihilape|move: Protect
|-supereffective|p2b: Sinistcha
|-damage|p2b: Sinistcha|0 fnt
|faint|p2b: Sinistcha
|move|p1a: Ursaluna|Facade|p2a: Annihilape
|-activate|p2a: Annihilape|move: Protect
|
|-weather|RainDance|[upkeep]
|-heal|p2a: Annihilape|67/100|[from] item: Leftovers
|-damage|p1a: Ursaluna|82/100 brn|[from] brn
|-fieldend|move: Trick Room
|-fieldend|move: Psychic Terrain
|upkeep
|
|t:|1757937910
|switch|p2b: Maushold|Maushold, L50|100/100
|turn|6
|
|t:|1757937924
|switch|p1b: Indeedee|Indeedee-F, L50, F|100/100
|-fieldstart|move: Psychic Terrain|[from] ability: Psychic Surge|[of] p1b: Indeedee
|move|p1a: Ursaluna|Protect|p1a: Ursaluna
|-singleturn|p1a: Ursaluna|Protect
|move|p2b: Maushold|Follow Me|p2b: Maushold
|-singleturn|p2b: Maushold|move: Follow Me
|move|p2a: Annihilape|Drain Punch|p1a: Ursaluna
|-activate|p1a: Ursaluna|move: Protect
|
|-weather|RainDance|[upkeep]
|-heal|p2a: Annihilape|74/100|[from] item: Leftovers
|-damage|p1a: Ursaluna|76/100 brn|[from] brn
|upkeep
|turn|7
|
|t:|1757937963
|move|p2a: Annihilape|Protect|p2a: Annihilape
|-singleturn|p2a: Annihilape|Protect
|move|p1b: Indeedee|Follow Me|p1b: Indeedee
|-singleturn|p1b: Indeedee|move: Follow Me
|move|p2b: Maushold|Taunt|p1b: Indeedee
|-start|p1b: Indeedee|move: Taunt
|move|p1a: Ursaluna|Facade|p2a: Annihilape
|-activate|p2a: Annihilape|move: Protect
|
|-weather|none
|-heal|p2a: Annihilape|80/100|[from] item: Leftovers
|-damage|p1a: Ursaluna|70/100 brn|[from] brn
|upkeep
|turn|8
|
|t:|1757937983
|switch|p1b: Torkoal|Torkoal, L50, F, tera:Fire|100/100
|-weather|SunnyDay|[from] ability: Drought|[of] p1b: Torkoal
|move|p1a: Ursaluna|Protect|p1a: Ursaluna
|-singleturn|p1a: Ursaluna|Protect
|move|p2b: Maushold|Follow Me|p2b: Maushold
|-singleturn|p2b: Maushold|move: Follow Me
|move|p2a: Annihilape|Drain Punch|p1b: Torkoal
|-damage|p1b: Torkoal|75/100
|-heal|p2a: Annihilape|91/100|[from] drain|[of] p1b: Torkoal
|
|-weather|SunnyDay|[upkeep]
|-heal|p2a: Annihilape|97/100|[from] item: Leftovers
|-damage|p1a: Ursaluna|64/100 brn|[from] brn
|upkeep
|turn|9
|
|t:|1757938014
|switch|p1b: Indeedee|Indeedee-F, L50, F|100/100
|move|p2b: Maushold|Follow Me|p2b: Maushold
|-singleturn|p2b: Maushold|move: Follow Me
|move|p2a: Annihilape|Rage Fist|p1b: Indeedee
|-immune|p1b: Indeedee
|move|p1a: Ursaluna|Facade|p2b: Maushold
|-damage|p2b: Maushold|0 fnt
|faint|p2b: Maushold
|
|-weather|SunnyDay|[upkeep]
|-heal|p2a: Annihilape|100/100|[from] item: Leftovers
|-damage|p1a: Ursaluna|58/100 brn|[from] brn
|upkeep
|turn|10
|
|t:|1757938038
|move|p1b: Indeedee|Follow Me|p1b: Indeedee
|-singleturn|p1b: Indeedee|move: Follow Me
|move|p2a: Annihilape|Bulk Up|p2a: Annihilape
|-boost|p2a: Annihilape|atk|1
|-boost|p2a: Annihilape|def|1
|move|p1a: Ursaluna|Facade|p2a: Annihilape
|-damage|p2a: Annihilape|13/100
|
|-weather|SunnyDay|[upkeep]
|-heal|p2a: Annihilape|19/100|[from] item: Leftovers
|-damage|p1a: Ursaluna|52/100 brn|[from] brn
|-fieldend|move: Psychic Terrain
|upkeep
|turn|11
|
|t:|1757938051
|move|p2a: Annihilape|Protect|p2a: Annihilape
|-singleturn|p2a: Annihilape|Protect
|move|p1b: Indeedee|Follow Me|p1b: Indeedee
|-singleturn|p1b: Indeedee|move: Follow Me
|move|p1a: Ursaluna|Facade|p2a: Annihilape
|-activate|p2a: Annihilape|move: Protect
|
|-weather|SunnyDay|[upkeep]
|-heal|p2a: Annihilape|25/100|[from] item: Leftovers
|-damage|p1a: Ursaluna|45/100 brn|[from] brn
|upkeep
|turn|12
|
|t:|1757938068
|move|p1b: Indeedee|Follow Me|p1b: Indeedee
|-singleturn|p1b: Indeedee|move: Follow Me
|move|p2a: Annihilape|Drain Punch|p1b: Indeedee
|-damage|p1b: Indeedee|50/100
|-heal|p2a: Annihilape|47/100|[from] drain|[of] p1b: Indeedee
|move|p1a: Ursaluna|Facade|p2a: Annihilape
|-damage|p2a: Annihilape|0 fnt
|faint|p2a: Annihilape
|
|win|Ishi30
|inactive|Ishi30 has 30 seconds to confirm battle start!
|inactive|MichaelII has 30 seconds to confirm battle start!
||MichaelII is ready for game 3.
