|j|☆OreXis945
|j|☆Yokikies
|html|OreXis945Yokikies    
|uhtml|bestof|Game 1 of a best-of-3
|t:|1756670173
|gametype|doubles
|player|p1|OreXis945|101|1000
|player|p2|Yokikies|whitney|1054
|gen|9
|tier|[Gen 9] VGC 2025 Reg H (Bo3)
|rated|
|rule|Species Clause: Limit one of each Pokémon
|rule|Item Clause: Limit 1 of each item
|clearpoke
|poke|p1|Archaludon, L50, F|
|poke|p1|Sinistcha-Masterpiece, L50|
|poke|p1|Dragonite, L50, M|
|poke|p1|Pelipper, L50, M|
|poke|p1|Ursaluna, L50, F|
|poke|p1|Gholdengo, L50|
|poke|p2|Incineroar, L50, M|
|poke|p2|Ursaluna, L50, M|
|poke|p2|Murkrow, L50, F|
|poke|p2|Gholdengo, L50|
|poke|p2|Flamigo, L50, M|
|poke|p2|Gardevoir, L50, F|
|teampreview|4
|showteam|p1|Archaludon||AssaultVest|Stamina|BodyPress,Snarl,ElectroShot,FlashCannon|||F|||50|,,,,,Fighting]Sinistcha-Masterpiece||SitrusBerry|Hospitality|MatchaGotcha,RagePowder,TrickRoom,LifeDew||||||50|,,,,,Dark]Dragonite||LoadedDice|Multiscale|ScaleShot,Protect,Tailwind,Haze|||M|||50|,,,,,Steel]Pelipper||FocusSash|Drizzle|MuddyWater,Hurricane,Tailwind,Protect|||M|||50|,,,,,Ghost]Ursaluna||FlameOrb|Guts|Facade,HeadlongRush,Earthquake,Protect|||F|||50|,,,,,Ghost]Gholdengo||ChoiceScarf|GoodasGold|MakeItRain,TeraBlast,ShadowBall,Trick||||||50|,,,,,Water
|showteam|p2|Incineroar||CovertCloak|Intimidate|FakeOut,KnockOff,PartingShot,FlareBlitz|||M|||50|,,,,,Bug]Ursaluna||FlameOrb|Guts|Protect,Facade,HeadlongRush,Earthquake|||M|||50|,,,,,Ghost]Murkrow||Eviolite|Prankster|Tailwind,Haze,Protect,FoulPlay|||F|||50|,,,,,Dark]Gholdengo||LifeOrb|GoodasGold|MakeItRain,ShadowBall,Protect,NastyPlot||||||50|,,,,,Water]Flamigo||ExpertBelt|Scrappy|Detect,CloseCombat,BraveBird,Taunt|||M|||50|,,,,,Stellar]Gardevoir||ChoiceSpecs|Synchronize|Moonblast,DazzlingGleam,Psychic,MysticalFire|||F|||50|,,,,,Fairy
|inactive|Battle timer is ON: inactive players will automatically lose when time's up. (requested by Yokikies)
|
|t:|1756670247
|teamsize|p1|4
|teamsize|p2|4
|start
|switch|p1a: Pelipper|Pelipper, L50, M|100/100
|switch|p1b: Archaludon|Archaludon, L50, F|100/100
|switch|p2a: Murkrow|Murkrow, L50, F, shiny|100/100
|switch|p2b: Ursaluna|Ursaluna, L50, M|100/100
|-weather|RainDance|[from] ability: Drizzle|[of] p1a: Pelipper
|turn|1
|inactive|Yokikies has 30 seconds left.
|inactive|Yokikies has 20 seconds left.
|inactive|Yokikies has 15 seconds left.
|
|t:|1756670290
|switch|p2a: Gardevoir|Gardevoir, L50, F, shiny|100/100
|move|p2b: Ursaluna|Protect|p2b: Ursaluna
|-singleturn|p2b: Ursaluna|Protect
|move|p1a: Pelipper|Tailwind|p1a: Pelipper
|-sidestart|p1: OreXis945|move: Tailwind
|move|p1b: Archaludon|Electro Shot||[still]
|-prepare|p1b: Archaludon|Electro Shot
|-boost|p1b: Archaludon|spa|1
|-anim|p1b: Archaludon|Electro Shot|p2a: Gardevoir
|-damage|p2a: Gardevoir|40/100
|
|-weather|RainDance|[upkeep]
|-status|p2b: Ursaluna|brn|[from] item: Flame Orb
|upkeep
|turn|2
|inactive|OreXis945 has 30 seconds left.
|inactive|Yokikies has 30 seconds left.
|inactive|OreXis945 has 20 seconds left.
|inactive|Yokikies has 20 seconds left.
|
|t:|1756670326
|-terastallize|p2b: Ursaluna|Ghost
|move|p1a: Pelipper|Muddy Water|p2a: Gardevoir|[spread] p2a,p2b
|-damage|p2a: Gardevoir|0 fnt
|-damage|p2b: Ursaluna|57/100 brn
|faint|p2a: Gardevoir
|move|p1b: Archaludon|Flash Cannon|p2b: Ursaluna
|-damage|p2b: Ursaluna|8/100 brn
|move|p2b: Ursaluna|Earthquake|p1a: Pelipper|[spread] p1b
|-immune|p1a: Pelipper
|-supereffective|p1b: Archaludon
|-damage|p1b: Archaludon|17/100
|-ability|p1b: Archaludon|Stamina|boost
|-boost|p1b: Archaludon|def|1
|
|-weather|RainDance|[upkeep]
|-damage|p2b: Ursaluna|2/100 brn|[from] brn
|upkeep
|
|t:|1756670339
|switch|p2a: Murkrow|Murkrow, L50, F, shiny|100/100
|turn|3
|
|t:|1756670350
|switch|p2b: Gholdengo|Gholdengo, L50|100/100
|move|p2a: Murkrow|Tailwind|p2a: Murkrow
|-sidestart|p2: Yokikies|move: Tailwind
|move|p1a: Pelipper|Muddy Water|p2a: Murkrow|[spread] p2a,p2b
|-damage|p2a: Murkrow|60/100
|-damage|p2b: Gholdengo|54/100
|move|p1b: Archaludon|Flash Cannon|p2b: Gholdengo
|-resisted|p2b: Gholdengo
|-damage|p2b: Gholdengo|24/100
|
|-weather|RainDance|[upkeep]
|upkeep
|turn|4
|inactive|OreXis945 has 30 seconds left.
|inactive|OreXis945 has 20 seconds left.
|inactive|Yokikies has 30 seconds left.
|
|t:|1756670396
|move|p2b: Gholdengo|Make It Rain|p1a: Pelipper|[spread] p1a,p1b
|-resisted|p1a: Pelipper
|-resisted|p1b: Archaludon
|-damage|p1a: Pelipper|49/100
|-damage|p1b: Archaludon|0 fnt
|-unboost|p2b: Gholdengo|spa|1
|faint|p1b: Archaludon
|-damage|p2b: Gholdengo|15/100|[from] item: Life Orb
|move|p1a: Pelipper|Muddy Water|p2a: Murkrow|[spread] p2a,p2b
|-damage|p2a: Murkrow|24/100
|-damage|p2b: Gholdengo|0 fnt
|faint|p2b: Gholdengo
|move|p2a: Murkrow|Foul Play|p1a: Pelipper
|-damage|p1a: Pelipper|31/100
|
|-weather|RainDance|[upkeep]
|-sideend|p1: OreXis945|move: Tailwind
|upkeep
|
|t:|1756670407
|switch|p2b: Ursaluna|Ursaluna, L50, M, tera:Ghost|2/100 brn
|switch|p1b: Gholdengo|Gholdengo, L50|100/100
|turn|5
|
|t:|1756670418
|move|p1a: Pelipper|Protect|p1a: Pelipper
|-singleturn|p1a: Pelipper|Protect
|move|p2a: Murkrow|Foul Play|p1b: Gholdengo
|-supereffective|p1b: Gholdengo
|-damage|p1b: Gholdengo|55/100
|move|p1b: Gholdengo|Make It Rain|p2b: Ursaluna|[spread] p2a,p2b
|-damage|p2a: Murkrow|0 fnt
|-damage|p2b: Ursaluna|0 fnt
|-unboost|p1b: Gholdengo|spa|1
|faint|p2a: Murkrow
|faint|p2b: Ursaluna
|
|win|OreXis945
||Yokikies is ready for game 2.
||OreXis945 is ready for game 2.
|uhtml|next|Next: Game 2 of 3
|l|☆Yokikies
|player|p2|
