|j|☆eitipopipo
|j|☆ramennoodsz
|html|eitipopiporamennoodsz    
|uhtml|bestof|Game 1 of a best-of-3
|t:|1785392830
|gametype|doubles
|player|p1|eitipopipo|170|1150
|player|p2|ramennoodsz|170|1077
|gen|9
|tier|[Gen 9 Champions] VGC 2026 Reg M-B (Bo3)
|rated|
|rule|Species Clause: Limit one of each Pokémon
|rule|Item Clause: Limit 1 of each item
|clearpoke
|poke|p1|Charizard, L50, F|
|poke|p1|Metagross, L50|
|poke|p1|Samurott-Hisui, L50, M|
|poke|p1|Sylveon, L50, M|
|poke|p1|Garchomp, L50, F|
|poke|p1|Aerodactyl, L50, F|
|poke|p2|Staraptor, L50, M|
|poke|p2|Scrafty, L50, M|
|poke|p2|Farigiraf, L50, M|
|poke|p2|Mawile, L50, F|
|poke|p2|Torkoal, L50, F|
|poke|p2|Vileplume, L50, M|
|teampreview|4
|showteam|p1|Charizard||CharizarditeY|Blaze|HeatWave,SolarBeam,Protect,WeatherBall|Modest||F|||50|]Metagross||Metagrossite|ClearBody|Protect,IronHead,BodyPress,IcePunch|Impish|||||50|]Samurott-Hisui||BlackGlasses|Sharpness|CeaselessEdge,SuckerPunch,SacredSword,Protect|Jolly||M|||50|]Sylveon||FairyFeather|Pixilate|HyperBeam,HyperVoice,QuickAttack,Protect|Sassy||M|||50|]Garchomp||LifeOrb|RoughSkin|DragonClaw,Protect,Earthquake,RockTomb|Jolly||F|||50|]Aerodactyl||FocusSash|Unnerve|Tailwind,RockSlide,WideGuard,Protect|Jolly||F|||50|
|showteam|p2|Staraptor||ChoiceScarf|Intimidate|BraveBird,FinalGambit,Uturn,CloseCombat|Jolly||M|||50|]Scrafty||LifeOrb|Moxie|KnockOff,DrainPunch,FakeOut,CloseCombat|Brave||M|||50|]Farigiraf||SitrusBerry|ArmorTail|Psychic,Thunderbolt,TrickRoom,Protect|Bold||M|||50|]Mawile||Mawilite|Intimidate|RockSlide,PlayRough,SuckerPunch,Protect|Brave||F|||50|]Torkoal||Charcoal|Drought|Eruption,WeatherBall,HeatWave,Protect|Quiet||F|||50|]Vileplume||WideLens|Chlorophyll|AfterYou,SludgeBomb,SleepPowder,LeafStorm|Timid||M|||50|
|inactive|Battle timer is ON: inactive players will automatically lose when time's up. (requested by ramennoodsz)
|
|t:|1785392857
|teamsize|p1|4
|teamsize|p2|4
|start
|switch|p1a: Samurott|Samurott-Hisui, L50, M|100/100
|switch|p1b: Aerodactyl|Aerodactyl, L50, F|100/100
|switch|p2a: Staraptor|Staraptor, L50, M|100/100
|switch|p2b: Farigiraf|Farigiraf, L50, M|100/100
|-ability|p1b: Aerodactyl|Unnerve
|-ability|p2a: Staraptor|Intimidate|boost
|-unboost|p1a: Samurott|atk|1
|-unboost|p1b: Aerodactyl|atk|1
|turn|1
|
|t:|1785392877
|move|p2a: Staraptor|Final Gambit|p1a: Samurott
|-damage|p1a: Samurott|0 fnt
|faint|p2a: Staraptor
|faint|p1a: Samurott
|move|p1b: Aerodactyl|Rock Slide|p2b: Farigiraf
|-damage|p2b: Farigiraf|85/100
|cant|p2b: Farigiraf|flinch
|
|upkeep
|
|t:|1785392887
|switch|p2a: Mawile|Mawile, L50, F|100/100
|switch|p1a: Charizard|Charizard, L50, F|100/100
|-ability|p2a: Mawile|Intimidate|boost
|-unboost|p1a: Charizard|atk|1
|-unboost|p1b: Aerodactyl|atk|1
|turn|2
|
|t:|1785392902
|detailschange|p1a: Charizard|Charizard-Mega-Y, L50, F
|-mega|p1a: Charizard|Charizard|Charizardite Y
|-weather|SunnyDay|[from] ability: Drought|[of] p1a: Charizard
|detailschange|p2a: Mawile|Mawile-Mega, L50, F
|-mega|p2a: Mawile|Mawile|Mawilite
|move|p2a: Mawile|Protect|p2a: Mawile
|-singleturn|p2a: Mawile|Protect
|move|p1b: Aerodactyl|Rock Slide|p2b: Farigiraf|[spread] p2b
|-activate|p2a: Mawile|move: Protect
|-damage|p2b: Farigiraf|77/100
|move|p1a: Charizard|Heat Wave|p2b: Farigiraf|[spread] p2b
|-activate|p2a: Mawile|move: Protect
|-damage|p2b: Farigiraf|14/100
|move|p2b: Farigiraf|Trick Room|p2b: Farigiraf
|-fieldstart|move: Trick Room|[of] p2b: Farigiraf
|
|-weather|SunnyDay|[upkeep]
|upkeep
|turn|3
|inactive|eitipopipo has 30 seconds left.
|
|t:|1785392932
|switch|p1b: Garchomp|Garchomp, L50, F|100/100
|-enditem|p2b: Farigiraf|Sitrus Berry|[eat]
|-heal|p2b: Farigiraf|39/100|[from] item: Sitrus Berry
|move|p2a: Mawile|Rock Slide|p1a: Charizard|[spread] p1a
|-miss|p2a: Mawile|p1b: Garchomp
|-supereffective|p1a: Charizard|2
|-damage|p1a: Charizard|0 fnt
|faint|p1a: Charizard
|move|p2b: Farigiraf|Thunderbolt|p1b: Garchomp
|-immune|p1b: Garchomp
|
|-weather|SunnyDay|[upkeep]
|upkeep
|
|t:|1785392944
|switch|p1a: Aerodactyl|Aerodactyl, L50, F|100/100
|-ability|p1a: Aerodactyl|Unnerve
|turn|4
|
|t:|1785392961
|move|p1a: Aerodactyl|Protect|p1a: Aerodactyl
|-singleturn|p1a: Aerodactyl|Protect
|move|p2a: Mawile|Play Rough|p1a: Aerodactyl
|-activate|p1a: Aerodactyl|move: Protect
|move|p2b: Farigiraf|Thunderbolt|p1a: Aerodactyl
|-activate|p1a: Aerodactyl|move: Protect
|move|p1b: Garchomp|Earthquake|p2a: Mawile|[spread] p2a,p2b
|-activate|p1a: Aerodactyl|move: Protect
|-supereffective|p2a: Mawile|1
|-damage|p2a: Mawile|8/100
|-damage|p2b: Farigiraf|3/100
|-damage|p1b: Garchomp|90/100|[from] item: Life Orb
|
|-weather|SunnyDay|[upkeep]
|upkeep
|turn|5
|
|t:|1785392982
|move|p1b: Garchomp|Protect|p1b: Garchomp
|-singleturn|p1b: Garchomp|Protect
|move|p2a: Mawile|Play Rough|p1a: Aerodactyl
|-enditem|p1a: Aerodactyl|Focus Sash
|-damage|p1a: Aerodactyl|1/100
|move|p2b: Farigiraf|Thunderbolt|p1a: Aerodactyl
|-supereffective|p1a: Aerodactyl|1
|-damage|p1a: Aerodactyl|0 fnt
|faint|p1a: Aerodactyl
|
|-weather|SunnyDay|[upkeep]
|upkeep
|turn|6
|
|t:|1785392993
|move|p1b: Garchomp|Protect|p1b: Garchomp
|-singleturn|p1b: Garchomp|Protect
|move|p2a: Mawile|Play Rough|p1b: Garchomp
|-activate|p1b: Garchomp|move: Protect
|move|p2b: Farigiraf|Psychic|p1b: Garchomp
|-activate|p1b: Garchomp|move: Protect
|
|-weather|none
|-fieldend|move: Trick Room
|upkeep
|turn|7
|
|t:|1785393002
|move|p2a: Mawile|Sucker Punch|p1b: Garchomp
|-damage|p1b: Garchomp|39/100
|-damage|p2a: Mawile|0 fnt|[from] ability: Rough Skin|[of] p1b: Garchomp
|faint|p2a: Mawile
|move|p1b: Garchomp|Earthquake|p2b: Farigiraf
|-crit|p2b: Farigiraf
|-damage|p2b: Farigiraf|0 fnt
|faint|p2b: Farigiraf
|-damage|p1b: Garchomp|29/100|[from] item: Life Orb
|
|upkeep
|
|t:|1785393007
|switch|p2b: Torkoal|Torkoal, L50, F|100/100
|-weather|SunnyDay|[from] ability: Drought|[of] p2b: Torkoal
|turn|8
|
|t:|1785393016
|move|p1b: Garchomp|Earthquake|p2b: Torkoal
|-supereffective|p2b: Torkoal|1
|-damage|p2b: Torkoal|0 fnt
|faint|p2b: Torkoal
|-damage|p1b: Garchomp|20/100r|[from] item: Life Orb
|
|win|eitipopipo
||ramennoodsz is ready for game 2.
||eitipopipo is ready for game 2.
|uhtml|next|Next: Game 2 of 3
