|j|☆Frakub
|j|☆PidoveQ
|html|FrakubPidoveQ    
|uhtml|bestof|Game 3 of a best-of-3
|t:|1756377395
|gametype|doubles
|player|p1|Frakub|acetrainer-gen4dp|1234
|player|p2|PidoveQ|akari|1351
|gen|9
|tier|[Gen 9] VGC 2025 Reg H (Bo3)
|rated|
|rule|Species Clause: Limit one of each Pokémon
|rule|Item Clause: Limit 1 of each item
|clearpoke
|poke|p1|Kingambit, L50, M|
|poke|p1|Rillaboom, L50, F|
|poke|p1|Ninetales-Alola, L50, F|
|poke|p1|Dragonite, L50, M|
|poke|p1|Magmar, L50, F|
|poke|p1|Sneasler, L50, M|
|poke|p2|Rillaboom, L50, M|
|poke|p2|Sneasler, L50, M|
|poke|p2|Basculegion, L50, M|
|poke|p2|Ninetales-Alola, L50, F|
|poke|p2|Magmar, L50, F|
|poke|p2|Archaludon, L50, F|
|teampreview|4
|showteam|p1|Kingambit||BlackGlasses|Defiant|KowtowCleave,SuckerPunch,SwordsDance,Protect|||M|||50|,,,,,Dark]Rillaboom||AssaultVest|GrassySurge|WoodHammer,GrassyGlide,HighHorsepower,FakeOut|||F|||50|,,,,,Fire]Ninetales-Alola||LightClay|SnowWarning|Blizzard,FreezeDry,Protect,AuroraVeil|||F|||50|,,,,,Ghost]Dragonite||LoadedDice|Multiscale|ScaleShot,ExtremeSpeed,Haze,Protect|||M|||50|,,,,,Steel]Magmar||Eviolite|VitalSpirit|Taunt,Overheat,FollowMe,Protect|||F|||50|,,,,,Ghost]Sneasler||FocusSash|PoisonTouch|FakeOut,DireClaw,CloseCombat,Protect|||M|||50|,,,,,Ghost
|showteam|p2|Rillaboom||AssaultVest|GrassySurge|WoodHammer,GrassyGlide,FakeOut,HighHorsepower|||M|||50|,,,,,Fire]Sneasler||FocusSash|Unburden|DireClaw,CloseCombat,ThroatChop,Protect|||M|||50|,,,,,Stellar]Basculegion||ChoiceScarf|Adaptability|WaveCrash,LastRespects,AquaJet,FlipTurn|||M|||50|,,,,,Grass]Ninetales-Alola||IciclePlate|SnowWarning|Blizzard,FreezeDry,IcyWind,Protect|||F|||50|,,,,,Ice]Magmar||Eviolite|VitalSpirit|Flamethrower,Taunt,FollowMe,Protect|||F|||50|,,,,,Fairy]Archaludon||PowerHerb|Sturdy|ElectroShot,DragonPulse,Thunderbolt,Protect|||F|||50|,,,,,Electric
|inactive|Battle timer is ON: inactive players will automatically lose when time's up. (requested by PidoveQ)
|inactive|Frakub also wants the timer to be on.
|inactive|PidoveQ has 60 seconds left.
|inactive|PidoveQ has 30 seconds left.
|
|t:|1756377458
|teamsize|p1|4
|teamsize|p2|4
|start
|switch|p1a: Dragonite|Dragonite, L50, M|100/100
|switch|p1b: Sneasler|Sneasler, L50, M|100/100
|switch|p2a: Ninetales|Ninetales-Alola, L50, F, shiny|100/100
|switch|p2b: Rillaboom|Rillaboom, L50, M, shiny|100/100
|-weather|Snowscape|[from] ability: Snow Warning|[of] p2a: Ninetales
|-fieldstart|move: Grassy Terrain|[from] ability: Grassy Surge|[of] p2b: Rillaboom
|turn|1
|
|t:|1756377482
|move|p1a: Dragonite|Protect|p1a: Dragonite
|-singleturn|p1a: Dragonite|Protect
|move|p1b: Sneasler|Fake Out|p2a: Ninetales
|-damage|p2a: Ninetales|87/100
|cant|p2a: Ninetales|flinch
|move|p2b: Rillaboom|High Horsepower|p1b: Sneasler
|-supereffective|p1b: Sneasler
|-crit|p1b: Sneasler
|-enditem|p1b: Sneasler|Focus Sash
|-damage|p1b: Sneasler|1/100
|
|-weather|Snowscape|[upkeep]
|-heal|p1b: Sneasler|7/100|[from] Grassy Terrain
|-heal|p2a: Ninetales|93/100|[from] Grassy Terrain
|upkeep
|turn|2
|
|t:|1756377502
|-terastallize|p1a: Dragonite|Steel
|move|p1a: Dragonite|Extreme Speed|p2a: Ninetales
|-damage|p2a: Ninetales|65/100
|move|p1b: Sneasler|Dire Claw|p2a: Ninetales
|-supereffective|p2a: Ninetales
|-damage|p2a: Ninetales|0 fnt
|faint|p2a: Ninetales
|move|p2b: Rillaboom|High Horsepower|p1a: Dragonite|[miss]
|-miss|p2b: Rillaboom|p1a: Dragonite
|
|-weather|Snowscape|[upkeep]
|-heal|p1b: Sneasler|13/100|[from] Grassy Terrain
|upkeep
|
|t:|1756377511
|switch|p2a: Magmar|Magmar, L50, F, shiny|100/100
|turn|3
|
|t:|1756377525
|move|p2b: Rillaboom|Grassy Glide|p1b: Sneasler
|-resisted|p1b: Sneasler
|-damage|p1b: Sneasler|0 fnt
|faint|p1b: Sneasler
|move|p1a: Dragonite|Scale Shot|p2b: Rillaboom
|-damage|p2b: Rillaboom|87/100
|-crit|p2b: Rillaboom
|-damage|p2b: Rillaboom|64/100
|-damage|p2b: Rillaboom|50/100
|-damage|p2b: Rillaboom|36/100
|-hitcount|p2b: Rillaboom|4
|-unboost|p1a: Dragonite|def|1
|-boost|p1a: Dragonite|spe|1
|move|p2a: Magmar|Flamethrower|p1a: Dragonite
|-supereffective|p1a: Dragonite
|-damage|p1a: Dragonite|69/100
|
|-weather|Snowscape|[upkeep]
|-heal|p1a: Dragonite|75/100|[from] Grassy Terrain
|-heal|p2b: Rillaboom|42/100|[from] Grassy Terrain
|upkeep
|
|t:|1756377534
|switch|p1b: Magmar|Magmar, L50, F|100/100
|turn|4
|inactive|PidoveQ has 30 seconds left.
|
|t:|1756377565
|-terastallize|p2a: Magmar|Fairy
|move|p1a: Dragonite|Scale Shot|p2a: Magmar
|-immune|p2a: Magmar
|move|p2b: Rillaboom|High Horsepower|p1a: Dragonite
|-supereffective|p1a: Dragonite
|-damage|p1a: Dragonite|0 fnt
|faint|p1a: Dragonite
|move|p1b: Magmar|Overheat|p2b: Rillaboom
|-supereffective|p2b: Rillaboom
|-damage|p2b: Rillaboom|0 fnt
|-unboost|p1b: Magmar|spa|2
|faint|p2b: Rillaboom
|move|p2a: Magmar|Taunt|p1b: Magmar
|-start|p1b: Magmar|move: Taunt
|
|-weather|Snowscape|[upkeep]
|upkeep
|
|t:|1756377572
|switch|p1a: Kingambit|Kingambit, L50, M|100/100
|switch|p2b: Sneasler|Sneasler, L50, M, shiny|100/100
|turn|5
|
|t:|1756377583
|move|p2a: Magmar|Follow Me|p2a: Magmar
|-singleturn|p2a: Magmar|move: Follow Me
|move|p1a: Kingambit|Sucker Punch||[still]
|-fail|p1a: Kingambit
|move|p2b: Sneasler|Close Combat|p1a: Kingambit
|-supereffective|p1a: Kingambit
|-damage|p1a: Kingambit|0 fnt
|-unboost|p2b: Sneasler|def|1
|-unboost|p2b: Sneasler|spd|1
|faint|p1a: Kingambit
|move|p1b: Magmar|Overheat|p2a: Magmar
|-damage|p2a: Magmar|82/100
|-unboost|p1b: Magmar|spa|2
|
|-weather|none
|-heal|p2a: Magmar|88/100|[from] Grassy Terrain
|-fieldend|move: Grassy Terrain
|upkeep
|turn|6
|-message|Frakub forfeited.
|
|win|PidoveQ
|raw|Frakub's rating: 1234 → 1217(-17 for losing)
|raw|PidoveQ's rating: 1351 → 1365(+14 for winning)
|c|☆Frakub|gg
|c|☆PidoveQ|gg
|l|☆PidoveQ
|player|p2|
