|j|тШЖJoltSmash
|j|тШЖguxueprimalblade
|html|JoltSmashguxueprimalblade    
|uhtml|bestof|Game 2 of a best-of-3
|t:|1784925109
|gametype|doubles
|player|p1|JoltSmash|harlequin|
|player|p2|guxueprimalblade|skullgrunt|
|gen|9
|tier|[Gen 9 Champions] VGC 2026 Reg M-B (Bo3)
|rule|Species Clause: Limit one of each Pok├йmon
|rule|Item Clause: Limit 1 of each item
|clearpoke
|poke|p1|Falinks, L50|
|poke|p1|Audino, L50, F|
|poke|p1|Maushold-Four, L50, shiny|
|poke|p1|Scrafty, L50, F, shiny|
|poke|p1|Archaludon, L50, F|
|poke|p1|Staraptor, L50, F|
|poke|p2|Lucario, L50, F|
|poke|p2|Chesnaught, L50, F|
|poke|p2|Kingambit, L50, M|
|poke|p2|Whimsicott, L50, M|
|poke|p2|Reuniclus, L50, F|
|poke|p2|Basculegion, L50, M|
|teampreview|4
|showteam|p1|Falinks||Falinksite|Defiant|NoRetreat,Protect,RockSlide,HighHorsepower|Adamant|||||50|]Audino||ChoiceScarf|Healer|SimpleBeam,HealPulse,AfterYou,Encore|Timid||F|||50|]Maushold-Four||WideLens|Technician|PopulationBomb,FollowMe,Protect,TidyUp|Jolly|||||50|]Scrafty||Scraftinite|Intimidate|FakeOut,Coaching,KnockOff,DrainPunch|Careful||F|||50|]Archaludon||SitrusBerry|Stamina|ElectroShot,DragonPulse,FlashCannon,AuraSphere|Modest||F|||50|]Staraptor||FocusSash|Intimidate|Tailwind,Uturn,RainDance,GigaImpact|Jolly||F|||50|
|showteam|p2|Lucario||Lucarionite|Justified|CloseCombat,MeteorMash,Detect,BulletPunch|Jolly||F|||50|]Chesnaught||Chesnaughtite|Bulletproof|DrainPunch,BellyDrum,RockSlide,SpikyShield|Relaxed||F|||50|]Kingambit||BlackGlasses|Defiant|KowtowCleave,SuckerPunch,IronHead,Protect|Brave||M|||50|]Whimsicott||FocusSash|Prankster|Tailwind,Moonblast,Encore,BeatUp|Bold||M|||50|]Reuniclus||LifeOrb|MagicGuard|Psychic,TrickRoom,FlashCannon,Protect|Quiet||F|||50|]Basculegion||ChoiceScarf|Adaptability|AquaJet,FlipTurn,LastRespects,WaveCrash|Jolly||M|||50|
|inactive|Battle timer is ON: inactive players will automatically lose when time's up. (requested by guxueprimalblade)
|j| hakoryu
|j| HEROBREIN9
|j| Someoneofficial
|inactive|JoltSmash has 60 seconds left.
|
|t:|1784925162
|teamsize|p1|4
|teamsize|p2|4
|start
|switch|p1a: Maushold-Six-Seven|Maushold-Four, L50, shiny|100/100
|switch|p1b: Dumb idiot|Scrafty, L50, F, shiny|100/100
|switch|p2a: ЁЯСАЁЯСАЁЯСАЁЯСА|Chesnaught, L50, F|100/100
|switch|p2b: ЁЯССHEROBREIN9 ЁЯСС|Reuniclus, L50, F|100/100
|-ability|p1b: Dumb idiot|Intimidate|boost
|-unboost|p2a: ЁЯСАЁЯСАЁЯСАЁЯСА|atk|1
|-unboost|p2b: ЁЯССHEROBREIN9 ЁЯСС|atk|1
|turn|1
|
|t:|1784925183
|detailschange|p1b: Dumb idiot|Scrafty-Mega, L50, F, shiny
|-mega|p1b: Dumb idiot|Scrafty|Scraftinite
|-ability|p1b: Dumb idiot|Intimidate|boost
|-unboost|p2a: ЁЯСАЁЯСАЁЯСАЁЯСА|atk|1
|-unboost|p2b: ЁЯССHEROBREIN9 ЁЯСС|atk|1
|detailschange|p2a: ЁЯСАЁЯСАЁЯСАЁЯСА|Chesnaught-Mega, L50, F
|-mega|p2a: ЁЯСАЁЯСАЁЯСАЁЯСА|Chesnaught|Chesnaughtite
|move|p2b: ЁЯССHEROBREIN9 ЁЯСС|Protect|p2b: ЁЯССHEROBREIN9 ЁЯСС
|-singleturn|p2b: ЁЯССHEROBREIN9 ЁЯСС|Protect
|move|p1b: Dumb idiot|Fake Out|p2a: ЁЯСАЁЯСАЁЯСАЁЯСА
|-damage|p2a: ЁЯСАЁЯСАЁЯСАЁЯСА|94/100
|move|p1a: Maushold-Six-Seven|Population Bomb|p2b: ЁЯССHEROBREIN9 ЁЯСС
|-activate|p2b: ЁЯССHEROBREIN9 ЁЯСС|move: Protect
|cant|p2a: ЁЯСАЁЯСАЁЯСАЁЯСА|flinch
|
|upkeep
|turn|2
|c| HEROBREIN9|yo thats me
|c| HEROBREIN9|wtfd
|inactive|guxueprimalblade has 30 seconds left.
|c|тШЖJoltSmash|pizza tower
|inactive|guxueprimalblade has 20 seconds left.
|inactive|guxueprimalblade has 15 seconds left.
|
|t:|1784925228
|switch|p2b: krineas ЁЯШБЁЯШБЁЯШБ|Kingambit, L50, M|100/100
|move|p1a: Maushold-Six-Seven|Population Bomb|p2b: krineas ЁЯШБЁЯШБЁЯШБ
|-resisted|p2b: krineas ЁЯШБЁЯШБЁЯШБ|1
|-damage|p2b: krineas ЁЯШБЁЯШБЁЯШБ|97/100
|-resisted|p2b: krineas ЁЯШБЁЯШБЁЯШБ|1
|-damage|p2b: krineas ЁЯШБЁЯШБЁЯШБ|94/100
|-hitcount|p2b: krineas ЁЯШБЁЯШБЁЯШБ|2
|move|p1b: Dumb idiot|Coaching|p1a: Maushold-Six-Seven
|-boost|p1a: Maushold-Six-Seven|atk|1
|-boost|p1a: Maushold-Six-Seven|def|1
|move|p2a: ЁЯСАЁЯСАЁЯСАЁЯСА|Belly Drum|p2a: ЁЯСАЁЯСАЁЯСАЁЯСА
|-damage|p2a: ЁЯСАЁЯСАЁЯСАЁЯСА|45/100
|-setboost|p2a: ЁЯСАЁЯСАЁЯСАЁЯСА|atk|6|[from] move: Belly Drum
|
|upkeep
|turn|3
|c|тШЖguxueprimalblade|run my fades
|c|тШЖguxueprimalblade|friendly fades
|c|тШЖJoltSmash|pizza tower piza
|c|тШЖJoltSmash|wario
|inactive|guxueprimalblade has 30 seconds left.
|inactive|guxueprimalblade has 20 seconds left.
|
|t:|1784925265
|move|p2a: ЁЯСАЁЯСАЁЯСАЁЯСА|Spiky Shield|p2a: ЁЯСАЁЯСАЁЯСАЁЯСА
|-singleturn|p2a: ЁЯСАЁЯСАЁЯСАЁЯСА|move: Protect
|move|p1a: Maushold-Six-Seven|Population Bomb|p2a: ЁЯСАЁЯСАЁЯСАЁЯСА
|-activate|p2a: ЁЯСАЁЯСАЁЯСАЁЯСА|move: Protect
|-damage|p1a: Maushold-Six-Seven|87/100|[from] Spiky Shield|[of] p2a: ЁЯСАЁЯСАЁЯСАЁЯСА
|move|p1b: Dumb idiot|Drain Punch|p2b: krineas ЁЯШБЁЯШБЁЯШБ
|-supereffective|p2b: krineas ЁЯШБЁЯШБЁЯШБ|2
|-damage|p2b: krineas ЁЯШБЁЯШБЁЯШБ|0 fnt
|faint|p2b: krineas ЁЯШБЁЯШБЁЯШБ
|
|upkeep
|
|t:|1784925279
|switch|p2b: ferbsei ЁЯРЯЁЯРЯЁЯРЯ|Basculegion, L50, M|100/100
|turn|4
|c|тШЖJoltSmash|piza tower
|c|тШЖJoltSmash|pepino
|inactive|guxueprimalblade has 30 seconds left.
|inactive|guxueprimalblade has 20 seconds left.
|c|тШЖJoltSmash|pizaz peppino piza towers
|inactive|guxueprimalblade has 15 seconds left.
|c| hakoryu|its over for u lowk
|inactive|guxueprimalblade has 10 seconds left.
|
|t:|1784925327
|move|p2a: ЁЯСАЁЯСАЁЯСАЁЯСА|Spiky Shield||[still]
|-fail|p2a: ЁЯСАЁЯСАЁЯСАЁЯСА
|move|p2b: ferbsei ЁЯРЯЁЯРЯЁЯРЯ|Flip Turn|p1a: Maushold-Six-Seven
|-damage|p1a: Maushold-Six-Seven|50/100g
|
|t:|1784925332
|switch|p2b: ЁЯССHEROBREIN9 ЁЯСС|Reuniclus, L50, F|100/100|[from] Flip Turn
|move|p1a: Maushold-Six-Seven|Population Bomb|p2a: ЁЯСАЁЯСАЁЯСАЁЯСА
|-damage|p2a: ЁЯСАЁЯСАЁЯСАЁЯСА|38/100
|-damage|p2a: ЁЯСАЁЯСАЁЯСАЁЯСА|32/100
|-damage|p2a: ЁЯСАЁЯСАЁЯСАЁЯСА|27/100
|-damage|p2a: ЁЯСАЁЯСАЁЯСАЁЯСА|21/100
|-crit|p2a: ЁЯСАЁЯСАЁЯСАЁЯСА
|-damage|p2a: ЁЯСАЁЯСАЁЯСАЁЯСА|12/100
|-damage|p2a: ЁЯСАЁЯСАЁЯСАЁЯСА|6/100
|-damage|p2a: ЁЯСАЁЯСАЁЯСАЁЯСА|0 fnt
|faint|p2a: ЁЯСАЁЯСАЁЯСАЁЯСА
|-hitcount|p2: ЁЯСАЁЯСАЁЯСАЁЯСА|7
|move|p1b: Dumb idiot|Knock Off|p2b: ЁЯССHEROBREIN9 ЁЯСС
|-supereffective|p2b: ЁЯССHEROBREIN9 ЁЯСС|1
|-damage|p2b: ЁЯССHEROBREIN9 ЁЯСС|16/100
|-enditem|p2b: ЁЯССHEROBREIN9 ЁЯСС|Life Orb|[from] move: Knock Off|[of] p1b: Dumb idiot
|
|upkeep
|
|t:|1784925338
|switch|p2a: ferbsei ЁЯРЯЁЯРЯЁЯРЯ|Basculegion, L50, M|100/100
|turn|5
|
|t:|1784925359
|move|p2b: ЁЯССHEROBREIN9 ЁЯСС|Protect|p2b: ЁЯССHEROBREIN9 ЁЯСС
|-singleturn|p2b: ЁЯССHEROBREIN9 ЁЯСС|Protect
|move|p2a: ferbsei ЁЯРЯЁЯРЯЁЯРЯ|Wave Crash|p1a: Maushold-Six-Seven
|-damage|p1a: Maushold-Six-Seven|0 fnt
|faint|p1a: Maushold-Six-Seven
|-damage|p2a: ferbsei ЁЯРЯЁЯРЯЁЯРЯ|84/100|[from] Recoil
|move|p1b: Dumb idiot|Knock Off|p2a: ferbsei ЁЯРЯЁЯРЯЁЯРЯ
|-supereffective|p2a: ferbsei ЁЯРЯЁЯРЯЁЯРЯ|1
|-damage|p2a: ferbsei ЁЯРЯЁЯРЯЁЯРЯ|0 fnt
|-enditem|p2a: ferbsei ЁЯРЯЁЯРЯЁЯРЯ|Choice Scarf|[from] move: Knock Off|[of] p1b: Dumb idiot
|faint|p2a: ferbsei ЁЯРЯЁЯРЯЁЯРЯ
|
|upkeep
|c|тШЖJoltSmash|ogrepon
|
|t:|1784925370
|switch|p1a: why|Staraptor, L50, F|100/100
|-ability|p1a: why|Intimidate|boost
|-unboost|p2b: ЁЯССHEROBREIN9 ЁЯСС|atk|1
|turn|6
|
|t:|1784925377
|move|p1a: why|Giga Impact|p2b: ЁЯССHEROBREIN9 ЁЯСС|[miss]
|-miss|p1a: why|p2b: ЁЯССHEROBREIN9 ЁЯСС
|move|p1b: Dumb idiot|Knock Off|p2b: ЁЯССHEROBREIN9 ЁЯСС
|-supereffective|p2b: ЁЯССHEROBREIN9 ЁЯСС|1
|-damage|p2b: ЁЯССHEROBREIN9 ЁЯСС|0 fnt
|faint|p2b: ЁЯССHEROBREIN9 ЁЯСС
|
|win|JoltSmash
|c| hakoryu|both ur teams lowkey touchable asf
|c| HEROBREIN9|^ ban this guy
|l|тШЖguxueprimalblade
|player|p2|
|c|тШЖJoltSmash|ggwasop
|c|тШЖJoltSmash|pappino pizza gowr
|l| HEROBREIN9
