|j|☆Inkerious
|j|☆Plopy14
|html|InkeriousPlopy14    
|uhtml|bestof|Game 1 of a best-of-3
|t:|1785977864
|gametype|doubles
|player|p1|Inkerious|102|1143
|player|p2|Plopy14|bugcatcher|1246
|gen|9
|tier|[Gen 9 Champions] VGC 2026 Reg M-B (Bo3)
|rated|
|rule|Species Clause: Limit one of each Pokémon
|rule|Item Clause: Limit 1 of each item
|clearpoke
|poke|p1|Gholdengo, L50|
|poke|p1|Tyranitar, L50, F|
|poke|p1|Excadrill, L50, M|
|poke|p1|Milotic, L50, F|
|poke|p1|Staraptor, L50, M|
|poke|p1|Sinistcha, L50|
|poke|p2|Floette-Eternal, L50, F|
|poke|p2|Incineroar, L50, F|
|poke|p2|Sneasler, L50, F|
|poke|p2|Kingambit, L50, F|
|poke|p2|Sinistcha, L50|
|poke|p2|Delphox, L50, M|
|teampreview|4
|showteam|p1|Gholdengo||LifeOrb|GoodasGold|MakeItRain,ShadowBall,NastyPlot,Protect|Modest|||||50|]Tyranitar||Tyranitarite|SandStream|RockSlide,KnockOff,HighHorsepower,Protect|Jolly||F|||50|]Excadrill||FocusSash|SandRush|IronHead,HighHorsepower,RockSlide,Protect|Jolly||M|||50|]Milotic||SitrusBerry|Competitive|Scald,IcyWind,Haze,Protect|Calm||F|||50|]Staraptor||Staraptite|Intimidate|CloseCombat,BraveBird,Tailwind,Protect|Jolly||M|||50|]Sinistcha||ColburBerry|Hospitality|MatchaGotcha,ShadowBall,RagePowder,Protect|Bold|||||50|
|showteam|p2|Floette-Eternal||Floettite|FlowerVeil|DazzlingGleam,Moonblast,CalmMind,Protect|Modest||F|||50|]Incineroar||SitrusBerry|Intimidate|FakeOut,FlareBlitz,HelpingHand,PartingShot|Careful||F|||50|]Sneasler||FocusSash|PoisonTouch|FakeOut,PoisonJab,CloseCombat,QuickGuard|Jolly||F|||50|]Kingambit||BlackGlasses|Defiant|KowtowCleave,SuckerPunch,SwordsDance,Protect|Adamant||F|||50|]Sinistcha||OccaBerry|Hospitality|MatchaGotcha,RagePowder,TrickRoom,Protect|Bold|||||50|]Delphox||Delphoxite|Blaze|HeatWave,Psyshock,NastyPlot,Protect|Timid||M|||50|
|inactive|Battle timer is ON: inactive players will automatically lose when time's up. (requested by Inkerious)
|inactive|Inkerious has 60 seconds left.
|inactive|Plopy14 has 60 seconds left.
|inactive|Inkerious has 30 seconds left.
|j| dman12352
|inactive|Inkerious has 20 seconds left.
|inactive|Inkerious has 15 seconds left.
|
|t:|1785977943
|teamsize|p1|4
|teamsize|p2|4
|start
|switch|p1a: Milotic|Milotic, L50, F|100/100
|switch|p1b: Tyranitar|Tyranitar, L50, F|100/100
|switch|p2a: Delphox|Delphox, L50, M|100/100
|switch|p2b: Sneasler|Sneasler, L50, F|100/100
|-weather|Sandstorm|[from] ability: Sand Stream|[of] p1b: Tyranitar
|turn|1
|
|t:|1785977963
|switch|p1b: Gholdengo|Gholdengo, L50|100/100
|detailschange|p2a: Delphox|Delphox-Mega, L50, M
|-mega|p2a: Delphox|Delphox|Delphoxite
|move|p2b: Sneasler|Fake Out|p1a: Milotic
|-damage|p1a: Milotic|86/100
|-status|p1a: Milotic|psn|[from] ability: Poison Touch|[of] p2b: Sneasler
|move|p2a: Delphox|Nasty Plot|p2a: Delphox
|-boost|p2a: Delphox|spa|2
|cant|p1a: Milotic|flinch
|
|-weather|Sandstorm|[upkeep]
|-damage|p2a: Delphox|94/100|[from] Sandstorm
|-damage|p2b: Sneasler|94/100|[from] Sandstorm
|-damage|p1a: Milotic|81/100 psn|[from] Sandstorm
|-damage|p1a: Milotic|68/100 psn|[from] psn
|upkeep
|turn|2
|
|t:|1785977984
|move|p1b: Gholdengo|Protect|p1b: Gholdengo
|-singleturn|p1b: Gholdengo|Protect
|move|p2a: Delphox|Heat Wave|p1a: Milotic|[spread] p1a
|-activate|p1b: Gholdengo|move: Protect
|-resisted|p1a: Milotic|1
|-damage|p1a: Milotic|42/100 psn
|-enditem|p1a: Milotic|Sitrus Berry|[eat]
|-heal|p1a: Milotic|66/100 psn|[from] item: Sitrus Berry
|move|p2b: Sneasler|Close Combat|p1a: Milotic
|-damage|p1a: Milotic|11/100 psn
|-unboost|p2b: Sneasler|def|1
|-unboost|p2b: Sneasler|spd|1
|move|p1a: Milotic|Scald|p2a: Delphox
|-supereffective|p2a: Delphox|1
|-damage|p2a: Delphox|45/100
|
|-weather|Sandstorm|[upkeep]
|-damage|p2a: Delphox|39/100|[from] Sandstorm
|-damage|p2b: Sneasler|88/100|[from] Sandstorm
|-damage|p1a: Milotic|5/100 psn|[from] Sandstorm
|-damage|p1a: Milotic|0 fnt|[from] psn
|faint|p1a: Milotic
|upkeep
|
|t:|1785978002
|switch|p1a: Excadrill|Excadrill, L50, M|100/100
|turn|3
|
|t:|1785978012
|switch|p2b: Incineroar|Incineroar, L50, F|100/100
|-ability|p2b: Incineroar|Intimidate|boost
|-unboost|p1a: Excadrill|atk|1
|-unboost|p1b: Gholdengo|atk|1
|move|p2a: Delphox|Protect|p2a: Delphox
|-singleturn|p2a: Delphox|Protect
|move|p1a: Excadrill|Rock Slide|p2b: Incineroar|[spread] p2b
|-activate|p2a: Delphox|move: Protect
|-supereffective|p2b: Incineroar|1
|-damage|p2b: Incineroar|72/100
|move|p1b: Gholdengo|Shadow Ball|p2a: Delphox
|-activate|p2a: Delphox|move: Protect
|
|-weather|Sandstorm|[upkeep]
|-damage|p2a: Delphox|34/100|[from] Sandstorm
|-damage|p2b: Incineroar|66/100|[from] Sandstorm
|upkeep
|turn|4
|
|t:|1785978037
|move|p1a: Excadrill|Protect|p1a: Excadrill
|-singleturn|p1a: Excadrill|Protect
|move|p1b: Gholdengo|Protect|p1b: Gholdengo
|-singleturn|p1b: Gholdengo|Protect
|move|p2b: Incineroar|Fake Out|p1a: Excadrill
|-activate|p1a: Excadrill|move: Protect
|move|p2a: Delphox|Heat Wave|p1a: Excadrill|[spread] 
|-activate|p1a: Excadrill|move: Protect
|-activate|p1b: Gholdengo|move: Protect
|
|-weather|Sandstorm|[upkeep]
|-damage|p2a: Delphox|28/100|[from] Sandstorm
|-damage|p2b: Incineroar|60/100|[from] Sandstorm
|upkeep
|turn|5
|inactive|Inkerious has 30 seconds left.
|inactive|Plopy14 has 30 seconds left.
|
|t:|1785978065
|move|p2a: Delphox|Protect|p2a: Delphox
|-singleturn|p2a: Delphox|Protect
|move|p1a: Excadrill|Rock Slide|p2a: Delphox|[spread] p2b
|-activate|p2a: Delphox|move: Protect
|-supereffective|p2b: Incineroar|1
|-damage|p2b: Incineroar|32/100
|-enditem|p2b: Incineroar|Sitrus Berry|[eat]
|-heal|p2b: Incineroar|57/100|[from] item: Sitrus Berry
|move|p1b: Gholdengo|Shadow Ball|p2a: Delphox
|-activate|p2a: Delphox|move: Protect
|move|p2b: Incineroar|Parting Shot|p1a: Excadrill
|-unboost|p1a: Excadrill|atk|1
|-unboost|p1a: Excadrill|spa|1
|
|t:|1785978075
|switch|p2b: Sinistcha|Sinistcha, L50|100/100|[from] Parting Shot
|-heal|p2a: Delphox|53/100|[from] ability: Hospitality|[of] p2b: Sinistcha
|
|-weather|none
|upkeep
|turn|6
|inactive|Inkerious has 30 seconds left.
|
|t:|1785978110
|switch|p1a: Tyranitar|Tyranitar, L50, F|100/100
|-weather|Sandstorm|[from] ability: Sand Stream|[of] p1a: Tyranitar
|switch|p2b: Sneasler|Sneasler, L50, F|88/100
|move|p2a: Delphox|Heat Wave|p1b: Gholdengo|[spread] p1a,p1b
|-resisted|p1a: Tyranitar|1
|-supereffective|p1b: Gholdengo|1
|-damage|p1a: Tyranitar|77/100
|-damage|p1b: Gholdengo|0 fnt
|faint|p1b: Gholdengo
|
|-weather|Sandstorm|[upkeep]
|-damage|p2a: Delphox|47/100|[from] Sandstorm
|-damage|p2b: Sneasler|82/100|[from] Sandstorm
|upkeep
|
|t:|1785978118
|switch|p1b: Excadrill|Excadrill, L50, M|100/100
|turn|7
|
|t:|1785978133
|switch|p2a: Sinistcha|Sinistcha, L50|100/100
|-heal|p2b: Sneasler|100/100|[from] ability: Hospitality|[of] p2a: Sinistcha
|detailschange|p1a: Tyranitar|Tyranitar-Mega, L50, F
|-mega|p1a: Tyranitar|Tyranitar|Tyranitarite
|move|p1a: Tyranitar|Protect|p1a: Tyranitar
|-singleturn|p1a: Tyranitar|Protect
|move|p1b: Excadrill|Rock Slide|p2b: Sneasler|[spread] p2a
|-miss|p1b: Excadrill|p2b: Sneasler
|-damage|p2a: Sinistcha|82/100
|move|p2b: Sneasler|Close Combat|p1a: Tyranitar
|-activate|p1a: Tyranitar|move: Protect
|
|-weather|Sandstorm|[upkeep]
|-damage|p2b: Sneasler|94/100|[from] Sandstorm
|-damage|p2a: Sinistcha|76/100|[from] Sandstorm
|upkeep
|turn|8
|
|t:|1785978150
|move|p2a: Sinistcha|Rage Powder|p2a: Sinistcha
|-singleturn|p2a: Sinistcha|move: Rage Powder
|move|p1b: Excadrill|High Horsepower|p2a: Sinistcha
|-resisted|p2a: Sinistcha|1
|-damage|p2a: Sinistcha|56/100
|move|p2b: Sneasler|Close Combat|p1a: Tyranitar
|-supereffective|p1a: Tyranitar|2
|-damage|p1a: Tyranitar|0 fnt
|-unboost|p2b: Sneasler|def|1
|-unboost|p2b: Sneasler|spd|1
|faint|p1a: Tyranitar
|
|-weather|Sandstorm|[upkeep]
|-damage|p2b: Sneasler|88/100|[from] Sandstorm
|-damage|p2a: Sinistcha|50/100y|[from] Sandstorm
|upkeep
|turn|9
|inactive|Inkerious has 30 seconds left.
|inactive|Inkerious has 20 seconds left.
|inactive|Inkerious has 15 seconds left.
|inactive|Inkerious has 10 seconds left.
|inactive|Inkerious has 5 seconds left.
|
|t:|1785978204
|switch|p2b: Delphox|Delphox-Mega, L50, M|47/100
|switch|p2a: Incineroar|Incineroar, L50, F|57/100
|-ability|p2a: Incineroar|Intimidate|boost
|-unboost|p1b: Excadrill|atk|1
|move|p1b: Excadrill|Iron Head|p2a: Incineroar
|-resisted|p2a: Incineroar|1
|-damage|p2a: Incineroar|42/100
|
|-weather|Sandstorm|[upkeep]
|-damage|p2b: Delphox|41/100|[from] Sandstorm
|-damage|p2a: Incineroar|36/100|[from] Sandstorm
|upkeep
|turn|10
|inactive|Inkerious has 30 seconds left.
|
|t:|1785978238
|move|p2a: Incineroar|Fake Out|p1b: Excadrill
|-resisted|p1b: Excadrill|1
|-damage|p1b: Excadrill|91/100
|cant|p1b: Excadrill|flinch
|move|p2b: Delphox|Heat Wave|p1b: Excadrill
|-supereffective|p1b: Excadrill|1
|-damage|p1b: Excadrill|0 fnt
|faint|p1b: Excadrill
|
|win|Plopy14
