|j|☆Olciax34
|j|☆sacrybeppe
|html|Olciax34sacrybeppe    
|uhtml|bestof|Game 3 of a best-of-3
|t:|1783631760
|gametype|doubles
|player|p1|Olciax34|clair|1215
|player|p2|sacrybeppe|clown|1262
|gen|9
|tier|[Gen 9 Champions] VGC 2026 Reg M-B (Bo3)
|rated|
|rule|Species Clause: Limit one of each Pokémon
|rule|Item Clause: Limit 1 of each item
|clearpoke
|poke|p1|Ceruledge, L50, M|
|poke|p1|Milotic, L50, F|
|poke|p1|Sinistcha, L50|
|poke|p1|Raichu, L50, M|
|poke|p1|Incineroar, L50, M|
|poke|p1|Floette-Eternal, L50, F|
|poke|p2|Ceruledge, L50, M|
|poke|p2|Floette-Eternal, L50, F|
|poke|p2|Kingambit, L50, M|
|poke|p2|Garchomp, L50, M|
|poke|p2|Whimsicott, L50, F|
|poke|p2|Grimmsnarl, L50, M|
|teampreview|4
|showteam|p1|Ceruledge||ColburBerry|FlashFire|ShadowSneak,BitterBlade,BulkUp,Protect|Adamant||M|||50|]Milotic||Leftovers|Competitive|MuddyWater,Coil,Hypnosis,Protect|Bold||F|||50|]Sinistcha||KasibBerry|Hospitality|MatchaGotcha,LifeDew,RagePowder,StrengthSap|Calm|||||50|]Raichu||RaichuniteY|LightningRod|FakeOut,ZapCannon,FocusBlast,Protect|Modest||M|||50|]Incineroar||SitrusBerry|Intimidate|FakeOut,ThroatChop,FlareBlitz,PartingShot|Careful||M|||50|]Floette-Eternal||Floettite|FlowerVeil|DazzlingGleam,DrainingKiss,Moonblast,Protect|Modest||F|||50|
|showteam|p2|Ceruledge||ColburBerry|FlashFire|BitterBlade,ShadowSneak,BulkUp,Protect|Adamant||M|||50|]Floette-Eternal||Floettite|FlowerVeil|Moonblast,DazzlingGleam,LightofRuin,Protect|Modest||F|||50|]Kingambit||BlackGlasses|Defiant|KowtowCleave,SuckerPunch,IronHead,Protect|Adamant||M|||50|]Garchomp||LifeOrb|RoughSkin|DragonClaw,Earthquake,RockSlide,Protect|Jolly||M|||50|]Whimsicott||FocusSash|Prankster|Moonblast,EnergyBall,Tailwind,Encore|Timid||F|||50|]Grimmsnarl||LightClay|Prankster|LightScreen,Reflect,FoulPlay,PartingShot|Calm||M|||50|
|inactive|Battle timer is ON: inactive players will automatically lose when time's up. (requested by Olciax34)
|
|t:|1783631797
|teamsize|p1|4
|teamsize|p2|4
|start
|switch|p1a: Milotic|Milotic, L50, F|100/100
|switch|p1b: Incineroar|Incineroar, L50, M|100/100
|switch|p2a: Kingambit|Kingambit, L50, M|100/100
|switch|p2b: Grimmsnarl|Grimmsnarl, L50, M|100/100
|-ability|p1b: Incineroar|Intimidate|boost
|-unboost|p2a: Kingambit|atk|1
|-ability|p2a: Kingambit|Defiant|boost
|-boost|p2a: Kingambit|atk|2
|-unboost|p2b: Grimmsnarl|atk|1
|turn|1
|
|t:|1783631812
|switch|p2b: Floette|Floette-Eternal, L50, F|100/100
|move|p2a: Kingambit|Protect|p2a: Kingambit
|-singleturn|p2a: Kingambit|Protect
|move|p1b: Incineroar|Fake Out|p2a: Kingambit
|-activate|p2a: Kingambit|move: Protect
|move|p1a: Milotic|Coil|p1a: Milotic
|-boost|p1a: Milotic|atk|1
|-boost|p1a: Milotic|def|1
|-boost|p1a: Milotic|accuracy|1
|
|upkeep
|turn|2
|
|t:|1783631836
|switch|p1b: Ceruledge|Ceruledge, L50, M|100/100
|detailschange|p2b: Floette|Floette-Mega, L50, F
|-mega|p2b: Floette|Floette|Floettite
|-ability|p2b: Floette|Fairy Aura
|move|p2b: Floette|Dazzling Gleam|p1b: Ceruledge|[spread] p1a,p1b
|-resisted|p1b: Ceruledge|1
|-damage|p1a: Milotic|66/100
|-damage|p1b: Ceruledge|76/100
|move|p1a: Milotic|Hypnosis|p2b: Floette
|-status|p2b: Floette|slp|[from] move: Hypnosis
|move|p2a: Kingambit|Kowtow Cleave|p1a: Milotic
|-damage|p1a: Milotic|20/100y
|
|-heal|p1a: Milotic|26/100|[from] item: Leftovers
|upkeep
|turn|3
|inactive|Olciax34 has 30 seconds left.
|inactive|sacrybeppe has 30 seconds left.
|
|t:|1783631868
|switch|p2b: Grimmsnarl|Grimmsnarl, L50, M|100/100
|move|p1a: Milotic|Protect|p1a: Milotic
|-singleturn|p1a: Milotic|Protect
|move|p2a: Kingambit|Protect|p2a: Kingambit
|-singleturn|p2a: Kingambit|Protect
|move|p1b: Ceruledge|Bulk Up|p1b: Ceruledge
|-boost|p1b: Ceruledge|atk|1
|-boost|p1b: Ceruledge|def|1
|
|-heal|p1a: Milotic|32/100|[from] item: Leftovers
|upkeep
|turn|4
|
|t:|1783631887
|move|p1b: Ceruledge|Bitter Blade|p2a: Kingambit
|-supereffective|p2a: Kingambit|1
|-damage|p2a: Kingambit|0 fnt
|-heal|p1b: Ceruledge|100/100|[from] drain|[of] p2a: Kingambit
|faint|p2a: Kingambit
|move|p1a: Milotic|Muddy Water|p2b: Grimmsnarl
|-damage|p2b: Grimmsnarl|72/100
|move|p2b: Grimmsnarl|Foul Play|p1a: Milotic
|-damage|p1a: Milotic|15/100
|
|-heal|p1a: Milotic|21/100|[from] item: Leftovers
|upkeep
|
|t:|1783631899
|switch|p2a: Garchomp|Garchomp, L50, M|100/100
|turn|5
|
|t:|1783631912
|switch|p1a: Incineroar|Incineroar, L50, M|100/100
|-ability|p1a: Incineroar|Intimidate|boost
|-unboost|p2a: Garchomp|atk|1
|-unboost|p2b: Grimmsnarl|atk|1
|move|p1b: Ceruledge|Protect|p1b: Ceruledge
|-singleturn|p1b: Ceruledge|Protect
|move|p2b: Grimmsnarl|Reflect|p2b: Grimmsnarl
|-sidestart|p2: sacrybeppe|Reflect
|move|p2a: Garchomp|Earthquake|p1a: Incineroar|[spread] p2b,p1a
|-activate|p1b: Ceruledge|move: Protect
|-supereffective|p1a: Incineroar|1
|-damage|p2b: Grimmsnarl|46/100
|-damage|p1a: Incineroar|44/100
|-enditem|p1a: Incineroar|Sitrus Berry|[eat]
|-heal|p1a: Incineroar|69/100|[from] item: Sitrus Berry
|-damage|p2a: Garchomp|90/100|[from] item: Life Orb
|
|upkeep
|turn|6
|
|t:|1783631929
|switch|p2a: Floette|Floette-Mega, L50, F|100/100 slp
|-ability|p2a: Floette|Fairy Aura
|move|p1a: Incineroar|Fake Out|p2a: Floette
|-damage|p2a: Floette|90/100 slp
|move|p1b: Ceruledge|Bulk Up|p1b: Ceruledge
|-boost|p1b: Ceruledge|atk|1
|-boost|p1b: Ceruledge|def|1
|move|p2b: Grimmsnarl|Foul Play|p1b: Ceruledge
|-supereffective|p1b: Ceruledge|1
|-enditem|p1b: Ceruledge|Colbur Berry|[eat]
|-enditem|p1b: Ceruledge|Colbur Berry|[weaken]
|-damage|p1b: Ceruledge|40/100
|
|upkeep
|turn|7
|inactive|Olciax34 has 30 seconds left.
|
|t:|1783631957
|move|p1b: Ceruledge|Protect|p1b: Ceruledge
|-singleturn|p1b: Ceruledge|Protect
|cant|p2a: Floette|slp
|move|p2b: Grimmsnarl|Foul Play|p1b: Ceruledge
|-activate|p1b: Ceruledge|move: Protect
|move|p1a: Incineroar|Parting Shot|p2a: Floette
|-unboost|p2a: Floette|atk|1
|-unboost|p2a: Floette|spa|1
|
|t:|1783631966
|switch|p1a: Raichu|Raichu, L50, M|100/100|[from] Parting Shot
|
|upkeep
|turn|8
|
|t:|1783631972
|detailschange|p1a: Raichu|Raichu-Mega-Y, L50, M
|-mega|p1a: Raichu|Raichu|Raichunite Y
|move|p1a: Raichu|Fake Out|p2a: Floette
|-damage|p2a: Floette|83/100 slp
|cant|p2a: Floette|slp
|move|p1b: Ceruledge|Bitter Blade|p2b: Grimmsnarl
|-damage|p2b: Grimmsnarl|0 fnt
|-heal|p1b: Ceruledge|65/100|[from] drain|[of] p2b: Grimmsnarl
|faint|p2b: Grimmsnarl
|
|upkeep
|
|t:|1783631978
|switch|p2b: Garchomp|Garchomp, L50, M|90/100
|turn|9
|
|t:|1783631987
|switch|p1a: Incineroar|Incineroar, L50, M|69/100
|-ability|p1a: Incineroar|Intimidate|boost
|-unboost|p2a: Floette|atk|1
|-unboost|p2b: Garchomp|atk|1
|-curestatus|p2a: Floette|slp|[msg]
|move|p2a: Floette|Protect|p2a: Floette
|-singleturn|p2a: Floette|Protect
|move|p1b: Ceruledge|Protect|p1b: Ceruledge
|-singleturn|p1b: Ceruledge|Protect
|move|p2b: Garchomp|Earthquake|p1b: Ceruledge|[spread] p1a
|-activate|p2a: Floette|move: Protect
|-activate|p1b: Ceruledge|move: Protect
|-supereffective|p1a: Incineroar|1
|-crit|p1a: Incineroar
|-damage|p1a: Incineroar|0 fnt
|faint|p1a: Incineroar
|-damage|p2b: Garchomp|80/100|[from] item: Life Orb
|
|upkeep
|
|t:|1783632007
|switch|p1a: Raichu|Raichu-Mega-Y, L50, M|100/100
|turn|10
|
|t:|1783632012
|move|p2b: Garchomp|Protect|p2b: Garchomp
|-singleturn|p2b: Garchomp|Protect
|move|p1a: Raichu|Zap Cannon|p2a: Floette
|-damage|p2a: Floette|20/100r
|-status|p2a: Floette|par
|move|p1b: Ceruledge|Bitter Blade|p2a: Floette
|-damage|p2a: Floette|0 fnt
|-heal|p1b: Ceruledge|75/100|[from] drain|[of] p2a: Floette
|faint|p2a: Floette
|
|upkeep
|turn|11
|-message|sacrybeppe forfeited.
|
|win|Olciax34
|raw|Olciax34's rating: 1215 → 1243(+28 for winning)
|raw|sacrybeppe's rating: 1262 → 1234(-28 for losing)
|l|☆sacrybeppe
|player|p2|
