|j|☆vglabmty
|j|☆jorgewashington09
|html|vglabmtyjorgewashington09    
|uhtml|bestof|Game 1 of a best-of-3
|t:|1785513080
|gametype|doubles
|player|p1|vglabmty|265|1193
|player|p2|jorgewashington09|101|1055
|gen|9
|tier|[Gen 9 Champions] VGC 2026 Reg M-B (Bo3)
|rated|
|rule|Species Clause: Limit one of each Pokémon
|rule|Item Clause: Limit 1 of each item
|clearpoke
|poke|p1|Pelipper, L50, M|
|poke|p1|Toxicroak, L50, M|
|poke|p1|Archaludon, L50, F|
|poke|p1|Meganium, L50, F|
|poke|p1|Swampert, L50, M|
|poke|p1|Basculegion, L50, M|
|poke|p2|Froslass, L50, F|
|poke|p2|Sneasler, L50, M|
|poke|p2|Kingambit, L50, F|
|poke|p2|Basculegion, L50, M|
|poke|p2|Scovillain, L50, M|
|poke|p2|Lycanroc-Dusk, L50, M|
|teampreview|4
|showteam|p1|Pelipper||SitrusBerry|Drizzle|WideGuard,Hurricane,WeatherBall,Tailwind|Calm||M|||50|]Toxicroak||LifeOrb|DrySkin|FakeOut,Protect,CloseCombat,PoisonJab|Jolly||M|||50|]Archaludon||Leftovers|Stamina|Protect,DragonPulse,FlashCannon,ElectroShot|Calm||F|||50|]Meganium||Meganiumite|Overgrow|Protect,DazzlingGleam,WeatherBall,GigaDrain|Timid||F|||50|]Swampert||Swampertite|Torrent|Protect,WaveCrash,Earthquake,IcePunch|Adamant||M|||50|]Basculegion||ChoiceScarf|Adaptability|FlipTurn,WaveCrash,LastRespects,AquaJet|Jolly||M|||50|
|showteam|p2|Froslass||Froslassite|CursedBody|Protect,Blizzard,AuroraVeil,ShadowBall|Modest||F|||50|]Sneasler||WhiteHerb|Unburden|Protect,CloseCombat,FakeOut,GunkShot|Adamant||M|||50|]Kingambit||BlackGlasses|Defiant|Protect,KowtowCleave,SwordsDance,SuckerPunch|Adamant||F|||50|]Basculegion||SitrusBerry|Adaptability|Protect,WaveCrash,LastRespects,AquaJet|Adamant||M|||50|]Scovillain||Scovillainite|Moody|Protect,GigaDrain,Overheat,RagePowder|Bold||M|||50|]Lycanroc-Dusk||FocusSash|ToughClaws|Protect,Accelerock,RockSlide,CloseCombat|Adamant||M|||50|
|
|t:|1785513143
|teamsize|p1|4
|teamsize|p2|4
|start
|switch|p1a: Pelipper|Pelipper, L50, M|100/100
|switch|p1b: Basculegion|Basculegion, L50, M|100/100
|switch|p2a: Froslass|Froslass, L50, F|100/100
|switch|p2b: Sneasler|Sneasler, L50, M|100/100
|-weather|RainDance|[from] ability: Drizzle|[of] p1a: Pelipper
|turn|1
|
|t:|1785513181
|detailschange|p2a: Froslass|Froslass-Mega, L50, F
|-mega|p2a: Froslass|Froslass|Froslassite
|-weather|Snowscape|[from] ability: Snow Warning|[of] p2a: Froslass
|move|p2b: Sneasler|Fake Out|p1a: Pelipper
|-damage|p1a: Pelipper|86/100
|cant|p1a: Pelipper|flinch
|move|p1b: Basculegion|Flip Turn|p2b: Sneasler
|-damage|p2b: Sneasler|52/100
|
|t:|1785513189
|switch|p1b: Archaludon|Archaludon, L50, F|100/100|[from] Flip Turn
|move|p2a: Froslass|Shadow Ball|p1b: Archaludon
|-damage|p1b: Archaludon|54/100
|-ability|p1b: Archaludon|Stamina|boost
|-boost|p1b: Archaludon|def|1
|
|-weather|Snowscape|[upkeep]
|-heal|p1b: Archaludon|60/100|[from] item: Leftovers
|upkeep
|turn|2
|
|t:|1785513207
|switch|p1a: Basculegion|Basculegion, L50, M|100/100
|move|p1b: Archaludon|Protect|p1b: Archaludon
|-singleturn|p1b: Archaludon|Protect
|move|p2a: Froslass|Blizzard|p1a: Basculegion|[spread] p1a
|-activate|p1b: Archaludon|move: Protect
|-resisted|p1a: Basculegion|1
|-damage|p1a: Basculegion|75/100
|move|p2b: Sneasler|Close Combat|p1b: Archaludon
|-activate|p1b: Archaludon|move: Protect
|
|-weather|Snowscape|[upkeep]
|-heal|p1b: Archaludon|66/100|[from] item: Leftovers
|upkeep
|turn|3
|
|t:|1785513231
|switch|p1b: Pelipper|Pelipper, L50, M|86/100
|-weather|RainDance|[from] ability: Drizzle|[of] p1b: Pelipper
|move|p2b: Sneasler|Protect|p2b: Sneasler
|-singleturn|p2b: Sneasler|Protect
|move|p1a: Basculegion|Flip Turn|p2b: Sneasler
|-activate|p2b: Sneasler|move: Protect
|move|p2a: Froslass|Blizzard|p1b: Pelipper|[spread] p1a
|-miss|p2a: Froslass|p1b: Pelipper
|-resisted|p1a: Basculegion|1
|-damage|p1a: Basculegion|50/100g
|
|-weather|RainDance|[upkeep]
|upkeep
|turn|4
|inactive|Battle timer is ON: inactive players will automatically lose when time's up. (requested by vglabmty)
|
|t:|1785513276
|switch|p2a: Basculegion|Basculegion, L50, M|100/100
|switch|p2b: Kingambit|Kingambit, L50, F|100/100
|move|p1a: Basculegion|Flip Turn|p2b: Kingambit
|-damage|p2b: Kingambit|59/100
|
|t:|1785513285
|switch|p1a: Meganium|Meganium, L50, F|100/100|[from] Flip Turn
|move|p1b: Pelipper|Tailwind|p1b: Pelipper
|-sidestart|p1: vglabmty|move: Tailwind
|
|-weather|RainDance|[upkeep]
|upkeep
|turn|5
|inactive|jorgewashington09 has 30 seconds left.
|inactive|jorgewashington09 has 20 seconds left.
|
|t:|1785513322
|switch|p2a: Froslass|Froslass-Mega, L50, F|100/100
|-weather|Snowscape|[from] ability: Snow Warning|[of] p2a: Froslass
|detailschange|p1a: Meganium|Meganium-Mega, L50, F
|-mega|p1a: Meganium|Meganium|Meganiumite
|move|p2b: Kingambit|Sucker Punch|p1a: Meganium
|-resisted|p1a: Meganium|1
|-damage|p1a: Meganium|77/100
|move|p1a: Meganium|Weather Ball|p2b: Kingambit
|-supereffective|p2b: Kingambit|1
|-damage|p2b: Kingambit|0 fnt
|faint|p2b: Kingambit
|move|p1b: Pelipper|Hurricane|p2a: Froslass
|-damage|p2a: Froslass|60/100
|
|-weather|Snowscape|[upkeep]
|upkeep
|
|t:|1785513337
|switch|p2b: Sneasler|Sneasler, L50, M|52/100
|turn|6
|inactive|jorgewashington09 has 30 seconds left.
|
|t:|1785513363
|switch|p1b: Archaludon|Archaludon, L50, F|66/100
|move|p1a: Meganium|Protect|p1a: Meganium
|-singleturn|p1a: Meganium|Protect
|move|p2a: Froslass|Blizzard|p1a: Meganium|[spread] p1b
|-activate|p1a: Meganium|move: Protect
|-damage|p1b: Archaludon|20/100y
|-status|p1b: Archaludon|frz
|-ability|p1b: Archaludon|Stamina|boost
|-boost|p1b: Archaludon|def|1
|move|p2b: Sneasler|Gunk Shot|p1a: Meganium
|-activate|p1a: Meganium|move: Protect
|
|-weather|Snowscape|[upkeep]
|-heal|p1b: Archaludon|26/100 frz|[from] item: Leftovers
|upkeep
|turn|7
|
|t:|1785513383
|switch|p1b: Pelipper|Pelipper, L50, M|86/100
|-weather|RainDance|[from] ability: Drizzle|[of] p1b: Pelipper
|switch|p2a: Basculegion|Basculegion, L50, M|100/100
|move|p1a: Meganium|Weather Ball|p2b: Sneasler
|-damage|p2b: Sneasler|0 fnt
|faint|p2b: Sneasler
|
|-weather|RainDance|[upkeep]
|-sideend|p1: vglabmty|move: Tailwind
|upkeep
|
|t:|1785513391
|switch|p2b: Froslass|Froslass-Mega, L50, F|60/100
|-weather|Snowscape|[from] ability: Snow Warning|[of] p2b: Froslass
|turn|8
|
|t:|1785513403
|move|p1b: Pelipper|Wide Guard|p1b: Pelipper
|-singleturn|p1b: Pelipper|Wide Guard
|move|p2b: Froslass|Blizzard|p1a: Meganium|[spread] 
|-activate|p1a: Meganium|move: Wide Guard
|-activate|p1b: Pelipper|move: Wide Guard
|move|p1a: Meganium|Giga Drain|p2a: Basculegion
|-supereffective|p2a: Basculegion|1
|-damage|p2a: Basculegion|14/100
|-heal|p1a: Meganium|100/100|[from] drain|[of] p2a: Basculegion
|-enditem|p2a: Basculegion|Sitrus Berry|[eat]
|-heal|p2a: Basculegion|38/100|[from] item: Sitrus Berry
|move|p2a: Basculegion|Last Respects|p1b: Pelipper
|-damage|p1b: Pelipper|0 fnt
|faint|p1b: Pelipper
|
|-weather|Snowscape|[upkeep]
|upkeep
|
|t:|1785513422
|switch|p1b: Basculegion|Basculegion, L50, M|50/100g
|turn|9
|
|t:|1785513440
|move|p1b: Basculegion|Last Respects|p2b: Froslass
|-supereffective|p2b: Froslass|1
|-damage|p2b: Froslass|0 fnt
|faint|p2b: Froslass
|move|p1a: Meganium|Giga Drain|p2a: Basculegion
|-supereffective|p2a: Basculegion|1
|-damage|p2a: Basculegion|0 fnt
|faint|p2a: Basculegion
|
|win|vglabmty
|l|☆jorgewashington09
|player|p2|
||jorgewashington09 is ready for game 2.
|inactive|vglabmty has 30 seconds to confirm battle start!
|inactive|vglabmty has 20 seconds to confirm battle start!
||vglabmty is ready for game 2.
|uhtml|next|Next: Game 2 of 3
