|j|☆WokeyGlickVGC
|j|☆doingVGCthings
|html|WokeyGlickVGCdoingVGCthings    
|uhtml|bestof|Game 2 of a best-of-3
|t:|1755629294
|gametype|doubles
|player|p1|WokeyGlickVGC|bede-masters|1190
|player|p2|doingVGCthings|swimmer-gen4dp|1261
|gen|9
|tier|[Gen 9] VGC 2025 Reg H (Bo3)
|rated|
|rule|Species Clause: Limit one of each Pokémon
|rule|Item Clause: Limit 1 of each item
|clearpoke
|poke|p1|Incineroar, L50, F|
|poke|p1|Garchomp, L50, F|
|poke|p1|Gholdengo, L50|
|poke|p1|Annihilape, L50, F|
|poke|p1|Farigiraf, L50, M|
|poke|p1|Ursaluna-Bloodmoon, L50, M|
|poke|p2|Volcarona, L50, F|
|poke|p2|Electabuzz, L50, F|
|poke|p2|Tyranitar, L50, F|
|poke|p2|Amoonguss, L50, F|
|poke|p2|Annihilape, L50, F|
|poke|p2|Mamoswine, L50, F|
|teampreview|4
|showteam|p1|Incineroar||SafetyGoggles|Intimidate|FakeOut,KnockOff,FlareBlitz,PartingShot|||F|||50|,,,,,Ghost]Garchomp||AssaultVest|RoughSkin|DragonClaw,StompingTantrum,RockSlide,BreakingSwipe|||F|||50|,,,,,Poison]Gholdengo||LifeOrb|GoodasGold|MakeItRain,ShadowBall,NastyPlot,Protect||||||50|,,,,,Dragon]Annihilape||ChoiceScarf|Defiant|FinalGambit,CloseCombat,ShadowClaw,Uturn|||F|||50|,,,,,Grass]Farigiraf||ThroatSpray|ArmorTail|HyperVoice,Psychic,TrickRoom,Protect|||M|||50|,,,,,Fairy]Ursaluna-Bloodmoon||SilkScarf|MindsEye|BloodMoon,HyperVoice,EarthPower,Protect|||M|||50|,,,,,Normal
|showteam|p2|Volcarona||CovertCloak|FlameBody|Protect,HeatWave,GigaDrain,QuiverDance|||F|||50|,,,,,Grass]Electabuzz||Eviolite|VitalSpirit|Protect,Electroweb,Taunt,FollowMe|||F|||50|,,,,,Ghost]Tyranitar||AssaultVest|SandStream|RockSlide,KnockOff,LowKick,TeraBlast|||F|||50|,,,,,Flying]Amoonguss||SitrusBerry|Regenerator|Protect,PollenPuff,Spore,RagePowder|||F|||50|,,,,,Water]Annihilape||SafetyGoggles|Defiant|Protect,RageFist,CloseCombat,Coaching|||F|||50|,,,,,Water]Mamoswine||FocusSash|Oblivious|Protect,IcicleCrash,HighHorsepower,IceShard|||F|||50|,,,,,Stellar
|inactive|Battle timer is ON: inactive players will automatically lose when time's up. (requested by doingVGCthings)
|inactive|WokeyGlickVGC has 60 seconds left.
|
|t:|1755629329
|teamsize|p1|4
|teamsize|p2|4
|start
|switch|p1a: Gholdengo|Gholdengo, L50|100/100
|switch|p1b: Ursaluna|Ursaluna-Bloodmoon, L50, M|100/100
|switch|p2a: Amoonguss|Amoonguss, L50, F|100/100
|switch|p2b: Mamoswine|Mamoswine, L50, F|100/100
|turn|1
|inactive|WokeyGlickVGC has 30 seconds left.
|inactive|WokeyGlickVGC has 20 seconds left.
|
|t:|1755629365
|-terastallize|p1a: Gholdengo|Dragon
|-terastallize|p2a: Amoonguss|Water
|move|p1a: Gholdengo|Nasty Plot|p1a: Gholdengo
|-boost|p1a: Gholdengo|spa|2
|move|p2b: Mamoswine|High Horsepower|p1a: Gholdengo
|-damage|p1a: Gholdengo|42/100
|move|p1b: Ursaluna|Blood Moon|p2a: Amoonguss
|-damage|p2a: Amoonguss|16/100
|-enditem|p2a: Amoonguss|Sitrus Berry|[eat]
|-heal|p2a: Amoonguss|41/100|[from] item: Sitrus Berry
|move|p2a: Amoonguss|Spore|p1b: Ursaluna
|-status|p1b: Ursaluna|slp|[from] move: Spore
|
|upkeep
|turn|2
|
|t:|1755629383
|switch|p1b: Farigiraf|Farigiraf, L50, M|100/100
|switch|p2a: Volcarona|Volcarona, L50, F|100/100
|move|p1a: Gholdengo|Make It Rain|p2a: Volcarona|[spread] p2a,p2b
|-resisted|p2a: Volcarona
|-supereffective|p2b: Mamoswine
|-damage|p2a: Volcarona|45/100
|-enditem|p2b: Mamoswine|Focus Sash
|-damage|p2b: Mamoswine|1/100
|-unboost|p1a: Gholdengo|spa|1
|-damage|p1a: Gholdengo|33/100|[from] item: Life Orb
|move|p2b: Mamoswine|Icicle Crash|p1b: Farigiraf
|-damage|p1b: Farigiraf|49/100
|
|upkeep
|turn|3
|
|t:|1755629408
|move|p2b: Mamoswine|Protect|p2b: Mamoswine
|-singleturn|p2b: Mamoswine|Protect
|move|p1b: Farigiraf|Protect|p1b: Farigiraf
|-singleturn|p1b: Farigiraf|Protect
|move|p1a: Gholdengo|Make It Rain|p2b: Mamoswine|[spread] p2a
|-activate|p2b: Mamoswine|move: Protect
|-resisted|p2a: Volcarona
|-damage|p2a: Volcarona|3/100
|-unboost|p1a: Gholdengo|spa|1
|-damage|p1a: Gholdengo|23/100|[from] item: Life Orb
|move|p2a: Volcarona|Quiver Dance|p2a: Volcarona
|-boost|p2a: Volcarona|spa|1
|-boost|p2a: Volcarona|spd|1
|-boost|p2a: Volcarona|spe|1
|
|upkeep
|turn|4
|inactive|doingVGCthings has 30 seconds left.
|
|t:|1755629437
|switch|p2b: Amoonguss|Amoonguss, L50, F, tera:Water|74/100
|switch|p1b: Ursaluna|Ursaluna-Bloodmoon, L50, M|100/100 slp
|move|p2a: Volcarona|Heat Wave|p1b: Ursaluna|[spread] p1a,p1b
|-resisted|p1a: Gholdengo
|-damage|p1a: Gholdengo|0 fnt
|-damage|p1b: Ursaluna|45/100 slp
|faint|p1a: Gholdengo
|
|upkeep
|
|t:|1755629445
|switch|p1a: Garchomp|Garchomp, L50, F|100/100
|turn|5
|inactive|doingVGCthings has 30 seconds left.
|
|t:|1755629471
|cant|p1b: Ursaluna|slp
|move|p2a: Volcarona|Giga Drain|p1a: Garchomp
|-damage|p1a: Garchomp|76/100
|-heal|p2a: Volcarona|17/100|[from] drain|[of] p1a: Garchomp
|move|p1a: Garchomp|Rock Slide|p2b: Amoonguss|[spread] p2a,p2b
|-supereffective|p2a: Volcarona
|-crit|p2a: Volcarona
|-damage|p2a: Volcarona|0 fnt
|-damage|p2b: Amoonguss|57/100
|faint|p2a: Volcarona
|move|p2b: Amoonguss|Spore|p1a: Garchomp
|-status|p1a: Garchomp|slp|[from] move: Spore
|
|upkeep
|
|t:|1755629482
|switch|p2a: Mamoswine|Mamoswine, L50, F|1/100
|turn|6
|
|t:|1755629495
|switch|p1a: Farigiraf|Farigiraf, L50, M|49/100
|move|p2a: Mamoswine|Icicle Crash|p1b: Ursaluna
|-supereffective|p1b: Ursaluna
|-damage|p1b: Ursaluna|0 fnt
|faint|p1b: Ursaluna
|move|p2b: Amoonguss|Pollen Puff|p2a: Mamoswine
|-heal|p2a: Mamoswine|51/100
|
|upkeep
|
|t:|1755629502
|switch|p1b: Garchomp|Garchomp, L50, F|76/100 slp
|turn|7
|
|t:|1755629514
|cant|p1b: Garchomp|slp
|move|p2a: Mamoswine|Icicle Crash|p1b: Garchomp
|-supereffective|p1b: Garchomp
|-damage|p1b: Garchomp|0 fnt
|faint|p1b: Garchomp
|move|p1a: Farigiraf|Hyper Voice|p2b: Amoonguss|[spread] p2a,p2b
|-damage|p2a: Mamoswine|7/100
|-damage|p2b: Amoonguss|31/100
|-enditem|p1a: Farigiraf|Throat Spray
|-boost|p1a: Farigiraf|spa|1|[from] item: Throat Spray
|move|p2b: Amoonguss|Spore|p1a: Farigiraf
|-status|p1a: Farigiraf|slp|[from] move: Spore
|
|upkeep
|turn|8
|
|t:|1755629529
|move|p2a: Mamoswine|High Horsepower|p1a: Farigiraf
|-damage|p1a: Farigiraf|0 fnt
|faint|p1a: Farigiraf
|
|win|doingVGCthings
|raw|WokeyGlickVGC's rating: 1190 → 1170(-20 for losing)
|raw|doingVGCthings's rating: 1261 → 1281(+20 for winning)
|l|☆WokeyGlickVGC
|player|p1|
