|j|☆LuixenS
|j|☆DutchQuinten
|html|LuixenSDutchQuinten    
|uhtml|bestof|Game 3 of a best-of-3
|t:|1754220891
|gametype|doubles
|player|p1|LuixenS|harmony|1205
|player|p2|DutchQuinten|102|1229
|gen|9
|tier|[Gen 9] VGC 2025 Reg H (Bo3)
|rated|
|rule|Species Clause: Limit one of each Pokémon
|rule|Item Clause: Limit 1 of each item
|clearpoke
|poke|p1|Incineroar, L50, M|
|poke|p1|Amoonguss, L50, M|
|poke|p1|Annihilape, L50, F|
|poke|p1|Ninetales-Alola, L50, M|
|poke|p1|Rillaboom, L50, M|
|poke|p1|Drifblim, L50, M|
|poke|p2|Kommo-o, L50, M|
|poke|p2|Electabuzz, L50, M|
|poke|p2|Rillaboom, L50, M|
|poke|p2|Kingambit, L50, M|
|poke|p2|Basculegion, L50, M|
|poke|p2|Ninetales-Alola, L50, F|
|teampreview|4
|showteam|p1|Incineroar||AssaultVest|Intimidate|FakeOut,KnockOff,FlareBlitz,Uturn|||M|||50|,,,,,Ghost]Amoonguss||RockyHelmet|Regenerator|PollenPuff,ClearSmog,RagePowder,Spore|||M|||50|,,,,,Fairy]Annihilape||Leftovers|Defiant|RageFist,DrainPunch,BulkUp,Protect|||F|||50|,,,,,Fire]Ninetales-Alola||CovertCloak|SnowWarning|Blizzard,Encore,Moonblast,AuroraVeil|||M|||50|,,,,,Fire]Rillaboom||MiracleSeed|GrassySurge|Uturn,WoodHammer,GrassyGlide,FakeOut|||M|||50|,,,,,Fire]Drifblim||GrassySeed|Unburden|WillOWisp,Haze,IcyWind,ShadowBall|||M|||50|,,,,,Dark
|showteam|p2|Kommo-o||ThroatSpray|Soundproof|ClangorousSoul,ClangingScales,Flamethrower,Protect|||M|||50|,,,,,Fire]Electabuzz||Eviolite|VitalSpirit|FollowMe,Electroweb,Taunt,Protect|||M|||50|,,,,,Ghost]Rillaboom||MiracleSeed|GrassySurge|FakeOut,WoodHammer,GrassyGlide,Protect|||M|||50|,,,,,Grass]Kingambit||AssaultVest|Defiant|KowtowCleave,SuckerPunch,IronHead,LowKick|||M|||50|,,,,,Fire]Basculegion||ChoiceScarf|Adaptability|WaveCrash,LastRespects,AquaJet,FlipTurn|||M|||50|,,,,,Water]Ninetales-Alola||FocusSash|SnowWarning|Blizzard,FreezeDry,Encore,Protect|||F|||50|,,,,,Ice
|inactive|Battle timer is ON: inactive players will automatically lose when time's up. (requested by LuixenS)
|
|t:|1754220910
|teamsize|p1|4
|teamsize|p2|4
|start
|switch|p1a: Ninetales|Ninetales-Alola, L50, M|100/100
|switch|p1b: Annihilape|Annihilape, L50, F|100/100
|switch|p2a: Kommo-o|Kommo-o, L50, M|100/100
|switch|p2b: Ninetales|Ninetales-Alola, L50, F|100/100
|-weather|Snowscape|[from] ability: Snow Warning|[of] p1a: Ninetales
|turn|1
|
|t:|1754220926
|-terastallize|p2a: Kommo-o|Fire
|move|p2b: Ninetales|Blizzard|p1a: Ninetales|[spread] p1a,p1b
|-resisted|p1a: Ninetales
|-damage|p1a: Ninetales|83/100
|-damage|p1b: Annihilape|75/100
|move|p1a: Ninetales|Aurora Veil|p1a: Ninetales
|-sidestart|p1: LuixenS|move: Aurora Veil
|move|p2a: Kommo-o|Clangorous Soul|p2a: Kommo-o
|-boost|p2a: Kommo-o|atk|1
|-boost|p2a: Kommo-o|def|1
|-boost|p2a: Kommo-o|spa|1
|-boost|p2a: Kommo-o|spd|1
|-boost|p2a: Kommo-o|spe|1
|-damage|p2a: Kommo-o|68/100
|-enditem|p2a: Kommo-o|Throat Spray
|-boost|p2a: Kommo-o|spa|1|[from] item: Throat Spray
|move|p1b: Annihilape|Bulk Up|p1b: Annihilape
|-boost|p1b: Annihilape|atk|1
|-boost|p1b: Annihilape|def|1
|
|-weather|Snowscape|[upkeep]
|-heal|p1b: Annihilape|81/100|[from] item: Leftovers
|upkeep
|turn|2
|inactive|LuixenS has 30 seconds left.
|
|t:|1754220953
|switch|p1a: Incineroar|Incineroar, L50, M|100/100
|-ability|p1a: Incineroar|Intimidate|boost
|-unboost|p2a: Kommo-o|atk|1
|-unboost|p2b: Ninetales|atk|1
|move|p1b: Annihilape|Protect|p1b: Annihilape
|-singleturn|p1b: Annihilape|Protect
|move|p2a: Kommo-o|Flamethrower|p1a: Incineroar
|-resisted|p1a: Incineroar
|-damage|p1a: Incineroar|85/100
|move|p2b: Ninetales|Blizzard|p1a: Incineroar|[spread] p1a
|-activate|p1b: Annihilape|move: Protect
|-resisted|p1a: Incineroar
|-damage|p1a: Incineroar|79/100
|
|-weather|Snowscape|[upkeep]
|-heal|p1b: Annihilape|87/100|[from] item: Leftovers
|upkeep
|turn|3
|
|t:|1754220969
|move|p2a: Kommo-o|Protect|p2a: Kommo-o
|-singleturn|p2a: Kommo-o|Protect
|move|p1a: Incineroar|Fake Out|p2b: Ninetales
|-damage|p2b: Ninetales|89/100
|cant|p2b: Ninetales|flinch
|move|p1b: Annihilape|Rage Fist|p2a: Kommo-o
|-activate|p2a: Kommo-o|move: Protect
|
|-weather|Snowscape|[upkeep]
|-heal|p1b: Annihilape|93/100|[from] item: Leftovers
|upkeep
|turn|4
|
|t:|1754220980
|-terastallize|p1b: Annihilape|Fire
|move|p2a: Kommo-o|Clanging Scales|p1a: Incineroar|[spread] p1a,p1b
|-damage|p1a: Incineroar|46/100
|-damage|p1b: Annihilape|49/100
|-unboost|p2a: Kommo-o|def|1
|move|p2b: Ninetales|Blizzard|p1b: Annihilape|[spread] p1a,p1b
|-resisted|p1a: Incineroar
|-resisted|p1b: Annihilape
|-damage|p1a: Incineroar|40/100
|-damage|p1b: Annihilape|40/100
|move|p1b: Annihilape|Rage Fist|p2a: Kommo-o
|-damage|p2a: Kommo-o|0 fnt
|faint|p2a: Kommo-o
|move|p1a: Incineroar|U-turn|p2b: Ninetales
|-resisted|p2b: Ninetales
|-damage|p2b: Ninetales|80/100
|
|t:|1754220990
|switch|p1a: Rillaboom|Rillaboom, L50, M, shiny|100/100|[from] U-turn
|-fieldstart|move: Grassy Terrain|[from] ability: Grassy Surge|[of] p1a: Rillaboom
|
|-weather|Snowscape|[upkeep]
|-heal|p2b: Ninetales|86/100|[from] Grassy Terrain
|-heal|p1b: Annihilape|47/100|[from] Grassy Terrain
|-heal|p1b: Annihilape|53/100|[from] item: Leftovers
|upkeep
|
|t:|1754221015
|switch|p2a: Kingambit|Kingambit, L50, M|100/100
|turn|5
|
|t:|1754221023
|move|p1a: Rillaboom|Fake Out|p2b: Ninetales
|-damage|p2b: Ninetales|72/100
|cant|p2b: Ninetales|flinch
|move|p1b: Annihilape|Drain Punch|p2a: Kingambit
|-supereffective|p2a: Kingambit
|-damage|p2a: Kingambit|0 fnt
|-heal|p1b: Annihilape|100/100|[from] drain|[of] p2a: Kingambit
|faint|p2a: Kingambit
|
|-weather|none
|-heal|p2b: Ninetales|78/100|[from] Grassy Terrain
|-sideend|p1: LuixenS|move: Aurora Veil
|upkeep
|
|t:|1754221030
|switch|p2a: Electabuzz|Electabuzz, L50, M|100/100
|turn|6
|-message|DutchQuinten forfeited.
|
|win|LuixenS
|raw|LuixenS's rating: 1205 → 1232(+27 for winning)
|raw|DutchQuinten's rating: 1229 → 1202(-27 for losing)
|l|☆DutchQuinten
|player|p2|
