|j|☆13XH
|j|☆violethydra
|html|13XHviolethydra    
|uhtml|bestof|Game 1 of a best-of-3
|t:|1783335644
|gametype|doubles
|player|p1|13XH|bugcatcher-gen4dp|
|player|p2|violethydra|bellelba|
|gen|9
|tier|[Gen 9 Champions] VGC 2026 Reg M-B (Bo3)
|rule|Species Clause: Limit one of each Pokémon
|rule|Item Clause: Limit 1 of each item
|clearpoke
|poke|p1|Incineroar, L50, M|
|poke|p1|Scrafty, L50, M|
|poke|p1|Gengar, L50, M|
|poke|p1|Ninetales-Alola, L50, M|
|poke|p1|Snorlax, L50, M|
|poke|p1|Dragonite, L50, F|
|poke|p2|Grimmsnarl, L50, M|
|poke|p2|Archaludon, L50, M|
|poke|p2|Pelipper, L50, M|
|poke|p2|Venusaur, L50, M|
|poke|p2|Incineroar, L50, M|
|poke|p2|Swampert, L50, M|
|teampreview|4
|showteam|p1|Incineroar||SitrusBerry|Intimidate|Protect,FakeOut,Overheat,PartingShot|Relaxed||M|||50|]Scrafty||Scraftinite|Intimidate|Detect,FakeOut,DrainPunch,KnockOff|Careful||M|||50|]Gengar||Gengarite|CursedBody|Protect,ShadowBall,SludgeBomb,PerishSong|Modest||M|||50|]Ninetales-Alola||FocusSash|SnowWarning|Protect,Blizzard,Encore,Disable|Timid||M|||50|]Snorlax||Leftovers|ThickFat|Protect,Fissure,Yawn,Encore|Relaxed||M|||50|]Dragonite||LifeOrb|InnerFocus|Protect,DragonClaw,LowKick,ExtremeSpeed|Adamant||F|||50|
|showteam|p2|Grimmsnarl||LightClay|Prankster|Reflect,SpiritBreak,PartingShot,LightScreen|Careful||M|||50|]Archaludon||Leftovers|Stamina|Protect,ElectroShot,DragonPulse,FlashCannon|Modest||M|||50|]Pelipper||LifeOrb|Drizzle|Protect,Tailwind,Hurricane,WeatherBall|Timid||M|||50|]Venusaur||Venusaurite|Chlorophyll|Protect,GigaDrain,EarthPower,SludgeBomb|Modest||M|||50|]Incineroar||SitrusBerry|Intimidate|FakeOut,FlareBlitz,ThroatChop,PartingShot|Careful||M|||50|]Swampert||Swampertite|Damp|Protect,IcePunch,Earthquake,WaveCrash|Adamant||M|||50|
|c|☆13XH|Θα στείλω inv link στους άλλους
|c|☆13XH|Μου ζήτησαν να το κάνουν spectate
|c|☆13XH|Δώσε μου λίγο χρόνο αν μπορείς
|c|☆violethydra|okay
|j| Mario64speedrun
|j| xeb41
|l| Mario64speedrun
|j| Mario64speedrun
|c|☆violethydra|ξεκιναμε?
|l| Mario64speedrun
|c| xeb41|Σας βλέπουμε! Μπορείτε να ξεκινήσετε!
|c| xeb41|Καλή επιτυχία
|c|☆violethydra|glhf
|c|☆13XH|glhf
|j| HLT Ventous
|l| HLT Ventous
|
|t:|1783335824
|teamsize|p1|4
|teamsize|p2|4
|start
|switch|p1a: Gengar|Gengar, L50, M|100/100
|switch|p1b: Incineroar|Incineroar, L50, M|100/100
|switch|p2a: Grimmsnarl|Grimmsnarl, L50, M|100/100
|switch|p2b: Incineroar|Incineroar, L50, M|100/100
|-ability|p2b: Incineroar|Intimidate|boost
|-unboost|p1a: Gengar|atk|1
|-unboost|p1b: Incineroar|atk|1
|-ability|p1b: Incineroar|Intimidate|boost
|-unboost|p2a: Grimmsnarl|atk|1
|-unboost|p2b: Incineroar|atk|1
|turn|1
|j| HLT Ventous
|
|t:|1783335852
|detailschange|p1a: Gengar|Gengar-Mega, L50, M
|-mega|p1a: Gengar|Gengar|Gengarite
|move|p1b: Incineroar|Fake Out|p2b: Incineroar
|-damage|p2b: Incineroar|94/100
|move|p2a: Grimmsnarl|Parting Shot|p1a: Gengar
|-unboost|p1a: Gengar|atk|1
|-unboost|p1a: Gengar|spa|1
|
|t:|1783335860
|switch|p2a: Venusaur|Venusaur, L50, M|100/100|[from] Parting Shot
|move|p1a: Gengar|Sludge Bomb|p2b: Incineroar
|-damage|p2b: Incineroar|65/100
|-status|p2b: Incineroar|psn
|cant|p2b: Incineroar|flinch
|
|-damage|p2b: Incineroar|52/100 psn|[from] psn
|upkeep
|turn|2
|l| HLT Ventous
|j| HLT Ventous
|
|t:|1783335885
|switch|p1b: Scrafty|Scrafty, L50, M|100/100
|-ability|p1b: Scrafty|Intimidate|boost
|-unboost|p2a: Venusaur|atk|1
|-unboost|p2b: Incineroar|atk|1
|detailschange|p2a: Venusaur|Venusaur-Mega, L50, M
|-mega|p2a: Venusaur|Venusaur|Venusaurite
|move|p1a: Gengar|Protect|p1a: Gengar
|-singleturn|p1a: Gengar|Protect
|move|p2a: Venusaur|Earth Power|p1a: Gengar
|-activate|p1a: Gengar|move: Protect
|move|p2b: Incineroar|Parting Shot|p1b: Scrafty
|-unboost|p1b: Scrafty|atk|1
|-unboost|p1b: Scrafty|spa|1
|l| HLT Ventous
|
|t:|1783335900
|switch|p2b: Grimmsnarl|Grimmsnarl, L50, M|100/100|[from] Parting Shot
|
|upkeep
|turn|3
|
|t:|1783335925
|move|p1b: Scrafty|Fake Out|p2a: Venusaur
|-damage|p2a: Venusaur|94/100
|move|p1a: Gengar|Perish Song|p1a: Gengar
|-start|p1a: Gengar|perish3|[silent]
|-start|p1b: Scrafty|perish3|[silent]
|-start|p2a: Venusaur|perish3|[silent]
|-start|p2b: Grimmsnarl|perish3|[silent]
|-fieldactivate|move: Perish Song
|cant|p2a: Venusaur|flinch
|move|p2b: Grimmsnarl|Spirit Break|p1b: Scrafty
|-supereffective|p1b: Scrafty|2
|-damage|p1b: Scrafty|0 fnt
|faint|p1b: Scrafty
|
|-start|p1a: Gengar|perish3
|-start|p2a: Venusaur|perish3
|-start|p2b: Grimmsnarl|perish3
|upkeep
|
|t:|1783335941
|switch|p1b: Incineroar|Incineroar, L50, M|100/100
|-ability|p1b: Incineroar|Intimidate|boost
|-unboost|p2a: Venusaur|atk|1
|-unboost|p2b: Grimmsnarl|atk|1
|turn|4
|
|t:|1783335956
|move|p1b: Incineroar|Fake Out|p2a: Venusaur
|-damage|p2a: Venusaur|85/100
|move|p2b: Grimmsnarl|Parting Shot|p1a: Gengar
|-unboost|p1a: Gengar|atk|1
|-unboost|p1a: Gengar|spa|1
|j| PasDer
|
|t:|1783335966
|switch|p2b: Incineroar|Incineroar, L50, M|52/100 psn|[from] Parting Shot
|-ability|p2b: Incineroar|Intimidate|boost
|-unboost|p1a: Gengar|atk|1
|-unboost|p1b: Incineroar|atk|1
|move|p1a: Gengar|Sludge Bomb|p2b: Incineroar
|-damage|p2b: Incineroar|30/100 psn
|-enditem|p2b: Incineroar|Sitrus Berry|[eat]
|-heal|p2b: Incineroar|55/100 psn|[from] item: Sitrus Berry
|cant|p2a: Venusaur|flinch
|
|-damage|p2b: Incineroar|43/100 psn|[from] psn
|-start|p1a: Gengar|perish2
|-start|p2a: Venusaur|perish2
|upkeep
|turn|5
|
|t:|1783335990
|move|p1a: Gengar|Protect|p1a: Gengar
|-singleturn|p1a: Gengar|Protect
|move|p1b: Incineroar|Protect|p1b: Incineroar
|-singleturn|p1b: Incineroar|Protect
|move|p2b: Incineroar|Fake Out|p1b: Incineroar
|-activate|p1b: Incineroar|move: Protect
|move|p2a: Venusaur|Earth Power|p1b: Incineroar
|-activate|p1b: Incineroar|move: Protect
|
|-damage|p2b: Incineroar|30/100 psn|[from] psn
|-start|p1a: Gengar|perish1
|-start|p2a: Venusaur|perish1
|upkeep
|turn|6
|
|t:|1783336012
|switch|p1a: Ninetales|Ninetales-Alola, L50, M|100/100
|-weather|Snowscape|[from] ability: Snow Warning|[of] p1a: Ninetales
|move|p2a: Venusaur|Earth Power|p1b: Incineroar
|-supereffective|p1b: Incineroar|1
|-damage|p1b: Incineroar|38/100
|-enditem|p1b: Incineroar|Sitrus Berry|[eat]
|-heal|p1b: Incineroar|63/100|[from] item: Sitrus Berry
|move|p2b: Incineroar|Parting Shot|p1a: Ninetales
|-unboost|p1a: Ninetales|atk|1
|-unboost|p1a: Ninetales|spa|1
|
|t:|1783336024
|switch|p2b: Grimmsnarl|Grimmsnarl, L50, M|100/100|[from] Parting Shot
|move|p1b: Incineroar|Parting Shot|p2b: Grimmsnarl
|-unboost|p2b: Grimmsnarl|atk|1
|-unboost|p2b: Grimmsnarl|spa|1
|
|t:|1783336027
|switch|p1b: Gengar|Gengar-Mega, L50, M|100/100|[from] Parting Shot
|
|-weather|Snowscape|[upkeep]
|-start|p2a: Venusaur|perish0
|upkeep
|faint|p2a: Venusaur
|j| HLT Ventous
|
|t:|1783336036
|switch|p2a: Pelipper|Pelipper, L50, M|100/100
|-weather|RainDance|[from] ability: Drizzle|[of] p2a: Pelipper
|turn|7
|l| HLT Ventous
|j| HLT Ventous
|l| HLT Ventous
|
|t:|1783336077
|move|p1a: Ninetales|Protect|p1a: Ninetales
|-singleturn|p1a: Ninetales|Protect
|move|p2b: Grimmsnarl|Light Screen|p2b: Grimmsnarl
|-sidestart|p2: violethydra|move: Light Screen
|move|p1b: Gengar|Perish Song|p1b: Gengar
|-start|p1a: Ninetales|perish3|[silent]
|-start|p1b: Gengar|perish3|[silent]
|-start|p2a: Pelipper|perish3|[silent]
|-start|p2b: Grimmsnarl|perish3|[silent]
|-fieldactivate|move: Perish Song
|move|p2a: Pelipper|Weather Ball|p1b: Gengar
|-damage|p1b: Gengar|9/100
|-damage|p2a: Pelipper|90/100|[from] item: Life Orb
|
|-weather|RainDance|[upkeep]
|-start|p1a: Ninetales|perish3
|-start|p1b: Gengar|perish3
|-start|p2a: Pelipper|perish3
|-start|p2b: Grimmsnarl|perish3
|upkeep
|turn|8
|
|t:|1783336105
|move|p1b: Gengar|Protect|p1b: Gengar
|-singleturn|p1b: Gengar|Protect
|move|p2b: Grimmsnarl|Parting Shot|p1a: Ninetales
|-unboost|p1a: Ninetales|atk|1
|-unboost|p1a: Ninetales|spa|1
|
|t:|1783336111
|switch|p2b: Incineroar|Incineroar, L50, M|30/100 psn|[from] Parting Shot
|-ability|p2b: Incineroar|Intimidate|boost
|-unboost|p1a: Ninetales|atk|1
|-unboost|p1b: Gengar|atk|1
|move|p1a: Ninetales|Disable|p2a: Pelipper
|-start|p2a: Pelipper|Disable|Weather Ball
|move|p2a: Pelipper|Hurricane|p1b: Gengar
|-activate|p1b: Gengar|move: Protect
|
|-weather|RainDance|[upkeep]
|-damage|p2b: Incineroar|18/100 psn|[from] psn
|-start|p1a: Ninetales|perish2
|-start|p1b: Gengar|perish2
|-start|p2a: Pelipper|perish2
|upkeep
|turn|9
|j| HLT Ventous
|l| HLT Ventous
|j| PokemonMasterSergi
|
|t:|1783336144
|switch|p1a: Incineroar|Incineroar, L50, M|63/100
|-ability|p1a: Incineroar|Intimidate|boost
|-unboost|p2a: Pelipper|atk|1
|-unboost|p2b: Incineroar|atk|1
|move|p2b: Incineroar|Fake Out|p1a: Incineroar
|-damage|p1a: Incineroar|58/100
|move|p1b: Gengar|Sludge Bomb|p2a: Pelipper
|-damage|p2a: Pelipper|24/100
|move|p2a: Pelipper|Hurricane|p1b: Gengar
|-damage|p1b: Gengar|0 fnt
|faint|p1b: Gengar
|-damage|p2a: Pelipper|15/100|[from] item: Life Orb
|
|-weather|RainDance|[upkeep]
|-damage|p2b: Incineroar|5/100 psn|[from] psn
|-start|p2a: Pelipper|perish1
|upkeep
|
|t:|1783336153
|switch|p1b: Ninetales|Ninetales-Alola, L50, M|100/100
|-weather|Snowscape|[from] ability: Snow Warning|[of] p1b: Ninetales
|turn|10
|
|t:|1783336195
|switch|p2a: Grimmsnarl|Grimmsnarl, L50, M|100/100
|move|p1a: Incineroar|Fake Out|p2b: Incineroar
|-damage|p2b: Incineroar|0 fnt
|faint|p2b: Incineroar
|move|p1b: Ninetales|Blizzard|p2a: Grimmsnarl
|-damage|p2a: Grimmsnarl|76/100
|
|-weather|Snowscape|[upkeep]
|upkeep
|
|t:|1783336204
|switch|p2b: Pelipper|Pelipper, L50, M|15/100
|-weather|RainDance|[from] ability: Drizzle|[of] p2b: Pelipper
|turn|11
|
|t:|1783336220
|move|p2b: Pelipper|Protect|p2b: Pelipper
|-singleturn|p2b: Pelipper|Protect
|move|p1b: Ninetales|Blizzard|p2b: Pelipper|[spread] 
|-activate|p2b: Pelipper|move: Protect
|-miss|p1b: Ninetales|p2a: Grimmsnarl
|move|p2a: Grimmsnarl|Spirit Break|p1b: Ninetales
|-damage|p1b: Ninetales|53/100
|-unboost|p1b: Ninetales|spa|1
|move|p1a: Incineroar|Parting Shot|p2a: Grimmsnarl
|-unboost|p2a: Grimmsnarl|atk|1
|-unboost|p2a: Grimmsnarl|spa|1
|
|-weather|RainDance|[upkeep]
|upkeep
|turn|12
|
|t:|1783336256
|move|p2b: Pelipper|Protect|p2b: Pelipper
|-singleturn|p2b: Pelipper|Protect
|move|p1b: Ninetales|Blizzard|p2a: Grimmsnarl|[spread] p2a
|-activate|p2b: Pelipper|move: Protect
|-damage|p2a: Grimmsnarl|65/100
|move|p2a: Grimmsnarl|Spirit Break|p1b: Ninetales
|-damage|p1b: Ninetales|24/100
|-unboost|p1b: Ninetales|spa|1
|move|p1a: Incineroar|Parting Shot|p2a: Grimmsnarl
|-unboost|p2a: Grimmsnarl|atk|1
|-unboost|p2a: Grimmsnarl|spa|1
|
|-weather|RainDance|[upkeep]
|upkeep
|turn|13
|
|t:|1783336288
|move|p1b: Ninetales|Blizzard|p2a: Grimmsnarl|[spread] p2a,p2b
|-damage|p2a: Grimmsnarl|56/100
|-damage|p2b: Pelipper|0 fnt
|faint|p2b: Pelipper
|move|p2a: Grimmsnarl|Spirit Break|p1b: Ninetales
|-damage|p1b: Ninetales|0 fnt
|faint|p1b: Ninetales
|move|p1a: Incineroar|Parting Shot|p2a: Grimmsnarl
|-unboost|p2a: Grimmsnarl|atk|1
|-unboost|p2a: Grimmsnarl|spa|1
|
|-weather|RainDance|[upkeep]
|upkeep
|turn|14
|
|t:|1783336301
|move|p1a: Incineroar|Protect|p1a: Incineroar
|-singleturn|p1a: Incineroar|Protect
|move|p2a: Grimmsnarl|Spirit Break|p1a: Incineroar
|-activate|p1a: Incineroar|move: Protect
|
|-weather|RainDance|[upkeep]
|-sideend|p2: violethydra|move: Light Screen
|upkeep
|turn|15
|
|t:|1783336313
|move|p2a: Grimmsnarl|Spirit Break|p1a: Incineroar
|-damage|p1a: Incineroar|49/100
|-unboost|p1a: Incineroar|spa|1
|move|p1a: Incineroar|Parting Shot|p2a: Grimmsnarl
|-unboost|p2a: Grimmsnarl|atk|1
|-unboost|p2a: Grimmsnarl|spa|1
|
|-weather|none
|upkeep
|turn|16
|
|t:|1783336322
|move|p1a: Incineroar|Protect|p1a: Incineroar
|-singleturn|p1a: Incineroar|Protect
|move|p2a: Grimmsnarl|Light Screen|p2a: Grimmsnarl
|-sidestart|p2: violethydra|move: Light Screen
|
|upkeep
|turn|17
|
|t:|1783336329
|move|p2a: Grimmsnarl|Spirit Break|p1a: Incineroar
|-damage|p1a: Incineroar|42/100
|-unboost|p1a: Incineroar|spa|1
|move|p1a: Incineroar|Overheat|p2a: Grimmsnarl|[miss]
|-miss|p1a: Incineroar|p2a: Grimmsnarl
|
|upkeep
|turn|18
|
|t:|1783336338
|move|p2a: Grimmsnarl|Spirit Break|p1a: Incineroar
|-damage|p1a: Incineroar|35/100
|-unboost|p1a: Incineroar|spa|1
|move|p1a: Incineroar|Overheat|p2a: Grimmsnarl
|-damage|p2a: Grimmsnarl|47/100
|-unboost|p1a: Incineroar|spa|2
|
|upkeep
|turn|19
|
|t:|1783336349
|move|p2a: Grimmsnarl|Spirit Break|p1a: Incineroar
|-damage|p1a: Incineroar|27/100
|-unboost|p1a: Incineroar|spa|1
|move|p1a: Incineroar|Overheat|p2a: Grimmsnarl
|-damage|p2a: Grimmsnarl|42/100
|
|upkeep
|turn|20
|
|t:|1783336360
|move|p1a: Incineroar|Protect|p1a: Incineroar
|-singleturn|p1a: Incineroar|Protect
|move|p2a: Grimmsnarl|Spirit Break|p1a: Incineroar
|-activate|p1a: Incineroar|move: Protect
|
|upkeep
|turn|21
|
|t:|1783336368
|move|p2a: Grimmsnarl|Spirit Break|p1a: Incineroar
|-damage|p1a: Incineroar|21/100
|move|p1a: Incineroar|Overheat|p2a: Grimmsnarl
|-damage|p2a: Grimmsnarl|36/100
|
|upkeep
|turn|22
|
|t:|1783336377
|move|p1a: Incineroar|Protect|p1a: Incineroar
|-singleturn|p1a: Incineroar|Protect
|move|p2a: Grimmsnarl|Reflect|p2a: Grimmsnarl
|-sidestart|p2: violethydra|Reflect
|
|upkeep
|turn|23
|
|t:|1783336385
|move|p2a: Grimmsnarl|Spirit Break|p1a: Incineroar
|-damage|p1a: Incineroar|14/100
|move|p1a: Incineroar|Overheat|p2a: Grimmsnarl
|-damage|p2a: Grimmsnarl|29/100
|
|-sideend|p2: violethydra|move: Light Screen
|upkeep
|turn|24
|
|t:|1783336397
|move|p2a: Grimmsnarl|Spirit Break|p1a: Incineroar
|-damage|p1a: Incineroar|7/100
|move|p1a: Incineroar|Overheat|p2a: Grimmsnarl
|-damage|p2a: Grimmsnarl|21/100
|
|upkeep
|turn|25
|
|t:|1783336418
|move|p2a: Grimmsnarl|Light Screen|p2a: Grimmsnarl
|-sidestart|p2: violethydra|move: Light Screen
|move|p1a: Incineroar|Overheat|p2a: Grimmsnarl|[miss]
|-miss|p1a: Incineroar|p2a: Grimmsnarl
|
|upkeep
|turn|26
|
|t:|1783336431
|move|p2a: Grimmsnarl|Parting Shot|p1a: Incineroar
|-hint|Since gen 7, Dark is immune to Prankster moves.
|-immune|p1a: Incineroar
|move|p1a: Incineroar|Overheat|p2a: Grimmsnarl
|-damage|p2a: Grimmsnarl|15/100
|
|upkeep
|turn|27
|-message|13XH forfeited.
|
|win|violethydra
||13XH is ready for game 2.
||violethydra is ready for game 2.
|uhtml|next|Next: Game 2 of 3
|l| PokemonMasterSergi
|l|☆13XH
|player|p1|
|j|☆13XH
|player|p1|13XH|bugcatcher-gen4dp|
