|j|☆Slo-mmo-o
|j|☆Gaguimpact
|html|Slo-mmo-oGaguimpact    
|uhtml|bestof|Game 3 of a best-of-3
|t:|1756476447
|gametype|doubles
|player|p1|Slo-mmo-o|lance|1079
|player|p2|Gaguimpact|2|1045
|gen|9
|tier|[Gen 9] VGC 2025 Reg H (Bo3)
|rated|
|rule|Species Clause: Limit one of each Pokémon
|rule|Item Clause: Limit 1 of each item
|clearpoke
|poke|p1|Kommo-o, L50, F|
|poke|p1|Ninetales-Alola, L50, F|
|poke|p1|Rillaboom, L50, M|
|poke|p1|Electabuzz, L50, M|
|poke|p1|Annihilape, L50, M|
|poke|p1|Kingambit, L50, F|
|poke|p2|Armarouge, L50, M|
|poke|p2|Zoroark-Hisui, L50, F|
|poke|p2|Indeedee-F, L50, F|
|poke|p2|Maushold-Four, L50|
|poke|p2|Gastrodon-East, L50, F|
|poke|p2|Archaludon, L50, M|
|teampreview|4
|showteam|p1|Kommo-o||LifeOrb|Soundproof|ClangingScales,AuraSphere,Flamethrower,Protect|||F|||50|,,,,,Fire]Ninetales-Alola||NeverMeltIce|SnowWarning|Blizzard,FreezeDry,Encore,Protect|||F|||50|,,,,,Ice]Rillaboom||AssaultVest|GrassySurge|WoodHammer,GrassyGlide,HighHorsepower,FakeOut|||M|||50|,,,,,Poison]Electabuzz||Eviolite|VitalSpirit|Electroweb,HelpingHand,FollowMe,Protect|||M|||50|,,,,,Ghost]Annihilape||FocusSash|Defiant|CloseCombat,ShadowClaw,FinalGambit,Taunt|||M|||50|,,,,,Stellar]Kingambit||BlackGlasses|Defiant|KowtowCleave,SuckerPunch,SwordsDance,Protect|||F|||50|,,,,,Dark
|showteam|p2|Armarouge||WeaknessPolicy|WeakArmor|ExpandingForce,Flamethrower,AuraSphere,Endure|||M|||50|,,,,,Dark]Zoroark-Hisui||ChoiceScarf|Illusion|IcyWind,ShadowBall,Trick,Uturn|||F|||50|,,,,,Dark]Indeedee-F||SafetyGoggles|PsychicSurge|FollowMe,TrickRoom,Imprison,HyperVoice|||F|||50|,,,,,Fairy]Maushold-Four||WideLens|Technician|PopulationBomb,FollowMe,Encore,Protect||||||50|,,,,,Ghost]Gastrodon-East||SitrusBerry|StormDrain|EarthPower,MuddyWater,Yawn,Protect|||F|||50|,,,,,Fire]Archaludon||AssaultVest|Stamina|DragonPulse,ElectroShot,FlashCannon,BodyPress|||M|||50|,,,,,Grass
|
|t:|1756476481
|teamsize|p1|4
|teamsize|p2|4
|start
|switch|p1a: Buzz Lightyear|Electabuzz, L50, M|100/100
|switch|p1b: Kommodo-Moʻo|Kommo-o, L50, F, shiny|100/100
|switch|p2a: Gastrodon|Gastrodon-East, L50, F|100/100
|switch|p2b: Archaludon|Archaludon, L50, M|100/100
|turn|1
|
|t:|1756476509
|switch|p2b: Armarouge|Armarouge, L50, M|100/100
|move|p1a: Buzz Lightyear|Protect|p1a: Buzz Lightyear
|-singleturn|p1a: Buzz Lightyear|Protect
|move|p1b: Kommodo-Moʻo|Protect|p1b: Kommodo-Moʻo
|-singleturn|p1b: Kommodo-Moʻo|Protect
|move|p2a: Gastrodon|Earth Power|p1a: Buzz Lightyear
|-activate|p1a: Buzz Lightyear|move: Protect
|
|upkeep
|turn|2
|
|t:|1756476528
|-terastallize|p1b: Kommodo-Moʻo|Fire
|move|p1a: Buzz Lightyear|Protect||[still]
|-fail|p1a: Buzz Lightyear
|move|p2b: Armarouge|Endure|p2b: Armarouge
|-singleturn|p2b: Armarouge|move: Endure
|move|p1b: Kommodo-Moʻo|Clanging Scales|p2b: Armarouge|[spread] p2a,p2b
|-damage|p2a: Gastrodon|50/100
|-damage|p2b: Armarouge|38/100
|-enditem|p2a: Gastrodon|Sitrus Berry|[eat]
|-heal|p2a: Gastrodon|75/100|[from] item: Sitrus Berry
|-unboost|p1b: Kommodo-Moʻo|def|1
|-damage|p1b: Kommodo-Moʻo|91/100|[from] item: Life Orb
|move|p2a: Gastrodon|Earth Power|p1a: Buzz Lightyear
|-supereffective|p1a: Buzz Lightyear
|-damage|p1a: Buzz Lightyear|24/100
|
|upkeep
|turn|3
|
|t:|1756476566
|switch|p2b: Archaludon|Archaludon, L50, M|100/100
|move|p1a: Buzz Lightyear|Helping Hand|p1b: Kommodo-Moʻo
|-singleturn|p1b: Kommodo-Moʻo|Helping Hand|[of] p1a: Buzz Lightyear
|move|p1b: Kommodo-Moʻo|Clanging Scales|p2a: Gastrodon|[spread] p2a,p2b
|-crit|p2b: Archaludon
|-damage|p2a: Gastrodon|3/100
|-damage|p2b: Archaludon|16/100
|-ability|p2b: Archaludon|Stamina|boost
|-boost|p2b: Archaludon|def|1
|-unboost|p1b: Kommodo-Moʻo|def|1
|-damage|p1b: Kommodo-Moʻo|82/100|[from] item: Life Orb
|move|p2a: Gastrodon|Earth Power|p1b: Kommodo-Moʻo
|-supereffective|p1b: Kommodo-Moʻo
|-damage|p1b: Kommodo-Moʻo|0 fnt
|faint|p1b: Kommodo-Moʻo
|
|upkeep
|
|t:|1756476576
|switch|p1b: Monkey Gong|Rillaboom, L50, M|100/100
|-fieldstart|move: Grassy Terrain|[from] ability: Grassy Surge|[of] p1b: Monkey Gong
|turn|4
|
|t:|1756476591
|move|p1a: Buzz Lightyear|Protect|p1a: Buzz Lightyear
|-singleturn|p1a: Buzz Lightyear|Protect
|move|p2a: Gastrodon|Protect|p2a: Gastrodon
|-singleturn|p2a: Gastrodon|Protect
|move|p1b: Monkey Gong|High Horsepower|p2b: Archaludon
|-supereffective|p2b: Archaludon
|-damage|p2b: Archaludon|0 fnt
|faint|p2b: Archaludon
|
|-heal|p1a: Buzz Lightyear|30/100|[from] Grassy Terrain
|-heal|p2a: Gastrodon|9/100|[from] Grassy Terrain
|upkeep
|
|t:|1756476597
|switch|p2b: Maushold|Maushold-Four, L50|100/100
|turn|5
|
|t:|1756476612
|move|p1a: Buzz Lightyear|Follow Me|p1a: Buzz Lightyear
|-singleturn|p1a: Buzz Lightyear|move: Follow Me
|move|p2b: Maushold|Population Bomb|p1a: Buzz Lightyear
|-damage|p1a: Buzz Lightyear|19/100
|-damage|p1a: Buzz Lightyear|7/100
|-damage|p1a: Buzz Lightyear|0 fnt
|faint|p1a: Buzz Lightyear
|-hitcount|p1: Buzz Lightyear|3
|move|p1b: Monkey Gong|Wood Hammer|p2b: Maushold
|-damage|p2b: Maushold|0 fnt
|faint|p2b: Maushold
|-damage|p1b: Monkey Gong|76/100|[from] Recoil
|move|p2a: Gastrodon|Earth Power|p1b: Monkey Gong
|-resisted|p1b: Monkey Gong
|-damage|p1b: Monkey Gong|60/100
|
|-heal|p1b: Monkey Gong|66/100|[from] Grassy Terrain
|-heal|p2a: Gastrodon|15/100|[from] Grassy Terrain
|upkeep
|
|t:|1756476632
|switch|p2b: Armarouge|Armarouge, L50, M|38/100
|switch|p1a: Queen Goober|Kingambit, L50, F, shiny|100/100
|turn|6
|c|☆Gaguimpact|Nah gg hahaha
|
|t:|1756476657
|move|p2b: Armarouge|Endure|p2b: Armarouge
|-singleturn|p2b: Armarouge|move: Endure
|move|p1b: Monkey Gong|Grassy Glide|p2a: Gastrodon
|-supereffective|p2a: Gastrodon
|-damage|p2a: Gastrodon|0 fnt
|faint|p2a: Gastrodon
|move|p1a: Queen Goober|Sucker Punch||[still]
|-fail|p1a: Queen Goober
|
|-heal|p1b: Monkey Gong|72/100|[from] Grassy Terrain
|-heal|p2b: Armarouge|44/100|[from] Grassy Terrain
|upkeep
|turn|7
|
|t:|1756476674
|-terastallize|p2b: Armarouge|Dark
|move|p1b: Monkey Gong|Grassy Glide|p2b: Armarouge
|-damage|p2b: Armarouge|5/100
|-ability|p2b: Armarouge|Weak Armor|boost
|-unboost|p2b: Armarouge|def|1
|-boost|p2b: Armarouge|spe|2
|move|p1a: Queen Goober|Sucker Punch|p2b: Armarouge
|-resisted|p2b: Armarouge
|-damage|p2b: Armarouge|0 fnt
|faint|p2b: Armarouge
|
|win|Slo-mmo-o
|raw|Slo-mmo-o's rating: 1079 → 1104(+25 for winning)
|raw|Gaguimpact's rating: 1045 → 1030(-15 for losing)
|l|☆Slo-mmo-o
|player|p1|
|j|☆Slo-mmo-o
|player|p1|Slo-mmo-o|lance|
|l|☆Gaguimpact
|player|p2|
