|j|☆shynessvgc
|j|☆sedrav
|html|shynessvgcsedrav    
|uhtml|bestof|Game 2 of a best-of-3
|t:|1757047892
|gametype|doubles
|player|p1|shynessvgc|dawn|1184
|player|p2|sedrav|hilbert|1290
|gen|9
|tier|[Gen 9] VGC 2025 Reg H (Bo3)
|rated|
|rule|Species Clause: Limit one of each Pokémon
|rule|Item Clause: Limit 1 of each item
|clearpoke
|poke|p1|Porygon2, L50|
|poke|p1|Ursaluna, L50, M|
|poke|p1|Amoonguss, L50, F|
|poke|p1|Incineroar, L50, F|
|poke|p1|Gholdengo, L50|
|poke|p1|Hydreigon, L50, M|
|poke|p2|Garchomp, L50, F|
|poke|p2|Gholdengo, L50|
|poke|p2|Tyranitar, L50, F|
|poke|p2|Amoonguss, L50, M|
|poke|p2|Kilowattrel, L50, F|
|poke|p2|Incineroar, L50, M|
|teampreview|4
|showteam|p1|Porygon2||Eviolite|Download|TeraBlast,IceBeam,TrickRoom,Recover||||||50|,,,,,Fighting]Ursaluna||FlameOrb|Guts|Protect,HeadlongRush,Facade,Earthquake|||M|||50|,,,,,Ghost]Amoonguss||CovertCloak|Regenerator|ClearSmog,RagePowder,PollenPuff,Spore|||F|||50|,,,,,Fairy]Incineroar||SitrusBerry|Intimidate|FlareBlitz,KnockOff,PartingShot,FakeOut|||F|||50|,,,,,Ghost]Gholdengo||LifeOrb|GoodasGold|Protect,NastyPlot,MakeItRain,ShadowBall||||||50|,,,,,Water]Hydreigon||SafetyGoggles|Levitate|Protect,DragonPulse,Snarl,Tailwind|||M|||50|,,,,,Ghost
|showteam|p2|Garchomp||LifeOrb|RoughSkin|DragonClaw,StompingTantrum,Earthquake,Protect|||F|||50|,,,,,Ground]Gholdengo||MetalCoat|GoodasGold|MakeItRain,ShadowBall,NastyPlot,Protect||||||50|,,,,,Flying]Tyranitar||AssaultVest|SandStream|RockSlide,KnockOff,LowKick,TeraBlast|||F|||50|,,,,,Flying]Amoonguss||SitrusBerry|Regenerator|Spore,RagePowder,PollenPuff,Protect|||M|||50|,,,,,Water]Kilowattrel||FocusSash|Competitive|AirSlash,Tailwind,VoltSwitch,Protect|||F|||50|,,,,,Ghost]Incineroar||SafetyGoggles|Intimidate|FakeOut,FlareBlitz,KnockOff,PartingShot|||M|||50|,,,,,Ghost
|inactive|Battle timer is ON: inactive players will automatically lose when time's up. (requested by sedrav)
|inactive|shynessvgc has 60 seconds left.
|
|t:|1757047956
|teamsize|p1|4
|teamsize|p2|4
|start
|switch|p1a: Hydreigon|Hydreigon, L50, M|100/100
|switch|p1b: Gholdengo|Gholdengo, L50|100/100
|switch|p2a: Gholdengo|Gholdengo, L50|100/100
|switch|p2b: Amoonguss|Amoonguss, L50, M|100/100
|turn|1
|inactive|sedrav has 30 seconds left.
|
|t:|1757047990
|switch|p2a: Incineroar|Incineroar, L50, M|100/100
|-ability|p2a: Incineroar|Intimidate|boost
|-unboost|p1a: Hydreigon|atk|1
|-unboost|p1b: Gholdengo|atk|1
|-terastallize|p1b: Gholdengo|Water
|move|p1a: Hydreigon|Snarl|p2a: Incineroar|[spread] p2a,p2b
|-resisted|p2a: Incineroar
|-damage|p2a: Incineroar|90/100
|-damage|p2b: Amoonguss|84/100
|-unboost|p2a: Incineroar|spa|1
|-unboost|p2b: Amoonguss|spa|1
|move|p1b: Gholdengo|Nasty Plot|p1b: Gholdengo
|-boost|p1b: Gholdengo|spa|2
|move|p2b: Amoonguss|Pollen Puff|p1a: Hydreigon
|-supereffective|p1a: Hydreigon
|-damage|p1a: Hydreigon|73/100
|
|upkeep
|turn|2
|inactive|sedrav has 30 seconds left.
|
|t:|1757048020
|move|p2a: Incineroar|Fake Out|p1b: Gholdengo
|-damage|p1b: Gholdengo|87/100
|move|p1a: Hydreigon|Dragon Pulse|p2a: Incineroar
|-damage|p2a: Incineroar|49/100
|cant|p1b: Gholdengo|flinch
|move|p2b: Amoonguss|Pollen Puff|p2a: Incineroar
|-heal|p2a: Incineroar|99/100
|
|upkeep
|turn|3
|inactive|sedrav has 30 seconds left.
|
|t:|1757048053
|move|p2b: Amoonguss|Protect|p2b: Amoonguss
|-singleturn|p2b: Amoonguss|Protect
|move|p1a: Hydreigon|Dragon Pulse|p2a: Incineroar
|-damage|p2a: Incineroar|60/100
|move|p1b: Gholdengo|Make It Rain|p2b: Amoonguss|[spread] p2a
|-activate|p2b: Amoonguss|move: Protect
|-resisted|p2a: Incineroar
|-damage|p2a: Incineroar|0 fnt
|-unboost|p1b: Gholdengo|spa|1
|faint|p2a: Incineroar
|-damage|p1b: Gholdengo|78/100|[from] item: Life Orb
|
|upkeep
|
|t:|1757048067
|switch|p2a: Tyranitar|Tyranitar, L50, F|100/100
|-weather|Sandstorm|[from] ability: Sand Stream|[of] p2a: Tyranitar
|turn|4
|inactive|sedrav has 30 seconds left.
|
|t:|1757048100
|switch|p1a: Incineroar|Incineroar, L50, F|100/100
|-ability|p1a: Incineroar|Intimidate|boost
|-unboost|p2a: Tyranitar|atk|1
|-unboost|p2b: Amoonguss|atk|1
|-terastallize|p2a: Tyranitar|Flying
|move|p1b: Gholdengo|Protect|p1b: Gholdengo
|-singleturn|p1b: Gholdengo|Protect
|move|p2a: Tyranitar|Rock Slide|p1b: Gholdengo|[spread] p1a
|-activate|p1b: Gholdengo|move: Protect
|-supereffective|p1a: Incineroar
|-damage|p1a: Incineroar|61/100
|move|p2b: Amoonguss|Pollen Puff|p2a: Tyranitar
|
|-weather|Sandstorm|[upkeep]
|-damage|p1b: Gholdengo|71/100|[from] Sandstorm
|-damage|p1a: Incineroar|55/100|[from] Sandstorm
|-damage|p2a: Tyranitar|95/100|[from] Sandstorm
|-damage|p2b: Amoonguss|78/100|[from] Sandstorm
|upkeep
|turn|5
|
|t:|1757048120
|switch|p2a: Gholdengo|Gholdengo, L50|100/100
|move|p1a: Incineroar|Fake Out|p2a: Gholdengo
|-immune|p2a: Gholdengo
|move|p1b: Gholdengo|Nasty Plot|p1b: Gholdengo
|-boost|p1b: Gholdengo|spa|2
|move|p2b: Amoonguss|Spore|p1a: Incineroar
|-status|p1a: Incineroar|slp|[from] move: Spore
|
|-weather|Sandstorm|[upkeep]
|-damage|p1b: Gholdengo|65/100|[from] Sandstorm
|-damage|p1a: Incineroar|49/100 slp|[from] Sandstorm
|-damage|p2b: Amoonguss|72/100|[from] Sandstorm
|-enditem|p1a: Incineroar|Sitrus Berry|[eat]
|-heal|p1a: Incineroar|74/100 slp|[from] item: Sitrus Berry
|upkeep
|turn|6
|
|t:|1757048139
|switch|p2a: Tyranitar|Tyranitar, L50, F, tera:Flying|95/100
|switch|p1a: Hydreigon|Hydreigon, L50, M|73/100
|move|p1b: Gholdengo|Shadow Ball|p2a: Tyranitar
|-damage|p2a: Tyranitar|15/100
|-damage|p1b: Gholdengo|56/100|[from] item: Life Orb
|move|p2b: Amoonguss|Pollen Puff|p2a: Tyranitar
|-heal|p2a: Tyranitar|65/100
|
|-weather|Sandstorm|[upkeep]
|-damage|p1b: Gholdengo|50/100|[from] Sandstorm
|-damage|p2a: Tyranitar|60/100|[from] Sandstorm
|-damage|p2b: Amoonguss|66/100|[from] Sandstorm
|upkeep
|turn|7
|inactive|sedrav has 30 seconds left.
|
|t:|1757048169
|move|p2b: Amoonguss|Rage Powder|p2b: Amoonguss
|-singleturn|p2b: Amoonguss|move: Rage Powder
|move|p1a: Hydreigon|Tailwind|p1a: Hydreigon
|-sidestart|p1: shynessvgc|move: Tailwind
|move|p1b: Gholdengo|Shadow Ball|p2b: Amoonguss
|-damage|p2b: Amoonguss|0 fnt
|faint|p2b: Amoonguss
|-damage|p1b: Gholdengo|40/100|[from] item: Life Orb
|move|p2a: Tyranitar|Knock Off|p1b: Gholdengo
|-damage|p1b: Gholdengo|0 fnt
|-enditem|p1b: Gholdengo|Life Orb|[from] move: Knock Off|[of] p2a: Tyranitar
|faint|p1b: Gholdengo
|
|-weather|Sandstorm|[upkeep]
|-damage|p2a: Tyranitar|54/100|[from] Sandstorm
|upkeep
|
|t:|1757048182
|switch|p1b: Ursaluna|Ursaluna, L50, M|100/100
|switch|p2b: Gholdengo|Gholdengo, L50|100/100
|turn|8
|
|t:|1757048198
|move|p1b: Ursaluna|Protect|p1b: Ursaluna
|-singleturn|p1b: Ursaluna|Protect
|move|p1a: Hydreigon|Snarl|p2a: Tyranitar|[spread] p2a,p2b
|-supereffective|p2b: Gholdengo
|-damage|p2a: Tyranitar|41/100
|-damage|p2b: Gholdengo|60/100
|-unboost|p2a: Tyranitar|spa|1
|-unboost|p2b: Gholdengo|spa|1
|move|p2b: Gholdengo|Nasty Plot|p2b: Gholdengo
|-boost|p2b: Gholdengo|spa|2
|move|p2a: Tyranitar|Low Kick|p1a: Hydreigon
|-supereffective|p1a: Hydreigon
|-damage|p1a: Hydreigon|0 fnt
|faint|p1a: Hydreigon
|
|-weather|none
|-status|p1b: Ursaluna|brn|[from] item: Flame Orb
|upkeep
|
|t:|1757048203
|switch|p1a: Incineroar|Incineroar, L50, F|74/100 slp
|-ability|p1a: Incineroar|Intimidate|boost
|-unboost|p2a: Tyranitar|atk|1
|-unboost|p2b: Gholdengo|atk|1
|turn|9
|inactive|sedrav has 30 seconds left.
|
|t:|1757048231
|cant|p1a: Incineroar|slp
|move|p1b: Ursaluna|Facade|p2a: Tyranitar
|-damage|p2a: Tyranitar|0 fnt
|faint|p2a: Tyranitar
|move|p2b: Gholdengo|Make It Rain|p1a: Incineroar|[spread] p1a,p1b
|-resisted|p1a: Incineroar
|-damage|p1a: Incineroar|33/100 slp
|-damage|p1b: Ursaluna|16/100 brn
|-unboost|p2b: Gholdengo|spa|1
|
|-damage|p1b: Ursaluna|10/100 brn|[from] brn
|upkeep
|turn|10
|
|t:|1757048244
|move|p2b: Gholdengo|Protect|p2b: Gholdengo
|-singleturn|p2b: Gholdengo|Protect
|cant|p1a: Incineroar|slp
|move|p1b: Ursaluna|Headlong Rush|p2b: Gholdengo
|-activate|p2b: Gholdengo|move: Protect
|
|-damage|p1b: Ursaluna|4/100 brn|[from] brn
|-sideend|p1: shynessvgc|move: Tailwind
|upkeep
|turn|11
|
|t:|1757048253
|move|p2b: Gholdengo|Make It Rain|p1a: Incineroar|[spread] p1a,p1b
|-resisted|p1a: Incineroar
|-damage|p1a: Incineroar|6/100 slp
|-damage|p1b: Ursaluna|0 fnt
|-unboost|p2b: Gholdengo|spa|1
|faint|p1b: Ursaluna
|-curestatus|p1a: Incineroar|slp|[msg]
|move|p1a: Incineroar|Flare Blitz|p2b: Gholdengo
|-supereffective|p2b: Gholdengo
|-damage|p2b: Gholdengo|0 fnt
|faint|p2b: Gholdengo
|-damage|p1a: Incineroar|0 fnt|[from] Recoil
|faint|p1a: Incineroar
|
|win|shynessvgc
|raw|shynessvgc's rating: 1184 → 1216(+32 for winning)
|raw|sedrav's rating: 1290 → 1258(-32 for losing)
|l|☆sedrav
|player|p2|
