|j|☆Saicam16
|j|☆redben1092837465
|html|Saicam16redben1092837465    
|uhtml|bestof|Game 1 of a best-of-3
|t:|1783542137
|gametype|doubles
|player|p1|Saicam16|2|1059
|player|p2|redben1092837465|265|1018
|gen|9
|tier|[Gen 9 Champions] VGC 2026 Reg M-B (Bo3)
|rated|
|rule|Species Clause: Limit one of each Pokémon
|rule|Item Clause: Limit 1 of each item
|clearpoke
|poke|p1|Charizard, L50, F|
|poke|p1|Primarina, L50, F, shiny|
|poke|p1|Kingambit, L50, M, shiny|
|poke|p1|Incineroar, L50, M|
|poke|p1|Sneasler, L50, M|
|poke|p1|Farigiraf, L50, M|
|poke|p2|Mamoswine, L50, F|
|poke|p2|Rotom-Wash, L50|
|poke|p2|Sceptile, L50, M|
|poke|p2|Tinkaton, L50, F|
|poke|p2|Farigiraf, L50, F|
|poke|p2|Sableye, L50, M|
|teampreview|4
|showteam|p1|Charizard||CharizarditeX|Blaze|DragonDance,Protect,DragonClaw,FlareBlitz|Jolly||F|||50|]Primarina||MysticWater|LiquidVoice|Protect,HyperVoice,Moonblast,Haze|Modest||F|||50|]Kingambit||BlackGlasses|Defiant|KowtowCleave,SuckerPunch,IronHead,Protect|Adamant||M|||50|]Incineroar||SitrusBerry|Intimidate|FakeOut,PartingShot,FlareBlitz,DarkestLariat|Careful||M|||50|]Sneasler||FocusSash|Unburden|DireClaw,Protect,Coaching,CloseCombat|Adamant||M|||50|]Farigiraf||ColburBerry|ArmorTail|TrickRoom,Psychic,Thunderbolt,Protect|Bold||M|||50|
|showteam|p2|Mamoswine||FocusSash|Oblivious|Earthquake,IceShard,IcicleCrash,Protect|Adamant||F|||50|]Rotom-Wash||ChoiceScarf|Levitate|Discharge,Electroweb,HydroPump,VoltSwitch|Modest|||||50|]Sceptile||Sceptilite|Overgrow|GrassKnot,EarthPower,DragonPulse,Protect|Timid||M|||50|]Tinkaton||SitrusBerry|MoldBreaker|FakeOut,PlayRough,GigatonHammer,ThunderWave|Careful||F|||50|]Farigiraf||ColburBerry|ArmorTail|Psychic,LowKick,RainDance,TrickRoom|Sassy||F|||50|]Sableye||Sablenite|Prankster|RainDance,Swagger,FoulPlay,FakeOut|Careful||M|||50|
|inactive|Battle timer is ON: inactive players will automatically lose when time's up. (requested by Saicam16)
|
|t:|1783542172
|teamsize|p1|4
|teamsize|p2|4
|start
|switch|p1a: Charizard|Charizard, L50, F|100/100
|switch|p1b: Farigiraf|Farigiraf, L50, M|100/100
|switch|p2a: Rotom|Rotom-Wash, L50|100/100
|switch|p2b: Mamoswine|Mamoswine, L50, F|100/100
|turn|1
|inactive|Saicam16 has 30 seconds left.
|inactive|Saicam16 has 20 seconds left.
|
|t:|1783542208
|detailschange|p1a: Charizard|Charizard-Mega-X, L50, F
|-mega|p1a: Charizard|Charizard|Charizardite X
|move|p2a: Rotom|Electroweb|p1b: Farigiraf|[spread] p1a,p1b
|-resisted|p1a: Charizard|1
|-damage|p1a: Charizard|88/100
|-damage|p1b: Farigiraf|84/100
|-unboost|p1a: Charizard|spe|1
|-unboost|p1b: Farigiraf|spe|1
|move|p2b: Mamoswine|Icicle Crash|p1b: Farigiraf
|-damage|p1b: Farigiraf|45/100
|move|p1a: Charizard|Dragon Claw|p2b: Mamoswine
|-damage|p2b: Mamoswine|41/100
|move|p1b: Farigiraf|Thunderbolt|p2b: Mamoswine
|-immune|p2b: Mamoswine
|
|upkeep
|turn|2
|
|t:|1783542232
|move|p2b: Mamoswine|Protect|p2b: Mamoswine
|-singleturn|p2b: Mamoswine|Protect
|move|p2a: Rotom|Electroweb|p1b: Farigiraf|[spread] p1a,p1b
|-resisted|p1a: Charizard|1
|-damage|p1a: Charizard|77/100
|-damage|p1b: Farigiraf|28/100
|-unboost|p1a: Charizard|spe|1
|-unboost|p1b: Farigiraf|spe|1
|move|p1a: Charizard|Dragon Dance|p1a: Charizard
|-boost|p1a: Charizard|atk|1
|-boost|p1a: Charizard|spe|1
|move|p1b: Farigiraf|Trick Room|p1b: Farigiraf
|-fieldstart|move: Trick Room|[of] p1b: Farigiraf
|
|upkeep
|turn|3
|
|t:|1783542255
|move|p2b: Mamoswine|Ice Shard||[still]
|cant|p1b: Farigiraf|ability: Armor Tail|Ice Shard|[of] p2b: Mamoswine
|move|p1b: Farigiraf|Psychic|p2b: Mamoswine
|-damage|p2b: Mamoswine|0 fnt
|faint|p2b: Mamoswine
|move|p1a: Charizard|Dragon Claw|p2a: Rotom
|-damage|p2a: Rotom|0 fnt
|faint|p2a: Rotom
|
|upkeep
|
|t:|1783542267
|switch|p2b: Sceptile|Sceptile, L50, M|100/100
|switch|p2a: Tinkaton|Tinkaton, L50, F|100/100
|-ability|p2a: Tinkaton|Mold Breaker
|turn|4
|
|t:|1783542287
|detailschange|p2b: Sceptile|Sceptile-Mega, L50, M
|-mega|p2b: Sceptile|Sceptile|Sceptilite
|move|p1a: Charizard|Protect|p1a: Charizard
|-singleturn|p1a: Charizard|Protect
|move|p2a: Tinkaton|Fake Out|p1a: Charizard
|-activate|p1a: Charizard|move: Protect
|move|p1b: Farigiraf|Thunderbolt|p2b: Sceptile
|-activate|p2b: Sceptile|ability: Lightning Rod
|-ability|p2b: Sceptile|Lightning Rod|boost
|-boost|p2b: Sceptile|spa|1
|move|p2b: Sceptile|Dragon Pulse|p1a: Charizard
|-activate|p1a: Charizard|move: Protect
|
|upkeep
|turn|5
|inactive|Saicam16 has 30 seconds left.
|
|t:|1783542313
|move|p2b: Sceptile|Protect|p2b: Sceptile
|-singleturn|p2b: Sceptile|Protect
|move|p1b: Farigiraf|Psychic|p2a: Tinkaton
|-resisted|p2a: Tinkaton|1
|-damage|p2a: Tinkaton|86/100
|move|p1a: Charizard|Dragon Claw|p2b: Sceptile
|-activate|p2b: Sceptile|move: Protect
|move|p2a: Tinkaton|Play Rough|p1a: Charizard
|-damage|p1a: Charizard|53/100
|
|upkeep
|turn|6
|
|t:|1783542332
|move|p2b: Sceptile|Protect|p2b: Sceptile
|-singleturn|p2b: Sceptile|Protect
|move|p1b: Farigiraf|Psychic|p2b: Sceptile
|-activate|p2b: Sceptile|move: Protect
|move|p1a: Charizard|Dragon Claw|p2b: Sceptile
|-activate|p2b: Sceptile|move: Protect
|move|p2a: Tinkaton|Gigaton Hammer|p1b: Farigiraf
|-damage|p1b: Farigiraf|0 fnt
|faint|p1b: Farigiraf
|
|-fieldend|move: Trick Room
|upkeep
|
|t:|1783542345
|switch|p1b: Incineroar|Incineroar, L50, M|100/100
|-ability|p1b: Incineroar|Intimidate|boost
|-unboost|p2a: Tinkaton|atk|1
|-unboost|p2b: Sceptile|atk|1
|turn|7
|
|t:|1783542358
|switch|p1a: Primarina|Primarina, L50, F, shiny|100/100
|move|p2b: Sceptile|Dragon Pulse|p1a: Primarina
|-immune|p1a: Primarina
|move|p2a: Tinkaton|Thunder Wave|p1a: Primarina
|-status|p1a: Primarina|par
|move|p1b: Incineroar|Flare Blitz|p2a: Tinkaton
|-supereffective|p2a: Tinkaton|1
|-damage|p2a: Tinkaton|0 fnt
|faint|p2a: Tinkaton
|-damage|p1b: Incineroar|68/100|[from] Recoil
|
|upkeep
|turn|8
|inactive|Saicam16 has 30 seconds left.
|
|t:|1783542384
|switch|p1a: Charizard|Charizard-Mega-X, L50, F|53/100
|move|p2b: Sceptile|Earth Power|p1b: Incineroar
|-supereffective|p1b: Incineroar|1
|-damage|p1b: Incineroar|0 fnt
|faint|p1b: Incineroar
|
|upkeep
|
|t:|1783542391
|switch|p1b: Primarina|Primarina, L50, F, shiny|100/100 par
|turn|9
|
|t:|1783542401
|move|p2b: Sceptile|Grass Knot|p1b: Primarina
|-supereffective|p1b: Primarina|1
|-damage|p1b: Primarina|10/100 par
|move|p1a: Charizard|Dragon Claw|p2b: Sceptile
|-supereffective|p2b: Sceptile|1
|-damage|p2b: Sceptile|0 fnt
|faint|p2b: Sceptile
|
|win|Saicam16
||redben1092837465 is ready for game 2.
