|j|☆I am the Sweeper
|j|☆Poah Neace
|html|I am the SweeperPoah Neace    
|uhtml|bestof|Game 1 of a best-of-3
|t:|1756951968
|gametype|doubles
|player|p1|I am the Sweeper|janitor|1096
|player|p2|Poah Neace|nate|1082
|gen|9
|tier|[Gen 9] VGC 2025 Reg H (Bo3)
|rated|
|rule|Species Clause: Limit one of each Pokémon
|rule|Item Clause: Limit 1 of each item
|clearpoke
|poke|p1|Annihilape, L50, F|
|poke|p1|Archaludon, L50, F|
|poke|p1|Pelipper, L50, M|
|poke|p1|Maushold-Four, L50|
|poke|p1|Sinistcha, L50|
|poke|p1|Grimmsnarl, L50, M|
|poke|p2|Sneasler, L50, F|
|poke|p2|Dragapult, L50, M|
|poke|p2|Dondozo, L50, M|
|poke|p2|Rillaboom, L50, F|
|poke|p2|Volcarona, L50, M|
|poke|p2|Electabuzz, L50, M|
|teampreview|4
|showteam|p1|Annihilape||Leftovers|Defiant|RageFist,DrainPunch,BulkUp,Protect|||F|||50|,,,,,Fire]Archaludon||AssaultVest|Stamina|ElectroShot,DragonPulse,Snarl,BodyPress|||F|||50|,,,,,Bug]Pelipper||LifeOrb|Drizzle|Tailwind,Hurricane,WeatherBall,Protect|||M|||50|,,,,,Stellar]Maushold-Four||SafetyGoggles|FriendGuard|SuperFang,FollowMe,BeatUp,Protect||||||50|,,,,,Ghost]Sinistcha||SitrusBerry|Hospitality|LifeDew,TrickRoom,StrengthSap,MatchaGotcha||||||50|,,,,,Water]Grimmsnarl||LightClay|Prankster|ThunderWave,LightScreen,Reflect,SpiritBreak|||M|||50|,,,,,Ghost
|showteam|p2|Sneasler||FocusSash|PoisonTouch|FakeOut,DireClaw,CloseCombat,Protect|||F|||50|,,,,,Ghost]Dragapult||ChoiceBand|ClearBody|DragonDarts,PhantomForce,Uturn,Outrage|||M|||50|,,,,,Dragon]Dondozo||Leftovers|Unaware|WaveCrash,Yawn,Fissure,Protect|||M|||50|,,,,,Poison]Rillaboom||AssaultVest|GrassySurge|FakeOut,WoodHammer,GrassyGlide,HighHorsepower|||F|||50|,,,,,Fire]Volcarona||CovertCloak|FlameBody|HeatWave,QuiverDance,TeraBlast,Protect|||M|||50|,,,,,Fairy]Electabuzz||Eviolite|VitalSpirit|Thunderbolt,FollowMe,Taunt,Protect|||M|||50|,,,,,Ghost
|
|t:|1756952045
|teamsize|p1|4
|teamsize|p2|4
|start
|switch|p1a: Pelipper|Pelipper, L50, M|100/100
|switch|p1b: Grimmsnarl|Grimmsnarl, L50, M|100/100
|switch|p2a: Electabuzz|Electabuzz, L50, M|100/100
|switch|p2b: Dragapult|Dragapult, L50, M, shiny|100/100
|-weather|RainDance|[from] ability: Drizzle|[of] p1a: Pelipper
|turn|1
|inactive|Battle timer is ON: inactive players will automatically lose when time's up. (requested by Poah Neace)
|inactive|I am the Sweeper has 60 seconds left.
|
|t:|1756952142
|move|p1a: Pelipper|Protect|p1a: Pelipper
|-singleturn|p1a: Pelipper|Protect
|move|p1b: Grimmsnarl|Reflect|p1b: Grimmsnarl
|-sidestart|p1: I am the Sweeper|Reflect
|move|p2b: Dragapult|U-turn|p1b: Grimmsnarl
|-damage|p1b: Grimmsnarl|75/100
|
|t:|1756952157
|switch|p2b: Sneasler|Sneasler, L50, F|100/100|[from] U-turn
|move|p2a: Electabuzz|Thunderbolt|p1a: Pelipper
|-activate|p1a: Pelipper|move: Protect
|
|-weather|RainDance|[upkeep]
|upkeep
|turn|2
|inactive|I am the Sweeper has 30 seconds left.
|
|t:|1756952189
|switch|p1a: Sinistcha|Sinistcha, L50|100/100
|-heal|p1b: Grimmsnarl|99/100|[from] ability: Hospitality|[of] p1a: Sinistcha
|move|p2a: Electabuzz|Follow Me|p2a: Electabuzz
|-singleturn|p2a: Electabuzz|move: Follow Me
|move|p1b: Grimmsnarl|Thunder Wave|p2a: Electabuzz
|-immune|p2a: Electabuzz
|move|p2b: Sneasler|Dire Claw|p1b: Grimmsnarl
|-supereffective|p1b: Grimmsnarl
|-damage|p1b: Grimmsnarl|36/100
|
|-weather|RainDance|[upkeep]
|upkeep
|turn|3
|inactive|I am the Sweeper has 30 seconds left.
|inactive|I am the Sweeper has 20 seconds left.
|inactive|I am the Sweeper has 15 seconds left.
|inactive|I am the Sweeper has 10 seconds left.
|
|t:|1756952238
|switch|p1b: Archaludon|Archaludon, L50, F|100/100
|move|p2a: Electabuzz|Follow Me|p2a: Electabuzz
|-singleturn|p2a: Electabuzz|move: Follow Me
|move|p2b: Sneasler|Dire Claw|p1b: Archaludon
|-immune|p1b: Archaludon
|move|p1a: Sinistcha|Matcha Gotcha|p2b: Sneasler|[spread] p2a,p2b
|-resisted|p2b: Sneasler
|-damage|p2a: Electabuzz|82/100
|-damage|p2b: Sneasler|83/100
|
|-weather|RainDance|[upkeep]
|upkeep
|turn|4
|inactive|I am the Sweeper has 30 seconds left.
|inactive|Poah Neace has 30 seconds left.
|
|t:|1756952271
|move|p2a: Electabuzz|Follow Me|p2a: Electabuzz
|-singleturn|p2a: Electabuzz|move: Follow Me
|move|p2b: Sneasler|Dire Claw|p1a: Sinistcha
|-damage|p1a: Sinistcha|75/100
|-status|p1a: Sinistcha|psn|[from] ability: Poison Touch|[of] p2b: Sneasler
|move|p1b: Archaludon|Electro Shot||[still]
|-prepare|p1b: Archaludon|Electro Shot
|-boost|p1b: Archaludon|spa|1
|-anim|p1b: Archaludon|Electro Shot|p2a: Electabuzz
|-resisted|p2a: Electabuzz
|-damage|p2a: Electabuzz|59/100
|move|p1a: Sinistcha|Matcha Gotcha|p2b: Sneasler|[spread] p2a,p2b
|-resisted|p2b: Sneasler
|-damage|p2a: Electabuzz|39/100
|-heal|p1a: Sinistcha|85/100 psn|[from] drain|[of] p2a: Electabuzz
|-damage|p2b: Sneasler|68/100
|-heal|p1a: Sinistcha|92/100 psn|[from] drain|[of] p2b: Sneasler
|
|-weather|RainDance|[upkeep]
|-damage|p1a: Sinistcha|79/100 psn|[from] psn
|upkeep
|turn|5
|inactive|I am the Sweeper has 30 seconds left.
|inactive|Poah Neace has 30 seconds left.
|inactive|I am the Sweeper has 20 seconds left.
|inactive|I am the Sweeper has 15 seconds left.
|
|t:|1756952311
|move|p2a: Electabuzz|Follow Me|p2a: Electabuzz
|-singleturn|p2a: Electabuzz|move: Follow Me
|move|p2b: Sneasler|Close Combat|p1b: Archaludon
|-supereffective|p1b: Archaludon
|-damage|p1b: Archaludon|39/100
|-unboost|p2b: Sneasler|def|1
|-unboost|p2b: Sneasler|spd|1
|-ability|p1b: Archaludon|Stamina|boost
|-boost|p1b: Archaludon|def|1
|move|p1b: Archaludon|Dragon Pulse|p2a: Electabuzz
|-damage|p2a: Electabuzz|0 fnt
|faint|p2a: Electabuzz
|move|p1a: Sinistcha|Matcha Gotcha|p2b: Sneasler
|-resisted|p2b: Sneasler
|-damage|p2b: Sneasler|36/100
|-heal|p1a: Sinistcha|93/100 psn|[from] drain|[of] p2b: Sneasler
|
|-weather|none
|-damage|p1a: Sinistcha|81/100 psn|[from] psn
|upkeep
|inactive|Poah Neace has 30 seconds left.
|
|t:|1756952341
|switch|p2a: Dragapult|Dragapult, L50, M, shiny|100/100
|turn|6
|inactive|I am the Sweeper has 30 seconds left.
|
|t:|1756952372
|switch|p1b: Pelipper|Pelipper, L50, M|100/100
|-weather|RainDance|[from] ability: Drizzle|[of] p1b: Pelipper
|-terastallize|p2a: Dragapult|Dragon
|move|p2a: Dragapult|Dragon Darts|p1b: Pelipper
|-damage|p1b: Pelipper|53/100
|-anim|p2a: Dragapult|Dragon Darts|p1a: Sinistcha
|-damage|p1a: Sinistcha|50/100 psn
|-enditem|p1a: Sinistcha|Sitrus Berry|[eat]
|-heal|p1a: Sinistcha|75/100 psn|[from] item: Sitrus Berry
|move|p2b: Sneasler|Close Combat|p1b: Pelipper
|-resisted|p1b: Pelipper
|-damage|p1b: Pelipper|25/100
|-unboost|p2b: Sneasler|def|1
|-unboost|p2b: Sneasler|spd|1
|move|p1a: Sinistcha|Trick Room|p1a: Sinistcha
|-fieldstart|move: Trick Room|[of] p1a: Sinistcha
|
|-weather|RainDance|[upkeep]
|-damage|p1a: Sinistcha|62/100 psn|[from] psn
|upkeep
|turn|7
|inactive|I am the Sweeper has 30 seconds left.
|inactive|Poah Neace has 30 seconds left.
|inactive|I am the Sweeper has 20 seconds left.
|inactive|I am the Sweeper has 15 seconds left.
|inactive|I am the Sweeper has 10 seconds left.
|inactive|I am the Sweeper has 5 seconds left.
|
|t:|1756952426
|switch|p2a: Rillaboom|Rillaboom, L50, F|100/100
|-fieldstart|move: Grassy Terrain|[from] ability: Grassy Surge|[of] p2a: Rillaboom
|move|p2b: Sneasler|Protect|p2b: Sneasler
|-singleturn|p2b: Sneasler|Protect
|move|p1a: Sinistcha|Matcha Gotcha|p2a: Rillaboom|[spread] p2a
|-activate|p2b: Sneasler|move: Protect
|-resisted|p2a: Rillaboom
|-damage|p2a: Rillaboom|88/100
|-heal|p1a: Sinistcha|70/100 psn|[from] drain|[of] p2a: Rillaboom
|-status|p2a: Rillaboom|brn
|move|p1b: Pelipper|Weather Ball|p2b: Sneasler
|-activate|p2b: Sneasler|move: Protect
|
|-weather|RainDance|[upkeep]
|-heal|p1a: Sinistcha|76/100 psn|[from] Grassy Terrain
|-heal|p2a: Rillaboom|94/100 brn|[from] Grassy Terrain
|-heal|p2b: Sneasler|42/100|[from] Grassy Terrain
|-damage|p1a: Sinistcha|63/100 psn|[from] psn
|-damage|p2a: Rillaboom|88/100 brn|[from] brn
|upkeep
|turn|8
|inactive|I am the Sweeper has 30 seconds left.
|inactive|I am the Sweeper has 20 seconds left.
|
|t:|1756952461
|move|p1b: Pelipper|Protect|p1b: Pelipper
|-singleturn|p1b: Pelipper|Protect
|move|p2a: Rillaboom|Grassy Glide|p1b: Pelipper
|-activate|p1b: Pelipper|move: Protect
|move|p1a: Sinistcha|Matcha Gotcha|p2b: Sneasler|[spread] p2a,p2b
|-resisted|p2a: Rillaboom
|-resisted|p2b: Sneasler
|-damage|p2a: Rillaboom|74/100 brn
|-heal|p1a: Sinistcha|71/100 psn|[from] drain|[of] p2a: Rillaboom
|-damage|p2b: Sneasler|0 fnt
|-heal|p1a: Sinistcha|89/100 psn|[from] drain|[of] p2b: Sneasler
|faint|p2b: Sneasler
|
|-weather|RainDance|[upkeep]
|-heal|p1a: Sinistcha|95/100 psn|[from] Grassy Terrain
|-heal|p2a: Rillaboom|80/100 brn|[from] Grassy Terrain
|-damage|p1a: Sinistcha|83/100 psn|[from] psn
|-damage|p2a: Rillaboom|74/100 brn|[from] brn
|-sideend|p1: I am the Sweeper|Reflect
|upkeep
|
|t:|1756952479
|switch|p2b: Dragapult|Dragapult, L50, M, shiny, tera:Dragon|100/100
|turn|9
|inactive|I am the Sweeper has 30 seconds left.
|inactive|I am the Sweeper has 20 seconds left.
|inactive|I am the Sweeper has 15 seconds left.
|inactive|I am the Sweeper has 10 seconds left.
|
|t:|1756952525
|move|p2a: Rillaboom|Grassy Glide|p1b: Pelipper
|-damage|p1b: Pelipper|3/100
|move|p1a: Sinistcha|Strength Sap|p2b: Dragapult
|-fail|p2b: Dragapult|unboost|[from] ability: Clear Body|[of] p2b: Dragapult
|-heal|p1a: Sinistcha|100/100 psn
|move|p1b: Pelipper|Hurricane|p2a: Rillaboom
|-supereffective|p2a: Rillaboom
|-damage|p2a: Rillaboom|0 fnt
|faint|p2a: Rillaboom
|-damage|p1b: Pelipper|0 fnt|[from] item: Life Orb
|faint|p1b: Pelipper
|move|p2b: Dragapult|Dragon Darts|p1a: Sinistcha
|-damage|p1a: Sinistcha|51/100 psn
|-anim|p2b: Dragapult|Dragon Darts|p1a: Sinistcha
|-damage|p1a: Sinistcha|3/100 psn
|
|-weather|RainDance|[upkeep]
|-heal|p1a: Sinistcha|9/100 psn|[from] Grassy Terrain
|-damage|p1a: Sinistcha|0 fnt|[from] psn
|faint|p1a: Sinistcha
|upkeep
|
|t:|1756952548
|switch|p1a: Archaludon|Archaludon, L50, F|39/100
|switch|p1b: Grimmsnarl|Grimmsnarl, L50, M|36/100
|turn|10
|-message|Poah Neace forfeited.
|
|win|I am the Sweeper
|l|☆Poah Neace
|player|p2|
||Poah Neace is ready for game 2.
||I am the Sweeper is ready for game 2.
|uhtml|next|Next: Game 2 of 3
