|j|☆lolgz
|j|☆christorietasyt
|html|lolgzchristorietasyt    
|uhtml|bestof|Game 2 of a best-of-3
|t:|1784874117
|gametype|doubles
|player|p1|lolgz|dawn|1325
|player|p2|christorietasyt|ethan|1149
|gen|9
|tier|[Gen 9 Champions] VGC 2026 Reg M-B (Bo3)
|rated|
|rule|Species Clause: Limit one of each Pokémon
|rule|Item Clause: Limit 1 of each item
|clearpoke
|poke|p1|Blastoise, L50, F|
|poke|p1|Vivillon, L50, M|
|poke|p1|Farigiraf, L50, F|
|poke|p1|Gallade, L50, M|
|poke|p1|Kingambit, L50, M|
|poke|p1|Camerupt, L50, M|
|poke|p2|Staraptor, L50, F|
|poke|p2|Vanilluxe, L50, M|
|poke|p2|Farigiraf, L50, M|
|poke|p2|Blastoise, L50, M|
|poke|p2|Kingambit, L50, M|
|poke|p2|Camerupt, L50, F|
|teampreview|4
|showteam|p1|Blastoise||Blastoisinite|Torrent|WaterSpout,DarkPulse,FakeOut,ShellSmash|Modest||F|||50|]Vivillon||ChoiceScarf|CompoundEyes|SleepPowder,RagePowder,Tailwind,Hurricane|Timid||M|||50|]Farigiraf||SitrusBerry|ArmorTail|TrickRoom,Psychic,HelpingHand,Protect|Relaxed||F|||50|]Gallade||IronBall|Sharpness|SacredSword,PsychoCut,LeafBlade,TrickRoom|Brave||M|||50|]Kingambit||LifeOrb|Defiant|SuckerPunch,KowtowCleave,IronHead,Protect|Brave||M|||50|]Camerupt||Cameruptite|MagmaArmor|HeatWave,EarthPower,AncientPower,Protect|Quiet||M|||50|
|showteam|p2|Staraptor||ChoiceScarf|Intimidate|FinalGambit,BraveBird,CloseCombat,Uturn|Jolly||F|||50|]Vanilluxe||NeverMeltIce|SnowWarning|Blizzard,FreezeDry,Protect,IceShard|Quiet||M|||50|]Farigiraf||SitrusBerry|ArmorTail|PsychicFangs,HyperVoice,HelpingHand,TrickRoom|Relaxed||M|||50|]Blastoise||Blastoisinite|RainDish|FakeOut,WaterSpout,AuraSphere,DarkPulse|Quiet||M|||50|]Kingambit||LifeOrb|Defiant|KowtowCleave,IronHead,Protect,SuckerPunch|Brave||M|||50|]Camerupt||Cameruptite|SolidRock|HeatWave,EarthPower,Protect,AncientPower|Quiet||F|||50|
|inactive|Battle timer is ON: inactive players will automatically lose when time's up. (requested by lolgz)
|
|t:|1784874130
|teamsize|p1|4
|teamsize|p2|4
|start
|switch|p1a: Vivillon|Vivillon, L50, M|100/100
|switch|p1b: Blastoise|Blastoise, L50, F|100/100
|switch|p2a: Staraptor|Staraptor, L50, F|100/100
|switch|p2b: Farigiraf|Farigiraf, L50, M|100/100
|-ability|p2a: Staraptor|Intimidate|boost
|-unboost|p1a: Vivillon|atk|1
|-unboost|p1b: Blastoise|atk|1
|turn|1
|
|t:|1784874151
|switch|p1b: Farigiraf|Farigiraf, L50, F|100/100
|move|p1a: Vivillon|Sleep Powder|p2b: Farigiraf
|-status|p2b: Farigiraf|slp|[from] move: Sleep Powder
|move|p2a: Staraptor|Final Gambit|p1b: Farigiraf
|-damage|p1b: Farigiraf|15/100
|-enditem|p1b: Farigiraf|Sitrus Berry|[eat]
|-heal|p1b: Farigiraf|40/100|[from] item: Sitrus Berry
|faint|p2a: Staraptor
|cant|p2b: Farigiraf|slp
|
|upkeep
|
|t:|1784874175
|switch|p2a: Camerupt|Camerupt, L50, F|100/100
|turn|2
|
|t:|1784874181
|switch|p1b: Blastoise|Blastoise, L50, F|100/100
|detailschange|p2a: Camerupt|Camerupt-Mega, L50, F
|-mega|p2a: Camerupt|Camerupt|Cameruptite
|move|p1a: Vivillon|Sleep Powder|p2a: Camerupt
|-status|p2a: Camerupt|slp|[from] move: Sleep Powder
|cant|p2a: Camerupt|slp
|-curestatus|p2b: Farigiraf|slp|[msg]
|move|p2b: Farigiraf|Trick Room|p2b: Farigiraf
|-fieldstart|move: Trick Room|[of] p2b: Farigiraf
|
|upkeep
|turn|3
|
|t:|1784874204
|switch|p2a: Blastoise|Blastoise, L50, M|100/100
|detailschange|p1b: Blastoise|Blastoise-Mega, L50, F
|-mega|p1b: Blastoise|Blastoise|Blastoisinite
|move|p2b: Farigiraf|Hyper Voice|p1b: Blastoise|[spread] p1a,p1b
|-damage|p1a: Vivillon|49/100
|-damage|p1b: Blastoise|76/100
|move|p1b: Blastoise|Water Spout|p2b: Farigiraf|[spread] p2a,p2b
|-resisted|p2a: Blastoise|1
|-damage|p2a: Blastoise|75/100
|-damage|p2b: Farigiraf|53/100
|move|p1a: Vivillon|Sleep Powder|p2b: Farigiraf|[miss]
|-miss|p1a: Vivillon|p2b: Farigiraf
|
|upkeep
|turn|4
|
|t:|1784874231
|move|p2a: Blastoise|Fake Out|p1b: Blastoise
|-damage|p1b: Blastoise|68/100
|move|p2b: Farigiraf|Hyper Voice|p1b: Blastoise|[spread] p1a,p1b
|-damage|p1a: Vivillon|0 fnt
|-damage|p1b: Blastoise|40/100
|faint|p1a: Vivillon
|cant|p1b: Blastoise|flinch
|
|upkeep
|
|t:|1784874233
|switch|p1a: Farigiraf|Farigiraf, L50, F|40/100
|turn|5
|
|t:|1784874247
|move|p2b: Farigiraf|Hyper Voice|p1a: Farigiraf|[spread] p1a,p1b
|-crit|p1b: Blastoise
|-damage|p1a: Farigiraf|14/100
|-damage|p1b: Blastoise|3/100
|move|p2a: Blastoise|Dark Pulse|p1a: Farigiraf
|-supereffective|p1a: Farigiraf|1
|-damage|p1a: Farigiraf|0 fnt
|faint|p1a: Farigiraf
|move|p1b: Blastoise|Dark Pulse|p2a: Blastoise
|-damage|p2a: Blastoise|34/100
|
|upkeep
|
|t:|1784874250
|switch|p1a: Kingambit|Kingambit, L50, M|100/100
|turn|6
|-message|lolgz forfeited.
|
|win|christorietasyt
