|j|☆IngeVGC
|j|☆jdog1613
|html|IngeVGCjdog1613    
|uhtml|bestof|Game 1 of a best-of-3
|t:|1784046109
|gametype|doubles
|player|p1|IngeVGC|265|1000
|player|p2|jdog1613|266|1027
|gen|9
|tier|[Gen 9 Champions] VGC 2026 Reg M-B (Bo3)
|rated|
|rule|Species Clause: Limit one of each Pokémon
|rule|Item Clause: Limit 1 of each item
|clearpoke
|poke|p1|Aerodactyl, L50, M|
|poke|p1|Kingambit, L50, M, shiny|
|poke|p1|Farigiraf, L50, M, shiny|
|poke|p1|Charizard, L50, M, shiny|
|poke|p1|Sylveon, L50, M, shiny|
|poke|p1|Garchomp, L50, M, shiny|
|poke|p2|Pelipper, L50, F|
|poke|p2|Swampert, L50, F|
|poke|p2|Archaludon, L50, M|
|poke|p2|Grimmsnarl, L50, M|
|poke|p2|Farigiraf, L50, M|
|poke|p2|Mawile, L50, F|
|teampreview|4
|showteam|p1|Aerodactyl||Aerodactylite|Unnerve|IceFang,DualWingbeat,RockSlide,Tailwind|Jolly||M|||50|]Kingambit||FocusSash|Defiant|KowtowCleave,IronHead,SuckerPunch,LowKick|Adamant||M|||50|]Farigiraf||SitrusBerry|ArmorTail|TrickRoom,Psychic,Thunderbolt,Roar|Bold||M|||50|]Charizard||CharizarditeY|SolarPower|HeatWave,WeatherBall,SolarBeam,Protect|Modest||M|||50|]Sylveon||FairyFeather|Pixilate|Detect,HyperVoice,HyperBeam,QuickAttack|Modest||M|||50|]Garchomp||LifeOrb|RoughSkin|Protect,DragonClaw,Earthquake,StompingTantrum|Jolly||M|||50|
|showteam|p2|Pelipper||LifeOrb|Drizzle|WideGuard,WeatherBall,Hurricane,Tailwind|Modest||F|||50|]Swampert||Swampertite|Damp|Earthquake,WaveCrash,IcePunch,Protect|Adamant||F|||50|]Archaludon||Leftovers|Stamina|ElectroShot,DragonPulse,FlashCannon,Protect|Modest||M|||50|]Grimmsnarl||LightClay|Prankster|PartingShot,FoulPlay,Reflect,LightScreen|Careful||M|||50|]Farigiraf||SitrusBerry|ArmorTail|Psychic,TrickRoom,Protect,Thunderbolt|Quiet||M|||50|]Mawile||Mawilite|Intimidate|PlayRough,IronHead,SuckerPunch,Protect|Adamant||F|||50|
|
|t:|1784046174
|teamsize|p1|4
|teamsize|p2|4
|start
|switch|p1a: Charizard|Charizard, L50, M, shiny|100/100
|switch|p1b: Kingambit|Kingambit, L50, M, shiny|100/100
|switch|p2a: Grimmsnarl|Grimmsnarl, L50, M|100/100
|switch|p2b: Archaludon|Archaludon, L50, M|100/100
|turn|1
|
|t:|1784046205
|move|p1a: Charizard|Protect|p1a: Charizard
|-singleturn|p1a: Charizard|Protect
|move|p2a: Grimmsnarl|Parting Shot|p1a: Charizard
|-activate|p1a: Charizard|move: Protect
|move|p2b: Archaludon|Electro Shot||[still]
|-prepare|p2b: Archaludon|Electro Shot
|-boost|p2b: Archaludon|spa|1
|move|p1b: Kingambit|Iron Head|p2a: Grimmsnarl
|-supereffective|p2a: Grimmsnarl|1
|-damage|p2a: Grimmsnarl|4/100
|
|upkeep
|turn|2
|
|t:|1784046228
|switch|p1a: Farigiraf|Farigiraf, L50, M, shiny|100/100
|move|p2a: Grimmsnarl|Light Screen|p2a: Grimmsnarl
|-sidestart|p2: jdog1613|move: Light Screen
|move|p2b: Archaludon|Electro Shot|p1a: Farigiraf|[from] lockedmove
|-damage|p1a: Farigiraf|36/100
|-enditem|p1a: Farigiraf|Sitrus Berry|[eat]
|-heal|p1a: Farigiraf|61/100|[from] item: Sitrus Berry
|move|p1b: Kingambit|Kowtow Cleave|p2a: Grimmsnarl
|-resisted|p2a: Grimmsnarl|2
|-damage|p2a: Grimmsnarl|0 fnt
|faint|p2a: Grimmsnarl
|
|upkeep
|
|t:|1784046245
|switch|p2a: Swampert|Swampert, L50, F|100/100
|turn|3
|
|t:|1784046283
|detailschange|p2a: Swampert|Swampert-Mega, L50, F
|-mega|p2a: Swampert|Swampert|Swampertite
|move|p2b: Archaludon|Protect|p2b: Archaludon
|-singleturn|p2b: Archaludon|Protect
|move|p2a: Swampert|Earthquake|p1b: Kingambit|[spread] p1a,p1b
|-activate|p2b: Archaludon|move: Protect
|-supereffective|p1b: Kingambit|1
|-damage|p1a: Farigiraf|25/100
|-damage|p1b: Kingambit|20/100y
|move|p1b: Kingambit|Low Kick|p2b: Archaludon
|-activate|p2b: Archaludon|move: Protect
|move|p1a: Farigiraf|Psychic|p2a: Swampert
|-damage|p2a: Swampert|78/100
|
|upkeep
|turn|4
|
|t:|1784046299
|switch|p2b: Pelipper|Pelipper, L50, F|100/100
|-weather|RainDance|[from] ability: Drizzle|[of] p2b: Pelipper
|move|p1b: Kingambit|Sucker Punch|p2a: Swampert
|-crit|p2a: Swampert
|-damage|p2a: Swampert|19/100
|move|p2a: Swampert|Earthquake|p1b: Kingambit|[spread] p1a,p1b
|-immune|p2b: Pelipper
|-supereffective|p1b: Kingambit|1
|-damage|p1a: Farigiraf|0 fnt
|-damage|p1b: Kingambit|0 fnt
|faint|p1a: Farigiraf
|faint|p1b: Kingambit
|
|-weather|RainDance|[upkeep]
|upkeep
|
|t:|1784046306
|switch|p1b: Charizard|Charizard, L50, M, shiny|100/100
|switch|p1a: Sylveon|Sylveon, L50, M, shiny|100/100
|turn|5
|
|t:|1784046327
|switch|p2b: Archaludon|Archaludon, L50, M|100/100
|detailschange|p1b: Charizard|Charizard-Mega-Y, L50, M, shiny
|-mega|p1b: Charizard|Charizard|Charizardite Y
|-weather|SunnyDay|[from] ability: Drought|[of] p1b: Charizard
|move|p2a: Swampert|Protect|p2a: Swampert
|-singleturn|p2a: Swampert|Protect
|move|p1b: Charizard|Heat Wave|p2b: Archaludon|[spread] p2b
|-activate|p2a: Swampert|move: Protect
|-damage|p2b: Archaludon|46/100
|-ability|p2b: Archaludon|Stamina|boost
|-boost|p2b: Archaludon|def|1
|move|p1a: Sylveon|Hyper Voice|p2b: Archaludon|[spread] p2b
|-activate|p2a: Swampert|move: Protect
|-damage|p2b: Archaludon|5/100
|-ability|p2b: Archaludon|Stamina|boost
|-boost|p2b: Archaludon|def|1
|
|-weather|SunnyDay|[upkeep]
|-heal|p2b: Archaludon|11/100|[from] item: Leftovers
|upkeep
|turn|6
|
|t:|1784046356
|switch|p2a: Pelipper|Pelipper, L50, F|100/100
|-weather|RainDance|[from] ability: Drizzle|[of] p2a: Pelipper
|move|p1b: Charizard|Protect|p1b: Charizard
|-singleturn|p1b: Charizard|Protect
|move|p2b: Archaludon|Flash Cannon|p1a: Sylveon
|-supereffective|p1a: Sylveon|1
|-damage|p1a: Sylveon|31/100
|move|p1a: Sylveon|Hyper Voice|p2a: Pelipper|[spread] p2a,p2b
|-crit|p2b: Archaludon
|-damage|p2a: Pelipper|55/100
|-damage|p2b: Archaludon|0 fnt
|faint|p2b: Archaludon
|
|-weather|RainDance|[upkeep]
|upkeep
|
|t:|1784046369
|switch|p2b: Swampert|Swampert-Mega, L50, F|19/100
|turn|7
|
|t:|1784046396
|move|p2a: Pelipper|Wide Guard|p2a: Pelipper
|-singleturn|p2a: Pelipper|Wide Guard
|move|p2b: Swampert|Earthquake|p1b: Charizard|[spread] p1a
|-activate|p2a: Pelipper|move: Wide Guard
|-immune|p1b: Charizard
|-damage|p1a: Sylveon|0 fnt
|faint|p1a: Sylveon
|move|p1b: Charizard|Weather Ball|p2b: Swampert
|-damage|p2b: Swampert|0 fnt
|faint|p2b: Swampert
|
|-weather|RainDance|[upkeep]
|upkeep
|turn|8
|
|t:|1784046409
|move|p1b: Charizard|Protect|p1b: Charizard
|-singleturn|p1b: Charizard|Protect
|move|p2a: Pelipper|Weather Ball|p1b: Charizard
|-activate|p1b: Charizard|move: Protect
|
|-weather|RainDance|[upkeep]
|upkeep
|turn|9
|
|t:|1784046418
|move|p1b: Charizard|Solar Beam||[still]
|-prepare|p1b: Charizard|Solar Beam
|move|p2a: Pelipper|Weather Ball|p1b: Charizard
|-supereffective|p1b: Charizard|1
|-damage|p1b: Charizard|0 fnt
|faint|p1b: Charizard
|-damage|p2a: Pelipper|46/100|[from] item: Life Orb
|
|win|jdog1613
||IngeVGC is ready for game 2.
|inactive|jdog1613 has 30 seconds to confirm battle start!
|inactive|jdog1613 has 20 seconds to confirm battle start!
||jdog1613 is ready for game 2.
|uhtml|next|Next: Game 2 of 3
|l|☆jdog1613
|player|p2|
