|j|☆Kylewithasmile69
|j|☆raimolol
|html|Kylewithasmile69raimolol    
|uhtml|bestof|Game 1 of a best-of-3
|t:|1757910873
|gametype|doubles
|player|p1|Kylewithasmile69|1|1064
|player|p2|raimolol|169|1018
|gen|9
|tier|[Gen 9] VGC 2025 Reg H (Bo3)
|rated|
|rule|Species Clause: Limit one of each Pokémon
|rule|Item Clause: Limit 1 of each item
|clearpoke
|poke|p1|Porygon2, L50|
|poke|p1|Incineroar, L50, M|
|poke|p1|Ursaluna, L50, M|
|poke|p1|Jumpluff, L50, M|
|poke|p1|Charizard, L50, F|
|poke|p1|Torkoal, L50, M|
|poke|p2|Sinistcha, L50|
|poke|p2|Kingambit, L50, F|
|poke|p2|Garchomp, L50, M|
|poke|p2|Primarina, L50, F|
|poke|p2|Volcarona, L50, F|
|poke|p2|Hariyama, L50, M|
|teampreview|4
|showteam|p1|Porygon2||Eviolite|Download|TeraBlast,IceBeam,TrickRoom,Recover||||||50|,,,,,Fighting]Incineroar||SitrusBerry|Intimidate|FakeOut,KnockOff,FlareBlitz,PartingShot|||M|||50|,,,,,Ghost]Ursaluna||FlameOrb|Guts|HeadlongRush,Facade,Earthquake,Protect|||M|||50|,,,,,Ghost]Jumpluff||CovertCloak|Chlorophyll|RagePowder,SunnyDay,Tailwind,SleepPowder|||M|||50|,,,,,Fire]Charizard||ChoiceSpecs|SolarPower|HeatWave,Overheat,WeatherBall,DragonPulse|||F|||50|,,,,,Ghost]Torkoal||EjectPack|Drought|Overheat,Eruption,HelpingHand,Protect|||M|||50|,,,,,Fire
|showteam|p2|Sinistcha||MentalHerb|Hospitality|MatchaGotcha,Protect,StrengthSap,TrickRoom||||||50|,,,,,Dark]Kingambit||LifeOrb|Defiant|KowtowCleave,IronHead,SuckerPunch,Protect|||F|||50|,,,,,Ghost]Garchomp||LoadedDice|RoughSkin|StompingTantrum,ScaleShot,SwordsDance,Protect|||M|||50|,,,,,Steel]Primarina||ChoiceSpecs|LiquidVoice|HyperVoice,Moonblast,DazzlingGleam,HydroCannon|||F|||50|,,,,,Grass]Volcarona||SafetyGoggles|FlameBody|StruggleBug,Flamethrower,RagePowder,Tailwind|||F|||50|,,,,,Water]Hariyama||AssaultVest|ThickFat|DrainPunch,KnockOff,HeadlongRush,FakeOut|||M|||50|,,,,,Steel
|inactive|Battle timer is ON: inactive players will automatically lose when time's up. (requested by raimolol)
|
|t:|1757910895
|teamsize|p1|4
|teamsize|p2|4
|start
|switch|p1a: Charizard|Charizard, L50, F|100/100
|switch|p1b: Jumpluff|Jumpluff, L50, M|100/100
|switch|p2a: Hariyama|Hariyama, L50, M|100/100
|switch|p2b: Garchomp|Garchomp, L50, M|100/100
|turn|1
|
|t:|1757910919
|switch|p1a: Ursaluna|Ursaluna, L50, M|100/100
|move|p2a: Hariyama|Fake Out|p1a: Ursaluna
|-damage|p1a: Ursaluna|90/100
|move|p1b: Jumpluff|Sleep Powder|p2b: Garchomp
|-status|p2b: Garchomp|slp|[from] move: Sleep Powder
|cant|p2b: Garchomp|slp
|
|-status|p1a: Ursaluna|brn|[from] item: Flame Orb
|upkeep
|turn|2
|inactive|raimolol has 30 seconds left.
|
|t:|1757910948
|-curestatus|p2b: Garchomp|slp|[msg]
|move|p2b: Garchomp|Protect|p2b: Garchomp
|-singleturn|p2b: Garchomp|Protect
|move|p1b: Jumpluff|Rage Powder|p1b: Jumpluff
|-singleturn|p1b: Jumpluff|move: Rage Powder
|move|p1a: Ursaluna|Earthquake|p2b: Garchomp|[spread] p2a
|-activate|p2b: Garchomp|move: Protect
|-immune|p1b: Jumpluff
|-damage|p2a: Hariyama|34/100
|move|p2a: Hariyama|Drain Punch|p1b: Jumpluff
|-resisted|p1b: Jumpluff
|-damage|p1b: Jumpluff|77/100
|-heal|p2a: Hariyama|42/100|[from] drain|[of] p1b: Jumpluff
|
|-damage|p1a: Ursaluna|84/100 brn|[from] brn
|upkeep
|turn|3
|inactive|raimolol has 30 seconds left.
|inactive|raimolol has 20 seconds left.
|inactive|raimolol has 15 seconds left.
|inactive|raimolol has 10 seconds left.
|inactive|raimolol has 5 seconds left.
|
|t:|1757910999
|move|p1b: Jumpluff|Tailwind|p1b: Jumpluff
|-sidestart|p1: Kylewithasmile69|move: Tailwind
|move|p1a: Ursaluna|Earthquake|p2a: Hariyama|[spread] p2a,p2b
|-immune|p1b: Jumpluff
|-damage|p2a: Hariyama|0 fnt
|-damage|p2b: Garchomp|30/100
|faint|p2a: Hariyama
|move|p2b: Garchomp|Scale Shot|p1a: Ursaluna
|-damage|p1a: Ursaluna|72/100 brn
|-damage|p1a: Ursaluna|62/100 brn
|-damage|p1a: Ursaluna|51/100 brn
|-damage|p1a: Ursaluna|41/100 brn
|-damage|p1a: Ursaluna|31/100 brn
|-hitcount|p1a: Ursaluna|5
|-unboost|p2b: Garchomp|def|1
|-boost|p2b: Garchomp|spe|1
|
|-damage|p1a: Ursaluna|25/100 brn|[from] brn
|upkeep
|
|t:|1757911017
|switch|p2a: Sinistcha|Sinistcha, L50|100/100
|-heal|p2b: Garchomp|55/100|[from] ability: Hospitality|[of] p2a: Sinistcha
|turn|4
|
|t:|1757911037
|move|p2b: Garchomp|Protect|p2b: Garchomp
|-singleturn|p2b: Garchomp|Protect
|move|p1b: Jumpluff|Sleep Powder|p2b: Garchomp
|-activate|p2b: Garchomp|move: Protect
|move|p1a: Ursaluna|Headlong Rush|p2a: Sinistcha
|-resisted|p2a: Sinistcha
|-damage|p2a: Sinistcha|51/100
|-unboost|p1a: Ursaluna|def|1
|-unboost|p1a: Ursaluna|spd|1
|move|p2a: Sinistcha|Matcha Gotcha|p1a: Ursaluna|[spread] p1a,p1b
|-supereffective|p1a: Ursaluna
|-resisted|p1b: Jumpluff
|-damage|p1a: Ursaluna|0 fnt
|-heal|p2a: Sinistcha|66/100|[from] drain|[of] p1a: Ursaluna
|-damage|p1b: Jumpluff|72/100
|-heal|p2a: Sinistcha|69/100|[from] drain|[of] p1b: Jumpluff
|faint|p1a: Ursaluna
|
|upkeep
|
|t:|1757911057
|switch|p1a: Charizard|Charizard, L50, F|100/100
|turn|5
|inactive|raimolol has 30 seconds left.
|
|t:|1757911083
|-terastallize|p2a: Sinistcha|Dark
|move|p1b: Jumpluff|Sunny Day|p1b: Jumpluff
|-weather|SunnyDay
|move|p1a: Charizard|Heat Wave|p2b: Garchomp|[spread] p2a,p2b
|-resisted|p2b: Garchomp
|-damage|p2a: Sinistcha|0 fnt
|-damage|p2b: Garchomp|0 fnt
|faint|p2a: Sinistcha
|faint|p2b: Garchomp
|
|-weather|SunnyDay|[upkeep]
|-damage|p1a: Charizard|88/100|[from] ability: Solar Power|[of] p1a: Charizard
|upkeep
|inactive|raimolol has 30 seconds left.
|inactive|raimolol has 20 seconds left.
|inactive|raimolol has 15 seconds left.
|inactive|raimolol has 10 seconds left.
|inactive|raimolol has 5 seconds left.
|
|t:|1757911138
|switch|p2a: Kingambit|Kingambit, L50, F|100/100
|turn|6
|inactive|raimolol has 30 seconds left.
|inactive|raimolol has 20 seconds left.
|inactive|raimolol has 15 seconds left.
|inactive|raimolol has 10 seconds left.
|inactive|raimolol has 5 seconds left.
|
|t:|1757911193
|move|p1b: Jumpluff|Rage Powder|p1b: Jumpluff
|-singleturn|p1b: Jumpluff|move: Rage Powder
|move|p1a: Charizard|Heat Wave|p2a: Kingambit
|-supereffective|p2a: Kingambit
|-damage|p2a: Kingambit|0 fnt
|faint|p2a: Kingambit
|
|win|Kylewithasmile69
||Kylewithasmile69 is ready for game 2.
|inactive|raimolol has 30 seconds to confirm battle start!
|inactive|raimolol has 20 seconds to confirm battle start!
|inactive|raimolol has 10 seconds to confirm battle start!
|uhtml|next|Next: Game 2 of 3
|l|☆Kylewithasmile69
|player|p1|
