|j|☆sqwat500
|j|☆KarinaOnTsCoh
|html|sqwat500KarinaOnTsCoh    
|uhtml|bestof|Game 1 of a best-of-3
|t:|1782447033
|gametype|doubles
|player|p1|sqwat500|169|1108
|player|p2|KarinaOnTsCoh|iris-gen5bw2|1077
|gen|9
|tier|[Gen 9 Champions] VGC 2026 Reg M-B (Bo3)
|rated|
|rule|Species Clause: Limit one of each Pokémon
|rule|Item Clause: Limit 1 of each item
|clearpoke
|poke|p1|Staraptor, L50, M|
|poke|p1|Clefable, L50, F|
|poke|p1|Whimsicott, L50, F|
|poke|p1|Pelipper, L50, F|
|poke|p1|Blastoise, L50, M|
|poke|p1|Basculegion, L50, M|
|poke|p2|Charizard, L50, F|
|poke|p2|Floette-Eternal, L50, F|
|poke|p2|Whimsicott, L50, F|
|poke|p2|Garchomp, L50, M|
|poke|p2|Basculegion, L50, M|
|poke|p2|Kingambit, L50, F|
|teampreview|4
|showteam|p1|Staraptor||Staraptite|Intimidate|Protect,CloseCombat,DualWingbeat,Roost|Jolly||M|||50|]Clefable||Leftovers|Unaware|Moonblast,Wish,Protect,FollowMe|Bold||F|||50|]Whimsicott||FocusSash|Prankster|Taunt,Tailwind,Moonblast,Encore|Timid||F|||50|]Pelipper||WacanBerry|Drizzle|Protect,WideGuard,Tailwind,Hurricane|Bold||F|||50|]Blastoise||Blastoisinite|Torrent|Protect,WaterSpout,ShellSmash,HydroPump|Modest||M|||50|]Basculegion||ChoiceScarf|Adaptability|WaveCrash,LastRespects,PsychicFangs,Crunch|Adamant||M|||50|
|showteam|p2|Charizard||CharizarditeY|Blaze|HeatWave,WeatherBall,SolarBeam,Protect|Modest||F|||50|]Floette-Eternal||Floettite|FlowerVeil|Moonblast,DazzlingGleam,LightofRuin,Protect|Timid||F|||50|]Whimsicott||FocusSash|Prankster|Moonblast,Tailwind,Encore,Protect|Timid||F|||50|]Garchomp||LifeOrb|RoughSkin|Earthquake,DragonClaw,RockSlide,Protect|Jolly||M|||50|]Basculegion||MysticWater|Adaptability|WaveCrash,LastRespects,AquaJet,Protect|Adamant||M|||50|]Kingambit||BlackGlasses|Defiant|KowtowCleave,SuckerPunch,IronHead,Protect|Adamant||F|||50|
|inactive|Battle timer is ON: inactive players will automatically lose when time's up. (requested by sqwat500)
|
|t:|1782447081
|teamsize|p1|4
|teamsize|p2|4
|start
|switch|p1a: Staraptor|Staraptor, L50, M|100/100
|switch|p1b: Whimsicott|Whimsicott, L50, F|100/100
|switch|p2a: Floette|Floette-Eternal, L50, F|100/100
|switch|p2b: Whimsicott|Whimsicott, L50, F|100/100
|-ability|p1a: Staraptor|Intimidate|boost
|-unboost|p2a: Floette|atk|1
|-block|p2b: Whimsicott|ability: Flower Veil|[of] p2a: Floette
|turn|1
|
|t:|1782447100
|detailschange|p2a: Floette|Floette-Mega, L50, F
|-mega|p2a: Floette|Floette|Floettite
|-ability|p2a: Floette|Fairy Aura
|move|p2b: Whimsicott|Protect|p2b: Whimsicott
|-singleturn|p2b: Whimsicott|Protect
|move|p1a: Staraptor|Protect|p1a: Staraptor
|-singleturn|p1a: Staraptor|Protect
|move|p1b: Whimsicott|Taunt|p2b: Whimsicott
|-activate|p2b: Whimsicott|move: Protect
|move|p2a: Floette|Dazzling Gleam|p1b: Whimsicott|[spread] p1b
|-activate|p1a: Staraptor|move: Protect
|-damage|p1b: Whimsicott|22/100
|
|upkeep
|turn|2
|
|t:|1782447123
|detailschange|p1a: Staraptor|Staraptor-Mega, L50, M
|-mega|p1a: Staraptor|Staraptor|Staraptite
|move|p1b: Whimsicott|Tailwind|p1b: Whimsicott
|-sidestart|p1: sqwat500|move: Tailwind
|move|p2b: Whimsicott|Tailwind|p2b: Whimsicott
|-sidestart|p2: KarinaOnTsCoh|move: Tailwind
|move|p1a: Staraptor|Dual Wingbeat|p2b: Whimsicott
|-supereffective|p2b: Whimsicott|1
|-damage|p2b: Whimsicott|25/100
|-supereffective|p2b: Whimsicott|1
|-damage|p2b: Whimsicott|0 fnt
|faint|p2b: Whimsicott
|-hitcount|p2: Whimsicott|2
|move|p2a: Floette|Dazzling Gleam|p1b: Whimsicott|[spread] p1a,p1b
|-supereffective|p1a: Staraptor|1
|-damage|p1a: Staraptor|0 fnt
|-damage|p1b: Whimsicott|0 fnt
|faint|p1a: Staraptor
|faint|p1b: Whimsicott
|
|upkeep
|
|t:|1782447139
|switch|p1b: Basculegion|Basculegion, L50, M|100/100
|switch|p2b: Kingambit|Kingambit, L50, F|100/100
|switch|p1a: Clefable|Clefable, L50, F|100/100
|turn|3
|
|t:|1782447157
|move|p2a: Floette|Protect|p2a: Floette
|-singleturn|p2a: Floette|Protect
|move|p1a: Clefable|Follow Me|p1a: Clefable
|-singleturn|p1a: Clefable|move: Follow Me
|move|p1b: Basculegion|Wave Crash|p2b: Kingambit
|-damage|p2b: Kingambit|40/100
|-damage|p1b: Basculegion|79/100|[from] Recoil
|move|p2b: Kingambit|Iron Head|p1a: Clefable
|-supereffective|p1a: Clefable|1
|-damage|p1a: Clefable|19/100
|
|-heal|p1a: Clefable|25/100|[from] item: Leftovers
|upkeep
|turn|4
|
|t:|1782447176
|move|p1a: Clefable|Follow Me|p1a: Clefable
|-singleturn|p1a: Clefable|move: Follow Me
|move|p1b: Basculegion|Wave Crash|p2a: Floette
|-damage|p2a: Floette|0 fnt
|faint|p2a: Floette
|-damage|p1b: Basculegion|53/100|[from] Recoil
|move|p2b: Kingambit|Iron Head|p1a: Clefable
|-supereffective|p1a: Clefable|1
|-damage|p1a: Clefable|0 fnt
|faint|p1a: Clefable
|
|upkeep
|
|t:|1782447181
|switch|p2a: Basculegion|Basculegion, L50, M|100/100
|turn|5
|
|t:|1782447185
|move|p2b: Kingambit|Sucker Punch|p1b: Basculegion
|-supereffective|p1b: Basculegion|1
|-damage|p1b: Basculegion|0 fnt
|faint|p1b: Basculegion
|
|win|KarinaOnTsCoh
||sqwat500 is ready for game 2.
||KarinaOnTsCoh is ready for game 2.
|uhtml|next|Next: Game 2 of 3
