|j|☆hatsune p2
|j|☆goodwyn
|html|hatsune p2goodwyn    
|uhtml|bestof|Game 1 of a best-of-3
|t:|1757028448
|gametype|doubles
|player|p1|hatsune p2|miku-fairy|1107
|player|p2|goodwyn|265|1264
|gen|9
|tier|[Gen 9] VGC 2025 Reg H (Bo3)
|rated|
|rule|Species Clause: Limit one of each Pokémon
|rule|Item Clause: Limit 1 of each item
|clearpoke
|poke|p1|Incineroar, L50, M|
|poke|p1|Farigiraf, L50, F|
|poke|p1|Sneasler, L50, F|
|poke|p1|Politoed, L50, F|
|poke|p1|Archaludon, L50, F|
|poke|p1|Rillaboom, L50, F|
|poke|p2|Amoonguss, L50, M|
|poke|p2|Klefki, L50, F|
|poke|p2|Archaludon, L50, F|
|poke|p2|Annihilape, L50, F|
|poke|p2|Pelipper, L50, F|
|poke|p2|Golduck, L50, F|
|teampreview|4
|showteam|p1|Incineroar||SafetyGoggles|Intimidate|FakeOut,FlareBlitz,KnockOff,Uturn|||M|||50|,,,,,Ghost]Farigiraf||ThroatSpray|ArmorTail|HyperVoice,Psychic,Protect,TrickRoom|||F|||50|,,,,,Fire]Sneasler||GrassySeed|Unburden|ThroatChop,CloseCombat,DireClaw,Protect|||F|||50|,,,,,Dark]Politoed||SitrusBerry|Drizzle|WeatherBall,Haze,Protect,IcyWind|||F|||50|,,,,,Grass]Archaludon||AssaultVest|Stamina|ElectroShot,FlashCannon,DragonPulse,BodyPress|||F|||50|,,,,,Bug]Rillaboom||LoadedDice|GrassySurge|FakeOut,BulletSeed,GrassyGlide,HighHorsepower|||F|||50|,,,,,Water
|showteam|p2|Amoonguss||SitrusBerry|Regenerator|Spore,RagePowder,SludgeBomb,Protect|||M|||50|,,,,,Dark]Klefki||LightClay|Prankster|LightScreen,Reflect,DazzlingGleam,RainDance|||F|||50|,,,,,Ghost]Archaludon||AssaultVest|Stamina|ElectroShot,DracoMeteor,BodyPress,Snarl|||F|||50|,,,,,Bug]Annihilape||Leftovers|Defiant|DrainPunch,BulkUp,RageFist,Protect|||F|||50|,,,,,Fire]Pelipper||FocusSash|Drizzle|MuddyWater,Hurricane,Tailwind,Protect|||F|||50|,,,,,Ghost]Golduck||MysticWater|SwiftSwim|MuddyWater,SimpleBeam,Encore,Protect|||F|||50|,,,,,Dragon
|c|☆hatsune p2|GLHF
|
|t:|1757028524
|teamsize|p1|4
|teamsize|p2|4
|start
|switch|p1a: Archaludon|Archaludon, L50, F|100/100
|switch|p1b: Rillaboom|Rillaboom, L50, F|100/100
|switch|p2a: Amoonguss|Amoonguss, L50, M|100/100
|switch|p2b: Annihilape|Annihilape, L50, F|100/100
|-fieldstart|move: Grassy Terrain|[from] ability: Grassy Surge|[of] p1b: Rillaboom
|turn|1
|
|t:|1757028559
|move|p2b: Annihilape|Bulk Up|p2b: Annihilape
|-boost|p2b: Annihilape|atk|1
|-boost|p2b: Annihilape|def|1
|move|p1b: Rillaboom|Bullet Seed|p1a: Archaludon
|-resisted|p1a: Archaludon
|-damage|p1a: Archaludon|97/100
|-ability|p1a: Archaludon|Stamina|boost
|-boost|p1a: Archaludon|def|1
|-resisted|p1a: Archaludon
|-damage|p1a: Archaludon|96/100
|-ability|p1a: Archaludon|Stamina|boost
|-boost|p1a: Archaludon|def|1
|-resisted|p1a: Archaludon
|-damage|p1a: Archaludon|94/100
|-ability|p1a: Archaludon|Stamina|boost
|-boost|p1a: Archaludon|def|1
|-resisted|p1a: Archaludon
|-damage|p1a: Archaludon|93/100
|-ability|p1a: Archaludon|Stamina|boost
|-boost|p1a: Archaludon|def|1
|-hitcount|p1a: Archaludon|4
|move|p1a: Archaludon|Electro Shot||[still]
|-prepare|p1a: Archaludon|Electro Shot
|-boost|p1a: Archaludon|spa|1
|move|p2a: Amoonguss|Spore|p1a: Archaludon
|-status|p1a: Archaludon|slp|[from] move: Spore
|
|-heal|p1a: Archaludon|99/100 slp|[from] Grassy Terrain
|upkeep
|turn|2
|
|t:|1757028581
|move|p2b: Annihilape|Bulk Up|p2b: Annihilape
|-boost|p2b: Annihilape|atk|1
|-boost|p2b: Annihilape|def|1
|move|p1b: Rillaboom|High Horsepower|p2a: Amoonguss
|-damage|p2a: Amoonguss|67/100
|cant|p1a: Archaludon|slp
|move|p2a: Amoonguss|Sludge Bomb|p1b: Rillaboom
|-supereffective|p1b: Rillaboom
|-crit|p1b: Rillaboom
|-damage|p1b: Rillaboom|7/100
|
|-heal|p1b: Rillaboom|13/100|[from] Grassy Terrain
|-heal|p1a: Archaludon|100/100 slp|[from] Grassy Terrain
|-heal|p2a: Amoonguss|73/100|[from] Grassy Terrain
|upkeep
|turn|3
|
|t:|1757028609
|switch|p1b: Farigiraf|Farigiraf, L50, F|100/100
|move|p2b: Annihilape|Bulk Up|p2b: Annihilape
|-boost|p2b: Annihilape|atk|1
|-boost|p2b: Annihilape|def|1
|cant|p1a: Archaludon|slp
|move|p2a: Amoonguss|Sludge Bomb|p1b: Farigiraf
|-damage|p1b: Farigiraf|76/100
|
|-heal|p1b: Farigiraf|82/100|[from] Grassy Terrain
|-heal|p2a: Amoonguss|79/100|[from] Grassy Terrain
|upkeep
|turn|4
|
|t:|1757028656
|switch|p2a: Klefki|Klefki, L50, F|100/100
|-terastallize|p1a: Archaludon|Bug
|move|p1b: Farigiraf|Protect|p1b: Farigiraf
|-singleturn|p1b: Farigiraf|Protect
|move|p2b: Annihilape|Drain Punch|p1b: Farigiraf
|-activate|p1b: Farigiraf|move: Protect
|cant|p1a: Archaludon|slp
|
|-heal|p1b: Farigiraf|88/100|[from] Grassy Terrain
|upkeep
|turn|5
|
|t:|1757028688
|switch|p1b: Sneasler|Sneasler, L50, F|100/100
|-enditem|p1b: Sneasler|Grassy Seed
|-boost|p1b: Sneasler|def|1|[from] item: Grassy Seed
|move|p2a: Klefki|Light Screen|p2a: Klefki
|-sidestart|p2: goodwyn|move: Light Screen
|move|p2b: Annihilape|Drain Punch|p1b: Sneasler
|-resisted|p1b: Sneasler
|-damage|p1b: Sneasler|52/100
|-curestatus|p1a: Archaludon|slp|[msg]
|move|p1a: Archaludon|Electro Shot||[still]
|-prepare|p1a: Archaludon|Electro Shot
|-boost|p1a: Archaludon|spa|1
|
|-heal|p1b: Sneasler|58/100|[from] Grassy Terrain
|-fieldend|move: Grassy Terrain
|upkeep
|turn|6
|
|t:|1757028727
|switch|p1b: Rillaboom|Rillaboom, L50, F|13/100
|-fieldstart|move: Grassy Terrain|[from] ability: Grassy Surge|[of] p1b: Rillaboom
|move|p2b: Annihilape|Protect|p2b: Annihilape
|-singleturn|p2b: Annihilape|Protect
|move|p2a: Klefki|Reflect|p2a: Klefki
|-sidestart|p2: goodwyn|Reflect
|move|p1a: Archaludon|Electro Shot|p2a: Klefki|[from] lockedmove
|-damage|p2a: Klefki|43/100
|
|-heal|p1b: Rillaboom|19/100|[from] Grassy Terrain
|-heal|p2a: Klefki|49/100|[from] Grassy Terrain
|upkeep
|turn|7
|
|t:|1757028756
|move|p1b: Rillaboom|Fake Out|p2a: Klefki
|-resisted|p2a: Klefki
|-damage|p2a: Klefki|44/100
|move|p2b: Annihilape|Rage Fist|p1b: Rillaboom
|-damage|p1b: Rillaboom|0 fnt
|faint|p1b: Rillaboom
|move|p1a: Archaludon|Electro Shot||[still]
|-prepare|p1a: Archaludon|Electro Shot
|-boost|p1a: Archaludon|spa|1
|cant|p2a: Klefki|flinch
|
|-heal|p2a: Klefki|50/100|[from] Grassy Terrain
|upkeep
|
|t:|1757028762
|switch|p1b: Sneasler|Sneasler, L50, F|58/100
|turn|8
|
|t:|1757028785
|switch|p2a: Amoonguss|Amoonguss, L50, M|100/100
|move|p1b: Sneasler|Protect|p1b: Sneasler
|-singleturn|p1b: Sneasler|Protect
|move|p2b: Annihilape|Rage Fist|p1b: Sneasler
|-activate|p1b: Sneasler|move: Protect
|move|p1a: Archaludon|Electro Shot|p2a: Amoonguss|[from] lockedmove
|-resisted|p2a: Amoonguss
|-damage|p2a: Amoonguss|78/100
|
|-heal|p1b: Sneasler|64/100|[from] Grassy Terrain
|-heal|p2a: Amoonguss|84/100|[from] Grassy Terrain
|upkeep
|turn|9
|
|t:|1757028806
|move|p2b: Annihilape|Protect|p2b: Annihilape
|-singleturn|p2b: Annihilape|Protect
|move|p1b: Sneasler|Dire Claw|p2a: Amoonguss
|-damage|p2a: Amoonguss|51/100
|-status|p2a: Amoonguss|slp
|move|p1a: Archaludon|Dragon Pulse|p2a: Amoonguss
|-damage|p2a: Amoonguss|5/100 slp
|-enditem|p2a: Amoonguss|Sitrus Berry|[eat]
|-heal|p2a: Amoonguss|30/100 slp|[from] item: Sitrus Berry
|cant|p2a: Amoonguss|slp
|
|-heal|p1b: Sneasler|69/100|[from] Grassy Terrain
|-heal|p2a: Amoonguss|36/100 slp|[from] Grassy Terrain
|upkeep
|turn|10
|
|t:|1757028828
|switch|p2a: Klefki|Klefki, L50, F|50/100
|move|p1b: Sneasler|Protect|p1b: Sneasler
|-singleturn|p1b: Sneasler|Protect
|move|p2b: Annihilape|Rage Fist|p1b: Sneasler
|-activate|p1b: Sneasler|move: Protect
|move|p1a: Archaludon|Electro Shot||[still]
|-prepare|p1a: Archaludon|Electro Shot
|-boost|p1a: Archaludon|spa|1
|
|-heal|p1b: Sneasler|75/100|[from] Grassy Terrain
|-heal|p2a: Klefki|57/100|[from] Grassy Terrain
|-fieldend|move: Grassy Terrain
|upkeep
|turn|11
|
|t:|1757028846
|switch|p1b: Farigiraf|Farigiraf, L50, F|88/100
|switch|p2a: Amoonguss|Amoonguss, L50, M|69/100 slp
|move|p2b: Annihilape|Drain Punch|p1b: Farigiraf
|-crit|p1b: Farigiraf
|-damage|p1b: Farigiraf|0 fnt
|faint|p1b: Farigiraf
|move|p1a: Archaludon|Electro Shot|p2a: Amoonguss|[from] lockedmove
|-resisted|p2a: Amoonguss
|-damage|p2a: Amoonguss|41/100 slp
|
|upkeep
|
|t:|1757028853
|switch|p1b: Sneasler|Sneasler, L50, F|75/100
|turn|12
|
|t:|1757028880
|switch|p2a: Klefki|Klefki, L50, F|57/100
|move|p1b: Sneasler|Protect|p1b: Sneasler
|-singleturn|p1b: Sneasler|Protect
|move|p2b: Annihilape|Drain Punch|p1a: Archaludon
|-resisted|p1a: Archaludon
|-damage|p1a: Archaludon|90/100
|-ability|p1a: Archaludon|Stamina|boost
|-boost|p1a: Archaludon|def|1
|move|p1a: Archaludon|Dragon Pulse|p2a: Klefki
|-immune|p2a: Klefki
|
|-sideend|p2: goodwyn|move: Light Screen
|upkeep
|turn|13
|
|t:|1757028903
|move|p1b: Sneasler|Protect|p1b: Sneasler
|-singleturn|p1b: Sneasler|Protect
|move|p2a: Klefki|Light Screen|p2a: Klefki
|-sidestart|p2: goodwyn|move: Light Screen
|move|p2b: Annihilape|Rage Fist|p1b: Sneasler
|-activate|p1b: Sneasler|move: Protect
|move|p1a: Archaludon|Electro Shot||[still]
|-prepare|p1a: Archaludon|Electro Shot
|-boost|p1a: Archaludon|spa|1
|
|-sideend|p2: goodwyn|Reflect
|upkeep
|turn|14
|
|t:|1757028919
|move|p2a: Klefki|Reflect|p2a: Klefki
|-sidestart|p2: goodwyn|Reflect
|move|p1b: Sneasler|Dire Claw|p2a: Klefki
|-immune|p2a: Klefki
|move|p2b: Annihilape|Rage Fist|p1b: Sneasler
|-damage|p1b: Sneasler|0 fnt
|faint|p1b: Sneasler
|move|p1a: Archaludon|Electro Shot|p2a: Klefki|[from] lockedmove
|-damage|p2a: Klefki|0 fnt
|faint|p2a: Klefki
|
|upkeep
|
|t:|1757028935
|switch|p2a: Amoonguss|Amoonguss, L50, M|74/100 slp
|turn|15
|
|t:|1757028970
|move|p2b: Annihilape|Rage Fist|p1a: Archaludon
|-damage|p1a: Archaludon|78/100
|-ability|p1a: Archaludon|Stamina|boost
|-boost|p1a: Archaludon|def|1
|move|p1a: Archaludon|Dragon Pulse|p2a: Amoonguss
|-damage|p2a: Amoonguss|14/100 slp
|cant|p2a: Amoonguss|slp
|
|upkeep
|turn|16
|
|t:|1757028993
|switch|p2a: Archaludon|Archaludon, L50, F|100/100
|move|p2b: Annihilape|Bulk Up|p2b: Annihilape
|-boost|p2b: Annihilape|atk|1
|-boost|p2b: Annihilape|def|1
|move|p1a: Archaludon|Dragon Pulse|p2a: Archaludon
|-damage|p2a: Archaludon|41/100
|-ability|p2a: Archaludon|Stamina|boost
|-boost|p2a: Archaludon|def|1
|
|upkeep
|turn|17
|
|t:|1757029004
|move|p2b: Annihilape|Bulk Up|p2b: Annihilape
|-boost|p2b: Annihilape|atk|1
|-boost|p2b: Annihilape|def|1
|move|p1a: Archaludon|Dragon Pulse|p2a: Archaludon
|-damage|p2a: Archaludon|0 fnt
|faint|p2a: Archaludon
|
|upkeep
|
|t:|1757029013
|switch|p2a: Amoonguss|Amoonguss, L50, M|48/100 slp
|turn|18
|
|t:|1757029023
|move|p2b: Annihilape|Bulk Up|p2b: Annihilape
|-boost|p2b: Annihilape|atk|1
|-boost|p2b: Annihilape|def|1
|move|p1a: Archaludon|Dragon Pulse|p2a: Amoonguss
|-damage|p2a: Amoonguss|0 fnt
|faint|p2a: Amoonguss
|
|upkeep
|turn|19
|
|t:|1757029034
|move|p2b: Annihilape|Rage Fist|p1a: Archaludon
|-damage|p1a: Archaludon|62/100
|move|p1a: Archaludon|Electro Shot||[still]
|-prepare|p1a: Archaludon|Electro Shot
|-boost|p1a: Archaludon|spa|1
|
|upkeep
|turn|20
|
|t:|1757029039
|move|p2b: Annihilape|Protect|p2b: Annihilape
|-singleturn|p2b: Annihilape|Protect
|move|p1a: Archaludon|Electro Shot|p2b: Annihilape|[from] lockedmove
|-activate|p2b: Annihilape|move: Protect
|
|-sideend|p2: goodwyn|move: Light Screen
|upkeep
|turn|21
|
|t:|1757029049
|move|p2b: Annihilape|Rage Fist|p1a: Archaludon
|-damage|p1a: Archaludon|46/100
|move|p1a: Archaludon|Dragon Pulse|p2b: Annihilape
|-damage|p2b: Annihilape|0 fnt
|faint|p2b: Annihilape
|
|win|hatsune p2
||goodwyn is ready for game 2.
||hatsune p2 is ready for game 2.
|uhtml|next|Next: Game 2 of 3
