|j|☆babydimelavelda
|j|☆teyvgc
|html|babydimelaveldateyvgc    
|uhtml|bestof|Game 2 of a best-of-3
|t:|1785197761
|gametype|doubles
|player|p1|babydimelavelda|265|1223
|player|p2|teyvgc|rood|1286
|gen|9
|tier|[Gen 9 Champions] VGC 2026 Reg M-B (Bo3)
|rated|
|rule|Species Clause: Limit one of each Pokémon
|rule|Item Clause: Limit 1 of each item
|clearpoke
|poke|p1|Mawile, L50, M|
|poke|p1|Farigiraf, L50, F|
|poke|p1|Milotic, L50, M|
|poke|p1|Incineroar, L50, F|
|poke|p1|Garchomp, L50, M|
|poke|p1|Raichu, L50, F|
|poke|p2|Kingambit, L50, F|
|poke|p2|Garchomp, L50, F|
|poke|p2|Farigiraf, L50, F|
|poke|p2|Charizard, L50, M|
|poke|p2|Sylveon, L50, F|
|poke|p2|Aerodactyl, L50, M|
|teampreview|4
|showteam|p1|Mawile||Mawilite|HyperCutter|Protect,BrickBreak,PlayRough,RockSlide|Brave||M|||50|]Farigiraf||ColburBerry|ArmorTail|TrickRoom,TwinBeam,Protect,GrassKnot|Bold||F|||50|]Milotic||Leftovers|MarvelScale|Scald,IceBeam,Haze,Protect|Modest||M|||50|]Incineroar||SitrusBerry|Intimidate|FlareBlitz,DarkestLariat,FakeOut,PartingShot|Adamant||F|||50|]Garchomp||LifeOrb|RoughSkin|Earthquake,DragonClaw,RockSlide,Protect|Jolly||M|||50|]Raichu||RaichuniteY|LightningRod|ZapCannon,FocusBlast,FakeOut,Protect|Timid||F|||50|
|showteam|p2|Kingambit||BlackGlasses|Defiant|Protect,IronHead,SuckerPunch,KowtowCleave|Brave||F|||50|]Garchomp||LifeOrb|RoughSkin|DragonClaw,Earthquake,RockSlide,Protect|Jolly||F|||50|]Farigiraf||SitrusBerry|ArmorTail|TwinBeam,Thunderbolt,TrickRoom,HelpingHand|Bold||F|||50|]Charizard||CharizarditeY|Blaze|Protect,HeatWave,SolarBeam,WeatherBall|Modest||M|||50|]Sylveon||FairyFeather|Pixilate|Detect,HyperBeam,HyperVoice,QuickAttack|Modest||F|||50|]Aerodactyl||Aerodactylite|Unnerve|WideGuard,RockSlide,DualWingbeat,Tailwind|Jolly||M|||50|
|
|t:|1785197814
|teamsize|p1|4
|teamsize|p2|4
|start
|switch|p1a: Garchomp|Garchomp, L50, M|100/100
|switch|p1b: Raichu|Raichu, L50, F|100/100
|switch|p2a: Ian|Garchomp, L50, F|100/100
|switch|p2b: Sarah|Farigiraf, L50, F|100/100
|turn|1
|
|t:|1785197845
|switch|p1b: Incineroar|Incineroar, L50, F|100/100
|-ability|p1b: Incineroar|Intimidate|boost
|-unboost|p2a: Ian|atk|1
|-unboost|p2b: Sarah|atk|1
|move|p1a: Garchomp|Dragon Claw|p2a: Ian
|-supereffective|p2a: Ian|1
|-damage|p2a: Ian|0 fnt
|-damage|p1a: Garchomp|87/100|[from] ability: Rough Skin|[of] p2a: Ian
|faint|p2a: Ian
|-damage|p1a: Garchomp|77/100|[from] item: Life Orb
|move|p2b: Sarah|Trick Room|p2b: Sarah
|-fieldstart|move: Trick Room|[of] p2b: Sarah
|
|upkeep
|
|t:|1785197854
|switch|p2a: One Wish Willow|Sylveon, L50, F|100/100
|turn|2
|
|t:|1785197867
|move|p2b: Sarah|Helping Hand|p2a: One Wish Willow
|-singleturn|p2a: One Wish Willow|Helping Hand|[of] p2b: Sarah
|move|p1a: Garchomp|Protect|p1a: Garchomp
|-singleturn|p1a: Garchomp|Protect
|move|p1b: Incineroar|Flare Blitz|p2a: One Wish Willow
|-damage|p2a: One Wish Willow|44/100
|-damage|p1b: Incineroar|83/100|[from] Recoil
|move|p2a: One Wish Willow|Hyper Voice|p1b: Incineroar|[spread] p1b
|-activate|p1a: Garchomp|move: Protect
|-damage|p1b: Incineroar|23/100
|-enditem|p1b: Incineroar|Sitrus Berry|[eat]
|-heal|p1b: Incineroar|48/100|[from] item: Sitrus Berry
|
|upkeep
|turn|3
|
|t:|1785197890
|switch|p1a: Milotic|Milotic, L50, M|100/100
|move|p2a: One Wish Willow|Detect|p2a: One Wish Willow
|-singleturn|p2a: One Wish Willow|Protect
|move|p1b: Incineroar|Flare Blitz|p2a: One Wish Willow
|-activate|p2a: One Wish Willow|move: Protect
|move|p2b: Sarah|Thunderbolt|p1b: Incineroar
|-damage|p1b: Incineroar|28/100
|
|upkeep
|turn|4
|
|t:|1785197913
|move|p2b: Sarah|Helping Hand|p2a: One Wish Willow
|-singleturn|p2a: One Wish Willow|Helping Hand|[of] p2b: Sarah
|move|p2a: One Wish Willow|Quick Attack|p1b: Incineroar
|-damage|p1b: Incineroar|12/100
|move|p1b: Incineroar|Flare Blitz|p2a: One Wish Willow
|-damage|p2a: One Wish Willow|0 fnt
|faint|p2a: One Wish Willow
|-damage|p1b: Incineroar|0 fnt|[from] Recoil
|faint|p1b: Incineroar
|move|p1a: Milotic|Scald|p2b: Sarah
|-damage|p2b: Sarah|67/100
|-status|p2b: Sarah|brn
|
|-damage|p2b: Sarah|61/100 brn|[from] brn
|upkeep
|
|t:|1785197922
|switch|p1b: Garchomp|Garchomp, L50, M|77/100
|switch|p2a: Obsession|Aerodactyl, L50, M|100/100
|-ability|p2a: Obsession|Unnerve
|turn|5
|-message|teyvgc forfeited.
|
|win|babydimelavelda
|raw|babydimelavelda's rating: 1223 → 1252(+29 for winning)
|raw|teyvgc's rating: 1286 → 1257(-29 for losing)
