|j|☆C.blaze
|j|☆raksbach
|html|C.blazeraksbach    
|uhtml|bestof|Game 3 of a best-of-3
|t:|1784556884
|gametype|doubles
|player|p1|C.blaze|265|1209
|player|p2|raksbach|266|1242
|gen|9
|tier|[Gen 9 Champions] VGC 2026 Reg M-B (Bo3)
|rated|
|rule|Species Clause: Limit one of each Pokémon
|rule|Item Clause: Limit 1 of each item
|clearpoke
|poke|p1|Malamar, L50, M|
|poke|p1|Garchomp, L50, F|
|poke|p1|Charizard, L50, M|
|poke|p1|Incineroar, L50, F|
|poke|p1|Primarina, L50, M|
|poke|p1|Glimmora, L50, M|
|poke|p2|Incineroar, L50, F|
|poke|p2|Maushold, L50|
|poke|p2|Sinistcha, L50|
|poke|p2|Sneasler, L50, M|
|poke|p2|Blastoise, L50, F|
|poke|p2|Delphox, L50, M|
|teampreview|4
|showteam|p1|Malamar||Malamarite|Contrary|Superpower,KnockOff,Protect,TrickRoom|Adamant||M|||50|]Garchomp||LifeOrb|SandVeil|StompingTantrum,DragonClaw,Protect,RockSlide|Jolly||F|||50|]Charizard||CharizarditeY|Blaze|HeatWave,WeatherBall,Protect,SolarBeam|Timid||M|||50|]Incineroar||ChopleBerry|Intimidate|FlareBlitz,ThroatChop,PartingShot,FakeOut|Brave||F|||50|]Primarina||Leftovers|LiquidVoice|HyperVoice,Moonblast,Protect,Haze|Modest||M|||50|]Glimmora||FocusSash|ToxicDebris|SludgeBomb,PowerGem,SpikyShield,EarthPower|Timid||M|||50|
|showteam|p2|Incineroar||SitrusBerry|Intimidate|FakeOut,FlareBlitz,DarkestLariat,PartingShot|Impish||F|||50|]Maushold||ChopleBerry|FriendGuard|SuperFang,FollowMe,Protect,Feint|Impish|||||50|]Sinistcha||OccaBerry|Hospitality|MatchaGotcha,LifeDew,RagePowder,Protect|Bold|||||50|]Sneasler||FocusSash|PoisonTouch|FakeOut,CloseCombat,DireClaw,QuickGuard|Jolly||M|||50|]Blastoise||Blastoisinite|Torrent|WaterSpout,DarkPulse,ShellSmash,Protect|Modest||F|||50|]Delphox||Delphoxite|Blaze|HeatWave,Psychic,NastyPlot,Protect|Timid||M|||50|
|inactive|Battle timer is ON: inactive players will automatically lose when time's up. (requested by raksbach)
|inactive|C.blaze has 60 seconds left.
|inactive|C.blaze has 30 seconds left.
|inactive|C.blaze has 20 seconds left.
|inactive|C.blaze has 15 seconds left.
|inactive|C.blaze has 10 seconds left.
|
|t:|1784556968
|teamsize|p1|4
|teamsize|p2|4
|start
|switch|p1a: Malamar|Malamar, L50, M|100/100
|switch|p1b: Incineroar|Incineroar, L50, F|100/100
|switch|p2a: Sneasler|Sneasler, L50, M|100/100
|switch|p2b: Blastoise|Blastoise, L50, F|100/100
|-ability|p1b: Incineroar|Intimidate|boost
|-unboost|p2a: Sneasler|atk|1
|-unboost|p2b: Blastoise|atk|1
|turn|1
|
|t:|1784556986
|detailschange|p2b: Blastoise|Blastoise-Mega, L50, F
|-mega|p2b: Blastoise|Blastoise|Blastoisinite
|move|p2a: Sneasler|Fake Out|p1b: Incineroar
|-damage|p1b: Incineroar|91/100
|cant|p1b: Incineroar|flinch
|move|p2b: Blastoise|Shell Smash|p2b: Blastoise
|-unboost|p2b: Blastoise|def|1
|-unboost|p2b: Blastoise|spd|1
|-boost|p2b: Blastoise|atk|2
|-boost|p2b: Blastoise|spa|2
|-boost|p2b: Blastoise|spe|2
|move|p1a: Malamar|Trick Room|p1a: Malamar
|-fieldstart|move: Trick Room|[of] p1a: Malamar
|
|upkeep
|turn|2
|
|t:|1784557000
|switch|p2a: Sinistcha|Sinistcha, L50|100/100
|move|p2b: Blastoise|Protect|p2b: Blastoise
|-singleturn|p2b: Blastoise|Protect
|move|p1b: Incineroar|Parting Shot|p2a: Sinistcha
|-unboost|p2a: Sinistcha|atk|1
|-unboost|p2a: Sinistcha|spa|1
|
|t:|1784557021
|switch|p1b: Charizard|Charizard, L50, M|100/100|[from] Parting Shot
|move|p1a: Malamar|Superpower|p2b: Blastoise
|-activate|p2b: Blastoise|move: Protect
|
|upkeep
|turn|3
|inactive|raksbach has 30 seconds left.
|inactive|raksbach has 20 seconds left.
|
|t:|1784557056
|detailschange|p1b: Charizard|Charizard-Mega-Y, L50, M
|-mega|p1b: Charizard|Charizard|Charizardite Y
|-weather|SunnyDay|[from] ability: Drought|[of] p1b: Charizard
|move|p2a: Sinistcha|Rage Powder|p2a: Sinistcha
|-singleturn|p2a: Sinistcha|move: Rage Powder
|move|p1a: Malamar|Knock Off|p2a: Sinistcha
|-supereffective|p2a: Sinistcha|1
|-damage|p2a: Sinistcha|24/100
|-enditem|p2a: Sinistcha|Occa Berry|[from] move: Knock Off|[of] p1a: Malamar
|move|p1b: Charizard|Heat Wave|p2a: Sinistcha|[spread] p2a,p2b
|-supereffective|p2a: Sinistcha|1
|-resisted|p2b: Blastoise|1
|-damage|p2a: Sinistcha|0 fnt
|-damage|p2b: Blastoise|46/100
|faint|p2a: Sinistcha
|move|p2b: Blastoise|Water Spout|p1a: Malamar|[spread] p1a,p1b
|-supereffective|p1b: Charizard|1
|-damage|p1a: Malamar|67/100
|-damage|p1b: Charizard|40/100
|
|-weather|SunnyDay|[upkeep]
|upkeep
|
|t:|1784557080
|switch|p2a: Sneasler|Sneasler, L50, M|100/100
|turn|4
|
|t:|1784557091
|switch|p2a: Incineroar|Incineroar, L50, F|100/100
|-ability|p2a: Incineroar|Intimidate|boost
|-boost|p1a: Malamar|atk|1
|-unboost|p1b: Charizard|atk|1
|move|p2b: Blastoise|Protect|p2b: Blastoise
|-singleturn|p2b: Blastoise|Protect
|move|p1a: Malamar|Superpower|p2b: Blastoise
|-activate|p2b: Blastoise|move: Protect
|move|p1b: Charizard|Heat Wave|p2b: Blastoise|[spread] p2a
|-activate|p2b: Blastoise|move: Protect
|-resisted|p2a: Incineroar|1
|-damage|p2a: Incineroar|72/100
|
|-weather|SunnyDay|[upkeep]
|upkeep
|turn|5
|inactive|raksbach has 30 seconds left.
|
|t:|1784557118
|move|p2b: Blastoise|Protect|p2b: Blastoise
|-singleturn|p2b: Blastoise|Protect
|move|p2a: Incineroar|Fake Out|p1a: Malamar
|-damage|p1a: Malamar|56/100
|cant|p1a: Malamar|flinch
|move|p1b: Charizard|Solar Beam||[still]
|-prepare|p1b: Charizard|Solar Beam
|-anim|p1b: Charizard|Solar Beam|p2b: Blastoise
|-activate|p2b: Blastoise|move: Protect
|
|-weather|SunnyDay|[upkeep]
|-fieldend|move: Trick Room
|upkeep
|turn|6
|inactive|raksbach has 30 seconds left.
|inactive|raksbach has 20 seconds left.
|
|t:|1784557158
|move|p1a: Malamar|Protect|p1a: Malamar
|-singleturn|p1a: Malamar|Protect
|move|p2b: Blastoise|Water Spout|p1a: Malamar|[spread] p1b
|-activate|p1a: Malamar|move: Protect
|-supereffective|p1b: Charizard|1
|-damage|p1b: Charizard|0 fnt
|faint|p1b: Charizard
|move|p2a: Incineroar|Flare Blitz|p1a: Malamar
|-activate|p1a: Malamar|move: Protect
|
|-weather|SunnyDay|[upkeep]
|upkeep
|
|t:|1784557165
|switch|p1b: Incineroar|Incineroar, L50, F|91/100
|-ability|p1b: Incineroar|Intimidate|boost
|-unboost|p2a: Incineroar|atk|1
|-unboost|p2b: Blastoise|atk|1
|turn|7
|
|t:|1784557172
|move|p2b: Blastoise|Protect|p2b: Blastoise
|-singleturn|p2b: Blastoise|Protect
|move|p1b: Incineroar|Fake Out|p2b: Blastoise
|-activate|p2b: Blastoise|move: Protect
|move|p2a: Incineroar|Parting Shot|p1b: Incineroar
|-unboost|p1b: Incineroar|atk|1
|-unboost|p1b: Incineroar|spa|1
|
|t:|1784557179
|switch|p2a: Sneasler|Sneasler, L50, M|100/100|[from] Parting Shot
|move|p1a: Malamar|Trick Room|p1a: Malamar
|-fieldstart|move: Trick Room|[of] p1a: Malamar
|
|-weather|none
|upkeep
|turn|8
|inactive|C.blaze has 30 seconds left.
|inactive|C.blaze has 20 seconds left.
|
|t:|1784557218
|move|p1a: Malamar|Protect|p1a: Malamar
|-singleturn|p1a: Malamar|Protect
|move|p1b: Incineroar|Throat Chop|p2b: Blastoise
|-damage|p2b: Blastoise|3/100
|-start|p2b: Blastoise|Throat Chop|[silent]
|move|p2a: Sneasler|Close Combat|p1b: Incineroar
|-supereffective|p1b: Incineroar|1
|-enditem|p1b: Incineroar|Chople Berry|[eat]
|-enditem|p1b: Incineroar|Chople Berry|[weaken]
|-damage|p1b: Incineroar|34/100
|-unboost|p2a: Sneasler|def|1
|-unboost|p2a: Sneasler|spd|1
|move|p2b: Blastoise|Dark Pulse|p1a: Malamar
|-activate|p1a: Malamar|move: Protect
|
|upkeep
|turn|9
|
|t:|1784557234
|move|p1b: Incineroar|Parting Shot|p2a: Sneasler
|-unboost|p2a: Sneasler|atk|1
|-unboost|p2a: Sneasler|spa|1
|
|t:|1784557236
|switch|p1b: Primarina|Primarina, L50, M|100/100|[from] Parting Shot
|move|p1a: Malamar|Superpower|p2b: Blastoise
|-damage|p2b: Blastoise|0 fnt
|-boost|p1a: Malamar|atk|1
|-boost|p1a: Malamar|def|1
|faint|p2b: Blastoise
|move|p2a: Sneasler|Dire Claw|p1b: Primarina
|-supereffective|p1b: Primarina|1
|-damage|p1b: Primarina|26/100
|
|-heal|p1b: Primarina|32/100|[from] item: Leftovers
|upkeep
|
|t:|1784557241
|switch|p2b: Incineroar|Incineroar, L50, F|72/100
|-ability|p2b: Incineroar|Intimidate|boost
|-boost|p1a: Malamar|atk|1
|-unboost|p1b: Primarina|atk|1
|turn|10
|
|t:|1784557271
|switch|p1b: Incineroar|Incineroar, L50, F|34/100
|-ability|p1b: Incineroar|Intimidate|boost
|-unboost|p2a: Sneasler|atk|1
|-unboost|p2b: Incineroar|atk|1
|move|p1a: Malamar|Protect|p1a: Malamar
|-singleturn|p1a: Malamar|Protect
|move|p2b: Incineroar|Flare Blitz|p1a: Malamar
|-activate|p1a: Malamar|move: Protect
|move|p2a: Sneasler|Close Combat|p1a: Malamar
|-activate|p1a: Malamar|move: Protect
|
|upkeep
|turn|11
|-message|raksbach forfeited.
|
|win|C.blaze
|raw|C.blaze's rating: 1209 → 1236(+27 for winning)
|raw|raksbach's rating: 1242 → 1215(-27 for losing)
