|j|☆0-3 bar
|j|☆efwefwefwefweifier
|html|0-3 barefwefwefwefweifier    
|uhtml|bestof|Game 1 of a best-of-3
|t:|1784542080
|gametype|doubles
|player|p1|0-3 bar|2|1350
|player|p2|efwefwefwefweifier|clown|1326
|gen|9
|tier|[Gen 9 Champions] VGC 2026 Reg M-B (Bo3)
|rated|
|rule|Species Clause: Limit one of each Pokémon
|rule|Item Clause: Limit 1 of each item
|clearpoke
|poke|p1|Charizard, L50, F|
|poke|p1|Whimsicott, L50, M|
|poke|p1|Basculegion, L50, M|
|poke|p1|Kingambit, L50, F|
|poke|p1|Glimmora, L50, M|
|poke|p1|Mamoswine, L50, M|
|poke|p2|Armarouge, L50, M|
|poke|p2|Sinistcha, L50|
|poke|p2|Floette-Eternal, L50, F|
|poke|p2|Incineroar, L50, M, shiny|
|poke|p2|Sneasler, L50, M|
|poke|p2|Hydreigon, L50, M|
|teampreview|4
|showteam|p1|Charizard||CharizarditeY|SolarPower|Protect,HeatWave,WeatherBall,SolarBeam|Modest||F|||50|]Whimsicott||FocusSash|Prankster|Protect,Tailwind,Moonblast,Encore|Timid||M|||50|]Basculegion||MysticWater|Adaptability|Protect,AquaJet,WaveCrash,LastRespects|Adamant||M|||50|]Kingambit||ChopleBerry|Defiant|Protect,KowtowCleave,SuckerPunch,LowKick|Adamant||F|||50|]Glimmora||Glimmoranite|ToxicDebris|PowerGem,SludgeBomb,EarthPower,SpikyShield|Timid||M|||50|]Mamoswine||LifeOrb|Oblivious|IcicleCrash,IceShard,HighHorsepower,Protect|Jolly||M|||50|
|showteam|p2|Armarouge||ColburBerry|FlashFire|HeatWave,Psychic,CalmMind,Protect|Modest||M|||50|]Sinistcha||KasibBerry|Hospitality|MatchaGotcha,RagePowder,TrickRoom,Protect|Calm|||||50|]Floette-Eternal||Floettite|FlowerVeil|DazzlingGleam,DrainingKiss,CalmMind,Protect|Modest||F|||50|]Incineroar||SitrusBerry|Intimidate|FlareBlitz,DarkestLariat,FakeOut,PartingShot|Careful||M|||50|]Sneasler||FocusSash|PoisonTouch|CloseCombat,PoisonJab,FakeOut,QuickGuard|Jolly||M|||50|]Hydreigon||ChoiceScarf|Levitate|DracoMeteor,DarkPulse,Snarl,EarthPower|Modest||M|||50|
|inactive|Battle timer is ON: inactive players will automatically lose when time's up. (requested by efwefwefwefweifier)
|inactive|0-3 bar has 60 seconds left.
|inactive|efwefwefwefweifier has 60 seconds left.
|
|t:|1784542128
|teamsize|p1|4
|teamsize|p2|4
|start
|switch|p1a: Whimsicott|Whimsicott, L50, M|100/100
|switch|p1b: Glimmora|Glimmora, L50, M|100/100
|switch|p2a: Poison Foison|Sneasler, L50, M|100/100
|switch|p2b: Pasta Blasta|Armarouge, L50, M|100/100
|turn|1
|inactive|0-3 bar has 30 seconds left.
|
|t:|1784542161
|switch|p2b: Merry Berry|Incineroar, L50, M, shiny|100/100
|-ability|p2b: Merry Berry|Intimidate|boost
|-unboost|p1a: Whimsicott|atk|1
|-unboost|p1b: Glimmora|atk|1
|detailschange|p1b: Glimmora|Glimmora-Mega, L50, M
|-mega|p1b: Glimmora|Glimmora|Glimmoranite
|move|p1a: Whimsicott|Protect|p1a: Whimsicott
|-singleturn|p1a: Whimsicott|Protect
|move|p2a: Poison Foison|Fake Out|p1b: Glimmora
|-resisted|p1b: Glimmora|1
|-damage|p1b: Glimmora|91/100
|cant|p1b: Glimmora|flinch
|
|upkeep
|turn|2
|inactive|0-3 bar has 30 seconds left.
|inactive|0-3 bar has 20 seconds left.
|
|t:|1784542200
|move|p2b: Merry Berry|Fake Out|p1a: Whimsicott
|-damage|p1a: Whimsicott|83/100
|cant|p1a: Whimsicott|flinch
|move|p2a: Poison Foison|Poison Jab|p1a: Whimsicott
|-supereffective|p1a: Whimsicott|2
|-damage|p1a: Whimsicott|0 fnt
|faint|p1a: Whimsicott
|move|p1b: Glimmora|Earth Power|p2a: Poison Foison
|-supereffective|p2a: Poison Foison|1
|-damage|p2a: Poison Foison|4/100
|
|upkeep
|
|t:|1784542215
|switch|p1a: Basculegion|Basculegion, L50, M|100/100
|turn|3
|
|t:|1784542234
|switch|p2b: Spinny Sinny|Sinistcha, L50|100/100
|-heal|p2a: Poison Foison|29/100|[from] ability: Hospitality|[of] p2b: Spinny Sinny
|move|p1a: Basculegion|Protect|p1a: Basculegion
|-singleturn|p1a: Basculegion|Protect
|move|p2a: Poison Foison|Poison Jab|p1a: Basculegion
|-activate|p1a: Basculegion|move: Protect
|move|p1b: Glimmora|Earth Power|p2b: Spinny Sinny
|-resisted|p2b: Spinny Sinny|1
|-damage|p2b: Spinny Sinny|85/100
|
|upkeep
|turn|4
|inactive|0-3 bar has 30 seconds left.
|inactive|efwefwefwefweifier has 30 seconds left.
|
|t:|1784542261
|move|p1b: Glimmora|Spiky Shield|p1b: Glimmora
|-singleturn|p1b: Glimmora|move: Protect
|move|p2a: Poison Foison|Close Combat|p1b: Glimmora
|-activate|p1b: Glimmora|move: Protect
|-damage|p2a: Poison Foison|17/100|[from] Spiky Shield|[of] p1b: Glimmora
|move|p1a: Basculegion|Last Respects|p2b: Spinny Sinny
|-supereffective|p2b: Spinny Sinny|1
|-enditem|p2b: Spinny Sinny|Kasib Berry|[eat]
|-enditem|p2b: Spinny Sinny|Kasib Berry|[weaken]
|-damage|p2b: Spinny Sinny|23/100
|move|p2b: Spinny Sinny|Trick Room|p2b: Spinny Sinny
|-fieldstart|move: Trick Room|[of] p2b: Spinny Sinny
|
|upkeep
|turn|5
|
|t:|1784542285
|switch|p2a: Merry Berry|Incineroar, L50, M, shiny|100/100
|-ability|p2a: Merry Berry|Intimidate|boost
|-unboost|p1a: Basculegion|atk|1
|-unboost|p1b: Glimmora|atk|1
|move|p2b: Spinny Sinny|Matcha Gotcha|p1a: Basculegion|[spread] p1a,p1b
|-supereffective|p1a: Basculegion|1
|-damage|p1a: Basculegion|41/100
|-heal|p2b: Spinny Sinny|56/100|[from] drain|[of] p1a: Basculegion
|-damage|p1b: Glimmora|61/100
|-heal|p2b: Spinny Sinny|70/100|[from] drain|[of] p1b: Glimmora
|-status|p1b: Glimmora|brn
|move|p1a: Basculegion|Last Respects|p2b: Spinny Sinny
|-supereffective|p2b: Spinny Sinny|1
|-damage|p2b: Spinny Sinny|0 fnt
|faint|p2b: Spinny Sinny
|move|p1b: Glimmora|Earth Power|p2a: Merry Berry
|-supereffective|p2a: Merry Berry|1
|-damage|p2a: Merry Berry|49/100
|-enditem|p2a: Merry Berry|Sitrus Berry|[eat]
|-heal|p2a: Merry Berry|74/100|[from] item: Sitrus Berry
|
|-damage|p1b: Glimmora|55/100 brn|[from] brn
|upkeep
|
|t:|1784542303
|switch|p2b: Pasta Blasta|Armarouge, L50, M|100/100
|turn|6
|inactive|0-3 bar has 30 seconds left.
|inactive|0-3 bar has 20 seconds left.
|inactive|0-3 bar has 15 seconds left.
|inactive|0-3 bar has 10 seconds left.
|
|t:|1784542348
|move|p1a: Basculegion|Protect|p1a: Basculegion
|-singleturn|p1a: Basculegion|Protect
|move|p1b: Glimmora|Spiky Shield|p1b: Glimmora
|-singleturn|p1b: Glimmora|move: Protect
|move|p2a: Merry Berry|Darkest Lariat|p1a: Basculegion
|-activate|p1a: Basculegion|move: Protect
|move|p2b: Pasta Blasta|Psychic|p1b: Glimmora
|-activate|p1b: Glimmora|move: Protect
|
|-damage|p1b: Glimmora|49/100 brn|[from] brn
|upkeep
|turn|7
|
|t:|1784542370
|switch|p1a: Mamoswine|Mamoswine, L50, M|100/100
|move|p2a: Merry Berry|Darkest Lariat|p1a: Mamoswine
|-damage|p1a: Mamoswine|58/100
|move|p2b: Pasta Blasta|Psychic|p1b: Glimmora
|-supereffective|p1b: Glimmora|1
|-damage|p1b: Glimmora|0 fnt
|faint|p1b: Glimmora
|
|upkeep
|
|t:|1784542379
|switch|p1b: Basculegion|Basculegion, L50, M|41/100
|turn|8
|
|t:|1784542391
|switch|p2a: Poison Foison|Sneasler, L50, M|17/100
|move|p1b: Basculegion|Protect|p1b: Basculegion
|-singleturn|p1b: Basculegion|Protect
|move|p1a: Mamoswine|Protect|p1a: Mamoswine
|-singleturn|p1a: Mamoswine|Protect
|move|p2b: Pasta Blasta|Heat Wave|p1b: Basculegion|[spread] 
|-activate|p1a: Mamoswine|move: Protect
|-activate|p1b: Basculegion|move: Protect
|
|-fieldend|move: Trick Room
|upkeep
|turn|9
|inactive|0-3 bar has 30 seconds left.
|inactive|efwefwefwefweifier has 30 seconds left.
|inactive|efwefwefwefweifier has 20 seconds left.
|inactive|efwefwefwefweifier has 15 seconds left.
|
|t:|1784542432
|switch|p2a: Merry Berry|Incineroar, L50, M, shiny|74/100
|-ability|p2a: Merry Berry|Intimidate|boost
|-fail|p1a: Mamoswine|unboost|Attack|[from] ability: Oblivious|[of] p1a: Mamoswine
|-unboost|p1b: Basculegion|atk|1
|move|p1a: Mamoswine|High Horsepower|p2a: Merry Berry
|-supereffective|p2a: Merry Berry|1
|-damage|p2a: Merry Berry|0 fnt
|faint|p2a: Merry Berry
|-damage|p1a: Mamoswine|48/100|[from] item: Life Orb
|move|p1b: Basculegion|Last Respects|p2b: Pasta Blasta
|-supereffective|p2b: Pasta Blasta|1
|-damage|p2b: Pasta Blasta|0 fnt
|faint|p2b: Pasta Blasta
|
|upkeep
|-message|efwefwefwefweifier forfeited.
|
|win|0-3 bar
|l|☆efwefwefwefweifier
|player|p2|
||efwefwefwefweifier is ready for game 2.
||0-3 bar is ready for game 2.
|uhtml|next|Next: Game 2 of 3
|j|☆efwefwefwefweifier
|player|p2|efwefwefwefweifier|clown|
