|j|☆kcb.rodrii
|j|☆SleepySilver07
|html|kcb.rodriiSleepySilver07    
|uhtml|bestof|Game 2 of a best-of-3
|t:|1785446585
|gametype|doubles
|player|p1|kcb.rodrii|ethan|1102
|player|p2|SleepySilver07|2|1102
|gen|9
|tier|[Gen 9 Champions] VGC 2026 Reg M-B (Bo3)
|rated|
|rule|Species Clause: Limit one of each Pokémon
|rule|Item Clause: Limit 1 of each item
|clearpoke
|poke|p1|Skarmory, L50, F|
|poke|p1|Arcanine-Hisui, L50, M|
|poke|p1|Sinistcha, L50|
|poke|p1|Hydreigon, L50, F|
|poke|p1|Floette-Eternal, L50, F|
|poke|p1|Mamoswine, L50, F|
|poke|p2|Charizard, L50, F|
|poke|p2|Milotic, L50, M|
|poke|p2|Kleavor, L50, F|
|poke|p2|Sinistcha, L50|
|poke|p2|Sneasler, L50, M|
|poke|p2|Sylveon, L50, M|
|teampreview|4
|showteam|p1|Skarmory||Skarmorite|Sturdy|Protect,BraveBird,IronHead,Tailwind|Adamant||F|||50|]Arcanine-Hisui||FocusSash|Intimidate|Protect,Howl,RockSlide,FlareBlitz|Adamant||M|||50|]Sinistcha||SitrusBerry|Hospitality|MatchaGotcha,Protect,LifeDew,RagePowder|Bold|||||50|]Hydreigon||ChoiceScarf|Levitate|DracoMeteor,DarkPulse,Snarl,EarthPower|Modest||F|||50|]Floette-Eternal||Floettite|FlowerVeil|Protect,CalmMind,DazzlingGleam,Moonblast|Modest||F|||50|]Mamoswine||LifeOrb|Oblivious|Protect,Earthquake,HighHorsepower,IceShard|Adamant||F|||50|
|showteam|p2|Charizard||CharizarditeX|Blaze|FlareBlitz,DragonClaw,Roost,Protect|Adamant||F|||50|]Milotic||SitrusBerry|Competitive|Scald,IcyWind,Recover,HelpingHand|Calm||M|||50|]Kleavor||FocusSash|Sharpness|StoneAxe,Uturn,Protect,Tailwind|Adamant||F|||50|]Sinistcha||OccaBerry|Hospitality|MatchaGotcha,Protect,RagePowder,TrickRoom|Bold|||||50|]Sneasler||WhiteHerb|Unburden|DireClaw,CloseCombat,FakeOut,Protect|Adamant||M|||50|]Sylveon||FairyFeather|Pixilate|HyperVoice,HyperBeam,Protect,Roar|Modest||M|||50|
|
|t:|1785446602
|teamsize|p1|4
|teamsize|p2|4
|start
|switch|p1a: Hydreigon|Hydreigon, L50, F|100/100
|switch|p1b: Sinistcha|Sinistcha, L50|100/100
|switch|p2a: Milotic|Milotic, L50, M|100/100
|switch|p2b: Charizard|Charizard, L50, F|100/100
|turn|1
|
|t:|1785446644
|move|p2a: Milotic|Helping Hand|p2b: Charizard
|-singleturn|p2b: Charizard|Helping Hand|[of] p2a: Milotic
|move|p1a: Hydreigon|Earth Power|p2b: Charizard
|-immune|p2b: Charizard
|move|p2b: Charizard|Flare Blitz|p1b: Sinistcha
|-supereffective|p1b: Sinistcha|1
|-damage|p1b: Sinistcha|0 fnt
|faint|p1b: Sinistcha
|-damage|p2b: Charizard|67/100|[from] Recoil
|
|upkeep
|
|t:|1785446656
|switch|p1b: Skarmory|Skarmory, L50, F|100/100
|turn|2
|
|t:|1785446681
|switch|p1a: Mamoswine|Mamoswine, L50, F|100/100
|move|p2a: Milotic|Helping Hand|p2b: Charizard
|-singleturn|p2b: Charizard|Helping Hand|[of] p2a: Milotic
|move|p1b: Skarmory|Protect|p1b: Skarmory
|-singleturn|p1b: Skarmory|Protect
|move|p2b: Charizard|Flare Blitz|p1b: Skarmory
|-activate|p1b: Skarmory|move: Protect
|
|upkeep
|turn|3
|
|t:|1785446701
|move|p2b: Charizard|Protect|p2b: Charizard
|-singleturn|p2b: Charizard|Protect
|move|p1a: Mamoswine|Ice Shard|p2b: Charizard
|-activate|p2b: Charizard|move: Protect
|move|p1b: Skarmory|Tailwind|p1b: Skarmory
|-sidestart|p1: kcb.rodrii|move: Tailwind
|move|p2a: Milotic|Icy Wind|p1a: Mamoswine|[spread] p1a,p1b
|-damage|p1a: Mamoswine|86/100
|-damage|p1b: Skarmory|83/100
|-unboost|p1a: Mamoswine|spe|1
|-unboost|p1b: Skarmory|spe|1
|
|upkeep
|turn|4
|
|t:|1785446717
|switch|p2b: Sneasler|Sneasler, L50, M|100/100
|detailschange|p1b: Skarmory|Skarmory-Mega, L50, F
|-mega|p1b: Skarmory|Skarmory|Skarmorite
|move|p1b: Skarmory|Brave Bird|p2b: Sneasler
|-supereffective|p2b: Sneasler|1
|-damage|p2b: Sneasler|0 fnt
|faint|p2b: Sneasler
|-damage|p1b: Skarmory|42/100|[from] Recoil
|move|p1a: Mamoswine|High Horsepower|p2a: Milotic
|-damage|p2a: Milotic|39/100
|-enditem|p2a: Milotic|Sitrus Berry|[eat]
|-heal|p2a: Milotic|64/100|[from] item: Sitrus Berry
|-damage|p1a: Mamoswine|77/100|[from] item: Life Orb
|move|p2a: Milotic|Icy Wind|p1b: Skarmory|[spread] p1a,p1b
|-damage|p1a: Mamoswine|62/100
|-damage|p1b: Skarmory|29/100
|-unboost|p1a: Mamoswine|spe|1
|-unboost|p1b: Skarmory|spe|1
|
|upkeep
|
|t:|1785446726
|switch|p2b: Charizard|Charizard, L50, F|67/100
|turn|5
|
|t:|1785446744
|move|p1b: Skarmory|Brave Bird|p2a: Milotic
|-damage|p2a: Milotic|0 fnt
|faint|p2a: Milotic
|-damage|p1b: Skarmory|1/100|[from] Recoil
|move|p1a: Mamoswine|Earthquake|p2b: Charizard|[spread] 
|-immune|p1b: Skarmory
|-immune|p2b: Charizard
|move|p2b: Charizard|Flare Blitz|p1b: Skarmory
|-supereffective|p1b: Skarmory|1
|-damage|p1b: Skarmory|0 fnt
|faint|p1b: Skarmory
|-damage|p2b: Charizard|66/100|[from] Recoil
|
|upkeep
|
|t:|1785446751
|switch|p1b: Hydreigon|Hydreigon, L50, F|100/100
|switch|p2a: Sylveon|Sylveon, L50, M|100/100
|turn|6
|
|t:|1785446778
|move|p2b: Charizard|Protect|p2b: Charizard
|-singleturn|p2b: Charizard|Protect
|move|p2a: Sylveon|Protect|p2a: Sylveon
|-singleturn|p2a: Sylveon|Protect
|move|p1b: Hydreigon|Dark Pulse|p2a: Sylveon
|-activate|p2a: Sylveon|move: Protect
|move|p1a: Mamoswine|Earthquake|p2a: Sylveon|[spread] 
|-activate|p2a: Sylveon|move: Protect
|-activate|p2b: Charizard|move: Protect
|-immune|p1b: Hydreigon|[from] ability: Levitate
|
|-sideend|p1: kcb.rodrii|move: Tailwind
|upkeep
|turn|7
|
|t:|1785446797
|detailschange|p2b: Charizard|Charizard-Mega-X, L50, F
|-mega|p2b: Charizard|Charizard|Charizardite X
|move|p1b: Hydreigon|Dark Pulse|p2a: Sylveon
|-resisted|p2a: Sylveon|1
|-damage|p2a: Sylveon|84/100
|move|p2b: Charizard|Flare Blitz|p1a: Mamoswine
|-supereffective|p1a: Mamoswine|1
|-crit|p1a: Mamoswine
|-damage|p1a: Mamoswine|0 fnt
|faint|p1a: Mamoswine
|-damage|p2b: Charizard|44/100|[from] Recoil
|move|p2a: Sylveon|Hyper Voice|p1b: Hydreigon
|-supereffective|p1b: Hydreigon|2
|-damage|p1b: Hydreigon|0 fnt
|faint|p1b: Hydreigon
|
|win|SleepySilver07
|raw|kcb.rodrii's rating: 1102 → 1077(-25 for losing)
|raw|SleepySilver07's rating: 1102 → 1127(+25 for winning)
|l|☆kcb.rodrii
|player|p1|
|c|☆SleepySilver07|ggs
