|j|☆hahadontcare
|j|☆repo2
|html|hahadontcarerepo2    
|uhtml|bestof|Game 1 of a best-of-3
|t:|1785773052
|gametype|doubles
|player|p1|hahadontcare|rocketgruntf|1000
|player|p2|repo2|pokemonrangerf|1095
|gen|9
|tier|[Gen 9 Champions] VGC 2026 Reg M-B (Bo3)
|rated|
|rule|Species Clause: Limit one of each Pokémon
|rule|Item Clause: Limit 1 of each item
|clearpoke
|poke|p1|Sinistcha, L50|
|poke|p1|Rotom-Wash, L50|
|poke|p1|Garchomp, L50, M|
|poke|p1|Incineroar, L50, F|
|poke|p1|Zoroark-Hisui, L50, F|
|poke|p1|Lucario, L50, M|
|poke|p2|Staraptor, L50, M|
|poke|p2|Farigiraf, L50, M|
|poke|p2|Incineroar, L50, M|
|poke|p2|Floette-Eternal, L50, F|
|poke|p2|Excadrill, L50, M|
|poke|p2|Milotic, L50, M|
|teampreview|4
|showteam|p1|Sinistcha||Leftovers|Hospitality|RagePowder,StrengthSap,MatchaGotcha,Protect|Bold|||||50|]Rotom-Wash||SitrusBerry|Levitate|HydroPump,Thunderbolt,Hex,WillOWisp|Timid|||||50|]Garchomp||RoseliBerry|RoughSkin|Earthquake,RockSlide,DragonClaw,DracoMeteor|Naive||M|||50|]Incineroar||Charcoal|Intimidate|FakeOut,TemperFlare,DrainPunch,SleepTalk|Adamant||F|||50|]Zoroark-Hisui||FocusSash|Illusion|Imprison,Poltergeist,FakeTears,FocusBlast|Hasty||F|||50|]Lucario||Lucarionite|InnerFocus|NastyPlot,AuraSphere,FlashCannon,Protect|Timid||M|||50|
|showteam|p2|Staraptor||ChoiceScarf|Intimidate|FinalGambit,CloseCombat,Uturn,BraveBird|Jolly||M|||50|]Farigiraf||SitrusBerry|ArmorTail|TrickRoom,Psychic,Thunderbolt,HelpingHand|Bold||M|||50|]Incineroar||FocusSash|Intimidate|FakeOut,PartingShot,FlareBlitz,ThroatChop|Adamant||M|||50|]Floette-Eternal||Floettite|FlowerVeil|DazzlingGleam,Protect,CalmMind,DrainingKiss|Modest||F|||50|]Excadrill||LifeOrb|MoldBreaker|IronHead,HighHorsepower,Protect,RockSlide|Jolly||M|||50|]Milotic||Leftovers|Competitive|MuddyWater,Hypnosis,Coil,Recover|Calm||M|||50|
|inactive|Battle timer is ON: inactive players will automatically lose when time's up. (requested by repo2)
|
|t:|1785773081
|teamsize|p1|4
|teamsize|p2|4
|start
|switch|p1a: Rotom|Rotom-Wash, L50|100/100
|switch|p1b: Sinistcha|Sinistcha, L50|100/100
|switch|p2a: Staraptor|Staraptor, L50, M|100/100
|switch|p2b: Incineroar|Incineroar, L50, M|100/100
|-ability|p2a: Staraptor|Intimidate|boost
|-unboost|p1a: Rotom|atk|1
|-unboost|p1b: Sinistcha|atk|1
|-ability|p2b: Incineroar|Intimidate|boost
|-unboost|p1a: Rotom|atk|1
|-unboost|p1b: Sinistcha|atk|1
|turn|1
|inactive|hahadontcare has 30 seconds left.
|
|t:|1785773110
|move|p1b: Sinistcha|Protect|p1b: Sinistcha
|-singleturn|p1b: Sinistcha|Protect
|move|p2a: Staraptor|U-turn|p1a: Rotom
|-damage|p1a: Rotom|74/100
|
|t:|1785773113
|switch|p2a: Farigiraf|Farigiraf, L50, M|100/100|[from] U-turn
|move|p1a: Rotom|Thunderbolt|p2a: Farigiraf
|-damage|p2a: Farigiraf|59/100
|move|p2b: Incineroar|Flare Blitz|p1b: Sinistcha
|-activate|p1b: Sinistcha|move: Protect
|
|upkeep
|turn|2
|inactive|hahadontcare has 30 seconds left.
|
|t:|1785773140
|switch|p1b: Lucario|Lucario, L50, M|100/100
|move|p1a: Rotom|Thunderbolt|p2b: Incineroar
|-damage|p2b: Incineroar|54/100
|move|p2b: Incineroar|Flare Blitz|p1b: Lucario
|-enditem|p1b: Lucario|Focus Sash
|-damage|p1b: Lucario|1/100
|replace|p1b: Zoroark|Zoroark-Hisui, L50, F
|-end|p1b: Zoroark|Illusion
|-damage|p2b: Incineroar|23/100|[from] Recoil
|move|p2a: Farigiraf|Psychic|p1a: Rotom
|-damage|p1a: Rotom|31/100
|-unboost|p1a: Rotom|spd|1
|-enditem|p1a: Rotom|Sitrus Berry|[eat]
|-heal|p1a: Rotom|55/100|[from] item: Sitrus Berry
|
|upkeep
|turn|3
|
|t:|1785773159
|move|p1b: Zoroark|Imprison|p1b: Zoroark
|-start|p1b: Zoroark|move: Imprison
|move|p1a: Rotom|Thunderbolt|p2b: Incineroar
|-damage|p2b: Incineroar|0 fnt
|faint|p2b: Incineroar
|move|p2a: Farigiraf|Psychic|p1a: Rotom
|-damage|p1a: Rotom|0 fnt
|faint|p1a: Rotom
|
|upkeep
|
|t:|1785773171
|switch|p1a: Sinistcha|Sinistcha, L50|100/100
|switch|p2b: Milotic|Milotic, L50, M|100/100
|-heal|p1b: Zoroark|25/100|[from] ability: Hospitality|[of] p1a: Sinistcha
|turn|4
|inactive|hahadontcare has 30 seconds left.
|
|t:|1785773203
|move|p1b: Zoroark|Fake Tears|p2b: Milotic
|-unboost|p2b: Milotic|spd|2
|-ability|p2b: Milotic|Competitive|boost
|-boost|p2b: Milotic|spa|2
|move|p2b: Milotic|Muddy Water|p1a: Sinistcha|[spread] p1a,p1b
|-resisted|p1a: Sinistcha|1
|-damage|p1a: Sinistcha|78/100
|-damage|p1b: Zoroark|0 fnt
|faint|p1b: Zoroark
|move|p1a: Sinistcha|Matcha Gotcha|p2a: Farigiraf|[spread] p2a,p2b
|-supereffective|p2b: Milotic|1
|-damage|p2a: Farigiraf|37/100
|-heal|p1a: Sinistcha|92/100|[from] drain|[of] p2a: Farigiraf
|-damage|p2b: Milotic|40/100
|-heal|p1a: Sinistcha|100/100|[from] drain|[of] p2b: Milotic
|-status|p2a: Farigiraf|brn
|-enditem|p2a: Farigiraf|Sitrus Berry|[eat]
|-heal|p2a: Farigiraf|62/100 brn|[from] item: Sitrus Berry
|move|p2a: Farigiraf|Psychic|p1a: Sinistcha
|-damage|p1a: Sinistcha|67/100
|
|-heal|p2b: Milotic|46/100|[from] item: Leftovers
|-heal|p1a: Sinistcha|74/100|[from] item: Leftovers
|-damage|p2a: Farigiraf|56/100 brn|[from] brn
|upkeep
|
|t:|1785773222
|switch|p1b: Lucario|Lucario, L50, M|100/100
|turn|5
|
|t:|1785773230
|move|p1b: Lucario|Protect|p1b: Lucario
|-singleturn|p1b: Lucario|Protect
|move|p2b: Milotic|Muddy Water|p1a: Sinistcha|[spread] p1a
|-activate|p1b: Lucario|move: Protect
|-resisted|p1a: Sinistcha|1
|-damage|p1a: Sinistcha|50/100g
|move|p1a: Sinistcha|Matcha Gotcha|p2b: Milotic|[spread] p2a,p2b
|-supereffective|p2b: Milotic|1
|-damage|p2a: Farigiraf|32/100 brn
|-heal|p1a: Sinistcha|66/100|[from] drain|[of] p2a: Farigiraf
|-damage|p2b: Milotic|0 fnt
|-heal|p1a: Sinistcha|92/100|[from] drain|[of] p2b: Milotic
|faint|p2b: Milotic
|move|p2a: Farigiraf|Psychic|p1b: Lucario
|-activate|p1b: Lucario|move: Protect
|
|-heal|p1a: Sinistcha|98/100|[from] item: Leftovers
|-damage|p2a: Farigiraf|25/100 brn|[from] brn
|upkeep
|
|t:|1785773234
|switch|p2b: Staraptor|Staraptor, L50, M|100/100
|-ability|p2b: Staraptor|Intimidate|boost
|-unboost|p1a: Sinistcha|atk|1
|-fail|p1b: Lucario|unboost|Attack|[from] ability: Inner Focus|[of] p1b: Lucario
|turn|6
|inactive|hahadontcare has 30 seconds left.
|
|t:|1785773266
|detailschange|p1b: Lucario|Lucario-Mega, L50, M
|-mega|p1b: Lucario|Lucario|Lucarionite
|move|p2a: Farigiraf|Helping Hand|p2b: Staraptor
|-singleturn|p2b: Staraptor|Helping Hand|[of] p2a: Farigiraf
|move|p2b: Staraptor|Brave Bird|p1b: Lucario
|-damage|p1b: Lucario|0 fnt
|faint|p1b: Lucario
|-damage|p2b: Staraptor|74/100|[from] Recoil
|move|p1a: Sinistcha|Matcha Gotcha|p2b: Staraptor|[spread] p2a,p2b
|-resisted|p2b: Staraptor|1
|-damage|p2a: Farigiraf|2/100 brn
|-heal|p1a: Sinistcha|100/100|[from] drain|[of] p2a: Farigiraf
|-damage|p2b: Staraptor|57/100
|-status|p2b: Staraptor|brn
|
|-damage|p2b: Staraptor|51/100 brn|[from] brn
|-damage|p2a: Farigiraf|0 fnt|[from] brn
|faint|p2a: Farigiraf
|upkeep
|turn|7
|
|t:|1785773286
|move|p2b: Staraptor|Brave Bird|p1a: Sinistcha
|-supereffective|p1a: Sinistcha|1
|-damage|p1a: Sinistcha|61/100
|-damage|p2b: Staraptor|39/100 brn|[from] Recoil
|move|p1a: Sinistcha|Matcha Gotcha|p2b: Staraptor
|-resisted|p2b: Staraptor|1
|-damage|p2b: Staraptor|17/100 brn
|-heal|p1a: Sinistcha|73/100|[from] drain|[of] p2b: Staraptor
|
|-heal|p1a: Sinistcha|79/100|[from] item: Leftovers
|-damage|p2b: Staraptor|11/100 brn|[from] brn
|upkeep
|turn|8
|-message|repo2 forfeited.
|
|win|hahadontcare
