|j|☆platanoso
|j|☆rlm00
|html|platanosorlm00    
|uhtml|bestof|Game 2 of a best-of-3
|t:|1785963200
|gametype|doubles
|player|p1|platanoso|madame-gen4|1232
|player|p2|rlm00|1|1361
|gen|9
|tier|[Gen 9 Champions] VGC 2026 Reg M-B (Bo3)
|rated|
|rule|Species Clause: Limit one of each Pokémon
|rule|Item Clause: Limit 1 of each item
|clearpoke
|poke|p1|Floette-Eternal, L50, F|
|poke|p1|Sneasler, L50, M|
|poke|p1|Incineroar, L50, M|
|poke|p1|Sinistcha, L50|
|poke|p1|Delphox, L50, M|
|poke|p1|Garchomp, L50, F|
|poke|p2|Staraptor, L50, M|
|poke|p2|Raichu, L50, M|
|poke|p2|Sylveon, L50, M|
|poke|p2|Farigiraf, L50, M|
|poke|p2|Arcanine-Hisui, L50, F|
|poke|p2|Kingambit, L50, F|
|teampreview|4
|showteam|p1|Floette-Eternal||Floettite|FlowerVeil|DazzlingGleam,DrainingKiss,CalmMind,Protect|Modest||F|||50|]Sneasler||FocusSash|PoisonTouch|CloseCombat,PoisonJab,FakeOut,Protect|Jolly||M|||50|]Incineroar||SitrusBerry|Intimidate|FlareBlitz,DarkestLariat,PartingShot,FakeOut|Impish||M|||50|]Sinistcha||OccaBerry|Hospitality|MatchaGotcha,RagePowder,TrickRoom,Protect|Bold|||||50|]Delphox||Delphoxite|Blaze|Psychic,HeatWave,NastyPlot,Protect|Timid||M|||50|]Garchomp||ChoiceScarf|RoughSkin|DragonClaw,StompingTantrum,Earthquake,RockSlide|Adamant||F|||50|
|showteam|p2|Staraptor||Staraptite|Intimidate|Protect,Tailwind,CloseCombat,DualWingbeat|Jolly||M|||50|]Raichu||RaichuniteY|LightningRod|Protect,ZapCannon,FocusBlast,FakeOut|Timid||M|||50|]Sylveon||FairyFeather|Pixilate|Detect,HyperBeam,HyperVoice,QuickAttack|Modest||M|||50|]Farigiraf||SitrusBerry|ArmorTail|Protect,TrickRoom,HelpingHand,Psychic|Relaxed||M|||50|]Arcanine-Hisui||FocusSash|RockHead|Protect,HeadSmash,ExtremeSpeed,FlareBlitz|Adamant||F|||50|]Kingambit||LifeOrb|Defiant|Protect,SuckerPunch,SwordsDance,KowtowCleave|Adamant||F|||50|
|inactive|Battle timer is ON: inactive players will automatically lose when time's up. (requested by rlm00)
|inactive|rlm00 has 60 seconds left.
|inactive|rlm00 has 30 seconds left.
|inactive|rlm00 has 20 seconds left.
|inactive|rlm00 has 15 seconds left.
|inactive|rlm00 has 10 seconds left.
|inactive|rlm00 has 5 seconds left.
|
|t:|1785963291
|teamsize|p1|4
|teamsize|p2|4
|start
|switch|p1a: Delphox|Delphox, L50, M|100/100
|switch|p1b: Garchomp|Garchomp, L50, F|100/100
|switch|p2a: Arcanine|Arcanine-Hisui, L50, F|100/100
|switch|p2b: Staraptor|Staraptor, L50, M|100/100
|-ability|p2b: Staraptor|Intimidate|boost
|-unboost|p1a: Delphox|atk|1
|-unboost|p1b: Garchomp|atk|1
|turn|1
|inactive|rlm00 has 30 seconds left.
|inactive|platanoso has 30 seconds left.
|inactive|rlm00 has 20 seconds left.
|inactive|platanoso has 20 seconds left.
|inactive|platanoso has 15 seconds left.
|
|t:|1785963343
|detailschange|p2b: Staraptor|Staraptor-Mega, L50, M
|-mega|p2b: Staraptor|Staraptor|Staraptite
|detailschange|p1a: Delphox|Delphox-Mega, L50, M
|-mega|p1a: Delphox|Delphox|Delphoxite
|move|p1b: Garchomp|Dragon Claw|p2b: Staraptor
|-damage|p2b: Staraptor|68/100
|move|p1a: Delphox|Psychic|p2b: Staraptor
|-supereffective|p2b: Staraptor|1
|-damage|p2b: Staraptor|0 fnt
|faint|p2b: Staraptor
|move|p2a: Arcanine|Head Smash|p1a: Delphox
|-supereffective|p1a: Delphox|1
|-damage|p1a: Delphox|0 fnt
|faint|p1a: Delphox
|
|upkeep
|
|t:|1785963358
|switch|p1a: Sneasler|Sneasler, L50, M|100/100
|switch|p2b: Farigiraf|Farigiraf, L50, M|100/100
|turn|2
|
|t:|1785963380
|switch|p1b: Sinistcha|Sinistcha, L50|100/100
|move|p1a: Sneasler|Poison Jab|p2b: Farigiraf
|-damage|p2b: Farigiraf|67/100
|-status|p2b: Farigiraf|psn
|move|p2a: Arcanine|Flare Blitz|p1a: Sneasler
|-enditem|p1a: Sneasler|Focus Sash
|-damage|p1a: Sneasler|1/100
|move|p2b: Farigiraf|Trick Room|p2b: Farigiraf
|-fieldstart|move: Trick Room|[of] p2b: Farigiraf
|
|-damage|p2b: Farigiraf|55/100 psn|[from] psn
|upkeep
|turn|3
|
|t:|1785963399
|move|p2b: Farigiraf|Psychic|p1a: Sneasler
|-supereffective|p1a: Sneasler|2
|-damage|p1a: Sneasler|0 fnt
|faint|p1a: Sneasler
|move|p2a: Arcanine|Flare Blitz|p1b: Sinistcha
|-supereffective|p1b: Sinistcha|1
|-enditem|p1b: Sinistcha|Occa Berry|[eat]
|-enditem|p1b: Sinistcha|Occa Berry|[weaken]
|-damage|p1b: Sinistcha|47/100
|-status|p1b: Sinistcha|brn
|move|p1b: Sinistcha|Trick Room|p1b: Sinistcha
|-fieldend|move: Trick Room
|
|-damage|p2b: Farigiraf|42/100 psn|[from] psn
|-damage|p1b: Sinistcha|41/100 brn|[from] brn
|upkeep
|-enditem|p2b: Farigiraf|Sitrus Berry|[eat]
|-heal|p2b: Farigiraf|67/100 psn|[from] item: Sitrus Berry
|
|t:|1785963413
|switch|p1a: Garchomp|Garchomp, L50, F|100/100
|turn|4
|inactive|rlm00 has 30 seconds left.
|
|t:|1785963445
|move|p2a: Arcanine|Protect|p2a: Arcanine
|-singleturn|p2a: Arcanine|Protect
|move|p2b: Farigiraf|Protect|p2b: Farigiraf
|-singleturn|p2b: Farigiraf|Protect
|move|p1a: Garchomp|Earthquake|p2b: Farigiraf|[spread] p1b
|-activate|p2a: Arcanine|move: Protect
|-activate|p2b: Farigiraf|move: Protect
|-resisted|p1b: Sinistcha|1
|-damage|p1b: Sinistcha|24/100 brn
|move|p1b: Sinistcha|Matcha Gotcha|p2a: Arcanine|[spread] 
|-activate|p2a: Arcanine|move: Protect
|-activate|p2b: Farigiraf|move: Protect
|
|-damage|p2b: Farigiraf|55/100 psn|[from] psn
|-damage|p1b: Sinistcha|17/100 brn|[from] brn
|upkeep
|turn|5
|inactive|rlm00 has 30 seconds left.
|
|t:|1785963474
|move|p1a: Garchomp|Earthquake|p2a: Arcanine|[spread] p1b,p2a,p2b
|-resisted|p1b: Sinistcha|1
|-supereffective|p2a: Arcanine|2
|-damage|p1b: Sinistcha|1/100 brn
|-enditem|p2a: Arcanine|Focus Sash
|-damage|p2a: Arcanine|1/100
|-damage|p2b: Farigiraf|19/100 psn
|move|p2a: Arcanine|Flare Blitz|p1a: Garchomp
|-resisted|p1a: Garchomp|1
|-damage|p1a: Garchomp|69/100
|-damage|p2a: Arcanine|0 fnt|[from] ability: Rough Skin|[of] p1a: Garchomp
|faint|p2a: Arcanine
|move|p1b: Sinistcha|Matcha Gotcha|p2b: Farigiraf
|-damage|p2b: Farigiraf|0 fnt
|-heal|p1b: Sinistcha|13/100 brn|[from] drain|[of] p2b: Farigiraf
|faint|p2b: Farigiraf
|
|-damage|p1b: Sinistcha|7/100 brn|[from] brn
|upkeep
|
|t:|1785963489
|switch|p2b: Kingambit|Kingambit, L50, F|100/100
|turn|6
|
|t:|1785963499
|move|p1b: Sinistcha|Protect|p1b: Sinistcha
|-singleturn|p1b: Sinistcha|Protect
|move|p2b: Kingambit|Protect|p2b: Kingambit
|-singleturn|p2b: Kingambit|Protect
|move|p1a: Garchomp|Earthquake|p2b: Kingambit|[spread] 
|-activate|p1b: Sinistcha|move: Protect
|-activate|p2b: Kingambit|move: Protect
|
|-damage|p1b: Sinistcha|1/100 brn|[from] brn
|upkeep
|turn|7
|
|t:|1785963514
|move|p1b: Sinistcha|Protect||[still]
|-fail|p1b: Sinistcha
|move|p2b: Kingambit|Protect||[still]
|-fail|p2b: Kingambit
|move|p1a: Garchomp|Earthquake|p2b: Kingambit|[spread] p1b,p2b
|-resisted|p1b: Sinistcha|1
|-supereffective|p2b: Kingambit|1
|-damage|p1b: Sinistcha|0 fnt
|-damage|p2b: Kingambit|35/100
|faint|p1b: Sinistcha
|
|upkeep
|turn|8
|
|t:|1785963523
|move|p2b: Kingambit|Sucker Punch|p1a: Garchomp
|-damage|p1a: Garchomp|14/100
|-damage|p2b: Kingambit|23/100|[from] ability: Rough Skin|[of] p1a: Garchomp
|-damage|p2b: Kingambit|13/100|[from] item: Life Orb
|move|p1a: Garchomp|Earthquake|p2b: Kingambit
|-supereffective|p2b: Kingambit|1
|-damage|p2b: Kingambit|0 fnt
|faint|p2b: Kingambit
|
|win|platanoso
