|j|☆ginopollo
|j|☆snailboss
|html|ginopollosnailboss    
|uhtml|bestof|Game 2 of a best-of-3
|t:|1756420442
|gametype|doubles
|player|p1|ginopollo|2|1082
|player|p2|snailboss|hilda-wonderlauncher|1177
|gen|9
|tier|[Gen 9] VGC 2025 Reg H (Bo3)
|rated|
|rule|Species Clause: Limit one of each Pokémon
|rule|Item Clause: Limit 1 of each item
|clearpoke
|poke|p1|Basculegion, L50, M|
|poke|p1|Archaludon, L50, F|
|poke|p1|Smeargle, L50, M|
|poke|p1|Gholdengo, L50|
|poke|p1|Sneasler, L50, F|
|poke|p1|Pelipper, L50, M|
|poke|p2|Tyranitar, L50, F|
|poke|p2|Excadrill, L50, M|
|poke|p2|Indeedee-F, L50, F|
|poke|p2|Zoroark-Hisui, L50, F|
|poke|p2|Corviknight, L50, F|
|poke|p2|Amoonguss, L50, F|
|teampreview|4
|showteam|p1|Basculegion||ChoiceScarf|Adaptability|FlipTurn,WaveCrash,LastRespects,AquaJet|||M|||50|,,,,,Grass]Archaludon||AssaultVest|Stamina|ElectroShot,DragonPulse,BodyPress,FlashCannon|||F|||50|,,,,,Grass]Smeargle||FocusSash|Moody|Tailwind,FollowMe,Spore,FakeOut|||M|||50|,,,,,Ghost]Gholdengo||LifeOrb|GoodasGold|MakeItRain,ShadowBall,NastyPlot,Protect||||||50|,,,,,Water]Sneasler||AirBalloon|Unburden|DireClaw,CloseCombat,FakeOut,Protect|||F|||50|,,,,,Dark]Pelipper||SharpBeak|Drizzle|Tailwind,WideGuard,Hurricane,WeatherBall|||M|||50|,,,,,Ghost
|showteam|p2|Tyranitar||AssaultVest|SandStream|RockSlide,KnockOff,LowKick,TeraBlast|||F|||50|,,,,,Flying]Excadrill||FocusSash|SandRush|IronHead,Protect,SwordsDance,Earthquake|||M|||50|,,,,,Ground]Indeedee-F||SafetyGoggles|PsychicSurge|TrickRoom,FollowMe,Psychic,HelpingHand|||F|||50|,,,,,Fairy]Zoroark-Hisui||ChoiceSpecs|Illusion|HyperVoice,ShadowBall,HyperBeam,Flamethrower|||F|||50|,,,,,Normal]Corviknight||PsychicSeed|MirrorArmor|BraveBird,PowerTrip,BulkUp,Roost|||F|||50|,,,,,Rock]Amoonguss||SitrusBerry|Regenerator|Spore,RagePowder,Protect,ClearSmog|||F|||50|,,,,,Water
|inactive|Battle timer is ON: inactive players will automatically lose when time's up. (requested by snailboss)
|
|t:|1756420524
|teamsize|p1|4
|teamsize|p2|4
|start
|switch|p1a: Smeargle|Smeargle, L50, M|100/100
|switch|p1b: Gholdengo|Gholdengo, L50|100/100
|switch|p2a: Excadrill|Excadrill, L50, M|100/100
|switch|p2b: Indeedee|Indeedee-F, L50, F|100/100
|-fieldstart|move: Psychic Terrain|[from] ability: Psychic Surge|[of] p2b: Indeedee
|turn|1
|inactive|ginopollo has 30 seconds left.
|inactive|ginopollo has 20 seconds left.
|inactive|ginopollo has 15 seconds left.
|inactive|ginopollo has 10 seconds left.
|inactive|ginopollo has 5 seconds left.
|
|t:|1756420577
|move|p2b: Indeedee|Follow Me|p2b: Indeedee
|-singleturn|p2b: Indeedee|move: Follow Me
|move|p2a: Excadrill|Swords Dance|p2a: Excadrill
|-boost|p2a: Excadrill|atk|2
|move|p1a: Smeargle|Tailwind|p1a: Smeargle
|-sidestart|p1: ginopollo|move: Tailwind
|move|p1b: Gholdengo|Nasty Plot|p1b: Gholdengo
|-boost|p1b: Gholdengo|spa|2
|
|-ability|p1a: Smeargle|Moody|boost
|-boost|p1a: Smeargle|spa|2
|-unboost|p1a: Smeargle|atk|1
|upkeep
|turn|2
|
|t:|1756420601
|switch|p1a: Sneasler|Sneasler, L50, F|100/100
|-item|p1a: Sneasler|Air Balloon
|-terastallize|p1b: Gholdengo|Water
|move|p2a: Excadrill|Protect|p2a: Excadrill
|-singleturn|p2a: Excadrill|Protect
|move|p1b: Gholdengo|Make It Rain|p2b: Indeedee|[spread] p2b
|-activate|p2a: Excadrill|move: Protect
|-damage|p2b: Indeedee|0 fnt
|-unboost|p1b: Gholdengo|spa|1
|faint|p2b: Indeedee
|-damage|p1b: Gholdengo|91/100|[from] item: Life Orb
|
|upkeep
|
|t:|1756420615
|switch|p2b: Tyranitar|Tyranitar, L50, F|100/100
|-weather|Sandstorm|[from] ability: Sand Stream|[of] p2b: Tyranitar
|turn|3
|
|t:|1756420635
|switch|p1a: Pelipper|Pelipper, L50, M|100/100
|-weather|RainDance|[from] ability: Drizzle|[of] p1a: Pelipper
|-terastallize|p2b: Tyranitar|Flying
|move|p1b: Gholdengo|Shadow Ball|p2a: Excadrill
|-enditem|p2a: Excadrill|Focus Sash
|-damage|p2a: Excadrill|1/100
|-damage|p1b: Gholdengo|81/100|[from] item: Life Orb
|move|p2a: Excadrill|Earthquake|p1a: Pelipper|[spread] p1b
|-immune|p2b: Tyranitar
|-immune|p1a: Pelipper
|-damage|p1b: Gholdengo|0 fnt
|faint|p1b: Gholdengo
|move|p2b: Tyranitar|Tera Blast|p1a: Pelipper|[anim] Tera Blast Flying
|-damage|p1a: Pelipper|41/100
|
|-weather|RainDance|[upkeep]
|upkeep
|
|t:|1756420659
|switch|p1b: Smeargle|Smeargle, L50, M|100/100
|turn|4
|
|t:|1756420666
|move|p2a: Excadrill|Protect|p2a: Excadrill
|-singleturn|p2a: Excadrill|Protect
|move|p1b: Smeargle|Spore|p2b: Tyranitar
|-status|p2b: Tyranitar|slp|[from] move: Spore
|move|p1a: Pelipper|Weather Ball|p2a: Excadrill
|-activate|p2a: Excadrill|move: Protect
|cant|p2b: Tyranitar|slp
|
|-weather|RainDance|[upkeep]
|-sideend|p1: ginopollo|move: Tailwind
|-ability|p1b: Smeargle|Moody|boost
|-boost|p1b: Smeargle|def|2
|-unboost|p1b: Smeargle|spd|1
|upkeep
|turn|5
|
|t:|1756420683
|switch|p1a: Sneasler|Sneasler, L50, F|100/100
|-item|p1a: Sneasler|Air Balloon
|switch|p2b: Amoonguss|Amoonguss, L50, F|100/100
|move|p2a: Excadrill|Iron Head|p1a: Sneasler
|-damage|p1a: Sneasler|0 fnt
|-enditem|p1a: Sneasler|Air Balloon
|faint|p1a: Sneasler
|move|p1b: Smeargle|Spore|p2a: Excadrill
|-status|p2a: Excadrill|slp|[from] move: Spore
|
|-weather|RainDance|[upkeep]
|-fieldend|move: Psychic Terrain
|-ability|p1b: Smeargle|Moody|boost
|-boost|p1b: Smeargle|def|2
|-unboost|p1b: Smeargle|atk|1
|upkeep
|
|t:|1756420695
|switch|p1a: Pelipper|Pelipper, L50, M|41/100
|turn|6
|inactive|snailboss has 30 seconds left.
|
|t:|1756420721
|move|p1b: Smeargle|Follow Me|p1b: Smeargle
|-singleturn|p1b: Smeargle|move: Follow Me
|cant|p2a: Excadrill|slp
|move|p1a: Pelipper|Hurricane|p2a: Excadrill
|-resisted|p2a: Excadrill
|-damage|p2a: Excadrill|0 fnt
|faint|p2a: Excadrill
|move|p2b: Amoonguss|Spore|p1b: Smeargle
|-status|p1b: Smeargle|slp|[from] move: Spore
|
|-weather|RainDance|[upkeep]
|-ability|p1b: Smeargle|Moody|boost
|-boost|p1b: Smeargle|spd|2
|-unboost|p1b: Smeargle|def|1
|upkeep
|
|t:|1756420732
|switch|p2a: Tyranitar|Tyranitar, L50, F, tera:Flying|100/100 slp
|-weather|Sandstorm|[from] ability: Sand Stream|[of] p2a: Tyranitar
|turn|7
|
|t:|1756420748
|move|p2b: Amoonguss|Protect|p2b: Amoonguss
|-singleturn|p2b: Amoonguss|Protect
|cant|p1b: Smeargle|slp
|move|p1a: Pelipper|Hurricane|p2b: Amoonguss
|-activate|p2b: Amoonguss|move: Protect
|-curestatus|p2a: Tyranitar|slp|[msg]
|move|p2a: Tyranitar|Rock Slide|p1b: Smeargle|[spread] p1a,p1b
|-supereffective|p1a: Pelipper
|-damage|p1a: Pelipper|0 fnt
|-damage|p1b: Smeargle|73/100 slp
|faint|p1a: Pelipper
|
|-weather|Sandstorm|[upkeep]
|-damage|p1b: Smeargle|67/100 slp|[from] Sandstorm
|-damage|p2a: Tyranitar|95/100|[from] Sandstorm
|-damage|p2b: Amoonguss|95/100|[from] Sandstorm
|-ability|p1b: Smeargle|Moody|boost
|-boost|p1b: Smeargle|spa|2
|-unboost|p1b: Smeargle|spd|1
|upkeep
|turn|8
|
|t:|1756420762
|cant|p1b: Smeargle|slp
|move|p2a: Tyranitar|Knock Off|p1b: Smeargle
|-damage|p1b: Smeargle|17/100 slp
|-enditem|p1b: Smeargle|Focus Sash|[from] move: Knock Off|[of] p2a: Tyranitar
|move|p2b: Amoonguss|Clear Smog|p1b: Smeargle
|-damage|p1b: Smeargle|0 fnt
|-clearboost|p1b: Smeargle
|faint|p1b: Smeargle
|
|win|snailboss
|raw|ginopollo's rating: 1082 → 1066(-16 for losing)
|raw|snailboss's rating: 1177 → 1195(+18 for winning)
|l|☆ginopollo
|player|p1|
