|j|☆5NitesAtTrickRoom
|j|☆patchspitzy
|html|5NitesAtTrickRoompatchspitzy    
|uhtml|bestof|Game 3 of a best-of-3
|t:|1757809631
|gametype|doubles
|player|p1|5NitesAtTrickRoom|hilbert|
|player|p2|patchspitzy|roark|
|gen|9
|tier|[Gen 9] VGC 2025 Reg H (Bo3)
|rule|Species Clause: Limit one of each Pokémon
|rule|Item Clause: Limit 1 of each item
|clearpoke
|poke|p1|Sinistcha-Masterpiece, L50|
|poke|p1|Annihilape, L50, F|
|poke|p1|Maushold-Four, L50|
|poke|p1|Incineroar, L50, F|
|poke|p1|Zoroark-Hisui, L50, F|
|poke|p1|Ursaluna-Bloodmoon, L50, M|
|poke|p2|Sneasler, L50, M|
|poke|p2|Dragapult, L50, F|
|poke|p2|Primarina, L50, F|
|poke|p2|Rillaboom, L50, M|
|poke|p2|Kingambit, L50, F|
|poke|p2|Electabuzz, L50, M|
|teampreview|4
|showteam|p1|Sinistcha-Masterpiece||SitrusBerry|Hospitality|RagePowder,MatchaGotcha,TrickRoom,LifeDew||||||50|,,,,,Dark]Annihilape||Leftovers|Defiant|DrainPunch,RageFist,BulkUp,Protect|||F|||50|,,,,,Water]Maushold-Four||SafetyGoggles|FriendGuard|Taunt,BeatUp,FollowMe,Protect||||||50|,,,,,Ghost]Incineroar||AssaultVest|Intimidate|FakeOut,FlareBlitz,KnockOff,Uturn|||F|||50|,,,,,Grass]Zoroark-Hisui||FocusSash|Illusion|HyperVoice,HyperBeam,IcyWind,BitterMalice|||F|||50|,,,,,Stellar]Ursaluna-Bloodmoon||LifeOrb|MindsEye|Protect,BloodMoon,HyperVoice,EarthPower|||M|||50|,,,,,Normal
|showteam|p2|Sneasler||FocusSash|PoisonTouch|CloseCombat,DireClaw,FakeOut,Protect|||M|||50|,,,,,Stellar]Dragapult||ChoiceBand|ClearBody|DragonDarts,Outrage,PhantomForce,Uturn|||F|||50|,,,,,Dragon]Primarina||LifeOrb|LiquidVoice|HyperVoice,Moonblast,Haze,Protect|||F|||50|,,,,,Grass]Rillaboom||AssaultVest|GrassySurge|WoodHammer,GrassyGlide,HighHorsepower,FakeOut|||M|||50|,,,,,Fire]Kingambit||BlackGlasses|Defiant|KowtowCleave,SuckerPunch,SwordsDance,Protect|||F|||50|,,,,,Ghost]Electabuzz||Eviolite|VitalSpirit|Thunderbolt,FollowMe,HelpingHand,Protect|||M|||50|,,,,,Ghost
|
|t:|1757809681
|teamsize|p1|4
|teamsize|p2|4
|start
|switch|p1a: Maushold|Maushold-Four, L50|100/100
|switch|p1b: Annihilape|Annihilape, L50, F|100/100
|switch|p2a: B-2|Dragapult, L50, F|100/100
|switch|p2b: Laa-Laa|Electabuzz, L50, M|100/100
|turn|1
|
|t:|1757809706
|-terastallize|p2a: B-2|Dragon
|move|p1a: Maushold|Follow Me|p1a: Maushold
|-singleturn|p1a: Maushold|move: Follow Me
|move|p2b: Laa-Laa|Follow Me|p2b: Laa-Laa
|-singleturn|p2b: Laa-Laa|move: Follow Me
|move|p2a: B-2|Dragon Darts|p1a: Maushold
|-damage|p1a: Maushold|42/100
|-anim|p2a: B-2|Dragon Darts|p1a: Maushold
|-damage|p1a: Maushold|0 fnt
|faint|p1a: Maushold
|move|p1b: Annihilape|Bitter Malice|p2b: Laa-Laa
|-damage|p2b: Laa-Laa|67/100
|-unboost|p2b: Laa-Laa|atk|1
|
|upkeep
|
|t:|1757809724
|switch|p1a: Annihilape|Annihilape, L50, F|100/100
|turn|2
|
|t:|1757809737
|-terastallize|p1b: Annihilape|Stellar
|move|p2b: Laa-Laa|Follow Me|p2b: Laa-Laa
|-singleturn|p2b: Laa-Laa|move: Follow Me
|move|p2a: B-2|Dragon Darts|p1a: Annihilape
|-damage|p1a: Annihilape|52/100
|-anim|p2a: B-2|Dragon Darts|p1b: Annihilape
|-damage|p1b: Annihilape|4/100
|replace|p1b: Zoroark|Zoroark-Hisui, L50, F
|-end|p1b: Zoroark|Illusion
|move|p1b: Zoroark|Hyper Voice|p2a: B-2|[spread] p2a,p2b
|-damage|p2a: B-2|34/100
|-damage|p2b: Laa-Laa|34/100
|move|p1a: Annihilape|Rage Fist|p2b: Laa-Laa
|-damage|p2b: Laa-Laa|2/100
|
|-heal|p1a: Annihilape|59/100|[from] item: Leftovers
|upkeep
|turn|3
|
|t:|1757809764
|switch|p1b: Sinistcha|Sinistcha-Masterpiece, L50|100/100
|-heal|p1a: Annihilape|84/100|[from] ability: Hospitality|[of] p1b: Sinistcha
|move|p2b: Laa-Laa|Helping Hand|p2a: B-2
|-singleturn|p2a: B-2|Helping Hand|[of] p2b: Laa-Laa
|move|p2a: B-2|Dragon Darts|p1a: Annihilape
|-damage|p1a: Annihilape|6/100
|-anim|p2a: B-2|Dragon Darts|p1b: Sinistcha
|-damage|p1b: Sinistcha|36/100
|-enditem|p1b: Sinistcha|Sitrus Berry|[eat]
|-heal|p1b: Sinistcha|61/100|[from] item: Sitrus Berry
|move|p1a: Annihilape|Drain Punch|p2a: B-2
|-crit|p2a: B-2
|-damage|p2a: B-2|0 fnt
|-heal|p1a: Annihilape|19/100|[from] drain|[of] p2a: B-2
|faint|p2a: B-2
|
|-heal|p1a: Annihilape|25/100|[from] item: Leftovers
|upkeep
|
|t:|1757809806
|switch|p2a: Queen|Kingambit, L50, F|100/100
|turn|4
|
|t:|1757809826
|move|p1a: Annihilape|Drain Punch|p2a: Queen
|-supereffective|p2a: Queen
|-damage|p2a: Queen|3/100
|-heal|p1a: Annihilape|72/100|[from] drain|[of] p2a: Queen
|move|p2b: Laa-Laa|Thunderbolt|p1a: Annihilape
|-damage|p1a: Annihilape|46/100
|-status|p1a: Annihilape|par
|move|p1b: Sinistcha|Life Dew|p1b: Sinistcha|[spread] p1a,p1b
|-heal|p1a: Annihilape|71/100 par
|-heal|p1b: Sinistcha|86/100
|move|p2a: Queen|Kowtow Cleave|p1a: Annihilape
|-damage|p1a: Annihilape|7/100 par
|
|-heal|p1a: Annihilape|13/100 par|[from] item: Leftovers
|upkeep
|turn|5
|
|t:|1757809873
|move|p2b: Laa-Laa|Thunderbolt|p1a: Annihilape
|-damage|p1a: Annihilape|0 fnt
|faint|p1a: Annihilape
|move|p1b: Sinistcha|Matcha Gotcha|p2b: Laa-Laa|[spread] p2a,p2b
|-resisted|p2a: Queen
|-damage|p2a: Queen|0 fnt
|-heal|p1b: Sinistcha|88/100|[from] drain|[of] p2a: Queen
|-damage|p2b: Laa-Laa|0 fnt
|-heal|p1b: Sinistcha|89/100|[from] drain|[of] p2b: Laa-Laa
|faint|p2a: Queen
|faint|p2b: Laa-Laa
|
|upkeep
|
|t:|1757809883
|switch|p1a: Sinistcha|Sinistcha-Masterpiece, L50, tera:Stellar|4/100
|switch|p2b: Slayyy|Primarina, L50, F|100/100
|turn|6
|
|t:|1757809897
|move|p1a: Sinistcha|Hyper Beam|p2b: Slayyy|[miss]
|-miss|p1a: Sinistcha|p2b: Slayyy
|move|p1b: Sinistcha|Matcha Gotcha|p2b: Slayyy
|-supereffective|p2b: Slayyy
|-damage|p2b: Slayyy|37/100
|-heal|p1b: Sinistcha|100/100|[from] drain|[of] p2b: Slayyy
|-status|p2b: Slayyy|brn
|move|p2b: Slayyy|Hyper Voice|p1b: Sinistcha|[spread] p1a,p1b
|-resisted|p1b: Sinistcha
|-damage|p1a: Sinistcha|0 fnt
|-damage|p1b: Sinistcha|83/100
|replace|p1a: Zoroark|Zoroark-Hisui, L50, F
|-end|p1a: Zoroark|Illusion
|faint|p1a: Zoroark
|-damage|p2b: Slayyy|27/100 brn|[from] item: Life Orb
|
|-damage|p2b: Slayyy|21/100 brn|[from] brn
|upkeep
|turn|7
|
|t:|1757809912
|move|p1b: Sinistcha|Matcha Gotcha|p2b: Slayyy
|-supereffective|p2b: Slayyy
|-damage|p2b: Slayyy|0 fnt
|-heal|p1b: Sinistcha|93/100|[from] drain|[of] p2b: Slayyy
|faint|p2b: Slayyy
|
|win|5NitesAtTrickRoom
