|j|☆ExessVGC
|j|☆alejojojoy
|html|ExessVGCalejojojoy    
|uhtml|bestof|Game 1 of a best-of-3
|t:|1756163417
|gametype|doubles
|player|p1|ExessVGC|169|1027
|player|p2|alejojojoy|striker|1004
|gen|9
|tier|[Gen 9] VGC 2025 Reg H (Bo3)
|rated|
|rule|Species Clause: Limit one of each Pokémon
|rule|Item Clause: Limit 1 of each item
|clearpoke
|poke|p1|Kingambit, L50, M|
|poke|p1|Incineroar, L50, F|
|poke|p1|Primarina, L50, M|
|poke|p1|Rillaboom, L50, M|
|poke|p1|Amoonguss, L50, M|
|poke|p1|Goodra-Hisui, L50, F|
|poke|p2|Kommo-o, L50, F|
|poke|p2|Porygon2, L50|
|poke|p2|Incineroar, L50, F|
|poke|p2|Whimsicott, L50, F|
|poke|p2|Empoleon, L50, F|
|poke|p2|Toxtricity, L50, M|
|teampreview|4
|showteam|p1|Kingambit||AssaultVest|Defiant|KowtowCleave,SuckerPunch,IronHead,LowKick|||M|||50|,,,,,Flying]Incineroar||SafetyGoggles|Intimidate|FakeOut,FlareBlitz,PartingShot,KnockOff|||F|||50|,,,,,Water]Primarina||ThroatSpray|LiquidVoice|HyperVoice,Moonblast,Encore,Protect|||M|||50|,,,,,Steel]Rillaboom||MiracleSeed|GrassySurge|FakeOut,GrassyGlide,WoodHammer,HighHorsepower|||M|||50|,,,,,Fire]Amoonguss||RockyHelmet|Regenerator|RagePowder,Spore,PollenPuff,Protect|||M|||50|,,,,,Water]Goodra-Hisui||Leftovers|SapSipper|DracoMeteor,FlashCannon,Thunderbolt,Flamethrower|||F|||50|,,,,,Fairy
|showteam|p2|Kommo-o||ClearAmulet|Bulletproof|ClangorousSoul,ShadowClaw,PoisonJab,DrainPunch|||F|||50|,,,,,Ghost]Porygon2||Eviolite|Download|TrickRoom,TeraBlast,Protect,ThunderWave||||||50|,,,,,Fairy]Incineroar||SafetyGoggles|Intimidate|FakeOut,PartingShot,FlareBlitz,Protect|||F|||50|,,,,,Fire]Whimsicott||FocusSash|Prankster|Tailwind,Taunt,EnergyBall,Thief|||F|||50|,,,,,Poison]Empoleon||AssaultVest|Competitive|IceBeam,Whirlpool,WaterPledge,FlashCannon|||F|||50|,,,,,Water]Toxtricity||ThroatSpray|PunkRock|Boomburst,Protect,VoltSwitch,Snarl|||M|||50|,,,,,Normal
|inactive|Battle timer is ON: inactive players will automatically lose when time's up. (requested by alejojojoy)
|
|t:|1756163507
|teamsize|p1|4
|teamsize|p2|4
|start
|switch|p1a: Kingambit|Kingambit, L50, M|100/100
|switch|p1b: Amoonguss|Amoonguss, L50, M|100/100
|switch|p2a: Private|Empoleon, L50, F|100/100
|switch|p2b: Pinky|Whimsicott, L50, F|100/100
|turn|1
|inactive|ExessVGC has 30 seconds left.
|inactive|alejojojoy has 30 seconds left.
|inactive|ExessVGC has 20 seconds left.
|inactive|ExessVGC has 15 seconds left.
|inactive|ExessVGC has 10 seconds left.
|
|t:|1756163557
|move|p2b: Pinky|Taunt|p1b: Amoonguss
|-start|p1b: Amoonguss|move: Taunt
|move|p2a: Private|Whirlpool|p1a: Kingambit
|-damage|p1a: Kingambit|88/100
|-activate|p1a: Kingambit|move: Whirlpool|[of] p2a: Private
|move|p1a: Kingambit|Kowtow Cleave|p2b: Pinky
|-resisted|p2b: Pinky
|-damage|p2b: Pinky|69/100
|cant|p1b: Amoonguss|move: Taunt|Spore
|
|-damage|p1a: Kingambit|76/100|[from] move: Whirlpool|[partiallytrapped]
|upkeep
|turn|2
|inactive|ExessVGC has 30 seconds left.
|inactive|alejojojoy has 30 seconds left.
|inactive|alejojojoy has 20 seconds left.
|inactive|alejojojoy has 15 seconds left.
|inactive|alejojojoy has 10 seconds left.
|
|t:|1756163606
|switch|p2b: ElTigre|Incineroar, L50, F|100/100
|-ability|p2b: ElTigre|Intimidate|boost
|-unboost|p1a: Kingambit|atk|1
|-ability|p1a: Kingambit|Defiant|boost
|-boost|p1a: Kingambit|atk|2
|-unboost|p1b: Amoonguss|atk|1
|move|p2a: Private|Ice Beam|p1b: Amoonguss
|-supereffective|p1b: Amoonguss
|-damage|p1b: Amoonguss|52/100
|move|p1a: Kingambit|Low Kick|p2a: Private
|-supereffective|p2a: Private
|-damage|p2a: Private|0 fnt
|faint|p2a: Private
|move|p1b: Amoonguss|Pollen Puff|p1a: Kingambit
|-heal|p1a: Kingambit|100/100
|
|-end|p1a: Kingambit|Whirlpool|[partiallytrapped]|[silent]
|upkeep
|
|t:|1756163628
|switch|p2a: Pinky|Whimsicott, L50, F|69/100
|turn|3
|inactive|ExessVGC has 30 seconds left.
|
|t:|1756163663
|-terastallize|p1a: Kingambit|Flying
|move|p2b: ElTigre|Fake Out|p1a: Kingambit
|-damage|p1a: Kingambit|92/100
|move|p2a: Pinky|Tailwind|p2a: Pinky
|-sidestart|p2: alejojojoy|move: Tailwind
|cant|p1a: Kingambit|flinch
|move|p1b: Amoonguss|Pollen Puff|p1a: Kingambit
|-heal|p1a: Kingambit|100/100
|
|-end|p1b: Amoonguss|move: Taunt
|upkeep
|turn|4
|inactive|ExessVGC has 30 seconds left.
|inactive|alejojojoy has 30 seconds left.
|inactive|alejojojoy has 20 seconds left.
|inactive|alejojojoy has 15 seconds left.
|inactive|alejojojoy has 10 seconds left.
|
|t:|1756163712
|move|p1b: Amoonguss|Protect|p1b: Amoonguss
|-singleturn|p1b: Amoonguss|Protect
|move|p2a: Pinky|Taunt|p1b: Amoonguss
|-activate|p1b: Amoonguss|move: Protect
|move|p2b: ElTigre|Flare Blitz|p1b: Amoonguss
|-activate|p1b: Amoonguss|move: Protect
|move|p1a: Kingambit|Low Kick|p2b: ElTigre
|-supereffective|p2b: ElTigre
|-damage|p2b: ElTigre|3/100
|
|upkeep
|turn|5
|
|t:|1756163737
|switch|p1b: Primarina|Primarina, L50, M|100/100
|move|p2a: Pinky|Taunt|p1b: Primarina
|-start|p1b: Primarina|move: Taunt
|move|p1a: Kingambit|Sucker Punch|p2b: ElTigre
|-resisted|p2b: ElTigre
|-damage|p2b: ElTigre|0 fnt
|faint|p2b: ElTigre
|
|upkeep
|
|t:|1756163747
|switch|p2b: Bits|Kommo-o, L50, F|100/100
|turn|6
|inactive|ExessVGC has 30 seconds left.
|inactive|ExessVGC has 20 seconds left.
|
|t:|1756163783
|-terastallize|p2b: Bits|Ghost
|move|p2a: Pinky|Energy Ball|p1b: Primarina
|-supereffective|p1b: Primarina
|-damage|p1b: Primarina|49/100
|-unboost|p1b: Primarina|spd|1
|move|p2b: Bits|Clangorous Soul|p2b: Bits
|-boost|p2b: Bits|atk|1
|-boost|p2b: Bits|def|1
|-boost|p2b: Bits|spa|1
|-boost|p2b: Bits|spd|1
|-boost|p2b: Bits|spe|1
|-damage|p2b: Bits|68/100
|move|p1b: Primarina|Hyper Voice|p2b: Bits|[spread] p2a,p2b
|-resisted|p2a: Pinky
|-damage|p2a: Pinky|39/100
|-damage|p2b: Bits|43/100
|-enditem|p1b: Primarina|Throat Spray
|-boost|p1b: Primarina|spa|1|[from] item: Throat Spray
|move|p1a: Kingambit|Iron Head|p2a: Pinky
|-supereffective|p2a: Pinky
|-damage|p2a: Pinky|0 fnt
|faint|p2a: Pinky
|
|-sideend|p2: alejojojoy|move: Tailwind
|upkeep
|turn|7
|inactive|alejojojoy has 30 seconds left.
|
|t:|1756163816
|move|p1a: Kingambit|Sucker Punch|p2b: Bits
|-supereffective|p2b: Bits
|-damage|p2b: Bits|0 fnt
|faint|p2b: Bits
|
|win|ExessVGC
||ExessVGC is ready for game 2.
||alejojojoy is ready for game 2.
|uhtml|next|Next: Game 2 of 3
|l|☆alejojojoy
|player|p2|
