|j|☆rbresser
|j|☆monkeychese
|html|rbressermonkeychese    
|uhtml|bestof|Game 2 of a best-of-3
|t:|1784346422
|gametype|doubles
|player|p1|rbresser|red|1105
|player|p2|monkeychese|lucas|1098
|gen|9
|tier|[Gen 9 Champions] VGC 2026 Reg M-B (Bo3)
|rated|
|rule|Species Clause: Limit one of each Pokémon
|rule|Item Clause: Limit 1 of each item
|clearpoke
|poke|p1|Charizard, L50, F, shiny|
|poke|p1|Grimmsnarl, L50, M|
|poke|p1|Pelipper, L50, M|
|poke|p1|Archaludon, L50, F, shiny|
|poke|p1|Basculegion, L50, M, shiny|
|poke|p1|Venusaur, L50, F|
|poke|p2|Gardevoir, L50, F|
|poke|p2|Talonflame, L50, F|
|poke|p2|Slowking-Galar, L50, M|
|poke|p2|Kingambit, L50, M|
|poke|p2|Maushold, L50|
|poke|p2|Basculegion, L50, M|
|teampreview|4
|showteam|p1|Charizard||CharizarditeY|Blaze|Protect,HeatWave,SolarBeam,WeatherBall|Modest||F|||50|]Grimmsnarl||LightClay|Prankster|Reflect,LightScreen,PartingShot,SpiritBreak|Careful||M|||50|]Pelipper||SitrusBerry|Drizzle|Hurricane,WeatherBall,Tailwind,WideGuard|Modest||M|||50|]Archaludon||Leftovers|Stamina|ElectroShot,Protect,FlashCannon,DragonPulse|Modest||F|||50|]Basculegion||ChoiceScarf|Adaptability|LastRespects,AquaJet,WaveCrash,Protect|Adamant||M|||50|]Venusaur||LifeOrb|Chlorophyll|SludgeBomb,Protect,SleepPowder,LeafStorm|Timid||F|||50|
|showteam|p2|Gardevoir||Gardevoirite|Synchronize|Psyshock,HyperVoice,TrickRoom,Protect|Modest||F|||50|]Talonflame||SharpBeak|GaleWings|Tailwind,DualWingbeat,Taunt,QuickGuard|Jolly||F|||50|]Slowking-Galar||Leftovers|Regenerator|SludgeBomb,Yawn,ChillyReception,TrickRoom|Calm||M|||50|]Kingambit||FocusSash|Defiant|KowtowCleave,SuckerPunch,IronHead,LowKick|Adamant||M|||50|]Maushold||WideLens|Technician|PopulationBomb,Bite,FollowMe,Protect|Jolly|||||50|]Basculegion||ChoiceScarf|Adaptability|WaveCrash,LastRespects,AquaJet,FlipTurn|Jolly||M|||50|
|
|t:|1784346478
|teamsize|p1|4
|teamsize|p2|4
|start
|switch|p1a: Charizard|Charizard, L50, F, shiny|100/100
|switch|p1b: Venusaur|Venusaur, L50, F|100/100
|switch|p2a: Talonflame|Talonflame, L50, F|100/100
|switch|p2b: Maushold|Maushold, L50|100/100
|turn|1
|
|t:|1784346487
|detailschange|p1a: Charizard|Charizard-Mega-Y, L50, F, shiny
|-mega|p1a: Charizard|Charizard|Charizardite Y
|-weather|SunnyDay|[from] ability: Drought|[of] p1a: Charizard
|move|p1a: Charizard|Protect|p1a: Charizard
|-singleturn|p1a: Charizard|Protect
|move|p2a: Talonflame|Tailwind|p2a: Talonflame
|-sidestart|p2: monkeychese|move: Tailwind
|move|p1b: Venusaur|Sleep Powder|p2b: Maushold
|-status|p2b: Maushold|slp|[from] move: Sleep Powder
|cant|p2b: Maushold|slp
|
|-weather|SunnyDay|[upkeep]
|upkeep
|turn|2
|
|t:|1784346513
|switch|p1b: Archaludon|Archaludon, L50, F, shiny|100/100
|move|p2a: Talonflame|Dual Wingbeat|p1b: Archaludon
|-resisted|p1b: Archaludon|1
|-damage|p1b: Archaludon|92/100
|-ability|p1b: Archaludon|Stamina|boost
|-boost|p1b: Archaludon|def|1
|-resisted|p1b: Archaludon|1
|-damage|p1b: Archaludon|88/100
|-ability|p1b: Archaludon|Stamina|boost
|-boost|p1b: Archaludon|def|1
|-hitcount|p1b: Archaludon|2
|-curestatus|p2b: Maushold|slp|[msg]
|move|p2b: Maushold|Population Bomb|p1a: Charizard
|-damage|p1a: Charizard|91/100
|-damage|p1a: Charizard|82/100
|-damage|p1a: Charizard|73/100
|-damage|p1a: Charizard|65/100
|-damage|p1a: Charizard|55/100
|-damage|p1a: Charizard|46/100
|-damage|p1a: Charizard|38/100
|-damage|p1a: Charizard|29/100
|-damage|p1a: Charizard|20/100y
|-damage|p1a: Charizard|10/100
|-hitcount|p1a: Charizard|10
|move|p1a: Charizard|Weather Ball|p2b: Maushold
|-damage|p2b: Maushold|2/100
|
|-weather|SunnyDay|[upkeep]
|-heal|p1b: Archaludon|94/100|[from] item: Leftovers
|upkeep
|turn|3
|
|t:|1784346553
|move|p1a: Charizard|Protect|p1a: Charizard
|-singleturn|p1a: Charizard|Protect
|move|p2b: Maushold|Follow Me|p2b: Maushold
|-singleturn|p2b: Maushold|move: Follow Me
|move|p2a: Talonflame|Dual Wingbeat|p1a: Charizard
|-activate|p1a: Charizard|move: Protect
|move|p1b: Archaludon|Dragon Pulse|p2b: Maushold
|-damage|p2b: Maushold|0 fnt
|faint|p2b: Maushold
|
|-weather|SunnyDay|[upkeep]
|-heal|p1b: Archaludon|100/100|[from] item: Leftovers
|upkeep
|
|t:|1784346556
|switch|p2b: Gardevoir|Gardevoir, L50, F|100/100
|turn|4
|
|t:|1784346573
|detailschange|p2b: Gardevoir|Gardevoir-Mega, L50, F
|-mega|p2b: Gardevoir|Gardevoir|Gardevoirite
|move|p2a: Talonflame|Dual Wingbeat|p1b: Archaludon
|-resisted|p1b: Archaludon|1
|-damage|p1b: Archaludon|96/100
|-ability|p1b: Archaludon|Stamina|boost
|-boost|p1b: Archaludon|def|1
|-resisted|p1b: Archaludon|1
|-damage|p1b: Archaludon|93/100
|-ability|p1b: Archaludon|Stamina|boost
|-boost|p1b: Archaludon|def|1
|-hitcount|p1b: Archaludon|2
|move|p2b: Gardevoir|Hyper Voice|p1b: Archaludon|[spread] p1a,p1b
|-resisted|p1a: Charizard|1
|-damage|p1a: Charizard|0 fnt
|-damage|p1b: Archaludon|41/100
|-ability|p1b: Archaludon|Stamina|boost
|-boost|p1b: Archaludon|def|1
|faint|p1a: Charizard
|move|p1b: Archaludon|Flash Cannon|p2b: Gardevoir
|-supereffective|p2b: Gardevoir|1
|-damage|p2b: Gardevoir|41/100
|
|-weather|SunnyDay|[upkeep]
|-heal|p1b: Archaludon|47/100|[from] item: Leftovers
|-sideend|p2: monkeychese|move: Tailwind
|upkeep
|
|t:|1784346594
|switch|p1a: Venusaur|Venusaur, L50, F|100/100
|turn|5
|
|t:|1784346606
|move|p2b: Gardevoir|Protect|p2b: Gardevoir
|-singleturn|p2b: Gardevoir|Protect
|move|p2a: Talonflame|Dual Wingbeat|p1a: Venusaur
|-supereffective|p1a: Venusaur|1
|-damage|p1a: Venusaur|49/100
|-supereffective|p1a: Venusaur|1
|-damage|p1a: Venusaur|0 fnt
|faint|p1a: Venusaur
|-hitcount|p1: Venusaur|2
|move|p1b: Archaludon|Flash Cannon|p2a: Talonflame
|-resisted|p2a: Talonflame|1
|-damage|p2a: Talonflame|71/100
|
|-weather|none
|-heal|p1b: Archaludon|53/100|[from] item: Leftovers
|upkeep
|
|t:|1784346614
|switch|p1a: Basculegion|Basculegion, L50, M, shiny|100/100
|turn|6
|
|t:|1784346631
|move|p1a: Basculegion|Wave Crash|p2a: Talonflame
|-supereffective|p2a: Talonflame|1
|-damage|p2a: Talonflame|0 fnt
|faint|p2a: Talonflame
|-damage|p1a: Basculegion|80/100|[from] Recoil
|move|p2b: Gardevoir|Hyper Voice|p1b: Archaludon|[spread] p1a,p1b
|-damage|p1a: Basculegion|26/100
|-damage|p1b: Archaludon|1/100
|-ability|p1b: Archaludon|Stamina|boost
|-boost|p1b: Archaludon|def|1
|move|p1b: Archaludon|Flash Cannon|p2b: Gardevoir
|-supereffective|p2b: Gardevoir|1
|-damage|p2b: Gardevoir|0 fnt
|faint|p2b: Gardevoir
|
|-heal|p1b: Archaludon|7/100|[from] item: Leftovers
|upkeep
|
|t:|1784346640
|switch|p2b: Basculegion|Basculegion, L50, M|100/100
|turn|7
|
|t:|1784346650
|move|p2b: Basculegion|Last Respects|p1a: Basculegion
|-supereffective|p1a: Basculegion|1
|-damage|p1a: Basculegion|0 fnt
|faint|p1a: Basculegion
|move|p1b: Archaludon|Dragon Pulse|p2b: Basculegion
|-damage|p2b: Basculegion|53/100
|
|-heal|p1b: Archaludon|13/100|[from] item: Leftovers
|upkeep
|turn|8
|
|t:|1784346664
|move|p2b: Basculegion|Last Respects|p1b: Archaludon
|-damage|p1b: Archaludon|0 fnt
|faint|p1b: Archaludon
|
|win|monkeychese
|raw|rbresser's rating: 1105 → 1079(-26 for losing)
|raw|monkeychese's rating: 1098 → 1124(+26 for winning)
|l|☆rbresser
|player|p1|
|l|☆monkeychese
|player|p2|
|j|☆monkeychese
|player|p2|monkeychese|lucas|
