|j|☆Oscarm92
|j|☆TheDark69420
|html|Oscarm92TheDark69420    
|uhtml|bestof|Game 1 of a best-of-3
|t:|1783010670
|gametype|doubles
|player|p1|Oscarm92|170|1287
|player|p2|TheDark69420|ghetsis-gen5bw|1292
|gen|9
|tier|[Gen 9 Champions] VGC 2026 Reg M-B (Bo3)
|rated|
|rule|Species Clause: Limit one of each Pokémon
|rule|Item Clause: Limit 1 of each item
|clearpoke
|poke|p1|Charizard, L50, F, shiny|
|poke|p1|Aerodactyl, L50, M|
|poke|p1|Garchomp, L50, F, shiny|
|poke|p1|Kingambit, L50, M|
|poke|p1|Sylveon, L50, M|
|poke|p1|Farigiraf, L50, F|
|poke|p2|Incineroar, L50, F|
|poke|p2|Kingambit, L50, M|
|poke|p2|Sneasler, L50, M|
|poke|p2|Floette-Eternal, L50, F|
|poke|p2|Sinistcha, L50|
|poke|p2|Dragonite, L50, M|
|teampreview|4
|showteam|p1|Charizard||CharizarditeY|Blaze|HeatWave,WeatherBall,SolarBeam,Protect|Modest||F|||50|]Aerodactyl||Aerodactylite|RockHead|IceFang,RockSlide,Tailwind,DualWingbeat|Jolly||M|||50|]Garchomp||LifeOrb|RoughSkin|DragonClaw,StompingTantrum,Earthquake,Protect|Jolly||F|||50|]Kingambit||FocusSash|Defiant|SuckerPunch,KowtowCleave,IronHead,LowKick|Adamant||M|||50|]Sylveon||FairyFeather|Pixilate|QuickAttack,HyperVoice,HyperBeam,Protect|Modest||M|||50|]Farigiraf||SitrusBerry|ArmorTail|TrickRoom,Thunderbolt,GrassKnot,TwinBeam|Bold||F|||50|
|showteam|p2|Incineroar||SitrusBerry|Intimidate|FakeOut,FlareBlitz,DarkestLariat,PartingShot|Careful||F|||50|]Kingambit||ChopleBerry|Defiant|KowtowCleave,SuckerPunch,SwordsDance,Protect|Adamant||M|||50|]Sneasler||FocusSash|PoisonTouch|FakeOut,Coaching,CloseCombat,PoisonJab|Jolly||M|||50|]Floette-Eternal||Floettite|FlowerVeil|CalmMind,Protect,DrainingKiss,DazzlingGleam|Bold||F|||50|]Sinistcha||Leftovers|Hospitality|TrickRoom,RagePowder,MatchaGotcha,Protect|Bold|||||50|]Dragonite||LumBerry|Multiscale|ExtremeSpeed,DragonClaw,Protect,FirePunch|Adamant||M|||50|
|inactive|Battle timer is ON: inactive players will automatically lose when time's up. (requested by TheDark69420)
|inactive|TheDark69420 has 60 seconds left.
|
|t:|1783010703
|teamsize|p1|4
|teamsize|p2|4
|start
|switch|p1a: Aerodactyl|Aerodactyl, L50, M|100/100
|switch|p1b: Kingambit|Kingambit, L50, M|100/100
|switch|p2a: Sneasler|Sneasler, L50, M|100/100
|switch|p2b: Floette|Floette-Eternal, L50, F|100/100
|turn|1
|
|t:|1783010727
|switch|p1a: Farigiraf|Farigiraf, L50, F|100/100
|detailschange|p2b: Floette|Floette-Mega, L50, F
|-mega|p2b: Floette|Floette|Floettite
|-ability|p2b: Floette|Fairy Aura
|move|p2a: Sneasler|Fake Out||[still]
|cant|p1a: Farigiraf|ability: Armor Tail|Fake Out|[of] p2a: Sneasler
|move|p2b: Floette|Calm Mind|p2b: Floette
|-boost|p2b: Floette|spa|1
|-boost|p2b: Floette|spd|1
|move|p1b: Kingambit|Iron Head|p2b: Floette
|-supereffective|p2b: Floette|1
|-damage|p2b: Floette|23/100
|
|upkeep
|turn|2
|inactive|Oscarm92 has 30 seconds left.
|inactive|Oscarm92 has 20 seconds left.
|inactive|Oscarm92 has 15 seconds left.
|
|t:|1783010769
|move|p2a: Sneasler|Close Combat|p1b: Kingambit
|-supereffective|p1b: Kingambit|2
|-enditem|p1b: Kingambit|Focus Sash
|-damage|p1b: Kingambit|1/100
|-unboost|p2a: Sneasler|def|1
|-unboost|p2a: Sneasler|spd|1
|move|p2b: Floette|Draining Kiss|p1b: Kingambit
|-damage|p1b: Kingambit|0 fnt
|-heal|p2b: Floette|24/100|[from] drain|[of] p1b: Kingambit
|faint|p1b: Kingambit
|move|p1a: Farigiraf|Trick Room|p1a: Farigiraf
|-fieldstart|move: Trick Room|[of] p1a: Farigiraf
|
|upkeep
|
|t:|1783010775
|switch|p1b: Sylveon|Sylveon, L50, M|100/100
|turn|3
|
|t:|1783010785
|switch|p2a: Sinistcha|Sinistcha, L50|100/100
|-heal|p2b: Floette|49/100|[from] ability: Hospitality|[of] p2a: Sinistcha
|move|p2b: Floette|Protect|p2b: Floette
|-singleturn|p2b: Floette|Protect
|move|p1a: Farigiraf|Twin Beam|p2a: Sinistcha
|-damage|p2a: Sinistcha|82/100
|-damage|p2a: Sinistcha|66/100
|-hitcount|p2a: Sinistcha|2
|move|p1b: Sylveon|Hyper Voice|p2a: Sinistcha|[spread] p2a
|-activate|p2b: Floette|move: Protect
|-damage|p2a: Sinistcha|0 fnt
|faint|p2a: Sinistcha
|
|upkeep
|
|t:|1783010795
|switch|p2a: Kingambit|Kingambit, L50, M|100/100
|turn|4
|
|t:|1783010813
|move|p2a: Kingambit|Swords Dance|p2a: Kingambit
|-boost|p2a: Kingambit|atk|2
|move|p1a: Farigiraf|Twin Beam|p2b: Floette
|-damage|p2b: Floette|42/100
|-damage|p2b: Floette|35/100
|-hitcount|p2b: Floette|2
|move|p1b: Sylveon|Hyper Beam|p2a: Kingambit
|-damage|p2a: Kingambit|0 fnt
|-mustrecharge|p1b: Sylveon
|faint|p2a: Kingambit
|move|p2b: Floette|Draining Kiss|p1a: Farigiraf
|-damage|p1a: Farigiraf|50/100g
|-heal|p2b: Floette|80/100|[from] drain|[of] p1a: Farigiraf
|
|upkeep
|
|t:|1783010825
|switch|p2a: Sneasler|Sneasler, L50, M|100/100
|turn|5
|
|t:|1783010833
|move|p1a: Farigiraf|Twin Beam|p2a: Sneasler
|-supereffective|p2a: Sneasler|2
|-damage|p2a: Sneasler|20/100r
|-supereffective|p2a: Sneasler|2
|-damage|p2a: Sneasler|0 fnt
|faint|p2a: Sneasler
|-hitcount|p2: Sneasler|2
|cant|p1b: Sylveon|recharge
|move|p2b: Floette|Calm Mind|p2b: Floette
|-boost|p2b: Floette|spa|1
|-boost|p2b: Floette|spd|1
|
|upkeep
|turn|6
|inactive|Oscarm92 has 30 seconds left.
|
|t:|1783010858
|move|p1a: Farigiraf|Thunderbolt|p2b: Floette
|-crit|p2b: Floette
|-damage|p2b: Floette|58/100
|move|p1b: Sylveon|Hyper Voice|p2b: Floette
|-damage|p2b: Floette|29/100
|move|p2b: Floette|Draining Kiss|p1a: Farigiraf
|-damage|p1a: Farigiraf|0 fnt
|-heal|p2b: Floette|76/100|[from] drain|[of] p1a: Farigiraf
|faint|p1a: Farigiraf
|
|-fieldend|move: Trick Room
|upkeep
|
|t:|1783010865
|switch|p1a: Aerodactyl|Aerodactyl, L50, M|100/100
|turn|7
|
|t:|1783010878
|detailschange|p1a: Aerodactyl|Aerodactyl-Mega, L50, M
|-mega|p1a: Aerodactyl|Aerodactyl|Aerodactylite
|move|p1a: Aerodactyl|Dual Wingbeat|p2b: Floette
|-damage|p2b: Floette|56/100
|-damage|p2b: Floette|35/100
|-hitcount|p2b: Floette|2
|move|p2b: Floette|Draining Kiss|p1a: Aerodactyl
|-damage|p1a: Aerodactyl|23/100
|-heal|p2b: Floette|92/100|[from] drain|[of] p1a: Aerodactyl
|move|p1b: Sylveon|Hyper Voice|p2b: Floette
|-damage|p2b: Floette|65/100
|
|upkeep
|turn|8
|
|t:|1783010894
|move|p2b: Floette|Protect|p2b: Floette
|-singleturn|p2b: Floette|Protect
|move|p1a: Aerodactyl|Rock Slide|p2b: Floette
|-activate|p2b: Floette|move: Protect
|move|p1b: Sylveon|Hyper Voice|p2b: Floette
|-activate|p2b: Floette|move: Protect
|
|upkeep
|turn|9
|
|t:|1783010907
|move|p1a: Aerodactyl|Rock Slide|p2b: Floette|[miss]
|-miss|p1a: Aerodactyl|p2b: Floette
|move|p2b: Floette|Draining Kiss|p1b: Sylveon
|-damage|p1b: Sylveon|41/100
|-heal|p2b: Floette|100/100|[from] drain|[of] p1b: Sylveon
|move|p1b: Sylveon|Hyper Beam|p2b: Floette|[miss]
|-miss|p1b: Sylveon|p2b: Floette
|
|upkeep
|turn|10
|c|☆Oscarm92|hp
|c|☆TheDark69420|?
|
|t:|1783010931
|move|p1a: Aerodactyl|Rock Slide|p2b: Floette
|-damage|p2b: Floette|70/100
|move|p2b: Floette|Dazzling Gleam|p1b: Sylveon|[spread] p1a,p1b
|-damage|p1a: Aerodactyl|0 fnt
|-damage|p1b: Sylveon|0 fnt
|faint|p1a: Aerodactyl
|faint|p1b: Sylveon
|
|win|TheDark69420
||Oscarm92 is ready for game 2.
||TheDark69420 is ready for game 2.
|uhtml|next|Next: Game 2 of 3
|l|☆TheDark69420
|player|p2|
