|j|☆Bolsa_25
|j|☆Sincubii
|html|Bolsa_25Sincubii    
|uhtml|bestof|Game 1 of a best-of-3
|t:|1757108981
|gametype|doubles
|player|p1|Bolsa_25|265|1124
|player|p2|Sincubii|palmer|1113
|gen|9
|tier|[Gen 9] VGC 2025 Reg H (Bo3)
|rated|
|rule|Species Clause: Limit one of each Pokémon
|rule|Item Clause: Limit 1 of each item
|clearpoke
|poke|p1|Gholdengo, L50|
|poke|p1|Magmar, L50, F|
|poke|p1|Dragonite, L50, M|
|poke|p1|Rillaboom, L50, F|
|poke|p1|Annihilape, L50, M|
|poke|p1|Sylveon, L50, F|
|poke|p2|Weavile, L50, F|
|poke|p2|Weezing-Galar, L50, M|
|poke|p2|Tyranitar, L50, F|
|poke|p2|Dragapult, L50, F|
|poke|p2|Excadrill, L50, M|
|poke|p2|Rotom-Heat, L50|
|teampreview|4
|showteam|p1|Gholdengo||LifeOrb|GoodasGold|Protect,NastyPlot,MakeItRain,ShadowBall||||||50|,,,,,Water]Magmar||Eviolite|VitalSpirit|Taunt,WillOWisp,FollowMe,BurningJealousy|||F|||50|,,,,,Ghost]Dragonite||LoadedDice|Multiscale|Protect,Haze,Tailwind,ScaleShot|||M|||50|,,,,,Fairy]Rillaboom||AssaultVest|GrassySurge|FakeOut,GrassyGlide,WoodHammer,HighHorsepower|||F|||50|,,,,,Fire]Annihilape||SafetyGoggles|Defiant|Protect,BulkUp,RageFist,DrainPunch|||M|||50|,,,,,Steel]Sylveon||ThroatSpray|Pixilate|TeraBlast,HyperVoice,Protect,BabyDollEyes|||F|||50|,,,,,Water
|showteam|p2|Weavile||FocusSash|Pressure|FakeOut,IceSpinner,KnockOff,LowKick|||F|||50|,,,,,Ghost]Weezing-Galar||Leftovers|NeutralizingGas|StrangeSteam,WillOWisp,Taunt,Protect|||M|||50|,,,,,Fire]Tyranitar||AssaultVest|SandStream|KnockOff,RockSlide,TeraBlast,LowKick|||F|||50|,,,,,Flying]Dragapult||ChoiceBand|ClearBody|DragonDarts,PhantomForce,Outrage,Uturn|||F|||50|,,,,,Dragon]Excadrill||LifeOrb|SandRush|Earthquake,IronHead,RockSlide,Protect|||M|||50|,,,,,Ground]Rotom-Heat||ChoiceScarf|Levitate|Thunderbolt,Electroweb,Overheat,VoltSwitch||||||50|,,,,,Electric
|inactive|Battle timer is ON: inactive players will automatically lose when time's up. (requested by Bolsa_25)
|inactive|Bolsa_25 has 60 seconds left.
|inactive|Sincubii has 60 seconds left.
|
|t:|1757109041
|teamsize|p1|4
|teamsize|p2|4
|start
|switch|p1a: Magmar|Magmar, L50, F|100/100
|switch|p1b: Dragonite|Dragonite, L50, M|100/100
|switch|p2a: Dragapult|Dragapult, L50, F|100/100
|switch|p2b: Weavile|Weavile, L50, F|100/100
|-ability|p2b: Weavile|Pressure
|turn|1
|inactive|Bolsa_25 has 30 seconds left.
|inactive|Sincubii has 30 seconds left.
|inactive|Sincubii has 20 seconds left.
|inactive|Sincubii has 15 seconds left.
|inactive|Sincubii has 10 seconds left.
|
|t:|1757109090
|move|p1b: Dragonite|Protect|p1b: Dragonite
|-singleturn|p1b: Dragonite|Protect
|move|p2b: Weavile|Fake Out|p1a: Magmar
|-damage|p1a: Magmar|89/100
|move|p2a: Dragapult|Dragon Darts|p1a: Magmar
|-damage|p1a: Magmar|54/100
|-anim|p2a: Dragapult|Dragon Darts|p1a: Magmar
|-damage|p1a: Magmar|22/100
|cant|p1a: Magmar|flinch
|
|upkeep
|turn|2
|
|t:|1757109106
|-terastallize|p1b: Dragonite|Fairy
|move|p1a: Magmar|Follow Me|p1a: Magmar
|-singleturn|p1a: Magmar|move: Follow Me
|move|p2a: Dragapult|Dragon Darts|p1a: Magmar
|-damage|p1a: Magmar|0 fnt
|faint|p1a: Magmar
|move|p2b: Weavile|Knock Off|p1b: Dragonite
|-resisted|p1b: Dragonite
|-damage|p1b: Dragonite|87/100
|-enditem|p1b: Dragonite|Loaded Dice|[from] move: Knock Off|[of] p2b: Weavile
|move|p1b: Dragonite|Scale Shot|p2b: Weavile
|-damage|p2b: Weavile|77/100
|-damage|p2b: Weavile|56/100
|-damage|p2b: Weavile|33/100
|-damage|p2b: Weavile|10/100
|-damage|p2b: Weavile|0 fnt
|faint|p2b: Weavile
|-hitcount|p2: Weavile|5
|-unboost|p1b: Dragonite|def|1
|-boost|p1b: Dragonite|spe|1
|
|upkeep
|
|t:|1757109126
|switch|p2b: Rotom|Rotom-Heat, L50|100/100
|switch|p1a: Gholdengo|Gholdengo, L50|100/100
|turn|3
|
|t:|1757109149
|switch|p2a: Tyranitar|Tyranitar, L50, F|100/100
|-weather|Sandstorm|[from] ability: Sand Stream|[of] p2a: Tyranitar
|move|p2b: Rotom|Electroweb|p1a: Gholdengo|[spread] p1a,p1b
|-damage|p1a: Gholdengo|79/100
|-damage|p1b: Dragonite|68/100
|-unboost|p1a: Gholdengo|spe|1
|-unboost|p1b: Dragonite|spe|1
|move|p1b: Dragonite|Tailwind|p1b: Dragonite
|-sidestart|p1: Bolsa_25|move: Tailwind
|move|p1a: Gholdengo|Shadow Ball|p2a: Tyranitar
|-resisted|p2a: Tyranitar
|-damage|p2a: Tyranitar|90/100
|-damage|p1a: Gholdengo|70/100|[from] item: Life Orb
|
|-weather|Sandstorm|[upkeep]
|-damage|p1b: Dragonite|61/100|[from] Sandstorm
|-damage|p2b: Rotom|95/100|[from] Sandstorm
|upkeep
|turn|4
|inactive|Sincubii has 30 seconds left.
|inactive|Sincubii has 20 seconds left.
|
|t:|1757109189
|switch|p1b: Annihilape|Annihilape, L50, M|100/100
|move|p1a: Gholdengo|Protect|p1a: Gholdengo
|-singleturn|p1a: Gholdengo|Protect
|move|p2b: Rotom|Electroweb|p1a: Gholdengo|[spread] p1b
|-activate|p1a: Gholdengo|move: Protect
|-damage|p1b: Annihilape|82/100
|-unboost|p1b: Annihilape|spe|1
|-ability|p1b: Annihilape|Defiant|boost
|-boost|p1b: Annihilape|atk|2
|move|p2a: Tyranitar|Knock Off|p1a: Gholdengo
|-activate|p1a: Gholdengo|move: Protect
|
|-weather|Sandstorm|[upkeep]
|-damage|p2b: Rotom|89/100|[from] Sandstorm
|upkeep
|turn|5
|
|t:|1757109211
|switch|p1a: Dragonite|Dragonite, L50, M, tera:Fairy|61/100
|switch|p2a: Dragapult|Dragapult, L50, F|100/100
|move|p2b: Rotom|Electroweb|p1a: Dragonite|[spread] p1a,p1b
|-damage|p1a: Dragonite|40/100
|-damage|p1b: Annihilape|66/100
|-unboost|p1a: Dragonite|spe|1
|-unboost|p1b: Annihilape|spe|1
|-ability|p1b: Annihilape|Defiant|boost
|-boost|p1b: Annihilape|atk|2
|move|p1b: Annihilape|Rage Fist|p2b: Rotom
|-damage|p2b: Rotom|0 fnt
|faint|p2b: Rotom
|
|-weather|Sandstorm|[upkeep]
|-damage|p2a: Dragapult|94/100|[from] Sandstorm
|-damage|p1a: Dragonite|34/100|[from] Sandstorm
|upkeep
|
|t:|1757109226
|switch|p2b: Tyranitar|Tyranitar, L50, F|90/100
|turn|6
|inactive|Bolsa_25 has 30 seconds left.
|inactive|Bolsa_25 has 20 seconds left.
|inactive|Bolsa_25 has 15 seconds left.
|
|t:|1757109267
|-terastallize|p2a: Dragapult|Dragon
|move|p1a: Dragonite|Protect|p1a: Dragonite
|-singleturn|p1a: Dragonite|Protect
|move|p2a: Dragapult|Dragon Darts|p1b: Annihilape
|-damage|p1b: Annihilape|16/100
|-anim|p2a: Dragapult|Dragon Darts|p1b: Annihilape
|-damage|p1b: Annihilape|0 fnt
|faint|p1b: Annihilape
|move|p2b: Tyranitar|Rock Slide|p1a: Dragonite
|-activate|p1a: Dragonite|move: Protect
|
|-weather|Sandstorm|[upkeep]
|-damage|p2a: Dragapult|88/100|[from] Sandstorm
|-damage|p1a: Dragonite|28/100|[from] Sandstorm
|-sideend|p1: Bolsa_25|move: Tailwind
|upkeep
|
|t:|1757109272
|switch|p1b: Gholdengo|Gholdengo, L50|70/100
|turn|7
|inactive|Sincubii has 30 seconds left.
|
|t:|1757109300
|move|p2a: Dragapult|Dragon Darts|p1b: Gholdengo
|-resisted|p1b: Gholdengo
|-damage|p1b: Gholdengo|39/100
|-anim|p2a: Dragapult|Dragon Darts|p1b: Gholdengo
|-resisted|p1b: Gholdengo
|-damage|p1b: Gholdengo|11/100
|move|p1b: Gholdengo|Make It Rain|p2a: Dragapult|[spread] p2a,p2b
|-supereffective|p2b: Tyranitar
|-damage|p2a: Dragapult|11/100
|-damage|p2b: Tyranitar|41/100
|-unboost|p1b: Gholdengo|spa|1
|-damage|p1b: Gholdengo|1/100|[from] item: Life Orb
|move|p1a: Dragonite|Tailwind|p1a: Dragonite
|-sidestart|p1: Bolsa_25|move: Tailwind
|move|p2b: Tyranitar|Rock Slide|p1a: Dragonite|[spread] p1b
|-miss|p2b: Tyranitar|p1a: Dragonite
|-resisted|p1b: Gholdengo
|-damage|p1b: Gholdengo|0 fnt
|faint|p1b: Gholdengo
|
|-weather|none
|upkeep
|turn|8
|
|t:|1757109319
|move|p2a: Dragapult|Dragon Darts|p1a: Dragonite
|-immune|p1a: Dragonite
|move|p1a: Dragonite|Scale Shot|p2b: Tyranitar
|-damage|p2b: Tyranitar|30/100
|-damage|p2b: Tyranitar|19/100
|-hitcount|p2b: Tyranitar|2
|-unboost|p1a: Dragonite|def|1
|-boost|p1a: Dragonite|spe|1
|move|p2b: Tyranitar|Rock Slide|p1a: Dragonite
|-damage|p1a: Dragonite|0 fnt
|faint|p1a: Dragonite
|
|win|Sincubii
||Bolsa_25 is ready for game 2.
|inactive|Sincubii has 30 seconds to confirm battle start!
|inactive|Sincubii has 20 seconds to confirm battle start!
|l|☆Sincubii
|player|p2|
|inactive|Sincubii has 10 seconds to confirm battle start!
|j|☆Sincubii
|player|p2|Sincubii|palmer|
|uhtml|next|Next: Game 2 of 3
