|j|â˜†defective2477
|j|â˜†felasmiguel
|html|defective2477felasmiguel    
|uhtml|bestof|Game 1 of a best-of-3
|t:|1757785235
|gametype|doubles
|player|p1|defective2477|101|1022
|player|p2|felasmiguel|chuck|1050
|gen|9
|tier|[Gen 9] VGC 2025 Reg H (Bo3)
|rated|
|rule|Species Clause: Limit one of each PokÃ©mon
|rule|Item Clause: Limit 1 of each item
|clearpoke
|poke|p1|Rillaboom, L50, M|
|poke|p1|Kommo-o, L50, M|
|poke|p1|Azumarill, L50, M|
|poke|p1|Incineroar, L50, M|
|poke|p1|Comfey, L50, F|
|poke|p1|Whimsicott, L50, M|
|poke|p2|Gliscor, L50, F|
|poke|p2|Breloom, L50, M|
|poke|p2|Talonflame, L50, F|
|poke|p2|Milotic, L50, F|
|poke|p2|Dragapult, L50, F|
|poke|p2|Weavile, L50, M|
|teampreview|4
|showteam|p1|Rillaboom||AssaultVest|GrassySurge|WoodHammer,GrassyGlide,FakeOut,Uturn|||M|||50|,,,,,Fire]Kommo-o||GrassySeed|Overcoat|ClangorousSoul,BodyPress,Flamethrower,Protect|||M|||50|,,,,,Fire]Azumarill||SitrusBerry|HugePower|BellyDrum,AquaJet,Liquidation,PlayRough|||M|||50|,,,,,Ghost]Incineroar||SafetyGoggles|Intimidate|KnockOff,FlareBlitz,PartingShot,FakeOut|||M|||50|,,,,,Ghost]Comfey||MentalHerb|Triage|FloralHealing,DrainingKiss,Protect,HelpingHand|||F|||50|,,,,,Grass]Whimsicott||FocusSash|Prankster|Tailwind,Moonblast,Protect,Taunt|||M|||50|,,,,,Dark
|showteam|p2|Gliscor||ToxicOrb|PoisonHeal|SwordsDance,DualWingbeat,HighHorsepower,Protect|||F|||50|,,,,,Water]Breloom||LoadedDice|Technician|Spore,MachPunch,BulletSeed,Protect|||M|||50|,,,,,Grass]Talonflame||CovertCloak|GaleWings|Tailwind,FlareBlitz,BraveBird,Taunt|||F|||50|,,,,,Flying]Milotic||AdrenalineOrb|Competitive|Scald,IceBeam,Haze,Protect|||F|||50|,,,,,Poison]Dragapult||ChoiceSpecs|Infiltrator|DracoMeteor,Thunderbolt,ShadowBall,Flamethrower|||F|||50|,,,,,Ghost]Weavile||FocusSash|Pickpocket|KnockOff,IceSpinner,LowKick,Protect|||M|||50|,,,,,Dark
|inactive|Battle timer is ON: inactive players will automatically lose when time's up. (requested by defective2477)
|
|t:|1757785273
|teamsize|p1|4
|teamsize|p2|4
|start
|switch|p1a: Whimsicott|Whimsicott, L50, M|100/100
|switch|p1b: Azumarill|Azumarill, L50, M|100/100
|switch|p2a: Dragapult|Dragapult, L50, F|100/100
|switch|p2b: Milotic|Milotic, L50, F|100/100
|turn|1
|
|t:|1757785288
|-terastallize|p2a: Dragapult|Ghost
|move|p1a: Whimsicott|Tailwind|p1a: Whimsicott
|-sidestart|p1: defective2477|move: Tailwind
|move|p1b: Azumarill|Play Rough|p2a: Dragapult
|-damage|p2a: Dragapult|53/100
|move|p2a: Dragapult|Shadow Ball|p1b: Azumarill
|-damage|p1b: Azumarill|22/100
|-enditem|p1b: Azumarill|Sitrus Berry|[eat]
|-heal|p1b: Azumarill|47/100|[from] item: Sitrus Berry
|move|p2b: Milotic|Ice Beam|p1a: Whimsicott
|-supereffective|p1a: Whimsicott
|-damage|p1a: Whimsicott|28/100
|
|upkeep
|turn|2
|inactive|defective2477 has 30 seconds left.
|inactive|defective2477 has 20 seconds left.
|
|t:|1757785327
|switch|p1b: Rillaboom|Rillaboom, L50, M, shiny|100/100
|-fieldstart|move: Grassy Terrain|[from] ability: Grassy Surge|[of] p1b: Rillaboom
|move|p1a: Whimsicott|Taunt|p2b: Milotic
|-start|p2b: Milotic|move: Taunt
|move|p2a: Dragapult|Shadow Ball|p1b: Rillaboom
|-damage|p1b: Rillaboom|38/100
|move|p2b: Milotic|Ice Beam|p1a: Whimsicott
|-supereffective|p1a: Whimsicott
|-damage|p1a: Whimsicott|0 fnt
|faint|p1a: Whimsicott
|
|-heal|p2a: Dragapult|59/100|[from] Grassy Terrain
|-heal|p1b: Rillaboom|43/100|[from] Grassy Terrain
|upkeep
|
|t:|1757785341
|switch|p1a: Kommo-o|Kommo-o, L50, M|100/100
|-enditem|p1a: Kommo-o|Grassy Seed
|-boost|p1a: Kommo-o|def|1|[from] item: Grassy Seed
|turn|3
|l|â˜†felasmiguel
|inactive|felasmiguel disconnected and has a minute to reconnect!
|player|p2|
|j|â˜†felasmiguel
|inactive|felasmiguel reconnected and has 45 seconds left.
|player|p2|felasmiguel|chuck|
|
|t:|1757785366
|switch|p2b: Talonflame|Talonflame, L50, F|100/100
|-terastallize|p1a: Kommo-o|Fire
|move|p2a: Dragapult|Shadow Ball|p1a: Kommo-o
|-damage|p1a: Kommo-o|23/100
|-unboost|p1a: Kommo-o|spd|1
|move|p1b: Rillaboom|Wood Hammer|p2a: Dragapult
|-damage|p2a: Dragapult|0 fnt
|faint|p2a: Dragapult
|-damage|p1b: Rillaboom|26/100|[from] Recoil
|move|p1a: Kommo-o|Clangorous Soul||[still]
|-fail|p1a: Kommo-o
|
|-heal|p1b: Rillaboom|31/100|[from] Grassy Terrain
|-heal|p1a: Kommo-o|29/100|[from] Grassy Terrain
|upkeep
|
|t:|1757785382
|switch|p2a: Gliscor|Gliscor, L50, F|100/100
|turn|4
|
|t:|1757785396
|move|p2a: Gliscor|Protect|p2a: Gliscor
|-singleturn|p2a: Gliscor|Protect
|move|p2b: Talonflame|Brave Bird|p1b: Rillaboom
|-supereffective|p1b: Rillaboom
|-damage|p1b: Rillaboom|0 fnt
|faint|p1b: Rillaboom
|-damage|p2b: Talonflame|89/100|[from] Recoil
|move|p1a: Kommo-o|Flamethrower|p2a: Gliscor
|-activate|p2a: Gliscor|move: Protect
|
|-heal|p1a: Kommo-o|35/100|[from] Grassy Terrain
|-sideend|p1: defective2477|move: Tailwind
|-status|p2a: Gliscor|tox|[from] item: Toxic Orb
|upkeep
|
|t:|1757785410
|switch|p1b: Azumarill|Azumarill, L50, M|47/100
|turn|5
|
|t:|1757785425
|switch|p2a: Milotic|Milotic, L50, F|100/100
|move|p1b: Azumarill|Aqua Jet|p2a: Milotic
|-resisted|p2a: Milotic
|-damage|p2a: Milotic|92/100
|move|p2b: Talonflame|Brave Bird|p1b: Azumarill
|-damage|p1b: Azumarill|0 fnt
|faint|p1b: Azumarill
|-damage|p2b: Talonflame|68/100|[from] Recoil
|move|p1a: Kommo-o|Body Press|p2b: Talonflame
|-resisted|p2b: Talonflame
|-damage|p2b: Talonflame|21/100
|
|-heal|p2a: Milotic|98/100|[from] Grassy Terrain
|-heal|p1a: Kommo-o|41/100|[from] Grassy Terrain
|upkeep
|turn|6
|
|t:|1757785444
|move|p2b: Talonflame|Tailwind|p2b: Talonflame
|-sidestart|p2: felasmiguel|move: Tailwind
|move|p2a: Milotic|Scald|p1a: Kommo-o
|-supereffective|p1a: Kommo-o
|-damage|p1a: Kommo-o|0 fnt
|faint|p1a: Kommo-o
|
|win|felasmiguel
||defective2477 is ready for game 2.
|l|â˜†defective2477
|player|p1|
|inactive|felasmiguel has 30 seconds to confirm battle start!
|inactive|felasmiguel has 20 seconds to confirm battle start!
|l|â˜†felasmiguel
|player|p2|
|inactive|felasmiguel has 10 seconds to confirm battle start!
|uhtml|next|Next: Game 2 of 3
