|j|☆randomguy1114s
|j|☆GenG Fan
|html|randomguy1114sGenG Fan    
|uhtml|bestof|Game 2 of a best-of-3
|t:|1757203213
|gametype|doubles
|player|p1|randomguy1114s|lillie-masters|1349
|player|p2|GenG Fan|cynthia-gen4|1369
|gen|9
|tier|[Gen 9] VGC 2025 Reg H (Bo3)
|rated|
|rule|Species Clause: Limit one of each Pokémon
|rule|Item Clause: Limit 1 of each item
|clearpoke
|poke|p1|Corviknight, L50, F|
|poke|p1|Annihilape, L50, M|
|poke|p1|Indeedee, L50, M|
|poke|p1|Sneasler, L50, F|
|poke|p1|Tyranitar, L50, M|
|poke|p1|Excadrill, L50, F|
|poke|p2|Hatterene, L50, F|
|poke|p2|Indeedee-F, L50, F|
|poke|p2|Torkoal, L50, M|
|poke|p2|Lilligant-Hisui, L50, F|
|poke|p2|Ursaluna, L50, F|
|poke|p2|Gallade, L50, M|
|teampreview|4
|showteam|p1|Corviknight||Leftovers|MirrorArmor|BraveBird,BulkUp,Roost,Tailwind|||F|||50|,,,,,Dragon]Annihilape||SafetyGoggles|Defiant|CloseCombat,FinalGambit,RageFist,Taunt|||M|||50|,,,,,Water]Indeedee||ChoiceScarf|PsychicSurge|ExpandingForce,TeraBlast,Trick,Protect|||M|||50|,,,,,Psychic]Sneasler||PsychicSeed|Unburden|CloseCombat,DireClaw,ThroatChop,Protect|||F|||50|,,,,,Dark]Tyranitar||AssaultVest|SandStream|RockSlide,KnockOff,TeraBlast,LowKick|||M|||50|,,,,,Flying]Excadrill||FocusSash|SandRush|Earthquake,HighHorsepower,IronHead,Protect|||F|||50|,,,,,Stellar
|showteam|p2|Hatterene||LifeOrb|MagicBounce|ExpandingForce,DazzlingGleam,TrickRoom,Protect|||F|||50|,,,,,Water]Indeedee-F||RockyHelmet|PsychicSurge|Psychic,FollowMe,TrickRoom,HelpingHand|||F|||50|,,,,,Grass]Torkoal||Charcoal|Drought|Eruption,WeatherBall,EarthPower,Protect|||M|||50|,,,,,Fire]Lilligant-Hisui||FocusSash|Chlorophyll|SolarBlade,CloseCombat,SleepPowder,AfterYou|||F|||50|,,,,,Ghost]Ursaluna||FlameOrb|Guts|Facade,HeadlongRush,Earthquake,Protect|||F|||50|,,,,,Ghost]Gallade||ClearAmulet|Sharpness|SacredSword,PsychoCut,TrickRoom,WideGuard|||M|||50|,,,,,Grass
|inactive|Battle timer is ON: inactive players will automatically lose when time's up. (requested by GenG Fan)
|
|t:|1757203280
|teamsize|p1|4
|teamsize|p2|4
|start
|switch|p1a: boom!|Indeedee, L50, M, shiny|100/100
|switch|p1b: im just sand|Excadrill, L50, F, shiny|100/100
|switch|p2a: Indeedee|Indeedee-F, L50, F|100/100
|switch|p2b: Hatterene|Hatterene, L50, F|100/100
|-fieldstart|move: Psychic Terrain|[from] ability: Psychic Surge|[of] p1a: boom!
|turn|1
|
|t:|1757203301
|-terastallize|p1b: im just sand|Stellar
|-terastallize|p2b: Hatterene|Water
|move|p1a: boom!|Expanding Force|p2b: Hatterene|[spread] p2a,p2b
|-resisted|p2a: Indeedee
|-damage|p2a: Indeedee|76/100
|-damage|p2b: Hatterene|43/100
|move|p1b: im just sand|Earthquake|p2b: Hatterene|[spread] p1a,p2a,p2b
|-damage|p1a: boom!|0 fnt
|-damage|p2a: Indeedee|15/100
|-damage|p2b: Hatterene|0 fnt
|faint|p1a: boom!
|faint|p2b: Hatterene
|move|p2a: Indeedee|Trick Room|p2a: Indeedee
|-fieldstart|move: Trick Room|[of] p2a: Indeedee
|
|upkeep
|
|t:|1757203320
|switch|p2b: Gallade|Gallade, L50, M|100/100
|switch|p1a: STUPID FUCK|Corviknight, L50, F, shiny|100/100
|turn|2
|
|t:|1757203340
|move|p1b: im just sand|Protect|p1b: im just sand
|-singleturn|p1b: im just sand|Protect
|move|p2a: Indeedee|Follow Me|p2a: Indeedee
|-singleturn|p2a: Indeedee|move: Follow Me
|move|p2b: Gallade|Sacred Sword|p1b: im just sand
|-activate|p1b: im just sand|move: Protect
|move|p1a: STUPID FUCK|Brave Bird|p2a: Indeedee
|-damage|p2a: Indeedee|0 fnt
|-damage|p1a: STUPID FUCK|84/100|[from] item: Rocky Helmet|[of] p2a: Indeedee
|faint|p2a: Indeedee
|-damage|p1a: STUPID FUCK|80/100|[from] Recoil
|
|-heal|p1a: STUPID FUCK|86/100|[from] item: Leftovers
|upkeep
|
|t:|1757203353
|switch|p2a: Torkoal|Torkoal, L50, M|100/100
|-weather|SunnyDay|[from] ability: Drought|[of] p2a: Torkoal
|turn|3
|
|t:|1757203363
|switch|p1a: DINOOOO|Tyranitar, L50, M, shiny|100/100
|-weather|Sandstorm|[from] ability: Sand Stream|[of] p1a: DINOOOO
|move|p2a: Torkoal|Eruption|p1b: im just sand|[spread] p1a,p1b
|-resisted|p1a: DINOOOO
|-supereffective|p1b: im just sand
|-damage|p1a: DINOOOO|89/100
|-enditem|p1b: im just sand|Focus Sash
|-damage|p1b: im just sand|1/100
|move|p2b: Gallade|Sacred Sword|p1a: DINOOOO
|-supereffective|p1a: DINOOOO
|-damage|p1a: DINOOOO|0 fnt
|faint|p1a: DINOOOO
|move|p1b: im just sand|High Horsepower|p2a: Torkoal
|-supereffective|p2a: Torkoal
|-damage|p2a: Torkoal|21/100
|
|-weather|Sandstorm|[upkeep]
|-damage|p2a: Torkoal|15/100|[from] Sandstorm
|-damage|p2b: Gallade|95/100|[from] Sandstorm
|upkeep
|
|t:|1757203380
|switch|p1a: STUPID FUCK|Corviknight, L50, F, shiny|86/100
|turn|4
|
|t:|1757203390
|move|p1b: im just sand|Protect|p1b: im just sand
|-singleturn|p1b: im just sand|Protect
|move|p2a: Torkoal|Eruption|p1b: im just sand|[spread] p1a
|-activate|p1b: im just sand|move: Protect
|-supereffective|p1a: STUPID FUCK
|-damage|p1a: STUPID FUCK|71/100
|move|p2b: Gallade|Sacred Sword|p1a: STUPID FUCK
|-damage|p1a: STUPID FUCK|12/100
|move|p1a: STUPID FUCK|Brave Bird|p2a: Torkoal
|-damage|p2a: Torkoal|0 fnt
|faint|p2a: Torkoal
|-damage|p1a: STUPID FUCK|7/100|[from] Recoil
|
|-weather|Sandstorm|[upkeep]
|-damage|p2b: Gallade|89/100|[from] Sandstorm
|-heal|p1a: STUPID FUCK|13/100|[from] item: Leftovers
|upkeep
|turn|5
|inactive|GenG Fan has 30 seconds left.
|
|t:|1757203423
|move|p2b: Gallade|Sacred Sword|p1a: STUPID FUCK
|-damage|p1a: STUPID FUCK|0 fnt
|faint|p1a: STUPID FUCK
|move|p1b: im just sand|Earthquake|p2b: Gallade
|-damage|p2b: Gallade|11/100
|
|-weather|Sandstorm|[upkeep]
|-damage|p2b: Gallade|6/100|[from] Sandstorm
|-fieldend|move: Trick Room
|-fieldend|move: Psychic Terrain
|upkeep
|turn|6
|-message|GenG Fan forfeited.
|
|win|randomguy1114s
|l|☆GenG Fan
|player|p2|
