|j|☆Djuseppe
|j|☆beans14
|html|Djuseppebeans14    
|uhtml|bestof|Game 1 of a best-of-3
|t:|1757028847
|gametype|doubles
|player|p1|Djuseppe|morty|1077
|player|p2|beans14|2|1080
|gen|9
|tier|[Gen 9] VGC 2025 Reg H (Bo3)
|rated|
|rule|Species Clause: Limit one of each Pokémon
|rule|Item Clause: Limit 1 of each item
|clearpoke
|poke|p1|Gholdengo, L50|
|poke|p1|Ninetales-Alola, L50, M|
|poke|p1|Incineroar, L50, M|
|poke|p1|Rillaboom, L50, M|
|poke|p1|Ursaluna-Bloodmoon, L50, M|
|poke|p1|Talonflame, L50, M|
|poke|p2|Politoed, L50, F|
|poke|p2|Archaludon, L50, M|
|poke|p2|Kingdra, L50, F|
|poke|p2|Incineroar, L50, F|
|poke|p2|Amoonguss, L50, M|
|poke|p2|Gothitelle, L50, F|
|teampreview|4
|showteam|p1|Gholdengo||GrassySeed|GoodasGold|MakeItRain,ShadowBall,NastyPlot,Protect||||||50|,,,,,Water]Ninetales-Alola||LightClay|SnowWarning|AuroraVeil,FreezeDry,IcyWind,Encore|||M|||50|,,,,,Fire]Incineroar||AssaultVest|Intimidate|FakeOut,Uturn,KnockOff,Snarl|||M|||50|,,,,,Bug]Rillaboom||MiracleSeed|GrassySurge|WoodHammer,GrassyGlide,Uturn,FakeOut|||M|||50|,,,,,Fire]Ursaluna-Bloodmoon||LifeOrb|MindsEye|BloodMoon,HyperVoice,EarthPower,Protect|||M|||50|,,,,,Normal]Talonflame||CovertCloak|GaleWings|DualWingbeat,FlareBlitz,Tailwind,WillOWisp|||M|||50|,,,,,Stellar
|showteam|p2|Politoed||Leftovers|Drizzle|Protect,WeatherBall,PerishSong,Encore|||F|||50|,,,,,Grass]Archaludon||PowerHerb|Sturdy|Protect,ElectroShot,FlashCannon,DragonPulse|||M|||50|,,,,,Electric]Kingdra||LifeOrb|SwiftSwim|Protect,DracoMeteor,WeatherBall,MuddyWater|||F|||50|,,,,,Stellar]Incineroar||SafetyGoggles|Intimidate|FakeOut,KnockOff,PartingShot,Protect|||F|||50|,,,,,Ghost]Amoonguss||EjectButton|Regenerator|Protect,RagePowder,Spore,PollenPuff|||M|||50|,,,,,Fairy]Gothitelle||SitrusBerry|ShadowTag|Protect,Psychic,FakeOut,TrickRoom|||F|||50|,,,,,Dark
|inactive|Battle timer is ON: inactive players will automatically lose when time's up. (requested by Djuseppe)
|inactive|Djuseppe has 60 seconds left.
|inactive|beans14 has 60 seconds left.
|inactive|beans14 has 30 seconds left.
|inactive|beans14 has 20 seconds left.
|
|t:|1757028921
|teamsize|p1|4
|teamsize|p2|4
|start
|switch|p1a: Rillaboom|Rillaboom, L50, M|100/100
|switch|p1b: Ninetales|Ninetales-Alola, L50, M|100/100
|switch|p2a: Archaludon|Archaludon, L50, M|100/100
|switch|p2b: Incineroar|Incineroar, L50, F, shiny|100/100
|-weather|Snowscape|[from] ability: Snow Warning|[of] p1b: Ninetales
|-fieldstart|move: Grassy Terrain|[from] ability: Grassy Surge|[of] p1a: Rillaboom
|-ability|p2b: Incineroar|Intimidate|boost
|-unboost|p1a: Rillaboom|atk|1
|-unboost|p1b: Ninetales|atk|1
|turn|1
|inactive|beans14 has 30 seconds left.
|
|t:|1757028950
|switch|p1b: Ursaluna|Ursaluna-Bloodmoon, L50, M|100/100
|move|p1a: Rillaboom|Fake Out|p2b: Incineroar
|-damage|p2b: Incineroar|91/100
|move|p2a: Archaludon|Flash Cannon|p1b: Ursaluna
|-damage|p1b: Ursaluna|44/100
|cant|p2b: Incineroar|flinch
|
|-weather|Snowscape|[upkeep]
|-heal|p1b: Ursaluna|50/100|[from] Grassy Terrain
|-heal|p2b: Incineroar|97/100|[from] Grassy Terrain
|upkeep
|turn|2
|
|t:|1757028968
|move|p1b: Ursaluna|Protect|p1b: Ursaluna
|-singleturn|p1b: Ursaluna|Protect
|move|p2a: Archaludon|Dragon Pulse|p1b: Ursaluna
|-activate|p1b: Ursaluna|move: Protect
|move|p1a: Rillaboom|U-turn|p2a: Archaludon
|-resisted|p2a: Archaludon
|-damage|p2a: Archaludon|94/100
|
|t:|1757028975
|switch|p1a: Ninetales|Ninetales-Alola, L50, M|100/100|[from] U-turn
|move|p2b: Incineroar|Parting Shot|p1a: Ninetales
|-unboost|p1a: Ninetales|atk|1
|-unboost|p1a: Ninetales|spa|1
|
|t:|1757028989
|switch|p2b: Gothitelle|Gothitelle, L50, F|100/100|[from] Parting Shot
|
|-weather|Snowscape|[upkeep]
|-heal|p2a: Archaludon|99/100|[from] Grassy Terrain
|-heal|p1b: Ursaluna|56/100|[from] Grassy Terrain
|upkeep
|turn|3
|
|t:|1757029002
|move|p2b: Gothitelle|Fake Out|p1a: Ninetales
|-damage|p1a: Ninetales|96/100
|cant|p1a: Ninetales|flinch
|move|p2a: Archaludon|Dragon Pulse|p1b: Ursaluna
|-damage|p1b: Ursaluna|0 fnt
|faint|p1b: Ursaluna
|
|-weather|Snowscape|[upkeep]
|-heal|p1a: Ninetales|100/100|[from] Grassy Terrain
|-heal|p2a: Archaludon|100/100|[from] Grassy Terrain
|upkeep
|
|t:|1757029012
|switch|p1b: Gholdengo|Gholdengo, L50|100/100
|-enditem|p1b: Gholdengo|Grassy Seed
|-boost|p1b: Gholdengo|def|1|[from] item: Grassy Seed
|turn|4
|inactive|beans14 has 30 seconds left.
|
|t:|1757029039
|switch|p2b: Incineroar|Incineroar, L50, F, shiny|97/100
|-ability|p2b: Incineroar|Intimidate|boost
|-unboost|p1a: Ninetales|atk|1
|-unboost|p1b: Gholdengo|atk|1
|move|p1a: Ninetales|Encore|p2a: Archaludon
|-start|p2a: Archaludon|Encore
|move|p2a: Archaludon|Dragon Pulse|p1a: Ninetales
|-immune|p1a: Ninetales
|move|p1b: Gholdengo|Nasty Plot|p1b: Gholdengo
|-boost|p1b: Gholdengo|spa|2
|
|-weather|Snowscape|[upkeep]
|-heal|p2b: Incineroar|100/100|[from] Grassy Terrain
|upkeep
|turn|5
|inactive|Djuseppe has 30 seconds left.
|
|t:|1757029071
|switch|p1a: Rillaboom|Rillaboom, L50, M|100/100
|switch|p2a: Politoed|Politoed, L50, F, shiny|100/100
|-weather|RainDance|[from] ability: Drizzle|[of] p2a: Politoed
|move|p1b: Gholdengo|Protect|p1b: Gholdengo
|-singleturn|p1b: Gholdengo|Protect
|move|p2b: Incineroar|Parting Shot|p1a: Rillaboom
|-unboost|p1a: Rillaboom|atk|1
|-unboost|p1a: Rillaboom|spa|1
|
|t:|1757029087
|switch|p2b: Archaludon|Archaludon, L50, M|100/100|[from] Parting Shot
|
|-weather|RainDance|[upkeep]
|-fieldend|move: Grassy Terrain
|upkeep
|turn|6
|
|t:|1757029100
|move|p2b: Archaludon|Protect|p2b: Archaludon
|-singleturn|p2b: Archaludon|Protect
|move|p2a: Politoed|Protect|p2a: Politoed
|-singleturn|p2a: Politoed|Protect
|move|p1a: Rillaboom|U-turn|p2a: Politoed
|-activate|p2a: Politoed|move: Protect
|move|p1b: Gholdengo|Shadow Ball|p2b: Archaludon
|-activate|p2b: Archaludon|move: Protect
|
|-weather|RainDance|[upkeep]
|upkeep
|turn|7
|inactive|beans14 has 30 seconds left.
|
|t:|1757029129
|-terastallize|p2b: Archaludon|Electric
|move|p2b: Archaludon|Electro Shot||[still]
|-prepare|p2b: Archaludon|Electro Shot
|-boost|p2b: Archaludon|spa|1
|-anim|p2b: Archaludon|Electro Shot|p1b: Gholdengo
|-damage|p1b: Gholdengo|0 fnt
|faint|p1b: Gholdengo
|move|p1a: Rillaboom|U-turn|p2a: Politoed
|-damage|p2a: Politoed|82/100
|
|t:|1757029151
|switch|p1a: Ninetales|Ninetales-Alola, L50, M|100/100|[from] U-turn
|-weather|Snowscape|[from] ability: Snow Warning|[of] p1a: Ninetales
|move|p2a: Politoed|Perish Song|p2a: Politoed
|-start|p1a: Ninetales|perish3|[silent]
|-start|p2a: Politoed|perish3|[silent]
|-start|p2b: Archaludon|perish3|[silent]
|-fieldactivate|move: Perish Song
|
|-weather|Snowscape|[upkeep]
|-heal|p2a: Politoed|88/100|[from] item: Leftovers
|-start|p1a: Ninetales|perish3
|-start|p2b: Archaludon|perish3
|-start|p2a: Politoed|perish3
|upkeep
|inactive|Djuseppe has 30 seconds left.
|inactive|Djuseppe has 20 seconds left.
|inactive|Djuseppe has 15 seconds left.
|
|t:|1757029195
|switch|p1b: Rillaboom|Rillaboom, L50, M|100/100
|-fieldstart|move: Grassy Terrain|[from] ability: Grassy Surge|[of] p1b: Rillaboom
|turn|8
|
|t:|1757029207
|move|p2b: Archaludon|Protect|p2b: Archaludon
|-singleturn|p2b: Archaludon|Protect
|move|p2a: Politoed|Protect|p2a: Politoed
|-singleturn|p2a: Politoed|Protect
|move|p1a: Ninetales|Encore|p2b: Archaludon
|-activate|p2b: Archaludon|move: Protect
|move|p1b: Rillaboom|Wood Hammer|p2a: Politoed
|-activate|p2a: Politoed|move: Protect
|
|-weather|Snowscape|[upkeep]
|-heal|p2a: Politoed|94/100|[from] Grassy Terrain
|-heal|p2a: Politoed|99/100|[from] item: Leftovers
|-start|p1a: Ninetales|perish2
|-start|p2b: Archaludon|perish2
|-start|p2a: Politoed|perish2
|upkeep
|turn|9
|
|t:|1757029219
|switch|p2b: Gothitelle|Gothitelle, L50, F|100/100
|switch|p2a: Incineroar|Incineroar, L50, F, shiny|100/100
|-ability|p2a: Incineroar|Intimidate|boost
|-unboost|p1a: Ninetales|atk|1
|-unboost|p1b: Rillaboom|atk|1
|move|p1a: Ninetales|Encore||[still]
|-fail|p1a: Ninetales
|move|p1b: Rillaboom|Wood Hammer|p2a: Incineroar
|-resisted|p2a: Incineroar
|-damage|p2a: Incineroar|70/100
|-damage|p1b: Rillaboom|90/100|[from] Recoil
|
|-weather|Snowscape|[upkeep]
|-heal|p1b: Rillaboom|96/100|[from] Grassy Terrain
|-heal|p2a: Incineroar|76/100|[from] Grassy Terrain
|-start|p1a: Ninetales|perish1
|upkeep
|turn|10
|inactive|Djuseppe has 30 seconds left.
|inactive|Djuseppe has 20 seconds left.
|
|t:|1757029258
|move|p2b: Gothitelle|Fake Out|p1a: Ninetales
|-damage|p1a: Ninetales|95/100
|move|p2a: Incineroar|Fake Out|p1b: Rillaboom
|-damage|p1b: Rillaboom|85/100
|cant|p1a: Ninetales|flinch
|cant|p1b: Rillaboom|flinch
|
|-weather|Snowscape|[upkeep]
|-heal|p1a: Ninetales|100/100|[from] Grassy Terrain
|-heal|p1b: Rillaboom|92/100|[from] Grassy Terrain
|-heal|p2a: Incineroar|82/100|[from] Grassy Terrain
|-start|p1a: Ninetales|perish0
|faint|p1a: Ninetales
|upkeep
|turn|11
|
|t:|1757029272
|move|p1b: Rillaboom|Wood Hammer|p2b: Gothitelle
|-damage|p2b: Gothitelle|42/100
|-enditem|p2b: Gothitelle|Sitrus Berry|[eat]
|-heal|p2b: Gothitelle|67/100|[from] item: Sitrus Berry
|-damage|p1b: Rillaboom|74/100|[from] Recoil
|move|p2b: Gothitelle|Psychic|p1b: Rillaboom
|-damage|p1b: Rillaboom|33/100
|move|p2a: Incineroar|Parting Shot|p1b: Rillaboom
|-unboost|p1b: Rillaboom|atk|1
|-unboost|p1b: Rillaboom|spa|1
|
|t:|1757029275
|switch|p2a: Archaludon|Archaludon, L50, M, tera:Electric|100/100|[from] Parting Shot
|
|-weather|none
|-heal|p1b: Rillaboom|40/100|[from] Grassy Terrain
|-heal|p2b: Gothitelle|73/100|[from] Grassy Terrain
|upkeep
|turn|12
|
|t:|1757029288
|move|p2a: Archaludon|Dragon Pulse|p1b: Rillaboom
|-damage|p1b: Rillaboom|0 fnt
|faint|p1b: Rillaboom
|
|win|beans14
||Djuseppe is ready for game 2.
|inactive|beans14 has 30 seconds to confirm battle start!
|inactive|beans14 has 20 seconds to confirm battle start!
||beans14 is ready for game 2.
|uhtml|next|Next: Game 2 of 3
