|j|☆HeroOfHydrangea
|j|☆Oriozz
|html|HeroOfHydrangeaOriozz    
|uhtml|bestof|Game 2 of a best-of-3
|t:|1783815758
|gametype|doubles
|player|p1|HeroOfHydrangea|101|1168
|player|p2|Oriozz|101|1184
|gen|9
|tier|[Gen 9 Champions] VGC 2026 Reg M-B (Bo3)
|rated|
|rule|Species Clause: Limit one of each Pokémon
|rule|Item Clause: Limit 1 of each item
|clearpoke
|poke|p1|Blastoise, L50, F|
|poke|p1|Sneasler, L50, F|
|poke|p1|Kingambit, L50, M|
|poke|p1|Incineroar, L50, F|
|poke|p1|Delphox, L50, M|
|poke|p1|Sinistcha, L50|
|poke|p2|Kingambit, L50, F|
|poke|p2|Floette-Eternal, L50, F|
|poke|p2|Sneasler, L50, M|
|poke|p2|Incineroar, L50, M|
|poke|p2|Garchomp, L50, F|
|poke|p2|Sinistcha, L50|
|teampreview|4
|showteam|p1|Blastoise||Blastoisinite|Torrent|WaterSpout,DarkPulse,ShellSmash,Protect|Modest||F|||50|]Sneasler||FocusSash|PoisonTouch|CloseCombat,DireClaw,FakeOut,QuickGuard|Jolly||F|||50|]Kingambit||BlackGlasses|Defiant|KowtowCleave,SuckerPunch,SwordsDance,Protect|Adamant||M|||50|]Incineroar||SitrusBerry|Intimidate|FlareBlitz,HelpingHand,PartingShot,FakeOut|Careful||F|||50|]Delphox||Delphoxite|Blaze|HeatWave,Psyshock,NastyPlot,Protect|Modest||M|||50|]Sinistcha||KasibBerry|Hospitality|MatchaGotcha,RagePowder,TrickRoom,Protect|Bold|||||50|
|showteam|p2|Kingambit||ChopleBerry|Defiant|KowtowCleave,Protect,SuckerPunch,IronHead|Adamant||F|||50|]Floette-Eternal||Floettite|FlowerVeil|DazzlingGleam,DrainingKiss,Protect,CalmMind|Bold||F|||50|]Sneasler||FocusSash|Unburden|FakeOut,DireClaw,CloseCombat,Coaching|Jolly||M|||50|]Incineroar||Leftovers|Intimidate|FakeOut,FlareBlitz,PartingShot,HelpingHand|Careful||M|||50|]Garchomp||Garchompite|RoughSkin|Earthquake,StompingTantrum,RockSlide,Protect|Adamant||F|||50|]Sinistcha||SitrusBerry|Hospitality|Protect,MatchaGotcha,TrickRoom,RagePowder|Bold|||||50|
|inactive|Battle timer is ON: inactive players will automatically lose when time's up. (requested by Oriozz)
|inactive|HeroOfHydrangea also wants the timer to be on.
|inactive|Oriozz has 60 seconds left.
|
|t:|1783815799
|teamsize|p1|4
|teamsize|p2|4
|start
|switch|p1a: Sneasler|Sneasler, L50, F|100/100
|switch|p1b: Delphox|Delphox, L50, M|100/100
|switch|p2a: Sinistcha|Sinistcha, L50|100/100
|switch|p2b: Kingambit|Kingambit, L50, F|100/100
|turn|1
|inactive|HeroOfHydrangea has 30 seconds left.
|inactive|Oriozz has 30 seconds left.
|inactive|HeroOfHydrangea has 20 seconds left.
|inactive|HeroOfHydrangea has 15 seconds left.
|inactive|HeroOfHydrangea has 10 seconds left.
|
|t:|1783815845
|switch|p2b: Garchomp|Garchomp, L50, F|100/100
|detailschange|p1b: Delphox|Delphox-Mega, L50, M
|-mega|p1b: Delphox|Delphox|Delphoxite
|move|p1b: Delphox|Protect|p1b: Delphox
|-singleturn|p1b: Delphox|Protect
|move|p1a: Sneasler|Dire Claw|p2a: Sinistcha
|-damage|p2a: Sinistcha|64/100
|move|p2a: Sinistcha|Matcha Gotcha|p1b: Delphox|[spread] p1a
|-activate|p1b: Delphox|move: Protect
|-resisted|p1a: Sneasler|1
|-damage|p1a: Sneasler|82/100
|-heal|p2a: Sinistcha|72/100|[from] drain|[of] p1a: Sneasler
|
|upkeep
|turn|2
|inactive|Oriozz has 30 seconds left.
|inactive|Oriozz has 20 seconds left.
|
|t:|1783815882
|switch|p1a: Incineroar|Incineroar, L50, F|100/100
|-ability|p1a: Incineroar|Intimidate|boost
|-unboost|p2a: Sinistcha|atk|1
|-unboost|p2b: Garchomp|atk|1
|detailschange|p2b: Garchomp|Garchomp-Mega, L50, F
|-mega|p2b: Garchomp|Garchomp|Garchompite
|move|p1b: Delphox|Nasty Plot|p1b: Delphox
|-boost|p1b: Delphox|spa|2
|move|p2b: Garchomp|Stomping Tantrum|p1a: Incineroar
|-supereffective|p1a: Incineroar|1
|-damage|p1a: Incineroar|27/100
|-enditem|p1a: Incineroar|Sitrus Berry|[eat]
|-heal|p1a: Incineroar|52/100|[from] item: Sitrus Berry
|move|p2a: Sinistcha|Trick Room|p2a: Sinistcha
|-fieldstart|move: Trick Room|[of] p2a: Sinistcha
|
|upkeep
|turn|3
|inactive|HeroOfHydrangea has 30 seconds left.
|inactive|Oriozz has 30 seconds left.
|inactive|HeroOfHydrangea has 20 seconds left.
|inactive|Oriozz has 20 seconds left.
|inactive|HeroOfHydrangea has 15 seconds left.
|inactive|Oriozz has 15 seconds left.
|inactive|HeroOfHydrangea has 10 seconds left.
|inactive|Oriozz has 10 seconds left.
|
|t:|1783815929
|switch|p2a: Kingambit|Kingambit, L50, F|100/100
|move|p2b: Garchomp|Protect|p2b: Garchomp
|-singleturn|p2b: Garchomp|Protect
|move|p1a: Incineroar|Parting Shot|p2b: Garchomp
|-activate|p2b: Garchomp|move: Protect
|move|p1b: Delphox|Heat Wave|p2b: Garchomp|[spread] p2a
|-activate|p2b: Garchomp|move: Protect
|-supereffective|p2a: Kingambit|1
|-damage|p2a: Kingambit|0 fnt
|faint|p2a: Kingambit
|
|upkeep
|
|t:|1783815944
|switch|p2a: Sneasler|Sneasler, L50, M|100/100
|turn|4
|inactive|HeroOfHydrangea has 30 seconds left.
|inactive|HeroOfHydrangea has 20 seconds left.
|
|t:|1783815982
|move|p2a: Sneasler|Fake Out|p1b: Delphox
|-damage|p1b: Delphox|82/100
|move|p1a: Incineroar|Parting Shot|p2b: Garchomp
|-unboost|p2b: Garchomp|atk|1
|-unboost|p2b: Garchomp|spa|1
|
|t:|1783815992
|switch|p1a: Sinistcha|Sinistcha, L50|100/100|[from] Parting Shot
|-heal|p1b: Delphox|100/100|[from] ability: Hospitality|[of] p1a: Sinistcha
|move|p2b: Garchomp|Rock Slide|p1a: Sinistcha|[spread] p1a,p1b
|-supereffective|p1b: Delphox|1
|-crit|p1b: Delphox
|-damage|p1a: Sinistcha|88/100
|-damage|p1b: Delphox|8/100
|cant|p1b: Delphox|flinch
|
|upkeep
|turn|5
|inactive|HeroOfHydrangea has 30 seconds left.
|inactive|Oriozz has 30 seconds left.
|inactive|HeroOfHydrangea has 20 seconds left.
|inactive|HeroOfHydrangea has 15 seconds left.
|inactive|HeroOfHydrangea has 10 seconds left.
|
|t:|1783816041
|move|p1b: Delphox|Protect|p1b: Delphox
|-singleturn|p1b: Delphox|Protect
|move|p1a: Sinistcha|Matcha Gotcha|p2b: Garchomp|[spread] p2a,p2b
|-resisted|p2a: Sneasler|1
|-damage|p2a: Sneasler|84/100
|-heal|p1a: Sinistcha|95/100|[from] drain|[of] p2a: Sneasler
|-damage|p2b: Garchomp|74/100
|-heal|p1a: Sinistcha|100/100|[from] drain|[of] p2b: Garchomp
|move|p2b: Garchomp|Rock Slide|p1b: Delphox|[spread] p1a
|-activate|p1b: Delphox|move: Protect
|-damage|p1a: Sinistcha|89/100
|move|p2a: Sneasler|Coaching|p2b: Garchomp
|-boost|p2b: Garchomp|atk|1
|-boost|p2b: Garchomp|def|1
|
|upkeep
|turn|6
|inactive|HeroOfHydrangea has 30 seconds left.
|inactive|Oriozz has 30 seconds left.
|
|t:|1783816071
|switch|p1b: Sneasler|Sneasler, L50, F|82/100
|move|p1a: Sinistcha|Matcha Gotcha|p2a: Sneasler|[spread] p2a
|-miss|p1a: Sinistcha|p2b: Garchomp
|-resisted|p2a: Sneasler|1
|-damage|p2a: Sneasler|69/100
|-heal|p1a: Sinistcha|96/100|[from] drain|[of] p2a: Sneasler
|-status|p2a: Sneasler|brn
|move|p2b: Garchomp|Rock Slide|p1b: Sneasler|[spread] p1a,p1b
|-resisted|p1b: Sneasler|1
|-damage|p1a: Sinistcha|82/100
|-damage|p1b: Sneasler|67/100
|move|p2a: Sneasler|Coaching|p2b: Garchomp
|-boost|p2b: Garchomp|atk|1
|-boost|p2b: Garchomp|def|1
|
|-damage|p2a: Sneasler|63/100 brn|[from] brn
|-fieldend|move: Trick Room
|upkeep
|turn|7
|inactive|HeroOfHydrangea has 30 seconds left.
|inactive|Oriozz has 30 seconds left.
|inactive|Oriozz has 20 seconds left.
|
|t:|1783816110
|switch|p2a: Sinistcha|Sinistcha, L50|72/100
|-heal|p2b: Garchomp|99/100|[from] ability: Hospitality|[of] p2a: Sinistcha
|move|p2b: Garchomp|Protect|p2b: Garchomp
|-singleturn|p2b: Garchomp|Protect
|move|p1b: Sneasler|Fake Out|p2b: Garchomp
|-activate|p2b: Garchomp|move: Protect
|move|p1a: Sinistcha|Matcha Gotcha|p2b: Garchomp|[spread] p2a
|-activate|p2b: Garchomp|move: Protect
|-resisted|p2a: Sinistcha|1
|-damage|p2a: Sinistcha|60/100
|-heal|p1a: Sinistcha|88/100|[from] drain|[of] p2a: Sinistcha
|
|upkeep
|turn|8
|inactive|HeroOfHydrangea has 30 seconds left.
|inactive|HeroOfHydrangea has 20 seconds left.
|inactive|HeroOfHydrangea has 15 seconds left.
|
|t:|1783816153
|move|p1b: Sneasler|Dire Claw|p2b: Garchomp
|-resisted|p2b: Garchomp|1
|-crit|p2b: Garchomp
|-damage|p2b: Garchomp|71/100
|move|p2b: Garchomp|Earthquake|p1b: Sneasler|[spread] p2a,p1a,p1b
|-resisted|p2a: Sinistcha|1
|-resisted|p1a: Sinistcha|1
|-supereffective|p1b: Sneasler|1
|-damage|p2a: Sinistcha|40/100
|-damage|p1a: Sinistcha|65/100
|-damage|p1b: Sneasler|0 fnt
|-enditem|p2a: Sinistcha|Sitrus Berry|[eat]
|-heal|p2a: Sinistcha|65/100|[from] item: Sitrus Berry
|faint|p1b: Sneasler
|move|p2a: Sinistcha|Trick Room|p2a: Sinistcha
|-fieldstart|move: Trick Room|[of] p2a: Sinistcha
|move|p1a: Sinistcha|Trick Room|p1a: Sinistcha
|-fieldend|move: Trick Room
|
|upkeep
|
|t:|1783816160
|switch|p1b: Incineroar|Incineroar, L50, F|52/100
|-ability|p1b: Incineroar|Intimidate|boost
|-unboost|p2a: Sinistcha|atk|1
|-unboost|p2b: Garchomp|atk|1
|turn|9
|inactive|Oriozz has 30 seconds left.
|
|t:|1783816191
|switch|p2b: Sneasler|Sneasler, L50, M|63/100 brn
|move|p2a: Sinistcha|Protect|p2a: Sinistcha
|-singleturn|p2a: Sinistcha|Protect
|move|p1b: Incineroar|Fake Out|p2b: Sneasler
|-damage|p2b: Sneasler|44/100 brn
|move|p1a: Sinistcha|Matcha Gotcha|p2a: Sinistcha|[spread] p2b
|-activate|p2a: Sinistcha|move: Protect
|-resisted|p2b: Sneasler|1
|-damage|p2b: Sneasler|28/100 brn
|-heal|p1a: Sinistcha|73/100|[from] drain|[of] p2b: Sneasler
|
|-damage|p2b: Sneasler|22/100 brn|[from] brn
|upkeep
|turn|10
|inactive|HeroOfHydrangea has 30 seconds left.
|
|t:|1783816216
|switch|p1b: Delphox|Delphox-Mega, L50, M|8/100
|move|p1a: Sinistcha|Protect|p1a: Sinistcha
|-singleturn|p1a: Sinistcha|Protect
|move|p2b: Sneasler|Close Combat|p1b: Delphox
|-resisted|p1b: Delphox|1
|-damage|p1b: Delphox|0 fnt
|-unboost|p2b: Sneasler|def|1
|-unboost|p2b: Sneasler|spd|1
|faint|p1b: Delphox
|move|p2a: Sinistcha|Trick Room|p2a: Sinistcha
|-fieldstart|move: Trick Room|[of] p2a: Sinistcha
|
|-damage|p2b: Sneasler|17/100 brn|[from] brn
|upkeep
|
|t:|1783816219
|switch|p1b: Incineroar|Incineroar, L50, F|52/100
|-ability|p1b: Incineroar|Intimidate|boost
|-unboost|p2a: Sinistcha|atk|1
|-unboost|p2b: Sneasler|atk|1
|turn|11
|inactive|HeroOfHydrangea has 30 seconds left.
|inactive|Oriozz has 30 seconds left.
|
|t:|1783816252
|switch|p2a: Garchomp|Garchomp-Mega, L50, F|71/100
|move|p1a: Sinistcha|Matcha Gotcha|p2b: Sneasler|[spread] p2a,p2b
|-resisted|p2b: Sneasler|1
|-damage|p2a: Garchomp|46/100
|-heal|p1a: Sinistcha|85/100|[from] drain|[of] p2a: Garchomp
|-damage|p2b: Sneasler|0 fnt
|-heal|p1a: Sinistcha|93/100|[from] drain|[of] p2b: Sneasler
|faint|p2b: Sneasler
|move|p1b: Incineroar|Flare Blitz|p2a: Garchomp
|-resisted|p2a: Garchomp|1
|-damage|p2a: Garchomp|27/100
|-damage|p1b: Incineroar|46/100|[from] Recoil
|
|upkeep
|
|t:|1783816265
|switch|p2b: Sinistcha|Sinistcha, L50|65/100
|-heal|p2a: Garchomp|51/100|[from] ability: Hospitality|[of] p2b: Sinistcha
|turn|12
|
|t:|1783816283
|move|p2b: Sinistcha|Protect|p2b: Sinistcha
|-singleturn|p2b: Sinistcha|Protect
|move|p1a: Sinistcha|Matcha Gotcha|p2b: Sinistcha|[spread] p2a
|-activate|p2b: Sinistcha|move: Protect
|-damage|p2a: Garchomp|26/100
|-heal|p1a: Sinistcha|100/100|[from] drain|[of] p2a: Garchomp
|move|p1b: Incineroar|Parting Shot|p2a: Garchomp
|-unboost|p2a: Garchomp|atk|1
|-unboost|p2a: Garchomp|spa|1
|move|p2a: Garchomp|Earthquake|p1b: Incineroar|[spread] p1a,p1b
|-activate|p2b: Sinistcha|move: Protect
|-resisted|p1a: Sinistcha|1
|-supereffective|p1b: Incineroar|1
|-damage|p1a: Sinistcha|85/100
|-damage|p1b: Incineroar|0 fnt
|faint|p1b: Incineroar
|
|upkeep
|turn|13
|inactive|Oriozz has 30 seconds left.
|
|t:|1783816309
|move|p2a: Garchomp|Protect|p2a: Garchomp
|-singleturn|p2a: Garchomp|Protect
|move|p1a: Sinistcha|Matcha Gotcha|p2a: Garchomp|[spread] p2b
|-activate|p2a: Garchomp|move: Protect
|-resisted|p2b: Sinistcha|1
|-damage|p2b: Sinistcha|52/100
|-heal|p1a: Sinistcha|92/100|[from] drain|[of] p2b: Sinistcha
|move|p2b: Sinistcha|Trick Room|p2b: Sinistcha
|-fieldend|move: Trick Room
|
|upkeep
|turn|14
|
|t:|1783816325
|move|p2a: Garchomp|Stomping Tantrum|p1a: Sinistcha
|-resisted|p1a: Sinistcha|1
|-damage|p1a: Sinistcha|76/100
|move|p2b: Sinistcha|Matcha Gotcha|p1a: Sinistcha
|-resisted|p1a: Sinistcha|1
|-damage|p1a: Sinistcha|61/100
|-heal|p2b: Sinistcha|60/100|[from] drain|[of] p1a: Sinistcha
|move|p1a: Sinistcha|Matcha Gotcha|p2a: Garchomp|[spread] p2a,p2b
|-resisted|p2b: Sinistcha|1
|-damage|p2a: Garchomp|1/100
|-heal|p1a: Sinistcha|74/100|[from] drain|[of] p2a: Garchomp
|-damage|p2b: Sinistcha|48/100
|-heal|p1a: Sinistcha|80/100|[from] drain|[of] p2b: Sinistcha
|-status|p2b: Sinistcha|brn
|
|-damage|p2b: Sinistcha|42/100 brn|[from] brn
|upkeep
|turn|15
|inactive|Oriozz has 30 seconds left.
|inactive|HeroOfHydrangea has 30 seconds left.
|inactive|Oriozz has 20 seconds left.
|inactive|Oriozz has 15 seconds left.
|inactive|HeroOfHydrangea has 20 seconds left.
|inactive|Oriozz has 10 seconds left.
|
|t:|1783816354
|move|p1a: Sinistcha|Protect|p1a: Sinistcha
|-singleturn|p1a: Sinistcha|Protect
|move|p2a: Garchomp|Rock Slide|p1a: Sinistcha
|-activate|p1a: Sinistcha|move: Protect
|move|p2b: Sinistcha|Matcha Gotcha|p1a: Sinistcha
|-activate|p1a: Sinistcha|move: Protect
|
|-damage|p2b: Sinistcha|35/100 brn|[from] brn
|upkeep
|turn|16
|inactive|HeroOfHydrangea has 20 seconds left this turn.
|inactive|Oriozz has 10 seconds left this turn.
|inactive|HeroOfHydrangea has 15 seconds left.
|inactive|Oriozz has 5 seconds left.
|inactive|HeroOfHydrangea has 10 seconds left.
|-message|Oriozz lost due to inactivity.
|
|win|HeroOfHydrangea
|raw|HeroOfHydrangea's rating: 1168 → 1194(+26 for winning)
|raw|Oriozz's rating: 1184 → 1158(-26 for losing)
|l|☆Oriozz
|player|p2|
|l|☆HeroOfHydrangea
|player|p1|
|j|☆Oriozz
|player|p2|Oriozz|101|
