|j|☆chikovgc
|j|☆Gyaradostyranitar
|html|chikovgcGyaradostyranitar    
|uhtml|bestof|Game 3 of a best-of-3
|t:|1756115501
|gametype|doubles
|player|p1|chikovgc|volo|1341
|player|p2|Gyaradostyranitar|adaman|1254
|gen|9
|tier|[Gen 9] VGC 2025 Reg H (Bo3)
|rated|
|rule|Species Clause: Limit one of each Pokémon
|rule|Item Clause: Limit 1 of each item
|clearpoke
|poke|p1|Rillaboom, L50, M|
|poke|p1|Annihilape, L50, F|
|poke|p1|Pelipper, L50, M|
|poke|p1|Archaludon, L50, M|
|poke|p1|Palafin, L50, M|
|poke|p1|Incineroar, L50, M|
|poke|p2|Garchomp, L50, M|
|poke|p2|Talonflame, L50, F|
|poke|p2|Slaking, L50, F|
|poke|p2|Weezing-Galar, L50, F|
|poke|p2|Sinistcha-Masterpiece, L50|
|poke|p2|Kingambit, L50, M|
|teampreview|4
|showteam|p1|Rillaboom||LoadedDice|GrassySurge|Uturn,FakeOut,BulletSeed,GrassyGlide|||M|||50|,,,,,Fire]Annihilape||SafetyGoggles|Defiant|BulkUp,DrainPunch,RageFist,Protect|||F|||50|,,,,,Steel]Pelipper||ChoiceScarf|Drizzle|Tailwind,WeatherBall,Hurricane,Uturn|||M|||50|,,,,,Ghost]Archaludon||AssaultVest|Stamina|ElectroShot,DracoMeteor,FlashCannon,BodyPress|||M|||50|,,,,,Grass]Palafin||ChoiceBand|ZerotoHero|FlipTurn,JetPunch,WaveCrash,CloseCombat|||M|||50|,,,,,Water]Incineroar||RockyHelmet|Intimidate|WillOWisp,KnockOff,FakeOut,Uturn|||M|||50|,,,,,Ghost
|showteam|p2|Garchomp||SoftSand|RoughSkin|DragonClaw,Earthquake,SwordsDance,Protect|||M|||50|,,,,,Fire]Talonflame||SharpBeak|GaleWings|DualWingbeat,Tailwind,BraveBird,UpperHand|||F|||50|,,,,,Ghost]Slaking||LifeOrb|Truant|DoubleEdge,HighHorsepower,PlayRough,Protect|||F|||50|,,,,,Stellar]Weezing-Galar||SitrusBerry|NeutralizingGas|StrangeSteam,Taunt,WillOWisp,Protect|||F|||50|,,,,,Flying]Sinistcha-Masterpiece||RockyHelmet|Hospitality|MatchaGotcha,ShadowBall,RagePowder,StrengthSap||||||50|,,,,,Fairy]Kingambit||AssaultVest|Defiant|KowtowCleave,IronHead,SuckerPunch,LowKick|||M|||50|,,,,,Fairy
|inactive|Battle timer is ON: inactive players will automatically lose when time's up. (requested by Gyaradostyranitar)
|inactive|chikovgc also wants the timer to be on.
|inactive|chikovgc has 60 seconds left.
|
|t:|1756115545
|teamsize|p1|4
|teamsize|p2|4
|start
|switch|p1a: Archaludon|Archaludon, L50, M|100/100
|switch|p1b: Annihilape|Annihilape, L50, F|100/100
|switch|p2a: Slaking|Slaking, L50, F|100/100
|switch|p2b: Garchomp|Garchomp, L50, M|100/100
|turn|1
|inactive|Gyaradostyranitar has 30 seconds left.
|
|t:|1756115577
|switch|p1a: Pelipper|Pelipper, L50, M|100/100
|-weather|RainDance|[from] ability: Drizzle|[of] p1a: Pelipper
|move|p2a: Slaking|Protect|p2a: Slaking
|-singleturn|p2a: Slaking|Protect
|move|p2b: Garchomp|Swords Dance|p2b: Garchomp
|-boost|p2b: Garchomp|atk|2
|move|p1b: Annihilape|Bulk Up|p1b: Annihilape
|-boost|p1b: Annihilape|atk|1
|-boost|p1b: Annihilape|def|1
|
|-weather|RainDance|[upkeep]
|upkeep
|turn|2
|inactive|chikovgc has 30 seconds left.
|
|t:|1756115607
|switch|p1a: Incineroar|Incineroar, L50, M|100/100
|-ability|p1a: Incineroar|Intimidate|boost
|-unboost|p2a: Slaking|atk|1
|-unboost|p2b: Garchomp|atk|1
|switch|p2a: Talonflame|Talonflame, L50, F|100/100
|move|p2b: Garchomp|Dragon Claw|p1a: Incineroar
|-damage|p1a: Incineroar|46/100
|-damage|p2b: Garchomp|84/100|[from] item: Rocky Helmet|[of] p1a: Incineroar
|move|p1b: Annihilape|Drain Punch|p2a: Talonflame
|-resisted|p2a: Talonflame
|-damage|p2a: Talonflame|57/100
|
|-weather|RainDance|[upkeep]
|upkeep
|turn|3
|inactive|Gyaradostyranitar has 30 seconds left.
|
|t:|1756115637
|-terastallize|p2a: Talonflame|Ghost
|move|p1a: Incineroar|Fake Out|p2b: Garchomp
|-damage|p2b: Garchomp|74/100
|-damage|p1a: Incineroar|34/100|[from] ability: Rough Skin|[of] p2b: Garchomp
|move|p2a: Talonflame|Brave Bird|p1b: Annihilape
|-supereffective|p1b: Annihilape
|-damage|p1b: Annihilape|20/100
|-damage|p2a: Talonflame|21/100|[from] Recoil
|cant|p2b: Garchomp|flinch
|move|p1b: Annihilape|Bulk Up|p1b: Annihilape
|-boost|p1b: Annihilape|atk|1
|-boost|p1b: Annihilape|def|1
|
|-weather|RainDance|[upkeep]
|upkeep
|turn|4
|inactive|chikovgc has 30 seconds left.
|
|t:|1756115664
|move|p1b: Annihilape|Protect|p1b: Annihilape
|-singleturn|p1b: Annihilape|Protect
|move|p2a: Talonflame|Tailwind|p2a: Talonflame
|-sidestart|p2: Gyaradostyranitar|move: Tailwind
|move|p2b: Garchomp|Earthquake|p1b: Annihilape|[spread] p2a,p1a
|-activate|p1b: Annihilape|move: Protect
|-supereffective|p1a: Incineroar
|-damage|p2a: Talonflame|0 fnt
|-damage|p1a: Incineroar|0 fnt
|faint|p2a: Talonflame
|faint|p1a: Incineroar
|
|-weather|RainDance|[upkeep]
|upkeep
|
|t:|1756115681
|switch|p2a: Weezing|Weezing-Galar, L50, F|100/100
|switch|p1a: Pelipper|Pelipper, L50, M|100/100
|-ability|p2a: Weezing|Neutralizing Gas
|turn|5
|
|t:|1756115698
|move|p2b: Garchomp|Dragon Claw|p1a: Pelipper
|-damage|p1a: Pelipper|18/100
|move|p2a: Weezing|Will-O-Wisp|p1b: Annihilape
|-status|p1b: Annihilape|brn
|move|p1a: Pelipper|Weather Ball|p2b: Garchomp
|-damage|p2b: Garchomp|5/100
|move|p1b: Annihilape|Rage Fist|p2a: Weezing
|-damage|p2a: Weezing|54/100
|
|-weather|none
|-damage|p1b: Annihilape|13/100 brn|[from] brn
|upkeep
|turn|6
|
|t:|1756115723
|move|p1b: Annihilape|Protect|p1b: Annihilape
|-singleturn|p1b: Annihilape|Protect
|move|p2b: Garchomp|Dragon Claw|p1a: Pelipper
|-damage|p1a: Pelipper|0 fnt
|faint|p1a: Pelipper
|move|p2a: Weezing|Strange Steam|p1b: Annihilape
|-activate|p1b: Annihilape|move: Protect
|
|-damage|p1b: Annihilape|7/100 brn|[from] brn
|upkeep
|
|t:|1756115727
|switch|p1a: Archaludon|Archaludon, L50, M|100/100
|turn|7
|
|t:|1756115743
|move|p2b: Garchomp|Protect|p2b: Garchomp
|-singleturn|p2b: Garchomp|Protect
|move|p2a: Weezing|Will-O-Wisp|p1a: Archaludon
|-status|p1a: Archaludon|brn
|move|p1b: Annihilape|Rage Fist|p2a: Weezing
|-damage|p2a: Weezing|9/100
|-enditem|p2a: Weezing|Sitrus Berry|[eat]
|-heal|p2a: Weezing|34/100|[from] item: Sitrus Berry
|move|p1a: Archaludon|Flash Cannon|p2b: Garchomp
|-activate|p2b: Garchomp|move: Protect
|
|-damage|p1b: Annihilape|1/100 brn|[from] brn
|-damage|p1a: Archaludon|94/100 brn|[from] brn
|-sideend|p2: Gyaradostyranitar|move: Tailwind
|upkeep
|turn|8
|inactive|chikovgc has 30 seconds left.
|
|t:|1756115771
|-terastallize|p1a: Archaludon|Grass
|move|p2b: Garchomp|Earthquake|p1b: Annihilape|[spread] p2a,p1a,p1b
|-supereffective|p2a: Weezing
|-resisted|p1a: Archaludon
|-damage|p2a: Weezing|0 fnt
|-damage|p1a: Archaludon|69/100 brn
|-damage|p1b: Annihilape|0 fnt
|faint|p2a: Weezing
|-end|p2a: Weezing|ability: Neutralizing Gas
|faint|p1b: Annihilape
|move|p1a: Archaludon|Flash Cannon|p2b: Garchomp
|-damage|p2b: Garchomp|0 fnt
|faint|p2b: Garchomp
|
|-damage|p1a: Archaludon|62/100 brn|[from] brn
|upkeep
|
|t:|1756115776
|switch|p2b: Slaking|Slaking, L50, F|100/100
|turn|9
|c|☆Gyaradostyranitar|gg
|
|t:|1756115785
|move|p2b: Slaking|Double-Edge|p1a: Archaludon
|-damage|p1a: Archaludon|0 fnt
|faint|p1a: Archaludon
|-damage|p2b: Slaking|83/100|[from] Recoil
|-damage|p2b: Slaking|74/100|[from] item: Life Orb
|
|win|Gyaradostyranitar
|raw|chikovgc's rating: 1341 → 1316(-25 for losing)
|raw|Gyaradostyranitar's rating: 1254 → 1285(+31 for winning)
|l|☆chikovgc
|player|p1|
