|j|☆josius111
|j|☆GS Barnabe
|html|josius111GS Barnabe    
|uhtml|bestof|Game 2 of a best-of-3
|t:|1785697472
|gametype|doubles
|player|p1|josius111|169|1033
|player|p2|GS Barnabe|barry|1179
|gen|9
|tier|[Gen 9 Champions] VGC 2026 Reg M-B (Bo3)
|rated|
|rule|Species Clause: Limit one of each Pokémon
|rule|Item Clause: Limit 1 of each item
|clearpoke
|poke|p1|Typhlosion-Hisui, L50, F|
|poke|p1|Sneasler, L50, F|
|poke|p1|Tsareena, L50, F|
|poke|p1|Aerodactyl, L50, F|
|poke|p1|Blastoise, L50, M|
|poke|p1|Excadrill, L50, F|
|poke|p2|Clefable, L50, M|
|poke|p2|Tyranitar, L50, F|
|poke|p2|Garchomp, L50, F|
|poke|p2|Gholdengo, L50|
|poke|p2|Rotom-Wash, L50|
|poke|p2|Aerodactyl, L50, M|
|teampreview|4
|showteam|p1|Typhlosion-Hisui||ChoiceScarf|Frisk|HeatWave,ShadowBall,Overheat,Eruption|Timid||F|||50|]Sneasler||WhiteHerb|Unburden|Coaching,CloseCombat,FakeOut,DireClaw|Adamant||F|||50|]Tsareena||MiracleSeed|QueenlyMajesty|Protect,TropKick,LowKick,TripleAxel|Adamant||F|||50|]Aerodactyl||FocusSash|Unnerve|Protect,RockSlide,Tailwind,DualWingbeat|Jolly||F|||50|]Blastoise||Blastoisinite|RainDish|Protect,DarkPulse,WaterSpout,AuraSphere|Modest||M|||50|]Excadrill||Excadrite|MoldBreaker|Protect,IronHead,RockSlide,HighHorsepower|Jolly||F|||50|
|showteam|p2|Clefable||SitrusBerry|Unaware|Moonblast,HelpingHand,FollowMe,Protect|Bold||M|||50|]Tyranitar||ChoiceScarf|SandStream|RockSlide,KnockOff,IcePunch,Superpower|Jolly||F|||50|]Garchomp||Garchompite|SandVeil|DracoMeteor,EarthPower,PowerGem,Protect|Modest||F|||50|]Gholdengo||LifeOrb|GoodasGold|MakeItRain,ShadowBall,NastyPlot,Protect|Modest|||||50|]Rotom-Wash||Leftovers|Levitate|HydroPump,VoltSwitch,WillOWisp,Protect|Calm|||||50|]Aerodactyl||Aerodactylite|RockHead|RockSlide,DualWingbeat,Tailwind,Protect|Jolly||M|||50|
|
|t:|1785697520
|teamsize|p1|4
|teamsize|p2|4
|start
|switch|p1a: Aerodactyl|Aerodactyl, L50, F|100/100
|switch|p1b: Sneasler|Sneasler, L50, F|100/100
|switch|p2a: Garchomp|Garchomp, L50, F|100/100
|switch|p2b: Rotom|Rotom-Wash, L50|100/100
|-ability|p1a: Aerodactyl|Unnerve
|turn|1
|
|t:|1785697539
|detailschange|p2a: Garchomp|Garchomp-Mega, L50, F
|-mega|p2a: Garchomp|Garchomp|Garchompite
|move|p1b: Sneasler|Fake Out|p2b: Rotom
|-damage|p2b: Rotom|82/100
|move|p1a: Aerodactyl|Tailwind|p1a: Aerodactyl
|-sidestart|p1: josius111|move: Tailwind
|move|p2a: Garchomp|Earth Power|p1b: Sneasler
|-supereffective|p1b: Sneasler|1
|-damage|p1b: Sneasler|0 fnt
|faint|p1b: Sneasler
|cant|p2b: Rotom|flinch
|
|-heal|p2b: Rotom|87/100|[from] item: Leftovers
|upkeep
|
|t:|1785697548
|switch|p1b: Tsareena|Tsareena, L50, F|100/100
|turn|2
|
|t:|1785697575
|switch|p2a: Gholdengo|Gholdengo, L50|100/100
|move|p1a: Aerodactyl|Protect|p1a: Aerodactyl
|-singleturn|p1a: Aerodactyl|Protect
|move|p1b: Tsareena|Trop Kick|p2b: Rotom
|-supereffective|p2b: Rotom|1
|-damage|p2b: Rotom|0 fnt
|faint|p2b: Rotom
|
|upkeep
|
|t:|1785697591
|switch|p2b: Tyranitar|Tyranitar, L50, F|100/100
|-weather|Sandstorm|[from] ability: Sand Stream|[of] p2b: Tyranitar
|turn|3
|
|t:|1785697614
|move|p1a: Aerodactyl|Rock Slide|p2a: Gholdengo|[spread] p2a,p2b
|-resisted|p2a: Gholdengo|1
|-damage|p2a: Gholdengo|89/100
|-damage|p2b: Tyranitar|76/100
|move|p2b: Tyranitar|Rock Slide|p1a: Aerodactyl|[spread] p1a,p1b
|-supereffective|p1a: Aerodactyl|1
|-enditem|p1a: Aerodactyl|Focus Sash
|-damage|p1a: Aerodactyl|1/100
|-damage|p1b: Tsareena|67/100
|cant|p1b: Tsareena|flinch
|move|p2a: Gholdengo|Make It Rain|p1a: Aerodactyl|[spread] p1a,p1b
|-supereffective|p1a: Aerodactyl|1
|-damage|p1a: Aerodactyl|0 fnt
|-damage|p1b: Tsareena|13/100
|-unboost|p2a: Gholdengo|spa|2
|faint|p1a: Aerodactyl
|-damage|p2a: Gholdengo|80/100|[from] item: Life Orb
|
|-weather|Sandstorm|[upkeep]
|-damage|p1b: Tsareena|7/100|[from] Sandstorm
|upkeep
|
|t:|1785697626
|switch|p1a: Excadrill|Excadrill, L50, F|100/100
|-ability|p1a: Excadrill|Mold Breaker
|turn|4
|
|t:|1785697656
|detailschange|p1a: Excadrill|Excadrill-Mega, L50, F
|-mega|p1a: Excadrill|Excadrill|Excadrite
|move|p1a: Excadrill|High Horsepower|p2a: Gholdengo
|-supereffective|p2a: Gholdengo|1
|-damage|p2a: Gholdengo|0 fnt
|faint|p2a: Gholdengo
|move|p2b: Tyranitar|Rock Slide|p1b: Tsareena|[spread] p1a,p1b
|-resisted|p1a: Excadrill|2
|-damage|p1a: Excadrill|92/100
|-damage|p1b: Tsareena|0 fnt
|faint|p1b: Tsareena
|
|-weather|Sandstorm|[upkeep]
|-sideend|p1: josius111|move: Tailwind
|upkeep
|
|t:|1785697667
|switch|p2a: Garchomp|Garchomp-Mega, L50, F|100/100
|turn|5
|
|t:|1785697674
|move|p2b: Tyranitar|Rock Slide|p1a: Excadrill
|-resisted|p1a: Excadrill|2
|-damage|p1a: Excadrill|83/100
|move|p1a: Excadrill|Iron Head|p2b: Tyranitar
|-supereffective|p2b: Tyranitar|1
|-damage|p2b: Tyranitar|0 fnt
|faint|p2b: Tyranitar
|move|p2a: Garchomp|Earth Power|p1a: Excadrill
|-supereffective|p1a: Excadrill|1
|-damage|p1a: Excadrill|0 fnt
|faint|p1a: Excadrill
|
|win|GS Barnabe
|l|☆josius111
|player|p1|
|inactive|josius111 has 30 seconds to confirm battle start!
|inactive|GS Barnabe has 30 seconds to confirm battle start!
||josius111 is ready for game 3.
