|j|☆R1xohbilbao
|j|☆M4rcos315
|html|R1xohbilbaoM4rcos315    
|uhtml|bestof|Game 1 of a best-of-3
|t:|1756996346
|gametype|doubles
|player|p1|R1xohbilbao|ltsurge|
|player|p2|M4rcos315|colress|
|gen|9
|tier|[Gen 9] VGC 2025 Reg H (Bo3)
|rule|Species Clause: Limit one of each Pokémon
|rule|Item Clause: Limit 1 of each item
|clearpoke
|poke|p1|Talonflame, L50, F|
|poke|p1|Garchomp, L50, M|
|poke|p1|Ninetales-Alola, L50, F|
|poke|p1|Sneasler, L50, F|
|poke|p1|Kingambit, L50, M|
|poke|p1|Electabuzz, L50, M|
|poke|p2|Rillaboom, L50, F|
|poke|p2|Dragonite, L50, F|
|poke|p2|Sneasler, L50, F|
|poke|p2|Kingambit, L50, M|
|poke|p2|Electabuzz, L50, F|
|poke|p2|Volcarona, L50, F|
|teampreview|4
|showteam|p1|Talonflame||CovertCloak|GaleWings|BraveBird,Tailwind,WillOWisp,Taunt|||F|||50|,,,,,Ghost]Garchomp||LifeOrb|RoughSkin|Earthquake,DragonClaw,StompingTantrum,Protect|||M|||50|,,,,,Steel]Ninetales-Alola||SafetyGoggles|SnowWarning|Blizzard,FreezeDry,Encore,Protect|||F|||50|,,,,,Fire]Sneasler||FocusSash|Unburden|FakeOut,CloseCombat,DireClaw,Protect|||F|||50|,,,,,Stellar]Kingambit||BlackGlasses|Defiant|SuckerPunch,KowtowCleave,Protect,SwordsDance|||M|||50|,,,,,Dark]Electabuzz||Eviolite|VitalSpirit|Protect,FollowMe,Electroweb,VoltSwitch|||M|||50|,,,,,Ghost
|showteam|p2|Rillaboom||AssaultVest|GrassySurge|FakeOut,HighHorsepower,WoodHammer,GrassyGlide|||F|||50|,,,,,Fire]Dragonite||LoadedDice|Multiscale|Haze,ScaleShot,Protect,Tailwind|||F|||50|,,,,,Fairy]Sneasler||FocusSash|PoisonTouch|DireClaw,CloseCombat,FakeOut,Coaching|||F|||50|,,,,,Stellar]Kingambit||BlackGlasses|Defiant|KowtowCleave,SuckerPunch,SwordsDance,Protect|||M|||50|,,,,,Dark]Electabuzz||Eviolite|VitalSpirit|Thunderbolt,Taunt,FollowMe,Protect|||F|||50|,,,,,Dragon]Volcarona||CovertCloak|FlameBody|HeatWave,TeraBlast,QuiverDance,Protect|||F|||50|,,,,,Fairy
|c|☆R1xohbilbao|suerte :)
|inactive|Battle timer is ON: inactive players will automatically lose when time's up. (requested by M4rcos315)
|c|☆M4rcos315|igualmente :D
|inactive|R1xohbilbao has 60 seconds left.
|inactive|M4rcos315 has 60 seconds left.
|
|t:|1756996413
|teamsize|p1|4
|teamsize|p2|4
|start
|switch|p1a: Talonflame|Talonflame, L50, F|100/100
|switch|p1b: Ninetales|Ninetales-Alola, L50, F|100/100
|switch|p2a: Brr PataPim|Rillaboom, L50, F|100/100
|switch|p2b: Elextasis|Electabuzz, L50, F|100/100
|-weather|Snowscape|[from] ability: Snow Warning|[of] p1b: Ninetales
|-fieldstart|move: Grassy Terrain|[from] ability: Grassy Surge|[of] p2a: Brr PataPim
|turn|1
|
|t:|1756996437
|move|p2a: Brr PataPim|Fake Out|p1b: Ninetales
|-damage|p1b: Ninetales|87/100
|move|p2b: Elextasis|Follow Me|p2b: Elextasis
|-singleturn|p2b: Elextasis|move: Follow Me
|move|p1a: Talonflame|Will-O-Wisp|p2b: Elextasis
|-status|p2b: Elextasis|brn
|cant|p1b: Ninetales|flinch
|
|-weather|Snowscape|[upkeep]
|-heal|p1b: Ninetales|93/100|[from] Grassy Terrain
|-damage|p2b: Elextasis|95/100 brn|[from] brn
|upkeep
|turn|2
|inactive|M4rcos315 has 30 seconds left.
|
|t:|1756996470
|switch|p2a: VolcaTula|Volcarona, L50, F|100/100
|move|p1a: Talonflame|Taunt|p2b: Elextasis
|-start|p2b: Elextasis|move: Taunt
|move|p1b: Ninetales|Blizzard|p2b: Elextasis|[spread] p2a,p2b
|-resisted|p2a: VolcaTula
|-damage|p2a: VolcaTula|88/100
|-damage|p2b: Elextasis|72/100 brn
|move|p2b: Elextasis|Thunderbolt|p1a: Talonflame
|-supereffective|p1a: Talonflame
|-damage|p1a: Talonflame|14/100
|
|-weather|Snowscape|[upkeep]
|-heal|p1b: Ninetales|99/100|[from] Grassy Terrain
|-heal|p2b: Elextasis|77/100 brn|[from] Grassy Terrain
|-heal|p2a: VolcaTula|94/100|[from] Grassy Terrain
|-damage|p2b: Elextasis|72/100 brn|[from] brn
|upkeep
|turn|3
|inactive|R1xohbilbao has 30 seconds left.
|inactive|M4rcos315 has 30 seconds left.
|inactive|R1xohbilbao has 20 seconds left.
|inactive|M4rcos315 has 20 seconds left.
|
|t:|1756996505
|move|p1a: Talonflame|Tailwind|p1a: Talonflame
|-sidestart|p1: R1xohbilbao|move: Tailwind
|move|p1b: Ninetales|Blizzard|p2a: VolcaTula|[spread] p2a,p2b
|-resisted|p2a: VolcaTula
|-damage|p2a: VolcaTula|81/100
|-damage|p2b: Elextasis|48/100 brn
|move|p2b: Elextasis|Thunderbolt|p1b: Ninetales
|-damage|p1b: Ninetales|67/100
|move|p2a: VolcaTula|Quiver Dance|p2a: VolcaTula
|-boost|p2a: VolcaTula|spa|1
|-boost|p2a: VolcaTula|spd|1
|-boost|p2a: VolcaTula|spe|1
|
|-weather|Snowscape|[upkeep]
|-heal|p1b: Ninetales|73/100|[from] Grassy Terrain
|-heal|p2a: VolcaTula|87/100|[from] Grassy Terrain
|-heal|p2b: Elextasis|54/100 brn|[from] Grassy Terrain
|-damage|p2b: Elextasis|48/100 brn|[from] brn
|upkeep
|turn|4
|inactive|R1xohbilbao has 30 seconds left.
|
|t:|1756996532
|switch|p1a: Sneasler|Sneasler, L50, F|100/100
|move|p1b: Ninetales|Encore|p2a: VolcaTula
|-start|p2a: VolcaTula|Encore
|move|p2a: VolcaTula|Quiver Dance|p2a: VolcaTula
|-boost|p2a: VolcaTula|spa|1
|-boost|p2a: VolcaTula|spd|1
|-boost|p2a: VolcaTula|spe|1
|move|p2b: Elextasis|Thunderbolt|p1a: Sneasler
|-damage|p1a: Sneasler|60/100
|
|-weather|Snowscape|[upkeep]
|-heal|p1a: Sneasler|66/100|[from] Grassy Terrain
|-heal|p1b: Ninetales|78/100|[from] Grassy Terrain
|-heal|p2a: VolcaTula|93/100|[from] Grassy Terrain
|-heal|p2b: Elextasis|54/100 brn|[from] Grassy Terrain
|-damage|p2b: Elextasis|48/100 brn|[from] brn
|-end|p2b: Elextasis|move: Taunt
|upkeep
|turn|5
|
|t:|1756996557
|-terastallize|p2a: VolcaTula|Fairy
|move|p2b: Elextasis|Follow Me|p2b: Elextasis
|-singleturn|p2b: Elextasis|move: Follow Me
|move|p1a: Sneasler|Dire Claw|p2b: Elextasis
|-damage|p2b: Elextasis|18/100 brn
|move|p1b: Ninetales|Blizzard|p2a: VolcaTula|[spread] p2a,p2b
|-damage|p2a: VolcaTula|79/100
|-damage|p2b: Elextasis|0 fnt
|faint|p2b: Elextasis
|move|p2a: VolcaTula|Quiver Dance|p2a: VolcaTula
|-boost|p2a: VolcaTula|spa|1
|-boost|p2a: VolcaTula|spd|1
|-boost|p2a: VolcaTula|spe|1
|
|-weather|none
|-heal|p1a: Sneasler|72/100|[from] Grassy Terrain
|-heal|p1b: Ninetales|84/100|[from] Grassy Terrain
|-heal|p2a: VolcaTula|85/100|[from] Grassy Terrain
|-fieldend|move: Grassy Terrain
|upkeep
|
|t:|1756996572
|switch|p2b: ElvaGin|Sneasler, L50, F|100/100
|turn|6
|inactive|R1xohbilbao has 30 seconds left.
|inactive|R1xohbilbao has 20 seconds left.
|inactive|R1xohbilbao has 15 seconds left.
|
|t:|1756996613
|switch|p1a: Talonflame|Talonflame, L50, F|14/100
|move|p2b: ElvaGin|Fake Out|p1a: Talonflame
|-damage|p1a: Talonflame|0 fnt
|faint|p1a: Talonflame
|move|p1b: Ninetales|Encore|p2b: ElvaGin
|-start|p2b: ElvaGin|Encore
|move|p2a: VolcaTula|Quiver Dance|p2a: VolcaTula
|-boost|p2a: VolcaTula|spa|1
|-boost|p2a: VolcaTula|spd|1
|-boost|p2a: VolcaTula|spe|1
|
|-end|p2a: VolcaTula|Encore
|-sideend|p1: R1xohbilbao|move: Tailwind
|upkeep
|
|t:|1756996618
|switch|p1a: Sneasler|Sneasler, L50, F|72/100
|turn|7
|inactive|M4rcos315 has 30 seconds left.
|
|t:|1756996644
|switch|p2b: Brr PataPim|Rillaboom, L50, F|100/100
|-fieldstart|move: Grassy Terrain|[from] ability: Grassy Surge|[of] p2b: Brr PataPim
|switch|p1b: Kingambit|Kingambit, L50, M|100/100
|move|p1a: Sneasler|Fake Out|p2a: VolcaTula
|-damage|p2a: VolcaTula|72/100
|move|p2a: VolcaTula|Tera Blast|p1a: Sneasler|[anim] Tera Blast Fairy
|-damage|p1a: Sneasler|0 fnt
|faint|p1a: Sneasler
|
|-heal|p2a: VolcaTula|77/100|[from] Grassy Terrain
|upkeep
|
|t:|1756996653
|switch|p1a: Ninetales|Ninetales-Alola, L50, F|84/100
|-weather|Snowscape|[from] ability: Snow Warning|[of] p1a: Ninetales
|turn|8
|
|t:|1756996669
|move|p1b: Kingambit|Protect|p1b: Kingambit
|-singleturn|p1b: Kingambit|Protect
|move|p2b: Brr PataPim|Fake Out|p1b: Kingambit
|-activate|p1b: Kingambit|move: Protect
|move|p2a: VolcaTula|Heat Wave|p1b: Kingambit|[spread] p1a
|-activate|p1b: Kingambit|move: Protect
|-supereffective|p1a: Ninetales
|-damage|p1a: Ninetales|0 fnt
|faint|p1a: Ninetales
|
|-weather|Snowscape|[upkeep]
|-heal|p2a: VolcaTula|83/100|[from] Grassy Terrain
|upkeep
|turn|9
|-message|R1xohbilbao forfeited.
|
|win|M4rcos315
|l|☆R1xohbilbao
|player|p1|
||R1xohbilbao is ready for game 2.
|inactive|M4rcos315 has 29 seconds to confirm battle start!
||M4rcos315 is ready for game 2.
|uhtml|next|Next: Game 2 of 3
|j|☆R1xohbilbao
|player|p1|R1xohbilbao|ltsurge|
|l|☆M4rcos315
|player|p2|
