|j|☆BigMamaGaming
|j|☆neuesspielzeug
|html|BigMamaGamingneuesspielzeug    
|uhtml|bestof|Game 2 of a best-of-3
|t:|1782503921
|gametype|doubles
|player|p1|BigMamaGaming|acetrainerf-gen4dp|1062
|player|p2|neuesspielzeug|265|1000
|gen|9
|tier|[Gen 9 Champions] VGC 2026 Reg M-B (Bo3)
|rated|
|rule|Species Clause: Limit one of each Pokémon
|rule|Item Clause: Limit 1 of each item
|clearpoke
|poke|p1|Mimikyu, L50, F|
|poke|p1|Dragonite, L50, F|
|poke|p1|Basculegion, L50, M|
|poke|p1|Garchomp, L50, M|
|poke|p1|Torkoal, L50, M|
|poke|p1|Sylveon, L50, M|
|poke|p2|Mawile, L50, M|
|poke|p2|Ninetales-Alola, L50, M|
|poke|p2|Manectric, L50, F|
|poke|p2|Hydreigon, L50, M|
|poke|p2|Garchomp, L50, M|
|poke|p2|Rotom-Wash, L50|
|teampreview|4
|showteam|p1|Mimikyu||MentalHerb|Disguise|TrickRoom,PlayRough,ShadowSneak,Protect|Adamant||F|||50|]Dragonite||Dragoninite|Multiscale|Protect,Hurricane,DracoMeteor,DragonPulse|Modest||F|||50|]Basculegion||ChoiceScarf|Adaptability|LastRespects,Protect,WaveCrash,Liquidation|Adamant||M|||50|]Garchomp||Garchompite|RoughSkin|Earthquake,RockSlide,Protect,DragonClaw|Adamant||M|||50|]Torkoal||Charcoal|Drought|Protect,WeatherBall,HeatWave,HelpingHand|Bold||M|||50|]Sylveon||FairyFeather|Pixilate|HyperVoice,Detect,QuickAttack,HyperBeam|Sassy||M|||50|
|showteam|p2|Mawile||Mawilite|Intimidate|PlayRough,IronHead,SuckerPunch,Protect|Adamant||M|||50|]Ninetales-Alola||ChoiceScarf|SnowCloak|Blizzard,FreezeDry,Moonblast,Psyshock|Modest||M|||50|]Manectric||Manectite|LightningRod|Snarl,VoltSwitch,Protect,Flamethrower|Timid||F|||50|]Hydreigon||FocusSash|Levitate|DracoMeteor,Protect,Taunt,DarkPulse|Timid||M|||50|]Garchomp||LifeOrb|RoughSkin|DragonClaw,Protect,RockSlide,Earthquake|Adamant||M|||50|]Rotom-Wash||SitrusBerry|Levitate|WillOWisp,Thunderbolt,HydroPump,Protect|Modest|||||50|
|inactive|Battle timer is ON: inactive players will automatically lose when time's up. (requested by BigMamaGaming)
|
|t:|1782503962
|teamsize|p1|4
|teamsize|p2|4
|start
|switch|p1a: Mimikyu|Mimikyu, L50, F|100/100
|switch|p1b: Sylveon|Sylveon, L50, M|100/100
|switch|p2a: Manectric|Manectric, L50, F|100/100
|switch|p2b: Ninetales|Ninetales-Alola, L50, M|100/100
|turn|1
|
|t:|1782503979
|detailschange|p2a: Manectric|Manectric-Mega, L50, F
|-mega|p2a: Manectric|Manectric|Manectite
|-ability|p2a: Manectric|Intimidate|boost
|-unboost|p1a: Mimikyu|atk|1
|-unboost|p1b: Sylveon|atk|1
|move|p1b: Sylveon|Detect|p1b: Sylveon
|-singleturn|p1b: Sylveon|Protect
|move|p2b: Ninetales|Blizzard|p1b: Sylveon|[spread] p1a
|-activate|p1b: Sylveon|move: Protect
|-activate|p1a: Mimikyu|ability: Disguise
|-damage|p1a: Mimikyu|100/100
|detailschange|p1a: Mimikyu|Mimikyu-Busted, L50, F
|-damage|p1a: Mimikyu|87/100|[from] pokemon: Mimikyu-Busted
|move|p2a: Manectric|Snarl|p1b: Sylveon|[spread] p1a
|-activate|p1b: Sylveon|move: Protect
|-damage|p1a: Mimikyu|73/100
|-unboost|p1a: Mimikyu|spa|1
|move|p1a: Mimikyu|Trick Room|p1a: Mimikyu
|-fieldstart|move: Trick Room|[of] p1a: Mimikyu
|
|upkeep
|turn|2
|
|t:|1782504001
|move|p1b: Sylveon|Hyper Voice|p2a: Manectric|[spread] p2a,p2b
|-damage|p2a: Manectric|46/100
|-damage|p2b: Ninetales|53/100
|move|p1a: Mimikyu|Play Rough|p2b: Ninetales
|-damage|p2b: Ninetales|14/100
|move|p2a: Manectric|Snarl|p1b: Sylveon|[spread] p1a,p1b
|-resisted|p1b: Sylveon|1
|-damage|p1a: Mimikyu|59/100
|-damage|p1b: Sylveon|96/100
|-unboost|p1a: Mimikyu|spa|1
|-unboost|p1b: Sylveon|spa|1
|move|p2b: Ninetales|Blizzard|p1a: Mimikyu|[spread] p1a,p1b
|-damage|p1a: Mimikyu|24/100
|-damage|p1b: Sylveon|77/100
|
|upkeep
|turn|3
|
|t:|1782504024
|switch|p2b: Rotom|Rotom-Wash, L50|100/100
|move|p2a: Manectric|Protect|p2a: Manectric
|-singleturn|p2a: Manectric|Protect
|move|p1b: Sylveon|Hyper Beam|p2a: Manectric
|-activate|p2a: Manectric|move: Protect
|move|p1a: Mimikyu|Play Rough|p2b: Rotom
|-damage|p2b: Rotom|71/100
|
|upkeep
|turn|4
|
|t:|1782504043
|switch|p1a: Dragonite|Dragonite, L50, F|100/100
|move|p1b: Sylveon|Hyper Beam|p2a: Manectric
|-damage|p2a: Manectric|0 fnt
|-mustrecharge|p1b: Sylveon
|faint|p2a: Manectric
|move|p2b: Rotom|Thunderbolt|p1b: Sylveon
|-damage|p1b: Sylveon|56/100
|
|upkeep
|
|t:|1782504052
|switch|p2a: Hydreigon|Hydreigon, L50, M|100/100
|turn|5
|inactive|BigMamaGaming has 30 seconds left.
|
|t:|1782504081
|detailschange|p1a: Dragonite|Dragonite-Mega, L50, F
|-mega|p1a: Dragonite|Dragonite|Dragoninite
|cant|p1b: Sylveon|recharge
|move|p2b: Rotom|Thunderbolt|p1a: Dragonite
|-damage|p1a: Dragonite|85/100
|move|p1a: Dragonite|Draco Meteor|p2a: Hydreigon
|-supereffective|p2a: Hydreigon|1
|-enditem|p2a: Hydreigon|Focus Sash
|-damage|p2a: Hydreigon|1/100
|-unboost|p1a: Dragonite|spa|2
|move|p2a: Hydreigon|Draco Meteor|p1a: Dragonite|[miss]
|-miss|p2a: Hydreigon|p1a: Dragonite
|
|-fieldend|move: Trick Room
|upkeep
|turn|6
|
|t:|1782504103
|move|p2a: Hydreigon|Protect|p2a: Hydreigon
|-singleturn|p2a: Hydreigon|Protect
|move|p1a: Dragonite|Protect|p1a: Dragonite
|-singleturn|p1a: Dragonite|Protect
|move|p2b: Rotom|Will-O-Wisp|p1b: Sylveon
|-status|p1b: Sylveon|brn
|move|p1b: Sylveon|Hyper Voice|p2a: Hydreigon|[spread] p2b
|-activate|p2a: Hydreigon|move: Protect
|-damage|p2b: Rotom|49/100
|-enditem|p2b: Rotom|Sitrus Berry|[eat]
|-heal|p2b: Rotom|74/100|[from] item: Sitrus Berry
|
|-damage|p1b: Sylveon|50/100g brn|[from] brn
|upkeep
|turn|7
|
|t:|1782504120
|move|p2a: Hydreigon|Draco Meteor|p1a: Dragonite
|-supereffective|p1a: Dragonite|1
|-damage|p1a: Dragonite|0 fnt
|-unboost|p2a: Hydreigon|spa|2
|faint|p1a: Dragonite
|move|p2b: Rotom|Hydro Pump|p1b: Sylveon|[miss]
|-miss|p2b: Rotom|p1b: Sylveon
|move|p1b: Sylveon|Hyper Voice|p2b: Rotom|[spread] p2a,p2b
|-supereffective|p2a: Hydreigon|2
|-damage|p2a: Hydreigon|0 fnt
|-damage|p2b: Rotom|51/100
|faint|p2a: Hydreigon
|
|-damage|p1b: Sylveon|45/100 brn|[from] brn
|upkeep
|
|t:|1782504132
|switch|p2a: Ninetales|Ninetales-Alola, L50, M|14/100
|switch|p1a: Basculegion|Basculegion, L50, M|100/100
|turn|8
|
|t:|1782504143
|move|p1b: Sylveon|Quick Attack|p2a: Ninetales
|-damage|p2a: Ninetales|6/100
|move|p2a: Ninetales|Freeze-Dry|p1a: Basculegion
|-supereffective|p1a: Basculegion|1
|-damage|p1a: Basculegion|32/100
|move|p1a: Basculegion|Last Respects|p2b: Rotom
|-damage|p2b: Rotom|0 fnt
|faint|p2b: Rotom
|
|-damage|p1b: Sylveon|39/100 brn|[from] brn
|upkeep
|turn|9
|
|t:|1782504155
|move|p1b: Sylveon|Quick Attack|p2a: Ninetales
|-damage|p2a: Ninetales|0 fnt
|faint|p2a: Ninetales
|
|win|BigMamaGaming
