|j|☆stunfisk boi gang
|j|☆itina99
|html|stunfisk boi gangitina99    
|uhtml|bestof|Game 1 of a best-of-3
|t:|1756969520
|gametype|doubles
|player|p1|stunfisk boi gang|zinzolin|1177
|player|p2|itina99|170|1212
|gen|9
|tier|[Gen 9] VGC 2025 Reg H (Bo3)
|rated|
|rule|Species Clause: Limit one of each Pokémon
|rule|Item Clause: Limit 1 of each item
|clearpoke
|poke|p1|Annihilape, L50, M|
|poke|p1|Sinistcha-Masterpiece, L50|
|poke|p1|Grimmsnarl, L50, M|
|poke|p1|Maushold-Four, L50|
|poke|p1|Incineroar, L50, M|
|poke|p1|Raichu, L50, M|
|poke|p2|Sneasler, L50, M|
|poke|p2|Indeedee, L50, M|
|poke|p2|Volcarona, L50, F|
|poke|p2|Ursaluna-Bloodmoon, L50, M|
|poke|p2|Annihilape, L50, M|
|poke|p2|Tyranitar, L50, M|
|teampreview|4
|showteam|p1|Annihilape||Leftovers|Defiant|RageFist,DrainPunch,BulkUp,Protect|||M|||50|,,,,,Water]Sinistcha-Masterpiece||SitrusBerry|Hospitality|TrickRoom,RagePowder,LifeDew,MatchaGotcha||||||50|,,,,,Water]Grimmsnarl||LightClay|Prankster|LightScreen,Reflect,MistyTerrain,SpiritBreak|||M|||50|,,,,,Ghost]Maushold-Four||SafetyGoggles|FriendGuard|BeatUp,Protect,Taunt,FollowMe||||||50|,,,,,Ghost]Incineroar||AssaultVest|Intimidate|FlareBlitz,Uturn,FakeOut,KnockOff|||M|||50|,,,,,Ghost]Raichu||FocusSash|LightningRod|Electroweb,Endeavor,Protect,FakeOut|||M|||50|,,,,,Ghost
|showteam|p2|Sneasler||PsychicSeed|Unburden|CloseCombat,DireClaw,ThroatChop,Protect|||M|||50|,,,,,Dark]Indeedee||ChoiceScarf|PsychicSurge|ExpandingForce,TeraBlast,Trick,Protect|||M|||50|,,,,,Psychic]Volcarona||SitrusBerry|FlameBody|Overheat,StruggleBug,RagePowder,Tailwind|||F|||50|,,,,,Grass]Ursaluna-Bloodmoon||LifeOrb|MindsEye|BloodMoon,HyperVoice,EarthPower,Protect|||M|||50|,,,,,Normal]Annihilape||SafetyGoggles|Defiant|CloseCombat,RageFist,Taunt,FinalGambit|||M|||50|,,,,,Fairy]Tyranitar||AssaultVest|SandStream|RockSlide,KnockOff,TeraBlast,LowKick|||M|||50|,,,,,Flying
|inactive|Battle timer is ON: inactive players will automatically lose when time's up. (requested by itina99)
|inactive|itina99 has 60 seconds left.
|
|t:|1756969592
|teamsize|p1|4
|teamsize|p2|4
|start
|switch|p1a: Sinistcha|Sinistcha-Masterpiece, L50|100/100
|switch|p1b: Incineroar|Incineroar, L50, M|100/100
|switch|p2a: Indeedee|Indeedee, L50, M|100/100
|switch|p2b: Ursaluna|Ursaluna-Bloodmoon, L50, M|100/100
|-fieldstart|move: Psychic Terrain|[from] ability: Psychic Surge|[of] p2a: Indeedee
|-ability|p1b: Incineroar|Intimidate|boost
|-unboost|p2a: Indeedee|atk|1
|-unboost|p2b: Ursaluna|atk|1
|turn|1
|inactive|stunfisk boi gang has 30 seconds left.
|inactive|itina99 has 30 seconds left.
|inactive|stunfisk boi gang has 20 seconds left.
|inactive|stunfisk boi gang has 15 seconds left.
|inactive|stunfisk boi gang has 10 seconds left.
|
|t:|1756969640
|switch|p2a: Tyranitar|Tyranitar, L50, M|100/100
|-weather|Sandstorm|[from] ability: Sand Stream|[of] p2a: Tyranitar
|move|p2b: Ursaluna|Blood Moon|p1a: Sinistcha
|-damage|p1a: Sinistcha|2/100
|-enditem|p1a: Sinistcha|Sitrus Berry|[eat]
|-heal|p1a: Sinistcha|27/100|[from] item: Sitrus Berry
|-damage|p2b: Ursaluna|91/100|[from] item: Life Orb
|move|p1a: Sinistcha|Matcha Gotcha|p2b: Ursaluna|[spread] p2a,p2b
|-supereffective|p2a: Tyranitar
|-supereffective|p2b: Ursaluna
|-damage|p2a: Tyranitar|80/100
|-heal|p1a: Sinistcha|38/100|[from] drain|[of] p2a: Tyranitar
|-damage|p2b: Ursaluna|30/100
|-heal|p1a: Sinistcha|70/100|[from] drain|[of] p2b: Ursaluna
|move|p1b: Incineroar|U-turn|p2a: Tyranitar
|-supereffective|p2a: Tyranitar
|-damage|p2a: Tyranitar|38/100
|inactive|stunfisk boi gang has 30 seconds left.
|
|t:|1756969668
|switch|p1b: Annihilape|Annihilape, L50, M|100/100|[from] U-turn
|
|-weather|Sandstorm|[upkeep]
|-damage|p1b: Annihilape|95/100|[from] Sandstorm
|-damage|p1a: Sinistcha|64/100|[from] Sandstorm
|-heal|p1b: Annihilape|100/100|[from] item: Leftovers
|upkeep
|turn|2
|inactive|itina99 has 30 seconds left.
|
|t:|1756969695
|-terastallize|p2a: Tyranitar|Flying
|move|p1b: Annihilape|Bulk Up|p1b: Annihilape
|-boost|p1b: Annihilape|atk|1
|-boost|p1b: Annihilape|def|1
|move|p2a: Tyranitar|Tera Blast|p1b: Annihilape|[anim] Tera Blast Flying
|-supereffective|p1b: Annihilape
|-damage|p1b: Annihilape|42/100
|move|p2b: Ursaluna|Hyper Voice|p1b: Annihilape|[spread] p1a,p1b
|-damage|p1a: Sinistcha|20/100
|-damage|p1b: Annihilape|0 fnt
|faint|p1b: Annihilape
|-damage|p2b: Ursaluna|20/100|[from] item: Life Orb
|move|p1a: Sinistcha|Matcha Gotcha|p2b: Ursaluna|[spread] p2a,p2b
|-resisted|p2a: Tyranitar
|-supereffective|p2b: Ursaluna
|-damage|p2a: Tyranitar|30/100
|-heal|p1a: Sinistcha|24/100|[from] drain|[of] p2a: Tyranitar
|-damage|p2b: Ursaluna|0 fnt
|-heal|p1a: Sinistcha|35/100|[from] drain|[of] p2b: Ursaluna
|faint|p2b: Ursaluna
|
|-weather|Sandstorm|[upkeep]
|-damage|p2a: Tyranitar|25/100|[from] Sandstorm
|-damage|p1a: Sinistcha|29/100|[from] Sandstorm
|upkeep
|inactive|stunfisk boi gang has 30 seconds left.
|inactive|itina99 has 30 seconds left.
|
|t:|1756969724
|switch|p1b: Incineroar|Incineroar, L50, M|100/100
|switch|p2b: Sneasler|Sneasler, L50, M|100/100
|-ability|p1b: Incineroar|Intimidate|boost
|-unboost|p2a: Tyranitar|atk|1
|-unboost|p2b: Sneasler|atk|1
|-enditem|p2b: Sneasler|Psychic Seed
|-boost|p2b: Sneasler|spd|1|[from] item: Psychic Seed
|turn|3
|inactive|stunfisk boi gang has 30 seconds left.
|inactive|itina99 has 30 seconds left.
|
|t:|1756969759
|-terastallize|p1b: Incineroar|Ghost
|move|p2b: Sneasler|Throat Chop|p1a: Sinistcha
|-supereffective|p1a: Sinistcha
|-damage|p1a: Sinistcha|0 fnt
|faint|p1a: Sinistcha
|move|p2a: Tyranitar|Rock Slide|p1b: Incineroar
|-damage|p1b: Incineroar|70/100
|cant|p1b: Incineroar|flinch
|
|-weather|Sandstorm|[upkeep]
|-damage|p2b: Sneasler|95/100|[from] Sandstorm
|-damage|p2a: Tyranitar|19/100|[from] Sandstorm
|-damage|p1b: Incineroar|64/100|[from] Sandstorm
|upkeep
|
|t:|1756969773
|switch|p1a: Maushold|Maushold-Four, L50|100/100
|turn|4
|
|t:|1756969786
|move|p1a: Maushold|Follow Me|p1a: Maushold
|-singleturn|p1a: Maushold|move: Follow Me
|move|p2b: Sneasler|Throat Chop|p1a: Maushold
|-damage|p1a: Maushold|72/100
|-start|p1a: Maushold|Throat Chop|[silent]
|move|p2a: Tyranitar|Knock Off|p1a: Maushold
|-damage|p1a: Maushold|24/100
|-enditem|p1a: Maushold|Safety Goggles|[from] move: Knock Off|[of] p2a: Tyranitar
|move|p1b: Incineroar|Flare Blitz|p2b: Sneasler
|-damage|p2b: Sneasler|0 fnt
|faint|p2b: Sneasler
|-damage|p1b: Incineroar|40/100|[from] Recoil
|
|-weather|Sandstorm|[upkeep]
|-damage|p1a: Maushold|18/100|[from] Sandstorm
|-damage|p2a: Tyranitar|13/100|[from] Sandstorm
|-damage|p1b: Incineroar|34/100|[from] Sandstorm
|upkeep
|
|t:|1756969801
|switch|p2b: Indeedee|Indeedee, L50, M|100/100
|turn|5
|inactive|stunfisk boi gang has 30 seconds left.
|
|t:|1756969828
|move|p2b: Indeedee|Expanding Force|p1a: Maushold|[spread] p1a,p1b
|-damage|p1a: Maushold|0 fnt
|-damage|p1b: Incineroar|6/100
|faint|p1a: Maushold
|move|p2a: Tyranitar|Rock Slide|p1b: Incineroar
|-damage|p1b: Incineroar|0 fnt
|faint|p1b: Incineroar
|
|win|itina99
||itina99 is ready for game 2.
||stunfisk boi gang is ready for game 2.
|uhtml|next|Next: Game 2 of 3
|l|☆itina99
|player|p2|
