|j|☆LaraTheGamer
|j|☆AsianJezus
|html|LaraTheGamerAsianJezus    
|uhtml|bestof|Game 2 of a best-of-3
|t:|1783891697
|gametype|doubles
|player|p1|LaraTheGamer|marnie-masters3|1085
|player|p2|AsianJezus|giovanni|1124
|gen|9
|tier|[Gen 9 Champions] VGC 2026 Reg M-B (Bo3)
|rated|
|rule|Species Clause: Limit one of each Pokémon
|rule|Item Clause: Limit 1 of each item
|clearpoke
|poke|p1|Falinks, L50|
|poke|p1|Dragalge, L50, M|
|poke|p1|Aerodactyl, L50, F|
|poke|p1|Kingambit, L50, F|
|poke|p1|Farigiraf, L50, M|
|poke|p1|Sylveon, L50, M|
|poke|p2|Staraptor, L50, F|
|poke|p2|Houndstone, L50, M|
|poke|p2|Tyranitar, L50, M|
|poke|p2|Rotom-Wash, L50|
|poke|p2|Excadrill, L50, M|
|poke|p2|Venusaur, L50, F|
|teampreview|4
|showteam|p1|Falinks||Falinksite|Defiant|CloseCombat,SeedBomb,KnockOff,Protect|Adamant|||||50|]Dragalge||LifeOrb|Adaptability|DracoMeteor,SludgeBomb,FocusBlast,Protect|Modest||M|||50|]Aerodactyl||Aerodactylite|Unnerve|RockSlide,DualWingbeat,IceFang,Tailwind|Jolly||F|||50|]Kingambit||FocusSash|Defiant|KowtowCleave,IronHead,SuckerPunch,LowKick|Adamant||F|||50|]Farigiraf||SitrusBerry|ArmorTail|Psychic,TrickRoom,HelpingHand,Protect|Bold||M|||50|]Sylveon||FairyFeather|Pixilate|HyperVoice,HyperBeam,QuickAttack,Detect|Modest||M|||50|
|showteam|p2|Staraptor||Staraptite|Intimidate|BraveBird,CloseCombat,Tailwind,Protect|Jolly||F|||50|]Houndstone||SitrusBerry|SandRush|LastRespects,WillOWisp,AllySwitch,Protect|Adamant||M|||50|]Tyranitar||ChoiceScarf|SandStream|RockSlide,KnockOff,IcePunch,LowKick|Jolly||M|||50|]Rotom-Wash||Magnet|Levitate|HydroPump,Thunderbolt,VoltSwitch,Protect|Modest|||||50|]Excadrill||FocusSash|SandRush|Earthquake,IronHead,RockSlide,Protect|Adamant||M|||50|]Venusaur||Venusaurite|Chlorophyll|SludgeBomb,EarthPower,SleepPowder,Protect|Modest||F|||50|
|
|t:|1783891763
|teamsize|p1|4
|teamsize|p2|4
|start
|switch|p1a: Falinks|Falinks, L50|100/100
|switch|p1b: Kingambit|Kingambit, L50, F|100/100
|switch|p2a: Staraptor|Staraptor, L50, F|100/100
|switch|p2b: Excadrill|Excadrill, L50, M|100/100
|-ability|p2a: Staraptor|Intimidate|boost
|-unboost|p1a: Falinks|atk|1
|-ability|p1a: Falinks|Defiant|boost
|-boost|p1a: Falinks|atk|2
|-unboost|p1b: Kingambit|atk|1
|-ability|p1b: Kingambit|Defiant|boost
|-boost|p1b: Kingambit|atk|2
|turn|1
|inactive|Battle timer is ON: inactive players will automatically lose when time's up. (requested by AsianJezus)
|
|t:|1783891847
|detailschange|p2a: Staraptor|Staraptor-Mega, L50, F
|-mega|p2a: Staraptor|Staraptor|Staraptite
|detailschange|p1a: Falinks|Falinks-Mega, L50
|-mega|p1a: Falinks|Falinks|Falinksite
|move|p2a: Staraptor|Tailwind|p2a: Staraptor
|-sidestart|p2: AsianJezus|move: Tailwind
|move|p2b: Excadrill|Earthquake|p1b: Kingambit|[spread] p1a,p1b
|-immune|p2a: Staraptor
|-supereffective|p1b: Kingambit|1
|-damage|p1a: Falinks|65/100
|-damage|p1b: Kingambit|24/100
|move|p1a: Falinks|Knock Off|p2b: Excadrill
|-damage|p2b: Excadrill|19/100
|-enditem|p2b: Excadrill|Focus Sash|[from] move: Knock Off|[of] p1a: Falinks
|move|p1b: Kingambit|Iron Head|p2a: Staraptor
|-damage|p2a: Staraptor|37/100
|
|upkeep
|turn|2
|inactive|LaraTheGamer has 30 seconds left.
|inactive|AsianJezus has 30 seconds left.
|inactive|LaraTheGamer has 20 seconds left.
|inactive|LaraTheGamer has 15 seconds left.
|inactive|LaraTheGamer has 10 seconds left.
|
|t:|1783891894
|move|p1a: Falinks|Protect|p1a: Falinks
|-singleturn|p1a: Falinks|Protect
|move|p1b: Kingambit|Sucker Punch|p2a: Staraptor
|-resisted|p2a: Staraptor|1
|-damage|p2a: Staraptor|8/100
|move|p2a: Staraptor|Brave Bird|p1a: Falinks
|-activate|p1a: Falinks|move: Protect
|move|p2b: Excadrill|Earthquake|p1a: Falinks|[spread] p1b
|-activate|p1a: Falinks|move: Protect
|-immune|p2a: Staraptor
|-supereffective|p1b: Kingambit|1
|-damage|p1b: Kingambit|0 fnt
|faint|p1b: Kingambit
|
|upkeep
|l|☆AsianJezus
|inactive|AsianJezus disconnected and has a minute to reconnect!
|player|p2|
|
|t:|1783891913
|switch|p1b: Farigiraf|Farigiraf, L50, M|100/100
|turn|3
|inactive|LaraTheGamer has 30 seconds left.
|inactive|AsianJezus has 30 seconds left.
|inactive|LaraTheGamer has 20 seconds left.
|inactive|AsianJezus has 20 seconds left.
|j|☆AsianJezus
|inactive|AsianJezus reconnected and has 20 seconds left.
|player|p2|AsianJezus|giovanni|
|inactive|LaraTheGamer has 15 seconds left.
|inactive|AsianJezus has 15 seconds left.
|inactive|AsianJezus has 10 seconds left.
|inactive|AsianJezus has 5 seconds left.
|
|t:|1783891964
|move|p2a: Staraptor|Brave Bird|p1a: Falinks
|-supereffective|p1a: Falinks|1
|-damage|p1a: Falinks|0 fnt
|faint|p1a: Falinks
|-damage|p2a: Staraptor|0 fnt|[from] Recoil
|faint|p2a: Staraptor
|move|p2b: Excadrill|Earthquake|p1b: Farigiraf
|-damage|p1b: Farigiraf|52/100
|move|p1b: Farigiraf|Trick Room|p1b: Farigiraf
|-fieldstart|move: Trick Room|[of] p1b: Farigiraf
|
|upkeep
|
|t:|1783891985
|switch|p1a: Dragalge|Dragalge, L50, M|100/100
|switch|p2a: Rotom|Rotom-Wash, L50|100/100
|turn|4
|inactive|LaraTheGamer has 30 seconds left.
|
|t:|1783892014
|move|p2b: Excadrill|Protect|p2b: Excadrill
|-singleturn|p2b: Excadrill|Protect
|move|p1a: Dragalge|Sludge Bomb|p2a: Rotom
|-damage|p2a: Rotom|14/100
|-damage|p1a: Dragalge|90/100|[from] item: Life Orb
|move|p1b: Farigiraf|Psychic|p2b: Excadrill
|-activate|p2b: Excadrill|move: Protect
|move|p2a: Rotom|Hydro Pump|p1b: Farigiraf
|-damage|p1b: Farigiraf|6/100
|-enditem|p1b: Farigiraf|Sitrus Berry|[eat]
|-heal|p1b: Farigiraf|31/100|[from] item: Sitrus Berry
|
|-sideend|p2: AsianJezus|move: Tailwind
|upkeep
|turn|5
|inactive|AsianJezus has 30 seconds left.
|inactive|AsianJezus has 20 seconds left.
|
|t:|1783892049
|move|p2a: Rotom|Protect|p2a: Rotom
|-singleturn|p2a: Rotom|Protect
|move|p1a: Dragalge|Sludge Bomb|p2a: Rotom
|-activate|p2a: Rotom|move: Protect
|move|p1b: Farigiraf|Psychic|p2b: Excadrill
|-resisted|p2b: Excadrill|1
|-damage|p2b: Excadrill|0 fnt
|faint|p2b: Excadrill
|
|upkeep
|
|t:|1783892058
|switch|p2b: Tyranitar|Tyranitar, L50, M|100/100
|-weather|Sandstorm|[from] ability: Sand Stream|[of] p2b: Tyranitar
|turn|6
|inactive|AsianJezus has 30 seconds left.
|inactive|AsianJezus has 20 seconds left.
|
|t:|1783892093
|move|p1a: Dragalge|Focus Blast|p2b: Tyranitar
|-supereffective|p2b: Tyranitar|2
|-damage|p2b: Tyranitar|0 fnt
|faint|p2b: Tyranitar
|-damage|p1a: Dragalge|81/100|[from] item: Life Orb
|move|p1b: Farigiraf|Psychic|p2a: Rotom
|-damage|p2a: Rotom|0 fnt
|faint|p2a: Rotom
|
|win|LaraTheGamer
|raw|LaraTheGamer's rating: 1085 → 1115(+30 for winning)
|raw|AsianJezus's rating: 1124 → 1096(-28 for losing)
|l|☆AsianJezus
|player|p2|
