|j|☆TechBuster
|j|☆Myshirtisdirty
|html|TechBusterMyshirtisdirty    
|uhtml|bestof|Game 1 of a best-of-3
|t:|1757107768
|gametype|doubles
|player|p1|TechBuster|169|1153
|player|p2|Myshirtisdirty|170|1089
|gen|9
|tier|[Gen 9] VGC 2025 Reg H (Bo3)
|rated|
|rule|Species Clause: Limit one of each Pokémon
|rule|Item Clause: Limit 1 of each item
|clearpoke
|poke|p1|Sneasler, L50, M|
|poke|p1|Dragapult, L50, F|
|poke|p1|Primarina, L50, M|
|poke|p1|Rillaboom, L50, M|
|poke|p1|Kingambit, L50, F|
|poke|p1|Magmar, L50, M|
|poke|p2|Kingambit, L50, F|
|poke|p2|Electabuzz, L50, M|
|poke|p2|Primarina, L50, M|
|poke|p2|Rillaboom, L50, F|
|poke|p2|Sneasler, L50, F|
|poke|p2|Gallade, L50, M|
|teampreview|4
|showteam|p1|Sneasler||FocusSash|PoisonTouch|CloseCombat,DireClaw,FakeOut,Protect|||M|||50|,,,,,Stellar]Dragapult||ChoiceBand|ClearBody|DragonDarts,TeraBlast,PhantomForce,Uturn|||F|||50|,,,,,Ghost]Primarina||SitrusBerry|LiquidVoice|HyperVoice,Moonblast,Haze,Protect|||M|||50|,,,,,Water]Rillaboom||AssaultVest|GrassySurge|WoodHammer,GrassyGlide,HighHorsepower,FakeOut|||M|||50|,,,,,Fire]Kingambit||BlackGlasses|Defiant|KowtowCleave,SuckerPunch,SwordsDance,Protect|||F|||50|,,,,,Ghost]Magmar||Eviolite|VitalSpirit|Overheat,WillOWisp,FollowMe,Protect|||M|||50|,,,,,Ghost
|showteam|p2|Kingambit||DreadPlate|Defiant|KowtowCleave,SuckerPunch,SwordsDance,Protect|||F|||50|,,,,,Dragon]Electabuzz||Eviolite|VitalSpirit|Electroweb,Taunt,FollowMe,Protect|||M|||50|,,,,,Dragon]Primarina||ThroatSpray|LiquidVoice|HyperVoice,Moonblast,Haze,Protect|||M|||50|,,,,,Poison]Rillaboom||AssaultVest|GrassySurge|GrassyGlide,DrumBeating,KnockOff,FakeOut|||F|||50|,,,,,Fire]Sneasler||FocusSash|Unburden|CloseCombat,DireClaw,Coaching,Protect|||F|||50|,,,,,Stellar]Gallade||ClearAmulet|Sharpness|PsychoCut,SacredSword,NightSlash,Protect|||M|||50|,,,,,Steel
|l|☆Myshirtisdirty
|player|p2|
|j|☆Myshirtisdirty
|player|p2|Myshirtisdirty|170|
|inactive|Battle timer is ON: inactive players will automatically lose when time's up. (requested by TechBuster)
|
|t:|1757107807
|teamsize|p1|4
|teamsize|p2|4
|start
|switch|p1a: Kingambit|Kingambit, L50, F|100/100
|switch|p1b: Magmar|Magmar, L50, M|100/100
|switch|p2a: Sneasler|Sneasler, L50, F|100/100
|switch|p2b: Gallade|Gallade, L50, M, shiny|100/100
|turn|1
|inactive|TechBuster has 30 seconds left.
|inactive|TechBuster has 20 seconds left.
|inactive|TechBuster has 15 seconds left.
|
|t:|1757107848
|move|p1b: Magmar|Follow Me|p1b: Magmar
|-singleturn|p1b: Magmar|move: Follow Me
|move|p2a: Sneasler|Coaching|p2b: Gallade
|-boost|p2b: Gallade|atk|1
|-boost|p2b: Gallade|def|1
|move|p2b: Gallade|Sacred Sword|p1b: Magmar
|-damage|p1b: Magmar|13/100
|move|p1a: Kingambit|Swords Dance|p1a: Kingambit
|-boost|p1a: Kingambit|atk|2
|
|upkeep
|turn|2
|
|t:|1757107873
|move|p2b: Gallade|Protect|p2b: Gallade
|-singleturn|p2b: Gallade|Protect
|move|p1a: Kingambit|Sucker Punch||[still]
|-fail|p1a: Kingambit
|move|p2a: Sneasler|Dire Claw|p1b: Magmar
|-damage|p1b: Magmar|0 fnt
|faint|p1b: Magmar
|
|upkeep
|
|t:|1757107884
|switch|p1b: Dragapult|Dragapult, L50, F|100/100
|turn|3
|
|t:|1757107901
|-terastallize|p2b: Gallade|Steel
|move|p1a: Kingambit|Sucker Punch|p2b: Gallade
|-damage|p2b: Gallade|8/100
|move|p1b: Dragapult|Dragon Darts|p2a: Sneasler
|-damage|p2a: Sneasler|37/100
|-anim|p1b: Dragapult|Dragon Darts|p2b: Gallade
|-resisted|p2b: Gallade
|-damage|p2b: Gallade|0 fnt
|faint|p2b: Gallade
|move|p2a: Sneasler|Close Combat|p1a: Kingambit
|-supereffective|p1a: Kingambit
|-damage|p1a: Kingambit|0 fnt
|-unboost|p2a: Sneasler|def|1
|-unboost|p2a: Sneasler|spd|1
|faint|p1a: Kingambit
|
|upkeep
|
|t:|1757107915
|switch|p2b: Kingambit|Kingambit, L50, F|100/100
|switch|p1a: Sneasler|Sneasler, L50, M|100/100
|turn|4
|inactive|Myshirtisdirty has 30 seconds left.
|
|t:|1757107945
|switch|p2a: Primarina|Primarina, L50, M|100/100
|move|p1a: Sneasler|Fake Out|p2b: Kingambit
|-resisted|p2b: Kingambit
|-damage|p2b: Kingambit|95/100
|cant|p2b: Kingambit|flinch
|move|p1b: Dragapult|Dragon Darts|p2b: Kingambit
|-resisted|p2b: Kingambit
|-damage|p2b: Kingambit|82/100
|-anim|p1b: Dragapult|Dragon Darts|p2b: Kingambit
|-resisted|p2b: Kingambit
|-damage|p2b: Kingambit|68/100
|
|upkeep
|turn|5
|
|t:|1757107968
|-terastallize|p1a: Sneasler|Stellar
|move|p2b: Kingambit|Sucker Punch|p1b: Dragapult
|-supereffective|p1b: Dragapult
|-damage|p1b: Dragapult|0 fnt
|faint|p1b: Dragapult
|move|p1a: Sneasler|Dire Claw|p2a: Primarina
|-supereffective|p2a: Primarina
|-damage|p2a: Primarina|0 fnt
|faint|p2a: Primarina
|
|upkeep
|
|t:|1757107976
|switch|p2a: Sneasler|Sneasler, L50, F|37/100
|turn|6
|
|t:|1757107984
|move|p2b: Kingambit|Sucker Punch|p1a: Sneasler
|-resisted|p1a: Sneasler
|-damage|p1a: Sneasler|61/100
|move|p1a: Sneasler|Close Combat|p2a: Sneasler
|-resisted|p2a: Sneasler
|-damage|p2a: Sneasler|0 fnt
|-unboost|p1a: Sneasler|def|1
|-unboost|p1a: Sneasler|spd|1
|faint|p2a: Sneasler
|
|upkeep
|turn|7
|
|t:|1757107995
|move|p1a: Sneasler|Fake Out||[still]
|-hint|Fake Out only works on your first turn out.
|-fail|p1a: Sneasler
|move|p2b: Kingambit|Sucker Punch||[still]
|-fail|p2b: Kingambit
|
|upkeep
|turn|8
|
|t:|1757107999
|move|p1a: Sneasler|Fake Out||[still]
|-hint|Fake Out only works on your first turn out.
|-fail|p1a: Sneasler
|move|p2b: Kingambit|Sucker Punch||[still]
|-fail|p2b: Kingambit
|
|upkeep
|turn|9
|
|t:|1757108002
|move|p1a: Sneasler|Fake Out||[still]
|-hint|Fake Out only works on your first turn out.
|-fail|p1a: Sneasler
|move|p2b: Kingambit|Swords Dance|p2b: Kingambit
|-boost|p2b: Kingambit|atk|2
|
|upkeep
|turn|10
|
|t:|1757108008
|move|p1a: Sneasler|Fake Out||[still]
|-hint|Fake Out only works on your first turn out.
|-fail|p1a: Sneasler
|move|p2b: Kingambit|Sucker Punch||[still]
|-fail|p2b: Kingambit
|
|upkeep
|turn|11
|
|t:|1757108013
|move|p1a: Sneasler|Protect|p1a: Sneasler
|-singleturn|p1a: Sneasler|Protect
|move|p2b: Kingambit|Kowtow Cleave|p1a: Sneasler
|-activate|p1a: Sneasler|move: Protect
|
|upkeep
|turn|12
|
|t:|1757108020
|move|p1a: Sneasler|Fake Out||[still]
|-hint|Fake Out only works on your first turn out.
|-fail|p1a: Sneasler
|move|p2b: Kingambit|Sucker Punch||[still]
|-fail|p2b: Kingambit
|
|upkeep
|turn|13
|
|t:|1757108025
|move|p1a: Sneasler|Close Combat|p2b: Kingambit
|-supereffective|p2b: Kingambit
|-damage|p2b: Kingambit|0 fnt
|-unboost|p1a: Sneasler|def|1
|-unboost|p1a: Sneasler|spd|1
|faint|p2b: Kingambit
|
|win|TechBuster
||Myshirtisdirty is ready for game 2.
|inactive|TechBuster has 30 seconds to confirm battle start!
|l|☆Myshirtisdirty
|player|p2|
||TechBuster is ready for game 2.
|uhtml|next|Next: Game 2 of 3
|j|☆Myshirtisdirty
|player|p2|Myshirtisdirty|170|
|l|☆Myshirtisdirty
|player|p2|
