|j|☆teyvgc
|j|☆hollowkarma
|html|teyvgchollowkarma    
|uhtml|bestof|Game 1 of a best-of-3
|t:|1785196248
|gametype|doubles
|player|p1|teyvgc|rood|1252
|player|p2|hollowkarma|n|1156
|gen|9
|tier|[Gen 9 Champions] VGC 2026 Reg M-B (Bo3)
|rated|
|rule|Species Clause: Limit one of each Pokémon
|rule|Item Clause: Limit 1 of each item
|clearpoke
|poke|p1|Kingambit, L50, F|
|poke|p1|Garchomp, L50, F|
|poke|p1|Farigiraf, L50, F|
|poke|p1|Charizard, L50, M|
|poke|p1|Sylveon, L50, F|
|poke|p1|Aerodactyl, L50, M|
|poke|p2|Froslass, L50, F, shiny|
|poke|p2|Charizard, L50, M, shiny|
|poke|p2|Greninja, L50, M, shiny|
|poke|p2|Sinistcha, L50, shiny|
|poke|p2|Scrafty, L50, F, shiny|
|poke|p2|Gholdengo, L50, shiny|
|teampreview|4
|showteam|p1|Kingambit||BlackGlasses|Defiant|Protect,IronHead,SuckerPunch,KowtowCleave|Brave||F|||50|]Garchomp||LifeOrb|RoughSkin|DragonClaw,Earthquake,RockSlide,Protect|Jolly||F|||50|]Farigiraf||SitrusBerry|ArmorTail|TwinBeam,Thunderbolt,TrickRoom,HelpingHand|Bold||F|||50|]Charizard||CharizarditeY|Blaze|Protect,HeatWave,SolarBeam,WeatherBall|Modest||M|||50|]Sylveon||FairyFeather|Pixilate|Detect,HyperBeam,HyperVoice,QuickAttack|Modest||F|||50|]Aerodactyl||Aerodactylite|Unnerve|WideGuard,RockSlide,DualWingbeat,Tailwind|Jolly||M|||50|
|showteam|p2|Froslass||Froslassite|CursedBody|Blizzard,ShadowBall,AuroraVeil,Protect|Timid||F|||50|]Charizard||CharizarditeY|Blaze|HeatWave,WeatherBall,Protect|Modest||M|||50|]Greninja||NeverMeltIce|Protean|Blizzard,WeatherBall,IcyWind,Protect|Modest||M|||50|]Sinistcha||ColburBerry|Hospitality|MatchaGotcha,RagePowder,LifeDew,Protect|Bold|||||50|]Scrafty||SitrusBerry|Intimidate|FakeOut,KnockOff,DrainPunch,Detect|Adamant||F|||50|]Gholdengo||LifeOrb|GoodasGold|MakeItRain,ShadowBall,NastyPlot,Protect|Modest|||||50|
|
|t:|1785196354
|teamsize|p1|4
|teamsize|p2|4
|start
|switch|p1a: Obsession|Aerodactyl, L50, M|100/100
|switch|p1b: Ian|Garchomp, L50, F|100/100
|switch|p2a: Americano|Greninja, L50, M, shiny|100/100
|switch|p2b: Piccolo|Scrafty, L50, F, shiny|100/100
|-ability|p1a: Obsession|Unnerve
|-ability|p2b: Piccolo|Intimidate|boost
|-unboost|p1a: Obsession|atk|1
|-unboost|p1b: Ian|atk|1
|turn|1
|inactive|Battle timer is ON: inactive players will automatically lose when time's up. (requested by hollowkarma)
|inactive|teyvgc has 60 seconds left.
|
|t:|1785196397
|move|p2b: Piccolo|Fake Out|p1a: Obsession
|-resisted|p1a: Obsession|1
|-damage|p1a: Obsession|92/100
|cant|p1a: Obsession|flinch
|move|p2a: Americano|Icy Wind|p1b: Ian|[spread] p1a,p1b
|-start|p2a: Americano|typechange|Ice|[from] ability: Protean
|-supereffective|p1a: Obsession|1
|-supereffective|p1b: Ian|2
|-damage|p1a: Obsession|29/100
|-damage|p1b: Ian|0 fnt
|-unboost|p1a: Obsession|spe|1
|faint|p1b: Ian
|
|upkeep
|
|t:|1785196410
|switch|p1b: Nikki|Charizard, L50, M|100/100
|turn|2
|
|t:|1785196430
|switch|p1a: One Wish Willow|Sylveon, L50, F|100/100
|detailschange|p1b: Nikki|Charizard-Mega-Y, L50, M
|-mega|p1b: Nikki|Charizard|Charizardite Y
|-weather|SunnyDay|[from] ability: Drought|[of] p1b: Nikki
|move|p2a: Americano|Icy Wind|p1a: One Wish Willow|[spread] p1a,p1b
|-damage|p1a: One Wish Willow|80/100
|-damage|p1b: Nikki|79/100
|-unboost|p1a: One Wish Willow|spe|1
|-unboost|p1b: Nikki|spe|1
|move|p1b: Nikki|Heat Wave|p2b: Piccolo|[spread] p2a,p2b
|-supereffective|p2a: Americano|1
|-damage|p2a: Americano|0 fnt
|-damage|p2b: Piccolo|40/100
|-status|p2b: Piccolo|brn
|-enditem|p2b: Piccolo|Sitrus Berry|[eat]
|-heal|p2b: Piccolo|65/100 brn|[from] item: Sitrus Berry
|faint|p2a: Americano
|move|p2b: Piccolo|Knock Off|p1b: Nikki
|-damage|p1b: Nikki|64/100
|
|-weather|SunnyDay|[upkeep]
|-damage|p2b: Piccolo|59/100 brn|[from] brn
|upkeep
|
|t:|1785196436
|switch|p2a: Espresso|Froslass, L50, F, shiny|100/100
|turn|3
|
|t:|1785196450
|switch|p1b: Obsession|Aerodactyl, L50, M|29/100
|-ability|p1b: Obsession|Unnerve
|switch|p2b: Affogato|Gholdengo, L50, shiny|100/100
|detailschange|p2a: Espresso|Froslass-Mega, L50, F, shiny
|-mega|p2a: Espresso|Froslass|Froslassite
|-weather|Snowscape|[from] ability: Snow Warning|[of] p2a: Espresso
|move|p2a: Espresso|Aurora Veil|p2a: Espresso
|-sidestart|p2: hollowkarma|move: Aurora Veil
|move|p1a: One Wish Willow|Hyper Beam|p2a: Espresso
|-damage|p2a: Espresso|15/100
|-mustrecharge|p1a: One Wish Willow
|
|-weather|Snowscape|[upkeep]
|upkeep
|turn|4
|
|t:|1785196471
|move|p2a: Espresso|Protect|p2a: Espresso
|-singleturn|p2a: Espresso|Protect
|move|p1b: Obsession|Tailwind|p1b: Obsession
|-sidestart|p1: teyvgc|move: Tailwind
|move|p2b: Affogato|Make It Rain|p1b: Obsession|[spread] 
|-miss|p2b: Affogato|p1a: One Wish Willow
|-miss|p2b: Affogato|p1b: Obsession
|cant|p1a: One Wish Willow|recharge
|
|-weather|Snowscape|[upkeep]
|upkeep
|turn|5
|c|☆hollowkarma|what
|c|☆hollowkarma|the
|c|☆hollowkarma|hell
|
|t:|1785196498
|switch|p2a: Piccolo|Scrafty, L50, F, shiny|59/100 brn
|-ability|p2a: Piccolo|Intimidate|boost
|-unboost|p1a: One Wish Willow|atk|1
|-unboost|p1b: Obsession|atk|1
|move|p1b: Obsession|Wide Guard|p1b: Obsession
|-singleturn|p1b: Obsession|Wide Guard
|move|p2b: Affogato|Make It Rain|p1a: One Wish Willow|[spread] 
|-activate|p1a: One Wish Willow|move: Wide Guard
|-activate|p1b: Obsession|move: Wide Guard
|move|p1a: One Wish Willow|Hyper Voice|p2b: Affogato|[spread] p2a,p2b
|-supereffective|p2a: Piccolo|2
|-resisted|p2b: Affogato|1
|-damage|p2a: Piccolo|0 fnt
|-damage|p2b: Affogato|84/100
|faint|p2a: Piccolo
|
|-weather|Snowscape|[upkeep]
|upkeep
|
|t:|1785196505
|switch|p2a: Espresso|Froslass-Mega, L50, F, shiny|15/100
|turn|6
|
|t:|1785196521
|move|p2a: Espresso|Protect|p2a: Espresso
|-singleturn|p2a: Espresso|Protect
|move|p1b: Obsession|Wide Guard|p1b: Obsession
|-singleturn|p1b: Obsession|Wide Guard
|move|p2b: Affogato|Shadow Ball|p1b: Obsession
|-damage|p1b: Obsession|0 fnt
|faint|p1b: Obsession
|-damage|p2b: Affogato|74/100|[from] item: Life Orb
|move|p1a: One Wish Willow|Hyper Voice|p2a: Espresso|[spread] p2b
|-activate|p2a: Espresso|move: Protect
|-resisted|p2b: Affogato|1
|-damage|p2b: Affogato|58/100
|
|-weather|Snowscape|[upkeep]
|upkeep
|
|t:|1785196530
|switch|p1b: Nikki|Charizard-Mega-Y, L50, M|64/100
|-weather|SunnyDay|[from] ability: Drought|[of] p1b: Nikki
|turn|7
|
|t:|1785196548
|move|p2a: Espresso|Protect|p2a: Espresso
|-singleturn|p2a: Espresso|Protect
|move|p2b: Affogato|Protect|p2b: Affogato
|-singleturn|p2b: Affogato|Protect
|move|p1a: One Wish Willow|Quick Attack|p2a: Espresso
|-activate|p2a: Espresso|move: Protect
|move|p1b: Nikki|Heat Wave|p2b: Affogato|[spread] 
|-activate|p2a: Espresso|move: Protect
|-activate|p2b: Affogato|move: Protect
|
|-weather|SunnyDay|[upkeep]
|-sideend|p1: teyvgc|move: Tailwind
|-sideend|p2: hollowkarma|move: Aurora Veil
|upkeep
|turn|8
|
|t:|1785196568
|move|p1a: One Wish Willow|Quick Attack|p2a: Espresso
|-damage|p2a: Espresso|1/100
|move|p2a: Espresso|Shadow Ball|p1b: Nikki
|-damage|p1b: Nikki|27/100
|move|p1b: Nikki|Weather Ball|p2b: Affogato
|-supereffective|p2b: Affogato|1
|-damage|p2b: Affogato|0 fnt
|faint|p2b: Affogato
|
|-weather|SunnyDay|[upkeep]
|upkeep
|turn|9
|
|t:|1785196577
|move|p1a: One Wish Willow|Quick Attack|p2a: Espresso
|-damage|p2a: Espresso|0 fnt
|faint|p2a: Espresso
|
|win|teyvgc
