|j|☆sbhaga34
|j|☆Miggle SoCal
|html|sbhaga34Miggle SoCal    
|uhtml|bestof|Game 1 of a best-of-3
|t:|1785208296
|gametype|doubles
|player|p1|sbhaga34|hugh|1389
|player|p2|Miggle SoCal|lucas|1356
|gen|9
|tier|[Gen 9 Champions] VGC 2026 Reg M-B (Bo3)
|rated|
|rule|Species Clause: Limit one of each Pokémon
|rule|Item Clause: Limit 1 of each item
|clearpoke
|poke|p1|Excadrill, L50, M|
|poke|p1|Tyranitar, L50, M|
|poke|p1|Corviknight, L50, F|
|poke|p1|Rotom-Wash, L50|
|poke|p1|Chandelure, L50, M|
|poke|p1|Scovillain, L50, F|
|poke|p2|Froslass, L50, F|
|poke|p2|Dragonite, L50, F|
|poke|p2|Sneasler, L50, M|
|poke|p2|Toxapex, L50, F|
|poke|p2|Kingambit, L50, M|
|poke|p2|Blaziken, L50, F|
|teampreview|4
|showteam|p1|Excadrill||FocusSash|SandRush|Earthquake,IronHead,SwordsDance,Protect|Adamant||M|||50|]Tyranitar||Tyranitarite|SandStream|RockSlide,KnockOff,LowKick,Protect|Adamant||M|||50|]Corviknight||SharpBeak|MirrorArmor|BraveBird,Tailwind,BulkUp,Roost|Careful||F|||50|]Rotom-Wash||ChoiceScarf|Levitate|VoltSwitch,Thunderbolt,Electroweb,HydroPump|Timid|||||50|]Chandelure||ShucaBerry|FlashFire|HeatWave,ShadowBall,TrickRoom,Protect|Modest||M|||50|]Scovillain||Scovillainite|Moody|RagePowder,Overheat,GigaDrain,Protect|Calm||F|||50|
|showteam|p2|Froslass||Froslassite|CursedBody|Protect,Blizzard,ShadowBall,AuroraVeil|Timid||F|||50|]Dragonite||LifeOrb|InnerFocus|DragonClaw,ExtremeSpeed,Protect,LowKick|Adamant||F|||50|]Sneasler||FocusSash|PoisonTouch|PoisonJab,Protect,CloseCombat,FakeOut|Jolly||M|||50|]Toxapex||Leftovers|Regenerator|Infestation,Toxic,BanefulBunker,WideGuard|Bold||F|||50|]Kingambit||BlackGlasses|Defiant|KowtowCleave,IronHead,SuckerPunch,Protect|Adamant||M|||50|]Blaziken||Blazikenite|SpeedBoost|Protect,CloseCombat,RockSlide,FlareBlitz|Adamant||F|||50|
|
|t:|1785208329
|teamsize|p1|4
|teamsize|p2|4
|start
|switch|p1a: Corviknight|Corviknight, L50, F|100/100
|switch|p1b: Scovillain|Scovillain, L50, F|100/100
|switch|p2a: Blaziken|Blaziken, L50, F|100/100
|switch|p2b: Sneasler|Sneasler, L50, M|100/100
|turn|1
|
|t:|1785208346
|detailschange|p2a: Blaziken|Blaziken-Mega, L50, F
|-mega|p2a: Blaziken|Blaziken|Blazikenite
|detailschange|p1b: Scovillain|Scovillain-Mega, L50, F
|-mega|p1b: Scovillain|Scovillain|Scovillainite
|move|p2b: Sneasler|Fake Out|p1a: Corviknight
|-resisted|p1a: Corviknight|1
|-damage|p1a: Corviknight|93/100
|move|p1b: Scovillain|Rage Powder|p1b: Scovillain
|-singleturn|p1b: Scovillain|move: Rage Powder
|move|p2a: Blaziken|Rock Slide|p1a: Corviknight|[spread] p1a,p1b
|-supereffective|p1b: Scovillain|1
|-damage|p1a: Corviknight|73/100
|-damage|p1b: Scovillain|50/100y
|-immune|p2a: Blaziken
|cant|p1a: Corviknight|flinch
|
|-ability|p2a: Blaziken|Speed Boost|boost
|-boost|p2a: Blaziken|spe|1
|upkeep
|turn|2
|
|t:|1785208358
|move|p2a: Blaziken|Protect|p2a: Blaziken
|-singleturn|p2a: Blaziken|Protect
|move|p1b: Scovillain|Rage Powder|p1b: Scovillain
|-singleturn|p1b: Scovillain|move: Rage Powder
|move|p2b: Sneasler|Poison Jab|p1b: Scovillain
|-supereffective|p1b: Scovillain|1
|-damage|p1b: Scovillain|0 fnt
|-status|p2b: Sneasler|brn|[from] ability: Spicy Spray|[of] p1b: Scovillain
|faint|p1b: Scovillain
|move|p1a: Corviknight|Brave Bird|p2a: Blaziken
|-activate|p2a: Blaziken|move: Protect
|
|-damage|p2b: Sneasler|94/100 brn|[from] brn
|-ability|p2a: Blaziken|Speed Boost|boost
|-boost|p2a: Blaziken|spe|1
|upkeep
|
|t:|1785208366
|switch|p1b: Excadrill|Excadrill, L50, M|100/100
|turn|3
|
|t:|1785208371
|switch|p1a: Tyranitar|Tyranitar, L50, M|100/100
|-weather|Sandstorm|[from] ability: Sand Stream|[of] p1a: Tyranitar
|move|p2a: Blaziken|Rock Slide|p1b: Excadrill|[spread] p1a,p1b
|-resisted|p1b: Excadrill|2
|-damage|p1a: Tyranitar|80/100
|-damage|p1b: Excadrill|91/100
|move|p1b: Excadrill|Earthquake|p2a: Blaziken|[spread] p1a,p2a,p2b
|-supereffective|p1a: Tyranitar|1
|-supereffective|p2a: Blaziken|1
|-supereffective|p2b: Sneasler|1
|-damage|p1a: Tyranitar|6/100
|-damage|p2a: Blaziken|0 fnt
|-damage|p2b: Sneasler|0 fnt
|faint|p2a: Blaziken
|faint|p2b: Sneasler
|
|-weather|Sandstorm|[upkeep]
|upkeep
|
|t:|1785208381
|switch|p2b: Kingambit|Kingambit, L50, M|100/100
|switch|p2a: Dragonite|Dragonite, L50, F|100/100
|turn|4
|
|t:|1785208398
|move|p1a: Tyranitar|Protect|p1a: Tyranitar
|-singleturn|p1a: Tyranitar|Protect
|move|p2a: Dragonite|Extreme Speed|p1a: Tyranitar
|-activate|p1a: Tyranitar|move: Protect
|move|p2b: Kingambit|Sucker Punch|p1b: Excadrill
|-damage|p1b: Excadrill|25/100
|move|p1b: Excadrill|Earthquake|p2b: Kingambit|[spread] p2b
|-activate|p1a: Tyranitar|move: Protect
|-immune|p2a: Dragonite
|-supereffective|p2b: Kingambit|1
|-damage|p2b: Kingambit|38/100
|
|-weather|Sandstorm|[upkeep]
|-damage|p2a: Dragonite|94/100|[from] Sandstorm
|upkeep
|turn|5
|
|t:|1785208419
|switch|p1a: Corviknight|Corviknight, L50, F|73/100
|move|p1b: Excadrill|Protect|p1b: Excadrill
|-singleturn|p1b: Excadrill|Protect
|move|p2a: Dragonite|Extreme Speed|p1a: Corviknight
|-resisted|p1a: Corviknight|1
|-damage|p1a: Corviknight|56/100
|-damage|p2a: Dragonite|84/100|[from] item: Life Orb
|move|p2b: Kingambit|Sucker Punch||[still]
|-fail|p2b: Kingambit
|
|-weather|Sandstorm|[upkeep]
|-damage|p2a: Dragonite|78/100|[from] Sandstorm
|upkeep
|turn|6
|
|t:|1785208436
|move|p2b: Kingambit|Sucker Punch||[still]
|-fail|p2b: Kingambit
|move|p1b: Excadrill|Swords Dance|p1b: Excadrill
|-boost|p1b: Excadrill|atk|2
|move|p1a: Corviknight|Brave Bird|p2a: Dragonite
|-damage|p2a: Dragonite|34/100
|-damage|p1a: Corviknight|42/100|[from] Recoil
|move|p2a: Dragonite|Dragon Claw|p1a: Corviknight
|-resisted|p1a: Corviknight|1
|-damage|p1a: Corviknight|17/100
|-damage|p2a: Dragonite|24/100|[from] item: Life Orb
|
|-weather|Sandstorm|[upkeep]
|-damage|p2a: Dragonite|19/100|[from] Sandstorm
|upkeep
|turn|7
|
|t:|1785208450
|move|p1b: Excadrill|Protect|p1b: Excadrill
|-singleturn|p1b: Excadrill|Protect
|move|p1a: Corviknight|Roost|p1a: Corviknight
|-heal|p1a: Corviknight|67/100
|-singleturn|p1a: Corviknight|move: Roost
|move|p2a: Dragonite|Dragon Claw|p1a: Corviknight
|-resisted|p1a: Corviknight|1
|-damage|p1a: Corviknight|43/100
|-damage|p2a: Dragonite|9/100|[from] item: Life Orb
|move|p2b: Kingambit|Kowtow Cleave|p1a: Corviknight
|-damage|p1a: Corviknight|0 fnt
|faint|p1a: Corviknight
|
|-weather|none
|upkeep
|
|t:|1785208464
|switch|p1a: Tyranitar|Tyranitar, L50, M|6/100
|-weather|Sandstorm|[from] ability: Sand Stream|[of] p1a: Tyranitar
|turn|8
|
|t:|1785208489
|move|p2a: Dragonite|Extreme Speed|p1b: Excadrill
|-resisted|p1b: Excadrill|1
|-damage|p1b: Excadrill|0 fnt
|faint|p1b: Excadrill
|-damage|p2a: Dragonite|0 fnt|[from] item: Life Orb
|faint|p2a: Dragonite
|move|p2b: Kingambit|Sucker Punch|p1a: Tyranitar
|-resisted|p1a: Tyranitar|1
|-damage|p1a: Tyranitar|0 fnt
|faint|p1a: Tyranitar
|
|win|Miggle SoCal
