|j|☆smalltownkirlia
|j|☆Alyte
|html|smalltownkirliaAlyte    
|uhtml|bestof|Game 1 of a best-of-3
|t:|1757697281
|gametype|doubles
|player|p1|smalltownkirlia|whitney|1148
|player|p2|Alyte|102|1062
|gen|9
|tier|[Gen 9] VGC 2025 Reg H (Bo3)
|rated|
|rule|Species Clause: Limit one of each Pokémon
|rule|Item Clause: Limit 1 of each item
|clearpoke
|poke|p1|Dragonite, L50, F|
|poke|p1|Ursaluna-Bloodmoon, L50, M|
|poke|p1|Gholdengo, L50|
|poke|p1|Maushold-Four, L50|
|poke|p1|Annihilape, L50, F|
|poke|p1|Rillaboom, L50, M|
|poke|p2|Primarina, L50, M|
|poke|p2|Pelipper, L50, F|
|poke|p2|Archaludon, L50, M|
|poke|p2|Amoonguss, L50, F|
|poke|p2|Indeedee-F, L50, F|
|poke|p2|Kingambit, L50, F|
|teampreview|4
|showteam|p1|Dragonite||LoadedDice|Multiscale|ScaleShot,Tailwind,Haze,Protect|||F|||50|,,,,,Fairy]Ursaluna-Bloodmoon||AssaultVest|MindsEye|BloodMoon,EarthPower,HyperVoice,VacuumWave|||M|||50|,,,,,Water]Gholdengo||LifeOrb|GoodasGold|MakeItRain,ShadowBall,NastyPlot,Protect||||||50|,,,,,Dragon]Maushold-Four||FocusSash|FriendGuard|Taunt,FollowMe,BeatUp,Protect||||||50|,,,,,Ghost]Annihilape||SitrusBerry|Defiant|RageFist,DrainPunch,BulkUp,Protect|||F|||50|,,,,,Fire]Rillaboom||MiracleSeed|GrassySurge|WoodHammer,GrassyGlide,HighHorsepower,FakeOut|||M|||50|,,,,,Fire
|showteam|p2|Primarina||ThroatSpray|LiquidVoice|HyperVoice,Moonblast,Protect,WeatherBall|||M|||50|,,,,,Grass]Pelipper||FocusSash|Drizzle|WeatherBall,Protect,Tailwind,Hurricane|||F|||50|,,,,,Steel]Archaludon||AssaultVest|Stamina|ElectroShot,DragonPulse,FlashCannon,Snarl|||M|||50|,,,,,Electric]Amoonguss||SitrusBerry|Regenerator|Spore,PollenPuff,RagePowder,Protect|||F|||50|,,,,,Water]Indeedee-F||MentalHerb|PsychicSurge|TrickRoom,FollowMe,Protect,HelpingHand|||F|||50|,,,,,Dark]Kingambit||LifeOrb|Defiant|SuckerPunch,KowtowCleave,IronHead,Protect|||F|||50|,,,,,Flying
|inactive|Battle timer is ON: inactive players will automatically lose when time's up. (requested by smalltownkirlia)
|inactive|smalltownkirlia has 60 seconds left.
|inactive|Alyte has 60 seconds left.
|
|t:|1757697336
|teamsize|p1|4
|teamsize|p2|4
|start
|switch|p1a: Ursaluna|Ursaluna-Bloodmoon, L50, M|100/100
|switch|p1b: Gholdengo|Gholdengo, L50|100/100
|switch|p2a: Pelipper|Pelipper, L50, F|100/100
|switch|p2b: Primarina|Primarina, L50, M|100/100
|-weather|RainDance|[from] ability: Drizzle|[of] p2a: Pelipper
|turn|1
|inactive|Alyte has 30 seconds left.
|inactive|smalltownkirlia has 30 seconds left.
|inactive|Alyte has 20 seconds left.
|inactive|Alyte has 15 seconds left.
|inactive|smalltownkirlia has 20 seconds left.
|inactive|Alyte has 10 seconds left.
|inactive|smalltownkirlia has 15 seconds left.
|
|t:|1757697387
|-terastallize|p1b: Gholdengo|Dragon
|-terastallize|p2b: Primarina|Grass
|move|p1b: Gholdengo|Make It Rain|p2a: Pelipper|[spread] p2a,p2b
|-resisted|p2a: Pelipper
|-damage|p2a: Pelipper|56/100
|-damage|p2b: Primarina|54/100
|-unboost|p1b: Gholdengo|spa|1
|-damage|p1b: Gholdengo|91/100|[from] item: Life Orb
|move|p2a: Pelipper|Tailwind|p2a: Pelipper
|-sidestart|p2: Alyte|move: Tailwind
|move|p2b: Primarina|Hyper Voice|p1b: Gholdengo|[spread] p1a,p1b
|-supereffective|p1a: Ursaluna
|-resisted|p1b: Gholdengo
|-damage|p1a: Ursaluna|29/100
|-damage|p1b: Gholdengo|61/100
|-enditem|p2b: Primarina|Throat Spray
|-boost|p2b: Primarina|spa|1|[from] item: Throat Spray
|move|p1a: Ursaluna|Hyper Voice|p2a: Pelipper|[spread] p2a,p2b
|-damage|p2a: Pelipper|4/100
|-damage|p2b: Primarina|25/100
|
|-weather|RainDance|[upkeep]
|upkeep
|turn|2
|inactive|smalltownkirlia has 30 seconds left.
|inactive|Alyte has 30 seconds left.
|inactive|Alyte has 20 seconds left.
|
|t:|1757697426
|switch|p2a: Indeedee|Indeedee-F, L50, F|100/100
|-fieldstart|move: Psychic Terrain|[from] ability: Psychic Surge|[of] p2a: Indeedee
|move|p1a: Ursaluna|Vacuum Wave|p2b: Primarina
|-activate|p2b: Primarina|move: Psychic Terrain
|move|p2b: Primarina|Hyper Voice|p1a: Ursaluna|[spread] p1a,p1b
|-supereffective|p1a: Ursaluna
|-resisted|p1b: Gholdengo
|-damage|p1a: Ursaluna|0 fnt
|-damage|p1b: Gholdengo|14/100
|faint|p1a: Ursaluna
|move|p1b: Gholdengo|Make It Rain|p2b: Primarina|[spread] p2a,p2b
|-damage|p2a: Indeedee|63/100
|-damage|p2b: Primarina|0 fnt
|-unboost|p1b: Gholdengo|spa|1
|faint|p2b: Primarina
|-damage|p1b: Gholdengo|5/100|[from] item: Life Orb
|
|-weather|RainDance|[upkeep]
|upkeep
|inactive|Alyte has 30 seconds left.
|
|t:|1757697453
|switch|p2b: Kingambit|Kingambit, L50, F|100/100
|switch|p1a: Maushold|Maushold-Four, L50|100/100
|turn|3
|inactive|Alyte has 30 seconds left.
|inactive|Alyte has 20 seconds left.
|inactive|Alyte has 15 seconds left.
|inactive|smalltownkirlia has 30 seconds left.
|inactive|Alyte has 10 seconds left.
|
|t:|1757697499
|switch|p1b: Annihilape|Annihilape, L50, F|100/100
|move|p2a: Indeedee|Protect|p2a: Indeedee
|-singleturn|p2a: Indeedee|Protect
|move|p1a: Maushold|Taunt|p2a: Indeedee
|-activate|p2a: Indeedee|move: Protect
|move|p2b: Kingambit|Kowtow Cleave|p1b: Annihilape
|-damage|p1b: Annihilape|54/100
|-damage|p2b: Kingambit|91/100|[from] item: Life Orb
|
|-weather|RainDance|[upkeep]
|upkeep
|turn|4
|inactive|smalltownkirlia has 30 seconds left.
|inactive|Alyte has 30 seconds left.
|inactive|Alyte has 20 seconds left.
|
|t:|1757697539
|move|p2a: Indeedee|Follow Me|p2a: Indeedee
|-singleturn|p2a: Indeedee|move: Follow Me
|move|p1a: Maushold|Taunt|p2a: Indeedee
|-start|p2a: Indeedee|move: Taunt
|-enditem|p2a: Indeedee|Mental Herb
|-end|p2a: Indeedee|move: Taunt
|move|p1b: Annihilape|Drain Punch|p2a: Indeedee
|-damage|p2a: Indeedee|33/100
|-heal|p1b: Annihilape|67/100|[from] drain|[of] p2a: Indeedee
|move|p2b: Kingambit|Kowtow Cleave|p1b: Annihilape
|-damage|p1b: Annihilape|16/100
|-enditem|p1b: Annihilape|Sitrus Berry|[eat]
|-heal|p1b: Annihilape|41/100|[from] item: Sitrus Berry
|-damage|p2b: Kingambit|81/100|[from] item: Life Orb
|
|-weather|RainDance|[upkeep]
|-sideend|p2: Alyte|move: Tailwind
|upkeep
|turn|5
|inactive|Alyte has 30 seconds left.
|
|t:|1757697571
|move|p1a: Maushold|Follow Me|p1a: Maushold
|-singleturn|p1a: Maushold|move: Follow Me
|move|p2a: Indeedee|Follow Me|p2a: Indeedee
|-singleturn|p2a: Indeedee|move: Follow Me
|move|p1b: Annihilape|Bulk Up|p1b: Annihilape
|-boost|p1b: Annihilape|atk|1
|-boost|p1b: Annihilape|def|1
|move|p2b: Kingambit|Kowtow Cleave|p1a: Maushold
|-damage|p1a: Maushold|24/100
|-damage|p2b: Kingambit|72/100|[from] item: Life Orb
|
|-weather|none
|upkeep
|turn|6
|
|t:|1757697592
|move|p1a: Maushold|Protect|p1a: Maushold
|-singleturn|p1a: Maushold|Protect
|move|p2a: Indeedee|Follow Me|p2a: Indeedee
|-singleturn|p2a: Indeedee|move: Follow Me
|move|p1b: Annihilape|Drain Punch|p2a: Indeedee
|-damage|p2a: Indeedee|0 fnt
|-heal|p1b: Annihilape|55/100|[from] drain|[of] p2a: Indeedee
|faint|p2a: Indeedee
|move|p2b: Kingambit|Kowtow Cleave|p1b: Annihilape
|-damage|p1b: Annihilape|20/100
|-damage|p2b: Kingambit|62/100|[from] item: Life Orb
|
|-fieldend|move: Psychic Terrain
|upkeep
|
|t:|1757697604
|switch|p2a: Pelipper|Pelipper, L50, F|4/100
|-weather|RainDance|[from] ability: Drizzle|[of] p2a: Pelipper
|turn|7
|inactive|smalltownkirlia has 30 seconds left.
|inactive|Alyte has 30 seconds left.
|
|t:|1757697637
|move|p1a: Maushold|Follow Me|p1a: Maushold
|-singleturn|p1a: Maushold|move: Follow Me
|move|p2b: Kingambit|Sucker Punch||[still]
|-fail|p2b: Kingambit
|move|p1b: Annihilape|Drain Punch|p2b: Kingambit
|-supereffective|p2b: Kingambit
|-damage|p2b: Kingambit|0 fnt
|-heal|p1b: Annihilape|50/100|[from] drain|[of] p2b: Kingambit
|faint|p2b: Kingambit
|move|p2a: Pelipper|Weather Ball|p1a: Maushold
|-damage|p1a: Maushold|0 fnt
|faint|p1a: Maushold
|
|-weather|RainDance|[upkeep]
|upkeep
|
|t:|1757697647
|switch|p1a: Gholdengo|Gholdengo, L50, tera:Dragon|5/100
|turn|8
|
|t:|1757697651
|move|p1b: Annihilape|Rage Fist|p2a: Pelipper
|-damage|p2a: Pelipper|0 fnt
|faint|p2a: Pelipper
|
|win|smalltownkirlia
||Alyte is ready for game 2.
||smalltownkirlia is ready for game 2.
|uhtml|next|Next: Game 2 of 3
