|j|☆ButterHarmo
|j|☆Craftulaa
|html|ButterHarmoCraftulaa    
|uhtml|bestof|Game 1 of a best-of-3
|t:|1785899624
|gametype|doubles
|player|p1|ButterHarmo|2|
|player|p2|Craftulaa|101|
|gen|9
|tier|[Gen 9 Champions] VGC 2026 Reg M-B (Bo3)
|rule|Species Clause: Limit one of each Pokémon
|rule|Item Clause: Limit 1 of each item
|clearpoke
|poke|p1|Gholdengo, L50|
|poke|p1|Incineroar, L50, F|
|poke|p1|Aerodactyl, L50, F|
|poke|p1|Sinistcha, L50|
|poke|p1|Typhlosion-Hisui, L50, M|
|poke|p1|Garchomp, L50, F|
|poke|p2|Garchomp, L50, M|
|poke|p2|Scrafty, L50, F|
|poke|p2|Corviknight, L50, M|
|poke|p2|Toxapex, L50, F|
|poke|p2|Froslass, L50, F|
|poke|p2|Sneasler, L50, M|
|teampreview|4
|showteam|p1|Gholdengo||LifeOrb|GoodasGold|NastyPlot,MakeItRain,Thunderbolt,ShadowBall|Modest|||||50|]Incineroar||Leftovers|Intimidate|FakeOut,DarkestLariat,PartingShot,FlareBlitz|Adamant||F|||50|]Aerodactyl||Aerodactylite|Unnerve|Tailwind,RockSlide,Protect,DualWingbeat|Jolly||F|||50|]Sinistcha||SitrusBerry|Hospitality|MatchaGotcha,LifeDew,Protect,RagePowder|Modest|||||50|]Typhlosion-Hisui||ChoiceScarf|Blaze|FireBlast,Extrasensory,InfernalParade,NightShade|Modest||M|||50|]Garchomp||LumBerry|SandVeil|Earthquake,RockSlide,DragonClaw,Protect|Jolly||F|||50|
|showteam|p2|Garchomp||LifeOrb|RoughSkin|Earthquake,RockSlide,DragonClaw,Protect|Jolly||M|||50|]Scrafty||Scraftinite|Intimidate|DrainPunch,Detect,KnockOff,FakeOut|Careful||F|||50|]Corviknight||SitrusBerry|MirrorArmor|Protect,IronDefense,BodyPress,Roost|Careful||M|||50|]Toxapex||Leftovers|Regenerator|BanefulBunker,WideGuard,Toxic,Infestation|Careful||F|||50|]Froslass||Froslassite|CursedBody|AuroraVeil,Blizzard,ShadowBall,Protect|Timid||F|||50|]Sneasler||FocusSash|PoisonTouch|PoisonJab,Protect,FakeOut,CloseCombat|Jolly||M|||50|
|
|t:|1785899715
|teamsize|p1|4
|teamsize|p2|4
|start
|switch|p1a: Incineroar|Incineroar, L50, F|100/100
|switch|p1b: Aerodactyl|Aerodactyl, L50, F|100/100
|switch|p2a: Scrafty|Scrafty, L50, F|100/100
|switch|p2b: Toxapex|Toxapex, L50, F|100/100
|-ability|p1b: Aerodactyl|Unnerve
|-ability|p1a: Incineroar|Intimidate|boost
|-unboost|p2a: Scrafty|atk|1
|-unboost|p2b: Toxapex|atk|1
|-ability|p2a: Scrafty|Intimidate|boost
|-unboost|p1a: Incineroar|atk|1
|-unboost|p1b: Aerodactyl|atk|1
|turn|1
|
|t:|1785899752
|detailschange|p1b: Aerodactyl|Aerodactyl-Mega, L50, F
|-mega|p1b: Aerodactyl|Aerodactyl|Aerodactylite
|detailschange|p2a: Scrafty|Scrafty-Mega, L50, F
|-mega|p2a: Scrafty|Scrafty|Scraftinite
|-ability|p2a: Scrafty|Intimidate|boost
|-unboost|p1a: Incineroar|atk|1
|-unboost|p1b: Aerodactyl|atk|1
|move|p2a: Scrafty|Detect|p2a: Scrafty
|-singleturn|p2a: Scrafty|Protect
|move|p1a: Incineroar|Fake Out|p2b: Toxapex
|-damage|p2b: Toxapex|94/100
|move|p1b: Aerodactyl|Tailwind|p1b: Aerodactyl
|-sidestart|p1: ButterHarmo|move: Tailwind
|cant|p2b: Toxapex|flinch
|
|-heal|p2b: Toxapex|100/100|[from] item: Leftovers
|upkeep
|turn|2
|
|t:|1785899809
|move|p1b: Aerodactyl|Protect|p1b: Aerodactyl
|-singleturn|p1b: Aerodactyl|Protect
|move|p1a: Incineroar|Parting Shot|p2a: Scrafty
|-unboost|p2a: Scrafty|atk|1
|-unboost|p2a: Scrafty|spa|1
|
|t:|1785899822
|switch|p1a: Gholdengo|Gholdengo, L50|100/100|[from] Parting Shot
|move|p2a: Scrafty|Drain Punch|p1a: Gholdengo
|-immune|p1a: Gholdengo
|move|p2b: Toxapex|Toxic|p1b: Aerodactyl
|-activate|p1b: Aerodactyl|move: Protect
|
|upkeep
|turn|3
|
|t:|1785899856
|switch|p1b: Incineroar|Incineroar, L50, F|100/100
|-ability|p1b: Incineroar|Intimidate|boost
|-unboost|p2a: Scrafty|atk|1
|-unboost|p2b: Toxapex|atk|1
|move|p2b: Toxapex|Wide Guard|p2b: Toxapex
|-singleturn|p2b: Toxapex|Wide Guard
|move|p1a: Gholdengo|Thunderbolt|p2b: Toxapex
|-supereffective|p2b: Toxapex|1
|-damage|p2b: Toxapex|38/100
|-damage|p1a: Gholdengo|90/100|[from] item: Life Orb
|move|p2a: Scrafty|Knock Off|p1a: Gholdengo
|-supereffective|p1a: Gholdengo|1
|-damage|p1a: Gholdengo|50/100y
|-enditem|p1a: Gholdengo|Life Orb|[from] move: Knock Off|[of] p2a: Scrafty
|
|-heal|p2b: Toxapex|44/100|[from] item: Leftovers
|upkeep
|turn|4
|
|t:|1785899899
|-heal|p2b: Toxapex|77/100|[from] ability: Regenerator|[silent]
|switch|p2b: Garchomp|Garchomp, L50, M|100/100
|move|p2a: Scrafty|Detect|p2a: Scrafty
|-singleturn|p2a: Scrafty|Protect
|move|p1b: Incineroar|Fake Out|p2b: Garchomp
|-damage|p2b: Garchomp|86/100
|-damage|p1b: Incineroar|87/100|[from] ability: Rough Skin|[of] p2b: Garchomp
|move|p1a: Gholdengo|Make It Rain|p2a: Scrafty|[spread] 
|-activate|p2a: Scrafty|move: Protect
|-miss|p1a: Gholdengo|p2b: Garchomp
|
|-heal|p1b: Incineroar|93/100|[from] item: Leftovers
|-sideend|p1: ButterHarmo|move: Tailwind
|upkeep
|turn|5
|
|t:|1785899941
|switch|p1a: Aerodactyl|Aerodactyl-Mega, L50, F|100/100
|switch|p2a: Toxapex|Toxapex, L50, F|77/100
|move|p2b: Garchomp|Rock Slide|p1b: Incineroar|[spread] p1a,p1b
|-supereffective|p1a: Aerodactyl|1
|-supereffective|p1b: Incineroar|1
|-damage|p1a: Aerodactyl|28/100
|-damage|p1b: Incineroar|44/100
|-damage|p2b: Garchomp|76/100|[from] item: Life Orb
|move|p1b: Incineroar|Parting Shot|p2b: Garchomp
|-unboost|p2b: Garchomp|atk|1
|-unboost|p2b: Garchomp|spa|1
|
|t:|1785899956
|switch|p1b: Sinistcha|Sinistcha, L50|100/100|[from] Parting Shot
|-heal|p1a: Aerodactyl|53/100|[from] ability: Hospitality|[of] p1b: Sinistcha
|
|-heal|p2a: Toxapex|83/100|[from] item: Leftovers
|upkeep
|turn|6
|
|t:|1785899988
|switch|p1b: Gholdengo|Gholdengo, L50|50/100y
|move|p1a: Aerodactyl|Protect|p1a: Aerodactyl
|-singleturn|p1a: Aerodactyl|Protect
|move|p2b: Garchomp|Rock Slide|p1a: Aerodactyl|[spread] p1b
|-activate|p1a: Aerodactyl|move: Protect
|-resisted|p1b: Gholdengo|1
|-damage|p1b: Gholdengo|40/100
|-damage|p2b: Garchomp|67/100|[from] item: Life Orb
|move|p2a: Toxapex|Toxic|p1b: Gholdengo
|-immune|p1b: Gholdengo|[from] ability: Good as Gold
|
|-heal|p2a: Toxapex|89/100|[from] item: Leftovers
|upkeep
|turn|7
|
|t:|1785900021
|switch|p1a: Sinistcha|Sinistcha, L50|100/100
|-heal|p1b: Gholdengo|65/100|[from] ability: Hospitality|[of] p1a: Sinistcha
|switch|p1b: Incineroar|Incineroar, L50, F|44/100
|-ability|p1b: Incineroar|Intimidate|boost
|-unboost|p2a: Toxapex|atk|1
|-unboost|p2b: Garchomp|atk|1
|move|p2a: Toxapex|Baneful Bunker|p2a: Toxapex
|-singleturn|p2a: Toxapex|move: Protect
|move|p2b: Garchomp|Earthquake|p1a: Sinistcha|[spread] p1a,p1b
|-activate|p2a: Toxapex|move: Protect
|-resisted|p1a: Sinistcha|1
|-supereffective|p1b: Incineroar|1
|-damage|p1a: Sinistcha|85/100
|-damage|p1b: Incineroar|1/100
|-damage|p2b: Garchomp|57/100|[from] item: Life Orb
|
|-heal|p1b: Incineroar|7/100|[from] item: Leftovers
|-heal|p2a: Toxapex|94/100|[from] item: Leftovers
|upkeep
|turn|8
|
|t:|1785900060
|move|p1b: Incineroar|Fake Out|p2a: Toxapex
|-damage|p2a: Toxapex|85/100
|move|p2b: Garchomp|Rock Slide|p1b: Incineroar|[spread] p1a,p1b
|-supereffective|p1b: Incineroar|1
|-damage|p1a: Sinistcha|71/100
|-damage|p1b: Incineroar|0 fnt
|faint|p1b: Incineroar
|-damage|p2b: Garchomp|47/100|[from] item: Life Orb
|move|p1a: Sinistcha|Matcha Gotcha|p2b: Garchomp|[spread] p2a,p2b
|-damage|p2a: Toxapex|65/100
|-heal|p1a: Sinistcha|81/100|[from] drain|[of] p2a: Toxapex
|-damage|p2b: Garchomp|16/100
|-heal|p1a: Sinistcha|99/100|[from] drain|[of] p2b: Garchomp
|-status|p2b: Garchomp|brn
|cant|p2a: Toxapex|flinch
|
|-heal|p2a: Toxapex|71/100|[from] item: Leftovers
|-damage|p2b: Garchomp|10/100 brn|[from] brn
|upkeep
|
|t:|1785900083
|switch|p1b: Gholdengo|Gholdengo, L50|65/100
|turn|9
|
|t:|1785900104
|switch|p1b: Aerodactyl|Aerodactyl-Mega, L50, F|53/100
|move|p2a: Toxapex|Baneful Bunker|p2a: Toxapex
|-singleturn|p2a: Toxapex|move: Protect
|move|p2b: Garchomp|Earthquake|p1b: Aerodactyl|[spread] p1a
|-activate|p2a: Toxapex|move: Protect
|-immune|p1b: Aerodactyl
|-resisted|p1a: Sinistcha|1
|-damage|p1a: Sinistcha|93/100
|-damage|p2b: Garchomp|1/100 brn|[from] item: Life Orb
|move|p1a: Sinistcha|Matcha Gotcha|p2b: Garchomp|[spread] p2b
|-activate|p2a: Toxapex|move: Protect
|-damage|p2b: Garchomp|0 fnt
|-heal|p1a: Sinistcha|93/100|[from] drain|[of] p2b: Garchomp
|faint|p2b: Garchomp
|
|-heal|p2a: Toxapex|77/100|[from] item: Leftovers
|upkeep
|
|t:|1785900137
|switch|p2b: Sneasler|Sneasler, L50, M|100/100
|turn|10
|
|t:|1785900159
|move|p1a: Sinistcha|Protect|p1a: Sinistcha
|-singleturn|p1a: Sinistcha|Protect
|move|p2b: Sneasler|Fake Out|p1b: Aerodactyl
|-resisted|p1b: Aerodactyl|1
|-damage|p1b: Aerodactyl|43/100
|cant|p1b: Aerodactyl|flinch
|move|p2a: Toxapex|Infestation|p1a: Sinistcha
|-activate|p1a: Sinistcha|move: Protect
|
|-heal|p2a: Toxapex|82/100|[from] item: Leftovers
|upkeep
|turn|11
|
|t:|1785900206
|switch|p1a: Gholdengo|Gholdengo, L50|65/100
|move|p1b: Aerodactyl|Tailwind|p1b: Aerodactyl
|-sidestart|p1: ButterHarmo|move: Tailwind
|move|p2b: Sneasler|Poison Jab|p1a: Gholdengo
|-immune|p1a: Gholdengo
|move|p2a: Toxapex|Infestation|p1a: Gholdengo
|-resisted|p1a: Gholdengo|2
|-damage|p1a: Gholdengo|64/100
|-activate|p1a: Gholdengo|move: Infestation|[of] p2a: Toxapex
|
|-heal|p2a: Toxapex|88/100|[from] item: Leftovers
|-damage|p1a: Gholdengo|52/100|[from] move: Infestation|[partiallytrapped]
|upkeep
|turn|12
|
|t:|1785900238
|move|p2a: Toxapex|Baneful Bunker|p2a: Toxapex
|-singleturn|p2a: Toxapex|move: Protect
|move|p1b: Aerodactyl|Dual Wingbeat|p2b: Sneasler|[miss]
|-miss|p1b: Aerodactyl|p2b: Sneasler
|move|p1a: Gholdengo|Make It Rain|p2b: Sneasler|[spread] p2b
|-activate|p2a: Toxapex|move: Protect
|-damage|p2b: Sneasler|22/100
|-unboost|p1a: Gholdengo|spa|2
|move|p2b: Sneasler|Poison Jab|p1b: Aerodactyl
|-resisted|p1b: Aerodactyl|1
|-damage|p1b: Aerodactyl|14/100
|
|-heal|p2a: Toxapex|94/100|[from] item: Leftovers
|-damage|p1a: Gholdengo|40/100|[from] move: Infestation|[partiallytrapped]
|upkeep
|turn|13
|
|t:|1785900294
|switch|p1a: Sinistcha|Sinistcha, L50|93/100
|-heal|p1b: Aerodactyl|39/100|[from] ability: Hospitality|[of] p1a: Sinistcha
|move|p1b: Aerodactyl|Protect|p1b: Aerodactyl
|-singleturn|p1b: Aerodactyl|Protect
|move|p2b: Sneasler|Protect|p2b: Sneasler
|-singleturn|p2b: Sneasler|Protect
|move|p2a: Toxapex|Infestation|p1b: Aerodactyl
|-activate|p1b: Aerodactyl|move: Protect
|
|-heal|p2a: Toxapex|100/100|[from] item: Leftovers
|upkeep
|turn|14
|
|t:|1785900332
|switch|p2b: Scrafty|Scrafty-Mega, L50, F|100/100
|-ability|p2b: Scrafty|Intimidate|boost
|-unboost|p1a: Sinistcha|atk|1
|-unboost|p1b: Aerodactyl|atk|1
|move|p1a: Sinistcha|Protect|p1a: Sinistcha
|-singleturn|p1a: Sinistcha|Protect
|move|p1b: Aerodactyl|Dual Wingbeat|p2b: Scrafty
|-supereffective|p2b: Scrafty|1
|-damage|p2b: Scrafty|67/100
|-supereffective|p2b: Scrafty|1
|-damage|p2b: Scrafty|34/100
|-hitcount|p2b: Scrafty|2
|move|p2a: Toxapex|Toxic|p1a: Sinistcha
|-activate|p1a: Sinistcha|move: Protect
|
|-sideend|p1: ButterHarmo|move: Tailwind
|upkeep
|turn|15
|
|t:|1785900361
|move|p2b: Scrafty|Fake Out|p1b: Aerodactyl
|-resisted|p1b: Aerodactyl|1
|-damage|p1b: Aerodactyl|32/100
|move|p1a: Sinistcha|Rage Powder|p1a: Sinistcha
|-singleturn|p1a: Sinistcha|move: Rage Powder
|cant|p1b: Aerodactyl|flinch
|move|p2a: Toxapex|Toxic|p1a: Sinistcha
|-status|p1a: Sinistcha|tox
|
|-damage|p1a: Sinistcha|87/100 tox|[from] psn
|upkeep
|turn|16
|
|t:|1785900389
|move|p2b: Scrafty|Detect|p2b: Scrafty
|-singleturn|p2b: Scrafty|Protect
|move|p1b: Aerodactyl|Dual Wingbeat|p2a: Toxapex
|-damage|p2a: Toxapex|87/100
|-damage|p2a: Toxapex|74/100
|-hitcount|p2a: Toxapex|2
|move|p1a: Sinistcha|Matcha Gotcha|p2b: Scrafty|[spread] p2a
|-activate|p2b: Scrafty|move: Protect
|-damage|p2a: Toxapex|53/100
|-heal|p1a: Sinistcha|98/100 tox|[from] drain|[of] p2a: Toxapex
|move|p2a: Toxapex|Toxic|p1b: Aerodactyl
|-status|p1b: Aerodactyl|tox
|
|-heal|p2a: Toxapex|59/100|[from] item: Leftovers
|-damage|p1b: Aerodactyl|26/100 tox|[from] psn
|-damage|p1a: Sinistcha|85/100 tox|[from] psn
|upkeep
|turn|17
|
|t:|1785900450
|switch|p1b: Gholdengo|Gholdengo, L50|40/100
|switch|p2b: Sneasler|Sneasler, L50, M|22/100
|move|p2a: Toxapex|Baneful Bunker|p2a: Toxapex
|-singleturn|p2a: Toxapex|move: Protect
|move|p1a: Sinistcha|Matcha Gotcha|p2a: Toxapex|[spread] p2b
|-activate|p2a: Toxapex|move: Protect
|-resisted|p2b: Sneasler|1
|-damage|p2b: Sneasler|3/100
|-heal|p1a: Sinistcha|95/100 tox|[from] drain|[of] p2b: Sneasler
|
|-heal|p2a: Toxapex|64/100|[from] item: Leftovers
|-damage|p1a: Sinistcha|77/100 tox|[from] psn
|upkeep
|turn|18
|
|t:|1785900480
|switch|p1a: Aerodactyl|Aerodactyl-Mega, L50, F|26/100 tox
|move|p2a: Toxapex|Wide Guard|p2a: Toxapex
|-singleturn|p2a: Toxapex|Wide Guard
|move|p2b: Sneasler|Poison Jab|p1a: Aerodactyl
|-resisted|p1a: Aerodactyl|1
|-damage|p1a: Aerodactyl|1/100 tox
|move|p1b: Gholdengo|Nasty Plot|p1b: Gholdengo
|-boost|p1b: Gholdengo|spa|2
|
|-heal|p2a: Toxapex|70/100|[from] item: Leftovers
|-damage|p1a: Aerodactyl|0 fnt|[from] psn
|faint|p1a: Aerodactyl
|upkeep
|
|t:|1785900497
|switch|p1a: Sinistcha|Sinistcha, L50|77/100 tox
|-heal|p1b: Gholdengo|65/100|[from] ability: Hospitality|[of] p1a: Sinistcha
|turn|19
|
|t:|1785900521
|move|p2a: Toxapex|Baneful Bunker||[still]
|-fail|p2a: Toxapex
|move|p2b: Sneasler|Poison Jab|p1b: Gholdengo
|-immune|p1b: Gholdengo
|move|p1b: Gholdengo|Thunderbolt|p2a: Toxapex
|-supereffective|p2a: Toxapex|1
|-damage|p2a: Toxapex|0 fnt
|faint|p2a: Toxapex
|move|p1a: Sinistcha|Life Dew|p1a: Sinistcha|[spread] p1a
|-immune|p1b: Gholdengo|[from] ability: Good as Gold
|-heal|p1a: Sinistcha|100/100 tox
|
|-damage|p1a: Sinistcha|93/100 tox|[from] psn
|upkeep
|
|t:|1785900537
|switch|p2a: Scrafty|Scrafty-Mega, L50, F|34/100
|-ability|p2a: Scrafty|Intimidate|boost
|-unboost|p1a: Sinistcha|atk|1
|-unboost|p1b: Gholdengo|atk|1
|turn|20
|
|t:|1785900549
|move|p2b: Sneasler|Poison Jab|p1a: Sinistcha
|-damage|p1a: Sinistcha|50/100g tox
|move|p1b: Gholdengo|Make It Rain|p2b: Sneasler|[spread] p2a,p2b
|-damage|p2a: Scrafty|0 fnt
|-damage|p2b: Sneasler|0 fnt
|-unboost|p1b: Gholdengo|spa|2
|faint|p2a: Scrafty
|faint|p2b: Sneasler
|
|win|ButterHarmo
|inactive|ButterHarmo has 30 seconds to confirm battle start!
|inactive|Craftulaa has 30 seconds to confirm battle start!
|inactive|ButterHarmo has 20 seconds to confirm battle start!
|inactive|Craftulaa has 20 seconds to confirm battle start!
|inactive|ButterHarmo has 10 seconds to confirm battle start!
|inactive|Craftulaa has 10 seconds to confirm battle start!
||Craftulaa is ready for game 2.
||ButterHarmo is ready for game 2.
|uhtml|next|Next: Game 2 of 3
|l|☆ButterHarmo
|player|p1|
|j|☆ButterHarmo
|player|p1|ButterHarmo|2|
