|j|☆analtwithacoolname
|j|☆BatttleBot1
|html|analtwithacoolnameBatttleBot1    
|uhtml|bestof|Game 2 of a best-of-3
|t:|1756861137
|gametype|doubles
|player|p1|analtwithacoolname|richboy-gen4|
|player|p2|BatttleBot1|1|
|gen|9
|tier|[Gen 9] VGC 2025 Reg H (Bo3)
|rule|Species Clause: Limit one of each Pokémon
|rule|Item Clause: Limit 1 of each item
|clearpoke
|poke|p1|Kommo-o, L50, M|
|poke|p1|Sinistcha, L50|
|poke|p1|Incineroar, L50, F|
|poke|p1|Golduck, L50, F|
|poke|p1|Weezing-Galar, L50, M|
|poke|p1|Toedscruel, L50, F|
|poke|p2|Charizard, L50, F|
|poke|p2|Torkoal, L50, F|
|poke|p2|Porygon2, L50|
|poke|p2|Incineroar, L50, M|
|poke|p2|Jumpluff, L50, F|
|poke|p2|Ursaluna, L50, M|
|teampreview|4
|showteam|p1|Kommo-o||Leftovers|Overcoat|BodyPress,IronDefense,ThroatChop,Protect|||M|||50|,,,,,Steel]Sinistcha||SitrusBerry|Hospitality|MatchaGotcha,CalmMind,StrengthSap,RagePowder||||||50|,,,,,Grass]Incineroar||AbilityShield|Intimidate|FakeOut,KnockOff,FlareBlitz,Snarl|||F|||50|,,,,,Grass]Golduck||SafetyGoggles|CloudNine|MuddyWater,SimpleBeam,Soak,Protect|||F|||50|,,,,,Steel]Weezing-Galar||FocusSash|NeutralizingGas|SludgeBomb,StrangeSteam,WillOWisp,Protect|||M|||50|,,,,,Flying]Toedscruel||CovertCloak|MyceliumMight|Spore,EarthPower,EnergyBall,Protect|||F|||50|,,,,,Steel
|showteam|p2|Charizard||ChoiceSpecs|SolarPower|HeatWave,Overheat,WeatherBall,AirSlash|||F|||50|,,,,,Ghost]Torkoal||EjectPack|Drought|Eruption,Overheat,HelpingHand,Protect|||F|||50|,,,,,Fire]Porygon2||Eviolite|Download|TeraBlast,IceBeam,Recover,TrickRoom||||||50|,,,,,Fighting]Incineroar||SitrusBerry|Intimidate|FlareBlitz,KnockOff,FakeOut,PartingShot|||M|||50|,,,,,Ghost]Jumpluff||CovertCloak|Chlorophyll|SleepPowder,SunnyDay,RagePowder,Tailwind|||F|||50|,,,,,Water]Ursaluna||FlameOrb|Guts|HeadlongRush,Facade,Earthquake,Protect|||M|||50|,,,,,Ghost
|
|t:|1756861172
|teamsize|p1|4
|teamsize|p2|4
|start
|switch|p1a: Incineroar|Incineroar, L50, F|100/100
|switch|p1b: Toedscruel|Toedscruel, L50, F|100/100
|switch|p2a: Incineroar|Incineroar, L50, M|100/100
|switch|p2b: Porygon2|Porygon2, L50|100/100
|-ability|p2a: Incineroar|Intimidate|boost
|-unboost|p1a: Incineroar|atk|1
|-unboost|p1b: Toedscruel|atk|1
|-ability|p1a: Incineroar|Intimidate|boost
|-unboost|p2a: Incineroar|atk|1
|-unboost|p2b: Porygon2|atk|1
|-ability|p2b: Porygon2|Download|boost
|-boost|p2b: Porygon2|atk|1
|turn|1
|
|t:|1756861208
|move|p1a: Incineroar|Fake Out|p2b: Porygon2
|-crit|p2b: Porygon2
|-damage|p2b: Porygon2|89/100
|move|p1b: Toedscruel|Earth Power|p2a: Incineroar
|-supereffective|p2a: Incineroar
|-damage|p2a: Incineroar|35/100
|-enditem|p2a: Incineroar|Sitrus Berry|[eat]
|-heal|p2a: Incineroar|60/100|[from] item: Sitrus Berry
|move|p2a: Incineroar|Flare Blitz|p1b: Toedscruel
|-supereffective|p1b: Toedscruel
|-damage|p1b: Toedscruel|0 fnt
|faint|p1b: Toedscruel
|-damage|p2a: Incineroar|35/100|[from] Recoil
|cant|p2b: Porygon2|flinch
|
|upkeep
|
|t:|1756861227
|switch|p1b: Kommo-o|Kommo-o, L50, M|100/100
|turn|2
|
|t:|1756861258
|switch|p2a: Torkoal|Torkoal, L50, F|100/100
|-weather|SunnyDay|[from] ability: Drought|[of] p2a: Torkoal
|move|p1b: Kommo-o|Iron Defense|p1b: Kommo-o
|-boost|p1b: Kommo-o|def|2
|move|p1a: Incineroar|Snarl|p2b: Porygon2|[spread] p2a,p2b
|-damage|p2a: Torkoal|85/100
|-damage|p2b: Porygon2|82/100
|-unboost|p2a: Torkoal|spa|1
|-unboost|p2b: Porygon2|spa|1
|-enditem|p2a: Torkoal|Eject Pack
|
|t:|1756861271
|switch|p2a: Incineroar|Incineroar, L50, M|35/100
|-ability|p2a: Incineroar|Intimidate|boost
|-unboost|p1a: Incineroar|atk|1
|-unboost|p1b: Kommo-o|atk|1
|move|p2b: Porygon2|Trick Room|p2b: Porygon2
|-fieldstart|move: Trick Room|[of] p2b: Porygon2
|
|-weather|SunnyDay|[upkeep]
|upkeep
|turn|3
|
|t:|1756861315
|switch|p2b: Torkoal|Torkoal, L50, F|85/100
|switch|p1a: Golduck|Golduck, L50, F|100/100
|-ability|p1a: Golduck|Cloud Nine
|move|p1b: Kommo-o|Protect|p1b: Kommo-o
|-singleturn|p1b: Kommo-o|Protect
|move|p2a: Incineroar|Fake Out|p1a: Golduck
|-damage|p1a: Golduck|86/100
|
|-weather|SunnyDay|[upkeep]
|upkeep
|turn|4
|
|t:|1756861368
|move|p2b: Torkoal|Eruption|p1b: Kommo-o|[spread] p1a,p1b
|-resisted|p1a: Golduck
|-resisted|p1b: Kommo-o
|-damage|p1a: Golduck|63/100
|-damage|p1b: Kommo-o|82/100
|move|p1b: Kommo-o|Body Press|p2b: Torkoal
|-damage|p2b: Torkoal|12/100
|move|p2a: Incineroar|Parting Shot|p1a: Golduck
|-unboost|p1a: Golduck|atk|1
|-unboost|p1a: Golduck|spa|1
|
|t:|1756861377
|switch|p2a: Ursaluna|Ursaluna, L50, M|100/100|[from] Parting Shot
|move|p1a: Golduck|Muddy Water|p2b: Torkoal|[spread] p2a,p2b
|-supereffective|p2a: Ursaluna
|-supereffective|p2b: Torkoal
|-damage|p2a: Ursaluna|74/100
|-damage|p2b: Torkoal|0 fnt
|faint|p2b: Torkoal
|
|-weather|SunnyDay|[upkeep]
|-heal|p1b: Kommo-o|88/100|[from] item: Leftovers
|-status|p2a: Ursaluna|brn|[from] item: Flame Orb
|upkeep
|
|t:|1756861388
|switch|p2b: Incineroar|Incineroar, L50, M|35/100
|-ability|p2b: Incineroar|Intimidate|boost
|-unboost|p1a: Golduck|atk|1
|-unboost|p1b: Kommo-o|atk|1
|turn|5
|
|t:|1756861500
|switch|p1a: Incineroar|Incineroar, L50, F|100/100
|-ability|p1a: Incineroar|Intimidate|boost
|-unboost|p2a: Ursaluna|atk|1
|-unboost|p2b: Incineroar|atk|1
|-terastallize|p2a: Ursaluna|Ghost
|move|p2b: Incineroar|Fake Out|p1b: Kommo-o
|-damage|p1b: Kommo-o|85/100
|move|p2a: Ursaluna|Facade|p1a: Incineroar
|-damage|p1a: Incineroar|26/100
|cant|p1b: Kommo-o|flinch
|
|-weather|SunnyDay|[upkeep]
|-heal|p1b: Kommo-o|91/100|[from] item: Leftovers
|-damage|p2a: Ursaluna|68/100 brn|[from] brn
|upkeep
|turn|6
|
|t:|1756861586
|move|p1b: Kommo-o|Protect|p1b: Kommo-o
|-singleturn|p1b: Kommo-o|Protect
|move|p1a: Incineroar|Fake Out|p2b: Incineroar
|-crit|p2b: Incineroar
|-damage|p2b: Incineroar|19/100
|move|p2a: Ursaluna|Facade|p1b: Kommo-o
|-activate|p1b: Kommo-o|move: Protect
|cant|p2b: Incineroar|flinch
|
|-weather|none
|-heal|p1b: Kommo-o|97/100|[from] item: Leftovers
|-damage|p2a: Ursaluna|62/100 brn|[from] brn
|-fieldend|move: Trick Room
|upkeep
|turn|7
|
|t:|1756861639
|move|p2b: Incineroar|Parting Shot|p1a: Incineroar
|-unboost|p1a: Incineroar|atk|1
|-unboost|p1a: Incineroar|spa|1
|
|t:|1756861647
|switch|p2b: Porygon2|Porygon2, L50|82/100|[from] Parting Shot
|-ability|p2b: Porygon2|Download|boost
|-boost|p2b: Porygon2|spa|1
|move|p1b: Kommo-o|Body Press|p2b: Porygon2
|-supereffective|p2b: Porygon2
|-damage|p2b: Porygon2|0 fnt
|faint|p2b: Porygon2
|move|p1a: Incineroar|Knock Off|p2a: Ursaluna
|-supereffective|p2a: Ursaluna
|-crit|p2a: Ursaluna
|-damage|p2a: Ursaluna|0 fnt
|-enditem|p2a: Ursaluna|Flame Orb|[from] move: Knock Off|[of] p1a: Incineroar
|faint|p2a: Ursaluna
|
|-heal|p1b: Kommo-o|100/100|[from] item: Leftovers
|upkeep
|
|t:|1756861662
|switch|p2b: Incineroar|Incineroar, L50, M|19/100
|-ability|p2b: Incineroar|Intimidate|boost
|-unboost|p1a: Incineroar|atk|1
|-unboost|p1b: Kommo-o|atk|1
|turn|8
|
|t:|1756861733
|move|p2b: Incineroar|Knock Off|p1a: Incineroar
|-resisted|p1a: Incineroar
|-crit|p1a: Incineroar
|-damage|p1a: Incineroar|2/100
|-enditem|p1a: Incineroar|Ability Shield|[from] move: Knock Off|[of] p2b: Incineroar
|move|p1b: Kommo-o|Body Press|p2b: Incineroar
|-supereffective|p2b: Incineroar
|-damage|p2b: Incineroar|0 fnt
|faint|p2b: Incineroar
|
|win|analtwithacoolname
|l|☆analtwithacoolname
|player|p1|
|l|☆BatttleBot1
|player|p2|
|j|☆BatttleBot1
|player|p2|BatttleBot1|1|
