|j|☆Lacossg
|j|☆LastHorzion
|html|LacossgLastHorzion    
|uhtml|bestof|Game 2 of a best-of-3
|t:|1755186702
|gametype|doubles
|player|p1|Lacossg|265|1234
|player|p2|LastHorzion|steven|1345
|gen|9
|tier|[Gen 9] VGC 2025 Reg H (Bo3)
|rated|
|rule|Species Clause: Limit one of each Pokémon
|rule|Item Clause: Limit 1 of each item
|clearpoke
|poke|p1|Pachirisu, L50, F|
|poke|p1|Ninetales-Alola, L50, M|
|poke|p1|Incineroar, L50, M|
|poke|p1|Rillaboom, L50, M|
|poke|p1|Garganacl, L50, F|
|poke|p1|Glimmora, L50, M|
|poke|p2|Sneasler, L50, F|
|poke|p2|Indeedee, L50, M|
|poke|p2|Ursaluna-Bloodmoon, L50, M|
|poke|p2|Whimsicott, L50, F|
|poke|p2|Typhlosion-Hisui, L50, F|
|poke|p2|Dragonite, L50, M|
|teampreview|4
|showteam|p1|Pachirisu||SitrusBerry|VoltAbsorb|FollowMe,SuperFang,Encore,Protect|||F|||50|,,,,,Water]Ninetales-Alola||LightClay|SnowWarning|Protect,FreezeDry,AuroraVeil,Moonblast|||M|||50|,,,,,Ghost]Incineroar||SafetyGoggles|Intimidate|KnockOff,FlareBlitz,PartingShot,FakeOut|||M|||50|,,,,,Ghost]Rillaboom||AssaultVest|GrassySurge|HighHorsepower,GrassyGlide,WoodHammer,FakeOut|||M|||50|,,,,,Fire]Garganacl||MarangaBerry|PurifyingSalt|SaltCure,Recover,StealthRock,Protect|||F|||50|,,,,,Ghost]Glimmora||CovertCloak|ToxicDebris|DazzlingGleam,SludgeBomb,PowerGem,EarthPower|||M|||50|,,,,,Grass
|showteam|p2|Sneasler||PsychicSeed|Unburden|CloseCombat,DireClaw,ThroatChop,Protect|||F|||50|,,,,,Dark]Indeedee||FocusSash|PsychicSurge|ExpandingForce,TeraBlast,Imprison,TrickRoom|||M|||50|,,,,,Ground]Ursaluna-Bloodmoon||LifeOrb|MindsEye|BloodMoon,EarthPower,HyperVoice,Protect|||M|||50|,,,,,Normal]Whimsicott||CovertCloak|Prankster|Tailwind,Moonblast,Encore,SunnyDay|||F|||50|,,,,,Water]Typhlosion-Hisui||ChoiceScarf|Blaze|Eruption,Curse,HeatWave,ShadowBall|||F|||50|,,,,,Fire]Dragonite||LoadedDice|Multiscale|ScaleShot,StompingTantrum,Haze,Protect|||M|||50|,,,,,Fairy
|inactive|Battle timer is ON: inactive players will automatically lose when time's up. (requested by LastHorzion)
|inactive|Lacossg has 60 seconds left.
|inactive|LastHorzion has 60 seconds left.
|inactive|Lacossg has 30 seconds left.
|
|t:|1755186763
|teamsize|p1|4
|teamsize|p2|4
|start
|switch|p1a: Garganacl|Garganacl, L50, F|100/100
|switch|p1b: Incineroar|Incineroar, L50, M|100/100
|switch|p2a: Ursaluna|Ursaluna-Bloodmoon, L50, M|100/100
|switch|p2b: Indeedee|Indeedee, L50, M, shiny|100/100
|-fieldstart|move: Psychic Terrain|[from] ability: Psychic Surge|[of] p2b: Indeedee
|-ability|p1b: Incineroar|Intimidate|boost
|-unboost|p2a: Ursaluna|atk|1
|-unboost|p2b: Indeedee|atk|1
|turn|1
|inactive|LastHorzion has 30 seconds left.
|inactive|LastHorzion has 20 seconds left.
|
|t:|1755186801
|-terastallize|p2b: Indeedee|Ground
|move|p1a: Garganacl|Protect|p1a: Garganacl
|-singleturn|p1a: Garganacl|Protect
|move|p2b: Indeedee|Tera Blast|p1a: Garganacl|[anim] Tera Blast Ground
|-activate|p1a: Garganacl|move: Protect
|move|p1b: Incineroar|Knock Off|p2a: Ursaluna
|-damage|p2a: Ursaluna|67/100
|-enditem|p2a: Ursaluna|Life Orb|[from] move: Knock Off|[of] p1b: Incineroar
|move|p2a: Ursaluna|Blood Moon|p1b: Incineroar
|-damage|p1b: Incineroar|22/100
|
|upkeep
|turn|2
|inactive|Lacossg has 30 seconds left.
|
|t:|1755186832
|-terastallize|p1a: Garganacl|Ghost
|move|p2b: Indeedee|Tera Blast|p1a: Garganacl|[anim] Tera Blast Ground
|-crit|p1a: Garganacl
|-damage|p1a: Garganacl|56/100
|-enditem|p1a: Garganacl|Maranga Berry|[eat]
|-boost|p1a: Garganacl|spd|1|[from] item: Maranga Berry
|move|p1b: Incineroar|Parting Shot|p2a: Ursaluna
|-unboost|p2a: Ursaluna|atk|1
|-unboost|p2a: Ursaluna|spa|1
|
|t:|1755186842
|switch|p1b: Rillaboom|Rillaboom, L50, M|100/100|[from] Parting Shot
|-fieldstart|move: Grassy Terrain|[from] ability: Grassy Surge|[of] p1b: Rillaboom
|move|p2a: Ursaluna|Hyper Voice|p1b: Rillaboom|[spread] p1a,p1b
|-damage|p1a: Garganacl|42/100
|-damage|p1b: Rillaboom|85/100
|move|p1a: Garganacl|Stealth Rock|p2a: Ursaluna
|-sidestart|p2: LastHorzion|move: Stealth Rock
|
|-heal|p1b: Rillaboom|91/100|[from] Grassy Terrain
|-heal|p2a: Ursaluna|72/100|[from] Grassy Terrain
|-heal|p1a: Garganacl|48/100|[from] Grassy Terrain
|upkeep
|turn|3
|inactive|LastHorzion has 30 seconds left.
|
|t:|1755186872
|move|p2b: Indeedee|Expanding Force|p1a: Garganacl
|-damage|p1a: Garganacl|29/100
|move|p1b: Rillaboom|Wood Hammer|p2a: Ursaluna
|-supereffective|p2a: Ursaluna
|-damage|p2a: Ursaluna|0 fnt
|faint|p2a: Ursaluna
|-damage|p1b: Rillaboom|69/100|[from] Recoil
|move|p1a: Garganacl|Recover|p1a: Garganacl
|-heal|p1a: Garganacl|79/100
|
|-heal|p1b: Rillaboom|75/100|[from] Grassy Terrain
|-heal|p1a: Garganacl|85/100|[from] Grassy Terrain
|upkeep
|
|t:|1755186882
|switch|p2a: Typhlosion|Typhlosion-Hisui, L50, F|100/100
|-damage|p2a: Typhlosion|76/100|[from] Stealth Rock
|turn|4
|
|t:|1755186893
|switch|p1b: Incineroar|Incineroar, L50, M|22/100
|-ability|p1b: Incineroar|Intimidate|boost
|-unboost|p2a: Typhlosion|atk|1
|-unboost|p2b: Indeedee|atk|1
|move|p2a: Typhlosion|Heat Wave|p1a: Garganacl|[spread] p1a,p1b
|-resisted|p1b: Incineroar
|-damage|p1a: Garganacl|65/100
|-damage|p1b: Incineroar|4/100
|move|p2b: Indeedee|Tera Blast|p1b: Incineroar|[anim] Tera Blast Ground
|-supereffective|p1b: Incineroar
|-damage|p1b: Incineroar|0 fnt
|faint|p1b: Incineroar
|move|p1a: Garganacl|Salt Cure|p2a: Typhlosion
|-supereffective|p2a: Typhlosion
|-damage|p2a: Typhlosion|38/100
|-start|p2a: Typhlosion|Salt Cure
|
|-heal|p2a: Typhlosion|44/100|[from] Grassy Terrain
|-heal|p1a: Garganacl|71/100|[from] Grassy Terrain
|-damage|p2a: Typhlosion|32/100|[from] Salt Cure
|upkeep
|
|t:|1755186908
|switch|p1b: Rillaboom|Rillaboom, L50, M|75/100
|turn|5
|
|t:|1755186919
|switch|p2a: Dragonite|Dragonite, L50, M|100/100
|-damage|p2a: Dragonite|76/100|[from] Stealth Rock
|move|p1b: Rillaboom|Grassy Glide|p2b: Indeedee
|-supereffective|p2b: Indeedee
|-enditem|p2b: Indeedee|Focus Sash
|-damage|p2b: Indeedee|1/100
|move|p2b: Indeedee|Expanding Force|p1a: Garganacl
|-damage|p1a: Garganacl|53/100
|move|p1a: Garganacl|Salt Cure|p2b: Indeedee
|-resisted|p2b: Indeedee
|-damage|p2b: Indeedee|0 fnt
|faint|p2b: Indeedee
|
|-heal|p1b: Rillaboom|81/100|[from] Grassy Terrain
|-heal|p1a: Garganacl|58/100|[from] Grassy Terrain
|upkeep
|
|t:|1755186930
|switch|p2b: Typhlosion|Typhlosion-Hisui, L50, F|32/100
|-damage|p2b: Typhlosion|7/100|[from] Stealth Rock
|turn|6
|
|t:|1755186939
|move|p1b: Rillaboom|Grassy Glide|p2b: Typhlosion
|-resisted|p2b: Typhlosion
|-damage|p2b: Typhlosion|0 fnt
|faint|p2b: Typhlosion
|move|p2a: Dragonite|Scale Shot|p1a: Garganacl
|-damage|p1a: Garganacl|50/100
|-damage|p1a: Garganacl|40/100
|-damage|p1a: Garganacl|31/100
|-damage|p1a: Garganacl|22/100
|-hitcount|p1a: Garganacl|4
|-unboost|p2a: Dragonite|def|1
|-boost|p2a: Dragonite|spe|1
|move|p1a: Garganacl|Salt Cure|p2a: Dragonite
|-supereffective|p2a: Dragonite
|-damage|p2a: Dragonite|26/100
|-start|p2a: Dragonite|Salt Cure
|
|-heal|p1b: Rillaboom|87/100|[from] Grassy Terrain
|-heal|p1a: Garganacl|28/100|[from] Grassy Terrain
|-damage|p2a: Dragonite|14/100|[from] Salt Cure
|-fieldend|move: Grassy Terrain
|upkeep
|turn|7
|-message|LastHorzion forfeited.
|
|win|Lacossg
|raw|Lacossg's rating: 1234 → 1267(+33 for winning)
|raw|LastHorzion's rating: 1345 → 1319(-26 for losing)
|l|☆Lacossg
|player|p1|
