|j|☆endK649
|j|☆spuntin
|html|endK649spuntin    
|uhtml|bestof|Game 1 of a best-of-3
|t:|1756942321
|gametype|doubles
|player|p1|endK649|gambler|1101
|player|p2|spuntin|169|1000
|gen|9
|tier|[Gen 9] VGC 2025 Reg H (Bo3)
|rated|
|rule|Species Clause: Limit one of each Pokémon
|rule|Item Clause: Limit 1 of each item
|clearpoke
|poke|p1|Feraligatr, L50, M|
|poke|p1|Kommo-o, L50, M|
|poke|p1|Politoed, L50, M|
|poke|p1|Rillaboom, L50, F|
|poke|p1|Incineroar, L50, M|
|poke|p1|Electabuzz, L50, M|
|poke|p2|Electabuzz, L50, F|
|poke|p2|Garchomp, L50, F|
|poke|p2|Archaludon, L50, F|
|poke|p2|Incineroar, L50, F|
|poke|p2|Annihilape, L50, F|
|poke|p2|Tyranitar, L50, M|
|teampreview|4
|showteam|p1|Feraligatr||LifeOrb|SheerForce|Liquidation,Crunch,DragonDance,Protect|||M|||50|,,,,,Dark]Kommo-o||ThroatSpray|Overcoat|ClangingScales,AuraSphere,ClangorousSoul,Protect|||M|||50|,,,,,Fairy]Politoed||SitrusBerry|Drizzle|WeatherBall,IcyWind,Haze,Protect|||M|||50|,,,,,Grass]Rillaboom||AssaultVest|GrassySurge|WoodHammer,GrassyGlide,FakeOut,Uturn|||F|||50|,,,,,Fire]Incineroar||SafetyGoggles|Intimidate|KnockOff,FakeOut,HelpingHand,PartingShot|||M|||50|,,,,,Ghost]Electabuzz||Eviolite|VitalSpirit|Electroweb,Taunt,FollowMe,VoltSwitch|||M|||50|,,,,,Ghost
|showteam|p2|Electabuzz||Eviolite|VitalSpirit|FollowMe,Taunt,Protect,Electroweb|||F|||50|,,,,,Fairy]Garchomp||LifeOrb|RoughSkin|DragonClaw,Liquidation,SwordsDance,Protect|||F|||50|,,,,,Steel]Archaludon||AssaultVest|Stamina|FlashCannon,DracoMeteor,Thunderbolt,BodyPress|||F|||50|,,,,,Grass]Incineroar||RockyHelmet|Intimidate|KnockOff,FakeOut,FlareBlitz,PartingShot|||F|||50|,,,,,Ghost]Annihilape||ChoiceScarf|Defiant|FinalGambit,Uturn,RageFist,DrainPunch|||F|||50|,,,,,Dark]Tyranitar||SafetyGoggles|SandStream|Crunch,IceBeam,RockSlide,Protect|||M|||50|,,,,,Flying
|
|t:|1756942404
|teamsize|p1|4
|teamsize|p2|4
|start
|switch|p1a: Kommo-o|Kommo-o, L50, M|100/100
|switch|p1b: Rillaboom|Rillaboom, L50, F, shiny|100/100
|switch|p2a: Annihilape|Annihilape, L50, F|100/100
|switch|p2b: Electabuzz|Electabuzz, L50, F|100/100
|-fieldstart|move: Grassy Terrain|[from] ability: Grassy Surge|[of] p1b: Rillaboom
|turn|1
|inactive|Battle timer is ON: inactive players will automatically lose when time's up. (requested by endK649)
|inactive|spuntin has 60 seconds left.
|inactive|spuntin has 30 seconds left.
|inactive|spuntin has 20 seconds left.
|inactive|spuntin has 15 seconds left.
|inactive|spuntin has 10 seconds left.
|inactive|spuntin has 5 seconds left.
|
|t:|1756942491
|move|p2b: Electabuzz|Protect|p2b: Electabuzz
|-singleturn|p2b: Electabuzz|Protect
|move|p1a: Kommo-o|Protect|p1a: Kommo-o
|-singleturn|p1a: Kommo-o|Protect
|move|p2a: Annihilape|Final Gambit|p1b: Rillaboom
|-damage|p1b: Rillaboom|0 fnt
|faint|p2a: Annihilape
|faint|p1b: Rillaboom
|
|upkeep
|
|t:|1756942507
|switch|p2a: Garchomp|Garchomp, L50, F|100/100
|switch|p1b: Feraligatr|Feraligatr, L50, M, shiny|100/100
|turn|2
|inactive|spuntin has 30 seconds left.
|
|t:|1756942533
|-terastallize|p1a: Kommo-o|Fairy
|move|p2a: Garchomp|Swords Dance|p2a: Garchomp
|-boost|p2a: Garchomp|atk|2
|move|p2b: Electabuzz|Electroweb|p1b: Feraligatr|[spread] p1a,p1b
|-supereffective|p1b: Feraligatr
|-damage|p1a: Kommo-o|87/100
|-damage|p1b: Feraligatr|69/100
|-unboost|p1a: Kommo-o|spe|1
|-unboost|p1b: Feraligatr|spe|1
|move|p1a: Kommo-o|Clanging Scales|p2b: Electabuzz|[spread] p2a,p2b
|-supereffective|p2a: Garchomp
|-damage|p2a: Garchomp|27/100
|-damage|p2b: Electabuzz|69/100
|-unboost|p1a: Kommo-o|def|1
|-enditem|p1a: Kommo-o|Throat Spray
|-boost|p1a: Kommo-o|spa|1|[from] item: Throat Spray
|move|p1b: Feraligatr|Dragon Dance|p1b: Feraligatr
|-boost|p1b: Feraligatr|atk|1
|-boost|p1b: Feraligatr|spe|1
|
|-heal|p2a: Garchomp|33/100|[from] Grassy Terrain
|-heal|p2b: Electabuzz|74/100|[from] Grassy Terrain
|-heal|p1b: Feraligatr|74/100|[from] Grassy Terrain
|-heal|p1a: Kommo-o|93/100|[from] Grassy Terrain
|upkeep
|turn|3
|inactive|spuntin has 30 seconds left.
|inactive|endK649 has 30 seconds left.
|inactive|spuntin has 20 seconds left.
|inactive|spuntin has 15 seconds left.
|inactive|spuntin has 10 seconds left.
|
|t:|1756942579
|move|p2a: Garchomp|Protect|p2a: Garchomp
|-singleturn|p2a: Garchomp|Protect
|move|p2b: Electabuzz|Electroweb|p1b: Feraligatr|[spread] p1a,p1b
|-supereffective|p1b: Feraligatr
|-damage|p1a: Kommo-o|77/100
|-damage|p1b: Feraligatr|39/100
|-unboost|p1a: Kommo-o|spe|1
|-unboost|p1b: Feraligatr|spe|1
|move|p1b: Feraligatr|Liquidation|p2a: Garchomp
|-activate|p2a: Garchomp|move: Protect
|move|p1a: Kommo-o|Clanging Scales|p2a: Garchomp|[spread] p2b
|-activate|p2a: Garchomp|move: Protect
|-damage|p2b: Electabuzz|28/100
|-unboost|p1a: Kommo-o|def|1
|
|-heal|p2a: Garchomp|39/100|[from] Grassy Terrain
|-heal|p2b: Electabuzz|34/100|[from] Grassy Terrain
|-heal|p1b: Feraligatr|45/100|[from] Grassy Terrain
|-heal|p1a: Kommo-o|84/100|[from] Grassy Terrain
|upkeep
|turn|4
|inactive|spuntin has 30 seconds left.
|
|t:|1756942608
|switch|p1a: Politoed|Politoed, L50, M|100/100
|-weather|RainDance|[from] ability: Drizzle|[of] p1a: Politoed
|move|p2b: Electabuzz|Follow Me|p2b: Electabuzz
|-singleturn|p2b: Electabuzz|move: Follow Me
|move|p2a: Garchomp|Dragon Claw|p1b: Feraligatr
|-crit|p1b: Feraligatr
|-damage|p1b: Feraligatr|0 fnt
|faint|p1b: Feraligatr
|-damage|p2a: Garchomp|29/100|[from] item: Life Orb
|
|-weather|RainDance|[upkeep]
|-heal|p2a: Garchomp|35/100|[from] Grassy Terrain
|-heal|p2b: Electabuzz|40/100|[from] Grassy Terrain
|upkeep
|
|t:|1756942615
|switch|p1b: Kommo-o|Kommo-o, L50, M, tera:Fairy|84/100
|turn|5
|inactive|endK649 has 30 seconds left.
|inactive|spuntin has 30 seconds left.
|
|t:|1756942645
|move|p2b: Electabuzz|Follow Me|p2b: Electabuzz
|-singleturn|p2b: Electabuzz|move: Follow Me
|move|p2a: Garchomp|Liquidation|p1b: Kommo-o
|-damage|p1b: Kommo-o|0 fnt
|faint|p1b: Kommo-o
|-damage|p2a: Garchomp|26/100|[from] item: Life Orb
|move|p1a: Politoed|Icy Wind|p2b: Electabuzz|[spread] p2a,p2b
|-supereffective|p2a: Garchomp
|-damage|p2a: Garchomp|0 fnt
|-damage|p2b: Electabuzz|31/100
|-unboost|p2b: Electabuzz|spe|1
|faint|p2a: Garchomp
|
|-weather|RainDance|[upkeep]
|-heal|p2b: Electabuzz|37/100|[from] Grassy Terrain
|-fieldend|move: Grassy Terrain
|upkeep
|
|t:|1756942658
|switch|p2a: Tyranitar|Tyranitar, L50, M|100/100
|-weather|Sandstorm|[from] ability: Sand Stream|[of] p2a: Tyranitar
|turn|6
|-message|endK649 forfeited.
|
|win|spuntin
||endK649 is ready for game 2.
||spuntin is ready for game 2.
|uhtml|next|Next: Game 2 of 3
|l|☆spuntin
|player|p2|
