|j|☆WestyLiam
|j|☆PrinceVG
|html|WestyLiamPrinceVG    
|uhtml|bestof|Game 2 of a best-of-3
|t:|1754151047
|gametype|doubles
|player|p1|WestyLiam|102|1248
|player|p2|PrinceVG|170|1332
|gen|9
|tier|[Gen 9] VGC 2025 Reg H (Bo3)
|rated|
|rule|Species Clause: Limit one of each Pokémon
|rule|Item Clause: Limit 1 of each item
|clearpoke
|poke|p1|Archaludon, L50, M|
|poke|p1|Pelipper, L50, M|
|poke|p1|Gholdengo, L50|
|poke|p1|Basculegion, L50, M|
|poke|p1|Amoonguss, L50, M|
|poke|p1|Incineroar, L50, F|
|poke|p2|Basculegion, L50, M|
|poke|p2|Incineroar, L50, F|
|poke|p2|Rillaboom, L50, F|
|poke|p2|Dragonite, L50, M|
|poke|p2|Ursaluna-Bloodmoon, L50, M|
|poke|p2|Volcarona, L50, M|
|teampreview|4
|showteam|p1|Archaludon||AssaultVest|Stamina|DracoMeteor,FlashCannon,ElectroShot,BodyPress|||M|||50|,,,,,Grass]Pelipper||FocusSash|Drizzle|Protect,WeatherBall,Hurricane,Tailwind|||M|||50|,,,,,Stellar]Gholdengo||LifeOrb|GoodasGold|Protect,MakeItRain,ShadowBall,NastyPlot||||||50|,,,,,Water]Basculegion||ChoiceBand|SwiftSwim|FlipTurn,WaveCrash,AquaJet,LastRespects|||M|||50|,,,,,Grass]Amoonguss||SitrusBerry|Regenerator|Spore,RagePowder,PollenPuff,Protect|||M|||50|,,,,,Water]Incineroar||SafetyGoggles|Intimidate|FlareBlitz,KnockOff,PartingShot,FakeOut|||F|||50|,,,,,Ghost
|showteam|p2|Basculegion||ChoiceScarf|Adaptability|WaveCrash,TeraBlast,FlipTurn,LastRespects|||M|||50|,,,,,Fighting]Incineroar||SafetyGoggles|Intimidate|FakeOut,PartingShot,FlareBlitz,Taunt|||F|||50|,,,,,Ghost]Rillaboom||AssaultVest|GrassySurge|FakeOut,GrassyGlide,HighHorsepower,WoodHammer|||F|||50|,,,,,Water]Dragonite||LoadedDice|Multiscale|ScaleShot,Tailwind,Haze,Protect|||M|||50|,,,,,Steel]Ursaluna-Bloodmoon||FocusSash|MindsEye|BloodMoon,EarthPower,HyperVoice,Protect|||M|||50|,,,,,Normal]Volcarona||SitrusBerry|FlameBody|QuiverDance,HeatWave,TeraBlast,Protect|||M|||50|,,,,,Fairy
|
|t:|1754151067
|teamsize|p1|4
|teamsize|p2|4
|start
|switch|p1a: Basculegion|Basculegion, L50, M, shiny|100/100
|switch|p1b: Pelipper|Pelipper, L50, M, shiny|100/100
|switch|p2a: Dragonite|Dragonite, L50, M|100/100
|switch|p2b: Ursaluna|Ursaluna-Bloodmoon, L50, M|100/100
|-weather|RainDance|[from] ability: Drizzle|[of] p1b: Pelipper
|turn|1
|
|t:|1754151073
|switch|p2b: Rillaboom|Rillaboom, L50, F|100/100
|-fieldstart|move: Grassy Terrain|[from] ability: Grassy Surge|[of] p2b: Rillaboom
|move|p1a: Basculegion|Flip Turn|p2a: Dragonite
|-resisted|p2a: Dragonite
|-damage|p2a: Dragonite|80/100
|
|t:|1754151079
|switch|p1a: Incineroar|Incineroar, L50, F|100/100|[from] Flip Turn
|-ability|p1a: Incineroar|Intimidate|boost
|-unboost|p2a: Dragonite|atk|1
|-unboost|p2b: Rillaboom|atk|1
|move|p2a: Dragonite|Tailwind|p2a: Dragonite
|-sidestart|p2: PrinceVG|move: Tailwind
|move|p1b: Pelipper|Tailwind|p1b: Pelipper
|-sidestart|p1: WestyLiam|move: Tailwind
|
|-weather|RainDance|[upkeep]
|upkeep
|turn|2
|
|t:|1754151092
|switch|p2a: Ursaluna|Ursaluna-Bloodmoon, L50, M|100/100
|switch|p1b: Archaludon|Archaludon, L50, M, shiny|100/100
|move|p2b: Rillaboom|Fake Out|p1b: Archaludon
|-resisted|p1b: Archaludon
|-damage|p1b: Archaludon|97/100
|-ability|p1b: Archaludon|Stamina|boost
|-boost|p1b: Archaludon|def|1
|move|p1a: Incineroar|Parting Shot|p2b: Rillaboom
|-unboost|p2b: Rillaboom|atk|1
|-unboost|p2b: Rillaboom|spa|1
|
|t:|1754151099
|switch|p1a: Basculegion|Basculegion, L50, M, shiny|100/100|[from] Parting Shot
|
|-weather|RainDance|[upkeep]
|-heal|p1b: Archaludon|100/100|[from] Grassy Terrain
|upkeep
|turn|3
|
|t:|1754151119
|switch|p2b: Dragonite|Dragonite, L50, M|80/100
|-terastallize|p1a: Basculegion|Grass
|move|p2a: Ursaluna|Protect|p2a: Ursaluna
|-singleturn|p2a: Ursaluna|Protect
|move|p1a: Basculegion|Flip Turn|p2a: Ursaluna
|-activate|p2a: Ursaluna|move: Protect
|move|p1b: Archaludon|Flash Cannon|p2a: Ursaluna
|-activate|p2a: Ursaluna|move: Protect
|
|-weather|RainDance|[upkeep]
|upkeep
|turn|4
|
|t:|1754151135
|switch|p2a: Rillaboom|Rillaboom, L50, F|100/100
|move|p2b: Dragonite|Protect|p2b: Dragonite
|-singleturn|p2b: Dragonite|Protect
|move|p1a: Basculegion|Flip Turn|p2a: Rillaboom
|-resisted|p2a: Rillaboom
|-damage|p2a: Rillaboom|68/100
|
|t:|1754151138
|switch|p1a: Incineroar|Incineroar, L50, F|100/100|[from] Flip Turn
|-ability|p1a: Incineroar|Intimidate|boost
|-unboost|p2a: Rillaboom|atk|1
|-unboost|p2b: Dragonite|atk|1
|move|p1b: Archaludon|Flash Cannon|p2a: Rillaboom
|-damage|p2a: Rillaboom|42/100
|
|-weather|RainDance|[upkeep]
|-heal|p2a: Rillaboom|48/100|[from] Grassy Terrain
|-sideend|p2: PrinceVG|move: Tailwind
|-sideend|p1: WestyLiam|move: Tailwind
|upkeep
|turn|5
|
|t:|1754151161
|-terastallize|p2b: Dragonite|Steel
|move|p2a: Rillaboom|Fake Out|p1a: Incineroar
|-damage|p1a: Incineroar|92/100
|move|p2b: Dragonite|Tailwind|p2b: Dragonite
|-sidestart|p2: PrinceVG|move: Tailwind
|move|p1b: Archaludon|Electro Shot||[still]
|-prepare|p1b: Archaludon|Electro Shot
|-boost|p1b: Archaludon|spa|1
|-anim|p1b: Archaludon|Electro Shot|p2b: Dragonite
|-damage|p2b: Dragonite|17/100
|cant|p1a: Incineroar|flinch
|
|-weather|none
|-heal|p2b: Dragonite|23/100|[from] Grassy Terrain
|-heal|p2a: Rillaboom|54/100|[from] Grassy Terrain
|-heal|p1a: Incineroar|98/100|[from] Grassy Terrain
|-fieldend|move: Grassy Terrain
|upkeep
|turn|6
|
|t:|1754151184
|switch|p2a: Volcarona|Volcarona, L50, M|100/100
|move|p2b: Dragonite|Scale Shot|p1a: Incineroar
|-damage|p1a: Incineroar|89/100
|-damage|p1a: Incineroar|79/100
|-damage|p1a: Incineroar|70/100
|-damage|p1a: Incineroar|62/100
|-damage|p1a: Incineroar|53/100
|-hitcount|p1a: Incineroar|5
|-unboost|p2b: Dragonite|def|1
|-boost|p2b: Dragonite|spe|1
|move|p1b: Archaludon|Body Press|p2b: Dragonite
|-supereffective|p2b: Dragonite
|-damage|p2b: Dragonite|0 fnt
|faint|p2b: Dragonite
|move|p1a: Incineroar|Parting Shot|p2a: Volcarona
|-unboost|p2a: Volcarona|atk|1
|-unboost|p2a: Volcarona|spa|1
|
|t:|1754151194
|switch|p1a: Pelipper|Pelipper, L50, M, shiny|100/100|[from] Parting Shot
|-weather|RainDance|[from] ability: Drizzle|[of] p1a: Pelipper
|
|-weather|RainDance|[upkeep]
|upkeep
|-message|PrinceVG forfeited.
|
|win|WestyLiam
|raw|WestyLiam's rating: 1248 → 1279(+31 for winning)
|raw|PrinceVG's rating: 1332 → 1307(-25 for losing)
|l|☆PrinceVG
|player|p2|
