|j|â˜†tincsort
|j|â˜†javivaarela
|html|tincsortjavivaarela    
|uhtml|bestof|Game 1 of a best-of-3
|t:|1785788425
|gametype|doubles
|player|p1|tincsort|blaine|
|player|p2|javivaarela|102|
|gen|9
|tier|[Gen 9 Champions] VGC 2026 Reg M-B (Bo3)
|rule|Species Clause: Limit one of each PokÃ©mon
|rule|Item Clause: Limit 1 of each item
|clearpoke
|poke|p1|Raichu, L50, M|
|poke|p1|Sinistcha, L50|
|poke|p1|Ceruledge, L50, F|
|poke|p1|Milotic, L50, F|
|poke|p1|Incineroar, L50, F|
|poke|p1|Sneasler, L50, F|
|poke|p2|Blastoise, L50, F|
|poke|p2|Delphox, L50, F|
|poke|p2|Incineroar, L50, F|
|poke|p2|Sneasler, L50, M|
|poke|p2|Sinistcha, L50|
|poke|p2|Maushold-Four, L50|
|teampreview|4
|showteam|p1|Raichu||RaichuniteY|LightningRod|ZapCannon,FocusBlast,FakeOut,Protect|Timid||M|||50|]Sinistcha||KasibBerry|Hospitality|MatchaGotcha,LifeDew,RagePowder,Protect|Relaxed|||||50|]Ceruledge||ColburBerry|FlashFire|BitterBlade,ShadowSneak,BulkUp,Protect|Adamant||F|||50|]Milotic||Leftovers|Competitive|MuddyWater,Coil,Hypnosis,Protect|Calm||F|||50|]Incineroar||SitrusBerry|Intimidate|FlareBlitz,ThroatChop,FakeOut,PartingShot|Impish||F|||50|]Sneasler||FocusSash|PoisonTouch|FakeOut,CloseCombat,DireClaw,Protect|Jolly||F|||50|
|showteam|p2|Blastoise||Blastoisinite|RainDish|WaterSpout,DarkPulse,ShellSmash,Protect|Modest||F|||50|]Delphox||Delphoxite|Blaze|HeatWave,Psyshock,NastyPlot,Protect|Timid||F|||50|]Incineroar||SitrusBerry|Intimidate|FakeOut,FlareBlitz,ThroatChop,PartingShot|Impish||F|||50|]Sneasler||FocusSash|PoisonTouch|FakeOut,CloseCombat,DireClaw,QuickGuard|Jolly||M|||50|]Sinistcha||KasibBerry|Hospitality|MatchaGotcha,LifeDew,RagePowder,Protect|Bold|||||50|]Maushold-Four||ChopleBerry|FriendGuard|SuperFang,Feint,FollowMe,Protect|Impish|||||50|
|inactive|Battle timer is ON: inactive players will automatically lose when time's up. (requested by tincsort)
|c|â˜†javivaarela|maaaaaaarc
|c|â˜†javivaarela|el timeeeeer
|inactive|tincsort has 60 seconds left.
|inactive|javivaarela has 60 seconds left.
|c|â˜†javivaarela|que aceptÃ© sin pensar
|inactiveoff|Battle timer is now OFF.
|c|â˜†javivaarela|SIUUUUUUUUUUUUU
|c|â˜†tincsort|XD
|c|â˜†javivaarela|Termino ahora que ya solo le queda 1 bicho al rival
|c|â˜†tincsort|chill
|j| Raxxantess
|l| Raxxantess
|j| miraiis curse
|c|â˜†javivaarela|yo ya estoy chulo
|c|â˜†tincsort|voy
|
|t:|1785788713
|teamsize|p1|4
|teamsize|p2|4
|start
|switch|p1a: Milotic|Milotic, L50, F|100/100
|switch|p1b: Raichu|Raichu, L50, M|100/100
|switch|p2a: Blastoise|Blastoise, L50, F|100/100
|switch|p2b: Sneasler|Sneasler, L50, M|100/100
|turn|1
|
|t:|1785788754
|switch|p2a: Sinistcha|Sinistcha, L50|100/100
|detailschange|p1b: Raichu|Raichu-Mega-Y, L50, M
|-mega|p1b: Raichu|Raichu|Raichunite Y
|move|p1b: Raichu|Fake Out|p2a: Sinistcha
|-immune|p2a: Sinistcha
|move|p2b: Sneasler|Close Combat|p1b: Raichu
|-damage|p1b: Raichu|3/100
|-unboost|p2b: Sneasler|def|1
|-unboost|p2b: Sneasler|spd|1
|move|p1a: Milotic|Coil|p1a: Milotic
|-boost|p1a: Milotic|atk|1
|-boost|p1a: Milotic|def|1
|-boost|p1a: Milotic|accuracy|1
|
|upkeep
|turn|2
|
|t:|1785788775
|move|p1b: Raichu|Protect|p1b: Raichu
|-singleturn|p1b: Raichu|Protect
|move|p2b: Sneasler|Dire Claw|p1a: Milotic
|-damage|p1a: Milotic|76/100
|move|p1a: Milotic|Hypnosis|p2a: Sinistcha|[miss]
|-miss|p1a: Milotic|p2a: Sinistcha
|move|p2a: Sinistcha|Matcha Gotcha|p1b: Raichu|[spread] p1a
|-activate|p1b: Raichu|move: Protect
|-supereffective|p1a: Milotic|1
|-damage|p1a: Milotic|43/100
|
|-heal|p1a: Milotic|49/100|[from] item: Leftovers
|upkeep
|turn|3
|
|t:|1785788819
|move|p1b: Raichu|Zap Cannon|p2b: Sneasler
|-enditem|p2b: Sneasler|Focus Sash
|-damage|p2b: Sneasler|1/100
|-status|p2b: Sneasler|par
|move|p1a: Milotic|Hypnosis|p2a: Sinistcha
|-status|p2a: Sinistcha|slp|[from] move: Hypnosis
|move|p2b: Sneasler|Dire Claw|p1a: Milotic
|-damage|p1a: Milotic|24/100
|cant|p2a: Sinistcha|slp
|
|-heal|p1a: Milotic|30/100|[from] item: Leftovers
|upkeep
|turn|4
|
|t:|1785788836
|switch|p1b: Sinistcha|Sinistcha, L50|100/100
|-heal|p1a: Milotic|54/100|[from] ability: Hospitality|[of] p1b: Sinistcha
|move|p1a: Milotic|Muddy Water|p2b: Sneasler|[spread] p2a,p2b
|-resisted|p2a: Sinistcha|1
|-damage|p2a: Sinistcha|89/100 slp
|-damage|p2b: Sneasler|0 fnt
|-unboost|p2a: Sinistcha|accuracy|1
|faint|p2b: Sneasler
|cant|p2a: Sinistcha|slp
|
|-heal|p1a: Milotic|60/100|[from] item: Leftovers
|upkeep
|
|t:|1785788890
|switch|p2b: Blastoise|Blastoise, L50, F|100/100
|turn|5
|
|t:|1785788907
|detailschange|p2b: Blastoise|Blastoise-Mega, L50, F
|-mega|p2b: Blastoise|Blastoise|Blastoisinite
|move|p2b: Blastoise|Protect|p2b: Blastoise
|-singleturn|p2b: Blastoise|Protect
|move|p1a: Milotic|Hypnosis|p2b: Blastoise
|-activate|p2b: Blastoise|move: Protect
|-curestatus|p2a: Sinistcha|slp|[msg]
|move|p2a: Sinistcha|Matcha Gotcha|p1b: Sinistcha|[spread] p1a
|-miss|p2a: Sinistcha|p1b: Sinistcha
|-supereffective|p1a: Milotic|1
|-damage|p1a: Milotic|30/100
|-heal|p2a: Sinistcha|100/100|[from] drain|[of] p1a: Milotic
|move|p1b: Sinistcha|Life Dew||[still]|[spread] p1a,p1b
|-heal|p1a: Milotic|55/100
|-fail|p1b: Sinistcha|heal
|
|-heal|p1a: Milotic|61/100|[from] item: Leftovers
|upkeep
|turn|6
|
|t:|1785788923
|move|p2b: Blastoise|Dark Pulse|p1b: Sinistcha
|-supereffective|p1b: Sinistcha|1
|-damage|p1b: Sinistcha|1/100
|move|p1a: Milotic|Hypnosis|p2b: Blastoise
|-status|p2b: Blastoise|slp|[from] move: Hypnosis
|move|p2a: Sinistcha|Matcha Gotcha|p1b: Sinistcha|[spread] p1a,p1b
|-supereffective|p1a: Milotic|1
|-resisted|p1b: Sinistcha|1
|-damage|p1a: Milotic|28/100
|-damage|p1b: Sinistcha|0 fnt
|-status|p1a: Milotic|brn
|faint|p1b: Sinistcha
|
|-heal|p1a: Milotic|34/100 brn|[from] item: Leftovers
|-damage|p1a: Milotic|28/100 brn|[from] brn
|upkeep
|
|t:|1785788931
|switch|p1b: Raichu|Raichu-Mega-Y, L50, M|3/100
|turn|7
|
|t:|1785788948
|move|p2a: Sinistcha|Rage Powder|p2a: Sinistcha
|-singleturn|p2a: Sinistcha|move: Rage Powder
|move|p1b: Raichu|Zap Cannon|p2a: Sinistcha
|-resisted|p2a: Sinistcha|1
|-damage|p2a: Sinistcha|68/100
|-status|p2a: Sinistcha|par
|cant|p2b: Blastoise|slp
|move|p1a: Milotic|Hypnosis|p2a: Sinistcha|[miss]
|-miss|p1a: Milotic|p2a: Sinistcha
|
|-heal|p1a: Milotic|34/100 brn|[from] item: Leftovers
|-damage|p1a: Milotic|28/100 brn|[from] brn
|upkeep
|turn|8
|l|â˜†tincsort
|player|p1|
|j|â˜†tincsort
|player|p1|tincsort|blaine|
|l|â˜†tincsort
|player|p1|
|j|â˜†tincsort
|player|p1|tincsort|blaine|
|inactive|Battle timer is ON: inactive players will automatically lose when time's up. (requested by tincsort)
|inactiveoff|Battle timer is now OFF.
|c|â˜†tincsort|ma petao el internet
|
|t:|1785789041
|switch|p1b: Incineroar|Incineroar, L50, F|100/100
|-ability|p1b: Incineroar|Intimidate|boost
|-unboost|p2a: Sinistcha|atk|1
|-unboost|p2b: Blastoise|atk|1
|move|p2a: Sinistcha|Rage Powder|p2a: Sinistcha
|-singleturn|p2a: Sinistcha|move: Rage Powder
|cant|p2b: Blastoise|slp
|move|p1a: Milotic|Muddy Water|p2b: Blastoise|[spread] p2a,p2b
|-resisted|p2a: Sinistcha|1
|-resisted|p2b: Blastoise|1
|-damage|p2a: Sinistcha|58/100 par
|-damage|p2b: Blastoise|88/100 slp
|
|-heal|p1a: Milotic|34/100 brn|[from] item: Leftovers
|-damage|p1a: Milotic|28/100 brn|[from] brn
|upkeep
|turn|9
|c| miraiis curse|no hace falta que lo jures, nos lo creemos
|
|t:|1785789071
|-curestatus|p2b: Blastoise|slp|[msg]
|move|p2b: Blastoise|Protect|p2b: Blastoise
|-singleturn|p2b: Blastoise|Protect
|move|p1a: Milotic|Protect|p1a: Milotic
|-singleturn|p1a: Milotic|Protect
|move|p2a: Sinistcha|Protect|p2a: Sinistcha
|-singleturn|p2a: Sinistcha|Protect
|move|p1b: Incineroar|Flare Blitz|p2a: Sinistcha
|-activate|p2a: Sinistcha|move: Protect
|
|-heal|p1a: Milotic|34/100 brn|[from] item: Leftovers
|-damage|p1a: Milotic|28/100 brn|[from] brn
|upkeep
|turn|10
|
|t:|1785789101
|move|p2a: Sinistcha|Rage Powder|p2a: Sinistcha
|-singleturn|p2a: Sinistcha|move: Rage Powder
|move|p2b: Blastoise|Shell Smash|p2b: Blastoise
|-unboost|p2b: Blastoise|def|1
|-unboost|p2b: Blastoise|spd|1
|-boost|p2b: Blastoise|atk|2
|-boost|p2b: Blastoise|spa|2
|-boost|p2b: Blastoise|spe|2
|move|p1a: Milotic|Hypnosis||[still]
|-fail|p1a: Milotic
|move|p1b: Incineroar|Flare Blitz|p2a: Sinistcha
|-supereffective|p2a: Sinistcha|1
|-damage|p2a: Sinistcha|0 fnt
|faint|p2a: Sinistcha
|-damage|p1b: Incineroar|83/100|[from] Recoil
|
|-heal|p1a: Milotic|34/100 brn|[from] item: Leftovers
|-damage|p1a: Milotic|28/100 brn|[from] brn
|upkeep
|
|t:|1785789111
|switch|p2a: Incineroar|Incineroar, L50, F|100/100
|-ability|p2a: Incineroar|Intimidate|boost
|-unboost|p1a: Milotic|atk|1
|-ability|p1a: Milotic|Competitive|boost
|-boost|p1a: Milotic|spa|2
|-unboost|p1b: Incineroar|atk|1
|turn|11
|
|t:|1785789135
|move|p2a: Incineroar|Fake Out|p1a: Milotic
|-crit|p1a: Milotic
|-damage|p1a: Milotic|15/100 brn
|move|p2b: Blastoise|Water Spout|p1b: Incineroar|[spread] p1a,p1b
|-resisted|p1a: Milotic|1
|-supereffective|p1b: Incineroar|1
|-damage|p1a: Milotic|0 fnt
|-damage|p1b: Incineroar|0 fnt
|faint|p1a: Milotic
|faint|p1b: Incineroar
|
|upkeep
|-message|tincsort forfeited.
|
|win|javivaarela
|l|â˜†tincsort
|player|p1|
