|j|☆Wilk0__
|j|☆rurik2
|html|Wilk0__rurik2    
|uhtml|bestof|Game 2 of a best-of-3
|t:|1782378462
|gametype|doubles
|player|p1|Wilk0__|1|1000
|player|p2|rurik2|hugh|1057
|gen|9
|tier|[Gen 9 Champions] VGC 2026 Reg M-B (Bo3)
|rated|
|rule|Species Clause: Limit one of each Pokémon
|rule|Item Clause: Limit 1 of each item
|clearpoke
|poke|p1|Whimsicott, L50, M|
|poke|p1|Sneasler, L50, F|
|poke|p1|Staraptor, L50, F|
|poke|p1|Gholdengo, L50|
|poke|p1|Garchomp, L50, M|
|poke|p1|Kingambit, L50, M|
|poke|p2|Farigiraf, L50, F|
|poke|p2|Gallade, L50, M|
|poke|p2|Torkoal, L50, F|
|poke|p2|Hatterene, L50, F|
|poke|p2|Kangaskhan, L50, F|
|poke|p2|Blastoise, L50, M|
|teampreview|4
|showteam|p1|Whimsicott||FocusSash|Prankster|Tailwind,Charm,FakeTears,Moonblast|Calm||M|||50|]Sneasler||WhiteHerb|Unburden|Protect,FakeOut,DireClaw,CloseCombat|Jolly||F|||50|]Staraptor||Staraptite|Intimidate|Protect,Roost,BraveBird,CloseCombat|Jolly||F|||50|]Gholdengo||MetalCoat|GoodasGold|Protect,NastyPlot,ShadowBall,MakeItRain|Modest|||||50|]Garchomp||LifeOrb|RoughSkin|Protect,Earthquake,RockSlide,DragonClaw|Jolly||M|||50|]Kingambit||ChopleBerry|Defiant|Protect,IronHead,SuckerPunch,KowtowCleave|Adamant||M|||50|
|showteam|p2|Farigiraf||ColburBerry|ArmorTail|ExpandingForce,TrickRoom,RainDance,PsychicTerrain|Sassy||F|||50|]Gallade||FocusSash|Sharpness|PsychoCut,SacredSword,TrickRoom,WideGuard|Brave||M|||50|]Torkoal||Charcoal|Drought|Eruption,WeatherBall,EarthPower,Protect|Quiet||F|||50|]Hatterene||LifeOrb|MagicBounce|DazzlingGleam,ExpandingForce,TrickRoom,Protect|Quiet||F|||50|]Kangaskhan||SilkScarf|Scrappy|FakeOut,LastResort|Brave||F|||50|]Blastoise||Blastoisinite|Torrent|FakeOut,Protect,DarkPulse,WaterSpout|Quiet||M|||50|
|l|☆Wilk0__
|player|p1|
|j|☆Wilk0__
|player|p1|Wilk0__|1|
|inactive|Battle timer is ON: inactive players will automatically lose when time's up. (requested by rurik2)
|
|t:|1782378499
|teamsize|p1|4
|teamsize|p2|4
|start
|switch|p1a: Staraptor|Staraptor, L50, F|100/100
|switch|p1b: Sneasler|Sneasler, L50, F|100/100
|switch|p2a: Farigiraf|Farigiraf, L50, F|100/100
|switch|p2b: Gallade|Gallade, L50, M|100/100
|-ability|p1a: Staraptor|Intimidate|boost
|-unboost|p2a: Farigiraf|atk|1
|-unboost|p2b: Gallade|atk|1
|turn|1
|inactive|Wilk0__ has 30 seconds left.
|inactive|Wilk0__ has 20 seconds left.
|inactive|Wilk0__ has 15 seconds left.
|inactive|Wilk0__ has 10 seconds left.
|
|t:|1782378546
|move|p1a: Staraptor|Protect|p1a: Staraptor
|-singleturn|p1a: Staraptor|Protect
|move|p1b: Sneasler|Dire Claw|p2a: Farigiraf
|-damage|p2a: Farigiraf|64/100
|move|p2a: Farigiraf|Psychic Terrain|p2a: Farigiraf
|-fieldstart|move: Psychic Terrain
|move|p2b: Gallade|Trick Room|p2b: Gallade
|-fieldstart|move: Trick Room|[of] p2b: Gallade
|
|upkeep
|turn|2
|
|t:|1782378570
|switch|p1a: Kingambit|Kingambit, L50, M|100/100
|move|p1b: Sneasler|Protect|p1b: Sneasler
|-singleturn|p1b: Sneasler|Protect
|move|p2a: Farigiraf|Expanding Force|p1b: Sneasler|[spread] 
|-activate|p1b: Sneasler|move: Protect
|-immune|p1a: Kingambit
|move|p2b: Gallade|Psycho Cut|p1a: Kingambit
|-immune|p1a: Kingambit
|
|upkeep
|turn|3
|
|t:|1782378589
|switch|p1b: Gholdengo|Gholdengo, L50|100/100
|move|p1a: Kingambit|Protect|p1a: Kingambit
|-singleturn|p1a: Kingambit|Protect
|move|p2a: Farigiraf|Expanding Force|p1b: Gholdengo|[spread] p1b
|-activate|p1a: Kingambit|move: Protect
|-resisted|p1b: Gholdengo|1
|-damage|p1b: Gholdengo|72/100
|move|p2b: Gallade|Sacred Sword|p1a: Kingambit
|-activate|p1a: Kingambit|move: Protect
|
|upkeep
|turn|4
|
|t:|1782378610
|switch|p1a: Sneasler|Sneasler, L50, F|100/100
|move|p1b: Gholdengo|Protect|p1b: Gholdengo
|-singleturn|p1b: Gholdengo|Protect
|move|p2a: Farigiraf|Trick Room|p2a: Farigiraf
|-fieldend|move: Trick Room
|move|p2b: Gallade|Trick Room|p2b: Gallade
|-fieldstart|move: Trick Room|[of] p2b: Gallade
|
|upkeep
|turn|5
|inactive|rurik2 has 30 seconds left.
|
|t:|1782378637
|move|p2a: Farigiraf|Expanding Force|p1a: Sneasler|[spread] p1a,p1b
|-supereffective|p1a: Sneasler|2
|-resisted|p1b: Gholdengo|1
|-damage|p1a: Sneasler|0 fnt
|-damage|p1b: Gholdengo|48/100
|faint|p1a: Sneasler
|move|p2b: Gallade|Sacred Sword|p1b: Gholdengo
|-immune|p1b: Gholdengo
|move|p1b: Gholdengo|Nasty Plot|p1b: Gholdengo
|-boost|p1b: Gholdengo|spa|2
|
|-fieldend|move: Psychic Terrain
|upkeep
|
|t:|1782378650
|switch|p1a: Kingambit|Kingambit, L50, M|100/100
|turn|6
|
|t:|1782378664
|move|p1a: Kingambit|Kowtow Cleave|p2b: Gallade
|-damage|p2b: Gallade|30/100
|move|p2a: Farigiraf|Psychic Terrain|p2a: Farigiraf
|-fieldstart|move: Psychic Terrain
|move|p2b: Gallade|Sacred Sword|p1a: Kingambit
|-supereffective|p1a: Kingambit|2
|-enditem|p1a: Kingambit|Chople Berry|[eat]
|-enditem|p1a: Kingambit|Chople Berry|[weaken]
|-damage|p1a: Kingambit|23/100
|move|p1b: Gholdengo|Make It Rain|p2b: Gallade|[spread] p2a,p2b
|-damage|p2a: Farigiraf|0 fnt
|-damage|p2b: Gallade|0 fnt
|-unboost|p1b: Gholdengo|spa|2
|faint|p2a: Farigiraf
|faint|p2b: Gallade
|
|upkeep
|
|t:|1782378681
|switch|p2a: Torkoal|Torkoal, L50, F|100/100
|switch|p2b: Hatterene|Hatterene, L50, F|100/100
|-weather|SunnyDay|[from] ability: Drought|[of] p2a: Torkoal
|turn|7
|
|t:|1782378692
|move|p1a: Kingambit|Protect|p1a: Kingambit
|-singleturn|p1a: Kingambit|Protect
|move|p1b: Gholdengo|Protect|p1b: Gholdengo
|-singleturn|p1b: Gholdengo|Protect
|move|p2a: Torkoal|Eruption|p1b: Gholdengo|[spread] 
|-activate|p1a: Kingambit|move: Protect
|-activate|p1b: Gholdengo|move: Protect
|move|p2b: Hatterene|Dazzling Gleam|p1b: Gholdengo|[spread] 
|-activate|p1a: Kingambit|move: Protect
|-activate|p1b: Gholdengo|move: Protect
|
|-weather|SunnyDay|[upkeep]
|upkeep
|turn|8
|
|t:|1782378707
|move|p1a: Kingambit|Protect||[still]
|-fail|p1a: Kingambit
|move|p1b: Gholdengo|Protect||[still]
|-fail|p1b: Gholdengo
|move|p2a: Torkoal|Eruption|p1b: Gholdengo|[spread] p1a,p1b
|-supereffective|p1a: Kingambit|1
|-supereffective|p1b: Gholdengo|1
|-damage|p1a: Kingambit|0 fnt
|-damage|p1b: Gholdengo|0 fnt
|faint|p1a: Kingambit
|faint|p1b: Gholdengo
|move|p2b: Hatterene|Dazzling Gleam|p1: Kingambit|[notarget]
|-fail|p2b: Hatterene
|
|-weather|SunnyDay|[upkeep]
|-fieldend|move: Trick Room
|upkeep
|l|☆Wilk0__
|inactive|Wilk0__ disconnected and has a minute to reconnect!
|player|p1|
|inactive|Wilk0__ has 30 seconds left.
|inactive|Wilk0__ has 20 seconds left.
|inactive|Wilk0__ has 15 seconds left.
|inactive|Wilk0__ has 10 seconds left.
|inactive|Wilk0__ has 5 seconds left.
|-message|Wilk0__ lost due to inactivity.
|
|win|rurik2
|raw|Wilk0__'s rating: 1000 → 1000(+0 for losing)
|raw|rurik2's rating: 1057 → 1083(+26 for winning)
