|j|☆dondozo ate my son
|j|☆Pyos
|html|dondozo ate my sonPyos    
|uhtml|bestof|Game 2 of a best-of-3
|t:|1784929189
|gametype|doubles
|player|p1|dondozo ate my son|2|
|player|p2|Pyos|tulip|
|gen|9
|tier|[Gen 9 Champions] VGC 2026 Reg M-B (Bo3)
|rule|Species Clause: Limit one of each Pokémon
|rule|Item Clause: Limit 1 of each item
|clearpoke
|poke|p1|Gengar, L50, M|
|poke|p1|Swampert, L50, F|
|poke|p1|Incineroar, L50, F|
|poke|p1|Politoed, L50, M|
|poke|p1|Archaludon, L50, F|
|poke|p1|Vivillon, L50, M|
|poke|p2|Grimmsnarl, L50, M|
|poke|p2|Politoed, L50, F|
|poke|p2|Archaludon, L50, F|
|poke|p2|Venusaur, L50, M|
|poke|p2|Sneasler, L50, M|
|poke|p2|Basculegion, L50, M|
|teampreview|4
|showteam|p1|Gengar||Gengarite|CursedBody|ShadowBall,PerishSong,SludgeBomb,Protect|Timid||M|||50|]Swampert||Swampertite|Torrent|WaveCrash,Earthquake,IcePunch,Protect|Adamant||F|||50|]Incineroar||PasshoBerry|Intimidate|ThroatChop,PartingShot,FakeOut,Protect|Sassy||F|||50|]Politoed||SitrusBerry|Drizzle|WeatherBall,PerishSong,Encore,Protect|Calm||M|||50|]Archaludon||Leftovers|Stamina|DragonPulse,FlashCannon,ElectroShot,Protect|Bold||F|||50|]Vivillon||FocusSash|CompoundEyes|Hurricane,SleepPowder,RagePowder,Protect|Timid||M|||50|
|showteam|p2|Grimmsnarl||LightClay|Prankster|FoulPlay,Reflect,LightScreen,PartingShot|Careful||M|||50|]Politoed||SitrusBerry|Drizzle|WeatherBall,IceBeam,Encore,Protect|Calm||F|||50|]Archaludon||Leftovers|Stamina|ElectroShot,DragonPulse,FlashCannon,Protect|Modest||F|||50|]Venusaur||Venusaurite|Chlorophyll|GigaDrain,SludgeBomb,EarthPower,Protect|Modest||M|||50|]Sneasler||FocusSash|Unburden|CloseCombat,DireClaw,FakeOut,Protect|Jolly||M|||50|]Basculegion||ChoiceScarf|Adaptability|WaveCrash,LastRespects,AquaJet,FlipTurn|Jolly||M|||50|
|
|t:|1784929224
|teamsize|p1|4
|teamsize|p2|4
|start
|switch|p1a: Vivillon|Vivillon, L50, M|100/100
|switch|p1b: Big Pert|Swampert, L50, F|100/100
|switch|p2a: Venusaur|Venusaur, L50, M|100/100
|switch|p2b: Grimmsnarl|Grimmsnarl, L50, M|100/100
|turn|1
|
|t:|1784929263
|detailschange|p1b: Big Pert|Swampert-Mega, L50, F
|-mega|p1b: Big Pert|Swampert|Swampertite
|detailschange|p2a: Venusaur|Venusaur-Mega, L50, M
|-mega|p2a: Venusaur|Venusaur|Venusaurite
|move|p1b: Big Pert|Protect|p1b: Big Pert
|-singleturn|p1b: Big Pert|Protect
|move|p2a: Venusaur|Protect|p2a: Venusaur
|-singleturn|p2a: Venusaur|Protect
|move|p2b: Grimmsnarl|Light Screen|p2b: Grimmsnarl
|-sidestart|p2: Pyos|move: Light Screen
|move|p1a: Vivillon|Hurricane|p2a: Venusaur
|-activate|p2a: Venusaur|move: Protect
|
|upkeep
|turn|2
|
|t:|1784929279
|move|p2b: Grimmsnarl|Parting Shot|p1a: Vivillon
|-unboost|p1a: Vivillon|atk|1
|-unboost|p1a: Vivillon|spa|1
|
|t:|1784929282
|switch|p2b: Sneasler|Sneasler, L50, M|100/100|[from] Parting Shot
|move|p1a: Vivillon|Hurricane|p2a: Venusaur
|-supereffective|p2a: Venusaur|1
|-damage|p2a: Venusaur|67/100
|move|p1b: Big Pert|Earthquake|p2a: Venusaur|[spread] p2a,p2b
|-immune|p1a: Vivillon
|-supereffective|p2b: Sneasler|1
|-damage|p2a: Venusaur|32/100
|-enditem|p2b: Sneasler|Focus Sash
|-damage|p2b: Sneasler|1/100
|move|p2a: Venusaur|Sludge Bomb|p1a: Vivillon
|-damage|p1a: Vivillon|3/100
|-status|p1a: Vivillon|psn
|
|-damage|p1a: Vivillon|0 fnt|[from] psn
|faint|p1a: Vivillon
|upkeep
|
|t:|1784929308
|switch|p1a: Politoed|Politoed, L50, M|100/100
|-weather|RainDance|[from] ability: Drizzle|[of] p1a: Politoed
|turn|3
|
|t:|1784929337
|switch|p2b: Basculegion|Basculegion, L50, M|100/100
|move|p1b: Big Pert|Protect|p1b: Big Pert
|-singleturn|p1b: Big Pert|Protect
|move|p1a: Politoed|Protect|p1a: Politoed
|-singleturn|p1a: Politoed|Protect
|move|p2a: Venusaur|Giga Drain|p1a: Politoed
|-activate|p1a: Politoed|move: Protect
|
|-weather|RainDance|[upkeep]
|upkeep
|turn|4
|
|t:|1784929374
|move|p2a: Venusaur|Protect|p2a: Venusaur
|-singleturn|p2a: Venusaur|Protect
|move|p1b: Big Pert|Earthquake|p2a: Venusaur|[spread] p1a,p2b
|-activate|p2a: Venusaur|move: Protect
|-crit|p1a: Politoed
|-damage|p1a: Politoed|29/100
|-damage|p2b: Basculegion|42/100
|-enditem|p1a: Politoed|Sitrus Berry|[eat]
|-heal|p1a: Politoed|54/100|[from] item: Sitrus Berry
|move|p2b: Basculegion|Flip Turn|p1a: Politoed
|-resisted|p1a: Politoed|1
|-damage|p1a: Politoed|25/100
|
|t:|1784929385
|switch|p2b: Grimmsnarl|Grimmsnarl, L50, M|100/100|[from] Flip Turn
|move|p1a: Politoed|Weather Ball|p2b: Grimmsnarl
|-crit|p2b: Grimmsnarl
|-damage|p2b: Grimmsnarl|46/100
|
|-weather|RainDance|[upkeep]
|upkeep
|turn|5
|
|t:|1784929436
|move|p1a: Politoed|Protect|p1a: Politoed
|-singleturn|p1a: Politoed|Protect
|move|p2b: Grimmsnarl|Reflect|p2b: Grimmsnarl
|-sidestart|p2: Pyos|Reflect
|move|p1b: Big Pert|Earthquake|p2a: Venusaur|[spread] p2a,p2b
|-activate|p1a: Politoed|move: Protect
|-damage|p2a: Venusaur|6/100
|-damage|p2b: Grimmsnarl|12/100
|move|p2a: Venusaur|Giga Drain|p1b: Big Pert
|-supereffective|p1b: Big Pert|2
|-damage|p1b: Big Pert|0 fnt
|-heal|p2a: Venusaur|56/100|[from] drain|[of] p1b: Big Pert
|faint|p1b: Big Pert
|
|-weather|RainDance|[upkeep]
|upkeep
|
|t:|1784929438
|switch|p1b: Archaludon|Archaludon, L50, F|100/100
|turn|6
|
|t:|1784929457
|move|p2b: Grimmsnarl|Parting Shot|p1b: Archaludon
|-unboost|p1b: Archaludon|atk|1
|-unboost|p1b: Archaludon|spa|1
|
|t:|1784929460
|switch|p2b: Sneasler|Sneasler, L50, M|1/100|[from] Parting Shot
|move|p1b: Archaludon|Electro Shot||[still]
|-prepare|p1b: Archaludon|Electro Shot
|-boost|p1b: Archaludon|spa|1
|-anim|p1b: Archaludon|Electro Shot|p2a: Venusaur
|-resisted|p2a: Venusaur|1
|-damage|p2a: Venusaur|45/100
|move|p2a: Venusaur|Giga Drain|p1a: Politoed
|-supereffective|p1a: Politoed|1
|-damage|p1a: Politoed|0 fnt
|-heal|p2a: Venusaur|59/100|[from] drain|[of] p1a: Politoed
|faint|p1a: Politoed
|
|-weather|RainDance|[upkeep]
|upkeep
|turn|7
|
|t:|1784929475
|move|p2b: Sneasler|Close Combat|p1b: Archaludon
|-supereffective|p1b: Archaludon|1
|-damage|p1b: Archaludon|14/100
|-unboost|p2b: Sneasler|def|1
|-unboost|p2b: Sneasler|spd|1
|-ability|p1b: Archaludon|Stamina|boost
|-boost|p1b: Archaludon|def|1
|move|p1b: Archaludon|Electro Shot||[still]
|-prepare|p1b: Archaludon|Electro Shot
|-boost|p1b: Archaludon|spa|1
|-anim|p1b: Archaludon|Electro Shot|p2b: Sneasler
|-damage|p2b: Sneasler|0 fnt
|faint|p2b: Sneasler
|move|p2a: Venusaur|Earth Power|p1b: Archaludon
|-supereffective|p1b: Archaludon|1
|-damage|p1b: Archaludon|0 fnt
|faint|p1b: Archaludon
|
|win|Pyos
||dondozo ate my son is ready for game 3.
|inactive|Pyos has 30 seconds to confirm battle start!
||Pyos is ready for game 3.
|uhtml|next|Next: Game 3 of 3
|l|☆dondozo ate my son
|player|p1|
|n|☆Pyos|pyos
