|j|☆gunkqing
|j|☆BeauLavorre
|html|gunkqingBeauLavorre    
|uhtml|bestof|Game 2 of a best-of-3
|t:|1756407929
|gametype|doubles
|player|p1|gunkqing|striker|
|player|p2|BeauLavorre|rocketgruntf|
|gen|9
|tier|[Gen 9] VGC 2025 Reg H (Bo3)
|rule|Species Clause: Limit one of each Pokémon
|rule|Item Clause: Limit 1 of each item
|clearpoke
|poke|p1|Charizard, L50, M|
|poke|p1|Jumpluff, L50, M|
|poke|p1|Torkoal, L50, F|
|poke|p1|Ursaluna, L50, M|
|poke|p1|Incineroar, L50, F|
|poke|p1|Duskull, L50, M|
|poke|p2|Basculegion, L50, M|
|poke|p2|Politoed, L50, M|
|poke|p2|Gothitelle, L50, M|
|poke|p2|Sinistcha-Masterpiece, L50|
|poke|p2|Incineroar, L50, M|
|poke|p2|Gyarados, L50, F|
|teampreview|4
|showteam|p1|Charizard||ChoiceSpecs|SolarPower|HeatWave,Overheat,WeatherBall,DragonPulse|||M|||50|,,,,,Ghost]Jumpluff||CovertCloak|Chlorophyll|SleepPowder,Tailwind,RagePowder,SunnyDay|||M|||50|,,,,,Water]Torkoal||EjectPack|Drought|Overheat,Eruption,ClearSmog,Protect|||F|||50|,,,,,Fire]Ursaluna||FlameOrb|Guts|Facade,HeadlongRush,Earthquake,Protect|||M|||50|,,,,,Ghost]Incineroar||AssaultVest|Intimidate|FakeOut,FlareBlitz,KnockOff,Uturn|||F|||50|,,,,,Grass]Duskull||Eviolite|Levitate|NightShade,TrickRoom,HelpingHand,PainSplit|||M|||50|,,,,,Steel
|showteam|p2|Basculegion||FocusSash|SwiftSwim|WaveCrash,AquaJet,FlipTurn,LastRespects|||M|||50|,,,,,Water]Politoed||Leftovers|Drizzle|Protect,PerishSong,Encore,WeatherBall|||M|||50|,,,,,Steel]Gothitelle||SitrusBerry|ShadowTag|FakeOut,Protect,TrickRoom,Psychic|||M|||50|,,,,,Water]Sinistcha-Masterpiece||RockyHelmet|Hospitality|LifeDew,Protect,RagePowder,MatchaGotcha||||||50|,,,,,Water]Incineroar||SafetyGoggles|Intimidate|FakeOut,FlareBlitz,KnockOff,PartingShot|||M|||50|,,,,,Water]Gyarados||ClearAmulet|Intimidate|Earthquake,Waterfall,Protect,LashOut|||F|||50|,,,,,Ground
|inactive|Battle timer is ON: inactive players will automatically lose when time's up. (requested by gunkqing)
|inactive|BeauLavorre has 60 seconds left.
|
|t:|1756407965
|teamsize|p1|4
|teamsize|p2|4
|start
|switch|p1a: Incineroar|Incineroar, L50, F|100/100
|switch|p1b: Duskull|Duskull, L50, M, shiny|100/100
|switch|p2a: Incineroar|Incineroar, L50, M|100/100
|switch|p2b: Gyarados|Gyarados, L50, F|100/100
|-ability|p2b: Gyarados|Intimidate|boost
|-unboost|p1a: Incineroar|atk|1
|-unboost|p1b: Duskull|atk|1
|-ability|p1a: Incineroar|Intimidate|boost
|-unboost|p2a: Incineroar|atk|1
|-fail|p2b: Gyarados|unboost|[from] item: Clear Amulet|[of] p2b: Gyarados
|-ability|p2a: Incineroar|Intimidate|boost
|-unboost|p1a: Incineroar|atk|1
|-unboost|p1b: Duskull|atk|1
|turn|1
|inactive|gunkqing has 30 seconds left.
|inactive|BeauLavorre has 30 seconds left.
|inactive|BeauLavorre has 20 seconds left.
|inactive|BeauLavorre has 15 seconds left.
|
|t:|1756408008
|move|p2b: Gyarados|Protect|p2b: Gyarados
|-singleturn|p2b: Gyarados|Protect
|move|p1a: Incineroar|Fake Out|p2a: Incineroar
|-damage|p2a: Incineroar|96/100
|cant|p2a: Incineroar|flinch
|move|p1b: Duskull|Trick Room|p1b: Duskull
|-fieldstart|move: Trick Room|[of] p1b: Duskull
|
|upkeep
|turn|2
|inactive|BeauLavorre has 30 seconds left.
|inactive|BeauLavorre has 20 seconds left.
|inactive|BeauLavorre has 15 seconds left.
|
|t:|1756408050
|move|p1b: Duskull|Pain Split|p2a: Incineroar
|-sethp|p2a: Incineroar|80/100|[from] move: Pain Split|[silent]
|-sethp|p1b: Duskull|100/100|[from] move: Pain Split
|move|p2a: Incineroar|Knock Off|p1b: Duskull
|-supereffective|p1b: Duskull
|-damage|p1b: Duskull|61/100
|-enditem|p1b: Duskull|Eviolite|[from] move: Knock Off|[of] p2a: Incineroar
|move|p1a: Incineroar|U-turn|p2b: Gyarados
|-resisted|p2b: Gyarados
|-damage|p2b: Gyarados|95/100
|
|t:|1756408060
|switch|p1a: Torkoal|Torkoal, L50, F, shiny|100/100|[from] U-turn
|-weather|SunnyDay|[from] ability: Drought|[of] p1a: Torkoal
|move|p2b: Gyarados|Waterfall|p1a: Torkoal
|-supereffective|p1a: Torkoal
|-damage|p1a: Torkoal|67/100
|
|-weather|SunnyDay|[upkeep]
|upkeep
|turn|3
|
|t:|1756408077
|switch|p2a: Politoed|Politoed, L50, M|100/100
|-weather|RainDance|[from] ability: Drizzle|[of] p2a: Politoed
|move|p1b: Duskull|Helping Hand|p1a: Torkoal
|-singleturn|p1a: Torkoal|Helping Hand|[of] p1b: Duskull
|move|p1a: Torkoal|Eruption|p2a: Politoed|[spread] p2a,p2b
|-resisted|p2a: Politoed
|-crit|p2a: Politoed
|-resisted|p2b: Gyarados
|-damage|p2a: Politoed|88/100
|-damage|p2b: Gyarados|83/100
|move|p2b: Gyarados|Waterfall|p1a: Torkoal
|-supereffective|p1a: Torkoal
|-damage|p1a: Torkoal|0 fnt
|faint|p1a: Torkoal
|
|-weather|RainDance|[upkeep]
|-heal|p2a: Politoed|94/100|[from] item: Leftovers
|upkeep
|
|t:|1756408084
|switch|p1a: Ursaluna|Ursaluna, L50, M, shiny|100/100
|turn|4
|inactive|BeauLavorre has 30 seconds left.
|inactive|BeauLavorre has 20 seconds left.
|
|t:|1756408119
|-terastallize|p1a: Ursaluna|Ghost
|move|p1b: Duskull|Helping Hand|p1a: Ursaluna
|-singleturn|p1a: Ursaluna|Helping Hand|[of] p1b: Duskull
|move|p2a: Politoed|Protect|p2a: Politoed
|-singleturn|p2a: Politoed|Protect
|move|p1a: Ursaluna|Facade|p2b: Gyarados
|-damage|p2b: Gyarados|12/100
|move|p2b: Gyarados|Waterfall|p1a: Ursaluna
|-damage|p1a: Ursaluna|49/100
|
|-weather|RainDance|[upkeep]
|-heal|p2a: Politoed|99/100|[from] item: Leftovers
|-status|p1a: Ursaluna|brn|[from] item: Flame Orb
|upkeep
|turn|5
|
|t:|1756408141
|switch|p2b: Incineroar|Incineroar, L50, M|80/100
|-ability|p2b: Incineroar|Intimidate|boost
|-unboost|p1a: Ursaluna|atk|1
|-unboost|p1b: Duskull|atk|1
|move|p1b: Duskull|Night Shade|p2b: Incineroar
|-damage|p2b: Incineroar|55/100
|move|p1a: Ursaluna|Facade|p2a: Politoed
|-damage|p2a: Politoed|21/100
|move|p2a: Politoed|Weather Ball|p1a: Ursaluna
|-damage|p1a: Ursaluna|3/100 brn
|
|-weather|RainDance|[upkeep]
|-heal|p2a: Politoed|27/100|[from] item: Leftovers
|-damage|p1a: Ursaluna|0 fnt|[from] brn
|faint|p1a: Ursaluna
|-fieldend|move: Trick Room
|upkeep
|
|t:|1756408152
|switch|p1a: Incineroar|Incineroar, L50, F|100/100
|-ability|p1a: Incineroar|Intimidate|boost
|-unboost|p2a: Politoed|atk|1
|-unboost|p2b: Incineroar|atk|1
|turn|6
|inactive|BeauLavorre has 30 seconds left.
|
|t:|1756408185
|move|p2b: Incineroar|Fake Out|p1a: Incineroar
|-damage|p1a: Incineroar|93/100
|move|p2a: Politoed|Weather Ball|p1a: Incineroar
|-supereffective|p1a: Incineroar
|-damage|p1a: Incineroar|27/100
|cant|p1a: Incineroar|flinch
|move|p1b: Duskull|Trick Room|p1b: Duskull
|-fieldstart|move: Trick Room|[of] p1b: Duskull
|
|-weather|RainDance|[upkeep]
|-heal|p2a: Politoed|33/100|[from] item: Leftovers
|upkeep
|turn|7
|inactive|gunkqing has 30 seconds left.
|
|t:|1756408214
|move|p2a: Politoed|Protect|p2a: Politoed
|-singleturn|p2a: Politoed|Protect
|move|p1b: Duskull|Night Shade|p2b: Incineroar
|-damage|p2b: Incineroar|30/100
|move|p2b: Incineroar|Knock Off|p1b: Duskull
|-supereffective|p1b: Duskull
|-damage|p1b: Duskull|14/100
|move|p1a: Incineroar|Knock Off|p2b: Incineroar
|-resisted|p2b: Incineroar
|-damage|p2b: Incineroar|14/100
|-enditem|p2b: Incineroar|Safety Goggles|[from] move: Knock Off|[of] p1a: Incineroar
|
|-weather|none
|-heal|p2a: Politoed|39/100|[from] item: Leftovers
|upkeep
|turn|8
|
|t:|1756408232
|move|p1b: Duskull|Night Shade|p2b: Incineroar
|-damage|p2b: Incineroar|0 fnt
|faint|p2b: Incineroar
|move|p1a: Incineroar|Knock Off|p2a: Politoed
|-damage|p2a: Politoed|0 fnt
|-enditem|p2a: Politoed|Leftovers|[from] move: Knock Off|[of] p1a: Incineroar
|faint|p2a: Politoed
|
|upkeep
|
|t:|1756408240
|switch|p2b: Basculegion|Basculegion, L50, M|100/100
|switch|p2a: Gyarados|Gyarados, L50, F|12/100
|-ability|p2a: Gyarados|Intimidate|boost
|-unboost|p1a: Incineroar|atk|1
|-unboost|p1b: Duskull|atk|1
|turn|9
|
|t:|1756408256
|move|p2a: Gyarados|Protect|p2a: Gyarados
|-singleturn|p2a: Gyarados|Protect
|move|p2b: Basculegion|Aqua Jet|p1a: Incineroar
|-supereffective|p1a: Incineroar
|-damage|p1a: Incineroar|0 fnt
|faint|p1a: Incineroar
|move|p1b: Duskull|Night Shade|p2b: Basculegion
|-damage|p2b: Basculegion|75/100
|
|upkeep
|turn|10
|-message|gunkqing forfeited.
|
|win|BeauLavorre
||gunkqing is ready for game 3.
||BeauLavorre is ready for game 3.
|uhtml|next|Next: Game 3 of 3
