|j|☆d1mo22
|j|☆none0279
|html|d1mo22none0279    
|uhtml|bestof|Game 1 of a best-of-3
|t:|1785180763
|gametype|doubles
|player|p1|d1mo22|skier|1288
|player|p2|none0279|cynthia-gen4|1336
|gen|9
|tier|[Gen 9 Champions] VGC 2026 Reg M-B (Bo3)
|rated|
|rule|Species Clause: Limit one of each Pokémon
|rule|Item Clause: Limit 1 of each item
|clearpoke
|poke|p1|Raichu, L50, F|
|poke|p1|Gyarados, L50, F, shiny|
|poke|p1|Mamoswine, L50, F|
|poke|p1|Ceruledge, L50, F|
|poke|p1|Sinistcha, L50|
|poke|p1|Kingambit, L50, F, shiny|
|poke|p2|Gengar, L50, F, shiny|
|poke|p2|Talonflame, L50, M|
|poke|p2|Hydreigon, L50, M|
|poke|p2|Metagross, L50|
|poke|p2|Ninetales-Alola, L50, M, shiny|
|poke|p2|Gallade, L50, M|
|teampreview|4
|showteam|p1|Raichu||RaichuniteY|LightningRod|FakeOut,Encore,ZapCannon,FocusBlast|Timid||F|||50|]Gyarados||Gyaradosite|Intimidate|LashOut,Waterfall,DragonDance,Protect|Adamant||F|||50|]Mamoswine||LifeOrb|Oblivious|Protect,IcicleCrash,IceShard,HighHorsepower|Jolly||F|||50|]Ceruledge||ColburBerry|FlashFire|BitterBlade,ShadowSneak,BulkUp,Protect|Adamant||F|||50|]Sinistcha||SitrusBerry|Hospitality|Protect,RagePowder,MatchaGotcha,LifeDew|Bold|||||50|]Kingambit||FocusSash|Defiant|Protect,SuckerPunch,KowtowCleave,IronHead|Adamant||F|||50|
|showteam|p2|Gengar||Gengarite|CursedBody|ShadowBall,SludgeBomb,Protect,Disable|Modest||F|||50|]Talonflame||SharpBeak|GaleWings|DualWingbeat,Tailwind,Protect,WillOWisp|Jolly||M|||50|]Hydreigon||ChoiceScarf|Levitate|DracoMeteor,DarkPulse,Snarl,EarthPower|Modest||M|||50|]Metagross||Metagrossite|ClearBody|IronHead,PsychicFangs,Protect,BodyPress|Jolly|||||50|]Ninetales-Alola||NeverMeltIce|SnowWarning|Blizzard,AuroraVeil,Encore,Protect|Timid||M|||50|]Gallade||FocusSash|Sharpness|SacredSword,PsychoCut,LeafBlade,Protect|Jolly||M|||50|
|inactive|Battle timer is ON: inactive players will automatically lose when time's up. (requested by none0279)
|inactive|d1mo22 also wants the timer to be on.
|inactive|d1mo22 has 60 seconds left.
|inactive|none0279 has 60 seconds left.
|inactive|d1mo22 has 30 seconds left.
|
|t:|1785180827
|teamsize|p1|4
|teamsize|p2|4
|start
|switch|p1a: Raichu|Raichu, L50, F|100/100
|switch|p1b: Mamoswine|Mamoswine, L50, F|100/100
|switch|p2a: Bob|Metagross, L50|100/100
|switch|p2b: Pinky|Hydreigon, L50, M|100/100
|turn|1
|
|t:|1785180852
|detailschange|p2a: Bob|Metagross-Mega, L50
|-mega|p2a: Bob|Metagross|Metagrossite
|move|p1a: Raichu|Fake Out|p2a: Bob
|-resisted|p2a: Bob|1
|-damage|p2a: Bob|96/100
|move|p2b: Pinky|Draco Meteor|p1a: Raichu
|-damage|p1a: Raichu|13/100
|-unboost|p2b: Pinky|spa|2
|cant|p2a: Bob|flinch
|move|p1b: Mamoswine|Icicle Crash|p2b: Pinky
|-supereffective|p2b: Pinky|1
|-damage|p2b: Pinky|0 fnt
|faint|p2b: Pinky
|-damage|p1b: Mamoswine|90/100|[from] item: Life Orb
|
|upkeep
|
|t:|1785180864
|switch|p2b: Billy|Talonflame, L50, M|100/100
|turn|2
|
|t:|1785180887
|switch|p1a: Gyarados|Gyarados, L50, F, shiny|100/100
|-ability|p1a: Gyarados|Intimidate|boost
|-unboost|p2a: Bob|atk|1
|-unboost|p2b: Billy|atk|1
|move|p2b: Billy|Dual Wingbeat|p1a: Gyarados
|-damage|p1a: Gyarados|86/100
|-damage|p1a: Gyarados|72/100
|-hitcount|p1a: Gyarados|2
|move|p2a: Bob|Iron Head|p1b: Mamoswine
|-supereffective|p1b: Mamoswine|1
|-crit|p1b: Mamoswine
|-damage|p1b: Mamoswine|0 fnt
|faint|p1b: Mamoswine
|
|upkeep
|
|t:|1785180900
|switch|p1b: Raichu|Raichu, L50, F|13/100
|turn|3
|inactive|d1mo22 has 30 seconds left.
|inactive|d1mo22 has 20 seconds left.
|
|t:|1785180936
|move|p1b: Raichu|Fake Out|p2b: Billy
|-damage|p2b: Billy|88/100
|cant|p2b: Billy|flinch
|move|p2a: Bob|Psychic Fangs|p1b: Raichu
|-damage|p1b: Raichu|0 fnt
|faint|p1b: Raichu
|move|p1a: Gyarados|Dragon Dance|p1a: Gyarados
|-boost|p1a: Gyarados|atk|1
|-boost|p1a: Gyarados|spe|1
|
|upkeep
|
|t:|1785180944
|switch|p1b: Ceruledge|Ceruledge, L50, F|100/100
|turn|4
|
|t:|1785180962
|switch|p2a: Amethyst|Ninetales-Alola, L50, M, shiny|100/100
|-weather|Snowscape|[from] ability: Snow Warning|[of] p2a: Amethyst
|detailschange|p1a: Gyarados|Gyarados-Mega, L50, F, shiny
|-mega|p1a: Gyarados|Gyarados|Gyaradosite
|-ability|p1a: Gyarados|Mold Breaker
|move|p2b: Billy|Will-O-Wisp|p1a: Gyarados|[miss]
|-miss|p2b: Billy|p1a: Gyarados
|move|p1a: Gyarados|Waterfall|p2b: Billy
|-supereffective|p2b: Billy|1
|-damage|p2b: Billy|0 fnt
|faint|p2b: Billy
|move|p1b: Ceruledge|Bulk Up|p1b: Ceruledge
|-boost|p1b: Ceruledge|atk|1
|-boost|p1b: Ceruledge|def|1
|
|-weather|Snowscape|[upkeep]
|upkeep
|
|t:|1785180971
|switch|p2b: Bob|Metagross-Mega, L50|96/100
|turn|5
|
|t:|1785180990
|move|p2b: Bob|Protect|p2b: Bob
|-singleturn|p2b: Bob|Protect
|move|p1b: Ceruledge|Shadow Sneak|p2a: Amethyst
|-damage|p2a: Amethyst|68/100
|move|p1a: Gyarados|Lash Out|p2b: Bob
|-activate|p2b: Bob|move: Protect
|move|p2a: Amethyst|Aurora Veil|p2a: Amethyst
|-sidestart|p2: none0279|move: Aurora Veil
|
|-weather|Snowscape|[upkeep]
|upkeep
|turn|6
|
|t:|1785181005
|move|p1b: Ceruledge|Shadow Sneak|p2b: Bob
|-supereffective|p2b: Bob|1
|-damage|p2b: Bob|63/100
|move|p1a: Gyarados|Lash Out|p2b: Bob
|-supereffective|p2b: Bob|1
|-damage|p2b: Bob|0 fnt
|faint|p2b: Bob
|move|p2a: Amethyst|Blizzard|p1a: Gyarados|[spread] p1a,p1b
|-resisted|p1a: Gyarados|1
|-resisted|p1b: Ceruledge|1
|-damage|p1a: Gyarados|61/100
|-damage|p1b: Ceruledge|86/100
|
|-weather|Snowscape|[upkeep]
|upkeep
|turn|7
|-message|none0279 forfeited.
|
|win|d1mo22
|l|☆none0279
|player|p2|
||none0279 is ready for game 2.
