|j|☆beeetch
|j|☆kingambitstan
|html|beeetchkingambitstan    
|uhtml|bestof|Game 1 of a best-of-3
|t:|1784375422
|gametype|doubles
|player|p1|beeetch|169|1110
|player|p2|kingambitstan|rika|1106
|gen|9
|tier|[Gen 9 Champions] VGC 2026 Reg M-B (Bo3)
|rated|
|rule|Species Clause: Limit one of each Pokémon
|rule|Item Clause: Limit 1 of each item
|clearpoke
|poke|p1|Milotic, L50, M|
|poke|p1|Incineroar, L50, F|
|poke|p1|Hydreigon, L50, F|
|poke|p1|Sylveon, L50, M|
|poke|p1|Sneasler, L50, F|
|poke|p1|Aerodactyl, L50, F|
|poke|p2|Incineroar, L50, F|
|poke|p2|Milotic, L50, F|
|poke|p2|Sinistcha-Masterpiece, L50|
|poke|p2|Sylveon, L50, F|
|poke|p2|Metagross, L50|
|poke|p2|Garchomp, L50, F|
|teampreview|4
|showteam|p1|Milotic||Leftovers|Competitive|MuddyWater,Coil,Hypnosis,Protect|Bold||M|||50|]Incineroar||SitrusBerry|Intimidate|FlareBlitz,DarkestLariat,FakeOut,PartingShot|Impish||F|||50|]Hydreigon||ChoiceScarf|Levitate|HeatWave,Snarl,DarkPulse,EarthPower|Modest||F|||50|]Sylveon||FairyFeather|Pixilate|HyperBeam,HyperVoice,QuickAttack,Protect|Modest||M|||50|]Sneasler||WhiteHerb|Unburden|Protect,DireClaw,CloseCombat,FakeOut|Adamant||F|||50|]Aerodactyl||Aerodactylite|Unnerve|Protect,RockSlide,ThunderFang,Tailwind|Jolly||F|||50|
|showteam|p2|Incineroar||SitrusBerry|Intimidate|FlareBlitz,DarkestLariat,FakeOut,PartingShot|Careful||F|||50|]Milotic||Leftovers|Competitive|MuddyWater,Hypnosis,Coil,LifeDew|Bold||F|||50|]Sinistcha-Masterpiece||ColburBerry|Hospitality|MatchaGotcha,RagePowder,TrickRoom,Protect|Bold|||||50|]Sylveon||FairyFeather|Pixilate|HyperVoice,Moonblast,QuickAttack,Protect|Modest||F|||50|]Metagross||Metagrossite|ClearBody|IronHead,PsychicFangs,BrickBreak,Protect|Jolly|||||50|]Garchomp||LifeOrb|RoughSkin|RockSlide,StompingTantrum,DragonClaw,Protect|Jolly||F|||50|
|inactive|Battle timer is ON: inactive players will automatically lose when time's up. (requested by kingambitstan)
|inactive|kingambitstan has 60 seconds left.
|inactive|kingambitstan has 30 seconds left.
|
|t:|1784375487
|teamsize|p1|4
|teamsize|p2|4
|start
|switch|p1a: Milotic|Milotic, L50, M|100/100
|switch|p1b: Sneasler|Sneasler, L50, F|100/100
|switch|p2a: Milotic|Milotic, L50, F|100/100
|switch|p2b: Metagross|Metagross, L50|100/100
|turn|1
|inactive|kingambitstan has 30 seconds left.
|
|t:|1784375514
|detailschange|p2b: Metagross|Metagross-Mega, L50
|-mega|p2b: Metagross|Metagross|Metagrossite
|move|p1b: Sneasler|Fake Out|p2b: Metagross
|-resisted|p2b: Metagross|1
|-damage|p2b: Metagross|94/100
|cant|p2b: Metagross|flinch
|move|p2a: Milotic|Coil|p2a: Milotic
|-boost|p2a: Milotic|atk|1
|-boost|p2a: Milotic|def|1
|-boost|p2a: Milotic|accuracy|1
|move|p1a: Milotic|Coil|p1a: Milotic
|-boost|p1a: Milotic|atk|1
|-boost|p1a: Milotic|def|1
|-boost|p1a: Milotic|accuracy|1
|
|upkeep
|turn|2
|
|t:|1784375526
|switch|p1b: Hydreigon|Hydreigon, L50, F|100/100
|move|p2b: Metagross|Psychic Fangs|p1b: Hydreigon
|-immune|p1b: Hydreigon
|move|p2a: Milotic|Hypnosis|p1a: Milotic
|-status|p1a: Milotic|slp|[from] move: Hypnosis
|cant|p1a: Milotic|slp
|
|upkeep
|turn|3
|
|t:|1784375545
|switch|p2b: Sylveon|Sylveon, L50, F|100/100
|move|p1b: Hydreigon|Earth Power|p2b: Sylveon
|-damage|p2b: Sylveon|76/100
|-unboost|p2b: Sylveon|spd|1
|move|p2a: Milotic|Hypnosis|p1b: Hydreigon
|-status|p1b: Hydreigon|slp|[from] move: Hypnosis
|-curestatus|p1a: Milotic|slp|[msg]
|move|p1a: Milotic|Muddy Water|p2b: Sylveon|[spread] p2a,p2b
|-resisted|p2a: Milotic|1
|-damage|p2a: Milotic|91/100
|-damage|p2b: Sylveon|52/100
|
|-heal|p2a: Milotic|97/100|[from] item: Leftovers
|upkeep
|turn|4
|
|t:|1784375556
|switch|p1b: Sylveon|Sylveon, L50, M|100/100
|move|p2a: Milotic|Hypnosis|p1a: Milotic
|-status|p1a: Milotic|slp|[from] move: Hypnosis
|cant|p1a: Milotic|slp
|move|p2b: Sylveon|Hyper Voice|p1b: Sylveon|[spread] p1a,p1b
|-damage|p1a: Milotic|67/100 slp
|-damage|p1b: Sylveon|63/100
|
|-heal|p2a: Milotic|100/100|[from] item: Leftovers
|-heal|p1a: Milotic|73/100 slp|[from] item: Leftovers
|upkeep
|turn|5
|
|t:|1784375575
|switch|p2b: Metagross|Metagross-Mega, L50|94/100
|move|p2a: Milotic|Hypnosis|p1b: Sylveon|[miss]
|-miss|p2a: Milotic|p1b: Sylveon
|-curestatus|p1a: Milotic|slp|[msg]
|move|p1a: Milotic|Muddy Water|p2a: Milotic|[spread] p2a,p2b
|-resisted|p2a: Milotic|1
|-crit|p2a: Milotic
|-damage|p2a: Milotic|88/100
|-damage|p2b: Metagross|68/100
|-unboost|p2b: Metagross|accuracy|1
|move|p1b: Sylveon|Hyper Beam|p2a: Milotic
|-damage|p2a: Milotic|22/100
|-mustrecharge|p1b: Sylveon
|
|-heal|p2a: Milotic|28/100|[from] item: Leftovers
|-heal|p1a: Milotic|79/100|[from] item: Leftovers
|upkeep
|turn|6
|
|t:|1784375593
|switch|p2b: Sinistcha|Sinistcha-Masterpiece, L50|100/100
|-heal|p2a: Milotic|53/100|[from] ability: Hospitality|[of] p2b: Sinistcha
|move|p2a: Milotic|Hypnosis|p1a: Milotic
|-status|p1a: Milotic|slp|[from] move: Hypnosis
|cant|p1a: Milotic|slp
|cant|p1b: Sylveon|recharge
|
|-heal|p2a: Milotic|59/100|[from] item: Leftovers
|-heal|p1a: Milotic|85/100 slp|[from] item: Leftovers
|upkeep
|turn|7
|
|t:|1784375617
|switch|p1b: Hydreigon|Hydreigon, L50, F|100/100 slp
|move|p2a: Milotic|Hypnosis|p1b: Hydreigon
|-fail|p1b: Hydreigon|slp
|cant|p1a: Milotic|slp
|move|p2b: Sinistcha|Matcha Gotcha|p1a: Milotic|[spread] p1a
|-miss|p2b: Sinistcha|p1b: Hydreigon
|-supereffective|p1a: Milotic|1
|-damage|p1a: Milotic|48/100 slp
|
|-heal|p2a: Milotic|66/100|[from] item: Leftovers
|-heal|p1a: Milotic|54/100 slp|[from] item: Leftovers
|upkeep
|turn|8
|
|t:|1784375631
|cant|p1b: Hydreigon|slp
|move|p2a: Milotic|Muddy Water|p1a: Milotic|[spread] p1a,p1b
|-resisted|p1a: Milotic|1
|-resisted|p1b: Hydreigon|1
|-damage|p1a: Milotic|46/100 slp
|-damage|p1b: Hydreigon|86/100 slp
|-curestatus|p1a: Milotic|slp|[msg]
|move|p1a: Milotic|Muddy Water|p2a: Milotic|[spread] p2a,p2b
|-resisted|p2a: Milotic|1
|-resisted|p2b: Sinistcha|1
|-damage|p2a: Milotic|58/100
|-damage|p2b: Sinistcha|87/100
|-unboost|p2a: Milotic|accuracy|1
|-ability|p2a: Milotic|Competitive|boost
|-boost|p2a: Milotic|spa|2
|move|p2b: Sinistcha|Matcha Gotcha|p1b: Hydreigon|[spread] p1a,p1b
|-supereffective|p1a: Milotic|1
|-resisted|p1b: Hydreigon|1
|-damage|p1a: Milotic|15/100
|-heal|p2b: Sinistcha|100/100|[from] drain|[of] p1a: Milotic
|-damage|p1b: Hydreigon|73/100 slp
|
|-heal|p2a: Milotic|64/100|[from] item: Leftovers
|-heal|p1a: Milotic|21/100|[from] item: Leftovers
|upkeep
|turn|9
|l|☆kingambitstan
|inactive|kingambitstan disconnected and has a minute to reconnect!
|player|p2|
|j|☆kingambitstan
|inactive|kingambitstan reconnected and has 35 seconds left.
|player|p2|kingambitstan|rika|
|inactive|kingambitstan has 30 seconds left.
|inactive|kingambitstan has 20 seconds left.
|inactive|kingambitstan has 15 seconds left.
|inactive|kingambitstan has 10 seconds left.
|inactive|kingambitstan has 5 seconds left.
|l|☆kingambitstan
|inactive|kingambitstan disconnected and has a minute to reconnect!
|player|p2|
|-message|kingambitstan lost due to inactivity.
|
|win|beeetch
||beeetch is ready for game 2.
|inactive|kingambitstan has 30 seconds to confirm battle start!
|j|☆kingambitstan
|player|p2|kingambitstan|rika|
