|j|☆s!dd_1
|j|‽CaratroncoSun
|html|s!dd_1CaratroncoSun    
|uhtml|bestof|Game 2 of a best-of-3
|t:|1784111021
|gametype|doubles
|player|p1|s!dd_1|flannery-gen6|1433
|player|p2|CaratroncoSun|juan|1318
|gen|9
|tier|[Gen 9 Champions] VGC 2026 Reg M-B (Bo3)
|rated|
|rule|Species Clause: Limit one of each Pokémon
|rule|Item Clause: Limit 1 of each item
|clearpoke
|poke|p1|Raichu, L50, F|
|poke|p1|Mamoswine, L50, M|
|poke|p1|Sinistcha, L50|
|poke|p1|Sylveon, L50, M|
|poke|p1|Arcanine-Hisui, L50, F|
|poke|p1|Hydreigon, L50, M|
|poke|p2|Charizard, L50, M, shiny|
|poke|p2|Venusaur, L50, M, shiny|
|poke|p2|Whimsicott, L50, M, shiny|
|poke|p2|Basculegion, L50, M|
|poke|p2|Tyranitar, L50, F|
|poke|p2|Mamoswine, L50, M|
|teampreview|4
|showteam|p1|Raichu||RaichuniteY|LightningRod|ZapCannon,FocusBlast,FakeOut,Protect|Timid||F|||50|]Mamoswine||LifeOrb|Oblivious|IcicleCrash,IceShard,HighHorsepower,Protect|Adamant||M|||50|]Sinistcha||ColburBerry|Hospitality|MatchaGotcha,RagePowder,TrickRoom,Protect|Relaxed|||||50|]Sylveon||FairyFeather|Pixilate|HyperVoice,HyperBeam,CalmMind,Detect|Modest||M|||50|]Arcanine-Hisui||FocusSash|Intimidate|FlareBlitz,RockSlide,ExtremeSpeed,Protect|Adamant||F|||50|]Hydreigon||ChoiceScarf|Levitate|DracoMeteor,DarkPulse,EarthPower,Snarl|Modest||M|||50|
|showteam|p2|Charizard||CharizarditeY|Blaze|Protect,SolarBeam,HeatWave,AirSlash|Modest||M|||50|]Venusaur||WideLens|Chlorophyll|Protect,GigaDrain,EarthPower,SleepPowder|Modest||M|||50|]Whimsicott||FairyFeather|Prankster|Protect,Moonblast,Tailwind,Encore|Timid||M|||50|]Basculegion||MysticWater|Adaptability|Protect,AquaJet,WaveCrash,LastRespects|Adamant||M|||50|]Tyranitar||Tyranitarite|SandStream|Protect,RockSlide,KnockOff,LowKick|Adamant||F|||50|]Mamoswine||FocusSash|Oblivious|Protect,HighHorsepower,IcicleCrash,StoneEdge|Adamant||M|||50|
|inactive|Battle timer is ON: inactive players will automatically lose when time's up. (requested by s!dd_1)
|inactive|s!dd_1 has 60 seconds left.
|inactive|s!dd_1 has 30 seconds left.
|
|t:|1784111084
|teamsize|p1|4
|teamsize|p2|4
|start
|switch|p1a: Matador|Mamoswine, L50, M|100/100
|switch|p1b: Chrome|Arcanine-Hisui, L50, F|100/100
|switch|p2a: Whimsicott|Whimsicott, L50, M, shiny|100/100
|switch|p2b: Mamoswine|Mamoswine, L50, M|100/100
|-ability|p1b: Chrome|Intimidate|boost
|-unboost|p2a: Whimsicott|atk|1
|-fail|p2b: Mamoswine|unboost|Attack|[from] ability: Oblivious|[of] p2b: Mamoswine
|turn|1
|
|t:|1784111103
|move|p1b: Chrome|Extreme Speed|p2a: Whimsicott
|-damage|p2a: Whimsicott|58/100
|move|p1a: Matador|Ice Shard|p2a: Whimsicott
|-supereffective|p2a: Whimsicott|1
|-damage|p2a: Whimsicott|0 fnt
|faint|p2a: Whimsicott
|-damage|p1a: Matador|90/100|[from] item: Life Orb
|move|p2b: Mamoswine|High Horsepower|p1b: Chrome
|-supereffective|p1b: Chrome|2
|-enditem|p1b: Chrome|Focus Sash
|-damage|p1b: Chrome|1/100
|
|upkeep
|
|t:|1784111116
|switch|p2a: Basculegion|Basculegion, L50, M|100/100
|turn|2
|
|t:|1784111133
|move|p1a: Matador|Protect|p1a: Matador
|-singleturn|p1a: Matador|Protect
|move|p1b: Chrome|Extreme Speed|p2b: Mamoswine
|-damage|p2b: Mamoswine|68/100
|move|p2a: Basculegion|Aqua Jet|p1a: Matador
|-activate|p1a: Matador|move: Protect
|move|p2b: Mamoswine|High Horsepower|p1a: Matador
|-activate|p1a: Matador|move: Protect
|
|upkeep
|turn|3
|
|t:|1784111154
|switch|p1a: Shaolin|Sinistcha, L50|100/100
|-heal|p1b: Chrome|25/100|[from] ability: Hospitality|[of] p1a: Shaolin
|move|p1b: Chrome|Protect|p1b: Chrome
|-singleturn|p1b: Chrome|Protect
|move|p2a: Basculegion|Aqua Jet|p1b: Chrome
|-activate|p1b: Chrome|move: Protect
|move|p2b: Mamoswine|High Horsepower|p1a: Shaolin
|-resisted|p1a: Shaolin|1
|-crit|p1a: Shaolin
|-damage|p1a: Shaolin|67/100
|
|upkeep
|turn|4
|inactive|CaratroncoSun has 30 seconds left.
|
|t:|1784111186
|move|p2b: Mamoswine|Protect|p2b: Mamoswine
|-singleturn|p2b: Mamoswine|Protect
|move|p1a: Shaolin|Rage Powder|p1a: Shaolin
|-singleturn|p1a: Shaolin|move: Rage Powder
|move|p1b: Chrome|Rock Slide|p2a: Basculegion|[spread] p2a
|-activate|p2b: Mamoswine|move: Protect
|-damage|p2a: Basculegion|64/100
|move|p2a: Basculegion|Last Respects|p1a: Shaolin
|-supereffective|p1a: Shaolin|1
|-damage|p1a: Shaolin|0 fnt
|faint|p1a: Shaolin
|
|upkeep
|
|t:|1784111189
|switch|p1a: Gipsy Danger|Raichu, L50, F|100/100
|turn|5
|inactive|CaratroncoSun has 30 seconds left.
|inactive|s!dd_1 has 30 seconds left.
|
|t:|1784111232
|detailschange|p1a: Gipsy Danger|Raichu-Mega-Y, L50, F
|-mega|p1a: Gipsy Danger|Raichu|Raichunite Y
|move|p1b: Chrome|Protect|p1b: Chrome
|-singleturn|p1b: Chrome|Protect
|move|p2a: Basculegion|Aqua Jet|p1a: Gipsy Danger
|-damage|p1a: Gipsy Danger|42/100
|move|p1a: Gipsy Danger|Zap Cannon|p2a: Basculegion
|-supereffective|p2a: Basculegion|1
|-damage|p2a: Basculegion|0 fnt
|faint|p2a: Basculegion
|move|p2b: Mamoswine|High Horsepower|p1b: Chrome
|-activate|p1b: Chrome|move: Protect
|
|upkeep
|
|t:|1784111245
|switch|p2a: Tyranitar|Tyranitar, L50, F|100/100
|-weather|Sandstorm|[from] ability: Sand Stream|[of] p2a: Tyranitar
|turn|6
|
|t:|1784111269
|detailschange|p2a: Tyranitar|Tyranitar-Mega, L50, F
|-mega|p2a: Tyranitar|Tyranitar|Tyranitarite
|move|p2a: Tyranitar|Protect|p2a: Tyranitar
|-singleturn|p2a: Tyranitar|Protect
|move|p1a: Gipsy Danger|Zap Cannon|p2a: Tyranitar
|-activate|p2a: Tyranitar|move: Protect
|move|p1b: Chrome|Flare Blitz|p2b: Mamoswine
|-supereffective|p2b: Mamoswine|1
|-damage|p2b: Mamoswine|0 fnt
|faint|p2b: Mamoswine
|-damage|p1b: Chrome|1/100|[from] Recoil
|
|-weather|Sandstorm|[upkeep]
|-damage|p1a: Gipsy Danger|36/100|[from] Sandstorm
|upkeep
|turn|7
|
|t:|1784111283
|move|p1a: Gipsy Danger|Zap Cannon|p2a: Tyranitar
|-damage|p2a: Tyranitar|69/100
|-status|p2a: Tyranitar|par
|move|p1b: Chrome|Rock Slide|p2a: Tyranitar
|-damage|p2a: Tyranitar|45/100 par
|cant|p2a: Tyranitar|flinch
|
|-weather|Sandstorm|[upkeep]
|-damage|p1a: Gipsy Danger|30/100|[from] Sandstorm
|upkeep
|turn|8
|
|t:|1784111295
|move|p1a: Gipsy Danger|Focus Blast|p2a: Tyranitar
|-supereffective|p2a: Tyranitar|2
|-damage|p2a: Tyranitar|0 fnt
|faint|p2a: Tyranitar
|
|win|s!dd_1
