|j|☆3antar
|j|☆RamonTheKiller
|html|3antarRamonTheKiller    
|uhtml|bestof|Game 1 of a best-of-3
|t:|1756819470
|gametype|doubles
|player|p1|3antar|brycenman|1061
|player|p2|RamonTheKiller|palmer|1168
|gen|9
|tier|[Gen 9] VGC 2025 Reg H (Bo3)
|rated|
|rule|Species Clause: Limit one of each Pokémon
|rule|Item Clause: Limit 1 of each item
|clearpoke
|poke|p1|Spiritomb, L50, M|
|poke|p1|Avalugg-Hisui, L50, M|
|poke|p1|Ursaluna-Bloodmoon, L50, M|
|poke|p1|Grimmsnarl, L50, M|
|poke|p1|Hatterene, L50, F|
|poke|p1|Abomasnow, L50, M|
|poke|p2|Incineroar, L50, M|
|poke|p2|Amoonguss, L50, F|
|poke|p2|Gholdengo, L50|
|poke|p2|Dragonite, L50, F|
|poke|p2|Sneasler, L50, F|
|poke|p2|Primarina, L50, F|
|teampreview|4
|showteam|p1|Spiritomb||SitrusBerry|Pressure|WillOWisp,TrickRoom,HelpingHand,Poltergeist|||M|||50|,,,,,Steel]Avalugg-Hisui||AssaultVest|Sturdy|MountainGale,HighHorsepower,BodyPress,RockSlide|||M|||50|,,,,,Ghost]Ursaluna-Bloodmoon||ThroatSpray|MindsEye|BloodMoon,HyperVoice,EarthPower,Protect|||M|||50|,,,,,Normal]Grimmsnarl||EjectButton|Prankster|SpiritBreak,FakeTears,FakeOut,PartingShot|||M|||50|,,,,,Ghost]Hatterene||CovertCloak|MagicBounce|ExpandingForce,TeraBlast,TrickRoom,Protect|||F|||50|,,,,,Fire]Abomasnow||LightClay|SnowWarning|AuroraVeil,Blizzard,GrassKnot,Protect|||M|||50|,,,,,Water
|showteam|p2|Incineroar||SafetyGoggles|Intimidate|KnockOff,FakeOut,PartingShot,FlareBlitz|||M|||50|,,,,,Ghost]Amoonguss||RockyHelmet|Regenerator|RagePowder,PollenPuff,Spore,Protect|||F|||50|,,,,,Fairy]Gholdengo||LifeOrb|GoodasGold|MakeItRain,ShadowBall,NastyPlot,Protect||||||50|,,,,,Water]Dragonite||LoadedDice|Multiscale|ScaleShot,Protect,Tailwind,Haze|||F|||50|,,,,,Fairy]Sneasler||FocusSash|Unburden|DireClaw,CloseCombat,Protect,ThroatChop|||F|||50|,,,,,Stellar]Primarina||AssaultVest|LiquidVoice|HyperVoice,Moonblast,IcyWind,TeraBlast|||F|||50|,,,,,Poison
|
|t:|1756819502
|teamsize|p1|4
|teamsize|p2|4
|start
|switch|p1a: Spiritomb|Spiritomb, L50, M, shiny|100/100
|switch|p1b: Grimmsnarl|Grimmsnarl, L50, M, shiny|100/100
|switch|p2a: Sneasler|Sneasler, L50, F|100/100
|switch|p2b: Incineroar|Incineroar, L50, M|100/100
|-ability|p2b: Incineroar|Intimidate|boost
|-unboost|p1a: Spiritomb|atk|1
|-unboost|p1b: Grimmsnarl|atk|1
|-ability|p1a: Spiritomb|Pressure
|turn|1
|inactive|Battle timer is ON: inactive players will automatically lose when time's up. (requested by RamonTheKiller)
|
|t:|1756819523
|-terastallize|p1a: Spiritomb|Steel
|move|p1b: Grimmsnarl|Fake Out|p2a: Sneasler
|-damage|p2a: Sneasler|88/100
|cant|p2a: Sneasler|flinch
|move|p2b: Incineroar|Knock Off|p1a: Spiritomb
|-damage|p1a: Spiritomb|58/100
|-enditem|p1a: Spiritomb|Sitrus Berry|[from] move: Knock Off|[of] p2b: Incineroar
|move|p1a: Spiritomb|Trick Room|p1a: Spiritomb
|-fieldstart|move: Trick Room|[of] p1a: Spiritomb
|
|upkeep
|turn|2
|
|t:|1756819548
|switch|p2a: Primarina|Primarina, L50, F|100/100
|move|p1b: Grimmsnarl|Parting Shot|p2a: Primarina
|-unboost|p2a: Primarina|atk|1
|-unboost|p2a: Primarina|spa|1
|
|t:|1756819552
|switch|p1b: Ursaluna|Ursaluna-Bloodmoon, L50, M|100/100|[from] Parting Shot
|move|p1a: Spiritomb|Will-O-Wisp|p2a: Primarina
|-status|p2a: Primarina|brn
|move|p2b: Incineroar|Flare Blitz|p1a: Spiritomb
|-supereffective|p1a: Spiritomb
|-damage|p1a: Spiritomb|0 fnt
|faint|p1a: Spiritomb
|-damage|p2b: Incineroar|85/100|[from] Recoil
|
|-damage|p2a: Primarina|95/100 brn|[from] brn
|upkeep
|
|t:|1756819562
|switch|p1a: Avalugg|Avalugg-Hisui, L50, M, shiny|100/100
|turn|3
|
|t:|1756819576
|-terastallize|p2b: Incineroar|Ghost
|move|p1a: Avalugg|Rock Slide|p2b: Incineroar|[spread] p2a
|-miss|p1a: Avalugg|p2b: Incineroar
|-damage|p2a: Primarina|67/100 brn
|move|p1b: Ursaluna|Hyper Voice|p2a: Primarina|[spread] p2a,p2b
|-damage|p2a: Primarina|44/100 brn
|-damage|p2b: Incineroar|52/100
|-enditem|p1b: Ursaluna|Throat Spray
|-boost|p1b: Ursaluna|spa|1|[from] item: Throat Spray
|move|p2a: Primarina|Hyper Voice|p1a: Avalugg|[spread] p1a,p1b
|-supereffective|p1a: Avalugg
|-supereffective|p1b: Ursaluna
|-damage|p1a: Avalugg|62/100
|-damage|p1b: Ursaluna|51/100
|move|p2b: Incineroar|Parting Shot|p1a: Avalugg
|-unboost|p1a: Avalugg|atk|1
|-unboost|p1a: Avalugg|spa|1
|
|t:|1756819603
|switch|p2b: Gholdengo|Gholdengo, L50|100/100|[from] Parting Shot
|
|-damage|p2a: Primarina|38/100 brn|[from] brn
|upkeep
|turn|4
|
|t:|1756819614
|move|p2b: Gholdengo|Protect|p2b: Gholdengo
|-singleturn|p2b: Gholdengo|Protect
|move|p1a: Avalugg|Body Press|p2a: Primarina
|-resisted|p2a: Primarina
|-damage|p2a: Primarina|19/100 brn
|move|p1b: Ursaluna|Hyper Voice|p2a: Primarina|[spread] p2a
|-activate|p2b: Gholdengo|move: Protect
|-damage|p2a: Primarina|0 fnt
|faint|p2a: Primarina
|
|upkeep
|
|t:|1756819628
|switch|p2a: Incineroar|Incineroar, L50, M, tera:Ghost|52/100
|-ability|p2a: Incineroar|Intimidate|boost
|-unboost|p1a: Avalugg|atk|1
|-unboost|p1b: Ursaluna|atk|1
|turn|5
|
|t:|1756819637
|switch|p1a: Grimmsnarl|Grimmsnarl, L50, M, shiny|100/100
|move|p1b: Ursaluna|Protect|p1b: Ursaluna
|-singleturn|p1b: Ursaluna|Protect
|move|p2a: Incineroar|Fake Out|p1b: Ursaluna
|-activate|p1b: Ursaluna|move: Protect
|move|p2b: Gholdengo|Shadow Ball|p1a: Grimmsnarl
|-resisted|p1a: Grimmsnarl
|-damage|p1a: Grimmsnarl|77/100
|-enditem|p1a: Grimmsnarl|Eject Button
|-damage|p2b: Gholdengo|91/100|[from] item: Life Orb
|
|t:|1756819645
|switch|p1a: Avalugg|Avalugg-Hisui, L50, M, shiny|62/100
|
|-fieldend|move: Trick Room
|upkeep
|turn|6
|
|t:|1756819660
|move|p2b: Gholdengo|Protect|p2b: Gholdengo
|-singleturn|p2b: Gholdengo|Protect
|move|p2a: Incineroar|Knock Off|p1a: Avalugg
|-damage|p1a: Avalugg|42/100
|-enditem|p1a: Avalugg|Assault Vest|[from] move: Knock Off|[of] p2a: Incineroar
|move|p1b: Ursaluna|Hyper Voice|p2a: Incineroar|[spread] p2a
|-activate|p2b: Gholdengo|move: Protect
|-damage|p2a: Incineroar|0 fnt
|faint|p2a: Incineroar
|move|p1a: Avalugg|High Horsepower|p2b: Gholdengo
|-activate|p2b: Gholdengo|move: Protect
|
|upkeep
|
|t:|1756819673
|switch|p2a: Sneasler|Sneasler, L50, F|88/100
|turn|7
|
|t:|1756819680
|move|p1b: Ursaluna|Protect|p1b: Ursaluna
|-singleturn|p1b: Ursaluna|Protect
|move|p2a: Sneasler|Dire Claw|p1b: Ursaluna
|-activate|p1b: Ursaluna|move: Protect
|move|p2b: Gholdengo|Make It Rain|p1b: Ursaluna|[spread] p1a
|-activate|p1b: Ursaluna|move: Protect
|-supereffective|p1a: Avalugg
|-damage|p1a: Avalugg|0 fnt
|-unboost|p2b: Gholdengo|spa|1
|faint|p1a: Avalugg
|-damage|p2b: Gholdengo|82/100|[from] item: Life Orb
|
|upkeep
|
|t:|1756819691
|switch|p1a: Grimmsnarl|Grimmsnarl, L50, M, shiny|77/100
|turn|8
|
|t:|1756819706
|move|p1a: Grimmsnarl|Fake Out|p2a: Sneasler
|-damage|p2a: Sneasler|72/100
|cant|p2a: Sneasler|flinch
|move|p2b: Gholdengo|Make It Rain|p1a: Grimmsnarl|[spread] p1a,p1b
|-supereffective|p1a: Grimmsnarl
|-damage|p1a: Grimmsnarl|3/100
|-damage|p1b: Ursaluna|12/100
|-unboost|p2b: Gholdengo|spa|1
|-damage|p2b: Gholdengo|72/100|[from] item: Life Orb
|move|p1b: Ursaluna|Earth Power|p2b: Gholdengo
|-supereffective|p2b: Gholdengo
|-damage|p2b: Gholdengo|0 fnt
|faint|p2b: Gholdengo
|
|upkeep
|turn|9
|
|t:|1756819729
|move|p2a: Sneasler|Dire Claw|p1b: Ursaluna
|-resisted|p1b: Ursaluna
|-damage|p1b: Ursaluna|0 fnt
|faint|p1b: Ursaluna
|move|p1a: Grimmsnarl|Spirit Break|p2a: Sneasler
|-damage|p2a: Sneasler|31/100
|-unboost|p2a: Sneasler|spa|1
|
|upkeep
|turn|10
|
|t:|1756819738
|move|p2a: Sneasler|Dire Claw|p1a: Grimmsnarl
|-supereffective|p1a: Grimmsnarl
|-damage|p1a: Grimmsnarl|0 fnt
|faint|p1a: Grimmsnarl
|
|win|RamonTheKiller
||3antar is ready for game 2.
