|j|☆pinkeyt569
|j|☆Kyoshi44
|html|pinkeyt569Kyoshi44    
|uhtml|bestof|Game 2 of a best-of-3
|t:|1756431684
|gametype|doubles
|player|p1|pinkeyt569|2|1014
|player|p2|Kyoshi44|dawn|1100
|gen|9
|tier|[Gen 9] VGC 2025 Reg H (Bo3)
|rated|
|rule|Species Clause: Limit one of each Pokémon
|rule|Item Clause: Limit 1 of each item
|clearpoke
|poke|p1|Smeargle, L50, M|
|poke|p1|Dragonite, L50, M|
|poke|p1|Rillaboom, L50, M|
|poke|p1|Kingambit, L50, F|
|poke|p1|Flamigo, L50, M|
|poke|p1|Farigiraf, L50, F|
|poke|p2|Amoonguss, L50, M|
|poke|p2|Corviknight, L50, F|
|poke|p2|Garchomp, L50, F|
|poke|p2|Dragonite, L50, M|
|poke|p2|Ninetales-Alola, L50, F|
|poke|p2|Incineroar, L50, M|
|teampreview|4
|showteam|p1|Smeargle||FocusSash|Moody|WideGuard,FollowMe,Spore,Decorate|||M|||50|,,,,,Ghost]Dragonite||LoadedDice|Multiscale|Protect,Tailwind,Haze,ScaleShot|||M|||50|,,,,,Fairy]Rillaboom||AssaultVest|GrassySurge|FakeOut,GrassyGlide,WoodHammer,HighHorsepower|||M|||50|,,,,,Fire]Kingambit||BlackGlasses|Defiant|Protect,SuckerPunch,KowtowCleave,IronHead|||F|||50|,,,,,Ghost]Flamigo||WhiteHerb|Costar|Protect,Acrobatics,CloseCombat,ThroatChop|||M|||50|,,,,,Steel]Farigiraf||SitrusBerry|ArmorTail|HyperVoice,Psychic,Imprison,TrickRoom|||F|||50|,,,,,Fairy
|showteam|p2|Amoonguss||RockyHelmet|Regenerator|Spore,RagePowder,PollenPuff,Protect|||M|||50|,,,,,Water]Corviknight||SitrusBerry|MirrorArmor|BraveBird,Tailwind,Taunt,IronHead|||F|||50|,,,,,Flying]Garchomp||LifeOrb|RoughSkin|Earthquake,DragonClaw,StompingTantrum,Protect|||F|||50|,,,,,Steel]Dragonite||LoadedDice|Multiscale|ScaleShot,Protect,Haze,LowKick|||M|||50|,,,,,Fairy]Ninetales-Alola||FocusSash|SnowWarning|Blizzard,DazzlingGleam,Protect,AuroraVeil|||F|||50|,,,,,Ghost]Incineroar||AssaultVest|Intimidate|FakeOut,KnockOff,FlareBlitz,Uturn|||M|||50|,,,,,Ghost
|inactive|Battle timer is ON: inactive players will automatically lose when time's up. (requested by Kyoshi44)
|inactive|pinkeyt569 has 60 seconds left.
|
|t:|1756431733
|teamsize|p1|4
|teamsize|p2|4
|start
|switch|p1a: Kingambit|Kingambit, L50, F|100/100
|switch|p1b: Farigiraf|Farigiraf, L50, F|100/100
|switch|p2a: Ninetales|Ninetales-Alola, L50, F|100/100
|switch|p2b: Incineroar|Incineroar, L50, M|100/100
|-weather|Snowscape|[from] ability: Snow Warning|[of] p2a: Ninetales
|-ability|p2b: Incineroar|Intimidate|boost
|-unboost|p1a: Kingambit|atk|1
|-ability|p1a: Kingambit|Defiant|boost
|-boost|p1a: Kingambit|atk|2
|-unboost|p1b: Farigiraf|atk|1
|turn|1
|inactive|pinkeyt569 has 30 seconds left.
|inactive|pinkeyt569 has 20 seconds left.
|inactive|pinkeyt569 has 15 seconds left.
|
|t:|1756431778
|-terastallize|p2b: Incineroar|Ghost
|-terastallize|p1a: Kingambit|Ghost
|move|p2a: Ninetales|Aurora Veil|p2a: Ninetales
|-sidestart|p2: Kyoshi44|move: Aurora Veil
|move|p1b: Farigiraf|Hyper Voice|p2a: Ninetales|[spread] p2a
|-immune|p2b: Incineroar
|-damage|p2a: Ninetales|75/100
|move|p2b: Incineroar|Knock Off|p1b: Farigiraf
|-supereffective|p1b: Farigiraf
|-damage|p1b: Farigiraf|26/100
|-enditem|p1b: Farigiraf|Sitrus Berry|[from] move: Knock Off|[of] p2b: Incineroar
|move|p1a: Kingambit|Iron Head|p2a: Ninetales
|-supereffective|p2a: Ninetales
|-damage|p2a: Ninetales|0 fnt
|faint|p2a: Ninetales
|
|-weather|Snowscape|[upkeep]
|upkeep
|
|t:|1756431798
|switch|p2a: Garchomp|Garchomp, L50, F|100/100
|turn|2
|inactive|pinkeyt569 has 30 seconds left.
|
|t:|1756431823
|switch|p1b: Rillaboom|Rillaboom, L50, M|100/100
|-fieldstart|move: Grassy Terrain|[from] ability: Grassy Surge|[of] p1b: Rillaboom
|move|p2a: Garchomp|Dragon Claw|p1b: Rillaboom
|-damage|p1b: Rillaboom|45/100
|-damage|p2a: Garchomp|91/100|[from] item: Life Orb
|move|p2b: Incineroar|Knock Off|p1a: Kingambit
|-supereffective|p1a: Kingambit
|-damage|p1a: Kingambit|43/100
|-enditem|p1a: Kingambit|Black Glasses|[from] move: Knock Off|[of] p2b: Incineroar
|move|p1a: Kingambit|Kowtow Cleave|p2b: Incineroar
|-supereffective|p2b: Incineroar
|-damage|p2b: Incineroar|17/100
|
|-weather|Snowscape|[upkeep]
|-heal|p2a: Garchomp|97/100|[from] Grassy Terrain
|-heal|p1b: Rillaboom|51/100|[from] Grassy Terrain
|-heal|p2b: Incineroar|23/100|[from] Grassy Terrain
|-heal|p1a: Kingambit|49/100|[from] Grassy Terrain
|upkeep
|turn|3
|inactive|pinkeyt569 has 30 seconds left.
|l|☆Kyoshi44
|inactive|Kyoshi44 disconnected and has a minute to reconnect!
|player|p2|
|inactive|pinkeyt569 has 20 seconds left.
|inactive|pinkeyt569 has 15 seconds left.
|inactive|pinkeyt569 has 10 seconds left.
|
|t:|1756431869
|switch|p2b: Dragonite|Dragonite, L50, M|100/100
|move|p1b: Rillaboom|Grassy Glide|p2b: Dragonite
|-resisted|p2b: Dragonite
|-damage|p2b: Dragonite|98/100
|move|p1a: Kingambit|Sucker Punch|p2a: Garchomp
|-damage|p2a: Garchomp|56/100
|-damage|p1a: Kingambit|37/100|[from] ability: Rough Skin|[of] p2a: Garchomp
|move|p2a: Garchomp|Earthquake|p1b: Rillaboom|[spread] p1a,p1b
|-immune|p2b: Dragonite
|-resisted|p1b: Rillaboom
|-damage|p1a: Kingambit|19/100
|-damage|p1b: Rillaboom|39/100
|-damage|p2a: Garchomp|46/100|[from] item: Life Orb
|
|-weather|Snowscape|[upkeep]
|-heal|p2a: Garchomp|52/100|[from] Grassy Terrain
|-heal|p1b: Rillaboom|45/100|[from] Grassy Terrain
|-heal|p1a: Kingambit|25/100|[from] Grassy Terrain
|upkeep
|turn|4
|j|☆Kyoshi44
|inactive|Kyoshi44 reconnected and has 45 seconds left.
|player|p2|Kyoshi44|dawn|
|inactive|pinkeyt569 has 30 seconds left.
|inactive|Kyoshi44 has 30 seconds left.
|
|t:|1756431895
|move|p1b: Rillaboom|Grassy Glide|p2a: Garchomp
|-damage|p2a: Garchomp|26/100
|-damage|p1b: Rillaboom|32/100|[from] ability: Rough Skin|[of] p2a: Garchomp
|move|p1a: Kingambit|Sucker Punch|p2a: Garchomp
|-damage|p2a: Garchomp|0 fnt
|-damage|p1a: Kingambit|13/100|[from] ability: Rough Skin|[of] p2a: Garchomp
|faint|p2a: Garchomp
|move|p2b: Dragonite|Haze|p2b: Dragonite
|-clearallboost
|
|-weather|Snowscape|[upkeep]
|-heal|p1b: Rillaboom|39/100|[from] Grassy Terrain
|-heal|p1a: Kingambit|19/100|[from] Grassy Terrain
|upkeep
|
|t:|1756431905
|switch|p2a: Incineroar|Incineroar, L50, M, tera:Ghost|23/100
|-ability|p2a: Incineroar|Intimidate|boost
|-unboost|p1a: Kingambit|atk|1
|-ability|p1a: Kingambit|Defiant|boost
|-boost|p1a: Kingambit|atk|2
|-unboost|p1b: Rillaboom|atk|1
|turn|5
|inactive|pinkeyt569 has 30 seconds left.
|
|t:|1756431933
|move|p1a: Kingambit|Protect|p1a: Kingambit
|-singleturn|p1a: Kingambit|Protect
|move|p2a: Incineroar|Fake Out|p1b: Rillaboom
|-crit|p1b: Rillaboom
|-damage|p1b: Rillaboom|21/100
|cant|p1b: Rillaboom|flinch
|move|p2b: Dragonite|Scale Shot|p1a: Kingambit
|-activate|p1a: Kingambit|move: Protect
|
|-weather|none
|-heal|p1b: Rillaboom|27/100|[from] Grassy Terrain
|-heal|p2a: Incineroar|29/100|[from] Grassy Terrain
|-heal|p1a: Kingambit|25/100|[from] Grassy Terrain
|-sideend|p2: Kyoshi44|move: Aurora Veil
|upkeep
|turn|6
|
|t:|1756431950
|switch|p1b: Flamigo|Flamigo, L50, M|100/100
|-copyboost|p1b: Flamigo|p1a: Kingambit|[from] ability: Costar
|move|p1a: Kingambit|Sucker Punch|p2a: Incineroar
|-supereffective|p2a: Incineroar
|-damage|p2a: Incineroar|0 fnt
|faint|p2a: Incineroar
|move|p2b: Dragonite|Scale Shot|p1b: Flamigo
|-damage|p1b: Flamigo|81/100
|-damage|p1b: Flamigo|61/100
|-damage|p1b: Flamigo|39/100
|-damage|p1b: Flamigo|18/100
|-damage|p1b: Flamigo|0 fnt
|faint|p1b: Flamigo
|-hitcount|p1: Flamigo|5
|-unboost|p2b: Dragonite|def|1
|-boost|p2b: Dragonite|spe|1
|
|-heal|p1a: Kingambit|31/100|[from] Grassy Terrain
|-fieldend|move: Grassy Terrain
|upkeep
|
|t:|1756431960
|switch|p1b: Rillaboom|Rillaboom, L50, M|27/100
|-fieldstart|move: Grassy Terrain|[from] ability: Grassy Surge|[of] p1b: Rillaboom
|turn|7
|
|t:|1756431978
|switch|p1b: Farigiraf|Farigiraf, L50, F|26/100
|move|p2b: Dragonite|Scale Shot|p1a: Kingambit
|-crit|p1a: Kingambit
|-damage|p1a: Kingambit|15/100
|-crit|p1a: Kingambit
|-damage|p1a: Kingambit|0 fnt
|faint|p1a: Kingambit
|-hitcount|p1: Kingambit|2
|-unboost|p2b: Dragonite|def|1
|-boost|p2b: Dragonite|spe|1
|
|-heal|p1b: Farigiraf|32/100|[from] Grassy Terrain
|upkeep
|
|t:|1756431983
|switch|p1a: Rillaboom|Rillaboom, L50, M|27/100
|turn|8
|
|t:|1756431991
|move|p1a: Rillaboom|Fake Out|p2b: Dragonite
|-damage|p2b: Dragonite|66/100
|cant|p2b: Dragonite|flinch
|move|p1b: Farigiraf|Trick Room|p1b: Farigiraf
|-fieldstart|move: Trick Room|[of] p1b: Farigiraf
|
|-heal|p1b: Farigiraf|38/100|[from] Grassy Terrain
|-heal|p1a: Rillaboom|33/100|[from] Grassy Terrain
|upkeep
|turn|9
|
|t:|1756432000
|move|p1b: Farigiraf|Psychic|p2b: Dragonite
|-damage|p2b: Dragonite|24/100
|move|p1a: Rillaboom|Wood Hammer|p2b: Dragonite
|-resisted|p2b: Dragonite
|-damage|p2b: Dragonite|0 fnt
|faint|p2b: Dragonite
|-damage|p1a: Rillaboom|26/100|[from] Recoil
|
|win|pinkeyt569
|l|☆Kyoshi44
|player|p2|
||pinkeyt569 is ready for game 3.
||Kyoshi44 is ready for game 3.
|uhtml|next|Next: Game 3 of 3
