|j|☆LorGhez
|j|☆Franchino00
|html|LorGhezFranchino00    
|uhtml|bestof|Game 1 of a best-of-3
|t:|1782244291
|gametype|doubles
|player|p1|LorGhez|265|
|player|p2|Franchino00|266|
|gen|9
|tier|[Gen 9 Champions] VGC 2026 Reg M-B (Bo3)
|rule|Species Clause: Limit one of each Pokémon
|rule|Item Clause: Limit 1 of each item
|clearpoke
|poke|p1|Swampert, L50, M|
|poke|p1|Pelipper, L50, M|
|poke|p1|Archaludon, L50, F|
|poke|p1|Sinistcha, L50|
|poke|p1|Grimmsnarl, L50, M|
|poke|p1|Sylveon, L50, F|
|poke|p2|Pyroar, L50, M|
|poke|p2|Torkoal, L50, F|
|poke|p2|Venusaur, L50, M|
|poke|p2|Garchomp, L50, F|
|poke|p2|Aerodactyl, L50, M|
|poke|p2|Basculegion, L50, M|
|teampreview|4
|showteam|p1|Swampert||Swampertite|Torrent|WaveCrash,Earthquake,IceBeam,Protect|Adamant||M|||50|]Pelipper||FocusSash|Drizzle|Hurricane,WeatherBall,Tailwind,HelpingHand|Bold||M|||50|]Archaludon||Leftovers|Stamina|DragonPulse,FlashCannon,ElectroShot,Protect|Modest||F|||50|]Sinistcha||SitrusBerry|Hospitality|MatchaGotcha,LifeDew,RagePowder,TrickRoom|Bold|||||50|]Grimmsnarl||LightClay|Prankster|PartingShot,LightScreen,Reflect,SpiritBreak|Careful||M|||50|]Sylveon||FairyFeather|Pixilate|Protect,Yawn,QuickAttack,HyperVoice|Modest||F|||50|
|showteam|p2|Pyroar||Pyroarite|Rivalry|HeatWave,Overheat,SolarBeam,Protect|Modest||M|||50|]Torkoal||HeatRock|Drought|HeatWave,HelpingHand,Yawn,Protect|Relaxed||F|||50|]Venusaur||FocusSash|Chlorophyll|LeafStorm,SludgeBomb,SleepPowder,Protect|Modest||M|||50|]Garchomp||LifeOrb|RoughSkin|StompingTantrum,DragonClaw,RockSlide,Protect|Jolly||F|||50|]Aerodactyl||Aerodactylite|RockHead|RockSlide,IceFang,DualWingbeat,Tailwind|Jolly||M|||50|]Basculegion||MuscleBand|Adaptability|WaveCrash,AquaJet,LastRespects,Protect|Adamant||M|||50|
|inactive|Battle timer is ON: inactive players will automatically lose when time's up. (requested by LorGhez)
|inactive|LorGhez has 60 seconds left.
|inactive|Franchino00 has 60 seconds left.
|inactive|LorGhez has 30 seconds left.
|inactive|LorGhez has 20 seconds left.
|inactive|LorGhez has 15 seconds left.
|inactive|LorGhez has 10 seconds left.
|inactive|LorGhez has 5 seconds left.
|
|t:|1782244382
|teamsize|p1|4
|teamsize|p2|4
|start
|switch|p1a: Swampert|Swampert, L50, M|100/100
|switch|p1b: Grimmsnarl|Grimmsnarl, L50, M|100/100
|switch|p2a: Aerodactyl|Aerodactyl, L50, M|100/100
|switch|p2b: Garchomp|Garchomp, L50, F|100/100
|turn|1
|inactive|LorGhez has 30 seconds left.
|inactive|Franchino00 has 30 seconds left.
|inactive|LorGhez has 20 seconds left.
|inactive|Franchino00 has 20 seconds left.
|inactive|LorGhez has 15 seconds left.
|inactive|LorGhez has 10 seconds left.
|
|t:|1782244432
|detailschange|p1a: Swampert|Swampert-Mega, L50, M
|-mega|p1a: Swampert|Swampert|Swampertite
|move|p1b: Grimmsnarl|Reflect|p1b: Grimmsnarl
|-sidestart|p1: LorGhez|Reflect
|move|p2a: Aerodactyl|Tailwind|p2a: Aerodactyl
|-sidestart|p2: Franchino00|move: Tailwind
|move|p2b: Garchomp|Rock Slide|p1a: Swampert|[spread] p1a,p1b
|-resisted|p1a: Swampert|1
|-damage|p1a: Swampert|91/100
|-damage|p1b: Grimmsnarl|83/100
|-damage|p2b: Garchomp|90/100|[from] item: Life Orb
|move|p1a: Swampert|Ice Beam|p2b: Garchomp
|-supereffective|p2b: Garchomp|2
|-damage|p2b: Garchomp|16/100
|-status|p2b: Garchomp|frz
|
|upkeep
|turn|2
|inactive|LorGhez has 30 seconds left.
|inactive|Franchino00 has 30 seconds left.
|
|t:|1782244459
|switch|p2a: Torkoal|Torkoal, L50, F|100/100
|-weather|SunnyDay|[from] ability: Drought|[of] p2a: Torkoal
|-curestatus|p2b: Garchomp|frz|[msg]
|move|p2b: Garchomp|Protect|p2b: Garchomp
|-singleturn|p2b: Garchomp|Protect
|move|p1b: Grimmsnarl|Parting Shot|p2a: Torkoal
|-unboost|p2a: Torkoal|atk|1
|-unboost|p2a: Torkoal|spa|1
|
|t:|1782244469
|switch|p1b: Pelipper|Pelipper, L50, M|100/100|[from] Parting Shot
|-weather|RainDance|[from] ability: Drizzle|[of] p1b: Pelipper
|move|p1a: Swampert|Wave Crash|p2a: Torkoal
|-supereffective|p2a: Torkoal|1
|-damage|p2a: Torkoal|0 fnt
|faint|p2a: Torkoal
|-damage|p1a: Swampert|58/100|[from] Recoil
|
|-weather|RainDance|[upkeep]
|upkeep
|
|t:|1782244485
|switch|p2a: Pyroar|Pyroar, L50, M|100/100
|turn|3
|inactive|Franchino00 has 30 seconds left.
|
|t:|1782244511
|detailschange|p2a: Pyroar|Pyroar-Mega, L50, M
|-mega|p2a: Pyroar|Pyroar|Pyroarite
|move|p1a: Swampert|Protect|p1a: Swampert
|-singleturn|p1a: Swampert|Protect
|move|p2a: Pyroar|Heat Wave|p1b: Pelipper|[spread] p1b
|-activate|p1a: Swampert|move: Protect
|-resisted|p1b: Pelipper|1
|-damage|p1b: Pelipper|71/100
|move|p2b: Garchomp|Rock Slide|p1a: Swampert|[spread] p1b
|-activate|p1a: Swampert|move: Protect
|-supereffective|p1b: Pelipper|1
|-damage|p1b: Pelipper|40/100
|-damage|p2b: Garchomp|6/100|[from] item: Life Orb
|move|p1b: Pelipper|Tailwind|p1b: Pelipper
|-sidestart|p1: LorGhez|move: Tailwind
|
|-weather|RainDance|[upkeep]
|upkeep
|turn|4
|inactive|Franchino00 has 30 seconds left.
|inactive|Franchino00 has 20 seconds left.
|inactive|Franchino00 has 15 seconds left.
|
|t:|1782244551
|switch|p2b: Aerodactyl|Aerodactyl, L50, M|100/100
|move|p2a: Pyroar|Protect|p2a: Pyroar
|-singleturn|p2a: Pyroar|Protect
|move|p1a: Swampert|Earthquake|p2b: Aerodactyl|[spread] 
|-activate|p2a: Pyroar|move: Protect
|-immune|p1b: Pelipper
|-immune|p2b: Aerodactyl
|move|p1b: Pelipper|Weather Ball|p2a: Pyroar
|-activate|p2a: Pyroar|move: Protect
|
|-weather|RainDance|[upkeep]
|-sideend|p2: Franchino00|move: Tailwind
|upkeep
|turn|5
|inactive|LorGhez has 30 seconds left.
|inactive|Franchino00 has 30 seconds left.
|inactive|Franchino00 has 20 seconds left.
|
|t:|1782244590
|move|p1a: Swampert|Wave Crash|p2b: Aerodactyl
|-supereffective|p2b: Aerodactyl|1
|-damage|p2b: Aerodactyl|0 fnt
|faint|p2b: Aerodactyl
|-damage|p1a: Swampert|25/100|[from] Recoil
|move|p1b: Pelipper|Weather Ball|p2a: Pyroar
|-supereffective|p2a: Pyroar|1
|-damage|p2a: Pyroar|0 fnt
|faint|p2a: Pyroar
|
|-weather|RainDance|[upkeep]
|upkeep
|
|t:|1782244609
|switch|p2b: Garchomp|Garchomp, L50, F|6/100
|turn|6
|
|t:|1782244616
|move|p2b: Garchomp|Protect|p2b: Garchomp
|-singleturn|p2b: Garchomp|Protect
|move|p1a: Swampert|Wave Crash|p2b: Garchomp
|-activate|p2b: Garchomp|move: Protect
|move|p1b: Pelipper|Weather Ball|p2b: Garchomp
|-activate|p2b: Garchomp|move: Protect
|
|-weather|none
|-sideend|p1: LorGhez|move: Tailwind
|upkeep
|turn|7
|
|t:|1782244631
|move|p2b: Garchomp|Rock Slide|p1a: Swampert|[spread] p1a,p1b
|-resisted|p1a: Swampert|1
|-supereffective|p1b: Pelipper|1
|-damage|p1a: Swampert|18/100
|-damage|p1b: Pelipper|9/100
|-damage|p2b: Garchomp|0 fnt|[from] item: Life Orb
|faint|p2b: Garchomp
|
|win|LorGhez
|l|☆Franchino00
|player|p2|
|inactive|LorGhez has 30 seconds to confirm battle start!
|inactive|Franchino00 has 30 seconds to confirm battle start!
||Franchino00 is ready for game 2.
||LorGhez is ready for game 2.
|uhtml|next|Next: Game 2 of 3
