|j|☆palle synchro
|j|☆Moon7777
|html|palle synchroMoon7777    
|uhtml|bestof|Game 3 of a best-of-3
|t:|1756825014
|gametype|doubles
|player|p1|palle synchro|volkner|1551
|player|p2|Moon7777|102|1553
|gen|9
|tier|[Gen 9] VGC 2025 Reg H (Bo3)
|rated|
|rule|Species Clause: Limit one of each Pokémon
|rule|Item Clause: Limit 1 of each item
|clearpoke
|poke|p1|Whimsicott, L50, M|
|poke|p1|Corviknight, L50, F|
|poke|p1|Indeedee, L50, M|
|poke|p1|Sneasler, L50, M|
|poke|p1|Ursaluna-Bloodmoon, L50, M|
|poke|p1|Archaludon, L50, F|
|poke|p2|Excadrill, L50, F|
|poke|p2|Indeedee, L50, M|
|poke|p2|Sneasler, L50, F|
|poke|p2|Tyranitar, L50, M|
|poke|p2|Maushold, L50|
|poke|p2|Annihilape, L50, M|
|teampreview|4
|showteam|p1|Whimsicott||CovertCloak|Prankster|Moonblast,Taunt,Tailwind,FakeTears|||M|||50|,,,,,Water]Corviknight||Leftovers|MirrorArmor|BraveBird,BulkUp,Tailwind,Roost|||F|||50|,,,,,Dragon]Indeedee||FocusSash|PsychicSurge|ExpandingForce,TeraBlast,Imprison,TrickRoom|||M|||50|,,,,,Psychic]Sneasler||PsychicSeed|Unburden|CloseCombat,DireClaw,ThroatChop,Protect|||M|||50|,,,,,Dark]Ursaluna-Bloodmoon||LifeOrb|MindsEye|HyperVoice,BloodMoon,EarthPower,Protect|||M|||50|,,,,,Normal]Archaludon||PowerHerb|Stalwart|ElectroShot,DragonPulse,Thunderbolt,Protect|||F|||50|,,,,,Electric
|showteam|p2|Excadrill||FocusSash|SandRush|Earthquake,HighHorsepower,IronHead,Protect|||F|||50|,,,,,Ground]Indeedee||ChoiceScarf|PsychicSurge|ExpandingForce,Trick,DazzlingGleam,TeraBlast|||M|||50|,,,,,Psychic]Sneasler||PsychicSeed|Unburden|CloseCombat,DireClaw,ThroatChop,Protect|||F|||50|,,,,,Stellar]Tyranitar||AssaultVest|SandStream|KnockOff,LowKick,TeraBlast,RockSlide|||M|||50|,,,,,Flying]Maushold||SafetyGoggles|FriendGuard|Taunt,FollowMe,BeatUp,Protect||||||50|,,,,,Ghost]Annihilape||SitrusBerry|Defiant|BulkUp,DrainPunch,Protect,RageFist|||M|||50|,,,,,Dragon
|inactive|Battle timer is ON: inactive players will automatically lose when time's up. (requested by palle synchro)
|inactive|palle synchro has 60 seconds left.
|inactive|Moon7777 has 60 seconds left.
|
|t:|1756825065
|teamsize|p1|4
|teamsize|p2|4
|start
|switch|p1a: Corviknight|Corviknight, L50, F|100/100
|switch|p1b: Sneasler|Sneasler, L50, M|100/100
|switch|p2a: Maushold|Maushold, L50|100/100
|switch|p2b: Annihilape|Annihilape, L50, M|100/100
|turn|1
|
|t:|1756825081
|-terastallize|p2a: Maushold|Ghost
|move|p2a: Maushold|Beat Up|p2b: Annihilape
|-damage|p2b: Annihilape|99/100
|-damage|p2b: Annihilape|97/100
|-damage|p2b: Annihilape|95/100
|-damage|p2b: Annihilape|92/100
|-hitcount|p2b: Annihilape|4
|move|p1b: Sneasler|Close Combat|p2a: Maushold
|-immune|p2a: Maushold
|move|p2b: Annihilape|Rage Fist|p1a: Corviknight
|-damage|p1a: Corviknight|30/100
|move|p1a: Corviknight|Bulk Up|p1a: Corviknight
|-boost|p1a: Corviknight|atk|1
|-boost|p1a: Corviknight|def|1
|
|-heal|p1a: Corviknight|36/100|[from] item: Leftovers
|upkeep
|turn|2
|inactive|palle synchro has 30 seconds left.
|inactive|Moon7777 has 30 seconds left.
|
|t:|1756825113
|switch|p1a: Ursaluna|Ursaluna-Bloodmoon, L50, M|100/100
|-terastallize|p1b: Sneasler|Dark
|move|p2a: Maushold|Taunt|p1a: Ursaluna
|-start|p1a: Ursaluna|move: Taunt
|move|p1b: Sneasler|Throat Chop|p2a: Maushold
|-supereffective|p2a: Maushold
|-damage|p2a: Maushold|0 fnt
|faint|p2a: Maushold
|move|p2b: Annihilape|Rage Fist|p1b: Sneasler
|-resisted|p1b: Sneasler
|-damage|p1b: Sneasler|33/100
|
|upkeep
|
|t:|1756825135
|switch|p2a: Tyranitar|Tyranitar, L50, M|100/100
|-weather|Sandstorm|[from] ability: Sand Stream|[of] p2a: Tyranitar
|turn|3
|
|t:|1756825159
|move|p1b: Sneasler|Close Combat|p2a: Tyranitar
|-supereffective|p2a: Tyranitar
|-damage|p2a: Tyranitar|0 fnt
|-unboost|p1b: Sneasler|def|1
|-unboost|p1b: Sneasler|spd|1
|faint|p2a: Tyranitar
|move|p2b: Annihilape|Drain Punch|p1a: Ursaluna
|-supereffective|p1a: Ursaluna
|-damage|p1a: Ursaluna|56/100
|-heal|p2b: Annihilape|100/100|[from] drain|[of] p1a: Ursaluna
|move|p1a: Ursaluna|Blood Moon|p2b: Annihilape
|-damage|p2b: Annihilape|12/100
|-enditem|p2b: Annihilape|Sitrus Berry|[eat]
|-heal|p2b: Annihilape|37/100|[from] item: Sitrus Berry
|-damage|p1a: Ursaluna|47/100|[from] item: Life Orb
|
|-weather|Sandstorm|[upkeep]
|-damage|p1b: Sneasler|27/100|[from] Sandstorm
|-damage|p2b: Annihilape|31/100|[from] Sandstorm
|upkeep
|
|t:|1756825162
|switch|p2a: Excadrill|Excadrill, L50, F|100/100
|turn|4
|
|t:|1756825187
|move|p1b: Sneasler|Protect|p1b: Sneasler
|-singleturn|p1b: Sneasler|Protect
|move|p2b: Annihilape|Protect|p2b: Annihilape
|-singleturn|p2b: Annihilape|Protect
|move|p2a: Excadrill|Earthquake|p1a: Ursaluna|[spread] p1a
|-activate|p2b: Annihilape|move: Protect
|-activate|p1b: Sneasler|move: Protect
|-damage|p1a: Ursaluna|9/100
|move|p1a: Ursaluna|Hyper Voice|p2a: Excadrill|[spread] p2a
|-activate|p2b: Annihilape|move: Protect
|-resisted|p2a: Excadrill
|-crit|p2a: Excadrill
|-damage|p2a: Excadrill|55/100
|-damage|p1a: Ursaluna|0 fnt|[from] item: Life Orb
|faint|p1a: Ursaluna
|
|-weather|Sandstorm|[upkeep]
|-damage|p1b: Sneasler|21/100|[from] Sandstorm
|-damage|p2b: Annihilape|25/100|[from] Sandstorm
|upkeep
|
|t:|1756825197
|switch|p1a: Corviknight|Corviknight, L50, F|36/100
|turn|5
|inactive|palle synchro has 30 seconds left.
|inactive|palle synchro has 20 seconds left.
|
|t:|1756825235
|move|p2a: Excadrill|Iron Head|p1b: Sneasler
|-damage|p1b: Sneasler|0 fnt
|faint|p1b: Sneasler
|move|p2b: Annihilape|Rage Fist|p1a: Corviknight
|-damage|p1a: Corviknight|0 fnt
|faint|p1a: Corviknight
|
|-weather|Sandstorm|[upkeep]
|-damage|p2b: Annihilape|19/100|[from] Sandstorm
|upkeep
|
|t:|1756825237
|switch|p1b: Archaludon|Archaludon, L50, F|100/100
|turn|6
|
|t:|1756825253
|move|p1b: Archaludon|Protect|p1b: Archaludon
|-singleturn|p1b: Archaludon|Protect
|move|p2a: Excadrill|High Horsepower|p1b: Archaludon
|-activate|p1b: Archaludon|move: Protect
|move|p2b: Annihilape|Rage Fist|p1b: Archaludon
|-activate|p1b: Archaludon|move: Protect
|
|-weather|Sandstorm|[upkeep]
|-damage|p2b: Annihilape|13/100|[from] Sandstorm
|upkeep
|turn|7
|
|t:|1756825263
|move|p2b: Annihilape|Protect|p2b: Annihilape
|-singleturn|p2b: Annihilape|Protect
|move|p2a: Excadrill|Earthquake|p1b: Archaludon|[spread] p1b
|-activate|p2b: Annihilape|move: Protect
|-supereffective|p1b: Archaludon
|-damage|p1b: Archaludon|25/100
|move|p1b: Archaludon|Electro Shot||[still]
|-prepare|p1b: Archaludon|Electro Shot
|-boost|p1b: Archaludon|spa|1
|-enditem|p1b: Archaludon|Power Herb
|-anim|p1b: Archaludon|Electro Shot|p2b: Annihilape
|-activate|p2b: Annihilape|move: Protect
|
|-weather|none
|upkeep
|turn|8
|
|t:|1756825281
|move|p2b: Annihilape|Drain Punch|p1b: Archaludon
|-supereffective|p1b: Archaludon
|-damage|p1b: Archaludon|0 fnt
|-heal|p2b: Annihilape|23/100|[from] drain|[of] p1b: Archaludon
|faint|p1b: Archaludon
|
|win|Moon7777
|raw|palle synchro's rating: 1551 → 1531(-20 for losing)
|raw|Moon7777's rating: 1553 → 1573(+20 for winning)
