|j|☆Poapap2
|j|☆Iamariskiee
|html|Poapap2Iamariskiee    
|uhtml|bestof|Game 1 of a best-of-3
|t:|1783169372
|gametype|doubles
|player|p1|Poapap2|1|1091
|player|p2|Iamariskiee|265|1000
|gen|9
|tier|[Gen 9 Champions] VGC 2026 Reg M-B (Bo3)
|rated|
|rule|Species Clause: Limit one of each Pokémon
|rule|Item Clause: Limit 1 of each item
|clearpoke
|poke|p1|Raichu, L50, F|
|poke|p1|Incineroar, L50, M|
|poke|p1|Dragonite, L50, F|
|poke|p1|Delphox, L50, M|
|poke|p1|Basculegion, L50, M|
|poke|p1|Farigiraf, L50, F|
|poke|p2|Rampardos, L50, M, shiny|
|poke|p2|Chimecho, L50, F, shiny|
|poke|p2|Drampa, L50, M|
|poke|p2|Blastoise, L50, F|
|poke|p2|Blaziken, L50, M|
|poke|p2|Gholdengo, L50|
|teampreview|4
|showteam|p1|Raichu||RaichuniteY|LightningRod|FakeOut,Protect,FocusBlast,ZapCannon|Timid||F|||50|]Incineroar||SitrusBerry|Intimidate|CloseCombat,DarkestLariat,FlareBlitz,FakeOut|Adamant||M|||50|]Dragonite||MuscleBand|Multiscale|Earthquake,ExtremeSpeed,RockSlide,DragonClaw|Adamant||F|||50|]Delphox||Delphoxite|Blaze|Encore,Substitute,Psychic,HeatWave|Timid||M|||50|]Basculegion||ChoiceScarf|Adaptability|AquaJet,FlipTurn,LastRespects,WaveCrash|Jolly||M|||50|]Farigiraf||Leftovers|ArmorTail|AllySwitch,HyperVoice,NastyPlot,Psychic|Quiet||F|||50|
|showteam|p2|Rampardos||LifeOrb|SheerForce|Protect,Superpower,IronHead,ZenHeadbutt|Brave||M|||50|]Chimecho||Chimechite|Levitate|TrickRoom,PsychicNoise,Substitute,ThunderWave|Sassy||F|||50|]Drampa||BrightPowder|CloudNine|CalmMind,SleepTalk,Rest,HyperVoice|Quiet||M|||50|]Blastoise||Blastoisinite|Torrent|Avalanche,AuraSphere,AquaJet,AquaTail|Brave||F|||50|]Blaziken||Blazikenite|SpeedBoost|Acrobatics,Agility,AuraSphere,BatonPass|Naughty||M|||50|]Gholdengo||ExpertBelt|GoodasGold|DazzlingGleam,FlashCannon,FocusBlast,FocusPunch|Serious|||||50|
|
|t:|1783169393
|teamsize|p1|4
|teamsize|p2|4
|start
|switch|p1a: Incineroar|Incineroar, L50, M|100/100
|switch|p1b: Raichu|Raichu, L50, F|100/100
|switch|p2a: Rampardos|Rampardos, L50, M, shiny|100/100
|switch|p2b: Drampa|Drampa, L50, M|100/100
|-ability|p1a: Incineroar|Intimidate|boost
|-unboost|p2a: Rampardos|atk|1
|-unboost|p2b: Drampa|atk|1
|-ability|p2b: Drampa|Cloud Nine
|turn|1
|
|t:|1783169419
|switch|p1a: Basculegion|Basculegion, L50, M|100/100
|detailschange|p1b: Raichu|Raichu-Mega-Y, L50, F
|-mega|p1b: Raichu|Raichu|Raichunite Y
|move|p2a: Rampardos|Protect|p2a: Rampardos
|-singleturn|p2a: Rampardos|Protect
|move|p1b: Raichu|Fake Out|p2a: Rampardos
|-activate|p2a: Rampardos|move: Protect
|move|p2b: Drampa|Hyper Voice|p1b: Raichu|[spread] p1b
|-immune|p1a: Basculegion
|-damage|p1b: Raichu|49/100
|
|upkeep
|turn|2
|
|t:|1783169440
|switch|p2a: Blaziken|Blaziken, L50, M|100/100
|move|p1a: Basculegion|Wave Crash|p2a: Blaziken
|-supereffective|p2a: Blaziken|1
|-damage|p2a: Blaziken|0 fnt
|faint|p2a: Blaziken
|-damage|p1a: Basculegion|75/100|[from] Recoil
|move|p1b: Raichu|Focus Blast|p2b: Drampa
|-supereffective|p2b: Drampa|1
|-damage|p2b: Drampa|7/100
|move|p2b: Drampa|Hyper Voice|p1b: Raichu|[spread] p1b
|-immune|p1a: Basculegion
|-damage|p1b: Raichu|0 fnt
|faint|p1b: Raichu
|
|upkeep
|
|t:|1783169451
|switch|p1b: Incineroar|Incineroar, L50, M|100/100
|switch|p2a: Rampardos|Rampardos, L50, M, shiny|100/100
|-ability|p1b: Incineroar|Intimidate|boost
|-unboost|p2a: Rampardos|atk|1
|-unboost|p2b: Drampa|atk|1
|turn|3
|
|t:|1783169458
|move|p2a: Rampardos|Protect|p2a: Rampardos
|-singleturn|p2a: Rampardos|Protect
|move|p1b: Incineroar|Fake Out|p2b: Drampa
|-damage|p2b: Drampa|0 fnt
|faint|p2b: Drampa
|move|p1a: Basculegion|Wave Crash|p2a: Rampardos
|-activate|p2a: Rampardos|move: Protect
|
|upkeep
|
|t:|1783169463
|switch|p2b: Chimecho|Chimecho, L50, F, shiny|100/100
|turn|4
|
|t:|1783169492
|detailschange|p2b: Chimecho|Chimecho-Mega, L50, F, shiny
|-mega|p2b: Chimecho|Chimecho|Chimechite
|move|p2a: Rampardos|Protect|p2a: Rampardos
|-singleturn|p2a: Rampardos|Protect
|move|p1a: Basculegion|Wave Crash|p2a: Rampardos
|-activate|p2a: Rampardos|move: Protect
|move|p1b: Incineroar|Darkest Lariat|p2b: Chimecho
|-supereffective|p2b: Chimecho|1
|-damage|p2b: Chimecho|39/100
|move|p2b: Chimecho|Trick Room|p2b: Chimecho
|-fieldstart|move: Trick Room|[of] p2b: Chimecho
|
|upkeep
|turn|5
|
|t:|1783169518
|move|p2a: Rampardos|Zen Headbutt|p1a: Basculegion
|-damage|p1a: Basculegion|31/100
|move|p2b: Chimecho|Substitute|p2b: Chimecho
|-start|p2b: Chimecho|Substitute
|-damage|p2b: Chimecho|14/100
|move|p1b: Incineroar|Darkest Lariat|p2b: Chimecho
|-supereffective|p2b: Chimecho|1
|-end|p2b: Chimecho|Substitute
|move|p1a: Basculegion|Wave Crash|p2a: Rampardos
|-supereffective|p2a: Rampardos|1
|-damage|p2a: Rampardos|0 fnt
|faint|p2a: Rampardos
|-damage|p1a: Basculegion|0 fnt|[from] Recoil
|faint|p1a: Basculegion
|
|upkeep
|
|t:|1783169525
|switch|p1a: Delphox|Delphox, L50, M|100/100
|turn|6
|-message|Iamariskiee forfeited.
|
|win|Poapap2
|l|☆Iamariskiee
|player|p2|
