|j|☆jvbkbufohl v
|j|☆Chelicerate1
|html|jvbkbufohl vChelicerate1    
|uhtml|bestof|Game 2 of a best-of-3
|t:|1783261753
|gametype|doubles
|player|p1|jvbkbufohl v|1|1068
|player|p2|Chelicerate1|ethan|1137
|gen|9
|tier|[Gen 9 Champions] VGC 2026 Reg M-B (Bo3)
|rated|
|rule|Species Clause: Limit one of each Pokémon
|rule|Item Clause: Limit 1 of each item
|clearpoke
|poke|p1|Archaludon, L50, M|
|poke|p1|Swampert, L50, M|
|poke|p1|Pelipper, L50, F|
|poke|p1|Farigiraf, L50, F|
|poke|p1|Metagross, L50|
|poke|p1|Grimmsnarl, L50, M|
|poke|p2|Charizard, L50, M, shiny|
|poke|p2|Gholdengo, L50, shiny|
|poke|p2|Incineroar, L50, M, shiny|
|poke|p2|Floette-Eternal, L50, F|
|poke|p2|Sinistcha-Masterpiece, L50, shiny|
|poke|p2|Garchomp, L50, M, shiny|
|teampreview|4
|showteam|p1|Archaludon||Leftovers|Stamina|ElectroShot,DracoMeteor,Protect,DarkPulse|Modest||M|||50|]Swampert||Swampertite|Damp|HighHorsepower,IcePunch,WaveCrash,Protect|Adamant||M|||50|]Pelipper||DampRock|Drizzle|Hurricane,WideGuard,Protect,WeatherBall|Modest||F|||50|]Farigiraf||MentalHerb|ArmorTail|TrickRoom,DazzlingGleam,HyperVoice,Protect|Sassy||F|||50|]Metagross||Metagrossite|ClearBody|BulletPunch,Protect,IronHead,PsychicFangs|Jolly|||||50|]Grimmsnarl||LightClay|Prankster|SpiritBreak,Reflect,PartingShot,LightScreen|Careful||M|||50|
|showteam|p2|Charizard||CharizarditeY|SolarPower|HeatWave,WeatherBall,SolarBeam,Protect|Modest||M|||50|]Gholdengo||ChoiceScarf|GoodasGold|MakeItRain,Psychic,ShadowBall,Trick|Timid|||||50|]Incineroar||SitrusBerry|Intimidate|FakeOut,ThroatChop,PartingShot,FlareBlitz|Careful||M|||50|]Floette-Eternal||Floettite|FlowerVeil|Moonblast,DazzlingGleam,CalmMind,Protect|Modest||F|||50|]Sinistcha-Masterpiece||KasibBerry|Hospitality|MatchaGotcha,RagePowder,LifeDew,Protect|Bold|||||50|]Garchomp||LifeOrb|RoughSkin|DragonClaw,RockSlide,Earthquake,Protect|Adamant||M|||50|
|inactive|Battle timer is ON: inactive players will automatically lose when time's up. (requested by Chelicerate1)
|inactive|jvbkbufohl v has 60 seconds left.
|
|t:|1783261796
|teamsize|p1|4
|teamsize|p2|4
|start
|switch|p1a: Grimmsnarl|Grimmsnarl, L50, M|100/100
|switch|p1b: Swampert|Swampert, L50, M|100/100
|switch|p2a: Garchomp|Garchomp, L50, M, shiny|100/100
|switch|p2b: Sinistcha|Sinistcha-Masterpiece, L50, shiny|100/100
|turn|1
|
|t:|1783261819
|detailschange|p1b: Swampert|Swampert-Mega, L50, M
|-mega|p1b: Swampert|Swampert|Swampertite
|move|p1a: Grimmsnarl|Light Screen|p1a: Grimmsnarl
|-sidestart|p1: jvbkbufohl v|move: Light Screen
|move|p2a: Garchomp|Earthquake|p1b: Swampert|[spread] p2b,p1a,p1b
|-resisted|p2b: Sinistcha|1
|-damage|p2b: Sinistcha|75/100
|-damage|p1a: Grimmsnarl|34/100
|-damage|p1b: Swampert|57/100
|-damage|p2a: Garchomp|90/100|[from] item: Life Orb
|move|p2b: Sinistcha|Matcha Gotcha|p1a: Grimmsnarl|[spread] p1a,p1b
|-supereffective|p1b: Swampert|2
|-damage|p1a: Grimmsnarl|20/100y
|-heal|p2b: Sinistcha|83/100|[from] drain|[of] p1a: Grimmsnarl
|-damage|p1b: Swampert|3/100
|-heal|p2b: Sinistcha|100/100|[from] drain|[of] p1b: Swampert
|-status|p1a: Grimmsnarl|brn
|move|p1b: Swampert|Ice Punch|p2a: Garchomp
|-supereffective|p2a: Garchomp|2
|-damage|p2a: Garchomp|0 fnt
|-damage|p1b: Swampert|0 fnt|[from] ability: Rough Skin|[of] p2a: Garchomp
|faint|p2a: Garchomp
|faint|p1b: Swampert
|
|-damage|p1a: Grimmsnarl|14/100 brn|[from] brn
|upkeep
|inactive|Chelicerate1 has 30 seconds left.
|
|t:|1783261845
|switch|p2a: Gholdengo|Gholdengo, L50, shiny|100/100
|switch|p1b: Archaludon|Archaludon, L50, M|100/100
|turn|2
|inactive|jvbkbufohl v has 30 seconds left.
|inactive|Chelicerate1 has 30 seconds left.
|
|t:|1783261875
|move|p2b: Sinistcha|Rage Powder|p2b: Sinistcha
|-singleturn|p2b: Sinistcha|move: Rage Powder
|move|p1a: Grimmsnarl|Parting Shot|p2b: Sinistcha
|-unboost|p2b: Sinistcha|atk|1
|-unboost|p2b: Sinistcha|spa|1
|
|t:|1783261881
|switch|p1a: Pelipper|Pelipper, L50, F|100/100|[from] Parting Shot
|-weather|RainDance|[from] ability: Drizzle|[of] p1a: Pelipper
|move|p2a: Gholdengo|Shadow Ball|p1a: Pelipper
|-damage|p1a: Pelipper|56/100
|move|p1b: Archaludon|Electro Shot||[still]
|-prepare|p1b: Archaludon|Electro Shot
|-boost|p1b: Archaludon|spa|1
|-anim|p1b: Archaludon|Electro Shot|p2b: Sinistcha
|-resisted|p2b: Sinistcha|1
|-damage|p2b: Sinistcha|60/100
|
|-weather|RainDance|[upkeep]
|upkeep
|turn|3
|
|t:|1783261901
|move|p2a: Gholdengo|Shadow Ball|p1a: Pelipper
|-damage|p1a: Pelipper|18/100
|move|p2b: Sinistcha|Matcha Gotcha|p1b: Archaludon|[spread] p1a,p1b
|-resisted|p1b: Archaludon|2
|-damage|p1a: Pelipper|2/100
|-heal|p2b: Sinistcha|67/100|[from] drain|[of] p1a: Pelipper
|-damage|p1b: Archaludon|97/100
|-heal|p2b: Sinistcha|69/100|[from] drain|[of] p1b: Archaludon
|-ability|p1b: Archaludon|Stamina|boost
|-boost|p1b: Archaludon|def|1
|move|p1b: Archaludon|Dark Pulse|p2a: Gholdengo
|-supereffective|p2a: Gholdengo|1
|-crit|p2a: Gholdengo
|-damage|p2a: Gholdengo|0 fnt
|faint|p2a: Gholdengo
|move|p1a: Pelipper|Hurricane|p2b: Sinistcha
|-supereffective|p2b: Sinistcha|1
|-damage|p2b: Sinistcha|0 fnt
|faint|p2b: Sinistcha
|
|-weather|RainDance|[upkeep]
|-heal|p1b: Archaludon|100/100|[from] item: Leftovers
|upkeep
|
|t:|1783261905
|switch|p2b: Charizard|Charizard, L50, M, shiny|100/100
|turn|4
|
|t:|1783261927
|switch|p1a: Grimmsnarl|Grimmsnarl, L50, M|14/100 brn
|move|p1b: Archaludon|Protect|p1b: Archaludon
|-singleturn|p1b: Archaludon|Protect
|move|p2b: Charizard|Heat Wave|p1a: Grimmsnarl|[spread] p1a
|-activate|p1b: Archaludon|move: Protect
|-damage|p1a: Grimmsnarl|6/100 brn
|
|-weather|RainDance|[upkeep]
|-damage|p1a: Grimmsnarl|1/100 brn|[from] brn
|upkeep
|turn|5
|inactive|jvbkbufohl v has 30 seconds left.
|
|t:|1783261956
|move|p2b: Charizard|Protect|p2b: Charizard
|-singleturn|p2b: Charizard|Protect
|move|p1a: Grimmsnarl|Parting Shot|p2b: Charizard
|-activate|p2b: Charizard|move: Protect
|move|p1b: Archaludon|Electro Shot||[still]
|-prepare|p1b: Archaludon|Electro Shot
|-boost|p1b: Archaludon|spa|1
|-anim|p1b: Archaludon|Electro Shot|p2b: Charizard
|-activate|p2b: Charizard|move: Protect
|
|-weather|RainDance|[upkeep]
|-damage|p1a: Grimmsnarl|0 fnt|[from] brn
|faint|p1a: Grimmsnarl
|upkeep
|
|t:|1783261960
|switch|p1a: Pelipper|Pelipper, L50, F|2/100
|turn|6
|
|t:|1783261978
|detailschange|p2b: Charizard|Charizard-Mega-Y, L50, M, shiny
|-mega|p2b: Charizard|Charizard|Charizardite Y
|-weather|SunnyDay|[from] ability: Drought|[of] p2b: Charizard
|move|p2b: Charizard|Weather Ball|p1b: Archaludon
|-damage|p1b: Archaludon|45/100
|-ability|p1b: Archaludon|Stamina|boost
|-boost|p1b: Archaludon|def|1
|move|p1b: Archaludon|Draco Meteor|p2b: Charizard
|-damage|p2b: Charizard|0 fnt
|-unboost|p1b: Archaludon|spa|2
|faint|p2b: Charizard
|
|win|jvbkbufohl v
|raw|jvbkbufohl v's rating: 1068 → 1106(+38 for winning)
|raw|Chelicerate1's rating: 1160 → 1129(-31 for losing)
|c|☆jvbkbufohl v|Draco meteor kills
