|j|Ōśådominikc
|j|Ōśåblizzardspamming
|html|dominikcblizzardspamming    
|uhtml|bestof|Game 3 of a best-of-3
|t:|1783479377
|gametype|doubles
|player|p1|dominikc|riley|1050
|player|p2|blizzardspamming|clair|1184
|gen|9
|tier|[Gen 9 Champions] VGC 2026 Reg M-B (Bo3)
|rated|
|rule|Species Clause: Limit one of each Pok├®mon
|rule|Item Clause: Limit 1 of each item
|clearpoke
|poke|p1|Scrafty, L50, F|
|poke|p1|Pyroar, L50, F|
|poke|p1|Ninetales-Alola, L50, F|
|poke|p1|Mamoswine, L50, M|
|poke|p1|Corviknight, L50, M|
|poke|p1|Primarina, L50, F|
|poke|p2|Gengar, L50, F|
|poke|p2|Ninetales-Alola, L50, M|
|poke|p2|Incineroar, L50, F|
|poke|p2|Gholdengo, L50|
|poke|p2|Sneasler, L50, M|
|poke|p2|Hydreigon, L50, F|
|teampreview|4
|showteam|p1|Scrafty||Scraftinite|Intimidate|FakeOut,KnockOff,DrainPunch,IcePunch|Adamant||F|||50|]Pyroar||Pyroarite|Rivalry|HeatWave,HyperVoice,Protect,ScorchingSands|Timid||F|||50|]Ninetales-Alola||FocusSash|SnowWarning|AuroraVeil,FreezeDry,DazzlingGleam,Protect|Timid||F|||50|]Mamoswine||LifeOrb|Oblivious|HighHorsepower,IceShard,RockSlide,Protect|Jolly||M|||50|]Corviknight||Leftovers|MirrorArmor|Tailwind,IronHead,Roost,Uturn|Impish||M|||50|]Primarina||MysticWater|LiquidVoice|HyperVoice,DazzlingGleam,Protect,Haze|Calm||F|||50|
|showteam|p2|Gengar||Gengarite|CursedBody|ShadowBall,SludgeBomb,Disable,Protect|Modest||F|||50|]Ninetales-Alola||NeverMeltIce|SnowWarning|Blizzard,FreezeDry,Encore,Protect|Timid||M|||50|]Incineroar||SitrusBerry|Intimidate|FakeOut,FlareBlitz,DarkestLariat,PartingShot|Sassy||F|||50|]Gholdengo||Leftovers|GoodasGold|MakeItRain,ShadowBall,NastyPlot,Protect|Modest|||||50|]Sneasler||FocusSash|PoisonTouch|FakeOut,CloseCombat,DireClaw,Protect|Jolly||M|||50|]Hydreigon||LifeOrb|Levitate|DracoMeteor,DarkPulse,EarthPower,Protect|Modest||F|||50|
|
|t:|1783479399
|teamsize|p1|4
|teamsize|p2|4
|start
|switch|p1a: Scrafty|Scrafty, L50, F|100/100
|switch|p1b: Mamoswine|Mamoswine, L50, M|100/100
|switch|p2a: Gengar|Gengar, L50, F|100/100
|switch|p2b: Incineroar|Incineroar, L50, F|100/100
|-ability|p1a: Scrafty|Intimidate|boost
|-unboost|p2a: Gengar|atk|1
|-unboost|p2b: Incineroar|atk|1
|-ability|p2b: Incineroar|Intimidate|boost
|-unboost|p1a: Scrafty|atk|1
|-fail|p1b: Mamoswine|unboost|Attack|[from] ability: Oblivious|[of] p1b: Mamoswine
|turn|1
|
|t:|1783479423
|switch|p1a: Pyroar|Pyroar, L50, F|100/100
|switch|p2b: Hydreigon|Hydreigon, L50, F|100/100
|detailschange|p2a: Gengar|Gengar-Mega, L50, F
|-mega|p2a: Gengar|Gengar|Gengarite
|move|p2a: Gengar|Protect|p2a: Gengar
|-singleturn|p2a: Gengar|Protect
|move|p1b: Mamoswine|Protect||[still]
|-fail|p1b: Mamoswine
|
|upkeep
|turn|2
|
|t:|1783479458
|move|p1a: Pyroar|Heat Wave|p2b: Hydreigon|[spread] p2a,p2b
|-resisted|p2b: Hydreigon|1
|-damage|p2a: Gengar|50/100g
|-damage|p2b: Hydreigon|75/100
|move|p2a: Gengar|Shadow Ball|p1b: Mamoswine
|-damage|p1b: Mamoswine|28/100
|move|p2b: Hydreigon|Dark Pulse|p1b: Mamoswine
|-damage|p1b: Mamoswine|0 fnt
|faint|p1b: Mamoswine
|-damage|p2b: Hydreigon|65/100|[from] item: Life Orb
|
|upkeep
|
|t:|1783479471
|switch|p1b: Scrafty|Scrafty, L50, F|100/100
|-ability|p1b: Scrafty|Intimidate|boost
|-unboost|p2a: Gengar|atk|1
|-unboost|p2b: Hydreigon|atk|1
|turn|3
|
|t:|1783479484
|switch|p2a: Incineroar|Incineroar, L50, F|100/100
|-ability|p2a: Incineroar|Intimidate|boost
|-unboost|p1a: Pyroar|atk|1
|-unboost|p1b: Scrafty|atk|1
|detailschange|p1b: Scrafty|Scrafty-Mega, L50, F
|-mega|p1b: Scrafty|Scrafty|Scraftinite
|-ability|p1b: Scrafty|Intimidate|boost
|-unboost|p2a: Incineroar|atk|1
|-unboost|p2b: Hydreigon|atk|1
|move|p2b: Hydreigon|Protect|p2b: Hydreigon
|-singleturn|p2b: Hydreigon|Protect
|move|p1b: Scrafty|Fake Out|p2b: Hydreigon
|-activate|p2b: Hydreigon|move: Protect
|move|p1a: Pyroar|Scorching Sands|p2a: Incineroar
|-supereffective|p2a: Incineroar|1
|-damage|p2a: Incineroar|61/100
|
|upkeep
|turn|4
|
|t:|1783479511
|switch|p1b: Primarina|Primarina, L50, F|100/100
|move|p2a: Incineroar|Fake Out|p1b: Primarina
|-damage|p1b: Primarina|90/100
|move|p1a: Pyroar|Hyper Voice|p2a: Incineroar|[spread] p2a,p2b
|-damage|p2a: Incineroar|33/100
|-damage|p2b: Hydreigon|20/100y
|-enditem|p2a: Incineroar|Sitrus Berry|[eat]
|-heal|p2a: Incineroar|58/100|[from] item: Sitrus Berry
|move|p2b: Hydreigon|Draco Meteor|p1b: Primarina
|-immune|p1b: Primarina
|
|upkeep
|turn|5
|
|t:|1783479531
|switch|p2a: Gengar|Gengar-Mega, L50, F|50/100g
|move|p2b: Hydreigon|Protect|p2b: Hydreigon
|-singleturn|p2b: Hydreigon|Protect
|move|p1a: Pyroar|Heat Wave|p2a: Gengar|[spread] p2a
|-activate|p2b: Hydreigon|move: Protect
|-damage|p2a: Gengar|4/100
|move|p1b: Primarina|Dazzling Gleam|p2a: Gengar|[spread] p2a
|-activate|p2b: Hydreigon|move: Protect
|-resisted|p2a: Gengar|1
|-damage|p2a: Gengar|0 fnt
|faint|p2a: Gengar
|
|upkeep
|
|t:|1783479540
|switch|p2a: Sneasler|Sneasler, L50, M|100/100
|turn|6
|l|Ōśådominikc
|player|p1|
|j|Ōśådominikc
|player|p1|dominikc|riley|
|n|Ōśådominikc|dominikc
|
|t:|1783479571
|switch|p2a: Incineroar|Incineroar, L50, F|58/100
|-ability|p2a: Incineroar|Intimidate|boost
|-unboost|p1a: Pyroar|atk|1
|-unboost|p1b: Primarina|atk|1
|switch|p1b: Scrafty|Scrafty-Mega, L50, F|100/100
|-ability|p1b: Scrafty|Intimidate|boost
|-unboost|p2a: Incineroar|atk|1
|-unboost|p2b: Hydreigon|atk|1
|move|p1a: Pyroar|Protect|p1a: Pyroar
|-singleturn|p1a: Pyroar|Protect
|move|p2b: Hydreigon|Earth Power|p1a: Pyroar
|-activate|p1a: Pyroar|move: Protect
|
|upkeep
|turn|7
|
|t:|1783479592
|move|p2b: Hydreigon|Protect|p2b: Hydreigon
|-singleturn|p2b: Hydreigon|Protect
|move|p1b: Scrafty|Fake Out|p2b: Hydreigon
|-activate|p2b: Hydreigon|move: Protect
|move|p1a: Pyroar|Scorching Sands|p2a: Incineroar
|-supereffective|p2a: Incineroar|1
|-damage|p2a: Incineroar|17/100
|move|p2a: Incineroar|Parting Shot|p1a: Pyroar
|-unboost|p1a: Pyroar|atk|1
|-unboost|p1a: Pyroar|spa|1
|
|t:|1783479602
|switch|p2a: Sneasler|Sneasler, L50, M|100/100|[from] Parting Shot
|
|upkeep
|turn|8
|
|t:|1783479613
|switch|p1b: Primarina|Primarina, L50, F|90/100
|move|p1a: Pyroar|Protect|p1a: Pyroar
|-singleturn|p1a: Pyroar|Protect
|move|p2a: Sneasler|Fake Out|p1b: Primarina
|-damage|p1b: Primarina|73/100
|move|p2b: Hydreigon|Earth Power|p1a: Pyroar
|-activate|p1a: Pyroar|move: Protect
|
|upkeep
|turn|9
|
|t:|1783479637
|switch|p1b: Scrafty|Scrafty-Mega, L50, F|100/100
|-ability|p1b: Scrafty|Intimidate|boost
|-unboost|p2a: Sneasler|atk|1
|-unboost|p2b: Hydreigon|atk|1
|move|p2b: Hydreigon|Protect|p2b: Hydreigon
|-singleturn|p2b: Hydreigon|Protect
|move|p2a: Sneasler|Close Combat|p1a: Pyroar
|-supereffective|p1a: Pyroar|1
|-damage|p1a: Pyroar|0 fnt
|-unboost|p2a: Sneasler|def|1
|-unboost|p2a: Sneasler|spd|1
|faint|p1a: Pyroar
|
|upkeep
|
|t:|1783479652
|switch|p1a: Primarina|Primarina, L50, F|73/100
|turn|10
|
|t:|1783479662
|switch|p2a: Incineroar|Incineroar, L50, F|17/100
|-ability|p2a: Incineroar|Intimidate|boost
|-unboost|p1a: Primarina|atk|1
|-unboost|p1b: Scrafty|atk|1
|move|p2b: Hydreigon|Protect|p2b: Hydreigon
|-singleturn|p2b: Hydreigon|Protect
|move|p1b: Scrafty|Fake Out|p2a: Incineroar
|-damage|p2a: Incineroar|7/100
|move|p1a: Primarina|Dazzling Gleam|p2a: Incineroar|[spread] p2a
|-activate|p2b: Hydreigon|move: Protect
|-damage|p2a: Incineroar|0 fnt
|faint|p2a: Incineroar
|
|upkeep
|
|t:|1783479671
|switch|p2a: Sneasler|Sneasler, L50, M|100/100
|turn|11
|
|t:|1783479686
|move|p2a: Sneasler|Fake Out|p1b: Scrafty
|-damage|p1b: Scrafty|87/100
|-status|p1b: Scrafty|psn|[from] ability: Poison Touch|[of] p2a: Sneasler
|move|p2b: Hydreigon|Draco Meteor|p1b: Scrafty
|-damage|p1b: Scrafty|9/100 psn
|-unboost|p2b: Hydreigon|spa|2
|-damage|p2b: Hydreigon|11/100|[from] item: Life Orb
|cant|p1b: Scrafty|flinch
|move|p1a: Primarina|Haze|p1a: Primarina
|-clearallboost
|
|-damage|p1b: Scrafty|0 fnt|[from] psn
|faint|p1b: Scrafty
|upkeep
|turn|12
|
|t:|1783479713
|move|p2a: Sneasler|Dire Claw|p1a: Primarina
|-supereffective|p1a: Primarina|1
|-damage|p1a: Primarina|0 fnt
|faint|p1a: Primarina
|
|win|blizzardspamming
|raw|dominikc's rating: 1050 → 1039(-11 for losing)
|raw|blizzardspamming's rating: 1184 → 1200(+16 for winning)
