|j|☆JaiFain
|j|☆almagroalanzarote
|html|JaiFainalmagroalanzarote    
|uhtml|bestof|Game 2 of a best-of-3
|t:|1784735931
|gametype|doubles
|player|p1|JaiFain|camper|1218
|player|p2|almagroalanzarote|nate|1300
|gen|9
|tier|[Gen 9 Champions] VGC 2026 Reg M-B (Bo3)
|rated|
|rule|Species Clause: Limit one of each Pokémon
|rule|Item Clause: Limit 1 of each item
|clearpoke
|poke|p1|Goodra-Hisui, L50, M|
|poke|p1|Grimmsnarl, L50, M|
|poke|p1|Pelipper, L50, F|
|poke|p1|Swampert, L50, M|
|poke|p1|Scrafty, L50, M|
|poke|p1|Tsareena, L50, F|
|poke|p2|Blastoise, L50, F|
|poke|p2|Delphox, L50, M|
|poke|p2|Sneasler, L50, M|
|poke|p2|Incineroar, L50, M|
|poke|p2|Kingambit, L50, M|
|poke|p2|Sinistcha, L50|
|teampreview|4
|showteam|p1|Goodra-Hisui||Leftovers|ShellArmor|Shelter,BodyPress,HeavySlam,Protect|Sassy||M|||50|]Grimmsnarl||LightClay|Prankster|LightScreen,FakeOut,FoulPlay,PartingShot|Careful||M|||50|]Pelipper||FocusSash|Drizzle|WeatherBall,Hurricane,Tailwind,Protect|Modest||F|||50|]Swampert||Swampertite|Torrent|HighHorsepower,WaveCrash,KnockOff,Protect|Adamant||M|||50|]Scrafty||Scraftinite|Intimidate|DrainPunch,KnockOff,FakeOut,Protect|Brave||M|||50|]Tsareena||ChoiceScarf|QueenlyMajesty|PowerWhip,TripleAxel,Taunt,Uturn|Jolly||F|||50|
|showteam|p2|Blastoise||Blastoisinite|RainDish|WaterSpout,DarkPulse,ShellSmash,Protect|Modest||F|||50|]Delphox||Delphoxite|Blaze|HeatWave,Psyshock,NastyPlot,Protect|Timid||M|||50|]Sneasler||FocusSash|PoisonTouch|FakeOut,CloseCombat,DireClaw,QuickGuard|Jolly||M|||50|]Incineroar||SitrusBerry|Intimidate|FakeOut,FlareBlitz,PartingShot,HelpingHand|Impish||M|||50|]Kingambit||BlackGlasses|Defiant|KowtowCleave,SuckerPunch,SwordsDance,Protect|Adamant||M|||50|]Sinistcha||OccaBerry|Hospitality|MatchaGotcha,RagePowder,TrickRoom,Protect|Bold|||||50|
|inactive|Battle timer is ON: inactive players will automatically lose when time's up. (requested by almagroalanzarote)
|inactive|almagroalanzarote has 60 seconds left.
|
|t:|1784735963
|teamsize|p1|4
|teamsize|p2|4
|start
|switch|p1a: Tsareena|Tsareena, L50, F|100/100
|switch|p1b: Scrafty|Scrafty, L50, M|100/100
|switch|p2a: Blastoise|Blastoise, L50, F|100/100
|switch|p2b: Kingambit|Kingambit, L50, M|100/100
|-ability|p1b: Scrafty|Intimidate|boost
|-unboost|p2a: Blastoise|atk|1
|-unboost|p2b: Kingambit|atk|1
|-ability|p2b: Kingambit|Defiant|boost
|-boost|p2b: Kingambit|atk|2
|turn|1
|
|t:|1784735973
|switch|p2a: Sinistcha|Sinistcha, L50|100/100
|move|p2b: Kingambit|Protect|p2b: Kingambit
|-singleturn|p2b: Kingambit|Protect
|move|p1a: Tsareena|Power Whip|p2a: Sinistcha
|-resisted|p2a: Sinistcha|1
|-damage|p2a: Sinistcha|75/100
|move|p1b: Scrafty|Drain Punch|p2b: Kingambit
|-activate|p2b: Kingambit|move: Protect
|
|upkeep
|turn|2
|
|t:|1784735989
|switch|p1a: Goodra|Goodra-Hisui, L50, M|100/100
|move|p2a: Sinistcha|Protect|p2a: Sinistcha
|-singleturn|p2a: Sinistcha|Protect
|move|p2b: Kingambit|Kowtow Cleave|p1a: Goodra
|-damage|p1a: Goodra|23/100
|move|p1b: Scrafty|Knock Off|p2a: Sinistcha
|-activate|p2a: Sinistcha|move: Protect
|
|-heal|p1a: Goodra|29/100|[from] item: Leftovers
|upkeep
|turn|3
|
|t:|1784736003
|detailschange|p1b: Scrafty|Scrafty-Mega, L50, M
|-mega|p1b: Scrafty|Scrafty|Scraftinite
|-ability|p1b: Scrafty|Intimidate|boost
|-unboost|p2a: Sinistcha|atk|1
|-unboost|p2b: Kingambit|atk|1
|-ability|p2b: Kingambit|Defiant|boost
|-boost|p2b: Kingambit|atk|2
|move|p1a: Goodra|Protect|p1a: Goodra
|-singleturn|p1a: Goodra|Protect
|move|p2a: Sinistcha|Rage Powder|p2a: Sinistcha
|-singleturn|p2a: Sinistcha|move: Rage Powder
|move|p1b: Scrafty|Knock Off|p2a: Sinistcha
|-supereffective|p2a: Sinistcha|1
|-damage|p2a: Sinistcha|0 fnt
|-enditem|p2a: Sinistcha|Occa Berry|[from] move: Knock Off|[of] p1b: Scrafty
|faint|p2a: Sinistcha
|move|p2b: Kingambit|Kowtow Cleave|p1a: Goodra
|-activate|p1a: Goodra|move: Protect
|
|-heal|p1a: Goodra|35/100|[from] item: Leftovers
|upkeep
|
|t:|1784736021
|switch|p2a: Sneasler|Sneasler, L50, M|100/100
|turn|4
|
|t:|1784736029
|switch|p1b: Pelipper|Pelipper, L50, F|100/100
|-weather|RainDance|[from] ability: Drizzle|[of] p1b: Pelipper
|move|p2a: Sneasler|Close Combat|p1b: Pelipper
|-resisted|p1b: Pelipper|1
|-damage|p1b: Pelipper|57/100
|-unboost|p2a: Sneasler|def|1
|-unboost|p2a: Sneasler|spd|1
|-status|p1b: Pelipper|psn|[from] ability: Poison Touch|[of] p2a: Sneasler
|move|p1a: Goodra|Body Press|p2b: Kingambit
|-supereffective|p2b: Kingambit|2
|-damage|p2b: Kingambit|24/100
|move|p2b: Kingambit|Kowtow Cleave|p1b: Pelipper
|-damage|p1b: Pelipper|0 fnt
|faint|p1b: Pelipper
|
|-weather|RainDance|[upkeep]
|-heal|p1a: Goodra|42/100|[from] item: Leftovers
|upkeep
|
|t:|1784736050
|switch|p1b: Scrafty|Scrafty-Mega, L50, M|100/100
|-ability|p1b: Scrafty|Intimidate|boost
|-unboost|p2a: Sneasler|atk|1
|-unboost|p2b: Kingambit|atk|1
|-ability|p2b: Kingambit|Defiant|boost
|-boost|p2b: Kingambit|atk|2
|turn|5
|
|t:|1784736062
|switch|p2a: Blastoise|Blastoise, L50, F|100/100
|move|p1a: Goodra|Protect|p1a: Goodra
|-singleturn|p1a: Goodra|Protect
|move|p2b: Kingambit|Protect|p2b: Kingambit
|-singleturn|p2b: Kingambit|Protect
|move|p1b: Scrafty|Drain Punch|p2a: Blastoise
|-damage|p2a: Blastoise|53/100
|
|-weather|RainDance|[upkeep]
|-heal|p2a: Blastoise|58/100|[from] ability: Rain Dish
|-heal|p1a: Goodra|48/100|[from] item: Leftovers
|upkeep
|turn|6
|
|t:|1784736075
|detailschange|p2a: Blastoise|Blastoise-Mega, L50, F
|-mega|p2a: Blastoise|Blastoise|Blastoisinite
|move|p2b: Kingambit|Sucker Punch|p1a: Goodra
|-damage|p1a: Goodra|0 fnt
|faint|p1a: Goodra
|move|p2a: Blastoise|Water Spout|p1b: Scrafty
|-damage|p1b: Scrafty|35/100
|move|p1b: Scrafty|Drain Punch|p2a: Blastoise
|-damage|p2a: Blastoise|17/100
|-heal|p1b: Scrafty|58/100|[from] drain|[of] p2a: Blastoise
|
|-weather|RainDance|[upkeep]
|upkeep
|
|t:|1784736084
|switch|p1a: Tsareena|Tsareena, L50, F|100/100
|turn|7
|
|t:|1784736103
|move|p2a: Blastoise|Protect|p2a: Blastoise
|-singleturn|p2a: Blastoise|Protect
|move|p2b: Kingambit|Protect|p2b: Kingambit
|-singleturn|p2b: Kingambit|Protect
|move|p1a: Tsareena|Power Whip|p2a: Blastoise
|-activate|p2a: Blastoise|move: Protect
|move|p1b: Scrafty|Drain Punch|p2b: Kingambit
|-activate|p2b: Kingambit|move: Protect
|
|-weather|RainDance|[upkeep]
|upkeep
|turn|8
|
|t:|1784736117
|move|p1a: Tsareena|Power Whip|p2a: Blastoise
|-supereffective|p2a: Blastoise|1
|-damage|p2a: Blastoise|0 fnt
|faint|p2a: Blastoise
|move|p1b: Scrafty|Drain Punch|p2b: Kingambit
|-supereffective|p2b: Kingambit|2
|-damage|p2b: Kingambit|0 fnt
|-heal|p1b: Scrafty|77/100|[from] drain|[of] p2b: Kingambit
|faint|p2b: Kingambit
|
|-weather|none
|upkeep
|
|t:|1784736127
|switch|p2b: Sneasler|Sneasler, L50, M|100/100
|turn|9
|
|t:|1784736132
|move|p1a: Tsareena|Power Whip|p2b: Sneasler|[miss]
|-miss|p1a: Tsareena|p2b: Sneasler
|move|p2b: Sneasler|Dire Claw|p1a: Tsareena
|-supereffective|p1a: Tsareena|1
|-damage|p1a: Tsareena|2/100
|move|p1b: Scrafty|Drain Punch|p2b: Sneasler
|-resisted|p2b: Sneasler|1
|-damage|p2b: Sneasler|65/100
|-heal|p1b: Scrafty|96/100|[from] drain|[of] p2b: Sneasler
|
|upkeep
|turn|10
|
|t:|1784736144
|move|p1a: Tsareena|Power Whip|p2b: Sneasler
|-resisted|p2b: Sneasler|1
|-damage|p2b: Sneasler|12/100
|move|p2b: Sneasler|Close Combat|p1b: Scrafty
|-supereffective|p1b: Scrafty|1
|-damage|p1b: Scrafty|0 fnt
|-unboost|p2b: Sneasler|def|1
|-unboost|p2b: Sneasler|spd|1
|faint|p1b: Scrafty
|
|upkeep
|turn|11
|
|t:|1784736151
|move|p1a: Tsareena|Power Whip|p2b: Sneasler
|-resisted|p2b: Sneasler|1
|-damage|p2b: Sneasler|0 fnt
|faint|p2b: Sneasler
|
|win|JaiFain
|raw|JaiFain's rating: 1218 → 1249(+31 for winning)
|raw|almagroalanzarote's rating: 1300 → 1269(-31 for losing)
