|j|☆zilongkumo
|j|☆aman3141560
|html|zilongkumoaman3141560    
|uhtml|bestof|Game 2 of a best-of-3
|t:|1785039814
|gametype|doubles
|player|p1|zilongkumo|volkner|
|player|p2|aman3141560|lucas|
|gen|9
|tier|[Gen 9 Champions] VGC 2026 Reg M-B (Bo3)
|rule|Species Clause: Limit one of each Pokémon
|rule|Item Clause: Limit 1 of each item
|clearpoke
|poke|p1|Raichu, L50, M|
|poke|p1|Blastoise, L50, M|
|poke|p1|Reuniclus, L50, M, shiny|
|poke|p1|Lucario, L50, F|
|poke|p1|Tsareena, L50, F|
|poke|p1|Pangoro, L50, M|
|poke|p2|Hawlucha, L50, F|
|poke|p2|Snorlax, L50, M|
|poke|p2|Slowking-Galar, L50, M|
|poke|p2|Milotic, L50, F|
|poke|p2|Morpeko, L50, F|
|poke|p2|Garchomp, L50, M|
|teampreview|4
|showteam|p1|Raichu||WideLens|Static|Thunder,FakeOut,Protect,RainDance|Hasty||M|||50|]Blastoise||Blastoisinite|RainDish|WeatherBall,IceBeam,AuraSphere,DragonPulse|Modest||M|||50|]Reuniclus||KasibBerry|MagicGuard|TrickRoom,Recover,CalmMind,StoredPower|Relaxed||M|||50|]Lucario||ScopeLens|Justified|MeteorMash,BulletPunch,RockSlide,DrainPunch|Jolly||F|||50|]Tsareena||Metronome|QueenlyMajesty|KnockOff,TripleAxel,TropKick,PetalBlizzard|Adamant||F|||50|]Pangoro||FocusSash|IronFist|DrainPunch,Coaching,KnockOff,Protect|Impish||M|||50|
|showteam|p2|Hawlucha||Hawluchanite|MoldBreaker|Detect,HighJumpKick,DualWingbeat,Uturn|Jolly||F|||50|]Snorlax||ChopleBerry|ThickFat|BellyDrum,Earthquake,Facade,Protect|Careful||M|||50|]Slowking-Galar||ColburBerry|Regenerator|Psychic,SludgeBomb,TrickRoom,HealPulse|Quiet||M|||50|]Milotic||SitrusBerry|Competitive|Coil,Hypnosis,Recover,IcyWind|Calm||F|||50|]Morpeko||ChoiceScarf|HungerSwitch|AuraWheel,PartingShot,KnockOff,EerieImpulse|Adamant||F|||50|]Garchomp||YacheBerry|RoughSkin|DragonClaw,StompingTantrum,SwordsDance,Protect|Jolly||M|||50|
|inactive|Battle timer is ON: inactive players will automatically lose when time's up. (requested by aman3141560)
|
|t:|1785039834
|teamsize|p1|4
|teamsize|p2|4
|start
|switch|p1a: Reuniclus|Reuniclus, L50, M, shiny|100/100
|switch|p1b: Pangoro|Pangoro, L50, M|100/100
|switch|p2a: Hawlucha|Hawlucha, L50, F|100/100
|switch|p2b: Garchomp|Garchomp, L50, M|100/100
|-ability|p2a: Hawlucha|Mold Breaker
|turn|1
|inactive|zilongkumo has 30 seconds left.
|
|t:|1785039860
|detailschange|p2a: Hawlucha|Hawlucha-Mega, L50, F
|-mega|p2a: Hawlucha|Hawlucha|Hawluchanite
|move|p1b: Pangoro|Protect|p1b: Pangoro
|-singleturn|p1b: Pangoro|Protect
|move|p2a: Hawlucha|U-turn|p1a: Reuniclus
|-supereffective|p1a: Reuniclus|1
|-damage|p1a: Reuniclus|63/100
|
|t:|1785039867
|switch|p2a: Slowking|Slowking-Galar, L50, M|100/100|[from] U-turn
|move|p2b: Garchomp|Swords Dance|p2b: Garchomp
|-boost|p2b: Garchomp|atk|2
|move|p1a: Reuniclus|Calm Mind|p1a: Reuniclus
|-boost|p1a: Reuniclus|spa|1
|-boost|p1a: Reuniclus|spd|1
|
|upkeep
|turn|2
|
|t:|1785039883
|move|p2b: Garchomp|Dragon Claw|p1a: Reuniclus
|-damage|p1a: Reuniclus|6/100
|move|p1b: Pangoro|Coaching|p1a: Reuniclus
|-boost|p1a: Reuniclus|atk|1
|-boost|p1a: Reuniclus|def|1
|move|p1a: Reuniclus|Calm Mind|p1a: Reuniclus
|-boost|p1a: Reuniclus|spa|1
|-boost|p1a: Reuniclus|spd|1
|move|p2a: Slowking|Sludge Bomb|p1b: Pangoro
|-damage|p1b: Pangoro|43/100
|
|upkeep
|turn|3
|
|t:|1785039899
|move|p2b: Garchomp|Dragon Claw|p1a: Reuniclus
|-damage|p1a: Reuniclus|0 fnt
|faint|p1a: Reuniclus
|move|p1b: Pangoro|Knock Off|p2a: Slowking
|-supereffective|p2a: Slowking|1
|-enditem|p2a: Slowking|Colbur Berry|[eat]
|-enditem|p2a: Slowking|Colbur Berry|[weaken]
|-damage|p2a: Slowking|53/100
|move|p2a: Slowking|Sludge Bomb|p1b: Pangoro
|-damage|p1b: Pangoro|0 fnt
|faint|p1b: Pangoro
|
|upkeep
|
|t:|1785039910
|switch|p1b: Blastoise|Blastoise, L50, M|100/100
|switch|p1a: Tsareena|Tsareena, L50, F|100/100
|turn|4
|
|t:|1785039926
|detailschange|p1b: Blastoise|Blastoise-Mega, L50, M
|-mega|p1b: Blastoise|Blastoise|Blastoisinite
|move|p2b: Garchomp|Protect|p2b: Garchomp
|-singleturn|p2b: Garchomp|Protect
|move|p1b: Blastoise|Ice Beam|p2b: Garchomp
|-activate|p2b: Garchomp|move: Protect
|move|p1a: Tsareena|Triple Axel|p2b: Garchomp
|-activate|p2b: Garchomp|move: Protect
|move|p2a: Slowking|Sludge Bomb|p1a: Tsareena
|-supereffective|p1a: Tsareena|1
|-damage|p1a: Tsareena|15/100
|
|upkeep
|turn|5
|
|t:|1785039943
|switch|p2b: Snorlax|Snorlax, L50, M|100/100
|move|p1b: Blastoise|Ice Beam|p2b: Snorlax
|-damage|p2b: Snorlax|91/100
|move|p1a: Tsareena|Knock Off|p2a: Slowking
|-supereffective|p2a: Slowking|1
|-damage|p2a: Slowking|0 fnt
|faint|p2a: Slowking
|
|upkeep
|
|t:|1785039951
|switch|p2a: Hawlucha|Hawlucha-Mega, L50, F|100/100
|turn|6
|
|t:|1785039961
|move|p2a: Hawlucha|Dual Wingbeat|p1a: Tsareena
|-supereffective|p1a: Tsareena|1
|-damage|p1a: Tsareena|0 fnt
|faint|p1a: Tsareena
|-hitcount|p1: Tsareena|1
|move|p1b: Blastoise|Aura Sphere|p2b: Snorlax
|-supereffective|p2b: Snorlax|1
|-enditem|p2b: Snorlax|Chople Berry|[eat]
|-enditem|p2b: Snorlax|Chople Berry|[weaken]
|-damage|p2b: Snorlax|71/100
|move|p2b: Snorlax|Facade|p1b: Blastoise
|-damage|p1b: Blastoise|77/100
|
|upkeep
|turn|7
|
|t:|1785039974
|switch|p2b: Garchomp|Garchomp, L50, M|100/100
|move|p2a: Hawlucha|High Jump Kick|p1b: Blastoise
|-damage|p1b: Blastoise|20/100y
|move|p1b: Blastoise|Ice Beam|p2a: Hawlucha
|-supereffective|p2a: Hawlucha|1
|-damage|p2a: Hawlucha|20/100r
|
|upkeep
|turn|8
|
|t:|1785039986
|move|p2a: Hawlucha|High Jump Kick|p1b: Blastoise
|-damage|p1b: Blastoise|0 fnt
|faint|p1b: Blastoise
|
|win|aman3141560
|c|☆zilongkumo|GGs
