|j|☆jhakque zyx
|j|☆Harys67
|html|jhakque zyxHarys67    
|uhtml|bestof|Game 1 of a best-of-3
|t:|1756656462
|gametype|doubles
|player|p1|jhakque zyx|2|1152
|player|p2|Harys67|1|1040
|gen|9
|tier|[Gen 9] VGC 2025 Reg H (Bo3)
|rated|
|rule|Species Clause: Limit one of each Pokémon
|rule|Item Clause: Limit 1 of each item
|clearpoke
|poke|p1|Ursaluna-Bloodmoon, L50, M|
|poke|p1|Indeedee-F, L50, F|
|poke|p1|Hatterene, L50, F|
|poke|p1|Torkoal, L50, F|
|poke|p1|Typhlosion-Hisui, L50, M|
|poke|p1|Lilligant-Hisui, L50, F|
|poke|p2|Gothitelle, L50, F|
|poke|p2|Politoed, L50, F|
|poke|p2|Archaludon, L50, M|
|poke|p2|Incineroar, L50, F|
|poke|p2|Kingdra, L50, F|
|poke|p2|Amoonguss, L50, M|
|teampreview|4
|showteam|p1|Ursaluna-Bloodmoon||LifeOrb|MindsEye|BloodMoon,HyperVoice,EarthPower,Protect|||M|||50|,,,,,Normal]Indeedee-F||SafetyGoggles|PsychicSurge|FollowMe,TrickRoom,HelpingHand,HealingWish|||F|||50|,,,,,Water]Hatterene||FocusSash|MagicBounce|DazzlingGleam,DrainingKiss,ExpandingForce,TrickRoom|||F|||50|,,,,,Psychic]Torkoal||ChoiceSpecs|Drought|Eruption,HeatWave,Overheat,WeatherBall|||F|||50|,,,,,Ghost]Typhlosion-Hisui||ChoiceScarf|Blaze|Eruption,HeatWave,Flamethrower,ShadowBall|||M|||50|,,,,,Fire]Lilligant-Hisui||CovertCloak|Chlorophyll|AfterYou,SleepPowder,CloseCombat,SolarBlade|||F|||50|,,,,,Water
|showteam|p2|Gothitelle||SitrusBerry|ShadowTag|Psychic,TrickRoom,FakeOut,Protect|||F|||50|,,,,,Dragon]Politoed||Leftovers|Drizzle|PerishSong,Protect,WeatherBall,Encore|||F|||50|,,,,,Grass]Archaludon||PowerHerb|Sturdy|ElectroShot,Protect,FlashCannon,DracoMeteor|||M|||50|,,,,,Electric]Incineroar||SafetyGoggles|Intimidate|FakeOut,PartingShot,KnockOff,Protect|||F|||50|,,,,,Ghost]Kingdra||LifeOrb|SwiftSwim|WeatherBall,MuddyWater,Protect,DracoMeteor|||F|||50|,,,,,Stellar]Amoonguss||EjectButton|Regenerator|PollenPuff,Spore,RagePowder,Protect|||M|||50|,,,,,Fairy
|inactive|Battle timer is ON: inactive players will automatically lose when time's up. (requested by jhakque zyx)
|
|t:|1756656480
|teamsize|p1|4
|teamsize|p2|4
|start
|switch|p1a: Indeedee|Indeedee-F, L50, F|100/100
|switch|p1b: Hatterene|Hatterene, L50, F|100/100
|switch|p2a: Politoed|Politoed, L50, F|100/100
|switch|p2b: Kingdra|Kingdra, L50, F|100/100
|-weather|RainDance|[from] ability: Drizzle|[of] p2a: Politoed
|-fieldstart|move: Psychic Terrain|[from] ability: Psychic Surge|[of] p1a: Indeedee
|turn|1
|
|t:|1756656502
|move|p1a: Indeedee|Follow Me|p1a: Indeedee
|-singleturn|p1a: Indeedee|move: Follow Me
|move|p2b: Kingdra|Weather Ball|p1a: Indeedee
|-damage|p1a: Indeedee|38/100
|-damage|p2b: Kingdra|91/100|[from] item: Life Orb
|move|p2a: Politoed|Weather Ball|p1a: Indeedee
|-damage|p1a: Indeedee|1/100
|move|p1b: Hatterene|Trick Room|p1b: Hatterene
|-fieldstart|move: Trick Room|[of] p1b: Hatterene
|
|-weather|RainDance|[upkeep]
|upkeep
|turn|2
|
|t:|1756656519
|-terastallize|p1b: Hatterene|Psychic
|move|p2b: Kingdra|Protect|p2b: Kingdra
|-singleturn|p2b: Kingdra|Protect
|move|p1a: Indeedee|Follow Me|p1a: Indeedee
|-singleturn|p1a: Indeedee|move: Follow Me
|move|p1b: Hatterene|Expanding Force|p2b: Kingdra|[spread] p2a
|-activate|p2b: Kingdra|move: Protect
|-damage|p2a: Politoed|31/100
|move|p2a: Politoed|Encore|p1a: Indeedee
|-start|p1a: Indeedee|Encore
|
|-weather|RainDance|[upkeep]
|-heal|p2a: Politoed|38/100|[from] item: Leftovers
|upkeep
|turn|3
|
|t:|1756656537
|move|p2a: Politoed|Protect|p2a: Politoed
|-singleturn|p2a: Politoed|Protect
|move|p1a: Indeedee|Follow Me|p1a: Indeedee
|-singleturn|p1a: Indeedee|move: Follow Me
|move|p1b: Hatterene|Expanding Force|p2a: Politoed|[spread] p2b
|-activate|p2a: Politoed|move: Protect
|-damage|p2b: Kingdra|0 fnt
|faint|p2b: Kingdra
|
|-weather|RainDance|[upkeep]
|-heal|p2a: Politoed|44/100|[from] item: Leftovers
|upkeep
|
|t:|1756656549
|switch|p2b: Archaludon|Archaludon, L50, M|100/100
|turn|4
|
|t:|1756656554
|move|p2b: Archaludon|Protect|p2b: Archaludon
|-singleturn|p2b: Archaludon|Protect
|move|p1a: Indeedee|Follow Me|p1a: Indeedee
|-singleturn|p1a: Indeedee|move: Follow Me
|move|p1b: Hatterene|Expanding Force|p2b: Archaludon|[spread] p2a
|-activate|p2b: Archaludon|move: Protect
|-crit|p2a: Politoed
|-damage|p2a: Politoed|0 fnt
|faint|p2a: Politoed
|
|-weather|RainDance|[upkeep]
|upkeep
|
|t:|1756656561
|switch|p2a: Gothitelle|Gothitelle, L50, F, shiny|100/100
|turn|5
|
|t:|1756656571
|move|p1a: Indeedee|Follow Me|p1a: Indeedee
|-singleturn|p1a: Indeedee|move: Follow Me
|move|p1b: Hatterene|Expanding Force|p2b: Archaludon|[spread] p2a,p2b
|-resisted|p2a: Gothitelle
|-resisted|p2b: Archaludon
|-damage|p2a: Gothitelle|64/100
|-damage|p2b: Archaludon|32/100
|move|p2b: Archaludon|Electro Shot||[still]
|-prepare|p2b: Archaludon|Electro Shot
|-boost|p2b: Archaludon|spa|1
|-anim|p2b: Archaludon|Electro Shot|p1a: Indeedee
|-damage|p1a: Indeedee|0 fnt
|faint|p1a: Indeedee
|move|p2a: Gothitelle|Trick Room|p2a: Gothitelle
|-fieldend|move: Trick Room
|
|-weather|none
|-fieldend|move: Psychic Terrain
|upkeep
|
|t:|1756656590
|switch|p1a: Ursaluna|Ursaluna-Bloodmoon, L50, M|100/100
|turn|6
|
|t:|1756656609
|-terastallize|p2b: Archaludon|Electric
|move|p2a: Gothitelle|Protect|p2a: Gothitelle
|-singleturn|p2a: Gothitelle|Protect
|move|p2b: Archaludon|Electro Shot||[still]
|-prepare|p2b: Archaludon|Electro Shot
|-boost|p2b: Archaludon|spa|1
|-enditem|p2b: Archaludon|Power Herb
|-anim|p2b: Archaludon|Electro Shot|p1b: Hatterene
|-crit|p1b: Hatterene
|-enditem|p1b: Hatterene|Focus Sash
|-damage|p1b: Hatterene|1/100
|move|p1a: Ursaluna|Earth Power|p2b: Archaludon
|-supereffective|p2b: Archaludon
|-damage|p2b: Archaludon|0 fnt
|faint|p2b: Archaludon
|-damage|p1a: Ursaluna|91/100|[from] item: Life Orb
|move|p1b: Hatterene|Trick Room|p1b: Hatterene
|-fieldstart|move: Trick Room|[of] p1b: Hatterene
|
|upkeep
|turn|7
|
|t:|1756656629
|move|p1b: Hatterene|Expanding Force|p2a: Gothitelle
|-resisted|p2a: Gothitelle
|-damage|p2a: Gothitelle|41/100
|-enditem|p2a: Gothitelle|Sitrus Berry|[eat]
|-heal|p2a: Gothitelle|65/100|[from] item: Sitrus Berry
|move|p2a: Gothitelle|Psychic|p1a: Ursaluna
|-damage|p1a: Ursaluna|55/100
|move|p1a: Ursaluna|Blood Moon|p2a: Gothitelle
|-damage|p2a: Gothitelle|0 fnt
|faint|p2a: Gothitelle
|-damage|p1a: Ursaluna|45/100|[from] item: Life Orb
|
|win|jhakque zyx
||Harys67 is ready for game 2.
|inactive|jhakque zyx has 30 seconds to confirm battle start!
||jhakque zyx is ready for game 2.
|uhtml|next|Next: Game 2 of 3
|l|☆Harys67
|player|p2|
