|j|☆TogoVGC
|j|☆TeyVgc
|html|TogoVGCTeyVgc    
|uhtml|bestof|Game 3 of a best-of-3
|t:|1756515094
|gametype|doubles
|player|p1|TogoVGC|petrel|1247
|player|p2|TeyVgc|2|1172
|gen|9
|tier|[Gen 9] VGC 2025 Reg H (Bo3)
|rated|
|rule|Species Clause: Limit one of each Pokémon
|rule|Item Clause: Limit 1 of each item
|clearpoke
|poke|p1|Ninetales-Alola, L50, F|
|poke|p1|Dondozo, L50, F|
|poke|p1|Tatsugiri, L50, M|
|poke|p1|Talonflame, L50, M|
|poke|p1|Annihilape, L50, F|
|poke|p1|Shiftry, L50, M|
|poke|p2|Ursaluna-Bloodmoon, L50, M|
|poke|p2|Gholdengo, L50|
|poke|p2|Dragonite, L50, M|
|poke|p2|Sneasler, L50, M|
|poke|p2|Incineroar, L50, F|
|poke|p2|Indeedee, L50, M|
|teampreview|4
|showteam|p1|Ninetales-Alola||ChoiceSpecs|SnowWarning|Blizzard,FreezeDry,IcyWind,Moonblast|||F|||50|,,,,,Water]Dondozo||SafetyGoggles|Unaware|WaveCrash,Earthquake,HeavySlam,Protect|||F|||50|,,,,,Steel]Tatsugiri||ChoiceScarf|Commander|MuddyWater,DracoMeteor,HydroPump,DragonPulse|||M|||50|,,,,,Grass]Talonflame||LifeOrb|GaleWings|DualWingbeat,FlareBlitz,Tailwind,Protect|||M|||50|,,,,,Ghost]Annihilape||FocusSash|Defiant|CloseCombat,ShadowClaw,Taunt,Protect|||F|||50|,,,,,Stellar]Shiftry||AssaultVest|WindRider|FakeOut,LeafBlade,KnockOff,SuckerPunch|||M|||50|,,,,,Fire
|showteam|p2|Ursaluna-Bloodmoon||AssaultVest|MindsEye|BloodMoon,EarthPower,VacuumWave,HyperVoice|||M|||50|,,,,,Water]Gholdengo||LifeOrb|GoodasGold|Protect,MakeItRain,ShadowBall,NastyPlot||||||50|,,,,,Water]Dragonite||LoadedDice|Multiscale|ScaleShot,Tailwind,Haze,Protect|||M|||50|,,,,,Fairy]Sneasler||PsychicSeed|Unburden|Protect,DireClaw,CloseCombat,ThroatChop|||M|||50|,,,,,Stellar]Incineroar||SafetyGoggles|Intimidate|KnockOff,PartingShot,FlareBlitz,FakeOut|||F|||50|,,,,,Ghost]Indeedee||FocusSash|PsychicSurge|ExpandingForce,TrickRoom,Imprison,TeraBlast|||M|||50|,,,,,Fighting
|
|t:|1756515121
|teamsize|p1|4
|teamsize|p2|4
|start
|switch|p1a: Talonflame|Talonflame, L50, M|100/100
|switch|p1b: Annihilape|Annihilape, L50, F|100/100
|switch|p2a: Joaquin|Dragonite, L50, M|100/100
|switch|p2b: Hector|Gholdengo, L50|100/100
|turn|1
|
|t:|1756515146
|move|p2b: Hector|Protect|p2b: Hector
|-singleturn|p2b: Hector|Protect
|move|p1b: Annihilape|Protect|p1b: Annihilape
|-singleturn|p1b: Annihilape|Protect
|move|p1a: Talonflame|Tailwind|p1a: Talonflame
|-sidestart|p1: TogoVGC|move: Tailwind
|move|p2a: Joaquin|Tailwind|p2a: Joaquin
|-sidestart|p2: TeyVgc|move: Tailwind
|
|upkeep
|turn|2
|
|t:|1756515200
|-terastallize|p2b: Hector|Water
|-terastallize|p1b: Annihilape|Stellar
|move|p1a: Talonflame|Dual Wingbeat|p2a: Joaquin
|-damage|p2a: Joaquin|90/100
|-damage|p2a: Joaquin|66/100
|-hitcount|p2a: Joaquin|2
|-damage|p1a: Talonflame|91/100|[from] item: Life Orb
|move|p2b: Hector|Shadow Ball|p1b: Annihilape
|-supereffective|p1b: Annihilape
|-enditem|p1b: Annihilape|Focus Sash
|-damage|p1b: Annihilape|1/100
|-damage|p2b: Hector|91/100|[from] item: Life Orb
|move|p1b: Annihilape|Shadow Claw|p2a: Joaquin
|-damage|p2a: Joaquin|11/100
|move|p2a: Joaquin|Scale Shot|p1b: Annihilape|[miss]
|-miss|p2a: Joaquin|p1b: Annihilape
|
|upkeep
|turn|3
|
|t:|1756515243
|switch|p1b: Shiftry|Shiftry, L50, M|100/100
|-ability|p1b: Shiftry|Wind Rider|boost
|-boost|p1b: Shiftry|atk|1
|move|p2b: Hector|Protect|p2b: Hector
|-singleturn|p2b: Hector|Protect
|move|p2a: Joaquin|Protect|p2a: Joaquin
|-singleturn|p2a: Joaquin|Protect
|move|p1a: Talonflame|Flare Blitz|p2a: Joaquin
|-activate|p2a: Joaquin|move: Protect
|
|upkeep
|turn|4
|
|t:|1756515294
|switch|p2b: Leonel|Sneasler, L50, M|100/100
|move|p1a: Talonflame|Dual Wingbeat|p2a: Joaquin|[miss]
|-miss|p1a: Talonflame|p2a: Joaquin
|move|p2a: Joaquin|Tailwind||[still]
|-fail|p2a: Joaquin
|move|p1b: Shiftry|Leaf Blade|p2b: Leonel
|-resisted|p2b: Leonel
|-damage|p2b: Leonel|51/100
|
|-sideend|p1: TogoVGC|move: Tailwind
|-sideend|p2: TeyVgc|move: Tailwind
|upkeep
|turn|5
|
|t:|1756515335
|move|p2b: Leonel|Protect|p2b: Leonel
|-singleturn|p2b: Leonel|Protect
|move|p1a: Talonflame|Dual Wingbeat|p2b: Leonel
|-activate|p2b: Leonel|move: Protect
|move|p2a: Joaquin|Scale Shot|p1a: Talonflame
|-damage|p1a: Talonflame|68/100
|-damage|p1a: Talonflame|48/100
|-damage|p1a: Talonflame|26/100
|-damage|p1a: Talonflame|7/100
|-hitcount|p1a: Talonflame|4
|-unboost|p2a: Joaquin|def|1
|-boost|p2a: Joaquin|spe|1
|move|p1b: Shiftry|Knock Off|p2a: Joaquin
|-damage|p2a: Joaquin|0 fnt
|-enditem|p2a: Joaquin|Loaded Dice|[from] move: Knock Off|[of] p1b: Shiftry
|faint|p2a: Joaquin
|
|upkeep
|
|t:|1756515353
|switch|p2a: Marco|Indeedee, L50, M|100/100
|-fieldstart|move: Psychic Terrain|[from] ability: Psychic Surge|[of] p2a: Marco
|-enditem|p2b: Leonel|Psychic Seed
|-boost|p2b: Leonel|spd|1|[from] item: Psychic Seed
|turn|6
|
|t:|1756515484
|move|p2b: Leonel|Dire Claw|p1b: Shiftry
|-supereffective|p1b: Shiftry
|-damage|p1b: Shiftry|0 fnt
|faint|p1b: Shiftry
|move|p1a: Talonflame|Dual Wingbeat|p2b: Leonel
|-supereffective|p2b: Leonel
|-crit|p2b: Leonel
|-damage|p2b: Leonel|0 fnt
|faint|p2b: Leonel
|-hitcount|p2: Leonel|1
|-damage|p1a: Talonflame|0 fnt|[from] item: Life Orb
|faint|p1a: Talonflame
|move|p2a: Marco|Tera Blast|p1: Talonflame|[notarget]
|-fail|p2a: Marco
|
|upkeep
|
|t:|1756515522
|switch|p1a: Annihilape|Annihilape, L50, F, tera:Stellar|1/100
|switch|p2b: Hector|Gholdengo, L50, tera:Water|91/100
|switch|p1b: Ninetales|Ninetales-Alola, L50, F|100/100
|-weather|Snowscape|[from] ability: Snow Warning|[of] p1b: Ninetales
|turn|7
|
|t:|1756515541
|move|p1b: Ninetales|Freeze-Dry|p2a: Marco
|-damage|p2a: Marco|45/100
|move|p2a: Marco|Expanding Force|p1b: Ninetales|[spread] p1a,p1b
|-supereffective|p1a: Annihilape
|-crit|p1b: Ninetales
|-damage|p1a: Annihilape|0 fnt
|-damage|p1b: Ninetales|0 fnt
|faint|p1a: Annihilape
|faint|p1b: Ninetales
|
|win|TeyVgc
|raw|TogoVGC's rating: 1247 → 1217(-30 for losing)
|raw|TeyVgc's rating: 1172 → 1202(+30 for winning)
