|j|☆iamtay
|j|☆jaybee394
|html|iamtayjaybee394    
|uhtml|bestof|Game 1 of a best-of-3
|t:|1784409626
|gametype|doubles
|player|p1|iamtay|1|
|player|p2|jaybee394|170|
|gen|9
|tier|[Gen 9 Champions] VGC 2026 Reg M-B (Bo3)
|rule|Species Clause: Limit one of each Pokémon
|rule|Item Clause: Limit 1 of each item
|clearpoke
|poke|p1|Incineroar, L50, F|
|poke|p1|Gengar, L50, F|
|poke|p1|Politoed, L50, F|
|poke|p1|Archaludon, L50, F|
|poke|p1|Vivillon, L50, M|
|poke|p1|Swampert, L50, M|
|poke|p2|Delphox, L50, F|
|poke|p2|Whimsicott, L50, F|
|poke|p2|Garchomp, L50, F|
|poke|p2|Sinistcha, L50|
|poke|p2|Staraptor, L50, M|
|poke|p2|Maushold-Four, L50|
|teampreview|4
|showteam|p1|Incineroar||PasshoBerry|Intimidate|DarkestLariat,PartingShot,FakeOut,Protect|Careful||F|||50|]Gengar||Gengarite|CursedBody|ShadowBall,PerishSong,Protect,SludgeBomb|Modest||F|||50|]Politoed||SitrusBerry|Drizzle|WeatherBall,PerishSong,Encore,Protect|Calm||F|||50|]Archaludon||Leftovers|Stamina|DragonPulse,ElectroShot,FlashCannon,Protect|Calm||F|||50|]Vivillon||FocusSash|CompoundEyes|SleepPowder,Hurricane,RagePowder,Protect|Timid||M|||50|]Swampert||Swampertite|Torrent|WaveCrash,Earthquake,FlipTurn,Protect|Adamant||M|||50|
|showteam|p2|Delphox||Delphoxite|Blaze|HeatWave,Psychic,Substitute,Protect|Timid||F|||50|]Whimsicott||FocusSash|Prankster|Moonblast,Tailwind,FakeTears,SunnyDay|Timid||F|||50|]Garchomp||LifeOrb|RoughSkin|DragonClaw,Earthquake,RockSlide,Protect|Adamant||F|||50|]Sinistcha||CobaBerry|Hospitality|MatchaGotcha,RagePowder,TrickRoom,StrengthSap|Bold|||||50|]Staraptor||Staraptite|Intimidate|CloseCombat,BraveBird,Roost,Protect|Jolly||M|||50|]Maushold-Four||ChopleBerry|FriendGuard|SuperFang,FollowMe,Charm,Protect|Timid|||||50|
|c|☆iamtay|do i just share the link at the top of the page
|c|☆jaybee394|I almost played this team. 🤣
|c|☆iamtay|i'm just running it back
|c|☆jaybee394|I think so? Im on the mobile "app"
|c|☆iamtay|oh yeah great stuff
|c|☆jaybee394|Feel free to turn on timer if you need to. I have my picks locked whenever you're ready to begin
|c|☆iamtay|doesnt look like anyone is joining in
|c|☆iamtay|yeah i think i'm ready
|
|t:|1784409885
|teamsize|p1|4
|teamsize|p2|4
|start
|switch|p1a: Incineroar|Incineroar, L50, F|100/100
|switch|p1b: Swampert|Swampert, L50, M|100/100
|switch|p2a: Delphox|Delphox, L50, F|100/100
|switch|p2b: Garchomp|Garchomp, L50, F|100/100
|-ability|p1a: Incineroar|Intimidate|boost
|-unboost|p2a: Delphox|atk|1
|-unboost|p2b: Garchomp|atk|1
|turn|1
|inactive|Battle timer is ON: inactive players will automatically lose when time's up. (requested by iamtay)
|inactive|iamtay has 60 seconds left.
|
|t:|1784409959
|switch|p2a: Sinistcha|Sinistcha, L50|100/100
|detailschange|p1b: Swampert|Swampert-Mega, L50, M
|-mega|p1b: Swampert|Swampert|Swampertite
|move|p1a: Incineroar|Fake Out|p2b: Garchomp
|-damage|p2b: Garchomp|90/100
|-damage|p1a: Incineroar|87/100|[from] ability: Rough Skin|[of] p2b: Garchomp
|cant|p2b: Garchomp|flinch
|move|p1b: Swampert|Flip Turn|p2a: Sinistcha
|-resisted|p2a: Sinistcha|1
|-damage|p2a: Sinistcha|84/100
|
|t:|1784409971
|switch|p1b: Vivillon|Vivillon, L50, M|100/100|[from] Flip Turn
|
|upkeep
|turn|2
|inactive|iamtay has 30 seconds left.
|inactive|jaybee394 has 30 seconds left.
|inactive|iamtay has 20 seconds left.
|inactive|iamtay has 15 seconds left.
|inactive|iamtay has 10 seconds left.
|inactive|iamtay has 5 seconds left.
|
|t:|1784410023
|move|p2a: Sinistcha|Rage Powder|p2a: Sinistcha
|-singleturn|p2a: Sinistcha|move: Rage Powder
|move|p1b: Vivillon|Hurricane|p2a: Sinistcha
|-supereffective|p2a: Sinistcha|1
|-enditem|p2a: Sinistcha|Coba Berry|[eat]
|-enditem|p2a: Sinistcha|Coba Berry|[weaken]
|-damage|p2a: Sinistcha|37/100
|move|p2b: Garchomp|Rock Slide|p1b: Vivillon|[spread] p1a,p1b
|-supereffective|p1a: Incineroar|1
|-supereffective|p1b: Vivillon|2
|-damage|p1a: Incineroar|56/100
|-enditem|p1b: Vivillon|Focus Sash
|-damage|p1b: Vivillon|1/100
|-damage|p2b: Garchomp|80/100|[from] item: Life Orb
|move|p1a: Incineroar|Darkest Lariat|p2a: Sinistcha
|-supereffective|p2a: Sinistcha|1
|-damage|p2a: Sinistcha|0 fnt
|faint|p2a: Sinistcha
|
|upkeep
|inactive|jaybee394 has 30 seconds left.
|
|t:|1784410053
|switch|p2a: Delphox|Delphox, L50, F|100/100
|turn|3
|inactive|iamtay has 30 seconds left.
|
|t:|1784410078
|switch|p1b: Politoed|Politoed, L50, F|100/100
|-weather|RainDance|[from] ability: Drizzle|[of] p1b: Politoed
|move|p2a: Delphox|Heat Wave|p1b: Politoed|[spread] p1a,p1b
|-resisted|p1a: Incineroar|1
|-resisted|p1b: Politoed|1
|-damage|p1a: Incineroar|51/100
|-damage|p1b: Politoed|94/100
|move|p2b: Garchomp|Rock Slide|p1b: Politoed|[spread] p1a,p1b
|-supereffective|p1a: Incineroar|1
|-damage|p1a: Incineroar|20/100r
|-damage|p1b: Politoed|78/100
|-damage|p2b: Garchomp|70/100|[from] item: Life Orb
|move|p1a: Incineroar|Darkest Lariat|p2a: Delphox
|-supereffective|p2a: Delphox|1
|-damage|p2a: Delphox|10/100
|
|-weather|RainDance|[upkeep]
|upkeep
|turn|4
|inactive|iamtay has 30 seconds left.
|inactive|jaybee394 has 30 seconds left.
|inactive|iamtay has 20 seconds left.
|inactive|jaybee394 has 20 seconds left.
|inactive|iamtay has 15 seconds left.
|inactive|iamtay has 10 seconds left.
|inactive|iamtay has 5 seconds left.
|
|t:|1784410130
|switch|p2a: Whimsicott|Whimsicott, L50, F|100/100
|move|p1a: Incineroar|Protect|p1a: Incineroar
|-singleturn|p1a: Incineroar|Protect
|move|p2b: Garchomp|Dragon Claw|p1a: Incineroar
|-activate|p1a: Incineroar|move: Protect
|move|p1b: Politoed|Weather Ball|p2b: Garchomp
|-damage|p2b: Garchomp|26/100
|
|-weather|RainDance|[upkeep]
|upkeep
|turn|5
|inactive|iamtay has 30 seconds left.
|inactive|jaybee394 has 30 seconds left.
|inactive|iamtay has 20 seconds left.
|inactive|jaybee394 has 20 seconds left.
|inactive|iamtay has 15 seconds left.
|
|t:|1784410174
|switch|p1a: Vivillon|Vivillon, L50, M|1/100
|move|p2a: Whimsicott|Sunny Day|p2a: Whimsicott
|-weather|SunnyDay
|move|p2b: Garchomp|Earthquake|p1b: Politoed|[spread] p2a,p1b
|-immune|p1a: Vivillon
|-resisted|p2a: Whimsicott|1
|-damage|p2a: Whimsicott|77/100
|-damage|p1b: Politoed|45/100
|-enditem|p1b: Politoed|Sitrus Berry|[eat]
|-heal|p1b: Politoed|70/100|[from] item: Sitrus Berry
|-damage|p2b: Garchomp|16/100|[from] item: Life Orb
|move|p1b: Politoed|Weather Ball|p2b: Garchomp
|-resisted|p2b: Garchomp|1
|-damage|p2b: Garchomp|2/100
|
|-weather|SunnyDay|[upkeep]
|upkeep
|turn|6
|inactive|iamtay has 30 seconds left.
|inactive|jaybee394 has 30 seconds left.
|inactive|iamtay has 20 seconds left.
|
|t:|1784410211
|move|p2a: Whimsicott|Fake Tears|p1b: Politoed
|-unboost|p1b: Politoed|spd|2
|move|p1a: Vivillon|Sleep Powder|p2b: Garchomp
|-status|p2b: Garchomp|slp|[from] move: Sleep Powder
|cant|p2b: Garchomp|slp
|move|p1b: Politoed|Weather Ball|p2a: Whimsicott
|-supereffective|p2a: Whimsicott|1
|-damage|p2a: Whimsicott|0 fnt
|faint|p2a: Whimsicott
|
|-weather|SunnyDay|[upkeep]
|upkeep
|
|t:|1784410227
|switch|p2a: Delphox|Delphox, L50, F|10/100
|turn|7
|
|t:|1784410243
|switch|p1b: Incineroar|Incineroar, L50, F|20/100r
|-ability|p1b: Incineroar|Intimidate|boost
|-unboost|p2a: Delphox|atk|1
|-unboost|p2b: Garchomp|atk|1
|detailschange|p2a: Delphox|Delphox-Mega, L50, F
|-mega|p2a: Delphox|Delphox|Delphoxite
|move|p1a: Vivillon|Protect|p1a: Vivillon
|-singleturn|p1a: Vivillon|Protect
|-curestatus|p2b: Garchomp|slp|[msg]
|move|p2b: Garchomp|Protect|p2b: Garchomp
|-singleturn|p2b: Garchomp|Protect
|move|p2a: Delphox|Heat Wave|p1a: Vivillon|[spread] p1b
|-activate|p1a: Vivillon|move: Protect
|-resisted|p1b: Incineroar|1
|-damage|p1b: Incineroar|0 fnt
|faint|p1b: Incineroar
|
|-weather|SunnyDay|[upkeep]
|upkeep
|
|t:|1784410257
|switch|p1b: Politoed|Politoed, L50, F|70/100
|-weather|RainDance|[from] ability: Drizzle|[of] p1b: Politoed
|turn|8
|
|t:|1784410271
|move|p2a: Delphox|Psychic|p1b: Politoed
|-damage|p1b: Politoed|29/100
|move|p1a: Vivillon|Sleep Powder|p2b: Garchomp
|-status|p2b: Garchomp|slp|[from] move: Sleep Powder
|cant|p2b: Garchomp|slp
|move|p1b: Politoed|Weather Ball|p2a: Delphox
|-supereffective|p2a: Delphox|1
|-damage|p2a: Delphox|0 fnt
|faint|p2a: Delphox
|
|-weather|RainDance|[upkeep]
|upkeep
|turn|9
|
|t:|1784410288
|move|p1a: Vivillon|Hurricane|p2b: Garchomp
|-damage|p2b: Garchomp|0 fnt
|faint|p2b: Garchomp
|
|win|iamtay
||iamtay is ready for game 2.
|inactive|jaybee394 has 30 seconds to confirm battle start!
|inactive|jaybee394 has 20 seconds to confirm battle start!
||jaybee394 is ready for game 2.
|uhtml|next|Next: Game 2 of 3
|l|☆iamtay
|player|p1|
