|j|☆Dinosaur Kingz
|j|☆freudianbreath
|html|Dinosaur Kingzfreudianbreath    
|uhtml|bestof|Game 1 of a best-of-3
|t:|1784562615
|gametype|doubles
|player|p1|Dinosaur Kingz|101|1112
|player|p2|freudianbreath|1|1126
|gen|9
|tier|[Gen 9 Champions] VGC 2026 Reg M-B (Bo3)
|rated|
|rule|Species Clause: Limit one of each Pokémon
|rule|Item Clause: Limit 1 of each item
|clearpoke
|poke|p1|Sceptile, L50, F|
|poke|p1|Rotom-Heat, L50|
|poke|p1|Pelipper, L50, M|
|poke|p1|Swampert, L50, F|
|poke|p1|Garchomp, L50, M|
|poke|p1|Sinistcha, L50|
|poke|p2|Pyroar, L50, F|
|poke|p2|Vileplume, L50, F|
|poke|p2|Torkoal, L50, F|
|poke|p2|Incineroar, L50, F|
|poke|p2|Floette-Eternal, L50, F|
|poke|p2|Farigiraf, L50, F|
|teampreview|4
|showteam|p1|Sceptile||Sceptilite|Overgrow|Protect,EarthPower,DragonPulse,LeafStorm|Timid||F|||50|]Rotom-Heat||ChoiceScarf|Levitate|Trick,Overheat,Discharge,VoltSwitch|Timid|||||50|]Pelipper||FocusSash|Drizzle|Protect,Tailwind,Hurricane,WeatherBall|Bold||M|||50|]Swampert||Swampertite|Damp|Protect,Earthquake,WaveCrash,IcePunch|Adamant||F|||50|]Garchomp||LifeOrb|RoughSkin|Protect,Earthquake,RockSlide,DragonClaw|Jolly||M|||50|]Sinistcha||SitrusBerry|Hospitality|Protect,RagePowder,MatchaGotcha,ShadowBall|Calm|||||50|
|showteam|p2|Pyroar||Pyroarite|Unnerve|Protect,Overheat,HeatWave,SolarBeam|Timid||F|||50|]Vileplume||FocusSash|Chlorophyll|SleepPowder,AfterYou,SludgeBomb,SolarBeam|Timid||F|||50|]Torkoal||Charcoal|Drought|Protect,HelpingHand,Eruption,WeatherBall|Quiet||F|||50|]Incineroar||WhiteHerb|Intimidate|FakeOut,FlareBlitz,DarkestLariat,CloseCombat|Brave||F|||50|]Floette-Eternal||Floettite|FlowerVeil|Protect,CalmMind,Moonblast,DrainingKiss|Modest||F|||50|]Farigiraf||SitrusBerry|ArmorTail|HelpingHand,TrickRoom,Psychic,Thunderbolt|Relaxed||F|||50|
|inactive|Battle timer is ON: inactive players will automatically lose when time's up. (requested by Dinosaur Kingz)
|inactive|freudianbreath has 60 seconds left.
|inactive|freudianbreath has 30 seconds left.
|inactive|freudianbreath has 20 seconds left.
|inactive|freudianbreath has 15 seconds left.
|inactive|freudianbreath has 10 seconds left.
|inactive|freudianbreath has 5 seconds left.
|
|t:|1784562704
|teamsize|p1|4
|teamsize|p2|4
|start
|switch|p1a: Rotom|Rotom-Heat, L50|100/100
|switch|p1b: Swampert|Swampert, L50, F|100/100
|switch|p2a: Incineroar|Incineroar, L50, F|100/100
|switch|p2b: Floette|Floette-Eternal, L50, F|100/100
|-ability|p2a: Incineroar|Intimidate|boost
|-unboost|p1a: Rotom|atk|1
|-unboost|p1b: Swampert|atk|1
|turn|1
|inactive|freudianbreath has 30 seconds left.
|inactive|Dinosaur Kingz has 30 seconds left.
|inactive|freudianbreath has 20 seconds left.
|inactive|freudianbreath has 15 seconds left.
|
|t:|1784562749
|detailschange|p2b: Floette|Floette-Mega, L50, F
|-mega|p2b: Floette|Floette|Floettite
|-ability|p2b: Floette|Fairy Aura
|move|p1b: Swampert|Protect|p1b: Swampert
|-singleturn|p1b: Swampert|Protect
|move|p2a: Incineroar|Fake Out|p1b: Swampert
|-activate|p1b: Swampert|move: Protect
|move|p1a: Rotom|Trick|p2a: Incineroar
|-activate|p1a: Rotom|move: Trick|[of] p2a: Incineroar
|-item|p2a: Incineroar|Choice Scarf|[from] move: Trick
|-enditem|p1a: Rotom|White Herb
|-clearnegativeboost|p1a: Rotom|[silent]
|-item|p1a: Rotom|White Herb|[from] move: Trick
|move|p2b: Floette|Calm Mind|p2b: Floette
|-boost|p2b: Floette|spa|1
|-boost|p2b: Floette|spd|1
|
|upkeep
|turn|2
|inactive|freudianbreath has 30 seconds left.
|inactive|freudianbreath has 20 seconds left.
|inactive|freudianbreath has 15 seconds left.
|inactive|freudianbreath has 10 seconds left.
|inactive|freudianbreath has 5 seconds left.
|
|t:|1784562803
|switch|p1a: Pelipper|Pelipper, L50, M|100/100
|-weather|RainDance|[from] ability: Drizzle|[of] p1a: Pelipper
|detailschange|p1b: Swampert|Swampert-Mega, L50, F
|-mega|p1b: Swampert|Swampert|Swampertite
|move|p1b: Swampert|Wave Crash|p2b: Floette
|-damage|p2b: Floette|18/100
|-damage|p1b: Swampert|74/100|[from] Recoil
|move|p2b: Floette|Moonblast|p1b: Swampert
|-damage|p1b: Swampert|0 fnt
|faint|p1b: Swampert
|move|p2a: Incineroar|Darkest Lariat|p1a: Pelipper
|-damage|p1a: Pelipper|67/100
|
|-weather|RainDance|[upkeep]
|upkeep
|
|t:|1784562821
|switch|p1b: Garchomp|Garchomp, L50, M|100/100
|turn|3
|inactive|freudianbreath has 30 seconds left.
|inactive|freudianbreath has 20 seconds left.
|inactive|freudianbreath has 15 seconds left.
|inactive|freudianbreath has 10 seconds left.
|inactive|freudianbreath has 5 seconds left.
|
|t:|1784562873
|switch|p2a: Farigiraf|Farigiraf, L50, F|100/100
|move|p1b: Garchomp|Protect|p1b: Garchomp
|-singleturn|p1b: Garchomp|Protect
|move|p2b: Floette|Protect|p2b: Floette
|-singleturn|p2b: Floette|Protect
|move|p1a: Pelipper|Tailwind|p1a: Pelipper
|-sidestart|p1: Dinosaur Kingz|move: Tailwind
|
|-weather|RainDance|[upkeep]
|upkeep
|turn|4
|inactive|freudianbreath has 30 seconds left.
|
|t:|1784562904
|move|p1b: Garchomp|Earthquake|p2b: Floette|[spread] p2a,p2b
|-immune|p1a: Pelipper
|-damage|p2a: Farigiraf|57/100
|-damage|p2b: Floette|0 fnt
|faint|p2b: Floette
|-damage|p1b: Garchomp|90/100|[from] item: Life Orb
|move|p1a: Pelipper|Weather Ball|p2a: Farigiraf
|-damage|p2a: Farigiraf|9/100
|-enditem|p2a: Farigiraf|Sitrus Berry|[eat]
|-heal|p2a: Farigiraf|34/100|[from] item: Sitrus Berry
|move|p2a: Farigiraf|Trick Room|p2a: Farigiraf
|-fieldstart|move: Trick Room|[of] p2a: Farigiraf
|
|-weather|RainDance|[upkeep]
|upkeep
|
|t:|1784562925
|switch|p2b: Torkoal|Torkoal, L50, F|100/100
|-weather|SunnyDay|[from] ability: Drought|[of] p2b: Torkoal
|turn|5
|inactive|freudianbreath has 30 seconds left.
|
|t:|1784562957
|switch|p1a: Rotom|Rotom-Heat, L50|100/100
|move|p1b: Garchomp|Protect|p1b: Garchomp
|-singleturn|p1b: Garchomp|Protect
|move|p2b: Torkoal|Eruption|p1a: Rotom|[spread] p1a
|-activate|p1b: Garchomp|move: Protect
|-resisted|p1a: Rotom|1
|-damage|p1a: Rotom|40/100
|move|p2a: Farigiraf|Psychic|p1b: Garchomp
|-activate|p1b: Garchomp|move: Protect
|
|-weather|SunnyDay|[upkeep]
|upkeep
|turn|6
|inactive|freudianbreath has 30 seconds left.
|inactive|freudianbreath has 20 seconds left.
|inactive|freudianbreath has 15 seconds left.
|inactive|freudianbreath has 10 seconds left.
|inactive|freudianbreath has 5 seconds left.
|
|t:|1784563010
|switch|p1a: Pelipper|Pelipper, L50, M|67/100
|-weather|RainDance|[from] ability: Drizzle|[of] p1a: Pelipper
|move|p2b: Torkoal|Weather Ball|p1b: Garchomp
|-damage|p1b: Garchomp|40/100
|move|p2a: Farigiraf|Psychic|p1a: Pelipper
|-damage|p1a: Pelipper|20/100y
|move|p1b: Garchomp|Earthquake|p2a: Farigiraf|[spread] p2a,p2b
|-immune|p1a: Pelipper
|-supereffective|p2b: Torkoal|1
|-damage|p2a: Farigiraf|0 fnt
|-damage|p2b: Torkoal|14/100
|faint|p2a: Farigiraf
|-damage|p1b: Garchomp|30/100|[from] item: Life Orb
|
|-weather|RainDance|[upkeep]
|-sideend|p1: Dinosaur Kingz|move: Tailwind
|upkeep
|
|t:|1784563023
|switch|p2a: Incineroar|Incineroar, L50, F|100/100
|-ability|p2a: Incineroar|Intimidate|boost
|-unboost|p1a: Pelipper|atk|1
|-unboost|p1b: Garchomp|atk|1
|turn|7
|inactive|Dinosaur Kingz has 30 seconds left.
|inactive|freudianbreath has 30 seconds left.
|
|t:|1784563058
|switch|p1b: Rotom|Rotom-Heat, L50|40/100
|move|p1a: Pelipper|Protect|p1a: Pelipper
|-singleturn|p1a: Pelipper|Protect
|move|p2b: Torkoal|Weather Ball|p1b: Rotom
|-supereffective|p1b: Rotom|1
|-damage|p1b: Rotom|0 fnt
|faint|p1b: Rotom
|move|p2a: Incineroar|Darkest Lariat|p1a: Pelipper
|-activate|p1a: Pelipper|move: Protect
|
|-weather|RainDance|[upkeep]
|upkeep
|
|t:|1784563066
|switch|p1b: Garchomp|Garchomp, L50, M|30/100
|turn|8
|inactive|freudianbreath has 30 seconds left.
|
|t:|1784563091
|move|p1b: Garchomp|Protect|p1b: Garchomp
|-singleturn|p1b: Garchomp|Protect
|move|p2b: Torkoal|Weather Ball|p1b: Garchomp
|-activate|p1b: Garchomp|move: Protect
|move|p1a: Pelipper|Weather Ball|p2a: Incineroar
|-supereffective|p2a: Incineroar|1
|-damage|p2a: Incineroar|4/100
|move|p2a: Incineroar|Darkest Lariat|p1a: Pelipper
|-damage|p1a: Pelipper|0 fnt
|faint|p1a: Pelipper
|
|-weather|RainDance|[upkeep]
|-fieldend|move: Trick Room
|upkeep
|turn|9
|
|t:|1784563111
|move|p1b: Garchomp|Earthquake|p2b: Torkoal|[spread] p2a,p2b
|-supereffective|p2a: Incineroar|1
|-supereffective|p2b: Torkoal|1
|-damage|p2a: Incineroar|0 fnt
|-damage|p2b: Torkoal|0 fnt
|faint|p2a: Incineroar
|faint|p2b: Torkoal
|-damage|p1b: Garchomp|21/100|[from] item: Life Orb
|
|win|Dinosaur Kingz
