|j|☆bogging
|j|☆Il Mule
|html|boggingIl Mule    
|uhtml|bestof|Game 3 of a best-of-3
|t:|1782221886
|gametype|doubles
|player|p1|bogging|bugcatcher-gen4dp|1395
|player|p2|Il Mule|salvatore|1476
|gen|9
|tier|[Gen 9 Champions] VGC 2026 Reg M-B (Bo3)
|rated|
|rule|Species Clause: Limit one of each Pokémon
|rule|Item Clause: Limit 1 of each item
|clearpoke
|poke|p1|Staraptor, L50, M|
|poke|p1|Garchomp, L50, M|
|poke|p1|Incineroar, L50, M|
|poke|p1|Gholdengo, L50|
|poke|p1|Whimsicott, L50, F|
|poke|p1|Charizard, L50, M|
|poke|p2|Corviknight, L50, F|
|poke|p2|Tyranitar, L50, F|
|poke|p2|Sneasler, L50, F|
|poke|p2|Incineroar, L50, M|
|poke|p2|Froslass, L50, F|
|poke|p2|Garchomp, L50, M|
|teampreview|4
|showteam|p1|Staraptor||Staraptite|Intimidate|CloseCombat,BraveBird,Roost,Protect|Jolly||M|||50|]Garchomp||RoseliBerry|RoughSkin|Earthquake,PoisonJab,RockTomb,Protect|Adamant||M|||50|]Incineroar||SitrusBerry|Intimidate|DarkestLariat,PartingShot,FakeOut,FlareBlitz|Impish||M|||50|]Gholdengo||MetalCoat|GoodasGold|MakeItRain,ShadowBall,NastyPlot,Protect|Modest|||||50|]Whimsicott||FocusSash|Prankster|Moonblast,Protect,Charm,Tailwind|Timid||F|||50|]Charizard||CharizarditeY|Blaze|WeatherBall,SolarBeam,HeatWave,Protect|Modest||M|||50|
|showteam|p2|Corviknight||OccaBerry|MirrorArmor|BraveBird,Taunt,Tailwind,Roost|Impish||F|||50|]Tyranitar||Tyranitarite|SandStream|KnockOff,RockSlide,DragonDance,Protect|Adamant||F|||50|]Sneasler||WhiteHerb|Unburden|CloseCombat,DireClaw,Coaching,FakeOut|Jolly||F|||50|]Incineroar||SitrusBerry|Intimidate|FlareBlitz,WillOWisp,PartingShot,FakeOut|Impish||M|||50|]Froslass||Froslassite|SnowCloak|Blizzard,ShadowBall,AuroraVeil,Protect|Modest||F|||50|]Garchomp||LifeOrb|RoughSkin|Earthquake,RockSlide,StompingTantrum,Protect|Jolly||M|||50|
|j| Tridello
|c|☆Il Mule|è un disastro che sto cesso di frosio non shotti
|j| rovesciaporci
|
|t:|1782221939
|teamsize|p1|4
|teamsize|p2|4
|start
|switch|p1a: Incineroar|Incineroar, L50, M|100/100
|switch|p1b: Gholdengo|Gholdengo, L50|100/100
|switch|p2a: Garchomp|Garchomp, L50, M|100/100
|switch|p2b: Sneasler|Sneasler, L50, F|100/100
|-ability|p1a: Incineroar|Intimidate|boost
|-unboost|p2a: Garchomp|atk|1
|-unboost|p2b: Sneasler|atk|1
|-enditem|p2b: Sneasler|White Herb
|-clearnegativeboost|p2b: Sneasler|[silent]
|turn|1
|
|t:|1782221983
|move|p1a: Incineroar|Fake Out|p2a: Garchomp
|-damage|p2a: Garchomp|89/100
|-damage|p1a: Incineroar|87/100|[from] ability: Rough Skin|[of] p2a: Garchomp
|move|p2b: Sneasler|Coaching|p2a: Garchomp
|-boost|p2a: Garchomp|atk|1
|-boost|p2a: Garchomp|def|1
|cant|p2a: Garchomp|flinch
|move|p1b: Gholdengo|Nasty Plot|p1b: Gholdengo
|-boost|p1b: Gholdengo|spa|2
|
|upkeep
|turn|2
|
|t:|1782222008
|switch|p1a: Staraptor|Staraptor, L50, M|100/100
|-ability|p1a: Staraptor|Intimidate|boost
|-unboost|p2a: Garchomp|atk|1
|-unboost|p2b: Sneasler|atk|1
|move|p1b: Gholdengo|Protect|p1b: Gholdengo
|-singleturn|p1b: Gholdengo|Protect
|move|p2b: Sneasler|Coaching|p2a: Garchomp
|-boost|p2a: Garchomp|atk|1
|-boost|p2a: Garchomp|def|1
|move|p2a: Garchomp|Stomping Tantrum|p1b: Gholdengo
|-activate|p1b: Gholdengo|move: Protect
|
|upkeep
|turn|3
|
|t:|1782222032
|switch|p2b: Incineroar|Incineroar, L50, M|100/100
|-ability|p2b: Incineroar|Intimidate|boost
|-unboost|p1a: Staraptor|atk|1
|-unboost|p1b: Gholdengo|atk|1
|switch|p1b: Incineroar|Incineroar, L50, M|87/100
|-ability|p1b: Incineroar|Intimidate|boost
|-unboost|p2a: Garchomp|atk|1
|-unboost|p2b: Incineroar|atk|1
|detailschange|p1a: Staraptor|Staraptor-Mega, L50, M
|-mega|p1a: Staraptor|Staraptor|Staraptite
|move|p1a: Staraptor|Close Combat|p2a: Garchomp
|-damage|p2a: Garchomp|69/100
|-boost|p1a: Staraptor|def|1
|-boost|p1a: Staraptor|spd|1
|-damage|p1a: Staraptor|87/100|[from] ability: Rough Skin|[of] p2a: Garchomp
|move|p2a: Garchomp|Stomping Tantrum|p1b: Incineroar
|-supereffective|p1b: Incineroar|1
|-damage|p1b: Incineroar|35/100
|-enditem|p1b: Incineroar|Sitrus Berry|[eat]
|-heal|p1b: Incineroar|59/100|[from] item: Sitrus Berry
|-damage|p2a: Garchomp|59/100|[from] item: Life Orb
|
|upkeep
|turn|4
|
|t:|1782222051
|move|p2b: Incineroar|Fake Out|p1a: Staraptor
|-damage|p1a: Staraptor|82/100
|cant|p1a: Staraptor|flinch
|move|p2a: Garchomp|Stomping Tantrum|p1b: Incineroar
|-supereffective|p1b: Incineroar|1
|-damage|p1b: Incineroar|10/100
|-damage|p2a: Garchomp|50/100y|[from] item: Life Orb
|move|p1b: Incineroar|Parting Shot|p1a: Staraptor
|-boost|p1a: Staraptor|atk|1
|-boost|p1a: Staraptor|spa|1
|
|t:|1782222057
|switch|p1b: Garchomp|Garchomp, L50, M|100/100|[from] Parting Shot
|
|upkeep
|turn|5
|
|t:|1782222095
|switch|p2b: Froslass|Froslass, L50, F|100/100
|move|p1a: Staraptor|Close Combat|p2b: Froslass
|-immune|p2b: Froslass
|move|p2a: Garchomp|Rock Slide|p1a: Staraptor|[spread] p1a,p1b
|-resisted|p1b: Garchomp|1
|-damage|p1a: Staraptor|71/100
|-damage|p1b: Garchomp|92/100
|-damage|p2a: Garchomp|40/100|[from] item: Life Orb
|move|p1b: Garchomp|Rock Tomb|p2b: Froslass
|-supereffective|p2b: Froslass|1
|-damage|p2b: Froslass|39/100
|-unboost|p2b: Froslass|spe|1
|
|upkeep
|turn|6
|
|t:|1782222119
|switch|p2b: Sneasler|Sneasler, L50, F|100/100
|move|p1a: Staraptor|Brave Bird|p2b: Sneasler
|-supereffective|p2b: Sneasler|1
|-damage|p2b: Sneasler|0 fnt
|faint|p2b: Sneasler
|-damage|p1a: Staraptor|39/100|[from] Recoil
|move|p2a: Garchomp|Rock Slide|p1a: Staraptor|[spread] p1a,p1b
|-resisted|p1b: Garchomp|1
|-damage|p1a: Staraptor|29/100
|-damage|p1b: Garchomp|83/100
|-damage|p2a: Garchomp|30/100|[from] item: Life Orb
|move|p1b: Garchomp|Earthquake|p2a: Garchomp|[spread] p2a
|-immune|p1a: Staraptor
|-damage|p2a: Garchomp|11/100
|
|upkeep
|
|t:|1782222139
|switch|p2b: Froslass|Froslass, L50, F|39/100
|turn|7
|c| Tridello|e mo se magna come si suol dire
|
|t:|1782222168
|switch|p2a: Incineroar|Incineroar, L50, M|100/100
|-ability|p2a: Incineroar|Intimidate|boost
|-boost|p1a: Staraptor|atk|1
|-unboost|p1b: Garchomp|atk|1
|switch|p1b: Incineroar|Incineroar, L50, M|10/100
|-ability|p1b: Incineroar|Intimidate|boost
|-unboost|p2a: Incineroar|atk|1
|-unboost|p2b: Froslass|atk|1
|detailschange|p2b: Froslass|Froslass-Mega, L50, F
|-mega|p2b: Froslass|Froslass|Froslassite
|-weather|Snowscape|[from] ability: Snow Warning|[of] p2b: Froslass
|move|p1a: Staraptor|Protect|p1a: Staraptor
|-singleturn|p1a: Staraptor|Protect
|move|p2b: Froslass|Blizzard|p1b: Incineroar|[spread] p1b
|-activate|p1a: Staraptor|move: Protect
|-resisted|p1b: Incineroar|1
|-damage|p1b: Incineroar|0 fnt
|faint|p1b: Incineroar
|
|-weather|Snowscape|[upkeep]
|upkeep
|
|t:|1782222171
|switch|p1b: Gholdengo|Gholdengo, L50|100/100
|turn|8
|
|t:|1782222230
|move|p2b: Froslass|Protect|p2b: Froslass
|-singleturn|p2b: Froslass|Protect
|move|p1a: Staraptor|Roost|p1a: Staraptor
|-heal|p1a: Staraptor|79/100
|-singleturn|p1a: Staraptor|move: Roost
|move|p1b: Gholdengo|Shadow Ball|p2b: Froslass
|-activate|p2b: Froslass|move: Protect
|move|p2a: Incineroar|Flare Blitz|p1b: Gholdengo
|-supereffective|p1b: Gholdengo|1
|-damage|p1b: Gholdengo|46/100
|-damage|p2a: Incineroar|83/100|[from] Recoil
|
|-weather|Snowscape|[upkeep]
|upkeep
|turn|9
|c|☆Il Mule|e niente bravo
|c|☆Il Mule|gg
|c| Tridello|e la partita sc
|
|t:|1782222285
|switch|p2b: Garchomp|Garchomp, L50, M|11/100
|move|p1a: Staraptor|Close Combat|p2a: Incineroar
|-supereffective|p2a: Incineroar|1
|-damage|p2a: Incineroar|0 fnt
|-boost|p1a: Staraptor|def|1
|-boost|p1a: Staraptor|spd|1
|faint|p2a: Incineroar
|move|p1b: Gholdengo|Shadow Ball|p2b: Garchomp
|-damage|p2b: Garchomp|0 fnt
|faint|p2b: Garchomp
|
|-weather|Snowscape|[upkeep]
|upkeep
|-message|Il Mule forfeited.
|
|win|bogging
|raw|bogging's rating: 1395 → 1420(+25 for winning)
|raw|Il Mule's rating: 1476 → 1451(-25 for losing)
|l|☆Il Mule
|player|p2|
|l| Tridello
