|j|☆Marcored87
|j|☆sparrow.d.ace
|html|Marcored87sparrow.d.ace    
|uhtml|bestof|Game 1 of a best-of-3
|t:|1756501282
|gametype|doubles
|player|p1|Marcored87|266|1176
|player|p2|sparrow.d.ace|benga|1158
|gen|9
|tier|[Gen 9] VGC 2025 Reg H (Bo3)
|rated|
|rule|Species Clause: Limit one of each Pokémon
|rule|Item Clause: Limit 1 of each item
|clearpoke
|poke|p1|Indeedee-F, L50, F|
|poke|p1|Hatterene, L50, F|
|poke|p1|Torkoal, L50, F|
|poke|p1|Gallade, L50, M|
|poke|p1|Lilligant-Hisui, L50, F|
|poke|p1|Ursaluna, L50, M|
|poke|p2|Basculegion, L50, M|
|poke|p2|Pelipper, L50, M|
|poke|p2|Archaludon, L50, F|
|poke|p2|Sneasler, L50, F|
|poke|p2|Rillaboom, L50, F|
|poke|p2|Incineroar, L50, M|
|teampreview|4
|showteam|p1|Indeedee-F||PsychicSeed|PsychicSurge|FollowMe,HelpingHand,Psychic,TrickRoom|||F|||50|,,,,,Grass]Hatterene||LifeOrb|MagicBounce|ExpandingForce,DazzlingGleam,TrickRoom,MysticalFire|||F|||50|,,,,,Fire]Torkoal||ChoiceSpecs|Drought|Eruption,HeatWave,EarthPower,WeatherBall|||F|||50|,,,,,Fire]Gallade||ClearAmulet|Sharpness|WideGuard,SacredSword,PsychoCut,TrickRoom|||M|||50|,,,,,Grass]Lilligant-Hisui||FocusSash|Chlorophyll|AfterYou,SolarBlade,CloseCombat,SleepPowder|||F|||50|,,,,,Ghost]Ursaluna||FlameOrb|Guts|Facade,HeadlongRush,Earthquake,Protect|||M|||50|,,,,,Ghost
|showteam|p2|Basculegion||ChoiceBand|SwiftSwim|WaveCrash,FlipTurn,LastRespects,AquaJet|||M|||50|,,,,,Water]Pelipper||CovertCloak|Drizzle|WeatherBall,Hurricane,Tailwind,Protect|||M|||50|,,,,,Stellar]Archaludon||AssaultVest|Stamina|ElectroShot,DragonPulse,FlashCannon,BodyPress|||F|||50|,,,,,Bug]Sneasler||FocusSash|PoisonTouch|DireClaw,CloseCombat,ThroatChop,Protect|||F|||50|,,,,,Ghost]Rillaboom||MiracleSeed|GrassySurge|WoodHammer,GrassyGlide,Uturn,FakeOut|||F|||50|,,,,,Fire]Incineroar||SafetyGoggles|Intimidate|FakeOut,Taunt,KnockOff,PartingShot|||M|||50|,,,,,Ghost
|inactive|Battle timer is ON: inactive players will automatically lose when time's up. (requested by Marcored87)
|
|t:|1756501306
|teamsize|p1|4
|teamsize|p2|4
|start
|switch|p1a: Indeedee|Indeedee-F, L50, F|100/100
|switch|p1b: Hatterene|Hatterene, L50, F|100/100
|switch|p2a: Basculegion|Basculegion, L50, M, shiny|100/100
|switch|p2b: Sneasler|Sneasler, L50, F|100/100
|-fieldstart|move: Psychic Terrain|[from] ability: Psychic Surge|[of] p1a: Indeedee
|-enditem|p1a: Indeedee|Psychic Seed
|-boost|p1a: Indeedee|spd|1|[from] item: Psychic Seed
|turn|1
|inactive|Marcored87 has 30 seconds left.
|inactive|sparrow.d.ace has 30 seconds left.
|inactive|Marcored87 has 20 seconds left.
|inactive|sparrow.d.ace has 20 seconds left.
|
|t:|1756501345
|move|p1a: Indeedee|Follow Me|p1a: Indeedee
|-singleturn|p1a: Indeedee|move: Follow Me
|move|p2b: Sneasler|Dire Claw|p1a: Indeedee
|-damage|p1a: Indeedee|63/100
|-status|p1a: Indeedee|psn
|move|p2a: Basculegion|Flip Turn|p1a: Indeedee
|-damage|p1a: Indeedee|21/100 psn
|
|t:|1756501354
|switch|p2a: Rillaboom|Rillaboom, L50, F|100/100|[from] Flip Turn
|-fieldstart|move: Grassy Terrain|[from] ability: Grassy Surge|[of] p2a: Rillaboom
|move|p1b: Hatterene|Trick Room|p1b: Hatterene
|-fieldstart|move: Trick Room|[of] p1b: Hatterene
|
|-heal|p1a: Indeedee|27/100 psn|[from] Grassy Terrain
|-damage|p1a: Indeedee|15/100 psn|[from] psn
|upkeep
|turn|2
|
|t:|1756501374
|switch|p1a: Torkoal|Torkoal, L50, F|100/100
|-weather|SunnyDay|[from] ability: Drought|[of] p1a: Torkoal
|-terastallize|p1b: Hatterene|Fire
|-terastallize|p2b: Sneasler|Ghost
|move|p1b: Hatterene|Dazzling Gleam|p2b: Sneasler|[spread] p2a,p2b
|-damage|p2a: Rillaboom|48/100
|-damage|p2b: Sneasler|31/100
|-damage|p1b: Hatterene|91/100|[from] item: Life Orb
|move|p2a: Rillaboom|Wood Hammer|p1b: Hatterene
|-resisted|p1b: Hatterene
|-damage|p1b: Hatterene|29/100
|-damage|p2a: Rillaboom|32/100|[from] Recoil
|move|p2b: Sneasler|Throat Chop|p1a: Torkoal
|-damage|p1a: Torkoal|79/100
|-start|p1a: Torkoal|Throat Chop|[silent]
|-status|p1a: Torkoal|psn|[from] ability: Poison Touch|[of] p2b: Sneasler
|
|-weather|SunnyDay|[upkeep]
|-heal|p1a: Torkoal|85/100 psn|[from] Grassy Terrain
|-heal|p1b: Hatterene|34/100|[from] Grassy Terrain
|-heal|p2a: Rillaboom|38/100|[from] Grassy Terrain
|-heal|p2b: Sneasler|37/100|[from] Grassy Terrain
|-damage|p1a: Torkoal|73/100 psn|[from] psn
|upkeep
|turn|3
|inactive|Marcored87 has 30 seconds left.
|inactive|sparrow.d.ace has 30 seconds left.
|inactive|Marcored87 has 20 seconds left.
|
|t:|1756501415
|switch|p1a: Indeedee|Indeedee-F, L50, F|15/100 psn
|-fieldstart|move: Psychic Terrain|[from] ability: Psychic Surge|[of] p1a: Indeedee
|switch|p2b: Pelipper|Pelipper, L50, M, shiny|100/100
|-weather|RainDance|[from] ability: Drizzle|[of] p2b: Pelipper
|move|p1b: Hatterene|Expanding Force|p2b: Pelipper|[spread] p2a,p2b
|-crit|p2b: Pelipper
|-damage|p2a: Rillaboom|0 fnt
|-damage|p2b: Pelipper|0 fnt
|faint|p2a: Rillaboom
|faint|p2b: Pelipper
|-damage|p1b: Hatterene|25/100|[from] item: Life Orb
|
|-weather|RainDance|[upkeep]
|-damage|p1a: Indeedee|2/100 psn|[from] psn
|upkeep
|
|t:|1756501421
|switch|p2a: Basculegion|Basculegion, L50, M, shiny|100/100
|switch|p2b: Sneasler|Sneasler, L50, F, tera:Ghost|37/100
|turn|4
|
|t:|1756501446
|move|p2b: Sneasler|Protect|p2b: Sneasler
|-singleturn|p2b: Sneasler|Protect
|move|p1a: Indeedee|Follow Me|p1a: Indeedee
|-singleturn|p1a: Indeedee|move: Follow Me
|move|p1b: Hatterene|Expanding Force|p2a: Basculegion|[spread] p2a
|-activate|p2b: Sneasler|move: Protect
|-damage|p2a: Basculegion|0 fnt
|faint|p2a: Basculegion
|-damage|p1b: Hatterene|16/100|[from] item: Life Orb
|
|-weather|RainDance|[upkeep]
|-damage|p1a: Indeedee|0 fnt|[from] psn
|faint|p1a: Indeedee
|upkeep
|
|t:|1756501460
|switch|p1a: Ursaluna|Ursaluna, L50, M|100/100
|turn|5
|
|t:|1756501467
|move|p2b: Sneasler|Protect||[still]
|-fail|p2b: Sneasler
|move|p1b: Hatterene|Expanding Force|p2b: Sneasler
|-damage|p2b: Sneasler|0 fnt
|faint|p2b: Sneasler
|-damage|p1b: Hatterene|6/100|[from] item: Life Orb
|
|win|Marcored87
||Marcored87 is ready for game 2.
||sparrow.d.ace is ready for game 2.
|uhtml|next|Next: Game 2 of 3
|l|☆Marcored87
|player|p1|
