|j|☆Gentlefish
|j|☆shalewell
|html|Gentlefishshalewell    
|uhtml|bestof|Game 1 of a best-of-3
|t:|1756672928
|gametype|doubles
|player|p1|Gentlefish|burglar-gen1rb|1110
|player|p2|shalewell|102|1040
|gen|9
|tier|[Gen 9] VGC 2025 Reg H (Bo3)
|rated|
|rule|Species Clause: Limit one of each Pokémon
|rule|Item Clause: Limit 1 of each item
|clearpoke
|poke|p1|Garchomp, L50, F|
|poke|p1|Weezing-Galar, L50, F|
|poke|p1|Archaludon, L50, F|
|poke|p1|Gholdengo, L50|
|poke|p1|Talonflame, L50, M|
|poke|p1|Annihilape, L50, M|
|poke|p2|Ursaluna, L50, M|
|poke|p2|Talonflame, L50, F|
|poke|p2|Rillaboom, L50, M|
|poke|p2|Farigiraf, L50, F|
|teampreview|4
|showteam|p1|Garchomp||LifeOrb|RoughSkin|DragonClaw,Earthquake,StompingTantrum,Protect|||F|||50|,,,,,Ground]Weezing-Galar||FocusSash|NeutralizingGas|Protect,SludgeBomb,Taunt,StrangeSteam|||F|||50|,,,,,Flying]Archaludon||PowerHerb|Sturdy|ElectroShot,Thunderbolt,DracoMeteor,Protect|||F|||50|,,,,,Electric]Gholdengo||ChoiceSpecs|GoodasGold|ShadowBall,DazzlingGleam,PowerGem,MakeItRain||||||50|,,,,,Fairy]Talonflame||CovertCloak|GaleWings|Tailwind,DualWingbeat,Taunt,FlareBlitz|||M|||50|,,,,,Stellar]Annihilape||AssaultVest|Defiant|CloseCombat,RageFist,FinalGambit,IcePunch|||M|||50|,,,,,Grass
|showteam|p2|Ursaluna||FlameOrb|Guts|Facade,HeadlongRush,Protect,DrainPunch|||M|||50|,,,,,Grass]Talonflame||SitrusBerry|GaleWings|Acrobatics,WillOWisp,Protect,Tailwind|||F|||50|,,,,,Ghost]Rillaboom||AssaultVest|GrassySurge|WoodHammer,HighHorsepower,GrassyGlide,FakeOut|||M|||50|,,,,,Fire]Farigiraf||GrassySeed|ArmorTail|FoulPlay,AllySwitch,Protect,TrickRoom|||F|||50|,,,,,Dark
|inactive|Battle timer is ON: inactive players will automatically lose when time's up. (requested by shalewell)
|inactive|Gentlefish has 60 seconds left.
|
|t:|1756673014
|teamsize|p1|4
|teamsize|p2|4
|start
|switch|p1a: Talonflame|Talonflame, L50, M|100/100
|switch|p1b: Gholdengo|Gholdengo, L50|100/100
|switch|p2a: Rillaboom|Rillaboom, L50, M|100/100
|switch|p2b: Talonflame|Talonflame, L50, F, shiny|100/100
|-fieldstart|move: Grassy Terrain|[from] ability: Grassy Surge|[of] p2a: Rillaboom
|turn|1
|inactive|shalewell has 30 seconds left.
|
|t:|1756673049
|move|p2b: Talonflame|Tailwind|p2b: Talonflame
|-sidestart|p2: shalewell|move: Tailwind
|move|p1a: Talonflame|Dual Wingbeat|p2a: Rillaboom
|-supereffective|p2a: Rillaboom
|-damage|p2a: Rillaboom|71/100
|-supereffective|p2a: Rillaboom
|-damage|p2a: Rillaboom|42/100
|-hitcount|p2a: Rillaboom|2
|move|p2a: Rillaboom|High Horsepower|p1b: Gholdengo
|-supereffective|p1b: Gholdengo
|-damage|p1b: Gholdengo|23/100
|move|p1b: Gholdengo|Power Gem|p2b: Talonflame
|-supereffective|p2b: Talonflame
|-damage|p2b: Talonflame|0 fnt
|faint|p2b: Talonflame
|
|-heal|p2a: Rillaboom|47/100|[from] Grassy Terrain
|-heal|p1b: Gholdengo|29/100|[from] Grassy Terrain
|upkeep
|
|t:|1756673069
|switch|p2b: Farigiraf|Farigiraf, L50, F, shiny|100/100
|-enditem|p2b: Farigiraf|Grassy Seed
|-boost|p2b: Farigiraf|def|1|[from] item: Grassy Seed
|turn|2
|
|t:|1756673090
|switch|p2a: Ursaluna|Ursaluna, L50, M|100/100
|switch|p1b: Weezing|Weezing-Galar, L50, F|100/100
|-ability|p1b: Weezing|Neutralizing Gas
|move|p1a: Talonflame|Taunt|p2b: Farigiraf
|-start|p2b: Farigiraf|move: Taunt
|move|p2b: Farigiraf|Foul Play|p1b: Weezing
|-resisted|p1b: Weezing
|-damage|p1b: Weezing|91/100
|
|-heal|p1b: Weezing|97/100|[from] Grassy Terrain
|-status|p2a: Ursaluna|brn|[from] item: Flame Orb
|upkeep
|turn|3
|inactive|Gentlefish has 30 seconds left.
|inactive|shalewell has 30 seconds left.
|inactive|Gentlefish has 20 seconds left.
|inactive|Gentlefish has 15 seconds left.
|
|t:|1756673135
|switch|p2b: Rillaboom|Rillaboom, L50, M|47/100
|move|p1a: Talonflame|Tailwind|p1a: Talonflame
|-sidestart|p1: Gentlefish|move: Tailwind
|move|p1b: Weezing|Strange Steam|p2a: Ursaluna
|-damage|p2a: Ursaluna|62/100 brn
|move|p2a: Ursaluna|Headlong Rush|p1b: Weezing
|-supereffective|p1b: Weezing
|-damage|p1b: Weezing|18/100
|-unboost|p2a: Ursaluna|def|1
|-unboost|p2a: Ursaluna|spd|1
|
|-heal|p2b: Rillaboom|53/100|[from] Grassy Terrain
|-heal|p1b: Weezing|24/100|[from] Grassy Terrain
|-heal|p2a: Ursaluna|68/100 brn|[from] Grassy Terrain
|-damage|p2a: Ursaluna|62/100 brn|[from] brn
|upkeep
|turn|4
|inactive|shalewell has 30 seconds left.
|
|t:|1756673162
|move|p1b: Weezing|Protect|p1b: Weezing
|-singleturn|p1b: Weezing|Protect
|move|p2b: Rillaboom|Fake Out|p1b: Weezing
|-activate|p1b: Weezing|move: Protect
|move|p1a: Talonflame|Flare Blitz|p2b: Rillaboom
|-supereffective|p2b: Rillaboom
|-damage|p2b: Rillaboom|0 fnt
|faint|p2b: Rillaboom
|-damage|p1a: Talonflame|77/100|[from] Recoil
|move|p2a: Ursaluna|Facade|p1a: Talonflame
|-damage|p1a: Talonflame|0 fnt
|faint|p1a: Talonflame
|
|-heal|p1b: Weezing|30/100|[from] Grassy Terrain
|-heal|p2a: Ursaluna|68/100 brn|[from] Grassy Terrain
|-damage|p2a: Ursaluna|62/100 brn|[from] brn
|-sideend|p2: shalewell|move: Tailwind
|upkeep
|
|t:|1756673178
|switch|p1a: Gholdengo|Gholdengo, L50|29/100
|switch|p2b: Farigiraf|Farigiraf, L50, F, shiny|100/100
|turn|5
|
|t:|1756673202
|move|p1a: Gholdengo|Make It Rain|p2b: Farigiraf|[spread] p2a,p2b
|-crit|p2a: Ursaluna
|-damage|p2a: Ursaluna|0 fnt
|-damage|p2b: Farigiraf|40/100
|-unboost|p1a: Gholdengo|spa|1
|faint|p2a: Ursaluna
|move|p1b: Weezing|Taunt|p2b: Farigiraf
|-start|p2b: Farigiraf|move: Taunt
|move|p2b: Farigiraf|Foul Play|p1a: Gholdengo
|-supereffective|p1a: Gholdengo
|-damage|p1a: Gholdengo|2/100
|
|-heal|p1a: Gholdengo|8/100|[from] Grassy Terrain
|-heal|p1b: Weezing|35/100|[from] Grassy Terrain
|-heal|p2b: Farigiraf|46/100|[from] Grassy Terrain
|-fieldend|move: Grassy Terrain
|upkeep
|turn|6
|
|t:|1756673215
|-terastallize|p2b: Farigiraf|Dark
|move|p1a: Gholdengo|Make It Rain|p2b: Farigiraf
|-damage|p2b: Farigiraf|0 fnt
|-unboost|p1a: Gholdengo|spa|1
|faint|p2b: Farigiraf
|
|win|Gentlefish
||Gentlefish is ready for game 2.
|inactive|shalewell has 30 seconds to confirm battle start!
||shalewell is ready for game 2.
|uhtml|next|Next: Game 2 of 3
