|j|☆sydneeysweeny67
|j|☆MuseigenTest
|html|sydneeysweeny67MuseigenTest    
|uhtml|bestof|Game 1 of a best-of-3
|t:|1782529188
|gametype|doubles
|player|p1|sydneeysweeny67|lady-gen4|1040
|player|p2|MuseigenTest|102|1169
|gen|9
|tier|[Gen 9 Champions] VGC 2026 Reg M-B (Bo3)
|rated|
|rule|Species Clause: Limit one of each Pokémon
|rule|Item Clause: Limit 1 of each item
|clearpoke
|poke|p1|Kingambit, L50, M, shiny|
|poke|p1|Floette-Eternal, L50, F|
|poke|p1|Sinistcha, L50, shiny|
|poke|p1|Toxapex, L50, F, shiny|
|poke|p1|Delphox, L50, F, shiny|
|poke|p1|Incineroar, L50, F|
|poke|p2|Sinistcha, L50, shiny|
|poke|p2|Incineroar, L50, M, shiny|
|poke|p2|Milotic, L50, F|
|poke|p2|Scrafty, L50, M|
|poke|p2|Floette-Eternal, L50, F|
|poke|p2|Sneasler, L50, M|
|teampreview|4
|showteam|p1|Kingambit||BlackGlasses|Defiant|KowtowCleave,SwordsDance,SuckerPunch,Protect|Adamant||M|||50|]Floette-Eternal||Floettite|FlowerVeil|DazzlingGleam,Moonblast,CalmMind,Protect|Modest||F|||50|]Sinistcha||KasibBerry|Hospitality|MatchaGotcha,TrickRoom,RagePowder,Protect|Bold|||||50|]Toxapex||Leftovers|Regenerator|Toxic,Infestation,WideGuard,BanefulBunker|Bold||F|||50|]Delphox||Delphoxite|Blaze|NastyPlot,Psyshock,HeatWave,Protect|Timid||F|||50|]Incineroar||SitrusBerry|Intimidate|FakeOut,PartingShot,FlareBlitz,ThroatChop|Impish||F|||50|
|showteam|p2|Sinistcha||KasibBerry|Hospitality|Protect,RagePowder,MatchaGotcha,LifeDew|Calm|||||50|]Incineroar||SitrusBerry|Intimidate|FakeOut,ThroatChop,FlareBlitz,PartingShot|Impish||M|||50|]Milotic||Leftovers|Competitive|Coil,MuddyWater,Hypnosis,Protect|Bold||F|||50|]Scrafty||Scraftinite|Intimidate|DrainPunch,SwordsDance,KnockOff,FakeOut|Careful||M|||50|]Floette-Eternal||Floettite|FlowerVeil|Protect,DrainingKiss,CalmMind,DazzlingGleam|Timid||F|||50|]Sneasler||FocusSash|PoisonTouch|FakeOut,CloseCombat,DireClaw,Coaching|Jolly||M|||50|
|inactive|Battle timer is ON: inactive players will automatically lose when time's up. (requested by MuseigenTest)
|c|☆MuseigenTest|gl hf
|inactive|MuseigenTest has 60 seconds left.
|inactive|MuseigenTest has 30 seconds left.
|inactive|MuseigenTest has 20 seconds left.
|inactive|MuseigenTest has 15 seconds left.
|inactive|MuseigenTest has 10 seconds left.
|inactive|MuseigenTest has 5 seconds left.
|
|t:|1782529274
|teamsize|p1|4
|teamsize|p2|4
|start
|switch|p1a: Incineroar|Incineroar, L50, F|100/100
|switch|p1b: Floette|Floette-Eternal, L50, F|100/100
|switch|p2a: Sneasler|Sneasler, L50, M|100/100
|switch|p2b: Milotic|Milotic, L50, F|100/100
|-ability|p1a: Incineroar|Intimidate|boost
|-unboost|p2a: Sneasler|atk|1
|-unboost|p2b: Milotic|atk|1
|-ability|p2b: Milotic|Competitive|boost
|-boost|p2b: Milotic|spa|2
|turn|1
|
|t:|1782529296
|detailschange|p1b: Floette|Floette-Mega, L50, F
|-mega|p1b: Floette|Floette|Floettite
|-ability|p1b: Floette|Fairy Aura
|move|p2a: Sneasler|Fake Out|p1b: Floette
|-damage|p1b: Floette|89/100
|move|p1a: Incineroar|Fake Out|p2b: Milotic
|-damage|p2b: Milotic|91/100
|cant|p1b: Floette|flinch
|cant|p2b: Milotic|flinch
|
|-heal|p2b: Milotic|97/100|[from] item: Leftovers
|upkeep
|turn|2
|inactive|MuseigenTest has 30 seconds left.
|
|t:|1782529321
|switch|p1a: Sinistcha|Sinistcha, L50, shiny|100/100
|-heal|p1b: Floette|100/100|[from] ability: Hospitality|[of] p1a: Sinistcha
|move|p2a: Sneasler|Close Combat|p1a: Sinistcha
|-immune|p1a: Sinistcha
|move|p1b: Floette|Moonblast|p2b: Milotic
|-crit|p2b: Milotic
|-damage|p2b: Milotic|23/100
|move|p2b: Milotic|Muddy Water|p1a: Sinistcha|[spread] p1a,p1b
|-resisted|p1a: Sinistcha|1
|-damage|p1a: Sinistcha|78/100
|-damage|p1b: Floette|66/100
|
|-heal|p2b: Milotic|29/100|[from] item: Leftovers
|upkeep
|turn|3
|inactive|MuseigenTest has 30 seconds left.
|
|t:|1782529348
|switch|p2a: Sinistcha|Sinistcha, L50, shiny|100/100
|-heal|p2b: Milotic|53/100|[from] ability: Hospitality|[of] p2a: Sinistcha
|move|p2b: Milotic|Protect|p2b: Milotic
|-singleturn|p2b: Milotic|Protect
|move|p1a: Sinistcha|Rage Powder|p1a: Sinistcha
|-singleturn|p1a: Sinistcha|move: Rage Powder
|move|p1b: Floette|Dazzling Gleam|p2a: Sinistcha|[spread] p2a
|-activate|p2b: Milotic|move: Protect
|-damage|p2a: Sinistcha|62/100
|
|-heal|p2b: Milotic|59/100|[from] item: Leftovers
|upkeep
|turn|4
|inactive|MuseigenTest has 30 seconds left.
|inactive|MuseigenTest has 20 seconds left.
|inactive|MuseigenTest has 15 seconds left.
|
|t:|1782529389
|move|p1b: Floette|Moonblast|p2a: Sinistcha
|-damage|p2a: Sinistcha|1/100
|move|p2b: Milotic|Muddy Water|p1b: Floette|[spread] p1a,p1b
|-resisted|p1a: Sinistcha|1
|-damage|p1a: Sinistcha|55/100
|-damage|p1b: Floette|30/100
|move|p2a: Sinistcha|Matcha Gotcha|p1a: Sinistcha|[spread] p1a,p1b
|-resisted|p1a: Sinistcha|1
|-damage|p1a: Sinistcha|42/100
|-heal|p2a: Sinistcha|7/100|[from] drain|[of] p1a: Sinistcha
|-damage|p1b: Floette|9/100
|-heal|p2a: Sinistcha|16/100|[from] drain|[of] p1b: Floette
|-status|p1b: Floette|brn
|move|p1a: Sinistcha|Matcha Gotcha|p2b: Milotic|[spread] p2a,p2b
|-resisted|p2a: Sinistcha|1
|-supereffective|p2b: Milotic|1
|-damage|p2a: Sinistcha|6/100
|-heal|p1a: Sinistcha|48/100|[from] drain|[of] p2a: Sinistcha
|-damage|p2b: Milotic|24/100
|-heal|p1a: Sinistcha|68/100|[from] drain|[of] p2b: Milotic
|-status|p2a: Sinistcha|brn
|-status|p2b: Milotic|brn
|
|-heal|p2b: Milotic|30/100 brn|[from] item: Leftovers
|-damage|p1b: Floette|3/100 brn|[from] brn
|-damage|p2b: Milotic|24/100 brn|[from] brn
|-damage|p2a: Sinistcha|0 fnt|[from] brn
|faint|p2a: Sinistcha
|upkeep
|inactive|MuseigenTest has 30 seconds left.
|inactive|MuseigenTest has 20 seconds left.
|inactive|MuseigenTest has 15 seconds left.
|
|t:|1782529430
|switch|p2a: Sneasler|Sneasler, L50, M|100/100
|turn|5
|
|t:|1782529441
|move|p2a: Sneasler|Dire Claw|p1a: Sinistcha
|-damage|p1a: Sinistcha|34/100
|move|p1b: Floette|Dazzling Gleam|p2a: Sneasler|[spread] p2a,p2b
|-damage|p2a: Sneasler|39/100
|-damage|p2b: Milotic|0 fnt
|faint|p2b: Milotic
|move|p1a: Sinistcha|Matcha Gotcha|p2a: Sneasler
|-resisted|p2a: Sneasler|1
|-damage|p2a: Sneasler|17/100
|-heal|p1a: Sinistcha|44/100|[from] drain|[of] p2a: Sneasler
|
|-damage|p1b: Floette|0 fnt|[from] brn
|faint|p1b: Floette
|upkeep
|
|t:|1782529451
|switch|p1b: Incineroar|Incineroar, L50, F|100/100
|switch|p2b: Scrafty|Scrafty, L50, M|100/100
|-ability|p1b: Incineroar|Intimidate|boost
|-unboost|p2a: Sneasler|atk|1
|-unboost|p2b: Scrafty|atk|1
|-ability|p2b: Scrafty|Intimidate|boost
|-unboost|p1a: Sinistcha|atk|1
|-unboost|p1b: Incineroar|atk|1
|turn|6
|
|t:|1782529468
|detailschange|p2b: Scrafty|Scrafty-Mega, L50, M
|-mega|p2b: Scrafty|Scrafty|Scraftinite
|-ability|p2b: Scrafty|Intimidate|boost
|-unboost|p1a: Sinistcha|atk|1
|-unboost|p1b: Incineroar|atk|1
|move|p1b: Incineroar|Fake Out|p2a: Sneasler
|-damage|p2a: Sneasler|8/100
|move|p2b: Scrafty|Fake Out|p1b: Incineroar
|-damage|p1b: Incineroar|91/100
|cant|p2a: Sneasler|flinch
|move|p1a: Sinistcha|Matcha Gotcha|p2a: Sneasler|[spread] p2a,p2b
|-resisted|p2a: Sneasler|1
|-damage|p2a: Sneasler|0 fnt
|-heal|p1a: Sinistcha|48/100|[from] drain|[of] p2a: Sneasler
|-damage|p2b: Scrafty|81/100
|-heal|p1a: Sinistcha|57/100|[from] drain|[of] p2b: Scrafty
|-status|p2b: Scrafty|brn
|faint|p2a: Sneasler
|
|-damage|p2b: Scrafty|76/100 brn|[from] brn
|upkeep
|turn|7
|-message|MuseigenTest forfeited.
|
|win|sydneeysweeny67
||MuseigenTest is ready for game 2.
||sydneeysweeny67 is ready for game 2.
|uhtml|next|Next: Game 2 of 3
|l|☆sydneeysweeny67
|player|p1|
