|j|☆Leuco9
|j|☆Kevin-V8
|html|Leuco9Kevin-V8    
|uhtml|bestof|Game 1 of a best-of-3
|t:|1784235131
|gametype|doubles
|player|p1|Leuco9|acetrainer|1111
|player|p2|Kevin-V8|ethan|1207
|gen|9
|tier|[Gen 9 Champions] VGC 2026 Reg M-B (Bo3)
|rated|
|rule|Species Clause: Limit one of each Pokémon
|rule|Item Clause: Limit 1 of each item
|clearpoke
|poke|p1|Swampert, L50, M|
|poke|p1|Pelipper, L50, M|
|poke|p1|Basculegion, L50, M|
|poke|p1|Archaludon, L50, F|
|poke|p1|Farigiraf, L50, M|
|poke|p1|Mawile, L50, F|
|poke|p2|Metagross, L50|
|poke|p2|Incineroar, L50, M|
|poke|p2|Sinistcha, L50|
|poke|p2|Tyranitar, L50, F|
|poke|p2|Excadrill, L50, M, shiny|
|poke|p2|Dragonite, L50, F|
|teampreview|4
|showteam|p1|Swampert||Swampertite|Damp|WaveCrash,Earthquake,IcePunch,Protect|Adamant||M|||50|]Pelipper||FocusSash|Drizzle|Hurricane,MuddyWater,Tailwind,Protect|Modest||M|||50|]Basculegion||ChoiceScarf|Adaptability|WaveCrash,LastRespects,AquaJet,FlipTurn|Jolly||M|||50|]Archaludon||Leftovers|Stamina|ElectroShot,FlashCannon,DragonPulse,Protect|Calm||F|||50|]Farigiraf||SitrusBerry|ArmorTail|TwinBeam,GrassKnot,HelpingHand,TrickRoom|Bold||M|||50|]Mawile||Mawilite|HyperCutter|PlayRough,BrickBreak,SuckerPunch,Protect|Adamant||F|||50|
|showteam|p2|Metagross||Metagrossite|ClearBody|PsychicFangs,BodyPress,CosmicPower,Protect|Impish|||||50|]Incineroar||SitrusBerry|Intimidate|FlareBlitz,DarkestLariat,FakeOut,PartingShot|Careful||M|||50|]Sinistcha||KasibBerry|Hospitality|MatchaGotcha,RagePowder,LifeDew,Protect|Bold|||||50|]Tyranitar||ChoiceScarf|SandStream|RockSlide,KnockOff,IcePunch,LowKick|Jolly||F|||50|]Excadrill||FocusSash|SandRush|Earthquake,IronHead,RockSlide,Protect|Adamant||M|||50|]Dragonite||Dragoninite|Multiscale|DragonPulse,HeatWave,Tailwind,Protect|Modest||F|||50|
|inactive|Battle timer is ON: inactive players will automatically lose when time's up. (requested by Kevin-V8)
|inactive|Kevin-V8 has 60 seconds left.
|inactive|Kevin-V8 has 30 seconds left.
|inactive|Kevin-V8 has 20 seconds left.
|inactive|Kevin-V8 has 15 seconds left.
|
|t:|1784235208
|teamsize|p1|4
|teamsize|p2|4
|start
|switch|p1a: Basculegion|Basculegion, L50, M|100/100
|switch|p1b: Archaludon|Archaludon, L50, F|100/100
|switch|p2a: Metagross|Metagross, L50|100/100
|switch|p2b: Incineroar|Incineroar, L50, M|100/100
|-ability|p2b: Incineroar|Intimidate|boost
|-unboost|p1a: Basculegion|atk|1
|-unboost|p1b: Archaludon|atk|1
|turn|1
|inactive|Kevin-V8 has 30 seconds left.
|
|t:|1784235233
|detailschange|p2a: Metagross|Metagross-Mega, L50
|-mega|p2a: Metagross|Metagross|Metagrossite
|move|p1b: Archaludon|Protect|p1b: Archaludon
|-singleturn|p1b: Archaludon|Protect
|move|p1a: Basculegion|Wave Crash|p2b: Incineroar
|-supereffective|p2b: Incineroar|1
|-damage|p2b: Incineroar|6/100
|-enditem|p2b: Incineroar|Sitrus Berry|[eat]
|-heal|p2b: Incineroar|31/100|[from] item: Sitrus Berry
|-damage|p1a: Basculegion|68/100|[from] Recoil
|move|p2a: Metagross|Cosmic Power|p2a: Metagross
|-boost|p2a: Metagross|def|1
|-boost|p2a: Metagross|spd|1
|move|p2b: Incineroar|Parting Shot|p1a: Basculegion
|-unboost|p1a: Basculegion|atk|1
|-unboost|p1a: Basculegion|spa|1
|inactive|Kevin-V8 has 30 seconds left.
|
|t:|1784235261
|switch|p2b: Tyranitar|Tyranitar, L50, F|100/100|[from] Parting Shot
|-weather|Sandstorm|[from] ability: Sand Stream|[of] p2b: Tyranitar
|
|-weather|Sandstorm|[upkeep]
|-damage|p1a: Basculegion|62/100|[from] Sandstorm
|upkeep
|turn|2
|
|t:|1784235279
|switch|p1a: Pelipper|Pelipper, L50, M|100/100
|-weather|RainDance|[from] ability: Drizzle|[of] p1a: Pelipper
|move|p2b: Tyranitar|Knock Off|p1a: Pelipper
|-damage|p1a: Pelipper|37/100
|-enditem|p1a: Pelipper|Focus Sash|[from] move: Knock Off|[of] p2b: Tyranitar
|move|p2a: Metagross|Body Press|p1b: Archaludon
|-supereffective|p1b: Archaludon|1
|-crit|p1b: Archaludon
|-damage|p1b: Archaludon|0 fnt
|faint|p1b: Archaludon
|
|-weather|RainDance|[upkeep]
|upkeep
|
|t:|1784235287
|switch|p1b: Swampert|Swampert, L50, M|100/100
|turn|3
|inactive|Kevin-V8 has 30 seconds left.
|inactive|Kevin-V8 has 20 seconds left.
|inactive|Kevin-V8 has 15 seconds left.
|
|t:|1784235329
|switch|p2b: Incineroar|Incineroar, L50, M|31/100
|-ability|p2b: Incineroar|Intimidate|boost
|-unboost|p1a: Pelipper|atk|1
|-unboost|p1b: Swampert|atk|1
|detailschange|p1b: Swampert|Swampert-Mega, L50, M
|-mega|p1b: Swampert|Swampert|Swampertite
|move|p1b: Swampert|Earthquake|p2b: Incineroar|[spread] p2a,p2b
|-immune|p1a: Pelipper
|-supereffective|p2a: Metagross|1
|-supereffective|p2b: Incineroar|1
|-crit|p2b: Incineroar
|-damage|p2a: Metagross|77/100
|-damage|p2b: Incineroar|0 fnt
|faint|p2b: Incineroar
|move|p2a: Metagross|Psychic Fangs|p1a: Pelipper
|-damage|p1a: Pelipper|0 fnt
|faint|p1a: Pelipper
|
|-weather|RainDance|[upkeep]
|upkeep
|
|t:|1784235345
|switch|p1a: Basculegion|Basculegion, L50, M|62/100
|switch|p2b: Sinistcha|Sinistcha, L50|100/100
|-heal|p2a: Metagross|100/100|[from] ability: Hospitality|[of] p2b: Sinistcha
|turn|4
|inactive|Kevin-V8 has 30 seconds left.
|inactive|Kevin-V8 has 20 seconds left.
|
|t:|1784235383
|switch|p2b: Tyranitar|Tyranitar, L50, F|100/100
|-weather|Sandstorm|[from] ability: Sand Stream|[of] p2b: Tyranitar
|move|p1a: Basculegion|Last Respects|p2a: Metagross
|-supereffective|p2a: Metagross|1
|-damage|p2a: Metagross|27/100
|move|p2a: Metagross|Psychic Fangs|p1a: Basculegion
|-damage|p1a: Basculegion|1/100
|move|p1b: Swampert|Wave Crash|p2a: Metagross
|-damage|p2a: Metagross|6/100
|-damage|p1b: Swampert|92/100|[from] Recoil
|
|-weather|Sandstorm|[upkeep]
|-damage|p1a: Basculegion|0 fnt|[from] Sandstorm
|faint|p1a: Basculegion
|upkeep
|turn|5
|inactive|Kevin-V8 has 30 seconds left.
|inactive|Kevin-V8 has 20 seconds left.
|inactive|Kevin-V8 has 15 seconds left.
|inactive|Kevin-V8 has 10 seconds left.
|
|t:|1784235430
|move|p2b: Tyranitar|Knock Off|p1b: Swampert
|-damage|p1b: Swampert|57/100
|move|p2a: Metagross|Psychic Fangs|p1b: Swampert
|-damage|p1b: Swampert|10/100
|move|p1b: Swampert|Earthquake|p2b: Tyranitar|[spread] p2a,p2b
|-supereffective|p2a: Metagross|1
|-supereffective|p2b: Tyranitar|1
|-damage|p2a: Metagross|0 fnt
|-damage|p2b: Tyranitar|41/100
|faint|p2a: Metagross
|
|-weather|Sandstorm|[upkeep]
|upkeep
|
|t:|1784235439
|switch|p2a: Sinistcha|Sinistcha, L50|100/100
|-heal|p2b: Tyranitar|66/100|[from] ability: Hospitality|[of] p2a: Sinistcha
|turn|6
|
|t:|1784235446
|move|p2b: Tyranitar|Knock Off|p1b: Swampert
|-damage|p1b: Swampert|0 fnt
|faint|p1b: Swampert
|
|win|Kevin-V8
|l|☆Leuco9
|player|p1|
||Kevin-V8 is ready for game 2.
||Leuco9 is ready for game 2.
|uhtml|next|Next: Game 2 of 3
