|j|☆SANDSTORM3186
|j|☆lux raymundi
|html|SANDSTORM3186lux raymundi    
|uhtml|bestof|Game 3 of a best-of-3
|t:|1783023085
|gametype|doubles
|player|p1|SANDSTORM3186|hilbert-wonderlauncher|1170
|player|p2|lux raymundi|2|1150
|gen|9
|tier|[Gen 9 Champions] VGC 2026 Reg M-B (Bo3)
|rated|
|rule|Species Clause: Limit one of each Pokémon
|rule|Item Clause: Limit 1 of each item
|clearpoke
|poke|p1|Blastoise, L50, M|
|poke|p1|Gengar, L50, M|
|poke|p1|Incineroar, L50, M|
|poke|p1|Politoed, L50, F|
|poke|p1|Sinistcha, L50|
|poke|p1|Farigiraf, L50, F|
|poke|p2|Mawile, L50, M|
|poke|p2|Farigiraf, L50, F|
|poke|p2|Delphox, L50, M|
|poke|p2|Incineroar, L50, F|
|poke|p2|Sinistcha, L50|
|poke|p2|Garchomp, L50, F|
|teampreview|4
|showteam|p1|Blastoise||Blastoisinite|RainDish|WaterSpout,DarkPulse,Protect,ShellSmash|Modest||M|||50|]Gengar||Gengarite|CursedBody|ShadowBall,Disable,Protect,PerishSong|Timid||M|||50|]Incineroar||ShucaBerry|Intimidate|PartingShot,Protect,ThroatChop,FakeOut|Impish||M|||50|]Politoed||SitrusBerry|Drizzle|MuddyWater,Protect,HelpingHand,PerishSong|Relaxed||F|||50|]Sinistcha||Leftovers|Hospitality|MatchaGotcha,Protect,LifeDew,RagePowder|Bold|||||50|]Farigiraf||ColburBerry|ArmorTail|TrickRoom,Protect,Psychic,Roar|Sassy||F|||50|
|showteam|p2|Mawile||Mawilite|HyperCutter|SwordsDance,PlayRough,IronHead,Protect|Brave||M|||50|]Farigiraf||SitrusBerry|ArmorTail|Protect,TwinBeam,TrickRoom,Thunderbolt|Bold||F|||50|]Delphox||Delphoxite|Blaze|NastyPlot,HeatWave,Psychic,Protect|Timid||M|||50|]Incineroar||PasshoBerry|Intimidate|FakeOut,ThroatChop,FlareBlitz,PartingShot|Adamant||F|||50|]Sinistcha||ColburBerry|Hospitality|MatchaGotcha,TrickRoom,RagePowder,Protect|Relaxed|||||50|]Garchomp||LifeOrb|RoughSkin|DragonClaw,Earthquake,RockSlide,Protect|Jolly||F|||50|
|
|t:|1783023120
|teamsize|p1|4
|teamsize|p2|4
|start
|switch|p1a: Jerry|Blastoise, L50, M|100/100
|switch|p1b: Sinistcha|Sinistcha, L50|100/100
|switch|p2a: Sinistcha|Sinistcha, L50|100/100
|switch|p2b: Farigiraf|Farigiraf, L50, F|100/100
|turn|1
|
|t:|1783023163
|detailschange|p1a: Jerry|Blastoise-Mega, L50, M
|-mega|p1a: Jerry|Blastoise|Blastoisinite
|move|p1b: Sinistcha|Rage Powder|p1b: Sinistcha
|-singleturn|p1b: Sinistcha|move: Rage Powder
|move|p1a: Jerry|Shell Smash|p1a: Jerry
|-unboost|p1a: Jerry|def|1
|-unboost|p1a: Jerry|spd|1
|-boost|p1a: Jerry|atk|2
|-boost|p1a: Jerry|spa|2
|-boost|p1a: Jerry|spe|2
|move|p2a: Sinistcha|Matcha Gotcha|p1a: Jerry|[spread] p1a,p1b
|-supereffective|p1a: Jerry|1
|-resisted|p1b: Sinistcha|1
|-damage|p1a: Jerry|33/100
|-damage|p1b: Sinistcha|84/100
|move|p2b: Farigiraf|Thunderbolt|p1b: Sinistcha
|-resisted|p1b: Sinistcha|1
|-damage|p1b: Sinistcha|72/100
|
|-heal|p1b: Sinistcha|78/100|[from] item: Leftovers
|upkeep
|turn|2
|
|t:|1783023186
|move|p1b: Sinistcha|Rage Powder|p1b: Sinistcha
|-singleturn|p1b: Sinistcha|move: Rage Powder
|move|p1a: Jerry|Dark Pulse|p2a: Sinistcha
|-supereffective|p2a: Sinistcha|1
|-enditem|p2a: Sinistcha|Colbur Berry|[eat]
|-enditem|p2a: Sinistcha|Colbur Berry|[weaken]
|-damage|p2a: Sinistcha|13/100
|move|p2a: Sinistcha|Matcha Gotcha|p1b: Sinistcha|[spread] p1a,p1b
|-supereffective|p1a: Jerry|1
|-resisted|p1b: Sinistcha|1
|-damage|p1a: Jerry|0 fnt
|-heal|p2a: Sinistcha|30/100|[from] drain|[of] p1a: Jerry
|-damage|p1b: Sinistcha|65/100
|-heal|p2a: Sinistcha|37/100|[from] drain|[of] p1b: Sinistcha
|faint|p1a: Jerry
|move|p2b: Farigiraf|Trick Room|p2b: Farigiraf
|-fieldstart|move: Trick Room|[of] p2b: Farigiraf
|
|-heal|p1b: Sinistcha|71/100|[from] item: Leftovers
|upkeep
|
|t:|1783023201
|switch|p1a: Farigiraf|Farigiraf, L50, F|100/100
|turn|3
|
|t:|1783023209
|switch|p2a: Incineroar|Incineroar, L50, F|100/100
|-ability|p2a: Incineroar|Intimidate|boost
|-unboost|p1a: Farigiraf|atk|1
|-unboost|p1b: Sinistcha|atk|1
|move|p1a: Farigiraf|Psychic|p2a: Incineroar
|-immune|p2a: Incineroar
|move|p1b: Sinistcha|Matcha Gotcha|p2a: Incineroar|[spread] p2a,p2b
|-resisted|p2a: Incineroar|1
|-damage|p2a: Incineroar|89/100
|-heal|p1b: Sinistcha|78/100|[from] drain|[of] p2a: Incineroar
|-damage|p2b: Farigiraf|78/100
|-heal|p1b: Sinistcha|91/100|[from] drain|[of] p2b: Farigiraf
|move|p2b: Farigiraf|Trick Room|p2b: Farigiraf
|-fieldend|move: Trick Room
|
|-heal|p1b: Sinistcha|97/100|[from] item: Leftovers
|upkeep
|turn|4
|
|t:|1783023229
|switch|p1a: Trudy|Politoed, L50, F|100/100
|-weather|RainDance|[from] ability: Drizzle|[of] p1a: Trudy
|move|p1b: Sinistcha|Matcha Gotcha|p2a: Incineroar|[spread] p2a,p2b
|-resisted|p2a: Incineroar|1
|-damage|p2a: Incineroar|79/100
|-heal|p1b: Sinistcha|100/100|[from] drain|[of] p2a: Incineroar
|-damage|p2b: Farigiraf|56/100
|move|p2b: Farigiraf|Thunderbolt|p1a: Trudy
|-supereffective|p1a: Trudy|1
|-damage|p1a: Trudy|57/100
|move|p2a: Incineroar|Throat Chop|p1a: Trudy
|-damage|p1a: Trudy|23/100
|-start|p1a: Trudy|Throat Chop|[silent]
|-enditem|p1a: Trudy|Sitrus Berry|[eat]
|-heal|p1a: Trudy|48/100|[from] item: Sitrus Berry
|
|-weather|RainDance|[upkeep]
|upkeep
|turn|5
|
|t:|1783023247
|switch|p2b: Sinistcha|Sinistcha, L50|37/100
|-heal|p2a: Incineroar|100/100|[from] ability: Hospitality|[of] p2b: Sinistcha
|move|p1a: Trudy|Protect|p1a: Trudy
|-singleturn|p1a: Trudy|Protect
|move|p1b: Sinistcha|Life Dew||[still]|[spread] p1a,p1b
|-heal|p1a: Trudy|73/100
|-fail|p1b: Sinistcha|heal
|move|p2a: Incineroar|Parting Shot|p1a: Trudy
|-activate|p1a: Trudy|move: Protect
|
|-weather|RainDance|[upkeep]
|-end|p1a: Trudy|Throat Chop|[silent]
|upkeep
|turn|6
|
|t:|1783023260
|switch|p1b: Farigiraf|Farigiraf, L50, F|100/100
|move|p1a: Trudy|Muddy Water|p2b: Sinistcha|[spread] p2a,p2b
|-supereffective|p2a: Incineroar|1
|-crit|p2a: Incineroar
|-enditem|p2a: Incineroar|Passho Berry|[eat]
|-enditem|p2a: Incineroar|Passho Berry|[weaken]
|-resisted|p2b: Sinistcha|1
|-damage|p2a: Incineroar|50/100g
|-damage|p2b: Sinistcha|22/100
|-unboost|p2a: Incineroar|accuracy|1
|move|p2b: Sinistcha|Matcha Gotcha|p1a: Trudy|[spread] p1a,p1b
|-supereffective|p1a: Trudy|1
|-damage|p1a: Trudy|29/100
|-heal|p2b: Sinistcha|46/100|[from] drain|[of] p1a: Trudy
|-damage|p1b: Farigiraf|82/100
|-heal|p2b: Sinistcha|57/100|[from] drain|[of] p1b: Farigiraf
|move|p2a: Incineroar|Parting Shot|p1b: Farigiraf|[miss]
|-miss|p2a: Incineroar|p1b: Farigiraf
|
|-weather|RainDance|[upkeep]
|upkeep
|turn|7
|
|t:|1783023283
|switch|p1a: Sinistcha|Sinistcha, L50|100/100
|-heal|p1b: Farigiraf|100/100|[from] ability: Hospitality|[of] p1a: Sinistcha
|switch|p2a: Mawile|Mawile, L50, M|100/100
|move|p2b: Sinistcha|Matcha Gotcha|p1b: Farigiraf|[spread] p1a
|-miss|p2b: Sinistcha|p1b: Farigiraf
|-resisted|p1a: Sinistcha|1
|-damage|p1a: Sinistcha|84/100
|-heal|p2b: Sinistcha|65/100|[from] drain|[of] p1a: Sinistcha
|move|p1b: Farigiraf|Psychic|p2b: Sinistcha
|-damage|p2b: Sinistcha|31/100
|
|-weather|RainDance|[upkeep]
|-heal|p1a: Sinistcha|91/100|[from] item: Leftovers
|upkeep
|turn|8
|
|t:|1783023302
|switch|p2b: Incineroar|Incineroar, L50, F|50/100g
|-ability|p2b: Incineroar|Intimidate|boost
|-unboost|p1a: Sinistcha|atk|1
|-unboost|p1b: Farigiraf|atk|1
|detailschange|p2a: Mawile|Mawile-Mega, L50, M
|-mega|p2a: Mawile|Mawile|Mawilite
|move|p1a: Sinistcha|Matcha Gotcha|p2a: Mawile|[spread] p2a,p2b
|-resisted|p2a: Mawile|1
|-resisted|p2b: Incineroar|1
|-damage|p2a: Mawile|84/100
|-heal|p1a: Sinistcha|97/100|[from] drain|[of] p2a: Mawile
|-damage|p2b: Incineroar|39/100
|-heal|p1a: Sinistcha|100/100|[from] drain|[of] p2b: Incineroar
|move|p1b: Farigiraf|Psychic|p2a: Mawile
|-resisted|p2a: Mawile|1
|-damage|p2a: Mawile|63/100
|move|p2a: Mawile|Play Rough|p1a: Sinistcha
|-damage|p1a: Sinistcha|41/100
|-unboost|p1a: Sinistcha|atk|1
|
|-weather|none
|-heal|p1a: Sinistcha|47/100|[from] item: Leftovers
|upkeep
|turn|9
|
|t:|1783023323
|move|p1a: Sinistcha|Protect|p1a: Sinistcha
|-singleturn|p1a: Sinistcha|Protect
|move|p2b: Incineroar|Parting Shot|p1b: Farigiraf
|-unboost|p1b: Farigiraf|atk|1
|-unboost|p1b: Farigiraf|spa|1
|
|t:|1783023328
|switch|p2b: Sinistcha|Sinistcha, L50|31/100|[from] Parting Shot
|-heal|p2a: Mawile|88/100|[from] ability: Hospitality|[of] p2b: Sinistcha
|move|p1b: Farigiraf|Psychic|p2a: Mawile
|-resisted|p2a: Mawile|1
|-damage|p2a: Mawile|73/100
|move|p2a: Mawile|Play Rough|p1b: Farigiraf
|-damage|p1b: Farigiraf|14/100
|
|-heal|p1a: Sinistcha|53/100|[from] item: Leftovers
|upkeep
|turn|10
|
|t:|1783023341
|move|p1b: Farigiraf|Protect|p1b: Farigiraf
|-singleturn|p1b: Farigiraf|Protect
|move|p1a: Sinistcha|Life Dew|p1a: Sinistcha|[spread] p1a,p1b
|-heal|p1a: Sinistcha|78/100
|-heal|p1b: Farigiraf|39/100
|move|p2b: Sinistcha|Matcha Gotcha|p1a: Sinistcha|[spread] 
|-activate|p1b: Farigiraf|move: Protect
|-miss|p2b: Sinistcha|p1a: Sinistcha
|move|p2a: Mawile|Play Rough|p1a: Sinistcha
|-damage|p1a: Sinistcha|16/100
|
|-heal|p1a: Sinistcha|22/100|[from] item: Leftovers
|upkeep
|turn|11
|
|t:|1783023355
|move|p1a: Sinistcha|Life Dew|p1a: Sinistcha|[spread] p1a,p1b
|-heal|p1a: Sinistcha|47/100
|-heal|p1b: Farigiraf|64/100
|move|p2a: Mawile|Play Rough|p1b: Farigiraf
|-damage|p1b: Farigiraf|0 fnt
|faint|p1b: Farigiraf
|move|p2b: Sinistcha|Trick Room|p2b: Sinistcha
|-fieldstart|move: Trick Room|[of] p2b: Sinistcha
|
|-heal|p1a: Sinistcha|53/100|[from] item: Leftovers
|upkeep
|-message|SANDSTORM3186 forfeited.
|
|win|lux raymundi
|raw|SANDSTORM3186's rating: 1170 → 1144(-26 for losing)
|raw|lux raymundi's rating: 1150 → 1176(+26 for winning)
