|j|☆hkings234
|j|☆ZyresVGC
|html|hkings234ZyresVGC    
|uhtml|bestof|Game 2 of a best-of-3
|t:|1785481483
|gametype|doubles
|player|p1|hkings234|170|1000
|player|p2|ZyresVGC|boarder|1045
|gen|9
|tier|[Gen 9 Champions] VGC 2026 Reg M-B (Bo3)
|rated|
|rule|Species Clause: Limit one of each Pokémon
|rule|Item Clause: Limit 1 of each item
|clearpoke
|poke|p1|Raichu, L50, M|
|poke|p1|Heliolisk, L50, F|
|poke|p1|Garchomp, L50, F|
|poke|p1|Tyranitar, L50, M|
|poke|p1|Whimsicott, L50, M|
|poke|p1|Corviknight, L50, M|
|poke|p2|Malamar, L50, M|
|poke|p2|Maushold, L50|
|poke|p2|Mawile, L50, F|
|poke|p2|Sinistcha, L50|
|poke|p2|Whimsicott, L50, M|
|poke|p2|Incineroar, L50, M|
|teampreview|4
|showteam|p1|Raichu||RaichuniteY|LightningRod|ZapCannon,FakeOut,FocusBlast,Protect|Hasty||M|||50|]Heliolisk||FocusSash|SandVeil|Discharge,Electroweb,Protect,WeatherBall|Timid||F|||50|]Garchomp||Garchompite|RoughSkin|DragonClaw,Earthquake,Protect,RockSlide|Jolly||F|||50|]Tyranitar||SitrusBerry|SandStream|DragonDance,KnockOff,RockSlide,Protect|Adamant||M|||50|]Whimsicott||FairyFeather|Prankster|Tailwind,Moonblast,Encore,StunSpore|Bold||M|||50|]Corviknight||Leftovers|MirrorArmor|BulkUp,BodyPress,Roost,BraveBird|Careful||M|||50|
|showteam|p2|Malamar||Malamarite|Contrary|Superpower,KnockOff,TrickRoom,Protect|Adamant||M|||50|]Maushold||WideLens|Technician|PopulationBomb,FollowMe,Feint,Protect|Jolly|||||50|]Mawile||Mawilite|HyperCutter|PlayRough,RockSlide,SuckerPunch,Protect|Brave||F|||50|]Sinistcha||ColburBerry|Hospitality|MatchaGotcha,LifeDew,RagePowder,Protect|Calm|||||50|]Whimsicott||FocusSash|Prankster|Moonblast,Tailwind,Charm,FakeTears|Modest||M|||50|]Incineroar||LifeOrb|Intimidate|FlareBlitz,DarkestLariat,PartingShot,FakeOut|Brave||M|||50|
|
|t:|1785481502
|teamsize|p1|4
|teamsize|p2|4
|start
|switch|p1a: Garchomp|Garchomp, L50, F|100/100
|switch|p1b: Whimsicott|Whimsicott, L50, M|100/100
|switch|p2a: Malamar|Malamar, L50, M|100/100
|switch|p2b: Whimsicott|Whimsicott, L50, M|100/100
|turn|1
|
|t:|1785481530
|switch|p1a: Raichu|Raichu, L50, M|100/100
|switch|p2a: Maushold|Maushold, L50|100/100
|move|p1b: Whimsicott|Tailwind|p1b: Whimsicott
|-sidestart|p1: hkings234|move: Tailwind
|move|p2b: Whimsicott|Moonblast|p1a: Raichu
|-damage|p1a: Raichu|33/100
|
|upkeep
|turn|2
|
|t:|1785481557
|detailschange|p1a: Raichu|Raichu-Mega-Y, L50, M
|-mega|p1a: Raichu|Raichu|Raichunite Y
|move|p2a: Maushold|Protect|p2a: Maushold
|-singleturn|p2a: Maushold|Protect
|move|p1b: Whimsicott|Stun Spore|p2a: Maushold
|-activate|p2a: Maushold|move: Protect
|move|p1a: Raichu|Focus Blast|p2a: Maushold
|-activate|p2a: Maushold|move: Protect
|move|p2b: Whimsicott|Moonblast|p1a: Raichu
|-damage|p1a: Raichu|0 fnt
|faint|p1a: Raichu
|
|upkeep
|
|t:|1785481563
|switch|p1a: Tyranitar|Tyranitar, L50, M|100/100
|-weather|Sandstorm|[from] ability: Sand Stream|[of] p1a: Tyranitar
|turn|3
|
|t:|1785481584
|move|p1b: Whimsicott|Encore|p2a: Maushold
|-start|p2a: Maushold|Encore
|move|p2a: Maushold|Protect||[still]
|-fail|p2a: Maushold
|move|p1a: Tyranitar|Dragon Dance|p1a: Tyranitar
|-boost|p1a: Tyranitar|atk|1
|-boost|p1a: Tyranitar|spe|1
|move|p2b: Whimsicott|Moonblast|p1a: Tyranitar
|-supereffective|p1a: Tyranitar|1
|-damage|p1a: Tyranitar|49/100
|-enditem|p1a: Tyranitar|Sitrus Berry|[eat]
|-heal|p1a: Tyranitar|74/100|[from] item: Sitrus Berry
|
|-weather|Sandstorm|[upkeep]
|-damage|p1b: Whimsicott|94/100|[from] Sandstorm
|-damage|p2a: Maushold|94/100|[from] Sandstorm
|-damage|p2b: Whimsicott|94/100|[from] Sandstorm
|upkeep
|turn|4
|
|t:|1785481627
|switch|p2a: Malamar|Malamar, L50, M|100/100
|move|p2b: Whimsicott|Charm|p1a: Tyranitar
|-hint|Since gen 7, Dark is immune to Prankster moves.
|-immune|p1a: Tyranitar
|move|p1a: Tyranitar|Rock Slide|p2b: Whimsicott|[spread] p2a,p2b
|-damage|p2a: Malamar|47/100
|-damage|p2b: Whimsicott|34/100
|move|p1b: Whimsicott|Moonblast|p2b: Whimsicott
|-damage|p2b: Whimsicott|0 fnt
|faint|p2b: Whimsicott
|
|-weather|Sandstorm|[upkeep]
|-damage|p1b: Whimsicott|88/100|[from] Sandstorm
|-damage|p2a: Malamar|41/100|[from] Sandstorm
|-sideend|p1: hkings234|move: Tailwind
|upkeep
|
|t:|1785481636
|switch|p2b: Incineroar|Incineroar, L50, M|100/100
|-ability|p2b: Incineroar|Intimidate|boost
|-unboost|p1a: Tyranitar|atk|1
|-unboost|p1b: Whimsicott|atk|1
|turn|5
|
|t:|1785481680
|detailschange|p2a: Malamar|Malamar-Mega, L50, M
|-mega|p2a: Malamar|Malamar|Malamarite
|move|p2a: Malamar|Protect|p2a: Malamar
|-singleturn|p2a: Malamar|Protect
|move|p1a: Tyranitar|Rock Slide|p2b: Incineroar|[spread] p2b
|-activate|p2a: Malamar|move: Protect
|-supereffective|p2b: Incineroar|1
|-damage|p2b: Incineroar|35/100
|move|p1b: Whimsicott|Moonblast|p2a: Malamar
|-activate|p2a: Malamar|move: Protect
|move|p2b: Incineroar|Flare Blitz|p1b: Whimsicott
|-supereffective|p1b: Whimsicott|1
|-damage|p1b: Whimsicott|0 fnt
|faint|p1b: Whimsicott
|-damage|p2b: Incineroar|11/100|[from] Recoil
|-damage|p2b: Incineroar|1/100|[from] item: Life Orb
|
|-weather|Sandstorm|[upkeep]
|-damage|p2a: Malamar|36/100|[from] Sandstorm
|-damage|p2b: Incineroar|0 fnt|[from] Sandstorm
|faint|p2b: Incineroar
|upkeep
|
|t:|1785481699
|switch|p1b: Garchomp|Garchomp, L50, F|100/100
|switch|p2b: Maushold|Maushold, L50|94/100
|turn|6
|
|t:|1785481715
|move|p1a: Tyranitar|Protect|p1a: Tyranitar
|-singleturn|p1a: Tyranitar|Protect
|move|p2b: Maushold|Population Bomb|p1b: Garchomp
|-damage|p1b: Garchomp|88/100
|-damage|p2b: Maushold|82/100|[from] ability: Rough Skin|[of] p1b: Garchomp
|-damage|p1b: Garchomp|76/100
|-damage|p2b: Maushold|70/100|[from] ability: Rough Skin|[of] p1b: Garchomp
|-damage|p1b: Garchomp|64/100
|-damage|p2b: Maushold|58/100|[from] ability: Rough Skin|[of] p1b: Garchomp
|-damage|p1b: Garchomp|52/100
|-damage|p2b: Maushold|46/100|[from] ability: Rough Skin|[of] p1b: Garchomp
|-damage|p1b: Garchomp|41/100
|-damage|p2b: Maushold|34/100|[from] ability: Rough Skin|[of] p1b: Garchomp
|-damage|p1b: Garchomp|29/100
|-damage|p2b: Maushold|22/100|[from] ability: Rough Skin|[of] p1b: Garchomp
|-damage|p1b: Garchomp|17/100
|-damage|p2b: Maushold|10/100|[from] ability: Rough Skin|[of] p1b: Garchomp
|-damage|p1b: Garchomp|6/100
|-damage|p2b: Maushold|0 fnt|[from] ability: Rough Skin|[of] p1b: Garchomp
|faint|p2b: Maushold
|-hitcount|p1b: Garchomp|8
|move|p1b: Garchomp|Earthquake|p2a: Malamar|[spread] p2a
|-activate|p1a: Tyranitar|move: Protect
|-damage|p2a: Malamar|0 fnt
|faint|p2a: Malamar
|
|win|hkings234
|raw|hkings234's rating: 1000 → 1045(+45 for winning)
|raw|ZyresVGC's rating: 1045 → 1026(-19 for losing)
|l|☆ZyresVGC
|player|p2|
