|j|☆MommaGart
|j|☆Dominick Misterio
|html|MommaGartDominick Misterio    
|uhtml|bestof|Game 1 of a best-of-3
|t:|1783552587
|gametype|doubles
|player|p1|MommaGart|hilda|1204
|player|p2|Dominick Misterio|colress|1168
|gen|9
|tier|[Gen 9 Champions] VGC 2026 Reg M-B (Bo3)
|rated|
|rule|Species Clause: Limit one of each Pokémon
|rule|Item Clause: Limit 1 of each item
|clearpoke
|poke|p1|Sneasler, L50, F|
|poke|p1|Blastoise, L50, F|
|poke|p1|Kingambit, L50, F|
|poke|p1|Incineroar, L50, F|
|poke|p1|Delphox, L50, F, shiny|
|poke|p1|Sinistcha, L50|
|poke|p2|Staraptor, L50, F|
|poke|p2|Grimmsnarl, L50, M|
|poke|p2|Garchomp, L50, F|
|poke|p2|Charizard, L50, F|
|poke|p2|Sylveon, L50, M|
|poke|p2|Gholdengo, L50|
|teampreview|4
|showteam|p1|Sneasler||FocusSash|PoisonTouch|PoisonJab,CloseCombat,FakeOut,QuickGuard|Jolly||F|||50|]Blastoise||Blastoisinite|RainDish|DarkPulse,WaterSpout,ShellSmash,Protect|Modest||F|||50|]Kingambit||BlackGlasses|Defiant|KowtowCleave,SuckerPunch,SwordsDance,Protect|Adamant||F|||50|]Incineroar||SitrusBerry|Intimidate|FlareBlitz,HelpingHand,PartingShot,FakeOut|Careful||F|||50|]Delphox||Delphoxite|Blaze|HeatWave,NastyPlot,Psyshock,Protect|Modest||F|||50|]Sinistcha||KasibBerry|Hospitality|MatchaGotcha,RagePowder,TrickRoom,Protect|Bold|||||50|
|showteam|p2|Staraptor||Staraptite|Intimidate|Roost,Protect,CloseCombat,BraveBird|Adamant||F|||50|]Grimmsnarl||LightClay|Prankster|PartingShot,SpiritBreak,LightScreen,Reflect|Impish||M|||50|]Garchomp||LifeOrb|RoughSkin|Protect,Earthquake,DragonClaw,RockSlide|Jolly||F|||50|]Charizard||CharizarditeY|Blaze|Protect,HeatWave,WeatherBall,SolarBeam|Modest||F|||50|]Sylveon||FairyFeather|Pixilate|Detect,HyperBeam,HyperVoice,QuickAttack|Modest||M|||50|]Gholdengo||ChoiceScarf|GoodasGold|MakeItRain,Thunderbolt,Trick,ShadowBall|Modest|||||50|
|
|t:|1783552647
|teamsize|p1|4
|teamsize|p2|4
|start
|switch|p1a: Hype|Incineroar, L50, F|100/100
|switch|p1b: Reseda|Delphox, L50, F, shiny|100/100
|switch|p2a: Gholdengo|Gholdengo, L50|100/100
|switch|p2b: Grimmsnarl|Grimmsnarl, L50, M|100/100
|-ability|p1a: Hype|Intimidate|boost
|-unboost|p2a: Gholdengo|atk|1
|-unboost|p2b: Grimmsnarl|atk|1
|turn|1
|
|t:|1783552670
|switch|p2a: Garchomp|Garchomp, L50, F|100/100
|detailschange|p1b: Reseda|Delphox-Mega, L50, F, shiny
|-mega|p1b: Reseda|Delphox|Delphoxite
|move|p1b: Reseda|Protect|p1b: Reseda
|-singleturn|p1b: Reseda|Protect
|move|p2b: Grimmsnarl|Light Screen|p2b: Grimmsnarl
|-sidestart|p2: Dominick Misterio|move: Light Screen
|move|p1a: Hype|Flare Blitz|p2a: Garchomp
|-resisted|p2a: Garchomp|1
|-damage|p2a: Garchomp|77/100
|-damage|p1a: Hype|87/100|[from] ability: Rough Skin|[of] p2a: Garchomp
|-damage|p1a: Hype|80/100|[from] Recoil
|
|upkeep
|turn|2
|
|t:|1783552695
|move|p1b: Reseda|Nasty Plot|p1b: Reseda
|-boost|p1b: Reseda|spa|2
|move|p2a: Garchomp|Rock Slide|p1a: Hype|[spread] p1a,p1b
|-supereffective|p1a: Hype|1
|-supereffective|p1b: Reseda|1
|-damage|p1a: Hype|29/100
|-damage|p1b: Reseda|45/100
|-enditem|p1a: Hype|Sitrus Berry|[eat]
|-heal|p1a: Hype|53/100|[from] item: Sitrus Berry
|-damage|p2a: Garchomp|68/100|[from] item: Life Orb
|move|p1a: Hype|Parting Shot|p2a: Garchomp
|-unboost|p2a: Garchomp|atk|1
|-unboost|p2a: Garchomp|spa|1
|
|t:|1783552707
|switch|p1a: Caffeine|Sinistcha, L50|100/100|[from] Parting Shot
|-heal|p1b: Reseda|70/100|[from] ability: Hospitality|[of] p1a: Caffeine
|move|p2b: Grimmsnarl|Spirit Break|p1b: Reseda
|-resisted|p1b: Reseda|1
|-damage|p1b: Reseda|58/100
|-unboost|p1b: Reseda|spa|1
|
|upkeep
|turn|3
|
|t:|1783552722
|switch|p1a: Hype|Incineroar, L50, F|53/100
|-ability|p1a: Hype|Intimidate|boost
|-unboost|p2a: Garchomp|atk|1
|-unboost|p2b: Grimmsnarl|atk|1
|move|p2b: Grimmsnarl|Parting Shot|p1b: Reseda
|-unboost|p1b: Reseda|atk|1
|-unboost|p1b: Reseda|spa|1
|
|t:|1783552730
|switch|p2b: Staraptor|Staraptor, L50, F|100/100|[from] Parting Shot
|-ability|p2b: Staraptor|Intimidate|boost
|-unboost|p1a: Hype|atk|1
|-unboost|p1b: Reseda|atk|1
|move|p1b: Reseda|Nasty Plot|p1b: Reseda
|-boost|p1b: Reseda|spa|2
|move|p2a: Garchomp|Rock Slide|p1a: Hype|[spread] p1a,p1b
|-supereffective|p1a: Hype|1
|-supereffective|p1b: Reseda|1
|-damage|p1a: Hype|32/100
|-damage|p1b: Reseda|26/100
|-damage|p2a: Garchomp|58/100|[from] item: Life Orb
|
|upkeep
|turn|4
|
|t:|1783552756
|switch|p1a: Caffeine|Sinistcha, L50|100/100
|-heal|p1b: Reseda|51/100|[from] ability: Hospitality|[of] p1a: Caffeine
|move|p2b: Staraptor|Protect|p2b: Staraptor
|-singleturn|p2b: Staraptor|Protect
|move|p1b: Reseda|Heat Wave|p2a: Garchomp|[spread] p2a
|-activate|p2b: Staraptor|move: Protect
|-resisted|p2a: Garchomp|1
|-damage|p2a: Garchomp|30/100
|move|p2a: Garchomp|Rock Slide|p1a: Caffeine|[spread] p1a,p1b
|-supereffective|p1b: Reseda|1
|-damage|p1a: Caffeine|89/100
|-damage|p1b: Reseda|19/100
|-damage|p2a: Garchomp|20/100y|[from] item: Life Orb
|
|upkeep
|turn|5
|
|t:|1783552783
|switch|p1a: Hype|Incineroar, L50, F|32/100
|-ability|p1a: Hype|Intimidate|boost
|-unboost|p2a: Garchomp|atk|1
|-unboost|p2b: Staraptor|atk|1
|detailschange|p2b: Staraptor|Staraptor-Mega, L50, F
|-mega|p2b: Staraptor|Staraptor|Staraptite
|move|p1b: Reseda|Protect|p1b: Reseda
|-singleturn|p1b: Reseda|Protect
|move|p2a: Garchomp|Rock Slide|p1a: Hype|[spread] p1a
|-activate|p1b: Reseda|move: Protect
|-supereffective|p1a: Hype|1
|-damage|p1a: Hype|15/100
|-damage|p2a: Garchomp|11/100|[from] item: Life Orb
|move|p2b: Staraptor|Close Combat|p1b: Reseda
|-activate|p1b: Reseda|move: Protect
|
|upkeep
|turn|6
|
|t:|1783552831
|move|p1a: Hype|Fake Out|p2b: Staraptor
|-damage|p2b: Staraptor|90/100
|move|p1b: Reseda|Heat Wave|p2a: Garchomp|[spread] p2a,p2b
|-resisted|p2a: Garchomp|1
|-damage|p2a: Garchomp|0 fnt
|-damage|p2b: Staraptor|39/100
|faint|p2a: Garchomp
|cant|p2b: Staraptor|flinch
|
|upkeep
|
|t:|1783552839
|switch|p2a: Gholdengo|Gholdengo, L50|100/100
|turn|7
|
|t:|1783552880
|switch|p1a: Caffeine|Sinistcha, L50|89/100
|-heal|p1b: Reseda|44/100|[from] ability: Hospitality|[of] p1a: Caffeine
|move|p2a: Gholdengo|Shadow Ball|p1b: Reseda
|-supereffective|p1b: Reseda|1
|-damage|p1b: Reseda|0 fnt
|faint|p1b: Reseda
|move|p2b: Staraptor|Roost|p2b: Staraptor
|-heal|p2b: Staraptor|89/100
|-singleturn|p2b: Staraptor|move: Roost
|
|upkeep
|
|t:|1783552897
|switch|p1b: Hype|Incineroar, L50, F|15/100
|-ability|p1b: Hype|Intimidate|boost
|-unboost|p2a: Gholdengo|atk|1
|-boost|p2b: Staraptor|atk|1
|turn|8
|
|t:|1783552911
|switch|p2a: Grimmsnarl|Grimmsnarl, L50, M|100/100
|move|p2b: Staraptor|Protect|p2b: Staraptor
|-singleturn|p2b: Staraptor|Protect
|move|p1b: Hype|Flare Blitz|p2a: Grimmsnarl
|-damage|p2a: Grimmsnarl|57/100
|-damage|p1b: Hype|2/100|[from] Recoil
|move|p1a: Caffeine|Trick Room|p1a: Caffeine
|-fieldstart|move: Trick Room|[of] p1a: Caffeine
|
|-sideend|p2: Dominick Misterio|move: Light Screen
|upkeep
|turn|9
|
|t:|1783552932
|move|p1a: Caffeine|Rage Powder|p1a: Caffeine
|-singleturn|p1a: Caffeine|move: Rage Powder
|move|p2a: Grimmsnarl|Reflect|p2a: Grimmsnarl
|-sidestart|p2: Dominick Misterio|Reflect
|move|p1b: Hype|Parting Shot|p2a: Grimmsnarl
|-unboost|p2a: Grimmsnarl|atk|1
|-unboost|p2a: Grimmsnarl|spa|1
|
|t:|1783552937
|switch|p1b: Superiority|Sneasler, L50, F|100/100|[from] Parting Shot
|move|p2b: Staraptor|Close Combat|p1a: Caffeine
|-immune|p1a: Caffeine
|
|upkeep
|turn|10
|
|t:|1783552952
|move|p1a: Caffeine|Protect|p1a: Caffeine
|-singleturn|p1a: Caffeine|Protect
|move|p2a: Grimmsnarl|Parting Shot|p2b: Staraptor
|-boost|p2b: Staraptor|atk|1
|-boost|p2b: Staraptor|spa|1
|
|t:|1783552968
|switch|p2a: Gholdengo|Gholdengo, L50|100/100|[from] Parting Shot
|move|p2b: Staraptor|Brave Bird|p1a: Caffeine
|-activate|p1a: Caffeine|move: Protect
|move|p1b: Superiority|Poison Jab|p2a: Gholdengo
|-immune|p2a: Gholdengo
|
|upkeep
|turn|11
|-message|MommaGart forfeited.
|
|win|Dominick Misterio
||MommaGart is ready for game 2.
||Dominick Misterio is ready for game 2.
|uhtml|next|Next: Game 2 of 3
|l|☆Dominick Misterio
|player|p2|
