|j|☆dambro222
|j|☆shotstopper
|html|dambro222shotstopper    
|uhtml|bestof|Game 1 of a best-of-3
|t:|1756996469
|gametype|doubles
|player|p1|dambro222|ethan|1121
|player|p2|shotstopper|cynthia|1067
|gen|9
|tier|[Gen 9] VGC 2025 Reg H (Bo3)
|rated|
|rule|Species Clause: Limit one of each Pokémon
|rule|Item Clause: Limit 1 of each item
|clearpoke
|poke|p1|Dragonite, L50, M|
|poke|p1|Volcarona, L50, F|
|poke|p1|Sneasler, L50, M|
|poke|p1|Rillaboom, L50, M|
|poke|p1|Electabuzz, L50, M|
|poke|p1|Kingambit, L50, M|
|poke|p2|Archaludon, L50, F|
|poke|p2|Politoed, L50, M|
|poke|p2|Gholdengo, L50|
|poke|p2|Gothitelle, L50, F|
|poke|p2|Incineroar, L50, M|
|poke|p2|Amoonguss, L50, M|
|teampreview|4
|showteam|p1|Dragonite||LoadedDice|Multiscale|ScaleShot,ExtremeSpeed,Haze,Protect|||M|||50|,,,,,Fairy]Volcarona||CovertCloak|FlameBody|HeatWave,TeraBlast,QuiverDance,Protect|||F|||50|,,,,,Fairy]Sneasler||FocusSash|Unburden|CloseCombat,DireClaw,RockSlide,Protect|||M|||50|,,,,,Stellar]Rillaboom||AssaultVest|GrassySurge|WoodHammer,GrassyGlide,HighHorsepower,FakeOut|||M|||50|,,,,,Water]Electabuzz||Eviolite|VitalSpirit|Electroweb,FollowMe,Taunt,Protect|||M|||50|,,,,,Ghost]Kingambit||BlackGlasses|Defiant|KowtowCleave,SuckerPunch,SwordsDance,Protect|||M|||50|,,,,,Dark
|showteam|p2|Archaludon||PowerHerb|Sturdy|ElectroShot,FlashCannon,DragonPulse,Protect|||F|||50|,,,,,Stellar]Politoed||CovertCloak|Drizzle|PerishSong,IcyWind,WeatherBall,Protect|||M|||50|,,,,,Grass]Gholdengo||LifeOrb|GoodasGold|MakeItRain,ShadowBall,NastyPlot,Protect||||||50|,,,,,Dragon]Gothitelle||SitrusBerry|ShadowTag|FakeOut,Protect,TrickRoom,Psychic|||F|||50|,,,,,Dark]Incineroar||SafetyGoggles|Intimidate|FakeOut,Uturn,KnockOff,Protect|||M|||50|,,,,,Ghost]Amoonguss||MentalHerb|Regenerator|Spore,RagePowder,PollenPuff,Protect|||M|||50|,,,,,Water
|inactive|Battle timer is ON: inactive players will automatically lose when time's up. (requested by shotstopper)
|inactive|dambro222 also wants the timer to be on.
|inactive|dambro222 has 60 seconds left.
|inactive|shotstopper has 60 seconds left.
|inactive|shotstopper has 30 seconds left.
|inactive|shotstopper has 20 seconds left.
|inactive|shotstopper has 15 seconds left.
|inactive|shotstopper has 10 seconds left.
|
|t:|1756996554
|teamsize|p1|4
|teamsize|p2|4
|start
|switch|p1a: Electabuzz|Electabuzz, L50, M|100/100
|switch|p1b: Kingambit|Kingambit, L50, M, shiny|100/100
|switch|p2a: Gholdengo|Gholdengo, L50|100/100
|switch|p2b: Incineroar|Incineroar, L50, M|100/100
|-ability|p2b: Incineroar|Intimidate|boost
|-unboost|p1a: Electabuzz|atk|1
|-unboost|p1b: Kingambit|atk|1
|-ability|p1b: Kingambit|Defiant|boost
|-boost|p1b: Kingambit|atk|2
|turn|1
|inactive|dambro222 has 30 seconds left.
|
|t:|1756996586
|move|p2b: Incineroar|Fake Out|p1b: Kingambit
|-resisted|p1b: Kingambit
|-damage|p1b: Kingambit|97/100
|move|p1a: Electabuzz|Electroweb|p2a: Gholdengo|[spread] p2a,p2b
|-damage|p2a: Gholdengo|88/100
|-damage|p2b: Incineroar|89/100
|-unboost|p2a: Gholdengo|spe|1
|-unboost|p2b: Incineroar|spe|1
|move|p2a: Gholdengo|Nasty Plot|p2a: Gholdengo
|-boost|p2a: Gholdengo|spa|2
|cant|p1b: Kingambit|flinch
|
|upkeep
|turn|2
|inactive|shotstopper has 30 seconds left.
|
|t:|1756996620
|-terastallize|p1b: Kingambit|Dark
|move|p2a: Gholdengo|Protect|p2a: Gholdengo
|-singleturn|p2a: Gholdengo|Protect
|move|p1a: Electabuzz|Electroweb|p2b: Incineroar|[spread] p2b
|-activate|p2a: Gholdengo|move: Protect
|-damage|p2b: Incineroar|75/100
|-unboost|p2b: Incineroar|spe|1
|move|p1b: Kingambit|Kowtow Cleave|p2a: Gholdengo
|-activate|p2a: Gholdengo|move: Protect
|move|p2b: Incineroar|Knock Off|p1a: Electabuzz
|-damage|p1a: Electabuzz|71/100
|-enditem|p1a: Electabuzz|Eviolite|[from] move: Knock Off|[of] p2b: Incineroar
|
|upkeep
|turn|3
|inactive|dambro222 has 30 seconds left.
|inactive|shotstopper has 30 seconds left.
|inactive|shotstopper has 20 seconds left.
|
|t:|1756996659
|-terastallize|p2a: Gholdengo|Dragon
|move|p1a: Electabuzz|Electroweb|p2a: Gholdengo|[spread] p2a,p2b
|-resisted|p2a: Gholdengo
|-damage|p2a: Gholdengo|81/100
|-damage|p2b: Incineroar|61/100
|-unboost|p2a: Gholdengo|spe|1
|-unboost|p2b: Incineroar|spe|1
|move|p1b: Kingambit|Kowtow Cleave|p2a: Gholdengo
|-crit|p2a: Gholdengo
|-damage|p2a: Gholdengo|0 fnt
|faint|p2a: Gholdengo
|move|p2b: Incineroar|U-turn|p1b: Kingambit
|-supereffective|p1b: Kingambit
|-damage|p1b: Kingambit|68/100
|
|t:|1756996675
|switch|p2b: Gothitelle|Gothitelle, L50, F|100/100|[from] U-turn
|
|upkeep
|
|t:|1756996679
|switch|p2a: Politoed|Politoed, L50, M|100/100
|-weather|RainDance|[from] ability: Drizzle|[of] p2a: Politoed
|turn|4
|
|t:|1756996704
|move|p2b: Gothitelle|Fake Out|p1b: Kingambit
|-damage|p1b: Kingambit|63/100
|move|p1a: Electabuzz|Taunt|p2b: Gothitelle
|-start|p2b: Gothitelle|move: Taunt
|move|p2a: Politoed|Perish Song|p2a: Politoed
|-start|p1a: Electabuzz|perish3|[silent]
|-start|p1b: Kingambit|perish3|[silent]
|-start|p2a: Politoed|perish3|[silent]
|-start|p2b: Gothitelle|perish3|[silent]
|-fieldactivate|move: Perish Song
|cant|p1b: Kingambit|flinch
|
|-weather|RainDance|[upkeep]
|-start|p1a: Electabuzz|perish3
|-start|p2a: Politoed|perish3
|-start|p2b: Gothitelle|perish3
|-start|p1b: Kingambit|perish3
|upkeep
|turn|5
|inactive|shotstopper has 30 seconds left.
|inactive|shotstopper has 20 seconds left.
|inactive|shotstopper has 15 seconds left.
|
|t:|1756996746
|switch|p2a: Incineroar|Incineroar, L50, M|61/100
|-ability|p2a: Incineroar|Intimidate|boost
|-unboost|p1a: Electabuzz|atk|1
|-unboost|p1b: Kingambit|atk|1
|-ability|p1b: Kingambit|Defiant|boost
|-boost|p1b: Kingambit|atk|2
|move|p1a: Electabuzz|Follow Me|p1a: Electabuzz
|-singleturn|p1a: Electabuzz|move: Follow Me
|move|p2b: Gothitelle|Psychic|p1a: Electabuzz
|-damage|p1a: Electabuzz|32/100
|move|p1b: Kingambit|Kowtow Cleave|p2b: Gothitelle
|-supereffective|p2b: Gothitelle
|-damage|p2b: Gothitelle|0 fnt
|faint|p2b: Gothitelle
|
|-weather|RainDance|[upkeep]
|-start|p1a: Electabuzz|perish2
|-start|p1b: Kingambit|perish2
|upkeep
|
|t:|1756996762
|switch|p2b: Politoed|Politoed, L50, M|100/100
|turn|6
|-message|shotstopper forfeited.
|raw|dambro222's rating: 1121 → 1142(+21 for winning)
|raw|shotstopper's rating: 1067 → 1050(-17 for losing)
|
|win|dambro222
|l|☆shotstopper
|player|p2|
