|j|☆Tyranidars
|j|☆Lorido
|html|TyranidarsLorido    
|uhtml|bestof|Game 3 of a best-of-3
|t:|1782562182
|gametype|doubles
|player|p1|Tyranidars|palmer|1116
|player|p2|Lorido|266|1225
|gen|9
|tier|[Gen 9 Champions] VGC 2026 Reg M-B (Bo3)
|rated|
|rule|Species Clause: Limit one of each Pokémon
|rule|Item Clause: Limit 1 of each item
|clearpoke
|poke|p1|Sylveon, L50, F|
|poke|p1|Dragapult, L50, F|
|poke|p1|Mimikyu, L50, F|
|poke|p1|Sneasler, L50, F|
|poke|p1|Sableye, L50, F|
|poke|p1|Rhyperior, L50, F|
|poke|p2|Charizard, L50, F|
|poke|p2|Floette-Eternal, L50, F|
|poke|p2|Whimsicott, L50, F|
|poke|p2|Kingambit, L50, M|
|poke|p2|Garchomp, L50, F|
|poke|p2|Basculegion, L50, M|
|teampreview|4
|showteam|p1|Sylveon||FairyFeather|Pixilate|Round,MysticalFire,ShadowBall,HyperVoice|Modest||F|||50|]Dragapult|||ClearBody|Round,ShadowBall,DragonPulse,Reflect|Timid||F|||50|]Mimikyu||FocusSash|Disguise|ShadowClaw,SwordsDance,DrainPunch,ShadowSneak|Jolly||F|||50|]Sneasler||WhiteHerb|PoisonTouch|DireClaw,CloseCombat,FakeOut,FirePunch|Adamant||F|||50|]Sableye||Sablenite|Prankster|Gravity,Recover,NastyPlot,DarkPulse|Modest||F|||50|]Rhyperior||QuickClaw|SolidRock|HornDrill,HighHorsepower,RockSlide,SupercellSlam|Sassy||F|||50|
|showteam|p2|Charizard||CharizarditeY|Blaze|HeatWave,WeatherBall,SolarBeam,Protect|Modest||F|||50|]Floette-Eternal||Floettite|FlowerVeil|DazzlingGleam,Protect,Moonblast,LightofRuin|Modest||F|||50|]Whimsicott||FocusSash|Prankster|Moonblast,Protect,Tailwind,Encore|Timid||F|||50|]Kingambit||ChopleBerry|Defiant|KowtowCleave,SuckerPunch,IronHead,LowKick|Adamant||M|||50|]Garchomp||LifeOrb|RoughSkin|DragonClaw,StompingTantrum,RockSlide,Protect|Jolly||F|||50|]Basculegion||MysticWater|Adaptability|WaveCrash,LastRespects,AquaJet,Protect|Adamant||M|||50|
|inactive|Battle timer is ON: inactive players will automatically lose when time's up. (requested by Lorido)
|
|t:|1782562197
|teamsize|p1|4
|teamsize|p2|4
|start
|switch|p1a: Sylveon|Sylveon, L50, F|100/100
|switch|p1b: Dragapult|Dragapult, L50, F|100/100
|switch|p2a: Whimsicott|Whimsicott, L50, F|100/100
|switch|p2b: Floette|Floette-Eternal, L50, F|100/100
|turn|1
|
|t:|1782562221
|detailschange|p2b: Floette|Floette-Mega, L50, F
|-mega|p2b: Floette|Floette|Floettite
|-ability|p2b: Floette|Fairy Aura
|move|p2a: Whimsicott|Tailwind|p2a: Whimsicott
|-sidestart|p2: Lorido|move: Tailwind
|move|p2b: Floette|Dazzling Gleam|p1a: Sylveon|[spread] p1a,p1b
|-supereffective|p1b: Dragapult|1
|-damage|p1a: Sylveon|65/100
|-damage|p1b: Dragapult|0 fnt
|faint|p1b: Dragapult
|move|p1a: Sylveon|Hyper Voice|p2b: Floette|[spread] p2a,p2b
|-enditem|p2a: Whimsicott|Focus Sash
|-damage|p2a: Whimsicott|1/100
|-damage|p2b: Floette|42/100
|
|upkeep
|
|t:|1782562237
|switch|p1b: Sneasler|Sneasler, L50, F|100/100
|turn|2
|inactive|Lorido has 30 seconds left.
|
|t:|1782562267
|switch|p2a: Garchomp|Garchomp, L50, F|100/100
|move|p2b: Floette|Protect|p2b: Floette
|-singleturn|p2b: Floette|Protect
|move|p1b: Sneasler|Dire Claw|p2a: Garchomp
|-resisted|p2a: Garchomp|1
|-damage|p2a: Garchomp|79/100
|-damage|p1b: Sneasler|87/100|[from] ability: Rough Skin|[of] p2a: Garchomp
|move|p1a: Sylveon|Hyper Voice|p2a: Garchomp|[spread] p2a
|-activate|p2b: Floette|move: Protect
|-supereffective|p2a: Garchomp|1
|-damage|p2a: Garchomp|0 fnt
|faint|p2a: Garchomp
|
|upkeep
|
|t:|1782562282
|switch|p2a: Whimsicott|Whimsicott, L50, F|1/100
|turn|3
|inactive|Lorido has 30 seconds left.
|inactive|Lorido has 20 seconds left.
|
|t:|1782562321
|move|p2a: Whimsicott|Encore|p1b: Sneasler
|-start|p1b: Sneasler|Encore
|move|p2b: Floette|Light of Ruin|p1a: Sylveon
|-damage|p1a: Sylveon|0 fnt
|faint|p1a: Sylveon
|-damage|p2b: Floette|0 fnt|[from] Recoil
|faint|p2b: Floette
|move|p1b: Sneasler|Dire Claw|p2a: Whimsicott
|-supereffective|p2a: Whimsicott|2
|-damage|p2a: Whimsicott|0 fnt
|faint|p2a: Whimsicott
|
|upkeep
|
|t:|1782562335
|switch|p2b: Kingambit|Kingambit, L50, M|100/100
|switch|p1a: Mimikyu|Mimikyu, L50, F|100/100
|turn|4
|
|t:|1782562353
|move|p1b: Sneasler|Dire Claw|p2b: Kingambit
|-immune|p2b: Kingambit
|move|p1a: Mimikyu|Drain Punch|p2b: Kingambit
|-supereffective|p2b: Kingambit|2
|-enditem|p2b: Kingambit|Chople Berry|[eat]
|-enditem|p2b: Kingambit|Chople Berry|[weaken]
|-damage|p2b: Kingambit|70/100
|move|p2b: Kingambit|Iron Head|p1a: Mimikyu
|-activate|p1a: Mimikyu|ability: Disguise
|-damage|p1a: Mimikyu|100/100
|detailschange|p1a: Mimikyu|Mimikyu-Busted, L50, F
|-damage|p1a: Mimikyu|87/100|[from] pokemon: Mimikyu-Busted
|
|-sideend|p2: Lorido|move: Tailwind
|upkeep
|turn|5
|
|t:|1782562370
|move|p1b: Sneasler|Dire Claw|p2b: Kingambit
|-immune|p2b: Kingambit
|move|p1a: Mimikyu|Drain Punch|p2b: Kingambit
|-supereffective|p2b: Kingambit|2
|-damage|p2b: Kingambit|12/100
|-heal|p1a: Mimikyu|100/100|[from] drain|[of] p2b: Kingambit
|move|p2b: Kingambit|Iron Head|p1a: Mimikyu
|-supereffective|p1a: Mimikyu|1
|-enditem|p1a: Mimikyu|Focus Sash
|-damage|p1a: Mimikyu|1/100
|
|-end|p1b: Sneasler|Encore
|upkeep
|turn|6
|
|t:|1782562387
|move|p2b: Kingambit|Sucker Punch|p1b: Sneasler
|-resisted|p1b: Sneasler|1
|-damage|p1b: Sneasler|49/100
|move|p1b: Sneasler|Fire Punch|p2b: Kingambit
|-supereffective|p2b: Kingambit|1
|-damage|p2b: Kingambit|0 fnt
|faint|p2b: Kingambit
|
|win|Tyranidars
|raw|Tyranidars's rating: 1116 → 1150(+34 for winning)
|raw|Lorido's rating: 1244 → 1210(-34 for losing)
