|j|â˜†sempra
|j|â˜†Uncle Lou
|html|sempraUncle Lou    
|uhtml|bestof|Game 1 of a best-of-3
|t:|1783897389
|gametype|doubles
|player|p1|sempra|#sempra|
|player|p2|Uncle Lou|#smogonxnpa2026draftee2|
|gen|9
|tier|[Gen 9 Champions] VGC 2026 Reg M-B (Bo3)
|rule|Species Clause: Limit one of each PokÃ©mon
|rule|Item Clause: Limit 1 of each item
|clearpoke
|poke|p1|Kingambit, L50, F|
|poke|p1|Charizard, L50, F, shiny|
|poke|p1|Garchomp, L50, M|
|poke|p1|Sylveon, L50, F|
|poke|p1|Aerodactyl, L50, F|
|poke|p1|Farigiraf, L50, M|
|poke|p2|Incineroar, L50, M|
|poke|p2|Toxapex, L50, F|
|poke|p2|Charizard, L50, F|
|poke|p2|Kingambit, L50, F|
|poke|p2|Sylveon, L50, M|
|poke|p2|Garchomp, L50, M|
|teampreview|4
|showteam|p1|Kingambit||FocusSash|Defiant|KowtowCleave,SuckerPunch,IronHead,LowKick|Adamant||F|||50|]Charizard||CharizarditeY|Blaze|WeatherBall,HeatWave,SolarBeam,Protect|Modest||F|||50|]Garchomp||LifeOrb|RoughSkin|DragonClaw,Earthquake,RockSlide,Protect|Jolly||M|||50|]Sylveon||FairyFeather|Pixilate|HyperVoice,HyperBeam,QuickAttack,Protect|Modest||F|||50|]Aerodactyl||Aerodactylite|Unnerve|RockSlide,DualWingbeat,Tailwind,Protect|Jolly||F|||50|]Farigiraf||SitrusBerry|ArmorTail|Psychic,Thunderbolt,TrickRoom,HelpingHand|Calm||M|||50|
|showteam|p2|Incineroar||SitrusBerry|Intimidate|FlareBlitz,FakeOut,PartingShot,ThroatChop|Impish||M|||50|]Toxapex||Leftovers|Regenerator|Infestation,BanefulBunker,WideGuard,Toxic|Bold||F|||50|]Charizard||CharizarditeY|Blaze|HeatWave,WeatherBall,SolarBeam,Protect|Modest||F|||50|]Kingambit||BlackGlasses|Defiant|SuckerPunch,KowtowCleave,SwordsDance,Protect|Adamant||F|||50|]Sylveon||FairyFeather|Pixilate|HyperVoice,HyperBeam,QuickAttack,Detect|Modest||M|||50|]Garchomp||ChoiceScarf|RoughSkin|RockSlide,StompingTantrum,Earthquake,DragonClaw|Adamant||M|||50|
|l|â˜†Uncle Lou
|player|p2|
|c|â˜†sempra|glhf
|j| Will of urshifu
|j|â˜†Uncle Lou
|player|p2|Uncle Lou|#smogonxnpa2026draftee2|
|c|â˜†Uncle Lou|Gl bro
|l| Will of urshifu
|j| Galahad Excalibur
|l| Galahad Excalibur
|
|t:|1783897469
|teamsize|p1|4
|teamsize|p2|4
|start
|switch|p1a: Kingambit|Kingambit, L50, F|100/100
|switch|p1b: Aerodactyl|Aerodactyl, L50, F|100/100
|switch|p2a: Charizard|Charizard, L50, F|100/100
|switch|p2b: Toxapex|Toxapex, L50, F|100/100
|-ability|p1b: Aerodactyl|Unnerve
|turn|1
|j| thacrow
|j| Galahad Excalibur
|
|t:|1783897496
|detailschange|p1b: Aerodactyl|Aerodactyl-Mega, L50, F
|-mega|p1b: Aerodactyl|Aerodactyl|Aerodactylite
|move|p2a: Charizard|Protect|p2a: Charizard
|-singleturn|p2a: Charizard|Protect
|move|p1a: Kingambit|Sucker Punch||[still]
|-fail|p1a: Kingambit
|move|p1b: Aerodactyl|Dual Wingbeat|p2a: Charizard
|-activate|p2a: Charizard|move: Protect
|move|p2b: Toxapex|Infestation|p1a: Kingambit
|-damage|p1a: Kingambit|96/100
|-activate|p1a: Kingambit|move: Infestation|[of] p2b: Toxapex
|
|-damage|p1a: Kingambit|84/100|[from] move: Infestation|[partiallytrapped]
|upkeep
|turn|2
|j| arekusabi
|j| kommander
|j| 2008 World Champ
|j| hhomashonami
|l| hhomashonami
|j| kunal
|j| MajorStar
|j| orlandolt
|
|t:|1783897536
|detailschange|p2a: Charizard|Charizard-Mega-Y, L50, F
|-mega|p2a: Charizard|Charizard|Charizardite Y
|-weather|SunnyDay|[from] ability: Drought|[of] p2a: Charizard
|move|p2b: Toxapex|Wide Guard|p2b: Toxapex
|-singleturn|p2b: Toxapex|Wide Guard
|move|p1a: Kingambit|Sucker Punch|p2a: Charizard
|-crit|p2a: Charizard
|-damage|p2a: Charizard|46/100
|move|p1b: Aerodactyl|Dual Wingbeat|p2a: Charizard
|-damage|p2a: Charizard|26/100
|-damage|p2a: Charizard|2/100
|-hitcount|p2a: Charizard|2
|move|p2a: Charizard|Heat Wave|p1a: Kingambit|[spread] p1a,p1b
|-supereffective|p1a: Kingambit|1
|-resisted|p1b: Aerodactyl|1
|-damage|p1a: Kingambit|0 fnt
|-damage|p1b: Aerodactyl|70/100
|faint|p1a: Kingambit
|
|-weather|SunnyDay|[upkeep]
|upkeep
|j| A Regu1ar Guy
|j| ceree
|j| PqlarBear
|
|t:|1783897551
|switch|p1a: Garchomp|Garchomp, L50, M|100/100
|turn|3
|l| arekusabi
|j| Mogo
|l| A Regu1ar Guy
|j| arekusabi
|
|t:|1783897592
|switch|p2a: Incineroar|Incineroar, L50, M|100/100
|-ability|p2a: Incineroar|Intimidate|boost
|-unboost|p1a: Garchomp|atk|1
|-unboost|p1b: Aerodactyl|atk|1
|move|p2b: Toxapex|Wide Guard|p2b: Toxapex
|-singleturn|p2b: Toxapex|Wide Guard
|move|p1b: Aerodactyl|Dual Wingbeat|p2a: Incineroar
|-damage|p2a: Incineroar|87/100
|-damage|p2a: Incineroar|75/100
|-hitcount|p2a: Incineroar|2
|move|p1a: Garchomp|Earthquake|p2a: Incineroar|[spread] 
|-activate|p2a: Incineroar|move: Wide Guard
|-activate|p2b: Toxapex|move: Wide Guard
|-immune|p1b: Aerodactyl
|
|-weather|SunnyDay|[upkeep]
|upkeep
|turn|4
|
|t:|1783897618
|move|p2a: Incineroar|Fake Out|p1a: Garchomp
|-damage|p1a: Garchomp|90/100
|-damage|p2a: Incineroar|63/100|[from] ability: Rough Skin|[of] p1a: Garchomp
|move|p1b: Aerodactyl|Rock Slide|p2a: Incineroar|[spread] p2a,p2b
|-supereffective|p2a: Incineroar|1
|-damage|p2a: Incineroar|39/100
|-damage|p2b: Toxapex|87/100
|-enditem|p2a: Incineroar|Sitrus Berry|[eat]
|-heal|p2a: Incineroar|64/100|[from] item: Sitrus Berry
|cant|p1a: Garchomp|flinch
|move|p2b: Toxapex|Infestation|p1b: Aerodactyl
|-resisted|p1b: Aerodactyl|1
|-damage|p1b: Aerodactyl|68/100
|-activate|p1b: Aerodactyl|move: Infestation|[of] p2b: Toxapex
|
|-weather|SunnyDay|[upkeep]
|-heal|p2b: Toxapex|93/100|[from] item: Leftovers
|-damage|p1b: Aerodactyl|56/100|[from] move: Infestation|[partiallytrapped]
|upkeep
|turn|5
|j|@shiloh
|j| xmarsh
|j| Christianfinity
|l| xmarsh
|
|t:|1783897647
|move|p2b: Toxapex|Wide Guard|p2b: Toxapex
|-singleturn|p2b: Toxapex|Wide Guard
|move|p1b: Aerodactyl|Rock Slide|p2a: Incineroar|[spread] 
|-activate|p2a: Incineroar|move: Wide Guard
|-activate|p2b: Toxapex|move: Wide Guard
|move|p1a: Garchomp|Dragon Claw|p2b: Toxapex
|-damage|p2b: Toxapex|70/100
|-damage|p1a: Garchomp|80/100|[from] item: Life Orb
|move|p2a: Incineroar|Parting Shot|p1a: Garchomp
|-unboost|p1a: Garchomp|atk|1
|-unboost|p1a: Garchomp|spa|1
|
|t:|1783897662
|switch|p2a: Garchomp|Garchomp, L50, M|100/100|[from] Parting Shot
|
|-weather|SunnyDay|[upkeep]
|-heal|p2b: Toxapex|76/100|[from] item: Leftovers
|-damage|p1b: Aerodactyl|44/100|[from] move: Infestation|[partiallytrapped]
|upkeep
|turn|6
|j| MEGA PYR0AR
|l| arekusabi
|
|t:|1783897681
|switch|p1a: Sylveon|Sylveon, L50, F|100/100
|move|p2a: Garchomp|Rock Slide|p1b: Aerodactyl|[spread] p1a
|-miss|p2a: Garchomp|p1b: Aerodactyl
|-damage|p1a: Sylveon|77/100
|move|p1b: Aerodactyl|Tailwind|p1b: Aerodactyl
|-sidestart|p1: sempra|move: Tailwind
|move|p2b: Toxapex|Toxic|p1a: Sylveon
|-status|p1a: Sylveon|tox
|
|-weather|none
|-heal|p2b: Toxapex|82/100|[from] item: Leftovers
|-damage|p1a: Sylveon|71/100 tox|[from] psn
|-damage|p1b: Aerodactyl|32/100|[from] move: Infestation|[partiallytrapped]
|upkeep
|turn|7
|j| arekusabi
|l| MajorStar
|
|t:|1783897713
|switch|p2a: Charizard|Charizard-Mega-Y, L50, F|2/100
|-weather|SunnyDay|[from] ability: Drought|[of] p2a: Charizard
|move|p1b: Aerodactyl|Dual Wingbeat|p2b: Toxapex
|-damage|p2b: Toxapex|70/100
|-damage|p2b: Toxapex|60/100
|-hitcount|p2b: Toxapex|2
|move|p1a: Sylveon|Hyper Voice|p2b: Toxapex|[spread] p2a,p2b
|-resisted|p2a: Charizard|1
|-resisted|p2b: Toxapex|1
|-damage|p2a: Charizard|0 fnt
|-damage|p2b: Toxapex|41/100
|faint|p2a: Charizard
|move|p2b: Toxapex|Infestation|p1a: Sylveon
|-resisted|p1a: Sylveon|1
|-crit|p1a: Sylveon
|-damage|p1a: Sylveon|69/100 tox
|-activate|p1a: Sylveon|move: Infestation|[of] p2b: Toxapex
|
|-weather|SunnyDay|[upkeep]
|-heal|p2b: Toxapex|47/100|[from] item: Leftovers
|-damage|p1a: Sylveon|57/100 tox|[from] psn
|-damage|p1b: Aerodactyl|20/100r|[from] move: Infestation|[partiallytrapped]
|-damage|p1a: Sylveon|45/100 tox|[from] move: Infestation|[partiallytrapped]
|upkeep
|j| FBISurveillanceMan
|l| arekusabi
|
|t:|1783897734
|switch|p2a: Incineroar|Incineroar, L50, M|64/100
|-ability|p2a: Incineroar|Intimidate|boost
|-unboost|p1a: Sylveon|atk|1
|-unboost|p1b: Aerodactyl|atk|1
|turn|8
|j| arekusabi
|l| Christianfinity
|
|t:|1783897754
|move|p2a: Incineroar|Fake Out|p1a: Sylveon
|-damage|p1a: Sylveon|33/100 tox
|move|p1b: Aerodactyl|Rock Slide|p2a: Incineroar|[spread] p2a,p2b
|-supereffective|p2a: Incineroar|1
|-damage|p2a: Incineroar|46/100
|-damage|p2b: Toxapex|38/100
|cant|p1a: Sylveon|flinch
|move|p2b: Toxapex|Toxic|p1b: Aerodactyl
|-status|p1b: Aerodactyl|tox
|
|-weather|SunnyDay|[upkeep]
|-heal|p2b: Toxapex|44/100|[from] item: Leftovers
|-damage|p1b: Aerodactyl|13/100 tox|[from] psn
|-damage|p1a: Sylveon|16/100 tox|[from] psn
|-damage|p1b: Aerodactyl|1/100 tox|[from] move: Infestation|[partiallytrapped]
|-damage|p1a: Sylveon|4/100 tox|[from] move: Infestation|[partiallytrapped]
|upkeep
|turn|9
|
|t:|1783897777
|move|p2b: Toxapex|Baneful Bunker|p2b: Toxapex
|-singleturn|p2b: Toxapex|move: Protect
|move|p1b: Aerodactyl|Rock Slide|p2b: Toxapex|[spread] p2a
|-activate|p2b: Toxapex|move: Protect
|-supereffective|p2a: Incineroar|1
|-damage|p2a: Incineroar|27/100
|move|p1a: Sylveon|Hyper Beam|p2b: Toxapex
|-activate|p2b: Toxapex|move: Protect
|cant|p2a: Incineroar|flinch
|
|-weather|SunnyDay|[upkeep]
|-heal|p2b: Toxapex|50/100g|[from] item: Leftovers
|-damage|p1b: Aerodactyl|0 fnt|[from] psn
|faint|p1b: Aerodactyl
|-damage|p1a: Sylveon|0 fnt|[from] psn
|faint|p1a: Sylveon
|-sideend|p1: sempra|move: Tailwind
|upkeep
|l| FBISurveillanceMan
|
|t:|1783897782
|switch|p1b: Garchomp|Garchomp, L50, M|80/100
|turn|10
|j| Will of urshifu
|
|t:|1783897798
|move|p2b: Toxapex|Wide Guard|p2b: Toxapex
|-singleturn|p2b: Toxapex|Wide Guard
|move|p1b: Garchomp|Earthquake|p2a: Incineroar|[spread] 
|-activate|p2a: Incineroar|move: Wide Guard
|-activate|p2b: Toxapex|move: Wide Guard
|move|p2a: Incineroar|Throat Chop|p1b: Garchomp
|-damage|p1b: Garchomp|51/100
|-start|p1b: Garchomp|Throat Chop|[silent]
|-damage|p2a: Incineroar|14/100|[from] ability: Rough Skin|[of] p1b: Garchomp
|
|-weather|SunnyDay|[upkeep]
|-heal|p2b: Toxapex|56/100|[from] item: Leftovers
|upkeep
|turn|11
|-message|sempra forfeited.
|
|win|Uncle Lou
||sempra is ready for game 2.
|inactive|Uncle Lou has 30 seconds to confirm battle start!
||Uncle Lou is ready for game 2.
|uhtml|next|Next: Game 2 of 3
|l| arekusabi
|l| thacrow
|l| Will of urshifu
|l| kommander
|l| ceree
|j| Will of urshifu
|j| Christianfinity
|l| Christianfinity
|j| Christianfinity
|l| Christianfinity
|l| kunal
|l| Will of urshifu
|j| Christianfinity
|l|â˜†sempra
|player|p1|
|j| dyl yeomans
|l| orlandolt
|j| arekusabi
|l| PqlarBear
|l| 2008 World Champ
|l| arekusabi
|l|@shiloh
