|j|☆Malumancer
|j|☆ScottyNZ
|html|MalumancerScottyNZ    
|uhtml|bestof|Game 1 of a best-of-3
|t:|1756453619
|gametype|doubles
|player|p1|Malumancer|pryce|
|player|p2|ScottyNZ|2|
|gen|9
|tier|[Gen 9] VGC 2025 Reg H (Bo3)
|rule|Species Clause: Limit one of each Pokémon
|rule|Item Clause: Limit 1 of each item
|clearpoke
|poke|p1|Indeedee-F, L50, F|
|poke|p1|Torkoal, L50, M|
|poke|p1|Armarouge, L50, M|
|poke|p1|Ursaluna, L50, M|
|poke|p1|Gallade, L50, M|
|poke|p1|Hatterene, L50, F|
|poke|p2|Pelipper, L50, F|
|poke|p2|Archaludon, L50, F|
|poke|p2|Basculegion, L50, M|
|poke|p2|Porygon2, L50|
|poke|p2|Ursaluna-Bloodmoon, L50, M|
|poke|p2|Sinistcha, L50|
|teampreview|4
|showteam|p1|Indeedee-F||SafetyGoggles|PsychicSurge|FollowMe,TrickRoom,DazzlingGleam,HelpingHand|||F|||50|,,,,,Fairy]Torkoal||ChoiceSpecs|Drought|Eruption,WeatherBall,EarthPower,ClearSmog|||M|||50|,,,,,Fire]Armarouge||LifeOrb|FlashFire|ExpandingForce,HeatWave,TrickRoom,EnergyBall|||M|||50|,,,,,Grass]Ursaluna||FlameOrb|Guts|Facade,HeadlongRush,Earthquake,Protect|||M|||50|,,,,,Ghost]Gallade||ClearAmulet|Sharpness|SacredSword,PsychoCut,WideGuard,TrickRoom|||M|||50|,,,,,Fire]Hatterene||CovertCloak|MagicBounce|ExpandingForce,DazzlingGleam,MysticalFire,TrickRoom|||F|||50|,,,,,Fire
|showteam|p2|Pelipper||FocusSash|Drizzle|WeatherBall,Hurricane,Tailwind,Protect|||F|||50|,,,,,Ground]Archaludon||AssaultVest|Stamina|ElectroShot,FlashCannon,DragonPulse,BodyPress|||F|||50|,,,,,Fairy]Basculegion||LifeOrb|SwiftSwim|WaveCrash,LastRespects,AquaJet,Protect|||M|||50|,,,,,Water]Porygon2||Eviolite|Trace|TrickRoom,IceBeam,TriAttack,Recover||||||50|,,,,,Ghost]Ursaluna-Bloodmoon||ThroatSpray|MindsEye|HyperVoice,BloodMoon,EarthPower,Protect|||M|||50|,,,,,Normal]Sinistcha||Leftovers|Hospitality|MatchaGotcha,RagePowder,TrickRoom,LifeDew||||||50|,,,,,Dragon
|inactive|Battle timer is ON: inactive players will automatically lose when time's up. (requested by Malumancer)
|inactive|ScottyNZ also wants the timer to be on.
|c|☆Malumancer|glhf
|inactive|Malumancer has 60 seconds left.
|inactive|ScottyNZ has 60 seconds left.
|inactive|Malumancer has 30 seconds left.
|
|t:|1756453682
|teamsize|p1|4
|teamsize|p2|4
|start
|switch|p1a: Gallade|Gallade, L50, M|100/100
|switch|p1b: Indeedee|Indeedee-F, L50, F|100/100
|switch|p2a: Ursaluna|Ursaluna-Bloodmoon, L50, M|100/100
|switch|p2b: Basculegion|Basculegion, L50, M|100/100
|-fieldstart|move: Psychic Terrain|[from] ability: Psychic Surge|[of] p1b: Indeedee
|turn|1
|inactive|ScottyNZ has 30 seconds left.
|
|t:|1756453713
|move|p1b: Indeedee|Follow Me|p1b: Indeedee
|-singleturn|p1b: Indeedee|move: Follow Me
|move|p2b: Basculegion|Wave Crash|p1b: Indeedee
|-damage|p1b: Indeedee|21/100
|-damage|p2b: Basculegion|77/100|[from] Recoil
|-damage|p2b: Basculegion|67/100|[from] item: Life Orb
|move|p2a: Ursaluna|Hyper Voice|p1b: Indeedee|[spread] p1a,p1b
|-damage|p1a: Gallade|63/100
|-damage|p1b: Indeedee|0 fnt
|faint|p1b: Indeedee
|-enditem|p2a: Ursaluna|Throat Spray
|-boost|p2a: Ursaluna|spa|1|[from] item: Throat Spray
|move|p1a: Gallade|Trick Room|p1a: Gallade
|-fieldstart|move: Trick Room|[of] p1a: Gallade
|
|upkeep
|
|t:|1756453725
|switch|p1b: Ursaluna|Ursaluna, L50, M|100/100
|turn|2
|inactive|Malumancer has 30 seconds left.
|inactive|ScottyNZ has 30 seconds left.
|
|t:|1756453755
|switch|p2a: Sinistcha|Sinistcha, L50|100/100
|-heal|p2b: Basculegion|92/100|[from] ability: Hospitality|[of] p2a: Sinistcha
|move|p1b: Ursaluna|Protect|p1b: Ursaluna
|-singleturn|p1b: Ursaluna|Protect
|move|p1a: Gallade|Sacred Sword|p2a: Sinistcha
|-immune|p2a: Sinistcha
|move|p2b: Basculegion|Wave Crash|p1a: Gallade
|-damage|p1a: Gallade|0 fnt
|faint|p1a: Gallade
|-damage|p2b: Basculegion|73/100|[from] Recoil
|-damage|p2b: Basculegion|64/100|[from] item: Life Orb
|
|-status|p1b: Ursaluna|brn|[from] item: Flame Orb
|upkeep
|
|t:|1756453765
|switch|p1a: Torkoal|Torkoal, L50, M|100/100
|-weather|SunnyDay|[from] ability: Drought|[of] p1a: Torkoal
|turn|3
|inactive|Malumancer has 30 seconds left.
|inactive|Malumancer has 20 seconds left.
|inactive|Malumancer has 15 seconds left.
|
|t:|1756453807
|switch|p2b: Pelipper|Pelipper, L50, F|100/100
|-weather|RainDance|[from] ability: Drizzle|[of] p2b: Pelipper
|-terastallize|p1a: Torkoal|Fire
|-terastallize|p2a: Sinistcha|Dragon
|move|p1a: Torkoal|Eruption|p2a: Sinistcha|[spread] p2a,p2b
|-resisted|p2a: Sinistcha
|-resisted|p2b: Pelipper
|-damage|p2a: Sinistcha|71/100
|-damage|p2b: Pelipper|66/100
|move|p1b: Ursaluna|Facade|p2b: Pelipper
|-damage|p2b: Pelipper|0 fnt
|faint|p2b: Pelipper
|move|p2a: Sinistcha|Trick Room|p2a: Sinistcha
|-fieldend|move: Trick Room
|
|-weather|RainDance|[upkeep]
|-heal|p2a: Sinistcha|77/100|[from] item: Leftovers
|-damage|p1b: Ursaluna|95/100 brn|[from] brn
|upkeep
|
|t:|1756453830
|switch|p2b: Basculegion|Basculegion, L50, M|64/100
|turn|4
|
|t:|1756453844
|move|p2b: Basculegion|Wave Crash|p1a: Torkoal
|-supereffective|p1a: Torkoal
|-damage|p1a: Torkoal|0 fnt
|faint|p1a: Torkoal
|-damage|p2b: Basculegion|34/100|[from] Recoil
|-damage|p2b: Basculegion|24/100|[from] item: Life Orb
|move|p2a: Sinistcha|Life Dew|p2a: Sinistcha|[spread] p2a,p2b
|-heal|p2a: Sinistcha|100/100
|-heal|p2b: Basculegion|49/100
|move|p1b: Ursaluna|Earthquake|p2a: Sinistcha|[spread] p2a,p2b
|-damage|p2a: Sinistcha|58/100
|-damage|p2b: Basculegion|0 fnt
|faint|p2b: Basculegion
|
|-weather|RainDance|[upkeep]
|-heal|p2a: Sinistcha|64/100|[from] item: Leftovers
|-damage|p1b: Ursaluna|89/100 brn|[from] brn
|upkeep
|
|t:|1756453864
|switch|p2b: Ursaluna|Ursaluna-Bloodmoon, L50, M|100/100
|turn|5
|
|t:|1756453877
|move|p2a: Sinistcha|Matcha Gotcha|p1b: Ursaluna
|-supereffective|p1b: Ursaluna
|-damage|p1b: Ursaluna|30/100 brn
|-heal|p2a: Sinistcha|100/100|[from] drain|[of] p1b: Ursaluna
|move|p2b: Ursaluna|Blood Moon|p1b: Ursaluna
|-damage|p1b: Ursaluna|0 fnt
|faint|p1b: Ursaluna
|
|win|ScottyNZ
||Malumancer is ready for game 2.
|inactive|ScottyNZ has 30 seconds to confirm battle start!
||ScottyNZ is ready for game 2.
|uhtml|next|Next: Game 2 of 3
