|j|☆waffle991vgc
|j|☆Yippeeeeeeeevgc
|html|waffle991vgcYippeeeeeeeevgc    
|uhtml|bestof|Game 1 of a best-of-3
|t:|1756649850
|gametype|doubles
|player|p1|waffle991vgc|hilda|1021
|player|p2|Yippeeeeeeeevgc|102|1000
|gen|9
|tier|[Gen 9] VGC 2025 Reg H (Bo3)
|rated|
|rule|Species Clause: Limit one of each Pokémon
|rule|Item Clause: Limit 1 of each item
|clearpoke
|poke|p1|Sylveon, L50, F|
|poke|p1|Porygon2, L50|
|poke|p1|Ursaluna, L50, M|
|poke|p1|Gallade, L50, M|
|poke|p1|Farigiraf, L50, M|
|poke|p1|Incineroar, L50, M|
|poke|p2|Talonflame, L50, F|
|poke|p2|Gholdengo, L50|
|poke|p2|Rillaboom, L50, F|
|poke|p2|Ninetales-Alola, L50, F|
|poke|p2|Annihilape, L50, F|
|poke|p2|Maushold-Four, L50|
|teampreview|4
|showteam|p1|Sylveon||ChoiceSpecs|Pixilate|HyperVoice,HyperBeam,ShadowBall,Psychic|||F|||50|,,,,,Fairy]Porygon2||Eviolite|Download|TrickRoom,TeraBlast,IceBeam,Protect||||||50|,,,,,Ghost]Ursaluna||FlameOrb|Guts|HeadlongRush,Facade,Protect,CloseCombat|||M|||50|,,,,,Normal]Gallade||ClearAmulet|Sharpness|SacredSword,WideGuard,TrickRoom,Protect|||M|||50|,,,,,Steel]Farigiraf||SafetyGoggles|ArmorTail|TrickRoom,DazzlingGleam,HyperVoice,Protect|||M|||50|,,,,,Fairy]Incineroar||SitrusBerry|Intimidate|FakeOut,KnockOff,PartingShot,FlareBlitz|||M|||50|,,,,,Ghost
|showteam|p2|Talonflame||CovertCloak|GaleWings|BraveBird,FlareBlitz,Tailwind,Taunt|||F|||50|,,,,,Ghost]Gholdengo||LifeOrb|GoodasGold|MakeItRain,ShadowBall,NastyPlot,Protect||||||50|,,,,,Dragon]Rillaboom||AssaultVest|GrassySurge|WoodHammer,GrassyGlide,Uturn,FakeOut|||F|||50|,,,,,Grass]Ninetales-Alola||LightClay|SnowWarning|FreezeDry,AuroraVeil,Blizzard,Encore|||F|||50|,,,,,Water]Annihilape||LumBerry|Defiant|RageFist,DrainPunch,BulkUp,Protect|||F|||50|,,,,,Fire]Maushold-Four||SafetyGoggles|FriendGuard|Taunt,BeatUp,FollowMe,Protect||||||50|,,,,,Ghost
|inactive|Battle timer is ON: inactive players will automatically lose when time's up. (requested by waffle991vgc)
|
|t:|1756649893
|teamsize|p1|4
|teamsize|p2|4
|start
|switch|p1a: Gallade|Gallade, L50, M, shiny|100/100
|switch|p1b: Farigiraf|Farigiraf, L50, M|100/100
|switch|p2a: Ninetales|Ninetales-Alola, L50, F|100/100
|switch|p2b: Annihilape|Annihilape, L50, F|100/100
|-weather|Snowscape|[from] ability: Snow Warning|[of] p2a: Ninetales
|turn|1
|inactive|Yippeeeeeeeevgc has 30 seconds left.
|inactive|Yippeeeeeeeevgc has 20 seconds left.
|inactive|Yippeeeeeeeevgc has 15 seconds left.
|
|t:|1756649936
|move|p1a: Gallade|Protect|p1a: Gallade
|-singleturn|p1a: Gallade|Protect
|move|p2a: Ninetales|Aurora Veil|p2a: Ninetales
|-sidestart|p2: Yippeeeeeeeevgc|move: Aurora Veil
|move|p2b: Annihilape|Bulk Up|p2b: Annihilape
|-boost|p2b: Annihilape|atk|1
|-boost|p2b: Annihilape|def|1
|move|p1b: Farigiraf|Trick Room|p1b: Farigiraf
|-fieldstart|move: Trick Room|[of] p1b: Farigiraf
|
|-weather|Snowscape|[upkeep]
|upkeep
|turn|2
|
|t:|1756649957
|-terastallize|p2b: Annihilape|Fire
|move|p1b: Farigiraf|Dazzling Gleam|p2b: Annihilape|[spread] p2a,p2b
|-resisted|p2b: Annihilape
|-damage|p2a: Ninetales|90/100
|-damage|p2b: Annihilape|95/100
|move|p1a: Gallade|Sacred Sword|p2a: Ninetales
|-damage|p2a: Ninetales|47/100
|move|p2b: Annihilape|Rage Fist|p1a: Gallade
|-supereffective|p1a: Gallade
|-damage|p1a: Gallade|0 fnt
|faint|p1a: Gallade
|move|p2a: Ninetales|Blizzard|p1b: Farigiraf
|-damage|p1b: Farigiraf|73/100
|
|-weather|Snowscape|[upkeep]
|upkeep
|
|t:|1756649965
|switch|p1a: Ursaluna|Ursaluna, L50, M|100/100
|turn|3
|inactive|Yippeeeeeeeevgc has 30 seconds left.
|inactive|Yippeeeeeeeevgc has 20 seconds left.
|
|t:|1756650001
|switch|p2b: Rillaboom|Rillaboom, L50, F|100/100
|-fieldstart|move: Grassy Terrain|[from] ability: Grassy Surge|[of] p2b: Rillaboom
|move|p1a: Ursaluna|Protect|p1a: Ursaluna
|-singleturn|p1a: Ursaluna|Protect
|move|p1b: Farigiraf|Hyper Voice|p2a: Ninetales|[spread] p2a,p2b
|-damage|p2a: Ninetales|31/100
|-damage|p2b: Rillaboom|89/100
|move|p2a: Ninetales|Blizzard|p1a: Ursaluna|[spread] p1b
|-activate|p1a: Ursaluna|move: Protect
|-damage|p1b: Farigiraf|53/100
|-status|p1b: Farigiraf|frz
|
|-weather|Snowscape|[upkeep]
|-heal|p1b: Farigiraf|59/100 frz|[from] Grassy Terrain
|-heal|p2b: Rillaboom|95/100|[from] Grassy Terrain
|-heal|p2a: Ninetales|37/100|[from] Grassy Terrain
|-status|p1a: Ursaluna|brn|[from] item: Flame Orb
|upkeep
|turn|4
|inactive|Yippeeeeeeeevgc has 30 seconds left.
|inactive|Yippeeeeeeeevgc has 20 seconds left.
|inactive|Yippeeeeeeeevgc has 15 seconds left.
|
|t:|1756650042
|-terastallize|p1a: Ursaluna|Normal
|move|p1a: Ursaluna|Facade|p2a: Ninetales
|-damage|p2a: Ninetales|0 fnt
|faint|p2a: Ninetales
|cant|p1b: Farigiraf|frz
|move|p2b: Rillaboom|Wood Hammer|p1a: Ursaluna
|-damage|p1a: Ursaluna|40/100 brn
|-damage|p2b: Rillaboom|72/100|[from] Recoil
|
|-weather|Snowscape|[upkeep]
|-heal|p1a: Ursaluna|46/100 brn|[from] Grassy Terrain
|-heal|p1b: Farigiraf|65/100 frz|[from] Grassy Terrain
|-heal|p2b: Rillaboom|78/100|[from] Grassy Terrain
|-damage|p1a: Ursaluna|40/100 brn|[from] brn
|upkeep
|inactive|Yippeeeeeeeevgc has 30 seconds left.
|
|t:|1756650067
|switch|p2a: Gholdengo|Gholdengo, L50|100/100
|turn|5
|
|t:|1756650092
|move|p1a: Ursaluna|Headlong Rush|p2a: Gholdengo
|-supereffective|p2a: Gholdengo
|-damage|p2a: Gholdengo|0 fnt
|-unboost|p1a: Ursaluna|def|1
|-unboost|p1a: Ursaluna|spd|1
|faint|p2a: Gholdengo
|cant|p1b: Farigiraf|frz
|move|p2b: Rillaboom|Wood Hammer|p1a: Ursaluna
|-damage|p1a: Ursaluna|0 fnt
|faint|p1a: Ursaluna
|-damage|p2b: Rillaboom|64/100|[from] Recoil
|
|-weather|none
|-heal|p1b: Farigiraf|71/100 frz|[from] Grassy Terrain
|-heal|p2b: Rillaboom|69/100|[from] Grassy Terrain
|-fieldend|move: Trick Room
|upkeep
|
|t:|1756650109
|switch|p2a: Annihilape|Annihilape, L50, F, tera:Fire|95/100
|switch|p1a: Sylveon|Sylveon, L50, F, shiny|100/100
|turn|6
|
|t:|1756650131
|move|p2a: Annihilape|Drain Punch|p1b: Farigiraf
|-damage|p1b: Farigiraf|36/100 frz
|-heal|p2a: Annihilape|100/100|[from] drain|[of] p1b: Farigiraf
|move|p2b: Rillaboom|Wood Hammer|p1b: Farigiraf
|-damage|p1b: Farigiraf|0 fnt
|faint|p1b: Farigiraf
|-damage|p2b: Rillaboom|56/100|[from] Recoil
|move|p1a: Sylveon|Hyper Voice|p2a: Annihilape|[spread] p2a,p2b
|-resisted|p2a: Annihilape
|-damage|p2a: Annihilape|79/100
|-damage|p2b: Rillaboom|26/100
|
|-heal|p2a: Annihilape|85/100|[from] Grassy Terrain
|-heal|p2b: Rillaboom|32/100|[from] Grassy Terrain
|upkeep
|turn|7
|inactive|Yippeeeeeeeevgc has 30 seconds left.
|
|t:|1756650160
|move|p2b: Rillaboom|Grassy Glide|p2a: Annihilape
|-resisted|p2a: Annihilape
|-crit|p2a: Annihilape
|-damage|p2a: Annihilape|58/100
|move|p2a: Annihilape|Bulk Up|p2a: Annihilape
|-boost|p2a: Annihilape|atk|1
|-boost|p2a: Annihilape|def|1
|move|p1a: Sylveon|Hyper Voice|p2a: Annihilape|[spread] p2a,p2b
|-resisted|p2a: Annihilape
|-damage|p2a: Annihilape|36/100
|-damage|p2b: Rillaboom|4/100
|
|-heal|p2a: Annihilape|42/100|[from] Grassy Terrain
|-heal|p2b: Rillaboom|9/100|[from] Grassy Terrain
|-fieldend|move: Grassy Terrain
|upkeep
|turn|8
|
|t:|1756650179
|move|p2a: Annihilape|Rage Fist|p1a: Sylveon
|-damage|p1a: Sylveon|0 fnt
|faint|p1a: Sylveon
|
|win|Yippeeeeeeeevgc
||waffle991vgc is ready for game 2.
|l|☆waffle991vgc
|player|p1|
|inactive|Yippeeeeeeeevgc has 30 seconds to confirm battle start!
||Yippeeeeeeeevgc is ready for game 2.
|uhtml|next|Next: Game 2 of 3
|l|☆Yippeeeeeeeevgc
|player|p2|
|j|☆Yippeeeeeeeevgc
|player|p2|Yippeeeeeeeevgc|102|
