|j|☆0oBRUNCHo0
|j|☆ultimatecoward
|html|0oBRUNCHo0ultimatecoward    
|uhtml|bestof|Game 3 of a best-of-3
|t:|1785331167
|gametype|doubles
|player|p1|0oBRUNCHo0|rood|1102
|player|p2|ultimatecoward|medium|1082
|gen|9
|tier|[Gen 9 Champions] VGC 2026 Reg M-B (Bo3)
|rated|
|rule|Species Clause: Limit one of each Pokémon
|rule|Item Clause: Limit 1 of each item
|clearpoke
|poke|p1|Aerodactyl, L50, F|
|poke|p1|Aggron, L50, M, shiny|
|poke|p1|Kingambit, L50, M|
|poke|p1|Sneasler, L50, M|
|poke|p1|Sinistcha-Masterpiece, L50|
|poke|p1|Incineroar, L50, M|
|poke|p2|Maushold, L50|
|poke|p2|Sableye, L50, M|
|poke|p2|Gengar, L50, M|
|poke|p2|Kingambit, L50, M|
|poke|p2|Milotic, L50, F|
|poke|p2|Garchomp, L50, M|
|teampreview|4
|showteam|p1|Aerodactyl||Aerodactylite|Unnerve|RockSlide,IceFang,Tailwind,DualWingbeat|Jolly||F|||50|]Aggron||Aggronite|HeavyMetal|BodyPress,HeavySlam,Protect,IronDefense|Sassy||M|||50|]Kingambit||LifeOrb|Defiant|KowtowCleave,SuckerPunch,SwordsDance,Protect|Adamant||M|||50|]Sneasler||FocusSash|PoisonTouch|CloseCombat,PoisonJab,FakeOut,Protect|Jolly||M|||50|]Sinistcha-Masterpiece||ColburBerry|Hospitality|MatchaGotcha,RagePowder,LifeDew,TrickRoom|Calm|||||50|]Incineroar||SitrusBerry|Intimidate|FakeOut,FlareBlitz,ThroatChop,PartingShot|Impish||M|||50|
|showteam|p2|Maushold||KingsRock|Technician|PopulationBomb,FollowMe,Encore,Protect|Jolly|||||50|]Sableye||Sablenite|Prankster|Gravity,Encore,Disable,RainDance|Sassy||M|||50|]Gengar||Gengarite|CursedBody|Hex,Disable,Hypnosis,Protect|Timid||M|||50|]Kingambit||BlackGlasses|Defiant|KowtowCleave,SuckerPunch,IronHead,LowKick|Adamant||M|||50|]Milotic||Leftovers|Competitive|HydroPump,Hypnosis,Recover,Protect|Bold||F|||50|]Garchomp||ChoiceScarf|RoughSkin|StompingTantrum,RockSlide,DragonClaw,PoisonJab|Jolly||M|||50|
|
|t:|1785331219
|teamsize|p1|4
|teamsize|p2|4
|start
|switch|p1a: Sinistcha|Sinistcha-Masterpiece, L50|100/100
|switch|p1b: Kingambit|Kingambit, L50, M|100/100
|switch|p2a: Sableye|Sableye, L50, M|100/100
|switch|p2b: Gengar|Gengar, L50, M|100/100
|turn|1
|
|t:|1785331258
|switch|p2a: Kingambit|Kingambit, L50, M|100/100
|detailschange|p2b: Gengar|Gengar-Mega, L50, M
|-mega|p2b: Gengar|Gengar|Gengarite
|move|p2b: Gengar|Protect|p2b: Gengar
|-singleturn|p2b: Gengar|Protect
|move|p1a: Sinistcha|Rage Powder|p1a: Sinistcha
|-singleturn|p1a: Sinistcha|move: Rage Powder
|move|p1b: Kingambit|Kowtow Cleave|p2b: Gengar
|-activate|p2b: Gengar|move: Protect
|
|upkeep
|turn|2
|
|t:|1785331341
|switch|p2b: Sableye|Sableye, L50, M|100/100
|move|p1a: Sinistcha|Rage Powder|p1a: Sinistcha
|-singleturn|p1a: Sinistcha|move: Rage Powder
|move|p2a: Kingambit|Low Kick|p1a: Sinistcha
|-immune|p1a: Sinistcha
|move|p1b: Kingambit|Kowtow Cleave|p2b: Sableye
|-damage|p2b: Sableye|10/100
|-damage|p1b: Kingambit|90/100|[from] item: Life Orb
|
|upkeep
|turn|3
|
|t:|1785331400
|move|p2b: Sableye|Disable|p1a: Sinistcha
|-start|p1a: Sinistcha|Disable|Rage Powder
|move|p1a: Sinistcha|Matcha Gotcha|p2a: Kingambit|[spread] p2a,p2b
|-resisted|p2a: Kingambit|1
|-damage|p2a: Kingambit|86/100
|-damage|p2b: Sableye|0 fnt
|-status|p2a: Kingambit|brn
|faint|p2b: Sableye
|move|p2a: Kingambit|Low Kick|p1b: Kingambit
|-supereffective|p1b: Kingambit|2
|-damage|p1b: Kingambit|29/100
|move|p1b: Kingambit|Swords Dance|p1b: Kingambit
|-boost|p1b: Kingambit|atk|2
|
|-damage|p2a: Kingambit|80/100 brn|[from] brn
|upkeep
|
|t:|1785331416
|switch|p2b: Gengar|Gengar-Mega, L50, M|100/100
|turn|4
|
|t:|1785331461
|move|p1b: Kingambit|Protect|p1b: Kingambit
|-singleturn|p1b: Kingambit|Protect
|move|p2b: Gengar|Hypnosis|p1a: Sinistcha|[miss]
|-miss|p2b: Gengar|p1a: Sinistcha
|move|p2a: Kingambit|Low Kick|p1b: Kingambit
|-activate|p1b: Kingambit|move: Protect
|move|p1a: Sinistcha|Trick Room|p1a: Sinistcha
|-fieldstart|move: Trick Room|[of] p1a: Sinistcha
|
|-damage|p2a: Kingambit|74/100 brn|[from] brn
|upkeep
|turn|5
|
|t:|1785331488
|move|p2b: Gengar|Protect|p2b: Gengar
|-singleturn|p2b: Gengar|Protect
|move|p1b: Kingambit|Kowtow Cleave|p2b: Gengar
|-activate|p2b: Gengar|move: Protect
|move|p2a: Kingambit|Low Kick|p1b: Kingambit
|-supereffective|p1b: Kingambit|2
|-damage|p1b: Kingambit|0 fnt
|faint|p1b: Kingambit
|move|p1a: Sinistcha|Life Dew||[still]
|-fail|p1a: Sinistcha|heal
|
|-damage|p2a: Kingambit|68/100 brn|[from] brn
|upkeep
|
|t:|1785331501
|switch|p1b: Aggron|Aggron, L50, M, shiny|100/100
|turn|6
|
|t:|1785331549
|switch|p2a: Milotic|Milotic, L50, F|100/100
|detailschange|p1b: Aggron|Aggron-Mega, L50, M, shiny
|-mega|p1b: Aggron|Aggron|Aggronite
|move|p1b: Aggron|Heavy Slam|p2b: Gengar
|-damage|p2b: Gengar|22/100
|move|p1a: Sinistcha|Matcha Gotcha|p2b: Gengar|[spread] p2a,p2b
|-supereffective|p2a: Milotic|1
|-resisted|p2b: Gengar|1
|-damage|p2a: Milotic|66/100
|-damage|p2b: Gengar|8/100
|-status|p2b: Gengar|brn
|move|p2b: Gengar|Hypnosis|p1b: Aggron
|-status|p1b: Aggron|slp|[from] move: Hypnosis
|
|-heal|p2a: Milotic|72/100|[from] item: Leftovers
|-damage|p2b: Gengar|2/100 brn|[from] brn
|-end|p1a: Sinistcha|Disable
|upkeep
|turn|7
|
|t:|1785331584
|cant|p1b: Aggron|slp
|move|p1a: Sinistcha|Matcha Gotcha|p2a: Milotic|[spread] p2a,p2b
|-supereffective|p2a: Milotic|1
|-resisted|p2b: Gengar|1
|-damage|p2a: Milotic|35/100
|-damage|p2b: Gengar|0 fnt
|faint|p2b: Gengar
|move|p2a: Milotic|Hypnosis|p1a: Sinistcha|[miss]
|-miss|p2a: Milotic|p1a: Sinistcha
|
|-heal|p2a: Milotic|41/100|[from] item: Leftovers
|upkeep
|
|t:|1785331595
|switch|p2b: Kingambit|Kingambit, L50, M|68/100 brn
|turn|8
|
|t:|1785331609
|cant|p1b: Aggron|slp
|move|p2b: Kingambit|Kowtow Cleave|p1a: Sinistcha
|-supereffective|p1a: Sinistcha|1
|-enditem|p1a: Sinistcha|Colbur Berry|[eat]
|-enditem|p1a: Sinistcha|Colbur Berry|[weaken]
|-damage|p1a: Sinistcha|74/100
|move|p1a: Sinistcha|Matcha Gotcha|p2a: Milotic|[spread] p2a,p2b
|-supereffective|p2a: Milotic|1
|-resisted|p2b: Kingambit|1
|-damage|p2a: Milotic|5/100
|-heal|p1a: Sinistcha|94/100|[from] drain|[of] p2a: Milotic
|-damage|p2b: Kingambit|55/100 brn
|-heal|p1a: Sinistcha|100/100|[from] drain|[of] p2b: Kingambit
|move|p2a: Milotic|Hydro Pump|p1b: Aggron
|-damage|p1b: Aggron|64/100 slp
|
|-heal|p2a: Milotic|11/100|[from] item: Leftovers
|-damage|p2b: Kingambit|49/100 brn|[from] brn
|-fieldend|move: Trick Room
|upkeep
|turn|9
|
|t:|1785331646
|move|p2a: Milotic|Hydro Pump|p1b: Aggron
|-crit|p1b: Aggron
|-damage|p1b: Aggron|11/100 slp
|move|p1a: Sinistcha|Matcha Gotcha|p2a: Milotic|[spread] p2a,p2b
|-supereffective|p2a: Milotic|1
|-resisted|p2b: Kingambit|1
|-damage|p2a: Milotic|0 fnt
|-damage|p2b: Kingambit|37/100 brn
|faint|p2a: Milotic
|move|p2b: Kingambit|Kowtow Cleave|p1a: Sinistcha
|-supereffective|p1a: Sinistcha|1
|-crit|p1a: Sinistcha
|-damage|p1a: Sinistcha|26/100
|-curestatus|p1b: Aggron|slp|[msg]
|move|p1b: Aggron|Body Press|p2b: Kingambit
|-supereffective|p2b: Kingambit|2
|-damage|p2b: Kingambit|0 fnt
|faint|p2b: Kingambit
|
|win|0oBRUNCHo0
|raw|0oBRUNCHo0's rating: 1102 → 1126(+24 for winning)
|raw|ultimatecoward's rating: 1082 → 1061(-21 for losing)
|l|☆ultimatecoward
|player|p2|
|j|☆ultimatecoward
|player|p2|ultimatecoward|medium|
