|j|☆elgateau2
|j|☆Los Ramirez
|html|elgateau2Los Ramirez    
|uhtml|bestof|Game 2 of a best-of-3
|t:|1783008207
|gametype|doubles
|player|p1|elgateau2|koga|1116
|player|p2|Los Ramirez|will|1255
|gen|9
|tier|[Gen 9 Champions] VGC 2026 Reg M-B (Bo3)
|rated|
|rule|Species Clause: Limit one of each Pokémon
|rule|Item Clause: Limit 1 of each item
|clearpoke
|poke|p1|Charizard, L50, M|
|poke|p1|Basculegion, L50, M|
|poke|p1|Whimsicott, L50, M|
|poke|p1|Kingambit, L50, F|
|poke|p1|Garchomp, L50, F|
|poke|p1|Sneasler, L50, M|
|poke|p2|Floette-Eternal, L50, F|
|poke|p2|Incineroar, L50, F|
|poke|p2|Sinistcha, L50|
|poke|p2|Ditto, L50|
|poke|p2|Blaziken, L50, F|
|poke|p2|Sneasler, L50, F|
|teampreview|4
|showteam|p1|Charizard||CharizarditeY|Blaze|WeatherBall,HeatWave,Protect,SolarBeam|Modest||M|||50|]Basculegion||MysticWater|Adaptability|WaveCrash,LastRespects,AquaJet,Protect|Adamant||M|||50|]Whimsicott||FocusSash|Prankster|Moonblast,Encore,Tailwind,Protect|Timid||M|||50|]Kingambit||OccaBerry|Defiant|KowtowCleave,IronHead,SuckerPunch,Protect|Adamant||F|||50|]Garchomp||LifeOrb|RoughSkin|RockSlide,Earthquake,DragonClaw,Protect|Jolly||F|||50|]Sneasler||WhiteHerb|Unburden|FakeOut,CloseCombat,DireClaw,Protect|Adamant||M|||50|
|showteam|p2|Floette-Eternal||Floettite|FlowerVeil|Protect,DazzlingGleam,CalmMind,DrainingKiss|Modest||F|||50|]Incineroar||PasshoBerry|Intimidate|FakeOut,FlareBlitz,PartingShot,ThroatChop|Impish||F|||50|]Sinistcha||KasibBerry|Hospitality|LifeDew,MatchaGotcha,RagePowder,TrickRoom|Calm|||||50|]Ditto||FocusSash|Imposter|Transform|Timid|||||50|]Blaziken||Blazikenite|SpeedBoost|Protect,FlareBlitz,CloseCombat,SwordsDance|Adamant||F|||50|]Sneasler||WhiteHerb|Unburden|Protect,CloseCombat,DireClaw,FakeOut|Jolly||F|||50|
|inactive|Battle timer is ON: inactive players will automatically lose when time's up. (requested by Los Ramirez)
|
|t:|1783008225
|teamsize|p1|4
|teamsize|p2|4
|start
|switch|p1a: Garchomp|Garchomp, L50, F|100/100
|switch|p1b: Whimsicott|Whimsicott, L50, M|100/100
|switch|p2a: Incineroar|Incineroar, L50, F|100/100
|switch|p2b: Floette|Floette-Eternal, L50, F|100/100
|-ability|p2a: Incineroar|Intimidate|boost
|-unboost|p1a: Garchomp|atk|1
|-unboost|p1b: Whimsicott|atk|1
|turn|1
|
|t:|1783008246
|detailschange|p2b: Floette|Floette-Mega, L50, F
|-mega|p2b: Floette|Floette|Floettite
|-ability|p2b: Floette|Fairy Aura
|move|p1a: Garchomp|Protect|p1a: Garchomp
|-singleturn|p1a: Garchomp|Protect
|move|p2a: Incineroar|Fake Out|p1b: Whimsicott
|-damage|p1b: Whimsicott|83/100
|cant|p1b: Whimsicott|flinch
|move|p2b: Floette|Dazzling Gleam|p1b: Whimsicott|[spread] p1b
|-activate|p1a: Garchomp|move: Protect
|-damage|p1b: Whimsicott|8/100
|
|upkeep
|turn|2
|
|t:|1783008264
|switch|p2a: Ditto|Ditto, L50|100/100
|-transform|p2a: Ditto|p1b: Whimsicott|[from] ability: Imposter
|move|p1b: Whimsicott|Tailwind|p1b: Whimsicott
|-sidestart|p1: elgateau2|move: Tailwind
|move|p1a: Garchomp|Earthquake|p2b: Floette|[spread] p1b,p2a,p2b
|-resisted|p1b: Whimsicott|1
|-resisted|p2a: Ditto|1
|-damage|p1b: Whimsicott|0 fnt
|-damage|p2a: Ditto|76/100
|-damage|p2b: Floette|68/100
|faint|p1b: Whimsicott
|-damage|p1a: Garchomp|90/100|[from] item: Life Orb
|move|p2b: Floette|Dazzling Gleam|p1a: Garchomp
|-supereffective|p1a: Garchomp|1
|-damage|p1a: Garchomp|0 fnt
|faint|p1a: Garchomp
|
|upkeep
|
|t:|1783008280
|switch|p1b: Charizard|Charizard, L50, M|100/100
|switch|p1a: Basculegion|Basculegion, L50, M|100/100
|turn|3
|
|t:|1783008288
|detailschange|p1b: Charizard|Charizard-Mega-Y, L50, M
|-mega|p1b: Charizard|Charizard|Charizardite Y
|-weather|SunnyDay|[from] ability: Drought|[of] p1b: Charizard
|move|p2b: Floette|Protect|p2b: Floette
|-singleturn|p2b: Floette|Protect
|move|p2a: Ditto|Tailwind|p2a: Ditto
|-sidestart|p2: Los Ramirez|move: Tailwind
|move|p1b: Charizard|Heat Wave|p2b: Floette|[spread] p2a
|-activate|p2b: Floette|move: Protect
|-supereffective|p2a: Ditto|1
|-crit|p2a: Ditto
|-damage|p2a: Ditto|0 fnt
|faint|p2a: Ditto
|move|p1a: Basculegion|Last Respects|p2b: Floette
|-activate|p2b: Floette|move: Protect
|
|-weather|SunnyDay|[upkeep]
|upkeep
|
|t:|1783008304
|switch|p2a: Incineroar|Incineroar, L50, F|100/100
|-ability|p2a: Incineroar|Intimidate|boost
|-unboost|p1a: Basculegion|atk|1
|-unboost|p1b: Charizard|atk|1
|turn|4
|
|t:|1783008314
|move|p1b: Charizard|Protect|p1b: Charizard
|-singleturn|p1b: Charizard|Protect
|move|p2a: Incineroar|Fake Out|p1b: Charizard
|-activate|p1b: Charizard|move: Protect
|move|p2b: Floette|Draining Kiss|p1a: Basculegion
|-damage|p1a: Basculegion|62/100
|-heal|p2b: Floette|100/100|[from] drain|[of] p1a: Basculegion
|move|p1a: Basculegion|Last Respects|p2b: Floette
|-damage|p2b: Floette|31/100
|
|-weather|SunnyDay|[upkeep]
|upkeep
|turn|5
|
|t:|1783008329
|move|p1b: Charizard|Heat Wave|p2b: Floette|[spread] p2a
|-miss|p1b: Charizard|p2b: Floette
|-resisted|p2a: Incineroar|1
|-damage|p2a: Incineroar|64/100
|move|p2b: Floette|Dazzling Gleam|p1b: Charizard|[spread] p1a,p1b
|-resisted|p1b: Charizard|1
|-damage|p1a: Basculegion|20/100y
|-damage|p1b: Charizard|78/100
|move|p2a: Incineroar|Throat Chop|p1a: Basculegion
|-supereffective|p1a: Basculegion|1
|-crit|p1a: Basculegion
|-damage|p1a: Basculegion|0 fnt
|faint|p1a: Basculegion
|
|-weather|SunnyDay|[upkeep]
|-sideend|p1: elgateau2|move: Tailwind
|upkeep
|turn|6
|
|t:|1783008343
|move|p2b: Floette|Draining Kiss|p1b: Charizard
|-resisted|p1b: Charizard|1
|-damage|p1b: Charizard|58/100
|-heal|p2b: Floette|43/100|[from] drain|[of] p1b: Charizard
|move|p2a: Incineroar|Parting Shot|p1b: Charizard
|-unboost|p1b: Charizard|atk|1
|-unboost|p1b: Charizard|spa|1
|
|t:|1783008349
|switch|p2a: Sneasler|Sneasler, L50, F|100/100|[from] Parting Shot
|move|p1b: Charizard|Heat Wave|p2b: Floette|[spread] 
|-miss|p1b: Charizard|p2a: Sneasler
|-miss|p1b: Charizard|p2b: Floette
|
|-weather|SunnyDay|[upkeep]
|-sideend|p2: Los Ramirez|move: Tailwind
|upkeep
|turn|7
|
|t:|1783008361
|move|p1b: Charizard|Protect|p1b: Charizard
|-singleturn|p1b: Charizard|Protect
|move|p2a: Sneasler|Fake Out|p1b: Charizard
|-activate|p1b: Charizard|move: Protect
|move|p2b: Floette|Calm Mind|p2b: Floette
|-boost|p2b: Floette|spa|1
|-boost|p2b: Floette|spd|1
|
|-weather|none
|upkeep
|turn|8
|
|t:|1783008365
|move|p2a: Sneasler|Dire Claw|p1b: Charizard
|-damage|p1b: Charizard|2/100
|move|p1b: Charizard|Heat Wave|p2a: Sneasler|[spread] p2a
|-miss|p1b: Charizard|p2b: Floette
|-damage|p2a: Sneasler|56/100
|move|p2b: Floette|Draining Kiss|p1b: Charizard
|-resisted|p1b: Charizard|1
|-damage|p1b: Charizard|0 fnt
|-heal|p2b: Floette|45/100|[from] drain|[of] p1b: Charizard
|faint|p1b: Charizard
|
|win|Los Ramirez
||Los Ramirez is ready for game 3.
|inactive|elgateau2 has 30 seconds to confirm battle start!
||elgateau2 is ready for game 3.
|uhtml|next|Next: Game 3 of 3
