|j|☆Olciax34
|j|☆Onemagician4496
|html|Olciax34Onemagician4496    
|uhtml|bestof|Game 1 of a best-of-3
|t:|1783548079
|gametype|doubles
|player|p1|Olciax34|clair|1220
|player|p2|Onemagician4496|iris-gen5bw2|1247
|gen|9
|tier|[Gen 9 Champions] VGC 2026 Reg M-B (Bo3)
|rated|
|rule|Species Clause: Limit one of each Pokémon
|rule|Item Clause: Limit 1 of each item
|clearpoke
|poke|p1|Gholdengo, L50|
|poke|p1|Pelipper, L50, M|
|poke|p1|Swampert, L50, M|
|poke|p1|Archaludon, L50, M|
|poke|p1|Sableye, L50, M|
|poke|p1|Meganium, L50, F|
|poke|p2|Charizard, L50, M|
|poke|p2|Venusaur, L50, F|
|poke|p2|Incineroar, L50, M|
|poke|p2|Garchomp, L50, M|
|poke|p2|Toxapex, L50, M|
|poke|p2|Mamoswine, L50, F|
|teampreview|4
|showteam|p1|Gholdengo||LifeOrb|GoodasGold|MakeItRain,ShadowBall,NastyPlot,Protect|Modest|||||50|]Pelipper||SitrusBerry|Drizzle|WeatherBall,Hurricane,Tailwind,Protect|Modest||M|||50|]Swampert||Swampertite|Torrent|Earthquake,WaveCrash,IcePunch,Protect|Adamant||M|||50|]Archaludon||Leftovers|Stamina|ElectroShot,FlashCannon,DragonPulse,Protect|Modest||M|||50|]Sableye||RoseliBerry|Prankster|WillOWisp,LightScreen,RainDance,Encore|Careful||M|||50|]Meganium||Meganiumite|LeafGuard|SolarBeam,WeatherBall,DazzlingGleam,Synthesis|Modest||F|||50|
|showteam|p2|Charizard||CharizarditeY|Blaze|HeatWave,WeatherBall,HelpingHand,Protect|Modest||M|||50|]Venusaur||LifeOrb|Chlorophyll|SolarBeam,SludgeBomb,EarthPower,Protect|Modest||F|||50|]Incineroar||SitrusBerry|Intimidate|FakeOut,ThroatChop,FlareBlitz,PartingShot|Impish||M|||50|]Garchomp||ChoiceScarf|RoughSkin|Earthquake,DragonClaw,RockSlide,StompingTantrum|Adamant||M|||50|]Toxapex||Leftovers|Regenerator|Toxic,Infestation,WideGuard,BanefulBunker|Bold||M|||50|]Mamoswine||FocusSash|Oblivious|HighHorsepower,IceShard,RockTomb,Protect|Jolly||F|||50|
|inactive|Battle timer is ON: inactive players will automatically lose when time's up. (requested by Onemagician4496)
|inactive|Onemagician4496 has 60 seconds left.
|inactive|Olciax34 has 60 seconds left.
|inactive|Onemagician4496 has 30 seconds left.
|inactive|Onemagician4496 has 20 seconds left.
|inactive|Onemagician4496 has 15 seconds left.
|inactive|Onemagician4496 has 10 seconds left.
|
|t:|1783548160
|teamsize|p1|4
|teamsize|p2|4
|start
|switch|p1a: Sableye|Sableye, L50, M|100/100
|switch|p1b: Archaludon|Archaludon, L50, M|100/100
|switch|p2a: Charizard|Charizard, L50, M|100/100
|switch|p2b: Venusaur|Venusaur, L50, F|100/100
|turn|1
|inactive|Olciax34 has 30 seconds left.
|inactive|Olciax34 has 20 seconds left.
|inactive|Olciax34 has 15 seconds left.
|inactive|Olciax34 has 10 seconds left.
|inactive|Olciax34 has 5 seconds left.
|
|t:|1783548213
|move|p2a: Charizard|Helping Hand|p2b: Venusaur
|-singleturn|p2b: Venusaur|Helping Hand|[of] p2a: Charizard
|move|p1a: Sableye|Rain Dance|p1a: Sableye
|-weather|RainDance
|move|p2b: Venusaur|Earth Power|p1b: Archaludon
|-supereffective|p1b: Archaludon|1
|-damage|p1b: Archaludon|0 fnt
|faint|p1b: Archaludon
|-damage|p2b: Venusaur|90/100|[from] item: Life Orb
|
|-weather|RainDance|[upkeep]
|upkeep
|
|t:|1783548222
|switch|p1b: Swampert|Swampert, L50, M|100/100
|turn|2
|
|t:|1783548244
|switch|p2a: Toxapex|Toxapex, L50, M|100/100
|detailschange|p1b: Swampert|Swampert-Mega, L50, M
|-mega|p1b: Swampert|Swampert|Swampertite
|move|p1a: Sableye|Rain Dance||[still]
|-fail|p1a: Sableye
|move|p1b: Swampert|Ice Punch|p2b: Venusaur
|-supereffective|p2b: Venusaur|1
|-damage|p2b: Venusaur|0 fnt
|faint|p2b: Venusaur
|
|-weather|RainDance|[upkeep]
|upkeep
|
|t:|1783548261
|switch|p2b: Charizard|Charizard, L50, M|100/100
|turn|3
|
|t:|1783548276
|move|p2b: Charizard|Protect|p2b: Charizard
|-singleturn|p2b: Charizard|Protect
|move|p1a: Sableye|Rain Dance||[still]
|-fail|p1a: Sableye
|move|p1b: Swampert|Earthquake|p2b: Charizard|[spread] p1a,p2a
|-activate|p2b: Charizard|move: Protect
|-supereffective|p2a: Toxapex|1
|-damage|p1a: Sableye|38/100
|-damage|p2a: Toxapex|38/100
|move|p2a: Toxapex|Infestation|p1b: Swampert
|-damage|p1b: Swampert|97/100
|-activate|p1b: Swampert|move: Infestation|[of] p2a: Toxapex
|
|-weather|RainDance|[upkeep]
|-heal|p2a: Toxapex|44/100|[from] item: Leftovers
|-damage|p1b: Swampert|85/100|[from] move: Infestation|[partiallytrapped]
|upkeep
|turn|4
|
|t:|1783548301
|switch|p2b: Garchomp|Garchomp, L50, M|100/100
|move|p1a: Sableye|Rain Dance||[still]
|-fail|p1a: Sableye
|move|p1b: Swampert|Wave Crash|p2b: Garchomp
|-damage|p2b: Garchomp|0 fnt
|-damage|p1b: Swampert|73/100|[from] ability: Rough Skin|[of] p2b: Garchomp
|faint|p2b: Garchomp
|-damage|p1b: Swampert|39/100|[from] Recoil
|move|p2a: Toxapex|Toxic|p1b: Swampert
|-status|p1b: Swampert|tox
|
|-weather|RainDance|[upkeep]
|-heal|p2a: Toxapex|50/100g|[from] item: Leftovers
|-damage|p1b: Swampert|33/100 tox|[from] psn
|-damage|p1b: Swampert|21/100 tox|[from] move: Infestation|[partiallytrapped]
|upkeep
|
|t:|1783548308
|switch|p2b: Charizard|Charizard, L50, M|100/100
|turn|5
|inactive|Onemagician4496 has 30 seconds left.
|inactive|Onemagician4496 has 20 seconds left.
|
|t:|1783548350
|move|p2b: Charizard|Protect|p2b: Charizard
|-singleturn|p2b: Charizard|Protect
|move|p1a: Sableye|Rain Dance||[still]
|-fail|p1a: Sableye
|move|p1b: Swampert|Wave Crash|p2b: Charizard
|-activate|p2b: Charizard|move: Protect
|move|p2a: Toxapex|Infestation|p1a: Sableye
|-damage|p1a: Sableye|35/100
|-activate|p1a: Sableye|move: Infestation|[of] p2a: Toxapex
|
|-weather|none
|-heal|p2a: Toxapex|56/100|[from] item: Leftovers
|-damage|p1b: Swampert|9/100 tox|[from] psn
|-damage|p1b: Swampert|0 fnt|[from] move: Infestation|[partiallytrapped]
|faint|p1b: Swampert
|-damage|p1a: Sableye|22/100|[from] move: Infestation|[partiallytrapped]
|upkeep
|
|t:|1783548364
|switch|p1b: Gholdengo|Gholdengo, L50|100/100
|turn|6
|
|t:|1783548382
|detailschange|p2b: Charizard|Charizard-Mega-Y, L50, M
|-mega|p2b: Charizard|Charizard|Charizardite Y
|-weather|SunnyDay|[from] ability: Drought|[of] p2b: Charizard
|move|p2b: Charizard|Helping Hand|p2a: Toxapex
|-singleturn|p2a: Toxapex|Helping Hand|[of] p2b: Charizard
|move|p1a: Sableye|Encore|p2b: Charizard
|-start|p2b: Charizard|Encore
|move|p1b: Gholdengo|Shadow Ball|p2b: Charizard
|-damage|p2b: Charizard|56/100
|-damage|p1b: Gholdengo|90/100|[from] item: Life Orb
|move|p2a: Toxapex|Infestation|p1b: Gholdengo
|-resisted|p1b: Gholdengo|2
|-damage|p1b: Gholdengo|89/100
|-activate|p1b: Gholdengo|move: Infestation|[of] p2a: Toxapex
|
|-weather|SunnyDay|[upkeep]
|-heal|p2a: Toxapex|61/100|[from] item: Leftovers
|-damage|p1b: Gholdengo|76/100|[from] move: Infestation|[partiallytrapped]
|-damage|p1a: Sableye|10/100|[from] move: Infestation|[partiallytrapped]
|upkeep
|turn|7
|
|t:|1783548404
|move|p2b: Charizard|Helping Hand|p2a: Toxapex
|-singleturn|p2a: Toxapex|Helping Hand|[of] p2b: Charizard
|move|p2a: Toxapex|Baneful Bunker|p2a: Toxapex
|-singleturn|p2a: Toxapex|move: Protect
|move|p1a: Sableye|Light Screen|p1a: Sableye
|-sidestart|p1: Olciax34|move: Light Screen
|move|p1b: Gholdengo|Nasty Plot|p1b: Gholdengo
|-boost|p1b: Gholdengo|spa|2
|
|-weather|SunnyDay|[upkeep]
|-heal|p2a: Toxapex|67/100|[from] item: Leftovers
|-damage|p1b: Gholdengo|64/100|[from] move: Infestation|[partiallytrapped]
|-damage|p1a: Sableye|0 fnt|[from] move: Infestation|[partiallytrapped]
|faint|p1a: Sableye
|upkeep
|turn|8
|
|t:|1783548425
|move|p2b: Charizard|Helping Hand|p2a: Toxapex
|-singleturn|p2a: Toxapex|Helping Hand|[of] p2b: Charizard
|move|p1b: Gholdengo|Shadow Ball|p2b: Charizard
|-crit|p2b: Charizard
|-damage|p2b: Charizard|0 fnt
|faint|p2b: Charizard
|-damage|p1b: Gholdengo|54/100|[from] item: Life Orb
|move|p2a: Toxapex|Infestation|p1b: Gholdengo
|-resisted|p1b: Gholdengo|2
|-damage|p1b: Gholdengo|54/100
|
|-weather|SunnyDay|[upkeep]
|-heal|p2a: Toxapex|73/100|[from] item: Leftovers
|-damage|p1b: Gholdengo|41/100|[from] move: Infestation|[partiallytrapped]
|upkeep
|turn|9
|
|t:|1783548452
|move|p1b: Gholdengo|Nasty Plot|p1b: Gholdengo
|-boost|p1b: Gholdengo|spa|2
|move|p2a: Toxapex|Infestation|p1b: Gholdengo
|-resisted|p1b: Gholdengo|2
|-damage|p1b: Gholdengo|41/100
|
|-weather|SunnyDay|[upkeep]
|-heal|p2a: Toxapex|78/100|[from] item: Leftovers
|-damage|p1b: Gholdengo|28/100|[from] move: Infestation|[partiallytrapped]
|upkeep
|turn|10
|
|t:|1783548465
|move|p1b: Gholdengo|Shadow Ball|p2a: Toxapex
|-damage|p2a: Toxapex|0 fnt
|faint|p2a: Toxapex
|-damage|p1b: Gholdengo|19/100|[from] item: Life Orb
|
|win|Olciax34
