|j|☆MackleMorelull
|j|☆treb clef
|html|MackleMorelulltreb clef    
|uhtml|bestof|Game 3 of a best-of-3
|t:|1784403387
|gametype|doubles
|player|p1|MackleMorelull|worker|
|player|p2|treb clef|clay|
|gen|9
|tier|[Gen 9 Champions] VGC 2026 Reg M-B (Bo3)
|rule|Species Clause: Limit one of each Pokémon
|rule|Item Clause: Limit 1 of each item
|clearpoke
|poke|p1|Sinistcha, L50|
|poke|p1|Klefki, L50, F|
|poke|p1|Azumarill, L50, F|
|poke|p1|Drampa, L50, F|
|poke|p1|Aerodactyl, L50, M|
|poke|p1|Conkeldurr, L50, F|
|poke|p2|Floette-Eternal, L50, F|
|poke|p2|Milotic, L50, M|
|poke|p2|Grimmsnarl, L50, M|
|poke|p2|Hydreigon, L50, F|
|poke|p2|Staraptor, L50, M|
|poke|p2|Arcanine-Hisui, L50, M|
|teampreview|4
|showteam|p1|Sinistcha||SitrusBerry|Hospitality|LifeDew,RagePowder,MatchaGotcha,TrickRoom|Relaxed|||||50|]Klefki||MentalHerb|Prankster|TrickRoom,LightScreen,DrainingKiss,Reflect|Relaxed||F|||50|]Azumarill||ExpertBelt|HugePower|Liquidation,AquaJet,PlayRough,Protect|Adamant||F|||50|]Drampa||Drampanite|CloudNine|DragonPulse,HyperVoice,Protect,EarthPower|Modest||F|||50|]Aerodactyl||Aerodactylite|Unnerve|RockSlide,DualWingbeat,PsychicFangs,WideGuard|Jolly||M|||50|]Conkeldurr||LifeOrb|IronFist|HammerArm,DrainPunch,RockSlide,KnockOff|Adamant||F|||50|
|showteam|p2|Floette-Eternal||Floettite|FlowerVeil|DrainingKiss,DazzlingGleam,Protect,CalmMind|Modest||F|||50|]Milotic||Leftovers|Competitive|LifeDew,IcyWind,Scald,Protect|Bold||M|||50|]Grimmsnarl||LightClay|Prankster|LightScreen,Reflect,ScaryFace,SpiritBreak|Careful||M|||50|]Hydreigon||DragonFang|Levitate|Taunt,Tailwind,Snarl,DracoMeteor|Timid||F|||50|]Staraptor||Staraptite|Intimidate|Protect,Roost,CloseCombat,BraveBird|Jolly||M|||50|]Arcanine-Hisui||ChoiceScarf|RockHead|WillOWisp,RockSlide,FlareBlitz,HeadSmash|Jolly||M|||50|
|
|t:|1784403418
|teamsize|p1|4
|teamsize|p2|4
|start
|switch|p1a: House Keys|Klefki, L50, F|100/100
|switch|p1b: Great Great Grampa|Aerodactyl, L50, M|100/100
|switch|p2a: Floette|Floette-Eternal, L50, F|100/100
|switch|p2b: Grimmsnarl|Grimmsnarl, L50, M|100/100
|-ability|p1b: Great Great Grampa|Unnerve
|turn|1
|
|t:|1784403442
|detailschange|p1b: Great Great Grampa|Aerodactyl-Mega, L50, M
|-mega|p1b: Great Great Grampa|Aerodactyl|Aerodactylite
|detailschange|p2a: Floette|Floette-Mega, L50, F
|-mega|p2a: Floette|Floette|Floettite
|-ability|p2a: Floette|Fairy Aura
|move|p2a: Floette|Protect|p2a: Floette
|-singleturn|p2a: Floette|Protect
|move|p1a: House Keys|Light Screen|p1a: House Keys
|-sidestart|p1: MackleMorelull|move: Light Screen
|move|p1b: Great Great Grampa|Rock Slide|p2b: Grimmsnarl|[spread] p2b
|-activate|p2a: Floette|move: Protect
|-damage|p2b: Grimmsnarl|60/100
|move|p2b: Grimmsnarl|Spirit Break|p1b: Great Great Grampa
|-damage|p1b: Great Great Grampa|43/100
|-unboost|p1b: Great Great Grampa|spa|1
|
|upkeep
|turn|2
|
|t:|1784403465
|move|p1a: House Keys|Reflect|p1a: House Keys
|-sidestart|p1: MackleMorelull|Reflect
|move|p2b: Grimmsnarl|Reflect|p2b: Grimmsnarl
|-sidestart|p2: treb clef|Reflect
|move|p1b: Great Great Grampa|Rock Slide|p2b: Grimmsnarl|[spread] p2a,p2b
|-damage|p2a: Floette|76/100
|-damage|p2b: Grimmsnarl|37/100
|move|p2a: Floette|Calm Mind|p2a: Floette
|-boost|p2a: Floette|spa|1
|-boost|p2a: Floette|spd|1
|
|upkeep
|turn|3
|
|t:|1784403482
|move|p2b: Grimmsnarl|Scary Face|p1b: Great Great Grampa
|-unboost|p1b: Great Great Grampa|spe|2
|move|p2a: Floette|Draining Kiss|p1b: Great Great Grampa
|-damage|p1b: Great Great Grampa|0 fnt
|-heal|p2a: Floette|100/100|[from] drain|[of] p1b: Great Great Grampa
|faint|p1b: Great Great Grampa
|move|p1a: House Keys|Draining Kiss|p2b: Grimmsnarl
|-supereffective|p2b: Grimmsnarl|1
|-damage|p2b: Grimmsnarl|6/100
|
|upkeep
|
|t:|1784403490
|switch|p1b: The Woker|Azumarill, L50, F|100/100
|turn|4
|
|t:|1784403507
|switch|p2b: Milotic|Milotic, L50, M|100/100
|move|p2a: Floette|Calm Mind|p2a: Floette
|-boost|p2a: Floette|spa|1
|-boost|p2a: Floette|spd|1
|move|p1b: The Woker|Liquidation|p2a: Floette
|-damage|p2a: Floette|55/100
|move|p1a: House Keys|Trick Room|p1a: House Keys
|-fieldstart|move: Trick Room|[of] p1a: House Keys
|
|upkeep
|turn|5
|
|t:|1784403530
|move|p2a: Floette|Protect|p2a: Floette
|-singleturn|p2a: Floette|Protect
|move|p1b: The Woker|Liquidation|p2a: Floette
|-activate|p2a: Floette|move: Protect
|move|p1a: House Keys|Draining Kiss|p2b: Milotic
|-damage|p2b: Milotic|88/100
|move|p2b: Milotic|Life Dew|p2b: Milotic|[spread] p2a,p2b
|-heal|p2a: Floette|80/100
|-heal|p2b: Milotic|100/100
|
|-sideend|p1: MackleMorelull|move: Light Screen
|upkeep
|turn|6
|
|t:|1784403545
|move|p1a: House Keys|Light Screen|p1a: House Keys
|-sidestart|p1: MackleMorelull|move: Light Screen
|move|p1b: The Woker|Liquidation|p2a: Floette
|-damage|p2a: Floette|40/100
|-unboost|p2a: Floette|def|1
|move|p2b: Milotic|Scald|p1b: The Woker
|-resisted|p1b: The Woker|1
|-damage|p1b: The Woker|90/100
|-status|p1b: The Woker|brn
|move|p2a: Floette|Draining Kiss|p1b: The Woker
|-damage|p1b: The Woker|35/100 brn
|-heal|p2a: Floette|88/100|[from] drain|[of] p1b: The Woker
|
|-damage|p1b: The Woker|29/100 brn|[from] brn
|-sideend|p1: MackleMorelull|Reflect
|upkeep
|turn|7
|
|t:|1784403571
|switch|p1a: Gramp Gramp|Conkeldurr, L50, F|100/100
|move|p1b: The Woker|Liquidation|p2a: Floette
|-damage|p2a: Floette|60/100
|move|p2b: Milotic|Scald|p1a: Gramp Gramp
|-damage|p1a: Gramp Gramp|78/100
|move|p2a: Floette|Dazzling Gleam|p1a: Gramp Gramp|[spread] p1a,p1b
|-supereffective|p1a: Gramp Gramp|1
|-damage|p1a: Gramp Gramp|0 fnt
|-damage|p1b: The Woker|0 fnt
|faint|p1a: Gramp Gramp
|faint|p1b: The Woker
|
|upkeep
|
|t:|1784403574
|switch|p1b: House Keys|Klefki, L50, F|100/100
|turn|8
|
|t:|1784403581
|move|p2b: Milotic|Scald|p1b: House Keys
|-damage|p1b: House Keys|78/100
|move|p2a: Floette|Draining Kiss|p1b: House Keys
|-resisted|p1b: House Keys|1
|-damage|p1b: House Keys|45/100
|-heal|p2a: Floette|83/100|[from] drain|[of] p1b: House Keys
|move|p1b: House Keys|Trick Room|p1b: House Keys
|-fieldend|move: Trick Room
|
|upkeep
|turn|9
|c|☆MackleMorelull|Ggs
|c|☆MackleMorelull|Can you post replay
|c|☆MackleMorelull|@treb
|
|t:|1784403594
|move|p2a: Floette|Draining Kiss|p1b: House Keys
|-resisted|p1b: House Keys|1
|-damage|p1b: House Keys|13/100
|-heal|p2a: Floette|100/100|[from] drain|[of] p1b: House Keys
|move|p2b: Milotic|Scald|p1b: House Keys
|-damage|p1b: House Keys|0 fnt
|faint|p1b: House Keys
|
|win|treb clef
|c|☆MackleMorelull|Tytyty
