|j|☆jd8erh
|j|☆meikh_neiht
|html|jd8erhmeikh_neiht    
|uhtml|bestof|Game 2 of a best-of-3
|t:|1783339397
|gametype|doubles
|player|p1|jd8erh|170|1150
|player|p2|meikh_neiht|lucas|1291
|gen|9
|tier|[Gen 9 Champions] VGC 2026 Reg M-B (Bo3)
|rated|
|rule|Species Clause: Limit one of each Pokémon
|rule|Item Clause: Limit 1 of each item
|clearpoke
|poke|p1|Sableye, L50, M|
|poke|p1|Swampert, L50, F|
|poke|p1|Pelipper, L50, M|
|poke|p1|Maushold-Four, L50|
|poke|p1|Archaludon, L50, F|
|poke|p1|Meganium, L50, M|
|poke|p2|Staraptor, L50, F|
|poke|p2|Sinistcha, L50|
|poke|p2|Maushold, L50|
|poke|p2|Kingambit, L50, M|
|poke|p2|Sneasler, L50, M|
|poke|p2|Delphox, L50, F|
|teampreview|4
|showteam|p1|Sableye||LightClay|Prankster|Reflect,LightScreen,RainDance,Encore|Bold||M|||50|]Swampert||Swampertite|Torrent|WaveCrash,HighHorsepower,IcePunch,Protect|Adamant||F|||50|]Pelipper||SitrusBerry|Drizzle|WeatherBall,Hurricane,WideGuard,Tailwind|Timid||M|||50|]Maushold-Four||WideLens|Technician|FollowMe,PopulationBomb,Taunt,Protect|Jolly|||||50|]Archaludon||Leftovers|Stamina|ElectroShot,DracoMeteor,FlashCannon,Protect|Modest||F|||50|]Meganium||Meganiumite|LeafGuard|SolarBeam,WeatherBall,DazzlingGleam,Protect|Modest||M|||50|
|showteam|p2|Staraptor||Staraptite|Intimidate|CloseCombat,BraveBird,Roost,Protect|Adamant||F|||50|]Sinistcha||SitrusBerry|Hospitality|RagePowder,MatchaGotcha,Protect,LifeDew|Calm|||||50|]Maushold||LumBerry|FriendGuard|Encore,Charm,FollowMe,Protect|Timid|||||50|]Kingambit||BlackGlasses|Defiant|KowtowCleave,SuckerPunch,SwordsDance,Protect|Adamant||M|||50|]Sneasler||WhiteHerb|Unburden|CloseCombat,DireClaw,FakeOut,Protect|Jolly||M|||50|]Delphox||Delphoxite|Blaze|HeatWave,Psyshock,NastyPlot,Protect|Timid||F|||50|
|inactive|Battle timer is ON: inactive players will automatically lose when time's up. (requested by jd8erh)
|
|t:|1783339420
|teamsize|p1|4
|teamsize|p2|4
|start
|switch|p1a: Pelipper|Pelipper, L50, M|100/100
|switch|p1b: Archaludon|Archaludon, L50, F|100/100
|switch|p2a: Kingambit|Kingambit, L50, M|100/100
|switch|p2b: Staraptor|Staraptor, L50, F|100/100
|-ability|p2b: Staraptor|Intimidate|boost
|-unboost|p1a: Pelipper|atk|1
|-unboost|p1b: Archaludon|atk|1
|-weather|RainDance|[from] ability: Drizzle|[of] p1a: Pelipper
|turn|1
|
|t:|1783339435
|detailschange|p2b: Staraptor|Staraptor-Mega, L50, F
|-mega|p2b: Staraptor|Staraptor|Staraptite
|move|p2b: Staraptor|Protect|p2b: Staraptor
|-singleturn|p2b: Staraptor|Protect
|move|p1a: Pelipper|Weather Ball|p2a: Kingambit
|-damage|p2a: Kingambit|46/100
|move|p1b: Archaludon|Electro Shot||[still]
|-prepare|p1b: Archaludon|Electro Shot
|-boost|p1b: Archaludon|spa|1
|-anim|p1b: Archaludon|Electro Shot|p2a: Kingambit
|-damage|p2a: Kingambit|0 fnt
|faint|p2a: Kingambit
|
|-weather|RainDance|[upkeep]
|upkeep
|c|☆meikh_neiht|sigh
|
|t:|1783339442
|switch|p2a: Maushold|Maushold, L50|100/100
|turn|2
|
|t:|1783339450
|move|p1b: Archaludon|Protect|p1b: Archaludon
|-singleturn|p1b: Archaludon|Protect
|move|p2a: Maushold|Charm|p2b: Staraptor
|-boost|p2b: Staraptor|atk|2
|move|p2b: Staraptor|Close Combat|p1b: Archaludon
|-activate|p1b: Archaludon|move: Protect
|move|p1a: Pelipper|Tailwind|p1a: Pelipper
|-sidestart|p1: jd8erh|move: Tailwind
|
|-weather|RainDance|[upkeep]
|upkeep
|turn|3
|
|t:|1783339467
|move|p2a: Maushold|Follow Me|p2a: Maushold
|-singleturn|p2a: Maushold|move: Follow Me
|move|p1a: Pelipper|Hurricane|p2a: Maushold
|-damage|p2a: Maushold|46/100
|-start|p2a: Maushold|confusion
|-enditem|p2a: Maushold|Lum Berry|[eat]
|-end|p2a: Maushold|confusion
|move|p1b: Archaludon|Draco Meteor|p2a: Maushold
|-damage|p2a: Maushold|0 fnt
|-unboost|p1b: Archaludon|spa|2
|faint|p2a: Maushold
|move|p2b: Staraptor|Close Combat|p1b: Archaludon
|-supereffective|p1b: Archaludon|1
|-damage|p1b: Archaludon|0 fnt
|-boost|p2b: Staraptor|def|1
|-boost|p2b: Staraptor|spd|1
|faint|p1b: Archaludon
|
|-weather|RainDance|[upkeep]
|upkeep
|l|☆jd8erh
|inactive|jd8erh disconnected and has a minute to reconnect!
|player|p1|
|j|☆jd8erh
|inactive|jd8erh reconnected and has 35 seconds left.
|player|p1|jd8erh|170|
|
|t:|1783339492
|switch|p2a: Sinistcha|Sinistcha, L50|100/100
|switch|p1b: Swampert|Swampert, L50, F|100/100
|turn|4
|
|t:|1783339498
|detailschange|p1b: Swampert|Swampert-Mega, L50, F
|-mega|p1b: Swampert|Swampert|Swampertite
|move|p2a: Sinistcha|Rage Powder|p2a: Sinistcha
|-singleturn|p2a: Sinistcha|move: Rage Powder
|move|p1b: Swampert|Ice Punch|p2a: Sinistcha
|-supereffective|p2a: Sinistcha|1
|-damage|p2a: Sinistcha|50/100g
|move|p1a: Pelipper|Hurricane|p2a: Sinistcha
|-supereffective|p2a: Sinistcha|1
|-crit|p2a: Sinistcha
|-damage|p2a: Sinistcha|0 fnt
|faint|p2a: Sinistcha
|move|p2b: Staraptor|Close Combat|p1b: Swampert
|-damage|p1b: Swampert|0 fnt
|-boost|p2b: Staraptor|def|1
|-boost|p2b: Staraptor|spd|1
|faint|p1b: Swampert
|
|-weather|RainDance|[upkeep]
|upkeep
|
|t:|1783339503
|switch|p1b: Sableye|Sableye, L50, M|100/100
|turn|5
|
|t:|1783339517
|move|p1b: Sableye|Encore|p2b: Staraptor
|-start|p2b: Staraptor|Encore
|move|p1a: Pelipper|Hurricane|p2b: Staraptor
|-supereffective|p2b: Staraptor|1
|-damage|p2b: Staraptor|59/100
|-start|p2b: Staraptor|confusion
|-activate|p2b: Staraptor|confusion
|move|p2b: Staraptor|Close Combat|p1b: Sableye
|-immune|p1b: Sableye
|
|-weather|none
|-sideend|p1: jd8erh|move: Tailwind
|upkeep
|turn|6
|
|t:|1783339525
|move|p1b: Sableye|Rain Dance|p1b: Sableye
|-weather|RainDance
|-activate|p2b: Staraptor|confusion
|move|p2b: Staraptor|Close Combat|p1a: Pelipper
|-resisted|p1a: Pelipper|1
|-damage|p1a: Pelipper|26/100
|-boost|p2b: Staraptor|def|1
|-boost|p2b: Staraptor|spd|1
|-enditem|p1a: Pelipper|Sitrus Berry|[eat]
|-heal|p1a: Pelipper|51/100|[from] item: Sitrus Berry
|move|p1a: Pelipper|Hurricane|p2b: Staraptor
|-supereffective|p2b: Staraptor|1
|-damage|p2b: Staraptor|24/100
|
|-weather|RainDance|[upkeep]
|upkeep
|turn|7
|
|t:|1783339532
|move|p1b: Sableye|Reflect|p1b: Sableye
|-sidestart|p1: jd8erh|Reflect
|-activate|p2b: Staraptor|confusion
|move|p2b: Staraptor|Close Combat|p1a: Pelipper
|-resisted|p1a: Pelipper|1
|-damage|p1a: Pelipper|0 fnt
|-boost|p2b: Staraptor|def|1
|-boost|p2b: Staraptor|spd|1
|faint|p1a: Pelipper
|
|-weather|RainDance|[upkeep]
|-end|p2b: Staraptor|Encore
|upkeep
|turn|8
|-message|jd8erh forfeited.
|
|win|meikh_neiht
|c|☆meikh_neiht|you had a shot
||jd8erh is ready for game 3.
|inactive|meikh_neiht has 30 seconds to confirm battle start!
|c|☆meikh_neiht|if confusion rolls went bavl
||meikh_neiht is ready for game 3.
|uhtml|next|Next: Game 3 of 3
|l|☆jd8erh
|player|p1|
