|j|☆Ciege
|j|☆Delacruso
|html|CiegeDelacruso    
|uhtml|bestof|Game 3 of a best-of-3
|t:|1783623321
|gametype|doubles
|player|p1|Ciege|colress|1124
|player|p2|Delacruso|red|1170
|gen|9
|tier|[Gen 9 Champions] VGC 2026 Reg M-B (Bo3)
|rated|
|rule|Species Clause: Limit one of each Pokémon
|rule|Item Clause: Limit 1 of each item
|clearpoke
|poke|p1|Blaziken, L50, M|
|poke|p1|Glimmora, L50, F|
|poke|p1|Kingambit, L50, M|
|poke|p1|Aerodactyl, L50, M|
|poke|p1|Froslass, L50, F|
|poke|p1|Sinistcha-Masterpiece, L50|
|poke|p2|Swampert, L50, M|
|poke|p2|Grimmsnarl, L50, M, shiny|
|poke|p2|Archaludon, L50, F|
|poke|p2|Pelipper, L50, M|
|poke|p2|Sinistcha, L50|
|poke|p2|Staraptor, L50, M, shiny|
|teampreview|4
|showteam|p1|Blaziken||Blazikenite|SpeedBoost|CloseCombat,BulkUp,BlazeKick,Detect|Adamant||M|||50|]Glimmora||FocusSash|ToxicDebris|PowerGem,SludgeBomb,EarthPower,SpikyShield|Timid||F|||50|]Kingambit||LifeOrb|Defiant|KowtowCleave,LowKick,SuckerPunch,IronHead|Adamant||M|||50|]Aerodactyl||ChartiBerry|Unnerve|WideGuard,DualWingbeat,Tailwind,IceFang|Jolly||M|||50|]Froslass||Froslassite|CursedBody|Blizzard,AuroraVeil,ShadowBall,Protect|Timid||F|||50|]Sinistcha-Masterpiece||Leftovers|Hospitality|MatchaGotcha,RagePowder,Hex,Protect|Bold|||||50|
|showteam|p2|Swampert||Swampertite|Damp|WaveCrash,Earthquake,IcePunch,Protect|Adamant||M|||50|]Grimmsnarl||LightClay|Prankster|FoulPlay,PartingShot,LightScreen,Reflect|Careful||M|||50|]Archaludon||Leftovers|Stamina|ElectroShot,DragonPulse,FlashCannon,Protect|Modest||F|||50|]Pelipper||FocusSash|Drizzle|Hurricane,WeatherBall,Tailwind,WideGuard|Modest||M|||50|]Sinistcha||SitrusBerry|Hospitality|MatchaGotcha,RagePowder,Protect,TrickRoom|Serious|||||50|]Staraptor||Staraptite|Intimidate|CloseCombat,BraveBird,Roost,Protect|Adamant||M|||50|
|inactive|Battle timer is ON: inactive players will automatically lose when time's up. (requested by Delacruso)
|
|t:|1783623343
|teamsize|p1|4
|teamsize|p2|4
|start
|switch|p1a: Froslass|Froslass, L50, F|100/100
|switch|p1b: Glimmora|Glimmora, L50, F|100/100
|switch|p2a: Grimmsnarl|Grimmsnarl, L50, M, shiny|100/100
|switch|p2b: Archaludon|Archaludon, L50, F|100/100
|turn|1
|inactive|Delacruso has 30 seconds left.
|
|t:|1783623375
|move|p1a: Froslass|Protect|p1a: Froslass
|-singleturn|p1a: Froslass|Protect
|move|p2a: Grimmsnarl|Light Screen|p2a: Grimmsnarl
|-sidestart|p2: Delacruso|move: Light Screen
|move|p1b: Glimmora|Sludge Bomb|p2a: Grimmsnarl
|-supereffective|p2a: Grimmsnarl|1
|-damage|p2a: Grimmsnarl|46/100
|move|p2b: Archaludon|Flash Cannon|p1a: Froslass
|-activate|p1a: Froslass|move: Protect
|
|upkeep
|turn|2
|
|t:|1783623394
|switch|p1a: Kingambit|Kingambit, L50, M|100/100
|move|p2a: Grimmsnarl|Parting Shot|p1b: Glimmora
|-unboost|p1b: Glimmora|atk|1
|-unboost|p1b: Glimmora|spa|1
|
|t:|1783623403
|switch|p2a: Swampert|Swampert, L50, M|100/100|[from] Parting Shot
|move|p1b: Glimmora|Power Gem|p2a: Swampert
|-resisted|p2a: Swampert|1
|-damage|p2a: Swampert|88/100
|move|p2b: Archaludon|Flash Cannon|p1b: Glimmora
|-supereffective|p1b: Glimmora|1
|-enditem|p1b: Glimmora|Focus Sash
|-damage|p1b: Glimmora|1/100
|
|upkeep
|turn|3
|
|t:|1783623428
|switch|p2b: Pelipper|Pelipper, L50, M|100/100
|-weather|RainDance|[from] ability: Drizzle|[of] p2b: Pelipper
|switch|p1a: Sinistcha|Sinistcha-Masterpiece, L50|100/100
|-heal|p1b: Glimmora|25/100|[from] ability: Hospitality|[of] p1a: Sinistcha
|detailschange|p2a: Swampert|Swampert-Mega, L50, M
|-mega|p2a: Swampert|Swampert|Swampertite
|move|p2a: Swampert|Earthquake|p1a: Sinistcha|[spread] p1a,p1b
|-immune|p2b: Pelipper
|-resisted|p1a: Sinistcha|1
|-supereffective|p1b: Glimmora|2
|-damage|p1a: Sinistcha|78/100
|-damage|p1b: Glimmora|0 fnt
|-activate|p1b: Glimmora|ability: Toxic Debris
|-sidestart|p2: Delacruso|move: Toxic Spikes
|faint|p1b: Glimmora
|
|-weather|RainDance|[upkeep]
|-heal|p1a: Sinistcha|84/100|[from] item: Leftovers
|upkeep
|
|t:|1783623433
|switch|p1b: Froslass|Froslass, L50, F|100/100
|turn|4
|inactive|Delacruso has 30 seconds left.
|inactive|Delacruso has 20 seconds left.
|
|t:|1783623470
|switch|p2b: Grimmsnarl|Grimmsnarl, L50, M, shiny|46/100
|-status|p2b: Grimmsnarl|psn
|detailschange|p1b: Froslass|Froslass-Mega, L50, F
|-mega|p1b: Froslass|Froslass|Froslassite
|-weather|Snowscape|[from] ability: Snow Warning|[of] p1b: Froslass
|move|p2a: Swampert|Protect|p2a: Swampert
|-singleturn|p2a: Swampert|Protect
|move|p1b: Froslass|Shadow Ball|p2b: Grimmsnarl
|-resisted|p2b: Grimmsnarl|1
|-damage|p2b: Grimmsnarl|33/100 psn
|-unboost|p2b: Grimmsnarl|spd|1
|move|p1a: Sinistcha|Hex|p2b: Grimmsnarl
|-resisted|p2b: Grimmsnarl|1
|-damage|p2b: Grimmsnarl|8/100 psn
|
|-weather|Snowscape|[upkeep]
|-heal|p1a: Sinistcha|90/100|[from] item: Leftovers
|-damage|p2b: Grimmsnarl|0 fnt|[from] psn
|faint|p2b: Grimmsnarl
|upkeep
|
|t:|1783623488
|switch|p2b: Pelipper|Pelipper, L50, M|100/100
|-weather|RainDance|[from] ability: Drizzle|[of] p2b: Pelipper
|turn|5
|
|t:|1783623507
|switch|p1b: Kingambit|Kingambit, L50, M|100/100
|move|p2a: Swampert|Ice Punch|p1a: Sinistcha
|-supereffective|p1a: Sinistcha|1
|-damage|p1a: Sinistcha|29/100
|move|p2b: Pelipper|Hurricane|p1a: Sinistcha
|-supereffective|p1a: Sinistcha|1
|-damage|p1a: Sinistcha|0 fnt
|faint|p1a: Sinistcha
|
|-weather|RainDance|[upkeep]
|upkeep
|
|t:|1783623516
|switch|p1a: Froslass|Froslass-Mega, L50, F|100/100
|-weather|Snowscape|[from] ability: Snow Warning|[of] p1a: Froslass
|turn|6
|
|t:|1783623533
|switch|p2b: Archaludon|Archaludon, L50, F|100/100
|move|p2a: Swampert|Protect|p2a: Swampert
|-singleturn|p2a: Swampert|Protect
|move|p1b: Kingambit|Sucker Punch||[still]
|-fail|p1b: Kingambit
|move|p1a: Froslass|Shadow Ball|p2a: Swampert
|-activate|p2a: Swampert|move: Protect
|
|-weather|Snowscape|[upkeep]
|upkeep
|turn|7
|
|t:|1783623545
|switch|p2b: Pelipper|Pelipper, L50, M|100/100
|-weather|RainDance|[from] ability: Drizzle|[of] p2b: Pelipper
|move|p2a: Swampert|Earthquake|p1a: Froslass|[spread] p1a,p1b
|-immune|p2b: Pelipper
|-supereffective|p1b: Kingambit|1
|-damage|p1a: Froslass|26/100
|-damage|p1b: Kingambit|24/100
|move|p1a: Froslass|Blizzard|p2b: Pelipper|[spread] p2b
|-miss|p1a: Froslass|p2a: Swampert
|-damage|p2b: Pelipper|42/100
|move|p1b: Kingambit|Low Kick|p2b: Pelipper
|-resisted|p2b: Pelipper|1
|-damage|p2b: Pelipper|24/100
|-damage|p1b: Kingambit|14/100|[from] item: Life Orb
|
|-weather|RainDance|[upkeep]
|upkeep
|turn|8
|inactive|Ciege has 30 seconds left.
|
|t:|1783623571
|move|p1a: Froslass|Protect|p1a: Froslass
|-singleturn|p1a: Froslass|Protect
|move|p1b: Kingambit|Sucker Punch|p2a: Swampert
|-damage|p2a: Swampert|35/100
|-damage|p1b: Kingambit|5/100|[from] item: Life Orb
|move|p2a: Swampert|Earthquake|p1a: Froslass|[spread] p1b
|-activate|p1a: Froslass|move: Protect
|-immune|p2b: Pelipper
|-supereffective|p1b: Kingambit|1
|-crit|p1b: Kingambit
|-damage|p1b: Kingambit|0 fnt
|faint|p1b: Kingambit
|move|p2b: Pelipper|Weather Ball|p1a: Froslass
|-activate|p1a: Froslass|move: Protect
|
|-weather|RainDance|[upkeep]
|-sideend|p2: Delacruso|move: Light Screen
|upkeep
|turn|9
|
|t:|1783623591
|move|p2a: Swampert|Wave Crash|p1a: Froslass
|-damage|p1a: Froslass|0 fnt
|faint|p1a: Froslass
|-damage|p2a: Swampert|27/100|[from] Recoil
|
|win|Delacruso
|raw|Ciege's rating: 1124 → 1102(-22 for losing)
|raw|Delacruso's rating: 1170 → 1192(+22 for winning)
