|j|☆DonnyBoy766
|j|☆dambro222
|html|DonnyBoy766dambro222    
|uhtml|bestof|Game 1 of a best-of-3
|t:|1756826685
|gametype|doubles
|player|p1|DonnyBoy766|baker|1085
|player|p2|dambro222|ethan|1112
|gen|9
|tier|[Gen 9] VGC 2025 Reg H (Bo3)
|rated|
|rule|Species Clause: Limit one of each Pokémon
|rule|Item Clause: Limit 1 of each item
|clearpoke
|poke|p1|Tyranitar, L50, F|
|poke|p1|Corviknight, L50, F|
|poke|p1|Ursaluna-Bloodmoon, L50, M|
|poke|p1|Annihilape, L50, M|
|poke|p1|Indeedee, L50, M|
|poke|p1|Sneasler, L50, M|
|poke|p2|Dragonite, L50, M|
|poke|p2|Volcarona, L50, F|
|poke|p2|Sneasler, L50, M|
|poke|p2|Rillaboom, L50, M|
|poke|p2|Electabuzz, L50, M|
|poke|p2|Kingambit, L50, M|
|teampreview|4
|showteam|p1|Tyranitar||AssaultVest|SandStream|KnockOff,TeraBlast,LowKick,RockSlide|||F|||50|,,,,,Flying]Corviknight||CovertCloak|MirrorArmor|BraveBird,BulkUp,Roost,Tailwind|||F|||50|,,,,,Fire]Ursaluna-Bloodmoon||LifeOrb|MindsEye|BloodMoon,HyperVoice,EarthPower,Protect|||M|||50|,,,,,Normal]Annihilape||SafetyGoggles|Defiant|CloseCombat,RageFist,Taunt,Protect|||M|||50|,,,,,Fire]Indeedee||ChoiceScarf|PsychicSurge|ExpandingForce,TeraBlast,Trick,Protect|||M|||50|,,,,,Psychic]Sneasler||PsychicSeed|Unburden|CloseCombat,DireClaw,ThroatChop,Protect|||M|||50|,,,,,Dark
|showteam|p2|Dragonite||LoadedDice|Multiscale|ScaleShot,ExtremeSpeed,Haze,Protect|||M|||50|,,,,,Fairy]Volcarona||CovertCloak|FlameBody|HeatWave,TeraBlast,QuiverDance,Protect|||F|||50|,,,,,Fairy]Sneasler||FocusSash|Unburden|CloseCombat,DireClaw,RockSlide,Protect|||M|||50|,,,,,Stellar]Rillaboom||AssaultVest|GrassySurge|WoodHammer,GrassyGlide,HighHorsepower,FakeOut|||M|||50|,,,,,Water]Electabuzz||Eviolite|VitalSpirit|Electroweb,FollowMe,Taunt,Protect|||M|||50|,,,,,Ghost]Kingambit||BlackGlasses|Defiant|KowtowCleave,SuckerPunch,SwordsDance,Protect|||M|||50|,,,,,Dark
|inactive|Battle timer is ON: inactive players will automatically lose when time's up. (requested by dambro222)
|inactive|DonnyBoy766 has 60 seconds left.
|
|t:|1756826718
|teamsize|p1|4
|teamsize|p2|4
|start
|switch|p1a: Tyranitar|Tyranitar, L50, F|100/100
|switch|p1b: Sneasler|Sneasler, L50, M|100/100
|switch|p2a: Volcarona|Volcarona, L50, F|100/100
|switch|p2b: Electabuzz|Electabuzz, L50, M|100/100
|-weather|Sandstorm|[from] ability: Sand Stream|[of] p1a: Tyranitar
|turn|1
|inactive|dambro222 has 30 seconds left.
|
|t:|1756826750
|-terastallize|p2a: Volcarona|Fairy
|move|p2b: Electabuzz|Follow Me|p2b: Electabuzz
|-singleturn|p2b: Electabuzz|move: Follow Me
|move|p1b: Sneasler|Dire Claw|p2b: Electabuzz
|-damage|p2b: Electabuzz|63/100
|-status|p2b: Electabuzz|psn
|move|p2a: Volcarona|Heat Wave|p1b: Sneasler|[spread] p1a
|-miss|p2a: Volcarona|p1b: Sneasler
|-resisted|p1a: Tyranitar
|-damage|p1a: Tyranitar|93/100
|move|p1a: Tyranitar|Rock Slide|p2b: Electabuzz|[spread] p2b
|-miss|p1a: Tyranitar|p2a: Volcarona
|-damage|p2b: Electabuzz|37/100 psn
|
|-weather|Sandstorm|[upkeep]
|-damage|p1b: Sneasler|95/100|[from] Sandstorm
|-damage|p2a: Volcarona|94/100|[from] Sandstorm
|-damage|p2b: Electabuzz|31/100 psn|[from] Sandstorm
|-damage|p2b: Electabuzz|19/100 psn|[from] psn
|upkeep
|turn|2
|inactive|DonnyBoy766 has 30 seconds left.
|
|t:|1756826780
|move|p2b: Electabuzz|Follow Me|p2b: Electabuzz
|-singleturn|p2b: Electabuzz|move: Follow Me
|move|p1b: Sneasler|Dire Claw|p2b: Electabuzz
|-damage|p2b: Electabuzz|0 fnt
|faint|p2b: Electabuzz
|move|p2a: Volcarona|Tera Blast|p1b: Sneasler|[anim] Tera Blast Fairy
|-crit|p1b: Sneasler
|-damage|p1b: Sneasler|11/100
|move|p1a: Tyranitar|Knock Off|p2a: Volcarona
|-resisted|p2a: Volcarona
|-damage|p2a: Volcarona|57/100
|-enditem|p2a: Volcarona|Covert Cloak|[from] move: Knock Off|[of] p1a: Tyranitar
|
|-weather|Sandstorm|[upkeep]
|-damage|p1b: Sneasler|5/100|[from] Sandstorm
|-damage|p2a: Volcarona|50/100|[from] Sandstorm
|upkeep
|
|t:|1756826800
|switch|p2b: Rillaboom|Rillaboom, L50, M|100/100
|-fieldstart|move: Grassy Terrain|[from] ability: Grassy Surge|[of] p2b: Rillaboom
|turn|3
|
|t:|1756826822
|move|p2b: Rillaboom|Fake Out|p1a: Tyranitar
|-resisted|p1a: Tyranitar
|-damage|p1a: Tyranitar|86/100
|move|p1b: Sneasler|Dire Claw|p2b: Rillaboom
|-supereffective|p2b: Rillaboom
|-damage|p2b: Rillaboom|3/100
|-status|p2b: Rillaboom|slp
|move|p2a: Volcarona|Quiver Dance|p2a: Volcarona
|-boost|p2a: Volcarona|spa|1
|-boost|p2a: Volcarona|spd|1
|-boost|p2a: Volcarona|spe|1
|cant|p1a: Tyranitar|flinch
|
|-weather|Sandstorm|[upkeep]
|-damage|p2a: Volcarona|44/100|[from] Sandstorm
|-damage|p1b: Sneasler|0 fnt|[from] Sandstorm
|-damage|p2b: Rillaboom|0 fnt|[from] Sandstorm
|faint|p1b: Sneasler
|faint|p2b: Rillaboom
|-heal|p2a: Volcarona|50/100|[from] Grassy Terrain
|-heal|p1a: Tyranitar|92/100|[from] Grassy Terrain
|upkeep
|
|t:|1756826840
|switch|p1b: Ursaluna|Ursaluna-Bloodmoon, L50, M|100/100
|switch|p2b: Sneasler|Sneasler, L50, M|100/100
|turn|4
|inactive|DonnyBoy766 has 30 seconds left.
|
|t:|1756826869
|-terastallize|p1b: Ursaluna|Normal
|move|p2a: Volcarona|Tera Blast|p1a: Tyranitar|[anim] Tera Blast Fairy
|-supereffective|p1a: Tyranitar
|-damage|p1a: Tyranitar|35/100
|move|p2b: Sneasler|Close Combat|p1b: Ursaluna
|-supereffective|p1b: Ursaluna
|-damage|p1b: Ursaluna|0 fnt
|-unboost|p2b: Sneasler|def|1
|-unboost|p2b: Sneasler|spd|1
|faint|p1b: Ursaluna
|move|p1a: Tyranitar|Rock Slide|p2b: Sneasler|[spread] p2b
|-miss|p1a: Tyranitar|p2a: Volcarona
|-resisted|p2b: Sneasler
|-damage|p2b: Sneasler|57/100
|
|-weather|Sandstorm|[upkeep]
|-damage|p2a: Volcarona|44/100|[from] Sandstorm
|-damage|p2b: Sneasler|51/100|[from] Sandstorm
|-heal|p2a: Volcarona|50/100|[from] Grassy Terrain
|-heal|p2b: Sneasler|57/100|[from] Grassy Terrain
|-heal|p1a: Tyranitar|40/100|[from] Grassy Terrain
|upkeep
|
|t:|1756826886
|switch|p1b: Indeedee|Indeedee, L50, M|100/100
|-fieldstart|move: Psychic Terrain|[from] ability: Psychic Surge|[of] p1b: Indeedee
|turn|5
|
|t:|1756826910
|move|p2b: Sneasler|Protect|p2b: Sneasler
|-singleturn|p2b: Sneasler|Protect
|move|p2a: Volcarona|Tera Blast|p1b: Indeedee|[anim] Tera Blast Fairy
|-damage|p1b: Indeedee|9/100
|move|p1b: Indeedee|Expanding Force|p2b: Sneasler|[spread] p2a
|-activate|p2b: Sneasler|move: Protect
|-damage|p2a: Volcarona|12/100
|move|p1a: Tyranitar|Knock Off|p2b: Sneasler
|-activate|p2b: Sneasler|move: Protect
|
|-weather|none
|upkeep
|turn|6
|
|t:|1756826931
|move|p2a: Volcarona|Tera Blast|p1b: Indeedee|[anim] Tera Blast Fairy
|-damage|p1b: Indeedee|0 fnt
|faint|p1b: Indeedee
|move|p2b: Sneasler|Close Combat|p1a: Tyranitar
|-supereffective|p1a: Tyranitar
|-damage|p1a: Tyranitar|0 fnt
|-unboost|p2b: Sneasler|def|1
|-unboost|p2b: Sneasler|spd|1
|faint|p1a: Tyranitar
|
|win|dambro222
||DonnyBoy766 is ready for game 2.
||dambro222 is ready for game 2.
|uhtml|next|Next: Game 2 of 3
|l|☆DonnyBoy766
|player|p1|
