|j|☆Ryan Hawkins
|j|‽eggtophat_real
|html|Ryan Hawkinseggtophat_real    
|uhtml|bestof|Game 3 of a best-of-3
|t:|1757223644
|gametype|doubles
|player|p1|Ryan Hawkins|102|1025
|player|p2|eggtophat_real|miku-fire|1160
|gen|9
|tier|[Gen 9] VGC 2025 Reg H (Bo3)
|rated|
|rule|Species Clause: Limit one of each Pokémon
|rule|Item Clause: Limit 1 of each item
|clearpoke
|poke|p1|Tyranitar, L50, M|
|poke|p1|Klefki, L50, M|
|poke|p1|Venusaur, L50, F|
|poke|p1|Talonflame, L50, F|
|poke|p1|Metagross, L50|
|poke|p1|Hydreigon, L50, M|
|poke|p2|Gholdengo, L50|
|poke|p2|Sneasler, L50, M|
|poke|p2|Rillaboom, L50, F|
|poke|p2|Dragonite, L50, F|
|poke|p2|Ninetales-Alola, L50, F|
|poke|p2|Arcanine-Hisui, L50, F|
|teampreview|4
|showteam|p1|Tyranitar||ClearAmulet|SandStream|Protect,RockSlide,KnockOff,TeraBlast|||M|||50|,,,,,Grass]Klefki||CovertCloak|Prankster|DazzlingGleam,LightScreen,Sandstorm,Reflect|||M|||50|,,,,,Dark]Venusaur||Leftovers|Chlorophyll|Protect,SleepPowder,LeechSeed,WeatherBall|||F|||50|,,,,,Water]Talonflame||SafetyGoggles|GaleWings|Protect,Tailwind,DualWingbeat,SunnyDay|||F|||50|,,,,,Ghost]Metagross||LifeOrb|ClearBody|Protect,TeraBlast,BulletPunch,PsychicFangs||||||50|,,,,,Ground]Hydreigon||ThroatSpray|Levitate|Protect,HyperVoice,HeatWave,NastyPlot|||M|||50|,,,,,Fire
|showteam|p2|Gholdengo||GrassySeed|GoodasGold|NastyPlot,MakeItRain,ShadowBall,Protect||||||50|,,,,,Water]Sneasler||WhiteHerb|Unburden|CloseCombat,DireClaw,Coaching,Protect|||M|||50|,,,,,Ghost]Rillaboom||AssaultVest|GrassySurge|FakeOut,GrassyGlide,DrumBeating,HighHorsepower|||F|||50|,,,,,Fire]Dragonite||LoadedDice|Multiscale|ScaleShot,StompingTantrum,Tailwind,Protect|||F|||50|,,,,,Ground]Ninetales-Alola||FocusSash|SnowWarning|Blizzard,IcyWind,Encore,AuroraVeil|||F|||50|,,,,,Ghost]Arcanine-Hisui||ClearAmulet|Intimidate|RockSlide,FlareBlitz,ExtremeSpeed,Protect|||F|||50|,,,,,Water
|inactive|Battle timer is ON: inactive players will automatically lose when time's up. (requested by eggtophat_real)
|inactive|eggtophat_real has 60 seconds left.
|
|t:|1757223674
|teamsize|p1|4
|teamsize|p2|4
|start
|switch|p1a: Talonflame|Talonflame, L50, F, shiny|100/100
|switch|p1b: Hydreigon|Hydreigon, L50, M, shiny|100/100
|switch|p2a: Arcanine|Arcanine-Hisui, L50, F|100/100
|switch|p2b: Rillaboom|Rillaboom, L50, F|100/100
|-ability|p2a: Arcanine|Intimidate|boost
|-unboost|p1a: Talonflame|atk|1
|-unboost|p1b: Hydreigon|atk|1
|-fieldstart|move: Grassy Terrain|[from] ability: Grassy Surge|[of] p2b: Rillaboom
|turn|1
|
|t:|1757223699
|move|p1a: Talonflame|Protect|p1a: Talonflame
|-singleturn|p1a: Talonflame|Protect
|move|p1b: Hydreigon|Protect|p1b: Hydreigon
|-singleturn|p1b: Hydreigon|Protect
|move|p2b: Rillaboom|Fake Out|p1b: Hydreigon
|-activate|p1b: Hydreigon|move: Protect
|move|p2a: Arcanine|Rock Slide|p1b: Hydreigon|[spread] 
|-activate|p1a: Talonflame|move: Protect
|-activate|p1b: Hydreigon|move: Protect
|
|upkeep
|turn|2
|
|t:|1757223718
|move|p1a: Talonflame|Tailwind|p1a: Talonflame
|-sidestart|p1: Ryan Hawkins|move: Tailwind
|move|p1b: Hydreigon|Nasty Plot|p1b: Hydreigon
|-boost|p1b: Hydreigon|spa|2
|move|p2a: Arcanine|Rock Slide|p1b: Hydreigon|[spread] p1a
|-miss|p2a: Arcanine|p1b: Hydreigon
|-supereffective|p1a: Talonflame
|-damage|p1a: Talonflame|0 fnt
|faint|p1a: Talonflame
|move|p2b: Rillaboom|Drum Beating|p1b: Hydreigon
|-resisted|p1b: Hydreigon
|-damage|p1b: Hydreigon|76/100
|-unboost|p1b: Hydreigon|spe|1
|
|upkeep
|
|t:|1757223737
|switch|p1a: Tyranitar|Tyranitar, L50, M, shiny|100/100
|-weather|Sandstorm|[from] ability: Sand Stream|[of] p1a: Tyranitar
|turn|3
|
|t:|1757223761
|-terastallize|p1a: Tyranitar|Grass
|-terastallize|p2b: Rillaboom|Fire
|move|p1b: Hydreigon|Hyper Voice|p2a: Arcanine|[spread] p2a,p2b
|-resisted|p2a: Arcanine
|-damage|p2a: Arcanine|81/100
|-damage|p2b: Rillaboom|63/100
|-enditem|p1b: Hydreigon|Throat Spray
|-boost|p1b: Hydreigon|spa|1|[from] item: Throat Spray
|move|p1a: Tyranitar|Tera Blast|p2a: Arcanine|[anim] Tera Blast Grass
|-damage|p2a: Arcanine|17/100
|move|p2a: Arcanine|Rock Slide|p1b: Hydreigon|[spread] p1a,p1b
|-damage|p1a: Tyranitar|78/100
|-damage|p1b: Hydreigon|48/100
|move|p2b: Rillaboom|Drum Beating|p1b: Hydreigon
|-resisted|p1b: Hydreigon
|-damage|p1b: Hydreigon|21/100
|-unboost|p1b: Hydreigon|spe|1
|
|-weather|Sandstorm|[upkeep]
|-damage|p1a: Tyranitar|72/100|[from] Sandstorm
|-damage|p2b: Rillaboom|57/100|[from] Sandstorm
|-damage|p1b: Hydreigon|15/100|[from] Sandstorm
|-heal|p1a: Tyranitar|78/100|[from] Grassy Terrain
|-heal|p2a: Arcanine|23/100|[from] Grassy Terrain
|-heal|p2b: Rillaboom|63/100|[from] Grassy Terrain
|upkeep
|turn|4
|inactive|Ryan Hawkins has 30 seconds left.
|
|t:|1757223791
|move|p2a: Arcanine|Protect|p2a: Arcanine
|-singleturn|p2a: Arcanine|Protect
|move|p2b: Rillaboom|Grassy Glide|p1b: Hydreigon
|-resisted|p1b: Hydreigon
|-damage|p1b: Hydreigon|0 fnt
|faint|p1b: Hydreigon
|move|p1a: Tyranitar|Rock Slide|p2a: Arcanine|[spread] p2b
|-activate|p2a: Arcanine|move: Protect
|-supereffective|p2b: Rillaboom
|-damage|p2b: Rillaboom|3/100
|
|-weather|Sandstorm|[upkeep]
|-damage|p1a: Tyranitar|72/100|[from] Sandstorm
|-damage|p2b: Rillaboom|0 fnt|[from] Sandstorm
|faint|p2b: Rillaboom
|-heal|p1a: Tyranitar|78/100|[from] Grassy Terrain
|-heal|p2a: Arcanine|29/100|[from] Grassy Terrain
|upkeep
|
|t:|1757223806
|switch|p1b: Venusaur|Venusaur, L50, F, shiny|100/100
|switch|p2b: Sneasler|Sneasler, L50, M|100/100
|turn|5
|
|t:|1757223827
|switch|p2a: Ninetales|Ninetales-Alola, L50, F|100/100
|-weather|Snowscape|[from] ability: Snow Warning|[of] p2a: Ninetales
|move|p2b: Sneasler|Protect|p2b: Sneasler
|-singleturn|p2b: Sneasler|Protect
|move|p1b: Venusaur|Sleep Powder|p2a: Ninetales
|-status|p2a: Ninetales|slp|[from] move: Sleep Powder
|move|p1a: Tyranitar|Tera Blast|p2a: Ninetales|[anim] Tera Blast Grass
|-damage|p2a: Ninetales|48/100 slp
|
|-weather|Snowscape|[upkeep]
|-heal|p2a: Ninetales|54/100 slp|[from] Grassy Terrain
|-heal|p1a: Tyranitar|84/100|[from] Grassy Terrain
|-sideend|p1: Ryan Hawkins|move: Tailwind
|-fieldend|move: Grassy Terrain
|upkeep
|turn|6
|
|t:|1757223852
|move|p1a: Tyranitar|Protect|p1a: Tyranitar
|-singleturn|p1a: Tyranitar|Protect
|cant|p2a: Ninetales|slp
|move|p2b: Sneasler|Dire Claw|p1b: Venusaur
|-damage|p1b: Venusaur|63/100
|-status|p1b: Venusaur|par
|cant|p1b: Venusaur|par
|
|-weather|Snowscape|[upkeep]
|-heal|p1b: Venusaur|69/100 par|[from] item: Leftovers
|upkeep
|turn|7
|
|t:|1757223869
|-curestatus|p2a: Ninetales|slp|[msg]
|move|p2a: Ninetales|Blizzard|p1a: Tyranitar|[spread] p1a,p1b
|-supereffective|p1a: Tyranitar
|-supereffective|p1b: Venusaur
|-damage|p1a: Tyranitar|34/100
|-damage|p1b: Venusaur|11/100 par
|move|p2b: Sneasler|Dire Claw|p1a: Tyranitar
|-supereffective|p1a: Tyranitar
|-damage|p1a: Tyranitar|0 fnt
|faint|p1a: Tyranitar
|cant|p1b: Venusaur|par
|
|-weather|Snowscape|[upkeep]
|-heal|p1b: Venusaur|17/100 par|[from] item: Leftovers
|upkeep
|turn|8
|-message|Ryan Hawkins forfeited.
|raw|Ryan Hawkins's rating: 1025 → 1016(-9 for losing)
|raw|eggtophat_real's rating: 1160 → 1176(+16 for winning)
|
|win|eggtophat_real
|l|☆Ryan Hawkins
|player|p1|
