|j|☆Jldjavi
|j|☆Luisnm01
|html|JldjaviLuisnm01    
|uhtml|bestof|Game 2 of a best-of-3
|t:|1786119099
|gametype|doubles
|player|p1|Jldjavi|elio|1199
|player|p2|Luisnm01|266|1116
|gen|9
|tier|[Gen 9 Champions] VGC 2026 Reg M-B (Bo3)
|rated|
|rule|Species Clause: Limit one of each Pokémon
|rule|Item Clause: Limit 1 of each item
|clearpoke
|poke|p1|Talonflame, L50, F|
|poke|p1|Basculegion, L50, M|
|poke|p1|Maushold-Four, L50|
|poke|p1|Gardevoir, L50, M|
|poke|p1|Kommo-o, L50, M|
|poke|p1|Kingambit, L50, M|
|poke|p2|Archaludon, L50, F|
|poke|p2|Pelipper, L50, F|
|poke|p2|Basculegion, L50, M|
|poke|p2|Sinistcha, L50|
|poke|p2|Sableye, L50, F|
|poke|p2|Garchomp, L50, F|
|teampreview|4
|showteam|p1|Talonflame||SharpBeak|GaleWings|Protect,FlareBlitz,DualWingbeat,Tailwind|Jolly||F|||50|]Basculegion||ChoiceScarf|Adaptability|WaveCrash,LastRespects,FlipTurn,AquaJet|Jolly||M|||50|]Maushold-Four||FocusSash|FriendGuard|Protect,SuperFang,Feint,FollowMe|Jolly|||||50|]Gardevoir||Gardevoirite|Trace|Protect,HyperVoice,Psychic,Thunderbolt|Modest||M|||50|]Kommo-o||LifeOrb|Soundproof|Protect,ClangingScales,DracoMeteor,AuraSphere|Modest||M|||50|]Kingambit||ExpertBelt|Defiant|KowtowCleave,SuckerPunch,IronHead,LowKick|Jolly||M|||50|
|showteam|p2|Archaludon||Leftovers|Stamina|Protect,ElectroShot,FlashCannon,DragonPulse|Modest||F|||50|]Pelipper||LifeOrb|Drizzle|Protect,Hurricane,WeatherBall,Tailwind|Timid||F|||50|]Basculegion||ChoiceScarf|Adaptability|LastRespects,AquaJet,WaveCrash,FlipTurn|Jolly||M|||50|]Sinistcha||KasibBerry|Hospitality|RagePowder,MatchaGotcha,LifeDew,TrickRoom|Bold|||||50|]Sableye||LightClay|Prankster|LightScreen,Reflect,RainDance,Encore|Calm||F|||50|]Garchomp||Garchompite|SandVeil|Protect,EarthPower,PowerGem,DracoMeteor|Modest||F|||50|
|inactive|Battle timer is ON: inactive players will automatically lose when time's up. (requested by Jldjavi)
|inactive|Luisnm01 has 60 seconds left.
|
|t:|1786119162
|teamsize|p1|4
|teamsize|p2|4
|start
|switch|p1a: Maushold|Maushold-Four, L50|100/100
|switch|p1b: Gardevoir|Gardevoir, L50, M|100/100
|switch|p2a: Sableye|Sableye, L50, F|100/100
|switch|p2b: Archaludon|Archaludon, L50, F|100/100
|-ability|p1b: Gardevoir|Prankster|Trace|[from] ability: Trace|[of] p2a: Sableye
|turn|1
|
|t:|1786119175
|detailschange|p1b: Gardevoir|Gardevoir-Mega, L50, M
|-mega|p1b: Gardevoir|Gardevoir|Gardevoirite
|move|p2b: Archaludon|Protect|p2b: Archaludon
|-singleturn|p2b: Archaludon|Protect
|move|p2a: Sableye|Light Screen|p2a: Sableye
|-sidestart|p2: Luisnm01|move: Light Screen
|move|p1a: Maushold|Super Fang|p2b: Archaludon
|-activate|p2b: Archaludon|move: Protect
|move|p1b: Gardevoir|Hyper Voice|p2a: Sableye|[spread] p2a
|-activate|p2b: Archaludon|move: Protect
|-supereffective|p2a: Sableye|1
|-damage|p2a: Sableye|20/100y
|
|upkeep
|turn|2
|
|t:|1786119195
|switch|p2b: Basculegion|Basculegion, L50, M|100/100
|move|p2a: Sableye|Rain Dance|p2a: Sableye
|-weather|RainDance
|move|p1a: Maushold|Super Fang|p2b: Basculegion
|-immune|p2b: Basculegion
|move|p1b: Gardevoir|Hyper Voice|p2b: Basculegion|[spread] p2a,p2b
|-supereffective|p2a: Sableye|1
|-damage|p2a: Sableye|0 fnt
|-damage|p2b: Basculegion|58/100
|faint|p2a: Sableye
|
|-weather|RainDance|[upkeep]
|upkeep
|
|t:|1786119197
|switch|p2a: Archaludon|Archaludon, L50, F|100/100
|turn|3
|
|t:|1786119207
|move|p1a: Maushold|Follow Me|p1a: Maushold
|-singleturn|p1a: Maushold|move: Follow Me
|move|p2b: Basculegion|Flip Turn|p1a: Maushold
|-damage|p1a: Maushold|31/100
|
|t:|1786119211
|switch|p2b: Sinistcha|Sinistcha, L50|100/100|[from] Flip Turn
|move|p1b: Gardevoir|Hyper Voice|p2b: Sinistcha|[spread] p2a,p2b
|-damage|p2a: Archaludon|64/100
|-damage|p2b: Sinistcha|61/100
|-ability|p2a: Archaludon|Stamina|boost
|-boost|p2a: Archaludon|def|1
|move|p2a: Archaludon|Electro Shot||[still]
|-prepare|p2a: Archaludon|Electro Shot
|-boost|p2a: Archaludon|spa|1
|-anim|p2a: Archaludon|Electro Shot|p1a: Maushold
|-damage|p1a: Maushold|0 fnt
|faint|p1a: Maushold
|
|-weather|RainDance|[upkeep]
|-heal|p2a: Archaludon|70/100|[from] item: Leftovers
|upkeep
|
|t:|1786119226
|switch|p1a: Kingambit|Kingambit, L50, M|100/100
|turn|4
|
|t:|1786119244
|move|p1b: Gardevoir|Hyper Voice|p2b: Sinistcha|[spread] p2a,p2b
|-damage|p2a: Archaludon|31/100
|-damage|p2b: Sinistcha|21/100
|-ability|p2a: Archaludon|Stamina|boost
|-boost|p2a: Archaludon|def|1
|move|p1a: Kingambit|Kowtow Cleave|p2b: Sinistcha
|-supereffective|p2b: Sinistcha|1
|-damage|p2b: Sinistcha|0 fnt
|faint|p2b: Sinistcha
|move|p2a: Archaludon|Electro Shot||[still]
|-prepare|p2a: Archaludon|Electro Shot
|-boost|p2a: Archaludon|spa|1
|-anim|p2a: Archaludon|Electro Shot|p1a: Kingambit
|-damage|p1a: Kingambit|3/100
|
|-weather|RainDance|[upkeep]
|-heal|p2a: Archaludon|38/100|[from] item: Leftovers
|upkeep
|
|t:|1786119251
|switch|p2b: Basculegion|Basculegion, L50, M|58/100
|turn|5
|
|t:|1786119265
|move|p2b: Basculegion|Aqua Jet|p1a: Kingambit
|-damage|p1a: Kingambit|0 fnt
|faint|p1a: Kingambit
|move|p1b: Gardevoir|Hyper Voice|p2a: Archaludon|[spread] p2a,p2b
|-damage|p2a: Archaludon|5/100
|-damage|p2b: Basculegion|14/100
|-ability|p2a: Archaludon|Stamina|boost
|-boost|p2a: Archaludon|def|1
|move|p2a: Archaludon|Electro Shot||[still]
|-prepare|p2a: Archaludon|Electro Shot
|-boost|p2a: Archaludon|spa|1
|-anim|p2a: Archaludon|Electro Shot|p1b: Gardevoir
|-damage|p1b: Gardevoir|4/100
|
|-weather|RainDance|[upkeep]
|-heal|p2a: Archaludon|11/100|[from] item: Leftovers
|upkeep
|
|t:|1786119278
|switch|p1a: Basculegion|Basculegion, L50, M|100/100
|turn|6
|
|t:|1786119283
|move|p2b: Basculegion|Aqua Jet|p1b: Gardevoir
|-damage|p1b: Gardevoir|0 fnt
|faint|p1b: Gardevoir
|move|p1a: Basculegion|Aqua Jet|p2b: Basculegion
|-resisted|p2b: Basculegion|1
|-damage|p2b: Basculegion|0 fnt
|faint|p2b: Basculegion
|move|p2a: Archaludon|Electro Shot||[still]
|-prepare|p2a: Archaludon|Electro Shot
|-boost|p2a: Archaludon|spa|1
|-anim|p2a: Archaludon|Electro Shot|p1a: Basculegion
|-supereffective|p1a: Basculegion|1
|-damage|p1a: Basculegion|0 fnt
|faint|p1a: Basculegion
|
|win|Luisnm01
||Luisnm01 is ready for game 3.
||Jldjavi is ready for game 3.
|uhtml|next|Next: Game 3 of 3
