|j|☆420dablord
|j|☆MrPhoenixGC
|html|420dablordMrPhoenixGC    
|uhtml|bestof|Game 2 of a best-of-3
|t:|1757653346
|gametype|doubles
|player|p1|420dablord|102|1084
|player|p2|MrPhoenixGC|steven|1121
|gen|9
|tier|[Gen 9] VGC 2025 Reg H (Bo3)
|rated|
|rule|Species Clause: Limit one of each Pokémon
|rule|Item Clause: Limit 1 of each item
|clearpoke
|poke|p1|Rillaboom, L50, F|
|poke|p1|Gholdengo, L50|
|poke|p1|Pelipper, L50, F|
|poke|p1|Kingambit, L50, M|
|poke|p1|Basculegion, L50, M|
|poke|p1|Sneasler, L50, M|
|poke|p2|Gholdengo, L50|
|poke|p2|Pelipper, L50, M|
|poke|p2|Archaludon, L50, M|
|poke|p2|Ursaluna, L50, M|
|poke|p2|Dragonite, L50, M|
|poke|p2|Sinistcha, L50|
|teampreview|4
|showteam|p1|Rillaboom||AssaultVest|GrassySurge|GrassyGlide,WoodHammer,FakeOut,HighHorsepower|||F|||50|,,,,,Ground]Gholdengo||LifeOrb|GoodasGold|MakeItRain,NastyPlot,Protect,ShadowBall||||||50|,,,,,Dark]Pelipper||DampRock|Drizzle|Tailwind,WeatherBall,Hurricane,HelpingHand|||F|||50|,,,,,Grass]Kingambit||BlackGlasses|Defiant|SuckerPunch,KowtowCleave,SwordsDance,Protect|||M|||50|,,,,,Ghost]Basculegion||ChoiceBand|SwiftSwim|FlipTurn,AquaJet,LastRespects,WaveCrash|||M|||50|,,,,,Dark]Sneasler||FocusSash|Unburden|CloseCombat,Protect,DireClaw,FakeOut|||M|||50|,,,,,Fighting
|showteam|p2|Gholdengo||LifeOrb|GoodasGold|MakeItRain,ShadowBall,NastyPlot,Protect||||||50|,,,,,Dragon]Pelipper||FocusSash|Drizzle|Protect,MuddyWater,Hurricane,WideGuard|||M|||50|,,,,,Ground]Archaludon||AssaultVest|Stamina|BodyPress,Snarl,ElectroShot,FlashCannon|||M|||50|,,,,,Bug]Ursaluna||FlameOrb|Guts|Protect,Facade,Earthquake,HeadlongRush|||M|||50|,,,,,Ghost]Dragonite||LoadedDice|Multiscale|ScaleShot,Haze,Tailwind,Protect|||M|||50|,,,,,Fairy]Sinistcha||SitrusBerry|Hospitality|TrickRoom,MatchaGotcha,LifeDew,RagePowder||||||50|,,,,,Dark
|
|t:|1757653369
|teamsize|p1|4
|teamsize|p2|4
|start
|switch|p1a: Pelipper|Pelipper, L50, F|100/100
|switch|p1b: Basculegion|Basculegion, L50, M|100/100
|switch|p2a: Gholdengo|Gholdengo, L50|100/100
|switch|p2b: Dragonite|Dragonite, L50, M|100/100
|-weather|RainDance|[from] ability: Drizzle|[of] p1a: Pelipper
|turn|1
|inactive|Battle timer is ON: inactive players will automatically lose when time's up. (requested by 420dablord)
|
|t:|1757653431
|move|p2a: Gholdengo|Protect|p2a: Gholdengo
|-singleturn|p2a: Gholdengo|Protect
|move|p1b: Basculegion|Flip Turn|p2b: Dragonite
|-resisted|p2b: Dragonite
|-damage|p2b: Dragonite|83/100
|
|t:|1757653441
|switch|p1b: Sneasler|Sneasler, L50, M|100/100|[from] Flip Turn
|move|p2b: Dragonite|Scale Shot|p1a: Pelipper
|-damage|p1a: Pelipper|84/100
|-damage|p1a: Pelipper|69/100
|-damage|p1a: Pelipper|53/100
|-damage|p1a: Pelipper|36/100
|-hitcount|p1a: Pelipper|4
|-unboost|p2b: Dragonite|def|1
|-boost|p2b: Dragonite|spe|1
|move|p1a: Pelipper|Tailwind|p1a: Pelipper
|-sidestart|p1: 420dablord|move: Tailwind
|
|-weather|RainDance|[upkeep]
|upkeep
|turn|2
|
|t:|1757653465
|-terastallize|p2a: Gholdengo|Dragon
|move|p2b: Dragonite|Protect|p2b: Dragonite
|-singleturn|p2b: Dragonite|Protect
|move|p1b: Sneasler|Fake Out|p2b: Dragonite
|-activate|p2b: Dragonite|move: Protect
|move|p1a: Pelipper|Weather Ball|p2a: Gholdengo
|-resisted|p2a: Gholdengo
|-damage|p2a: Gholdengo|63/100
|move|p2a: Gholdengo|Nasty Plot|p2a: Gholdengo
|-boost|p2a: Gholdengo|spa|2
|
|-weather|RainDance|[upkeep]
|upkeep
|turn|3
|
|t:|1757653489
|move|p2a: Gholdengo|Protect|p2a: Gholdengo
|-singleturn|p2a: Gholdengo|Protect
|move|p1b: Sneasler|Dire Claw|p2a: Gholdengo
|-activate|p2a: Gholdengo|move: Protect
|move|p2b: Dragonite|Tailwind|p2b: Dragonite
|-sidestart|p2: MrPhoenixGC|move: Tailwind
|move|p1a: Pelipper|Hurricane|p2b: Dragonite
|-damage|p2b: Dragonite|30/100
|-start|p2b: Dragonite|confusion
|
|-weather|RainDance|[upkeep]
|upkeep
|turn|4
|inactive|MrPhoenixGC has 30 seconds left.
|
|t:|1757653523
|-activate|p2b: Dragonite|confusion
|-damage|p2b: Dragonite|4/100|[from] confusion
|move|p1b: Sneasler|Dire Claw|p2a: Gholdengo
|-damage|p2a: Gholdengo|15/100
|-status|p2a: Gholdengo|psn
|move|p2a: Gholdengo|Make It Rain|p1b: Sneasler|[spread] p1a,p1b
|-resisted|p1a: Pelipper
|-damage|p1a: Pelipper|0 fnt
|-enditem|p1b: Sneasler|Focus Sash
|-damage|p1b: Sneasler|1/100
|-unboost|p2a: Gholdengo|spa|1
|faint|p1a: Pelipper
|-damage|p2a: Gholdengo|5/100 psn|[from] item: Life Orb
|
|-weather|RainDance|[upkeep]
|-damage|p2a: Gholdengo|0 fnt|[from] psn
|faint|p2a: Gholdengo
|-sideend|p1: 420dablord|move: Tailwind
|upkeep
|
|t:|1757653544
|switch|p2a: Sinistcha|Sinistcha, L50|100/100
|switch|p1a: Basculegion|Basculegion, L50, M|100/100
|-heal|p2b: Dragonite|29/100|[from] ability: Hospitality|[of] p2a: Sinistcha
|turn|5
|
|t:|1757653565
|move|p2a: Sinistcha|Rage Powder|p2a: Sinistcha
|-singleturn|p2a: Sinistcha|move: Rage Powder
|-activate|p2b: Dragonite|confusion
|-damage|p2b: Dragonite|3/100|[from] confusion
|move|p1b: Sneasler|Dire Claw|p2a: Sinistcha
|-damage|p2a: Sinistcha|55/100
|move|p1a: Basculegion|Last Respects|p2a: Sinistcha
|-supereffective|p2a: Sinistcha
|-damage|p2a: Sinistcha|0 fnt
|faint|p2a: Sinistcha
|
|-weather|RainDance|[upkeep]
|upkeep
|
|t:|1757653576
|switch|p2a: Archaludon|Archaludon, L50, M|100/100
|turn|6
|
|t:|1757653595
|-terastallize|p1a: Basculegion|Dark
|move|p1b: Sneasler|Protect|p1b: Sneasler
|-singleturn|p1b: Sneasler|Protect
|-activate|p2b: Dragonite|confusion
|move|p2b: Dragonite|Scale Shot|p1b: Sneasler
|-activate|p1b: Sneasler|move: Protect
|move|p1a: Basculegion|Last Respects|p2a: Archaludon
|-damage|p2a: Archaludon|48/100
|-ability|p2a: Archaludon|Stamina|boost
|-boost|p2a: Archaludon|def|1
|move|p2a: Archaludon|Electro Shot||[still]
|-prepare|p2a: Archaludon|Electro Shot
|-boost|p2a: Archaludon|spa|1
|-anim|p2a: Archaludon|Electro Shot|p1a: Basculegion
|-crit|p1a: Basculegion
|-damage|p1a: Basculegion|14/100
|
|-weather|RainDance|[upkeep]
|-sideend|p2: MrPhoenixGC|move: Tailwind
|upkeep
|turn|7
|inactive|MrPhoenixGC has 30 seconds left.
|
|t:|1757653622
|move|p1b: Sneasler|Close Combat|p2a: Archaludon
|-supereffective|p2a: Archaludon
|-crit|p2a: Archaludon
|-damage|p2a: Archaludon|0 fnt
|-unboost|p1b: Sneasler|def|1
|-unboost|p1b: Sneasler|spd|1
|faint|p2a: Archaludon
|move|p1a: Basculegion|Last Respects|p2b: Dragonite
|-damage|p2b: Dragonite|0 fnt
|faint|p2b: Dragonite
|
|win|420dablord
||420dablord is ready for game 3.
