|j|☆Afrikannah
|j|☆viatles
|html|Afrikannahviatles    
|uhtml|bestof|Game 1 of a best-of-3
|t:|1783962320
|gametype|doubles
|player|p1|Afrikannah|iris|1035
|player|p2|viatles|hiker|1092
|gen|9
|tier|[Gen 9 Champions] VGC 2026 Reg M-B (Bo3)
|rated|
|rule|Species Clause: Limit one of each Pokémon
|rule|Item Clause: Limit 1 of each item
|clearpoke
|poke|p1|Pelipper, L50, F|
|poke|p1|Archaludon, L50, F|
|poke|p1|Beartic, L50, F|
|poke|p1|Charizard, L50, M|
|poke|p1|Arcanine-Hisui, L50, M|
|poke|p1|Basculegion, L50, M|
|poke|p2|Beedrill, L50, F, shiny|
|poke|p2|Talonflame, L50, F, shiny|
|poke|p2|Farigiraf, L50, F|
|poke|p2|Milotic, L50, F, shiny|
|poke|p2|Typhlosion-Hisui, L50, M|
|poke|p2|Mamoswine, L50, M|
|teampreview|4
|showteam|p1|Pelipper||DampRock|Drizzle|MuddyWater,Hurricane,IcyWind,Protect|Modest||F|||50|]Archaludon||WiseGlasses|Stamina|ElectroShot,DracoMeteor,FlashCannon,Protect|Timid||F|||50|]Beartic||WideLens|SwiftSwim|Liquidation,IcicleCrash,PlayRough,Charm|Adamant||F|||50|]Charizard||CharizarditeY|Blaze|Hurricane,ScorchingSands,WeatherBall,SolarBeam|Timid||M|||50|]Arcanine-Hisui||ExpertBelt|RockHead|ExtremeSpeed,WildCharge,HeadSmash,FlareBlitz|Jolly||M|||50|]Basculegion||LifeOrb|SwiftSwim|LastRespects,AquaJet,WaveCrash,Facade|Adamant||M|||50|
|showteam|p2|Beedrill||Beedrillite|Swarm|Uturn,DrillRun,PoisonJab,Protect|Jolly||F|||50|]Talonflame||SharpBeak|GaleWings|DualWingbeat,Tailwind,Protect,WillOWisp|Jolly||F|||50|]Farigiraf||SitrusBerry|ArmorTail|TrickRoom,Thunderbolt,TwinBeam,HelpingHand|Bold||F|||50|]Milotic||Leftovers|Competitive|IcyWind,Scald,Protect,LifeDew|Bold||F|||50|]Typhlosion-Hisui||ChoiceScarf|Blaze|Eruption,HeatWave,ShadowBall,Overheat|Timid||M|||50|]Mamoswine||LifeOrb|Oblivious|RockSlide,Earthquake,IceShard,Protect|Adamant||M|||50|
|inactive|Battle timer is ON: inactive players will automatically lose when time's up. (requested by Afrikannah)
|c|☆viatles|gl hf
|inactive|Afrikannah has 60 seconds left.
|inactive|viatles has 60 seconds left.
|
|t:|1783962357
|teamsize|p1|4
|teamsize|p2|4
|start
|switch|p1a: Mjolnir|Archaludon, L50, F|100/100
|switch|p1b: LikeADragon|Charizard, L50, M|100/100
|switch|p2a: Pentious|Milotic, L50, F, shiny|100/100
|switch|p2b: Malsumas|Beedrill, L50, F, shiny|100/100
|turn|1
|
|t:|1783962376
|switch|p1b: Gulp|Pelipper, L50, F|100/100
|-weather|RainDance|[from] ability: Drizzle|[of] p1b: Gulp
|detailschange|p2b: Malsumas|Beedrill-Mega, L50, F, shiny
|-mega|p2b: Malsumas|Beedrill|Beedrillite
|move|p2b: Malsumas|Poison Jab|p1b: Gulp
|-damage|p1b: Gulp|31/100
|move|p1a: Mjolnir|Electro Shot||[still]
|-prepare|p1a: Mjolnir|Electro Shot
|-boost|p1a: Mjolnir|spa|1
|-anim|p1a: Mjolnir|Electro Shot|p2a: Pentious
|-supereffective|p2a: Pentious|1
|-damage|p2a: Pentious|5/100
|move|p2a: Pentious|Icy Wind|p1a: Mjolnir|[spread] p1a,p1b
|-damage|p1a: Mjolnir|83/100
|-damage|p1b: Gulp|17/100
|-unboost|p1a: Mjolnir|spe|1
|-unboost|p1b: Gulp|spe|1
|-ability|p1a: Mjolnir|Stamina|boost
|-boost|p1a: Mjolnir|def|1
|
|-weather|RainDance|[upkeep]
|-heal|p2a: Pentious|11/100|[from] item: Leftovers
|upkeep
|turn|2
|inactive|viatles has 30 seconds left.
|
|t:|1783962407
|move|p1b: Gulp|Protect|p1b: Gulp
|-singleturn|p1b: Gulp|Protect
|move|p2b: Malsumas|Poison Jab|p1b: Gulp
|-activate|p1b: Gulp|move: Protect
|move|p2a: Pentious|Life Dew||[still]|[spread] p2a,p2b
|-heal|p2a: Pentious|36/100
|-fail|p2b: Malsumas|heal
|move|p1a: Mjolnir|Electro Shot||[still]
|-prepare|p1a: Mjolnir|Electro Shot
|-boost|p1a: Mjolnir|spa|1
|-anim|p1a: Mjolnir|Electro Shot|p2b: Malsumas
|-damage|p2b: Malsumas|0 fnt
|faint|p2b: Malsumas
|
|-weather|RainDance|[upkeep]
|-heal|p2a: Pentious|42/100|[from] item: Leftovers
|upkeep
|
|t:|1783962422
|switch|p2b: Mamoswine|Mamoswine, L50, M|100/100
|turn|3
|
|t:|1783962434
|switch|p1b: Fishbones|Basculegion, L50, M|100/100
|move|p1a: Mjolnir|Protect|p1a: Mjolnir
|-singleturn|p1a: Mjolnir|Protect
|move|p2b: Mamoswine|Rock Slide|p1b: Fishbones|[spread] p1b
|-activate|p1a: Mjolnir|move: Protect
|-damage|p1b: Fishbones|67/100
|-damage|p2b: Mamoswine|90/100|[from] item: Life Orb
|move|p2a: Pentious|Icy Wind|p1a: Mjolnir|[spread] p1b
|-activate|p1a: Mjolnir|move: Protect
|-resisted|p1b: Fishbones|1
|-damage|p1b: Fishbones|60/100
|-unboost|p1b: Fishbones|spe|1
|
|-weather|RainDance|[upkeep]
|-heal|p2a: Pentious|48/100|[from] item: Leftovers
|upkeep
|turn|4
|inactive|Afrikannah has 30 seconds left.
|
|t:|1783962460
|move|p2b: Mamoswine|Protect|p2b: Mamoswine
|-singleturn|p2b: Mamoswine|Protect
|move|p2a: Pentious|Protect|p2a: Pentious
|-singleturn|p2a: Pentious|Protect
|move|p1b: Fishbones|Wave Crash|p2b: Mamoswine
|-activate|p2b: Mamoswine|move: Protect
|move|p1a: Mjolnir|Electro Shot||[still]
|-prepare|p1a: Mjolnir|Electro Shot
|-boost|p1a: Mjolnir|spa|1
|-anim|p1a: Mjolnir|Electro Shot|p2a: Pentious
|-activate|p2a: Pentious|move: Protect
|
|-weather|RainDance|[upkeep]
|-heal|p2a: Pentious|55/100|[from] item: Leftovers
|upkeep
|turn|5
|inactive|viatles has 30 seconds left.
|
|t:|1783962490
|switch|p2a: Farigiraf|Farigiraf, L50, F|100/100
|move|p1b: Fishbones|Wave Crash|p2b: Mamoswine
|-supereffective|p2b: Mamoswine|1
|-damage|p2b: Mamoswine|0 fnt
|faint|p2b: Mamoswine
|-damage|p1b: Fishbones|32/100|[from] Recoil
|-damage|p1b: Fishbones|22/100|[from] item: Life Orb
|move|p1a: Mjolnir|Electro Shot||[still]
|-prepare|p1a: Mjolnir|Electro Shot
|-boost|p1a: Mjolnir|spa|1
|-anim|p1a: Mjolnir|Electro Shot|p2a: Farigiraf
|-damage|p2a: Farigiraf|0 fnt
|faint|p2a: Farigiraf
|
|-weather|RainDance|[upkeep]
|upkeep
|
|t:|1783962502
|switch|p2b: Pentious|Milotic, L50, F, shiny|55/100
|turn|6
|
|t:|1783962511
|move|p1b: Fishbones|Last Respects|p2b: Pentious
|-damage|p2b: Pentious|28/100
|-damage|p1b: Fishbones|13/100|[from] item: Life Orb
|move|p2b: Pentious|Icy Wind|p1b: Fishbones|[spread] p1a,p1b
|-resisted|p1b: Fishbones|1
|-damage|p1a: Mjolnir|68/100
|-damage|p1b: Fishbones|7/100
|-unboost|p1a: Mjolnir|spe|1
|-unboost|p1b: Fishbones|spe|1
|-ability|p1a: Mjolnir|Stamina|boost
|-boost|p1a: Mjolnir|def|1
|move|p1a: Mjolnir|Electro Shot||[still]
|-prepare|p1a: Mjolnir|Electro Shot
|-boost|p1a: Mjolnir|spa|1
|-anim|p1a: Mjolnir|Electro Shot|p2b: Pentious
|-supereffective|p2b: Pentious|1
|-damage|p2b: Pentious|0 fnt
|faint|p2b: Pentious
|
|win|Afrikannah
