|j|☆liamj vgc!
|j|☆linero5656
|html|liamj vgc!linero5656    
|uhtml|bestof|Game 1 of a best-of-3
|t:|1782753713
|gametype|doubles
|player|p1|liamj vgc!|leon-tower|1311
|player|p2|linero5656|102|1302
|gen|9
|tier|[Gen 9 Champions] VGC 2026 Reg M-B (Bo3)
|rated|
|rule|Species Clause: Limit one of each Pokémon
|rule|Item Clause: Limit 1 of each item
|clearpoke
|poke|p1|Gengar, L50, F, shiny|
|poke|p1|Incineroar, L50, F, shiny|
|poke|p1|Sinistcha, L50|
|poke|p1|Politoed, L50, M|
|poke|p1|Staraptor, L50, F|
|poke|p1|Archaludon, L50, F, shiny|
|poke|p2|Garchomp, L50, F|
|poke|p2|Staraptor, L50, F|
|poke|p2|Ninetales-Alola, L50, F|
|poke|p2|Kingambit, L50, M|
|poke|p2|Raichu, L50, M|
|poke|p2|Talonflame, L50, F|
|teampreview|4
|showteam|p1|Gengar||Gengarite|CursedBody|ShadowBall,PerishSong,Disable,Protect|Timid||F|||50|]Incineroar||PasshoBerry|Intimidate|Protect,FakeOut,DarkestLariat,PartingShot|Impish||F|||50|]Sinistcha||ColburBerry|Hospitality|GigaDrain,RagePowder,StrengthSap,Protect|Calm|||||50|]Politoed||SitrusBerry|Drizzle|WeatherBall,PerishSong,Encore,Protect|Bold||M|||50|]Staraptor||Staraptite|Intimidate|CloseCombat,BraveBird,Roost,Protect|Jolly||F|||50|]Archaludon||Leftovers|Stamina|FlashCannon,ElectroShot,DragonPulse,Protect|Modest||F|||50|
|showteam|p2|Garchomp||LifeOrb|RoughSkin|Earthquake,RockTomb,DragonClaw,Protect|Jolly||F|||50|]Staraptor||Staraptite|Intimidate|CloseCombat,BraveBird,Roost,Protect|Jolly||F|||50|]Ninetales-Alola||ChoiceScarf|SnowWarning|Blizzard,DazzlingGleam,FreezeDry,IcyWind|Modest||F|||50|]Kingambit||BlackGlasses|Defiant|Protect,KowtowCleave,SuckerPunch,IronHead|Adamant||M|||50|]Raichu||FocusSash|LightningRod|FakeOut,VoltSwitch,Encore,Charm|Timid||M|||50|]Talonflame||SharpBeak|GaleWings|Tailwind,Taunt,DualWingbeat,Protect|Jolly||F|||50|
|inactive|Battle timer is ON: inactive players will automatically lose when time's up. (requested by liamj vgc!)
|inactive|linero5656 has 60 seconds left.
|
|t:|1782753757
|teamsize|p1|4
|teamsize|p2|4
|start
|switch|p1a: Gengar|Gengar, L50, F, shiny|100/100
|switch|p1b: Incineroar|Incineroar, L50, F, shiny|100/100
|switch|p2a: Kingambit|Kingambit, L50, M|100/100
|switch|p2b: Raichu|Raichu, L50, M|100/100
|-ability|p1b: Incineroar|Intimidate|boost
|-unboost|p2a: Kingambit|atk|1
|-ability|p2a: Kingambit|Defiant|boost
|-boost|p2a: Kingambit|atk|2
|-unboost|p2b: Raichu|atk|1
|turn|1
|j| TheOneAndOnlyChat
|inactive|liamj vgc! has 30 seconds left.
|inactive|liamj vgc! has 20 seconds left.
|inactive|liamj vgc! has 15 seconds left.
|inactive|liamj vgc! has 10 seconds left.
|inactive|liamj vgc! has 5 seconds left.
|
|t:|1782753809
|detailschange|p1a: Gengar|Gengar-Mega, L50, F, shiny
|-mega|p1a: Gengar|Gengar|Gengarite
|move|p1a: Gengar|Protect|p1a: Gengar
|-singleturn|p1a: Gengar|Protect
|move|p2b: Raichu|Fake Out|p1b: Incineroar
|-damage|p1b: Incineroar|96/100
|move|p2a: Kingambit|Iron Head|p1a: Gengar
|-activate|p1a: Gengar|move: Protect
|cant|p1b: Incineroar|flinch
|
|upkeep
|turn|2
|inactive|liamj vgc! has 30 seconds left.
|inactive|linero5656 has 30 seconds left.
|
|t:|1782753841
|switch|p1a: Sinistcha|Sinistcha, L50|100/100
|-heal|p1b: Incineroar|100/100|[from] ability: Hospitality|[of] p1a: Sinistcha
|move|p2b: Raichu|Encore||[still]
|-fail|p2b: Raichu
|move|p2a: Kingambit|Kowtow Cleave|p1a: Sinistcha
|-supereffective|p1a: Sinistcha|1
|-enditem|p1a: Sinistcha|Colbur Berry|[eat]
|-enditem|p1a: Sinistcha|Colbur Berry|[weaken]
|-damage|p1a: Sinistcha|18/100
|move|p1b: Incineroar|Parting Shot|p2b: Raichu
|-unboost|p2b: Raichu|atk|1
|-unboost|p2b: Raichu|spa|1
|
|t:|1782753849
|switch|p1b: Gengar|Gengar-Mega, L50, F, shiny|100/100|[from] Parting Shot
|
|upkeep
|turn|3
|inactive|linero5656 has 30 seconds left.
|
|t:|1782753882
|move|p2a: Kingambit|Protect|p2a: Kingambit
|-singleturn|p2a: Kingambit|Protect
|move|p1a: Sinistcha|Rage Powder|p1a: Sinistcha
|-singleturn|p1a: Sinistcha|move: Rage Powder
|move|p1b: Gengar|Perish Song|p1b: Gengar
|-start|p1a: Sinistcha|perish3|[silent]
|-start|p1b: Gengar|perish3|[silent]
|-start|p2a: Kingambit|perish3|[silent]
|-start|p2b: Raichu|perish3|[silent]
|-fieldactivate|move: Perish Song
|move|p2b: Raichu|Volt Switch|p1a: Sinistcha
|-resisted|p1a: Sinistcha|1
|-damage|p1a: Sinistcha|8/100
|
|t:|1782753899
|switch|p2b: Staraptor|Staraptor, L50, F|100/100|[from] Volt Switch
|-ability|p2b: Staraptor|Intimidate|boost
|-unboost|p1a: Sinistcha|atk|1
|-unboost|p1b: Gengar|atk|1
|
|-start|p1b: Gengar|perish3
|-start|p1a: Sinistcha|perish3
|-start|p2a: Kingambit|perish3
|upkeep
|turn|4
|inactive|linero5656 has 30 seconds left.
|
|t:|1782753932
|detailschange|p2b: Staraptor|Staraptor-Mega, L50, F
|-mega|p2b: Staraptor|Staraptor|Staraptite
|move|p1b: Gengar|Protect|p1b: Gengar
|-singleturn|p1b: Gengar|Protect
|move|p1a: Sinistcha|Protect|p1a: Sinistcha
|-singleturn|p1a: Sinistcha|Protect
|move|p2b: Staraptor|Brave Bird|p1a: Sinistcha
|-activate|p1a: Sinistcha|move: Protect
|move|p2a: Kingambit|Kowtow Cleave|p1b: Gengar
|-activate|p1b: Gengar|move: Protect
|
|-start|p1b: Gengar|perish2
|-start|p1a: Sinistcha|perish2
|-start|p2a: Kingambit|perish2
|upkeep
|turn|5
|inactive|linero5656 has 30 seconds left.
|
|t:|1782753967
|move|p2b: Staraptor|Protect|p2b: Staraptor
|-singleturn|p2b: Staraptor|Protect
|move|p1a: Sinistcha|Rage Powder|p1a: Sinistcha
|-singleturn|p1a: Sinistcha|move: Rage Powder
|move|p1b: Gengar|Disable|p2b: Staraptor
|-activate|p2b: Staraptor|move: Protect
|move|p2a: Kingambit|Kowtow Cleave|p1a: Sinistcha
|-supereffective|p1a: Sinistcha|1
|-damage|p1a: Sinistcha|0 fnt
|faint|p1a: Sinistcha
|
|-start|p1b: Gengar|perish1
|-start|p2a: Kingambit|perish1
|upkeep
|j| perhaps perish?
|
|t:|1782753984
|switch|p1a: Politoed|Politoed, L50, M|100/100
|-weather|RainDance|[from] ability: Drizzle|[of] p1a: Politoed
|turn|6
|
|t:|1782754003
|switch|p1b: Incineroar|Incineroar, L50, F, shiny|100/100
|-ability|p1b: Incineroar|Intimidate|boost
|-unboost|p2a: Kingambit|atk|1
|-ability|p2a: Kingambit|Defiant|boost
|-boost|p2a: Kingambit|atk|2
|-boost|p2b: Staraptor|atk|1
|move|p1a: Politoed|Protect|p1a: Politoed
|-singleturn|p1a: Politoed|Protect
|move|p2b: Staraptor|Close Combat|p1b: Incineroar
|-supereffective|p1b: Incineroar|1
|-damage|p1b: Incineroar|0 fnt
|-boost|p2b: Staraptor|def|1
|-boost|p2b: Staraptor|spd|1
|faint|p1b: Incineroar
|move|p2a: Kingambit|Kowtow Cleave|p1a: Politoed
|-activate|p1a: Politoed|move: Protect
|
|-weather|RainDance|[upkeep]
|-start|p2a: Kingambit|perish0
|faint|p2a: Kingambit
|upkeep
|
|t:|1782754023
|switch|p2a: Raichu|Raichu, L50, M|100/100
|switch|p1b: Gengar|Gengar-Mega, L50, F, shiny|100/100
|turn|7
|
|t:|1782754048
|move|p1b: Gengar|Disable|p2b: Staraptor
|-start|p2b: Staraptor|Disable|Close Combat
|move|p2a: Raichu|Charm|p2b: Staraptor
|-boost|p2b: Staraptor|atk|2
|cant|p2b: Staraptor|Disable|Close Combat
|move|p1a: Politoed|Encore|p2b: Staraptor
|-start|p2b: Staraptor|Encore
|
|-weather|RainDance|[upkeep]
|upkeep
|turn|8
|
|t:|1782754067
|move|p1b: Gengar|Disable|p2a: Raichu
|-start|p2a: Raichu|Disable|Charm
|move|p2a: Raichu|Volt Switch|p1a: Politoed
|-supereffective|p1a: Politoed|1
|-damage|p1a: Politoed|54/100
|
|t:|1782754073
|switch|p2a: Garchomp|Garchomp, L50, F|100/100|[from] Volt Switch
|-activate|p2b: Staraptor|move: Struggle
|move|p2b: Staraptor|Struggle|p1b: Gengar
|-damage|p1b: Gengar|46/100
|-damage|p2b: Staraptor|74/100|[from] recoil
|move|p1a: Politoed|Encore||[still]
|-fail|p1a: Politoed
|
|-weather|RainDance|[upkeep]
|upkeep
|turn|9
|
|t:|1782754096
|move|p1b: Gengar|Protect|p1b: Gengar
|-singleturn|p1b: Gengar|Protect
|move|p2a: Garchomp|Protect|p2a: Garchomp
|-singleturn|p2a: Garchomp|Protect
|-activate|p2b: Staraptor|move: Struggle
|move|p2b: Staraptor|Struggle|p1a: Politoed
|-damage|p1a: Politoed|13/100
|-enditem|p1a: Politoed|Sitrus Berry|[eat]
|-heal|p1a: Politoed|38/100|[from] item: Sitrus Berry
|-damage|p2b: Staraptor|49/100|[from] recoil
|move|p1a: Politoed|Weather Ball|p2a: Garchomp
|-activate|p2a: Garchomp|move: Protect
|
|-weather|RainDance|[upkeep]
|upkeep
|turn|10
|
|t:|1782754113
|move|p1b: Gengar|Shadow Ball|p2a: Garchomp
|-damage|p2a: Garchomp|48/100
|-activate|p2b: Staraptor|move: Struggle
|move|p2b: Staraptor|Struggle|p1b: Gengar
|-damage|p1b: Gengar|0 fnt
|faint|p1b: Gengar
|-damage|p2b: Staraptor|24/100|[from] recoil
|move|p2a: Garchomp|Earthquake|p1a: Politoed|[spread] p1a
|-immune|p2b: Staraptor
|-damage|p1a: Politoed|0 fnt
|faint|p1a: Politoed
|-damage|p2a: Garchomp|38/100|[from] item: Life Orb
|
|win|linero5656
|inactive|liamj vgc! has 30 seconds to confirm battle start!
|inactive|linero5656 has 30 seconds to confirm battle start!
||liamj vgc! is ready for game 2.
||linero5656 is ready for game 2.
|uhtml|next|Next: Game 2 of 3
|l| perhaps perish?
|l|☆liamj vgc!
|player|p1|
|j|☆liamj vgc!
|player|p1|liamj vgc!|leon-tower|
