|j|ŌśåJuarmin
|j|Ōśåkerzz49
|html|Juarminkerzz49    
|uhtml|bestof|Game 2 of a best-of-3
|t:|1782315273
|gametype|doubles
|player|p1|Juarmin|n|1144
|player|p2|kerzz49|cilan|1219
|gen|9
|tier|[Gen 9 Champions] VGC 2026 Reg M-B (Bo3)
|rated|
|rule|Species Clause: Limit one of each Pok├®mon
|rule|Item Clause: Limit 1 of each item
|clearpoke
|poke|p1|Metagross, L50, shiny|
|poke|p1|Sneasler, L50, F, shiny|
|poke|p1|Garchomp, L50, F|
|poke|p1|Raichu, L50, F|
|poke|p1|Basculegion, L50, M|
|poke|p1|Farigiraf, L50, F|
|poke|p2|Blaziken, L50, F|
|poke|p2|Kingambit, L50, M|
|poke|p2|Aerodactyl, L50, M|
|poke|p2|Weavile, L50, F|
|poke|p2|Basculegion, L50, M|
|poke|p2|Sylveon, L50, F|
|teampreview|4
|showteam|p1|Metagross||Metagrossite|ClearBody|PsychicFangs,BodyPress,MeteorMash,IcePunch|Jolly|||||50|]Sneasler||WhiteHerb|Unburden|Coaching,FakeOut,CloseCombat,DireClaw|Jolly||F|||50|]Garchomp||LifeOrb|RoughSkin|StompingTantrum,DragonClaw,Crunch,Protect|Adamant||F|||50|]Raichu||RaichuniteY|LightningRod|FakeOut,FocusBlast,ZapCannon,Protect|Timid||F|||50|]Basculegion||ChoiceScarf|Adaptability|LastRespects,FlipTurn,WaveCrash,AquaJet|Jolly||M|||50|]Farigiraf||SitrusBerry|ArmorTail|TrickRoom,TwinBeam,Thunderbolt,HelpingHand|Bold||F|||50|
|showteam|p2|Blaziken||Blazikenite|SpeedBoost|FlareBlitz,CloseCombat,SwordsDance,Protect|Adamant||F|||50|]Kingambit||LifeOrb|Defiant|KowtowCleave,IronHead,SuckerPunch,Protect|Adamant||M|||50|]Aerodactyl||Aerodactylite|Unnerve|RockSlide,DualWingbeat,IceFang,Tailwind|Jolly||M|||50|]Weavile||WideLens|Pressure|FakeOut,TripleAxel,KnockOff,UpperHand|Jolly||F|||50|]Basculegion||FocusSash|Adaptability|Liquidation,LastRespects,AquaJet,Protect|Adamant||M|||50|]Sylveon||FairyFeather|Pixilate|HyperVoice,HyperBeam,QuickAttack,Protect|Modest||F|||50|
|inactive|Battle timer is ON: inactive players will automatically lose when time's up. (requested by kerzz49)
|inactive|kerzz49 has 60 seconds left.
|
|t:|1782315343
|teamsize|p1|4
|teamsize|p2|4
|start
|switch|p1a: Farigiraf|Farigiraf, L50, F|100/100
|switch|p1b: Basculegion|Basculegion, L50, M|100/100
|switch|p2a: Weavile|Weavile, L50, F|100/100
|switch|p2b: Sylveon|Sylveon, L50, F|100/100
|-ability|p2a: Weavile|Pressure
|turn|1
|inactive|Juarmin has 30 seconds left.
|inactive|kerzz49 has 30 seconds left.
|inactive|kerzz49 has 20 seconds left.
|inactive|kerzz49 has 15 seconds left.
|
|t:|1782315385
|move|p1b: Basculegion|Wave Crash|p2a: Weavile
|-damage|p2a: Weavile|0 fnt
|faint|p2a: Weavile
|-damage|p1b: Basculegion|75/100|[from] Recoil
|move|p2b: Sylveon|Hyper Voice|p1b: Basculegion|[spread] p1a,p1b
|-damage|p1a: Farigiraf|55/100
|-damage|p1b: Basculegion|22/100
|move|p1a: Farigiraf|Twin Beam|p2b: Sylveon
|-damage|p2b: Sylveon|88/100
|-damage|p2b: Sylveon|74/100
|-hitcount|p2b: Sylveon|2
|
|upkeep
|
|t:|1782315394
|switch|p2a: Blaziken|Blaziken, L50, F|100/100
|turn|2
|
|t:|1782315419
|switch|p1a: Raichu|Raichu, L50, F|100/100
|detailschange|p2a: Blaziken|Blaziken-Mega, L50, F
|-mega|p2a: Blaziken|Blaziken|Blazikenite
|move|p2a: Blaziken|Protect|p2a: Blaziken
|-singleturn|p2a: Blaziken|Protect
|move|p2b: Sylveon|Protect|p2b: Sylveon
|-singleturn|p2b: Sylveon|Protect
|move|p1b: Basculegion|Wave Crash|p2b: Sylveon
|-activate|p2b: Sylveon|move: Protect
|
|-ability|p2a: Blaziken|Speed Boost|boost
|-boost|p2a: Blaziken|spe|1
|upkeep
|turn|3
|inactive|kerzz49 has 30 seconds left.
|inactive|Juarmin has 30 seconds left.
|inactive|kerzz49 has 20 seconds left.
|inactive|kerzz49 has 15 seconds left.
|inactive|kerzz49 has 10 seconds left.
|
|t:|1782315468
|detailschange|p1a: Raichu|Raichu-Mega-Y, L50, F
|-mega|p1a: Raichu|Raichu|Raichunite Y
|move|p1a: Raichu|Fake Out|p2a: Blaziken
|-damage|p2a: Blaziken|88/100
|cant|p2a: Blaziken|flinch
|move|p1b: Basculegion|Wave Crash|p2b: Sylveon
|-damage|p2b: Sylveon|0 fnt
|faint|p2b: Sylveon
|-damage|p1b: Basculegion|1/100|[from] Recoil
|
|-ability|p2a: Blaziken|Speed Boost|boost
|-boost|p2a: Blaziken|spe|1
|upkeep
|
|t:|1782315476
|switch|p2b: Kingambit|Kingambit, L50, M|100/100
|turn|4
|inactive|Juarmin has 30 seconds left.
|
|t:|1782315510
|switch|p1a: Farigiraf|Farigiraf, L50, F|55/100
|move|p2b: Kingambit|Sucker Punch||[still]
|cant|p1a: Farigiraf|ability: Armor Tail|Sucker Punch|[of] p2b: Kingambit
|move|p2a: Blaziken|Close Combat|p1a: Farigiraf
|-damage|p1a: Farigiraf|0 fnt
|-unboost|p2a: Blaziken|def|1
|-unboost|p2a: Blaziken|spd|1
|faint|p1a: Farigiraf
|move|p1b: Basculegion|Wave Crash|p2a: Blaziken
|-supereffective|p2a: Blaziken|1
|-damage|p2a: Blaziken|0 fnt
|faint|p2a: Blaziken
|-damage|p1b: Basculegion|0 fnt|[from] Recoil
|faint|p1b: Basculegion
|
|upkeep
|
|t:|1782315525
|switch|p1b: Garchomp|Garchomp, L50, F|100/100
|switch|p1a: Raichu|Raichu-Mega-Y, L50, F|100/100
|turn|5
|c|Ōśåkerzz49|gg
|c|ŌśåJuarmin|gg wwp
|c|ŌśåJuarmin|was a nice match
|c|Ōśåkerzz49|yes !
|
|t:|1782315546
|move|p1a: Raichu|Fake Out|p2b: Kingambit
|-resisted|p2b: Kingambit|1
|-damage|p2b: Kingambit|96/100
|cant|p2b: Kingambit|flinch
|move|p1b: Garchomp|Stomping Tantrum|p2b: Kingambit
|-supereffective|p2b: Kingambit|1
|-damage|p2b: Kingambit|13/100
|-damage|p1b: Garchomp|90/100|[from] item: Life Orb
|
|upkeep
|turn|6
|
|t:|1782315558
|move|p2b: Kingambit|Sucker Punch|p1a: Raichu
|-damage|p1a: Raichu|4/100
|-damage|p2b: Kingambit|4/100|[from] item: Life Orb
|move|p1a: Raichu|Focus Blast|p2b: Kingambit
|-supereffective|p2b: Kingambit|2
|-damage|p2b: Kingambit|0 fnt
|faint|p2b: Kingambit
|
|win|Juarmin
|raw|Juarmin's rating: 1144 → 1174(+30 for winning)
|raw|kerzz49's rating: 1219 → 1189(-30 for losing)
|c|Ōśåkerzz49|wp
|c|ŌśåJuarmin|wp
|l|ŌśåJuarmin
|player|p1|
