|j|☆Bread248
|j|☆colemarcusvgc
|html|Bread248colemarcusvgc    
|uhtml|bestof|Game 1 of a best-of-3
|t:|1756859555
|gametype|doubles
|player|p1|Bread248|266|1235
|player|p2|colemarcusvgc|n|1182
|gen|9
|tier|[Gen 9] VGC 2025 Reg H (Bo3)
|rated|
|rule|Species Clause: Limit one of each Pokémon
|rule|Item Clause: Limit 1 of each item
|clearpoke
|poke|p1|Ursaluna-Bloodmoon, L50, M|
|poke|p1|Incineroar, L50, M|
|poke|p1|Dragonite, L50, F|
|poke|p1|Rillaboom, L50, M|
|poke|p1|Gholdengo, L50|
|poke|p1|Annihilape, L50, M|
|poke|p2|Indeedee-F, L50, F|
|poke|p2|Hatterene, L50, F|
|poke|p2|Gallade, L50, M|
|poke|p2|Ursaluna, L50, M|
|poke|p2|Lilligant-Hisui, L50, F|
|poke|p2|Torkoal, L50, M|
|teampreview|4
|showteam|p1|Ursaluna-Bloodmoon||FocusSash|MindsEye|BloodMoon,HyperVoice,EarthPower,Protect|||M|||50|,,,,,Normal]Incineroar||SitrusBerry|Intimidate|FlareBlitz,KnockOff,PartingShot,FakeOut|||M|||50|,,,,,Ghost]Dragonite||LoadedDice|Multiscale|ScaleShot,Tailwind,Protect,Haze|||F|||50|,,,,,Steel]Rillaboom||AssaultVest|GrassySurge|WoodHammer,FakeOut,GrassyGlide,HighHorsepower|||M|||50|,,,,,Fire]Gholdengo||LifeOrb|GoodasGold|MakeItRain,ShadowBall,NastyPlot,Protect||||||50|,,,,,Water]Annihilape||SafetyGoggles|Defiant|CloseCombat,RageFist,Taunt,FinalGambit|||M|||50|,,,,,Water
|showteam|p2|Indeedee-F||PsychicSeed|PsychicSurge|TrickRoom,FollowMe,HelpingHand,DazzlingGleam|||F|||50|,,,,,Fire]Hatterene||LifeOrb|MagicBounce|ExpandingForce,TrickRoom,DazzlingGleam,Protect|||F|||50|,,,,,Psychic]Gallade||ClearAmulet|Sharpness|PsychoCut,TrickRoom,SacredSword,WideGuard|||M|||50|,,,,,Grass]Ursaluna||FlameOrb|Guts|HeadlongRush,Facade,SwordsDance,Protect|||M|||50|,,,,,Ghost]Lilligant-Hisui||FocusSash|Chlorophyll|SolarBlade,SleepPowder,CloseCombat,AfterYou|||F|||50|,,,,,Ghost]Torkoal||ChoiceSpecs|Drought|Eruption,HeatWave,WeatherBall,EarthPower|||M|||50|,,,,,Fire
|inactive|Battle timer is ON: inactive players will automatically lose when time's up. (requested by Bread248)
|inactive|Bread248 has 60 seconds left.
|inactive|colemarcusvgc has 60 seconds left.
|
|t:|1756859591
|teamsize|p1|4
|teamsize|p2|4
|start
|switch|p1a: Incineroar|Incineroar, L50, M|100/100
|switch|p1b: Ursaluna|Ursaluna-Bloodmoon, L50, M|100/100
|switch|p2a: Indeedee|Indeedee-F, L50, F|100/100
|switch|p2b: Gallade|Gallade, L50, M, shiny|100/100
|-ability|p1a: Incineroar|Intimidate|boost
|-unboost|p2a: Indeedee|atk|1
|-fail|p2b: Gallade|unboost|[from] item: Clear Amulet|[of] p2b: Gallade
|-fieldstart|move: Psychic Terrain|[from] ability: Psychic Surge|[of] p2a: Indeedee
|-enditem|p2a: Indeedee|Psychic Seed
|-boost|p2a: Indeedee|spd|1|[from] item: Psychic Seed
|turn|1
|
|t:|1756859606
|switch|p1b: Rillaboom|Rillaboom, L50, M|100/100
|-fieldstart|move: Grassy Terrain|[from] ability: Grassy Surge|[of] p1b: Rillaboom
|move|p2b: Gallade|Wide Guard|p2b: Gallade
|-singleturn|p2b: Gallade|Wide Guard
|move|p1a: Incineroar|Fake Out|p2b: Gallade
|-damage|p2b: Gallade|82/100
|move|p2a: Indeedee|Trick Room|p2a: Indeedee
|-fieldstart|move: Trick Room|[of] p2a: Indeedee
|
|-heal|p2b: Gallade|88/100|[from] Grassy Terrain
|upkeep
|turn|2
|
|t:|1756859626
|move|p2a: Indeedee|Helping Hand|p2b: Gallade
|-singleturn|p2b: Gallade|Helping Hand|[of] p2a: Indeedee
|move|p1b: Rillaboom|Fake Out|p2b: Gallade
|-damage|p2b: Gallade|67/100
|move|p1a: Incineroar|Parting Shot|p2a: Indeedee
|-unboost|p2a: Indeedee|atk|1
|-unboost|p2a: Indeedee|spa|1
|
|t:|1756859636
|switch|p1a: Gholdengo|Gholdengo, L50|100/100|[from] Parting Shot
|cant|p2b: Gallade|flinch
|
|-heal|p2b: Gallade|73/100|[from] Grassy Terrain
|upkeep
|turn|3
|
|t:|1756859651
|switch|p2a: Torkoal|Torkoal, L50, M|100/100
|-weather|SunnyDay|[from] ability: Drought|[of] p2a: Torkoal
|move|p2b: Gallade|Psycho Cut|p1b: Rillaboom
|-crit|p1b: Rillaboom
|-damage|p1b: Rillaboom|18/100
|move|p1b: Rillaboom|High Horsepower|p2a: Torkoal
|-supereffective|p2a: Torkoal
|-damage|p2a: Torkoal|54/100
|move|p1a: Gholdengo|Make It Rain|p2b: Gallade|[spread] p2a,p2b
|-resisted|p2a: Torkoal
|-damage|p2a: Torkoal|15/100
|-damage|p2b: Gallade|22/100
|-unboost|p1a: Gholdengo|spa|1
|-damage|p1a: Gholdengo|91/100|[from] item: Life Orb
|
|-weather|SunnyDay|[upkeep]
|-heal|p2a: Torkoal|21/100|[from] Grassy Terrain
|-heal|p2b: Gallade|28/100|[from] Grassy Terrain
|-heal|p1b: Rillaboom|24/100|[from] Grassy Terrain
|-heal|p1a: Gholdengo|97/100|[from] Grassy Terrain
|upkeep
|turn|4
|
|t:|1756859676
|switch|p1b: Incineroar|Incineroar, L50, M|100/100
|-ability|p1b: Incineroar|Intimidate|boost
|-unboost|p2a: Torkoal|atk|1
|-fail|p2b: Gallade|unboost|[from] item: Clear Amulet|[of] p2b: Gallade
|move|p1a: Gholdengo|Protect|p1a: Gholdengo
|-singleturn|p1a: Gholdengo|Protect
|move|p2b: Gallade|Wide Guard|p2b: Gallade
|-singleturn|p2b: Gallade|Wide Guard
|move|p2a: Torkoal|Heat Wave|p1b: Incineroar|[spread] p1b
|-activate|p1a: Gholdengo|move: Protect
|-resisted|p1b: Incineroar
|-crit|p1b: Incineroar
|-damage|p1b: Incineroar|57/100
|
|-weather|SunnyDay|[upkeep]
|-heal|p2a: Torkoal|28/100|[from] Grassy Terrain
|-heal|p1b: Incineroar|63/100|[from] Grassy Terrain
|-heal|p2b: Gallade|33/100|[from] Grassy Terrain
|-heal|p1a: Gholdengo|100/100|[from] Grassy Terrain
|upkeep
|turn|5
|
|t:|1756859699
|switch|p1a: Rillaboom|Rillaboom, L50, M|24/100
|move|p1b: Incineroar|Fake Out|p2a: Torkoal
|-damage|p2a: Torkoal|18/100
|move|p2b: Gallade|Wide Guard|p2b: Gallade
|-singleturn|p2b: Gallade|Wide Guard
|cant|p2a: Torkoal|flinch
|
|-weather|SunnyDay|[upkeep]
|-heal|p2a: Torkoal|24/100|[from] Grassy Terrain
|-heal|p1b: Incineroar|69/100|[from] Grassy Terrain
|-heal|p2b: Gallade|39/100|[from] Grassy Terrain
|-heal|p1a: Rillaboom|29/100|[from] Grassy Terrain
|-fieldend|move: Trick Room
|-fieldend|move: Grassy Terrain
|upkeep
|turn|6
|
|t:|1756859712
|move|p1a: Rillaboom|Wood Hammer|p2b: Gallade
|-damage|p2b: Gallade|0 fnt
|faint|p2b: Gallade
|-damage|p1a: Rillaboom|19/100|[from] Recoil
|move|p1b: Incineroar|Knock Off|p2a: Torkoal
|-damage|p2a: Torkoal|0 fnt
|-enditem|p2a: Torkoal|Choice Specs|[from] move: Knock Off|[of] p1b: Incineroar
|faint|p2a: Torkoal
|
|-weather|SunnyDay|[upkeep]
|upkeep
|
|t:|1756859722
|switch|p2b: Lilligant|Lilligant-Hisui, L50, F|100/100
|switch|p2a: Indeedee|Indeedee-F, L50, F|100/100
|-fieldstart|move: Psychic Terrain|[from] ability: Psychic Surge|[of] p2a: Indeedee
|turn|7
|inactive|colemarcusvgc has 30 seconds left.
|inactive|colemarcusvgc has 20 seconds left.
|
|t:|1756859758
|switch|p1a: Gholdengo|Gholdengo, L50|100/100
|-terastallize|p2a: Indeedee|Fire
|move|p2b: Lilligant|Sleep Powder|p1b: Incineroar|[miss]
|-miss|p2b: Lilligant|p1b: Incineroar
|move|p1b: Incineroar|Parting Shot|p2b: Lilligant
|-unboost|p2b: Lilligant|atk|1
|-unboost|p2b: Lilligant|spa|1
|
|t:|1756859767
|switch|p1b: Rillaboom|Rillaboom, L50, M|19/100|[from] Parting Shot
|-fieldstart|move: Grassy Terrain|[from] ability: Grassy Surge|[of] p1b: Rillaboom
|move|p2a: Indeedee|Dazzling Gleam|p1a: Gholdengo|[spread] p1a,p1b
|-resisted|p1a: Gholdengo
|-damage|p1a: Gholdengo|93/100
|-damage|p1b: Rillaboom|9/100
|
|-weather|none
|-heal|p1a: Gholdengo|99/100|[from] Grassy Terrain
|-heal|p1b: Rillaboom|15/100|[from] Grassy Terrain
|upkeep
|turn|8
|
|t:|1756859789
|move|p1b: Rillaboom|Fake Out|p2b: Lilligant
|-damage|p2b: Lilligant|80/100
|cant|p2b: Lilligant|flinch
|move|p1a: Gholdengo|Shadow Ball|p2b: Lilligant
|-damage|p2b: Lilligant|0 fnt
|faint|p2b: Lilligant
|-damage|p1a: Gholdengo|89/100|[from] item: Life Orb
|move|p2a: Indeedee|Dazzling Gleam|p1b: Rillaboom|[spread] p1a,p1b
|-resisted|p1a: Gholdengo
|-damage|p1a: Gholdengo|82/100
|-damage|p1b: Rillaboom|4/100
|
|-heal|p1a: Gholdengo|88/100|[from] Grassy Terrain
|-heal|p1b: Rillaboom|10/100|[from] Grassy Terrain
|upkeep
|turn|9
|
|t:|1756859802
|move|p1a: Gholdengo|Make It Rain|p2a: Indeedee
|-resisted|p2a: Indeedee
|-damage|p2a: Indeedee|67/100
|-unboost|p1a: Gholdengo|spa|1
|-damage|p1a: Gholdengo|78/100|[from] item: Life Orb
|move|p1b: Rillaboom|Wood Hammer|p2a: Indeedee
|-resisted|p2a: Indeedee
|-damage|p2a: Indeedee|27/100
|-damage|p1b: Rillaboom|0 fnt|[from] Recoil
|faint|p1b: Rillaboom
|move|p2a: Indeedee|Dazzling Gleam|p1a: Gholdengo
|-resisted|p1a: Gholdengo
|-damage|p1a: Gholdengo|69/100
|
|-heal|p1a: Gholdengo|75/100|[from] Grassy Terrain
|-heal|p2a: Indeedee|33/100|[from] Grassy Terrain
|upkeep
|
|t:|1756859816
|switch|p1b: Ursaluna|Ursaluna-Bloodmoon, L50, M|100/100
|turn|10
|
|t:|1756859819
|move|p1a: Gholdengo|Make It Rain|p2a: Indeedee
|-resisted|p2a: Indeedee
|-damage|p2a: Indeedee|8/100
|-unboost|p1a: Gholdengo|spa|1
|-damage|p1a: Gholdengo|66/100|[from] item: Life Orb
|move|p1b: Ursaluna|Earth Power|p2a: Indeedee
|-supereffective|p2a: Indeedee
|-damage|p2a: Indeedee|0 fnt
|faint|p2a: Indeedee
|
|win|Bread248
