|j|☆palle synchro
|j|☆parmesanlugubre206
|html|palle synchroparmesanlugubre206    
|uhtml|bestof|Game 1 of a best-of-3
|t:|1783460033
|gametype|doubles
|player|p1|palle synchro|volkner|1416
|player|p2|parmesanlugubre206|ethan|1329
|gen|9
|tier|[Gen 9 Champions] VGC 2026 Reg M-B (Bo3)
|rated|
|rule|Species Clause: Limit one of each Pokémon
|rule|Item Clause: Limit 1 of each item
|clearpoke
|poke|p1|Swampert, L50, M|
|poke|p1|Pelipper, L50, F|
|poke|p1|Archaludon, L50, M, shiny|
|poke|p1|Maushold-Four, L50|
|poke|p1|Venusaur, L50, M|
|poke|p1|Charizard, L50, M, shiny|
|poke|p2|Charizard, L50, F|
|poke|p2|Venusaur, L50, F|
|poke|p2|Incineroar, L50, F|
|poke|p2|Farigiraf, L50, F|
|poke|p2|Torkoal, L50, M|
|poke|p2|Garchomp, L50, M|
|teampreview|4
|showteam|p1|Swampert||Swampertite|Torrent|WaveCrash,HighHorsepower,IcePunch,Protect|Adamant||M|||50|]Pelipper||SitrusBerry|Drizzle|WeatherBall,Hurricane,WideGuard,Tailwind|Modest||F|||50|]Archaludon||Leftovers|Stamina|DragonPulse,FlashCannon,ElectroShot,Protect|Modest||M|||50|]Maushold-Four||FocusSash|FriendGuard|SuperFang,FollowMe,RainDance,Protect|Timid|||||50|]Venusaur||LifeOrb|Chlorophyll|EnergyBall,SludgeBomb,EarthPower,Protect|Modest||M|||50|]Charizard||CharizarditeY|Blaze|WeatherBall,HeatWave,Hurricane,Protect|Modest||M|||50|
|showteam|p2|Charizard||CharizarditeY|Blaze|WeatherBall,HeatWave,SolarBeam,Protect|Modest||F|||50|]Venusaur||FocusSash|Chlorophyll|SolarBeam,SleepPowder,EarthPower,Protect|Modest||F|||50|]Incineroar||SitrusBerry|Intimidate|FlareBlitz,ThroatChop,PartingShot,FakeOut|Brave||F|||50|]Farigiraf||LifeOrb|ArmorTail|HyperVoice,Psychic,TrickRoom,Protect|Quiet||F|||50|]Torkoal||Charcoal|Drought|Eruption,SolarBeam,WeatherBall,Protect|Quiet||M|||50|]Garchomp||ChoiceScarf|RoughSkin|Earthquake,RockTomb,StompingTantrum,DragonClaw|Adamant||M|||50|
|inactive|Battle timer is ON: inactive players will automatically lose when time's up. (requested by parmesanlugubre206)
|c|☆palle synchro|ciao paolo
|inactive|palle synchro has 60 seconds left.
|inactive|parmesanlugubre206 has 60 seconds left.
|c|☆parmesanlugubre206|?
|
|t:|1783460081
|teamsize|p1|4
|teamsize|p2|4
|start
|switch|p1a: Swampert|Swampert, L50, M|100/100
|switch|p1b: Maushold|Maushold-Four, L50|100/100
|switch|p2a: Charizard|Charizard, L50, F|100/100
|switch|p2b: Garchomp|Garchomp, L50, M|100/100
|turn|1
|
|t:|1783460096
|detailschange|p1a: Swampert|Swampert-Mega, L50, M
|-mega|p1a: Swampert|Swampert|Swampertite
|move|p1b: Maushold|Protect|p1b: Maushold
|-singleturn|p1b: Maushold|Protect
|move|p2a: Charizard|Protect|p2a: Charizard
|-singleturn|p2a: Charizard|Protect
|move|p1a: Swampert|Protect|p1a: Swampert
|-singleturn|p1a: Swampert|Protect
|move|p2b: Garchomp|Earthquake|p1b: Maushold|[spread] 
|-activate|p2a: Charizard|move: Protect
|-activate|p1a: Swampert|move: Protect
|-activate|p1b: Maushold|move: Protect
|
|upkeep
|turn|2
|
|t:|1783460111
|switch|p2a: Farigiraf|Farigiraf, L50, F|100/100
|move|p2b: Garchomp|Earthquake|p1a: Swampert|[spread] p2a,p1a,p1b
|-damage|p2a: Farigiraf|54/100
|-damage|p1a: Swampert|74/100
|-damage|p1b: Maushold|48/100
|move|p1b: Maushold|Rain Dance|p1b: Maushold
|-weather|RainDance
|move|p1a: Swampert|Ice Punch|p2b: Garchomp
|-supereffective|p2b: Garchomp|2
|-damage|p2b: Garchomp|0 fnt
|-damage|p1a: Swampert|62/100|[from] ability: Rough Skin|[of] p2b: Garchomp
|faint|p2b: Garchomp
|
|-weather|RainDance|[upkeep]
|upkeep
|
|t:|1783460116
|switch|p2b: Torkoal|Torkoal, L50, M|100/100
|-weather|SunnyDay|[from] ability: Drought|[of] p2b: Torkoal
|turn|3
|
|t:|1783460128
|move|p2a: Farigiraf|Protect|p2a: Farigiraf
|-singleturn|p2a: Farigiraf|Protect
|move|p1b: Maushold|Rain Dance|p1b: Maushold
|-weather|RainDance
|move|p1a: Swampert|Wave Crash|p2a: Farigiraf
|-activate|p2a: Farigiraf|move: Protect
|move|p2b: Torkoal|Weather Ball|p1b: Maushold
|-damage|p1b: Maushold|0 fnt
|faint|p1b: Maushold
|
|-weather|RainDance|[upkeep]
|upkeep
|
|t:|1783460137
|switch|p1b: Archaludon|Archaludon, L50, M, shiny|100/100
|turn|4
|
|t:|1783460149
|move|p2b: Torkoal|Protect|p2b: Torkoal
|-singleturn|p2b: Torkoal|Protect
|move|p1a: Swampert|Wave Crash|p2a: Farigiraf
|-damage|p2a: Farigiraf|0 fnt
|faint|p2a: Farigiraf
|-damage|p1a: Swampert|40/100|[from] Recoil
|move|p1b: Archaludon|Electro Shot||[still]
|-prepare|p1b: Archaludon|Electro Shot
|-boost|p1b: Archaludon|spa|1
|-anim|p1b: Archaludon|Electro Shot|p2b: Torkoal
|-activate|p2b: Torkoal|move: Protect
|
|-weather|RainDance|[upkeep]
|upkeep
|
|t:|1783460152
|switch|p2a: Charizard|Charizard, L50, F|100/100
|turn|5
|
|t:|1783460166
|move|p1a: Swampert|High Horsepower|p2b: Torkoal
|-supereffective|p2b: Torkoal|1
|-damage|p2b: Torkoal|11/100
|move|p2a: Charizard|Weather Ball|p1a: Swampert
|-damage|p1a: Swampert|1/100
|move|p1b: Archaludon|Dragon Pulse|p2b: Torkoal
|-damage|p2b: Torkoal|0 fnt
|faint|p2b: Torkoal
|
|-weather|RainDance|[upkeep]
|upkeep
|turn|6
|
|t:|1783460176
|detailschange|p2a: Charizard|Charizard-Mega-Y, L50, F
|-mega|p2a: Charizard|Charizard|Charizardite Y
|-weather|SunnyDay|[from] ability: Drought|[of] p2a: Charizard
|move|p2a: Charizard|Heat Wave|p1b: Archaludon|[spread] p1a
|-miss|p2a: Charizard|p1b: Archaludon
|-resisted|p1a: Swampert|1
|-damage|p1a: Swampert|0 fnt
|faint|p1a: Swampert
|move|p1b: Archaludon|Electro Shot||[still]
|-prepare|p1b: Archaludon|Electro Shot
|-boost|p1b: Archaludon|spa|1
|
|-weather|SunnyDay|[upkeep]
|upkeep
|
|t:|1783460178
|switch|p1a: Pelipper|Pelipper, L50, F|100/100
|-weather|RainDance|[from] ability: Drizzle|[of] p1a: Pelipper
|turn|7
|
|t:|1783460183
|move|p2a: Charizard|Heat Wave|p1a: Pelipper|[spread] p1a,p1b
|-resisted|p1a: Pelipper|1
|-damage|p1a: Pelipper|85/100
|-damage|p1b: Archaludon|78/100
|-ability|p1b: Archaludon|Stamina|boost
|-boost|p1b: Archaludon|def|1
|move|p1b: Archaludon|Electro Shot|p2a: Charizard|[from] lockedmove
|-supereffective|p2a: Charizard|1
|-damage|p2a: Charizard|0 fnt
|faint|p2a: Charizard
|
|win|palle synchro
