|j|☆ropplebees
|j|☆upfrontsalt
|html|ropplebeesupfrontsalt    
|uhtml|bestof|Game 3 of a best-of-3
|t:|1783304347
|gametype|doubles
|player|p1|ropplebees|n|
|player|p2|upfrontsalt|wattson|
|gen|9
|tier|[Gen 9 Champions] VGC 2026 Reg M-B (Bo3)
|rule|Species Clause: Limit one of each Pokémon
|rule|Item Clause: Limit 1 of each item
|clearpoke
|poke|p1|Charizard, L50, F, shiny|
|poke|p1|Blastoise, L50, F, shiny|
|poke|p1|Garchomp, L50, F, shiny|
|poke|p1|Krookodile, L50, F, shiny|
|poke|p1|Aerodactyl, L50, F, shiny|
|poke|p1|Rotom-Wash, L50, shiny|
|poke|p2|Primarina, L50, M|
|poke|p2|Lucario, L50, F|
|poke|p2|Goodra-Hisui, L50, M, shiny|
|poke|p2|Sandaconda, L50, M, shiny|
|poke|p2|Sinistcha, L50|
|poke|p2|Hydreigon, L50, F, shiny|
|teampreview|4
|showteam|p1|Charizard||CharizarditeY|Blaze|HeatWave,AncientPower,SolarBeam,Protect|Timid||F|||50|]Blastoise||Blastoisinite|Torrent|FakeOut,WaterSpout,AuraSphere,IcyWind|Modest||F|||50|]Garchomp||LifeOrb|RoughSkin|StompingTantrum,DragonClaw,PoisonJab,Protect|Jolly||F|||50|]Krookodile||ExpertBelt|Intimidate|KnockOff,HighHorsepower,GunkShot,Protect|Jolly||F|||50|]Aerodactyl||FocusSash|Unnerve|WideGuard,Tailwind,RockSlide,Earthquake|Jolly||F|||50|]Rotom-Wash||LightClay|Levitate|Electroweb,VoltSwitch,HydroPump,LightScreen|Modest|||||50|
|showteam|p2|Primarina||ExpertBelt|LiquidVoice|HyperVoice,Moonblast,EnergyBall,Protect|Modest||M|||50|]Lucario||Lucarionite|Justified|CloseCombat,RockSlide,Protect,BulletPunch|Jolly||F|||50|]Goodra-Hisui||SitrusBerry|Gooey|Feint,IceBeam,DracoMeteor,Counter|Modest||M|||50|]Sandaconda||Leftovers|SandSpit|HighHorsepower,Coil,BodyPress,RockBlast|Careful||M|||50|]Sinistcha||OccaBerry|Hospitality|MatchaGotcha,ShadowBall,RagePowder,Protect|Calm|||||50|]Hydreigon||ChoiceScarf|Levitate|Flamethrower,DracoMeteor,DarkPulse,Uturn|Modest||F|||50|
|j| Whim5
|c|☆upfrontsalt|Sorry about the flinch check
|c|☆ropplebees|nah lmao all good
|c|☆ropplebees|if it wasn't obvious we were geekin on the chalkboard
|c|☆upfrontsalt|Thats fair I would too
|j| MikuFan1287
|
|t:|1783304907
|teamsize|p1|4
|teamsize|p2|4
|start
|switch|p1a: CaptivatingSkandha|Blastoise, L50, F, shiny|100/100
|switch|p1b: Unlimited Void|Rotom-Wash, L50, shiny|100/100
|switch|p2a: The Bronze James|Goodra-Hisui, L50, M, shiny|100/100
|switch|p2b: Punch Merchant|Lucario, L50, F|100/100
|turn|1
|c|☆ropplebees|the bronze james...
|
|t:|1783305100
|move|p2b: Punch Merchant|Protect|p2b: Punch Merchant
|-singleturn|p2b: Punch Merchant|Protect
|move|p1b: Unlimited Void|Light Screen|p1b: Unlimited Void
|-sidestart|p1: ropplebees|move: Light Screen
|move|p1a: CaptivatingSkandha|Icy Wind|p2a: The Bronze James|[spread] p2a
|-activate|p2b: Punch Merchant|move: Protect
|-damage|p2a: The Bronze James|91/100
|-unboost|p2a: The Bronze James|spe|1
|move|p2a: The Bronze James|Draco Meteor|p1a: CaptivatingSkandha
|-damage|p1a: CaptivatingSkandha|57/100
|-unboost|p2a: The Bronze James|spa|2
|
|upkeep
|turn|2
|
|t:|1783305447
|switch|p2a: Fruit Punch|Sinistcha, L50|100/100
|detailschange|p2b: Punch Merchant|Lucario-Mega, L50, F
|-mega|p2b: Punch Merchant|Lucario|Lucarionite
|move|p2b: Punch Merchant|Close Combat|p1a: CaptivatingSkandha
|-damage|p1a: CaptivatingSkandha|0 fnt
|-unboost|p2b: Punch Merchant|def|1
|-unboost|p2b: Punch Merchant|spd|1
|faint|p1a: CaptivatingSkandha
|move|p1b: Unlimited Void|Volt Switch|p2b: Punch Merchant
|-damage|p2b: Punch Merchant|11/100
|
|t:|1783305681
|switch|p1b: Malevolent Shrine|Garchomp, L50, F, shiny|100/100|[from] Volt Switch
|
|upkeep
|
|t:|1783305688
|switch|p1a: Unlimited Void|Rotom-Wash, L50, shiny|100/100
|turn|3
|
|t:|1783305808
|move|p2b: Punch Merchant|Protect|p2b: Punch Merchant
|-singleturn|p2b: Punch Merchant|Protect
|move|p1b: Malevolent Shrine|Protect|p1b: Malevolent Shrine
|-singleturn|p1b: Malevolent Shrine|Protect
|move|p1a: Unlimited Void|Electroweb|p2b: Punch Merchant|[spread] p2a
|-activate|p2b: Punch Merchant|move: Protect
|-resisted|p2a: Fruit Punch|1
|-damage|p2a: Fruit Punch|89/100
|-unboost|p2a: Fruit Punch|spe|1
|move|p2a: Fruit Punch|Matcha Gotcha|p1a: Unlimited Void|[spread] p1a
|-activate|p1b: Malevolent Shrine|move: Protect
|-supereffective|p1a: Unlimited Void|1
|-damage|p1a: Unlimited Void|66/100
|-heal|p2a: Fruit Punch|100/100|[from] drain|[of] p1a: Unlimited Void
|
|upkeep
|turn|4
|
|t:|1783306124
|move|p2a: Fruit Punch|Rage Powder|p2a: Fruit Punch
|-singleturn|p2a: Fruit Punch|move: Rage Powder
|move|p2b: Punch Merchant|Close Combat|p1a: Unlimited Void
|-damage|p1a: Unlimited Void|0 fnt
|-unboost|p2b: Punch Merchant|def|1
|-unboost|p2b: Punch Merchant|spd|1
|faint|p1a: Unlimited Void
|move|p1b: Malevolent Shrine|Poison Jab|p2a: Fruit Punch
|-damage|p2a: Fruit Punch|69/100
|-damage|p1b: Malevolent Shrine|90/100|[from] item: Life Orb
|
|upkeep
|
|t:|1783306141
|switch|p1a: IronMountainCoffin|Charizard, L50, F, shiny|100/100
|turn|5
|
|t:|1783306370
|detailschange|p1a: IronMountainCoffin|Charizard-Mega-Y, L50, F, shiny
|-mega|p1a: IronMountainCoffin|Charizard|Charizardite Y
|-weather|SunnyDay|[from] ability: Drought|[of] p1a: IronMountainCoffin
|move|p2a: Fruit Punch|Rage Powder|p2a: Fruit Punch
|-singleturn|p2a: Fruit Punch|move: Rage Powder
|move|p2b: Punch Merchant|Rock Slide|p1a: IronMountainCoffin|[spread] p1a,p1b
|-supereffective|p1a: IronMountainCoffin|2
|-resisted|p1b: Malevolent Shrine|1
|-damage|p1a: IronMountainCoffin|0 fnt
|-damage|p1b: Malevolent Shrine|79/100
|faint|p1a: IronMountainCoffin
|move|p1b: Malevolent Shrine|Dragon Claw|p2a: Fruit Punch
|-damage|p2a: Fruit Punch|20/100y
|-damage|p1b: Malevolent Shrine|69/100|[from] item: Life Orb
|
|-weather|SunnyDay|[upkeep]
|upkeep
|turn|6
|
|t:|1783306396
|move|p2a: Fruit Punch|Rage Powder|p2a: Fruit Punch
|-singleturn|p2a: Fruit Punch|move: Rage Powder
|move|p2b: Punch Merchant|Close Combat|p1b: Malevolent Shrine
|-damage|p1b: Malevolent Shrine|0 fnt
|-unboost|p2b: Punch Merchant|def|1
|-unboost|p2b: Punch Merchant|spd|1
|-damage|p2b: Punch Merchant|0 fnt|[from] ability: Rough Skin|[of] p1b: Malevolent Shrine
|faint|p1b: Malevolent Shrine
|faint|p2b: Punch Merchant
|
|win|upfrontsalt
|c|☆ropplebees|ggs!
|c| Whim5|holy close, GGS
|c|☆upfrontsalt|GG
|c|☆ropplebees|god mothafuckin damn
|c| MikuFan1287|ggs holy hell
|c|☆upfrontsalt|That whole thing was scary
|c|☆upfrontsalt|all 3 tbh
|c|☆ropplebees|it was
