|j|☆hopiumoncrack
|j|☆tacoman007
|html|hopiumoncracktacoman007    
|uhtml|bestof|Game 1 of a best-of-3
|t:|1784573390
|gametype|doubles
|player|p1|hopiumoncrack|2|1108
|player|p2|tacoman007|102|1094
|gen|9
|tier|[Gen 9 Champions] VGC 2026 Reg M-B (Bo3)
|rated|
|rule|Species Clause: Limit one of each Pokémon
|rule|Item Clause: Limit 1 of each item
|clearpoke
|poke|p1|Incineroar, L50, F, shiny|
|poke|p1|Farigiraf, L50, M, shiny|
|poke|p1|Mawile, L50, F, shiny|
|poke|p1|Basculegion, L50, M, shiny|
|poke|p1|Ninetales-Alola, L50, F|
|poke|p1|Dragonite, L50, M|
|poke|p2|Lopunny, L50, F|
|poke|p2|Gholdengo, L50|
|poke|p2|Talonflame, L50, F|
|poke|p2|Farigiraf, L50, M|
|poke|p2|Araquanid, L50, F|
|poke|p2|Ampharos, L50, F|
|teampreview|4
|showteam|p1|Incineroar||PasshoBerry|Intimidate|FakeOut,FlareBlitz,ThroatChop,PartingShot|Brave||F|||50|]Farigiraf||ColburBerry|ArmorTail|Protect,HelpingHand,Psychic,TrickRoom|Bold||M|||50|]Mawile||Mawilite|HyperCutter|Protect,PlayRough,SuckerPunch,SwordsDance|Brave||F|||50|]Basculegion||ChoiceScarf|Adaptability|WaveCrash,LastRespects,AquaJet,FlipTurn|Jolly||M|||50|]Ninetales-Alola||FocusSash|SnowWarning|Protect,Blizzard,FreezeDry,Moonblast|Timid||F|||50|]Dragonite||Dragoninite|InnerFocus|Protect,DragonPulse,Thunderbolt,HeatWave|Modest||M|||50|
|showteam|p2|Lopunny||Lopunnite|CuteCharm|FakeOut,CloseCombat,SwordsDance,Protect|Jolly||F|||50|]Gholdengo||ChoiceScarf|GoodasGold|FlashCannon,ShadowBall,PowerGem,Psychic|Modest|||||50|]Talonflame||FocusSash|GaleWings|BraveBird,Tailwind,Taunt,Protect|Jolly||F|||50|]Farigiraf||ColburBerry|ArmorTail|HyperVoice,TrickRoom,Imprison,Protect|Quiet||M|||50|]Araquanid||MysticWater|WaterBubble|Liquidation,LeechLife,WideGuard,Protect|Brave||F|||50|]Ampharos||Ampharosite|Static|VoltSwitch,Thunderbolt,DragonPulse,Protect|Quiet||F|||50|
|inactive|Battle timer is ON: inactive players will automatically lose when time's up. (requested by hopiumoncrack)
|
|t:|1784573449
|teamsize|p1|4
|teamsize|p2|4
|start
|switch|p1a: Incineroar|Incineroar, L50, F, shiny|100/100
|switch|p1b: Mawile|Mawile, L50, F, shiny|100/100
|switch|p2a: Ampharos|Ampharos, L50, F|100/100
|switch|p2b: Gholdengo|Gholdengo, L50|100/100
|-ability|p1a: Incineroar|Intimidate|boost
|-unboost|p2a: Ampharos|atk|1
|-unboost|p2b: Gholdengo|atk|1
|turn|1
|inactive|hopiumoncrack has 30 seconds left.
|inactive|tacoman007 has 30 seconds left.
|
|t:|1784573483
|switch|p2b: Lopunny|Lopunny, L50, F|100/100
|detailschange|p1b: Mawile|Mawile-Mega, L50, F, shiny
|-mega|p1b: Mawile|Mawile|Mawilite
|move|p1a: Incineroar|Throat Chop|p2b: Lopunny
|-damage|p2b: Lopunny|48/100
|-start|p2b: Lopunny|Throat Chop|[silent]
|move|p2a: Ampharos|Volt Switch|p1b: Mawile
|-damage|p1b: Mawile|55/100
|
|t:|1784573496
|switch|p2a: Talonflame|Talonflame, L50, F|100/100|[from] Volt Switch
|move|p1b: Mawile|Swords Dance|p1b: Mawile
|-boost|p1b: Mawile|atk|2
|
|upkeep
|turn|2
|inactive|tacoman007 has 30 seconds left.
|inactive|tacoman007 has 20 seconds left.
|inactive|tacoman007 has 15 seconds left.
|inactive|tacoman007 has 10 seconds left.
|inactive|tacoman007 has 5 seconds left.
|
|t:|1784573549
|switch|p1a: Basculegion|Basculegion, L50, M, shiny|100/100
|detailschange|p2b: Lopunny|Lopunny-Mega, L50, F
|-mega|p2b: Lopunny|Lopunny|Lopunnite
|move|p1b: Mawile|Protect|p1b: Mawile
|-singleturn|p1b: Mawile|Protect
|move|p2b: Lopunny|Fake Out|p1b: Mawile
|-activate|p1b: Mawile|move: Protect
|move|p2a: Talonflame|Taunt|p1b: Mawile
|-activate|p1b: Mawile|move: Protect
|
|-end|p2b: Lopunny|Throat Chop|[silent]
|upkeep
|turn|3
|inactive|hopiumoncrack has 30 seconds left.
|inactive|tacoman007 has 30 seconds left.
|
|t:|1784573580
|switch|p2a: Ampharos|Ampharos, L50, F|100/100
|move|p2b: Lopunny|Protect|p2b: Lopunny
|-singleturn|p2b: Lopunny|Protect
|move|p1a: Basculegion|Aqua Jet|p2a: Ampharos
|-damage|p2a: Ampharos|73/100
|move|p1b: Mawile|Play Rough|p2a: Ampharos
|-damage|p2a: Ampharos|0 fnt
|faint|p2a: Ampharos
|
|upkeep
|inactive|tacoman007 has 30 seconds left.
|
|t:|1784573615
|switch|p2a: Gholdengo|Gholdengo, L50|100/100
|turn|4
|
|t:|1784573630
|switch|p2a: Talonflame|Talonflame, L50, F|100/100
|move|p1a: Basculegion|Aqua Jet|p2b: Lopunny
|-crit|p2b: Lopunny
|-damage|p2b: Lopunny|1/100
|move|p1b: Mawile|Sucker Punch||[still]
|-fail|p1b: Mawile
|move|p2b: Lopunny|Close Combat|p1b: Mawile
|-damage|p1b: Mawile|0 fnt
|-unboost|p2b: Lopunny|def|1
|-unboost|p2b: Lopunny|spd|1
|faint|p1b: Mawile
|
|upkeep
|
|t:|1784573650
|switch|p1b: Incineroar|Incineroar, L50, F, shiny|100/100
|-ability|p1b: Incineroar|Intimidate|boost
|-unboost|p2a: Talonflame|atk|1
|-fail|p2b: Lopunny|unboost|Attack|[from] ability: Scrappy|[of] p2b: Lopunny
|turn|5
|
|t:|1784573669
|move|p2b: Lopunny|Protect|p2b: Lopunny
|-singleturn|p2b: Lopunny|Protect
|move|p2a: Talonflame|Protect|p2a: Talonflame
|-singleturn|p2a: Talonflame|Protect
|move|p1b: Incineroar|Fake Out|p2b: Lopunny
|-activate|p2b: Lopunny|move: Protect
|move|p1a: Basculegion|Aqua Jet|p2a: Talonflame
|-activate|p2a: Talonflame|move: Protect
|
|upkeep
|turn|6
|inactive|tacoman007 has 30 seconds left.
|
|t:|1784573699
|move|p1a: Basculegion|Aqua Jet|p2b: Lopunny
|-damage|p2b: Lopunny|0 fnt
|faint|p2b: Lopunny
|move|p2a: Talonflame|Brave Bird|p1a: Basculegion
|-damage|p1a: Basculegion|59/100
|-damage|p2a: Talonflame|83/100|[from] Recoil
|move|p1b: Incineroar|Flare Blitz|p2a: Talonflame
|-resisted|p2a: Talonflame|1
|-damage|p2a: Talonflame|37/100
|-damage|p1b: Incineroar|88/100|[from] Recoil
|
|upkeep
|
|t:|1784573703
|switch|p2b: Gholdengo|Gholdengo, L50|100/100
|turn|7
|inactive|hopiumoncrack has 30 seconds left.
|inactive|tacoman007 has 30 seconds left.
|inactive|tacoman007 has 20 seconds left.
|inactive|tacoman007 has 15 seconds left.
|inactive|tacoman007 has 10 seconds left.
|
|t:|1784573750
|switch|p1a: Farigiraf|Farigiraf, L50, M, shiny|100/100
|move|p2a: Talonflame|Protect|p2a: Talonflame
|-singleturn|p2a: Talonflame|Protect
|move|p2b: Gholdengo|Shadow Ball|p1a: Farigiraf
|-immune|p1a: Farigiraf
|move|p1b: Incineroar|Flare Blitz|p2b: Gholdengo
|-supereffective|p2b: Gholdengo|1
|-damage|p2b: Gholdengo|0 fnt
|faint|p2b: Gholdengo
|-damage|p1b: Incineroar|61/100|[from] Recoil
|
|upkeep
|turn|8
|-message|tacoman007 forfeited.
|
|win|hopiumoncrack
