|j|☆TogoVGC
|j|☆TeyVgc
|html|TogoVGCTeyVgc    
|uhtml|bestof|Game 1 of a best-of-3
|t:|1756514426
|gametype|doubles
|player|p1|TogoVGC|petrel|1247
|player|p2|TeyVgc|2|1172
|gen|9
|tier|[Gen 9] VGC 2025 Reg H (Bo3)
|rated|
|rule|Species Clause: Limit one of each Pokémon
|rule|Item Clause: Limit 1 of each item
|clearpoke
|poke|p1|Ninetales-Alola, L50, F|
|poke|p1|Dondozo, L50, F|
|poke|p1|Tatsugiri, L50, M|
|poke|p1|Talonflame, L50, M|
|poke|p1|Annihilape, L50, F|
|poke|p1|Shiftry, L50, M|
|poke|p2|Ursaluna-Bloodmoon, L50, M|
|poke|p2|Gholdengo, L50|
|poke|p2|Dragonite, L50, M|
|poke|p2|Sneasler, L50, M|
|poke|p2|Incineroar, L50, F|
|poke|p2|Indeedee, L50, M|
|teampreview|4
|showteam|p1|Ninetales-Alola||ChoiceSpecs|SnowWarning|Blizzard,FreezeDry,IcyWind,Moonblast|||F|||50|,,,,,Water]Dondozo||SafetyGoggles|Unaware|WaveCrash,Earthquake,HeavySlam,Protect|||F|||50|,,,,,Steel]Tatsugiri||ChoiceScarf|Commander|MuddyWater,DracoMeteor,HydroPump,DragonPulse|||M|||50|,,,,,Grass]Talonflame||LifeOrb|GaleWings|DualWingbeat,FlareBlitz,Tailwind,Protect|||M|||50|,,,,,Ghost]Annihilape||FocusSash|Defiant|CloseCombat,ShadowClaw,Taunt,Protect|||F|||50|,,,,,Stellar]Shiftry||AssaultVest|WindRider|FakeOut,LeafBlade,KnockOff,SuckerPunch|||M|||50|,,,,,Fire
|showteam|p2|Ursaluna-Bloodmoon||AssaultVest|MindsEye|BloodMoon,EarthPower,VacuumWave,HyperVoice|||M|||50|,,,,,Water]Gholdengo||LifeOrb|GoodasGold|Protect,MakeItRain,ShadowBall,NastyPlot||||||50|,,,,,Water]Dragonite||LoadedDice|Multiscale|ScaleShot,Tailwind,Haze,Protect|||M|||50|,,,,,Fairy]Sneasler||PsychicSeed|Unburden|Protect,DireClaw,CloseCombat,ThroatChop|||M|||50|,,,,,Stellar]Incineroar||SafetyGoggles|Intimidate|KnockOff,PartingShot,FlareBlitz,FakeOut|||F|||50|,,,,,Ghost]Indeedee||FocusSash|PsychicSurge|ExpandingForce,TrickRoom,Imprison,TeraBlast|||M|||50|,,,,,Fighting
|
|t:|1756514504
|teamsize|p1|4
|teamsize|p2|4
|start
|switch|p1a: Talonflame|Talonflame, L50, M|100/100
|switch|p1b: Annihilape|Annihilape, L50, F|100/100
|switch|p2a: Leonel|Sneasler, L50, M|100/100
|switch|p2b: Joaquin|Dragonite, L50, M|100/100
|turn|1
|
|t:|1756514553
|switch|p2a: Marco|Indeedee, L50, M|100/100
|-fieldstart|move: Psychic Terrain|[from] ability: Psychic Surge|[of] p2a: Marco
|move|p1a: Talonflame|Protect|p1a: Talonflame
|-singleturn|p1a: Talonflame|Protect
|move|p1b: Annihilape|Taunt|p2b: Joaquin
|-start|p2b: Joaquin|move: Taunt
|move|p2b: Joaquin|Scale Shot|p1a: Talonflame
|-activate|p1a: Talonflame|move: Protect
|
|upkeep
|turn|2
|
|t:|1756514583
|move|p1a: Talonflame|Tailwind|p1a: Talonflame
|-sidestart|p1: TogoVGC|move: Tailwind
|move|p1b: Annihilape|Close Combat|p2a: Marco
|-enditem|p2a: Marco|Focus Sash
|-damage|p2a: Marco|1/100
|-unboost|p1b: Annihilape|def|1
|-unboost|p1b: Annihilape|spd|1
|move|p2a: Marco|Expanding Force|p1b: Annihilape|[spread] p1a,p1b
|-supereffective|p1b: Annihilape
|-damage|p1a: Talonflame|21/100
|-enditem|p1b: Annihilape|Focus Sash
|-damage|p1b: Annihilape|1/100
|move|p2b: Joaquin|Scale Shot|p1a: Talonflame
|-damage|p1a: Talonflame|0 fnt
|faint|p1a: Talonflame
|-hitcount|p1: Talonflame|1
|-unboost|p2b: Joaquin|def|1
|-boost|p2b: Joaquin|spe|1
|
|upkeep
|
|t:|1756514592
|switch|p1a: Ninetales|Ninetales-Alola, L50, F|100/100
|-weather|Snowscape|[from] ability: Snow Warning|[of] p1a: Ninetales
|turn|3
|
|t:|1756514620
|switch|p2b: Leonel|Sneasler, L50, M|100/100
|-enditem|p2b: Leonel|Psychic Seed
|-boost|p2b: Leonel|spd|1|[from] item: Psychic Seed
|move|p1a: Ninetales|Blizzard|p2a: Marco|[spread] p2a,p2b
|-crit|p2a: Marco
|-damage|p2a: Marco|0 fnt
|-damage|p2b: Leonel|54/100
|faint|p2a: Marco
|move|p1b: Annihilape|Shadow Claw|p2b: Leonel
|-damage|p2b: Leonel|0 fnt
|faint|p2b: Leonel
|
|-weather|Snowscape|[upkeep]
|upkeep
|
|t:|1756514631
|switch|p2b: Joaquin|Dragonite, L50, M|100/100
|switch|p2a: Tuco|Incineroar, L50, F|100/100
|-ability|p2a: Tuco|Intimidate|boost
|-unboost|p1a: Ninetales|atk|1
|-unboost|p1b: Annihilape|atk|1
|-ability|p1b: Annihilape|Defiant|boost
|-boost|p1b: Annihilape|atk|2
|turn|4
|
|t:|1756514682
|-terastallize|p2a: Tuco|Ghost
|move|p1b: Annihilape|Protect|p1b: Annihilape
|-singleturn|p1b: Annihilape|Protect
|move|p2b: Joaquin|Protect|p2b: Joaquin
|-singleturn|p2b: Joaquin|Protect
|move|p1a: Ninetales|Blizzard|p2b: Joaquin|[spread] p2a
|-activate|p2b: Joaquin|move: Protect
|-damage|p2a: Tuco|55/100
|move|p2a: Tuco|Flare Blitz|p1a: Ninetales
|-supereffective|p1a: Ninetales
|-damage|p1a: Ninetales|0 fnt
|faint|p1a: Ninetales
|-damage|p2a: Tuco|30/100|[from] Recoil
|
|-weather|Snowscape|[upkeep]
|upkeep
|
|t:|1756514687
|switch|p1a: Tatsugiri|Tatsugiri, L50, M|100/100
|turn|5
|
|t:|1756514716
|-terastallize|p1b: Annihilape|Stellar
|move|p1a: Tatsugiri|Dragon Pulse|p2b: Joaquin
|-supereffective|p2b: Joaquin
|-damage|p2b: Joaquin|61/100
|move|p1b: Annihilape|Shadow Claw|p2b: Joaquin
|-damage|p2b: Joaquin|0 fnt
|faint|p2b: Joaquin
|move|p2a: Tuco|Knock Off|p1b: Annihilape
|-damage|p1b: Annihilape|0 fnt
|faint|p1b: Annihilape
|
|-weather|Snowscape|[upkeep]
|-sideend|p1: TogoVGC|move: Tailwind
|-fieldend|move: Psychic Terrain
|upkeep
|turn|6
|
|t:|1756514737
|move|p1a: Tatsugiri|Dragon Pulse|p2a: Tuco
|-damage|p2a: Tuco|0 fnt
|faint|p2a: Tuco
|
|win|TogoVGC
