|j|☆PreparationHHH
|j|☆zmdkdksks
|html|PreparationHHHzmdkdksks    
|uhtml|bestof|Game 1 of a best-of-3
|t:|1757854370
|gametype|doubles
|player|p1|PreparationHHH|zinzolin|1117
|player|p2|zmdkdksks|iris-gen5bw2|1000
|gen|9
|tier|[Gen 9] VGC 2025 Reg H (Bo3)
|rated|
|rule|Species Clause: Limit one of each Pokémon
|rule|Item Clause: Limit 1 of each item
|clearpoke
|poke|p1|Toedscruel, L50, F|
|poke|p1|Weezing-Galar, L50, F|
|poke|p1|Pelipper, L50, F|
|poke|p1|Archaludon, L50, M|
|poke|p1|Comfey, L50, F|
|poke|p1|Kingdra, L50, M|
|poke|p2|Kommo-o, L50, M|
|poke|p2|Sneasler, L50, M|
|poke|p2|Rillaboom, L50, F|
|poke|p2|Garganacl, L50, M|
|poke|p2|Ursaluna-Bloodmoon, L50, M|
|poke|p2|Sableye, L50, M|
|teampreview|4
|showteam|p1|Toedscruel||CovertCloak|MyceliumMight|Spore,BulletSeed,Protect,EarthPower|||F|||50|,,,,,Water]Weezing-Galar||SitrusBerry|NeutralizingGas|Taunt,SludgeBomb,Protect,DazzlingGleam|||F|||50|,,,,,Ghost]Pelipper||ChoiceScarf|Drizzle|WeatherBall,Hurricane,Tailwind,Uturn|||F|||50|,,,,,Ghost]Archaludon||AssaultVest|Stamina|ElectroShot,Snarl,BodyPress,FlashCannon|||M|||50|,,,,,Grass]Comfey||SafetyGoggles|Triage|DrainingKiss,FloralHealing,LightScreen,Protect|||F|||50|,,,,,Steel]Kingdra||LifeOrb|SwiftSwim|WeatherBall,Surf,DracoMeteor,Protect|||M|||50|,,,,,Steel
|showteam|p2|Kommo-o||SitrusBerry|Overcoat|Coaching,BreakingSwipe,Protect,BodyPress|||M|||50|,,,,,Steel]Sneasler||GrassySeed|Unburden|CloseCombat,DireClaw,Protect,ThroatChop|||M|||50|,,,,,Stellar]Rillaboom||AssaultVest|GrassySurge|Uturn,WoodHammer,FakeOut,GrassyGlide|||F|||50|,,,,,Fire]Garganacl||CovertCloak|PurifyingSalt|SaltCure,WideGuard,RockSlide,Recover|||M|||50|,,,,,Water]Ursaluna-Bloodmoon||LifeOrb|MindsEye|BloodMoon,HyperVoice,EarthPower,Protect|||M|||50|,,,,,Normal]Sableye||SafetyGoggles|Prankster|Taunt,Quash,FoulPlay,WillOWisp|||M|||50|,,,,,Dragon
|inactive|Battle timer is ON: inactive players will automatically lose when time's up. (requested by zmdkdksks)
|inactive|PreparationHHH has 60 seconds left.
|inactive|zmdkdksks has 60 seconds left.
|
|t:|1757854423
|teamsize|p1|4
|teamsize|p2|4
|start
|switch|p1a: Weezing|Weezing-Galar, L50, F|100/100
|switch|p1b: Toedscruel|Toedscruel, L50, F|100/100
|switch|p2a: Sableye|Sableye, L50, M|100/100
|switch|p2b: Ursaluna|Ursaluna-Bloodmoon, L50, M|100/100
|-ability|p1a: Weezing|Neutralizing Gas
|turn|1
|
|t:|1757854447
|move|p2b: Ursaluna|Protect|p2b: Ursaluna
|-singleturn|p2b: Ursaluna|Protect
|move|p1b: Toedscruel|Spore|p2b: Ursaluna
|-activate|p2b: Ursaluna|move: Protect
|move|p1a: Weezing|Taunt|p2a: Sableye
|-start|p2a: Sableye|move: Taunt
|cant|p2a: Sableye|move: Taunt|Taunt
|
|upkeep
|turn|2
|
|t:|1757854461
|switch|p2b: Rillaboom|Rillaboom, L50, F|100/100
|move|p1b: Toedscruel|Spore|p2b: Rillaboom
|-immune|p2b: Rillaboom
|move|p1a: Weezing|Dazzling Gleam|p2a: Sableye|[spread] p2a,p2b
|-supereffective|p2a: Sableye
|-damage|p2a: Sableye|55/100
|-damage|p2b: Rillaboom|88/100
|move|p2a: Sableye|Foul Play|p1b: Toedscruel
|-damage|p1b: Toedscruel|75/100
|
|upkeep
|turn|3
|
|t:|1757854483
|-terastallize|p1a: Weezing|Ghost
|move|p1b: Toedscruel|Earth Power|p2a: Sableye
|-damage|p2a: Sableye|25/100
|move|p1a: Weezing|Sludge Bomb|p2b: Rillaboom
|-supereffective|p2b: Rillaboom
|-damage|p2b: Rillaboom|47/100
|-status|p2b: Rillaboom|psn
|move|p2b: Rillaboom|Wood Hammer|p1b: Toedscruel
|-damage|p1b: Toedscruel|0 fnt
|faint|p1b: Toedscruel
|-damage|p2b: Rillaboom|25/100 psn|[from] Recoil
|move|p2a: Sableye|Foul Play|p1a: Weezing
|-supereffective|p1a: Weezing
|-damage|p1a: Weezing|55/100
|
|-damage|p2b: Rillaboom|13/100 psn|[from] psn
|-end|p2a: Sableye|move: Taunt
|upkeep
|
|t:|1757854503
|switch|p1b: Kingdra|Kingdra, L50, M|100/100
|turn|4
|
|t:|1757854512
|move|p1a: Weezing|Protect|p1a: Weezing
|-singleturn|p1a: Weezing|Protect
|move|p1b: Kingdra|Surf|p2b: Rillaboom|[spread] p2a,p2b
|-activate|p1a: Weezing|move: Protect
|-resisted|p2b: Rillaboom
|-damage|p2a: Sableye|0 fnt
|-damage|p2b: Rillaboom|0 fnt
|faint|p2a: Sableye
|faint|p2b: Rillaboom
|-damage|p1b: Kingdra|91/100|[from] item: Life Orb
|
|upkeep
|
|t:|1757854515
|switch|p2b: Sneasler|Sneasler, L50, M|100/100
|switch|p2a: Ursaluna|Ursaluna-Bloodmoon, L50, M|100/100
|turn|5
|inactive|PreparationHHH has 30 seconds left.
|
|t:|1757854542
|-terastallize|p2a: Ursaluna|Normal
|move|p2b: Sneasler|Protect|p2b: Sneasler
|-singleturn|p2b: Sneasler|Protect
|move|p1b: Kingdra|Protect|p1b: Kingdra
|-singleturn|p1b: Kingdra|Protect
|move|p1a: Weezing|Taunt|p2a: Ursaluna
|-start|p2a: Ursaluna|move: Taunt
|move|p2a: Ursaluna|Hyper Voice|p1a: Weezing|[spread] 
|-activate|p1b: Kingdra|move: Protect
|-immune|p1a: Weezing
|
|upkeep
|turn|6
|
|t:|1757854563
|-end|p1a: Weezing|ability: Neutralizing Gas
|switch|p1a: Pelipper|Pelipper, L50, F|100/100
|-weather|RainDance|[from] ability: Drizzle|[of] p1a: Pelipper
|move|p1b: Kingdra|Draco Meteor|p2a: Ursaluna
|-damage|p2a: Ursaluna|22/100
|-unboost|p1b: Kingdra|spa|2
|-damage|p1b: Kingdra|82/100|[from] item: Life Orb
|move|p2b: Sneasler|Throat Chop|p1a: Pelipper
|-damage|p1a: Pelipper|60/100
|-start|p1a: Pelipper|Throat Chop|[silent]
|move|p2a: Ursaluna|Blood Moon|p1b: Kingdra
|-damage|p1b: Kingdra|0 fnt
|faint|p1b: Kingdra
|-damage|p2a: Ursaluna|12/100|[from] item: Life Orb
|
|-weather|RainDance|[upkeep]
|upkeep
|
|t:|1757854580
|switch|p1b: Weezing|Weezing-Galar, L50, F, tera:Ghost|55/100
|-ability|p1b: Weezing|Neutralizing Gas
|turn|7
|
|t:|1757854588
|move|p1a: Pelipper|Hurricane|p2b: Sneasler
|-supereffective|p2b: Sneasler
|-damage|p2b: Sneasler|0 fnt
|faint|p2b: Sneasler
|move|p1b: Weezing|Dazzling Gleam|p2a: Ursaluna
|-damage|p2a: Ursaluna|0 fnt
|faint|p2a: Ursaluna
|
|win|PreparationHHH
||zmdkdksks is ready for game 2.
|l|☆zmdkdksks
|player|p2|
|inactive|PreparationHHH has 30 seconds to confirm battle start!
||PreparationHHH is ready for game 2.
|uhtml|next|Next: Game 2 of 3
