|j|☆sunnysleepy
|j|☆Alphonsgamin
|html|sunnysleepyAlphonsgamin    
|uhtml|bestof|Game 1 of a best-of-3
|t:|1757712856
|gametype|doubles
|player|p1|sunnysleepy|1|1006
|player|p2|Alphonsgamin|youngster-gen4dp|1092
|gen|9
|tier|[Gen 9] VGC 2025 Reg H (Bo3)
|rated|
|rule|Species Clause: Limit one of each Pokémon
|rule|Item Clause: Limit 1 of each item
|clearpoke
|poke|p1|Camerupt, L50, M|
|poke|p1|Indeedee-F, L50, F|
|poke|p1|Amoonguss, L50, M|
|poke|p1|Tyranitar, L50, M|
|poke|p1|Reuniclus, L50, M|
|poke|p1|Ursaluna, L50, M|
|poke|p2|Ursaluna, L50, F|
|poke|p2|Jumpluff, L50, M|
|poke|p2|Charizard, L50, M|
|poke|p2|Torkoal, L50, F|
|poke|p2|Incineroar, L50, M|
|poke|p2|Porygon2, L50|
|teampreview|4
|showteam|p1|Camerupt||SitrusBerry|SolidRock|Protect,Eruption,HeatWave,EarthPower|||M|||50|,,,,,Water]Indeedee-F||PsychicSeed|PsychicSurge|FollowMe,Psychic,HelpingHand,TrickRoom|||F|||50|,,,,,Grass]Amoonguss||RockyHelmet|Regenerator|RagePowder,Spore,PollenPuff,ClearSmog|||M|||50|,,,,,Water]Tyranitar||ClearAmulet|SandStream|RockSlide,Protect,KnockOff,Curse|||M|||50|,,,,,Flying]Reuniclus||LifeOrb|MagicGuard|Protect,ExpandingForce,TrickRoom,CalmMind|||M|||50|,,,,,Fire]Ursaluna||FlameOrb|Guts|Facade,Protect,Earthquake,HeadlongRush|||M|||50|,,,,,Ghost
|showteam|p2|Ursaluna||FlameOrb|Guts|HeadlongRush,Facade,Earthquake,Protect|||F|||50|,,,,,Ghost]Jumpluff||CovertCloak|Chlorophyll|SolarBeam,SunnyDay,Tailwind,RagePowder|||M|||50|,,,,,Fire]Charizard||ChoiceSpecs|SolarPower|DragonPulse,HeatWave,Overheat,WeatherBall|||M|||50|,,,,,Ghost]Torkoal||EjectPack|Drought|ClearSmog,Eruption,Overheat,Protect|||F|||50|,,,,,Fire]Incineroar||SitrusBerry|Intimidate|FakeOut,FlareBlitz,KnockOff,PartingShot|||M|||50|,,,,,Ghost]Porygon2||Eviolite|Download|TeraBlast,IceBeam,Recover,TrickRoom||||||50|,,,,,Fighting
|inactive|Battle timer is ON: inactive players will automatically lose when time's up. (requested by Alphonsgamin)
|inactive|sunnysleepy has 60 seconds left.
|
|t:|1757712894
|teamsize|p1|4
|teamsize|p2|4
|start
|switch|p1a: Amoonguss|Amoonguss, L50, M|100/100
|switch|p1b: Indeedee|Indeedee-F, L50, F|100/100
|switch|p2a: Charizard|Charizard, L50, M|100/100
|switch|p2b: Ursaluna|Ursaluna, L50, F|100/100
|-fieldstart|move: Psychic Terrain|[from] ability: Psychic Surge|[of] p1b: Indeedee
|-enditem|p1b: Indeedee|Psychic Seed
|-boost|p1b: Indeedee|spd|1|[from] item: Psychic Seed
|turn|1
|
|t:|1757712905
|-terastallize|p1a: Amoonguss|Water
|move|p2a: Charizard|Heat Wave|p1a: Amoonguss|[spread] p1a,p1b
|-resisted|p1a: Amoonguss
|-damage|p1a: Amoonguss|81/100
|-damage|p1b: Indeedee|72/100
|move|p2b: Ursaluna|Earthquake|p1b: Indeedee|[spread] p1a,p1b
|-immune|p2a: Charizard
|-damage|p1a: Amoonguss|40/100
|-damage|p1b: Indeedee|29/100
|move|p1a: Amoonguss|Spore|p2a: Charizard
|-status|p2a: Charizard|slp|[from] move: Spore
|move|p1b: Indeedee|Trick Room|p1b: Indeedee
|-fieldstart|move: Trick Room|[of] p1b: Indeedee
|
|-status|p2b: Ursaluna|brn|[from] item: Flame Orb
|upkeep
|turn|2
|
|t:|1757712927
|move|p1a: Amoonguss|Pollen Puff|p1b: Indeedee
|-heal|p1b: Indeedee|78/100
|move|p1b: Indeedee|Psychic|p2b: Ursaluna
|-damage|p2b: Ursaluna|64/100 brn
|move|p2b: Ursaluna|Earthquake|p1b: Indeedee|[spread] p1a,p1b
|-immune|p2a: Charizard
|-crit|p1b: Indeedee
|-damage|p1a: Amoonguss|0 fnt
|-damage|p1b: Indeedee|0 fnt
|faint|p1a: Amoonguss
|faint|p1b: Indeedee
|cant|p2a: Charizard|slp
|
|-damage|p2b: Ursaluna|58/100 brn|[from] brn
|upkeep
|
|t:|1757712937
|switch|p1a: Tyranitar|Tyranitar, L50, M|100/100
|switch|p1b: Camerupt|Camerupt, L50, M|100/100
|-weather|Sandstorm|[from] ability: Sand Stream|[of] p1a: Tyranitar
|turn|3
|
|t:|1757712948
|-terastallize|p2b: Ursaluna|Ghost
|move|p1b: Camerupt|Eruption|p2b: Ursaluna|[spread] p2a,p2b
|-resisted|p2a: Charizard
|-damage|p2a: Charizard|63/100 slp
|-damage|p2b: Ursaluna|2/100 brn
|move|p1a: Tyranitar|Rock Slide|p2a: Charizard|[spread] p2a,p2b
|-supereffective|p2a: Charizard
|-damage|p2a: Charizard|0 fnt
|-damage|p2b: Ursaluna|0 fnt
|faint|p2a: Charizard
|faint|p2b: Ursaluna
|
|-weather|Sandstorm|[upkeep]
|upkeep
|
|t:|1757712958
|switch|p2b: Torkoal|Torkoal, L50, F|100/100
|switch|p2a: Incineroar|Incineroar, L50, M, shiny|100/100
|-weather|SunnyDay|[from] ability: Drought|[of] p2b: Torkoal
|-ability|p2a: Incineroar|Intimidate|boost
|-fail|p1a: Tyranitar|unboost|[from] item: Clear Amulet|[of] p1a: Tyranitar
|-unboost|p1b: Camerupt|atk|1
|turn|4
|
|t:|1757712968
|move|p2b: Torkoal|Eruption|p1a: Tyranitar|[spread] p1a,p1b
|-resisted|p1a: Tyranitar
|-resisted|p1b: Camerupt
|-damage|p1a: Tyranitar|64/100
|-damage|p1b: Camerupt|55/100
|move|p1b: Camerupt|Earth Power|p2b: Torkoal
|-supereffective|p2b: Torkoal
|-damage|p2b: Torkoal|0 fnt
|faint|p2b: Torkoal
|move|p1a: Tyranitar|Rock Slide|p2a: Incineroar|[miss]
|-miss|p1a: Tyranitar|p2a: Incineroar
|move|p2a: Incineroar|Knock Off|p1a: Tyranitar
|-resisted|p1a: Tyranitar
|-damage|p1a: Tyranitar|48/100
|-enditem|p1a: Tyranitar|Clear Amulet|[from] move: Knock Off|[of] p2a: Incineroar
|
|-weather|SunnyDay|[upkeep]
|upkeep
|turn|5
|
|t:|1757712985
|move|p1b: Camerupt|Earth Power|p2a: Incineroar
|-supereffective|p2a: Incineroar
|-damage|p2a: Incineroar|33/100
|-enditem|p2a: Incineroar|Sitrus Berry|[eat]
|-heal|p2a: Incineroar|58/100|[from] item: Sitrus Berry
|move|p1a: Tyranitar|Rock Slide|p2a: Incineroar
|-supereffective|p2a: Incineroar
|-damage|p2a: Incineroar|0 fnt
|faint|p2a: Incineroar
|
|win|sunnysleepy
||Alphonsgamin is ready for game 2.
||sunnysleepy is ready for game 2.
|uhtml|next|Next: Game 2 of 3
|l|☆Alphonsgamin
|player|p2|
|l|☆sunnysleepy
|player|p1|
