|j|☆eggwich69
|j|☆StupidGoCrazy
|html|eggwich69StupidGoCrazy    
|uhtml|bestof|Game 2 of a best-of-3
|t:|1757215104
|gametype|doubles
|player|p1|eggwich69|169|1239
|player|p2|StupidGoCrazy|blue|1118
|gen|9
|tier|[Gen 9] VGC 2025 Reg H (Bo3)
|rated|
|rule|Species Clause: Limit one of each Pokémon
|rule|Item Clause: Limit 1 of each item
|clearpoke
|poke|p1|Sinistcha, L50|
|poke|p1|Pelipper, L50, M|
|poke|p1|Archaludon, L50, M|
|poke|p1|Incineroar, L50, M|
|poke|p1|Ursaluna, L50, M|
|poke|p1|Dragonite, L50, M|
|poke|p2|Dragonite, L50, M|
|poke|p2|Ursaluna-Bloodmoon, L50, M|
|poke|p2|Gholdengo, L50|
|poke|p2|Sneasler, L50, F|
|poke|p2|Incineroar, L50, M|
|poke|p2|Amoonguss, L50, M|
|teampreview|4
|showteam|p1|Sinistcha||SitrusBerry|Hospitality|MatchaGotcha,RagePowder,TrickRoom,LifeDew||||||50|,,,,,Water]Pelipper||FocusSash|Drizzle|Hurricane,WeatherBall,Protect,Tailwind|||M|||50|,,,,,Ground]Archaludon||AssaultVest|Stamina|ElectroShot,FlashCannon,BodyPress,DracoMeteor|||M|||50|,,,,,Electric]Incineroar||SafetyGoggles|Intimidate|FakeOut,FlareBlitz,KnockOff,PartingShot|||M|||50|,,,,,Water]Ursaluna||FlameOrb|Guts|Facade,HeadlongRush,Protect,Earthquake|||M|||50|,,,,,Ghost]Dragonite||LoadedDice|Multiscale|ScaleShot,Protect,Haze,ExtremeSpeed|||M|||50|,,,,,Fairy
|showteam|p2|Dragonite||LoadedDice|Multiscale|ScaleShot,Tailwind,Haze,Protect|||M|||50|,,,,,Fairy]Ursaluna-Bloodmoon||AssaultVest|MindsEye|HyperVoice,BloodMoon,EarthPower,VacuumWave|||M|||50|,,,,,Water]Gholdengo||LifeOrb|GoodasGold|MakeItRain,ShadowBall,NastyPlot,Protect||||||50|,,,,,Water]Sneasler||FocusSash|Unburden|CloseCombat,DireClaw,ThroatChop,Protect|||F|||50|,,,,,Stellar]Incineroar||SafetyGoggles|Intimidate|FakeOut,FlareBlitz,KnockOff,PartingShot|||M|||50|,,,,,Ghost]Amoonguss||SitrusBerry|Regenerator|Spore,RagePowder,PollenPuff,Protect|||M|||50|,,,,,Water
|inactive|Battle timer is ON: inactive players will automatically lose when time's up. (requested by StupidGoCrazy)
|inactive|eggwich69 has 60 seconds left.
|inactive|eggwich69 has 30 seconds left.
|
|t:|1757215165
|teamsize|p1|4
|teamsize|p2|4
|start
|switch|p1a: Incineroar|Incineroar, L50, M|100/100
|switch|p1b: Sinistcha|Sinistcha, L50|100/100
|switch|p2a: Gholdengo|Gholdengo, L50|100/100
|switch|p2b: Dragonite|Dragonite, L50, M|100/100
|-ability|p1a: Incineroar|Intimidate|boost
|-unboost|p2a: Gholdengo|atk|1
|-unboost|p2b: Dragonite|atk|1
|turn|1
|inactive|eggwich69 has 30 seconds left.
|inactive|eggwich69 has 20 seconds left.
|
|t:|1757215202
|switch|p2b: Omni-Cat|Incineroar, L50, M, shiny|100/100
|-ability|p2b: Omni-Cat|Intimidate|boost
|-unboost|p1a: Incineroar|atk|1
|-unboost|p1b: Sinistcha|atk|1
|switch|p1b: Dragonite|Dragonite, L50, M|100/100
|move|p2a: Gholdengo|Make It Rain|p1a: Incineroar|[spread] p1a,p1b
|-resisted|p1a: Incineroar
|-damage|p1a: Incineroar|70/100
|-damage|p1b: Dragonite|66/100
|-unboost|p2a: Gholdengo|spa|1
|-damage|p2a: Gholdengo|91/100|[from] item: Life Orb
|move|p1a: Incineroar|Knock Off|p2a: Gholdengo
|-supereffective|p2a: Gholdengo
|-damage|p2a: Gholdengo|29/100
|-enditem|p2a: Gholdengo|Life Orb|[from] move: Knock Off|[of] p1a: Incineroar
|
|upkeep
|turn|2
|inactive|eggwich69 has 30 seconds left.
|
|t:|1757215236
|move|p1b: Dragonite|Protect|p1b: Dragonite
|-singleturn|p1b: Dragonite|Protect
|move|p2b: Omni-Cat|Fake Out|p1b: Dragonite
|-activate|p1b: Dragonite|move: Protect
|move|p2a: Gholdengo|Make It Rain|p1b: Dragonite|[spread] p1a
|-activate|p1b: Dragonite|move: Protect
|-resisted|p1a: Incineroar
|-damage|p1a: Incineroar|54/100
|-unboost|p2a: Gholdengo|spa|1
|move|p1a: Incineroar|Knock Off|p2a: Gholdengo
|-supereffective|p2a: Gholdengo
|-damage|p2a: Gholdengo|0 fnt
|faint|p2a: Gholdengo
|
|upkeep
|
|t:|1757215245
|switch|p2a: Dragonite|Dragonite, L50, M|100/100
|turn|3
|inactive|eggwich69 has 30 seconds left.
|
|t:|1757215277
|switch|p1a: Sinistcha|Sinistcha, L50|100/100
|-heal|p1b: Dragonite|91/100|[from] ability: Hospitality|[of] p1a: Sinistcha
|-terastallize|p1b: Dragonite|Fairy
|-terastallize|p2a: Dragonite|Fairy
|move|p2a: Dragonite|Scale Shot|p1a: Sinistcha
|-damage|p1a: Sinistcha|85/100
|-damage|p1a: Sinistcha|73/100
|-damage|p1a: Sinistcha|61/100
|-damage|p1a: Sinistcha|47/100
|-enditem|p1a: Sinistcha|Sitrus Berry|[eat]
|-heal|p1a: Sinistcha|72/100|[from] item: Sitrus Berry
|-hitcount|p1a: Sinistcha|4
|-unboost|p2a: Dragonite|def|1
|-boost|p2a: Dragonite|spe|1
|move|p1b: Dragonite|Scale Shot|p2b: Omni-Cat|[miss]
|-miss|p1b: Dragonite|p2b: Omni-Cat
|move|p2b: Omni-Cat|Knock Off|p1b: Dragonite
|-resisted|p1b: Dragonite
|-damage|p1b: Dragonite|66/100
|-enditem|p1b: Dragonite|Loaded Dice|[from] move: Knock Off|[of] p2b: Omni-Cat
|
|upkeep
|turn|4
|inactive|StupidGoCrazy has 30 seconds left.
|
|t:|1757215307
|move|p2a: Dragonite|Tailwind|p2a: Dragonite
|-sidestart|p2: StupidGoCrazy|move: Tailwind
|move|p2b: Omni-Cat|Flare Blitz|p1a: Sinistcha
|-supereffective|p1a: Sinistcha
|-damage|p1a: Sinistcha|0 fnt
|faint|p1a: Sinistcha
|-damage|p2b: Omni-Cat|79/100|[from] Recoil
|move|p1b: Dragonite|Scale Shot|p2b: Omni-Cat
|-damage|p2b: Omni-Cat|64/100
|-damage|p2b: Omni-Cat|49/100
|-hitcount|p2b: Omni-Cat|2
|-unboost|p1b: Dragonite|def|1
|-boost|p1b: Dragonite|spe|1
|
|upkeep
|
|t:|1757215329
|switch|p1a: Incineroar|Incineroar, L50, M|54/100
|-ability|p1a: Incineroar|Intimidate|boost
|-unboost|p2a: Dragonite|atk|1
|-unboost|p2b: Omni-Cat|atk|1
|turn|5
|
|t:|1757215345
|switch|p2a: Ursaluna|Ursaluna-Bloodmoon, L50, M|100/100
|move|p2b: Omni-Cat|Parting Shot|p1b: Dragonite
|-unboost|p1b: Dragonite|atk|1
|-unboost|p1b: Dragonite|spa|1
|
|t:|1757215350
|switch|p2b: Dragonite|Dragonite, L50, M, tera:Fairy|100/100|[from] Parting Shot
|move|p1b: Dragonite|Scale Shot|p2b: Dragonite
|-immune|p2b: Dragonite
|move|p1a: Incineroar|Parting Shot|p2a: Ursaluna
|-unboost|p2a: Ursaluna|atk|1
|-unboost|p2a: Ursaluna|spa|1
|
|t:|1757215354
|switch|p1a: Ursaluna|Ursaluna, L50, M|100/100|[from] Parting Shot
|
|-status|p1a: Ursaluna|brn|[from] item: Flame Orb
|upkeep
|turn|6
|
|t:|1757215366
|switch|p1b: Incineroar|Incineroar, L50, M|54/100
|-ability|p1b: Incineroar|Intimidate|boost
|-unboost|p2a: Ursaluna|atk|1
|-unboost|p2b: Dragonite|atk|1
|move|p2b: Dragonite|Scale Shot|p1a: Ursaluna
|-damage|p1a: Ursaluna|93/100 brn
|-damage|p1a: Ursaluna|86/100 brn
|-damage|p1a: Ursaluna|79/100 brn
|-damage|p1a: Ursaluna|71/100 brn
|-crit|p1a: Ursaluna
|-damage|p1a: Ursaluna|55/100 brn
|-hitcount|p1a: Ursaluna|5
|-unboost|p2b: Dragonite|def|1
|-boost|p2b: Dragonite|spe|1
|move|p2a: Ursaluna|Hyper Voice|p1b: Incineroar|[spread] p1a,p1b
|-damage|p1a: Ursaluna|31/100 brn
|-damage|p1b: Incineroar|32/100
|move|p1a: Ursaluna|Facade|p2a: Ursaluna
|-damage|p2a: Ursaluna|7/100
|
|-damage|p1a: Ursaluna|25/100 brn|[from] brn
|upkeep
|turn|7
|inactive|StupidGoCrazy has 30 seconds left.
|
|t:|1757215397
|move|p1b: Incineroar|Fake Out|p2a: Ursaluna
|-damage|p2a: Ursaluna|0 fnt
|faint|p2a: Ursaluna
|move|p2b: Dragonite|Haze|p2b: Dragonite
|-clearallboost
|move|p1a: Ursaluna|Facade|p2b: Dragonite
|-damage|p2b: Dragonite|26/100
|
|-damage|p1a: Ursaluna|18/100 brn|[from] brn
|-sideend|p2: StupidGoCrazy|move: Tailwind
|upkeep
|
|t:|1757215399
|switch|p2a: Omni-Cat|Incineroar, L50, M, shiny|49/100
|-ability|p2a: Omni-Cat|Intimidate|boost
|-unboost|p1a: Ursaluna|atk|1
|-unboost|p1b: Incineroar|atk|1
|turn|8
|inactive|eggwich69 has 30 seconds left.
|
|t:|1757215430
|move|p1a: Ursaluna|Protect|p1a: Ursaluna
|-singleturn|p1a: Ursaluna|Protect
|move|p2b: Dragonite|Scale Shot|p1b: Incineroar
|-damage|p1b: Incineroar|16/100
|-damage|p1b: Incineroar|0 fnt
|faint|p1b: Incineroar
|-hitcount|p1: Incineroar|2
|-unboost|p2b: Dragonite|def|1
|-boost|p2b: Dragonite|spe|1
|move|p2a: Omni-Cat|Flare Blitz|p1a: Ursaluna
|-activate|p1a: Ursaluna|move: Protect
|
|-damage|p1a: Ursaluna|12/100 brn|[from] brn
|upkeep
|
|t:|1757215441
|switch|p1b: Dragonite|Dragonite, L50, M, tera:Fairy|66/100
|turn|9
|inactive|eggwich69 has 30 seconds left.
|inactive|eggwich69 has 20 seconds left.
|
|t:|1757215479
|move|p2b: Dragonite|Scale Shot|p1a: Ursaluna
|-damage|p1a: Ursaluna|1/100 brn
|-damage|p1a: Ursaluna|0 fnt
|faint|p1a: Ursaluna
|-hitcount|p1: Ursaluna|2
|-unboost|p2b: Dragonite|def|1
|-boost|p2b: Dragonite|spe|1
|move|p1b: Dragonite|Scale Shot|p2a: Omni-Cat
|-damage|p2a: Omni-Cat|35/100
|-crit|p2a: Omni-Cat
|-damage|p2a: Omni-Cat|14/100
|-damage|p2a: Omni-Cat|0 fnt
|faint|p2a: Omni-Cat
|-hitcount|p2: Omni-Cat|3
|-unboost|p1b: Dragonite|def|1
|-boost|p1b: Dragonite|spe|1
|
|upkeep
|turn|10
|
|t:|1757215492
|move|p1b: Dragonite|Extreme Speed|p2b: Dragonite
|-damage|p2b: Dragonite|0 fnt
|faint|p2b: Dragonite
|
|win|eggwich69
|raw|eggwich69's rating: 1239 → 1256(+17 for winning)
|raw|StupidGoCrazy's rating: 1118 → 1101(-17 for losing)
