|j|Ōśåsinhkhoi
|j|Ōśåstorm2326
|html|sinhkhoistorm2326    
|uhtml|bestof|Game 2 of a best-of-3
|t:|1783261359
|gametype|doubles
|player|p1|sinhkhoi|2|1040
|player|p2|storm2326|169|1113
|gen|9
|tier|[Gen 9 Champions] VGC 2026 Reg M-B (Bo3)
|rated|
|rule|Species Clause: Limit one of each Pok├®mon
|rule|Item Clause: Limit 1 of each item
|clearpoke
|poke|p1|Barbaracle, L50, M|
|poke|p1|Sinistcha-Masterpiece, L50|
|poke|p1|Basculegion, L50, M|
|poke|p1|Drampa, L50, M|
|poke|p1|Farigiraf, L50, F|
|poke|p1|Tyranitar, L50, F|
|poke|p2|Mawile, L50, F|
|poke|p2|Farigiraf, L50, F|
|poke|p2|Drampa, L50, M|
|poke|p2|Kleavor, L50, M|
|poke|p2|Araquanid, L50, F|
|poke|p2|Incineroar, L50, M|
|teampreview|4
|showteam|p1|Barbaracle||Barbaracite|ToughClaws|ShellSmash,RockSlide,Liquidation,ShadowClaw|Adamant||M|||50|]Sinistcha-Masterpiece||SitrusBerry|Hospitality|MatchaGotcha,RagePowder,StrengthSap,Protect|Calm|||||50|]Basculegion||ChoiceScarf|Adaptability|AquaJet,FlipTurn,WaveCrash,LastRespects|Adamant||M|||50|]Drampa||Drampanite|Berserk|HyperVoice,Protect,HeatWave,IceBeam|Quiet||M|||50|]Farigiraf||Leftovers|ArmorTail|TrickRoom,Psyshock,Protect,Roar|Bold||F|||50|]Tyranitar||ChopleBerry|SandStream|RockSlide,Protect,HeavySlam,KnockOff|Adamant||F|||50|
|showteam|p2|Mawile||Mawilite|HyperCutter|RockSlide,PlayRough,SuckerPunch,SwordsDance|Brave||F|||50|]Farigiraf||SitrusBerry|ArmorTail|Thunderbolt,HelpingHand,Psychic,TrickRoom|Modest||F|||50|]Drampa||Drampanite|CloudNine|EarthPower,HyperVoice,Thunderbolt,Protect|Quiet||M|||50|]Kleavor||FocusSash|Swarm|StoneAxe,CloseCombat,Feint,XScissor|Brave||M|||50|]Araquanid||MysticWater|WaterBubble|Surf,HydroPump,MirrorCoat,Endeavor|Quiet||F|||50|]Incineroar||LifeOrb|Intimidate|CloseCombat,FlareBlitz,FakeOut,ThroatChop|Brave||M|||50|
|
|t:|1783261392
|teamsize|p1|4
|teamsize|p2|4
|start
|switch|p1a: Drampa|Drampa, L50, M|100/100
|switch|p1b: Sinistcha|Sinistcha-Masterpiece, L50|100/100
|switch|p2a: Araquanid|Araquanid, L50, F|100/100
|switch|p2b: Incineroar|Incineroar, L50, M|100/100
|-ability|p2b: Incineroar|Intimidate|boost
|-unboost|p1a: Drampa|atk|1
|-unboost|p1b: Sinistcha|atk|1
|turn|1
|inactive|Battle timer is ON: inactive players will automatically lose when time's up. (requested by sinhkhoi)
|
|t:|1783261408
|detailschange|p1a: Drampa|Drampa-Mega, L50, M
|-mega|p1a: Drampa|Drampa|Drampanite
|move|p1b: Sinistcha|Strength Sap|p2b: Incineroar
|-unboost|p2b: Incineroar|atk|1
|move|p2b: Incineroar|Throat Chop|p1b: Sinistcha
|-supereffective|p1b: Sinistcha|1
|-damage|p1b: Sinistcha|43/100
|-start|p1b: Sinistcha|Throat Chop|[silent]
|-enditem|p1b: Sinistcha|Sitrus Berry|[eat]
|-heal|p1b: Sinistcha|67/100|[from] item: Sitrus Berry
|-damage|p2b: Incineroar|90/100|[from] item: Life Orb
|move|p1a: Drampa|Hyper Voice|p2b: Incineroar|[spread] p2a,p2b
|-damage|p2a: Araquanid|63/100
|-damage|p2b: Incineroar|44/100
|move|p2a: Araquanid|Mirror Coat|p1a: Drampa
|-damage|p1a: Drampa|30/100
|-ability|p1a: Drampa|Berserk|boost
|-boost|p1a: Drampa|spa|1
|
|upkeep
|turn|2
|
|t:|1783261427
|switch|p2b: Farigiraf|Farigiraf, L50, F|100/100
|move|p1b: Sinistcha|Strength Sap|p2b: Farigiraf
|-unboost|p2b: Farigiraf|atk|1
|-heal|p1b: Sinistcha|100/100
|move|p2a: Araquanid|Hydro Pump|p1a: Drampa
|-resisted|p1a: Drampa|1
|-damage|p1a: Drampa|0 fnt
|faint|p1a: Drampa
|
|-end|p1b: Sinistcha|Throat Chop|[silent]
|upkeep
|
|t:|1783261431
|switch|p1a: Tyranitar|Tyranitar, L50, F|100/100
|-weather|Sandstorm|[from] ability: Sand Stream|[of] p1a: Tyranitar
|turn|3
|
|t:|1783261446
|move|p1b: Sinistcha|Rage Powder|p1b: Sinistcha
|-singleturn|p1b: Sinistcha|move: Rage Powder
|move|p1a: Tyranitar|Knock Off|p2b: Farigiraf
|-supereffective|p2b: Farigiraf|1
|-damage|p2b: Farigiraf|1/100
|-enditem|p2b: Farigiraf|Sitrus Berry|[from] move: Knock Off|[of] p1a: Tyranitar
|move|p2a: Araquanid|Hydro Pump|p1b: Sinistcha
|-resisted|p1b: Sinistcha|1
|-damage|p1b: Sinistcha|55/100
|move|p2b: Farigiraf|Trick Room|p2b: Farigiraf
|-fieldstart|move: Trick Room|[of] p2b: Farigiraf
|
|-weather|Sandstorm|[upkeep]
|-damage|p2a: Araquanid|57/100|[from] Sandstorm
|-damage|p2b: Farigiraf|0 fnt|[from] Sandstorm
|-damage|p1b: Sinistcha|49/100|[from] Sandstorm
|faint|p2b: Farigiraf
|upkeep
|c|Ōśåsinhkhoi|?
|
|t:|1783261453
|switch|p2b: Incineroar|Incineroar, L50, M|44/100
|-ability|p2b: Incineroar|Intimidate|boost
|-unboost|p1a: Tyranitar|atk|1
|-unboost|p1b: Sinistcha|atk|1
|turn|4
|c|Ōśåsinhkhoi|turtle dog
|inactive|storm2326 has 30 seconds left.
|
|t:|1783261487
|move|p1b: Sinistcha|Rage Powder|p1b: Sinistcha
|-singleturn|p1b: Sinistcha|move: Rage Powder
|move|p2a: Araquanid|Hydro Pump|p1b: Sinistcha
|-resisted|p1b: Sinistcha|1
|-damage|p1b: Sinistcha|6/100
|move|p2b: Incineroar|Close Combat|p1b: Sinistcha
|-immune|p1b: Sinistcha
|move|p1a: Tyranitar|Rock Slide|p2a: Araquanid|[spread] p2a
|-miss|p1a: Tyranitar|p2b: Incineroar
|-supereffective|p2a: Araquanid|1
|-damage|p2a: Araquanid|6/100
|
|-weather|Sandstorm|[upkeep]
|-damage|p2a: Araquanid|1/100|[from] Sandstorm
|-damage|p2b: Incineroar|38/100|[from] Sandstorm
|-damage|p1b: Sinistcha|0 fnt|[from] Sandstorm
|faint|p1b: Sinistcha
|upkeep
|
|t:|1783261504
|switch|p1b: Basculegion|Basculegion, L50, M|100/100
|turn|5
|
|t:|1783261517
|move|p2a: Araquanid|Hydro Pump|p1a: Tyranitar|[miss]
|-miss|p2a: Araquanid|p1a: Tyranitar
|move|p2b: Incineroar|Throat Chop|p1b: Basculegion
|-supereffective|p1b: Basculegion|1
|-damage|p1b: Basculegion|0 fnt
|faint|p1b: Basculegion
|-damage|p2b: Incineroar|28/100|[from] item: Life Orb
|move|p1a: Tyranitar|Rock Slide|p2a: Araquanid|[spread] p2a,p2b
|-supereffective|p2a: Araquanid|1
|-supereffective|p2b: Incineroar|1
|-damage|p2a: Araquanid|0 fnt
|-damage|p2b: Incineroar|0 fnt
|faint|p2a: Araquanid
|faint|p2b: Incineroar
|
|-weather|Sandstorm|[upkeep]
|upkeep
|
|t:|1783261522
|switch|p2b: Drampa|Drampa, L50, M|100/100
|-ability|p2b: Drampa|Cloud Nine
|turn|6
|c|Ōśåsinhkhoi|hello my old teamate
|c|Ōśåsinhkhoi|TT
|inactive|sinhkhoi has 30 seconds left.
|
|t:|1783261550
|detailschange|p2b: Drampa|Drampa-Mega, L50, M
|-mega|p2b: Drampa|Drampa|Drampanite
|move|p1a: Tyranitar|Protect|p1a: Tyranitar
|-singleturn|p1a: Tyranitar|Protect
|move|p2b: Drampa|Earth Power|p1a: Tyranitar
|-activate|p1a: Tyranitar|move: Protect
|
|-weather|Sandstorm|[upkeep]
|-damage|p2b: Drampa|94/100|[from] Sandstorm
|upkeep
|turn|7
|
|t:|1783261560
|move|p2b: Drampa|Earth Power|p1a: Tyranitar
|-supereffective|p1a: Tyranitar|1
|-damage|p1a: Tyranitar|53/100
|move|p1a: Tyranitar|Rock Slide|p2b: Drampa
|-damage|p2b: Drampa|66/100
|
|-weather|none
|-fieldend|move: Trick Room
|upkeep
|turn|8
|
|t:|1783261563
|move|p1a: Tyranitar|Rock Slide|p2b: Drampa
|-damage|p2b: Drampa|38/100
|-ability|p2b: Drampa|Berserk|boost
|-boost|p2b: Drampa|spa|1
|move|p2b: Drampa|Earth Power|p1a: Tyranitar
|-supereffective|p1a: Tyranitar|1
|-damage|p1a: Tyranitar|0 fnt
|faint|p1a: Tyranitar
|
|win|storm2326
|raw|sinhkhoi's rating: 1040 → 1027(-13 for losing)
|raw|storm2326's rating: 1113 → 1133(+20 for winning)
|l|Ōśåsinhkhoi
|player|p1|
