|j|☆new mental
|j|☆longlegs828
|html|new mentallonglegs828    
|uhtml|bestof|Game 2 of a best-of-3
|t:|1785062315
|gametype|doubles
|player|p1|new mental|volkner|1228
|player|p2|longlegs828|artist|1214
|gen|9
|tier|[Gen 9 Champions] VGC 2026 Reg M-B (Bo3)
|rated|
|rule|Species Clause: Limit one of each Pokémon
|rule|Item Clause: Limit 1 of each item
|clearpoke
|poke|p1|Charizard, L50, F|
|poke|p1|Garchomp, L50, F|
|poke|p1|Incineroar, L50, M|
|poke|p1|Venusaur, L50, M|
|poke|p1|Toxapex, L50, M|
|poke|p1|Sylveon, L50, M|
|poke|p2|Aerodactyl, L50, F|
|poke|p2|Garchomp, L50, F|
|poke|p2|Kingambit, L50, M|
|poke|p2|Charizard, L50, M|
|poke|p2|Basculegion, L50, M|
|poke|p2|Incineroar, L50, M|
|teampreview|4
|showteam|p1|Charizard||CharizarditeY|SolarPower|WeatherBall,HeatWave,AncientPower,Protect|Modest||F|||50|]Garchomp||ChoiceScarf|RoughSkin|RockSlide,DragonClaw,Earthquake,StompingTantrum|Adamant||F|||50|]Incineroar||SitrusBerry|Intimidate|FlareBlitz,FakeOut,DarkestLariat,PartingShot|Impish||M|||50|]Venusaur||LifeOrb|Chlorophyll|SludgeBomb,LeafStorm,EarthPower,Protect|Modest||M|||50|]Toxapex||Leftovers|Regenerator|Infestation,Toxic,WideGuard,BanefulBunker|Bold||M|||50|]Sylveon||FairyFeather|Pixilate|HyperVoice,QuickAttack,Yawn,Detect|Modest||M|||50|
|showteam|p2|Aerodactyl||Aerodactylite|RockHead|IceFang,RockSlide,DualWingbeat,Tailwind|Jolly||F|||50|]Garchomp||LifeOrb|RoughSkin|RockTomb,DragonClaw,Earthquake,Protect|Jolly||F|||50|]Kingambit||FocusSash|Defiant|LowKick,KowtowCleave,SuckerPunch,IronHead|Adamant||M|||50|]Charizard||CharizarditeY|Blaze|HeatWave,WeatherBall,SolarBeam,Protect|Modest||M|||50|]Basculegion||ChoiceScarf|Adaptability|LastRespects,WaveCrash,AquaJet,FlipTurn|Jolly||M|||50|]Incineroar||SitrusBerry|Blaze|FakeOut,PartingShot,FlareBlitz,DarkestLariat|Careful||M|||50|
|
|t:|1785062358
|teamsize|p1|4
|teamsize|p2|4
|start
|switch|p1a: Toxapex|Toxapex, L50, M|100/100
|switch|p1b: Garchomp|Garchomp, L50, F|100/100
|switch|p2a: Aerodactyl|Aerodactyl, L50, F|100/100
|switch|p2b: Incineroar|Incineroar, L50, M|100/100
|turn|1
|c|☆longlegs828|blaze incin lets gooo
|inactive|Battle timer is ON: inactive players will automatically lose when time's up. (requested by new mental)
|
|t:|1785062401
|switch|p1b: Incineroar|Incineroar, L50, M|100/100
|-ability|p1b: Incineroar|Intimidate|boost
|-unboost|p2a: Aerodactyl|atk|1
|-unboost|p2b: Incineroar|atk|1
|detailschange|p2a: Aerodactyl|Aerodactyl-Mega, L50, F
|-mega|p2a: Aerodactyl|Aerodactyl|Aerodactylite
|move|p2b: Incineroar|Fake Out|p1b: Incineroar
|-damage|p1b: Incineroar|94/100
|move|p2a: Aerodactyl|Ice Fang|p1b: Incineroar
|-resisted|p1b: Incineroar|1
|-damage|p1b: Incineroar|87/100
|move|p1a: Toxapex|Infestation|p2a: Aerodactyl
|-resisted|p2a: Aerodactyl|1
|-damage|p2a: Aerodactyl|98/100
|-activate|p2a: Aerodactyl|move: Infestation|[of] p1a: Toxapex
|
|-damage|p2a: Aerodactyl|86/100|[from] move: Infestation|[partiallytrapped]
|upkeep
|turn|2
|inactive|new mental has 30 seconds left.
|
|t:|1785062427
|switch|p2b: Garchomp|Garchomp, L50, F|100/100
|move|p1b: Incineroar|Fake Out|p2b: Garchomp
|-damage|p2b: Garchomp|90/100
|-damage|p1b: Incineroar|75/100|[from] ability: Rough Skin|[of] p2b: Garchomp
|move|p2a: Aerodactyl|Rock Slide|p1b: Incineroar|[spread] p1a,p1b
|-supereffective|p1b: Incineroar|1
|-damage|p1a: Toxapex|88/100
|-damage|p1b: Incineroar|50/100g
|move|p1a: Toxapex|Toxic|p2b: Garchomp
|-status|p2b: Garchomp|tox
|
|-heal|p1a: Toxapex|94/100|[from] item: Leftovers
|-damage|p2b: Garchomp|84/100 tox|[from] psn
|-damage|p2a: Aerodactyl|74/100|[from] move: Infestation|[partiallytrapped]
|upkeep
|turn|3
|
|t:|1785062451
|move|p1a: Toxapex|Wide Guard|p1a: Toxapex
|-singleturn|p1a: Toxapex|Wide Guard
|move|p2a: Aerodactyl|Dual Wingbeat|p1a: Toxapex
|-damage|p1a: Toxapex|84/100
|-damage|p1a: Toxapex|72/100
|-hitcount|p1a: Toxapex|2
|move|p2b: Garchomp|Earthquake|p1b: Incineroar|[spread] 
|-activate|p1a: Toxapex|move: Wide Guard
|-activate|p1b: Incineroar|move: Wide Guard
|-immune|p2a: Aerodactyl
|move|p1b: Incineroar|Parting Shot|p2b: Garchomp
|-unboost|p2b: Garchomp|atk|1
|-unboost|p2b: Garchomp|spa|1
|
|t:|1785062472
|switch|p1b: Charizard|Charizard, L50, F|100/100|[from] Parting Shot
|
|-heal|p1a: Toxapex|78/100|[from] item: Leftovers
|-damage|p2b: Garchomp|72/100 tox|[from] psn
|-damage|p2a: Aerodactyl|62/100|[from] move: Infestation|[partiallytrapped]
|upkeep
|turn|4
|
|t:|1785062493
|switch|p2b: Kingambit|Kingambit, L50, M|100/100
|switch|p1b: Incineroar|Incineroar, L50, M|50/100g
|-ability|p1b: Incineroar|Intimidate|boost
|-unboost|p2a: Aerodactyl|atk|1
|-unboost|p2b: Kingambit|atk|1
|-ability|p2b: Kingambit|Defiant|boost
|-boost|p2b: Kingambit|atk|2
|move|p2a: Aerodactyl|Tailwind|p2a: Aerodactyl
|-sidestart|p2: longlegs828|move: Tailwind
|move|p1a: Toxapex|Infestation|p2b: Kingambit
|-damage|p2b: Kingambit|96/100
|-activate|p2b: Kingambit|move: Infestation|[of] p1a: Toxapex
|
|-heal|p1a: Toxapex|84/100|[from] item: Leftovers
|-damage|p2a: Aerodactyl|50/100y|[from] move: Infestation|[partiallytrapped]
|-damage|p2b: Kingambit|83/100|[from] move: Infestation|[partiallytrapped]
|upkeep
|turn|5
|inactive|longlegs828 has 30 seconds left.
|inactive|longlegs828 has 20 seconds left.
|inactive|longlegs828 has 15 seconds left.
|inactive|longlegs828 has 10 seconds left.
|inactive|longlegs828 has 5 seconds left.
|
|t:|1785062544
|move|p1b: Incineroar|Fake Out|p2b: Kingambit
|-resisted|p2b: Kingambit|1
|-damage|p2b: Kingambit|78/100
|move|p2a: Aerodactyl|Rock Slide|p1a: Toxapex|[spread] p1a,p1b
|-supereffective|p1b: Incineroar|1
|-damage|p1a: Toxapex|75/100
|-damage|p1b: Incineroar|29/100
|-enditem|p1b: Incineroar|Sitrus Berry|[eat]
|-heal|p1b: Incineroar|54/100|[from] item: Sitrus Berry
|cant|p2b: Kingambit|flinch
|cant|p1a: Toxapex|flinch
|
|-heal|p1a: Toxapex|81/100|[from] item: Leftovers
|-damage|p2a: Aerodactyl|37/100|[from] move: Infestation|[partiallytrapped]
|-damage|p2b: Kingambit|66/100|[from] move: Infestation|[partiallytrapped]
|upkeep
|turn|6
|inactive|longlegs828 has 30 seconds left.
|
|t:|1785062570
|switch|p1b: Garchomp|Garchomp, L50, F|100/100
|move|p2a: Aerodactyl|Rock Slide|p1a: Toxapex|[spread] p1a
|-miss|p2a: Aerodactyl|p1b: Garchomp
|-damage|p1a: Toxapex|73/100
|move|p2b: Kingambit|Kowtow Cleave|p1b: Garchomp
|-damage|p1b: Garchomp|32/100
|-damage|p2b: Kingambit|53/100|[from] ability: Rough Skin|[of] p1b: Garchomp
|move|p1a: Toxapex|Toxic|p2a: Aerodactyl
|-status|p2a: Aerodactyl|tox
|
|-heal|p1a: Toxapex|78/100|[from] item: Leftovers
|-damage|p2a: Aerodactyl|31/100 tox|[from] psn
|-end|p2a: Aerodactyl|Infestation|[partiallytrapped]
|-damage|p2b: Kingambit|41/100|[from] move: Infestation|[partiallytrapped]
|upkeep
|turn|7
|inactive|new mental has 30 seconds left.
|inactive|longlegs828 has 30 seconds left.
|inactive|longlegs828 has 20 seconds left.
|inactive|longlegs828 has 15 seconds left.
|inactive|longlegs828 has 10 seconds left.
|
|t:|1785062618
|switch|p1b: Incineroar|Incineroar, L50, M|54/100
|-ability|p1b: Incineroar|Intimidate|boost
|-unboost|p2a: Aerodactyl|atk|1
|-unboost|p2b: Kingambit|atk|1
|-ability|p2b: Kingambit|Defiant|boost
|-boost|p2b: Kingambit|atk|2
|move|p2a: Aerodactyl|Ice Fang|p1b: Incineroar
|-resisted|p1b: Incineroar|1
|-damage|p1b: Incineroar|50/100g
|move|p2b: Kingambit|Kowtow Cleave|p1b: Incineroar
|-resisted|p1b: Incineroar|1
|-damage|p1b: Incineroar|14/100
|move|p1a: Toxapex|Infestation|p2a: Aerodactyl
|-resisted|p2a: Aerodactyl|1
|-damage|p2a: Aerodactyl|30/100 tox
|-activate|p2a: Aerodactyl|move: Infestation|[of] p1a: Toxapex
|
|-heal|p1a: Toxapex|84/100|[from] item: Leftovers
|-damage|p2a: Aerodactyl|18/100 tox|[from] psn
|-damage|p2a: Aerodactyl|6/100 tox|[from] move: Infestation|[partiallytrapped]
|-damage|p2b: Kingambit|28/100|[from] move: Infestation|[partiallytrapped]
|-sideend|p2: longlegs828|move: Tailwind
|upkeep
|turn|8
|inactive|longlegs828 has 30 seconds left.
|inactive|longlegs828 has 20 seconds left.
|inactive|longlegs828 has 15 seconds left.
|
|t:|1785062660
|move|p1b: Incineroar|Fake Out|p2b: Kingambit
|-resisted|p2b: Kingambit|1
|-damage|p2b: Kingambit|24/100
|move|p2a: Aerodactyl|Tailwind|p2a: Aerodactyl
|-sidestart|p2: longlegs828|move: Tailwind
|cant|p2b: Kingambit|flinch
|move|p1a: Toxapex|Infestation|p2a: Aerodactyl
|-resisted|p2a: Aerodactyl|1
|-damage|p2a: Aerodactyl|4/100 tox
|
|-heal|p1a: Toxapex|90/100|[from] item: Leftovers
|-damage|p2a: Aerodactyl|0 fnt|[from] psn
|faint|p2a: Aerodactyl
|-damage|p2b: Kingambit|11/100|[from] move: Infestation|[partiallytrapped]
|upkeep
|
|t:|1785062681
|switch|p2a: Garchomp|Garchomp, L50, F|72/100 tox
|turn|9
|inactive|longlegs828 has 30 seconds left.
|inactive|longlegs828 has 20 seconds left.
|
|t:|1785062716
|switch|p1b: Garchomp|Garchomp, L50, F|32/100
|move|p1a: Toxapex|Baneful Bunker|p1a: Toxapex
|-singleturn|p1a: Toxapex|move: Protect
|move|p2a: Garchomp|Dragon Claw|p1b: Garchomp
|-supereffective|p1b: Garchomp|1
|-damage|p1b: Garchomp|0 fnt
|-damage|p2a: Garchomp|60/100 tox|[from] ability: Rough Skin|[of] p1b: Garchomp
|faint|p1b: Garchomp
|-damage|p2a: Garchomp|50/100g tox|[from] item: Life Orb
|move|p2b: Kingambit|Kowtow Cleave|p1a: Toxapex
|-activate|p1a: Toxapex|move: Protect
|
|-heal|p1a: Toxapex|96/100|[from] item: Leftovers
|-damage|p2a: Garchomp|44/100 tox|[from] psn
|-end|p2b: Kingambit|Infestation|[partiallytrapped]
|upkeep
|
|t:|1785062729
|switch|p1b: Incineroar|Incineroar, L50, M|14/100
|-ability|p1b: Incineroar|Intimidate|boost
|-unboost|p2a: Garchomp|atk|1
|-unboost|p2b: Kingambit|atk|1
|-ability|p2b: Kingambit|Defiant|boost
|-boost|p2b: Kingambit|atk|2
|turn|10
|inactive|longlegs828 has 30 seconds left.
|inactive|longlegs828 has 20 seconds left.
|inactive|longlegs828 has 15 seconds left.
|
|t:|1785062774
|switch|p2b: Incineroar|Incineroar, L50, M|100/100
|move|p1b: Incineroar|Fake Out|p2b: Incineroar
|-damage|p2b: Incineroar|90/100
|move|p2a: Garchomp|Dragon Claw|p1b: Incineroar
|-damage|p1b: Incineroar|0 fnt
|faint|p1b: Incineroar
|-damage|p2a: Garchomp|34/100 tox|[from] item: Life Orb
|move|p1a: Toxapex|Infestation|p2b: Incineroar
|-damage|p2b: Incineroar|88/100
|-activate|p2b: Incineroar|move: Infestation|[of] p1a: Toxapex
|
|-heal|p1a: Toxapex|100/100|[from] item: Leftovers
|-damage|p2a: Garchomp|22/100 tox|[from] psn
|-damage|p2b: Incineroar|75/100|[from] move: Infestation|[partiallytrapped]
|upkeep
|
|t:|1785062777
|switch|p1b: Charizard|Charizard, L50, F|100/100
|turn|11
|
|t:|1785062801
|move|p1b: Charizard|Protect|p1b: Charizard
|-singleturn|p1b: Charizard|Protect
|move|p2b: Incineroar|Fake Out|p1a: Toxapex
|-damage|p1a: Toxapex|92/100
|move|p2a: Garchomp|Rock Tomb|p1b: Charizard
|-activate|p1b: Charizard|move: Protect
|cant|p1a: Toxapex|flinch
|
|-heal|p1a: Toxapex|98/100|[from] item: Leftovers
|-damage|p2a: Garchomp|4/100 tox|[from] psn
|-damage|p2b: Incineroar|63/100|[from] move: Infestation|[partiallytrapped]
|-sideend|p2: longlegs828|move: Tailwind
|upkeep
|turn|12
|
|t:|1785062823
|detailschange|p1b: Charizard|Charizard-Mega-Y, L50, F
|-mega|p1b: Charizard|Charizard|Charizardite Y
|-weather|SunnyDay|[from] ability: Drought|[of] p1b: Charizard
|move|p2a: Garchomp|Rock Tomb|p1b: Charizard
|-supereffective|p1b: Charizard|2
|-damage|p1b: Charizard|27/100
|-unboost|p1b: Charizard|spe|1
|-damage|p2a: Garchomp|0 fnt|[from] item: Life Orb
|faint|p2a: Garchomp
|move|p2b: Incineroar|Darkest Lariat|p1b: Charizard
|-damage|p1b: Charizard|0 fnt
|faint|p1b: Charizard
|move|p1a: Toxapex|Toxic|p2b: Incineroar
|-status|p2b: Incineroar|tox
|
|-weather|SunnyDay|[upkeep]
|-heal|p1a: Toxapex|100/100|[from] item: Leftovers
|-damage|p2b: Incineroar|57/100 tox|[from] psn
|-damage|p2b: Incineroar|45/100 tox|[from] move: Infestation|[partiallytrapped]
|upkeep
|-enditem|p2b: Incineroar|Sitrus Berry|[eat]
|-heal|p2b: Incineroar|69/100 tox|[from] item: Sitrus Berry
|
|t:|1785062842
|switch|p2a: Kingambit|Kingambit, L50, M|11/100
|turn|13
|inactive|longlegs828 has 30 seconds left.
|
|t:|1785062862
|move|p2a: Kingambit|Kowtow Cleave|p1a: Toxapex
|-damage|p1a: Toxapex|65/100
|move|p2b: Incineroar|Darkest Lariat|p1a: Toxapex
|-damage|p1a: Toxapex|43/100
|move|p1a: Toxapex|Infestation|p2a: Kingambit
|-damage|p2a: Kingambit|8/100
|-activate|p2a: Kingambit|move: Infestation|[of] p1a: Toxapex
|
|-weather|SunnyDay|[upkeep]
|-heal|p1a: Toxapex|49/100|[from] item: Leftovers
|-damage|p2b: Incineroar|57/100 tox|[from] psn
|-damage|p2a: Kingambit|0 fnt|[from] move: Infestation|[partiallytrapped]
|faint|p2a: Kingambit
|-damage|p2b: Incineroar|45/100 tox|[from] move: Infestation|[partiallytrapped]
|upkeep
|turn|14
|inactive|longlegs828 has 30 seconds left this turn.
|inactive|longlegs828 has 20 seconds left.
|inactive|longlegs828 has 15 seconds left.
|
|t:|1785062878
|move|p1a: Toxapex|Baneful Bunker|p1a: Toxapex
|-singleturn|p1a: Toxapex|move: Protect
|move|p2b: Incineroar|Darkest Lariat|p1a: Toxapex
|-activate|p1a: Toxapex|move: Protect
|
|-weather|SunnyDay|[upkeep]
|-heal|p1a: Toxapex|55/100|[from] item: Leftovers
|-damage|p2b: Incineroar|27/100 tox|[from] psn
|-end|p2b: Incineroar|Infestation|[partiallytrapped]
|upkeep
|turn|15
|inactive|longlegs828 has 15 seconds left this turn.
|inactive|longlegs828 has 10 seconds left.
|inactive|longlegs828 has 5 seconds left.
|
|t:|1785062891
|move|p2b: Incineroar|Darkest Lariat|p1a: Toxapex
|-damage|p1a: Toxapex|34/100
|move|p1a: Toxapex|Infestation|p2b: Incineroar
|-crit|p2b: Incineroar
|-damage|p2b: Incineroar|23/100 tox
|-activate|p2b: Incineroar|move: Infestation|[of] p1a: Toxapex
|
|-weather|SunnyDay|[upkeep]
|-heal|p1a: Toxapex|40/100|[from] item: Leftovers
|-damage|p2b: Incineroar|0 fnt|[from] psn
|faint|p2b: Incineroar
|
|win|new mental
