|j|☆lethimcook26
|j|☆MrParcheggio
|html|lethimcook26MrParcheggio    
|uhtml|bestof|Game 3 of a best-of-3
|t:|1783602149
|gametype|doubles
|player|p1|lethimcook26|266|1100
|player|p2|MrParcheggio|koga|1066
|gen|9
|tier|[Gen 9 Champions] VGC 2026 Reg M-B (Bo3)
|rated|
|rule|Species Clause: Limit one of each Pokémon
|rule|Item Clause: Limit 1 of each item
|clearpoke
|poke|p1|Ninetales-Alola, L50, F|
|poke|p1|Empoleon, L50, M|
|poke|p1|Bastiodon, L50, M|
|poke|p1|Medicham, L50, M|
|poke|p1|Tyranitar, L50, F|
|poke|p1|Dragonite, L50, M|
|poke|p2|Pelipper, L50, F|
|poke|p2|Scizor, L50, M|
|poke|p2|Archaludon, L50, M|
|poke|p2|Basculegion, L50, M|
|poke|p2|Sceptile, L50, M, shiny|
|poke|p2|Hawlucha, L50, F|
|teampreview|4
|showteam|p1|Ninetales-Alola||LightClay|SnowWarning|AuroraVeil,Blizzard,WeatherBall,FreezeDry|Modest||F|||50|]Empoleon||ChopleBerry|Competitive|ChillingWater,WeatherBall,Yawn,AirSlash|Modest||M|||50|]Bastiodon||Leftovers|Sturdy|BodyPress,IronDefense,MetalBurst,WideGuard|Sassy||M|||50|]Medicham||Medichamite|PurePower|FakeOut,QuickGuard,RockTomb,CloseCombat|Adamant||M|||50|]Tyranitar||FocusSash|SandStream|ThunderPunch,RockSlide,Protect,ThunderWave|Adamant||F|||50|]Dragonite||LumBerry|Multiscale|DragonDance,Roost,AerialAce,StompingTantrum|Adamant||M|||50|
|showteam|p2|Pelipper||FocusSash|Drizzle|Tailwind,HydroPump,Uturn,WeatherBall|Modest||F|||50|]Scizor||OccaBerry|Technician|BugBite,BulletPunch,Protect,SwordsDance|Adamant||M|||50|]Archaludon||ZoomLens|Stalwart|ElectroShot,DracoMeteor,FlashCannon,Protect|Timid||M|||50|]Basculegion||ChoiceScarf|SwiftSwim|FlipTurn,LastRespects,WaveCrash,IceFang|Adamant||M|||50|]Sceptile||Sceptilite|Unburden|EnergyBall,EarthPower,LeechSeed,Protect|Timid||M|||50|]Hawlucha||Hawluchanite|MoldBreaker|BraveBird,CloseCombat,Detect,SwordsDance|Jolly||F|||50|
|
|t:|1783602180
|teamsize|p1|4
|teamsize|p2|4
|start
|switch|p1a: Ninetales|Ninetales-Alola, L50, F|100/100
|switch|p1b: Dragonite|Dragonite, L50, M|100/100
|switch|p2a: Pelipper|Pelipper, L50, F|100/100
|switch|p2b: Basculegion|Basculegion, L50, M|100/100
|-weather|Snowscape|[from] ability: Snow Warning|[of] p1a: Ninetales
|-weather|RainDance|[from] ability: Drizzle|[of] p2a: Pelipper
|turn|1
|
|t:|1783602199
|switch|p1b: Empoleon|Empoleon, L50, M|100/100
|move|p2b: Basculegion|Ice Fang|p1b: Empoleon
|-resisted|p1b: Empoleon|2
|-crit|p1b: Empoleon
|-damage|p1b: Empoleon|93/100
|move|p1a: Ninetales|Freeze-Dry|p2b: Basculegion
|-supereffective|p2b: Basculegion|1
|-damage|p2b: Basculegion|38/100
|move|p2a: Pelipper|Weather Ball|p1a: Ninetales
|-damage|p1a: Ninetales|16/100
|
|-weather|RainDance|[upkeep]
|upkeep
|turn|2
|
|t:|1783602227
|switch|p2b: Scizor|Scizor, L50, M|100/100
|move|p1a: Ninetales|Aurora Veil||[still]
|-fail|p1a: Ninetales
|move|p2a: Pelipper|Tailwind|p2a: Pelipper
|-sidestart|p2: MrParcheggio|move: Tailwind
|move|p1b: Empoleon|Yawn|p2a: Pelipper
|-start|p2a: Pelipper|move: Yawn|[of] p1b: Empoleon
|
|-weather|RainDance|[upkeep]
|upkeep
|turn|3
|
|t:|1783602248
|switch|p1a: Dragonite|Dragonite, L50, M|100/100
|move|p2b: Scizor|Bullet Punch|p1a: Dragonite
|-damage|p1a: Dragonite|82/100
|move|p2a: Pelipper|U-turn|p1b: Empoleon
|-resisted|p1b: Empoleon|1
|-damage|p1b: Empoleon|90/100
|
|t:|1783602257
|switch|p2a: Sceptile|Sceptile, L50, M, shiny|100/100|[from] U-turn
|move|p1b: Empoleon|Weather Ball|p2b: Scizor
|-damage|p2b: Scizor|24/100
|
|-weather|RainDance|[upkeep]
|upkeep
|turn|4
|
|t:|1783602288
|detailschange|p2a: Sceptile|Sceptile-Mega, L50, M, shiny
|-mega|p2a: Sceptile|Sceptile|Sceptilite
|move|p2b: Scizor|Protect|p2b: Scizor
|-singleturn|p2b: Scizor|Protect
|move|p2a: Sceptile|Leech Seed|p1a: Dragonite
|-start|p1a: Dragonite|move: Leech Seed
|move|p1a: Dragonite|Dragon Dance|p1a: Dragonite
|-boost|p1a: Dragonite|atk|1
|-boost|p1a: Dragonite|spe|1
|move|p1b: Empoleon|Yawn|p2a: Sceptile
|-start|p2a: Sceptile|move: Yawn|[of] p1b: Empoleon
|
|-weather|RainDance|[upkeep]
|-damage|p1a: Dragonite|69/100|[from] Leech Seed|[of] p2a: Sceptile
|upkeep
|turn|5
|
|t:|1783602311
|switch|p2a: Basculegion|Basculegion, L50, M|38/100
|move|p1a: Dragonite|Roost|p1a: Dragonite
|-heal|p1a: Dragonite|100/100
|-singleturn|p1a: Dragonite|move: Roost
|move|p2b: Scizor|Swords Dance|p2b: Scizor
|-boost|p2b: Scizor|atk|2
|move|p1b: Empoleon|Weather Ball|p2b: Scizor
|-damage|p2b: Scizor|0 fnt
|faint|p2b: Scizor
|
|-weather|none
|-damage|p1a: Dragonite|87/100|[from] Leech Seed|[of] p2a: Basculegion
|-heal|p2a: Basculegion|48/100|[silent]
|-sideend|p2: MrParcheggio|move: Tailwind
|upkeep
|
|t:|1783602325
|switch|p2b: Pelipper|Pelipper, L50, F|100/100
|-weather|RainDance|[from] ability: Drizzle|[of] p2b: Pelipper
|turn|6
|
|t:|1783602353
|switch|p1a: Ninetales|Ninetales-Alola, L50, F|16/100
|-weather|Snowscape|[from] ability: Snow Warning|[of] p1a: Ninetales
|move|p2a: Basculegion|Ice Fang|p1a: Ninetales
|-resisted|p1a: Ninetales|1
|-damage|p1a: Ninetales|5/100
|move|p2b: Pelipper|Tailwind|p2b: Pelipper
|-sidestart|p2: MrParcheggio|move: Tailwind
|move|p1b: Empoleon|Chilling Water|p2a: Basculegion
|-resisted|p2a: Basculegion|1
|-damage|p2a: Basculegion|37/100
|-unboost|p2a: Basculegion|atk|1
|
|-weather|Snowscape|[upkeep]
|upkeep
|turn|7
|
|t:|1783602394
|move|p2a: Basculegion|Ice Fang|p1a: Ninetales
|-resisted|p1a: Ninetales|1
|-damage|p1a: Ninetales|0 fnt
|faint|p1a: Ninetales
|move|p2b: Pelipper|U-turn|p1b: Empoleon
|-resisted|p1b: Empoleon|1
|-damage|p1b: Empoleon|87/100
|
|t:|1783602400
|switch|p2b: Sceptile|Sceptile-Mega, L50, M, shiny|100/100|[from] U-turn
|move|p1b: Empoleon|Yawn|p2b: Sceptile
|-start|p2b: Sceptile|move: Yawn|[of] p1b: Empoleon
|
|-weather|Snowscape|[upkeep]
|upkeep
|
|t:|1783602411
|switch|p1a: Dragonite|Dragonite, L50, M|87/100
|turn|8
|
|t:|1783602426
|switch|p2a: Pelipper|Pelipper, L50, F|100/100
|-weather|RainDance|[from] ability: Drizzle|[of] p2a: Pelipper
|switch|p1a: Bastiodon|Bastiodon, L50, M|100/100
|move|p2b: Sceptile|Leech Seed|p1a: Bastiodon
|-start|p1a: Bastiodon|move: Leech Seed
|move|p1b: Empoleon|Chilling Water|p2a: Pelipper
|-resisted|p2a: Pelipper|1
|-damage|p2a: Pelipper|77/100
|-unboost|p2a: Pelipper|atk|1
|
|-weather|RainDance|[upkeep]
|-damage|p1a: Bastiodon|88/100|[from] Leech Seed|[of] p2b: Sceptile
|-end|p2b: Sceptile|move: Yawn|[silent]
|-status|p2b: Sceptile|slp
|upkeep
|turn|9
|
|t:|1783602458
|switch|p1a: Dragonite|Dragonite, L50, M|87/100
|cant|p2b: Sceptile|slp
|move|p2a: Pelipper|U-turn|p1b: Empoleon
|-resisted|p1b: Empoleon|1
|-damage|p1b: Empoleon|84/100
|
|t:|1783602464
|switch|p2a: Basculegion|Basculegion, L50, M|37/100|[from] U-turn
|move|p1b: Empoleon|Weather Ball|p2a: Basculegion
|-resisted|p2a: Basculegion|1
|-damage|p2a: Basculegion|1/100
|
|-weather|RainDance|[upkeep]
|-sideend|p2: MrParcheggio|move: Tailwind
|upkeep
|turn|10
|c|☆lethimcook26|it wont die lol
|
|t:|1783602497
|move|p2a: Basculegion|Flip Turn|p1a: Dragonite
|-resisted|p1a: Dragonite|1
|-damage|p1a: Dragonite|60/100
|
|t:|1783602500
|switch|p2a: Pelipper|Pelipper, L50, F|77/100|[from] Flip Turn
|cant|p2b: Sceptile|slp
|move|p1a: Dragonite|Aerial Ace|p2b: Sceptile
|-supereffective|p2b: Sceptile|1
|-damage|p2b: Sceptile|10/100 slp
|move|p1b: Empoleon|Weather Ball|p2a: Pelipper
|-resisted|p2a: Pelipper|1
|-damage|p2a: Pelipper|29/100
|
|-weather|RainDance|[upkeep]
|upkeep
|turn|11
|
|t:|1783602523
|-curestatus|p2b: Sceptile|slp|[msg]
|move|p2b: Sceptile|Protect|p2b: Sceptile
|-singleturn|p2b: Sceptile|Protect
|move|p1a: Dragonite|Aerial Ace|p2b: Sceptile
|-activate|p2b: Sceptile|move: Protect
|move|p2a: Pelipper|Weather Ball|p1a: Dragonite
|-resisted|p1a: Dragonite|1
|-damage|p1a: Dragonite|23/100
|move|p1b: Empoleon|Weather Ball|p2a: Pelipper
|-resisted|p2a: Pelipper|1
|-damage|p2a: Pelipper|0 fnt
|faint|p2a: Pelipper
|
|-weather|RainDance|[upkeep]
|upkeep
|
|t:|1783602534
|switch|p2a: Basculegion|Basculegion, L50, M|1/100
|turn|12
|
|t:|1783602551
|move|p2a: Basculegion|Last Respects|p1a: Dragonite
|-damage|p1a: Dragonite|0 fnt
|faint|p1a: Dragonite
|move|p2b: Sceptile|Earth Power|p1b: Empoleon
|-supereffective|p1b: Empoleon|1
|-damage|p1b: Empoleon|26/100
|move|p1b: Empoleon|Chilling Water|p2a: Basculegion
|-resisted|p2a: Basculegion|1
|-damage|p2a: Basculegion|0 fnt
|faint|p2a: Basculegion
|
|-weather|none
|upkeep
|
|t:|1783602561
|switch|p1a: Bastiodon|Bastiodon, L50, M|88/100
|turn|13
|
|t:|1783602576
|move|p2b: Sceptile|Earth Power|p1b: Empoleon
|-supereffective|p1b: Empoleon|1
|-damage|p1b: Empoleon|0 fnt
|faint|p1b: Empoleon
|move|p1a: Bastiodon|Body Press|p2b: Sceptile
|-damage|p2b: Sceptile|0 fnt
|faint|p2b: Sceptile
|
|win|lethimcook26
|raw|lethimcook26's rating: 1100 → 1123(+23 for winning)
|raw|MrParcheggio's rating: 1066 → 1048(-18 for losing)
|l|☆MrParcheggio
|player|p2|
|c|☆lethimcook26|gg
