|j|☆Slowjow
|j|☆39acits
|html|Slowjow39acits    
|uhtml|bestof|Game 1 of a best-of-3
|t:|1786011173
|gametype|doubles
|player|p1|Slowjow|170|1142
|player|p2|39acits|biker|1187
|gen|9
|tier|[Gen 9 Champions] VGC 2026 Reg M-B (Bo3)
|rated|
|rule|Species Clause: Limit one of each Pokémon
|rule|Item Clause: Limit 1 of each item
|clearpoke
|poke|p1|Blaziken, L50, F|
|poke|p1|Raichu, L50, M|
|poke|p1|Incineroar, L50, M|
|poke|p1|Milotic, L50, M|
|poke|p1|Tsareena, L50, F|
|poke|p1|Gholdengo, L50|
|poke|p2|Staraptor, L50, M|
|poke|p2|Gholdengo, L50|
|poke|p2|Whimsicott, L50, M|
|poke|p2|Tyranitar, L50, M|
|poke|p2|Lycanroc, L50, F|
|poke|p2|Milotic, L50, M|
|teampreview|4
|showteam|p1|Blaziken||Blazikenite|SpeedBoost|CloseCombat,FlareBlitz,RockSlide,Protect|Adamant||F|||50|]Raichu||RaichuniteY|LightningRod|FakeOut,Protect,ZapCannon,FocusBlast|Timid||M|||50|]Incineroar||SitrusBerry|Intimidate|FakeOut,PartingShot,FlareBlitz,DarkestLariat|Careful||M|||50|]Milotic||Leftovers|Competitive|Scald,IceBeam,Recover,Protect|Bold||M|||50|]Tsareena||ExpertBelt|QueenlyMajesty|TropKick,TripleAxel,LowKick,Protect|Adamant||F|||50|]Gholdengo||LifeOrb|GoodasGold|MakeItRain,ShadowBall,NastyPlot,Protect|Modest|||||50|
|showteam|p2|Staraptor||Staraptite|Intimidate|BraveBird,CloseCombat,Roost,Protect|Jolly||M|||50|]Gholdengo||ChoiceScarf|GoodasGold|MakeItRain,ShadowBall,PowerGem,Trick|Modest|||||50|]Whimsicott||FocusSash|Prankster|Moonblast,Tailwind,Encore,Charm|Timid||M|||50|]Tyranitar||Tyranitarite|SandStream|RockSlide,KnockOff,Protect,DragonDance|Adamant||M|||50|]Lycanroc||LifeOrb|SandRush|RockSlide,Crunch,StompingTantrum,Protect|Adamant||F|||50|]Milotic||Leftovers|Competitive|MuddyWater,IceBeam,Protect,Haze|Bold||M|||50|
|inactive|Battle timer is ON: inactive players will automatically lose when time's up. (requested by 39acits)
|inactive|Slowjow has 60 seconds left.
|inactive|39acits has 60 seconds left.
|
|t:|1786011241
|teamsize|p1|4
|teamsize|p2|4
|start
|switch|p1a: Milotic|Milotic, L50, M|100/100
|switch|p1b: Raichu|Raichu, L50, M|100/100
|switch|p2a: Lycanroc|Lycanroc, L50, F|100/100
|switch|p2b: Tyranitar|Tyranitar, L50, M|100/100
|-weather|Sandstorm|[from] ability: Sand Stream|[of] p2b: Tyranitar
|turn|1
|
|t:|1786011264
|switch|p2b: Whimsicott|Whimsicott, L50, M|100/100
|move|p2a: Lycanroc|Protect|p2a: Lycanroc
|-singleturn|p2a: Lycanroc|Protect
|move|p1b: Raichu|Fake Out|p2b: Whimsicott
|-damage|p2b: Whimsicott|88/100
|move|p1a: Milotic|Scald|p2a: Lycanroc
|-activate|p2a: Lycanroc|move: Protect
|
|-weather|Sandstorm|[upkeep]
|-damage|p2b: Whimsicott|82/100|[from] Sandstorm
|-damage|p1b: Raichu|93/100|[from] Sandstorm
|-damage|p1a: Milotic|93/100|[from] Sandstorm
|-heal|p1a: Milotic|100/100|[from] item: Leftovers
|upkeep
|turn|2
|
|t:|1786011288
|switch|p1b: Incineroar|Incineroar, L50, M|100/100
|-ability|p1b: Incineroar|Intimidate|boost
|-unboost|p2a: Lycanroc|atk|1
|-unboost|p2b: Whimsicott|atk|1
|move|p2b: Whimsicott|Encore|p1b: Incineroar
|-hint|Since gen 7, Dark is immune to Prankster moves.
|-immune|p1b: Incineroar
|move|p2a: Lycanroc|Rock Slide|p1a: Milotic|[spread] p1a,p1b
|-supereffective|p1b: Incineroar|1
|-damage|p1a: Milotic|77/100
|-damage|p1b: Incineroar|56/100
|-damage|p2a: Lycanroc|90/100|[from] item: Life Orb
|move|p1a: Milotic|Scald|p2a: Lycanroc
|-supereffective|p2a: Lycanroc|1
|-damage|p2a: Lycanroc|39/100
|
|-weather|Sandstorm|[upkeep]
|-damage|p2b: Whimsicott|76/100|[from] Sandstorm
|-damage|p1a: Milotic|71/100|[from] Sandstorm
|-damage|p1b: Incineroar|50/100g|[from] Sandstorm
|-heal|p1a: Milotic|77/100|[from] item: Leftovers
|upkeep
|turn|3
|inactive|Slowjow has 30 seconds left.
|
|t:|1786011315
|switch|p2b: Tyranitar|Tyranitar, L50, M|100/100
|move|p2a: Lycanroc|Protect|p2a: Lycanroc
|-singleturn|p2a: Lycanroc|Protect
|move|p1b: Incineroar|Fake Out|p2b: Tyranitar
|-resisted|p2b: Tyranitar|1
|-damage|p2b: Tyranitar|95/100
|move|p1a: Milotic|Ice Beam|p2b: Tyranitar
|-damage|p2b: Tyranitar|84/100
|
|-weather|Sandstorm|[upkeep]
|-damage|p1a: Milotic|71/100|[from] Sandstorm
|-damage|p1b: Incineroar|44/100|[from] Sandstorm
|-enditem|p1b: Incineroar|Sitrus Berry|[eat]
|-heal|p1b: Incineroar|69/100|[from] item: Sitrus Berry
|-heal|p1a: Milotic|77/100|[from] item: Leftovers
|upkeep
|turn|4
|inactive|Slowjow has 30 seconds left.
|
|t:|1786011341
|detailschange|p2b: Tyranitar|Tyranitar-Mega, L50, M
|-mega|p2b: Tyranitar|Tyranitar|Tyranitarite
|move|p2a: Lycanroc|Rock Slide|p1b: Incineroar|[spread] p1a,p1b
|-supereffective|p1b: Incineroar|1
|-damage|p1a: Milotic|53/100
|-damage|p1b: Incineroar|26/100
|-damage|p2a: Lycanroc|29/100|[from] item: Life Orb
|move|p2b: Tyranitar|Rock Slide|p1b: Incineroar|[spread] p1a,p1b
|-supereffective|p1b: Incineroar|1
|-damage|p1a: Milotic|21/100
|-damage|p1b: Incineroar|0 fnt
|faint|p1b: Incineroar
|move|p1a: Milotic|Scald|p2a: Lycanroc
|-supereffective|p2a: Lycanroc|1
|-damage|p2a: Lycanroc|0 fnt
|faint|p2a: Lycanroc
|
|-weather|Sandstorm|[upkeep]
|-damage|p1a: Milotic|15/100|[from] Sandstorm
|-heal|p1a: Milotic|21/100|[from] item: Leftovers
|upkeep
|
|t:|1786011366
|switch|p2a: Whimsicott|Whimsicott, L50, M|76/100
|switch|p1b: Tsareena|Tsareena, L50, F|100/100
|turn|5
|
|t:|1786011384
|move|p1a: Milotic|Protect|p1a: Milotic
|-singleturn|p1a: Milotic|Protect
|move|p2a: Whimsicott|Moonblast|p1a: Milotic
|-activate|p1a: Milotic|move: Protect
|move|p2b: Tyranitar|Dragon Dance|p2b: Tyranitar
|-boost|p2b: Tyranitar|atk|1
|-boost|p2b: Tyranitar|spe|1
|move|p1b: Tsareena|Triple Axel|p2a: Whimsicott
|-supereffective|p2a: Whimsicott|1
|-damage|p2a: Whimsicott|51/100
|-supereffective|p2a: Whimsicott|1
|-damage|p2a: Whimsicott|6/100
|-hitcount|p2a: Whimsicott|2
|
|-weather|none
|-heal|p1a: Milotic|27/100|[from] item: Leftovers
|upkeep
|turn|6
|inactive|Slowjow has 30 seconds left.
|inactive|39acits has 30 seconds left.
|
|t:|1786011414
|move|p2a: Whimsicott|Encore||[still]
|cant|p1b: Tsareena|ability: Queenly Majesty|Encore|[of] p2a: Whimsicott
|move|p2b: Tyranitar|Knock Off|p1b: Tsareena
|-damage|p1b: Tsareena|13/100
|-enditem|p1b: Tsareena|Expert Belt|[from] move: Knock Off|[of] p2b: Tyranitar
|move|p1a: Milotic|Scald|p2a: Whimsicott
|-resisted|p2a: Whimsicott|1
|-crit|p2a: Whimsicott
|-damage|p2a: Whimsicott|0 fnt
|faint|p2a: Whimsicott
|move|p1b: Tsareena|Low Kick|p2b: Tyranitar
|-supereffective|p2b: Tyranitar|2
|-damage|p2b: Tyranitar|0 fnt
|faint|p2b: Tyranitar
|
|-heal|p1a: Milotic|33/100|[from] item: Leftovers
|upkeep
|
|t:|1786011420
|switch|p2b: Gholdengo|Gholdengo, L50|100/100
|turn|7
|
|t:|1786011437
|move|p1a: Milotic|Protect|p1a: Milotic
|-singleturn|p1a: Milotic|Protect
|move|p2b: Gholdengo|Shadow Ball|p1b: Tsareena
|-damage|p1b: Tsareena|0 fnt
|faint|p1b: Tsareena
|
|-heal|p1a: Milotic|39/100|[from] item: Leftovers
|upkeep
|
|t:|1786011446
|switch|p1b: Raichu|Raichu, L50, M|93/100
|turn|8
|
|t:|1786011455
|detailschange|p1b: Raichu|Raichu-Mega-Y, L50, M
|-mega|p1b: Raichu|Raichu|Raichunite Y
|move|p2b: Gholdengo|Shadow Ball|p1a: Milotic
|-damage|p1a: Milotic|9/100
|move|p1b: Raichu|Zap Cannon|p2b: Gholdengo
|-damage|p2b: Gholdengo|24/100
|-status|p2b: Gholdengo|par
|move|p1a: Milotic|Recover|p1a: Milotic
|-heal|p1a: Milotic|59/100
|
|-heal|p1a: Milotic|65/100|[from] item: Leftovers
|upkeep
|turn|9
|l|☆39acits
|inactive|39acits disconnected and has a minute to reconnect!
|player|p2|
|
|t:|1786011470
|move|p1b: Raichu|Zap Cannon|p2b: Gholdengo
|-damage|p2b: Gholdengo|0 fnt
|faint|p2b: Gholdengo
|
|win|Slowjow
|j|☆39acits
|player|p2|39acits|biker|
|inactive|Slowjow has 30 seconds to confirm battle start!
|inactive|39acits has 30 seconds to confirm battle start!
||39acits is ready for game 2.
