|j|☆Kane_Kaiju
|j|☆djrean
|html|Kane_Kaijudjrean    
|uhtml|bestof|Game 1 of a best-of-3
|t:|1784237412
|gametype|doubles
|player|p1|Kane_Kaiju|102|
|player|p2|djrean|hilbert-wonderlauncher|
|gen|9
|tier|[Gen 9 Champions] VGC 2026 Reg M-B (Bo3)
|rule|Species Clause: Limit one of each Pokémon
|rule|Item Clause: Limit 1 of each item
|clearpoke
|poke|p1|Arcanine-Hisui, L50, M|
|poke|p1|Wyrdeer, L50, F|
|poke|p1|Sableye, L50, M|
|poke|p1|Mawile, L50, M|
|poke|p1|Scolipede, L50, M|
|poke|p1|Hatterene, L50, F|
|poke|p2|Staraptor, L50, M|
|poke|p2|Whimsicott, L50, M|
|poke|p2|Blaziken, L50, M|
|poke|p2|Mimikyu, L50, M|
|poke|p2|Absol, L50, M|
|poke|p2|Audino, L50, F|
|teampreview|4
|showteam|p1|Arcanine-Hisui||IronBall|RockHead|FlareBlitz,HeadSmash,Roar,ExtremeSpeed|Brave||M|||50|]Wyrdeer||MentalHerb|Intimidate|TrickRoom,PsyshieldBash,Hypnosis,Disable|Relaxed||F|||50|]Sableye||RoseliBerry|Prankster|Encore,Gravity,FakeOut,WillOWisp|Relaxed||M|||50|]Mawile||Mawilite|HyperCutter|SwordsDance,PlayRough,IronHead,Protect|Brave||M|||50|]Scolipede||Scolipite|PoisonPoint|Earthquake,GunkShot,Megahorn,SwordsDance|Brave||M|||50|]Hatterene||LifeOrb|MagicBounce|MysticalFire,DazzlingGleam,TrickRoom,Psychic|Quiet||F|||50|
|showteam|p2|Staraptor||Staraptite|Intimidate|BraveBird,CloseCombat,SteelWing,Protect|Jolly||M|||50|]Whimsicott||MentalHerb|Prankster|Taunt,DazzlingGleam,Charm,TrickRoom|Bold||M|||50|]Blaziken||LifeOrb|SpeedBoost|AuraSphere,Overheat,Coaching,Protect|Modest||M|||50|]Mimikyu||SpellTag|Disguise|PlayRough,DrainPunch,Protect,SwordsDance|Adamant||M|||50|]Absol||Absolite|SuperLuck|CloseCombat,KnockOff,PerishSong,Protect|Jolly||M|||50|]Audino||LightClay|Healer|LifeDew,Reflect,BabyDollEyes,HyperVoice|Calm||F|||50|
|j| Mr.Twang
|c|☆djrean|glhf
|
|t:|1784237507
|teamsize|p1|4
|teamsize|p2|4
|start
|switch|p1a: Wyrdeer|Wyrdeer, L50, F|100/100
|switch|p1b: Sableye|Sableye, L50, M|100/100
|switch|p2a: Victor|Staraptor, L50, M|100/100
|switch|p2b: Elliot|Whimsicott, L50, M|100/100
|-ability|p2a: Victor|Intimidate|boost
|-unboost|p1a: Wyrdeer|atk|1
|-unboost|p1b: Sableye|atk|1
|-ability|p1a: Wyrdeer|Intimidate|boost
|-unboost|p2a: Victor|atk|1
|-unboost|p2b: Elliot|atk|1
|turn|1
|
|t:|1784237579
|detailschange|p2a: Victor|Staraptor-Mega, L50, M
|-mega|p2a: Victor|Staraptor|Staraptite
|move|p2a: Victor|Protect|p2a: Victor
|-singleturn|p2a: Victor|Protect
|move|p1b: Sableye|Fake Out|p2a: Victor
|-activate|p2a: Victor|move: Protect
|move|p2b: Elliot|Taunt|p1b: Sableye
|-hint|Since gen 7, Dark is immune to Prankster moves.
|-immune|p1b: Sableye
|move|p1a: Wyrdeer|Trick Room|p1a: Wyrdeer
|-fieldstart|move: Trick Room|[of] p1a: Wyrdeer
|
|upkeep
|turn|2
|j| VinihBlaze
|
|t:|1784237608
|switch|p2a: Zeit|Absol, L50, M|100/100
|move|p1b: Sableye|Gravity|p1b: Sableye
|-fieldstart|move: Gravity
|move|p1a: Wyrdeer|Hypnosis|p2a: Zeit
|-status|p2a: Zeit|slp|[from] move: Hypnosis
|move|p2b: Elliot|Trick Room|p2b: Elliot
|-fieldend|move: Trick Room
|
|upkeep
|turn|3
|c|☆djrean|forgot about that
|
|t:|1784237648
|switch|p1b: Scolipede|Scolipede, L50, M|100/100
|move|p2b: Elliot|Dazzling Gleam|p1a: Wyrdeer|[spread] p1a,p1b
|-resisted|p1b: Scolipede|1
|-damage|p1a: Wyrdeer|85/100
|-damage|p1b: Scolipede|87/100
|cant|p2a: Zeit|slp
|move|p1a: Wyrdeer|Disable|p2b: Elliot
|-start|p2b: Elliot|Disable|Dazzling Gleam
|-enditem|p2b: Elliot|Mental Herb
|-end|p2b: Elliot|Disable
|
|upkeep
|turn|4
|
|t:|1784237668
|detailschange|p1b: Scolipede|Scolipede-Mega, L50, M
|-mega|p1b: Scolipede|Scolipede|Scolipite
|move|p2b: Elliot|Charm|p1b: Scolipede
|-unboost|p1b: Scolipede|atk|2
|-curestatus|p2a: Zeit|slp|[msg]
|move|p2a: Zeit|Knock Off|p1a: Wyrdeer
|-supereffective|p1a: Wyrdeer|1
|-crit|p1a: Wyrdeer
|-damage|p1a: Wyrdeer|0 fnt
|-enditem|p1a: Wyrdeer|Mental Herb|[from] move: Knock Off|[of] p2a: Zeit
|faint|p1a: Wyrdeer
|move|p1b: Scolipede|Swords Dance|p1b: Scolipede
|-boost|p1b: Scolipede|atk|2
|
|upkeep
|
|t:|1784237681
|switch|p1a: Sableye|Sableye, L50, M|100/100
|turn|5
|
|t:|1784237704
|move|p2a: Zeit|Protect|p2a: Zeit
|-singleturn|p2a: Zeit|Protect
|move|p1a: Sableye|Fake Out|p2b: Elliot
|-damage|p2b: Elliot|93/100
|cant|p2b: Elliot|flinch
|move|p1b: Scolipede|Megahorn|p2b: Elliot
|-damage|p2b: Elliot|30/100
|
|upkeep
|turn|6
|
|t:|1784237731
|switch|p1a: Arcanine|Arcanine-Hisui, L50, M|100/100
|move|p2b: Elliot|Charm|p1b: Scolipede
|-unboost|p1b: Scolipede|atk|2
|move|p2a: Zeit|Knock Off|p1a: Arcanine
|-damage|p1a: Arcanine|50/100g
|-enditem|p1a: Arcanine|Iron Ball|[from] move: Knock Off|[of] p2a: Zeit
|move|p1b: Scolipede|Megahorn|p2a: Zeit
|-supereffective|p2a: Zeit|1
|-damage|p2a: Zeit|0 fnt
|faint|p2a: Zeit
|
|-fieldend|move: Gravity
|upkeep
|
|t:|1784237744
|switch|p2a: Victor|Staraptor-Mega, L50, M|100/100
|turn|7
|
|t:|1784237765
|switch|p1b: Sableye|Sableye, L50, M|100/100
|move|p2b: Elliot|Charm|p2a: Victor
|-boost|p2a: Victor|atk|2
|move|p2a: Victor|Close Combat|p1a: Arcanine
|-supereffective|p1a: Arcanine|1
|-crit|p1a: Arcanine
|-damage|p1a: Arcanine|0 fnt
|-boost|p2a: Victor|def|1
|-boost|p2a: Victor|spd|1
|faint|p1a: Arcanine
|
|upkeep
|
|t:|1784237777
|switch|p1a: Scolipede|Scolipede-Mega, L50, M|87/100
|turn|8
|
|t:|1784237791
|move|p2a: Victor|Protect|p2a: Victor
|-singleturn|p2a: Victor|Protect
|move|p1b: Sableye|Fake Out|p2a: Victor
|-activate|p2a: Victor|move: Protect
|move|p2b: Elliot|Charm|p1a: Scolipede
|-unboost|p1a: Scolipede|atk|2
|move|p1a: Scolipede|Gunk Shot|p2a: Victor
|-activate|p2a: Victor|move: Protect
|
|upkeep
|turn|9
|
|t:|1784237819
|move|p1b: Sableye|Will-O-Wisp|p2a: Victor
|-status|p2a: Victor|brn
|move|p2a: Victor|Brave Bird|p1a: Scolipede
|-supereffective|p1a: Scolipede|1
|-damage|p1a: Scolipede|0 fnt
|faint|p1a: Scolipede
|-damage|p2a: Victor|70/100 brn|[from] Recoil
|move|p2b: Elliot|Dazzling Gleam|p1b: Sableye
|-supereffective|p1b: Sableye|1
|-enditem|p1b: Sableye|Roseli Berry|[eat]
|-enditem|p1b: Sableye|Roseli Berry|[weaken]
|-damage|p1b: Sableye|61/100
|
|-damage|p2a: Victor|64/100 brn|[from] brn
|upkeep
|turn|10
|
|t:|1784237838
|move|p1b: Sableye|Will-O-Wisp|p2b: Elliot
|-status|p2b: Elliot|brn
|move|p2a: Victor|Brave Bird|p1b: Sableye
|-damage|p1b: Sableye|0 fnt
|faint|p1b: Sableye
|-damage|p2a: Victor|44/100 brn|[from] Recoil
|
|win|djrean
||djrean is ready for game 2.
||Kane_Kaiju is ready for game 2.
|uhtml|next|Next: Game 2 of 3
