|j|☆Pickle315
|j|☆JustAddBacon
|html|Pickle315JustAddBacon    
|uhtml|bestof|Game 2 of a best-of-3
|t:|1757738836
|gametype|doubles
|player|p1|Pickle315|hilbert|1079
|player|p2|JustAddBacon|palmer|1108
|gen|9
|tier|[Gen 9] VGC 2025 Reg H (Bo3)
|rated|
|rule|Species Clause: Limit one of each Pokémon
|rule|Item Clause: Limit 1 of each item
|clearpoke
|poke|p1|Torkoal, L50, M|
|poke|p1|Amoonguss, L50, M|
|poke|p1|Charizard, L50, M|
|poke|p1|Kingambit, L50, F|
|poke|p1|Rillaboom, L50, F|
|poke|p1|Dragapult, L50, F|
|poke|p2|Rillaboom, L50, M|
|poke|p2|Chesnaught, L50, F|
|poke|p2|Incineroar, L50, F|
|poke|p2|Arboliva, L50, M|
|poke|p2|Porygon2, L50|
|poke|p2|Sinistcha-Masterpiece, L50|
|teampreview|4
|showteam|p1|Torkoal||CovertCloak|Drought|BodyPress,ClearSmog,HelpingHand,WillOWisp|||M|||50|,,,,,Fighting]Amoonguss||RockyHelmet|Regenerator|PollenPuff,RagePowder,Spore,Synthesis|||M|||50|,,,,,Water]Charizard||LifeOrb|SolarPower|TeraBlast,HeatWave,Protect,SolarBeam|||M|||50|,,,,,Flying]Kingambit||AssaultVest|Defiant|KowtowCleave,IronHead,SuckerPunch,BrickBreak|||F|||50|,,,,,Ghost]Rillaboom||SitrusBerry|GrassySurge|HighHorsepower,GrassyGlide,SolarBlade,FakeOut|||F|||50|,,,,,Electric]Dragapult||ColburBerry|ClearBody|SunnyDay,Protect,DracoMeteor,Thunderbolt|||F|||50|,,,,,Steel
|showteam|p2|Rillaboom||AssaultVest|GrassySurge|FakeOut,GrassyGlide,Uturn,KnockOff|||M|||50|,,,,,Water]Chesnaught||SitrusBerry|Bulletproof|BellyDrum,GrassyGlide,DrainPunch,SpikyShield|||F|||50|,,,,,Fire]Incineroar||SafetyGoggles|Intimidate|FakeOut,PartingShot,KnockOff,FlareBlitz|||F|||50|,,,,,Water]Arboliva||GrassySeed|SeedSower|GigaDrain,TerrainPulse,LeechSeed,Protect|||M|||50|,,,,,Ghost]Porygon2||Eviolite|Download|TrickRoom,Recover,IceBeam,TeraBlast||||||50|,,,,,Fighting]Sinistcha-Masterpiece||Leftovers|Hospitality|MatchaGotcha,RagePowder,TrickRoom,Protect||||||50|,,,,,Water
|
|t:|1757738847
|teamsize|p1|4
|teamsize|p2|4
|start
|switch|p1a: Torkoal|Torkoal, L50, M|100/100
|switch|p1b: Charizard|Charizard, L50, M|100/100
|switch|p2a: Rillaboom|Rillaboom, L50, M|100/100
|switch|p2b: Chesnaught|Chesnaught, L50, F|100/100
|-fieldstart|move: Grassy Terrain|[from] ability: Grassy Surge|[of] p2a: Rillaboom
|-weather|SunnyDay|[from] ability: Drought|[of] p1a: Torkoal
|turn|1
|inactive|Battle timer is ON: inactive players will automatically lose when time's up. (requested by JustAddBacon)
|
|t:|1757738877
|switch|p2b: Porygon2|Porygon2, L50|100/100
|-ability|p2b: Porygon2|Download|boost
|-boost|p2b: Porygon2|spa|1
|move|p2a: Rillaboom|Fake Out|p1b: Charizard
|-damage|p1b: Charizard|80/100
|cant|p1b: Charizard|flinch
|move|p1a: Torkoal|Will-O-Wisp|p2b: Porygon2|[miss]
|-miss|p1a: Torkoal|p2b: Porygon2
|
|-weather|SunnyDay|[upkeep]
|-damage|p1b: Charizard|68/100|[from] ability: Solar Power|[of] p1b: Charizard
|upkeep
|turn|2
|inactive|JustAddBacon has 30 seconds left.
|inactive|JustAddBacon has 20 seconds left.
|inactive|JustAddBacon has 15 seconds left.
|inactive|JustAddBacon has 10 seconds left.
|inactive|JustAddBacon has 5 seconds left.
|
|t:|1757738930
|switch|p1b: Amoonguss|Amoonguss, L50, M|100/100
|move|p2a: Rillaboom|U-turn|p1b: Amoonguss
|-damage|p1b: Amoonguss|73/100
|-damage|p2a: Rillaboom|84/100|[from] item: Rocky Helmet|[of] p1b: Amoonguss
|
|t:|1757738945
|switch|p2a: Chesnaught|Chesnaught, L50, F|100/100|[from] U-turn
|move|p1a: Torkoal|Clear Smog|p2b: Porygon2
|-damage|p2b: Porygon2|93/100
|-clearboost|p2b: Porygon2
|move|p2b: Porygon2|Trick Room|p2b: Porygon2
|-fieldstart|move: Trick Room|[of] p2b: Porygon2
|
|-weather|SunnyDay|[upkeep]
|-heal|p1b: Amoonguss|79/100|[from] Grassy Terrain
|-heal|p2b: Porygon2|99/100|[from] Grassy Terrain
|upkeep
|turn|3
|inactive|JustAddBacon has 30 seconds left.
|inactive|JustAddBacon has 20 seconds left.
|inactive|JustAddBacon has 15 seconds left.
|inactive|JustAddBacon has 10 seconds left.
|
|t:|1757738995
|move|p1a: Torkoal|Will-O-Wisp|p2a: Chesnaught
|-status|p2a: Chesnaught|brn
|move|p1b: Amoonguss|Spore|p2b: Porygon2
|-status|p2b: Porygon2|slp|[from] move: Spore
|cant|p2b: Porygon2|slp
|move|p2a: Chesnaught|Belly Drum|p2a: Chesnaught
|-damage|p2a: Chesnaught|50/100 brn
|-setboost|p2a: Chesnaught|atk|6|[from] move: Belly Drum
|-enditem|p2a: Chesnaught|Sitrus Berry|[eat]
|-heal|p2a: Chesnaught|75/100 brn|[from] item: Sitrus Berry
|
|-weather|SunnyDay|[upkeep]
|-heal|p1b: Amoonguss|85/100|[from] Grassy Terrain
|-heal|p2b: Porygon2|100/100 slp|[from] Grassy Terrain
|-heal|p2a: Chesnaught|81/100 brn|[from] Grassy Terrain
|-damage|p2a: Chesnaught|75/100 brn|[from] brn
|upkeep
|turn|4
|inactive|JustAddBacon has 30 seconds left.
|
|t:|1757739029
|switch|p1b: Kingambit|Kingambit, L50, F|100/100
|switch|p2b: Sinistcha|Sinistcha-Masterpiece, L50|100/100
|-heal|p2a: Chesnaught|99/100 brn|[from] ability: Hospitality|[of] p2b: Sinistcha
|move|p2a: Chesnaught|Spiky Shield|p2a: Chesnaught
|-singleturn|p2a: Chesnaught|move: Protect
|move|p1a: Torkoal|Clear Smog|p2a: Chesnaught
|-activate|p2a: Chesnaught|move: Protect
|
|-weather|SunnyDay|[upkeep]
|-heal|p2a: Chesnaught|100/100 brn|[from] Grassy Terrain
|-damage|p2a: Chesnaught|94/100 brn|[from] brn
|upkeep
|turn|5
|
|t:|1757739051
|switch|p1b: Amoonguss|Amoonguss, L50, M|100/100
|move|p2b: Sinistcha|Rage Powder|p2b: Sinistcha
|-singleturn|p2b: Sinistcha|move: Rage Powder
|move|p1a: Torkoal|Clear Smog|p2b: Sinistcha
|-damage|p2b: Sinistcha|88/100
|-clearboost|p2b: Sinistcha
|move|p2a: Chesnaught|Drain Punch|p1a: Torkoal
|-damage|p1a: Torkoal|61/100
|-heal|p2a: Chesnaught|100/100 brn|[from] drain|[of] p1a: Torkoal
|
|-weather|none
|-heal|p1a: Torkoal|67/100|[from] Grassy Terrain
|-heal|p2b: Sinistcha|94/100|[from] Grassy Terrain
|-heal|p2b: Sinistcha|100/100|[from] item: Leftovers
|-damage|p2a: Chesnaught|94/100 brn|[from] brn
|-fieldend|move: Grassy Terrain
|upkeep
|turn|6
|inactive|JustAddBacon has 30 seconds left.
|
|t:|1757739079
|move|p1b: Amoonguss|Rage Powder|p1b: Amoonguss
|-singleturn|p1b: Amoonguss|move: Rage Powder
|move|p2b: Sinistcha|Rage Powder|p2b: Sinistcha
|-singleturn|p2b: Sinistcha|move: Rage Powder
|move|p1a: Torkoal|Clear Smog|p2b: Sinistcha
|-damage|p2b: Sinistcha|88/100
|-clearboost|p2b: Sinistcha
|move|p2a: Chesnaught|Drain Punch|p1a: Torkoal
|-damage|p1a: Torkoal|27/100
|-heal|p2a: Chesnaught|100/100 brn|[from] drain|[of] p1a: Torkoal
|
|-heal|p2b: Sinistcha|94/100|[from] item: Leftovers
|-damage|p2a: Chesnaught|94/100 brn|[from] brn
|-fieldend|move: Trick Room
|upkeep
|turn|7
|
|t:|1757739101
|switch|p1a: Charizard|Charizard, L50, M|68/100
|move|p2a: Chesnaught|Drain Punch|p1a: Charizard
|-resisted|p1a: Charizard
|-damage|p1a: Charizard|22/100
|-heal|p2a: Chesnaught|100/100 brn|[from] drain|[of] p1a: Charizard
|move|p2b: Sinistcha|Matcha Gotcha|p1a: Charizard|[spread] p1a,p1b
|-resisted|p1a: Charizard
|-resisted|p1b: Amoonguss
|-damage|p1a: Charizard|10/100
|-heal|p2b: Sinistcha|99/100|[from] drain|[of] p1a: Charizard
|-damage|p1b: Amoonguss|95/100
|-heal|p2b: Sinistcha|100/100|[from] drain|[of] p1b: Amoonguss
|move|p1b: Amoonguss|Pollen Puff|p2a: Chesnaught
|-immune|p2a: Chesnaught|[from] ability: Bulletproof
|
|-damage|p2a: Chesnaught|94/100 brn|[from] brn
|upkeep
|turn|8
|inactive|JustAddBacon has 30 seconds left.
|
|t:|1757739135
|switch|p2b: Rillaboom|Rillaboom, L50, M|84/100
|-fieldstart|move: Grassy Terrain|[from] ability: Grassy Surge|[of] p2b: Rillaboom
|switch|p1b: Torkoal|Torkoal, L50, M|27/100
|-weather|SunnyDay|[from] ability: Drought|[of] p1b: Torkoal
|-terastallize|p1a: Charizard|Flying
|move|p2a: Chesnaught|Grassy Glide|p1a: Charizard
|-resisted|p1a: Charizard
|-damage|p1a: Charizard|0 fnt
|faint|p1a: Charizard
|
|-weather|SunnyDay|[upkeep]
|-heal|p2b: Rillaboom|90/100|[from] Grassy Terrain
|-heal|p2a: Chesnaught|100/100 brn|[from] Grassy Terrain
|-heal|p1b: Torkoal|33/100|[from] Grassy Terrain
|-damage|p2a: Chesnaught|94/100 brn|[from] brn
|upkeep
|
|t:|1757739159
|switch|p1a: Kingambit|Kingambit, L50, F|100/100
|turn|9
|
|t:|1757739178
|switch|p1a: Amoonguss|Amoonguss, L50, M|100/100
|move|p2b: Rillaboom|Fake Out|p1b: Torkoal
|-damage|p1b: Torkoal|25/100
|move|p2a: Chesnaught|Drain Punch|p1a: Amoonguss
|-resisted|p1a: Amoonguss
|-damage|p1a: Amoonguss|64/100
|-heal|p2a: Chesnaught|100/100 brn|[from] drain|[of] p1a: Amoonguss
|-damage|p2a: Chesnaught|84/100 brn|[from] item: Rocky Helmet|[of] p1a: Amoonguss
|move|p1b: Torkoal|Clear Smog|p2a: Chesnaught
|-supereffective|p2a: Chesnaught
|-damage|p2a: Chesnaught|63/100 brn
|-clearboost|p2a: Chesnaught
|
|-weather|SunnyDay|[upkeep]
|-heal|p2b: Rillaboom|96/100|[from] Grassy Terrain
|-heal|p2a: Chesnaught|70/100 brn|[from] Grassy Terrain
|-heal|p1a: Amoonguss|70/100|[from] Grassy Terrain
|-heal|p1b: Torkoal|31/100|[from] Grassy Terrain
|-damage|p2a: Chesnaught|63/100 brn|[from] brn
|upkeep
|turn|10
|c|☆JustAddBacon|no no no I forgor
|inactive|JustAddBacon has 30 seconds left.
|inactive|JustAddBacon has 20 seconds left.
|inactive|JustAddBacon has 15 seconds left.
|
|t:|1757739222
|move|p2b: Rillaboom|Knock Off|p1b: Torkoal
|-damage|p1b: Torkoal|12/100
|-enditem|p1b: Torkoal|Covert Cloak|[from] move: Knock Off|[of] p2b: Rillaboom
|move|p2a: Chesnaught|Belly Drum|p2a: Chesnaught
|-damage|p2a: Chesnaught|13/100 brn
|-setboost|p2a: Chesnaught|atk|6|[from] move: Belly Drum
|move|p1a: Amoonguss|Pollen Puff|p1b: Torkoal
|-heal|p1b: Torkoal|62/100
|move|p1b: Torkoal|Will-O-Wisp|p2b: Rillaboom
|-status|p2b: Rillaboom|brn
|
|-weather|SunnyDay|[upkeep]
|-heal|p2b: Rillaboom|100/100 brn|[from] Grassy Terrain
|-heal|p2a: Chesnaught|20/100 brn|[from] Grassy Terrain
|-heal|p1a: Amoonguss|76/100|[from] Grassy Terrain
|-heal|p1b: Torkoal|68/100|[from] Grassy Terrain
|-damage|p2b: Rillaboom|95/100 brn|[from] brn
|-damage|p2a: Chesnaught|13/100 brn|[from] brn
|upkeep
|turn|11
|inactive|Pickle315 has 30 seconds left.
|inactive|JustAddBacon has 30 seconds left.
|
|t:|1757739252
|switch|p1a: Kingambit|Kingambit, L50, F|100/100
|move|p2a: Chesnaught|Spiky Shield|p2a: Chesnaught
|-singleturn|p2a: Chesnaught|move: Protect
|move|p2b: Rillaboom|U-turn|p1b: Torkoal
|-resisted|p1b: Torkoal
|-damage|p1b: Torkoal|64/100
|
|t:|1757739258
|switch|p2b: Sinistcha|Sinistcha-Masterpiece, L50|100/100|[from] U-turn
|-heal|p2a: Chesnaught|38/100 brn|[from] ability: Hospitality|[of] p2b: Sinistcha
|move|p1b: Torkoal|Clear Smog|p2a: Chesnaught
|-activate|p2a: Chesnaught|move: Protect
|
|-weather|SunnyDay|[upkeep]
|-heal|p2a: Chesnaught|44/100 brn|[from] Grassy Terrain
|-heal|p1b: Torkoal|71/100|[from] Grassy Terrain
|-damage|p2a: Chesnaught|38/100 brn|[from] brn
|upkeep
|turn|12
|
|t:|1757739282
|switch|p1a: Amoonguss|Amoonguss, L50, M|100/100
|move|p2b: Sinistcha|Rage Powder|p2b: Sinistcha
|-singleturn|p2b: Sinistcha|move: Rage Powder
|move|p2a: Chesnaught|Drain Punch|p1b: Torkoal
|-damage|p1b: Torkoal|35/100
|-heal|p2a: Chesnaught|55/100 brn|[from] drain|[of] p1b: Torkoal
|move|p1b: Torkoal|Clear Smog|p2b: Sinistcha
|-damage|p2b: Sinistcha|89/100
|-clearboost|p2b: Sinistcha
|
|-weather|none
|-heal|p2a: Chesnaught|61/100 brn|[from] Grassy Terrain
|-heal|p2b: Sinistcha|95/100|[from] Grassy Terrain
|-heal|p2b: Sinistcha|100/100|[from] item: Leftovers
|-heal|p1b: Torkoal|41/100|[from] Grassy Terrain
|-damage|p2a: Chesnaught|55/100 brn|[from] brn
|-fieldend|move: Grassy Terrain
|upkeep
|turn|13
|inactive|Pickle315 has 30 seconds left.
|
|t:|1757739308
|move|p2b: Sinistcha|Rage Powder|p2b: Sinistcha
|-singleturn|p2b: Sinistcha|move: Rage Powder
|move|p2a: Chesnaught|Drain Punch|p1b: Torkoal
|-damage|p1b: Torkoal|0 fnt
|-heal|p2a: Chesnaught|73/100 brn|[from] drain|[of] p1b: Torkoal
|faint|p1b: Torkoal
|move|p1a: Amoonguss|Pollen Puff|p1: Torkoal|[notarget]
|-fail|p1a: Amoonguss
|
|-damage|p2a: Chesnaught|67/100 brn|[from] brn
|upkeep
|
|t:|1757739317
|switch|p1b: Kingambit|Kingambit, L50, F|100/100
|turn|14
|
|t:|1757739334
|move|p2b: Sinistcha|Rage Powder|p2b: Sinistcha
|-singleturn|p2b: Sinistcha|move: Rage Powder
|move|p1b: Kingambit|Sucker Punch||[still]
|-fail|p1b: Kingambit
|move|p2a: Chesnaught|Drain Punch|p1b: Kingambit
|-supereffective|p1b: Kingambit
|-damage|p1b: Kingambit|0 fnt
|-heal|p2a: Chesnaught|100/100 brn|[from] drain|[of] p1b: Kingambit
|faint|p1b: Kingambit
|move|p1a: Amoonguss|Pollen Puff|p1: Kingambit|[notarget]
|-fail|p1a: Amoonguss
|
|-damage|p2a: Chesnaught|94/100 brn|[from] brn
|upkeep
|turn|15
|
|t:|1757739352
|move|p2a: Chesnaught|Drain Punch|p1a: Amoonguss
|-resisted|p1a: Amoonguss
|-damage|p1a: Amoonguss|62/100
|-heal|p2a: Chesnaught|100/100 brn|[from] drain|[of] p1a: Amoonguss
|-damage|p2a: Chesnaught|84/100 brn|[from] item: Rocky Helmet|[of] p1a: Amoonguss
|move|p2b: Sinistcha|Matcha Gotcha|p1a: Amoonguss
|-resisted|p1a: Amoonguss
|-damage|p1a: Amoonguss|55/100
|move|p1a: Amoonguss|Pollen Puff|p2a: Chesnaught
|-immune|p2a: Chesnaught|[from] ability: Bulletproof
|
|-damage|p2a: Chesnaught|78/100 brn|[from] brn
|upkeep
|turn|16
|inactive|JustAddBacon has 30 seconds left.
|inactive|JustAddBacon has 20 seconds left.
|-message|Pickle315 forfeited.
|
|win|JustAddBacon
|raw|Pickle315's rating: 1079 → 1059(-20 for losing)
|raw|JustAddBacon's rating: 1108 → 1131(+23 for winning)
