|j|‽12dasda
|j|☆eqwwe
|html|12dasdaeqwwe    
|uhtml|bestof|Game 2 of a best-of-3
|t:|1783622758
|gametype|doubles
|player|p1|12dasda|170|1070
|player|p2|eqwwe|265|1026
|gen|9
|tier|[Gen 9 Champions] VGC 2026 Reg M-B (Bo3)
|rated|
|rule|Species Clause: Limit one of each Pokémon
|rule|Item Clause: Limit 1 of each item
|clearpoke
|poke|p1|Pelipper, L50, F|
|poke|p1|Basculegion, L50, M|
|poke|p1|Farigiraf, L50, M|
|poke|p1|Gholdengo, L50|
|poke|p1|Scizor, L50, M|
|poke|p1|Raichu, L50, F|
|poke|p2|Annihilape, L50, M|
|poke|p2|Grimmsnarl, L50, M|
|poke|p2|Charizard, L50, M|
|poke|p2|Mawile, L50, F|
|poke|p2|Empoleon, L50, F|
|poke|p2|Farigiraf, L50, M|
|teampreview|4
|showteam|p1|Pelipper||FocusSash|Drizzle|Protect,Hurricane,WeatherBall,Tailwind|Bold||F|||50|]Basculegion||ChoiceScarf|Adaptability|AquaJet,WaveCrash,LastRespects,FlipTurn|Jolly||M|||50|]Farigiraf||SitrusBerry|ArmorTail|TrickRoom,Psychic,HelpingHand,Protect|Sassy||M|||50|]Gholdengo||LifeOrb|GoodasGold|Protect,MakeItRain,ShadowBall,NastyPlot|Modest|||||50|]Scizor||Scizorite|Technician|BulletPunch,SwordsDance,BugBite,Protect|Adamant||M|||50|]Raichu||RaichuniteY|Static|FakeOut,Protect,ZapCannon,FocusBlast|Hasty||F|||50|
|showteam|p2|Annihilape||Leftovers|Defiant|BulkUp,RageFist,DrainPunch,Protect|Brave||M|||50|]Grimmsnarl||LightClay|Prankster|LightScreen,Reflect,FoulPlay,SpiritBreak|Careful||M|||50|]Charizard||CharizarditeY|Blaze|WeatherBall,SolarBeam,HeatWave,Protect|Modest||M|||50|]Mawile||Mawilite|Intimidate|SuckerPunch,IronHead,PlayRough,RockSlide|Brave||F|||50|]Empoleon||WacanBerry|Competitive|FlashCannon,IceBeam,Roost,Protect|Quiet||F|||50|]Farigiraf||SitrusBerry|ArmorTail|TrickRoom,HelpingHand,Psychic,Protect|Sassy||M|||50|
|j| EstelVgc
|
|t:|1783622775
|teamsize|p1|4
|teamsize|p2|4
|start
|switch|p1a: Raichu|Raichu, L50, F|100/100
|switch|p1b: Basculegion|Basculegion, L50, M|100/100
|switch|p2a: Grimmsnarl|Grimmsnarl, L50, M|100/100
|switch|p2b: Annihilape|Annihilape, L50, M|100/100
|turn|1
|inactive|Battle timer is ON: inactive players will automatically lose when time's up. (requested by 12dasda)
|
|t:|1783622796
|detailschange|p1a: Raichu|Raichu-Mega-Y, L50, F
|-mega|p1a: Raichu|Raichu|Raichunite Y
|move|p2b: Annihilape|Protect|p2b: Annihilape
|-singleturn|p2b: Annihilape|Protect
|move|p1b: Basculegion|Flip Turn|p2b: Annihilape
|-activate|p2b: Annihilape|move: Protect
|move|p1a: Raichu|Zap Cannon|p2b: Annihilape
|-activate|p2b: Annihilape|move: Protect
|move|p2a: Grimmsnarl|Foul Play|p1b: Basculegion
|-supereffective|p1b: Basculegion|1
|-damage|p1b: Basculegion|0 fnt
|faint|p1b: Basculegion
|
|upkeep
|
|t:|1783622803
|switch|p1b: Gholdengo|Gholdengo, L50|100/100
|turn|2
|
|t:|1783622820
|move|p2a: Grimmsnarl|Light Screen|p2a: Grimmsnarl
|-sidestart|p2: eqwwe|move: Light Screen
|move|p1a: Raichu|Zap Cannon|p2b: Annihilape
|-damage|p2b: Annihilape|60/100
|-status|p2b: Annihilape|par
|move|p1b: Gholdengo|Nasty Plot|p1b: Gholdengo
|-boost|p1b: Gholdengo|spa|2
|move|p2b: Annihilape|Drain Punch|p1a: Raichu
|-damage|p1a: Raichu|6/100
|-heal|p2b: Annihilape|91/100 par|[from] drain|[of] p1a: Raichu
|
|-heal|p2b: Annihilape|97/100 par|[from] item: Leftovers
|upkeep
|turn|3
|
|t:|1783622837
|move|p2b: Annihilape|Protect|p2b: Annihilape
|-singleturn|p2b: Annihilape|Protect
|move|p1a: Raichu|Zap Cannon|p2a: Grimmsnarl
|-damage|p2a: Grimmsnarl|53/100
|-status|p2a: Grimmsnarl|par
|move|p1b: Gholdengo|Shadow Ball|p2b: Annihilape
|-activate|p2b: Annihilape|move: Protect
|move|p2a: Grimmsnarl|Foul Play|p1b: Gholdengo
|-supereffective|p1b: Gholdengo|1
|-damage|p1b: Gholdengo|62/100
|
|-heal|p2b: Annihilape|100/100 par|[from] item: Leftovers
|upkeep
|turn|4
|
|t:|1783622854
|move|p1a: Raichu|Zap Cannon|p2b: Annihilape
|-damage|p2b: Annihilape|55/100 par
|move|p1b: Gholdengo|Make It Rain|p2b: Annihilape|[spread] p2a,p2b
|-supereffective|p2a: Grimmsnarl|1
|-damage|p2a: Grimmsnarl|0 fnt
|-damage|p2b: Annihilape|0 fnt
|-unboost|p1b: Gholdengo|spa|2
|faint|p2a: Grimmsnarl
|faint|p2b: Annihilape
|-damage|p1b: Gholdengo|53/100|[from] item: Life Orb
|
|upkeep
|
|t:|1783622863
|switch|p2b: Empoleon|Empoleon, L50, F|100/100
|switch|p2a: Mawile|Mawile, L50, F|100/100
|-ability|p2a: Mawile|Intimidate|boost
|-unboost|p1a: Raichu|atk|1
|-unboost|p1b: Gholdengo|atk|1
|turn|5
|
|t:|1783622884
|switch|p1a: Pelipper|Pelipper, L50, F|100/100
|-weather|RainDance|[from] ability: Drizzle|[of] p1a: Pelipper
|detailschange|p2a: Mawile|Mawile-Mega, L50, F
|-mega|p2a: Mawile|Mawile|Mawilite
|move|p2b: Empoleon|Protect|p2b: Empoleon
|-singleturn|p2b: Empoleon|Protect
|move|p2a: Mawile|Sucker Punch||[still]
|-fail|p2a: Mawile
|move|p1b: Gholdengo|Nasty Plot|p1b: Gholdengo
|-boost|p1b: Gholdengo|spa|2
|
|-weather|RainDance|[upkeep]
|upkeep
|turn|6
|
|t:|1783622905
|move|p1b: Gholdengo|Protect|p1b: Gholdengo
|-singleturn|p1b: Gholdengo|Protect
|move|p1a: Pelipper|Weather Ball|p2a: Mawile
|-damage|p2a: Mawile|62/100
|move|p2b: Empoleon|Flash Cannon|p1b: Gholdengo
|-activate|p1b: Gholdengo|move: Protect
|move|p2a: Mawile|Rock Slide|p1a: Pelipper|[spread] p1a
|-activate|p1b: Gholdengo|move: Protect
|-supereffective|p1a: Pelipper|1
|-damage|p1a: Pelipper|42/100
|
|-weather|RainDance|[upkeep]
|upkeep
|turn|7
|
|t:|1783622929
|switch|p1b: Raichu|Raichu-Mega-Y, L50, F|6/100
|move|p2a: Mawile|Sucker Punch||[still]
|-fail|p2a: Mawile
|move|p1a: Pelipper|Weather Ball|p2a: Mawile
|-damage|p2a: Mawile|22/100
|move|p2b: Empoleon|Ice Beam|p1a: Pelipper
|-damage|p1a: Pelipper|4/100
|-status|p1a: Pelipper|frz
|
|-weather|RainDance|[upkeep]
|upkeep
|turn|8
|
|t:|1783622946
|switch|p1b: Gholdengo|Gholdengo, L50|53/100
|cant|p1a: Pelipper|frz
|move|p2b: Empoleon|Flash Cannon|p1b: Gholdengo
|-resisted|p1b: Gholdengo|1
|-crit|p1b: Gholdengo
|-damage|p1b: Gholdengo|24/100
|move|p2a: Mawile|Rock Slide|p1a: Pelipper|[spread] p1a,p1b
|-supereffective|p1a: Pelipper|1
|-resisted|p1b: Gholdengo|1
|-damage|p1a: Pelipper|0 fnt
|-damage|p1b: Gholdengo|7/100
|faint|p1a: Pelipper
|
|-weather|RainDance|[upkeep]
|upkeep
|
|t:|1783622948
|switch|p1a: Raichu|Raichu-Mega-Y, L50, F|6/100
|turn|9
|
|t:|1783622962
|move|p2b: Empoleon|Protect|p2b: Empoleon
|-singleturn|p2b: Empoleon|Protect
|move|p1a: Raichu|Fake Out|p2a: Mawile
|-resisted|p2a: Mawile|1
|-damage|p2a: Mawile|18/100
|cant|p2a: Mawile|flinch
|move|p1b: Gholdengo|Shadow Ball|p2a: Mawile
|-damage|p2a: Mawile|0 fnt
|faint|p2a: Mawile
|-damage|p1b: Gholdengo|0 fnt|[from] item: Life Orb
|faint|p1b: Gholdengo
|
|-weather|none
|-sideend|p2: eqwwe|move: Light Screen
|upkeep
|turn|10
|
|t:|1783622974
|move|p1a: Raichu|Zap Cannon|p2b: Empoleon
|-supereffective|p2b: Empoleon|1
|-enditem|p2b: Empoleon|Wacan Berry|[eat]
|-enditem|p2b: Empoleon|Wacan Berry|[weaken]
|-damage|p2b: Empoleon|32/100
|-status|p2b: Empoleon|par
|cant|p2b: Empoleon|par
|
|upkeep
|turn|11
|
|t:|1783622984
|move|p1a: Raichu|Zap Cannon|p2b: Empoleon
|-supereffective|p2b: Empoleon|1
|-damage|p2b: Empoleon|0 fnt
|faint|p2b: Empoleon
|
|win|12dasda
|raw|12dasda's rating: 1070 → 1096(+26 for winning)
|raw|eqwwe's rating: 1026 → 1014(-12 for losing)
|l|‽12dasda
|player|p1|
|l| EstelVgc
