|j|☆Cwisbt
|j|☆joey
|html|Cwisbtjoey    
|uhtml|bestof|Game 1 of a best-of-3
|t:|1784431446
|gametype|doubles
|player|p1|Cwisbt|170|
|player|p2|joey|#gcplgrapes|
|gen|9
|tier|[Gen 9 Champions] VGC 2026 Reg M-B (Bo3)
|rule|Species Clause: Limit one of each Pokémon
|rule|Item Clause: Limit 1 of each item
|clearpoke
|poke|p1|Raichu, L50, F|
|poke|p1|Mamoswine, L50, F|
|poke|p1|Gholdengo, L50|
|poke|p1|Sylveon, L50, M|
|poke|p1|Talonflame, L50, F|
|poke|p1|Froslass, L50, F|
|poke|p2|Charizard, L50, M|
|poke|p2|Maushold, L50|
|poke|p2|Annihilape, L50, M|
|poke|p2|Simipour, L50, F, shiny|
|poke|p2|Venusaur, L50, F|
|poke|p2|Skarmory, L50, F|
|teampreview|4
|showteam|p1|Raichu||RaichuniteY|LightningRod|Protect,ZapCannon,FocusBlast,Encore|Timid||F|||50|]Mamoswine||FocusSash|Oblivious|Protect,IcicleCrash,IceShard,HighHorsepower|Adamant||F|||50|]Gholdengo||LifeOrb|GoodasGold|Protect,MakeItRain,ShadowBall,PowerGem|Modest|||||50|]Sylveon||FairyFeather|Pixilate|Protect,HyperVoice,HyperBeam,QuickAttack|Modest||M|||50|]Talonflame||SharpBeak|GaleWings|QuickGuard,DualWingbeat,SunnyDay,Tailwind|Jolly||F|||50|]Froslass||Froslassite|CursedBody|Protect,Blizzard,ShadowBall,Taunt|Timid||F|||50|
|showteam|p2|Charizard||CharizarditeY|Blaze|HeatWave,WeatherBall,SolarBeam,Protect|Timid||M|||50|]Maushold||WideLens|FriendGuard|BeatUp,PopulationBomb,FollowMe,Protect|Jolly|||||50|]Annihilape||RoseliBerry|Defiant|RageFist,DrainPunch,BulkUp,Protect|Adamant||M|||50|]Simipour||FocusSash|Torrent|FakeOut,Scald,IcyWind,Protect|Timid||F|||50|]Venusaur||LifeOrb|Chlorophyll|SludgeBomb,GigaDrain,EarthPower,Protect|Modest||F|||50|]Skarmory||Skarmorite|KeenEye|IronHead,BraveBird,SwordsDance,Protect|Jolly||F|||50|
|inactive|Battle timer is ON: inactive players will automatically lose when time's up. (requested by joey)
|inactive|Cwisbt also wants the timer to be on.
|inactive|joey no longer wants the timer on, but the timer is staying on because cwisbt still does.
|c|☆joey|gl!
|inactiveoff|Battle timer is now OFF.
|c|☆Cwisbt|Glhf
|
|t:|1784431551
|teamsize|p1|4
|teamsize|p2|4
|start
|switch|p1a: Talonflame|Talonflame, L50, F|100/100
|switch|p1b: Raichu|Raichu, L50, F|100/100
|switch|p2a: Incineroаr|Simipour, L50, F, shiny|100/100
|switch|p2b: Determinate|Annihilape, L50, M|100/100
|turn|1
|
|t:|1784431571
|detailschange|p1b: Raichu|Raichu-Mega-Y, L50, F
|-mega|p1b: Raichu|Raichu|Raichunite Y
|move|p1a: Talonflame|Quick Guard|p1a: Talonflame
|-singleturn|p1a: Talonflame|Quick Guard
|move|p2a: Incineroаr|Fake Out|p1a: Talonflame
|-activate|p1a: Talonflame|move: Quick Guard
|move|p1b: Raichu|Zap Cannon|p2a: Incineroаr
|-supereffective|p2a: Incineroаr|1
|-enditem|p2a: Incineroаr|Focus Sash
|-damage|p2a: Incineroаr|1/100
|-status|p2a: Incineroаr|par
|move|p2b: Determinate|Bulk Up|p2b: Determinate
|-boost|p2b: Determinate|atk|1
|-boost|p2b: Determinate|def|1
|
|upkeep
|turn|2
|
|t:|1784431594
|move|p1a: Talonflame|Tailwind|p1a: Talonflame
|-sidestart|p1: Cwisbt|move: Tailwind
|move|p1b: Raichu|Zap Cannon|p2b: Determinate
|-damage|p2b: Determinate|37/100
|-status|p2b: Determinate|par
|move|p2a: Incineroаr|Icy Wind|p1b: Raichu|[spread] p1a,p1b
|-damage|p1a: Talonflame|83/100
|-damage|p1b: Raichu|84/100
|-unboost|p1a: Talonflame|spe|1
|-unboost|p1b: Raichu|spe|1
|move|p2b: Determinate|Drain Punch|p1b: Raichu
|-damage|p1b: Raichu|0 fnt
|-heal|p2b: Determinate|65/100 par|[from] drain|[of] p1b: Raichu
|faint|p1b: Raichu
|
|upkeep
|
|t:|1784431602
|switch|p1b: Sylveon|Sylveon, L50, M|100/100
|turn|3
|
|t:|1784431625
|move|p1a: Talonflame|Dual Wingbeat|p2b: Determinate|[miss]
|-miss|p1a: Talonflame|p2b: Determinate
|move|p1b: Sylveon|Hyper Voice|p2b: Determinate|[spread] p2a,p2b
|-supereffective|p2b: Determinate|1
|-enditem|p2b: Determinate|Roseli Berry|[eat]
|-enditem|p2b: Determinate|Roseli Berry|[weaken]
|-damage|p2a: Incineroаr|0 fnt
|-damage|p2b: Determinate|21/100 par
|faint|p2a: Incineroаr
|move|p2b: Determinate|Rage Fist|p1b: Sylveon
|-damage|p1b: Sylveon|0 fnt
|faint|p1b: Sylveon
|
|upkeep
|
|t:|1784431636
|switch|p2a: Rizz God|Charizard, L50, M|100/100
|switch|p1b: Gholdengo|Gholdengo, L50|100/100
|turn|4
|
|t:|1784431646
|detailschange|p2a: Rizz God|Charizard-Mega-Y, L50, M
|-mega|p2a: Rizz God|Charizard|Charizardite Y
|-weather|SunnyDay|[from] ability: Drought|[of] p2a: Rizz God
|move|p1b: Gholdengo|Power Gem|p2a: Rizz God
|-supereffective|p2a: Rizz God|2
|-damage|p2a: Rizz God|0 fnt
|faint|p2a: Rizz God
|-damage|p1b: Gholdengo|90/100|[from] item: Life Orb
|move|p1a: Talonflame|Dual Wingbeat|p2b: Determinate
|-supereffective|p2b: Determinate|1
|-damage|p2b: Determinate|0 fnt
|faint|p2b: Determinate
|-hitcount|p2: Determinate|1
|
|-weather|SunnyDay|[upkeep]
|upkeep
|
|t:|1784431656
|switch|p2a: Vileplumе|Venusaur, L50, F|100/100
|turn|5
|
|t:|1784431665
|move|p1b: Gholdengo|Protect|p1b: Gholdengo
|-singleturn|p1b: Gholdengo|Protect
|move|p2a: Vileplumе|Sludge Bomb|p1a: Talonflame
|-damage|p1a: Talonflame|0 fnt
|faint|p1a: Talonflame
|-damage|p2a: Vileplumе|90/100|[from] item: Life Orb
|
|-weather|SunnyDay|[upkeep]
|-sideend|p1: Cwisbt|move: Tailwind
|upkeep
|turn|6
|
|t:|1784431671
|move|p2a: Vileplumе|Earth Power|p1b: Gholdengo
|-supereffective|p1b: Gholdengo|1
|-damage|p1b: Gholdengo|6/100
|-damage|p2a: Vileplumе|80/100|[from] item: Life Orb
|move|p1b: Gholdengo|Make It Rain|p2a: Vileplumе
|-damage|p2a: Vileplumе|0 fnt
|-unboost|p1b: Gholdengo|spa|2
|faint|p2a: Vileplumе
|-damage|p1b: Gholdengo|0 fnt|[from] item: Life Orb
|faint|p1b: Gholdengo
|
|win|Cwisbt
||joey is ready for game 2.
||Cwisbt is ready for game 2.
|uhtml|next|Next: Game 2 of 3
