|j|☆EyeSoLazy_yt
|j|☆Pastel Hyper
|html|EyeSoLazy_ytPastel Hyper    
|uhtml|bestof|Game 1 of a best-of-3
|t:|1783896791
|gametype|doubles
|player|p1|EyeSoLazy_yt|1|1000
|player|p2|Pastel Hyper|101|1025
|gen|9
|tier|[Gen 9 Champions] VGC 2026 Reg M-B (Bo3)
|rated|
|rule|Species Clause: Limit one of each Pokémon
|rule|Item Clause: Limit 1 of each item
|clearpoke
|poke|p1|Malamar, L50, F, shiny|
|poke|p1|Barbaracle, L50, F|
|poke|p1|Hydrapple, L50, F, shiny|
|poke|p1|Ditto, L50, shiny|
|poke|p1|Staraptor, L50, F, shiny|
|poke|p1|Glalie, L50, F, shiny|
|poke|p2|Froslass, L50, F|
|poke|p2|Lycanroc-Dusk, L50, M|
|poke|p2|Rotom-Mow, L50|
|poke|p2|Whimsicott, L50, F|
|poke|p2|Metagross, L50|
|poke|p2|Glaceon, L50, F|
|teampreview|4
|showteam|p1|Malamar||Malamarite|Contrary|FoulPlay,Protect,FakeTears,TrickRoom|Relaxed||F|||50|]Barbaracle||RindoBerry|ToughClaws|AquaCutter,Earthquake,CloseCombat,DragonClaw|Adamant||F|||50|]Hydrapple||LifeOrb|SupersweetSyrup|DracoMeteor,HydroPump,LeafStorm,FickleBeam|Serious||F|||50|]Ditto||ChoiceScarf|Imposter|Transform|Timid|||||50|]Staraptor||Leftovers|Intimidate|Acrobatics,DualWingbeat,Tailwind,BlazeKick|Jolly||F|||50|]Glalie||MentalHerb|Moody|Explosion,FreezeDry,Substitute,Protect|Timid||F|||50|
|showteam|p2|Froslass||Froslassite|CursedBody|AuroraVeil,Blizzard,ShadowBall,Protect|Serious||F|||50|]Lycanroc-Dusk||WideLens|ToughClaws|CloseCombat,Accelerock,Protect,Taunt|Jolly||M|||50|]Rotom-Mow||ChoiceScarf|Levitate|LeafStorm,VoltSwitch,Thunderbolt,Trick|Timid|||||50|]Whimsicott||FocusSash|Prankster|Tailwind,Protect,Moonblast,GigaDrain|Timid||F|||50|]Metagross||Metagrossite|ClearBody|PsychicFangs,BulletPunch,MeteorMash,Protect|Jolly|||||50|]Glaceon||BrightPowder|SnowCloak|FreezeDry,Blizzard,Protect,HelpingHand|Modest||F|||50|
|
|t:|1783896825
|teamsize|p1|4
|teamsize|p2|4
|start
|switch|p1a: Malamar|Malamar, L50, F, shiny|100/100
|switch|p1b: Glalie|Glalie, L50, F, shiny|100/100
|switch|p2a: Froslass|Froslass, L50, F|100/100
|switch|p2b: Glaceon|Glaceon, L50, F|100/100
|turn|1
|
|t:|1783896845
|detailschange|p1a: Malamar|Malamar-Mega, L50, F, shiny
|-mega|p1a: Malamar|Malamar|Malamarite
|move|p2a: Froslass|Protect|p2a: Froslass
|-singleturn|p2a: Froslass|Protect
|move|p1b: Glalie|Protect|p1b: Glalie
|-singleturn|p1b: Glalie|Protect
|move|p2b: Glaceon|Freeze-Dry|p1a: Malamar
|-damage|p1a: Malamar|67/100
|move|p1a: Malamar|Trick Room|p1a: Malamar
|-fieldstart|move: Trick Room|[of] p1a: Malamar
|
|-ability|p1b: Glalie|Moody|boost
|-boost|p1b: Glalie|spd|2
|-unboost|p1b: Glalie|spe|1
|upkeep
|turn|2
|
|t:|1783896882
|switch|p2a: Metagross|Metagross, L50|100/100
|move|p2b: Glaceon|Blizzard|p1a: Malamar|[spread] 
|-miss|p2b: Glaceon|p1a: Malamar
|-miss|p2b: Glaceon|p1b: Glalie
|move|p1b: Glalie|Substitute|p1b: Glalie
|-start|p1b: Glalie|Substitute
|-damage|p1b: Glalie|75/100
|move|p1a: Malamar|Fake Tears|p2b: Glaceon
|-unboost|p2b: Glaceon|spd|2
|
|-ability|p1b: Glalie|Moody|boost
|-boost|p1b: Glalie|def|2
|-unboost|p1b: Glalie|spe|1
|upkeep
|turn|3
|
|t:|1783896920
|move|p2b: Glaceon|Helping Hand|p2a: Metagross
|-singleturn|p2a: Metagross|Helping Hand|[of] p2b: Glaceon
|move|p1b: Glalie|Protect|p1b: Glalie
|-singleturn|p1b: Glalie|Protect
|move|p1a: Malamar|Foul Play|p2a: Metagross
|-supereffective|p2a: Metagross|1
|-damage|p2a: Metagross|7/100
|move|p2a: Metagross|Meteor Mash|p1a: Malamar
|-damage|p1a: Malamar|8/100
|
|-ability|p1b: Glalie|Moody|boost
|-boost|p1b: Glalie|spa|2
|-unboost|p1b: Glalie|spd|1
|upkeep
|turn|4
|
|t:|1783896943
|move|p2a: Metagross|Protect|p2a: Metagross
|-singleturn|p2a: Metagross|Protect
|move|p1b: Glalie|Freeze-Dry|p2a: Metagross
|-activate|p2a: Metagross|move: Protect
|move|p2b: Glaceon|Blizzard|p1b: Glalie|[spread] p1a,p1b
|-resisted|p1b: Glalie|1
|-activate|p1b: Glalie|move: Substitute|[damage]
|-damage|p1a: Malamar|0 fnt
|faint|p1a: Malamar
|
|-ability|p1b: Glalie|Moody|boost
|-boost|p1b: Glalie|def|2
|-unboost|p1b: Glalie|spe|1
|upkeep
|
|t:|1783896956
|switch|p1a: Barbaracle|Barbaracle, L50, F|100/100
|turn|5
|
|t:|1783896973
|switch|p2a: Froslass|Froslass, L50, F|100/100
|move|p2b: Glaceon|Protect|p2b: Glaceon
|-singleturn|p2b: Glaceon|Protect
|move|p1b: Glalie|Freeze-Dry|p2a: Froslass
|-resisted|p2a: Froslass|1
|-damage|p2a: Froslass|70/100
|move|p1a: Barbaracle|Close Combat|p2b: Glaceon
|-activate|p2b: Glaceon|move: Protect
|
|-fieldend|move: Trick Room
|-ability|p1b: Glalie|Moody|boost
|-boost|p1b: Glalie|spa|2
|-unboost|p1b: Glalie|def|1
|upkeep
|turn|6
|
|t:|1783897003
|move|p1b: Glalie|Protect|p1b: Glalie
|-singleturn|p1b: Glalie|Protect
|move|p2a: Froslass|Shadow Ball|p1b: Glalie
|-activate|p1b: Glalie|move: Protect
|move|p1a: Barbaracle|Close Combat|p2b: Glaceon
|-supereffective|p2b: Glaceon|1
|-damage|p2b: Glaceon|0 fnt
|-unboost|p1a: Barbaracle|def|1
|-unboost|p1a: Barbaracle|spd|1
|faint|p2b: Glaceon
|
|-ability|p1b: Glalie|Moody|boost
|-boost|p1b: Glalie|spe|2
|-unboost|p1b: Glalie|atk|1
|upkeep
|
|t:|1783897018
|switch|p2b: Metagross|Metagross, L50|7/100
|turn|7
|
|t:|1783897053
|move|p2b: Metagross|Protect|p2b: Metagross
|-singleturn|p2b: Metagross|Protect
|move|p2a: Froslass|Shadow Ball|p1b: Glalie
|-end|p1b: Glalie|Substitute
|move|p1b: Glalie|Explosion|p2a: Froslass|[spread] p1a
|-activate|p2b: Metagross|move: Protect
|-immune|p2a: Froslass
|-resisted|p1a: Barbaracle|1
|-damage|p1a: Barbaracle|83/100
|faint|p1b: Glalie
|move|p1a: Barbaracle|Aqua Cutter|p2a: Froslass
|-crit|p2a: Froslass
|-damage|p2a: Froslass|0 fnt
|faint|p2a: Froslass
|
|upkeep
|
|t:|1783897066
|switch|p2a: Lycanroc|Lycanroc-Dusk, L50, M|100/100
|switch|p1b: Ditto|Ditto, L50, shiny|100/100
|-transform|p1b: Ditto|p2a: Lycanroc|[from] ability: Imposter
|turn|8
|
|t:|1783897080
|detailschange|p2b: Metagross|Metagross-Mega, L50
|-mega|p2b: Metagross|Metagross|Metagrossite
|move|p2a: Lycanroc|Protect|p2a: Lycanroc
|-singleturn|p2a: Lycanroc|Protect
|move|p1b: Ditto|Close Combat|p2b: Metagross
|-damage|p2b: Metagross|0 fnt
|-unboost|p1b: Ditto|def|1
|-unboost|p1b: Ditto|spd|1
|faint|p2b: Metagross
|move|p1a: Barbaracle|Aqua Cutter|p2a: Lycanroc
|-activate|p2a: Lycanroc|move: Protect
|
|upkeep
|turn|9
|
|t:|1783897093
|move|p1b: Ditto|Close Combat|p2a: Lycanroc
|-supereffective|p2a: Lycanroc|1
|-damage|p2a: Lycanroc|0 fnt
|-unboost|p1b: Ditto|def|1
|-unboost|p1b: Ditto|spd|1
|faint|p2a: Lycanroc
|
|win|EyeSoLazy_yt
|l|☆Pastel Hyper
|player|p2|
||Pastel Hyper is ready for game 2.
|inactive|EyeSoLazy_yt has 30 seconds to confirm battle start!
