|badge|p2|bronze|gen9ou|100-6
|uhtml|medal-msg|Curious what those medals under the avatar are? PS now has Ladder Seasons! For more information, check out the thread on Smogon.
|j|☆Centiskorch18
|j|☆JackRG1
|html|Centiskorch18JackRG1    
|uhtml|bestof|Game 2 of a best-of-3
|t:|1757636937
|gametype|doubles
|player|p1|Centiskorch18|caitlin|1230
|player|p2|JackRG1|dawn-gen4pt|1272
|gen|9
|tier|[Gen 9] VGC 2025 Reg H (Bo3)
|rated|
|rule|Species Clause: Limit one of each Pokémon
|rule|Item Clause: Limit 1 of each item
|clearpoke
|poke|p1|Dragapult, L50, F|
|poke|p1|Sneasler, L50, M|
|poke|p1|Magmar, L50, F|
|poke|p1|Azumarill, L50, M|
|poke|p1|Rillaboom, L50, F|
|poke|p1|Ninetales-Alola, L50, M|
|poke|p2|Tyranitar, L50, M|
|poke|p2|Excadrill, L50, F|
|poke|p2|Milotic, L50, M|
|poke|p2|Reuniclus, L50, M|
|poke|p2|Indeedee-F, L50, F|
|poke|p2|Volcarona, L50, M|
|teampreview|4
|showteam|p1|Dragapult||LifeOrb|ClearBody|TeraBlast,DragonDarts,SuckerPunch,Protect|||F|||50|,,,,,Ghost]Sneasler||FocusSash|PoisonTouch|CloseCombat,DireClaw,FakeOut,Protect|||M|||50|,,,,,Stellar]Magmar||Eviolite|VitalSpirit|Overheat,FollowMe,ClearSmog,Protect|||F|||50|,,,,,Ghost]Azumarill||SitrusBerry|HugePower|AquaJet,PlayRough,BellyDrum,Protect|||M|||50|,,,,,Poison]Rillaboom||AssaultVest|GrassySurge|WoodHammer,GrassyGlide,FakeOut,HighHorsepower|||F|||50|,,,,,Fire]Ninetales-Alola||ChoiceSpecs|SnowWarning|Blizzard,Moonblast,IcyWind,FreezeDry|||M|||50|,,,,,Ghost
|showteam|p2|Tyranitar||AssaultVest|SandStream|RockSlide,KnockOff,LowKick,TeraBlast|||M|||50|,,,,,Flying]Excadrill||FocusSash|SandRush|Earthquake,HighHorsepower,IronHead,Protect|||F|||50|,,,,,Stellar]Milotic||CovertCloak|Competitive|Scald,IcyWind,Haze,Protect|||M|||50|,,,,,Grass]Reuniclus||LifeOrb|MagicGuard|ExpandingForce,TrickRoom,Protect,TeraBlast|||M|||50|,,,,,Fighting]Indeedee-F||SafetyGoggles|PsychicSurge|TrickRoom,Protect,Psychic,FollowMe|||F|||50|,,,,,Fairy]Volcarona||Leftovers|FlameBody|Protect,HeatWave,QuiverDance,GigaDrain|||M|||50|,,,,,Grass
|inactive|Battle timer is ON: inactive players will automatically lose when time's up. (requested by JackRG1)
|inactive|Centiskorch18 also wants the timer to be on.
|c|☆Centiskorch18|glhf
|
|t:|1757636955
|teamsize|p1|4
|teamsize|p2|4
|start
|switch|p1a: Azumarill|Azumarill, L50, M|100/100
|switch|p1b: Sneasler|Sneasler, L50, M|100/100
|switch|p2a: Milotic|Milotic, L50, M|100/100
|switch|p2b: Volcarona|Volcarona, L50, M|100/100
|turn|1
|
|t:|1757636976
|switch|p1a: Magmar|Magmar, L50, F|100/100
|move|p2b: Volcarona|Protect|p2b: Volcarona
|-singleturn|p2b: Volcarona|Protect
|move|p1b: Sneasler|Dire Claw|p2b: Volcarona
|-activate|p2b: Volcarona|move: Protect
|move|p2a: Milotic|Icy Wind|p1b: Sneasler|[spread] p1a,p1b
|-resisted|p1a: Magmar
|-damage|p1a: Magmar|97/100
|-damage|p1b: Sneasler|86/100
|-unboost|p1a: Magmar|spe|1
|-unboost|p1b: Sneasler|spe|1
|
|upkeep
|turn|2
|
|t:|1757636992
|move|p2b: Volcarona|Quiver Dance|p2b: Volcarona
|-boost|p2b: Volcarona|spa|1
|-boost|p2b: Volcarona|spd|1
|-boost|p2b: Volcarona|spe|1
|move|p1b: Sneasler|Dire Claw|p2b: Volcarona
|-damage|p2b: Volcarona|45/100
|move|p2a: Milotic|Scald|p1b: Sneasler
|-damage|p1b: Sneasler|38/100
|move|p1a: Magmar|Overheat|p2b: Volcarona
|-damage|p2b: Volcarona|17/100
|-unboost|p1a: Magmar|spa|2
|
|-heal|p2b: Volcarona|23/100|[from] item: Leftovers
|upkeep
|turn|3
|
|t:|1757637007
|move|p1a: Magmar|Protect|p1a: Magmar
|-singleturn|p1a: Magmar|Protect
|move|p2b: Volcarona|Heat Wave|p1b: Sneasler|[spread] p1b
|-activate|p1a: Magmar|move: Protect
|-damage|p1b: Sneasler|0 fnt
|faint|p1b: Sneasler
|move|p2a: Milotic|Scald|p1a: Magmar
|-activate|p1a: Magmar|move: Protect
|
|-heal|p2b: Volcarona|29/100|[from] item: Leftovers
|upkeep
|
|t:|1757637013
|switch|p1b: Azumarill|Azumarill, L50, M|100/100
|turn|4
|
|t:|1757637027
|switch|p2a: Indeedee|Indeedee-F, L50, F|100/100
|-fieldstart|move: Psychic Terrain|[from] ability: Psychic Surge|[of] p2a: Indeedee
|move|p1a: Magmar|Follow Me|p1a: Magmar
|-singleturn|p1a: Magmar|move: Follow Me
|move|p1b: Azumarill|Aqua Jet|p2b: Volcarona
|-activate|p2b: Volcarona|move: Psychic Terrain
|move|p2b: Volcarona|Giga Drain|p1a: Magmar
|-resisted|p1a: Magmar
|-damage|p1a: Magmar|86/100
|-heal|p2b: Volcarona|34/100|[from] drain|[of] p1a: Magmar
|
|-heal|p2b: Volcarona|40/100|[from] item: Leftovers
|upkeep
|turn|5
|
|t:|1757637051
|switch|p1a: Rillaboom|Rillaboom, L50, F|100/100
|-fieldstart|move: Grassy Terrain|[from] ability: Grassy Surge|[of] p1a: Rillaboom
|move|p1b: Azumarill|Protect|p1b: Azumarill
|-singleturn|p1b: Azumarill|Protect
|move|p2a: Indeedee|Follow Me|p2a: Indeedee
|-singleturn|p2a: Indeedee|move: Follow Me
|move|p2b: Volcarona|Quiver Dance|p2b: Volcarona
|-boost|p2b: Volcarona|spa|1
|-boost|p2b: Volcarona|spd|1
|-boost|p2b: Volcarona|spe|1
|
|-heal|p2b: Volcarona|47/100|[from] Grassy Terrain
|-heal|p2b: Volcarona|53/100|[from] item: Leftovers
|upkeep
|turn|6
|
|t:|1757637068
|switch|p2a: Milotic|Milotic, L50, M|100/100
|move|p2b: Volcarona|Protect|p2b: Volcarona
|-singleturn|p2b: Volcarona|Protect
|move|p1a: Rillaboom|Fake Out|p2b: Volcarona
|-activate|p2b: Volcarona|move: Protect
|move|p1b: Azumarill|Belly Drum|p1b: Azumarill
|-damage|p1b: Azumarill|50/100
|-setboost|p1b: Azumarill|atk|6|[from] move: Belly Drum
|-enditem|p1b: Azumarill|Sitrus Berry|[eat]
|-heal|p1b: Azumarill|75/100|[from] item: Sitrus Berry
|
|-heal|p2b: Volcarona|59/100|[from] Grassy Terrain
|-heal|p2b: Volcarona|65/100|[from] item: Leftovers
|-heal|p1b: Azumarill|81/100|[from] Grassy Terrain
|upkeep
|turn|7
|
|t:|1757637075
|switch|p2a: Indeedee|Indeedee-F, L50, F|100/100
|-fieldstart|move: Psychic Terrain|[from] ability: Psychic Surge|[of] p2a: Indeedee
|-terastallize|p2b: Volcarona|Grass
|-terastallize|p1a: Rillaboom|Fire
|move|p1b: Azumarill|Aqua Jet|p2b: Volcarona
|-activate|p2b: Volcarona|move: Psychic Terrain
|move|p2b: Volcarona|Giga Drain|p1b: Azumarill
|-supereffective|p1b: Azumarill
|-damage|p1b: Azumarill|0 fnt
|-heal|p2b: Volcarona|100/100|[from] drain|[of] p1b: Azumarill
|faint|p1b: Azumarill
|move|p1a: Rillaboom|Wood Hammer|p2a: Indeedee
|-damage|p2a: Indeedee|49/100
|-damage|p1a: Rillaboom|85/100|[from] Recoil
|
|upkeep
|
|t:|1757637081
|switch|p1b: Magmar|Magmar, L50, F|86/100
|turn|8
|
|t:|1757637087
|move|p2a: Indeedee|Follow Me|p2a: Indeedee
|-singleturn|p2a: Indeedee|move: Follow Me
|move|p2b: Volcarona|Heat Wave|p1b: Magmar|[spread] p1a,p1b
|-resisted|p1a: Rillaboom
|-resisted|p1b: Magmar
|-damage|p1a: Rillaboom|64/100
|-damage|p1b: Magmar|65/100
|move|p1a: Rillaboom|Wood Hammer|p2a: Indeedee
|-damage|p2a: Indeedee|0 fnt
|faint|p2a: Indeedee
|-damage|p1a: Rillaboom|49/100|[from] Recoil
|move|p1b: Magmar|Overheat|p2b: Volcarona
|-supereffective|p2b: Volcarona
|-damage|p2b: Volcarona|56/100
|-unboost|p1b: Magmar|spa|2
|
|-heal|p2b: Volcarona|62/100|[from] item: Leftovers
|upkeep
|
|t:|1757637092
|switch|p2a: Milotic|Milotic, L50, M|100/100
|turn|9
|
|t:|1757637099
|move|p2b: Volcarona|Heat Wave|p1a: Rillaboom|[spread] p1a,p1b
|-resisted|p1a: Rillaboom
|-resisted|p1b: Magmar
|-damage|p1a: Rillaboom|28/100
|-damage|p1b: Magmar|46/100
|move|p1a: Rillaboom|Wood Hammer|p2a: Milotic
|-supereffective|p2a: Milotic
|-damage|p2a: Milotic|1/100
|-damage|p1a: Rillaboom|0 fnt|[from] Recoil
|faint|p1a: Rillaboom
|move|p1b: Magmar|Overheat|p2b: Volcarona
|-supereffective|p2b: Volcarona
|-damage|p2b: Volcarona|42/100
|-unboost|p1b: Magmar|spa|2
|move|p2a: Milotic|Scald|p1b: Magmar
|-supereffective|p1b: Magmar
|-damage|p1b: Magmar|3/100
|
|-heal|p2b: Volcarona|48/100|[from] item: Leftovers
|upkeep
|turn|10
|
|t:|1757637104
|move|p1b: Magmar|Follow Me|p1b: Magmar
|-singleturn|p1b: Magmar|move: Follow Me
|move|p2b: Volcarona|Giga Drain|p1b: Magmar
|-resisted|p1b: Magmar
|-damage|p1b: Magmar|0 fnt
|-heal|p2b: Volcarona|49/100|[from] drain|[of] p1b: Magmar
|faint|p1b: Magmar
|
|win|JackRG1
||Centiskorch18 is ready for game 3.
||JackRG1 is ready for game 3.
|uhtml|next|Next: Game 3 of 3
