|j|☆MIMHvgc
|j|☆Chelo.vgc
|html|MIMHvgcChelo.vgc    
|uhtml|bestof|Game 1 of a best-of-3
|t:|1756830040
|gametype|doubles
|player|p1|MIMHvgc|miku-fairy|
|player|p2|Chelo.vgc|benga|
|gen|9
|tier|[Gen 9] VGC 2025 Reg H (Bo3)
|rule|Species Clause: Limit one of each Pokémon
|rule|Item Clause: Limit 1 of each item
|clearpoke
|poke|p1|Annihilape, L50, M|
|poke|p1|Sinistcha, L50|
|poke|p1|Maushold-Four, L50|
|poke|p1|Klefki, L50, F|
|poke|p1|Ursaluna-Bloodmoon, L50, M|
|poke|p1|Ninetales-Alola, L50, F|
|poke|p2|Gholdengo, L50|
|poke|p2|Indeedee-F, L50, F|
|poke|p2|Armarouge, L50, F|
|poke|p2|Ursaluna, L50, F|
|poke|p2|Torkoal, L50, F|
|poke|p2|Lilligant-Hisui, L50, F|
|teampreview|4
|showteam|p1|Annihilape||Leftovers|Defiant|RageFist,DrainPunch,BulkUp,Protect|||M|||50|,,,,,Fire]Sinistcha||SitrusBerry|Hospitality|MatchaGotcha,RagePowder,StrengthSap,LifeDew||||||50|,,,,,Dark]Maushold-Four||SafetyGoggles|FriendGuard|FollowMe,BeatUp,Taunt,HelpingHand||||||50|,,,,,Ghost]Klefki||LightClay|Prankster|DazzlingGleam,Reflect,LightScreen,MistyTerrain|||F|||50|,,,,,Ghost]Ursaluna-Bloodmoon||AssaultVest|MindsEye|EarthPower,BloodMoon,HyperVoice,VacuumWave|||M|||50|,,,,,Normal]Ninetales-Alola||FocusSash|SnowWarning|Blizzard,FreezeDry,Encore,Protect|||F|||50|,,,,,Ghost
|showteam|p2|Gholdengo||LifeOrb|GoodasGold|MakeItRain,Protect,Thunderbolt,ShadowBall||||||50|,,,,,Steel]Indeedee-F||SafetyGoggles|PsychicSurge|Psychic,HelpingHand,TrickRoom,FollowMe|||F|||50|,,,,,Fairy]Armarouge||WeaknessPolicy|FlashFire|TrickRoom,ArmorCannon,ExpandingForce,Protect|||F|||50|,,,,,Grass]Ursaluna||FlameOrb|Guts|Protect,HeadlongRush,Earthquake,Facade|||F|||50|,,,,,Ghost]Torkoal||Charcoal|Drought|HeatWave,Protect,EarthPower,Eruption|||F|||50|,,,,,Fire]Lilligant-Hisui||FocusSash|Chlorophyll|Encore,LeafBlade,CloseCombat,AfterYou|||F|||50|,,,,,Ghost
|
|t:|1756830109
|teamsize|p1|4
|teamsize|p2|4
|start
|switch|p1a: Brandon|Annihilape, L50, M|100/100
|switch|p1b: driving in my car|Klefki, L50, F|100/100
|switch|p2a: frenemy|Indeedee-F, L50, F|100/100
|switch|p2b: moggerman|Armarouge, L50, F|100/100
|-fieldstart|move: Psychic Terrain|[from] ability: Psychic Surge|[of] p2a: frenemy
|turn|1
|
|t:|1756830133
|-terastallize|p1a: Brandon|Fire
|-terastallize|p2b: moggerman|Grass
|move|p2a: frenemy|Helping Hand|p2b: moggerman
|-singleturn|p2b: moggerman|Helping Hand|[of] p2a: frenemy
|move|p1b: driving in my car|Light Screen|p1b: driving in my car
|-sidestart|p1: MIMHvgc|move: Light Screen
|move|p1a: Brandon|Drain Punch|p2a: frenemy
|-damage|p2a: frenemy|64/100
|move|p2b: moggerman|Expanding Force|p1a: Brandon|[spread] p1a,p1b
|-resisted|p1b: driving in my car
|-damage|p1a: Brandon|40/100
|-damage|p1b: driving in my car|71/100
|
|-heal|p1a: Brandon|46/100|[from] item: Leftovers
|upkeep
|turn|2
|
|t:|1756830152
|move|p2a: frenemy|Helping Hand|p2b: moggerman
|-singleturn|p2b: moggerman|Helping Hand|[of] p2a: frenemy
|move|p1b: driving in my car|Misty Terrain|p1b: driving in my car
|-fieldstart|move: Misty Terrain
|move|p1a: Brandon|Drain Punch|p2a: frenemy
|-damage|p2a: frenemy|27/100
|-heal|p1a: Brandon|63/100|[from] drain|[of] p2a: frenemy
|move|p2b: moggerman|Expanding Force|p1a: Brandon
|-damage|p1a: Brandon|22/100
|
|-heal|p1a: Brandon|28/100|[from] item: Leftovers
|upkeep
|turn|3
|
|t:|1756830177
|switch|p1b: Four Loko|Sinistcha, L50|100/100
|-heal|p1a: Brandon|53/100|[from] ability: Hospitality|[of] p1b: Four Loko
|switch|p2a: go to sleep|Lilligant-Hisui, L50, F|100/100
|move|p1a: Brandon|Rage Fist|p2b: moggerman
|-damage|p2b: moggerman|30/100
|move|p2b: moggerman|Armor Cannon|p1b: Four Loko
|-supereffective|p1b: Four Loko
|-damage|p1b: Four Loko|19/100
|-unboost|p2b: moggerman|def|1
|-unboost|p2b: moggerman|spd|1
|-enditem|p1b: Four Loko|Sitrus Berry|[eat]
|-heal|p1b: Four Loko|44/100|[from] item: Sitrus Berry
|
|-heal|p1a: Brandon|59/100|[from] item: Leftovers
|upkeep
|turn|4
|
|t:|1756830211
|move|p2b: moggerman|Protect|p2b: moggerman
|-singleturn|p2b: moggerman|Protect
|move|p2a: go to sleep|Close Combat|p1a: Brandon
|-damage|p1a: Brandon|0 fnt
|-unboost|p2a: go to sleep|def|1
|-unboost|p2a: go to sleep|spd|1
|faint|p1a: Brandon
|move|p1b: Four Loko|Strength Sap|p2a: go to sleep
|-unboost|p2a: go to sleep|atk|1
|-heal|p1b: Four Loko|100/100
|
|upkeep
|
|t:|1756830219
|switch|p1a: driving in my car|Klefki, L50, F|71/100
|turn|5
|
|t:|1756830228
|switch|p2a: turcool|Torkoal, L50, F|100/100
|-weather|SunnyDay|[from] ability: Drought|[of] p2a: turcool
|move|p1a: driving in my car|Reflect|p1a: driving in my car
|-sidestart|p1: MIMHvgc|Reflect
|move|p1b: Four Loko|Life Dew||[still]|[spread] p1a,p1b
|-heal|p1a: driving in my car|96/100
|-fail|p1b: Four Loko|heal
|move|p2b: moggerman|Armor Cannon|p1a: driving in my car
|-supereffective|p1a: driving in my car
|-damage|p1a: driving in my car|0 fnt
|-unboost|p2b: moggerman|def|1
|-unboost|p2b: moggerman|spd|1
|faint|p1a: driving in my car
|
|-weather|SunnyDay|[upkeep]
|upkeep
|
|t:|1756830232
|switch|p1a: Biden Blast|Ursaluna-Bloodmoon, L50, M|100/100
|turn|6
|
|t:|1756830272
|move|p1b: Four Loko|Life Dew||[still]|[still]|[spread] 
|-fail|p1a: Biden Blast|heal
|-fail|p1b: Four Loko|heal
|move|p2b: moggerman|Armor Cannon|p1a: Biden Blast
|-damage|p1a: Biden Blast|55/100
|-unboost|p2b: moggerman|def|1
|-unboost|p2b: moggerman|spd|1
|move|p1a: Biden Blast|Hyper Voice|p2a: turcool|[spread] p2a,p2b
|-damage|p2a: turcool|48/100
|-damage|p2b: moggerman|0 fnt
|faint|p2b: moggerman
|move|p2a: turcool|Eruption|p1b: Four Loko|[spread] p1a,p1b
|-supereffective|p1b: Four Loko
|-damage|p1a: Biden Blast|34/100
|-damage|p1b: Four Loko|50/100
|
|-weather|SunnyDay|[upkeep]
|-fieldend|Misty Terrain
|upkeep
|
|t:|1756830289
|switch|p2b: go to sleep|Lilligant-Hisui, L50, F|100/100
|turn|7
|c|☆MIMHvgc|huh
|c|☆MIMHvgc|I didn’t think sinistcha would be the fastest thing on the field lmao
|
|t:|1756830315
|move|p1a: Biden Blast|Vacuum Wave|p2a: turcool
|-damage|p2a: turcool|29/100
|move|p2b: go to sleep|After You|p2a: turcool
|-activate|p2a: turcool|move: After You
|move|p2a: turcool|Heat Wave|p1b: Four Loko|[spread] p1a,p1b
|-supereffective|p1b: Four Loko
|-damage|p1a: Biden Blast|6/100
|-damage|p1b: Four Loko|0 fnt
|faint|p1b: Four Loko
|
|-weather|SunnyDay|[upkeep]
|upkeep
|turn|8
|-message|MIMHvgc forfeited.
|
|win|Chelo.vgc
|c|☆Chelo.vgc|all my homies are slow af
||MIMHvgc is ready for game 2.
||Chelo.vgc is ready for game 2.
|uhtml|next|Next: Game 2 of 3
|l|☆MIMHvgc
|player|p1|
