|j|Ōśågokucooper
|j|Ōśåwingblade33
|html|gokucooperwingblade33    
|uhtml|bestof|Game 2 of a best-of-3
|t:|1783450726
|gametype|doubles
|player|p1|gokucooper|101|1065
|player|p2|wingblade33|2|1178
|gen|9
|tier|[Gen 9 Champions] VGC 2026 Reg M-B (Bo3)
|rated|
|rule|Species Clause: Limit one of each Pok├®mon
|rule|Item Clause: Limit 1 of each item
|clearpoke
|poke|p1|Scrafty, L50, M|
|poke|p1|Oranguru, L50, F|
|poke|p1|Grimmsnarl, L50, M|
|poke|p1|Torkoal, L50, M|
|poke|p1|Slowking-Galar, L50, F|
|poke|p1|Alcremie-Matcha-Cream, L50, F|
|poke|p2|Staraptor, L50, F|
|poke|p2|Whimsicott, L50, M|
|poke|p2|Garchomp, L50, M|
|poke|p2|Charizard, L50, F|
|poke|p2|Gholdengo, L50|
|poke|p2|Basculegion, L50, M|
|teampreview|4
|showteam|p1|Scrafty||Scraftinite|Intimidate|DrainPunch,KnockOff,FakeOut,RockSlide|Brave||M|||50|]Oranguru||SitrusBerry|InnerFocus|Protect,TrickRoom,Instruct,Encore|Relaxed||F|||50|]Grimmsnarl||LightClay|Prankster|LightScreen,Reflect,SpiritBreak,PartingShot|Brave||M|||50|]Torkoal||Charcoal|Drought|ClearSmog,Eruption,HeatWave,Protect|Quiet||M|||50|]Slowking-Galar||ColburBerry|Regenerator|TrickRoom,EerieSpell,SludgeBomb,SlackOff|Quiet||F|||50|]Alcremie-Matcha-Cream||Leftovers|AromaVeil|PsychUp,Decorate,Protect,DazzlingGleam|Relaxed||F|||50|
|showteam|p2|Staraptor||Staraptite|Intimidate|BraveBird,CloseCombat,Protect,Roost|Jolly||F|||50|]Whimsicott||FocusSash|Prankster|Moonblast,Tailwind,Charm,Encore|Timid||M|||50|]Garchomp||LifeOrb|RoughSkin|Protect,Earthquake,DragonClaw,RockSlide|Jolly||M|||50|]Charizard||CharizarditeY|Blaze|HeatWave,WeatherBall,SolarBeam,Protect|Modest||F|||50|]Gholdengo||Leftovers|GoodasGold|MakeItRain,ShadowBall,NastyPlot,Protect|Modest|||||50|]Basculegion||MysticWater|Adaptability|WaveCrash,AquaJet,LastRespects,Protect|Adamant||M|||50|
|inactive|Battle timer is ON: inactive players will automatically lose when time's up. (requested by gokucooper)
|inactive|wingblade33 has 60 seconds left.
|
|t:|1783450768
|teamsize|p1|4
|teamsize|p2|4
|start
|switch|p1a: Alcremie|Alcremie-Matcha-Cream, L50, F|100/100
|switch|p1b: Scrafty|Scrafty, L50, M|100/100
|switch|p2a: Staraptor|Staraptor, L50, F|100/100
|switch|p2b: Garchomp|Garchomp, L50, M|100/100
|-ability|p2a: Staraptor|Intimidate|boost
|-unboost|p1a: Alcremie|atk|1
|-unboost|p1b: Scrafty|atk|1
|-ability|p1b: Scrafty|Intimidate|boost
|-unboost|p2a: Staraptor|atk|1
|-unboost|p2b: Garchomp|atk|1
|turn|1
|inactive|wingblade33 has 30 seconds left.
|inactive|wingblade33 has 20 seconds left.
|inactive|wingblade33 has 15 seconds left.
|inactive|wingblade33 has 10 seconds left.
|
|t:|1783450817
|switch|p2b: Gholdengo|Gholdengo, L50|100/100
|detailschange|p2a: Staraptor|Staraptor-Mega, L50, F
|-mega|p2a: Staraptor|Staraptor|Staraptite
|move|p1b: Scrafty|Fake Out|p2a: Staraptor
|-damage|p2a: Staraptor|92/100
|cant|p2a: Staraptor|flinch
|move|p1a: Alcremie|Decorate|p1b: Scrafty
|-boost|p1b: Scrafty|atk|2
|-boost|p1b: Scrafty|spa|2
|
|upkeep
|turn|2
|inactive|wingblade33 has 30 seconds left.
|
|t:|1783450847
|move|p1a: Alcremie|Protect|p1a: Alcremie
|-singleturn|p1a: Alcremie|Protect
|move|p2a: Staraptor|Close Combat|p1b: Scrafty
|-supereffective|p1b: Scrafty|1
|-damage|p1b: Scrafty|20/100y
|-boost|p2a: Staraptor|def|1
|-boost|p2a: Staraptor|spd|1
|move|p2b: Gholdengo|Make It Rain|p1b: Scrafty|[spread] p1b
|-activate|p1a: Alcremie|move: Protect
|-damage|p1b: Scrafty|0 fnt
|-unboost|p2b: Gholdengo|spa|2
|faint|p1b: Scrafty
|
|upkeep
|
|t:|1783450856
|switch|p1b: Torkoal|Torkoal, L50, M|100/100
|-weather|SunnyDay|[from] ability: Drought|[of] p1b: Torkoal
|turn|3
|
|t:|1783450872
|move|p2a: Staraptor|Close Combat|p1b: Torkoal
|-damage|p1b: Torkoal|72/100
|-boost|p2a: Staraptor|def|1
|-boost|p2a: Staraptor|spd|1
|move|p2b: Gholdengo|Make It Rain|p1b: Torkoal|[spread] p1a,p1b
|-supereffective|p1a: Alcremie|1
|-resisted|p1b: Torkoal|1
|-damage|p1a: Alcremie|60/100
|-damage|p1b: Torkoal|56/100
|-unboost|p2b: Gholdengo|spa|2
|move|p1a: Alcremie|Decorate|p1b: Torkoal
|-boost|p1b: Torkoal|atk|2
|-boost|p1b: Torkoal|spa|2
|move|p1b: Torkoal|Heat Wave|p2a: Staraptor|[spread] p2a,p2b
|-supereffective|p2b: Gholdengo|1
|-damage|p2a: Staraptor|38/100
|-damage|p2b: Gholdengo|0 fnt
|-status|p2a: Staraptor|brn
|faint|p2b: Gholdengo
|
|-weather|SunnyDay|[upkeep]
|-heal|p1a: Alcremie|66/100|[from] item: Leftovers
|-damage|p2a: Staraptor|31/100 brn|[from] brn
|upkeep
|inactive|wingblade33 has 30 seconds left.
|inactive|wingblade33 has 20 seconds left.
|
|t:|1783450912
|switch|p2b: Garchomp|Garchomp, L50, M|100/100
|turn|4
|
|t:|1783450923
|move|p1b: Torkoal|Protect|p1b: Torkoal
|-singleturn|p1b: Torkoal|Protect
|move|p2a: Staraptor|Close Combat|p1b: Torkoal
|-activate|p1b: Torkoal|move: Protect
|move|p2b: Garchomp|Earthquake|p1b: Torkoal|[spread] p1a
|-activate|p1b: Torkoal|move: Protect
|-immune|p2a: Staraptor
|-damage|p1a: Alcremie|20/100y
|-damage|p2b: Garchomp|90/100|[from] item: Life Orb
|move|p1a: Alcremie|Dazzling Gleam|p2b: Garchomp|[spread] p2a,p2b
|-supereffective|p2a: Staraptor|1
|-supereffective|p2b: Garchomp|1
|-damage|p2a: Staraptor|11/100 brn
|-damage|p2b: Garchomp|38/100
|
|-weather|SunnyDay|[upkeep]
|-heal|p1a: Alcremie|26/100|[from] item: Leftovers
|-damage|p2a: Staraptor|5/100 brn|[from] brn
|upkeep
|turn|5
|
|t:|1783450947
|switch|p1b: Oranguru|Oranguru, L50, F|100/100
|move|p2b: Garchomp|Protect|p2b: Garchomp
|-singleturn|p2b: Garchomp|Protect
|move|p1a: Alcremie|Protect|p1a: Alcremie
|-singleturn|p1a: Alcremie|Protect
|move|p2a: Staraptor|Brave Bird|p1a: Alcremie
|-activate|p1a: Alcremie|move: Protect
|
|-weather|SunnyDay|[upkeep]
|-heal|p1a: Alcremie|32/100|[from] item: Leftovers
|-damage|p2a: Staraptor|0 fnt|[from] brn
|faint|p2a: Staraptor
|upkeep
|
|t:|1783450960
|switch|p2a: Basculegion|Basculegion, L50, M|100/100
|turn|6
|inactive|wingblade33 has 30 seconds left.
|
|t:|1783450989
|move|p2b: Garchomp|Rock Slide|p1a: Alcremie|[spread] p1a,p1b
|-damage|p1a: Alcremie|10/100
|-damage|p1b: Oranguru|79/100
|-damage|p2b: Garchomp|28/100|[from] item: Life Orb
|move|p2a: Basculegion|Last Respects|p1a: Alcremie
|-damage|p1a: Alcremie|0 fnt
|faint|p1a: Alcremie
|move|p1b: Oranguru|Trick Room|p1b: Oranguru
|-fieldstart|move: Trick Room|[of] p1b: Oranguru
|
|-weather|SunnyDay|[upkeep]
|upkeep
|
|t:|1783450998
|switch|p1a: Torkoal|Torkoal, L50, M|56/100
|turn|7
|c|Ōśåwingblade33|rats lol
|c|Ōśågokucooper|what you mean rats?
|
|t:|1783451015
|move|p2a: Basculegion|Aqua Jet|p1a: Torkoal
|-supereffective|p1a: Torkoal|1
|-damage|p1a: Torkoal|33/100
|move|p1a: Torkoal|Heat Wave|p2a: Basculegion|[spread] p2a,p2b
|-resisted|p2a: Basculegion|1
|-resisted|p2b: Garchomp|1
|-damage|p2a: Basculegion|69/100
|-damage|p2b: Garchomp|0 fnt
|faint|p2b: Garchomp
|move|p1b: Oranguru|Encore|p2a: Basculegion
|-start|p2a: Basculegion|Encore
|
|-weather|none
|upkeep
|turn|8
|c|Ōśåwingblade33|i was going for a rock slide flinch lmao
|c|Ōśågokucooper|ah.
|
|t:|1783451032
|move|p2a: Basculegion|Aqua Jet|p1a: Torkoal
|-supereffective|p1a: Torkoal|1
|-damage|p1a: Torkoal|0 fnt
|faint|p1a: Torkoal
|move|p1b: Oranguru|Instruct|p1: Torkoal|[notarget]
|-fail|p1b: Oranguru
|
|upkeep
|turn|9
|c|Ōśågokucooper|dang. gg
|-message|gokucooper forfeited.
|
|win|wingblade33
|raw|gokucooper's rating: 1065 → 1051(-14 for losing)
|raw|wingblade33's rating: 1178 → 1195(+17 for winning)
|c|Ōśåwingblade33|woah
|c|Ōśåwingblade33|gg
|c|Ōśågokucooper|sun went awy
|c|Ōśåwingblade33|ohhhhhhhhh
|l|Ōśågokucooper
|player|p1|
|c|Ōśåwingblade33|yep thatll do it
