|j|☆NathanaelW19
|j|☆Malgooee
|html|NathanaelW19Malgooee    
|uhtml|bestof|Game 2 of a best-of-3
|t:|1782579150
|gametype|doubles
|player|p1|NathanaelW19|dragontamer|1093
|player|p2|Malgooee|1|1062
|gen|9
|tier|[Gen 9 Champions] VGC 2026 Reg M-B (Bo3)
|rated|
|rule|Species Clause: Limit one of each Pokémon
|rule|Item Clause: Limit 1 of each item
|clearpoke
|poke|p1|Eelektross, L50, F|
|poke|p1|Whimsicott, L50, M|
|poke|p1|Garchomp, L50, M|
|poke|p1|Basculegion, L50, M|
|poke|p1|Charizard, L50, M|
|poke|p1|Overqwil, L50, F|
|poke|p2|Staraptor, L50, M|
|poke|p2|Grimmsnarl, L50, M|
|poke|p2|Tsareena, L50, F|
|poke|p2|Gholdengo, L50|
|poke|p2|Volcarona, L50, F|
|poke|p2|Alcremie, L50, F|
|teampreview|4
|showteam|p1|Eelektross||Eelektrossite|Levitate|Thunderbolt,DragonPulse,Flamethrower,Protect|Modest||F|||50|]Whimsicott||FocusSash|Prankster|Tailwind,Moonblast,Encore,Protect|Timid||M|||50|]Garchomp||LifeOrb|RoughSkin|Earthquake,DragonClaw,RockSlide,Protect|Jolly||M|||50|]Basculegion||ChoiceScarf|Adaptability|LastRespects,AquaJet,WaveCrash,FlipTurn|Jolly||M|||50|]Charizard||CharizarditeY|Blaze|Protect,HeatWave,WeatherBall,SolarBeam|Timid||M|||50|]Overqwil||SitrusBerry|Intimidate|GunkShot,ThroatChop,AcidSpray,Protect|Adamant||F|||50|
|showteam|p2|Staraptor||Staraptite|Intimidate|CloseCombat,BraveBird,Roost,Protect|Jolly||M|||50|]Grimmsnarl||LightClay|Prankster|LightScreen,Reflect,BrickBreak,SpiritBreak|Sassy||M|||50|]Tsareena||ChoiceScarf|QueenlyMajesty|PetalBlizzard,TeeterDance,KnockOff,Uturn|Jolly||F|||50|]Gholdengo||FocusSash|GoodasGold|ShadowBall,MakeItRain,Protect,PowerGem|Modest|||||50|]Volcarona||Leftovers|FlameBody|QuiverDance,RagePowder,FieryDance,Protect|Bold||F|||50|]Alcremie||SitrusBerry|SweetVeil|Encore,Decorate,DazzlingGleam,Protect|Sassy||F|||50|
|inactive|Battle timer is ON: inactive players will automatically lose when time's up. (requested by Malgooee)
|inactive|NathanaelW19 also wants the timer to be on.
|j| Shizsche
|inactive|Malgooee has 60 seconds left.
|inactive|NathanaelW19 has 60 seconds left.
|
|t:|1782579192
|teamsize|p1|4
|teamsize|p2|4
|start
|switch|p1a: Whimsicott|Whimsicott, L50, M|100/100
|switch|p1b: Overqwil|Overqwil, L50, F|100/100
|switch|p2a: Staraptor|Staraptor, L50, M|100/100
|switch|p2b: Volcarona|Volcarona, L50, F|100/100
|-ability|p2a: Staraptor|Intimidate|boost
|-unboost|p1a: Whimsicott|atk|1
|-unboost|p1b: Overqwil|atk|1
|-ability|p1b: Overqwil|Intimidate|boost
|-unboost|p2a: Staraptor|atk|1
|-unboost|p2b: Volcarona|atk|1
|turn|1
|inactive|Malgooee has 30 seconds left.
|
|t:|1782579217
|detailschange|p2a: Staraptor|Staraptor-Mega, L50, M
|-mega|p2a: Staraptor|Staraptor|Staraptite
|move|p1a: Whimsicott|Protect|p1a: Whimsicott
|-singleturn|p1a: Whimsicott|Protect
|move|p2a: Staraptor|Close Combat|p1a: Whimsicott
|-activate|p1a: Whimsicott|move: Protect
|move|p1b: Overqwil|Gunk Shot|p2b: Volcarona|[miss]
|-miss|p1b: Overqwil|p2b: Volcarona
|move|p2b: Volcarona|Fiery Dance|p1a: Whimsicott
|-activate|p1a: Whimsicott|move: Protect
|
|upkeep
|turn|2
|
|t:|1782579229
|switch|p1b: Basculegion|Basculegion, L50, M|100/100
|move|p1a: Whimsicott|Encore|p2a: Staraptor
|-start|p2a: Staraptor|Encore
|move|p2a: Staraptor|Close Combat|p1a: Whimsicott
|-resisted|p1a: Whimsicott|1
|-damage|p1a: Whimsicott|73/100
|-boost|p2a: Staraptor|def|1
|-boost|p2a: Staraptor|spd|1
|move|p2b: Volcarona|Fiery Dance|p1a: Whimsicott
|-supereffective|p1a: Whimsicott|1
|-damage|p1a: Whimsicott|0 fnt
|-boost|p2b: Volcarona|spa|1
|faint|p1a: Whimsicott
|
|upkeep
|
|t:|1782579237
|switch|p1a: Eelektross|Eelektross, L50, F|100/100
|turn|3
|inactive|Malgooee has 30 seconds left.
|inactive|Malgooee has 20 seconds left.
|inactive|Malgooee has 15 seconds left.
|inactive|Malgooee has 10 seconds left.
|
|t:|1782579286
|switch|p2a: Alcremie|Alcremie, L50, F|100/100
|detailschange|p1a: Eelektross|Eelektross-Mega, L50, F
|-mega|p1a: Eelektross|Eelektross|Eelektrossite
|move|p2b: Volcarona|Protect|p2b: Volcarona
|-singleturn|p2b: Volcarona|Protect
|move|p1b: Basculegion|Wave Crash|p2b: Volcarona
|-activate|p2b: Volcarona|move: Protect
|move|p1a: Eelektross|Thunderbolt|p2a: Alcremie
|-damage|p2a: Alcremie|57/100
|
|upkeep
|turn|4
|
|t:|1782579309
|switch|p2b: Tsareena|Tsareena, L50, F|100/100
|move|p1b: Basculegion|Wave Crash|p2b: Tsareena
|-resisted|p2b: Tsareena|1
|-damage|p2b: Tsareena|55/100
|-damage|p1b: Basculegion|88/100|[from] Recoil
|move|p1a: Eelektross|Thunderbolt|p2b: Tsareena
|-resisted|p2b: Tsareena|1
|-damage|p2b: Tsareena|24/100
|move|p2a: Alcremie|Decorate|p2b: Tsareena
|-boost|p2b: Tsareena|atk|2
|-boost|p2b: Tsareena|spa|2
|
|upkeep
|turn|5
|
|t:|1782579332
|move|p1b: Basculegion|Wave Crash|p2b: Tsareena
|-resisted|p2b: Tsareena|1
|-damage|p2b: Tsareena|0 fnt
|faint|p2b: Tsareena
|-damage|p1b: Basculegion|82/100|[from] Recoil
|move|p1a: Eelektross|Thunderbolt|p2a: Alcremie
|-damage|p2a: Alcremie|18/100
|-enditem|p2a: Alcremie|Sitrus Berry|[eat]
|-heal|p2a: Alcremie|43/100|[from] item: Sitrus Berry
|move|p2a: Alcremie|Dazzling Gleam|p1a: Eelektross|[spread] p1a,p1b
|-damage|p1a: Eelektross|72/100
|-damage|p1b: Basculegion|57/100
|
|upkeep
|
|t:|1782579337
|switch|p2b: Staraptor|Staraptor-Mega, L50, M|100/100
|turn|6
|
|t:|1782579344
|move|p1b: Basculegion|Wave Crash|p2a: Alcremie
|-damage|p2a: Alcremie|0 fnt
|faint|p2a: Alcremie
|-damage|p1b: Basculegion|45/100|[from] Recoil
|move|p2b: Staraptor|Close Combat|p1a: Eelektross
|-crit|p1a: Eelektross
|-damage|p1a: Eelektross|0 fnt
|-boost|p2b: Staraptor|def|1
|-boost|p2b: Staraptor|spd|1
|faint|p1a: Eelektross
|
|upkeep
|
|t:|1782579351
|switch|p1a: Overqwil|Overqwil, L50, F|100/100
|switch|p2a: Volcarona|Volcarona, L50, F|100/100
|-ability|p1a: Overqwil|Intimidate|boost
|-unboost|p2a: Volcarona|atk|1
|-boost|p2b: Staraptor|atk|1
|turn|7
|c|☆NathanaelW19|Ah damn it
|c|☆NathanaelW19|crit mattered
|
|t:|1782579368
|move|p2a: Volcarona|Protect|p2a: Volcarona
|-singleturn|p2a: Volcarona|Protect
|move|p1b: Basculegion|Wave Crash|p2a: Volcarona
|-activate|p2a: Volcarona|move: Protect
|move|p2b: Staraptor|Close Combat|p1a: Overqwil
|-damage|p1a: Overqwil|1/100
|-boost|p2b: Staraptor|def|1
|-boost|p2b: Staraptor|spd|1
|-enditem|p1a: Overqwil|Sitrus Berry|[eat]
|-heal|p1a: Overqwil|25/100|[from] item: Sitrus Berry
|move|p1a: Overqwil|Gunk Shot|p2a: Volcarona
|-activate|p2a: Volcarona|move: Protect
|
|upkeep
|turn|8
|
|t:|1782579388
|move|p2a: Volcarona|Rage Powder|p2a: Volcarona
|-singleturn|p2a: Volcarona|move: Rage Powder
|move|p1b: Basculegion|Wave Crash|p2a: Volcarona
|-supereffective|p2a: Volcarona|1
|-damage|p2a: Volcarona|0 fnt
|faint|p2a: Volcarona
|-damage|p1b: Basculegion|13/100|[from] Recoil
|move|p2b: Staraptor|Brave Bird|p1b: Basculegion
|-damage|p1b: Basculegion|0 fnt
|faint|p1b: Basculegion
|-damage|p2b: Staraptor|95/100|[from] Recoil
|move|p1a: Overqwil|Gunk Shot|p2b: Staraptor
|-damage|p2b: Staraptor|65/100
|-status|p2b: Staraptor|psn
|
|-damage|p2b: Staraptor|53/100 psn|[from] psn
|upkeep
|turn|9
|
|t:|1782579404
|move|p1a: Overqwil|Protect|p1a: Overqwil
|-singleturn|p1a: Overqwil|Protect
|move|p2b: Staraptor|Brave Bird|p1a: Overqwil
|-activate|p1a: Overqwil|move: Protect
|
|-damage|p2b: Staraptor|40/100 psn|[from] psn
|upkeep
|turn|10
|
|t:|1782579412
|move|p1a: Overqwil|Protect||[still]
|-fail|p1a: Overqwil
|move|p2b: Staraptor|Close Combat|p1a: Overqwil
|-damage|p1a: Overqwil|0 fnt
|-boost|p2b: Staraptor|def|1
|-boost|p2b: Staraptor|spd|1
|faint|p1a: Overqwil
|
|win|Malgooee
