|j|☆Refanner
|j|☆Logialaw
|html|RefannerLogialaw    
|uhtml|bestof|Game 3 of a best-of-3
|t:|1756195807
|gametype|doubles
|player|p1|Refanner|1|1091
|player|p2|Logialaw|101|1178
|gen|9
|tier|[Gen 9] VGC 2025 Reg H (Bo3)
|rated|
|rule|Species Clause: Limit one of each Pokémon
|rule|Item Clause: Limit 1 of each item
|clearpoke
|poke|p1|Ursaluna-Bloodmoon, L50, M|
|poke|p1|Amoonguss, L50, F|
|poke|p1|Farigiraf, L50, M|
|poke|p1|Dragapult, L50, M|
|poke|p1|Incineroar, L50, F|
|poke|p1|Talonflame, L50, M|
|poke|p2|Lilligant-Hisui, L50, F|
|poke|p2|Indeedee-F, L50, F|
|poke|p2|Torkoal, L50, F|
|poke|p2|Ursaluna, L50, M|
|poke|p2|Gallade, L50, M|
|poke|p2|Hatterene, L50, F|
|teampreview|4
|showteam|p1|Ursaluna-Bloodmoon||LifeOrb|MindsEye|EarthPower,HyperVoice,Protect,BloodMoon|||M|||50|,,,,,Dragon]Amoonguss||SitrusBerry|Regenerator|PollenPuff,RagePowder,Protect,Spore|||F|||50|,,,,,Water]Farigiraf||ThroatSpray|ArmorTail|HyperVoice,Psychic,TrickRoom,Protect|||M|||50|,,,,,Fairy]Dragapult||ChoiceBand|ClearBody|DragonDarts,PhantomForce,Uturn,SuckerPunch|||M|||50|,,,,,Dragon]Incineroar||SafetyGoggles|Intimidate|KnockOff,FakeOut,PartingShot,WillOWisp|||F|||50|,,,,,Ghost]Talonflame||CovertCloak|GaleWings|DualWingbeat,FlareBlitz,Tailwind,Taunt|||M|||50|,,,,,Flying
|showteam|p2|Lilligant-Hisui||FocusSash|Chlorophyll|CloseCombat,AfterYou,SolarBlade,SleepPowder|||F|||50|,,,,,Ghost]Indeedee-F||RockyHelmet|PsychicSurge|Psychic,FollowMe,TrickRoom,HelpingHand|||F|||50|,,,,,Grass]Torkoal||Charcoal|Drought|Eruption,EarthPower,WeatherBall,ClearSmog|||F|||50|,,,,,Fire]Ursaluna||FlameOrb|Guts|Facade,HeadlongRush,Protect,Earthquake|||M|||50|,,,,,Ghost]Gallade||ClearAmulet|Sharpness|SacredSword,PsychoCut,WideGuard,TrickRoom|||M|||50|,,,,,Fire]Hatterene||LifeOrb|MagicBounce|DazzlingGleam,ExpandingForce,TeraBlast,TrickRoom|||F|||50|,,,,,Water
|inactive|Battle timer is ON: inactive players will automatically lose when time's up. (requested by Logialaw)
|
|t:|1756195845
|teamsize|p1|4
|teamsize|p2|4
|start
|switch|p1a: Ursaluna|Ursaluna-Bloodmoon, L50, M|100/100
|switch|p1b: Farigiraf|Farigiraf, L50, M|100/100
|switch|p2a: Phyllis|Indeedee-F, L50, F, shiny|100/100
|switch|p2b: Locke|Hatterene, L50, F, shiny|100/100
|-fieldstart|move: Psychic Terrain|[from] ability: Psychic Surge|[of] p2a: Phyllis
|turn|1
|inactive|Refanner has 30 seconds left.
|inactive|Refanner has 20 seconds left.
|inactive|Refanner has 15 seconds left.
|
|t:|1756195886
|move|p2a: Phyllis|Follow Me|p2a: Phyllis
|-singleturn|p2a: Phyllis|move: Follow Me
|move|p1a: Ursaluna|Hyper Voice|p2a: Phyllis|[spread] p2a,p2b
|-crit|p2a: Phyllis
|-damage|p2a: Phyllis|21/100
|-damage|p2b: Locke|50/100
|-damage|p1a: Ursaluna|91/100|[from] item: Life Orb
|move|p1b: Farigiraf|Hyper Voice|p2a: Phyllis|[spread] p2a,p2b
|-damage|p2a: Phyllis|0 fnt
|-damage|p2b: Locke|15/100
|faint|p2a: Phyllis
|-enditem|p1b: Farigiraf|Throat Spray
|-boost|p1b: Farigiraf|spa|1|[from] item: Throat Spray
|move|p2b: Locke|Trick Room|p2b: Locke
|-fieldstart|move: Trick Room|[of] p2b: Locke
|
|upkeep
|
|t:|1756195899
|switch|p2a: Terapagoat|Torkoal, L50, F, shiny|100/100
|-weather|SunnyDay|[from] ability: Drought|[of] p2a: Terapagoat
|turn|2
|
|t:|1756195921
|-terastallize|p2a: Terapagoat|Fire
|move|p1a: Ursaluna|Protect|p1a: Ursaluna
|-singleturn|p1a: Ursaluna|Protect
|move|p2a: Terapagoat|Eruption|p1b: Farigiraf|[spread] p1b
|-activate|p1a: Ursaluna|move: Protect
|-damage|p1b: Farigiraf|0 fnt
|faint|p1b: Farigiraf
|move|p2b: Locke|Expanding Force|p1a: Ursaluna
|-activate|p1a: Ursaluna|move: Protect
|
|-weather|SunnyDay|[upkeep]
|upkeep
|
|t:|1756195934
|switch|p1b: Amoonguss|Amoonguss, L50, F|100/100
|turn|3
|
|t:|1756195950
|move|p1b: Amoonguss|Protect|p1b: Amoonguss
|-singleturn|p1b: Amoonguss|Protect
|move|p1a: Ursaluna|Protect|p1a: Ursaluna
|-singleturn|p1a: Ursaluna|Protect
|move|p2a: Terapagoat|Eruption|p1a: Ursaluna|[spread] 
|-activate|p1a: Ursaluna|move: Protect
|-activate|p1b: Amoonguss|move: Protect
|move|p2b: Locke|Expanding Force|p1a: Ursaluna|[spread] 
|-activate|p1a: Ursaluna|move: Protect
|-activate|p1b: Amoonguss|move: Protect
|
|-weather|SunnyDay|[upkeep]
|upkeep
|turn|4
|inactive|Refanner has 30 seconds left.
|inactive|Refanner has 20 seconds left.
|inactive|Refanner has 15 seconds left.
|inactive|Refanner has 10 seconds left.
|
|t:|1756195996
|switch|p1a: Dragapult|Dragapult, L50, M|100/100
|-terastallize|p1b: Amoonguss|Water
|move|p2a: Terapagoat|Eruption|p1b: Amoonguss|[spread] p1a,p1b
|-resisted|p1a: Dragapult
|-resisted|p1b: Amoonguss
|-damage|p1a: Dragapult|24/100
|-damage|p1b: Amoonguss|53/100
|move|p2b: Locke|Expanding Force|p1a: Dragapult|[spread] p1a,p1b
|-damage|p1a: Dragapult|0 fnt
|-damage|p1b: Amoonguss|0 fnt
|faint|p1a: Dragapult
|faint|p1b: Amoonguss
|-damage|p2b: Locke|5/100|[from] item: Life Orb
|
|-weather|SunnyDay|[upkeep]
|upkeep
|
|t:|1756196009
|switch|p1b: Ursaluna|Ursaluna-Bloodmoon, L50, M|91/100
|turn|5
|inactive|Logialaw has 30 seconds left.
|inactive|Logialaw has 20 seconds left.
|inactive|Logialaw has 15 seconds left.
|
|t:|1756196053
|switch|p2b: Un grr|Ursaluna, L50, M, shiny|100/100
|move|p1b: Ursaluna|Protect|p1b: Ursaluna
|-singleturn|p1b: Ursaluna|Protect
|move|p2a: Terapagoat|Eruption|p1b: Ursaluna
|-activate|p1b: Ursaluna|move: Protect
|
|-weather|SunnyDay|[upkeep]
|-fieldend|move: Trick Room
|-fieldend|move: Psychic Terrain
|-status|p2b: Un grr|brn|[from] item: Flame Orb
|upkeep
|turn|6
|inactive|Refanner has 30 seconds left.
|
|t:|1756196084
|move|p1b: Ursaluna|Blood Moon|p2b: Un grr
|-damage|p2b: Un grr|6/100 brn
|-damage|p1b: Ursaluna|81/100|[from] item: Life Orb
|move|p2b: Un grr|Facade|p1b: Ursaluna
|-damage|p1b: Ursaluna|0 fnt
|faint|p1b: Ursaluna
|
|win|Logialaw
|raw|Refanner's rating: 1091 → 1073(-18 for losing)
|raw|Logialaw's rating: 1178 → 1197(+19 for winning)
|c|☆Logialaw|gg
