|j|☆masterhax3
|j|☆regalac3
|html|masterhax3regalac3    
|uhtml|bestof|Game 3 of a best-of-3
|t:|1757042849
|gametype|doubles
|player|p1|masterhax3|scientist-gen4dp|1090
|player|p2|regalac3|n|1183
|gen|9
|tier|[Gen 9] VGC 2025 Reg H (Bo3)
|rated|
|rule|Species Clause: Limit one of each Pokémon
|rule|Item Clause: Limit 1 of each item
|clearpoke
|poke|p1|Vivillon-Pokeball, L50, M|
|poke|p1|Garganacl, L50, F|
|poke|p1|Garchomp, L50, M|
|poke|p1|Gardevoir, L50, F|
|poke|p1|Dondozo, L50, M|
|poke|p1|Ninetales-Alola, L50, F|
|poke|p2|Pelipper, L50, F|
|poke|p2|Basculegion, L50, M|
|poke|p2|Archaludon, L50, M|
|poke|p2|Annihilape, L50, M|
|poke|p2|Rillaboom, L50, M|
|poke|p2|Maushold-Four, L50|
|teampreview|4
|showteam|p1|Vivillon-Pokeball||FocusSash|CompoundEyes|SleepPowder,Tailwind,Protect,Hurricane|||M|||50|,,,,,Ghost]Garganacl||MarangaBerry|PurifyingSalt|SaltCure,StealthRock,Protect,Recover|||F|||50|,,,,,Flying]Garchomp||LifeOrb|RoughSkin|Earthquake,DragonClaw,RockSlide,Protect|||M|||50|,,,,,Ground]Gardevoir||ChoiceScarf|Telepathy|Trick,Moonblast,Psychic,IcyWind|||F|||50|,,,,,Steel]Dondozo||Leftovers|Unaware|Liquidation,Yawn,Fissure,Protect|||M|||50|,,,,,Poison]Ninetales-Alola||NeverMeltIce|SnowWarning|Blizzard,FreezeDry,Protect,AuroraVeil|||F|||50|,,,,,Ice
|showteam|p2|Pelipper||FocusSash|Drizzle|Hurricane,WeatherBall,WideGuard,Protect|||F|||50|,,,,,Stellar]Basculegion||LifeOrb|SwiftSwim|WaveCrash,LastRespects,AquaJet,Protect|||M|||50|,,,,,Water]Archaludon||AssaultVest|Stamina|FlashCannon,DracoMeteor,ElectroShot,BodyPress|||M|||50|,,,,,Bug]Annihilape||Leftovers|Defiant|RageFist,DrainPunch,BulkUp,Protect|||M|||50|,,,,,Fire]Rillaboom||LoadedDice|GrassySurge|BulletSeed,GrassyGlide,HighHorsepower,FakeOut|||M|||50|,,,,,Water]Maushold-Four||SafetyGoggles|FriendGuard|BeatUp,FollowMe,Taunt,Protect||||||50|,,,,,Ghost
|inactive|Battle timer is ON: inactive players will automatically lose when time's up. (requested by regalac3)
|
|t:|1757042876
|teamsize|p1|4
|teamsize|p2|4
|start
|switch|p1a: Gardevoir|Gardevoir, L50, F|100/100
|switch|p1b: Garchomp|Garchomp, L50, M|100/100
|switch|p2a: Maushold|Maushold-Four, L50|100/100
|switch|p2b: Annihilape|Annihilape, L50, M|100/100
|turn|1
|
|t:|1757042901
|-terastallize|p1b: Garchomp|Ground
|-terastallize|p2b: Annihilape|Fire
|move|p1a: Gardevoir|Psychic|p2b: Annihilape
|-damage|p2b: Annihilape|71/100
|move|p1b: Garchomp|Earthquake|p2b: Annihilape|[spread] p2a,p2b
|-activate|p1a: Gardevoir|ability: Telepathy
|-supereffective|p2b: Annihilape
|-damage|p2a: Maushold|16/100
|-damage|p2b: Annihilape|0 fnt
|faint|p2b: Annihilape
|-damage|p1b: Garchomp|91/100|[from] item: Life Orb
|move|p2a: Maushold|Beat Up|p2: Annihilape|[notarget]
|-fail|p2a: Maushold
|
|upkeep
|
|t:|1757042911
|switch|p2b: Archaludon|Archaludon, L50, M|100/100
|turn|2
|
|t:|1757042928
|switch|p2a: Rillaboom|Rillaboom, L50, M|100/100
|-fieldstart|move: Grassy Terrain|[from] ability: Grassy Surge|[of] p2a: Rillaboom
|move|p1a: Gardevoir|Psychic|p2b: Archaludon
|-resisted|p2b: Archaludon
|-damage|p2b: Archaludon|84/100
|-ability|p2b: Archaludon|Stamina|boost
|-boost|p2b: Archaludon|def|1
|move|p1b: Garchomp|Rock Slide|p2b: Archaludon|[spread] p2a,p2b
|-resisted|p2b: Archaludon
|-damage|p2a: Rillaboom|78/100
|-damage|p2b: Archaludon|78/100
|-ability|p2b: Archaludon|Stamina|boost
|-boost|p2b: Archaludon|def|1
|-damage|p1b: Garchomp|81/100|[from] item: Life Orb
|move|p2b: Archaludon|Body Press|p1b: Garchomp
|-crit|p1b: Garchomp
|-damage|p1b: Garchomp|13/100
|-damage|p2b: Archaludon|65/100|[from] ability: Rough Skin|[of] p1b: Garchomp
|
|-heal|p1b: Garchomp|19/100|[from] Grassy Terrain
|-heal|p2a: Rillaboom|84/100|[from] Grassy Terrain
|-heal|p2b: Archaludon|71/100|[from] Grassy Terrain
|upkeep
|turn|3
|inactive|masterhax3 has 30 seconds left.
|
|t:|1757042954
|switch|p1b: Vivillon|Vivillon-Pokeball, L50, M|100/100
|move|p2a: Rillaboom|Fake Out|p1b: Vivillon
|-damage|p1b: Vivillon|80/100
|move|p1a: Gardevoir|Psychic|p2a: Rillaboom
|-damage|p2a: Rillaboom|35/100
|move|p2b: Archaludon|Flash Cannon|p1a: Gardevoir
|-supereffective|p1a: Gardevoir
|-damage|p1a: Gardevoir|12/100
|
|-heal|p1a: Gardevoir|18/100|[from] Grassy Terrain
|-heal|p2a: Rillaboom|41/100|[from] Grassy Terrain
|-heal|p2b: Archaludon|78/100|[from] Grassy Terrain
|upkeep
|turn|4
|
|t:|1757042977
|move|p2a: Rillaboom|Grassy Glide|p1a: Gardevoir
|-damage|p1a: Gardevoir|0 fnt
|faint|p1a: Gardevoir
|move|p1b: Vivillon|Hurricane|p2a: Rillaboom
|-supereffective|p2a: Rillaboom
|-damage|p2a: Rillaboom|0 fnt
|faint|p2a: Rillaboom
|move|p2b: Archaludon|Flash Cannon|p1b: Vivillon
|-damage|p1b: Vivillon|15/100
|
|-heal|p2b: Archaludon|84/100|[from] Grassy Terrain
|upkeep
|
|t:|1757042991
|switch|p1a: Garchomp|Garchomp, L50, M, tera:Ground|19/100
|switch|p2a: Maushold|Maushold-Four, L50|16/100
|turn|5
|
|t:|1757043005
|move|p2a: Maushold|Protect|p2a: Maushold
|-singleturn|p2a: Maushold|Protect
|move|p1a: Garchomp|Earthquake|p2b: Archaludon|[spread] p2b
|-activate|p2a: Maushold|move: Protect
|-immune|p1b: Vivillon
|-supereffective|p2b: Archaludon
|-damage|p2b: Archaludon|62/100
|-ability|p2b: Archaludon|Stamina|boost
|-boost|p2b: Archaludon|def|1
|-damage|p1a: Garchomp|9/100|[from] item: Life Orb
|move|p1b: Vivillon|Sleep Powder|p2b: Archaludon
|-status|p2b: Archaludon|slp|[from] move: Sleep Powder
|cant|p2b: Archaludon|slp
|
|-heal|p1a: Garchomp|15/100|[from] Grassy Terrain
|-heal|p2a: Maushold|22/100|[from] Grassy Terrain
|-heal|p2b: Archaludon|68/100 slp|[from] Grassy Terrain
|upkeep
|turn|6
|inactive|regalac3 has 30 seconds left.
|
|t:|1757043030
|move|p1a: Garchomp|Dragon Claw|p2a: Maushold
|-damage|p2a: Maushold|0 fnt
|faint|p2a: Maushold
|-damage|p1a: Garchomp|5/100|[from] item: Life Orb
|move|p1b: Vivillon|Tailwind|p1b: Vivillon
|-sidestart|p1: masterhax3|move: Tailwind
|-curestatus|p2b: Archaludon|slp|[msg]
|move|p2b: Archaludon|Flash Cannon|p1a: Garchomp
|-damage|p1a: Garchomp|0 fnt
|faint|p1a: Garchomp
|
|-heal|p2b: Archaludon|74/100|[from] Grassy Terrain
|-fieldend|move: Grassy Terrain
|upkeep
|
|t:|1757043041
|switch|p1a: Dondozo|Dondozo, L50, M|100/100
|turn|7
|
|t:|1757043057
|move|p1b: Vivillon|Sleep Powder|p2b: Archaludon
|-status|p2b: Archaludon|slp|[from] move: Sleep Powder
|move|p1a: Dondozo|Fissure|p2b: Archaludon|[miss]
|-miss|p1a: Dondozo|p2b: Archaludon
|cant|p2b: Archaludon|slp
|
|upkeep
|turn|8
|
|t:|1757043067
|move|p1b: Vivillon|Hurricane|p2b: Archaludon
|-resisted|p2b: Archaludon
|-crit|p2b: Archaludon
|-damage|p2b: Archaludon|57/100 slp
|-ability|p2b: Archaludon|Stamina|boost
|-boost|p2b: Archaludon|def|1
|move|p1a: Dondozo|Fissure|p2b: Archaludon|[miss]
|-miss|p1a: Dondozo|p2b: Archaludon
|cant|p2b: Archaludon|slp
|
|upkeep
|turn|9
|
|t:|1757043078
|move|p1b: Vivillon|Hurricane|p2b: Archaludon
|-resisted|p2b: Archaludon
|-damage|p2b: Archaludon|45/100 slp
|-ability|p2b: Archaludon|Stamina|boost
|-boost|p2b: Archaludon|def|1
|move|p1a: Dondozo|Fissure|p2b: Archaludon|[miss]
|-miss|p1a: Dondozo|p2b: Archaludon
|cant|p2b: Archaludon|slp
|
|-sideend|p1: masterhax3|move: Tailwind
|upkeep
|turn|10
|
|t:|1757043090
|move|p1b: Vivillon|Hurricane|p2b: Archaludon
|-resisted|p2b: Archaludon
|-damage|p2b: Archaludon|32/100 slp
|-ability|p2b: Archaludon|Stamina|boost
|-boost|p2b: Archaludon|def|1
|-curestatus|p2b: Archaludon|slp|[msg]
|move|p2b: Archaludon|Body Press|p1a: Dondozo
|-damage|p1a: Dondozo|86/100
|move|p1a: Dondozo|Fissure|p2b: Archaludon|[miss]
|-miss|p1a: Dondozo|p2b: Archaludon
|
|-heal|p1a: Dondozo|92/100|[from] item: Leftovers
|upkeep
|turn|11
|
|t:|1757043107
|move|p1b: Vivillon|Sleep Powder|p2b: Archaludon
|-status|p2b: Archaludon|slp|[from] move: Sleep Powder
|cant|p2b: Archaludon|slp
|move|p1a: Dondozo|Liquidation|p2b: Archaludon
|-resisted|p2b: Archaludon
|-damage|p2b: Archaludon|18/100 slp
|
|-heal|p1a: Dondozo|98/100|[from] item: Leftovers
|upkeep
|turn|12
|-message|regalac3 forfeited.
|
|win|masterhax3
|raw|masterhax3's rating: 1090 → 1123(+33 for winning)
|raw|regalac3's rating: 1183 → 1151(-32 for losing)
|l|☆regalac3
|player|p2|
|j|☆regalac3
|player|p2|regalac3|n|
