|j|☆natsukivgc
|j|☆Iche8647/5
|html|natsukivgcIche8647/5    
|uhtml|bestof|Game 2 of a best-of-3
|t:|1785474421
|gametype|doubles
|player|p1|natsukivgc|1|1139
|player|p2|Iche8647/5|170|1050
|gen|9
|tier|[Gen 9 Champions] VGC 2026 Reg M-B (Bo3)
|rated|
|rule|Species Clause: Limit one of each Pokémon
|rule|Item Clause: Limit 1 of each item
|clearpoke
|poke|p1|Charizard, L50, M|
|poke|p1|Sneasler, L50, F|
|poke|p1|Kingambit, L50, F|
|poke|p1|Dragonite, L50, M|
|poke|p1|Floette-Eternal, L50, F|
|poke|p1|Whimsicott, L50, M|
|poke|p2|Maushold, L50|
|poke|p2|Talonflame, L50, F|
|poke|p2|Meowscarada, L50, M|
|poke|p2|Meowstic, L50, M|
|poke|p2|Dragonite, L50, M|
|poke|p2|Gholdengo, L50|
|teampreview|4
|showteam|p1|Charizard||CharizarditeY|Blaze|HeatWave,SolarBeam,WeatherBall,Protect|Modest||M|||50|]Sneasler||WhiteHerb|Unburden|CloseCombat,DireClaw,FakeOut,Coaching|Jolly||F|||50|]Kingambit||BlackGlasses|Defiant|KowtowCleave,SuckerPunch,SwordsDance,Protect|Adamant||F|||50|]Dragonite||LifeOrb|InnerFocus|DragonClaw,LowKick,ExtremeSpeed,Protect|Adamant||M|||50|]Floette-Eternal||Floettite|FlowerVeil|Moonblast,DazzlingGleam,LightofRuin,Protect|Modest||F|||50|]Whimsicott||FocusSash|Prankster|Moonblast,Tailwind,Encore,Protect|Timid||M|||50|
|showteam|p2|Maushold||WideLens|Technician|PopulationBomb,Protect,Bite,FollowMe|Jolly|||||50|]Talonflame||ChartiBerry|GaleWings|Tailwind,BraveBird,FlareBlitz,Protect|Jolly||F|||50|]Meowscarada||ChoiceScarf|Protean|FlowerTrick,KnockOff,PlayRough,TripleAxel|Jolly||M|||50|]Meowstic||Meowsticite|Prankster|FakeOut,Psychic,Thunderbolt,Gravity|Timid||M|||50|]Dragonite||WhiteHerb|InnerFocus|HelpingHand,Superpower,Roar,FirePunch|Adamant||M|||50|]Gholdengo||LifeOrb|GoodasGold|FocusBlast,ShadowBall,Protect,MakeItRain|Timid|||||50|
|
|t:|1785474476
|teamsize|p1|4
|teamsize|p2|4
|start
|switch|p1a: Sneasler|Sneasler, L50, F|100/100
|switch|p1b: Dragonite|Dragonite, L50, M|100/100
|switch|p2a: Familyof4-1|Maushold, L50|100/100
|switch|p2b: Talonflame|Talonflame, L50, F|100/100
|turn|1
|
|t:|1785474529
|move|p2b: Talonflame|Protect|p2b: Talonflame
|-singleturn|p2b: Talonflame|Protect
|move|p2a: Familyof4-1|Protect|p2a: Familyof4-1
|-singleturn|p2a: Familyof4-1|Protect
|move|p1a: Sneasler|Fake Out|p2b: Talonflame
|-activate|p2b: Talonflame|move: Protect
|move|p1b: Dragonite|Dragon Claw|p2b: Talonflame
|-activate|p2b: Talonflame|move: Protect
|
|upkeep
|turn|2
|
|t:|1785474547
|move|p2b: Talonflame|Tailwind|p2b: Talonflame
|-sidestart|p2: Iche8647/5|move: Tailwind
|move|p2a: Familyof4-1|Population Bomb|p1a: Sneasler
|-damage|p1a: Sneasler|80/100
|-damage|p1a: Sneasler|60/100
|-damage|p1a: Sneasler|40/100
|-damage|p1a: Sneasler|23/100
|-damage|p1a: Sneasler|3/100
|-damage|p1a: Sneasler|0 fnt
|faint|p1a: Sneasler
|-hitcount|p1: Sneasler|6
|move|p1b: Dragonite|Dragon Claw|p2b: Talonflame
|-damage|p2b: Talonflame|15/100
|-damage|p1b: Dragonite|90/100|[from] item: Life Orb
|
|upkeep
|
|t:|1785474566
|switch|p1a: Kingambit|Kingambit, L50, F|100/100
|turn|3
|
|t:|1785474589
|move|p2a: Familyof4-1|Protect|p2a: Familyof4-1
|-singleturn|p2a: Familyof4-1|Protect
|move|p1b: Dragonite|Extreme Speed|p2b: Talonflame
|-damage|p2b: Talonflame|0 fnt
|faint|p2b: Talonflame
|-damage|p1b: Dragonite|81/100|[from] item: Life Orb
|move|p1a: Kingambit|Swords Dance|p1a: Kingambit
|-boost|p1a: Kingambit|atk|2
|
|upkeep
|
|t:|1785474599
|switch|p2b: Dragonite|Dragonite, L50, M|100/100
|turn|4
|
|t:|1785474624
|move|p1a: Kingambit|Protect|p1a: Kingambit
|-singleturn|p1a: Kingambit|Protect
|move|p2a: Familyof4-1|Follow Me|p2a: Familyof4-1
|-singleturn|p2a: Familyof4-1|move: Follow Me
|move|p2b: Dragonite|Superpower|p1a: Kingambit
|-activate|p1a: Kingambit|move: Protect
|move|p1b: Dragonite|Dragon Claw|p2a: Familyof4-1
|-damage|p2a: Familyof4-1|2/100
|-damage|p1b: Dragonite|71/100|[from] item: Life Orb
|
|upkeep
|turn|5
|
|t:|1785474669
|move|p2a: Familyof4-1|Follow Me|p2a: Familyof4-1
|-singleturn|p2a: Familyof4-1|move: Follow Me
|move|p1b: Dragonite|Extreme Speed|p2a: Familyof4-1
|-damage|p2a: Familyof4-1|0 fnt
|faint|p2a: Familyof4-1
|-damage|p1b: Dragonite|62/100|[from] item: Life Orb
|move|p1a: Kingambit|Sucker Punch|p2b: Dragonite
|-damage|p2b: Dragonite|41/100
|move|p2b: Dragonite|Superpower|p1a: Kingambit
|-supereffective|p1a: Kingambit|2
|-damage|p1a: Kingambit|0 fnt
|-unboost|p2b: Dragonite|atk|1
|-unboost|p2b: Dragonite|def|1
|faint|p1a: Kingambit
|-enditem|p2b: Dragonite|White Herb
|-clearnegativeboost|p2b: Dragonite|[silent]
|
|-sideend|p2: Iche8647/5|move: Tailwind
|upkeep
|
|t:|1785474689
|switch|p2a: Meowstic|Meowstic, L50, M|100/100
|switch|p1a: Charizard|Charizard, L50, M|100/100
|turn|6
|
|t:|1785474731
|detailschange|p2a: Meowstic|Meowstic-M-Mega, L50, M
|-mega|p2a: Meowstic|Meowstic|Meowsticite
|-ability|p2a: Meowstic|Blaze|Trace|[from] ability: Trace|[of] p1a: Charizard
|detailschange|p1a: Charizard|Charizard-Mega-Y, L50, M
|-mega|p1a: Charizard|Charizard|Charizardite Y
|-weather|SunnyDay|[from] ability: Drought|[of] p1a: Charizard
|move|p2b: Dragonite|Helping Hand|p2a: Meowstic
|-singleturn|p2a: Meowstic|Helping Hand|[of] p2b: Dragonite
|move|p1a: Charizard|Protect|p1a: Charizard
|-singleturn|p1a: Charizard|Protect
|move|p1b: Dragonite|Protect|p1b: Dragonite
|-singleturn|p1b: Dragonite|Protect
|move|p2a: Meowstic|Psychic|p1b: Dragonite
|-activate|p1b: Dragonite|move: Protect
|
|-weather|SunnyDay|[upkeep]
|upkeep
|turn|7
|
|t:|1785474775
|move|p2b: Dragonite|Helping Hand|p2a: Meowstic
|-singleturn|p2a: Meowstic|Helping Hand|[of] p2b: Dragonite
|move|p1b: Dragonite|Extreme Speed|p2b: Dragonite
|-damage|p2b: Dragonite|9/100
|-damage|p1b: Dragonite|52/100|[from] item: Life Orb
|move|p2a: Meowstic|Thunderbolt|p1a: Charizard
|-supereffective|p1a: Charizard|1
|-damage|p1a: Charizard|9/100
|move|p1a: Charizard|Solar Beam||[still]
|-prepare|p1a: Charizard|Solar Beam
|-anim|p1a: Charizard|Solar Beam|p2a: Meowstic
|-damage|p2a: Meowstic|52/100
|
|-weather|SunnyDay|[upkeep]
|upkeep
|turn|8
|
|t:|1785474828
|move|p1a: Charizard|Protect|p1a: Charizard
|-singleturn|p1a: Charizard|Protect
|move|p1b: Dragonite|Extreme Speed|p2a: Meowstic
|-damage|p2a: Meowstic|0 fnt
|faint|p2a: Meowstic
|-damage|p1b: Dragonite|43/100|[from] item: Life Orb
|move|p2b: Dragonite|Fire Punch|p1b: Dragonite
|-resisted|p1b: Dragonite|1
|-damage|p1b: Dragonite|24/100
|
|-weather|SunnyDay|[upkeep]
|upkeep
|turn|9
|-message|Iche8647/5 forfeited.
|
|win|natsukivgc
|raw|natsukivgc's rating: 1139 → 1158(+19 for winning)
|raw|Iche8647/5's rating: 1050 → 1037(-13 for losing)
