|j|☆pomini
|j|☆qb xyz new
|html|pominiqb xyz new    
|uhtml|bestof|Game 2 of a best-of-3
|t:|1782266715
|gametype|doubles
|player|p1|pomini|pokekid|1112
|player|p2|qb xyz new|1|1065
|gen|9
|tier|[Gen 9 Champions] VGC 2026 Reg M-B (Bo3)
|rated|
|rule|Species Clause: Limit one of each Pokémon
|rule|Item Clause: Limit 1 of each item
|clearpoke
|poke|p1|Raichu, L50, F, shiny|
|poke|p1|Whimsicott, L50, M|
|poke|p1|Floette-Eternal, L50, F|
|poke|p1|Basculegion, L50, M|
|poke|p1|Garchomp, L50, F|
|poke|p1|Gholdengo, L50|
|poke|p2|Raichu, L50, F|
|poke|p2|Gholdengo, L50|
|poke|p2|Whimsicott, L50, F|
|poke|p2|Floette-Eternal, L50, F|
|poke|p2|Garchomp, L50, M|
|poke|p2|Basculegion, L50, M|
|teampreview|4
|showteam|p1|Raichu||RaichuniteY|LightningRod|ZapCannon,FocusBlast,FakeOut,Protect|Modest||F|||50|]Whimsicott||FocusSash|Prankster|Moonblast,Tailwind,Encore,Protect|Timid||M|||50|]Floette-Eternal||Floettite|FlowerVeil|Moonblast,LightofRuin,DazzlingGleam,Protect|Modest||F|||50|]Basculegion||MysticWater|Adaptability|WaveCrash,LastRespects,AquaJet,Protect|Adamant||M|||50|]Garchomp||SitrusBerry|RoughSkin|RockSlide,StompingTantrum,DragonClaw,Protect|Adamant||F|||50|]Gholdengo||LifeOrb|GoodasGold|NastyPlot,MakeItRain,ShadowBall,Protect|Modest|||||50|
|showteam|p2|Raichu||RaichuniteY|LightningRod|FocusBlast,FakeOut,ZapCannon,Protect|Mild||F|||50|]Gholdengo||LifeOrb|GoodasGold|MakeItRain,Protect,NastyPlot,ShadowBall|Modest|||||50|]Whimsicott||FocusSash|Prankster|DazzlingGleam,Encore,Taunt,Tailwind|Timid||F|||50|]Floette-Eternal||Floettite|Symbiosis|Moonblast,Protect,CalmMind,LightofRuin|Modest||F|||50|]Garchomp||SitrusBerry|RoughSkin|StompingTantrum,Protect,RockSlide,DracoMeteor|Naive||M|||50|]Basculegion||MysticWater|Adaptability|FlipTurn,WaveCrash,Protect,LastRespects|Jolly||M|||50|
|inactive|Battle timer is ON: inactive players will automatically lose when time's up. (requested by qb xyz new)
|c|☆qb xyz new|I played bad
|inactive|qb xyz new has 60 seconds left.
|
|t:|1782266757
|teamsize|p1|4
|teamsize|p2|4
|start
|switch|p1a: Raichu|Raichu, L50, F, shiny|100/100
|switch|p1b: Gholdengo|Gholdengo, L50|100/100
|switch|p2a: Whimsicott|Whimsicott, L50, F|100/100
|switch|p2b: Garchomp|Garchomp, L50, M|100/100
|turn|1
|inactive|pomini has 30 seconds left.
|inactive|pomini has 20 seconds left.
|
|t:|1782266796
|move|p2b: Garchomp|Protect|p2b: Garchomp
|-singleturn|p2b: Garchomp|Protect
|move|p1a: Raichu|Fake Out|p2b: Garchomp
|-activate|p2b: Garchomp|move: Protect
|move|p2a: Whimsicott|Tailwind|p2a: Whimsicott
|-sidestart|p2: qb xyz new|move: Tailwind
|move|p1b: Gholdengo|Make It Rain|p2b: Garchomp|[spread] p2a
|-activate|p2b: Garchomp|move: Protect
|-supereffective|p2a: Whimsicott|1
|-enditem|p2a: Whimsicott|Focus Sash
|-damage|p2a: Whimsicott|1/100
|-unboost|p1b: Gholdengo|spa|2
|-damage|p1b: Gholdengo|90/100|[from] item: Life Orb
|
|upkeep
|turn|2
|inactive|pomini has 30 seconds left.
|
|t:|1782266830
|move|p1a: Raichu|Protect|p1a: Raichu
|-singleturn|p1a: Raichu|Protect
|move|p1b: Gholdengo|Protect|p1b: Gholdengo
|-singleturn|p1b: Gholdengo|Protect
|move|p2a: Whimsicott|Encore|p1a: Raichu
|-activate|p1a: Raichu|move: Protect
|move|p2b: Garchomp|Stomping Tantrum|p1b: Gholdengo
|-activate|p1b: Gholdengo|move: Protect
|
|upkeep
|turn|3
|
|t:|1782266854
|switch|p1b: Garchomp|Garchomp, L50, F|100/100
|detailschange|p1a: Raichu|Raichu-Mega-Y, L50, F, shiny
|-mega|p1a: Raichu|Raichu|Raichunite Y
|move|p2a: Whimsicott|Encore|p1a: Raichu
|-start|p1a: Raichu|Encore
|move|p1a: Raichu|Protect|p1a: Raichu
|-singleturn|p1a: Raichu|Protect
|move|p2b: Garchomp|Stomping Tantrum|p1b: Garchomp
|-damage|p1b: Garchomp|61/100
|-damage|p2b: Garchomp|87/100|[from] ability: Rough Skin|[of] p1b: Garchomp
|
|upkeep
|turn|4
|
|t:|1782266877
|switch|p1a: Basculegion|Basculegion, L50, M|100/100
|move|p1b: Garchomp|Protect|p1b: Garchomp
|-singleturn|p1b: Garchomp|Protect
|move|p2a: Whimsicott|Dazzling Gleam|p1a: Basculegion|[spread] p1a
|-activate|p1b: Garchomp|move: Protect
|-damage|p1a: Basculegion|81/100
|move|p2b: Garchomp|Draco Meteor|p1a: Basculegion
|-damage|p1a: Basculegion|35/100
|-unboost|p2b: Garchomp|spa|2
|
|-sideend|p2: qb xyz new|move: Tailwind
|upkeep
|turn|5
|
|t:|1782266897
|move|p2a: Whimsicott|Encore|p1b: Garchomp
|-start|p1b: Garchomp|Encore
|move|p1b: Garchomp|Protect||[still]
|-fail|p1b: Garchomp
|move|p1a: Basculegion|Aqua Jet|p2a: Whimsicott
|-resisted|p2a: Whimsicott|1
|-damage|p2a: Whimsicott|0 fnt
|faint|p2a: Whimsicott
|move|p2b: Garchomp|Stomping Tantrum|p1a: Basculegion
|-damage|p1a: Basculegion|0 fnt
|faint|p1a: Basculegion
|
|upkeep
|
|t:|1782266911
|switch|p2a: Floette|Floette-Eternal, L50, F|100/100
|switch|p1a: Raichu|Raichu-Mega-Y, L50, F, shiny|100/100
|turn|6
|inactive|pomini has 30 seconds left.
|
|t:|1782266942
|move|p1b: Garchomp|Protect|p1b: Garchomp
|-singleturn|p1b: Garchomp|Protect
|move|p2a: Floette|Protect|p2a: Floette
|-singleturn|p2a: Floette|Protect
|move|p1a: Raichu|Zap Cannon|p2a: Floette
|-activate|p2a: Floette|move: Protect
|move|p2b: Garchomp|Stomping Tantrum|p1a: Raichu
|-supereffective|p1a: Raichu|1
|-damage|p1a: Raichu|0 fnt
|faint|p1a: Raichu
|
|upkeep
|
|t:|1782266953
|switch|p1a: Gholdengo|Gholdengo, L50|90/100
|turn|7
|
|t:|1782266967
|detailschange|p2a: Floette|Floette-Mega, L50, F
|-mega|p2a: Floette|Floette|Floettite
|-ability|p2a: Floette|Fairy Aura
|move|p1b: Garchomp|Protect||[still]
|-fail|p1b: Garchomp
|move|p2b: Garchomp|Stomping Tantrum|p1a: Gholdengo
|-supereffective|p1a: Gholdengo|1
|-damage|p1a: Gholdengo|19/100
|move|p2a: Floette|Moonblast|p1b: Garchomp
|-supereffective|p1b: Garchomp|1
|-damage|p1b: Garchomp|0 fnt
|faint|p1b: Garchomp
|move|p1a: Gholdengo|Make It Rain|p2a: Floette|[spread] p2a,p2b
|-supereffective|p2a: Floette|1
|-crit|p2b: Garchomp
|-damage|p2a: Floette|16/100
|-damage|p2b: Garchomp|0 fnt
|-unboost|p1a: Gholdengo|spa|2
|faint|p2b: Garchomp
|-damage|p1a: Gholdengo|9/100|[from] item: Life Orb
|
|upkeep
|
|t:|1782266978
|switch|p2b: Basculegion|Basculegion, L50, M|100/100
|turn|8
|-message|pomini forfeited.
|
|win|qb xyz new
