|j|☆MrPhoenixGC
|j|☆Emurdad
|html|MrPhoenixGCEmurdad    
|uhtml|bestof|Game 3 of a best-of-3
|t:|1783468512
|gametype|doubles
|player|p1|MrPhoenixGC|steven|1106
|player|p2|Emurdad|169|1086
|gen|9
|tier|[Gen 9 Champions] VGC 2026 Reg M-B (Bo3)
|rated|
|rule|Species Clause: Limit one of each Pokémon
|rule|Item Clause: Limit 1 of each item
|clearpoke
|poke|p1|Aerodactyl, L50, F|
|poke|p1|Garchomp, L50, M|
|poke|p1|Kingambit, L50, M|
|poke|p1|Charizard, L50, M|
|poke|p1|Sylveon, L50, F|
|poke|p1|Farigiraf, L50, M|
|poke|p2|Staraptor, L50, F|
|poke|p2|Whimsicott, L50, F|
|poke|p2|Sceptile, L50, F|
|poke|p2|Araquanid, L50, F|
|poke|p2|Gholdengo, L50|
|poke|p2|Primarina, L50, F|
|teampreview|4
|showteam|p1|Aerodactyl||Aerodactylite|Unnerve|IceFang,RockSlide,Tailwind,DualWingbeat|Jolly||F|||50|]Garchomp||LifeOrb|RoughSkin|DragonClaw,StompingTantrum,Earthquake,Protect|Jolly||M|||50|]Kingambit||FocusSash|Defiant|SuckerPunch,KowtowCleave,IronHead,LowKick|Adamant||M|||50|]Charizard||CharizarditeY|SolarPower|Protect,WeatherBall,HeatWave,SolarBeam|Modest||M|||50|]Sylveon||FairyFeather|Pixilate|Protect,HyperVoice,HyperBeam,QuickAttack|Modest||F|||50|]Farigiraf||SitrusBerry|ArmorTail|TrickRoom,Thunderbolt,Roar,Psychic|Bold||M|||50|
|showteam|p2|Staraptor||Staraptite|Intimidate|CloseCombat,BraveBird,Roost,Protect|Jolly||F|||50|]Whimsicott||FocusSash|Prankster|Tailwind,Moonblast,Charm,Protect|Calm||F|||50|]Sceptile||Sceptilite|Overgrow|EarthPower,EnergyBall,DragonPulse,Protect|Timid||F|||50|]Araquanid||SitrusBerry|WaterBubble|WideGuard,Liquidation,LeechLife,IceBeam|Sassy||F|||50|]Gholdengo||LifeOrb|GoodasGold|MakeItRain,NastyPlot,ShadowBall,Protect|Modest|||||50|]Primarina||RindoBerry|LiquidVoice|HyperVoice,Moonblast,Protect,IcyWind|Modest||F|||50|
|inactive|Battle timer is ON: inactive players will automatically lose when time's up. (requested by Emurdad)
|inactive|MrPhoenixGC has 60 seconds left.
|inactive|Emurdad has 60 seconds left.
|
|t:|1783468562
|teamsize|p1|4
|teamsize|p2|4
|start
|switch|p1a: Aerodactyl|Aerodactyl, L50, F|100/100
|switch|p1b: Kingambit|Kingambit, L50, M|100/100
|switch|p2a: Primarina|Primarina, L50, F|100/100
|switch|p2b: Gholdengo|Gholdengo, L50|100/100
|-ability|p1a: Aerodactyl|Unnerve
|turn|1
|inactive|MrPhoenixGC has 30 seconds left.
|inactive|Emurdad has 30 seconds left.
|inactive|Emurdad has 20 seconds left.
|inactive|Emurdad has 15 seconds left.
|inactive|Emurdad has 10 seconds left.
|
|t:|1783468610
|switch|p2b: Staraptor|Staraptor, L50, F|100/100
|-ability|p2b: Staraptor|Intimidate|boost
|-unboost|p1a: Aerodactyl|atk|1
|-unboost|p1b: Kingambit|atk|1
|-ability|p1b: Kingambit|Defiant|boost
|-boost|p1b: Kingambit|atk|2
|move|p1a: Aerodactyl|Tailwind|p1a: Aerodactyl
|-sidestart|p1: MrPhoenixGC|move: Tailwind
|move|p1b: Kingambit|Kowtow Cleave|p2a: Primarina
|-resisted|p2a: Primarina|1
|-damage|p2a: Primarina|47/100
|move|p2a: Primarina|Hyper Voice|p1b: Kingambit|[spread] p1a,p1b
|-supereffective|p1a: Aerodactyl|1
|-damage|p1a: Aerodactyl|0 fnt
|-damage|p1b: Kingambit|59/100
|faint|p1a: Aerodactyl
|
|upkeep
|inactive|MrPhoenixGC has 30 seconds left.
|inactive|MrPhoenixGC has 20 seconds left.
|inactive|MrPhoenixGC has 15 seconds left.
|
|t:|1783468653
|switch|p1a: Sylveon|Sylveon, L50, F|100/100
|turn|2
|inactive|MrPhoenixGC has 30 seconds left.
|inactive|Emurdad has 30 seconds left.
|inactive|MrPhoenixGC has 20 seconds left.
|inactive|Emurdad has 20 seconds left.
|inactive|MrPhoenixGC has 15 seconds left.
|inactive|Emurdad has 15 seconds left.
|inactive|Emurdad has 10 seconds left.
|
|t:|1783468702
|switch|p2a: Whimsicott|Whimsicott, L50, F|100/100
|move|p2b: Staraptor|Protect|p2b: Staraptor
|-singleturn|p2b: Staraptor|Protect
|move|p1b: Kingambit|Iron Head|p2b: Staraptor
|-activate|p2b: Staraptor|move: Protect
|move|p1a: Sylveon|Hyper Voice|p2b: Staraptor|[spread] p2a
|-activate|p2b: Staraptor|move: Protect
|-damage|p2a: Whimsicott|54/100
|
|upkeep
|turn|3
|inactive|MrPhoenixGC has 30 seconds left.
|inactive|Emurdad has 30 seconds left.
|inactive|Emurdad has 20 seconds left.
|
|t:|1783468742
|detailschange|p2b: Staraptor|Staraptor-Mega, L50, F
|-mega|p2b: Staraptor|Staraptor|Staraptite
|move|p1b: Kingambit|Sucker Punch|p2b: Staraptor
|-resisted|p2b: Staraptor|1
|-damage|p2b: Staraptor|64/100
|move|p2a: Whimsicott|Tailwind|p2a: Whimsicott
|-sidestart|p2: Emurdad|move: Tailwind
|move|p2b: Staraptor|Close Combat|p1b: Kingambit
|-supereffective|p1b: Kingambit|2
|-damage|p1b: Kingambit|0 fnt
|-boost|p2b: Staraptor|def|1
|-boost|p2b: Staraptor|spd|1
|faint|p1b: Kingambit
|move|p1a: Sylveon|Hyper Voice|p2b: Staraptor|[spread] p2a,p2b
|-supereffective|p2b: Staraptor|1
|-damage|p2a: Whimsicott|7/100
|-damage|p2b: Staraptor|0 fnt
|faint|p2b: Staraptor
|
|upkeep
|
|t:|1783468757
|switch|p2b: Primarina|Primarina, L50, F|47/100
|switch|p1b: Charizard|Charizard, L50, M|100/100
|turn|4
|inactive|MrPhoenixGC has 30 seconds left.
|
|t:|1783468785
|detailschange|p1b: Charizard|Charizard-Mega-Y, L50, M
|-mega|p1b: Charizard|Charizard|Charizardite Y
|-weather|SunnyDay|[from] ability: Drought|[of] p1b: Charizard
|move|p2a: Whimsicott|Protect|p2a: Whimsicott
|-singleturn|p2a: Whimsicott|Protect
|move|p2b: Primarina|Protect|p2b: Primarina
|-singleturn|p2b: Primarina|Protect
|move|p1b: Charizard|Heat Wave|p2a: Whimsicott|[spread] 
|-activate|p2a: Whimsicott|move: Protect
|-activate|p2b: Primarina|move: Protect
|move|p1a: Sylveon|Hyper Voice|p2a: Whimsicott|[spread] 
|-activate|p2a: Whimsicott|move: Protect
|-activate|p2b: Primarina|move: Protect
|
|-weather|SunnyDay|[upkeep]
|-sideend|p1: MrPhoenixGC|move: Tailwind
|upkeep
|turn|5
|
|t:|1783468805
|move|p1b: Charizard|Protect|p1b: Charizard
|-singleturn|p1b: Charizard|Protect
|move|p1a: Sylveon|Protect|p1a: Sylveon
|-singleturn|p1a: Sylveon|Protect
|move|p2a: Whimsicott|Moonblast|p1b: Charizard
|-activate|p1b: Charizard|move: Protect
|move|p2b: Primarina|Hyper Voice|p1b: Charizard|[spread] 
|-activate|p1a: Sylveon|move: Protect
|-activate|p1b: Charizard|move: Protect
|
|-weather|SunnyDay|[upkeep]
|upkeep
|turn|6
|
|t:|1783468829
|move|p1a: Sylveon|Quick Attack|p2a: Whimsicott
|-damage|p2a: Whimsicott|0 fnt
|faint|p2a: Whimsicott
|move|p2b: Primarina|Hyper Voice|p1a: Sylveon|[spread] p1a,p1b
|-supereffective|p1b: Charizard|1
|-damage|p1a: Sylveon|84/100
|-damage|p1b: Charizard|67/100
|move|p1b: Charizard|Solar Beam||[still]
|-prepare|p1b: Charizard|Solar Beam
|-anim|p1b: Charizard|Solar Beam|p2b: Primarina
|-supereffective|p2b: Primarina|1
|-enditem|p2b: Primarina|Rindo Berry|[eat]
|-enditem|p2b: Primarina|Rindo Berry|[weaken]
|-damage|p2b: Primarina|11/100
|
|-weather|SunnyDay|[upkeep]
|-sideend|p2: Emurdad|move: Tailwind
|upkeep
|
|t:|1783468840
|switch|p2a: Gholdengo|Gholdengo, L50|100/100
|turn|7
|
|t:|1783468857
|move|p1a: Sylveon|Protect|p1a: Sylveon
|-singleturn|p1a: Sylveon|Protect
|move|p1b: Charizard|Heat Wave|p2a: Gholdengo|[spread] p2b
|-miss|p1b: Charizard|p2a: Gholdengo
|-resisted|p2b: Primarina|1
|-damage|p2b: Primarina|0 fnt
|faint|p2b: Primarina
|move|p2a: Gholdengo|Shadow Ball|p1b: Charizard
|-damage|p1b: Charizard|21/100
|-damage|p2a: Gholdengo|90/100|[from] item: Life Orb
|
|-weather|SunnyDay|[upkeep]
|upkeep
|turn|8
|
|t:|1783468879
|move|p1b: Charizard|Weather Ball|p2a: Gholdengo
|-supereffective|p2a: Gholdengo|1
|-damage|p2a: Gholdengo|0 fnt
|faint|p2a: Gholdengo
|
|win|MrPhoenixGC
|raw|MrPhoenixGC's rating: 1106 → 1130(+24 for winning)
|raw|Emurdad's rating: 1086 → 1064(-22 for losing)
|l|☆Emurdad
|player|p2|
