|j|☆Jimboslice149
|j|☆schshfh
|html|Jimboslice149schshfh    
|uhtml|bestof|Game 1 of a best-of-3
|t:|1783977367
|gametype|doubles
|player|p1|Jimboslice149|170|1208
|player|p2|schshfh|lance|1114
|gen|9
|tier|[Gen 9 Champions] VGC 2026 Reg M-B (Bo3)
|rated|
|rule|Species Clause: Limit one of each Pokémon
|rule|Item Clause: Limit 1 of each item
|clearpoke
|poke|p1|Sneasler, L50, M|
|poke|p1|Delphox, L50, F|
|poke|p1|Meowstic, L50, M|
|poke|p1|Klefki, L50, M|
|poke|p1|Sableye, L50, F|
|poke|p1|Overqwil, L50, M|
|poke|p2|Aerodactyl, L50, M|
|poke|p2|Sylveon, L50, F|
|poke|p2|Farigiraf, L50, F|
|poke|p2|Charizard, L50, M|
|poke|p2|Garchomp, L50, F|
|poke|p2|Kingambit, L50, F|
|teampreview|4
|showteam|p1|Sneasler||FocusSash|Unburden|FakeOut,PoisonJab,CloseCombat,QuickGuard|Adamant||M|||50|]Delphox||Delphoxite|Blaze|StoredPower,HeatWave,Substitute,PsychUp|Timid||F|||50|]Meowstic||BrightPowder|Prankster|Yawn,FakeOut,SkillSwap,SunnyDay|Careful||M|||50|]Klefki||SitrusBerry|Prankster|PsychUp,CalmMind,Substitute,DrainingKiss|Bold||M|||50|]Sableye||Sablenite|Prankster|FoulPlay,WillOWisp,PsychUp,PainSplit|Calm||F|||50|]Overqwil||Leftovers|Intimidate|BarbBarrage,Protect,Minimize,Stockpile|Careful||M|||50|
|showteam|p2|Aerodactyl||Aerodactylite|Unnerve|RockSlide,IceFang,Tailwind,DualWingbeat|Jolly||M|||50|]Sylveon||FairyFeather|Pixilate|HyperVoice,HyperBeam,QuickAttack,Detect|Modest||F|||50|]Farigiraf||SitrusBerry|ArmorTail|Psychic,HelpingHand,TrickRoom,Protect|Bold||F|||50|]Charizard||CharizarditeY|Blaze|HeatWave,SolarBeam,WeatherBall,Protect|Modest||M|||50|]Garchomp||LifeOrb|RoughSkin|Earthquake,DragonClaw,StompingTantrum,Protect|Jolly||F|||50|]Kingambit||FocusSash|Defiant|KowtowCleave,IronHead,LowKick,SuckerPunch|Adamant||F|||50|
|inactive|Battle timer is ON: inactive players will automatically lose when time's up. (requested by Jimboslice149)
|inactive|Jimboslice149 has 60 seconds left.
|inactive|schshfh has 60 seconds left.
|inactive|schshfh has 30 seconds left.
|inactive|schshfh has 20 seconds left.
|inactive|schshfh has 15 seconds left.
|inactive|schshfh has 10 seconds left.
|inactive|schshfh has 5 seconds left.
|
|t:|1783977454
|teamsize|p1|4
|teamsize|p2|4
|start
|switch|p1a: Delphox|Delphox, L50, F|100/100
|switch|p1b: Meowstic|Meowstic, L50, M|100/100
|switch|p2a: Aerodactyl|Aerodactyl, L50, M|100/100
|switch|p2b: Kingambit|Kingambit, L50, F|100/100
|-ability|p2a: Aerodactyl|Unnerve
|turn|1
|inactive|schshfh has 30 seconds left.
|inactive|schshfh has 20 seconds left.
|inactive|schshfh has 15 seconds left.
|
|t:|1783977495
|detailschange|p1a: Delphox|Delphox-Mega, L50, F
|-mega|p1a: Delphox|Delphox|Delphoxite
|move|p1b: Meowstic|Fake Out|p2a: Aerodactyl
|-resisted|p2a: Aerodactyl|1
|-damage|p2a: Aerodactyl|96/100
|move|p2b: Kingambit|Sucker Punch||[still]
|-fail|p2b: Kingambit
|move|p1a: Delphox|Substitute|p1a: Delphox
|-start|p1a: Delphox|Substitute
|-damage|p1a: Delphox|75/100
|cant|p2a: Aerodactyl|flinch
|
|upkeep
|turn|2
|inactive|schshfh has 30 seconds left.
|
|t:|1783977525
|switch|p2b: Charizard|Charizard, L50, M|100/100
|move|p1b: Meowstic|Sunny Day|p1b: Meowstic
|-weather|SunnyDay
|move|p1a: Delphox|Heat Wave|p2a: Aerodactyl|[spread] p2a,p2b
|-resisted|p2a: Aerodactyl|1
|-resisted|p2b: Charizard|1
|-damage|p2a: Aerodactyl|59/100
|-damage|p2b: Charizard|65/100
|move|p2a: Aerodactyl|Tailwind|p2a: Aerodactyl
|-sidestart|p2: schshfh|move: Tailwind
|
|-weather|SunnyDay|[upkeep]
|upkeep
|turn|3
|inactive|Jimboslice149 has 30 seconds left.
|
|t:|1783977551
|detailschange|p2b: Charizard|Charizard-Mega-Y, L50, M
|-mega|p2b: Charizard|Charizard|Charizardite Y
|move|p1b: Meowstic|Yawn|p2b: Charizard
|-start|p2b: Charizard|move: Yawn|[of] p1b: Meowstic
|move|p2a: Aerodactyl|Rock Slide|p1b: Meowstic|[spread] p1a,p1b
|-supereffective|p1a: Delphox|1
|-end|p1a: Delphox|Substitute
|-damage|p1b: Meowstic|72/100
|move|p2b: Charizard|Heat Wave|p1a: Delphox|[spread] p1b
|-miss|p2b: Charizard|p1a: Delphox
|-damage|p1b: Meowstic|27/100
|move|p1a: Delphox|Heat Wave|p2b: Charizard|[spread] p2a
|-miss|p1a: Delphox|p2b: Charizard
|-resisted|p2a: Aerodactyl|1
|-damage|p2a: Aerodactyl|18/100
|
|-weather|SunnyDay|[upkeep]
|upkeep
|turn|4
|inactive|Jimboslice149 has 30 seconds left.
|inactive|schshfh has 30 seconds left.
|
|t:|1783977577
|switch|p2b: Sylveon|Sylveon, L50, F|100/100
|move|p1b: Meowstic|Yawn|p2a: Aerodactyl
|-start|p2a: Aerodactyl|move: Yawn|[of] p1b: Meowstic
|move|p2a: Aerodactyl|Rock Slide|p1a: Delphox|[spread] p1a
|-miss|p2a: Aerodactyl|p1b: Meowstic
|-supereffective|p1a: Delphox|1
|-damage|p1a: Delphox|11/100
|move|p1a: Delphox|Substitute|p1a: Delphox
|-fail|p1a: Delphox|move: Substitute|[weak]
|
|-weather|SunnyDay|[upkeep]
|upkeep
|turn|5
|
|t:|1783977600
|switch|p2a: Charizard|Charizard-Mega-Y, L50, M|65/100
|move|p1b: Meowstic|Skill Swap|p2b: Sylveon
|-activate|p1b: Meowstic|Skill Swap|Pixilate|Prankster|[of] p2b: Sylveon
|move|p1a: Delphox|Heat Wave|p2a: Charizard|[spread] p2a,p2b
|-resisted|p2a: Charizard|1
|-damage|p2a: Charizard|38/100
|-damage|p2b: Sylveon|53/100
|move|p2b: Sylveon|Hyper Voice|p1a: Delphox|[spread] p1a,p1b
|-damage|p1a: Delphox|0 fnt
|-damage|p1b: Meowstic|7/100
|faint|p1a: Delphox
|
|-weather|SunnyDay|[upkeep]
|-sideend|p2: schshfh|move: Tailwind
|upkeep
|
|t:|1783977621
|switch|p1a: Overqwil|Overqwil, L50, M|100/100
|-ability|p1a: Overqwil|Intimidate|boost
|-unboost|p2a: Charizard|atk|1
|-unboost|p2b: Sylveon|atk|1
|turn|6
|inactive|schshfh has 30 seconds left.
|
|t:|1783977652
|move|p2a: Charizard|Heat Wave|p1a: Overqwil|[spread] p1a,p1b
|-crit|p1b: Meowstic
|-damage|p1a: Overqwil|48/100
|-damage|p1b: Meowstic|0 fnt
|faint|p1b: Meowstic
|move|p1a: Overqwil|Minimize|p1a: Overqwil
|-boost|p1a: Overqwil|evasion|2
|move|p2b: Sylveon|Hyper Voice|p1a: Overqwil|[miss]
|-miss|p2b: Sylveon|p1a: Overqwil
|
|-weather|none
|-heal|p1a: Overqwil|54/100|[from] item: Leftovers
|upkeep
|
|t:|1783977664
|switch|p1b: Klefki|Klefki, L50, M|100/100
|turn|7
|
|t:|1783977683
|switch|p2a: Aerodactyl|Aerodactyl, L50, M|18/100
|-ability|p2a: Aerodactyl|Unnerve
|move|p1a: Overqwil|Protect|p1a: Overqwil
|-singleturn|p1a: Overqwil|Protect
|move|p1b: Klefki|Substitute|p1b: Klefki
|-start|p1b: Klefki|Substitute
|-damage|p1b: Klefki|75/100
|move|p2b: Sylveon|Hyper Voice|p1b: Klefki|[spread] p1b
|-activate|p1a: Overqwil|move: Protect
|-resisted|p1b: Klefki|1
|-damage|p1b: Klefki|61/100
|
|-heal|p1a: Overqwil|60/100|[from] item: Leftovers
|upkeep
|turn|8
|
|t:|1783977706
|switch|p2b: Kingambit|Kingambit, L50, F|100/100
|move|p2a: Aerodactyl|Rock Slide|p1a: Overqwil|[spread] p1a,p1b
|-resisted|p1b: Klefki|1
|-activate|p1b: Klefki|move: Substitute|[damage]
|-damage|p1a: Overqwil|38/100
|move|p1a: Overqwil|Minimize|p1a: Overqwil
|-boost|p1a: Overqwil|evasion|2
|move|p1b: Klefki|Draining Kiss|p2a: Aerodactyl
|-damage|p2a: Aerodactyl|0 fnt
|-heal|p1b: Klefki|76/100|[from] drain|[of] p2a: Aerodactyl
|faint|p2a: Aerodactyl
|
|-heal|p1a: Overqwil|44/100|[from] item: Leftovers
|upkeep
|
|t:|1783977722
|switch|p2a: Charizard|Charizard-Mega-Y, L50, M|38/100
|-weather|SunnyDay|[from] ability: Drought|[of] p2a: Charizard
|turn|9
|
|t:|1783977739
|move|p1b: Klefki|Psych Up|p1a: Overqwil
|-copyboost|p1b: Klefki|p1a: Overqwil|[from] move: Psych Up
|move|p2a: Charizard|Heat Wave|p1a: Overqwil|[spread] p1a
|-miss|p2a: Charizard|p1b: Klefki
|-damage|p1a: Overqwil|0 fnt
|faint|p1a: Overqwil
|move|p2b: Kingambit|Kowtow Cleave|p1b: Klefki
|-resisted|p1b: Klefki|1
|-end|p1b: Klefki|Substitute
|
|-weather|SunnyDay|[upkeep]
|upkeep
|turn|10
|
|t:|1783977754
|move|p1b: Klefki|Substitute|p1b: Klefki
|-start|p1b: Klefki|Substitute
|-damage|p1b: Klefki|52/100
|move|p2a: Charizard|Weather Ball|p1b: Klefki|[miss]
|-miss|p2a: Charizard|p1b: Klefki
|move|p2b: Kingambit|Kowtow Cleave|p1b: Klefki
|-resisted|p1b: Klefki|1
|-activate|p1b: Klefki|move: Substitute|[damage]
|
|-weather|SunnyDay|[upkeep]
|upkeep
|turn|11
|
|t:|1783977770
|move|p1b: Klefki|Calm Mind|p1b: Klefki
|-boost|p1b: Klefki|spa|1
|-boost|p1b: Klefki|spd|1
|move|p2a: Charizard|Weather Ball|p1b: Klefki|[miss]
|-miss|p2a: Charizard|p1b: Klefki
|move|p2b: Kingambit|Kowtow Cleave|p1b: Klefki
|-resisted|p1b: Klefki|1
|-end|p1b: Klefki|Substitute
|
|-weather|SunnyDay|[upkeep]
|upkeep
|turn|12
|
|t:|1783977785
|move|p1b: Klefki|Substitute|p1b: Klefki
|-start|p1b: Klefki|Substitute
|-damage|p1b: Klefki|27/100
|-enditem|p1b: Klefki|Sitrus Berry|[eat]
|-heal|p1b: Klefki|52/100|[from] item: Sitrus Berry
|move|p2a: Charizard|Weather Ball|p1b: Klefki|[miss]
|-miss|p2a: Charizard|p1b: Klefki
|move|p2b: Kingambit|Kowtow Cleave|p1b: Klefki
|-resisted|p1b: Klefki|1
|-activate|p1b: Klefki|move: Substitute|[damage]
|
|-weather|SunnyDay|[upkeep]
|upkeep
|turn|13
|
|t:|1783977794
|move|p2a: Charizard|Weather Ball|p1b: Klefki|[miss]
|-miss|p2a: Charizard|p1b: Klefki
|move|p2b: Kingambit|Kowtow Cleave|p1b: Klefki
|-resisted|p1b: Klefki|1
|-crit|p1b: Klefki
|-end|p1b: Klefki|Substitute
|move|p1b: Klefki|Draining Kiss|p2a: Charizard
|-resisted|p2a: Charizard|1
|-crit|p2a: Charizard
|-damage|p2a: Charizard|23/100
|-heal|p1b: Klefki|64/100|[from] drain|[of] p2a: Charizard
|
|-weather|none
|upkeep
|turn|14
|
|t:|1783977800
|switch|p2a: Sylveon|Sylveon, L50, F|53/100
|move|p1b: Klefki|Substitute|p1b: Klefki
|-start|p1b: Klefki|Substitute
|-damage|p1b: Klefki|39/100
|move|p2b: Kingambit|Kowtow Cleave|p1b: Klefki
|-resisted|p1b: Klefki|1
|-activate|p1b: Klefki|move: Substitute|[damage]
|
|upkeep
|turn|15
|
|t:|1783977820
|move|p2b: Kingambit|Kowtow Cleave|p1b: Klefki
|-resisted|p1b: Klefki|1
|-end|p1b: Klefki|Substitute
|move|p1b: Klefki|Draining Kiss|p2b: Kingambit
|-damage|p2b: Kingambit|72/100
|-heal|p1b: Klefki|61/100|[from] drain|[of] p2b: Kingambit
|move|p2a: Sylveon|Hyper Voice|p1b: Klefki|[miss]
|-miss|p2a: Sylveon|p1b: Klefki
|
|upkeep
|turn|16
|
|t:|1783977832
|move|p1b: Klefki|Substitute|p1b: Klefki
|-start|p1b: Klefki|Substitute
|-damage|p1b: Klefki|37/100
|move|p2b: Kingambit|Kowtow Cleave|p1b: Klefki
|-resisted|p1b: Klefki|1
|-activate|p1b: Klefki|move: Substitute|[damage]
|move|p2a: Sylveon|Hyper Voice|p1b: Klefki|[miss]
|-miss|p2a: Sylveon|p1b: Klefki
|
|upkeep
|turn|17
|
|t:|1783977837
|move|p2b: Kingambit|Kowtow Cleave|p1b: Klefki
|-resisted|p1b: Klefki|1
|-end|p1b: Klefki|Substitute
|move|p1b: Klefki|Draining Kiss|p2b: Kingambit
|-damage|p2b: Kingambit|48/100
|-heal|p1b: Klefki|57/100|[from] drain|[of] p2b: Kingambit
|move|p2a: Sylveon|Hyper Voice|p1b: Klefki|[miss]
|-miss|p2a: Sylveon|p1b: Klefki
|
|upkeep
|turn|18
|
|t:|1783977843
|move|p2b: Kingambit|Kowtow Cleave|p1b: Klefki
|-resisted|p1b: Klefki|1
|-crit|p1b: Klefki
|-damage|p1b: Klefki|27/100
|move|p1b: Klefki|Draining Kiss|p2b: Kingambit
|-damage|p2b: Kingambit|24/100
|-heal|p1b: Klefki|47/100|[from] drain|[of] p2b: Kingambit
|move|p2a: Sylveon|Hyper Voice|p1b: Klefki|[miss]
|-miss|p2a: Sylveon|p1b: Klefki
|
|upkeep
|turn|19
|
|t:|1783977864
|move|p1b: Klefki|Substitute|p1b: Klefki
|-start|p1b: Klefki|Substitute
|-damage|p1b: Klefki|22/100
|move|p2b: Kingambit|Kowtow Cleave|p1b: Klefki
|-resisted|p1b: Klefki|1
|-activate|p1b: Klefki|move: Substitute|[damage]
|move|p2a: Sylveon|Hyper Voice|p1b: Klefki
|-resisted|p1b: Klefki|1
|-damage|p1b: Klefki|0 fnt
|faint|p1b: Klefki
|
|win|schshfh
||schshfh is ready for game 2.
|l|☆Jimboslice149
|player|p1|
|inactive|Jimboslice149 has 30 seconds to confirm battle start!
|raw|Jimboslice149's rating: 1208 → 1176(-32 for losing)
|raw|schshfh's rating: 1114 → 1146(+32 for winning)
