|j|☆f0rtecs
|j|☆breloomb01
|html|f0rtecsbreloomb01    
|uhtml|bestof|Game 3 of a best-of-3
|t:|1785434506
|gametype|doubles
|player|p1|f0rtecs|lance|1173
|player|p2|breloomb01|roughneck|1219
|gen|9
|tier|[Gen 9 Champions] VGC 2026 Reg M-B (Bo3)
|rated|
|rule|Species Clause: Limit one of each Pokémon
|rule|Item Clause: Limit 1 of each item
|clearpoke
|poke|p1|Sneasler, L50, F|
|poke|p1|Basculegion, L50, M|
|poke|p1|Froslass, L50, F|
|poke|p1|Ceruledge, L50, M|
|poke|p1|Kingambit, L50, M|
|poke|p1|Dragonite, L50, F|
|poke|p2|Floette-Eternal, L50, F|
|poke|p2|Incineroar, L50, F|
|poke|p2|Sinistcha, L50|
|poke|p2|Garchomp, L50, F|
|poke|p2|Sneasler, L50, F|
|poke|p2|Rotom-Wash, L50|
|teampreview|4
|showteam|p1|Sneasler||WhiteHerb|Unburden|CloseCombat,DireClaw,FakeOut,Protect|Jolly||F|||50|]Basculegion||ChoiceScarf|Adaptability|WaveCrash,LastRespects,AquaJet,FlipTurn|Jolly||M|||50|]Froslass||Froslassite|SnowCloak|Blizzard,ShadowBall,AuroraVeil,Protect|Modest||F|||50|]Ceruledge||ColburBerry|FlashFire|BitterBlade,ShadowSneak,SwordsDance,Protect|Jolly||M|||50|]Kingambit||BlackGlasses|Defiant|KowtowCleave,LowKick,SuckerPunch,Protect|Adamant||M|||50|]Dragonite||Dragoninite|Multiscale|DragonPulse,Flamethrower,Tailwind,Protect|Modest||F|||50|
|showteam|p2|Floette-Eternal||Floettite|FlowerVeil|DrainingKiss,DazzlingGleam,CalmMind,Protect|Modest||F|||50|]Incineroar||SitrusBerry|Intimidate|FakeOut,FlareBlitz,ThroatChop,PartingShot|Careful||F|||50|]Sinistcha||KasibBerry|Hospitality|Protect,RagePowder,MatchaGotcha,TrickRoom|Calm|||||50|]Garchomp||LifeOrb|RoughSkin|Earthquake,DragonClaw,RockSlide,Protect|Jolly||F|||50|]Sneasler||FocusSash|PoisonTouch|FakeOut,DireClaw,CloseCombat,Protect|Jolly||F|||50|]Rotom-Wash||Leftovers|Levitate|HydroPump,Protect,WillOWisp,Electroweb|Bold|||||50|
|inactive|Battle timer is ON: inactive players will automatically lose when time's up. (requested by f0rtecs)
|
|t:|1785434530
|teamsize|p1|4
|teamsize|p2|4
|start
|switch|p1a: Kingambit|Kingambit, L50, M|100/100
|switch|p1b: Sneasler|Sneasler, L50, F|100/100
|switch|p2a: Floette|Floette-Eternal, L50, F|100/100
|switch|p2b: Sneasler|Sneasler, L50, F|100/100
|turn|1
|
|t:|1785434547
|detailschange|p2a: Floette|Floette-Mega, L50, F
|-mega|p2a: Floette|Floette|Floettite
|-ability|p2a: Floette|Fairy Aura
|move|p1a: Kingambit|Protect|p1a: Kingambit
|-singleturn|p1a: Kingambit|Protect
|move|p1b: Sneasler|Fake Out|p2a: Floette
|-damage|p2a: Floette|83/100
|move|p2b: Sneasler|Fake Out|p1b: Sneasler
|-damage|p1b: Sneasler|73/100
|cant|p2a: Floette|flinch
|
|upkeep
|turn|2
|
|t:|1785434564
|switch|p2a: Rotom|Rotom-Wash, L50|100/100
|switch|p1a: Froslass|Froslass, L50, F|100/100
|move|p1b: Sneasler|Dire Claw|p2a: Rotom
|-damage|p2a: Rotom|64/100
|move|p2b: Sneasler|Close Combat|p1a: Froslass
|-immune|p1a: Froslass
|
|-heal|p2a: Rotom|69/100|[from] item: Leftovers
|upkeep
|turn|3
|
|t:|1785434588
|detailschange|p1a: Froslass|Froslass-Mega, L50, F
|-mega|p1a: Froslass|Froslass|Froslassite
|-weather|Snowscape|[from] ability: Snow Warning|[of] p1a: Froslass
|move|p1b: Sneasler|Close Combat|p2a: Rotom
|-damage|p2a: Rotom|10/100
|-unboost|p1b: Sneasler|def|1
|-unboost|p1b: Sneasler|spd|1
|-enditem|p1b: Sneasler|White Herb
|-clearnegativeboost|p1b: Sneasler|[silent]
|move|p2b: Sneasler|Dire Claw|p1a: Froslass
|-resisted|p1a: Froslass|1
|-damage|p1a: Froslass|77/100
|move|p1a: Froslass|Aurora Veil|p1a: Froslass
|-sidestart|p1: f0rtecs|move: Aurora Veil
|move|p2a: Rotom|Will-O-Wisp|p1b: Sneasler
|-status|p1b: Sneasler|brn
|
|-weather|Snowscape|[upkeep]
|-heal|p2a: Rotom|16/100|[from] item: Leftovers
|-damage|p1b: Sneasler|68/100 brn|[from] brn
|upkeep
|turn|4
|
|t:|1785434612
|switch|p1b: Kingambit|Kingambit, L50, M|100/100
|move|p2a: Rotom|Protect|p2a: Rotom
|-singleturn|p2a: Rotom|Protect
|move|p2b: Sneasler|Dire Claw|p1a: Froslass
|-resisted|p1a: Froslass|1
|-damage|p1a: Froslass|62/100
|-status|p1a: Froslass|psn|[from] ability: Poison Touch|[of] p2b: Sneasler
|move|p1a: Froslass|Blizzard|p2b: Sneasler|[spread] p2b
|-activate|p2a: Rotom|move: Protect
|-damage|p2b: Sneasler|26/100
|
|-weather|Snowscape|[upkeep]
|-heal|p2a: Rotom|22/100|[from] item: Leftovers
|-damage|p1a: Froslass|50/100g psn|[from] psn
|upkeep
|turn|5
|
|t:|1785434632
|switch|p2b: Sinistcha|Sinistcha, L50|100/100
|-heal|p2a: Rotom|47/100|[from] ability: Hospitality|[of] p2b: Sinistcha
|move|p1b: Kingambit|Sucker Punch||[still]
|-fail|p1b: Kingambit
|move|p1a: Froslass|Blizzard|p2a: Rotom|[spread] p2a,p2b
|-resisted|p2a: Rotom|1
|-supereffective|p2b: Sinistcha|1
|-damage|p2a: Rotom|22/100
|-damage|p2b: Sinistcha|12/100
|move|p2a: Rotom|Will-O-Wisp|p1b: Kingambit
|-status|p1b: Kingambit|brn
|
|-weather|Snowscape|[upkeep]
|-heal|p2a: Rotom|28/100|[from] item: Leftovers
|-damage|p1a: Froslass|38/100 psn|[from] psn
|-damage|p1b: Kingambit|94/100 brn|[from] brn
|upkeep
|turn|6
|
|t:|1785434656
|switch|p2b: Floette|Floette-Mega, L50, F|83/100
|-ability|p2b: Floette|Fairy Aura
|move|p2a: Rotom|Protect|p2a: Rotom
|-singleturn|p2a: Rotom|Protect
|move|p1a: Froslass|Shadow Ball|p2a: Rotom
|-activate|p2a: Rotom|move: Protect
|move|p1b: Kingambit|Kowtow Cleave|p2a: Rotom
|-activate|p2a: Rotom|move: Protect
|
|-weather|Snowscape|[upkeep]
|-heal|p2a: Rotom|33/100|[from] item: Leftovers
|-damage|p1a: Froslass|25/100 psn|[from] psn
|-damage|p1b: Kingambit|88/100 brn|[from] brn
|upkeep
|turn|7
|
|t:|1785434676
|switch|p2a: Sinistcha|Sinistcha, L50|12/100
|-heal|p2b: Floette|100/100|[from] ability: Hospitality|[of] p2a: Sinistcha
|move|p1b: Kingambit|Protect|p1b: Kingambit
|-singleturn|p1b: Kingambit|Protect
|move|p1a: Froslass|Shadow Ball|p2a: Sinistcha
|-supereffective|p2a: Sinistcha|1
|-enditem|p2a: Sinistcha|Kasib Berry|[eat]
|-enditem|p2a: Sinistcha|Kasib Berry|[weaken]
|-damage|p2a: Sinistcha|0 fnt
|faint|p2a: Sinistcha
|move|p2b: Floette|Calm Mind|p2b: Floette
|-boost|p2b: Floette|spa|1
|-boost|p2b: Floette|spd|1
|
|-weather|none
|-damage|p1a: Froslass|13/100 psn|[from] psn
|-damage|p1b: Kingambit|82/100 brn|[from] brn
|-sideend|p1: f0rtecs|move: Aurora Veil
|upkeep
|
|t:|1785434684
|switch|p2a: Sneasler|Sneasler, L50, F|26/100
|turn|8
|
|t:|1785434698
|move|p2a: Sneasler|Fake Out|p1b: Kingambit
|-resisted|p1b: Kingambit|1
|-damage|p1b: Kingambit|77/100 brn
|move|p1a: Froslass|Blizzard|p2a: Sneasler|[spread] p2a,p2b
|-damage|p2a: Sneasler|0 fnt
|-damage|p2b: Floette|76/100
|-status|p2b: Floette|frz
|faint|p2a: Sneasler
|cant|p2b: Floette|frz
|cant|p1b: Kingambit|flinch
|
|-damage|p1a: Froslass|1/100 psn|[from] psn
|-damage|p1b: Kingambit|71/100 brn|[from] brn
|upkeep
|
|t:|1785434702
|switch|p2a: Rotom|Rotom-Wash, L50|33/100
|turn|9
|
|t:|1785434719
|move|p2a: Rotom|Protect|p2a: Rotom
|-singleturn|p2a: Rotom|Protect
|move|p1b: Kingambit|Sucker Punch||[still]
|-fail|p1b: Kingambit
|move|p1a: Froslass|Shadow Ball|p2a: Rotom
|-activate|p2a: Rotom|move: Protect
|cant|p2b: Floette|frz
|
|-heal|p2a: Rotom|39/100|[from] item: Leftovers
|-damage|p1a: Froslass|0 fnt|[from] psn
|faint|p1a: Froslass
|-damage|p1b: Kingambit|65/100 brn|[from] brn
|upkeep
|
|t:|1785434733
|switch|p1a: Sneasler|Sneasler, L50, F|68/100 brn
|turn|10
|
|t:|1785434741
|move|p1a: Sneasler|Fake Out|p2a: Rotom
|-damage|p2a: Rotom|33/100
|-curestatus|p2b: Floette|frz|[msg]
|move|p2b: Floette|Draining Kiss|p1b: Kingambit
|-damage|p1b: Kingambit|4/100 brn
|-heal|p2b: Floette|100/100|[from] drain|[of] p1b: Kingambit
|cant|p2a: Rotom|flinch
|move|p1b: Kingambit|Kowtow Cleave|p2b: Floette
|-resisted|p2b: Floette|1
|-damage|p2b: Floette|83/100
|
|-heal|p2a: Rotom|39/100|[from] item: Leftovers
|-damage|p1a: Sneasler|62/100 brn|[from] brn
|-damage|p1b: Kingambit|0 fnt|[from] brn
|faint|p1b: Kingambit
|upkeep
|
|t:|1785434755
|switch|p1b: Basculegion|Basculegion, L50, M|100/100
|turn|11
|
|t:|1785434762
|move|p1b: Basculegion|Last Respects|p2a: Rotom
|-damage|p2a: Rotom|0 fnt
|faint|p2a: Rotom
|move|p1a: Sneasler|Dire Claw|p2b: Floette
|-supereffective|p2b: Floette|1
|-damage|p2b: Floette|40/100
|move|p2b: Floette|Draining Kiss|p1b: Basculegion
|-damage|p1b: Basculegion|24/100
|-heal|p2b: Floette|100/100|[from] drain|[of] p1b: Basculegion
|
|-damage|p1a: Sneasler|56/100 brn|[from] brn
|upkeep
|turn|12
|
|t:|1785434775
|move|p1b: Basculegion|Last Respects|p2b: Floette
|-damage|p2b: Floette|0 fnt
|faint|p2b: Floette
|
|win|f0rtecs
|raw|f0rtecs's rating: 1173 → 1201(+28 for winning)
|raw|breloomb01's rating: 1219 → 1191(-28 for losing)
