|j|☆SunshineTufo
|j|☆FieryFIame
|html|SunshineTufoFieryFIame    
|uhtml|bestof|Game 1 of a best-of-3
|t:|1784232997
|gametype|doubles
|player|p1|SunshineTufo|li|1201
|player|p2|FieryFIame|265|1110
|gen|9
|tier|[Gen 9 Champions] VGC 2026 Reg M-B (Bo3)
|rated|
|rule|Species Clause: Limit one of each Pokémon
|rule|Item Clause: Limit 1 of each item
|clearpoke
|poke|p1|Charizard, L50, M, shiny|
|poke|p1|Incineroar, L50, M, shiny|
|poke|p1|Sylveon, L50, M, shiny|
|poke|p1|Aerodactyl, L50, M, shiny|
|poke|p1|Garchomp, L50, M, shiny|
|poke|p1|Farigiraf, L50, M, shiny|
|poke|p2|Venusaur, L50, F|
|poke|p2|Charizard, L50, M|
|poke|p2|Garchomp, L50, F|
|poke|p2|Annihilape, L50, M|
|poke|p2|Incineroar, L50, M|
|poke|p2|Toxapex, L50, F|
|teampreview|4
|showteam|p1|Charizard||CharizarditeY|SolarPower|HeatWave,WeatherBall,SolarBeam,Protect|Modest||M|||50|]Incineroar||Charcoal|Intimidate|FlareBlitz,DarkestLariat,PartingShot,FakeOut|Brave||M|||50|]Sylveon||FairyFeather|Pixilate|HyperVoice,QuickAttack,HyperBeam,Detect|Modest||M|||50|]Aerodactyl||Aerodactylite|Unnerve|WideGuard,RockSlide,DualWingbeat,Tailwind|Jolly||M|||50|]Garchomp||LifeOrb|RoughSkin|Protect,RockSlide,DragonClaw,Earthquake|Adamant||M|||50|]Farigiraf||SitrusBerry|ArmorTail|SunnyDay,PsychicFangs,Thunderbolt,TrickRoom|Relaxed||M|||50|
|showteam|p2|Venusaur||LifeOrb|Chlorophyll|SolarBeam,SludgeBomb,EarthPower,Protect|Modest||F|||50|]Charizard||CharizarditeY|Blaze|HeatWave,WeatherBall,HelpingHand,Protect|Modest||M|||50|]Garchomp||ChoiceScarf|RoughSkin|DragonClaw,Earthquake,RockSlide,StompingTantrum|Adamant||F|||50|]Annihilape||FocusSash|Defiant|CloseCombat,PhantomForce,RockTomb,Protect|Jolly||M|||50|]Incineroar||SitrusBerry|Intimidate|FakeOut,PartingShot,ThroatChop,FlareBlitz|Impish||M|||50|]Toxapex||Leftovers|Regenerator|Toxic,Infestation,BanefulBunker,WideGuard|Bold||F|||50|
|inactive|Battle timer is ON: inactive players will automatically lose when time's up. (requested by SunshineTufo)
|inactive|SunshineTufo has 60 seconds left.
|
|t:|1784233038
|teamsize|p1|4
|teamsize|p2|4
|start
|switch|p1a: Aerodactyl|Aerodactyl, L50, M, shiny|100/100
|switch|p1b: Sylveon|Sylveon, L50, M, shiny|100/100
|switch|p2a: Incineroar|Incineroar, L50, M|100/100
|switch|p2b: Toxapex|Toxapex, L50, F|100/100
|-ability|p1a: Aerodactyl|Unnerve
|-ability|p2a: Incineroar|Intimidate|boost
|-unboost|p1a: Aerodactyl|atk|1
|-unboost|p1b: Sylveon|atk|1
|turn|1
|inactive|SunshineTufo has 30 seconds left.
|inactive|FieryFIame has 30 seconds left.
|
|t:|1784233070
|move|p2a: Incineroar|Fake Out|p1b: Sylveon
|-damage|p1b: Sylveon|87/100
|move|p1a: Aerodactyl|Rock Slide|p2a: Incineroar|[spread] p2a,p2b
|-supereffective|p2a: Incineroar|1
|-damage|p2a: Incineroar|78/100
|-damage|p2b: Toxapex|90/100
|cant|p1b: Sylveon|flinch
|move|p2b: Toxapex|Infestation|p1a: Aerodactyl
|-resisted|p1a: Aerodactyl|1
|-damage|p1a: Aerodactyl|98/100
|-activate|p1a: Aerodactyl|move: Infestation|[of] p2b: Toxapex
|
|-heal|p2b: Toxapex|96/100|[from] item: Leftovers
|-damage|p1a: Aerodactyl|86/100|[from] move: Infestation|[partiallytrapped]
|upkeep
|turn|2
|
|t:|1784233088
|move|p2b: Toxapex|Wide Guard|p2b: Toxapex
|-singleturn|p2b: Toxapex|Wide Guard
|move|p1a: Aerodactyl|Rock Slide|p2a: Incineroar|[spread] 
|-activate|p2a: Incineroar|move: Wide Guard
|-activate|p2b: Toxapex|move: Wide Guard
|move|p1b: Sylveon|Hyper Beam|p2a: Incineroar
|-damage|p2a: Incineroar|0 fnt
|-mustrecharge|p1b: Sylveon
|faint|p2a: Incineroar
|
|-heal|p2b: Toxapex|100/100|[from] item: Leftovers
|-damage|p1a: Aerodactyl|74/100|[from] move: Infestation|[partiallytrapped]
|upkeep
|
|t:|1784233107
|switch|p2a: Charizard|Charizard, L50, M|100/100
|turn|3
|
|t:|1784233127
|detailschange|p2a: Charizard|Charizard-Mega-Y, L50, M
|-mega|p2a: Charizard|Charizard|Charizardite Y
|-weather|SunnyDay|[from] ability: Drought|[of] p2a: Charizard
|move|p1a: Aerodactyl|Wide Guard|p1a: Aerodactyl
|-singleturn|p1a: Aerodactyl|Wide Guard
|move|p2b: Toxapex|Wide Guard|p2b: Toxapex
|-singleturn|p2b: Toxapex|Wide Guard
|move|p2a: Charizard|Heat Wave|p1b: Sylveon|[spread] 
|-activate|p1a: Aerodactyl|move: Wide Guard
|-activate|p1b: Sylveon|move: Wide Guard
|cant|p1b: Sylveon|recharge
|
|-weather|SunnyDay|[upkeep]
|-damage|p1a: Aerodactyl|62/100|[from] move: Infestation|[partiallytrapped]
|upkeep
|turn|4
|inactive|FieryFIame has 30 seconds left.
|
|t:|1784233154
|move|p2a: Charizard|Protect|p2a: Charizard
|-singleturn|p2a: Charizard|Protect
|move|p1b: Sylveon|Detect|p1b: Sylveon
|-singleturn|p1b: Sylveon|Protect
|move|p1a: Aerodactyl|Dual Wingbeat|p2a: Charizard
|-activate|p2a: Charizard|move: Protect
|move|p2b: Toxapex|Toxic|p1b: Sylveon
|-activate|p1b: Sylveon|move: Protect
|
|-weather|SunnyDay|[upkeep]
|-damage|p1a: Aerodactyl|50/100g|[from] move: Infestation|[partiallytrapped]
|upkeep
|turn|5
|
|t:|1784233175
|move|p2b: Toxapex|Wide Guard|p2b: Toxapex
|-singleturn|p2b: Toxapex|Wide Guard
|move|p1a: Aerodactyl|Rock Slide|p2a: Charizard|[spread] 
|-activate|p2a: Charizard|move: Wide Guard
|-activate|p2b: Toxapex|move: Wide Guard
|move|p2a: Charizard|Weather Ball|p1b: Sylveon
|-damage|p1b: Sylveon|14/100
|move|p1b: Sylveon|Hyper Voice|p2a: Charizard|[spread] 
|-activate|p2a: Charizard|move: Wide Guard
|-activate|p2b: Toxapex|move: Wide Guard
|
|-weather|SunnyDay|[upkeep]
|-damage|p1a: Aerodactyl|38/100|[from] move: Infestation|[partiallytrapped]
|upkeep
|turn|6
|inactive|FieryFIame has 30 seconds left.
|
|t:|1784233206
|move|p2a: Charizard|Protect|p2a: Charizard
|-singleturn|p2a: Charizard|Protect
|move|p1a: Aerodactyl|Tailwind|p1a: Aerodactyl
|-sidestart|p1: SunshineTufo|move: Tailwind
|move|p1b: Sylveon|Hyper Beam|p2a: Charizard
|-activate|p2a: Charizard|move: Protect
|move|p2b: Toxapex|Infestation|p1b: Sylveon
|-resisted|p1b: Sylveon|1
|-damage|p1b: Sylveon|13/100
|-activate|p1b: Sylveon|move: Infestation|[of] p2b: Toxapex
|
|-weather|SunnyDay|[upkeep]
|-end|p1a: Aerodactyl|Infestation|[partiallytrapped]
|-damage|p1b: Sylveon|1/100|[from] move: Infestation|[partiallytrapped]
|upkeep
|turn|7
|
|t:|1784233223
|move|p2b: Toxapex|Wide Guard|p2b: Toxapex
|-singleturn|p2b: Toxapex|Wide Guard
|move|p1a: Aerodactyl|Dual Wingbeat|p2a: Charizard
|-damage|p2a: Charizard|90/100
|-damage|p2a: Charizard|79/100
|-hitcount|p2a: Charizard|2
|move|p1b: Sylveon|Hyper Beam|p2a: Charizard
|-resisted|p2a: Charizard|1
|-damage|p2a: Charizard|32/100
|-mustrecharge|p1b: Sylveon
|move|p2a: Charizard|Weather Ball|p1a: Aerodactyl
|-resisted|p1a: Aerodactyl|1
|-damage|p1a: Aerodactyl|0 fnt
|faint|p1a: Aerodactyl
|
|-weather|none
|-damage|p1b: Sylveon|0 fnt|[from] move: Infestation|[partiallytrapped]
|faint|p1b: Sylveon
|upkeep
|
|t:|1784233226
|switch|p1a: Garchomp|Garchomp, L50, M, shiny|100/100
|switch|p1b: Farigiraf|Farigiraf, L50, M, shiny|100/100
|turn|8
|inactive|FieryFIame has 30 seconds left.
|
|t:|1784233255
|move|p1a: Garchomp|Protect|p1a: Garchomp
|-singleturn|p1a: Garchomp|Protect
|move|p2a: Charizard|Protect|p2a: Charizard
|-singleturn|p2a: Charizard|Protect
|move|p1b: Farigiraf|Thunderbolt|p2a: Charizard
|-activate|p2a: Charizard|move: Protect
|move|p2b: Toxapex|Toxic|p1b: Farigiraf
|-status|p1b: Farigiraf|tox
|
|-damage|p1b: Farigiraf|93/100 tox|[from] psn
|upkeep
|turn|9
|
|t:|1784233271
|switch|p2a: Garchomp|Garchomp, L50, F|100/100
|move|p1a: Garchomp|Earthquake|p2a: Garchomp|[spread] p1b,p2a,p2b
|-supereffective|p2b: Toxapex|1
|-damage|p1b: Farigiraf|51/100 tox
|-damage|p2a: Garchomp|55/100
|-damage|p2b: Toxapex|35/100
|-damage|p1a: Garchomp|90/100|[from] item: Life Orb
|move|p1b: Farigiraf|Thunderbolt|p2a: Garchomp
|-immune|p2a: Garchomp
|move|p2b: Toxapex|Infestation|p1b: Farigiraf
|-supereffective|p1b: Farigiraf|1
|-damage|p1b: Farigiraf|45/100 tox
|-activate|p1b: Farigiraf|move: Infestation|[of] p2b: Toxapex
|-enditem|p1b: Farigiraf|Sitrus Berry|[eat]
|-heal|p1b: Farigiraf|70/100 tox|[from] item: Sitrus Berry
|
|-heal|p2b: Toxapex|41/100|[from] item: Leftovers
|-damage|p1b: Farigiraf|58/100 tox|[from] psn
|-damage|p1b: Farigiraf|45/100 tox|[from] move: Infestation|[partiallytrapped]
|-sideend|p1: SunshineTufo|move: Tailwind
|upkeep
|turn|10
|
|t:|1784233292
|-heal|p2b: Toxapex|74/100|[from] ability: Regenerator|[silent]
|switch|p2b: Charizard|Charizard-Mega-Y, L50, M|32/100
|-weather|SunnyDay|[from] ability: Drought|[of] p2b: Charizard
|move|p2a: Garchomp|Dragon Claw|p1a: Garchomp
|-supereffective|p1a: Garchomp|1
|-damage|p1a: Garchomp|21/100
|-damage|p2a: Garchomp|43/100|[from] ability: Rough Skin|[of] p1a: Garchomp
|move|p1a: Garchomp|Dragon Claw|p2a: Garchomp
|-supereffective|p2a: Garchomp|1
|-damage|p2a: Garchomp|0 fnt
|-damage|p1a: Garchomp|9/100|[from] ability: Rough Skin|[of] p2a: Garchomp
|faint|p2a: Garchomp
|-damage|p1a: Garchomp|0 fnt|[from] item: Life Orb
|faint|p1a: Garchomp
|move|p1b: Farigiraf|Thunderbolt|p2b: Charizard
|-supereffective|p2b: Charizard|1
|-damage|p2b: Charizard|0 fnt
|faint|p2b: Charizard
|
|-weather|SunnyDay|[upkeep]
|-damage|p1b: Farigiraf|26/100 tox|[from] psn
|-end|p1b: Farigiraf|Infestation|[partiallytrapped]|[silent]
|upkeep
|
|t:|1784233315
|switch|p2a: Toxapex|Toxapex, L50, F|74/100
|turn|11
|
|t:|1784233321
|move|p1b: Farigiraf|Thunderbolt|p2a: Toxapex
|-supereffective|p2a: Toxapex|1
|-damage|p2a: Toxapex|37/100
|-status|p2a: Toxapex|par
|move|p2a: Toxapex|Infestation|p1b: Farigiraf
|-supereffective|p1b: Farigiraf|1
|-damage|p1b: Farigiraf|20/100y tox
|-activate|p1b: Farigiraf|move: Infestation|[of] p2a: Toxapex
|
|-weather|SunnyDay|[upkeep]
|-heal|p2a: Toxapex|43/100 par|[from] item: Leftovers
|-damage|p1b: Farigiraf|0 fnt|[from] psn
|faint|p1b: Farigiraf
|
|win|FieryFIame
