|j|☆stanhoff
|j|☆Latios66
|html|stanhoffLatios66    
|uhtml|bestof|Game 1 of a best-of-3
|t:|1757790444
|gametype|doubles
|player|p1|stanhoff|falkner|1122
|player|p2|Latios66|2|1084
|gen|9
|tier|[Gen 9] VGC 2025 Reg H (Bo3)
|rated|
|rule|Species Clause: Limit one of each Pokémon
|rule|Item Clause: Limit 1 of each item
|clearpoke
|poke|p1|Hatterene, L50, F|
|poke|p1|Indeedee-F, L50, F|
|poke|p1|Sneasler, L50, F|
|poke|p1|Excadrill, L50, M|
|poke|p1|Tyranitar, L50, M|
|poke|p1|Amoonguss, L50, F|
|poke|p2|Tyranitar, L50, M|
|poke|p2|Blaziken, L50, F|
|poke|p2|Excadrill, L50, M|
|poke|p2|Salamence, L50, M|
|poke|p2|Sinistcha-Masterpiece, L50|
|poke|p2|Annihilape, L50, M|
|teampreview|4
|showteam|p1|Hatterene||LifeOrb|MagicBounce|Protect,TrickRoom,ExpandingForce,DazzlingGleam|||F|||50|,,,,,Psychic]Indeedee-F||SafetyGoggles|PsychicSurge|FollowMe,HelpingHand,Psychic,TrickRoom|||F|||50|,,,,,Fairy]Sneasler||PsychicSeed|Unburden|DireClaw,CloseCombat,ThroatChop,Protect|||F|||50|,,,,,Dark]Excadrill||FocusSash|SandRush|Earthquake,IronHead,HighHorsepower,Protect|||M|||50|,,,,,Ground]Tyranitar||AirBalloon|SandStream|RockSlide,LowKick,KnockOff,Protect|||M|||50|,,,,,Flying]Amoonguss||RockyHelmet|Regenerator|Spore,RagePowder,SludgeBomb,ClearSmog|||F|||50|,,,,,Water
|showteam|p2|Tyranitar||ClearAmulet|SandStream|RockSlide,KnockOff,Protect,DragonDance|||M|||50|,,,,,Grass]Blaziken||CovertCloak|SpeedBoost|AuraSphere,HeatWave,Coaching,WillOWisp|||F|||50|,,,,,Dragon]Excadrill||AssaultVest|SandRush|RockSlide,HighHorsepower,IronHead,Earthquake|||M|||50|,,,,,Ghost]Salamence||LifeOrb|Intimidate|AirSlash,Tailwind,DracoMeteor,Protect|||M|||50|,,,,,Ghost]Sinistcha-Masterpiece||SitrusBerry|Hospitality|ShadowBall,MatchaGotcha,RagePowder,Protect||||||50|,,,,,Dark]Annihilape||ChoiceScarf|Defiant|FinalGambit,Uturn,CloseCombat,ShadowClaw|||M|||50|,,,,,Grass
|
|t:|1757790476
|teamsize|p1|4
|teamsize|p2|4
|start
|switch|p1a: Hatterene|Hatterene, L50, F|100/100
|switch|p1b: Indeedee|Indeedee-F, L50, F|100/100
|switch|p2a: Tyranitar|Tyranitar, L50, M|100/100
|switch|p2b: Blaziken|Blaziken, L50, F|100/100
|-weather|Sandstorm|[from] ability: Sand Stream|[of] p2a: Tyranitar
|-fieldstart|move: Psychic Terrain|[from] ability: Psychic Surge|[of] p1b: Indeedee
|turn|1
|inactive|Battle timer is ON: inactive players will automatically lose when time's up. (requested by stanhoff)
|
|t:|1757790504
|move|p1b: Indeedee|Follow Me|p1b: Indeedee
|-singleturn|p1b: Indeedee|move: Follow Me
|move|p2b: Blaziken|Heat Wave|p1a: Hatterene|[spread] p1a,p1b
|-damage|p1a: Hatterene|69/100
|-damage|p1b: Indeedee|68/100
|move|p2a: Tyranitar|Rock Slide|p1a: Hatterene|[spread] p1a,p1b
|-damage|p1a: Hatterene|30/100
|-damage|p1b: Indeedee|36/100
|move|p1a: Hatterene|Trick Room|p1a: Hatterene
|-fieldstart|move: Trick Room|[of] p1a: Hatterene
|
|-weather|Sandstorm|[upkeep]
|-damage|p1a: Hatterene|24/100|[from] Sandstorm
|-damage|p2b: Blaziken|95/100|[from] Sandstorm
|-ability|p2b: Blaziken|Speed Boost|boost
|-boost|p2b: Blaziken|spe|1
|upkeep
|turn|2
|inactive|Latios66 has 30 seconds left.
|
|t:|1757790530
|switch|p2b: Excadrill|Excadrill, L50, M|100/100
|move|p1b: Indeedee|Helping Hand|p1a: Hatterene
|-singleturn|p1a: Hatterene|Helping Hand|[of] p1b: Indeedee
|move|p1a: Hatterene|Dazzling Gleam|p2b: Excadrill|[spread] p2a,p2b
|-supereffective|p2a: Tyranitar
|-crit|p2a: Tyranitar
|-resisted|p2b: Excadrill
|-damage|p2a: Tyranitar|0 fnt
|-damage|p2b: Excadrill|73/100
|faint|p2a: Tyranitar
|-damage|p1a: Hatterene|15/100|[from] item: Life Orb
|
|-weather|Sandstorm|[upkeep]
|-damage|p1a: Hatterene|8/100|[from] Sandstorm
|upkeep
|
|t:|1757790541
|switch|p2a: Salamence|Salamence, L50, M|100/100
|-ability|p2a: Salamence|Intimidate|boost
|-unboost|p1a: Hatterene|atk|1
|-unboost|p1b: Indeedee|atk|1
|turn|3
|
|t:|1757790555
|-terastallize|p1a: Hatterene|Psychic
|move|p1b: Indeedee|Helping Hand|p1a: Hatterene
|-singleturn|p1a: Hatterene|Helping Hand|[of] p1b: Indeedee
|move|p2a: Salamence|Protect|p2a: Salamence
|-singleturn|p2a: Salamence|Protect
|move|p1a: Hatterene|Expanding Force|p2a: Salamence|[spread] p2b
|-activate|p2a: Salamence|move: Protect
|-resisted|p2b: Excadrill
|-damage|p2b: Excadrill|4/100
|-damage|p1a: Hatterene|0 fnt|[from] item: Life Orb
|faint|p1a: Hatterene
|move|p2b: Excadrill|Rock Slide|p1b: Indeedee
|-damage|p1b: Indeedee|10/100
|
|-weather|Sandstorm|[upkeep]
|-damage|p2a: Salamence|95/100|[from] Sandstorm
|upkeep
|
|t:|1757790567
|switch|p1a: Amoonguss|Amoonguss, L50, F|100/100
|turn|4
|
|t:|1757790590
|switch|p2b: Blaziken|Blaziken, L50, F|95/100
|move|p2a: Salamence|Protect|p2a: Salamence
|-singleturn|p2a: Salamence|Protect
|move|p1a: Amoonguss|Spore|p2a: Salamence
|-activate|p2a: Salamence|move: Protect
|move|p1b: Indeedee|Psychic|p2b: Blaziken
|-supereffective|p2b: Blaziken
|-damage|p2b: Blaziken|0 fnt
|faint|p2b: Blaziken
|
|-weather|Sandstorm|[upkeep]
|-damage|p1a: Amoonguss|95/100|[from] Sandstorm
|-damage|p2a: Salamence|89/100|[from] Sandstorm
|upkeep
|
|t:|1757790601
|switch|p2b: Excadrill|Excadrill, L50, M|4/100
|turn|5
|
|t:|1757790610
|move|p1a: Amoonguss|Spore|p2a: Salamence
|-status|p2a: Salamence|slp|[from] move: Spore
|move|p1b: Indeedee|Psychic|p2b: Excadrill
|-resisted|p2b: Excadrill
|-damage|p2b: Excadrill|0 fnt
|faint|p2b: Excadrill
|cant|p2a: Salamence|slp
|
|-weather|none
|-fieldend|move: Trick Room
|-fieldend|move: Psychic Terrain
|upkeep
|turn|6
|
|t:|1757790623
|switch|p1b: Sneasler|Sneasler, L50, F|100/100
|cant|p2a: Salamence|slp
|move|p1a: Amoonguss|Sludge Bomb|p2a: Salamence
|-damage|p2a: Salamence|57/100 slp
|
|upkeep
|turn|7
|
|t:|1757790634
|switch|p1a: Indeedee|Indeedee-F, L50, F|10/100
|-fieldstart|move: Psychic Terrain|[from] ability: Psychic Surge|[of] p1a: Indeedee
|-enditem|p1b: Sneasler|Psychic Seed
|-boost|p1b: Sneasler|spd|1|[from] item: Psychic Seed
|-terastallize|p2a: Salamence|Ghost
|move|p1b: Sneasler|Dire Claw|p2a: Salamence
|-resisted|p2a: Salamence
|-damage|p2a: Salamence|32/100 slp
|cant|p2a: Salamence|slp
|
|upkeep
|turn|8
|
|t:|1757790647
|move|p1a: Indeedee|Follow Me|p1a: Indeedee
|-singleturn|p1a: Indeedee|move: Follow Me
|move|p1b: Sneasler|Throat Chop|p2a: Salamence
|-supereffective|p2a: Salamence
|-damage|p2a: Salamence|0 fnt
|faint|p2a: Salamence
|
|win|stanhoff
||Latios66 is ready for game 2.
||stanhoff is ready for game 2.
|uhtml|next|Next: Game 2 of 3
