|j|☆kyzito
|j|☆AzureTheTimeblind
|html|kyzitoAzureTheTimeblind    
|uhtml|bestof|Game 2 of a best-of-3
|t:|1782341475
|gametype|doubles
|player|p1|kyzito|byron|1155
|player|p2|AzureTheTimeblind|169|1232
|gen|9
|tier|[Gen 9 Champions] VGC 2026 Reg M-B (Bo3)
|rated|
|rule|Species Clause: Limit one of each Pokémon
|rule|Item Clause: Limit 1 of each item
|clearpoke
|poke|p1|Swampert, L50, F|
|poke|p1|Pelipper, L50, F|
|poke|p1|Archaludon, L50, F|
|poke|p1|Scrafty, L50, F|
|poke|p1|Farigiraf, L50, M|
|poke|p1|Sylveon, L50, F|
|poke|p2|Metagross, L50|
|poke|p2|Gyarados, L50, F|
|poke|p2|Blaziken, L50, F|
|poke|p2|Sinistcha, L50|
|poke|p2|Sylveon, L50, M|
|poke|p2|Sableye, L50, M|
|teampreview|4
|showteam|p1|Swampert||Swampertite|Torrent|Protect,WaveCrash,Liquidation,HighHorsepower|Adamant||F|||50|]Pelipper||SitrusBerry|Drizzle|WideGuard,Tailwind,WeatherBall,Hurricane|Modest||F|||50|]Archaludon||Leftovers|Stamina|Protect,ElectroShot,DragonPulse,FlashCannon|Calm||F|||50|]Scrafty||Scraftinite|Intimidate|FakeOut,CloseCombat,ThroatChop,BulkUp|Adamant||F|||50|]Farigiraf||TwistedSpoon|ArmorTail|Roar,TrickRoom,TwinBeam,Protect|Modest||M|||50|]Sylveon||LifeOrb|Pixilate|HyperVoice,HyperBeam,QuickAttack,Detect|Modest||F|||50|
|showteam|p2|Metagross||Metagrossite|ClearBody|IronHead,PsychicFangs,ThunderPunch,Protect|Adamant|||||50|]Gyarados||Gyaradosite|Intimidate|Waterfall,LashOut,DragonDance,Protect|Adamant||F|||50|]Blaziken||FocusSash|SpeedBoost|HeatWave,AuraSphere,Coaching,Protect|Modest||F|||50|]Sinistcha||SitrusBerry|Hospitality|MatchaGotcha,RagePowder,LifeDew,TrickRoom|Modest|||||50|]Sylveon||FairyFeather|Pixilate|HyperVoice,HyperBeam,QuickAttack,Protect|Quiet||M|||50|]Sableye||Leftovers|Prankster|FoulPlay,LightScreen,RainDance,FakeOut|Bold||M|||50|
|
|t:|1782341485
|teamsize|p1|4
|teamsize|p2|4
|start
|switch|p1a: Swampert|Swampert, L50, F|100/100
|switch|p1b: Pelipper|Pelipper, L50, F|100/100
|switch|p2a: Sinistcha|Sinistcha, L50|100/100
|switch|p2b: Sylveon|Sylveon, L50, M|100/100
|-weather|RainDance|[from] ability: Drizzle|[of] p1b: Pelipper
|turn|1
|inactive|Battle timer is ON: inactive players will automatically lose when time's up. (requested by kyzito)
|j| mercsp
|l| mercsp
|
|t:|1782341513
|switch|p2a: Metagross|Metagross, L50|100/100
|detailschange|p1a: Swampert|Swampert-Mega, L50, F
|-mega|p1a: Swampert|Swampert|Swampertite
|move|p1b: Pelipper|Wide Guard|p1b: Pelipper
|-singleturn|p1b: Pelipper|Wide Guard
|move|p1a: Swampert|Wave Crash|p2b: Sylveon
|-damage|p2b: Sylveon|0 fnt
|faint|p2b: Sylveon
|-damage|p1a: Swampert|67/100|[from] Recoil
|
|-weather|RainDance|[upkeep]
|upkeep
|
|t:|1782341526
|switch|p2b: Blaziken|Blaziken, L50, F|100/100
|turn|2
|
|t:|1782341541
|switch|p1b: Scrafty|Scrafty, L50, F|100/100
|-ability|p1b: Scrafty|Intimidate|boost
|-fail|p2a: Metagross|unboost|[from] ability: Clear Body|[of] p2a: Metagross
|-unboost|p2b: Blaziken|atk|1
|move|p2b: Blaziken|Protect|p2b: Blaziken
|-singleturn|p2b: Blaziken|Protect
|move|p2a: Metagross|Protect|p2a: Metagross
|-singleturn|p2a: Metagross|Protect
|move|p1a: Swampert|High Horsepower|p2a: Metagross
|-activate|p2a: Metagross|move: Protect
|
|-weather|RainDance|[upkeep]
|-ability|p2b: Blaziken|Speed Boost|boost
|-boost|p2b: Blaziken|spe|1
|upkeep
|turn|3
|inactive|AzureTheTimeblind has 30 seconds left.
|inactive|AzureTheTimeblind has 20 seconds left.
|
|t:|1782341576
|detailschange|p2a: Metagross|Metagross-Mega, L50
|-mega|p2a: Metagross|Metagross|Metagrossite
|move|p1b: Scrafty|Fake Out|p2b: Blaziken
|-damage|p2b: Blaziken|83/100
|move|p1a: Swampert|High Horsepower|p2a: Metagross
|-supereffective|p2a: Metagross|1
|-damage|p2a: Metagross|21/100
|cant|p2b: Blaziken|flinch
|move|p2a: Metagross|Psychic Fangs|p1a: Swampert
|-damage|p1a: Swampert|7/100
|
|-weather|RainDance|[upkeep]
|-ability|p2b: Blaziken|Speed Boost|boost
|-boost|p2b: Blaziken|spe|1
|upkeep
|turn|4
|inactive|kyzito has 30 seconds left.
|inactive|AzureTheTimeblind has 30 seconds left.
|inactive|kyzito has 20 seconds left.
|inactive|kyzito has 15 seconds left.
|
|t:|1782341619
|switch|p1a: Archaludon|Archaludon, L50, F|100/100
|switch|p2a: Sinistcha|Sinistcha, L50|100/100
|-heal|p2b: Blaziken|100/100|[from] ability: Hospitality|[of] p2a: Sinistcha
|move|p2b: Blaziken|Heat Wave|p1b: Scrafty|[spread] p1a,p1b
|-damage|p1a: Archaludon|84/100
|-damage|p1b: Scrafty|85/100
|-status|p1a: Archaludon|brn
|-ability|p1a: Archaludon|Stamina|boost
|-boost|p1a: Archaludon|def|1
|move|p1b: Scrafty|Throat Chop|p2a: Sinistcha
|-supereffective|p2a: Sinistcha|1
|-damage|p2a: Sinistcha|37/100
|-start|p2a: Sinistcha|Throat Chop|[silent]
|-enditem|p2a: Sinistcha|Sitrus Berry|[eat]
|-heal|p2a: Sinistcha|62/100|[from] item: Sitrus Berry
|
|-weather|RainDance|[upkeep]
|-heal|p1a: Archaludon|90/100 brn|[from] item: Leftovers
|-damage|p1a: Archaludon|84/100 brn|[from] brn
|-ability|p2b: Blaziken|Speed Boost|boost
|-boost|p2b: Blaziken|spe|1
|upkeep
|turn|5
|inactive|kyzito has 30 seconds left.
|inactive|AzureTheTimeblind has 30 seconds left.
|inactive|kyzito has 20 seconds left.
|
|t:|1782341655
|move|p1a: Archaludon|Protect|p1a: Archaludon
|-singleturn|p1a: Archaludon|Protect
|move|p2b: Blaziken|Aura Sphere|p1b: Scrafty
|-supereffective|p1b: Scrafty|1
|-damage|p1b: Scrafty|15/100
|move|p1b: Scrafty|Throat Chop|p2a: Sinistcha
|-supereffective|p2a: Sinistcha|1
|-damage|p2a: Sinistcha|0 fnt
|faint|p2a: Sinistcha
|
|-weather|none
|-heal|p1a: Archaludon|90/100 brn|[from] item: Leftovers
|-damage|p1a: Archaludon|84/100 brn|[from] brn
|-ability|p2b: Blaziken|Speed Boost|boost
|-boost|p2b: Blaziken|spe|1
|upkeep
|
|t:|1782341669
|switch|p2a: Metagross|Metagross-Mega, L50|21/100
|turn|6
|inactive|kyzito has 30 seconds left.
|inactive|AzureTheTimeblind has 30 seconds left.
|
|t:|1782341705
|move|p2a: Metagross|Protect|p2a: Metagross
|-singleturn|p2a: Metagross|Protect
|move|p2b: Blaziken|Aura Sphere|p1a: Archaludon
|-supereffective|p1a: Archaludon|1
|-damage|p1a: Archaludon|11/100 brn
|-ability|p1a: Archaludon|Stamina|boost
|-boost|p1a: Archaludon|def|1
|move|p1a: Archaludon|Dragon Pulse|p2b: Blaziken
|-damage|p2b: Blaziken|44/100
|move|p1b: Scrafty|Throat Chop|p2a: Metagross
|-activate|p2a: Metagross|move: Protect
|
|-heal|p1a: Archaludon|17/100 brn|[from] item: Leftovers
|-damage|p1a: Archaludon|11/100 brn|[from] brn
|-ability|p2b: Blaziken|Speed Boost|boost
|-boost|p2b: Blaziken|spe|1
|upkeep
|turn|7
|
|t:|1782341728
|switch|p1a: Pelipper|Pelipper, L50, F|100/100
|-weather|RainDance|[from] ability: Drizzle|[of] p1a: Pelipper
|move|p2b: Blaziken|Heat Wave|p1a: Pelipper|[spread] p1a,p1b
|-resisted|p1a: Pelipper|1
|-damage|p1a: Pelipper|89/100
|-damage|p1b: Scrafty|1/100
|move|p2a: Metagross|Iron Head|p1b: Scrafty
|-damage|p1b: Scrafty|0 fnt
|faint|p1b: Scrafty
|
|-weather|RainDance|[upkeep]
|-ability|p2b: Blaziken|Speed Boost|boost
|-boost|p2b: Blaziken|spe|1
|upkeep
|
|t:|1782341742
|switch|p1b: Swampert|Swampert-Mega, L50, F|7/100
|turn|8
|
|t:|1782341759
|switch|p1b: Archaludon|Archaludon, L50, F|11/100 brn
|move|p2b: Blaziken|Aura Sphere|p1b: Archaludon
|-supereffective|p1b: Archaludon|1
|-damage|p1b: Archaludon|0 fnt
|faint|p1b: Archaludon
|move|p2a: Metagross|Thunder Punch|p1a: Pelipper
|-supereffective|p1a: Pelipper|2
|-damage|p1a: Pelipper|0 fnt
|faint|p1a: Pelipper
|
|-weather|RainDance|[upkeep]
|upkeep
|c|☆AzureTheTimeblind|gg
|-message|kyzito forfeited.
|
|win|AzureTheTimeblind
|raw|kyzito's rating: 1155 → 1135(-20 for losing)
|raw|AzureTheTimeblind's rating: 1232 → 1252(+20 for winning)
|l|☆AzureTheTimeblind
|player|p2|
