|j|☆wowiekazowee
|j|☆eltsurito
|html|wowiekazoweeeltsurito    
|uhtml|bestof|Game 2 of a best-of-3
|t:|1757191110
|gametype|doubles
|player|p1|wowiekazowee|idol|1134
|player|p2|eltsurito|265|1051
|gen|9
|tier|[Gen 9] VGC 2025 Reg H (Bo3)
|rated|
|rule|Species Clause: Limit one of each Pokémon
|rule|Item Clause: Limit 1 of each item
|clearpoke
|poke|p1|Incineroar, L50, F|
|poke|p1|Rillaboom, L50, M|
|poke|p1|Sneasler, L50, F|
|poke|p1|Gholdengo, L50|
|poke|p1|Ninetales-Alola, L50, F|
|poke|p1|Electabuzz, L50, F|
|poke|p2|Sneasler, L50, M|
|poke|p2|Indeedee, L50, M|
|poke|p2|Volcarona, L50, M|
|poke|p2|Ursaluna-Bloodmoon, L50, M|
|poke|p2|Annihilape, L50, F|
|poke|p2|Tyranitar, L50, M|
|teampreview|4
|showteam|p1|Incineroar||SafetyGoggles|Intimidate|FakeOut,FlareBlitz,KnockOff,PartingShot|||F|||50|,,,,,Water]Rillaboom||AssaultVest|GrassySurge|WoodHammer,GrassyGlide,FakeOut,Uturn|||M|||50|,,,,,Fire]Sneasler||GrassySeed|Unburden|CloseCombat,DireClaw,FakeOut,Protect|||F|||50|,,,,,Dark]Gholdengo||LifeOrb|GoodasGold|MakeItRain,ShadowBall,NastyPlot,Protect||||||50|,,,,,Dragon]Ninetales-Alola||LightClay|SnowWarning|Moonblast,AuroraVeil,Blizzard,Protect|||F|||50|,,,,,Fire]Electabuzz||Eviolite|Static|Electroweb,VoltSwitch,FollowMe,Protect|||F|||50|,,,,,Grass
|showteam|p2|Sneasler||PsychicSeed|Unburden|CloseCombat,DireClaw,ThroatChop,Protect|||M|||50|,,,,,Dark]Indeedee||ChoiceScarf|PsychicSurge|ExpandingForce,TeraBlast,Trick,Protect|||M|||50|,,,,,Psychic]Volcarona||SitrusBerry|FlameBody|Overheat,StruggleBug,RagePowder,Tailwind|||M|||50|,,,,,Grass]Ursaluna-Bloodmoon||LifeOrb|MindsEye|BloodMoon,HyperVoice,EarthPower,Protect|||M|||50|,,,,,Normal]Annihilape||SafetyGoggles|Defiant|CloseCombat,RageFist,Taunt,FinalGambit|||F|||50|,,,,,Fairy]Tyranitar||AssaultVest|SandStream|RockSlide,KnockOff,TeraBlast,LowKick|||M|||50|,,,,,Flying
|inactive|Battle timer is ON: inactive players will automatically lose when time's up. (requested by eltsurito)
|
|t:|1757191139
|teamsize|p1|4
|teamsize|p2|4
|start
|switch|p1a: Sale|Gholdengo, L50|100/100
|switch|p1b: Ninetales|Ninetales-Alola, L50, F|100/100
|switch|p2a: Sneasler|Sneasler, L50, M|100/100
|switch|p2b: Indeedee|Indeedee, L50, M|100/100
|-fieldstart|move: Psychic Terrain|[from] ability: Psychic Surge|[of] p2b: Indeedee
|-enditem|p2a: Sneasler|Psychic Seed
|-boost|p2a: Sneasler|spd|1|[from] item: Psychic Seed
|-weather|Snowscape|[from] ability: Snow Warning|[of] p1b: Ninetales
|turn|1
|inactive|eltsurito has 30 seconds left.
|
|t:|1757191168
|switch|p2b: Annihilape|Annihilape, L50, F|100/100
|-terastallize|p1a: Sale|Dragon
|move|p2a: Sneasler|Close Combat|p1b: Ninetales
|-damage|p1b: Ninetales|43/100
|-unboost|p2a: Sneasler|def|1
|-unboost|p2a: Sneasler|spd|1
|move|p1b: Ninetales|Aurora Veil|p1b: Ninetales
|-sidestart|p1: wowiekazowee|move: Aurora Veil
|move|p1a: Sale|Nasty Plot|p1a: Sale
|-boost|p1a: Sale|spa|2
|
|-weather|Snowscape|[upkeep]
|upkeep
|turn|2
|inactive|eltsurito has 30 seconds left.
|inactive|eltsurito has 20 seconds left.
|inactive|eltsurito has 15 seconds left.
|inactive|eltsurito has 10 seconds left.
|inactive|eltsurito has 5 seconds left.
|
|t:|1757191222
|switch|p1b: Bornanors|Rillaboom, L50, M|100/100
|-fieldstart|move: Grassy Terrain|[from] ability: Grassy Surge|[of] p1b: Bornanors
|move|p2a: Sneasler|Dire Claw|p1b: Bornanors
|-supereffective|p1b: Bornanors
|-damage|p1b: Bornanors|44/100
|move|p2b: Annihilape|Final Gambit|p1a: Sale
|-damage|p1a: Sale|0 fnt
|faint|p2b: Annihilape
|faint|p1a: Sale
|
|-weather|Snowscape|[upkeep]
|-heal|p1b: Bornanors|50/100|[from] Grassy Terrain
|upkeep
|
|t:|1757191235
|switch|p2b: Indeedee|Indeedee, L50, M|100/100
|switch|p1a: Ashleigh|Sneasler, L50, F|100/100
|-fieldstart|move: Psychic Terrain|[from] ability: Psychic Surge|[of] p2b: Indeedee
|turn|3
|inactive|wowiekazowee has 30 seconds left.
|
|t:|1757191261
|switch|p2b: Volcarona|Volcarona, L50, M|100/100
|switch|p1b: Ninetales|Ninetales-Alola, L50, F|43/100
|move|p2a: Sneasler|Protect|p2a: Sneasler
|-singleturn|p2a: Sneasler|Protect
|move|p1a: Ashleigh|Protect||[still]
|-fail|p1a: Ashleigh
|
|-weather|Snowscape|[upkeep]
|upkeep
|turn|4
|inactive|eltsurito has 30 seconds left.
|inactive|eltsurito has 20 seconds left.
|
|t:|1757191297
|move|p2b: Volcarona|Rage Powder|p2b: Volcarona
|-singleturn|p2b: Volcarona|move: Rage Powder
|move|p2a: Sneasler|Close Combat|p1b: Ninetales
|-damage|p1b: Ninetales|5/100
|-unboost|p2a: Sneasler|def|1
|-unboost|p2a: Sneasler|spd|1
|move|p1b: Ninetales|Moonblast|p2b: Volcarona
|-resisted|p2b: Volcarona
|-damage|p2b: Volcarona|86/100
|move|p1a: Ashleigh|Dire Claw|p2b: Volcarona
|-damage|p2b: Volcarona|35/100
|-status|p2b: Volcarona|slp
|-status|p1a: Ashleigh|brn|[from] ability: Flame Body|[of] p2b: Volcarona
|-enditem|p2b: Volcarona|Sitrus Berry|[eat]
|-heal|p2b: Volcarona|60/100 slp|[from] item: Sitrus Berry
|
|-weather|Snowscape|[upkeep]
|-damage|p1a: Ashleigh|95/100 brn|[from] brn
|upkeep
|turn|5
|
|t:|1757191323
|move|p1b: Ninetales|Protect|p1b: Ninetales
|-singleturn|p1b: Ninetales|Protect
|move|p2a: Sneasler|Close Combat|p1b: Ninetales
|-activate|p1b: Ninetales|move: Protect
|move|p1a: Ashleigh|Dire Claw|p2b: Volcarona
|-damage|p2b: Volcarona|33/100 slp
|cant|p2b: Volcarona|slp
|
|-weather|none
|-damage|p1a: Ashleigh|89/100 brn|[from] brn
|upkeep
|turn|6
|inactive|eltsurito has 30 seconds left.
|
|t:|1757191351
|switch|p1b: Bornanors|Rillaboom, L50, M|50/100
|-fieldstart|move: Grassy Terrain|[from] ability: Grassy Surge|[of] p1b: Bornanors
|-enditem|p1a: Ashleigh|Grassy Seed
|-boost|p1a: Ashleigh|def|1|[from] item: Grassy Seed
|move|p2a: Sneasler|Close Combat|p1a: Ashleigh
|-resisted|p1a: Ashleigh
|-damage|p1a: Ashleigh|61/100 brn
|-unboost|p2a: Sneasler|def|1
|-unboost|p2a: Sneasler|spd|1
|move|p1a: Ashleigh|Close Combat|p2a: Sneasler
|-resisted|p2a: Sneasler
|-damage|p2a: Sneasler|33/100
|-unboost|p1a: Ashleigh|def|1
|-unboost|p1a: Ashleigh|spd|1
|cant|p2b: Volcarona|slp
|
|-heal|p2a: Sneasler|39/100|[from] Grassy Terrain
|-heal|p1a: Ashleigh|67/100 brn|[from] Grassy Terrain
|-heal|p2b: Volcarona|39/100 slp|[from] Grassy Terrain
|-heal|p1b: Bornanors|56/100|[from] Grassy Terrain
|-damage|p1a: Ashleigh|61/100 brn|[from] brn
|upkeep
|turn|7
|
|t:|1757191374
|switch|p2b: Indeedee|Indeedee, L50, M|100/100
|-fieldstart|move: Psychic Terrain|[from] ability: Psychic Surge|[of] p2b: Indeedee
|move|p2a: Sneasler|Dire Claw|p1b: Bornanors
|-supereffective|p1b: Bornanors
|-damage|p1b: Bornanors|0 fnt
|faint|p1b: Bornanors
|move|p1a: Ashleigh|Dire Claw|p2b: Indeedee
|-damage|p2b: Indeedee|53/100
|
|-damage|p1a: Ashleigh|56/100 brn|[from] brn
|upkeep
|
|t:|1757191385
|switch|p1b: Ninetales|Ninetales-Alola, L50, F|5/100
|-weather|Snowscape|[from] ability: Snow Warning|[of] p1b: Ninetales
|turn|8
|
|t:|1757191397
|-terastallize|p2b: Indeedee|Psychic
|move|p2a: Sneasler|Close Combat|p1a: Ashleigh
|-resisted|p1a: Ashleigh
|-damage|p1a: Ashleigh|15/100 brn
|-unboost|p2a: Sneasler|def|1
|-unboost|p2a: Sneasler|spd|1
|move|p1a: Ashleigh|Close Combat|p2a: Sneasler
|-resisted|p2a: Sneasler
|-damage|p2a: Sneasler|0 fnt
|-unboost|p1a: Ashleigh|def|1
|-unboost|p1a: Ashleigh|spd|1
|faint|p2a: Sneasler
|move|p2b: Indeedee|Expanding Force|p1a: Ashleigh|[spread] p1a,p1b
|-supereffective|p1a: Ashleigh
|-damage|p1a: Ashleigh|0 fnt
|-damage|p1b: Ninetales|0 fnt
|faint|p1a: Ashleigh
|faint|p1b: Ninetales
|
|win|eltsurito
|raw|wowiekazowee's rating: 1134 → 1103(-31 for losing)
|raw|eltsurito's rating: 1051 → 1091(+40 for winning)
