|j|☆MAV101X
|j|☆homerj71
|html|MAV101Xhomerj71    
|uhtml|bestof|Game 2 of a best-of-3
|t:|1782484313
|gametype|doubles
|player|p1|MAV101X|102|1136
|player|p2|homerj71|265|1202
|gen|9
|tier|[Gen 9 Champions] VGC 2026 Reg M-B (Bo3)
|rated|
|rule|Species Clause: Limit one of each Pokémon
|rule|Item Clause: Limit 1 of each item
|clearpoke
|poke|p1|Raichu, L50, F|
|poke|p1|Tsareena, L50, F|
|poke|p1|Armarouge, L50, M|
|poke|p1|Clefable, L50, M|
|poke|p1|Milotic, L50, F|
|poke|p1|Scrafty, L50, F|
|poke|p2|Charizard, L50, F|
|poke|p2|Garchomp, L50, F|
|poke|p2|Whimsicott, L50, M|
|poke|p2|Basculegion, L50, M|
|poke|p2|Kingambit, L50, F|
|poke|p2|Floette-Eternal, L50, F|
|teampreview|4
|showteam|p1|Raichu||RaichuniteY|LightningRod|ZapCannon,FocusBlast,DazzlingGleam,FakeOut|Modest||F|||50|]Tsareena||FocusSash|QueenlyMajesty|Uturn,TropKick,Protect,Taunt|Adamant||F|||50|]Armarouge||Leftovers|FlashFire|TrickRoom,ArmorCannon,Psychic,DestinyBond|Modest||M|||50|]Clefable||SitrusBerry|Unaware|FollowMe,LifeDew,Moonblast,Protect|Sassy||M|||50|]Milotic||ShellBell|Competitive|Coil,Hypnosis,MuddyWater,LifeDew|Calm||F|||50|]Scrafty||BlackBelt|Intimidate|FakeOut,BulkUp,DrainPunch,KnockOff|Relaxed||F|||50|
|showteam|p2|Charizard||CharizarditeY|Blaze|HeatWave,SolarBeam,WeatherBall,Protect|Modest||F|||50|]Garchomp||SitrusBerry|RoughSkin|DragonClaw,Earthquake,RockSlide,PoisonJab|Jolly||F|||50|]Whimsicott||FocusSash|Prankster|Moonblast,Tailwind,Encore,Protect|Timid||M|||50|]Basculegion||LifeOrb|Adaptability|WaveCrash,AquaJet,Protect,LastRespects|Adamant||M|||50|]Kingambit||BlackGlasses|Defiant|KowtowCleave,SuckerPunch,IronHead,Protect|Adamant||F|||50|]Floette-Eternal||Floettite|FlowerVeil|Moonblast,DazzlingGleam,LightofRuin,Protect|Timid||F|||50|
|inactive|Battle timer is ON: inactive players will automatically lose when time's up. (requested by homerj71)
|inactive|MAV101X has 60 seconds left.
|inactive|homerj71 has 60 seconds left.
|inactive|MAV101X has 30 seconds left.
|inactive|MAV101X has 20 seconds left.
|
|t:|1782484389
|teamsize|p1|4
|teamsize|p2|4
|start
|switch|p1a: Raichu|Raichu, L50, F|100/100
|switch|p1b: Tsareena|Tsareena, L50, F|100/100
|switch|p2a: Charizard|Charizard, L50, F|100/100
|switch|p2b: Whimsicott|Whimsicott, L50, M|100/100
|turn|1
|
|t:|1782484411
|detailschange|p1a: Raichu|Raichu-Mega-Y, L50, F
|-mega|p1a: Raichu|Raichu|Raichunite Y
|detailschange|p2a: Charizard|Charizard-Mega-Y, L50, F
|-mega|p2a: Charizard|Charizard|Charizardite Y
|-weather|SunnyDay|[from] ability: Drought|[of] p2a: Charizard
|move|p1a: Raichu|Fake Out|p2a: Charizard
|-damage|p2a: Charizard|91/100
|move|p2b: Whimsicott|Tailwind|p2b: Whimsicott
|-sidestart|p2: homerj71|move: Tailwind
|cant|p2a: Charizard|flinch
|move|p1b: Tsareena|U-turn|p2b: Whimsicott
|-damage|p2b: Whimsicott|63/100
|
|t:|1782484423
|switch|p1b: Armarouge|Armarouge, L50, M|100/100|[from] U-turn
|
|-weather|SunnyDay|[upkeep]
|upkeep
|turn|2
|
|t:|1782484432
|switch|p2b: Garchomp|Garchomp, L50, F|100/100
|switch|p1a: Scrafty|Scrafty, L50, F|100/100
|-ability|p1a: Scrafty|Intimidate|boost
|-unboost|p2a: Charizard|atk|1
|-unboost|p2b: Garchomp|atk|1
|move|p2a: Charizard|Weather Ball|p1a: Scrafty
|-damage|p1a: Scrafty|18/100
|move|p1b: Armarouge|Trick Room|p1b: Armarouge
|-fieldstart|move: Trick Room|[of] p1b: Armarouge
|
|-weather|SunnyDay|[upkeep]
|upkeep
|turn|3
|inactive|MAV101X has 30 seconds left.
|
|t:|1782484462
|move|p1a: Scrafty|Knock Off|p2a: Charizard
|-crit|p2a: Charizard
|-damage|p2a: Charizard|49/100
|move|p1b: Armarouge|Psychic|p2a: Charizard
|-crit|p2a: Charizard
|-damage|p2a: Charizard|0 fnt
|faint|p2a: Charizard
|move|p2b: Garchomp|Earthquake|p1a: Scrafty|[spread] p1a,p1b
|-supereffective|p1b: Armarouge|1
|-damage|p1a: Scrafty|0 fnt
|-damage|p1b: Armarouge|47/100
|faint|p1a: Scrafty
|
|-weather|SunnyDay|[upkeep]
|-heal|p1b: Armarouge|53/100|[from] item: Leftovers
|upkeep
|
|t:|1782484481
|switch|p1a: Tsareena|Tsareena, L50, F|100/100
|switch|p2a: Basculegion|Basculegion, L50, M|100/100
|turn|4
|
|t:|1782484500
|move|p2a: Basculegion|Protect|p2a: Basculegion
|-singleturn|p2a: Basculegion|Protect
|move|p1a: Tsareena|Trop Kick|p2b: Garchomp
|-damage|p2b: Garchomp|56/100
|-unboost|p2b: Garchomp|atk|1
|-damage|p1a: Tsareena|87/100|[from] ability: Rough Skin|[of] p2b: Garchomp
|move|p1b: Armarouge|Psychic|p2b: Garchomp
|-damage|p2b: Garchomp|10/100
|-enditem|p2b: Garchomp|Sitrus Berry|[eat]
|-heal|p2b: Garchomp|35/100|[from] item: Sitrus Berry
|move|p2b: Garchomp|Earthquake|p1b: Armarouge|[spread] p1a,p1b
|-activate|p2a: Basculegion|move: Protect
|-resisted|p1a: Tsareena|1
|-supereffective|p1b: Armarouge|1
|-damage|p1a: Tsareena|78/100
|-damage|p1b: Armarouge|12/100
|
|-weather|SunnyDay|[upkeep]
|-heal|p1b: Armarouge|18/100|[from] item: Leftovers
|-sideend|p2: homerj71|move: Tailwind
|upkeep
|turn|5
|inactive|MAV101X has 30 seconds left.
|
|t:|1782484531
|switch|p2b: Whimsicott|Whimsicott, L50, M|63/100
|move|p1a: Tsareena|Trop Kick|p2a: Basculegion
|-supereffective|p2a: Basculegion|1
|-damage|p2a: Basculegion|9/100
|-unboost|p2a: Basculegion|atk|1
|move|p1b: Armarouge|Psychic|p2b: Whimsicott
|-damage|p2b: Whimsicott|0 fnt
|faint|p2b: Whimsicott
|move|p2a: Basculegion|Last Respects|p1b: Armarouge
|-supereffective|p1b: Armarouge|1
|-damage|p1b: Armarouge|0 fnt
|faint|p1b: Armarouge
|-damage|p2a: Basculegion|0 fnt|[from] item: Life Orb
|faint|p2a: Basculegion
|
|-weather|none
|upkeep
|
|t:|1782484543
|switch|p1b: Raichu|Raichu-Mega-Y, L50, F|100/100
|switch|p2b: Garchomp|Garchomp, L50, F|35/100
|turn|6
|
|t:|1782484552
|move|p1b: Raichu|Fake Out|p2b: Garchomp
|-damage|p2b: Garchomp|27/100
|-damage|p1b: Raichu|87/100|[from] ability: Rough Skin|[of] p2b: Garchomp
|move|p1a: Tsareena|Trop Kick|p2b: Garchomp
|-damage|p2b: Garchomp|0 fnt
|-damage|p1a: Tsareena|65/100|[from] ability: Rough Skin|[of] p2b: Garchomp
|faint|p2b: Garchomp
|
|win|MAV101X
