|j|☆bupki
|j|☆eklyst
|html|bupkieklyst    
|uhtml|bestof|Game 1 of a best-of-3
|t:|1756940055
|gametype|doubles
|player|p1|bupki|miku-ghost|1148
|player|p2|eklyst|pokemaniac|1136
|gen|9
|tier|[Gen 9] VGC 2025 Reg H (Bo3)
|rated|
|rule|Species Clause: Limit one of each Pokémon
|rule|Item Clause: Limit 1 of each item
|clearpoke
|poke|p1|Ursaluna-Bloodmoon, L50, M|
|poke|p1|Smeargle, L50, F|
|poke|p1|Dragonite, L50, F|
|poke|p1|Gholdengo, L50|
|poke|p1|Sneasler, L50, F|
|poke|p1|Spiritomb, L50, F|
|poke|p2|Ursaluna-Bloodmoon, L50, M|
|poke|p2|Incineroar, L50, F|
|poke|p2|Rillaboom, L50, F|
|poke|p2|Farigiraf, L50, M|
|poke|p2|Sneasler, L50, M|
|poke|p2|Volcarona, L50, F|
|teampreview|4
|showteam|p1|Ursaluna-Bloodmoon||AssaultVest|MindsEye|HyperVoice,BloodMoon,EarthPower,VacuumWave|||M|||50|,,,,,Ghost]Smeargle||FocusSash|Moody|FakeOut,Decorate,FollowMe,Spore|||F|||50|,,,,,Grass]Dragonite||LoadedDice|Multiscale|ScaleShot,ExtremeSpeed,Protect,Tailwind|||F|||50|,,,,,Fairy]Gholdengo||LifeOrb|GoodasGold|MakeItRain,ShadowBall,Protect,NastyPlot||||||50|,,,,,Water]Sneasler||WhiteHerb|Unburden|FakeOut,DireClaw,Protect,CloseCombat|||F|||50|,,,,,Stellar]Spiritomb||Leftovers|Infiltrator|FoulPlay,Snarl,TrickRoom,WillOWisp|||F|||50|,,,,,Steel
|showteam|p2|Ursaluna-Bloodmoon||LifeOrb|MindsEye|HyperVoice,BloodMoon,EarthPower,Protect|||M|||50|,,,,,Normal]Incineroar||SitrusBerry|Intimidate|FakeOut,FlareBlitz,KnockOff,PartingShot|||F|||50|,,,,,Bug]Rillaboom||AssaultVest|GrassySurge|Uturn,WoodHammer,GrassyGlide,FakeOut|||F|||50|,,,,,Fire]Farigiraf||ThroatSpray|ArmorTail|HyperVoice,Protect,Psychic,TrickRoom|||M|||50|,,,,,Fairy]Sneasler||FocusSash|Unburden|CloseCombat,Protect,FakeOut,ThroatChop|||M|||50|,,,,,Dark]Volcarona||CovertCloak|FlameBody|HeatWave,Protect,StruggleBug,RagePowder|||F|||50|,,,,,Water
|inactive|Battle timer is ON: inactive players will automatically lose when time's up. (requested by bupki)
|j| stavraid
|inactive|eklyst has 60 seconds left.
|
|t:|1756940124
|teamsize|p1|4
|teamsize|p2|4
|start
|switch|p1a: Spiritomb|Spiritomb, L50, F|100/100
|switch|p1b: Gholdengo|Gholdengo, L50|100/100
|switch|p2a: Incineroar|Incineroar, L50, F|100/100
|switch|p2b: Farigiraf|Farigiraf, L50, M|100/100
|-ability|p2a: Incineroar|Intimidate|boost
|-unboost|p1a: Spiritomb|atk|1
|-unboost|p1b: Gholdengo|atk|1
|turn|1
|
|t:|1756940147
|move|p1b: Gholdengo|Protect|p1b: Gholdengo
|-singleturn|p1b: Gholdengo|Protect
|move|p2b: Farigiraf|Protect|p2b: Farigiraf
|-singleturn|p2b: Farigiraf|Protect
|move|p2a: Incineroar|Flare Blitz|p1b: Gholdengo
|-activate|p1b: Gholdengo|move: Protect
|move|p1a: Spiritomb|Foul Play|p2b: Farigiraf
|-activate|p2b: Farigiraf|move: Protect
|
|upkeep
|turn|2
|
|t:|1756940159
|switch|p2b: Rillaboom|Rillaboom, L50, F|100/100
|-fieldstart|move: Grassy Terrain|[from] ability: Grassy Surge|[of] p2b: Rillaboom
|-terastallize|p1b: Gholdengo|Water
|move|p1b: Gholdengo|Nasty Plot|p1b: Gholdengo
|-boost|p1b: Gholdengo|spa|2
|move|p2a: Incineroar|Flare Blitz|p1b: Gholdengo
|-resisted|p1b: Gholdengo
|-damage|p1b: Gholdengo|75/100
|-damage|p2a: Incineroar|93/100|[from] Recoil
|move|p1a: Spiritomb|Foul Play|p2b: Rillaboom
|-damage|p2b: Rillaboom|56/100
|
|-heal|p1b: Gholdengo|81/100|[from] Grassy Terrain
|-heal|p2b: Rillaboom|62/100|[from] Grassy Terrain
|-heal|p2a: Incineroar|99/100|[from] Grassy Terrain
|upkeep
|turn|3
|
|t:|1756940178
|move|p1b: Gholdengo|Protect|p1b: Gholdengo
|-singleturn|p1b: Gholdengo|Protect
|move|p2b: Rillaboom|Grassy Glide|p1b: Gholdengo
|-activate|p1b: Gholdengo|move: Protect
|move|p2a: Incineroar|Knock Off|p1a: Spiritomb
|-damage|p1a: Spiritomb|60/100
|-enditem|p1a: Spiritomb|Leftovers|[from] move: Knock Off|[of] p2a: Incineroar
|move|p1a: Spiritomb|Will-O-Wisp|p2b: Rillaboom
|-status|p2b: Rillaboom|brn
|
|-heal|p1b: Gholdengo|87/100|[from] Grassy Terrain
|-heal|p2b: Rillaboom|68/100 brn|[from] Grassy Terrain
|-heal|p2a: Incineroar|100/100|[from] Grassy Terrain
|-heal|p1a: Spiritomb|66/100|[from] Grassy Terrain
|-damage|p2b: Rillaboom|62/100 brn|[from] brn
|upkeep
|turn|4
|
|t:|1756940196
|switch|p1a: Sneasler|Sneasler, L50, F|100/100
|move|p1b: Gholdengo|Make It Rain|p2a: Incineroar|[spread] p2a,p2b
|-resisted|p2a: Incineroar
|-damage|p2a: Incineroar|46/100
|-damage|p2b: Rillaboom|0 fnt
|-unboost|p1b: Gholdengo|spa|1
|-enditem|p2a: Incineroar|Sitrus Berry|[eat]
|-heal|p2a: Incineroar|71/100|[from] item: Sitrus Berry
|faint|p2b: Rillaboom
|-damage|p1b: Gholdengo|77/100|[from] item: Life Orb
|move|p2a: Incineroar|Flare Blitz|p1a: Sneasler
|-damage|p1a: Sneasler|19/100
|-damage|p2a: Incineroar|50/100|[from] Recoil
|
|-heal|p1a: Sneasler|25/100|[from] Grassy Terrain
|-heal|p1b: Gholdengo|83/100|[from] Grassy Terrain
|-heal|p2a: Incineroar|56/100|[from] Grassy Terrain
|upkeep
|
|t:|1756940213
|switch|p2b: Farigiraf|Farigiraf, L50, M|100/100
|turn|5
|
|t:|1756940221
|switch|p1a: Spiritomb|Spiritomb, L50, F|66/100
|move|p1b: Gholdengo|Make It Rain|p2a: Incineroar|[spread] p2a,p2b
|-resisted|p2a: Incineroar
|-damage|p2a: Incineroar|16/100
|-damage|p2b: Farigiraf|10/100
|-unboost|p1b: Gholdengo|spa|1
|-damage|p1b: Gholdengo|73/100|[from] item: Life Orb
|move|p2a: Incineroar|Knock Off|p1b: Gholdengo
|-damage|p1b: Gholdengo|26/100
|-enditem|p1b: Gholdengo|Life Orb|[from] move: Knock Off|[of] p2a: Incineroar
|move|p2b: Farigiraf|Trick Room|p2b: Farigiraf
|-fieldstart|move: Trick Room|[of] p2b: Farigiraf
|
|-heal|p1a: Spiritomb|72/100|[from] Grassy Terrain
|-heal|p2b: Farigiraf|16/100|[from] Grassy Terrain
|-heal|p2a: Incineroar|22/100|[from] Grassy Terrain
|-heal|p1b: Gholdengo|33/100|[from] Grassy Terrain
|upkeep
|turn|6
|inactive|eklyst has 30 seconds left.
|
|t:|1756940248
|move|p1b: Gholdengo|Protect|p1b: Gholdengo
|-singleturn|p1b: Gholdengo|Protect
|move|p1a: Spiritomb|Snarl|p2b: Farigiraf|[spread] p2a,p2b
|-resisted|p2a: Incineroar
|-supereffective|p2b: Farigiraf
|-damage|p2a: Incineroar|16/100
|-damage|p2b: Farigiraf|0 fnt
|-unboost|p2a: Incineroar|spa|1
|faint|p2b: Farigiraf
|move|p2a: Incineroar|Flare Blitz|p1a: Spiritomb
|-damage|p1a: Spiritomb|30/100
|-damage|p2a: Incineroar|5/100|[from] Recoil
|
|-heal|p1a: Spiritomb|36/100|[from] Grassy Terrain
|-heal|p2a: Incineroar|11/100|[from] Grassy Terrain
|-heal|p1b: Gholdengo|39/100|[from] Grassy Terrain
|-fieldend|move: Grassy Terrain
|upkeep
|
|t:|1756940261
|switch|p2b: Ursaluna|Ursaluna-Bloodmoon, L50, M|100/100
|turn|7
|
|t:|1756940277
|-terastallize|p2b: Ursaluna|Normal
|move|p1b: Gholdengo|Protect||[still]
|-fail|p1b: Gholdengo
|move|p2a: Incineroar|Flare Blitz|p1a: Spiritomb
|-damage|p1a: Spiritomb|0 fnt
|faint|p1a: Spiritomb
|-damage|p2a: Incineroar|2/100|[from] Recoil
|move|p2b: Ursaluna|Hyper Voice|p1b: Gholdengo
|-damage|p1b: Gholdengo|0 fnt
|faint|p1b: Gholdengo
|-damage|p2b: Ursaluna|90/100|[from] item: Life Orb
|
|upkeep
|
|t:|1756940286
|switch|p1a: Sneasler|Sneasler, L50, F|25/100
|switch|p1b: Ursaluna|Ursaluna-Bloodmoon, L50, M|100/100
|turn|8
|
|t:|1756940301
|move|p1a: Sneasler|Fake Out|p2b: Ursaluna
|-damage|p2b: Ursaluna|79/100
|move|p1b: Ursaluna|Hyper Voice|p2b: Ursaluna|[spread] p2a,p2b
|-damage|p2a: Incineroar|0 fnt
|-damage|p2b: Ursaluna|37/100
|faint|p2a: Incineroar
|cant|p2b: Ursaluna|flinch
|
|upkeep
|turn|9
|
|t:|1756940323
|move|p1a: Sneasler|Protect|p1a: Sneasler
|-singleturn|p1a: Sneasler|Protect
|move|p1b: Ursaluna|Blood Moon|p2b: Ursaluna
|-damage|p2b: Ursaluna|0 fnt
|faint|p2b: Ursaluna
|
|win|bupki
||bupki is ready for game 2.
|l|☆bupki
|player|p1|
||eklyst is ready for game 2.
|uhtml|next|Next: Game 2 of 3
|l| stavraid
