|j|☆upoiuz
|j|☆testdigi
|html|upoiuztestdigi    
|uhtml|bestof|Game 3 of a best-of-3
|t:|1785153741
|gametype|doubles
|player|p1|upoiuz|hilbert|1121
|player|p2|testdigi|169|1196
|gen|9
|tier|[Gen 9 Champions] VGC 2026 Reg M-B (Bo3)
|rated|
|rule|Species Clause: Limit one of each Pokémon
|rule|Item Clause: Limit 1 of each item
|clearpoke
|poke|p1|Incineroar, L50, F|
|poke|p1|Archaludon, L50, F|
|poke|p1|Pelipper, L50, F|
|poke|p1|Meganium, L50, F|
|poke|p1|Garchomp, L50, M|
|poke|p1|Swampert, L50, M|
|poke|p2|Raichu, L50, M|
|poke|p2|Toxapex, L50, F|
|poke|p2|Mamoswine, L50, F|
|poke|p2|Sylveon, L50, M|
|poke|p2|Corviknight, L50, F|
|poke|p2|Basculegion, L50, M|
|teampreview|4
|showteam|p1|Incineroar||SitrusBerry|Intimidate|FakeOut,PartingShot,FlareBlitz,ThroatChop|Calm||F|||50|]Archaludon||WhiteHerb|Stamina|DracoMeteor,ElectroShot,FlashCannon,Protect|Modest||F|||50|]Pelipper||Leftovers|Drizzle|Hurricane,Tailwind,Protect,MuddyWater|Timid||F|||50|]Meganium||Meganiumite|Overgrow|WeatherBall,SolarBeam,Protect,DazzlingGleam|Modest||F|||50|]Garchomp||ChoiceScarf|RoughSkin|DragonClaw,StompingTantrum,Earthquake,RockSlide|Jolly||M|||50|]Swampert||Swampertite|Torrent|Earthquake,WaveCrash,IcePunch,Protect|Adamant||M|||50|
|showteam|p2|Raichu||RaichuniteY|LightningRod|ZapCannon,FocusBlast,FakeOut,Protect|Timid||M|||50|]Toxapex||Leftovers|Regenerator|Infestation,Toxic,Recover,BanefulBunker|Relaxed||F|||50|]Mamoswine||LifeOrb|Oblivious|StompingTantrum,IceShard,RockSlide,Protect|Adamant||F|||50|]Sylveon||FairyFeather|Pixilate|HyperVoice,QuickAttack,Yawn,Detect|Modest||M|||50|]Corviknight||OccaBerry|MirrorArmor|IronHead,BraveBird,Tailwind,Protect|Adamant||F|||50|]Basculegion||FocusSash|Adaptability|LastRespects,Liquidation,AquaJet,Protect|Jolly||M|||50|
|inactive|Battle timer is ON: inactive players will automatically lose when time's up. (requested by upoiuz)
|
|t:|1785153763
|teamsize|p1|4
|teamsize|p2|4
|start
|switch|p1a: Archaludon|Archaludon, L50, F|100/100
|switch|p1b: Pelipper|Pelipper, L50, F|100/100
|switch|p2a: Raichu|Raichu, L50, M|100/100
|switch|p2b: Sylveon|Sylveon, L50, M|100/100
|-weather|RainDance|[from] ability: Drizzle|[of] p1b: Pelipper
|turn|1
|
|t:|1785153783
|detailschange|p2a: Raichu|Raichu-Mega-Y, L50, M
|-mega|p2a: Raichu|Raichu|Raichunite Y
|move|p1b: Pelipper|Protect|p1b: Pelipper
|-singleturn|p1b: Pelipper|Protect
|move|p2a: Raichu|Fake Out|p1a: Archaludon
|-resisted|p1a: Archaludon|1
|-damage|p1a: Archaludon|96/100
|-ability|p1a: Archaludon|Stamina|boost
|-boost|p1a: Archaludon|def|1
|cant|p1a: Archaludon|flinch
|move|p2b: Sylveon|Yawn|p1b: Pelipper
|-activate|p1b: Pelipper|move: Protect
|
|-weather|RainDance|[upkeep]
|upkeep
|turn|2
|
|t:|1785153800
|switch|p1b: Swampert|Swampert, L50, M|100/100
|move|p2b: Sylveon|Detect|p2b: Sylveon
|-singleturn|p2b: Sylveon|Protect
|move|p2a: Raichu|Zap Cannon|p1b: Swampert
|-immune|p1b: Swampert
|move|p1a: Archaludon|Flash Cannon|p2b: Sylveon
|-activate|p2b: Sylveon|move: Protect
|
|-weather|RainDance|[upkeep]
|upkeep
|turn|3
|
|t:|1785153817
|switch|p2b: Basculegion|Basculegion, L50, M|100/100
|detailschange|p1b: Swampert|Swampert-Mega, L50, M
|-mega|p1b: Swampert|Swampert|Swampertite
|move|p1b: Swampert|Wave Crash|p2b: Basculegion
|-resisted|p2b: Basculegion|1
|-damage|p2b: Basculegion|27/100
|-damage|p1b: Swampert|73/100|[from] Recoil
|move|p2a: Raichu|Focus Blast|p1a: Archaludon
|-supereffective|p1a: Archaludon|1
|-damage|p1a: Archaludon|0 fnt
|faint|p1a: Archaludon
|
|-weather|RainDance|[upkeep]
|upkeep
|
|t:|1785153833
|switch|p1a: Pelipper|Pelipper, L50, F|100/100
|turn|4
|
|t:|1785153843
|move|p2a: Raichu|Protect|p2a: Raichu
|-singleturn|p2a: Raichu|Protect
|move|p2b: Basculegion|Aqua Jet|p1b: Swampert
|-damage|p1b: Swampert|33/100
|move|p1b: Swampert|Earthquake|p2a: Raichu|[spread] p2b
|-activate|p2a: Raichu|move: Protect
|-immune|p1a: Pelipper
|-damage|p2b: Basculegion|0 fnt
|faint|p2b: Basculegion
|move|p1a: Pelipper|Tailwind|p1a: Pelipper
|-sidestart|p1: upoiuz|move: Tailwind
|
|-weather|RainDance|[upkeep]
|upkeep
|
|t:|1785153853
|switch|p2b: Sylveon|Sylveon, L50, M|100/100
|turn|5
|
|t:|1785153862
|move|p1b: Swampert|Earthquake|p2a: Raichu|[spread] p2a,p2b
|-immune|p1a: Pelipper
|-supereffective|p2a: Raichu|1
|-crit|p2a: Raichu
|-damage|p2a: Raichu|0 fnt
|-damage|p2b: Sylveon|50/100g
|faint|p2a: Raichu
|move|p1a: Pelipper|Hurricane|p2b: Sylveon
|-damage|p2b: Sylveon|15/100
|-start|p2b: Sylveon|confusion
|-activate|p2b: Sylveon|confusion
|-damage|p2b: Sylveon|10/100|[from] confusion
|
|-weather|none
|upkeep
|
|t:|1785153868
|switch|p2a: Mamoswine|Mamoswine, L50, F|100/100
|turn|6
|
|t:|1785153881
|switch|p1a: Garchomp|Garchomp, L50, M|100/100
|move|p1b: Swampert|Protect|p1b: Swampert
|-singleturn|p1b: Swampert|Protect
|move|p2a: Mamoswine|Ice Shard|p1b: Swampert
|-activate|p1b: Swampert|move: Protect
|-activate|p2b: Sylveon|confusion
|move|p2b: Sylveon|Hyper Voice|p1b: Swampert|[spread] p1a
|-activate|p1b: Swampert|move: Protect
|-supereffective|p1a: Garchomp|1
|-damage|p1a: Garchomp|11/100
|
|upkeep
|turn|7
|
|t:|1785153903
|move|p2a: Mamoswine|Ice Shard|p1b: Swampert
|-damage|p1b: Swampert|4/100
|-damage|p2a: Mamoswine|90/100|[from] item: Life Orb
|-activate|p2b: Sylveon|confusion
|move|p2b: Sylveon|Quick Attack|p1b: Swampert
|-damage|p1b: Swampert|0 fnt
|faint|p1b: Swampert
|move|p1a: Garchomp|Stomping Tantrum|p2a: Mamoswine
|-damage|p2a: Mamoswine|48/100
|
|-sideend|p1: upoiuz|move: Tailwind
|upkeep
|
|t:|1785153914
|switch|p1b: Pelipper|Pelipper, L50, F|100/100
|-weather|RainDance|[from] ability: Drizzle|[of] p1b: Pelipper
|turn|8
|
|t:|1785153931
|-end|p2b: Sylveon|confusion
|move|p2b: Sylveon|Quick Attack|p1a: Garchomp
|-supereffective|p1a: Garchomp|1
|-damage|p1a: Garchomp|0 fnt
|-damage|p2b: Sylveon|0 fnt|[from] ability: Rough Skin|[of] p1a: Garchomp
|faint|p1a: Garchomp
|faint|p2b: Sylveon
|move|p2a: Mamoswine|Rock Slide|p1b: Pelipper
|-supereffective|p1b: Pelipper|1
|-damage|p1b: Pelipper|0 fnt
|faint|p1b: Pelipper
|-damage|p2a: Mamoswine|39/100|[from] item: Life Orb
|
|win|testdigi
