|j|☆Blood Mustard
|j|☆ronansting
|html|Blood Mustardronansting    
|uhtml|bestof|Game 3 of a best-of-3
|t:|1754229597
|gametype|doubles
|player|p1|Blood Mustard|acetrainer-gen4|1218
|player|p2|ronansting|baker|1269
|gen|9
|tier|[Gen 9] VGC 2025 Reg H (Bo3)
|rated|
|rule|Species Clause: Limit one of each Pokémon
|rule|Item Clause: Limit 1 of each item
|clearpoke
|poke|p1|Annihilape, L50, M|
|poke|p1|Maushold, L50|
|poke|p1|Tyranitar, L50, M|
|poke|p1|Ursaluna-Bloodmoon, L50, M|
|poke|p1|Klefki, L50, M|
|poke|p1|Sinistcha, L50|
|poke|p2|Archaludon, L50, F|
|poke|p2|Pelipper, L50, F|
|poke|p2|Indeedee, L50, M|
|poke|p2|Amoonguss, L50, F|
|poke|p2|Basculegion, L50, M|
|poke|p2|Hydreigon, L50, F|
|teampreview|4
|showteam|p1|Annihilape||SpellTag|Defiant|DrainPunch,RageFist,BulkUp,Protect|||M|||50|,,,,,Water]Maushold||SafetyGoggles|FriendGuard|BeatUp,FollowMe,Taunt,Protect||||||50|,,,,,Ghost]Tyranitar||AssaultVest|SandStream|KnockOff,RockSlide,LowKick,TeraBlast|||M|||50|,,,,,Flying]Ursaluna-Bloodmoon||LifeOrb|MindsEye|BloodMoon,EarthPower,HyperVoice,Protect|||M|||50|,,,,,Normal]Klefki||LightClay|Prankster|DazzlingGleam,MistyTerrain,LightScreen,Reflect|||M|||50|,,,,,Ghost]Sinistcha||SitrusBerry|Hospitality|MatchaGotcha,RagePowder,LifeDew,TrickRoom||||||50|,,,,,Fairy
|showteam|p2|Archaludon||AssaultVest|Stamina|ElectroShot,DracoMeteor,BodyPress,FlashCannon|||F|||50|,,,,,Grass]Pelipper||FocusSash|Drizzle|WeatherBall,Hurricane,Tailwind,Protect|||F|||50|,,,,,Ghost]Indeedee||ChoiceScarf|PsychicSurge|ExpandingForce,TeraBlast,Trick,DazzlingGleam|||M|||50|,,,,,Ground]Amoonguss||SitrusBerry|Regenerator|Spore,SludgeBomb,Protect,RagePowder|||F|||50|,,,,,Water]Basculegion||ChoiceBand|SwiftSwim|FlipTurn,WaveCrash,LastRespects,AquaJet|||M|||50|,,,,,Poison]Hydreigon||CovertCloak|Levitate|Taunt,Snarl,DracoMeteor,EarthPower|||F|||50|,,,,,Ghost
|j| tcgpocketisbetter
|l| tcgpocketisbetter
|
|t:|1754229658
|teamsize|p1|4
|teamsize|p2|4
|start
|switch|p1a: The Keys|Klefki, L50, M|100/100
|switch|p1b: Ursaluna|Ursaluna-Bloodmoon, L50, M|100/100
|switch|p2a: Empire|Basculegion, L50, M|100/100
|switch|p2b: Piedragon|Hydreigon, L50, F|100/100
|turn|1
|
|t:|1754229686
|switch|p2b: Arching|Archaludon, L50, F|100/100
|-terastallize|p1b: Ursaluna|Normal
|move|p1a: The Keys|Reflect|p1a: The Keys
|-sidestart|p1: Blood Mustard|Reflect
|move|p2a: Empire|Wave Crash|p1a: The Keys
|-damage|p1a: The Keys|46/100
|-damage|p2a: Empire|86/100|[from] Recoil
|move|p1b: Ursaluna|Hyper Voice|p2a: Empire|[spread] p2a,p2b
|-resisted|p2b: Arching
|-damage|p2a: Empire|6/100
|-damage|p2b: Arching|78/100
|-ability|p2b: Arching|Stamina|boost
|-boost|p2b: Arching|def|1
|-damage|p1b: Ursaluna|91/100|[from] item: Life Orb
|
|upkeep
|turn|2
|
|t:|1754229711
|switch|p1b: Frank|Sinistcha, L50|100/100
|-heal|p1a: The Keys|70/100|[from] ability: Hospitality|[of] p1b: Frank
|-terastallize|p2b: Arching|Grass
|move|p1a: The Keys|Light Screen|p1a: The Keys
|-sidestart|p1: Blood Mustard|move: Light Screen
|move|p2a: Empire|Wave Crash|p1a: The Keys
|-damage|p1a: The Keys|17/100
|-damage|p2a: Empire|0 fnt|[from] Recoil
|faint|p2a: Empire
|move|p2b: Arching|Body Press|p1b: Frank
|-immune|p1b: Frank
|
|upkeep
|
|t:|1754229722
|switch|p2a: Piedragon|Hydreigon, L50, F|100/100
|turn|3
|
|t:|1754229771
|move|p1b: Frank|Rage Powder|p1b: Frank
|-singleturn|p1b: Frank|move: Rage Powder
|move|p2a: Piedragon|Taunt|p1b: Frank
|-start|p1b: Frank|move: Taunt
|move|p2b: Arching|Flash Cannon|p1a: The Keys
|-damage|p1a: The Keys|0 fnt
|faint|p1a: The Keys
|
|upkeep
|
|t:|1754229787
|switch|p1a: Reptar|Tyranitar, L50, M|100/100
|-weather|Sandstorm|[from] ability: Sand Stream|[of] p1a: Reptar
|turn|4
|
|t:|1754229806
|move|p2a: Piedragon|Snarl|p1a: Reptar|[spread] p1a,p1b
|-resisted|p1a: Reptar
|-supereffective|p1b: Frank
|-crit|p1b: Frank
|-damage|p1a: Reptar|98/100
|-damage|p1b: Frank|42/100
|-unboost|p1a: Reptar|spa|1
|-unboost|p1b: Frank|spa|1
|-enditem|p1b: Frank|Sitrus Berry|[eat]
|-heal|p1b: Frank|67/100|[from] item: Sitrus Berry
|move|p2b: Arching|Body Press|p1a: Reptar
|-supereffective|p1a: Reptar
|-damage|p1a: Reptar|30/100
|move|p1b: Frank|Matcha Gotcha|p2b: Arching|[spread] p2a,p2b
|-resisted|p2a: Piedragon
|-resisted|p2b: Arching
|-damage|p2a: Piedragon|92/100
|-heal|p1b: Frank|71/100|[from] drain|[of] p2a: Piedragon
|-damage|p2b: Arching|73/100
|-heal|p1b: Frank|74/100|[from] drain|[of] p2b: Arching
|-status|p2b: Arching|brn
|-ability|p2b: Arching|Stamina|boost
|-boost|p2b: Arching|def|1
|move|p1a: Reptar|Knock Off|p2b: Arching
|-damage|p2b: Arching|54/100 brn
|-ability|p2b: Arching|Stamina|boost
|-boost|p2b: Arching|def|1
|-enditem|p2b: Arching|Assault Vest|[from] move: Knock Off|[of] p1a: Reptar
|
|-weather|Sandstorm|[upkeep]
|-damage|p2a: Piedragon|86/100|[from] Sandstorm
|-damage|p2b: Arching|48/100 brn|[from] Sandstorm
|-damage|p1b: Frank|68/100|[from] Sandstorm
|-damage|p2b: Arching|42/100 brn|[from] brn
|upkeep
|turn|5
|
|t:|1754229838
|switch|p1a: Ursaluna|Ursaluna-Bloodmoon, L50, M, tera:Normal|91/100
|move|p2a: Piedragon|Snarl|p1a: Ursaluna|[spread] p1a,p1b
|-supereffective|p1b: Frank
|-damage|p1a: Ursaluna|77/100
|-damage|p1b: Frank|45/100
|-unboost|p1a: Ursaluna|spa|1
|-unboost|p1b: Frank|spa|1
|move|p2b: Arching|Body Press|p1a: Ursaluna
|-supereffective|p1a: Ursaluna
|-damage|p1a: Ursaluna|47/100
|move|p1b: Frank|Matcha Gotcha|p2b: Arching|[spread] p2a,p2b
|-resisted|p2a: Piedragon
|-resisted|p2b: Arching
|-damage|p2a: Piedragon|79/100
|-heal|p1b: Frank|49/100|[from] drain|[of] p2a: Piedragon
|-damage|p2b: Arching|35/100 brn
|-heal|p1b: Frank|52/100|[from] drain|[of] p2b: Arching
|-ability|p2b: Arching|Stamina|boost
|-boost|p2b: Arching|def|1
|
|-weather|Sandstorm|[upkeep]
|-damage|p2a: Piedragon|73/100|[from] Sandstorm
|-damage|p2b: Arching|29/100 brn|[from] Sandstorm
|-damage|p1b: Frank|46/100|[from] Sandstorm
|-damage|p1a: Ursaluna|41/100|[from] Sandstorm
|-damage|p2b: Arching|23/100 brn|[from] brn
|upkeep
|turn|6
|
|t:|1754229879
|switch|p1b: Reptar|Tyranitar, L50, M|30/100
|move|p1a: Ursaluna|Protect|p1a: Ursaluna
|-singleturn|p1a: Ursaluna|Protect
|move|p2a: Piedragon|Snarl|p1b: Reptar|[spread] p1b
|-activate|p1a: Ursaluna|move: Protect
|-resisted|p1b: Reptar
|-damage|p1b: Reptar|27/100
|-unboost|p1b: Reptar|spa|1
|move|p2b: Arching|Body Press|p1a: Ursaluna
|-activate|p1a: Ursaluna|move: Protect
|
|-weather|Sandstorm|[upkeep]
|-damage|p2a: Piedragon|67/100|[from] Sandstorm
|-damage|p2b: Arching|17/100 brn|[from] Sandstorm
|-damage|p1a: Ursaluna|35/100|[from] Sandstorm
|-damage|p2b: Arching|10/100 brn|[from] brn
|upkeep
|turn|7
|
|t:|1754229908
|switch|p1a: Frank|Sinistcha, L50|46/100
|-heal|p1b: Reptar|52/100|[from] ability: Hospitality|[of] p1a: Frank
|move|p2a: Piedragon|Snarl|p1a: Frank|[spread] p1a,p1b
|-supereffective|p1a: Frank
|-resisted|p1b: Reptar
|-damage|p1a: Frank|21/100
|-damage|p1b: Reptar|50/100
|-unboost|p1a: Frank|spa|1
|-unboost|p1b: Reptar|spa|1
|move|p2b: Arching|Body Press|p1b: Reptar
|-supereffective|p1b: Reptar
|-damage|p1b: Reptar|0 fnt
|faint|p1b: Reptar
|
|-weather|Sandstorm|[upkeep]
|-damage|p2a: Piedragon|61/100|[from] Sandstorm
|-damage|p2b: Arching|4/100 brn|[from] Sandstorm
|-damage|p1a: Frank|15/100|[from] Sandstorm
|-damage|p2b: Arching|0 fnt|[from] brn
|faint|p2b: Arching
|upkeep
|
|t:|1754229925
|switch|p2b: Smellypper|Pelipper, L50, F|100/100
|switch|p1b: Ursaluna|Ursaluna-Bloodmoon, L50, M, tera:Normal|35/100
|-weather|RainDance|[from] ability: Drizzle|[of] p2b: Smellypper
|turn|8
|c|☆ronansting|gg
|
|t:|1754229951
|move|p2a: Piedragon|Snarl|p1b: Ursaluna|[spread] p1a,p1b
|-supereffective|p1a: Frank
|-damage|p1a: Frank|0 fnt
|-damage|p1b: Ursaluna|23/100
|-unboost|p1b: Ursaluna|spa|1
|faint|p1a: Frank
|move|p2b: Smellypper|Hurricane|p1b: Ursaluna
|-damage|p1b: Ursaluna|0 fnt
|faint|p1b: Ursaluna
|
|win|ronansting
|raw|Blood Mustard's rating: 1218 → 1197(-21 for losing)
|raw|ronansting's rating: 1269 → 1290(+21 for winning)
|l|☆Blood Mustard
|player|p1|
