|j|☆nagc_17
|j|☆gio0314
|html|nagc_17gio0314    
|uhtml|bestof|Game 1 of a best-of-3
|t:|1785252746
|gametype|doubles
|player|p1|nagc_17|scientist|
|player|p2|gio0314|2|
|gen|9
|tier|[Gen 9 Champions] VGC 2026 Reg M-B (Bo3)
|rule|Species Clause: Limit one of each Pokémon
|rule|Item Clause: Limit 1 of each item
|clearpoke
|poke|p1|Starmie, L50|
|poke|p1|Kingambit, L50, M|
|poke|p1|Sinistcha, L50|
|poke|p1|Archaludon, L50, M|
|poke|p1|Pelipper, L50, F|
|poke|p1|Basculegion, L50, M|
|poke|p2|Lucario, L50, F|
|poke|p2|Sableye, L50, M|
|poke|p2|Lycanroc-Dusk, L50, M|
|poke|p2|Luxray, L50, M|
|poke|p2|Hydreigon, L50, F|
|poke|p2|Talonflame, L50, F|
|teampreview|4
|showteam|p1|Starmie||Starminite|Illuminate|AquaJet,FlipTurn,ZenHeadbutt,Liquidation|Adamant|||||50|]Kingambit||ChopleBerry|Defiant|KowtowCleave,SuckerPunch,Protect,BrickBreak|Adamant||M|||50|]Sinistcha||SitrusBerry|Hospitality|MatchaGotcha,RagePowder,Protect,TrickRoom|Adamant|||||50|]Archaludon||Leftovers|Stamina|ElectroShot,FlashCannon,DracoMeteor,Protect|Adamant||M|||50|]Pelipper||FocusSash|Drizzle|Hurricane,WeatherBall,WideGuard,Tailwind|Adamant||F|||50|]Basculegion||ChoiceScarf|Adaptability|AquaJet,LastRespects,FlipTurn,WaveCrash|Adamant||M|||50|
|showteam|p2|Lucario||Lucarionite|InnerFocus|CloseCombat,MeteorMash,Protect,Crunch|Jolly||F|||50|]Sableye||SitrusBerry|Prankster|Reflect,KnockOff,Encore,LightScreen|Careful||M|||50|]Lycanroc-Dusk||LifeOrb|ToughClaws|RockSlide,Accelerock,CloseCombat,Protect|Jolly||M|||50|]Luxray||ShucaBerry|Intimidate|Superpower,HelpingHand,Protect,WildCharge|Adamant||M|||50|]Hydreigon||FocusSash|Levitate|EarthPower,DracoMeteor,DarkPulse,Protect|Modest||F|||50|]Talonflame|||GaleWings|Acrobatics,Tailwind,FlareBlitz,Uturn|Jolly||F|||50|
|
|t:|1785252830
|teamsize|p1|4
|teamsize|p2|4
|start
|switch|p1a: Pelipper|Pelipper, L50, F|100/100
|switch|p1b: Basculegion|Basculegion, L50, M|100/100
|switch|p2a: Boyer|Sableye, L50, M|100/100
|switch|p2b: Lucyfah|Luxray, L50, M|100/100
|-ability|p2b: Lucyfah|Intimidate|boost
|-unboost|p1a: Pelipper|atk|1
|-unboost|p1b: Basculegion|atk|1
|-weather|RainDance|[from] ability: Drizzle|[of] p1a: Pelipper
|turn|1
|inactive|Battle timer is ON: inactive players will automatically lose when time's up. (requested by gio0314)
|
|t:|1785252930
|switch|p1a: Archaludon|Archaludon, L50, M|100/100
|move|p2b: Lucyfah|Protect|p2b: Lucyfah
|-singleturn|p2b: Lucyfah|Protect
|move|p2a: Boyer|Reflect|p2a: Boyer
|-sidestart|p2: gio0314|Reflect
|move|p1b: Basculegion|Wave Crash|p2b: Lucyfah
|-activate|p2b: Lucyfah|move: Protect
|
|-weather|RainDance|[upkeep]
|upkeep
|turn|2
|inactive|nagc_17 has 30 seconds left.
|
|t:|1785252960
|move|p1b: Basculegion|Wave Crash|p2b: Lucyfah
|-damage|p2b: Lucyfah|37/100
|-damage|p1b: Basculegion|80/100|[from] Recoil
|move|p1a: Archaludon|Electro Shot||[still]
|-prepare|p1a: Archaludon|Electro Shot
|-boost|p1a: Archaludon|spa|1
|-anim|p1a: Archaludon|Electro Shot|p2a: Boyer
|-damage|p2a: Boyer|24/100
|-enditem|p2a: Boyer|Sitrus Berry|[eat]
|-heal|p2a: Boyer|49/100|[from] item: Sitrus Berry
|move|p2b: Lucyfah|Wild Charge|p1b: Basculegion
|-supereffective|p1b: Basculegion|1
|-damage|p1b: Basculegion|0 fnt
|faint|p1b: Basculegion
|-damage|p2b: Lucyfah|16/100|[from] Recoil
|move|p2a: Boyer|Knock Off|p1a: Archaludon
|-damage|p1a: Archaludon|82/100
|-ability|p1a: Archaludon|Stamina|boost
|-boost|p1a: Archaludon|def|1
|-enditem|p1a: Archaludon|Leftovers|[from] move: Knock Off|[of] p2a: Boyer
|
|-weather|RainDance|[upkeep]
|upkeep
|
|t:|1785252981
|switch|p1b: Sinistcha|Sinistcha, L50|100/100
|-heal|p1a: Archaludon|100/100|[from] ability: Hospitality|[of] p1b: Sinistcha
|turn|3
|inactive|nagc_17 has 30 seconds left.
|inactive|gio0314 has 30 seconds left.
|inactive|nagc_17 has 20 seconds left.
|inactive|nagc_17 has 15 seconds left.
|inactive|nagc_17 has 10 seconds left.
|inactive|gio0314 has 20 seconds left.
|inactive|gio0314 has 15 seconds left.
|
|t:|1785253043
|move|p2b: Lucyfah|Protect|p2b: Lucyfah
|-singleturn|p2b: Lucyfah|Protect
|move|p2a: Boyer|Light Screen|p2a: Boyer
|-sidestart|p2: gio0314|move: Light Screen
|move|p1a: Archaludon|Electro Shot||[still]
|-prepare|p1a: Archaludon|Electro Shot
|-boost|p1a: Archaludon|spa|1
|-anim|p1a: Archaludon|Electro Shot|p2a: Boyer
|-damage|p2a: Boyer|0 fnt
|faint|p2a: Boyer
|move|p1b: Sinistcha|Trick Room|p1b: Sinistcha
|-fieldstart|move: Trick Room|[of] p1b: Sinistcha
|
|-weather|RainDance|[upkeep]
|upkeep
|
|t:|1785253055
|switch|p2a: Negreiron|Hydreigon, L50, F|100/100
|turn|4
|
|t:|1785253073
|move|p1b: Sinistcha|Rage Powder|p1b: Sinistcha
|-singleturn|p1b: Sinistcha|move: Rage Powder
|move|p2b: Lucyfah|Superpower|p1b: Sinistcha
|-immune|p1b: Sinistcha
|move|p1a: Archaludon|Draco Meteor|p2a: Negreiron
|-supereffective|p2a: Negreiron|1
|-enditem|p2a: Negreiron|Focus Sash
|-damage|p2a: Negreiron|1/100
|-unboost|p1a: Archaludon|spa|2
|move|p2a: Negreiron|Draco Meteor|p1b: Sinistcha
|-damage|p1b: Sinistcha|12/100
|-unboost|p2a: Negreiron|spa|2
|-enditem|p1b: Sinistcha|Sitrus Berry|[eat]
|-heal|p1b: Sinistcha|37/100|[from] item: Sitrus Berry
|
|-weather|RainDance|[upkeep]
|upkeep
|turn|5
|inactive|nagc_17 has 30 seconds left.
|inactive|gio0314 has 30 seconds left.
|inactive|nagc_17 has 20 seconds left.
|inactive|nagc_17 has 15 seconds left.
|inactive|nagc_17 has 10 seconds left.
|inactive|nagc_17 has 5 seconds left.
|
|t:|1785253128
|move|p2a: Negreiron|Protect|p2a: Negreiron
|-singleturn|p2a: Negreiron|Protect
|move|p1b: Sinistcha|Matcha Gotcha|p2a: Negreiron|[spread] p2b
|-activate|p2a: Negreiron|move: Protect
|-damage|p2b: Lucyfah|1/100
|-heal|p1b: Sinistcha|44/100|[from] drain|[of] p2b: Lucyfah
|move|p2b: Lucyfah|Wild Charge|p1b: Sinistcha
|-resisted|p1b: Sinistcha|1
|-damage|p1b: Sinistcha|25/100
|-damage|p2b: Lucyfah|0 fnt|[from] Recoil
|faint|p2b: Lucyfah
|move|p1a: Archaludon|Electro Shot||[still]
|-prepare|p1a: Archaludon|Electro Shot
|-boost|p1a: Archaludon|spa|1
|-anim|p1a: Archaludon|Electro Shot|p2a: Negreiron
|-activate|p2a: Negreiron|move: Protect
|
|-weather|none
|-sideend|p2: gio0314|Reflect
|upkeep
|
|t:|1785253145
|switch|p2b: Carlota|Talonflame, L50, F|100/100
|turn|6
|inactive|nagc_17 has 30 seconds left.
|
|t:|1785253172
|switch|p1b: Pelipper|Pelipper, L50, F|100/100
|-weather|RainDance|[from] ability: Drizzle|[of] p1b: Pelipper
|move|p1a: Archaludon|Flash Cannon|p2a: Negreiron
|-damage|p2a: Negreiron|0 fnt
|faint|p2a: Negreiron
|move|p2b: Carlota|Flare Blitz|p1a: Archaludon
|-damage|p1a: Archaludon|89/100
|-ability|p1a: Archaludon|Stamina|boost
|-boost|p1a: Archaludon|def|1
|-damage|p2b: Carlota|95/100|[from] Recoil
|
|-weather|RainDance|[upkeep]
|upkeep
|turn|7
|inactive|nagc_17 has 30 seconds left.
|
|t:|1785253198
|move|p1b: Pelipper|Weather Ball|p2b: Carlota
|-supereffective|p2b: Carlota|1
|-damage|p2b: Carlota|0 fnt
|faint|p2b: Carlota
|
|win|nagc_17
||gio0314 is ready for game 2.
|inactive|nagc_17 has 30 seconds to confirm battle start!
||nagc_17 is ready for game 2.
|uhtml|next|Next: Game 2 of 3
