|j|☆neuesspielzeug
|j|☆ctjn17
|html|neuesspielzeugctjn17    
|uhtml|bestof|Game 3 of a best-of-3
|t:|1784521680
|gametype|doubles
|player|p1|neuesspielzeug|2|1223
|player|p2|ctjn17|101|1263
|gen|9
|tier|[Gen 9 Champions] VGC 2026 Reg M-B (Bo3)
|rated|
|rule|Species Clause: Limit one of each Pokémon
|rule|Item Clause: Limit 1 of each item
|clearpoke
|poke|p1|Scrafty, L50, M|
|poke|p1|Toxapex, L50, F|
|poke|p1|Metagross, L50|
|poke|p1|Chandelure, L50, M|
|poke|p1|Hydreigon, L50, M|
|poke|p1|Sneasler, L50, M|
|poke|p2|Milotic, L50, F|
|poke|p2|Scovillain, L50, F|
|poke|p2|Tyranitar, L50, M|
|poke|p2|Gholdengo, L50|
|poke|p2|Sneasler, L50, F|
|poke|p2|Hydreigon, L50, F|
|teampreview|4
|showteam|p1|Scrafty||Scraftinite|Intimidate|FakeOut,DrainPunch,KnockOff,PoisonJab|Careful||M|||50|]Toxapex||Leftovers|Regenerator|Infestation,Toxic,BanefulBunker,WideGuard|Bold||F|||50|]Metagross||Metagrossite|ClearBody|PsychicFangs,StompingTantrum,IcePunch,Protect|Jolly|||||50|]Chandelure||FocusSash|FlashFire|EnergyBall,HeatWave,ShadowBall,Protect|Timid||M|||50|]Hydreigon||ChoiceScarf|Levitate|DracoMeteor,Snarl,DarkPulse,EarthPower|Modest||M|||50|]Sneasler||LifeOrb|PoisonTouch|FakeOut,CloseCombat,DireClaw,Protect|Jolly||M|||50|
|showteam|p2|Milotic||SitrusBerry|Competitive|Scald,IcyWind,Haze,Protect|Modest||F|||50|]Scovillain||Scovillainite|Moody|RagePowder,Protect,Overheat,LeechSeed|Bold||F|||50|]Tyranitar||Tyranitarite|SandStream|RockSlide,KnockOff,HighHorsepower,Protect|Jolly||M|||50|]Gholdengo||LifeOrb|GoodasGold|MakeItRain,ShadowBall,NastyPlot,Protect|Modest|||||50|]Sneasler||WhiteHerb|Unburden|FakeOut,CloseCombat,DireClaw,Protect|Adamant||F|||50|]Hydreigon||ChoiceScarf|Levitate|DarkPulse,DracoMeteor,Snarl,EarthPower|Modest||F|||50|
|inactive|Battle timer is ON: inactive players will automatically lose when time's up. (requested by neuesspielzeug)
|
|t:|1784521750
|teamsize|p1|4
|teamsize|p2|4
|start
|switch|p1a: Chandelure|Chandelure, L50, M|100/100
|switch|p1b: Sneasler|Sneasler, L50, M|100/100
|switch|p2a: Gholdengo|Gholdengo, L50|100/100
|switch|p2b: Hydreigon|Hydreigon, L50, F|100/100
|turn|1
|
|t:|1784521770
|move|p2a: Gholdengo|Protect|p2a: Gholdengo
|-singleturn|p2a: Gholdengo|Protect
|move|p1b: Sneasler|Fake Out|p2b: Hydreigon
|-damage|p2b: Hydreigon|79/100
|-status|p2b: Hydreigon|psn|[from] ability: Poison Touch|[of] p1b: Sneasler
|-damage|p1b: Sneasler|90/100|[from] item: Life Orb
|cant|p2b: Hydreigon|flinch
|move|p1a: Chandelure|Heat Wave|p2a: Gholdengo|[spread] p2b
|-activate|p2a: Gholdengo|move: Protect
|-resisted|p2b: Hydreigon|1
|-damage|p2b: Hydreigon|57/100 psn
|
|-damage|p2b: Hydreigon|45/100 psn|[from] psn
|upkeep
|turn|2
|inactive|neuesspielzeug has 30 seconds left.
|inactive|ctjn17 has 30 seconds left.
|inactive|ctjn17 has 20 seconds left.
|inactive|ctjn17 has 15 seconds left.
|
|t:|1784521814
|switch|p2b: Milotic|Milotic, L50, F|100/100
|move|p1b: Sneasler|Protect|p1b: Sneasler
|-singleturn|p1b: Sneasler|Protect
|move|p1a: Chandelure|Heat Wave|p2b: Milotic|[spread] p2a,p2b
|-supereffective|p2a: Gholdengo|1
|-resisted|p2b: Milotic|1
|-damage|p2a: Gholdengo|27/100
|-damage|p2b: Milotic|85/100
|move|p2a: Gholdengo|Nasty Plot|p2a: Gholdengo
|-boost|p2a: Gholdengo|spa|2
|
|upkeep
|turn|3
|
|t:|1784521835
|move|p2a: Gholdengo|Protect|p2a: Gholdengo
|-singleturn|p2a: Gholdengo|Protect
|move|p1b: Sneasler|Close Combat|p2b: Milotic
|-damage|p2b: Milotic|7/100
|-unboost|p1b: Sneasler|def|1
|-unboost|p1b: Sneasler|spd|1
|-enditem|p2b: Milotic|Sitrus Berry|[eat]
|-heal|p2b: Milotic|32/100|[from] item: Sitrus Berry
|-damage|p1b: Sneasler|80/100|[from] item: Life Orb
|move|p1a: Chandelure|Energy Ball|p2b: Milotic
|-supereffective|p2b: Milotic|1
|-damage|p2b: Milotic|0 fnt
|faint|p2b: Milotic
|
|upkeep
|
|t:|1784521841
|switch|p2b: Hydreigon|Hydreigon, L50, F|45/100 psn
|turn|4
|
|t:|1784521865
|move|p1b: Sneasler|Protect|p1b: Sneasler
|-singleturn|p1b: Sneasler|Protect
|move|p1a: Chandelure|Protect|p1a: Chandelure
|-singleturn|p1a: Chandelure|Protect
|move|p2b: Hydreigon|Dark Pulse|p1a: Chandelure
|-activate|p1a: Chandelure|move: Protect
|move|p2a: Gholdengo|Shadow Ball|p1b: Sneasler
|-activate|p1b: Sneasler|move: Protect
|
|-damage|p2b: Hydreigon|33/100 psn|[from] psn
|upkeep
|turn|5
|inactive|neuesspielzeug has 30 seconds left.
|
|t:|1784521895
|switch|p2a: Sneasler|Sneasler, L50, F|100/100
|move|p2b: Hydreigon|Dark Pulse|p1a: Chandelure
|-supereffective|p1a: Chandelure|1
|-enditem|p1a: Chandelure|Focus Sash
|-damage|p1a: Chandelure|1/100
|move|p1b: Sneasler|Dire Claw|p2b: Hydreigon
|-damage|p2b: Hydreigon|0 fnt
|faint|p2b: Hydreigon
|-damage|p1b: Sneasler|71/100|[from] item: Life Orb
|move|p1a: Chandelure|Shadow Ball|p2a: Sneasler
|-damage|p2a: Sneasler|40/100
|
|upkeep
|
|t:|1784521909
|switch|p2b: Gholdengo|Gholdengo, L50|27/100
|turn|6
|
|t:|1784521930
|move|p2b: Gholdengo|Protect|p2b: Gholdengo
|-singleturn|p2b: Gholdengo|Protect
|move|p1b: Sneasler|Close Combat|p2a: Sneasler
|-resisted|p2a: Sneasler|1
|-damage|p2a: Sneasler|0 fnt
|-unboost|p1b: Sneasler|def|1
|-unboost|p1b: Sneasler|spd|1
|faint|p2a: Sneasler
|-damage|p1b: Sneasler|61/100|[from] item: Life Orb
|move|p1a: Chandelure|Heat Wave|p2b: Gholdengo
|-activate|p2b: Gholdengo|move: Protect
|
|upkeep
|turn|7
|-message|ctjn17 forfeited.
|
|win|neuesspielzeug
|raw|neuesspielzeug's rating: 1223 → 1251(+28 for winning)
|raw|ctjn17's rating: 1263 → 1235(-28 for losing)
