|j|☆Bellbottoms
|j|☆soap858
|html|Bellbottomssoap858    
|uhtml|bestof|Game 3 of a best-of-3
|t:|1756641096
|gametype|doubles
|player|p1|Bellbottoms|pokemonbreederf-gen4|1364
|player|p2|soap858|266|1529
|gen|9
|tier|[Gen 9] VGC 2025 Reg H (Bo3)
|rated|
|rule|Species Clause: Limit one of each Pokémon
|rule|Item Clause: Limit 1 of each item
|clearpoke
|poke|p1|Gholdengo, L50|
|poke|p1|Rillaboom, L50, M|
|poke|p1|Arcanine-Hisui, L50, F|
|poke|p1|Sneasler, L50, M|
|poke|p1|Dragonite, L50, F|
|poke|p1|Ninetales-Alola, L50, M|
|poke|p2|Armarouge, L50, F|
|poke|p2|Indeedee-F, L50, F|
|poke|p2|Torkoal, L50, M|
|poke|p2|Kingambit, L50, M|
|poke|p2|Dragapult, L50, M|
|poke|p2|Gallade, L50, M|
|teampreview|4
|showteam|p1|Gholdengo||GrassySeed|GoodasGold|MakeItRain,NastyPlot,ShadowBall,Protect||||||50|,,,,,Water]Rillaboom||AssaultVest|GrassySurge|WoodHammer,GrassyGlide,FakeOut,Uturn|||M|||50|,,,,,Fire]Arcanine-Hisui||ClearAmulet|Intimidate|RockSlide,FlareBlitz,ExtremeSpeed,Protect|||F|||50|,,,,,Water]Sneasler||FocusSash|Unburden|CloseCombat,DireClaw,Coaching,Protect|||M|||50|,,,,,Stellar]Dragonite||LoadedDice|Multiscale|ScaleShot,StompingTantrum,Protect,Tailwind|||F|||50|,,,,,Ground]Ninetales-Alola||CovertCloak|SnowWarning|Blizzard,IcyWind,AuroraVeil,Encore|||M|||50|,,,,,Ice
|showteam|p2|Armarouge||LifeOrb|FlashFire|Protect,ExpandingForce,ArmorCannon,TrickRoom|||F|||50|,,,,,Grass]Indeedee-F||SitrusBerry|PsychicSurge|DazzlingGleam,FollowMe,HelpingHand,TrickRoom|||F|||50|,,,,,Fairy]Torkoal||Charcoal|Drought|Protect,Eruption,WeatherBall,EarthPower|||M|||50|,,,,,Fire]Kingambit||AssaultVest|Defiant|KowtowCleave,IronHead,LowKick,SuckerPunch|||M|||50|,,,,,Dark]Dragapult||ChoiceBand|ClearBody|DragonDarts,PhantomForce,Uturn,Outrage|||M|||50|,,,,,Dragon]Gallade||ClearAmulet|Sharpness|SacredSword,PsychoCut,WideGuard,TrickRoom|||M|||50|,,,,,Steel
|inactive|Battle timer is ON: inactive players will automatically lose when time's up. (requested by soap858)
|l|☆Bellbottoms
|inactive|Bellbottoms disconnected and has a minute to reconnect!
|player|p1|
|inactive|soap858 has 60 seconds left.
|j|☆Bellbottoms
|inactive|Bellbottoms reconnected.
|player|p1|Bellbottoms|pokemonbreederf-gen4|
|l|☆Bellbottoms
|inactive|Bellbottoms disconnected and has a minute to reconnect!
|player|p1|
|
|t:|1756641150
|teamsize|p1|4
|teamsize|p2|4
|start
|switch|p1a: Rocky Road|Sneasler, L50, M|100/100
|switch|p1b: Crazy World|Gholdengo, L50|100/100
|switch|p2a: Dragapult|Dragapult, L50, M|100/100
|switch|p2b: Indeedee|Indeedee-F, L50, F|100/100
|-fieldstart|move: Psychic Terrain|[from] ability: Psychic Surge|[of] p2b: Indeedee
|turn|1
|j|☆Bellbottoms
|inactive|Bellbottoms reconnected and has 55 seconds left.
|player|p1|Bellbottoms|pokemonbreederf-gen4|
|
|t:|1756641173
|switch|p1a: N17|Rillaboom, L50, M|100/100
|-fieldstart|move: Grassy Terrain|[from] ability: Grassy Surge|[of] p1a: N17
|-enditem|p1b: Crazy World|Grassy Seed
|-boost|p1b: Crazy World|def|1|[from] item: Grassy Seed
|-terastallize|p2a: Dragapult|Dragon
|move|p2a: Dragapult|Dragon Darts|p1a: N17
|-crit|p1a: N17
|-damage|p1a: N17|30/100
|-anim|p2a: Dragapult|Dragon Darts|p1b: Crazy World
|-resisted|p1b: Crazy World
|-damage|p1b: Crazy World|80/100
|move|p1b: Crazy World|Nasty Plot|p1b: Crazy World
|-boost|p1b: Crazy World|spa|2
|move|p2b: Indeedee|Trick Room|p2b: Indeedee
|-fieldstart|move: Trick Room|[of] p2b: Indeedee
|
|-heal|p1a: N17|36/100|[from] Grassy Terrain
|-heal|p1b: Crazy World|86/100|[from] Grassy Terrain
|upkeep
|turn|2
|
|t:|1756641189
|switch|p2b: Kingambit|Kingambit, L50, M|100/100
|move|p1a: N17|U-turn|p2a: Dragapult
|-damage|p2a: Dragapult|67/100
|
|t:|1756641190
|switch|p1a: Rocky Road|Sneasler, L50, M|100/100|[from] U-turn
|move|p1b: Crazy World|Make It Rain|p2b: Kingambit|[spread] p2a,p2b
|-resisted|p2b: Kingambit
|-damage|p2a: Dragapult|0 fnt
|-damage|p2b: Kingambit|72/100
|-unboost|p1b: Crazy World|spa|1
|faint|p2a: Dragapult
|
|-heal|p2b: Kingambit|77/100|[from] Grassy Terrain
|-heal|p1b: Crazy World|93/100|[from] Grassy Terrain
|upkeep
|
|t:|1756641199
|switch|p2a: Indeedee|Indeedee-F, L50, F|100/100
|-fieldstart|move: Psychic Terrain|[from] ability: Psychic Surge|[of] p2a: Indeedee
|turn|3
|
|t:|1756641213
|switch|p2a: Armarouge|Armarouge, L50, F|100/100
|switch|p1a: N17|Rillaboom, L50, M|36/100
|-fieldstart|move: Grassy Terrain|[from] ability: Grassy Surge|[of] p1a: N17
|-terastallize|p1b: Crazy World|Water
|move|p2b: Kingambit|Kowtow Cleave|p1a: N17
|-damage|p1a: N17|0 fnt
|faint|p1a: N17
|move|p1b: Crazy World|Nasty Plot|p1b: Crazy World
|-boost|p1b: Crazy World|spa|2
|
|-heal|p2b: Kingambit|83/100|[from] Grassy Terrain
|-heal|p1b: Crazy World|99/100|[from] Grassy Terrain
|upkeep
|
|t:|1756641217
|switch|p1a: Rocky Road|Sneasler, L50, M|100/100
|turn|4
|inactive|soap858 has 30 seconds left.
|
|t:|1756641246
|switch|p2b: Indeedee|Indeedee-F, L50, F|100/100
|-fieldstart|move: Psychic Terrain|[from] ability: Psychic Surge|[of] p2b: Indeedee
|move|p1b: Crazy World|Protect|p1b: Crazy World
|-singleturn|p1b: Crazy World|Protect
|move|p2a: Armarouge|Expanding Force|p1a: Rocky Road|[spread] p1a
|-activate|p1b: Crazy World|move: Protect
|-supereffective|p1a: Rocky Road
|-enditem|p1a: Rocky Road|Focus Sash
|-damage|p1a: Rocky Road|1/100
|-damage|p2a: Armarouge|91/100|[from] item: Life Orb
|move|p1a: Rocky Road|Dire Claw|p2a: Armarouge
|-damage|p2a: Armarouge|52/100
|-status|p2a: Armarouge|slp
|
|upkeep
|turn|5
|
|t:|1756641257
|switch|p1a: Dearg Doom|Arcanine-Hisui, L50, F|100/100
|-ability|p1a: Dearg Doom|Intimidate|boost
|-unboost|p2a: Armarouge|atk|1
|-unboost|p2b: Indeedee|atk|1
|move|p2b: Indeedee|Dazzling Gleam|p1a: Dearg Doom|[spread] p1a,p1b
|-resisted|p1a: Dearg Doom
|-damage|p1a: Dearg Doom|93/100
|-damage|p1b: Crazy World|85/100
|cant|p2a: Armarouge|slp
|move|p1b: Crazy World|Make It Rain|p2a: Armarouge|[spread] p2a,p2b
|-resisted|p2a: Armarouge
|-damage|p2a: Armarouge|0 fnt
|-damage|p2b: Indeedee|0 fnt
|-unboost|p1b: Crazy World|spa|1
|faint|p2a: Armarouge
|faint|p2b: Indeedee
|
|-fieldend|move: Trick Room
|upkeep
|
|t:|1756641261
|switch|p2b: Kingambit|Kingambit, L50, M|83/100
|turn|6
|-message|soap858 forfeited.
|
|win|Bellbottoms
|raw|Bellbottoms's rating: 1364 → 1393(+29 for winning)
|raw|soap858's rating: 1529 → 1500(-29 for losing)
