|j|☆PinkSpaceDragon
|j|☆THESENATE56
|html|PinkSpaceDragonTHESENATE56    
|uhtml|bestof|Game 1 of a best-of-3
|t:|1785776731
|gametype|doubles
|player|p1|PinkSpaceDragon|lass-gen4dp|1000
|player|p2|THESENATE56|lucas|1046
|gen|9
|tier|[Gen 9 Champions] VGC 2026 Reg M-B (Bo3)
|rated|
|rule|Species Clause: Limit one of each Pokémon
|rule|Item Clause: Limit 1 of each item
|clearpoke
|poke|p1|Charizard, L50, F|
|poke|p1|Tsareena, L50, F|
|poke|p1|Aromatisse, L50, M|
|poke|p1|Garchomp, L50, F|
|poke|p1|Kingambit, L50, F|
|poke|p1|Aerodactyl, L50, M|
|poke|p2|Meowstic, L50, M, shiny|
|poke|p2|Armarouge, L50, F, shiny|
|poke|p2|Incineroar, L50, M, shiny|
|poke|p2|Charizard, L50, M, shiny|
|poke|p2|Whimsicott, L50, F, shiny|
|poke|p2|Metagross, L50, shiny|
|teampreview|4
|showteam|p1|Charizard||CharizarditeY|Blaze|Protect,WeatherBall,HeatWave,SolarBeam|Modest||F|||50|]Tsareena||WideLens|QueenlyMajesty|Protect,TropKick,TripleAxel,LowKick|Adamant||F|||50|]Aromatisse||SitrusBerry|AromaVeil|Moonblast,HelpingHand,Encore,TrickRoom|Sassy||M|||50|]Garchomp||LifeOrb|RoughSkin|Protect,DragonClaw,Earthquake,RockSlide|Jolly||F|||50|]Kingambit||FocusSash|Defiant|KowtowCleave,IronHead,LowKick,SuckerPunch|Adamant||F|||50|]Aerodactyl||Aerodactylite|Unnerve|WideGuard,RockSlide,DualWingbeat,Tailwind|Jolly||M|||50|
|showteam|p2|Meowstic||Leftovers|Prankster|PsychicTerrain,FakeOut,FakeTears,Psychic|Sassy||M|||50|]Armarouge||LifeOrb|FlashFire|TrickRoom,ExpandingForce,Protect,HeatWave|Quiet||F|||50|]Incineroar||WhiteHerb|Intimidate|CloseCombat,FlareBlitz,FakeOut,Protect|Serious||M|||50|]Charizard||CharizarditeX|Blaze|FlareBlitz,DragonClaw,DragonDance,Protect|Adamant||M|||50|]Whimsicott||FocusSash|Prankster|Tailwind,SunnyDay,Moonblast,Encore|Modest||F|||50|]Metagross||Metagrossite|ClearBody|MeteorMash,StompingTantrum,Protect,PsychicFangs|Adamant|||||50|
|inactive|Battle timer is ON: inactive players will automatically lose when time's up. (requested by THESENATE56)
|inactive|PinkSpaceDragon has 60 seconds left.
|
|t:|1785776775
|teamsize|p1|4
|teamsize|p2|4
|start
|switch|p1a: Kingambit|Kingambit, L50, F|100/100
|switch|p1b: Garchomp|Garchomp, L50, F|100/100
|switch|p2a: Meowstic|Meowstic, L50, M, shiny|100/100
|switch|p2b: Armarouge|Armarouge, L50, F, shiny|100/100
|turn|1
|inactive|THESENATE56 has 30 seconds left.
|
|t:|1785776804
|switch|p1a: Aerodactyl|Aerodactyl, L50, M|100/100
|-ability|p1a: Aerodactyl|Unnerve
|move|p2a: Meowstic|Fake Out|p1b: Garchomp
|-damage|p1b: Garchomp|94/100
|-damage|p2a: Meowstic|87/100|[from] ability: Rough Skin|[of] p1b: Garchomp
|cant|p1b: Garchomp|flinch
|move|p2b: Armarouge|Heat Wave|p1a: Aerodactyl|[spread] p1a,p1b
|-resisted|p1a: Aerodactyl|1
|-resisted|p1b: Garchomp|1
|-damage|p1a: Aerodactyl|65/100
|-damage|p1b: Garchomp|66/100
|-damage|p2b: Armarouge|90/100|[from] item: Life Orb
|
|-heal|p2a: Meowstic|93/100|[from] item: Leftovers
|upkeep
|turn|2
|
|t:|1785776827
|detailschange|p1a: Aerodactyl|Aerodactyl-Mega, L50, M
|-mega|p1a: Aerodactyl|Aerodactyl|Aerodactylite
|move|p2a: Meowstic|Psychic Terrain|p2a: Meowstic
|-fieldstart|move: Psychic Terrain
|move|p1a: Aerodactyl|Rock Slide|p2a: Meowstic|[spread] p2a
|-miss|p1a: Aerodactyl|p2b: Armarouge
|-damage|p2a: Meowstic|60/100
|move|p1b: Garchomp|Earthquake|p2a: Meowstic|[spread] p2a,p2b
|-immune|p1a: Aerodactyl
|-supereffective|p2b: Armarouge|1
|-damage|p2a: Meowstic|3/100
|-damage|p2b: Armarouge|0 fnt
|faint|p2b: Armarouge
|-damage|p1b: Garchomp|56/100|[from] item: Life Orb
|
|-heal|p2a: Meowstic|9/100|[from] item: Leftovers
|upkeep
|
|t:|1785776844
|switch|p2b: Incineroar|Incineroar, L50, M, shiny|100/100
|-ability|p2b: Incineroar|Intimidate|boost
|-unboost|p1a: Aerodactyl|atk|1
|-unboost|p1b: Garchomp|atk|1
|turn|3
|
|t:|1785776859
|move|p1a: Aerodactyl|Rock Slide|p2b: Incineroar|[spread] p2a,p2b
|-supereffective|p2b: Incineroar|1
|-damage|p2a: Meowstic|0 fnt
|-damage|p2b: Incineroar|61/100
|faint|p2a: Meowstic
|move|p1b: Garchomp|Earthquake|p2b: Incineroar|[spread] p2b
|-immune|p1a: Aerodactyl
|-supereffective|p2b: Incineroar|1
|-damage|p2b: Incineroar|0 fnt
|faint|p2b: Incineroar
|-damage|p1b: Garchomp|47/100|[from] item: Life Orb
|
|upkeep
|
|t:|1785776872
|switch|p2b: Metagross|Metagross, L50, shiny|100/100
|turn|4
|
|t:|1785776886
|switch|p1b: Aromatisse|Aromatisse, L50, M|100/100
|detailschange|p2b: Metagross|Metagross-Mega, L50, shiny
|-mega|p2b: Metagross|Metagross|Metagrossite
|move|p1a: Aerodactyl|Tailwind|p1a: Aerodactyl
|-sidestart|p1: PinkSpaceDragon|move: Tailwind
|move|p2b: Metagross|Meteor Mash|p1b: Aromatisse|[miss]
|-miss|p2b: Metagross|p1b: Aromatisse
|
|upkeep
|turn|5
|
|t:|1785776904
|move|p1b: Aromatisse|Helping Hand|p1a: Aerodactyl
|-singleturn|p1a: Aerodactyl|Helping Hand|[of] p1b: Aromatisse
|move|p1a: Aerodactyl|Rock Slide|p2b: Metagross
|-resisted|p2b: Metagross|1
|-damage|p2b: Metagross|86/100
|move|p2b: Metagross|Meteor Mash|p1a: Aerodactyl|[miss]
|-miss|p2b: Metagross|p1a: Aerodactyl
|
|upkeep
|turn|6
|
|t:|1785776915
|move|p1a: Aerodactyl|Rock Slide|p2b: Metagross|[miss]
|-miss|p1a: Aerodactyl|p2b: Metagross
|move|p2b: Metagross|Meteor Mash|p1a: Aerodactyl
|-supereffective|p1a: Aerodactyl|1
|-damage|p1a: Aerodactyl|0 fnt
|-boost|p2b: Metagross|atk|1
|faint|p1a: Aerodactyl
|move|p1b: Aromatisse|Moonblast|p2b: Metagross
|-resisted|p2b: Metagross|1
|-damage|p2b: Metagross|71/100
|
|-fieldend|move: Psychic Terrain
|upkeep
|
|t:|1785776917
|switch|p1a: Kingambit|Kingambit, L50, F|100/100
|turn|7
|
|t:|1785776933
|move|p1b: Aromatisse|Helping Hand|p1a: Kingambit
|-singleturn|p1a: Kingambit|Helping Hand|[of] p1b: Aromatisse
|move|p2b: Metagross|Protect|p2b: Metagross
|-singleturn|p2b: Metagross|Protect
|move|p1a: Kingambit|Kowtow Cleave|p2b: Metagross
|-activate|p2b: Metagross|move: Protect
|
|-sideend|p1: PinkSpaceDragon|move: Tailwind
|upkeep
|turn|8
|
|t:|1785776944
|move|p1b: Aromatisse|Helping Hand|p1a: Kingambit
|-singleturn|p1a: Kingambit|Helping Hand|[of] p1b: Aromatisse
|move|p2b: Metagross|Stomping Tantrum|p1a: Kingambit
|-supereffective|p1a: Kingambit|1
|-damage|p1a: Kingambit|5/100
|move|p1a: Kingambit|Kowtow Cleave|p2b: Metagross
|-supereffective|p2b: Metagross|1
|-damage|p2b: Metagross|0 fnt
|faint|p2b: Metagross
|
|win|PinkSpaceDragon
