|j|☆AndrewsWho
|j|☆sergio23perez
|html|AndrewsWhosergio23perez    
|uhtml|bestof|Game 2 of a best-of-3
|t:|1757691210
|gametype|doubles
|player|p1|AndrewsWho|101|1324
|player|p2|sergio23perez|101|1336
|gen|9
|tier|[Gen 9] VGC 2025 Reg H (Bo3)
|rated|
|rule|Species Clause: Limit one of each Pokémon
|rule|Item Clause: Limit 1 of each item
|clearpoke
|poke|p1|Archaludon, L50, F|
|poke|p1|Gholdengo, L50|
|poke|p1|Ursaluna, L50, F|
|poke|p1|Pelipper, L50, F|
|poke|p1|Sinistcha-Masterpiece, L50|
|poke|p1|Dragonite, L50, F|
|poke|p2|Jumpluff, L50, M|
|poke|p2|Charizard, L50, F|
|poke|p2|Porygon2, L50|
|poke|p2|Torkoal, L50, M|
|poke|p2|Incineroar, L50, M|
|poke|p2|Ursaluna, L50, M|
|teampreview|4
|showteam|p1|Archaludon||AssaultVest|Stamina|FlashCannon,ElectroShot,BodyPress,Snarl|||F|||50|,,,,,Bug]Gholdengo||ChoiceScarf|GoodasGold|MakeItRain,ShadowBall,PowerGem,Trick||||||50|,,,,,Flying]Ursaluna||FlameOrb|Guts|HeadlongRush,Facade,Earthquake,Protect|||F|||50|,,,,,Ghost]Pelipper||SafetyGoggles|Drizzle|MuddyWater,Hurricane,Tailwind,Protect|||F|||50|,,,,,Ground]Sinistcha-Masterpiece||SitrusBerry|Hospitality|MatchaGotcha,LifeDew,RagePowder,TrickRoom||||||50|,,,,,Dark]Dragonite||LoadedDice|Multiscale|ScaleShot,Tailwind,Haze,Protect|||F|||50|,,,,,Fairy
|showteam|p2|Jumpluff||CovertCloak|Chlorophyll|SleepPowder,SunnyDay,Tailwind,RagePowder|||M|||50|,,,,,Water]Charizard||ChoiceSpecs|SolarPower|AirSlash,HeatWave,Overheat,WeatherBall|||F|||50|,,,,,Ghost]Porygon2||Eviolite|Download|TeraBlast,IceBeam,Recover,TrickRoom||||||50|,,,,,Fighting]Torkoal||EjectPack|Drought|HelpingHand,Eruption,Overheat,Protect|||M|||50|,,,,,Fire]Incineroar||SafetyGoggles|Intimidate|FakeOut,PartingShot,FlareBlitz,KnockOff|||M|||50|,,,,,Ghost]Ursaluna||FlameOrb|Guts|HeadlongRush,Facade,Earthquake,Protect|||M|||50|,,,,,Ghost
|inactive|Battle timer is ON: inactive players will automatically lose when time's up. (requested by sergio23perez)
|
|t:|1757691215
|teamsize|p1|4
|teamsize|p2|4
|start
|switch|p1a: Gholdengo|Gholdengo, L50|100/100
|switch|p1b: Pelipper|Pelipper, L50, F|100/100
|switch|p2a: Jumpluff|Jumpluff, L50, M|100/100
|switch|p2b: Incineroar|Incineroar, L50, M|100/100
|-weather|RainDance|[from] ability: Drizzle|[of] p1b: Pelipper
|-ability|p2b: Incineroar|Intimidate|boost
|-unboost|p1a: Gholdengo|atk|1
|-unboost|p1b: Pelipper|atk|1
|turn|1
|
|t:|1757691224
|switch|p2b: Torkoal|Torkoal, L50, M|100/100
|-weather|SunnyDay|[from] ability: Drought|[of] p2b: Torkoal
|move|p2a: Jumpluff|Tailwind|p2a: Jumpluff
|-sidestart|p2: sergio23perez|move: Tailwind
|move|p1a: Gholdengo|Power Gem|p2a: Jumpluff
|-supereffective|p2a: Jumpluff
|-damage|p2a: Jumpluff|31/100
|move|p1b: Pelipper|Tailwind|p1b: Pelipper
|-sidestart|p1: AndrewsWho|move: Tailwind
|
|-weather|SunnyDay|[upkeep]
|upkeep
|turn|2
|
|t:|1757691239
|move|p2a: Jumpluff|Rage Powder|p2a: Jumpluff
|-singleturn|p2a: Jumpluff|move: Rage Powder
|move|p1a: Gholdengo|Power Gem|p2a: Jumpluff
|-supereffective|p2a: Jumpluff
|-crit|p2a: Jumpluff
|-damage|p2a: Jumpluff|0 fnt
|faint|p2a: Jumpluff
|move|p1b: Pelipper|Muddy Water|p2b: Torkoal
|-supereffective|p2b: Torkoal
|-damage|p2b: Torkoal|52/100
|move|p2b: Torkoal|Overheat|p1a: Gholdengo
|-supereffective|p1a: Gholdengo
|-damage|p1a: Gholdengo|0 fnt
|-unboost|p2b: Torkoal|spa|2
|faint|p1a: Gholdengo
|-enditem|p2b: Torkoal|Eject Pack
|
|t:|1757691250
|switch|p2b: Ursaluna|Ursaluna, L50, M|100/100
|
|-weather|SunnyDay|[upkeep]
|-status|p2b: Ursaluna|brn|[from] item: Flame Orb
|upkeep
|
|t:|1757691253
|switch|p2a: Incineroar|Incineroar, L50, M|100/100
|switch|p1a: Dragonite|Dragonite, L50, F|100/100
|-ability|p2a: Incineroar|Intimidate|boost
|-unboost|p1a: Dragonite|atk|1
|-unboost|p1b: Pelipper|atk|1
|turn|3
|
|t:|1757691265
|switch|p1b: Ursaluna|Ursaluna, L50, F|100/100
|move|p1a: Dragonite|Protect|p1a: Dragonite
|-singleturn|p1a: Dragonite|Protect
|move|p2b: Ursaluna|Facade|p1b: Ursaluna
|-damage|p1b: Ursaluna|15/100
|move|p2a: Incineroar|Parting Shot|p1a: Dragonite
|-activate|p1a: Dragonite|move: Protect
|
|-weather|SunnyDay|[upkeep]
|-damage|p2b: Ursaluna|94/100 brn|[from] brn
|-status|p1b: Ursaluna|brn|[from] item: Flame Orb
|upkeep
|turn|4
|
|t:|1757691288
|switch|p1a: Pelipper|Pelipper, L50, F|100/100
|-weather|RainDance|[from] ability: Drizzle|[of] p1a: Pelipper
|move|p2b: Ursaluna|Facade|p1b: Ursaluna
|-damage|p1b: Ursaluna|0 fnt
|faint|p1b: Ursaluna
|move|p2a: Incineroar|Parting Shot|p1a: Pelipper
|-unboost|p1a: Pelipper|atk|1
|-unboost|p1a: Pelipper|spa|1
|
|t:|1757691294
|switch|p2a: Torkoal|Torkoal, L50, M|52/100|[from] Parting Shot
|-weather|SunnyDay|[from] ability: Drought|[of] p2a: Torkoal
|
|-weather|SunnyDay|[upkeep]
|-damage|p2b: Ursaluna|88/100 brn|[from] brn
|-sideend|p1: AndrewsWho|move: Tailwind
|-sideend|p2: sergio23perez|move: Tailwind
|upkeep
|
|t:|1757691296
|switch|p1b: Dragonite|Dragonite, L50, F|100/100
|turn|5
|
|t:|1757691306
|switch|p2a: Incineroar|Incineroar, L50, M|100/100
|-ability|p2a: Incineroar|Intimidate|boost
|-unboost|p1a: Pelipper|atk|1
|-unboost|p1b: Dragonite|atk|1
|move|p1b: Dragonite|Scale Shot|p2b: Ursaluna
|-damage|p2b: Ursaluna|80/100 brn
|-damage|p2b: Ursaluna|73/100 brn
|-damage|p2b: Ursaluna|66/100 brn
|-damage|p2b: Ursaluna|58/100 brn
|-damage|p2b: Ursaluna|51/100 brn
|-hitcount|p2b: Ursaluna|5
|-unboost|p1b: Dragonite|def|1
|-boost|p1b: Dragonite|spe|1
|move|p1a: Pelipper|Muddy Water|p2a: Incineroar|[spread] p2a,p2b
|-supereffective|p2a: Incineroar
|-supereffective|p2b: Ursaluna
|-damage|p2a: Incineroar|87/100
|-damage|p2b: Ursaluna|30/100 brn
|move|p2b: Ursaluna|Facade|p1a: Pelipper
|-damage|p1a: Pelipper|0 fnt
|faint|p1a: Pelipper
|
|-weather|SunnyDay|[upkeep]
|-damage|p2b: Ursaluna|24/100 brn|[from] brn
|upkeep
|turn|6
|
|t:|1757691326
|move|p1b: Dragonite|Protect|p1b: Dragonite
|-singleturn|p1b: Dragonite|Protect
|move|p2a: Incineroar|Fake Out|p1b: Dragonite
|-activate|p1b: Dragonite|move: Protect
|move|p2b: Ursaluna|Facade|p1b: Dragonite
|-activate|p1b: Dragonite|move: Protect
|
|-weather|SunnyDay|[upkeep]
|-damage|p2b: Ursaluna|18/100 brn|[from] brn
|upkeep
|turn|7
|
|t:|1757691332
|move|p1b: Dragonite|Scale Shot|p2b: Ursaluna
|-damage|p2b: Ursaluna|10/100 brn
|-damage|p2b: Ursaluna|3/100 brn
|-damage|p2b: Ursaluna|0 fnt
|faint|p2b: Ursaluna
|-hitcount|p2: Ursaluna|3
|-unboost|p1b: Dragonite|def|1
|-boost|p1b: Dragonite|spe|1
|move|p2a: Incineroar|Parting Shot|p1b: Dragonite
|-unboost|p1b: Dragonite|atk|1
|-unboost|p1b: Dragonite|spa|1
|
|t:|1757691334
|switch|p2a: Torkoal|Torkoal, L50, M|52/100|[from] Parting Shot
|
|-weather|SunnyDay|[upkeep]
|upkeep
|
|t:|1757691336
|switch|p2b: Incineroar|Incineroar, L50, M|87/100
|-ability|p2b: Incineroar|Intimidate|boost
|-unboost|p1b: Dragonite|atk|1
|turn|8
|
|t:|1757691346
|-terastallize|p2a: Torkoal|Fire
|move|p1b: Dragonite|Protect|p1b: Dragonite
|-singleturn|p1b: Dragonite|Protect
|move|p2b: Incineroar|Fake Out|p1b: Dragonite
|-activate|p1b: Dragonite|move: Protect
|move|p2a: Torkoal|Overheat|p1b: Dragonite
|-activate|p1b: Dragonite|move: Protect
|
|-weather|none
|upkeep
|turn|9
|
|t:|1757691354
|move|p1b: Dragonite|Scale Shot|p2a: Torkoal
|-damage|p2a: Torkoal|48/100
|-damage|p2a: Torkoal|43/100
|-damage|p2a: Torkoal|38/100
|-damage|p2a: Torkoal|34/100
|-hitcount|p2a: Torkoal|4
|-unboost|p1b: Dragonite|def|1
|-boost|p1b: Dragonite|spe|1
|move|p2b: Incineroar|Knock Off|p1b: Dragonite
|-damage|p1b: Dragonite|55/100
|-enditem|p1b: Dragonite|Loaded Dice|[from] move: Knock Off|[of] p2b: Incineroar
|move|p2a: Torkoal|Overheat|p1b: Dragonite
|-resisted|p1b: Dragonite
|-damage|p1b: Dragonite|24/100
|-unboost|p2a: Torkoal|spa|2
|
|upkeep
|turn|10
|
|t:|1757691360
|move|p1b: Dragonite|Scale Shot|p2a: Torkoal
|-damage|p2a: Torkoal|30/100
|-damage|p2a: Torkoal|26/100
|-hitcount|p2a: Torkoal|2
|-unboost|p1b: Dragonite|def|1
|-boost|p1b: Dragonite|spe|1
|move|p2b: Incineroar|Knock Off|p1b: Dragonite
|-damage|p1b: Dragonite|0 fnt
|faint|p1b: Dragonite
|
|win|sergio23perez
||AndrewsWho is ready for game 3.
||sergio23perez is ready for game 3.
|uhtml|next|Next: Game 3 of 3
|l|☆AndrewsWho
|player|p1|
|l|☆sergio23perez
|player|p2|
