|j|☆mikelpoyarzabal
|j|☆sazar saifi
|html|mikelpoyarzabalsazar saifi    
|uhtml|bestof|Game 2 of a best-of-3
|t:|1783611661
|gametype|doubles
|player|p1|mikelpoyarzabal|arven-s|1313
|player|p2|sazar saifi|102|1226
|gen|9
|tier|[Gen 9 Champions] VGC 2026 Reg M-B (Bo3)
|rated|
|rule|Species Clause: Limit one of each Pokémon
|rule|Item Clause: Limit 1 of each item
|clearpoke
|poke|p1|Incineroar, L50, F|
|poke|p1|Sinistcha, L50|
|poke|p1|Sneasler, L50, M|
|poke|p1|Blastoise, L50, F|
|poke|p1|Delphox, L50, M|
|poke|p1|Kingambit, L50, F|
|poke|p2|Charizard, L50, M|
|poke|p2|Farigiraf, L50, F|
|poke|p2|Sylveon, L50, F|
|poke|p2|Aerodactyl, L50, M|
|poke|p2|Garchomp, L50, F|
|poke|p2|Incineroar, L50, M|
|teampreview|4
|showteam|p1|Incineroar||SitrusBerry|Intimidate|FakeOut,FlareBlitz,DarkestLariat,PartingShot|Impish||F|||50|]Sinistcha||OccaBerry|Hospitality|MatchaGotcha,TrickRoom,RagePowder,Protect|Bold|||||50|]Sneasler||FocusSash|PoisonTouch|FakeOut,CloseCombat,PoisonJab,RockTomb|Jolly||M|||50|]Blastoise||Blastoisinite|Torrent|WaterSpout,DarkPulse,ShellSmash,Protect|Modest||F|||50|]Delphox||Delphoxite|Blaze|HeatWave,Psychic,NastyPlot,Protect|Timid||M|||50|]Kingambit||LifeOrb|Defiant|SwordsDance,Protect,KowtowCleave,SuckerPunch|Adamant||F|||50|
|showteam|p2|Charizard||CharizarditeY|Blaze|WeatherBall,HeatWave,SolarBeam,Protect|Modest||M|||50|]Farigiraf||SitrusBerry|ArmorTail|Protect,HelpingHand,Psyshock,TrickRoom|Calm||F|||50|]Sylveon||FairyFeather|Pixilate|HyperVoice,QuickAttack,Yawn,Detect|Modest||F|||50|]Aerodactyl||Aerodactylite|RockHead|Tailwind,RockSlide,IceFang,WideGuard|Jolly||M|||50|]Garchomp||LifeOrb|RoughSkin|StompingTantrum,DragonClaw,Earthquake,Protect|Jolly||F|||50|]Incineroar||Charcoal|Intimidate|FakeOut,FlareBlitz,PartingShot,DarkestLariat|Adamant||M|||50|
|inactive|Battle timer is ON: inactive players will automatically lose when time's up. (requested by mikelpoyarzabal)
|
|t:|1783611684
|teamsize|p1|4
|teamsize|p2|4
|start
|switch|p1a: Sneasler|Sneasler, L50, M|100/100
|switch|p1b: Blastoise|Blastoise, L50, F|100/100
|switch|p2a: Farigiraf|Farigiraf, L50, F|100/100
|switch|p2b: Incineroar|Incineroar, L50, M|100/100
|-ability|p2b: Incineroar|Intimidate|boost
|-unboost|p1a: Sneasler|atk|1
|-unboost|p1b: Blastoise|atk|1
|turn|1
|inactive|sazar saifi has 30 seconds left.
|
|t:|1783611716
|detailschange|p1b: Blastoise|Blastoise-Mega, L50, F
|-mega|p1b: Blastoise|Blastoise|Blastoisinite
|move|p2b: Incineroar|Fake Out|p1b: Blastoise
|-damage|p1b: Blastoise|85/100
|move|p1a: Sneasler|Poison Jab|p2a: Farigiraf
|-damage|p2a: Farigiraf|78/100
|-status|p2a: Farigiraf|psn|[from] ability: Poison Touch|[of] p1a: Sneasler
|cant|p1b: Blastoise|flinch
|move|p2a: Farigiraf|Trick Room|p2a: Farigiraf
|-fieldstart|move: Trick Room|[of] p2a: Farigiraf
|
|-damage|p2a: Farigiraf|66/100 psn|[from] psn
|upkeep
|turn|2
|
|t:|1783611729
|switch|p2b: Sylveon|Sylveon, L50, F|100/100
|switch|p1b: Incineroar|Incineroar, L50, F|100/100
|-ability|p1b: Incineroar|Intimidate|boost
|-unboost|p2a: Farigiraf|atk|1
|-unboost|p2b: Sylveon|atk|1
|switch|p1a: Kingambit|Kingambit, L50, F|100/100
|move|p2a: Farigiraf|Psyshock|p1a: Kingambit
|-immune|p1a: Kingambit
|
|-damage|p2a: Farigiraf|54/100 psn|[from] psn
|upkeep
|turn|3
|inactive|sazar saifi has 30 seconds left.
|
|t:|1783611756
|switch|p2a: Incineroar|Incineroar, L50, M|100/100
|-ability|p2a: Incineroar|Intimidate|boost
|-unboost|p1a: Kingambit|atk|1
|-ability|p1a: Kingambit|Defiant|boost
|-boost|p1a: Kingambit|atk|2
|-unboost|p1b: Incineroar|atk|1
|move|p1b: Incineroar|Parting Shot|p2b: Sylveon
|-unboost|p2b: Sylveon|atk|1
|-unboost|p2b: Sylveon|spa|1
|
|t:|1783611765
|switch|p1b: Sneasler|Sneasler, L50, M|100/100|[from] Parting Shot
|move|p1a: Kingambit|Swords Dance|p1a: Kingambit
|-boost|p1a: Kingambit|atk|2
|move|p2b: Sylveon|Yawn|p1a: Kingambit
|-start|p1a: Kingambit|move: Yawn|[of] p2b: Sylveon
|
|upkeep
|turn|4
|
|t:|1783611783
|switch|p2b: Farigiraf|Farigiraf, L50, F|54/100 psn
|move|p2a: Incineroar|Fake Out|p1a: Kingambit
|-resisted|p1a: Kingambit|1
|-damage|p1a: Kingambit|94/100
|cant|p1a: Kingambit|flinch
|move|p1b: Sneasler|Poison Jab|p2b: Farigiraf
|-damage|p2b: Farigiraf|20/100y psn
|-enditem|p2b: Farigiraf|Sitrus Berry|[eat]
|-heal|p2b: Farigiraf|45/100 psn|[from] item: Sitrus Berry
|
|-damage|p2b: Farigiraf|33/100 psn|[from] psn
|-end|p1a: Kingambit|move: Yawn|[silent]
|-status|p1a: Kingambit|slp
|upkeep
|turn|5
|
|t:|1783611803
|switch|p1b: Incineroar|Incineroar, L50, F|100/100
|-ability|p1b: Incineroar|Intimidate|boost
|-unboost|p2a: Incineroar|atk|1
|-unboost|p2b: Farigiraf|atk|1
|move|p2b: Farigiraf|Psyshock|p1a: Kingambit
|-immune|p1a: Kingambit
|move|p2a: Incineroar|Flare Blitz|p1a: Kingambit
|-supereffective|p1a: Kingambit|1
|-damage|p1a: Kingambit|14/100 slp
|-damage|p2a: Incineroar|74/100|[from] Recoil
|cant|p1a: Kingambit|slp
|
|-damage|p2b: Farigiraf|20/100y psn|[from] psn
|-fieldend|move: Trick Room
|upkeep
|turn|6
|
|t:|1783611828
|switch|p2b: Sylveon|Sylveon, L50, F|100/100
|cant|p1a: Kingambit|slp
|move|p2a: Incineroar|Flare Blitz|p1a: Kingambit
|-supereffective|p1a: Kingambit|1
|-damage|p1a: Kingambit|0 fnt
|faint|p1a: Kingambit
|-damage|p2a: Incineroar|69/100|[from] Recoil
|move|p1b: Incineroar|Darkest Lariat|p2b: Sylveon
|-resisted|p2b: Sylveon|1
|-damage|p2b: Sylveon|76/100
|
|upkeep
|
|t:|1783611839
|switch|p1a: Sneasler|Sneasler, L50, M|100/100
|turn|7
|
|t:|1783611847
|switch|p2a: Charizard|Charizard, L50, M|100/100
|move|p2b: Sylveon|Detect|p2b: Sylveon
|-singleturn|p2b: Sylveon|Protect
|move|p1a: Sneasler|Poison Jab|p2b: Sylveon
|-activate|p2b: Sylveon|move: Protect
|move|p1b: Incineroar|Parting Shot|p2a: Charizard
|-unboost|p2a: Charizard|atk|1
|-unboost|p2a: Charizard|spa|1
|
|t:|1783611851
|switch|p1b: Blastoise|Blastoise-Mega, L50, F|85/100|[from] Parting Shot
|
|upkeep
|turn|8
|
|t:|1783611868
|switch|p2b: Incineroar|Incineroar, L50, M|69/100
|-ability|p2b: Incineroar|Intimidate|boost
|-unboost|p1a: Sneasler|atk|1
|-unboost|p1b: Blastoise|atk|1
|detailschange|p2a: Charizard|Charizard-Mega-Y, L50, M
|-mega|p2a: Charizard|Charizard|Charizardite Y
|-weather|SunnyDay|[from] ability: Drought|[of] p2a: Charizard
|move|p1a: Sneasler|Rock Tomb|p2a: Charizard
|-supereffective|p2a: Charizard|2
|-damage|p2a: Charizard|32/100
|-unboost|p2a: Charizard|spe|1
|move|p1b: Blastoise|Water Spout|p2b: Incineroar|[spread] p2a,p2b
|-supereffective|p2a: Charizard|1
|-supereffective|p2b: Incineroar|1
|-damage|p2a: Charizard|0 fnt
|-damage|p2b: Incineroar|16/100
|faint|p2a: Charizard
|
|-weather|SunnyDay|[upkeep]
|upkeep
|
|t:|1783611878
|switch|p2a: Farigiraf|Farigiraf, L50, F|20/100y psn
|turn|9
|
|t:|1783611887
|move|p2b: Incineroar|Fake Out|p1a: Sneasler
|-crit|p1a: Sneasler
|-damage|p1a: Sneasler|64/100
|cant|p1a: Sneasler|flinch
|move|p1b: Blastoise|Water Spout|p2b: Incineroar|[spread] p2a,p2b
|-supereffective|p2b: Incineroar|1
|-damage|p2a: Farigiraf|0 fnt
|-damage|p2b: Incineroar|0 fnt
|faint|p2a: Farigiraf
|faint|p2b: Incineroar
|
|-weather|SunnyDay|[upkeep]
|upkeep
|-message|sazar saifi forfeited.
|
|win|mikelpoyarzabal
|raw|mikelpoyarzabal's rating: 1313 → 1328(+15 for winning)
|raw|sazar saifi's rating: 1226 → 1207(-19 for losing)
