|j|☆testdigi
|j|☆Toxapqex
|html|testdigiToxapqex    
|uhtml|bestof|Game 3 of a best-of-3
|t:|1785347106
|gametype|doubles
|player|p1|testdigi|169|1147
|player|p2|Toxapqex|brycen|1000
|gen|9
|tier|[Gen 9 Champions] VGC 2026 Reg M-B (Bo3)
|rated|
|rule|Species Clause: Limit one of each Pokémon
|rule|Item Clause: Limit 1 of each item
|clearpoke
|poke|p1|Tyranitar, L50, M|
|poke|p1|Excadrill, L50, M|
|poke|p1|Gholdengo, L50, shiny|
|poke|p1|Milotic, L50, F, shiny|
|poke|p1|Sinistcha, L50|
|poke|p1|Staraptor, L50, F|
|poke|p2|Ninetales-Alola, L50, M|
|poke|p2|Blaziken, L50, F|
|poke|p2|Venusaur, L50, F, shiny|
|poke|p2|Mudsdale, L50, M|
|poke|p2|Kingambit, L50, F|
|poke|p2|Dragonite, L50, M|
|teampreview|4
|showteam|p1|Tyranitar||Tyranitarite|SandStream|RockSlide,KnockOff,LowKick,Protect|Jolly||M|||50|]Excadrill||FocusSash|SandRush|HighHorsepower,IronHead,RockSlide,Protect|Adamant||M|||50|]Gholdengo||LifeOrb|GoodasGold|ShadowBall,MakeItRain,NastyPlot,Protect|Modest|||||50|]Milotic||Leftovers|Competitive|Scald,Recover,IcyWind,Protect|Calm||F|||50|]Sinistcha||ColburBerry|Hospitality|MatchaGotcha,EnergyBall,RagePowder,Protect|Bold|||||50|]Staraptor||Staraptite|Intimidate|CloseCombat,BraveBird,Tailwind,Protect|Jolly||F|||50|
|showteam|p2|Ninetales-Alola||FocusSash|SnowWarning|Blizzard,FreezeDry,Protect,AuroraVeil|Timid||M|||50|]Blaziken||Blazikenite|SpeedBoost|Protect,FlareBlitz,CloseCombat,RockSlide|Adamant||F|||50|]Venusaur||Venusaurite|Chlorophyll|SludgeBomb,GigaDrain,Protect,EarthPower|Modest||F|||50|]Mudsdale||SitrusBerry|InnerFocus|Earthquake,Curse,Protect,HeavySlam|Sassy||M|||50|]Kingambit||ChopleBerry|Defiant|SuckerPunch,LowKick,IronHead,KowtowCleave|Adamant||F|||50|]Dragonite||WhiteHerb|InnerFocus|ExtremeSpeed,Superpower,Protect,DragonClaw|Adamant||M|||50|
|inactive|Battle timer is ON: inactive players will automatically lose when time's up. (requested by Toxapqex)
|
|t:|1785347192
|teamsize|p1|4
|teamsize|p2|4
|start
|switch|p1a: Tyranitar|Tyranitar, L50, M|100/100
|switch|p1b: Excadrill|Excadrill, L50, M|100/100
|switch|p2a: Ninetales|Ninetales-Alola, L50, M|100/100
|switch|p2b: Kingambit|Kingambit, L50, F|100/100
|-weather|Snowscape|[from] ability: Snow Warning|[of] p2a: Ninetales
|-weather|Sandstorm|[from] ability: Sand Stream|[of] p1a: Tyranitar
|turn|1
|inactive|Toxapqex has 30 seconds left.
|inactive|testdigi has 30 seconds left.
|inactive|Toxapqex has 20 seconds left.
|inactive|testdigi has 20 seconds left.
|inactive|testdigi has 15 seconds left.
|
|t:|1785347238
|switch|p2a: Mudsdale|Mudsdale, L50, M|100/100
|detailschange|p1a: Tyranitar|Tyranitar-Mega, L50, M
|-mega|p1a: Tyranitar|Tyranitar|Tyranitarite
|move|p1b: Excadrill|Rock Slide|p2a: Mudsdale|[spread] p2a,p2b
|-resisted|p2a: Mudsdale|1
|-resisted|p2b: Kingambit|1
|-damage|p2a: Mudsdale|90/100
|-damage|p2b: Kingambit|92/100
|move|p1a: Tyranitar|Low Kick|p2b: Kingambit
|-supereffective|p2b: Kingambit|2
|-enditem|p2b: Kingambit|Chople Berry|[eat]
|-enditem|p2b: Kingambit|Chople Berry|[weaken]
|-damage|p2b: Kingambit|31/100
|move|p2b: Kingambit|Low Kick|p1b: Excadrill
|-supereffective|p1b: Excadrill|1
|-damage|p1b: Excadrill|32/100
|
|-weather|Sandstorm|[upkeep]
|upkeep
|turn|2
|inactive|testdigi has 30 seconds left.
|
|t:|1785347263
|switch|p1b: Staraptor|Staraptor, L50, F|100/100
|-ability|p1b: Staraptor|Intimidate|boost
|-fail|p2a: Mudsdale|unboost|Attack|[from] ability: Inner Focus|[of] p2a: Mudsdale
|-unboost|p2b: Kingambit|atk|1
|-ability|p2b: Kingambit|Defiant|boost
|-boost|p2b: Kingambit|atk|2
|move|p2b: Kingambit|Sucker Punch||[still]
|-fail|p2b: Kingambit
|move|p1a: Tyranitar|Low Kick|p2b: Kingambit
|-supereffective|p2b: Kingambit|2
|-damage|p2b: Kingambit|0 fnt
|faint|p2b: Kingambit
|move|p2a: Mudsdale|Curse|p2a: Mudsdale
|-unboost|p2a: Mudsdale|spe|1
|-boost|p2a: Mudsdale|atk|1
|-boost|p2a: Mudsdale|def|1
|
|-weather|Sandstorm|[upkeep]
|-damage|p1b: Staraptor|93/100|[from] Sandstorm
|upkeep
|
|t:|1785347271
|switch|p2b: Ninetales|Ninetales-Alola, L50, M|100/100
|-weather|Snowscape|[from] ability: Snow Warning|[of] p2b: Ninetales
|turn|3
|
|t:|1785347293
|switch|p1a: Milotic|Milotic, L50, F, shiny|100/100
|move|p2b: Ninetales|Blizzard|p1b: Staraptor|[spread] p1a,p1b
|-resisted|p1a: Milotic|1
|-supereffective|p1b: Staraptor|1
|-damage|p1a: Milotic|89/100
|-damage|p1b: Staraptor|6/100
|move|p1b: Staraptor|Tailwind|p1b: Staraptor
|-sidestart|p1: testdigi|move: Tailwind
|move|p2a: Mudsdale|Curse|p2a: Mudsdale
|-unboost|p2a: Mudsdale|spe|1
|-boost|p2a: Mudsdale|atk|1
|-boost|p2a: Mudsdale|def|1
|
|-weather|Snowscape|[upkeep]
|-heal|p1a: Milotic|95/100|[from] item: Leftovers
|upkeep
|turn|4
|inactive|Toxapqex has 30 seconds left.
|
|t:|1785347328
|move|p2a: Mudsdale|Protect|p2a: Mudsdale
|-singleturn|p2a: Mudsdale|Protect
|move|p1b: Staraptor|Brave Bird|p2b: Ninetales
|-damage|p2b: Ninetales|50/100y
|-damage|p1b: Staraptor|0 fnt|[from] Recoil
|faint|p1b: Staraptor
|move|p1a: Milotic|Icy Wind|p2a: Mudsdale|[spread] p2b
|-activate|p2a: Mudsdale|move: Protect
|-resisted|p2b: Ninetales|1
|-damage|p2b: Ninetales|44/100
|-unboost|p2b: Ninetales|spe|1
|move|p2b: Ninetales|Aurora Veil|p2b: Ninetales
|-sidestart|p2: Toxapqex|move: Aurora Veil
|
|-weather|Snowscape|[upkeep]
|-heal|p1a: Milotic|100/100|[from] item: Leftovers
|upkeep
|
|t:|1785347334
|switch|p1b: Tyranitar|Tyranitar-Mega, L50, M|100/100
|-weather|Sandstorm|[from] ability: Sand Stream|[of] p1b: Tyranitar
|turn|5
|
|t:|1785347352
|switch|p2b: Blaziken|Blaziken, L50, F|100/100
|move|p1b: Tyranitar|Rock Slide|p2b: Blaziken|[spread] p2a,p2b
|-resisted|p2a: Mudsdale|1
|-damage|p2a: Mudsdale|86/100
|-damage|p2b: Blaziken|63/100
|move|p1a: Milotic|Scald|p2a: Mudsdale
|-supereffective|p2a: Mudsdale|1
|-damage|p2a: Mudsdale|53/100
|move|p2a: Mudsdale|Earthquake|p1b: Tyranitar|[spread] p2b,p1a,p1b
|-supereffective|p2b: Blaziken|1
|-supereffective|p1b: Tyranitar|1
|-damage|p2b: Blaziken|0 fnt
|-damage|p1a: Milotic|39/100
|-damage|p1b: Tyranitar|10/100
|faint|p2b: Blaziken
|
|-weather|Sandstorm|[upkeep]
|-damage|p1a: Milotic|33/100|[from] Sandstorm
|-heal|p1a: Milotic|39/100|[from] item: Leftovers
|upkeep
|
|t:|1785347354
|switch|p2b: Ninetales|Ninetales-Alola, L50, M|44/100
|-weather|Snowscape|[from] ability: Snow Warning|[of] p2b: Ninetales
|turn|6
|
|t:|1785347379
|move|p2b: Ninetales|Protect|p2b: Ninetales
|-singleturn|p2b: Ninetales|Protect
|move|p1b: Tyranitar|Knock Off|p2a: Mudsdale
|-damage|p2a: Mudsdale|38/100
|-enditem|p2a: Mudsdale|Sitrus Berry|[from] move: Knock Off|[of] p1b: Tyranitar
|move|p1a: Milotic|Recover|p1a: Milotic
|-heal|p1a: Milotic|89/100
|move|p2a: Mudsdale|Earthquake|p1a: Milotic|[spread] p1a,p1b
|-activate|p2b: Ninetales|move: Protect
|-supereffective|p1b: Tyranitar|1
|-damage|p1a: Milotic|34/100
|-damage|p1b: Tyranitar|0 fnt
|faint|p1b: Tyranitar
|
|-weather|Snowscape|[upkeep]
|-heal|p1a: Milotic|40/100|[from] item: Leftovers
|-sideend|p1: testdigi|move: Tailwind
|upkeep
|
|t:|1785347382
|switch|p1b: Excadrill|Excadrill, L50, M|32/100
|turn|7
|
|t:|1785347402
|move|p2a: Mudsdale|Protect|p2a: Mudsdale
|-singleturn|p2a: Mudsdale|Protect
|move|p2b: Ninetales|Freeze-Dry|p1a: Milotic
|-supereffective|p1a: Milotic|1
|-damage|p1a: Milotic|6/100
|move|p1b: Excadrill|Iron Head|p2b: Ninetales
|-supereffective|p2b: Ninetales|2
|-damage|p2b: Ninetales|0 fnt
|faint|p2b: Ninetales
|move|p1a: Milotic|Icy Wind|p2a: Mudsdale
|-activate|p2a: Mudsdale|move: Protect
|
|-weather|Snowscape|[upkeep]
|-heal|p1a: Milotic|12/100|[from] item: Leftovers
|upkeep
|turn|8
|
|t:|1785347419
|move|p1b: Excadrill|Iron Head|p2a: Mudsdale
|-damage|p2a: Mudsdale|26/100
|move|p1a: Milotic|Recover|p1a: Milotic
|-heal|p1a: Milotic|62/100
|move|p2a: Mudsdale|Earthquake|p1a: Milotic|[spread] p1a,p1b
|-supereffective|p1b: Excadrill|1
|-damage|p1a: Milotic|2/100
|-damage|p1b: Excadrill|0 fnt
|faint|p1b: Excadrill
|
|-weather|Snowscape|[upkeep]
|-heal|p1a: Milotic|8/100|[from] item: Leftovers
|-sideend|p2: Toxapqex|move: Aurora Veil
|upkeep
|turn|9
|
|t:|1785347436
|move|p1a: Milotic|Scald|p2a: Mudsdale
|-supereffective|p2a: Mudsdale|1
|-damage|p2a: Mudsdale|0 fnt
|faint|p2a: Mudsdale
|
|win|testdigi
