|j|☆Sedrav
|j|☆P!nkbearz07
|html|SedravP!nkbearz07    
|uhtml|bestof|Game 3 of a best-of-3
|t:|1756951568
|gametype|doubles
|player|p1|Sedrav|265|1175
|player|p2|P!nkbearz07|marlon|1077
|gen|9
|tier|[Gen 9] VGC 2025 Reg H (Bo3)
|rated|
|rule|Species Clause: Limit one of each Pokémon
|rule|Item Clause: Limit 1 of each item
|clearpoke
|poke|p1|Garchomp, L50, F|
|poke|p1|Talonflame, L50, M|
|poke|p1|Gholdengo, L50|
|poke|p1|Tyranitar, L50, M|
|poke|p1|Amoonguss, L50, F|
|poke|p1|Milotic, L50, M|
|poke|p2|Garchomp, L50, M|
|poke|p2|Hydreigon, L50, M|
|poke|p2|Clefable, L50, M|
|poke|p2|Tyranitar, L50, F|
|poke|p2|Rillaboom, L50, F|
|poke|p2|Empoleon, L50, F|
|teampreview|4
|showteam|p1|Garchomp||LifeOrb|RoughSkin|DragonClaw,StompingTantrum,Earthquake,Protect|||F|||50|,,,,,Fairy]Talonflame||CovertCloak|GaleWings|BraveBird,Tailwind,WillOWisp,Taunt|||M|||50|,,,,,Grass]Gholdengo||MetalCoat|GoodasGold|MakeItRain,ShadowBall,NastyPlot,Protect||||||50|,,,,,Flying]Tyranitar||AssaultVest|SandStream|RockSlide,KnockOff,LowKick,TeraBlast|||M|||50|,,,,,Flying]Amoonguss||SitrusBerry|Regenerator|Spore,RagePowder,PollenPuff,Protect|||F|||50|,,,,,Water]Milotic||SafetyGoggles|Competitive|Scald,IcyWind,Haze,Protect|||M|||50|,,,,,Dragon
|showteam|p2|Garchomp||LifeOrb|SandVeil|Protect,StompingTantrum,DragonClaw,Earthquake|||M|||50|,,,,,Steel]Hydreigon||ChoiceSpecs|Levitate|HeatWave,Snarl,DarkPulse,DracoMeteor|||M|||50|,,,,,Fire]Clefable||SitrusBerry|Unaware|Protect,FollowMe,MistyTerrain,Moonblast|||M|||50|,,,,,Water]Tyranitar||AssaultVest|SandStream|RockSlide,KnockOff,TeraBlast,LowKick|||F|||50|,,,,,Flying]Rillaboom||MiracleSeed|GrassySurge|FakeOut,DrumBeating,GrassPledge,Protect|||F|||50|,,,,,Fire]Empoleon||CovertCloak|Competitive|WaterPledge,FlashCannon,IceBeam,Protect|||F|||50|,,,,,Bug
|inactive|Battle timer is ON: inactive players will automatically lose when time's up. (requested by P!nkbearz07)
|
|t:|1756951598
|teamsize|p1|4
|teamsize|p2|4
|start
|switch|p1a: Talonflame|Talonflame, L50, M|100/100
|switch|p1b: Garchomp|Garchomp, L50, F|100/100
|switch|p2a: Rillaboom|Rillaboom, L50, F|100/100
|switch|p2b: Atlantis|Empoleon, L50, F, shiny|100/100
|-fieldstart|move: Grassy Terrain|[from] ability: Grassy Surge|[of] p2a: Rillaboom
|turn|1
|inactive|Sedrav has 30 seconds left.
|
|t:|1756951631
|-terastallize|p1b: Garchomp|Fairy
|move|p2a: Rillaboom|Protect|p2a: Rillaboom
|-singleturn|p2a: Rillaboom|Protect
|move|p1a: Talonflame|Brave Bird|p2a: Rillaboom
|-activate|p2a: Rillaboom|move: Protect
|move|p1b: Garchomp|Stomping Tantrum|p2b: Atlantis
|-supereffective|p2b: Atlantis
|-damage|p2b: Atlantis|0 fnt
|faint|p2b: Atlantis
|-damage|p1b: Garchomp|91/100|[from] item: Life Orb
|
|-heal|p1b: Garchomp|97/100|[from] Grassy Terrain
|upkeep
|
|t:|1756951639
|switch|p2b: Dust Devil|Tyranitar, L50, F|100/100
|-weather|Sandstorm|[from] ability: Sand Stream|[of] p2b: Dust Devil
|turn|2
|inactive|Sedrav has 30 seconds left.
|
|t:|1756951669
|switch|p1a: Gholdengo|Gholdengo, L50|100/100
|-terastallize|p2b: Dust Devil|Flying
|move|p1b: Garchomp|Dragon Claw|p2a: Rillaboom
|-damage|p2a: Rillaboom|42/100
|-damage|p1b: Garchomp|87/100|[from] item: Life Orb
|move|p2a: Rillaboom|Drum Beating|p1b: Garchomp
|-damage|p1b: Garchomp|28/100
|-unboost|p1b: Garchomp|spe|1
|move|p2b: Dust Devil|Rock Slide|p1a: Gholdengo|[spread] p1a,p1b
|-resisted|p1a: Gholdengo
|-damage|p1a: Gholdengo|84/100
|-damage|p1b: Garchomp|0 fnt
|faint|p1b: Garchomp
|
|-weather|Sandstorm|[upkeep]
|-damage|p2a: Rillaboom|36/100|[from] Sandstorm
|-damage|p2b: Dust Devil|94/100|[from] Sandstorm
|-heal|p1a: Gholdengo|90/100|[from] Grassy Terrain
|-heal|p2a: Rillaboom|42/100|[from] Grassy Terrain
|upkeep
|
|t:|1756951691
|switch|p1b: Talonflame|Talonflame, L50, M|100/100
|turn|3
|inactive|Sedrav has 30 seconds left.
|
|t:|1756951718
|move|p1b: Talonflame|Will-O-Wisp|p2b: Dust Devil
|-status|p2b: Dust Devil|brn
|move|p1a: Gholdengo|Make It Rain|p2a: Rillaboom|[spread] p2a,p2b
|-damage|p2a: Rillaboom|0 fnt
|-damage|p2b: Dust Devil|63/100 brn
|-unboost|p1a: Gholdengo|spa|1
|faint|p2a: Rillaboom
|move|p2b: Dust Devil|Rock Slide|p1b: Talonflame|[spread] p1a,p1b
|-resisted|p1a: Gholdengo
|-supereffective|p1b: Talonflame
|-damage|p1a: Gholdengo|82/100
|-damage|p1b: Talonflame|13/100
|
|-weather|Sandstorm|[upkeep]
|-damage|p1b: Talonflame|8/100|[from] Sandstorm
|-damage|p2b: Dust Devil|57/100 brn|[from] Sandstorm
|-heal|p1a: Gholdengo|88/100|[from] Grassy Terrain
|-damage|p2b: Dust Devil|50/100 brn|[from] brn
|upkeep
|
|t:|1756951726
|switch|p2a: Garchomp|Garchomp, L50, M|100/100
|turn|4
|inactive|Sedrav has 30 seconds left.
|inactive|Sedrav has 20 seconds left.
|inactive|Sedrav has 15 seconds left.
|inactive|Sedrav has 10 seconds left.
|
|t:|1756951771
|move|p1a: Gholdengo|Protect|p1a: Gholdengo
|-singleturn|p1a: Gholdengo|Protect
|move|p1b: Talonflame|Will-O-Wisp|p2a: Garchomp|[miss]
|-miss|p1b: Talonflame|p2a: Garchomp
|move|p2a: Garchomp|Stomping Tantrum|p1a: Gholdengo
|-activate|p1a: Gholdengo|move: Protect
|move|p2b: Dust Devil|Knock Off|p1b: Talonflame
|-damage|p1b: Talonflame|0 fnt
|-enditem|p1b: Talonflame|Covert Cloak|[from] move: Knock Off|[of] p2b: Dust Devil
|faint|p1b: Talonflame
|
|-weather|Sandstorm|[upkeep]
|-damage|p2b: Dust Devil|44/100 brn|[from] Sandstorm
|-heal|p1a: Gholdengo|94/100|[from] Grassy Terrain
|-damage|p2b: Dust Devil|38/100 brn|[from] brn
|upkeep
|
|t:|1756951785
|switch|p1b: Tyranitar|Tyranitar, L50, M|100/100
|turn|5
|
|t:|1756951806
|move|p2a: Garchomp|Earthquake|p1a: Gholdengo|[spread] p1a,p1b
|-immune|p2b: Dust Devil
|-supereffective|p1a: Gholdengo
|-supereffective|p1b: Tyranitar
|-damage|p1a: Gholdengo|43/100
|-damage|p1b: Tyranitar|59/100
|-damage|p2a: Garchomp|91/100|[from] item: Life Orb
|move|p1a: Gholdengo|Make It Rain|p2b: Dust Devil|[spread] p2a,p2b
|-damage|p2a: Garchomp|48/100
|-damage|p2b: Dust Devil|19/100 brn
|-unboost|p1a: Gholdengo|spa|1
|move|p1b: Tyranitar|Knock Off|p2a: Garchomp
|-damage|p2a: Garchomp|0 fnt
|-enditem|p2a: Garchomp|Life Orb|[from] move: Knock Off|[of] p1b: Tyranitar
|faint|p2a: Garchomp
|move|p2b: Dust Devil|Low Kick|p1b: Tyranitar
|-supereffective|p1b: Tyranitar
|-damage|p1b: Tyranitar|0 fnt
|faint|p1b: Tyranitar
|
|-weather|Sandstorm|[upkeep]
|-damage|p2b: Dust Devil|12/100 brn|[from] Sandstorm
|-heal|p1a: Gholdengo|49/100|[from] Grassy Terrain
|-damage|p2b: Dust Devil|6/100 brn|[from] brn
|-fieldend|move: Grassy Terrain
|upkeep
|turn|6
|inactive|P!nkbearz07 has 30 seconds left.
|
|t:|1756951836
|move|p1a: Gholdengo|Protect|p1a: Gholdengo
|-singleturn|p1a: Gholdengo|Protect
|move|p2b: Dust Devil|Knock Off|p1a: Gholdengo
|-activate|p1a: Gholdengo|move: Protect
|
|-weather|none
|-damage|p2b: Dust Devil|0 fnt|[from] brn
|faint|p2b: Dust Devil
|
|win|Sedrav
|raw|Sedrav's rating: 1175 → 1193(+18 for winning)
|raw|P!nkbearz07's rating: 1077 → 1061(-16 for losing)
