|j|☆lox1sm
|j|☆pokeplaygg
|html|lox1smpokeplaygg    
|uhtml|bestof|Game 3 of a best-of-3
|t:|1783182755
|gametype|doubles
|player|p1|lox1sm|veteran|1265
|player|p2|pokeplaygg|170|1439
|gen|9
|tier|[Gen 9 Champions] VGC 2026 Reg M-B (Bo3)
|rated|
|rule|Species Clause: Limit one of each Pokémon
|rule|Item Clause: Limit 1 of each item
|clearpoke
|poke|p1|Charizard, L50, M|
|poke|p1|Aerodactyl, L50, M|
|poke|p1|Garchomp, L50, M|
|poke|p1|Kingambit, L50, F|
|poke|p1|Farigiraf, L50, F|
|poke|p1|Primarina, L50, M|
|poke|p2|Pelipper, L50, M|
|poke|p2|Archaludon, L50, F|
|poke|p2|Swampert, L50, F|
|poke|p2|Kingambit, L50, F|
|poke|p2|Sableye, L50, F|
|poke|p2|Venusaur, L50, F|
|teampreview|4
|showteam|p1|Charizard||CharizarditeY|Blaze|HeatWave,WeatherBall,SolarBeam,Protect|Modest||M|||50|]Aerodactyl||Aerodactylite|Unnerve|RockSlide,IceFang,Tailwind,Protect|Jolly||M|||50|]Garchomp||LifeOrb|RoughSkin|DragonClaw,Earthquake,RockSlide,Protect|Jolly||M|||50|]Kingambit||FocusSash|Defiant|KowtowCleave,SuckerPunch,IronHead,LowKick|Adamant||F|||50|]Farigiraf||ExpertBelt|ArmorTail|Psychic,DazzlingGleam,Thunderbolt,TrickRoom|Modest||F|||50|]Primarina||MysticWater|LiquidVoice|HyperVoice,Moonblast,Haze,Protect|Modest||M|||50|
|showteam|p2|Pelipper||LifeOrb|Drizzle|Protect,Hurricane,MuddyWater,Tailwind|Modest||M|||50|]Archaludon||Leftovers|Stamina|Protect,ElectroShot,DracoMeteor,FlashCannon|Modest||F|||50|]Swampert||Swampertite|Torrent|Protect,WaveCrash,Earthquake,IcePunch|Adamant||F|||50|]Kingambit||FocusSash|Defiant|Protect,SuckerPunch,KowtowCleave,IronHead|Adamant||F|||50|]Sableye||KasibBerry|Prankster|Encore,Disable,RainDance,Protect|Sassy||F|||50|]Venusaur||Venusaurite|Chlorophyll|Protect,GigaDrain,SludgeBomb,EarthPower|Modest||F|||50|
|inactive|Battle timer is ON: inactive players will automatically lose when time's up. (requested by pokeplaygg)
|inactive|lox1sm has 60 seconds left.
|
|t:|1783182787
|teamsize|p1|4
|teamsize|p2|4
|start
|switch|p1a: Charizard|Charizard, L50, M|100/100
|switch|p1b: Primarina|Primarina, L50, M|100/100
|switch|p2a: Archaludon|Archaludon, L50, F|100/100
|switch|p2b: Sableye|Sableye, L50, F|100/100
|turn|1
|inactive|lox1sm has 30 seconds left.
|inactive|pokeplaygg has 30 seconds left.
|
|t:|1783182818
|move|p1a: Charizard|Protect|p1a: Charizard
|-singleturn|p1a: Charizard|Protect
|move|p2b: Sableye|Rain Dance|p2b: Sableye
|-weather|RainDance
|move|p1b: Primarina|Moonblast|p2b: Sableye
|-supereffective|p2b: Sableye|1
|-damage|p2b: Sableye|0 fnt
|faint|p2b: Sableye
|move|p2a: Archaludon|Electro Shot||[still]
|-prepare|p2a: Archaludon|Electro Shot
|-boost|p2a: Archaludon|spa|1
|-anim|p2a: Archaludon|Electro Shot|p1b: Primarina
|-supereffective|p1b: Primarina|1
|-damage|p1b: Primarina|0 fnt
|faint|p1b: Primarina
|
|-weather|RainDance|[upkeep]
|upkeep
|
|t:|1783182835
|switch|p1b: Farigiraf|Farigiraf, L50, F|100/100
|switch|p2b: Swampert|Swampert, L50, F|100/100
|turn|2
|inactive|pokeplaygg has 30 seconds left.
|
|t:|1783182868
|switch|p1a: Kingambit|Kingambit, L50, F|100/100
|detailschange|p2b: Swampert|Swampert-Mega, L50, F
|-mega|p2b: Swampert|Swampert|Swampertite
|move|p2b: Swampert|Protect|p2b: Swampert
|-singleturn|p2b: Swampert|Protect
|move|p2a: Archaludon|Flash Cannon|p1b: Farigiraf
|-damage|p1b: Farigiraf|26/100
|-unboost|p1b: Farigiraf|spd|1
|move|p1b: Farigiraf|Trick Room|p1b: Farigiraf
|-fieldstart|move: Trick Room|[of] p1b: Farigiraf
|
|-weather|RainDance|[upkeep]
|upkeep
|turn|3
|inactive|pokeplaygg has 30 seconds left.
|inactive|pokeplaygg has 20 seconds left.
|inactive|pokeplaygg has 15 seconds left.
|inactive|pokeplaygg has 10 seconds left.
|
|t:|1783182917
|move|p2a: Archaludon|Protect|p2a: Archaludon
|-singleturn|p2a: Archaludon|Protect
|move|p1b: Farigiraf|Psychic|p2b: Swampert
|-damage|p2b: Swampert|58/100
|move|p1a: Kingambit|Kowtow Cleave|p2b: Swampert
|-damage|p2b: Swampert|9/100
|move|p2b: Swampert|Earthquake|p1b: Farigiraf|[spread] p1a,p1b
|-activate|p2a: Archaludon|move: Protect
|-supereffective|p1a: Kingambit|1
|-damage|p1a: Kingambit|15/100
|-damage|p1b: Farigiraf|0 fnt
|faint|p1b: Farigiraf
|
|-weather|RainDance|[upkeep]
|upkeep
|
|t:|1783182930
|switch|p1b: Charizard|Charizard, L50, M|100/100
|turn|4
|inactive|lox1sm has 30 seconds left.
|inactive|pokeplaygg has 30 seconds left.
|inactive|pokeplaygg has 20 seconds left.
|
|t:|1783182968
|move|p1b: Charizard|Protect|p1b: Charizard
|-singleturn|p1b: Charizard|Protect
|move|p2b: Swampert|Protect|p2b: Swampert
|-singleturn|p2b: Swampert|Protect
|move|p1a: Kingambit|Iron Head|p2a: Archaludon
|-resisted|p2a: Archaludon|1
|-damage|p2a: Archaludon|81/100
|-ability|p2a: Archaludon|Stamina|boost
|-boost|p2a: Archaludon|def|1
|move|p2a: Archaludon|Draco Meteor|p1a: Kingambit
|-resisted|p1a: Kingambit|1
|-damage|p1a: Kingambit|0 fnt
|-unboost|p2a: Archaludon|spa|2
|faint|p1a: Kingambit
|
|-weather|RainDance|[upkeep]
|-heal|p2a: Archaludon|87/100|[from] item: Leftovers
|upkeep
|turn|5
|inactive|lox1sm has 30 seconds left.
|inactive|pokeplaygg has 30 seconds left.
|inactive|lox1sm has 20 seconds left.
|inactive|lox1sm has 15 seconds left.
|inactive|pokeplaygg has 20 seconds left.
|inactive|pokeplaygg has 15 seconds left.
|inactive|pokeplaygg has 10 seconds left.
|
|t:|1783183029
|switch|p2b: Pelipper|Pelipper, L50, M|100/100
|move|p2a: Archaludon|Protect|p2a: Archaludon
|-singleturn|p2a: Archaludon|Protect
|move|p1b: Charizard|Weather Ball|p2b: Pelipper
|-resisted|p2b: Pelipper|1
|-damage|p2b: Pelipper|68/100
|
|-weather|none
|-heal|p2a: Archaludon|93/100|[from] item: Leftovers
|upkeep
|turn|6
|inactive|lox1sm has 30 seconds left.
|inactive|pokeplaygg has 30 seconds left.
|inactive|lox1sm has 20 seconds left.
|inactive|pokeplaygg has 20 seconds left.
|inactive|lox1sm has 15 seconds left.
|inactive|pokeplaygg has 15 seconds left.
|inactive|pokeplaygg has 10 seconds left.
|
|t:|1783183079
|move|p2b: Pelipper|Tailwind|p2b: Pelipper
|-sidestart|p2: pokeplaygg|move: Tailwind
|move|p1b: Charizard|Heat Wave|p2a: Archaludon|[spread] p2a,p2b
|-resisted|p2b: Pelipper|1
|-damage|p2a: Archaludon|51/100
|-damage|p2b: Pelipper|47/100
|-ability|p2a: Archaludon|Stamina|boost
|-boost|p2a: Archaludon|def|1
|move|p2a: Archaludon|Electro Shot||[still]
|-prepare|p2a: Archaludon|Electro Shot
|-boost|p2a: Archaludon|spa|1
|
|-heal|p2a: Archaludon|57/100|[from] item: Leftovers
|-fieldend|move: Trick Room
|upkeep
|turn|7
|
|t:|1783183093
|switch|p2b: Swampert|Swampert-Mega, L50, F|9/100
|move|p1b: Charizard|Protect|p1b: Charizard
|-singleturn|p1b: Charizard|Protect
|move|p2a: Archaludon|Electro Shot|p1b: Charizard|[from] lockedmove
|-activate|p1b: Charizard|move: Protect
|
|-heal|p2a: Archaludon|63/100|[from] item: Leftovers
|upkeep
|turn|8
|inactive|lox1sm has 30 seconds left.
|inactive|lox1sm has 20 seconds left.
|
|t:|1783183132
|detailschange|p1b: Charizard|Charizard-Mega-Y, L50, M
|-mega|p1b: Charizard|Charizard|Charizardite Y
|-weather|SunnyDay|[from] ability: Drought|[of] p1b: Charizard
|move|p2b: Swampert|Wave Crash|p1b: Charizard
|-supereffective|p1b: Charizard|1
|-damage|p1b: Charizard|18/100
|-damage|p2b: Swampert|0 fnt|[from] Recoil
|faint|p2b: Swampert
|move|p2a: Archaludon|Draco Meteor|p1b: Charizard
|-damage|p1b: Charizard|0 fnt
|-unboost|p2a: Archaludon|spa|2
|faint|p1b: Charizard
|
|win|pokeplaygg
|raw|lox1sm's rating: 1265 → 1252(-13 for losing)
|raw|pokeplaygg's rating: 1439 → 1450(+11 for winning)
|c|☆lox1sm|gg
