|j|☆MuseigenTest
|j|☆dragonboy2100
|html|MuseigenTestdragonboy2100    
|uhtml|bestof|Game 2 of a best-of-3
|t:|1756784383
|gametype|doubles
|player|p1|MuseigenTest|266|1263
|player|p2|dragonboy2100|sage|1310
|gen|9
|tier|[Gen 9] VGC 2025 Reg H (Bo3)
|rated|
|rule|Species Clause: Limit one of each Pokémon
|rule|Item Clause: Limit 1 of each item
|clearpoke
|poke|p1|Sneasler, L50, M|
|poke|p1|Indeedee, L50, M|
|poke|p1|Volcarona, L50, F|
|poke|p1|Ursaluna-Bloodmoon, L50, M|
|poke|p1|Annihilape, L50, M|
|poke|p1|Tyranitar, L50, M|
|poke|p2|Garchomp, L50, F|
|poke|p2|Dragonite, L50, F|
|poke|p2|Kingambit, L50, F|
|poke|p2|Ninetales-Alola, L50, M|
|poke|p2|Incineroar, L50, F|
|poke|p2|Amoonguss, L50, F|
|teampreview|4
|showteam|p1|Sneasler||PsychicSeed|Unburden|CloseCombat,DireClaw,ThroatChop,Protect|||M|||50|,,,,,Dark]Indeedee||ChoiceScarf|PsychicSurge|ExpandingForce,TeraBlast,Trick,Protect|||M|||50|,,,,,Psychic]Volcarona||SitrusBerry|FlameBody|Overheat,StruggleBug,RagePowder,Tailwind|||F|||50|,,,,,Grass]Ursaluna-Bloodmoon||LifeOrb|MindsEye|BloodMoon,HyperVoice,EarthPower,Protect|||M|||50|,,,,,Normal]Annihilape||SafetyGoggles|Defiant|CloseCombat,RageFist,Taunt,FinalGambit|||M|||50|,,,,,Fairy]Tyranitar||AssaultVest|SandStream|RockSlide,KnockOff,TeraBlast,LowKick|||M|||50|,,,,,Flying
|showteam|p2|Garchomp||ChoiceBand|RoughSkin|RockSlide,StompingTantrum,DragonClaw,Earthquake|||F|||50|,,,,,Steel]Dragonite||LumBerry|Multiscale|Protect,ExtremeSpeed,LowKick,TeraBlast|||F|||50|,,,,,Flying]Kingambit||AssaultVest|Defiant|KowtowCleave,IronHead,SuckerPunch,LowKick|||F|||50|,,,,,Dark]Ninetales-Alola||ChoiceSpecs|SnowWarning|Blizzard,Moonblast,FreezeDry,IceBeam|||M|||50|,,,,,Ice]Incineroar||SafetyGoggles|Intimidate|PartingShot,FlareBlitz,KnockOff,FakeOut|||F|||50|,,,,,Ghost]Amoonguss||SitrusBerry|Regenerator|Spore,RagePowder,PollenPuff,ClearSmog|||F|||50|,,,,,Water
|inactive|Battle timer is ON: inactive players will automatically lose when time's up. (requested by dragonboy2100)
|inactive|dragonboy2100 has 60 seconds left.
|
|t:|1756784442
|teamsize|p1|4
|teamsize|p2|4
|start
|switch|p1a: Annihilape|Annihilape, L50, M|100/100
|switch|p1b: Tyranitar|Tyranitar, L50, M|100/100
|switch|p2a: Garchomp|Garchomp, L50, F|100/100
|switch|p2b: Dragonite|Dragonite, L50, F|100/100
|-weather|Sandstorm|[from] ability: Sand Stream|[of] p1b: Tyranitar
|turn|1
|inactive|MuseigenTest has 30 seconds left.
|inactive|MuseigenTest has 20 seconds left.
|inactive|MuseigenTest has 15 seconds left.
|inactive|dragonboy2100 has 30 seconds left.
|
|t:|1756784486
|-terastallize|p2b: Dragonite|Flying
|-terastallize|p1b: Tyranitar|Flying
|move|p2a: Garchomp|Earthquake|p1a: Annihilape|[spread] p1a
|-immune|p2b: Dragonite
|-immune|p1b: Tyranitar
|-damage|p1a: Annihilape|36/100
|move|p1a: Annihilape|Rage Fist|p2b: Dragonite
|-damage|p2b: Dragonite|82/100
|move|p2b: Dragonite|Tera Blast|p1a: Annihilape|[anim] Tera Blast Flying
|-supereffective|p1a: Annihilape
|-damage|p1a: Annihilape|0 fnt
|faint|p1a: Annihilape
|move|p1b: Tyranitar|Rock Slide|p2b: Dragonite|[spread] p2b
|-miss|p1b: Tyranitar|p2a: Garchomp
|-supereffective|p2b: Dragonite
|-damage|p2b: Dragonite|22/100
|
|-weather|Sandstorm|[upkeep]
|-damage|p2b: Dragonite|16/100|[from] Sandstorm
|-damage|p1b: Tyranitar|95/100|[from] Sandstorm
|upkeep
|inactive|MuseigenTest has 30 seconds left.
|inactive|MuseigenTest has 20 seconds left.
|
|t:|1756784525
|switch|p1a: Indeedee|Indeedee, L50, M|100/100
|-fieldstart|move: Psychic Terrain|[from] ability: Psychic Surge|[of] p1a: Indeedee
|turn|2
|
|t:|1756784539
|move|p2b: Dragonite|Protect|p2b: Dragonite
|-singleturn|p2b: Dragonite|Protect
|move|p1a: Indeedee|Expanding Force|p2b: Dragonite|[spread] p2a
|-activate|p2b: Dragonite|move: Protect
|-damage|p2a: Garchomp|37/100
|move|p2a: Garchomp|Earthquake|p1a: Indeedee|[spread] p1a
|-activate|p2b: Dragonite|move: Protect
|-immune|p1b: Tyranitar
|-damage|p1a: Indeedee|0 fnt
|faint|p1a: Indeedee
|move|p1b: Tyranitar|Knock Off|p2a: Garchomp
|-damage|p2a: Garchomp|0 fnt
|-damage|p1b: Tyranitar|83/100|[from] ability: Rough Skin|[of] p2a: Garchomp
|-enditem|p2a: Garchomp|Choice Band|[from] move: Knock Off|[of] p1b: Tyranitar
|faint|p2a: Garchomp
|
|-weather|Sandstorm|[upkeep]
|-damage|p2b: Dragonite|10/100|[from] Sandstorm
|-damage|p1b: Tyranitar|77/100|[from] Sandstorm
|upkeep
|
|t:|1756784553
|switch|p2a: Incineroar|Incineroar, L50, F|100/100
|switch|p1a: Sneasler|Sneasler, L50, M|100/100
|-ability|p2a: Incineroar|Intimidate|boost
|-unboost|p1a: Sneasler|atk|1
|-unboost|p1b: Tyranitar|atk|1
|-enditem|p1a: Sneasler|Psychic Seed
|-boost|p1a: Sneasler|spd|1|[from] item: Psychic Seed
|turn|3
|inactive|MuseigenTest has 30 seconds left.
|inactive|MuseigenTest has 20 seconds left.
|inactive|MuseigenTest has 15 seconds left.
|inactive|MuseigenTest has 10 seconds left.
|inactive|MuseigenTest has 5 seconds left.
|
|t:|1756784603
|switch|p2b: Amoonguss|Amoonguss, L50, F|100/100
|move|p1a: Sneasler|Dire Claw|p2b: Amoonguss
|-damage|p2b: Amoonguss|75/100
|move|p1b: Tyranitar|Rock Slide|p2a: Incineroar|[spread] p2a,p2b
|-supereffective|p2a: Incineroar
|-damage|p2a: Incineroar|55/100
|-damage|p2b: Amoonguss|60/100
|move|p2a: Incineroar|Parting Shot|p1b: Tyranitar
|-unboost|p1b: Tyranitar|atk|1
|-unboost|p1b: Tyranitar|spa|1
|
|t:|1756784614
|switch|p2a: Dragonite|Dragonite, L50, F, tera:Flying|10/100|[from] Parting Shot
|
|-weather|Sandstorm|[upkeep]
|-damage|p1a: Sneasler|95/100|[from] Sandstorm
|-damage|p2a: Dragonite|4/100|[from] Sandstorm
|-damage|p1b: Tyranitar|71/100|[from] Sandstorm
|-damage|p2b: Amoonguss|54/100|[from] Sandstorm
|upkeep
|turn|4
|inactive|MuseigenTest has 30 seconds left.
|inactive|dragonboy2100 has 30 seconds left.
|inactive|dragonboy2100 has 20 seconds left.
|inactive|dragonboy2100 has 15 seconds left.
|inactive|dragonboy2100 has 10 seconds left.
|
|t:|1756784662
|switch|p2b: Incineroar|Incineroar, L50, F|55/100
|-ability|p2b: Incineroar|Intimidate|boost
|-unboost|p1a: Sneasler|atk|1
|-unboost|p1b: Tyranitar|atk|1
|move|p1a: Sneasler|Protect|p1a: Sneasler
|-singleturn|p1a: Sneasler|Protect
|move|p2a: Dragonite|Tera Blast|p1a: Sneasler|[anim] Tera Blast Flying
|-activate|p1a: Sneasler|move: Protect
|move|p1b: Tyranitar|Rock Slide|p2a: Dragonite|[spread] p2b
|-miss|p1b: Tyranitar|p2a: Dragonite
|-supereffective|p2b: Incineroar
|-damage|p2b: Incineroar|27/100
|
|-weather|Sandstorm|[upkeep]
|-damage|p1a: Sneasler|89/100|[from] Sandstorm
|-damage|p2a: Dragonite|0 fnt|[from] Sandstorm
|-damage|p1b: Tyranitar|65/100|[from] Sandstorm
|faint|p2a: Dragonite
|upkeep
|
|t:|1756784670
|switch|p2a: Amoonguss|Amoonguss, L50, F|87/100
|turn|5
|inactive|MuseigenTest has 30 seconds left.
|inactive|dragonboy2100 has 30 seconds left.
|inactive|MuseigenTest has 20 seconds left.
|inactive|dragonboy2100 has 20 seconds left.
|inactive|MuseigenTest has 15 seconds left.
|inactive|dragonboy2100 has 15 seconds left.
|inactive|MuseigenTest has 10 seconds left.
|inactive|dragonboy2100 has 10 seconds left.
|
|t:|1756784719
|move|p2b: Incineroar|Fake Out|p1b: Tyranitar
|-hint|Psychic Terrain doesn't affect Pokémon immune to Ground.
|-damage|p1b: Tyranitar|55/100
|move|p1a: Sneasler|Dire Claw|p2b: Incineroar
|-damage|p2b: Incineroar|3/100
|-status|p2b: Incineroar|slp
|cant|p1b: Tyranitar|flinch
|move|p2a: Amoonguss|Pollen Puff|p2b: Incineroar
|-heal|p2b: Incineroar|53/100 slp
|
|-weather|none
|upkeep
|turn|6
|inactive|MuseigenTest has 30 seconds left.
|inactive|MuseigenTest has 20 seconds left.
|inactive|MuseigenTest has 15 seconds left.
|
|t:|1756784760
|move|p2a: Amoonguss|Rage Powder|p2a: Amoonguss
|-singleturn|p2a: Amoonguss|move: Rage Powder
|move|p1a: Sneasler|Dire Claw|p2a: Amoonguss
|-damage|p2a: Amoonguss|68/100
|move|p1b: Tyranitar|Knock Off|p2a: Amoonguss
|-damage|p2a: Amoonguss|50/100
|-enditem|p2a: Amoonguss|Sitrus Berry|[from] move: Knock Off|[of] p1b: Tyranitar
|cant|p2b: Incineroar|slp
|
|-fieldend|move: Psychic Terrain
|upkeep
|turn|7
|
|t:|1756784794
|move|p1a: Sneasler|Dire Claw|p2a: Amoonguss
|-damage|p2a: Amoonguss|32/100
|move|p1b: Tyranitar|Tera Blast|p2a: Amoonguss|[anim] Tera Blast Flying
|-supereffective|p2a: Amoonguss
|-damage|p2a: Amoonguss|4/100
|-curestatus|p2b: Incineroar|slp|[msg]
|move|p2b: Incineroar|Flare Blitz|p1a: Sneasler
|-damage|p1a: Sneasler|1/100
|-damage|p2b: Incineroar|31/100|[from] Recoil
|move|p2a: Amoonguss|Spore|p1b: Tyranitar
|-status|p1b: Tyranitar|slp|[from] move: Spore
|
|upkeep
|turn|8
|inactive|MuseigenTest has 30 seconds left.
|inactive|dragonboy2100 has 30 seconds left.
|inactive|MuseigenTest has 20 seconds left.
|inactive|MuseigenTest has 15 seconds left.
|inactive|MuseigenTest has 10 seconds left.
|inactive|MuseigenTest has 5 seconds left.
|
|t:|1756784849
|move|p1a: Sneasler|Close Combat|p2b: Incineroar
|-supereffective|p2b: Incineroar
|-damage|p2b: Incineroar|0 fnt
|-unboost|p1a: Sneasler|def|1
|-unboost|p1a: Sneasler|spd|1
|faint|p2b: Incineroar
|cant|p1b: Tyranitar|slp
|move|p2a: Amoonguss|Pollen Puff|p2: Incineroar|[notarget]
|-fail|p2a: Amoonguss
|
|upkeep
|turn|9
|-message|dragonboy2100 forfeited.
|
|win|MuseigenTest
|c|☆dragonboy2100|gg
||dragonboy2100 is ready for game 3.
|inactive|MuseigenTest has 30 seconds to confirm battle start!
|c|☆MuseigenTest|gg lets see it!
||MuseigenTest is ready for game 3.
|uhtml|next|Next: Game 3 of 3
|l|☆dragonboy2100
|player|p2|
