|j|☆MasterSkillsalt
|j|☆bphind722
|html|MasterSkillsaltbphind722    
|uhtml|bestof|Game 2 of a best-of-3
|t:|1784954430
|gametype|doubles
|player|p1|MasterSkillsalt|170|
|player|p2|bphind722|265|
|gen|9
|tier|[Gen 9 Champions] VGC 2026 Reg M-B (Bo3)
|rule|Species Clause: Limit one of each Pokémon
|rule|Item Clause: Limit 1 of each item
|clearpoke
|poke|p1|Gholdengo, L50|
|poke|p1|Meowscarada, L50, M|
|poke|p1|Starmie, L50|
|poke|p1|Liepard, L50, M|
|poke|p1|Archaludon, L50, M|
|poke|p1|Politoed, L50, F|
|poke|p2|Charizard, L50, M, shiny|
|poke|p2|Milotic, L50, F, shiny|
|poke|p2|Greninja, L50, F|
|poke|p2|Rotom-Mow, L50|
|poke|p2|Tinkaton, L50, F|
|poke|p2|Excadrill, L50, F|
|teampreview|4
|showteam|p1|Gholdengo||LifeOrb|GoodasGold|Protect,MakeItRain,ShadowBall,NastyPlot|Modest|||||50|]Meowscarada||ChoiceScarf|Protean|FlowerTrick,KnockOff,TripleAxel,Uturn|Adamant||M|||50|]Starmie||Starminite|Illuminate|AquaJet,IceSpinner,Liquidation,Protect|Adamant|||||50|]Liepard||FocusSash|Prankster|FakeTears,Encore,FakeOut,RainDance|Timid||M|||50|]Archaludon||Leftovers|Stamina|Protect,ElectroShot,FlashCannon,DragonPulse|Modest||M|||50|]Politoed||SitrusBerry|Drizzle|IcyWind,HelpingHand,WeatherBall,ChillingWater|Calm||F|||50|
|showteam|p2|Charizard||CharizarditeY|Blaze|HeatWave,SolarBeam,Protect,Overheat|Timid||M|||50|]Milotic||LifeOrb|Competitive|Scald,Recover,Protect,IceBeam|Timid||F|||50|]Greninja||ExpertBelt|Protean|LowKick,IceBeam,DarkPulse,Protect|Hasty||F|||50|]Rotom-Mow||FocusSash|Levitate|VoltSwitch,Thunderbolt,LeafStorm,WillOWisp|Timid|||||50|]Tinkaton||Leftovers|OwnTempo|FakeOut,PlayRough,GigatonHammer,Protect|Jolly||F|||50|]Excadrill||ChoiceScarf|MoldBreaker|HighHorsepower,IronHead,RockSlide,Protect|Jolly||F|||50|
|inactive|Battle timer is ON: inactive players will automatically lose when time's up. (requested by bphind722)
|inactiveoff|Battle timer is now OFF.
|c|☆bphind722|i handled replay
|
|t:|1784954544
|teamsize|p1|4
|teamsize|p2|4
|start
|switch|p1a: Liepard|Liepard, L50, M|100/100
|switch|p1b: Starmie|Starmie, L50|100/100
|switch|p2a: Excadrill|Excadrill, L50, F|100/100
|switch|p2b: Tinkaton|Tinkaton, L50, F|100/100
|-ability|p2a: Excadrill|Mold Breaker
|turn|1
|c|☆MasterSkillsalt|thanks, I texted it to myself lol
|
|t:|1784954594
|detailschange|p1b: Starmie|Starmie-Mega, L50
|-mega|p1b: Starmie|Starmie|Starminite
|move|p2a: Excadrill|Protect|p2a: Excadrill
|-singleturn|p2a: Excadrill|Protect
|move|p1a: Liepard|Fake Out|p2b: Tinkaton
|-resisted|p2b: Tinkaton|1
|-damage|p2b: Tinkaton|95/100
|cant|p2b: Tinkaton|flinch
|move|p1b: Starmie|Aqua Jet|p2a: Excadrill
|-activate|p2a: Excadrill|move: Protect
|
|-heal|p2b: Tinkaton|100/100|[from] item: Leftovers
|upkeep
|turn|2
|c|☆bphind722|oh i messed up bad lol
|
|t:|1784954649
|switch|p2a: Greninja|Greninja, L50, F|100/100
|move|p1a: Liepard|Fake Tears|p2a: Greninja
|-hint|Since gen 7, Dark is immune to Prankster moves.
|-immune|p2a: Greninja
|move|p1b: Starmie|Liquidation|p2b: Tinkaton
|-damage|p2b: Tinkaton|0 fnt
|faint|p2b: Tinkaton
|
|upkeep
|
|t:|1784954664
|switch|p2b: Excadrill|Excadrill, L50, F|100/100
|-ability|p2b: Excadrill|Mold Breaker
|turn|3
|
|t:|1784954687
|switch|p1a: Politoed|Politoed, L50, F|100/100
|-weather|RainDance|[from] ability: Drizzle|[of] p1a: Politoed
|move|p1b: Starmie|Protect|p1b: Starmie
|-singleturn|p1b: Starmie|Protect
|move|p2b: Excadrill|High Horsepower|p1b: Starmie
|-activate|p1b: Starmie|move: Protect
|move|p2a: Greninja|Dark Pulse|p1b: Starmie
|-start|p2a: Greninja|typechange|Dark|[from] ability: Protean
|-activate|p1b: Starmie|move: Protect
|
|-weather|RainDance|[upkeep]
|upkeep
|turn|4
|
|t:|1784954729
|switch|p1b: Liepard|Liepard, L50, M|100/100
|move|p2b: Excadrill|High Horsepower|p1b: Liepard
|-damage|p1b: Liepard|8/100
|move|p2a: Greninja|Dark Pulse|p1b: Liepard
|-resisted|p1b: Liepard|1
|-damage|p1b: Liepard|0 fnt
|faint|p1b: Liepard
|move|p1a: Politoed|Weather Ball|p2b: Excadrill
|-supereffective|p2b: Excadrill|1
|-damage|p2b: Excadrill|0 fnt
|faint|p2b: Excadrill
|
|-weather|RainDance|[upkeep]
|upkeep
|
|t:|1784954748
|switch|p1b: Starmie|Starmie-Mega, L50|100/100
|switch|p2b: Charizard|Charizard, L50, M, shiny|100/100
|turn|5
|
|t:|1784954762
|detailschange|p2b: Charizard|Charizard-Mega-Y, L50, M, shiny
|-mega|p2b: Charizard|Charizard|Charizardite Y
|-weather|SunnyDay|[from] ability: Drought|[of] p2b: Charizard
|move|p2b: Charizard|Protect|p2b: Charizard
|-singleturn|p2b: Charizard|Protect
|move|p2a: Greninja|Dark Pulse|p1b: Starmie
|-supereffective|p1b: Starmie|1
|-damage|p1b: Starmie|0 fnt
|faint|p1b: Starmie
|move|p1a: Politoed|Weather Ball|p2a: Greninja
|-damage|p2a: Greninja|48/100
|
|-weather|SunnyDay|[upkeep]
|upkeep
|
|t:|1784954774
|switch|p1b: Archaludon|Archaludon, L50, M|100/100
|turn|6
|
|t:|1784954812
|move|p1b: Archaludon|Protect|p1b: Archaludon
|-singleturn|p1b: Archaludon|Protect
|move|p2a: Greninja|Low Kick|p1b: Archaludon
|-activate|p1b: Archaludon|move: Protect
|move|p2b: Charizard|Overheat|p1b: Archaludon
|-activate|p1b: Archaludon|move: Protect
|move|p1a: Politoed|Weather Ball|p2a: Greninja
|-damage|p2a: Greninja|0 fnt
|faint|p2a: Greninja
|
|-weather|SunnyDay|[upkeep]
|upkeep
|turn|7
|c|☆MasterSkillsalt|oh overheat that's not good
|c|☆bphind722|shouldve hit politoed and id be set. but i didnt
|c|☆MasterSkillsalt|I think I lost anyway
|c|☆bphind722|i dont think so
|c|☆MasterSkillsalt|idk how I win tbh
|
|t:|1784954933
|move|p2b: Charizard|Overheat|p1b: Archaludon
|-damage|p1b: Archaludon|0 fnt
|-unboost|p2b: Charizard|spa|2
|faint|p1b: Archaludon
|move|p1a: Politoed|Weather Ball|p2b: Charizard
|-resisted|p2b: Charizard|1
|-damage|p2b: Charizard|85/100
|
|-weather|SunnyDay|[upkeep]
|upkeep
|turn|8
|
|t:|1784954961
|move|p2b: Charizard|Solar Beam||[still]
|-prepare|p2b: Charizard|Solar Beam
|-anim|p2b: Charizard|Solar Beam|p1a: Politoed
|-supereffective|p1a: Politoed|1
|-damage|p1a: Politoed|68/100
|move|p1a: Politoed|Weather Ball|p2b: Charizard
|-resisted|p2b: Charizard|1
|-damage|p2b: Charizard|68/100
|
|-weather|SunnyDay|[upkeep]
|upkeep
|turn|9
|
|t:|1784954972
|move|p2b: Charizard|Solar Beam||[still]
|-prepare|p2b: Charizard|Solar Beam
|-anim|p2b: Charizard|Solar Beam|p1a: Politoed
|-supereffective|p1a: Politoed|1
|-damage|p1a: Politoed|37/100
|-enditem|p1a: Politoed|Sitrus Berry|[eat]
|-heal|p1a: Politoed|61/100|[from] item: Sitrus Berry
|move|p1a: Politoed|Weather Ball|p2b: Charizard
|-resisted|p2b: Charizard|1
|-damage|p2b: Charizard|53/100
|
|-weather|none
|upkeep
|turn|10
|
|t:|1784954993
|move|p2b: Charizard|Heat Wave|p1a: Politoed
|-resisted|p1a: Politoed|1
|-damage|p1a: Politoed|52/100
|move|p1a: Politoed|Chilling Water|p2b: Charizard
|-supereffective|p2b: Charizard|1
|-damage|p2b: Charizard|18/100
|-unboost|p2b: Charizard|atk|1
|
|upkeep
|turn|11
|c|☆bphind722|like that lol
|
|t:|1784955010
|move|p2b: Charizard|Overheat|p1a: Politoed
|-resisted|p1a: Politoed|1
|-damage|p1a: Politoed|39/100
|-unboost|p2b: Charizard|spa|2
|move|p1a: Politoed|Chilling Water|p2b: Charizard
|-supereffective|p2b: Charizard|1
|-crit|p2b: Charizard
|-damage|p2b: Charizard|0 fnt
|faint|p2b: Charizard
|
|win|MasterSkillsalt
|c|☆MasterSkillsalt|damn
|c|☆bphind722|i didnt see a ay to wein
|c|☆MasterSkillsalt|I forgot about the sp a drop
|c|☆bphind722|yeah i knew i was cooked
|c|☆MasterSkillsalt|I made arch spec bulky to live a heat wave
|c|☆MasterSkillsalt|that would have been ur out I think
|c|☆MasterSkillsalt|ggs
|c|☆bphind722|ggs
