|j|☆TheGamerVGC0023
|j|☆Lightoz
|html|TheGamerVGC0023Lightoz    
|uhtml|bestof|Game 2 of a best-of-3
|t:|1784293813
|gametype|doubles
|player|p1|TheGamerVGC0023|boarder|1486
|player|p2|Lightoz|blue-gen2|1525
|gen|9
|tier|[Gen 9 Champions] VGC 2026 Reg M-B (Bo3)
|rated|
|rule|Species Clause: Limit one of each Pokémon
|rule|Item Clause: Limit 1 of each item
|clearpoke
|poke|p1|Charizard, L50, M|
|poke|p1|Venusaur, L50, M|
|poke|p1|Grimmsnarl, L50, M|
|poke|p1|Pelipper, L50, F|
|poke|p1|Archaludon, L50, F|
|poke|p1|Basculegion, L50, M|
|poke|p2|Raichu, L50, M|
|poke|p2|Kingambit, L50, F, shiny|
|poke|p2|Basculegion, L50, M|
|poke|p2|Aerodactyl, L50, F|
|poke|p2|Farigiraf, L50, M|
|poke|p2|Sylveon, L50, F, shiny|
|teampreview|4
|showteam|p1|Charizard||CharizarditeY|Blaze|HeatWave,WeatherBall,SolarBeam,Protect|Modest||M|||50|]Venusaur||Venusaurite|Chlorophyll|SludgeBomb,EarthPower,SleepPowder,Protect|Modest||M|||50|]Grimmsnarl||LightClay|Prankster|SpiritBreak,Reflect,LightScreen,PartingShot|Careful||M|||50|]Pelipper||SitrusBerry|Drizzle|WeatherBall,Hurricane,Tailwind,WideGuard|Modest||F|||50|]Archaludon||Leftovers|Stamina|ElectroShot,DragonPulse,FlashCannon,Protect|Modest||F|||50|]Basculegion||ChoiceScarf|Adaptability|WaveCrash,FlipTurn,LastRespects,AquaJet|Jolly||M|||50|
|showteam|p2|Raichu||RaichuniteY|LightningRod|ZapCannon,FocusBlast,FakeOut,Protect|Timid||M|||50|]Kingambit||FocusSash|Defiant|KowtowCleave,SuckerPunch,IronHead,LowKick|Adamant||F|||50|]Basculegion||MysticWater|Adaptability|LastRespects,WaveCrash,AquaJet,Protect|Adamant||M|||50|]Aerodactyl||Aerodactylite|Unnerve|RockSlide,DualWingbeat,Tailwind,IceFang|Jolly||F|||50|]Farigiraf||SitrusBerry|ArmorTail|Psychic,Thunderbolt,TrickRoom,Protect|Bold||M|||50|]Sylveon||FairyFeather|Pixilate|HyperVoice,HyperBeam,QuickAttack,Protect|Modest||F|||50|
|inactive|Battle timer is ON: inactive players will automatically lose when time's up. (requested by TheGamerVGC0023)
|
|t:|1784293832
|teamsize|p1|4
|teamsize|p2|4
|start
|switch|p1a: Charizard|Charizard, L50, M|100/100
|switch|p1b: Venusaur|Venusaur, L50, M|100/100
|switch|p2a: Raichu|Raichu, L50, M|100/100
|switch|p2b: Kingambit|Kingambit, L50, F, shiny|100/100
|turn|1
|
|t:|1784293841
|detailschange|p2a: Raichu|Raichu-Mega-Y, L50, M
|-mega|p2a: Raichu|Raichu|Raichunite Y
|move|p1a: Charizard|Protect|p1a: Charizard
|-singleturn|p1a: Charizard|Protect
|move|p1b: Venusaur|Protect|p1b: Venusaur
|-singleturn|p1b: Venusaur|Protect
|move|p2a: Raichu|Zap Cannon|p1a: Charizard
|-activate|p1a: Charizard|move: Protect
|move|p2b: Kingambit|Kowtow Cleave|p1b: Venusaur
|-activate|p1b: Venusaur|move: Protect
|
|upkeep
|turn|2
|
|t:|1784293854
|detailschange|p1a: Charizard|Charizard-Mega-Y, L50, M
|-mega|p1a: Charizard|Charizard|Charizardite Y
|-weather|SunnyDay|[from] ability: Drought|[of] p1a: Charizard
|move|p1b: Venusaur|Sleep Powder|p2a: Raichu
|-status|p2a: Raichu|slp|[from] move: Sleep Powder
|cant|p2a: Raichu|slp
|move|p1a: Charizard|Heat Wave|p2b: Kingambit|[spread] p2a
|-miss|p1a: Charizard|p2b: Kingambit
|-damage|p2a: Raichu|14/100 slp
|move|p2b: Kingambit|Kowtow Cleave|p1b: Venusaur
|-damage|p1b: Venusaur|43/100
|
|-weather|SunnyDay|[upkeep]
|upkeep
|turn|3
|
|t:|1784293865
|switch|p1b: Archaludon|Archaludon, L50, F|100/100
|move|p2b: Kingambit|Sucker Punch||[still]
|-fail|p2b: Kingambit
|-curestatus|p2a: Raichu|slp|[msg]
|move|p2a: Raichu|Zap Cannon|p1a: Charizard
|-supereffective|p1a: Charizard|1
|-crit|p1a: Charizard
|-damage|p1a: Charizard|0 fnt
|faint|p1a: Charizard
|
|-weather|SunnyDay|[upkeep]
|upkeep
|
|t:|1784293872
|switch|p1a: Venusaur|Venusaur, L50, M|43/100
|turn|4
|
|t:|1784293894
|switch|p2a: Sylveon|Sylveon, L50, F, shiny|100/100
|move|p1a: Venusaur|Sleep Powder|p2b: Kingambit
|-status|p2b: Kingambit|slp|[from] move: Sleep Powder
|move|p1b: Archaludon|Dragon Pulse|p2a: Sylveon
|-immune|p2a: Sylveon
|cant|p2b: Kingambit|slp
|
|-weather|SunnyDay|[upkeep]
|upkeep
|turn|5
|
|t:|1784293909
|switch|p1a: Pelipper|Pelipper, L50, F|100/100
|-weather|RainDance|[from] ability: Drizzle|[of] p1a: Pelipper
|move|p1b: Archaludon|Electro Shot||[still]
|-prepare|p1b: Archaludon|Electro Shot
|-boost|p1b: Archaludon|spa|1
|-anim|p1b: Archaludon|Electro Shot|p2b: Kingambit
|-damage|p2b: Kingambit|31/100 slp
|cant|p2b: Kingambit|slp
|move|p2a: Sylveon|Hyper Voice|p1a: Pelipper|[spread] p1a,p1b
|-damage|p1a: Pelipper|48/100
|-damage|p1b: Archaludon|49/100
|-ability|p1b: Archaludon|Stamina|boost
|-boost|p1b: Archaludon|def|1
|-enditem|p1a: Pelipper|Sitrus Berry|[eat]
|-heal|p1a: Pelipper|73/100|[from] item: Sitrus Berry
|
|-weather|RainDance|[upkeep]
|-heal|p1b: Archaludon|55/100|[from] item: Leftovers
|upkeep
|turn|6
|
|t:|1784293932
|move|p1b: Archaludon|Protect|p1b: Archaludon
|-singleturn|p1b: Archaludon|Protect
|-curestatus|p2b: Kingambit|slp|[msg]
|move|p2b: Kingambit|Kowtow Cleave|p1a: Pelipper
|-damage|p1a: Pelipper|20/100y
|move|p1a: Pelipper|Tailwind|p1a: Pelipper
|-sidestart|p1: TheGamerVGC0023|move: Tailwind
|move|p2a: Sylveon|Hyper Beam|p1b: Archaludon
|-activate|p1b: Archaludon|move: Protect
|
|-weather|RainDance|[upkeep]
|-heal|p1b: Archaludon|61/100|[from] item: Leftovers
|upkeep
|turn|7
|
|t:|1784293951
|switch|p1a: Venusaur|Venusaur, L50, M|43/100
|move|p2b: Kingambit|Sucker Punch||[still]
|-fail|p2b: Kingambit
|move|p1b: Archaludon|Flash Cannon|p2a: Sylveon
|-supereffective|p2a: Sylveon|1
|-damage|p2a: Sylveon|12/100
|move|p2a: Sylveon|Hyper Beam|p1b: Archaludon
|-damage|p1b: Archaludon|0 fnt
|-mustrecharge|p2a: Sylveon
|faint|p1b: Archaludon
|
|-weather|RainDance|[upkeep]
|upkeep
|
|t:|1784293955
|switch|p1b: Pelipper|Pelipper, L50, F|20/100y
|turn|8
|-message|TheGamerVGC0023 forfeited.
|
|win|Lightoz
|raw|TheGamerVGC0023's rating: 1486 → 1468(-18 for losing)
|raw|Lightoz's rating: 1525 → 1543(+18 for winning)
|l|☆TheGamerVGC0023
|player|p1|
