|j|☆claudiusmaximus125
|j|☆jonen
|html|claudiusmaximus125jonen    
|uhtml|bestof|Game 1 of a best-of-3
|t:|1756540967
|gametype|doubles
|player|p1|claudiusmaximus125|ghetsis-gen5bw|1156
|player|p2|jonen|ruinmaniac-gen3|1227
|gen|9
|tier|[Gen 9] VGC 2025 Reg H (Bo3)
|rated|
|rule|Species Clause: Limit one of each Pokémon
|rule|Item Clause: Limit 1 of each item
|clearpoke
|poke|p1|Whimsicott, L50, M|
|poke|p1|Gholdengo, L50|
|poke|p1|Dragonite, L50, M|
|poke|p1|Ursaluna-Bloodmoon, L50, M|
|poke|p1|Incineroar, L50, M|
|poke|p1|Basculegion, L50, M|
|poke|p2|Garchomp, L50, M|
|poke|p2|Weezing-Galar, L50, F|
|poke|p2|Archaludon, L50, F|
|poke|p2|Gholdengo, L50|
|poke|p2|Talonflame, L50, M|
|poke|p2|Annihilape, L50, F|
|teampreview|4
|showteam|p1|Whimsicott||CovertCloak|Prankster|Moonblast,Tailwind,Taunt,LightScreen|||M|||50|,,,,,Water]Gholdengo||ChoiceSpecs|GoodasGold|MakeItRain,ShadowBall,Psychic,Thunderbolt||||||50|,,,,,Steel]Dragonite||LoadedDice|Multiscale|ScaleShot,TeraBlast,Haze,Protect|||M|||50|,,,,,Flying]Ursaluna-Bloodmoon||LifeOrb|MindsEye|BloodMoon,HyperVoice,EarthPower,Protect|||M|||50|,,,,,Normal]Incineroar||SafetyGoggles|Intimidate|KnockOff,FlareBlitz,PartingShot,FakeOut|||M|||50|,,,,,Ghost]Basculegion||ChoiceScarf|Adaptability|FlipTurn,LastRespects,WaveCrash,AquaJet|||M|||50|,,,,,Water
|showteam|p2|Garchomp||LifeOrb|RoughSkin|DragonClaw,Earthquake,StompingTantrum,Protect|||M|||50|,,,,,Ground]Weezing-Galar||FocusSash|NeutralizingGas|Protect,SludgeBomb,Taunt,StrangeSteam|||F|||50|,,,,,Flying]Archaludon||PowerHerb|Sturdy|ElectroShot,Thunderbolt,DracoMeteor,Protect|||F|||50|,,,,,Electric]Gholdengo||ChoiceSpecs|GoodasGold|ShadowBall,DazzlingGleam,PowerGem,MakeItRain||||||50|,,,,,Fairy]Talonflame||CovertCloak|GaleWings|Tailwind,DualWingbeat,WillOWisp,FlareBlitz|||M|||50|,,,,,Fairy]Annihilape||AssaultVest|Defiant|CloseCombat,RageFist,FinalGambit,IcePunch|||F|||50|,,,,,Grass
|
|t:|1756541016
|teamsize|p1|4
|teamsize|p2|4
|start
|switch|p1a: Basculegion|Basculegion, L50, M|100/100
|switch|p1b: Incineroar|Incineroar, L50, M, shiny|100/100
|switch|p2a: Weezing|Weezing-Galar, L50, F|100/100
|switch|p2b: Archaludon|Archaludon, L50, F|100/100
|-ability|p2a: Weezing|Neutralizing Gas
|turn|1
|inactive|Battle timer is ON: inactive players will automatically lose when time's up. (requested by jonen)
|
|t:|1756541072
|move|p2b: Archaludon|Protect|p2b: Archaludon
|-singleturn|p2b: Archaludon|Protect
|move|p2a: Weezing|Protect|p2a: Weezing
|-singleturn|p2a: Weezing|Protect
|move|p1a: Basculegion|Flip Turn|p2a: Weezing
|-activate|p2a: Weezing|move: Protect
|move|p1b: Incineroar|Parting Shot|p2b: Archaludon
|-activate|p2b: Archaludon|move: Protect
|
|upkeep
|turn|2
|
|t:|1756541087
|-end|p2a: Weezing|ability: Neutralizing Gas
|-ability|p1b: Incineroar|Intimidate|boost
|-unboost|p2a: Weezing|atk|1
|-unboost|p2b: Archaludon|atk|1
|switch|p2a: Garchomp|Garchomp, L50, M|100/100
|-terastallize|p2b: Archaludon|Electric
|move|p1a: Basculegion|Flip Turn|p2a: Garchomp
|-damage|p2a: Garchomp|58/100
|-damage|p1a: Basculegion|88/100|[from] ability: Rough Skin|[of] p2a: Garchomp
|
|t:|1756541097
|switch|p1a: Ursaluna|Ursaluna-Bloodmoon, L50, M|100/100|[from] Flip Turn
|move|p2b: Archaludon|Electro Shot||[still]
|-prepare|p2b: Archaludon|Electro Shot
|-boost|p2b: Archaludon|spa|1
|-enditem|p2b: Archaludon|Power Herb
|-anim|p2b: Archaludon|Electro Shot|p1b: Incineroar
|-damage|p1b: Incineroar|18/100
|move|p1b: Incineroar|Parting Shot|p2b: Archaludon
|-unboost|p2b: Archaludon|atk|1
|-unboost|p2b: Archaludon|spa|1
|
|t:|1756541114
|switch|p1b: Whimsicott|Whimsicott, L50, M, shiny|100/100|[from] Parting Shot
|
|upkeep
|turn|3
|inactive|claudiusmaximus125 has 30 seconds left.
|inactive|jonen has 30 seconds left.
|inactive|claudiusmaximus125 has 20 seconds left.
|inactive|claudiusmaximus125 has 15 seconds left.
|
|t:|1756541158
|switch|p2a: Weezing|Weezing-Galar, L50, F|100/100
|-ability|p2a: Weezing|Neutralizing Gas
|switch|p2b: Annihilape|Annihilape, L50, F|100/100
|move|p1a: Ursaluna|Protect|p1a: Ursaluna
|-singleturn|p1a: Ursaluna|Protect
|move|p1b: Whimsicott|Light Screen|p1b: Whimsicott
|-sidestart|p1: claudiusmaximus125|move: Light Screen
|
|upkeep
|turn|4
|inactive|claudiusmaximus125 has 30 seconds left.
|inactive|claudiusmaximus125 has 20 seconds left.
|inactive|claudiusmaximus125 has 15 seconds left.
|inactive|claudiusmaximus125 has 10 seconds left.
|
|t:|1756541207
|switch|p1a: Basculegion|Basculegion, L50, M|88/100
|move|p1b: Whimsicott|Moonblast|p2b: Annihilape
|-supereffective|p2b: Annihilape
|-damage|p2b: Annihilape|64/100
|move|p2b: Annihilape|Close Combat|p1a: Basculegion
|-immune|p1a: Basculegion
|move|p2a: Weezing|Sludge Bomb|p1b: Whimsicott
|-supereffective|p1b: Whimsicott
|-damage|p1b: Whimsicott|0 fnt
|faint|p1b: Whimsicott
|
|upkeep
|
|t:|1756541231
|switch|p1b: Ursaluna|Ursaluna-Bloodmoon, L50, M|100/100
|turn|5
|
|t:|1756541249
|move|p2a: Weezing|Protect|p2a: Weezing
|-singleturn|p2a: Weezing|Protect
|move|p1a: Basculegion|Last Respects|p2b: Annihilape
|-supereffective|p2b: Annihilape
|-damage|p2b: Annihilape|0 fnt
|faint|p2b: Annihilape
|move|p1b: Ursaluna|Earth Power|p2a: Weezing
|-activate|p2a: Weezing|move: Protect
|
|upkeep
|
|t:|1756541259
|switch|p2b: Archaludon|Archaludon, L50, F, tera:Electric|100/100
|turn|6
|
|t:|1756541280
|switch|p1a: Incineroar|Incineroar, L50, M, shiny|18/100
|-terastallize|p1b: Ursaluna|Normal
|move|p2b: Archaludon|Thunderbolt|p1a: Incineroar
|-damage|p1a: Incineroar|0 fnt
|faint|p1a: Incineroar
|move|p2a: Weezing|Strange Steam|p1b: Ursaluna
|-damage|p1b: Ursaluna|65/100
|move|p1b: Ursaluna|Hyper Voice|p2b: Archaludon|[spread] p2a,p2b
|-enditem|p2a: Weezing|Focus Sash
|-damage|p2a: Weezing|1/100
|-damage|p2b: Archaludon|0 fnt
|faint|p2b: Archaludon
|-damage|p1b: Ursaluna|55/100|[from] item: Life Orb
|
|upkeep
|
|t:|1756541294
|switch|p2b: Garchomp|Garchomp, L50, M|58/100
|switch|p1a: Basculegion|Basculegion, L50, M|88/100
|turn|7
|
|t:|1756541301
|move|p2b: Garchomp|Protect|p2b: Garchomp
|-singleturn|p2b: Garchomp|Protect
|move|p1a: Basculegion|Last Respects|p2b: Garchomp
|-activate|p2b: Garchomp|move: Protect
|move|p2a: Weezing|Sludge Bomb|p1b: Ursaluna
|-crit|p1b: Ursaluna
|-damage|p1b: Ursaluna|0 fnt
|faint|p1b: Ursaluna
|
|-sideend|p1: claudiusmaximus125|move: Light Screen
|upkeep
|turn|8
|
|t:|1756541317
|move|p2b: Garchomp|Protect||[still]
|-fail|p2b: Garchomp
|move|p1a: Basculegion|Last Respects|p2b: Garchomp
|-damage|p2b: Garchomp|0 fnt
|faint|p2b: Garchomp
|move|p2a: Weezing|Strange Steam|p1a: Basculegion
|-damage|p1a: Basculegion|47/100
|
|upkeep
|turn|9
|
|t:|1756541326
|move|p1a: Basculegion|Last Respects|p2a: Weezing
|-damage|p2a: Weezing|0 fnt
|faint|p2a: Weezing
|-end|p2a: Weezing|ability: Neutralizing Gas
|
|win|claudiusmaximus125
