|j|☆Chandeliere
|j|☆Jakobtc
|html|ChandeliereJakobtc    
|uhtml|bestof|Game 1 of a best-of-3
|t:|1756519024
|gametype|doubles
|player|p1|Chandeliere|ethan|1062
|player|p2|Jakobtc|riley|1128
|gen|9
|tier|[Gen 9] VGC 2025 Reg H (Bo3)
|rated|
|rule|Species Clause: Limit one of each Pokémon
|rule|Item Clause: Limit 1 of each item
|clearpoke
|poke|p1|Incineroar, L50, M|
|poke|p1|Dragonite, L50, F|
|poke|p1|Porygon2, L50|
|poke|p1|Ursaluna-Bloodmoon, L50, M|
|poke|p1|Ninetales-Alola, L50, M|
|poke|p1|Annihilape, L50, M|
|poke|p2|Tyranitar, L50, F|
|poke|p2|Excadrill, L50, F|
|poke|p2|Reuniclus, L50, M|
|poke|p2|Indeedee-F, L50, F|
|poke|p2|Incineroar, L50, F|
|poke|p2|Kommo-o, L50, M|
|teampreview|4
|showteam|p1|Incineroar||ChopleBerry|Intimidate|FlareBlitz,KnockOff,FakeOut,PartingShot|||M|||50|,,,,,Grass]Dragonite||LoadedDice|Multiscale|ScaleShot,Tailwind,Haze,Protect|||F|||50|,,,,,Steel]Porygon2||Eviolite|Download|TeraBlast,IceBeam,Recover,TrickRoom||||||50|,,,,,Fighting]Ursaluna-Bloodmoon||AssaultVest|MindsEye|HyperVoice,BloodMoon,VacuumWave,EarthPower|||M|||50|,,,,,Water]Ninetales-Alola||LightClay|SnowWarning|IcicleSpear,Encore,IcyWind,AuroraVeil|||M|||50|,,,,,Ghost]Annihilape||SafetyGoggles|Defiant|DrainPunch,RageFist,BulkUp,Protect|||M|||50|,,,,,Fire
|showteam|p2|Tyranitar||AssaultVest|SandStream|RockSlide,KnockOff,LowKick,TeraBlast|||F|||50|,,,,,Flying]Excadrill||FocusSash|SandRush|HighHorsepower,IronHead,RockSlide,Protect|||F|||50|,,,,,Ground]Reuniclus||LifeOrb|MagicGuard|ExpandingForce,TeraBlast,TrickRoom,Protect|||M|||50|,,,,,Fighting]Indeedee-F||PsychicSeed|PsychicSurge|FollowMe,HealPulse,TrickRoom,DazzlingGleam|||F|||50|,,,,,Water]Incineroar||SafetyGoggles|Intimidate|FakeOut,FlareBlitz,KnockOff,PartingShot|||F|||50|,,,,,Ghost]Kommo-o||ThroatSpray|Overcoat|ClangingScales,AuraSphere,ClangorousSoul,Protect|||M|||50|,,,,,Steel
|j| bunii on spotify
|inactive|Battle timer is ON: inactive players will automatically lose when time's up. (requested by Jakobtc)
|
|t:|1756519087
|teamsize|p1|4
|teamsize|p2|4
|start
|switch|p1a: Incineroar|Incineroar, L50, M|100/100
|switch|p1b: Ursaluna|Ursaluna-Bloodmoon, L50, M|100/100
|switch|p2a: Kommo-o|Kommo-o, L50, M|100/100
|switch|p2b: Indeedee|Indeedee-F, L50, F|100/100
|-ability|p1a: Incineroar|Intimidate|boost
|-unboost|p2a: Kommo-o|atk|1
|-unboost|p2b: Indeedee|atk|1
|-fieldstart|move: Psychic Terrain|[from] ability: Psychic Surge|[of] p2b: Indeedee
|-enditem|p2b: Indeedee|Psychic Seed
|-boost|p2b: Indeedee|spd|1|[from] item: Psychic Seed
|turn|1
|
|t:|1756519112
|move|p2a: Kommo-o|Clangorous Soul|p2a: Kommo-o
|-boost|p2a: Kommo-o|atk|1
|-boost|p2a: Kommo-o|def|1
|-boost|p2a: Kommo-o|spa|1
|-boost|p2a: Kommo-o|spd|1
|-boost|p2a: Kommo-o|spe|1
|-damage|p2a: Kommo-o|68/100
|-enditem|p2a: Kommo-o|Throat Spray
|-boost|p2a: Kommo-o|spa|1|[from] item: Throat Spray
|move|p1a: Incineroar|Knock Off|p2b: Indeedee
|-supereffective|p2b: Indeedee
|-damage|p2b: Indeedee|46/100
|move|p1b: Ursaluna|Hyper Voice|p2b: Indeedee|[spread] p2a,p2b
|-damage|p2a: Kommo-o|44/100
|-damage|p2b: Indeedee|22/100
|move|p2b: Indeedee|Heal Pulse|p2a: Kommo-o
|-heal|p2a: Kommo-o|94/100
|
|upkeep
|turn|2
|inactive|Jakobtc has 30 seconds left.
|
|t:|1756519141
|-terastallize|p1b: Ursaluna|Water
|move|p2b: Indeedee|Follow Me|p2b: Indeedee
|-singleturn|p2b: Indeedee|move: Follow Me
|move|p2a: Kommo-o|Aura Sphere|p1a: Incineroar
|-supereffective|p1a: Incineroar
|-enditem|p1a: Incineroar|Chople Berry|[eat]
|-enditem|p1a: Incineroar|Chople Berry|[weaken]
|-damage|p1a: Incineroar|39/100
|move|p1a: Incineroar|Knock Off|p2b: Indeedee
|-supereffective|p2b: Indeedee
|-damage|p2b: Indeedee|0 fnt
|faint|p2b: Indeedee
|move|p1b: Ursaluna|Blood Moon|p2a: Kommo-o
|-damage|p2a: Kommo-o|47/100
|
|upkeep
|
|t:|1756519160
|switch|p2b: Tyranitar|Tyranitar, L50, F|100/100
|-weather|Sandstorm|[from] ability: Sand Stream|[of] p2b: Tyranitar
|turn|3
|
|t:|1756519176
|switch|p1a: Ninetales|Ninetales-Alola, L50, M|100/100
|-weather|Snowscape|[from] ability: Snow Warning|[of] p1a: Ninetales
|move|p2a: Kommo-o|Clanging Scales|p1a: Ninetales|[spread] p1b
|-immune|p1a: Ninetales
|-damage|p1b: Ursaluna|44/100
|-unboost|p2a: Kommo-o|def|1
|move|p1b: Ursaluna|Earth Power|p2b: Tyranitar
|-supereffective|p2b: Tyranitar
|-damage|p2b: Tyranitar|48/100
|move|p2b: Tyranitar|Rock Slide|p1a: Ninetales|[spread] p1a,p1b
|-supereffective|p1a: Ninetales
|-damage|p1a: Ninetales|47/100
|-damage|p1b: Ursaluna|21/100
|
|-weather|Snowscape|[upkeep]
|upkeep
|turn|4
|inactive|Chandeliere has 30 seconds left.
|inactive|Jakobtc has 30 seconds left.
|inactive|Jakobtc has 20 seconds left.
|inactive|Jakobtc has 15 seconds left.
|inactive|Chandeliere has 20 seconds left.
|
|t:|1756519225
|switch|p2b: Excadrill|Excadrill, L50, F|100/100
|-terastallize|p2a: Kommo-o|Steel
|move|p2a: Kommo-o|Aura Sphere|p1a: Ninetales
|-damage|p1a: Ninetales|0 fnt
|faint|p1a: Ninetales
|move|p1b: Ursaluna|Earth Power|p2b: Excadrill
|-supereffective|p2b: Excadrill
|-crit|p2b: Excadrill
|-enditem|p2b: Excadrill|Focus Sash
|-damage|p2b: Excadrill|1/100
|
|-weather|Snowscape|[upkeep]
|upkeep
|j| We_Are_Toasted
|
|t:|1756519238
|switch|p1a: Incineroar|Incineroar, L50, M|39/100
|-ability|p1a: Incineroar|Intimidate|boost
|-unboost|p2a: Kommo-o|atk|1
|-unboost|p2b: Excadrill|atk|1
|turn|5
|
|t:|1756519254
|move|p1a: Incineroar|Fake Out|p2a: Kommo-o
|-activate|p2a: Kommo-o|move: Psychic Terrain
|move|p1b: Ursaluna|Vacuum Wave|p2b: Excadrill
|-activate|p2b: Excadrill|move: Psychic Terrain
|move|p2a: Kommo-o|Clanging Scales|p1b: Ursaluna|[spread] p1a,p1b
|-damage|p1a: Incineroar|0 fnt
|-damage|p1b: Ursaluna|0 fnt
|faint|p1a: Incineroar
|faint|p1b: Ursaluna
|-unboost|p2a: Kommo-o|def|1
|move|p2b: Excadrill|Rock Slide|p1: Incineroar|[notarget]
|-fail|p2b: Excadrill
|
|-weather|Snowscape|[upkeep]
|-fieldend|move: Psychic Terrain
|upkeep
|c|☆Chandeliere|oops!
|
|t:|1756519277
|switch|p1b: Annihilape|Annihilape, L50, M|100/100
|turn|6
|c|☆Jakobtc|lol it happens
|
|t:|1756519293
|switch|p2b: Tyranitar|Tyranitar, L50, F|48/100
|-weather|Sandstorm|[from] ability: Sand Stream|[of] p2b: Tyranitar
|move|p2a: Kommo-o|Protect|p2a: Kommo-o
|-singleturn|p2a: Kommo-o|Protect
|move|p1b: Annihilape|Drain Punch|p2a: Kommo-o
|-activate|p2a: Kommo-o|move: Protect
|
|-weather|Sandstorm|[upkeep]
|upkeep
|turn|7
|c|☆Chandeliere|rough day on ladder tbh lol
|c|☆Jakobtc|same here lol
|
|t:|1756519307
|move|p2a: Kommo-o|Clanging Scales|p1b: Annihilape
|-crit|p1b: Annihilape
|-damage|p1b: Annihilape|0 fnt
|faint|p1b: Annihilape
|
|win|Jakobtc
||Chandeliere is ready for game 2.
|c|☆Jakobtc|0-4 with this team
|inactive|Jakobtc has 30 seconds to confirm battle start!
||Jakobtc is ready for game 2.
|uhtml|next|Next: Game 2 of 3
|l| We_Are_Toasted
