|j|☆GenG Fan
|j|☆Crystneel
|html|GenG FanCrystneel    
|uhtml|bestof|Game 1 of a best-of-3
|t:|1757171084
|gametype|doubles
|player|p1|GenG Fan|cynthia-gen4|1262
|player|p2|Crystneel|ethan|1182
|gen|9
|tier|[Gen 9] VGC 2025 Reg H (Bo3)
|rated|
|rule|Species Clause: Limit one of each Pokémon
|rule|Item Clause: Limit 1 of each item
|clearpoke
|poke|p1|Hatterene, L50, F|
|poke|p1|Indeedee-F, L50, F|
|poke|p1|Torkoal, L50, F|
|poke|p1|Lilligant-Hisui, L50, F|
|poke|p1|Ursaluna, L50, F|
|poke|p1|Gallade, L50, M|
|poke|p2|Volcarona, L50, F|
|poke|p2|Electabuzz, L50, F|
|poke|p2|Sneasler, L50, M|
|poke|p2|Rillaboom, L50, F|
|poke|p2|Dragonite, L50, F|
|poke|p2|Ursaluna-Bloodmoon, L50, M|
|teampreview|4
|showteam|p1|Hatterene||LifeOrb|MagicBounce|ExpandingForce,DazzlingGleam,TrickRoom,Protect|||F|||50|,,,,,Water]Indeedee-F||RockyHelmet|PsychicSurge|Psychic,FollowMe,TrickRoom,HelpingHand|||F|||50|,,,,,Grass]Torkoal||Charcoal|Drought|Eruption,WeatherBall,EarthPower,Protect|||F|||50|,,,,,Fire]Lilligant-Hisui||FocusSash|Chlorophyll|SolarBlade,CloseCombat,SleepPowder,AfterYou|||F|||50|,,,,,Ghost]Ursaluna||FlameOrb|Guts|Facade,HeadlongRush,Earthquake,Protect|||F|||50|,,,,,Ghost]Gallade||ClearAmulet|Sharpness|SacredSword,PsychoCut,TrickRoom,WideGuard|||M|||50|,,,,,Grass
|showteam|p2|Volcarona||Leftovers|FlameBody|FieryDance,QuiverDance,GigaDrain,Protect|||F|||50|,,,,,Water]Electabuzz||Eviolite|Static|FollowMe,Electroweb,VoltSwitch,Taunt|||F|||50|,,,,,Fairy]Sneasler||GrassySeed|Unburden|DireClaw,CloseCombat,ThroatChop,Protect|||M|||50|,,,,,Dark]Rillaboom||AssaultVest|GrassySurge|FakeOut,GrassyGlide,WoodHammer,Uturn|||F|||50|,,,,,Fire]Dragonite||LoadedDice|Multiscale|ExtremeSpeed,ScaleShot,IceSpinner,LowKick|||F|||50|,,,,,Normal]Ursaluna-Bloodmoon||ThroatSpray|MindsEye|BloodMoon,HyperVoice,EarthPower,Protect|||M|||50|,,,,,Poison
|
|t:|1757171125
|teamsize|p1|4
|teamsize|p2|4
|start
|switch|p1a: Indeedee|Indeedee-F, L50, F|100/100
|switch|p1b: Hatterene|Hatterene, L50, F|100/100
|switch|p2a: Volcarona|Volcarona, L50, F|100/100
|switch|p2b: Ursaluna|Ursaluna-Bloodmoon, L50, M|100/100
|-fieldstart|move: Psychic Terrain|[from] ability: Psychic Surge|[of] p1a: Indeedee
|turn|1
|inactive|Battle timer is ON: inactive players will automatically lose when time's up. (requested by Crystneel)
|
|t:|1757171155
|move|p1a: Indeedee|Follow Me|p1a: Indeedee
|-singleturn|p1a: Indeedee|move: Follow Me
|move|p2a: Volcarona|Fiery Dance|p1a: Indeedee
|-damage|p1a: Indeedee|63/100
|move|p2b: Ursaluna|Hyper Voice|p1a: Indeedee|[spread] p1a,p1b
|-damage|p1a: Indeedee|25/100
|-damage|p1b: Hatterene|53/100
|-enditem|p2b: Ursaluna|Throat Spray
|-boost|p2b: Ursaluna|spa|1|[from] item: Throat Spray
|move|p1b: Hatterene|Trick Room|p1b: Hatterene
|-fieldstart|move: Trick Room|[of] p1b: Hatterene
|
|upkeep
|turn|2
|
|t:|1757171169
|move|p2a: Volcarona|Protect|p2a: Volcarona
|-singleturn|p2a: Volcarona|Protect
|move|p1a: Indeedee|Follow Me|p1a: Indeedee
|-singleturn|p1a: Indeedee|move: Follow Me
|move|p1b: Hatterene|Expanding Force|p2b: Ursaluna|[spread] p2b
|-activate|p2a: Volcarona|move: Protect
|-damage|p2b: Ursaluna|1/100
|-damage|p1b: Hatterene|43/100|[from] item: Life Orb
|move|p2b: Ursaluna|Hyper Voice|p1b: Hatterene|[spread] p1a,p1b
|-damage|p1a: Indeedee|0 fnt
|-damage|p1b: Hatterene|0 fnt
|faint|p1a: Indeedee
|faint|p1b: Hatterene
|
|upkeep
|
|t:|1757171182
|switch|p1b: Ursaluna|Ursaluna, L50, F|100/100
|switch|p1a: Torkoal|Torkoal, L50, F|100/100
|-weather|SunnyDay|[from] ability: Drought|[of] p1a: Torkoal
|turn|3
|inactive|GenG Fan has 30 seconds left.
|
|t:|1757171207
|switch|p2b: Rillaboom|Rillaboom, L50, F|100/100
|-fieldstart|move: Grassy Terrain|[from] ability: Grassy Surge|[of] p2b: Rillaboom
|-terastallize|p2a: Volcarona|Water
|move|p1a: Torkoal|Eruption|p2b: Rillaboom|[spread] p2a,p2b
|-resisted|p2a: Volcarona
|-supereffective|p2b: Rillaboom
|-crit|p2b: Rillaboom
|-damage|p2a: Volcarona|65/100
|-damage|p2b: Rillaboom|0 fnt
|faint|p2b: Rillaboom
|move|p1b: Ursaluna|Facade|p2a: Volcarona
|-damage|p2a: Volcarona|13/100
|move|p2a: Volcarona|Fiery Dance|p1a: Torkoal
|-resisted|p1a: Torkoal
|-damage|p1a: Torkoal|67/100
|
|-weather|SunnyDay|[upkeep]
|-heal|p1a: Torkoal|73/100|[from] Grassy Terrain
|-heal|p2a: Volcarona|19/100|[from] Grassy Terrain
|-heal|p2a: Volcarona|25/100|[from] item: Leftovers
|-status|p1b: Ursaluna|brn|[from] item: Flame Orb
|upkeep
|
|t:|1757171232
|switch|p2b: Ursaluna|Ursaluna-Bloodmoon, L50, M|1/100
|turn|4
|
|t:|1757171246
|move|p2a: Volcarona|Protect|p2a: Volcarona
|-singleturn|p2a: Volcarona|Protect
|move|p1a: Torkoal|Eruption|p2b: Ursaluna|[spread] p2b
|-activate|p2a: Volcarona|move: Protect
|-damage|p2b: Ursaluna|0 fnt
|faint|p2b: Ursaluna
|move|p1b: Ursaluna|Facade|p2a: Volcarona
|-activate|p2a: Volcarona|move: Protect
|
|-weather|SunnyDay|[upkeep]
|-heal|p1a: Torkoal|79/100|[from] Grassy Terrain
|-heal|p2a: Volcarona|30/100|[from] Grassy Terrain
|-heal|p2a: Volcarona|36/100|[from] item: Leftovers
|-damage|p1b: Ursaluna|94/100 brn|[from] brn
|upkeep
|
|t:|1757171258
|switch|p2b: Electabuzz|Electabuzz, L50, F|100/100
|turn|5
|inactive|Crystneel has 30 seconds left.
|
|t:|1757171286
|-terastallize|p1a: Torkoal|Fire
|move|p2b: Electabuzz|Follow Me|p2b: Electabuzz
|-singleturn|p2b: Electabuzz|move: Follow Me
|move|p1a: Torkoal|Eruption|p2b: Electabuzz|[spread] p2a,p2b
|-resisted|p2a: Volcarona
|-damage|p2a: Volcarona|0 fnt
|-damage|p2b: Electabuzz|40/100
|faint|p2a: Volcarona
|move|p1b: Ursaluna|Facade|p2b: Electabuzz
|-damage|p2b: Electabuzz|0 fnt
|faint|p2b: Electabuzz
|
|win|GenG Fan
||GenG Fan is ready for game 2.
