|j|☆new mental
|j|☆ultraclaw1
|html|new mentalultraclaw1    
|uhtml|bestof|Game 2 of a best-of-3
|t:|1784923598
|gametype|doubles
|player|p1|new mental|volkner|1372
|player|p2|ultraclaw1|brycenman|1473
|gen|9
|tier|[Gen 9 Champions] VGC 2026 Reg M-B (Bo3)
|rated|
|rule|Species Clause: Limit one of each Pokémon
|rule|Item Clause: Limit 1 of each item
|clearpoke
|poke|p1|Charizard, L50, F|
|poke|p1|Garchomp, L50, M|
|poke|p1|Incineroar, L50, F|
|poke|p1|Venusaur, L50, F|
|poke|p1|Toxapex, L50, M|
|poke|p1|Sylveon, L50, F|
|poke|p2|Maushold, L50|
|poke|p2|Kingambit, L50, M|
|poke|p2|Garchomp, L50, M|
|poke|p2|Basculegion, L50, M|
|poke|p2|Talonflame, L50, F|
|poke|p2|Floette-Eternal, L50, F|
|teampreview|4
|showteam|p1|Charizard||CharizarditeY|SolarPower|WeatherBall,HeatWave,AncientPower,Protect|Modest||F|||50|]Garchomp||ChoiceScarf|RoughSkin|RockSlide,DragonClaw,Earthquake,StompingTantrum|Adamant||M|||50|]Incineroar||SitrusBerry|Intimidate|FlareBlitz,FakeOut,DarkestLariat,PartingShot|Impish||F|||50|]Venusaur||LifeOrb|Chlorophyll|SludgeBomb,LeafStorm,EarthPower,Protect|Modest||F|||50|]Toxapex||Leftovers|Regenerator|Infestation,Toxic,WideGuard,BanefulBunker|Bold||M|||50|]Sylveon||FairyFeather|Pixilate|HyperVoice,QuickAttack,Yawn,Detect|Modest||F|||50|
|showteam|p2|Maushold||FocusSash|FriendGuard|SuperFang,Taunt,FollowMe,Protect|Timid|||||50|]Kingambit||ChopleBerry|Defiant|KowtowCleave,SuckerPunch,LowKick,IronHead|Adamant||M|||50|]Garchomp||LifeOrb|RoughSkin|RockSlide,Earthquake,DragonClaw,Protect|Jolly||M|||50|]Basculegion||MysticWater|Adaptability|WaveCrash,LastRespects,AquaJet,Protect|Adamant||M|||50|]Talonflame||SharpBeak|GaleWings|QuickGuard,DualWingbeat,Tailwind,Protect|Jolly||F|||50|]Floette-Eternal||Floettite|FlowerVeil|LightofRuin,Protect,Moonblast,DazzlingGleam|Modest||F|||50|
|inactive|Battle timer is ON: inactive players will automatically lose when time's up. (requested by ultraclaw1)
|inactive|ultraclaw1 has 60 seconds left.
|inactive|ultraclaw1 has 30 seconds left.
|
|t:|1784923659
|teamsize|p1|4
|teamsize|p2|4
|start
|switch|p1a: Incineroar|Incineroar, L50, F|100/100
|switch|p1b: Sylveon|Sylveon, L50, F|100/100
|switch|p2a: Garchomp|Garchomp, L50, M|100/100
|switch|p2b: Floette|Floette-Eternal, L50, F|100/100
|-ability|p1a: Incineroar|Intimidate|boost
|-unboost|p2a: Garchomp|atk|1
|-unboost|p2b: Floette|atk|1
|turn|1
|
|t:|1784923672
|move|p2a: Garchomp|Protect|p2a: Garchomp
|-singleturn|p2a: Garchomp|Protect
|move|p2b: Floette|Protect|p2b: Floette
|-singleturn|p2b: Floette|Protect
|move|p1a: Incineroar|Fake Out|p2b: Floette
|-activate|p2b: Floette|move: Protect
|move|p1b: Sylveon|Hyper Voice|p2b: Floette|[spread] 
|-activate|p2a: Garchomp|move: Protect
|-activate|p2b: Floette|move: Protect
|
|upkeep
|turn|2
|
|t:|1784923687
|detailschange|p2b: Floette|Floette-Mega, L50, F
|-mega|p2b: Floette|Floette|Floettite
|-ability|p2b: Floette|Fairy Aura
|move|p2a: Garchomp|Rock Slide|p1b: Sylveon|[spread] p1a,p1b
|-supereffective|p1a: Incineroar|1
|-damage|p1a: Incineroar|76/100
|-damage|p1b: Sylveon|84/100
|-damage|p2a: Garchomp|90/100|[from] item: Life Orb
|move|p2b: Floette|Light of Ruin|p1b: Sylveon
|-damage|p1b: Sylveon|0 fnt
|faint|p1b: Sylveon
|-damage|p2b: Floette|47/100|[from] Recoil
|move|p1a: Incineroar|Parting Shot|p2a: Garchomp
|-unboost|p2a: Garchomp|atk|1
|-unboost|p2a: Garchomp|spa|1
|
|t:|1784923697
|switch|p1a: Toxapex|Toxapex, L50, M|100/100|[from] Parting Shot
|
|upkeep
|
|t:|1784923698
|switch|p1b: Incineroar|Incineroar, L50, F|76/100
|-ability|p1b: Incineroar|Intimidate|boost
|-unboost|p2a: Garchomp|atk|1
|-unboost|p2b: Floette|atk|1
|turn|3
|
|t:|1784923703
|switch|p2a: Talonflame|Talonflame, L50, F|100/100
|move|p2b: Floette|Protect|p2b: Floette
|-singleturn|p2b: Floette|Protect
|move|p1b: Incineroar|Fake Out|p2a: Talonflame
|-damage|p2a: Talonflame|84/100
|move|p1a: Toxapex|Infestation|p2b: Floette
|-activate|p2b: Floette|move: Protect
|
|upkeep
|turn|4
|
|t:|1784923709
|switch|p1b: Charizard|Charizard, L50, F|100/100
|move|p2a: Talonflame|Dual Wingbeat|p1b: Charizard
|-damage|p1b: Charizard|83/100
|-damage|p1b: Charizard|66/100
|-hitcount|p1b: Charizard|2
|move|p2b: Floette|Light of Ruin|p1b: Charizard
|-resisted|p1b: Charizard|1
|-damage|p1b: Charizard|0 fnt
|faint|p1b: Charizard
|-damage|p2b: Floette|6/100|[from] Recoil
|move|p1a: Toxapex|Infestation|p2a: Talonflame
|-resisted|p2a: Talonflame|2
|-damage|p2a: Talonflame|83/100
|-activate|p2a: Talonflame|move: Infestation|[of] p1a: Toxapex
|
|-damage|p2a: Talonflame|70/100|[from] move: Infestation|[partiallytrapped]
|upkeep
|
|t:|1784923712
|switch|p1b: Incineroar|Incineroar, L50, F|76/100
|-ability|p1b: Incineroar|Intimidate|boost
|-unboost|p2a: Talonflame|atk|1
|-unboost|p2b: Floette|atk|1
|turn|5
|
|t:|1784923721
|move|p2a: Talonflame|Protect|p2a: Talonflame
|-singleturn|p2a: Talonflame|Protect
|move|p2b: Floette|Protect|p2b: Floette
|-singleturn|p2b: Floette|Protect
|move|p1b: Incineroar|Fake Out|p2b: Floette
|-activate|p2b: Floette|move: Protect
|move|p1a: Toxapex|Infestation|p2b: Floette
|-activate|p2b: Floette|move: Protect
|
|-damage|p2a: Talonflame|58/100|[from] move: Infestation|[partiallytrapped]
|upkeep
|turn|6
|
|t:|1784923727
|move|p2a: Talonflame|Dual Wingbeat|p1b: Incineroar
|-damage|p1b: Incineroar|67/100
|-damage|p1b: Incineroar|58/100
|-hitcount|p1b: Incineroar|2
|move|p2b: Floette|Moonblast|p1b: Incineroar
|-damage|p1b: Incineroar|0 fnt
|faint|p1b: Incineroar
|move|p1a: Toxapex|Infestation|p2b: Floette
|-resisted|p2b: Floette|1
|-damage|p2b: Floette|5/100
|-activate|p2b: Floette|move: Infestation|[of] p1a: Toxapex
|
|-damage|p2a: Talonflame|46/100|[from] move: Infestation|[partiallytrapped]
|-damage|p2b: Floette|0 fnt|[from] move: Infestation|[partiallytrapped]
|faint|p2b: Floette
|upkeep
|
|t:|1784923734
|switch|p2b: Garchomp|Garchomp, L50, M|90/100
|turn|7
|
|t:|1784923741
|move|p2a: Talonflame|Dual Wingbeat|p1a: Toxapex
|-damage|p1a: Toxapex|92/100
|-damage|p1a: Toxapex|84/100
|-hitcount|p1a: Toxapex|2
|move|p2b: Garchomp|Earthquake|p1a: Toxapex|[spread] p1a
|-immune|p2a: Talonflame
|-supereffective|p1a: Toxapex|1
|-damage|p1a: Toxapex|17/100
|-damage|p2b: Garchomp|80/100|[from] item: Life Orb
|move|p1a: Toxapex|Toxic|p2b: Garchomp
|-status|p2b: Garchomp|tox
|
|-heal|p1a: Toxapex|23/100|[from] item: Leftovers
|-damage|p2b: Garchomp|74/100 tox|[from] psn
|-damage|p2a: Talonflame|34/100|[from] move: Infestation|[partiallytrapped]
|upkeep
|turn|8
|
|t:|1784923747
|move|p1a: Toxapex|Baneful Bunker|p1a: Toxapex
|-singleturn|p1a: Toxapex|move: Protect
|move|p2a: Talonflame|Tailwind|p2a: Talonflame
|-sidestart|p2: ultraclaw1|move: Tailwind
|move|p2b: Garchomp|Dragon Claw|p1a: Toxapex
|-activate|p1a: Toxapex|move: Protect
|
|-heal|p1a: Toxapex|29/100|[from] item: Leftovers
|-damage|p2b: Garchomp|62/100 tox|[from] psn
|-damage|p2a: Talonflame|21/100|[from] move: Infestation|[partiallytrapped]
|upkeep
|turn|9
|
|t:|1784923758
|move|p1a: Toxapex|Baneful Bunker|p1a: Toxapex
|-singleturn|p1a: Toxapex|move: Protect
|move|p2a: Talonflame|Dual Wingbeat|p1a: Toxapex
|-activate|p1a: Toxapex|move: Protect
|-status|p2a: Talonflame|psn
|move|p2b: Garchomp|Dragon Claw|p1a: Toxapex
|-activate|p1a: Toxapex|move: Protect
|
|-heal|p1a: Toxapex|35/100|[from] item: Leftovers
|-damage|p2a: Talonflame|9/100 psn|[from] psn
|-damage|p2b: Garchomp|44/100 tox|[from] psn
|-end|p2a: Talonflame|Infestation|[partiallytrapped]
|upkeep
|turn|10
|
|t:|1784923772
|move|p1a: Toxapex|Baneful Bunker||[still]
|-fail|p1a: Toxapex
|move|p2a: Talonflame|Dual Wingbeat|p1a: Toxapex
|-damage|p1a: Toxapex|26/100
|-damage|p1a: Toxapex|18/100
|-hitcount|p1a: Toxapex|2
|move|p2b: Garchomp|Dragon Claw|p1a: Toxapex
|-damage|p1a: Toxapex|0 fnt
|faint|p1a: Toxapex
|-damage|p2b: Garchomp|35/100 tox|[from] item: Life Orb
|
|win|ultraclaw1
|raw|new mental's rating: 1372 → 1358(-14 for losing)
|raw|ultraclaw1's rating: 1473 → 1487(+14 for winning)
