|j|Ōśågabblegoat
|j|Ōśåimsavusnic
|html|gabblegoatimsavusnic    
|uhtml|bestof|Game 2 of a best-of-3
|t:|1784824303
|gametype|doubles
|player|p1|gabblegoat|flannery|1245
|player|p2|imsavusnic|boarder|1154
|gen|9
|tier|[Gen 9 Champions] VGC 2026 Reg M-B (Bo3)
|rated|
|rule|Species Clause: Limit one of each Pok├®mon
|rule|Item Clause: Limit 1 of each item
|clearpoke
|poke|p1|Gardevoir, L50, M|
|poke|p1|Blaziken, L50, F|
|poke|p1|Kingambit, L50, M|
|poke|p1|Aerodactyl, L50, F|
|poke|p1|Sinistcha, L50|
|poke|p1|Farigiraf, L50, F|
|poke|p2|Charizard, L50, F|
|poke|p2|Grimmsnarl, L50, M|
|poke|p2|Pelipper, L50, F|
|poke|p2|Archaludon, L50, M|
|poke|p2|Basculegion, L50, M|
|poke|p2|Venusaur, L50, M|
|teampreview|4
|showteam|p1|Gardevoir||Gardevoirite|Trace|Psychic,HyperVoice,Thunderbolt,Protect|Timid||M|||50|]Blaziken||Blazikenite|SpeedBoost|CloseCombat,FlareBlitz,RockSlide,Protect|Adamant||F|||50|]Kingambit||BlackGlasses|Defiant|KowtowCleave,SuckerPunch,IronHead,Protect|Adamant||M|||50|]Aerodactyl||FocusSash|Unnerve|DualWingbeat,RockSlide,Tailwind,Protect|Jolly||F|||50|]Sinistcha||ColburBerry|Hospitality|MatchaGotcha,RagePowder,TrickRoom,Protect|Relaxed|||||50|]Farigiraf||SitrusBerry|ArmorTail|TwinBeam,HyperVoice,HelpingHand,TrickRoom|Modest||F|||50|
|showteam|p2|Charizard||CharizarditeY|Blaze|HeatWave,WeatherBall,SolarBeam,Protect|Modest||F|||50|]Grimmsnarl||LightClay|Prankster|SpiritBreak,Reflect,LightScreen,PartingShot|Impish||M|||50|]Pelipper||SitrusBerry|Drizzle|WeatherBall,Hurricane,Tailwind,WideGuard|Jolly||F|||50|]Archaludon||Leftovers|Stamina|FlashCannon,DragonPulse,ElectroShot,Protect|Calm||M|||50|]Basculegion||ChoiceScarf|Adaptability|WaveCrash,AquaJet,LastRespects,FlipTurn|Jolly||M|||50|]Venusaur||FocusSash|Chlorophyll|SludgeBomb,EarthPower,SleepPowder,Protect|Modest||M|||50|
|
|t:|1784824356
|teamsize|p1|4
|teamsize|p2|4
|start
|switch|p1a: Blaziken|Blaziken, L50, F|100/100
|switch|p1b: Aerodactyl|Aerodactyl, L50, F|100/100
|switch|p2a: Charizard|Charizard, L50, F|100/100
|switch|p2b: Grimmsnarl|Grimmsnarl, L50, M|100/100
|-ability|p1b: Aerodactyl|Unnerve
|turn|1
|inactive|Battle timer is ON: inactive players will automatically lose when time's up. (requested by gabblegoat)
|inactiveoff|Battle timer is now OFF.
|
|t:|1784824389
|switch|p2a: Archaludon|Archaludon, L50, M|100/100
|detailschange|p1a: Blaziken|Blaziken-Mega, L50, F
|-mega|p1a: Blaziken|Blaziken|Blazikenite
|move|p1a: Blaziken|Protect|p1a: Blaziken
|-singleturn|p1a: Blaziken|Protect
|move|p2b: Grimmsnarl|Reflect|p2b: Grimmsnarl
|-sidestart|p2: imsavusnic|Reflect
|move|p1b: Aerodactyl|Tailwind|p1b: Aerodactyl
|-sidestart|p1: gabblegoat|move: Tailwind
|
|-ability|p1a: Blaziken|Speed Boost|boost
|-boost|p1a: Blaziken|spe|1
|upkeep
|turn|2
|c|Ōśågabblegoat|afk hold on a sec
|c|Ōśåimsavusnic|ur good brotha
|c|Ōśågabblegoat|im back
|c|Ōśågabblegoat|sorry
|inactive|Battle timer is ON: inactive players will automatically lose when time's up. (requested by gabblegoat)
|c|Ōśåimsavusnic|no worries
|inactive|gabblegoat has 30 seconds left.
|
|t:|1784824669
|switch|p1b: Kingambit|Kingambit, L50, M|100/100
|move|p2b: Grimmsnarl|Parting Shot|p1a: Blaziken
|-unboost|p1a: Blaziken|atk|1
|-unboost|p1a: Blaziken|spa|1
|
|t:|1784824681
|switch|p2b: Charizard|Charizard, L50, F|100/100|[from] Parting Shot
|move|p1a: Blaziken|Close Combat|p2a: Archaludon
|-supereffective|p2a: Archaludon|1
|-damage|p2a: Archaludon|52/100
|-unboost|p1a: Blaziken|def|1
|-unboost|p1a: Blaziken|spd|1
|-ability|p2a: Archaludon|Stamina|boost
|-boost|p2a: Archaludon|def|1
|move|p2a: Archaludon|Flash Cannon|p1b: Kingambit
|-resisted|p1b: Kingambit|1
|-damage|p1b: Kingambit|84/100
|
|-heal|p2a: Archaludon|58/100|[from] item: Leftovers
|-ability|p1a: Blaziken|Speed Boost|boost
|-boost|p1a: Blaziken|spe|1
|upkeep
|turn|3
|inactive|gabblegoat has 30 seconds left.
|inactive|imsavusnic has 30 seconds left.
|inactive|gabblegoat has 20 seconds left.
|inactive|imsavusnic has 20 seconds left.
|inactive|gabblegoat has 15 seconds left.
|
|t:|1784824725
|detailschange|p2b: Charizard|Charizard-Mega-Y, L50, F
|-mega|p2b: Charizard|Charizard|Charizardite Y
|-weather|SunnyDay|[from] ability: Drought|[of] p2b: Charizard
|move|p2a: Archaludon|Protect|p2a: Archaludon
|-singleturn|p2a: Archaludon|Protect
|move|p1b: Kingambit|Sucker Punch|p2b: Charizard
|-damage|p2b: Charizard|62/100
|move|p1a: Blaziken|Rock Slide|p2a: Archaludon|[spread] p2b
|-activate|p2a: Archaludon|move: Protect
|-supereffective|p2b: Charizard|2
|-damage|p2b: Charizard|16/100
|cant|p2b: Charizard|flinch
|
|-weather|SunnyDay|[upkeep]
|-heal|p2a: Archaludon|64/100|[from] item: Leftovers
|-ability|p1a: Blaziken|Speed Boost|boost
|-boost|p1a: Blaziken|spe|1
|upkeep
|turn|4
|inactive|imsavusnic has 30 seconds left.
|
|t:|1784824757
|switch|p2a: Grimmsnarl|Grimmsnarl, L50, M|100/100
|move|p2b: Charizard|Protect|p2b: Charizard
|-singleturn|p2b: Charizard|Protect
|move|p1b: Kingambit|Sucker Punch||[still]
|-fail|p1b: Kingambit
|move|p1a: Blaziken|Close Combat|p2a: Grimmsnarl
|-damage|p2a: Grimmsnarl|70/100
|-unboost|p1a: Blaziken|def|1
|-unboost|p1a: Blaziken|spd|1
|
|-weather|SunnyDay|[upkeep]
|-sideend|p1: gabblegoat|move: Tailwind
|-ability|p1a: Blaziken|Speed Boost|boost
|-boost|p1a: Blaziken|spe|1
|upkeep
|turn|5
|inactive|imsavusnic has 30 seconds left.
|inactive|imsavusnic has 20 seconds left.
|
|t:|1784824796
|switch|p1a: Aerodactyl|Aerodactyl, L50, F|100/100
|-ability|p1a: Aerodactyl|Unnerve
|switch|p2b: Venusaur|Venusaur, L50, M|100/100
|move|p1b: Kingambit|Sucker Punch||[still]
|-fail|p1b: Kingambit
|move|p2a: Grimmsnarl|Spirit Break|p1a: Aerodactyl
|-damage|p1a: Aerodactyl|47/100
|-unboost|p1a: Aerodactyl|spa|1
|
|-weather|SunnyDay|[upkeep]
|upkeep
|turn|6
|inactive|gabblegoat has 30 seconds left.
|inactive|imsavusnic has 30 seconds left.
|inactive|imsavusnic has 20 seconds left.
|inactive|imsavusnic has 15 seconds left.
|inactive|imsavusnic has 10 seconds left.
|
|t:|1784824841
|switch|p1b: Gardevoir|Gardevoir, L50, M|100/100
|-ability|p1b: Gardevoir|Chlorophyll|Trace|[from] ability: Trace|[of] p2b: Venusaur
|move|p1a: Aerodactyl|Protect|p1a: Aerodactyl
|-singleturn|p1a: Aerodactyl|Protect
|move|p2b: Venusaur|Sleep Powder|p1a: Aerodactyl
|-activate|p1a: Aerodactyl|move: Protect
|move|p2a: Grimmsnarl|Spirit Break|p1a: Aerodactyl
|-activate|p1a: Aerodactyl|move: Protect
|
|-weather|SunnyDay|[upkeep]
|upkeep
|turn|7
|
|t:|1784824864
|switch|p2b: Archaludon|Archaludon, L50, M|64/100
|move|p2a: Grimmsnarl|Parting Shot|p1b: Gardevoir
|-unboost|p1b: Gardevoir|atk|1
|-unboost|p1b: Gardevoir|spa|1
|
|t:|1784824871
|switch|p2a: Venusaur|Venusaur, L50, M|100/100|[from] Parting Shot
|move|p1b: Gardevoir|Psychic|p2b: Archaludon
|-resisted|p2b: Archaludon|1
|-damage|p2b: Archaludon|50/100g
|-ability|p2b: Archaludon|Stamina|boost
|-boost|p2b: Archaludon|def|1
|move|p1a: Aerodactyl|Tailwind|p1a: Aerodactyl
|-sidestart|p1: gabblegoat|move: Tailwind
|
|-weather|none
|-heal|p2b: Archaludon|56/100|[from] item: Leftovers
|upkeep
|turn|8
|inactive|imsavusnic has 30 seconds left.
|
|t:|1784824905
|switch|p2a: Grimmsnarl|Grimmsnarl, L50, M|70/100
|move|p1a: Aerodactyl|Dual Wingbeat|p2a: Grimmsnarl
|-damage|p2a: Grimmsnarl|59/100
|-damage|p2a: Grimmsnarl|49/100
|-hitcount|p2a: Grimmsnarl|2
|move|p1b: Gardevoir|Psychic|p2a: Grimmsnarl
|-immune|p2a: Grimmsnarl
|move|p2b: Archaludon|Flash Cannon|p1b: Gardevoir
|-supereffective|p1b: Gardevoir|1
|-damage|p1b: Gardevoir|20/100y
|-unboost|p1b: Gardevoir|spd|1
|
|-heal|p2b: Archaludon|63/100|[from] item: Leftovers
|-sideend|p2: imsavusnic|Reflect
|upkeep
|turn|9
|inactive|imsavusnic has 30 seconds left.
|
|t:|1784824930
|switch|p1a: Kingambit|Kingambit, L50, M|84/100
|switch|p1b: Blaziken|Blaziken-Mega, L50, F|100/100
|move|p2a: Grimmsnarl|Reflect|p2a: Grimmsnarl
|-sidestart|p2: imsavusnic|Reflect
|move|p2b: Archaludon|Flash Cannon|p1b: Blaziken
|-resisted|p1b: Blaziken|1
|-damage|p1b: Blaziken|76/100
|
|-heal|p2b: Archaludon|69/100|[from] item: Leftovers
|upkeep
|turn|10
|inactive|imsavusnic has 30 seconds left.
|
|t:|1784824956
|move|p1b: Blaziken|Protect|p1b: Blaziken
|-singleturn|p1b: Blaziken|Protect
|move|p2a: Grimmsnarl|Parting Shot|p1b: Blaziken
|-activate|p1b: Blaziken|move: Protect
|move|p1a: Kingambit|Iron Head|p2a: Grimmsnarl
|-supereffective|p2a: Grimmsnarl|1
|-damage|p2a: Grimmsnarl|0 fnt
|faint|p2a: Grimmsnarl
|move|p2b: Archaludon|Dragon Pulse|p1b: Blaziken
|-activate|p1b: Blaziken|move: Protect
|
|-heal|p2b: Archaludon|75/100|[from] item: Leftovers
|-sideend|p1: gabblegoat|move: Tailwind
|-ability|p1b: Blaziken|Speed Boost|boost
|-boost|p1b: Blaziken|spe|1
|upkeep
|
|t:|1784824970
|switch|p2a: Charizard|Charizard-Mega-Y, L50, F|16/100
|-weather|SunnyDay|[from] ability: Drought|[of] p2a: Charizard
|turn|11
|
|t:|1784824984
|switch|p2a: Venusaur|Venusaur, L50, M|100/100
|move|p2b: Archaludon|Protect|p2b: Archaludon
|-singleturn|p2b: Archaludon|Protect
|move|p1a: Kingambit|Sucker Punch||[still]
|-fail|p1a: Kingambit
|move|p1b: Blaziken|Close Combat|p2b: Archaludon
|-activate|p2b: Archaludon|move: Protect
|
|-weather|SunnyDay|[upkeep]
|-heal|p2b: Archaludon|81/100|[from] item: Leftovers
|-ability|p1b: Blaziken|Speed Boost|boost
|-boost|p1b: Blaziken|spe|1
|upkeep
|turn|12
|inactive|imsavusnic has 30 seconds left.
|
|t:|1784825018
|switch|p1a: Aerodactyl|Aerodactyl, L50, F|47/100
|-ability|p1a: Aerodactyl|Unnerve
|move|p2b: Archaludon|Protect|p2b: Archaludon
|-singleturn|p2b: Archaludon|Protect
|move|p1b: Blaziken|Flare Blitz|p2a: Venusaur
|-supereffective|p2a: Venusaur|1
|-enditem|p2a: Venusaur|Focus Sash
|-damage|p2a: Venusaur|1/100
|-damage|p1b: Blaziken|44/100|[from] Recoil
|move|p2a: Venusaur|Sleep Powder|p1b: Blaziken|[miss]
|-miss|p2a: Venusaur|p1b: Blaziken
|
|-weather|SunnyDay|[upkeep]
|-heal|p2b: Archaludon|87/100|[from] item: Leftovers
|-ability|p1b: Blaziken|Speed Boost|boost
|-boost|p1b: Blaziken|spe|1
|upkeep
|turn|13
|inactive|gabblegoat has 30 seconds left.
|inactive|imsavusnic has 30 seconds left.
|inactive|gabblegoat has 20 seconds left.
|inactive|imsavusnic has 20 seconds left.
|
|t:|1784825057
|move|p1b: Blaziken|Protect|p1b: Blaziken
|-singleturn|p1b: Blaziken|Protect
|move|p2a: Venusaur|Earth Power|p1b: Blaziken
|-activate|p1b: Blaziken|move: Protect
|move|p1a: Aerodactyl|Tailwind|p1a: Aerodactyl
|-sidestart|p1: gabblegoat|move: Tailwind
|move|p2b: Archaludon|Dragon Pulse|p1a: Aerodactyl
|-damage|p1a: Aerodactyl|0 fnt
|faint|p1a: Aerodactyl
|
|-weather|SunnyDay|[upkeep]
|-heal|p2b: Archaludon|93/100|[from] item: Leftovers
|-ability|p1b: Blaziken|Speed Boost|boost
|-boost|p1b: Blaziken|spe|1
|upkeep
|
|t:|1784825065
|switch|p1a: Gardevoir|Gardevoir, L50, M|20/100y
|-ability|p1a: Gardevoir|Stamina|Trace|[from] ability: Trace|[of] p2b: Archaludon
|turn|14
|
|t:|1784825080
|move|p2a: Venusaur|Protect|p2a: Venusaur
|-singleturn|p2a: Venusaur|Protect
|move|p1b: Blaziken|Close Combat|p2b: Archaludon
|-supereffective|p2b: Archaludon|1
|-damage|p2b: Archaludon|44/100
|-unboost|p1b: Blaziken|def|1
|-unboost|p1b: Blaziken|spd|1
|-ability|p2b: Archaludon|Stamina|boost
|-boost|p2b: Archaludon|def|1
|move|p1a: Gardevoir|Psychic|p2a: Venusaur
|-activate|p2a: Venusaur|move: Protect
|move|p2b: Archaludon|Flash Cannon|p1a: Gardevoir
|-supereffective|p1a: Gardevoir|1
|-damage|p1a: Gardevoir|0 fnt
|faint|p1a: Gardevoir
|
|-weather|SunnyDay|[upkeep]
|-heal|p2b: Archaludon|50/100g|[from] item: Leftovers
|-ability|p1b: Blaziken|Speed Boost|boost
|-boost|p1b: Blaziken|spe|1
|upkeep
|
|t:|1784825097
|switch|p1a: Kingambit|Kingambit, L50, M|84/100
|turn|15
|
|t:|1784825119
|move|p2a: Venusaur|Protect||[still]
|-fail|p2a: Venusaur
|move|p1a: Kingambit|Sucker Punch|p2b: Archaludon
|-damage|p2b: Archaludon|39/100
|-ability|p2b: Archaludon|Stamina|boost
|-boost|p2b: Archaludon|def|1
|move|p1b: Blaziken|Close Combat|p2b: Archaludon
|-supereffective|p2b: Archaludon|1
|-damage|p2b: Archaludon|10/100
|-unboost|p1b: Blaziken|def|1
|-unboost|p1b: Blaziken|spd|1
|-ability|p2b: Archaludon|Stamina|boost
|-boost|p2b: Archaludon|def|1
|move|p2b: Archaludon|Dragon Pulse|p1b: Blaziken
|-damage|p1b: Blaziken|0 fnt
|faint|p1b: Blaziken
|
|-weather|none
|-heal|p2b: Archaludon|16/100|[from] item: Leftovers
|upkeep
|turn|16
|inactive|imsavusnic has 30 seconds left.
|
|t:|1784825151
|move|p2b: Archaludon|Protect|p2b: Archaludon
|-singleturn|p2b: Archaludon|Protect
|move|p1a: Kingambit|Kowtow Cleave|p2a: Venusaur
|-damage|p2a: Venusaur|0 fnt
|faint|p2a: Venusaur
|
|-heal|p2b: Archaludon|22/100|[from] item: Leftovers
|-sideend|p2: imsavusnic|Reflect
|-sideend|p1: gabblegoat|move: Tailwind
|upkeep
|inactive|imsavusnic has 25 seconds left this turn.
|inactive|imsavusnic has 20 seconds left.
|
|t:|1784825156
|switch|p2a: Charizard|Charizard-Mega-Y, L50, F|16/100
|-weather|SunnyDay|[from] ability: Drought|[of] p2a: Charizard
|turn|17
|inactive|imsavusnic has 20 seconds left this turn.
|inactive|imsavusnic has 15 seconds left.
|inactive|imsavusnic has 10 seconds left.
|inactive|imsavusnic has 5 seconds left.
|-message|imsavusnic lost due to inactivity.
|
|win|gabblegoat
|raw|gabblegoat's rating: 1245 → 1264(+19 for winning)
|raw|imsavusnic's rating: 1154 → 1135(-19 for losing)
|c|Ōśågabblegoat|what
|c|Ōśågabblegoat|timer??
|c|Ōśåimsavusnic|ya timer lol
|c|Ōśåimsavusnic|gg
|c|Ōśågabblegoat|ooh
|c|Ōśågabblegoat|ggs
