|j|☆ansufati7
|j|☆AntonioCartana
|html|ansufati7AntonioCartana    
|uhtml|bestof|Game 2 of a best-of-3
|t:|1756930027
|gametype|doubles
|player|p1|ansufati7|ethan|1079
|player|p2|AntonioCartana|bruno|1033
|gen|9
|tier|[Gen 9] VGC 2025 Reg H (Bo3)
|rated|
|rule|Species Clause: Limit one of each Pokémon
|rule|Item Clause: Limit 1 of each item
|clearpoke
|poke|p1|Ursaluna-Bloodmoon, L50, M|
|poke|p1|Rillaboom, L50, F|
|poke|p1|Gholdengo, L50|
|poke|p1|Incineroar, L50, M|
|poke|p1|Whimsicott, L50, M|
|poke|p1|Dragonite, L50, M|
|poke|p2|Indeedee-F, L50, F|
|poke|p2|Torkoal, L50, F|
|poke|p2|Lilligant-Hisui, L50, F|
|poke|p2|Hatterene, L50, F|
|poke|p2|Ursaluna-Bloodmoon, L50, M|
|poke|p2|Gallade, L50, M|
|teampreview|4
|showteam|p1|Ursaluna-Bloodmoon||AssaultVest|MindsEye|BloodMoon,VacuumWave,EarthPower,HyperVoice|||M|||50|,,,,,Ghost]Rillaboom||MiracleSeed|GrassySurge|FakeOut,GrassyGlide,Uturn,WoodHammer|||F|||50|,,,,,Fire]Gholdengo||ChoiceScarf|GoodasGold|MakeItRain,ShadowBall,Trick,NastyPlot||||||50|,,,,,Water]Incineroar||SafetyGoggles|Intimidate|FakeOut,KnockOff,PartingShot,WillOWisp|||M|||50|,,,,,Ghost]Whimsicott||CovertCloak|Prankster|Moonblast,Tailwind,SunnyDay,Encore|||M|||50|,,,,,Poison]Dragonite||LoadedDice|Multiscale|ExtremeSpeed,Protect,ScaleShot,Haze|||M|||50|,,,,,Normal
|showteam|p2|Indeedee-F||SitrusBerry|PsychicSurge|DazzlingGleam,HelpingHand,FollowMe,TrickRoom|||F|||50|,,,,,Grass]Torkoal||AssaultVest|Drought|Eruption,Flamethrower,EarthPower,ClearSmog|||F|||50|,,,,,Fire]Lilligant-Hisui||FocusSash|Chlorophyll|SolarBlade,CloseCombat,SleepPowder,AfterYou|||F|||50|,,,,,Ghost]Hatterene||LifeOrb|MagicBounce|ExpandingForce,DrainingKiss,TrickRoom,Protect|||F|||50|,,,,,Water]Ursaluna-Bloodmoon||SilkScarf|MindsEye|BloodMoon,HyperVoice,Protect,EarthPower|||M|||50|,,,,,Ghost]Gallade||IronBall|Sharpness|PsychoCut,SacredSword,WideGuard,TrickRoom|||M|||50|,,,,,Fire
|inactive|Battle timer is ON: inactive players will automatically lose when time's up. (requested by AntonioCartana)
|inactive|ansufati7 has 60 seconds left.
|inactive|AntonioCartana has 60 seconds left.
|
|t:|1756930084
|teamsize|p1|4
|teamsize|p2|4
|start
|switch|p1a: Gholdengo|Gholdengo, L50|100/100
|switch|p1b: Incineroar|Incineroar, L50, M|100/100
|switch|p2a: Claudia|Torkoal, L50, F|100/100
|switch|p2b: Divina|Lilligant-Hisui, L50, F|100/100
|-ability|p1b: Incineroar|Intimidate|boost
|-unboost|p2a: Claudia|atk|1
|-unboost|p2b: Divina|atk|1
|-weather|SunnyDay|[from] ability: Drought|[of] p2a: Claudia
|turn|1
|inactive|ansufati7 has 30 seconds left.
|inactive|ansufati7 has 20 seconds left.
|inactive|ansufati7 has 15 seconds left.
|
|t:|1756930129
|switch|p2a: Alfonsina|Indeedee-F, L50, F|100/100
|-fieldstart|move: Psychic Terrain|[from] ability: Psychic Surge|[of] p2a: Alfonsina
|move|p1b: Incineroar|Fake Out|p2a: Alfonsina
|-activate|p2a: Alfonsina|move: Psychic Terrain
|move|p2b: Divina|Close Combat|p1b: Incineroar
|-supereffective|p1b: Incineroar
|-damage|p1b: Incineroar|32/100
|-unboost|p2b: Divina|def|1
|-unboost|p2b: Divina|spd|1
|move|p1a: Gholdengo|Trick|p2a: Alfonsina
|-activate|p1a: Gholdengo|move: Trick|[of] p2a: Alfonsina
|-item|p2a: Alfonsina|Choice Scarf|[from] move: Trick
|-item|p1a: Gholdengo|Sitrus Berry|[from] move: Trick
|
|-weather|SunnyDay|[upkeep]
|upkeep
|turn|2
|inactive|AntonioCartana has 30 seconds left.
|
|t:|1756930156
|switch|p2b: Claudia|Torkoal, L50, F|100/100
|-terastallize|p1b: Incineroar|Ghost
|move|p1a: Gholdengo|Nasty Plot|p1a: Gholdengo
|-boost|p1a: Gholdengo|spa|2
|move|p1b: Incineroar|Knock Off|p2b: Claudia
|-damage|p2b: Claudia|72/100
|-enditem|p2b: Claudia|Assault Vest|[from] move: Knock Off|[of] p1b: Incineroar
|move|p2a: Alfonsina|Trick Room|p2a: Alfonsina
|-fieldstart|move: Trick Room|[of] p2a: Alfonsina
|
|-weather|SunnyDay|[upkeep]
|upkeep
|turn|3
|inactive|ansufati7 has 30 seconds left.
|inactive|ansufati7 has 20 seconds left.
|inactive|ansufati7 has 15 seconds left.
|
|t:|1756930198
|switch|p1a: Ursaluna|Ursaluna-Bloodmoon, L50, M|100/100
|switch|p2a: Gallade|Gallade, L50, M|100/100
|move|p2b: Claudia|Clear Smog|p1a: Ursaluna
|-resisted|p1a: Ursaluna
|-damage|p1a: Ursaluna|96/100
|-clearboost|p1a: Ursaluna
|move|p1b: Incineroar|Knock Off|p2b: Claudia
|-damage|p2b: Claudia|51/100
|
|-weather|SunnyDay|[upkeep]
|upkeep
|turn|4
|inactive|ansufati7 has 30 seconds left.
|
|t:|1756930232
|-terastallize|p2a: Gallade|Fire
|move|p2b: Claudia|Earth Power|p1b: Incineroar
|-damage|p1b: Incineroar|15/100
|move|p2a: Gallade|Sacred Sword|p1a: Ursaluna
|-supereffective|p1a: Ursaluna
|-damage|p1a: Ursaluna|0 fnt
|faint|p1a: Ursaluna
|move|p1b: Incineroar|Will-O-Wisp|p2a: Gallade
|-immune|p2a: Gallade
|
|-weather|SunnyDay|[upkeep]
|upkeep
|
|t:|1756930252
|switch|p1a: Gholdengo|Gholdengo, L50|100/100
|turn|5
|
|t:|1756930263
|move|p2a: Gallade|Wide Guard|p2a: Gallade
|-singleturn|p2a: Gallade|Wide Guard
|move|p2b: Claudia|Earth Power|p1b: Incineroar
|-damage|p1b: Incineroar|0 fnt
|faint|p1b: Incineroar
|move|p1a: Gholdengo|Shadow Ball|p2b: Claudia
|-damage|p2b: Claudia|0 fnt
|faint|p2b: Claudia
|
|-weather|none
|-fieldend|move: Psychic Terrain
|upkeep
|
|t:|1756930274
|switch|p2b: Alfonsina|Indeedee-F, L50, F|100/100
|switch|p1b: Whimsicott|Whimsicott, L50, M, shiny|100/100
|-fieldstart|move: Psychic Terrain|[from] ability: Psychic Surge|[of] p2b: Alfonsina
|turn|6
|
|t:|1756930296
|move|p2a: Gallade|Psycho Cut|p1b: Whimsicott
|-damage|p1b: Whimsicott|2/100
|move|p1b: Whimsicott|Moonblast|p2a: Gallade
|-resisted|p2a: Gallade
|-damage|p2a: Gallade|88/100
|move|p1a: Gholdengo|Nasty Plot|p1a: Gholdengo
|-boost|p1a: Gholdengo|spa|2
|move|p2b: Alfonsina|Dazzling Gleam|p1b: Whimsicott|[spread] p1a,p1b
|-resisted|p1a: Gholdengo
|-damage|p1a: Gholdengo|92/100
|-damage|p1b: Whimsicott|0 fnt
|faint|p1b: Whimsicott
|
|-fieldend|move: Trick Room
|upkeep
|turn|7
|
|t:|1756930315
|move|p2b: Alfonsina|Dazzling Gleam|p1a: Gholdengo
|-resisted|p1a: Gholdengo
|-damage|p1a: Gholdengo|81/100
|move|p1a: Gholdengo|Shadow Ball|p2a: Gallade
|-damage|p2a: Gallade|12/100
|move|p2a: Gallade|Psycho Cut|p1a: Gholdengo
|-resisted|p1a: Gholdengo
|-damage|p1a: Gholdengo|35/100
|-enditem|p1a: Gholdengo|Sitrus Berry|[eat]
|-heal|p1a: Gholdengo|60/100|[from] item: Sitrus Berry
|
|upkeep
|turn|8
|
|t:|1756930332
|switch|p2b: Divina|Lilligant-Hisui, L50, F|100/100
|move|p1a: Gholdengo|Shadow Ball|p2a: Gallade
|-damage|p2a: Gallade|0 fnt
|faint|p2a: Gallade
|
|upkeep
|
|t:|1756930337
|switch|p2a: Alfonsina|Indeedee-F, L50, F|100/100
|turn|9
|
|t:|1756930349
|move|p2a: Alfonsina|Follow Me|p2a: Alfonsina
|-singleturn|p2a: Alfonsina|move: Follow Me
|move|p2b: Divina|Solar Blade||[still]
|-prepare|p2b: Divina|Solar Blade
|move|p1a: Gholdengo|Make It Rain|p2b: Divina|[spread] p2a,p2b
|-damage|p2a: Alfonsina|0 fnt
|-enditem|p2b: Divina|Focus Sash
|-damage|p2b: Divina|1/100
|-unboost|p1a: Gholdengo|spa|1
|faint|p2a: Alfonsina
|
|upkeep
|turn|10
|
|t:|1756930362
|move|p2b: Divina|Solar Blade|p1a: Gholdengo|[from] lockedmove
|-resisted|p1a: Gholdengo
|-damage|p1a: Gholdengo|27/100
|move|p1a: Gholdengo|Shadow Ball|p2b: Divina
|-damage|p2b: Divina|0 fnt
|faint|p2b: Divina
|
|win|ansufati7
|raw|ansufati7's rating: 1079 → 1103(+24 for winning)
|raw|AntonioCartana's rating: 1033 → 1020(-13 for losing)
