|j|☆PolpettaVGC
|j|☆Halal Kingambit
|html|PolpettaVGCHalal Kingambit    
|uhtml|bestof|Game 2 of a best-of-3
|t:|1783345461
|gametype|doubles
|player|p1|PolpettaVGC|pokekid|1101
|player|p2|Halal Kingambit|cheren|1000
|gen|9
|tier|[Gen 9 Champions] VGC 2026 Reg M-B (Bo3)
|rated|
|rule|Species Clause: Limit one of each Pokémon
|rule|Item Clause: Limit 1 of each item
|clearpoke
|poke|p1|Grimmsnarl, L50, M|
|poke|p1|Swampert, L50, M|
|poke|p1|Pelipper, L50, M|
|poke|p1|Archaludon, L50, M|
|poke|p1|Sinistcha, L50|
|poke|p1|Metagross, L50|
|poke|p2|Charizard, L50, F|
|poke|p2|Floette-Eternal, L50, F|
|poke|p2|Garchomp, L50, F|
|poke|p2|Kingambit, L50, M|
|poke|p2|Whimsicott, L50, F|
|poke|p2|Basculegion, L50, M|
|teampreview|4
|showteam|p1|Grimmsnarl||LightClay|Prankster|FoulPlay,PartingShot,Reflect,LightScreen|Calm||M|||50|]Swampert||Swampertite|Damp|WaveCrash,Earthquake,IcePunch,Protect|Adamant||M|||50|]Pelipper||SitrusBerry|Drizzle|Hurricane,WideGuard,Tailwind,WeatherBall|Modest||M|||50|]Archaludon||Leftovers|Stamina|ElectroShot,DragonPulse,FlashCannon,Protect|Modest||M|||50|]Sinistcha||CobaBerry|Hospitality|MatchaGotcha,RagePowder,TrickRoom,Protect|Relaxed|||||50|]Metagross||Metagrossite|ClearBody|IronHead,PsychicFangs,BodyPress,Protect|Jolly|||||50|
|showteam|p2|Charizard||CharizarditeY|Blaze|HeatWave,SolarBeam,WeatherBall,Protect|Timid||F|||50|]Floette-Eternal||Floettite|FlowerVeil|DazzlingGleam,Moonblast,LightofRuin,Protect|Timid||F|||50|]Garchomp||LifeOrb|RoughSkin|DragonClaw,Earthquake,RockSlide,Protect|Jolly||F|||50|]Kingambit||BlackGlasses|Defiant|SuckerPunch,KowtowCleave,LowKick,Protect|Adamant||M|||50|]Whimsicott||FocusSash|Prankster|Moonblast,Encore,Tailwind,Protect|Timid||F|||50|]Basculegion||MysticWater|Adaptability|WaveCrash,LastRespects,AquaJet,Protect|Adamant||M|||50|
|inactive|Battle timer is ON: inactive players will automatically lose when time's up. (requested by PolpettaVGC)
|inactive|PolpettaVGC has 60 seconds left.
|
|t:|1783345516
|teamsize|p1|4
|teamsize|p2|4
|start
|switch|p1a: Swampert|Swampert, L50, M|100/100
|switch|p1b: Grimmsnarl|Grimmsnarl, L50, M|100/100
|switch|p2a: Floette|Floette-Eternal, L50, F|100/100
|switch|p2b: Whimsicott|Whimsicott, L50, F|100/100
|turn|1
|inactive|Halal Kingambit has 30 seconds left.
|
|t:|1783345544
|switch|p1b: Pelipper|Pelipper, L50, M|100/100
|-weather|RainDance|[from] ability: Drizzle|[of] p1b: Pelipper
|detailschange|p2a: Floette|Floette-Mega, L50, F
|-mega|p2a: Floette|Floette|Floettite
|-ability|p2a: Floette|Fairy Aura
|detailschange|p1a: Swampert|Swampert-Mega, L50, M
|-mega|p1a: Swampert|Swampert|Swampertite
|move|p2b: Whimsicott|Tailwind|p2b: Whimsicott
|-sidestart|p2: Halal Kingambit|move: Tailwind
|move|p2a: Floette|Light of Ruin|p1a: Swampert
|-damage|p1a: Swampert|11/100
|-damage|p2a: Floette|42/100|[from] Recoil
|move|p1a: Swampert|Earthquake|p2b: Whimsicott|[spread] p2a,p2b
|-immune|p1b: Pelipper
|-resisted|p2b: Whimsicott|1
|-damage|p2a: Floette|0 fnt
|-damage|p2b: Whimsicott|67/100
|faint|p2a: Floette
|
|-weather|RainDance|[upkeep]
|upkeep
|
|t:|1783345557
|switch|p2a: Basculegion|Basculegion, L50, M|100/100
|turn|2
|
|t:|1783345581
|switch|p1a: Grimmsnarl|Grimmsnarl, L50, M|100/100
|move|p2b: Whimsicott|Moonblast|p1b: Pelipper
|-damage|p1b: Pelipper|59/100
|move|p2a: Basculegion|Wave Crash|p1b: Pelipper
|-resisted|p1b: Pelipper|1
|-damage|p1b: Pelipper|0 fnt
|faint|p1b: Pelipper
|-damage|p2a: Basculegion|83/100|[from] Recoil
|
|-weather|RainDance|[upkeep]
|upkeep
|
|t:|1783345594
|switch|p1b: Archaludon|Archaludon, L50, M|100/100
|turn|3
|inactive|Halal Kingambit has 30 seconds left.
|
|t:|1783345621
|switch|p2a: Kingambit|Kingambit, L50, M|100/100
|move|p1a: Grimmsnarl|Light Screen|p1a: Grimmsnarl
|-sidestart|p1: PolpettaVGC|move: Light Screen
|move|p2b: Whimsicott|Moonblast|p1a: Grimmsnarl
|-supereffective|p1a: Grimmsnarl|1
|-damage|p1a: Grimmsnarl|59/100
|move|p1b: Archaludon|Electro Shot||[still]
|-prepare|p1b: Archaludon|Electro Shot
|-boost|p1b: Archaludon|spa|1
|-anim|p1b: Archaludon|Electro Shot|p2a: Kingambit
|-damage|p2a: Kingambit|39/100
|
|-weather|RainDance|[upkeep]
|upkeep
|turn|4
|
|t:|1783345642
|move|p2a: Kingambit|Protect|p2a: Kingambit
|-singleturn|p2a: Kingambit|Protect
|move|p2b: Whimsicott|Encore|p1b: Archaludon
|-start|p1b: Archaludon|Encore
|move|p1a: Grimmsnarl|Reflect|p1a: Grimmsnarl
|-sidestart|p1: PolpettaVGC|Reflect
|move|p1b: Archaludon|Electro Shot||[still]
|-prepare|p1b: Archaludon|Electro Shot
|-boost|p1b: Archaludon|spa|1
|-anim|p1b: Archaludon|Electro Shot|p2a: Kingambit
|-activate|p2a: Kingambit|move: Protect
|
|-weather|RainDance|[upkeep]
|-sideend|p2: Halal Kingambit|move: Tailwind
|upkeep
|turn|5
|inactive|PolpettaVGC has 30 seconds left.
|
|t:|1783345671
|move|p2b: Whimsicott|Tailwind|p2b: Whimsicott
|-sidestart|p2: Halal Kingambit|move: Tailwind
|move|p1a: Grimmsnarl|Parting Shot|p2b: Whimsicott
|-unboost|p2b: Whimsicott|atk|1
|-unboost|p2b: Whimsicott|spa|1
|
|t:|1783345676
|switch|p1a: Swampert|Swampert-Mega, L50, M|11/100|[from] Parting Shot
|move|p2a: Kingambit|Low Kick|p1b: Archaludon
|-supereffective|p1b: Archaludon|1
|-damage|p1b: Archaludon|69/100
|-ability|p1b: Archaludon|Stamina|boost
|-boost|p1b: Archaludon|def|1
|move|p1b: Archaludon|Electro Shot||[still]
|-prepare|p1b: Archaludon|Electro Shot
|-boost|p1b: Archaludon|spa|1
|-anim|p1b: Archaludon|Electro Shot|p2a: Kingambit
|-damage|p2a: Kingambit|0 fnt
|faint|p2a: Kingambit
|
|-weather|none
|-heal|p1b: Archaludon|75/100|[from] item: Leftovers
|upkeep
|
|t:|1783345690
|switch|p2a: Basculegion|Basculegion, L50, M|83/100
|turn|6
|
|t:|1783345705
|switch|p1a: Grimmsnarl|Grimmsnarl, L50, M|59/100
|move|p2a: Basculegion|Aqua Jet|p1a: Grimmsnarl
|-damage|p1a: Grimmsnarl|37/100
|move|p2b: Whimsicott|Moonblast|p1b: Archaludon
|-damage|p1b: Archaludon|58/100
|-unboost|p1b: Archaludon|spa|1
|-ability|p1b: Archaludon|Stamina|boost
|-boost|p1b: Archaludon|def|1
|move|p1b: Archaludon|Electro Shot||[still]
|-prepare|p1b: Archaludon|Electro Shot
|-boost|p1b: Archaludon|spa|1
|
|-heal|p1b: Archaludon|64/100|[from] item: Leftovers
|-end|p1b: Archaludon|Encore
|upkeep
|turn|7
|
|t:|1783345724
|move|p2a: Basculegion|Protect|p2a: Basculegion
|-singleturn|p2a: Basculegion|Protect
|move|p2b: Whimsicott|Encore|p1b: Archaludon
|-start|p1b: Archaludon|Encore
|move|p1a: Grimmsnarl|Parting Shot|p2a: Basculegion
|-activate|p2a: Basculegion|move: Protect
|move|p1b: Archaludon|Electro Shot|p2a: Basculegion|[from] lockedmove
|-activate|p2a: Basculegion|move: Protect
|
|-heal|p1b: Archaludon|71/100|[from] item: Leftovers
|upkeep
|turn|8
|inactive|Halal Kingambit has 30 seconds left.
|
|t:|1783345750
|move|p2a: Basculegion|Aqua Jet|p1a: Grimmsnarl
|-damage|p1a: Grimmsnarl|13/100
|move|p2b: Whimsicott|Moonblast|p1b: Archaludon
|-damage|p1b: Archaludon|54/100
|-ability|p1b: Archaludon|Stamina|boost
|-boost|p1b: Archaludon|def|1
|move|p1b: Archaludon|Electro Shot||[still]
|-prepare|p1b: Archaludon|Electro Shot
|-boost|p1b: Archaludon|spa|1
|move|p1a: Grimmsnarl|Foul Play|p2a: Basculegion
|-supereffective|p2a: Basculegion|1
|-damage|p2a: Basculegion|0 fnt
|faint|p2a: Basculegion
|
|-heal|p1b: Archaludon|60/100|[from] item: Leftovers
|-sideend|p2: Halal Kingambit|move: Tailwind
|upkeep
|turn|9
|-message|Halal Kingambit forfeited.
|
|win|PolpettaVGC
|raw|PolpettaVGC's rating: 1101 → 1119(+18 for winning)
|raw|Halal Kingambit's rating: 1000 → 1000(+0 for losing)
|l|☆Halal Kingambit
|player|p2|
