|j|☆Prepucio Santos
|j|☆OssiGT
|html|Prepucio SantosOssiGT    
|uhtml|bestof|Game 2 of a best-of-3
|t:|1784650252
|gametype|doubles
|player|p1|Prepucio Santos|striker|1325
|player|p2|OssiGT|hilbert-wonderlauncher|1351
|gen|9
|tier|[Gen 9 Champions] VGC 2026 Reg M-B (Bo3)
|rated|
|rule|Species Clause: Limit one of each Pokémon
|rule|Item Clause: Limit 1 of each item
|clearpoke
|poke|p1|Tyranitar, L50, F|
|poke|p1|Excadrill, L50, F|
|poke|p1|Gholdengo, L50|
|poke|p1|Sinistcha, L50|
|poke|p1|Staraptor, L50, F|
|poke|p1|Milotic, L50, F|
|poke|p2|Raichu, L50, M|
|poke|p2|Mawile, L50, M|
|poke|p2|Sinistcha, L50|
|poke|p2|Ceruledge, L50, M|
|poke|p2|Milotic, L50, F|
|poke|p2|Incineroar, L50, F|
|teampreview|4
|showteam|p1|Tyranitar||Tyranitarite|SandStream|RockSlide,KnockOff,LowKick,Protect|Adamant||F|||50|]Excadrill||FocusSash|SandRush|IronHead,HighHorsepower,RockSlide,Protect|Adamant||F|||50|]Gholdengo||LifeOrb|GoodasGold|ShadowBall,MakeItRain,NastyPlot,Protect|Modest|||||50|]Sinistcha||ColburBerry|Hospitality|MatchaGotcha,RagePowder,TrickRoom,Protect|Bold|||||50|]Staraptor||Staraptite|Intimidate|BraveBird,CloseCombat,Tailwind,Protect|Jolly||F|||50|]Milotic||Leftovers|Competitive|MuddyWater,Hypnosis,Coil,Recover|Calm||F|||50|
|showteam|p2|Raichu||RaichuniteY|LightningRod|ZapCannon,FocusBlast,FakeOut,Protect|Timid||M|||50|]Mawile||Mawilite|HyperCutter|PlayRough,SuckerPunch,SwordsDance,Protect|Adamant||M|||50|]Sinistcha||KasibBerry|Hospitality|MatchaGotcha,LifeDew,RagePowder,Protect|Relaxed|||||50|]Ceruledge||ColburBerry|FlashFire|BitterBlade,ShadowSneak,BulkUp,Protect|Adamant||M|||50|]Milotic||Leftovers|Competitive|MuddyWater,Coil,Hypnosis,Protect|Calm||F|||50|]Incineroar||SitrusBerry|Intimidate|FlareBlitz,ThroatChop,FakeOut,PartingShot|Impish||F|||50|
|inactive|Battle timer is ON: inactive players will automatically lose when time's up. (requested by Prepucio Santos)
|c|☆Prepucio Santos|dale rapido que me cago
|inactive|OssiGT has 60 seconds left.
|c|☆Prepucio Santos|daleeee que saleeee la cacaaaaa
|
|t:|1784650310
|teamsize|p1|4
|teamsize|p2|4
|start
|switch|p1a: Excadrill|Excadrill, L50, F|100/100
|switch|p1b: Milotic|Milotic, L50, F|100/100
|switch|p2a: Milotic|Milotic, L50, F|100/100
|switch|p2b: Incineroar|Incineroar, L50, F|100/100
|-ability|p2b: Incineroar|Intimidate|boost
|-unboost|p1a: Excadrill|atk|1
|-unboost|p1b: Milotic|atk|1
|-ability|p1b: Milotic|Competitive|boost
|-boost|p1b: Milotic|spa|2
|turn|1
|
|t:|1784650330
|move|p2b: Incineroar|Fake Out|p1b: Milotic
|-damage|p1b: Milotic|91/100
|move|p1a: Excadrill|High Horsepower|p2b: Incineroar
|-supereffective|p2b: Incineroar|1
|-damage|p2b: Incineroar|42/100
|-enditem|p2b: Incineroar|Sitrus Berry|[eat]
|-heal|p2b: Incineroar|67/100|[from] item: Sitrus Berry
|cant|p1b: Milotic|flinch
|move|p2a: Milotic|Coil|p2a: Milotic
|-boost|p2a: Milotic|atk|1
|-boost|p2a: Milotic|def|1
|-boost|p2a: Milotic|accuracy|1
|
|-heal|p1b: Milotic|97/100|[from] item: Leftovers
|upkeep
|turn|2
|inactive|Prepucio Santos has 30 seconds left.
|inactive|Prepucio Santos has 20 seconds left.
|inactive|Prepucio Santos has 15 seconds left.
|inactive|Prepucio Santos has 10 seconds left.
|
|t:|1784650376
|switch|p1a: Sinistcha|Sinistcha, L50|100/100
|-heal|p1b: Milotic|100/100|[from] ability: Hospitality|[of] p1a: Sinistcha
|move|p1b: Milotic|Coil|p1b: Milotic
|-boost|p1b: Milotic|atk|1
|-boost|p1b: Milotic|def|1
|-boost|p1b: Milotic|accuracy|1
|move|p2a: Milotic|Muddy Water|p1a: Sinistcha|[spread] p1a,p1b
|-resisted|p1a: Sinistcha|1
|-resisted|p1b: Milotic|1
|-damage|p1a: Sinistcha|88/100
|-damage|p1b: Milotic|92/100
|-unboost|p1b: Milotic|accuracy|1
|-ability|p1b: Milotic|Competitive|boost
|-boost|p1b: Milotic|spa|2
|move|p2b: Incineroar|Parting Shot|p1a: Sinistcha
|-unboost|p1a: Sinistcha|atk|1
|-unboost|p1a: Sinistcha|spa|1
|
|t:|1784650387
|switch|p2b: Sinistcha|Sinistcha, L50|100/100|[from] Parting Shot
|
|-heal|p1b: Milotic|98/100|[from] item: Leftovers
|upkeep
|turn|3
|inactive|Prepucio Santos has 30 seconds left.
|
|t:|1784650419
|move|p1a: Sinistcha|Rage Powder|p1a: Sinistcha
|-singleturn|p1a: Sinistcha|move: Rage Powder
|move|p1b: Milotic|Coil|p1b: Milotic
|-boost|p1b: Milotic|atk|1
|-boost|p1b: Milotic|def|1
|-boost|p1b: Milotic|accuracy|1
|move|p2a: Milotic|Hypnosis|p1a: Sinistcha
|-status|p1a: Sinistcha|slp|[from] move: Hypnosis
|move|p2b: Sinistcha|Matcha Gotcha|p1a: Sinistcha|[spread] p1b
|-miss|p2b: Sinistcha|p1a: Sinistcha
|-supereffective|p1b: Milotic|1
|-damage|p1b: Milotic|64/100
|
|-heal|p1b: Milotic|70/100|[from] item: Leftovers
|upkeep
|turn|4
|
|t:|1784650438
|move|p1b: Milotic|Hypnosis|p2a: Milotic
|-status|p2a: Milotic|slp|[from] move: Hypnosis
|cant|p2a: Milotic|slp
|cant|p1a: Sinistcha|slp
|move|p2b: Sinistcha|Matcha Gotcha|p1b: Milotic|[spread] p1a,p1b
|-resisted|p1a: Sinistcha|1
|-supereffective|p1b: Milotic|1
|-damage|p1a: Sinistcha|78/100 slp
|-damage|p1b: Milotic|37/100
|
|-heal|p1b: Milotic|43/100|[from] item: Leftovers
|upkeep
|turn|5
|
|t:|1784650453
|move|p1b: Milotic|Hypnosis|p2b: Sinistcha
|-status|p2b: Sinistcha|slp|[from] move: Hypnosis
|cant|p2a: Milotic|slp
|cant|p1a: Sinistcha|slp
|cant|p2b: Sinistcha|slp
|
|-heal|p1b: Milotic|49/100|[from] item: Leftovers
|upkeep
|turn|6
|
|t:|1784650471
|move|p1b: Milotic|Recover|p1b: Milotic
|-heal|p1b: Milotic|99/100
|-curestatus|p2a: Milotic|slp|[msg]
|move|p2a: Milotic|Hypnosis|p1b: Milotic
|-status|p1b: Milotic|slp|[from] move: Hypnosis
|-curestatus|p1a: Sinistcha|slp|[msg]
|move|p1a: Sinistcha|Matcha Gotcha|p2a: Milotic|[spread] p2a,p2b
|-supereffective|p2a: Milotic|1
|-resisted|p2b: Sinistcha|1
|-damage|p2a: Milotic|78/100
|-heal|p1a: Sinistcha|90/100|[from] drain|[of] p2a: Milotic
|-damage|p2b: Sinistcha|92/100 slp
|-heal|p1a: Sinistcha|94/100|[from] drain|[of] p2b: Sinistcha
|-status|p2a: Milotic|brn
|cant|p2b: Sinistcha|slp
|
|-heal|p1b: Milotic|100/100 slp|[from] item: Leftovers
|-heal|p2a: Milotic|84/100 brn|[from] item: Leftovers
|-damage|p2a: Milotic|78/100 brn|[from] brn
|upkeep
|turn|7
|inactive|Prepucio Santos has 30 seconds left.
|inactive|Prepucio Santos has 20 seconds left.
|
|t:|1784650509
|switch|p2b: Raichu|Raichu, L50, M|100/100
|cant|p1b: Milotic|slp
|move|p2a: Milotic|Hypnosis|p1a: Sinistcha
|-status|p1a: Sinistcha|slp|[from] move: Hypnosis
|cant|p1a: Sinistcha|slp
|
|-heal|p2a: Milotic|84/100 brn|[from] item: Leftovers
|-damage|p2a: Milotic|78/100 brn|[from] brn
|upkeep
|turn|8
|
|t:|1784650525
|detailschange|p2b: Raichu|Raichu-Mega-Y, L50, M
|-mega|p2b: Raichu|Raichu|Raichunite Y
|cant|p1a: Sinistcha|slp
|move|p2b: Raichu|Zap Cannon|p1b: Milotic
|-supereffective|p1b: Milotic|1
|-damage|p1b: Milotic|18/100 slp
|cant|p1b: Milotic|slp
|move|p2a: Milotic|Muddy Water|p1a: Sinistcha|[spread] p1a,p1b
|-resisted|p1a: Sinistcha|1
|-resisted|p1b: Milotic|1
|-damage|p1a: Sinistcha|83/100 slp
|-damage|p1b: Milotic|11/100 slp
|
|-heal|p1b: Milotic|17/100 slp|[from] item: Leftovers
|-heal|p2a: Milotic|84/100 brn|[from] item: Leftovers
|-damage|p2a: Milotic|78/100 brn|[from] brn
|upkeep
|turn|9
|
|t:|1784650545
|switch|p2b: Sinistcha|Sinistcha, L50|92/100 slp
|-heal|p2a: Milotic|100/100 brn|[from] ability: Hospitality|[of] p2b: Sinistcha
|-curestatus|p1a: Sinistcha|slp|[msg]
|move|p1a: Sinistcha|Rage Powder|p1a: Sinistcha
|-singleturn|p1a: Sinistcha|move: Rage Powder
|-curestatus|p1b: Milotic|slp|[msg]
|move|p1b: Milotic|Recover|p1b: Milotic
|-heal|p1b: Milotic|67/100
|move|p2a: Milotic|Muddy Water|p1b: Milotic|[spread] p1a,p1b
|-resisted|p1a: Sinistcha|1
|-resisted|p1b: Milotic|1
|-damage|p1a: Sinistcha|73/100
|-damage|p1b: Milotic|59/100
|-unboost|p1a: Sinistcha|accuracy|1
|-unboost|p1b: Milotic|accuracy|1
|-ability|p1b: Milotic|Competitive|boost
|-boost|p1b: Milotic|spa|2
|
|-heal|p1b: Milotic|65/100|[from] item: Leftovers
|-damage|p2a: Milotic|94/100 brn|[from] brn
|upkeep
|turn|10
|
|t:|1784650558
|switch|p1a: Tyranitar|Tyranitar, L50, F|100/100
|-weather|Sandstorm|[from] ability: Sand Stream|[of] p1a: Tyranitar
|-curestatus|p2b: Sinistcha|slp|[msg]
|move|p2b: Sinistcha|Rage Powder|p2b: Sinistcha
|-singleturn|p2b: Sinistcha|move: Rage Powder
|move|p1b: Milotic|Muddy Water|p2a: Milotic|[spread] p2a,p2b
|-resisted|p2a: Milotic|1
|-resisted|p2b: Sinistcha|1
|-damage|p2a: Milotic|64/100 brn
|-damage|p2b: Sinistcha|53/100
|move|p2a: Milotic|Hypnosis|p1b: Milotic|[miss]
|-miss|p2a: Milotic|p1b: Milotic
|
|-weather|Sandstorm|[upkeep]
|-damage|p1b: Milotic|59/100|[from] Sandstorm
|-damage|p2a: Milotic|58/100 brn|[from] Sandstorm
|-damage|p2b: Sinistcha|47/100|[from] Sandstorm
|-heal|p1b: Milotic|65/100|[from] item: Leftovers
|-heal|p2a: Milotic|64/100 brn|[from] item: Leftovers
|-damage|p2a: Milotic|58/100 brn|[from] brn
|upkeep
|turn|11
|
|t:|1784650578
|detailschange|p1a: Tyranitar|Tyranitar-Mega, L50, F
|-mega|p1a: Tyranitar|Tyranitar|Tyranitarite
|move|p1a: Tyranitar|Knock Off|p2a: Milotic
|-damage|p2a: Milotic|22/100 brn
|-enditem|p2a: Milotic|Leftovers|[from] move: Knock Off|[of] p1a: Tyranitar
|move|p1b: Milotic|Muddy Water|p2b: Sinistcha|[spread] p2a,p2b
|-resisted|p2a: Milotic|1
|-resisted|p2b: Sinistcha|1
|-damage|p2a: Milotic|0 fnt
|-damage|p2b: Sinistcha|3/100
|-unboost|p2b: Sinistcha|accuracy|1
|faint|p2a: Milotic
|move|p2b: Sinistcha|Matcha Gotcha|p1a: Tyranitar|[spread] p1b
|-miss|p2b: Sinistcha|p1a: Tyranitar
|-supereffective|p1b: Milotic|1
|-damage|p1b: Milotic|32/100
|-heal|p2b: Sinistcha|21/100|[from] drain|[of] p1b: Milotic
|
|-weather|Sandstorm|[upkeep]
|-damage|p1b: Milotic|26/100|[from] Sandstorm
|-damage|p2b: Sinistcha|15/100|[from] Sandstorm
|-heal|p1b: Milotic|32/100|[from] item: Leftovers
|upkeep
|
|t:|1784650592
|switch|p2a: Raichu|Raichu-Mega-Y, L50, M|100/100
|turn|12
|
|t:|1784650606
|move|p2a: Raichu|Zap Cannon|p1b: Milotic
|-supereffective|p1b: Milotic|1
|-damage|p1b: Milotic|0 fnt
|faint|p1b: Milotic
|move|p1a: Tyranitar|Rock Slide|p2b: Sinistcha|[spread] p2a,p2b
|-damage|p2a: Raichu|45/100
|-damage|p2b: Sinistcha|0 fnt
|faint|p2b: Sinistcha
|
|-weather|Sandstorm|[upkeep]
|-damage|p2a: Raichu|39/100|[from] Sandstorm
|upkeep
|
|t:|1784650614
|switch|p1b: Sinistcha|Sinistcha, L50|73/100
|switch|p2b: Incineroar|Incineroar, L50, F|67/100
|-ability|p2b: Incineroar|Intimidate|boost
|-unboost|p1a: Tyranitar|atk|1
|-unboost|p1b: Sinistcha|atk|1
|turn|13
|
|t:|1784650630
|move|p2a: Raichu|Protect|p2a: Raichu
|-singleturn|p2a: Raichu|Protect
|move|p1a: Tyranitar|Rock Slide|p2a: Raichu|[spread] p2b
|-activate|p2a: Raichu|move: Protect
|-supereffective|p2b: Incineroar|1
|-damage|p2b: Incineroar|34/100
|move|p2b: Incineroar|Flare Blitz|p1b: Sinistcha
|-supereffective|p1b: Sinistcha|1
|-damage|p1b: Sinistcha|1/100
|-damage|p2b: Incineroar|13/100|[from] Recoil
|move|p1b: Sinistcha|Trick Room|p1b: Sinistcha
|-fieldstart|move: Trick Room|[of] p1b: Sinistcha
|
|-weather|Sandstorm|[upkeep]
|-damage|p2b: Incineroar|7/100|[from] Sandstorm
|-damage|p1b: Sinistcha|0 fnt|[from] Sandstorm
|-damage|p2a: Raichu|33/100|[from] Sandstorm
|faint|p1b: Sinistcha
|upkeep
|
|t:|1784650637
|switch|p1b: Excadrill|Excadrill, L50, F|100/100
|turn|14
|
|t:|1784650649
|move|p1b: Excadrill|Protect|p1b: Excadrill
|-singleturn|p1b: Excadrill|Protect
|move|p2b: Incineroar|Flare Blitz|p1b: Excadrill
|-activate|p1b: Excadrill|move: Protect
|move|p1a: Tyranitar|Knock Off|p2a: Raichu
|-damage|p2a: Raichu|0 fnt
|faint|p2a: Raichu
|
|-weather|none
|upkeep
|turn|15
|-message|OssiGT forfeited.
|
|win|Prepucio Santos
