|j|☆angelbee21
|j|☆DKit15
|html|angelbee21DKit15    
|uhtml|bestof|Game 1 of a best-of-3
|t:|1756864135
|gametype|doubles
|player|p1|angelbee21|lenora|1096
|player|p2|DKit15|giovanni|1093
|gen|9
|tier|[Gen 9] VGC 2025 Reg H (Bo3)
|rated|
|rule|Species Clause: Limit one of each Pokémon
|rule|Item Clause: Limit 1 of each item
|clearpoke
|poke|p1|Flamigo, L50, F|
|poke|p1|Garchomp, L50, F|
|poke|p1|Electabuzz, L50, M|
|poke|p1|Kingambit, L50, F|
|poke|p1|Typhlosion-Hisui, L50, F|
|poke|p1|Ninetales-Alola, L50, F|
|poke|p2|Dragonite, L50, M|
|poke|p2|Incineroar, L50, F|
|poke|p2|Ursaluna-Bloodmoon, L50, M|
|poke|p2|Corviknight, L50, F|
|poke|p2|Amoonguss, L50, M|
|poke|p2|Palafin, L50, M|
|teampreview|4
|showteam|p1|Flamigo||FocusSash|Scrappy|CloseCombat,DualWingbeat,WideGuard,Protect|||F|||50|,,,,,Stellar]Garchomp||LifeOrb|RoughSkin|DragonClaw,StompingTantrum,PoisonJab,Protect|||F|||50|,,,,,Poison]Electabuzz||Eviolite|VitalSpirit|Electroweb,Taunt,FollowMe,Protect|||M|||50|,,,,,Grass]Kingambit||BlackGlasses|Defiant|KowtowCleave,SuckerPunch,IronHead,Protect|||F|||50|,,,,,Dark]Typhlosion-Hisui||ChoiceScarf|Blaze|Eruption,ShadowBall,HeatWave,Overheat|||F|||50|,,,,,Fire]Ninetales-Alola||LightClay|SnowWarning|AuroraVeil,FreezeDry,Moonblast,Protect|||F|||50|,,,,,Water
|showteam|p2|Dragonite||LoadedDice|Multiscale|ScaleShot,Protect,ExtremeSpeed,Haze|||M|||50|,,,,,Fairy]Incineroar||SafetyGoggles|Intimidate|FakeOut,FlareBlitz,PartingShot,KnockOff|||F|||50|,,,,,Ghost]Ursaluna-Bloodmoon||LifeOrb|MindsEye|BloodMoon,EarthPower,HyperVoice,Protect|||M|||50|,,,,,Normal]Corviknight||CovertCloak|MirrorArmor|BraveBird,Protect,Tailwind,Roost|||F|||50|,,,,,Flying]Amoonguss||SitrusBerry|Regenerator|Spore,RagePowder,PollenPuff,SludgeBomb|||M|||50|,,,,,Water]Palafin||ChoiceScarf|ZerotoHero|FlipTurn,JetPunch,DrainPunch,Waterfall|||M|||50|,,,,,Water
|inactive|Battle timer is ON: inactive players will automatically lose when time's up. (requested by angelbee21)
|inactive|angelbee21 has 60 seconds left.
|inactive|DKit15 has 60 seconds left.
|
|t:|1756864172
|teamsize|p1|4
|teamsize|p2|4
|start
|switch|p1a: Typhlosion|Typhlosion-Hisui, L50, F|100/100
|switch|p1b: Ninetales|Ninetales-Alola, L50, F|100/100
|switch|p2a: Palafin|Palafin, L50, M|100/100
|switch|p2b: Dragonite|Dragonite, L50, M|100/100
|-weather|Snowscape|[from] ability: Snow Warning|[of] p1b: Ninetales
|turn|1
|
|t:|1756864193
|switch|p1a: Kingambit|Kingambit, L50, F|100/100
|switch|p2b: Incineroar|Incineroar, L50, F|100/100
|-ability|p2b: Incineroar|Intimidate|boost
|-unboost|p1a: Kingambit|atk|1
|-ability|p1a: Kingambit|Defiant|boost
|-boost|p1a: Kingambit|atk|2
|-unboost|p1b: Ninetales|atk|1
|move|p2a: Palafin|Flip Turn|p1a: Kingambit
|-crit|p1a: Kingambit
|-damage|p1a: Kingambit|76/100
|
|t:|1756864207
|detailschange|p2a: Palafin|Palafin-Hero, L50, M
|switch|p2a: Amoonguss|Amoonguss, L50, M|100/100|[from] Flip Turn
|move|p1b: Ninetales|Aurora Veil|p1b: Ninetales
|-sidestart|p1: angelbee21|move: Aurora Veil
|
|-weather|Snowscape|[upkeep]
|upkeep
|turn|2
|inactive|DKit15 has 30 seconds left.
|
|t:|1756864234
|move|p1b: Ninetales|Protect|p1b: Ninetales
|-singleturn|p1b: Ninetales|Protect
|move|p1a: Kingambit|Protect|p1a: Kingambit
|-singleturn|p1a: Kingambit|Protect
|move|p2b: Incineroar|Fake Out|p1b: Ninetales
|-activate|p1b: Ninetales|move: Protect
|move|p2a: Amoonguss|Sludge Bomb|p1b: Ninetales
|-activate|p1b: Ninetales|move: Protect
|
|-weather|Snowscape|[upkeep]
|upkeep
|turn|3
|
|t:|1756864253
|-terastallize|p1a: Kingambit|Dark
|move|p1b: Ninetales|Freeze-Dry|p2a: Amoonguss
|-supereffective|p2a: Amoonguss
|-damage|p2a: Amoonguss|61/100
|move|p2b: Incineroar|Flare Blitz|p1b: Ninetales
|-supereffective|p1b: Ninetales
|-damage|p1b: Ninetales|45/100
|-damage|p2b: Incineroar|86/100|[from] Recoil
|move|p2a: Amoonguss|Spore|p1a: Kingambit
|-status|p1a: Kingambit|slp|[from] move: Spore
|cant|p1a: Kingambit|slp
|
|-weather|Snowscape|[upkeep]
|upkeep
|turn|4
|
|t:|1756864277
|move|p1b: Ninetales|Protect|p1b: Ninetales
|-singleturn|p1b: Ninetales|Protect
|move|p2b: Incineroar|Flare Blitz|p1b: Ninetales
|-activate|p1b: Ninetales|move: Protect
|move|p2a: Amoonguss|Sludge Bomb|p1a: Kingambit
|-crit|p1a: Kingambit
|-damage|p1a: Kingambit|32/100 slp
|cant|p1a: Kingambit|slp
|
|-weather|Snowscape|[upkeep]
|upkeep
|turn|5
|
|t:|1756864293
|-curestatus|p1a: Kingambit|slp|[msg]
|move|p1a: Kingambit|Sucker Punch|p2a: Amoonguss
|-damage|p2a: Amoonguss|0 fnt
|faint|p2a: Amoonguss
|move|p1b: Ninetales|Moonblast|p2b: Incineroar
|-damage|p2b: Incineroar|57/100
|move|p2b: Incineroar|Flare Blitz|p1b: Ninetales
|-supereffective|p1b: Ninetales
|-damage|p1b: Ninetales|0 fnt
|faint|p1b: Ninetales
|-damage|p2b: Incineroar|46/100|[from] Recoil
|
|-weather|none
|upkeep
|
|t:|1756864310
|switch|p1b: Flamigo|Flamigo, L50, F|100/100
|switch|p2a: Dragonite|Dragonite, L50, M|100/100
|turn|6
|
|t:|1756864325
|move|p1b: Flamigo|Close Combat|p2b: Incineroar
|-supereffective|p2b: Incineroar
|-damage|p2b: Incineroar|0 fnt
|-unboost|p1b: Flamigo|def|1
|-unboost|p1b: Flamigo|spd|1
|faint|p2b: Incineroar
|move|p2a: Dragonite|Scale Shot|p1b: Flamigo|[miss]
|-miss|p2a: Dragonite|p1b: Flamigo
|move|p1a: Kingambit|Kowtow Cleave|p2a: Dragonite
|-damage|p2a: Dragonite|28/100
|
|upkeep
|
|t:|1756864336
|switch|p2b: Palafin|Palafin-Hero, L50, M|100/100
|-activate|p2b: Palafin|ability: Zero to Hero
|turn|7
|inactive|DKit15 has 30 seconds left.
|
|t:|1756864368
|move|p1a: Kingambit|Protect|p1a: Kingambit
|-singleturn|p1a: Kingambit|Protect
|move|p2b: Palafin|Jet Punch|p1a: Kingambit
|-activate|p1a: Kingambit|move: Protect
|move|p1b: Flamigo|Dual Wingbeat|p2a: Dragonite
|-crit|p2a: Dragonite
|-damage|p2a: Dragonite|0 fnt
|faint|p2a: Dragonite
|-hitcount|p2: Dragonite|1
|
|upkeep
|turn|8
|
|t:|1756864382
|move|p2b: Palafin|Jet Punch|p1a: Kingambit
|-crit|p1a: Kingambit
|-damage|p1a: Kingambit|0 fnt
|faint|p1a: Kingambit
|move|p1b: Flamigo|Close Combat|p2b: Palafin
|-damage|p2b: Palafin|40/100
|-unboost|p1b: Flamigo|def|1
|-unboost|p1b: Flamigo|spd|1
|
|-sideend|p1: angelbee21|move: Aurora Veil
|upkeep
|
|t:|1756864384
|switch|p1a: Typhlosion|Typhlosion-Hisui, L50, F|100/100
|turn|9
|
|t:|1756864394
|move|p2b: Palafin|Jet Punch|p1a: Typhlosion
|-supereffective|p1a: Typhlosion
|-damage|p1a: Typhlosion|0 fnt
|faint|p1a: Typhlosion
|move|p1b: Flamigo|Close Combat|p2b: Palafin
|-damage|p2b: Palafin|0 fnt
|-unboost|p1b: Flamigo|def|1
|-unboost|p1b: Flamigo|spd|1
|faint|p2b: Palafin
|
|win|angelbee21
||angelbee21 is ready for game 2.
|inactive|DKit15 has 30 seconds to confirm battle start!
||DKit15 is ready for game 2.
|uhtml|next|Next: Game 2 of 3
|l|☆DKit15
|player|p2|
