|j|☆HamsandwichPOKE
|j|☆tmjp01
|html|HamsandwichPOKEtmjp01    
|uhtml|bestof|Game 1 of a best-of-3
|t:|1782957665
|gametype|doubles
|player|p1|HamsandwichPOKE|1|1000
|player|p2|tmjp01|169|1128
|gen|9
|tier|[Gen 9 Champions] VGC 2026 Reg M-B (Bo3)
|rated|
|rule|Species Clause: Limit one of each Pokémon
|rule|Item Clause: Limit 1 of each item
|clearpoke
|poke|p1|Flapple, L50, F|
|poke|p1|Sableye, L50, M|
|poke|p1|Tyranitar, L50, F|
|poke|p1|Gengar, L50, M|
|poke|p1|Corviknight, L50, M|
|poke|p1|Swampert, L50, M|
|poke|p2|Charizard, L50, M, shiny|
|poke|p2|Whimsicott, L50, M|
|poke|p2|Garchomp, L50, M, shiny|
|poke|p2|Basculegion, L50, M|
|poke|p2|Glimmora, L50, F|
|poke|p2|Kingambit, L50, F|
|teampreview|4
|showteam|p1|Flapple||MiracleSeed|Hustle|GravApple,DragonDance,DualWingbeat,Protect|Adamant||F|||50|]Sableye||MentalHerb|Prankster|FakeOut,LightScreen,WillOWisp,Gravity|Careful||M|||50|]Tyranitar||Tyranitarite|SandStream|RockSlide,KnockOff,ThunderPunch,Protect|Adamant||F|||50|]Gengar|||CursedBody|ShadowBall,SludgeBomb,FocusBlast,TrickRoom|Modest||M|||50|]Corviknight||Leftovers|MirrorArmor|IronDefense,BodyPress,IronHead,Protect|Impish||M|||50|]Swampert||Swampertite|Torrent|WaveCrash,HighHorsepower,FlipTurn,Protect|Careful||M|||50|
|showteam|p2|Charizard||CharizarditeY|SolarPower|HeatWave,WeatherBall,SolarBeam,Protect|Modest||M|||50|]Whimsicott||FairyFeather|Prankster|Moonblast,TrickRoom,Encore,Tailwind|Bold||M|||50|]Garchomp||LifeOrb|RoughSkin|DragonClaw,Earthquake,RockSlide,Protect|Jolly||M|||50|]Basculegion||MysticWater|Adaptability|WaveCrash,AquaJet,LastRespects,Protect|Adamant||M|||50|]Glimmora||FocusSash|ToxicDebris|SludgeBomb,PowerGem,SpikyShield,EarthPower|Modest||F|||50|]Kingambit||BlackGlasses|Defiant|KowtowCleave,SuckerPunch,IronHead,LowKick|Adamant||F|||50|
|
|t:|1782957687
|teamsize|p1|4
|teamsize|p2|4
|start
|switch|p1a: Flapple|Flapple, L50, F|100/100
|switch|p1b: Sableye|Sableye, L50, M|100/100
|switch|p2a: Whimsicott|Whimsicott, L50, M|100/100
|switch|p2b: Glimmora|Glimmora, L50, F|100/100
|turn|1
|
|t:|1782957713
|move|p2a: Whimsicott|Tailwind|p2a: Whimsicott
|-sidestart|p2: tmjp01|move: Tailwind
|move|p1b: Sableye|Will-O-Wisp|p2b: Glimmora
|-status|p2b: Glimmora|brn
|move|p2b: Glimmora|Sludge Bomb|p1a: Flapple
|-supereffective|p1a: Flapple|1
|-damage|p1a: Flapple|0 fnt
|faint|p1a: Flapple
|
|-damage|p2b: Glimmora|93/100 brn|[from] brn
|upkeep
|
|t:|1782957724
|switch|p1a: Tyranitar|Tyranitar, L50, F|100/100
|-weather|Sandstorm|[from] ability: Sand Stream|[of] p1a: Tyranitar
|turn|2
|
|t:|1782957741
|detailschange|p1a: Tyranitar|Tyranitar-Mega, L50, F
|-mega|p1a: Tyranitar|Tyranitar|Tyranitarite
|move|p1a: Tyranitar|Protect|p1a: Tyranitar
|-singleturn|p1a: Tyranitar|Protect
|move|p1b: Sableye|Light Screen|p1b: Sableye
|-sidestart|p1: HamsandwichPOKE|move: Light Screen
|move|p2b: Glimmora|Earth Power|p1a: Tyranitar
|-activate|p1a: Tyranitar|move: Protect
|move|p2a: Whimsicott|Moonblast|p1b: Sableye
|-supereffective|p1b: Sableye|1
|-damage|p1b: Sableye|54/100
|
|-weather|Sandstorm|[upkeep]
|-damage|p2a: Whimsicott|94/100|[from] Sandstorm
|-damage|p1b: Sableye|48/100|[from] Sandstorm
|-damage|p2b: Glimmora|87/100 brn|[from] brn
|upkeep
|turn|3
|
|t:|1782957762
|move|p1b: Sableye|Will-O-Wisp|p2a: Whimsicott
|-status|p2a: Whimsicott|brn
|move|p2b: Glimmora|Earth Power|p1a: Tyranitar
|-supereffective|p1a: Tyranitar|1
|-damage|p1a: Tyranitar|78/100
|-unboost|p1a: Tyranitar|spd|1
|move|p2a: Whimsicott|Moonblast|p1b: Sableye
|-supereffective|p1b: Sableye|1
|-damage|p1b: Sableye|0 fnt
|faint|p1b: Sableye
|move|p1a: Tyranitar|Rock Slide|p2a: Whimsicott|[spread] p2a,p2b
|-damage|p2a: Whimsicott|57/100 brn
|-damage|p2b: Glimmora|40/100 brn
|-activate|p2b: Glimmora|ability: Toxic Debris
|-sidestart|p1: HamsandwichPOKE|move: Toxic Spikes
|
|-weather|Sandstorm|[upkeep]
|-damage|p2a: Whimsicott|51/100 brn|[from] Sandstorm
|-damage|p2b: Glimmora|34/100 brn|[from] brn
|-damage|p2a: Whimsicott|45/100 brn|[from] brn
|upkeep
|
|t:|1782957780
|switch|p1b: Gengar|Gengar, L50, M|100/100
|-sideend|p1: HamsandwichPOKE|move: Toxic Spikes|[of] p1b: Gengar
|turn|4
|
|t:|1782957803
|move|p1a: Tyranitar|Protect|p1a: Tyranitar
|-singleturn|p1a: Tyranitar|Protect
|move|p2b: Glimmora|Earth Power|p1b: Gengar
|-supereffective|p1b: Gengar|1
|-damage|p1b: Gengar|43/100
|-start|p2b: Glimmora|Disable|Earth Power|[from] ability: Cursed Body|[of] p1b: Gengar
|move|p2a: Whimsicott|Moonblast|p1a: Tyranitar
|-activate|p1a: Tyranitar|move: Protect
|move|p1b: Gengar|Shadow Ball|p2b: Glimmora
|-crit|p2b: Glimmora
|-damage|p2b: Glimmora|0 fnt
|faint|p2b: Glimmora
|
|-weather|Sandstorm|[upkeep]
|-damage|p2a: Whimsicott|39/100 brn|[from] Sandstorm
|-damage|p1b: Gengar|37/100|[from] Sandstorm
|-damage|p2a: Whimsicott|33/100 brn|[from] brn
|-sideend|p2: tmjp01|move: Tailwind
|upkeep
|
|t:|1782957811
|switch|p2b: Kingambit|Kingambit, L50, F|100/100
|turn|5
|
|t:|1782957830
|move|p2a: Whimsicott|Tailwind|p2a: Whimsicott
|-sidestart|p2: tmjp01|move: Tailwind
|move|p2b: Kingambit|Kowtow Cleave|p1b: Gengar
|-supereffective|p1b: Gengar|1
|-damage|p1b: Gengar|0 fnt
|-start|p2b: Kingambit|Disable|Kowtow Cleave|[from] ability: Cursed Body|[of] p1b: Gengar
|faint|p1b: Gengar
|move|p1a: Tyranitar|Rock Slide|p2a: Whimsicott|[spread] p2a,p2b
|-resisted|p2b: Kingambit|1
|-damage|p2a: Whimsicott|0 fnt
|-damage|p2b: Kingambit|84/100
|faint|p2a: Whimsicott
|
|-weather|Sandstorm|[upkeep]
|upkeep
|
|t:|1782957839
|switch|p2a: Charizard|Charizard, L50, M, shiny|100/100
|turn|6
|
|t:|1782957851
|detailschange|p2a: Charizard|Charizard-Mega-Y, L50, M, shiny
|-mega|p2a: Charizard|Charizard|Charizardite Y
|-weather|SunnyDay|[from] ability: Drought|[of] p2a: Charizard
|move|p2a: Charizard|Solar Beam||[still]
|-prepare|p2a: Charizard|Solar Beam
|-anim|p2a: Charizard|Solar Beam|p1a: Tyranitar
|-supereffective|p1a: Tyranitar|1
|-damage|p1a: Tyranitar|8/100
|move|p2b: Kingambit|Iron Head|p1a: Tyranitar
|-supereffective|p1a: Tyranitar|1
|-damage|p1a: Tyranitar|0 fnt
|faint|p1a: Tyranitar
|
|win|tmjp01
|l|☆HamsandwichPOKE
|player|p1|
|inactive|HamsandwichPOKE has 30 seconds to confirm battle start!
|inactive|tmjp01 has 30 seconds to confirm battle start!
|raw|HamsandwichPOKE's rating: 1000 → 1000(+0 for losing)
|raw|tmjp01's rating: 1128 → 1144(+16 for winning)
