|j|☆Hookmaster100
|j|☆RouletteRegional
|html|Hookmaster100RouletteRegional    
|uhtml|bestof|Game 2 of a best-of-3
|t:|1784402553
|gametype|doubles
|player|p1|Hookmaster100|1|1218
|player|p2|RouletteRegional|lance|1476
|gen|9
|tier|[Gen 9 Champions] VGC 2026 Reg M-B (Bo3)
|rated|
|rule|Species Clause: Limit one of each Pokémon
|rule|Item Clause: Limit 1 of each item
|clearpoke
|poke|p1|Toxapex, L50, M|
|poke|p1|Metagross, L50|
|poke|p1|Scrafty, L50, F|
|poke|p1|Grimmsnarl, L50, M|
|poke|p1|Charizard, L50, F|
|poke|p1|Sinistcha, L50, shiny|
|poke|p2|Gengar, L50, M|
|poke|p2|Swampert, L50, M|
|poke|p2|Archaludon, L50, M|
|poke|p2|Politoed, L50, F|
|poke|p2|Incineroar, L50, F|
|poke|p2|Vivillon-Fancy, L50, M|
|teampreview|4
|showteam|p1|Toxapex||Leftovers|Regenerator|Infestation,Toxic,BanefulBunker,WideGuard|Calm||M|||50|]Metagross||LifeOrb|ClearBody|IronHead,PsychicFangs,ThunderPunch,Protect|Careful|||||50|]Scrafty||Scraftinite|Intimidate|Detect,FakeOut,DrainPunch,Crunch|Adamant||F|||50|]Grimmsnarl||FocusSash|Prankster|LightScreen,PartingShot,SuckerPunch,PlayRough|Adamant||M|||50|]Charizard||CharizarditeY|SolarPower|HeatWave,Protect,SolarBeam,WeatherBall|Modest||F|||50|]Sinistcha||SitrusBerry|Hospitality|MatchaGotcha,RagePowder,ShadowBall,LifeDew|Calm|||||50|
|showteam|p2|Gengar||Gengarite|CursedBody|ShadowBall,SludgeBomb,PerishSong,Protect|Modest||M|||50|]Swampert||Swampertite|Torrent|WaveCrash,Earthquake,IcePunch,Protect|Adamant||M|||50|]Archaludon||Leftovers|Stamina|ElectroShot,DragonPulse,FlashCannon,Protect|Bold||M|||50|]Politoed||SitrusBerry|Drizzle|WeatherBall,Hypnosis,PerishSong,Protect|Calm||F|||50|]Incineroar||PasshoBerry|Intimidate|ThroatChop,FakeOut,PartingShot,Protect|Impish||F|||50|]Vivillon-Fancy||FocusSash|CompoundEyes|Hurricane,SleepPowder,RagePowder,Protect|Timid||M|||50|
|inactive|Battle timer is ON: inactive players will automatically lose when time's up. (requested by Hookmaster100)
|inactive|Hookmaster100 has 60 seconds left.
|
|t:|1784402602
|teamsize|p1|4
|teamsize|p2|4
|start
|switch|p1a: Charizard|Charizard, L50, F|100/100
|switch|p1b: Scrafty|Scrafty, L50, F|100/100
|switch|p2a: Gengar|Gengar, L50, M|100/100
|switch|p2b: Vivillon|Vivillon-Fancy, L50, M|100/100
|-ability|p1b: Scrafty|Intimidate|boost
|-unboost|p2a: Gengar|atk|1
|-unboost|p2b: Vivillon|atk|1
|turn|1
|
|t:|1784402625
|switch|p2b: Incineroar|Incineroar, L50, F|100/100
|-ability|p2b: Incineroar|Intimidate|boost
|-unboost|p1a: Charizard|atk|1
|-unboost|p1b: Scrafty|atk|1
|detailschange|p2a: Gengar|Gengar-Mega, L50, M
|-mega|p2a: Gengar|Gengar|Gengarite
|detailschange|p1a: Charizard|Charizard-Mega-Y, L50, F
|-mega|p1a: Charizard|Charizard|Charizardite Y
|-weather|SunnyDay|[from] ability: Drought|[of] p1a: Charizard
|move|p2a: Gengar|Protect|p2a: Gengar
|-singleturn|p2a: Gengar|Protect
|move|p1b: Scrafty|Fake Out|p2b: Incineroar
|-damage|p2b: Incineroar|93/100
|move|p1a: Charizard|Weather Ball|p2a: Gengar
|-activate|p2a: Gengar|move: Protect
|
|-weather|SunnyDay|[upkeep]
|upkeep
|turn|2
|
|t:|1784402648
|move|p2b: Incineroar|Fake Out|p1a: Charizard
|-damage|p1a: Charizard|84/100
|move|p2a: Gengar|Perish Song|p2a: Gengar
|-start|p1a: Charizard|perish3|[silent]
|-start|p1b: Scrafty|perish3|[silent]
|-start|p2a: Gengar|perish3|[silent]
|-start|p2b: Incineroar|perish3|[silent]
|-fieldactivate|move: Perish Song
|cant|p1a: Charizard|flinch
|move|p1b: Scrafty|Drain Punch|p2b: Incineroar
|-supereffective|p2b: Incineroar|1
|-damage|p2b: Incineroar|56/100
|
|-weather|SunnyDay|[upkeep]
|-start|p2a: Gengar|perish3
|-start|p1a: Charizard|perish3
|-start|p2b: Incineroar|perish3
|-start|p1b: Scrafty|perish3
|upkeep
|turn|3
|
|t:|1784402664
|move|p2a: Gengar|Protect|p2a: Gengar
|-singleturn|p2a: Gengar|Protect
|move|p2b: Incineroar|Protect|p2b: Incineroar
|-singleturn|p2b: Incineroar|Protect
|move|p1a: Charizard|Weather Ball|p2a: Gengar
|-activate|p2a: Gengar|move: Protect
|move|p1b: Scrafty|Crunch|p2a: Gengar
|-activate|p2a: Gengar|move: Protect
|
|-weather|SunnyDay|[upkeep]
|-start|p2a: Gengar|perish2
|-start|p1a: Charizard|perish2
|-start|p2b: Incineroar|perish2
|-start|p1b: Scrafty|perish2
|upkeep
|turn|4
|
|t:|1784402679
|switch|p2a: Politoed|Politoed, L50, F|100/100
|-weather|RainDance|[from] ability: Drizzle|[of] p2a: Politoed
|move|p1a: Charizard|Weather Ball|p2b: Incineroar
|-supereffective|p2b: Incineroar|1
|-crit|p2b: Incineroar
|-enditem|p2b: Incineroar|Passho Berry|[eat]
|-enditem|p2b: Incineroar|Passho Berry|[weaken]
|-damage|p2b: Incineroar|0 fnt
|faint|p2b: Incineroar
|move|p1b: Scrafty|Drain Punch|p2a: Politoed
|-damage|p2a: Politoed|76/100
|
|-weather|RainDance|[upkeep]
|-start|p1a: Charizard|perish1
|-start|p1b: Scrafty|perish1
|upkeep
|
|t:|1784402684
|switch|p2b: Gengar|Gengar-Mega, L50, M|100/100
|turn|5
|
|t:|1784402697
|move|p2b: Gengar|Protect|p2b: Gengar
|-singleturn|p2b: Gengar|Protect
|move|p2a: Politoed|Protect|p2a: Politoed
|-singleturn|p2a: Politoed|Protect
|move|p1a: Charizard|Solar Beam||[still]
|-prepare|p1a: Charizard|Solar Beam
|move|p1b: Scrafty|Crunch|p2b: Gengar
|-activate|p2b: Gengar|move: Protect
|
|-weather|RainDance|[upkeep]
|-start|p1a: Charizard|perish0
|-start|p1b: Scrafty|perish0
|faint|p1a: Charizard
|faint|p1b: Scrafty
|upkeep
|
|t:|1784402707
|switch|p1a: Sinistcha|Sinistcha, L50, shiny|100/100
|switch|p1b: Toxapex|Toxapex, L50, M|100/100
|turn|6
|-message|Hookmaster100 forfeited.
|
|win|RouletteRegional
|raw|Hookmaster100's rating: 1218 → 1209(-9 for losing)
|raw|RouletteRegional's rating: 1476 → 1483(+7 for winning)
