|j|☆Ian the blue fish
|j|☆Fell Blue
|html|Ian the blue fishFell Blue    
|uhtml|bestof|Game 1 of a best-of-3
|t:|1784171459
|gametype|doubles
|player|p1|Ian the blue fish|janitor|1346
|player|p2|Fell Blue|fantina|1246
|gen|9
|tier|[Gen 9 Champions] VGC 2026 Reg M-B (Bo3)
|rated|
|rule|Species Clause: Limit one of each Pokémon
|rule|Item Clause: Limit 1 of each item
|clearpoke
|poke|p1|Staraptor, L50, M|
|poke|p1|Vanilluxe, L50, F|
|poke|p1|Blastoise, L50, F|
|poke|p1|Farigiraf, L50, M|
|poke|p1|Kingambit, L50, F|
|poke|p1|Camerupt, L50, F|
|poke|p2|Mawile, L50, F|
|poke|p2|Farigiraf, L50, F|
|poke|p2|Drampa, L50, M|
|poke|p2|Kleavor, L50, M|
|poke|p2|Araquanid, L50, M|
|poke|p2|Incineroar, L50, F|
|teampreview|4
|showteam|p1|Staraptor||ChoiceScarf|Intimidate|FinalGambit,BraveBird,CloseCombat,Uturn|Jolly||M|||50|]Vanilluxe||NeverMeltIce|SnowWarning|Blizzard,FreezeDry,Protect,IceShard|Quiet||F|||50|]Blastoise||Blastoisinite|RainDish|WaterSpout,FakeOut,DarkPulse,AuraSphere|Quiet||F|||50|]Farigiraf||SitrusBerry|ArmorTail|PsychicFangs,HyperVoice,HelpingHand,TrickRoom|Relaxed||M|||50|]Kingambit||LifeOrb|Defiant|KowtowCleave,IronHead,Protect,SuckerPunch|Brave||F|||50|]Camerupt||Cameruptite|SolidRock|HeatWave,EarthPower,Protect,AncientPower|Quiet||F|||50|
|showteam|p2|Mawile||Mawilite|HyperCutter|RockSlide,PlayRough,SuckerPunch,BrickBreak|Brave||F|||50|]Farigiraf||SitrusBerry|ArmorTail|Thunderbolt,HelpingHand,Psychic,TrickRoom|Modest||F|||50|]Drampa||Drampanite|CloudNine|EarthPower,EnergyBall,Thunderbolt,Protect|Quiet||M|||50|]Kleavor||FocusSash|Sharpness|StoneAxe,CloseCombat,XScissor,NightSlash|Adamant||M|||50|]Araquanid||MysticWater|WaterBubble|Surf,HydroPump,MirrorCoat,Endeavor|Quiet||M|||50|]Incineroar||LifeOrb|Intimidate|CloseCombat,FlareBlitz,FakeOut,ThroatChop|Brave||F|||50|
|c|☆Ian the blue fish|Glhf
|
|t:|1784171504
|teamsize|p1|4
|teamsize|p2|4
|start
|switch|p1a: Staraptor|Staraptor, L50, M|100/100
|switch|p1b: Blastoise|Blastoise, L50, F|100/100
|switch|p2a: Farigiraf|Farigiraf, L50, F|100/100
|switch|p2b: Kleavor|Kleavor, L50, M|100/100
|-ability|p1a: Staraptor|Intimidate|boost
|-unboost|p2a: Farigiraf|atk|1
|-unboost|p2b: Kleavor|atk|1
|turn|1
|
|t:|1784171554
|switch|p1b: Farigiraf|Farigiraf, L50, M|100/100
|move|p1a: Staraptor|U-turn|p2b: Kleavor
|-damage|p2b: Kleavor|79/100
|
|t:|1784171560
|switch|p1a: Kingambit|Kingambit, L50, F|100/100|[from] U-turn
|move|p2b: Kleavor|Stone Axe|p1b: Farigiraf
|-damage|p1b: Farigiraf|71/100
|-sidestart|p1: Ian the blue fish|move: Stealth Rock
|move|p2a: Farigiraf|Trick Room|p2a: Farigiraf
|-fieldstart|move: Trick Room|[of] p2a: Farigiraf
|
|upkeep
|turn|2
|
|t:|1784171578
|switch|p2a: Mawile|Mawile, L50, F|100/100
|move|p1a: Kingambit|Kowtow Cleave|p2a: Mawile
|-resisted|p2a: Mawile|1
|-damage|p2a: Mawile|61/100
|-damage|p1a: Kingambit|90/100|[from] item: Life Orb
|move|p2b: Kleavor|Close Combat|p1a: Kingambit
|-supereffective|p1a: Kingambit|2
|-damage|p1a: Kingambit|0 fnt
|-unboost|p2b: Kleavor|def|1
|-unboost|p2b: Kleavor|spd|1
|faint|p1a: Kingambit
|move|p1b: Farigiraf|Trick Room|p1b: Farigiraf
|-fieldend|move: Trick Room
|
|upkeep
|
|t:|1784171589
|switch|p1a: Staraptor|Staraptor, L50, M|100/100
|-damage|p1a: Staraptor|75/100|[from] Stealth Rock
|-ability|p1a: Staraptor|Intimidate|boost
|-fail|p2a: Mawile|unboost|Attack|[from] ability: Hyper Cutter|[of] p2a: Mawile
|-unboost|p2b: Kleavor|atk|1
|turn|3
|
|t:|1784171621
|detailschange|p2a: Mawile|Mawile-Mega, L50, F
|-mega|p2a: Mawile|Mawile|Mawilite
|move|p1a: Staraptor|Brave Bird|p2b: Kleavor
|-damage|p2b: Kleavor|0 fnt
|faint|p2b: Kleavor
|-damage|p1a: Staraptor|51/100|[from] Recoil
|move|p1b: Farigiraf|Hyper Voice|p2a: Mawile
|-resisted|p2a: Mawile|1
|-damage|p2a: Mawile|42/100
|move|p2a: Mawile|Play Rough|p1b: Farigiraf
|-damage|p1b: Farigiraf|0 fnt
|faint|p1b: Farigiraf
|
|upkeep
|
|t:|1784171634
|switch|p2b: Farigiraf|Farigiraf, L50, F|100/100
|switch|p1b: Blastoise|Blastoise, L50, F|100/100
|-damage|p1b: Blastoise|87/100|[from] Stealth Rock
|turn|4
|
|t:|1784171649
|detailschange|p1b: Blastoise|Blastoise-Mega, L50, F
|-mega|p1b: Blastoise|Blastoise|Blastoisinite
|move|p2a: Mawile|Sucker Punch|p1b: Blastoise
|-damage|p1b: Blastoise|47/100
|move|p1a: Staraptor|Brave Bird|p2b: Farigiraf
|-damage|p2b: Farigiraf|53/100
|-damage|p1a: Staraptor|32/100|[from] Recoil
|move|p1b: Blastoise|Dark Pulse|p2b: Farigiraf
|-supereffective|p2b: Farigiraf|1
|-damage|p2b: Farigiraf|0 fnt
|faint|p2b: Farigiraf
|
|upkeep
|
|t:|1784171657
|switch|p2b: Drampa|Drampa, L50, M|100/100
|-ability|p2b: Drampa|Cloud Nine
|turn|5
|
|t:|1784171681
|move|p2a: Mawile|Sucker Punch|p1a: Staraptor
|-damage|p1a: Staraptor|0 fnt
|faint|p1a: Staraptor
|move|p1b: Blastoise|Aura Sphere|p2a: Mawile
|-damage|p2a: Mawile|0 fnt
|faint|p2a: Mawile
|move|p2b: Drampa|Thunderbolt|p1b: Blastoise
|-supereffective|p1b: Blastoise|1
|-damage|p1b: Blastoise|0 fnt
|faint|p1b: Blastoise
|
|win|Fell Blue
||Ian the blue fish is ready for game 2.
