|j|☆test220102
|j|☆SuprEpcGuy
|html|test220102SuprEpcGuy    
|uhtml|bestof|Game 2 of a best-of-3
|t:|1784914461
|gametype|doubles
|player|p1|test220102|266|1151
|player|p2|SuprEpcGuy|shauntal|1111
|gen|9
|tier|[Gen 9 Champions] VGC 2026 Reg M-B (Bo3)
|rated|
|rule|Species Clause: Limit one of each Pokémon
|rule|Item Clause: Limit 1 of each item
|clearpoke
|poke|p1|Gengar, L50, M|
|poke|p1|Ninetales-Alola, L50, F|
|poke|p1|Incineroar, L50, F|
|poke|p1|Kommo-o, L50, F|
|poke|p1|Raichu, L50, F|
|poke|p1|Volcarona, L50, F|
|poke|p2|Zoroark-Hisui, L50, F|
|poke|p2|Torkoal, L50, F|
|poke|p2|Farigiraf, L50, F|
|poke|p2|Floette-Eternal, L50, F|
|poke|p2|Aerodactyl, L50, F|
|poke|p2|Incineroar, L50, M|
|teampreview|4
|showteam|p1|Gengar||Gengarite|CursedBody|Protect,PerishSong,ShadowBall,SludgeBomb|Timid||M|||50|]Ninetales-Alola||FocusSash|SnowWarning|Protect,Encore,Blizzard,FreezeDry|Timid||F|||50|]Incineroar||PasshoBerry|Intimidate|Protect,FakeOut,PartingShot,DarkestLariat|Impish||F|||50|]Kommo-o||LifeOrb|Soundproof|Protect,ClangingScales,ClangorousSoul,AuraSphere|Timid||F|||50|]Raichu||RaichuniteX|LightningRod|Protect,FakeOut,VoltTackle,VoltSwitch|Jolly||F|||50|]Volcarona||ChartiBerry|FlameBody|Protect,RagePowder,StruggleBug,Flamethrower|Modest||F|||50|
|showteam|p2|Zoroark-Hisui||ChoiceScarf|Illusion|IcyWind,BitterMalice,Flamethrower,Taunt|Timid||F|||50|]Torkoal||Charcoal|Drought|Eruption,WeatherBall,EarthPower,Protect|Quiet||F|||50|]Farigiraf||ColburBerry|ArmorTail|Psychic,HyperVoice,TrickRoom,HelpingHand|Quiet||F|||50|]Floette-Eternal||Floettite|FlowerVeil|Moonblast,DazzlingGleam,LightofRuin,Protect|Timid||F|||50|]Aerodactyl||LifeOrb|Unnerve|RockSlide,IceFang,DualWingbeat,Protect|Jolly||F|||50|]Incineroar||SitrusBerry|Intimidate|FakeOut,DarkestLariat,FlareBlitz,PartingShot|Adamant||M|||50|
|inactive|Battle timer is ON: inactive players will automatically lose when time's up. (requested by test220102)
|inactive|SuprEpcGuy also wants the timer to be on.
|
|t:|1784914486
|teamsize|p1|4
|teamsize|p2|4
|start
|switch|p1a: Volcarona|Volcarona, L50, F|100/100
|switch|p1b: Kommo-o|Kommo-o, L50, F|100/100
|switch|p2a: Incineroar|Incineroar, L50, M|100/100
|switch|p2b: Steve|Aerodactyl, L50, F|100/100
|-ability|p2a: Incineroar|Intimidate|boost
|-unboost|p1a: Volcarona|atk|1
|-unboost|p1b: Kommo-o|atk|1
|turn|1
|inactive|SuprEpcGuy has 30 seconds left.
|
|t:|1784914515
|move|p1b: Kommo-o|Protect|p1b: Kommo-o
|-singleturn|p1b: Kommo-o|Protect
|move|p1a: Volcarona|Protect|p1a: Volcarona
|-singleturn|p1a: Volcarona|Protect
|move|p2b: Steve|Taunt|p1b: Kommo-o
|-activate|p1b: Kommo-o|move: Protect
|move|p2a: Incineroar|Parting Shot|p1a: Volcarona
|-activate|p1a: Volcarona|move: Protect
|
|upkeep
|turn|2
|
|t:|1784914527
|move|p1a: Volcarona|Rage Powder|p1a: Volcarona
|-singleturn|p1a: Volcarona|move: Rage Powder
|move|p2b: Steve|Taunt|p1a: Volcarona
|-start|p1a: Volcarona|move: Taunt
|move|p1b: Kommo-o|Clangorous Soul|p1b: Kommo-o
|-boost|p1b: Kommo-o|atk|1
|-boost|p1b: Kommo-o|def|1
|-boost|p1b: Kommo-o|spa|1
|-boost|p1b: Kommo-o|spd|1
|-boost|p1b: Kommo-o|spe|1
|-damage|p1b: Kommo-o|67/100
|move|p2a: Incineroar|Darkest Lariat|p1a: Volcarona
|-damage|p1a: Volcarona|39/100
|
|upkeep
|turn|3
|inactive|test220102 has 30 seconds left.
|inactive|SuprEpcGuy has 30 seconds left.
|
|t:|1784914560
|switch|p2b: Floette|Floette-Eternal, L50, F|100/100
|move|p1b: Kommo-o|Clangorous Soul|p1b: Kommo-o
|-boost|p1b: Kommo-o|atk|1
|-boost|p1b: Kommo-o|def|1
|-boost|p1b: Kommo-o|spa|1
|-boost|p1b: Kommo-o|spd|1
|-boost|p1b: Kommo-o|spe|1
|-damage|p1b: Kommo-o|34/100
|move|p1a: Volcarona|Flamethrower|p2b: Floette
|-damage|p2b: Floette|49/100
|move|p2a: Incineroar|Parting Shot|p1b: Kommo-o
|-immune|p1b: Kommo-o|[from] ability: Soundproof
|
|upkeep
|turn|4
|c|☆SuprEpcGuy|Oh right
|inactive|test220102 has 30 seconds left.
|inactive|test220102 has 20 seconds left.
|
|t:|1784914595
|detailschange|p2b: Floette|Floette-Mega, L50, F
|-mega|p2b: Floette|Floette|Floettite
|-ability|p2b: Floette|Fairy Aura
|move|p2b: Floette|Protect|p2b: Floette
|-singleturn|p2b: Floette|Protect
|move|p1b: Kommo-o|Clanging Scales|p2b: Floette|[spread] p2a
|-activate|p2b: Floette|move: Protect
|-damage|p2a: Incineroar|9/100
|-enditem|p2a: Incineroar|Sitrus Berry|[eat]
|-heal|p2a: Incineroar|34/100|[from] item: Sitrus Berry
|-unboost|p1b: Kommo-o|def|1
|-damage|p1b: Kommo-o|24/100|[from] item: Life Orb
|move|p1a: Volcarona|Flamethrower|p2a: Incineroar
|-resisted|p2a: Incineroar|1
|-damage|p2a: Incineroar|6/100
|move|p2a: Incineroar|Darkest Lariat|p1b: Kommo-o
|-resisted|p1b: Kommo-o|1
|-damage|p1b: Kommo-o|2/100
|
|upkeep
|turn|5
|inactive|SuprEpcGuy has 30 seconds left.
|
|t:|1784914629
|move|p1b: Kommo-o|Protect|p1b: Kommo-o
|-singleturn|p1b: Kommo-o|Protect
|move|p2b: Floette|Dazzling Gleam|p1b: Kommo-o|[spread] p1a
|-activate|p1b: Kommo-o|move: Protect
|-resisted|p1a: Volcarona|1
|-damage|p1a: Volcarona|16/100
|move|p1a: Volcarona|Struggle Bug|p2a: Incineroar|[spread] p2a,p2b
|-resisted|p2b: Floette|1
|-damage|p2a: Incineroar|0 fnt
|-damage|p2b: Floette|41/100
|-unboost|p2b: Floette|spa|1
|faint|p2a: Incineroar
|
|-end|p1a: Volcarona|move: Taunt
|upkeep
|
|t:|1784914643
|switch|p2a: Steve|Aerodactyl, L50, F|100/100
|turn|6
|
|t:|1784914658
|move|p2b: Floette|Protect|p2b: Floette
|-singleturn|p2b: Floette|Protect
|move|p1b: Kommo-o|Aura Sphere|p2a: Steve
|-immune|p2a: Steve
|move|p2a: Steve|Icy Wind|p1a: Volcarona|[spread] p1a,p1b
|-resisted|p1a: Volcarona|1
|-supereffective|p1b: Kommo-o|1
|-damage|p1a: Volcarona|9/100
|-damage|p1b: Kommo-o|0 fnt
|-unboost|p1a: Volcarona|spe|1
|faint|p1b: Kommo-o
|move|p1a: Volcarona|Flamethrower|p2b: Floette
|-activate|p2b: Floette|move: Protect
|
|upkeep
|
|t:|1784914673
|switch|p1b: Gengar|Gengar, L50, M|100/100
|turn|7
|
|t:|1784914689
|switch|p2b: Steve|Aerodactyl, L50, F|100/100
|-ability|p2b: Steve|Unnerve
|switch|p1a: Ninetales|Ninetales-Alola, L50, F|100/100
|-weather|Snowscape|[from] ability: Snow Warning|[of] p1a: Ninetales
|detailschange|p1b: Gengar|Gengar-Mega, L50, M
|-mega|p1b: Gengar|Gengar|Gengarite
|move|p2a: Steve|Icy Wind|p1a: Ninetales|[spread] p1a,p1b
|-resisted|p1a: Ninetales|1
|-damage|p1a: Ninetales|91/100
|-damage|p1b: Gengar|79/100
|-unboost|p1a: Ninetales|spe|1
|-unboost|p1b: Gengar|spe|1
|move|p1b: Gengar|Sludge Bomb|p2b: Steve
|-resisted|p2b: Steve|1
|-damage|p2b: Steve|59/100
|
|-weather|Snowscape|[upkeep]
|upkeep
|turn|8
|inactive|SuprEpcGuy has 30 seconds left.
|
|t:|1784914721
|move|p1b: Gengar|Protect|p1b: Gengar
|-singleturn|p1b: Gengar|Protect
|move|p2a: Steve|Icy Wind|p1b: Gengar|[spread] 
|-activate|p1b: Gengar|move: Protect
|-miss|p2a: Steve|p1a: Ninetales
|move|p2b: Steve|Rock Slide|p1a: Ninetales|[spread] p1a
|-activate|p1b: Gengar|move: Protect
|-supereffective|p1a: Ninetales|1
|-damage|p1a: Ninetales|24/100
|-damage|p2b: Steve|50/100g|[from] item: Life Orb
|move|p1a: Ninetales|Blizzard|p2a: Steve|[spread] p2a,p2b
|-supereffective|p2b: Steve|1
|-damage|p2a: Steve|33/100
|-damage|p2b: Steve|0 fnt
|replace|p2a: Boo|Zoroark-Hisui, L50, F
|-end|p2a: Boo|Illusion
|faint|p2b: Steve
|
|-weather|Snowscape|[upkeep]
|upkeep
|
|t:|1784914734
|switch|p2b: Floette|Floette-Mega, L50, F|41/100
|-ability|p2b: Floette|Fairy Aura
|turn|9
|
|t:|1784914753
|move|p2a: Boo|Icy Wind|p1b: Gengar|[spread] p1a,p1b
|-resisted|p1a: Ninetales|1
|-damage|p1a: Ninetales|15/100
|-damage|p1b: Gengar|60/100
|-unboost|p1a: Ninetales|spe|1
|-unboost|p1b: Gengar|spe|1
|move|p2b: Floette|Dazzling Gleam|p1a: Ninetales|[spread] p1a,p1b
|-resisted|p1b: Gengar|1
|-damage|p1a: Ninetales|0 fnt
|-damage|p1b: Gengar|29/100
|faint|p1a: Ninetales
|move|p1b: Gengar|Perish Song|p1b: Gengar
|-start|p1b: Gengar|perish3|[silent]
|-start|p2a: Boo|perish3|[silent]
|-start|p2b: Floette|perish3|[silent]
|-fieldactivate|move: Perish Song
|
|-weather|Snowscape|[upkeep]
|-start|p2a: Boo|perish3
|-start|p2b: Floette|perish3
|-start|p1b: Gengar|perish3
|upkeep
|
|t:|1784914765
|switch|p1a: Volcarona|Volcarona, L50, F|9/100
|turn|10
|
|t:|1784914775
|move|p1a: Volcarona|Protect|p1a: Volcarona
|-singleturn|p1a: Volcarona|Protect
|move|p1b: Gengar|Protect|p1b: Gengar
|-singleturn|p1b: Gengar|Protect
|move|p2a: Boo|Icy Wind|p1a: Volcarona|[spread] 
|-activate|p1a: Volcarona|move: Protect
|-activate|p1b: Gengar|move: Protect
|move|p2b: Floette|Dazzling Gleam|p1a: Volcarona|[spread] 
|-activate|p1a: Volcarona|move: Protect
|-activate|p1b: Gengar|move: Protect
|
|-weather|Snowscape|[upkeep]
|-start|p2a: Boo|perish2
|-start|p2b: Floette|perish2
|-start|p1b: Gengar|perish2
|upkeep
|turn|11
|
|t:|1784914785
|move|p1a: Volcarona|Rage Powder|p1a: Volcarona
|-singleturn|p1a: Volcarona|move: Rage Powder
|move|p2a: Boo|Icy Wind|p1b: Gengar|[spread] p1a,p1b
|-resisted|p1a: Volcarona|1
|-damage|p1a: Volcarona|3/100
|-damage|p1b: Gengar|10/100
|-unboost|p1a: Volcarona|spe|1
|-unboost|p1b: Gengar|spe|1
|move|p2b: Floette|Dazzling Gleam|p1b: Gengar|[spread] p1a,p1b
|-resisted|p1a: Volcarona|1
|-resisted|p1b: Gengar|1
|-damage|p1a: Volcarona|0 fnt
|-damage|p1b: Gengar|0 fnt
|faint|p1a: Volcarona
|faint|p1b: Gengar
|
|win|SuprEpcGuy
|raw|test220102's rating: 1151 → 1123(-28 for losing)
|raw|SuprEpcGuy's rating: 1111 → 1139(+28 for winning)
