|j|☆victorlien
|j|☆Llama_Llord
|html|victorlienLlama_Llord    
|uhtml|bestof|Game 3 of a best-of-3
|t:|1756799929
|gametype|doubles
|player|p1|victorlien|blaine|1236
|player|p2|Llama_Llord|1|1073
|gen|9
|tier|[Gen 9] VGC 2025 Reg H (Bo3)
|rated|
|rule|Species Clause: Limit one of each Pokémon
|rule|Item Clause: Limit 1 of each item
|clearpoke
|poke|p1|Gholdengo, L50|
|poke|p1|Amoonguss, L50, F|
|poke|p1|Porygon2, L50|
|poke|p1|Ursaluna, L50, M|
|poke|p1|Kilowattrel, L50, F|
|poke|p1|Incineroar, L50, M|
|poke|p2|Talonflame, L50, M|
|poke|p2|Garchomp, L50, F|
|poke|p2|Gholdengo, L50|
|poke|p2|Tyranitar, L50, F|
|poke|p2|Amoonguss, L50, F|
|poke|p2|Milotic, L50, F|
|teampreview|4
|showteam|p1|Gholdengo||LifeOrb|GoodasGold|MakeItRain,ShadowBall,NastyPlot,Protect||||||50|,,,,,Water]Amoonguss||RockyHelmet|Regenerator|Spore,PollenPuff,RagePowder,Protect|||F|||50|,,,,,Water]Porygon2||Eviolite|Download|TrickRoom,IceBeam,TeraBlast,Recover||||||50|,,,,,Fighting]Ursaluna||FlameOrb|Guts|Facade,HeadlongRush,Earthquake,Protect|||M|||50|,,,,,Ghost]Kilowattrel||SafetyGoggles|Competitive|Protect,VoltSwitch,Hurricane,Tailwind|||F|||50|,,,,,Electric]Incineroar||AssaultVest|Intimidate|FlareBlitz,KnockOff,FakeOut,Uturn|||M|||50|,,,,,Bug
|showteam|p2|Talonflame||CovertCloak|GaleWings|Tailwind,BraveBird,WillOWisp,Taunt|||M|||50|,,,,,Grass]Garchomp||LifeOrb|RoughSkin|Earthquake,DragonClaw,StompingTantrum,Protect|||F|||50|,,,,,Fairy]Gholdengo||ChoiceSpecs|GoodasGold|MakeItRain,ShadowBall,Thunderbolt,PowerGem||||||50|,,,,,Steel]Tyranitar||AssaultVest|SandStream|RockSlide,KnockOff,TeraBlast,LowKick|||F|||50|,,,,,Flying]Amoonguss||SitrusBerry|Regenerator|PollenPuff,Spore,RagePowder,Protect|||F|||50|,,,,,Grass]Milotic||SafetyGoggles|Competitive|Scald,IcyWind,Haze,Protect|||F|||50|,,,,,Dragon
|inactive|Battle timer is ON: inactive players will automatically lose when time's up. (requested by Llama_Llord)
|inactive|Llama_Llord has 60 seconds left.
|
|t:|1756799960
|teamsize|p1|4
|teamsize|p2|4
|start
|switch|p1a: Gholdengo|Gholdengo, L50, shiny|100/100
|switch|p1b: Amoonguss|Amoonguss, L50, F|100/100
|switch|p2a: Talonflame|Talonflame, L50, M|100/100
|switch|p2b: Garchomp|Garchomp, L50, F|100/100
|turn|1
|inactive|victorlien has 30 seconds left.
|
|t:|1756799992
|-terastallize|p1a: Gholdengo|Water
|move|p2a: Talonflame|Brave Bird|p1b: Amoonguss
|-supereffective|p1b: Amoonguss
|-damage|p1b: Amoonguss|48/100
|-damage|p2a: Talonflame|84/100|[from] item: Rocky Helmet|[of] p1b: Amoonguss
|-damage|p2a: Talonflame|64/100|[from] Recoil
|move|p2b: Garchomp|Stomping Tantrum|p1a: Gholdengo
|-damage|p1a: Gholdengo|49/100
|-damage|p2b: Garchomp|91/100|[from] item: Life Orb
|move|p1a: Gholdengo|Nasty Plot|p1a: Gholdengo
|-boost|p1a: Gholdengo|spa|2
|move|p1b: Amoonguss|Spore|p2b: Garchomp
|-status|p2b: Garchomp|slp|[from] move: Spore
|
|upkeep
|turn|2
|inactive|victorlien has 30 seconds left.
|
|t:|1756800024
|switch|p1b: Incineroar|Incineroar, L50, M|100/100
|-ability|p1b: Incineroar|Intimidate|boost
|-unboost|p2a: Talonflame|atk|1
|-unboost|p2b: Garchomp|atk|1
|move|p2a: Talonflame|Brave Bird|p1b: Incineroar
|-damage|p1b: Incineroar|79/100
|-damage|p2a: Talonflame|56/100|[from] Recoil
|cant|p2b: Garchomp|slp
|move|p1a: Gholdengo|Make It Rain|p2a: Talonflame|[spread] p2a,p2b
|-resisted|p2a: Talonflame
|-damage|p2a: Talonflame|0 fnt
|-damage|p2b: Garchomp|0 fnt
|-unboost|p1a: Gholdengo|spa|1
|faint|p2a: Talonflame
|faint|p2b: Garchomp
|-damage|p1a: Gholdengo|40/100|[from] item: Life Orb
|
|upkeep
|
|t:|1756800031
|switch|p2a: Tyranitar|Tyranitar, L50, F|100/100
|switch|p2b: Milotic|Milotic, L50, F|100/100
|-weather|Sandstorm|[from] ability: Sand Stream|[of] p2a: Tyranitar
|turn|3
|inactive|victorlien has 30 seconds left.
|
|t:|1756800066
|move|p1b: Incineroar|Fake Out|p2a: Tyranitar
|-resisted|p2a: Tyranitar
|-damage|p2a: Tyranitar|96/100
|move|p2b: Milotic|Scald|p1b: Incineroar
|-supereffective|p1b: Incineroar
|-damage|p1b: Incineroar|31/100
|move|p1a: Gholdengo|Shadow Ball|p2b: Milotic
|-damage|p2b: Milotic|31/100
|-damage|p1a: Gholdengo|30/100|[from] item: Life Orb
|cant|p2a: Tyranitar|flinch
|
|-weather|Sandstorm|[upkeep]
|-damage|p1a: Gholdengo|24/100|[from] Sandstorm
|-damage|p1b: Incineroar|25/100|[from] Sandstorm
|upkeep
|turn|4
|inactive|victorlien has 30 seconds left.
|
|t:|1756800095
|switch|p1b: Amoonguss|Amoonguss, L50, F|81/100
|move|p2b: Milotic|Protect|p2b: Milotic
|-singleturn|p2b: Milotic|Protect
|move|p1a: Gholdengo|Make It Rain|p2b: Milotic|[spread] p2a
|-activate|p2b: Milotic|move: Protect
|-supereffective|p2a: Tyranitar
|-crit|p2a: Tyranitar
|-damage|p2a: Tyranitar|0 fnt
|-unboost|p1a: Gholdengo|spa|1
|faint|p2a: Tyranitar
|-damage|p1a: Gholdengo|15/100|[from] item: Life Orb
|
|-weather|Sandstorm|[upkeep]
|-damage|p1a: Gholdengo|9/100|[from] Sandstorm
|-damage|p1b: Amoonguss|75/100|[from] Sandstorm
|upkeep
|turn|5
|-message|Llama_Llord forfeited.
|
|win|victorlien
|raw|victorlien's rating: 1236 → 1250(+14 for winning)
|raw|Llama_Llord's rating: 1073 → 1061(-12 for losing)
