|j|☆TOOON
|j|☆naibot2814
|html|TOOONnaibot2814    
|uhtml|bestof|Game 1 of a best-of-3
|t:|1783814758
|gametype|doubles
|player|p1|TOOON|guitarist-gen4|1151
|player|p2|naibot2814|colress|1365
|gen|9
|tier|[Gen 9 Champions] VGC 2026 Reg M-B (Bo3)
|rated|
|rule|Species Clause: Limit one of each Pokémon
|rule|Item Clause: Limit 1 of each item
|clearpoke
|poke|p1|Blaziken, L50, M|
|poke|p1|Venusaur, L50, F|
|poke|p1|Ninetales-Alola, L50, M|
|poke|p1|Lycanroc-Dusk, L50, M|
|poke|p1|Kingambit, L50, M|
|poke|p1|Basculegion, L50, M|
|poke|p2|Garchomp, L50, M, shiny|
|poke|p2|Venusaur, L50, M|
|poke|p2|Incineroar, L50, M|
|poke|p2|Charizard, L50, M|
|poke|p2|Toxapex, L50, M|
|poke|p2|Annihilape, L50, M|
|teampreview|4
|showteam|p1|Blaziken||Blazikenite|SpeedBoost|CloseCombat,FlareBlitz,RockSlide,Detect|Adamant||M|||50|]Venusaur||Venusaurite|Overgrow|GigaDrain,SludgeBomb,EarthPower,Protect|Modest||F|||50|]Ninetales-Alola||NeverMeltIce|SnowWarning|Blizzard,FreezeDry,Encore,Protect|Timid||M|||50|]Lycanroc-Dusk||FocusSash|ToughClaws|Accelerock,RockSlide,CloseCombat,Protect|Adamant||M|||50|]Kingambit||LifeOrb|Defiant|KowtowCleave,SuckerPunch,IronHead,Protect|Adamant||M|||50|]Basculegion||ChoiceScarf|Adaptability|WaveCrash,LastRespects,FlipTurn,AquaJet|Jolly||M|||50|
|showteam|p2|Garchomp||ChoiceScarf|RoughSkin|Earthquake,RockSlide,DragonClaw,StompingTantrum|Adamant||M|||50|]Venusaur||LifeOrb|Chlorophyll|SludgeBomb,SolarBeam,EarthPower,Protect|Modest||M|||50|]Incineroar||SitrusBerry|Intimidate|FakeOut,FlareBlitz,ThroatChop,PartingShot|Impish||M|||50|]Charizard||CharizarditeY|Blaze|HeatWave,WeatherBall,Protect,HelpingHand|Modest||M|||50|]Toxapex||Leftovers|Regenerator|Infestation,Toxic,WideGuard,BanefulBunker|Impish||M|||50|]Annihilape||FocusSash|Defiant|CloseCombat,PhantomForce,RockTomb,Protect|Jolly||M|||50|
|
|t:|1783814810
|teamsize|p1|4
|teamsize|p2|4
|start
|switch|p1a: Blaziken|Blaziken, L50, M|100/100
|switch|p1b: Lycanroc|Lycanroc-Dusk, L50, M|100/100
|switch|p2a: Garchomp|Garchomp, L50, M, shiny|100/100
|switch|p2b: Toxapex|Toxapex, L50, M|100/100
|turn|1
|
|t:|1783814867
|move|p1a: Blaziken|Detect|p1a: Blaziken
|-singleturn|p1a: Blaziken|Protect
|move|p2a: Garchomp|Rock Slide|p1b: Lycanroc|[spread] p1b
|-activate|p1a: Blaziken|move: Protect
|-damage|p1b: Lycanroc|65/100
|cant|p1b: Lycanroc|flinch
|move|p2b: Toxapex|Toxic|p1b: Lycanroc
|-status|p1b: Lycanroc|tox
|
|-damage|p1b: Lycanroc|59/100 tox|[from] psn
|-ability|p1a: Blaziken|Speed Boost|boost
|-boost|p1a: Blaziken|spe|1
|upkeep
|turn|2
|
|t:|1783814886
|detailschange|p1a: Blaziken|Blaziken-Mega, L50, M
|-mega|p1a: Blaziken|Blaziken|Blazikenite
|move|p2a: Garchomp|Rock Slide|p1a: Blaziken|[spread] p1a,p1b
|-damage|p1a: Blaziken|71/100
|-damage|p1b: Lycanroc|26/100 tox
|move|p1a: Blaziken|Close Combat|p2a: Garchomp
|-damage|p2a: Garchomp|21/100
|-unboost|p1a: Blaziken|def|1
|-unboost|p1a: Blaziken|spd|1
|-damage|p1a: Blaziken|59/100|[from] ability: Rough Skin|[of] p2a: Garchomp
|cant|p1b: Lycanroc|flinch
|move|p2b: Toxapex|Toxic|p1a: Blaziken
|-status|p1a: Blaziken|tox
|
|-damage|p1a: Blaziken|54/100 tox|[from] psn
|-damage|p1b: Lycanroc|14/100 tox|[from] psn
|-ability|p1a: Blaziken|Speed Boost|boost
|-boost|p1a: Blaziken|spe|1
|upkeep
|turn|3
|
|t:|1783814907
|move|p2b: Toxapex|Wide Guard|p2b: Toxapex
|-singleturn|p2b: Toxapex|Wide Guard
|move|p1a: Blaziken|Close Combat|p2a: Garchomp
|-damage|p2a: Garchomp|0 fnt
|-unboost|p1a: Blaziken|def|1
|-unboost|p1a: Blaziken|spd|1
|-damage|p1a: Blaziken|42/100 tox|[from] ability: Rough Skin|[of] p2a: Garchomp
|faint|p2a: Garchomp
|move|p1b: Lycanroc|Rock Slide|p2b: Toxapex
|-activate|p2b: Toxapex|move: Wide Guard
|
|-damage|p1a: Blaziken|30/100 tox|[from] psn
|-damage|p1b: Lycanroc|0 fnt|[from] psn
|faint|p1b: Lycanroc
|-ability|p1a: Blaziken|Speed Boost|boost
|-boost|p1a: Blaziken|spe|1
|upkeep
|
|t:|1783814914
|switch|p1b: Ninetales|Ninetales-Alola, L50, M|100/100
|switch|p2a: Charizard|Charizard, L50, M|100/100
|-weather|Snowscape|[from] ability: Snow Warning|[of] p1b: Ninetales
|turn|4
|
|t:|1783814938
|detailschange|p2a: Charizard|Charizard-Mega-Y, L50, M
|-mega|p2a: Charizard|Charizard|Charizardite Y
|-weather|SunnyDay|[from] ability: Drought|[of] p2a: Charizard
|move|p1a: Blaziken|Detect|p1a: Blaziken
|-singleturn|p1a: Blaziken|Protect
|move|p2b: Toxapex|Wide Guard|p2b: Toxapex
|-singleturn|p2b: Toxapex|Wide Guard
|move|p1b: Ninetales|Freeze-Dry|p2b: Toxapex
|-supereffective|p2b: Toxapex|1
|-damage|p2b: Toxapex|50/100g
|move|p2a: Charizard|Weather Ball|p1b: Ninetales
|-supereffective|p1b: Ninetales|1
|-damage|p1b: Ninetales|0 fnt
|faint|p1b: Ninetales
|
|-weather|SunnyDay|[upkeep]
|-heal|p2b: Toxapex|56/100|[from] item: Leftovers
|-damage|p1a: Blaziken|13/100 tox|[from] psn
|-ability|p1a: Blaziken|Speed Boost|boost
|-boost|p1a: Blaziken|spe|1
|upkeep
|
|t:|1783814951
|switch|p1b: Basculegion|Basculegion, L50, M|100/100
|turn|5
|
|t:|1783814967
|move|p2a: Charizard|Protect|p2a: Charizard
|-singleturn|p2a: Charizard|Protect
|move|p1a: Blaziken|Flare Blitz|p2a: Charizard
|-activate|p2a: Charizard|move: Protect
|move|p1b: Basculegion|Last Respects|p2a: Charizard
|-activate|p2a: Charizard|move: Protect
|move|p2b: Toxapex|Infestation|p1b: Basculegion
|-resisted|p1b: Basculegion|1
|-damage|p1b: Basculegion|98/100
|-activate|p1b: Basculegion|move: Infestation|[of] p2b: Toxapex
|
|-weather|SunnyDay|[upkeep]
|-heal|p2b: Toxapex|61/100|[from] item: Leftovers
|-damage|p1a: Blaziken|0 fnt|[from] psn
|faint|p1a: Blaziken
|-damage|p1b: Basculegion|86/100|[from] move: Infestation|[partiallytrapped]
|upkeep
|turn|6
|
|t:|1783814978
|move|p1b: Basculegion|Last Respects|p2b: Toxapex
|-damage|p2b: Toxapex|0 fnt
|faint|p2b: Toxapex
|move|p2a: Charizard|Weather Ball|p1b: Basculegion
|-resisted|p1b: Basculegion|1
|-damage|p1b: Basculegion|36/100
|
|-weather|SunnyDay|[upkeep]
|-end|p1b: Basculegion|Infestation|[partiallytrapped]|[silent]
|upkeep
|
|t:|1783814981
|switch|p2b: Venusaur|Venusaur, L50, M|100/100
|turn|7
|
|t:|1783814987
|move|p2b: Venusaur|Solar Beam||[still]
|-prepare|p2b: Venusaur|Solar Beam
|-anim|p2b: Venusaur|Solar Beam|p1b: Basculegion
|-supereffective|p1b: Basculegion|1
|-damage|p1b: Basculegion|0 fnt
|faint|p1b: Basculegion
|-damage|p2b: Venusaur|90/100|[from] item: Life Orb
|
|win|naibot2814
||TOOON is ready for game 2.
||naibot2814 is ready for game 2.
|uhtml|next|Next: Game 2 of 3
|l|☆TOOON
|player|p1|
