|j|☆psychic system
|j|☆BranchingBee
|html|psychic systemBranchingBee    
|uhtml|bestof|Game 1 of a best-of-3
|t:|1757712147
|gametype|doubles
|player|p1|psychic system|dawn|1174
|player|p2|BranchingBee|265|1035
|gen|9
|tier|[Gen 9] VGC 2025 Reg H (Bo3)
|rated|
|rule|Species Clause: Limit one of each Pokémon
|rule|Item Clause: Limit 1 of each item
|clearpoke
|poke|p1|Incineroar, L50, M|
|poke|p1|Florges, L50, F|
|poke|p1|Amoonguss, L50, F|
|poke|p1|Pelipper, L50, F|
|poke|p1|Garchomp, L50, M|
|poke|p1|Rillaboom, L50, F|
|poke|p2|Perrserker, L50, F|
|poke|p2|Gholdengo, L50|
|poke|p2|Clefable, L50, M|
|poke|p2|Pelipper, L50, F|
|poke|p2|Basculegion, L50, M|
|poke|p2|Murkrow, L50, F|
|teampreview|4
|showteam|p1|Incineroar||SafetyGoggles|Intimidate|FakeOut,KnockOff,FlareBlitz,PartingShot|||M|||50|,,,,,Ghost]Florges||Leftovers|FlowerVeil|Moonblast,DazzlingGleam,CalmMind,Protect|||F|||50|,,,,,Poison]Amoonguss||SitrusBerry|Regenerator|ClearSmog,Spore,PollenPuff,RagePowder|||F|||50|,,,,,Water]Pelipper||ChoiceScarf|Drizzle|MuddyWater,Hurricane,IcyWind,WeatherBall|||F|||50|,,,,,Water]Garchomp||ClearAmulet|RoughSkin|StompingTantrum,DragonClaw,SwordsDance,Protect|||M|||50|,,,,,Poison]Rillaboom||AssaultVest|GrassySurge|DrumBeating,GrassyGlide,HighHorsepower,FakeOut|||F|||50|,,,,,Fire
|showteam|p2|Perrserker||ChopleBerry|SteelySpirit|FakeOut,IronHead,KnockOff,Taunt|||F|||50|,,,,,Dark]Gholdengo||MetalCoat|GoodasGold|MakeItRain,Protect,NastyPlot,ShadowBall||||||50|,,,,,Water]Clefable||SitrusBerry|Unaware|FollowMe,Protect,HealPulse,IcyWind|||M|||50|,,,,,Fairy]Pelipper||FocusSash|Drizzle|Tailwind,Hurricane,WeatherBall,Protect|||F|||50|,,,,,Ghost]Basculegion||ChoiceBand|SwiftSwim|FlipTurn,LastRespects,WaveCrash,AquaJet|||M|||50|,,,,,Water]Murkrow||Eviolite|Insomnia|Tailwind,Taunt,RainDance,Quash|||F|||50|,,,,,Ghost
|inactive|Battle timer is ON: inactive players will automatically lose when time's up. (requested by BranchingBee)
|
|t:|1757712236
|teamsize|p1|4
|teamsize|p2|4
|start
|switch|p1a: Garchomp|Garchomp, L50, M|100/100
|switch|p1b: Rillaboom|Rillaboom, L50, F|100/100
|switch|p2a: Basculegion|Basculegion, L50, M|100/100
|switch|p2b: Pelipper|Pelipper, L50, F|100/100
|-fieldstart|move: Grassy Terrain|[from] ability: Grassy Surge|[of] p1b: Rillaboom
|-weather|RainDance|[from] ability: Drizzle|[of] p2b: Pelipper
|turn|1
|inactive|psychic system has 30 seconds left.
|inactive|BranchingBee has 30 seconds left.
|inactive|BranchingBee has 20 seconds left.
|inactive|BranchingBee has 15 seconds left.
|inactive|BranchingBee has 10 seconds left.
|inactive|BranchingBee has 5 seconds left.
|
|t:|1757712290
|switch|p1a: Amoonguss|Amoonguss, L50, F|100/100
|-terastallize|p2b: Pelipper|Ghost
|move|p2a: Basculegion|Flip Turn|p1a: Amoonguss
|-resisted|p1a: Amoonguss
|-damage|p1a: Amoonguss|76/100
|
|t:|1757712299
|switch|p2a: Perrserker|Perrserker, L50, F|100/100|[from] Flip Turn
|move|p1b: Rillaboom|Drum Beating|p2b: Pelipper
|-damage|p2b: Pelipper|57/100
|-unboost|p2b: Pelipper|spe|1
|move|p2b: Pelipper|Tailwind|p2b: Pelipper
|-sidestart|p2: BranchingBee|move: Tailwind
|
|-weather|RainDance|[upkeep]
|-heal|p2b: Pelipper|63/100|[from] Grassy Terrain
|-heal|p1a: Amoonguss|82/100|[from] Grassy Terrain
|upkeep
|turn|2
|
|t:|1757712320
|switch|p1a: Incineroar|Incineroar, L50, M|100/100
|-ability|p1a: Incineroar|Intimidate|boost
|-unboost|p2a: Perrserker|atk|1
|-unboost|p2b: Pelipper|atk|1
|move|p2a: Perrserker|Fake Out|p1b: Rillaboom
|-damage|p1b: Rillaboom|92/100
|move|p2b: Pelipper|Hurricane|p1a: Incineroar
|-damage|p1a: Incineroar|66/100
|cant|p1b: Rillaboom|flinch
|
|-weather|RainDance|[upkeep]
|-heal|p2b: Pelipper|69/100|[from] Grassy Terrain
|-heal|p1b: Rillaboom|98/100|[from] Grassy Terrain
|-heal|p1a: Incineroar|72/100|[from] Grassy Terrain
|upkeep
|turn|3
|inactive|BranchingBee has 30 seconds left.
|
|t:|1757712352
|switch|p1a: Amoonguss|Amoonguss, L50, F|100/100
|move|p2a: Perrserker|Knock Off|p1b: Rillaboom
|-damage|p1b: Rillaboom|75/100
|-enditem|p1b: Rillaboom|Assault Vest|[from] move: Knock Off|[of] p2a: Perrserker
|move|p2b: Pelipper|Weather Ball|p1a: Amoonguss
|-resisted|p1a: Amoonguss
|-damage|p1a: Amoonguss|77/100
|move|p1b: Rillaboom|Drum Beating|p2b: Pelipper
|-damage|p2b: Pelipper|27/100
|-unboost|p2b: Pelipper|spe|1
|
|-weather|RainDance|[upkeep]
|-heal|p1b: Rillaboom|81/100|[from] Grassy Terrain
|-heal|p2b: Pelipper|33/100|[from] Grassy Terrain
|-heal|p1a: Amoonguss|83/100|[from] Grassy Terrain
|upkeep
|turn|4
|inactive|psychic system has 30 seconds left.
|inactive|BranchingBee has 30 seconds left.
|j| YouSickBastard!!
|inactive|psychic system has 20 seconds left.
|inactive|BranchingBee has 20 seconds left.
|inactive|psychic system has 15 seconds left.
|inactive|psychic system has 10 seconds left.
|inactive|BranchingBee has 15 seconds left.
|inactive|psychic system has 5 seconds left.
|
|t:|1757712403
|switch|p1a: Incineroar|Incineroar, L50, M|72/100
|-ability|p1a: Incineroar|Intimidate|boost
|-unboost|p2a: Perrserker|atk|1
|-unboost|p2b: Pelipper|atk|1
|move|p2a: Perrserker|Iron Head|p1a: Incineroar
|-resisted|p1a: Incineroar
|-damage|p1a: Incineroar|59/100
|move|p1b: Rillaboom|Drum Beating|p2b: Pelipper
|-damage|p2b: Pelipper|0 fnt
|faint|p2b: Pelipper
|
|-weather|RainDance|[upkeep]
|-heal|p1b: Rillaboom|86/100|[from] Grassy Terrain
|-heal|p1a: Incineroar|65/100|[from] Grassy Terrain
|-sideend|p2: BranchingBee|move: Tailwind
|upkeep
|
|t:|1757712420
|switch|p2b: Gholdengo|Gholdengo, L50|100/100
|turn|5
|
|t:|1757712433
|move|p2b: Gholdengo|Make It Rain|p1a: Incineroar|[spread] p1a,p1b
|-resisted|p1a: Incineroar
|-damage|p1a: Incineroar|28/100
|-damage|p1b: Rillaboom|5/100
|-unboost|p2b: Gholdengo|spa|1
|move|p1b: Rillaboom|Drum Beating|p2b: Gholdengo
|-resisted|p2b: Gholdengo
|-damage|p2b: Gholdengo|72/100
|-unboost|p2b: Gholdengo|spe|1
|move|p1a: Incineroar|Knock Off|p2b: Gholdengo
|-supereffective|p2b: Gholdengo
|-damage|p2b: Gholdengo|0 fnt
|-enditem|p2b: Gholdengo|Metal Coat|[from] move: Knock Off|[of] p1a: Incineroar
|faint|p2b: Gholdengo
|move|p2a: Perrserker|Knock Off|p1b: Rillaboom
|-crit|p1b: Rillaboom
|-damage|p1b: Rillaboom|0 fnt
|faint|p1b: Rillaboom
|
|-weather|none
|-heal|p1a: Incineroar|34/100|[from] Grassy Terrain
|-fieldend|move: Grassy Terrain
|upkeep
|
|t:|1757712451
|switch|p2b: Basculegion|Basculegion, L50, M|100/100
|switch|p1b: Amoonguss|Amoonguss, L50, F|100/100
|turn|6
|
|t:|1757712470
|switch|p1a: Garchomp|Garchomp, L50, M|100/100
|move|p2b: Basculegion|Last Respects|p1a: Garchomp
|-damage|p1a: Garchomp|0 fnt
|faint|p1a: Garchomp
|move|p2a: Perrserker|Taunt|p1b: Amoonguss
|-start|p1b: Amoonguss|move: Taunt
|cant|p1b: Amoonguss|move: Taunt|Spore
|
|upkeep
|
|t:|1757712479
|switch|p1a: Incineroar|Incineroar, L50, M|34/100
|-ability|p1a: Incineroar|Intimidate|boost
|-unboost|p2a: Perrserker|atk|1
|-unboost|p2b: Basculegion|atk|1
|turn|7
|
|t:|1757712492
|move|p2b: Basculegion|Last Respects|p1a: Incineroar
|-resisted|p1a: Incineroar
|-damage|p1a: Incineroar|3/100
|move|p1a: Incineroar|Knock Off|p2b: Basculegion
|-supereffective|p2b: Basculegion
|-damage|p2b: Basculegion|0 fnt
|-enditem|p2b: Basculegion|Choice Band|[from] move: Knock Off|[of] p1a: Incineroar
|faint|p2b: Basculegion
|move|p2a: Perrserker|Knock Off|p1b: Amoonguss
|-damage|p1b: Amoonguss|91/100
|-enditem|p1b: Amoonguss|Sitrus Berry|[from] move: Knock Off|[of] p2a: Perrserker
|move|p1b: Amoonguss|Pollen Puff|p1a: Incineroar
|-heal|p1a: Incineroar|53/100
|
|upkeep
|turn|8
|-message|BranchingBee forfeited.
|
|win|psychic system
||psychic system is ready for game 2.
||BranchingBee is ready for game 2.
|uhtml|next|Next: Game 2 of 3
