|j|☆shaboogles
|j|☆3Soul3
|html|shaboogles3Soul3    
|uhtml|bestof|Game 2 of a best-of-3
|t:|1783946935
|gametype|doubles
|player|p1|shaboogles|rosa|
|player|p2|3Soul3|iris-gen5bw2|
|gen|9
|tier|[Gen 9 Champions] VGC 2026 Reg M-B (Bo3)
|rule|Species Clause: Limit one of each Pokémon
|rule|Item Clause: Limit 1 of each item
|clearpoke
|poke|p1|Chandelure, L50, F|
|poke|p1|Chesnaught, L50, F|
|poke|p1|Greninja, L50, M|
|poke|p1|Rotom-Mow, L50|
|poke|p1|Krookodile, L50, M|
|poke|p1|Ariados, L50, M|
|poke|p2|Floette-Eternal, L50, F|
|poke|p2|Scovillain, L50, M|
|poke|p2|Blastoise, L50, F|
|poke|p2|Krookodile, L50, M|
|poke|p2|Ampharos, L50, F|
|poke|p2|Hawlucha, L50, M|
|teampreview|4
|showteam|p1|Chandelure||Chandelurite|Infiltrator|HeatWave,ShadowBall,TrickRoom,Protect|Modest||F|||50|]Chesnaught||RoseliBerry|Bulletproof|WoodHammer,SpikyShield,HammerArm,WideGuard|Adamant||F|||50|]Greninja||Greninjite|Torrent|IcyWind,Protect,HydroPump,DarkPulse|Timid||M|||50|]Rotom-Mow||ChoiceScarf|Levitate|Thunderbolt,LeafStorm,Electroweb,VoltSwitch|Timid|||||50|]Krookodile||PasshoBerry|Intimidate|Crunch,Taunt,Protect,HighHorsepower|Adamant||M|||50|]Ariados||ScopeLens|Sniper|CrossPoison,Protect,RagePowder,KnockOff|Impish||M|||50|
|showteam|p2|Floette-Eternal||FairyFeather|FlowerVeil|CalmMind,DazzlingGleam,Moonblast,Protect|Modest||F|||50|]Scovillain||FocusSash|Moody|RagePowder,HelpingHand,Flamethrower,Protect|Serious||M|||50|]Blastoise||SitrusBerry|Torrent|HydroPump,WaterSpout,ShellSmash,Protect|Bold||F|||50|]Krookodile||ChoiceScarf|Intimidate|Earthquake,HighHorsepower,KnockOff,RockSlide|Adamant||M|||50|]Ampharos||Ampharosite|Static|Discharge,Thunderbolt,DragonPulse,Protect|Quiet||F|||50|]Hawlucha||Hawluchanite|MoldBreaker|FlyingPress,Encore,Detect,BulkUp|Jolly||M|||50|
|
|t:|1783946988
|teamsize|p1|4
|teamsize|p2|4
|start
|switch|p1a: Rotom|Rotom-Mow, L50|100/100
|switch|p1b: Ariados|Ariados, L50, M|100/100
|switch|p2a: Krookodile|Krookodile, L50, M|100/100
|switch|p2b: Hawlucha|Hawlucha, L50, M|100/100
|-ability|p2a: Krookodile|Intimidate|boost
|-unboost|p1a: Rotom|atk|1
|-unboost|p1b: Ariados|atk|1
|-ability|p2b: Hawlucha|Mold Breaker
|turn|1
|
|t:|1783947028
|detailschange|p2b: Hawlucha|Hawlucha-Mega, L50, M
|-mega|p2b: Hawlucha|Hawlucha|Hawluchanite
|move|p1a: Rotom|Thunderbolt|p2b: Hawlucha
|-supereffective|p2b: Hawlucha|1
|-damage|p2b: Hawlucha|10/100
|move|p2a: Krookodile|Rock Slide|p1a: Rotom|[spread] p1a,p1b
|-supereffective|p1b: Ariados|1
|-damage|p1a: Rotom|75/100
|-damage|p1b: Ariados|57/100
|move|p2b: Hawlucha|Flying Press|p1a: Rotom
|-crit|p1a: Rotom
|-damage|p1a: Rotom|0 fnt
|faint|p1a: Rotom
|cant|p1b: Ariados|flinch
|
|upkeep
|
|t:|1783947037
|switch|p1a: Chandelure|Chandelure, L50, F|100/100
|turn|2
|j| Marafish
|
|t:|1783947077
|detailschange|p1a: Chandelure|Chandelure-Mega, L50, F
|-mega|p1a: Chandelure|Chandelure|Chandelurite
|move|p1b: Ariados|Protect|p1b: Ariados
|-singleturn|p1b: Ariados|Protect
|move|p2a: Krookodile|Rock Slide|p1a: Chandelure|[spread] 
|-activate|p1b: Ariados|move: Protect
|-miss|p2a: Krookodile|p1a: Chandelure
|move|p2b: Hawlucha|Flying Press|p1b: Ariados
|-activate|p1b: Ariados|move: Protect
|move|p1a: Chandelure|Trick Room|p1a: Chandelure
|-fieldstart|move: Trick Room|[of] p1a: Chandelure
|
|upkeep
|turn|3
|
|t:|1783947104
|switch|p1b: Krookodile|Krookodile, L50, M|100/100
|-ability|p1b: Krookodile|Intimidate|boost
|-unboost|p2a: Krookodile|atk|1
|-unboost|p2b: Hawlucha|atk|1
|move|p2b: Hawlucha|Detect|p2b: Hawlucha
|-singleturn|p2b: Hawlucha|Protect
|move|p1a: Chandelure|Heat Wave|p2b: Hawlucha|[spread] p2a
|-activate|p2b: Hawlucha|move: Protect
|-damage|p2a: Krookodile|26/100
|move|p2a: Krookodile|Rock Slide|p1a: Chandelure|[spread] p1a,p1b
|-supereffective|p1a: Chandelure|1
|-resisted|p1b: Krookodile|1
|-damage|p1a: Chandelure|70/100
|-damage|p1b: Krookodile|91/100
|
|upkeep
|turn|4
|
|t:|1783947134
|switch|p2a: Scovillain|Scovillain, L50, M|100/100
|move|p1a: Chandelure|Heat Wave|p2b: Hawlucha|[spread] p2a,p2b
|-damage|p2a: Scovillain|31/100
|-damage|p2b: Hawlucha|0 fnt
|faint|p2b: Hawlucha
|move|p1b: Krookodile|High Horsepower|p2a: Scovillain
|-damage|p2a: Scovillain|0 fnt
|faint|p2a: Scovillain
|
|upkeep
|
|t:|1783947146
|switch|p2a: Floette|Floette-Eternal, L50, F|100/100
|switch|p2b: Krookodile|Krookodile, L50, M|26/100
|-ability|p2b: Krookodile|Intimidate|boost
|-unboost|p1a: Chandelure|atk|1
|-unboost|p1b: Krookodile|atk|1
|turn|5
|
|t:|1783947168
|move|p2a: Floette|Protect|p2a: Floette
|-singleturn|p2a: Floette|Protect
|move|p1a: Chandelure|Heat Wave|p2b: Krookodile|[spread] p2b
|-activate|p2a: Floette|move: Protect
|-damage|p2b: Krookodile|0 fnt
|faint|p2b: Krookodile
|move|p1b: Krookodile|High Horsepower|p2a: Floette
|-activate|p2a: Floette|move: Protect
|
|upkeep
|turn|6
|
|t:|1783947182
|move|p1a: Chandelure|Shadow Ball|p2a: Floette
|-damage|p2a: Floette|52/100
|move|p1b: Krookodile|High Horsepower|p2a: Floette
|-damage|p2a: Floette|9/100
|move|p2a: Floette|Calm Mind|p2a: Floette
|-boost|p2a: Floette|spa|1
|-boost|p2a: Floette|spd|1
|
|-fieldend|move: Trick Room
|upkeep
|turn|7
|
|t:|1783947193
|move|p2a: Floette|Dazzling Gleam|p1a: Chandelure|[spread] p1a,p1b
|-resisted|p1a: Chandelure|1
|-supereffective|p1b: Krookodile|1
|-damage|p1a: Chandelure|41/100
|-damage|p1b: Krookodile|0 fnt
|faint|p1b: Krookodile
|move|p1a: Chandelure|Shadow Ball|p2a: Floette
|-damage|p2a: Floette|0 fnt
|faint|p2a: Floette
|
|win|shaboogles
|c|☆shaboogles|GGWP GOAT
