|j|☆Leon000
|j|☆HopsVGC
|html|Leon000HopsVGC    
|uhtml|bestof|Game 2 of a best-of-3
|t:|1784752802
|gametype|doubles
|player|p1|Leon000|serena|
|player|p2|HopsVGC|1|
|gen|9
|tier|[Gen 9 Champions] VGC 2026 Reg M-B (Bo3)
|rule|Species Clause: Limit one of each Pokémon
|rule|Item Clause: Limit 1 of each item
|clearpoke
|poke|p1|Floette-Eternal, L50, F|
|poke|p1|Charizard, L50, F|
|poke|p1|Whimsicott, L50, F|
|poke|p1|Garchomp, L50, M|
|poke|p1|Basculegion, L50, M|
|poke|p1|Kingambit, L50, M|
|poke|p2|Venusaur, L50, F, shiny|
|poke|p2|Grimmsnarl, L50, M, shiny|
|poke|p2|Pelipper, L50, F, shiny|
|poke|p2|Archaludon, L50, M, shiny|
|poke|p2|Basculegion, L50, M, shiny|
|poke|p2|Sinistcha, L50|
|teampreview|4
|showteam|p1|Floette-Eternal||Floettite|FlowerVeil|Moonblast,DazzlingGleam,LightofRuin,Protect|Modest||F|||50|]Charizard||CharizarditeY|Blaze|HeatWave,WeatherBall,SolarBeam,Protect|Modest||F|||50|]Whimsicott||FocusSash|Prankster|Moonblast,Encore,Tailwind,Protect|Timid||F|||50|]Garchomp||LifeOrb|RoughSkin|DragonClaw,Earthquake,Protect,RockSlide|Jolly||M|||50|]Basculegion||MysticWater|Adaptability|WaveCrash,LastRespects,AquaJet,Protect|Adamant||M|||50|]Kingambit||BlackGlasses|Defiant|KowtowCleave,IronHead,SuckerPunch,Protect|Adamant||M|||50|
|showteam|p2|Venusaur||Venusaurite|Chlorophyll|SludgeBomb,EarthPower,LeechSeed,Protect|Modest||F|||50|]Grimmsnarl||LightClay|Prankster|SpiritBreak,Reflect,LightScreen,PartingShot|Impish||M|||50|]Pelipper||FocusSash|Drizzle|WeatherBall,Hurricane,Tailwind,Protect|Timid||F|||50|]Archaludon||Leftovers|Stamina|ElectroShot,AuraSphere,FlashCannon,Protect|Modest||M|||50|]Basculegion||ChoiceScarf|Adaptability|WaveCrash,FlipTurn,AquaJet,LastRespects|Adamant||M|||50|]Sinistcha||SitrusBerry|Hospitality|MatchaGotcha,RagePowder,TrickRoom,LifeDew|Relaxed|||||50|
|
|t:|1784752828
|teamsize|p1|4
|teamsize|p2|4
|start
|switch|p1a: Whimsicott|Whimsicott, L50, F|100/100
|switch|p1b: Kingambit|Kingambit, L50, M|100/100
|switch|p2a: Aperoludon|Archaludon, L50, M, shiny|100/100
|switch|p2b: Ginsnarl|Grimmsnarl, L50, M, shiny|100/100
|turn|1
|
|t:|1784752857
|switch|p1b: Basculegion|Basculegion, L50, M|100/100
|move|p2b: Ginsnarl|Parting Shot|p1a: Whimsicott
|-unboost|p1a: Whimsicott|atk|1
|-unboost|p1a: Whimsicott|spa|1
|
|t:|1784752862
|switch|p2b: Biersaflor|Venusaur, L50, F, shiny|100/100|[from] Parting Shot
|move|p1a: Whimsicott|Moonblast|p2b: Biersaflor
|-resisted|p2b: Biersaflor|1
|-damage|p2b: Biersaflor|89/100
|move|p2a: Aperoludon|Aura Sphere|p1b: Basculegion
|-immune|p1b: Basculegion
|
|upkeep
|turn|2
|
|t:|1784752895
|switch|p1b: Floette|Floette-Eternal, L50, F|100/100
|detailschange|p2b: Biersaflor|Venusaur-Mega, L50, F, shiny
|-mega|p2b: Biersaflor|Venusaur|Venusaurite
|move|p1a: Whimsicott|Encore|p2a: Aperoludon
|-start|p2a: Aperoludon|Encore
|move|p2a: Aperoludon|Aura Sphere|p1b: Floette
|-resisted|p1b: Floette|1
|-damage|p1b: Floette|88/100
|move|p2b: Biersaflor|Leech Seed|p1b: Floette
|-start|p1b: Floette|move: Leech Seed
|
|-damage|p1b: Floette|76/100|[from] Leech Seed|[of] p2b: Biersaflor
|-heal|p2b: Biersaflor|99/100|[silent]
|upkeep
|turn|3
|
|t:|1784752914
|switch|p2a: Kai-Pelipper|Pelipper, L50, F, shiny|100/100
|-weather|RainDance|[from] ability: Drizzle|[of] p2a: Kai-Pelipper
|detailschange|p1b: Floette|Floette-Mega, L50, F
|-mega|p1b: Floette|Floette|Floettite
|-ability|p1b: Floette|Fairy Aura
|move|p1a: Whimsicott|Encore|p2b: Biersaflor
|-start|p2b: Biersaflor|Encore
|move|p1b: Floette|Moonblast|p2a: Kai-Pelipper
|-enditem|p2a: Kai-Pelipper|Focus Sash
|-damage|p2a: Kai-Pelipper|1/100
|move|p2b: Biersaflor|Leech Seed|p1a: Whimsicott
|-immune|p1a: Whimsicott
|
|-weather|RainDance|[upkeep]
|-damage|p1b: Floette|64/100|[from] Leech Seed|[of] p2b: Biersaflor
|-heal|p2b: Biersaflor|100/100|[silent]
|upkeep
|turn|4
|
|t:|1784752937
|switch|p2b: Aperoludon|Archaludon, L50, M, shiny|100/100
|move|p1a: Whimsicott|Tailwind|p1a: Whimsicott
|-sidestart|p1: Leon000|move: Tailwind
|move|p1b: Floette|Moonblast|p2a: Kai-Pelipper
|-damage|p2a: Kai-Pelipper|0 fnt
|faint|p2a: Kai-Pelipper
|
|-weather|RainDance|[upkeep]
|-damage|p1b: Floette|52/100|[from] Leech Seed|[of] p2b: Aperoludon
|upkeep
|
|t:|1784752947
|switch|p2a: Ginsnarl|Grimmsnarl, L50, M, shiny|100/100
|turn|5
|j| ido1234567890
|
|t:|1784752969
|switch|p1a: Basculegion|Basculegion, L50, M|100/100
|switch|p1b: Kingambit|Kingambit, L50, M|100/100
|move|p2a: Ginsnarl|Parting Shot|p1b: Kingambit
|-hint|Since gen 7, Dark is immune to Prankster moves.
|-immune|p1b: Kingambit
|move|p2b: Aperoludon|Electro Shot||[still]
|-prepare|p2b: Aperoludon|Electro Shot
|-boost|p2b: Aperoludon|spa|1
|-anim|p2b: Aperoludon|Electro Shot|p1b: Kingambit
|-damage|p1b: Kingambit|44/100
|
|-weather|RainDance|[upkeep]
|upkeep
|turn|6
|
|t:|1784752998
|move|p1a: Basculegion|Protect|p1a: Basculegion
|-singleturn|p1a: Basculegion|Protect
|move|p2a: Ginsnarl|Reflect|p2a: Ginsnarl
|-sidestart|p2: HopsVGC|Reflect
|move|p1b: Kingambit|Iron Head|p2a: Ginsnarl
|-supereffective|p2a: Ginsnarl|1
|-damage|p2a: Ginsnarl|44/100
|move|p2b: Aperoludon|Electro Shot||[still]
|-prepare|p2b: Aperoludon|Electro Shot
|-boost|p2b: Aperoludon|spa|1
|-anim|p2b: Aperoludon|Electro Shot|p1a: Basculegion
|-activate|p1a: Basculegion|move: Protect
|
|-weather|RainDance|[upkeep]
|upkeep
|turn|7
|
|t:|1784753013
|switch|p1a: Whimsicott|Whimsicott, L50, F|100/100
|move|p2a: Ginsnarl|Parting Shot|p1a: Whimsicott
|-unboost|p1a: Whimsicott|atk|1
|-unboost|p1a: Whimsicott|spa|1
|
|t:|1784753018
|switch|p2a: Biersaflor|Venusaur-Mega, L50, F, shiny|100/100|[from] Parting Shot
|move|p1b: Kingambit|Iron Head|p2a: Biersaflor
|-damage|p2a: Biersaflor|76/100
|move|p2b: Aperoludon|Electro Shot||[still]
|-prepare|p2b: Aperoludon|Electro Shot
|-boost|p2b: Aperoludon|spa|1
|-anim|p2b: Aperoludon|Electro Shot|p1a: Whimsicott
|-resisted|p1a: Whimsicott|1
|-damage|p1a: Whimsicott|8/100
|
|-weather|none
|-sideend|p1: Leon000|move: Tailwind
|upkeep
|turn|8
|
|t:|1784753042
|move|p2b: Aperoludon|Protect|p2b: Aperoludon
|-singleturn|p2b: Aperoludon|Protect
|move|p1a: Whimsicott|Encore|p2b: Aperoludon
|-activate|p2b: Aperoludon|move: Protect
|move|p1b: Kingambit|Sucker Punch|p2a: Biersaflor
|-damage|p2a: Biersaflor|52/100
|move|p2a: Biersaflor|Sludge Bomb|p1a: Whimsicott
|-supereffective|p1a: Whimsicott|2
|-damage|p1a: Whimsicott|0 fnt
|faint|p1a: Whimsicott
|
|upkeep
|
|t:|1784753058
|switch|p1a: Floette|Floette-Mega, L50, F|52/100
|-ability|p1a: Floette|Fairy Aura
|turn|9
|
|t:|1784753105
|switch|p2a: Ginsnarl|Grimmsnarl, L50, M, shiny|44/100
|move|p2b: Aperoludon|Protect||[still]
|-fail|p2b: Aperoludon
|move|p1b: Kingambit|Sucker Punch||[still]
|-fail|p1b: Kingambit
|move|p1a: Floette|Light of Ruin|p2a: Ginsnarl|[miss]
|-miss|p1a: Floette|p2a: Ginsnarl
|
|upkeep
|turn|10
|
|t:|1784753158
|move|p1a: Floette|Protect|p1a: Floette
|-singleturn|p1a: Floette|Protect
|move|p2a: Ginsnarl|Light Screen|p2a: Ginsnarl
|-sidestart|p2: HopsVGC|move: Light Screen
|move|p2b: Aperoludon|Flash Cannon|p1a: Floette
|-activate|p1a: Floette|move: Protect
|move|p1b: Kingambit|Iron Head|p2a: Ginsnarl
|-supereffective|p2a: Ginsnarl|1
|-damage|p2a: Ginsnarl|0 fnt
|faint|p2a: Ginsnarl
|
|upkeep
|
|t:|1784753165
|switch|p2a: Biersaflor|Venusaur-Mega, L50, F, shiny|52/100
|turn|11
|
|t:|1784753256
|move|p1b: Kingambit|Sucker Punch|p2b: Aperoludon
|-damage|p2b: Aperoludon|76/100
|-ability|p2b: Aperoludon|Stamina|boost
|-boost|p2b: Aperoludon|def|1
|move|p1a: Floette|Light of Ruin|p2b: Aperoludon
|-damage|p2b: Aperoludon|8/100
|-ability|p2b: Aperoludon|Stamina|boost
|-boost|p2b: Aperoludon|def|1
|-damage|p1a: Floette|10/100|[from] Recoil
|move|p2b: Aperoludon|Flash Cannon|p1a: Floette
|-supereffective|p1a: Floette|1
|-damage|p1a: Floette|0 fnt
|faint|p1a: Floette
|move|p2a: Biersaflor|Sludge Bomb|p1b: Kingambit
|-immune|p1b: Kingambit
|
|-heal|p2b: Aperoludon|14/100|[from] item: Leftovers
|upkeep
|
|t:|1784753265
|switch|p1a: Basculegion|Basculegion, L50, M|100/100
|turn|12
|
|t:|1784753308
|move|p1b: Kingambit|Sucker Punch||[still]
|-fail|p1b: Kingambit
|move|p1a: Basculegion|Last Respects|p2b: Aperoludon
|-damage|p2b: Aperoludon|0 fnt
|faint|p2b: Aperoludon
|move|p2a: Biersaflor|Leech Seed|p1a: Basculegion
|-start|p1a: Basculegion|move: Leech Seed
|
|-damage|p1a: Basculegion|87/100|[from] Leech Seed|[of] p2a: Biersaflor
|-heal|p2a: Biersaflor|65/100|[silent]
|upkeep
|turn|13
|
|t:|1784753326
|move|p1a: Basculegion|Last Respects|p2a: Biersaflor
|-damage|p2a: Biersaflor|9/100
|move|p2a: Biersaflor|Leech Seed|p1b: Kingambit
|-start|p1b: Kingambit|move: Leech Seed
|move|p1b: Kingambit|Kowtow Cleave|p2a: Biersaflor
|-damage|p2a: Biersaflor|0 fnt
|faint|p2a: Biersaflor
|
|win|Leon000
|c|☆HopsVGC|gg
|c|☆Leon000|gg
|l|☆HopsVGC
|player|p2|
|l| ido1234567890
|j| PamamoDaisukiKo
