|j|☆EnigmaEUW
|j|☆robodaat
|html|EnigmaEUWrobodaat    
|uhtml|bestof|Game 1 of a best-of-3
|t:|1757714976
|gametype|doubles
|player|p1|EnigmaEUW|ingo|1117
|player|p2|robodaat|1|1053
|gen|9
|tier|[Gen 9] VGC 2025 Reg H (Bo3)
|rated|
|rule|Species Clause: Limit one of each Pokémon
|rule|Item Clause: Limit 1 of each item
|clearpoke
|poke|p1|Pelipper, L50, M|
|poke|p1|Archaludon, L50, F|
|poke|p1|Incineroar, L50, F|
|poke|p1|Hydreigon, L50, F|
|poke|p1|Ursaluna, L50, M|
|poke|p1|Amoonguss, L50, F|
|poke|p2|Archaludon, L50, M|
|poke|p2|Pelipper, L50, M|
|poke|p2|Basculegion, L50, M|
|poke|p2|Rillaboom, L50, M|
|poke|p2|Chandelure, L50, M|
|poke|p2|Sinistcha, L50|
|teampreview|4
|showteam|p1|Pelipper||CovertCloak|Drizzle|WeatherBall,Hurricane,Tailwind,Protect|||M|||50|,,,,,Grass]Archaludon||AssaultVest|Stamina|ElectroShot,BodyPress,DracoMeteor,FlashCannon|||F|||50|,,,,,Bug]Incineroar||RockyHelmet|Intimidate|FlareBlitz,KnockOff,FakeOut,PartingShot|||F|||50|,,,,,Grass]Hydreigon||SafetyGoggles|Levitate|Snarl,DracoMeteor,Tailwind,Protect|||F|||50|,,,,,Poison]Ursaluna||FlameOrb|Guts|Facade,Earthquake,HeadlongRush,Protect|||M|||50|,,,,,Ghost]Amoonguss||SitrusBerry|Regenerator|Spore,RagePowder,PollenPuff,Protect|||F|||50|,,,,,Water
|showteam|p2|Archaludon||PowerHerb|Stamina|ElectroShot,FlashCannon,BodyPress,Protect|||M|||50|,,,,,Grass]Pelipper||FocusSash|Drizzle|Hurricane,WeatherBall,Tailwind,WideGuard|||M|||50|,,,,,Flying]Basculegion||LifeOrb|SwiftSwim|LastRespects,WaveCrash,Protect,PsychicFangs|||M|||50|,,,,,Ghost]Rillaboom||AssaultVest|GrassySurge|GrassyGlide,FakeOut,WoodHammer,HighHorsepower|||M|||50|,,,,,Ground]Chandelure||Leftovers|FlashFire|HeatWave,ShadowBall,Protect,DarkPulse|||M|||50|,,,,,Water]Sinistcha||SitrusBerry|Hospitality|MatchaGotcha,RagePowder,LifeDew,ShadowBall||||||50|,,,,,Fairy
|inactive|Battle timer is ON: inactive players will automatically lose when time's up. (requested by EnigmaEUW)
|inactive|robodaat has 60 seconds left.
|
|t:|1757715029
|teamsize|p1|4
|teamsize|p2|4
|start
|switch|p1a: Amoonguss|Amoonguss, L50, F|100/100
|switch|p1b: Incineroar|Incineroar, L50, F|100/100
|switch|p2a: Basculegion|Basculegion, L50, M|100/100
|switch|p2b: Rillaboom|Rillaboom, L50, M|100/100
|-fieldstart|move: Grassy Terrain|[from] ability: Grassy Surge|[of] p2b: Rillaboom
|-ability|p1b: Incineroar|Intimidate|boost
|-unboost|p2a: Basculegion|atk|1
|-unboost|p2b: Rillaboom|atk|1
|turn|1
|inactive|robodaat has 30 seconds left.
|
|t:|1757715055
|switch|p1b: Archaludon|Archaludon, L50, F|100/100
|move|p2a: Basculegion|Protect|p2a: Basculegion
|-singleturn|p2a: Basculegion|Protect
|move|p2b: Rillaboom|High Horsepower|p1b: Archaludon
|-supereffective|p1b: Archaludon
|-damage|p1b: Archaludon|72/100
|-ability|p1b: Archaludon|Stamina|boost
|-boost|p1b: Archaludon|def|1
|move|p1a: Amoonguss|Spore|p2a: Basculegion
|-activate|p2a: Basculegion|move: Protect
|
|-heal|p1b: Archaludon|78/100|[from] Grassy Terrain
|upkeep
|turn|2
|inactive|robodaat has 30 seconds left.
|inactive|robodaat has 20 seconds left.
|
|t:|1757715091
|switch|p2a: Archaludon|Archaludon, L50, M|100/100
|switch|p2b: Pelipper|Pelipper, L50, M|100/100
|-weather|RainDance|[from] ability: Drizzle|[of] p2b: Pelipper
|move|p1b: Archaludon|Body Press|p2b: Pelipper
|-resisted|p2b: Pelipper
|-damage|p2b: Pelipper|73/100
|move|p1a: Amoonguss|Spore|p2a: Archaludon
|-status|p2a: Archaludon|slp|[from] move: Spore
|
|-weather|RainDance|[upkeep]
|-heal|p1b: Archaludon|84/100|[from] Grassy Terrain
|upkeep
|turn|3
|inactive|robodaat has 30 seconds left.
|
|t:|1757715124
|switch|p1a: Incineroar|Incineroar, L50, F|100/100
|-ability|p1a: Incineroar|Intimidate|boost
|-unboost|p2a: Archaludon|atk|1
|-unboost|p2b: Pelipper|atk|1
|cant|p2a: Archaludon|slp
|move|p2b: Pelipper|Hurricane|p1a: Incineroar
|-damage|p1a: Incineroar|70/100
|-start|p1a: Incineroar|confusion
|move|p1b: Archaludon|Electro Shot||[still]
|-prepare|p1b: Archaludon|Electro Shot
|-boost|p1b: Archaludon|spa|1
|-anim|p1b: Archaludon|Electro Shot|p2b: Pelipper
|-supereffective|p2b: Pelipper
|-damage|p2b: Pelipper|0 fnt
|faint|p2b: Pelipper
|
|-weather|RainDance|[upkeep]
|-heal|p1b: Archaludon|90/100|[from] Grassy Terrain
|-heal|p1a: Incineroar|76/100|[from] Grassy Terrain
|upkeep
|
|t:|1757715143
|switch|p2b: Basculegion|Basculegion, L50, M|100/100
|turn|4
|
|t:|1757715155
|-terastallize|p1a: Incineroar|Grass
|move|p2b: Basculegion|Protect|p2b: Basculegion
|-singleturn|p2b: Basculegion|Protect
|-curestatus|p2a: Archaludon|slp|[msg]
|move|p2a: Archaludon|Body Press|p1a: Incineroar
|-damage|p1a: Incineroar|54/100
|-damage|p2a: Archaludon|84/100|[from] item: Rocky Helmet|[of] p1a: Incineroar
|move|p1b: Archaludon|Electro Shot||[still]
|-prepare|p1b: Archaludon|Electro Shot
|-boost|p1b: Archaludon|spa|1
|-anim|p1b: Archaludon|Electro Shot|p2b: Basculegion
|-activate|p2b: Basculegion|move: Protect
|-activate|p1a: Incineroar|confusion
|move|p1a: Incineroar|Knock Off|p2a: Archaludon
|-damage|p2a: Archaludon|54/100
|-ability|p2a: Archaludon|Stamina|boost
|-boost|p2a: Archaludon|def|1
|-enditem|p2a: Archaludon|Power Herb|[from] move: Knock Off|[of] p1a: Incineroar
|
|-weather|RainDance|[upkeep]
|-heal|p2a: Archaludon|60/100|[from] Grassy Terrain
|-heal|p1b: Archaludon|96/100|[from] Grassy Terrain
|-heal|p1a: Incineroar|60/100|[from] Grassy Terrain
|upkeep
|turn|5
|inactive|EnigmaEUW has 30 seconds left.
|inactive|robodaat has 30 seconds left.
|
|t:|1757715186
|switch|p2b: Rillaboom|Rillaboom, L50, M|100/100
|move|p2a: Archaludon|Electro Shot||[still]
|-prepare|p2a: Archaludon|Electro Shot
|-boost|p2a: Archaludon|spa|1
|-anim|p2a: Archaludon|Electro Shot|p1b: Archaludon
|-resisted|p1b: Archaludon
|-damage|p1b: Archaludon|70/100
|-ability|p1b: Archaludon|Stamina|boost
|-boost|p1b: Archaludon|def|1
|move|p1b: Archaludon|Electro Shot||[still]
|-prepare|p1b: Archaludon|Electro Shot
|-boost|p1b: Archaludon|spa|1
|-anim|p1b: Archaludon|Electro Shot|p2b: Rillaboom
|-resisted|p2b: Rillaboom
|-damage|p2b: Rillaboom|72/100
|-end|p1a: Incineroar|confusion
|move|p1a: Incineroar|Parting Shot|p2a: Archaludon
|-unboost|p2a: Archaludon|atk|1
|-unboost|p2a: Archaludon|spa|1
|inactive|EnigmaEUW has 30 seconds left.
|
|t:|1757715213
|switch|p1a: Hydreigon|Hydreigon, L50, F|100/100|[from] Parting Shot
|
|-weather|RainDance|[upkeep]
|-heal|p2a: Archaludon|66/100|[from] Grassy Terrain
|-heal|p2b: Rillaboom|78/100|[from] Grassy Terrain
|-heal|p1b: Archaludon|76/100|[from] Grassy Terrain
|-fieldend|move: Grassy Terrain
|upkeep
|turn|6
|
|t:|1757715235
|switch|p1a: Incineroar|Incineroar, L50, F, tera:Grass|60/100
|-ability|p1a: Incineroar|Intimidate|boost
|-unboost|p2a: Archaludon|atk|1
|-unboost|p2b: Rillaboom|atk|1
|-terastallize|p2a: Archaludon|Grass
|move|p2b: Rillaboom|Fake Out|p1a: Incineroar
|-damage|p1a: Incineroar|52/100
|-damage|p2b: Rillaboom|61/100|[from] item: Rocky Helmet|[of] p1a: Incineroar
|move|p2a: Archaludon|Flash Cannon|p1a: Incineroar
|-damage|p1a: Incineroar|20/100
|-unboost|p1a: Incineroar|spd|1
|move|p1b: Archaludon|Body Press|p2a: Archaludon
|-damage|p2a: Archaludon|31/100
|-ability|p2a: Archaludon|Stamina|boost
|-boost|p2a: Archaludon|def|1
|
|-weather|none
|upkeep
|turn|7
|inactive|EnigmaEUW has 30 seconds left.
|inactive|robodaat has 30 seconds left.
|inactive|EnigmaEUW has 20 seconds left.
|inactive|EnigmaEUW has 15 seconds left.
|inactive|EnigmaEUW has 10 seconds left.
|
|t:|1757715285
|switch|p1a: Amoonguss|Amoonguss, L50, F|100/100
|move|p2a: Archaludon|Flash Cannon|p1a: Amoonguss
|-damage|p1a: Amoonguss|61/100
|move|p2b: Rillaboom|High Horsepower|p1b: Archaludon
|-supereffective|p1b: Archaludon
|-damage|p1b: Archaludon|63/100
|-ability|p1b: Archaludon|Stamina|boost
|-boost|p1b: Archaludon|def|1
|move|p1b: Archaludon|Flash Cannon|p2a: Archaludon
|-damage|p2a: Archaludon|0 fnt
|faint|p2a: Archaludon
|
|upkeep
|-message|robodaat forfeited.
|
|win|EnigmaEUW
|l|☆robodaat
|player|p2|
||EnigmaEUW is ready for game 2.
||robodaat is ready for game 2.
|uhtml|next|Next: Game 2 of 3
