|j|☆raylix
|j|☆Tractie
|html|raylixTractie    
|uhtml|bestof|Game 2 of a best-of-3
|t:|1756809676
|gametype|doubles
|player|p1|raylix|bruno|1165
|player|p2|Tractie|265|1291
|gen|9
|tier|[Gen 9] VGC 2025 Reg H (Bo3)
|rated|
|rule|Species Clause: Limit one of each Pokémon
|rule|Item Clause: Limit 1 of each item
|clearpoke
|poke|p1|Sneasler, L50, F|
|poke|p1|Indeedee, L50, M|
|poke|p1|Volcarona, L50, M|
|poke|p1|Ursaluna-Bloodmoon, L50, M|
|poke|p1|Annihilape, L50, M|
|poke|p1|Tyranitar, L50, M|
|poke|p2|Gothitelle, L50, F|
|poke|p2|Dondozo, L50, F|
|poke|p2|Kingambit, L50, F|
|poke|p2|Incineroar, L50, M|
|poke|p2|Amoonguss, L50, F|
|poke|p2|Zoroark-Hisui, L50, M|
|teampreview|4
|showteam|p1|Sneasler||PsychicSeed|Unburden|CloseCombat,DireClaw,ThroatChop,Protect|||F|||50|,,,,,Dark]Indeedee||ChoiceScarf|PsychicSurge|ExpandingForce,TeraBlast,Trick,Protect|||M|||50|,,,,,Psychic]Volcarona||SitrusBerry|FlameBody|Overheat,StruggleBug,RagePowder,Tailwind|||M|||50|,,,,,Grass]Ursaluna-Bloodmoon||LifeOrb|MindsEye|BloodMoon,HyperVoice,EarthPower,Protect|||M|||50|,,,,,Normal]Annihilape||SafetyGoggles|Defiant|CloseCombat,RageFist,Taunt,FinalGambit|||M|||50|,,,,,Fairy]Tyranitar||AssaultVest|SandStream|RockSlide,KnockOff,TeraBlast,LowKick|||M|||50|,,,,,Flying
|showteam|p2|Gothitelle||SitrusBerry|ShadowTag|FakeOut,Psychic,TrickRoom,Protect|||F|||50|,,,,,Water]Dondozo||Leftovers|Unaware|WaveCrash,BodyPress,Yawn,Protect|||F|||50|,,,,,Electric]Kingambit||BlackGlasses|Defiant|SuckerPunch,KowtowCleave,SwordsDance,Protect|||F|||50|,,,,,Dark]Incineroar||SafetyGoggles|Intimidate|FakeOut,FlareBlitz,KnockOff,PartingShot|||M|||50|,,,,,Ghost]Amoonguss||RockyHelmet|Regenerator|Spore,RagePowder,PollenPuff,Protect|||F|||50|,,,,,Fairy]Zoroark-Hisui||LifeOrb|Illusion|ShadowBall,TeraBlast,FocusBlast,Protect|||M|||50|,,,,,Stellar
|inactive|Battle timer is ON: inactive players will automatically lose when time's up. (requested by Tractie)
|inactive|raylix has 60 seconds left.
|inactive|raylix has 30 seconds left.
|inactive|raylix has 20 seconds left.
|inactive|raylix has 15 seconds left.
|inactive|raylix has 10 seconds left.
|
|t:|1756809757
|teamsize|p1|4
|teamsize|p2|4
|start
|switch|p1a: Volcarona|Volcarona, L50, M|100/100
|switch|p1b: Ursaluna|Ursaluna-Bloodmoon, L50, M|100/100
|switch|p2a: Dondozo|Dondozo, L50, F|100/100
|switch|p2b: Gothitelle|Gothitelle, L50, F|100/100
|turn|1
|inactive|raylix has 30 seconds left.
|inactive|Tractie has 30 seconds left.
|inactive|raylix has 20 seconds left.
|inactive|Tractie has 20 seconds left.
|inactive|raylix has 15 seconds left.
|inactive|Tractie has 15 seconds left.
|inactive|Tractie has 10 seconds left.
|
|t:|1756809805
|move|p1b: Ursaluna|Protect|p1b: Ursaluna
|-singleturn|p1b: Ursaluna|Protect
|move|p2b: Gothitelle|Fake Out|p1a: Volcarona
|-damage|p1a: Volcarona|93/100
|-status|p2b: Gothitelle|brn|[from] ability: Flame Body|[of] p1a: Volcarona
|move|p2a: Dondozo|Focus Blast|p1b: Ursaluna
|-activate|p1b: Ursaluna|move: Protect
|cant|p1a: Volcarona|flinch
|
|-damage|p2b: Gothitelle|94/100 brn|[from] brn
|upkeep
|turn|2
|inactive|raylix has 30 seconds left.
|inactive|Tractie has 30 seconds left.
|inactive|raylix has 20 seconds left.
|inactive|Tractie has 20 seconds left.
|inactive|raylix has 15 seconds left.
|inactive|Tractie has 15 seconds left.
|inactive|Tractie has 10 seconds left.
|
|t:|1756809856
|switch|p2a: Dondozo|Dondozo, L50, F|100/100
|move|p2b: Gothitelle|Protect|p2b: Gothitelle
|-singleturn|p2b: Gothitelle|Protect
|move|p1a: Volcarona|Tailwind|p1a: Volcarona
|-sidestart|p1: raylix|move: Tailwind
|move|p1b: Ursaluna|Earth Power|p2a: Dondozo
|-damage|p2a: Dondozo|57/100
|-damage|p1b: Ursaluna|91/100|[from] item: Life Orb
|
|-heal|p2a: Dondozo|63/100|[from] item: Leftovers
|-damage|p2b: Gothitelle|88/100 brn|[from] brn
|upkeep
|turn|3
|inactive|raylix has 30 seconds left.
|inactive|Tractie has 30 seconds left.
|inactive|raylix has 20 seconds left.
|inactive|raylix has 15 seconds left.
|
|t:|1756809899
|-terastallize|p1a: Volcarona|Grass
|move|p1a: Volcarona|Rage Powder|p1a: Volcarona
|-singleturn|p1a: Volcarona|move: Rage Powder
|move|p1b: Ursaluna|Hyper Voice|p2b: Gothitelle|[spread] p2a,p2b
|-damage|p2a: Dondozo|29/100
|-damage|p2b: Gothitelle|46/100 brn
|-enditem|p2b: Gothitelle|Sitrus Berry|[eat]
|-heal|p2b: Gothitelle|71/100 brn|[from] item: Sitrus Berry
|-damage|p1b: Ursaluna|81/100|[from] item: Life Orb
|move|p2a: Dondozo|Yawn|p1a: Volcarona
|-start|p1a: Volcarona|move: Yawn|[of] p2a: Dondozo
|move|p2b: Gothitelle|Trick Room|p2b: Gothitelle
|-fieldstart|move: Trick Room|[of] p2b: Gothitelle
|
|-heal|p2a: Dondozo|35/100|[from] item: Leftovers
|-damage|p2b: Gothitelle|65/100 brn|[from] brn
|upkeep
|turn|4
|inactive|raylix has 30 seconds left.
|inactive|Tractie has 30 seconds left.
|inactive|raylix has 20 seconds left.
|
|t:|1756809935
|move|p2a: Dondozo|Protect|p2a: Dondozo
|-singleturn|p2a: Dondozo|Protect
|move|p2b: Gothitelle|Protect|p2b: Gothitelle
|-singleturn|p2b: Gothitelle|Protect
|move|p1b: Ursaluna|Hyper Voice|p2b: Gothitelle|[spread] 
|-activate|p2a: Dondozo|move: Protect
|-activate|p2b: Gothitelle|move: Protect
|move|p1a: Volcarona|Struggle Bug|p2a: Dondozo|[spread] 
|-activate|p2a: Dondozo|move: Protect
|-activate|p2b: Gothitelle|move: Protect
|
|-heal|p2a: Dondozo|41/100|[from] item: Leftovers
|-damage|p2b: Gothitelle|59/100 brn|[from] brn
|-end|p1a: Volcarona|move: Yawn|[silent]
|-status|p1a: Volcarona|slp
|upkeep
|turn|5
|inactive|Tractie has 30 seconds left.
|
|t:|1756809963
|move|p1b: Ursaluna|Protect|p1b: Ursaluna
|-singleturn|p1b: Ursaluna|Protect
|move|p2a: Dondozo|Yawn|p1b: Ursaluna
|-activate|p1b: Ursaluna|move: Protect
|move|p2b: Gothitelle|Psychic|p1b: Ursaluna
|-activate|p1b: Ursaluna|move: Protect
|cant|p1a: Volcarona|slp
|
|-heal|p2a: Dondozo|48/100|[from] item: Leftovers
|-damage|p2b: Gothitelle|52/100 brn|[from] brn
|-sideend|p1: raylix|move: Tailwind
|upkeep
|turn|6
|inactive|raylix has 30 seconds left.
|inactive|Tractie has 30 seconds left.
|inactive|raylix has 20 seconds left.
|
|t:|1756810000
|move|p2b: Gothitelle|Protect|p2b: Gothitelle
|-singleturn|p2b: Gothitelle|Protect
|move|p2a: Dondozo|Yawn|p1b: Ursaluna
|-start|p1b: Ursaluna|move: Yawn|[of] p2a: Dondozo
|move|p1b: Ursaluna|Blood Moon|p2b: Gothitelle
|-activate|p2b: Gothitelle|move: Protect
|-curestatus|p1a: Volcarona|slp|[msg]
|move|p1a: Volcarona|Struggle Bug|p2b: Gothitelle|[spread] p2a
|-activate|p2b: Gothitelle|move: Protect
|-damage|p2a: Dondozo|38/100
|-unboost|p2a: Dondozo|spa|1
|
|-heal|p2a: Dondozo|44/100|[from] item: Leftovers
|-damage|p2b: Gothitelle|46/100 brn|[from] brn
|upkeep
|turn|7
|inactive|Tractie has 30 seconds left.
|
|t:|1756810033
|switch|p2b: Incineroar|Incineroar, L50, M|100/100
|-ability|p2b: Incineroar|Intimidate|boost
|-unboost|p1a: Volcarona|atk|1
|-unboost|p1b: Ursaluna|atk|1
|move|p2a: Dondozo|Yawn|p1a: Volcarona
|-start|p1a: Volcarona|move: Yawn|[of] p2a: Dondozo
|move|p1b: Ursaluna|Earth Power|p2b: Incineroar
|-supereffective|p2b: Incineroar
|-damage|p2b: Incineroar|0 fnt
|faint|p2b: Incineroar
|-damage|p1b: Ursaluna|72/100|[from] item: Life Orb
|move|p1a: Volcarona|Tailwind|p1a: Volcarona
|-sidestart|p1: raylix|move: Tailwind
|
|-heal|p2a: Dondozo|50/100|[from] item: Leftovers
|-end|p1b: Ursaluna|move: Yawn|[silent]
|-status|p1b: Ursaluna|slp
|-fieldend|move: Trick Room
|upkeep
|inactive|Tractie has 30 seconds left.
|inactive|Tractie has 20 seconds left.
|inactive|Tractie has 15 seconds left.
|
|t:|1756810077
|switch|p2b: Gothitelle|Gothitelle, L50, F|46/100 brn
|turn|8
|
|t:|1756810095
|move|p2b: Gothitelle|Fake Out|p1a: Volcarona
|-damage|p1a: Volcarona|89/100
|cant|p1a: Volcarona|flinch
|cant|p1b: Ursaluna|slp
|move|p2a: Dondozo|Body Press|p1b: Ursaluna
|-supereffective|p1b: Ursaluna
|-damage|p1b: Ursaluna|35/100 slp
|
|-heal|p2a: Dondozo|57/100|[from] item: Leftovers
|-damage|p2b: Gothitelle|40/100 brn|[from] brn
|-end|p1a: Volcarona|move: Yawn|[silent]
|-status|p1a: Volcarona|slp
|upkeep
|turn|9
|
|t:|1756810122
|cant|p1a: Volcarona|slp
|cant|p1b: Ursaluna|slp
|move|p2a: Dondozo|Body Press|p1b: Ursaluna
|-supereffective|p1b: Ursaluna
|-damage|p1b: Ursaluna|1/100 slp
|move|p2b: Gothitelle|Trick Room|p2b: Gothitelle
|-fieldstart|move: Trick Room|[of] p2b: Gothitelle
|
|-heal|p2a: Dondozo|63/100|[from] item: Leftovers
|-damage|p2b: Gothitelle|34/100 brn|[from] brn
|upkeep
|turn|10
|inactive|Tractie has 30 seconds left.
|inactive|Tractie has 20 seconds left.
|inactive|Tractie has 15 seconds left.
|inactive|Tractie has 10 seconds left.
|inactive|Tractie has 5 seconds left.
|
|t:|1756810173
|-curestatus|p1a: Volcarona|slp|[msg]
|move|p1a: Volcarona|Rage Powder|p1a: Volcarona
|-singleturn|p1a: Volcarona|move: Rage Powder
|move|p2a: Dondozo|Wave Crash|p1a: Volcarona
|-resisted|p1a: Volcarona
|-damage|p1a: Volcarona|65/100
|-status|p2a: Dondozo|brn|[from] ability: Flame Body|[of] p1a: Volcarona
|-damage|p2a: Dondozo|57/100 brn|[from] Recoil
|move|p2b: Gothitelle|Psychic|p1a: Volcarona
|-damage|p1a: Volcarona|38/100
|-enditem|p1a: Volcarona|Sitrus Berry|[eat]
|-heal|p1a: Volcarona|63/100|[from] item: Sitrus Berry
|-curestatus|p1b: Ursaluna|slp|[msg]
|move|p1b: Ursaluna|Hyper Voice|p2a: Dondozo|[spread] p2a,p2b
|-damage|p2a: Dondozo|20/100 brn
|-damage|p2b: Gothitelle|0 fnt
|faint|p2b: Gothitelle
|-damage|p1b: Ursaluna|0 fnt|[from] item: Life Orb
|faint|p1b: Ursaluna
|
|-heal|p2a: Dondozo|26/100 brn|[from] item: Leftovers
|-damage|p2a: Dondozo|20/100 brn|[from] brn
|-sideend|p1: raylix|move: Tailwind
|upkeep
|
|t:|1756810196
|switch|p2b: Zoroark|Zoroark-Hisui, L50, M|100/100
|switch|p1b: Annihilape|Annihilape, L50, M|100/100
|turn|11
|-message|Tractie forfeited.
|
|win|raylix
|l|☆Tractie
|player|p2|
||Tractie is ready for game 3.
