|j|☆sturmkitten69
|j|☆bpecina03
|html|sturmkitten69bpecina03    
|uhtml|bestof|Game 3 of a best-of-3
|t:|1783574773
|gametype|doubles
|player|p1|sturmkitten69|fisherman-gen4|1040
|player|p2|bpecina03|102|1154
|gen|9
|tier|[Gen 9 Champions] VGC 2026 Reg M-B (Bo3)
|rated|
|rule|Species Clause: Limit one of each Pokémon
|rule|Item Clause: Limit 1 of each item
|clearpoke
|poke|p1|Gengar, L50, F|
|poke|p1|Aerodactyl, L50, M|
|poke|p1|Meganium, L50, F|
|poke|p1|Politoed, L50, F|
|poke|p1|Archaludon, L50, F|
|poke|p1|Sableye, L50, F|
|poke|p2|Delphox, L50, M|
|poke|p2|Staraptor, L50, M|
|poke|p2|Basculegion, L50, M|
|poke|p2|Garchomp, L50, M|
|poke|p2|Kingambit, L50, F|
|poke|p2|Clefable, L50, M|
|teampreview|4
|showteam|p1|Gengar||Gengarite|CursedBody|ShadowBall,PerishSong,Taunt,Protect|Timid||F|||50|]Aerodactyl||FocusSash|Unnerve|Tailwind,Protect,RockSlide,IceFang|Jolly||M|||50|]Meganium||Meganiumite|LeafGuard|WeatherBall,SolarBeam,DazzlingGleam,Protect|Modest||F|||50|]Politoed||SitrusBerry|Drizzle|Protect,WeatherBall,PerishSong,Surf|Bold||F|||50|]Archaludon||Leftovers|Stamina|ElectroShot,DragonPulse,AuraSphere,Protect|Calm||F|||50|]Sableye||LightClay|Prankster|LightScreen,Reflect,RainDance,Encore|Calm||F|||50|
|showteam|p2|Delphox||Delphoxite|Blaze|Psyshock,HeatWave,NastyPlot,Protect|Timid||M|||50|]Staraptor||Staraptite|Intimidate|Protect,Tailwind,CloseCombat,BraveBird|Jolly||M|||50|]Basculegion||FocusSash|Adaptability|Protect,AquaJet,Liquidation,LastRespects|Jolly||M|||50|]Garchomp||LifeOrb|RoughSkin|RockSlide,Earthquake,DragonClaw,Protect|Jolly||M|||50|]Kingambit||BlackGlasses|Defiant|Protect,KowtowCleave,IronHead,SuckerPunch|Adamant||F|||50|]Clefable||SitrusBerry|Unaware|Moonblast,FollowMe,Protect,HelpingHand|Bold||M|||50|
|j| jhcdeacd
|c| jhcdeacd|ooooh the deciding match
|c|☆sturmkitten69|lmao yeah
|c|☆sturmkitten69|glhf
|c|☆bpecina03|GLHF
|
|t:|1783574837
|teamsize|p1|4
|teamsize|p2|4
|start
|switch|p1a: Gengar|Gengar, L50, F|100/100
|switch|p1b: Politoed|Politoed, L50, F|100/100
|switch|p2a: Delphox|Delphox, L50, M|100/100
|switch|p2b: Basculegion|Basculegion, L50, M|100/100
|-weather|RainDance|[from] ability: Drizzle|[of] p1b: Politoed
|turn|1
|
|t:|1783574860
|detailschange|p1a: Gengar|Gengar-Mega, L50, F
|-mega|p1a: Gengar|Gengar|Gengarite
|detailschange|p2a: Delphox|Delphox-Mega, L50, M
|-mega|p2a: Delphox|Delphox|Delphoxite
|move|p2a: Delphox|Psyshock|p1a: Gengar
|-supereffective|p1a: Gengar|1
|-damage|p1a: Gengar|0 fnt
|faint|p1a: Gengar
|move|p2b: Basculegion|Last Respects|p1b: Politoed
|-damage|p1b: Politoed|70/100
|move|p1b: Politoed|Weather Ball|p2a: Delphox
|-supereffective|p2a: Delphox|1
|-damage|p2a: Delphox|8/100
|
|-weather|RainDance|[upkeep]
|upkeep
|
|t:|1783574879
|switch|p1a: Aerodactyl|Aerodactyl, L50, M|100/100
|-ability|p1a: Aerodactyl|Unnerve
|turn|2
|
|t:|1783574886
|move|p1a: Aerodactyl|Protect|p1a: Aerodactyl
|-singleturn|p1a: Aerodactyl|Protect
|move|p2b: Basculegion|Aqua Jet|p1a: Aerodactyl
|-activate|p1a: Aerodactyl|move: Protect
|move|p2a: Delphox|Psyshock|p1b: Politoed
|-damage|p1b: Politoed|23/100
|-enditem|p1b: Politoed|Sitrus Berry|[eat]
|-heal|p1b: Politoed|48/100|[from] item: Sitrus Berry
|move|p1b: Politoed|Surf|p2a: Delphox|[spread] p2a,p2b
|-activate|p1a: Aerodactyl|move: Protect
|-supereffective|p2a: Delphox|1
|-resisted|p2b: Basculegion|1
|-damage|p2a: Delphox|0 fnt
|-damage|p2b: Basculegion|81/100
|faint|p2a: Delphox
|
|-weather|RainDance|[upkeep]
|upkeep
|
|t:|1783574902
|switch|p2a: Garchomp|Garchomp, L50, M|100/100
|turn|3
|
|t:|1783574924
|switch|p1a: Archaludon|Archaludon, L50, F|100/100
|move|p2b: Basculegion|Aqua Jet|p1a: Archaludon
|-resisted|p1a: Archaludon|1
|-damage|p1a: Archaludon|85/100
|-ability|p1a: Archaludon|Stamina|boost
|-boost|p1a: Archaludon|def|1
|move|p2a: Garchomp|Rock Slide|p1a: Archaludon|[spread] p1a,p1b
|-resisted|p1a: Archaludon|1
|-damage|p1a: Archaludon|79/100
|-damage|p1b: Politoed|24/100
|-ability|p1a: Archaludon|Stamina|boost
|-boost|p1a: Archaludon|def|1
|-damage|p2a: Garchomp|90/100|[from] item: Life Orb
|move|p1b: Politoed|Weather Ball|p2a: Garchomp
|-damage|p2a: Garchomp|37/100
|
|-weather|RainDance|[upkeep]
|-heal|p1a: Archaludon|85/100|[from] item: Leftovers
|upkeep
|turn|4
|
|t:|1783574963
|move|p2b: Basculegion|Protect|p2b: Basculegion
|-singleturn|p2b: Basculegion|Protect
|move|p1b: Politoed|Protect|p1b: Politoed
|-singleturn|p1b: Politoed|Protect
|move|p2a: Garchomp|Earthquake|p1b: Politoed|[spread] p1a
|-activate|p2b: Basculegion|move: Protect
|-activate|p1b: Politoed|move: Protect
|-supereffective|p1a: Archaludon|1
|-damage|p1a: Archaludon|47/100
|-ability|p1a: Archaludon|Stamina|boost
|-boost|p1a: Archaludon|def|1
|-damage|p2a: Garchomp|27/100|[from] item: Life Orb
|move|p1a: Archaludon|Electro Shot||[still]
|-prepare|p1a: Archaludon|Electro Shot
|-boost|p1a: Archaludon|spa|1
|-anim|p1a: Archaludon|Electro Shot|p2b: Basculegion
|-activate|p2b: Basculegion|move: Protect
|
|-weather|RainDance|[upkeep]
|-heal|p1a: Archaludon|54/100|[from] item: Leftovers
|upkeep
|turn|5
|
|t:|1783574991
|switch|p2b: Clefable|Clefable, L50, M|100/100
|switch|p1b: Aerodactyl|Aerodactyl, L50, M|100/100
|-ability|p1b: Aerodactyl|Unnerve
|move|p1a: Archaludon|Protect|p1a: Archaludon
|-singleturn|p1a: Archaludon|Protect
|move|p2a: Garchomp|Earthquake|p1b: Aerodactyl|[spread] p2b
|-activate|p1a: Archaludon|move: Protect
|-immune|p1b: Aerodactyl
|-crit|p2b: Clefable
|-damage|p2b: Clefable|40/100
|-damage|p2a: Garchomp|18/100|[from] item: Life Orb
|
|-weather|none
|-heal|p1a: Archaludon|60/100|[from] item: Leftovers
|upkeep
|turn|6
|
|t:|1783575019
|move|p1b: Aerodactyl|Tailwind|p1b: Aerodactyl
|-sidestart|p1: sturmkitten69|move: Tailwind
|move|p1a: Archaludon|Aura Sphere|p2a: Garchomp
|-damage|p2a: Garchomp|0 fnt
|faint|p2a: Garchomp
|move|p2b: Clefable|Moonblast|p1a: Archaludon
|-damage|p1a: Archaludon|30/100
|-ability|p1a: Archaludon|Stamina|boost
|-boost|p1a: Archaludon|def|1
|
|-heal|p1a: Archaludon|36/100|[from] item: Leftovers
|upkeep
|
|t:|1783575029
|switch|p2a: Basculegion|Basculegion, L50, M|81/100
|turn|7
|
|t:|1783575041
|switch|p1b: Politoed|Politoed, L50, F|24/100
|-enditem|p2b: Clefable|Sitrus Berry|[eat]
|-heal|p2b: Clefable|64/100|[from] item: Sitrus Berry
|-weather|RainDance|[from] ability: Drizzle|[of] p1b: Politoed
|move|p2a: Basculegion|Protect|p2a: Basculegion
|-singleturn|p2a: Basculegion|Protect
|move|p1a: Archaludon|Electro Shot||[still]
|-prepare|p1a: Archaludon|Electro Shot
|-boost|p1a: Archaludon|spa|1
|-anim|p1a: Archaludon|Electro Shot|p2a: Basculegion
|-activate|p2a: Basculegion|move: Protect
|move|p2b: Clefable|Moonblast|p1a: Archaludon
|-damage|p1a: Archaludon|7/100
|-ability|p1a: Archaludon|Stamina|boost
|-boost|p1a: Archaludon|def|1
|
|-weather|RainDance|[upkeep]
|-heal|p1a: Archaludon|13/100|[from] item: Leftovers
|upkeep
|turn|8
|
|t:|1783575071
|move|p2b: Clefable|Helping Hand|p2a: Basculegion
|-singleturn|p2a: Basculegion|Helping Hand|[of] p2b: Clefable
|move|p2a: Basculegion|Aqua Jet|p1a: Archaludon
|-resisted|p1a: Archaludon|1
|-damage|p1a: Archaludon|6/100
|-ability|p1a: Archaludon|Stamina|boost
|-boost|p1a: Archaludon|def|1
|move|p1a: Archaludon|Electro Shot||[still]
|-prepare|p1a: Archaludon|Electro Shot
|-boost|p1a: Archaludon|spa|1
|-anim|p1a: Archaludon|Electro Shot|p2a: Basculegion
|-supereffective|p2a: Basculegion|1
|-damage|p2a: Basculegion|0 fnt
|faint|p2a: Basculegion
|move|p1b: Politoed|Perish Song|p1b: Politoed
|-start|p1a: Archaludon|perish3|[silent]
|-start|p1b: Politoed|perish3|[silent]
|-start|p2b: Clefable|perish3|[silent]
|-fieldactivate|move: Perish Song
|
|-weather|RainDance|[upkeep]
|-heal|p1a: Archaludon|12/100|[from] item: Leftovers
|-start|p1a: Archaludon|perish3
|-start|p1b: Politoed|perish3
|-start|p2b: Clefable|perish3
|upkeep
|turn|9
|c|☆sturmkitten69|ggs dude
|c|☆bpecina03|GG
|-message|bpecina03 forfeited.
|raw|sturmkitten69's rating: 1040 → 1085(+45 for winning)
|raw|bpecina03's rating: 1154 → 1121(-33 for losing)
|
|win|sturmkitten69
|l|☆bpecina03
|player|p2|
|l| jhcdeacd
