|j|☆SbonghiSupreme
|j|☆tessa scarlet
|html|SbonghiSupremetessa scarlet    
|uhtml|bestof|Game 1 of a best-of-3
|t:|1756585802
|gametype|doubles
|player|p1|SbonghiSupreme|170|1349
|player|p2|tessa scarlet|2|1426
|gen|9
|tier|[Gen 9] VGC 2025 Reg H (Bo3)
|rated|
|rule|Species Clause: Limit one of each Pokémon
|rule|Item Clause: Limit 1 of each item
|clearpoke
|poke|p1|Basculegion, L50, M|
|poke|p1|Pelipper, L50, M|
|poke|p1|Archaludon, L50, F|
|poke|p1|Incineroar, L50, M|
|poke|p1|Gholdengo, L50|
|poke|p1|Amoonguss, L50, M|
|poke|p2|Gholdengo, L50|
|poke|p2|Annihilape, L50, F|
|poke|p2|Volcarona, L50, M|
|poke|p2|Dragonite, L50, M|
|poke|p2|Ninetales-Alola, L50, M|
|poke|p2|Ursaluna-Bloodmoon, L50, M|
|teampreview|4
|showteam|p1|Basculegion||ChoiceBand|SwiftSwim|WaveCrash,LastRespects,AquaJet,FlipTurn|||M|||50|,,,,,Water]Pelipper||FocusSash|Drizzle|WeatherBall,Hurricane,Tailwind,Protect|||M|||50|,,,,,Ghost]Archaludon||AssaultVest|Stamina|ElectroShot,DragonPulse,FlashCannon,BodyPress|||F|||50|,,,,,Grass]Incineroar||SafetyGoggles|Intimidate|KnockOff,Taunt,PartingShot,FakeOut|||M|||50|,,,,,Ghost]Gholdengo||LifeOrb|GoodasGold|MakeItRain,ShadowBall,NastyPlot,Protect||||||50|,,,,,Water]Amoonguss||SitrusBerry|Regenerator|Spore,PollenPuff,RagePowder,Protect|||M|||50|,,,,,Psychic
|showteam|p2|Gholdengo||LifeOrb|GoodasGold|NastyPlot,MakeItRain,ShadowBall,Protect||||||50|,,,,,Water]Annihilape||SafetyGoggles|Defiant|DrainPunch,RageFist,BulkUp,Protect|||F|||50|,,,,,Fire]Volcarona||CovertCloak|FlameBody|StruggleBug,Overheat,RagePowder,Tailwind|||M|||50|,,,,,Fairy]Dragonite||LoadedDice|Multiscale|ScaleShot,Haze,ExtremeSpeed,Protect|||M|||50|,,,,,Fairy]Ninetales-Alola||LightClay|SnowWarning|Blizzard,IcyWind,IcicleSpear,AuroraVeil|||M|||50|,,,,,Ghost]Ursaluna-Bloodmoon||AssaultVest|MindsEye|BloodMoon,HyperVoice,EarthPower,VacuumWave|||M|||50|,,,,,Water
|c|☆SbonghiSupreme|hf
|c|☆tessa scarlet|hf :)
|inactive|Battle timer is ON: inactive players will automatically lose when time's up. (requested by tessa scarlet)
|
|t:|1756585856
|teamsize|p1|4
|teamsize|p2|4
|start
|switch|p1a: Pelipper|Pelipper, L50, M|100/100
|switch|p1b: Basculegion|Basculegion, L50, M|100/100
|switch|p2a: Gholdengo|Gholdengo, L50|100/100
|switch|p2b: Dragonite|Dragonite, L50, M|100/100
|-weather|RainDance|[from] ability: Drizzle|[of] p1a: Pelipper
|turn|1
|inactive|SbonghiSupreme has 30 seconds left.
|inactive|SbonghiSupreme has 20 seconds left.
|inactive|SbonghiSupreme has 15 seconds left.
|
|t:|1756585896
|switch|p2b: Ninetales|Ninetales-Alola, L50, M|100/100
|-weather|Snowscape|[from] ability: Snow Warning|[of] p2b: Ninetales
|move|p2a: Gholdengo|Shadow Ball|p1b: Basculegion
|-supereffective|p1b: Basculegion
|-damage|p1b: Basculegion|0 fnt
|faint|p1b: Basculegion
|-damage|p2a: Gholdengo|91/100|[from] item: Life Orb
|move|p1a: Pelipper|Tailwind|p1a: Pelipper
|-sidestart|p1: SbonghiSupreme|move: Tailwind
|
|-weather|Snowscape|[upkeep]
|upkeep
|
|t:|1756585904
|switch|p1b: Archaludon|Archaludon, L50, F|100/100
|turn|2
|inactive|tessa scarlet has 30 seconds left.
|
|t:|1756585934
|switch|p1a: Amoonguss|Amoonguss, L50, M|100/100
|switch|p2b: Ursaluna|Ursaluna-Bloodmoon, L50, M|100/100
|move|p1b: Archaludon|Flash Cannon|p2b: Ursaluna
|-damage|p2b: Ursaluna|73/100
|move|p2a: Gholdengo|Shadow Ball|p1b: Archaludon
|-damage|p1b: Archaludon|61/100
|-ability|p1b: Archaludon|Stamina|boost
|-boost|p1b: Archaludon|def|1
|-damage|p2a: Gholdengo|82/100|[from] item: Life Orb
|
|-weather|Snowscape|[upkeep]
|upkeep
|turn|3
|inactive|SbonghiSupreme has 30 seconds left.
|inactive|SbonghiSupreme has 20 seconds left.
|inactive|SbonghiSupreme has 15 seconds left.
|inactive|SbonghiSupreme has 10 seconds left.
|
|t:|1756585981
|switch|p1a: Pelipper|Pelipper, L50, M|100/100
|-weather|RainDance|[from] ability: Drizzle|[of] p1a: Pelipper
|-terastallize|p1b: Archaludon|Grass
|move|p1b: Archaludon|Electro Shot||[still]
|-prepare|p1b: Archaludon|Electro Shot
|-boost|p1b: Archaludon|spa|1
|-anim|p1b: Archaludon|Electro Shot|p2a: Gholdengo
|-damage|p2a: Gholdengo|12/100
|move|p2a: Gholdengo|Nasty Plot|p2a: Gholdengo
|-boost|p2a: Gholdengo|spa|2
|move|p2b: Ursaluna|Earth Power|p1b: Archaludon
|-resisted|p1b: Archaludon
|-damage|p1b: Archaludon|42/100
|-ability|p1b: Archaludon|Stamina|boost
|-boost|p1b: Archaludon|def|1
|
|-weather|RainDance|[upkeep]
|upkeep
|turn|4
|inactive|SbonghiSupreme has 30 seconds left.
|inactive|SbonghiSupreme has 20 seconds left.
|
|t:|1756586019
|switch|p2b: Ninetales|Ninetales-Alola, L50, M|100/100
|-weather|Snowscape|[from] ability: Snow Warning|[of] p2b: Ninetales
|move|p2a: Gholdengo|Protect|p2a: Gholdengo
|-singleturn|p2a: Gholdengo|Protect
|move|p1b: Archaludon|Flash Cannon|p2b: Ninetales
|-supereffective|p2b: Ninetales
|-damage|p2b: Ninetales|0 fnt
|faint|p2b: Ninetales
|move|p1a: Pelipper|Weather Ball|p2a: Gholdengo
|-activate|p2a: Gholdengo|move: Protect
|
|-weather|Snowscape|[upkeep]
|-sideend|p1: SbonghiSupreme|move: Tailwind
|upkeep
|
|t:|1756586033
|switch|p2b: Dragonite|Dragonite, L50, M|100/100
|turn|5
|
|t:|1756586057
|move|p1a: Pelipper|Protect|p1a: Pelipper
|-singleturn|p1a: Pelipper|Protect
|move|p2a: Gholdengo|Make It Rain|p1a: Pelipper|[spread] p1b
|-activate|p1a: Pelipper|move: Protect
|-damage|p1b: Archaludon|0 fnt
|-unboost|p2a: Gholdengo|spa|1
|faint|p1b: Archaludon
|-damage|p2a: Gholdengo|2/100|[from] item: Life Orb
|move|p2b: Dragonite|Scale Shot|p1a: Pelipper
|-activate|p1a: Pelipper|move: Protect
|
|-weather|Snowscape|[upkeep]
|upkeep
|
|t:|1756586061
|switch|p1b: Amoonguss|Amoonguss, L50, M|100/100
|turn|6
|
|t:|1756586065
|move|p1a: Pelipper|Protect||[still]
|-fail|p1a: Pelipper
|move|p2a: Gholdengo|Make It Rain|p1b: Amoonguss|[spread] p1a,p1b
|-resisted|p1a: Pelipper
|-damage|p1a: Pelipper|23/100
|-damage|p1b: Amoonguss|27/100
|-unboost|p2a: Gholdengo|spa|1
|-enditem|p1b: Amoonguss|Sitrus Berry|[eat]
|-heal|p1b: Amoonguss|52/100|[from] item: Sitrus Berry
|-damage|p2a: Gholdengo|0 fnt|[from] item: Life Orb
|faint|p2a: Gholdengo
|move|p2b: Dragonite|Scale Shot|p1a: Pelipper
|-damage|p1a: Pelipper|5/100
|-damage|p1a: Pelipper|0 fnt
|faint|p1a: Pelipper
|-hitcount|p1: Pelipper|2
|-unboost|p2b: Dragonite|def|1
|-boost|p2b: Dragonite|spe|1
|move|p1b: Amoonguss|Spore|p2b: Dragonite
|-status|p2b: Dragonite|slp|[from] move: Spore
|
|-weather|Snowscape|[upkeep]
|upkeep
|-message|SbonghiSupreme forfeited.
|
|win|tessa scarlet
||tessa scarlet is ready for game 2.
||SbonghiSupreme is ready for game 2.
|uhtml|next|Next: Game 2 of 3
|l|☆SbonghiSupreme
|player|p1|
