|j|☆pablovgc23
|j|☆Yunobo7
|html|pablovgc23Yunobo7    
|uhtml|bestof|Game 3 of a best-of-3
|t:|1755711846
|gametype|doubles
|player|p1|pablovgc23|266|1253
|player|p2|Yunobo7|170|1166
|gen|9
|tier|[Gen 9] VGC 2025 Reg H (Bo3)
|rated|
|rule|Species Clause: Limit one of each Pokémon
|rule|Item Clause: Limit 1 of each item
|clearpoke
|poke|p1|Incineroar, L50, M|
|poke|p1|Ninetales-Alola, L50, M|
|poke|p1|Ursaluna-Bloodmoon, L50, M|
|poke|p1|Amoonguss, L50, M|
|poke|p1|Archaludon, L50, F|
|poke|p1|Sneasler, L50, F|
|poke|p2|Typhlosion-Hisui, L50, F|
|poke|p2|Torkoal, L50, F|
|poke|p2|Ursaluna, L50, F|
|poke|p2|Porygon2, L50|
|poke|p2|Maushold-Four, L50|
|poke|p2|Archaludon, L50, M|
|teampreview|4
|showteam|p1|Incineroar||SafetyGoggles|Intimidate|KnockOff,FlareBlitz,FakeOut,PartingShot|||M|||50|,,,,,Ghost]Ninetales-Alola||FocusSash|SnowWarning|Protect,IcyWind,Blizzard,Encore|||M|||50|,,,,,Ghost]Ursaluna-Bloodmoon||AssaultVest|MindsEye|HyperVoice,BloodMoon,EarthPower,VacuumWave|||M|||50|,,,,,Water]Amoonguss||CovertCloak|Regenerator|PollenPuff,Spore,RagePowder,Protect|||M|||50|,,,,,Water]Archaludon||PowerHerb|Sturdy|ElectroShot,DragonPulse,Thunderbolt,Protect|||F|||50|,,,,,Electric]Sneasler||WhiteHerb|Unburden|CloseCombat,DireClaw,Acrobatics,Protect|||F|||50|,,,,,Flying
|showteam|p2|Typhlosion-Hisui||ChoiceScarf|Blaze|Eruption,ShadowBall,HeatWave,SleepTalk|||F|||50|,,,,,Fire]Torkoal||Charcoal|Drought|Eruption,HelpingHand,HeatWave,Protect|||F|||50|,,,,,Fire]Ursaluna||FlameOrb|Guts|Facade,Earthquake,HeadlongRush,Protect|||F|||50|,,,,,Ghost]Porygon2||Eviolite|Download|TeraBlast,Recover,TrickRoom,Protect||||||50|,,,,,Fighting]Maushold-Four||WideLens|Technician|PopulationBomb,FollowMe,Taunt,Protect||||||50|,,,,,Ghost]Archaludon||AssaultVest|Stamina|DragonPulse,ElectroShot,FlashCannon,BodyPress|||M|||50|,,,,,Dragon
|inactive|Battle timer is ON: inactive players will automatically lose when time's up. (requested by Yunobo7)
|
|t:|1755711856
|teamsize|p1|4
|teamsize|p2|4
|start
|switch|p1a: Ursaluna|Ursaluna-Bloodmoon, L50, M|100/100
|switch|p1b: Incineroar|Incineroar, L50, M|100/100
|switch|p2a: Maushold|Maushold-Four, L50, shiny|100/100
|switch|p2b: Porygon2|Porygon2, L50|100/100
|-ability|p1b: Incineroar|Intimidate|boost
|-unboost|p2a: Maushold|atk|1
|-unboost|p2b: Porygon2|atk|1
|-ability|p2b: Porygon2|Download|boost
|-boost|p2b: Porygon2|spa|1
|turn|1
|
|t:|1755711873
|switch|p2b: Archaludon|Archaludon, L50, M|100/100
|-terastallize|p1a: Ursaluna|Water
|move|p1b: Incineroar|Fake Out|p2b: Archaludon
|-resisted|p2b: Archaludon
|-damage|p2b: Archaludon|97/100
|-ability|p2b: Archaludon|Stamina|boost
|-boost|p2b: Archaludon|def|1
|move|p2a: Maushold|Population Bomb|p2b: Archaludon
|-resisted|p2b: Archaludon
|-damage|p2b: Archaludon|95/100
|-ability|p2b: Archaludon|Stamina|boost
|-boost|p2b: Archaludon|def|1
|-resisted|p2b: Archaludon
|-damage|p2b: Archaludon|94/100
|-ability|p2b: Archaludon|Stamina|boost
|-boost|p2b: Archaludon|def|1
|-resisted|p2b: Archaludon
|-damage|p2b: Archaludon|93/100
|-ability|p2b: Archaludon|Stamina|boost
|-boost|p2b: Archaludon|def|1
|-resisted|p2b: Archaludon
|-damage|p2b: Archaludon|92/100
|-ability|p2b: Archaludon|Stamina|boost
|-boost|p2b: Archaludon|def|1
|-resisted|p2b: Archaludon
|-damage|p2b: Archaludon|91/100
|-ability|p2b: Archaludon|Stamina|boost
|-boost|p2b: Archaludon|def|1
|-resisted|p2b: Archaludon
|-damage|p2b: Archaludon|90/100
|-resisted|p2b: Archaludon
|-damage|p2b: Archaludon|90/100
|-resisted|p2b: Archaludon
|-crit|p2b: Archaludon
|-damage|p2b: Archaludon|84/100
|-resisted|p2b: Archaludon
|-damage|p2b: Archaludon|83/100
|-resisted|p2b: Archaludon
|-damage|p2b: Archaludon|83/100
|-hitcount|p2b: Archaludon|10
|move|p1a: Ursaluna|Hyper Voice|p2a: Maushold|[spread] p2a,p2b
|-resisted|p2b: Archaludon
|-damage|p2a: Maushold|42/100
|-damage|p2b: Archaludon|66/100
|
|upkeep
|turn|2
|inactive|pablovgc23 has 30 seconds left.
|
|t:|1755711901
|move|p2a: Maushold|Follow Me|p2a: Maushold
|-singleturn|p2a: Maushold|move: Follow Me
|move|p1a: Ursaluna|Vacuum Wave|p2a: Maushold
|-supereffective|p2a: Maushold
|-damage|p2a: Maushold|2/100
|move|p2b: Archaludon|Body Press|p1b: Incineroar
|-supereffective|p1b: Incineroar
|-damage|p1b: Incineroar|0 fnt
|faint|p1b: Incineroar
|
|upkeep
|
|t:|1755711906
|switch|p1b: Archaludon|Archaludon, L50, F|100/100
|turn|3
|inactive|Yunobo7 has 30 seconds left.
|inactive|Yunobo7 has 20 seconds left.
|inactive|Yunobo7 has 15 seconds left.
|
|t:|1755711948
|-terastallize|p2a: Maushold|Ghost
|move|p2a: Maushold|Population Bomb|p1b: Archaludon
|-resisted|p1b: Archaludon
|-damage|p1b: Archaludon|97/100
|-resisted|p1b: Archaludon
|-damage|p1b: Archaludon|93/100
|-resisted|p1b: Archaludon
|-damage|p1b: Archaludon|90/100
|-resisted|p1b: Archaludon
|-damage|p1b: Archaludon|87/100
|-resisted|p1b: Archaludon
|-crit|p1b: Archaludon
|-damage|p1b: Archaludon|79/100
|-resisted|p1b: Archaludon
|-damage|p1b: Archaludon|76/100
|-resisted|p1b: Archaludon
|-damage|p1b: Archaludon|72/100
|-resisted|p1b: Archaludon
|-damage|p1b: Archaludon|68/100
|-resisted|p1b: Archaludon
|-damage|p1b: Archaludon|65/100
|-resisted|p1b: Archaludon
|-damage|p1b: Archaludon|62/100
|-hitcount|p1b: Archaludon|10
|move|p1b: Archaludon|Electro Shot||[still]
|-prepare|p1b: Archaludon|Electro Shot
|-boost|p1b: Archaludon|spa|1
|-enditem|p1b: Archaludon|Power Herb
|-anim|p1b: Archaludon|Electro Shot|p2b: Archaludon
|-resisted|p2b: Archaludon
|-damage|p2b: Archaludon|41/100
|move|p2b: Archaludon|Body Press|p1b: Archaludon
|-supereffective|p1b: Archaludon
|-damage|p1b: Archaludon|0 fnt
|faint|p1b: Archaludon
|move|p1a: Ursaluna|Hyper Voice|p2a: Maushold|[spread] p2a,p2b
|-resisted|p2b: Archaludon
|-damage|p2a: Maushold|0 fnt
|-damage|p2b: Archaludon|26/100
|faint|p2a: Maushold
|
|upkeep
|
|t:|1755711953
|switch|p2a: Ursaluna|Ursaluna, L50, F|100/100
|switch|p1b: Amoonguss|Amoonguss, L50, M|100/100
|turn|4
|
|t:|1755711964
|move|p2a: Ursaluna|Protect|p2a: Ursaluna
|-singleturn|p2a: Ursaluna|Protect
|move|p2b: Archaludon|Body Press|p1a: Ursaluna
|-damage|p1a: Ursaluna|32/100
|move|p1a: Ursaluna|Earth Power|p2b: Archaludon
|-supereffective|p2b: Archaludon
|-damage|p2b: Archaludon|0 fnt
|faint|p2b: Archaludon
|move|p1b: Amoonguss|Spore|p2a: Ursaluna
|-activate|p2a: Ursaluna|move: Protect
|
|-status|p2a: Ursaluna|brn|[from] item: Flame Orb
|upkeep
|
|t:|1755711967
|switch|p2b: Porygon2|Porygon2, L50|100/100
|-ability|p2b: Porygon2|Download|boost
|-boost|p2b: Porygon2|spa|1
|turn|5
|
|t:|1755711974
|move|p2b: Porygon2|Protect|p2b: Porygon2
|-singleturn|p2b: Porygon2|Protect
|move|p1a: Ursaluna|Blood Moon|p2a: Ursaluna
|-damage|p2a: Ursaluna|29/100 brn
|move|p1b: Amoonguss|Spore|p2b: Porygon2
|-activate|p2b: Porygon2|move: Protect
|move|p2a: Ursaluna|Earthquake|p1b: Amoonguss|[spread] p1a,p1b
|-activate|p2b: Porygon2|move: Protect
|-damage|p1a: Ursaluna|0 fnt
|-damage|p1b: Amoonguss|51/100
|faint|p1a: Ursaluna
|
|-damage|p2a: Ursaluna|23/100 brn|[from] brn
|upkeep
|turn|6
|-message|pablovgc23 forfeited.
|
|win|Yunobo7
|raw|pablovgc23's rating: 1253 → 1222(-31 for losing)
|raw|Yunobo7's rating: 1166 → 1197(+31 for winning)
|l|☆pablovgc23
|player|p1|
|l|☆Yunobo7
|player|p2|
|j|☆Yunobo7
|player|p2|Yunobo7|170|
