|j|☆OzzyUF
|j|☆strifesada
|html|OzzyUFstrifesada    
|uhtml|bestof|Game 1 of a best-of-3
|t:|1784076496
|gametype|doubles
|player|p1|OzzyUF|medium|1100
|player|p2|strifesada|piers|1182
|gen|9
|tier|[Gen 9 Champions] VGC 2026 Reg M-B (Bo3)
|rated|
|rule|Species Clause: Limit one of each Pokémon
|rule|Item Clause: Limit 1 of each item
|clearpoke
|poke|p1|Alcremie, L50, F|
|poke|p1|Swampert, L50, F|
|poke|p1|Corviknight, L50, M|
|poke|p1|Pelipper, L50, M|
|poke|p1|Farigiraf, L50, M|
|poke|p1|Toxapex, L50, M|
|poke|p2|Raichu, L50, F|
|poke|p2|Incineroar, L50, F|
|poke|p2|Sylveon, L50, M|
|poke|p2|Whimsicott, L50, M|
|poke|p2|Mamoswine, L50, F|
|poke|p2|Charizard, L50, M|
|teampreview|4
|showteam|p1|Alcremie|||AromaVeil|Decorate,DazzlingGleam,Protect,Recover|Calm||F|||50|]Swampert||Swampertite|Torrent|WaveCrash,Earthquake,IcePunch,Protect|Adamant||F|||50|]Corviknight||SitrusBerry|MirrorArmor|IronHead,BraveBird,Roost,Tailwind|Impish||M|||50|]Pelipper||FocusSash|Drizzle|Hurricane,WeatherBall,WideGuard,Protect|Modest||M|||50|]Farigiraf||LifeOrb|ArmorTail|HyperVoice,Psychic,TrickRoom,Protect|Modest||M|||50|]Toxapex||Leftovers|Regenerator|Infestation,Toxic,Recover,BanefulBunker|Bold||M|||50|
|showteam|p2|Raichu||RaichuniteY|LightningRod|ZapCannon,FocusBlast,FakeOut,Protect|Timid||F|||50|]Incineroar||Charcoal|Intimidate|FakeOut,FlareBlitz,ThroatChop,PartingShot|Adamant||F|||50|]Sylveon||FairyFeather|Pixilate|HyperVoice,CalmMind,QuickAttack,Protect|Modest||M|||50|]Whimsicott||FocusSash|Prankster|Encore,Protect,Tailwind,EnergyBall|Timid||M|||50|]Mamoswine||LifeOrb|Oblivious|HighHorsepower,IceShard,IcicleCrash,Protect|Adamant||F|||50|]Charizard||CharizarditeY|Blaze|HeatWave,WeatherBall,SolarBeam,Protect|Modest||M|||50|
|inactive|Battle timer is ON: inactive players will automatically lose when time's up. (requested by OzzyUF)
|inactive|strifesada has 60 seconds left.
|
|t:|1784076548
|teamsize|p1|4
|teamsize|p2|4
|start
|switch|p1a: Alcremie|Alcremie, L50, F|100/100
|switch|p1b: Swampert|Swampert, L50, F|100/100
|switch|p2a: Whimsicott|Whimsicott, L50, M|100/100
|switch|p2b: Raichu|Raichu, L50, F|100/100
|turn|1
|inactive|OzzyUF has 30 seconds left.
|inactive|OzzyUF has 20 seconds left.
|
|t:|1784076586
|switch|p1b: Farigiraf|Farigiraf, L50, M|100/100
|detailschange|p2b: Raichu|Raichu-Mega-Y, L50, F
|-mega|p2b: Raichu|Raichu|Raichunite Y
|move|p2b: Raichu|Fake Out||[still]
|cant|p1b: Farigiraf|ability: Armor Tail|Fake Out|[of] p2b: Raichu
|move|p2a: Whimsicott|Tailwind|p2a: Whimsicott
|-sidestart|p2: strifesada|move: Tailwind
|move|p1a: Alcremie|Decorate|p1b: Farigiraf
|-boost|p1b: Farigiraf|atk|2
|-boost|p1b: Farigiraf|spa|2
|
|upkeep
|turn|2
|inactive|OzzyUF has 30 seconds left.
|inactive|OzzyUF has 20 seconds left.
|inactive|OzzyUF has 15 seconds left.
|
|t:|1784076628
|switch|p2a: Sylveon|Sylveon, L50, M|100/100
|move|p2b: Raichu|Zap Cannon|p1b: Farigiraf
|-damage|p1b: Farigiraf|32/100
|-status|p1b: Farigiraf|par
|move|p1a: Alcremie|Decorate|p1b: Farigiraf
|-boost|p1b: Farigiraf|atk|2
|-boost|p1b: Farigiraf|spa|2
|cant|p1b: Farigiraf|par
|
|upkeep
|turn|3
|inactive|OzzyUF has 30 seconds left.
|
|t:|1784076658
|move|p1a: Alcremie|Protect|p1a: Alcremie
|-singleturn|p1a: Alcremie|Protect
|move|p1b: Farigiraf|Protect|p1b: Farigiraf
|-singleturn|p1b: Farigiraf|Protect
|move|p2b: Raichu|Zap Cannon|p1b: Farigiraf
|-activate|p1b: Farigiraf|move: Protect
|move|p2a: Sylveon|Calm Mind|p2a: Sylveon
|-boost|p2a: Sylveon|spa|1
|-boost|p2a: Sylveon|spd|1
|
|upkeep
|turn|4
|
|t:|1784076674
|switch|p1b: Swampert|Swampert, L50, F|100/100
|move|p2b: Raichu|Zap Cannon|p1b: Swampert
|-immune|p1b: Swampert
|move|p2a: Sylveon|Calm Mind|p2a: Sylveon
|-boost|p2a: Sylveon|spa|1
|-boost|p2a: Sylveon|spd|1
|move|p1a: Alcremie|Dazzling Gleam|p2b: Raichu|[spread] p2a,p2b
|-damage|p2a: Sylveon|89/100
|-damage|p2b: Raichu|69/100
|
|-sideend|p2: strifesada|move: Tailwind
|upkeep
|turn|5
|
|t:|1784076691
|switch|p2b: Whimsicott|Whimsicott, L50, M|100/100
|switch|p1a: Pelipper|Pelipper, L50, M|100/100
|-weather|RainDance|[from] ability: Drizzle|[of] p1a: Pelipper
|detailschange|p1b: Swampert|Swampert-Mega, L50, F
|-mega|p1b: Swampert|Swampert|Swampertite
|move|p2a: Sylveon|Protect|p2a: Sylveon
|-singleturn|p2a: Sylveon|Protect
|move|p1b: Swampert|Earthquake|p2b: Whimsicott|[spread] p2b
|-activate|p2a: Sylveon|move: Protect
|-immune|p1a: Pelipper
|-resisted|p2b: Whimsicott|1
|-damage|p2b: Whimsicott|73/100
|
|-weather|RainDance|[upkeep]
|upkeep
|turn|6
|
|t:|1784076706
|move|p1a: Pelipper|Wide Guard|p1a: Pelipper
|-singleturn|p1a: Pelipper|Wide Guard
|move|p2b: Whimsicott|Tailwind|p2b: Whimsicott
|-sidestart|p2: strifesada|move: Tailwind
|move|p2a: Sylveon|Hyper Voice|p1a: Pelipper|[spread] 
|-activate|p1a: Pelipper|move: Wide Guard
|-activate|p1b: Swampert|move: Wide Guard
|move|p1b: Swampert|Wave Crash|p2a: Sylveon
|-damage|p2a: Sylveon|0 fnt
|faint|p2a: Sylveon
|-damage|p1b: Swampert|74/100|[from] Recoil
|
|-weather|RainDance|[upkeep]
|upkeep
|
|t:|1784076719
|switch|p2a: Raichu|Raichu-Mega-Y, L50, F|69/100
|turn|7
|
|t:|1784076730
|switch|p1a: Farigiraf|Farigiraf, L50, M|32/100 par
|move|p2a: Raichu|Zap Cannon|p1a: Farigiraf
|-damage|p1a: Farigiraf|0 fnt
|faint|p1a: Farigiraf
|move|p2b: Whimsicott|Energy Ball|p1b: Swampert
|-supereffective|p1b: Swampert|2
|-damage|p1b: Swampert|0 fnt
|faint|p1b: Swampert
|
|-weather|RainDance|[upkeep]
|upkeep
|
|t:|1784076739
|switch|p1b: Pelipper|Pelipper, L50, M|100/100
|switch|p1a: Alcremie|Alcremie, L50, F|100/100
|turn|8
|
|t:|1784076762
|move|p1a: Alcremie|Protect|p1a: Alcremie
|-singleturn|p1a: Alcremie|Protect
|move|p2a: Raichu|Zap Cannon|p1b: Pelipper
|-supereffective|p1b: Pelipper|2
|-enditem|p1b: Pelipper|Focus Sash
|-damage|p1b: Pelipper|1/100
|-status|p1b: Pelipper|par
|move|p2b: Whimsicott|Energy Ball|p1b: Pelipper
|-damage|p1b: Pelipper|0 fnt
|faint|p1b: Pelipper
|
|-weather|RainDance|[upkeep]
|upkeep
|turn|9
|-message|OzzyUF forfeited.
|
|win|strifesada
