|j|☆grapejuiceplaysyt
|j|☆dhairyasethia
|html|grapejuiceplaysytdhairyasethia    
|uhtml|bestof|Game 2 of a best-of-3
|t:|1756709591
|gametype|doubles
|player|p1|grapejuiceplaysyt|roughneck-gen4|1063
|player|p2|dhairyasethia|102|1032
|gen|9
|tier|[Gen 9] VGC 2025 Reg H (Bo3)
|rated|
|rule|Species Clause: Limit one of each Pokémon
|rule|Item Clause: Limit 1 of each item
|clearpoke
|poke|p1|Charizard, L50, M|
|poke|p1|Torkoal, L50, M|
|poke|p1|Porygon2, L50|
|poke|p1|Incineroar, L50, M|
|poke|p1|Jumpluff, L50, M|
|poke|p1|Ursaluna, L50, M|
|poke|p2|Torkoal, L50, F|
|poke|p2|Venusaur, L50, M|
|poke|p2|Ursaluna, L50, M|
|poke|p2|Amoonguss, L50, F|
|poke|p2|Kingambit, L50, F|
|poke|p2|Jumpluff, L50, M|
|teampreview|4
|showteam|p1|Charizard||ChoiceSpecs|SolarPower|HeatWave,Overheat,WeatherBall,AirSlash|||M|||50|,,,,,Ghost]Torkoal||EjectPack|Drought|Eruption,Overheat,HelpingHand,Protect|||M|||50|,,,,,Fire]Porygon2||Eviolite|Download|TeraBlast,IceBeam,Recover,TrickRoom||||||50|,,,,,Fighting]Incineroar||SitrusBerry|Intimidate|FlareBlitz,KnockOff,FakeOut,PartingShot|||M|||50|,,,,,Ghost]Jumpluff||CovertCloak|Chlorophyll|SleepPowder,SunnyDay,RagePowder,Tailwind|||M|||50|,,,,,Water]Ursaluna||FlameOrb|Guts|HeadlongRush,Facade,Earthquake,Protect|||M|||50|,,,,,Ghost
|showteam|p2|Torkoal||ChoiceSpecs|Drought|Eruption,HeatWave,Overheat,BodyPress|||F|||50|,,,,,Fire]Venusaur||PowerHerb|Chlorophyll|SleepPowder,Protect,SolarBeam,SludgeBomb|||M|||50|,,,,,Bug]Ursaluna||FlameOrb|Guts|Facade,Protect,HeadlongRush,SwordsDance|||M|||50|,,,,,Normal]Amoonguss||SitrusBerry|Regenerator|Spore,Protect,RagePowder,SludgeBomb|||F|||50|,,,,,Grass]Kingambit||BlackGlasses|Defiant|Protect,SwordsDance,SuckerPunch,KowtowCleave|||F|||50|,,,,,Dark]Jumpluff||AssaultVest|Chlorophyll|SleepPowder,Protect,Tailwind,TeraBlast|||M|||50|,,,,,Flying
|inactive|Battle timer is ON: inactive players will automatically lose when time's up. (requested by grapejuiceplaysyt)
|
|t:|1756709635
|teamsize|p1|4
|teamsize|p2|4
|start
|switch|p1a: Porygon2|Porygon2, L50|100/100
|switch|p1b: Ursaluna|Ursaluna, L50, M|100/100
|switch|p2a: Amoonguss|Amoonguss, L50, F|100/100
|switch|p2b: Kingambit|Kingambit, L50, F|100/100
|-ability|p1a: Porygon2|Download|boost
|-boost|p1a: Porygon2|atk|1
|turn|1
|inactive|dhairyasethia has 30 seconds left.
|
|t:|1756709664
|-terastallize|p1a: Porygon2|Fighting
|move|p1b: Ursaluna|Protect|p1b: Ursaluna
|-singleturn|p1b: Ursaluna|Protect
|move|p2b: Kingambit|Protect|p2b: Kingambit
|-singleturn|p2b: Kingambit|Protect
|move|p1a: Porygon2|Tera Blast|p2b: Kingambit|[anim] Tera Blast Fighting
|-activate|p2b: Kingambit|move: Protect
|move|p2a: Amoonguss|Spore|p1b: Ursaluna
|-activate|p1b: Ursaluna|move: Protect
|
|-status|p1b: Ursaluna|brn|[from] item: Flame Orb
|upkeep
|turn|2
|inactive|grapejuiceplaysyt has 30 seconds left.
|inactive|dhairyasethia has 30 seconds left.
|
|t:|1756709694
|switch|p2b: Venusaur|Venusaur, L50, M|100/100
|move|p2a: Amoonguss|Protect|p2a: Amoonguss
|-singleturn|p2a: Amoonguss|Protect
|move|p1b: Ursaluna|Facade|p2a: Amoonguss
|-activate|p2a: Amoonguss|move: Protect
|move|p1a: Porygon2|Tera Blast|p2b: Venusaur|[anim] Tera Blast Fighting
|-resisted|p2b: Venusaur
|-damage|p2b: Venusaur|89/100
|
|-damage|p1b: Ursaluna|95/100 brn|[from] brn
|upkeep
|turn|3
|inactive|dhairyasethia has 30 seconds left.
|inactive|dhairyasethia has 20 seconds left.
|
|t:|1756709732
|switch|p2a: Torkoal|Torkoal, L50, F|100/100
|-weather|SunnyDay|[from] ability: Drought|[of] p2a: Torkoal
|move|p2b: Venusaur|Sleep Powder|p1a: Porygon2|[miss]
|-miss|p2b: Venusaur|p1a: Porygon2
|move|p1b: Ursaluna|Facade|p2a: Torkoal
|-damage|p2a: Torkoal|10/100
|move|p1a: Porygon2|Ice Beam|p2b: Venusaur
|-supereffective|p2b: Venusaur
|-damage|p2b: Venusaur|48/100
|
|-weather|SunnyDay|[upkeep]
|-damage|p1b: Ursaluna|89/100 brn|[from] brn
|upkeep
|turn|4
|inactive|dhairyasethia has 30 seconds left.
|inactive|dhairyasethia has 20 seconds left.
|
|t:|1756709770
|move|p1b: Ursaluna|Protect|p1b: Ursaluna
|-singleturn|p1b: Ursaluna|Protect
|move|p2b: Venusaur|Sleep Powder|p1b: Ursaluna
|-activate|p1b: Ursaluna|move: Protect
|move|p1a: Porygon2|Ice Beam|p2b: Venusaur
|-supereffective|p2b: Venusaur
|-damage|p2b: Venusaur|10/100
|move|p2a: Torkoal|Heat Wave|p1b: Ursaluna|[spread] p1a
|-activate|p1b: Ursaluna|move: Protect
|-damage|p1a: Porygon2|59/100
|
|-weather|SunnyDay|[upkeep]
|-damage|p1b: Ursaluna|83/100 brn|[from] brn
|upkeep
|turn|5
|
|t:|1756709791
|move|p2b: Venusaur|Sleep Powder||[still]
|-fail|p2b: Venusaur
|move|p1b: Ursaluna|Earthquake|p2a: Torkoal|[spread] p1a,p2a,p2b
|-supereffective|p2a: Torkoal
|-damage|p1a: Porygon2|12/100
|-damage|p2a: Torkoal|0 fnt
|-damage|p2b: Venusaur|0 fnt
|faint|p2a: Torkoal
|faint|p2b: Venusaur
|move|p1a: Porygon2|Recover|p1a: Porygon2
|-heal|p1a: Porygon2|62/100
|
|-weather|SunnyDay|[upkeep]
|-damage|p1b: Ursaluna|77/100 brn|[from] brn
|upkeep
|
|t:|1756709806
|switch|p2b: Amoonguss|Amoonguss, L50, F|100/100
|switch|p2a: Kingambit|Kingambit, L50, F|100/100
|turn|6
|
|t:|1756709825
|move|p2b: Amoonguss|Rage Powder|p2b: Amoonguss
|-singleturn|p2b: Amoonguss|move: Rage Powder
|move|p1b: Ursaluna|Facade|p2b: Amoonguss
|-damage|p2b: Amoonguss|0 fnt
|faint|p2b: Amoonguss
|move|p1a: Porygon2|Tera Blast|p2a: Kingambit|[anim] Tera Blast Fighting
|-supereffective|p2a: Kingambit
|-damage|p2a: Kingambit|0 fnt
|faint|p2a: Kingambit
|
|win|grapejuiceplaysyt
|raw|grapejuiceplaysyt's rating: 1063 → 1091(+28 for winning)
|raw|dhairyasethia's rating: 1032 → 1019(-13 for losing)
|l|☆dhairyasethia
|player|p2|
