|j|☆Sonja Hilmer
|j|☆UntilBreakingFree
|html|Sonja HilmerUntilBreakingFree    
|uhtml|bestof|Game 3 of a best-of-3
|t:|1755951077
|gametype|doubles
|player|p1|Sonja Hilmer|lady|1465
|player|p2|UntilBreakingFree|gambler|1414
|gen|9
|tier|[Gen 9] VGC 2025 Reg H (Bo3)
|rated|
|rule|Species Clause: Limit one of each Pokémon
|rule|Item Clause: Limit 1 of each item
|clearpoke
|poke|p1|Dachsbun, L50, F|
|poke|p1|Typhlosion-Hisui, L50, M|
|poke|p1|Kingambit, L50, M|
|poke|p1|Whimsicott, L50, M|
|poke|p1|Rillaboom, L50, M|
|poke|p1|Torkoal, L50, F|
|poke|p2|Charizard, L50, M|
|poke|p2|Dragapult, L50, M|
|poke|p2|Sneasler, L50, F|
|poke|p2|Incineroar, L50, M|
|poke|p2|Ursaluna-Bloodmoon, L50, M|
|poke|p2|Whimsicott, L50, F|
|teampreview|4
|showteam|p1|Dachsbun||Leftovers|WellBakedBody|BodyPress,Snarl,HelpingHand,Protect|||F|||50|,,,,,Steel]Typhlosion-Hisui||ChoiceSpecs|Blaze|Eruption,LavaPlume,WillOWisp,ShadowBall|||M|||50|,,,,,Fire]Kingambit||SafetyGoggles|Defiant|Protect,KowtowCleave,SuckerPunch,SwordsDance|||M|||50|,,,,,Dark]Whimsicott||CovertCloak|Prankster|Moonblast,Tailwind,SunnyDay,Encore|||M|||50|,,,,,Steel]Rillaboom||AssaultVest|GrassySurge|WoodHammer,GrassyGlide,FakeOut,HighHorsepower|||M|||50|,,,,,Water]Torkoal||SitrusBerry|Drought|HeatWave,LavaPlume,ClearSmog,Protect|||F|||50|,,,,,Fairy
|showteam|p2|Charizard||ChoiceSpecs|SolarPower|HeatWave,Overheat,WeatherBall,SolarBeam|||M|||50|,,,,,Ghost]Dragapult||ChoiceBand|ClearBody|DragonDarts,Outrage,PhantomForce,Uturn|||M|||50|,,,,,Dragon]Sneasler||FocusSash|Unburden|DireClaw,CloseCombat,ThroatChop,Protect|||F|||50|,,,,,Dark]Incineroar||SafetyGoggles|Intimidate|FakeOut,KnockOff,FlareBlitz,PartingShot|||M|||50|,,,,,Ghost]Ursaluna-Bloodmoon||LifeOrb|MindsEye|BloodMoon,HyperVoice,EarthPower,Protect|||M|||50|,,,,,Normal]Whimsicott||CovertCloak|Prankster|Moonblast,Tailwind,Encore,SunnyDay|||F|||50|,,,,,Poison
|inactive|Battle timer is ON: inactive players will automatically lose when time's up. (requested by Sonja Hilmer)
|inactive|Sonja Hilmer has 60 seconds left.
|
|t:|1755951117
|teamsize|p1|4
|teamsize|p2|4
|start
|switch|p1a: Typhlosion|Typhlosion-Hisui, L50, M|100/100
|switch|p1b: Whimsicott|Whimsicott, L50, M|100/100
|switch|p2a: D'oro|Sneasler, L50, F|100/100
|switch|p2b: Mary|Whimsicott, L50, F|100/100
|turn|1
|
|t:|1755951134
|switch|p1b: Dachsbun|Dachsbun, L50, F|100/100
|-terastallize|p2a: D'oro|Dark
|move|p2b: Mary|Tailwind|p2b: Mary
|-sidestart|p2: UntilBreakingFree|move: Tailwind
|move|p2a: D'oro|Throat Chop|p1a: Typhlosion
|-supereffective|p1a: Typhlosion
|-damage|p1a: Typhlosion|0 fnt
|faint|p1a: Typhlosion
|
|upkeep
|
|t:|1755951151
|switch|p1a: Kingambit|Kingambit, L50, M|100/100
|turn|2
|
|t:|1755951158
|move|p2a: D'oro|Protect|p2a: D'oro
|-singleturn|p2a: D'oro|Protect
|move|p2b: Mary|Moonblast|p1b: Dachsbun
|-damage|p1b: Dachsbun|63/100
|move|p1b: Dachsbun|Body Press|p2a: D'oro
|-activate|p2a: D'oro|move: Protect
|move|p1a: Kingambit|Swords Dance|p1a: Kingambit
|-boost|p1a: Kingambit|atk|2
|
|-heal|p1b: Dachsbun|69/100|[from] item: Leftovers
|upkeep
|turn|3
|
|t:|1755951180
|-terastallize|p1b: Dachsbun|Steel
|move|p1a: Kingambit|Protect|p1a: Kingambit
|-singleturn|p1a: Kingambit|Protect
|move|p2b: Mary|Moonblast|p1b: Dachsbun
|-resisted|p1b: Dachsbun
|-damage|p1b: Dachsbun|52/100
|move|p2a: D'oro|Dire Claw|p1b: Dachsbun
|-immune|p1b: Dachsbun
|move|p1b: Dachsbun|Body Press|p2a: D'oro
|-supereffective|p2a: D'oro
|-damage|p2a: D'oro|13/100
|
|-heal|p1b: Dachsbun|58/100|[from] item: Leftovers
|upkeep
|turn|4
|
|t:|1755951192
|switch|p1b: Whimsicott|Whimsicott, L50, M|100/100
|move|p2a: D'oro|Protect|p2a: D'oro
|-singleturn|p2a: D'oro|Protect
|move|p1a: Kingambit|Sucker Punch||[still]
|-fail|p1a: Kingambit
|move|p2b: Mary|Moonblast|p1a: Kingambit
|-damage|p1a: Kingambit|73/100
|
|-sideend|p2: UntilBreakingFree|move: Tailwind
|upkeep
|turn|5
|inactive|Sonja Hilmer has 30 seconds left.
|inactive|UntilBreakingFree has 30 seconds left.
|
|t:|1755951219
|move|p2b: Mary|Tailwind|p2b: Mary
|-sidestart|p2: UntilBreakingFree|move: Tailwind
|move|p1a: Kingambit|Sucker Punch|p2a: D'oro
|-resisted|p2a: D'oro
|-damage|p2a: D'oro|0 fnt
|faint|p2a: D'oro
|move|p1b: Whimsicott|Moonblast|p2b: Mary
|-damage|p2b: Mary|61/100
|
|upkeep
|
|t:|1755951223
|switch|p2a: Shāhmat|Ursaluna-Bloodmoon, L50, M|100/100
|turn|6
|
|t:|1755951248
|move|p2b: Mary|Encore|p1b: Whimsicott
|-start|p1b: Whimsicott|Encore
|move|p1b: Whimsicott|Moonblast|p2a: Shāhmat
|-damage|p2a: Shāhmat|65/100
|move|p2a: Shāhmat|Earth Power|p1a: Kingambit
|-supereffective|p1a: Kingambit
|-damage|p1a: Kingambit|0 fnt
|faint|p1a: Kingambit
|-damage|p2a: Shāhmat|55/100|[from] item: Life Orb
|
|upkeep
|
|t:|1755951255
|switch|p1a: Dachsbun|Dachsbun, L50, F, tera:Steel|58/100
|turn|7
|
|t:|1755951263
|move|p1a: Dachsbun|Helping Hand|p1b: Whimsicott
|-singleturn|p1b: Whimsicott|Helping Hand|[of] p1a: Dachsbun
|move|p2b: Mary|Moonblast|p1b: Whimsicott
|-damage|p1b: Whimsicott|66/100
|move|p2a: Shāhmat|Earth Power|p1a: Dachsbun
|-supereffective|p1a: Dachsbun
|-damage|p1a: Dachsbun|0 fnt
|faint|p1a: Dachsbun
|-damage|p2a: Shāhmat|45/100|[from] item: Life Orb
|move|p1b: Whimsicott|Moonblast|p2a: Shāhmat
|-damage|p2a: Shāhmat|0 fnt
|faint|p2a: Shāhmat
|
|upkeep
|
|t:|1755951269
|switch|p2a: Agni|Charizard, L50, M|100/100
|turn|8
|
|t:|1755951273
|move|p2b: Mary|Sunny Day|p2b: Mary
|-weather|SunnyDay
|move|p2a: Agni|Weather Ball|p1b: Whimsicott
|-supereffective|p1b: Whimsicott
|-damage|p1b: Whimsicott|0 fnt
|faint|p1b: Whimsicott
|
|win|UntilBreakingFree
|raw|Sonja Hilmer's rating: 1465 → 1442(-23 for losing)
|raw|UntilBreakingFree's rating: 1414 → 1437(+23 for winning)
|l|☆Sonja Hilmer
|player|p1|
