|j|☆MuseigenTest
|j|☆HelhiemFiend
|html|MuseigenTestHelhiemFiend    
|uhtml|bestof|Game 2 of a best-of-3
|t:|1756336414
|gametype|doubles
|player|p1|MuseigenTest|170|1137
|player|p2|HelhiemFiend|169|1187
|gen|9
|tier|[Gen 9] VGC 2025 Reg H (Bo3)
|rated|
|rule|Species Clause: Limit one of each Pokémon
|rule|Item Clause: Limit 1 of each item
|clearpoke
|poke|p1|Sneasler, L50, M|
|poke|p1|Indeedee, L50, M|
|poke|p1|Volcarona, L50, F|
|poke|p1|Ursaluna-Bloodmoon, L50, M|
|poke|p1|Annihilape, L50, M|
|poke|p1|Tyranitar, L50, M|
|poke|p2|Dragapult, L50, F|
|poke|p2|Kingambit, L50, M|
|poke|p2|Rillaboom, L50, M|
|poke|p2|Glimmora, L50, M|
|poke|p2|Sneasler, L50, M|
|poke|p2|Amoonguss, L50, F|
|teampreview|4
|showteam|p1|Sneasler||PsychicSeed|Unburden|CloseCombat,DireClaw,ThroatChop,Protect|||M|||50|,,,,,Dark]Indeedee||ChoiceScarf|PsychicSurge|ExpandingForce,TeraBlast,Trick,Protect|||M|||50|,,,,,Psychic]Volcarona||SitrusBerry|FlameBody|Overheat,StruggleBug,RagePowder,Tailwind|||F|||50|,,,,,Grass]Ursaluna-Bloodmoon||LifeOrb|MindsEye|BloodMoon,HyperVoice,EarthPower,Protect|||M|||50|,,,,,Normal]Annihilape||SafetyGoggles|Defiant|CloseCombat,RageFist,Taunt,FinalGambit|||M|||50|,,,,,Fairy]Tyranitar||AssaultVest|SandStream|RockSlide,KnockOff,TeraBlast,LowKick|||M|||50|,,,,,Flying
|showteam|p2|Dragapult||ChoiceBand|ClearBody|DragonDarts,TeraBlast,PhantomForce,Uturn|||F|||50|,,,,,Ghost]Kingambit||SafetyGoggles|Defiant|KowtowCleave,SuckerPunch,SwordsDance,Protect|||M|||50|,,,,,Dark]Rillaboom||AssaultVest|GrassySurge|WoodHammer,GrassyGlide,FakeOut,Uturn|||M|||50|,,,,,Fire]Glimmora||LifeOrb|ToxicDebris|SludgeBomb,PowerGem,EarthPower,SpikyShield|||M|||50|,,,,,Grass]Sneasler||FocusSash|Unburden|DireClaw,CloseCombat,FakeOut,Protect|||M|||50|,,,,,Stellar]Amoonguss||CovertCloak|Regenerator|Spore,RagePowder,PollenPuff,Protect|||F|||50|,,,,,Water
|inactive|Battle timer is ON: inactive players will automatically lose when time's up. (requested by MuseigenTest)
|
|t:|1756336464
|teamsize|p1|4
|teamsize|p2|4
|start
|switch|p1a: Volcarona|Volcarona, L50, F|100/100
|switch|p1b: Ursaluna|Ursaluna-Bloodmoon, L50, M|100/100
|switch|p2a: Earhart|Dragapult, L50, F|100/100
|switch|p2b: Heghog|Glimmora, L50, M|100/100
|turn|1
|inactive|MuseigenTest has 30 seconds left.
|inactive|HelhiemFiend has 30 seconds left.
|inactive|HelhiemFiend has 20 seconds left.
|inactive|HelhiemFiend has 15 seconds left.
|inactive|HelhiemFiend has 10 seconds left.
|inactive|HelhiemFiend has 5 seconds left.
|
|t:|1756336517
|move|p2a: Earhart|U-turn|p1b: Ursaluna
|-damage|p1b: Ursaluna|71/100
|
|t:|1756336520
|switch|p2a: Gambling!|Sneasler, L50, M|100/100|[from] U-turn
|move|p1a: Volcarona|Tailwind|p1a: Volcarona
|-sidestart|p1: MuseigenTest|move: Tailwind
|move|p1b: Ursaluna|Blood Moon|p2a: Gambling!
|-enditem|p2a: Gambling!|Focus Sash
|-damage|p2a: Gambling!|1/100
|-damage|p1b: Ursaluna|61/100|[from] item: Life Orb
|move|p2b: Heghog|Power Gem|p1a: Volcarona
|-supereffective|p1a: Volcarona
|-damage|p1a: Volcarona|0 fnt
|faint|p1a: Volcarona
|-damage|p2b: Heghog|90/100|[from] item: Life Orb
|
|upkeep
|
|t:|1756336536
|switch|p1a: Indeedee|Indeedee, L50, M|100/100
|-fieldstart|move: Psychic Terrain|[from] ability: Psychic Surge|[of] p1a: Indeedee
|turn|2
|inactive|MuseigenTest has 30 seconds left.
|inactive|MuseigenTest has 20 seconds left.
|inactive|MuseigenTest has 15 seconds left.
|inactive|MuseigenTest has 10 seconds left.
|
|t:|1756336585
|-terastallize|p1b: Ursaluna|Normal
|move|p2a: Gambling!|Protect|p2a: Gambling!
|-singleturn|p2a: Gambling!|Protect
|move|p1a: Indeedee|Expanding Force|p2a: Gambling!|[spread] p2b
|-activate|p2a: Gambling!|move: Protect
|-supereffective|p2b: Heghog
|-damage|p2b: Heghog|0 fnt
|faint|p2b: Heghog
|move|p1b: Ursaluna|Hyper Voice|p2a: Gambling!
|-activate|p2a: Gambling!|move: Protect
|
|upkeep
|
|t:|1756336596
|switch|p2b: Donkey Kong|Rillaboom, L50, M|100/100
|-fieldstart|move: Grassy Terrain|[from] ability: Grassy Surge|[of] p2b: Donkey Kong
|turn|3
|
|t:|1756336618
|switch|p1a: Sneasler|Sneasler, L50, M|100/100
|move|p1b: Ursaluna|Protect|p1b: Ursaluna
|-singleturn|p1b: Ursaluna|Protect
|move|p2b: Donkey Kong|Fake Out|p1a: Sneasler
|-crit|p1a: Sneasler
|-damage|p1a: Sneasler|64/100
|move|p2a: Gambling!|Close Combat|p1b: Ursaluna
|-activate|p1b: Ursaluna|move: Protect
|
|-heal|p2a: Gambling!|7/100|[from] Grassy Terrain
|-heal|p1a: Sneasler|70/100|[from] Grassy Terrain
|-heal|p1b: Ursaluna|67/100|[from] Grassy Terrain
|upkeep
|turn|4
|inactive|MuseigenTest has 30 seconds left.
|inactive|MuseigenTest has 20 seconds left.
|inactive|MuseigenTest has 15 seconds left.
|inactive|MuseigenTest has 10 seconds left.
|inactive|MuseigenTest has 5 seconds left.
|
|t:|1756336670
|switch|p2b: Earhart|Dragapult, L50, F|100/100
|move|p2a: Gambling!|Protect|p2a: Gambling!
|-singleturn|p2a: Gambling!|Protect
|move|p1a: Sneasler|Dire Claw|p2a: Gambling!
|-activate|p2a: Gambling!|move: Protect
|move|p1b: Ursaluna|Blood Moon|p2b: Earhart
|-damage|p2b: Earhart|0 fnt
|faint|p2b: Earhart
|-damage|p1b: Ursaluna|58/100|[from] item: Life Orb
|
|-heal|p2a: Gambling!|13/100|[from] Grassy Terrain
|-heal|p1a: Sneasler|76/100|[from] Grassy Terrain
|-heal|p1b: Ursaluna|63/100|[from] Grassy Terrain
|-sideend|p1: MuseigenTest|move: Tailwind
|upkeep
|
|t:|1756336682
|switch|p2b: Donkey Kong|Rillaboom, L50, M|100/100
|turn|5
|inactive|MuseigenTest has 30 seconds left.
|
|t:|1756336714
|move|p1a: Sneasler|Protect|p1a: Sneasler
|-singleturn|p1a: Sneasler|Protect
|move|p2b: Donkey Kong|Grassy Glide|p1a: Sneasler
|-activate|p1a: Sneasler|move: Protect
|move|p2a: Gambling!|Dire Claw|p1a: Sneasler
|-activate|p1a: Sneasler|move: Protect
|move|p1b: Ursaluna|Hyper Voice|p2b: Donkey Kong|[spread] p2a,p2b
|-damage|p2a: Gambling!|0 fnt
|-damage|p2b: Donkey Kong|49/100
|faint|p2a: Gambling!
|-damage|p1b: Ursaluna|54/100|[from] item: Life Orb
|
|-heal|p1a: Sneasler|82/100|[from] Grassy Terrain
|-heal|p2b: Donkey Kong|55/100|[from] Grassy Terrain
|-heal|p1b: Ursaluna|60/100|[from] Grassy Terrain
|upkeep
|turn|6
|-message|HelhiemFiend forfeited.
|
|win|MuseigenTest
|raw|MuseigenTest's rating: 1137 → 1166(+29 for winning)
|raw|HelhiemFiend's rating: 1187 → 1158(-29 for losing)
|l|☆HelhiemFiend
|player|p2|
|c|☆MuseigenTest|gg
