|j|☆harpdog
|j|☆d1mo22
|html|harpdogd1mo22    
|uhtml|bestof|Game 3 of a best-of-3
|t:|1785261905
|gametype|doubles
|player|p1|harpdog|2|1149
|player|p2|d1mo22|skier|1281
|gen|9
|tier|[Gen 9 Champions] VGC 2026 Reg M-B (Bo3)
|rated|
|rule|Species Clause: Limit one of each Pokémon
|rule|Item Clause: Limit 1 of each item
|clearpoke
|poke|p1|Blastoise, L50, M|
|poke|p1|Gholdengo, L50|
|poke|p1|Whimsicott, L50, F|
|poke|p1|Floette-Eternal, L50, F|
|poke|p1|Sinistcha-Masterpiece, L50|
|poke|p1|Incineroar, L50, F|
|poke|p2|Raichu, L50, F|
|poke|p2|Gyarados, L50, F, shiny|
|poke|p2|Mamoswine, L50, M|
|poke|p2|Ceruledge, L50, M|
|poke|p2|Sinistcha, L50|
|poke|p2|Kingambit, L50, M, shiny|
|teampreview|4
|showteam|p1|Blastoise||Blastoisinite|Torrent|WaterSpout,AuraSphere,ShellSmash,Protect|Modest||M|||50|]Gholdengo||OccaBerry|GoodasGold|MakeItRain,ShadowBall,NastyPlot,Protect|Modest|||||50|]Whimsicott||FocusSash|Prankster|Moonblast,FakeTears,Tailwind,Protect|Timid||F|||50|]Floette-Eternal||Floettite|FlowerVeil|Moonblast,DazzlingGleam,CalmMind,Protect|Modest||F|||50|]Sinistcha-Masterpiece||SitrusBerry|Hospitality|MatchaGotcha,LifeDew,RagePowder,Protect|Relaxed|||||50|]Incineroar||Leftovers|Intimidate|FakeOut,FlareBlitz,DarkestLariat,PartingShot|Adamant||F|||50|
|showteam|p2|Raichu||RaichuniteY|LightningRod|FakeOut,Encore,ZapCannon,FocusBlast|Timid||F|||50|]Gyarados||Gyaradosite|Intimidate|LashOut,Waterfall,DragonDance,Protect|Adamant||F|||50|]Mamoswine||LifeOrb|Oblivious|Protect,IcicleCrash,IceShard,HighHorsepower|Jolly||M|||50|]Ceruledge||ColburBerry|FlashFire|BitterBlade,ShadowSneak,BulkUp,Protect|Adamant||M|||50|]Sinistcha||SitrusBerry|Hospitality|Protect,RagePowder,MatchaGotcha,LifeDew|Bold|||||50|]Kingambit||FocusSash|Defiant|Protect,SuckerPunch,KowtowCleave,IronHead|Adamant||M|||50|
|inactive|Battle timer is ON: inactive players will automatically lose when time's up. (requested by d1mo22)
|
|t:|1785261923
|teamsize|p1|4
|teamsize|p2|4
|start
|switch|p1a: Blastoise|Blastoise, L50, M|100/100
|switch|p1b: Incineroar|Incineroar, L50, F|100/100
|switch|p2a: Raichu|Raichu, L50, F|100/100
|switch|p2b: Sinistcha|Sinistcha, L50|100/100
|-ability|p1b: Incineroar|Intimidate|boost
|-unboost|p2a: Raichu|atk|1
|-unboost|p2b: Sinistcha|atk|1
|turn|1
|inactive|harpdog has 30 seconds left.
|
|t:|1785261951
|switch|p1a: Gholdengo|Gholdengo, L50|100/100
|move|p2a: Raichu|Fake Out|p1a: Gholdengo
|-immune|p1a: Gholdengo
|move|p2b: Sinistcha|Matcha Gotcha|p1b: Incineroar|[spread] p1a,p1b
|-resisted|p1a: Gholdengo|1
|-resisted|p1b: Incineroar|1
|-damage|p1a: Gholdengo|89/100
|-damage|p1b: Incineroar|89/100
|move|p1b: Incineroar|Flare Blitz|p2b: Sinistcha
|-supereffective|p2b: Sinistcha|1
|-damage|p2b: Sinistcha|10/100
|-enditem|p2b: Sinistcha|Sitrus Berry|[eat]
|-heal|p2b: Sinistcha|35/100|[from] item: Sitrus Berry
|-damage|p1b: Incineroar|63/100|[from] Recoil
|
|-heal|p1b: Incineroar|69/100|[from] item: Leftovers
|upkeep
|turn|2
|inactive|harpdog has 30 seconds left.
|inactive|d1mo22 has 30 seconds left.
|
|t:|1785261981
|switch|p2b: Gyarados|Gyarados, L50, F, shiny|100/100
|-ability|p2b: Gyarados|Intimidate|boost
|-unboost|p1a: Gholdengo|atk|1
|-unboost|p1b: Incineroar|atk|1
|detailschange|p2a: Raichu|Raichu-Mega-Y, L50, F
|-mega|p2a: Raichu|Raichu|Raichunite Y
|move|p1a: Gholdengo|Protect|p1a: Gholdengo
|-singleturn|p1a: Gholdengo|Protect
|move|p2a: Raichu|Zap Cannon|p1a: Gholdengo
|-activate|p1a: Gholdengo|move: Protect
|move|p1b: Incineroar|Flare Blitz|p2b: Gyarados
|-resisted|p2b: Gyarados|1
|-damage|p2b: Gyarados|80/100
|-damage|p1b: Incineroar|63/100|[from] Recoil
|
|-heal|p1b: Incineroar|69/100|[from] item: Leftovers
|upkeep
|turn|3
|
|t:|1785261992
|switch|p1a: Sinistcha|Sinistcha-Masterpiece, L50|100/100
|-heal|p1b: Incineroar|94/100|[from] ability: Hospitality|[of] p1a: Sinistcha
|move|p2a: Raichu|Encore||[still]
|-fail|p2a: Raichu
|move|p2b: Gyarados|Dragon Dance|p2b: Gyarados
|-boost|p2b: Gyarados|atk|1
|-boost|p2b: Gyarados|spe|1
|move|p1b: Incineroar|Parting Shot|p2b: Gyarados
|-unboost|p2b: Gyarados|atk|1
|-unboost|p2b: Gyarados|spa|1
|
|t:|1785262004
|switch|p1b: Gholdengo|Gholdengo, L50|89/100|[from] Parting Shot
|
|upkeep
|turn|4
|
|t:|1785262021
|switch|p1a: Incineroar|Incineroar, L50, F|94/100
|-ability|p1a: Incineroar|Intimidate|boost
|-unboost|p2a: Raichu|atk|1
|-unboost|p2b: Gyarados|atk|1
|move|p2a: Raichu|Zap Cannon|p1b: Gholdengo
|-damage|p1b: Gholdengo|23/100
|-status|p1b: Gholdengo|par
|move|p2b: Gyarados|Lash Out|p1a: Incineroar
|-resisted|p1a: Incineroar|1
|-damage|p1a: Incineroar|79/100
|move|p1b: Gholdengo|Shadow Ball|p2b: Gyarados
|-damage|p2b: Gyarados|40/100
|
|-heal|p1a: Incineroar|85/100|[from] item: Leftovers
|upkeep
|turn|5
|inactive|d1mo22 has 30 seconds left.
|
|t:|1785262050
|move|p2b: Gyarados|Protect|p2b: Gyarados
|-singleturn|p2b: Gyarados|Protect
|move|p1a: Incineroar|Fake Out|p2a: Raichu
|-damage|p2a: Raichu|80/100
|cant|p2a: Raichu|flinch
|move|p1b: Gholdengo|Make It Rain|p2a: Raichu|[spread] p2a
|-activate|p2b: Gyarados|move: Protect
|-resisted|p2a: Raichu|1
|-crit|p2a: Raichu
|-damage|p2a: Raichu|38/100
|-unboost|p1b: Gholdengo|spa|2
|
|-heal|p1a: Incineroar|91/100|[from] item: Leftovers
|upkeep
|turn|6
|
|t:|1785262064
|switch|p2b: Sinistcha|Sinistcha, L50|35/100
|-heal|p2a: Raichu|62/100|[from] ability: Hospitality|[of] p2b: Sinistcha
|switch|p1a: Sinistcha|Sinistcha-Masterpiece, L50|100/100
|-heal|p1b: Gholdengo|48/100 par|[from] ability: Hospitality|[of] p1a: Sinistcha
|move|p2a: Raichu|Zap Cannon|p1a: Sinistcha
|-resisted|p1a: Sinistcha|1
|-damage|p1a: Sinistcha|63/100
|-status|p1a: Sinistcha|par
|move|p1b: Gholdengo|Shadow Ball|p2b: Sinistcha
|-supereffective|p2b: Sinistcha|1
|-damage|p2b: Sinistcha|0 fnt
|faint|p2b: Sinistcha
|
|upkeep
|
|t:|1785262074
|switch|p2b: Kingambit|Kingambit, L50, M, shiny|100/100
|turn|7
|
|t:|1785262083
|move|p2a: Raichu|Zap Cannon|p1b: Gholdengo
|-crit|p1b: Gholdengo
|-damage|p1b: Gholdengo|0 fnt
|faint|p1b: Gholdengo
|move|p2b: Kingambit|Kowtow Cleave|p1a: Sinistcha
|-supereffective|p1a: Sinistcha|1
|-damage|p1a: Sinistcha|0 fnt
|faint|p1a: Sinistcha
|
|upkeep
|
|t:|1785262090
|switch|p1b: Blastoise|Blastoise, L50, M|100/100
|switch|p1a: Incineroar|Incineroar, L50, F|91/100
|-ability|p1a: Incineroar|Intimidate|boost
|-unboost|p2a: Raichu|atk|1
|-unboost|p2b: Kingambit|atk|1
|-ability|p2b: Kingambit|Defiant|boost
|-boost|p2b: Kingambit|atk|2
|turn|8
|
|t:|1785262110
|detailschange|p1b: Blastoise|Blastoise-Mega, L50, M
|-mega|p1b: Blastoise|Blastoise|Blastoisinite
|move|p1a: Incineroar|Fake Out|p2a: Raichu
|-damage|p2a: Raichu|44/100
|cant|p2a: Raichu|flinch
|move|p1b: Blastoise|Shell Smash|p1b: Blastoise
|-unboost|p1b: Blastoise|def|1
|-unboost|p1b: Blastoise|spd|1
|-boost|p1b: Blastoise|atk|2
|-boost|p1b: Blastoise|spa|2
|-boost|p1b: Blastoise|spe|2
|move|p2b: Kingambit|Kowtow Cleave|p1b: Blastoise
|-damage|p1b: Blastoise|1/100
|
|-heal|p1a: Incineroar|97/100|[from] item: Leftovers
|upkeep
|turn|9
|
|t:|1785262127
|move|p1b: Blastoise|Protect|p1b: Blastoise
|-singleturn|p1b: Blastoise|Protect
|move|p2b: Kingambit|Sucker Punch||[still]
|-fail|p2b: Kingambit
|move|p2a: Raichu|Zap Cannon|p1a: Incineroar
|-damage|p1a: Incineroar|43/100
|-status|p1a: Incineroar|par
|move|p1a: Incineroar|Flare Blitz|p2b: Kingambit
|-supereffective|p2b: Kingambit|1
|-damage|p2b: Kingambit|6/100
|-status|p2b: Kingambit|brn
|-damage|p1a: Incineroar|16/100 par|[from] Recoil
|
|-heal|p1a: Incineroar|22/100 par|[from] item: Leftovers
|-damage|p2b: Kingambit|1/100 brn|[from] brn
|upkeep
|turn|10
|inactive|harpdog has 30 seconds left.
|
|t:|1785262155
|move|p1b: Blastoise|Protect||[still]
|-fail|p1b: Blastoise
|move|p2b: Kingambit|Sucker Punch||[still]
|-fail|p2b: Kingambit
|move|p2a: Raichu|Zap Cannon|p1b: Blastoise
|-supereffective|p1b: Blastoise|1
|-damage|p1b: Blastoise|0 fnt
|faint|p1b: Blastoise
|move|p1a: Incineroar|Flare Blitz|p2a: Raichu
|-damage|p2a: Raichu|0 fnt
|faint|p2a: Raichu
|-damage|p1a: Incineroar|10/100 par|[from] Recoil
|
|-heal|p1a: Incineroar|16/100 par|[from] item: Leftovers
|-damage|p2b: Kingambit|0 fnt|[from] brn
|faint|p2b: Kingambit
|upkeep
|
|t:|1785262165
|switch|p2b: Gyarados|Gyarados, L50, F, shiny|40/100
|-ability|p2b: Gyarados|Intimidate|boost
|-unboost|p1a: Incineroar|atk|1
|turn|11
|
|t:|1785262171
|move|p2b: Gyarados|Waterfall|p1a: Incineroar
|-supereffective|p1a: Incineroar|1
|-damage|p1a: Incineroar|0 fnt
|faint|p1a: Incineroar
|
|win|d1mo22
|raw|harpdog's rating: 1149 → 1133(-16 for losing)
|raw|d1mo22's rating: 1281 → 1297(+16 for winning)
|c|☆d1mo22|ggs
