|j|☆MushyMia727
|j|☆maya hoppins
|html|MushyMia727maya hoppins    
|uhtml|bestof|Game 2 of a best-of-3
|t:|1785785593
|gametype|doubles
|player|p1|MushyMia727|265|
|player|p2|maya hoppins|dahlia|
|gen|9
|tier|[Gen 9 Champions] VGC 2026 Reg M-B (Bo3)
|rule|Species Clause: Limit one of each Pokémon
|rule|Item Clause: Limit 1 of each item
|clearpoke
|poke|p1|Floette-Eternal, L50, F|
|poke|p1|Maushold-Four, L50|
|poke|p1|Garchomp, L50, M|
|poke|p1|Rotom-Heat, L50|
|poke|p1|Espathra, L50, M|
|poke|p1|Toxapex, L50, F|
|poke|p2|Kleavor, L50, F|
|poke|p2|Whimsicott, L50, F|
|poke|p2|Pyroar, L50, F|
|poke|p2|Krookodile, L50, M|
|poke|p2|Rotom-Fan, L50|
|poke|p2|Basculegion-F, L50, F|
|teampreview|4
|showteam|p1|Floette-Eternal||Floettite|FlowerVeil|Protect,Moonblast,DazzlingGleam,LightofRuin|Modest||F|||50|]Maushold-Four||ChopleBerry|FriendGuard|SuperFang,FollowMe,Protect,HelpingHand|Timid|||||50|]Garchomp||LifeOrb|RoughSkin|Protect,Earthquake,StompingTantrum,RockSlide|Jolly||M|||50|]Rotom-Heat||ChoiceScarf|Levitate|Thunderbolt,Overheat,Electroweb,VoltSwitch|Timid|||||50|]Espathra||Leftovers|SpeedBoost|Protect,BatonPass,CalmMind,StoredPower|Timid||M|||50|]Toxapex||SitrusBerry|Regenerator|BanefulBunker,WideGuard,Toxic,Infestation|Calm||F|||50|
|showteam|p2|Kleavor||LifeOrb|Sharpness|Protect,RockSlide,XScissor,StoneAxe|Adamant||F|||50|]Whimsicott||FairyFeather|Prankster|Moonblast,DazzlingGleam,Tailwind,Taunt|Timid||F|||50|]Pyroar||Pyroarite|Rivalry|Protect,HyperVoice,HeatWave,Overheat|Timid||F|||50|]Krookodile||FocusSash|Intimidate|Protect,HighHorsepower,KnockOff,Earthquake|Jolly||M|||50|]Rotom-Fan||SitrusBerry|Levitate|Protect,Thunderbolt,HelpingHand,AirSlash|Modest|||||50|]Basculegion-F||ChoiceScarf|Adaptability|WaveCrash,LastRespects,IcyWind,FlipTurn|Adamant||F|||50|
|
|t:|1785785631
|teamsize|p1|4
|teamsize|p2|4
|start
|switch|p1a: Maushold|Maushold-Four, L50|100/100
|switch|p1b: Espathra|Espathra, L50, M|100/100
|switch|p2a: Kleavor|Kleavor, L50, F|100/100
|switch|p2b: Whimsicott|Whimsicott, L50, F|100/100
|turn|1
|
|t:|1785785637
|move|p1a: Maushold|Protect|p1a: Maushold
|-singleturn|p1a: Maushold|Protect
|move|p2b: Whimsicott|Taunt|p1b: Espathra
|-start|p1b: Espathra|move: Taunt
|cant|p1b: Espathra|move: Taunt|Calm Mind
|move|p2a: Kleavor|Rock Slide|p1b: Espathra|[spread] p1b
|-activate|p1a: Maushold|move: Protect
|-damage|p1b: Espathra|60/100
|-damage|p2a: Kleavor|90/100|[from] item: Life Orb
|
|-heal|p1b: Espathra|66/100|[from] item: Leftovers
|-ability|p1b: Espathra|Speed Boost|boost
|-boost|p1b: Espathra|spe|1
|upkeep
|turn|2
|
|t:|1785785651
|switch|p1b: Floette|Floette-Eternal, L50, F|100/100
|move|p1a: Maushold|Follow Me|p1a: Maushold
|-singleturn|p1a: Maushold|move: Follow Me
|move|p2b: Whimsicott|Tailwind|p2b: Whimsicott
|-sidestart|p2: maya hoppins|move: Tailwind
|move|p2a: Kleavor|X-Scissor|p1a: Maushold
|-damage|p1a: Maushold|0 fnt
|faint|p1a: Maushold
|-damage|p2a: Kleavor|81/100|[from] item: Life Orb
|
|upkeep
|
|t:|1785785654
|switch|p1a: Rotom|Rotom-Heat, L50|100/100
|turn|3
|
|t:|1785785669
|detailschange|p1b: Floette|Floette-Mega, L50, F
|-mega|p1b: Floette|Floette|Floettite
|-ability|p1b: Floette|Fairy Aura
|move|p2b: Whimsicott|Moonblast|p1b: Floette
|-damage|p1b: Floette|52/100
|move|p2a: Kleavor|Stone Axe|p1a: Rotom
|-supereffective|p1a: Rotom|1
|-damage|p1a: Rotom|0 fnt
|-sidestart|p1: MushyMia727|move: Stealth Rock
|faint|p1a: Rotom
|-damage|p2a: Kleavor|71/100|[from] item: Life Orb
|move|p1b: Floette|Dazzling Gleam|p2a: Kleavor|[spread] p2a,p2b
|-damage|p2a: Kleavor|0 fnt
|-damage|p2b: Whimsicott|12/100
|faint|p2a: Kleavor
|
|upkeep
|
|t:|1785785677
|switch|p1a: Espathra|Espathra, L50, M|66/100
|switch|p2a: Basculegion|Basculegion-F, L50, F|100/100
|-damage|p1a: Espathra|54/100|[from] Stealth Rock
|turn|4
|
|t:|1785785695
|move|p1a: Espathra|Protect|p1a: Espathra
|-singleturn|p1a: Espathra|Protect
|move|p2a: Basculegion|Last Respects|p1b: Floette
|-damage|p1b: Floette|0 fnt
|faint|p1b: Floette
|move|p2b: Whimsicott|Moonblast|p1a: Espathra
|-activate|p1a: Espathra|move: Protect
|
|-heal|p1a: Espathra|60/100|[from] item: Leftovers
|-ability|p1a: Espathra|Speed Boost|boost
|-boost|p1a: Espathra|spe|1
|upkeep
|turn|5
|
|t:|1785785702
|move|p2a: Basculegion|Last Respects|p1a: Espathra
|-supereffective|p1a: Espathra|1
|-damage|p1a: Espathra|0 fnt
|faint|p1a: Espathra
|
|win|maya hoppins
