|j|☆TubeKnight
|j|☆void25o
|html|TubeKnightvoid25o    
|uhtml|bestof|Game 3 of a best-of-3
|t:|1785636160
|gametype|doubles
|player|p1|TubeKnight|veteran|
|player|p2|void25o|raihan-masters|
|gen|9
|tier|[Gen 9 Champions] VGC 2026 Reg M-B (Bo3)
|rule|Species Clause: Limit one of each Pokémon
|rule|Item Clause: Limit 1 of each item
|clearpoke
|poke|p1|Staraptor, L50, F|
|poke|p1|Whimsicott, L50, F|
|poke|p1|Gholdengo, L50|
|poke|p1|Incineroar, L50, F, shiny|
|poke|p1|Garchomp, L50, F|
|poke|p1|Charizard, L50, F, shiny|
|poke|p2|Garchomp, L50, F|
|poke|p2|Whimsicott, L50, F|
|poke|p2|Gengar, L50, F|
|poke|p2|Delphox, L50, F|
|poke|p2|Tsareena, L50, F, shiny|
|poke|p2|Basculegion, L50, M|
|teampreview|4
|showteam|p1|Staraptor||Staraptite|Intimidate|CloseCombat,BraveBird,Protect,Roost|Jolly||F|||50|]Whimsicott||FocusSash|Prankster|Moonblast,Charm,Tailwind,Encore|Timid||F|||50|]Gholdengo||LifeOrb|GoodasGold|ShadowBall,MakeItRain,Protect,NastyPlot|Modest|||||50|]Incineroar||SitrusBerry|Intimidate|DarkestLariat,FakeOut,PartingShot,FlareBlitz|Careful||F|||50|]Garchomp||ChoiceScarf|RoughSkin|Earthquake,StompingTantrum,DragonClaw,RockSlide|Adamant||F|||50|]Charizard||CharizarditeY|Blaze|HeatWave,Protect,SolarBeam,WeatherBall|Modest||F|||50|
|showteam|p2|Garchomp||LifeOrb|RoughSkin|DragonClaw,Earthquake,RockSlide,Protect|Jolly||F|||50|]Whimsicott||FocusSash|Prankster|Moonblast,Encore,Tailwind,Protect|Timid||F|||50|]Gengar||Gengarite|CursedBody|ShadowBall,Disable,SludgeBomb,Protect|Timid||F|||50|]Delphox||Delphoxite|Blaze|HeatWave,Psychic,Encore,Protect|Timid||F|||50|]Tsareena||WideLens|QueenlyMajesty|PowerWhip,HighJumpKick,TripleAxel,Protect|Adamant||F|||50|]Basculegion||MysticWater|Adaptability|WaveCrash,LastRespects,AquaJet,Protect|Adamant||M|||50|
|
|t:|1785636177
|teamsize|p1|4
|teamsize|p2|4
|start
|switch|p1a: Whimsicott|Whimsicott, L50, F|100/100
|switch|p1b: Charizard|Charizard, L50, F, shiny|100/100
|switch|p2a: Delphox|Delphox, L50, F|100/100
|switch|p2b: Jawn|Whimsicott, L50, F|100/100
|turn|1
|c|☆void25o|a
|
|t:|1785636235
|switch|p1a: Incineroar|Incineroar, L50, F, shiny|100/100
|-ability|p1a: Incineroar|Intimidate|boost
|-unboost|p2a: Delphox|atk|1
|-unboost|p2b: Jawn|atk|1
|detailschange|p2a: Delphox|Delphox-Mega, L50, F
|-mega|p2a: Delphox|Delphox|Delphoxite
|move|p2b: Jawn|Tailwind|p2b: Jawn
|-sidestart|p2: void25o|move: Tailwind
|move|p2a: Delphox|Psychic|p1b: Charizard
|-damage|p1b: Charizard|31/100
|move|p1b: Charizard|Heat Wave|p2b: Jawn|[spread] p2a,p2b
|-resisted|p2a: Delphox|1
|-supereffective|p2b: Jawn|1
|-damage|p2a: Delphox|80/100
|-enditem|p2b: Jawn|Focus Sash
|-damage|p2b: Jawn|1/100
|
|upkeep
|turn|2
|
|t:|1785636268
|switch|p2b: Jaun|Basculegion, L50, M|100/100
|switch|p1b: Garchomp|Garchomp, L50, F|100/100
|switch|p1a: Whimsicott|Whimsicott, L50, F|100/100
|move|p2a: Delphox|Protect||[still]
|-fail|p2a: Delphox
|
|upkeep
|turn|3
|
|t:|1785636297
|switch|p2a: Jean|Garchomp, L50, F|100/100
|move|p1a: Whimsicott|Tailwind|p1a: Whimsicott
|-sidestart|p1: TubeKnight|move: Tailwind
|move|p1b: Garchomp|Rock Slide|p2b: Jaun|[spread] p2a,p2b
|-resisted|p2a: Jean|1
|-damage|p2a: Jean|89/100
|-damage|p2b: Jaun|76/100
|move|p2b: Jaun|Wave Crash|p1b: Garchomp
|-damage|p1b: Garchomp|12/100
|-damage|p2b: Jaun|63/100|[from] ability: Rough Skin|[of] p1b: Garchomp
|-damage|p2b: Jaun|36/100|[from] Recoil
|
|upkeep
|turn|4
|
|t:|1785636368
|move|p2a: Jean|Protect|p2a: Jean
|-singleturn|p2a: Jean|Protect
|move|p2b: Jaun|Aqua Jet|p1b: Garchomp
|-damage|p1b: Garchomp|0 fnt
|-damage|p2b: Jaun|24/100|[from] ability: Rough Skin|[of] p1b: Garchomp
|faint|p1b: Garchomp
|move|p1a: Whimsicott|Moonblast|p2b: Jaun
|-damage|p2b: Jaun|0 fnt
|faint|p2b: Jaun
|
|-sideend|p2: void25o|move: Tailwind
|upkeep
|
|t:|1785636407
|switch|p1b: Incineroar|Incineroar, L50, F, shiny|100/100
|switch|p2b: Delphox|Delphox-Mega, L50, F|80/100
|-ability|p1b: Incineroar|Intimidate|boost
|-unboost|p2a: Jean|atk|1
|-unboost|p2b: Delphox|atk|1
|turn|5
|
|t:|1785636425
|switch|p2a: Jawn|Whimsicott, L50, F|1/100
|move|p1b: Incineroar|Fake Out|p2b: Delphox
|-damage|p2b: Delphox|64/100
|move|p1a: Whimsicott|Moonblast|p2a: Jawn
|-damage|p2a: Jawn|0 fnt
|faint|p2a: Jawn
|cant|p2b: Delphox|flinch
|
|upkeep
|
|t:|1785636431
|switch|p2a: Jean|Garchomp, L50, F|89/100
|turn|6
|
|t:|1785636468
|switch|p1b: Charizard|Charizard, L50, F, shiny|31/100
|move|p1a: Whimsicott|Moonblast|p2a: Jean
|-supereffective|p2a: Jean|1
|-damage|p2a: Jean|17/100
|move|p2b: Delphox|Heat Wave|p1b: Charizard|[spread] p1b
|-miss|p2b: Delphox|p1a: Whimsicott
|-resisted|p1b: Charizard|1
|-damage|p1b: Charizard|5/100
|move|p2a: Jean|Rock Slide|p1a: Whimsicott|[spread] p1a
|-miss|p2a: Jean|p1b: Charizard
|-damage|p1a: Whimsicott|64/100
|-damage|p2a: Jean|7/100|[from] item: Life Orb
|
|-sideend|p1: TubeKnight|move: Tailwind
|upkeep
|turn|7
|
|t:|1785636490
|move|p2a: Jean|Protect|p2a: Jean
|-singleturn|p2a: Jean|Protect
|move|p1a: Whimsicott|Tailwind|p1a: Whimsicott
|-sidestart|p1: TubeKnight|move: Tailwind
|move|p1b: Charizard|Heat Wave|p2b: Delphox|[spread] p2b
|-activate|p2a: Jean|move: Protect
|-resisted|p2b: Delphox|1
|-damage|p2b: Delphox|41/100
|move|p2b: Delphox|Heat Wave|p1a: Whimsicott|[spread] p1b
|-miss|p2b: Delphox|p1a: Whimsicott
|-resisted|p1b: Charizard|1
|-damage|p1b: Charizard|0 fnt
|faint|p1b: Charizard
|
|upkeep
|
|t:|1785636497
|switch|p1b: Incineroar|Incineroar, L50, F, shiny|100/100
|-ability|p1b: Incineroar|Intimidate|boost
|-unboost|p2a: Jean|atk|1
|-unboost|p2b: Delphox|atk|1
|turn|8
|
|t:|1785636507
|move|p2b: Delphox|Protect|p2b: Delphox
|-singleturn|p2b: Delphox|Protect
|move|p2a: Jean|Protect|p2a: Jean
|-singleturn|p2a: Jean|Protect
|move|p1b: Incineroar|Fake Out|p2b: Delphox
|-activate|p2b: Delphox|move: Protect
|move|p1a: Whimsicott|Moonblast|p2a: Jean
|-activate|p2a: Jean|move: Protect
|
|upkeep
|turn|9
|
|t:|1785636523
|move|p1a: Whimsicott|Encore|p2b: Delphox
|-start|p2b: Delphox|Encore
|move|p2b: Delphox|Protect|p2b: Delphox
|-singleturn|p2b: Delphox|Protect
|move|p1b: Incineroar|Darkest Lariat|p2a: Jean
|-damage|p2a: Jean|0 fnt
|-damage|p1b: Incineroar|87/100|[from] ability: Rough Skin|[of] p2a: Jean
|faint|p2a: Jean
|
|upkeep
|turn|10
|
|t:|1785636532
|move|p2b: Delphox|Protect||[still]
|-fail|p2b: Delphox
|move|p1a: Whimsicott|Moonblast|p2b: Delphox
|-resisted|p2b: Delphox|1
|-damage|p2b: Delphox|23/100
|move|p1b: Incineroar|Darkest Lariat|p2b: Delphox
|-supereffective|p2b: Delphox|1
|-damage|p2b: Delphox|0 fnt
|faint|p2b: Delphox
|
|win|TubeKnight
