|j|☆is_katabo
|j|☆StosMac33
|html|is_kataboStosMac33    
|uhtml|bestof|Game 1 of a best-of-3
|t:|1757201676
|gametype|doubles
|player|p1|is_katabo|barry|
|player|p2|StosMac33|169|
|gen|9
|tier|[Gen 9] VGC 2025 Reg H (Bo3)
|rule|Species Clause: Limit one of each Pokémon
|rule|Item Clause: Limit 1 of each item
|clearpoke
|poke|p1|Milotic, L50, M|
|poke|p1|Incineroar, L50, F|
|poke|p1|Amoonguss, L50, F|
|poke|p1|Gholdengo, L50|
|poke|p1|Ursaluna-Bloodmoon, L50, M|
|poke|p1|Dragonite, L50, F|
|poke|p2|Annihilape, L50, M|
|poke|p2|Primarina, L50, M|
|poke|p2|Electabuzz, L50, F|
|poke|p2|Sylveon, L50, F|
|poke|p2|Ursaluna, L50, M|
|poke|p2|Sinistcha, L50|
|teampreview|4
|showteam|p1|Milotic||SafetyGoggles|Competitive|Scald,IcyWind,Haze,Protect|||M|||50|,,,,,Dragon]Incineroar||SitrusBerry|Intimidate|FakeOut,KnockOff,FlareBlitz,PartingShot|||F|||50|,,,,,Ghost]Amoonguss||CovertCloak|Regenerator|PollenPuff,RagePowder,Spore,Protect|||F|||50|,,,,,Electric]Gholdengo||LifeOrb|GoodasGold|MakeItRain,ShadowBall,NastyPlot,Protect||||||50|,,,,,Water]Ursaluna-Bloodmoon||AssaultVest|MindsEye|BloodMoon,HyperVoice,EarthPower,VacuumWave|||M|||50|,,,,,Water]Dragonite||LoadedDice|Multiscale|ScaleShot,ExtremeSpeed,Tailwind,Protect|||F|||50|,,,,,Steel
|showteam|p2|Annihilape||SafetyGoggles|Defiant|DrainPunch,RageFist,BulkUp,FinalGambit|||M|||50|,,,,,Fire]Primarina||LifeOrb|LiquidVoice|CalmMind,HyperVoice,Moonblast,Protect|||M|||50|,,,,,Water]Electabuzz||Eviolite|VitalSpirit|Electroweb,Taunt,FollowMe,ElectricTerrain|||F|||50|,,,,,Ghost]Sylveon||ThroatSpray|CuteCharm|HyperVoice,CalmMind,Protect,HyperBeam|||F|||50|,,,,,Fairy]Ursaluna||FlameOrb|Guts|Earthquake,HeadlongRush,Protect,Facade|||M|||50|,,,,,Ghost]Sinistcha||MentalHerb|Hospitality|TrickRoom,MatchaGotcha,Imprison,RagePowder||||||50|,,,,,Normal
|
|t:|1757201719
|teamsize|p1|4
|teamsize|p2|4
|start
|switch|p1a: Party People|Gholdengo, L50|100/100
|switch|p1b: Big Fish|Milotic, L50, M|100/100
|switch|p2a: Ursaluna|Ursaluna, L50, M|100/100
|switch|p2b: Annihilape|Annihilape, L50, M|100/100
|turn|1
|
|t:|1757201743
|-terastallize|p1a: Party People|Water
|move|p1a: Party People|Nasty Plot|p1a: Party People
|-boost|p1a: Party People|spa|2
|move|p1b: Big Fish|Scald|p2b: Annihilape
|-crit|p2b: Annihilape
|-damage|p2b: Annihilape|59/100
|-status|p2b: Annihilape|brn
|move|p2b: Annihilape|Bulk Up|p2b: Annihilape
|-boost|p2b: Annihilape|atk|1
|-boost|p2b: Annihilape|def|1
|move|p2a: Ursaluna|Earthquake|p1a: Party People|[spread] p2b,p1a,p1b
|-damage|p2b: Annihilape|32/100 brn
|-damage|p1a: Party People|59/100
|-damage|p1b: Big Fish|57/100
|
|-damage|p2b: Annihilape|26/100 brn|[from] brn
|-status|p2a: Ursaluna|brn|[from] item: Flame Orb
|upkeep
|turn|2
|
|t:|1757201772
|move|p2a: Ursaluna|Protect|p2a: Ursaluna
|-singleturn|p2a: Ursaluna|Protect
|move|p1a: Party People|Make It Rain|p2b: Annihilape|[spread] p2b
|-activate|p2a: Ursaluna|move: Protect
|-damage|p2b: Annihilape|0 fnt
|-unboost|p1a: Party People|spa|1
|faint|p2b: Annihilape
|-damage|p1a: Party People|50/100|[from] item: Life Orb
|move|p1b: Big Fish|Scald|p2a: Ursaluna
|-activate|p2a: Ursaluna|move: Protect
|
|-damage|p2a: Ursaluna|95/100 brn|[from] brn
|upkeep
|
|t:|1757201788
|switch|p2b: Electabuzz|Electabuzz, L50, F|100/100
|turn|3
|
|t:|1757201807
|-terastallize|p2b: Electabuzz|Ghost
|move|p2b: Electabuzz|Electroweb|p1b: Big Fish|[spread] p1a,p1b
|-supereffective|p1a: Party People
|-supereffective|p1b: Big Fish
|-damage|p1a: Party People|24/100
|-damage|p1b: Big Fish|39/100
|-unboost|p1a: Party People|spe|1
|-unboost|p1b: Big Fish|spe|1
|-ability|p1b: Big Fish|Competitive|boost
|-boost|p1b: Big Fish|spa|2
|move|p1a: Party People|Make It Rain|p2b: Electabuzz|[spread] p2a,p2b
|-damage|p2a: Ursaluna|17/100 brn
|-damage|p2b: Electabuzz|37/100
|-unboost|p1a: Party People|spa|1
|-damage|p1a: Party People|15/100|[from] item: Life Orb
|move|p1b: Big Fish|Scald|p2a: Ursaluna
|-supereffective|p2a: Ursaluna
|-damage|p2a: Ursaluna|0 fnt
|faint|p2a: Ursaluna
|
|upkeep
|
|t:|1757201827
|switch|p2a: Sinistcha|Sinistcha, L50|100/100
|-heal|p2b: Electabuzz|62/100|[from] ability: Hospitality|[of] p2a: Sinistcha
|turn|4
|
|t:|1757201841
|move|p1a: Party People|Protect|p1a: Party People
|-singleturn|p1a: Party People|Protect
|move|p2b: Electabuzz|Electroweb|p1b: Big Fish|[spread] p1b
|-activate|p1a: Party People|move: Protect
|-supereffective|p1b: Big Fish
|-damage|p1b: Big Fish|18/100
|-unboost|p1b: Big Fish|spe|1
|-ability|p1b: Big Fish|Competitive|boost
|-boost|p1b: Big Fish|spa|2
|move|p2a: Sinistcha|Matcha Gotcha|p1b: Big Fish|[spread] p1b
|-activate|p1a: Party People|move: Protect
|-supereffective|p1b: Big Fish
|-damage|p1b: Big Fish|0 fnt
|faint|p1b: Big Fish
|
|upkeep
|
|t:|1757201856
|switch|p1b: Yeah Right|Incineroar, L50, F|100/100
|-ability|p1b: Yeah Right|Intimidate|boost
|-unboost|p2a: Sinistcha|atk|1
|-unboost|p2b: Electabuzz|atk|1
|turn|5
|
|t:|1757201875
|move|p2b: Electabuzz|Electroweb|p1b: Yeah Right|[spread] p1a,p1b
|-supereffective|p1a: Party People
|-damage|p1a: Party People|0 fnt
|-damage|p1b: Yeah Right|87/100
|-unboost|p1b: Yeah Right|spe|1
|faint|p1a: Party People
|move|p2a: Sinistcha|Matcha Gotcha|p1b: Yeah Right
|-resisted|p1b: Yeah Right
|-damage|p1b: Yeah Right|72/100
|move|p1b: Yeah Right|Knock Off|p2a: Sinistcha
|-supereffective|p2a: Sinistcha
|-damage|p2a: Sinistcha|30/100
|-enditem|p2a: Sinistcha|Mental Herb|[from] move: Knock Off|[of] p1b: Yeah Right
|
|upkeep
|
|t:|1757201887
|switch|p1a: Homage|Ursaluna-Bloodmoon, L50, M|100/100
|turn|6
|
|t:|1757201900
|move|p2b: Electabuzz|Follow Me|p2b: Electabuzz
|-singleturn|p2b: Electabuzz|move: Follow Me
|move|p2a: Sinistcha|Matcha Gotcha|p1a: Homage|[spread] p1a,p1b
|-supereffective|p1a: Homage
|-resisted|p1b: Yeah Right
|-damage|p1a: Homage|64/100
|-heal|p2a: Sinistcha|52/100|[from] drain|[of] p1a: Homage
|-damage|p1b: Yeah Right|62/100
|-heal|p2a: Sinistcha|58/100|[from] drain|[of] p1b: Yeah Right
|move|p1a: Homage|Blood Moon|p2b: Electabuzz
|-damage|p2b: Electabuzz|5/100
|move|p1b: Yeah Right|Flare Blitz|p2b: Electabuzz
|-damage|p2b: Electabuzz|0 fnt
|faint|p2b: Electabuzz
|-damage|p1b: Yeah Right|61/100|[from] Recoil
|
|upkeep
|turn|7
|
|t:|1757201923
|move|p2a: Sinistcha|Matcha Gotcha|p1b: Yeah Right|[spread] p1a,p1b
|-supereffective|p1a: Homage
|-resisted|p1b: Yeah Right
|-damage|p1a: Homage|31/100
|-heal|p2a: Sinistcha|79/100|[from] drain|[of] p1a: Homage
|-damage|p1b: Yeah Right|49/100
|-heal|p2a: Sinistcha|85/100|[from] drain|[of] p1b: Yeah Right
|-status|p1a: Homage|brn
|-enditem|p1b: Yeah Right|Sitrus Berry|[eat]
|-heal|p1b: Yeah Right|74/100|[from] item: Sitrus Berry
|move|p1a: Homage|Hyper Voice|p2a: Sinistcha
|-damage|p2a: Sinistcha|38/100
|move|p1b: Yeah Right|Knock Off|p2a: Sinistcha
|-supereffective|p2a: Sinistcha
|-damage|p2a: Sinistcha|0 fnt
|faint|p2a: Sinistcha
|
|win|is_katabo
|inactive|is_katabo has 30 seconds to confirm battle start!
|inactive|StosMac33 has 30 seconds to confirm battle start!
||is_katabo is ready for game 2.
|l|☆StosMac33
|player|p2|
|inactive|StosMac33 has 20 seconds to confirm battle start!
|inactive|StosMac33 has 10 seconds to confirm battle start!
|uhtml|next|Next: Game 2 of 3
