|j|☆Adriatic Tides
|j|☆chungoc
|html|Adriatic Tideschungoc    
|uhtml|bestof|Game 2 of a best-of-3
|t:|1784422547
|gametype|doubles
|player|p1|Adriatic Tides|leon|1165
|player|p2|chungoc|birdkeeper|1188
|gen|9
|tier|[Gen 9 Champions] VGC 2026 Reg M-B (Bo3)
|rated|
|rule|Species Clause: Limit one of each Pokémon
|rule|Item Clause: Limit 1 of each item
|clearpoke
|poke|p1|Tyranitar, L50, M|
|poke|p1|Excadrill, L50, M|
|poke|p1|Delphox, L50, M|
|poke|p1|Sinistcha, L50|
|poke|p1|Rotom-Wash, L50|
|poke|p1|Incineroar, L50, M|
|poke|p2|Tyranitar, L50, M, shiny|
|poke|p2|Whimsicott, L50, F|
|poke|p2|Excadrill, L50, M|
|poke|p2|Rotom-Wash, L50|
|poke|p2|Archaludon, L50, M|
|poke|p2|Dragonite, L50, M|
|teampreview|4
|showteam|p1|Tyranitar||Tyranitarite|SandStream|KnockOff,RockSlide,Protect,LowKick|Adamant||M|||50|]Excadrill||FocusSash|SandRush|Protect,Earthquake,IronHead,RockSlide|Adamant||M|||50|]Delphox||Delphoxite|Blaze|NastyPlot,HeatWave,Psyshock,Protect|Timid||M|||50|]Sinistcha||ColburBerry|Hospitality|TrickRoom,MatchaGotcha,Protect,RagePowder|Bold|||||50|]Rotom-Wash||Leftovers|Levitate|Electroweb,HydroPump,Protect,Thunderbolt|Modest|||||50|]Incineroar||SitrusBerry|Intimidate|FakeOut,FlareBlitz,PartingShot,ThroatChop|Careful||M|||50|
|showteam|p2|Tyranitar||Tyranitarite|SandStream|RockSlide,KnockOff,Protect,LowKick|Adamant||M|||50|]Whimsicott||FocusSash|Prankster|Moonblast,Tailwind,Encore,Taunt|Timid||F|||50|]Excadrill||LifeOrb|SandRush|HighHorsepower,IronHead,RockSlide,Protect|Adamant||M|||50|]Rotom-Wash||SitrusBerry|Levitate|Protect,WillOWisp,Thunderbolt,HydroPump|Modest|||||50|]Archaludon||WhiteHerb|Stamina|FlashCannon,ElectroShot,Protect,DracoMeteor|Modest||M|||50|]Dragonite||Dragoninite|InnerFocus|DragonPulse,Hurricane,IceBeam,HeatWave|Timid||M|||50|
|
|t:|1784422568
|teamsize|p1|4
|teamsize|p2|4
|start
|switch|p1a: Sinistcha|Sinistcha, L50|100/100
|switch|p1b: Tyranitar|Tyranitar, L50, M|100/100
|switch|p2a: Whimsicott|Whimsicott, L50, F|100/100
|switch|p2b: Dragonite|Dragonite, L50, M|100/100
|-weather|Sandstorm|[from] ability: Sand Stream|[of] p1b: Tyranitar
|turn|1
|
|t:|1784422600
|detailschange|p2b: Dragonite|Dragonite-Mega, L50, M
|-mega|p2b: Dragonite|Dragonite|Dragoninite
|detailschange|p1b: Tyranitar|Tyranitar-Mega, L50, M
|-mega|p1b: Tyranitar|Tyranitar|Tyranitarite
|move|p2a: Whimsicott|Taunt|p1a: Sinistcha
|-start|p1a: Sinistcha|move: Taunt
|move|p2b: Dragonite|Heat Wave|p1a: Sinistcha|[spread] p1b
|-miss|p2b: Dragonite|p1a: Sinistcha
|-resisted|p1b: Tyranitar|1
|-damage|p1b: Tyranitar|93/100
|move|p1b: Tyranitar|Rock Slide|p2b: Dragonite|[spread] p2a,p2b
|-supereffective|p2b: Dragonite|1
|-damage|p2a: Whimsicott|37/100
|-damage|p2b: Dragonite|63/100
|move|p1a: Sinistcha|Matcha Gotcha|p2b: Dragonite|[spread] p2a,p2b
|-resisted|p2a: Whimsicott|1
|-resisted|p2b: Dragonite|2
|-damage|p2a: Whimsicott|18/100
|-damage|p2b: Dragonite|58/100
|
|-weather|Sandstorm|[upkeep]
|-damage|p2a: Whimsicott|12/100|[from] Sandstorm
|-damage|p2b: Dragonite|52/100|[from] Sandstorm
|-damage|p1a: Sinistcha|93/100|[from] Sandstorm
|upkeep
|turn|2
|
|t:|1784422632
|switch|p1a: Rotom|Rotom-Wash, L50|100/100
|move|p2a: Whimsicott|Tailwind|p2a: Whimsicott
|-sidestart|p2: chungoc|move: Tailwind
|move|p2b: Dragonite|Heat Wave|p1a: Rotom|[spread] p1a,p1b
|-resisted|p1a: Rotom|1
|-resisted|p1b: Tyranitar|1
|-damage|p1a: Rotom|85/100
|-damage|p1b: Tyranitar|86/100
|move|p1b: Tyranitar|Rock Slide|p2b: Dragonite|[spread] p2a,p2b
|-supereffective|p2b: Dragonite|1
|-damage|p2a: Whimsicott|0 fnt
|-damage|p2b: Dragonite|0 fnt
|faint|p2a: Whimsicott
|faint|p2b: Dragonite
|
|-weather|Sandstorm|[upkeep]
|-damage|p1a: Rotom|79/100|[from] Sandstorm
|-heal|p1a: Rotom|85/100|[from] item: Leftovers
|upkeep
|
|t:|1784422647
|switch|p2a: Rotom|Rotom-Wash, L50|100/100
|switch|p2b: Excadrill|Excadrill, L50, M|100/100
|turn|3
|
|t:|1784422660
|switch|p1b: Sinistcha|Sinistcha, L50|93/100
|-heal|p1a: Rotom|100/100|[from] ability: Hospitality|[of] p1b: Sinistcha
|move|p2b: Excadrill|High Horsepower|p1b: Sinistcha
|-resisted|p1b: Sinistcha|1
|-damage|p1b: Sinistcha|66/100
|-damage|p2b: Excadrill|90/100|[from] item: Life Orb
|move|p2a: Rotom|Thunderbolt|p1a: Rotom
|-damage|p1a: Rotom|51/100
|move|p1a: Rotom|Hydro Pump|p2b: Excadrill|[miss]
|-miss|p1a: Rotom|p2b: Excadrill
|
|-weather|Sandstorm|[upkeep]
|-damage|p2a: Rotom|94/100|[from] Sandstorm
|-damage|p1a: Rotom|45/100|[from] Sandstorm
|-damage|p1b: Sinistcha|60/100|[from] Sandstorm
|-heal|p1a: Rotom|51/100|[from] item: Leftovers
|upkeep
|turn|4
|
|t:|1784422679
|move|p1a: Rotom|Protect|p1a: Rotom
|-singleturn|p1a: Rotom|Protect
|move|p2b: Excadrill|Rock Slide|p1b: Sinistcha|[spread] p1b
|-activate|p1a: Rotom|move: Protect
|-damage|p1b: Sinistcha|39/100
|-damage|p2b: Excadrill|80/100|[from] item: Life Orb
|move|p2a: Rotom|Thunderbolt|p1a: Rotom
|-activate|p1a: Rotom|move: Protect
|move|p1b: Sinistcha|Matcha Gotcha|p2b: Excadrill|[spread] p2a
|-miss|p1b: Sinistcha|p2b: Excadrill
|-supereffective|p2a: Rotom|1
|-damage|p2a: Rotom|28/100
|-heal|p1b: Sinistcha|63/100|[from] drain|[of] p2a: Rotom
|-status|p2a: Rotom|brn
|-enditem|p2a: Rotom|Sitrus Berry|[eat]
|-heal|p2a: Rotom|52/100 brn|[from] item: Sitrus Berry
|
|-weather|Sandstorm|[upkeep]
|-damage|p2a: Rotom|47/100 brn|[from] Sandstorm
|-damage|p1a: Rotom|45/100|[from] Sandstorm
|-damage|p1b: Sinistcha|57/100|[from] Sandstorm
|-heal|p1a: Rotom|51/100|[from] item: Leftovers
|-damage|p2a: Rotom|41/100 brn|[from] brn
|upkeep
|turn|5
|
|t:|1784422697
|move|p2b: Excadrill|Rock Slide|p1b: Sinistcha|[spread] p1a,p1b
|-damage|p1a: Rotom|21/100
|-damage|p1b: Sinistcha|37/100
|-damage|p2b: Excadrill|70/100|[from] item: Life Orb
|move|p2a: Rotom|Thunderbolt|p1a: Rotom
|-damage|p1a: Rotom|0 fnt
|faint|p1a: Rotom
|move|p1b: Sinistcha|Matcha Gotcha|p2b: Excadrill|[spread] p2a
|-miss|p1b: Sinistcha|p2b: Excadrill
|-supereffective|p2a: Rotom|1
|-damage|p2a: Rotom|0 fnt
|-heal|p1b: Sinistcha|52/100|[from] drain|[of] p2a: Rotom
|faint|p2a: Rotom
|
|-weather|none
|-sideend|p2: chungoc|move: Tailwind
|upkeep
|
|t:|1784422703
|switch|p1a: Excadrill|Excadrill, L50, M|100/100
|turn|6
|
|t:|1784422711
|move|p1b: Sinistcha|Protect|p1b: Sinistcha
|-singleturn|p1b: Sinistcha|Protect
|move|p1a: Excadrill|Earthquake|p2b: Excadrill|[spread] p2b
|-activate|p1b: Sinistcha|move: Protect
|-supereffective|p2b: Excadrill|1
|-damage|p2b: Excadrill|0 fnt
|faint|p2b: Excadrill
|
|win|Adriatic Tides
||chungoc is ready for game 3.
||Adriatic Tides is ready for game 3.
|uhtml|next|Next: Game 3 of 3
|j| alkdfe
|l| alkdfe
|l|☆chungoc
|player|p2|
