|j|вҳҶjetboy57
|j|вҳҶar1stoteles vgc
|html|jetboy57ar1stoteles vgc    
|uhtml|bestof|Game 2 of a best-of-3
|t:|1756759291
|gametype|doubles
|player|p1|jetboy57|n|1122
|player|p2|ar1stoteles vgc|alder|1049
|gen|9
|tier|[Gen 9] VGC 2025 Reg H (Bo3)
|rated|
|rule|Species Clause: Limit one of each PokГ©mon
|rule|Item Clause: Limit 1 of each item
|clearpoke
|poke|p1|Tyranitar, L50, F|
|poke|p1|Corviknight, L50, M|
|poke|p1|Indeedee, L50, M|
|poke|p1|Amoonguss, L50, F|
|poke|p1|Sneasler, L50, F|
|poke|p1|Garchomp, L50, F|
|poke|p2|Indeedee-F, L50, F|
|poke|p2|Hatterene, L50, F|
|poke|p2|Gallade, L50, M|
|poke|p2|Ursaluna, L50, M|
|poke|p2|Lilligant-Hisui, L50, F|
|poke|p2|Torkoal, L50, M|
|teampreview|4
|showteam|p1|Tyranitar||AssaultVest|SandStream|RockSlide,KnockOff,TeraBlast,LowKick|||F|||50|,,,,,Flying]Corviknight||Leftovers|MirrorArmor|BulkUp,BraveBird,Tailwind,Roost|||M|||50|,,,,,Dragon]Indeedee||FocusSash|PsychicSurge|TrickRoom,ExpandingForce,Imprison,TeraBlast|||M|||50|,,,,,Fighting]Amoonguss||SitrusBerry|Regenerator|Spore,RagePowder,ClearSmog,Protect|||F|||50|,,,,,Water]Sneasler||PsychicSeed|Unburden|ThroatChop,DireClaw,CloseCombat,Protect|||F|||50|,,,,,Dark]Garchomp||LifeOrb|SandVeil|Earthquake,DragonClaw,StompingTantrum,Protect|||F|||50|,,,,,Fairy
|showteam|p2|Indeedee-F||PsychicSeed|PsychicSurge|TrickRoom,FollowMe,HelpingHand,DazzlingGleam|||F|||50|,,,,,Fire]Hatterene||LifeOrb|MagicBounce|ExpandingForce,TrickRoom,DazzlingGleam,Protect|||F|||50|,,,,,Psychic]Gallade||ClearAmulet|Sharpness|PsychoCut,TrickRoom,SacredSword,WideGuard|||M|||50|,,,,,Grass]Ursaluna||FlameOrb|Guts|HeadlongRush,Facade,SwordsDance,Protect|||M|||50|,,,,,Ghost]Lilligant-Hisui||FocusSash|Chlorophyll|SolarBlade,SleepPowder,CloseCombat,AfterYou|||F|||50|,,,,,Ghost]Torkoal||ChoiceSpecs|Drought|Eruption,HeatWave,WeatherBall,EarthPower|||M|||50|,,,,,Fire
|inactive|Battle timer is ON: inactive players will automatically lose when time's up. (requested by ar1stoteles vgc)
|inactive|jetboy57 has 60 seconds left.
|inactive|ar1stoteles vgc has 60 seconds left.
|inactive|jetboy57 has 30 seconds left.
|inactive|jetboy57 has 20 seconds left.
|
|t:|1756759365
|teamsize|p1|4
|teamsize|p2|4
|start
|switch|p1a: Indeedee|Indeedee, L50, M|100/100
|switch|p1b: Sneasler|Sneasler, L50, F|100/100
|switch|p2a: зҙ«з«Ҫи¶…еҸҜж„ӣ|Indeedee-F, L50, F, shiny|100/100
|switch|p2b: зҙ«з«ҪиҰӘиЎӣйҡҠ|Gallade, L50, M, shiny|100/100
|-fieldstart|move: Psychic Terrain|[from] ability: Psychic Surge|[of] p1a: Indeedee
|-enditem|p1b: Sneasler|Psychic Seed
|-boost|p1b: Sneasler|spd|1|[from] item: Psychic Seed
|-enditem|p2a: зҙ«з«Ҫи¶…еҸҜж„ӣ|Psychic Seed
|-boost|p2a: зҙ«з«Ҫи¶…еҸҜж„ӣ|spd|1|[from] item: Psychic Seed
|turn|1
|
|t:|1756759388
|-terastallize|p1b: Sneasler|Dark
|-terastallize|p2a: зҙ«з«Ҫи¶…еҸҜж„ӣ|Fire
|move|p2b: зҙ«з«ҪиҰӘиЎӣйҡҠ|Wide Guard|p2b: зҙ«з«ҪиҰӘиЎӣйҡҠ
|-singleturn|p2b: зҙ«з«ҪиҰӘиЎӣйҡҠ|Wide Guard
|move|p1b: Sneasler|Dire Claw|p2b: зҙ«з«ҪиҰӘиЎӣйҡҠ
|-damage|p2b: зҙ«з«ҪиҰӘиЎӣйҡҠ|32/100
|move|p1a: Indeedee|Expanding Force|p2a: зҙ«з«Ҫи¶…еҸҜж„ӣ|[spread] 
|-activate|p2a: зҙ«з«Ҫи¶…еҸҜж„ӣ|move: Wide Guard
|-activate|p2b: зҙ«з«ҪиҰӘиЎӣйҡҠ|move: Wide Guard
|move|p2a: зҙ«з«Ҫи¶…еҸҜж„ӣ|Trick Room|p2a: зҙ«з«Ҫи¶…еҸҜж„ӣ
|-fieldstart|move: Trick Room|[of] p2a: зҙ«з«Ҫи¶…еҸҜж„ӣ
|
|upkeep
|turn|2
|
|t:|1756759414
|switch|p1b: Garchomp|Garchomp, L50, F|100/100
|move|p2a: зҙ«з«Ҫи¶…еҸҜж„ӣ|Follow Me|p2a: зҙ«з«Ҫи¶…еҸҜж„ӣ
|-singleturn|p2a: зҙ«з«Ҫи¶…еҸҜж„ӣ|move: Follow Me
|move|p2b: зҙ«з«ҪиҰӘиЎӣйҡҠ|Sacred Sword|p1a: Indeedee
|-enditem|p1a: Indeedee|Focus Sash
|-damage|p1a: Indeedee|1/100
|move|p1a: Indeedee|Tera Blast|p2a: зҙ«з«Ҫи¶…еҸҜж„ӣ
|-damage|p2a: зҙ«з«Ҫи¶…еҸҜж„ӣ|77/100
|
|upkeep
|turn|3
|
|t:|1756759431
|move|p1b: Garchomp|Protect|p1b: Garchomp
|-singleturn|p1b: Garchomp|Protect
|move|p2b: зҙ«з«ҪиҰӘиЎӣйҡҠ|Psycho Cut|p1b: Garchomp
|-activate|p1b: Garchomp|move: Protect
|move|p2a: зҙ«з«Ҫи¶…еҸҜж„ӣ|Dazzling Gleam|p1a: Indeedee|[spread] p1a
|-activate|p1b: Garchomp|move: Protect
|-damage|p1a: Indeedee|0 fnt
|faint|p1a: Indeedee
|
|upkeep
|
|t:|1756759446
|switch|p1a: Sneasler|Sneasler, L50, F, tera:Dark|100/100
|turn|4
|
|t:|1756759458
|move|p1a: Sneasler|Protect|p1a: Sneasler
|-singleturn|p1a: Sneasler|Protect
|move|p2b: зҙ«з«ҪиҰӘиЎӣйҡҠ|Sacred Sword|p1b: Garchomp
|-damage|p1b: Garchomp|21/100
|move|p2a: зҙ«з«Ҫи¶…еҸҜж„ӣ|Dazzling Gleam|p1a: Sneasler|[spread] p1b
|-activate|p1a: Sneasler|move: Protect
|-supereffective|p1b: Garchomp
|-damage|p1b: Garchomp|0 fnt
|faint|p1b: Garchomp
|
|upkeep
|
|t:|1756759467
|switch|p1b: Tyranitar|Tyranitar, L50, F|100/100
|-weather|Sandstorm|[from] ability: Sand Stream|[of] p1b: Tyranitar
|turn|5
|
|t:|1756759479
|move|p1a: Sneasler|Protect||[still]
|-fail|p1a: Sneasler
|move|p2a: зҙ«з«Ҫи¶…еҸҜж„ӣ|Follow Me|p2a: зҙ«з«Ҫи¶…еҸҜж„ӣ
|-singleturn|p2a: зҙ«з«Ҫи¶…еҸҜж„ӣ|move: Follow Me
|move|p2b: зҙ«з«ҪиҰӘиЎӣйҡҠ|Sacred Sword|p1a: Sneasler
|-supereffective|p1a: Sneasler
|-crit|p1a: Sneasler
|-damage|p1a: Sneasler|0 fnt
|faint|p1a: Sneasler
|move|p1b: Tyranitar|Rock Slide|p2a: зҙ«з«Ҫи¶…еҸҜж„ӣ|[spread] p2a,p2b
|-supereffective|p2a: зҙ«з«Ҫи¶…еҸҜж„ӣ
|-resisted|p2b: зҙ«з«ҪиҰӘиЎӣйҡҠ
|-damage|p2a: зҙ«з«Ҫи¶…еҸҜж„ӣ|15/100
|-damage|p2b: зҙ«з«ҪиҰӘиЎӣйҡҠ|8/100
|
|-weather|Sandstorm|[upkeep]
|-damage|p2b: зҙ«з«ҪиҰӘиЎӣйҡҠ|2/100|[from] Sandstorm
|-damage|p2a: зҙ«з«Ҫи¶…еҸҜж„ӣ|8/100|[from] Sandstorm
|-fieldend|move: Trick Room
|-fieldend|move: Psychic Terrain
|upkeep
|turn|6
|
|t:|1756759498
|move|p2b: зҙ«з«ҪиҰӘиЎӣйҡҠ|Wide Guard|p2b: зҙ«з«ҪиҰӘиЎӣйҡҠ
|-singleturn|p2b: зҙ«з«ҪиҰӘиЎӣйҡҠ|Wide Guard
|move|p1b: Tyranitar|Knock Off|p2b: зҙ«з«ҪиҰӘиЎӣйҡҠ
|-damage|p2b: зҙ«з«ҪиҰӘиЎӣйҡҠ|0 fnt
|-enditem|p2b: зҙ«з«ҪиҰӘиЎӣйҡҠ|Clear Amulet|[from] move: Knock Off|[of] p1b: Tyranitar
|faint|p2b: зҙ«з«ҪиҰӘиЎӣйҡҠ
|move|p2a: зҙ«з«Ҫи¶…еҸҜж„ӣ|Trick Room|p2a: зҙ«з«Ҫи¶…еҸҜж„ӣ
|-fieldstart|move: Trick Room|[of] p2a: зҙ«з«Ҫи¶…еҸҜж„ӣ
|
|-weather|Sandstorm|[upkeep]
|-damage|p2a: зҙ«з«Ҫи¶…еҸҜж„ӣ|2/100|[from] Sandstorm
|upkeep
|
|t:|1756759508
|switch|p2b: еӨӘжЁӮе·ҙжҲҲж–Ҝ|Torkoal, L50, M, shiny|100/100
|-weather|SunnyDay|[from] ability: Drought|[of] p2b: еӨӘжЁӮе·ҙжҲҲж–Ҝ
|turn|7
|
|t:|1756759513
|move|p2a: зҙ«з«Ҫи¶…еҸҜж„ӣ|Helping Hand|p2b: еӨӘжЁӮе·ҙжҲҲж–Ҝ
|-singleturn|p2b: еӨӘжЁӮе·ҙжҲҲж–Ҝ|Helping Hand|[of] p2a: зҙ«з«Ҫи¶…еҸҜж„ӣ
|move|p2b: еӨӘжЁӮе·ҙжҲҲж–Ҝ|Earth Power|p1b: Tyranitar
|-supereffective|p1b: Tyranitar
|-damage|p1b: Tyranitar|29/100
|move|p1b: Tyranitar|Rock Slide|p2a: зҙ«з«Ҫи¶…еҸҜж„ӣ|[spread] p2a,p2b
|-supereffective|p2a: зҙ«з«Ҫи¶…еҸҜж„ӣ
|-supereffective|p2b: еӨӘжЁӮе·ҙжҲҲж–Ҝ
|-damage|p2a: зҙ«з«Ҫи¶…еҸҜж„ӣ|0 fnt
|-damage|p2b: еӨӘжЁӮе·ҙжҲҲж–Ҝ|50/100
|faint|p2a: зҙ«з«Ҫи¶…еҸҜж„ӣ
|
|-weather|SunnyDay|[upkeep]
|upkeep
|
|t:|1756759515
|switch|p2a: дёҖжӢіжңҲжңҲзҶҠ|Ursaluna, L50, M, shiny|100/100
|turn|8
|
|t:|1756759529
|move|p2b: еӨӘжЁӮе·ҙжҲҲж–Ҝ|Earth Power|p1b: Tyranitar
|-supereffective|p1b: Tyranitar
|-damage|p1b: Tyranitar|0 fnt
|faint|p1b: Tyranitar
|
|win|ar1stoteles vgc
||jetboy57 is ready for game 3.
||ar1stoteles vgc is ready for game 3.
|uhtml|next|Next: Game 3 of 3
