|j|☆jeanryupr
|j|☆leonelmessyone
|html|jeanryuprleonelmessyone    
|uhtml|bestof|Game 3 of a best-of-3
|t:|1785710772
|gametype|doubles
|player|p1|jeanryupr|101|1152
|player|p2|leonelmessyone|169|1156
|gen|9
|tier|[Gen 9 Champions] VGC 2026 Reg M-B (Bo3)
|rated|
|rule|Species Clause: Limit one of each Pokémon
|rule|Item Clause: Limit 1 of each item
|clearpoke
|poke|p1|Raichu, L50, F|
|poke|p1|Aerodactyl, L50, M|
|poke|p1|Sylveon, L50, F|
|poke|p1|Basculegion, L50, M|
|poke|p1|Farigiraf, L50, M|
|poke|p1|Garchomp, L50, M|
|poke|p2|Sceptile, L50, F, shiny|
|poke|p2|Golurk, L50, shiny|
|poke|p2|Rotom-Wash, L50, shiny|
|poke|p2|Arcanine, L50, M, shiny|
|poke|p2|Goodra-Hisui, L50, M, shiny|
|poke|p2|Oranguru, L50, F, shiny|
|teampreview|4
|showteam|p1|Raichu||RaichuniteY|Static|FocusBlast,ZapCannon,FakeOut,Protect|Timid||F|||50|]Aerodactyl||Aerodactylite|Unnerve|WideGuard,IceFang,RockSlide,Tailwind|Jolly||M|||50|]Sylveon||FairyFeather|Pixilate|Detect,QuickAttack,HyperBeam,HyperVoice|Modest||F|||50|]Basculegion||FocusSash|Adaptability|LastRespects,AquaJet,WaveCrash,Protect|Adamant||M|||50|]Farigiraf||SitrusBerry|ArmorTail|TrickRoom,HelpingHand,Thunderbolt,TwinBeam|Bold||M|||50|]Garchomp|||RoughSkin|Protect,DragonClaw,StompingTantrum,Earthquake|Jolly||M|||50|
|showteam|p2|Sceptile||Sceptilite|Overgrow|EnergyBall,EarthPower,DragonPulse,ShedTail|Modest||F|||50|]Golurk||Golurkite|NoGuard|RockSlide,HighHorsepower,Poltergeist,Protect|Brave|||||50|]Rotom-Wash||ChoiceScarf|Levitate|Discharge,VoltSwitch,Trick,HydroPump|Modest|||||50|]Arcanine||LifeOrb|Intimidate|Protect,WillOWisp,ExtremeSpeed,FlareBlitz|Jolly||M|||50|]Goodra-Hisui||Leftovers|SapSipper|Shelter,BodyPress,HeavySlam,LifeDew|Relaxed||M|||50|]Oranguru||MentalHerb|InnerFocus|TrickRoom,Gravity,FoulPlay,Instruct|Sassy||F|||50|
|
|t:|1785710798
|teamsize|p1|4
|teamsize|p2|4
|start
|switch|p1a: Raichu|Raichu, L50, F|100/100
|switch|p1b: Sylveon|Sylveon, L50, F|100/100
|switch|p2a: Goodra|Goodra-Hisui, L50, M, shiny|100/100
|switch|p2b: Oranguru|Oranguru, L50, F, shiny|100/100
|turn|1
|
|t:|1785710836
|detailschange|p1a: Raichu|Raichu-Mega-Y, L50, F
|-mega|p1a: Raichu|Raichu|Raichunite Y
|move|p1a: Raichu|Focus Blast|p2b: Oranguru
|-damage|p2b: Oranguru|71/100
|-unboost|p2b: Oranguru|spd|1
|move|p1b: Sylveon|Hyper Voice|p2b: Oranguru|[spread] p2a,p2b
|-damage|p2a: Goodra|66/100
|-damage|p2b: Oranguru|28/100
|move|p2a: Goodra|Heavy Slam|p1b: Sylveon
|-supereffective|p1b: Sylveon|1
|-damage|p1b: Sylveon|2/100
|move|p2b: Oranguru|Trick Room|p2b: Oranguru
|-fieldstart|move: Trick Room|[of] p2b: Oranguru
|
|-heal|p2a: Goodra|72/100|[from] item: Leftovers
|upkeep
|turn|2
|
|t:|1785710871
|switch|p1b: Farigiraf|Farigiraf, L50, M|100/100
|switch|p1a: Garchomp|Garchomp, L50, M|100/100
|move|p2a: Goodra|Body Press|p1a: Garchomp
|-damage|p1a: Garchomp|74/100
|-damage|p2a: Goodra|59/100|[from] ability: Rough Skin|[of] p1a: Garchomp
|move|p2b: Oranguru|Instruct|p2a: Goodra
|-singleturn|p2a: Goodra|move: Instruct|[of] p2b: Oranguru
|move|p2a: Goodra|Body Press|p1a: Garchomp
|-damage|p1a: Garchomp|49/100
|-damage|p2a: Goodra|47/100|[from] ability: Rough Skin|[of] p1a: Garchomp
|
|-heal|p2a: Goodra|53/100|[from] item: Leftovers
|upkeep
|turn|3
|
|t:|1785710909
|move|p2a: Goodra|Shelter|p2a: Goodra
|-boost|p2a: Goodra|def|2
|move|p2b: Oranguru|Foul Play|p1a: Garchomp
|-damage|p1a: Garchomp|19/100
|-damage|p2b: Oranguru|16/100|[from] ability: Rough Skin|[of] p1a: Garchomp
|move|p1a: Garchomp|Stomping Tantrum|p2b: Oranguru
|-damage|p2b: Oranguru|0 fnt
|faint|p2b: Oranguru
|move|p1b: Farigiraf|Trick Room|p1b: Farigiraf
|-fieldend|move: Trick Room
|
|-heal|p2a: Goodra|59/100|[from] item: Leftovers
|upkeep
|
|t:|1785710922
|switch|p2b: Arcanine|Arcanine, L50, M, shiny|100/100
|-ability|p2b: Arcanine|Intimidate|boost
|-unboost|p1a: Garchomp|atk|1
|-unboost|p1b: Farigiraf|atk|1
|turn|4
|
|t:|1785710956
|move|p1b: Farigiraf|Helping Hand|p1a: Garchomp
|-singleturn|p1a: Garchomp|Helping Hand|[of] p1b: Farigiraf
|move|p2b: Arcanine|Extreme Speed||[still]
|cant|p1b: Farigiraf|ability: Armor Tail|Extreme Speed|[of] p2b: Arcanine
|move|p1a: Garchomp|Earthquake|p2a: Goodra|[spread] p1b,p2a,p2b
|-supereffective|p2a: Goodra|1
|-supereffective|p2b: Arcanine|1
|-damage|p1b: Farigiraf|71/100
|-damage|p2a: Goodra|33/100
|-damage|p2b: Arcanine|4/100
|move|p2a: Goodra|Life Dew|p2a: Goodra|[spread] p2a,p2b
|-heal|p2a: Goodra|58/100
|-heal|p2b: Arcanine|28/100
|
|-heal|p2a: Goodra|64/100|[from] item: Leftovers
|upkeep
|turn|5
|
|t:|1785710986
|move|p2b: Arcanine|Protect|p2b: Arcanine
|-singleturn|p2b: Arcanine|Protect
|move|p1a: Garchomp|Earthquake|p2a: Goodra|[spread] p1b,p2a
|-activate|p2b: Arcanine|move: Protect
|-supereffective|p2a: Goodra|1
|-damage|p1b: Farigiraf|53/100
|-damage|p2a: Goodra|45/100
|move|p1b: Farigiraf|Thunderbolt|p2a: Goodra
|-resisted|p2a: Goodra|1
|-damage|p2a: Goodra|38/100
|move|p2a: Goodra|Body Press|p1a: Garchomp
|-damage|p1a: Garchomp|0 fnt
|-damage|p2a: Goodra|26/100|[from] ability: Rough Skin|[of] p1a: Garchomp
|faint|p1a: Garchomp
|
|-heal|p2a: Goodra|32/100|[from] item: Leftovers
|upkeep
|
|t:|1785710998
|switch|p1a: Raichu|Raichu-Mega-Y, L50, F|100/100
|turn|6
|
|t:|1785711030
|switch|p2a: Golurk|Golurk, L50, shiny|100/100
|move|p1a: Raichu|Focus Blast|p2a: Golurk
|-immune|p2a: Golurk
|move|p2b: Arcanine|Flare Blitz|p1a: Raichu
|-damage|p1a: Raichu|0 fnt
|faint|p1a: Raichu
|-damage|p2b: Arcanine|2/100|[from] Recoil
|-damage|p2b: Arcanine|0 fnt|[from] item: Life Orb
|faint|p2b: Arcanine
|move|p1b: Farigiraf|Thunderbolt|p2a: Golurk
|-immune|p2a: Golurk
|
|upkeep
|
|t:|1785711044
|switch|p1a: Sylveon|Sylveon, L50, F|2/100
|switch|p2b: Goodra|Goodra-Hisui, L50, M, shiny|32/100
|turn|7
|
|t:|1785711072
|detailschange|p2a: Golurk|Golurk-Mega, L50, shiny
|-mega|p2a: Golurk|Golurk|Golurkite
|move|p1a: Sylveon|Detect|p1a: Sylveon
|-singleturn|p1a: Sylveon|Protect
|move|p1b: Farigiraf|Twin Beam|p2a: Golurk
|-damage|p2a: Golurk|85/100
|-damage|p2a: Golurk|72/100
|-hitcount|p2a: Golurk|2
|move|p2b: Goodra|Life Dew|p2b: Goodra|[spread] p2a,p2b
|-heal|p2a: Golurk|97/100
|-heal|p2b: Goodra|57/100
|move|p2a: Golurk|High Horsepower|p1a: Sylveon
|-ability|p2a: Golurk|Unseen Fist
|-zbroken|p1a: Sylveon
|-damage|p1a: Sylveon|0 fnt
|faint|p1a: Sylveon
|
|-heal|p2b: Goodra|63/100|[from] item: Leftovers
|upkeep
|turn|8
|l|☆jeanryupr
|player|p1|
|c|☆leonelmessyone|gg
|inactive|Battle timer is ON: inactive players will automatically lose when time's up. (requested by leonelmessyone)
|inactive|jeanryupr has 30 seconds to reconnect!
|inactive|jeanryupr has 20 seconds to reconnect!
|inactive|jeanryupr has 15 seconds to reconnect!
|inactive|jeanryupr has 10 seconds to reconnect!
|inactive|jeanryupr has 5 seconds to reconnect!
|-message|jeanryupr lost due to inactivity.
|
|win|leonelmessyone
