|j|☆koronops5
|j|☆FFLastResort
|html|koronops5FFLastResort    
|uhtml|bestof|Game 1 of a best-of-3
|t:|1757019892
|gametype|doubles
|player|p1|koronops5|102|1102
|player|p2|FFLastResort|ethan|1100
|gen|9
|tier|[Gen 9] VGC 2025 Reg H (Bo3)
|rated|
|rule|Species Clause: Limit one of each Pokémon
|rule|Item Clause: Limit 1 of each item
|clearpoke
|poke|p1|Volcarona, L50, M|
|poke|p1|Kingambit, L50, M|
|poke|p1|Dragonite, L50, F|
|poke|p1|Sneasler, L50, M|
|poke|p1|Rillaboom, L50, M|
|poke|p1|Electabuzz, L50, M|
|poke|p2|Gholdengo, L50|
|poke|p2|Dragonite, L50, F|
|poke|p2|Maushold-Four, L50|
|poke|p2|Rillaboom, L50, F|
|poke|p2|Ursaluna-Bloodmoon, L50, M|
|poke|p2|Annihilape, L50, F|
|teampreview|4
|showteam|p1|Volcarona||Leftovers|FlameBody|HeatWave,TeraBlast,QuiverDance,Protect|||M|||50|,,,,,Fairy]Kingambit||BlackGlasses|Defiant|KowtowCleave,SuckerPunch,SwordsDance,Protect|||M|||50|,,,,,Ghost]Dragonite||LoadedDice|Multiscale|ScaleShot,ExtremeSpeed,Haze,Protect|||F|||50|,,,,,Steel]Sneasler||FocusSash|PoisonTouch|CloseCombat,DireClaw,FakeOut,Coaching|||M|||50|,,,,,Stellar]Rillaboom||AssaultVest|GrassySurge|WoodHammer,GrassyGlide,HighHorsepower,FakeOut|||M|||50|,,,,,Fire]Electabuzz||Eviolite|VitalSpirit|Thunderbolt,Taunt,FollowMe,Protect|||M|||50|,,,,,Ghost
|showteam|p2|Gholdengo||LifeOrb|GoodasGold|MakeItRain,ShadowBall,NastyPlot,Protect||||||50|,,,,,Water]Dragonite||LoadedDice|Multiscale|Tailwind,Haze,Protect,ScaleShot|||F|||50|,,,,,Fairy]Maushold-Four||FocusSash|FriendGuard|Taunt,FollowMe,BeatUp,Protect||||||50|,,,,,Ghost]Rillaboom||MiracleSeed|GrassySurge|FakeOut,WoodHammer,GrassyGlide,HighHorsepower|||F|||50|,,,,,Grass]Ursaluna-Bloodmoon||AssaultVest|MindsEye|BloodMoon,EarthPower,HyperVoice,VacuumWave|||M|||50|,,,,,Water]Annihilape||SitrusBerry|Defiant|DrainPunch,RageFist,BulkUp,Protect|||F|||50|,,,,,Fire
|inactive|Battle timer is ON: inactive players will automatically lose when time's up. (requested by FFLastResort)
|inactive|FFLastResort has 30 seconds left.
|inactive|FFLastResort has 20 seconds left.
|inactive|FFLastResort has 15 seconds left.
|inactive|FFLastResort has 10 seconds left.
|
|t:|1757020017
|teamsize|p1|4
|teamsize|p2|4
|start
|switch|p1a: Volcarona|Volcarona, L50, M|100/100
|switch|p1b: Rillaboom|Rillaboom, L50, M|100/100
|switch|p2a: Dragonite|Dragonite, L50, F|100/100
|switch|p2b: Ursaluna|Ursaluna-Bloodmoon, L50, M|100/100
|-fieldstart|move: Grassy Terrain|[from] ability: Grassy Surge|[of] p1b: Rillaboom
|turn|1
|inactive|FFLastResort has 30 seconds left.
|
|t:|1757020051
|move|p1b: Rillaboom|Fake Out|p2a: Dragonite
|-damage|p2a: Dragonite|93/100
|move|p1a: Volcarona|Quiver Dance|p1a: Volcarona
|-boost|p1a: Volcarona|spa|1
|-boost|p1a: Volcarona|spd|1
|-boost|p1a: Volcarona|spe|1
|cant|p2a: Dragonite|flinch
|move|p2b: Ursaluna|Blood Moon|p1a: Volcarona
|-damage|p1a: Volcarona|49/100
|
|-heal|p1a: Volcarona|56/100|[from] Grassy Terrain
|-heal|p1a: Volcarona|62/100|[from] item: Leftovers
|upkeep
|turn|2
|inactive|koronops5 has 30 seconds left.
|
|t:|1757020077
|switch|p2b: Gholdengo|Gholdengo, L50|100/100
|-terastallize|p1a: Volcarona|Fairy
|-terastallize|p2a: Dragonite|Fairy
|move|p1b: Rillaboom|Grassy Glide|p2b: Gholdengo
|-resisted|p2b: Gholdengo
|-damage|p2b: Gholdengo|78/100
|move|p1a: Volcarona|Tera Blast|p2b: Gholdengo|[anim] Tera Blast Fairy
|-resisted|p2b: Gholdengo
|-damage|p2b: Gholdengo|43/100
|move|p2a: Dragonite|Haze|p2a: Dragonite
|-clearallboost
|
|-heal|p2b: Gholdengo|50/100|[from] Grassy Terrain
|-heal|p1a: Volcarona|68/100|[from] Grassy Terrain
|-heal|p1a: Volcarona|74/100|[from] item: Leftovers
|-heal|p2a: Dragonite|99/100|[from] Grassy Terrain
|upkeep
|turn|3
|inactive|FFLastResort has 30 seconds left.
|
|t:|1757020103
|switch|p2b: Ursaluna|Ursaluna-Bloodmoon, L50, M|100/100
|switch|p1a: Electabuzz|Electabuzz, L50, M|100/100
|move|p2a: Dragonite|Tailwind|p2a: Dragonite
|-sidestart|p2: FFLastResort|move: Tailwind
|move|p1b: Rillaboom|High Horsepower|p2b: Ursaluna
|-damage|p2b: Ursaluna|74/100
|
|-heal|p2a: Dragonite|100/100|[from] Grassy Terrain
|-heal|p2b: Ursaluna|80/100|[from] Grassy Terrain
|upkeep
|turn|4
|
|t:|1757020126
|switch|p1a: Dragonite|Dragonite, L50, F|100/100
|move|p2a: Dragonite|Scale Shot|p1b: Rillaboom
|-damage|p1b: Rillaboom|86/100
|-damage|p1b: Rillaboom|71/100
|-damage|p1b: Rillaboom|55/100
|-damage|p1b: Rillaboom|40/100
|-hitcount|p1b: Rillaboom|4
|-unboost|p2a: Dragonite|def|1
|-boost|p2a: Dragonite|spe|1
|move|p2b: Ursaluna|Blood Moon|p1b: Rillaboom
|-damage|p1b: Rillaboom|0 fnt
|faint|p1b: Rillaboom
|
|-heal|p2b: Ursaluna|86/100|[from] Grassy Terrain
|upkeep
|
|t:|1757020134
|switch|p1b: Volcarona|Volcarona, L50, M, tera:Fairy|74/100
|turn|5
|
|t:|1757020148
|move|p1b: Volcarona|Protect|p1b: Volcarona
|-singleturn|p1b: Volcarona|Protect
|move|p1a: Dragonite|Protect|p1a: Dragonite
|-singleturn|p1a: Dragonite|Protect
|move|p2a: Dragonite|Scale Shot|p1a: Dragonite
|-activate|p1a: Dragonite|move: Protect
|move|p2b: Ursaluna|Hyper Voice|p1a: Dragonite|[spread] 
|-activate|p1a: Dragonite|move: Protect
|-activate|p1b: Volcarona|move: Protect
|
|-heal|p2b: Ursaluna|92/100|[from] Grassy Terrain
|-heal|p1b: Volcarona|81/100|[from] Grassy Terrain
|-heal|p1b: Volcarona|87/100|[from] item: Leftovers
|-fieldend|move: Grassy Terrain
|upkeep
|turn|6
|
|t:|1757020162
|move|p1a: Dragonite|Extreme Speed|p2a: Dragonite
|-damage|p2a: Dragonite|76/100
|move|p2a: Dragonite|Scale Shot|p1a: Dragonite
|-supereffective|p1a: Dragonite
|-damage|p1a: Dragonite|86/100
|-supereffective|p1a: Dragonite
|-damage|p1a: Dragonite|53/100
|-supereffective|p1a: Dragonite
|-damage|p1a: Dragonite|20/100
|-supereffective|p1a: Dragonite
|-damage|p1a: Dragonite|0 fnt
|faint|p1a: Dragonite
|-hitcount|p1: Dragonite|4
|-unboost|p2a: Dragonite|def|1
|-boost|p2a: Dragonite|spe|1
|move|p2b: Ursaluna|Blood Moon|p1b: Volcarona
|-damage|p1b: Volcarona|12/100
|move|p1b: Volcarona|Quiver Dance|p1b: Volcarona
|-boost|p1b: Volcarona|spa|1
|-boost|p1b: Volcarona|spd|1
|-boost|p1b: Volcarona|spe|1
|
|-heal|p1b: Volcarona|18/100|[from] item: Leftovers
|-sideend|p2: FFLastResort|move: Tailwind
|upkeep
|
|t:|1757020170
|switch|p1a: Electabuzz|Electabuzz, L50, M|100/100
|turn|7
|
|t:|1757020183
|move|p1a: Electabuzz|Follow Me|p1a: Electabuzz
|-singleturn|p1a: Electabuzz|move: Follow Me
|move|p2a: Dragonite|Haze|p2a: Dragonite
|-clearallboost
|move|p1b: Volcarona|Heat Wave|p2a: Dragonite|[spread] p2a,p2b
|-damage|p2a: Dragonite|38/100
|-damage|p2b: Ursaluna|68/100
|move|p2b: Ursaluna|Hyper Voice|p1a: Electabuzz|[spread] p1a,p1b
|-damage|p1a: Electabuzz|72/100
|-damage|p1b: Volcarona|0 fnt
|faint|p1b: Volcarona
|
|upkeep
|turn|8
|-message|koronops5 forfeited.
|
|win|FFLastResort
||FFLastResort is ready for game 2.
||koronops5 is ready for game 2.
|uhtml|next|Next: Game 2 of 3
