|j|☆LanternComic
|j|☆Imnotgcb
|html|LanternComicImnotgcb    
|uhtml|bestof|Game 1 of a best-of-3
|t:|1783206574
|gametype|doubles
|player|p1|LanternComic|silver-masters|1165
|player|p2|Imnotgcb|170|1125
|gen|9
|tier|[Gen 9 Champions] VGC 2026 Reg M-B (Bo3)
|rated|
|rule|Species Clause: Limit one of each Pokémon
|rule|Item Clause: Limit 1 of each item
|clearpoke
|poke|p1|Mawile, L50, M|
|poke|p1|Farigiraf, L50, F|
|poke|p1|Sneasler, L50, M|
|poke|p1|Swampert, L50, F|
|poke|p1|Pelipper, L50, M|
|poke|p1|Hydreigon, L50, F|
|poke|p2|Pyroar, L50, M|
|poke|p2|Leafeon, L50, F|
|poke|p2|Venusaur, L50, F|
|poke|p2|Sneasler, L50, M|
|poke|p2|Torkoal, L50, M|
|poke|p2|Sableye, L50, F|
|teampreview|4
|showteam|p1|Mawile||Mawilite|Intimidate|PlayRough,IronHead,SuckerPunch,Protect|Adamant||M|||50|]Farigiraf||ColburBerry|ArmorTail|Psychic,Thunderbolt,TrickRoom,Protect|Relaxed||F|||50|]Sneasler||WhiteHerb|Unburden|CloseCombat,DireClaw,FakeOut,Coaching|Jolly||M|||50|]Swampert||Swampertite|Torrent|WaveCrash,Earthquake,HighHorsepower,Protect|Adamant||F|||50|]Pelipper||FocusSash|Drizzle|Hurricane,WeatherBall,Tailwind,WideGuard|Modest||M|||50|]Hydreigon||ChoiceScarf|Levitate|DracoMeteor,DarkPulse,Snarl,EarthPower|Modest||F|||50|
|showteam|p2|Pyroar||Pyroarite|Unnerve|HeatWave,Taunt,Protect,SolarBeam|Timid||M|||50|]Leafeon||LifeOrb|Chlorophyll|LeafBlade,SolarBlade,Protect,KnockOff|Adamant||F|||50|]Venusaur||Leftovers|Chlorophyll|SleepPowder,GigaDrain,Protect,SludgeBomb|Timid||F|||50|]Sneasler||FocusSash|Unburden|FakeOut,RockSlide,CloseCombat,DireClaw|Jolly||M|||50|]Torkoal||HeatRock|Drought|SolarBeam,HeatWave,Protect,StealthRock|Modest||M|||50|]Sableye||RoseliBerry|Prankster|LightScreen,Reflect,WillOWisp,FakeOut|Calm||F|||50|
|
|t:|1783206613
|teamsize|p1|4
|teamsize|p2|4
|start
|switch|p1a: Hydreigon|Hydreigon, L50, F|100/100
|switch|p1b: Farigiraf|Farigiraf, L50, F|100/100
|switch|p2a: Leafeon|Leafeon, L50, F|100/100
|switch|p2b: Torkoal|Torkoal, L50, M|100/100
|-weather|SunnyDay|[from] ability: Drought|[of] p2b: Torkoal
|turn|1
|
|t:|1783206634
|switch|p1b: Pelipper|Pelipper, L50, M|100/100
|-weather|RainDance|[from] ability: Drizzle|[of] p1b: Pelipper
|move|p2a: Leafeon|Protect|p2a: Leafeon
|-singleturn|p2a: Leafeon|Protect
|move|p1a: Hydreigon|Draco Meteor|p2a: Leafeon
|-activate|p2a: Leafeon|move: Protect
|move|p2b: Torkoal|Heat Wave|p1b: Pelipper|[spread] p1a,p1b
|-resisted|p1a: Hydreigon|1
|-resisted|p1b: Pelipper|1
|-damage|p1a: Hydreigon|91/100
|-damage|p1b: Pelipper|86/100
|
|-weather|RainDance|[upkeep]
|upkeep
|turn|2
|
|t:|1783206660
|switch|p2a: Sableye|Sableye, L50, F|100/100
|move|p2b: Torkoal|Protect|p2b: Torkoal
|-singleturn|p2b: Torkoal|Protect
|move|p1a: Hydreigon|Draco Meteor|p2b: Torkoal
|-activate|p2b: Torkoal|move: Protect
|move|p1b: Pelipper|Hurricane|p2a: Sableye
|-damage|p2a: Sableye|38/100
|
|-weather|RainDance|[upkeep]
|upkeep
|turn|3
|
|t:|1783206683
|switch|p2b: Leafeon|Leafeon, L50, F|100/100
|move|p2a: Sableye|Light Screen|p2a: Sableye
|-sidestart|p2: Imnotgcb|move: Light Screen
|move|p1a: Hydreigon|Draco Meteor|p2b: Leafeon
|-damage|p2b: Leafeon|38/100
|-unboost|p1a: Hydreigon|spa|2
|move|p1b: Pelipper|Hurricane|p2a: Sableye
|-damage|p2a: Sableye|0 fnt
|faint|p2a: Sableye
|
|-weather|RainDance|[upkeep]
|upkeep
|
|t:|1783206700
|switch|p2a: Torkoal|Torkoal, L50, M|100/100
|-weather|SunnyDay|[from] ability: Drought|[of] p2a: Torkoal
|turn|4
|
|t:|1783206710
|switch|p2b: Pyroar|Pyroar, L50, M|100/100
|-ability|p2b: Pyroar|Unnerve
|switch|p1b: Farigiraf|Farigiraf, L50, F|100/100
|move|p1a: Hydreigon|Draco Meteor|p2a: Torkoal
|-damage|p2a: Torkoal|69/100
|-unboost|p1a: Hydreigon|spa|2
|move|p2a: Torkoal|Solar Beam||[still]
|-prepare|p2a: Torkoal|Solar Beam
|-anim|p2a: Torkoal|Solar Beam|p1b: Farigiraf
|-damage|p1b: Farigiraf|67/100
|
|-weather|SunnyDay|[upkeep]
|upkeep
|turn|5
|
|t:|1783206730
|switch|p1a: Pelipper|Pelipper, L50, M|86/100
|-weather|RainDance|[from] ability: Drizzle|[of] p1a: Pelipper
|switch|p2a: Leafeon|Leafeon, L50, F|38/100
|detailschange|p2b: Pyroar|Pyroar-Mega, L50, M
|-mega|p2b: Pyroar|Pyroar|Pyroarite
|move|p2b: Pyroar|Protect|p2b: Pyroar
|-singleturn|p2b: Pyroar|Protect
|move|p1b: Farigiraf|Trick Room|p1b: Farigiraf
|-fieldstart|move: Trick Room|[of] p1b: Farigiraf
|
|-weather|RainDance|[upkeep]
|upkeep
|turn|6
|
|t:|1783206757
|switch|p1a: Hydreigon|Hydreigon, L50, F|91/100
|switch|p2a: Torkoal|Torkoal, L50, M|69/100
|-weather|SunnyDay|[from] ability: Drought|[of] p2a: Torkoal
|move|p1b: Farigiraf|Psychic|p2a: Torkoal
|-damage|p2a: Torkoal|44/100
|move|p2b: Pyroar|Heat Wave|p1b: Farigiraf|[spread] p1a
|-miss|p2b: Pyroar|p1b: Farigiraf
|-resisted|p1a: Hydreigon|1
|-damage|p1a: Hydreigon|45/100
|
|-weather|SunnyDay|[upkeep]
|upkeep
|turn|7
|
|t:|1783206776
|switch|p2a: Leafeon|Leafeon, L50, F|38/100
|move|p1b: Farigiraf|Psychic|p2a: Leafeon
|-damage|p2a: Leafeon|10/100
|move|p2b: Pyroar|Heat Wave|p1b: Farigiraf|[spread] p1b
|-miss|p2b: Pyroar|p1a: Hydreigon
|-crit|p1b: Farigiraf
|-damage|p1b: Farigiraf|0 fnt
|faint|p1b: Farigiraf
|move|p1a: Hydreigon|Earth Power|p2b: Pyroar
|-supereffective|p2b: Pyroar|1
|-damage|p2b: Pyroar|41/100
|
|-weather|SunnyDay|[upkeep]
|-sideend|p2: Imnotgcb|move: Light Screen
|upkeep
|
|t:|1783206784
|switch|p1b: Sneasler|Sneasler, L50, M|100/100
|turn|8
|
|t:|1783206794
|move|p2b: Pyroar|Protect|p2b: Pyroar
|-singleturn|p2b: Pyroar|Protect
|move|p2a: Leafeon|Protect|p2a: Leafeon
|-singleturn|p2a: Leafeon|Protect
|move|p1b: Sneasler|Fake Out|p2b: Pyroar
|-activate|p2b: Pyroar|move: Protect
|move|p1a: Hydreigon|Earth Power|p2a: Leafeon
|-activate|p2a: Leafeon|move: Protect
|
|-weather|SunnyDay|[upkeep]
|upkeep
|turn|9
|
|t:|1783206825
|switch|p1b: Pelipper|Pelipper, L50, M|86/100
|-weather|RainDance|[from] ability: Drizzle|[of] p1b: Pelipper
|move|p2a: Leafeon|Protect||[still]
|-fail|p2a: Leafeon
|move|p2b: Pyroar|Protect||[still]
|-fail|p2b: Pyroar
|move|p1a: Hydreigon|Earth Power|p2b: Pyroar
|-supereffective|p2b: Pyroar|1
|-damage|p2b: Pyroar|0 fnt
|faint|p2b: Pyroar
|
|-weather|RainDance|[upkeep]
|-fieldend|move: Trick Room
|upkeep
|-message|Imnotgcb forfeited.
|
|win|LanternComic
|l|☆Imnotgcb
|player|p2|
||LanternComic is ready for game 2.
||Imnotgcb is ready for game 2.
|uhtml|next|Next: Game 2 of 3
