|j|☆blood moon 101
|j|☆jeanryupr
|html|blood moon 101jeanryupr    
|uhtml|bestof|Game 1 of a best-of-3
|t:|1785765120
|gametype|doubles
|player|p1|blood moon 101|266|1051
|player|p2|jeanryupr|170|1192
|gen|9
|tier|[Gen 9 Champions] VGC 2026 Reg M-B (Bo3)
|rated|
|rule|Species Clause: Limit one of each Pokémon
|rule|Item Clause: Limit 1 of each item
|clearpoke
|poke|p1|Charizard, L50, F, shiny|
|poke|p1|Dragapult, L50, F|
|poke|p1|Sneasler, L50, M|
|poke|p1|Raichu, L50, F|
|poke|p1|Floette-Eternal, L50, F|
|poke|p1|Venusaur, L50, F|
|poke|p2|Raichu, L50, M|
|poke|p2|Aerodactyl, L50, M|
|poke|p2|Floette-Eternal, L50, F|
|poke|p2|Basculegion, L50, M|
|poke|p2|Farigiraf, L50, M|
|poke|p2|Garchomp, L50, M|
|teampreview|4
|showteam|p1|Charizard||CharizarditeY|Blaze|SolarBeam,HeatWave,Protect,AncientPower|Timid||F|||50|]Dragapult||Leftovers|ClearBody|DracoMeteor,Protect,ShadowBall,Uturn|Timid||F|||50|]Sneasler||FocusSash|PoisonTouch|FakeOut,CloseCombat,DireClaw,Protect|Jolly||M|||50|]Raichu||RaichuniteY|LightningRod|ZapCannon,FocusBlast,FakeOut,Protect|Hasty||F|||50|]Floette-Eternal||Floettite|FlowerVeil|DazzlingGleam,DrainingKiss,CalmMind,Protect|Timid||F|||50|]Venusaur||LifeOrb|Chlorophyll|EarthPower,SludgeBomb,EnergyBall,SleepPowder|Modest||F|||50|
|showteam|p2|Raichu||RaichuniteY|LightningRod|ZapCannon,FocusBlast,FakeOut,Protect|Timid||M|||50|]Aerodactyl||FocusSash|Unnerve|WideGuard,DualWingbeat,RockSlide,Tailwind|Jolly||M|||50|]Floette-Eternal||Floettite|FlowerVeil|CalmMind,DazzlingGleam,DrainingKiss,Protect|Timid||F|||50|]Basculegion||MysticWater|Adaptability|WaveCrash,LastRespects,AquaJet,Protect|Adamant||M|||50|]Farigiraf||SitrusBerry|ArmorTail|TrickRoom,HelpingHand,Thunderbolt,Psychic|Bold||M|||50|]Garchomp||LifeOrb|RoughSkin|Protect,DragonClaw,StompingTantrum,RockSlide|Jolly||M|||50|
|
|t:|1785765151
|teamsize|p1|4
|teamsize|p2|4
|start
|switch|p1a: Dragapult|Dragapult, L50, F|100/100
|switch|p1b: Sneasler|Sneasler, L50, M|100/100
|switch|p2a: Aerodactyl|Aerodactyl, L50, M|100/100
|switch|p2b: Raichu|Raichu, L50, M|100/100
|-ability|p2a: Aerodactyl|Unnerve
|turn|1
|
|t:|1785765170
|detailschange|p2b: Raichu|Raichu-Mega-Y, L50, M
|-mega|p2b: Raichu|Raichu|Raichunite Y
|move|p1a: Dragapult|Protect|p1a: Dragapult
|-singleturn|p1a: Dragapult|Protect
|move|p2b: Raichu|Fake Out|p1b: Sneasler
|-damage|p1b: Sneasler|84/100
|cant|p1b: Sneasler|flinch
|move|p2a: Aerodactyl|Tailwind|p2a: Aerodactyl
|-sidestart|p2: jeanryupr|move: Tailwind
|
|upkeep
|turn|2
|
|t:|1785765193
|switch|p1a: Raichu|Raichu, L50, F|100/100
|move|p2a: Aerodactyl|Dual Wingbeat|p1b: Sneasler
|-supereffective|p1b: Sneasler|1
|-crit|p1b: Sneasler
|-damage|p1b: Sneasler|4/100
|-supereffective|p1b: Sneasler|1
|-damage|p1b: Sneasler|0 fnt
|faint|p1b: Sneasler
|-hitcount|p1: Sneasler|2
|move|p2b: Raichu|Zap Cannon|p1a: Raichu
|-ability|p1a: Raichu|Lightning Rod|boost
|-boost|p1a: Raichu|spa|1
|
|upkeep
|
|t:|1785765231
|switch|p1b: Floette|Floette-Eternal, L50, F|100/100
|turn|3
|
|t:|1785765243
|detailschange|p1b: Floette|Floette-Mega, L50, F
|-mega|p1b: Floette|Floette|Floettite
|-ability|p1b: Floette|Fairy Aura
|move|p1a: Raichu|Fake Out|p2b: Raichu
|-damage|p2b: Raichu|86/100
|move|p2a: Aerodactyl|Rock Slide|p1b: Floette|[spread] p1a,p1b
|-damage|p1a: Raichu|45/100
|-damage|p1b: Floette|72/100
|cant|p2b: Raichu|flinch
|cant|p1b: Floette|flinch
|
|upkeep
|turn|4
|
|t:|1785765264
|move|p2a: Aerodactyl|Rock Slide|p1b: Floette|[spread] p1b
|-miss|p2a: Aerodactyl|p1a: Raichu
|-crit|p1b: Floette
|-damage|p1b: Floette|30/100
|move|p2b: Raichu|Focus Blast|p1b: Floette
|-resisted|p1b: Floette|1
|-damage|p1b: Floette|13/100
|move|p1a: Raichu|Focus Blast|p2b: Raichu
|-damage|p2b: Raichu|17/100
|cant|p1b: Floette|flinch
|
|-sideend|p2: jeanryupr|move: Tailwind
|upkeep
|turn|5
|
|t:|1785765281
|move|p2a: Aerodactyl|Rock Slide|p1a: Raichu|[spread] p1a,p1b
|-damage|p1a: Raichu|0 fnt
|-damage|p1b: Floette|0 fnt
|faint|p1a: Raichu
|faint|p1b: Floette
|move|p2b: Raichu|Focus Blast|p1: Raichu|[notarget]
|-fail|p2b: Raichu
|
|upkeep
|-message|blood moon 101 forfeited.
|
|win|jeanryupr
