|j|☆cheesebiscuit12
|j|☆jiggyjagga
|html|cheesebiscuit12jiggyjagga    
|uhtml|bestof|Game 2 of a best-of-3
|t:|1784306785
|gametype|doubles
|player|p1|cheesebiscuit12|266|
|player|p2|jiggyjagga|1|
|gen|9
|tier|[Gen 9 Champions] VGC 2026 Reg M-B (Bo3)
|rule|Species Clause: Limit one of each Pokémon
|rule|Item Clause: Limit 1 of each item
|clearpoke
|poke|p1|Gardevoir, L50, F|
|poke|p1|Whimsicott, L50, F|
|poke|p1|Arcanine, L50, M|
|poke|p1|Metagross, L50|
|poke|p1|Azumarill, L50, F|
|poke|p1|Golurk, L50|
|poke|p2|Dragapult, L50, F, shiny|
|poke|p2|Sylveon, L50, F|
|poke|p2|Aggron, L50, F|
|poke|p2|Slowking-Galar, L50, M|
|poke|p2|Grimmsnarl, L50, M, shiny|
|poke|p2|Lopunny, L50, F, shiny|
|teampreview|4
|showteam|p1|Gardevoir||Gardevoirite|Telepathy|MistyExplosion,HyperVoice,Psyshock,FocusBlast|Hasty||F|||50|]Whimsicott||FocusSash|Prankster|Switcheroo,BeatUp,Tailwind,MistyTerrain|Jolly||F|||50|]Arcanine||LifeOrb|Justified|ExtremeSpeed,FlareBlitz,WildCharge,Overheat|Hasty||M|||50|]Metagross||Leftovers|ClearBody|Explosion,CosmicPower,BodyPress,MeteorMash|Serious|||||50|]Azumarill||SitrusBerry|HugePower|BellyDrum,AquaJet,MistyExplosion,Protect|Adamant||F|||50|]Golurk||ColburBerry|Klutz|StealthRock,Earthquake,ShadowPunch,IcePunch|Adamant|||||50|
|showteam|p2|Dragapult||SilkScarf|ClearBody|DragonDarts,Reflect,Round,Protect|Adamant||F|||50|]Sylveon||FairyFeather|Pixilate|HyperVoice,QuickAttack,Round,Detect|Modest||F|||50|]Aggron||Aggronite|Sturdy|HeavySlam,BodyPress,RockSlide,Protect|Brave||F|||50|]Slowking-Galar|||Regenerator|TrickRoom,Flamethrower,Psychic,ChillyReception|Quiet||M|||50|]Grimmsnarl||FocusSash|Prankster|FakeOut,PartingShot,SpiritBreak,SuckerPunch|Adamant||M|||50|]Lopunny||ChoiceScarf|Limber|FakeOut,AfterYou,CloseCombat,Switcheroo|Jolly||F|||50|
|
|t:|1784306808
|teamsize|p1|4
|teamsize|p2|4
|start
|switch|p1a: Whimsicott|Whimsicott, L50, F|100/100
|switch|p1b: Arcanine|Arcanine, L50, M|100/100
|switch|p2a: Dragapult|Dragapult, L50, F, shiny|100/100
|switch|p2b: Sylveon|Sylveon, L50, F|100/100
|turn|1
|c|☆cheesebiscuit12|I GOT FOCUS SASH NO WONDER
|
|t:|1784306857
|switch|p2a: Aggron|Aggron, L50, F|100/100
|move|p1a: Whimsicott|Beat Up|p1b: Arcanine
|-damage|p1b: Arcanine|97/100
|-ability|p1b: Arcanine|Justified|boost
|-boost|p1b: Arcanine|atk|1
|-damage|p1b: Arcanine|93/100
|-ability|p1b: Arcanine|Justified|boost
|-boost|p1b: Arcanine|atk|1
|-damage|p1b: Arcanine|90/100
|-ability|p1b: Arcanine|Justified|boost
|-boost|p1b: Arcanine|atk|1
|-damage|p1b: Arcanine|86/100
|-ability|p1b: Arcanine|Justified|boost
|-boost|p1b: Arcanine|atk|1
|-hitcount|p1b: Arcanine|4
|move|p1b: Arcanine|Wild Charge|p2b: Sylveon
|-damage|p2b: Sylveon|0 fnt
|faint|p2b: Sylveon
|-damage|p1b: Arcanine|62/100|[from] Recoil
|-damage|p1b: Arcanine|52/100|[from] item: Life Orb
|
|upkeep
|
|t:|1784306877
|switch|p2b: Lopunny|Lopunny, L50, F, shiny|100/100
|turn|2
|
|t:|1784306901
|detailschange|p2a: Aggron|Aggron-Mega, L50, F
|-mega|p2a: Aggron|Aggron|Aggronite
|move|p1a: Whimsicott|Tailwind|p1a: Whimsicott
|-sidestart|p1: cheesebiscuit12|move: Tailwind
|move|p1b: Arcanine|Flare Blitz|p2a: Aggron
|-supereffective|p2a: Aggron|1
|-damage|p2a: Aggron|0 fnt
|faint|p2a: Aggron
|-damage|p1b: Arcanine|20/100y|[from] Recoil
|-damage|p1b: Arcanine|10/100|[from] item: Life Orb
|move|p2b: Lopunny|After You|p2: Aggron|[notarget]
|-fail|p2b: Lopunny
|
|upkeep
|
|t:|1784306911
|switch|p2a: Dragapult|Dragapult, L50, F, shiny|100/100
|turn|3
|
|t:|1784306930
|move|p1a: Whimsicott|Beat Up|p2a: Dragapult
|-supereffective|p2a: Dragapult|1
|-damage|p2a: Dragapult|94/100
|-supereffective|p2a: Dragapult|1
|-damage|p2a: Dragapult|87/100
|-supereffective|p2a: Dragapult|1
|-damage|p2a: Dragapult|83/100
|-supereffective|p2a: Dragapult|1
|-crit|p2a: Dragapult
|-damage|p2a: Dragapult|72/100
|-hitcount|p2a: Dragapult|4
|move|p1b: Arcanine|Flare Blitz|p2a: Dragapult
|-resisted|p2a: Dragapult|1
|-damage|p2a: Dragapult|0 fnt
|faint|p2a: Dragapult
|-damage|p1b: Arcanine|0 fnt|[from] Recoil
|faint|p1b: Arcanine
|move|p2b: Lopunny|After You|p2: Dragapult|[notarget]
|-fail|p2b: Lopunny
|
|upkeep
|
|t:|1784306946
|switch|p1b: Azumarill|Azumarill, L50, F|100/100
|turn|4
|
|t:|1784306963
|move|p1a: Whimsicott|Misty Terrain|p1a: Whimsicott
|-fieldstart|move: Misty Terrain
|move|p2b: Lopunny|After You|p1b: Azumarill
|-activate|p1b: Azumarill|move: After You
|move|p1b: Azumarill|Belly Drum|p1b: Azumarill
|-damage|p1b: Azumarill|50/100g
|-setboost|p1b: Azumarill|atk|6|[from] move: Belly Drum
|
|upkeep
|turn|5
|
|t:|1784306988
|move|p1b: Azumarill|Aqua Jet|p2b: Lopunny
|-damage|p2b: Lopunny|0 fnt
|faint|p2b: Lopunny
|
|win|cheesebiscuit12
||jiggyjagga is ready for game 3.
||cheesebiscuit12 is ready for game 3.
|uhtml|next|Next: Game 3 of 3
|l|☆jiggyjagga
|player|p2|
|l|☆cheesebiscuit12
|player|p1|
|j|☆jiggyjagga
|player|p2|jiggyjagga|1|
